{
  "id": "gen9championsvgc2026regma-2580647726",
  "format": "[Gen 9 Champions] VGC 2026 Reg M-A",
  "players": [
    "GHIGOeater",
    "p1p1p1p1p1"
  ],
  "log": "|j|\u2606GHIGOeater\n|j|\u203dp1p1p1p1p1\n|t:|1775921109\n|gametype|doubles\n|player|p1|GHIGOeater|101|1000\n|player|p2|p1p1p1p1p1|flannery|1045\n|gen|9\n|tier|[Gen 9 Champions] VGC 2026 Reg M-A\n|rated|\n|rule|Species Clause: Limit one of each Pok\u00e9mon\n|rule|Item Clause: Limit 1 of each item\n|clearpoke\n|poke|p1|Starmie, L50|\n|poke|p1|Politoed, L50, M|\n|poke|p1|Orthworm, L50, M|\n|poke|p1|Garchomp, L50, F|\n|poke|p1|Incineroar, L50, F|\n|poke|p1|Basculegion, L50, M|\n|poke|p2|Garchomp, L50, M|\n|poke|p2|Incineroar, L50, M|\n|poke|p2|Aerodactyl, L50, M|\n|poke|p2|Delphox, L50, M|\n|poke|p2|Sinistcha, L50|\n|poke|p2|Basculegion, L50, M|\n|teampreview|4\n|\n|t:|1775921132\n|teamsize|p1|4\n|teamsize|p2|4\n|start\n|switch|p1a: Orthworm|Orthworm, L50, M|100/100\n|switch|p1b: Garchomp|Garchomp, L50, F|100/100\n|switch|p2a: Basculegion|Basculegion, L50, M|100/100\n|switch|p2b: Incineroar|Incineroar, L50, M|100/100\n|-ability|p2b: Incineroar|Intimidate|boost\n|-unboost|p1a: Orthworm|atk|1\n|-unboost|p1b: Garchomp|atk|1\n|turn|1\n|\n|t:|1775921168\n|move|p2b: Incineroar|Fake Out|p1b: Garchomp\n|-damage|p1b: Garchomp|90/100\n|-damage|p2b: Incineroar|88/100|[from] ability: Rough Skin|[of] p1b: Garchomp\n|move|p2a: Basculegion|Flip Turn|p1a: Orthworm\n|-damage|p1a: Orthworm|77/100\n|\n|t:|1775921177\n|switch|p2a: Garchomp|Garchomp, L50, M|100/100|[from] Flip Turn\n|cant|p1b: Garchomp|flinch\n|move|p1a: Orthworm|Iron Defense|p1a: Orthworm\n|-boost|p1a: Orthworm|def|2\n|\n|upkeep\n|turn|2\n|\n|t:|1775921190\n|move|p1b: Garchomp|Dragon Claw|p2a: Garchomp\n|-supereffective|p2a: Garchomp|1\n|-enditem|p2a: Garchomp|Haban Berry|[eat]\n|-enditem|p2a: Garchomp|Haban Berry|[weaken]\n|-damage|p2a: Garchomp|69/100\n|-damage|p1b: Garchomp|78/100|[from] ability: Rough Skin|[of] p2a: Garchomp\n|move|p2a: Garchomp|Dragon Claw|p1b: Garchomp\n|-supereffective|p1b: Garchomp|1\n|-damage|p1b: Garchomp|0 fnt\n|-damage|p2a: Garchomp|57/100|[from] ability: Rough Skin|[of] p1b: Garchomp\n|faint|p1b: Garchomp\n|move|p1a: Orthworm|Iron Defense|p1a: Orthworm\n|-boost|p1a: Orthworm|def|2\n|move|p2b: Incineroar|Flare Blitz|p1a: Orthworm\n|-supereffective|p1a: Orthworm|1\n|-damage|p1a: Orthworm|59/100\n|-status|p1a: Orthworm|brn\n|-damage|p2b: Incineroar|83/100|[from] Recoil\n|\n|-damage|p1a: Orthworm|52/100 brn|[from] brn\n|upkeep\n|\n|t:|1775921209\n|switch|p1b: Politoed|Politoed, L50, M|100/100\n|-weather|RainDance|[from] ability: Drizzle|[of] p1b: Politoed\n|turn|3\n|\n|t:|1775921229\n|switch|p2a: Sinistcha|Sinistcha, L50|100/100\n|-heal|p2b: Incineroar|100/100|[from] ability: Hospitality|[of] p2a: Sinistcha\n|move|p1b: Politoed|Protect|p1b: Politoed\n|-singleturn|p1b: Politoed|Protect\n|move|p1a: Orthworm|Shed Tail|p1a: Orthworm\n|-start|p1a: Orthworm|Substitute|[from] move: Shed Tail\n|-damage|p1a: Orthworm|2/100 brn\n|-enditem|p1a: Orthworm|Sitrus Berry|[eat]\n|-heal|p1a: Orthworm|27/100 brn|[from] item: Sitrus Berry\n|\n|t:|1775921239\n|switch|p1a: Starmie|Starmie, L50|100/100|[from] Shed Tail\n|move|p2b: Incineroar|Parting Shot|p1a: Starmie\n|-unboost|p1a: Starmie|atk|1\n|-unboost|p1a: Starmie|spa|1\n|\n|t:|1775921253\n|switch|p2b: Basculegion|Basculegion, L50, M|100/100|[from] Parting Shot\n|\n|-weather|RainDance|[upkeep]\n|upkeep\n|turn|4\n|\n|t:|1775921260\n|move|p2b: Basculegion|Flip Turn|p1a: Starmie\n|-resisted|p1a: Starmie|1\n|-end|p1a: Starmie|Substitute\n|\n|t:|1775921264\n|switch|p2b: Incineroar|Incineroar, L50, M|100/100|[from] Flip Turn\n|-ability|p2b: Incineroar|Intimidate|boost\n|-unboost|p1a: Starmie|atk|1\n|-unboost|p1b: Politoed|atk|1\n|move|p1a: Starmie|Bulk Up|p1a: Starmie\n|-boost|p1a: Starmie|atk|1\n|-boost|p1a: Starmie|def|1\n|move|p1b: Politoed|Icy Wind|p2a: Sinistcha|[spread] p2a,p2b\n|-supereffective|p2a: Sinistcha|1\n|-resisted|p2b: Incineroar|1\n|-damage|p2a: Sinistcha|86/100\n|-damage|p2b: Incineroar|97/100\n|-unboost|p2a: Sinistcha|spe|1\n|-unboost|p2b: Incineroar|spe|1\n|move|p2a: Sinistcha|Trick Room|p2a: Sinistcha\n|-fieldstart|move: Trick Room|[of] p2a: Sinistcha\n|\n|-weather|RainDance|[upkeep]\n|-heal|p2a: Sinistcha|92/100|[from] item: Leftovers\n|upkeep\n|turn|5\n|\n|t:|1775921288\n|detailschange|p1a: Starmie|Starmie-Mega, L50\n|-mega|p1a: Starmie|Starmie|Starminite\n|move|p1b: Politoed|Protect|p1b: Politoed\n|-singleturn|p1b: Politoed|Protect\n|move|p2b: Incineroar|Fake Out|p1a: Starmie\n|-damage|p1a: Starmie|92/100\n|move|p2a: Sinistcha|Matcha Gotcha|p1b: Politoed|[spread] \n|-activate|p1b: Politoed|move: Protect\n|-miss|p2a: Sinistcha|p1a: Starmie\n|cant|p1a: Starmie|flinch\n|\n|-weather|RainDance|[upkeep]\n|-heal|p2a: Sinistcha|98/100|[from] item: Leftovers\n|upkeep\n|turn|6\n|\n|t:|1775921332\n|move|p2b: Incineroar|Darkest Lariat|p1a: Starmie\n|-supereffective|p1a: Starmie|1\n|-damage|p1a: Starmie|4/100\n|move|p2a: Sinistcha|Matcha Gotcha|p1a: Starmie|[spread] p1a,p1b\n|-supereffective|p1a: Starmie|1\n|-supereffective|p1b: Politoed|1\n|-damage|p1a: Starmie|0 fnt\n|-heal|p2a: Sinistcha|99/100|[from] drain|[of] p1a: Starmie\n|-damage|p1b: Politoed|67/100\n|-heal|p2a: Sinistcha|100/100|[from] drain|[of] p1b: Politoed\n|-status|p1b: Politoed|brn\n|faint|p1a: Starmie\n|move|p1b: Politoed|Icy Wind|p2a: Sinistcha|[spread] p2a\n|-miss|p1b: Politoed|p2b: Incineroar\n|-supereffective|p2a: Sinistcha|1\n|-damage|p2a: Sinistcha|84/100\n|-unboost|p2a: Sinistcha|spe|1\n|\n|-weather|RainDance|[upkeep]\n|-heal|p2a: Sinistcha|90/100|[from] item: Leftovers\n|-heal|p1b: Politoed|73/100 brn|[from] item: Leftovers\n|-damage|p1b: Politoed|67/100 brn|[from] brn\n|upkeep\n|-message|GHIGOeater forfeited.\n|\n|win|p1p1p1p1p1\n|raw|GHIGOeater's rating: 1000 &rarr; <strong>1000</strong><br />(+0 for losing)\n|raw|p1p1p1p1p1's rating: 1045 &rarr; <strong>1074</strong><br />(+29 for winning)\n|l|\u2606GHIGOeater\n|player|p1|\n",
  "uploadtime": 1775921364,
  "views": 11,
  "formatid": "gen9championsvgc2026regma",
  "rating": 1000,
  "private": 0,
  "password": null
}