{
  "id": "gen9championsvgc2026regma-2580506645",
  "format": "[Gen 9 Champions] VGC 2026 Reg M-A",
  "players": [
    "joyenfeu",
    "senzumi_here"
  ],
  "log": "|j|\u2606joyenfeu\n|j|\u2606senzumi_here\n|t:|1775906338\n|gametype|doubles\n|player|p1|joyenfeu|policeman|1062\n|player|p2|senzumi_here|psychicf-gen4|1054\n|gen|9\n|tier|[Gen 9 Champions] VGC 2026 Reg M-A\n|rated|\n|rule|Species Clause: Limit one of each Pok\u00e9mon\n|rule|Item Clause: Limit 1 of each item\n|clearpoke\n|poke|p1|Floette-Eternal, L50, F|\n|poke|p1|Garchomp, L50, F|\n|poke|p1|Incineroar, L50, F|\n|poke|p1|Sylveon, L50, F|\n|poke|p1|Talonflame, L50, F|\n|poke|p1|Basculegion, L50, M|\n|poke|p2|Floette-Eternal, L50, F|\n|poke|p2|Delphox, L50, F|\n|poke|p2|Aerodactyl, L50, M|\n|poke|p2|Maushold, L50|\n|poke|p2|Incineroar, L50, M|\n|poke|p2|Garchomp, L50, M|\n|teampreview|4\n|inactive|Battle timer is ON: inactive players will automatically lose when time's up. (requested by senzumi_here)\n|\n|t:|1775906357\n|teamsize|p1|4\n|teamsize|p2|4\n|start\n|switch|p1a: Talonflame|Talonflame, L50, F|100/100\n|switch|p1b: Incineroar|Incineroar, L50, F|100/100\n|switch|p2a: Aerodactyl|Aerodactyl, L50, M|100/100\n|switch|p2b: Garchomp|Garchomp, L50, M|100/100\n|-ability|p2a: Aerodactyl|Unnerve\n|-ability|p1b: Incineroar|Intimidate|boost\n|-unboost|p2a: Aerodactyl|atk|1\n|-unboost|p2b: Garchomp|atk|1\n|-enditem|p2b: Garchomp|White Herb\n|-clearnegativeboost|p2b: Garchomp|[silent]\n|turn|1\n|\n|t:|1775906369\n|move|p1a: Talonflame|Tailwind|p1a: Talonflame\n|-sidestart|p1: joyenfeu|move: Tailwind\n|move|p2a: Aerodactyl|Tailwind|p2a: Aerodactyl\n|-sidestart|p2: senzumi_here|move: Tailwind\n|move|p2b: Garchomp|Rock Slide|p1a: Talonflame|[spread] p1a,p1b\n|-supereffective|p1a: Talonflame|2\n|-supereffective|p1b: Incineroar|1\n|-damage|p1a: Talonflame|0 fnt\n|-damage|p1b: Incineroar|67/100\n|faint|p1a: Talonflame\n|move|p1b: Incineroar|Will-O-Wisp|p2b: Garchomp\n|-status|p2b: Garchomp|brn\n|\n|-damage|p2b: Garchomp|95/100 brn|[from] brn\n|upkeep\n|\n|t:|1775906382\n|switch|p1a: Floette|Floette-Eternal, L50, F|100/100\n|turn|2\n|\n|t:|1775906391\n|switch|p2b: Incineroar|Incineroar, L50, M|100/100\n|-ability|p2b: Incineroar|Intimidate|boost\n|-unboost|p1a: Floette|atk|1\n|-unboost|p1b: Incineroar|atk|1\n|move|p1a: Floette|Protect|p1a: Floette\n|-singleturn|p1a: Floette|Protect\n|move|p2a: Aerodactyl|Rock Slide|p1a: Floette|[spread] p1b\n|-activate|p1a: Floette|move: Protect\n|-supereffective|p1b: Incineroar|1\n|-damage|p1b: Incineroar|40/100\n|move|p1b: Incineroar|Will-O-Wisp|p2a: Aerodactyl|[miss]\n|-miss|p1b: Incineroar|p2a: Aerodactyl\n|\n|upkeep\n|turn|3\n|inactive|senzumi_here has 30 seconds left.\n|\n|t:|1775906426\n|switch|p2a: Floette|Floette-Eternal, L50, F|100/100\n|-enditem|p1b: Incineroar|Sitrus Berry|[eat]\n|-heal|p1b: Incineroar|65/100|[from] item: Sitrus Berry\n|switch|p1a: Sylveon|Sylveon, L50, F|100/100\n|move|p2b: Incineroar|Fake Out|p1a: Sylveon\n|-damage|p1a: Sylveon|86/100\n|move|p1b: Incineroar|Will-O-Wisp|p2a: Floette\n|-status|p2a: Floette|brn\n|\n|-damage|p2a: Floette|95/100 brn|[from] brn\n|upkeep\n|turn|4\n|\n|t:|1775906447\n|detailschange|p2a: Floette|Floette-Mega, L50, F\n|-mega|p2a: Floette|Floette|Floettite\n|-ability|p2a: Floette|Fairy Aura\n|move|p2a: Floette|Calm Mind|p2a: Floette\n|-boost|p2a: Floette|spa|1\n|-boost|p2a: Floette|spd|1\n|move|p1a: Sylveon|Hyper Voice|p2b: Incineroar|[spread] p2a,p2b\n|-damage|p2a: Floette|60/100 brn\n|-damage|p2b: Incineroar|49/100\n|-enditem|p2b: Incineroar|Sitrus Berry|[eat]\n|-heal|p2b: Incineroar|73/100|[from] item: Sitrus Berry\n|move|p1b: Incineroar|Parting Shot|p2a: Floette\n|-unboost|p2a: Floette|atk|1\n|-unboost|p2a: Floette|spa|1\n|\n|t:|1775906457\n|switch|p1b: Floette|Floette-Eternal, L50, F|100/100|[from] Parting Shot\n|move|p2b: Incineroar|Parting Shot|p1a: Sylveon\n|-unboost|p1a: Sylveon|atk|1\n|-unboost|p1a: Sylveon|spa|1\n|\n|t:|1775906461\n|switch|p2b: Aerodactyl|Aerodactyl, L50, M|100/100|[from] Parting Shot\n|-ability|p2b: Aerodactyl|Unnerve\n|\n|-damage|p2a: Floette|55/100 brn|[from] brn\n|-sideend|p1: joyenfeu|move: Tailwind\n|-sideend|p2: senzumi_here|move: Tailwind\n|upkeep\n|turn|5\n|\n|t:|1775906479\n|switch|p1a: Incineroar|Incineroar, L50, F|65/100\n|-ability|p1a: Incineroar|Intimidate|boost\n|-unboost|p2a: Floette|atk|1\n|-unboost|p2b: Aerodactyl|atk|1\n|detailschange|p1b: Floette|Floette-Mega, L50, F\n|-mega|p1b: Floette|Floette|Floettite\n|-ability|p1b: Floette|Fairy Aura\n|move|p2b: Aerodactyl|Rock Slide|p1b: Floette|[spread] p1a,p1b\n|-supereffective|p1a: Incineroar|1\n|-damage|p1a: Incineroar|41/100\n|-damage|p1b: Floette|80/100\n|move|p1b: Floette|Calm Mind|p1b: Floette\n|-boost|p1b: Floette|spa|1\n|-boost|p1b: Floette|spd|1\n|move|p2a: Floette|Moonblast|p1b: Floette\n|-damage|p1b: Floette|35/100\n|\n|-damage|p2a: Floette|49/100 brn|[from] brn\n|upkeep\n|turn|6\n|inactive|senzumi_here has 30 seconds left.\n|inactive|joyenfeu has 30 seconds left.\n|inactive|senzumi_here has 20 seconds left.\n|\n|t:|1775906515\n|move|p1a: Incineroar|Fake Out|p2b: Aerodactyl\n|-resisted|p2b: Aerodactyl|1\n|-damage|p2b: Aerodactyl|93/100\n|cant|p2b: Aerodactyl|flinch\n|move|p1b: Floette|Moonblast|p2a: Floette\n|-damage|p2a: Floette|0 fnt\n|faint|p2a: Floette\n|\n|upkeep\n|\n|t:|1775906535\n|switch|p2a: Incineroar|Incineroar, L50, M|73/100\n|-ability|p2a: Incineroar|Intimidate|boost\n|-unboost|p1a: Incineroar|atk|1\n|-unboost|p1b: Floette|atk|1\n|turn|7\n|\n|t:|1775906552\n|move|p1b: Floette|Protect|p1b: Floette\n|-singleturn|p1b: Floette|Protect\n|move|p2a: Incineroar|Fake Out|p1a: Incineroar\n|-damage|p1a: Incineroar|33/100\n|move|p2b: Aerodactyl|Tailwind|p2b: Aerodactyl\n|-sidestart|p2: senzumi_here|move: Tailwind\n|cant|p1a: Incineroar|flinch\n|\n|upkeep\n|turn|8\n|\n|t:|1775906567\n|move|p2b: Aerodactyl|Rock Slide|p1a: Incineroar|[spread] p1a,p1b\n|-supereffective|p1a: Incineroar|1\n|-damage|p1a: Incineroar|8/100\n|-damage|p1b: Floette|12/100\n|move|p1b: Floette|Moonblast|p2a: Incineroar\n|-damage|p2a: Incineroar|0 fnt\n|faint|p2a: Incineroar\n|move|p1a: Incineroar|Parting Shot|p2b: Aerodactyl\n|-unboost|p2b: Aerodactyl|atk|1\n|-unboost|p2b: Aerodactyl|spa|1\n|\n|t:|1775906574\n|switch|p1a: Sylveon|Sylveon, L50, F|86/100|[from] Parting Shot\n|\n|upkeep\n|\n|t:|1775906576\n|switch|p2a: Garchomp|Garchomp, L50, M|95/100 brn\n|turn|9\n|c|\u2606senzumi_here|timid max speed floette is crazy\n|\n|t:|1775906597\n|move|p1b: Floette|Protect|p1b: Floette\n|-singleturn|p1b: Floette|Protect\n|move|p2b: Aerodactyl|Rock Slide|p1b: Floette|[spread] p1a\n|-activate|p1b: Floette|move: Protect\n|-damage|p1a: Sylveon|69/100\n|move|p2a: Garchomp|Rock Slide|p1a: Sylveon|[spread] p1a\n|-activate|p1b: Floette|move: Protect\n|-damage|p1a: Sylveon|56/100\n|cant|p1a: Sylveon|flinch\n|\n|-damage|p2a: Garchomp|89/100 brn|[from] brn\n|upkeep\n|turn|10\n|\n|t:|1775906612\n|switch|p1b: Incineroar|Incineroar, L50, F|8/100\n|-ability|p1b: Incineroar|Intimidate|boost\n|-unboost|p2a: Garchomp|atk|1\n|-unboost|p2b: Aerodactyl|atk|1\n|move|p1a: Sylveon|Protect|p1a: Sylveon\n|-singleturn|p1a: Sylveon|Protect\n|move|p2b: Aerodactyl|Rock Slide|p1a: Sylveon|[spread] p1b\n|-activate|p1a: Sylveon|move: Protect\n|-supereffective|p1b: Incineroar|1\n|-damage|p1b: Incineroar|0 fnt\n|faint|p1b: Incineroar\n|move|p2a: Garchomp|Rock Slide|p1a: Sylveon\n|-activate|p1a: Sylveon|move: Protect\n|\n|-damage|p2a: Garchomp|83/100 brn|[from] brn\n|-sideend|p2: senzumi_here|move: Tailwind\n|upkeep\n|\n|t:|1775906621\n|switch|p1b: Floette|Floette-Mega, L50, F|12/100\n|-ability|p1b: Floette|Fairy Aura\n|turn|11\n|\n|t:|1775906628\n|move|p2b: Aerodactyl|Protect|p2b: Aerodactyl\n|-singleturn|p2b: Aerodactyl|Protect\n|move|p1b: Floette|Protect|p1b: Floette\n|-singleturn|p1b: Floette|Protect\n|move|p2a: Garchomp|Protect|p2a: Garchomp\n|-singleturn|p2a: Garchomp|Protect\n|move|p1a: Sylveon|Hyper Voice|p2a: Garchomp|[spread] \n|-activate|p2a: Garchomp|move: Protect\n|-activate|p2b: Aerodactyl|move: Protect\n|\n|-damage|p2a: Garchomp|77/100 brn|[from] brn\n|upkeep\n|turn|12\n|\n|t:|1775906637\n|move|p2b: Aerodactyl|Rock Slide|p1b: Floette|[spread] p1a,p1b\n|-damage|p1a: Sylveon|42/100\n|-damage|p1b: Floette|0 fnt\n|faint|p1b: Floette\n|move|p2a: Garchomp|Rock Slide|p1a: Sylveon\n|-damage|p1a: Sylveon|31/100\n|cant|p1a: Sylveon|flinch\n|\n|-damage|p2a: Garchomp|71/100 brn|[from] brn\n|upkeep\n|turn|13\n|\n|t:|1775906650\n|move|p2b: Aerodactyl|Dual Wingbeat|p1a: Sylveon\n|-damage|p1a: Sylveon|22/100\n|-damage|p1a: Sylveon|12/100\n|-hitcount|p1a: Sylveon|2\n|move|p2a: Garchomp|Earthquake|p1a: Sylveon|[spread] p1a\n|-immune|p2b: Aerodactyl\n|-damage|p1a: Sylveon|0 fnt\n|faint|p1a: Sylveon\n|\n|win|senzumi_here\n|raw|joyenfeu's rating: 1062 &rarr; <strong>1042</strong><br />(-20 for losing)\n|raw|senzumi_here's rating: 1054 &rarr; <strong>1087</strong><br />(+33 for winning)\n",
  "uploadtime": 1775906656,
  "views": 12,
  "formatid": "gen9championsvgc2026regma",
  "rating": 1042,
  "private": 0,
  "password": null
}