{
  "id": "gen9championsvgc2026regma-2581464996",
  "format": "[Gen 9 Champions] VGC 2026 Reg M-A",
  "players": [
    "deadly ninja bees",
    "AnthonyL"
  ],
  "log": "|j|\u2606deadly ninja bees\n|j|\u2606AnthonyL\n|t:|1776003005\n|gametype|doubles\n|player|p1|deadly ninja bees|janine-gen2|1024\n|player|p2|AnthonyL|101|1081\n|gen|9\n|tier|[Gen 9 Champions] VGC 2026 Reg M-A\n|rated|\n|rule|Species Clause: Limit one of each Pok\u00e9mon\n|rule|Item Clause: Limit 1 of each item\n|clearpoke\n|poke|p1|Aerodactyl, L50, F|\n|poke|p1|Incineroar, L50, M|\n|poke|p1|Floette-Eternal, L50, F|\n|poke|p1|Basculegion, L50, M|\n|poke|p1|Garchomp, L50, F|\n|poke|p1|Sneasler, L50, M|\n|poke|p2|Gengar, L50, M|\n|poke|p2|Incineroar, L50, M|\n|poke|p2|Palafin, L50, F|\n|poke|p2|Politoed, L50, F|\n|poke|p2|Garchomp, L50, M|\n|poke|p2|Talonflame, L50, M|\n|teampreview|4\n|inactive|Battle timer is ON: inactive players will automatically lose when time's up. (requested by deadly ninja bees)\ndeadly ninja bees has agreed to open team sheets.\n|inactive|deadly ninja bees has 60 seconds left.\n|\n|t:|1776003057\n|teamsize|p1|4\n|teamsize|p2|4\n|start\n|switch|p1a: Basculegion|Basculegion, L50, M|100/100\n|switch|p1b: Aerodactyl|Aerodactyl, L50, F|100/100\n|switch|p2a: Incineroar|Incineroar, L50, M|100/100\n|switch|p2b: Palafin|Palafin, L50, F|100/100\n|-ability|p1b: Aerodactyl|Unnerve\n|-ability|p2a: Incineroar|Intimidate|boost\n|-unboost|p1a: Basculegion|atk|1\n|-unboost|p1b: Aerodactyl|atk|1\n|turn|1\n|inactive|deadly ninja bees has 30 seconds left.\n|\n|t:|1776003086\n|move|p1b: Aerodactyl|Protect|p1b: Aerodactyl\n|-singleturn|p1b: Aerodactyl|Protect\n|move|p1a: Basculegion|Wave Crash|p2a: Incineroar\n|-supereffective|p2a: Incineroar|1\n|-damage|p2a: Incineroar|10/100\n|-damage|p1a: Basculegion|70/100|[from] Recoil\n|move|p2b: Palafin|Wave Crash|p1b: Aerodactyl\n|-activate|p1b: Aerodactyl|move: Protect\n|move|p2a: Incineroar|Throat Chop|p1a: Basculegion\n|-supereffective|p1a: Basculegion|1\n|-damage|p1a: Basculegion|0 fnt\n|faint|p1a: Basculegion\n|\n|upkeep\n|\n|t:|1776003101\n|switch|p1a: Floette|Floette-Eternal, L50, F|100/100\n|turn|2\n|\n|t:|1776003118\n|detailschange|p2b: Palafin|Palafin-Hero, L50, F\n|switch|p2b: Politoed|Politoed, L50, F|100/100\n|-weather|RainDance|[from] ability: Drizzle|[of] p2b: Politoed\n|detailschange|p1a: Floette|Floette-Mega, L50, F\n|-mega|p1a: Floette|Floette|Floettite\n|-ability|p1a: Floette|Fairy Aura\n|move|p1b: Aerodactyl|Tailwind|p1b: Aerodactyl\n|-sidestart|p1: deadly ninja bees|move: Tailwind\n|move|p1a: Floette|Dazzling Gleam|p2a: Incineroar|[spread] p2a,p2b\n|-damage|p2a: Incineroar|0 fnt\n|-damage|p2b: Politoed|56/100\n|faint|p2a: Incineroar\n|\n|-weather|RainDance|[upkeep]\n|upkeep\n|\n|t:|1776003132\n|switch|p2a: Gengar|Gengar, L50, M|100/100\n|turn|3\n|inactive|deadly ninja bees has 30 seconds left.\n|\n|t:|1776003164\n|switch|p1a: Sneasler|Sneasler, L50, M|100/100\n|detailschange|p2a: Gengar|Gengar-Mega, L50, M\n|-mega|p2a: Gengar|Gengar|Gengarite\n|move|p2b: Politoed|Helping Hand|p2a: Gengar\n|-singleturn|p2a: Gengar|Helping Hand|[of] p2b: Politoed\n|move|p1b: Aerodactyl|Dual Wingbeat|p2a: Gengar\n|-damage|p2a: Gengar|82/100\n|-damage|p2a: Gengar|62/100\n|-hitcount|p2a: Gengar|2\n|move|p2a: Gengar|Sludge Bomb|p1a: Sneasler\n|-resisted|p1a: Sneasler|1\n|-damage|p1a: Sneasler|40/100\n|\n|-weather|RainDance|[upkeep]\n|upkeep\n|turn|4\n|inactive|deadly ninja bees has 30 seconds left.\n|\n|t:|1776003195\n|move|p2a: Gengar|Protect|p2a: Gengar\n|-singleturn|p2a: Gengar|Protect\n|move|p1b: Aerodactyl|Rock Slide|p2b: Politoed|[spread] \n|-activate|p2a: Gengar|move: Protect\n|-miss|p1b: Aerodactyl|p2b: Politoed\n|move|p1a: Sneasler|Rock Tomb|p2a: Gengar\n|-activate|p2a: Gengar|move: Protect\n|move|p2b: Politoed|Perish Song|p2b: Politoed\n|-start|p1a: Sneasler|perish3|[silent]\n|-start|p1b: Aerodactyl|perish3|[silent]\n|-start|p2a: Gengar|perish3|[silent]\n|-start|p2b: Politoed|perish3|[silent]\n|-fieldactivate|move: Perish Song\n|\n|-weather|RainDance|[upkeep]\n|-start|p1b: Aerodactyl|perish3\n|-start|p1a: Sneasler|perish3\n|-start|p2a: Gengar|perish3\n|-start|p2b: Politoed|perish3\n|upkeep\n|turn|5\n|inactive|deadly ninja bees has 30 seconds left.\n|\n|t:|1776003224\n|switch|p2a: Palafin|Palafin-Hero, L50, F|100/100\n|-activate|p2a: Palafin|ability: Zero to Hero\n|move|p2b: Politoed|Protect|p2b: Politoed\n|-singleturn|p2b: Politoed|Protect\n|move|p1b: Aerodactyl|Dual Wingbeat|p2a: Palafin\n|-damage|p2a: Palafin|89/100\n|-damage|p2a: Palafin|78/100\n|-hitcount|p2a: Palafin|2\n|move|p1a: Sneasler|Rock Tomb|p2a: Palafin\n|-damage|p2a: Palafin|57/100\n|-unboost|p2a: Palafin|spe|1\n|\n|-weather|RainDance|[upkeep]\n|-start|p1b: Aerodactyl|perish2\n|-start|p1a: Sneasler|perish2\n|-start|p2b: Politoed|perish2\n|-sideend|p1: deadly ninja bees|move: Tailwind\n|upkeep\n|turn|6\n|inactive|deadly ninja bees has 30 seconds left.\n|\n|t:|1776003257\n|move|p1a: Sneasler|Protect|p1a: Sneasler\n|-singleturn|p1a: Sneasler|Protect\n|move|p2a: Palafin|Jet Punch|p1a: Sneasler\n|-activate|p1a: Sneasler|move: Protect\n|move|p1b: Aerodactyl|Tailwind|p1b: Aerodactyl\n|-sidestart|p1: deadly ninja bees|move: Tailwind\n|move|p2b: Politoed|Weather Ball|p1b: Aerodactyl\n|-supereffective|p1b: Aerodactyl|1\n|-enditem|p1b: Aerodactyl|Focus Sash\n|-damage|p1b: Aerodactyl|1/100\n|\n|-weather|none\n|-start|p1b: Aerodactyl|perish1\n|-start|p1a: Sneasler|perish1\n|-start|p2b: Politoed|perish1\n|upkeep\n|turn|7\n|inactive|deadly ninja bees has 30 seconds left.\n|\n|t:|1776003283\n|switch|p1a: Floette|Floette-Mega, L50, F|100/100\n|-ability|p1a: Floette|Fairy Aura\n|switch|p2b: Gengar|Gengar-Mega, L50, M|62/100\n|move|p2a: Palafin|Jet Punch|p1b: Aerodactyl\n|-supereffective|p1b: Aerodactyl|1\n|-damage|p1b: Aerodactyl|0 fnt\n|faint|p1b: Aerodactyl\n|\n|upkeep\n|\n|t:|1776003288\n|switch|p1b: Sneasler|Sneasler, L50, M|40/100\n|turn|8\n|inactive|deadly ninja bees has 30 seconds left.\n|\n|t:|1776003315\n|move|p2a: Palafin|Protect|p2a: Palafin\n|-singleturn|p2a: Palafin|Protect\n|move|p1b: Sneasler|Dire Claw|p2a: Palafin\n|-activate|p2a: Palafin|move: Protect\n|move|p1a: Floette|Light of Ruin|p2b: Gengar\n|-resisted|p2b: Gengar|1\n|-damage|p2b: Gengar|0 fnt\n|faint|p2b: Gengar\n|-damage|p1a: Floette|73/100|[from] Recoil\n|\n|upkeep\n|\n|t:|1776003327\n|switch|p2b: Politoed|Politoed, L50, F|56/100\n|-weather|RainDance|[from] ability: Drizzle|[of] p2b: Politoed\n|turn|9\n|\n|t:|1776003340\n|move|p2b: Politoed|Helping Hand|p2a: Palafin\n|-singleturn|p2a: Palafin|Helping Hand|[of] p2b: Politoed\n|move|p2a: Palafin|Jet Punch|p1a: Floette\n|-damage|p1a: Floette|0 fnt\n|faint|p1a: Floette\n|move|p1b: Sneasler|Dire Claw|p2a: Palafin\n|-damage|p2a: Palafin|21/100\n|\n|-weather|RainDance|[upkeep]\n|-sideend|p1: deadly ninja bees|move: Tailwind\n|upkeep\n|turn|10\n|\n|t:|1776003355\n|move|p2a: Palafin|Jet Punch|p1b: Sneasler\n|-damage|p1b: Sneasler|0 fnt\n|faint|p1b: Sneasler\n|\n|win|AnthonyL\n|raw|deadly ninja bees's rating: 1024 &rarr; <strong>1013</strong><br />(-11 for losing)\n|raw|AnthonyL's rating: 1081 &rarr; <strong>1104</strong><br />(+23 for winning)\n|l|\u2606deadly ninja bees\n|player|p1|\n",
  "uploadtime": 1776003362,
  "views": 25,
  "formatid": "gen9championsvgc2026regma",
  "rating": 1013,
  "private": 0,
  "password": null
}