{
  "id": "gen9championsvgc2026regma-2586466424",
  "format": "[Gen 9 Champions] VGC 2026 Reg M-A",
  "players": [
    "Jthepoke",
    "quagsire 057"
  ],
  "log": "|j|\u2606Jthepoke\n|j|\u2606quagsire 057\n|t:|1776436654\n|gametype|doubles\n|player|p1|Jthepoke|cyrus|\n|player|p2|quagsire 057|biker|\n|gen|9\n|tier|[Gen 9 Champions] VGC 2026 Reg M-A\n|rule|Species Clause: Limit one of each Pok\u00e9mon\n|rule|Item Clause: Limit 1 of each item\n|clearpoke\n|poke|p1|Floette-Eternal, L50, F|\n|poke|p1|Garchomp, L50, F|\n|poke|p1|Kingambit, L50, M|\n|poke|p1|Basculegion, L50, M|\n|poke|p1|Sneasler, L50, F|\n|poke|p1|Froslass, L50, F|\n|poke|p2|Crabominable, L50, M|\n|poke|p2|Farigiraf, L50, M|\n|poke|p2|Torkoal, L50, M|\n|poke|p2|Incineroar, L50, M|\n|poke|p2|Pelipper, L50, M|\n|poke|p2|Kingambit, L50, M|\n|teampreview|4\n|c|\u2606quagsire 057|\uc124\ub9c8 \ub610 \ud295\uae34\uac74 \uc544\ub2c8\uaca0\uc9c0\n|c|\u2606Jthepoke|\u3134\u3134\n|\n|t:|1776436812\n|teamsize|p1|4\n|teamsize|p2|4\n|start\n|switch|p1a: Basculegion|Basculegion, L50, M|100/100\n|switch|p1b: Sneasler|Sneasler, L50, F|100/100\n|switch|p2a: \u314b\u314b\ub9c1|Farigiraf, L50, M|100/100\n|switch|p2b: \uc778\uc2e0\ub9e4\ub9e4|Incineroar, L50, M|100/100\n|-ability|p2b: \uc778\uc2e0\ub9e4\ub9e4|Intimidate|boost\n|-unboost|p1a: Basculegion|atk|1\n|-unboost|p1b: Sneasler|atk|1\n|turn|1\n|\n|t:|1776436841\n|switch|p2b: \ud0b9\uc988\uac2c\ube57|Kingambit, L50, M|100/100\n|move|p1b: Sneasler|Close Combat|p2a: \u314b\u314b\ub9c1\n|-damage|p2a: \u314b\u314b\ub9c1|57/100\n|-unboost|p1b: Sneasler|def|1\n|-unboost|p1b: Sneasler|spd|1\n|move|p1a: Basculegion|Wave Crash|p2b: \ud0b9\uc988\uac2c\ube57\n|-damage|p2b: \ud0b9\uc988\uac2c\ube57|57/100\n|-damage|p1a: Basculegion|87/100|[from] Recoil\n|move|p2a: \u314b\u314b\ub9c1|Trick Room|p2a: \u314b\u314b\ub9c1\n|-fieldstart|move: Trick Room|[of] p2a: \u314b\u314b\ub9c1\n|\n|upkeep\n|turn|2\n|c|\u2606Jthepoke|\uc544 \uac1c\ub5a8\ub9b0\ub2e4\n|\n|t:|1776436928\n|switch|p2a: \uc778\uc2e0\ub9e4\ub9e4|Incineroar, L50, M|100/100\n|-ability|p2a: \uc778\uc2e0\ub9e4\ub9e4|Intimidate|boost\n|-unboost|p1a: Basculegion|atk|1\n|-unboost|p1b: Sneasler|atk|1\n|switch|p1a: Kingambit|Kingambit, L50, M|100/100\n|move|p2b: \ud0b9\uc988\uac2c\ube57|Low Kick|p1b: Sneasler\n|-resisted|p1b: Sneasler|1\n|-damage|p1b: Sneasler|68/100\n|move|p1b: Sneasler|Close Combat|p2b: \ud0b9\uc988\uac2c\ube57\n|-supereffective|p2b: \ud0b9\uc988\uac2c\ube57|2\n|-crit|p2b: \ud0b9\uc988\uac2c\ube57\n|-damage|p2b: \ud0b9\uc988\uac2c\ube57|0 fnt\n|-unboost|p1b: Sneasler|def|1\n|-unboost|p1b: Sneasler|spd|1\n|faint|p2b: \ud0b9\uc988\uac2c\ube57\n|\n|upkeep\n|c|\u2606quagsire 057|\uc544\n|c|\u2606quagsire 057|\uadf8\ucabd\uc774 \ub300\ub3c4\uac01\ucc38\uc774\uad6c\ub098\n|c|\u2606Jthepoke|\ud734\n|\n|t:|1776436948\n|switch|p2b: \ubaa8\ub2e8\ub2f9\uac8c|Crabominable, L50, M|100/100\n|turn|3\n|\n|t:|1776436981\n|detailschange|p2b: \ubaa8\ub2e8\ub2f9\uac8c|Crabominable-Mega, L50, M\n|-mega|p2b: \ubaa8\ub2e8\ub2f9\uac8c|Crabominable|Crabominite\n|move|p1a: Kingambit|Protect|p1a: Kingambit\n|-singleturn|p1a: Kingambit|Protect\n|move|p1b: Sneasler|Protect|p1b: Sneasler\n|-singleturn|p1b: Sneasler|Protect\n|move|p2b: \ubaa8\ub2e8\ub2f9\uac8c|Ice Hammer|p1b: Sneasler\n|-activate|p1b: Sneasler|move: Protect\n|move|p2a: \uc778\uc2e0\ub9e4\ub9e4|Flare Blitz|p1a: Kingambit\n|-activate|p1a: Kingambit|move: Protect\n|\n|upkeep\n|turn|4\n|c|\u2606quagsire 057|\uc0c1\ub2f9\ud788 \ub9c8\uc74c\uc5d0 \uc548 \ub4dc\ub294 \uc9d3\ub4e4\uc744 \ud558\uc2dc\ub294\uad70\n|\n|t:|1776437017\n|switch|p1b: Basculegion|Basculegion, L50, M|87/100\n|move|p2b: \ubaa8\ub2e8\ub2f9\uac8c|Ice Hammer|p1b: Basculegion\n|-resisted|p1b: Basculegion|1\n|-crit|p1b: Basculegion\n|-damage|p1b: Basculegion|21/100\n|-unboost|p2b: \ubaa8\ub2e8\ub2f9\uac8c|spe|1\n|-enditem|p1b: Basculegion|Sitrus Berry|[eat]\n|-heal|p1b: Basculegion|46/100|[from] item: Sitrus Berry\n|move|p1a: Kingambit|Low Kick|p2b: \ubaa8\ub2e8\ub2f9\uac8c\n|-supereffective|p2b: \ubaa8\ub2e8\ub2f9\uac8c|1\n|-damage|p2b: \ubaa8\ub2e8\ub2f9\uac8c|35/100\n|move|p2a: \uc778\uc2e0\ub9e4\ub9e4|Darkest Lariat|p1a: Kingambit\n|-resisted|p1a: Kingambit|1\n|-damage|p1a: Kingambit|82/100\n|\n|upkeep\n|turn|5\n|c|\u2606quagsire 057|\uc544\ub2c8 \uc800\ucabd\uc774\uc57c?\n|\n|t:|1776437050\n|switch|p2a: \u314b\u314b\ub9c1|Farigiraf, L50, M|57/100\n|move|p1a: Kingambit|Protect|p1a: Kingambit\n|-singleturn|p1a: Kingambit|Protect\n|move|p1b: Basculegion|Protect|p1b: Basculegion\n|-singleturn|p1b: Basculegion|Protect\n|move|p2b: \ubaa8\ub2e8\ub2f9\uac8c|Close Combat|p1a: Kingambit\n|-activate|p1a: Kingambit|move: Protect\n|\n|-fieldend|move: Trick Room\n|upkeep\n|turn|6\n|\n|t:|1776437069\n|move|p2b: \ubaa8\ub2e8\ub2f9\uac8c|Mach Punch|p1a: Kingambit\n|-supereffective|p1a: Kingambit|2\n|-enditem|p1a: Kingambit|Chople Berry|[eat]\n|-enditem|p1a: Kingambit|Chople Berry|[weaken]\n|-damage|p1a: Kingambit|32/100\n|move|p1b: Basculegion|Wave Crash|p2b: \ubaa8\ub2e8\ub2f9\uac8c\n|-damage|p2b: \ubaa8\ub2e8\ub2f9\uac8c|0 fnt\n|faint|p2b: \ubaa8\ub2e8\ub2f9\uac8c\n|-damage|p1b: Basculegion|35/100|[from] Recoil\n|move|p1a: Kingambit|Kowtow Cleave|p2a: \u314b\u314b\ub9c1\n|-supereffective|p2a: \u314b\u314b\ub9c1|1\n|-damage|p2a: \u314b\u314b\ub9c1|0 fnt\n|faint|p2a: \u314b\u314b\ub9c1\n|\n|upkeep\n|-message|quagsire 057 forfeited.\n|\n|win|Jthepoke\n|c|\u2606Jthepoke|\ub9c9\ud310 \uac00\uc2dc\ub098\uc694\n|c|\u2606quagsire 057|\uc0bc\uc138\ud310\uc774\ub77c\n|c|\u2606quagsire 057|\ub2d8\uc774 \uc774\uaca8\uc11c \uadf8\ub7f0\uac70\uc5c6\uc74c \uc218\uad6c\n",
  "uploadtime": 1776437119,
  "views": 27,
  "formatid": "gen9championsvgc2026regma",
  "rating": null,
  "private": 0,
  "password": null
}