{
  "id": "gen9championsvgc2026regma-2582557445",
  "format": "[Gen 9 Champions] VGC 2026 Reg M-A",
  "players": [
    "CallMeLexi",
    "HL SIGNAL"
  ],
  "log": "|j|\u2606CallMeLexi\n|j|\u2606HL SIGNAL\n|t:|1776099226\n|gametype|doubles\n|player|p1|CallMeLexi|rosa|1225\n|player|p2|HL SIGNAL|drayden|1279\n|gen|9\n|tier|[Gen 9 Champions] VGC 2026 Reg M-A\n|rated|\n|rule|Species Clause: Limit one of each Pok\u00e9mon\n|rule|Item Clause: Limit 1 of each item\n|clearpoke\n|poke|p1|Audino, L50, F|\n|poke|p1|Farigiraf, L50, F|\n|poke|p1|Incineroar, L50, F|\n|poke|p1|Crabominable, L50, M|\n|poke|p1|Torkoal, L50, F|\n|poke|p1|Sinistcha, L50|\n|poke|p2|Tyranitar, L50, F|\n|poke|p2|Whimsicott, L50, F|\n|poke|p2|Aegislash, L50, M|\n|poke|p2|Garchomp, L50, M|\n|poke|p2|Rotom-Wash, L50|\n|poke|p2|Incineroar, L50, F|\n|teampreview|4\n|inactive|Battle timer is ON: inactive players will automatically lose when time's up. (requested by CallMeLexi)\n|\n|t:|1776099254\n|teamsize|p1|4\n|teamsize|p2|4\n|start\n|switch|p1a: Incineroar|Incineroar, L50, F|100/100\n|switch|p1b: Audino|Audino, L50, F|100/100\n|switch|p2a: Tyranitar|Tyranitar, L50, F|100/100\n|switch|p2b: Incineroar|Incineroar, L50, F|100/100\n|-weather|Sandstorm|[from] ability: Sand Stream|[of] p2a: Tyranitar\n|-ability|p2b: Incineroar|Intimidate|boost\n|-unboost|p1a: Incineroar|atk|1\n|-unboost|p1b: Audino|atk|1\n|-ability|p1a: Incineroar|Intimidate|boost\n|-unboost|p2a: Tyranitar|atk|1\n|-unboost|p2b: Incineroar|atk|1\n|turn|1\n|\n|t:|1776099278\n|switch|p2a: Rotom|Rotom-Wash, L50|100/100\n|move|p2b: Incineroar|Fake Out|p1a: Incineroar\n|-damage|p1a: Incineroar|92/100\n|cant|p1a: Incineroar|flinch\n|move|p1b: Audino|Trick Room|p1b: Audino\n|-fieldstart|move: Trick Room|[of] p1b: Audino\n|\n|-weather|Sandstorm|[upkeep]\n|-damage|p1b: Audino|95/100|[from] Sandstorm\n|-damage|p1a: Incineroar|86/100|[from] Sandstorm\n|-damage|p2b: Incineroar|94/100|[from] Sandstorm\n|-damage|p2a: Rotom|94/100|[from] Sandstorm\n|-heal|p2a: Rotom|100/100|[from] item: Leftovers\n|upkeep\n|turn|2\n|inactive|CallMeLexi has 30 seconds left.\n|inactive|CallMeLexi has 20 seconds left.\n|inactive|CallMeLexi has 15 seconds left.\n|\n|t:|1776099322\n|move|p1b: Audino|Dazzling Gleam|p2a: Rotom|[spread] p2a,p2b\n|-damage|p2a: Rotom|90/100\n|-damage|p2b: Incineroar|86/100\n|move|p1a: Incineroar|Parting Shot|p2b: Incineroar\n|-unboost|p2b: Incineroar|atk|1\n|-unboost|p2b: Incineroar|spa|1\n|\n|t:|1776099327\n|switch|p1a: Crabominable|Crabominable, L50, M|100/100|[from] Parting Shot\n|move|p2b: Incineroar|Flare Blitz|p1a: Crabominable\n|-supereffective|p1a: Crabominable|1\n|-damage|p1a: Crabominable|29/100\n|-damage|p2b: Incineroar|62/100|[from] Recoil\n|move|p2a: Rotom|Hydro Pump|p1a: Crabominable\n|-damage|p1a: Crabominable|0 fnt\n|faint|p1a: Crabominable\n|\n|-weather|Sandstorm|[upkeep]\n|-damage|p1b: Audino|89/100|[from] Sandstorm\n|-damage|p2b: Incineroar|56/100|[from] Sandstorm\n|-damage|p2a: Rotom|84/100|[from] Sandstorm\n|-heal|p2a: Rotom|90/100|[from] item: Leftovers\n|upkeep\n|\n|t:|1776099333\n|switch|p1a: Sinistcha|Sinistcha, L50|100/100\n|-heal|p1b: Audino|100/100|[from] ability: Hospitality|[of] p1a: Sinistcha\n|turn|3\n|\n|t:|1776099350\n|detailschange|p1b: Audino|Audino-Mega, L50, F\n|-mega|p1b: Audino|Audino|Audinite\n|move|p2a: Rotom|Protect|p2a: Rotom\n|-singleturn|p2a: Rotom|Protect\n|move|p1b: Audino|Dazzling Gleam|p2a: Rotom|[spread] p2b\n|-activate|p2a: Rotom|move: Protect\n|-damage|p2b: Incineroar|38/100\n|-enditem|p2b: Incineroar|Sitrus Berry|[eat]\n|-heal|p2b: Incineroar|63/100|[from] item: Sitrus Berry\n|move|p1a: Sinistcha|Matcha Gotcha|p2a: Rotom|[spread] p2b\n|-activate|p2a: Rotom|move: Protect\n|-resisted|p2b: Incineroar|1\n|-damage|p2b: Incineroar|51/100\n|move|p2b: Incineroar|Parting Shot|p1a: Sinistcha\n|-unboost|p1a: Sinistcha|atk|1\n|-unboost|p1a: Sinistcha|spa|1\n|\n|t:|1776099371\n|switch|p2b: Tyranitar|Tyranitar, L50, F|100/100|[from] Parting Shot\n|\n|-weather|Sandstorm|[upkeep]\n|-damage|p1b: Audino|95/100|[from] Sandstorm\n|-damage|p1a: Sinistcha|95/100|[from] Sandstorm\n|-damage|p2a: Rotom|84/100|[from] Sandstorm\n|-heal|p2a: Rotom|90/100|[from] item: Leftovers\n|upkeep\n|turn|4\n|inactive|HL SIGNAL has 30 seconds left.\n|\n|t:|1776099398\n|detailschange|p2b: Tyranitar|Tyranitar-Mega, L50, F\n|-mega|p2b: Tyranitar|Tyranitar|Tyranitarite\n|move|p1b: Audino|Dazzling Gleam|p2a: Rotom|[spread] p2a,p2b\n|-supereffective|p2b: Tyranitar|1\n|-damage|p2a: Rotom|74/100\n|-damage|p2b: Tyranitar|82/100\n|move|p1a: Sinistcha|Matcha Gotcha|p2b: Tyranitar|[spread] p2a,p2b\n|-supereffective|p2a: Rotom|1\n|-supereffective|p2b: Tyranitar|1\n|-damage|p2a: Rotom|40/100\n|-heal|p1a: Sinistcha|100/100|[from] drain|[of] p2a: Rotom\n|-damage|p2b: Tyranitar|64/100\n|-status|p2a: Rotom|brn\n|move|p2b: Tyranitar|Rock Slide|p1a: Sinistcha|[spread] p1a,p1b\n|-crit|p1b: Audino\n|-damage|p1a: Sinistcha|66/100\n|-damage|p1b: Audino|61/100\n|move|p2a: Rotom|Thunderbolt|p1b: Audino\n|-damage|p1b: Audino|35/100\n|\n|-weather|Sandstorm|[upkeep]\n|-damage|p1b: Audino|29/100|[from] Sandstorm\n|-damage|p1a: Sinistcha|60/100|[from] Sandstorm\n|-damage|p2a: Rotom|34/100 brn|[from] Sandstorm\n|-heal|p2a: Rotom|40/100 brn|[from] item: Leftovers\n|-damage|p2a: Rotom|34/100 brn|[from] brn\n|upkeep\n|turn|5\n|inactive|CallMeLexi has 30 seconds left.\n|inactive|HL SIGNAL has 30 seconds left.\n|\n|t:|1776099426\n|move|p2b: Tyranitar|Protect|p2b: Tyranitar\n|-singleturn|p2b: Tyranitar|Protect\n|move|p2a: Rotom|Protect|p2a: Rotom\n|-singleturn|p2a: Rotom|Protect\n|move|p1b: Audino|Life Dew|p1b: Audino|[spread] p1a,p1b\n|-heal|p1a: Sinistcha|85/100\n|-heal|p1b: Audino|54/100\n|move|p1a: Sinistcha|Matcha Gotcha|p2b: Tyranitar|[spread] \n|-activate|p2a: Rotom|move: Protect\n|-activate|p2b: Tyranitar|move: Protect\n|\n|-weather|none\n|-heal|p2a: Rotom|40/100 brn|[from] item: Leftovers\n|-damage|p2a: Rotom|34/100 brn|[from] brn\n|-fieldend|move: Trick Room\n|upkeep\n|turn|6\n|\n|t:|1776099446\n|switch|p1a: Incineroar|Incineroar, L50, F|86/100\n|-ability|p1a: Incineroar|Intimidate|boost\n|-unboost|p2a: Rotom|atk|1\n|-unboost|p2b: Tyranitar|atk|1\n|move|p2a: Rotom|Hydro Pump|p1b: Audino\n|-damage|p1b: Audino|23/100\n|move|p2b: Tyranitar|Crunch|p1a: Incineroar\n|-resisted|p1a: Incineroar|1\n|-damage|p1a: Incineroar|67/100\n|move|p1b: Audino|Trick Room|p1b: Audino\n|-fieldstart|move: Trick Room|[of] p1b: Audino\n|\n|-heal|p2a: Rotom|40/100 brn|[from] item: Leftovers\n|-damage|p2a: Rotom|34/100 brn|[from] brn\n|upkeep\n|turn|7\n|\n|t:|1776099464\n|switch|p1a: Sinistcha|Sinistcha, L50|85/100\n|-heal|p1b: Audino|48/100|[from] ability: Hospitality|[of] p1a: Sinistcha\n|switch|p2b: Incineroar|Incineroar, L50, F|51/100\n|-ability|p2b: Incineroar|Intimidate|boost\n|-unboost|p1a: Sinistcha|atk|1\n|-unboost|p1b: Audino|atk|1\n|move|p1b: Audino|Life Dew|p1b: Audino|[spread] p1a,p1b\n|-heal|p1a: Sinistcha|100/100\n|-heal|p1b: Audino|73/100\n|move|p2a: Rotom|Hydro Pump|p1a: Sinistcha\n|-resisted|p1a: Sinistcha|1\n|-damage|p1a: Sinistcha|77/100\n|\n|-heal|p2a: Rotom|40/100 brn|[from] item: Leftovers\n|-damage|p2a: Rotom|34/100 brn|[from] brn\n|upkeep\n|turn|8\n|inactive|CallMeLexi has 30 seconds left.\n|\n|t:|1776099490\n|switch|p1a: Incineroar|Incineroar, L50, F|67/100\n|-ability|p1a: Incineroar|Intimidate|boost\n|-unboost|p2a: Rotom|atk|1\n|-unboost|p2b: Incineroar|atk|1\n|switch|p2a: Tyranitar|Tyranitar-Mega, L50, F|64/100\n|-weather|Sandstorm|[from] ability: Sand Stream|[of] p2a: Tyranitar\n|move|p2b: Incineroar|Fake Out|p1b: Audino\n|-damage|p1b: Audino|68/100\n|cant|p1b: Audino|flinch\n|\n|-weather|Sandstorm|[upkeep]\n|-damage|p1b: Audino|62/100|[from] Sandstorm\n|-damage|p1a: Incineroar|61/100|[from] Sandstorm\n|-damage|p2b: Incineroar|45/100|[from] Sandstorm\n|upkeep\n|turn|9\n|\n|t:|1776099513\n|move|p1b: Audino|Dazzling Gleam|p2b: Incineroar|[spread] p2a,p2b\n|-supereffective|p2a: Tyranitar|1\n|-damage|p2a: Tyranitar|46/100\n|-damage|p2b: Incineroar|27/100\n|move|p1a: Incineroar|Flare Blitz|p2b: Incineroar\n|-resisted|p2b: Incineroar|1\n|-crit|p2b: Incineroar\n|-damage|p2b: Incineroar|0 fnt\n|faint|p2b: Incineroar\n|-damage|p1a: Incineroar|53/100|[from] Recoil\n|move|p2a: Tyranitar|Rock Slide|p1a: Incineroar|[spread] p1a,p1b\n|-supereffective|p1a: Incineroar|1\n|-damage|p1a: Incineroar|0 fnt\n|-damage|p1b: Audino|40/100\n|faint|p1a: Incineroar\n|\n|-weather|Sandstorm|[upkeep]\n|-damage|p1b: Audino|34/100|[from] Sandstorm\n|upkeep\n|\n|t:|1776099530\n|switch|p1a: Sinistcha|Sinistcha, L50|77/100\n|switch|p2b: Garchomp|Garchomp, L50, M|100/100\n|-heal|p1b: Audino|58/100|[from] ability: Hospitality|[of] p1a: Sinistcha\n|turn|10\n|\n|t:|1776099552\n|move|p2a: Tyranitar|Protect|p2a: Tyranitar\n|-singleturn|p2a: Tyranitar|Protect\n|move|p2b: Garchomp|Protect|p2b: Garchomp\n|-singleturn|p2b: Garchomp|Protect\n|move|p1b: Audino|Life Dew|p1b: Audino|[spread] p1a,p1b\n|-heal|p1a: Sinistcha|100/100\n|-heal|p1b: Audino|84/100\n|move|p1a: Sinistcha|Matcha Gotcha|p2a: Tyranitar|[spread] \n|-activate|p2a: Tyranitar|move: Protect\n|-activate|p2b: Garchomp|move: Protect\n|\n|-weather|Sandstorm|[upkeep]\n|-damage|p1b: Audino|78/100|[from] Sandstorm\n|-damage|p1a: Sinistcha|95/100|[from] Sandstorm\n|-fieldend|move: Trick Room\n|upkeep\n|turn|11\n|\n|t:|1776099571\n|switch|p2b: Rotom|Rotom-Wash, L50|34/100 brn\n|move|p1a: Sinistcha|Protect|p1a: Sinistcha\n|-singleturn|p1a: Sinistcha|Protect\n|move|p2a: Tyranitar|Crunch|p1a: Sinistcha\n|-activate|p1a: Sinistcha|move: Protect\n|move|p1b: Audino|Trick Room|p1b: Audino\n|-fieldstart|move: Trick Room|[of] p1b: Audino\n|\n|-weather|Sandstorm|[upkeep]\n|-damage|p1b: Audino|72/100|[from] Sandstorm\n|-damage|p1a: Sinistcha|89/100|[from] Sandstorm\n|-damage|p2b: Rotom|28/100 brn|[from] Sandstorm\n|-heal|p2b: Rotom|34/100 brn|[from] item: Leftovers\n|-damage|p2b: Rotom|28/100 brn|[from] brn\n|upkeep\n|turn|12\n|\n|t:|1776099587\n|move|p1b: Audino|Dazzling Gleam|p2a: Tyranitar|[spread] p2a,p2b\n|-supereffective|p2a: Tyranitar|1\n|-damage|p2a: Tyranitar|29/100\n|-damage|p2b: Rotom|12/100 brn\n|move|p1a: Sinistcha|Matcha Gotcha|p2a: Tyranitar|[spread] p2a,p2b\n|-supereffective|p2a: Tyranitar|1\n|-crit|p2a: Tyranitar\n|-supereffective|p2b: Rotom|1\n|-damage|p2a: Tyranitar|0 fnt\n|-heal|p1a: Sinistcha|100/100|[from] drain|[of] p2a: Tyranitar\n|-damage|p2b: Rotom|0 fnt\n|faint|p2a: Tyranitar\n|faint|p2b: Rotom\n|\n|-weather|none\n|upkeep\n|\n|t:|1776099595\n|switch|p2b: Garchomp|Garchomp, L50, M|100/100\n|turn|13\n|\n|t:|1776099599\n|move|p1b: Audino|Dazzling Gleam|p2b: Garchomp\n|-supereffective|p2b: Garchomp|1\n|-damage|p2b: Garchomp|54/100\n|move|p1a: Sinistcha|Matcha Gotcha|p2b: Garchomp\n|-damage|p2b: Garchomp|16/100\n|move|p2b: Garchomp|Earthquake|p1a: Sinistcha|[spread] p1a,p1b\n|-resisted|p1a: Sinistcha|1\n|-damage|p1a: Sinistcha|84/100\n|-damage|p1b: Audino|48/100\n|\n|upkeep\n|turn|14\n|-message|HL SIGNAL forfeited.\n|\n|win|CallMeLexi\n|raw|CallMeLexi's rating: 1225 &rarr; <strong>1254</strong><br />(+29 for winning)\n|raw|HL SIGNAL's rating: 1279 &rarr; <strong>1250</strong><br />(-29 for losing)\n|l|\u2606HL SIGNAL\n|player|p2|\n",
  "uploadtime": 1776099620,
  "views": 45,
  "formatid": "gen9championsvgc2026regma",
  "rating": 1250,
  "private": 0,
  "password": null
}