{
  "id": "gen9championsvgc2026regma-2581158733",
  "format": "[Gen 9 Champions] VGC 2026 Reg M-A",
  "players": [
    "bleebobloop",
    "lilsxooby"
  ],
  "log": "|j|\u2606bleebobloop\n|j|\u2606lilsxooby\n|t:|1775965568\n|gametype|doubles\n|player|p1|bleebobloop|bruno|1090\n|player|p2|lilsxooby|benga|1009\n|gen|9\n|tier|[Gen 9 Champions] VGC 2026 Reg M-A\n|rated|\n|rule|Species Clause: Limit one of each Pok\u00e9mon\n|rule|Item Clause: Limit 1 of each item\n|clearpoke\n|poke|p1|Incineroar, L50, M|\n|poke|p1|Gengar, L50, F|\n|poke|p1|Tinkaton, L50, F|\n|poke|p1|Araquanid, L50, M|\n|poke|p1|Tyranitar, L50, M|\n|poke|p1|Sinistcha, L50|\n|poke|p2|Glimmora, L50, M|\n|poke|p2|Gardevoir, L50, F|\n|poke|p2|Delphox, L50, F|\n|poke|p2|Aerodactyl, L50, M|\n|poke|p2|Meowstic, L50, M|\n|poke|p2|Dragapult, L50, F|\n|teampreview|4\n|c|\u2606lilsxooby|glhf\n|c|\u2606bleebobloop|u 2\n|inactive|Battle timer is ON: inactive players will automatically lose when time's up. (requested by bleebobloop)\n|\n|t:|1775965675\n|teamsize|p1|4\n|teamsize|p2|4\n|start\n|switch|p1a: Incineroar|Incineroar, L50, M|100/100\n|switch|p1b: Gengar|Gengar, L50, F|100/100\n|switch|p2a: Dragapult|Dragapult, L50, F|100/100\n|switch|p2b: Kevin Hart|Meowstic, L50, M|100/100\n|-ability|p1a: Incineroar|Intimidate|boost\n|-fail|p2a: Dragapult|unboost|[from] ability: Clear Body|[of] p2a: Dragapult\n|-unboost|p2b: Kevin Hart|atk|1\n|turn|1\n|\n|t:|1775965700\n|detailschange|p1b: Gengar|Gengar-Mega, L50, F\n|-mega|p1b: Gengar|Gengar|Gengarite\n|move|p2b: Kevin Hart|Helping Hand|p2a: Dragapult\n|-singleturn|p2a: Dragapult|Helping Hand|[of] p2b: Kevin Hart\n|move|p1b: Gengar|Protect|p1b: Gengar\n|-singleturn|p1b: Gengar|Protect\n|move|p2a: Dragapult|Dragon Darts|p1a: Incineroar\n|-damage|p1a: Incineroar|66/100\n|-anim|p2a: Dragapult|Dragon Darts|p1a: Incineroar\n|-crit|p1a: Incineroar\n|-damage|p1a: Incineroar|13/100\n|-enditem|p1a: Incineroar|Sitrus Berry|[eat]\n|-heal|p1a: Incineroar|38/100|[from] item: Sitrus Berry\n|move|p1a: Incineroar|Will-O-Wisp|p2a: Dragapult\n|-status|p2a: Dragapult|brn\n|-enditem|p2a: Dragapult|Lum Berry|[eat]\n|-curestatus|p2a: Dragapult|brn|[msg]\n|\n|upkeep\n|turn|2\n|inactive|bleebobloop has 30 seconds left.\n|inactive|bleebobloop has 20 seconds left.\n|\n|t:|1775965737\n|switch|p1b: Sinistcha|Sinistcha, L50|100/100\n|-heal|p1a: Incineroar|63/100|[from] ability: Hospitality|[of] p1b: Sinistcha\n|move|p2b: Kevin Hart|Helping Hand|p2a: Dragapult\n|-singleturn|p2a: Dragapult|Helping Hand|[of] p2b: Kevin Hart\n|move|p2a: Dragapult|Dragon Darts|p1b: Sinistcha\n|-damage|p1b: Sinistcha|77/100\n|-anim|p2a: Dragapult|Dragon Darts|p1a: Incineroar\n|-damage|p1a: Incineroar|28/100\n|move|p1a: Incineroar|Will-O-Wisp|p2a: Dragapult\n|-status|p2a: Dragapult|brn\n|\n|-damage|p2a: Dragapult|94/100 brn|[from] brn\n|upkeep\n|turn|3\n|\n|t:|1775965757\n|switch|p1a: Araquanid|Araquanid, L50, M|100/100\n|move|p2a: Dragapult|Protect|p2a: Dragapult\n|-singleturn|p2a: Dragapult|Protect\n|move|p2b: Kevin Hart|Reflect|p2b: Kevin Hart\n|-sidestart|p2: lilsxooby|Reflect\n|move|p1b: Sinistcha|Shadow Ball|p2a: Dragapult\n|-activate|p2a: Dragapult|move: Protect\n|\n|-damage|p2a: Dragapult|88/100 brn|[from] brn\n|upkeep\n|turn|4\n|\n|t:|1775965778\n|move|p2b: Kevin Hart|Light Screen|p2b: Kevin Hart\n|-sidestart|p2: lilsxooby|move: Light Screen\n|move|p2a: Dragapult|Dragon Dance|p2a: Dragapult\n|-boost|p2a: Dragapult|atk|1\n|-boost|p2a: Dragapult|spe|1\n|move|p1b: Sinistcha|Shadow Ball|p2a: Dragapult\n|-supereffective|p2a: Dragapult|1\n|-damage|p2a: Dragapult|31/100 brn\n|move|p1a: Araquanid|Hydro Pump|p2b: Kevin Hart\n|-damage|p2b: Kevin Hart|65/100\n|\n|-damage|p2a: Dragapult|25/100 brn|[from] brn\n|upkeep\n|turn|5\n|\n|t:|1775965798\n|move|p2b: Kevin Hart|Helping Hand|p2a: Dragapult\n|-singleturn|p2a: Dragapult|Helping Hand|[of] p2b: Kevin Hart\n|move|p2a: Dragapult|Dragon Darts|p1a: Araquanid\n|-damage|p1a: Araquanid|67/100\n|-anim|p2a: Dragapult|Dragon Darts|p1b: Sinistcha\n|-damage|p1b: Sinistcha|58/100\n|move|p1b: Sinistcha|Shadow Ball|p2a: Dragapult\n|-supereffective|p2a: Dragapult|1\n|-damage|p2a: Dragapult|0 fnt\n|faint|p2a: Dragapult\n|move|p1a: Araquanid|Liquidation|p2b: Kevin Hart\n|-damage|p2b: Kevin Hart|0 fnt\n|faint|p2b: Kevin Hart\n|\n|upkeep\n|\n|t:|1775965808\n|switch|p2a: The Rock|Glimmora, L50, M, shiny|100/100\n|switch|p2b: Gardevoir|Gardevoir, L50, F|100/100\n|turn|6\n|\n|t:|1775965832\n|detailschange|p2a: The Rock|Glimmora-Mega, L50, M, shiny\n|-mega|p2a: The Rock|Glimmora|Glimmoranite\n|move|p1a: Araquanid|Wide Guard|p1a: Araquanid\n|-singleturn|p1a: Araquanid|Wide Guard\n|move|p2a: The Rock|Sludge Wave|p1b: Sinistcha|[spread] \n|-activate|p1a: Araquanid|move: Wide Guard\n|-activate|p1b: Sinistcha|move: Wide Guard\n|-activate|p2b: Gardevoir|ability: Telepathy\n|move|p2b: Gardevoir|Dazzling Gleam|p1a: Araquanid|[spread] \n|-activate|p1a: Araquanid|move: Wide Guard\n|-activate|p1b: Sinistcha|move: Wide Guard\n|move|p1b: Sinistcha|Life Dew|p1b: Sinistcha|[spread] p1a,p1b\n|-heal|p1a: Araquanid|92/100\n|-heal|p1b: Sinistcha|83/100\n|\n|upkeep\n|turn|7\n|\n|t:|1775965848\n|move|p1a: Araquanid|Wide Guard|p1a: Araquanid\n|-singleturn|p1a: Araquanid|Wide Guard\n|move|p2a: The Rock|Power Gem|p1a: Araquanid\n|-supereffective|p1a: Araquanid|1\n|-damage|p1a: Araquanid|0 fnt\n|faint|p1a: Araquanid\n|move|p2b: Gardevoir|Psychic Noise|p1b: Sinistcha\n|-damage|p1b: Sinistcha|48/100\n|-start|p1b: Sinistcha|move: Heal Block\n|move|p1b: Sinistcha|Shadow Ball|p2a: The Rock\n|-damage|p2a: The Rock|76/100\n|\n|-sideend|p2: lilsxooby|Reflect\n|upkeep\n|inactive|bleebobloop has 30 seconds left.\n|\n|t:|1775965874\n|switch|p1a: Gengar|Gengar-Mega, L50, F|100/100\n|turn|8\n|\n|t:|1775965888\n|move|p1a: Gengar|Protect|p1a: Gengar\n|-singleturn|p1a: Gengar|Protect\n|move|p2a: The Rock|Earth Power|p1a: Gengar\n|-activate|p1a: Gengar|move: Protect\n|move|p2b: Gardevoir|Psychic Noise|p1a: Gengar\n|-activate|p1a: Gengar|move: Protect\n|move|p1b: Sinistcha|Shadow Ball|p2b: Gardevoir\n|-supereffective|p2b: Gardevoir|1\n|-damage|p2b: Gardevoir|63/100\n|\n|-end|p1b: Sinistcha|move: Heal Block\n|-sideend|p2: lilsxooby|move: Light Screen\n|upkeep\n|turn|9\n|inactive|bleebobloop has 30 seconds left.\n|\n|t:|1775965914\n|switch|p1a: Incineroar|Incineroar, L50, M|28/100\n|-ability|p1a: Incineroar|Intimidate|boost\n|-unboost|p2a: The Rock|atk|1\n|-unboost|p2b: Gardevoir|atk|1\n|move|p2a: The Rock|Earth Power|p1a: Incineroar\n|-supereffective|p1a: Incineroar|1\n|-damage|p1a: Incineroar|0 fnt\n|faint|p1a: Incineroar\n|move|p2b: Gardevoir|Life Dew|p2b: Gardevoir|[spread] p2a,p2b\n|-heal|p2a: The Rock|100/100\n|-heal|p2b: Gardevoir|88/100\n|move|p1b: Sinistcha|Life Dew|p1b: Sinistcha\n|-heal|p1b: Sinistcha|73/100\n|\n|upkeep\n|\n|t:|1775965923\n|switch|p1a: Gengar|Gengar-Mega, L50, F|100/100\n|turn|10\n|\n|t:|1775965933\n|move|p1a: Gengar|Perish Song|p1a: Gengar\n|-start|p1a: Gengar|perish3|[silent]\n|-start|p1b: Sinistcha|perish3|[silent]\n|-start|p2a: The Rock|perish3|[silent]\n|-start|p2b: Gardevoir|perish3|[silent]\n|-fieldactivate|move: Perish Song\n|move|p2a: The Rock|Sludge Wave|p1b: Sinistcha|[spread] p1a,p1b\n|-activate|p2b: Gardevoir|ability: Telepathy\n|-resisted|p1a: Gengar|2\n|-damage|p1a: Gengar|80/100\n|-damage|p1b: Sinistcha|1/100\n|move|p2b: Gardevoir|Psychic Noise|p1b: Sinistcha\n|-damage|p1b: Sinistcha|0 fnt\n|faint|p1b: Sinistcha\n|\n|-start|p1a: Gengar|perish3\n|-start|p2a: The Rock|perish3\n|-start|p2b: Gardevoir|perish3\n|upkeep\n|turn|11\n|c|\u2606lilsxooby|uh oh\n|\n|t:|1775965947\n|move|p1a: Gengar|Protect|p1a: Gengar\n|-singleturn|p1a: Gengar|Protect\n|move|p2a: The Rock|Earth Power|p1a: Gengar\n|-activate|p1a: Gengar|move: Protect\n|move|p2b: Gardevoir|Psychic Noise|p1a: Gengar\n|-activate|p1a: Gengar|move: Protect\n|\n|-start|p1a: Gengar|perish2\n|-start|p2a: The Rock|perish2\n|-start|p2b: Gardevoir|perish2\n|upkeep\n|turn|12\n|c|\u2606lilsxooby|imagine you get the double\n|\n|t:|1775965956\n|move|p1a: Gengar|Substitute|p1a: Gengar\n|-start|p1a: Gengar|Substitute\n|-damage|p1a: Gengar|55/100\n|move|p2a: The Rock|Earth Power|p1a: Gengar\n|-supereffective|p1a: Gengar|1\n|-end|p1a: Gengar|Substitute\n|move|p2b: Gardevoir|Psychic Noise|p1a: Gengar\n|-supereffective|p1a: Gengar|1\n|-damage|p1a: Gengar|0 fnt\n|faint|p1a: Gengar\n|\n|win|lilsxooby\n|raw|bleebobloop's rating: 1090 &rarr; <strong>1061</strong><br />(-29 for losing)\n|raw|lilsxooby's rating: 1009 &rarr; <strong>1057</strong><br />(+48 for winning)\n|c|\u2606bleebobloop|gg\n|c|\u2606lilsxooby|gg\n|c|\u2606lilsxooby|wp\n|c|\u2606bleebobloop|it worked last round\n|l|\u2606bleebobloop\n|player|p1|\n|c|\u2606lilsxooby|nah that wouldve been fir\n",
  "uploadtime": 1775965977,
  "views": 20,
  "formatid": "gen9championsvgc2026regma",
  "rating": 1057,
  "private": 0,
  "password": null
}