{
  "id": "gen9championsvgc2026regma-2583077909",
  "format": "[Gen 9 Champions] VGC 2026 Reg M-A",
  "players": [
    "Jah_08",
    "Frightening Chair"
  ],
  "log": "|j|\u2606Jah_08\n|j|\u2606Frightening Chair\n|t:|1776139497\n|gametype|doubles\n|player|p1|Jah_08|alder|1320\n|player|p2|Frightening Chair|169|1227\n|gen|9\n|tier|[Gen 9 Champions] VGC 2026 Reg M-A\n|rated|\n|rule|Species Clause: Limit one of each Pok\u00e9mon\n|rule|Item Clause: Limit 1 of each item\n|clearpoke\n|poke|p1|Excadrill, L50, F|\n|poke|p1|Whimsicott, L50, F|\n|poke|p1|Chandelure, L50, M|\n|poke|p1|Zoroark-Hisui, L50, M|\n|poke|p1|Basculegion, L50, M|\n|poke|p1|Conkeldurr, L50, M|\n|poke|p2|Gardevoir, L50, M|\n|poke|p2|Sinistcha, L50|\n|poke|p2|Incineroar, L50, F|\n|poke|p2|Kommo-o, L50, M|\n|poke|p2|Kingambit, L50, M|\n|poke|p2|Volcarona, L50, M|\n|teampreview|4\n|inactive|Battle timer is ON: inactive players will automatically lose when time's up. (requested by Frightening Chair)\n|\n|t:|1776139546\n|teamsize|p1|4\n|teamsize|p2|4\n|start\n|switch|p1a: Basculegion|Basculegion, L50, M|100/100\n|switch|p1b: Conkeldurr|Conkeldurr, L50, M, shiny|100/100\n|switch|p2a: Gardevoir|Gardevoir, L50, M|100/100\n|switch|p2b: Incineroar|Incineroar, L50, F|100/100\n|-ability|p2a: Gardevoir|Adaptability|Trace|[from] ability: Trace|[of] p1a: Basculegion\n|-ability|p2b: Incineroar|Intimidate|boost\n|-unboost|p1a: Basculegion|atk|1\n|-unboost|p1b: Conkeldurr|atk|1\n|turn|1\n|\n|t:|1776139571\n|detailschange|p2a: Gardevoir|Gardevoir-Mega, L50, M\n|-mega|p2a: Gardevoir|Gardevoir|Gardevoirite\n|move|p1a: Basculegion|Wave Crash|p2b: Incineroar\n|-supereffective|p2b: Incineroar|1\n|-damage|p2b: Incineroar|3/100\n|-enditem|p2b: Incineroar|Sitrus Berry|[eat]\n|-heal|p2b: Incineroar|28/100|[from] item: Sitrus Berry\n|-damage|p1a: Basculegion|67/100|[from] Recoil\n|move|p1b: Conkeldurr|Shadow Ball|p2a: Gardevoir\n|-supereffective|p2a: Gardevoir|1\n|-damage|p2a: Gardevoir|35/100\n|move|p2a: Gardevoir|Calm Mind|p2a: Gardevoir\n|-boost|p2a: Gardevoir|spa|1\n|-boost|p2a: Gardevoir|spd|1\n|move|p2b: Incineroar|Parting Shot|p1a: Basculegion\n|-unboost|p1a: Basculegion|atk|1\n|-unboost|p1a: Basculegion|spa|1\n|\n|t:|1776139583\n|switch|p2b: Sinistcha|Sinistcha, L50|100/100|[from] Parting Shot\n|-heal|p2a: Gardevoir|60/100|[from] ability: Hospitality|[of] p2b: Sinistcha\n|\n|upkeep\n|turn|2\n|inactive|Jah_08 has 30 seconds left.\n|inactive|Jah_08 has 20 seconds left.\n|\n|t:|1776139620\n|move|p2b: Sinistcha|Rage Powder|p2b: Sinistcha\n|-singleturn|p2b: Sinistcha|move: Rage Powder\n|move|p1a: Basculegion|Wave Crash|p2b: Sinistcha\n|-resisted|p2b: Sinistcha|1\n|-damage|p2b: Sinistcha|86/100\n|-damage|p1a: Basculegion|63/100|[from] Recoil\n|move|p1b: Conkeldurr|Shadow Ball|p2b: Sinistcha\n|-supereffective|p2b: Sinistcha|1\n|-damage|p2b: Sinistcha|0 fnt\n|faint|p2b: Sinistcha\n|move|p2a: Gardevoir|Hyper Voice|p1a: Basculegion|[spread] p1a,p1b\n|-damage|p1a: Basculegion|0 fnt\n|-damage|p1b: Conkeldurr|0 fnt\n|replace|p1b: Zoroark|Zoroark-Hisui, L50, M\n|-end|p1b: Zoroark|Illusion\n|faint|p1a: Basculegion\n|faint|p1b: Zoroark\n|\n|upkeep\n|\n|t:|1776139638\n|switch|p1b: Conkeldurr|Conkeldurr, L50, M, shiny|100/100\n|switch|p1a: Excadrill|Excadrill, L50, F|100/100\n|switch|p2b: Incineroar|Incineroar, L50, F|28/100\n|-ability|p1a: Excadrill|Mold Breaker\n|-ability|p2b: Incineroar|Intimidate|boost\n|-unboost|p1a: Excadrill|atk|1\n|-unboost|p1b: Conkeldurr|atk|1\n|-enditem|p1b: Conkeldurr|White Herb\n|-clearnegativeboost|p1b: Conkeldurr|[silent]\n|turn|3\n|inactive|Jah_08 has 30 seconds left.\n|\n|t:|1776139670\n|move|p2b: Incineroar|Fake Out|p1a: Excadrill\n|-resisted|p1a: Excadrill|1\n|-damage|p1a: Excadrill|90/100\n|move|p1b: Conkeldurr|Wide Guard|p1b: Conkeldurr\n|-singleturn|p1b: Conkeldurr|Wide Guard\n|cant|p1a: Excadrill|flinch\n|move|p2a: Gardevoir|Hyper Voice|p1a: Excadrill|[spread] \n|-activate|p1a: Excadrill|move: Wide Guard\n|-activate|p1b: Conkeldurr|move: Wide Guard\n|\n|upkeep\n|turn|4\n|\n|t:|1776139691\n|move|p1b: Conkeldurr|Mach Punch|p2b: Incineroar\n|-supereffective|p2b: Incineroar|1\n|-damage|p2b: Incineroar|0 fnt\n|faint|p2b: Incineroar\n|move|p1a: Excadrill|Iron Head|p2a: Gardevoir\n|-supereffective|p2a: Gardevoir|1\n|-damage|p2a: Gardevoir|0 fnt\n|faint|p2a: Gardevoir\n|\n|upkeep\n|\n|t:|1776139699\n|switch|p2b: Kingambit|Kingambit, L50, M|100/100\n|turn|5\n|\n|t:|1776139707\n|move|p1a: Excadrill|High Horsepower|p2b: Kingambit|[miss]\n|-miss|p1a: Excadrill|p2b: Kingambit\n|move|p2b: Kingambit|Kowtow Cleave|p1b: Conkeldurr\n|-resisted|p1b: Conkeldurr|1\n|-damage|p1b: Conkeldurr|72/100\n|move|p1b: Conkeldurr|Drain Punch|p2b: Kingambit\n|-supereffective|p2b: Kingambit|2\n|-damage|p2b: Kingambit|0 fnt\n|-heal|p1b: Conkeldurr|100/100|[from] drain|[of] p2b: Kingambit\n|faint|p2b: Kingambit\n|\n|win|Jah_08\n|raw|Jah_08's rating: 1320 &rarr; <strong>1335</strong><br />(+15 for winning)\n|raw|Frightening Chair's rating: 1227 &rarr; <strong>1209</strong><br />(-18 for losing)\n|l|\u2606Frightening Chair\n|player|p2|\n",
  "uploadtime": 1776139720,
  "views": 36,
  "formatid": "gen9championsvgc2026regma",
  "rating": 1209,
  "private": 0,
  "password": null
}