{
  "id": "gen9championsvgc2026regma-2580552256",
  "format": "[Gen 9 Champions] VGC 2026 Reg M-A",
  "players": [
    "lyf147258369",
    "yuriimon"
  ],
  "log": "|j|\u2606lyf147258369\n|j|\u2606yuriimon\n|t:|1775912024\n|gametype|doubles\n|player|p1|lyf147258369|266|1043\n|player|p2|yuriimon|waitress-gen4|1049\n|gen|9\n|tier|[Gen 9 Champions] VGC 2026 Reg M-A\n|rated|\n|rule|Species Clause: Limit one of each Pok\u00e9mon\n|rule|Item Clause: Limit 1 of each item\n|clearpoke\n|poke|p1|Charizard, L50, F|\n|poke|p1|Starmie, L50|\n|poke|p1|Garchomp, L50, F|\n|poke|p1|Kangaskhan, L50, F|\n|poke|p1|Froslass, L50, F|\n|poke|p1|Ditto, L50|\n|poke|p2|Feraligatr, L50, M|\n|poke|p2|Gallade, L50, M|\n|poke|p2|Politoed, L50, M|\n|poke|p2|Raichu, L50, F|\n|poke|p2|Arcanine-Hisui, L50, F|\n|poke|p2|Clefable, L50, F|\n|teampreview|4\n|inactive|Battle timer is ON: inactive players will automatically lose when time's up. (requested by yuriimon)\n|inactive|yuriimon has 60 seconds left.\n|\n|t:|1775912057\n|teamsize|p1|4\n|teamsize|p2|4\n|start\n|switch|p1a: Kangaskhan|Kangaskhan, L50, F|100/100\n|switch|p1b: Starmie|Starmie, L50|100/100\n|switch|p2a: Raichu|Raichu, L50, F|100/100\n|switch|p2b: Gallade|Gallade, L50, M|100/100\n|turn|1\n|inactive|lyf147258369 has 30 seconds left.\n|\n|t:|1775912092\n|detailschange|p1a: Kangaskhan|Kangaskhan-Mega, L50, F\n|-mega|p1a: Kangaskhan|Kangaskhan|Kangaskhanite\n|move|p2a: Raichu|Fake Out|p1a: Kangaskhan\n|-damage|p1a: Kangaskhan|93/100\n|cant|p1a: Kangaskhan|flinch\n|move|p1b: Starmie|Zen Headbutt|p2b: Gallade\n|-damage|p2b: Gallade|56/100\n|move|p2b: Gallade|Sacred Sword|p1a: Kangaskhan\n|-supereffective|p1a: Kangaskhan|1\n|-damage|p1a: Kangaskhan|0 fnt\n|faint|p1a: Kangaskhan\n|\n|upkeep\n|\n|t:|1775912109\n|switch|p1a: Ditto|Ditto, L50|100/100\n|-transform|p1a: Ditto|p2b: Gallade|[from] ability: Imposter\n|turn|2\n|\n|t:|1775912127\n|switch|p2b: Politoed|Politoed, L50, M|100/100\n|-weather|RainDance|[from] ability: Drizzle|[of] p2b: Politoed\n|move|p1a: Ditto|Wide Guard|p1a: Ditto\n|-singleturn|p1a: Ditto|Wide Guard\n|move|p2a: Raichu|Thunder|p1b: Starmie\n|-supereffective|p1b: Starmie|1\n|-damage|p1b: Starmie|10/100\n|-status|p1b: Starmie|par\n|move|p1b: Starmie|Ice Spinner|p2a: Raichu\n|-damage|p2a: Raichu|48/100\n|\n|-weather|RainDance|[upkeep]\n|upkeep\n|turn|3\n|inactive|yuriimon has 30 seconds left.\n|inactive|yuriimon has 20 seconds left.\n|inactive|yuriimon has 15 seconds left.\n|\n|t:|1775912171\n|move|p2a: Raichu|Volt Switch|p1a: Ditto\n|-damage|p1a: Ditto|84/100\n|\n|t:|1775912177\n|switch|p2a: Gallade|Gallade, L50, M|56/100|[from] Volt Switch\n|move|p1a: Ditto|Sacred Sword|p2b: Politoed\n|-damage|p2b: Politoed|28/100\n|move|p2b: Politoed|Weather Ball|p1b: Starmie\n|-resisted|p1b: Starmie|1\n|-damage|p1b: Starmie|0 fnt\n|faint|p1b: Starmie\n|\n|-weather|RainDance|[upkeep]\n|-heal|p1a: Ditto|90/100|[from] item: Leftovers\n|upkeep\n|\n|t:|1775912192\n|switch|p1b: Froslass|Froslass, L50, F|100/100\n|turn|4\n|\n|t:|1775912214\n|move|p2b: Politoed|Protect|p2b: Politoed\n|-singleturn|p2b: Politoed|Protect\n|move|p1b: Froslass|Shadow Ball|p2b: Politoed\n|-activate|p2b: Politoed|move: Protect\n|move|p1a: Ditto|Psycho Cut|p2a: Gallade\n|-damage|p2a: Gallade|0 fnt\n|faint|p2a: Gallade\n|\n|-weather|RainDance|[upkeep]\n|-heal|p1a: Ditto|96/100|[from] item: Leftovers\n|upkeep\n|\n|t:|1775912225\n|switch|p2a: Feraligatr|Feraligatr, L50, M|100/100\n|turn|5\n|\n|t:|1775912241\n|switch|p2b: Raichu|Raichu, L50, F|48/100\n|detailschange|p2a: Feraligatr|Feraligatr-Mega, L50, M\n|-mega|p2a: Feraligatr|Feraligatr|Feraligite\n|move|p1b: Froslass|Draining Kiss|p2b: Raichu\n|-damage|p2b: Raichu|32/100\n|move|p2a: Feraligatr|Liquidation|p1a: Ditto\n|-damage|p1a: Ditto|0 fnt\n|faint|p1a: Ditto\n|\n|-weather|RainDance|[upkeep]\n|upkeep\n|turn|6\n|\n|t:|1775912258\n|move|p2b: Raichu|Eerie Impulse|p1b: Froslass\n|-unboost|p1b: Froslass|spa|2\n|move|p1b: Froslass|Blizzard|p2a: Feraligatr|[spread] \n|-miss|p1b: Froslass|p2a: Feraligatr\n|-miss|p1b: Froslass|p2b: Raichu\n|move|p2a: Feraligatr|Liquidation|p1b: Froslass\n|-damage|p1b: Froslass|0 fnt\n|faint|p1b: Froslass\n|\n|win|yuriimon\n|raw|lyf147258369's rating: 1043 &rarr; <strong>1027</strong><br />(-16 for losing)\n|raw|yuriimon's rating: 1049 &rarr; <strong>1081</strong><br />(+32 for winning)\n|c|\u2606yuriimon|gg\n",
  "uploadtime": 1775912270,
  "views": 14,
  "formatid": "gen9championsvgc2026regma",
  "rating": 1027,
  "private": 0,
  "password": null
}