{
  "id": "gen9championsvgc2026regma-2583161074",
  "format": "[Gen 9 Champions] VGC 2026 Reg M-A",
  "players": [
    "jyotsha",
    "zifisha"
  ],
  "log": "|j|\u2606jyotsha\n|j|\u2606zifisha\n|t:|1776149451\n|gametype|doubles\n|player|p1|jyotsha|266|1191\n|player|p2|zifisha|1|1203\n|gen|9\n|tier|[Gen 9 Champions] VGC 2026 Reg M-A\n|rated|\n|rule|Species Clause: Limit one of each Pok\u00e9mon\n|rule|Item Clause: Limit 1 of each item\n|clearpoke\n|poke|p1|Floette-Eternal, L50, F|\n|poke|p1|Sinistcha, L50|\n|poke|p1|Sableye, L50, F|\n|poke|p1|Aegislash, L50, M|\n|poke|p1|Primarina, L50, M|\n|poke|p1|Incineroar, L50, F|\n|poke|p2|Delphox, L50, M|\n|poke|p2|Floette-Eternal, L50, F|\n|poke|p2|Sneasler, L50, F|\n|poke|p2|Kingambit, L50, F|\n|poke|p2|Garchomp, L50, M|\n|poke|p2|Whimsicott, L50, M|\n|teampreview|4\n|inactive|Battle timer is ON: inactive players will automatically lose when time's up. (requested by jyotsha)\n|inactive|zifisha has 60 seconds left.\n|\n|t:|1776149510\n|teamsize|p1|4\n|teamsize|p2|4\n|start\n|switch|p1a: Primarina|Primarina, L50, M|100/100\n|switch|p1b: Sableye|Sableye, L50, F|100/100\n|switch|p2a: Kingambit|Kingambit, L50, F|100/100\n|switch|p2b: Floette|Floette-Eternal, L50, F|100/100\n|turn|1\n|\n|t:|1776149536\n|detailschange|p2b: Floette|Floette-Mega, L50, F\n|-mega|p2b: Floette|Floette|Floettite\n|-ability|p2b: Floette|Fairy Aura\n|move|p2a: Kingambit|Protect|p2a: Kingambit\n|-singleturn|p2a: Kingambit|Protect\n|move|p1b: Sableye|Fake Out|p2b: Floette\n|-damage|p2b: Floette|94/100\n|cant|p2b: Floette|flinch\n|move|p1a: Primarina|Calm Mind|p1a: Primarina\n|-boost|p1a: Primarina|spa|1\n|-boost|p1a: Primarina|spd|1\n|\n|upkeep\n|turn|2\n|\n|t:|1776149557\n|move|p1b: Sableye|Light Screen|p1b: Sableye\n|-sidestart|p1: jyotsha|move: Light Screen\n|move|p2b: Floette|Dazzling Gleam|p1b: Sableye|[spread] p1a,p1b\n|-supereffective|p1b: Sableye|1\n|-damage|p1a: Primarina|84/100\n|-damage|p1b: Sableye|27/100\n|move|p1a: Primarina|Calm Mind|p1a: Primarina\n|-boost|p1a: Primarina|spa|1\n|-boost|p1a: Primarina|spd|1\n|move|p2a: Kingambit|Iron Head|p1a: Primarina\n|-damage|p1a: Primarina|39/100\n|\n|-heal|p1a: Primarina|45/100|[from] item: Leftovers\n|upkeep\n|turn|3\n|inactive|zifisha has 30 seconds left.\n|\n|t:|1776149582\n|switch|p2a: Sneasler|Sneasler, L50, F|100/100\n|switch|p1b: Sinistcha|Sinistcha, L50|100/100\n|-heal|p1a: Primarina|69/100|[from] ability: Hospitality|[of] p1b: Sinistcha\n|move|p2b: Floette|Dazzling Gleam|p1a: Primarina|[spread] p1a,p1b\n|-damage|p1a: Primarina|56/100\n|-damage|p1b: Sinistcha|76/100\n|move|p1a: Primarina|Hyper Voice|p2b: Floette|[spread] p2a,p2b\n|-damage|p2a: Sneasler|20/100\n|-damage|p2b: Floette|50/100\n|\n|-heal|p1a: Primarina|62/100|[from] item: Leftovers\n|upkeep\n|turn|4\n|inactive|jyotsha has 30 seconds left.\n|\n|t:|1776149608\n|move|p1a: Primarina|Protect|p1a: Primarina\n|-singleturn|p1a: Primarina|Protect\n|move|p2a: Sneasler|Fake Out|p1a: Primarina\n|-activate|p1a: Primarina|move: Protect\n|move|p2b: Floette|Light of Ruin|p1b: Sinistcha|[miss]\n|-miss|p2b: Floette|p1b: Sinistcha\n|move|p1b: Sinistcha|Life Dew|p1b: Sinistcha|[spread] p1a,p1b\n|-heal|p1a: Primarina|87/100\n|-heal|p1b: Sinistcha|100/100\n|\n|-heal|p1a: Primarina|93/100|[from] item: Leftovers\n|upkeep\n|turn|5\n|\n|t:|1776149623\n|move|p1b: Sinistcha|Rage Powder|p1b: Sinistcha\n|-singleturn|p1b: Sinistcha|move: Rage Powder\n|move|p2a: Sneasler|Dire Claw|p1b: Sinistcha\n|-damage|p1b: Sinistcha|62/100\n|move|p2b: Floette|Light of Ruin|p1b: Sinistcha|[miss]\n|-miss|p2b: Floette|p1b: Sinistcha\n|move|p1a: Primarina|Hyper Voice|p2b: Floette|[spread] p2a,p2b\n|-crit|p2a: Sneasler\n|-damage|p2a: Sneasler|0 fnt\n|-damage|p2b: Floette|1/100\n|faint|p2a: Sneasler\n|\n|-heal|p1a: Primarina|99/100|[from] item: Leftovers\n|upkeep\n|-message|zifisha forfeited.\n|\n|win|jyotsha\n|raw|jyotsha's rating: 1191 &rarr; <strong>1217</strong><br />(+26 for winning)\n|raw|zifisha's rating: 1203 &rarr; <strong>1177</strong><br />(-26 for losing)\n",
  "uploadtime": 1776149637,
  "views": 27,
  "formatid": "gen9championsvgc2026regma",
  "rating": 1177,
  "private": 0,
  "password": null
}