{
  "id": "gen9championsvgc2026regma-2581281627",
  "format": "[Gen 9 Champions] VGC 2026 Reg M-A",
  "players": [
    "agencyman",
    "Jay123234"
  ],
  "log": "|j|\u2606agencyman\n|j|\u2606Jay123234\n|t:|1775980819\n|gametype|doubles\n|player|p1|agencyman|medium|1000\n|player|p2|Jay123234|102|1000\n|gen|9\n|tier|[Gen 9 Champions] VGC 2026 Reg M-A\n|rated|\n|rule|Species Clause: Limit one of each Pok\u00e9mon\n|rule|Item Clause: Limit 1 of each item\n|clearpoke\n|poke|p1|Feraligatr, L50, M|\n|poke|p1|Clefable, L50, M|\n|poke|p1|Whimsicott, L50, F|\n|poke|p1|Incineroar, L50, F|\n|poke|p1|Rotom-Frost, L50|\n|poke|p1|Skarmory, L50, F|\n|poke|p2|Aerodactyl, L50, M|\n|poke|p2|Politoed, L50, F|\n|poke|p2|Gengar, L50, M|\n|poke|p2|Kingambit, L50, M|\n|poke|p2|Dragonite, L50, M|\n|poke|p2|Garchomp, L50, F|\n|teampreview|4\n|\n|t:|1775980835\n|teamsize|p1|4\n|teamsize|p2|4\n|start\n|switch|p1a: Rotom|Rotom-Frost, L50|100/100\n|switch|p1b: Incineroar|Incineroar, L50, F|100/100\n|switch|p2a: Aerodactyl|Aerodactyl, L50, M|100/100\n|switch|p2b: Politoed|Politoed, L50, F|100/100\n|-ability|p2a: Aerodactyl|Unnerve\n|-weather|RainDance|[from] ability: Drizzle|[of] p2b: Politoed\n|turn|1\n|\n|t:|1775980875\n|move|p2a: Aerodactyl|Protect|p2a: Aerodactyl\n|-singleturn|p2a: Aerodactyl|Protect\n|move|p1b: Incineroar|Fake Out|p2a: Aerodactyl\n|-activate|p2a: Aerodactyl|move: Protect\n|move|p1a: Rotom|Thunderbolt|p2a: Aerodactyl\n|-activate|p2a: Aerodactyl|move: Protect\n|move|p2b: Politoed|Weather Ball|p1b: Incineroar\n|-supereffective|p1b: Incineroar|1\n|-damage|p1b: Incineroar|0 fnt\n|faint|p1b: Incineroar\n|\n|-weather|RainDance|[upkeep]\n|upkeep\n|\n|t:|1775980884\n|switch|p1b: Whimsicott|Whimsicott, L50, F|100/100\n|turn|2\n|\n|t:|1775980898\n|move|p1b: Whimsicott|Leech Seed|p2a: Aerodactyl\n|-start|p2a: Aerodactyl|move: Leech Seed\n|move|p1a: Rotom|Thunderbolt|p2a: Aerodactyl\n|-supereffective|p2a: Aerodactyl|1\n|-enditem|p2a: Aerodactyl|Focus Sash\n|-damage|p2a: Aerodactyl|1/100\n|move|p2a: Aerodactyl|Tailwind|p2a: Aerodactyl\n|-sidestart|p2: Jay123234|move: Tailwind\n|move|p2b: Politoed|Perish Song|p2b: Politoed\n|-start|p1a: Rotom|perish3|[silent]\n|-start|p1b: Whimsicott|perish3|[silent]\n|-start|p2a: Aerodactyl|perish3|[silent]\n|-start|p2b: Politoed|perish3|[silent]\n|-fieldactivate|move: Perish Song\n|\n|-weather|RainDance|[upkeep]\n|-damage|p2a: Aerodactyl|0 fnt|[from] Leech Seed|[of] p1b: Whimsicott\n|faint|p2a: Aerodactyl\n|-start|p2b: Politoed|perish3\n|-start|p1a: Rotom|perish3\n|-start|p1b: Whimsicott|perish3\n|upkeep\n|\n|t:|1775980913\n|switch|p2a: Gengar|Gengar, L50, M|100/100\n|turn|3\n|\n|t:|1775980944\n|detailschange|p2a: Gengar|Gengar-Mega, L50, M\n|-mega|p2a: Gengar|Gengar|Gengarite\n|move|p2a: Gengar|Protect|p2a: Gengar\n|-singleturn|p2a: Gengar|Protect\n|move|p1b: Whimsicott|Tailwind|p1b: Whimsicott\n|-sidestart|p1: agencyman|move: Tailwind\n|move|p1a: Rotom|Thunderbolt|p2b: Politoed\n|-supereffective|p2b: Politoed|1\n|-damage|p2b: Politoed|17/100\n|-enditem|p2b: Politoed|Sitrus Berry|[eat]\n|-heal|p2b: Politoed|42/100|[from] item: Sitrus Berry\n|move|p2b: Politoed|Icy Wind|p1a: Rotom|[spread] p1a,p1b\n|-resisted|p1a: Rotom|1\n|-supereffective|p1b: Whimsicott|1\n|-damage|p1a: Rotom|92/100\n|-damage|p1b: Whimsicott|68/100\n|-unboost|p1a: Rotom|spe|1\n|-unboost|p1b: Whimsicott|spe|1\n|\n|-weather|RainDance|[upkeep]\n|-start|p1a: Rotom|perish2\n|-start|p2b: Politoed|perish2\n|-start|p1b: Whimsicott|perish2\n|upkeep\n|turn|4\n|\n|t:|1775980980\n|switch|p2b: Kingambit|Kingambit, L50, M, shiny|100/100\n|move|p1b: Whimsicott|Leech Seed|p2a: Gengar\n|-start|p2a: Gengar|move: Leech Seed\n|move|p2a: Gengar|Sludge Wave|p1b: Whimsicott|[spread] p1a,p1b\n|-immune|p2b: Kingambit\n|-supereffective|p1b: Whimsicott|2\n|-damage|p1a: Rotom|27/100\n|-damage|p1b: Whimsicott|0 fnt\n|faint|p1b: Whimsicott\n|move|p1a: Rotom|Thunderbolt|p2a: Gengar\n|-damage|p2a: Gengar|39/100\n|\n|-weather|RainDance|[upkeep]\n|-start|p1a: Rotom|perish1\n|upkeep\n|\n|t:|1775980985\n|switch|p1b: Feraligatr|Feraligatr, L50, M|100/100\n|turn|5\n|\n|t:|1775981016\n|detailschange|p1b: Feraligatr|Feraligatr-Mega, L50, M\n|-mega|p1b: Feraligatr|Feraligatr|Feraligite\n|move|p2a: Gengar|Sludge Wave|p1a: Rotom|[spread] p1a,p1b\n|-immune|p2b: Kingambit\n|-damage|p1a: Rotom|0 fnt\n|-damage|p1b: Feraligatr|44/100\n|faint|p1a: Rotom\n|move|p1b: Feraligatr|Earthquake|p2a: Gengar|[spread] p2a,p2b\n|-supereffective|p2a: Gengar|1\n|-supereffective|p2b: Kingambit|1\n|-damage|p2a: Gengar|0 fnt\n|-damage|p2b: Kingambit|51/100\n|faint|p2a: Gengar\n|move|p2b: Kingambit|Iron Head|p1b: Feraligatr\n|-resisted|p1b: Feraligatr|1\n|-damage|p1b: Feraligatr|22/100\n|\n|-weather|none\n|-sideend|p2: Jay123234|move: Tailwind\n|upkeep\n|\n|t:|1775981028\n|switch|p2a: Politoed|Politoed, L50, F|42/100\n|-weather|RainDance|[from] ability: Drizzle|[of] p2a: Politoed\n|turn|6\n|\n|t:|1775981039\n|move|p2a: Politoed|Protect|p2a: Politoed\n|-singleturn|p2a: Politoed|Protect\n|move|p2b: Kingambit|Protect|p2b: Kingambit\n|-singleturn|p2b: Kingambit|Protect\n|move|p1b: Feraligatr|Earthquake|p2b: Kingambit|[spread] \n|-activate|p2a: Politoed|move: Protect\n|-activate|p2b: Kingambit|move: Protect\n|\n|-weather|RainDance|[upkeep]\n|-sideend|p1: agencyman|move: Tailwind\n|upkeep\n|turn|7\n|\n|t:|1775981052\n|move|p2b: Kingambit|Sucker Punch|p1b: Feraligatr\n|-damage|p1b: Feraligatr|0 fnt\n|faint|p1b: Feraligatr\n|\n|win|Jay123234\n|raw|agencyman's rating: 1000 &rarr; <strong>1000</strong><br />(+0 for losing)\n|raw|Jay123234's rating: 1000 &rarr; <strong>1040</strong><br />(+40 for winning)\n",
  "uploadtime": 1775981052,
  "views": 11,
  "formatid": "gen9championsvgc2026regma",
  "rating": 1000,
  "private": 0,
  "password": null
}