{
  "id": "gen9championsvgc2026regma-2586588448",
  "format": "[Gen 9 Champions] VGC 2026 Reg M-A",
  "players": [
    "sunglass_man",
    "JustDevi"
  ],
  "log": "|j|\u2606sunglass_man\n|j|\u2606JustDevi\n|t:|1776445132\n|gametype|doubles\n|player|p1|sunglass_man|bruno|1089\n|player|p2|JustDevi|grimsley|1103\n|gen|9\n|tier|[Gen 9 Champions] VGC 2026 Reg M-A\n|rated|\n|rule|Species Clause: Limit one of each Pok\u00e9mon\n|rule|Item Clause: Limit 1 of each item\n|clearpoke\n|poke|p1|Meowstic, L50, M|\n|poke|p1|Sneasler, L50, M|\n|poke|p1|Aegislash, L50, F|\n|poke|p1|Alakazam, L50, M|\n|poke|p1|Maushold-Four, L50|\n|poke|p1|Kangaskhan, L50, F|\n|poke|p2|Archaludon, L50, M|\n|poke|p2|Chesnaught, L50, M|\n|poke|p2|Basculegion, L50, M|\n|poke|p2|Pelipper, L50, F|\n|poke|p2|Lycanroc-Dusk, L50, F|\n|poke|p2|Skarmory, L50, F|\n|teampreview|4\n|\n|t:|1776445145\n|teamsize|p1|4\n|teamsize|p2|4\n|start\n|switch|p1a: Meowstic|Meowstic, L50, M|100/100\n|switch|p1b: Alakazam|Alakazam, L50, M|100/100\n|switch|p2a: VENGEANCE|Basculegion, L50, M, shiny|100/100\n|switch|p2b: MINE MINE MINE|Pelipper, L50, F|100/100\n|-weather|RainDance|[from] ability: Drizzle|[of] p2b: MINE MINE MINE\n|turn|1\n|\n|t:|1776445167\n|detailschange|p1b: Alakazam|Alakazam-Mega, L50, M\n|-mega|p1b: Alakazam|Alakazam|Alakazite\n|-ability|p1b: Alakazam|Adaptability|Trace|[from] ability: Trace|[of] p2a: VENGEANCE\n|move|p1a: Meowstic|Psychic Terrain|p1a: Meowstic\n|-fieldstart|move: Psychic Terrain\n|move|p1b: Alakazam|Expanding Force|p2b: MINE MINE MINE|[spread] p2a,p2b\n|-damage|p2a: VENGEANCE|0 fnt\n|-enditem|p2b: MINE MINE MINE|Focus Sash\n|-damage|p2b: MINE MINE MINE|1/100\n|faint|p2a: VENGEANCE\n|move|p2b: MINE MINE MINE|Tailwind|p2b: MINE MINE MINE\n|-sidestart|p2: JustDevi|move: Tailwind\n|\n|-weather|RainDance|[upkeep]\n|upkeep\n|\n|t:|1776445183\n|switch|p2a: MIKE KILL ALL|Archaludon, L50, M, shiny|100/100\n|turn|2\n|\n|t:|1776445197\n|switch|p1a: Sneasler|Sneasler, L50, M|100/100\n|move|p2b: MINE MINE MINE|Wide Guard|p2b: MINE MINE MINE\n|-singleturn|p2b: MINE MINE MINE|Wide Guard\n|move|p1b: Alakazam|Expanding Force|p2a: MIKE KILL ALL|[spread] \n|-activate|p2a: MIKE KILL ALL|move: Wide Guard\n|-activate|p2b: MINE MINE MINE|move: Wide Guard\n|move|p2a: MIKE KILL ALL|Electro Shot||[still]\n|-prepare|p2a: MIKE KILL ALL|Electro Shot\n|-boost|p2a: MIKE KILL ALL|spa|1\n|-anim|p2a: MIKE KILL ALL|Electro Shot|p1b: Alakazam\n|-damage|p1b: Alakazam|20/100\n|\n|-weather|RainDance|[upkeep]\n|upkeep\n|turn|3\n|\n|t:|1776445229\n|move|p1b: Alakazam|Protect|p1b: Alakazam\n|-singleturn|p1b: Alakazam|Protect\n|move|p2b: MINE MINE MINE|Wide Guard|p2b: MINE MINE MINE\n|-singleturn|p2b: MINE MINE MINE|Wide Guard\n|move|p2a: MIKE KILL ALL|Electro Shot||[still]\n|-prepare|p2a: MIKE KILL ALL|Electro Shot\n|-boost|p2a: MIKE KILL ALL|spa|1\n|-anim|p2a: MIKE KILL ALL|Electro Shot|p1a: Sneasler\n|-damage|p1a: Sneasler|0 fnt\n|faint|p1a: Sneasler\n|\n|-weather|RainDance|[upkeep]\n|upkeep\n|\n|t:|1776445239\n|switch|p1a: Aegislash|Aegislash, L50, F|100/100\n|turn|4\n|\n|t:|1776445249\n|switch|p1b: Meowstic|Meowstic, L50, M|100/100\n|move|p2b: MINE MINE MINE|Wide Guard|p2b: MINE MINE MINE\n|-singleturn|p2b: MINE MINE MINE|Wide Guard\n|move|p2a: MIKE KILL ALL|Electro Shot||[still]\n|-prepare|p2a: MIKE KILL ALL|Electro Shot\n|-boost|p2a: MIKE KILL ALL|spa|1\n|-anim|p2a: MIKE KILL ALL|Electro Shot|p1b: Meowstic\n|-enditem|p1b: Meowstic|Focus Sash\n|-damage|p1b: Meowstic|1/100\n|-formechange|p1a: Aegislash|Aegislash-Blade|\n|move|p1a: Aegislash|Shadow Ball|p2b: MINE MINE MINE\n|-damage|p2b: MINE MINE MINE|0 fnt\n|faint|p2b: MINE MINE MINE\n|\n|-weather|RainDance|[upkeep]\n|-sideend|p2: JustDevi|move: Tailwind\n|upkeep\n|\n|t:|1776445265\n|switch|p2b: Skarmory|Skarmory, L50, F|100/100\n|turn|5\n|\n|t:|1776445285\n|detailschange|p2b: Skarmory|Skarmory-Mega, L50, F\n|-mega|p2b: Skarmory|Skarmory|Skarmorite\n|move|p1b: Meowstic|Protect|p1b: Meowstic\n|-singleturn|p1b: Meowstic|Protect\n|move|p2b: Skarmory|Iron Head|p1b: Meowstic\n|-activate|p1b: Meowstic|move: Protect\n|move|p1a: Aegislash|Shadow Ball|p2a: MIKE KILL ALL\n|-damage|p2a: MIKE KILL ALL|42/100\n|-ability|p2a: MIKE KILL ALL|Stamina|boost\n|-boost|p2a: MIKE KILL ALL|def|1\n|move|p2a: MIKE KILL ALL|Electro Shot||[still]\n|-prepare|p2a: MIKE KILL ALL|Electro Shot\n|-boost|p2a: MIKE KILL ALL|spa|1\n|-anim|p2a: MIKE KILL ALL|Electro Shot|p1a: Aegislash\n|-damage|p1a: Aegislash|0 fnt\n|faint|p1a: Aegislash\n|\n|-weather|none\n|-heal|p2a: MIKE KILL ALL|48/100|[from] item: Leftovers\n|-fieldend|move: Psychic Terrain\n|upkeep\n|\n|t:|1776445302\n|switch|p1a: Alakazam|Alakazam-Mega, L50, M|20/100\n|-ability|p1a: Alakazam|Stalwart|Trace|[from] ability: Trace|[of] p2b: Skarmory\n|turn|6\n|\n|t:|1776445312\n|move|p1b: Meowstic|Psychic Terrain|p1b: Meowstic\n|-fieldstart|move: Psychic Terrain\n|move|p1a: Alakazam|Expanding Force|p2a: MIKE KILL ALL|[spread] p2a,p2b\n|-resisted|p2a: MIKE KILL ALL|1\n|-resisted|p2b: Skarmory|1\n|-damage|p2a: MIKE KILL ALL|9/100\n|-damage|p2b: Skarmory|52/100\n|-ability|p2a: MIKE KILL ALL|Stamina|boost\n|-boost|p2a: MIKE KILL ALL|def|1\n|move|p2b: Skarmory|Iron Head|p1a: Alakazam\n|-damage|p1a: Alakazam|0 fnt\n|faint|p1a: Alakazam\n|move|p2a: MIKE KILL ALL|Flash Cannon|p1b: Meowstic\n|-damage|p1b: Meowstic|0 fnt\n|faint|p1b: Meowstic\n|\n|win|JustDevi\n|raw|sunglass_man's rating: 1089 &rarr; <strong>1067</strong><br />(-22 for losing)\n|raw|JustDevi's rating: 1103 &rarr; <strong>1127</strong><br />(+24 for winning)\n",
  "uploadtime": 1776445326,
  "views": 23,
  "formatid": "gen9championsvgc2026regma",
  "rating": 1067,
  "private": 0,
  "password": null
}