{
  "id": "gen9championsvgc2026regma-2588222761",
  "format": "[Gen 9 Champions] VGC 2026 Reg M-A",
  "players": [
    "vonny1xx",
    "Huimapaa"
  ],
  "log": "|j|\u2606vonny1xx\n|j|\u2606Huimapaa\n|t:|1776615754\n|gametype|doubles\n|player|p1|vonny1xx|ninjaboy|1084\n|player|p2|Huimapaa|170|1040\n|gen|9\n|tier|[Gen 9 Champions] VGC 2026 Reg M-A\n|rated|\n|rule|Species Clause: Limit one of each Pok\u00e9mon\n|rule|Item Clause: Limit 1 of each item\n|clearpoke\n|poke|p1|Farigiraf, L50, M|\n|poke|p1|Feraligatr, L50, F|\n|poke|p1|Clefable, L50, M|\n|poke|p1|Tyrantrum, L50, M, shiny|\n|poke|p1|Aerodactyl, L50, F|\n|poke|p1|Lopunny, L50, M|\n|poke|p2|Aggron, L50, M|\n|poke|p2|Pelipper, L50, M|\n|poke|p2|Basculegion, L50, M|\n|poke|p2|Meganium, L50, M|\n|poke|p2|Sneasler, L50, M|\n|poke|p2|Sinistcha, L50|\n|teampreview|4\nHuimapaa has agreed to open team sheets.\n|\n|t:|1776615839\n|teamsize|p1|4\n|teamsize|p2|4\n|start\n|switch|p1a: Farigiraf|Farigiraf, L50, M|100/100\n|switch|p1b: Lopunny|Lopunny, L50, M|100/100\n|switch|p2a: Aggron|Aggron, L50, M|100/100\n|switch|p2b: Sneasler|Sneasler, L50, M|100/100\n|turn|1\n|\n|t:|1776615873\n|move|p2b: Sneasler|Fake Out||[still]\n|cant|p1a: Farigiraf|ability: Armor Tail|Fake Out|[of] p2b: Sneasler\n|move|p1b: Lopunny|Fake Out|p2a: Aggron\n|-resisted|p2a: Aggron|2\n|-damage|p2a: Aggron|98/100\n|move|p1a: Farigiraf|Psyshock|p2b: Sneasler\n|-supereffective|p2b: Sneasler|2\n|-damage|p2b: Sneasler|0 fnt\n|faint|p2b: Sneasler\n|cant|p2a: Aggron|flinch\n|\n|upkeep\n|\n|t:|1776615891\n|switch|p2b: Pelipper|Pelipper, L50, M|100/100\n|-weather|RainDance|[from] ability: Drizzle|[of] p2b: Pelipper\n|turn|2\n|\n|t:|1776615913\n|switch|p1b: Clefable|Clefable, L50, M|100/100\n|move|p2b: Pelipper|Hurricane|p1b: Clefable\n|-damage|p1b: Clefable|52/100\n|move|p2a: Aggron|Iron Defense|p2a: Aggron\n|-boost|p2a: Aggron|def|2\n|move|p1a: Farigiraf|Trick Room|p1a: Farigiraf\n|-fieldstart|move: Trick Room|[of] p1a: Farigiraf\n|\n|-weather|RainDance|[upkeep]\n|-heal|p1b: Clefable|58/100|[from] item: Leftovers\n|upkeep\n|turn|3\n|\n|t:|1776615938\n|move|p2a: Aggron|Body Press|p1a: Farigiraf\n|-damage|p1a: Farigiraf|18/100\n|-enditem|p1a: Farigiraf|Sitrus Berry|[eat]\n|-heal|p1a: Farigiraf|43/100|[from] item: Sitrus Berry\n|move|p1b: Clefable|Flamethrower|p2a: Aggron\n|-damage|p2a: Aggron|82/100\n|move|p1a: Farigiraf|Psyshock|p2b: Pelipper\n|-damage|p2b: Pelipper|46/100\n|move|p2b: Pelipper|Weather Ball|p1b: Clefable\n|-damage|p1b: Clefable|0 fnt\n|faint|p1b: Clefable\n|\n|-weather|RainDance|[upkeep]\n|upkeep\n|\n|t:|1776615951\n|switch|p1b: Feraligatr|Feraligatr, L50, F|100/100\n|turn|4\n|\n|t:|1776615967\n|detailschange|p2a: Aggron|Aggron-Mega, L50, M\n|-mega|p2a: Aggron|Aggron|Aggronite\n|detailschange|p1b: Feraligatr|Feraligatr-Mega, L50, F\n|-mega|p1b: Feraligatr|Feraligatr|Feraligite\n|move|p2a: Aggron|Body Press|p1b: Feraligatr\n|-damage|p1b: Feraligatr|32/100\n|move|p1a: Farigiraf|Psyshock|p2b: Pelipper\n|-damage|p2b: Pelipper|0 fnt\n|faint|p2b: Pelipper\n|move|p1b: Feraligatr|Curse|p1b: Feraligatr\n|-unboost|p1b: Feraligatr|spe|1\n|-boost|p1b: Feraligatr|atk|1\n|-boost|p1b: Feraligatr|def|1\n|\n|-weather|RainDance|[upkeep]\n|upkeep\n|\n|t:|1776615983\n|switch|p2b: Sinistcha|Sinistcha, L50|100/100\n|-heal|p2a: Aggron|100/100|[from] ability: Hospitality|[of] p2b: Sinistcha\n|turn|5\n|\n|t:|1776616001\n|move|p2a: Aggron|Protect|p2a: Aggron\n|-singleturn|p2a: Aggron|Protect\n|move|p1b: Feraligatr|Double-Edge|p2b: Sinistcha\n|-damage|p2b: Sinistcha|0 fnt\n|faint|p2b: Sinistcha\n|-damage|p1b: Feraligatr|7/100|[from] Recoil\n|move|p1a: Farigiraf|Psyshock|p2a: Aggron\n|-activate|p2a: Aggron|move: Protect\n|\n|-weather|RainDance|[upkeep]\n|upkeep\n|turn|6\n|\n|t:|1776616018\n|-singleturn|p1b: Feraligatr|move: Focus Punch\n|move|p1a: Farigiraf|Protect|p1a: Farigiraf\n|-singleturn|p1a: Farigiraf|Protect\n|move|p2a: Aggron|Body Press|p1a: Farigiraf\n|-activate|p1a: Farigiraf|move: Protect\n|move|p1b: Feraligatr|Focus Punch|p2a: Aggron\n|-supereffective|p2a: Aggron|1\n|-damage|p2a: Aggron|67/100\n|\n|-weather|none\n|-fieldend|move: Trick Room\n|upkeep\n|turn|7\n|\n|t:|1776616049\n|move|p1a: Farigiraf|Psyshock|p2a: Aggron\n|-resisted|p2a: Aggron|1\n|-crit|p2a: Aggron\n|-damage|p2a: Aggron|52/100\n|move|p2a: Aggron|Body Press|p1a: Farigiraf\n|-damage|p1a: Farigiraf|0 fnt\n|faint|p1a: Farigiraf\n|move|p1b: Feraligatr|Liquidation|p2a: Aggron\n|-damage|p2a: Aggron|29/100\n|\n|upkeep\n|\n|t:|1776616058\n|switch|p1a: Lopunny|Lopunny, L50, M|100/100\n|turn|8\n|\n|t:|1776616104\n|-singleturn|p1b: Feraligatr|move: Focus Punch\n|move|p1a: Lopunny|Fake Out|p2a: Aggron\n|-resisted|p2a: Aggron|1\n|-damage|p2a: Aggron|27/100\n|cant|p2a: Aggron|flinch\n|move|p1b: Feraligatr|Focus Punch|p2a: Aggron\n|-supereffective|p2a: Aggron|1\n|-damage|p2a: Aggron|0 fnt\n|faint|p2a: Aggron\n|\n|win|vonny1xx\n|raw|vonny1xx's rating: 1084 &rarr; <strong>1108</strong><br />(+24 for winning)\n|raw|Huimapaa's rating: 1040 &rarr; <strong>1026</strong><br />(-14 for losing)\n|l|\u2606Huimapaa\n|player|p2|\n|c|\u2606vonny1xx|gg\n",
  "uploadtime": 1776616336,
  "views": 9,
  "formatid": "gen9championsvgc2026regma",
  "rating": 1026,
  "private": 0,
  "password": null
}