{
  "id": "gen9championsvgc2026regma-2585536323",
  "format": "[Gen 9 Champions] VGC 2026 Reg M-A",
  "players": [
    "ivanissimo",
    "yamzinyobooty"
  ],
  "log": "|j|\u2606ivanissimo\n|j|\u2606yamzinyobooty\n|t:|1776354034\n|gametype|doubles\n|player|p1|ivanissimo|169|\n|player|p2|yamzinyobooty|266|\n|gen|9\n|tier|[Gen 9 Champions] VGC 2026 Reg M-A\n|rated|Tournament battle\n|rule|Species Clause: Limit one of each Pok\u00e9mon\n|rule|Item Clause: Limit 1 of each item\n|clearpoke\n|poke|p1|Farigiraf, L50, M|\n|poke|p1|Charizard, L50, M|\n|poke|p1|Conkeldurr, L50, F|\n|poke|p1|Kingambit, L50, F|\n|poke|p1|Meganium, L50, F|\n|poke|p1|Primarina, L50, F|\n|poke|p2|Charizard, L50, M|\n|poke|p2|Venusaur, L50, M|\n|poke|p2|Garchomp, L50, F|\n|poke|p2|Incineroar, L50, F|\n|poke|p2|Gardevoir, L50, F|\n|poke|p2|Milotic, L50, M|\n|teampreview|4\n|inactive|Battle timer is ON: inactive players will automatically lose when time's up. (requested by yamzinyobooty)\n|j| Quyt_DZ\n|\n|t:|1776354090\n|teamsize|p1|4\n|teamsize|p2|4\n|start\n|switch|p1a: Farigiraf|Farigiraf, L50, M|100/100\n|switch|p1b: Charizard|Charizard, L50, M|100/100\n|switch|p2a: Venusaur|Venusaur, L50, M|100/100\n|switch|p2b: Gardevoir|Gardevoir, L50, F|100/100\n|turn|1\n|l| Quyt_DZ\n|inactive|yamzinyobooty has 30 seconds left.\n|inactive|yamzinyobooty has 20 seconds left.\n|inactive|yamzinyobooty has 15 seconds left.\n|inactive|yamzinyobooty has 10 seconds left.\n|inactive|yamzinyobooty has 5 seconds left.\n|\n|t:|1776354141\n|detailschange|p1b: Charizard|Charizard-Mega-X, L50, M\n|-mega|p1b: Charizard|Charizard|Charizardite X\n|move|p2a: Venusaur|Protect|p2a: Venusaur\n|-singleturn|p2a: Venusaur|Protect\n|move|p2b: Gardevoir|Psychic|p1b: Charizard\n|-damage|p1b: Charizard|48/100\n|move|p1b: Charizard|Flare Blitz|p2b: Gardevoir\n|-damage|p2b: Gardevoir|0 fnt\n|faint|p2b: Gardevoir\n|-damage|p1b: Charizard|23/100|[from] Recoil\n|move|p1a: Farigiraf|Psychic|p2a: Venusaur\n|-activate|p2a: Venusaur|move: Protect\n|\n|upkeep\n|inactive|yamzinyobooty has 30 seconds left.\n|\n|t:|1776354172\n|switch|p2b: Milotic|Milotic, L50, M|100/100\n|turn|2\n|\n|t:|1776354190\n|switch|p2a: Garchomp|Garchomp, L50, F|100/100\n|move|p1b: Charizard|Flare Blitz|p2a: Garchomp\n|-resisted|p2a: Garchomp|1\n|-damage|p2a: Garchomp|55/100\n|-damage|p1b: Charizard|10/100|[from] ability: Rough Skin|[of] p2a: Garchomp\n|-damage|p1b: Charizard|0 fnt|[from] Recoil\n|faint|p1b: Charizard\n|move|p2b: Milotic|Scald|p1a: Farigiraf\n|-damage|p1a: Farigiraf|73/100\n|move|p1a: Farigiraf|Psychic|p2a: Garchomp\n|-damage|p2a: Garchomp|9/100\n|\n|-heal|p1a: Farigiraf|79/100|[from] item: Leftovers\n|upkeep\n|\n|t:|1776354205\n|switch|p1b: Conkeldurr|Conkeldurr, L50, F|100/100\n|turn|3\n|inactive|yamzinyobooty has 30 seconds left.\n|inactive|yamzinyobooty has 20 seconds left.\n|\n|t:|1776354245\n|move|p2a: Garchomp|Protect|p2a: Garchomp\n|-singleturn|p2a: Garchomp|Protect\n|move|p2b: Milotic|Ice Beam|p1a: Farigiraf\n|-damage|p1a: Farigiraf|59/100\n|move|p1b: Conkeldurr|Drain Punch|p2b: Milotic\n|-damage|p2b: Milotic|50/100\n|move|p1a: Farigiraf|Trick Room|p1a: Farigiraf\n|-fieldstart|move: Trick Room|[of] p1a: Farigiraf\n|\n|-heal|p1a: Farigiraf|65/100|[from] item: Leftovers\n|-heal|p2b: Milotic|56/100|[from] item: Leftovers\n|upkeep\n|turn|4\n|\n|t:|1776354263\n|move|p1b: Conkeldurr|Drain Punch|p2b: Milotic\n|-damage|p2b: Milotic|4/100\n|move|p1a: Farigiraf|Hyper Voice|p2b: Milotic|[spread] p2a,p2b\n|-damage|p2a: Garchomp|0 fnt\n|-damage|p2b: Milotic|0 fnt\n|faint|p2a: Garchomp\n|faint|p2b: Milotic\n|\n|-heal|p1a: Farigiraf|71/100|[from] item: Leftovers\n|upkeep\n|\n|t:|1776354266\n|switch|p2b: Venusaur|Venusaur, L50, M|100/100\n|turn|5\n|\n|t:|1776354276\n|move|p1b: Conkeldurr|Ice Punch|p2b: Venusaur\n|-supereffective|p2b: Venusaur|1\n|-damage|p2b: Venusaur|2/100\n|move|p1a: Farigiraf|Psychic|p2b: Venusaur\n|-supereffective|p2b: Venusaur|1\n|-crit|p2b: Venusaur\n|-damage|p2b: Venusaur|0 fnt\n|faint|p2b: Venusaur\n|\n|win|ivanissimo\n|n|\u2606ivanissimo|ivanissimo\n|n|\u2606yamzinyobooty|yamzinyobooty\n",
  "uploadtime": 1776354276,
  "views": 27,
  "formatid": "gen9championsvgc2026regma",
  "rating": null,
  "private": 0,
  "password": null
}