{
  "id": "gen9championsvgc2026regma-2586215803",
  "format": "[Gen 9 Champions] VGC 2026 Reg M-A",
  "players": [
    "chash10",
    "isabellissima"
  ],
  "log": "|j|\u2606chash10\n|j|\u2606isabellissima\n|t:|1776413444\n|gametype|doubles\n|player|p1|chash10|ghetsis-gen5bw|1193\n|player|p2|isabellissima|265|1154\n|gen|9\n|tier|[Gen 9 Champions] VGC 2026 Reg M-A\n|rated|\n|rule|Species Clause: Limit one of each Pok\u00e9mon\n|rule|Item Clause: Limit 1 of each item\n|clearpoke\n|poke|p1|Charizard, L50, F|\n|poke|p1|Sneasler, L50, F|\n|poke|p1|Basculegion, L50, M|\n|poke|p1|Garchomp, L50, F|\n|poke|p1|Incineroar, L50, F|\n|poke|p1|Venusaur, L50, M|\n|poke|p2|Incineroar, L50, M|\n|poke|p2|Gengar, L50, F|\n|poke|p2|Sneasler, L50, M|\n|poke|p2|Maushold-Four, L50|\n|poke|p2|Kommo-o, L50, F|\n|poke|p2|Politoed, L50, M|\n|teampreview|4\n|inactive|Battle timer is ON: inactive players will automatically lose when time's up. (requested by chash10)\n|inactive|chash10 has 60 seconds left.\n|inactive|chash10 has 30 seconds left.\n|inactive|chash10 has 20 seconds left.\n|inactive|chash10 has 15 seconds left.\n|inactive|chash10 has 10 seconds left.\n|inactive|chash10 has 5 seconds left.\n|\n|t:|1776413541\n|teamsize|p1|4\n|teamsize|p2|4\n|start\n|switch|p1a: Charizard|Charizard, L50, F, shiny|100/100\n|switch|p1b: Sneasler|Sneasler, L50, F, shiny|100/100\n|switch|p2a: Maushold|Maushold-Four, L50|100/100\n|switch|p2b: Kommo-o|Kommo-o, L50, F, shiny|100/100\n|turn|1\n|\n|t:|1776413564\n|detailschange|p1a: Charizard|Charizard-Mega-Y, L50, F, shiny\n|-mega|p1a: Charizard|Charizard|Charizardite Y\n|-weather|SunnyDay|[from] ability: Drought|[of] p1a: Charizard\n|move|p2a: Maushold|Protect|p2a: Maushold\n|-singleturn|p2a: Maushold|Protect\n|move|p2b: Kommo-o|Protect|p2b: Kommo-o\n|-singleturn|p2b: Kommo-o|Protect\n|move|p1b: Sneasler|Close Combat|p2a: Maushold\n|-activate|p2a: Maushold|move: Protect\n|move|p1a: Charizard|Air Slash|p2b: Kommo-o\n|-activate|p2b: Kommo-o|move: Protect\n|\n|-weather|SunnyDay|[upkeep]\n|upkeep\n|turn|2\n|inactive|isabellissima has 30 seconds left.\n|inactive|isabellissima has 20 seconds left.\n|\n|t:|1776413602\n|switch|p1a: Basculegion|Basculegion, L50, M, shiny|100/100\n|move|p2a: Maushold|Follow Me|p2a: Maushold\n|-singleturn|p2a: Maushold|move: Follow Me\n|move|p1b: Sneasler|Close Combat|p2a: Maushold\n|-supereffective|p2a: Maushold|1\n|-enditem|p2a: Maushold|Chople Berry|[eat]\n|-enditem|p2a: Maushold|Chople Berry|[weaken]\n|-damage|p2a: Maushold|16/100\n|-unboost|p1b: Sneasler|def|1\n|-unboost|p1b: Sneasler|spd|1\n|-enditem|p1b: Sneasler|White Herb\n|-clearnegativeboost|p1b: Sneasler|[silent]\n|move|p2b: Kommo-o|Clangorous Soul|p2b: Kommo-o\n|-boost|p2b: Kommo-o|atk|1\n|-boost|p2b: Kommo-o|def|1\n|-boost|p2b: Kommo-o|spa|1\n|-boost|p2b: Kommo-o|spd|1\n|-boost|p2b: Kommo-o|spe|1\n|-damage|p2b: Kommo-o|68/100\n|\n|-weather|SunnyDay|[upkeep]\n|upkeep\n|turn|3\n|inactive|isabellissima has 30 seconds left.\n|\n|t:|1776413629\n|move|p2a: Maushold|Follow Me|p2a: Maushold\n|-singleturn|p2a: Maushold|move: Follow Me\n|move|p1b: Sneasler|Close Combat|p2a: Maushold\n|-supereffective|p2a: Maushold|1\n|-damage|p2a: Maushold|0 fnt\n|-unboost|p1b: Sneasler|def|1\n|-unboost|p1b: Sneasler|spd|1\n|faint|p2a: Maushold\n|move|p1a: Basculegion|Last Respects|p2b: Kommo-o\n|-damage|p2b: Kommo-o|51/100\n|move|p2b: Kommo-o|Clanging Scales|p1b: Sneasler|[spread] p1a,p1b\n|-damage|p1a: Basculegion|23/100\n|-damage|p1b: Sneasler|0 fnt\n|faint|p1b: Sneasler\n|-unboost|p2b: Kommo-o|def|1\n|\n|-weather|SunnyDay|[upkeep]\n|upkeep\n|\n|t:|1776413650\n|switch|p2a: Sneasler|Sneasler, L50, M|100/100\n|switch|p1b: Garchomp|Garchomp, L50, F, shiny|100/100\n|turn|4\n|\n|t:|1776413665\n|move|p1b: Garchomp|Protect|p1b: Garchomp\n|-singleturn|p1b: Garchomp|Protect\n|move|p2a: Sneasler|Fake Out|p1b: Garchomp\n|-activate|p1b: Garchomp|move: Protect\n|move|p1a: Basculegion|Last Respects|p2b: Kommo-o\n|-damage|p2b: Kommo-o|5/100\n|move|p2b: Kommo-o|Clanging Scales|p1b: Garchomp|[spread] p1a\n|-activate|p1b: Garchomp|move: Protect\n|-damage|p1a: Basculegion|0 fnt\n|faint|p1a: Basculegion\n|-unboost|p2b: Kommo-o|def|1\n|\n|-weather|SunnyDay|[upkeep]\n|upkeep\n|\n|t:|1776413672\n|switch|p1a: Charizard|Charizard-Mega-Y, L50, F, shiny|100/100\n|turn|5\n|\n|t:|1776413682\n|switch|p2a: Politoed|Politoed, L50, M, shiny|100/100\n|-weather|RainDance|[from] ability: Drizzle|[of] p2a: Politoed\n|move|p2b: Kommo-o|Clanging Scales|p1a: Charizard|[spread] p1a,p1b\n|-supereffective|p1b: Garchomp|1\n|-enditem|p1b: Garchomp|Haban Berry|[eat]\n|-enditem|p1b: Garchomp|Haban Berry|[weaken]\n|-damage|p1a: Charizard|31/100\n|-damage|p1b: Garchomp|33/100\n|-unboost|p2b: Kommo-o|def|1\n|move|p1b: Garchomp|Earthquake|p2a: Politoed|[spread] p2a,p2b\n|-immune|p1a: Charizard\n|-damage|p2a: Politoed|66/100\n|-damage|p2b: Kommo-o|0 fnt\n|faint|p2b: Kommo-o\n|move|p1a: Charizard|Heat Wave|p2a: Politoed\n|-resisted|p2a: Politoed|1\n|-damage|p2a: Politoed|53/100\n|\n|-weather|RainDance|[upkeep]\n|-heal|p2a: Politoed|59/100|[from] item: Leftovers\n|upkeep\n|\n|t:|1776413693\n|switch|p2b: Sneasler|Sneasler, L50, M|100/100\n|turn|6\n|inactive|isabellissima has 30 seconds left.\n|\n|t:|1776413719\n|move|p1b: Garchomp|Protect|p1b: Garchomp\n|-singleturn|p1b: Garchomp|Protect\n|move|p1a: Charizard|Protect|p1a: Charizard\n|-singleturn|p1a: Charizard|Protect\n|move|p2b: Sneasler|Fake Out|p1b: Garchomp\n|-activate|p1b: Garchomp|move: Protect\n|move|p2a: Politoed|Weather Ball|p1a: Charizard\n|-activate|p1a: Charizard|move: Protect\n|\n|-weather|RainDance|[upkeep]\n|-heal|p2a: Politoed|65/100|[from] item: Leftovers\n|upkeep\n|turn|7\n|\n|t:|1776413733\n|move|p2b: Sneasler|Protect|p2b: Sneasler\n|-singleturn|p2b: Sneasler|Protect\n|move|p2a: Politoed|Protect|p2a: Politoed\n|-singleturn|p2a: Politoed|Protect\n|move|p1b: Garchomp|Earthquake|p2a: Politoed|[spread] \n|-activate|p2a: Politoed|move: Protect\n|-activate|p2b: Sneasler|move: Protect\n|-immune|p1a: Charizard\n|move|p1a: Charizard|Air Slash|p2a: Politoed\n|-activate|p2a: Politoed|move: Protect\n|\n|-weather|RainDance|[upkeep]\n|-heal|p2a: Politoed|71/100|[from] item: Leftovers\n|upkeep\n|turn|8\n|\n|t:|1776413744\n|move|p2b: Sneasler|Close Combat|p1a: Charizard\n|-resisted|p1a: Charizard|1\n|-damage|p1a: Charizard|0 fnt\n|-unboost|p2b: Sneasler|def|1\n|-unboost|p2b: Sneasler|spd|1\n|faint|p1a: Charizard\n|-enditem|p2b: Sneasler|White Herb\n|-clearnegativeboost|p2b: Sneasler|[silent]\n|move|p1b: Garchomp|Earthquake|p2b: Sneasler|[spread] p2a,p2b\n|-supereffective|p2b: Sneasler|1\n|-damage|p2a: Politoed|37/100\n|-damage|p2b: Sneasler|0 fnt\n|faint|p2b: Sneasler\n|move|p2a: Politoed|Weather Ball|p1b: Garchomp\n|-damage|p1b: Garchomp|0 fnt\n|faint|p1b: Garchomp\n|\n|win|isabellissima\n|raw|chash10's rating: 1193 &rarr; <strong>1165</strong><br />(-28 for losing)\n|raw|isabellissima's rating: 1154 &rarr; <strong>1182</strong><br />(+28 for winning)\n|l|\u2606chash10\n|player|p1|\n",
  "uploadtime": 1776413759,
  "views": 32,
  "formatid": "gen9championsvgc2026regma",
  "rating": 1165,
  "private": 0,
  "password": null
}