{
  "id": "gen9championsvgc2026regma-2583690895",
  "format": "[Gen 9 Champions] VGC 2026 Reg M-A",
  "players": [
    "chogi_an",
    "DanielleDoll"
  ],
  "log": "|j|\u2606chogi_an\n|j|\u2606DanielleDoll\n|t:|1776191285\n|gametype|doubles\n|player|p1|chogi_an|marlon|1107\n|player|p2|DanielleDoll|twins-gen4dp|1060\n|gen|9\n|tier|[Gen 9 Champions] VGC 2026 Reg M-A\n|rated|\n|rule|Species Clause: Limit one of each Pok\u00e9mon\n|rule|Item Clause: Limit 1 of each item\n|clearpoke\n|poke|p1|Charizard, L50, F|\n|poke|p1|Pelipper, L50, M|\n|poke|p1|Heliolisk, L50, M|\n|poke|p1|Sneasler, L50, M|\n|poke|p1|Garchomp, L50, F|\n|poke|p1|Archaludon, L50, M|\n|poke|p2|Abomasnow, L50, F|\n|poke|p2|Ninetales-Alola, L50, F|\n|poke|p2|Froslass, L50, F|\n|poke|p2|Milotic, L50, F|\n|poke|p2|Mamoswine, L50, F|\n|poke|p2|Incineroar, L50, F|\n|teampreview|4\n|inactive|Battle timer is ON: inactive players will automatically lose when time's up. (requested by chogi_an)\n|inactive|chogi_an has 60 seconds left.\n|\n|t:|1776191317\n|teamsize|p1|4\n|teamsize|p2|4\n|start\n|switch|p1a: Sneasler|Sneasler, L50, M|100/100\n|switch|p1b: Pelipper|Pelipper, L50, M|100/100\n|switch|p2a: Abomasnow|Abomasnow, L50, F|100/100\n|switch|p2b: Incineroar|Incineroar, L50, F|100/100\n|-weather|RainDance|[from] ability: Drizzle|[of] p1b: Pelipper\n|-ability|p2b: Incineroar|Intimidate|boost\n|-unboost|p1a: Sneasler|atk|1\n|-unboost|p1b: Pelipper|atk|1\n|-weather|Snowscape|[from] ability: Snow Warning|[of] p2a: Abomasnow\n|turn|1\n|\n|t:|1776191340\n|move|p2b: Incineroar|Fake Out|p1a: Sneasler\n|-damage|p1a: Sneasler|84/100\n|cant|p1a: Sneasler|flinch\n|move|p1b: Pelipper|Tailwind|p1b: Pelipper\n|-sidestart|p1: chogi_an|move: Tailwind\n|move|p2a: Abomasnow|Aurora Veil|p2a: Abomasnow\n|-sidestart|p2: DanielleDoll|move: Aurora Veil\n|\n|-weather|Snowscape|[upkeep]\n|upkeep\n|turn|2\n|c|\u2606chogi_an|How\n|c|\u2606chogi_an|Did incineror\n|c|\u2606chogi_an|Outspeed me\n|c|\u2606DanielleDoll|Fake out\n|inactive|chogi_an has 30 seconds left.\n|c|\u2606chogi_an|\ud83d\ude1b\n|inactive|chogi_an has 20 seconds left.\n|inactive|chogi_an has 15 seconds left.\n|c|\u2606DanielleDoll|Fastest Incin alive\n|\n|t:|1776191382\n|move|p2a: Abomasnow|Protect|p2a: Abomasnow\n|-singleturn|p2a: Abomasnow|Protect\n|move|p1a: Sneasler|Close Combat|p2b: Incineroar\n|-supereffective|p2b: Incineroar|1\n|-enditem|p2b: Incineroar|Chople Berry|[eat]\n|-enditem|p2b: Incineroar|Chople Berry|[weaken]\n|-damage|p2b: Incineroar|71/100\n|-unboost|p1a: Sneasler|def|1\n|-unboost|p1a: Sneasler|spd|1\n|move|p1b: Pelipper|Hurricane|p2a: Abomasnow\n|-activate|p2a: Abomasnow|move: Protect\n|move|p2b: Incineroar|Parting Shot|p1a: Sneasler\n|-unboost|p1a: Sneasler|atk|1\n|-unboost|p1a: Sneasler|spa|1\n|\n|t:|1776191395\n|switch|p2b: Milotic|Milotic, L50, F|100/100|[from] Parting Shot\n|\n|-weather|Snowscape|[upkeep]\n|upkeep\n|turn|3\n|\n|t:|1776191409\n|switch|p2a: Incineroar|Incineroar, L50, F|71/100\n|-ability|p2a: Incineroar|Intimidate|boost\n|-unboost|p1a: Sneasler|atk|1\n|-unboost|p1b: Pelipper|atk|1\n|move|p1a: Sneasler|Dire Claw|p2a: Incineroar\n|-damage|p2a: Incineroar|59/100\n|move|p1b: Pelipper|Hurricane|p2a: Incineroar|[miss]\n|-miss|p1b: Pelipper|p2a: Incineroar\n|move|p2b: Milotic|Icy Wind|p1a: Sneasler|[spread] p1a\n|-miss|p2b: Milotic|p1b: Pelipper\n|-damage|p1a: Sneasler|64/100\n|-unboost|p1a: Sneasler|spe|1\n|\n|-weather|Snowscape|[upkeep]\n|upkeep\n|turn|4\n|\n|t:|1776191433\n|switch|p1a: Charizard|Charizard, L50, F|100/100\n|move|p1b: Pelipper|Hurricane|p2b: Milotic\n|-damage|p2b: Milotic|88/100\n|move|p2b: Milotic|Icy Wind|p1b: Pelipper|[spread] p1a,p1b\n|-damage|p1a: Charizard|87/100\n|-damage|p1b: Pelipper|86/100\n|-unboost|p1a: Charizard|spe|1\n|-unboost|p1b: Pelipper|spe|1\n|-heal|p2b: Milotic|90/100|[from] item: Shell Bell|[of] p1b: Pelipper\n|move|p2a: Incineroar|Parting Shot|p1b: Pelipper\n|-unboost|p1b: Pelipper|atk|1\n|-unboost|p1b: Pelipper|spa|1\n|\n|t:|1776191448\n|switch|p2a: Ninetales|Ninetales-Alola, L50, F, shiny|100/100|[from] Parting Shot\n|\n|-weather|Snowscape|[upkeep]\n|-sideend|p1: chogi_an|move: Tailwind\n|upkeep\n|turn|5\n|\n|t:|1776191467\n|switch|p1a: Sneasler|Sneasler, L50, M|64/100\n|move|p2a: Ninetales|Aurora Veil||[still]\n|-fail|p2a: Ninetales\n|move|p2b: Milotic|Scald|p1a: Sneasler\n|-damage|p1a: Sneasler|22/100\n|-status|p1a: Sneasler|brn\n|-enditem|p1a: Sneasler|Sitrus Berry|[eat]\n|-heal|p1a: Sneasler|47/100 brn|[from] item: Sitrus Berry\n|-heal|p2b: Milotic|94/100|[from] item: Shell Bell|[of] p1a: Sneasler\n|move|p1b: Pelipper|Hurricane|p2a: Ninetales|[miss]\n|-miss|p1b: Pelipper|p2a: Ninetales\n|\n|-weather|none\n|-damage|p1a: Sneasler|41/100 brn|[from] brn\n|-sideend|p2: DanielleDoll|move: Aurora Veil\n|upkeep\n|turn|6\n|\n|t:|1776191491\n|switch|p2a: Abomasnow|Abomasnow, L50, F|100/100\n|-weather|Snowscape|[from] ability: Snow Warning|[of] p2a: Abomasnow\n|move|p1a: Sneasler|Fake Out|p2a: Abomasnow\n|-damage|p2a: Abomasnow|95/100\n|move|p2b: Milotic|Icy Wind|p1b: Pelipper|[spread] p1a,p1b\n|-damage|p1a: Sneasler|29/100 brn\n|-damage|p1b: Pelipper|72/100\n|-unboost|p1a: Sneasler|spe|1\n|-unboost|p1b: Pelipper|spe|1\n|-heal|p2b: Milotic|97/100|[from] item: Shell Bell|[of] p1b: Pelipper\n|move|p1b: Pelipper|Hurricane|p2b: Milotic|[miss]\n|-miss|p1b: Pelipper|p2b: Milotic\n|\n|-weather|Snowscape|[upkeep]\n|-damage|p1a: Sneasler|23/100 brn|[from] brn\n|upkeep\n|turn|7\n|\n|t:|1776191509\n|switch|p1b: Charizard|Charizard, L50, F|87/100\n|move|p2a: Abomasnow|Protect|p2a: Abomasnow\n|-singleturn|p2a: Abomasnow|Protect\n|move|p1a: Sneasler|Dire Claw|p2a: Abomasnow\n|-activate|p2a: Abomasnow|move: Protect\n|move|p2b: Milotic|Icy Wind|p1b: Charizard|[spread] p1a,p1b\n|-damage|p1a: Sneasler|10/100 brn\n|-damage|p1b: Charizard|74/100\n|-unboost|p1a: Sneasler|spe|1\n|-unboost|p1b: Charizard|spe|1\n|-heal|p2b: Milotic|99/100|[from] item: Shell Bell|[of] p1b: Charizard\n|\n|-weather|Snowscape|[upkeep]\n|-damage|p1a: Sneasler|4/100 brn|[from] brn\n|upkeep\n|turn|8\n|\n|t:|1776191524\n|detailschange|p1b: Charizard|Charizard-Mega-Y, L50, F\n|-mega|p1b: Charizard|Charizard|Charizardite Y\n|-weather|SunnyDay|[from] ability: Drought|[of] p1b: Charizard\n|move|p1a: Sneasler|Dire Claw|p2a: Abomasnow\n|-supereffective|p2a: Abomasnow|1\n|-damage|p2a: Abomasnow|50/100\n|move|p1b: Charizard|Solar Beam||[still]\n|-prepare|p1b: Charizard|Solar Beam\n|-anim|p1b: Charizard|Solar Beam|p2b: Milotic\n|-supereffective|p2b: Milotic|1\n|-damage|p2b: Milotic|43/100\n|move|p2b: Milotic|Scald|p1b: Charizard\n|-supereffective|p1b: Charizard|1\n|-damage|p1b: Charizard|46/100\n|-heal|p2b: Milotic|45/100|[from] item: Shell Bell|[of] p1b: Charizard\n|move|p2a: Abomasnow|Blizzard|p1b: Charizard|[spread] p1a,p1b\n|-crit|p1b: Charizard\n|-damage|p1a: Sneasler|0 fnt\n|-damage|p1b: Charizard|0 fnt\n|faint|p1a: Sneasler\n|faint|p1b: Charizard\n|\n|-weather|SunnyDay|[upkeep]\n|upkeep\n|c|\u2606DanielleDoll|nah id win\n|\n|t:|1776191543\n|switch|p1a: Pelipper|Pelipper, L50, M|72/100\n|switch|p1b: Garchomp|Garchomp, L50, F|100/100\n|-weather|RainDance|[from] ability: Drizzle|[of] p1a: Pelipper\n|turn|9\n|\n|t:|1776191560\n|switch|p2a: Ninetales|Ninetales-Alola, L50, F, shiny|100/100\n|-weather|Snowscape|[from] ability: Snow Warning|[of] p2a: Ninetales\n|move|p2b: Milotic|Protect|p2b: Milotic\n|-singleturn|p2b: Milotic|Protect\n|move|p1b: Garchomp|Dragon Pulse|p2b: Milotic\n|-activate|p2b: Milotic|move: Protect\n|move|p1a: Pelipper|Hurricane|p2a: Ninetales|[miss]\n|-miss|p1a: Pelipper|p2a: Ninetales\n|\n|-weather|Snowscape|[upkeep]\n|upkeep\n|turn|10\n|\n|t:|1776191575\n|move|p1b: Garchomp|Helping Hand|p1a: Pelipper\n|-singleturn|p1a: Pelipper|Helping Hand|[of] p1b: Garchomp\n|move|p2a: Ninetales|Blizzard|p1b: Garchomp|[spread] p1a,p1b\n|-supereffective|p1b: Garchomp|2\n|-damage|p1a: Pelipper|27/100\n|-damage|p1b: Garchomp|0 fnt\n|-status|p1a: Pelipper|frz\n|faint|p1b: Garchomp\n|move|p2b: Milotic|Recover|p2b: Milotic\n|-heal|p2b: Milotic|95/100\n|cant|p1a: Pelipper|frz\n|\n|-weather|Snowscape|[upkeep]\n|upkeep\n|turn|11\n|c|\u2606DanielleDoll|ggs\n|l|\u2606chogi_an\n|inactive|chogi_an disconnected and has a minute to reconnect!\n|player|p1|\n|j|\u2606chogi_an\n|inactive|chogi_an reconnected and has 40 seconds left.\n|player|p1|chogi_an|marlon|\n|inactive|chogi_an has 30 seconds left.\n|inactive|chogi_an has 20 seconds left.\n|inactive|chogi_an has 15 seconds left.\n|inactive|chogi_an has 10 seconds left.\n|inactive|chogi_an has 5 seconds left.\n|\n|t:|1776191630\n|cant|p1a: Pelipper|frz\n|move|p2a: Ninetales|Moonblast|p1a: Pelipper\n|-damage|p1a: Pelipper|0 fnt\n|faint|p1a: Pelipper\n|\n|win|DanielleDoll\n|raw|chogi_an's rating: 1107 &rarr; <strong>1079</strong><br />(-28 for losing)\n|raw|DanielleDoll's rating: 1060 &rarr; <strong>1095</strong><br />(+35 for winning)\n",
  "uploadtime": 1776191641,
  "views": 15,
  "formatid": "gen9championsvgc2026regma",
  "rating": 1079,
  "private": 0,
  "password": null
}