{
  "id": "gen9championsvgc2026regma-2585900241",
  "format": "[Gen 9 Champions] VGC 2026 Reg M-A",
  "players": [
    "SzlRavioli",
    "sirae"
  ],
  "log": "|j|\u2606SzlRavioli\n|j|\u2606sirae\n|t:|1776379705\n|gametype|doubles\n|player|p1|SzlRavioli|102|1089\n|player|p2|sirae|caitlin|1035\n|gen|9\n|tier|[Gen 9 Champions] VGC 2026 Reg M-A\n|rated|\n|rule|Species Clause: Limit one of each Pok\u00e9mon\n|rule|Item Clause: Limit 1 of each item\n|clearpoke\n|poke|p1|Blastoise, L50, M|\n|poke|p1|Sinistcha-Masterpiece, L50|\n|poke|p1|Incineroar, L50, M|\n|poke|p1|Aerodactyl, L50, M|\n|poke|p1|Farigiraf, L50, F|\n|poke|p1|Gengar, L50, F|\n|poke|p2|Gengar, L50, F|\n|poke|p2|Farigiraf, L50, F|\n|poke|p2|Incineroar, L50, F|\n|poke|p2|Sylveon, L50, F|\n|poke|p2|Sinistcha, L50|\n|poke|p2|Feraligatr, L50, F|\n|teampreview|4\n|inactive|Battle timer is ON: inactive players will automatically lose when time's up. (requested by sirae)\n|inactive|SzlRavioli has 60 seconds left.\n|inactive|sirae has 60 seconds left.\n|\n|t:|1776379745\n|teamsize|p1|4\n|teamsize|p2|4\n|start\n|switch|p1a: Aerodactyl|Aerodactyl, L50, M, shiny|100/100\n|switch|p1b: Incineroar|Incineroar, L50, M|100/100\n|switch|p2a: Sylveon|Sylveon, L50, F|100/100\n|switch|p2b: Farigiraf|Farigiraf, L50, F|100/100\n|-ability|p1a: Aerodactyl|Unnerve\n|-ability|p1b: Incineroar|Intimidate|boost\n|-unboost|p2a: Sylveon|atk|1\n|-unboost|p2b: Farigiraf|atk|1\n|turn|1\n|inactive|sirae has 30 seconds left.\n|inactive|sirae has 20 seconds left.\n|\n|t:|1776379781\n|switch|p1b: Farigiraf|Farigiraf, L50, F, shiny|100/100\n|move|p1a: Aerodactyl|Tailwind|p1a: Aerodactyl\n|-sidestart|p1: SzlRavioli|move: Tailwind\n|move|p2a: Sylveon|Hyper Beam|p1a: Aerodactyl\n|-crit|p1a: Aerodactyl\n|-enditem|p1a: Aerodactyl|Focus Sash\n|-damage|p1a: Aerodactyl|1/100\n|-mustrecharge|p2a: Sylveon\n|move|p2b: Farigiraf|Trick Room|p2b: Farigiraf\n|-fieldstart|move: Trick Room|[of] p2b: Farigiraf\n|\n|upkeep\n|turn|2\n|inactive|SzlRavioli has 30 seconds left.\n|\n|t:|1776379806\n|move|p2b: Farigiraf|Imprison|p2b: Farigiraf\n|-start|p2b: Farigiraf|move: Imprison\n|cant|p2a: Sylveon|recharge\n|cant|p1b: Farigiraf|move: Imprison|Psychic\n|move|p1a: Aerodactyl|Rock Slide|p2b: Farigiraf|[spread] p2b\n|-miss|p1a: Aerodactyl|p2a: Sylveon\n|-crit|p2b: Farigiraf\n|-damage|p2b: Farigiraf|62/100\n|\n|upkeep\n|turn|3\n|\n|t:|1776379823\n|switch|p2a: Incineroar|Incineroar, L50, F|100/100\n|-ability|p2a: Incineroar|Intimidate|boost\n|-unboost|p1a: Aerodactyl|atk|1\n|-unboost|p1b: Farigiraf|atk|1\n|switch|p1b: Incineroar|Incineroar, L50, M|100/100\n|-ability|p1b: Incineroar|Intimidate|boost\n|-unboost|p2a: Incineroar|atk|1\n|-unboost|p2b: Farigiraf|atk|1\n|move|p2b: Farigiraf|Psychic|p1a: Aerodactyl\n|-damage|p1a: Aerodactyl|0 fnt\n|faint|p1a: Aerodactyl\n|\n|upkeep\n|\n|t:|1776379838\n|switch|p1a: Blastoise|Blastoise, L50, M, shiny|100/100\n|turn|4\n|\n|t:|1776379862\n|detailschange|p1a: Blastoise|Blastoise-Mega, L50, M, shiny\n|-mega|p1a: Blastoise|Blastoise|Blastoisinite\n|move|p2a: Incineroar|Fake Out|p1a: Blastoise\n|-damage|p1a: Blastoise|93/100\n|move|p2b: Farigiraf|Psychic|p1a: Blastoise\n|-damage|p1a: Blastoise|57/100\n|move|p1b: Incineroar|Flare Blitz|p2b: Farigiraf\n|-damage|p2b: Farigiraf|19/100\n|-damage|p1b: Incineroar|87/100|[from] Recoil\n|cant|p1a: Blastoise|flinch\n|\n|-sideend|p1: SzlRavioli|move: Tailwind\n|upkeep\n|turn|5\n|\n|t:|1776379884\n|move|p1b: Incineroar|Flare Blitz|p2b: Farigiraf\n|-crit|p2b: Farigiraf\n|-damage|p2b: Farigiraf|0 fnt\n|faint|p2b: Farigiraf\n|-damage|p1b: Incineroar|81/100|[from] Recoil\n|move|p1a: Blastoise|Aura Sphere|p2a: Incineroar\n|-supereffective|p2a: Incineroar|1\n|-damage|p2a: Incineroar|16/100\n|-enditem|p2a: Incineroar|Sitrus Berry|[eat]\n|-heal|p2a: Incineroar|41/100|[from] item: Sitrus Berry\n|move|p2a: Incineroar|Darkest Lariat|p1a: Blastoise\n|-damage|p1a: Blastoise|34/100\n|\n|-fieldend|move: Trick Room\n|upkeep\n|\n|t:|1776379902\n|switch|p2b: Sylveon|Sylveon, L50, F|100/100\n|turn|6\n|\n|t:|1776379909\n|move|p2b: Sylveon|Hyper Voice|p1b: Incineroar|[spread] p1a,p1b\n|-damage|p1a: Blastoise|0 fnt\n|-damage|p1b: Incineroar|46/100\n|faint|p1a: Blastoise\n|move|p2a: Incineroar|Parting Shot|p1b: Incineroar\n|-unboost|p1b: Incineroar|atk|1\n|-unboost|p1b: Incineroar|spa|1\n|\n|t:|1776379916\n|switch|p2a: Gengar|Gengar, L50, F|100/100|[from] Parting Shot\n|move|p1b: Incineroar|Flare Blitz|p2b: Sylveon\n|-damage|p2b: Sylveon|49/100\n|-damage|p1b: Incineroar|32/100|[from] Recoil\n|\n|upkeep\n|\n|t:|1776379927\n|switch|p1a: Farigiraf|Farigiraf, L50, F, shiny|100/100\n|turn|7\n|\n|t:|1776379937\n|switch|p2b: Incineroar|Incineroar, L50, F|41/100\n|-ability|p2b: Incineroar|Intimidate|boost\n|-unboost|p1a: Farigiraf|atk|1\n|-unboost|p1b: Incineroar|atk|1\n|detailschange|p2a: Gengar|Gengar-Mega, L50, F\n|-mega|p2a: Gengar|Gengar|Gengarite\n|move|p2a: Gengar|Perish Song|p2a: Gengar\n|-start|p1a: Farigiraf|perish3|[silent]\n|-start|p1b: Incineroar|perish3|[silent]\n|-start|p2a: Gengar|perish3|[silent]\n|-start|p2b: Incineroar|perish3|[silent]\n|-fieldactivate|move: Perish Song\n|move|p1a: Farigiraf|Psychic|p2a: Gengar\n|-supereffective|p2a: Gengar|1\n|-damage|p2a: Gengar|25/100\n|move|p1b: Incineroar|Flare Blitz|p2b: Incineroar\n|-resisted|p2b: Incineroar|1\n|-crit|p2b: Incineroar\n|-damage|p2b: Incineroar|6/100\n|-damage|p1b: Incineroar|22/100|[from] Recoil\n|\n|-start|p2a: Gengar|perish3\n|-start|p1a: Farigiraf|perish3\n|-start|p2b: Incineroar|perish3\n|-start|p1b: Incineroar|perish3\n|upkeep\n|turn|8\n|inactive|sirae has 30 seconds left.\n|\n|t:|1776379965\n|move|p2a: Gengar|Protect|p2a: Gengar\n|-singleturn|p2a: Gengar|Protect\n|move|p1a: Farigiraf|Psychic|p2a: Gengar\n|-activate|p2a: Gengar|move: Protect\n|move|p2b: Incineroar|Parting Shot|p1b: Incineroar\n|-unboost|p1b: Incineroar|atk|1\n|-unboost|p1b: Incineroar|spa|1\n|\n|t:|1776379975\n|switch|p2b: Sylveon|Sylveon, L50, F|49/100|[from] Parting Shot\n|move|p1b: Incineroar|Flare Blitz|p2b: Sylveon\n|-damage|p2b: Sylveon|21/100\n|-damage|p1b: Incineroar|14/100|[from] Recoil\n|\n|-start|p2a: Gengar|perish2\n|-start|p1a: Farigiraf|perish2\n|-start|p1b: Incineroar|perish2\n|upkeep\n|turn|9\n|\n|t:|1776379990\n|switch|p2a: Incineroar|Incineroar, L50, F|6/100\n|-ability|p2a: Incineroar|Intimidate|boost\n|-unboost|p1a: Farigiraf|atk|1\n|-unboost|p1b: Incineroar|atk|1\n|move|p2b: Sylveon|Hyper Beam|p1a: Farigiraf\n|-damage|p1a: Farigiraf|22/100\n|-mustrecharge|p2b: Sylveon\n|move|p1a: Farigiraf|Psychic|p2a: Incineroar\n|-immune|p2a: Incineroar\n|move|p1b: Incineroar|Flare Blitz|p2b: Sylveon\n|-damage|p2b: Sylveon|0 fnt\n|faint|p2b: Sylveon\n|-damage|p1b: Incineroar|8/100|[from] Recoil\n|\n|-heal|p1a: Farigiraf|28/100|[from] item: Leftovers\n|-start|p1a: Farigiraf|perish1\n|-start|p1b: Incineroar|perish1\n|upkeep\n|\n|t:|1776380002\n|switch|p2b: Gengar|Gengar-Mega, L50, F|25/100\n|turn|10\n|\n|t:|1776380008\n|move|p2b: Gengar|Protect|p2b: Gengar\n|-singleturn|p2b: Gengar|Protect\n|move|p1a: Farigiraf|Psychic|p2b: Gengar\n|-activate|p2b: Gengar|move: Protect\n|move|p2a: Incineroar|Parting Shot|p1b: Incineroar\n|-unboost|p1b: Incineroar|atk|1\n|-unboost|p1b: Incineroar|spa|1\n|move|p1b: Incineroar|Flare Blitz|p2a: Incineroar\n|-resisted|p2a: Incineroar|1\n|-damage|p2a: Incineroar|0 fnt\n|faint|p2a: Incineroar\n|-damage|p1b: Incineroar|6/100|[from] Recoil\n|\n|-heal|p1a: Farigiraf|34/100|[from] item: Leftovers\n|-start|p1a: Farigiraf|perish0\n|-start|p1b: Incineroar|perish0\n|faint|p1a: Farigiraf\n|faint|p1b: Incineroar\n|\n|win|sirae\n|raw|SzlRavioli's rating: 1089 &rarr; <strong>1062</strong><br />(-27 for losing)\n|raw|sirae's rating: 1035 &rarr; <strong>1075</strong><br />(+40 for winning)\n",
  "uploadtime": 1776380010,
  "views": 28,
  "formatid": "gen9championsvgc2026regma",
  "rating": 1062,
  "private": 0,
  "password": null
}