{
  "id": "gen9championsvgc2026regma-2584273007",
  "format": "[Gen 9 Champions] VGC 2026 Reg M-A",
  "players": [
    "porygon-epilepz",
    "Kawhiblanco"
  ],
  "log": "|j|\u2606porygon-epilepz\n|j|\u2606Kawhiblanco\n|t:|1776245789\n|gametype|doubles\n|player|p1|porygon-epilepz|hiker-gen4|1251\n|player|p2|Kawhiblanco|102|1216\n|gen|9\n|tier|[Gen 9 Champions] VGC 2026 Reg M-A\n|rated|\n|rule|Species Clause: Limit one of each Pok\u00e9mon\n|rule|Item Clause: Limit 1 of each item\n|clearpoke\n|poke|p1|Floette-Eternal, L50, F|\n|poke|p1|Incineroar, L50, M|\n|poke|p1|Garchomp, L50, F|\n|poke|p1|Aerodactyl, L50, F|\n|poke|p1|Sneasler, L50, F|\n|poke|p1|Basculegion, L50, M|\n|poke|p2|Arcanine, L50, F|\n|poke|p2|Rotom-Wash, L50|\n|poke|p2|Garchomp, L50, F|\n|poke|p2|Gardevoir, L50, M|\n|poke|p2|Sinistcha, L50|\n|poke|p2|Tyranitar, L50, M|\n|teampreview|4\n|l|\u2606Kawhiblanco\n|player|p2|\n|j|\u2606Kawhiblanco\n|player|p2|Kawhiblanco|102|\n|\n|t:|1776245845\n|teamsize|p1|4\n|teamsize|p2|4\n|start\n|switch|p1a: Incineroar|Incineroar, L50, M|100/100\n|switch|p1b: Basculegion|Basculegion, L50, M|100/100\n|switch|p2a: Gardevoir|Gardevoir, L50, M|100/100\n|switch|p2b: Rotom|Rotom-Wash, L50|100/100\n|-ability|p1a: Incineroar|Intimidate|boost\n|-unboost|p2a: Gardevoir|atk|1\n|-unboost|p2b: Rotom|atk|1\n|turn|1\n|\n|t:|1776245877\n|detailschange|p2a: Gardevoir|Gardevoir-Mega, L50, M\n|-mega|p2a: Gardevoir|Gardevoir|Gardevoirite\n|move|p2a: Gardevoir|Protect|p2a: Gardevoir\n|-singleturn|p2a: Gardevoir|Protect\n|move|p1b: Basculegion|Flip Turn|p2b: Rotom\n|-resisted|p2b: Rotom|1\n|-damage|p2b: Rotom|76/100\n|\n|t:|1776245882\n|switch|p1b: Floette|Floette-Eternal, L50, F|100/100|[from] Flip Turn\n|move|p2b: Rotom|Discharge|p1b: Floette|[spread] p1a,p1b\n|-activate|p2a: Gardevoir|move: Protect\n|-damage|p1a: Incineroar|73/100\n|-damage|p1b: Floette|72/100\n|move|p1a: Incineroar|Throat Chop|p2a: Gardevoir\n|-activate|p2a: Gardevoir|move: Protect\n|\n|upkeep\n|turn|2\n|\n|t:|1776245904\n|switch|p2b: Sinistcha|Sinistcha, L50|100/100\n|detailschange|p1b: Floette|Floette-Mega, L50, F\n|-mega|p1b: Floette|Floette|Floettite\n|-ability|p1b: Floette|Fairy Aura\n|move|p1b: Floette|Calm Mind|p1b: Floette\n|-boost|p1b: Floette|spa|1\n|-boost|p1b: Floette|spd|1\n|move|p2a: Gardevoir|Psyshock|p1b: Floette\n|-damage|p1b: Floette|8/100\n|move|p1a: Incineroar|Throat Chop|p2a: Gardevoir\n|-damage|p2a: Gardevoir|60/100\n|-start|p2a: Gardevoir|Throat Chop|[silent]\n|\n|upkeep\n|turn|3\n|\n|t:|1776245924\n|move|p2b: Sinistcha|Rage Powder|p2b: Sinistcha\n|-singleturn|p2b: Sinistcha|move: Rage Powder\n|move|p1b: Floette|Dazzling Gleam|p2a: Gardevoir|[spread] p2a,p2b\n|-damage|p2a: Gardevoir|0 fnt\n|-damage|p2b: Sinistcha|30/100\n|faint|p2a: Gardevoir\n|move|p1a: Incineroar|Flare Blitz|p2b: Sinistcha\n|-supereffective|p2b: Sinistcha|1\n|-damage|p2b: Sinistcha|0 fnt\n|faint|p2b: Sinistcha\n|-damage|p1a: Incineroar|65/100|[from] Recoil\n|\n|upkeep\n|\n|t:|1776245932\n|switch|p2a: Rotom|Rotom-Wash, L50|76/100\n|switch|p2b: Garchomp|Garchomp, L50, F|100/100\n|turn|4\n|\n|t:|1776245944\n|move|p2a: Rotom|Thunderbolt|p1b: Floette\n|-damage|p1b: Floette|0 fnt\n|faint|p1b: Floette\n|move|p2b: Garchomp|Earthquake|p1a: Incineroar|[spread] p1a\n|-immune|p2a: Rotom|[from] ability: Levitate\n|-supereffective|p1a: Incineroar|1\n|-damage|p1a: Incineroar|13/100\n|-enditem|p1a: Incineroar|Sitrus Berry|[eat]\n|-heal|p1a: Incineroar|38/100|[from] item: Sitrus Berry\n|move|p1a: Incineroar|Flare Blitz|p2a: Rotom\n|-resisted|p2a: Rotom|1\n|-damage|p2a: Rotom|45/100\n|-damage|p1a: Incineroar|32/100|[from] Recoil\n|\n|upkeep\n|\n|t:|1776245949\n|switch|p1b: Basculegion|Basculegion, L50, M|100/100\n|turn|5\n|\n|t:|1776245967\n|move|p1b: Basculegion|Last Respects|p2b: Garchomp\n|-damage|p2b: Garchomp|43/100\n|move|p2a: Rotom|Thunderbolt|p1b: Basculegion\n|-supereffective|p1b: Basculegion|1\n|-damage|p1b: Basculegion|0 fnt\n|faint|p1b: Basculegion\n|move|p2b: Garchomp|Earthquake|p1a: Incineroar|[spread] p1a\n|-immune|p2a: Rotom|[from] ability: Levitate\n|-supereffective|p1a: Incineroar|1\n|-damage|p1a: Incineroar|0 fnt\n|faint|p1a: Incineroar\n|\n|upkeep\n|\n|t:|1776245971\n|switch|p1b: Aerodactyl|Aerodactyl, L50, F|100/100\n|-ability|p1b: Aerodactyl|Unnerve\n|turn|6\n|\n|t:|1776245981\n|move|p2a: Rotom|Thunderbolt|p1b: Aerodactyl\n|-supereffective|p1b: Aerodactyl|1\n|-enditem|p1b: Aerodactyl|Focus Sash\n|-damage|p1b: Aerodactyl|1/100\n|move|p1b: Aerodactyl|Rock Slide|p2b: Garchomp|[spread] p2a,p2b\n|-resisted|p2b: Garchomp|1\n|-damage|p2a: Rotom|12/100\n|-damage|p2b: Garchomp|30/100\n|cant|p2b: Garchomp|flinch\n|\n|upkeep\n|turn|7\n|\n|t:|1776245992\n|move|p2a: Rotom|Thunderbolt|p1b: Aerodactyl\n|-supereffective|p1b: Aerodactyl|1\n|-damage|p1b: Aerodactyl|0 fnt\n|faint|p1b: Aerodactyl\n|\n|win|Kawhiblanco\n|raw|porygon-epilepz's rating: 1251 &rarr; <strong>1223</strong><br />(-28 for losing)\n|raw|Kawhiblanco's rating: 1216 &rarr; <strong>1244</strong><br />(+28 for winning)\n",
  "uploadtime": 1776245793,
  "views": 31,
  "formatid": "gen9championsvgc2026regma",
  "rating": 1223,
  "private": 0,
  "password": null
}