{
  "id": "gen9championsvgc2026regma-2583426165",
  "format": "[Gen 9 Champions] VGC 2026 Reg M-A",
  "players": [
    "Yab0ner",
    "ashe18"
  ],
  "log": "|j|\u2606Yab0ner\n|j|\u2606ashe18\n|t:|1776174859\n|gametype|doubles\n|player|p1|Yab0ner|crasherwake|1050\n|player|p2|ashe18|170|1063\n|gen|9\n|tier|[Gen 9 Champions] VGC 2026 Reg M-A\n|rated|\n|rule|Species Clause: Limit one of each Pok\u00e9mon\n|rule|Item Clause: Limit 1 of each item\n|clearpoke\n|poke|p1|Gengar, L50, F|\n|poke|p1|Primarina, L50, F|\n|poke|p1|Politoed, L50, M|\n|poke|p1|Kommo-o, L50, M|\n|poke|p1|Raichu, L50, M|\n|poke|p1|Talonflame, L50, F|\n|poke|p2|Slowking, L50, F|\n|poke|p2|Crabominable, L50, F|\n|poke|p2|Incineroar, L50, M|\n|poke|p2|Sinistcha, L50|\n|poke|p2|Golurk, L50|\n|poke|p2|Tyranitar, L50, M|\n|teampreview|4\n|inactive|Battle timer is ON: inactive players will automatically lose when time's up. (requested by ashe18)\n|inactive|Yab0ner also wants the timer to be on.\n|\n|t:|1776174887\n|teamsize|p1|4\n|teamsize|p2|4\n|start\n|switch|p1a: Talonflame|Talonflame, L50, F, shiny|100/100\n|switch|p1b: Politoed|Politoed, L50, M|100/100\n|switch|p2a: Incineroar|Incineroar, L50, M|100/100\n|switch|p2b: Slowking|Slowking, L50, F|100/100\n|-weather|RainDance|[from] ability: Drizzle|[of] p1b: Politoed\n|-ability|p2a: Incineroar|Intimidate|boost\n|-unboost|p1a: Talonflame|atk|1\n|-unboost|p1b: Politoed|atk|1\n|turn|1\n|\n|t:|1776174908\n|move|p1a: Talonflame|Protect|p1a: Talonflame\n|-singleturn|p1a: Talonflame|Protect\n|move|p2a: Incineroar|Fake Out|p1b: Politoed\n|-damage|p1b: Politoed|84/100\n|cant|p1b: Politoed|flinch\n|move|p2b: Slowking|Trick Room|p2b: Slowking\n|-fieldstart|move: Trick Room|[of] p2b: Slowking\n|\n|-weather|RainDance|[upkeep]\n|upkeep\n|turn|2\n|inactive|Yab0ner has 30 seconds left.\n|inactive|ashe18 has 30 seconds left.\n|\n|t:|1776174941\n|switch|p1b: Gengar|Gengar, L50, F, shiny|100/100\n|-prepare|p2b: Slowking|Chilly Reception|[premajor]\n|move|p2b: Slowking|Chilly Reception|p2b: Slowking\n|-weather|Snowscape\n|\n|t:|1776174949\n|switch|p2b: Sinistcha|Sinistcha, L50|100/100|[from] Chilly Reception\n|move|p2a: Incineroar|Parting Shot|p1b: Gengar\n|-unboost|p1b: Gengar|atk|1\n|-unboost|p1b: Gengar|spa|1\n|\n|t:|1776174957\n|switch|p2a: Crabominable|Crabominable, L50, F|100/100|[from] Parting Shot\n|move|p1a: Talonflame|U-turn|p2a: Crabominable\n|-resisted|p2a: Crabominable|1\n|-damage|p2a: Crabominable|96/100\n|\n|t:|1776174969\n|switch|p1a: Politoed|Politoed, L50, M|84/100|[from] U-turn\n|-weather|RainDance|[from] ability: Drizzle|[of] p1a: Politoed\n|\n|-weather|RainDance|[upkeep]\n|upkeep\n|turn|3\n|\n|t:|1776174992\n|detailschange|p2a: Crabominable|Crabominable-Mega, L50, F\n|-mega|p2a: Crabominable|Crabominable|Crabominite\n|detailschange|p1b: Gengar|Gengar-Mega, L50, F, shiny\n|-mega|p1b: Gengar|Gengar|Gengarite\n|move|p1b: Gengar|Protect|p1b: Gengar\n|-singleturn|p1b: Gengar|Protect\n|move|p2a: Crabominable|Thunder Punch|p1a: Politoed\n|-supereffective|p1a: Politoed|1\n|-damage|p1a: Politoed|0 fnt\n|faint|p1a: Politoed\n|move|p2b: Sinistcha|Shadow Ball|p1b: Gengar\n|-activate|p1b: Gengar|move: Protect\n|\n|-weather|RainDance|[upkeep]\n|upkeep\n|\n|t:|1776175011\n|switch|p1a: Primarina|Primarina, L50, F|100/100\n|turn|4\n|\n|t:|1776175025\n|switch|p1b: Talonflame|Talonflame, L50, F, shiny|100/100\n|move|p1a: Primarina|Protect|p1a: Primarina\n|-singleturn|p1a: Primarina|Protect\n|move|p2a: Crabominable|Thunder Punch|p1a: Primarina\n|-activate|p1a: Primarina|move: Protect\n|move|p2b: Sinistcha|Shadow Ball|p1b: Talonflame\n|-damage|p1b: Talonflame|34/100\n|\n|-weather|RainDance|[upkeep]\n|-heal|p1b: Talonflame|40/100|[from] item: Leftovers\n|upkeep\n|turn|5\n|inactive|Yab0ner has 30 seconds left.\n|inactive|Yab0ner has 20 seconds left.\n|\n|t:|1776175060\n|switch|p2b: Slowking|Slowking, L50, F|100/100\n|move|p1b: Talonflame|Protect|p1b: Talonflame\n|-singleturn|p1b: Talonflame|Protect\n|move|p2a: Crabominable|Thunder Punch|p1b: Talonflame\n|-activate|p1b: Talonflame|move: Protect\n|move|p1a: Primarina|Moonblast|p2a: Crabominable\n|-supereffective|p2a: Crabominable|1\n|-damage|p2a: Crabominable|19/100\n|\n|-weather|RainDance|[upkeep]\n|-heal|p1b: Talonflame|46/100|[from] item: Leftovers\n|-fieldend|move: Trick Room\n|upkeep\n|turn|6\n|inactive|Yab0ner has 30 seconds left.\n|\n|t:|1776175089\n|switch|p2a: Incineroar|Incineroar, L50, M|100/100\n|-ability|p2a: Incineroar|Intimidate|boost\n|-unboost|p1a: Primarina|atk|1\n|-unboost|p1b: Talonflame|atk|1\n|move|p1b: Talonflame|U-turn|p2b: Slowking\n|-supereffective|p2b: Slowking|1\n|-damage|p2b: Slowking|83/100\n|\n|t:|1776175097\n|switch|p1b: Gengar|Gengar-Mega, L50, F, shiny|100/100|[from] U-turn\n|move|p1a: Primarina|Flip Turn|p2a: Incineroar\n|-supereffective|p2a: Incineroar|1\n|-crit|p2a: Incineroar\n|-damage|p2a: Incineroar|17/100\n|-enditem|p2a: Incineroar|Sitrus Berry|[eat]\n|-heal|p2a: Incineroar|42/100|[from] item: Sitrus Berry\n|\n|t:|1776175107\n|switch|p1a: Talonflame|Talonflame, L50, F, shiny|46/100|[from] Flip Turn\n|move|p2b: Slowking|Trick Room|p2b: Slowking\n|-fieldstart|move: Trick Room|[of] p2b: Slowking\n|\n|-weather|none\n|-heal|p1a: Talonflame|51/100|[from] item: Leftovers\n|upkeep\n|turn|7\n|inactive|Yab0ner has 30 seconds left.\n|\n|t:|1776175141\n|move|p2a: Incineroar|Fake Out|p1a: Talonflame\n|-damage|p1a: Talonflame|35/100\n|-prepare|p2b: Slowking|Chilly Reception|[premajor]\n|move|p2b: Slowking|Chilly Reception|p2b: Slowking\n|-weather|Snowscape\n|\n|t:|1776175151\n|switch|p2b: Sinistcha|Sinistcha, L50|100/100|[from] Chilly Reception\n|-heal|p2a: Incineroar|67/100|[from] ability: Hospitality|[of] p2b: Sinistcha\n|cant|p1a: Talonflame|flinch\n|move|p1b: Gengar|Perish Song|p1b: Gengar\n|-start|p1a: Talonflame|perish3|[silent]\n|-start|p1b: Gengar|perish3|[silent]\n|-start|p2a: Incineroar|perish3|[silent]\n|-start|p2b: Sinistcha|perish3|[silent]\n|-fieldactivate|move: Perish Song\n|\n|-weather|Snowscape|[upkeep]\n|-heal|p1a: Talonflame|41/100|[from] item: Leftovers\n|-start|p2a: Incineroar|perish3\n|-start|p2b: Sinistcha|perish3\n|-start|p1a: Talonflame|perish3\n|-start|p1b: Gengar|perish3\n|upkeep\n|turn|8\n|\n|t:|1776175171\n|move|p1a: Talonflame|Protect|p1a: Talonflame\n|-singleturn|p1a: Talonflame|Protect\n|move|p1b: Gengar|Protect|p1b: Gengar\n|-singleturn|p1b: Gengar|Protect\n|move|p2a: Incineroar|Darkest Lariat|p1b: Gengar\n|-activate|p1b: Gengar|move: Protect\n|move|p2b: Sinistcha|Matcha Gotcha|p1a: Talonflame|[spread] \n|-activate|p1a: Talonflame|move: Protect\n|-activate|p1b: Gengar|move: Protect\n|\n|-weather|Snowscape|[upkeep]\n|-heal|p1a: Talonflame|47/100|[from] item: Leftovers\n|-start|p2a: Incineroar|perish2\n|-start|p2b: Sinistcha|perish2\n|-start|p1a: Talonflame|perish2\n|-start|p1b: Gengar|perish2\n|upkeep\n|turn|9\n|inactive|Yab0ner has 30 seconds left.\n|\n|t:|1776175198\n|switch|p1b: Primarina|Primarina, L50, F|100/100\n|move|p2a: Incineroar|Darkest Lariat|p1b: Primarina\n|-resisted|p1b: Primarina|1\n|-damage|p1b: Primarina|75/100\n|move|p2b: Sinistcha|Matcha Gotcha|p1b: Primarina|[spread] p1a,p1b\n|-resisted|p1a: Talonflame|2\n|-supereffective|p1b: Primarina|1\n|-damage|p1a: Talonflame|34/100\n|-damage|p1b: Primarina|18/100\n|move|p1a: Talonflame|U-turn|p2b: Sinistcha\n|-damage|p2b: Sinistcha|87/100\n|\n|t:|1776175211\n|switch|p1a: Gengar|Gengar-Mega, L50, F, shiny|100/100|[from] U-turn\n|\n|-weather|Snowscape|[upkeep]\n|-start|p2a: Incineroar|perish1\n|-start|p2b: Sinistcha|perish1\n|upkeep\n|turn|10\n|\n|t:|1776175222\n|move|p1b: Primarina|Protect|p1b: Primarina\n|-singleturn|p1b: Primarina|Protect\n|move|p1a: Gengar|Protect|p1a: Gengar\n|-singleturn|p1a: Gengar|Protect\n|move|p2a: Incineroar|Darkest Lariat|p1a: Gengar\n|-activate|p1a: Gengar|move: Protect\n|move|p2b: Sinistcha|Matcha Gotcha|p1b: Primarina|[spread] \n|-activate|p1a: Gengar|move: Protect\n|-activate|p1b: Primarina|move: Protect\n|\n|-weather|Snowscape|[upkeep]\n|-start|p2a: Incineroar|perish0\n|-start|p2b: Sinistcha|perish0\n|-fieldend|move: Trick Room\n|faint|p2a: Incineroar\n|faint|p2b: Sinistcha\n|upkeep\n|\n|t:|1776175227\n|switch|p2b: Slowking|Slowking, L50, F|100/100\n|switch|p2a: Crabominable|Crabominable-Mega, L50, F|19/100\n|turn|11\n|inactive|Yab0ner has 30 seconds left.\n|\n|t:|1776175252\n|move|p1a: Gengar|Shadow Ball|p2b: Slowking\n|-supereffective|p2b: Slowking|1\n|-damage|p2b: Slowking|25/100\n|move|p1b: Primarina|Moonblast|p2a: Crabominable\n|-supereffective|p2a: Crabominable|1\n|-damage|p2a: Crabominable|0 fnt\n|faint|p2a: Crabominable\n|move|p2b: Slowking|Psychic|p1a: Gengar\n|-supereffective|p1a: Gengar|1\n|-damage|p1a: Gengar|4/100\n|-unboost|p1a: Gengar|spd|1\n|\n|-weather|none\n|upkeep\n|turn|12\n|\n|t:|1776175270\n|move|p1a: Gengar|Shadow Ball|p2b: Slowking\n|-supereffective|p2b: Slowking|1\n|-damage|p2b: Slowking|0 fnt\n|faint|p2b: Slowking\n|\n|win|Yab0ner\n|raw|Yab0ner's rating: 1050 &rarr; <strong>1084</strong><br />(+34 for winning)\n|raw|ashe18's rating: 1063 &rarr; <strong>1043</strong><br />(-20 for losing)\n|l|\u2606ashe18\n|player|p2|\n",
  "uploadtime": 1776175277,
  "views": 19,
  "formatid": "gen9championsvgc2026regma",
  "rating": 1043,
  "private": 0,
  "password": null
}