{
  "id": "gen9championsvgc2026regma-2587024566",
  "format": "[Gen 9 Champions] VGC 2026 Reg M-A",
  "players": [
    "Bregin",
    "OberonVor"
  ],
  "log": "|j|\u2606Bregin\n|j|\u2606OberonVor\n|t:|1776482425\n|gametype|doubles\n|player|p1|Bregin|265|1224\n|player|p2|OberonVor|cynthia-gen4|1314\n|gen|9\n|tier|[Gen 9 Champions] VGC 2026 Reg M-A\n|rated|\n|rule|Species Clause: Limit one of each Pok\u00e9mon\n|rule|Item Clause: Limit 1 of each item\n|clearpoke\n|poke|p1|Incineroar, L50, F|\n|poke|p1|Meganium, L50, F|\n|poke|p1|Pelipper, L50, M|\n|poke|p1|Sneasler, L50, F|\n|poke|p1|Archaludon, L50, M|\n|poke|p1|Clefable, L50, M|\n|poke|p2|Maushold-Four, L50|\n|poke|p2|Sableye, L50, F|\n|poke|p2|Oranguru, L50, F|\n|poke|p2|Garchomp, L50, M|\n|poke|p2|Rotom-Heat, L50|\n|poke|p2|Delphox, L50, M|\n|teampreview|4\n|inactive|Battle timer is ON: inactive players will automatically lose when time's up. (requested by Bregin)\n|\n|t:|1776482452\n|teamsize|p1|4\n|teamsize|p2|4\n|start\n|switch|p1a: Pelipper|Pelipper, L50, M|100/100\n|switch|p1b: Archaludon|Archaludon, L50, M|100/100\n|switch|p2a: Sinh vi\u00ean|Sableye, L50, F|100/100\n|switch|p2b: Delphox|Delphox, L50, M|100/100\n|-weather|RainDance|[from] ability: Drizzle|[of] p1a: Pelipper\n|turn|1\n|\n|t:|1776482462\n|detailschange|p2b: Delphox|Delphox-Mega, L50, M\n|-mega|p2b: Delphox|Delphox|Delphoxite\n|move|p2a: Sinh vi\u00ean|Fake Out|p1b: Archaludon\n|-resisted|p1b: Archaludon|1\n|-damage|p1b: Archaludon|98/100\n|-ability|p1b: Archaludon|Stamina|boost\n|-boost|p1b: Archaludon|def|1\n|move|p2b: Delphox|Psychic|p1a: Pelipper\n|-damage|p1a: Pelipper|6/100\n|move|p1a: Pelipper|Tailwind|p1a: Pelipper\n|-sidestart|p1: Bregin|move: Tailwind\n|cant|p1b: Archaludon|flinch\n|\n|-weather|RainDance|[upkeep]\n|upkeep\n|turn|2\n|inactive|OberonVor has 30 seconds left.\n|\n|t:|1776482487\n|move|p2a: Sinh vi\u00ean|Encore|p1a: Pelipper\n|-start|p1a: Pelipper|Encore\n|move|p1a: Pelipper|Tailwind||[still]\n|-fail|p1a: Pelipper\n|move|p1b: Archaludon|Electro Shot||[still]\n|-prepare|p1b: Archaludon|Electro Shot\n|-boost|p1b: Archaludon|spa|1\n|-anim|p1b: Archaludon|Electro Shot|p2a: Sinh vi\u00ean\n|-enditem|p2a: Sinh vi\u00ean|Focus Sash\n|-damage|p2a: Sinh vi\u00ean|1/100\n|move|p2b: Delphox|Psychic|p1b: Archaludon\n|-resisted|p1b: Archaludon|1\n|-crit|p1b: Archaludon\n|-damage|p1b: Archaludon|52/100\n|-ability|p1b: Archaludon|Stamina|boost\n|-boost|p1b: Archaludon|def|1\n|\n|-weather|RainDance|[upkeep]\n|upkeep\n|turn|3\n|\n|t:|1776482504\n|switch|p1a: Incineroar|Incineroar, L50, F|100/100\n|-ability|p1a: Incineroar|Intimidate|boost\n|-unboost|p2a: Sinh vi\u00ean|atk|1\n|-unboost|p2b: Delphox|atk|1\n|move|p2a: Sinh vi\u00ean|Gravity|p2a: Sinh vi\u00ean\n|-fieldstart|move: Gravity\n|move|p1b: Archaludon|Draco Meteor|p2b: Delphox\n|-damage|p2b: Delphox|11/100\n|-unboost|p1b: Archaludon|spa|2\n|move|p2b: Delphox|Hypnosis|p1b: Archaludon\n|-status|p1b: Archaludon|slp|[from] move: Hypnosis\n|\n|-weather|RainDance|[upkeep]\n|upkeep\n|turn|4\n|\n|t:|1776482523\n|switch|p2b: Oranguru|Oranguru, L50, F|100/100\n|switch|p2a: Garchomp|Garchomp, L50, M|100/100\n|move|p1a: Incineroar|Fake Out|p2b: Oranguru\n|-damage|p2b: Oranguru|90/100\n|cant|p1b: Archaludon|slp\n|\n|-weather|RainDance|[upkeep]\n|-heal|p2b: Oranguru|96/100|[from] item: Leftovers\n|-sideend|p1: Bregin|move: Tailwind\n|upkeep\n|turn|5\n|\n|t:|1776482542\n|switch|p1b: Pelipper|Pelipper, L50, M|6/100\n|move|p2a: Garchomp|Earthquake|p1a: Incineroar|[spread] p1a,p1b\n|-activate|p2b: Oranguru|ability: Telepathy\n|-supereffective|p1a: Incineroar|1\n|-damage|p1a: Incineroar|25/100\n|-damage|p1b: Pelipper|0 fnt\n|faint|p1b: Pelipper\n|move|p1a: Incineroar|Parting Shot|p2a: Garchomp\n|-unboost|p2a: Garchomp|atk|1\n|-unboost|p2a: Garchomp|spa|1\n|\n|t:|1776482563\n|switch|p1a: Meganium|Meganium, L50, F|100/100|[from] Parting Shot\n|-enditem|p2a: Garchomp|White Herb\n|-clearnegativeboost|p2a: Garchomp|[silent]\n|move|p2b: Oranguru|Instruct|p2a: Garchomp\n|-singleturn|p2a: Garchomp|move: Instruct|[of] p2b: Oranguru\n|move|p2a: Garchomp|Earthquake|p1a: Meganium|[spread] p1a\n|-activate|p2b: Oranguru|ability: Telepathy\n|-resisted|p1a: Meganium|1\n|-damage|p1a: Meganium|79/100\n|\n|-weather|none\n|-heal|p2b: Oranguru|100/100|[from] item: Leftovers\n|upkeep\n|\n|t:|1776482565\n|switch|p1b: Incineroar|Incineroar, L50, F|25/100\n|-ability|p1b: Incineroar|Intimidate|boost\n|-unboost|p2a: Garchomp|atk|1\n|-unboost|p2b: Oranguru|atk|1\n|turn|6\n|\n|t:|1776482588\n|switch|p2a: Sinh vi\u00ean|Sableye, L50, F|1/100\n|detailschange|p1a: Meganium|Meganium-Mega, L50, F\n|-mega|p1a: Meganium|Meganium|Meganiumite\n|move|p2b: Oranguru|Protect|p2b: Oranguru\n|-singleturn|p2b: Oranguru|Protect\n|move|p1b: Incineroar|Fake Out|p2a: Sinh vi\u00ean\n|-immune|p2a: Sinh vi\u00ean\n|move|p1a: Meganium|Dazzling Gleam|p2a: Sinh vi\u00ean|[spread] p2a\n|-activate|p2b: Oranguru|move: Protect\n|-supereffective|p2a: Sinh vi\u00ean|1\n|-damage|p2a: Sinh vi\u00ean|0 fnt\n|faint|p2a: Sinh vi\u00ean\n|\n|upkeep\n|\n|t:|1776482599\n|switch|p2a: Delphox|Delphox-Mega, L50, M|11/100\n|turn|7\n|\n|t:|1776482605\n|switch|p1b: Archaludon|Archaludon, L50, M|52/100 slp\n|move|p1a: Meganium|Protect|p1a: Meganium\n|-singleturn|p1a: Meganium|Protect\n|move|p2a: Delphox|Heat Wave|p1a: Meganium|[spread] p1b\n|-activate|p1a: Meganium|move: Protect\n|-damage|p1b: Archaludon|7/100 slp\n|-ability|p1b: Archaludon|Stamina|boost\n|-boost|p1b: Archaludon|def|1\n|move|p2b: Oranguru|Instruct|p2a: Delphox\n|-singleturn|p2a: Delphox|move: Instruct|[of] p2b: Oranguru\n|move|p2a: Delphox|Heat Wave|p1b: Archaludon|[spread] p1b\n|-activate|p1a: Meganium|move: Protect\n|-damage|p1b: Archaludon|0 fnt\n|faint|p1b: Archaludon\n|\n|-fieldend|move: Gravity\n|upkeep\n|\n|t:|1776482608\n|switch|p1b: Incineroar|Incineroar, L50, F|25/100\n|-ability|p1b: Incineroar|Intimidate|boost\n|-unboost|p2a: Delphox|atk|1\n|-unboost|p2b: Oranguru|atk|1\n|turn|8\n|\n|t:|1776482624\n|move|p2a: Delphox|Protect|p2a: Delphox\n|-singleturn|p2a: Delphox|Protect\n|move|p2b: Oranguru|Protect|p2b: Oranguru\n|-singleturn|p2b: Oranguru|Protect\n|move|p1b: Incineroar|Fake Out|p2a: Delphox\n|-activate|p2a: Delphox|move: Protect\n|move|p1a: Meganium|Dazzling Gleam|p2b: Oranguru|[spread] \n|-activate|p2a: Delphox|move: Protect\n|-activate|p2b: Oranguru|move: Protect\n|\n|upkeep\n|turn|9\n|\n|t:|1776482631\n|move|p1a: Meganium|Protect|p1a: Meganium\n|-singleturn|p1a: Meganium|Protect\n|move|p2a: Delphox|Heat Wave|p1a: Meganium|[spread] p1b\n|-activate|p1a: Meganium|move: Protect\n|-resisted|p1b: Incineroar|1\n|-damage|p1b: Incineroar|6/100\n|move|p2b: Oranguru|Instruct|p2a: Delphox\n|-singleturn|p2a: Delphox|move: Instruct|[of] p2b: Oranguru\n|move|p2a: Delphox|Heat Wave|p1a: Meganium|[spread] p1b\n|-activate|p1a: Meganium|move: Protect\n|-resisted|p1b: Incineroar|1\n|-damage|p1b: Incineroar|0 fnt\n|faint|p1b: Incineroar\n|\n|upkeep\n|turn|10\n|-message|Bregin forfeited.\n|\n|win|OberonVor\n|raw|Bregin's rating: 1224 &rarr; <strong>1205</strong><br />(-19 for losing)\n|raw|OberonVor's rating: 1314 &rarr; <strong>1329</strong><br />(+15 for winning)\n|l|\u2606Bregin\n|player|p1|\n|l|\u2606OberonVor\n|player|p2|\n|j|\u2606OberonVor\n|player|p2|OberonVor|cynthia-gen4|\n",
  "uploadtime": 1776482822,
  "views": 25,
  "formatid": "gen9championsvgc2026regma",
  "rating": 1205,
  "private": 0,
  "password": null
}