{
  "id": "gen9championsvgc2026regma-2587824519",
  "format": "[Gen 9 Champions] VGC 2026 Reg M-A",
  "players": [
    "Boredrake2",
    "mudkipfan 4589"
  ],
  "log": "|j|\u2606Boredrake2\n|j|\u2606mudkipfan 4589\n|t:|1776567779\n|gametype|doubles\n|player|p1|Boredrake2|steven|1419\n|player|p2|mudkipfan 4589|brandon|1411\n|gen|9\n|tier|[Gen 9 Champions] VGC 2026 Reg M-A\n|rated|\n|rule|Species Clause: Limit one of each Pok\u00e9mon\n|rule|Item Clause: Limit 1 of each item\n|clearpoke\n|poke|p1|Milotic, L50, M|\n|poke|p1|Farigiraf, L50, M|\n|poke|p1|Altaria, L50, M|\n|poke|p1|Volcarona, L50, M|\n|poke|p1|Aegislash, L50, M|\n|poke|p1|Garchomp, L50, M|\n|poke|p2|Sneasler, L50, M|\n|poke|p2|Incineroar, L50, F|\n|poke|p2|Pelipper, L50, F|\n|poke|p2|Basculegion, L50, M|\n|poke|p2|Aggron, L50, F|\n|poke|p2|Sinistcha, L50|\n|teampreview|4\n|inactive|Battle timer is ON: inactive players will automatically lose when time's up. (requested by Boredrake2)\n|\n|t:|1776567809\n|teamsize|p1|4\n|teamsize|p2|4\n|start\n|switch|p1a: Milotic|Milotic, L50, M|100/100\n|switch|p1b: Volcarona|Volcarona, L50, M|100/100\n|switch|p2a: Aggron|Aggron, L50, F|100/100\n|switch|p2b: Sneasler|Sneasler, L50, M|100/100\n|turn|1\n|inactive|Boredrake2 has 30 seconds left.\n|inactive|Boredrake2 has 20 seconds left.\n|inactive|Boredrake2 has 15 seconds left.\n|inactive|Boredrake2 has 10 seconds left.\n|\n|t:|1776567856\n|detailschange|p2a: Aggron|Aggron-Mega, L50, F\n|-mega|p2a: Aggron|Aggron|Aggronite\n|move|p1b: Volcarona|Protect|p1b: Volcarona\n|-singleturn|p1b: Volcarona|Protect\n|move|p2b: Sneasler|Rock Tomb|p1b: Volcarona\n|-activate|p1b: Volcarona|move: Protect\n|move|p1a: Milotic|Scald|p2a: Aggron\n|-damage|p2a: Aggron|69/100\n|-status|p2a: Aggron|brn\n|move|p2a: Aggron|Iron Defense|p2a: Aggron\n|-boost|p2a: Aggron|def|2\n|\n|-damage|p2a: Aggron|63/100 brn|[from] brn\n|upkeep\n|turn|2\n|\n|t:|1776567873\n|move|p2b: Sneasler|Rock Tomb|p1b: Volcarona\n|-supereffective|p1b: Volcarona|2\n|-enditem|p1b: Volcarona|Focus Sash\n|-damage|p1b: Volcarona|1/100\n|-unboost|p1b: Volcarona|spe|1\n|move|p1b: Volcarona|Flamethrower|p2a: Aggron\n|-supereffective|p2a: Aggron|1\n|-damage|p2a: Aggron|0 fnt\n|faint|p2a: Aggron\n|move|p1a: Milotic|Scald|p2b: Sneasler\n|-damage|p2b: Sneasler|45/100\n|\n|upkeep\n|\n|t:|1776567895\n|switch|p2a: Basculegion|Basculegion, L50, M|100/100\n|turn|3\n|\n|t:|1776567904\n|move|p1b: Volcarona|Protect|p1b: Volcarona\n|-singleturn|p1b: Volcarona|Protect\n|move|p2a: Basculegion|Last Respects|p1a: Milotic\n|-damage|p1a: Milotic|38/100\n|-enditem|p1a: Milotic|Sitrus Berry|[eat]\n|-heal|p1a: Milotic|63/100|[from] item: Sitrus Berry\n|move|p2b: Sneasler|Rock Tomb|p1b: Volcarona\n|-activate|p1b: Volcarona|move: Protect\n|move|p1a: Milotic|Scald|p2b: Sneasler\n|-damage|p2b: Sneasler|0 fnt\n|faint|p2b: Sneasler\n|\n|upkeep\n|\n|t:|1776567907\n|switch|p2b: Incineroar|Incineroar, L50, F|100/100\n|-ability|p2b: Incineroar|Intimidate|boost\n|-unboost|p1a: Milotic|atk|1\n|-ability|p1a: Milotic|Competitive|boost\n|-boost|p1a: Milotic|spa|2\n|-unboost|p1b: Volcarona|atk|1\n|turn|4\n|\n|t:|1776567932\n|move|p2b: Incineroar|Fake Out|p1b: Volcarona\n|-damage|p1b: Volcarona|0 fnt\n|faint|p1b: Volcarona\n|move|p2a: Basculegion|Last Respects|p1a: Milotic\n|-damage|p1a: Milotic|0 fnt\n|faint|p1a: Milotic\n|\n|upkeep\n|\n|t:|1776567941\n|switch|p1b: Altaria|Altaria, L50, M|100/100\n|switch|p1a: Aegislash|Aegislash, L50, M|100/100\n|-ability|p1b: Altaria|Cloud Nine\n|turn|5\n|\n|t:|1776567953\n|detailschange|p1b: Altaria|Altaria-Mega, L50, M\n|-mega|p1b: Altaria|Altaria|Altarianite\n|move|p1a: Aegislash|King's Shield|p1a: Aegislash\n|-singleturn|p1a: Aegislash|Protect\n|move|p2a: Basculegion|Last Respects|p1a: Aegislash\n|-activate|p1a: Aegislash|move: Protect\n|move|p1b: Altaria|Will-O-Wisp|p2a: Basculegion\n|-status|p2a: Basculegion|brn\n|move|p2b: Incineroar|Parting Shot|p1b: Altaria\n|-unboost|p1b: Altaria|atk|1\n|-unboost|p1b: Altaria|spa|1\n|\n|-damage|p2a: Basculegion|94/100 brn|[from] brn\n|upkeep\n|turn|6\n|\n|t:|1776567974\n|move|p2a: Basculegion|Last Respects|p1a: Aegislash\n|-supereffective|p1a: Aegislash|1\n|-damage|p1a: Aegislash|30/100\n|move|p1b: Altaria|Hyper Voice|p2b: Incineroar|[spread] p2a,p2b\n|-damage|p2a: Basculegion|67/100 brn\n|-damage|p2b: Incineroar|84/100\n|move|p2b: Incineroar|Flare Blitz|p1a: Aegislash\n|-supereffective|p1a: Aegislash|1\n|-damage|p1a: Aegislash|0 fnt\n|faint|p1a: Aegislash\n|-damage|p2b: Incineroar|76/100|[from] Recoil\n|\n|-damage|p2a: Basculegion|61/100 brn|[from] brn\n|upkeep\n|turn|7\n|\n|t:|1776567991\n|move|p1b: Altaria|Protect|p1b: Altaria\n|-singleturn|p1b: Altaria|Protect\n|move|p2a: Basculegion|Last Respects|p1b: Altaria\n|-activate|p1b: Altaria|move: Protect\n|move|p2b: Incineroar|Parting Shot|p1b: Altaria\n|-activate|p1b: Altaria|move: Protect\n|\n|-damage|p2a: Basculegion|55/100 brn|[from] brn\n|upkeep\n|turn|8\n|\n|t:|1776568002\n|move|p2a: Basculegion|Last Respects|p1b: Altaria\n|-damage|p1b: Altaria|54/100\n|move|p1b: Altaria|Hyper Voice|p2a: Basculegion|[spread] p2a,p2b\n|-damage|p2a: Basculegion|27/100 brn\n|-damage|p2b: Incineroar|60/100\n|move|p2b: Incineroar|Parting Shot|p1b: Altaria\n|-unboost|p1b: Altaria|atk|1\n|-unboost|p1b: Altaria|spa|1\n|\n|-damage|p2a: Basculegion|21/100 brn|[from] brn\n|upkeep\n|turn|9\n|\n|t:|1776568012\n|move|p2a: Basculegion|Last Respects|p1b: Altaria\n|-damage|p1b: Altaria|6/100\n|move|p1b: Altaria|Hyper Voice|p2a: Basculegion|[spread] p2a,p2b\n|-damage|p2a: Basculegion|1/100 brn\n|-damage|p2b: Incineroar|47/100\n|-enditem|p2b: Incineroar|Sitrus Berry|[eat]\n|-heal|p2b: Incineroar|72/100|[from] item: Sitrus Berry\n|move|p2b: Incineroar|Flare Blitz|p1b: Altaria\n|-resisted|p1b: Altaria|1\n|-damage|p1b: Altaria|0 fnt\n|faint|p1b: Altaria\n|-damage|p2b: Incineroar|70/100|[from] Recoil\n|\n|win|mudkipfan 4589\n|raw|Boredrake2's rating: 1419 &rarr; <strong>1399</strong><br />(-20 for losing)\n|raw|mudkipfan 4589's rating: 1411 &rarr; <strong>1431</strong><br />(+20 for winning)\n|c|\u2606mudkipfan 4589|gg\n|l|\u2606Boredrake2\n|player|p1|\n",
  "uploadtime": 1776568072,
  "views": 15,
  "formatid": "gen9championsvgc2026regma",
  "rating": 1399,
  "private": 0,
  "password": null
}