{
  "id": "gen9championsvgc2026regma-2581892299",
  "format": "[Gen 9 Champions] VGC 2026 Reg M-A",
  "players": [
    "miratrice",
    "isalynne4"
  ],
  "log": "|j|\u2606miratrice\n|j|\u2606isalynne4\n|t:|1776037308\n|gametype|doubles\n|player|p1|miratrice|psychicf-gen4|\n|player|p2|isalynne4|shauntal|\n|gen|9\n|tier|[Gen 9 Champions] VGC 2026 Reg M-A\n|rule|Species Clause: Limit one of each Pok\u00e9mon\n|rule|Item Clause: Limit 1 of each item\n|clearpoke\n|poke|p1|Torkoal, L50, F|\n|poke|p1|Lopunny, L50, F|\n|poke|p1|Volcarona, L50, M|\n|poke|p1|Gallade, L50, M|\n|poke|p1|Aerodactyl, L50, F|\n|poke|p1|Victreebel, L50, M|\n|poke|p2|Froslass, L50, F|\n|poke|p2|Sinistcha, L50|\n|poke|p2|Ninetales-Alola, L50, F|\n|poke|p2|Glimmora, L50, M|\n|poke|p2|Incineroar, L50, M|\n|poke|p2|Clefable, L50, M|\n|teampreview|4\n|\n|t:|1776037340\n|teamsize|p1|4\n|teamsize|p2|4\n|start\n|switch|p1a: Lopunny|Lopunny, L50, F|100/100\n|switch|p1b: Torkoal|Torkoal, L50, F|100/100\n|switch|p2a: Yuki onna|Froslass, L50, F|100/100\n|switch|p2b: Diva|Ninetales-Alola, L50, F|100/100\n|-weather|SunnyDay|[from] ability: Drought|[of] p1b: Torkoal\n|turn|1\n|\n|t:|1776037372\n|detailschange|p2a: Yuki onna|Froslass-Mega, L50, F\n|-mega|p2a: Yuki onna|Froslass|Froslassite\n|-weather|Snowscape|[from] ability: Snow Warning|[of] p2a: Yuki onna\n|detailschange|p1a: Lopunny|Lopunny-Mega, L50, F\n|-mega|p1a: Lopunny|Lopunny|Lopunnite\n|move|p2b: Diva|Protect|p2b: Diva\n|-singleturn|p2b: Diva|Protect\n|move|p1a: Lopunny|After You|p1b: Torkoal\n|-activate|p1b: Torkoal|move: After You\n|move|p1b: Torkoal|Eruption|p2b: Diva|[spread] p2a\n|-activate|p2b: Diva|move: Protect\n|-supereffective|p2a: Yuki onna|1\n|-damage|p2a: Yuki onna|0 fnt\n|faint|p2a: Yuki onna\n|\n|-weather|Snowscape|[upkeep]\n|upkeep\n|\n|t:|1776037387\n|switch|p2a: Gato|Incineroar, L50, M|100/100\n|-ability|p2a: Gato|Intimidate|boost\n|-fail|p1a: Lopunny|unboost|Attack|[from] ability: Scrappy|[of] p1a: Lopunny\n|-unboost|p1b: Torkoal|atk|1\n|turn|2\n|\n|t:|1776037400\n|switch|p1b: Aerodactyl|Aerodactyl, L50, F|100/100\n|-ability|p1b: Aerodactyl|Unnerve\n|move|p2a: Gato|Fake Out|p1b: Aerodactyl\n|-resisted|p1b: Aerodactyl|1\n|-damage|p1b: Aerodactyl|90/100\n|move|p1a: Lopunny|Close Combat|p2a: Gato\n|-supereffective|p2a: Gato|1\n|-damage|p2a: Gato|0 fnt\n|-unboost|p1a: Lopunny|def|1\n|-unboost|p1a: Lopunny|spd|1\n|faint|p2a: Gato\n|move|p2b: Diva|Dazzling Gleam|p1b: Aerodactyl|[spread] p1a,p1b\n|-supereffective|p1a: Lopunny|1\n|-damage|p1a: Lopunny|12/100\n|-damage|p1b: Aerodactyl|57/100\n|\n|-weather|Snowscape|[upkeep]\n|upkeep\n|\n|t:|1776037418\n|switch|p2a: Ch\u00e1|Sinistcha, L50|100/100\n|turn|3\n|\n|t:|1776037433\n|switch|p1a: Torkoal|Torkoal, L50, F|100/100\n|-weather|SunnyDay|[from] ability: Drought|[of] p1a: Torkoal\n|move|p2b: Diva|Protect|p2b: Diva\n|-singleturn|p2b: Diva|Protect\n|move|p1b: Aerodactyl|Rock Slide|p2a: Ch\u00e1|[spread] p2a\n|-activate|p2b: Diva|move: Protect\n|-damage|p2a: Ch\u00e1|70/100\n|move|p2a: Ch\u00e1|Matcha Gotcha|p1b: Aerodactyl|[spread] p1a,p1b\n|-resisted|p1a: Torkoal|1\n|-crit|p1b: Aerodactyl\n|-damage|p1a: Torkoal|81/100\n|-heal|p2a: Ch\u00e1|82/100|[from] drain|[of] p1a: Torkoal\n|-damage|p1b: Aerodactyl|0 fnt\n|-heal|p2a: Ch\u00e1|100/100|[from] drain|[of] p1b: Aerodactyl\n|faint|p1b: Aerodactyl\n|\n|-weather|SunnyDay|[upkeep]\n|upkeep\n|\n|t:|1776037452\n|switch|p1b: Lopunny|Lopunny-Mega, L50, F|12/100\n|turn|4\n|\n|t:|1776037460\n|move|p2b: Diva|Protect|p2b: Diva\n|-singleturn|p2b: Diva|Protect\n|move|p2a: Ch\u00e1|Protect|p2a: Ch\u00e1\n|-singleturn|p2a: Ch\u00e1|Protect\n|move|p1b: Lopunny|After You|p1a: Torkoal\n|-activate|p1a: Torkoal|move: After You\n|move|p1a: Torkoal|Eruption|p2b: Diva|[spread] \n|-activate|p2a: Ch\u00e1|move: Protect\n|-activate|p2b: Diva|move: Protect\n|\n|-weather|SunnyDay|[upkeep]\n|upkeep\n|turn|5\n|\n|t:|1776037485\n|move|p1b: Lopunny|After You|p1a: Torkoal\n|-activate|p1a: Torkoal|move: After You\n|move|p1a: Torkoal|Eruption|p2b: Diva|[spread] p2a,p2b\n|-supereffective|p2a: Ch\u00e1|1\n|-supereffective|p2b: Diva|1\n|-damage|p2a: Ch\u00e1|0 fnt\n|-enditem|p2b: Diva|Focus Sash\n|-damage|p2b: Diva|1/100\n|faint|p2a: Ch\u00e1\n|move|p2b: Diva|Dazzling Gleam|p1b: Lopunny|[spread] p1a,p1b\n|-resisted|p1a: Torkoal|1\n|-supereffective|p1b: Lopunny|1\n|-damage|p1a: Torkoal|65/100\n|-damage|p1b: Lopunny|0 fnt\n|faint|p1b: Lopunny\n|\n|-weather|SunnyDay|[upkeep]\n|upkeep\n|\n|t:|1776037496\n|switch|p1b: Gallade|Gallade, L50, M|100/100\n|turn|6\n|\n|t:|1776037504\n|move|p2b: Diva|Blizzard|p1b: Gallade|[spread] p1a\n|-miss|p2b: Diva|p1b: Gallade\n|-resisted|p1a: Torkoal|1\n|-damage|p1a: Torkoal|45/100\n|move|p1a: Torkoal|Flamethrower|p2b: Diva\n|-supereffective|p2b: Diva|1\n|-damage|p2b: Diva|0 fnt\n|faint|p2b: Diva\n|\n|win|miratrice\n|l|\u2606isalynne4\n|player|p2|\n",
  "uploadtime": 1776037515,
  "views": 18,
  "formatid": "gen9championsvgc2026regma",
  "rating": null,
  "private": 0,
  "password": null
}