{
  "id": "gen9championsvgc2026regma-2584992129",
  "format": "[Gen 9 Champions] VGC 2026 Reg M-A",
  "players": [
    "IndoMichael",
    "MiifaVT"
  ],
  "log": "|j|\u2606IndoMichael\n|j|\u2606MiifaVT\n|t:|1776301337\n|gametype|doubles\n|player|p1|IndoMichael|169|1063\n|player|p2|MiifaVT|265|1010\n|gen|9\n|tier|[Gen 9 Champions] VGC 2026 Reg M-A\n|rated|\n|rule|Species Clause: Limit one of each Pok\u00e9mon\n|rule|Item Clause: Limit 1 of each item\n|clearpoke\n|poke|p1|Gallade, L50, M|\n|poke|p1|Maushold-Four, L50|\n|poke|p1|Aerodactyl, L50, M|\n|poke|p1|Arcanine, L50, F|\n|poke|p1|Meowscarada, L50, M|\n|poke|p1|Gengar, L50, F|\n|poke|p2|Whimsicott, L50, M|\n|poke|p2|Venusaur, L50, F|\n|poke|p2|Charizard, L50, M|\n|poke|p2|Glimmora, L50, F|\n|poke|p2|Incineroar, L50, F|\n|poke|p2|Froslass, L50, F|\n|teampreview|4\n|\n|t:|1776301365\n|teamsize|p1|4\n|teamsize|p2|4\n|start\n|switch|p1a: Aerodactyl|Aerodactyl, L50, M, shiny|100/100\n|switch|p1b: Maushold|Maushold-Four, L50, shiny|100/100\n|switch|p2a: Whimsicott|Whimsicott, L50, M|100/100\n|switch|p2b: Incineroar|Incineroar, L50, F|100/100\n|-ability|p1a: Aerodactyl|Unnerve\n|-ability|p2b: Incineroar|Intimidate|boost\n|-unboost|p1a: Aerodactyl|atk|1\n|-unboost|p1b: Maushold|atk|1\n|turn|1\n|\n|t:|1776301390\n|move|p1a: Aerodactyl|Protect|p1a: Aerodactyl\n|-singleturn|p1a: Aerodactyl|Protect\n|move|p2b: Incineroar|Fake Out|p1a: Aerodactyl\n|-activate|p1a: Aerodactyl|move: Protect\n|move|p2a: Whimsicott|Tailwind|p2a: Whimsicott\n|-sidestart|p2: MiifaVT|move: Tailwind\n|move|p1b: Maushold|Population Bomb|p2a: Whimsicott\n|-damage|p2a: Whimsicott|96/100\n|-damage|p2a: Whimsicott|91/100\n|-damage|p2a: Whimsicott|86/100\n|-damage|p2a: Whimsicott|81/100\n|-damage|p2a: Whimsicott|77/100\n|-damage|p2a: Whimsicott|73/100\n|-damage|p2a: Whimsicott|69/100\n|-damage|p2a: Whimsicott|65/100\n|-damage|p2a: Whimsicott|60/100\n|-damage|p2a: Whimsicott|56/100\n|-hitcount|p2a: Whimsicott|10\n|\n|upkeep\n|turn|2\n|\n|t:|1776301414\n|move|p1b: Maushold|Follow Me|p1b: Maushold\n|-singleturn|p1b: Maushold|move: Follow Me\n|move|p2a: Whimsicott|Encore|p1b: Maushold\n|-start|p1b: Maushold|Encore\n|-enditem|p1b: Maushold|Mental Herb\n|-end|p1b: Maushold|Encore\n|move|p1a: Aerodactyl|Tailwind|p1a: Aerodactyl\n|-sidestart|p1: IndoMichael|move: Tailwind\n|move|p2b: Incineroar|Flare Blitz|p1b: Maushold\n|-damage|p1b: Maushold|27/100\n|-damage|p2b: Incineroar|79/100|[from] Recoil\n|\n|upkeep\n|turn|3\n|\n|t:|1776301432\n|switch|p1a: Gallade|Gallade, L50, M, shiny|100/100\n|move|p2a: Whimsicott|Protect|p2a: Whimsicott\n|-singleturn|p2a: Whimsicott|Protect\n|move|p1b: Maushold|Beat Up|p1a: Gallade\n|-damage|p1a: Gallade|98/100\n|-ability|p1a: Gallade|Justified|boost\n|-boost|p1a: Gallade|atk|1\n|-damage|p1a: Gallade|96/100\n|-ability|p1a: Gallade|Justified|boost\n|-boost|p1a: Gallade|atk|1\n|-damage|p1a: Gallade|93/100\n|-ability|p1a: Gallade|Justified|boost\n|-boost|p1a: Gallade|atk|1\n|-damage|p1a: Gallade|90/100\n|-ability|p1a: Gallade|Justified|boost\n|-boost|p1a: Gallade|atk|1\n|-hitcount|p1a: Gallade|4\n|move|p2b: Incineroar|Flare Blitz|p1b: Maushold\n|-damage|p1b: Maushold|0 fnt\n|faint|p1b: Maushold\n|-damage|p2b: Incineroar|71/100|[from] Recoil\n|\n|upkeep\n|\n|t:|1776301455\n|switch|p1b: Aerodactyl|Aerodactyl, L50, M, shiny|100/100\n|-ability|p1b: Aerodactyl|Unnerve\n|turn|4\n|\n|t:|1776301474\n|switch|p2a: Venusaur|Venusaur, L50, F|100/100\n|detailschange|p1a: Gallade|Gallade-Mega, L50, M, shiny\n|-mega|p1a: Gallade|Gallade|Galladite\n|move|p1b: Aerodactyl|Dual Wingbeat|p2a: Venusaur\n|-supereffective|p2a: Venusaur|1\n|-damage|p2a: Venusaur|64/100\n|-supereffective|p2a: Venusaur|1\n|-damage|p2a: Venusaur|26/100\n|-hitcount|p2a: Venusaur|2\n|move|p1a: Gallade|Sacred Sword|p2b: Incineroar\n|-supereffective|p2b: Incineroar|1\n|-damage|p2b: Incineroar|0 fnt\n|faint|p2b: Incineroar\n|\n|-sideend|p2: MiifaVT|move: Tailwind\n|upkeep\n|\n|t:|1776301487\n|switch|p2b: Whimsicott|Whimsicott, L50, M|56/100\n|turn|5\n|\n|t:|1776301500\n|move|p2a: Venusaur|Protect|p2a: Venusaur\n|-singleturn|p2a: Venusaur|Protect\n|move|p2b: Whimsicott|Tailwind|p2b: Whimsicott\n|-sidestart|p2: MiifaVT|move: Tailwind\n|move|p1b: Aerodactyl|Dual Wingbeat|p2b: Whimsicott\n|-supereffective|p2b: Whimsicott|1\n|-damage|p2b: Whimsicott|17/100\n|-supereffective|p2b: Whimsicott|1\n|-crit|p2b: Whimsicott\n|-damage|p2b: Whimsicott|0 fnt\n|faint|p2b: Whimsicott\n|-hitcount|p2: Whimsicott|2\n|move|p1a: Gallade|Ice Punch|p2a: Venusaur\n|-activate|p2a: Venusaur|move: Protect\n|\n|-sideend|p1: IndoMichael|move: Tailwind\n|upkeep\n|\n|t:|1776301513\n|switch|p2b: Froslass|Froslass, L50, F|100/100\n|turn|6\n|\n|t:|1776301537\n|detailschange|p2b: Froslass|Froslass-Mega, L50, F\n|-mega|p2b: Froslass|Froslass|Froslassite\n|-weather|Snowscape|[from] ability: Snow Warning|[of] p2b: Froslass\n|move|p1a: Gallade|Protect|p1a: Gallade\n|-singleturn|p1a: Gallade|Protect\n|move|p2b: Froslass|Hex|p1a: Gallade\n|-activate|p1a: Gallade|move: Protect\n|move|p2a: Venusaur|Giga Drain|p1b: Aerodactyl\n|-crit|p1b: Aerodactyl\n|-damage|p1b: Aerodactyl|46/100\n|-heal|p2a: Venusaur|48/100|[from] drain|[of] p1b: Aerodactyl\n|-heal|p2a: Venusaur|53/100|[from] item: Shell Bell|[of] p1b: Aerodactyl\n|move|p1b: Aerodactyl|Tailwind|p1b: Aerodactyl\n|-sidestart|p1: IndoMichael|move: Tailwind\n|\n|-weather|Snowscape|[upkeep]\n|upkeep\n|turn|7\n|\n|t:|1776301560\n|move|p2b: Froslass|Protect|p2b: Froslass\n|-singleturn|p2b: Froslass|Protect\n|move|p1b: Aerodactyl|Rock Slide|p2b: Froslass|[spread] p2a\n|-activate|p2b: Froslass|move: Protect\n|-damage|p2a: Venusaur|29/100\n|move|p1a: Gallade|Psycho Cut|p2a: Venusaur\n|-supereffective|p2a: Venusaur|1\n|-damage|p2a: Venusaur|0 fnt\n|faint|p2a: Venusaur\n|\n|-weather|Snowscape|[upkeep]\n|upkeep\n|turn|8\n|\n|t:|1776301578\n|move|p1b: Aerodactyl|Rock Slide|p2b: Froslass\n|-supereffective|p2b: Froslass|1\n|-damage|p2b: Froslass|33/100\n|move|p1a: Gallade|Psycho Cut|p2b: Froslass\n|-damage|p2b: Froslass|0 fnt\n|faint|p2b: Froslass\n|\n|win|IndoMichael\n|raw|IndoMichael's rating: 1063 &rarr; <strong>1089</strong><br />(+26 for winning)\n|raw|MiifaVT's rating: 1010 &rarr; <strong>1000</strong><br />(-10 for losing)\n",
  "uploadtime": 1776301587,
  "views": 34,
  "formatid": "gen9championsvgc2026regma",
  "rating": 1000,
  "private": 0,
  "password": null
}