{
  "id": "gen9championsvgc2026regma-2584956698",
  "format": "[Gen 9 Champions] VGC 2026 Reg M-A",
  "players": [
    "Vincially",
    "driumip"
  ],
  "log": "|j|\u2606Vincially\n|j|\u2606driumip\n|html|<table width=\"100%\"><tr><td align=\"left\">Vincially</td><td align=\"right\">driumip</tr><tr><td align=\"left\"><i class=\"fa fa-circle\"></i> <i class=\"fa fa-circle-o\"></i> </td><td align=\"right\"><i class=\"fa fa-circle-o\"></i> <i class=\"fa fa-circle\"></i> </tr></table>\n|uhtml|bestof|<h2><strong>Game 3</strong> of <a href=\"/game-bestof3-gen9championsvgc2026regma-2584946486\">a best-of-3</a></h2>\n|t:|1776298000\n|gametype|doubles\n|player|p1|Vincially|ethan|\n|player|p2|driumip|169|\n|gen|9\n|tier|[Gen 9 Champions] VGC 2026 Reg M-A\n|rule|Species Clause: Limit one of each Pok\u00e9mon\n|rule|Item Clause: Limit 1 of each item\n|raw|<div class=\"infobox\"><details class=\"readmore\" open><summary><strong>1 custom rule:</strong></summary> Best of = 3</details></div>\n|clearpoke\n|poke|p1|Aerodactyl, L50, F|\n|poke|p1|Garchomp, L50, M|\n|poke|p1|Drampa, L50, F|\n|poke|p1|Sinistcha-Masterpiece, L50|\n|poke|p1|Primarina, L50, M|\n|poke|p1|Incineroar, L50, M|\n|poke|p2|Pelipper, L50, M|\n|poke|p2|Basculegion, L50, M|\n|poke|p2|Dragonite, L50, M|\n|poke|p2|Archaludon, L50, M|\n|poke|p2|Farigiraf, L50, M|\n|poke|p2|Garchomp, L50, M|\n|teampreview|4\nVincially has agreed to open team sheets.\ndriumip has agreed to open team sheets.\n|showteam|p1|Aerodactyl||Aerodactylite|Unnerve|Protect,DualWingbeat,RockSlide,Tailwind|||F|||50|]Garchomp||SoftSand|RoughSkin|DragonClaw,Earthquake,Protect,RockSlide|||M|||50|]Drampa||Drampanite|CloudNine|Protect,HyperVoice,DracoMeteor,Snarl|||F|||50|]Sinistcha-Masterpiece||MentalHerb|Hospitality|TrickRoom,MatchaGotcha,LifeDew,RagePowder||||||50|]Primarina||FairyFeather|LiquidVoice|Protect,Moonblast,HyperVoice,Haze|||M|||50|]Incineroar||SitrusBerry|Intimidate|Taunt,FlareBlitz,FakeOut,PartingShot|||M|||50|\n|showteam|p2|Pelipper||FocusSash|Drizzle|Tailwind,Hurricane,Protect,HydroPump|||M|||50|]Basculegion||MysticWater|SwiftSwim|WaveCrash,AquaJet,PhantomForce,Protect|||M|||50|]Dragonite||Dragoninite|Multiscale|DracoMeteor,FireBlast,IceBeam,Protect|||M|||50|]Archaludon||Leftovers|Stamina|Protect,ElectroShot,FlashCannon,DracoMeteor|||M|||50|]Farigiraf||MentalHerb|ArmorTail|Psychic,TrickRoom,HyperVoice,FoulPlay|||M|||50|]Garchomp||SoftSand|RoughSkin|Outrage,DragonRush,Protect,Earthquake|||M|||50|\n|\n|t:|1776298100\n|teamsize|p1|4\n|teamsize|p2|4\n|start\n|switch|p1a: Incineroar|Incineroar, L50, M|100/100\n|switch|p1b: Garchomp|Garchomp, L50, M|100/100\n|switch|p2a: Pelipper|Pelipper, L50, M|100/100\n|switch|p2b: Basculegion|Basculegion, L50, M|100/100\n|-weather|RainDance|[from] ability: Drizzle|[of] p2a: Pelipper\n|-ability|p1a: Incineroar|Intimidate|boost\n|-unboost|p2a: Pelipper|atk|1\n|-unboost|p2b: Basculegion|atk|1\n|turn|1\n|\n|t:|1776298127\n|switch|p1a: Sinistcha|Sinistcha-Masterpiece, L50, shiny|100/100\n|move|p2b: Basculegion|Wave Crash|p1b: Garchomp\n|-damage|p1b: Garchomp|30/100\n|-damage|p2b: Basculegion|88/100|[from] ability: Rough Skin|[of] p1b: Garchomp\n|-damage|p2b: Basculegion|65/100|[from] Recoil\n|move|p1b: Garchomp|Rock Slide|p2a: Pelipper|[spread] p2a,p2b\n|-supereffective|p2a: Pelipper|1\n|-damage|p2a: Pelipper|45/100\n|-damage|p2b: Basculegion|39/100\n|cant|p2a: Pelipper|flinch\n|\n|-weather|RainDance|[upkeep]\n|upkeep\n|turn|2\n|\n|t:|1776298158\n|move|p1b: Garchomp|Protect|p1b: Garchomp\n|-singleturn|p1b: Garchomp|Protect\n|move|p2b: Basculegion|Aqua Jet|p1b: Garchomp\n|-activate|p1b: Garchomp|move: Protect\n|move|p2a: Pelipper|Hurricane|p1a: Sinistcha\n|-supereffective|p1a: Sinistcha|1\n|-damage|p1a: Sinistcha|13/100\n|move|p1a: Sinistcha|Matcha Gotcha|p2a: Pelipper|[spread] p2a,p2b\n|-supereffective|p2b: Basculegion|1\n|-damage|p2a: Pelipper|1/100\n|-heal|p1a: Sinistcha|30/100|[from] drain|[of] p2a: Pelipper\n|-damage|p2b: Basculegion|0 fnt\n|-heal|p1a: Sinistcha|51/100|[from] drain|[of] p2b: Basculegion\n|faint|p2b: Basculegion\n|\n|-weather|RainDance|[upkeep]\n|upkeep\n|\n|t:|1776298181\n|switch|p2b: Garchomp|Garchomp, L50, M|100/100\n|turn|3\n|\n|t:|1776298202\n|switch|p1a: Primarina|Primarina, L50, M|100/100\n|move|p2b: Garchomp|Earthquake|p1a: Primarina|[spread] p1a,p1b\n|-immune|p2a: Pelipper\n|-damage|p1a: Primarina|45/100\n|-damage|p1b: Garchomp|0 fnt\n|faint|p1b: Garchomp\n|move|p2a: Pelipper|Hurricane|p1a: Primarina\n|-damage|p1a: Primarina|2/100\n|-start|p1a: Primarina|confusion\n|\n|-weather|RainDance|[upkeep]\n|upkeep\n|\n|t:|1776298217\n|switch|p1b: Incineroar|Incineroar, L50, M|100/100\n|-ability|p1b: Incineroar|Intimidate|boost\n|-unboost|p2a: Pelipper|atk|1\n|-unboost|p2b: Garchomp|atk|1\n|turn|4\n|\n|t:|1776298229\n|move|p2a: Pelipper|Protect|p2a: Pelipper\n|-singleturn|p2a: Pelipper|Protect\n|move|p1b: Incineroar|Fake Out|p2b: Garchomp\n|-damage|p2b: Garchomp|90/100\n|-damage|p1b: Incineroar|88/100|[from] ability: Rough Skin|[of] p2b: Garchomp\n|cant|p2b: Garchomp|flinch\n|-activate|p1a: Primarina|confusion\n|move|p1a: Primarina|Hyper Voice|p2b: Garchomp|[spread] p2b\n|-activate|p2a: Pelipper|move: Protect\n|-damage|p2b: Garchomp|32/100\n|\n|-weather|RainDance|[upkeep]\n|upkeep\n|turn|5\n|\n|t:|1776298249\n|switch|p1b: Sinistcha|Sinistcha-Masterpiece, L50, shiny|51/100\n|-heal|p1a: Primarina|27/100|[from] ability: Hospitality|[of] p1b: Sinistcha\n|-activate|p1a: Primarina|confusion\n|-damage|p1a: Primarina|18/100|[from] confusion\n|move|p2b: Garchomp|Earthquake|p1a: Primarina|[spread] p1a,p1b\n|-immune|p2a: Pelipper\n|-resisted|p1b: Sinistcha|1\n|-damage|p1a: Primarina|0 fnt\n|-damage|p1b: Sinistcha|36/100\n|faint|p1a: Primarina\n|move|p2a: Pelipper|Tailwind|p2a: Pelipper\n|-sidestart|p2: driumip|move: Tailwind\n|\n|-weather|none\n|upkeep\n|\n|t:|1776298262\n|switch|p1a: Incineroar|Incineroar, L50, M|88/100\n|-ability|p1a: Incineroar|Intimidate|boost\n|-unboost|p2a: Pelipper|atk|1\n|-unboost|p2b: Garchomp|atk|1\n|turn|6\n|\n|t:|1776298283\n|move|p1a: Incineroar|Fake Out|p2b: Garchomp\n|-damage|p2b: Garchomp|22/100\n|-damage|p1a: Incineroar|76/100|[from] ability: Rough Skin|[of] p2b: Garchomp\n|cant|p2b: Garchomp|flinch\n|move|p2a: Pelipper|Hurricane|p1a: Incineroar|[miss]\n|-miss|p2a: Pelipper|p1a: Incineroar\n|move|p1b: Sinistcha|Matcha Gotcha|p2b: Garchomp|[spread] p2a,p2b\n|-damage|p2a: Pelipper|0 fnt\n|-heal|p1b: Sinistcha|37/100|[from] drain|[of] p2a: Pelipper\n|-damage|p2b: Garchomp|0 fnt\n|-heal|p1b: Sinistcha|48/100|[from] drain|[of] p2b: Garchomp\n|faint|p2a: Pelipper\n|faint|p2b: Garchomp\n|\n|upkeep\n|\n|t:|1776298306\n|switch|p2a: Dragonite|Dragonite, L50, M|100/100\n|turn|7\n|\n|t:|1776298340\n|detailschange|p2a: Dragonite|Dragonite-Mega, L50, M\n|-mega|p2a: Dragonite|Dragonite|Dragoninite\n|move|p2a: Dragonite|Ice Beam|p1b: Sinistcha\n|-supereffective|p1b: Sinistcha|1\n|-damage|p1b: Sinistcha|0 fnt\n|faint|p1b: Sinistcha\n|move|p1a: Incineroar|Flare Blitz|p2a: Dragonite\n|-resisted|p2a: Dragonite|1\n|-damage|p2a: Dragonite|90/100\n|-damage|p1a: Incineroar|73/100|[from] Recoil\n|\n|upkeep\n|turn|8\n|\n|t:|1776298357\n|move|p2a: Dragonite|Draco Meteor|p1a: Incineroar\n|-damage|p1a: Incineroar|5/100\n|-unboost|p2a: Dragonite|spa|2\n|-enditem|p1a: Incineroar|Sitrus Berry|[eat]\n|-heal|p1a: Incineroar|30/100|[from] item: Sitrus Berry\n|move|p1a: Incineroar|Flare Blitz|p2a: Dragonite\n|-resisted|p2a: Dragonite|1\n|-damage|p2a: Dragonite|68/100\n|-damage|p1a: Incineroar|24/100|[from] Recoil\n|\n|-sideend|p2: driumip|move: Tailwind\n|upkeep\n|turn|9\n|\n|t:|1776298372\n|move|p2a: Dragonite|Draco Meteor|p1a: Incineroar\n|-damage|p1a: Incineroar|0 fnt\n|-unboost|p2a: Dragonite|spa|2\n|faint|p1a: Incineroar\n|\n|win|driumip\n",
  "uploadtime": 1776298377,
  "views": 18,
  "formatid": "gen9championsvgc2026regma",
  "rating": null,
  "private": 0,
  "password": null
}