{
  "id": "gen9championsvgc2026regma-2587128914",
  "format": "[Gen 9 Champions] VGC 2026 Reg M-A",
  "players": [
    "Steeledanenjoyer",
    "sisi1"
  ],
  "log": "|j|\u2606Steeledanenjoyer\n|j|\u2606sisi1\n|t:|1776497546\n|gametype|doubles\n|player|p1|Steeledanenjoyer|musician|1148\n|player|p2|sisi1|dawn|1138\n|gen|9\n|tier|[Gen 9 Champions] VGC 2026 Reg M-A\n|rated|\n|rule|Species Clause: Limit one of each Pok\u00e9mon\n|rule|Item Clause: Limit 1 of each item\n|clearpoke\n|poke|p1|Tyranitar, L50, M|\n|poke|p1|Excadrill, L50, M|\n|poke|p1|Corviknight, L50, F|\n|poke|p1|Primarina, L50, F|\n|poke|p1|Sinistcha, L50|\n|poke|p1|Incineroar, L50, F|\n|poke|p2|Maushold, L50|\n|poke|p2|Meowstic, L50, M|\n|poke|p2|Gallade, L50, M|\n|poke|p2|Talonflame, L50, F|\n|poke|p2|Alakazam, L50, M|\n|poke|p2|Ninetales-Alola, L50, F|\n|teampreview|4\n|\n|t:|1776497583\n|teamsize|p1|4\n|teamsize|p2|4\n|start\n|switch|p1a: Incineroar|Incineroar, L50, F|100/100\n|switch|p1b: Sinistcha|Sinistcha, L50|100/100\n|switch|p2a: Meowstic|Meowstic, L50, M|100/100\n|switch|p2b: Gallade|Gallade, L50, M|100/100\n|-ability|p1a: Incineroar|Intimidate|boost\n|-unboost|p2a: Meowstic|atk|1\n|-unboost|p2b: Gallade|atk|1\n|-enditem|p2b: Gallade|White Herb\n|-clearnegativeboost|p2b: Gallade|[silent]\n|turn|1\n|\n|t:|1776497612\n|move|p2a: Meowstic|Fake Out|p1a: Incineroar\n|-damage|p1a: Incineroar|97/100\n|move|p1b: Sinistcha|Rage Powder|p1b: Sinistcha\n|-singleturn|p1b: Sinistcha|move: Rage Powder\n|move|p2b: Gallade|Sacred Sword|p1b: Sinistcha\n|-immune|p1b: Sinistcha\n|cant|p1a: Incineroar|flinch\n|\n|upkeep\n|turn|2\n|\n|t:|1776497633\n|move|p1b: Sinistcha|Rage Powder|p1b: Sinistcha\n|-singleturn|p1b: Sinistcha|move: Rage Powder\n|move|p2a: Meowstic|Psychic Terrain|p2a: Meowstic\n|-fieldstart|move: Psychic Terrain\n|move|p2b: Gallade|Psycho Cut|p1b: Sinistcha\n|-damage|p1b: Sinistcha|27/100\n|move|p1a: Incineroar|Darkest Lariat|p2a: Meowstic\n|-supereffective|p2a: Meowstic|1\n|-crit|p2a: Meowstic\n|-damage|p2a: Meowstic|1/100\n|\n|upkeep\n|turn|3\n|\n|t:|1776497659\n|move|p1b: Sinistcha|Protect|p1b: Sinistcha\n|-singleturn|p1b: Sinistcha|Protect\n|move|p2a: Meowstic|Gravity|p2a: Meowstic\n|-fieldstart|move: Gravity\n|move|p2b: Gallade|Sacred Sword|p1a: Incineroar\n|-supereffective|p1a: Incineroar|1\n|-damage|p1a: Incineroar|0 fnt\n|faint|p1a: Incineroar\n|\n|upkeep\n|\n|t:|1776497669\n|switch|p1a: Tyranitar|Tyranitar, L50, M|100/100\n|-weather|Sandstorm|[from] ability: Sand Stream|[of] p1a: Tyranitar\n|turn|4\n|\n|t:|1776497679\n|move|p2a: Meowstic|Helping Hand|p2b: Gallade\n|-singleturn|p2b: Gallade|Helping Hand|[of] p2a: Meowstic\n|move|p1a: Tyranitar|Protect|p1a: Tyranitar\n|-singleturn|p1a: Tyranitar|Protect\n|move|p2b: Gallade|Psycho Cut|p1b: Sinistcha\n|-damage|p1b: Sinistcha|0 fnt\n|faint|p1b: Sinistcha\n|\n|-weather|Sandstorm|[upkeep]\n|-damage|p2a: Meowstic|0 fnt|[from] Sandstorm\n|-damage|p2b: Gallade|95/100|[from] Sandstorm\n|faint|p2a: Meowstic\n|upkeep\n|\n|t:|1776497691\n|switch|p2a: Ninetales|Ninetales-Alola, L50, F|100/100\n|switch|p1b: Excadrill|Excadrill, L50, M|100/100\n|-weather|Snowscape|[from] ability: Snow Warning|[of] p2a: Ninetales\n|turn|5\n|\n|t:|1776497709\n|detailschange|p1a: Tyranitar|Tyranitar-Mega, L50, M\n|-mega|p1a: Tyranitar|Tyranitar|Tyranitarite\n|-weather|Sandstorm|[from] ability: Sand Stream|[of] p1a: Tyranitar\n|move|p1b: Excadrill|Rock Slide|p2a: Ninetales|[spread] p2a,p2b\n|-supereffective|p2a: Ninetales|1\n|-resisted|p2b: Gallade|1\n|-damage|p2a: Ninetales|34/100\n|-damage|p2b: Gallade|80/100\n|move|p2a: Ninetales|Icy Wind|p1a: Tyranitar|[spread] p1a,p1b\n|-damage|p1a: Tyranitar|94/100\n|-damage|p1b: Excadrill|81/100\n|-unboost|p1a: Tyranitar|spe|1\n|-unboost|p1b: Excadrill|spe|1\n|move|p2b: Gallade|Sacred Sword|p1a: Tyranitar\n|-supereffective|p1a: Tyranitar|2\n|-damage|p1a: Tyranitar|0 fnt\n|faint|p1a: Tyranitar\n|\n|-weather|Sandstorm|[upkeep]\n|-damage|p2a: Ninetales|28/100|[from] Sandstorm\n|-damage|p2b: Gallade|75/100|[from] Sandstorm\n|upkeep\n|turn|6\n|\n|t:|1776497733\n|move|p1b: Excadrill|Earthquake|p2b: Gallade|[spread] p2a,p2b\n|-damage|p2a: Ninetales|0 fnt\n|-damage|p2b: Gallade|15/100\n|faint|p2a: Ninetales\n|move|p2b: Gallade|Sacred Sword|p1b: Excadrill\n|-supereffective|p1b: Excadrill|1\n|-damage|p1b: Excadrill|0 fnt\n|faint|p1b: Excadrill\n|\n|win|sisi1\n|raw|Steeledanenjoyer's rating: 1148 &rarr; <strong>1122</strong><br />(-26 for losing)\n|raw|sisi1's rating: 1138 &rarr; <strong>1164</strong><br />(+26 for winning)\n|l|\u2606Steeledanenjoyer\n|player|p1|\n",
  "uploadtime": 1776497742,
  "views": 30,
  "formatid": "gen9championsvgc2026regma",
  "rating": 1122,
  "private": 0,
  "password": null
}