{
  "id": "gen9championsvgc2026regma-2580979798",
  "format": "[Gen 9 Champions] VGC 2026 Reg M-A",
  "players": [
    "heroisemcalssa",
    "muffinboihehe"
  ],
  "log": "|j|\u2606heroisemcalssa\n|j|\u2606muffinboihehe\n|t:|1775948616\n|gametype|doubles\n|player|p1|heroisemcalssa|swimmer|1129\n|player|p2|muffinboihehe|n|1216\n|gen|9\n|tier|[Gen 9 Champions] VGC 2026 Reg M-A\n|rated|\n|rule|Species Clause: Limit one of each Pok\u00e9mon\n|rule|Item Clause: Limit 1 of each item\n|clearpoke\n|poke|p1|Sableye, L50, M|\n|poke|p1|Oranguru, L50, M|\n|poke|p1|Starmie, L50|\n|poke|p1|Golurk, L50|\n|poke|p1|Aerodactyl, L50, M|\n|poke|p1|Heliolisk, L50, F|\n|poke|p2|Froslass, L50, F|\n|poke|p2|Incineroar, L50, M|\n|poke|p2|Sneasler, L50, M|\n|poke|p2|Primarina, L50, F|\n|poke|p2|Vivillon-Modern, L50, M|\n|poke|p2|Whimsicott, L50, F|\n|teampreview|4\n|\n|t:|1775948676\n|teamsize|p1|4\n|teamsize|p2|4\n|start\n|switch|p1a: Oranguru|Oranguru, L50, M|100/100\n|switch|p1b: Golurk|Golurk, L50|100/100\n|switch|p2a: Vivillon|Vivillon-Modern, L50, M|100/100\n|switch|p2b: Sneasler|Sneasler, L50, M|100/100\n|turn|1\n|\n|t:|1775948713\n|detailschange|p1b: Golurk|Golurk-Mega, L50\n|-mega|p1b: Golurk|Golurk|Golurkite\n|move|p1b: Golurk|Protect|p1b: Golurk\n|-singleturn|p1b: Golurk|Protect\n|move|p2b: Sneasler|Fake Out|p1a: Oranguru\n|-damage|p1a: Oranguru|88/100\n|move|p2a: Vivillon|Sleep Powder|p1b: Golurk\n|-activate|p1b: Golurk|move: Protect\n|move|p1a: Oranguru|Taunt|p2a: Vivillon\n|-start|p2a: Vivillon|move: Taunt\n|\n|upkeep\n|turn|2\n|\n|t:|1775948750\n|switch|p2a: Incineroar|Incineroar, L50, M, shiny|100/100\n|-ability|p2a: Incineroar|Intimidate|boost\n|-fail|p1a: Oranguru|unboost|Attack|[from] ability: Inner Focus|[of] p1a: Oranguru\n|-unboost|p1b: Golurk|atk|1\n|move|p2b: Sneasler|Protect|p2b: Sneasler\n|-singleturn|p2b: Sneasler|Protect\n|move|p1b: Golurk|Headlong Rush|p2b: Sneasler\n|-supereffective|p2b: Sneasler|1\n|-damage|p2b: Sneasler|59/100\n|-unboost|p1b: Golurk|def|1\n|-unboost|p1b: Golurk|spd|1\n|move|p1a: Oranguru|Trick Room|p1a: Oranguru\n|-fieldstart|move: Trick Room|[of] p1a: Oranguru\n|\n|upkeep\n|turn|3\n|\n|t:|1775948786\n|switch|p2b: Vivillon|Vivillon-Modern, L50, M|100/100\n|move|p1a: Oranguru|Instruct|p1b: Golurk\n|-singleturn|p1b: Golurk|move: Instruct|[of] p1a: Oranguru\n|move|p1b: Golurk|Headlong Rush|p2b: Vivillon\n|-immune|p2b: Vivillon\n|move|p1b: Golurk|Headlong Rush|p2b: Vivillon\n|-immune|p2b: Vivillon\n|move|p2a: Incineroar|Darkest Lariat|p1b: Golurk\n|-supereffective|p1b: Golurk|1\n|-damage|p1b: Golurk|44/100\n|\n|upkeep\n|turn|4\n|\n|t:|1775948814\n|move|p1a: Oranguru|Taunt|p2b: Vivillon\n|-start|p2b: Vivillon|move: Taunt\n|move|p1b: Golurk|Headlong Rush|p2a: Incineroar\n|-supereffective|p2a: Incineroar|1\n|-damage|p2a: Incineroar|2/100\n|-unboost|p1b: Golurk|def|1\n|-unboost|p1b: Golurk|spd|1\n|move|p2a: Incineroar|Darkest Lariat|p1a: Oranguru\n|-supereffective|p1a: Oranguru|1\n|-damage|p1a: Oranguru|25/100\n|move|p2b: Vivillon|Hurricane|p1b: Golurk\n|-crit|p1b: Golurk\n|-damage|p1b: Golurk|0 fnt\n|faint|p1b: Golurk\n|\n|upkeep\n|\n|t:|1775948832\n|switch|p1b: Starmie|Starmie, L50, shiny|100/100\n|turn|5\n|\n|t:|1775948844\n|move|p1b: Starmie|Aqua Jet|p2a: Incineroar\n|-supereffective|p2a: Incineroar|1\n|-damage|p2a: Incineroar|0 fnt\n|faint|p2a: Incineroar\n|move|p1a: Oranguru|Instruct|p1b: Starmie\n|-singleturn|p1b: Starmie|move: Instruct|[of] p1a: Oranguru\n|move|p1b: Starmie|Aqua Jet|p2b: Vivillon\n|-damage|p2b: Vivillon|74/100\n|move|p2b: Vivillon|Hurricane|p1a: Oranguru\n|-damage|p1a: Oranguru|0 fnt\n|faint|p1a: Oranguru\n|\n|upkeep\n|\n|t:|1775948859\n|switch|p1a: Sableye|Sableye, L50, M, shiny|100/100\n|switch|p2a: Lola Queen|Froslass, L50, F|100/100\n|turn|6\n|\n|t:|1775948877\n|move|p1b: Starmie|Protect|p1b: Starmie\n|-singleturn|p1b: Starmie|Protect\n|move|p2a: Lola Queen|Protect|p2a: Lola Queen\n|-singleturn|p2a: Lola Queen|Protect\n|move|p1a: Sableye|Knock Off|p2a: Lola Queen\n|-activate|p2a: Lola Queen|move: Protect\n|move|p2b: Vivillon|Hurricane|p1a: Sableye\n|-damage|p1a: Sableye|52/100\n|\n|-heal|p1a: Sableye|58/100|[from] item: Leftovers\n|-end|p2b: Vivillon|move: Taunt\n|-fieldend|move: Trick Room\n|upkeep\n|turn|7\n|\n|t:|1775948902\n|detailschange|p2a: Lola Queen|Froslass-Mega, L50, F\n|-mega|p2a: Lola Queen|Froslass|Froslassite\n|-weather|Snowscape|[from] ability: Snow Warning|[of] p2a: Lola Queen\n|move|p1a: Sableye|Encore|p2a: Lola Queen\n|-start|p2a: Lola Queen|Encore\n|move|p2a: Lola Queen|Protect||[still]\n|-fail|p2a: Lola Queen\n|move|p1b: Starmie|Ice Spinner|p2b: Vivillon\n|-supereffective|p2b: Vivillon|1\n|-damage|p2b: Vivillon|0 fnt\n|faint|p2b: Vivillon\n|\n|-weather|Snowscape|[upkeep]\n|-heal|p1a: Sableye|64/100|[from] item: Leftovers\n|upkeep\n|\n|t:|1775948917\n|switch|p2b: Sneasler|Sneasler, L50, M|59/100\n|turn|8\n|\n|t:|1775948949\n|move|p2a: Lola Queen|Protect|p2a: Lola Queen\n|-singleturn|p2a: Lola Queen|Protect\n|move|p1b: Starmie|Protect|p1b: Starmie\n|-singleturn|p1b: Starmie|Protect\n|move|p2b: Sneasler|Fake Out|p1b: Starmie\n|-activate|p1b: Starmie|move: Protect\n|move|p1a: Sableye|Rain Dance|p1a: Sableye\n|-weather|RainDance\n|\n|-weather|RainDance|[upkeep]\n|-heal|p1a: Sableye|69/100|[from] item: Leftovers\n|upkeep\n|turn|9\n|\n|t:|1775948989\n|move|p2a: Lola Queen|Protect||[still]\n|-fail|p2a: Lola Queen\n|move|p1b: Starmie|Aqua Jet|p2b: Sneasler\n|-damage|p2b: Sneasler|18/100\n|move|p2b: Sneasler|Dire Claw|p1a: Sableye\n|-resisted|p1a: Sableye|1\n|-damage|p1a: Sableye|42/100\n|move|p1a: Sableye|Knock Off|p2b: Sneasler\n|-resisted|p2b: Sneasler|1\n|-damage|p2b: Sneasler|0 fnt\n|-enditem|p2b: Sneasler|White Herb|[from] move: Knock Off|[of] p1a: Sableye\n|faint|p2b: Sneasler\n|\n|-weather|RainDance|[upkeep]\n|-heal|p1a: Sableye|48/100|[from] item: Leftovers\n|-end|p2a: Lola Queen|Encore\n|upkeep\n|turn|10\n|\n|t:|1775949010\n|move|p1a: Sableye|Encore|p2a: Lola Queen\n|-start|p2a: Lola Queen|Encore\n|move|p2a: Lola Queen|Protect|p2a: Lola Queen\n|-singleturn|p2a: Lola Queen|Protect\n|move|p1b: Starmie|Liquidation|p2a: Lola Queen\n|-activate|p2a: Lola Queen|move: Protect\n|\n|-weather|RainDance|[upkeep]\n|-heal|p1a: Sableye|53/100|[from] item: Leftovers\n|upkeep\n|turn|11\n|-message|muffinboihehe forfeited.\n|\n|win|heroisemcalssa\n|raw|heroisemcalssa's rating: 1129 &rarr; <strong>1160</strong><br />(+31 for winning)\n|raw|muffinboihehe's rating: 1216 &rarr; <strong>1185</strong><br />(-31 for losing)\n|l|\u2606muffinboihehe\n|player|p2|\n",
  "uploadtime": 1775949030,
  "views": 12,
  "formatid": "gen9championsvgc2026regma",
  "rating": 1160,
  "private": 0,
  "password": null
}