{
  "id": "gen9championsvgc2026regma-2586182879",
  "format": "[Gen 9 Champions] VGC 2026 Reg M-A",
  "players": [
    "YellowApe1",
    "tbplong"
  ],
  "log": "|j|\u2606YellowApe1\n|j|\u2606tbplong\n|t:|1776409503\n|gametype|doubles\n|player|p1|YellowApe1|169|1153\n|player|p2|tbplong|101|1064\n|gen|9\n|tier|[Gen 9 Champions] VGC 2026 Reg M-A\n|rated|\n|rule|Species Clause: Limit one of each Pok\u00e9mon\n|rule|Item Clause: Limit 1 of each item\n|clearpoke\n|poke|p1|Incineroar, L50, F|\n|poke|p1|Sneasler, L50, F|\n|poke|p1|Pelipper, L50, M|\n|poke|p1|Garchomp, L50, M|\n|poke|p1|Corviknight, L50, F|\n|poke|p1|Meganium, L50, M|\n|poke|p2|Gardevoir, L50, M|\n|poke|p2|Primarina, L50, F|\n|poke|p2|Whimsicott, L50, M|\n|poke|p2|Sneasler, L50, F|\n|poke|p2|Arcanine-Hisui, L50, F|\n|poke|p2|Kingambit, L50, F|\n|teampreview|4\ntbplong has agreed to open team sheets.\n|inactive|Battle timer is ON: inactive players will automatically lose when time's up. (requested by YellowApe1)\n|inactive|tbplong has 60 seconds left.\n|\n|t:|1776409539\n|teamsize|p1|4\n|teamsize|p2|4\n|start\n|switch|p1a: Meganium|Meganium, L50, M, shiny|100/100\n|switch|p1b: Corviknight|Corviknight, L50, F, shiny|100/100\n|switch|p2a: Kingambit|Kingambit, L50, F|100/100\n|switch|p2b: Gardevoir|Gardevoir, L50, M|100/100\n|-ability|p2b: Gardevoir|Mirror Armor|Trace|[from] ability: Trace|[of] p1b: Corviknight\n|turn|1\n|inactive|YellowApe1 has 30 seconds left.\n|inactive|tbplong has 30 seconds left.\n|inactive|tbplong has 20 seconds left.\n|\n|t:|1776409578\n|switch|p1a: Pelipper|Pelipper, L50, M, shiny|100/100\n|-weather|RainDance|[from] ability: Drizzle|[of] p1a: Pelipper\n|move|p2a: Kingambit|Protect|p2a: Kingambit\n|-singleturn|p2a: Kingambit|Protect\n|move|p1b: Corviknight|Iron Defense|p1b: Corviknight\n|-boost|p1b: Corviknight|def|2\n|move|p2b: Gardevoir|Trick Room|p2b: Gardevoir\n|-fieldstart|move: Trick Room|[of] p2b: Gardevoir\n|\n|-weather|RainDance|[upkeep]\n|upkeep\n|turn|2\n|inactive|tbplong has 30 seconds left.\n|\n|t:|1776409610\n|switch|p2b: Whimsicott|Whimsicott, L50, M|100/100\n|move|p1a: Pelipper|Wide Guard|p1a: Pelipper\n|-singleturn|p1a: Pelipper|Wide Guard\n|move|p2a: Kingambit|Kowtow Cleave|p1a: Pelipper\n|-crit|p1a: Pelipper\n|-enditem|p1a: Pelipper|Focus Sash\n|-damage|p1a: Pelipper|1/100\n|move|p1b: Corviknight|Body Press|p2a: Kingambit\n|-supereffective|p2a: Kingambit|2\n|-damage|p2a: Kingambit|0 fnt\n|faint|p2a: Kingambit\n|\n|-weather|RainDance|[upkeep]\n|upkeep\n|\n|t:|1776409625\n|switch|p2a: Gardevoir|Gardevoir, L50, M|100/100\n|-ability|p2a: Gardevoir|Drizzle|Trace|[from] ability: Trace|[of] p1a: Pelipper\n|turn|3\n|inactive|tbplong has 30 seconds left.\n|inactive|tbplong has 20 seconds left.\n|\n|t:|1776409662\n|detailschange|p2a: Gardevoir|Gardevoir-Mega, L50, M\n|-mega|p2a: Gardevoir|Gardevoir|Gardevoirite\n|move|p2b: Whimsicott|Protect|p2b: Whimsicott\n|-singleturn|p2b: Whimsicott|Protect\n|move|p1a: Pelipper|Wide Guard|p1a: Pelipper\n|-singleturn|p1a: Pelipper|Wide Guard\n|move|p1b: Corviknight|Iron Defense|p1b: Corviknight\n|-boost|p1b: Corviknight|def|2\n|move|p2a: Gardevoir|Psychic|p1a: Pelipper\n|-damage|p1a: Pelipper|0 fnt\n|faint|p1a: Pelipper\n|\n|-weather|RainDance|[upkeep]\n|upkeep\n|\n|t:|1776409669\n|switch|p1a: Meganium|Meganium, L50, M, shiny|100/100\n|turn|4\n|\n|t:|1776409680\n|move|p1a: Meganium|Protect|p1a: Meganium\n|-singleturn|p1a: Meganium|Protect\n|move|p2b: Whimsicott|Encore|p1b: Corviknight\n|-start|p1b: Corviknight|Encore\n|move|p1b: Corviknight|Iron Defense|p1b: Corviknight\n|-boost|p1b: Corviknight|def|2\n|move|p2a: Gardevoir|Hyper Voice|p1a: Meganium|[spread] p1b\n|-activate|p1a: Meganium|move: Protect\n|-resisted|p1b: Corviknight|1\n|-damage|p1b: Corviknight|81/100\n|\n|-weather|RainDance|[upkeep]\n|-heal|p1b: Corviknight|87/100|[from] item: Leftovers\n|upkeep\n|turn|5\n|\n|t:|1776409696\n|switch|p1a: Sneasler|Sneasler, L50, F, shiny|100/100\n|move|p2b: Whimsicott|Encore||[still]\n|-fail|p2b: Whimsicott\n|move|p1b: Corviknight|Iron Defense|p1b: Corviknight\n|-boost|p1b: Corviknight|def|0\n|move|p2a: Gardevoir|Hyper Voice|p1b: Corviknight|[spread] p1a,p1b\n|-resisted|p1b: Corviknight|1\n|-damage|p1a: Sneasler|33/100\n|-damage|p1b: Corviknight|67/100\n|\n|-weather|none\n|-heal|p1b: Corviknight|73/100|[from] item: Leftovers\n|-fieldend|move: Trick Room\n|upkeep\n|turn|6\n|inactive|YellowApe1 has 30 seconds left.\n|inactive|tbplong has 30 seconds left.\n|\n|t:|1776409725\n|move|p2b: Whimsicott|Tailwind|p2b: Whimsicott\n|-sidestart|p2: tbplong|move: Tailwind\n|move|p2a: Gardevoir|Hyper Voice|p1b: Corviknight|[spread] p1a,p1b\n|-resisted|p1b: Corviknight|1\n|-damage|p1a: Sneasler|0 fnt\n|-damage|p1b: Corviknight|53/100\n|faint|p1a: Sneasler\n|move|p1b: Corviknight|Iron Defense|p1b: Corviknight\n|-boost|p1b: Corviknight|def|0\n|\n|-heal|p1b: Corviknight|59/100|[from] item: Leftovers\n|-end|p1b: Corviknight|Encore\n|upkeep\n|\n|t:|1776409730\n|switch|p1a: Meganium|Meganium, L50, M, shiny|100/100\n|turn|7\n|\n|t:|1776409755\n|detailschange|p1a: Meganium|Meganium-Mega, L50, M, shiny\n|-mega|p1a: Meganium|Meganium|Meganiumite\n|move|p2b: Whimsicott|Encore|p1b: Corviknight\n|-start|p1b: Corviknight|Encore\n|move|p2a: Gardevoir|Hyper Voice|p1a: Meganium|[spread] p1a,p1b\n|-resisted|p1b: Corviknight|1\n|-damage|p1a: Meganium|50/100\n|-damage|p1b: Corviknight|40/100\n|move|p1a: Meganium|Solar Beam||[still]\n|-prepare|p1a: Meganium|Solar Beam\n|-activate|p1a: Meganium|ability: Mega Sol\n|-anim|p1a: Meganium|Solar Beam|p2a: Gardevoir\n|-damage|p2a: Gardevoir|26/100\n|move|p1b: Corviknight|Iron Defense|p1b: Corviknight\n|-boost|p1b: Corviknight|def|0\n|\n|-heal|p1b: Corviknight|46/100|[from] item: Leftovers\n|upkeep\n|turn|8\n|-message|YellowApe1 forfeited.\n|\n|win|tbplong\n|raw|YellowApe1's rating: 1153 &rarr; <strong>1122</strong><br />(-31 for losing)\n|raw|tbplong's rating: 1064 &rarr; <strong>1102</strong><br />(+38 for winning)\n|l|\u2606YellowApe1\n|player|p1|\n",
  "uploadtime": 1776409782,
  "views": 20,
  "formatid": "gen9championsvgc2026regma",
  "rating": 1102,
  "private": 0,
  "password": null
}