{
  "id": "gen9championsvgc2026regma-2580741328",
  "format": "[Gen 9 Champions] VGC 2026 Reg M-A",
  "players": [
    "Nomad3929",
    "MigraineMan"
  ],
  "log": "|j|\u2606Nomad3929\n|j|\u2606MigraineMan\n|t:|1775928693\n|gametype|doubles\n|player|p1|Nomad3929|1|1102\n|player|p2|MigraineMan|102|1180\n|gen|9\n|tier|[Gen 9 Champions] VGC 2026 Reg M-A\n|rated|\n|rule|Species Clause: Limit one of each Pok\u00e9mon\n|rule|Item Clause: Limit 1 of each item\n|clearpoke\n|poke|p1|Charizard, L50, M|\n|poke|p1|Venusaur, L50, F|\n|poke|p1|Garchomp, L50, M|\n|poke|p1|Rotom-Wash, L50|\n|poke|p1|Sneasler, L50, M|\n|poke|p1|Incineroar, L50, M|\n|poke|p2|Alakazam, L50, M|\n|poke|p2|Meowstic, L50, M|\n|poke|p2|Maushold-Four, L50|\n|poke|p2|Lucario, L50, M|\n|poke|p2|Tyranitar, L50, F|\n|poke|p2|Excadrill, L50, M|\n|teampreview|4\n|inactive|Battle timer is ON: inactive players will automatically lose when time's up. (requested by Nomad3929)\n|inactive|MigraineMan has 60 seconds left.\n|inactive|Nomad3929 has 60 seconds left.\n|\n|t:|1775928739\n|teamsize|p1|4\n|teamsize|p2|4\n|start\n|switch|p1a: Charizard|Charizard, L50, M|100/100\n|switch|p1b: Sneasler|Sneasler, L50, M|100/100\n|switch|p2a: Lucario|Lucario, L50, M|100/100\n|switch|p2b: Meowstic|Meowstic, L50, M|100/100\n|turn|1\n|inactive|Nomad3929 has 30 seconds left.\n|\n|t:|1775928764\n|move|p1a: Charizard|Protect|p1a: Charizard\n|-singleturn|p1a: Charizard|Protect\n|move|p1b: Sneasler|Fake Out|p2b: Meowstic\n|-damage|p2b: Meowstic|81/100\n|move|p2a: Lucario|Rock Tomb|p1a: Charizard\n|-activate|p1a: Charizard|move: Protect\n|cant|p2b: Meowstic|flinch\n|\n|upkeep\n|turn|2\n|inactive|Nomad3929 has 30 seconds left.\n|inactive|Nomad3929 has 20 seconds left.\n|inactive|Nomad3929 has 15 seconds left.\n|inactive|Nomad3929 has 10 seconds left.\n|\n|t:|1775928813\n|switch|p1b: Rotom|Rotom-Wash, L50|100/100\n|switch|p1a: Garchomp|Garchomp, L50, M|100/100\n|move|p2a: Lucario|Rock Tomb|p1a: Garchomp\n|-resisted|p1a: Garchomp|1\n|-damage|p1a: Garchomp|91/100\n|-unboost|p1a: Garchomp|spe|1\n|move|p2b: Meowstic|Expanding Force|p1b: Rotom\n|-damage|p1b: Rotom|69/100\n|\n|-heal|p1b: Rotom|75/100|[from] item: Leftovers\n|upkeep\n|turn|3\n|\n|t:|1775928836\n|move|p2b: Meowstic|Psychic Terrain|p2b: Meowstic\n|-fieldstart|move: Psychic Terrain\n|move|p2a: Lucario|Rock Tomb|p1b: Rotom\n|-damage|p1b: Rotom|57/100\n|-unboost|p1b: Rotom|spe|1\n|move|p1a: Garchomp|Earthquake|p2b: Meowstic|[spread] p2a,p2b\n|-immune|p1b: Rotom|[from] ability: Levitate\n|-supereffective|p2a: Lucario|1\n|-damage|p2a: Lucario|0 fnt\n|-damage|p2b: Meowstic|15/100\n|faint|p2a: Lucario\n|move|p1b: Rotom|Will-O-Wisp|p2b: Meowstic\n|-status|p2b: Meowstic|brn\n|\n|-heal|p1b: Rotom|62/100|[from] item: Leftovers\n|-damage|p2b: Meowstic|9/100 brn|[from] brn\n|upkeep\n|\n|t:|1775928847\n|switch|p2a: Alakazam|Alakazam, L50, M, shiny|100/100\n|turn|4\n|\n|t:|1775928860\n|detailschange|p2a: Alakazam|Alakazam-Mega, L50, M, shiny\n|-mega|p2a: Alakazam|Alakazam|Alakazite\n|-ability|p2a: Alakazam|Levitate|Trace|[from] ability: Trace|[of] p1b: Rotom\n|move|p1b: Rotom|Protect|p1b: Rotom\n|-singleturn|p1b: Rotom|Protect\n|move|p2a: Alakazam|Expanding Force|p1b: Rotom\n|-activate|p1b: Rotom|move: Protect\n|move|p2b: Meowstic|Expanding Force|p1a: Garchomp|[spread] p1a\n|-activate|p1b: Rotom|move: Protect\n|-damage|p1a: Garchomp|38/100\n|move|p1a: Garchomp|Earthquake|p2b: Meowstic|[spread] p2b\n|-activate|p1b: Rotom|move: Protect\n|-immune|p2a: Alakazam|[from] ability: Levitate\n|-damage|p2b: Meowstic|0 fnt\n|faint|p2b: Meowstic\n|\n|-heal|p1b: Rotom|68/100|[from] item: Leftovers\n|upkeep\n|inactive|MigraineMan has 30 seconds left.\n|\n|t:|1775928888\n|switch|p2b: Tyranitar|Tyranitar, L50, F|100/100\n|-weather|Sandstorm|[from] ability: Sand Stream|[of] p2b: Tyranitar\n|turn|5\n|\n|t:|1775928906\n|move|p2a: Alakazam|Expanding Force|p1b: Rotom\n|-damage|p1b: Rotom|1/100\n|move|p1a: Garchomp|Earthquake|p2a: Alakazam|[spread] p2b\n|-immune|p1b: Rotom|[from] ability: Levitate\n|-immune|p2a: Alakazam|[from] ability: Levitate\n|-supereffective|p2b: Tyranitar|1\n|-damage|p2b: Tyranitar|34/100\n|move|p2b: Tyranitar|Assurance|p1b: Rotom\n|-damage|p1b: Rotom|0 fnt\n|faint|p1b: Rotom\n|\n|-weather|Sandstorm|[upkeep]\n|-damage|p2a: Alakazam|94/100|[from] Sandstorm\n|upkeep\n|\n|t:|1775928922\n|switch|p1b: Sneasler|Sneasler, L50, M|100/100\n|turn|6\n|\n|t:|1775928942\n|switch|p1a: Charizard|Charizard, L50, M|100/100\n|move|p2b: Tyranitar|Protect|p2b: Tyranitar\n|-singleturn|p2b: Tyranitar|Protect\n|move|p2a: Alakazam|Expanding Force|p1b: Sneasler\n|-supereffective|p1b: Sneasler|2\n|-damage|p1b: Sneasler|0 fnt\n|faint|p1b: Sneasler\n|\n|-weather|Sandstorm|[upkeep]\n|-damage|p2a: Alakazam|88/100|[from] Sandstorm\n|-damage|p1a: Charizard|95/100|[from] Sandstorm\n|upkeep\n|\n|t:|1775928949\n|switch|p1b: Garchomp|Garchomp, L50, M|38/100\n|turn|7\n|\n|t:|1775928969\n|detailschange|p1a: Charizard|Charizard-Mega-Y, L50, M\n|-mega|p1a: Charizard|Charizard|Charizardite Y\n|-weather|SunnyDay|[from] ability: Drought|[of] p1a: Charizard\n|move|p1a: Charizard|Protect|p1a: Charizard\n|-singleturn|p1a: Charizard|Protect\n|move|p1b: Garchomp|Dragon Claw|p2a: Alakazam\n|-damage|p2a: Alakazam|0 fnt\n|faint|p2a: Alakazam\n|move|p2b: Tyranitar|Rock Slide|p1b: Garchomp|[spread] p1b\n|-activate|p1a: Charizard|move: Protect\n|-resisted|p1b: Garchomp|1\n|-damage|p1b: Garchomp|24/100\n|\n|-weather|SunnyDay|[upkeep]\n|-fieldend|move: Psychic Terrain\n|upkeep\n|turn|8\n|inactive|MigraineMan has 30 seconds left.\n|inactive|MigraineMan has 20 seconds left.\n|\n|t:|1775929004\n|move|p1b: Garchomp|Dragon Claw|p2b: Tyranitar\n|-damage|p2b: Tyranitar|0 fnt\n|faint|p2b: Tyranitar\n|\n|win|Nomad3929\n|raw|Nomad3929's rating: 1102 &rarr; <strong>1133</strong><br />(+31 for winning)\n|raw|MigraineMan's rating: 1180 &rarr; <strong>1149</strong><br />(-31 for losing)\n",
  "uploadtime": 1775929009,
  "views": 15,
  "formatid": "gen9championsvgc2026regma",
  "rating": 1133,
  "private": 0,
  "password": null
}