{
  "id": "gen9championsvgc2026regma-2581176061",
  "format": "[Gen 9 Champions] VGC 2026 Reg M-A",
  "players": [
    "tastyfloop",
    "FukZamazenta917813"
  ],
  "log": "|j|\u2606tastyfloop\n|j|\u2606FukZamazenta917813\n|t:|1775967367\n|gametype|doubles\n|player|p1|tastyfloop|2|1140\n|player|p2|FukZamazenta917813|lucas|1208\n|gen|9\n|tier|[Gen 9 Champions] VGC 2026 Reg M-A\n|rated|\n|rule|Species Clause: Limit one of each Pok\u00e9mon\n|rule|Item Clause: Limit 1 of each item\n|clearpoke\n|poke|p1|Basculegion, L50, M|\n|poke|p1|Archaludon, L50, F|\n|poke|p1|Sinistcha, L50|\n|poke|p1|Pelipper, L50, F|\n|poke|p1|Gengar, L50, F|\n|poke|p1|Sneasler, L50, F|\n|poke|p2|Incineroar, L50, F|\n|poke|p2|Delphox, L50, M|\n|poke|p2|Whimsicott, L50, F|\n|poke|p2|Clefable, L50, F|\n|poke|p2|Garchomp, L50, M|\n|poke|p2|Sneasler, L50, F|\n|teampreview|4\n|inactive|Battle timer is ON: inactive players will automatically lose when time's up. (requested by FukZamazenta917813)\n|inactive|tastyfloop has 60 seconds left.\n|inactive|tastyfloop has 30 seconds left.\n|\n|t:|1775967436\n|teamsize|p1|4\n|teamsize|p2|4\n|start\n|switch|p1a: Sneasler|Sneasler, L50, F|100/100\n|switch|p1b: Archaludon|Archaludon, L50, F|100/100\n|switch|p2a: delpha|Delphox, L50, M|100/100\n|switch|p2b: \u795e\u7684\u4f1f\u5927\u65e0\u9700\u591a\u8a00|Incineroar, L50, F|100/100\n|-ability|p2b: \u795e\u7684\u4f1f\u5927\u65e0\u9700\u591a\u8a00|Intimidate|boost\n|-unboost|p1a: Sneasler|atk|1\n|-unboost|p1b: Archaludon|atk|1\n|-enditem|p1a: Sneasler|White Herb\n|-clearnegativeboost|p1a: Sneasler|[silent]\n|turn|1\n|\n|t:|1775967461\n|detailschange|p2a: delpha|Delphox-Mega, L50, M\n|-mega|p2a: delpha|Delphox|Delphoxite\n|move|p1a: Sneasler|Fake Out|p2b: \u795e\u7684\u4f1f\u5927\u65e0\u9700\u591a\u8a00\n|-damage|p2b: \u795e\u7684\u4f1f\u5927\u65e0\u9700\u591a\u8a00|87/100\n|move|p2a: delpha|Calm Mind|p2a: delpha\n|-boost|p2a: delpha|spa|1\n|-boost|p2a: delpha|spd|1\n|move|p1b: Archaludon|Draco Meteor|p2a: delpha\n|-damage|p2a: delpha|56/100\n|-unboost|p1b: Archaludon|spa|2\n|cant|p2b: \u795e\u7684\u4f1f\u5927\u65e0\u9700\u591a\u8a00|flinch\n|\n|upkeep\n|turn|2\n|\n|t:|1775967482\n|switch|p1b: Pelipper|Pelipper, L50, F|100/100\n|-weather|RainDance|[from] ability: Drizzle|[of] p1b: Pelipper\n|switch|p2b: \u60f3\u51ff\u98ce\u5996\u7cbe|Whimsicott, L50, F|100/100\n|move|p2a: delpha|Protect|p2a: delpha\n|-singleturn|p2a: delpha|Protect\n|move|p1a: Sneasler|Close Combat|p2b: \u60f3\u51ff\u98ce\u5996\u7cbe\n|-resisted|p2b: \u60f3\u51ff\u98ce\u5996\u7cbe|1\n|-damage|p2b: \u60f3\u51ff\u98ce\u5996\u7cbe|61/100\n|-unboost|p1a: Sneasler|def|1\n|-unboost|p1a: Sneasler|spd|1\n|\n|-weather|RainDance|[upkeep]\n|upkeep\n|turn|3\n|\n|t:|1775967506\n|switch|p1a: Archaludon|Archaludon, L50, F|100/100\n|move|p2b: \u60f3\u51ff\u98ce\u5996\u7cbe|Sunny Day|p2b: \u60f3\u51ff\u98ce\u5996\u7cbe\n|-weather|SunnyDay\n|move|p2a: delpha|Heat Wave|p1b: Pelipper|[spread] p1a,p1b\n|-resisted|p1b: Pelipper|1\n|-damage|p1a: Archaludon|3/100\n|-damage|p1b: Pelipper|27/100\n|-status|p1b: Pelipper|brn\n|move|p1b: Pelipper|Tailwind|p1b: Pelipper\n|-sidestart|p1: tastyfloop|move: Tailwind\n|\n|-weather|SunnyDay|[upkeep]\n|-heal|p1a: Archaludon|9/100|[from] item: Leftovers\n|-damage|p1b: Pelipper|21/100 brn|[from] brn\n|upkeep\n|turn|4\n|\n|t:|1775967529\n|move|p1b: Pelipper|Wide Guard|p1b: Pelipper\n|-singleturn|p1b: Pelipper|Wide Guard\n|move|p2b: \u60f3\u51ff\u98ce\u5996\u7cbe|Tailwind|p2b: \u60f3\u51ff\u98ce\u5996\u7cbe\n|-sidestart|p2: FukZamazenta917813|move: Tailwind\n|move|p2a: delpha|Heat Wave|p1a: Archaludon|[spread] \n|-activate|p1a: Archaludon|move: Wide Guard\n|-activate|p1b: Pelipper|move: Wide Guard\n|move|p1a: Archaludon|Draco Meteor|p2a: delpha\n|-damage|p2a: delpha|15/100\n|-unboost|p1a: Archaludon|spa|2\n|\n|-weather|SunnyDay|[upkeep]\n|-heal|p1a: Archaludon|14/100|[from] item: Leftovers\n|-damage|p1b: Pelipper|15/100 brn|[from] brn\n|upkeep\n|turn|5\n|\n|t:|1775967553\n|move|p1a: Archaludon|Protect|p1a: Archaludon\n|-singleturn|p1a: Archaludon|Protect\n|move|p2a: delpha|Psyshock|p1a: Archaludon\n|-activate|p1a: Archaludon|move: Protect\n|move|p2b: \u60f3\u51ff\u98ce\u5996\u7cbe|Moonblast|p1b: Pelipper\n|-damage|p1b: Pelipper|0 fnt\n|faint|p1b: Pelipper\n|\n|-weather|SunnyDay|[upkeep]\n|-heal|p1a: Archaludon|20/100|[from] item: Leftovers\n|upkeep\n|\n|t:|1775967564\n|switch|p1b: Sneasler|Sneasler, L50, F|100/100\n|turn|6\n|\n|t:|1775967581\n|move|p2a: delpha|Protect|p2a: delpha\n|-singleturn|p2a: delpha|Protect\n|move|p1b: Sneasler|Protect|p1b: Sneasler\n|-singleturn|p1b: Sneasler|Protect\n|move|p2b: \u60f3\u51ff\u98ce\u5996\u7cbe|Moonblast|p1a: Archaludon\n|-damage|p1a: Archaludon|0 fnt\n|faint|p1a: Archaludon\n|\n|-weather|SunnyDay|[upkeep]\n|-sideend|p1: tastyfloop|move: Tailwind\n|upkeep\n|\n|t:|1775967590\n|switch|p1a: Gengar|Gengar, L50, F|100/100\n|turn|7\n|inactive|tastyfloop has 30 seconds left.\n|\n|t:|1775967620\n|detailschange|p1a: Gengar|Gengar-Mega, L50, F\n|-mega|p1a: Gengar|Gengar|Gengarite\n|move|p2b: \u60f3\u51ff\u98ce\u5996\u7cbe|Encore|p1b: Sneasler\n|-start|p1b: Sneasler|Encore\n|move|p1b: Sneasler|Protect||[still]\n|-fail|p1b: Sneasler\n|move|p2a: delpha|Psyshock|p1a: Gengar\n|-supereffective|p1a: Gengar|1\n|-damage|p1a: Gengar|0 fnt\n|faint|p1a: Gengar\n|\n|-weather|none\n|-sideend|p2: FukZamazenta917813|move: Tailwind\n|upkeep\n|turn|8\n|c|\u2606tastyfloop|balright\n|c|\u2606tastyfloop|gg\n|-message|tastyfloop forfeited.\n|\n|win|FukZamazenta917813\n|raw|tastyfloop's rating: 1140 &rarr; <strong>1120</strong><br />(-20 for losing)\n|raw|FukZamazenta917813's rating: 1208 &rarr; <strong>1228</strong><br />(+20 for winning)\n",
  "uploadtime": 1775967637,
  "views": 13,
  "formatid": "gen9championsvgc2026regma",
  "rating": 1120,
  "private": 0,
  "password": null
}