{
  "id": "gen9championsvgc2026regma-2583809707",
  "format": "[Gen 9 Champions] VGC 2026 Reg M-A",
  "players": [
    "Forjadordevinculos",
    "qpxboi"
  ],
  "log": "|j|\u2606Forjadordevinculos\n|j|\u2606qpxboi\n|t:|1776199314\n|gametype|doubles\n|player|p1|Forjadordevinculos|veteran|1216\n|player|p2|qpxboi|169|1205\n|gen|9\n|tier|[Gen 9 Champions] VGC 2026 Reg M-A\n|rated|\n|rule|Species Clause: Limit one of each Pok\u00e9mon\n|rule|Item Clause: Limit 1 of each item\n|clearpoke\n|poke|p1|Aggron, L50, M|\n|poke|p1|Incineroar, L50, M|\n|poke|p1|Lycanroc, L50, M|\n|poke|p1|Sinistcha, L50|\n|poke|p1|Hippowdon, L50, F|\n|poke|p1|Pelipper, L50, F|\n|poke|p2|Delphox, L50, F|\n|poke|p2|Basculegion, L50, M|\n|poke|p2|Clefable, L50, M|\n|poke|p2|Kingambit, L50, M|\n|poke|p2|Sneasler, L50, F|\n|poke|p2|Dragonite, L50, F|\n|teampreview|4\nqpxboi has agreed to open team sheets.\n|inactive|Battle timer is ON: inactive players will automatically lose when time's up. (requested by Forjadordevinculos)\n|\n|t:|1776199395\n|teamsize|p1|4\n|teamsize|p2|4\n|start\n|switch|p1a: Aggron|Aggron, L50, M, shiny|100/100\n|switch|p1b: Hippowdon|Hippowdon, L50, F|100/100\n|switch|p2a: Sneasler|Sneasler, L50, F|100/100\n|switch|p2b: Kingambit|Kingambit, L50, M|100/100\n|-weather|Sandstorm|[from] ability: Sand Stream|[of] p1b: Hippowdon\n|turn|1\n|inactive|qpxboi also wants the timer to be on.\n|inactive|Forjadordevinculos has 30 seconds left.\n|inactive|qpxboi has 30 seconds left.\n|inactive|Forjadordevinculos has 20 seconds left.\n|inactive|qpxboi has 20 seconds left.\n|\n|t:|1776199449\n|detailschange|p1a: Aggron|Aggron-Mega, L50, M, shiny\n|-mega|p1a: Aggron|Aggron|Aggronite\n|move|p1a: Aggron|Protect|p1a: Aggron\n|-singleturn|p1a: Aggron|Protect\n|move|p2a: Sneasler|Fake Out|p1a: Aggron\n|-activate|p1a: Aggron|move: Protect\n|move|p2b: Kingambit|Swords Dance|p2b: Kingambit\n|-boost|p2b: Kingambit|atk|2\n|move|p1b: Hippowdon|Earthquake|p2a: Sneasler|[spread] p2a,p2b\n|-activate|p1a: Aggron|move: Protect\n|-supereffective|p2a: Sneasler|1\n|-supereffective|p2b: Kingambit|1\n|-enditem|p2a: Sneasler|Focus Sash\n|-damage|p2a: Sneasler|1/100\n|-damage|p2b: Kingambit|57/100\n|\n|-weather|Sandstorm|[upkeep]\n|-damage|p2a: Sneasler|0 fnt|[from] Sandstorm\n|faint|p2a: Sneasler\n|upkeep\n|\n|t:|1776199472\n|switch|p2a: Clefable|Clefable, L50, M|100/100\n|turn|2\n|\n|t:|1776199484\n|move|p2a: Clefable|Helping Hand|p2b: Kingambit\n|-singleturn|p2b: Kingambit|Helping Hand|[of] p2a: Clefable\n|move|p2b: Kingambit|Sucker Punch||[still]\n|-fail|p2b: Kingambit\n|move|p1a: Aggron|Body Press|p2b: Kingambit\n|-supereffective|p2b: Kingambit|2\n|-damage|p2b: Kingambit|0 fnt\n|faint|p2b: Kingambit\n|move|p1b: Hippowdon|Stealth Rock|p2a: Clefable\n|-sidestart|p2: qpxboi|move: Stealth Rock\n|\n|-weather|Sandstorm|[upkeep]\n|-damage|p2a: Clefable|95/100|[from] Sandstorm\n|upkeep\n|\n|t:|1776199500\n|switch|p2b: Delphox|Delphox, L50, F|100/100\n|-damage|p2b: Delphox|76/100|[from] Stealth Rock\n|turn|3\n|\n|t:|1776199516\n|detailschange|p2b: Delphox|Delphox-Mega, L50, F\n|-mega|p2b: Delphox|Delphox|Delphoxite\n|move|p2a: Clefable|Follow Me|p2a: Clefable\n|-singleturn|p2a: Clefable|move: Follow Me\n|move|p2b: Delphox|Psychic|p1a: Aggron\n|-resisted|p1a: Aggron|1\n|-damage|p1a: Aggron|78/100\n|move|p1a: Aggron|Heavy Slam|p2a: Clefable\n|-supereffective|p2a: Clefable|1\n|-damage|p2a: Clefable|13/100\n|-enditem|p2a: Clefable|Sitrus Berry|[eat]\n|-heal|p2a: Clefable|38/100|[from] item: Sitrus Berry\n|move|p1b: Hippowdon|Yawn|p2a: Clefable\n|-start|p2a: Clefable|move: Yawn|[of] p1b: Hippowdon\n|\n|-weather|Sandstorm|[upkeep]\n|-damage|p2b: Delphox|70/100|[from] Sandstorm\n|-damage|p2a: Clefable|32/100|[from] Sandstorm\n|upkeep\n|turn|4\n|\n|t:|1776199540\n|move|p2a: Clefable|Helping Hand|p2b: Delphox\n|-singleturn|p2b: Delphox|Helping Hand|[of] p2a: Clefable\n|move|p1a: Aggron|Protect|p1a: Aggron\n|-singleturn|p1a: Aggron|Protect\n|move|p2b: Delphox|Psychic|p1a: Aggron\n|-activate|p1a: Aggron|move: Protect\n|move|p1b: Hippowdon|Stealth Rock||[still]\n|-fail|p1b: Hippowdon\n|\n|-weather|Sandstorm|[upkeep]\n|-damage|p2b: Delphox|64/100|[from] Sandstorm\n|-damage|p2a: Clefable|26/100|[from] Sandstorm\n|-end|p2a: Clefable|move: Yawn|[silent]\n|-status|p2a: Clefable|slp\n|upkeep\n|turn|5\n|\n|t:|1776199561\n|cant|p2a: Clefable|slp\n|move|p2b: Delphox|Psychic|p1a: Aggron\n|-resisted|p1a: Aggron|1\n|-damage|p1a: Aggron|57/100\n|move|p1a: Aggron|Heavy Slam|p2a: Clefable\n|-supereffective|p2a: Clefable|1\n|-damage|p2a: Clefable|0 fnt\n|faint|p2a: Clefable\n|move|p1b: Hippowdon|Yawn|p2b: Delphox\n|-start|p2b: Delphox|move: Yawn|[of] p1b: Hippowdon\n|\n|-weather|none\n|upkeep\n|turn|6\n|\n|t:|1776199581\n|switch|p1b: Sinistcha|Sinistcha, L50|100/100\n|-heal|p1a: Aggron|82/100|[from] ability: Hospitality|[of] p1b: Sinistcha\n|move|p2b: Delphox|Psychic|p1a: Aggron\n|-resisted|p1a: Aggron|1\n|-damage|p1a: Aggron|58/100\n|-unboost|p1a: Aggron|spd|1\n|move|p1a: Aggron|Iron Defense|p1a: Aggron\n|-boost|p1a: Aggron|def|2\n|\n|-end|p2b: Delphox|move: Yawn|[silent]\n|-status|p2b: Delphox|slp\n|upkeep\n|turn|7\n|\n|t:|1776199597\n|cant|p2b: Delphox|slp\n|move|p1a: Aggron|Body Press|p2b: Delphox\n|-resisted|p2b: Delphox|1\n|-damage|p2b: Delphox|9/100 slp\n|move|p1b: Sinistcha|Trick Room|p1b: Sinistcha\n|-fieldstart|move: Trick Room|[of] p1b: Sinistcha\n|\n|upkeep\n|turn|8\n|\n|t:|1776199605\n|move|p1a: Aggron|Body Press|p2b: Delphox\n|-resisted|p2b: Delphox|1\n|-damage|p2b: Delphox|0 fnt\n|faint|p2b: Delphox\n|\n|win|Forjadordevinculos\n|raw|Forjadordevinculos's rating: 1216 &rarr; <strong>1240</strong><br />(+24 for winning)\n|raw|qpxboi's rating: 1205 &rarr; <strong>1181</strong><br />(-24 for losing)\n|l|\u2606qpxboi\n|player|p2|\n",
  "uploadtime": 1776199634,
  "views": 17,
  "formatid": "gen9championsvgc2026regma",
  "rating": 1181,
  "private": 0,
  "password": null
}