{
  "id": "gen9championsvgc2026regma-2586248307",
  "format": "[Gen 9 Champions] VGC 2026 Reg M-A",
  "players": [
    "hard tr bd",
    "ivanchur"
  ],
  "log": "|j|\u2606hard tr bd\n|j|\u2606ivanchur\n|t:|1776417136\n|gametype|doubles\n|player|p1|hard tr bd|nate|1462\n|player|p2|ivanchur|1|1482\n|gen|9\n|tier|[Gen 9 Champions] VGC 2026 Reg M-A\n|rated|\n|rule|Species Clause: Limit one of each Pok\u00e9mon\n|rule|Item Clause: Limit 1 of each item\n|clearpoke\n|poke|p1|Floette-Eternal, L50, F|\n|poke|p1|Incineroar, L50, M|\n|poke|p1|Maushold, L50|\n|poke|p1|Basculegion, L50, M|\n|poke|p1|Sinistcha-Masterpiece, L50|\n|poke|p1|Sneasler, L50, F|\n|poke|p2|Charizard, L50, M|\n|poke|p2|Aegislash, L50, F|\n|poke|p2|Garchomp, L50, M|\n|poke|p2|Milotic, L50, M|\n|poke|p2|Rotom-Heat, L50|\n|poke|p2|Whimsicott, L50, M|\n|teampreview|4\n|\n|t:|1776417164\n|teamsize|p1|4\n|teamsize|p2|4\n|start\n|switch|p1a: Basculegion|Basculegion, L50, M|100/100\n|switch|p1b: Floette|Floette-Eternal, L50, F|100/100\n|switch|p2a: Milotic|Milotic, L50, M|100/100\n|switch|p2b: Aegislash|Aegislash, L50, F|100/100\n|turn|1\n|\n|t:|1776417182\n|detailschange|p1b: Floette|Floette-Mega, L50, F\n|-mega|p1b: Floette|Floette|Floettite\n|-ability|p1b: Floette|Fairy Aura\n|move|p1a: Basculegion|Wave Crash|p2a: Milotic\n|-resisted|p2a: Milotic|1\n|-damage|p2a: Milotic|68/100\n|-damage|p1a: Basculegion|89/100|[from] Recoil\n|move|p1b: Floette|Moonblast|p2a: Milotic\n|-damage|p2a: Milotic|10/100\n|move|p2a: Milotic|Icy Wind|p1b: Floette|[spread] p1a,p1b\n|-resisted|p1a: Basculegion|1\n|-damage|p1a: Basculegion|83/100\n|-damage|p1b: Floette|92/100\n|-unboost|p1a: Basculegion|spe|1\n|-unboost|p1b: Floette|spe|1\n|-formechange|p2b: Aegislash|Aegislash-Blade|\n|move|p2b: Aegislash|Iron Head|p1b: Floette\n|-supereffective|p1b: Floette|1\n|-damage|p1b: Floette|0 fnt\n|faint|p1b: Floette\n|\n|-heal|p2a: Milotic|16/100|[from] item: Leftovers\n|upkeep\n|\n|t:|1776417196\n|switch|p1b: Sneasler|Sneasler, L50, F|100/100\n|turn|2\n|\n|t:|1776417212\n|switch|p1a: Incineroar|Incineroar, L50, M|100/100\n|-ability|p1a: Incineroar|Intimidate|boost\n|-unboost|p2a: Milotic|atk|1\n|-ability|p2a: Milotic|Competitive|boost\n|-boost|p2a: Milotic|spa|2\n|-unboost|p2b: Aegislash|atk|1\n|-enditem|p2b: Aegislash|White Herb\n|-clearnegativeboost|p2b: Aegislash|[silent]\n|-formechange|p2b: Aegislash|Aegislash|\n|move|p2b: Aegislash|King's Shield|p2b: Aegislash\n|-singleturn|p2b: Aegislash|Protect\n|move|p1b: Sneasler|Dire Claw|p2a: Milotic\n|-damage|p2a: Milotic|0 fnt\n|faint|p2a: Milotic\n|\n|upkeep\n|\n|t:|1776417221\n|switch|p2a: Charizard|Charizard, L50, M|100/100\n|turn|3\n|\n|t:|1776417236\n|move|p1b: Sneasler|Protect|p1b: Sneasler\n|-singleturn|p1b: Sneasler|Protect\n|move|p2a: Charizard|Protect|p2a: Charizard\n|-singleturn|p2a: Charizard|Protect\n|move|p1a: Incineroar|Parting Shot|p2b: Aegislash\n|-unboost|p2b: Aegislash|atk|1\n|-unboost|p2b: Aegislash|spa|1\n|\n|t:|1776417244\n|switch|p1a: Basculegion|Basculegion, L50, M|83/100|[from] Parting Shot\n|-formechange|p2b: Aegislash|Aegislash-Blade|\n|move|p2b: Aegislash|Sacred Sword|p1a: Basculegion\n|-immune|p1a: Basculegion\n|\n|upkeep\n|turn|4\n|inactive|Battle timer is ON: inactive players will automatically lose when time's up. (requested by ivanchur)\n|\n|t:|1776417264\n|detailschange|p2a: Charizard|Charizard-Mega-Y, L50, M\n|-mega|p2a: Charizard|Charizard|Charizardite Y\n|-weather|SunnyDay|[from] ability: Drought|[of] p2a: Charizard\n|-formechange|p2b: Aegislash|Aegislash|\n|move|p2b: Aegislash|King's Shield|p2b: Aegislash\n|-singleturn|p2b: Aegislash|Protect\n|move|p1a: Basculegion|Flip Turn|p2a: Charizard\n|-supereffective|p2a: Charizard|1\n|-damage|p2a: Charizard|64/100\n|\n|t:|1776417273\n|switch|p1a: Incineroar|Incineroar, L50, M|100/100|[from] Flip Turn\n|-ability|p1a: Incineroar|Intimidate|boost\n|-unboost|p2a: Charizard|atk|1\n|-unboost|p2b: Aegislash|atk|1\n|move|p1b: Sneasler|Dire Claw|p2a: Charizard\n|-damage|p2a: Charizard|18/100\n|-status|p2a: Charizard|psn|[from] ability: Poison Touch|[of] p1b: Sneasler\n|move|p2a: Charizard|Solar Beam||[still]\n|-prepare|p2a: Charizard|Solar Beam\n|-anim|p2a: Charizard|Solar Beam|p1a: Incineroar\n|-resisted|p1a: Incineroar|1\n|-damage|p1a: Incineroar|77/100\n|\n|-weather|SunnyDay|[upkeep]\n|-damage|p2a: Charizard|6/100 psn|[from] psn\n|upkeep\n|turn|5\n|inactive|hard tr bd has 30 seconds left.\n|\n|t:|1776417305\n|switch|p2b: Garchomp|Garchomp, L50, M|100/100\n|move|p1b: Sneasler|Dire Claw|p2a: Charizard\n|-damage|p2a: Charizard|0 fnt\n|faint|p2a: Charizard\n|move|p1a: Incineroar|Throat Chop|p2b: Garchomp\n|-crit|p2b: Garchomp\n|-damage|p2b: Garchomp|55/100\n|-start|p2b: Garchomp|Throat Chop|[silent]\n|-damage|p1a: Incineroar|65/100|[from] ability: Rough Skin|[of] p2b: Garchomp\n|\n|-weather|SunnyDay|[upkeep]\n|upkeep\n|\n|t:|1776417313\n|switch|p2a: Aegislash|Aegislash, L50, F|100/100\n|turn|6\n|\n|t:|1776417324\n|move|p1b: Sneasler|Protect|p1b: Sneasler\n|-singleturn|p1b: Sneasler|Protect\n|move|p2b: Garchomp|Rock Slide|p1a: Incineroar|[spread] p1a\n|-activate|p1b: Sneasler|move: Protect\n|-supereffective|p1a: Incineroar|1\n|-damage|p1a: Incineroar|32/100\n|-enditem|p1a: Incineroar|Sitrus Berry|[eat]\n|-heal|p1a: Incineroar|57/100|[from] item: Sitrus Berry\n|move|p1a: Incineroar|Parting Shot|p2a: Aegislash\n|-unboost|p2a: Aegislash|atk|1\n|-unboost|p2a: Aegislash|spa|1\n|\n|t:|1776417329\n|switch|p1a: Basculegion|Basculegion, L50, M|83/100|[from] Parting Shot\n|-formechange|p2a: Aegislash|Aegislash-Blade|\n|move|p2a: Aegislash|Iron Head|p1b: Sneasler\n|-activate|p1b: Sneasler|move: Protect\n|\n|-weather|SunnyDay|[upkeep]\n|-end|p2b: Garchomp|Throat Chop|[silent]\n|upkeep\n|turn|7\n|\n|t:|1776417340\n|move|p2a: Aegislash|Shadow Sneak|p1a: Basculegion\n|-supereffective|p1a: Basculegion|1\n|-damage|p1a: Basculegion|40/100\n|move|p2b: Garchomp|Rock Slide|p1a: Basculegion|[spread] p1a,p1b\n|-resisted|p1b: Sneasler|1\n|-damage|p1a: Basculegion|14/100\n|-damage|p1b: Sneasler|84/100\n|cant|p1a: Basculegion|flinch\n|move|p1b: Sneasler|Close Combat|p2b: Garchomp\n|-damage|p2b: Garchomp|0 fnt\n|-unboost|p1b: Sneasler|def|1\n|-unboost|p1b: Sneasler|spd|1\n|-damage|p1b: Sneasler|71/100|[from] ability: Rough Skin|[of] p2b: Garchomp\n|faint|p2b: Garchomp\n|\n|-weather|SunnyDay|[upkeep]\n|upkeep\n|turn|8\n|\n|t:|1776417360\n|switch|p1a: Incineroar|Incineroar, L50, M|57/100\n|-ability|p1a: Incineroar|Intimidate|boost\n|-unboost|p2a: Aegislash|atk|1\n|move|p2a: Aegislash|Shadow Sneak|p1a: Incineroar\n|-resisted|p1a: Incineroar|1\n|-crit|p1a: Incineroar\n|-damage|p1a: Incineroar|43/100\n|move|p1b: Sneasler|Dire Claw|p2a: Aegislash\n|-immune|p2a: Aegislash\n|\n|-weather|none\n|upkeep\n|turn|9\n|\n|t:|1776417369\n|-formechange|p2a: Aegislash|Aegislash|\n|move|p2a: Aegislash|King's Shield|p2a: Aegislash\n|-singleturn|p2a: Aegislash|Protect\n|move|p1b: Sneasler|Dire Claw|p2a: Aegislash\n|-activate|p2a: Aegislash|move: Protect\n|-unboost|p1b: Sneasler|atk|1\n|move|p1a: Incineroar|Taunt|p2a: Aegislash\n|-start|p2a: Aegislash|move: Taunt\n|\n|upkeep\n|turn|10\n|\n|t:|1776417381\n|move|p1b: Sneasler|Dire Claw|p2a: Aegislash\n|-immune|p2a: Aegislash\n|move|p1a: Incineroar|Throat Chop|p2a: Aegislash\n|-supereffective|p2a: Aegislash|1\n|-damage|p2a: Aegislash|54/100\n|-start|p2a: Aegislash|Throat Chop|[silent]\n|-formechange|p2a: Aegislash|Aegislash-Blade|\n|move|p2a: Aegislash|Sacred Sword|p1a: Incineroar\n|-supereffective|p1a: Incineroar|1\n|-damage|p1a: Incineroar|16/100\n|\n|upkeep\n|turn|11\n|\n|t:|1776417397\n|move|p1b: Sneasler|Dire Claw|p2a: Aegislash\n|-immune|p2a: Aegislash\n|move|p1a: Incineroar|Throat Chop|p2a: Aegislash\n|-supereffective|p2a: Aegislash|1\n|-damage|p2a: Aegislash|0 fnt\n|faint|p2a: Aegislash\n|\n|win|hard tr bd\n|raw|hard tr bd's rating: 1462 &rarr; <strong>1483</strong><br />(+21 for winning)\n|raw|ivanchur's rating: 1482 &rarr; <strong>1461</strong><br />(-21 for losing)\n|c|\u2606ivanchur|gg\n|l|\u2606ivanchur\n|player|p2|\n|c|\u2606hard tr bd|Gg\n",
  "uploadtime": 1776417407,
  "views": 55,
  "formatid": "gen9championsvgc2026regma",
  "rating": 1461,
  "private": 0,
  "password": null
}