{
  "id": "gen9championsvgc2026regma-2585502052",
  "format": "[Gen 9 Champions] VGC 2026 Reg M-A",
  "players": [
    "wazzo97",
    "seemeier"
  ],
  "log": "|j|\u2606wazzo97\n|j|\u2606seemeier\n|t:|1776351836\n|gametype|doubles\n|player|p1|wazzo97|266|1401\n|player|p2|seemeier|2|1415\n|gen|9\n|tier|[Gen 9 Champions] VGC 2026 Reg M-A\n|rated|\n|rule|Species Clause: Limit one of each Pok\u00e9mon\n|rule|Item Clause: Limit 1 of each item\n|clearpoke\n|poke|p1|Gardevoir, L50, F|\n|poke|p1|Starmie, L50|\n|poke|p1|Snorlax, L50, F|\n|poke|p1|Basculegion, L50, M|\n|poke|p1|Mudsdale, L50, F|\n|poke|p1|Kingambit, L50, M|\n|poke|p2|Aerodactyl, L50, F|\n|poke|p2|Delphox, L50, M|\n|poke|p2|Tyranitar, L50, M|\n|poke|p2|Sableye, L50, F|\n|poke|p2|Starmie, L50|\n|poke|p2|Kommo-o, L50, F|\n|teampreview|4\n|inactive|Battle timer is ON: inactive players will automatically lose when time's up. (requested by seemeier)\n|inactive|wazzo97 has 60 seconds left.\n|inactive|seemeier has 60 seconds left.\n|\n|t:|1776351887\n|teamsize|p1|4\n|teamsize|p2|4\n|start\n|switch|p1a: Gardevoir|Gardevoir, L50, F|100/100\n|switch|p1b: Starmie|Starmie, L50|100/100\n|switch|p2a: Sableye|Sableye, L50, F|100/100\n|switch|p2b: Tyranitar|Tyranitar, L50, M|100/100\n|-weather|Sandstorm|[from] ability: Sand Stream|[of] p2b: Tyranitar\n|turn|1\n|j| GentleH\n|\n|t:|1776351904\n|detailschange|p1b: Starmie|Starmie-Mega, L50\n|-mega|p1b: Starmie|Starmie|Starminite\n|move|p2a: Sableye|Reflect|p2a: Sableye\n|-sidestart|p2: seemeier|Reflect\n|move|p2b: Tyranitar|Knock Off|p1b: Starmie\n|-supereffective|p1b: Starmie|1\n|-damage|p1b: Starmie|16/100\n|move|p1b: Starmie|Waterfall|p2b: Tyranitar\n|-supereffective|p2b: Tyranitar|1\n|-damage|p2b: Tyranitar|5/100\n|move|p1a: Gardevoir|Trick Room|p1a: Gardevoir\n|-fieldstart|move: Trick Room|[of] p1a: Gardevoir\n|\n|-weather|Sandstorm|[upkeep]\n|-damage|p2a: Sableye|95/100|[from] Sandstorm\n|-damage|p1a: Gardevoir|94/100|[from] Sandstorm\n|-damage|p1b: Starmie|10/100|[from] Sandstorm\n|upkeep\n|turn|2\n|\n|t:|1776351923\n|move|p2a: Sableye|Foul Play|p1b: Starmie\n|-supereffective|p1b: Starmie|1\n|-damage|p1b: Starmie|0 fnt\n|faint|p1b: Starmie\n|move|p1a: Gardevoir|Moonblast|p2a: Sableye\n|-supereffective|p2a: Sableye|1\n|-damage|p2a: Sableye|0 fnt\n|faint|p2a: Sableye\n|move|p2b: Tyranitar|Knock Off|p1a: Gardevoir\n|-damage|p1a: Gardevoir|9/100\n|-enditem|p1a: Gardevoir|Fairy Feather|[from] move: Knock Off|[of] p2b: Tyranitar\n|\n|-weather|Sandstorm|[upkeep]\n|-damage|p1a: Gardevoir|3/100|[from] Sandstorm\n|upkeep\n|\n|t:|1776351946\n|switch|p2a: Starmie|Starmie, L50|100/100\n|switch|p1b: Mudsdale|Mudsdale, L50, F|100/100\n|turn|3\n|\n|t:|1776351965\n|switch|p1a: Kingambit|Kingambit, L50, M|100/100\n|detailschange|p2a: Starmie|Starmie-Mega, L50\n|-mega|p2a: Starmie|Starmie|Starminite\n|move|p2a: Starmie|Aqua Jet|p1a: Kingambit\n|-damage|p1a: Kingambit|76/100\n|move|p1b: Mudsdale|Substitute|p1b: Mudsdale\n|-start|p1b: Mudsdale|Substitute\n|-damage|p1b: Mudsdale|76/100\n|move|p2b: Tyranitar|Knock Off|p1b: Mudsdale\n|-end|p1b: Mudsdale|Substitute\n|\n|-weather|Sandstorm|[upkeep]\n|-damage|p2a: Starmie|95/100|[from] Sandstorm\n|upkeep\n|turn|4\n|\n|t:|1776351986\n|move|p2a: Starmie|Aqua Jet|p1b: Mudsdale\n|-supereffective|p1b: Mudsdale|1\n|-damage|p1b: Mudsdale|18/100\n|move|p1b: Mudsdale|Substitute|p1b: Mudsdale\n|-fail|p1b: Mudsdale|move: Substitute|[weak]\n|move|p1a: Kingambit|Kowtow Cleave|p2a: Starmie\n|-supereffective|p2a: Starmie|1\n|-damage|p2a: Starmie|0 fnt\n|faint|p2a: Starmie\n|move|p2b: Tyranitar|Knock Off|p1a: Kingambit\n|-resisted|p1a: Kingambit|1\n|-crit|p1a: Kingambit\n|-damage|p1a: Kingambit|50/100\n|-enditem|p1a: Kingambit|Black Glasses|[from] move: Knock Off|[of] p2b: Tyranitar\n|\n|-weather|Sandstorm|[upkeep]\n|upkeep\n|\n|t:|1776351995\n|switch|p2a: Kommo-o|Kommo-o, L50, F|100/100\n|turn|5\n|\n|t:|1776352017\n|move|p1b: Mudsdale|Rock Slide|p2b: Tyranitar|[spread] p2a,p2b\n|-resisted|p2a: Kommo-o|1\n|-damage|p2a: Kommo-o|95/100\n|-damage|p2b: Tyranitar|0 fnt\n|faint|p2b: Tyranitar\n|move|p1a: Kingambit|Swords Dance|p1a: Kingambit\n|-boost|p1a: Kingambit|atk|2\n|cant|p2a: Kommo-o|flinch\n|\n|-weather|none\n|-heal|p2a: Kommo-o|100/100|[from] item: Leftovers\n|-sideend|p2: seemeier|Reflect\n|-fieldend|move: Trick Room\n|upkeep\n|turn|6\n|\n|t:|1776352033\n|move|p1a: Kingambit|Sucker Punch|p2a: Kommo-o\n|-resisted|p2a: Kommo-o|1\n|-damage|p2a: Kommo-o|64/100\n|move|p2a: Kommo-o|Aura Sphere|p1a: Kingambit\n|-supereffective|p1a: Kingambit|2\n|-damage|p1a: Kingambit|0 fnt\n|faint|p1a: Kingambit\n|move|p1b: Mudsdale|Earthquake|p2a: Kommo-o\n|-damage|p2a: Kommo-o|11/100\n|\n|-heal|p2a: Kommo-o|17/100|[from] item: Leftovers\n|upkeep\n|\n|t:|1776352036\n|switch|p1a: Gardevoir|Gardevoir, L50, F|3/100\n|turn|7\n|\n|t:|1776352042\n|move|p2a: Kommo-o|Aura Sphere|p1a: Gardevoir\n|-resisted|p1a: Gardevoir|2\n|-damage|p1a: Gardevoir|0 fnt\n|faint|p1a: Gardevoir\n|move|p1b: Mudsdale|Earthquake|p2a: Kommo-o\n|-damage|p2a: Kommo-o|0 fnt\n|faint|p2a: Kommo-o\n|\n|win|wazzo97\n|raw|wazzo97's rating: 1401 &rarr; <strong>1422</strong><br />(+21 for winning)\n|raw|seemeier's rating: 1415 &rarr; <strong>1394</strong><br />(-21 for losing)\n|l|\u2606seemeier\n|player|p2|\n|l| GentleH\n",
  "uploadtime": 1776352177,
  "views": 35,
  "formatid": "gen9championsvgc2026regma",
  "rating": 1394,
  "private": 0,
  "password": null
}