{
  "id": "gen9championsvgc2026regma-2582473298",
  "format": "[Gen 9 Champions] VGC 2026 Reg M-A",
  "players": [
    "davidauscc",
    "Burgerman235"
  ],
  "log": "|j|\u2606davidauscc\n|j|\u2606Burgerman235\n|t:|1776093961\n|gametype|doubles\n|player|p1|davidauscc|265|1097\n|player|p2|Burgerman235|burglar|1075\n|gen|9\n|tier|[Gen 9 Champions] VGC 2026 Reg M-A\n|rated|\n|rule|Species Clause: Limit one of each Pok\u00e9mon\n|rule|Item Clause: Limit 1 of each item\n|clearpoke\n|poke|p1|Archaludon, L50, F|\n|poke|p1|Garchomp, L50, M|\n|poke|p1|Incineroar, L50, M|\n|poke|p1|Sableye, L50, F|\n|poke|p1|Pelipper, L50, M|\n|poke|p1|Feraligatr, L50, F|\n|poke|p2|Hawlucha, L50, M|\n|poke|p2|Pelipper, L50, M|\n|poke|p2|Maushold, L50|\n|poke|p2|Blastoise, L50, F|\n|poke|p2|Sneasler, L50, M|\n|poke|p2|Gyarados, L50, M|\n|teampreview|4\n|inactive|Battle timer is ON: inactive players will automatically lose when time's up. (requested by Burgerman235)\n|\n|t:|1776093986\n|teamsize|p1|4\n|teamsize|p2|4\n|start\n|switch|p1a: Archaludon|Archaludon, L50, F|100/100\n|switch|p1b: Incineroar|Incineroar, L50, M|100/100\n|switch|p2a: Maushold|Maushold, L50|100/100\n|switch|p2b: Hawlucha|Hawlucha, L50, M|100/100\n|-ability|p1b: Incineroar|Intimidate|boost\n|-unboost|p2a: Maushold|atk|1\n|-unboost|p2b: Hawlucha|atk|1\n|turn|1\n|\n|t:|1776094005\n|switch|p1b: Pelipper|Pelipper, L50, M|100/100\n|-weather|RainDance|[from] ability: Drizzle|[of] p1b: Pelipper\n|detailschange|p2b: Hawlucha|Hawlucha-Mega, L50, M\n|-mega|p2b: Hawlucha|Hawlucha|Hawluchanite\n|move|p2b: Hawlucha|Entrainment|p2a: Maushold\n|-ability|p2a: Maushold|No Guard|Technician|[from] move: Entrainment|[of] p2b: Hawlucha\n|move|p2a: Maushold|Tidy Up|p2a: Maushold\n|-boost|p2a: Maushold|atk|1\n|-boost|p2a: Maushold|spe|1\n|move|p1a: Archaludon|Electro Shot||[still]\n|-prepare|p1a: Archaludon|Electro Shot\n|-boost|p1a: Archaludon|spa|1\n|-anim|p1a: Archaludon|Electro Shot|p2b: Hawlucha\n|-supereffective|p2b: Hawlucha|1\n|-damage|p2b: Hawlucha|0 fnt\n|faint|p2b: Hawlucha\n|\n|-weather|RainDance|[upkeep]\n|upkeep\n|\n|t:|1776094024\n|switch|p2b: Blastoise|Blastoise, L50, F|100/100\n|turn|2\n|\n|t:|1776094037\n|switch|p1b: Incineroar|Incineroar, L50, M|100/100\n|-ability|p1b: Incineroar|Intimidate|boost\n|-unboost|p2a: Maushold|atk|1\n|-unboost|p2b: Blastoise|atk|1\n|move|p2a: Maushold|Population Bomb|p1a: Archaludon\n|-resisted|p1a: Archaludon|1\n|-crit|p1a: Archaludon\n|-damage|p1a: Archaludon|96/100\n|-ability|p1a: Archaludon|Stamina|boost\n|-boost|p1a: Archaludon|def|1\n|-resisted|p1a: Archaludon|1\n|-damage|p1a: Archaludon|95/100\n|-ability|p1a: Archaludon|Stamina|boost\n|-boost|p1a: Archaludon|def|1\n|-resisted|p1a: Archaludon|1\n|-damage|p1a: Archaludon|94/100\n|-ability|p1a: Archaludon|Stamina|boost\n|-boost|p1a: Archaludon|def|1\n|-resisted|p1a: Archaludon|1\n|-damage|p1a: Archaludon|93/100\n|-ability|p1a: Archaludon|Stamina|boost\n|-boost|p1a: Archaludon|def|1\n|-resisted|p1a: Archaludon|1\n|-crit|p1a: Archaludon\n|-damage|p1a: Archaludon|89/100\n|-ability|p1a: Archaludon|Stamina|boost\n|-boost|p1a: Archaludon|def|1\n|-resisted|p1a: Archaludon|1\n|-damage|p1a: Archaludon|88/100\n|-ability|p1a: Archaludon|Stamina|boost\n|-boost|p1a: Archaludon|def|1\n|-resisted|p1a: Archaludon|1\n|-damage|p1a: Archaludon|88/100\n|-resisted|p1a: Archaludon|1\n|-damage|p1a: Archaludon|87/100\n|-resisted|p1a: Archaludon|1\n|-damage|p1a: Archaludon|87/100\n|-resisted|p1a: Archaludon|1\n|-damage|p1a: Archaludon|86/100\n|-hitcount|p1a: Archaludon|10\n|move|p2b: Blastoise|Water Spout|p1b: Incineroar|[spread] p1a,p1b\n|-resisted|p1a: Archaludon|1\n|-supereffective|p1b: Incineroar|1\n|-damage|p1a: Archaludon|38/100\n|-damage|p1b: Incineroar|3/100\n|-enditem|p1b: Incineroar|Sitrus Berry|[eat]\n|-heal|p1b: Incineroar|28/100|[from] item: Sitrus Berry\n|cant|p1a: Archaludon|flinch\n|\n|-weather|RainDance|[upkeep]\n|-heal|p1a: Archaludon|44/100|[from] item: Leftovers\n|upkeep\n|turn|3\n|inactive|davidauscc has 30 seconds left.\n|inactive|davidauscc has 20 seconds left.\n|inactive|davidauscc has 15 seconds left.\n|inactive|davidauscc has 10 seconds left.\n|\n|t:|1776094087\n|move|p1b: Incineroar|Fake Out|p2a: Maushold\n|-damage|p2a: Maushold|85/100\n|cant|p2a: Maushold|flinch\n|move|p2b: Blastoise|Water Spout|p1a: Archaludon|[spread] p1a,p1b\n|-resisted|p1a: Archaludon|1\n|-supereffective|p1b: Incineroar|1\n|-damage|p1a: Archaludon|0 fnt\n|-damage|p1b: Incineroar|0 fnt\n|faint|p1a: Archaludon\n|faint|p1b: Incineroar\n|\n|-weather|RainDance|[upkeep]\n|upkeep\n|\n|t:|1776094098\n|switch|p1a: Pelipper|Pelipper, L50, M|100/100\n|switch|p1b: Sableye|Sableye, L50, F|100/100\n|turn|4\n|\n|t:|1776094118\n|detailschange|p1b: Sableye|Sableye-Mega, L50, F\n|-mega|p1b: Sableye|Sableye|Sablenite\n|move|p1b: Sableye|Fake Out|p2a: Maushold\n|-damage|p2a: Maushold|72/100\n|cant|p2a: Maushold|flinch\n|move|p2b: Blastoise|Water Spout|p1b: Sableye|[spread] p1a,p1b\n|-resisted|p1a: Pelipper|1\n|-damage|p1a: Pelipper|55/100\n|-damage|p1b: Sableye|31/100\n|move|p1a: Pelipper|Chilling Water|p2a: Maushold\n|-damage|p2a: Maushold|31/100\n|-unboost|p2a: Maushold|atk|1\n|\n|-weather|RainDance|[upkeep]\n|upkeep\n|turn|5\n|-message|davidauscc forfeited.\n|\n|win|Burgerman235\n|raw|davidauscc's rating: 1097 &rarr; <strong>1071</strong><br />(-26 for losing)\n|raw|Burgerman235's rating: 1075 &rarr; <strong>1106</strong><br />(+31 for winning)\n|l|\u2606davidauscc\n|player|p1|\n",
  "uploadtime": 1776094140,
  "views": 24,
  "formatid": "gen9championsvgc2026regma",
  "rating": 1071,
  "private": 0,
  "password": null
}