{
  "id": "gen9championsvgc2026regma-2583859118",
  "format": "[Gen 9 Champions] VGC 2026 Reg M-A",
  "players": [
    "fwoompie",
    "felipesol2"
  ],
  "log": "|j|\u2606fwoompie\n|j|\u2606felipesol2\n|t:|1776203284\n|gametype|doubles\n|player|p1|fwoompie|hiker-gen4|\n|player|p2|felipesol2|buck|\n|gen|9\n|tier|[Gen 9 Champions] VGC 2026 Reg M-A\n|rated|Tournament battle\n|rule|Species Clause: Limit one of each Pok\u00e9mon\n|rule|Item Clause: Limit 1 of each item\n|raw|<div class=\"infobox\"><details class=\"readmore\" open><summary><strong>1 custom rule:</strong></summary> Force Open Team Sheets</details></div>\n|clearpoke\n|poke|p1|Froslass, L50, F|\n|poke|p1|Beartic, L50, M|\n|poke|p1|Volcarona, L50, M|\n|poke|p1|Rotom-Wash, L50|\n|poke|p1|Whimsicott, L50, F|\n|poke|p1|Glimmora, L50, M|\n|poke|p2|Blastoise, L50, M|\n|poke|p2|Sinistcha, L50|\n|poke|p2|Talonflame, L50, M|\n|poke|p2|Sneasler, L50, M|\n|poke|p2|Garchomp, L50, M|\n|poke|p2|Dragonite, L50, M|\n|teampreview|4\n|showteam|p1|Froslass||Froslassite|SnowCloak|Blizzard,AuroraVeil,ShadowBall,Protect|||F|||50|]Beartic||NeverMeltIce|SlushRush|IcicleCrash,IcyWind,Liquidation,Protect|||M|||50|]Volcarona||Leftovers|FlameBody|FieryDance,GigaDrain,QuiverDance,Protect|||M|||50|]Rotom-Wash||SitrusBerry|Levitate|Electroweb,VoltSwitch,HydroPump,Protect||||||50|]Whimsicott||FocusSash|Prankster|Tailwind,Moonblast,Encore,Protect|||F|||50|]Glimmora||Glimmoranite|ToxicDebris|SludgeBomb,PowerGem,EarthPower,SpikyShield|||M|||50|\n|showteam|p2|Blastoise||Blastoisinite|RainDish|WaterSpout,WaterPulse,ShellSmash,Protect|||M|||50|]Sinistcha||SitrusBerry|Hospitality|MatchaGotcha,RagePowder,Protect,LifeDew||||||50|]Talonflame||SharpBeak|GaleWings|Tailwind,RainDance,DualWingbeat,Protect|||M|||50|]Sneasler||WhiteHerb|Unburden|CloseCombat,DireClaw,FakeOut,Protect|||M|||50|]Garchomp||YacheBerry|RoughSkin|StompingTantrum,DragonClaw,RockSlide,Protect|||M|||50|]Dragonite||Dragoninite|Multiscale|DragonPulse,Thunder,Hurricane,IceBeam|||M|||50|\n|inactive|Battle timer is ON: inactive players will automatically lose when time's up. (requested by fwoompie)\n|j| CRUNGO\n|c|\u2606felipesol2|gl hf\n|c|\u2606fwoompie|Good luck\n|c|\u2606fwoompie|:3\n|c|\u2606felipesol2|im scared\n|l| CRUNGO\n|j| Dewpider is life\n|j| mysticmarshtomp\n|inactive|fwoompie has 60 seconds left.\n|inactive|felipesol2 has 60 seconds left.\n|c|\u2606fwoompie|Yeah finals\n|j| hesolk\n|c|\u2606felipesol2|nah its just cause of the 4-0 u just applied\n|inactive|felipesol2 has 30 seconds left.\n|inactive|felipesol2 has 20 seconds left.\n|c|\u2606fwoompie|Oh not bringing glimmora\n|\n|t:|1776203357\n|teamsize|p1|4\n|teamsize|p2|4\n|start\n|switch|p1a: Froslass|Froslass, L50, F, shiny|100/100\n|switch|p1b: Beartic|Beartic, L50, M|100/100\n|switch|p2a: Jane Juliet|Blastoise, L50, M|100/100\n|switch|p2b: F-16|Talonflame, L50, M|100/100\n|turn|1\n|j| Carrielis\n|c| Dewpider is life|you got big man stoise\n|c| Dewpider is life|youll be fine\n|inactive|fwoompie has 30 seconds left.\n|inactive|felipesol2 has 30 seconds left.\n|inactive|felipesol2 has 20 seconds left.\n|c|\u2606fwoompie|Yeah he'll tank some shots\n|inactive|felipesol2 has 15 seconds left.\n|j| pipievgc103\n|inactive|felipesol2 has 10 seconds left.\n|\n|t:|1776203404\n|detailschange|p1a: Froslass|Froslass-Mega, L50, F, shiny\n|-mega|p1a: Froslass|Froslass|Froslassite\n|-weather|Snowscape|[from] ability: Snow Warning|[of] p1a: Froslass\n|detailschange|p2a: Jane Juliet|Blastoise-Mega, L50, M\n|-mega|p2a: Jane Juliet|Blastoise|Blastoisinite\n|move|p2b: F-16|Tailwind|p2b: F-16\n|-sidestart|p2: felipesol2|move: Tailwind\n|move|p2a: Jane Juliet|Water Spout|p1a: Froslass|[spread] p1a,p1b\n|-damage|p1a: Froslass|14/100\n|-damage|p1b: Beartic|16/100\n|move|p1b: Beartic|Icy Wind|p2a: Jane Juliet|[spread] p2a,p2b\n|-resisted|p2a: Jane Juliet|1\n|-damage|p2a: Jane Juliet|95/100\n|-damage|p2b: F-16|83/100\n|-unboost|p2a: Jane Juliet|spe|1\n|-unboost|p2b: F-16|spe|1\n|move|p1a: Froslass|Shadow Ball|p2a: Jane Juliet\n|-damage|p2a: Jane Juliet|52/100\n|\n|-weather|Snowscape|[upkeep]\n|upkeep\n|turn|2\n|c| Dewpider is life|jeez\n|c|\u2606fwoompie|Ohhhkay\n|\n|t:|1776203422\n|move|p1a: Froslass|Protect|p1a: Froslass\n|-singleturn|p1a: Froslass|Protect\n|move|p2b: F-16|Rain Dance|p2b: F-16\n|-weather|RainDance\n|move|p2a: Jane Juliet|Water Spout|p1b: Beartic|[spread] p1b\n|-activate|p1a: Froslass|move: Protect\n|-crit|p1b: Beartic\n|-damage|p1b: Beartic|0 fnt\n|faint|p1b: Beartic\n|\n|-weather|RainDance|[upkeep]\n|upkeep\n|\n|t:|1776203425\n|switch|p1b: Whimsicott|Whimsicott, L50, F|100/100\n|turn|3\n|c|\u2606fwoompie|Nor rain\n|c| Dewpider is life|GO TURTLE\n|l| pipievgc103\n|c|\u2606fwoompie|Turtle sweep\n|\n|t:|1776203453\n|switch|p1a: Rotom|Rotom-Wash, L50|100/100\n|move|p1b: Whimsicott|Encore|p2b: F-16\n|-start|p2b: F-16|Encore\n|move|p2b: F-16|Rain Dance||[still]\n|-fail|p2b: F-16\n|move|p2a: Jane Juliet|Water Pulse|p1a: Rotom\n|-resisted|p1a: Rotom|1\n|-damage|p1a: Rotom|58/100\n|\n|-weather|RainDance|[upkeep]\n|upkeep\n|turn|4\n|j| ghostistheman\n|inactive|felipesol2 has 30 seconds left.\n|inactive|felipesol2 has 20 seconds left.\n|inactive|felipesol2 has 15 seconds left.\n|\n|t:|1776203494\n|switch|p2b: bull shark|Garchomp, L50, M|100/100\n|move|p1b: Whimsicott|Tailwind|p1b: Whimsicott\n|-sidestart|p1: fwoompie|move: Tailwind\n|move|p1a: Rotom|Volt Switch|p2a: Jane Juliet\n|-supereffective|p2a: Jane Juliet|1\n|-damage|p2a: Jane Juliet|0 fnt\n|faint|p2a: Jane Juliet\n|\n|t:|1776203497\n|switch|p1a: Froslass|Froslass-Mega, L50, F, shiny|14/100|[from] Volt Switch\n|-weather|Snowscape|[from] ability: Snow Warning|[of] p1a: Froslass\n|\n|-weather|Snowscape|[upkeep]\n|-sideend|p2: felipesol2|move: Tailwind\n|upkeep\n|c|\u2606fwoompie|Turtle no sweep\n|\n|t:|1776203512\n|switch|p2a: Mc employee|Sneasler, L50, M|100/100\n|turn|5\n|c| Dewpider is life|I like muddy water personally\n|\n|t:|1776203532\n|move|p1b: Whimsicott|Protect|p1b: Whimsicott\n|-singleturn|p1b: Whimsicott|Protect\n|move|p1a: Froslass|Protect|p1a: Froslass\n|-singleturn|p1a: Froslass|Protect\n|move|p2a: Mc employee|Fake Out|p1b: Whimsicott\n|-activate|p1b: Whimsicott|move: Protect\n|move|p2b: bull shark|Rock Slide|p1b: Whimsicott|[spread] \n|-activate|p1a: Froslass|move: Protect\n|-activate|p1b: Whimsicott|move: Protect\n|\n|-weather|Snowscape|[upkeep]\n|upkeep\n|turn|6\n|inactive|fwoompie has 30 seconds left.\n|c|\u2606fwoompie|Oh yache berry gotta pay attention to that\n|inactive|felipesol2 has 30 seconds left.\n|inactive|felipesol2 has 20 seconds left.\n|\n|t:|1776203580\n|switch|p1a: Rotom|Rotom-Wash, L50|58/100\n|move|p2b: bull shark|Protect|p2b: bull shark\n|-singleturn|p2b: bull shark|Protect\n|move|p1b: Whimsicott|Encore|p2a: Mc employee\n|-start|p2a: Mc employee|Encore\n|move|p2a: Mc employee|Fake Out||[still]\n|-hint|Fake Out only works on your first turn out.\n|-fail|p2a: Mc employee\n|\n|-weather|Snowscape|[upkeep]\n|upkeep\n|turn|7\n|c|\u2606fwoompie|Let's gooo\n|\n|t:|1776203599\n|switch|p2a: F-16|Talonflame, L50, M|83/100\n|move|p1b: Whimsicott|Encore|p2b: bull shark\n|-start|p2b: bull shark|Encore\n|move|p2b: bull shark|Protect||[still]\n|-fail|p2b: bull shark\n|move|p1a: Rotom|Hydro Pump|p2a: F-16\n|-supereffective|p2a: F-16|1\n|-damage|p2a: F-16|0 fnt\n|faint|p2a: F-16\n|\n|-weather|Snowscape|[upkeep]\n|-sideend|p1: fwoompie|move: Tailwind\n|upkeep\n|\n|t:|1776203606\n|switch|p2a: Mc employee|Sneasler, L50, M|100/100\n|turn|8\n|c|\u2606felipesol2|im cooked\n|\n|t:|1776203619\n|move|p1b: Whimsicott|Protect|p1b: Whimsicott\n|-singleturn|p1b: Whimsicott|Protect\n|move|p2b: bull shark|Protect|p2b: bull shark\n|-singleturn|p2b: bull shark|Protect\n|move|p1a: Rotom|Protect|p1a: Rotom\n|-singleturn|p1a: Rotom|Protect\n|move|p2a: Mc employee|Dire Claw|p1b: Whimsicott\n|-activate|p1b: Whimsicott|move: Protect\n|\n|-weather|none\n|upkeep\n|turn|9\n|\n|t:|1776203633\n|move|p2b: bull shark|Protect||[still]\n|-fail|p2b: bull shark\n|move|p1b: Whimsicott|Moonblast|p2a: Mc employee\n|-damage|p2a: Mc employee|50/100\n|move|p2a: Mc employee|Dire Claw|p1b: Whimsicott\n|-supereffective|p1b: Whimsicott|2\n|-enditem|p1b: Whimsicott|Focus Sash\n|-damage|p1b: Whimsicott|1/100\n|move|p1a: Rotom|Volt Switch|p2a: Mc employee\n|-damage|p2a: Mc employee|8/100\n|l| Carrielis\n|\n|t:|1776203635\n|switch|p1a: Froslass|Froslass-Mega, L50, F, shiny|14/100|[from] Volt Switch\n|-weather|Snowscape|[from] ability: Snow Warning|[of] p1a: Froslass\n|\n|-weather|Snowscape|[upkeep]\n|-end|p2b: bull shark|Encore\n|upkeep\n|turn|10\n|j| TG511\n|\n|t:|1776203648\n|move|p1a: Froslass|Protect|p1a: Froslass\n|-singleturn|p1a: Froslass|Protect\n|move|p2a: Mc employee|Protect|p2a: Mc employee\n|-singleturn|p2a: Mc employee|Protect\n|move|p1b: Whimsicott|Encore|p2b: bull shark\n|-start|p2b: bull shark|Encore\n|move|p2b: bull shark|Protect||[still]\n|-fail|p2b: bull shark\n|\n|-weather|Snowscape|[upkeep]\n|upkeep\n|turn|11\n|\n|t:|1776203654\n|move|p2b: bull shark|Protect|p2b: bull shark\n|-singleturn|p2b: bull shark|Protect\n|move|p1b: Whimsicott|Tailwind|p1b: Whimsicott\n|-sidestart|p1: fwoompie|move: Tailwind\n|move|p1a: Froslass|Blizzard|p2b: bull shark|[spread] p2a\n|-activate|p2b: bull shark|move: Protect\n|-damage|p2a: Mc employee|0 fnt\n|faint|p2a: Mc employee\n|\n|-weather|Snowscape|[upkeep]\n|upkeep\n|turn|12\n|c|\u2606fwoompie|Gg\n|c|\u2606felipesol2|gg\n|\n|t:|1776203660\n|move|p2b: bull shark|Protect||[still]\n|-fail|p2b: bull shark\n|move|p1a: Froslass|Blizzard|p2b: bull shark\n|-supereffective|p2b: bull shark|2\n|-enditem|p2b: bull shark|Yache Berry|[eat]\n|-enditem|p2b: bull shark|Yache Berry|[weaken]\n|-damage|p2b: bull shark|0 fnt\n|faint|p2b: bull shark\n|\n|win|fwoompie\n|n|\u2606fwoompie|fwoompie\n|n|\u2606felipesol2|felipesol2\n|n| Dewpider is life|dewpiderislife\n|n| mysticmarshtomp|mysticmarshtomp\n|n| hesolk|hesolk\n|n| ghostistheman|ghostistheman\n|n| TG511|tg511\n",
  "uploadtime": 1776203660,
  "views": 22,
  "formatid": "gen9championsvgc2026regma",
  "rating": null,
  "private": 0,
  "password": null
}