{
  "id": "gen9championsvgc2026regma-2582910183",
  "format": "[Gen 9 Champions] VGC 2026 Reg M-A",
  "players": [
    "clemilson",
    "Dwarvelord"
  ],
  "log": "|j|\u2606clemilson\n|j|\u2606Dwarvelord\n|t:|1776124171\n|gametype|doubles\n|player|p1|clemilson|266|1112\n|player|p2|Dwarvelord|170|1065\n|gen|9\n|tier|[Gen 9 Champions] VGC 2026 Reg M-A\n|rated|\n|rule|Species Clause: Limit one of each Pok\u00e9mon\n|rule|Item Clause: Limit 1 of each item\n|clearpoke\n|poke|p1|Milotic, L50, M|\n|poke|p1|Farigiraf, L50, M|\n|poke|p1|Araquanid, L50, M|\n|poke|p1|Aegislash, L50, F|\n|poke|p1|Hatterene, L50, F|\n|poke|p1|Drampa, L50, M|\n|poke|p2|Altaria, L50, M|\n|poke|p2|Aegislash, L50, M|\n|poke|p2|Sinistcha, L50|\n|poke|p2|Milotic, L50, M|\n|poke|p2|Alakazam, L50, F|\n|poke|p2|Skeledirge, L50, F|\n|teampreview|4\n|inactive|Battle timer is ON: inactive players will automatically lose when time's up. (requested by clemilson)\n|inactive|Dwarvelord has 60 seconds left.\n|\n|t:|1776124241\n|teamsize|p1|4\n|teamsize|p2|4\n|start\n|switch|p1a: Farigiraf|Farigiraf, L50, M|100/100\n|switch|p1b: Milotic|Milotic, L50, M|100/100\n|switch|p2a: Altaria|Altaria, L50, M|100/100\n|switch|p2b: Alakazam|Alakazam, L50, F|100/100\n|-ability|p2a: Altaria|Cloud Nine\n|turn|1\n|\n|t:|1776124262\n|detailschange|p2a: Altaria|Altaria-Mega, L50, M\n|-mega|p2a: Altaria|Altaria|Altarianite\n|move|p2b: Alakazam|Light Screen|p2b: Alakazam\n|-sidestart|p2: Dwarvelord|move: Light Screen\n|move|p1b: Milotic|Ice Beam|p2a: Altaria\n|-supereffective|p2a: Altaria|1\n|-damage|p2a: Altaria|74/100\n|move|p2a: Altaria|Dragon Dance|p2a: Altaria\n|-boost|p2a: Altaria|atk|1\n|-boost|p2a: Altaria|spe|1\n|move|p1a: Farigiraf|Trick Room|p1a: Farigiraf\n|-fieldstart|move: Trick Room|[of] p1a: Farigiraf\n|\n|upkeep\n|turn|2\n|inactive|Dwarvelord has 30 seconds left.\n|\n|t:|1776124287\n|switch|p2b: Sinistcha|Sinistcha, L50|100/100\n|-heal|p2a: Altaria|99/100|[from] ability: Hospitality|[of] p2b: Sinistcha\n|move|p1a: Farigiraf|Psychic|p2a: Altaria\n|-damage|p2a: Altaria|79/100\n|move|p1b: Milotic|Coil|p1b: Milotic\n|-boost|p1b: Milotic|atk|1\n|-boost|p1b: Milotic|def|1\n|-boost|p1b: Milotic|accuracy|1\n|move|p2a: Altaria|Dragon Dance|p2a: Altaria\n|-boost|p2a: Altaria|atk|1\n|-boost|p2a: Altaria|spe|1\n|\n|upkeep\n|turn|3\n|inactive|Dwarvelord has 30 seconds left.\n|inactive|clemilson has 30 seconds left.\n|inactive|Dwarvelord has 20 seconds left.\n|inactive|clemilson has 20 seconds left.\n|\n|t:|1776124329\n|switch|p1a: Araquanid|Araquanid, L50, M|100/100\n|move|p1b: Milotic|Ice Beam|p2a: Altaria\n|-supereffective|p2a: Altaria|1\n|-damage|p2a: Altaria|54/100\n|move|p2a: Altaria|Earthquake|p1b: Milotic|[spread] p2b,p1a,p1b\n|-resisted|p2b: Sinistcha|1\n|-resisted|p1a: Araquanid|1\n|-damage|p2b: Sinistcha|81/100\n|-damage|p1a: Araquanid|74/100\n|-damage|p1b: Milotic|71/100\n|move|p2b: Sinistcha|Trick Room|p2b: Sinistcha\n|-fieldend|move: Trick Room\n|\n|-heal|p1b: Milotic|77/100|[from] item: Leftovers\n|upkeep\n|turn|4\n|inactive|clemilson has 30 seconds left.\n|inactive|Dwarvelord has 30 seconds left.\n|inactive|Dwarvelord has 20 seconds left.\n|inactive|Dwarvelord has 15 seconds left.\n|inactive|Dwarvelord has 10 seconds left.\n|\n|t:|1776124375\n|switch|p2b: Alakazam|Alakazam, L50, F|100/100\n|move|p2a: Altaria|Protect|p2a: Altaria\n|-singleturn|p2a: Altaria|Protect\n|move|p1b: Milotic|Life Dew|p1b: Milotic|[spread] p1a,p1b\n|-heal|p1a: Araquanid|99/100\n|-heal|p1b: Milotic|100/100\n|move|p1a: Araquanid|Skitter Smack|p2b: Alakazam\n|-supereffective|p2b: Alakazam|1\n|-crit|p2b: Alakazam\n|-enditem|p2b: Alakazam|Focus Sash\n|-damage|p2b: Alakazam|1/100\n|-unboost|p2b: Alakazam|spa|1\n|\n|upkeep\n|turn|5\n|inactive|clemilson has 30 seconds left.\n|inactive|Dwarvelord has 30 seconds left.\n|\n|t:|1776124409\n|switch|p2b: Sinistcha|Sinistcha, L50|81/100\n|-heal|p2a: Altaria|79/100|[from] ability: Hospitality|[of] p2b: Sinistcha\n|move|p2a: Altaria|Double-Edge|p1a: Araquanid\n|-damage|p1a: Araquanid|0 fnt\n|faint|p1a: Araquanid\n|-damage|p2a: Altaria|48/100|[from] Recoil\n|move|p1b: Milotic|Muddy Water|p2b: Sinistcha|[spread] p2a,p2b\n|-resisted|p2a: Altaria|1\n|-resisted|p2b: Sinistcha|1\n|-damage|p2a: Altaria|41/100\n|-damage|p2b: Sinistcha|72/100\n|-unboost|p2b: Sinistcha|accuracy|1\n|\n|-sideend|p2: Dwarvelord|move: Light Screen\n|upkeep\n|\n|t:|1776124423\n|switch|p1a: Farigiraf|Farigiraf, L50, M|100/100\n|turn|6\n|\n|t:|1776124442\n|move|p1a: Farigiraf|Protect|p1a: Farigiraf\n|-singleturn|p1a: Farigiraf|Protect\n|move|p2a: Altaria|Double-Edge|p1b: Milotic\n|-damage|p1b: Milotic|20/100\n|-damage|p2a: Altaria|13/100|[from] Recoil\n|move|p1b: Milotic|Ice Beam|p2a: Altaria\n|-supereffective|p2a: Altaria|1\n|-damage|p2a: Altaria|0 fnt\n|faint|p2a: Altaria\n|move|p2b: Sinistcha|Matcha Gotcha|p1b: Milotic|[spread] p1b\n|-activate|p1a: Farigiraf|move: Protect\n|-supereffective|p1b: Milotic|1\n|-damage|p1b: Milotic|0 fnt\n|-heal|p2b: Sinistcha|83/100|[from] drain|[of] p1b: Milotic\n|faint|p1b: Milotic\n|\n|upkeep\n|\n|t:|1776124463\n|switch|p1b: Drampa|Drampa, L50, M|100/100\n|switch|p2a: Skeledirge|Skeledirge, L50, F|100/100\n|turn|7\n|\n|t:|1776124488\n|detailschange|p1b: Drampa|Drampa-Mega, L50, M\n|-mega|p1b: Drampa|Drampa|Drampanite\n|move|p2a: Skeledirge|Torch Song|p1a: Farigiraf\n|-damage|p1a: Farigiraf|56/100\n|-boost|p2a: Skeledirge|spa|1\n|move|p1b: Drampa|Earth Power|p2a: Skeledirge\n|-supereffective|p2a: Skeledirge|1\n|-damage|p2a: Skeledirge|20/100\n|move|p2b: Sinistcha|Trick Room|p2b: Sinistcha\n|-fieldstart|move: Trick Room|[of] p2b: Sinistcha\n|move|p1a: Farigiraf|Trick Room|p1a: Farigiraf\n|-fieldend|move: Trick Room\n|\n|upkeep\n|turn|8\n|inactive|Dwarvelord has 30 seconds left.\n|\n|t:|1776124516\n|move|p2b: Sinistcha|Rage Powder|p2b: Sinistcha\n|-singleturn|p2b: Sinistcha|move: Rage Powder\n|move|p2a: Skeledirge|Torch Song|p1a: Farigiraf\n|-damage|p1a: Farigiraf|0 fnt\n|-boost|p2a: Skeledirge|spa|1\n|faint|p1a: Farigiraf\n|move|p1b: Drampa|Draco Meteor|p2b: Sinistcha\n|-damage|p2b: Sinistcha|0 fnt\n|-unboost|p1b: Drampa|spa|2\n|faint|p2b: Sinistcha\n|\n|upkeep\n|\n|t:|1776124526\n|switch|p2b: Alakazam|Alakazam, L50, F|1/100\n|turn|9\n|\n|t:|1776124536\n|move|p2b: Alakazam|Psychic|p1b: Drampa\n|-crit|p1b: Drampa\n|-damage|p1b: Drampa|51/100\n|move|p2a: Skeledirge|Hyper Voice|p1b: Drampa\n|-damage|p1b: Drampa|0 fnt\n|faint|p1b: Drampa\n|\n|win|Dwarvelord\n|raw|clemilson's rating: 1112 &rarr; <strong>1084</strong><br />(-28 for losing)\n|raw|Dwarvelord's rating: 1065 &rarr; <strong>1099</strong><br />(+34 for winning)\n|l|\u2606clemilson\n|player|p1|\n",
  "uploadtime": 1776124555,
  "views": 16,
  "formatid": "gen9championsvgc2026regma",
  "rating": 1084,
  "private": 0,
  "password": null
}