{
  "id": "gen9championsvgc2026regma-2586127834",
  "format": "[Gen 9 Champions] VGC 2026 Reg M-A",
  "players": [
    "Phillip Blevin",
    "spikepumpkin"
  ],
  "log": "|j|\u2606Phillip Blevin\n|j|\u2606spikepumpkin\n|t:|1776402385\n|gametype|doubles\n|player|p1|Phillip Blevin|cynthia-masters4|1215\n|player|p2|spikepumpkin|102|1178\n|gen|9\n|tier|[Gen 9 Champions] VGC 2026 Reg M-A\n|rated|\n|rule|Species Clause: Limit one of each Pok\u00e9mon\n|rule|Item Clause: Limit 1 of each item\n|clearpoke\n|poke|p1|Froslass, L50, F|\n|poke|p1|Corviknight, L50, M|\n|poke|p1|Incineroar, L50, M|\n|poke|p1|Meowscarada, L50, M|\n|poke|p1|Sneasler, L50, F|\n|poke|p1|Gyarados, L50, F|\n|poke|p2|Alakazam, L50, F|\n|poke|p2|Meowstic, L50, M|\n|poke|p2|Lopunny, L50, M|\n|poke|p2|Talonflame, L50, M|\n|poke|p2|Basculegion, L50, M|\n|poke|p2|Roserade, L50, F|\n|teampreview|4\n|inactive|Battle timer is ON: inactive players will automatically lose when time's up. (requested by Phillip Blevin)\nPhillip Blevin has agreed to open team sheets.\nspikepumpkin rejected open team sheets.\n|inactive|Phillip Blevin has 60 seconds left.\n|\n|t:|1776402416\n|teamsize|p1|4\n|teamsize|p2|4\n|start\n|switch|p1a: Corviknight|Corviknight, L50, M|100/100\n|switch|p1b: Incineroar|Incineroar, L50, M|100/100\n|switch|p2a: Talonflame|Talonflame, L50, M|100/100\n|switch|p2b: Basculegion|Basculegion, L50, M|100/100\n|-ability|p1b: Incineroar|Intimidate|boost\n|-unboost|p2a: Talonflame|atk|1\n|-unboost|p2b: Basculegion|atk|1\n|turn|1\n|\n|t:|1776402429\n|move|p2a: Talonflame|Tailwind|p2a: Talonflame\n|-sidestart|p2: spikepumpkin|move: Tailwind\n|move|p2b: Basculegion|Flip Turn|p1b: Incineroar\n|-supereffective|p1b: Incineroar|1\n|-enditem|p1b: Incineroar|Passho Berry|[eat]\n|-enditem|p1b: Incineroar|Passho Berry|[weaken]\n|-damage|p1b: Incineroar|80/100\n|\n|t:|1776402436\n|switch|p2b: Lopunny|Lopunny, L50, M|100/100|[from] Flip Turn\n|move|p1a: Corviknight|Bulk Up|p1a: Corviknight\n|-boost|p1a: Corviknight|atk|1\n|-boost|p1a: Corviknight|def|1\n|move|p1b: Incineroar|Darkest Lariat|p2b: Lopunny\n|-damage|p2b: Lopunny|45/100\n|\n|upkeep\n|turn|2\n|inactive|spikepumpkin has 30 seconds left.\n|\n|t:|1776402463\n|switch|p2a: Basculegion|Basculegion, L50, M|100/100\n|detailschange|p2b: Lopunny|Lopunny-Mega, L50, M\n|-mega|p2b: Lopunny|Lopunny|Lopunnite\n|move|p2b: Lopunny|Close Combat|p1b: Incineroar\n|-supereffective|p1b: Incineroar|1\n|-damage|p1b: Incineroar|0 fnt\n|-unboost|p2b: Lopunny|def|1\n|-unboost|p2b: Lopunny|spd|1\n|faint|p1b: Incineroar\n|move|p1a: Corviknight|Bulk Up|p1a: Corviknight\n|-boost|p1a: Corviknight|atk|1\n|-boost|p1a: Corviknight|def|1\n|\n|upkeep\n|\n|t:|1776402470\n|switch|p1b: Sneasler|Sneasler, L50, F|100/100\n|turn|3\n|\n|t:|1776402486\n|move|p2b: Lopunny|Protect|p2b: Lopunny\n|-singleturn|p2b: Lopunny|Protect\n|move|p1b: Sneasler|Fake Out|p2b: Lopunny\n|-activate|p2b: Lopunny|move: Protect\n|move|p2a: Basculegion|Wave Crash|p1a: Corviknight\n|-damage|p1a: Corviknight|75/100\n|-damage|p2a: Basculegion|92/100|[from] Recoil\n|move|p1a: Corviknight|Brave Bird|p2a: Basculegion\n|-damage|p2a: Basculegion|0 fnt\n|faint|p2a: Basculegion\n|-damage|p1a: Corviknight|46/100|[from] Recoil\n|\n|-heal|p1a: Corviknight|52/100|[from] item: Leftovers\n|upkeep\n|\n|t:|1776402503\n|switch|p2a: Talonflame|Talonflame, L50, M|100/100\n|turn|4\n|\n|t:|1776402509\n|move|p2b: Lopunny|Close Combat|p1a: Corviknight\n|-damage|p1a: Corviknight|32/100\n|-unboost|p2b: Lopunny|def|1\n|-unboost|p2b: Lopunny|spd|1\n|move|p2a: Talonflame|Flare Blitz|p1a: Corviknight\n|-supereffective|p1a: Corviknight|1\n|-damage|p1a: Corviknight|1/100\n|-damage|p2a: Talonflame|88/100|[from] Recoil\n|move|p1b: Sneasler|Rock Tomb|p2a: Talonflame\n|-supereffective|p2a: Talonflame|2\n|-damage|p2a: Talonflame|0 fnt\n|faint|p2a: Talonflame\n|move|p1a: Corviknight|Roost|p1a: Corviknight\n|-heal|p1a: Corviknight|52/100\n|-singleturn|p1a: Corviknight|move: Roost\n|\n|-heal|p1a: Corviknight|58/100|[from] item: Leftovers\n|-sideend|p2: spikepumpkin|move: Tailwind\n|upkeep\n|\n|t:|1776402525\n|switch|p2a: Roserade|Roserade, L50, F|100/100\n|turn|5\n|\n|t:|1776402544\n|move|p1b: Sneasler|Dire Claw|p2a: Roserade\n|-damage|p2a: Roserade|24/100\n|-enditem|p2a: Roserade|Sitrus Berry|[eat]\n|-heal|p2a: Roserade|49/100|[from] item: Sitrus Berry\n|move|p2b: Lopunny|Triple Axel|p1b: Sneasler\n|-damage|p1b: Sneasler|86/100\n|-damage|p1b: Sneasler|58/100\n|-damage|p1b: Sneasler|17/100\n|-hitcount|p1b: Sneasler|3\n|move|p2a: Roserade|Sleep Powder|p1a: Corviknight\n|-status|p1a: Corviknight|slp|[from] move: Sleep Powder\n|cant|p1a: Corviknight|slp\n|\n|-heal|p1a: Corviknight|63/100 slp|[from] item: Leftovers\n|upkeep\n|turn|6\n|\n|t:|1776402566\n|move|p2a: Roserade|Protect|p2a: Roserade\n|-singleturn|p2a: Roserade|Protect\n|move|p1b: Sneasler|Dire Claw|p2b: Lopunny\n|-damage|p2b: Lopunny|0 fnt\n|faint|p2b: Lopunny\n|cant|p1a: Corviknight|slp\n|\n|-heal|p1a: Corviknight|69/100 slp|[from] item: Leftovers\n|upkeep\n|turn|7\n|-message|spikepumpkin forfeited.\n|\n|win|Phillip Blevin\n|raw|Phillip Blevin's rating: 1215 &rarr; <strong>1237</strong><br />(+22 for winning)\n|raw|spikepumpkin's rating: 1178 &rarr; <strong>1156</strong><br />(-22 for losing)\n",
  "uploadtime": 1776402575,
  "views": 19,
  "formatid": "gen9championsvgc2026regma",
  "rating": 1156,
  "private": 0,
  "password": null
}