{
  "id": "gen9championsvgc2026regma-2587184455",
  "format": "[Gen 9 Champions] VGC 2026 Reg M-A",
  "players": [
    "PiccoloStrufen",
    "asr23"
  ],
  "log": "|j|\u2606PiccoloStrufen\n|j|\u2606asr23\n|t:|1776505748\n|gametype|doubles\n|player|p1|PiccoloStrufen|2|1041\n|player|p2|asr23|170|1023\n|gen|9\n|tier|[Gen 9 Champions] VGC 2026 Reg M-A\n|rated|\n|rule|Species Clause: Limit one of each Pok\u00e9mon\n|rule|Item Clause: Limit 1 of each item\n|clearpoke\n|poke|p1|Gengar, L50, M|\n|poke|p1|Ninetales-Alola, L50, M|\n|poke|p1|Kingambit, L50, F|\n|poke|p1|Sneasler, L50, F|\n|poke|p1|Whimsicott, L50, F|\n|poke|p1|Primarina, L50, M|\n|poke|p2|Lopunny, L50, F, shiny|\n|poke|p2|Sneasler, L50, M, shiny|\n|poke|p2|Tyranitar, L50, F|\n|poke|p2|Whimsicott, L50, F|\n|poke|p2|Clefable, L50, F|\n|poke|p2|Skarmory, L50, M, shiny|\n|teampreview|4\n|\n|t:|1776505811\n|teamsize|p1|4\n|teamsize|p2|4\n|start\n|switch|p1a: Sneasler|Sneasler, L50, F|100/100\n|switch|p1b: Primarina|Primarina, L50, M|100/100\n|switch|p2a: Lopunny|Lopunny, L50, F, shiny|100/100\n|switch|p2b: Whimsicott|Whimsicott, L50, F|100/100\n|turn|1\n|inactive|Battle timer is ON: inactive players will automatically lose when time's up. (requested by PiccoloStrufen)\n|\n|t:|1776505832\n|switch|p2b: Sneasler|Sneasler, L50, M, shiny|100/100\n|move|p2a: Lopunny|Protect|p2a: Lopunny\n|-singleturn|p2a: Lopunny|Protect\n|move|p1a: Sneasler|Close Combat|p2a: Lopunny\n|-activate|p2a: Lopunny|move: Protect\n|move|p1b: Primarina|Hyper Voice|p2a: Lopunny|[spread] p2b\n|-activate|p2a: Lopunny|move: Protect\n|-damage|p2b: Sneasler|53/100\n|\n|upkeep\n|turn|2\n|\n|t:|1776505852\n|switch|p2a: Whimsicott|Whimsicott, L50, F|100/100\n|move|p1a: Sneasler|Protect|p1a: Sneasler\n|-singleturn|p1a: Sneasler|Protect\n|move|p1b: Primarina|Protect|p1b: Primarina\n|-singleturn|p1b: Primarina|Protect\n|move|p2b: Sneasler|Dire Claw|p1b: Primarina\n|-activate|p1b: Primarina|move: Protect\n|\n|upkeep\n|turn|3\n|\n|t:|1776505875\n|move|p2b: Sneasler|Close Combat|p1b: Primarina\n|-resisted|p1b: Primarina|1\n|-damage|p1b: Primarina|68/100\n|-unboost|p2b: Sneasler|def|1\n|-unboost|p2b: Sneasler|spd|1\n|-enditem|p2b: Sneasler|White Herb\n|-clearnegativeboost|p2b: Sneasler|[silent]\n|move|p1a: Sneasler|Dire Claw|p2b: Sneasler\n|-resisted|p2b: Sneasler|1\n|-damage|p2b: Sneasler|19/100\n|move|p2a: Whimsicott|Tailwind|p2a: Whimsicott\n|-sidestart|p2: asr23|move: Tailwind\n|move|p1b: Primarina|Hyper Voice|p2b: Sneasler|[spread] p2a,p2b\n|-resisted|p2a: Whimsicott|1\n|-damage|p2a: Whimsicott|76/100\n|-damage|p2b: Sneasler|0 fnt\n|faint|p2b: Sneasler\n|\n|-heal|p1b: Primarina|74/100|[from] item: Leftovers\n|upkeep\n|\n|t:|1776505892\n|switch|p2b: Tyranitar|Tyranitar, L50, F|100/100\n|-weather|Sandstorm|[from] ability: Sand Stream|[of] p2b: Tyranitar\n|turn|4\n|\n|t:|1776505910\n|switch|p1b: Ninetales|Ninetales-Alola, L50, M|100/100\n|-weather|Snowscape|[from] ability: Snow Warning|[of] p1b: Ninetales\n|move|p2b: Tyranitar|Rock Slide|p1b: Ninetales|[spread] p1a,p1b\n|-resisted|p1a: Sneasler|1\n|-supereffective|p1b: Ninetales|1\n|-damage|p1a: Sneasler|75/100\n|-damage|p1b: Ninetales|39/100\n|move|p2a: Whimsicott|Moonblast|p1a: Sneasler\n|-damage|p1a: Sneasler|25/100\n|move|p1a: Sneasler|Dire Claw|p2a: Whimsicott\n|-supereffective|p2a: Whimsicott|2\n|-damage|p2a: Whimsicott|0 fnt\n|faint|p2a: Whimsicott\n|\n|-weather|Snowscape|[upkeep]\n|upkeep\n|\n|t:|1776505925\n|switch|p2a: Lopunny|Lopunny, L50, F, shiny|100/100\n|turn|5\n|\n|t:|1776505934\n|detailschange|p2a: Lopunny|Lopunny-Mega, L50, F, shiny\n|-mega|p2a: Lopunny|Lopunny|Lopunnite\n|move|p1b: Ninetales|Protect|p1b: Ninetales\n|-singleturn|p1b: Ninetales|Protect\n|move|p2a: Lopunny|Mach Punch|p1b: Ninetales\n|-activate|p1b: Ninetales|move: Protect\n|move|p2b: Tyranitar|Rock Slide|p1a: Sneasler|[spread] p1a\n|-activate|p1b: Ninetales|move: Protect\n|-resisted|p1a: Sneasler|1\n|-damage|p1a: Sneasler|1/100\n|cant|p1a: Sneasler|flinch\n|\n|-weather|Snowscape|[upkeep]\n|upkeep\n|turn|6\n|\n|t:|1776505958\n|switch|p1b: Gengar|Gengar, L50, M|100/100\n|move|p1a: Sneasler|Protect|p1a: Sneasler\n|-singleturn|p1a: Sneasler|Protect\n|move|p2a: Lopunny|Mach Punch|p1a: Sneasler\n|-activate|p1a: Sneasler|move: Protect\n|move|p2b: Tyranitar|Rock Slide|p1b: Gengar|[spread] p1b\n|-activate|p1a: Sneasler|move: Protect\n|-damage|p1b: Gengar|51/100\n|\n|-weather|Snowscape|[upkeep]\n|-sideend|p2: asr23|move: Tailwind\n|upkeep\n|turn|7\n|inactive|PiccoloStrufen has 30 seconds left.\n|\n|t:|1776505989\n|switch|p1a: Primarina|Primarina, L50, M|74/100\n|detailschange|p1b: Gengar|Gengar-Mega, L50, M\n|-mega|p1b: Gengar|Gengar|Gengarite\n|move|p2a: Lopunny|High Jump Kick|p1b: Gengar\n|-resisted|p1b: Gengar|1\n|-damage|p1b: Gengar|3/100\n|move|p2b: Tyranitar|Rock Slide|p1a: Primarina|[spread] p1a,p1b\n|-damage|p1a: Primarina|43/100\n|-damage|p1b: Gengar|0 fnt\n|faint|p1b: Gengar\n|\n|-weather|Snowscape|[upkeep]\n|-heal|p1a: Primarina|49/100|[from] item: Leftovers\n|upkeep\n|\n|t:|1776505999\n|switch|p1b: Ninetales|Ninetales-Alola, L50, M|39/100\n|turn|8\n|\n|t:|1776506009\n|move|p1b: Ninetales|Protect|p1b: Ninetales\n|-singleturn|p1b: Ninetales|Protect\n|move|p2a: Lopunny|High Jump Kick|p1a: Primarina\n|-resisted|p1a: Primarina|1\n|-damage|p1a: Primarina|13/100\n|move|p2b: Tyranitar|Rock Slide|p1b: Ninetales|[spread] \n|-activate|p1b: Ninetales|move: Protect\n|-miss|p2b: Tyranitar|p1a: Primarina\n|move|p1a: Primarina|Hyper Voice|p2b: Tyranitar|[spread] p2a,p2b\n|-supereffective|p2b: Tyranitar|1\n|-damage|p2a: Lopunny|63/100\n|-damage|p2b: Tyranitar|35/100\n|\n|-weather|none\n|-heal|p1a: Primarina|19/100|[from] item: Leftovers\n|upkeep\n|turn|9\n|inactive|PiccoloStrufen has 30 seconds left.\n|\n|t:|1776506034\n|move|p2a: Lopunny|High Jump Kick|p1a: Primarina\n|-resisted|p1a: Primarina|1\n|-damage|p1a: Primarina|0 fnt\n|faint|p1a: Primarina\n|move|p2b: Tyranitar|Rock Slide|p1b: Ninetales\n|-supereffective|p1b: Ninetales|1\n|-damage|p1b: Ninetales|0 fnt\n|faint|p1b: Ninetales\n|\n|upkeep\n|-message|PiccoloStrufen forfeited.\n|\n|win|asr23\n|raw|PiccoloStrufen's rating: 1041 &rarr; <strong>1024</strong><br />(-17 for losing)\n|raw|asr23's rating: 1023 &rarr; <strong>1061</strong><br />(+38 for winning)\n|l|\u2606PiccoloStrufen\n|player|p1|\n",
  "uploadtime": 1776506045,
  "views": 13,
  "formatid": "gen9championsvgc2026regma",
  "rating": 1024,
  "private": 0,
  "password": null
}