{
  "id": "gen9championsvgc2026regma-2584356406",
  "format": "[Gen 9 Champions] VGC 2026 Reg M-A",
  "players": [
    "Emolga my precious",
    "me llamo es brian"
  ],
  "log": "|j|\u2606Emolga my precious\n|j|\u2606me llamo es brian\n|t:|1776254429\n|gametype|doubles\n|player|p1|Emolga my precious|iris|1099\n|player|p2|me llamo es brian|1|1167\n|gen|9\n|tier|[Gen 9 Champions] VGC 2026 Reg M-A\n|rated|\n|rule|Species Clause: Limit one of each Pok\u00e9mon\n|rule|Item Clause: Limit 1 of each item\n|clearpoke\n|poke|p1|Emolga, L50, M|\n|poke|p1|Steelix, L50, F|\n|poke|p1|Serperior, L50, M|\n|poke|p1|Tyranitar, L50, M|\n|poke|p1|Ceruledge, L50, M|\n|poke|p1|Reuniclus, L50, F|\n|poke|p2|Dragapult, L50, F|\n|poke|p2|Sinistcha, L50|\n|poke|p2|Milotic, L50, F|\n|poke|p2|Aerodactyl, L50, M|\n|poke|p2|Floette-Eternal, L50, F|\n|poke|p2|Tyranitar, L50, F|\n|teampreview|4\n|inactive|Battle timer is ON: inactive players will automatically lose when time's up. (requested by Emolga my precious)\n|inactive|Emolga my precious has 60 seconds left.\n|inactive|me llamo es brian has 60 seconds left.\n|\n|t:|1776254469\n|teamsize|p1|4\n|teamsize|p2|4\n|start\n|switch|p1a: Emolga|Emolga, L50, M|100/100\n|switch|p1b: Reuniclus|Reuniclus, L50, F|100/100\n|switch|p2a: Aerodactyl|Aerodactyl, L50, M|100/100\n|switch|p2b: Floette|Floette-Eternal, L50, F|100/100\n|-ability|p2a: Aerodactyl|Unnerve\n|turn|1\n|inactive|Emolga my precious has 30 seconds left.\n|\n|t:|1776254502\n|detailschange|p2b: Floette|Floette-Mega, L50, F\n|-mega|p2b: Floette|Floette|Floettite\n|-ability|p2b: Floette|Fairy Aura\n|move|p2a: Aerodactyl|Rock Slide|p1a: Emolga|[spread] p1a,p1b\n|-supereffective|p1a: Emolga|1\n|-damage|p1a: Emolga|14/100\n|-damage|p1b: Reuniclus|74/100\n|move|p1a: Emolga|Nuzzle|p2a: Aerodactyl\n|-supereffective|p2a: Aerodactyl|1\n|-damage|p2a: Aerodactyl|81/100\n|-status|p2a: Aerodactyl|par\n|move|p2b: Floette|Dazzling Gleam|p1a: Emolga|[spread] p1a,p1b\n|-damage|p1a: Emolga|0 fnt\n|-damage|p1b: Reuniclus|29/100\n|faint|p1a: Emolga\n|move|p1b: Reuniclus|Calm Mind|p1b: Reuniclus\n|-boost|p1b: Reuniclus|spa|1\n|-boost|p1b: Reuniclus|spd|1\n|\n|-heal|p1b: Reuniclus|35/100|[from] item: Leftovers\n|upkeep\n|\n|t:|1776254520\n|switch|p1a: Serperior|Serperior, L50, M|100/100\n|turn|2\n|\n|t:|1776254525\n|move|p2b: Floette|Protect|p2b: Floette\n|-singleturn|p2b: Floette|Protect\n|move|p1a: Serperior|Leaf Storm|p2a: Aerodactyl\n|-damage|p2a: Aerodactyl|5/100 par\n|-boost|p1a: Serperior|spa|2\n|move|p2a: Aerodactyl|Tailwind|p2a: Aerodactyl\n|-sidestart|p2: me llamo es brian|move: Tailwind\n|move|p1b: Reuniclus|Psychic|p2b: Floette\n|-activate|p2b: Floette|move: Protect\n|\n|-heal|p1b: Reuniclus|41/100|[from] item: Leftovers\n|upkeep\n|turn|3\n|\n|t:|1776254536\n|move|p2b: Floette|Dazzling Gleam|p1a: Serperior|[spread] p1a,p1b\n|-damage|p1a: Serperior|39/100\n|-damage|p1b: Reuniclus|10/100\n|move|p2a: Aerodactyl|Dual Wingbeat|p1a: Serperior\n|-supereffective|p1a: Serperior|1\n|-damage|p1a: Serperior|0 fnt\n|faint|p1a: Serperior\n|-hitcount|p1: Serperior|1\n|move|p1b: Reuniclus|Trick Room|p1b: Reuniclus\n|-fieldstart|move: Trick Room|[of] p1b: Reuniclus\n|\n|-heal|p1b: Reuniclus|16/100|[from] item: Leftovers\n|upkeep\n|\n|t:|1776254542\n|switch|p1a: Steelix|Steelix, L50, F|100/100\n|turn|4\n|\n|t:|1776254551\n|detailschange|p1a: Steelix|Steelix-Mega, L50, F\n|-mega|p1a: Steelix|Steelix|Steelixite\n|cant|p2a: Aerodactyl|par\n|move|p2b: Floette|Protect|p2b: Floette\n|-singleturn|p2b: Floette|Protect\n|move|p1b: Reuniclus|Psychic|p2a: Aerodactyl\n|-damage|p2a: Aerodactyl|0 fnt\n|faint|p2a: Aerodactyl\n|move|p1a: Steelix|Heavy Slam|p2b: Floette\n|-activate|p2b: Floette|move: Protect\n|\n|-heal|p1b: Reuniclus|22/100|[from] item: Leftovers\n|upkeep\n|\n|t:|1776254559\n|switch|p2a: Milotic|Milotic, L50, F|100/100\n|turn|5\n|\n|t:|1776254567\n|move|p1a: Steelix|Heavy Slam|p2b: Floette\n|-supereffective|p2b: Floette|1\n|-damage|p2b: Floette|0 fnt\n|faint|p2b: Floette\n|move|p1b: Reuniclus|Psychic|p2a: Milotic\n|-damage|p2a: Milotic|59/100\n|move|p2a: Milotic|Scald|p1a: Steelix\n|-supereffective|p1a: Steelix|1\n|-damage|p1a: Steelix|48/100\n|\n|-heal|p1b: Reuniclus|28/100|[from] item: Leftovers\n|-heal|p2a: Milotic|65/100|[from] item: Leftovers\n|-sideend|p2: me llamo es brian|move: Tailwind\n|upkeep\n|\n|t:|1776254571\n|switch|p2b: Dragapult|Dragapult, L50, F|100/100\n|turn|6\n|\n|t:|1776254585\n|move|p1b: Reuniclus|Psychic|p2b: Dragapult\n|-damage|p2b: Dragapult|0 fnt\n|faint|p2b: Dragapult\n|move|p1a: Steelix|Heavy Slam|p2a: Milotic\n|-resisted|p2a: Milotic|1\n|-damage|p2a: Milotic|44/100\n|move|p2a: Milotic|Scald|p1a: Steelix\n|-supereffective|p1a: Steelix|1\n|-damage|p1a: Steelix|0 fnt\n|faint|p1a: Steelix\n|\n|-heal|p1b: Reuniclus|34/100|[from] item: Leftovers\n|-heal|p2a: Milotic|50/100|[from] item: Leftovers\n|upkeep\n|turn|7\n|\n|t:|1776254592\n|move|p2a: Milotic|Protect|p2a: Milotic\n|-singleturn|p2a: Milotic|Protect\n|move|p1b: Reuniclus|Psychic|p2a: Milotic\n|-activate|p2a: Milotic|move: Protect\n|\n|-heal|p1b: Reuniclus|40/100|[from] item: Leftovers\n|-heal|p2a: Milotic|55/100|[from] item: Leftovers\n|-fieldend|move: Trick Room\n|upkeep\n|turn|8\n|\n|t:|1776254606\n|move|p2a: Milotic|Scald|p1b: Reuniclus\n|-damage|p1b: Reuniclus|20/100\n|move|p1b: Reuniclus|Psychic|p2a: Milotic\n|-damage|p2a: Milotic|7/100\n|\n|-heal|p2a: Milotic|13/100|[from] item: Leftovers\n|-heal|p1b: Reuniclus|26/100|[from] item: Leftovers\n|upkeep\n|turn|9\n|\n|t:|1776254615\n|move|p2a: Milotic|Recover|p2a: Milotic\n|-heal|p2a: Milotic|63/100\n|move|p1b: Reuniclus|Psychic|p2a: Milotic\n|-damage|p2a: Milotic|17/100\n|-unboost|p2a: Milotic|spd|1\n|-ability|p2a: Milotic|Competitive|boost\n|-boost|p2a: Milotic|spa|2\n|\n|-heal|p2a: Milotic|23/100|[from] item: Leftovers\n|-heal|p1b: Reuniclus|32/100|[from] item: Leftovers\n|upkeep\n|turn|10\n|\n|t:|1776254623\n|move|p2a: Milotic|Scald|p1b: Reuniclus\n|-damage|p1b: Reuniclus|0 fnt\n|faint|p1b: Reuniclus\n|\n|win|me llamo es brian\n|raw|Emolga my precious's rating: 1099 &rarr; <strong>1079</strong><br />(-20 for losing)\n|raw|me llamo es brian's rating: 1167 &rarr; <strong>1187</strong><br />(+20 for winning)\n",
  "uploadtime": 1776254674,
  "views": 25,
  "formatid": "gen9championsvgc2026regma",
  "rating": 1079,
  "private": 0,
  "password": null
}