{
  "id": "gen9championsvgc2026regma-2586299064",
  "format": "[Gen 9 Champions] VGC 2026 Reg M-A",
  "players": [
    "123456ag",
    "bobak dotto"
  ],
  "log": "|j|\u2606123456ag\n|j|\u2606bobak dotto\n|t:|1776422774\n|gametype|doubles\n|player|p1|123456ag|swimmerf-gen4dp|1180\n|player|p2|bobak dotto|265|1223\n|gen|9\n|tier|[Gen 9 Champions] VGC 2026 Reg M-A\n|rated|\n|rule|Species Clause: Limit one of each Pok\u00e9mon\n|rule|Item Clause: Limit 1 of each item\n|clearpoke\n|poke|p1|Gengar, L50, M|\n|poke|p1|Incineroar, L50, M|\n|poke|p1|Maushold, L50|\n|poke|p1|Politoed, L50, F|\n|poke|p1|Basculegion, L50, M|\n|poke|p1|Kingambit, L50, F|\n|poke|p2|Lycanroc, L50, F|\n|poke|p2|Delphox, L50, F|\n|poke|p2|Tsareena, L50, F|\n|poke|p2|Hippowdon, L50, M|\n|poke|p2|Basculegion, L50, M|\n|poke|p2|Incineroar, L50, M|\n|teampreview|4\nbobak dotto has agreed to open team sheets.\n|\n|t:|1776422806\n|teamsize|p1|4\n|teamsize|p2|4\n|start\n|switch|p1a: Gengar|Gengar, L50, M|100/100\n|switch|p1b: Incineroar|Incineroar, L50, M|100/100\n|switch|p2a: Delphox|Delphox, L50, F|100/100\n|switch|p2b: Incineroar|Incineroar, L50, M|100/100\n|-ability|p1b: Incineroar|Intimidate|boost\n|-unboost|p2a: Delphox|atk|1\n|-unboost|p2b: Incineroar|atk|1\n|-ability|p2b: Incineroar|Intimidate|boost\n|-unboost|p1a: Gengar|atk|1\n|-unboost|p1b: Incineroar|atk|1\n|turn|1\n|inactive|Battle timer is ON: inactive players will automatically lose when time's up. (requested by bobak dotto)\n|inactive|123456ag has 60 seconds left.\n|\n|t:|1776422852\n|switch|p1a: Kingambit|Kingambit, L50, F|100/100\n|switch|p2b: Tsareena|Tsareena, L50, F|100/100\n|detailschange|p2a: Delphox|Delphox-Mega, L50, F\n|-mega|p2a: Delphox|Delphox|Delphoxite\n|move|p2a: Delphox|Psychic|p1a: Kingambit\n|-immune|p1a: Kingambit\n|move|p1b: Incineroar|Parting Shot|p2b: Tsareena\n|-unboost|p2b: Tsareena|atk|1\n|-unboost|p2b: Tsareena|spa|1\n|inactive|123456ag has 30 seconds left.\n|\n|t:|1776422879\n|switch|p1b: Politoed|Politoed, L50, F|100/100|[from] Parting Shot\n|-weather|RainDance|[from] ability: Drizzle|[of] p1b: Politoed\n|\n|-weather|RainDance|[upkeep]\n|upkeep\n|turn|2\n|\n|t:|1776422894\n|switch|p1a: Incineroar|Incineroar, L50, M|100/100\n|-ability|p1a: Incineroar|Intimidate|boost\n|-unboost|p2a: Delphox|atk|1\n|-unboost|p2b: Tsareena|atk|1\n|move|p2a: Delphox|Protect|p2a: Delphox\n|-singleturn|p2a: Delphox|Protect\n|move|p2b: Tsareena|U-turn|p1b: Politoed\n|-damage|p1b: Politoed|89/100\n|\n|t:|1776422902\n|switch|p2b: Hippowdon|Hippowdon, L50, M|100/100|[from] U-turn\n|-weather|Sandstorm|[from] ability: Sand Stream|[of] p2b: Hippowdon\n|move|p1b: Politoed|Weather Ball|p2a: Delphox\n|-activate|p2a: Delphox|move: Protect\n|\n|-weather|Sandstorm|[upkeep]\n|-damage|p2a: Delphox|95/100|[from] Sandstorm\n|-damage|p1a: Incineroar|95/100|[from] Sandstorm\n|-damage|p1b: Politoed|83/100|[from] Sandstorm\n|-heal|p1a: Incineroar|100/100|[from] item: Leftovers\n|upkeep\n|turn|3\n|\n|t:|1776422927\n|switch|p2a: Incineroar|Incineroar, L50, M|100/100\n|-ability|p2a: Incineroar|Intimidate|boost\n|-unboost|p1a: Incineroar|atk|1\n|-unboost|p1b: Politoed|atk|1\n|move|p1a: Incineroar|Parting Shot|p2a: Incineroar\n|-unboost|p2a: Incineroar|atk|1\n|-unboost|p2a: Incineroar|spa|1\n|\n|t:|1776422934\n|switch|p1a: Gengar|Gengar, L50, M|100/100|[from] Parting Shot\n|move|p1b: Politoed|Perish Song|p1b: Politoed\n|-start|p1a: Gengar|perish3|[silent]\n|-start|p1b: Politoed|perish3|[silent]\n|-start|p2a: Incineroar|perish3|[silent]\n|-start|p2b: Hippowdon|perish3|[silent]\n|-fieldactivate|move: Perish Song\n|move|p2b: Hippowdon|Yawn|p1a: Gengar\n|-start|p1a: Gengar|move: Yawn|[of] p2b: Hippowdon\n|\n|-weather|Sandstorm|[upkeep]\n|-damage|p1a: Gengar|95/100|[from] Sandstorm\n|-damage|p1b: Politoed|77/100|[from] Sandstorm\n|-damage|p2a: Incineroar|95/100|[from] Sandstorm\n|-start|p1a: Gengar|perish3\n|-start|p1b: Politoed|perish3\n|-start|p2a: Incineroar|perish3\n|-start|p2b: Hippowdon|perish3\n|upkeep\n|turn|4\n|inactive|bobak dotto has 30 seconds left.\n|inactive|bobak dotto has 20 seconds left.\n|inactive|bobak dotto has 15 seconds left.\n|inactive|bobak dotto has 10 seconds left.\n|\n|t:|1776422980\n|switch|p1a: Kingambit|Kingambit, L50, F|100/100\n|switch|p1b: Incineroar|Incineroar, L50, M|100/100\n|-ability|p1b: Incineroar|Intimidate|boost\n|-unboost|p2a: Incineroar|atk|1\n|-unboost|p2b: Hippowdon|atk|1\n|switch|p2b: Tsareena|Tsareena, L50, F|100/100\n|move|p2a: Incineroar|Throat Chop|p1a: Kingambit\n|-resisted|p1a: Kingambit|1\n|-damage|p1a: Kingambit|93/100\n|-start|p1a: Kingambit|Throat Chop|[silent]\n|\n|-weather|Sandstorm|[upkeep]\n|-damage|p1b: Incineroar|95/100|[from] Sandstorm\n|-damage|p2b: Tsareena|94/100|[from] Sandstorm\n|-damage|p2a: Incineroar|89/100|[from] Sandstorm\n|-heal|p1b: Incineroar|100/100|[from] item: Leftovers\n|-start|p2a: Incineroar|perish2\n|upkeep\n|turn|5\n|\n|t:|1776423003\n|move|p2b: Tsareena|Protect|p2b: Tsareena\n|-singleturn|p2b: Tsareena|Protect\n|move|p1b: Incineroar|Parting Shot|p1a: Kingambit\n|-unboost|p1a: Kingambit|atk|1\n|-unboost|p1a: Kingambit|spa|1\n|\n|t:|1776423009\n|switch|p1b: Politoed|Politoed, L50, F|77/100|[from] Parting Shot\n|-weather|RainDance|[from] ability: Drizzle|[of] p1b: Politoed\n|move|p2a: Incineroar|Parting Shot|p1b: Politoed\n|-unboost|p1b: Politoed|atk|1\n|-unboost|p1b: Politoed|spa|1\n|\n|t:|1776423017\n|switch|p2a: Hippowdon|Hippowdon, L50, M|100/100|[from] Parting Shot\n|-weather|Sandstorm|[from] ability: Sand Stream|[of] p2a: Hippowdon\n|move|p1a: Kingambit|Kowtow Cleave|p2b: Tsareena\n|-activate|p2b: Tsareena|move: Protect\n|\n|-weather|Sandstorm|[upkeep]\n|-damage|p2b: Tsareena|88/100|[from] Sandstorm\n|-damage|p1b: Politoed|71/100|[from] Sandstorm\n|-end|p1a: Kingambit|Throat Chop|[silent]\n|upkeep\n|turn|6\n|\n|t:|1776423033\n|switch|p1a: Incineroar|Incineroar, L50, M|100/100\n|-ability|p1a: Incineroar|Intimidate|boost\n|-unboost|p2a: Hippowdon|atk|1\n|-unboost|p2b: Tsareena|atk|1\n|move|p2b: Tsareena|Seed Bomb|p1b: Politoed\n|-supereffective|p1b: Politoed|1\n|-damage|p1b: Politoed|22/100\n|move|p1b: Politoed|Perish Song|p1b: Politoed\n|-start|p1a: Incineroar|perish3|[silent]\n|-start|p1b: Politoed|perish3|[silent]\n|-start|p2a: Hippowdon|perish3|[silent]\n|-start|p2b: Tsareena|perish3|[silent]\n|-fieldactivate|move: Perish Song\n|move|p2a: Hippowdon|Yawn|p1a: Incineroar\n|-start|p1a: Incineroar|move: Yawn|[of] p2a: Hippowdon\n|\n|-weather|Sandstorm|[upkeep]\n|-damage|p1a: Incineroar|95/100|[from] Sandstorm\n|-damage|p2b: Tsareena|82/100|[from] Sandstorm\n|-damage|p1b: Politoed|16/100|[from] Sandstorm\n|-heal|p1a: Incineroar|100/100|[from] item: Leftovers\n|-start|p1a: Incineroar|perish3\n|-start|p2b: Tsareena|perish3\n|-start|p1b: Politoed|perish3\n|-start|p2a: Hippowdon|perish3\n|upkeep\n|turn|7\n|\n|t:|1776423050\n|switch|p2b: Delphox|Delphox-Mega, L50, F|95/100\n|switch|p1b: Gengar|Gengar, L50, M|95/100\n|switch|p2a: Incineroar|Incineroar, L50, M|89/100\n|-ability|p2a: Incineroar|Intimidate|boost\n|-unboost|p1a: Incineroar|atk|1\n|-unboost|p1b: Gengar|atk|1\n|move|p1a: Incineroar|Parting Shot|p2a: Incineroar\n|-unboost|p2a: Incineroar|atk|1\n|-unboost|p2a: Incineroar|spa|1\n|\n|t:|1776423063\n|switch|p1a: Kingambit|Kingambit, L50, F|93/100|[from] Parting Shot\n|\n|-weather|Sandstorm|[upkeep]\n|-damage|p2b: Delphox|89/100|[from] Sandstorm\n|-damage|p1b: Gengar|89/100|[from] Sandstorm\n|-damage|p2a: Incineroar|83/100|[from] Sandstorm\n|upkeep\n|turn|8\n|\n|t:|1776423084\n|detailschange|p1b: Gengar|Gengar-Mega, L50, M\n|-mega|p1b: Gengar|Gengar|Gengarite\n|move|p2a: Incineroar|Fake Out|p1a: Kingambit\n|-resisted|p1a: Kingambit|1\n|-damage|p1a: Kingambit|89/100\n|move|p2b: Delphox|Substitute|p2b: Delphox\n|-start|p2b: Delphox|Substitute\n|-damage|p2b: Delphox|64/100\n|move|p1b: Gengar|Sludge Bomb|p2a: Incineroar\n|-damage|p2a: Incineroar|41/100\n|cant|p1a: Kingambit|flinch\n|\n|-weather|Sandstorm|[upkeep]\n|-damage|p2b: Delphox|58/100|[from] Sandstorm\n|-damage|p1b: Gengar|83/100|[from] Sandstorm\n|-damage|p2a: Incineroar|35/100|[from] Sandstorm\n|upkeep\n|turn|9\n|\n|t:|1776423104\n|switch|p1b: Incineroar|Incineroar, L50, M|100/100\n|-ability|p1b: Incineroar|Intimidate|boost\n|-unboost|p2a: Incineroar|atk|1\n|-immune|p2b: Delphox\n|move|p2b: Delphox|Heat Wave|p1a: Kingambit|[spread] p1a,p1b\n|-supereffective|p1a: Kingambit|1\n|-resisted|p1b: Incineroar|1\n|-damage|p1a: Kingambit|8/100\n|-damage|p1b: Incineroar|79/100\n|move|p2a: Incineroar|Flare Blitz|p1a: Kingambit\n|-supereffective|p1a: Kingambit|1\n|-damage|p1a: Kingambit|0 fnt\n|faint|p1a: Kingambit\n|-damage|p2a: Incineroar|32/100|[from] Recoil\n|\n|-weather|none\n|-heal|p1b: Incineroar|85/100|[from] item: Leftovers\n|upkeep\n|\n|t:|1776423117\n|switch|p1a: Gengar|Gengar-Mega, L50, M|83/100\n|turn|10\n|-message|123456ag forfeited.\n|\n|win|bobak dotto\n|raw|123456ag's rating: 1180 &rarr; <strong>1158</strong><br />(-22 for losing)\n|raw|bobak dotto's rating: 1223 &rarr; <strong>1245</strong><br />(+22 for winning)\n|l|\u2606123456ag\n|player|p1|\n",
  "uploadtime": 1776423129,
  "views": 31,
  "formatid": "gen9championsvgc2026regma",
  "rating": 1158,
  "private": 0,
  "password": null
}