{
  "id": "gen9championsvgc2026regma-2583963589",
  "format": "[Gen 9 Champions] VGC 2026 Reg M-A",
  "players": [
    "suicujoh",
    "TheGovest"
  ],
  "log": "|j|\u2606suicujoh\n|j|\u2606TheGovest\n|t:|1776212288\n|gametype|doubles\n|player|p1|suicujoh|doctor|1131\n|player|p2|TheGovest|iris-gen5bw2|1040\n|gen|9\n|tier|[Gen 9 Champions] VGC 2026 Reg M-A\n|rated|\n|rule|Species Clause: Limit one of each Pok\u00e9mon\n|rule|Item Clause: Limit 1 of each item\n|clearpoke\n|poke|p1|Charizard, L50, M|\n|poke|p1|Venusaur, L50, F|\n|poke|p1|Incineroar, L50, F|\n|poke|p1|Dragonite, L50, F|\n|poke|p1|Azumarill, L50, F|\n|poke|p1|Whimsicott, L50, M|\n|poke|p2|Empoleon, L50, M|\n|poke|p2|Tyranitar, L50, F|\n|poke|p2|Excadrill, L50, F|\n|poke|p2|Incineroar, L50, M|\n|poke|p2|Gengar, L50, F|\n|poke|p2|Scizor, L50, M|\n|teampreview|4\n|\n|t:|1776212424\n|teamsize|p1|4\n|teamsize|p2|4\n|start\n|switch|p1a: Whimsicott|Whimsicott, L50, M, shiny|100/100\n|switch|p1b: Venusaur|Venusaur, L50, F, shiny|100/100\n|switch|p2a: Incineroar|Incineroar, L50, M, shiny|100/100\n|switch|p2b: Tyranitar|Tyranitar, L50, F|100/100\n|-weather|Sandstorm|[from] ability: Sand Stream|[of] p2b: Tyranitar\n|-ability|p2a: Incineroar|Intimidate|boost\n|-unboost|p1a: Whimsicott|atk|1\n|-unboost|p1b: Venusaur|atk|1\n|turn|1\n|\n|t:|1776212464\n|move|p2b: Tyranitar|Protect|p2b: Tyranitar\n|-singleturn|p2b: Tyranitar|Protect\n|move|p1a: Whimsicott|Tailwind|p1a: Whimsicott\n|-sidestart|p1: suicujoh|move: Tailwind\n|move|p1b: Venusaur|Sleep Powder|p2b: Tyranitar\n|-activate|p2b: Tyranitar|move: Protect\n|move|p2a: Incineroar|Taunt|p1a: Whimsicott\n|-start|p1a: Whimsicott|move: Taunt\n|\n|-weather|Sandstorm|[upkeep]\n|-damage|p1a: Whimsicott|95/100|[from] Sandstorm\n|-damage|p1b: Venusaur|95/100|[from] Sandstorm\n|-damage|p2a: Incineroar|94/100|[from] Sandstorm\n|upkeep\n|turn|2\n|-activate|p1b: Venusaur|item: Quick Claw\n|\n|t:|1776212517\n|switch|p1a: Azumarill|Azumarill, L50, F, shiny|100/100\n|move|p1b: Venusaur|Sleep Powder|p2b: Tyranitar\n|-status|p2b: Tyranitar|slp|[from] move: Sleep Powder\n|cant|p2b: Tyranitar|slp\n|move|p2a: Incineroar|Parting Shot|p1b: Venusaur\n|-unboost|p1b: Venusaur|atk|1\n|-unboost|p1b: Venusaur|spa|1\n|\n|t:|1776212534\n|switch|p2a: Emperor|Empoleon, L50, M, shiny|100/100|[from] Parting Shot\n|\n|-weather|Sandstorm|[upkeep]\n|-damage|p1b: Venusaur|89/100|[from] Sandstorm\n|-damage|p1a: Azumarill|95/100|[from] Sandstorm\n|upkeep\n|turn|3\n|\n|t:|1776212544\n|switch|p2b: Excadrill|Excadrill, L50, F|100/100\n|move|p1a: Azumarill|Aqua Jet|p2b: Excadrill\n|-supereffective|p2b: Excadrill|1\n|-damage|p2b: Excadrill|5/100\n|move|p1b: Venusaur|Sleep Powder|p2a: Emperor\n|-status|p2a: Emperor|slp|[from] move: Sleep Powder\n|cant|p2a: Emperor|slp\n|\n|-weather|Sandstorm|[upkeep]\n|-damage|p1b: Venusaur|83/100|[from] Sandstorm\n|-damage|p1a: Azumarill|89/100|[from] Sandstorm\n|-heal|p2b: Excadrill|11/100|[from] item: Leftovers\n|upkeep\n|turn|4\n|\n|t:|1776212561\n|switch|p1b: Charizard|Charizard, L50, M, shiny|100/100\n|move|p1a: Azumarill|Aqua Jet|p2b: Excadrill\n|-supereffective|p2b: Excadrill|1\n|-damage|p2b: Excadrill|0 fnt\n|faint|p2b: Excadrill\n|cant|p2a: Emperor|slp\n|\n|-weather|Sandstorm|[upkeep]\n|-damage|p1b: Charizard|95/100|[from] Sandstorm\n|-damage|p1a: Azumarill|83/100|[from] Sandstorm\n|-sideend|p1: suicujoh|move: Tailwind\n|upkeep\n|\n|t:|1776212565\n|switch|p2b: Incineroar|Incineroar, L50, M, shiny|94/100\n|-ability|p2b: Incineroar|Intimidate|boost\n|-unboost|p1a: Azumarill|atk|1\n|-unboost|p1b: Charizard|atk|1\n|turn|5\n|\n|t:|1776212582\n|switch|p2a: Tyranitar|Tyranitar, L50, F|100/100 slp\n|detailschange|p1b: Charizard|Charizard-Mega-Y, L50, M, shiny\n|-mega|p1b: Charizard|Charizard|Charizardite Y\n|-weather|SunnyDay|[from] ability: Drought|[of] p1b: Charizard\n|move|p2b: Incineroar|Fake Out|p1a: Azumarill\n|-damage|p1a: Azumarill|73/100\n|move|p1b: Charizard|Heat Wave|p2b: Incineroar|[spread] p2a,p2b\n|-resisted|p2a: Tyranitar|1\n|-resisted|p2b: Incineroar|1\n|-damage|p2a: Tyranitar|73/100 slp\n|-damage|p2b: Incineroar|67/100\n|cant|p1a: Azumarill|flinch\n|\n|-weather|SunnyDay|[upkeep]\n|upkeep\n|turn|6\n|\n|t:|1776212623\n|detailschange|p2a: Tyranitar|Tyranitar-Mega, L50, F\n|-mega|p2a: Tyranitar|Tyranitar|Tyranitarite\n|-weather|Sandstorm|[from] ability: Sand Stream|[of] p2a: Tyranitar\n|move|p1a: Azumarill|Aqua Jet|p2b: Incineroar\n|-supereffective|p2b: Incineroar|1\n|-damage|p2b: Incineroar|30/100\n|-enditem|p2b: Incineroar|Sitrus Berry|[eat]\n|-heal|p2b: Incineroar|55/100|[from] item: Sitrus Berry\n|move|p1b: Charizard|Solar Beam||[still]\n|-prepare|p1b: Charizard|Solar Beam\n|cant|p2a: Tyranitar|slp\n|move|p2b: Incineroar|Parting Shot|p1a: Azumarill\n|-unboost|p1a: Azumarill|atk|1\n|-unboost|p1a: Azumarill|spa|1\n|\n|t:|1776212636\n|switch|p2b: Emperor|Empoleon, L50, M, shiny|100/100 slp|[from] Parting Shot\n|\n|-weather|Sandstorm|[upkeep]\n|-damage|p1b: Charizard|89/100|[from] Sandstorm\n|-damage|p1a: Azumarill|67/100|[from] Sandstorm\n|upkeep\n|turn|7\n|\n|t:|1776212649\n|switch|p1a: Venusaur|Venusaur, L50, F, shiny|83/100\n|move|p1b: Charizard|Solar Beam|p2a: Tyranitar|[from] lockedmove\n|-supereffective|p2a: Tyranitar|1\n|-damage|p2a: Tyranitar|48/100 slp\n|-curestatus|p2b: Emperor|slp|[msg]\n|move|p2b: Emperor|Flash Cannon|p1a: Venusaur\n|-damage|p1a: Venusaur|33/100\n|-curestatus|p2a: Tyranitar|slp|[msg]\n|move|p2a: Tyranitar|Rock Slide|p1a: Venusaur|[spread] p1a,p1b\n|-supereffective|p1b: Charizard|2\n|-damage|p1a: Venusaur|0 fnt\n|-damage|p1b: Charizard|0 fnt\n|faint|p1a: Venusaur\n|faint|p1b: Charizard\n|\n|-weather|Sandstorm|[upkeep]\n|upkeep\n|\n|t:|1776212667\n|switch|p1b: Azumarill|Azumarill, L50, F, shiny|67/100\n|switch|p1a: Whimsicott|Whimsicott, L50, M, shiny|95/100\n|turn|8\n|\n|t:|1776212695\n|move|p1a: Whimsicott|Helping Hand|p1b: Azumarill\n|-singleturn|p1b: Azumarill|Helping Hand|[of] p1a: Whimsicott\n|move|p2a: Tyranitar|Protect|p2a: Tyranitar\n|-singleturn|p2a: Tyranitar|Protect\n|move|p1b: Azumarill|Aqua Jet|p2a: Tyranitar\n|-activate|p2a: Tyranitar|move: Protect\n|move|p2b: Emperor|Ice Beam|p1a: Whimsicott\n|-supereffective|p1a: Whimsicott|1\n|-damage|p1a: Whimsicott|0 fnt\n|faint|p1a: Whimsicott\n|\n|-weather|Sandstorm|[upkeep]\n|-damage|p1b: Azumarill|61/100|[from] Sandstorm\n|upkeep\n|turn|9\n|\n|t:|1776212724\n|move|p1b: Azumarill|Aqua Jet|p2a: Tyranitar\n|-supereffective|p2a: Tyranitar|1\n|-damage|p2a: Tyranitar|7/100\n|move|p2b: Emperor|Flash Cannon|p1b: Azumarill\n|-crit|p1b: Azumarill\n|-damage|p1b: Azumarill|0 fnt\n|faint|p1b: Azumarill\n|\n|win|TheGovest\n|raw|suicujoh's rating: 1131 &rarr; <strong>1100</strong><br />(-31 for losing)\n|raw|TheGovest's rating: 1040 &rarr; <strong>1083</strong><br />(+43 for winning)\n|l|\u2606suicujoh\n|player|p1|\n",
  "uploadtime": 1776212741,
  "views": 22,
  "formatid": "gen9championsvgc2026regma",
  "rating": 1083,
  "private": 0,
  "password": null
}