{
  "id": "gen9championsvgc2026regma-2587856734",
  "format": "[Gen 9 Champions] VGC 2026 Reg M-A",
  "players": [
    "Matt's Totodile",
    "SilverGrape"
  ],
  "log": "|j|\u2606Matt's Totodile\n|j|\u2606SilverGrape\n|t:|1776571212\n|gametype|doubles\n|player|p1|Matt's Totodile|pokekid|1098\n|player|p2|SilverGrape|1|1073\n|gen|9\n|tier|[Gen 9 Champions] VGC 2026 Reg M-A\n|rated|\n|rule|Species Clause: Limit one of each Pok\u00e9mon\n|rule|Item Clause: Limit 1 of each item\n|clearpoke\n|poke|p1|Charizard, L50, M|\n|poke|p1|Sneasler, L50, F|\n|poke|p1|Milotic, L50, M|\n|poke|p1|Gardevoir, L50, F|\n|poke|p1|Whimsicott, L50, M|\n|poke|p1|Sinistcha, L50|\n|poke|p2|Clefable, L50, F|\n|poke|p2|Cofagrigus, L50, M|\n|poke|p2|Farigiraf, L50, M|\n|poke|p2|Maushold-Four, L50|\n|poke|p2|Conkeldurr, L50, M|\n|poke|p2|Scizor, L50, F|\n|teampreview|4\n|\n|t:|1776571289\n|teamsize|p1|4\n|teamsize|p2|4\n|start\n|switch|p1a: Charizard|Charizard, L50, M|100/100\n|switch|p1b: Sneasler|Sneasler, L50, F|100/100\n|switch|p2a: Cofagrigus|Cofagrigus, L50, M|100/100\n|switch|p2b: Farigiraf|Farigiraf, L50, M|100/100\n|turn|1\n|\n|t:|1776571330\n|detailschange|p1a: Charizard|Charizard-Mega-X, L50, M\n|-mega|p1a: Charizard|Charizard|Charizardite X\n|move|p1b: Sneasler|Fake Out||[still]\n|cant|p2b: Farigiraf|ability: Armor Tail|Fake Out|[of] p1b: Sneasler\n|move|p1a: Charizard|Swords Dance|p1a: Charizard\n|-boost|p1a: Charizard|atk|2\n|move|p2b: Farigiraf|Psychic|p1b: Sneasler\n|-supereffective|p1b: Sneasler|2\n|-damage|p1b: Sneasler|0 fnt\n|faint|p1b: Sneasler\n|move|p2a: Cofagrigus|Nasty Plot|p2a: Cofagrigus\n|-boost|p2a: Cofagrigus|spa|2\n|\n|upkeep\n|\n|t:|1776571342\n|switch|p1b: Milotic|Milotic, L50, M|100/100\n|turn|2\n|\n|t:|1776571386\n|move|p1b: Milotic|Scald|p2a: Cofagrigus\n|-damage|p2a: Cofagrigus|64/100\n|move|p1a: Charizard|Flare Blitz|p2a: Cofagrigus\n|-damage|p2a: Cofagrigus|0 fnt\n|-activate|p2a: Cofagrigus|ability: Mummy|p1a: Charizard|[ability] Tough Claws\n|faint|p2a: Cofagrigus\n|-damage|p1a: Charizard|83/100|[from] Recoil\n|move|p2b: Farigiraf|Trick Room|p2b: Farigiraf\n|-fieldstart|move: Trick Room|[of] p2b: Farigiraf\n|\n|upkeep\n|\n|t:|1776571399\n|switch|p2a: Clefable|Clefable, L50, F|100/100\n|turn|3\n|\n|t:|1776571408\n|switch|p1a: Sinistcha|Sinistcha, L50|100/100\n|detailschange|p2a: Clefable|Clefable-Mega, L50, F\n|-mega|p2a: Clefable|Clefable|Clefablite\n|move|p2b: Farigiraf|Hyper Voice|p1b: Milotic|[spread] p1b\n|-immune|p1a: Sinistcha\n|-damage|p1b: Milotic|73/100\n|move|p2a: Clefable|Dazzling Gleam|p1a: Sinistcha|[spread] p1a,p1b\n|-damage|p1a: Sinistcha|70/100\n|-damage|p1b: Milotic|42/100\n|move|p1b: Milotic|Scald|p2a: Clefable\n|-damage|p2a: Clefable|70/100\n|\n|upkeep\n|turn|4\n|\n|t:|1776571430\n|move|p2b: Farigiraf|Psychic|p1b: Milotic\n|-damage|p1b: Milotic|7/100\n|move|p2a: Clefable|Mystical Fire|p1a: Sinistcha\n|-supereffective|p1a: Sinistcha|1\n|-damage|p1a: Sinistcha|14/100\n|-unboost|p1a: Sinistcha|spa|1\n|-enditem|p1a: Sinistcha|Sitrus Berry|[eat]\n|-heal|p1a: Sinistcha|39/100|[from] item: Sitrus Berry\n|move|p1a: Sinistcha|Matcha Gotcha|p2b: Farigiraf|[spread] p2a,p2b\n|-resisted|p2a: Clefable|1\n|-damage|p2a: Clefable|64/100\n|-heal|p1a: Sinistcha|43/100|[from] drain|[of] p2a: Clefable\n|-damage|p2b: Farigiraf|83/100\n|-heal|p1a: Sinistcha|54/100|[from] drain|[of] p2b: Farigiraf\n|move|p1b: Milotic|Scald|p2a: Clefable\n|-damage|p2a: Clefable|30/100\n|\n|upkeep\n|turn|5\n|\n|t:|1776571465\n|move|p1a: Sinistcha|Protect|p1a: Sinistcha\n|-singleturn|p1a: Sinistcha|Protect\n|move|p2b: Farigiraf|Psychic|p1a: Sinistcha\n|-activate|p1a: Sinistcha|move: Protect\n|move|p2a: Clefable|Dazzling Gleam|p1a: Sinistcha|[spread] p1b\n|-activate|p1a: Sinistcha|move: Protect\n|-damage|p1b: Milotic|0 fnt\n|faint|p1b: Milotic\n|\n|upkeep\n|\n|t:|1776571473\n|switch|p1b: Charizard|Charizard-Mega-X, L50, M|83/100\n|turn|6\n|\n|t:|1776571492\n|move|p1b: Charizard|Protect|p1b: Charizard\n|-singleturn|p1b: Charizard|Protect\n|move|p2b: Farigiraf|Psychic|p1a: Sinistcha\n|-damage|p1a: Sinistcha|16/100\n|move|p2a: Clefable|Dazzling Gleam|p1a: Sinistcha|[spread] p1a\n|-activate|p1b: Charizard|move: Protect\n|-damage|p1a: Sinistcha|0 fnt\n|faint|p1a: Sinistcha\n|\n|-fieldend|move: Trick Room\n|upkeep\n|turn|7\n|\n|t:|1776571516\n|move|p1b: Charizard|Flare Blitz|p2a: Clefable\n|-damage|p2a: Clefable|0 fnt\n|faint|p2a: Clefable\n|-damage|p1b: Charizard|72/100|[from] Recoil\n|move|p2b: Farigiraf|Psychic|p1b: Charizard\n|-damage|p1b: Charizard|22/100\n|\n|upkeep\n|\n|t:|1776571525\n|switch|p2a: Maushold|Maushold-Four, L50|100/100\n|turn|8\n|c|\u2606Matt's Totodile|gg\n|\n|t:|1776571537\n|move|p2a: Maushold|Population Bomb|p1b: Charizard|[miss]\n|-miss|p2a: Maushold|p1b: Charizard\n|move|p1b: Charizard|Flare Blitz|p2b: Farigiraf\n|-damage|p2b: Farigiraf|15/100\n|-damage|p1b: Charizard|0 fnt|[from] Recoil\n|faint|p1b: Charizard\n|\n|win|SilverGrape\n|raw|Matt&apos;s Totodile's rating: 1098 &rarr; <strong>1072</strong><br />(-26 for losing)\n|raw|SilverGrape's rating: 1073 &rarr; <strong>1104</strong><br />(+31 for winning)\n",
  "uploadtime": 1776571546,
  "views": 7,
  "formatid": "gen9championsvgc2026regma",
  "rating": 1072,
  "private": 0,
  "password": null
}