{
  "id": "gen9championsvgc2026regma-2587188525",
  "format": "[Gen 9 Champions] VGC 2026 Reg M-A",
  "players": [
    "Wzi",
    "test66669999"
  ],
  "log": "|j|\u2606Wzi\n|j|\u2606test66669999\n|t:|1776506331\n|gametype|doubles\n|player|p1|Wzi|2|1532\n|player|p2|test66669999|170|1477\n|gen|9\n|tier|[Gen 9 Champions] VGC 2026 Reg M-A\n|rated|\n|rule|Species Clause: Limit one of each Pok\u00e9mon\n|rule|Item Clause: Limit 1 of each item\n|clearpoke\n|poke|p1|Banette, L50, F|\n|poke|p1|Primarina, L50, F|\n|poke|p1|Archaludon, L50, F|\n|poke|p1|Victreebel, L50, F|\n|poke|p1|Gallade, L50, M|\n|poke|p1|Pelipper, L50, M|\n|poke|p2|Floette-Eternal, L50, F|\n|poke|p2|Sinistcha, L50|\n|poke|p2|Archaludon, L50, M|\n|poke|p2|Sableye, L50, F|\n|poke|p2|Aerodactyl, L50, M|\n|poke|p2|Gengar, L50, F|\n|teampreview|4\n|inactive|Battle timer is ON: inactive players will automatically lose when time's up. (requested by test66669999)\n|inactive|test66669999 has 60 seconds left.\n|\n|t:|1776506364\n|teamsize|p1|4\n|teamsize|p2|4\n|start\n|switch|p1a: Pelipper|Pelipper, L50, M|100/100\n|switch|p1b: Victreebel|Victreebel, L50, F|100/100\n|switch|p2a: Aerodactyl|Aerodactyl, L50, M|100/100\n|switch|p2b: Floette|Floette-Eternal, L50, F|100/100\n|-ability|p2a: Aerodactyl|Unnerve\n|-weather|RainDance|[from] ability: Drizzle|[of] p1a: Pelipper\n|turn|1\n|inactive|test66669999 has 30 seconds left.\n|inactive|test66669999 has 20 seconds left.\n|j| fulimba\n|inactive|test66669999 has 15 seconds left.\n|inactive|test66669999 has 10 seconds left.\n|inactive|test66669999 has 5 seconds left.\n|\n|t:|1776506419\n|detailschange|p1b: Victreebel|Victreebel-Mega, L50, F\n|-mega|p1b: Victreebel|Victreebel|Victreebelite\n|move|p2a: Aerodactyl|Wide Guard|p2a: Aerodactyl\n|-singleturn|p2a: Aerodactyl|Wide Guard\n|move|p2b: Floette|Light of Ruin|p1b: Victreebel\n|-resisted|p1b: Victreebel|1\n|-damage|p1b: Victreebel|64/100\n|-damage|p2b: Floette|80/100|[from] Recoil\n|move|p1a: Pelipper|Tailwind|p1a: Pelipper\n|-sidestart|p1: Wzi|move: Tailwind\n|move|p1b: Victreebel|Sludge Bomb|p2b: Floette\n|-supereffective|p2b: Floette|1\n|-damage|p2b: Floette|0 fnt\n|faint|p2b: Floette\n|\n|-weather|RainDance|[upkeep]\n|upkeep\n|\n|t:|1776506444\n|switch|p2b: Archaludon|Archaludon, L50, M|100/100\n|turn|2\n|\n|t:|1776506454\n|detailschange|p2a: Aerodactyl|Aerodactyl-Mega, L50, M\n|-mega|p2a: Aerodactyl|Aerodactyl|Aerodactylite\n|move|p1a: Pelipper|Weather Ball|p2a: Aerodactyl\n|-supereffective|p2a: Aerodactyl|1\n|-damage|p2a: Aerodactyl|0 fnt\n|faint|p2a: Aerodactyl\n|move|p1b: Victreebel|Sludge Bomb|p2b: Archaludon\n|-immune|p2b: Archaludon\n|move|p2b: Archaludon|Electro Shot||[still]\n|-prepare|p2b: Archaludon|Electro Shot\n|-boost|p2b: Archaludon|spa|1\n|-anim|p2b: Archaludon|Electro Shot|p1a: Pelipper\n|-supereffective|p1a: Pelipper|2\n|-enditem|p1a: Pelipper|Focus Sash\n|-damage|p1a: Pelipper|1/100\n|\n|-weather|RainDance|[upkeep]\n|upkeep\n|\n|t:|1776506472\n|switch|p2a: Sinistcha|Sinistcha, L50|100/100\n|turn|3\n|\n|t:|1776506484\n|move|p1a: Pelipper|Hurricane|p2a: Sinistcha\n|-supereffective|p2a: Sinistcha|1\n|-enditem|p2a: Sinistcha|Coba Berry|[eat]\n|-enditem|p2a: Sinistcha|Coba Berry|[weaken]\n|-damage|p2a: Sinistcha|56/100\n|move|p1b: Victreebel|Sludge Bomb|p2a: Sinistcha\n|-damage|p2a: Sinistcha|7/100\n|-status|p2a: Sinistcha|psn\n|move|p2b: Archaludon|Electro Shot||[still]\n|-prepare|p2b: Archaludon|Electro Shot\n|-boost|p2b: Archaludon|spa|1\n|-anim|p2b: Archaludon|Electro Shot|p1b: Victreebel\n|-resisted|p1b: Victreebel|1\n|-damage|p1b: Victreebel|22/100\n|move|p2a: Sinistcha|Trick Room|p2a: Sinistcha\n|-fieldstart|move: Trick Room|[of] p2a: Sinistcha\n|\n|-weather|RainDance|[upkeep]\n|-damage|p2a: Sinistcha|0 fnt|[from] psn\n|faint|p2a: Sinistcha\n|upkeep\n|turn|4\n|\n|t:|1776506507\n|move|p1b: Victreebel|Protect|p1b: Victreebel\n|-singleturn|p1b: Victreebel|Protect\n|move|p1a: Pelipper|Protect|p1a: Pelipper\n|-singleturn|p1a: Pelipper|Protect\n|move|p2b: Archaludon|Electro Shot||[still]\n|-prepare|p2b: Archaludon|Electro Shot\n|-boost|p2b: Archaludon|spa|1\n|-anim|p2b: Archaludon|Electro Shot|p1a: Pelipper\n|-activate|p1a: Pelipper|move: Protect\n|\n|-weather|RainDance|[upkeep]\n|-sideend|p1: Wzi|move: Tailwind\n|upkeep\n|turn|5\n|\n|t:|1776506520\n|move|p1b: Victreebel|Weather Ball|p2b: Archaludon\n|-resisted|p2b: Archaludon|1\n|-damage|p2b: Archaludon|71/100\n|-ability|p2b: Archaludon|Stamina|boost\n|-boost|p2b: Archaludon|def|1\n|move|p2b: Archaludon|Dragon Pulse|p1a: Pelipper\n|-damage|p1a: Pelipper|0 fnt\n|faint|p1a: Pelipper\n|\n|-weather|none\n|-heal|p2b: Archaludon|77/100|[from] item: Leftovers\n|upkeep\n|\n|t:|1776506531\n|switch|p1a: Primarina|Primarina, L50, F|100/100\n|turn|6\n|-activate|p1a: Primarina|item: Quick Claw\n|\n|t:|1776506545\n|switch|p1b: Archaludon|Archaludon, L50, F|100/100\n|move|p1a: Primarina|Moonblast|p2b: Archaludon\n|-damage|p2b: Archaludon|21/100\n|-ability|p2b: Archaludon|Stamina|boost\n|-boost|p2b: Archaludon|def|1\n|move|p2b: Archaludon|Flash Cannon|p1a: Primarina\n|-damage|p1a: Primarina|20/100\n|\n|-heal|p2b: Archaludon|27/100|[from] item: Leftovers\n|upkeep\n|turn|7\n|-activate|p1a: Primarina|item: Quick Claw\n|\n|t:|1776506559\n|move|p2b: Archaludon|Protect|p2b: Archaludon\n|-singleturn|p2b: Archaludon|Protect\n|move|p1a: Primarina|Moonblast|p2b: Archaludon\n|-activate|p2b: Archaludon|move: Protect\n|move|p1b: Archaludon|Dragon Pulse|p2b: Archaludon\n|-activate|p2b: Archaludon|move: Protect\n|\n|-heal|p2b: Archaludon|33/100|[from] item: Leftovers\n|-fieldend|move: Trick Room\n|upkeep\n|turn|8\n|inactive|test66669999 has 30 seconds left.\n|inactive|test66669999 has 20 seconds left.\n|\n|t:|1776506594\n|move|p2b: Archaludon|Flash Cannon|p1a: Primarina\n|-damage|p1a: Primarina|0 fnt\n|faint|p1a: Primarina\n|move|p1b: Archaludon|Dragon Pulse|p2b: Archaludon\n|-damage|p2b: Archaludon|0 fnt\n|faint|p2b: Archaludon\n|\n|win|Wzi\n|raw|Wzi's rating: 1532 &rarr; <strong>1549</strong><br />(+17 for winning)\n|raw|test66669999's rating: 1477 &rarr; <strong>1460</strong><br />(-17 for losing)\n|l|\u2606test66669999\n|player|p2|\n|l|\u2606Wzi\n|player|p1|\n",
  "uploadtime": 1776506787,
  "views": 26,
  "formatid": "gen9championsvgc2026regma",
  "rating": 1460,
  "private": 0,
  "password": null
}