{
  "id": "gen9championsvgc2026regma-2584788074",
  "format": "[Gen 9 Champions] VGC 2026 Reg M-A",
  "players": [
    "Staryu Shuriken",
    "seemeier"
  ],
  "log": "|j|\u2606Staryu Shuriken\n|j|\u2606seemeier\n|t:|1776283692\n|gametype|doubles\n|player|p1|Staryu Shuriken|worker|1277\n|player|p2|seemeier|265|1377\n|gen|9\n|tier|[Gen 9 Champions] VGC 2026 Reg M-A\n|rated|\n|rule|Species Clause: Limit one of each Pok\u00e9mon\n|rule|Item Clause: Limit 1 of each item\n|clearpoke\n|poke|p1|Kingambit, L50, F|\n|poke|p1|Garchomp, L50, F|\n|poke|p1|Rotom-Wash, L50|\n|poke|p1|Weavile, L50, M|\n|poke|p1|Chandelure, L50, F|\n|poke|p1|Clefable, L50, M|\n|poke|p2|Starmie, L50|\n|poke|p2|Meganium, L50, M|\n|poke|p2|Volcarona, L50, F|\n|poke|p2|Ninetales-Alola, L50, F|\n|poke|p2|Kingambit, L50, M|\n|poke|p2|Glimmora, L50, M|\n|teampreview|4\n|inactive|Battle timer is ON: inactive players will automatically lose when time's up. (requested by seemeier)\n|inactive|Staryu Shuriken has 60 seconds left.\n|inactive|seemeier has 60 seconds left.\n|inactive|seemeier has 30 seconds left.\n|\n|t:|1776283756\n|teamsize|p1|4\n|teamsize|p2|4\n|start\n|switch|p1a: Chandelure|Chandelure, L50, F, shiny|100/100\n|switch|p1b: Weavile|Weavile, L50, M|100/100\n|switch|p2a: Volcarona|Volcarona, L50, F|100/100\n|switch|p2b: Kingambit|Kingambit, L50, M|100/100\n|turn|1\n|\n|t:|1776283772\n|move|p1b: Weavile|Fake Out|p2b: Kingambit\n|-resisted|p2b: Kingambit|1\n|-damage|p2b: Kingambit|96/100\n|cant|p2b: Kingambit|flinch\n|move|p1a: Chandelure|Calm Mind|p1a: Chandelure\n|-boost|p1a: Chandelure|spa|1\n|-boost|p1a: Chandelure|spd|1\n|move|p2a: Volcarona|Heat Wave|p1a: Chandelure|[spread] p1b\n|-start|p1a: Chandelure|ability: Flash Fire\n|-supereffective|p1b: Weavile|1\n|-damage|p1b: Weavile|13/100\n|\n|upkeep\n|turn|2\n|\n|t:|1776283790\n|switch|p1b: Clefable|Clefable, L50, M|100/100\n|move|p1a: Chandelure|Protect|p1a: Chandelure\n|-singleturn|p1a: Chandelure|Protect\n|move|p2b: Kingambit|Sucker Punch||[still]\n|-fail|p2b: Kingambit\n|move|p2a: Volcarona|Struggle Bug|p1b: Clefable|[spread] p1b\n|-activate|p1a: Chandelure|move: Protect\n|-resisted|p1b: Clefable|1\n|-damage|p1b: Clefable|93/100\n|-unboost|p1b: Clefable|spa|1\n|\n|upkeep\n|turn|3\n|\n|t:|1776283809\n|move|p1b: Clefable|Follow Me|p1b: Clefable\n|-singleturn|p1b: Clefable|move: Follow Me\n|move|p1a: Chandelure|Heat Wave|p2a: Volcarona|[spread] p2a,p2b\n|-supereffective|p2b: Kingambit|1\n|-damage|p2a: Volcarona|30/100\n|-damage|p2b: Kingambit|0 fnt\n|-enditem|p2a: Volcarona|Sitrus Berry|[eat]\n|-heal|p2a: Volcarona|55/100|[from] item: Sitrus Berry\n|faint|p2b: Kingambit\n|move|p2a: Volcarona|Struggle Bug|p1a: Chandelure|[spread] p1a,p1b\n|-resisted|p1a: Chandelure|2\n|-resisted|p1b: Clefable|1\n|-damage|p1a: Chandelure|97/100\n|-damage|p1b: Clefable|85/100\n|-unboost|p1a: Chandelure|spa|1\n|-unboost|p1b: Clefable|spa|1\n|\n|upkeep\n|\n|t:|1776283823\n|switch|p2b: Starmie|Starmie, L50|100/100\n|turn|4\n|\n|t:|1776283844\n|detailschange|p2b: Starmie|Starmie-Mega, L50\n|-mega|p2b: Starmie|Starmie|Starminite\n|move|p1b: Clefable|Follow Me|p1b: Clefable\n|-singleturn|p1b: Clefable|move: Follow Me\n|move|p2b: Starmie|Liquidation|p1b: Clefable\n|-damage|p1b: Clefable|11/100\n|-unboost|p1b: Clefable|def|1\n|move|p1a: Chandelure|Calm Mind|p1a: Chandelure\n|-boost|p1a: Chandelure|spa|1\n|-boost|p1a: Chandelure|spd|1\n|move|p2a: Volcarona|Struggle Bug|p1b: Clefable|[spread] p1a,p1b\n|-resisted|p1a: Chandelure|2\n|-resisted|p1b: Clefable|1\n|-damage|p1a: Chandelure|95/100\n|-damage|p1b: Clefable|3/100\n|-unboost|p1a: Chandelure|spa|1\n|-unboost|p1b: Clefable|spa|1\n|\n|upkeep\n|turn|5\n|inactive|Staryu Shuriken has 30 seconds left.\n|\n|t:|1776283870\n|move|p1b: Clefable|Follow Me|p1b: Clefable\n|-singleturn|p1b: Clefable|move: Follow Me\n|move|p2b: Starmie|Liquidation|p1b: Clefable\n|-damage|p1b: Clefable|0 fnt\n|faint|p1b: Clefable\n|move|p1a: Chandelure|Shadow Ball|p2a: Volcarona\n|-damage|p2a: Volcarona|18/100\n|-unboost|p2a: Volcarona|spd|1\n|move|p2a: Volcarona|Struggle Bug|p1a: Chandelure\n|-resisted|p1a: Chandelure|2\n|-damage|p1a: Chandelure|92/100\n|-unboost|p1a: Chandelure|spa|1\n|\n|upkeep\n|\n|t:|1776283882\n|switch|p1b: Rotom|Rotom-Wash, L50|100/100\n|turn|6\n|\n|t:|1776283889\n|detailschange|p1a: Chandelure|Chandelure-Mega, L50, F, shiny\n|-mega|p1a: Chandelure|Chandelure|Chandelurite\n|-end|p1a: Chandelure|ability: Flash Fire|[silent]\n|move|p1b: Rotom|Electroweb|p2b: Starmie|[spread] p2a,p2b\n|-supereffective|p2b: Starmie|1\n|-damage|p2a: Volcarona|0 fnt\n|-damage|p2b: Starmie|55/100\n|-unboost|p2b: Starmie|spe|1\n|faint|p2a: Volcarona\n|move|p1a: Chandelure|Shadow Ball|p2b: Starmie\n|-supereffective|p2b: Starmie|1\n|-damage|p2b: Starmie|0 fnt\n|faint|p2b: Starmie\n|\n|upkeep\n|\n|t:|1776283898\n|switch|p2b: Ninetales|Ninetales-Alola, L50, F|100/100\n|-weather|Snowscape|[from] ability: Snow Warning|[of] p2b: Ninetales\n|turn|7\n|\n|t:|1776283911\n|move|p1b: Rotom|Electroweb|p2b: Ninetales\n|-damage|p2b: Ninetales|72/100\n|-unboost|p2b: Ninetales|spe|1\n|move|p1a: Chandelure|Heat Wave|p2b: Ninetales\n|-supereffective|p2b: Ninetales|1\n|-damage|p2b: Ninetales|0 fnt\n|faint|p2b: Ninetales\n|\n|win|Staryu Shuriken\n|raw|Staryu Shuriken's rating: 1277 &rarr; <strong>1309</strong><br />(+32 for winning)\n|raw|seemeier's rating: 1377 &rarr; <strong>1351</strong><br />(-26 for losing)\n|l|\u2606seemeier\n|player|p2|\n",
  "uploadtime": 1776283919,
  "views": 39,
  "formatid": "gen9championsvgc2026regma",
  "rating": 1309,
  "private": 0,
  "password": null
}