{
  "id": "gen9championsvgc2026regma-2582727988",
  "format": "[Gen 9 Champions] VGC 2026 Reg M-A",
  "players": [
    "namboyVGC",
    "bgame123"
  ],
  "log": "|j|\u2606namboyVGC\n|j|\u2606bgame123\n|t:|1776109996\n|gametype|doubles\n|player|p1|namboyVGC|pokemonranger-gen4|1080\n|player|p2|bgame123|266|1120\n|gen|9\n|tier|[Gen 9 Champions] VGC 2026 Reg M-A\n|rated|\n|rule|Species Clause: Limit one of each Pok\u00e9mon\n|rule|Item Clause: Limit 1 of each item\n|clearpoke\n|poke|p1|Blastoise, L50, M|\n|poke|p1|Meowstic, L50, M|\n|poke|p1|Alakazam, L50, F|\n|poke|p1|Clefable, L50, M|\n|poke|p1|Talonflame, L50, F|\n|poke|p1|Sneasler, L50, M|\n|poke|p2|Drampa, L50, F|\n|poke|p2|Incineroar, L50, M|\n|poke|p2|Gourgeist-*, L50, F|\n|poke|p2|Dragapult, L50, M|\n|poke|p2|Starmie, L50|\n|poke|p2|Azumarill, L50, M|\n|teampreview|4\nnamboyVGC has agreed to open team sheets.\nbgame123 rejected open team sheets.\n|\n|t:|1776110016\n|teamsize|p1|4\n|teamsize|p2|4\n|start\n|switch|p1a: Alakazam|Alakazam, L50, F|100/100\n|switch|p1b: Meowstic|Meowstic, L50, M|100/100\n|switch|p2a: Starmie|Starmie, L50|100/100\n|switch|p2b: Dragapult|Dragapult, L50, M|100/100\n|turn|1\n|\n|t:|1776110042\n|detailschange|p1a: Alakazam|Alakazam-Mega, L50, F\n|-mega|p1a: Alakazam|Alakazam|Alakazite\n|-ability|p1a: Alakazam|Illuminate|Trace|[from] ability: Trace|[of] p2a: Starmie\n|detailschange|p2a: Starmie|Starmie-Mega, L50\n|-mega|p2a: Starmie|Starmie|Starminite\n|move|p2b: Dragapult|Helping Hand|p2a: Starmie\n|-singleturn|p2a: Starmie|Helping Hand|[of] p2b: Dragapult\n|move|p1b: Meowstic|Fake Out|p2a: Starmie\n|-damage|p2a: Starmie|93/100\n|move|p1a: Alakazam|Shadow Ball|p2b: Dragapult\n|-supereffective|p2b: Dragapult|1\n|-crit|p2b: Dragapult\n|-enditem|p2b: Dragapult|Focus Sash\n|-damage|p2b: Dragapult|1/100\n|cant|p2a: Starmie|flinch\n|\n|upkeep\n|turn|2\n|\n|t:|1776110081\n|switch|p1b: Clefable|Clefable, L50, M|100/100\n|move|p2b: Dragapult|Helping Hand|p2a: Starmie\n|-singleturn|p2a: Starmie|Helping Hand|[of] p2b: Dragapult\n|move|p1a: Alakazam|Protect|p1a: Alakazam\n|-singleturn|p1a: Alakazam|Protect\n|move|p2a: Starmie|Self-Destruct|p1b: Clefable|[spread] p1b\n|-activate|p1a: Alakazam|move: Protect\n|-immune|p2b: Dragapult\n|-damage|p1b: Clefable|0 fnt\n|faint|p2a: Starmie\n|faint|p1b: Clefable\n|\n|upkeep\n|\n|t:|1776110097\n|switch|p2a: Azumarill|Azumarill, L50, M|100/100\n|switch|p1b: Sneasler|Sneasler, L50, M|100/100\n|-ability|p1b: Sneasler|Pressure\n|turn|3\n|\n|t:|1776110125\n|switch|p2a: Incineroar|Incineroar, L50, M|100/100\n|-ability|p2a: Incineroar|Intimidate|boost\n|-unboost|p1a: Alakazam|atk|1\n|-unboost|p1b: Sneasler|atk|1\n|-enditem|p1b: Sneasler|White Herb\n|-clearnegativeboost|p1b: Sneasler|[silent]\n|move|p2b: Dragapult|Protect|p2b: Dragapult\n|-singleturn|p2b: Dragapult|Protect\n|move|p1a: Alakazam|Shadow Ball|p2b: Dragapult\n|-activate|p2b: Dragapult|move: Protect\n|move|p1b: Sneasler|Dire Claw|p2a: Incineroar\n|-damage|p2a: Incineroar|67/100\n|-status|p2a: Incineroar|psn\n|\n|-heal|p2a: Incineroar|73/100 psn|[from] item: Leftovers\n|-damage|p2a: Incineroar|61/100 psn|[from] psn\n|upkeep\n|turn|4\n|\n|t:|1776110164\n|move|p1a: Alakazam|Protect|p1a: Alakazam\n|-singleturn|p1a: Alakazam|Protect\n|move|p1b: Sneasler|Protect|p1b: Sneasler\n|-singleturn|p1b: Sneasler|Protect\n|move|p2a: Incineroar|Fake Out|p1a: Alakazam\n|-activate|p1a: Alakazam|move: Protect\n|move|p2b: Dragapult|Dragon Darts|p1b: Sneasler\n|-activate|p1a: Alakazam|move: Protect\n|\n|-heal|p2a: Incineroar|67/100 psn|[from] item: Leftovers\n|-damage|p2a: Incineroar|54/100 psn|[from] psn\n|upkeep\n|turn|5\n|-message|bgame123 forfeited.\n|\n|win|namboyVGC\n|raw|namboyVGC's rating: 1080 &rarr; <strong>1111</strong><br />(+31 for winning)\n|raw|bgame123's rating: 1120 &rarr; <strong>1092</strong><br />(-28 for losing)\n|l|\u2606bgame123\n|player|p2|\n",
  "uploadtime": 1776110170,
  "views": 14,
  "formatid": "gen9championsvgc2026regma",
  "rating": 1092,
  "private": 0,
  "password": null
}