{
  "id": "gen9championsvgc2026regma-2583293844",
  "format": "[Gen 9 Champions] VGC 2026 Reg M-A",
  "players": [
    "PepperKV",
    "ironman3168"
  ],
  "log": "|j|\u2606PepperKV\n|j|\u2606ironman3168\n|t:|1776164030\n|gametype|doubles\n|player|p1|PepperKV|hilbert|1103\n|player|p2|ironman3168|ash|1188\n|gen|9\n|tier|[Gen 9 Champions] VGC 2026 Reg M-A\n|rated|\n|rule|Species Clause: Limit one of each Pok\u00e9mon\n|rule|Item Clause: Limit 1 of each item\n|clearpoke\n|poke|p1|Delphox, L50, M|\n|poke|p1|Whimsicott, L50, F|\n|poke|p1|Basculegion, L50, M|\n|poke|p1|Garchomp, L50, F|\n|poke|p1|Archaludon, L50, M|\n|poke|p1|Milotic, L50, F|\n|poke|p2|Charizard, L50, F|\n|poke|p2|Venusaur, L50, F|\n|poke|p2|Milotic, L50, F|\n|poke|p2|Archaludon, L50, M|\n|poke|p2|Whimsicott, L50, F|\n|poke|p2|Sneasler, L50, M|\n|teampreview|4\n|\n|t:|1776164085\n|teamsize|p1|4\n|teamsize|p2|4\n|start\n|switch|p1a: Whimsicott|Whimsicott, L50, F|100/100\n|switch|p1b: Delphox|Delphox, L50, M|100/100\n|switch|p2a: Sneasler|Sneasler, L50, M|100/100\n|switch|p2b: Venusaur|Venusaur, L50, F|100/100\n|turn|1\n|inactive|Battle timer is ON: inactive players will automatically lose when time's up. (requested by ironman3168)\n|\n|t:|1776164107\n|detailschange|p1b: Delphox|Delphox-Mega, L50, M\n|-mega|p1b: Delphox|Delphox|Delphoxite\n|move|p2a: Sneasler|Fake Out|p1a: Whimsicott\n|-damage|p1a: Whimsicott|80/100\n|cant|p1a: Whimsicott|flinch\n|move|p1b: Delphox|Nasty Plot|p1b: Delphox\n|-boost|p1b: Delphox|spa|2\n|move|p2b: Venusaur|Sleep Powder|p1b: Delphox\n|-status|p1b: Delphox|slp|[from] move: Sleep Powder\n|\n|upkeep\n|turn|2\n|inactive|PepperKV has 30 seconds left.\n|\n|t:|1776164139\n|switch|p2b: Charizard|Charizard, L50, F, shiny|100/100\n|move|p1a: Whimsicott|Encore||[still]\n|-fail|p1a: Whimsicott\n|cant|p1b: Delphox|slp\n|move|p2a: Sneasler|Dire Claw|p1a: Whimsicott\n|-supereffective|p1a: Whimsicott|2\n|-damage|p1a: Whimsicott|0 fnt\n|faint|p1a: Whimsicott\n|\n|upkeep\n|\n|t:|1776164152\n|switch|p1a: Basculegion|Basculegion, L50, M|100/100\n|turn|3\n|\n|t:|1776164173\n|detailschange|p2b: Charizard|Charizard-Mega-X, L50, F, shiny\n|-mega|p2b: Charizard|Charizard|Charizardite X\n|move|p1a: Basculegion|Aqua Jet|p2b: Charizard\n|-damage|p2b: Charizard|76/100\n|cant|p1b: Delphox|slp\n|move|p2a: Sneasler|Coaching|p2b: Charizard\n|-boost|p2b: Charizard|atk|1\n|-boost|p2b: Charizard|def|1\n|move|p2b: Charizard|Dragon Dance|p2b: Charizard\n|-boost|p2b: Charizard|atk|1\n|-boost|p2b: Charizard|spe|1\n|\n|upkeep\n|turn|4\n|inactive|ironman3168 has 30 seconds left.\n|inactive|ironman3168 has 20 seconds left.\n|inactive|ironman3168 has 15 seconds left.\n|\n|t:|1776164218\n|switch|p1a: Garchomp|Garchomp, L50, F|100/100\n|switch|p2a: Venusaur|Venusaur, L50, F|100/100\n|move|p2b: Charizard|Dragon Claw|p1a: Garchomp\n|-supereffective|p1a: Garchomp|1\n|-damage|p1a: Garchomp|0 fnt\n|-damage|p2b: Charizard|63/100|[from] ability: Rough Skin|[of] p1a: Garchomp\n|faint|p1a: Garchomp\n|-curestatus|p1b: Delphox|slp|[msg]\n|move|p1b: Delphox|Psychic|p2a: Venusaur\n|-supereffective|p2a: Venusaur|1\n|-damage|p2a: Venusaur|0 fnt\n|faint|p2a: Venusaur\n|\n|upkeep\n|\n|t:|1776164240\n|switch|p2a: Sneasler|Sneasler, L50, M|100/100\n|switch|p1a: Basculegion|Basculegion, L50, M|100/100\n|turn|5\n|\n|t:|1776164259\n|move|p1b: Delphox|Protect|p1b: Delphox\n|-singleturn|p1b: Delphox|Protect\n|move|p2a: Sneasler|Fake Out|p1b: Delphox\n|-activate|p1b: Delphox|move: Protect\n|move|p1a: Basculegion|Last Respects|p2b: Charizard\n|-damage|p2b: Charizard|5/100\n|move|p2b: Charizard|Dragon Claw|p1a: Basculegion\n|-damage|p1a: Basculegion|0 fnt\n|faint|p1a: Basculegion\n|\n|upkeep\n|turn|6\n|\n|t:|1776164277\n|move|p2b: Charizard|Dragon Claw|p1b: Delphox\n|-damage|p1b: Delphox|0 fnt\n|faint|p1b: Delphox\n|\n|win|ironman3168\n|raw|PepperKV's rating: 1103 &rarr; <strong>1084</strong><br />(-19 for losing)\n|raw|ironman3168's rating: 1188 &rarr; <strong>1207</strong><br />(+19 for winning)\n",
  "uploadtime": 1776164281,
  "views": 22,
  "formatid": "gen9championsvgc2026regma",
  "rating": 1084,
  "private": 0,
  "password": null
}