{
  "id": "gen9championsvgc2026regma-2588150125",
  "format": "[Gen 9 Champions] VGC 2026 Reg M-A",
  "players": [
    "iamflog",
    "Juya"
  ],
  "log": "|j|\u2606iamflog\n|j|\u2606Juya\n|t:|1776609329\n|gametype|doubles\n|player|p1|iamflog|170|1462\n|player|p2|Juya|170|1365\n|gen|9\n|tier|[Gen 9 Champions] VGC 2026 Reg M-A\n|rated|\n|rule|Species Clause: Limit one of each Pok\u00e9mon\n|rule|Item Clause: Limit 1 of each item\n|clearpoke\n|poke|p1|Sneasler, L50, M|\n|poke|p1|Aerodactyl, L50, M|\n|poke|p1|Garchomp, L50, F|\n|poke|p1|Blastoise, L50, F|\n|poke|p1|Sinistcha-Masterpiece, L50|\n|poke|p1|Kingambit, L50, F|\n|poke|p2|Tyranitar, L50, F|\n|poke|p2|Excadrill, L50, F|\n|poke|p2|Incineroar, L50, F|\n|poke|p2|Corviknight, L50, M|\n|poke|p2|Sinistcha, L50|\n|poke|p2|Milotic, L50, F|\n|teampreview|4\n|inactive|Battle timer is ON: inactive players will automatically lose when time's up. (requested by Juya)\n|\n|t:|1776609359\n|teamsize|p1|4\n|teamsize|p2|4\n|start\n|switch|p1a: Aerodactyl|Aerodactyl, L50, M|100/100\n|switch|p1b: Sneasler|Sneasler, L50, M|100/100\n|switch|p2a: Corviknight|Corviknight, L50, M|100/100\n|switch|p2b: Tyranitar|Tyranitar, L50, F|100/100\n|-ability|p1a: Aerodactyl|Unnerve\n|-weather|Sandstorm|[from] ability: Sand Stream|[of] p2b: Tyranitar\n|turn|1\n|inactive|iamflog has 30 seconds left.\n|\n|t:|1776609388\n|detailschange|p2b: Tyranitar|Tyranitar-Mega, L50, F\n|-mega|p2b: Tyranitar|Tyranitar|Tyranitarite\n|move|p1b: Sneasler|Fake Out|p2a: Corviknight\n|-resisted|p2a: Corviknight|1\n|-damage|p2a: Corviknight|95/100\n|move|p1a: Aerodactyl|Rock Slide|p2a: Corviknight|[spread] p2a,p2b\n|-damage|p2a: Corviknight|77/100\n|-damage|p2b: Tyranitar|83/100\n|cant|p2b: Tyranitar|flinch\n|cant|p2a: Corviknight|flinch\n|\n|-weather|Sandstorm|[upkeep]\n|-damage|p1b: Sneasler|95/100|[from] Sandstorm\n|upkeep\n|turn|2\n|inactive|iamflog has 30 seconds left.\n|\n|t:|1776609419\n|switch|p2b: Sinistcha|Sinistcha, L50|100/100\n|-heal|p2a: Corviknight|100/100|[from] ability: Hospitality|[of] p2b: Sinistcha\n|move|p1a: Aerodactyl|Rock Slide|p2b: Sinistcha|[spread] p2a,p2b\n|-damage|p2a: Corviknight|81/100\n|-damage|p2b: Sinistcha|81/100\n|move|p1b: Sneasler|Close Combat|p2b: Sinistcha\n|-immune|p2b: Sinistcha\n|move|p2a: Corviknight|Brave Bird|p1b: Sneasler\n|-supereffective|p1b: Sneasler|1\n|-damage|p1b: Sneasler|0 fnt\n|faint|p1b: Sneasler\n|-damage|p2a: Corviknight|55/100|[from] Recoil\n|\n|-weather|Sandstorm|[upkeep]\n|-damage|p2b: Sinistcha|75/100|[from] Sandstorm\n|upkeep\n|\n|t:|1776609442\n|switch|p1b: Blastoise|Blastoise, L50, F|100/100\n|turn|3\n|\n|t:|1776609452\n|switch|p2a: Milotic|Milotic, L50, F|100/100\n|detailschange|p1b: Blastoise|Blastoise-Mega, L50, F\n|-mega|p1b: Blastoise|Blastoise|Blastoisinite\n|move|p1a: Aerodactyl|Dual Wingbeat|p2b: Sinistcha|[miss]\n|-miss|p1a: Aerodactyl|p2b: Sinistcha\n|move|p2b: Sinistcha|Matcha Gotcha|p1b: Blastoise|[spread] p1a,p1b\n|-supereffective|p1b: Blastoise|1\n|-damage|p1a: Aerodactyl|79/100\n|-heal|p2b: Sinistcha|85/100|[from] drain|[of] p1a: Aerodactyl\n|-damage|p1b: Blastoise|61/100\n|-heal|p2b: Sinistcha|100/100|[from] drain|[of] p1b: Blastoise\n|move|p1b: Blastoise|Dark Pulse|p2b: Sinistcha\n|-supereffective|p2b: Sinistcha|1\n|-damage|p2b: Sinistcha|5/100\n|\n|-weather|Sandstorm|[upkeep]\n|-damage|p2a: Milotic|95/100|[from] Sandstorm\n|-damage|p2b: Sinistcha|0 fnt|[from] Sandstorm\n|-damage|p1b: Blastoise|55/100|[from] Sandstorm\n|faint|p2b: Sinistcha\n|upkeep\n|\n|t:|1776609473\n|switch|p2b: Tyranitar|Tyranitar-Mega, L50, F|83/100\n|turn|4\n|inactive|iamflog has 30 seconds left.\n|inactive|iamflog has 20 seconds left.\n|\n|t:|1776609509\n|move|p2b: Tyranitar|Protect|p2b: Tyranitar\n|-singleturn|p2b: Tyranitar|Protect\n|move|p1a: Aerodactyl|Tailwind|p1a: Aerodactyl\n|-sidestart|p1: iamflog|move: Tailwind\n|move|p1b: Blastoise|Dragon Pulse|p2a: Milotic\n|-damage|p2a: Milotic|58/100\n|move|p2a: Milotic|Scald|p1a: Aerodactyl\n|-supereffective|p1a: Aerodactyl|1\n|-damage|p1a: Aerodactyl|21/100\n|-status|p1a: Aerodactyl|brn\n|\n|-weather|Sandstorm|[upkeep]\n|-damage|p1b: Blastoise|49/100|[from] Sandstorm\n|-damage|p2a: Milotic|52/100|[from] Sandstorm\n|-damage|p1a: Aerodactyl|15/100 brn|[from] brn\n|upkeep\n|turn|5\n|inactive|iamflog has 30 seconds left.\n|inactive|iamflog has 20 seconds left.\n|\n|t:|1776609546\n|move|p1a: Aerodactyl|Protect|p1a: Aerodactyl\n|-singleturn|p1a: Aerodactyl|Protect\n|move|p1b: Blastoise|Water Spout|p2a: Milotic|[spread] p2a,p2b\n|-resisted|p2a: Milotic|1\n|-supereffective|p2b: Tyranitar|1\n|-damage|p2a: Milotic|41/100\n|-damage|p2b: Tyranitar|48/100\n|move|p2a: Milotic|Recover|p2a: Milotic\n|-heal|p2a: Milotic|91/100\n|move|p2b: Tyranitar|Knock Off|p1b: Blastoise\n|-damage|p1b: Blastoise|12/100\n|\n|-weather|none\n|-damage|p1a: Aerodactyl|9/100 brn|[from] brn\n|upkeep\n|turn|6\n|\n|t:|1776609570\n|move|p2b: Tyranitar|Protect|p2b: Tyranitar\n|-singleturn|p2b: Tyranitar|Protect\n|move|p1a: Aerodactyl|Rock Slide|p2b: Tyranitar|[spread] p2a\n|-activate|p2b: Tyranitar|move: Protect\n|-damage|p2a: Milotic|79/100\n|move|p1b: Blastoise|Dragon Pulse|p2b: Tyranitar\n|-activate|p2b: Tyranitar|move: Protect\n|move|p2a: Milotic|Scald|p1b: Blastoise\n|-resisted|p1b: Blastoise|1\n|-crit|p1b: Blastoise\n|-damage|p1b: Blastoise|0 fnt\n|faint|p1b: Blastoise\n|\n|-damage|p1a: Aerodactyl|4/100 brn|[from] brn\n|upkeep\n|\n|t:|1776609584\n|switch|p1b: Garchomp|Garchomp, L50, F|100/100\n|turn|7\n|\n|t:|1776609601\n|switch|p2b: Corviknight|Corviknight, L50, M|55/100\n|move|p2a: Milotic|Protect|p2a: Milotic\n|-singleturn|p2a: Milotic|Protect\n|move|p1b: Garchomp|Dragon Claw|p2b: Corviknight\n|-resisted|p2b: Corviknight|1\n|-damage|p2b: Corviknight|39/100\n|move|p1a: Aerodactyl|Rock Slide|p2a: Milotic|[spread] p2b\n|-activate|p2a: Milotic|move: Protect\n|-damage|p2b: Corviknight|30/100\n|\n|-damage|p1a: Aerodactyl|0 fnt|[from] brn\n|faint|p1a: Aerodactyl\n|-sideend|p1: iamflog|move: Tailwind\n|upkeep\n|-enditem|p2b: Corviknight|Sitrus Berry|[eat]\n|-heal|p2b: Corviknight|54/100|[from] item: Sitrus Berry\n|turn|8\n|-message|iamflog forfeited.\n|\n|win|Juya\n|raw|iamflog's rating: 1462 &rarr; <strong>1437</strong><br />(-25 for losing)\n|raw|Juya's rating: 1365 &rarr; <strong>1390</strong><br />(+25 for winning)\n|l|\u2606iamflog\n|player|p1|\n",
  "uploadtime": 1776609622,
  "views": 10,
  "formatid": "gen9championsvgc2026regma",
  "rating": 1390,
  "private": 0,
  "password": null
}