{
  "id": "gen9championsvgc2026regma-2584377571",
  "format": "[Gen 9 Champions] VGC 2026 Reg M-A",
  "players": [
    "Sharkhy_",
    "SugarTempest"
  ],
  "log": "|j|\u2606Sharkhy_\n|j|\u2606SugarTempest\n|t:|1776256272\n|gametype|doubles\n|player|p1|Sharkhy_|2|1041\n|player|p2|SugarTempest|1|1084\n|gen|9\n|tier|[Gen 9 Champions] VGC 2026 Reg M-A\n|rated|\n|rule|Species Clause: Limit one of each Pok\u00e9mon\n|rule|Item Clause: Limit 1 of each item\n|clearpoke\n|poke|p1|Charizard, L50, M|\n|poke|p1|Maushold-Four, L50|\n|poke|p1|Sneasler, L50, F|\n|poke|p1|Dragapult, L50, M|\n|poke|p1|Kingambit, L50, F|\n|poke|p1|Garchomp, L50, F|\n|poke|p2|Mimikyu, L50, F|\n|poke|p2|Milotic, L50, F|\n|poke|p2|Maushold-Four, L50|\n|poke|p2|Hatterene, L50, F|\n|poke|p2|Chimecho, L50, F|\n|poke|p2|Chesnaught, L50, F|\n|teampreview|4\n|\n|t:|1776256295\n|teamsize|p1|4\n|teamsize|p2|4\n|start\n|switch|p1a: Maushold|Maushold-Four, L50|100/100\n|switch|p1b: Kingambit|Kingambit, L50, F|100/100\n|switch|p2a: Chimecho|Chimecho, L50, F|100/100\n|switch|p2b: Maushold|Maushold-Four, L50|100/100\n|turn|1\n|\n|t:|1776256327\n|switch|p2a: Chesnaught|Chesnaught, L50, F|100/100\n|move|p1a: Maushold|Super Fang|p2a: Chesnaught\n|-damage|p2a: Chesnaught|51/100\n|move|p2b: Maushold|Taunt|p1a: Maushold\n|-start|p1a: Maushold|move: Taunt\n|move|p1b: Kingambit|Kowtow Cleave|p2a: Chesnaught\n|-resisted|p2a: Chesnaught|1\n|-damage|p2a: Chesnaught|35/100\n|\n|upkeep\n|turn|2\n|\n|t:|1776256349\n|move|p2b: Maushold|Follow Me|p2b: Maushold\n|-singleturn|p2b: Maushold|move: Follow Me\n|move|p1a: Maushold|Super Fang|p2b: Maushold\n|-damage|p2b: Maushold|51/100\n|move|p2a: Chesnaught|Low Kick|p1b: Kingambit\n|-supereffective|p1b: Kingambit|2\n|-damage|p1b: Kingambit|22/100\n|move|p1b: Kingambit|Kowtow Cleave|p2b: Maushold\n|-damage|p2b: Maushold|0 fnt\n|faint|p2b: Maushold\n|\n|upkeep\n|\n|t:|1776256365\n|switch|p2b: Chimecho|Chimecho, L50, F|100/100\n|turn|3\n|\n|t:|1776256371\n|detailschange|p2b: Chimecho|Chimecho-Mega, L50, F\n|-mega|p2b: Chimecho|Chimecho|Chimechite\n|move|p1b: Kingambit|Protect|p1b: Kingambit\n|-singleturn|p1b: Kingambit|Protect\n|move|p1a: Maushold|Super Fang|p2b: Chimecho\n|-damage|p2b: Chimecho|50/100\n|move|p2a: Chesnaught|Low Kick|p1b: Kingambit\n|-activate|p1b: Kingambit|move: Protect\n|move|p2b: Chimecho|Trick Room|p2b: Chimecho\n|-fieldstart|move: Trick Room|[of] p2b: Chimecho\n|\n|upkeep\n|turn|4\n|\n|t:|1776256402\n|move|p1b: Kingambit|Kowtow Cleave|p2b: Chimecho\n|-supereffective|p2b: Chimecho|1\n|-damage|p2b: Chimecho|0 fnt\n|faint|p2b: Chimecho\n|move|p2a: Chesnaught|Low Kick|p1b: Kingambit\n|-supereffective|p1b: Kingambit|2\n|-damage|p1b: Kingambit|0 fnt\n|faint|p1b: Kingambit\n|move|p1a: Maushold|Super Fang|p2a: Chesnaught\n|-damage|p2a: Chesnaught|18/100\n|\n|-end|p1a: Maushold|move: Taunt\n|upkeep\n|\n|t:|1776256413\n|switch|p1b: Sneasler|Sneasler, L50, F|100/100\n|switch|p2b: Hatterene|Hatterene, L50, F|100/100\n|turn|5\n|\n|t:|1776256431\n|move|p2a: Chesnaught|Quick Guard|p2a: Chesnaught\n|-singleturn|p2a: Chesnaught|Quick Guard\n|move|p1b: Sneasler|Feint|p2b: Hatterene\n|-activate|p2b: Hatterene|move: Feint\n|-damage|p2b: Hatterene|88/100\n|move|p2b: Hatterene|Psychic|p1b: Sneasler\n|-supereffective|p1b: Sneasler|2\n|-enditem|p1b: Sneasler|Focus Sash\n|-damage|p1b: Sneasler|1/100\n|move|p1a: Maushold|Super Fang|p2b: Hatterene\n|-damage|p2b: Hatterene|44/100\n|-enditem|p2b: Hatterene|Sitrus Berry|[eat]\n|-heal|p2b: Hatterene|69/100|[from] item: Sitrus Berry\n|\n|upkeep\n|turn|6\n|\n|t:|1776256451\n|move|p1b: Sneasler|Feint|p2a: Chesnaught\n|-damage|p2a: Chesnaught|10/100\n|move|p2b: Hatterene|Psychic|p1a: Maushold\n|-damage|p1a: Maushold|33/100\n|move|p2a: Chesnaught|Low Kick|p1b: Sneasler\n|-resisted|p1b: Sneasler|1\n|-damage|p1b: Sneasler|0 fnt\n|faint|p1b: Sneasler\n|move|p1a: Maushold|Super Fang|p2b: Hatterene\n|-damage|p2b: Hatterene|35/100\n|\n|upkeep\n|\n|t:|1776256461\n|switch|p1b: Charizard|Charizard, L50, M|100/100\n|turn|7\n|\n|t:|1776256472\n|move|p1b: Charizard|Protect|p1b: Charizard\n|-singleturn|p1b: Charizard|Protect\n|move|p1a: Maushold|Protect|p1a: Maushold\n|-singleturn|p1a: Maushold|Protect\n|move|p2a: Chesnaught|Wide Guard|p2a: Chesnaught\n|-singleturn|p2a: Chesnaught|Wide Guard\n|move|p2b: Hatterene|Dazzling Gleam|p1b: Charizard|[spread] \n|-activate|p1a: Maushold|move: Protect\n|-activate|p1b: Charizard|move: Protect\n|\n|-fieldend|move: Trick Room\n|upkeep\n|turn|8\n|\n|t:|1776256493\n|detailschange|p1b: Charizard|Charizard-Mega-Y, L50, M\n|-mega|p1b: Charizard|Charizard|Charizardite Y\n|-weather|SunnyDay|[from] ability: Drought|[of] p1b: Charizard\n|move|p1a: Maushold|Follow Me|p1a: Maushold\n|-singleturn|p1a: Maushold|move: Follow Me\n|move|p1b: Charizard|Solar Beam||[still]\n|-prepare|p1b: Charizard|Solar Beam\n|-anim|p1b: Charizard|Solar Beam|p2b: Hatterene\n|-damage|p2b: Hatterene|0 fnt\n|faint|p2b: Hatterene\n|move|p2a: Chesnaught|Low Kick|p1a: Maushold\n|-supereffective|p1a: Maushold|1\n|-enditem|p1a: Maushold|Chople Berry|[eat]\n|-enditem|p1a: Maushold|Chople Berry|[weaken]\n|-damage|p1a: Maushold|25/100\n|\n|-weather|SunnyDay|[upkeep]\n|upkeep\n|turn|9\n|-message|SugarTempest forfeited.\n|\n|win|Sharkhy_\n|raw|Sharkhy_'s rating: 1041 &rarr; <strong>1079</strong><br />(+38 for winning)\n|raw|SugarTempest's rating: 1084 &rarr; <strong>1059</strong><br />(-25 for losing)\n|l|\u2606SugarTempest\n|player|p2|\n",
  "uploadtime": 1776256509,
  "views": 38,
  "formatid": "gen9championsvgc2026regma",
  "rating": 1059,
  "private": 0,
  "password": null
}