{
  "id": "gen9championsvgc2026regma-2581532722",
  "format": "[Gen 9 Champions] VGC 2026 Reg M-A",
  "players": [
    "Erre_CAst",
    "Slyscor"
  ],
  "log": "|j|\u2606Erre_CAst\n|j|\u2606Slyscor\n|t:|1776008781\n|gametype|doubles\n|player|p1|Erre_CAst|proton|1000\n|player|p2|Slyscor|1|1014\n|gen|9\n|tier|[Gen 9 Champions] VGC 2026 Reg M-A\n|rated|\n|rule|Species Clause: Limit one of each Pok\u00e9mon\n|rule|Item Clause: Limit 1 of each item\n|clearpoke\n|poke|p1|Froslass, L50, F|\n|poke|p1|Ninetales-Alola, L50, F|\n|poke|p1|Basculegion, L50, M|\n|poke|p1|Incineroar, L50, F|\n|poke|p1|Beartic, L50, M|\n|poke|p1|Infernape, L50, M|\n|poke|p2|Meganium, L50, F|\n|poke|p2|Archaludon, L50, M|\n|poke|p2|Basculegion, L50, M|\n|poke|p2|Maushold-Four, L50|\n|poke|p2|Talonflame, L50, F|\n|poke|p2|Politoed, L50, F|\n|teampreview|4\nErre_CAst rejected open team sheets.\n|\n|t:|1776008828\n|teamsize|p1|4\n|teamsize|p2|4\n|start\n|switch|p1a: Froslass|Froslass, L50, F|100/100\n|switch|p1b: Ninetales|Ninetales-Alola, L50, F|100/100\n|switch|p2a: Talonflame|Talonflame, L50, F|100/100\n|switch|p2b: Archaludon|Archaludon, L50, M, shiny|100/100\n|turn|1\n|\n|t:|1776008857\n|switch|p1b: Incineroar|Incineroar, L50, F|100/100\n|-ability|p1b: Incineroar|Intimidate|boost\n|-unboost|p2a: Talonflame|atk|1\n|-unboost|p2b: Archaludon|atk|1\n|-enditem|p2b: Archaludon|White Herb\n|-clearnegativeboost|p2b: Archaludon|[silent]\n|detailschange|p1a: Froslass|Froslass-Mega, L50, F\n|-mega|p1a: Froslass|Froslass|Froslassite\n|-weather|Snowscape|[from] ability: Snow Warning|[of] p1a: Froslass\n|move|p1a: Froslass|Protect|p1a: Froslass\n|-singleturn|p1a: Froslass|Protect\n|move|p2a: Talonflame|Rain Dance|p2a: Talonflame\n|-weather|RainDance\n|move|p2b: Archaludon|Flash Cannon|p1a: Froslass\n|-activate|p1a: Froslass|move: Protect\n|\n|-weather|RainDance|[upkeep]\n|upkeep\n|turn|2\n|\n|t:|1776008900\n|move|p2a: Talonflame|Quick Guard|p2a: Talonflame\n|-singleturn|p2a: Talonflame|Quick Guard\n|move|p1b: Incineroar|Fake Out|p2b: Archaludon\n|-activate|p2b: Archaludon|move: Quick Guard\n|move|p1a: Froslass|Shadow Ball|p2b: Archaludon\n|-damage|p2b: Archaludon|32/100\n|move|p2b: Archaludon|Flash Cannon|p1a: Froslass\n|-supereffective|p1a: Froslass|1\n|-damage|p1a: Froslass|0 fnt\n|faint|p1a: Froslass\n|\n|-weather|RainDance|[upkeep]\n|upkeep\n|\n|t:|1776008911\n|switch|p1a: Beartic|Beartic, L50, M|100/100\n|turn|3\n|\n|t:|1776008945\n|move|p1a: Beartic|Protect|p1a: Beartic\n|-singleturn|p1a: Beartic|Protect\n|move|p2a: Talonflame|Tailwind|p2a: Talonflame\n|-sidestart|p2: Slyscor|move: Tailwind\n|move|p2b: Archaludon|Flash Cannon|p1a: Beartic\n|-activate|p1a: Beartic|move: Protect\n|move|p1b: Incineroar|Parting Shot|p2b: Archaludon\n|-unboost|p2b: Archaludon|atk|1\n|-unboost|p2b: Archaludon|spa|1\n|\n|t:|1776008957\n|switch|p1b: Ninetales|Ninetales-Alola, L50, F|100/100|[from] Parting Shot\n|\n|-weather|RainDance|[upkeep]\n|upkeep\n|turn|4\n|\n|t:|1776008985\n|move|p1b: Ninetales|Protect|p1b: Ninetales\n|-singleturn|p1b: Ninetales|Protect\n|move|p2a: Talonflame|Hurricane|p1a: Beartic\n|-crit|p1a: Beartic\n|-damage|p1a: Beartic|28/100\n|move|p2b: Archaludon|Flash Cannon|p1b: Ninetales\n|-activate|p1b: Ninetales|move: Protect\n|move|p1a: Beartic|Close Combat|p2b: Archaludon\n|-supereffective|p2b: Archaludon|1\n|-damage|p2b: Archaludon|0 fnt\n|-unboost|p1a: Beartic|def|1\n|-unboost|p1a: Beartic|spd|1\n|faint|p2b: Archaludon\n|\n|-weather|RainDance|[upkeep]\n|upkeep\n|\n|t:|1776008999\n|switch|p2b: Meganium|Meganium, L50, F|100/100\n|turn|5\n|\n|t:|1776009016\n|detailschange|p2b: Meganium|Meganium-Mega, L50, F\n|-mega|p2b: Meganium|Meganium|Meganiumite\n|move|p1a: Beartic|Protect|p1a: Beartic\n|-singleturn|p1a: Beartic|Protect\n|move|p2a: Talonflame|Hurricane|p1b: Ninetales\n|-damage|p1b: Ninetales|60/100\n|-start|p1b: Ninetales|confusion\n|move|p2b: Meganium|Weather Ball|p1b: Ninetales\n|-supereffective|p1b: Ninetales|1\n|-damage|p1b: Ninetales|0 fnt\n|faint|p1b: Ninetales\n|\n|-weather|none\n|upkeep\n|\n|t:|1776009031\n|switch|p1b: Incineroar|Incineroar, L50, F|100/100\n|-ability|p1b: Incineroar|Intimidate|boost\n|-unboost|p2a: Talonflame|atk|1\n|-unboost|p2b: Meganium|atk|1\n|turn|6\n|\n|t:|1776009051\n|move|p2a: Talonflame|Quick Guard|p2a: Talonflame\n|-singleturn|p2a: Talonflame|Quick Guard\n|move|p1b: Incineroar|Fake Out|p2a: Talonflame\n|-activate|p2a: Talonflame|move: Quick Guard\n|move|p2b: Meganium|Dazzling Gleam|p1b: Incineroar|[spread] p1a,p1b\n|-damage|p1a: Beartic|0 fnt\n|-damage|p1b: Incineroar|75/100\n|faint|p1a: Beartic\n|\n|-sideend|p2: Slyscor|move: Tailwind\n|upkeep\n|turn|7\n|\n|t:|1776009064\n|move|p2a: Talonflame|Tailwind|p2a: Talonflame\n|-sidestart|p2: Slyscor|move: Tailwind\n|move|p2b: Meganium|Weather Ball|p1b: Incineroar\n|-resisted|p1b: Incineroar|1\n|-damage|p1b: Incineroar|52/100\n|move|p1b: Incineroar|Fire Punch|p2b: Meganium\n|-supereffective|p2b: Meganium|1\n|-damage|p2b: Meganium|60/100\n|\n|upkeep\n|turn|8\n|\n|t:|1776009074\n|move|p2a: Talonflame|Rain Dance|p2a: Talonflame\n|-weather|RainDance\n|move|p2b: Meganium|Weather Ball|p1b: Incineroar\n|-resisted|p1b: Incineroar|1\n|-damage|p1b: Incineroar|30/100\n|move|p1b: Incineroar|Fire Punch|p2b: Meganium\n|-supereffective|p2b: Meganium|1\n|-crit|p2b: Meganium\n|-damage|p2b: Meganium|28/100\n|\n|-weather|RainDance|[upkeep]\n|upkeep\n|turn|9\n|\n|t:|1776009087\n|move|p2a: Talonflame|Quick Guard|p2a: Talonflame\n|-singleturn|p2a: Talonflame|Quick Guard\n|move|p2b: Meganium|Weather Ball|p1b: Incineroar\n|-resisted|p1b: Incineroar|1\n|-damage|p1b: Incineroar|10/100\n|move|p1b: Incineroar|Fire Punch|p2b: Meganium\n|-supereffective|p2b: Meganium|1\n|-crit|p2b: Meganium\n|-damage|p2b: Meganium|0 fnt\n|faint|p2b: Meganium\n|\n|-weather|RainDance|[upkeep]\n|upkeep\n|c|\u2606Slyscor|so its still broken\n|\n|t:|1776009104\n|switch|p2b: Basculegion|Basculegion, L50, M|100/100\n|turn|10\n|\n|t:|1776009113\n|move|p2b: Basculegion|Aqua Jet|p1b: Incineroar\n|-supereffective|p1b: Incineroar|1\n|-damage|p1b: Incineroar|0 fnt\n|faint|p1b: Incineroar\n|\n|win|Slyscor\n|raw|Erre_CAst's rating: 1000 &rarr; <strong>1000</strong><br />(+0 for losing)\n|raw|Slyscor's rating: 1014 &rarr; <strong>1050</strong><br />(+36 for winning)\n|l|\u2606Erre_CAst\n|player|p1|\n",
  "uploadtime": 1776009119,
  "views": 11,
  "formatid": "gen9championsvgc2026regma",
  "rating": 1000,
  "private": 0,
  "password": null
}