{
  "id": "gen9championsvgc2026regma-2588300420",
  "format": "[Gen 9 Champions] VGC 2026 Reg M-A",
  "players": [
    "freegrgrgrgr",
    "BossgodoraII"
  ],
  "log": "|j|\u2606freegrgrgrgr\n|j|\u2606BossgodoraII\n|t:|1776622216\n|gametype|doubles\n|player|p1|freegrgrgrgr|dawn|1475\n|player|p2|BossgodoraII|gentleman-gen4|1476\n|gen|9\n|tier|[Gen 9 Champions] VGC 2026 Reg M-A\n|rated|\n|rule|Species Clause: Limit one of each Pok\u00e9mon\n|rule|Item Clause: Limit 1 of each item\n|clearpoke\n|poke|p1|Floette-Eternal, L50, F|\n|poke|p1|Garchomp, L50, F, shiny|\n|poke|p1|Sinistcha, L50, shiny|\n|poke|p1|Talonflame, L50, M, shiny|\n|poke|p1|Kingambit, L50, M, shiny|\n|poke|p1|Delphox, L50, M, shiny|\n|poke|p2|Delphox, L50, M|\n|poke|p2|Floette-Eternal, L50, F|\n|poke|p2|Sneasler, L50, M|\n|poke|p2|Aerodactyl, L50, M|\n|poke|p2|Garchomp, L50, F|\n|poke|p2|Kingambit, L50, M|\n|teampreview|4\nBossgodoraII rejected open team sheets.\n|inactive|Battle timer is ON: inactive players will automatically lose when time's up. (requested by BossgodoraII)\n|inactive|freegrgrgrgr has 60 seconds left.\n|\n|t:|1776622277\n|teamsize|p1|4\n|teamsize|p2|4\n|start\n|switch|p1a: Talonflame|Talonflame, L50, M, shiny|100/100\n|switch|p1b: Garchomp|Garchomp, L50, F, shiny|100/100\n|switch|p2a: Sneasler|Sneasler, L50, M|100/100\n|switch|p2b: Aerodactyl|Aerodactyl, L50, M|100/100\n|-ability|p2b: Aerodactyl|Unnerve\n|turn|1\n|\n|t:|1776622297\n|move|p1a: Talonflame|Protect|p1a: Talonflame\n|-singleturn|p1a: Talonflame|Protect\n|move|p1b: Garchomp|Protect|p1b: Garchomp\n|-singleturn|p1b: Garchomp|Protect\n|move|p2a: Sneasler|Fake Out|p1b: Garchomp\n|-activate|p1b: Garchomp|move: Protect\n|move|p2b: Aerodactyl|Tailwind|p2b: Aerodactyl\n|-sidestart|p2: BossgodoraII|move: Tailwind\n|\n|upkeep\n|turn|2\n|\n|t:|1776622307\n|move|p1a: Talonflame|Acrobatics|p2a: Sneasler\n|-supereffective|p2a: Sneasler|1\n|-crit|p2a: Sneasler\n|-damage|p2a: Sneasler|0 fnt\n|faint|p2a: Sneasler\n|move|p2b: Aerodactyl|Rock Slide|p1a: Talonflame|[spread] p1a,p1b\n|-supereffective|p1a: Talonflame|2\n|-resisted|p1b: Garchomp|1\n|-damage|p1a: Talonflame|0 fnt\n|-damage|p1b: Garchomp|89/100\n|faint|p1a: Talonflame\n|move|p1b: Garchomp|Rock Slide|p2b: Aerodactyl\n|-supereffective|p2b: Aerodactyl|1\n|-damage|p2b: Aerodactyl|13/100\n|\n|upkeep\n|\n|t:|1776622315\n|switch|p2a: Floette|Floette-Eternal, L50, F|100/100\n|switch|p1a: Kingambit|Kingambit, L50, M, shiny|100/100\n|turn|3\n|\n|t:|1776622330\n|switch|p2b: Garchomp|Garchomp, L50, F|100/100\n|detailschange|p2a: Floette|Floette-Mega, L50, F\n|-mega|p2a: Floette|Floette|Floettite\n|-ability|p2a: Floette|Fairy Aura\n|move|p1b: Garchomp|Protect|p1b: Garchomp\n|-singleturn|p1b: Garchomp|Protect\n|move|p2a: Floette|Moonblast|p1a: Kingambit\n|-damage|p1a: Kingambit|25/100\n|move|p1a: Kingambit|Iron Head|p2a: Floette\n|-supereffective|p2a: Floette|1\n|-damage|p2a: Floette|4/100\n|\n|upkeep\n|turn|4\n|\n|t:|1776622337\n|switch|p2a: Aerodactyl|Aerodactyl, L50, M|13/100\n|-ability|p2a: Aerodactyl|Unnerve\n|move|p1a: Kingambit|Protect|p1a: Kingambit\n|-singleturn|p1a: Kingambit|Protect\n|move|p2b: Garchomp|Earthquake|p1a: Kingambit|[spread] p1b\n|-activate|p1a: Kingambit|move: Protect\n|-immune|p2a: Aerodactyl\n|-damage|p1b: Garchomp|46/100\n|move|p1b: Garchomp|Earthquake|p2b: Garchomp|[spread] p2b\n|-activate|p1a: Kingambit|move: Protect\n|-immune|p2a: Aerodactyl\n|-damage|p2b: Garchomp|52/100\n|\n|-sideend|p2: BossgodoraII|move: Tailwind\n|upkeep\n|turn|5\n|\n|t:|1776622344\n|move|p1a: Kingambit|Sucker Punch|p2b: Garchomp\n|-damage|p2b: Garchomp|15/100\n|-damage|p1a: Kingambit|13/100|[from] ability: Rough Skin|[of] p2b: Garchomp\n|move|p2a: Aerodactyl|Tailwind|p2a: Aerodactyl\n|-sidestart|p2: BossgodoraII|move: Tailwind\n|move|p2b: Garchomp|Earthquake|p1b: Garchomp|[spread] p1a,p1b\n|-immune|p2a: Aerodactyl\n|-supereffective|p1a: Kingambit|1\n|-damage|p1a: Kingambit|0 fnt\n|-damage|p1b: Garchomp|5/100\n|faint|p1a: Kingambit\n|move|p1b: Garchomp|Rock Slide|p2a: Aerodactyl|[spread] p2a,p2b\n|-supereffective|p2a: Aerodactyl|1\n|-resisted|p2b: Garchomp|1\n|-damage|p2a: Aerodactyl|0 fnt\n|-damage|p2b: Garchomp|5/100\n|faint|p2a: Aerodactyl\n|\n|upkeep\n|\n|t:|1776622355\n|switch|p2a: Floette|Floette-Mega, L50, F|4/100\n|switch|p1a: Floette|Floette-Eternal, L50, F|100/100\n|-ability|p2a: Floette|Fairy Aura\n|turn|6\n|\n|t:|1776622369\n|move|p1b: Garchomp|Protect|p1b: Garchomp\n|-singleturn|p1b: Garchomp|Protect\n|move|p1a: Floette|Protect|p1a: Floette\n|-singleturn|p1a: Floette|Protect\n|move|p2b: Garchomp|Stomping Tantrum|p1a: Floette\n|-activate|p1a: Floette|move: Protect\n|move|p2a: Floette|Dazzling Gleam|p1a: Floette|[spread] \n|-activate|p1a: Floette|move: Protect\n|-activate|p1b: Garchomp|move: Protect\n|\n|upkeep\n|turn|7\n|\n|t:|1776622380\n|detailschange|p1a: Floette|Floette-Mega, L50, F\n|-mega|p1a: Floette|Floette|Floettite\n|-ability|p1a: Floette|Fairy Aura\n|move|p2b: Garchomp|Stomping Tantrum|p1a: Floette\n|-damage|p1a: Floette|48/100\n|move|p2a: Floette|Dazzling Gleam|p1a: Floette|[spread] p1a,p1b\n|-supereffective|p1b: Garchomp|1\n|-damage|p1a: Floette|11/100\n|-damage|p1b: Garchomp|0 fnt\n|faint|p1b: Garchomp\n|move|p1a: Floette|Dazzling Gleam|p2b: Garchomp|[spread] p2a,p2b\n|-supereffective|p2b: Garchomp|1\n|-damage|p2a: Floette|0 fnt\n|-damage|p2b: Garchomp|0 fnt\n|faint|p2a: Floette\n|faint|p2b: Garchomp\n|\n|win|freegrgrgrgr\n|raw|freegrgrgrgr's rating: 1475 &rarr; <strong>1495</strong><br />(+20 for winning)\n|raw|BossgodoraII's rating: 1476 &rarr; <strong>1456</strong><br />(-20 for losing)\n",
  "uploadtime": 1776622389,
  "views": 22,
  "formatid": "gen9championsvgc2026regma",
  "rating": 1456,
  "private": 0,
  "password": null
}