{
  "id": "gen9championsvgc2026regma-2583375000",
  "format": "[Gen 9 Champions] VGC 2026 Reg M-A",
  "players": [
    "Alelu1234",
    "EXSA"
  ],
  "log": "|j|\u2606Alelu1234\n|j|\u2606EXSA\n|t:|1776171196\n|gametype|doubles\n|player|p1|Alelu1234|169|1273\n|player|p2|EXSA|1|1181\n|gen|9\n|tier|[Gen 9 Champions] VGC 2026 Reg M-A\n|rated|\n|rule|Species Clause: Limit one of each Pok\u00e9mon\n|rule|Item Clause: Limit 1 of each item\n|clearpoke\n|poke|p1|Skarmory, L50, M|\n|poke|p1|Arcanine-Hisui, L50, F|\n|poke|p1|Ninetales-Alola, L50, F|\n|poke|p1|Gyarados, L50, F|\n|poke|p1|Garchomp, L50, F|\n|poke|p1|Gallade, L50, M|\n|poke|p2|Charizard, L50, F|\n|poke|p2|Incineroar, L50, M|\n|poke|p2|Maushold-Four, L50|\n|poke|p2|Hawlucha, L50, F|\n|poke|p2|Garchomp, L50, M|\n|poke|p2|Whimsicott, L50, M|\n|teampreview|4\n|inactive|Battle timer is ON: inactive players will automatically lose when time's up. (requested by Alelu1234)\n|inactive|EXSA has 60 seconds left.\n|\n|t:|1776171250\n|teamsize|p1|4\n|teamsize|p2|4\n|start\n|switch|p1a: Gyarados|Gyarados, L50, F|100/100\n|switch|p1b: Garchomp|Garchomp, L50, F|100/100\n|switch|p2a: Whimsicott|Whimsicott, L50, M|100/100\n|switch|p2b: Incineroar|Incineroar, L50, M|100/100\n|-ability|p1a: Gyarados|Intimidate|boost\n|-unboost|p2a: Whimsicott|atk|1\n|-unboost|p2b: Incineroar|atk|1\n|-ability|p2b: Incineroar|Intimidate|boost\n|-unboost|p1a: Gyarados|atk|1\n|-unboost|p1b: Garchomp|atk|1\n|-enditem|p1a: Gyarados|White Herb\n|-clearnegativeboost|p1a: Gyarados|[silent]\n|turn|1\n|inactive|EXSA has 30 seconds left.\n|\n|t:|1776171280\n|move|p2a: Whimsicott|Moonblast|p1b: Garchomp\n|-supereffective|p1b: Garchomp|1\n|-damage|p1b: Garchomp|25/100\n|move|p1b: Garchomp|Earthquake|p2a: Whimsicott|[spread] p2a,p2b\n|-immune|p1a: Gyarados\n|-resisted|p2a: Whimsicott|1\n|-supereffective|p2b: Incineroar|1\n|-damage|p2a: Whimsicott|82/100\n|-damage|p2b: Incineroar|52/100\n|move|p1a: Gyarados|Dragon Dance|p1a: Gyarados\n|-boost|p1a: Gyarados|atk|1\n|-boost|p1a: Gyarados|spe|1\n|move|p2b: Incineroar|Parting Shot|p1a: Gyarados\n|-unboost|p1a: Gyarados|atk|1\n|-unboost|p1a: Gyarados|spa|1\n|\n|t:|1776171294\n|switch|p2b: Garchomp|Garchomp, L50, M|100/100|[from] Parting Shot\n|\n|upkeep\n|turn|2\n|\n|t:|1776171301\n|move|p1b: Garchomp|Protect|p1b: Garchomp\n|-singleturn|p1b: Garchomp|Protect\n|move|p2a: Whimsicott|Tailwind|p2a: Whimsicott\n|-sidestart|p2: EXSA|move: Tailwind\n|move|p2b: Garchomp|Rock Slide|p1a: Gyarados|[spread] p1a\n|-activate|p1b: Garchomp|move: Protect\n|-supereffective|p1a: Gyarados|1\n|-damage|p1a: Gyarados|54/100\n|move|p1a: Gyarados|Ice Fang|p2b: Garchomp|[miss]\n|-miss|p1a: Gyarados|p2b: Garchomp\n|\n|upkeep\n|turn|3\n|\n|t:|1776171326\n|switch|p2a: Incineroar|Incineroar, L50, M|52/100\n|-ability|p2a: Incineroar|Intimidate|boost\n|-unboost|p1a: Gyarados|atk|1\n|-unboost|p1b: Garchomp|atk|1\n|switch|p1b: Arcanine|Arcanine-Hisui, L50, F|100/100\n|-ability|p1b: Arcanine|Intimidate|boost\n|-unboost|p2a: Incineroar|atk|1\n|-unboost|p2b: Garchomp|atk|1\n|move|p1a: Gyarados|Protect|p1a: Gyarados\n|-singleturn|p1a: Gyarados|Protect\n|move|p2b: Garchomp|Rock Slide|p1a: Gyarados|[spread] p1b\n|-activate|p1a: Gyarados|move: Protect\n|-supereffective|p1b: Arcanine|1\n|-damage|p1b: Arcanine|72/100\n|\n|-heal|p1b: Arcanine|78/100|[from] item: Leftovers\n|upkeep\n|turn|4\n|inactive|Alelu1234 has 30 seconds left.\n|\n|t:|1776171357\n|move|p2a: Incineroar|Fake Out|p1a: Gyarados\n|-damage|p1a: Gyarados|44/100\n|move|p2b: Garchomp|Rock Slide|p1a: Gyarados|[spread] p1a,p1b\n|-supereffective|p1a: Gyarados|1\n|-supereffective|p1b: Arcanine|1\n|-damage|p1a: Gyarados|13/100\n|-damage|p1b: Arcanine|44/100\n|cant|p1a: Gyarados|flinch\n|move|p1b: Arcanine|Rock Slide|p2a: Incineroar|[spread] p2a,p2b\n|-supereffective|p2a: Incineroar|1\n|-resisted|p2b: Garchomp|1\n|-damage|p2a: Incineroar|0 fnt\n|-damage|p2b: Garchomp|87/100\n|faint|p2a: Incineroar\n|\n|-heal|p1b: Arcanine|50/100|[from] item: Leftovers\n|upkeep\n|\n|t:|1776171381\n|switch|p2a: Charizard|Charizard, L50, F, shiny|100/100\n|turn|5\n|\n|t:|1776171395\n|move|p2a: Charizard|Protect|p2a: Charizard\n|-singleturn|p2a: Charizard|Protect\n|move|p1a: Gyarados|Protect|p1a: Gyarados\n|-singleturn|p1a: Gyarados|Protect\n|move|p2b: Garchomp|Rock Slide|p1b: Arcanine|[spread] p1b\n|-activate|p1a: Gyarados|move: Protect\n|-supereffective|p1b: Arcanine|1\n|-damage|p1b: Arcanine|18/100\n|move|p1b: Arcanine|Rock Slide|p2a: Charizard|[spread] p2b\n|-activate|p2a: Charizard|move: Protect\n|-resisted|p2b: Garchomp|1\n|-damage|p2b: Garchomp|74/100\n|\n|-heal|p1b: Arcanine|24/100|[from] item: Leftovers\n|-sideend|p2: EXSA|move: Tailwind\n|upkeep\n|turn|6\n|\n|t:|1776171415\n|move|p1b: Arcanine|Extreme Speed|p2b: Garchomp\n|-damage|p2b: Garchomp|47/100\n|-damage|p1b: Arcanine|12/100|[from] ability: Rough Skin|[of] p2b: Garchomp\n|move|p2b: Garchomp|Rock Slide|p1b: Arcanine|[spread] p1a,p1b\n|-supereffective|p1a: Gyarados|1\n|-supereffective|p1b: Arcanine|1\n|-damage|p1a: Gyarados|0 fnt\n|-damage|p1b: Arcanine|0 fnt\n|faint|p1a: Gyarados\n|faint|p1b: Arcanine\n|move|p2a: Charizard|Heat Wave|p1: Gyarados|[notarget]\n|-fail|p2a: Charizard\n|\n|upkeep\n|\n|t:|1776171427\n|switch|p1b: Garchomp|Garchomp, L50, F|25/100\n|switch|p1a: Ninetales|Ninetales-Alola, L50, F|100/100\n|-weather|Snowscape|[from] ability: Snow Warning|[of] p1a: Ninetales\n|turn|7\n|\n|t:|1776171437\n|switch|p2b: Whimsicott|Whimsicott, L50, M|82/100\n|move|p2a: Charizard|Protect|p2a: Charizard\n|-singleturn|p2a: Charizard|Protect\n|move|p1a: Ninetales|Blizzard|p2a: Charizard|[spread] p2b\n|-activate|p2a: Charizard|move: Protect\n|-supereffective|p2b: Whimsicott|1\n|-damage|p2b: Whimsicott|0 fnt\n|faint|p2b: Whimsicott\n|move|p1b: Garchomp|Rock Slide|p2a: Charizard\n|-activate|p2a: Charizard|move: Protect\n|\n|-weather|Snowscape|[upkeep]\n|upkeep\n|\n|t:|1776171442\n|switch|p2b: Garchomp|Garchomp, L50, M|47/100\n|turn|8\n|\n|t:|1776171450\n|detailschange|p2a: Charizard|Charizard-Mega-Y, L50, F, shiny\n|-mega|p2a: Charizard|Charizard|Charizardite Y\n|-weather|SunnyDay|[from] ability: Drought|[of] p2a: Charizard\n|move|p2b: Garchomp|Earthquake|p1b: Garchomp|[spread] p1a,p1b\n|-immune|p2a: Charizard\n|-damage|p1a: Ninetales|40/100\n|-damage|p1b: Garchomp|0 fnt\n|faint|p1b: Garchomp\n|move|p1a: Ninetales|Blizzard|p2b: Garchomp|[spread] p2a,p2b\n|-supereffective|p2b: Garchomp|2\n|-damage|p2a: Charizard|69/100\n|-damage|p2b: Garchomp|0 fnt\n|faint|p2b: Garchomp\n|move|p2a: Charizard|Weather Ball|p1a: Ninetales\n|-supereffective|p1a: Ninetales|1\n|-damage|p1a: Ninetales|0 fnt\n|faint|p1a: Ninetales\n|\n|win|EXSA\n|raw|Alelu1234's rating: 1273 &rarr; <strong>1242</strong><br />(-31 for losing)\n|raw|EXSA's rating: 1181 &rarr; <strong>1212</strong><br />(+31 for winning)\n",
  "uploadtime": 1776171460,
  "views": 32,
  "formatid": "gen9championsvgc2026regma",
  "rating": 1212,
  "private": 0,
  "password": null
}