{
  "id": "gen9championsvgc2026regma-2586780174",
  "format": "[Gen 9 Champions] VGC 2026 Reg M-A",
  "players": [
    "estroker6",
    "eevee1995"
  ],
  "log": "|j|\u2606estroker6\n|j|\u2606eevee1995\n|t:|1776459315\n|gametype|doubles\n|player|p1|estroker6|flint|1020\n|player|p2|eevee1995|pokekidf-gen8|1040\n|gen|9\n|tier|[Gen 9 Champions] VGC 2026 Reg M-A\n|rated|\n|rule|Species Clause: Limit one of each Pok\u00e9mon\n|rule|Item Clause: Limit 1 of each item\n|clearpoke\n|poke|p1|Torkoal, L50, F|\n|poke|p1|Charizard, L50, M|\n|poke|p1|Sinistcha, L50|\n|poke|p1|Arcanine, L50, M|\n|poke|p1|Beedrill, L50, F|\n|poke|p1|Talonflame, L50, M|\n|poke|p2|Castform, L50, F|\n|poke|p2|Torkoal, L50, M|\n|poke|p2|Ninetales-Alola, L50, F|\n|poke|p2|Politoed, L50, M|\n|poke|p2|Gengar, L50, F|\n|poke|p2|Sableye, L50, M|\n|teampreview|4\n|inactive|Battle timer is ON: inactive players will automatically lose when time's up. (requested by eevee1995)\n|\n|t:|1776459333\n|teamsize|p1|4\n|teamsize|p2|4\n|start\n|switch|p1a: Beedrill|Beedrill, L50, F|100/100\n|switch|p1b: Talonflame|Talonflame, L50, M|100/100\n|switch|p2a: Abolish ICE!!|Ninetales-Alola, L50, F, shiny|100/100\n|switch|p2b: Experiment 627|Sableye, L50, M, shiny|100/100\n|-weather|Snowscape|[from] ability: Snow Warning|[of] p2a: Abolish ICE!!\n|turn|1\n|\n|t:|1776459353\n|detailschange|p1a: Beedrill|Beedrill-Mega, L50, F\n|-mega|p1a: Beedrill|Beedrill|Beedrillite\n|move|p2b: Experiment 627|Fake Out|p1a: Beedrill\n|-damage|p1a: Beedrill|83/100\n|move|p1b: Talonflame|Tailwind|p1b: Talonflame\n|-sidestart|p1: estroker6|move: Tailwind\n|cant|p1a: Beedrill|flinch\n|move|p2a: Abolish ICE!!|Aurora Veil|p2a: Abolish ICE!!\n|-sidestart|p2: eevee1995|move: Aurora Veil\n|\n|-weather|Snowscape|[upkeep]\n|upkeep\n|turn|2\n|\n|t:|1776459373\n|move|p2b: Experiment 627|Will-O-Wisp|p1a: Beedrill\n|-status|p1a: Beedrill|brn\n|move|p1a: Beedrill|Poison Jab|p2a: Abolish ICE!!\n|-supereffective|p2a: Abolish ICE!!|1\n|-damage|p2a: Abolish ICE!!|69/100\n|-status|p2a: Abolish ICE!!|psn\n|move|p1b: Talonflame|Flare Blitz|p2a: Abolish ICE!!\n|-supereffective|p2a: Abolish ICE!!|1\n|-damage|p2a: Abolish ICE!!|26/100 psn\n|-damage|p1b: Talonflame|87/100|[from] Recoil\n|move|p2a: Abolish ICE!!|Blizzard|p1b: Talonflame|[spread] p1a,p1b\n|-damage|p1a: Beedrill|46/100 brn\n|-damage|p1b: Talonflame|50/100\n|\n|-weather|Snowscape|[upkeep]\n|-heal|p2a: Abolish ICE!!|32/100 psn|[from] item: Leftovers\n|-damage|p2a: Abolish ICE!!|20/100 psn|[from] psn\n|-damage|p1a: Beedrill|40/100 brn|[from] brn\n|upkeep\n|turn|3\n|inactive|estroker6 has 30 seconds left.\n|\n|t:|1776459399\n|switch|p2b: Constantine|Politoed, L50, M|100/100\n|-weather|RainDance|[from] ability: Drizzle|[of] p2b: Constantine\n|move|p1a: Beedrill|Swords Dance|p1a: Beedrill\n|-boost|p1a: Beedrill|atk|2\n|move|p1b: Talonflame|Acrobatics|p2a: Abolish ICE!!\n|-damage|p2a: Abolish ICE!!|0 fnt\n|faint|p2a: Abolish ICE!!\n|\n|-weather|RainDance|[upkeep]\n|-damage|p1a: Beedrill|35/100 brn|[from] brn\n|upkeep\n|\n|t:|1776459408\n|switch|p2a: Fear me BITCH|Castform, L50, F, shiny|100/100\n|-formechange|p2a: Fear me BITCH|Castform-Rainy|[msg]|[from] ability: Forecast\n|turn|4\n|\n|t:|1776459434\n|switch|p1b: Sinistcha|Sinistcha, L50|100/100\n|-heal|p1a: Beedrill|60/100 brn|[from] ability: Hospitality|[of] p1b: Sinistcha\n|switch|p2b: Experiment 627|Sableye, L50, M, shiny|100/100\n|move|p1a: Beedrill|Poison Jab|p2b: Experiment 627\n|-resisted|p2b: Experiment 627|1\n|-damage|p2b: Experiment 627|69/100\n|-status|p2b: Experiment 627|psn\n|move|p2a: Fear me BITCH|Weather Ball|p1b: Sinistcha\n|-resisted|p1b: Sinistcha|1\n|-damage|p1b: Sinistcha|63/100\n|\n|-weather|RainDance|[upkeep]\n|-heal|p1b: Sinistcha|70/100|[from] item: Leftovers\n|-damage|p2b: Experiment 627|57/100 psn|[from] psn\n|-damage|p1a: Beedrill|54/100 brn|[from] brn\n|-sideend|p1: estroker6|move: Tailwind\n|upkeep\n|turn|5\n|inactive|estroker6 has 30 seconds left.\n|\n|t:|1776459462\n|move|p2b: Experiment 627|Fake Out|p1a: Beedrill\n|-damage|p1a: Beedrill|35/100 brn\n|cant|p1a: Beedrill|flinch\n|move|p2a: Fear me BITCH|Hurricane|p1b: Sinistcha\n|-supereffective|p1b: Sinistcha|1\n|-damage|p1b: Sinistcha|0 fnt\n|faint|p1b: Sinistcha\n|\n|-weather|RainDance|[upkeep]\n|-damage|p2b: Experiment 627|45/100 psn|[from] psn\n|-damage|p1a: Beedrill|30/100 brn|[from] brn\n|-sideend|p2: eevee1995|move: Aurora Veil\n|upkeep\n|\n|t:|1776459478\n|switch|p1b: Talonflame|Talonflame, L50, M|50/100\n|turn|6\n|\n|t:|1776459490\n|move|p2b: Experiment 627|Taunt|p1b: Talonflame\n|-start|p1b: Talonflame|move: Taunt\n|move|p1a: Beedrill|Poison Jab|p2b: Experiment 627\n|-resisted|p2b: Experiment 627|1\n|-damage|p2b: Experiment 627|0 fnt\n|faint|p2b: Experiment 627\n|move|p1b: Talonflame|Acrobatics|p2a: Fear me BITCH\n|-damage|p2a: Fear me BITCH|37/100\n|move|p2a: Fear me BITCH|Weather Ball|p1a: Beedrill\n|-damage|p1a: Beedrill|0 fnt\n|faint|p1a: Beedrill\n|\n|-weather|RainDance|[upkeep]\n|upkeep\n|c|\u2606eevee1995|gg\n|\n|t:|1776459505\n|switch|p1a: Arcanine|Arcanine, L50, M|100/100\n|switch|p2b: Constantine|Politoed, L50, M|100/100\n|-ability|p1a: Arcanine|Intimidate|boost\n|-unboost|p2a: Fear me BITCH|atk|1\n|-unboost|p2b: Constantine|atk|1\n|turn|7\n|\n|t:|1776459518\n|move|p1a: Arcanine|Helping Hand|p1b: Talonflame\n|-singleturn|p1b: Talonflame|Helping Hand|[of] p1a: Arcanine\n|move|p1b: Talonflame|Acrobatics|p2a: Fear me BITCH\n|-damage|p2a: Fear me BITCH|0 fnt\n|faint|p2a: Fear me BITCH\n|move|p2b: Constantine|Weather Ball|p1b: Talonflame\n|-supereffective|p1b: Talonflame|1\n|-damage|p1b: Talonflame|0 fnt\n|faint|p1b: Talonflame\n|\n|-weather|none\n|upkeep\n|turn|8\n|\n|t:|1776459533\n|move|p1a: Arcanine|Scorching Sands|p2b: Constantine\n|-damage|p2b: Constantine|84/100\n|-status|p2b: Constantine|brn\n|move|p2b: Constantine|Chilling Water|p1a: Arcanine\n|-supereffective|p1a: Arcanine|1\n|-damage|p1a: Arcanine|49/100\n|-unboost|p1a: Arcanine|atk|1\n|-enditem|p1a: Arcanine|Sitrus Berry|[eat]\n|-heal|p1a: Arcanine|74/100|[from] item: Sitrus Berry\n|\n|-damage|p2b: Constantine|78/100 brn|[from] brn\n|upkeep\n|turn|9\n|\n|t:|1776459549\n|move|p1a: Arcanine|Scorching Sands|p2b: Constantine\n|-damage|p2b: Constantine|63/100 brn\n|move|p2b: Constantine|Chilling Water|p1a: Arcanine\n|-supereffective|p1a: Arcanine|1\n|-damage|p1a: Arcanine|27/100\n|-unboost|p1a: Arcanine|atk|1\n|\n|-damage|p2b: Constantine|57/100 brn|[from] brn\n|upkeep\n|turn|10\n|\n|t:|1776459558\n|move|p1a: Arcanine|Morning Sun|p1a: Arcanine\n|-heal|p1a: Arcanine|77/100\n|move|p2b: Constantine|Chilling Water|p1a: Arcanine\n|-supereffective|p1a: Arcanine|1\n|-damage|p1a: Arcanine|27/100\n|-unboost|p1a: Arcanine|atk|1\n|\n|-damage|p2b: Constantine|51/100 brn|[from] brn\n|upkeep\n|turn|11\n|\n|t:|1776459568\n|move|p1a: Arcanine|Morning Sun|p1a: Arcanine\n|-heal|p1a: Arcanine|77/100\n|move|p2b: Constantine|Chilling Water|p1a: Arcanine\n|-supereffective|p1a: Arcanine|1\n|-damage|p1a: Arcanine|27/100\n|-unboost|p1a: Arcanine|atk|1\n|\n|-damage|p2b: Constantine|45/100 brn|[from] brn\n|upkeep\n|turn|12\n|\n|t:|1776459578\n|move|p1a: Arcanine|Morning Sun|p1a: Arcanine\n|-heal|p1a: Arcanine|77/100\n|move|p2b: Constantine|Chilling Water|p1a: Arcanine\n|-supereffective|p1a: Arcanine|1\n|-damage|p1a: Arcanine|28/100\n|-unboost|p1a: Arcanine|atk|1\n|\n|-damage|p2b: Constantine|39/100 brn|[from] brn\n|upkeep\n|turn|13\n|\n|t:|1776459590\n|move|p1a: Arcanine|Morning Sun|p1a: Arcanine\n|-heal|p1a: Arcanine|78/100\n|move|p2b: Constantine|Chilling Water|p1a: Arcanine\n|-supereffective|p1a: Arcanine|1\n|-damage|p1a: Arcanine|26/100\n|-unboost|p1a: Arcanine|atk|1\n|\n|-damage|p2b: Constantine|32/100 brn|[from] brn\n|upkeep\n|turn|14\n|\n|t:|1776459600\n|move|p1a: Arcanine|Morning Sun|p1a: Arcanine\n|-heal|p1a: Arcanine|76/100\n|move|p2b: Constantine|Chilling Water|p1a: Arcanine\n|-supereffective|p1a: Arcanine|1\n|-damage|p1a: Arcanine|23/100\n|\n|-damage|p2b: Constantine|26/100 brn|[from] brn\n|upkeep\n|turn|15\n|\n|t:|1776459609\n|move|p1a: Arcanine|Morning Sun|p1a: Arcanine\n|-heal|p1a: Arcanine|73/100\n|move|p2b: Constantine|Chilling Water|p1a: Arcanine\n|-supereffective|p1a: Arcanine|1\n|-damage|p1a: Arcanine|27/100\n|\n|-damage|p2b: Constantine|20/100 brn|[from] brn\n|upkeep\n|turn|16\n|\n|t:|1776459618\n|move|p1a: Arcanine|Morning Sun|p1a: Arcanine\n|-heal|p1a: Arcanine|77/100\n|move|p2b: Constantine|Chilling Water|p1a: Arcanine\n|-supereffective|p1a: Arcanine|1\n|-damage|p1a: Arcanine|28/100\n|\n|-damage|p2b: Constantine|14/100 brn|[from] brn\n|upkeep\n|turn|17\n|c|\u2606eevee1995|this is stupid\n|c|\u2606eevee1995|:)\n|c|\u2606eevee1995|gg\n|\n|t:|1776459628\n|move|p1a: Arcanine|Morning Sun|p1a: Arcanine\n|-heal|p1a: Arcanine|78/100\n|move|p2b: Constantine|Chilling Water|p1a: Arcanine\n|-supereffective|p1a: Arcanine|1\n|-damage|p1a: Arcanine|29/100\n|\n|-damage|p2b: Constantine|8/100 brn|[from] brn\n|upkeep\n|turn|18\n|\n|t:|1776459638\n|move|p1a: Arcanine|Scorching Sands|p2b: Constantine\n|-damage|p2b: Constantine|0 fnt\n|faint|p2b: Constantine\n|\n|win|estroker6\n|raw|estroker6's rating: 1020 &rarr; <strong>1059</strong><br />(+39 for winning)\n|raw|eevee1995's rating: 1040 &rarr; <strong>1023</strong><br />(-17 for losing)\n",
  "uploadtime": 1776459641,
  "views": 21,
  "formatid": "gen9championsvgc2026regma",
  "rating": 1023,
  "private": 0,
  "password": null
}