{
  "id": "gen9championsvgc2026regma-2585239151",
  "format": "[Gen 9 Champions] VGC 2026 Reg M-A",
  "players": [
    "eenkiikee",
    "nsbnsb"
  ],
  "log": "|j|\u2606eenkiikee\n|j|\u2606nsbnsb\n|t:|1776328707\n|gametype|doubles\n|player|p1|eenkiikee|hugh|1565\n|player|p2|nsbnsb|ghetsis|1619\n|gen|9\n|tier|[Gen 9 Champions] VGC 2026 Reg M-A\n|rated|\n|rule|Species Clause: Limit one of each Pok\u00e9mon\n|rule|Item Clause: Limit 1 of each item\n|clearpoke\n|poke|p1|Tyranitar, L50, F|\n|poke|p1|Excadrill, L50, M|\n|poke|p1|Sinistcha, L50|\n|poke|p1|Rotom-Heat, L50|\n|poke|p1|Milotic, L50, M|\n|poke|p1|Incineroar, L50, M|\n|poke|p2|Crabominable, L50, M|\n|poke|p2|Farigiraf, L50, M|\n|poke|p2|Kingambit, L50, M|\n|poke|p2|Sinistcha, L50|\n|poke|p2|Camerupt, L50, M|\n|poke|p2|Sneasler, L50, M|\n|teampreview|4\n|inactive|Battle timer is ON: inactive players will automatically lose when time's up. (requested by nsbnsb)\n|j| maliciousdeez\nnsbnsb has agreed to open team sheets.\n|c|\u2606nsbnsb|Glhf\n|inactive|eenkiikee has 60 seconds left.\n|inactive|eenkiikee has 30 seconds left.\n|inactive|eenkiikee has 20 seconds left.\n|\n|t:|1776328779\n|teamsize|p1|4\n|teamsize|p2|4\n|start\n|switch|p1a: Tyranitar|Tyranitar, L50, F, shiny|100/100\n|switch|p1b: Rotom|Rotom-Heat, L50, shiny|100/100\n|switch|p2a: Sinistcha|Sinistcha, L50|100/100\n|switch|p2b: Sneasler|Sneasler, L50, M|100/100\n|-weather|Sandstorm|[from] ability: Sand Stream|[of] p1a: Tyranitar\n|turn|1\n|inactive|eenkiikee has 30 seconds left.\n|\n|t:|1776328814\n|detailschange|p1a: Tyranitar|Tyranitar-Mega, L50, F, shiny\n|-mega|p1a: Tyranitar|Tyranitar|Tyranitarite\n|move|p2b: Sneasler|Fake Out|p1b: Rotom\n|-damage|p1b: Rotom|82/100\n|cant|p1b: Rotom|flinch\n|move|p1a: Tyranitar|Crunch|p2a: Sinistcha\n|-supereffective|p2a: Sinistcha|1\n|-damage|p2a: Sinistcha|20/100\n|move|p2a: Sinistcha|Trick Room|p2a: Sinistcha\n|-fieldstart|move: Trick Room|[of] p2a: Sinistcha\n|\n|-weather|Sandstorm|[upkeep]\n|-damage|p2a: Sinistcha|13/100|[from] Sandstorm\n|-damage|p1b: Rotom|76/100|[from] Sandstorm\n|-damage|p2b: Sneasler|95/100|[from] Sandstorm\n|upkeep\n|turn|2\n|j| i am a lock\n|\n|t:|1776328834\n|move|p2a: Sinistcha|Matcha Gotcha|p1b: Rotom|[spread] p1a,p1b\n|-supereffective|p1a: Tyranitar|1\n|-resisted|p1b: Rotom|1\n|-damage|p1a: Tyranitar|69/100\n|-heal|p2a: Sinistcha|31/100|[from] drain|[of] p1a: Tyranitar\n|-damage|p1b: Rotom|59/100\n|-heal|p2a: Sinistcha|37/100|[from] drain|[of] p1b: Rotom\n|move|p1a: Tyranitar|Rock Slide|p2a: Sinistcha|[spread] p2a,p2b\n|-resisted|p2b: Sneasler|1\n|-damage|p2a: Sinistcha|8/100\n|-damage|p2b: Sneasler|63/100\n|move|p1b: Rotom|Overheat|p2a: Sinistcha\n|-supereffective|p2a: Sinistcha|1\n|-damage|p2a: Sinistcha|0 fnt\n|-unboost|p1b: Rotom|spa|2\n|faint|p2a: Sinistcha\n|-enditem|p1b: Rotom|White Herb\n|-clearnegativeboost|p1b: Rotom|[silent]\n|cant|p2b: Sneasler|flinch\n|\n|-weather|Sandstorm|[upkeep]\n|-damage|p1b: Rotom|53/100|[from] Sandstorm\n|-damage|p2b: Sneasler|58/100|[from] Sandstorm\n|upkeep\n|\n|t:|1776328849\n|switch|p2a: Crabominable|Crabominable, L50, M|100/100\n|turn|3\n|\n|t:|1776328857\n|switch|p2b: Kingambit|Kingambit, L50, M, shiny|100/100\n|detailschange|p2a: Crabominable|Crabominable-Mega, L50, M\n|-mega|p2a: Crabominable|Crabominable|Crabominite\n|move|p1a: Tyranitar|Protect|p1a: Tyranitar\n|-singleturn|p1a: Tyranitar|Protect\n|move|p2a: Crabominable|Drain Punch|p1b: Rotom\n|-damage|p1b: Rotom|0 fnt\n|faint|p1b: Rotom\n|\n|-weather|Sandstorm|[upkeep]\n|-damage|p2a: Crabominable|95/100|[from] Sandstorm\n|upkeep\n|\n|t:|1776328873\n|switch|p1b: Sinistcha|Sinistcha, L50|100/100\n|-heal|p1a: Tyranitar|94/100|[from] ability: Hospitality|[of] p1b: Sinistcha\n|turn|4\n|j| jeskyv2\n|\n|t:|1776328885\n|move|p1b: Sinistcha|Rage Powder|p1b: Sinistcha\n|-singleturn|p1b: Sinistcha|move: Rage Powder\n|move|p2a: Crabominable|Ice Hammer|p1b: Sinistcha\n|-supereffective|p1b: Sinistcha|1\n|-damage|p1b: Sinistcha|0 fnt\n|-unboost|p2a: Crabominable|spe|1\n|faint|p1b: Sinistcha\n|move|p2b: Kingambit|Iron Head|p1a: Tyranitar\n|-supereffective|p1a: Tyranitar|1\n|-damage|p1a: Tyranitar|33/100\n|move|p1a: Tyranitar|Low Kick|p2b: Kingambit\n|-supereffective|p2b: Kingambit|2\n|-damage|p2b: Kingambit|0 fnt\n|faint|p2b: Kingambit\n|\n|-weather|Sandstorm|[upkeep]\n|-damage|p2a: Crabominable|89/100|[from] Sandstorm\n|upkeep\n|\n|t:|1776328899\n|switch|p2b: Sneasler|Sneasler, L50, M|58/100\n|switch|p1b: Incineroar|Incineroar, L50, M|100/100\n|-ability|p1b: Incineroar|Intimidate|boost\n|-unboost|p2a: Crabominable|atk|1\n|-unboost|p2b: Sneasler|atk|1\n|-enditem|p2b: Sneasler|White Herb\n|-clearnegativeboost|p2b: Sneasler|[silent]\n|turn|5\n|\n|t:|1776328911\n|move|p1b: Incineroar|Fake Out|p2a: Crabominable\n|-damage|p2a: Crabominable|78/100\n|move|p2b: Sneasler|Fake Out|p1b: Incineroar\n|-damage|p1b: Incineroar|86/100\n|cant|p2a: Crabominable|flinch\n|move|p1a: Tyranitar|Rock Slide|p2b: Sneasler|[spread] p2a,p2b\n|-resisted|p2b: Sneasler|1\n|-crit|p2b: Sneasler\n|-damage|p2a: Crabominable|53/100\n|-damage|p2b: Sneasler|15/100\n|\n|-weather|none\n|-fieldend|move: Trick Room\n|upkeep\n|turn|6\n|\n|t:|1776328937\n|move|p2b: Sneasler|Protect|p2b: Sneasler\n|-singleturn|p2b: Sneasler|Protect\n|move|p2a: Crabominable|Protect|p2a: Crabominable\n|-singleturn|p2a: Crabominable|Protect\n|move|p1a: Tyranitar|Low Kick|p2a: Crabominable\n|-activate|p2a: Crabominable|move: Protect\n|move|p1b: Incineroar|Flare Blitz|p2a: Crabominable\n|-activate|p2a: Crabominable|move: Protect\n|\n|upkeep\n|turn|7\n|\n|t:|1776328957\n|move|p2b: Sneasler|Close Combat|p1b: Incineroar\n|-supereffective|p1b: Incineroar|1\n|-enditem|p1b: Incineroar|Chople Berry|[eat]\n|-enditem|p1b: Incineroar|Chople Berry|[weaken]\n|-damage|p1b: Incineroar|17/100\n|-unboost|p2b: Sneasler|def|1\n|-unboost|p2b: Sneasler|spd|1\n|move|p1a: Tyranitar|Rock Slide|p2b: Sneasler|[spread] p2a,p2b\n|-resisted|p2b: Sneasler|1\n|-damage|p2a: Crabominable|25/100\n|-damage|p2b: Sneasler|0 fnt\n|faint|p2b: Sneasler\n|move|p1b: Incineroar|Flare Blitz|p2a: Crabominable\n|-supereffective|p2a: Crabominable|1\n|-damage|p2a: Crabominable|0 fnt\n|faint|p2a: Crabominable\n|-damage|p1b: Incineroar|8/100|[from] Recoil\n|\n|win|eenkiikee\n|raw|eenkiikee's rating: 1565 &rarr; <strong>1588</strong><br />(+23 for winning)\n|raw|nsbnsb's rating: 1619 &rarr; <strong>1596</strong><br />(-23 for losing)\n|l| i am a lock\n|l|\u2606nsbnsb\n|player|p2|\n|l|\u2606eenkiikee\n|player|p1|\n",
  "uploadtime": 1776328987,
  "views": 124,
  "formatid": "gen9championsvgc2026regma",
  "rating": 1588,
  "private": 0,
  "password": null
}