{
  "id": "gen9championsvgc2026regma-2588597593",
  "format": "[Gen 9 Champions] VGC 2026 Reg M-A",
  "players": [
    "seattleseadrasfpl",
    "ScribbleScribble"
  ],
  "log": "|j|\u2606seattleseadrasfpl\n|j|\u2606ScribbleScribble\n|t:|1776648658\n|gametype|doubles\n|player|p1|seattleseadrasfpl|fisherman-gen4|1452\n|player|p2|ScribbleScribble|mina-lgpe|1554\n|gen|9\n|tier|[Gen 9 Champions] VGC 2026 Reg M-A\n|rated|\n|rule|Species Clause: Limit one of each Pok\u00e9mon\n|rule|Item Clause: Limit 1 of each item\n|clearpoke\n|poke|p1|Farigiraf, L50, F|\n|poke|p1|Blastoise, L50, F|\n|poke|p1|Kingambit, L50, M|\n|poke|p1|Sinistcha, L50|\n|poke|p1|Sneasler, L50, M|\n|poke|p1|Araquanid, L50, M|\n|poke|p2|Floette-Eternal, L50, F|\n|poke|p2|Sneasler, L50, F|\n|poke|p2|Aerodactyl, L50, F|\n|poke|p2|Kingambit, L50, F|\n|poke|p2|Basculegion, L50, M|\n|poke|p2|Scizor, L50, M|\n|teampreview|4\n|inactive|Battle timer is ON: inactive players will automatically lose when time's up. (requested by ScribbleScribble)\n|inactive|seattleseadrasfpl has 60 seconds left.\n|\n|t:|1776648696\n|teamsize|p1|4\n|teamsize|p2|4\n|start\n|switch|p1a: Farigiraf|Farigiraf, L50, F|100/100\n|switch|p1b: Blastoise|Blastoise, L50, F|100/100\n|switch|p2a: Scizor|Scizor, L50, M|100/100\n|switch|p2b: Sneasler|Sneasler, L50, F|100/100\n|turn|1\n|inactive|ScribbleScribble has 30 seconds left.\n|\n|t:|1776648724\n|detailschange|p2a: Scizor|Scizor-Mega, L50, M\n|-mega|p2a: Scizor|Scizor|Scizorite\n|detailschange|p1b: Blastoise|Blastoise-Mega, L50, F\n|-mega|p1b: Blastoise|Blastoise|Blastoisinite\n|move|p1b: Blastoise|Fake Out|p2a: Scizor\n|-resisted|p2a: Scizor|1\n|-damage|p2a: Scizor|96/100\n|move|p2b: Sneasler|Close Combat|p1b: Blastoise\n|-damage|p1b: Blastoise|39/100\n|-unboost|p2b: Sneasler|def|1\n|-unboost|p2b: Sneasler|spd|1\n|-enditem|p2b: Sneasler|White Herb\n|-clearnegativeboost|p2b: Sneasler|[silent]\n|cant|p2a: Scizor|flinch\n|move|p1a: Farigiraf|Trick Room|p1a: Farigiraf\n|-fieldstart|move: Trick Room|[of] p1a: Farigiraf\n|\n|upkeep\n|turn|2\n|inactive|seattleseadrasfpl has 30 seconds left.\n|inactive|seattleseadrasfpl has 20 seconds left.\n|\n|t:|1776648761\n|switch|p1b: Kingambit|Kingambit, L50, M|100/100\n|move|p2b: Sneasler|Protect|p2b: Sneasler\n|-singleturn|p2b: Sneasler|Protect\n|move|p1a: Farigiraf|Psychic Noise|p2b: Sneasler\n|-activate|p2b: Sneasler|move: Protect\n|move|p2a: Scizor|Bug Bite|p1a: Farigiraf\n|-supereffective|p1a: Farigiraf|1\n|-damage|p1a: Farigiraf|14/100\n|-enditem|p1a: Farigiraf|Sitrus Berry|[from] stealeat|[move] Bug Bite|[of] p2a: Scizor\n|-heal|p2a: Scizor|100/100|[from] item: Sitrus Berry\n|\n|upkeep\n|turn|3\n|\n|t:|1776648784\n|switch|p2b: Aerodactyl|Aerodactyl, L50, F|100/100\n|-ability|p2b: Aerodactyl|Unnerve\n|move|p1b: Kingambit|Kowtow Cleave|p2a: Scizor\n|-damage|p2a: Scizor|50/100\n|move|p1a: Farigiraf|Psychic Noise|p2b: Aerodactyl\n|-damage|p2b: Aerodactyl|56/100\n|-start|p2b: Aerodactyl|move: Heal Block\n|move|p2a: Scizor|Bug Bite|p1a: Farigiraf\n|-supereffective|p1a: Farigiraf|1\n|-damage|p1a: Farigiraf|0 fnt\n|faint|p1a: Farigiraf\n|\n|upkeep\n|\n|t:|1776648808\n|switch|p1a: Blastoise|Blastoise-Mega, L50, F|39/100\n|turn|4\n|\n|t:|1776648825\n|switch|p2b: Sneasler|Sneasler, L50, F|100/100\n|move|p2a: Scizor|Bullet Punch|p1a: Blastoise\n|-resisted|p1a: Blastoise|1\n|-damage|p1a: Blastoise|24/100\n|move|p1b: Kingambit|Kowtow Cleave|p2a: Scizor\n|-damage|p2a: Scizor|0 fnt\n|faint|p2a: Scizor\n|move|p1a: Blastoise|Dark Pulse|p2b: Sneasler\n|-resisted|p2b: Sneasler|1\n|-damage|p2b: Sneasler|65/100\n|\n|upkeep\n|\n|t:|1776648834\n|switch|p2a: Basculegion|Basculegion, L50, M|100/100\n|turn|5\n|\n|t:|1776648847\n|switch|p1b: Sinistcha|Sinistcha, L50|100/100\n|-heal|p1a: Blastoise|49/100|[from] ability: Hospitality|[of] p1b: Sinistcha\n|move|p2b: Sneasler|Fake Out|p1b: Sinistcha\n|-immune|p1b: Sinistcha\n|move|p1a: Blastoise|Dark Pulse|p2a: Basculegion\n|-supereffective|p2a: Basculegion|1\n|-damage|p2a: Basculegion|0 fnt\n|faint|p2a: Basculegion\n|\n|-fieldend|move: Trick Room\n|upkeep\n|\n|t:|1776648849\n|switch|p2a: Aerodactyl|Aerodactyl, L50, F|56/100\n|-ability|p2a: Aerodactyl|Unnerve\n|turn|6\n|inactive|seattleseadrasfpl has 30 seconds left.\n|inactive|seattleseadrasfpl has 20 seconds left.\n|\n|t:|1776648888\n|switch|p1b: Kingambit|Kingambit, L50, M|100/100\n|move|p2a: Aerodactyl|Rock Slide|p1a: Blastoise|[spread] p1b\n|-miss|p2a: Aerodactyl|p1a: Blastoise\n|-resisted|p1b: Kingambit|1\n|-damage|p1b: Kingambit|91/100\n|move|p2b: Sneasler|Dire Claw|p1b: Kingambit\n|-immune|p1b: Kingambit\n|move|p1a: Blastoise|Water Spout|p2a: Aerodactyl|[spread] p2a,p2b\n|-supereffective|p2a: Aerodactyl|1\n|-damage|p2a: Aerodactyl|0 fnt\n|-damage|p2b: Sneasler|19/100\n|faint|p2a: Aerodactyl\n|\n|upkeep\n|turn|7\n|c|\u2606seattleseadrasfpl|gg\n|-message|ScribbleScribble forfeited.\n|\n|win|seattleseadrasfpl\n|raw|seattleseadrasfpl's rating: 1452 &rarr; <strong>1479</strong><br />(+27 for winning)\n|raw|ScribbleScribble's rating: 1573 &rarr; <strong>1546</strong><br />(-27 for losing)\n",
  "uploadtime": 1776648918,
  "views": 21,
  "formatid": "gen9championsvgc2026regma",
  "rating": 1479,
  "private": 0,
  "password": null
}