{
  "id": "gen9championsvgc2026regma-2588389067",
  "format": "[Gen 9 Champions] VGC 2026 Reg M-A",
  "players": [
    "chino.bon",
    "sittingcheese"
  ],
  "log": "|j|\u2606chino.bon\n|j|\u2606sittingcheese\n|t:|1776629407\n|gametype|doubles\n|player|p1|chino.bon|harlequin|1125\n|player|p2|sittingcheese|ethan|1215\n|gen|9\n|tier|[Gen 9 Champions] VGC 2026 Reg M-A\n|rated|\n|rule|Species Clause: Limit one of each Pok\u00e9mon\n|rule|Item Clause: Limit 1 of each item\n|clearpoke\n|poke|p1|Charizard, L50, M, shiny|\n|poke|p1|Venusaur, L50, M|\n|poke|p1|Incineroar, L50, M, shiny|\n|poke|p1|Garchomp, L50, M, shiny|\n|poke|p1|Rotom-Wash, L50|\n|poke|p1|Gardevoir, L50, M|\n|poke|p2|Zoroark-Hisui, L50, M, shiny|\n|poke|p2|Kingambit, L50, M, shiny|\n|poke|p2|Gengar, L50, M|\n|poke|p2|Maushold-Four, L50|\n|poke|p2|Aerodactyl, L50, M, shiny|\n|poke|p2|Hawlucha, L50, M, shiny|\n|teampreview|4\nsittingcheese has agreed to open team sheets.\n|\n|t:|1776629432\n|teamsize|p1|4\n|teamsize|p2|4\n|start\n|switch|p1a: woof|Incineroar, L50, M, shiny|100/100\n|switch|p1b: shark|Garchomp, L50, M, shiny|100/100\n|switch|p2a: Maushold|Maushold-Four, L50|100/100\n|switch|p2b: Gengar|Gengar, L50, M|100/100\n|-ability|p1a: woof|Intimidate|boost\n|-unboost|p2a: Maushold|atk|1\n|-unboost|p2b: Gengar|atk|1\n|turn|1\n|\n|t:|1776629456\n|move|p1a: woof|Fake Out|p2a: Maushold\n|-damage|p2a: Maushold|87/100\n|move|p1b: shark|Earthquake|p2a: Maushold|[spread] p1a,p2a,p2b\n|-supereffective|p1a: woof|1\n|-supereffective|p2b: Gengar|1\n|-damage|p1a: woof|35/100\n|-damage|p2a: Maushold|47/100\n|-damage|p2b: Gengar|4/100\n|-start|p1b: shark|Disable|Earthquake|[from] ability: Cursed Body|[of] p2b: Gengar\n|-enditem|p1a: woof|Sitrus Berry|[eat]\n|-heal|p1a: woof|60/100|[from] item: Sitrus Berry\n|cant|p2a: Maushold|flinch\n|move|p2b: Gengar|Nasty Plot|p2b: Gengar\n|-boost|p2b: Gengar|spa|2\n|\n|upkeep\n|turn|2\n|\n|t:|1776629487\n|switch|p1b: Rotom|Rotom-Wash, L50|100/100\n|detailschange|p2b: Gengar|Gengar-Mega, L50, M\n|-mega|p2b: Gengar|Gengar|Gengarite\n|move|p2a: Maushold|Follow Me|p2a: Maushold\n|-singleturn|p2a: Maushold|move: Follow Me\n|move|p2b: Gengar|Shadow Ball|p1b: Rotom\n|-damage|p1b: Rotom|0 fnt\n|faint|p1b: Rotom\n|move|p1a: woof|Flare Blitz|p2a: Maushold|[miss]\n|-miss|p1a: woof|p2a: Maushold\n|\n|upkeep\n|\n|t:|1776629505\n|switch|p1b: dragon|Charizard, L50, M, shiny|100/100\n|turn|3\n|\n|t:|1776629523\n|move|p2a: Maushold|Follow Me|p2a: Maushold\n|-singleturn|p2a: Maushold|move: Follow Me\n|move|p2b: Gengar|Sludge Bomb|p1b: dragon\n|-damage|p1b: dragon|0 fnt\n|faint|p1b: dragon\n|move|p1a: woof|Darkest Lariat|p2a: Maushold|[miss]\n|-miss|p1a: woof|p2a: Maushold\n|\n|upkeep\n|\n|t:|1776629529\n|switch|p1b: shark|Garchomp, L50, M, shiny|100/100\n|turn|4\n|\n|t:|1776629535\n|move|p2a: Maushold|Follow Me|p2a: Maushold\n|-singleturn|p2a: Maushold|move: Follow Me\n|move|p1b: shark|Rock Slide|p2a: Maushold|[spread] p2b\n|-miss|p1b: shark|p2a: Maushold\n|-damage|p2b: Gengar|0 fnt\n|faint|p2b: Gengar\n|move|p1a: woof|Darkest Lariat|p2a: Maushold|[miss]\n|-miss|p1a: woof|p2a: Maushold\n|\n|upkeep\n|\n|t:|1776629547\n|switch|p2b: Kingambit|Kingambit, L50, M, shiny|100/100\n|turn|5\n|\n|t:|1776629556\n|move|p1b: shark|Rock Slide|p2a: Maushold|[spread] p2a,p2b\n|-damage|p2a: Maushold|25/100\n|-damage|p2b: Kingambit|76/100\n|replace|p2b: Zoroark|Zoroark-Hisui, L50, M, shiny\n|-end|p2b: Zoroark|Illusion\n|move|p2a: Maushold|Thunder Wave|p1a: woof\n|-status|p1a: woof|par\n|move|p2b: Zoroark|Icy Wind|p1a: woof|[spread] p1a,p1b\n|-resisted|p1a: woof|1\n|-supereffective|p1b: shark|2\n|-damage|p1a: woof|55/100 par\n|-damage|p1b: shark|50/100\n|-unboost|p1a: woof|spe|1\n|-unboost|p1b: shark|spe|1\n|move|p1a: woof|Flare Blitz|p2b: Zoroark\n|-damage|p2b: Zoroark|10/100\n|-damage|p1a: woof|41/100 par|[from] Recoil\n|\n|upkeep\n|turn|6\n|\n|t:|1776629583\n|move|p2a: Maushold|Population Bomb|p1a: woof\n|-damage|p1a: woof|36/100 par\n|-damage|p1a: woof|32/100 par\n|-damage|p1a: woof|27/100 par\n|-damage|p1a: woof|23/100 par\n|-damage|p1a: woof|18/100 par\n|-damage|p1a: woof|14/100 par\n|-crit|p1a: woof\n|-damage|p1a: woof|5/100 par\n|-damage|p1a: woof|0 fnt\n|faint|p1a: woof\n|-hitcount|p1: woof|8\n|move|p2b: Zoroark|Hyper Voice|p1b: shark\n|-damage|p1b: shark|8/100\n|move|p1b: shark|Rock Slide|p2a: Maushold|[spread] p2b\n|-miss|p1b: shark|p2a: Maushold\n|-damage|p2b: Zoroark|0 fnt\n|faint|p2b: Zoroark\n|\n|upkeep\n|-message|chino.bon forfeited.\n|\n|win|sittingcheese\n|raw|chino.bon's rating: 1125 &rarr; <strong>1106</strong><br />(-19 for losing)\n|raw|sittingcheese's rating: 1215 &rarr; <strong>1234</strong><br />(+19 for winning)\n|l|\u2606chino.bon\n|player|p1|\n",
  "uploadtime": 1776629611,
  "views": 17,
  "formatid": "gen9championsvgc2026regma",
  "rating": 1106,
  "private": 0,
  "password": null
}