{
  "id": "gen9championsvgc2026regma-2580937948",
  "format": "[Gen 9 Champions] VGC 2026 Reg M-A",
  "players": [
    "Serzxz",
    "la javineta"
  ],
  "log": "|j|\u2606Serzxz\n|j|\u2606la javineta\n|t:|1775944928\n|gametype|doubles\n|player|p1|Serzxz|101|1244\n|player|p2|la javineta|265|1341\n|gen|9\n|tier|[Gen 9 Champions] VGC 2026 Reg M-A\n|rated|\n|rule|Species Clause: Limit one of each Pok\u00e9mon\n|rule|Item Clause: Limit 1 of each item\n|clearpoke\n|poke|p1|Charizard, L50, F|\n|poke|p1|Sneasler, L50, F|\n|poke|p1|Maushold-Four, L50|\n|poke|p1|Kingambit, L50, F|\n|poke|p1|Dragapult, L50, F|\n|poke|p1|Garchomp, L50, F|\n|poke|p2|Heliolisk, L50, M|\n|poke|p2|Excadrill, L50, F|\n|poke|p2|Tyranitar, L50, F|\n|poke|p2|Aerodactyl, L50, F|\n|poke|p2|Milotic, L50, F|\n|poke|p2|Incineroar, L50, M|\n|teampreview|4\n|\n|t:|1775944980\n|teamsize|p1|4\n|teamsize|p2|4\n|start\n|switch|p1a: Charizard|Charizard, L50, F, shiny|100/100\n|switch|p1b: Dragapult|Dragapult, L50, F, shiny|100/100\n|switch|p2a: Milotic|Milotic, L50, F|100/100\n|switch|p2b: Aerodactyl|Aerodactyl, L50, F|100/100\n|-ability|p2b: Aerodactyl|Unnerve\n|turn|1\n|\n|t:|1775945001\n|switch|p2b: Incineroar|Incineroar, L50, M|100/100\n|-ability|p2b: Incineroar|Intimidate|boost\n|-unboost|p1a: Charizard|atk|1\n|-fail|p1b: Dragapult|unboost|[from] ability: Clear Body|[of] p1b: Dragapult\n|detailschange|p1a: Charizard|Charizard-Mega-Y, L50, F, shiny\n|-mega|p1a: Charizard|Charizard|Charizardite Y\n|-weather|SunnyDay|[from] ability: Drought|[of] p1a: Charizard\n|move|p1a: Charizard|Protect|p1a: Charizard\n|-singleturn|p1a: Charizard|Protect\n|move|p1b: Dragapult|Will-O-Wisp|p2b: Incineroar\n|-immune|p2b: Incineroar\n|move|p2a: Milotic|Coil|p2a: Milotic\n|-boost|p2a: Milotic|atk|1\n|-boost|p2a: Milotic|def|1\n|-boost|p2a: Milotic|accuracy|1\n|\n|-weather|SunnyDay|[upkeep]\n|upkeep\n|turn|2\n|\n|t:|1775945023\n|switch|p1a: Sneasler|Sneasler, L50, F, shiny|100/100\n|move|p2b: Incineroar|Fake Out|p1a: Sneasler\n|-damage|p1a: Sneasler|84/100\n|move|p1b: Dragapult|Thunderbolt|p2a: Milotic\n|-supereffective|p2a: Milotic|1\n|-damage|p2a: Milotic|68/100\n|move|p2a: Milotic|Hypnosis|p1a: Sneasler\n|-status|p1a: Sneasler|slp|[from] move: Hypnosis\n|\n|-weather|SunnyDay|[upkeep]\n|-heal|p2a: Milotic|74/100|[from] item: Leftovers\n|upkeep\n|turn|3\n|\n|t:|1775945046\n|switch|p1b: Kingambit|Kingambit, L50, F, shiny|100/100\n|cant|p1a: Sneasler|slp\n|move|p2a: Milotic|Scald|p1b: Kingambit\n|-damage|p1b: Kingambit|85/100\n|move|p2b: Incineroar|Throat Chop|p1b: Kingambit\n|-resisted|p1b: Kingambit|1\n|-damage|p1b: Kingambit|73/100\n|-start|p1b: Kingambit|Throat Chop|[silent]\n|\n|-weather|SunnyDay|[upkeep]\n|-heal|p2a: Milotic|81/100|[from] item: Leftovers\n|upkeep\n|turn|4\n|\n|t:|1775945066\n|switch|p1b: Dragapult|Dragapult, L50, F, shiny|100/100\n|cant|p1a: Sneasler|slp\n|move|p2a: Milotic|Coil|p2a: Milotic\n|-boost|p2a: Milotic|atk|1\n|-boost|p2a: Milotic|def|1\n|-boost|p2a: Milotic|accuracy|1\n|move|p2b: Incineroar|Flare Blitz|p1b: Dragapult\n|-resisted|p1b: Dragapult|1\n|-damage|p1b: Dragapult|53/100\n|-damage|p2b: Incineroar|87/100|[from] Recoil\n|\n|-weather|SunnyDay|[upkeep]\n|-heal|p2a: Milotic|87/100|[from] item: Leftovers\n|upkeep\n|turn|5\n|\n|t:|1775945084\n|switch|p1a: Charizard|Charizard-Mega-Y, L50, F, shiny|100/100\n|switch|p2b: Tyranitar|Tyranitar, L50, F|100/100\n|-weather|Sandstorm|[from] ability: Sand Stream|[of] p2b: Tyranitar\n|move|p1b: Dragapult|Thunderbolt|p2a: Milotic\n|-supereffective|p2a: Milotic|1\n|-damage|p2a: Milotic|54/100\n|move|p2a: Milotic|Hypnosis|p1a: Charizard\n|-status|p1a: Charizard|slp|[from] move: Hypnosis\n|\n|-weather|Sandstorm|[upkeep]\n|-damage|p1b: Dragapult|47/100|[from] Sandstorm\n|-damage|p1a: Charizard|94/100 slp|[from] Sandstorm\n|-damage|p2a: Milotic|47/100|[from] Sandstorm\n|-heal|p2a: Milotic|54/100|[from] item: Leftovers\n|upkeep\n|turn|6\n|-message|Serzxz forfeited.\n|\n|win|la javineta\n|raw|Serzxz's rating: 1244 &rarr; <strong>1226</strong><br />(-18 for losing)\n|raw|la javineta's rating: 1341 &rarr; <strong>1356</strong><br />(+15 for winning)\n|l|\u2606Serzxz\n|player|p1|\n",
  "uploadtime": 1775945100,
  "views": 34,
  "formatid": "gen9championsvgc2026regma",
  "rating": 1226,
  "private": 0,
  "password": null
}