{
  "id": "gen9championsvgc2026regma-2584827600",
  "format": "[Gen 9 Champions] VGC 2026 Reg M-A",
  "players": [
    "semant1c",
    "giovwater880"
  ],
  "log": "|j|\u2606semant1c\n|j|\u2606giovwater880\n|t:|1776286715\n|gametype|doubles\n|player|p1|semant1c|colress|1071\n|player|p2|giovwater880|2|1070\n|gen|9\n|tier|[Gen 9 Champions] VGC 2026 Reg M-A\n|rated|\n|rule|Species Clause: Limit one of each Pok\u00e9mon\n|rule|Item Clause: Limit 1 of each item\n|clearpoke\n|poke|p1|Incineroar, L50, F|\n|poke|p1|Gengar, L50, M|\n|poke|p1|Sinistcha-Masterpiece, L50|\n|poke|p1|Kingambit, L50, F|\n|poke|p1|Tyranitar, L50, M|\n|poke|p1|Kommo-o, L50, F|\n|poke|p2|Skarmory, L50, F|\n|poke|p2|Sneasler, L50, M|\n|poke|p2|Tyranitar, L50, F|\n|poke|p2|Rotom-Wash, L50|\n|poke|p2|Sinistcha, L50|\n|poke|p2|Whimsicott, L50, F|\n|teampreview|4\n|inactive|Battle timer is ON: inactive players will automatically lose when time's up. (requested by semant1c)\n|\n|t:|1776286757\n|teamsize|p1|4\n|teamsize|p2|4\n|start\n|switch|p1a: Incineroar|Incineroar, L50, F, shiny|100/100\n|switch|p1b: Gengar|Gengar, L50, M, shiny|100/100\n|switch|p2a: Skarmory|Skarmory, L50, F|100/100\n|switch|p2b: Tyranitar|Tyranitar, L50, F|100/100\n|-weather|Sandstorm|[from] ability: Sand Stream|[of] p2b: Tyranitar\n|-ability|p1a: Incineroar|Intimidate|boost\n|-unboost|p2a: Skarmory|atk|1\n|-unboost|p2b: Tyranitar|atk|1\n|turn|1\n|\n|t:|1776286776\n|detailschange|p1b: Gengar|Gengar-Mega, L50, M, shiny\n|-mega|p1b: Gengar|Gengar|Gengarite\n|detailschange|p2a: Skarmory|Skarmory-Mega, L50, F\n|-mega|p2a: Skarmory|Skarmory|Skarmorite\n|move|p1a: Incineroar|Fake Out|p2b: Tyranitar\n|-resisted|p2b: Tyranitar|1\n|-damage|p2b: Tyranitar|97/100\n|move|p1b: Gengar|Perish Song|p1b: Gengar\n|-start|p1a: Incineroar|perish3|[silent]\n|-start|p1b: Gengar|perish3|[silent]\n|-start|p2a: Skarmory|perish3|[silent]\n|-start|p2b: Tyranitar|perish3|[silent]\n|-fieldactivate|move: Perish Song\n|move|p2a: Skarmory|Swords Dance|p2a: Skarmory\n|-boost|p2a: Skarmory|atk|2\n|cant|p2b: Tyranitar|flinch\n|\n|-weather|Sandstorm|[upkeep]\n|-damage|p1b: Gengar|95/100|[from] Sandstorm\n|-damage|p1a: Incineroar|95/100|[from] Sandstorm\n|-start|p1b: Gengar|perish3\n|-start|p2a: Skarmory|perish3\n|-start|p2b: Tyranitar|perish3\n|-start|p1a: Incineroar|perish3\n|upkeep\n|turn|2\n|inactive|giovwater880 has 30 seconds left.\n|\n|t:|1776286802\n|move|p1b: Gengar|Protect|p1b: Gengar\n|-singleturn|p1b: Gengar|Protect\n|move|p1a: Incineroar|Protect|p1a: Incineroar\n|-singleturn|p1a: Incineroar|Protect\n|move|p2a: Skarmory|Drill Peck|p1b: Gengar\n|-activate|p1b: Gengar|move: Protect\n|move|p2b: Tyranitar|Crunch|p1b: Gengar\n|-activate|p1b: Gengar|move: Protect\n|\n|-weather|Sandstorm|[upkeep]\n|-damage|p1b: Gengar|89/100|[from] Sandstorm\n|-damage|p1a: Incineroar|89/100|[from] Sandstorm\n|-start|p1b: Gengar|perish2\n|-start|p2a: Skarmory|perish2\n|-start|p2b: Tyranitar|perish2\n|-start|p1a: Incineroar|perish2\n|upkeep\n|turn|3\n|inactive|semant1c has 30 seconds left.\n|\n|t:|1776286834\n|switch|p1b: Kingambit|Kingambit, L50, F, shiny|100/100\n|move|p2a: Skarmory|Drill Peck|p1b: Kingambit\n|-resisted|p1b: Kingambit|1\n|-damage|p1b: Kingambit|77/100\n|move|p2b: Tyranitar|Crunch|p1b: Kingambit\n|-resisted|p1b: Kingambit|1\n|-damage|p1b: Kingambit|65/100\n|move|p1a: Incineroar|Parting Shot|p2a: Skarmory\n|-unboost|p2a: Skarmory|atk|1\n|-unboost|p2a: Skarmory|spa|1\n|\n|t:|1776286846\n|switch|p1a: Gengar|Gengar-Mega, L50, M, shiny|89/100|[from] Parting Shot\n|\n|-weather|Sandstorm|[upkeep]\n|-damage|p1a: Gengar|83/100|[from] Sandstorm\n|-start|p2a: Skarmory|perish1\n|-start|p2b: Tyranitar|perish1\n|upkeep\n|turn|4\n|\n|t:|1776286865\n|move|p1a: Gengar|Protect|p1a: Gengar\n|-singleturn|p1a: Gengar|Protect\n|move|p1b: Kingambit|Protect|p1b: Kingambit\n|-singleturn|p1b: Kingambit|Protect\n|move|p2a: Skarmory|Drill Peck|p1a: Gengar\n|-activate|p1a: Gengar|move: Protect\n|move|p2b: Tyranitar|Crunch|p1a: Gengar\n|-activate|p1a: Gengar|move: Protect\n|\n|-weather|Sandstorm|[upkeep]\n|-damage|p1a: Gengar|77/100|[from] Sandstorm\n|-start|p2a: Skarmory|perish0\n|-start|p2b: Tyranitar|perish0\n|faint|p2a: Skarmory\n|faint|p2b: Tyranitar\n|upkeep\n|\n|t:|1776286885\n|switch|p2a: Whimsicott|Whimsicott, L50, F|100/100\n|switch|p2b: Rotom|Rotom-Wash, L50, shiny|100/100\n|turn|5\n|\n|t:|1776286901\n|move|p1b: Kingambit|Sucker Punch|p2b: Rotom\n|-damage|p2b: Rotom|49/100\n|-enditem|p2b: Rotom|Sitrus Berry|[eat]\n|-heal|p2b: Rotom|74/100|[from] item: Sitrus Berry\n|move|p1a: Gengar|Shadow Ball|p2b: Rotom\n|-damage|p2b: Rotom|16/100\n|move|p2a: Whimsicott|Moonblast|p1b: Kingambit\n|-damage|p1b: Kingambit|37/100\n|move|p2b: Rotom|Hydro Pump|p1b: Kingambit\n|-damage|p1b: Kingambit|0 fnt\n|faint|p1b: Kingambit\n|\n|-weather|none\n|upkeep\n|\n|t:|1776286922\n|switch|p1b: Incineroar|Incineroar, L50, F, shiny|89/100\n|-ability|p1b: Incineroar|Intimidate|boost\n|-unboost|p2a: Whimsicott|atk|1\n|-unboost|p2b: Rotom|atk|1\n|turn|6\n|\n|t:|1776286946\n|move|p1b: Incineroar|Fake Out|p2a: Whimsicott\n|-damage|p2a: Whimsicott|86/100\n|move|p1a: Gengar|Shadow Ball|p2b: Rotom\n|-damage|p2b: Rotom|0 fnt\n|faint|p2b: Rotom\n|cant|p2a: Whimsicott|flinch\n|\n|upkeep\n|turn|7\n|\n|t:|1776286967\n|move|p2a: Whimsicott|Encore|p1b: Incineroar\n|-hint|Since gen 7, Dark is immune to Prankster moves.\n|-immune|p1b: Incineroar\n|move|p1a: Gengar|Shadow Ball|p2a: Whimsicott\n|-damage|p2a: Whimsicott|17/100\n|move|p1b: Incineroar|Throat Chop|p2a: Whimsicott\n|-resisted|p2a: Whimsicott|1\n|-damage|p2a: Whimsicott|0 fnt\n|faint|p2a: Whimsicott\n|\n|win|semant1c\n|raw|semant1c's rating: 1071 &rarr; <strong>1100</strong><br />(+29 for winning)\n|raw|giovwater880's rating: 1070 &rarr; <strong>1050</strong><br />(-20 for losing)\n",
  "uploadtime": 1776286981,
  "views": 33,
  "formatid": "gen9championsvgc2026regma",
  "rating": 1050,
  "private": 0,
  "password": null
}