{
  "id": "gen9championsvgc2026regma-2585602509",
  "format": "[Gen 9 Champions] VGC 2026 Reg M-A",
  "players": [
    "droopyballz",
    "crazedjuggernaut"
  ],
  "log": "|j|\u2606droopyballz\n|j|\u2606crazedjuggernaut\n|t:|1776358233\n|gametype|doubles\n|player|p1|droopyballz|266|1206\n|player|p2|crazedjuggernaut|marshal|1274\n|gen|9\n|tier|[Gen 9 Champions] VGC 2026 Reg M-A\n|rated|\n|rule|Species Clause: Limit one of each Pok\u00e9mon\n|rule|Item Clause: Limit 1 of each item\n|clearpoke\n|poke|p1|Dragonite, L50, M|\n|poke|p1|Sneasler, L50, F|\n|poke|p1|Basculegion, L50, M|\n|poke|p1|Pelipper, L50, M|\n|poke|p1|Sinistcha, L50|\n|poke|p1|Archaludon, L50, M|\n|poke|p2|Sableye, L50, M|\n|poke|p2|Flapple, L50, M|\n|poke|p2|Empoleon, L50, M|\n|poke|p2|Sneasler, L50, F|\n|poke|p2|Talonflame, L50, F|\n|poke|p2|Gengar, L50, F|\n|teampreview|4\n|\n|t:|1776358278\n|teamsize|p1|4\n|teamsize|p2|4\n|start\n|switch|p1a: Pelipper|Pelipper, L50, M|100/100\n|switch|p1b: Basculegion|Basculegion, L50, M|100/100\n|switch|p2a: Sableye|Sableye, L50, M, shiny|100/100\n|switch|p2b: Flapple|Flapple, L50, M, shiny|100/100\n|-weather|RainDance|[from] ability: Drizzle|[of] p1a: Pelipper\n|turn|1\n|\n|t:|1776358297\n|move|p2a: Sableye|Quash|p1b: Basculegion\n|-activate|p1b: Basculegion|move: Quash\n|move|p2b: Flapple|Grav Apple|p1b: Basculegion\n|-supereffective|p1b: Basculegion|1\n|-damage|p1b: Basculegion|0 fnt\n|faint|p1b: Basculegion\n|move|p1a: Pelipper|Tailwind|p1a: Pelipper\n|-sidestart|p1: droopyballz|move: Tailwind\n|\n|-weather|RainDance|[upkeep]\n|upkeep\n|\n|t:|1776358309\n|switch|p1b: Archaludon|Archaludon, L50, M|100/100\n|turn|2\n|\n|t:|1776358324\n|move|p2a: Sableye|Quash|p1a: Pelipper\n|-activate|p1a: Pelipper|move: Quash\n|move|p1b: Archaludon|Dragon Pulse|p2a: Sableye\n|-damage|p2a: Sableye|45/100\n|move|p2b: Flapple|Grav Apple|p1a: Pelipper\n|-damage|p1a: Pelipper|23/100\n|-unboost|p1a: Pelipper|def|1\n|move|p1a: Pelipper|Hurricane|p2b: Flapple\n|-supereffective|p2b: Flapple|1\n|-damage|p2b: Flapple|0 fnt\n|faint|p2b: Flapple\n|\n|-weather|RainDance|[upkeep]\n|upkeep\n|\n|t:|1776358349\n|switch|p2b: Sneasler|Sneasler, L50, F|100/100\n|turn|3\n|\n|t:|1776358367\n|switch|p1b: Dragonite|Dragonite, L50, M|100/100\n|move|p2a: Sableye|Quash|p1a: Pelipper\n|-activate|p1a: Pelipper|move: Quash\n|move|p2b: Sneasler|Close Combat|p1a: Pelipper\n|-resisted|p1a: Pelipper|1\n|-damage|p1a: Pelipper|0 fnt\n|-unboost|p2b: Sneasler|def|1\n|-unboost|p2b: Sneasler|spd|1\n|faint|p1a: Pelipper\n|-enditem|p2b: Sneasler|White Herb\n|-clearnegativeboost|p2b: Sneasler|[silent]\n|\n|-weather|RainDance|[upkeep]\n|upkeep\n|\n|t:|1776358379\n|switch|p1a: Archaludon|Archaludon, L50, M|100/100\n|turn|4\n|\n|t:|1776358405\n|move|p2a: Sableye|Quash|p1a: Archaludon\n|-activate|p1a: Archaludon|move: Quash\n|move|p2b: Sneasler|Close Combat|p1a: Archaludon\n|-supereffective|p1a: Archaludon|1\n|-damage|p1a: Archaludon|0 fnt\n|-unboost|p2b: Sneasler|def|1\n|-unboost|p2b: Sneasler|spd|1\n|faint|p1a: Archaludon\n|move|p1b: Dragonite|Hurricane|p2a: Sableye\n|-damage|p2a: Sableye|0 fnt\n|faint|p2a: Sableye\n|\n|-weather|RainDance|[upkeep]\n|-sideend|p1: droopyballz|move: Tailwind\n|upkeep\n|\n|t:|1776358411\n|switch|p2a: Empoleon|Empoleon, L50, M|100/100\n|turn|5\n|\n|t:|1776358425\n|detailschange|p1b: Dragonite|Dragonite-Mega, L50, M\n|-mega|p1b: Dragonite|Dragonite|Dragoninite\n|move|p2b: Sneasler|Protect|p2b: Sneasler\n|-singleturn|p2b: Sneasler|Protect\n|move|p1b: Dragonite|Hurricane|p2b: Sneasler\n|-activate|p2b: Sneasler|move: Protect\n|move|p2a: Empoleon|Icy Wind|p1b: Dragonite\n|-supereffective|p1b: Dragonite|2\n|-damage|p1b: Dragonite|67/100\n|-unboost|p1b: Dragonite|spe|1\n|\n|-weather|none\n|upkeep\n|turn|6\n|\n|t:|1776358439\n|move|p2b: Sneasler|Dire Claw|p1b: Dragonite\n|-damage|p1b: Dragonite|33/100\n|-status|p1b: Dragonite|slp\n|cant|p1b: Dragonite|slp\n|move|p2a: Empoleon|Icy Wind|p1b: Dragonite|[miss]\n|-miss|p2a: Empoleon|p1b: Dragonite\n|\n|upkeep\n|turn|7\n|-message|droopyballz forfeited.\n|\n|win|crazedjuggernaut\n|raw|droopyballz's rating: 1206 &rarr; <strong>1186</strong><br />(-20 for losing)\n|raw|crazedjuggernaut's rating: 1274 &rarr; <strong>1294</strong><br />(+20 for winning)\n|l|\u2606droopyballz\n|player|p1|\n",
  "uploadtime": 1776358451,
  "views": 20,
  "formatid": "gen9championsvgc2026regma",
  "rating": 1186,
  "private": 0,
  "password": null
}