{
  "id": "gen9championsvgc2026regma-2580570176",
  "format": "[Gen 9 Champions] VGC 2026 Reg M-A",
  "players": [
    "AbishekScrafty25",
    "gold baguette"
  ],
  "log": "|j|\u2606AbishekScrafty25\n|j|\u2606gold baguette\n|t:|1775913957\n|gametype|doubles\n|player|p1|AbishekScrafty25|elesa|1034\n|player|p2|gold baguette|youngster-gen4dp|1095\n|gen|9\n|tier|[Gen 9 Champions] VGC 2026 Reg M-A\n|rated|\n|rule|Species Clause: Limit one of each Pok\u00e9mon\n|rule|Item Clause: Limit 1 of each item\n|clearpoke\n|poke|p1|Incineroar, L50, F|\n|poke|p1|Golurk, L50|\n|poke|p1|Pelipper, L50, M|\n|poke|p1|Blastoise, L50, M|\n|poke|p1|Hawlucha, L50, M|\n|poke|p1|Garganacl, L50, M|\n|poke|p2|Froslass, L50, F|\n|poke|p2|Incineroar, L50, M|\n|poke|p2|Orthworm, L50, F|\n|poke|p2|Garchomp, L50, F|\n|poke|p2|Rotom-Frost, L50|\n|poke|p2|Basculegion, L50, M|\n|teampreview|4\n|inactive|Battle timer is ON: inactive players will automatically lose when time's up. (requested by AbishekScrafty25)\n|\n|t:|1775913976\n|teamsize|p1|4\n|teamsize|p2|4\n|start\n|switch|p1a: Hawlucha|Hawlucha, L50, M|100/100\n|switch|p1b: Garganacl|Garganacl, L50, M|100/100\n|switch|p2a: Incineroar|Incineroar, L50, M|100/100\n|switch|p2b: Orthworm|Orthworm, L50, F, shiny|100/100\n|-ability|p2a: Incineroar|Intimidate|boost\n|-unboost|p1a: Hawlucha|atk|1\n|-unboost|p1b: Garganacl|atk|1\n|turn|1\n|\n|t:|1775913992\n|detailschange|p1a: Hawlucha|Hawlucha-Mega, L50, M\n|-mega|p1a: Hawlucha|Hawlucha|Hawluchanite\n|move|p2a: Incineroar|Fake Out|p1a: Hawlucha\n|-damage|p1a: Hawlucha|86/100\n|cant|p1a: Hawlucha|flinch\n|move|p2b: Orthworm|Iron Defense|p2b: Orthworm\n|-boost|p2b: Orthworm|def|2\n|move|p1b: Garganacl|Salt Cure|p2a: Incineroar\n|-supereffective|p2a: Incineroar|1\n|-damage|p2a: Incineroar|85/100\n|-start|p2a: Incineroar|Salt Cure\n|\n|-damage|p2a: Incineroar|79/100|[from] Salt Cure\n|upkeep\n|turn|2\n|\n|t:|1775914012\n|move|p1a: Hawlucha|Entrainment|p1b: Garganacl\n|-ability|p1b: Garganacl|No Guard|Purifying Salt|[from] move: Entrainment|[of] p1a: Hawlucha\n|move|p2b: Orthworm|Body Press|p1b: Garganacl\n|-supereffective|p1b: Garganacl|1\n|-damage|p1b: Garganacl|20/100\n|move|p2a: Incineroar|Parting Shot|p1a: Hawlucha\n|-unboost|p1a: Hawlucha|atk|1\n|-unboost|p1a: Hawlucha|spa|1\n|\n|t:|1775914025\n|switch|p2a: Garchomp|Garchomp, L50, F, shiny|100/100|[from] Parting Shot\n|move|p1b: Garganacl|Fissure|p2b: Orthworm\n|-immune|p2b: Orthworm|[from] ability: Earth Eater\n|\n|-heal|p1b: Garganacl|26/100|[from] item: Leftovers\n|upkeep\n|turn|3\n|c|\u2606gold baguette|WHAHAHAHAHA\n|c|\u2606gold baguette|WHAHAHAHA\n|c|\u2606gold baguette|laugh at the fool\n|\n|t:|1775914046\n|move|p1b: Garganacl|Protect|p1b: Garganacl\n|-singleturn|p1b: Garganacl|Protect\n|move|p1a: Hawlucha|Close Combat|p2b: Orthworm\n|-supereffective|p2b: Orthworm|1\n|-damage|p2b: Orthworm|80/100\n|-unboost|p1a: Hawlucha|def|1\n|-unboost|p1a: Hawlucha|spd|1\n|move|p2a: Garchomp|Earthquake|p1a: Hawlucha|[spread] \n|-activate|p1b: Garganacl|move: Protect\n|-heal|p2b: Orthworm|100/100|[from] ability: Earth Eater|[of] p2a: Garchomp\n|-immune|p1a: Hawlucha\n|move|p2b: Orthworm|Body Press|p1b: Garganacl\n|-activate|p1b: Garganacl|move: Protect\n|\n|-heal|p1b: Garganacl|32/100|[from] item: Leftovers\n|upkeep\n|turn|4\n|c|\u2606AbishekScrafty25|YOU TOXIC IDIOT SHUT UP\n|c|\u2606gold baguette|laugh at the fool\n|c|\u2606AbishekScrafty25|HAVENT EXPECTED U GUYS TO AHVE EATH REATEER\n|c|\u2606gold baguette|dude you can literally see my ability\n|c|\u2606gold baguette|lmao\n|inactive|AbishekScrafty25 has 30 seconds left.\n|inactive|AbishekScrafty25 has 20 seconds left.\n|inactive|AbishekScrafty25 has 15 seconds left.\n|\n|t:|1775914087\n|switch|p1a: Pelipper|Pelipper, L50, M|100/100\n|-weather|RainDance|[from] ability: Drizzle|[of] p1a: Pelipper\n|move|p2a: Garchomp|Earthquake|p1a: Pelipper|[spread] p1b\n|-immune|p2b: Orthworm|[from] ability: Earth Eater\n|-immune|p1a: Pelipper\n|-supereffective|p1b: Garganacl|1\n|-damage|p1b: Garganacl|0 fnt\n|faint|p1b: Garganacl\n|move|p2b: Orthworm|Body Press|p1a: Pelipper\n|-resisted|p1a: Pelipper|1\n|-damage|p1a: Pelipper|63/100\n|\n|-weather|RainDance|[upkeep]\n|upkeep\n|c|\u2606AbishekScrafty25|JHAVENT EXPECTED AFTER ALL MR IDIOT SUN\n|\n|t:|1775914104\n|switch|p1b: Blastoise|Blastoise, L50, M|100/100\n|turn|5\n|c|\u2606gold baguette|gang i dont even have a sandstorm setter why would i use sand veil on orthworm\n|\n|t:|1775914128\n|move|p2a: Garchomp|Protect|p2a: Garchomp\n|-singleturn|p2a: Garchomp|Protect\n|move|p1b: Blastoise|Water Spout|p2a: Garchomp|[spread] p2b\n|-activate|p2a: Garchomp|move: Protect\n|-crit|p2b: Orthworm\n|-damage|p2b: Orthworm|0 fnt\n|faint|p2b: Orthworm\n|move|p1a: Pelipper|Tailwind|p1a: Pelipper\n|-sidestart|p1: AbishekScrafty25|move: Tailwind\n|\n|-weather|RainDance|[upkeep]\n|upkeep\n|\n|t:|1775914136\n|switch|p2b: Froslass|Froslass, L50, F, shiny|100/100\n|turn|6\n|c|\u2606AbishekScrafty25|CUZ   YOURE NOT LIKE THT\n|c|\u2606gold baguette|lmaoo\n|\n|t:|1775914159\n|switch|p1a: Hawlucha|Hawlucha-Mega, L50, M|86/100\n|detailschange|p2b: Froslass|Froslass-Mega, L50, F, shiny\n|-mega|p2b: Froslass|Froslass|Froslassite\n|-weather|Snowscape|[from] ability: Snow Warning|[of] p2b: Froslass\n|move|p1b: Blastoise|Protect|p1b: Blastoise\n|-singleturn|p1b: Blastoise|Protect\n|move|p2b: Froslass|Protect|p2b: Froslass\n|-singleturn|p2b: Froslass|Protect\n|move|p2a: Garchomp|Rock Slide|p1a: Hawlucha|[spread] p1a\n|-activate|p1b: Blastoise|move: Protect\n|-damage|p1a: Hawlucha|60/100\n|\n|-weather|Snowscape|[upkeep]\n|upkeep\n|turn|7\n|inactive|AbishekScrafty25 has 30 seconds left.\n|\n|t:|1775914188\n|switch|p1a: Pelipper|Pelipper, L50, M|63/100\n|-weather|RainDance|[from] ability: Drizzle|[of] p1a: Pelipper\n|switch|p2a: Incineroar|Incineroar, L50, M|79/100\n|-ability|p2a: Incineroar|Intimidate|boost\n|-unboost|p1a: Pelipper|atk|1\n|-unboost|p1b: Blastoise|atk|1\n|move|p1b: Blastoise|Water Spout|p2b: Froslass|[spread] p2a,p2b\n|-supereffective|p2a: Incineroar|1\n|-damage|p2a: Incineroar|0 fnt\n|-damage|p2b: Froslass|5/100\n|faint|p2a: Incineroar\n|move|p2b: Froslass|Blizzard|p1a: Pelipper|[spread] p1a,p1b\n|-resisted|p1b: Blastoise|1\n|-damage|p1a: Pelipper|0 fnt\n|-damage|p1b: Blastoise|74/100\n|faint|p1a: Pelipper\n|\n|-weather|RainDance|[upkeep]\n|upkeep\n|c|\u2606gold baguette|foolish peasant\n|\n|t:|1775914206\n|switch|p1a: Hawlucha|Hawlucha-Mega, L50, M|60/100\n|switch|p2a: Garchomp|Garchomp, L50, F, shiny|100/100\n|turn|8\n|c|\u2606AbishekScrafty25|YOU BITCH SHUT UP\n|c|\u2606AbishekScrafty25|YOURE ANNOYING\n|inactive|AbishekScrafty25 has 30 seconds left.\n|\n|t:|1775914233\n|move|p2b: Froslass|Protect|p2b: Froslass\n|-singleturn|p2b: Froslass|Protect\n|move|p1a: Hawlucha|Close Combat|p2a: Garchomp\n|-damage|p2a: Garchomp|40/100\n|-unboost|p1a: Hawlucha|def|1\n|-unboost|p1a: Hawlucha|spd|1\n|move|p1b: Blastoise|Water Spout|p2a: Garchomp|[spread] p2a\n|-activate|p2b: Froslass|move: Protect\n|-damage|p2a: Garchomp|0 fnt\n|faint|p2a: Garchomp\n|\n|-weather|RainDance|[upkeep]\n|-sideend|p1: AbishekScrafty25|move: Tailwind\n|upkeep\n|turn|9\n|c|\u2606gold baguette|who used fissure no guard to an ORTHWORM\n|c|\u2606gold baguette|THO\n|c|\u2606gold baguette|like answer that\n|c|\u2606gold baguette|lmao lmao lmao\n|inactive|AbishekScrafty25 has 30 seconds left.\n|c|\u2606AbishekScrafty25|R U RAGE BITING OR SOMETHING ELSE\n|inactive|AbishekScrafty25 has 20 seconds left.\n|c|\u2606gold baguette|both\n|inactive|AbishekScrafty25 has 15 seconds left.\n|c|\u2606gold baguette|anyway i lose this gg\n|inactive|AbishekScrafty25 has 10 seconds left.\n|c|\u2606gold baguette|u still dum tho\n|inactive|AbishekScrafty25 has 5 seconds left.\n|\n|t:|1775914288\n|move|p2b: Froslass|Blizzard|p1b: Blastoise|[spread] p1a\n|-miss|p2b: Froslass|p1b: Blastoise\n|-supereffective|p1a: Hawlucha|1\n|-damage|p1a: Hawlucha|0 fnt\n|faint|p1a: Hawlucha\n|move|p1b: Blastoise|Water Spout|p2b: Froslass\n|-damage|p2b: Froslass|0 fnt\n|faint|p2b: Froslass\n|\n|win|AbishekScrafty25\n",
  "uploadtime": 1775914225,
  "views": 9,
  "formatid": "gen9championsvgc2026regma",
  "rating": null,
  "private": 0,
  "password": null
}