{
  "id": "gen9championsvgc2026regma-2581419401",
  "format": "[Gen 9 Champions] VGC 2026 Reg M-A",
  "players": [
    "Jay Jingles",
    "Lioxim"
  ],
  "log": "|j|\u2606Jay Jingles\n|j|\u2606Lioxim\n|t:|1775998513\n|gametype|doubles\n|player|p1|Jay Jingles|170|1000\n|player|p2|Lioxim|266|1091\n|gen|9\n|tier|[Gen 9 Champions] VGC 2026 Reg M-A\n|rated|\n|rule|Species Clause: Limit one of each Pok\u00e9mon\n|rule|Item Clause: Limit 1 of each item\n|clearpoke\n|poke|p1|Dragapult, L50, F|\n|poke|p1|Gardevoir, L50, F|\n|poke|p1|Primarina, L50, F|\n|poke|p1|Tsareena, L50, F|\n|poke|p1|Talonflame, L50, M|\n|poke|p1|Drampa, L50, F|\n|poke|p2|Tyranitar, L50, F|\n|poke|p2|Rotom-Wash, L50|\n|poke|p2|Garchomp, L50, F|\n|poke|p2|Aerodactyl, L50, M|\n|poke|p2|Sinistcha, L50|\n|poke|p2|Sneasler, L50, F|\n|teampreview|4\n|\n|t:|1775998543\n|teamsize|p1|4\n|teamsize|p2|4\n|start\n|switch|p1a: Dragapult|Dragapult, L50, F|100/100\n|switch|p1b: Gardevoir|Gardevoir, L50, F|100/100\n|switch|p2a: Tyranitar|Tyranitar, L50, F|100/100\n|switch|p2b: Sneasler|Sneasler, L50, F|100/100\n|-weather|Sandstorm|[from] ability: Sand Stream|[of] p2a: Tyranitar\n|turn|1\n|inactive|Battle timer is ON: inactive players will automatically lose when time's up. (requested by Lioxim)\n|\n|t:|1775998567\n|switch|p1a: Tsareena|Tsareena, L50, F|100/100\n|detailschange|p1b: Gardevoir|Gardevoir-Mega, L50, F\n|-mega|p1b: Gardevoir|Gardevoir|Gardevoirite\n|detailschange|p2a: Tyranitar|Tyranitar-Mega, L50, F\n|-mega|p2a: Tyranitar|Tyranitar|Tyranitarite\n|move|p2b: Sneasler|Fake Out||[still]\n|cant|p1a: Tsareena|ability: Queenly Majesty|Fake Out|[of] p2b: Sneasler\n|move|p1b: Gardevoir|Hyper Voice|p2b: Sneasler|[spread] p2a,p2b\n|-supereffective|p2a: Tyranitar|1\n|-damage|p2a: Tyranitar|36/100\n|-damage|p2b: Sneasler|22/100\n|move|p2a: Tyranitar|Knock Off|p1a: Tsareena\n|-damage|p1a: Tsareena|28/100\n|-enditem|p1a: Tsareena|Occa Berry|[from] move: Knock Off|[of] p2a: Tyranitar\n|\n|-weather|Sandstorm|[upkeep]\n|-damage|p2b: Sneasler|16/100|[from] Sandstorm\n|-damage|p1b: Gardevoir|94/100|[from] Sandstorm\n|-damage|p1a: Tsareena|22/100|[from] Sandstorm\n|upkeep\n|turn|2\n|inactive|Jay Jingles has 30 seconds left.\n|inactive|Lioxim has 30 seconds left.\n|inactive|Lioxim has 20 seconds left.\n|\n|t:|1775998605\n|switch|p2b: Sinistcha|Sinistcha, L50|100/100\n|-heal|p2a: Tyranitar|61/100|[from] ability: Hospitality|[of] p2b: Sinistcha\n|move|p1b: Gardevoir|Protect|p1b: Gardevoir\n|-singleturn|p1b: Gardevoir|Protect\n|move|p2a: Tyranitar|Protect|p2a: Tyranitar\n|-singleturn|p2a: Tyranitar|Protect\n|move|p1a: Tsareena|U-turn|p2a: Tyranitar\n|-activate|p2a: Tyranitar|move: Protect\n|\n|-weather|Sandstorm|[upkeep]\n|-damage|p1b: Gardevoir|88/100|[from] Sandstorm\n|-damage|p1a: Tsareena|16/100|[from] Sandstorm\n|-damage|p2b: Sinistcha|94/100|[from] Sandstorm\n|-heal|p2b: Sinistcha|100/100|[from] item: Leftovers\n|upkeep\n|turn|3\n|inactive|Lioxim has 30 seconds left.\n|inactive|Lioxim has 20 seconds left.\n|inactive|Lioxim has 15 seconds left.\n|inactive|Lioxim has 10 seconds left.\n|\n|t:|1775998654\n|switch|p2a: Sneasler|Sneasler, L50, F|16/100\n|switch|p1a: Dragapult|Dragapult, L50, F|100/100\n|move|p1b: Gardevoir|Hyper Voice|p2a: Sneasler|[spread] p2a,p2b\n|-damage|p2a: Sneasler|0 fnt\n|-damage|p2b: Sinistcha|30/100\n|faint|p2a: Sneasler\n|move|p2b: Sinistcha|Matcha Gotcha|p1a: Dragapult|[spread] p1a\n|-miss|p2b: Sinistcha|p1b: Gardevoir\n|-resisted|p1a: Dragapult|1\n|-damage|p1a: Dragapult|84/100\n|-heal|p2b: Sinistcha|38/100|[from] drain|[of] p1a: Dragapult\n|\n|-weather|Sandstorm|[upkeep]\n|-damage|p1a: Dragapult|78/100|[from] Sandstorm\n|-damage|p1b: Gardevoir|82/100|[from] Sandstorm\n|-damage|p2b: Sinistcha|31/100|[from] Sandstorm\n|-heal|p2b: Sinistcha|38/100|[from] item: Leftovers\n|upkeep\n|\n|t:|1775998665\n|switch|p2a: Garchomp|Garchomp, L50, F|100/100\n|turn|4\n|\n|t:|1775998683\n|move|p1b: Gardevoir|Protect|p1b: Gardevoir\n|-singleturn|p1b: Gardevoir|Protect\n|move|p1a: Dragapult|Dragon Darts|p2a: Garchomp\n|-supereffective|p2a: Garchomp|1\n|-damage|p2a: Garchomp|48/100\n|-anim|p1a: Dragapult|Dragon Darts|p2b: Sinistcha\n|-damage|p2b: Sinistcha|20/100\n|move|p2a: Garchomp|Poison Jab|p1b: Gardevoir\n|-activate|p1b: Gardevoir|move: Protect\n|move|p2b: Sinistcha|Strength Sap|p1a: Dragapult\n|-fail|p1a: Dragapult|unboost|[from] ability: Clear Body|[of] p1a: Dragapult\n|-heal|p2b: Sinistcha|100/100\n|\n|-weather|Sandstorm|[upkeep]\n|-damage|p1a: Dragapult|72/100|[from] Sandstorm\n|-damage|p1b: Gardevoir|76/100|[from] Sandstorm\n|-damage|p2b: Sinistcha|94/100|[from] Sandstorm\n|-heal|p2b: Sinistcha|100/100|[from] item: Leftovers\n|upkeep\n|turn|5\n|-message|Lioxim forfeited.\n|\n|win|Jay Jingles\n|raw|Jay Jingles's rating: 1000 &rarr; <strong>1050</strong><br />(+50 for winning)\n|raw|Lioxim's rating: 1091 &rarr; <strong>1061</strong><br />(-30 for losing)\n|l|\u2606Lioxim\n|player|p2|\n",
  "uploadtime": 1775998695,
  "views": 21,
  "formatid": "gen9championsvgc2026regma",
  "rating": 1050,
  "private": 0,
  "password": null
}