{
  "id": "gen9championsvgc2026regma-2583484592",
  "format": "[Gen 9 Champions] VGC 2026 Reg M-A",
  "players": [
    "toriluve",
    "Illdawnfox"
  ],
  "log": "|j|\u2606toriluve\n|j|\u2606Illdawnfox\n|t:|1776178603\n|gametype|doubles\n|player|p1|toriluve|wallace|1029\n|player|p2|Illdawnfox|266|1000\n|gen|9\n|tier|[Gen 9 Champions] VGC 2026 Reg M-A\n|rated|\n|rule|Species Clause: Limit one of each Pok\u00e9mon\n|rule|Item Clause: Limit 1 of each item\n|clearpoke\n|poke|p1|Meganium, L50, F|\n|poke|p1|Torkoal, L50, M|\n|poke|p1|Pelipper, L50, F|\n|poke|p1|Beartic, L50, M|\n|poke|p1|Incineroar, L50, M|\n|poke|p1|Aegislash, L50, F|\n|poke|p2|Tyranitar, L50, M|\n|poke|p2|Garchomp, L50, M|\n|poke|p2|Excadrill, L50, F|\n|poke|p2|Aerodactyl, L50, F|\n|poke|p2|Forretress, L50, M|\n|poke|p2|Sableye, L50, F|\n|teampreview|4\n|inactive|Battle timer is ON: inactive players will automatically lose when time's up. (requested by Illdawnfox)\ntoriluve has agreed to open team sheets.\n|\n|t:|1776178626\n|teamsize|p1|4\n|teamsize|p2|4\n|start\n|switch|p1a: Pelipper|Pelipper, L50, F|100/100\n|switch|p1b: Beartic|Beartic, L50, M, shiny|100/100\n|switch|p2a: Aerodactyl|Aerodactyl, L50, F|100/100\n|switch|p2b: Tyranitar|Tyranitar, L50, M|100/100\n|-weather|RainDance|[from] ability: Drizzle|[of] p1a: Pelipper\n|-weather|Sandstorm|[from] ability: Sand Stream|[of] p2b: Tyranitar\n|turn|1\n|inactive|toriluve has 30 seconds left.\n|\n|t:|1776178655\n|switch|p1a: Incineroar|Incineroar, L50, M, shiny|100/100\n|-ability|p1a: Incineroar|Intimidate|boost\n|-unboost|p2a: Aerodactyl|atk|1\n|-unboost|p2b: Tyranitar|atk|1\n|move|p2b: Tyranitar|Protect|p2b: Tyranitar\n|-singleturn|p2b: Tyranitar|Protect\n|move|p2a: Aerodactyl|Rock Slide|p1a: Incineroar|[spread] p1a,p1b\n|-supereffective|p1a: Incineroar|1\n|-supereffective|p1b: Beartic|1\n|-damage|p1a: Incineroar|73/100\n|-damage|p1b: Beartic|68/100\n|move|p1b: Beartic|Swords Dance|p1b: Beartic\n|-boost|p1b: Beartic|atk|2\n|\n|-weather|Sandstorm|[upkeep]\n|-damage|p1b: Beartic|61/100|[from] Sandstorm\n|-damage|p1a: Incineroar|67/100|[from] Sandstorm\n|upkeep\n|turn|2\n|inactive|toriluve has 30 seconds left.\n|\n|t:|1776178686\n|switch|p1a: Pelipper|Pelipper, L50, F|100/100\n|-weather|RainDance|[from] ability: Drizzle|[of] p1a: Pelipper\n|detailschange|p2b: Tyranitar|Tyranitar-Mega, L50, M\n|-mega|p2b: Tyranitar|Tyranitar|Tyranitarite\n|-weather|Sandstorm|[from] ability: Sand Stream|[of] p2b: Tyranitar\n|move|p2a: Aerodactyl|Rock Slide|p1b: Beartic|[spread] p1a,p1b\n|-supereffective|p1a: Pelipper|1\n|-supereffective|p1b: Beartic|1\n|-damage|p1a: Pelipper|64/100\n|-damage|p1b: Beartic|31/100\n|cant|p1b: Beartic|flinch\n|move|p2b: Tyranitar|Rock Slide|p1a: Pelipper|[spread] p1b\n|-miss|p2b: Tyranitar|p1a: Pelipper\n|-supereffective|p1b: Beartic|1\n|-damage|p1b: Beartic|0 fnt\n|faint|p1b: Beartic\n|\n|-weather|Sandstorm|[upkeep]\n|-damage|p1a: Pelipper|58/100|[from] Sandstorm\n|-heal|p1a: Pelipper|64/100|[from] item: Leftovers\n|upkeep\n|c|\u2606toriluve|rip\n|inactive|toriluve has 30 seconds left.\n|\n|t:|1776178711\n|switch|p1b: Meganium|Meganium, L50, F|100/100\n|turn|3\n|\n|t:|1776178729\n|switch|p2b: Garchomp|Garchomp, L50, M|100/100\n|detailschange|p1b: Meganium|Meganium-Mega, L50, F\n|-mega|p1b: Meganium|Meganium|Meganiumite\n|move|p2a: Aerodactyl|Taunt|p1b: Meganium\n|-start|p1b: Meganium|move: Taunt\n|move|p1b: Meganium|Solar Beam||[still]\n|-prepare|p1b: Meganium|Solar Beam\n|-activate|p1b: Meganium|ability: Mega Sol\n|-anim|p1b: Meganium|Solar Beam|p2b: Garchomp|[miss]\n|-miss|p1b: Meganium|p2b: Garchomp\n|move|p1a: Pelipper|Tailwind|p1a: Pelipper\n|-sidestart|p1: toriluve|move: Tailwind\n|\n|-weather|Sandstorm|[upkeep]\n|-damage|p1b: Meganium|95/100|[from] Sandstorm\n|-damage|p1a: Pelipper|58/100|[from] Sandstorm\n|-heal|p1a: Pelipper|64/100|[from] item: Leftovers\n|upkeep\n|turn|4\n|\n|t:|1776178749\n|switch|p1a: Incineroar|Incineroar, L50, M, shiny|67/100\n|-ability|p1a: Incineroar|Intimidate|boost\n|-unboost|p2a: Aerodactyl|atk|1\n|-unboost|p2b: Garchomp|atk|1\n|move|p1b: Meganium|Weather Ball|p2a: Aerodactyl\n|-resisted|p2a: Aerodactyl|1\n|-damage|p2a: Aerodactyl|61/100\n|move|p2a: Aerodactyl|Tailwind|p2a: Aerodactyl\n|-sidestart|p2: Illdawnfox|move: Tailwind\n|move|p2b: Garchomp|Iron Head|p1b: Meganium\n|-supereffective|p1b: Meganium|1\n|-damage|p1b: Meganium|64/100\n|\n|-weather|Sandstorm|[upkeep]\n|-damage|p1b: Meganium|58/100|[from] Sandstorm\n|-damage|p1a: Incineroar|60/100|[from] Sandstorm\n|upkeep\n|turn|5\n|inactive|toriluve has 30 seconds left.\n|\n|t:|1776178775\n|move|p1a: Incineroar|Fake Out|p2b: Garchomp\n|-damage|p2b: Garchomp|87/100\n|move|p2a: Aerodactyl|Sandstorm||[still]\n|-fail|p2a: Aerodactyl\n|cant|p2b: Garchomp|flinch\n|move|p1b: Meganium|Solar Beam||[still]\n|-prepare|p1b: Meganium|Solar Beam\n|-activate|p1b: Meganium|ability: Mega Sol\n|-anim|p1b: Meganium|Solar Beam|p2a: Aerodactyl\n|-damage|p2a: Aerodactyl|0 fnt\n|faint|p2a: Aerodactyl\n|\n|-weather|Sandstorm|[upkeep]\n|-damage|p1b: Meganium|52/100|[from] Sandstorm\n|-damage|p1a: Incineroar|54/100|[from] Sandstorm\n|-end|p1b: Meganium|move: Taunt\n|upkeep\n|\n|t:|1776178783\n|switch|p2a: Excadrill|Excadrill, L50, F|100/100\n|turn|6\n|\n|t:|1776178810\n|switch|p1a: Pelipper|Pelipper, L50, F|64/100\n|-weather|RainDance|[from] ability: Drizzle|[of] p1a: Pelipper\n|move|p2b: Garchomp|Iron Head|p1b: Meganium\n|-supereffective|p1b: Meganium|1\n|-damage|p1b: Meganium|20/100\n|move|p2a: Excadrill|Earthquake|p1a: Pelipper|[spread] p2b,p1b\n|-immune|p1a: Pelipper\n|-resisted|p1b: Meganium|1\n|-damage|p2b: Garchomp|43/100\n|-damage|p1b: Meganium|1/100\n|move|p1b: Meganium|Solar Beam||[still]\n|-prepare|p1b: Meganium|Solar Beam\n|-activate|p1b: Meganium|ability: Mega Sol\n|-anim|p1b: Meganium|Solar Beam|p2a: Excadrill\n|-damage|p2a: Excadrill|13/100\n|\n|-weather|RainDance|[upkeep]\n|-heal|p1a: Pelipper|70/100|[from] item: Leftovers\n|-sideend|p1: toriluve|move: Tailwind\n|upkeep\n|turn|7\n|\n|t:|1776178832\n|switch|p2b: Tyranitar|Tyranitar-Mega, L50, M|100/100\n|-weather|Sandstorm|[from] ability: Sand Stream|[of] p2b: Tyranitar\n|move|p1b: Meganium|Protect|p1b: Meganium\n|-singleturn|p1b: Meganium|Protect\n|move|p2a: Excadrill|Rock Slide|p1b: Meganium|[spread] \n|-activate|p1b: Meganium|move: Protect\n|-miss|p2a: Excadrill|p1a: Pelipper\n|move|p1a: Pelipper|Surf|p2a: Excadrill|[spread] p2a,p2b\n|-activate|p1b: Meganium|move: Protect\n|-supereffective|p2a: Excadrill|1\n|-supereffective|p2b: Tyranitar|1\n|-damage|p2a: Excadrill|0 fnt\n|-damage|p2b: Tyranitar|79/100\n|faint|p2a: Excadrill\n|\n|-weather|Sandstorm|[upkeep]\n|-damage|p1b: Meganium|0 fnt|[from] Sandstorm\n|-damage|p1a: Pelipper|64/100|[from] Sandstorm\n|faint|p1b: Meganium\n|-heal|p1a: Pelipper|70/100|[from] item: Leftovers\n|-sideend|p2: Illdawnfox|move: Tailwind\n|upkeep\n|\n|t:|1776178849\n|switch|p2a: Garchomp|Garchomp, L50, M|43/100\n|switch|p1b: Incineroar|Incineroar, L50, M, shiny|54/100\n|-ability|p1b: Incineroar|Intimidate|boost\n|-unboost|p2a: Garchomp|atk|1\n|-unboost|p2b: Tyranitar|atk|1\n|turn|8\n|\n|t:|1776178872\n|move|p1b: Incineroar|Fake Out|p2b: Tyranitar\n|-resisted|p2b: Tyranitar|1\n|-damage|p2b: Tyranitar|75/100\n|move|p2a: Garchomp|Dragon Claw|p1a: Pelipper\n|-damage|p1a: Pelipper|42/100\n|move|p1a: Pelipper|Tailwind|p1a: Pelipper\n|-sidestart|p1: toriluve|move: Tailwind\n|cant|p2b: Tyranitar|flinch\n|\n|-weather|Sandstorm|[upkeep]\n|-damage|p1a: Pelipper|36/100|[from] Sandstorm\n|-damage|p1b: Incineroar|48/100|[from] Sandstorm\n|-enditem|p1b: Incineroar|Sitrus Berry|[eat]\n|-heal|p1b: Incineroar|73/100|[from] item: Sitrus Berry\n|-heal|p1a: Pelipper|42/100|[from] item: Leftovers\n|upkeep\n|turn|9\n|\n|t:|1776178890\n|move|p1a: Pelipper|Surf|p2b: Tyranitar|[spread] p1b,p2a,p2b\n|-supereffective|p1b: Incineroar|1\n|-supereffective|p2b: Tyranitar|1\n|-damage|p1b: Incineroar|19/100\n|-damage|p2a: Garchomp|10/100\n|-damage|p2b: Tyranitar|54/100\n|move|p2a: Garchomp|Dragon Claw|p1a: Pelipper\n|-damage|p1a: Pelipper|13/100\n|move|p1b: Incineroar|Darkest Lariat|p2a: Garchomp\n|-damage|p2a: Garchomp|0 fnt\n|faint|p2a: Garchomp\n|move|p2b: Tyranitar|Rock Slide|p1b: Incineroar|[spread] p1a,p1b\n|-supereffective|p1a: Pelipper|1\n|-supereffective|p1b: Incineroar|1\n|-damage|p1a: Pelipper|0 fnt\n|-damage|p1b: Incineroar|0 fnt\n|faint|p1a: Pelipper\n|faint|p1b: Incineroar\n|\n|win|Illdawnfox\n|raw|toriluve's rating: 1029 &rarr; <strong>1013</strong><br />(-16 for losing)\n|raw|Illdawnfox's rating: 1000 &rarr; <strong>1043</strong><br />(+43 for winning)\n|c|\u2606Illdawnfox|Gg\n|c|\u2606toriluve|ggs\n",
  "uploadtime": 1776178911,
  "views": 11,
  "formatid": "gen9championsvgc2026regma",
  "rating": 1013,
  "private": 0,
  "password": null
}