{
  "id": "gen9championsvgc2026regma-2583333264",
  "format": "[Gen 9 Champions] VGC 2026 Reg M-A",
  "players": [
    "kot10987",
    "SHyperdestroyerVGC"
  ],
  "log": "|j|\u2606kot10987\n|j|\u2606SHyperdestroyerVGC\n|t:|1776167764\n|gametype|doubles\n|player|p1|kot10987|102|1164\n|player|p2|SHyperdestroyerVGC|lady|1184\n|gen|9\n|tier|[Gen 9 Champions] VGC 2026 Reg M-A\n|rated|\n|rule|Species Clause: Limit one of each Pok\u00e9mon\n|rule|Item Clause: Limit 1 of each item\n|clearpoke\n|poke|p1|Kangaskhan, L50, F|\n|poke|p1|Sneasler, L50, F|\n|poke|p1|Hydreigon, L50, F|\n|poke|p1|Arcanine, L50, M|\n|poke|p1|Aegislash, L50, F|\n|poke|p1|Gyarados, L50, M|\n|poke|p2|Charizard, L50, M|\n|poke|p2|Venusaur, L50, M|\n|poke|p2|Whimsicott, L50, F|\n|poke|p2|Kingambit, L50, M|\n|poke|p2|Kommo-o, L50, F|\n|poke|p2|Typhlosion-Hisui, L50, M|\n|teampreview|4\nSHyperdestroyerVGC has agreed to open team sheets.\n|\n|t:|1776167788\n|teamsize|p1|4\n|teamsize|p2|4\n|start\n|switch|p1a: Kangaskhan|Kangaskhan, L50, F|100/100\n|switch|p1b: Hydreigon|Hydreigon, L50, F|100/100\n|switch|p2a: Charizard|Charizard, L50, M|100/100\n|switch|p2b: Venusaur|Venusaur, L50, M|100/100\n|turn|1\n|\n|t:|1776167801\n|detailschange|p1a: Kangaskhan|Kangaskhan-Mega, L50, F\n|-mega|p1a: Kangaskhan|Kangaskhan|Kangaskhanite\n|detailschange|p2a: Charizard|Charizard-Mega-Y, L50, M\n|-mega|p2a: Charizard|Charizard|Charizardite Y\n|-weather|SunnyDay|[from] ability: Drought|[of] p2a: Charizard\n|move|p2a: Charizard|Protect|p2a: Charizard\n|-singleturn|p2a: Charizard|Protect\n|move|p1a: Kangaskhan|Fake Out|p2a: Charizard\n|-activate|p2a: Charizard|move: Protect\n|move|p2b: Venusaur|Sleep Powder|p1b: Hydreigon\n|-status|p1b: Hydreigon|slp|[from] move: Sleep Powder\n|cant|p1b: Hydreigon|slp\n|\n|-weather|SunnyDay|[upkeep]\n|upkeep\n|turn|2\n|\n|t:|1776167824\n|move|p2b: Venusaur|Sleep Powder|p1a: Kangaskhan|[miss]\n|-miss|p2b: Venusaur|p1a: Kangaskhan\n|move|p1a: Kangaskhan|Double-Edge|p2a: Charizard\n|-damage|p2a: Charizard|36/100\n|-damage|p2a: Charizard|19/100\n|-hitcount|p2a: Charizard|2\n|-damage|p1a: Kangaskhan|75/100|[from] Recoil\n|-curestatus|p1b: Hydreigon|slp|[msg]\n|move|p1b: Hydreigon|Tailwind|p1b: Hydreigon\n|-sidestart|p1: kot10987|move: Tailwind\n|move|p2a: Charizard|Heat Wave|p1a: Kangaskhan|[spread] p1a,p1b\n|-resisted|p1b: Hydreigon|1\n|-damage|p1a: Kangaskhan|16/100\n|-damage|p1b: Hydreigon|66/100\n|\n|-weather|SunnyDay|[upkeep]\n|upkeep\n|turn|3\n|\n|t:|1776167854\n|switch|p2b: Whimsicott|Whimsicott, L50, F|100/100\n|move|p1a: Kangaskhan|Sucker Punch|p2a: Charizard\n|-damage|p2a: Charizard|0 fnt\n|faint|p2a: Charizard\n|-hitcount|p2: Charizard|1\n|move|p1b: Hydreigon|Dark Pulse|p2b: Whimsicott\n|-resisted|p2b: Whimsicott|1\n|-damage|p2b: Whimsicott|78/100\n|\n|-weather|SunnyDay|[upkeep]\n|upkeep\n|\n|t:|1776167867\n|switch|p2a: Venusaur|Venusaur, L50, M|100/100\n|turn|4\n|\n|t:|1776167887\n|move|p1b: Hydreigon|Protect|p1b: Hydreigon\n|-singleturn|p1b: Hydreigon|Protect\n|move|p2b: Whimsicott|Tailwind|p2b: Whimsicott\n|-sidestart|p2: SHyperdestroyerVGC|move: Tailwind\n|move|p2a: Venusaur|Sludge Bomb|p1a: Kangaskhan\n|-damage|p1a: Kangaskhan|0 fnt\n|faint|p1a: Kangaskhan\n|\n|-weather|SunnyDay|[upkeep]\n|upkeep\n|\n|t:|1776167895\n|switch|p1a: Arcanine|Arcanine, L50, M|100/100\n|-ability|p1a: Arcanine|Intimidate|boost\n|-unboost|p2a: Venusaur|atk|1\n|-unboost|p2b: Whimsicott|atk|1\n|turn|5\n|\n|t:|1776167914\n|move|p2a: Venusaur|Sleep Powder|p1a: Arcanine|[miss]\n|-miss|p2a: Venusaur|p1a: Arcanine\n|move|p1a: Arcanine|Flare Blitz|p2a: Venusaur\n|-supereffective|p2a: Venusaur|1\n|-damage|p2a: Venusaur|0 fnt\n|faint|p2a: Venusaur\n|-damage|p1a: Arcanine|65/100|[from] Recoil\n|move|p1b: Hydreigon|Tailwind||[still]\n|-fail|p1b: Hydreigon\n|move|p2b: Whimsicott|Moonblast|p1b: Hydreigon\n|-supereffective|p1b: Hydreigon|2\n|-damage|p1b: Hydreigon|0 fnt\n|faint|p1b: Hydreigon\n|\n|-weather|none\n|-sideend|p1: kot10987|move: Tailwind\n|upkeep\n|\n|t:|1776167928\n|switch|p1b: Sneasler|Sneasler, L50, F|100/100\n|switch|p2a: Typhlosion|Typhlosion-Hisui, L50, M|100/100\n|turn|6\n|\n|t:|1776167939\n|move|p1b: Sneasler|Fake Out|p2a: Typhlosion\n|-immune|p2a: Typhlosion\n|move|p2b: Whimsicott|Sunny Day|p2b: Whimsicott\n|-weather|SunnyDay\n|move|p2a: Typhlosion|Eruption|p1a: Arcanine|[spread] p1a,p1b\n|-resisted|p1a: Arcanine|1\n|-damage|p1a: Arcanine|13/100\n|-damage|p1b: Sneasler|0 fnt\n|-enditem|p1a: Arcanine|Sitrus Berry|[eat]\n|-heal|p1a: Arcanine|38/100|[from] item: Sitrus Berry\n|faint|p1b: Sneasler\n|move|p1a: Arcanine|Flare Blitz|p2b: Whimsicott\n|-supereffective|p2b: Whimsicott|1\n|-damage|p2b: Whimsicott|0 fnt\n|faint|p2b: Whimsicott\n|-damage|p1a: Arcanine|14/100|[from] Recoil\n|\n|-weather|SunnyDay|[upkeep]\n|upkeep\n|turn|7\n|\n|t:|1776167961\n|move|p2a: Typhlosion|Eruption|p1a: Arcanine\n|-resisted|p1a: Arcanine|1\n|-damage|p1a: Arcanine|0 fnt\n|faint|p1a: Arcanine\n|\n|win|SHyperdestroyerVGC\n|raw|kot10987's rating: 1164 &rarr; <strong>1140</strong><br />(-24 for losing)\n|raw|SHyperdestroyerVGC's rating: 1184 &rarr; <strong>1208</strong><br />(+24 for winning)\n|l|\u2606kot10987\n|player|p1|\n",
  "uploadtime": 1776167970,
  "views": 19,
  "formatid": "gen9championsvgc2026regma",
  "rating": 1140,
  "private": 0,
  "password": null
}