{
  "id": "gen9championsvgc2026regma-2587602547",
  "format": "[Gen 9 Champions] VGC 2026 Reg M-A",
  "players": [
    "Johten",
    "ligsitelhda in rx"
  ],
  "log": "|j|\u2606Johten\n|j|\u203dligsitelhda in rx\n|t:|1776546046\n|gametype|doubles\n|player|p1|Johten|veteran|1115\n|player|p2|ligsitelhda in rx|pokemaniac|1069\n|gen|9\n|tier|[Gen 9 Champions] VGC 2026 Reg M-A\n|rated|\n|rule|Species Clause: Limit one of each Pok\u00e9mon\n|rule|Item Clause: Limit 1 of each item\n|clearpoke\n|poke|p1|Aggron, L50, M|\n|poke|p1|Farigiraf, L50, M|\n|poke|p1|Gallade, L50, M|\n|poke|p1|Luxray, L50, F|\n|poke|p1|Aerodactyl, L50, M|\n|poke|p1|Milotic, L50, M|\n|poke|p2|Tyranitar, L50, M|\n|poke|p2|Excadrill, L50, M|\n|poke|p2|Garchomp, L50, M|\n|poke|p2|Incineroar, L50, F|\n|poke|p2|Ariados, L50, F|\n|poke|p2|Luxray, L50, M|\n|teampreview|4\n|inactive|Battle timer is ON: inactive players will automatically lose when time's up. (requested by Johten)\n|c|\u2606Johten|I know why *I'm* using Luxray, why on earth are you using him\n|inactive|Johten has 60 seconds left.\n|\n|t:|1776546098\n|teamsize|p1|4\n|teamsize|p2|4\n|start\n|switch|p1a: Milotic|Milotic, L50, M|100/100\n|switch|p1b: Aggron|Aggron, L50, M|100/100\n|switch|p2a: Tyranitar|Tyranitar, L50, M|100/100\n|switch|p2b: Excadrill|Excadrill, L50, M|100/100\n|-weather|Sandstorm|[from] ability: Sand Stream|[of] p2a: Tyranitar\n|turn|1\n|inactive|ligsitelhda in rx has 30 seconds left.\n|\n|t:|1776546132\n|switch|p1a: Luxray|Luxray, L50, F|100/100\n|-ability|p1a: Luxray|Intimidate|boost\n|-unboost|p2a: Tyranitar|atk|1\n|-unboost|p2b: Excadrill|atk|1\n|switch|p2a: Garchomp|Garchomp, L50, M|100/100\n|detailschange|p1b: Aggron|Aggron-Mega, L50, M\n|-mega|p1b: Aggron|Aggron|Aggronite\n|move|p2b: Excadrill|Rock Slide|p1b: Aggron|[spread] p1a,p1b\n|-resisted|p1b: Aggron|1\n|-damage|p1a: Luxray|84/100\n|-damage|p1b: Aggron|97/100\n|move|p1b: Aggron|Iron Defense|p1b: Aggron\n|-boost|p1b: Aggron|def|2\n|\n|-weather|Sandstorm|[upkeep]\n|-damage|p1a: Luxray|78/100|[from] Sandstorm\n|upkeep\n|turn|2\n|\n|t:|1776546155\n|move|p2b: Excadrill|Protect|p2b: Excadrill\n|-singleturn|p2b: Excadrill|Protect\n|move|p1a: Luxray|Protect|p1a: Luxray\n|-singleturn|p1a: Luxray|Protect\n|move|p2a: Garchomp|Earthquake|p1b: Aggron|[spread] p1b\n|-activate|p2b: Excadrill|move: Protect\n|-activate|p1a: Luxray|move: Protect\n|-supereffective|p1b: Aggron|1\n|-damage|p1b: Aggron|83/100\n|move|p1b: Aggron|Body Press|p2a: Garchomp\n|-damage|p2a: Garchomp|28/100\n|\n|-weather|Sandstorm|[upkeep]\n|-damage|p1a: Luxray|72/100|[from] Sandstorm\n|upkeep\n|turn|3\n|\n|t:|1776546180\n|switch|p1a: Farigiraf|Farigiraf, L50, M|100/100\n|move|p2b: Excadrill|High Horsepower|p1b: Aggron\n|-supereffective|p1b: Aggron|1\n|-damage|p1b: Aggron|69/100\n|move|p2a: Garchomp|Earthquake|p1b: Aggron|[spread] p2b,p1a,p1b\n|-supereffective|p2b: Excadrill|1\n|-supereffective|p1b: Aggron|1\n|-enditem|p2b: Excadrill|Focus Sash\n|-damage|p2b: Excadrill|1/100\n|-damage|p1a: Farigiraf|67/100\n|-damage|p1b: Aggron|54/100\n|move|p1b: Aggron|Body Press|p2b: Excadrill\n|-supereffective|p2b: Excadrill|1\n|-damage|p2b: Excadrill|0 fnt\n|faint|p2b: Excadrill\n|\n|-weather|Sandstorm|[upkeep]\n|-damage|p1a: Farigiraf|61/100|[from] Sandstorm\n|upkeep\n|\n|t:|1776546199\n|switch|p2b: Tyranitar|Tyranitar, L50, M|100/100\n|turn|4\n|l|\u2606Johten\n|inactive|Johten disconnected and has a minute to reconnect!\n|player|p1|\n|inactive|Johten has 30 seconds left.\n|inactive|Johten has 20 seconds left.\n|inactive|Johten has 15 seconds left.\n|inactive|Johten has 10 seconds left.\n|inactive|Johten has 5 seconds left.\n|j|\u2606Johten\n|inactive|Johten reconnected and has 5 seconds left.\n|player|p1|Johten|veteran|\n|\n|t:|1776546254\n|detailschange|p2b: Tyranitar|Tyranitar-Mega, L50, M\n|-mega|p2b: Tyranitar|Tyranitar|Tyranitarite\n|move|p1a: Farigiraf|Helping Hand|p1b: Aggron\n|-singleturn|p1b: Aggron|Helping Hand|[of] p1a: Farigiraf\n|move|p1b: Aggron|Protect|p1b: Aggron\n|-singleturn|p1b: Aggron|Protect\n|move|p2a: Garchomp|Rock Slide|p1a: Farigiraf|[spread] p1a\n|-activate|p1b: Aggron|move: Protect\n|-damage|p1a: Farigiraf|43/100\n|move|p2b: Tyranitar|Low Kick|p1b: Aggron\n|-activate|p1b: Aggron|move: Protect\n|\n|-weather|Sandstorm|[upkeep]\n|-damage|p1a: Farigiraf|36/100|[from] Sandstorm\n|upkeep\n|turn|5\n|inactive|Johten has 30 seconds left.\n|\n|t:|1776546284\n|switch|p1a: Luxray|Luxray, L50, F|72/100\n|-ability|p1a: Luxray|Intimidate|boost\n|-unboost|p2a: Garchomp|atk|1\n|-unboost|p2b: Tyranitar|atk|1\n|move|p2a: Garchomp|Rock Slide|p1b: Aggron|[spread] p1a,p1b\n|-resisted|p1b: Aggron|1\n|-damage|p1a: Luxray|57/100\n|-damage|p1b: Aggron|52/100\n|move|p2b: Tyranitar|Low Kick|p1b: Aggron\n|-supereffective|p1b: Aggron|1\n|-crit|p1b: Aggron\n|-damage|p1b: Aggron|0 fnt\n|faint|p1b: Aggron\n|\n|-weather|none\n|upkeep\n|\n|t:|1776546309\n|switch|p1b: Milotic|Milotic, L50, M|100/100\n|turn|6\n|\n|t:|1776546320\n|switch|p2a: Incineroar|Incineroar, L50, F|100/100\n|-ability|p2a: Incineroar|Intimidate|boost\n|-unboost|p1a: Luxray|atk|1\n|-unboost|p1b: Milotic|atk|1\n|-ability|p1b: Milotic|Competitive|boost\n|-boost|p1b: Milotic|spa|2\n|move|p2b: Tyranitar|Protect|p2b: Tyranitar\n|-singleturn|p2b: Tyranitar|Protect\n|move|p1b: Milotic|Icy Wind|p2b: Tyranitar|[spread] p2a\n|-activate|p2b: Tyranitar|move: Protect\n|-resisted|p2a: Incineroar|1\n|-damage|p2a: Incineroar|92/100\n|-unboost|p2a: Incineroar|spe|1\n|move|p1a: Luxray|Superpower|p2b: Tyranitar\n|-activate|p2b: Tyranitar|move: Protect\n|\n|upkeep\n|turn|7\n|inactive|ligsitelhda in rx has 30 seconds left.\n|\n|t:|1776546350\n|switch|p1a: Farigiraf|Farigiraf, L50, M|36/100\n|move|p2a: Incineroar|Fake Out||[still]\n|cant|p1a: Farigiraf|ability: Armor Tail|Fake Out|[of] p2a: Incineroar\n|move|p1b: Milotic|Scald|p2a: Incineroar\n|-supereffective|p2a: Incineroar|1\n|-damage|p2a: Incineroar|0 fnt\n|faint|p2a: Incineroar\n|move|p2b: Tyranitar|Rock Slide|p1b: Milotic|[spread] p1a,p1b\n|-damage|p1a: Farigiraf|13/100\n|-damage|p1b: Milotic|75/100\n|\n|-heal|p1b: Milotic|82/100|[from] item: Leftovers\n|upkeep\n|\n|t:|1776546366\n|switch|p2a: Garchomp|Garchomp, L50, M|28/100\n|turn|8\n|inactive|ligsitelhda in rx has 30 seconds left.\n|\n|t:|1776546396\n|move|p1b: Milotic|Protect|p1b: Milotic\n|-singleturn|p1b: Milotic|Protect\n|move|p2a: Garchomp|Rock Slide|p1b: Milotic|[spread] p1a\n|-activate|p1b: Milotic|move: Protect\n|-damage|p1a: Farigiraf|0 fnt\n|faint|p1a: Farigiraf\n|move|p2b: Tyranitar|Knock Off|p1b: Milotic\n|-activate|p1b: Milotic|move: Protect\n|\n|-heal|p1b: Milotic|88/100|[from] item: Leftovers\n|upkeep\n|\n|t:|1776546414\n|switch|p1a: Luxray|Luxray, L50, F|57/100\n|-ability|p1a: Luxray|Intimidate|boost\n|-unboost|p2a: Garchomp|atk|1\n|-unboost|p2b: Tyranitar|atk|1\n|turn|9\n|\n|t:|1776546428\n|move|p2b: Tyranitar|Protect|p2b: Tyranitar\n|-singleturn|p2b: Tyranitar|Protect\n|move|p1a: Luxray|Protect|p1a: Luxray\n|-singleturn|p1a: Luxray|Protect\n|move|p2a: Garchomp|Earthquake|p1b: Milotic|[spread] p1b\n|-activate|p2b: Tyranitar|move: Protect\n|-activate|p1a: Luxray|move: Protect\n|-damage|p1b: Milotic|61/100\n|move|p1b: Milotic|Icy Wind|p2b: Tyranitar|[spread] p2a\n|-activate|p2b: Tyranitar|move: Protect\n|-supereffective|p2a: Garchomp|2\n|-damage|p2a: Garchomp|0 fnt\n|faint|p2a: Garchomp\n|\n|-heal|p1b: Milotic|67/100|[from] item: Leftovers\n|upkeep\n|turn|10\n|-message|ligsitelhda in rx forfeited.\n|\n|win|Johten\n|raw|Johten's rating: 1115 &rarr; <strong>1137</strong><br />(+22 for winning)\n|raw|ligsitelhda in rx's rating: 1069 &rarr; <strong>1051</strong><br />(-18 for losing)\n|l|\u203dligsitelhda in rx\n|player|p2|\n",
  "uploadtime": 1776546455,
  "views": 16,
  "formatid": "gen9championsvgc2026regma",
  "rating": 1051,
  "private": 0,
  "password": null
}