{
  "id": "gen9championsvgc2026regma-2582958165",
  "format": "[Gen 9 Champions] VGC 2026 Reg M-A",
  "players": [
    "loklastaji",
    "joe19394"
  ],
  "log": "|j|\u2606loklastaji\n|j|\u2606joe19394\n|t:|1776128445\n|gametype|doubles\n|player|p1|loklastaji|102|1278\n|player|p2|joe19394|266|1310\n|gen|9\n|tier|[Gen 9 Champions] VGC 2026 Reg M-A\n|rated|\n|rule|Species Clause: Limit one of each Pok\u00e9mon\n|rule|Item Clause: Limit 1 of each item\n|clearpoke\n|poke|p1|Samurott-Hisui, L50, F|\n|poke|p1|Mamoswine, L50, F|\n|poke|p1|Delphox, L50, F|\n|poke|p1|Tsareena, L50, F|\n|poke|p1|Corviknight, L50, M|\n|poke|p1|Altaria, L50, M|\n|poke|p2|Pelipper, L50, F|\n|poke|p2|Toxicroak, L50, M|\n|poke|p2|Meganium, L50, F|\n|poke|p2|Incineroar, L50, M|\n|poke|p2|Greninja-*, L50, M|\n|poke|p2|Archaludon, L50, F|\n|teampreview|4\n|inactive|Battle timer is ON: inactive players will automatically lose when time's up. (requested by joe19394)\n|inactive|loklastaji has 60 seconds left.\n|inactive|joe19394 has 60 seconds left.\n|\n|t:|1776128484\n|teamsize|p1|4\n|teamsize|p2|4\n|start\n|switch|p1a: Mamoswine|Mamoswine, L50, F|100/100\n|switch|p1b: Samurott|Samurott-Hisui, L50, F|100/100\n|switch|p2a: Pelipper|Pelipper, L50, F|100/100\n|switch|p2b: Greninja|Greninja, L50, M|100/100\n|-weather|RainDance|[from] ability: Drizzle|[of] p2a: Pelipper\n|turn|1\n|inactive|joe19394 has 30 seconds left.\n|\n|t:|1776128511\n|switch|p1a: Altaria|Altaria, L50, M|100/100\n|-ability|p1a: Altaria|Cloud Nine\n|move|p2b: Greninja|Protect|p2b: Greninja\n|-singleturn|p2b: Greninja|Protect\n|move|p1b: Samurott|Sacred Sword|p2b: Greninja\n|-activate|p2b: Greninja|move: Protect\n|move|p2a: Pelipper|Tailwind|p2a: Pelipper\n|-sidestart|p2: joe19394|move: Tailwind\n|\n|-weather|RainDance|[upkeep]\n|upkeep\n|turn|2\n|inactive|loklastaji has 30 seconds left.\n|inactive|joe19394 has 30 seconds left.\n|inactive|joe19394 has 20 seconds left.\n|inactive|joe19394 has 15 seconds left.\n|inactive|joe19394 has 10 seconds left.\n|\n|t:|1776128558\n|switch|p2b: Toxicroak|Toxicroak, L50, M|100/100\n|move|p2a: Pelipper|Protect|p2a: Pelipper\n|-singleturn|p2a: Pelipper|Protect\n|move|p1a: Altaria|Protect|p1a: Altaria\n|-singleturn|p1a: Altaria|Protect\n|move|p1b: Samurott|Ceaseless Edge|p2a: Pelipper\n|-activate|p2a: Pelipper|move: Protect\n|\n|-weather|RainDance|[upkeep]\n|upkeep\n|turn|3\n|inactive|loklastaji has 30 seconds left.\n|inactive|joe19394 has 30 seconds left.\n|inactive|loklastaji has 20 seconds left.\n|inactive|loklastaji has 15 seconds left.\n|inactive|loklastaji has 10 seconds left.\n|\n|t:|1776128606\n|switch|p2a: Greninja|Greninja, L50, M|100/100\n|switch|p1b: Tsareena|Tsareena, L50, F|100/100\n|move|p2b: Toxicroak|Fake Out||[still]\n|cant|p1b: Tsareena|ability: Queenly Majesty|Fake Out|[of] p2b: Toxicroak\n|move|p1a: Altaria|Hurricane|p2b: Toxicroak\n|-supereffective|p2b: Toxicroak|1\n|-damage|p2b: Toxicroak|0 fnt\n|faint|p2b: Toxicroak\n|\n|-weather|RainDance|[upkeep]\n|upkeep\n|inactive|joe19394 has 30 seconds left.\n|\n|t:|1776128632\n|switch|p2b: Archaludon|Archaludon, L50, F|100/100\n|turn|4\n|\n|t:|1776128646\n|detailschange|p2a: Greninja|Greninja-Mega, L50, M\n|-mega|p2a: Greninja|Greninja|Greninjite\n|move|p2b: Archaludon|Protect|p2b: Archaludon\n|-singleturn|p2b: Archaludon|Protect\n|move|p1a: Altaria|Protect|p1a: Altaria\n|-singleturn|p1a: Altaria|Protect\n|move|p1b: Tsareena|Protect|p1b: Tsareena\n|-singleturn|p1b: Tsareena|Protect\n|move|p2a: Greninja|Ice Beam|p1b: Tsareena\n|-start|p2a: Greninja|typechange|Ice|[from] ability: Protean\n|-activate|p1b: Tsareena|move: Protect\n|\n|-weather|RainDance|[upkeep]\n|-sideend|p2: joe19394|move: Tailwind\n|upkeep\n|turn|5\n|inactive|loklastaji has 30 seconds left.\n|\n|t:|1776128680\n|detailschange|p1a: Altaria|Altaria-Mega, L50, M\n|-mega|p1a: Altaria|Altaria|Altarianite\n|move|p1a: Altaria|Helping Hand|p1b: Tsareena\n|-singleturn|p1b: Tsareena|Helping Hand|[of] p1a: Altaria\n|move|p2a: Greninja|Ice Beam|p1a: Altaria\n|-supereffective|p1a: Altaria|1\n|-damage|p1a: Altaria|0 fnt\n|faint|p1a: Altaria\n|move|p1b: Tsareena|High Jump Kick|p2b: Archaludon\n|-supereffective|p2b: Archaludon|1\n|-damage|p2b: Archaludon|0 fnt\n|faint|p2b: Archaludon\n|\n|-weather|none\n|upkeep\n|\n|t:|1776128700\n|switch|p1a: Samurott|Samurott-Hisui, L50, F|100/100\n|switch|p2b: Pelipper|Pelipper, L50, F|100/100\n|-weather|RainDance|[from] ability: Drizzle|[of] p2b: Pelipper\n|turn|6\n|\n|t:|1776128722\n|move|p2a: Greninja|Protect|p2a: Greninja\n|-singleturn|p2a: Greninja|Protect\n|move|p1b: Tsareena|Protect|p1b: Tsareena\n|-singleturn|p1b: Tsareena|Protect\n|move|p1a: Samurott|Sacred Sword|p2a: Greninja\n|-activate|p2a: Greninja|move: Protect\n|move|p2b: Pelipper|Hurricane|p1b: Tsareena\n|-activate|p1b: Tsareena|move: Protect\n|\n|-weather|RainDance|[upkeep]\n|upkeep\n|turn|7\n|\n|t:|1776128741\n|move|p2a: Greninja|Ice Beam|p1a: Samurott\n|-resisted|p1a: Samurott|1\n|-damage|p1a: Samurott|63/100\n|move|p1a: Samurott|Ceaseless Edge|p2b: Pelipper\n|-damage|p2b: Pelipper|59/100\n|-sidestart|p2: joe19394|Spikes\n|move|p1b: Tsareena|High Jump Kick|p2a: Greninja\n|-supereffective|p2a: Greninja|1\n|-crit|p2a: Greninja\n|-damage|p2a: Greninja|0 fnt\n|faint|p2a: Greninja\n|move|p2b: Pelipper|Hurricane|p1a: Samurott\n|-damage|p1a: Samurott|13/100\n|\n|-weather|RainDance|[upkeep]\n|upkeep\n|turn|8\n|-message|joe19394 forfeited.\n|\n|win|loklastaji\n|raw|loklastaji's rating: 1278 &rarr; <strong>1305</strong><br />(+27 for winning)\n|raw|joe19394's rating: 1310 &rarr; <strong>1288</strong><br />(-22 for losing)\n",
  "uploadtime": 1776128758,
  "views": 21,
  "formatid": "gen9championsvgc2026regma",
  "rating": 1288,
  "private": 0,
  "password": null
}