{
  "id": "gen9championsvgc2026regma-2580789374",
  "format": "[Gen 9 Champions] VGC 2026 Reg M-A",
  "players": [
    "LuckiestManAlive1",
    "Pixel Nexus"
  ],
  "log": "|j|\u2606LuckiestManAlive1\n|j|\u2606Pixel Nexus\n|t:|1775932618\n|gametype|doubles\n|player|p1|LuckiestManAlive1|volo|1150\n|player|p2|Pixel Nexus|1|1138\n|gen|9\n|tier|[Gen 9 Champions] VGC 2026 Reg M-A\n|rated|\n|rule|Species Clause: Limit one of each Pok\u00e9mon\n|rule|Item Clause: Limit 1 of each item\n|clearpoke\n|poke|p1|Mimikyu, L50, M|\n|poke|p1|Incineroar, L50, M|\n|poke|p1|Golurk, L50|\n|poke|p1|Orthworm, L50, F|\n|poke|p1|Meganium, L50, F|\n|poke|p1|Clawitzer, L50, M|\n|poke|p2|Orthworm, L50, M|\n|poke|p2|Incineroar, L50, M|\n|poke|p2|Rotom-Frost, L50|\n|poke|p2|Froslass, L50, F|\n|poke|p2|Basculegion, L50, M|\n|poke|p2|Garchomp, L50, F|\n|teampreview|4\nLuckiestManAlive1 rejected open team sheets.\n|\n|t:|1775932643\n|teamsize|p1|4\n|teamsize|p2|4\n|start\n|switch|p1a: Mimikyu|Mimikyu, L50, M, shiny|100/100\n|switch|p1b: Orthworm|Orthworm, L50, F, shiny|100/100\n|switch|p2a: Basculegion|Basculegion, L50, M|100/100\n|switch|p2b: Incineroar|Incineroar, L50, M|100/100\n|-ability|p2b: Incineroar|Intimidate|boost\n|-unboost|p1a: Mimikyu|atk|1\n|-unboost|p1b: Orthworm|atk|1\n|turn|1\n|\n|t:|1775932684\n|move|p2b: Incineroar|Fake Out|p1b: Orthworm\n|-resisted|p1b: Orthworm|1\n|-damage|p1b: Orthworm|96/100\n|move|p2a: Basculegion|Wave Crash|p1b: Orthworm\n|-damage|p1b: Orthworm|35/100\n|-enditem|p1b: Orthworm|Sitrus Berry|[eat]\n|-heal|p1b: Orthworm|60/100|[from] item: Sitrus Berry\n|-damage|p2a: Basculegion|82/100|[from] Recoil\n|cant|p1b: Orthworm|flinch\n|move|p1a: Mimikyu|Trick Room|p1a: Mimikyu\n|-fieldstart|move: Trick Room|[of] p1a: Mimikyu\n|\n|upkeep\n|turn|2\n|\n|t:|1775932716\n|switch|p2a: Rotom|Rotom-Frost, L50|100/100\n|move|p2b: Incineroar|Flare Blitz|p1b: Orthworm\n|-supereffective|p1b: Orthworm|1\n|-damage|p1b: Orthworm|0 fnt\n|faint|p1b: Orthworm\n|-damage|p2b: Incineroar|83/100|[from] Recoil\n|move|p1a: Mimikyu|Play Rough|p2a: Rotom\n|-damage|p2a: Rotom|70/100\n|\n|upkeep\n|\n|t:|1775932728\n|switch|p1b: Golurk|Golurk, L50, shiny|100/100\n|turn|3\n|\n|t:|1775932741\n|detailschange|p1b: Golurk|Golurk-Mega, L50, shiny\n|-mega|p1b: Golurk|Golurk|Golurkite\n|move|p1a: Mimikyu|Protect|p1a: Mimikyu\n|-singleturn|p1a: Mimikyu|Protect\n|move|p1b: Golurk|Rock Slide|p2b: Incineroar|[spread] p2a,p2b\n|-supereffective|p2a: Rotom|1\n|-supereffective|p2b: Incineroar|1\n|-damage|p2a: Rotom|6/100\n|-damage|p2b: Incineroar|39/100\n|cant|p2b: Incineroar|flinch\n|cant|p2a: Rotom|flinch\n|\n|upkeep\n|turn|4\n|\n|t:|1775932760\n|move|p1a: Mimikyu|Protect||[still]\n|-fail|p1a: Mimikyu\n|move|p1b: Golurk|Rock Slide|p2b: Incineroar|[spread] p2a,p2b\n|-supereffective|p2a: Rotom|1\n|-supereffective|p2b: Incineroar|1\n|-damage|p2a: Rotom|0 fnt\n|-damage|p2b: Incineroar|0 fnt\n|faint|p2a: Rotom\n|faint|p2b: Incineroar\n|\n|upkeep\n|\n|t:|1775932769\n|switch|p2b: Basculegion|Basculegion, L50, M|82/100\n|switch|p2a: Froslass|Froslass, L50, F|100/100\n|turn|5\n|\n|t:|1775932803\n|detailschange|p2a: Froslass|Froslass-Mega, L50, F\n|-mega|p2a: Froslass|Froslass|Froslassite\n|-weather|Snowscape|[from] ability: Snow Warning|[of] p2a: Froslass\n|move|p1a: Mimikyu|Shadow Sneak|p2a: Froslass\n|-supereffective|p2a: Froslass|1\n|-damage|p2a: Froslass|72/100\n|move|p1b: Golurk|Poltergeist|p2b: Basculegion\n|-activate|p2b: Basculegion|move: Poltergeist|Choice Scarf\n|-supereffective|p2b: Basculegion|1\n|-damage|p2b: Basculegion|0 fnt\n|faint|p2b: Basculegion\n|move|p2a: Froslass|Blizzard|p1a: Mimikyu|[spread] p1a,p1b\n|-supereffective|p1b: Golurk|1\n|-activate|p1a: Mimikyu|ability: Disguise\n|-damage|p1a: Mimikyu|100/100\n|-damage|p1b: Golurk|18/100\n|detailschange|p1a: Mimikyu|Mimikyu-Busted, L50, M, shiny\n|-damage|p1a: Mimikyu|88/100|[from] pokemon: Mimikyu-Busted\n|\n|-weather|Snowscape|[upkeep]\n|-fieldend|move: Trick Room\n|upkeep\n|turn|6\n|\n|t:|1775932833\n|move|p2a: Froslass|Blizzard|p1a: Mimikyu|[spread] p1a,p1b\n|-supereffective|p1b: Golurk|1\n|-damage|p1a: Mimikyu|31/100\n|-damage|p1b: Golurk|0 fnt\n|faint|p1b: Golurk\n|move|p1a: Mimikyu|Trick Room|p1a: Mimikyu\n|-fieldstart|move: Trick Room|[of] p1a: Mimikyu\n|\n|-weather|Snowscape|[upkeep]\n|upkeep\n|\n|t:|1775932835\n|switch|p1b: Clawitzer|Clawitzer, L50, M, shiny|100/100\n|turn|7\n|\n|t:|1775932844\n|move|p2a: Froslass|Protect|p2a: Froslass\n|-singleturn|p2a: Froslass|Protect\n|move|p1b: Clawitzer|Dark Pulse|p2a: Froslass\n|-activate|p2a: Froslass|move: Protect\n|move|p1a: Mimikyu|Play Rough|p2a: Froslass\n|-activate|p2a: Froslass|move: Protect\n|\n|-weather|Snowscape|[upkeep]\n|upkeep\n|turn|8\n|\n|t:|1775932859\n|move|p1a: Mimikyu|Shadow Sneak|p2a: Froslass\n|-supereffective|p2a: Froslass|1\n|-damage|p2a: Froslass|46/100\n|move|p1b: Clawitzer|Dark Pulse|p2a: Froslass\n|-supereffective|p2a: Froslass|1\n|-damage|p2a: Froslass|0 fnt\n|faint|p2a: Froslass\n|\n|win|LuckiestManAlive1\n|raw|LuckiestManAlive1's rating: 1150 &rarr; <strong>1174</strong><br />(+24 for winning)\n|raw|Pixel Nexus's rating: 1138 &rarr; <strong>1114</strong><br />(-24 for losing)\n",
  "uploadtime": 1775932870,
  "views": 19,
  "formatid": "gen9championsvgc2026regma",
  "rating": 1114,
  "private": 0,
  "password": null
}