{
  "id": "gen9championsvgc2026regma-2585413130",
  "format": "[Gen 9 Champions] VGC 2026 Reg M-A",
  "players": [
    "DeShawn Banks",
    "manask28ada"
  ],
  "log": "|j|\u2606DeShawn Banks\n|j|\u2606manask28ada\n|t:|1776345524\n|gametype|doubles\n|player|p1|DeShawn Banks|archie-gen6|1101\n|player|p2|manask28ada|cynthia-gen4|1106\n|gen|9\n|tier|[Gen 9 Champions] VGC 2026 Reg M-A\n|rated|\n|rule|Species Clause: Limit one of each Pok\u00e9mon\n|rule|Item Clause: Limit 1 of each item\n|clearpoke\n|poke|p1|Golurk, L50|\n|poke|p1|Farigiraf, L50, M|\n|poke|p1|Torkoal, L50, M|\n|poke|p1|Sneasler, L50, F|\n|poke|p1|Appletun, L50, F|\n|poke|p1|Incineroar, L50, M|\n|poke|p2|Whimsicott, L50, F|\n|poke|p2|Politoed, L50, M|\n|poke|p2|Dragonite, L50, F|\n|poke|p2|Greninja-*, L50, M|\n|poke|p2|Sneasler, L50, M|\n|poke|p2|Tyranitar, L50, F|\n|teampreview|4\n|inactive|Battle timer is ON: inactive players will automatically lose when time's up. (requested by DeShawn Banks)\n|\n|t:|1776345561\n|teamsize|p1|4\n|teamsize|p2|4\n|start\n|switch|p1a: Farigiraf|Farigiraf, L50, M, shiny|100/100\n|switch|p1b: Sneasler|Sneasler, L50, F|100/100\n|switch|p2a: Sneasler|Sneasler, L50, M|100/100\n|switch|p2b: Greninja|Greninja, L50, M, shiny|100/100\n|turn|1\n|\n|t:|1776345576\n|move|p2b: Greninja|Protect|p2b: Greninja\n|-start|p2b: Greninja|typechange|Normal|[from] ability: Protean\n|-singleturn|p2b: Greninja|Protect\n|move|p1b: Sneasler|Fake Out|p2b: Greninja\n|-activate|p2b: Greninja|move: Protect\n|move|p2a: Sneasler|Close Combat|p1a: Farigiraf\n|-damage|p1a: Farigiraf|36/100\n|-unboost|p2a: Sneasler|def|1\n|-unboost|p2a: Sneasler|spd|1\n|-enditem|p2a: Sneasler|White Herb\n|-clearnegativeboost|p2a: Sneasler|[silent]\n|move|p1a: Farigiraf|Trick Room|p1a: Farigiraf\n|-fieldstart|move: Trick Room|[of] p1a: Farigiraf\n|\n|-heal|p1a: Farigiraf|42/100|[from] item: Leftovers\n|upkeep\n|turn|2\n|\n|t:|1776345601\n|switch|p2b: Politoed|Politoed, L50, M|100/100\n|-weather|RainDance|[from] ability: Drizzle|[of] p2b: Politoed\n|move|p1a: Farigiraf|Psychic|p2a: Sneasler\n|-supereffective|p2a: Sneasler|2\n|-crit|p2a: Sneasler\n|-damage|p2a: Sneasler|0 fnt\n|faint|p2a: Sneasler\n|move|p1b: Sneasler|Dire Claw|p2b: Politoed\n|-damage|p2b: Politoed|41/100\n|\n|-weather|RainDance|[upkeep]\n|-heal|p1a: Farigiraf|48/100|[from] item: Leftovers\n|-heal|p2b: Politoed|47/100|[from] item: Leftovers\n|upkeep\n|\n|t:|1776345608\n|switch|p2a: Dragonite|Dragonite, L50, F|100/100\n|turn|3\n|\n|t:|1776345625\n|detailschange|p2a: Dragonite|Dragonite-Mega, L50, F\n|-mega|p2a: Dragonite|Dragonite|Dragoninite\n|move|p1a: Farigiraf|Psychic|p2b: Politoed\n|-damage|p2b: Politoed|14/100\n|move|p2b: Politoed|Weather Ball|p1a: Farigiraf\n|-damage|p1a: Farigiraf|2/100\n|move|p2a: Dragonite|Hurricane|p1b: Sneasler\n|-supereffective|p1b: Sneasler|1\n|-damage|p1b: Sneasler|0 fnt\n|faint|p1b: Sneasler\n|\n|-weather|RainDance|[upkeep]\n|-heal|p1a: Farigiraf|8/100|[from] item: Leftovers\n|-heal|p2b: Politoed|20/100|[from] item: Leftovers\n|upkeep\n|\n|t:|1776345639\n|switch|p1b: Torkoal|Torkoal, L50, M, shiny|100/100\n|-weather|SunnyDay|[from] ability: Drought|[of] p1b: Torkoal\n|turn|4\n|\n|t:|1776345649\n|switch|p1a: Golurk|Golurk, L50, shiny|100/100\n|switch|p2b: Greninja|Greninja, L50, M, shiny|100/100\n|move|p2a: Dragonite|Protect|p2a: Dragonite\n|-singleturn|p2a: Dragonite|Protect\n|move|p1b: Torkoal|Eruption|p2b: Greninja|[spread] p2b\n|-activate|p2a: Dragonite|move: Protect\n|-resisted|p2b: Greninja|1\n|-damage|p2b: Greninja|16/100\n|\n|-weather|SunnyDay|[upkeep]\n|upkeep\n|turn|5\n|\n|t:|1776345668\n|switch|p2a: Politoed|Politoed, L50, M|20/100\n|-weather|RainDance|[from] ability: Drizzle|[of] p2a: Politoed\n|detailschange|p1a: Golurk|Golurk-Mega, L50, shiny\n|-mega|p1a: Golurk|Golurk|Golurkite\n|move|p2b: Greninja|Protect|p2b: Greninja\n|-start|p2b: Greninja|typechange|Normal|[from] ability: Protean\n|-singleturn|p2b: Greninja|Protect\n|move|p1b: Torkoal|Solar Beam||[still]\n|-prepare|p1b: Torkoal|Solar Beam\n|move|p1a: Golurk|Ice Punch|p2a: Politoed\n|-resisted|p2a: Politoed|1\n|-damage|p2a: Politoed|0 fnt\n|faint|p2a: Politoed\n|\n|-weather|RainDance|[upkeep]\n|-fieldend|move: Trick Room\n|upkeep\n|\n|t:|1776345683\n|switch|p2a: Dragonite|Dragonite-Mega, L50, F|100/100\n|turn|6\n|\n|t:|1776345698\n|move|p2b: Greninja|Hydro Pump|p1a: Golurk\n|-supereffective|p1a: Golurk|1\n|-damage|p1a: Golurk|19/100\n|move|p2a: Dragonite|Hurricane|p1b: Torkoal\n|-damage|p1b: Torkoal|21/100\n|move|p1a: Golurk|Ice Punch|p2a: Dragonite\n|-supereffective|p2a: Dragonite|2\n|-damage|p2a: Dragonite|35/100\n|move|p1b: Torkoal|Solar Beam|p2b: Greninja|[from] lockedmove\n|-damage|p2b: Greninja|0 fnt\n|faint|p2b: Greninja\n|\n|-weather|RainDance|[upkeep]\n|upkeep\n|turn|7\n|\n|t:|1776345723\n|move|p2a: Dragonite|Hurricane|p1a: Golurk\n|-damage|p1a: Golurk|0 fnt\n|faint|p1a: Golurk\n|move|p1b: Torkoal|Weather Ball|p2a: Dragonite\n|-resisted|p2a: Dragonite|1\n|-damage|p2a: Dragonite|17/100\n|\n|-weather|RainDance|[upkeep]\n|upkeep\n|\n|t:|1776345733\n|switch|p1a: Farigiraf|Farigiraf, L50, M, shiny|8/100\n|turn|8\n|\n|t:|1776345749\n|move|p2a: Dragonite|Dragon Pulse|p1a: Farigiraf\n|-damage|p1a: Farigiraf|0 fnt\n|faint|p1a: Farigiraf\n|move|p1b: Torkoal|Weather Ball|p2a: Dragonite\n|-resisted|p2a: Dragonite|1\n|-damage|p2a: Dragonite|0 fnt\n|faint|p2a: Dragonite\n|\n|win|DeShawn Banks\n|raw|DeShawn Banks's rating: 1101 &rarr; <strong>1126</strong><br />(+25 for winning)\n|raw|manask28ada's rating: 1106 &rarr; <strong>1081</strong><br />(-25 for losing)\n|l|\u2606manask28ada\n|player|p2|\n",
  "uploadtime": 1776345759,
  "views": 26,
  "formatid": "gen9championsvgc2026regma",
  "rating": 1081,
  "private": 0,
  "password": null
}