{
  "id": "gen9championsvgc2026regma-2584508452",
  "format": "[Gen 9 Champions] VGC 2026 Reg M-A",
  "players": [
    "gio279",
    "TheUtahGrimReaper"
  ],
  "log": "|j|\u2606gio279\n|j|\u2606TheUtahGrimReaper\n|t:|1776265492\n|gametype|doubles\n|player|p1|gio279|170|1216\n|player|p2|TheUtahGrimReaper|brendan|1193\n|gen|9\n|tier|[Gen 9 Champions] VGC 2026 Reg M-A\n|rated|\n|rule|Species Clause: Limit one of each Pok\u00e9mon\n|rule|Item Clause: Limit 1 of each item\n|clearpoke\n|poke|p1|Arcanine, L50, F|\n|poke|p1|Dragapult, L50, M|\n|poke|p1|Corviknight, L50, F|\n|poke|p1|Lucario, L50, F|\n|poke|p1|Sableye, L50, F|\n|poke|p1|Basculegion, L50, M|\n|poke|p2|Aggron, L50, F|\n|poke|p2|Delphox, L50, F|\n|poke|p2|Sinistcha, L50|\n|poke|p2|Basculegion, L50, M|\n|poke|p2|Sableye, L50, M|\n|poke|p2|Tyranitar, L50, M|\n|teampreview|4\n|\n|t:|1776265528\n|teamsize|p1|4\n|teamsize|p2|4\n|start\n|switch|p1a: Basculegion|Basculegion, L50, M|100/100\n|switch|p1b: Lucario|Lucario, L50, F|100/100\n|switch|p2a: Aggron|Aggron, L50, F|100/100\n|switch|p2b: Sableye|Sableye, L50, M|100/100\n|turn|1\n|\n|t:|1776265559\n|detailschange|p2a: Aggron|Aggron-Mega, L50, F\n|-mega|p2a: Aggron|Aggron|Aggronite\n|move|p2b: Sableye|Reflect|p2b: Sableye\n|-sidestart|p2: TheUtahGrimReaper|Reflect\n|move|p1a: Basculegion|Flip Turn|p2b: Sableye\n|-damage|p2b: Sableye|78/100\n|\n|t:|1776265568\n|switch|p1a: Arcanine|Arcanine, L50, F|100/100|[from] Flip Turn\n|-ability|p1a: Arcanine|Intimidate|boost\n|-unboost|p2a: Aggron|atk|1\n|-unboost|p2b: Sableye|atk|1\n|move|p1b: Lucario|Aura Sphere|p2a: Aggron\n|-supereffective|p2a: Aggron|1\n|-damage|p2a: Aggron|51/100\n|move|p2a: Aggron|Body Press|p1b: Lucario\n|-supereffective|p1b: Lucario|1\n|-damage|p1b: Lucario|0 fnt\n|faint|p1b: Lucario\n|\n|upkeep\n|\n|t:|1776265584\n|switch|p1b: Dragapult|Dragapult, L50, M|100/100\n|turn|2\n|\n|t:|1776265590\n|switch|p2b: Sinistcha|Sinistcha, L50|100/100\n|-heal|p2a: Aggron|76/100|[from] ability: Hospitality|[of] p2b: Sinistcha\n|move|p1b: Dragapult|Shadow Ball|p2b: Sinistcha\n|-supereffective|p2b: Sinistcha|1\n|-damage|p2b: Sinistcha|36/100\n|-enditem|p2b: Sinistcha|Sitrus Berry|[eat]\n|-heal|p2b: Sinistcha|61/100|[from] item: Sitrus Berry\n|move|p1a: Arcanine|Heat Wave|p2b: Sinistcha|[spread] p2a,p2b\n|-supereffective|p2a: Aggron|1\n|-supereffective|p2b: Sinistcha|1\n|-damage|p2a: Aggron|47/100\n|-damage|p2b: Sinistcha|20/100\n|move|p2a: Aggron|Iron Defense|p2a: Aggron\n|-boost|p2a: Aggron|def|2\n|\n|upkeep\n|turn|3\n|\n|t:|1776265611\n|move|p2b: Sinistcha|Rage Powder|p2b: Sinistcha\n|-singleturn|p2b: Sinistcha|move: Rage Powder\n|move|p1b: Dragapult|Draco Meteor|p2b: Sinistcha\n|-damage|p2b: Sinistcha|0 fnt\n|-unboost|p1b: Dragapult|spa|2\n|faint|p2b: Sinistcha\n|move|p1a: Arcanine|Heat Wave|p2a: Aggron\n|-supereffective|p2a: Aggron|1\n|-damage|p2a: Aggron|10/100\n|move|p2a: Aggron|Body Press|p1a: Arcanine\n|-damage|p1a: Arcanine|17/100\n|\n|-heal|p1a: Arcanine|23/100|[from] item: Leftovers\n|upkeep\n|\n|t:|1776265626\n|switch|p2b: Basculegion|Basculegion, L50, M|100/100\n|turn|4\n|\n|t:|1776265653\n|move|p2b: Basculegion|Last Respects|p1a: Arcanine\n|-damage|p1a: Arcanine|0 fnt\n|faint|p1a: Arcanine\n|move|p1b: Dragapult|Shadow Ball|p2a: Aggron\n|-damage|p2a: Aggron|0 fnt\n|faint|p2a: Aggron\n|\n|upkeep\n|\n|t:|1776265662\n|switch|p1a: Basculegion|Basculegion, L50, M|100/100\n|switch|p2a: Sableye|Sableye, L50, M|78/100\n|turn|5\n|\n|t:|1776265674\n|move|p2b: Basculegion|Last Respects|p1a: Basculegion\n|-supereffective|p1a: Basculegion|1\n|-damage|p1a: Basculegion|0 fnt\n|faint|p1a: Basculegion\n|move|p1b: Dragapult|Shadow Ball|p2b: Basculegion\n|-supereffective|p2b: Basculegion|1\n|-damage|p2b: Basculegion|59/100\n|move|p2a: Sableye|Foul Play|p1b: Dragapult\n|-supereffective|p1b: Dragapult|1\n|-damage|p1b: Dragapult|1/100\n|\n|-sideend|p2: TheUtahGrimReaper|Reflect\n|upkeep\n|turn|6\n|-message|gio279 forfeited.\n|\n|win|TheUtahGrimReaper\n|raw|gio279's rating: 1216 &rarr; <strong>1189</strong><br />(-27 for losing)\n|raw|TheUtahGrimReaper's rating: 1193 &rarr; <strong>1220</strong><br />(+27 for winning)\n|l|\u2606gio279\n|player|p1|\n",
  "uploadtime": 1776265695,
  "views": 19,
  "formatid": "gen9championsvgc2026regma",
  "rating": 1189,
  "private": 0,
  "password": null
}