{
  "id": "gen9championsvgc2026regma-2584300474",
  "format": "[Gen 9 Champions] VGC 2026 Reg M-A",
  "players": [
    "aviatorturtle",
    "dariojr3"
  ],
  "log": "|j|\u2606aviatorturtle\n|j|\u2606dariojr3\n|t:|1776248788\n|gametype|doubles\n|player|p1|aviatorturtle|doubleteam|1172\n|player|p2|dariojr3|169|1146\n|gen|9\n|tier|[Gen 9 Champions] VGC 2026 Reg M-A\n|rated|\n|rule|Species Clause: Limit one of each Pok\u00e9mon\n|rule|Item Clause: Limit 1 of each item\n|clearpoke\n|poke|p1|Garchomp, L50, F|\n|poke|p1|Kingambit, L50, F|\n|poke|p1|Rotom-Wash, L50|\n|poke|p1|Venusaur, L50, F|\n|poke|p1|Incineroar, L50, F|\n|poke|p1|Charizard, L50, M|\n|poke|p2|Golurk, L50|\n|poke|p2|Kingambit, L50, M|\n|poke|p2|Reuniclus, L50, M|\n|poke|p2|Volcarona, L50, F|\n|poke|p2|Hydreigon, L50, M|\n|poke|p2|Chandelure, L50, M|\n|teampreview|4\ndariojr3 rejected open team sheets.\n|inactive|Battle timer is ON: inactive players will automatically lose when time's up. (requested by dariojr3)\n|\n|t:|1776248822\n|teamsize|p1|4\n|teamsize|p2|4\n|start\n|switch|p1a: Garchomp|Garchomp, L50, F|100/100\n|switch|p1b: Kingambit|Kingambit, L50, F|100/100\n|switch|p2a: Volcarona|Volcarona, L50, F, shiny|100/100\n|switch|p2b: Chandelure|Chandelure, L50, M|100/100\n|turn|1\n|\n|t:|1776248836\n|detailschange|p2b: Chandelure|Chandelure-Mega, L50, M\n|-mega|p2b: Chandelure|Chandelure|Chandelurite\n|move|p2a: Volcarona|Rage Powder|p2a: Volcarona\n|-singleturn|p2a: Volcarona|move: Rage Powder\n|move|p1a: Garchomp|Rock Slide|p2a: Volcarona|[spread] p2a\n|-miss|p1a: Garchomp|p2b: Chandelure\n|-supereffective|p2a: Volcarona|2\n|-enditem|p2a: Volcarona|Charti Berry|[eat]\n|-enditem|p2a: Volcarona|Charti Berry|[weaken]\n|-damage|p2a: Volcarona|68/100\n|move|p2b: Chandelure|Heat Wave|p1a: Garchomp|[spread] p1a,p1b\n|-resisted|p1a: Garchomp|1\n|-supereffective|p1b: Kingambit|1\n|-damage|p1a: Garchomp|74/100\n|-damage|p1b: Kingambit|5/100\n|move|p1b: Kingambit|Swords Dance|p1b: Kingambit\n|-boost|p1b: Kingambit|atk|2\n|\n|upkeep\n|turn|2\n|inactive|dariojr3 has 30 seconds left.\n|inactive|dariojr3 has 20 seconds left.\n|inactive|dariojr3 has 15 seconds left.\n|\n|t:|1776248879\n|switch|p2b: Hydreigon|Hydreigon, L50, M, shiny|100/100\n|move|p2a: Volcarona|Protect|p2a: Volcarona\n|-singleturn|p2a: Volcarona|Protect\n|move|p1b: Kingambit|Sucker Punch||[still]\n|-fail|p1b: Kingambit\n|move|p1a: Garchomp|Rock Slide|p2b: Hydreigon|[spread] p2b\n|-activate|p2a: Volcarona|move: Protect\n|-damage|p2b: Hydreigon|76/100\n|\n|upkeep\n|turn|3\n|\n|t:|1776248898\n|move|p2b: Hydreigon|Draco Meteor|p1a: Garchomp\n|-supereffective|p1a: Garchomp|1\n|-damage|p1a: Garchomp|0 fnt\n|-unboost|p2b: Hydreigon|spa|2\n|faint|p1a: Garchomp\n|move|p2a: Volcarona|Heat Wave|p1b: Kingambit\n|-supereffective|p1b: Kingambit|1\n|-damage|p1b: Kingambit|0 fnt\n|faint|p1b: Kingambit\n|\n|upkeep\n|\n|t:|1776248905\n|switch|p1a: Charizard|Charizard, L50, M|100/100\n|switch|p1b: Rotom|Rotom-Wash, L50|100/100\n|turn|4\n|\n|t:|1776248929\n|switch|p2b: Chandelure|Chandelure-Mega, L50, M|100/100\n|switch|p2a: Kingambit|Kingambit, L50, M, shiny|100/100\n|detailschange|p1a: Charizard|Charizard-Mega-Y, L50, M\n|-mega|p1a: Charizard|Charizard|Charizardite Y\n|-weather|SunnyDay|[from] ability: Drought|[of] p1a: Charizard\n|move|p1a: Charizard|Heat Wave|p2b: Chandelure|[spread] p2b\n|-miss|p1a: Charizard|p2a: Kingambit\n|-resisted|p2b: Chandelure|1\n|-damage|p2b: Chandelure|54/100\n|move|p1b: Rotom|Nasty Plot|p1b: Rotom\n|-boost|p1b: Rotom|spa|2\n|\n|-weather|SunnyDay|[upkeep]\n|upkeep\n|turn|5\n|inactive|aviatorturtle has 30 seconds left.\n|inactive|dariojr3 has 30 seconds left.\n|inactive|aviatorturtle has 20 seconds left.\n|\n|t:|1776248964\n|move|p2a: Kingambit|Sucker Punch|p1b: Rotom\n|-damage|p1b: Rotom|52/100\n|move|p1a: Charizard|Heat Wave|p2a: Kingambit|[spread] p2a,p2b\n|-supereffective|p2a: Kingambit|1\n|-resisted|p2b: Chandelure|1\n|-damage|p2a: Kingambit|0 fnt\n|-damage|p2b: Chandelure|14/100\n|faint|p2a: Kingambit\n|move|p2b: Chandelure|Energy Ball|p1b: Rotom\n|-supereffective|p1b: Rotom|1\n|-damage|p1b: Rotom|0 fnt\n|faint|p1b: Rotom\n|\n|-weather|SunnyDay|[upkeep]\n|upkeep\n|\n|t:|1776248977\n|switch|p2a: Hydreigon|Hydreigon, L50, M, shiny|76/100\n|turn|6\n|\n|t:|1776248990\n|move|p2b: Chandelure|Protect|p2b: Chandelure\n|-singleturn|p2b: Chandelure|Protect\n|move|p2a: Hydreigon|Dark Pulse|p1a: Charizard\n|-damage|p1a: Charizard|60/100\n|move|p1a: Charizard|Heat Wave|p2b: Chandelure|[spread] \n|-activate|p2b: Chandelure|move: Protect\n|-miss|p1a: Charizard|p2a: Hydreigon\n|\n|-weather|SunnyDay|[upkeep]\n|upkeep\n|turn|7\n|-message|aviatorturtle forfeited.\n|\n|win|dariojr3\n|raw|aviatorturtle's rating: 1172 &rarr; <strong>1145</strong><br />(-27 for losing)\n|raw|dariojr3's rating: 1146 &rarr; <strong>1173</strong><br />(+27 for winning)\n|l|\u2606aviatorturtle\n|player|p1|\n",
  "uploadtime": 1776249058,
  "views": 35,
  "formatid": "gen9championsvgc2026regma",
  "rating": 1145,
  "private": 0,
  "password": null
}