{
  "id": "gen9championsvgc2026regma-2583183514",
  "format": "[Gen 9 Champions] VGC 2026 Reg M-A",
  "players": [
    "daikenhc",
    "coldramen1"
  ],
  "log": "|j|\u2606daikenhc\n|j|\u2606coldramen1\n|t:|1776152086\n|gametype|doubles\n|player|p1|daikenhc|169|1044\n|player|p2|coldramen1|265|1024\n|gen|9\n|tier|[Gen 9 Champions] VGC 2026 Reg M-A\n|rated|\n|rule|Species Clause: Limit one of each Pok\u00e9mon\n|rule|Item Clause: Limit 1 of each item\n|clearpoke\n|poke|p1|Chandelure, L50, M|\n|poke|p1|Torkoal, L50, M|\n|poke|p1|Hatterene, L50, F|\n|poke|p1|Incineroar, L50, M|\n|poke|p1|Farigiraf, L50, F|\n|poke|p1|Milotic, L50, F|\n|poke|p2|Tyranitar, L50, M|\n|poke|p2|Excadrill, L50, M|\n|poke|p2|Corviknight, L50, M|\n|poke|p2|Milotic, L50, F|\n|poke|p2|Dragonite, L50, M|\n|poke|p2|Incineroar, L50, F|\n|teampreview|4\n|\n|t:|1776152157\n|teamsize|p1|4\n|teamsize|p2|4\n|start\n|switch|p1a: Farigiraf|Farigiraf, L50, F|100/100\n|switch|p1b: Milotic|Milotic, L50, F|100/100\n|switch|p2a: Corviknight|Corviknight, L50, M|100/100\n|switch|p2b: Incineroar|Incineroar, L50, F, shiny|100/100\n|-ability|p2b: Incineroar|Intimidate|boost\n|-unboost|p1a: Farigiraf|atk|1\n|-unboost|p1b: Milotic|atk|1\n|-ability|p1b: Milotic|Competitive|boost\n|-boost|p1b: Milotic|spa|2\n|turn|1\n|\n|t:|1776152182\n|move|p2b: Incineroar|Fake Out||[still]\n|cant|p1a: Farigiraf|ability: Armor Tail|Fake Out|[of] p2b: Incineroar\n|move|p1b: Milotic|Scald|p2b: Incineroar\n|-supereffective|p2b: Incineroar|1\n|-damage|p2b: Incineroar|0 fnt\n|faint|p2b: Incineroar\n|move|p2a: Corviknight|Iron Defense|p2a: Corviknight\n|-boost|p2a: Corviknight|def|2\n|move|p1a: Farigiraf|Trick Room|p1a: Farigiraf\n|-fieldstart|move: Trick Room|[of] p1a: Farigiraf\n|\n|upkeep\n|\n|t:|1776152192\n|switch|p2b: Milotic|Milotic, L50, F|100/100\n|turn|2\n|\n|t:|1776152213\n|move|p2b: Milotic|Protect|p2b: Milotic\n|-singleturn|p2b: Milotic|Protect\n|move|p1a: Farigiraf|Nasty Plot|p1a: Farigiraf\n|-boost|p1a: Farigiraf|spa|2\n|move|p2a: Corviknight|Iron Defense|p2a: Corviknight\n|-boost|p2a: Corviknight|def|2\n|move|p1b: Milotic|Scald|p2a: Corviknight\n|-damage|p2a: Corviknight|49/100\n|\n|upkeep\n|turn|3\n|\n|t:|1776152246\n|move|p2b: Milotic|Helping Hand|p2a: Corviknight\n|-singleturn|p2a: Corviknight|Helping Hand|[of] p2b: Milotic\n|move|p1a: Farigiraf|Thunderbolt|p2a: Corviknight\n|-supereffective|p2a: Corviknight|1\n|-crit|p2a: Corviknight\n|-damage|p2a: Corviknight|0 fnt\n|faint|p2a: Corviknight\n|move|p1b: Milotic|Scald|p2b: Milotic\n|-resisted|p2b: Milotic|1\n|-damage|p2b: Milotic|80/100\n|\n|upkeep\n|\n|t:|1776152256\n|switch|p2a: Dragonite|Dragonite, L50, M|100/100\n|turn|4\n|\n|t:|1776152269\n|detailschange|p2a: Dragonite|Dragonite-Mega, L50, M\n|-mega|p2a: Dragonite|Dragonite|Dragoninite\n|move|p1a: Farigiraf|Thunderbolt|p2b: Milotic\n|-supereffective|p2b: Milotic|1\n|-damage|p2b: Milotic|0 fnt\n|faint|p2b: Milotic\n|move|p1b: Milotic|Ice Beam|p2a: Dragonite\n|-supereffective|p2a: Dragonite|2\n|-damage|p2a: Dragonite|19/100\n|move|p2a: Dragonite|Draco Meteor|p1b: Milotic\n|-damage|p1b: Milotic|53/100\n|-unboost|p2a: Dragonite|spa|2\n|\n|-heal|p1b: Milotic|59/100|[from] item: Leftovers\n|upkeep\n|turn|5\n|-message|coldramen1 forfeited.\n|\n|win|daikenhc\n|raw|daikenhc's rating: 1044 &rarr; <strong>1075</strong><br />(+31 for winning)\n|raw|coldramen1's rating: 1024 &rarr; <strong>1011</strong><br />(-13 for losing)\n|l|\u2606coldramen1\n|player|p2|\n",
  "uploadtime": 1776153939,
  "views": 23,
  "formatid": "gen9championsvgc2026regma",
  "rating": 1011,
  "private": 0,
  "password": null
}