{
  "id": "gen9championsvgc2026regma-2583146772",
  "format": "[Gen 9 Champions] VGC 2026 Reg M-A",
  "players": [
    "slyvesterccd",
    "ghall u"
  ],
  "log": "|j|\u2606slyvesterccd\n|j|\u2606ghall u\n|t:|1776147716\n|gametype|doubles\n|player|p1|slyvesterccd|169|1058\n|player|p2|ghall u|170|1000\n|gen|9\n|tier|[Gen 9 Champions] VGC 2026 Reg M-A\n|rated|\n|rule|Species Clause: Limit one of each Pok\u00e9mon\n|rule|Item Clause: Limit 1 of each item\n|clearpoke\n|poke|p1|Gyarados, L50, M|\n|poke|p1|Sinistcha, L50|\n|poke|p1|Arcanine, L50, M|\n|poke|p1|Kingambit, L50, M|\n|poke|p1|Dragapult, L50, M|\n|poke|p1|Raichu, L50, F|\n|poke|p2|Sinistcha, L50|\n|poke|p2|Drampa, L50, F|\n|poke|p2|Pelipper, L50, F|\n|poke|p2|Alakazam, L50, F|\n|poke|p2|Scizor, L50, F|\n|poke|p2|Basculegion, L50, M|\n|teampreview|4\n|c|\u2606ghall u|Glhf\nghall u has agreed to open team sheets.\n|inactive|Battle timer is ON: inactive players will automatically lose when time's up. (requested by ghall u)\n|\n|t:|1776147758\n|teamsize|p1|4\n|teamsize|p2|4\n|start\n|switch|p1a: Raichu|Raichu, L50, F|100/100\n|switch|p1b: Dragapult|Dragapult, L50, M|100/100\n|switch|p2a: Alakazam|Alakazam, L50, F|100/100\n|switch|p2b: Drampa|Drampa, L50, F|100/100\n|turn|1\n|\n|t:|1776147783\n|detailschange|p2b: Drampa|Drampa-Mega, L50, F\n|-mega|p2b: Drampa|Drampa|Drampanite\n|move|p2b: Drampa|Protect|p2b: Drampa\n|-singleturn|p2b: Drampa|Protect\n|move|p1a: Raichu|Fake Out|p2b: Drampa\n|-activate|p2b: Drampa|move: Protect\n|move|p1b: Dragapult|Draco Meteor|p2b: Drampa\n|-activate|p2b: Drampa|move: Protect\n|move|p2a: Alakazam|Light Screen|p2a: Alakazam\n|-sidestart|p2: ghall u|move: Light Screen\n|\n|upkeep\n|turn|2\n|inactive|slyvesterccd has 30 seconds left.\n|\n|t:|1776147809\n|move|p1b: Dragapult|Draco Meteor|p2b: Drampa|[miss]\n|-miss|p1b: Dragapult|p2b: Drampa\n|move|p2a: Alakazam|Speed Swap|p2b: Drampa\n|-activate|p2a: Alakazam|move: Speed Swap|[of] p2b: Drampa\n|move|p2b: Drampa|Earth Power|p1a: Raichu\n|-supereffective|p1a: Raichu|1\n|-crit|p1a: Raichu\n|-enditem|p1a: Raichu|Focus Sash\n|-damage|p1a: Raichu|1/100\n|move|p1a: Raichu|Nuzzle|p2b: Drampa\n|-resisted|p2b: Drampa|1\n|-damage|p2b: Drampa|97/100\n|-status|p2b: Drampa|par\n|\n|upkeep\n|turn|3\n|inactive|ghall u has 30 seconds left.\n|\n|t:|1776147837\n|move|p2b: Drampa|Protect|p2b: Drampa\n|-singleturn|p2b: Drampa|Protect\n|move|p1b: Dragapult|Draco Meteor|p2b: Drampa\n|-activate|p2b: Drampa|move: Protect\n|move|p1a: Raichu|Thunderbolt|p2a: Alakazam\n|-damage|p2a: Alakazam|65/100\n|move|p2a: Alakazam|Psychic|p1b: Dragapult\n|-damage|p1b: Dragapult|40/100\n|\n|upkeep\n|turn|4\n|\n|t:|1776147856\n|switch|p2b: Sinistcha|Sinistcha, L50|100/100\n|-heal|p2a: Alakazam|90/100|[from] ability: Hospitality|[of] p2b: Sinistcha\n|move|p1b: Dragapult|Draco Meteor|p2b: Sinistcha\n|-damage|p2b: Sinistcha|56/100\n|-unboost|p1b: Dragapult|spa|2\n|-enditem|p1b: Dragapult|White Herb\n|-clearnegativeboost|p1b: Dragapult|[silent]\n|move|p1a: Raichu|Nuzzle|p2a: Alakazam\n|-damage|p2a: Alakazam|75/100\n|-status|p2a: Alakazam|par\n|move|p2a: Alakazam|Psychic|p1b: Dragapult\n|-damage|p1b: Dragapult|0 fnt\n|faint|p1b: Dragapult\n|\n|upkeep\n|\n|t:|1776147865\n|switch|p1b: Gyarados|Gyarados, L50, M, shiny|100/100\n|-ability|p1b: Gyarados|Intimidate|boost\n|-fail|p2a: Alakazam|unboost|Attack|[from] ability: Inner Focus|[of] p2a: Alakazam\n|-unboost|p2b: Sinistcha|atk|1\n|turn|5\n|\n|t:|1776147884\n|switch|p2b: Drampa|Drampa-Mega, L50, F|97/100 par\n|detailschange|p1b: Gyarados|Gyarados-Mega, L50, M, shiny\n|-mega|p1b: Gyarados|Gyarados|Gyaradosite\n|-ability|p1b: Gyarados|Mold Breaker\n|move|p1a: Raichu|Nuzzle|p2b: Drampa\n|-resisted|p2b: Drampa|1\n|-damage|p2b: Drampa|94/100 par\n|move|p1b: Gyarados|Dragon Dance|p1b: Gyarados\n|-boost|p1b: Gyarados|atk|1\n|-boost|p1b: Gyarados|spe|1\n|move|p2a: Alakazam|Psychic|p1a: Raichu\n|-damage|p1a: Raichu|0 fnt\n|faint|p1a: Raichu\n|\n|-sideend|p2: ghall u|move: Light Screen\n|upkeep\n|\n|t:|1776147892\n|switch|p1a: Sinistcha|Sinistcha, L50|100/100\n|turn|6\n|\n|t:|1776147911\n|move|p1b: Gyarados|Crunch|p2a: Alakazam\n|-supereffective|p2a: Alakazam|1\n|-enditem|p2a: Alakazam|Colbur Berry|[eat]\n|-enditem|p2a: Alakazam|Colbur Berry|[weaken]\n|-damage|p2a: Alakazam|0 fnt\n|faint|p2a: Alakazam\n|move|p1a: Sinistcha|Life Dew||[still]|[still]|[spread] \n|-fail|p1a: Sinistcha|heal\n|-fail|p1b: Gyarados|heal\n|move|p2b: Drampa|Hyper Voice|p1a: Sinistcha|[spread] p1b\n|-immune|p1a: Sinistcha\n|-damage|p1b: Gyarados|65/100\n|\n|upkeep\n|\n|t:|1776147927\n|switch|p2a: Pelipper|Pelipper, L50, F|100/100\n|-weather|RainDance|[from] ability: Drizzle|[of] p2a: Pelipper\n|turn|7\n|\n|t:|1776147941\n|move|p1b: Gyarados|Crunch|p2a: Pelipper\n|-damage|p2a: Pelipper|20/100\n|move|p1a: Sinistcha|Life Dew||[still]|[spread] p1a,p1b\n|-fail|p1a: Sinistcha|heal\n|-heal|p1b: Gyarados|90/100\n|move|p2a: Pelipper|Tailwind|p2a: Pelipper\n|-sidestart|p2: ghall u|move: Tailwind\n|move|p2b: Drampa|Calm Mind|p2b: Drampa\n|-boost|p2b: Drampa|spa|1\n|-boost|p2b: Drampa|spd|1\n|\n|-weather|RainDance|[upkeep]\n|upkeep\n|turn|8\n|\n|t:|1776147966\n|move|p1b: Gyarados|Crunch|p2b: Drampa\n|-damage|p2b: Drampa|5/100 par\n|-unboost|p2b: Drampa|def|1\n|-ability|p2b: Drampa|Berserk|boost\n|-boost|p2b: Drampa|spa|1\n|move|p2a: Pelipper|Hurricane|p1a: Sinistcha\n|-supereffective|p1a: Sinistcha|1\n|-damage|p1a: Sinistcha|5/100\n|move|p1a: Sinistcha|Matcha Gotcha|p2a: Pelipper|[spread] p2a,p2b\n|-resisted|p2b: Drampa|1\n|-damage|p2a: Pelipper|0 fnt\n|-heal|p1a: Sinistcha|13/100|[from] drain|[of] p2a: Pelipper\n|-damage|p2b: Drampa|0 fnt\n|-heal|p1a: Sinistcha|15/100|[from] drain|[of] p2b: Drampa\n|faint|p2a: Pelipper\n|faint|p2b: Drampa\n|\n|-weather|RainDance|[upkeep]\n|-heal|p1a: Sinistcha|21/100|[from] item: Leftovers\n|upkeep\n|\n|t:|1776147982\n|switch|p2b: Sinistcha|Sinistcha, L50|56/100\n|turn|9\n|\n|t:|1776147991\n|move|p1b: Gyarados|Crunch|p2b: Sinistcha\n|-supereffective|p2b: Sinistcha|1\n|-damage|p2b: Sinistcha|0 fnt\n|faint|p2b: Sinistcha\n|\n|win|slyvesterccd\n|raw|slyvesterccd's rating: 1058 &rarr; <strong>1084</strong><br />(+26 for winning)\n|raw|ghall u's rating: 1000 &rarr; <strong>1000</strong><br />(+0 for losing)\n",
  "uploadtime": 1776147995,
  "views": 20,
  "formatid": "gen9championsvgc2026regma",
  "rating": 1000,
  "private": 0,
  "password": null
}