{
  "id": "gen9championsvgc2026regma-2589388803",
  "format": "[Gen 9 Champions] VGC 2026 Reg M-A",
  "players": [
    "1#MiraidonHater",
    "Burton Gu$ter"
  ],
  "log": "|j|\u26061#MiraidonHater\n|j|\u2606Burton Gu$ter\n|t:|1776719008\n|gametype|doubles\n|player|p1|1#MiraidonHater|volkner|1553\n|player|p2|Burton Gu$ter|marshal|1488\n|gen|9\n|tier|[Gen 9 Champions] VGC 2026 Reg M-A\n|rated|\n|rule|Species Clause: Limit one of each Pok\u00e9mon\n|rule|Item Clause: Limit 1 of each item\n|clearpoke\n|poke|p1|Gardevoir, L50, F|\n|poke|p1|Kingambit, L50, M|\n|poke|p1|Sneasler, L50, F|\n|poke|p1|Farigiraf, L50, M|\n|poke|p1|Pelipper, L50, M|\n|poke|p1|Archaludon, L50, M|\n|poke|p2|Aerodactyl, L50, F|\n|poke|p2|Floette-Eternal, L50, F|\n|poke|p2|Aegislash, L50, F|\n|poke|p2|Garchomp, L50, M|\n|poke|p2|Rotom-Wash, L50|\n|poke|p2|Kangaskhan, L50, F|\n|teampreview|4\n|inactive|Battle timer is ON: inactive players will automatically lose when time's up. (requested by Burton Gu$ter)\n|j| porygon-epilepz\n|\n|t:|1776719035\n|teamsize|p1|4\n|teamsize|p2|4\n|start\n|switch|p1a: Kingambit|Kingambit, L50, M|100/100\n|switch|p1b: Farigiraf|Farigiraf, L50, M|100/100\n|switch|p2a: Garchomp|Garchomp, L50, M|100/100\n|switch|p2b: Rotom|Rotom-Wash, L50|100/100\n|turn|1\n|\n|t:|1776719059\n|move|p1a: Kingambit|Protect|p1a: Kingambit\n|-singleturn|p1a: Kingambit|Protect\n|move|p2b: Rotom|Thunderbolt|p1a: Kingambit\n|-activate|p1a: Kingambit|move: Protect\n|move|p2a: Garchomp|Earthquake|p1a: Kingambit|[spread] p1b\n|-activate|p1a: Kingambit|move: Protect\n|-immune|p2b: Rotom|[from] ability: Levitate\n|-damage|p1b: Farigiraf|69/100\n|move|p1b: Farigiraf|Trick Room|p1b: Farigiraf\n|-fieldstart|move: Trick Room|[of] p1b: Farigiraf\n|\n|upkeep\n|turn|2\n|\n|t:|1776719077\n|move|p1a: Kingambit|Kowtow Cleave|p2a: Garchomp\n|-damage|p2a: Garchomp|40/100\n|-damage|p1a: Kingambit|88/100|[from] ability: Rough Skin|[of] p2a: Garchomp\n|move|p1b: Farigiraf|Hyper Voice|p2a: Garchomp|[spread] p2a,p2b\n|-damage|p2a: Garchomp|8/100\n|-damage|p2b: Rotom|72/100\n|move|p2a: Garchomp|Earthquake|p1b: Farigiraf|[spread] p1a,p1b\n|-immune|p2b: Rotom|[from] ability: Levitate\n|-supereffective|p1a: Kingambit|1\n|-damage|p1a: Kingambit|33/100\n|-damage|p1b: Farigiraf|41/100\n|-enditem|p1b: Farigiraf|Sitrus Berry|[eat]\n|-heal|p1b: Farigiraf|65/100|[from] item: Sitrus Berry\n|move|p2b: Rotom|Thunderbolt|p1a: Kingambit\n|-damage|p1a: Kingambit|1/100\n|\n|upkeep\n|turn|3\n|inactive|Burton Gu$ter has 30 seconds left.\n|\n|t:|1776719112\n|switch|p2b: Floette|Floette-Eternal, L50, F|100/100\n|move|p2a: Garchomp|Protect|p2a: Garchomp\n|-singleturn|p2a: Garchomp|Protect\n|move|p1a: Kingambit|Sucker Punch||[still]\n|-fail|p1a: Kingambit\n|move|p1b: Farigiraf|Hyper Voice|p2a: Garchomp|[spread] p2b\n|-activate|p2a: Garchomp|move: Protect\n|-damage|p2b: Floette|76/100\n|\n|upkeep\n|turn|4\n|j| oherrodersir\n|\n|t:|1776719137\n|switch|p2a: Aegislash|Aegislash, L50, F|100/100\n|detailschange|p2b: Floette|Floette-Mega, L50, F\n|-mega|p2b: Floette|Floette|Floettite\n|-ability|p2b: Floette|Fairy Aura\n|move|p2b: Floette|Protect|p2b: Floette\n|-singleturn|p2b: Floette|Protect\n|move|p1a: Kingambit|Iron Head|p2b: Floette\n|-activate|p2b: Floette|move: Protect\n|move|p1b: Farigiraf|Hyper Voice|p2b: Floette|[spread] \n|-activate|p2b: Floette|move: Protect\n|-immune|p2a: Aegislash\n|\n|upkeep\n|turn|5\n|inactive|1#MiraidonHater has 30 seconds left.\n|\n|t:|1776719167\n|-formechange|p2a: Aegislash|Aegislash-Blade|\n|move|p2a: Aegislash|Shadow Sneak||[still]\n|cant|p1b: Farigiraf|ability: Armor Tail|Shadow Sneak|[of] p2a: Aegislash\n|move|p1a: Kingambit|Kowtow Cleave|p2a: Aegislash\n|-supereffective|p2a: Aegislash|1\n|-damage|p2a: Aegislash|0 fnt\n|faint|p2a: Aegislash\n|move|p1b: Farigiraf|Psychic|p2b: Floette\n|-damage|p2b: Floette|43/100\n|move|p2b: Floette|Moonblast|p1b: Farigiraf\n|-damage|p1b: Farigiraf|0 fnt\n|faint|p1b: Farigiraf\n|\n|-fieldend|move: Trick Room\n|upkeep\n|c|\u2606Burton Gu$ter|LOL\n|c|\u2606Burton Gu$ter|oops\n|\n|t:|1776719187\n|switch|p2a: Rotom|Rotom-Wash, L50|72/100\n|switch|p1b: Gardevoir|Gardevoir, L50, F|100/100\n|turn|6\n|\n|t:|1776719203\n|detailschange|p1b: Gardevoir|Gardevoir-Mega, L50, F\n|-mega|p1b: Gardevoir|Gardevoir|Gardevoirite\n|move|p1a: Kingambit|Sucker Punch|p2a: Rotom\n|-damage|p2a: Rotom|23/100\n|move|p2a: Rotom|Electroweb|p1b: Gardevoir|[spread] p1a,p1b\n|-damage|p1a: Kingambit|0 fnt\n|-damage|p1b: Gardevoir|88/100\n|-unboost|p1b: Gardevoir|spe|1\n|faint|p1a: Kingambit\n|move|p2b: Floette|Moonblast|p1b: Gardevoir\n|-damage|p1b: Gardevoir|27/100\n|move|p1b: Gardevoir|Hyper Voice|p2b: Floette|[spread] p2a,p2b\n|-damage|p2a: Rotom|0 fnt\n|-damage|p2b: Floette|0 fnt\n|faint|p2a: Rotom\n|faint|p2b: Floette\n|\n|upkeep\n|\n|t:|1776719217\n|switch|p2b: Garchomp|Garchomp, L50, M|8/100\n|switch|p1a: Archaludon|Archaludon, L50, M|100/100\n|turn|7\n|\n|t:|1776719221\n|move|p2b: Garchomp|Earthquake|p1b: Gardevoir|[spread] p1a,p1b\n|-supereffective|p1a: Archaludon|1\n|-damage|p1a: Archaludon|27/100\n|-damage|p1b: Gardevoir|0 fnt\n|faint|p1b: Gardevoir\n|move|p1a: Archaludon|Flash Cannon|p2b: Garchomp\n|-damage|p2b: Garchomp|0 fnt\n|faint|p2b: Garchomp\n|\n|win|1#MiraidonHater\n|raw|1#MiraidonHater's rating: 1553 &rarr; <strong>1569</strong><br />(+16 for winning)\n|raw|Burton Gu$ter's rating: 1488 &rarr; <strong>1472</strong><br />(-16 for losing)\n",
  "uploadtime": 1776719023,
  "views": 12,
  "formatid": "gen9championsvgc2026regma",
  "rating": 1472,
  "private": 0,
  "password": null
}