{
  "id": "gen9championsvgc2026regma-2586925737",
  "format": "[Gen 9 Champions] VGC 2026 Reg M-A",
  "players": [
    "frubidubi",
    "disciple of blahaj"
  ],
  "log": "|j|\u2606frubidubi\n|j|\u2606disciple of blahaj\n|t:|1776472432\n|gametype|doubles\n|player|p1|frubidubi|ivor|1202\n|player|p2|disciple of blahaj|jacinthe|1220\n|gen|9\n|tier|[Gen 9 Champions] VGC 2026 Reg M-A\n|rated|\n|rule|Species Clause: Limit one of each Pok\u00e9mon\n|rule|Item Clause: Limit 1 of each item\n|clearpoke\n|poke|p1|Scovillain, L50, M|\n|poke|p1|Incineroar, L50, F|\n|poke|p1|Farigiraf, L50, M|\n|poke|p1|Gallade, L50, M|\n|poke|p1|Kingambit, L50, F|\n|poke|p1|Pelipper, L50, F|\n|poke|p2|Rampardos, L50, M|\n|poke|p2|Runerigus, L50, M|\n|poke|p2|Tyranitar, L50, M|\n|poke|p2|Corviknight, L50, M|\n|poke|p2|Excadrill, L50, F|\n|poke|p2|Typhlosion-Hisui, L50, M|\n|teampreview|4\n|inactive|Battle timer is ON: inactive players will automatically lose when time's up. (requested by disciple of blahaj)\n|inactive|frubidubi has 60 seconds left.\n|\n|t:|1776472500\n|teamsize|p1|4\n|teamsize|p2|4\n|start\n|switch|p1a: Faf|Farigiraf, L50, M|100/100\n|switch|p1b: Gald|Gallade, L50, M|100/100\n|switch|p2a: Corviknight|Corviknight, L50, M, shiny|100/100\n|switch|p2b: Typhlosion|Typhlosion-Hisui, L50, M, shiny|100/100\n|-item|p1a: Faf|Sitrus Berry|[from] ability: Frisk|[of] p2b: Typhlosion\n|-item|p1b: Gald|Black Belt|[from] ability: Frisk|[of] p2b: Typhlosion\n|-ability|p2a: Corviknight|Pressure\n|turn|1\n|\n|t:|1776472522\n|switch|p1b: Peppe|Pelipper, L50, F|100/100\n|-weather|RainDance|[from] ability: Drizzle|[of] p1b: Peppe\n|move|p2b: Typhlosion|Eruption|p1b: Peppe|[spread] p1a,p1b\n|-resisted|p1b: Peppe|1\n|-damage|p1a: Faf|72/100\n|-damage|p1b: Peppe|79/100\n|move|p2a: Corviknight|Spite||[still]\n|-fail|p2a: Corviknight\n|move|p1a: Faf|Trick Room|p1a: Faf\n|-fieldstart|move: Trick Room|[of] p1a: Faf\n|\n|-weather|RainDance|[upkeep]\n|upkeep\n|turn|2\n|\n|t:|1776472537\n|switch|p2b: Tyranitar|Tyranitar, L50, M|100/100\n|-weather|Sandstorm|[from] ability: Sand Stream|[of] p2b: Tyranitar\n|move|p1a: Faf|Nasty Plot|p1a: Faf\n|-boost|p1a: Faf|spa|2\n|move|p1b: Peppe|Muddy Water|p2a: Corviknight|[spread] p2a,p2b\n|-supereffective|p2b: Tyranitar|1\n|-damage|p2a: Corviknight|68/100\n|-damage|p2b: Tyranitar|56/100\n|-unboost|p2a: Corviknight|accuracy|1\n|move|p2a: Corviknight|Spite|p1b: Peppe\n|-activate|p1b: Peppe|move: Spite|Muddy Water|4\n|\n|-weather|Sandstorm|[upkeep]\n|-damage|p1a: Faf|66/100|[from] Sandstorm\n|-damage|p1b: Peppe|73/100|[from] Sandstorm\n|-heal|p2a: Corviknight|74/100|[from] item: Leftovers\n|upkeep\n|turn|3\n|inactive|frubidubi has 30 seconds left.\n|\n|t:|1776472563\n|switch|p1a: Gald|Gallade, L50, M|100/100\n|move|p2b: Tyranitar|Protect|p2b: Tyranitar\n|-singleturn|p2b: Tyranitar|Protect\n|move|p1b: Peppe|Wide Guard|p1b: Peppe\n|-singleturn|p1b: Peppe|Wide Guard\n|move|p2a: Corviknight|Spite|p1b: Peppe\n|-activate|p1b: Peppe|move: Spite|Wide Guard|4\n|\n|-weather|Sandstorm|[upkeep]\n|-damage|p1b: Peppe|67/100|[from] Sandstorm\n|-damage|p1a: Gald|95/100|[from] Sandstorm\n|-heal|p2a: Corviknight|80/100|[from] item: Leftovers\n|upkeep\n|turn|4\n|inactive|disciple of blahaj has 30 seconds left.\n|\n|t:|1776472591\n|switch|p2b: Typhlosion|Typhlosion-Hisui, L50, M, shiny|100/100\n|-item|p1a: Gald|Black Belt|[from] ability: Frisk|[of] p2b: Typhlosion\n|-item|p1b: Peppe|Mystic Water|[from] ability: Frisk|[of] p2b: Typhlosion\n|switch|p1b: Coby|Scovillain, L50, M|100/100\n|move|p2a: Corviknight|Spite||[still]\n|-fail|p2a: Corviknight\n|move|p1a: Gald|Sacred Sword|p2b: Typhlosion\n|-immune|p2b: Typhlosion\n|\n|-weather|Sandstorm|[upkeep]\n|-damage|p1b: Coby|95/100|[from] Sandstorm\n|-damage|p1a: Gald|89/100|[from] Sandstorm\n|-damage|p2b: Typhlosion|94/100|[from] Sandstorm\n|-heal|p2a: Corviknight|86/100|[from] item: Leftovers\n|-ability|p1b: Coby|Moody|boost\n|-boost|p1b: Coby|atk|2\n|-unboost|p1b: Coby|def|1\n|upkeep\n|turn|5\n|\n|t:|1776472616\n|move|p1b: Coby|Protect|p1b: Coby\n|-singleturn|p1b: Coby|Protect\n|move|p2a: Corviknight|Iron Head|p1b: Coby\n|-activate|p1b: Coby|move: Protect\n|move|p1a: Gald|Sacred Sword|p2a: Corviknight\n|-damage|p2a: Corviknight|23/100\n|move|p2b: Typhlosion|Heat Wave|p1b: Coby|[spread] p1a\n|-activate|p1b: Coby|move: Protect\n|-damage|p1a: Gald|55/100\n|\n|-weather|Sandstorm|[upkeep]\n|-damage|p1b: Coby|89/100|[from] Sandstorm\n|-damage|p1a: Gald|49/100|[from] Sandstorm\n|-damage|p2b: Typhlosion|88/100|[from] Sandstorm\n|-heal|p2a: Corviknight|29/100|[from] item: Leftovers\n|-fieldend|move: Trick Room\n|-ability|p1b: Coby|Moody|boost\n|-boost|p1b: Coby|spe|2\n|-unboost|p1b: Coby|atk|1\n|upkeep\n|turn|6\n|inactive|frubidubi has 30 seconds left.\n|inactive|disciple of blahaj has 30 seconds left.\n|inactive|frubidubi has 20 seconds left.\n|inactive|frubidubi has 15 seconds left.\n|\n|t:|1776472657\n|switch|p1a: Peppe|Pelipper, L50, F|67/100\n|-weather|RainDance|[from] ability: Drizzle|[of] p1a: Peppe\n|detailschange|p1b: Coby|Scovillain-Mega, L50, M\n|-mega|p1b: Coby|Scovillain|Scovillainite\n|move|p1b: Coby|Rage Powder|p1b: Coby\n|-singleturn|p1b: Coby|move: Rage Powder\n|move|p2b: Typhlosion|Heat Wave|p1b: Coby|[spread] p1b\n|-miss|p2b: Typhlosion|p1a: Peppe\n|-damage|p1b: Coby|71/100\n|-immune|p2b: Typhlosion\n|move|p2a: Corviknight|Roost|p2a: Corviknight\n|-heal|p2a: Corviknight|79/100\n|-singleturn|p2a: Corviknight|move: Roost\n|\n|-weather|RainDance|[upkeep]\n|-heal|p2a: Corviknight|85/100|[from] item: Leftovers\n|upkeep\n|turn|7\n|inactive|disciple of blahaj has 30 seconds left.\n|inactive|disciple of blahaj has 20 seconds left.\n|inactive|disciple of blahaj has 15 seconds left.\n|\n|t:|1776472698\n|move|p2b: Typhlosion|Heat Wave|p1b: Coby|[spread] p1a,p1b\n|-resisted|p1a: Peppe|1\n|-damage|p1a: Peppe|54/100\n|-damage|p1b: Coby|52/100\n|-immune|p2b: Typhlosion\n|move|p1b: Coby|Overheat|p2a: Corviknight\n|-supereffective|p2a: Corviknight|1\n|-damage|p2a: Corviknight|34/100\n|-unboost|p1b: Coby|spa|2\n|move|p2a: Corviknight|Tailwind|p2a: Corviknight\n|-sidestart|p2: disciple of blahaj|move: Tailwind\n|move|p1a: Peppe|Muddy Water|p2b: Typhlosion|[spread] p2a,p2b\n|-supereffective|p2b: Typhlosion|1\n|-damage|p2a: Corviknight|0 fnt\n|-damage|p2b: Typhlosion|0 fnt\n|faint|p2a: Corviknight\n|faint|p2b: Typhlosion\n|\n|-weather|RainDance|[upkeep]\n|upkeep\n|inactive|disciple of blahaj has 30 seconds left.\n|inactive|disciple of blahaj has 20 seconds left.\n|\n|t:|1776472737\n|switch|p2b: Excadrill|Excadrill, L50, F|100/100\n|switch|p2a: Tyranitar|Tyranitar, L50, M|56/100\n|-weather|Sandstorm|[from] ability: Sand Stream|[of] p2a: Tyranitar\n|turn|8\n|inactive|frubidubi has 30 seconds left.\n|\n|t:|1776472764\n|switch|p1b: Faf|Farigiraf, L50, M|66/100\n|switch|p1a: Gald|Gallade, L50, M|49/100\n|move|p2b: Excadrill|High Horsepower|p1b: Faf\n|-crit|p1b: Faf\n|-damage|p1b: Faf|0 fnt\n|faint|p1b: Faf\n|move|p2a: Tyranitar|Rock Slide|p1a: Gald\n|-resisted|p1a: Gald|1\n|-damage|p1a: Gald|19/100\n|\n|-weather|Sandstorm|[upkeep]\n|-damage|p1a: Gald|13/100|[from] Sandstorm\n|upkeep\n|\n|t:|1776472767\n|switch|p1b: Peppe|Pelipper, L50, F|54/100\n|-weather|RainDance|[from] ability: Drizzle|[of] p1b: Peppe\n|turn|9\n|\n|t:|1776472785\n|detailschange|p2b: Excadrill|Excadrill-Mega, L50, F\n|-mega|p2b: Excadrill|Excadrill|Excadrite\n|move|p1b: Peppe|Wide Guard|p1b: Peppe\n|-singleturn|p1b: Peppe|Wide Guard\n|move|p2b: Excadrill|Horn Drill|p1a: Gald\n|-damage|p1a: Gald|0 fnt\n|faint|p1a: Gald\n|-ohko\n|move|p2a: Tyranitar|Knock Off|p1b: Peppe\n|-damage|p1b: Peppe|0 fnt\n|-enditem|p1b: Peppe|Mystic Water|[from] move: Knock Off|[of] p2a: Tyranitar\n|faint|p1b: Peppe\n|\n|-weather|RainDance|[upkeep]\n|upkeep\n|\n|t:|1776472792\n|switch|p1b: Coby|Scovillain-Mega, L50, M|52/100\n|turn|10\n|\n|t:|1776472812\n|move|p2b: Excadrill|Horn Drill|p1b: Coby|[miss]\n|-miss|p2b: Excadrill|p1b: Coby\n|move|p2a: Tyranitar|Rock Slide|p1b: Coby\n|-supereffective|p1b: Coby|1\n|-damage|p1b: Coby|0 fnt\n|-status|p2a: Tyranitar|brn|[from] ability: Spicy Spray|[of] p1b: Coby\n|faint|p1b: Coby\n|\n|win|disciple of blahaj\n|raw|frubidubi's rating: 1202 &rarr; <strong>1178</strong><br />(-24 for losing)\n|raw|disciple of blahaj's rating: 1220 &rarr; <strong>1244</strong><br />(+24 for winning)\n|l|\u2606frubidubi\n|player|p1|\n",
  "uploadtime": 1776472821,
  "views": 25,
  "formatid": "gen9championsvgc2026regma",
  "rating": 1178,
  "private": 0,
  "password": null
}