{
  "id": "gen9championsvgc2026regma-2585575104",
  "format": "[Gen 9 Champions] VGC 2026 Reg M-A",
  "players": [
    "Aadvika",
    "nickazoi"
  ],
  "log": "|j|\u203dAadvika\n|j|\u2606nickazoi\n|t:|1776356495\n|gametype|doubles\n|player|p1|Aadvika|2|1080\n|player|p2|nickazoi|170|1144\n|gen|9\n|tier|[Gen 9 Champions] VGC 2026 Reg M-A\n|rated|\n|rule|Species Clause: Limit one of each Pok\u00e9mon\n|rule|Item Clause: Limit 1 of each item\n|clearpoke\n|poke|p1|Drampa, L50, F|\n|poke|p1|Aegislash, L50, M|\n|poke|p1|Sinistcha-Masterpiece, L50|\n|poke|p1|Alakazam, L50, M|\n|poke|p1|Araquanid, L50, F|\n|poke|p1|Incineroar, L50, F|\n|poke|p2|Crabominable, L50, F|\n|poke|p2|Farigiraf, L50, F|\n|poke|p2|Armarouge, L50, M|\n|poke|p2|Sneasler, L50, M|\n|poke|p2|Clefable, L50, M|\n|poke|p2|Forretress, L50, F|\n|teampreview|4\n|\n|t:|1776356521\n|teamsize|p1|4\n|teamsize|p2|4\n|start\n|switch|p1a: Aegislash|Aegislash, L50, M|100/100\n|switch|p1b: Alakazam|Alakazam, L50, M|100/100\n|switch|p2a: Sneasler|Sneasler, L50, M|100/100\n|switch|p2b: Forretress|Forretress, L50, F|100/100\n|turn|1\n|\n|t:|1776356542\n|switch|p2a: Farigiraf|Farigiraf, L50, F|100/100\n|move|p1b: Alakazam|Psychic|p2a: Farigiraf\n|-resisted|p2a: Farigiraf|1\n|-damage|p2a: Farigiraf|78/100\n|-formechange|p1a: Aegislash|Aegislash-Blade|\n|move|p1a: Aegislash|Sacred Sword|p2b: Forretress\n|-damage|p2b: Forretress|81/100\n|move|p2b: Forretress|Iron Defense|p2b: Forretress\n|-boost|p2b: Forretress|def|2\n|\n|-heal|p2b: Forretress|87/100|[from] item: Leftovers\n|upkeep\n|turn|2\n|\n|t:|1776356578\n|move|p1b: Alakazam|Light Screen|p1b: Alakazam\n|-sidestart|p1: Aadvika|move: Light Screen\n|move|p2a: Farigiraf|Psychic Terrain|p2a: Farigiraf\n|-fieldstart|move: Psychic Terrain\n|move|p1a: Aegislash|Iron Head|p2a: Farigiraf\n|-damage|p2a: Farigiraf|29/100\n|move|p2b: Forretress|Iron Defense|p2b: Forretress\n|-boost|p2b: Forretress|def|2\n|\n|-heal|p2b: Forretress|93/100|[from] item: Leftovers\n|upkeep\n|turn|3\n|\n|t:|1776356599\n|move|p1b: Alakazam|Speed Swap|p1a: Aegislash\n|-activate|p1b: Alakazam|move: Speed Swap|[of] p1a: Aegislash\n|move|p1a: Aegislash|Iron Head|p2a: Farigiraf\n|-damage|p2a: Farigiraf|0 fnt\n|faint|p2a: Farigiraf\n|move|p2b: Forretress|Iron Head|p1b: Alakazam\n|-damage|p1b: Alakazam|64/100\n|\n|-heal|p2b: Forretress|99/100|[from] item: Leftovers\n|upkeep\n|\n|t:|1776356612\n|switch|p2a: Crabominable|Crabominable, L50, F|100/100\n|turn|4\n|\n|t:|1776356633\n|move|p1a: Aegislash|Iron Head|p2a: Crabominable\n|-supereffective|p2a: Crabominable|1\n|-damage|p2a: Crabominable|8/100\n|move|p1b: Alakazam|Psychic|p2b: Forretress\n|-resisted|p2b: Forretress|1\n|-damage|p2b: Forretress|64/100\n|-unboost|p2b: Forretress|spd|1\n|cant|p2a: Crabominable|flinch\n|move|p2b: Forretress|Iron Head|p1b: Alakazam\n|-damage|p1b: Alakazam|22/100\n|\n|-heal|p2b: Forretress|70/100|[from] item: Leftovers\n|upkeep\n|turn|5\n|\n|t:|1776356674\n|detailschange|p2a: Crabominable|Crabominable-Mega, L50, F\n|-mega|p2a: Crabominable|Crabominable|Crabominite\n|move|p2a: Crabominable|Protect|p2a: Crabominable\n|-singleturn|p2a: Crabominable|Protect\n|move|p1a: Aegislash|Iron Head|p2a: Crabominable\n|-activate|p2a: Crabominable|move: Protect\n|move|p1b: Alakazam|Psychic|p2b: Forretress\n|-resisted|p2b: Forretress|1\n|-damage|p2b: Forretress|9/100\n|-unboost|p2b: Forretress|spd|1\n|move|p2b: Forretress|Iron Head|p1b: Alakazam\n|-damage|p1b: Alakazam|0 fnt\n|faint|p1b: Alakazam\n|\n|-heal|p2b: Forretress|15/100|[from] item: Leftovers\n|upkeep\n|\n|t:|1776356679\n|switch|p1b: Drampa|Drampa, L50, F|100/100\n|-ability|p1b: Drampa|Cloud Nine\n|turn|6\n|\n|t:|1776356707\n|detailschange|p1b: Drampa|Drampa-Mega, L50, F\n|-mega|p1b: Drampa|Drampa|Drampanite\n|move|p1a: Aegislash|Iron Head|p2a: Crabominable\n|-supereffective|p2a: Crabominable|1\n|-damage|p2a: Crabominable|0 fnt\n|faint|p2a: Crabominable\n|move|p2b: Forretress|Body Press|p1b: Drampa\n|-supereffective|p1b: Drampa|1\n|-damage|p1b: Drampa|0 fnt\n|faint|p1b: Drampa\n|\n|-heal|p2b: Forretress|21/100|[from] item: Leftovers\n|-sideend|p1: Aadvika|move: Light Screen\n|-fieldend|move: Psychic Terrain\n|upkeep\n|inactive|Battle timer is ON: inactive players will automatically lose when time's up. (requested by Aadvika)\n|inactiveoff|Battle timer is now OFF.\n|inactive|Battle timer is ON: inactive players will automatically lose when time's up. (requested by Aadvika)\n|inactive|nickazoi has 30 seconds left.\n|inactive|nickazoi has 20 seconds left.\n|inactive|nickazoi has 15 seconds left.\n|inactive|nickazoi has 10 seconds left.\n|inactive|nickazoi has 5 seconds left.\n|\n|t:|1776356836\n|switch|p2a: Sneasler|Sneasler, L50, M|100/100\n|switch|p1b: Araquanid|Araquanid, L50, F|100/100\n|turn|7\n|inactive|nickazoi has 30 seconds left.\n|inactive|nickazoi has 20 seconds left.\n|inactive|nickazoi has 15 seconds left.\n|inactive|nickazoi has 10 seconds left.\n|inactive|nickazoi has 5 seconds left.\n|\n|t:|1776356891\n|-formechange|p1a: Aegislash|Aegislash|\n|move|p1a: Aegislash|King's Shield|p1a: Aegislash\n|-singleturn|p1a: Aegislash|Protect\n|move|p2a: Sneasler|Close Combat|p1a: Aegislash\n|-activate|p1a: Aegislash|move: Protect\n|-unboost|p2a: Sneasler|atk|1\n|move|p1b: Araquanid|Liquidation|p2a: Sneasler\n|-enditem|p2a: Sneasler|Focus Sash\n|-damage|p2a: Sneasler|1/100\n|move|p2b: Forretress|Body Press|p1a: Aegislash\n|-activate|p1a: Aegislash|move: Protect\n|-unboost|p2b: Forretress|atk|1\n|\n|-heal|p2b: Forretress|27/100|[from] item: Leftovers\n|upkeep\n|turn|8\n|inactive|nickazoi has 30 seconds left.\n|inactive|nickazoi has 20 seconds left.\n|inactive|nickazoi has 15 seconds left.\n|inactive|nickazoi has 10 seconds left.\n|inactive|nickazoi has 5 seconds left.\n|\n|t:|1776356946\n|move|p2a: Sneasler|Close Combat|p1a: Aegislash\n|-immune|p1a: Aegislash\n|-formechange|p1a: Aegislash|Aegislash-Blade|\n|move|p1a: Aegislash|Poltergeist|p2b: Forretress|[miss]\n|-miss|p1a: Aegislash|p2b: Forretress\n|move|p1b: Araquanid|Liquidation|p2b: Forretress\n|-damage|p2b: Forretress|12/100\n|move|p2b: Forretress|Body Press|p1b: Araquanid\n|-resisted|p1b: Araquanid|1\n|-damage|p1b: Araquanid|46/100\n|\n|-heal|p2b: Forretress|18/100|[from] item: Leftovers\n|upkeep\n|turn|9\n|inactive|Aadvika has 30 seconds left.\n|inactive|nickazoi has 30 seconds left.\n|inactive|nickazoi has 20 seconds left.\n|inactive|nickazoi has 15 seconds left.\n|inactive|nickazoi has 10 seconds left.\n|inactive|nickazoi has 5 seconds left.\n|\n|t:|1776357001\n|move|p2a: Sneasler|Close Combat|p1b: Araquanid\n|-resisted|p1b: Araquanid|1\n|-damage|p1b: Araquanid|24/100\n|-unboost|p2a: Sneasler|def|1\n|-unboost|p2a: Sneasler|spd|1\n|move|p1a: Aegislash|Poltergeist|p2b: Forretress\n|-activate|p2b: Forretress|move: Poltergeist|Leftovers\n|-damage|p2b: Forretress|7/100\n|move|p1b: Araquanid|Liquidation|p2b: Forretress\n|-damage|p2b: Forretress|0 fnt\n|faint|p2b: Forretress\n|\n|upkeep\n|turn|10\n|inactive|nickazoi has 30 seconds left.\n|inactive|nickazoi has 20 seconds left.\n|inactive|nickazoi has 15 seconds left.\n|inactive|nickazoi has 10 seconds left.\n|inactive|nickazoi has 5 seconds left.\n|\n|t:|1776357057\n|move|p2a: Sneasler|Close Combat|p1a: Aegislash\n|-immune|p1a: Aegislash\n|move|p1a: Aegislash|Iron Head|p2a: Sneasler\n|-damage|p2a: Sneasler|0 fnt\n|faint|p2a: Sneasler\n|\n|win|Aadvika\n|raw|Aadvika's rating: 1080 &rarr; <strong>1113</strong><br />(+33 for winning)\n|raw|nickazoi's rating: 1144 &rarr; <strong>1114</strong><br />(-30 for losing)\n|l|\u203dAadvika\n|player|p1|\n|j|\u203dAadvika\n|player|p1|Aadvika|2|\n|n|\u203dAadvika|aadvika\n|l|\u203dAadvika\n|player|p1|\n|j|\u203dAadvika\n|player|p1|Aadvika|2|\n|n|\u203dAadvika|aadvika\n",
  "uploadtime": 1776357492,
  "views": 18,
  "formatid": "gen9championsvgc2026regma",
  "rating": 1113,
  "private": 0,
  "password": null
}