{
  "id": "gen9championsvgc2026regma-2587304463",
  "format": "[Gen 9 Champions] VGC 2026 Reg M-A",
  "players": [
    "RacoonBitch69",
    "rasb"
  ],
  "log": "|j|\u2606RacoonBitch69\n|j|\u2606rasb\n|t:|1776520200\n|gametype|doubles\n|player|p1|RacoonBitch69|266|1296\n|player|p2|rasb|101|1320\n|gen|9\n|tier|[Gen 9 Champions] VGC 2026 Reg M-A\n|rated|\n|rule|Species Clause: Limit one of each Pok\u00e9mon\n|rule|Item Clause: Limit 1 of each item\n|clearpoke\n|poke|p1|Hawlucha, L50, M, shiny|\n|poke|p1|Snorlax, L50, M|\n|poke|p1|Sinistcha, L50|\n|poke|p1|Incineroar, L50, M|\n|poke|p1|Gengar, L50, M|\n|poke|p1|Rotom-Wash, L50|\n|poke|p2|Floette-Eternal, L50, F|\n|poke|p2|Aerodactyl, L50, F|\n|poke|p2|Incineroar, L50, F|\n|poke|p2|Garchomp, L50, F|\n|poke|p2|Charizard, L50, F|\n|poke|p2|Venusaur, L50, F|\n|teampreview|4\n|inactive|Battle timer is ON: inactive players will automatically lose when time's up. (requested by rasb)\nrasb has agreed to open team sheets.\n|inactive|RacoonBitch69 has 60 seconds left.\n|inactive|rasb has 60 seconds left.\n|inactive|rasb has 30 seconds left.\n|inactive|rasb has 20 seconds left.\n|inactive|rasb has 15 seconds left.\n|inactive|rasb has 10 seconds left.\n|\n|t:|1776520283\n|teamsize|p1|4\n|teamsize|p2|4\n|start\n|switch|p1a: Gengar|Gengar, L50, M|100/100\n|switch|p1b: Incineroar|Incineroar, L50, M|100/100\n|switch|p2a: Incineroar|Incineroar, L50, F|100/100\n|switch|p2b: Garchomp|Garchomp, L50, F|100/100\n|-ability|p2a: Incineroar|Intimidate|boost\n|-unboost|p1a: Gengar|atk|1\n|-unboost|p1b: Incineroar|atk|1\n|-ability|p1b: Incineroar|Intimidate|boost\n|-unboost|p2a: Incineroar|atk|1\n|-unboost|p2b: Garchomp|atk|1\n|turn|1\n|\n|t:|1776520290\n|detailschange|p1a: Gengar|Gengar-Mega, L50, M\n|-mega|p1a: Gengar|Gengar|Gengarite\n|move|p2a: Incineroar|Fake Out|p1a: Gengar\n|-immune|p1a: Gengar\n|move|p1b: Incineroar|Fake Out|p2b: Garchomp\n|-damage|p2b: Garchomp|94/100\n|-damage|p1b: Incineroar|88/100|[from] ability: Rough Skin|[of] p2b: Garchomp\n|cant|p2b: Garchomp|flinch\n|move|p1a: Gengar|Perish Song|p1a: Gengar\n|-start|p1a: Gengar|perish3|[silent]\n|-start|p1b: Incineroar|perish3|[silent]\n|-start|p2a: Incineroar|perish3|[silent]\n|-start|p2b: Garchomp|perish3|[silent]\n|-fieldactivate|move: Perish Song\n|\n|-start|p2b: Garchomp|perish3\n|-start|p1a: Gengar|perish3\n|-start|p2a: Incineroar|perish3\n|-start|p1b: Incineroar|perish3\n|upkeep\n|turn|2\n|c|\u2606RacoonBitch69|?\n|c|\u2606rasb|miss click\n|c|\u2606RacoonBitch69|rip\n|\n|t:|1776520315\n|move|p2b: Garchomp|Stomping Tantrum|p1a: Gengar\n|-supereffective|p1a: Gengar|1\n|-damage|p1a: Gengar|0 fnt\n|faint|p1a: Gengar\n|move|p2a: Incineroar|Throat Chop|p1b: Incineroar\n|-resisted|p1b: Incineroar|1\n|-damage|p1b: Incineroar|78/100\n|-start|p1b: Incineroar|Throat Chop|[silent]\n|cant|p1b: Incineroar|move: Throat Chop\n|\n|-start|p2b: Garchomp|perish2\n|-start|p2a: Incineroar|perish2\n|-start|p1b: Incineroar|perish2\n|upkeep\n|c|\u2606RacoonBitch69|HUH\n|c|\u2606RacoonBitch69|i misclicked this time lmao\n|c|\u2606RacoonBitch69|i thought i proctected\n|\n|t:|1776520333\n|switch|p1a: Rotom|Rotom-Wash, L50|100/100\n|turn|3\n|\n|t:|1776520347\n|switch|p2a: Venusaur|Venusaur, L50, F|100/100\n|move|p2b: Garchomp|Stomping Tantrum|p1b: Incineroar\n|-supereffective|p1b: Incineroar|1\n|-damage|p1b: Incineroar|32/100\n|move|p1a: Rotom|Volt Switch|p2b: Garchomp\n|-immune|p2b: Garchomp\n|move|p1b: Incineroar|Darkest Lariat|p2b: Garchomp\n|-damage|p2b: Garchomp|75/100\n|-damage|p1b: Incineroar|20/100|[from] ability: Rough Skin|[of] p2b: Garchomp\n|\n|-end|p1b: Incineroar|Throat Chop|[silent]\n|-start|p2b: Garchomp|perish1\n|-start|p1b: Incineroar|perish1\n|upkeep\n|turn|4\n|inactive|rasb has 30 seconds left.\n|\n|t:|1776520375\n|switch|p2b: Incineroar|Incineroar, L50, F|100/100\n|-ability|p2b: Incineroar|Intimidate|boost\n|-unboost|p1a: Rotom|atk|1\n|-unboost|p1b: Incineroar|atk|1\n|move|p1a: Rotom|Volt Switch|p2b: Incineroar\n|-damage|p2b: Incineroar|71/100\n|\n|t:|1776520379\n|switch|p1a: Sinistcha|Sinistcha, L50|100/100|[from] Volt Switch\n|-heal|p1b: Incineroar|44/100|[from] ability: Hospitality|[of] p1a: Sinistcha\n|move|p2a: Venusaur|Earth Power|p1b: Incineroar\n|-supereffective|p1b: Incineroar|1\n|-damage|p1b: Incineroar|3/100\n|move|p1b: Incineroar|Darkest Lariat|p2b: Incineroar\n|-resisted|p2b: Incineroar|1\n|-damage|p2b: Incineroar|64/100\n|\n|-start|p1b: Incineroar|perish0\n|upkeep\n|faint|p1b: Incineroar\n|\n|t:|1776520381\n|switch|p1b: Rotom|Rotom-Wash, L50|100/100\n|turn|5\n|c|\u2606RacoonBitch69|gg\n|-message|RacoonBitch69 forfeited.\n|\n|win|rasb\n|raw|RacoonBitch69's rating: 1296 &rarr; <strong>1273</strong><br />(-23 for losing)\n|raw|rasb's rating: 1320 &rarr; <strong>1339</strong><br />(+19 for winning)\n",
  "uploadtime": 1776520389,
  "views": 37,
  "formatid": "gen9championsvgc2026regma",
  "rating": 1273,
  "private": 0,
  "password": null
}