{
  "id": "gen9championsvgc2026regma-2586983719",
  "format": "[Gen 9 Champions] VGC 2026 Reg M-A",
  "players": [
    "Dangerzone2",
    "iqsolid"
  ],
  "log": "|j|\u2606Dangerzone2\n|j|\u2606iqsolid\n|t:|1776478200\n|gametype|doubles\n|player|p1|Dangerzone2|2|1288\n|player|p2|iqsolid|steven|1325\n|gen|9\n|tier|[Gen 9 Champions] VGC 2026 Reg M-A\n|rated|\n|rule|Species Clause: Limit one of each Pok\u00e9mon\n|rule|Item Clause: Limit 1 of each item\n|clearpoke\n|poke|p1|Floette-Eternal, L50, F|\n|poke|p1|Rotom-Wash, L50|\n|poke|p1|Arcanine, L50, M|\n|poke|p1|Garchomp, L50, F|\n|poke|p1|Sableye, L50, F|\n|poke|p1|Kingambit, L50, M|\n|poke|p2|Maushold, L50|\n|poke|p2|Rotom-Wash, L50|\n|poke|p2|Incineroar, L50, F|\n|poke|p2|Whimsicott, L50, M|\n|poke|p2|Gengar, L50, F|\n|poke|p2|Goodra-Hisui, L50, F|\n|teampreview|4\n|\n|t:|1776478243\n|teamsize|p1|4\n|teamsize|p2|4\n|start\n|switch|p1a: Rotom|Rotom-Wash, L50|100/100\n|switch|p1b: Garchomp|Garchomp, L50, F|100/100\n|switch|p2a: Whimsicott|Whimsicott, L50, M|100/100\n|switch|p2b: Gengar|Gengar, L50, F|100/100\n|turn|1\n|\n|t:|1776478264\n|detailschange|p2b: Gengar|Gengar-Mega, L50, F\n|-mega|p2b: Gengar|Gengar|Gengarite\n|move|p2a: Whimsicott|Fake Tears|p1b: Garchomp\n|-unboost|p1b: Garchomp|spd|2\n|move|p1b: Garchomp|Earthquake|p2a: Whimsicott|[spread] p2a,p2b\n|-immune|p1a: Rotom|[from] ability: Levitate\n|-resisted|p2a: Whimsicott|1\n|-supereffective|p2b: Gengar|1\n|-damage|p2a: Whimsicott|73/100\n|-damage|p2b: Gengar|11/100\n|move|p2b: Gengar|Shadow Ball|p1b: Garchomp\n|-crit|p1b: Garchomp\n|-damage|p1b: Garchomp|0 fnt\n|faint|p1b: Garchomp\n|move|p1a: Rotom|Electroweb|p2a: Whimsicott|[spread] p2a,p2b\n|-resisted|p2a: Whimsicott|1\n|-damage|p2a: Whimsicott|58/100\n|-damage|p2b: Gengar|0 fnt\n|-unboost|p2a: Whimsicott|spe|1\n|faint|p2b: Gengar\n|\n|upkeep\n|\n|t:|1776478288\n|switch|p2b: Goodra|Goodra-Hisui, L50, F|100/100\n|switch|p1b: Floette|Floette-Eternal, L50, F|100/100\n|turn|2\n|\n|t:|1776478311\n|detailschange|p1b: Floette|Floette-Mega, L50, F\n|-mega|p1b: Floette|Floette|Floettite\n|-ability|p1b: Floette|Fairy Aura\n|move|p2a: Whimsicott|Fake Tears|p1b: Floette\n|-unboost|p1b: Floette|spd|2\n|move|p1a: Rotom|Volt Switch|p2a: Whimsicott\n|-resisted|p2a: Whimsicott|1\n|-damage|p2a: Whimsicott|29/100\n|\n|t:|1776478319\n|switch|p1a: Sableye|Sableye, L50, F|100/100|[from] Volt Switch\n|move|p1b: Floette|Moonblast|p2a: Whimsicott\n|-damage|p2a: Whimsicott|0 fnt\n|faint|p2a: Whimsicott\n|move|p2b: Goodra|Flash Cannon|p1b: Floette\n|-supereffective|p1b: Floette|1\n|-damage|p1b: Floette|6/100\n|\n|upkeep\n|\n|t:|1776478328\n|switch|p2a: Maushold|Maushold, L50|100/100\n|turn|3\n|\n|t:|1776478349\n|move|p2b: Goodra|Protect|p2b: Goodra\n|-singleturn|p2b: Goodra|Protect\n|move|p1a: Sableye|Fake Out|p2a: Maushold\n|-damage|p2a: Maushold|90/100\n|cant|p2a: Maushold|flinch\n|move|p1b: Floette|Moonblast|p2b: Goodra\n|-activate|p2b: Goodra|move: Protect\n|\n|upkeep\n|turn|4\n|\n|t:|1776478369\n|switch|p1b: Rotom|Rotom-Wash, L50|100/100\n|move|p2a: Maushold|Follow Me|p2a: Maushold\n|-singleturn|p2a: Maushold|move: Follow Me\n|move|p1a: Sableye|Encore|p2a: Maushold\n|-start|p2a: Maushold|Encore\n|move|p2b: Goodra|Body Press|p1b: Rotom\n|-damage|p1b: Rotom|76/100\n|\n|-heal|p1b: Rotom|82/100|[from] item: Leftovers\n|upkeep\n|turn|5\n|\n|t:|1776478401\n|move|p2a: Maushold|Follow Me|p2a: Maushold\n|-singleturn|p2a: Maushold|move: Follow Me\n|move|p1b: Rotom|Volt Switch|p2a: Maushold\n|-damage|p2a: Maushold|51/100\n|\n|t:|1776478406\n|switch|p1b: Floette|Floette-Mega, L50, F|6/100|[from] Volt Switch\n|-ability|p1b: Floette|Fairy Aura\n|move|p2b: Goodra|Shelter|p2b: Goodra\n|-boost|p2b: Goodra|def|2\n|move|p1a: Sableye|Knock Off|p2a: Maushold\n|-damage|p2a: Maushold|17/100\n|-enditem|p2a: Maushold|Chople Berry|[from] move: Knock Off|[of] p1a: Sableye\n|\n|upkeep\n|turn|6\n|\n|t:|1776478428\n|switch|p1a: Rotom|Rotom-Wash, L50|82/100\n|move|p2a: Maushold|Follow Me|p2a: Maushold\n|-singleturn|p2a: Maushold|move: Follow Me\n|move|p1b: Floette|Dazzling Gleam|p2b: Goodra|[spread] p2a,p2b\n|-damage|p2a: Maushold|0 fnt\n|-damage|p2b: Goodra|78/100\n|faint|p2a: Maushold\n|move|p2b: Goodra|Body Press|p1b: Floette\n|-resisted|p1b: Floette|1\n|-damage|p1b: Floette|0 fnt\n|faint|p1b: Floette\n|\n|-heal|p1a: Rotom|88/100|[from] item: Leftovers\n|-heal|p2b: Goodra|83/100|[from] item: Leftovers\n|upkeep\n|\n|t:|1776478441\n|switch|p1b: Sableye|Sableye, L50, F|100/100\n|turn|7\n|\n|t:|1776478458\n|move|p1b: Sableye|Fake Out|p2b: Goodra\n|-resisted|p2b: Goodra|1\n|-damage|p2b: Goodra|82/100\n|-ability|p2b: Goodra|Gooey\n|-unboost|p1b: Sableye|spe|1\n|move|p1a: Rotom|Hydro Pump|p2b: Goodra|[miss]\n|-miss|p1a: Rotom|p2b: Goodra\n|cant|p2b: Goodra|flinch\n|\n|-heal|p1a: Rotom|94/100|[from] item: Leftovers\n|-heal|p2b: Goodra|88/100|[from] item: Leftovers\n|upkeep\n|turn|8\n|\n|t:|1776478479\n|move|p1b: Sableye|Encore|p2b: Goodra\n|-start|p2b: Goodra|Encore\n|move|p1a: Rotom|Hydro Pump|p2b: Goodra\n|-resisted|p2b: Goodra|1\n|-damage|p2b: Goodra|72/100\n|move|p2b: Goodra|Body Press|p1a: Rotom\n|-damage|p1a: Rotom|44/100\n|\n|-heal|p1a: Rotom|50/100|[from] item: Leftovers\n|-heal|p2b: Goodra|78/100|[from] item: Leftovers\n|upkeep\n|turn|9\n|\n|t:|1776478495\n|move|p1a: Rotom|Volt Switch|p2b: Goodra\n|-resisted|p2b: Goodra|1\n|-crit|p2b: Goodra\n|-damage|p2b: Goodra|63/100\n|move|p2b: Goodra|Body Press|p1a: Rotom\n|-damage|p1a: Rotom|0 fnt\n|faint|p1a: Rotom\n|move|p1b: Sableye|Knock Off|p2b: Goodra\n|-damage|p2b: Goodra|52/100\n|-ability|p2b: Goodra|Gooey\n|-unboost|p1b: Sableye|spe|1\n|-enditem|p2b: Goodra|Leftovers|[from] move: Knock Off|[of] p1b: Sableye\n|\n|upkeep\n|turn|10\n|\n|t:|1776478510\n|move|p1b: Sableye|Disable|p2b: Goodra\n|-start|p2b: Goodra|Disable|Body Press\n|cant|p2b: Goodra|Disable|Body Press\n|\n|-end|p2b: Goodra|Encore\n|upkeep\n|turn|11\n|\n|t:|1776478517\n|move|p2b: Goodra|Flash Cannon|p1b: Sableye\n|-damage|p1b: Sableye|56/100\n|move|p1b: Sableye|Knock Off|p2b: Goodra\n|-damage|p2b: Goodra|44/100\n|-ability|p2b: Goodra|Gooey\n|-unboost|p1b: Sableye|spe|1\n|\n|upkeep\n|turn|12\n|\n|t:|1776478528\n|move|p2b: Goodra|Flash Cannon|p1b: Sableye\n|-damage|p1b: Sableye|10/100\n|-unboost|p1b: Sableye|spd|1\n|move|p1b: Sableye|Knock Off|p2b: Goodra\n|-damage|p2b: Goodra|37/100\n|-ability|p2b: Goodra|Gooey\n|-unboost|p1b: Sableye|spe|1\n|\n|upkeep\n|turn|13\n|\n|t:|1776478539\n|move|p2b: Goodra|Flash Cannon|p1b: Sableye\n|-damage|p1b: Sableye|0 fnt\n|faint|p1b: Sableye\n|\n|win|iqsolid\n|raw|Dangerzone2's rating: 1288 &rarr; <strong>1266</strong><br />(-22 for losing)\n|raw|iqsolid's rating: 1325 &rarr; <strong>1343</strong><br />(+18 for winning)\n|l|\u2606Dangerzone2\n|player|p1|\n",
  "uploadtime": 1776478547,
  "views": 24,
  "formatid": "gen9championsvgc2026regma",
  "rating": 1266,
  "private": 0,
  "password": null
}