{
  "id": "gen9championsvgc2026regma-2584120155",
  "format": "[Gen 9 Champions] VGC 2026 Reg M-A",
  "players": [
    "idkvgc2",
    "Cpt. Bubatz"
  ],
  "log": "|j|\u2606idkvgc2\n|j|\u2606Cpt. Bubatz\n|t:|1776227344\n|gametype|doubles\n|player|p1|idkvgc2|102|1027\n|player|p2|Cpt. Bubatz|aaron|1077\n|gen|9\n|tier|[Gen 9 Champions] VGC 2026 Reg M-A\n|rated|\n|rule|Species Clause: Limit one of each Pok\u00e9mon\n|rule|Item Clause: Limit 1 of each item\n|clearpoke\n|poke|p1|Garchomp, L50, F|\n|poke|p1|Delphox, L50, M|\n|poke|p1|Rotom-Wash, L50|\n|poke|p1|Meganium, L50, M|\n|poke|p1|Sneasler, L50, M|\n|poke|p1|Primarina, L50, F|\n|poke|p2|Froslass, L50, F|\n|poke|p2|Sneasler, L50, F|\n|poke|p2|Rotom-Heat, L50|\n|poke|p2|Samurott-Hisui, L50, F|\n|poke|p2|Wyrdeer, L50, F|\n|poke|p2|Runerigus, L50, M|\n|teampreview|4\n|\n|t:|1776227384\n|teamsize|p1|4\n|teamsize|p2|4\n|start\n|switch|p1a: Delphox|Delphox, L50, M|100/100\n|switch|p1b: Primarina|Primarina, L50, F|100/100\n|switch|p2a: Wyrdeer|Wyrdeer, L50, F, shiny|100/100\n|switch|p2b: Samurott|Samurott-Hisui, L50, F|100/100\n|-ability|p2a: Wyrdeer|Intimidate|boost\n|-unboost|p1a: Delphox|atk|1\n|-unboost|p1b: Primarina|atk|1\n|turn|1\n|\n|t:|1776227403\n|switch|p1a: Rotom|Rotom-Wash, L50|100/100\n|move|p2b: Samurott|Ceaseless Edge|p1a: Rotom\n|-damage|p1a: Rotom|46/100\n|-sidestart|p1: idkvgc2|Spikes\n|move|p1b: Primarina|Moonblast|p2b: Samurott\n|-supereffective|p2b: Samurott|1\n|-damage|p2b: Samurott|0 fnt\n|faint|p2b: Samurott\n|move|p2a: Wyrdeer|Psyshield Bash|p1b: Primarina\n|-damage|p1b: Primarina|52/100\n|-boost|p2a: Wyrdeer|def|1\n|\n|upkeep\n|\n|t:|1776227413\n|switch|p2b: Sneasler|Sneasler, L50, F, shiny|100/100\n|turn|2\n|\n|t:|1776227432\n|move|p2b: Sneasler|Fake Out|p1b: Primarina\n|-damage|p1b: Primarina|37/100\n|-enditem|p1b: Primarina|Sitrus Berry|[eat]\n|-heal|p1b: Primarina|62/100|[from] item: Sitrus Berry\n|move|p1a: Rotom|Volt Switch|p2a: Wyrdeer\n|-damage|p2a: Wyrdeer|65/100\n|\n|t:|1776227440\n|switch|p1a: Delphox|Delphox, L50, M|100/100|[from] Volt Switch\n|-damage|p1a: Delphox|88/100|[from] Spikes\n|cant|p1b: Primarina|flinch\n|move|p2a: Wyrdeer|Psyshield Bash|p1b: Primarina\n|-damage|p1b: Primarina|17/100\n|-boost|p2a: Wyrdeer|def|1\n|\n|upkeep\n|turn|3\n|\n|t:|1776227458\n|detailschange|p1a: Delphox|Delphox-Mega, L50, M\n|-mega|p1a: Delphox|Delphox|Delphoxite\n|move|p2b: Sneasler|Dire Claw|p1a: Delphox\n|-damage|p1a: Delphox|38/100\n|-status|p1a: Delphox|par\n|move|p1a: Delphox|Substitute|p1a: Delphox\n|-start|p1a: Delphox|Substitute\n|-damage|p1a: Delphox|14/100 par\n|move|p1b: Primarina|Hyper Voice|p2a: Wyrdeer|[spread] p2a,p2b\n|-damage|p2a: Wyrdeer|24/100\n|-damage|p2b: Sneasler|47/100\n|-enditem|p2a: Wyrdeer|Sitrus Berry|[eat]\n|-heal|p2a: Wyrdeer|49/100|[from] item: Sitrus Berry\n|move|p2a: Wyrdeer|High Horsepower|p1a: Delphox\n|-immune|p1a: Delphox|[from] ability: Levitate\n|\n|upkeep\n|turn|4\n|\n|t:|1776227482\n|move|p2b: Sneasler|U-turn|p1a: Delphox\n|-end|p1a: Delphox|Substitute\n|\n|t:|1776227485\n|switch|p2b: Froslass|Froslass, L50, F, shiny|100/100|[from] U-turn\n|move|p1a: Delphox|Nasty Plot|p1a: Delphox\n|-boost|p1a: Delphox|spa|2\n|move|p1b: Primarina|Hyper Voice|p2b: Froslass|[spread] p2a,p2b\n|-damage|p2a: Wyrdeer|8/100\n|-damage|p2b: Froslass|45/100\n|move|p2a: Wyrdeer|Body Slam|p1b: Primarina\n|-damage|p1b: Primarina|0 fnt\n|faint|p1b: Primarina\n|\n|upkeep\n|\n|t:|1776227498\n|switch|p1b: Sneasler|Sneasler, L50, M|100/100\n|-damage|p1b: Sneasler|88/100|[from] Spikes\n|turn|5\n|\n|t:|1776227510\n|detailschange|p2b: Froslass|Froslass-Mega, L50, F, shiny\n|-mega|p2b: Froslass|Froslass|Froslassite\n|-weather|Snowscape|[from] ability: Snow Warning|[of] p2b: Froslass\n|move|p2a: Wyrdeer|Protect|p2a: Wyrdeer\n|-singleturn|p2a: Wyrdeer|Protect\n|move|p1b: Sneasler|Fake Out|p2a: Wyrdeer\n|-activate|p2a: Wyrdeer|move: Protect\n|move|p2b: Froslass|Blizzard|p1a: Delphox|[spread] p1a,p1b\n|-resisted|p1a: Delphox|1\n|-damage|p1a: Delphox|0 fnt\n|-damage|p1b: Sneasler|29/100\n|faint|p1a: Delphox\n|\n|-weather|Snowscape|[upkeep]\n|upkeep\n|\n|t:|1776227515\n|switch|p1a: Rotom|Rotom-Wash, L50|46/100\n|turn|6\n|\n|t:|1776227534\n|move|p1b: Sneasler|Protect|p1b: Sneasler\n|-singleturn|p1b: Sneasler|Protect\n|move|p2b: Froslass|Blizzard|p1b: Sneasler|[spread] p1a\n|-activate|p1b: Sneasler|move: Protect\n|-resisted|p1a: Rotom|1\n|-damage|p1a: Rotom|26/100\n|move|p1a: Rotom|Electroweb|p2b: Froslass|[spread] p2a,p2b\n|-damage|p2a: Wyrdeer|0 fnt\n|-damage|p2b: Froslass|25/100\n|-unboost|p2b: Froslass|spe|1\n|faint|p2a: Wyrdeer\n|\n|-weather|Snowscape|[upkeep]\n|upkeep\n|\n|t:|1776227539\n|switch|p2a: Sneasler|Sneasler, L50, F, shiny|47/100\n|turn|7\n|\n|t:|1776227553\n|move|p2a: Sneasler|Fake Out|p1b: Sneasler\n|-damage|p1b: Sneasler|4/100\n|move|p1a: Rotom|Electroweb|p2b: Froslass|[spread] p2a,p2b\n|-crit|p2b: Froslass\n|-damage|p2a: Sneasler|20/100\n|-damage|p2b: Froslass|0 fnt\n|-unboost|p2a: Sneasler|spe|1\n|faint|p2b: Froslass\n|-enditem|p2a: Sneasler|White Herb\n|-clearnegativeboost|p2a: Sneasler|[silent]\n|cant|p1b: Sneasler|flinch\n|\n|-weather|Snowscape|[upkeep]\n|upkeep\n|turn|8\n|\n|t:|1776227572\n|move|p2a: Sneasler|U-turn|p1b: Sneasler\n|-resisted|p1b: Sneasler|2\n|-damage|p1b: Sneasler|0 fnt\n|faint|p1b: Sneasler\n|move|p1a: Rotom|Electroweb|p2a: Sneasler\n|-damage|p2a: Sneasler|0 fnt\n|faint|p2a: Sneasler\n|\n|win|idkvgc2\n|raw|idkvgc2's rating: 1027 &rarr; <strong>1068</strong><br />(+41 for winning)\n|raw|Cpt. Bubatz's rating: 1077 &rarr; <strong>1052</strong><br />(-25 for losing)\n|l|\u2606Cpt. Bubatz\n|player|p2|\n",
  "uploadtime": 1776227583,
  "views": 20,
  "formatid": "gen9championsvgc2026regma",
  "rating": 1052,
  "private": 0,
  "password": null
}