{
  "id": "gen9championsvgc2026regma-2584574693",
  "format": "[Gen 9 Champions] VGC 2026 Reg M-A",
  "players": [
    "HUERFANVGC",
    "avgsdhkajsd"
  ],
  "log": "|j|\u2606HUERFANVGC\n|j|\u2606avgsdhkajsd\n|t:|1776269716\n|gametype|doubles\n|player|p1|HUERFANVGC|fisherman-gen4|1141\n|player|p2|avgsdhkajsd|alder|1148\n|gen|9\n|tier|[Gen 9 Champions] VGC 2026 Reg M-A\n|rated|\n|rule|Species Clause: Limit one of each Pok\u00e9mon\n|rule|Item Clause: Limit 1 of each item\n|clearpoke\n|poke|p1|Aerodactyl, L50, M|\n|poke|p1|Farigiraf, L50, F|\n|poke|p1|Torkoal, L50, F|\n|poke|p1|Incineroar, L50, M|\n|poke|p1|Kingambit, L50, M|\n|poke|p1|Kangaskhan, L50, F|\n|poke|p2|Meganium, L50, M|\n|poke|p2|Aerodactyl, L50, F|\n|poke|p2|Tauros-Paldea-Aqua, L50, M|\n|poke|p2|Archaludon, L50, F|\n|poke|p2|Typhlosion-Hisui, L50, F|\n|poke|p2|Kangaskhan, L50, F|\n|teampreview|4\n|inactive|Battle timer is ON: inactive players will automatically lose when time's up. (requested by HUERFANVGC)\n|j| hetezh\n|inactive|HUERFANVGC has 60 seconds left.\n|inactive|avgsdhkajsd has 60 seconds left.\n|\n|t:|1776269754\n|teamsize|p1|4\n|teamsize|p2|4\n|start\n|switch|p1a: Aerodactyl|Aerodactyl, L50, M, shiny|100/100\n|switch|p1b: Incineroar|Incineroar, L50, M, shiny|100/100\n|switch|p2a: Typhlosion|Typhlosion-Hisui, L50, F, shiny|100/100\n|switch|p2b: Archaludon|Archaludon, L50, F, shiny|100/100\n|-ability|p1a: Aerodactyl|Unnerve\n|-item|p1a: Aerodactyl|Aerodactylite|[from] ability: Frisk|[of] p2a: Typhlosion\n|-item|p1b: Incineroar|Leftovers|[from] ability: Frisk|[of] p2a: Typhlosion\n|-ability|p1b: Incineroar|Intimidate|boost\n|-unboost|p2a: Typhlosion|atk|1\n|-unboost|p2b: Archaludon|atk|1\n|turn|1\n|inactive|HUERFANVGC has 30 seconds left.\n|\n|t:|1776269781\n|detailschange|p1a: Aerodactyl|Aerodactyl-Mega, L50, M, shiny\n|-mega|p1a: Aerodactyl|Aerodactyl|Aerodactylite\n|move|p2b: Archaludon|Protect|p2b: Archaludon\n|-singleturn|p2b: Archaludon|Protect\n|move|p1b: Incineroar|Fake Out|p2b: Archaludon\n|-activate|p2b: Archaludon|move: Protect\n|move|p2a: Typhlosion|Shadow Ball|p1a: Aerodactyl\n|-damage|p1a: Aerodactyl|51/100\n|-unboost|p1a: Aerodactyl|spd|1\n|move|p1a: Aerodactyl|Rock Slide|p2a: Typhlosion|[spread] p2a\n|-activate|p2b: Archaludon|move: Protect\n|-supereffective|p2a: Typhlosion|1\n|-damage|p2a: Typhlosion|12/100\n|\n|upkeep\n|turn|2\n|\n|t:|1776269799\n|switch|p2b: Tauros|Tauros-Paldea-Aqua, L50, M, shiny|100/100\n|-ability|p2b: Tauros|Intimidate|boost\n|-unboost|p1a: Aerodactyl|atk|1\n|-unboost|p1b: Incineroar|atk|1\n|move|p1a: Aerodactyl|Protect|p1a: Aerodactyl\n|-singleturn|p1a: Aerodactyl|Protect\n|move|p2a: Typhlosion|Shadow Ball|p1a: Aerodactyl\n|-activate|p1a: Aerodactyl|move: Protect\n|move|p1b: Incineroar|Parting Shot|p2b: Tauros\n|-unboost|p2b: Tauros|atk|1\n|-unboost|p2b: Tauros|spa|1\n|\n|t:|1776269810\n|switch|p1b: Kingambit|Kingambit, L50, M|100/100|[from] Parting Shot\n|-enditem|p2b: Tauros|White Herb\n|-clearnegativeboost|p2b: Tauros|[silent]\n|\n|upkeep\n|turn|3\n|inactive|avgsdhkajsd has 30 seconds left.\n|inactive|avgsdhkajsd has 20 seconds left.\n|\n|t:|1776269849\n|switch|p2a: Kangaskhan|Kangaskhan, L50, F, shiny|100/100\n|move|p1b: Kingambit|Protect|p1b: Kingambit\n|-singleturn|p1b: Kingambit|Protect\n|move|p1a: Aerodactyl|Dual Wingbeat|p2b: Tauros\n|-supereffective|p2b: Tauros|1\n|-damage|p2b: Tauros|56/100\n|-supereffective|p2b: Tauros|1\n|-damage|p2b: Tauros|15/100\n|-hitcount|p2b: Tauros|2\n|move|p2b: Tauros|Close Combat|p1b: Kingambit\n|-activate|p1b: Kingambit|move: Protect\n|\n|upkeep\n|turn|4\n|inactive|HUERFANVGC has 30 seconds left.\n|inactive|HUERFANVGC has 20 seconds left.\n|\n|t:|1776269885\n|switch|p1a: Incineroar|Incineroar, L50, M, shiny|100/100\n|-ability|p1a: Incineroar|Intimidate|boost\n|-fail|p2a: Kangaskhan|unboost|Attack|[from] ability: Inner Focus|[of] p2a: Kangaskhan\n|-unboost|p2b: Tauros|atk|1\n|detailschange|p2a: Kangaskhan|Kangaskhan-Mega, L50, F, shiny\n|-mega|p2a: Kangaskhan|Kangaskhan|Kangaskhanite\n|move|p1b: Kingambit|Protect|p1b: Kingambit\n|-singleturn|p1b: Kingambit|Protect\n|move|p2a: Kangaskhan|Fake Out|p1a: Incineroar\n|-damage|p1a: Incineroar|83/100\n|-damage|p1a: Incineroar|79/100\n|-hitcount|p1a: Incineroar|2\n|move|p2b: Tauros|Close Combat|p1b: Kingambit\n|-activate|p1b: Kingambit|move: Protect\n|\n|-heal|p1a: Incineroar|85/100|[from] item: Leftovers\n|upkeep\n|turn|5\n|\n|t:|1776269909\n|switch|p1b: Farigiraf|Farigiraf, L50, F|100/100\n|move|p2a: Kangaskhan|Fake Out||[still]\n|cant|p1b: Farigiraf|ability: Armor Tail|Fake Out|[of] p2a: Kangaskhan\n|move|p2b: Tauros|Close Combat|p2a: Kangaskhan\n|-supereffective|p2a: Kangaskhan|1\n|-damage|p2a: Kangaskhan|28/100\n|-unboost|p2b: Tauros|def|1\n|-unboost|p2b: Tauros|spd|1\n|move|p1a: Incineroar|Parting Shot|p2a: Kangaskhan\n|-unboost|p2a: Kangaskhan|atk|1\n|-unboost|p2a: Kangaskhan|spa|1\n|\n|t:|1776269921\n|switch|p1a: Aerodactyl|Aerodactyl-Mega, L50, M, shiny|51/100|[from] Parting Shot\n|\n|upkeep\n|turn|6\n|inactive|avgsdhkajsd has 30 seconds left.\n|\n|t:|1776269949\n|move|p2a: Kangaskhan|Sucker Punch||[still]\n|cant|p1b: Farigiraf|ability: Armor Tail|Sucker Punch|[of] p2a: Kangaskhan\n|move|p1a: Aerodactyl|Dual Wingbeat|p2b: Tauros\n|-supereffective|p2b: Tauros|1\n|-damage|p2b: Tauros|0 fnt\n|faint|p2b: Tauros\n|-hitcount|p2: Tauros|1\n|move|p1b: Farigiraf|Psychic|p2a: Kangaskhan\n|-damage|p2a: Kangaskhan|0 fnt\n|faint|p2a: Kangaskhan\n|\n|upkeep\n|\n|t:|1776269954\n|switch|p2a: Archaludon|Archaludon, L50, F, shiny|100/100\n|switch|p2b: Typhlosion|Typhlosion-Hisui, L50, F, shiny|12/100\n|-item|p1a: Aerodactyl|Aerodactylite|[from] ability: Frisk|[of] p2b: Typhlosion\n|-item|p1b: Farigiraf|Sitrus Berry|[from] ability: Frisk|[of] p2b: Typhlosion\n|turn|7\n|\n|t:|1776269969\n|move|p2b: Typhlosion|Heat Wave|p1b: Farigiraf|[spread] p1a,p1b\n|-resisted|p1a: Aerodactyl|1\n|-crit|p1a: Aerodactyl\n|-damage|p1a: Aerodactyl|20/100\n|-damage|p1b: Farigiraf|71/100\n|move|p1a: Aerodactyl|Rock Slide|p2b: Typhlosion|[spread] p2a,p2b\n|-resisted|p2a: Archaludon|1\n|-supereffective|p2b: Typhlosion|1\n|-damage|p2a: Archaludon|87/100\n|-damage|p2b: Typhlosion|0 fnt\n|faint|p2b: Typhlosion\n|move|p2a: Archaludon|Flash Cannon|p1a: Aerodactyl\n|-supereffective|p1a: Aerodactyl|1\n|-damage|p1a: Aerodactyl|0 fnt\n|faint|p1a: Aerodactyl\n|move|p1b: Farigiraf|Psychic|p2a: Archaludon\n|-resisted|p2a: Archaludon|1\n|-damage|p2a: Archaludon|60/100\n|-unboost|p2a: Archaludon|spd|1\n|\n|upkeep\n|c|\u2606avgsdhkajsd|get a fkn job you fat geek\n|-message|avgsdhkajsd forfeited.\n|\n|win|HUERFANVGC\n",
  "uploadtime": 1776269971,
  "views": 16,
  "formatid": "gen9championsvgc2026regma",
  "rating": null,
  "private": 0,
  "password": null
}