{
  "id": "gen9championsvgc2026regma-2587620646",
  "format": "[Gen 9 Champions] VGC 2026 Reg M-A",
  "players": [
    "satanisdaddy",
    "Sheepsoft"
  ],
  "log": "|j|\u2606satanisdaddy\n|j|\u2606Sheepsoft\n|t:|1776547659\n|gametype|doubles\n|player|p1|satanisdaddy|boarder|1135\n|player|p2|Sheepsoft|maid|1054\n|gen|9\n|tier|[Gen 9 Champions] VGC 2026 Reg M-A\n|rated|\n|rule|Species Clause: Limit one of each Pok\u00e9mon\n|rule|Item Clause: Limit 1 of each item\n|clearpoke\n|poke|p1|Tyranitar, L50, F|\n|poke|p1|Oranguru, L50, F|\n|poke|p1|Primarina, L50, M|\n|poke|p1|Steelix, L50, F, shiny|\n|poke|p1|Emboar, L50, M|\n|poke|p1|Appletun, L50, F|\n|poke|p2|Hydreigon, L50, F|\n|poke|p2|Aegislash, L50, F|\n|poke|p2|Whimsicott, L50, M|\n|poke|p2|Garchomp, L50, M|\n|poke|p2|Delphox, L50, M|\n|poke|p2|Sneasler, L50, F|\n|teampreview|4\n|\n|t:|1776547692\n|teamsize|p1|4\n|teamsize|p2|4\n|start\n|switch|p1a: Tyranitar|Tyranitar, L50, F|100/100\n|switch|p1b: Oranguru|Oranguru, L50, F|100/100\n|switch|p2a: Garchomp|Garchomp, L50, M|100/100\n|switch|p2b: Hydreigon|Hydreigon, L50, F|100/100\n|-weather|Sandstorm|[from] ability: Sand Stream|[of] p1a: Tyranitar\n|turn|1\n|\n|t:|1776547737\n|move|p1a: Tyranitar|Protect|p1a: Tyranitar\n|-singleturn|p1a: Tyranitar|Protect\n|move|p2b: Hydreigon|Dark Pulse|p1b: Oranguru\n|-supereffective|p1b: Oranguru|1\n|-damage|p1b: Oranguru|30/100\n|move|p2a: Garchomp|Earthquake|p1b: Oranguru|[spread] p1b\n|-activate|p1a: Tyranitar|move: Protect\n|-immune|p2b: Hydreigon|[from] ability: Levitate\n|-damage|p1b: Oranguru|0 fnt\n|faint|p1b: Oranguru\n|\n|-weather|Sandstorm|[upkeep]\n|-damage|p2b: Hydreigon|95/100|[from] Sandstorm\n|upkeep\n|\n|t:|1776547753\n|switch|p1b: Primarina|Primarina, L50, M|100/100\n|turn|2\n|\n|t:|1776547767\n|move|p2b: Hydreigon|Dark Pulse|p1b: Primarina\n|-resisted|p1b: Primarina|1\n|-damage|p1b: Primarina|80/100\n|move|p2a: Garchomp|Earthquake|p1b: Primarina|[spread] p1a,p1b\n|-immune|p2b: Hydreigon|[from] ability: Levitate\n|-supereffective|p1a: Tyranitar|1\n|-damage|p1a: Tyranitar|40/100\n|-damage|p1b: Primarina|26/100\n|move|p1b: Primarina|Dazzling Gleam|p2b: Hydreigon|[spread] p2a,p2b\n|-supereffective|p2a: Garchomp|1\n|-supereffective|p2b: Hydreigon|2\n|-damage|p2a: Garchomp|37/100\n|-damage|p2b: Hydreigon|0 fnt\n|faint|p2b: Hydreigon\n|move|p1a: Tyranitar|Knock Off|p2a: Garchomp\n|-damage|p2a: Garchomp|0 fnt\n|-damage|p1a: Tyranitar|28/100|[from] ability: Rough Skin|[of] p2a: Garchomp\n|-enditem|p2a: Garchomp|Soft Sand|[from] move: Knock Off|[of] p1a: Tyranitar\n|faint|p2a: Garchomp\n|\n|-weather|Sandstorm|[upkeep]\n|-damage|p1b: Primarina|20/100|[from] Sandstorm\n|upkeep\n|\n|t:|1776547785\n|switch|p2b: Sneasler|Sneasler, L50, F|100/100\n|switch|p2a: Aegislash|Aegislash, L50, F|100/100\n|turn|3\n|\n|t:|1776547807\n|move|p2a: Aegislash|King's Shield|p2a: Aegislash\n|-singleturn|p2a: Aegislash|Protect\n|move|p2b: Sneasler|Coaching|p2a: Aegislash\n|-boost|p2a: Aegislash|atk|1\n|-boost|p2a: Aegislash|def|1\n|move|p1b: Primarina|Hyper Voice|p2a: Aegislash|[spread] p2b\n|-activate|p2a: Aegislash|move: Protect\n|-damage|p2b: Sneasler|47/100\n|move|p1a: Tyranitar|Knock Off|p2a: Aegislash\n|-activate|p2a: Aegislash|move: Protect\n|-unboost|p1a: Tyranitar|atk|1\n|\n|-weather|Sandstorm|[upkeep]\n|-damage|p2b: Sneasler|41/100|[from] Sandstorm\n|-damage|p1b: Primarina|14/100|[from] Sandstorm\n|upkeep\n|turn|4\n|\n|t:|1776547830\n|move|p2b: Sneasler|Dire Claw|p1b: Primarina\n|-supereffective|p1b: Primarina|1\n|-damage|p1b: Primarina|0 fnt\n|faint|p1b: Primarina\n|-formechange|p2a: Aegislash|Aegislash-Blade|\n|move|p2a: Aegislash|Iron Head|p1a: Tyranitar\n|-supereffective|p1a: Tyranitar|1\n|-damage|p1a: Tyranitar|0 fnt\n|faint|p1a: Tyranitar\n|\n|-weather|Sandstorm|[upkeep]\n|-damage|p2b: Sneasler|36/100|[from] Sandstorm\n|upkeep\n|\n|t:|1776547834\n|switch|p1b: Emboar|Emboar, L50, M|100/100\n|turn|5\n|\n|t:|1776547854\n|detailschange|p1b: Emboar|Emboar-Mega, L50, M\n|-mega|p1b: Emboar|Emboar|Emboarite\n|-ability|p1b: Emboar|Mold Breaker\n|-formechange|p2a: Aegislash|Aegislash|\n|move|p2a: Aegislash|King's Shield|p2a: Aegislash\n|-singleturn|p2a: Aegislash|Protect\n|move|p2b: Sneasler|Dire Claw|p1b: Emboar\n|-damage|p1b: Emboar|54/100\n|move|p1b: Emboar|Flare Blitz|p2b: Sneasler\n|-damage|p2b: Sneasler|0 fnt\n|faint|p2b: Sneasler\n|-damage|p1b: Emboar|46/100|[from] Recoil\n|\n|-weather|none\n|upkeep\n|turn|6\n|\n|t:|1776547868\n|move|p2a: Aegislash|Substitute|p2a: Aegislash\n|-start|p2a: Aegislash|Substitute\n|-damage|p2a: Aegislash|76/100\n|move|p1b: Emboar|Flare Blitz|p2a: Aegislash\n|-supereffective|p2a: Aegislash|1\n|-end|p2a: Aegislash|Substitute\n|-damage|p1b: Emboar|41/100|[from] Recoil|[of] p2a: Aegislash\n|\n|upkeep\n|turn|7\n|\n|t:|1776547882\n|move|p1b: Emboar|Protect|p1b: Emboar\n|-singleturn|p1b: Emboar|Protect\n|move|p2a: Aegislash|Substitute|p2a: Aegislash\n|-start|p2a: Aegislash|Substitute\n|-damage|p2a: Aegislash|51/100\n|\n|upkeep\n|turn|8\n|\n|t:|1776547889\n|move|p2a: Aegislash|King's Shield|p2a: Aegislash\n|-singleturn|p2a: Aegislash|Protect\n|move|p1b: Emboar|Flare Blitz|p2a: Aegislash\n|-activate|p2a: Aegislash|move: Protect\n|-unboost|p1b: Emboar|atk|1\n|\n|upkeep\n|turn|9\n|\n|t:|1776547897\n|-formechange|p2a: Aegislash|Aegislash-Blade|\n|move|p2a: Aegislash|Poltergeist|p1b: Emboar\n|-activate|p1b: Emboar|move: Poltergeist|Emboarite\n|-damage|p1b: Emboar|0 fnt\n|faint|p1b: Emboar\n|\n|win|Sheepsoft\n|raw|satanisdaddy's rating: 1135 &rarr; <strong>1104</strong><br />(-31 for losing)\n|raw|Sheepsoft's rating: 1054 &rarr; <strong>1093</strong><br />(+39 for winning)\n",
  "uploadtime": 1776547904,
  "views": 16,
  "formatid": "gen9championsvgc2026regma",
  "rating": 1093,
  "private": 0,
  "password": null
}