{
  "id": "gen9championsvgc2026regma-2587680117",
  "format": "[Gen 9 Champions] VGC 2026 Reg M-A",
  "players": [
    "sezare32",
    "dvgsdagasg"
  ],
  "log": "|j|\u2606sezare32\n|j|\u2606dvgsdagasg\n|t:|1776553222\n|gametype|doubles\n|player|p1|sezare32|hiker-gen4|1108\n|player|p2|dvgsdagasg|drayton|1045\n|gen|9\n|tier|[Gen 9 Champions] VGC 2026 Reg M-A\n|rated|\n|rule|Species Clause: Limit one of each Pok\u00e9mon\n|rule|Item Clause: Limit 1 of each item\n|clearpoke\n|poke|p1|Froslass, L50, F|\n|poke|p1|Rotom-Frost, L50|\n|poke|p1|Basculegion, L50, M|\n|poke|p1|Garchomp, L50, F|\n|poke|p1|Incineroar, L50, F|\n|poke|p1|Orthworm, L50, M|\n|poke|p2|Mimikyu, L50, F|\n|poke|p2|Oranguru, L50, M|\n|poke|p2|Froslass, L50, F|\n|poke|p2|Sinistcha, L50|\n|poke|p2|Politoed, L50, M|\n|poke|p2|Palafin, L50, M|\n|teampreview|4\n|inactive|Battle timer is ON: inactive players will automatically lose when time's up. (requested by dvgsdagasg)\n|\n|t:|1776553244\n|teamsize|p1|4\n|teamsize|p2|4\n|start\n|switch|p1a: Incineroar|Incineroar, L50, F|100/100\n|switch|p1b: Orthworm|Orthworm, L50, M|100/100\n|switch|p2a: Oranguru|Oranguru, L50, M|100/100\n|switch|p2b: Palafin|Palafin, L50, M|100/100\n|turn|1\n|\n|t:|1776553255\n|detailschange|p2b: Palafin|Palafin-Hero, L50, M\n|switch|p2b: Mimikyu|Mimikyu, L50, F|100/100\n|move|p1a: Incineroar|Fake Out|p2b: Mimikyu\n|-immune|p2b: Mimikyu\n|move|p1b: Orthworm|Shed Tail|p1b: Orthworm\n|-start|p1b: Orthworm|Substitute|[from] move: Shed Tail\n|-damage|p1b: Orthworm|50/100\n|-enditem|p1b: Orthworm|Sitrus Berry|[eat]\n|-heal|p1b: Orthworm|75/100|[from] item: Sitrus Berry\n|\n|t:|1776553265\n|switch|p1b: Froslass|Froslass, L50, F|100/100|[from] Shed Tail\n|move|p2a: Oranguru|Trick Room|p2a: Oranguru\n|-fieldstart|move: Trick Room|[of] p2a: Oranguru\n|\n|upkeep\n|turn|2\n|\n|t:|1776553281\n|detailschange|p1b: Froslass|Froslass-Mega, L50, F\n|-mega|p1b: Froslass|Froslass|Froslassite\n|-weather|Snowscape|[from] ability: Snow Warning|[of] p1b: Froslass\n|move|p2a: Oranguru|Psychic|p1b: Froslass\n|-end|p1b: Froslass|Substitute\n|move|p2b: Mimikyu|Phantom Force||[still]\n|-prepare|p2b: Mimikyu|Phantom Force\n|move|p1a: Incineroar|Parting Shot|p2b: Mimikyu|[miss]\n|-miss|p1a: Incineroar|p2b: Mimikyu\n|move|p1b: Froslass|Nasty Plot|p1b: Froslass\n|-boost|p1b: Froslass|spa|2\n|\n|-weather|Snowscape|[upkeep]\n|upkeep\n|turn|3\n|inactive|dvgsdagasg has 30 seconds left.\n|\n|t:|1776553314\n|move|p1b: Froslass|Protect|p1b: Froslass\n|-singleturn|p1b: Froslass|Protect\n|move|p2a: Oranguru|Psychic|p1b: Froslass\n|-activate|p1b: Froslass|move: Protect\n|move|p2b: Mimikyu|Phantom Force|p1b: Froslass|[from] lockedmove\n|-activate|p1b: Froslass|move: Phantom Force|[broken]\n|-supereffective|p1b: Froslass|1\n|-damage|p1b: Froslass|20/100\n|move|p1a: Incineroar|Parting Shot|p2a: Oranguru\n|-unboost|p2a: Oranguru|atk|1\n|-unboost|p2a: Oranguru|spa|1\n|\n|t:|1776553327\n|switch|p1a: Orthworm|Orthworm, L50, M|75/100|[from] Parting Shot\n|\n|-weather|Snowscape|[upkeep]\n|upkeep\n|turn|4\n|\n|t:|1776553337\n|move|p2a: Oranguru|Instruct||[still]\n|-fail|p2a: Oranguru\n|move|p1a: Orthworm|Heavy Slam|p2b: Mimikyu\n|-activate|p2b: Mimikyu|ability: Disguise\n|-damage|p2b: Mimikyu|100/100\n|detailschange|p2b: Mimikyu|Mimikyu-Busted, L50, F\n|-damage|p2b: Mimikyu|88/100|[from] pokemon: Mimikyu-Busted\n|move|p2b: Mimikyu|Phantom Force||[still]\n|-prepare|p2b: Mimikyu|Phantom Force\n|move|p1b: Froslass|Blizzard|p2a: Oranguru|[spread] p2a\n|-miss|p1b: Froslass|p2b: Mimikyu\n|-damage|p2a: Oranguru|38/100\n|\n|-weather|Snowscape|[upkeep]\n|upkeep\n|turn|5\n|\n|t:|1776553358\n|switch|p2a: Palafin|Palafin-Hero, L50, M|100/100\n|-activate|p2a: Palafin|ability: Zero to Hero\n|switch|p1b: Incineroar|Incineroar, L50, F|100/100\n|move|p1a: Orthworm|Heavy Slam|p2b: Mimikyu|[miss]\n|-miss|p1a: Orthworm|p2b: Mimikyu\n|move|p2b: Mimikyu|Phantom Force|p1b: Incineroar|[from] lockedmove\n|-resisted|p1b: Incineroar|1\n|-damage|p1b: Incineroar|75/100\n|\n|-weather|Snowscape|[upkeep]\n|-fieldend|move: Trick Room\n|upkeep\n|turn|6\n|inactive|dvgsdagasg has 30 seconds left.\n|\n|t:|1776553390\n|move|p2a: Palafin|Protect|p2a: Palafin\n|-singleturn|p2a: Palafin|Protect\n|move|p1b: Incineroar|Fake Out|p2a: Palafin\n|-activate|p2a: Palafin|move: Protect\n|move|p2b: Mimikyu|Phantom Force||[still]\n|-prepare|p2b: Mimikyu|Phantom Force\n|move|p1a: Orthworm|Iron Defense|p1a: Orthworm\n|-boost|p1a: Orthworm|def|2\n|\n|-weather|none\n|upkeep\n|turn|7\n|\n|t:|1776553403\n|move|p1b: Incineroar|Parting Shot|p2a: Palafin\n|-unboost|p2a: Palafin|atk|1\n|-unboost|p2a: Palafin|spa|1\n|\n|t:|1776553413\n|switch|p1b: Rotom|Rotom-Frost, L50|100/100|[from] Parting Shot\n|move|p2a: Palafin|Wave Crash|p1b: Rotom\n|-damage|p1b: Rotom|20/100\n|-damage|p2a: Palafin|85/100|[from] Recoil\n|move|p2b: Mimikyu|Phantom Force|p1b: Rotom|[from] lockedmove\n|-damage|p1b: Rotom|0 fnt\n|faint|p1b: Rotom\n|move|p1a: Orthworm|Iron Defense|p1a: Orthworm\n|-boost|p1a: Orthworm|def|2\n|\n|upkeep\n|\n|t:|1776553423\n|switch|p1b: Froslass|Froslass-Mega, L50, F|20/100\n|-weather|Snowscape|[from] ability: Snow Warning|[of] p1b: Froslass\n|turn|8\n|\n|t:|1776553436\n|switch|p2b: Oranguru|Oranguru, L50, M|38/100\n|move|p1b: Froslass|Protect|p1b: Froslass\n|-singleturn|p1b: Froslass|Protect\n|move|p2a: Palafin|Protect|p2a: Palafin\n|-singleturn|p2a: Palafin|Protect\n|move|p1a: Orthworm|Shed Tail|p1a: Orthworm\n|-start|p1a: Orthworm|Substitute|[from] move: Shed Tail\n|-damage|p1a: Orthworm|25/100\n|\n|t:|1776553447\n|switch|p1a: Incineroar|Incineroar, L50, F|75/100|[from] Shed Tail\n|\n|-weather|Snowscape|[upkeep]\n|upkeep\n|turn|9\n|\n|t:|1776553458\n|switch|p1b: Orthworm|Orthworm, L50, M|25/100\n|switch|p2a: Mimikyu|Mimikyu-Busted, L50, F|88/100\n|move|p1a: Incineroar|Darkest Lariat|p2b: Oranguru\n|-supereffective|p2b: Oranguru|1\n|-damage|p2b: Oranguru|0 fnt\n|faint|p2b: Oranguru\n|\n|-weather|Snowscape|[upkeep]\n|upkeep\n|\n|t:|1776553469\n|switch|p2b: Palafin|Palafin-Hero, L50, M|85/100\n|turn|10\n|inactive|dvgsdagasg has 30 seconds left.\n|\n|t:|1776553501\n|move|p1a: Incineroar|Parting Shot|p2b: Palafin\n|-unboost|p2b: Palafin|atk|1\n|-unboost|p2b: Palafin|spa|1\n|\n|t:|1776553505\n|switch|p1a: Froslass|Froslass-Mega, L50, F|20/100|[from] Parting Shot\n|move|p2b: Palafin|Flip Turn|p1a: Froslass\n|-damage|p1a: Froslass|0 fnt\n|faint|p1a: Froslass\n|\n|t:|1776553511\n|switch|p2b: Froslass|Froslass, L50, F|100/100|[from] Flip Turn\n|move|p2a: Mimikyu|Bulk Up|p2a: Mimikyu\n|-boost|p2a: Mimikyu|atk|1\n|-boost|p2a: Mimikyu|def|1\n|move|p1b: Orthworm|Heavy Slam|p2a: Mimikyu\n|-supereffective|p2a: Mimikyu|1\n|-damage|p2a: Mimikyu|28/100\n|\n|-weather|Snowscape|[upkeep]\n|upkeep\n|\n|t:|1776553521\n|switch|p1a: Incineroar|Incineroar, L50, F|75/100\n|turn|11\n|\n|t:|1776553532\n|detailschange|p2b: Froslass|Froslass-Mega, L50, F\n|-mega|p2b: Froslass|Froslass|Froslassite\n|move|p2b: Froslass|Blizzard|p1a: Incineroar|[spread] p1a,p1b\n|-resisted|p1a: Incineroar|1\n|-resisted|p1b: Orthworm|1\n|-damage|p1a: Incineroar|49/100\n|-damage|p1b: Orthworm|0 fnt\n|faint|p1b: Orthworm\n|move|p1a: Incineroar|Flare Blitz|p2b: Froslass\n|-supereffective|p2b: Froslass|1\n|-damage|p2b: Froslass|0 fnt\n|faint|p2b: Froslass\n|-damage|p1a: Incineroar|15/100|[from] Recoil\n|move|p2a: Mimikyu|Drain Punch|p1a: Incineroar\n|-supereffective|p1a: Incineroar|1\n|-damage|p1a: Incineroar|0 fnt\n|-heal|p2a: Mimikyu|35/100|[from] drain|[of] p1a: Incineroar\n|faint|p1a: Incineroar\n|\n|win|dvgsdagasg\n|raw|sezare32's rating: 1108 &rarr; <strong>1079</strong><br />(-29 for losing)\n|raw|dvgsdagasg's rating: 1045 &rarr; <strong>1084</strong><br />(+39 for winning)\n|l|\u2606sezare32\n|player|p1|\n",
  "uploadtime": 1776553544,
  "views": 24,
  "formatid": "gen9championsvgc2026regma",
  "rating": 1079,
  "private": 0,
  "password": null
}