{
  "id": "gen9championsvgc2026regma-2582216955",
  "format": "[Gen 9 Champions] VGC 2026 Reg M-A",
  "players": [
    "ironman3168",
    "hokliopo"
  ],
  "log": "|j|\u2606ironman3168\n|j|\u2606hokliopo\n|t:|1776072448\n|gametype|doubles\n|player|p1|ironman3168|ash|1071\n|player|p2|hokliopo|101|1000\n|gen|9\n|tier|[Gen 9 Champions] VGC 2026 Reg M-A\n|rated|\n|rule|Species Clause: Limit one of each Pok\u00e9mon\n|rule|Item Clause: Limit 1 of each item\n|clearpoke\n|poke|p1|Drampa, L50, F|\n|poke|p1|Sinistcha, L50|\n|poke|p1|Farigiraf, L50, M|\n|poke|p1|Torkoal, L50, M|\n|poke|p1|Incineroar, L50, M|\n|poke|p1|Kingambit, L50, M|\n|poke|p2|Wyrdeer, L50, F|\n|poke|p2|Medicham, L50, F|\n|poke|p2|Oranguru, L50, M|\n|poke|p2|Tyranitar, L50, F|\n|poke|p2|Garchomp, L50, F|\n|poke|p2|Orthworm, L50, F|\n|teampreview|4\n|inactive|Battle timer is ON: inactive players will automatically lose when time's up. (requested by ironman3168)\n|inactive|hokliopo has 60 seconds left.\n|\n|t:|1776072515\n|teamsize|p1|4\n|teamsize|p2|4\n|start\n|switch|p1a: Magnetic|Sinistcha, L50|100/100\n|switch|p1b: Farigiraf|Farigiraf, L50, M|100/100\n|switch|p2a: Medicham|Medicham, L50, F|100/100\n|switch|p2b: Orthworm|Orthworm, L50, F|100/100\n|turn|1\n|inactive|hokliopo has 30 seconds left.\n|inactive|hokliopo has 20 seconds left.\n|inactive|hokliopo has 15 seconds left.\n|\n|t:|1776072558\n|switch|p2b: Garchomp|Garchomp, L50, F|100/100\n|switch|p1b: Potential|Torkoal, L50, M|100/100\n|-weather|SunnyDay|[from] ability: Drought|[of] p1b: Potential\n|move|p2a: Medicham|Skill Swap|p2b: Garchomp\n|-activate|p2a: Medicham|Skill Swap|||[of] p2b: Garchomp\n|move|p1a: Magnetic|Trick Room|p1a: Magnetic\n|-fieldstart|move: Trick Room|[of] p1a: Magnetic\n|\n|-weather|SunnyDay|[upkeep]\n|upkeep\n|turn|2\n|inactive|hokliopo has 30 seconds left.\n|\n|t:|1776072593\n|move|p1a: Magnetic|Rage Powder|p1a: Magnetic\n|-singleturn|p1a: Magnetic|move: Rage Powder\n|move|p1b: Potential|Eruption|p2b: Garchomp|[spread] p2a,p2b\n|-resisted|p2b: Garchomp|1\n|-enditem|p2a: Medicham|Focus Sash\n|-damage|p2a: Medicham|1/100\n|-damage|p2b: Garchomp|56/100\n|move|p2b: Garchomp|Dragon Claw|p1a: Magnetic\n|-damage|p1a: Magnetic|35/100\n|-enditem|p1a: Magnetic|Sitrus Berry|[eat]\n|-heal|p1a: Magnetic|59/100|[from] item: Sitrus Berry\n|move|p2a: Medicham|Trick Room|p2a: Medicham\n|-fieldend|move: Trick Room\n|\n|-weather|SunnyDay|[upkeep]\n|upkeep\n|turn|3\n|inactive|hokliopo has 30 seconds left.\n|\n|t:|1776072618\n|move|p1b: Potential|Protect|p1b: Potential\n|-singleturn|p1b: Potential|Protect\n|move|p2b: Garchomp|Swords Dance|p2b: Garchomp\n|-boost|p2b: Garchomp|atk|2\n|move|p2a: Medicham|Axe Kick|p1b: Potential\n|-activate|p1b: Potential|move: Protect\n|-damage|p2a: Medicham|0 fnt|[from] highjumpkick\n|faint|p2a: Medicham\n|move|p1a: Magnetic|Trick Room|p1a: Magnetic\n|-fieldstart|move: Trick Room|[of] p1a: Magnetic\n|\n|-weather|SunnyDay|[upkeep]\n|upkeep\n|\n|t:|1776072632\n|switch|p2a: Tyranitar|Tyranitar, L50, F|100/100\n|-weather|Sandstorm|[from] ability: Sand Stream|[of] p2a: Tyranitar\n|turn|4\n|\n|t:|1776072650\n|move|p1b: Potential|Eruption|p2a: Tyranitar|[spread] p2a,p2b\n|-resisted|p2a: Tyranitar|1\n|-resisted|p2b: Garchomp|1\n|-damage|p2a: Tyranitar|86/100\n|-damage|p2b: Garchomp|30/100\n|move|p2a: Tyranitar|Rock Slide|p1b: Potential|[spread] p1a,p1b\n|-supereffective|p1b: Potential|1\n|-damage|p1a: Magnetic|38/100\n|-damage|p1b: Potential|65/100\n|move|p1a: Magnetic|Matcha Gotcha|p2b: Garchomp|[spread] p2a,p2b\n|-supereffective|p2a: Tyranitar|1\n|-damage|p2a: Tyranitar|65/100\n|-heal|p1a: Magnetic|50/100|[from] drain|[of] p2a: Tyranitar\n|-damage|p2b: Garchomp|6/100\n|-heal|p1a: Magnetic|65/100|[from] drain|[of] p2b: Garchomp\n|move|p2b: Garchomp|Dragon Claw|p1b: Potential\n|-damage|p1b: Potential|0 fnt\n|faint|p1b: Potential\n|\n|-weather|Sandstorm|[upkeep]\n|-damage|p1a: Magnetic|58/100|[from] Sandstorm\n|-heal|p2a: Tyranitar|71/100|[from] item: Leftovers\n|upkeep\n|\n|t:|1776072654\n|switch|p1b: Drampa|Drampa, L50, F|100/100\n|-ability|p1b: Drampa|Cloud Nine\n|turn|5\n|\n|t:|1776072678\n|move|p2b: Garchomp|Protect|p2b: Garchomp\n|-singleturn|p2b: Garchomp|Protect\n|move|p1b: Drampa|Calm Mind|p1b: Drampa\n|-boost|p1b: Drampa|spa|1\n|-boost|p1b: Drampa|spd|1\n|move|p2a: Tyranitar|Earthquake|p1a: Magnetic|[spread] p1a,p1b\n|-activate|p2b: Garchomp|move: Protect\n|-resisted|p1a: Magnetic|1\n|-damage|p1a: Magnetic|48/100\n|-damage|p1b: Drampa|74/100\n|move|p1a: Magnetic|Matcha Gotcha|p2b: Garchomp|[spread] p2a\n|-activate|p2b: Garchomp|move: Protect\n|-supereffective|p2a: Tyranitar|1\n|-damage|p2a: Tyranitar|39/100\n|-heal|p1a: Magnetic|66/100|[from] drain|[of] p2a: Tyranitar\n|\n|-weather|Sandstorm|[upkeep]\n|-heal|p2a: Tyranitar|44/100|[from] item: Leftovers\n|upkeep\n|turn|6\n|\n|t:|1776072703\n|move|p1b: Drampa|Calm Mind|p1b: Drampa\n|-boost|p1b: Drampa|spa|1\n|-boost|p1b: Drampa|spd|1\n|move|p2a: Tyranitar|Rock Slide|p1a: Magnetic|[spread] p1a,p1b\n|-damage|p1a: Magnetic|41/100\n|-damage|p1b: Drampa|46/100\n|move|p1a: Magnetic|Matcha Gotcha|p2a: Tyranitar|[spread] p2a,p2b\n|-supereffective|p2a: Tyranitar|1\n|-damage|p2a: Tyranitar|10/100\n|-heal|p1a: Magnetic|61/100|[from] drain|[of] p2a: Tyranitar\n|-damage|p2b: Garchomp|0 fnt\n|-heal|p1a: Magnetic|65/100|[from] drain|[of] p2b: Garchomp\n|faint|p2b: Garchomp\n|\n|-weather|Sandstorm|[upkeep]\n|-heal|p2a: Tyranitar|15/100|[from] item: Leftovers\n|upkeep\n|-message|hokliopo forfeited.\n|\n|win|ironman3168\n|raw|ironman3168's rating: 1071 &rarr; <strong>1094</strong><br />(+23 for winning)\n|raw|hokliopo's rating: 1000 &rarr; <strong>1000</strong><br />(+0 for losing)\n|l|\u2606hokliopo\n|player|p2|\n",
  "uploadtime": 1776072716,
  "views": 17,
  "formatid": "gen9championsvgc2026regma",
  "rating": 1000,
  "private": 0,
  "password": null
}