{
  "id": "gen9championsvgc2026regma-2585451000",
  "format": "[Gen 9 Champions] VGC 2026 Reg M-A",
  "players": [
    "ADV169",
    "GeNHellFire"
  ],
  "log": "|j|\u2606ADV169\n|j|\u2606GeNHellFire\n|t:|1776348164\n|gametype|doubles\n|player|p1|ADV169|cynthia-gen4|1163\n|player|p2|GeNHellFire|clown|1140\n|gen|9\n|tier|[Gen 9 Champions] VGC 2026 Reg M-A\n|rated|\n|rule|Species Clause: Limit one of each Pok\u00e9mon\n|rule|Item Clause: Limit 1 of each item\n|clearpoke\n|poke|p1|Gardevoir, L50, M|\n|poke|p1|Farigiraf, L50, F|\n|poke|p1|Incineroar, L50, M|\n|poke|p1|Rotom-Wash, L50|\n|poke|p1|Archaludon, L50, F|\n|poke|p1|Sinistcha, L50|\n|poke|p2|Starmie, L50|\n|poke|p2|Sneasler, L50, F|\n|poke|p2|Talonflame, L50, F|\n|poke|p2|Ninetales-Alola, L50, F|\n|poke|p2|Basculegion, L50, M|\n|poke|p2|Sableye, L50, M|\n|teampreview|4\n|inactive|Battle timer is ON: inactive players will automatically lose when time's up. (requested by GeNHellFire)\n|\n|t:|1776348190\n|teamsize|p1|4\n|teamsize|p2|4\n|start\n|switch|p1a: Carcosa|Farigiraf, L50, F|100/100\n|switch|p1b: Babylon|Archaludon, L50, F|100/100\n|switch|p2a: Sneasler|Sneasler, L50, F, shiny|100/100\n|switch|p2b: Talonflame|Talonflame, L50, F, shiny|100/100\n|turn|1\n|\n|t:|1776348205\n|move|p2b: Talonflame|Tailwind|p2b: Talonflame\n|-sidestart|p2: GeNHellFire|move: Tailwind\n|move|p2a: Sneasler|Close Combat|p1b: Babylon\n|-supereffective|p1b: Babylon|1\n|-damage|p1b: Babylon|0 fnt\n|-unboost|p2a: Sneasler|def|1\n|-unboost|p2a: Sneasler|spd|1\n|faint|p1b: Babylon\n|-enditem|p2a: Sneasler|White Herb\n|-clearnegativeboost|p2a: Sneasler|[silent]\n|move|p1a: Carcosa|Rain Dance|p1a: Carcosa\n|-weather|RainDance\n|\n|-weather|RainDance|[upkeep]\n|upkeep\n|\n|t:|1776348214\n|switch|p1b: Sinistcha|Sinistcha, L50|100/100\n|turn|2\n|\n|t:|1776348227\n|switch|p2a: Starmie|Starmie, L50, shiny|100/100\n|move|p1a: Carcosa|Protect|p1a: Carcosa\n|-singleturn|p1a: Carcosa|Protect\n|move|p2b: Talonflame|Brave Bird||[still]\n|cant|p1a: Carcosa|ability: Armor Tail|Brave Bird|[of] p2b: Talonflame\n|move|p1b: Sinistcha|Trick Room|p1b: Sinistcha\n|-fieldstart|move: Trick Room|[of] p1b: Sinistcha\n|\n|-weather|RainDance|[upkeep]\n|upkeep\n|turn|3\n|\n|t:|1776348250\n|detailschange|p2a: Starmie|Starmie-Mega, L50, shiny\n|-mega|p2a: Starmie|Starmie|Starminite\n|move|p2b: Talonflame|Protect|p2b: Talonflame\n|-singleturn|p2b: Talonflame|Protect\n|move|p1b: Sinistcha|Shadow Ball|p2a: Starmie\n|-supereffective|p2a: Starmie|1\n|-damage|p2a: Starmie|13/100\n|move|p1a: Carcosa|Expanding Force|p2a: Starmie\n|-resisted|p2a: Starmie|1\n|-crit|p2a: Starmie\n|-damage|p2a: Starmie|0 fnt\n|faint|p2a: Starmie\n|\n|-weather|RainDance|[upkeep]\n|upkeep\n|\n|t:|1776348264\n|switch|p2a: Basculegion|Basculegion, L50, M, shiny|100/100\n|turn|4\n|\n|t:|1776348275\n|move|p2b: Talonflame|Brave Bird||[still]\n|cant|p1a: Carcosa|ability: Armor Tail|Brave Bird|[of] p2b: Talonflame\n|move|p1b: Sinistcha|Shadow Ball|p2a: Basculegion\n|-supereffective|p2a: Basculegion|1\n|-damage|p2a: Basculegion|21/100\n|move|p1a: Carcosa|Expanding Force|p2a: Basculegion\n|-damage|p2a: Basculegion|0 fnt\n|faint|p2a: Basculegion\n|\n|-weather|RainDance|[upkeep]\n|-sideend|p2: GeNHellFire|move: Tailwind\n|upkeep\n|\n|t:|1776348285\n|switch|p2a: Sneasler|Sneasler, L50, F, shiny|100/100\n|turn|5\n|\n|t:|1776348297\n|move|p2b: Talonflame|Brave Bird||[still]\n|cant|p1a: Carcosa|ability: Armor Tail|Brave Bird|[of] p2b: Talonflame\n|move|p1b: Sinistcha|Shadow Ball|p2b: Talonflame\n|-damage|p2b: Talonflame|48/100\n|-enditem|p2b: Talonflame|Sitrus Berry|[eat]\n|-heal|p2b: Talonflame|72/100|[from] item: Sitrus Berry\n|move|p1a: Carcosa|Expanding Force|p2a: Sneasler\n|-supereffective|p2a: Sneasler|2\n|-damage|p2a: Sneasler|0 fnt\n|faint|p2a: Sneasler\n|\n|-weather|none\n|upkeep\n|turn|6\n|-message|GeNHellFire forfeited.\n|\n|win|ADV169\n|raw|ADV169's rating: 1163 &rarr; <strong>1186</strong><br />(+23 for winning)\n|raw|GeNHellFire's rating: 1140 &rarr; <strong>1117</strong><br />(-23 for losing)\n|l|\u2606GeNHellFire\n|player|p2|\n",
  "uploadtime": 1776348313,
  "views": 33,
  "formatid": "gen9championsvgc2026regma",
  "rating": 1117,
  "private": 0,
  "password": null
}