{
  "id": "gen9championsvgc2026regma-2585860283",
  "format": "[Gen 9 Champions] VGC 2026 Reg M-A",
  "players": [
    "LakeHuron",
    "Zerox94"
  ],
  "log": "|j|\u2606LakeHuron\n|j|\u2606Zerox94\n|t:|1776376235\n|gametype|doubles\n|player|p1|LakeHuron|aetherfoundation2|1326\n|player|p2|Zerox94|silver|1381\n|gen|9\n|tier|[Gen 9 Champions] VGC 2026 Reg M-A\n|rated|\n|rule|Species Clause: Limit one of each Pok\u00e9mon\n|rule|Item Clause: Limit 1 of each item\n|clearpoke\n|poke|p1|Heracross, L50, M|\n|poke|p1|Sinistcha, L50|\n|poke|p1|Incineroar, L50, M|\n|poke|p1|Farigiraf, L50, M|\n|poke|p1|Aerodactyl, L50, M|\n|poke|p1|Kingambit, L50, M|\n|poke|p2|Meowstic, L50, M|\n|poke|p2|Venusaur, L50, F|\n|poke|p2|Torkoal, L50, M|\n|poke|p2|Milotic, L50, M|\n|poke|p2|Charizard, L50, M|\n|poke|p2|Typhlosion, L50, M|\n|teampreview|4\n|\n|t:|1776376289\n|teamsize|p1|4\n|teamsize|p2|4\n|start\n|switch|p1a: Heracross|Heracross, L50, M, shiny|100/100\n|switch|p1b: Aerodactyl|Aerodactyl, L50, M|100/100\n|switch|p2a: Meowstic|Meowstic, L50, M|100/100\n|switch|p2b: Milotic|Milotic, L50, M|100/100\n|-ability|p1b: Aerodactyl|Unnerve\n|turn|1\n|inactive|Battle timer is ON: inactive players will automatically lose when time's up. (requested by Zerox94)\n|\n|t:|1776376327\n|switch|p1b: Farigiraf|Farigiraf, L50, M|100/100\n|detailschange|p1a: Heracross|Heracross-Mega, L50, M, shiny\n|-mega|p1a: Heracross|Heracross|Heracronite\n|move|p2a: Meowstic|Fake Out||[still]\n|cant|p1b: Farigiraf|ability: Armor Tail|Fake Out|[of] p2a: Meowstic\n|move|p1a: Heracross|Knock Off|p2a: Meowstic\n|-supereffective|p2a: Meowstic|1\n|-enditem|p2a: Meowstic|Focus Sash\n|-damage|p2a: Meowstic|1/100\n|move|p2b: Milotic|Scald|p1b: Farigiraf\n|-damage|p1b: Farigiraf|67/100\n|\n|upkeep\n|turn|2\n|\n|t:|1776376347\n|move|p2a: Meowstic|Rain Dance|p2a: Meowstic\n|-weather|RainDance\n|move|p1a: Heracross|Knock Off|p2b: Milotic\n|-crit|p2b: Milotic\n|-damage|p2b: Milotic|23/100\n|-enditem|p2b: Milotic|Sitrus Berry|[from] move: Knock Off|[of] p1a: Heracross\n|move|p2b: Milotic|Weather Ball|p1b: Farigiraf\n|-damage|p1b: Farigiraf|2/100\n|move|p1b: Farigiraf|Hyper Voice|p2a: Meowstic|[spread] p2a,p2b\n|-damage|p2a: Meowstic|0 fnt\n|-damage|p2b: Milotic|2/100\n|faint|p2a: Meowstic\n|\n|-weather|RainDance|[upkeep]\n|upkeep\n|inactive|Zerox94 has 30 seconds left.\n|\n|t:|1776376373\n|switch|p2a: Torkoal|Torkoal, L50, M|100/100\n|-weather|SunnyDay|[from] ability: Drought|[of] p2a: Torkoal\n|turn|3\n|\n|t:|1776376391\n|move|p1b: Farigiraf|Helping Hand|p1a: Heracross\n|-singleturn|p1a: Heracross|Helping Hand|[of] p1b: Farigiraf\n|move|p1a: Heracross|Rock Blast|p2a: Torkoal\n|-supereffective|p2a: Torkoal|1\n|-damage|p2a: Torkoal|69/100\n|-supereffective|p2a: Torkoal|1\n|-damage|p2a: Torkoal|38/100\n|-supereffective|p2a: Torkoal|1\n|-damage|p2a: Torkoal|10/100\n|-supereffective|p2a: Torkoal|1\n|-crit|p2a: Torkoal\n|-damage|p2a: Torkoal|0 fnt\n|faint|p2a: Torkoal\n|-hitcount|p2: Torkoal|4\n|move|p2b: Milotic|Weather Ball|p1a: Heracross\n|-supereffective|p1a: Heracross|1\n|-damage|p1a: Heracross|0 fnt\n|faint|p1a: Heracross\n|\n|-weather|SunnyDay|[upkeep]\n|upkeep\n|\n|t:|1776376410\n|switch|p1a: Aerodactyl|Aerodactyl, L50, M|100/100\n|switch|p2a: Venusaur|Venusaur, L50, F|100/100\n|-ability|p1a: Aerodactyl|Unnerve\n|turn|4\n|inactive|Zerox94 has 30 seconds left.\n|\n|t:|1776376439\n|move|p2a: Venusaur|Sleep Powder|p1a: Aerodactyl\n|-status|p1a: Aerodactyl|slp|[from] move: Sleep Powder\n|cant|p1a: Aerodactyl|slp\n|move|p2b: Milotic|Ice Beam|p1b: Farigiraf\n|-damage|p1b: Farigiraf|0 fnt\n|faint|p1b: Farigiraf\n|\n|-weather|SunnyDay|[upkeep]\n|upkeep\n|\n|t:|1776376446\n|switch|p1b: Kingambit|Kingambit, L50, M|100/100\n|turn|5\n|inactive|Zerox94 has 30 seconds left.\n|\n|t:|1776376473\n|detailschange|p2a: Venusaur|Venusaur-Mega, L50, F\n|-mega|p2a: Venusaur|Venusaur|Venusaurite\n|move|p1b: Kingambit|Sucker Punch||[still]\n|-fail|p1b: Kingambit\n|cant|p1a: Aerodactyl|slp\n|move|p2a: Venusaur|Weather Ball|p1b: Kingambit\n|-supereffective|p1b: Kingambit|1\n|-damage|p1b: Kingambit|22/100\n|move|p2b: Milotic|Recover|p2b: Milotic\n|-heal|p2b: Milotic|52/100\n|\n|-weather|SunnyDay|[upkeep]\n|upkeep\n|turn|6\n|inactive|Zerox94 has 30 seconds left.\n|inactive|Zerox94 has 20 seconds left.\n|inactive|Zerox94 has 15 seconds left.\n|\n|t:|1776376513\n|move|p1b: Kingambit|Sucker Punch|p2a: Venusaur\n|-damage|p2a: Venusaur|67/100\n|-curestatus|p1a: Aerodactyl|slp|[msg]\n|move|p1a: Aerodactyl|Dual Wingbeat|p2a: Venusaur\n|-supereffective|p2a: Venusaur|1\n|-damage|p2a: Venusaur|39/100\n|-supereffective|p2a: Venusaur|1\n|-damage|p2a: Venusaur|11/100\n|-hitcount|p2a: Venusaur|2\n|move|p2a: Venusaur|Weather Ball|p1b: Kingambit\n|-supereffective|p1b: Kingambit|1\n|-crit|p1b: Kingambit\n|-damage|p1b: Kingambit|0 fnt\n|faint|p1b: Kingambit\n|move|p2b: Milotic|Recover|p2b: Milotic\n|-heal|p2b: Milotic|100/100\n|\n|-weather|SunnyDay|[upkeep]\n|upkeep\n|turn|7\n|inactive|Zerox94 has 30 seconds left.\n|\n|t:|1776376539\n|move|p1a: Aerodactyl|Rock Slide|p2b: Milotic|[spread] p2a\n|-miss|p1a: Aerodactyl|p2b: Milotic\n|-damage|p2a: Venusaur|0 fnt\n|faint|p2a: Venusaur\n|move|p2b: Milotic|Ice Beam|p1a: Aerodactyl\n|-supereffective|p1a: Aerodactyl|1\n|-damage|p1a: Aerodactyl|22/100\n|\n|-weather|none\n|upkeep\n|turn|8\n|\n|t:|1776376551\n|move|p1a: Aerodactyl|Dual Wingbeat|p2b: Milotic\n|-damage|p2b: Milotic|82/100\n|-damage|p2b: Milotic|64/100\n|-hitcount|p2b: Milotic|2\n|move|p2b: Milotic|Scald|p1a: Aerodactyl\n|-supereffective|p1a: Aerodactyl|1\n|-damage|p1a: Aerodactyl|0 fnt\n|faint|p1a: Aerodactyl\n|\n|win|Zerox94\n|raw|LakeHuron's rating: 1326 &rarr; <strong>1309</strong><br />(-17 for losing)\n|raw|Zerox94's rating: 1381 &rarr; <strong>1398</strong><br />(+17 for winning)\n|l|\u2606LakeHuron\n|player|p1|\n",
  "uploadtime": 1776376693,
  "views": 26,
  "formatid": "gen9championsvgc2026regma",
  "rating": 1309,
  "private": 0,
  "password": null
}