{
  "id": "gen9championsvgc2026regma-2584711179",
  "format": "[Gen 9 Champions] VGC 2026 Reg M-A",
  "players": [
    "speedwagon03",
    "klipce"
  ],
  "log": "|j|\u2606speedwagon03\n|j|\u2606klipce\n|t:|1776278364\n|gametype|doubles\n|player|p1|speedwagon03|hilbert|1199\n|player|p2|klipce|1|1177\n|gen|9\n|tier|[Gen 9 Champions] VGC 2026 Reg M-A\n|rated|\n|rule|Species Clause: Limit one of each Pok\u00e9mon\n|rule|Item Clause: Limit 1 of each item\n|clearpoke\n|poke|p1|Feraligatr, L50, F|\n|poke|p1|Incineroar, L50, F|\n|poke|p1|Talonflame, L50, F|\n|poke|p1|Glimmora, L50, F|\n|poke|p1|Sinistcha, L50|\n|poke|p1|Orthworm, L50, M|\n|poke|p2|Scovillain, L50, M|\n|poke|p2|Sinistcha-Masterpiece, L50|\n|poke|p2|Hatterene, L50, F|\n|poke|p2|Sableye, L50, F|\n|poke|p2|Rhyperior, L50, M|\n|poke|p2|Kingambit, L50, F|\n|teampreview|4\n|inactive|Battle timer is ON: inactive players will automatically lose when time's up. (requested by speedwagon03)\n|inactive|klipce has 60 seconds left.\n|\n|t:|1776278436\n|teamsize|p1|4\n|teamsize|p2|4\n|start\n|switch|p1a: Sinistcha|Sinistcha, L50|100/100\n|switch|p1b: Orthworm|Orthworm, L50, M|100/100\n|switch|p2a: Dinner|Scovillain, L50, M|100/100\n|switch|p2b: Fork|Rhyperior, L50, M|100/100\n|turn|1\n|\n|t:|1776278453\n|detailschange|p2a: Dinner|Scovillain-Mega, L50, M\n|-mega|p2a: Dinner|Scovillain|Scovillainite\n|move|p1b: Orthworm|Shed Tail|p1b: Orthworm\n|-start|p1b: Orthworm|Substitute|[from] move: Shed Tail\n|-damage|p1b: Orthworm|50/100\n|-enditem|p1b: Orthworm|Sitrus Berry|[eat]\n|-heal|p1b: Orthworm|75/100|[from] item: Sitrus Berry\n|\n|t:|1776278460\n|switch|p1b: Feraligatr|Feraligatr, L50, F|100/100|[from] Shed Tail\n|move|p1a: Sinistcha|Matcha Gotcha|p2a: Dinner|[spread] p2a,p2b\n|-resisted|p2a: Dinner|2\n|-supereffective|p2b: Fork|2\n|-damage|p2a: Dinner|93/100\n|-damage|p2b: Fork|3/100\n|-status|p1a: Sinistcha|brn|[from] ability: Spicy Spray|[of] p2a: Dinner\n|move|p2a: Dinner|Overheat|p1b: Feraligatr\n|-resisted|p1b: Feraligatr|1\n|-end|p1b: Feraligatr|Substitute\n|-unboost|p2a: Dinner|spa|2\n|move|p2b: Fork|Swords Dance|p2b: Fork\n|-boost|p2b: Fork|atk|2\n|\n|-damage|p1a: Sinistcha|94/100 brn|[from] brn\n|upkeep\n|turn|2\n|inactive|speedwagon03 has 30 seconds left.\n|\n|t:|1776278486\n|switch|p1a: Incineroar|Incineroar, L50, F|100/100\n|-ability|p1a: Incineroar|Intimidate|boost\n|-unboost|p2a: Dinner|atk|1\n|-unboost|p2b: Fork|atk|1\n|detailschange|p1b: Feraligatr|Feraligatr-Mega, L50, F\n|-mega|p1b: Feraligatr|Feraligatr|Feraligite\n|move|p1b: Feraligatr|Dragon Dance|p1b: Feraligatr\n|-boost|p1b: Feraligatr|atk|1\n|-boost|p1b: Feraligatr|spe|1\n|move|p2a: Dinner|Overheat|p1a: Incineroar\n|-resisted|p1a: Incineroar|1\n|-damage|p1a: Incineroar|84/100\n|-unboost|p2a: Dinner|spa|2\n|move|p2b: Fork|Earthquake|p1a: Incineroar|[spread] p2a,p1a,p1b\n|-supereffective|p1a: Incineroar|1\n|-damage|p2a: Dinner|16/100\n|-damage|p1a: Incineroar|0 fnt\n|-damage|p1b: Feraligatr|40/100\n|-status|p2b: Fork|brn|[from] ability: Spicy Spray|[of] p2a: Dinner\n|faint|p1a: Incineroar\n|\n|-damage|p2b: Fork|0 fnt|[from] brn\n|faint|p2b: Fork\n|upkeep\n|inactive|klipce has 30 seconds left.\n|\n|t:|1776278514\n|switch|p1a: Sinistcha|Sinistcha, L50|94/100 brn\n|switch|p2b: Spoon|Sableye, L50, F|100/100\n|-heal|p1b: Feraligatr|65/100|[from] ability: Hospitality|[of] p1a: Sinistcha\n|turn|3\n|\n|t:|1776278526\n|switch|p2a: Plate|Hatterene, L50, F|100/100\n|move|p1a: Sinistcha|Protect|p1a: Sinistcha\n|-singleturn|p1a: Sinistcha|Protect\n|move|p2b: Spoon|Encore|p1b: Feraligatr\n|-start|p1b: Feraligatr|Encore\n|move|p1b: Feraligatr|Dragon Dance|p1b: Feraligatr\n|-boost|p1b: Feraligatr|atk|1\n|-boost|p1b: Feraligatr|spe|1\n|\n|-damage|p1a: Sinistcha|88/100 brn|[from] brn\n|upkeep\n|turn|4\n|\n|t:|1776278546\n|move|p2b: Spoon|Encore|p1a: Sinistcha\n|-start|p1a: Sinistcha|Encore\n|move|p1a: Sinistcha|Protect|p1a: Sinistcha\n|-singleturn|p1a: Sinistcha|Protect\n|move|p1b: Feraligatr|Dragon Dance|p1b: Feraligatr\n|-boost|p1b: Feraligatr|atk|1\n|-boost|p1b: Feraligatr|spe|1\n|move|p2a: Plate|Trick Room|p2a: Plate\n|-fieldstart|move: Trick Room|[of] p2a: Plate\n|\n|-damage|p1a: Sinistcha|82/100 brn|[from] brn\n|upkeep\n|turn|5\n|inactive|speedwagon03 has 30 seconds left.\n|\n|t:|1776278575\n|switch|p1a: Orthworm|Orthworm, L50, M|75/100\n|move|p2a: Plate|Dazzling Gleam|p1a: Orthworm|[spread] p1a,p1b\n|-resisted|p1a: Orthworm|1\n|-supereffective|p1b: Feraligatr|1\n|-damage|p1a: Orthworm|44/100\n|-damage|p1b: Feraligatr|0 fnt\n|faint|p1b: Feraligatr\n|move|p2b: Spoon|Foul Play|p1a: Orthworm\n|-damage|p1a: Orthworm|25/100\n|\n|upkeep\n|-message|speedwagon03 forfeited.\n|\n|win|klipce\n|raw|speedwagon03's rating: 1199 &rarr; <strong>1172</strong><br />(-27 for losing)\n|raw|klipce's rating: 1177 &rarr; <strong>1204</strong><br />(+27 for winning)\n|l|\u2606speedwagon03\n|player|p1|\n",
  "uploadtime": 1776278588,
  "views": 27,
  "formatid": "gen9championsvgc2026regma",
  "rating": 1172,
  "private": 0,
  "password": null
}