{
  "id": "gen9championsvgc2026regma-2587349037",
  "format": "[Gen 9 Champions] VGC 2026 Reg M-A",
  "players": [
    "Shio_desu",
    "phontom"
  ],
  "log": "|j|\u2606Shio_desu\n|j|\u2606phontom\n|t:|1776524271\n|gametype|doubles\n|player|p1|Shio_desu|workerice|1113\n|player|p2|phontom|dragontamer|1130\n|gen|9\n|tier|[Gen 9 Champions] VGC 2026 Reg M-A\n|rated|\n|rule|Species Clause: Limit one of each Pok\u00e9mon\n|rule|Item Clause: Limit 1 of each item\n|clearpoke\n|poke|p1|Gengar, L50, F|\n|poke|p1|Incineroar, L50, F|\n|poke|p1|Kommo-o, L50, M|\n|poke|p1|Ninetales-Alola, L50, F|\n|poke|p1|Skarmory, L50, M|\n|poke|p1|Sinistcha-Masterpiece, L50|\n|poke|p2|Charizard, L50, M|\n|poke|p2|Sneasler, L50, M|\n|poke|p2|Garchomp, L50, M|\n|poke|p2|Basculegion, L50, M|\n|poke|p2|Incineroar, L50, F|\n|poke|p2|Venusaur, L50, M|\n|teampreview|4\n|\n|t:|1776524321\n|teamsize|p1|4\n|teamsize|p2|4\n|start\n|switch|p1a: Incineroar|Incineroar, L50, F|100/100\n|switch|p1b: Kommo-o|Kommo-o, L50, M|100/100\n|switch|p2a: Charizard|Charizard, L50, M|100/100\n|switch|p2b: Venusaur|Venusaur, L50, M|100/100\n|-ability|p1a: Incineroar|Intimidate|boost\n|-unboost|p2a: Charizard|atk|1\n|-unboost|p2b: Venusaur|atk|1\n|turn|1\n|\n|t:|1776524346\n|detailschange|p2a: Charizard|Charizard-Mega-Y, L50, M\n|-mega|p2a: Charizard|Charizard|Charizardite Y\n|-weather|SunnyDay|[from] ability: Drought|[of] p2a: Charizard\n|move|p2a: Charizard|Protect|p2a: Charizard\n|-singleturn|p2a: Charizard|Protect\n|move|p1a: Incineroar|Fake Out|p2a: Charizard\n|-activate|p2a: Charizard|move: Protect\n|move|p2b: Venusaur|Sleep Powder|p1b: Kommo-o\n|-immune|p1b: Kommo-o|[from] ability: Overcoat\n|move|p1b: Kommo-o|Clangorous Soul|p1b: Kommo-o\n|-boost|p1b: Kommo-o|atk|1\n|-boost|p1b: Kommo-o|def|1\n|-boost|p1b: Kommo-o|spa|1\n|-boost|p1b: Kommo-o|spd|1\n|-boost|p1b: Kommo-o|spe|1\n|-damage|p1b: Kommo-o|68/100\n|\n|-weather|SunnyDay|[upkeep]\n|upkeep\n|turn|2\n|\n|t:|1776524387\n|switch|p2b: Garchomp|Garchomp, L50, M|100/100\n|move|p1b: Kommo-o|Clanging Scales|p2b: Garchomp|[spread] p2a,p2b\n|-supereffective|p2b: Garchomp|1\n|-damage|p2a: Charizard|51/100\n|-damage|p2b: Garchomp|0 fnt\n|faint|p2b: Garchomp\n|-unboost|p1b: Kommo-o|def|1\n|move|p2a: Charizard|Air Slash|p1b: Kommo-o\n|-supereffective|p1b: Kommo-o|1\n|-damage|p1b: Kommo-o|5/100\n|-enditem|p1b: Kommo-o|Sitrus Berry|[eat]\n|-heal|p1b: Kommo-o|30/100|[from] item: Sitrus Berry\n|move|p1a: Incineroar|Darkest Lariat|p2a: Charizard\n|-damage|p2a: Charizard|5/100\n|\n|-weather|SunnyDay|[upkeep]\n|upkeep\n|\n|t:|1776524396\n|switch|p2b: Sneasler|Sneasler, L50, M|100/100\n|turn|3\n|\n|t:|1776524412\n|move|p1b: Kommo-o|Protect|p1b: Kommo-o\n|-singleturn|p1b: Kommo-o|Protect\n|move|p2a: Charizard|Protect|p2a: Charizard\n|-singleturn|p2a: Charizard|Protect\n|move|p1a: Incineroar|Protect|p1a: Incineroar\n|-singleturn|p1a: Incineroar|Protect\n|move|p2b: Sneasler|Rock Slide|p1b: Kommo-o|[spread] \n|-activate|p1a: Incineroar|move: Protect\n|-activate|p1b: Kommo-o|move: Protect\n|\n|-weather|SunnyDay|[upkeep]\n|upkeep\n|turn|4\n|\n|t:|1776524434\n|switch|p2a: Venusaur|Venusaur, L50, M|100/100\n|move|p1b: Kommo-o|Clanging Scales|p2a: Venusaur|[spread] p2a,p2b\n|-damage|p2a: Venusaur|50/100\n|-damage|p2b: Sneasler|32/100\n|-unboost|p1b: Kommo-o|def|1\n|move|p2b: Sneasler|Rock Slide|p1a: Incineroar|[spread] p1a,p1b\n|-supereffective|p1a: Incineroar|1\n|-resisted|p1b: Kommo-o|1\n|-damage|p1a: Incineroar|69/100\n|-damage|p1b: Kommo-o|16/100\n|cant|p1a: Incineroar|flinch\n|\n|-weather|SunnyDay|[upkeep]\n|upkeep\n|turn|5\n|\n|t:|1776524456\n|move|p1b: Kommo-o|Protect|p1b: Kommo-o\n|-singleturn|p1b: Kommo-o|Protect\n|move|p2b: Sneasler|Protect|p2b: Sneasler\n|-singleturn|p2b: Sneasler|Protect\n|move|p1a: Incineroar|Protect|p1a: Incineroar\n|-singleturn|p1a: Incineroar|Protect\n|move|p2a: Venusaur|Sludge Bomb|p1b: Kommo-o\n|-activate|p1b: Kommo-o|move: Protect\n|\n|-weather|none\n|upkeep\n|turn|6\n|\n|t:|1776524467\n|switch|p1a: Ninetales|Ninetales-Alola, L50, F|100/100\n|-weather|Snowscape|[from] ability: Snow Warning|[of] p1a: Ninetales\n|move|p1b: Kommo-o|Clanging Scales|p2a: Venusaur|[spread] p2a,p2b\n|-damage|p2a: Venusaur|0 fnt\n|-damage|p2b: Sneasler|0 fnt\n|faint|p2a: Venusaur\n|faint|p2b: Sneasler\n|-unboost|p1b: Kommo-o|def|1\n|\n|-weather|Snowscape|[upkeep]\n|upkeep\n|\n|t:|1776524474\n|switch|p2b: Charizard|Charizard-Mega-Y, L50, M|5/100\n|-weather|SunnyDay|[from] ability: Drought|[of] p2b: Charizard\n|turn|7\n|\n|t:|1776524482\n|move|p1b: Kommo-o|Clanging Scales|p2b: Charizard\n|-damage|p2b: Charizard|0 fnt\n|faint|p2b: Charizard\n|\n|win|Shio_desu\n|raw|Shio_desu's rating: 1113 &rarr; <strong>1139</strong><br />(+26 for winning)\n|raw|phontom's rating: 1130 &rarr; <strong>1104</strong><br />(-26 for losing)\n|l|\u2606phontom\n|player|p2|\n",
  "uploadtime": 1776524497,
  "views": 17,
  "formatid": "gen9championsvgc2026regma",
  "rating": 1104,
  "private": 0,
  "password": null
}