{
  "id": "gen9championsvgc2026regma-2584642867",
  "format": "[Gen 9 Champions] VGC 2026 Reg M-A",
  "players": [
    "dizzypants",
    "akgplayz"
  ],
  "log": "|j|\u2606dizzypants\n|j|\u2606akgplayz\n|t:|1776274003\n|gametype|doubles\n|player|p1|dizzypants|lance-lgpe|1085\n|player|p2|akgplayz|miku-ghost|1000\n|gen|9\n|tier|[Gen 9 Champions] VGC 2026 Reg M-A\n|rated|\n|rule|Species Clause: Limit one of each Pok\u00e9mon\n|rule|Item Clause: Limit 1 of each item\n|clearpoke\n|poke|p1|Toxicroak, L50, M|\n|poke|p1|Pelipper, L50, F|\n|poke|p1|Archaludon, L50, M|\n|poke|p1|Maushold, L50|\n|poke|p1|Basculegion, L50, M|\n|poke|p1|Meganium, L50, M|\n|poke|p2|Tyranitar, L50, F|\n|poke|p2|Excadrill, L50, F|\n|poke|p2|Garchomp, L50, F|\n|poke|p2|Incineroar, L50, M|\n|poke|p2|Sinistcha, L50|\n|poke|p2|Tinkaton, L50, F|\n|teampreview|4\n|inactive|Battle timer is ON: inactive players will automatically lose when time's up. (requested by akgplayz)\n|inactive|dizzypants has 60 seconds left.\n|inactive|akgplayz has 60 seconds left.\n|\n|t:|1776274053\n|teamsize|p1|4\n|teamsize|p2|4\n|start\n|switch|p1a: Toxicroak|Toxicroak, L50, M|100/100\n|switch|p1b: Meganium|Meganium, L50, M|100/100\n|switch|p2a: Incineroar|Incineroar, L50, M|100/100\n|switch|p2b: Excadrill|Excadrill, L50, F|100/100\n|-ability|p2a: Incineroar|Intimidate|boost\n|-unboost|p1a: Toxicroak|atk|1\n|-unboost|p1b: Meganium|atk|1\n|turn|1\n|\n|t:|1776274067\n|detailschange|p1b: Meganium|Meganium-Mega, L50, M\n|-mega|p1b: Meganium|Meganium|Meganiumite\n|move|p2b: Excadrill|Protect|p2b: Excadrill\n|-singleturn|p2b: Excadrill|Protect\n|move|p1a: Toxicroak|Fake Out|p2a: Incineroar\n|-damage|p2a: Incineroar|95/100\n|cant|p2a: Incineroar|flinch\n|move|p1b: Meganium|Weather Ball|p2b: Excadrill\n|-activate|p2b: Excadrill|move: Protect\n|\n|upkeep\n|turn|2\n|inactive|dizzypants has 30 seconds left.\n|inactive|akgplayz has 30 seconds left.\n|inactive|dizzypants has 20 seconds left.\n|\n|t:|1776274106\n|switch|p2b: Tyranitar|Tyranitar, L50, F|100/100\n|-weather|Sandstorm|[from] ability: Sand Stream|[of] p2b: Tyranitar\n|move|p1a: Toxicroak|Close Combat|p2b: Tyranitar\n|-supereffective|p2b: Tyranitar|2\n|-enditem|p2b: Tyranitar|Chople Berry|[eat]\n|-enditem|p2b: Tyranitar|Chople Berry|[weaken]\n|-damage|p2b: Tyranitar|47/100\n|-unboost|p1a: Toxicroak|def|1\n|-unboost|p1a: Toxicroak|spd|1\n|move|p1b: Meganium|Weather Ball|p2b: Tyranitar\n|-resisted|p2b: Tyranitar|1\n|-damage|p2b: Tyranitar|29/100\n|move|p2a: Incineroar|Flare Blitz|p1b: Meganium\n|-supereffective|p1b: Meganium|1\n|-damage|p1b: Meganium|19/100\n|-damage|p2a: Incineroar|70/100|[from] Recoil\n|\n|-weather|Sandstorm|[upkeep]\n|-damage|p1a: Toxicroak|94/100|[from] Sandstorm\n|-damage|p1b: Meganium|13/100|[from] Sandstorm\n|-damage|p2a: Incineroar|64/100|[from] Sandstorm\n|upkeep\n|turn|3\n|inactive|akgplayz has 30 seconds left.\n|inactive|dizzypants has 30 seconds left.\n|inactive|akgplayz has 20 seconds left.\n|inactive|akgplayz has 15 seconds left.\n|\n|t:|1776274146\n|move|p2a: Incineroar|Protect|p2a: Incineroar\n|-singleturn|p2a: Incineroar|Protect\n|move|p1a: Toxicroak|Close Combat|p2a: Incineroar\n|-activate|p2a: Incineroar|move: Protect\n|move|p1b: Meganium|Solar Beam||[still]\n|-prepare|p1b: Meganium|Solar Beam\n|-activate|p1b: Meganium|ability: Mega Sol\n|-anim|p1b: Meganium|Solar Beam|p2b: Tyranitar\n|-supereffective|p2b: Tyranitar|1\n|-damage|p2b: Tyranitar|0 fnt\n|faint|p2b: Tyranitar\n|\n|-weather|Sandstorm|[upkeep]\n|-damage|p1a: Toxicroak|88/100|[from] Sandstorm\n|-damage|p1b: Meganium|7/100|[from] Sandstorm\n|-damage|p2a: Incineroar|58/100|[from] Sandstorm\n|upkeep\n|l|\u2606akgplayz\n|inactive|akgplayz disconnected and has a minute to reconnect!\n|player|p2|\n|inactive|akgplayz has 30 seconds left.\n|j|\u2606akgplayz\n|inactive|akgplayz reconnected and has 25 seconds left.\n|player|p2|akgplayz|miku-ghost|\n|inactive|akgplayz has 20 seconds left.\n|inactive|akgplayz has 15 seconds left.\n|\n|t:|1776274187\n|switch|p2b: Garchomp|Garchomp, L50, F|100/100\n|turn|4\n|\n|t:|1776274211\n|switch|p1a: Pelipper|Pelipper, L50, F|100/100\n|-weather|RainDance|[from] ability: Drizzle|[of] p1a: Pelipper\n|move|p2b: Garchomp|Scale Shot|p1a: Pelipper\n|-damage|p1a: Pelipper|82/100\n|-damage|p1a: Pelipper|66/100\n|-damage|p1a: Pelipper|50/100\n|-damage|p1a: Pelipper|34/100\n|-damage|p1a: Pelipper|16/100\n|-hitcount|p1a: Pelipper|5\n|-unboost|p2b: Garchomp|def|1\n|-boost|p2b: Garchomp|spe|1\n|move|p1b: Meganium|Dazzling Gleam|p2a: Incineroar|[spread] p2a,p2b\n|-supereffective|p2b: Garchomp|1\n|-damage|p2a: Incineroar|22/100\n|-damage|p2b: Garchomp|24/100\n|-enditem|p2a: Incineroar|Sitrus Berry|[eat]\n|-heal|p2a: Incineroar|47/100|[from] item: Sitrus Berry\n|move|p2a: Incineroar|Parting Shot|p1a: Pelipper\n|-unboost|p1a: Pelipper|atk|1\n|-unboost|p1a: Pelipper|spa|1\n|\n|t:|1776274228\n|switch|p2a: Excadrill|Excadrill, L50, F|100/100|[from] Parting Shot\n|\n|-weather|RainDance|[upkeep]\n|upkeep\n|turn|5\n|\n|t:|1776274243\n|move|p2a: Excadrill|Protect|p2a: Excadrill\n|-singleturn|p2a: Excadrill|Protect\n|move|p2b: Garchomp|Rock Slide|p1a: Pelipper|[spread] p1a,p1b\n|-supereffective|p1a: Pelipper|1\n|-damage|p1a: Pelipper|0 fnt\n|-damage|p1b: Meganium|0 fnt\n|faint|p1a: Pelipper\n|faint|p1b: Meganium\n|\n|-weather|RainDance|[upkeep]\n|upkeep\n|\n|t:|1776274252\n|switch|p1a: Toxicroak|Toxicroak, L50, M|88/100\n|switch|p1b: Basculegion|Basculegion, L50, M|100/100\n|turn|6\n|\n|t:|1776274271\n|detailschange|p2a: Excadrill|Excadrill-Mega, L50, F\n|-mega|p2a: Excadrill|Excadrill|Excadrite\n|move|p2b: Garchomp|Protect|p2b: Garchomp\n|-singleturn|p2b: Garchomp|Protect\n|move|p1a: Toxicroak|Fake Out|p2a: Excadrill\n|-resisted|p2a: Excadrill|1\n|-damage|p2a: Excadrill|95/100\n|move|p1b: Basculegion|Aqua Jet|p2a: Excadrill\n|-supereffective|p2a: Excadrill|1\n|-damage|p2a: Excadrill|26/100\n|cant|p2a: Excadrill|flinch\n|\n|-weather|RainDance|[upkeep]\n|-heal|p1a: Toxicroak|100/100|[from] ability: Dry Skin\n|upkeep\n|turn|7\n|\n|t:|1776274290\n|switch|p2a: Incineroar|Incineroar, L50, M|47/100\n|-ability|p2a: Incineroar|Intimidate|boost\n|-unboost|p1a: Toxicroak|atk|1\n|-unboost|p1b: Basculegion|atk|1\n|move|p1b: Basculegion|Aqua Jet|p2b: Garchomp\n|-damage|p2b: Garchomp|0 fnt\n|faint|p2b: Garchomp\n|move|p1a: Toxicroak|Close Combat|p2a: Incineroar\n|-supereffective|p2a: Incineroar|1\n|-damage|p2a: Incineroar|1/100\n|-unboost|p1a: Toxicroak|def|1\n|-unboost|p1a: Toxicroak|spd|1\n|\n|-weather|RainDance|[upkeep]\n|upkeep\n|\n|t:|1776274299\n|switch|p2b: Excadrill|Excadrill-Mega, L50, F|26/100\n|turn|8\n|\n|t:|1776274317\n|move|p2b: Excadrill|Protect|p2b: Excadrill\n|-singleturn|p2b: Excadrill|Protect\n|move|p2a: Incineroar|Fake Out|p1a: Toxicroak\n|-damage|p1a: Toxicroak|73/100\n|move|p1b: Basculegion|Aqua Jet|p2a: Incineroar\n|-supereffective|p2a: Incineroar|1\n|-damage|p2a: Incineroar|0 fnt\n|faint|p2a: Incineroar\n|cant|p1a: Toxicroak|flinch\n|\n|-weather|none\n|upkeep\n|turn|9\n|\n|t:|1776274337\n|move|p1b: Basculegion|Aqua Jet|p2b: Excadrill\n|-supereffective|p2b: Excadrill|1\n|-crit|p2b: Excadrill\n|-damage|p2b: Excadrill|0 fnt\n|faint|p2b: Excadrill\n|\n|win|dizzypants\n|raw|dizzypants's rating: 1085 &rarr; <strong>1106</strong><br />(+21 for winning)\n|raw|akgplayz's rating: 1000 &rarr; <strong>1000</strong><br />(+0 for losing)\n|l|\u2606akgplayz\n|player|p2|\n",
  "uploadtime": 1776274350,
  "views": 22,
  "formatid": "gen9championsvgc2026regma",
  "rating": 1000,
  "private": 0,
  "password": null
}