{
  "id": "gen9championsvgc2026regma-2586807651",
  "format": "[Gen 9 Champions] VGC 2026 Reg M-A",
  "players": [
    "astonished25",
    "W0kMeDed"
  ],
  "log": "|j|\u2606astonished25\n|j|\u2606W0kMeDed\n|t:|1776461538\n|gametype|doubles\n|player|p1|astonished25|caitlin|1401\n|player|p2|W0kMeDed|palmer|1491\n|gen|9\n|tier|[Gen 9 Champions] VGC 2026 Reg M-A\n|rated|\n|rule|Species Clause: Limit one of each Pok\u00e9mon\n|rule|Item Clause: Limit 1 of each item\n|clearpoke\n|poke|p1|Aerodactyl, L50, M|\n|poke|p1|Tyranitar, L50, F|\n|poke|p1|Kingambit, L50, M|\n|poke|p1|Floette-Eternal, L50, F|\n|poke|p1|Sinistcha-Masterpiece, L50|\n|poke|p1|Basculegion, L50, M|\n|poke|p2|Kangaskhan, L50, F|\n|poke|p2|Sylveon, L50, F|\n|poke|p2|Rotom-Wash, L50|\n|poke|p2|Talonflame, L50, M|\n|poke|p2|Garchomp, L50, F|\n|poke|p2|Kingambit, L50, M|\n|teampreview|4\n|inactive|Battle timer is ON: inactive players will automatically lose when time's up. (requested by astonished25)\n|inactive|astonished25 has 60 seconds left.\n|inactive|W0kMeDed has 60 seconds left.\n|inactive|W0kMeDed has 30 seconds left.\n|\n|t:|1776461603\n|teamsize|p1|4\n|teamsize|p2|4\n|start\n|switch|p1a: Aerodactyl|Aerodactyl, L50, M|100/100\n|switch|p1b: Basculegion|Basculegion, L50, M|100/100\n|switch|p2a: Elgee|Rotom-Wash, L50|100/100\n|switch|p2b: should I sp?|Kingambit, L50, M|100/100\n|-ability|p1a: Aerodactyl|Unnerve\n|turn|1\n|\n|t:|1776461620\n|switch|p1b: Kingambit|Kingambit, L50, M|100/100\n|move|p2b: should I sp?|Sucker Punch||[still]\n|-fail|p2b: should I sp?\n|move|p2a: Elgee|Electroweb|p1a: Aerodactyl|[spread] p1a,p1b\n|-supereffective|p1a: Aerodactyl|1\n|-damage|p1a: Aerodactyl|39/100\n|-damage|p1b: Kingambit|80/100\n|-unboost|p1a: Aerodactyl|spe|1\n|-unboost|p1b: Kingambit|spe|1\n|-ability|p1b: Kingambit|Defiant|boost\n|-boost|p1b: Kingambit|atk|2\n|move|p1a: Aerodactyl|Tailwind|p1a: Aerodactyl\n|-sidestart|p1: astonished25|move: Tailwind\n|\n|upkeep\n|turn|2\n|\n|t:|1776461635\n|move|p1a: Aerodactyl|Rock Slide|p2b: should I sp?|[spread] p2a,p2b\n|-resisted|p2b: should I sp?|1\n|-damage|p2a: Elgee|68/100\n|-damage|p2b: should I sp?|90/100\n|move|p2a: Elgee|Electroweb|p1a: Aerodactyl|[spread] p1a,p1b\n|-supereffective|p1a: Aerodactyl|1\n|-damage|p1a: Aerodactyl|0 fnt\n|-damage|p1b: Kingambit|60/100\n|-unboost|p1b: Kingambit|spe|1\n|-ability|p1b: Kingambit|Defiant|boost\n|-boost|p1b: Kingambit|atk|2\n|faint|p1a: Aerodactyl\n|move|p2b: should I sp?|Low Kick|p1b: Kingambit\n|-supereffective|p1b: Kingambit|2\n|-damage|p1b: Kingambit|0 fnt\n|faint|p1b: Kingambit\n|\n|upkeep\n|\n|t:|1776461643\n|switch|p1a: Floette|Floette-Eternal, L50, F|100/100\n|switch|p1b: Basculegion|Basculegion, L50, M|100/100\n|turn|3\n|\n|t:|1776461658\n|detailschange|p1a: Floette|Floette-Mega, L50, F\n|-mega|p1a: Floette|Floette|Floettite\n|-ability|p1a: Floette|Fairy Aura\n|move|p1b: Basculegion|Aqua Jet|p2b: should I sp?\n|-damage|p2b: should I sp?|65/100\n|move|p2b: should I sp?|Sucker Punch||[still]\n|-fail|p2b: should I sp?\n|move|p1a: Floette|Dazzling Gleam|p2b: should I sp?|[spread] p2a,p2b\n|-damage|p2a: Elgee|5/100\n|-damage|p2b: should I sp?|6/100\n|move|p2a: Elgee|Electroweb|p1a: Floette|[spread] p1a\n|-miss|p2a: Elgee|p1b: Basculegion\n|-damage|p1a: Floette|84/100\n|-unboost|p1a: Floette|spe|1\n|\n|upkeep\n|turn|4\n|\n|t:|1776461680\n|move|p2b: should I sp?|Protect|p2b: should I sp?\n|-singleturn|p2b: should I sp?|Protect\n|move|p1b: Basculegion|Aqua Jet|p2a: Elgee\n|-resisted|p2a: Elgee|1\n|-damage|p2a: Elgee|0 fnt\n|faint|p2a: Elgee\n|move|p1a: Floette|Calm Mind|p1a: Floette\n|-boost|p1a: Floette|spa|1\n|-boost|p1a: Floette|spd|1\n|\n|-sideend|p1: astonished25|move: Tailwind\n|upkeep\n|\n|t:|1776461691\n|switch|p2a: Ramiel|Sylveon, L50, F|100/100\n|turn|5\n|\n|t:|1776461700\n|move|p1b: Basculegion|Aqua Jet|p2b: should I sp?\n|-damage|p2b: should I sp?|0 fnt\n|faint|p2b: should I sp?\n|move|p2a: Ramiel|Hyper Voice|p1a: Floette|[spread] p1a,p1b\n|-damage|p1a: Floette|51/100\n|-damage|p1b: Basculegion|25/100\n|move|p1a: Floette|Calm Mind|p1a: Floette\n|-boost|p1a: Floette|spa|1\n|-boost|p1a: Floette|spd|1\n|\n|upkeep\n|\n|t:|1776461712\n|switch|p2b: Chomp '06|Garchomp, L50, F|100/100\n|turn|6\n|\n|t:|1776461717\n|move|p2a: Ramiel|Protect|p2a: Ramiel\n|-singleturn|p2a: Ramiel|Protect\n|move|p1b: Basculegion|Aqua Jet|p2a: Ramiel\n|-activate|p2a: Ramiel|move: Protect\n|move|p2b: Chomp '06|Earthquake|p1b: Basculegion|[spread] p1a,p1b\n|-activate|p2a: Ramiel|move: Protect\n|-damage|p1a: Floette|15/100\n|-damage|p1b: Basculegion|0 fnt\n|faint|p1b: Basculegion\n|move|p1a: Floette|Draining Kiss|p2b: Chomp '06\n|-supereffective|p2b: Chomp '06|1\n|-damage|p2b: Chomp '06|0 fnt\n|-heal|p1a: Floette|100/100|[from] drain|[of] p2b: Chomp '06\n|-damage|p1a: Floette|89/100|[from] ability: Rough Skin|[of] p2b: Chomp '06\n|faint|p2b: Chomp '06\n|\n|upkeep\n|turn|7\n|\n|t:|1776461729\n|move|p2a: Ramiel|Moonblast|p1a: Floette\n|-damage|p1a: Floette|58/100\n|move|p1a: Floette|Draining Kiss|p2a: Ramiel\n|-damage|p2a: Ramiel|28/100\n|-heal|p1a: Floette|100/100|[from] drain|[of] p2a: Ramiel\n|\n|upkeep\n|turn|8\n|\n|t:|1776461734\n|move|p2a: Ramiel|Moonblast|p1a: Floette\n|-damage|p1a: Floette|70/100\n|move|p1a: Floette|Draining Kiss|p2a: Ramiel\n|-damage|p2a: Ramiel|0 fnt\n|-heal|p1a: Floette|93/100|[from] drain|[of] p2a: Ramiel\n|faint|p2a: Ramiel\n|\n|win|astonished25\n|raw|astonished25's rating: 1401 &rarr; <strong>1426</strong><br />(+25 for winning)\n|raw|W0kMeDed's rating: 1491 &rarr; <strong>1466</strong><br />(-25 for losing)\n|c|\u2606astonished25|Ggs\n|c|\u2606W0kMeDed|gg\n",
  "uploadtime": 1776461743,
  "views": 50,
  "formatid": "gen9championsvgc2026regma",
  "rating": 1426,
  "private": 0,
  "password": null
}