{
  "id": "gen9championsvgc2026regma-2586175508",
  "format": "[Gen 9 Champions] VGC 2026 Reg M-A",
  "players": [
    "sisi1",
    "zangblitz"
  ],
  "log": "|j|\u2606sisi1\n|j|\u2606zangblitz\n|t:|1776408597\n|gametype|doubles\n|player|p1|sisi1|dawn|1131\n|player|p2|zangblitz|2|1158\n|gen|9\n|tier|[Gen 9 Champions] VGC 2026 Reg M-A\n|rated|\n|rule|Species Clause: Limit one of each Pok\u00e9mon\n|rule|Item Clause: Limit 1 of each item\n|clearpoke\n|poke|p1|Maushold, L50|\n|poke|p1|Meowstic, L50, M|\n|poke|p1|Basculegion, L50, M|\n|poke|p1|Talonflame, L50, M|\n|poke|p1|Alakazam, L50, M|\n|poke|p1|Gallade, L50, M|\n|poke|p2|Delphox, L50, M|\n|poke|p2|Milotic, L50, F|\n|poke|p2|Whimsicott, L50, M|\n|poke|p2|Kingambit, L50, F|\n|poke|p2|Garchomp, L50, F|\n|poke|p2|Sneasler, L50, M|\n|teampreview|4\n|inactive|Battle timer is ON: inactive players will automatically lose when time's up. (requested by zangblitz)\n|\n|t:|1776408627\n|teamsize|p1|4\n|teamsize|p2|4\n|start\n|switch|p1a: Talonflame|Talonflame, L50, M|100/100\n|switch|p1b: Gallade|Gallade, L50, M|100/100\n|switch|p2a: Kingambit|Kingambit, L50, F|100/100\n|switch|p2b: Milotic|Milotic, L50, F, shiny|100/100\n|turn|1\n|\n|t:|1776408649\n|move|p2a: Kingambit|Protect|p2a: Kingambit\n|-singleturn|p2a: Kingambit|Protect\n|move|p1a: Talonflame|Tailwind|p1a: Talonflame\n|-sidestart|p1: sisi1|move: Tailwind\n|move|p1b: Gallade|Sacred Sword|p2a: Kingambit\n|-activate|p2a: Kingambit|move: Protect\n|move|p2b: Milotic|Icy Wind|p1a: Talonflame|[spread] p1a,p1b\n|-damage|p1a: Talonflame|86/100\n|-damage|p1b: Gallade|90/100\n|-unboost|p1a: Talonflame|spe|1\n|-unboost|p1b: Gallade|spe|1\n|-enditem|p1b: Gallade|White Herb\n|-clearnegativeboost|p1b: Gallade|[silent]\n|\n|upkeep\n|turn|2\n|\n|t:|1776408672\n|move|p2a: Kingambit|Sucker Punch|p1b: Gallade\n|-damage|p1b: Gallade|23/100\n|move|p1a: Talonflame|Brave Bird|p2b: Milotic\n|-damage|p2b: Milotic|55/100\n|-damage|p1a: Talonflame|67/100|[from] Recoil\n|move|p1b: Gallade|Sacred Sword|p2a: Kingambit\n|-supereffective|p2a: Kingambit|2\n|-damage|p2a: Kingambit|0 fnt\n|faint|p2a: Kingambit\n|move|p2b: Milotic|Scald|p1b: Gallade\n|-damage|p1b: Gallade|0 fnt\n|faint|p1b: Gallade\n|\n|-heal|p2b: Milotic|61/100|[from] item: Leftovers\n|upkeep\n|\n|t:|1776408690\n|switch|p1b: Meowstic|Meowstic, L50, M|100/100\n|switch|p2a: Garchomp|Garchomp, L50, F|100/100\n|turn|3\n|\n|t:|1776408706\n|move|p1b: Meowstic|Psychic Terrain|p1b: Meowstic\n|-fieldstart|move: Psychic Terrain\n|move|p1a: Talonflame|Brave Bird|p2b: Milotic\n|-damage|p2b: Milotic|17/100\n|-damage|p1a: Talonflame|47/100|[from] Recoil\n|move|p2a: Garchomp|Rock Slide|p1b: Meowstic|[spread] p1a,p1b\n|-supereffective|p1a: Talonflame|2\n|-damage|p1a: Talonflame|0 fnt\n|-damage|p1b: Meowstic|82/100\n|faint|p1a: Talonflame\n|move|p2b: Milotic|Icy Wind|p1b: Meowstic\n|-damage|p1b: Meowstic|70/100\n|-unboost|p1b: Meowstic|spe|1\n|\n|-heal|p2b: Milotic|23/100|[from] item: Leftovers\n|upkeep\n|\n|t:|1776408719\n|switch|p1a: Alakazam|Alakazam, L50, M|100/100\n|turn|4\n|\n|t:|1776408727\n|detailschange|p1a: Alakazam|Alakazam-Mega, L50, M\n|-mega|p1a: Alakazam|Alakazam|Alakazite\n|-ability|p1a: Alakazam|Rough Skin|Trace|[from] ability: Trace|[of] p2a: Garchomp\n|move|p1b: Meowstic|Helping Hand|p1a: Alakazam\n|-singleturn|p1a: Alakazam|Helping Hand|[of] p1b: Meowstic\n|move|p1a: Alakazam|Expanding Force|p2a: Garchomp|[spread] p2a,p2b\n|-damage|p2a: Garchomp|0 fnt\n|-damage|p2b: Milotic|0 fnt\n|faint|p2a: Garchomp\n|faint|p2b: Milotic\n|\n|-sideend|p1: sisi1|move: Tailwind\n|upkeep\n|\n|t:|1776408737\n|switch|p2a: Delphox|Delphox, L50, M, shiny|100/100\n|turn|5\n|\n|t:|1776408740\n|detailschange|p2a: Delphox|Delphox-Mega, L50, M, shiny\n|-mega|p2a: Delphox|Delphox|Delphoxite\n|move|p1b: Meowstic|Helping Hand|p1a: Alakazam\n|-singleturn|p1a: Alakazam|Helping Hand|[of] p1b: Meowstic\n|move|p1a: Alakazam|Shadow Ball|p2a: Delphox\n|-supereffective|p2a: Delphox|1\n|-damage|p2a: Delphox|0 fnt\n|faint|p2a: Delphox\n|\n|win|sisi1\n|raw|sisi1's rating: 1131 &rarr; <strong>1158</strong><br />(+27 for winning)\n|raw|zangblitz's rating: 1158 &rarr; <strong>1131</strong><br />(-27 for losing)\n|l|\u2606zangblitz\n|player|p2|\n",
  "uploadtime": 1776408751,
  "views": 42,
  "formatid": "gen9championsvgc2026regma",
  "rating": 1131,
  "private": 0,
  "password": null
}