{
  "id": "gen9championsvgc2026regma-2582549005",
  "format": "[Gen 9 Champions] VGC 2026 Reg M-A",
  "players": [
    "Madamarcy",
    "Plushy65"
  ],
  "log": "|j|\u2606Madamarcy\n|j|\u2606Plushy65\n|html|<table width=\"100%\"><tr><td align=\"left\">Madamarcy</td><td align=\"right\">Plushy65</tr><tr><td align=\"left\"><i class=\"fa fa-circle\"></i> <i class=\"fa fa-circle-o\"></i> </td><td align=\"right\"><i class=\"fa fa-circle-o\"></i> <i class=\"fa fa-circle-o\"></i> </tr></table>\n|uhtml|bestof|<h2><strong>Game 2</strong> of <a href=\"/game-bestof3-gen9championsvgc2026regma-2582542567\">a best-of-3</a></h2>\n|t:|1776098703\n|gametype|doubles\n|player|p1|Madamarcy|jacinthe|\n|player|p2|Plushy65|harlequin|\n|gen|9\n|tier|[Gen 9 Champions] VGC 2026 Reg M-A\n|rule|Species Clause: Limit one of each Pok\u00e9mon\n|rule|Item Clause: Limit 1 of each item\n|raw|<div class=\"infobox\"><details class=\"readmore\" open><summary><strong>1 custom rule:</strong></summary> Best of = 3</details></div>\n|clearpoke\n|poke|p1|Farigiraf, L50, F|\n|poke|p1|Incineroar, L50, F|\n|poke|p1|Torkoal, L50, M|\n|poke|p1|Crabominable, L50, M|\n|poke|p1|Basculegion, L50, M|\n|poke|p1|Ninetales-Alola, L50, M|\n|poke|p2|Farigiraf, L50, F|\n|poke|p2|Crabominable, L50, F|\n|poke|p2|Sinistcha, L50|\n|poke|p2|Primarina, L50, F|\n|poke|p2|Corviknight, L50, F|\n|poke|p2|Incineroar, L50, F|\n|teampreview|4\nMadamarcy has agreed to open team sheets.\nPlushy65 has agreed to open team sheets.\n|showteam|p1|Farigiraf||SitrusBerry|ArmorTail|TrickRoom,HelpingHand,HyperVoice,Psychic|||F|||50|]Incineroar||ChopleBerry|Intimidate|FakeOut,WillOWisp,FlareBlitz,PartingShot|||F|||50|]Torkoal||Charcoal|Drought|Eruption,HeatWave,Overheat,Protect|||M|||50|]Crabominable||Crabominite|HyperCutter|IceHammer,DrainPunch,MachPunch,Protect|||M|||50|]Basculegion||ChoiceScarf|Adaptability|LastRespects,FlipTurn,WaveCrash,Liquidation|||M|||50|]Ninetales-Alola||FocusSash|SnowWarning|Blizzard,AuroraVeil,Encore,Protect|||M|||50|\n|showteam|p2|Farigiraf||FocusSash|ArmorTail|TrickRoom,HyperVoice,HelpingHand,Protect|||F|||50|]Crabominable||Crabominite|IronFist|IceHammer,DrainPunch,RockSlide,Protect|||F|||50|]Sinistcha||ColburBerry|Hospitality|RagePowder,Protect,ShadowBall,MatchaGotcha||||||50|]Primarina||FairyFeather|Torrent|SparklingAria,Moonblast,PsychicNoise,DrainingKiss|||F|||50|]Corviknight||Leftovers|MirrorArmor|Protect,BodyPress,DualWingbeat,Roost|||F|||50|]Incineroar||SitrusBerry|Intimidate|FlareBlitz,FakeOut,PartingShot,DarkestLariat|||F|||50|\n|\n|t:|1776098727\n|teamsize|p1|4\n|teamsize|p2|4\n|start\n|switch|p1a: Torkoal|Torkoal, L50, M|100/100\n|switch|p1b: Incineroar|Incineroar, L50, F|100/100\n|switch|p2a: Incineroar|Incineroar, L50, F, shiny|100/100\n|switch|p2b: Farigiraf|Farigiraf, L50, F|100/100\n|-ability|p1b: Incineroar|Intimidate|boost\n|-unboost|p2a: Incineroar|atk|1\n|-unboost|p2b: Farigiraf|atk|1\n|-ability|p2a: Incineroar|Intimidate|boost\n|-unboost|p1a: Torkoal|atk|1\n|-unboost|p1b: Incineroar|atk|1\n|-weather|SunnyDay|[from] ability: Drought|[of] p1a: Torkoal\n|turn|1\n|\n|t:|1776098769\n|move|p2a: Incineroar|Fake Out|p1a: Torkoal\n|-damage|p1a: Torkoal|94/100\n|move|p1b: Incineroar|Flare Blitz|p2b: Farigiraf\n|-damage|p2b: Farigiraf|68/100\n|-damage|p1b: Incineroar|89/100|[from] Recoil\n|move|p2b: Farigiraf|Hyper Voice|p1a: Torkoal|[spread] p1a,p1b\n|-damage|p1a: Torkoal|60/100\n|-damage|p1b: Incineroar|69/100\n|cant|p1a: Torkoal|flinch\n|\n|-weather|SunnyDay|[upkeep]\n|upkeep\n|turn|2\n|\n|t:|1776098794\n|move|p2b: Farigiraf|Protect|p2b: Farigiraf\n|-singleturn|p2b: Farigiraf|Protect\n|move|p1b: Incineroar|Parting Shot|p2a: Incineroar\n|-unboost|p2a: Incineroar|atk|1\n|-unboost|p2a: Incineroar|spa|1\n|\n|t:|1776098806\n|switch|p1b: Crabominable|Crabominable, L50, M|100/100|[from] Parting Shot\n|move|p2a: Incineroar|Parting Shot|p1a: Torkoal\n|-unboost|p1a: Torkoal|atk|1\n|-unboost|p1a: Torkoal|spa|1\n|\n|t:|1776098812\n|switch|p2a: Primarina|Primarina, L50, F, shiny|100/100|[from] Parting Shot\n|move|p1a: Torkoal|Heat Wave|p2b: Farigiraf|[spread] p2a\n|-activate|p2b: Farigiraf|move: Protect\n|-resisted|p2a: Primarina|1\n|-damage|p2a: Primarina|87/100\n|\n|-weather|SunnyDay|[upkeep]\n|upkeep\n|turn|3\n|\n|t:|1776098829\n|switch|p1b: Basculegion|Basculegion, L50, M|100/100\n|move|p2b: Farigiraf|Helping Hand|p2a: Primarina\n|-singleturn|p2a: Primarina|Helping Hand|[of] p2b: Farigiraf\n|move|p2a: Primarina|Psychic Noise|p1b: Basculegion\n|-damage|p1b: Basculegion|58/100\n|-start|p1b: Basculegion|move: Heal Block\n|move|p1a: Torkoal|Overheat|p2a: Primarina|[miss]\n|-miss|p1a: Torkoal|p2a: Primarina\n|\n|-weather|SunnyDay|[upkeep]\n|upkeep\n|turn|4\n|\n|t:|1776098860\n|move|p2b: Farigiraf|Helping Hand|p2a: Primarina\n|-singleturn|p2a: Primarina|Helping Hand|[of] p2b: Farigiraf\n|move|p1b: Basculegion|Flip Turn|p2a: Primarina\n|-resisted|p2a: Primarina|1\n|-damage|p2a: Primarina|74/100\n|\n|t:|1776098869\n|switch|p1b: Incineroar|Incineroar, L50, F|69/100|[from] Flip Turn\n|-ability|p1b: Incineroar|Intimidate|boost\n|-unboost|p2a: Primarina|atk|1\n|-unboost|p2b: Farigiraf|atk|1\n|move|p2a: Primarina|Moonblast|p1b: Incineroar\n|-damage|p1b: Incineroar|3/100\n|move|p1a: Torkoal|Overheat|p2a: Primarina\n|-resisted|p2a: Primarina|1\n|-damage|p2a: Primarina|50/100\n|-unboost|p1a: Torkoal|spa|2\n|\n|-weather|SunnyDay|[upkeep]\n|upkeep\n|turn|5\n|\n|t:|1776098896\n|move|p1b: Incineroar|Flare Blitz|p2a: Primarina\n|-resisted|p2a: Primarina|1\n|-damage|p2a: Primarina|2/100\n|-damage|p1b: Incineroar|0 fnt|[from] Recoil\n|faint|p1b: Incineroar\n|move|p2a: Primarina|Draining Kiss|p1a: Torkoal\n|-resisted|p1a: Torkoal|1\n|-damage|p1a: Torkoal|38/100\n|-heal|p2a: Primarina|20/100|[from] drain|[of] p1a: Torkoal\n|move|p2b: Farigiraf|Hyper Voice|p1a: Torkoal\n|-damage|p1a: Torkoal|0 fnt\n|faint|p1a: Torkoal\n|\n|-weather|none\n|upkeep\n|\n|t:|1776098909\n|switch|p1b: Crabominable|Crabominable, L50, M|100/100\n|switch|p1a: Basculegion|Basculegion, L50, M|58/100\n|turn|6\n|\n|t:|1776098928\n|detailschange|p1b: Crabominable|Crabominable-Mega, L50, M\n|-mega|p1b: Crabominable|Crabominable|Crabominite\n|move|p1a: Basculegion|Liquidation|p2a: Primarina\n|-resisted|p2a: Primarina|1\n|-damage|p2a: Primarina|0 fnt\n|faint|p2a: Primarina\n|move|p1b: Crabominable|Ice Hammer|p2b: Farigiraf\n|-damage|p2b: Farigiraf|11/100\n|-unboost|p1b: Crabominable|spe|1\n|move|p2b: Farigiraf|Trick Room|p2b: Farigiraf\n|-fieldstart|move: Trick Room|[of] p2b: Farigiraf\n|\n|upkeep\n|\n|t:|1776098939\n|switch|p2a: Crabominable|Crabominable, L50, F|100/100\n|turn|7\n|\n|t:|1776098954\n|move|p2b: Farigiraf|Helping Hand|p2a: Crabominable\n|-singleturn|p2a: Crabominable|Helping Hand|[of] p2b: Farigiraf\n|move|p1b: Crabominable|Protect|p1b: Crabominable\n|-singleturn|p1b: Crabominable|Protect\n|move|p2a: Crabominable|Drain Punch|p1b: Crabominable\n|-activate|p1b: Crabominable|move: Protect\n|move|p1a: Basculegion|Liquidation|p2a: Crabominable\n|-damage|p2a: Crabominable|39/100\n|\n|upkeep\n|turn|8\n|\n|t:|1776098972\n|move|p2b: Farigiraf|Helping Hand|p2a: Crabominable\n|-singleturn|p2a: Crabominable|Helping Hand|[of] p2b: Farigiraf\n|move|p1b: Crabominable|Drain Punch|p2a: Crabominable\n|-supereffective|p2a: Crabominable|1\n|-damage|p2a: Crabominable|0 fnt\n|faint|p2a: Crabominable\n|move|p1a: Basculegion|Liquidation|p2b: Farigiraf\n|-damage|p2b: Farigiraf|0 fnt\n|faint|p2b: Farigiraf\n|\n|upkeep\n|\n|t:|1776098979\n|switch|p2b: Incineroar|Incineroar, L50, F, shiny|100/100\n|-ability|p2b: Incineroar|Intimidate|boost\n|-unboost|p1a: Basculegion|atk|1\n|-unboost|p1b: Crabominable|atk|1\n|turn|9\n|\n|t:|1776098989\n|move|p1b: Crabominable|Protect|p1b: Crabominable\n|-singleturn|p1b: Crabominable|Protect\n|move|p2b: Incineroar|Darkest Lariat|p1a: Basculegion\n|-supereffective|p1a: Basculegion|1\n|-damage|p1a: Basculegion|0 fnt\n|faint|p1a: Basculegion\n|\n|upkeep\n|turn|10\n|\n|t:|1776098999\n|move|p1b: Crabominable|Drain Punch|p2b: Incineroar\n|-supereffective|p2b: Incineroar|1\n|-damage|p2b: Incineroar|17/100\n|-enditem|p2b: Incineroar|Sitrus Berry|[eat]\n|-heal|p2b: Incineroar|42/100|[from] item: Sitrus Berry\n|move|p2b: Incineroar|Flare Blitz|p1b: Crabominable\n|-supereffective|p1b: Crabominable|1\n|-damage|p1b: Crabominable|30/100\n|-damage|p2b: Incineroar|18/100|[from] Recoil\n|\n|-fieldend|move: Trick Room\n|upkeep\n|turn|11\n|\n|t:|1776099011\n|move|p1b: Crabominable|Mach Punch|p2b: Incineroar\n|-supereffective|p2b: Incineroar|1\n|-damage|p2b: Incineroar|0 fnt\n|faint|p2b: Incineroar\n|\n|win|Madamarcy\n",
  "uploadtime": 1776099013,
  "views": 10,
  "formatid": "gen9championsvgc2026regma",
  "rating": null,
  "private": 0,
  "password": null
}