{
  "id": "gen9championsvgc2026regma-2589575080",
  "format": "[Gen 9 Champions] VGC 2026 Reg M-A",
  "players": [
    "LukeSkinwalker",
    "szadek"
  ],
  "log": "|j|\u2606LukeSkinwalker\n|j|\u2606szadek\n|t:|1776735553\n|gametype|doubles\n|player|p1|LukeSkinwalker|swimmer-gen4dp|1179\n|player|p2|szadek|veteran|1142\n|gen|9\n|tier|[Gen 9 Champions] VGC 2026 Reg M-A\n|rated|\n|rule|Species Clause: Limit one of each Pok\u00e9mon\n|rule|Item Clause: Limit 1 of each item\n|clearpoke\n|poke|p1|Empoleon, L50, M, shiny|\n|poke|p1|Aerodactyl, L50, M, shiny|\n|poke|p1|Whimsicott, L50, F|\n|poke|p1|Farigiraf, L50, M, shiny|\n|poke|p1|Garchomp, L50, M, shiny|\n|poke|p1|Delphox, L50, F, shiny|\n|poke|p2|Charizard, L50, F|\n|poke|p2|Venusaur, L50, F, shiny|\n|poke|p2|Archaludon, L50, F, shiny|\n|poke|p2|Sneasler, L50, F|\n|poke|p2|Milotic, L50, M, shiny|\n|poke|p2|Whimsicott, L50, F, shiny|\n|teampreview|4\n|\n|t:|1776735609\n|teamsize|p1|4\n|teamsize|p2|4\n|start\n|switch|p1a: Aerodactyl|Aerodactyl, L50, M, shiny|100/100\n|switch|p1b: Garchomp|Garchomp, L50, M, shiny|100/100\n|switch|p2a: Whimsicott|Whimsicott, L50, F, shiny|100/100\n|switch|p2b: Venusaur|Venusaur, L50, F, shiny|100/100\n|-ability|p1a: Aerodactyl|Unnerve\n|turn|1\n|\n|t:|1776735648\n|switch|p1b: Delphox|Delphox, L50, F, shiny|100/100\n|move|p2a: Whimsicott|Tailwind|p2a: Whimsicott\n|-sidestart|p2: szadek|move: Tailwind\n|move|p2b: Venusaur|Sleep Powder|p1a: Aerodactyl\n|-status|p1a: Aerodactyl|slp|[from] move: Sleep Powder\n|cant|p1a: Aerodactyl|slp\n|\n|upkeep\n|turn|2\n|\n|t:|1776735680\n|detailschange|p1b: Delphox|Delphox-Mega, L50, F, shiny\n|-mega|p1b: Delphox|Delphox|Delphoxite\n|move|p2a: Whimsicott|Protect|p2a: Whimsicott\n|-singleturn|p2a: Whimsicott|Protect\n|move|p1b: Delphox|Protect|p1b: Delphox\n|-singleturn|p1b: Delphox|Protect\n|move|p2b: Venusaur|Sleep Powder|p1b: Delphox\n|-activate|p1b: Delphox|move: Protect\n|cant|p1a: Aerodactyl|slp\n|\n|upkeep\n|turn|3\n|\n|t:|1776735703\n|switch|p1b: Whimsicott|Whimsicott, L50, F|100/100\n|move|p2a: Whimsicott|Moonblast|p1a: Aerodactyl\n|-damage|p1a: Aerodactyl|54/100 slp\n|move|p2b: Venusaur|Energy Ball|p1a: Aerodactyl\n|-damage|p1a: Aerodactyl|1/100 slp\n|-curestatus|p1a: Aerodactyl|slp|[msg]\n|move|p1a: Aerodactyl|Tailwind|p1a: Aerodactyl\n|-sidestart|p1: LukeSkinwalker|move: Tailwind\n|\n|upkeep\n|turn|4\n|\n|t:|1776735762\n|switch|p1b: Delphox|Delphox-Mega, L50, F, shiny|100/100\n|move|p1a: Aerodactyl|Protect|p1a: Aerodactyl\n|-singleturn|p1a: Aerodactyl|Protect\n|move|p2a: Whimsicott|Moonblast|p1a: Aerodactyl\n|-activate|p1a: Aerodactyl|move: Protect\n|move|p2b: Venusaur|Sludge Bomb|p1b: Delphox\n|-damage|p1b: Delphox|62/100\n|\n|-sideend|p2: szadek|move: Tailwind\n|upkeep\n|turn|5\n|\n|t:|1776735811\n|move|p2a: Whimsicott|Tailwind|p2a: Whimsicott\n|-sidestart|p2: szadek|move: Tailwind\n|move|p1b: Delphox|Heat Wave|p2b: Venusaur|[spread] p2a,p2b\n|-supereffective|p2a: Whimsicott|1\n|-supereffective|p2b: Venusaur|1\n|-enditem|p2a: Whimsicott|Focus Sash\n|-damage|p2a: Whimsicott|1/100\n|-damage|p2b: Venusaur|6/100\n|-status|p2b: Venusaur|brn\n|move|p1a: Aerodactyl|Dual Wingbeat|p2a: Whimsicott\n|-supereffective|p2a: Whimsicott|1\n|-damage|p2a: Whimsicott|0 fnt\n|faint|p2a: Whimsicott\n|-hitcount|p2: Whimsicott|1\n|move|p2b: Venusaur|Energy Ball|p1a: Aerodactyl\n|-damage|p1a: Aerodactyl|0 fnt\n|faint|p1a: Aerodactyl\n|\n|-damage|p2b: Venusaur|0 fnt|[from] brn\n|faint|p2b: Venusaur\n|upkeep\n|\n|t:|1776735828\n|switch|p1a: Whimsicott|Whimsicott, L50, F|100/100\n|switch|p2a: Charizard|Charizard, L50, F|100/100\n|switch|p2b: Archaludon|Archaludon, L50, F, shiny|100/100\n|turn|6\n|\n|t:|1776735860\n|detailschange|p2a: Charizard|Charizard-Mega-X, L50, F\n|-mega|p2a: Charizard|Charizard|Charizardite X\n|move|p2b: Archaludon|Flash Cannon|p1a: Whimsicott\n|-supereffective|p1a: Whimsicott|1\n|-enditem|p1a: Whimsicott|Focus Sash\n|-damage|p1a: Whimsicott|1/100\n|move|p1b: Delphox|Heat Wave|p2a: Charizard|[spread] p2a,p2b\n|-resisted|p2a: Charizard|2\n|-damage|p2a: Charizard|89/100\n|-damage|p2b: Archaludon|33/100\n|move|p1a: Whimsicott|Moonblast|p2b: Archaludon\n|-damage|p2b: Archaludon|0 fnt\n|faint|p2b: Archaludon\n|move|p2a: Charizard|Dragon Claw|p1b: Delphox\n|-damage|p1b: Delphox|0 fnt\n|faint|p1b: Delphox\n|\n|-sideend|p1: LukeSkinwalker|move: Tailwind\n|upkeep\n|\n|t:|1776735876\n|switch|p1b: Garchomp|Garchomp, L50, M, shiny|100/100\n|turn|7\n|\n|t:|1776735919\n|move|p2a: Charizard|Dragon Claw|p1b: Garchomp\n|-supereffective|p1b: Garchomp|1\n|-damage|p1b: Garchomp|3/100\n|move|p1b: Garchomp|Earthquake|p2a: Charizard|[spread] p1a,p2a\n|-resisted|p1a: Whimsicott|1\n|-supereffective|p2a: Charizard|1\n|-damage|p1a: Whimsicott|0 fnt\n|-damage|p2a: Charizard|23/100\n|faint|p1a: Whimsicott\n|\n|upkeep\n|turn|8\n|\n|t:|1776735933\n|move|p2a: Charizard|Dragon Dance|p2a: Charizard\n|-boost|p2a: Charizard|atk|1\n|-boost|p2a: Charizard|spe|1\n|move|p1b: Garchomp|Dragon Claw|p2a: Charizard\n|-supereffective|p2a: Charizard|1\n|-damage|p2a: Charizard|0 fnt\n|faint|p2a: Charizard\n|\n|win|LukeSkinwalker\n|raw|LukeSkinwalker's rating: 1179 &rarr; <strong>1201</strong><br />(+22 for winning)\n|raw|szadek's rating: 1142 &rarr; <strong>1120</strong><br />(-22 for losing)\n|c|\u2606szadek|gg wp\n|c|\u2606szadek|thought u would protect\n|c|\u2606LukeSkinwalker|Gg\n",
  "uploadtime": 1776735951,
  "views": 2,
  "formatid": "gen9championsvgc2026regma",
  "rating": 1120,
  "private": 0,
  "password": null
}