{
  "id": "gen9championsvgc2026regma-2584290730",
  "format": "[Gen 9 Champions] VGC 2026 Reg M-A",
  "players": [
    "Azur_Elf",
    "SimMikaze"
  ],
  "log": "|j|\u2606Azur_Elf\n|j|\u2606SimMikaze\n|t:|1776247726\n|gametype|doubles\n|player|p1|Azur_Elf|2|1168\n|player|p2|SimMikaze|miku-ghost|1150\n|gen|9\n|tier|[Gen 9 Champions] VGC 2026 Reg M-A\n|rated|\n|rule|Species Clause: Limit one of each Pok\u00e9mon\n|rule|Item Clause: Limit 1 of each item\n|clearpoke\n|poke|p1|Tyranitar, L50, F|\n|poke|p1|Excadrill, L50, F|\n|poke|p1|Sinistcha, L50|\n|poke|p1|Milotic, L50, F|\n|poke|p1|Heliolisk, L50, F|\n|poke|p1|Araquanid, L50, F|\n|poke|p2|Gardevoir, L50, F|\n|poke|p2|Sinistcha, L50|\n|poke|p2|Incineroar, L50, M|\n|poke|p2|Rotom-Wash, L50|\n|poke|p2|Garchomp, L50, F|\n|poke|p2|Tyranitar, L50, M|\n|teampreview|4\n|inactive|Battle timer is ON: inactive players will automatically lose when time's up. (requested by SimMikaze)\n|\n|t:|1776247754\n|teamsize|p1|4\n|teamsize|p2|4\n|start\n|switch|p1a: Milotic|Milotic, L50, F|100/100\n|switch|p1b: Excadrill|Excadrill, L50, F|100/100\n|switch|p2a: Gardevoir|Gardevoir, L50, F, shiny|100/100\n|switch|p2b: Incineroar|Incineroar, L50, M, shiny|100/100\n|-ability|p2b: Incineroar|Intimidate|boost\n|-unboost|p1a: Milotic|atk|1\n|-ability|p1a: Milotic|Competitive|boost\n|-boost|p1a: Milotic|spa|2\n|-unboost|p1b: Excadrill|atk|1\n|turn|1\n|inactive|SimMikaze has 30 seconds left.\n|inactive|SimMikaze has 20 seconds left.\n|inactive|SimMikaze has 15 seconds left.\n|\n|t:|1776247795\n|move|p1b: Excadrill|Protect|p1b: Excadrill\n|-singleturn|p1b: Excadrill|Protect\n|move|p2a: Gardevoir|Protect|p2a: Gardevoir\n|-singleturn|p2a: Gardevoir|Protect\n|move|p1a: Milotic|Protect|p1a: Milotic\n|-singleturn|p1a: Milotic|Protect\n|move|p2b: Incineroar|Parting Shot|p1b: Excadrill\n|-activate|p1b: Excadrill|move: Protect\n|\n|upkeep\n|turn|2\n|inactive|Azur_Elf has 30 seconds left.\n|\n|t:|1776247825\n|switch|p2b: Rotom|Rotom-Wash, L50|100/100\n|detailschange|p2a: Gardevoir|Gardevoir-Mega, L50, F, shiny\n|-mega|p2a: Gardevoir|Gardevoir|Gardevoirite\n|move|p1b: Excadrill|Iron Head|p2a: Gardevoir\n|-supereffective|p2a: Gardevoir|1\n|-damage|p2a: Gardevoir|34/100\n|move|p2a: Gardevoir|Hyper Voice|p1a: Milotic|[spread] p1a,p1b\n|-resisted|p1b: Excadrill|1\n|-damage|p1a: Milotic|64/100\n|-damage|p1b: Excadrill|69/100\n|move|p1a: Milotic|Muddy Water|p2a: Gardevoir|[spread] p2a,p2b\n|-resisted|p2b: Rotom|1\n|-damage|p2a: Gardevoir|0 fnt\n|-damage|p2b: Rotom|67/100\n|-unboost|p2b: Rotom|accuracy|1\n|faint|p2a: Gardevoir\n|\n|upkeep\n|\n|t:|1776247835\n|switch|p2a: Garchomp|Garchomp, L50, F|100/100\n|turn|3\n|inactive|Azur_Elf has 30 seconds left.\n|\n|t:|1776247862\n|switch|p1b: Araquanid|Araquanid, L50, F|100/100\n|move|p2b: Rotom|Thunderbolt|p1a: Milotic\n|-supereffective|p1a: Milotic|1\n|-damage|p1a: Milotic|1/100\n|-enditem|p1a: Milotic|Sitrus Berry|[eat]\n|-heal|p1a: Milotic|26/100|[from] item: Sitrus Berry\n|move|p2a: Garchomp|Earthquake|p1b: Araquanid|[spread] p1a,p1b\n|-immune|p2b: Rotom|[from] ability: Levitate\n|-resisted|p1b: Araquanid|1\n|-damage|p1a: Milotic|0 fnt\n|-damage|p1b: Araquanid|79/100\n|faint|p1a: Milotic\n|\n|upkeep\n|\n|t:|1776247880\n|switch|p1a: Tyranitar|Tyranitar, L50, F|100/100\n|-weather|Sandstorm|[from] ability: Sand Stream|[of] p1a: Tyranitar\n|turn|4\n|\n|t:|1776247890\n|detailschange|p1a: Tyranitar|Tyranitar-Mega, L50, F\n|-mega|p1a: Tyranitar|Tyranitar|Tyranitarite\n|move|p1b: Araquanid|Wide Guard|p1b: Araquanid\n|-singleturn|p1b: Araquanid|Wide Guard\n|move|p2b: Rotom|Thunderbolt|p1b: Araquanid\n|-supereffective|p1b: Araquanid|1\n|-damage|p1b: Araquanid|17/100\n|move|p2a: Garchomp|Earthquake|p1a: Tyranitar|[spread] \n|-activate|p1a: Tyranitar|move: Wide Guard\n|-activate|p1b: Araquanid|move: Wide Guard\n|-immune|p2b: Rotom|[from] ability: Levitate\n|move|p1a: Tyranitar|Knock Off|p2a: Garchomp\n|-damage|p2a: Garchomp|46/100\n|-enditem|p2a: Garchomp|Bright Powder|[from] move: Knock Off|[of] p1a: Tyranitar\n|\n|-weather|Sandstorm|[upkeep]\n|-damage|p2b: Rotom|61/100|[from] Sandstorm\n|-damage|p1b: Araquanid|11/100|[from] Sandstorm\n|upkeep\n|turn|5\n|\n|t:|1776247912\n|move|p1b: Araquanid|Wide Guard|p1b: Araquanid\n|-singleturn|p1b: Araquanid|Wide Guard\n|move|p2b: Rotom|Thunderbolt|p1b: Araquanid\n|-supereffective|p1b: Araquanid|1\n|-damage|p1b: Araquanid|0 fnt\n|faint|p1b: Araquanid\n|move|p2a: Garchomp|Stomping Tantrum|p1a: Tyranitar\n|-supereffective|p1a: Tyranitar|1\n|-damage|p1a: Tyranitar|0 fnt\n|faint|p1a: Tyranitar\n|\n|-weather|Sandstorm|[upkeep]\n|-damage|p2b: Rotom|55/100|[from] Sandstorm\n|upkeep\n|\n|t:|1776247926\n|switch|p1a: Excadrill|Excadrill, L50, F|69/100\n|turn|6\n|\n|t:|1776247940\n|switch|p2b: Incineroar|Incineroar, L50, M, shiny|100/100\n|-ability|p2b: Incineroar|Intimidate|boost\n|-unboost|p1a: Excadrill|atk|1\n|move|p1a: Excadrill|Rock Slide|p2b: Incineroar|[spread] p2a,p2b\n|-resisted|p2a: Garchomp|1\n|-supereffective|p2b: Incineroar|1\n|-damage|p2a: Garchomp|39/100\n|-damage|p2b: Incineroar|79/100\n|move|p2a: Garchomp|Stomping Tantrum|p1a: Excadrill\n|-supereffective|p1a: Excadrill|1\n|-damage|p1a: Excadrill|0 fnt\n|faint|p1a: Excadrill\n|\n|win|SimMikaze\n|raw|Azur_Elf's rating: 1168 &rarr; <strong>1142</strong><br />(-26 for losing)\n|raw|SimMikaze's rating: 1150 &rarr; <strong>1176</strong><br />(+26 for winning)\n|l|\u2606Azur_Elf\n|player|p1|\n",
  "uploadtime": 1776247943,
  "views": 30,
  "formatid": "gen9championsvgc2026regma",
  "rating": 1142,
  "private": 0,
  "password": null
}