{
  "id": "gen9championsvgc2026regma-2585919311",
  "format": "[Gen 9 Champions] VGC 2026 Reg M-A",
  "players": [
    "wilduce",
    "BringDaNoize"
  ],
  "log": "|j|\u2606wilduce\n|j|\u2606BringDaNoize\n|t:|1776381463\n|gametype|doubles\n|player|p1|wilduce|n|1366\n|player|p2|BringDaNoize|guitarist-gen4|1437\n|gen|9\n|tier|[Gen 9 Champions] VGC 2026 Reg M-A\n|rated|\n|rule|Species Clause: Limit one of each Pok\u00e9mon\n|rule|Item Clause: Limit 1 of each item\n|clearpoke\n|poke|p1|Sneasler, L50, F|\n|poke|p1|Tauros-Paldea-Aqua, L50, M|\n|poke|p1|Basculegion, L50, M|\n|poke|p1|Froslass, L50, F|\n|poke|p1|Aerodactyl, L50, F|\n|poke|p1|Delphox, L50, F|\n|poke|p2|Machamp, L50, M|\n|poke|p2|Slowbro, L50, F|\n|poke|p2|Incineroar, L50, F|\n|poke|p2|Sinistcha, L50|\n|poke|p2|Clefable, L50, M|\n|poke|p2|Excadrill, L50, F|\n|teampreview|4\n|j| TwistedGengar\n|inactive|Battle timer is ON: inactive players will automatically lose when time's up. (requested by wilduce)\n|inactive|BringDaNoize has 60 seconds left.\n|\n|t:|1776381550\n|teamsize|p1|4\n|teamsize|p2|4\n|start\n|switch|p1a: Aerodactyl|Aerodactyl, L50, F|100/100\n|switch|p1b: Sneasler|Sneasler, L50, F|100/100\n|switch|p2a: Slowbro|Slowbro, L50, F|100/100\n|switch|p2b: Incineroar|Incineroar, L50, F|100/100\n|-ability|p1a: Aerodactyl|Unnerve\n|-ability|p2b: Incineroar|Intimidate|boost\n|-unboost|p1a: Aerodactyl|atk|1\n|-unboost|p1b: Sneasler|atk|1\n|-enditem|p1b: Sneasler|White Herb\n|-clearnegativeboost|p1b: Sneasler|[silent]\n|turn|1\n|inactive|wilduce has 30 seconds left.\n|inactive|BringDaNoize has 30 seconds left.\n|\n|t:|1776381584\n|detailschange|p2a: Slowbro|Slowbro-Mega, L50, F\n|-mega|p2a: Slowbro|Slowbro|Slowbronite\n|move|p1b: Sneasler|Close Combat|p2b: Incineroar\n|-supereffective|p2b: Incineroar|1\n|-damage|p2b: Incineroar|0 fnt\n|-unboost|p1b: Sneasler|def|1\n|-unboost|p1b: Sneasler|spd|1\n|faint|p2b: Incineroar\n|move|p1a: Aerodactyl|Rock Slide|p2a: Slowbro\n|-damage|p2a: Slowbro|89/100\n|move|p2a: Slowbro|Trick Room|p2a: Slowbro\n|-fieldstart|move: Trick Room|[of] p2a: Slowbro\n|\n|upkeep\n|j| Unchained\n|\n|t:|1776381592\n|switch|p2b: Machamp|Machamp, L50, M|100/100\n|turn|2\n|l| Unchained\n|inactive|BringDaNoize has 30 seconds left.\n|\n|t:|1776381621\n|move|p1b: Sneasler|Protect|p1b: Sneasler\n|-singleturn|p1b: Sneasler|Protect\n|move|p2a: Slowbro|Psychic|p1b: Sneasler\n|-activate|p1b: Sneasler|move: Protect\n|move|p2b: Machamp|Stone Edge|p1a: Aerodactyl\n|-supereffective|p1a: Aerodactyl|1\n|-crit|p1a: Aerodactyl\n|-enditem|p1a: Aerodactyl|Focus Sash\n|-damage|p1a: Aerodactyl|1/100\n|move|p1a: Aerodactyl|Dual Wingbeat|p2b: Machamp\n|-supereffective|p2b: Machamp|1\n|-damage|p2b: Machamp|75/100\n|-supereffective|p2b: Machamp|1\n|-damage|p2b: Machamp|47/100\n|-hitcount|p2b: Machamp|2\n|\n|upkeep\n|turn|3\n|inactive|BringDaNoize has 30 seconds left.\n|\n|t:|1776381650\n|move|p1b: Sneasler|Protect||[still]\n|-fail|p1b: Sneasler\n|move|p2a: Slowbro|Psychic|p1b: Sneasler\n|-supereffective|p1b: Sneasler|2\n|-damage|p1b: Sneasler|0 fnt\n|faint|p1b: Sneasler\n|move|p2b: Machamp|Stone Edge|p1a: Aerodactyl\n|-supereffective|p1a: Aerodactyl|1\n|-crit|p1a: Aerodactyl\n|-damage|p1a: Aerodactyl|0 fnt\n|faint|p1a: Aerodactyl\n|\n|upkeep\n|\n|t:|1776381656\n|switch|p1b: Froslass|Froslass, L50, F|100/100\n|switch|p1a: Basculegion|Basculegion, L50, M|100/100\n|turn|4\n|\n|t:|1776381671\n|move|p1b: Froslass|Protect|p1b: Froslass\n|-singleturn|p1b: Froslass|Protect\n|move|p2a: Slowbro|Psychic|p1a: Basculegion\n|-damage|p1a: Basculegion|53/100\n|move|p2b: Machamp|Stone Edge|p1a: Basculegion\n|-damage|p1a: Basculegion|3/100\n|move|p1a: Basculegion|Last Respects|p2a: Slowbro\n|-supereffective|p2a: Slowbro|1\n|-damage|p2a: Slowbro|0 fnt\n|faint|p2a: Slowbro\n|\n|upkeep\n|\n|t:|1776381679\n|switch|p2a: Sinistcha|Sinistcha, L50|100/100\n|turn|5\n|\n|t:|1776381693\n|detailschange|p1b: Froslass|Froslass-Mega, L50, F\n|-mega|p1b: Froslass|Froslass|Froslassite\n|-weather|Snowscape|[from] ability: Snow Warning|[of] p1b: Froslass\n|move|p2b: Machamp|Stone Edge|p1b: Froslass\n|-supereffective|p1b: Froslass|1\n|-damage|p1b: Froslass|13/100\n|move|p2a: Sinistcha|Matcha Gotcha|p1b: Froslass|[spread] p1a,p1b\n|-supereffective|p1a: Basculegion|1\n|-damage|p1a: Basculegion|0 fnt\n|-damage|p1b: Froslass|0 fnt\n|faint|p1a: Basculegion\n|faint|p1b: Froslass\n|\n|win|BringDaNoize\n|raw|wilduce's rating: 1366 &rarr; <strong>1350</strong><br />(-16 for losing)\n|raw|BringDaNoize's rating: 1437 &rarr; <strong>1453</strong><br />(+16 for winning)\n|l|\u2606wilduce\n|player|p1|\n|l| TwistedGengar\n|j| TwistedGengar\n|l| TwistedGengar\n|j| TwistedGengar\n",
  "uploadtime": 1776381764,
  "views": 25,
  "formatid": "gen9championsvgc2026regma",
  "rating": 1350,
  "private": 0,
  "password": null
}