{
  "id": "gen9championsvgc2026regma-2587343308",
  "format": "[Gen 9 Champions] VGC 2026 Reg M-A",
  "players": [
    "mrsyrup13",
    "shangenb"
  ],
  "log": "|j|\u2606mrsyrup13\n|j|\u2606shangenb\n|t:|1776523780\n|gametype|doubles\n|player|p1|mrsyrup13|n|1106\n|player|p2|shangenb|102|1199\n|gen|9\n|tier|[Gen 9 Champions] VGC 2026 Reg M-A\n|rated|\n|rule|Species Clause: Limit one of each Pok\u00e9mon\n|rule|Item Clause: Limit 1 of each item\n|clearpoke\n|poke|p1|Gengar, L50, M, shiny|\n|poke|p1|Incineroar, L50, M|\n|poke|p1|Maushold, L50|\n|poke|p1|Politoed, L50, F, shiny|\n|poke|p1|Scizor, L50, F, shiny|\n|poke|p1|Archaludon, L50, M|\n|poke|p2|Floette-Eternal, L50, F|\n|poke|p2|Garchomp, L50, M|\n|poke|p2|Sneasler, L50, M|\n|poke|p2|Basculegion-F, L50, F|\n|poke|p2|Aerodactyl, L50, M|\n|poke|p2|Incineroar, L50, M|\n|teampreview|4\n|inactive|Battle timer is ON: inactive players will automatically lose when time's up. (requested by shangenb)\n|inactive|mrsyrup13 has 60 seconds left.\n|inactive|shangenb has 60 seconds left.\n|inactive|shangenb has 30 seconds left.\n|inactive|shangenb has 20 seconds left.\n|inactive|shangenb has 15 seconds left.\n|\n|t:|1776523859\n|teamsize|p1|4\n|teamsize|p2|4\n|start\n|switch|p1a: Politoed|Politoed, L50, F, shiny|100/100\n|switch|p1b: Archaludon|Archaludon, L50, M|100/100\n|switch|p2a: Basculegion|Basculegion-F, L50, F|100/100\n|switch|p2b: Incineroar|Incineroar, L50, M|100/100\n|-ability|p2b: Incineroar|Intimidate|boost\n|-unboost|p1a: Politoed|atk|1\n|-unboost|p1b: Archaludon|atk|1\n|-weather|RainDance|[from] ability: Drizzle|[of] p1a: Politoed\n|turn|1\n|inactive|mrsyrup13 has 30 seconds left.\n|inactive|shangenb has 30 seconds left.\n|inactive|mrsyrup13 has 20 seconds left.\n|inactive|shangenb has 20 seconds left.\n|inactive|mrsyrup13 has 15 seconds left.\n|inactive|shangenb has 15 seconds left.\n|inactive|mrsyrup13 has 10 seconds left.\n|inactive|shangenb has 10 seconds left.\n|inactive|mrsyrup13 has 5 seconds left.\n|\n|t:|1776523912\n|switch|p2a: Garchomp|Garchomp, L50, M|100/100\n|move|p1b: Archaludon|Protect|p1b: Archaludon\n|-singleturn|p1b: Archaludon|Protect\n|move|p1a: Politoed|Protect|p1a: Politoed\n|-singleturn|p1a: Politoed|Protect\n|move|p2b: Incineroar|Fake Out|p1a: Politoed\n|-activate|p1a: Politoed|move: Protect\n|\n|-weather|RainDance|[upkeep]\n|upkeep\n|turn|2\n|inactive|shangenb has 30 seconds left.\n|\n|t:|1776523939\n|move|p2a: Garchomp|Stomping Tantrum|p1b: Archaludon\n|-supereffective|p1b: Archaludon|1\n|-enditem|p1b: Archaludon|Shuca Berry|[eat]\n|-enditem|p1b: Archaludon|Shuca Berry|[weaken]\n|-damage|p1b: Archaludon|60/100\n|move|p1b: Archaludon|Dragon Pulse|p2a: Garchomp\n|-supereffective|p2a: Garchomp|1\n|-damage|p2a: Garchomp|13/100\n|move|p2b: Incineroar|Parting Shot|p1b: Archaludon\n|-unboost|p1b: Archaludon|atk|1\n|-unboost|p1b: Archaludon|spa|1\n|\n|t:|1776523952\n|switch|p2b: Floette|Floette-Eternal, L50, F|100/100|[from] Parting Shot\n|move|p1a: Politoed|Weather Ball|p2b: Floette\n|-damage|p2b: Floette|52/100\n|\n|-weather|RainDance|[upkeep]\n|upkeep\n|turn|3\n|inactive|mrsyrup13 has 30 seconds left.\n|\n|t:|1776523979\n|detailschange|p2b: Floette|Floette-Mega, L50, F\n|-mega|p2b: Floette|Floette|Floettite\n|-ability|p2b: Floette|Fairy Aura\n|move|p2a: Garchomp|Stomping Tantrum|p1b: Archaludon\n|-supereffective|p1b: Archaludon|1\n|-damage|p1b: Archaludon|0 fnt\n|faint|p1b: Archaludon\n|move|p2b: Floette|Dazzling Gleam|p1a: Politoed\n|-crit|p1a: Politoed\n|-damage|p1a: Politoed|30/100\n|move|p1a: Politoed|Weather Ball|p2b: Floette\n|-damage|p2b: Floette|12/100\n|\n|-weather|RainDance|[upkeep]\n|-heal|p1a: Politoed|36/100|[from] item: Leftovers\n|upkeep\n|\n|t:|1776523988\n|switch|p1b: Scizor|Scizor, L50, F, shiny|100/100\n|turn|4\n|\n|t:|1776524000\n|switch|p2b: Incineroar|Incineroar, L50, M|100/100\n|-ability|p2b: Incineroar|Intimidate|boost\n|-unboost|p1a: Politoed|atk|1\n|-unboost|p1b: Scizor|atk|1\n|detailschange|p1b: Scizor|Scizor-Mega, L50, F, shiny\n|-mega|p1b: Scizor|Scizor|Scizorite\n|move|p1b: Scizor|Bullet Punch|p2b: Incineroar\n|-resisted|p2b: Incineroar|1\n|-damage|p2b: Incineroar|92/100\n|move|p2a: Garchomp|Earthquake|p1a: Politoed|[spread] p2b,p1a,p1b\n|-supereffective|p2b: Incineroar|1\n|-damage|p2b: Incineroar|22/100\n|-damage|p1a: Politoed|0 fnt\n|-damage|p1b: Scizor|61/100\n|-enditem|p2b: Incineroar|Sitrus Berry|[eat]\n|-heal|p2b: Incineroar|47/100|[from] item: Sitrus Berry\n|faint|p1a: Politoed\n|\n|-weather|RainDance|[upkeep]\n|upkeep\n|\n|t:|1776524019\n|switch|p1a: Maushold|Maushold, L50|100/100\n|turn|5\n|\n|t:|1776524035\n|move|p2b: Incineroar|Fake Out|p1b: Scizor\n|-resisted|p1b: Scizor|1\n|-damage|p1b: Scizor|57/100\n|move|p1a: Maushold|Follow Me|p1a: Maushold\n|-singleturn|p1a: Maushold|move: Follow Me\n|move|p2a: Garchomp|Stomping Tantrum|p1a: Maushold\n|-damage|p1a: Maushold|56/100\n|cant|p1b: Scizor|flinch\n|\n|-weather|none\n|upkeep\n|turn|6\n|\n|t:|1776524057\n|move|p1a: Maushold|Follow Me|p1a: Maushold\n|-singleturn|p1a: Maushold|move: Follow Me\n|move|p2a: Garchomp|Stomping Tantrum|p1a: Maushold\n|-damage|p1a: Maushold|6/100\n|move|p1b: Scizor|Dual Wingbeat|p2b: Incineroar\n|-damage|p2b: Incineroar|36/100\n|-damage|p2b: Incineroar|25/100\n|-hitcount|p2b: Incineroar|2\n|move|p2b: Incineroar|Parting Shot|p1a: Maushold\n|-unboost|p1a: Maushold|atk|1\n|-unboost|p1a: Maushold|spa|1\n|-message|mrsyrup13 forfeited.\n|\n|win|shangenb\n|raw|mrsyrup13's rating: 1106 &rarr; <strong>1088</strong><br />(-18 for losing)\n|raw|shangenb's rating: 1199 &rarr; <strong>1217</strong><br />(+18 for winning)\n|l|\u2606mrsyrup13\n|player|p1|\n",
  "uploadtime": 1776524071,
  "views": 16,
  "formatid": "gen9championsvgc2026regma",
  "rating": 1088,
  "private": 0,
  "password": null
}