{
  "id": "gen9championsvgc2026regma-2588668420",
  "format": "[Gen 9 Champions] VGC 2026 Reg M-A",
  "players": [
    "ajss3021",
    "ogrelord20"
  ],
  "log": "|j|\u2606ajss3021\n|j|\u2606ogrelord20\n|t:|1776655714\n|gametype|doubles\n|player|p1|ajss3021|169|1072\n|player|p2|ogrelord20|101|1141\n|gen|9\n|tier|[Gen 9 Champions] VGC 2026 Reg M-A\n|rated|\n|rule|Species Clause: Limit one of each Pok\u00e9mon\n|rule|Item Clause: Limit 1 of each item\n|clearpoke\n|poke|p1|Incineroar, L50, M, shiny|\n|poke|p1|Orthworm, L50, F, shiny|\n|poke|p1|Froslass, L50, F|\n|poke|p1|Garchomp, L50, M|\n|poke|p1|Basculegion, L50, M|\n|poke|p1|Rotom-Frost, L50|\n|poke|p2|Scovillain, L50, F, shiny|\n|poke|p2|Corviknight, L50, F|\n|poke|p2|Primarina, L50, F, shiny|\n|poke|p2|Garchomp, L50, M|\n|poke|p2|Sinistcha-Masterpiece, L50|\n|poke|p2|Incineroar, L50, M|\n|teampreview|4\n|\n|t:|1776655769\n|teamsize|p1|4\n|teamsize|p2|4\n|start\n|switch|p1a: Orthworm|Orthworm, L50, F, shiny|100/100\n|switch|p1b: Basculegion|Basculegion, L50, M|100/100\n|switch|p2a: Scovillain|Scovillain, L50, F, shiny|100/100\n|switch|p2b: Incineroar|Incineroar, L50, M|100/100\n|-ability|p2b: Incineroar|Intimidate|boost\n|-unboost|p1a: Orthworm|atk|1\n|-unboost|p1b: Basculegion|atk|1\n|turn|1\n|\n|t:|1776655802\n|move|p1b: Basculegion|Flip Turn|p2b: Incineroar\n|-supereffective|p2b: Incineroar|1\n|-damage|p2b: Incineroar|54/100\n|\n|t:|1776655808\n|switch|p1b: Garchomp|Garchomp, L50, M|100/100|[from] Flip Turn\n|move|p2a: Scovillain|Overheat|p1a: Orthworm\n|-supereffective|p1a: Orthworm|1\n|-damage|p1a: Orthworm|0 fnt\n|-unboost|p2a: Scovillain|spa|2\n|faint|p1a: Orthworm\n|move|p2b: Incineroar|Throat Chop|p1b: Garchomp\n|-damage|p1b: Garchomp|65/100\n|-start|p1b: Garchomp|Throat Chop|[silent]\n|\n|-ability|p2a: Scovillain|Moody|boost\n|-boost|p2a: Scovillain|spd|2\n|-unboost|p2a: Scovillain|spe|1\n|upkeep\n|\n|t:|1776655825\n|switch|p1a: Basculegion|Basculegion, L50, M|100/100\n|turn|2\n|\n|t:|1776655846\n|switch|p2b: Primarina|Primarina, L50, F, shiny|100/100\n|move|p2a: Scovillain|Protect|p2a: Scovillain\n|-singleturn|p2a: Scovillain|Protect\n|move|p1a: Basculegion|Flip Turn|p2b: Primarina\n|-resisted|p2b: Primarina|1\n|-damage|p2b: Primarina|75/100\n|\n|t:|1776655855\n|switch|p1a: Froslass|Froslass, L50, F|100/100|[from] Flip Turn\n|move|p1b: Garchomp|Rock Slide|p2b: Primarina|[spread] p2b\n|-activate|p2a: Scovillain|move: Protect\n|-damage|p2b: Primarina|51/100\n|\n|-end|p1b: Garchomp|Throat Chop|[silent]\n|-ability|p2a: Scovillain|Moody|boost\n|-boost|p2a: Scovillain|spa|2\n|-unboost|p2a: Scovillain|atk|1\n|upkeep\n|turn|3\n|\n|t:|1776655918\n|detailschange|p1a: Froslass|Froslass-Mega, L50, F\n|-mega|p1a: Froslass|Froslass|Froslassite\n|-weather|Snowscape|[from] ability: Snow Warning|[of] p1a: Froslass\n|detailschange|p2a: Scovillain|Scovillain-Mega, L50, F, shiny\n|-mega|p2a: Scovillain|Scovillain|Scovillainite\n|move|p1b: Garchomp|Protect|p1b: Garchomp\n|-singleturn|p1b: Garchomp|Protect\n|move|p2b: Primarina|Protect|p2b: Primarina\n|-singleturn|p2b: Primarina|Protect\n|move|p1a: Froslass|Blizzard|p2a: Scovillain|[spread] p2a\n|-activate|p2b: Primarina|move: Protect\n|-damage|p2a: Scovillain|78/100\n|-status|p1a: Froslass|brn|[from] ability: Spicy Spray|[of] p2a: Scovillain\n|move|p2a: Scovillain|Overheat|p1a: Froslass|[miss]\n|-miss|p2a: Scovillain|p1a: Froslass\n|\n|-weather|Snowscape|[upkeep]\n|-damage|p1a: Froslass|94/100 brn|[from] brn\n|upkeep\n|turn|4\n|\n|t:|1776655954\n|switch|p2b: Incineroar|Incineroar, L50, M|54/100\n|-ability|p2b: Incineroar|Intimidate|boost\n|-unboost|p1a: Froslass|atk|1\n|-unboost|p1b: Garchomp|atk|1\n|move|p1a: Froslass|Nasty Plot|p1a: Froslass\n|-boost|p1a: Froslass|spa|2\n|move|p1b: Garchomp|Rock Slide|p2a: Scovillain|[spread] p2a,p2b\n|-supereffective|p2a: Scovillain|1\n|-supereffective|p2b: Incineroar|1\n|-damage|p2a: Scovillain|54/100\n|-damage|p2b: Incineroar|30/100\n|-status|p1b: Garchomp|brn|[from] ability: Spicy Spray|[of] p2a: Scovillain\n|cant|p2a: Scovillain|flinch\n|\n|-weather|Snowscape|[upkeep]\n|-damage|p1a: Froslass|88/100 brn|[from] brn\n|-damage|p1b: Garchomp|59/100 brn|[from] brn\n|upkeep\n|turn|5\n|\n|t:|1776655988\n|switch|p1b: Basculegion|Basculegion, L50, M|100/100\n|move|p1a: Froslass|Protect|p1a: Froslass\n|-singleturn|p1a: Froslass|Protect\n|move|p2b: Incineroar|Fake Out|p1b: Basculegion\n|-immune|p1b: Basculegion\n|move|p2a: Scovillain|Overheat|p1a: Froslass\n|-activate|p1a: Froslass|move: Protect\n|\n|-weather|Snowscape|[upkeep]\n|-damage|p1a: Froslass|82/100 brn|[from] brn\n|upkeep\n|turn|6\n|\n|t:|1776656020\n|switch|p2b: Sinistcha|Sinistcha-Masterpiece, L50|100/100\n|-heal|p2a: Scovillain|79/100|[from] ability: Hospitality|[of] p2b: Sinistcha\n|move|p2a: Scovillain|Protect|p2a: Scovillain\n|-singleturn|p2a: Scovillain|Protect\n|move|p1b: Basculegion|Flip Turn|p2a: Scovillain\n|-activate|p2a: Scovillain|move: Protect\n|move|p1a: Froslass|Blizzard|p2b: Sinistcha|[spread] p2b\n|-activate|p2a: Scovillain|move: Protect\n|-supereffective|p2b: Sinistcha|1\n|-damage|p2b: Sinistcha|0 fnt\n|faint|p2b: Sinistcha\n|\n|-weather|Snowscape|[upkeep]\n|-damage|p1a: Froslass|76/100 brn|[from] brn\n|upkeep\n|\n|t:|1776656036\n|switch|p2b: Incineroar|Incineroar, L50, M|30/100\n|-ability|p2b: Incineroar|Intimidate|boost\n|-unboost|p1a: Froslass|atk|1\n|-unboost|p1b: Basculegion|atk|1\n|turn|7\n|\n|t:|1776656056\n|switch|p1a: Garchomp|Garchomp, L50, M|59/100 brn\n|move|p1b: Basculegion|Flip Turn|p2b: Incineroar\n|-supereffective|p2b: Incineroar|1\n|-damage|p2b: Incineroar|0 fnt\n|faint|p2b: Incineroar\n|\n|t:|1776656065\n|switch|p1b: Froslass|Froslass-Mega, L50, F|76/100 brn|[from] Flip Turn\n|move|p2a: Scovillain|Overheat|p1a: Garchomp\n|-resisted|p1a: Garchomp|1\n|-damage|p1a: Garchomp|26/100 brn\n|-unboost|p2a: Scovillain|spa|2\n|\n|-weather|none\n|-damage|p1b: Froslass|70/100 brn|[from] brn\n|-damage|p1a: Garchomp|20/100 brn|[from] brn\n|upkeep\n|\n|t:|1776656071\n|switch|p2b: Primarina|Primarina, L50, F, shiny|51/100\n|turn|8\n|\n|t:|1776656088\n|switch|p1b: Basculegion|Basculegion, L50, M|100/100\n|move|p1a: Garchomp|Rock Slide|p2b: Primarina|[spread] p2a,p2b\n|-supereffective|p2a: Scovillain|1\n|-damage|p2a: Scovillain|60/100\n|-damage|p2b: Primarina|38/100\n|move|p2b: Primarina|Hyper Voice|p1b: Basculegion|[spread] p1a,p1b\n|-resisted|p1b: Basculegion|1\n|-damage|p1a: Garchomp|0 fnt\n|-damage|p1b: Basculegion|76/100\n|faint|p1a: Garchomp\n|cant|p2a: Scovillain|flinch\n|\n|upkeep\n|\n|t:|1776656102\n|switch|p1a: Froslass|Froslass-Mega, L50, F|70/100 brn\n|-weather|Snowscape|[from] ability: Snow Warning|[of] p1a: Froslass\n|turn|9\n|\n|t:|1776656122\n|move|p1b: Basculegion|Last Respects|p2b: Primarina\n|-damage|p2b: Primarina|0 fnt\n|faint|p2b: Primarina\n|move|p1a: Froslass|Blizzard|p2a: Scovillain\n|-damage|p2a: Scovillain|26/100\n|move|p2a: Scovillain|Giga Drain|p1b: Basculegion\n|-supereffective|p1b: Basculegion|1\n|-damage|p1b: Basculegion|38/100\n|-heal|p2a: Scovillain|48/100|[from] drain|[of] p1b: Basculegion\n|\n|-weather|Snowscape|[upkeep]\n|-damage|p1a: Froslass|64/100 brn|[from] brn\n|upkeep\n|turn|10\n|\n|t:|1776656142\n|move|p2a: Scovillain|Protect|p2a: Scovillain\n|-singleturn|p2a: Scovillain|Protect\n|move|p1b: Basculegion|Last Respects|p2a: Scovillain\n|-activate|p2a: Scovillain|move: Protect\n|move|p1a: Froslass|Blizzard|p2a: Scovillain\n|-activate|p2a: Scovillain|move: Protect\n|\n|-weather|Snowscape|[upkeep]\n|-damage|p1a: Froslass|58/100 brn|[from] brn\n|upkeep\n|turn|11\n|\n|t:|1776656158\n|move|p1b: Basculegion|Last Respects|p2a: Scovillain\n|-crit|p2a: Scovillain\n|-damage|p2a: Scovillain|0 fnt\n|-status|p1b: Basculegion|brn|[from] ability: Spicy Spray|[of] p2a: Scovillain\n|faint|p2a: Scovillain\n|\n|win|ajss3021\n|raw|ajss3021's rating: 1072 &rarr; <strong>1107</strong><br />(+35 for winning)\n|raw|ogrelord20's rating: 1141 &rarr; <strong>1111</strong><br />(-30 for losing)\n",
  "uploadtime": 1776656158,
  "views": 4,
  "formatid": "gen9championsvgc2026regma",
  "rating": 1107,
  "private": 0,
  "password": null
}