{
  "id": "gen9championsvgc2026regma-2585609459",
  "format": "[Gen 9 Champions] VGC 2026 Reg M-A",
  "players": [
    "BK Sergio",
    "KKameleon8"
  ],
  "log": "|j|\u2606BK Sergio\n|j|\u2606KKameleon8\n|t:|1776358673\n|gametype|doubles\n|player|p1|BK Sergio|birdkeeper-gen4dp|1352\n|player|p2|KKameleon8|steven|1311\n|gen|9\n|tier|[Gen 9 Champions] VGC 2026 Reg M-A\n|rated|\n|rule|Species Clause: Limit one of each Pok\u00e9mon\n|rule|Item Clause: Limit 1 of each item\n|clearpoke\n|poke|p1|Pelipper, L50, M|\n|poke|p1|Scizor, L50, M|\n|poke|p1|Whimsicott, L50, F|\n|poke|p1|Feraligatr, L50, F|\n|poke|p1|Incineroar, L50, M|\n|poke|p1|Alakazam, L50, F|\n|poke|p2|Froslass, L50, F|\n|poke|p2|Sneasler, L50, F|\n|poke|p2|Kingambit, L50, M|\n|poke|p2|Garchomp, L50, M|\n|poke|p2|Rotom-Wash, L50|\n|poke|p2|Aerodactyl, L50, M|\n|teampreview|4\n|inactive|Battle timer is ON: inactive players will automatically lose when time's up. (requested by BK Sergio)\n|\n|t:|1776358724\n|teamsize|p1|4\n|teamsize|p2|4\n|start\n|switch|p1a: Scizor|Scizor, L50, M|100/100\n|switch|p1b: E|Alakazam, L50, F|100/100\n|switch|p2a: Blue Spirit|Kingambit, L50, M, shiny|100/100\n|switch|p2b: Wan Shi Tong|Aerodactyl, L50, M|100/100\n|turn|1\n|\n|t:|1776358750\n|move|p2a: Blue Spirit|Sucker Punch|p1b: E\n|-supereffective|p1b: E|1\n|-enditem|p1b: E|Focus Sash\n|-damage|p1b: E|1/100\n|move|p2b: Wan Shi Tong|Rock Slide|p1a: Scizor|[spread] p1a,p1b\n|-damage|p1a: Scizor|75/100\n|-damage|p1b: E|0 fnt\n|faint|p1b: E\n|move|p1a: Scizor|Close Combat|p2a: Blue Spirit\n|-supereffective|p2a: Blue Spirit|2\n|-enditem|p2a: Blue Spirit|Chople Berry|[eat]\n|-enditem|p2a: Blue Spirit|Chople Berry|[weaken]\n|-damage|p2a: Blue Spirit|38/100\n|-unboost|p1a: Scizor|def|1\n|-unboost|p1a: Scizor|spd|1\n|\n|upkeep\n|\n|t:|1776358767\n|switch|p1b: Feraligatr|Feraligatr, L50, F|100/100\n|turn|2\n|\n|t:|1776358780\n|switch|p2a: Koh|Rotom-Wash, L50|100/100\n|detailschange|p1b: Feraligatr|Feraligatr-Mega, L50, F\n|-mega|p1b: Feraligatr|Feraligatr|Feraligite\n|move|p2b: Wan Shi Tong|Protect|p2b: Wan Shi Tong\n|-singleturn|p2b: Wan Shi Tong|Protect\n|move|p1a: Scizor|Bullet Punch|p2b: Wan Shi Tong\n|-activate|p2b: Wan Shi Tong|move: Protect\n|move|p1b: Feraligatr|Dragon Dance|p1b: Feraligatr\n|-boost|p1b: Feraligatr|atk|1\n|-boost|p1b: Feraligatr|spe|1\n|\n|upkeep\n|turn|3\n|\n|t:|1776358801\n|switch|p1a: Whimsicott|Whimsicott, L50, F|100/100\n|move|p1b: Feraligatr|Protect|p1b: Feraligatr\n|-singleturn|p1b: Feraligatr|Protect\n|move|p2a: Koh|Electroweb|p1b: Feraligatr|[spread] \n|-activate|p1b: Feraligatr|move: Protect\n|-miss|p2a: Koh|p1a: Whimsicott\n|move|p2b: Wan Shi Tong|Rock Slide|p1a: Whimsicott|[spread] p1a\n|-activate|p1b: Feraligatr|move: Protect\n|-damage|p1a: Whimsicott|65/100\n|\n|upkeep\n|turn|4\n|\n|t:|1776358815\n|move|p1a: Whimsicott|Tailwind|p1a: Whimsicott\n|-sidestart|p1: BK Sergio|move: Tailwind\n|move|p1b: Feraligatr|Double-Edge|p2a: Koh\n|-damage|p2a: Koh|0 fnt\n|faint|p2a: Koh\n|-damage|p1b: Feraligatr|75/100|[from] Recoil\n|move|p2b: Wan Shi Tong|Tailwind|p2b: Wan Shi Tong\n|-sidestart|p2: KKameleon8|move: Tailwind\n|\n|upkeep\n|\n|t:|1776358822\n|switch|p2a: Painted Lady|Froslass, L50, F|100/100\n|turn|5\n|\n|t:|1776358836\n|detailschange|p2a: Painted Lady|Froslass-Mega, L50, F\n|-mega|p2a: Painted Lady|Froslass|Froslassite\n|-weather|Snowscape|[from] ability: Snow Warning|[of] p2a: Painted Lady\n|move|p1a: Whimsicott|Encore|p2b: Wan Shi Tong\n|-start|p2b: Wan Shi Tong|Encore\n|move|p2b: Wan Shi Tong|Tailwind||[still]\n|-fail|p2b: Wan Shi Tong\n|move|p1b: Feraligatr|Double-Edge|p2a: Painted Lady\n|-damage|p2a: Painted Lady|0 fnt\n|faint|p2a: Painted Lady\n|-damage|p1b: Feraligatr|44/100|[from] Recoil\n|\n|-weather|Snowscape|[upkeep]\n|upkeep\n|\n|t:|1776358843\n|switch|p2a: Blue Spirit|Kingambit, L50, M, shiny|38/100\n|turn|6\n|\n|t:|1776358854\n|move|p1b: Feraligatr|Protect|p1b: Feraligatr\n|-singleturn|p1b: Feraligatr|Protect\n|move|p2a: Blue Spirit|Sucker Punch||[still]\n|-fail|p2a: Blue Spirit\n|move|p2b: Wan Shi Tong|Tailwind||[still]\n|-fail|p2b: Wan Shi Tong\n|move|p1a: Whimsicott|Moonblast|p2a: Blue Spirit\n|-damage|p2a: Blue Spirit|0 fnt\n|faint|p2a: Blue Spirit\n|\n|-weather|Snowscape|[upkeep]\n|upkeep\n|turn|7\n|-message|KKameleon8 forfeited.\n|\n|win|BK Sergio\n|raw|BK Sergio's rating: 1352 &rarr; <strong>1370</strong><br />(+18 for winning)\n|raw|KKameleon8's rating: 1311 &rarr; <strong>1293</strong><br />(-18 for losing)\n|l|\u2606KKameleon8\n|player|p2|\n",
  "uploadtime": 1776358870,
  "views": 40,
  "formatid": "gen9championsvgc2026regma",
  "rating": 1293,
  "private": 0,
  "password": null
}