{
  "id": "gen9championsvgc2026regma-2586517070",
  "format": "[Gen 9 Champions] VGC 2026 Reg M-A",
  "players": [
    "Sowen Apesta",
    "Dark_h4lf"
  ],
  "log": "|j|\u2606Sowen Apesta\n|j|\u2606Dark_h4lf\n|t:|1776440069\n|gametype|doubles\n|player|p1|Sowen Apesta|169|1078\n|player|p2|Dark_h4lf|unknown|1030\n|gen|9\n|tier|[Gen 9 Champions] VGC 2026 Reg M-A\n|rated|\n|rule|Species Clause: Limit one of each Pok\u00e9mon\n|rule|Item Clause: Limit 1 of each item\n|clearpoke\n|poke|p1|Charizard, L50, M|\n|poke|p1|Incineroar, L50, F|\n|poke|p1|Kingambit, L50, F|\n|poke|p1|Sneasler, L50, M|\n|poke|p1|Aerodactyl, L50, M|\n|poke|p1|Floette-Eternal, L50, F|\n|poke|p2|Charizard, L50, M|\n|poke|p2|Victreebel, L50, F|\n|poke|p2|Altaria, L50, M|\n|poke|p2|Chimecho, L50, F|\n|poke|p2|Bellibolt, L50, M|\n|poke|p2|Arcanine-Hisui, L50, F|\n|teampreview|4\n|inactive|Battle timer is ON: inactive players will automatically lose when time's up. (requested by Sowen Apesta)\nSowen Apesta has agreed to open team sheets.\n|inactive|Sowen Apesta has 60 seconds left.\nDark_h4lf has agreed to open team sheets.\n|showteam|p1|Charizard||CharizarditeY|SolarPower|HeatWave,WeatherBall,SolarBeam,Protect|||M|||50|]Incineroar||ShucaBerry|Intimidate|FakeOut,FlareBlitz,ThroatChop,PartingShot|||F|||50|]Kingambit||BlackGlasses|Defiant|KowtowCleave,SuckerPunch,IronHead,Protect|||F|||50|]Sneasler||WhiteHerb|Unburden|FakeOut,CloseCombat,DireClaw,Protect|||M|||50|]Aerodactyl||FocusSash|Unnerve|RockSlide,DualWingbeat,Tailwind,Protect|||M|||50|]Floette-Eternal||Floettite|FlowerVeil|Moonblast,DazzlingGleam,CalmMind,Protect|||F|||50|\n|showteam|p2|Charizard||CharizarditeY|SolarPower|SolarBeam,WeatherBall,HeatWave,Roost|||M|||50|]Victreebel||FocusSash|Chlorophyll|StrengthSap,PoisonJab,PowerWhip,SuckerPunch|||F|||50|]Altaria||SitrusBerry|NaturalCure|SolarBeam,HeatWave,DragonPulse,Roost|||M|||50|]Chimecho||Chimechite|Levitate|SkillSwap,DazzlingGleam,DrainingKiss,ThunderWave|||F|||50|]Bellibolt||Leftovers|Electromorphosis|ParabolicCharge,SlackOff,MuddyWater,VoltSwitch|||M|||50|]Arcanine-Hisui||QuickClaw|RockHead|ExtremeSpeed,HeadSmash,FlareBlitz,MorningSun|||F|||50|\n|inactive|Sowen Apesta has 30 seconds left.\n|inactive|Sowen Apesta has 20 seconds left.\n|\n|t:|1776440142\n|teamsize|p1|4\n|teamsize|p2|4\n|start\n|switch|p1a: Incineroar|Incineroar, L50, F|100/100\n|switch|p1b: Aerodactyl|Aerodactyl, L50, M|100/100\n|switch|p2a: Chimecho|Chimecho, L50, F|100/100\n|switch|p2b: Bellibolt|Bellibolt, L50, M|100/100\n|-ability|p1b: Aerodactyl|Unnerve\n|-ability|p1a: Incineroar|Intimidate|boost\n|-unboost|p2a: Chimecho|atk|1\n|-unboost|p2b: Bellibolt|atk|1\n|turn|1\n|\n|t:|1776440158\n|detailschange|p2a: Chimecho|Chimecho-Mega, L50, F\n|-mega|p2a: Chimecho|Chimecho|Chimechite\n|move|p1a: Incineroar|Fake Out|p2b: Bellibolt\n|-damage|p2b: Bellibolt|92/100\n|-start|p2b: Bellibolt|Charge|Fake Out|[from] ability: Electromorphosis\n|move|p1b: Aerodactyl|Tailwind|p1b: Aerodactyl\n|-sidestart|p1: Sowen Apesta|move: Tailwind\n|move|p2a: Chimecho|Skill Swap|p2b: Bellibolt\n|-activate|p2a: Chimecho|Skill Swap|||[of] p2b: Bellibolt\n|cant|p2b: Bellibolt|flinch\n|\n|-heal|p2b: Bellibolt|98/100|[from] item: Leftovers\n|upkeep\n|turn|2\n|inactive|Sowen Apesta has 30 seconds left.\n|inactive|Sowen Apesta has 20 seconds left.\n|\n|t:|1776440194\n|move|p1b: Aerodactyl|Rock Slide|p2a: Chimecho|[spread] p2a\n|-miss|p1b: Aerodactyl|p2b: Bellibolt\n|-resisted|p2a: Chimecho|1\n|-damage|p2a: Chimecho|90/100\n|-start|p2a: Chimecho|Charge|Rock Slide|[from] ability: Electromorphosis\n|move|p1a: Incineroar|Flare Blitz|p2a: Chimecho\n|-supereffective|p2a: Chimecho|1\n|-damage|p2a: Chimecho|0 fnt\n|faint|p2a: Chimecho\n|-damage|p1a: Incineroar|69/100|[from] Recoil\n|move|p2b: Bellibolt|Muddy Water|p1a: Incineroar|[spread] p1a,p1b\n|-supereffective|p1a: Incineroar|1\n|-crit|p1a: Incineroar\n|-supereffective|p1b: Aerodactyl|1\n|-damage|p1a: Incineroar|15/100\n|-damage|p1b: Aerodactyl|43/100\n|-unboost|p1a: Incineroar|accuracy|1\n|-unboost|p1b: Aerodactyl|accuracy|1\n|\n|-heal|p2b: Bellibolt|100/100|[from] item: Leftovers\n|upkeep\n|\n|t:|1776440218\n|switch|p2a: Arcanine|Arcanine-Hisui, L50, F|100/100\n|turn|3\n|\n|t:|1776440233\n|move|p1b: Aerodactyl|Rock Slide|p2a: Arcanine|[spread] p2a,p2b\n|-supereffective|p2a: Arcanine|1\n|-damage|p2a: Arcanine|33/100\n|-damage|p2b: Bellibolt|82/100\n|move|p1a: Incineroar|Flare Blitz|p2b: Bellibolt\n|-damage|p2b: Bellibolt|42/100\n|-damage|p1a: Incineroar|0 fnt|[from] Recoil\n|faint|p1a: Incineroar\n|move|p2a: Arcanine|Head Smash|p1b: Aerodactyl\n|-supereffective|p1b: Aerodactyl|1\n|-damage|p1b: Aerodactyl|0 fnt\n|faint|p1b: Aerodactyl\n|move|p2b: Bellibolt|Muddy Water|p1: Incineroar|[notarget]\n|-fail|p2b: Bellibolt\n|\n|-heal|p2b: Bellibolt|48/100|[from] item: Leftovers\n|upkeep\n|\n|t:|1776440241\n|switch|p1b: Charizard|Charizard, L50, M|100/100\n|switch|p1a: Sneasler|Sneasler, L50, M|100/100\n|turn|4\n|-activate|p2a: Arcanine|item: Quick Claw\n|\n|t:|1776440263\n|detailschange|p1b: Charizard|Charizard-Mega-Y, L50, M\n|-mega|p1b: Charizard|Charizard|Charizardite Y\n|-weather|SunnyDay|[from] ability: Drought|[of] p1b: Charizard\n|move|p1a: Sneasler|Fake Out|p2b: Bellibolt\n|-damage|p2b: Bellibolt|39/100\n|move|p2a: Arcanine|Head Smash|p1b: Charizard\n|-supereffective|p1b: Charizard|2\n|-damage|p1b: Charizard|0 fnt\n|faint|p1b: Charizard\n|cant|p2b: Bellibolt|flinch\n|-end|p2b: Bellibolt|Charge|[silent]\n|\n|-weather|SunnyDay|[upkeep]\n|-heal|p2b: Bellibolt|45/100|[from] item: Leftovers\n|-sideend|p1: Sowen Apesta|move: Tailwind\n|upkeep\n|turn|5\n|-message|Sowen Apesta forfeited.\n|\n|win|Dark_h4lf\n|raw|Sowen Apesta's rating: 1078 &rarr; <strong>1053</strong><br />(-25 for losing)\n|raw|Dark_h4lf's rating: 1030 &rarr; <strong>1070</strong><br />(+40 for winning)\n|l|\u2606Sowen Apesta\n|player|p1|\n",
  "uploadtime": 1776440284,
  "views": 28,
  "formatid": "gen9championsvgc2026regma",
  "rating": 1053,
  "private": 0,
  "password": null
}