{
  "id": "gen9championsvgc2026regma-2585120261",
  "format": "[Gen 9 Champions] VGC 2026 Reg M-A",
  "players": [
    "SpaghettiBoy25",
    "colfox"
  ],
  "log": "|j|\u2606SpaghettiBoy25\n|j|\u203dcolfox\n|t:|1776314119\n|gametype|doubles\n|player|p1|SpaghettiBoy25|fantina|1279\n|player|p2|colfox|1|1266\n|gen|9\n|tier|[Gen 9 Champions] VGC 2026 Reg M-A\n|rated|\n|rule|Species Clause: Limit one of each Pok\u00e9mon\n|rule|Item Clause: Limit 1 of each item\n|clearpoke\n|poke|p1|Excadrill, L50, M|\n|poke|p1|Corviknight, L50, M|\n|poke|p1|Sneasler, L50, M|\n|poke|p1|Sinistcha-Masterpiece, L50|\n|poke|p1|Rotom-Wash, L50|\n|poke|p1|Tyranitar, L50, M|\n|poke|p2|Sylveon, L50, F|\n|poke|p2|Garchomp, L50, M|\n|poke|p2|Milotic, L50, F|\n|poke|p2|Ninetales, L50, F|\n|poke|p2|Raichu, L50, F|\n|poke|p2|Scizor, L50, F|\n|teampreview|4\n|\n|t:|1776314161\n|teamsize|p1|4\n|teamsize|p2|4\n|start\n|switch|p1a: Sneasler|Sneasler, L50, M, shiny|100/100\n|switch|p1b: Rotom|Rotom-Wash, L50, shiny|100/100\n|switch|p2a: Milotic|Milotic, L50, F|100/100\n|switch|p2b: Garchomp|Garchomp, L50, M|100/100\n|turn|1\n|\n|t:|1776314176\n|move|p2b: Garchomp|Protect|p2b: Garchomp\n|-singleturn|p2b: Garchomp|Protect\n|move|p1a: Sneasler|Fake Out|p2b: Garchomp\n|-activate|p2b: Garchomp|move: Protect\n|move|p1b: Rotom|Will-O-Wisp|p2b: Garchomp\n|-activate|p2b: Garchomp|move: Protect\n|move|p2a: Milotic|Icy Wind|p1b: Rotom|[spread] p1a,p1b\n|-resisted|p1b: Rotom|1\n|-damage|p1a: Sneasler|85/100\n|-damage|p1b: Rotom|93/100\n|-unboost|p1a: Sneasler|spe|1\n|-unboost|p1b: Rotom|spe|1\n|-enditem|p1a: Sneasler|White Herb\n|-clearnegativeboost|p1a: Sneasler|[silent]\n|\n|upkeep\n|turn|2\n|\n|t:|1776314200\n|switch|p2b: Scizor|Scizor, L50, F|100/100\n|move|p1a: Sneasler|Close Combat|p2b: Scizor\n|-damage|p2b: Scizor|28/100\n|-unboost|p1a: Sneasler|def|1\n|-unboost|p1a: Sneasler|spd|1\n|move|p2a: Milotic|Scald|p1a: Sneasler\n|-damage|p1a: Sneasler|15/100\n|move|p1b: Rotom|Hydro Pump|p2b: Scizor\n|-damage|p2b: Scizor|0 fnt\n|faint|p2b: Scizor\n|\n|upkeep\n|\n|t:|1776314217\n|switch|p2b: Garchomp|Garchomp, L50, M|100/100\n|turn|3\n|\n|t:|1776314238\n|move|p2b: Garchomp|Protect|p2b: Garchomp\n|-singleturn|p2b: Garchomp|Protect\n|move|p1a: Sneasler|Close Combat|p2b: Garchomp\n|-activate|p2b: Garchomp|move: Protect\n|move|p2a: Milotic|Scald|p1a: Sneasler\n|-damage|p1a: Sneasler|0 fnt\n|faint|p1a: Sneasler\n|move|p1b: Rotom|Will-O-Wisp|p2b: Garchomp\n|-activate|p2b: Garchomp|move: Protect\n|\n|upkeep\n|\n|t:|1776314243\n|switch|p1a: Tyranitar|Tyranitar, L50, M, shiny|100/100\n|-weather|Sandstorm|[from] ability: Sand Stream|[of] p1a: Tyranitar\n|turn|4\n|\n|t:|1776314265\n|switch|p1a: Corviknight|Corviknight, L50, M, shiny|100/100\n|move|p2b: Garchomp|Earthquake|p1a: Corviknight|[spread] p2a\n|-immune|p1a: Corviknight\n|-immune|p1b: Rotom|[from] ability: Levitate\n|-damage|p2a: Milotic|63/100\n|move|p2a: Milotic|Scald|p1a: Corviknight\n|-damage|p1a: Corviknight|71/100\n|move|p1b: Rotom|Will-O-Wisp|p2b: Garchomp\n|-status|p2b: Garchomp|brn\n|\n|-weather|Sandstorm|[upkeep]\n|-damage|p2a: Milotic|57/100|[from] Sandstorm\n|-damage|p1b: Rotom|87/100|[from] Sandstorm\n|-heal|p1a: Corviknight|77/100|[from] item: Leftovers\n|-damage|p2b: Garchomp|95/100 brn|[from] brn\n|upkeep\n|turn|5\n|\n|t:|1776314300\n|move|p2b: Garchomp|Dragon Claw|p1b: Rotom\n|-damage|p1b: Rotom|66/100\n|move|p2a: Milotic|Icy Wind|p1a: Corviknight|[spread] p1a,p1b\n|-resisted|p1b: Rotom|1\n|-damage|p1a: Corviknight|68/100\n|-damage|p1b: Rotom|58/100\n|-ability|p1a: Corviknight|Mirror Armor\n|-unboost|p2a: Milotic|spe|1\n|-ability|p2a: Milotic|Competitive|boost\n|-boost|p2a: Milotic|spa|2\n|-unboost|p1b: Rotom|spe|1\n|move|p1a: Corviknight|Bulk Up|p1a: Corviknight\n|-boost|p1a: Corviknight|atk|1\n|-boost|p1a: Corviknight|def|1\n|move|p1b: Rotom|Will-O-Wisp|p2a: Milotic\n|-status|p2a: Milotic|brn\n|\n|-weather|Sandstorm|[upkeep]\n|-damage|p2a: Milotic|51/100 brn|[from] Sandstorm\n|-damage|p1b: Rotom|53/100|[from] Sandstorm\n|-heal|p1a: Corviknight|74/100|[from] item: Leftovers\n|-damage|p2b: Garchomp|89/100 brn|[from] brn\n|-damage|p2a: Milotic|45/100 brn|[from] brn\n|upkeep\n|turn|6\n|\n|t:|1776314328\n|move|p2b: Garchomp|Rock Slide|p1a: Corviknight|[spread] p1a,p1b\n|-damage|p1a: Corviknight|69/100\n|-damage|p1b: Rotom|42/100\n|move|p1a: Corviknight|Brave Bird|p2a: Milotic\n|-damage|p2a: Milotic|0 fnt\n|faint|p2a: Milotic\n|-damage|p1a: Corviknight|54/100|[from] Recoil\n|cant|p1b: Rotom|flinch\n|\n|-weather|Sandstorm|[upkeep]\n|-damage|p1b: Rotom|36/100|[from] Sandstorm\n|-heal|p1a: Corviknight|60/100|[from] item: Leftovers\n|-damage|p2b: Garchomp|83/100 brn|[from] brn\n|upkeep\n|\n|t:|1776314344\n|switch|p2a: Ninetales|Ninetales, L50, F|100/100\n|-weather|SunnyDay|[from] ability: Drought|[of] p2a: Ninetales\n|turn|7\n|\n|t:|1776314355\n|switch|p1b: Tyranitar|Tyranitar, L50, M, shiny|100/100\n|-weather|Sandstorm|[from] ability: Sand Stream|[of] p1b: Tyranitar\n|move|p2b: Garchomp|Dragon Claw|p1b: Tyranitar\n|-damage|p1b: Tyranitar|86/100\n|move|p2a: Ninetales|Heat Wave|p1a: Corviknight|[spread] p1a,p1b\n|-supereffective|p1a: Corviknight|1\n|-resisted|p1b: Tyranitar|1\n|-damage|p1a: Corviknight|21/100\n|-damage|p1b: Tyranitar|79/100\n|move|p1a: Corviknight|Roost|p1a: Corviknight\n|-heal|p1a: Corviknight|71/100\n|-singleturn|p1a: Corviknight|move: Roost\n|\n|-weather|Sandstorm|[upkeep]\n|-damage|p2a: Ninetales|94/100|[from] Sandstorm\n|-heal|p1a: Corviknight|77/100|[from] item: Leftovers\n|-damage|p2b: Garchomp|77/100 brn|[from] brn\n|upkeep\n|turn|8\n|\n|t:|1776314380\n|detailschange|p1b: Tyranitar|Tyranitar-Mega, L50, M, shiny\n|-mega|p1b: Tyranitar|Tyranitar|Tyranitarite\n|move|p2b: Garchomp|Rock Slide|p1a: Corviknight|[spread] \n|-miss|p2b: Garchomp|p1a: Corviknight\n|-miss|p2b: Garchomp|p1b: Tyranitar\n|move|p2a: Ninetales|Will-O-Wisp|p1b: Tyranitar|[miss]\n|-miss|p2a: Ninetales|p1b: Tyranitar\n|move|p1b: Tyranitar|Rock Slide|p2a: Ninetales|[spread] p2a,p2b\n|-supereffective|p2a: Ninetales|1\n|-resisted|p2b: Garchomp|1\n|-crit|p2b: Garchomp\n|-damage|p2a: Ninetales|10/100\n|-damage|p2b: Garchomp|52/100 brn\n|move|p1a: Corviknight|Tailwind|p1a: Corviknight\n|-sidestart|p1: SpaghettiBoy25|move: Tailwind\n|\n|-weather|Sandstorm|[upkeep]\n|-damage|p2a: Ninetales|4/100|[from] Sandstorm\n|-heal|p1a: Corviknight|83/100|[from] item: Leftovers\n|-damage|p2b: Garchomp|46/100 brn|[from] brn\n|upkeep\n|turn|9\n|-message|colfox forfeited.\n|\n|win|SpaghettiBoy25\n|raw|SpaghettiBoy25's rating: 1279 &rarr; <strong>1303</strong><br />(+24 for winning)\n|raw|colfox's rating: 1266 &rarr; <strong>1242</strong><br />(-24 for losing)\n",
  "uploadtime": 1776314426,
  "views": 56,
  "formatid": "gen9championsvgc2026regma",
  "rating": 1242,
  "private": 0,
  "password": null
}