{
  "id": "gen9championsvgc2026regma-2588882086",
  "format": "[Gen 9 Champions] VGC 2026 Reg M-A",
  "players": [
    "PhycologicalRealm",
    "Hhehdhdhdheeh"
  ],
  "log": "|j|\u2606PhycologicalRealm\n|j|\u2606Hhehdhdhdheeh\n|t:|1776682005\n|gametype|doubles\n|player|p1|PhycologicalRealm|elesa|1045\n|player|p2|Hhehdhdhdheeh|1|1000\n|gen|9\n|tier|[Gen 9 Champions] VGC 2026 Reg M-A\n|rated|\n|rule|Species Clause: Limit one of each Pok\u00e9mon\n|rule|Item Clause: Limit 1 of each item\n|clearpoke\n|poke|p1|Farigiraf, L50, F|\n|poke|p1|Slowbro, L50, F|\n|poke|p1|Spiritomb, L50, M|\n|poke|p1|Sinistcha, L50|\n|poke|p1|Runerigus, L50, M|\n|poke|p1|Cofagrigus, L50, F|\n|poke|p2|Charizard, L50, M|\n|poke|p2|Venusaur, L50, M|\n|poke|p2|Incineroar, L50, M|\n|poke|p2|Garchomp, L50, F|\n|poke|p2|Rotom-Wash, L50|\n|poke|p2|Aerodactyl, L50, F|\n|teampreview|4\n|inactive|Battle timer is ON: inactive players will automatically lose when time's up. (requested by PhycologicalRealm)\n|\n|t:|1776682033\n|teamsize|p1|4\n|teamsize|p2|4\n|start\n|switch|p1a: Runerigus|Runerigus, L50, M|100/100\n|switch|p1b: Cofagrigus|Cofagrigus, L50, F|100/100\n|switch|p2a: Aerodactyl|Aerodactyl, L50, F|100/100\n|switch|p2b: Incineroar|Incineroar, L50, M|100/100\n|-ability|p2a: Aerodactyl|Unnerve\n|-ability|p2b: Incineroar|Intimidate|boost\n|-unboost|p1a: Runerigus|atk|1\n|-unboost|p1b: Cofagrigus|atk|1\n|turn|1\n|\n|t:|1776682055\n|move|p2a: Aerodactyl|Tailwind|p2a: Aerodactyl\n|-sidestart|p2: Hhehdhdhdheeh|move: Tailwind\n|move|p2b: Incineroar|Darkest Lariat|p1a: Runerigus\n|-supereffective|p1a: Runerigus|1\n|-damage|p1a: Runerigus|37/100\n|-activate|p2b: Incineroar|Skill Swap|Wandering Spirit|Intimidate|[of] p1a: Runerigus\n|-ability|p1a: Runerigus|Intimidate|boost\n|-unboost|p2a: Aerodactyl|atk|1\n|-unboost|p2b: Incineroar|atk|1\n|move|p1a: Runerigus|Will-O-Wisp|p2a: Aerodactyl\n|-status|p2a: Aerodactyl|brn\n|move|p1b: Cofagrigus|Trick Room|p1b: Cofagrigus\n|-fieldstart|move: Trick Room|[of] p1b: Cofagrigus\n|\n|-damage|p2a: Aerodactyl|95/100 brn|[from] brn\n|upkeep\n|turn|2\n|\n|t:|1776682078\n|move|p1b: Cofagrigus|Poltergeist|p2a: Aerodactyl\n|-activate|p2a: Aerodactyl|move: Poltergeist|Focus Sash\n|-damage|p2a: Aerodactyl|69/100 brn\n|move|p1a: Runerigus|Destiny Bond|p1a: Runerigus\n|-singlemove|p1a: Runerigus|Destiny Bond\n|move|p2b: Incineroar|Darkest Lariat|p1a: Runerigus\n|-supereffective|p1a: Runerigus|1\n|-damage|p1a: Runerigus|0 fnt\n|faint|p1a: Runerigus\n|-activate|p1a: Runerigus|move: Destiny Bond\n|faint|p2b: Incineroar\n|move|p2a: Aerodactyl|Rock Slide|p1b: Cofagrigus\n|-damage|p1b: Cofagrigus|92/100\n|\n|-damage|p2a: Aerodactyl|64/100 brn|[from] brn\n|upkeep\n|\n|t:|1776682096\n|switch|p1a: Slowbro|Slowbro, L50, F|100/100\n|switch|p2b: Venusaur|Venusaur, L50, M|100/100\n|turn|3\n|\n|t:|1776682113\n|detailschange|p1a: Slowbro|Slowbro-Mega, L50, F\n|-mega|p1a: Slowbro|Slowbro|Slowbronite\n|move|p1b: Cofagrigus|Will-O-Wisp|p2b: Venusaur\n|-status|p2b: Venusaur|brn\n|move|p1a: Slowbro|Calm Mind|p1a: Slowbro\n|-boost|p1a: Slowbro|spa|1\n|-boost|p1a: Slowbro|spd|1\n|move|p2b: Venusaur|Sleep Powder|p1a: Slowbro|[miss]\n|-miss|p2b: Venusaur|p1a: Slowbro\n|move|p2a: Aerodactyl|Rock Slide|p1b: Cofagrigus|[spread] p1a,p1b\n|-damage|p1a: Slowbro|97/100\n|-damage|p1b: Cofagrigus|86/100\n|\n|-damage|p2b: Venusaur|95/100 brn|[from] brn\n|-damage|p2a: Aerodactyl|58/100 brn|[from] brn\n|upkeep\n|turn|4\n|\n|t:|1776682137\n|move|p2b: Venusaur|Protect|p2b: Venusaur\n|-singleturn|p2b: Venusaur|Protect\n|move|p1b: Cofagrigus|Poltergeist|p2b: Venusaur\n|-activate|p2b: Venusaur|move: Protect\n|move|p1a: Slowbro|Psychic|p2b: Venusaur\n|-activate|p2b: Venusaur|move: Protect\n|move|p2a: Aerodactyl|Dual Wingbeat|p1a: Slowbro\n|-damage|p1a: Slowbro|94/100\n|-damage|p1a: Slowbro|91/100\n|-hitcount|p1a: Slowbro|2\n|\n|-heal|p2b: Venusaur|100/100 brn|[from] item: Leftovers\n|-damage|p2b: Venusaur|95/100 brn|[from] brn\n|-damage|p2a: Aerodactyl|52/100 brn|[from] brn\n|-sideend|p2: Hhehdhdhdheeh|move: Tailwind\n|upkeep\n|turn|5\n|-activate|p1b: Cofagrigus|item: Quick Claw\n|\n|t:|1776682158\n|switch|p2a: Charizard|Charizard, L50, M|100/100\n|move|p1b: Cofagrigus|Poltergeist|p2b: Venusaur\n|-activate|p2b: Venusaur|move: Poltergeist|Leftovers\n|-damage|p2b: Venusaur|74/100 brn\n|move|p1a: Slowbro|Psychic|p2b: Venusaur\n|-supereffective|p2b: Venusaur|1\n|-damage|p2b: Venusaur|0 fnt\n|faint|p2b: Venusaur\n|\n|-fieldend|move: Trick Room\n|upkeep\n|\n|t:|1776682172\n|switch|p2b: Aerodactyl|Aerodactyl, L50, F|52/100 brn\n|-ability|p2b: Aerodactyl|Unnerve\n|turn|6\n|\n|t:|1776682190\n|detailschange|p2a: Charizard|Charizard-Mega-Y, L50, M\n|-mega|p2a: Charizard|Charizard|Charizardite Y\n|-weather|SunnyDay|[from] ability: Drought|[of] p2a: Charizard\n|move|p2b: Aerodactyl|Rock Slide|p1a: Slowbro|[spread] p1a,p1b\n|-damage|p1a: Slowbro|86/100\n|-damage|p1b: Cofagrigus|76/100\n|move|p2a: Charizard|Solar Beam||[still]\n|-prepare|p2a: Charizard|Solar Beam\n|-anim|p2a: Charizard|Solar Beam|p1a: Slowbro\n|-supereffective|p1a: Slowbro|1\n|-damage|p1a: Slowbro|10/100\n|cant|p1a: Slowbro|flinch\n|cant|p1b: Cofagrigus|flinch\n|\n|-weather|SunnyDay|[upkeep]\n|-damage|p2b: Aerodactyl|46/100 brn|[from] brn\n|upkeep\n|turn|7\n|\n|t:|1776682213\n|move|p2b: Aerodactyl|Rock Slide|p1a: Slowbro|[spread] p1a,p1b\n|-damage|p1a: Slowbro|4/100\n|-damage|p1b: Cofagrigus|68/100\n|move|p2a: Charizard|Heat Wave|p1b: Cofagrigus|[spread] p1a,p1b\n|-resisted|p1a: Slowbro|1\n|-damage|p1a: Slowbro|0 fnt\n|-damage|p1b: Cofagrigus|13/100\n|faint|p1a: Slowbro\n|move|p1b: Cofagrigus|Trick Room|p1b: Cofagrigus\n|-fieldstart|move: Trick Room|[of] p1b: Cofagrigus\n|\n|-weather|SunnyDay|[upkeep]\n|-damage|p2b: Aerodactyl|41/100 brn|[from] brn\n|upkeep\n|\n|t:|1776682219\n|switch|p1a: Sinistcha|Sinistcha, L50|100/100\n|-heal|p1b: Cofagrigus|38/100|[from] ability: Hospitality|[of] p1a: Sinistcha\n|turn|8\n|\n|t:|1776682230\n|move|p1b: Cofagrigus|Destiny Bond|p1b: Cofagrigus\n|-singlemove|p1b: Cofagrigus|Destiny Bond\n|move|p1a: Sinistcha|Matcha Gotcha|p2a: Charizard|[spread] p2a\n|-miss|p1a: Sinistcha|p2b: Aerodactyl\n|-resisted|p2a: Charizard|2\n|-damage|p2a: Charizard|95/100\n|move|p2a: Charizard|Heat Wave|p1b: Cofagrigus|[spread] p1a,p1b\n|-supereffective|p1a: Sinistcha|1\n|-damage|p1a: Sinistcha|0 fnt\n|-damage|p1b: Cofagrigus|0 fnt\n|faint|p1a: Sinistcha\n|faint|p1b: Cofagrigus\n|-activate|p1b: Cofagrigus|move: Destiny Bond\n|faint|p2a: Charizard\n|\n|win|Hhehdhdhdheeh\n|raw|PhycologicalRealm's rating: 1045 &rarr; <strong>1026</strong><br />(-19 for losing)\n|raw|Hhehdhdhdheeh's rating: 1000 &rarr; <strong>1045</strong><br />(+45 for winning)\n|l|\u2606PhycologicalRealm\n|player|p1|\n",
  "uploadtime": 1776682254,
  "views": 24,
  "formatid": "gen9championsvgc2026regma",
  "rating": 1026,
  "private": 0,
  "password": null
}