{
  "id": "gen9championsvgc2026regma-2589387185",
  "format": "[Gen 9 Champions] VGC 2026 Reg M-A",
  "players": [
    "drudds",
    "gorillastew"
  ],
  "log": "|j|\u2606drudds\n|j|\u2606gorillastew\n|t:|1776718881\n|gametype|doubles\n|player|p1|drudds|266|1014\n|player|p2|gorillastew|clerkf|1081\n|gen|9\n|tier|[Gen 9 Champions] VGC 2026 Reg M-A\n|rated|\n|rule|Species Clause: Limit one of each Pok\u00e9mon\n|rule|Item Clause: Limit 1 of each item\n|clearpoke\n|poke|p1|Tinkaton, L50, F, shiny|\n|poke|p1|Primarina, L50, M|\n|poke|p1|Sinistcha, L50, shiny|\n|poke|p1|Milotic, L50, F|\n|poke|p1|Noivern, L50, M|\n|poke|p1|Goodra-Hisui, L50, M|\n|poke|p2|Glimmora, L50, M|\n|poke|p2|Talonflame, L50, M|\n|poke|p2|Sinistcha, L50|\n|poke|p2|Tauros-Paldea-Aqua, L50, M|\n|poke|p2|Orthworm, L50, F|\n|poke|p2|Mimikyu, L50, M|\n|teampreview|4\n|inactive|Battle timer is ON: inactive players will automatically lose when time's up. (requested by drudds)\n|\n|t:|1776718915\n|teamsize|p1|4\n|teamsize|p2|4\n|start\n|switch|p1a: Milotic|Milotic, L50, F|100/100\n|switch|p1b: Goodra|Goodra-Hisui, L50, M|100/100\n|switch|p2a: Glimmora|Glimmora, L50, M|100/100\n|switch|p2b: Talonflame|Talonflame, L50, M|100/100\n|turn|1\n|\n|t:|1776718935\n|detailschange|p2a: Glimmora|Glimmora-Mega, L50, M\n|-mega|p2a: Glimmora|Glimmora|Glimmoranite\n|move|p2b: Talonflame|Taunt|p1b: Goodra\n|-start|p1b: Goodra|move: Taunt\n|move|p2a: Glimmora|Earth Power|p1b: Goodra\n|-supereffective|p1b: Goodra|1\n|-damage|p1b: Goodra|50/100\n|-enditem|p1b: Goodra|Sitrus Berry|[eat]\n|-heal|p1b: Goodra|75/100|[from] item: Sitrus Berry\n|move|p1a: Milotic|Dragon Cheer|p1b: Goodra\n|-start|p1b: Goodra|move: Dragon Cheer\n|move|p1b: Goodra|Draco Meteor|p2b: Talonflame\n|-damage|p2b: Talonflame|9/100\n|-unboost|p1b: Goodra|spa|2\n|\n|upkeep\n|turn|2\n|inactive|drudds has 30 seconds left.\n|\n|t:|1776718965\n|move|p2b: Talonflame|Tailwind|p2b: Talonflame\n|-sidestart|p2: gorillastew|move: Tailwind\n|move|p2a: Glimmora|Earth Power|p1b: Goodra\n|-supereffective|p1b: Goodra|1\n|-damage|p1b: Goodra|26/100\n|move|p1a: Milotic|Icy Wind|p2a: Glimmora|[spread] p2a,p2b\n|-damage|p2a: Glimmora|89/100\n|-damage|p2b: Talonflame|0 fnt\n|-unboost|p2a: Glimmora|spe|1\n|faint|p2b: Talonflame\n|move|p1b: Goodra|Draco Meteor|p2a: Glimmora\n|-damage|p2a: Glimmora|50/100\n|-unboost|p1b: Goodra|spa|2\n|\n|upkeep\n|\n|t:|1776718981\n|switch|p2b: Sinistcha|Sinistcha, L50|100/100\n|-heal|p2a: Glimmora|75/100|[from] ability: Hospitality|[of] p2b: Sinistcha\n|turn|3\n|\n|t:|1776719001\n|switch|p1b: Noivern|Noivern, L50, M|100/100\n|-item|p2a: Glimmora|Glimmoranite|[from] ability: Frisk|[of] p1b: Noivern\n|-item|p2b: Sinistcha|Sitrus Berry|[from] ability: Frisk|[of] p1b: Noivern\n|move|p2b: Sinistcha|Rage Powder|p2b: Sinistcha\n|-singleturn|p2b: Sinistcha|move: Rage Powder\n|move|p2a: Glimmora|Earth Power|p1b: Noivern\n|-immune|p1b: Noivern\n|move|p1a: Milotic|Life Dew||[still]|[still]|[spread] \n|-fail|p1a: Milotic|heal\n|-fail|p1b: Noivern|heal\n|\n|upkeep\n|turn|4\n|\n|t:|1776719025\n|move|p2a: Glimmora|Power Gem|p1b: Noivern\n|-supereffective|p1b: Noivern|1\n|-enditem|p1b: Noivern|Focus Sash\n|-damage|p1b: Noivern|1/100\n|move|p1b: Noivern|Air Cutter|p2a: Glimmora|[spread] p2a,p2b\n|-resisted|p2a: Glimmora|1\n|-crit|p2a: Glimmora\n|-supereffective|p2b: Sinistcha|1\n|-crit|p2b: Sinistcha\n|-damage|p2a: Glimmora|58/100\n|-damage|p2b: Sinistcha|40/100\n|-enditem|p2b: Sinistcha|Sitrus Berry|[eat]\n|-heal|p2b: Sinistcha|65/100|[from] item: Sitrus Berry\n|move|p2b: Sinistcha|Matcha Gotcha|p1b: Noivern|[spread] p1a,p1b\n|-supereffective|p1a: Milotic|1\n|-resisted|p1b: Noivern|2\n|-damage|p1a: Milotic|62/100\n|-heal|p2b: Sinistcha|86/100|[from] drain|[of] p1a: Milotic\n|-damage|p1b: Noivern|0 fnt\n|-heal|p2b: Sinistcha|87/100|[from] drain|[of] p1b: Noivern\n|faint|p1b: Noivern\n|move|p1a: Milotic|Dragon Cheer|p1: Noivern|[notarget]\n|-fail|p1a: Milotic\n|\n|-heal|p1a: Milotic|68/100|[from] item: Leftovers\n|upkeep\n|\n|t:|1776719041\n|switch|p1b: Goodra|Goodra-Hisui, L50, M|26/100\n|turn|5\n|-message|drudds forfeited.\n|\n|win|gorillastew\n|raw|drudds's rating: 1014 &rarr; <strong>1004</strong><br />(-10 for losing)\n|raw|gorillastew's rating: 1081 &rarr; <strong>1104</strong><br />(+23 for winning)\n|l|\u2606drudds\n|player|p1|\n",
  "uploadtime": 1776719050,
  "views": 6,
  "formatid": "gen9championsvgc2026regma",
  "rating": 1004,
  "private": 0,
  "password": null
}