{
  "id": "gen9championsvgc2026regma-2581552130",
  "format": "[Gen 9 Champions] VGC 2026 Reg M-A",
  "players": [
    "totoro12",
    "debouls"
  ],
  "log": "|j|\u2606totoro12\n|j|\u2606debouls\n|t:|1776010358\n|gametype|doubles\n|player|p1|totoro12|iris-gen5bw2|1070\n|player|p2|debouls|169|1171\n|gen|9\n|tier|[Gen 9 Champions] VGC 2026 Reg M-A\n|rated|\n|rule|Species Clause: Limit one of each Pok\u00e9mon\n|rule|Item Clause: Limit 1 of each item\n|clearpoke\n|poke|p1|Pelipper, L50, M|\n|poke|p1|Dragonite, L50, F|\n|poke|p1|Basculegion, L50, M|\n|poke|p1|Orthworm, L50, M|\n|poke|p1|Incineroar, L50, F|\n|poke|p1|Archaludon, L50, F|\n|poke|p2|Arcanine, L50, F|\n|poke|p2|Rotom-Wash, L50|\n|poke|p2|Garchomp, L50, F|\n|poke|p2|Venusaur, L50, F|\n|poke|p2|Corviknight, L50, F|\n|poke|p2|Sneasler, L50, F|\n|teampreview|4\n|inactive|Battle timer is ON: inactive players will automatically lose when time's up. (requested by totoro12)\ntotoro12 rejected open team sheets.\n|inactive|debouls has 60 seconds left.\n|\n|t:|1776010406\n|teamsize|p1|4\n|teamsize|p2|4\n|start\n|switch|p1a: Pelipper|Pelipper, L50, M|100/100\n|switch|p1b: Dragonite|Dragonite, L50, F|100/100\n|switch|p2a: Sneasler|Sneasler, L50, F|100/100\n|switch|p2b: Venusaur|Venusaur, L50, F|100/100\n|-weather|RainDance|[from] ability: Drizzle|[of] p1a: Pelipper\n|turn|1\n|\n|t:|1776010428\n|detailschange|p1b: Dragonite|Dragonite-Mega, L50, F\n|-mega|p1b: Dragonite|Dragonite|Dragoninite\n|detailschange|p2b: Venusaur|Venusaur-Mega, L50, F\n|-mega|p2b: Venusaur|Venusaur|Venusaurite\n|move|p2a: Sneasler|Fake Out|p1a: Pelipper\n|-damage|p1a: Pelipper|83/100\n|move|p1b: Dragonite|Hurricane|p2b: Venusaur\n|-supereffective|p2b: Venusaur|1\n|-damage|p2b: Venusaur|3/100\n|-start|p2b: Venusaur|confusion\n|cant|p1a: Pelipper|flinch\n|-activate|p2b: Venusaur|confusion\n|move|p2b: Venusaur|Leech Seed|p1b: Dragonite\n|-start|p1b: Dragonite|move: Leech Seed\n|\n|-weather|RainDance|[upkeep]\n|-damage|p1b: Dragonite|88/100|[from] Leech Seed|[of] p2b: Venusaur\n|-heal|p2b: Venusaur|15/100|[silent]\n|upkeep\n|turn|2\n|inactive|totoro12 has 30 seconds left.\n|inactive|debouls has 30 seconds left.\n|inactive|totoro12 has 20 seconds left.\n|\n|t:|1776010463\n|switch|p2b: Rotom|Rotom-Wash, L50|100/100\n|move|p2a: Sneasler|Dire Claw|p1b: Dragonite\n|-damage|p1b: Dragonite|52/100\n|-status|p1b: Dragonite|par\n|move|p1a: Pelipper|Tailwind|p1a: Pelipper\n|-sidestart|p1: totoro12|move: Tailwind\n|move|p1b: Dragonite|Hurricane|p2a: Sneasler\n|-supereffective|p2a: Sneasler|1\n|-enditem|p2a: Sneasler|Focus Sash\n|-damage|p2a: Sneasler|1/100\n|-start|p2a: Sneasler|confusion\n|\n|-weather|RainDance|[upkeep]\n|-damage|p1b: Dragonite|39/100 par|[from] Leech Seed|[of] p2b: Rotom\n|upkeep\n|turn|3\n|inactive|totoro12 has 30 seconds left.\n|inactive|debouls has 30 seconds left.\n|\n|t:|1776010495\n|switch|p2a: Garchomp|Garchomp, L50, F|100/100\n|switch|p1b: Archaludon|Archaludon, L50, F|100/100\n|move|p1a: Pelipper|U-turn|p2a: Garchomp\n|-damage|p2a: Garchomp|89/100\n|-damage|p1a: Pelipper|72/100|[from] ability: Rough Skin|[of] p2a: Garchomp\n|\n|t:|1776010504\n|switch|p1a: Incineroar|Incineroar, L50, F|100/100|[from] U-turn\n|-ability|p1a: Incineroar|Intimidate|boost\n|-unboost|p2a: Garchomp|atk|1\n|-unboost|p2b: Rotom|atk|1\n|-enditem|p2a: Garchomp|White Herb\n|-clearnegativeboost|p2a: Garchomp|[silent]\n|move|p2b: Rotom|Discharge|p1a: Incineroar|[spread] p1a,p1b\n|-immune|p2a: Garchomp\n|-resisted|p1b: Archaludon|1\n|-damage|p1a: Incineroar|63/100\n|-damage|p1b: Archaludon|84/100\n|-status|p1b: Archaludon|par\n|-ability|p1b: Archaludon|Stamina|boost\n|-boost|p1b: Archaludon|def|1\n|\n|-weather|RainDance|[upkeep]\n|upkeep\n|turn|4\n|inactive|debouls has 30 seconds left.\n|\n|t:|1776010530\n|move|p1a: Incineroar|Fake Out|p2a: Garchomp\n|-damage|p2a: Garchomp|76/100\n|-damage|p1a: Incineroar|51/100|[from] ability: Rough Skin|[of] p2a: Garchomp\n|move|p2b: Rotom|Discharge|p1a: Incineroar|[spread] p1a,p1b\n|-immune|p2a: Garchomp\n|-resisted|p1b: Archaludon|1\n|-damage|p1a: Incineroar|18/100\n|-damage|p1b: Archaludon|67/100 par\n|-ability|p1b: Archaludon|Stamina|boost\n|-boost|p1b: Archaludon|def|1\n|cant|p2a: Garchomp|flinch\n|move|p1b: Archaludon|Electro Shot||[still]\n|-prepare|p1b: Archaludon|Electro Shot\n|-boost|p1b: Archaludon|spa|1\n|-anim|p1b: Archaludon|Electro Shot|p2b: Rotom\n|-damage|p2b: Rotom|26/100\n|\n|-weather|RainDance|[upkeep]\n|upkeep\n|turn|5\n|inactive|totoro12 has 30 seconds left.\n|\n|t:|1776010557\n|move|p1a: Incineroar|Darkest Lariat|p2b: Rotom\n|-damage|p2b: Rotom|0 fnt\n|faint|p2b: Rotom\n|move|p2a: Garchomp|Earthquake|p1b: Archaludon|[spread] p1a,p1b\n|-supereffective|p1a: Incineroar|1\n|-supereffective|p1b: Archaludon|1\n|-damage|p1a: Incineroar|0 fnt\n|-damage|p1b: Archaludon|35/100 par\n|-ability|p1b: Archaludon|Stamina|boost\n|-boost|p1b: Archaludon|def|1\n|-enditem|p1b: Archaludon|Sitrus Berry|[eat]\n|-heal|p1b: Archaludon|59/100 par|[from] item: Sitrus Berry\n|faint|p1a: Incineroar\n|move|p1b: Archaludon|Electro Shot||[still]\n|-prepare|p1b: Archaludon|Electro Shot\n|-boost|p1b: Archaludon|spa|1\n|-anim|p1b: Archaludon|Electro Shot|p2a: Garchomp\n|-immune|p2a: Garchomp\n|\n|-weather|none\n|-sideend|p1: totoro12|move: Tailwind\n|upkeep\n|inactive|debouls has 30 seconds left.\n|\n|t:|1776010583\n|switch|p2b: Venusaur|Venusaur-Mega, L50, F|15/100\n|switch|p1a: Dragonite|Dragonite-Mega, L50, F|39/100 par\n|turn|6\n|\n|t:|1776010600\n|move|p2a: Garchomp|Dragon Claw|p1a: Dragonite\n|-supereffective|p1a: Dragonite|1\n|-damage|p1a: Dragonite|0 fnt\n|faint|p1a: Dragonite\n|move|p2b: Venusaur|Leech Seed|p1b: Archaludon\n|-start|p1b: Archaludon|move: Leech Seed\n|move|p1b: Archaludon|Heavy Slam|p2b: Venusaur\n|-damage|p2b: Venusaur|3/100\n|\n|-damage|p1b: Archaludon|47/100 par|[from] Leech Seed|[of] p2b: Venusaur\n|-heal|p2b: Venusaur|13/100|[silent]\n|upkeep\n|\n|t:|1776010604\n|switch|p1a: Pelipper|Pelipper, L50, M|72/100\n|-weather|RainDance|[from] ability: Drizzle|[of] p1a: Pelipper\n|turn|7\n|-message|totoro12 forfeited.\n|\n|win|debouls\n|raw|totoro12's rating: 1070 &rarr; <strong>1055</strong><br />(-15 for losing)\n|raw|debouls's rating: 1171 &rarr; <strong>1189</strong><br />(+18 for winning)\n|l|\u2606totoro12\n|player|p1|\n",
  "uploadtime": 1776010614,
  "views": 16,
  "formatid": "gen9championsvgc2026regma",
  "rating": 1055,
  "private": 0,
  "password": null
}