{
  "id": "gen9championsvgc2026regma-2587641813",
  "format": "[Gen 9 Champions] VGC 2026 Reg M-A",
  "players": [
    "Evapotranspiracion",
    "PM77Switch"
  ],
  "log": "|j|\u2606Evapotranspiracion\n|j|\u2606PM77Switch\n|t:|1776549624\n|gametype|doubles\n|player|p1|Evapotranspiracion|zinzolin|1349\n|player|p2|PM77Switch|may-masters3|1435\n|gen|9\n|tier|[Gen 9 Champions] VGC 2026 Reg M-A\n|rated|\n|rule|Species Clause: Limit one of each Pok\u00e9mon\n|rule|Item Clause: Limit 1 of each item\n|clearpoke\n|poke|p1|Tyranitar, L50, M, shiny|\n|poke|p1|Gyarados, L50, F|\n|poke|p1|Sinistcha, L50|\n|poke|p1|Rotom-Heat, L50|\n|poke|p1|Excadrill, L50, F|\n|poke|p1|Gardevoir, L50, F, shiny|\n|poke|p2|Blastoise, L50, M|\n|poke|p2|Kingambit, L50, M|\n|poke|p2|Sneasler, L50, F|\n|poke|p2|Aerodactyl, L50, M|\n|poke|p2|Sinistcha, L50|\n|poke|p2|Incineroar, L50, F|\n|teampreview|4\n|inactive|Battle timer is ON: inactive players will automatically lose when time's up. (requested by PM77Switch)\n|inactive|Evapotranspiracion has 60 seconds left.\n|inactive|PM77Switch has 60 seconds left.\n|\n|t:|1776549670\n|teamsize|p1|4\n|teamsize|p2|4\n|start\n|switch|p1a: Sinistcha|Sinistcha, L50|100/100\n|switch|p1b: Gardevoir|Gardevoir, L50, F, shiny|100/100\n|switch|p2a: Sneasler|Sneasler, L50, F|100/100\n|switch|p2b: Blastoise|Blastoise, L50, M|100/100\n|turn|1\n|\n|t:|1776549681\n|detailschange|p2b: Blastoise|Blastoise-Mega, L50, M\n|-mega|p2b: Blastoise|Blastoise|Blastoisinite\n|move|p1b: Gardevoir|Protect|p1b: Gardevoir\n|-singleturn|p1b: Gardevoir|Protect\n|move|p2a: Sneasler|Fake Out|p1b: Gardevoir\n|-activate|p1b: Gardevoir|move: Protect\n|move|p2b: Blastoise|Ice Beam|p1a: Sinistcha\n|-supereffective|p1a: Sinistcha|1\n|-damage|p1a: Sinistcha|25/100\n|-enditem|p1a: Sinistcha|Sitrus Berry|[eat]\n|-heal|p1a: Sinistcha|50/100|[from] item: Sitrus Berry\n|move|p1a: Sinistcha|Trick Room|p1a: Sinistcha\n|-fieldstart|move: Trick Room|[of] p1a: Sinistcha\n|\n|upkeep\n|turn|2\n|\n|t:|1776549705\n|switch|p2a: Kingambit|Kingambit, L50, M|100/100\n|detailschange|p1b: Gardevoir|Gardevoir-Mega, L50, F, shiny\n|-mega|p1b: Gardevoir|Gardevoir|Gardevoirite\n|move|p2b: Blastoise|Protect|p2b: Blastoise\n|-singleturn|p2b: Blastoise|Protect\n|move|p1a: Sinistcha|Matcha Gotcha|p2b: Blastoise|[spread] p2a\n|-activate|p2b: Blastoise|move: Protect\n|-resisted|p2a: Kingambit|1\n|-damage|p2a: Kingambit|87/100\n|-heal|p1a: Sinistcha|58/100|[from] drain|[of] p2a: Kingambit\n|move|p1b: Gardevoir|Hyper Voice|p2b: Blastoise|[spread] p2a\n|-activate|p2b: Blastoise|move: Protect\n|-damage|p2a: Kingambit|32/100\n|\n|upkeep\n|turn|3\n|\n|t:|1776549723\n|move|p1a: Sinistcha|Rage Powder|p1a: Sinistcha\n|-singleturn|p1a: Sinistcha|move: Rage Powder\n|move|p2a: Kingambit|Iron Head|p1a: Sinistcha\n|-damage|p1a: Sinistcha|29/100\n|move|p2b: Blastoise|Ice Beam|p1a: Sinistcha\n|-supereffective|p1a: Sinistcha|1\n|-damage|p1a: Sinistcha|0 fnt\n|faint|p1a: Sinistcha\n|move|p1b: Gardevoir|Hyper Voice|p2a: Kingambit|[spread] p2a,p2b\n|-damage|p2a: Kingambit|0 fnt\n|-damage|p2b: Blastoise|54/100\n|faint|p2a: Kingambit\n|\n|upkeep\n|\n|t:|1776549740\n|switch|p2a: Sinistcha|Sinistcha, L50|100/100\n|switch|p1a: Gyarados|Gyarados, L50, F|100/100\n|-ability|p1a: Gyarados|Intimidate|boost\n|-unboost|p2a: Sinistcha|atk|1\n|-unboost|p2b: Blastoise|atk|1\n|-heal|p2b: Blastoise|78/100|[from] ability: Hospitality|[of] p2a: Sinistcha\n|turn|4\n|\n|t:|1776549751\n|move|p1a: Gyarados|Helping Hand|p1b: Gardevoir\n|-singleturn|p1b: Gardevoir|Helping Hand|[of] p1a: Gyarados\n|move|p2a: Sinistcha|Matcha Gotcha|p1a: Gyarados|[spread] p1a,p1b\n|-damage|p1a: Gyarados|82/100\n|-damage|p1b: Gardevoir|82/100\n|move|p2b: Blastoise|Water Spout|p1b: Gardevoir|[spread] p1a,p1b\n|-resisted|p1a: Gyarados|1\n|-damage|p1a: Gyarados|63/100\n|-damage|p1b: Gardevoir|44/100\n|move|p1b: Gardevoir|Hyper Voice|p2b: Blastoise|[spread] p2a,p2b\n|-damage|p2a: Sinistcha|38/100\n|-damage|p2b: Blastoise|10/100\n|\n|-heal|p1a: Gyarados|69/100|[from] item: Leftovers\n|upkeep\n|turn|5\n|inactive|PM77Switch has 30 seconds left.\n|\n|t:|1776549780\n|switch|p1a: Rotom|Rotom-Heat, L50|100/100\n|move|p2a: Sinistcha|Matcha Gotcha|p1b: Gardevoir|[spread] p1a\n|-miss|p2a: Sinistcha|p1b: Gardevoir\n|-resisted|p1a: Rotom|1\n|-damage|p1a: Rotom|84/100\n|-heal|p2a: Sinistcha|44/100|[from] drain|[of] p1a: Rotom\n|move|p2b: Blastoise|Ice Beam|p1a: Rotom\n|-resisted|p1a: Rotom|1\n|-damage|p1a: Rotom|62/100\n|move|p1b: Gardevoir|Hyper Voice|p2b: Blastoise|[spread] p2a,p2b\n|-damage|p2a: Sinistcha|2/100\n|-damage|p2b: Blastoise|0 fnt\n|faint|p2b: Blastoise\n|\n|-fieldend|move: Trick Room\n|upkeep\n|\n|t:|1776549793\n|switch|p2b: Sneasler|Sneasler, L50, F|100/100\n|turn|6\n|inactive|PM77Switch has 30 seconds left.\n|inactive|Evapotranspiracion has 30 seconds left.\n|\n|t:|1776549826\n|switch|p1a: Gyarados|Gyarados, L50, F|69/100\n|-ability|p1a: Gyarados|Intimidate|boost\n|-unboost|p2a: Sinistcha|atk|1\n|-unboost|p2b: Sneasler|atk|1\n|-enditem|p2b: Sneasler|White Herb\n|-clearnegativeboost|p2b: Sneasler|[silent]\n|move|p1b: Gardevoir|Protect|p1b: Gardevoir\n|-singleturn|p1b: Gardevoir|Protect\n|move|p2a: Sinistcha|Rage Powder|p2a: Sinistcha\n|-singleturn|p2a: Sinistcha|move: Rage Powder\n|move|p2b: Sneasler|Dire Claw|p1b: Gardevoir\n|-activate|p1b: Gardevoir|move: Protect\n|\n|-heal|p1a: Gyarados|75/100|[from] item: Leftovers\n|upkeep\n|turn|7\n|\n|t:|1776549843\n|switch|p1a: Rotom|Rotom-Heat, L50|62/100\n|move|p2b: Sneasler|Dire Claw|p1b: Gardevoir\n|-supereffective|p1b: Gardevoir|1\n|-damage|p1b: Gardevoir|0 fnt\n|faint|p1b: Gardevoir\n|move|p2a: Sinistcha|Matcha Gotcha|p1a: Rotom\n|-resisted|p1a: Rotom|1\n|-damage|p1a: Rotom|42/100\n|-heal|p2a: Sinistcha|9/100|[from] drain|[of] p1a: Rotom\n|\n|upkeep\n|\n|t:|1776549854\n|switch|p1b: Gyarados|Gyarados, L50, F|75/100\n|-ability|p1b: Gyarados|Intimidate|boost\n|-unboost|p2a: Sinistcha|atk|1\n|-unboost|p2b: Sneasler|atk|1\n|turn|8\n|\n|t:|1776549868\n|move|p2b: Sneasler|Close Combat|p1a: Rotom\n|-damage|p1a: Rotom|0 fnt\n|-unboost|p2b: Sneasler|def|1\n|-unboost|p2b: Sneasler|spd|1\n|faint|p1a: Rotom\n|move|p1b: Gyarados|Thunder Wave|p2b: Sneasler\n|-status|p2b: Sneasler|par\n|move|p2a: Sinistcha|Matcha Gotcha|p1b: Gyarados\n|-damage|p1b: Gyarados|48/100\n|-heal|p2a: Sinistcha|25/100|[from] drain|[of] p1b: Gyarados\n|\n|-heal|p1b: Gyarados|53/100|[from] item: Leftovers\n|upkeep\n|turn|9\n|\n|t:|1776549887\n|move|p1b: Gyarados|Protect|p1b: Gyarados\n|-singleturn|p1b: Gyarados|Protect\n|move|p2a: Sinistcha|Rage Powder|p2a: Sinistcha\n|-singleturn|p2a: Sinistcha|move: Rage Powder\n|move|p2b: Sneasler|Dire Claw|p1b: Gyarados\n|-activate|p1b: Gyarados|move: Protect\n|\n|-heal|p1b: Gyarados|59/100|[from] item: Leftovers\n|upkeep\n|turn|10\n|\n|t:|1776549896\n|move|p2a: Sinistcha|Rage Powder|p2a: Sinistcha\n|-singleturn|p2a: Sinistcha|move: Rage Powder\n|move|p2b: Sneasler|Dire Claw|p1b: Gyarados\n|-damage|p1b: Gyarados|33/100\n|move|p1b: Gyarados|Waterfall|p2a: Sinistcha\n|-resisted|p2a: Sinistcha|1\n|-damage|p2a: Sinistcha|5/100\n|\n|-heal|p1b: Gyarados|39/100|[from] item: Leftovers\n|upkeep\n|turn|11\n|\n|t:|1776549913\n|move|p2b: Sneasler|Dire Claw|p1b: Gyarados\n|-damage|p1b: Gyarados|8/100\n|move|p1b: Gyarados|Waterfall|p2a: Sinistcha\n|-resisted|p2a: Sinistcha|1\n|-damage|p2a: Sinistcha|0 fnt\n|faint|p2a: Sinistcha\n|\n|-heal|p1b: Gyarados|14/100|[from] item: Leftovers\n|upkeep\n|turn|12\n|\n|t:|1776549921\n|move|p1b: Gyarados|Protect|p1b: Gyarados\n|-singleturn|p1b: Gyarados|Protect\n|cant|p2b: Sneasler|par\n|\n|-heal|p1b: Gyarados|20/100|[from] item: Leftovers\n|upkeep\n|turn|13\n|\n|t:|1776549928\n|move|p1b: Gyarados|Protect||[still]\n|-fail|p1b: Gyarados\n|move|p2b: Sneasler|Dire Claw|p1b: Gyarados\n|-damage|p1b: Gyarados|0 fnt\n|faint|p1b: Gyarados\n|\n|win|PM77Switch\n|raw|Evapotranspiracion's rating: 1349 &rarr; <strong>1334</strong><br />(-15 for losing)\n|raw|PM77Switch's rating: 1435 &rarr; <strong>1450</strong><br />(+15 for winning)\n",
  "uploadtime": 1776549937,
  "views": 18,
  "formatid": "gen9championsvgc2026regma",
  "rating": 1334,
  "private": 0,
  "password": null
}