{
  "id": "gen9championsvgc2026regma-2584550528",
  "format": "[Gen 9 Champions] VGC 2026 Reg M-A",
  "players": [
    "ppyyy",
    "gasertheegyptain"
  ],
  "log": "|j|\u2606ppyyy\n|j|\u2606gasertheegyptain\n|html|<table width=\"100%\"><tr><td align=\"left\">ppyyy</td><td align=\"right\">gasertheegyptain</tr><tr><td align=\"left\"><i class=\"fa fa-circle-o\"></i> <i class=\"fa fa-circle-o\"></i> </td><td align=\"right\"><i class=\"fa fa-circle-o\"></i> <i class=\"fa fa-circle-o\"></i> </tr></table>\n|uhtml|bestof|<h2><strong>Game 1</strong> of <a href=\"/game-bestof3-gen9championsvgc2026regma-2584550527\">a best-of-3</a></h2>\n|t:|1776268164\n|gametype|doubles\n|player|p1|ppyyy|elesa-gen5bw2|\n|player|p2|gasertheegyptain|unknown|\n|gen|9\n|tier|[Gen 9 Champions] VGC 2026 Reg M-A\n|rated|Tournament battle\n|rule|Species Clause: Limit one of each Pok\u00e9mon\n|rule|Item Clause: Limit 1 of each item\n|raw|<div class=\"infobox\"><details class=\"readmore\" open><summary><strong>2 custom rules:</strong></summary> Force Open Team Sheets, Best of = 3</details></div>\n|clearpoke\n|poke|p1|Sylveon, L50, M|\n|poke|p1|Farigiraf, L50, F|\n|poke|p1|Basculegion, L50, M|\n|poke|p1|Sneasler, L50, F|\n|poke|p1|Kangaskhan, L50, F|\n|poke|p1|Kingambit, L50, M|\n|poke|p2|Farigiraf, L50, M|\n|poke|p2|Pelipper, L50, M|\n|poke|p2|Tauros-Paldea-Blaze, L50, M|\n|poke|p2|Sinistcha-Masterpiece, L50|\n|poke|p2|Basculegion, L50, M|\n|poke|p2|Dragonite, L50, F|\n|teampreview|4\n|showteam|p1|Sylveon||FairyFeather|Pixilate|HyperVoice,Moonblast,MysticalFire,Detect|||M|||50|]Farigiraf||SitrusBerry|ArmorTail|Psychic,HyperVoice,HelpingHand,TrickRoom|||F|||50|]Basculegion||ChoiceScarf|Adaptability|WaveCrash,LastRespects,Liquidation,FlipTurn|||M|||50|]Sneasler||WhiteHerb|Unburden|CloseCombat,DireClaw,Coaching,Protect|||F|||50|]Kangaskhan||Kangaskhanite|Scrappy|FakeOut,DrainPunch,DoubleEdge,SuckerPunch|||F|||50|]Kingambit||ChopleBerry|Defiant|KowtowCleave,SuckerPunch,LowKick,IronHead|||M|||50|\n|showteam|p2|Farigiraf||SitrusBerry|ArmorTail|Imprison,TrickRoom,HyperVoice,HelpingHand|||M|||50|]Pelipper||BrightPowder|Drizzle|Tailwind,WeatherBall,Hurricane,Protect|||M|||50|]Tauros-Paldea-Blaze||WhiteHerb|Intimidate|CloseCombat,RagingBull,RockSlide,Protect|||M|||50|]Sinistcha-Masterpiece||Leftovers|Hospitality|MatchaGotcha,StrengthSap,LifeDew,RagePowder||||||50|]Basculegion||ChoiceScarf|Adaptability|WaveCrash,LastRespects,FlipTurn,IceFang|||M|||50|]Dragonite||Dragoninite|InnerFocus|Hurricane,Thunderbolt,DracoMeteor,Protect|||F|||50|\n|j| MAXELPOWER\n|j| larrazafio\n|l| MAXELPOWER\n|\n|t:|1776268214\n|teamsize|p1|4\n|teamsize|p2|4\n|start\n|switch|p1a: Kangaskhan|Kangaskhan, L50, F|100/100\n|switch|p1b: Farigiraf|Farigiraf, L50, F|100/100\n|switch|p2a: Farigiraf|Farigiraf, L50, M|100/100\n|switch|p2b: Dragonite|Dragonite, L50, F|100/100\n|turn|1\n|\n|t:|1776268243\n|switch|p1b: Kingambit|Kingambit, L50, M|100/100\n|detailschange|p1a: Kangaskhan|Kangaskhan-Mega, L50, F\n|-mega|p1a: Kangaskhan|Kangaskhan|Kangaskhanite\n|move|p2b: Dragonite|Protect|p2b: Dragonite\n|-singleturn|p2b: Dragonite|Protect\n|move|p2a: Farigiraf|Imprison|p2a: Farigiraf\n|-start|p2a: Farigiraf|move: Imprison\n|move|p1a: Kangaskhan|Double-Edge|p2b: Dragonite\n|-activate|p2b: Dragonite|move: Protect\n|\n|upkeep\n|turn|2\n|j| Wixxez\n|\n|t:|1776268275\n|switch|p1a: Sylveon|Sylveon, L50, M|100/100\n|detailschange|p2b: Dragonite|Dragonite-Mega, L50, F\n|-mega|p2b: Dragonite|Dragonite|Dragoninite\n|move|p2a: Farigiraf|Helping Hand|p2b: Dragonite\n|-singleturn|p2b: Dragonite|Helping Hand|[of] p2a: Farigiraf\n|move|p2b: Dragonite|Draco Meteor|p1a: Sylveon\n|-immune|p1a: Sylveon\n|move|p1b: Kingambit|Kowtow Cleave|p2a: Farigiraf\n|-supereffective|p2a: Farigiraf|1\n|-damage|p2a: Farigiraf|4/100\n|-enditem|p2a: Farigiraf|Sitrus Berry|[eat]\n|-heal|p2a: Farigiraf|29/100|[from] item: Sitrus Berry\n|\n|upkeep\n|turn|3\n|\n|t:|1776268309\n|move|p2a: Farigiraf|Helping Hand|p2b: Dragonite\n|-singleturn|p2b: Dragonite|Helping Hand|[of] p2a: Farigiraf\n|move|p1b: Kingambit|Sucker Punch||[still]\n|cant|p2a: Farigiraf|ability: Armor Tail|Sucker Punch|[of] p1b: Kingambit\n|move|p2b: Dragonite|Draco Meteor|p1b: Kingambit\n|-resisted|p1b: Kingambit|1\n|-damage|p1b: Kingambit|42/100\n|-unboost|p2b: Dragonite|spa|2\n|move|p1a: Sylveon|Moonblast|p2b: Dragonite\n|-supereffective|p2b: Dragonite|1\n|-crit|p2b: Dragonite\n|-damage|p2b: Dragonite|23/100\n|-unboost|p2b: Dragonite|spa|1\n|\n|upkeep\n|turn|4\n|\n|t:|1776268334\n|move|p2a: Farigiraf|Helping Hand|p2b: Dragonite\n|-singleturn|p2b: Dragonite|Helping Hand|[of] p2a: Farigiraf\n|move|p1a: Sylveon|Detect|p1a: Sylveon\n|-singleturn|p1a: Sylveon|Protect\n|move|p2b: Dragonite|Hurricane|p1a: Sylveon\n|-activate|p1a: Sylveon|move: Protect\n|move|p1b: Kingambit|Kowtow Cleave|p2a: Farigiraf\n|-supereffective|p2a: Farigiraf|1\n|-damage|p2a: Farigiraf|0 fnt\n|faint|p2a: Farigiraf\n|\n|upkeep\n|\n|t:|1776268340\n|switch|p2a: Sinistcha|Sinistcha-Masterpiece, L50|100/100\n|-heal|p2b: Dragonite|48/100|[from] ability: Hospitality|[of] p2a: Sinistcha\n|turn|5\n|\n|t:|1776268361\n|move|p2a: Sinistcha|Rage Powder|p2a: Sinistcha\n|-singleturn|p2a: Sinistcha|move: Rage Powder\n|move|p1b: Kingambit|Sucker Punch||[still]\n|-fail|p1b: Kingambit\n|move|p2b: Dragonite|Hurricane|p1a: Sylveon\n|-damage|p1a: Sylveon|77/100\n|move|p1a: Sylveon|Hyper Voice|p2a: Sinistcha|[spread] p2a,p2b\n|-supereffective|p2b: Dragonite|1\n|-damage|p2a: Sinistcha|58/100\n|-damage|p2b: Dragonite|0 fnt\n|faint|p2b: Dragonite\n|\n|-heal|p2a: Sinistcha|64/100|[from] item: Leftovers\n|upkeep\n|\n|t:|1776268369\n|switch|p2b: Tauros|Tauros-Paldea-Blaze, L50, M|100/100\n|-ability|p2b: Tauros|Intimidate|boost\n|-unboost|p1a: Sylveon|atk|1\n|-unboost|p1b: Kingambit|atk|1\n|-ability|p1b: Kingambit|Defiant|boost\n|-boost|p1b: Kingambit|atk|2\n|turn|6\n|\n|t:|1776268396\n|move|p1b: Kingambit|Sucker Punch|p2a: Sinistcha\n|-supereffective|p2a: Sinistcha|1\n|-damage|p2a: Sinistcha|0 fnt\n|faint|p2a: Sinistcha\n|move|p2b: Tauros|Raging Bull|p1b: Kingambit\n|-supereffective|p1b: Kingambit|1\n|-damage|p1b: Kingambit|0 fnt\n|faint|p1b: Kingambit\n|move|p1a: Sylveon|Moonblast|p2b: Tauros\n|-crit|p2b: Tauros\n|-damage|p2b: Tauros|0 fnt\n|faint|p2b: Tauros\n|\n|win|ppyyy\n||gasertheegyptain is ready for game 2.\n|l|\u2606gasertheegyptain\n|player|p2|\n|inactive|ppyyy has 30 seconds to confirm battle start!\n|inactive|ppyyy has 19 seconds to confirm battle start!\n|l| larrazafio\n||ppyyy is ready for game 2.\n|uhtml|next|Next: <a href=\"/battle-gen9championsvgc2026regma-2584554617\"><strong>Game 2 of 3</strong></a>\n|l| Wixxez\n",
  "uploadtime": 1776269170,
  "views": 16,
  "formatid": "gen9championsvgc2026regma",
  "rating": null,
  "private": 0,
  "password": null
}