{
  "id": "gen9championsvgc2026regma-2587991252",
  "format": "[Gen 9 Champions] VGC 2026 Reg M-A",
  "players": [
    "jaco2026",
    "JetDoesExist"
  ],
  "log": "|j|\u2606jaco2026\n|j|\u2606JetDoesExist\n|t:|1776589738\n|gametype|doubles\n|player|p1|jaco2026|roark|1022\n|player|p2|JetDoesExist|cynthia-gen4|1000\n|gen|9\n|tier|[Gen 9 Champions] VGC 2026 Reg M-A\n|rated|\n|rule|Species Clause: Limit one of each Pok\u00e9mon\n|rule|Item Clause: Limit 1 of each item\n|clearpoke\n|poke|p1|Gardevoir, L50, F, shiny|\n|poke|p1|Maushold, L50|\n|poke|p1|Sneasler, L50, M|\n|poke|p1|Kingambit, L50, M|\n|poke|p1|Aerodactyl, L50, M|\n|poke|p1|Incineroar, L50, F|\n|poke|p2|Excadrill, L50, M|\n|poke|p2|Talonflame, L50, M|\n|poke|p2|Farigiraf, L50, M|\n|poke|p2|Gardevoir, L50, M|\n|poke|p2|Crabominable, L50, F|\n|poke|p2|Drampa, L50, F|\n|teampreview|4\n|inactive|Battle timer is ON: inactive players will automatically lose when time's up. (requested by jaco2026)\n|\n|t:|1776589780\n|teamsize|p1|4\n|teamsize|p2|4\n|start\n|switch|p1a: Sneasler|Sneasler, L50, M|100/100\n|switch|p1b: Incineroar|Incineroar, L50, F|100/100\n|switch|p2a: Farigiraf|Farigiraf, L50, M|100/100\n|switch|p2b: Drampa|Drampa, L50, F|100/100\n|-ability|p1b: Incineroar|Intimidate|boost\n|-unboost|p2a: Farigiraf|atk|1\n|-unboost|p2b: Drampa|atk|1\n|-ability|p2b: Drampa|Cloud Nine\n|turn|1\n|inactive|jaco2026 has 30 seconds left.\n|\n|t:|1776589812\n|move|p1a: Sneasler|Close Combat|p2a: Farigiraf\n|-damage|p2a: Farigiraf|32/100\n|-unboost|p1a: Sneasler|def|1\n|-unboost|p1a: Sneasler|spd|1\n|-enditem|p1a: Sneasler|White Herb\n|-clearnegativeboost|p1a: Sneasler|[silent]\n|move|p1b: Incineroar|Throat Chop|p2b: Drampa\n|-damage|p2b: Drampa|63/100\n|-start|p2b: Drampa|Throat Chop|[silent]\n|move|p2b: Drampa|Thunderbolt|p1a: Sneasler\n|-damage|p1a: Sneasler|49/100\n|move|p2a: Farigiraf|Trick Room|p2a: Farigiraf\n|-fieldstart|move: Trick Room|[of] p2a: Farigiraf\n|\n|-heal|p2b: Drampa|69/100|[from] item: Leftovers\n|upkeep\n|turn|2\n|inactive|JetDoesExist has 30 seconds left.\n|\n|t:|1776589845\n|move|p1a: Sneasler|Protect|p1a: Sneasler\n|-singleturn|p1a: Sneasler|Protect\n|move|p2b: Drampa|Thunderbolt|p1b: Incineroar\n|-crit|p1b: Incineroar\n|-damage|p1b: Incineroar|50/100\n|-enditem|p1b: Incineroar|Sitrus Berry|[eat]\n|-heal|p1b: Incineroar|74/100|[from] item: Sitrus Berry\n|move|p2a: Farigiraf|Psychic|p1a: Sneasler\n|-activate|p1a: Sneasler|move: Protect\n|move|p1b: Incineroar|Throat Chop|p2a: Farigiraf\n|-supereffective|p2a: Farigiraf|1\n|-enditem|p2a: Farigiraf|Colbur Berry|[eat]\n|-enditem|p2a: Farigiraf|Colbur Berry|[weaken]\n|-damage|p2a: Farigiraf|0 fnt\n|faint|p2a: Farigiraf\n|\n|-heal|p2b: Drampa|75/100|[from] item: Leftovers\n|-end|p2b: Drampa|Throat Chop|[silent]\n|upkeep\n|\n|t:|1776589858\n|switch|p2a: Crabominable|Crabominable, L50, F|100/100\n|turn|3\n|\n|t:|1776589879\n|switch|p1b: Gardevoir|Gardevoir, L50, F, shiny|100/100\n|-ability|p1b: Gardevoir|Iron Fist|Trace|[from] ability: Trace|[of] p2a: Crabominable\n|detailschange|p2a: Crabominable|Crabominable-Mega, L50, F\n|-mega|p2a: Crabominable|Crabominable|Crabominite\n|move|p2a: Crabominable|Close Combat|p1b: Gardevoir\n|-resisted|p1b: Gardevoir|2\n|-damage|p1b: Gardevoir|78/100\n|-unboost|p2a: Crabominable|def|1\n|-unboost|p2a: Crabominable|spd|1\n|move|p2b: Drampa|Thunderbolt|p1a: Sneasler\n|-damage|p1a: Sneasler|2/100\n|-status|p1a: Sneasler|par\n|move|p1a: Sneasler|Close Combat|p2a: Crabominable\n|-supereffective|p2a: Crabominable|1\n|-damage|p2a: Crabominable|0 fnt\n|-unboost|p1a: Sneasler|def|1\n|-unboost|p1a: Sneasler|spd|1\n|faint|p2a: Crabominable\n|\n|-heal|p2b: Drampa|81/100|[from] item: Leftovers\n|upkeep\n|inactive|JetDoesExist has 30 seconds left.\n|inactive|JetDoesExist has 20 seconds left.\n|\n|t:|1776589916\n|switch|p2a: Excadrill|Excadrill, L50, M|100/100\n|turn|4\n|\n|t:|1776589934\n|detailschange|p1b: Gardevoir|Gardevoir-Mega, L50, F, shiny\n|-mega|p1b: Gardevoir|Gardevoir|Gardevoirite\n|move|p2b: Drampa|Protect|p2b: Drampa\n|-singleturn|p2b: Drampa|Protect\n|move|p1a: Sneasler|Protect|p1a: Sneasler\n|-singleturn|p1a: Sneasler|Protect\n|move|p1b: Gardevoir|Calm Mind|p1b: Gardevoir\n|-boost|p1b: Gardevoir|spa|1\n|-boost|p1b: Gardevoir|spd|1\n|move|p2a: Excadrill|Iron Head|p1b: Gardevoir\n|-supereffective|p1b: Gardevoir|1\n|-damage|p1b: Gardevoir|0 fnt\n|faint|p1b: Gardevoir\n|\n|-heal|p2b: Drampa|87/100|[from] item: Leftovers\n|upkeep\n|\n|t:|1776589948\n|switch|p1b: Incineroar|Incineroar, L50, F|74/100\n|-ability|p1b: Incineroar|Intimidate|boost\n|-unboost|p2a: Excadrill|atk|1\n|-unboost|p2b: Drampa|atk|1\n|turn|5\n|\n|t:|1776589964\n|move|p1b: Incineroar|Fake Out|p2a: Excadrill\n|-resisted|p2a: Excadrill|1\n|-damage|p2a: Excadrill|93/100\n|move|p2b: Drampa|Thunderbolt|p1a: Sneasler\n|-damage|p1a: Sneasler|0 fnt\n|faint|p1a: Sneasler\n|cant|p2a: Excadrill|flinch\n|\n|-heal|p2b: Drampa|93/100|[from] item: Leftovers\n|-fieldend|move: Trick Room\n|upkeep\n|\n|t:|1776589973\n|switch|p1a: Maushold|Maushold, L50|100/100\n|turn|6\n|\n|t:|1776589986\n|move|p2a: Excadrill|Rock Slide|p1a: Maushold|[spread] p1a,p1b\n|-supereffective|p1b: Incineroar|1\n|-damage|p1a: Maushold|87/100\n|-damage|p1b: Incineroar|59/100\n|cant|p1a: Maushold|flinch\n|move|p1b: Incineroar|Flare Blitz|p2a: Excadrill\n|-supereffective|p2a: Excadrill|1\n|-damage|p2a: Excadrill|0 fnt\n|faint|p2a: Excadrill\n|-damage|p1b: Incineroar|31/100|[from] Recoil\n|move|p2b: Drampa|Draco Meteor|p1b: Incineroar\n|-damage|p1b: Incineroar|0 fnt\n|-unboost|p2b: Drampa|spa|2\n|faint|p1b: Incineroar\n|\n|-heal|p2b: Drampa|99/100|[from] item: Leftovers\n|upkeep\n|turn|7\n|-message|jaco2026 forfeited.\n|\n|win|JetDoesExist\n|raw|jaco2026's rating: 1022 &rarr; <strong>1008</strong><br />(-14 for losing)\n|raw|JetDoesExist's rating: 1000 &rarr; <strong>1043</strong><br />(+43 for winning)\n|l|\u2606jaco2026\n|player|p1|\n",
  "uploadtime": 1776590006,
  "views": 15,
  "formatid": "gen9championsvgc2026regma",
  "rating": 1008,
  "private": 0,
  "password": null
}