{
  "id": "gen9championsvgc2026regma-2585818127",
  "format": "[Gen 9 Champions] VGC 2026 Reg M-A",
  "players": [
    "Faiafureku",
    "marinersman"
  ],
  "log": "|j|\u2606Faiafureku\n|j|\u2606marinersman\n|t:|1776372887\n|gametype|doubles\n|player|p1|Faiafureku|170|1083\n|player|p2|marinersman|hilda-wonderlauncher|1059\n|gen|9\n|tier|[Gen 9 Champions] VGC 2026 Reg M-A\n|rated|\n|rule|Species Clause: Limit one of each Pok\u00e9mon\n|rule|Item Clause: Limit 1 of each item\n|clearpoke\n|poke|p1|Pelipper, L50, M|\n|poke|p1|Blastoise, L50, F|\n|poke|p1|Maushold, L50|\n|poke|p1|Primarina, L50, M|\n|poke|p1|Sinistcha, L50|\n|poke|p1|Arcanine, L50, M|\n|poke|p2|Hatterene, L50, F|\n|poke|p2|Trevenant, L50, F|\n|poke|p2|Torkoal, L50, M|\n|poke|p2|Oranguru, L50, M|\n|poke|p2|Incineroar, L50, F|\n|poke|p2|Conkeldurr, L50, F|\n|teampreview|4\nmarinersman rejected open team sheets.\n|\n|t:|1776372907\n|teamsize|p1|4\n|teamsize|p2|4\n|start\n|switch|p1a: Maushold|Maushold, L50|100/100\n|switch|p1b: Blastoise|Blastoise, L50, F|100/100\n|switch|p2a: Hatterene|Hatterene, L50, F, shiny|100/100\n|switch|p2b: Incineroar|Incineroar, L50, F, shiny|100/100\n|-ability|p2b: Incineroar|Intimidate|boost\n|-unboost|p1a: Maushold|atk|1\n|-unboost|p1b: Blastoise|atk|1\n|turn|1\n|c|\u2606marinersman|glhf\n|\n|t:|1776372923\n|detailschange|p1b: Blastoise|Blastoise-Mega, L50, F\n|-mega|p1b: Blastoise|Blastoise|Blastoisinite\n|move|p2b: Incineroar|Fake Out|p1a: Maushold\n|-damage|p1a: Maushold|82/100\n|cant|p1a: Maushold|flinch\n|move|p1b: Blastoise|Water Spout|p2a: Hatterene|[spread] p2a,p2b\n|-supereffective|p2b: Incineroar|1\n|-damage|p2a: Hatterene|38/100\n|-damage|p2b: Incineroar|0 fnt\n|faint|p2b: Incineroar\n|move|p2a: Hatterene|Trick Room|p2a: Hatterene\n|-fieldstart|move: Trick Room|[of] p2a: Hatterene\n|\n|-heal|p1a: Maushold|88/100|[from] item: Leftovers\n|upkeep\n|\n|t:|1776372938\n|switch|p2b: Trevenant|Trevenant, L50, F, shiny|100/100\n|turn|2\n|\n|t:|1776372948\n|move|p1a: Maushold|Follow Me|p1a: Maushold\n|-singleturn|p1a: Maushold|move: Follow Me\n|move|p2a: Hatterene|Psychic|p1a: Maushold\n|-damage|p1a: Maushold|26/100\n|move|p2b: Trevenant|Horn Leech|p1a: Maushold\n|-damage|p1a: Maushold|0 fnt\n|faint|p1a: Maushold\n|move|p1b: Blastoise|Water Spout|p2b: Trevenant|[spread] p2a,p2b\n|-resisted|p2b: Trevenant|1\n|-damage|p2a: Hatterene|0 fnt\n|-damage|p2b: Trevenant|72/100\n|faint|p2a: Hatterene\n|\n|upkeep\n|\n|t:|1776372959\n|switch|p2a: Conkeldurr|Conkeldurr, L50, F, shiny|100/100\n|switch|p1a: Pelipper|Pelipper, L50, M|100/100\n|-weather|RainDance|[from] ability: Drizzle|[of] p1a: Pelipper\n|turn|3\n|\n|t:|1776372978\n|switch|p1b: Arcanine|Arcanine, L50, M|100/100\n|-ability|p1b: Arcanine|Intimidate|boost\n|-unboost|p2a: Conkeldurr|atk|1\n|-unboost|p2b: Trevenant|atk|1\n|move|p2a: Conkeldurr|Protect|p2a: Conkeldurr\n|-singleturn|p2a: Conkeldurr|Protect\n|move|p2b: Trevenant|Horn Leech|p1b: Arcanine\n|-resisted|p1b: Arcanine|1\n|-damage|p1b: Arcanine|88/100\n|-heal|p2b: Trevenant|79/100|[from] drain|[of] p1b: Arcanine\n|move|p1a: Pelipper|Weather Ball|p2a: Conkeldurr\n|-activate|p2a: Conkeldurr|move: Protect\n|\n|-weather|RainDance|[upkeep]\n|upkeep\n|turn|4\n|\n|t:|1776373005\n|move|p2a: Conkeldurr|Drain Punch|p1b: Arcanine\n|-damage|p1b: Arcanine|55/100\n|move|p2b: Trevenant|Poltergeist|p1a: Pelipper\n|-activate|p1a: Pelipper|move: Poltergeist|Focus Sash\n|-damage|p1a: Pelipper|57/100\n|move|p1a: Pelipper|Weather Ball|p2a: Conkeldurr\n|-damage|p2a: Conkeldurr|44/100\n|move|p1b: Arcanine|Will-O-Wisp|p2b: Trevenant\n|-status|p2b: Trevenant|brn\n|\n|-weather|RainDance|[upkeep]\n|-damage|p2b: Trevenant|72/100 brn|[from] brn\n|upkeep\n|turn|5\n|\n|t:|1776373031\n|move|p1b: Arcanine|Protect|p1b: Arcanine\n|-singleturn|p1b: Arcanine|Protect\n|move|p2a: Conkeldurr|Drain Punch|p1b: Arcanine\n|-activate|p1b: Arcanine|move: Protect\n|move|p2b: Trevenant|Will-O-Wisp|p1a: Pelipper|[miss]\n|-miss|p2b: Trevenant|p1a: Pelipper\n|move|p1a: Pelipper|U-turn|p2a: Conkeldurr\n|-resisted|p2a: Conkeldurr|1\n|-damage|p2a: Conkeldurr|40/100\n|\n|t:|1776373043\n|switch|p1a: Blastoise|Blastoise-Mega, L50, F|100/100|[from] U-turn\n|\n|-weather|RainDance|[upkeep]\n|-damage|p2b: Trevenant|66/100 brn|[from] brn\n|-fieldend|move: Trick Room\n|upkeep\n|turn|6\n|\n|t:|1776373055\n|move|p2a: Conkeldurr|Mach Punch|p1b: Arcanine\n|-damage|p1b: Arcanine|36/100\n|move|p1a: Blastoise|Water Spout|p2b: Trevenant|[spread] p2a,p2b\n|-resisted|p2b: Trevenant|1\n|-damage|p2a: Conkeldurr|0 fnt\n|-damage|p2b: Trevenant|22/100 brn\n|-enditem|p2b: Trevenant|Sitrus Berry|[eat]\n|-heal|p2b: Trevenant|47/100 brn|[from] item: Sitrus Berry\n|faint|p2a: Conkeldurr\n|move|p1b: Arcanine|Snarl|p2b: Trevenant\n|-supereffective|p2b: Trevenant|1\n|-damage|p2b: Trevenant|17/100 brn\n|-unboost|p2b: Trevenant|spa|1\n|move|p2b: Trevenant|Horn Leech|p1a: Blastoise\n|-supereffective|p1a: Blastoise|1\n|-damage|p1a: Blastoise|79/100\n|-heal|p2b: Trevenant|27/100 brn|[from] drain|[of] p1a: Blastoise\n|\n|-weather|RainDance|[upkeep]\n|-damage|p2b: Trevenant|21/100 brn|[from] brn\n|upkeep\n|turn|7\n|\n|t:|1776373075\n|move|p1a: Blastoise|Water Spout|p2b: Trevenant\n|-resisted|p2b: Trevenant|1\n|-damage|p2b: Trevenant|0 fnt\n|faint|p2b: Trevenant\n|\n|win|Faiafureku\n|raw|Faiafureku's rating: 1083 &rarr; <strong>1109</strong><br />(+26 for winning)\n|raw|marinersman's rating: 1059 &rarr; <strong>1041</strong><br />(-18 for losing)\n|l|\u2606marinersman\n|player|p2|\n",
  "uploadtime": 1776373082,
  "views": 20,
  "formatid": "gen9championsvgc2026regma",
  "rating": 1041,
  "private": 0,
  "password": null
}