{
  "id": "gen9championsvgc2026regma-2583176736",
  "format": "[Gen 9 Champions] VGC 2026 Reg M-A",
  "players": [
    "ray_game0",
    "bminer1397"
  ],
  "log": "|j|\u2606ray_game0\n|j|\u2606bminer1397\n|t:|1776151302\n|gametype|doubles\n|player|p1|ray_game0|hiker-gen4|1004\n|player|p2|bminer1397|266|1064\n|gen|9\n|tier|[Gen 9 Champions] VGC 2026 Reg M-A\n|rated|\n|rule|Species Clause: Limit one of each Pok\u00e9mon\n|rule|Item Clause: Limit 1 of each item\n|clearpoke\n|poke|p1|Pelipper, L50, F|\n|poke|p1|Azumarill, L50, M|\n|poke|p1|Charizard, L50, M|\n|poke|p1|Garchomp, L50, F|\n|poke|p1|Whimsicott, L50, F|\n|poke|p1|Gengar, L50, F|\n|poke|p2|Blastoise, L50, M|\n|poke|p2|Meowstic, L50, M|\n|poke|p2|Sinistcha, L50|\n|poke|p2|Incineroar, L50, M|\n|poke|p2|Rhyperior, L50, F|\n|poke|p2|Aegislash, L50, M|\n|teampreview|4\n|inactive|Battle timer is ON: inactive players will automatically lose when time's up. (requested by bminer1397)\n|\n|t:|1776151312\n|teamsize|p1|4\n|teamsize|p2|4\n|start\n|switch|p1a: Whimsicott|Whimsicott, L50, F|100/100\n|switch|p1b: Gengar|Gengar, L50, F|100/100\n|switch|p2a: Blastoise|Blastoise, L50, M|100/100\n|switch|p2b: Meowstic|Meowstic, L50, M|100/100\n|turn|1\n|\n|t:|1776151333\n|detailschange|p2a: Blastoise|Blastoise-Mega, L50, M\n|-mega|p2a: Blastoise|Blastoise|Blastoisinite\n|move|p1a: Whimsicott|Protect|p1a: Whimsicott\n|-singleturn|p1a: Whimsicott|Protect\n|move|p1b: Gengar|Protect|p1b: Gengar\n|-singleturn|p1b: Gengar|Protect\n|move|p2b: Meowstic|Fake Out|p1a: Whimsicott\n|-activate|p1a: Whimsicott|move: Protect\n|move|p2a: Blastoise|Shell Smash|p2a: Blastoise\n|-unboost|p2a: Blastoise|def|1\n|-unboost|p2a: Blastoise|spd|1\n|-boost|p2a: Blastoise|atk|2\n|-boost|p2a: Blastoise|spa|2\n|-boost|p2a: Blastoise|spe|2\n|\n|upkeep\n|turn|2\n|c|\u2606bminer1397|0.0\n|\n|t:|1776151351\n|move|p1a: Whimsicott|Encore|p2a: Blastoise\n|-start|p2a: Blastoise|Encore\n|move|p2b: Meowstic|Rain Dance|p2b: Meowstic\n|-weather|RainDance\n|move|p2a: Blastoise|Shell Smash|p2a: Blastoise\n|-unboost|p2a: Blastoise|def|1\n|-unboost|p2a: Blastoise|spd|1\n|-boost|p2a: Blastoise|atk|2\n|-boost|p2a: Blastoise|spa|2\n|-boost|p2a: Blastoise|spe|2\n|move|p1b: Gengar|Taunt|p2b: Meowstic\n|-start|p2b: Meowstic|move: Taunt\n|-enditem|p2b: Meowstic|Mental Herb\n|-end|p2b: Meowstic|move: Taunt\n|\n|-weather|RainDance|[upkeep]\n|upkeep\n|turn|3\n|inactive|ray_game0 has 30 seconds left.\n|inactive|ray_game0 has 20 seconds left.\n|inactive|ray_game0 has 15 seconds left.\n|inactive|ray_game0 has 10 seconds left.\n|inactive|ray_game0 has 5 seconds left.\n|\n|t:|1776151403\n|switch|p2a: Incineroar|Incineroar, L50, M|100/100\n|-ability|p2a: Incineroar|Intimidate|boost\n|-unboost|p1a: Whimsicott|atk|1\n|-unboost|p1b: Gengar|atk|1\n|switch|p2b: Sinistcha|Sinistcha, L50|100/100\n|move|p1b: Gengar|Protect|p1b: Gengar\n|-singleturn|p1b: Gengar|Protect\n|move|p1a: Whimsicott|Encore||[still]\n|-fail|p1a: Whimsicott\n|\n|-weather|RainDance|[upkeep]\n|upkeep\n|turn|4\n|\n|t:|1776151428\n|switch|p2b: Blastoise|Blastoise-Mega, L50, M|100/100\n|move|p1a: Whimsicott|Protect|p1a: Whimsicott\n|-singleturn|p1a: Whimsicott|Protect\n|move|p1b: Gengar|Dazzling Gleam|p2b: Blastoise|[spread] p2a,p2b\n|-damage|p2a: Incineroar|79/100\n|-damage|p2b: Blastoise|81/100\n|move|p2a: Incineroar|Flare Blitz|p1a: Whimsicott\n|-activate|p1a: Whimsicott|move: Protect\n|\n|-weather|RainDance|[upkeep]\n|-heal|p2a: Incineroar|85/100|[from] item: Leftovers\n|upkeep\n|turn|5\n|inactive|bminer1397 has 30 seconds left.\n|\n|t:|1776151453\n|move|p1a: Whimsicott|Tailwind|p1a: Whimsicott\n|-sidestart|p1: ray_game0|move: Tailwind\n|move|p1b: Gengar|Disable|p2a: Incineroar\n|-start|p2a: Incineroar|Disable|Flare Blitz\n|move|p2b: Blastoise|Ice Beam|p1a: Whimsicott\n|-supereffective|p1a: Whimsicott|1\n|-damage|p1a: Whimsicott|0 fnt\n|faint|p1a: Whimsicott\n|cant|p2a: Incineroar|Disable|Flare Blitz\n|\n|-weather|RainDance|[upkeep]\n|-heal|p2a: Incineroar|91/100|[from] item: Leftovers\n|upkeep\n|\n|t:|1776151467\n|switch|p1a: Charizard|Charizard, L50, M|100/100\n|turn|6\n|\n|t:|1776151485\n|detailschange|p1a: Charizard|Charizard-Mega-Y, L50, M\n|-mega|p1a: Charizard|Charizard|Charizardite Y\n|-weather|SunnyDay|[from] ability: Drought|[of] p1a: Charizard\n|move|p2b: Blastoise|Protect|p2b: Blastoise\n|-singleturn|p2b: Blastoise|Protect\n|move|p1a: Charizard|Solar Beam||[still]\n|-prepare|p1a: Charizard|Solar Beam\n|-anim|p1a: Charizard|Solar Beam|p2b: Blastoise\n|-activate|p2b: Blastoise|move: Protect\n|move|p1b: Gengar|Dazzling Gleam|p2a: Incineroar|[spread] p2a\n|-activate|p2b: Blastoise|move: Protect\n|-damage|p2a: Incineroar|70/100\n|move|p2a: Incineroar|Parting Shot|p1a: Charizard\n|-unboost|p1a: Charizard|atk|1\n|-unboost|p1a: Charizard|spa|1\n|\n|t:|1776151502\n|switch|p2a: Meowstic|Meowstic, L50, M|100/100|[from] Parting Shot\n|\n|-weather|SunnyDay|[upkeep]\n|upkeep\n|turn|7\n|\n|t:|1776151520\n|switch|p1a: Garchomp|Garchomp, L50, F|100/100\n|move|p2a: Meowstic|Fake Out|p1a: Garchomp\n|-damage|p1a: Garchomp|95/100\n|-damage|p2a: Meowstic|88/100|[from] ability: Rough Skin|[of] p1a: Garchomp\n|move|p1b: Gengar|Dazzling Gleam|p2a: Meowstic|[spread] p2a,p2b\n|-damage|p2a: Meowstic|70/100\n|-damage|p2b: Blastoise|61/100\n|move|p2b: Blastoise|Shell Smash|p2b: Blastoise\n|-unboost|p2b: Blastoise|def|1\n|-unboost|p2b: Blastoise|spd|1\n|-boost|p2b: Blastoise|atk|2\n|-boost|p2b: Blastoise|spa|2\n|-boost|p2b: Blastoise|spe|2\n|\n|-weather|SunnyDay|[upkeep]\n|upkeep\n|turn|8\n|inactive|ray_game0 has 30 seconds left.\n|\n|t:|1776151554\n|move|p1a: Garchomp|Protect|p1a: Garchomp\n|-singleturn|p1a: Garchomp|Protect\n|move|p2b: Blastoise|Protect|p2b: Blastoise\n|-singleturn|p2b: Blastoise|Protect\n|move|p2a: Meowstic|Rain Dance|p2a: Meowstic\n|-weather|RainDance\n|move|p1b: Gengar|Dazzling Gleam|p2b: Blastoise|[spread] p2a\n|-activate|p2b: Blastoise|move: Protect\n|-damage|p2a: Meowstic|54/100\n|\n|-weather|RainDance|[upkeep]\n|-sideend|p1: ray_game0|move: Tailwind\n|upkeep\n|turn|9\n|inactive|ray_game0 has 30 seconds left.\n|c|\u2606bminer1397|gg i think\n|\n|t:|1776151587\n|switch|p1b: Charizard|Charizard-Mega-Y, L50, M|100/100\n|-weather|SunnyDay|[from] ability: Drought|[of] p1b: Charizard\n|move|p2a: Meowstic|Helping Hand|p2b: Blastoise\n|-singleturn|p2b: Blastoise|Helping Hand|[of] p2a: Meowstic\n|move|p2b: Blastoise|Water Spout|p1b: Charizard|[spread] p1a,p1b\n|-supereffective|p1b: Charizard|1\n|-damage|p1a: Garchomp|38/100\n|-damage|p1b: Charizard|0 fnt\n|faint|p1b: Charizard\n|move|p1a: Garchomp|Earthquake|p2b: Blastoise|[spread] p2a,p2b\n|-damage|p2a: Meowstic|0 fnt\n|-damage|p2b: Blastoise|0 fnt\n|faint|p2a: Meowstic\n|faint|p2b: Blastoise\n|\n|-weather|SunnyDay|[upkeep]\n|upkeep\n|c|\u2606bminer1397|nvm wp\n|\n|t:|1776151603\n|switch|p1b: Gengar|Gengar, L50, F|100/100\n|switch|p2b: Sinistcha|Sinistcha, L50|100/100\n|switch|p2a: Incineroar|Incineroar, L50, M|70/100\n|-ability|p2a: Incineroar|Intimidate|boost\n|-unboost|p1a: Garchomp|atk|1\n|-unboost|p1b: Gengar|atk|1\n|-heal|p2a: Incineroar|95/100|[from] ability: Hospitality|[of] p2b: Sinistcha\n|turn|10\n|\n|t:|1776151620\n|move|p1a: Garchomp|Protect|p1a: Garchomp\n|-singleturn|p1a: Garchomp|Protect\n|move|p1b: Gengar|Dazzling Gleam|p2b: Sinistcha|[spread] p2a,p2b\n|-damage|p2a: Incineroar|75/100\n|-damage|p2b: Sinistcha|75/100\n|move|p2b: Sinistcha|Strength Sap|p1a: Garchomp\n|-activate|p1a: Garchomp|move: Protect\n|move|p2a: Incineroar|Darkest Lariat|p1b: Gengar\n|-supereffective|p1b: Gengar|1\n|-damage|p1b: Gengar|0 fnt\n|-start|p2a: Incineroar|Disable|Darkest Lariat|[from] ability: Cursed Body|[of] p1b: Gengar\n|faint|p1b: Gengar\n|\n|-weather|SunnyDay|[upkeep]\n|-heal|p2a: Incineroar|81/100|[from] item: Leftovers\n|upkeep\n|turn|11\n|-message|ray_game0 forfeited.\n|\n|win|bminer1397\n",
  "uploadtime": 1776151304,
  "views": 38,
  "formatid": "gen9championsvgc2026regma",
  "rating": null,
  "private": 0,
  "password": null
}