{
  "id": "gen9championsvgc2026regma-2586493802",
  "format": "[Gen 9 Champions] VGC 2026 Reg M-A",
  "players": [
    "paris shmarish",
    "1#MiraidonHater"
  ],
  "log": "|j|\u2606paris shmarish\n|j|\u26061#MiraidonHater\n|t:|1776438525\n|gametype|doubles\n|player|p1|paris shmarish|170|1226\n|player|p2|1#MiraidonHater|1|1324\n|gen|9\n|tier|[Gen 9 Champions] VGC 2026 Reg M-A\n|rated|\n|rule|Species Clause: Limit one of each Pok\u00e9mon\n|rule|Item Clause: Limit 1 of each item\n|clearpoke\n|poke|p1|Steelix, L50, M|\n|poke|p1|Sinistcha, L50|\n|poke|p1|Tyranitar, L50, F|\n|poke|p1|Arcanine-Hisui, L50, F|\n|poke|p1|Aerodactyl, L50, M|\n|poke|p1|Slowbro-Galar, L50, M|\n|poke|p2|Gardevoir, L50, F|\n|poke|p2|Basculegion, L50, M|\n|poke|p2|Tsareena, L50, F|\n|poke|p2|Incineroar, L50, F|\n|poke|p2|Pelipper, L50, M|\n|poke|p2|Archaludon, L50, F|\n|teampreview|4\n|inactive|Battle timer is ON: inactive players will automatically lose when time's up. (requested by paris shmarish)\n|\n|t:|1776438591\n|teamsize|p1|4\n|teamsize|p2|4\n|start\n|switch|p1a: Arcanine|Arcanine-Hisui, L50, F|100/100\n|switch|p1b: Steelix|Steelix, L50, M|100/100\n|switch|p2a: Basculegion|Basculegion, L50, M|100/100\n|switch|p2b: Pelipper|Pelipper, L50, M|100/100\n|-weather|RainDance|[from] ability: Drizzle|[of] p2b: Pelipper\n|-ability|p1a: Arcanine|Intimidate|boost\n|-unboost|p2a: Basculegion|atk|1\n|-unboost|p2b: Pelipper|atk|1\n|turn|1\n|\n|t:|1776438611\n|switch|p1a: Tyranitar|Tyranitar, L50, F|100/100\n|-weather|Sandstorm|[from] ability: Sand Stream|[of] p1a: Tyranitar\n|detailschange|p1b: Steelix|Steelix-Mega, L50, M\n|-mega|p1b: Steelix|Steelix|Steelixite\n|move|p2a: Basculegion|Flip Turn|p1a: Tyranitar\n|-supereffective|p1a: Tyranitar|1\n|-damage|p1a: Tyranitar|50/100\n|\n|t:|1776438625\n|switch|p2a: EVERY LAST DROP|Archaludon, L50, F|100/100|[from] Flip Turn\n|move|p2b: Pelipper|Tailwind|p2b: Pelipper\n|-sidestart|p2: 1#MiraidonHater|move: Tailwind\n|move|p1b: Steelix|Curse|p1b: Steelix\n|-unboost|p1b: Steelix|spe|1\n|-boost|p1b: Steelix|atk|1\n|-boost|p1b: Steelix|def|1\n|\n|-weather|Sandstorm|[upkeep]\n|-damage|p2b: Pelipper|95/100|[from] Sandstorm\n|upkeep\n|turn|2\n|j| porygon-epilepz\n|\n|t:|1776438643\n|switch|p2b: Basculegion|Basculegion, L50, M|100/100\n|switch|p1a: Arcanine|Arcanine-Hisui, L50, F|100/100\n|-ability|p1a: Arcanine|Intimidate|boost\n|-unboost|p2a: EVERY LAST DROP|atk|1\n|-unboost|p2b: Basculegion|atk|1\n|move|p2a: EVERY LAST DROP|Flash Cannon|p1a: Arcanine\n|-damage|p1a: Arcanine|73/100\n|move|p1b: Steelix|High Horsepower|p2a: EVERY LAST DROP\n|-supereffective|p2a: EVERY LAST DROP|1\n|-ability|p2a: EVERY LAST DROP|Sturdy\n|-damage|p2a: EVERY LAST DROP|1/100\n|\n|-weather|Sandstorm|[upkeep]\n|-damage|p2b: Basculegion|94/100|[from] Sandstorm\n|upkeep\n|turn|3\n|inactive|1#MiraidonHater has 30 seconds left.\n|\n|t:|1776438669\n|switch|p2a: Pelipper|Pelipper, L50, M|95/100\n|-weather|RainDance|[from] ability: Drizzle|[of] p2a: Pelipper\n|move|p1a: Arcanine|Extreme Speed|p2a: Pelipper\n|-damage|p2a: Pelipper|57/100\n|move|p2b: Basculegion|Flip Turn|p1b: Steelix\n|-supereffective|p1b: Steelix|1\n|-damage|p1b: Steelix|76/100\n|\n|t:|1776438688\n|switch|p2b: EVERY LAST DROP|Archaludon, L50, F|1/100|[from] Flip Turn\n|move|p1b: Steelix|Heavy Slam|p2b: EVERY LAST DROP\n|-resisted|p2b: EVERY LAST DROP|1\n|-damage|p2b: EVERY LAST DROP|0 fnt\n|faint|p2b: EVERY LAST DROP\n|\n|-weather|RainDance|[upkeep]\n|upkeep\n|\n|t:|1776438696\n|switch|p2b: Basculegion|Basculegion, L50, M|94/100\n|turn|4\n|\n|t:|1776438708\n|switch|p2a: Bishow|Gardevoir, L50, F|100/100\n|switch|p1a: Tyranitar|Tyranitar, L50, F|50/100\n|-weather|Sandstorm|[from] ability: Sand Stream|[of] p1a: Tyranitar\n|move|p2b: Basculegion|Wave Crash|p1b: Steelix\n|-supereffective|p1b: Steelix|1\n|-damage|p1b: Steelix|24/100\n|-damage|p2b: Basculegion|78/100|[from] Recoil\n|move|p1b: Steelix|Heavy Slam|p2b: Basculegion\n|-resisted|p2b: Basculegion|1\n|-damage|p2b: Basculegion|14/100\n|\n|-weather|Sandstorm|[upkeep]\n|-damage|p2b: Basculegion|8/100|[from] Sandstorm\n|-damage|p2a: Bishow|95/100|[from] Sandstorm\n|-sideend|p2: 1#MiraidonHater|move: Tailwind\n|upkeep\n|turn|5\n|\n|t:|1776438729\n|switch|p1a: Sinistcha|Sinistcha, L50|100/100\n|-heal|p1b: Steelix|48/100|[from] ability: Hospitality|[of] p1a: Sinistcha\n|detailschange|p2a: Bishow|Gardevoir-Mega, L50, F\n|-mega|p2a: Bishow|Gardevoir|Gardevoirite\n|move|p2b: Basculegion|Wave Crash|p1b: Steelix\n|-supereffective|p1b: Steelix|1\n|-damage|p1b: Steelix|0 fnt\n|faint|p1b: Steelix\n|-damage|p2b: Basculegion|0 fnt|[from] Recoil\n|faint|p2b: Basculegion\n|move|p2a: Bishow|Hyper Voice|p1a: Sinistcha\n|-damage|p1a: Sinistcha|26/100\n|-enditem|p1a: Sinistcha|Sitrus Berry|[eat]\n|-heal|p1a: Sinistcha|50/100|[from] item: Sitrus Berry\n|\n|-weather|Sandstorm|[upkeep]\n|-damage|p2a: Bishow|89/100|[from] Sandstorm\n|-damage|p1a: Sinistcha|44/100|[from] Sandstorm\n|upkeep\n|\n|t:|1776438749\n|switch|p2b: Pelipper|Pelipper, L50, M|57/100\n|switch|p1b: Arcanine|Arcanine-Hisui, L50, F|73/100\n|-weather|RainDance|[from] ability: Drizzle|[of] p2b: Pelipper\n|-ability|p1b: Arcanine|Intimidate|boost\n|-unboost|p2a: Bishow|atk|1\n|-unboost|p2b: Pelipper|atk|1\n|turn|6\n|\n|t:|1776438765\n|move|p1a: Sinistcha|Rage Powder|p1a: Sinistcha\n|-singleturn|p1a: Sinistcha|move: Rage Powder\n|move|p2a: Bishow|Hyper Voice|p1b: Arcanine|[spread] p1a,p1b\n|-resisted|p1b: Arcanine|1\n|-damage|p1a: Sinistcha|0 fnt\n|-damage|p1b: Arcanine|51/100\n|faint|p1a: Sinistcha\n|move|p2b: Pelipper|Weather Ball|p1b: Arcanine\n|-supereffective|p1b: Arcanine|2\n|-damage|p1b: Arcanine|0 fnt\n|faint|p1b: Arcanine\n|\n|-weather|RainDance|[upkeep]\n|upkeep\n|-message|paris shmarish forfeited.\n|\n|win|1#MiraidonHater\n|raw|paris shmarish's rating: 1226 &rarr; <strong>1208</strong><br />(-18 for losing)\n|raw|1#MiraidonHater's rating: 1324 &rarr; <strong>1339</strong><br />(+15 for winning)\n|l|\u2606paris shmarish\n|player|p1|\n|l|\u26061#MiraidonHater\n|player|p2|\n",
  "uploadtime": 1776438528,
  "views": 32,
  "formatid": "gen9championsvgc2026regma",
  "rating": 1208,
  "private": 0,
  "password": null
}