{
  "id": "gen9championsvgc2026regma-2581505346",
  "format": "[Gen 9 Champions] VGC 2026 Reg M-A",
  "players": [
    "TajiThaGod",
    "desrichards"
  ],
  "log": "|j|\u2606TajiThaGod\n|j|\u2606desrichards\n|t:|1776006548\n|gametype|doubles\n|player|p1|TajiThaGod|169|1030\n|player|p2|desrichards|hilbert|1098\n|gen|9\n|tier|[Gen 9 Champions] VGC 2026 Reg M-A\n|rated|\n|rule|Species Clause: Limit one of each Pok\u00e9mon\n|rule|Item Clause: Limit 1 of each item\n|clearpoke\n|poke|p1|Charizard, L50, M|\n|poke|p1|Venusaur, L50, F|\n|poke|p1|Garchomp, L50, M|\n|poke|p1|Maushold, L50|\n|poke|p1|Dragonite, L50, M|\n|poke|p1|Aegislash, L50, F|\n|poke|p2|Absol, L50, M|\n|poke|p2|Lucario, L50, M|\n|poke|p2|Alcremie, L50, F|\n|poke|p2|Camerupt, L50, M|\n|poke|p2|Farigiraf, L50, F|\n|poke|p2|Torkoal, L50, M|\n|teampreview|4\n|\n|t:|1776006593\n|teamsize|p1|4\n|teamsize|p2|4\n|start\n|switch|p1a: Charizard|Charizard, L50, M|100/100\n|switch|p1b: Venusaur|Venusaur, L50, F|100/100\n|switch|p2a: Absol|Absol, L50, M|100/100\n|switch|p2b: Farigiraf|Farigiraf, L50, F|100/100\n|turn|1\n|\n|t:|1776006603\n|detailschange|p1a: Charizard|Charizard-Mega-Y, L50, M\n|-mega|p1a: Charizard|Charizard|Charizardite Y\n|-weather|SunnyDay|[from] ability: Drought|[of] p1a: Charizard\n|move|p1b: Venusaur|Sleep Powder|p2a: Absol\n|-status|p2a: Absol|slp|[from] move: Sleep Powder\n|move|p1a: Charizard|Heat Wave|p2b: Farigiraf|[spread] p2a,p2b\n|-damage|p2a: Absol|0 fnt\n|-damage|p2b: Farigiraf|33/100\n|faint|p2a: Absol\n|move|p2b: Farigiraf|Trick Room|p2b: Farigiraf\n|-fieldstart|move: Trick Room|[of] p2b: Farigiraf\n|\n|-weather|SunnyDay|[upkeep]\n|upkeep\n|\n|t:|1776006611\n|switch|p2a: Camerupt|Camerupt, L50, M|100/100\n|turn|2\n|\n|t:|1776006631\n|detailschange|p2a: Camerupt|Camerupt-Mega, L50, M\n|-mega|p2a: Camerupt|Camerupt|Cameruptite\n|move|p2b: Farigiraf|Helping Hand|p2a: Camerupt\n|-singleturn|p2a: Camerupt|Helping Hand|[of] p2b: Farigiraf\n|move|p1b: Venusaur|Protect|p1b: Venusaur\n|-singleturn|p1b: Venusaur|Protect\n|move|p2a: Camerupt|Eruption|p1a: Charizard|[spread] p1a\n|-activate|p1b: Venusaur|move: Protect\n|-resisted|p1a: Charizard|1\n|-damage|p1a: Charizard|24/100\n|move|p1a: Charizard|Ancient Power|p2b: Farigiraf\n|-damage|p2b: Farigiraf|10/100\n|\n|-weather|SunnyDay|[upkeep]\n|upkeep\n|turn|3\n|\n|t:|1776006668\n|move|p1a: Charizard|Protect|p1a: Charizard\n|-singleturn|p1a: Charizard|Protect\n|move|p2a: Camerupt|Eruption|p1b: Venusaur|[spread] p1b\n|-activate|p1a: Charizard|move: Protect\n|-supereffective|p1b: Venusaur|1\n|-enditem|p1b: Venusaur|Focus Sash\n|-damage|p1b: Venusaur|1/100\n|move|p2b: Farigiraf|Hyper Voice|p1b: Venusaur|[spread] p1b\n|-activate|p1a: Charizard|move: Protect\n|-damage|p1b: Venusaur|0 fnt\n|faint|p1b: Venusaur\n|\n|-weather|SunnyDay|[upkeep]\n|upkeep\n|\n|t:|1776006692\n|switch|p1b: Maushold|Maushold, L50|100/100\n|turn|4\n|\n|t:|1776006711\n|move|p1b: Maushold|Protect|p1b: Maushold\n|-singleturn|p1b: Maushold|Protect\n|move|p2a: Camerupt|Eruption|p1a: Charizard|[spread] p1a\n|-activate|p1b: Maushold|move: Protect\n|-resisted|p1a: Charizard|1\n|-damage|p1a: Charizard|0 fnt\n|faint|p1a: Charizard\n|move|p2b: Farigiraf|Psychic Noise|p1b: Maushold\n|-activate|p1b: Maushold|move: Protect\n|\n|-weather|SunnyDay|[upkeep]\n|upkeep\n|\n|t:|1776006723\n|switch|p1a: Garchomp|Garchomp, L50, M|100/100\n|turn|5\n|\n|t:|1776006733\n|move|p1b: Maushold|Follow Me|p1b: Maushold\n|-singleturn|p1b: Maushold|move: Follow Me\n|move|p2a: Camerupt|Eruption|p1b: Maushold|[spread] p1a,p1b\n|-resisted|p1a: Garchomp|1\n|-damage|p1a: Garchomp|54/100\n|-damage|p1b: Maushold|0 fnt\n|faint|p1b: Maushold\n|move|p2b: Farigiraf|Psychic Noise|p1a: Garchomp\n|-damage|p1a: Garchomp|17/100\n|-start|p1a: Garchomp|move: Heal Block\n|move|p1a: Garchomp|Earthquake|p2b: Farigiraf|[spread] p2a,p2b\n|-supereffective|p2a: Camerupt|1\n|-damage|p2a: Camerupt|9/100\n|-damage|p2b: Farigiraf|0 fnt\n|faint|p2b: Farigiraf\n|\n|-weather|none\n|-fieldend|move: Trick Room\n|upkeep\n|\n|t:|1776006736\n|switch|p2b: Torkoal|Torkoal, L50, M|100/100\n|-weather|SunnyDay|[from] ability: Drought|[of] p2b: Torkoal\n|turn|6\n|\n|t:|1776006754\n|move|p1a: Garchomp|Earthquake|p2b: Torkoal|[spread] p2a,p2b\n|-supereffective|p2a: Camerupt|1\n|-supereffective|p2b: Torkoal|1\n|-damage|p2a: Camerupt|0 fnt\n|-damage|p2b: Torkoal|35/100\n|faint|p2a: Camerupt\n|move|p2b: Torkoal|Yawn|p1a: Garchomp\n|-start|p1a: Garchomp|move: Yawn|[of] p2b: Torkoal\n|\n|-weather|SunnyDay|[upkeep]\n|-end|p1a: Garchomp|move: Heal Block\n|upkeep\n|turn|7\n|\n|t:|1776006762\n|move|p2b: Torkoal|Protect|p2b: Torkoal\n|-singleturn|p2b: Torkoal|Protect\n|move|p1a: Garchomp|Earthquake|p2b: Torkoal\n|-activate|p2b: Torkoal|move: Protect\n|\n|-weather|SunnyDay|[upkeep]\n|-end|p1a: Garchomp|move: Yawn|[silent]\n|-status|p1a: Garchomp|slp\n|upkeep\n|turn|8\n|\n|t:|1776006767\n|cant|p1a: Garchomp|slp\n|move|p2b: Torkoal|Heat Wave|p1a: Garchomp\n|-resisted|p1a: Garchomp|1\n|-damage|p1a: Garchomp|0 fnt\n|faint|p1a: Garchomp\n|\n|win|desrichards\n|raw|TajiThaGod's rating: 1030 &rarr; <strong>1018</strong><br />(-12 for losing)\n|raw|desrichards's rating: 1098 &rarr; <strong>1118</strong><br />(+20 for winning)\n",
  "uploadtime": 1776006779,
  "views": 26,
  "formatid": "gen9championsvgc2026regma",
  "rating": 1018,
  "private": 0,
  "password": null
}