{
  "id": "gen9championsvgc2026regma-2581944296",
  "format": "[Gen 9 Champions] VGC 2026 Reg M-A",
  "players": [
    "lohpezhoh",
    "Meltan808"
  ],
  "log": "|j|\u2606lohpezhoh\n|j|\u2606Meltan808\n|t:|1776041996\n|gametype|doubles\n|player|p1|lohpezhoh|102|\n|player|p2|Meltan808|lance-masters|\n|gen|9\n|tier|[Gen 9 Champions] VGC 2026 Reg M-A\n|rated|Tournament battle\n|rule|Species Clause: Limit one of each Pok\u00e9mon\n|rule|Item Clause: Limit 1 of each item\n|clearpoke\n|poke|p1|Incineroar, L50, M|\n|poke|p1|Gengar, L50, F|\n|poke|p1|Sinistcha, L50|\n|poke|p1|Kingambit, L50, M|\n|poke|p1|Tyranitar, L50, M|\n|poke|p1|Kommo-o, L50, F|\n|poke|p2|Archaludon, L50, F|\n|poke|p2|Sinistcha, L50|\n|poke|p2|Araquanid, L50, F|\n|poke|p2|Basculegion, L50, M|\n|poke|p2|Pelipper, L50, M|\n|poke|p2|Dragonite, L50, M|\n|teampreview|4\n|inactive|Battle timer is ON: inactive players will automatically lose when time's up. (requested by Meltan808)\nMeltan808 rejected open team sheets.\n|inactive|lohpezhoh has 60 seconds left.\n|\n|t:|1776042038\n|teamsize|p1|4\n|teamsize|p2|4\n|start\n|switch|p1a: Gengar|Gengar, L50, F, shiny|100/100\n|switch|p1b: Incineroar|Incineroar, L50, M|100/100\n|switch|p2a: Peeko|Pelipper, L50, M, shiny|100/100\n|switch|p2b: Green Day|Sinistcha, L50, shiny|100/100\n|-weather|RainDance|[from] ability: Drizzle|[of] p2a: Peeko\n|-ability|p1b: Incineroar|Intimidate|boost\n|-unboost|p2a: Peeko|atk|1\n|-unboost|p2b: Green Day|atk|1\n|turn|1\n|\n|t:|1776042063\n|switch|p1b: Tyranitar|Tyranitar, L50, M, shiny|100/100\n|-weather|Sandstorm|[from] ability: Sand Stream|[of] p1b: Tyranitar\n|detailschange|p1a: Gengar|Gengar-Mega, L50, F, shiny\n|-mega|p1a: Gengar|Gengar|Gengarite\n|move|p1a: Gengar|Protect|p1a: Gengar\n|-singleturn|p1a: Gengar|Protect\n|move|p2a: Peeko|Weather Ball|p1b: Tyranitar\n|-damage|p1b: Tyranitar|78/100\n|move|p2b: Green Day|Trick Room|p2b: Green Day\n|-fieldstart|move: Trick Room|[of] p2b: Green Day\n|\n|-weather|Sandstorm|[upkeep]\n|-damage|p2b: Green Day|94/100|[from] Sandstorm\n|-damage|p2a: Peeko|95/100|[from] Sandstorm\n|-damage|p1a: Gengar|95/100|[from] Sandstorm\n|upkeep\n|turn|2\n|inactive|lohpezhoh has 30 seconds left.\n|inactive|Meltan808 has 30 seconds left.\n|\n|t:|1776042096\n|switch|p1b: Sinistcha|Sinistcha, L50|100/100\n|-heal|p1a: Gengar|100/100|[from] ability: Hospitality|[of] p1b: Sinistcha\n|move|p2b: Green Day|Rage Powder|p2b: Green Day\n|-singleturn|p2b: Green Day|move: Rage Powder\n|move|p2a: Peeko|Weather Ball|p1a: Gengar\n|-damage|p1a: Gengar|68/100\n|move|p1a: Gengar|Shadow Ball|p2b: Green Day\n|-supereffective|p2b: Green Day|1\n|-damage|p2b: Green Day|3/100\n|\n|-weather|Sandstorm|[upkeep]\n|-damage|p2b: Green Day|0 fnt|[from] Sandstorm\n|-damage|p1b: Sinistcha|94/100|[from] Sandstorm\n|-damage|p2a: Peeko|89/100|[from] Sandstorm\n|-damage|p1a: Gengar|62/100|[from] Sandstorm\n|faint|p2b: Green Day\n|upkeep\n|\n|t:|1776042113\n|switch|p2b: Rippin' Tide|Basculegion, L50, M, shiny|100/100\n|turn|3\n|inactive|lohpezhoh has 30 seconds left.\n|\n|t:|1776042143\n|switch|p1a: Incineroar|Incineroar, L50, M|100/100\n|-ability|p1a: Incineroar|Intimidate|boost\n|-unboost|p2a: Peeko|atk|1\n|-unboost|p2b: Rippin' Tide|atk|1\n|move|p1b: Sinistcha|Protect|p1b: Sinistcha\n|-singleturn|p1b: Sinistcha|Protect\n|move|p2a: Peeko|Hurricane|p1b: Sinistcha\n|-activate|p1b: Sinistcha|move: Protect\n|move|p2b: Rippin' Tide|Last Respects|p1a: Incineroar\n|-resisted|p1a: Incineroar|1\n|-damage|p1a: Incineroar|86/100\n|\n|-weather|Sandstorm|[upkeep]\n|-damage|p1a: Incineroar|80/100|[from] Sandstorm\n|-damage|p1b: Sinistcha|88/100|[from] Sandstorm\n|-damage|p2a: Peeko|83/100|[from] Sandstorm\n|-damage|p2b: Rippin' Tide|94/100|[from] Sandstorm\n|upkeep\n|turn|4\n|j| Morasardo\n|\n|t:|1776042167\n|switch|p2a: Marina|Dragonite, L50, M, shiny|100/100\n|move|p1a: Incineroar|Fake Out|p2a: Marina\n|-damage|p2a: Marina|95/100\n|move|p1b: Sinistcha|Matcha Gotcha|p2a: Marina|[spread] p2a,p2b\n|-resisted|p2a: Marina|2\n|-supereffective|p2b: Rippin' Tide|1\n|-damage|p2a: Marina|90/100\n|-heal|p1b: Sinistcha|91/100|[from] drain|[of] p2a: Marina\n|-damage|p2b: Rippin' Tide|42/100\n|-heal|p1b: Sinistcha|100/100|[from] drain|[of] p2b: Rippin' Tide\n|-status|p2a: Marina|brn\n|move|p2b: Rippin' Tide|Wave Crash|p1a: Incineroar\n|-supereffective|p1a: Incineroar|1\n|-damage|p1a: Incineroar|0 fnt\n|faint|p1a: Incineroar\n|-damage|p2b: Rippin' Tide|15/100|[from] Recoil\n|\n|-weather|Sandstorm|[upkeep]\n|-damage|p1b: Sinistcha|94/100|[from] Sandstorm\n|-damage|p2a: Marina|84/100 brn|[from] Sandstorm\n|-damage|p2b: Rippin' Tide|9/100|[from] Sandstorm\n|-damage|p2a: Marina|78/100 brn|[from] brn\n|upkeep\n|\n|t:|1776042192\n|switch|p1a: Gengar|Gengar-Mega, L50, F, shiny|62/100\n|turn|5\n|\n|t:|1776042205\n|detailschange|p2a: Marina|Dragonite-Mega, L50, M, shiny\n|-mega|p2a: Marina|Dragonite|Dragoninite\n|move|p1a: Gengar|Protect|p1a: Gengar\n|-singleturn|p1a: Gengar|Protect\n|move|p1b: Sinistcha|Matcha Gotcha|p2b: Rippin' Tide|[spread] p2a\n|-miss|p1b: Sinistcha|p2b: Rippin' Tide\n|-resisted|p2a: Marina|2\n|-damage|p2a: Marina|73/100 brn\n|-heal|p1b: Sinistcha|97/100|[from] drain|[of] p2a: Marina\n|move|p2a: Marina|Hurricane|p1b: Sinistcha|[miss]\n|-miss|p2a: Marina|p1b: Sinistcha\n|move|p2b: Rippin' Tide|Last Respects|p1a: Gengar\n|-activate|p1a: Gengar|move: Protect\n|\n|-weather|none\n|-damage|p2a: Marina|67/100 brn|[from] brn\n|-fieldend|move: Trick Room\n|upkeep\n|turn|6\n|inactive|lohpezhoh has 30 seconds left.\n|inactive|lohpezhoh has 20 seconds left.\n|inactive|Meltan808 has 30 seconds left.\n|inactive|lohpezhoh has 15 seconds left.\n|inactive|lohpezhoh has 10 seconds left.\n|inactive|Meltan808 has 20 seconds left.\n|inactive|Meltan808 has 15 seconds left.\n|\n|t:|1776042256\n|move|p1b: Sinistcha|Protect|p1b: Sinistcha\n|-singleturn|p1b: Sinistcha|Protect\n|move|p1a: Gengar|Shadow Ball|p2b: Rippin' Tide\n|-supereffective|p2b: Rippin' Tide|1\n|-damage|p2b: Rippin' Tide|0 fnt\n|faint|p2b: Rippin' Tide\n|move|p2a: Marina|Hurricane|p1a: Gengar\n|-damage|p1a: Gengar|0 fnt\n|faint|p1a: Gengar\n|\n|-damage|p2a: Marina|61/100 brn|[from] brn\n|upkeep\n|\n|t:|1776042267\n|switch|p1a: Tyranitar|Tyranitar, L50, M, shiny|78/100\n|switch|p2b: Peeko|Pelipper, L50, M, shiny|83/100\n|-weather|Sandstorm|[from] ability: Sand Stream|[of] p1a: Tyranitar\n|-weather|RainDance|[from] ability: Drizzle|[of] p2b: Peeko\n|turn|7\n|\n|t:|1776042287\n|move|p1b: Sinistcha|Rage Powder|p1b: Sinistcha\n|-singleturn|p1b: Sinistcha|move: Rage Powder\n|move|p1a: Tyranitar|Rock Slide|p2b: Peeko|[spread] p2a,p2b\n|-supereffective|p2a: Marina|1\n|-supereffective|p2b: Peeko|1\n|-damage|p2a: Marina|8/100 brn\n|-damage|p2b: Peeko|3/100\n|move|p2a: Marina|Hurricane|p1b: Sinistcha\n|-supereffective|p1b: Sinistcha|1\n|-damage|p1b: Sinistcha|0 fnt\n|faint|p1b: Sinistcha\n|move|p2b: Peeko|Weather Ball|p1a: Tyranitar\n|-supereffective|p1a: Tyranitar|1\n|-damage|p1a: Tyranitar|0 fnt\n|faint|p1a: Tyranitar\n|\n|win|Meltan808\n|n|\u2606lohpezhoh|lohpezhoh\n|n|\u2606Meltan808|meltan808\n|n| Morasardo|morasardo\n|l|\u2606lohpezhoh\n|player|p1|\n",
  "uploadtime": 1776043834,
  "views": 50,
  "formatid": "gen9championsvgc2026regma",
  "rating": null,
  "private": 0,
  "password": null
}