{
  "id": "gen9championsvgc2026regma-2586263942",
  "format": "[Gen 9 Champions] VGC 2026 Reg M-A",
  "players": [
    "Krzak20",
    "Spo0kyMelon"
  ],
  "log": "|j|\u2606Krzak20\n|j|\u2606Spo0kyMelon\n|t:|1776418945\n|gametype|doubles\n|player|p1|Krzak20|170|1172\n|player|p2|Spo0kyMelon|bugcatcher-gen4dp|1262\n|gen|9\n|tier|[Gen 9 Champions] VGC 2026 Reg M-A\n|rated|\n|rule|Species Clause: Limit one of each Pok\u00e9mon\n|rule|Item Clause: Limit 1 of each item\n|clearpoke\n|poke|p1|Froslass, L50, F|\n|poke|p1|Gengar, L50, F|\n|poke|p1|Garchomp, L50, F|\n|poke|p1|Orthworm, L50, F|\n|poke|p1|Rotom-Heat, L50|\n|poke|p1|Gyarados, L50, F|\n|poke|p2|Noivern, L50, M|\n|poke|p2|Glimmora, L50, F|\n|poke|p2|Basculegion, L50, M|\n|poke|p2|Pelipper, L50, F|\n|poke|p2|Archaludon, L50, M|\n|poke|p2|Kingambit, L50, F|\n|teampreview|4\n|inactive|Battle timer is ON: inactive players will automatically lose when time's up. (requested by Krzak20)\n|inactive|Spo0kyMelon has 60 seconds left.\n|\n|t:|1776418980\n|teamsize|p1|4\n|teamsize|p2|4\n|start\n|switch|p1a: Rotom|Rotom-Heat, L50|100/100\n|switch|p1b: Orthworm|Orthworm, L50, F|100/100\n|switch|p2a: Noivern|Noivern, L50, M|100/100\n|switch|p2b: Archaludon|Archaludon, L50, M|100/100\n|turn|1\n|\n|t:|1776419002\n|move|p1a: Rotom|Volt Switch|p2a: Noivern\n|-damage|p2a: Noivern|71/100\n|\n|t:|1776419005\n|switch|p1a: Garchomp|Garchomp, L50, F|100/100|[from] Volt Switch\n|move|p2a: Noivern|Dragon Cheer|p2b: Archaludon\n|-start|p2b: Archaludon|move: Dragon Cheer\n|move|p2b: Archaludon|Draco Meteor|p1a: Garchomp\n|-supereffective|p1a: Garchomp|1\n|-crit|p1a: Garchomp\n|-damage|p1a: Garchomp|0 fnt\n|-unboost|p2b: Archaludon|spa|2\n|faint|p1a: Garchomp\n|move|p1b: Orthworm|Shed Tail|p1b: Orthworm\n|-start|p1b: Orthworm|Substitute|[from] move: Shed Tail\n|-damage|p1b: Orthworm|50/100\n|-enditem|p1b: Orthworm|Sitrus Berry|[eat]\n|-heal|p1b: Orthworm|75/100|[from] item: Sitrus Berry\n|\n|t:|1776419016\n|switch|p1b: Froslass|Froslass, L50, F|100/100|[from] Shed Tail\n|\n|upkeep\n|\n|t:|1776419024\n|switch|p1a: Rotom|Rotom-Heat, L50|100/100\n|turn|2\n|inactive|Krzak20 has 30 seconds left.\n|inactive|Spo0kyMelon has 30 seconds left.\n|\n|t:|1776419051\n|move|p2b: Archaludon|Protect|p2b: Archaludon\n|-singleturn|p2b: Archaludon|Protect\n|move|p1a: Rotom|Electroweb|p2b: Archaludon|[spread] p2a\n|-activate|p2b: Archaludon|move: Protect\n|-damage|p2a: Noivern|54/100\n|-unboost|p2a: Noivern|spe|1\n|move|p1b: Froslass|Nasty Plot|p1b: Froslass\n|-boost|p1b: Froslass|spa|2\n|move|p2a: Noivern|Tailwind|p2a: Noivern\n|-sidestart|p2: Spo0kyMelon|move: Tailwind\n|\n|upkeep\n|turn|3\n|inactive|Spo0kyMelon has 30 seconds left.\n|\n|t:|1776419078\n|switch|p2a: Basculegion|Basculegion, L50, M|100/100\n|move|p1b: Froslass|Protect|p1b: Froslass\n|-singleturn|p1b: Froslass|Protect\n|move|p2b: Archaludon|Draco Meteor|p1a: Rotom\n|-crit|p1a: Rotom\n|-damage|p1a: Rotom|0 fnt\n|-unboost|p2b: Archaludon|spa|2\n|faint|p1a: Rotom\n|\n|upkeep\n|\n|t:|1776419087\n|switch|p1a: Orthworm|Orthworm, L50, F|75/100\n|turn|4\n|\n|t:|1776419098\n|detailschange|p1b: Froslass|Froslass-Mega, L50, F\n|-mega|p1b: Froslass|Froslass|Froslassite\n|-weather|Snowscape|[from] ability: Snow Warning|[of] p1b: Froslass\n|move|p2a: Basculegion|Wave Crash|p1b: Froslass\n|-end|p1b: Froslass|Substitute\n|-damage|p2a: Basculegion|93/100|[from] Recoil|[of] p1b: Froslass\n|move|p2b: Archaludon|Flash Cannon|p1b: Froslass\n|-supereffective|p1b: Froslass|1\n|-crit|p1b: Froslass\n|-damage|p1b: Froslass|0 fnt\n|faint|p1b: Froslass\n|move|p1a: Orthworm|Body Press|p2b: Archaludon\n|-supereffective|p2b: Archaludon|1\n|-damage|p2b: Archaludon|48/100\n|\n|-weather|Snowscape|[upkeep]\n|upkeep\n|turn|5\n|\n|t:|1776419116\n|move|p2a: Basculegion|Wave Crash|p1a: Orthworm\n|-damage|p1a: Orthworm|32/100\n|-damage|p2a: Basculegion|80/100|[from] Recoil\n|move|p2b: Archaludon|Draco Meteor|p1a: Orthworm|[miss]\n|-miss|p2b: Archaludon|p1a: Orthworm\n|move|p1a: Orthworm|Body Press|p2b: Archaludon\n|-supereffective|p2b: Archaludon|1\n|-damage|p2b: Archaludon|0 fnt\n|faint|p2b: Archaludon\n|\n|-weather|Snowscape|[upkeep]\n|-sideend|p2: Spo0kyMelon|move: Tailwind\n|upkeep\n|-message|Krzak20 forfeited.\n|\n|win|Spo0kyMelon\n|raw|Krzak20's rating: 1172 &rarr; <strong>1153</strong><br />(-19 for losing)\n|raw|Spo0kyMelon's rating: 1262 &rarr; <strong>1281</strong><br />(+19 for winning)\n|l|\u2606Krzak20\n|player|p1|\n",
  "uploadtime": 1776419219,
  "views": 27,
  "formatid": "gen9championsvgc2026regma",
  "rating": 1153,
  "private": 0,
  "password": null
}