{
  "id": "gen9championsvgc2026regma-2585002468",
  "format": "[Gen 9 Champions] VGC 2026 Reg M-A",
  "players": [
    "nikbutawesome",
    "Rockletz"
  ],
  "log": "|j|\u2606nikbutawesome\n|j|\u2606Rockletz\n|t:|1776302318\n|gametype|doubles\n|player|p1|nikbutawesome|pokemaniac|1141\n|player|p2|Rockletz|hilda-wonderlauncher|1241\n|gen|9\n|tier|[Gen 9 Champions] VGC 2026 Reg M-A\n|rated|\n|rule|Species Clause: Limit one of each Pok\u00e9mon\n|rule|Item Clause: Limit 1 of each item\n|clearpoke\n|poke|p1|Scizor, L50, F|\n|poke|p1|Tyranitar, L50, F|\n|poke|p1|Aerodactyl, L50, M|\n|poke|p1|Incineroar, L50, M|\n|poke|p1|Rotom-Wash, L50|\n|poke|p1|Maushold-Four, L50|\n|poke|p2|Gengar, L50, F|\n|poke|p2|Politoed, L50, M|\n|poke|p2|Sinistcha, L50|\n|poke|p2|Basculegion, L50, M|\n|poke|p2|Incineroar, L50, F|\n|poke|p2|Archaludon, L50, F|\n|teampreview|4\n|inactive|Battle timer is ON: inactive players will automatically lose when time's up. (requested by Rockletz)\n|\n|t:|1776302342\n|teamsize|p1|4\n|teamsize|p2|4\n|start\n|switch|p1a: Tyranitar|Tyranitar, L50, F|100/100\n|switch|p1b: Aerodactyl|Aerodactyl, L50, M|100/100\n|switch|p2a: Gengar|Gengar, L50, F|100/100\n|switch|p2b: Basculegion|Basculegion, L50, M|100/100\n|-ability|p1b: Aerodactyl|Unnerve\n|-weather|Sandstorm|[from] ability: Sand Stream|[of] p1a: Tyranitar\n|turn|1\n|\n|t:|1776302354\n|detailschange|p2a: Gengar|Gengar-Mega, L50, F\n|-mega|p2a: Gengar|Gengar|Gengarite\n|move|p2a: Gengar|Protect|p2a: Gengar\n|-singleturn|p2a: Gengar|Protect\n|move|p2b: Basculegion|Protect|p2b: Basculegion\n|-singleturn|p2b: Basculegion|Protect\n|move|p1b: Aerodactyl|Tailwind|p1b: Aerodactyl\n|-sidestart|p1: nikbutawesome|move: Tailwind\n|move|p1a: Tyranitar|Knock Off|p2a: Gengar\n|-activate|p2a: Gengar|move: Protect\n|\n|-weather|Sandstorm|[upkeep]\n|-damage|p2a: Gengar|95/100|[from] Sandstorm\n|-damage|p2b: Basculegion|94/100|[from] Sandstorm\n|upkeep\n|turn|2\n|\n|t:|1776302370\n|switch|p2a: Politoed|Politoed, L50, M|100/100\n|-weather|RainDance|[from] ability: Drizzle|[of] p2a: Politoed\n|move|p1b: Aerodactyl|Rock Slide|p2a: Politoed|[spread] p2a,p2b\n|-damage|p2a: Politoed|75/100\n|-damage|p2b: Basculegion|63/100\n|move|p2b: Basculegion|Wave Crash|p1a: Tyranitar\n|-supereffective|p1a: Tyranitar|1\n|-damage|p1a: Tyranitar|0 fnt\n|faint|p1a: Tyranitar\n|-damage|p2b: Basculegion|34/100|[from] Recoil\n|\n|-weather|RainDance|[upkeep]\n|upkeep\n|\n|t:|1776302379\n|switch|p1a: Rotom|Rotom-Wash, L50|100/100\n|turn|3\n|\n|t:|1776302397\n|move|p1a: Rotom|Electroweb|p2a: Politoed|[spread] p2b\n|-miss|p1a: Rotom|p2a: Politoed\n|-supereffective|p2b: Basculegion|1\n|-damage|p2b: Basculegion|0 fnt\n|faint|p2b: Basculegion\n|move|p1b: Aerodactyl|Rock Slide|p2a: Politoed\n|-crit|p2a: Politoed\n|-damage|p2a: Politoed|20/100\n|cant|p2a: Politoed|flinch\n|\n|-weather|RainDance|[upkeep]\n|upkeep\n|inactive|Rockletz has 30 seconds left.\n|\n|t:|1776302428\n|switch|p2b: Gengar|Gengar-Mega, L50, F|95/100\n|turn|4\n|\n|t:|1776302437\n|move|p2b: Gengar|Protect|p2b: Gengar\n|-singleturn|p2b: Gengar|Protect\n|move|p2a: Politoed|Protect|p2a: Politoed\n|-singleturn|p2a: Politoed|Protect\n|move|p1a: Rotom|Electroweb|p2b: Gengar|[spread] \n|-activate|p2a: Politoed|move: Protect\n|-activate|p2b: Gengar|move: Protect\n|move|p1b: Aerodactyl|Rock Slide|p2b: Gengar|[spread] \n|-activate|p2a: Politoed|move: Protect\n|-activate|p2b: Gengar|move: Protect\n|\n|-weather|RainDance|[upkeep]\n|-sideend|p1: nikbutawesome|move: Tailwind\n|upkeep\n|turn|5\n|inactive|Rockletz has 30 seconds left.\n|\n|t:|1776302463\n|switch|p2a: Incineroar|Incineroar, L50, F|100/100\n|-ability|p2a: Incineroar|Intimidate|boost\n|-unboost|p1a: Rotom|atk|1\n|-unboost|p1b: Aerodactyl|atk|1\n|move|p1a: Rotom|Electroweb|p2a: Incineroar|[spread] p2a,p2b\n|-damage|p2a: Incineroar|84/100\n|-damage|p2b: Gengar|72/100\n|-unboost|p2a: Incineroar|spe|1\n|-unboost|p2b: Gengar|spe|1\n|move|p1b: Aerodactyl|Rock Slide|p2a: Incineroar|[spread] p2a,p2b\n|-supereffective|p2a: Incineroar|1\n|-damage|p2a: Incineroar|56/100\n|-damage|p2b: Gengar|50/100\n|cant|p2b: Gengar|flinch\n|\n|-weather|RainDance|[upkeep]\n|upkeep\n|turn|6\n|\n|t:|1776302488\n|move|p2a: Incineroar|Fake Out|p1b: Aerodactyl\n|-resisted|p1b: Aerodactyl|1\n|-damage|p1b: Aerodactyl|92/100\n|move|p1a: Rotom|Electroweb|p2b: Gengar|[spread] p2a,p2b\n|-damage|p2a: Incineroar|40/100\n|-damage|p2b: Gengar|27/100\n|-unboost|p2a: Incineroar|spe|1\n|-unboost|p2b: Gengar|spe|1\n|cant|p1b: Aerodactyl|flinch\n|move|p2b: Gengar|Shadow Ball|p1b: Aerodactyl\n|-damage|p1b: Aerodactyl|30/100\n|-unboost|p1b: Aerodactyl|spd|1\n|\n|-weather|none\n|upkeep\n|turn|7\n|inactive|Rockletz has 30 seconds left.\n|\n|t:|1776302522\n|move|p2b: Gengar|Protect|p2b: Gengar\n|-singleturn|p2b: Gengar|Protect\n|move|p1a: Rotom|Electroweb|p2b: Gengar|[spread] p2a\n|-activate|p2b: Gengar|move: Protect\n|-damage|p2a: Incineroar|23/100\n|-unboost|p2a: Incineroar|spe|1\n|move|p1b: Aerodactyl|Rock Slide|p2a: Incineroar|[spread] p2a\n|-activate|p2b: Gengar|move: Protect\n|-supereffective|p2a: Incineroar|1\n|-damage|p2a: Incineroar|0 fnt\n|faint|p2a: Incineroar\n|\n|upkeep\n|\n|t:|1776302532\n|switch|p2a: Politoed|Politoed, L50, M|20/100\n|-weather|RainDance|[from] ability: Drizzle|[of] p2a: Politoed\n|turn|8\n|-message|Rockletz forfeited.\n|\n|win|nikbutawesome\n|raw|nikbutawesome's rating: 1141 &rarr; <strong>1173</strong><br />(+32 for winning)\n|raw|Rockletz's rating: 1241 &rarr; <strong>1209</strong><br />(-32 for losing)\n|l|\u2606Rockletz\n|player|p2|\n",
  "uploadtime": 1776302538,
  "views": 17,
  "formatid": "gen9championsvgc2026regma",
  "rating": 1173,
  "private": 0,
  "password": null
}