{
  "id": "gen9championsvgc2026regma-2588105415",
  "format": "[Gen 9 Champions] VGC 2026 Reg M-A",
  "players": [
    "qubofan",
    "manpineapple"
  ],
  "log": "|j|\u2606qubofan\n|j|\u2606manpineapple\n|t:|1776604848\n|gametype|doubles\n|player|p1|qubofan|1|1031\n|player|p2|manpineapple|lucas-gen4pt|1061\n|gen|9\n|tier|[Gen 9 Champions] VGC 2026 Reg M-A\n|rated|\n|rule|Species Clause: Limit one of each Pok\u00e9mon\n|rule|Item Clause: Limit 1 of each item\n|clearpoke\n|poke|p1|Drampa, L50, F|\n|poke|p1|Skarmory, L50, M|\n|poke|p1|Aerodactyl, L50, M|\n|poke|p1|Incineroar, L50, F|\n|poke|p1|Rotom-Wash, L50|\n|poke|p1|Tyranitar, L50, F|\n|poke|p2|Meowstic, L50, M|\n|poke|p2|Gallade, L50, M|\n|poke|p2|Slowking-Galar, L50, M, shiny|\n|poke|p2|Armarouge, L50, M|\n|poke|p2|Zoroark-Hisui, L50, F|\n|poke|p2|Incineroar, L50, M|\n|teampreview|4\nmanpineapple rejected open team sheets.\n|\n|t:|1776604866\n|teamsize|p1|4\n|teamsize|p2|4\n|start\n|switch|p1a: Tyranitar|Tyranitar, L50, F|100/100\n|switch|p1b: Drampa|Drampa, L50, F|100/100\n|switch|p2a: Meowstic|Meowstic, L50, M|100/100\n|switch|p2b: Incineroar|Incineroar, L50, M|100/100\n|-weather|Sandstorm|[from] ability: Sand Stream|[of] p1a: Tyranitar\n|-ability|p2b: Incineroar|Intimidate|boost\n|-unboost|p1a: Tyranitar|atk|1\n|-unboost|p1b: Drampa|atk|1\n|turn|1\n|\n|t:|1776604891\n|move|p2b: Incineroar|Fake Out|p1a: Tyranitar\n|-resisted|p1a: Tyranitar|1\n|-damage|p1a: Tyranitar|97/100\n|move|p2a: Meowstic|Psychic Terrain|p2a: Meowstic\n|-fieldstart|move: Psychic Terrain\n|move|p1b: Drampa|Shadow Ball|p2a: Meowstic\n|-supereffective|p2a: Meowstic|1\n|-damage|p2a: Meowstic|34/100\n|cant|p1a: Tyranitar|flinch\n|\n|-weather|Sandstorm|[upkeep]\n|-damage|p2a: Meowstic|28/100|[from] Sandstorm\n|-damage|p1b: Drampa|94/100|[from] Sandstorm\n|-damage|p2b: Incineroar|95/100|[from] Sandstorm\n|upkeep\n|turn|2\n|\n|t:|1776604910\n|switch|p2b: Armarouge|Armarouge, L50, M|100/100\n|detailschange|p2a: Meowstic|Meowstic-M-Mega, L50, M\n|-mega|p2a: Meowstic|Meowstic|Meowsticite\n|-ability|p2a: Meowstic|Sand Stream|Trace|[from] ability: Trace|[of] p1a: Tyranitar\n|move|p2a: Meowstic|Expanding Force|p1b: Drampa|[spread] p1b\n|-immune|p1a: Tyranitar\n|-damage|p1b: Drampa|19/100\n|-ability|p1b: Drampa|Berserk|boost\n|-boost|p1b: Drampa|spa|1\n|move|p1b: Drampa|Shadow Ball|p2a: Meowstic\n|-supereffective|p2a: Meowstic|1\n|-damage|p2a: Meowstic|0 fnt\n|faint|p2a: Meowstic\n|move|p1a: Tyranitar|Hydro Pump|p2b: Armarouge\n|-supereffective|p2b: Armarouge|1\n|-damage|p2b: Armarouge|36/100\n|\n|-weather|Sandstorm|[upkeep]\n|-damage|p2b: Armarouge|30/100|[from] Sandstorm\n|-damage|p1b: Drampa|13/100|[from] Sandstorm\n|-heal|p2b: Armarouge|36/100|[from] item: Leftovers\n|upkeep\n|\n|t:|1776604929\n|switch|p2a: Slowking|Slowking-Galar, L50, M, shiny|100/100\n|turn|3\n|\n|t:|1776604946\n|detailschange|p1a: Tyranitar|Tyranitar-Mega, L50, F\n|-mega|p1a: Tyranitar|Tyranitar|Tyranitarite\n|move|p2b: Armarouge|Armor Cannon|p1a: Tyranitar\n|-resisted|p1a: Tyranitar|1\n|-damage|p1a: Tyranitar|80/100\n|-unboost|p2b: Armarouge|def|1\n|-unboost|p2b: Armarouge|spd|1\n|move|p1a: Tyranitar|Hydro Pump|p2b: Armarouge\n|-supereffective|p2b: Armarouge|1\n|-damage|p2b: Armarouge|0 fnt\n|faint|p2b: Armarouge\n|move|p1b: Drampa|Shadow Ball|p2a: Slowking\n|-supereffective|p2a: Slowking|1\n|-damage|p2a: Slowking|41/100\n|move|p2a: Slowking|Expanding Force|p1a: Tyranitar|[spread] p1b\n|-immune|p1a: Tyranitar\n|-damage|p1b: Drampa|0 fnt\n|faint|p1b: Drampa\n|\n|-weather|Sandstorm|[upkeep]\n|-damage|p2a: Slowking|35/100|[from] Sandstorm\n|upkeep\n|\n|t:|1776604964\n|switch|p2b: Incineroar|Incineroar, L50, M|95/100\n|switch|p1b: Incineroar|Incineroar, L50, F|100/100\n|-ability|p2b: Incineroar|Intimidate|boost\n|-unboost|p1a: Tyranitar|atk|1\n|-unboost|p1b: Incineroar|atk|1\n|-ability|p1b: Incineroar|Intimidate|boost\n|-unboost|p2a: Slowking|atk|1\n|-unboost|p2b: Incineroar|atk|1\n|turn|4\n|\n|t:|1776604982\n|move|p1a: Tyranitar|Hydro Pump|p2b: Incineroar\n|-supereffective|p2b: Incineroar|1\n|-damage|p2b: Incineroar|55/100\n|move|p2b: Incineroar|Parting Shot|p1a: Tyranitar\n|-unboost|p1a: Tyranitar|atk|1\n|-unboost|p1a: Tyranitar|spa|1\n|move|p1b: Incineroar|Darkest Lariat|p2a: Slowking\n|-supereffective|p2a: Slowking|1\n|-damage|p2a: Slowking|0 fnt\n|faint|p2a: Slowking\n|\n|-weather|Sandstorm|[upkeep]\n|-damage|p2b: Incineroar|49/100|[from] Sandstorm\n|-damage|p1b: Incineroar|94/100|[from] Sandstorm\n|-enditem|p2b: Incineroar|Sitrus Berry|[eat]\n|-heal|p2b: Incineroar|74/100|[from] item: Sitrus Berry\n|-heal|p1b: Incineroar|100/100|[from] item: Leftovers\n|upkeep\n|turn|5\n|-message|manpineapple forfeited.\n|\n|win|qubofan\n|raw|qubofan's rating: 1031 &rarr; <strong>1069</strong><br />(+38 for winning)\n|raw|manpineapple's rating: 1061 &rarr; <strong>1040</strong><br />(-21 for losing)\n|l|\u2606manpineapple\n|player|p2|\n",
  "uploadtime": 1776605002,
  "views": 12,
  "formatid": "gen9championsvgc2026regma",
  "rating": 1040,
  "private": 0,
  "password": null
}