{
  "id": "gen9championsvgc2026regma-2582008263",
  "format": "[Gen 9 Champions] VGC 2026 Reg M-A",
  "players": [
    "21Kieran",
    "VyseCL"
  ],
  "log": "|j|\u260621Kieran\n|j|\u2606VyseCL\n|t:|1776047869\n|gametype|doubles\n|player|p1|21Kieran|taunie|\n|player|p2|VyseCL|102|\n|gen|9\n|tier|[Gen 9 Champions] VGC 2026 Reg M-A\n|rated|Tournament battle\n|rule|Species Clause: Limit one of each Pok\u00e9mon\n|rule|Item Clause: Limit 1 of each item\n|clearpoke\n|poke|p1|Floette-Eternal, L50, F|\n|poke|p1|Kingambit, L50, F|\n|poke|p1|Garchomp, L50, F|\n|poke|p1|Delphox, L50, M|\n|poke|p1|Basculegion, L50, M|\n|poke|p1|Sneasler, L50, M|\n|poke|p2|Scizor, L50, M|\n|poke|p2|Pelipper, L50, M|\n|poke|p2|Mamoswine, L50, M|\n|poke|p2|Basculegion, L50, M|\n|poke|p2|Rotom-Mow, L50|\n|poke|p2|Dragonite, L50, F|\n|teampreview|4\n|j| ZaVGC\n|inactive|Battle timer is ON: inactive players will automatically lose when time's up. (requested by 21Kieran)\n21Kieran has agreed to open team sheets.\n|j| yungPBJglizzy\n|inactive|VyseCL has 60 seconds left.\n|\n|t:|1776047906\n|teamsize|p1|4\n|teamsize|p2|4\n|start\n|switch|p1a: Floette|Floette-Eternal, L50, F|100/100\n|switch|p1b: Sneasler|Sneasler, L50, M|100/100\n|switch|p2a: Mamoswine|Mamoswine, L50, M, shiny|100/100\n|switch|p2b: Basculegion|Basculegion, L50, M, shiny|100/100\n|turn|1\n|j| speedyturtle87\n|j|+ansena (\u25e1 \u203f \u25e1 \u273f)\n|inactive|21Kieran has 30 seconds left.\n|inactive|21Kieran has 20 seconds left.\n|inactive|21Kieran has 15 seconds left.\n|\n|t:|1776047948\n|switch|p2b: Pelipper|Pelipper, L50, M|100/100\n|-weather|RainDance|[from] ability: Drizzle|[of] p2b: Pelipper\n|detailschange|p1a: Floette|Floette-Mega, L50, F\n|-mega|p1a: Floette|Floette|Floettite\n|-ability|p1a: Floette|Fairy Aura\n|move|p1b: Sneasler|Fake Out|p2a: Mamoswine\n|-damage|p2a: Mamoswine|82/100\n|cant|p2a: Mamoswine|flinch\n|move|p1a: Floette|Calm Mind|p1a: Floette\n|-boost|p1a: Floette|spa|1\n|-boost|p1a: Floette|spd|1\n|\n|-weather|RainDance|[upkeep]\n|upkeep\n|turn|2\n|j| christianfinity\n|j|+Gross Sweep \u2603\n|j| viatable\n|\n|t:|1776047968\n|move|p2a: Mamoswine|Earthquake|p1b: Sneasler|[spread] p1a,p1b\n|-immune|p2b: Pelipper\n|-supereffective|p1b: Sneasler|1\n|-damage|p1a: Floette|50/100\n|-damage|p1b: Sneasler|0 fnt\n|faint|p1b: Sneasler\n|move|p1a: Floette|Dazzling Gleam|p2b: Pelipper|[spread] p2a,p2b\n|-damage|p2a: Mamoswine|0 fnt\n|-enditem|p2b: Pelipper|Focus Sash\n|-damage|p2b: Pelipper|1/100\n|faint|p2a: Mamoswine\n|move|p2b: Pelipper|Muddy Water|p1a: Floette\n|-damage|p1a: Floette|12/100\n|-unboost|p1a: Floette|accuracy|1\n|\n|-weather|RainDance|[upkeep]\n|upkeep\n|l| viatable\n|\n|t:|1776047984\n|switch|p1b: Kingambit|Kingambit, L50, F|100/100\n|switch|p2a: Scizor|Scizor, L50, M|100/100\n|turn|3\n|l| christianfinity\n|\n|t:|1776048006\n|move|p1a: Floette|Protect|p1a: Floette\n|-singleturn|p1a: Floette|Protect\n|move|p2a: Scizor|Bullet Punch|p1a: Floette\n|-activate|p1a: Floette|move: Protect\n|move|p2b: Pelipper|Tailwind|p2b: Pelipper\n|-sidestart|p2: VyseCL|move: Tailwind\n|move|p1b: Kingambit|Kowtow Cleave|p2b: Pelipper\n|-damage|p2b: Pelipper|0 fnt\n|faint|p2b: Pelipper\n|\n|-weather|RainDance|[upkeep]\n|upkeep\n|\n|t:|1776048016\n|switch|p2b: Basculegion|Basculegion, L50, M, shiny|100/100\n|turn|4\n|\n|t:|1776048025\n|move|p2b: Basculegion|Aqua Jet|p1b: Kingambit\n|-damage|p1b: Kingambit|70/100\n|move|p2a: Scizor|Bullet Punch|p1a: Floette\n|-supereffective|p1a: Floette|1\n|-damage|p1a: Floette|0 fnt\n|faint|p1a: Floette\n|move|p1b: Kingambit|Sucker Punch||[still]\n|-fail|p1b: Kingambit\n|\n|-weather|RainDance|[upkeep]\n|upkeep\n|\n|t:|1776048031\n|switch|p1a: Garchomp|Garchomp, L50, F|100/100\n|turn|5\n|\n|t:|1776048048\n|move|p1a: Garchomp|Protect|p1a: Garchomp\n|-singleturn|p1a: Garchomp|Protect\n|move|p1b: Kingambit|Protect|p1b: Kingambit\n|-singleturn|p1b: Kingambit|Protect\n|move|p2b: Basculegion|Wave Crash|p1b: Kingambit\n|-activate|p1b: Kingambit|move: Protect\n|move|p2a: Scizor|Bug Bite|p1a: Garchomp\n|-activate|p1a: Garchomp|move: Protect\n|\n|-weather|none\n|upkeep\n|turn|6\n|\n|t:|1776048064\n|move|p2b: Basculegion|Aqua Jet|p1b: Kingambit\n|-damage|p1b: Kingambit|51/100\n|move|p1b: Kingambit|Sucker Punch||[still]\n|-fail|p1b: Kingambit\n|move|p2a: Scizor|Bug Bite|p1a: Garchomp\n|-damage|p1a: Garchomp|45/100\n|-enditem|p1a: Garchomp|Sitrus Berry|[from] stealeat|[move] Bug Bite|[of] p2a: Scizor\n|-damage|p2a: Scizor|88/100|[from] ability: Rough Skin|[of] p1a: Garchomp\n|move|p1a: Garchomp|Rock Slide|p2a: Scizor|[spread] p2a,p2b\n|-damage|p2a: Scizor|66/100\n|-damage|p2b: Basculegion|77/100\n|\n|-sideend|p2: VyseCL|move: Tailwind\n|upkeep\n|turn|7\n|j| Luigi Magnezone\n|l| Luigi Magnezone\n|l|+ansena (\u25e1 \u203f \u25e1 \u273f)\n|\n|t:|1776048085\n|move|p2b: Basculegion|Aqua Jet|p1b: Kingambit\n|-damage|p1b: Kingambit|31/100\n|move|p1b: Kingambit|Sucker Punch||[still]\n|-fail|p1b: Kingambit\n|move|p1a: Garchomp|Earthquake|p2b: Basculegion|[spread] p1b,p2a,p2b\n|-supereffective|p1b: Kingambit|1\n|-damage|p1b: Kingambit|0 fnt\n|-damage|p2a: Scizor|22/100\n|-damage|p2b: Basculegion|25/100\n|-enditem|p2a: Scizor|Sitrus Berry|[eat]\n|-heal|p2a: Scizor|47/100|[from] item: Sitrus Berry\n|faint|p1b: Kingambit\n|move|p2a: Scizor|Bug Bite|p1a: Garchomp\n|-damage|p1a: Garchomp|0 fnt\n|-damage|p2a: Scizor|35/100|[from] ability: Rough Skin|[of] p1a: Garchomp\n|faint|p1a: Garchomp\n|\n|win|VyseCL\n|n|\u260621Kieran|21kieran\n|n|\u2606VyseCL|vysecl\n|n| ZaVGC|zavgc\n|n| yungPBJglizzy|yungpbjglizzy\n|n| speedyturtle87|speedyturtle87\n|n|+Gross Sweep \u2603|grosssweep\n",
  "uploadtime": 1776048085,
  "views": 11,
  "formatid": "gen9championsvgc2026regma",
  "rating": null,
  "private": 0,
  "password": null
}