{
  "id": "gen9championsvgc2026regma-2583478777",
  "format": "[Gen 9 Champions] VGC 2026 Reg M-A",
  "players": [
    "AegisKC",
    "Serperiorater"
  ],
  "log": "|j|\u2606AegisKC\n|j|\u2606Serperiorater\n|t:|1776178237\n|gametype|doubles\n|player|p1|AegisKC|lady|1208\n|player|p2|Serperiorater|102|1142\n|gen|9\n|tier|[Gen 9 Champions] VGC 2026 Reg M-A\n|rated|\n|rule|Species Clause: Limit one of each Pok\u00e9mon\n|rule|Item Clause: Limit 1 of each item\n|clearpoke\n|poke|p1|Sneasler, L50, F|\n|poke|p1|Kingambit, L50, F|\n|poke|p1|Pelipper, L50, F|\n|poke|p1|Meganium, L50, F|\n|poke|p1|Farigiraf, L50, F|\n|poke|p1|Incineroar, L50, F|\n|poke|p2|Froslass, L50, F|\n|poke|p2|Mamoswine, L50, M|\n|poke|p2|Whimsicott, L50, M|\n|poke|p2|Kingambit, L50, F|\n|poke|p2|Raichu, L50, M|\n|poke|p2|Incineroar, L50, F|\n|teampreview|4\n|inactive|Battle timer is ON: inactive players will automatically lose when time's up. (requested by AegisKC)\n|inactive|Serperiorater has 60 seconds left.\n|\n|t:|1776178301\n|teamsize|p1|4\n|teamsize|p2|4\n|start\n|switch|p1a: Kingambit|Kingambit, L50, F, shiny|100/100\n|switch|p1b: Farigiraf|Farigiraf, L50, F|100/100\n|switch|p2a: Mamoswine|Mamoswine, L50, M|100/100\n|switch|p2b: Raichu|Raichu, L50, M|100/100\n|turn|1\n|\n|t:|1776178318\n|switch|p1a: Pelipper|Pelipper, L50, F, shiny|100/100\n|-weather|RainDance|[from] ability: Drizzle|[of] p1a: Pelipper\n|move|p2b: Raichu|Protect|p2b: Raichu\n|-singleturn|p2b: Raichu|Protect\n|move|p2a: Mamoswine|Earthquake|p1a: Pelipper|[spread] p1b\n|-activate|p2b: Raichu|move: Protect\n|-immune|p1a: Pelipper\n|-damage|p1b: Farigiraf|50/100\n|move|p1b: Farigiraf|Trick Room|p1b: Farigiraf\n|-fieldstart|move: Trick Room|[of] p1b: Farigiraf\n|\n|-weather|RainDance|[upkeep]\n|upkeep\n|turn|2\n|inactive|AegisKC has 30 seconds left.\n|inactive|Serperiorater has 30 seconds left.\n|\n|t:|1776178350\n|move|p1b: Farigiraf|Psychic|p2b: Raichu\n|-damage|p2b: Raichu|34/100\n|move|p1a: Pelipper|Weather Ball|p2a: Mamoswine\n|-supereffective|p2a: Mamoswine|1\n|-damage|p2a: Mamoswine|0 fnt\n|faint|p2a: Mamoswine\n|move|p2b: Raichu|Volt Switch|p1a: Pelipper\n|-supereffective|p1a: Pelipper|2\n|-enditem|p1a: Pelipper|Focus Sash\n|-damage|p1a: Pelipper|1/100\n|\n|t:|1776178365\n|switch|p2b: Kingambit|Kingambit, L50, F|100/100|[from] Volt Switch\n|\n|-weather|RainDance|[upkeep]\n|upkeep\n|\n|t:|1776178380\n|switch|p2a: Froslass|Froslass, L50, F|100/100\n|turn|3\n|\n|t:|1776178401\n|detailschange|p2a: Froslass|Froslass-Mega, L50, F\n|-mega|p2a: Froslass|Froslass|Froslassite\n|-weather|Snowscape|[from] ability: Snow Warning|[of] p2a: Froslass\n|move|p2a: Froslass|Protect|p2a: Froslass\n|-singleturn|p2a: Froslass|Protect\n|move|p2b: Kingambit|Kowtow Cleave|p1b: Farigiraf\n|-supereffective|p1b: Farigiraf|1\n|-damage|p1b: Farigiraf|0 fnt\n|faint|p1b: Farigiraf\n|move|p1a: Pelipper|Weather Ball|p2b: Kingambit\n|-resisted|p2b: Kingambit|1\n|-damage|p2b: Kingambit|86/100\n|\n|-weather|Snowscape|[upkeep]\n|upkeep\n|\n|t:|1776178415\n|switch|p1b: Dio|Sneasler, L50, F, shiny|100/100\n|turn|4\n|inactive|Serperiorater has 30 seconds left.\n|\n|t:|1776178443\n|switch|p2b: Raichu|Raichu, L50, M|34/100\n|switch|p1a: Kingambit|Kingambit, L50, F, shiny|100/100\n|move|p2a: Froslass|Blizzard|p1b: Dio|[spread] p1a,p1b\n|-resisted|p1a: Kingambit|1\n|-damage|p1a: Kingambit|75/100\n|-damage|p1b: Dio|36/100\n|move|p1b: Dio|Close Combat|p2b: Raichu\n|-damage|p2b: Raichu|0 fnt\n|-unboost|p1b: Dio|def|1\n|-unboost|p1b: Dio|spd|1\n|-status|p1b: Dio|par|[from] ability: Static|[of] p2b: Raichu\n|faint|p2b: Raichu\n|-enditem|p1b: Dio|White Herb\n|-clearnegativeboost|p1b: Dio|[silent]\n|\n|-weather|Snowscape|[upkeep]\n|upkeep\n|\n|t:|1776178461\n|switch|p2b: Kingambit|Kingambit, L50, F|86/100\n|turn|5\n|\n|t:|1776178479\n|switch|p1b: Pelipper|Pelipper, L50, F, shiny|1/100\n|-weather|RainDance|[from] ability: Drizzle|[of] p1b: Pelipper\n|move|p2a: Froslass|Protect|p2a: Froslass\n|-singleturn|p2a: Froslass|Protect\n|move|p2b: Kingambit|Iron Head|p1b: Pelipper\n|-resisted|p1b: Pelipper|1\n|-damage|p1b: Pelipper|0 fnt\n|faint|p1b: Pelipper\n|move|p1a: Kingambit|Brick Break|p2b: Kingambit\n|-supereffective|p2b: Kingambit|2\n|-damage|p2b: Kingambit|0 fnt\n|faint|p2b: Kingambit\n|\n|-weather|RainDance|[upkeep]\n|-fieldend|move: Trick Room\n|upkeep\n|\n|t:|1776178490\n|switch|p1b: Dio|Sneasler, L50, F, shiny|36/100 par\n|turn|6\n|\n|t:|1776178498\n|move|p2a: Froslass|Blizzard|p1b: Dio|[spread] p1a,p1b\n|-resisted|p1a: Kingambit|1\n|-damage|p1a: Kingambit|51/100\n|-damage|p1b: Dio|0 fnt\n|faint|p1b: Dio\n|move|p1a: Kingambit|Kowtow Cleave|p2a: Froslass\n|-supereffective|p2a: Froslass|1\n|-damage|p2a: Froslass|0 fnt\n|faint|p2a: Froslass\n|\n|win|AegisKC\n|raw|AegisKC's rating: 1208 &rarr; <strong>1228</strong><br />(+20 for winning)\n|raw|Serperiorater's rating: 1142 &rarr; <strong>1122</strong><br />(-20 for losing)\n|l|\u2606Serperiorater\n|player|p2|\n",
  "uploadtime": 1776178508,
  "views": 15,
  "formatid": "gen9championsvgc2026regma",
  "rating": 1122,
  "private": 0,
  "password": null
}