{
  "id": "gen9championsvgc2026regma-2588103444",
  "format": "[Gen 9 Champions] VGC 2026 Reg M-A",
  "players": [
    "Da1mon!",
    "JimBear14"
  ],
  "log": "|j|\u2606Da1mon!\n|j|\u2606JimBear14\n|t:|1776604627\n|gametype|doubles\n|player|p1|Da1mon!|ghetsis|1317\n|player|p2|JimBear14|kukui|1313\n|gen|9\n|tier|[Gen 9 Champions] VGC 2026 Reg M-A\n|rated|\n|rule|Species Clause: Limit one of each Pok\u00e9mon\n|rule|Item Clause: Limit 1 of each item\n|clearpoke\n|poke|p1|Chesnaught, L50, M, shiny|\n|poke|p1|Slowking-Galar, L50, F|\n|poke|p1|Kingambit, L50, F|\n|poke|p1|Armarouge, L50, M|\n|poke|p1|Oranguru, L50, F|\n|poke|p1|Primarina, L50, M|\n|poke|p2|Sneasler, L50, M|\n|poke|p2|Garchomp, L50, F|\n|poke|p2|Incineroar, L50, F|\n|poke|p2|Tyranitar, L50, M|\n|poke|p2|Rotom-Wash, L50|\n|poke|p2|Sinistcha, L50|\n|teampreview|4\n|inactive|Battle timer is ON: inactive players will automatically lose when time's up. (requested by JimBear14)\n|inactive|Da1mon! has 60 seconds left.\n|inactive|JimBear14 has 60 seconds left.\n|\n|t:|1776604663\n|teamsize|p1|4\n|teamsize|p2|4\n|start\n|switch|p1a: Chesnaught|Chesnaught, L50, M, shiny|100/100\n|switch|p1b: Oranguru|Oranguru, L50, F|100/100\n|switch|p2a: Garchomp|Garchomp, L50, F|100/100\n|switch|p2b: Rotom|Rotom-Wash, L50|100/100\n|turn|1\n|\n|t:|1776604685\n|move|p1a: Chesnaught|Spiky Shield|p1a: Chesnaught\n|-singleturn|p1a: Chesnaught|move: Protect\n|move|p2b: Rotom|Trick|p1b: Oranguru\n|-activate|p2b: Rotom|move: Trick|[of] p1b: Oranguru\n|-item|p1b: Oranguru|Choice Scarf|[from] move: Trick\n|-item|p2b: Rotom|Colbur Berry|[from] move: Trick\n|move|p2a: Garchomp|Earthquake|p1b: Oranguru|[spread] p1b\n|-activate|p1a: Chesnaught|move: Protect\n|-immune|p2b: Rotom|[from] ability: Levitate\n|-damage|p1b: Oranguru|72/100\n|move|p1b: Oranguru|Trick Room|p1b: Oranguru\n|-fieldstart|move: Trick Room|[of] p1b: Oranguru\n|\n|upkeep\n|turn|2\n|inactive|JimBear14 has 30 seconds left.\n|\n|t:|1776604714\n|switch|p1b: Kingambit|Kingambit, L50, F|100/100\n|detailschange|p1a: Chesnaught|Chesnaught-Mega, L50, M, shiny\n|-mega|p1a: Chesnaught|Chesnaught|Chesnaughtite\n|move|p2a: Garchomp|Protect|p2a: Garchomp\n|-singleturn|p2a: Garchomp|Protect\n|move|p1a: Chesnaught|Body Press|p2b: Rotom\n|-damage|p2b: Rotom|24/100\n|move|p2b: Rotom|Volt Switch|p1b: Kingambit\n|-damage|p1b: Kingambit|69/100\n|\n|t:|1776604734\n|switch|p2b: Sneasler|Sneasler, L50, M|100/100|[from] Volt Switch\n|\n|upkeep\n|turn|3\n|\n|t:|1776604753\n|move|p1a: Chesnaught|Spiky Shield|p1a: Chesnaught\n|-singleturn|p1a: Chesnaught|move: Protect\n|move|p1b: Kingambit|Protect|p1b: Kingambit\n|-singleturn|p1b: Kingambit|Protect\n|move|p2b: Sneasler|Fake Out|p1a: Chesnaught\n|-activate|p1a: Chesnaught|move: Protect\n|-damage|p2b: Sneasler|88/100|[from] Spiky Shield|[of] p1a: Chesnaught\n|move|p2a: Garchomp|Stomping Tantrum|p1b: Kingambit\n|-activate|p1b: Kingambit|move: Protect\n|\n|upkeep\n|turn|4\n|\n|t:|1776604774\n|move|p2b: Sneasler|Protect|p2b: Sneasler\n|-singleturn|p2b: Sneasler|Protect\n|move|p1a: Chesnaught|Body Press|p2a: Garchomp\n|-damage|p2a: Garchomp|43/100\n|move|p1b: Kingambit|Iron Head|p2b: Sneasler\n|-activate|p2b: Sneasler|move: Protect\n|move|p2a: Garchomp|Earthquake|p1a: Chesnaught|[spread] p1a,p1b\n|-activate|p2b: Sneasler|move: Protect\n|-resisted|p1a: Chesnaught|1\n|-supereffective|p1b: Kingambit|1\n|-damage|p1a: Chesnaught|91/100\n|-damage|p1b: Kingambit|11/100\n|\n|upkeep\n|turn|5\n|inactive|JimBear14 has 30 seconds left.\n|\n|t:|1776604802\n|switch|p1b: Oranguru|Oranguru, L50, F|72/100\n|switch|p2b: Rotom|Rotom-Wash, L50|24/100\n|move|p2a: Garchomp|Protect|p2a: Garchomp\n|-singleturn|p2a: Garchomp|Protect\n|move|p1a: Chesnaught|Body Press|p2b: Rotom\n|-damage|p2b: Rotom|0 fnt\n|faint|p2b: Rotom\n|\n|-fieldend|move: Trick Room\n|upkeep\n|\n|t:|1776604814\n|switch|p2b: Sneasler|Sneasler, L50, M|88/100\n|turn|6\n|inactive|Da1mon! has 30 seconds left.\n|\n|t:|1776604839\n|move|p1a: Chesnaught|Spiky Shield|p1a: Chesnaught\n|-singleturn|p1a: Chesnaught|move: Protect\n|move|p2b: Sneasler|Fake Out|p1b: Oranguru\n|-damage|p1b: Oranguru|59/100\n|move|p2a: Garchomp|Stomping Tantrum|p1b: Oranguru\n|-damage|p1b: Oranguru|25/100\n|move|p1b: Oranguru|Psychic Noise|p2b: Sneasler\n|-supereffective|p2b: Sneasler|2\n|-damage|p2b: Sneasler|0 fnt\n|faint|p2b: Sneasler\n|\n|upkeep\n|\n|t:|1776604862\n|switch|p2b: Tyranitar|Tyranitar, L50, M|100/100\n|-weather|Sandstorm|[from] ability: Sand Stream|[of] p2b: Tyranitar\n|turn|7\n|\n|t:|1776604872\n|detailschange|p2b: Tyranitar|Tyranitar-Mega, L50, M\n|-mega|p2b: Tyranitar|Tyranitar|Tyranitarite\n|move|p2a: Garchomp|Stomping Tantrum|p1a: Chesnaught\n|-resisted|p1a: Chesnaught|1\n|-damage|p1a: Chesnaught|83/100\n|move|p1b: Oranguru|Psychic Noise|p2a: Garchomp|[miss]\n|-miss|p1b: Oranguru|p2a: Garchomp\n|move|p2b: Tyranitar|Rock Slide|p1b: Oranguru|[spread] p1a,p1b\n|-resisted|p1a: Chesnaught|1\n|-damage|p1a: Chesnaught|75/100\n|-damage|p1b: Oranguru|0 fnt\n|faint|p1b: Oranguru\n|move|p1a: Chesnaught|Body Press|p2b: Tyranitar\n|-supereffective|p2b: Tyranitar|2\n|-damage|p2b: Tyranitar|0 fnt\n|faint|p2b: Tyranitar\n|\n|-weather|Sandstorm|[upkeep]\n|-damage|p1a: Chesnaught|69/100|[from] Sandstorm\n|upkeep\n|\n|t:|1776604886\n|switch|p1b: Kingambit|Kingambit, L50, F|11/100\n|turn|8\n|-message|JimBear14 forfeited.\n|\n|win|Da1mon!\n|raw|Da1mon!'s rating: 1317 &rarr; <strong>1337</strong><br />(+20 for winning)\n|raw|JimBear14's rating: 1313 &rarr; <strong>1293</strong><br />(-20 for losing)\n|l|\u2606JimBear14\n|player|p2|\n",
  "uploadtime": 1776604894,
  "views": 14,
  "formatid": "gen9championsvgc2026regma",
  "rating": 1293,
  "private": 0,
  "password": null
}