{
  "id": "gen9championsvgc2026regma-2587568539",
  "format": "[Gen 9 Champions] VGC 2026 Reg M-A",
  "players": [
    "dune's kitchen",
    "Zebrafish123"
  ],
  "log": "|j|\u2606dune's kitchen\n|j|\u2606Zebrafish123\n|t:|1776543030\n|gametype|doubles\n|player|p1|dune's kitchen|baker|1188\n|player|p2|Zebrafish123|266|1237\n|gen|9\n|tier|[Gen 9 Champions] VGC 2026 Reg M-A\n|rated|\n|rule|Species Clause: Limit one of each Pok\u00e9mon\n|rule|Item Clause: Limit 1 of each item\n|clearpoke\n|poke|p1|Meowstic-F, L50, F|\n|poke|p1|Wyrdeer, L50, M|\n|poke|p1|Tyranitar, L50, M|\n|poke|p1|Corviknight, L50, M|\n|poke|p1|Sinistcha, L50|\n|poke|p1|Sylveon, L50, F|\n|poke|p2|Meganium, L50, M|\n|poke|p2|Pelipper, L50, M|\n|poke|p2|Archaludon, L50, F|\n|poke|p2|Simipour, L50, M|\n|poke|p2|Basculegion, L50, M|\n|poke|p2|Heliolisk, L50, M|\n|teampreview|4\n|inactive|Battle timer is ON: inactive players will automatically lose when time's up. (requested by Zebrafish123)\n|\n|t:|1776543056\n|teamsize|p1|4\n|teamsize|p2|4\n|start\n|switch|p1a: Meowstic|Meowstic-F, L50, F|100/100\n|switch|p1b: Wyrdeer|Wyrdeer, L50, M|100/100\n|switch|p2a: Meganium|Meganium, L50, M|100/100\n|switch|p2b: Simipour|Simipour, L50, M|100/100\n|-ability|p1b: Wyrdeer|Intimidate|boost\n|-unboost|p2a: Meganium|atk|1\n|-unboost|p2b: Simipour|atk|1\n|turn|1\n|inactive|Zebrafish123 has 30 seconds left.\n|\n|t:|1776543082\n|detailschange|p2a: Meganium|Meganium-Mega, L50, M\n|-mega|p2a: Meganium|Meganium|Meganiumite\n|move|p1a: Meowstic|Fake Out|p2b: Simipour\n|-damage|p2b: Simipour|93/100\n|cant|p2b: Simipour|flinch\n|move|p2a: Meganium|Solar Beam||[still]\n|-prepare|p2a: Meganium|Solar Beam\n|-activate|p2a: Meganium|ability: Mega Sol\n|-anim|p2a: Meganium|Solar Beam|p1a: Meowstic\n|-damage|p1a: Meowstic|0 fnt\n|faint|p1a: Meowstic\n|move|p1b: Wyrdeer|Skill Swap|p2a: Meganium\n|-activate|p1b: Wyrdeer|Skill Swap|Mega Sol|Intimidate|[of] p2a: Meganium\n|-ability|p2a: Meganium|Intimidate|boost\n|-unboost|p1b: Wyrdeer|atk|1\n|\n|upkeep\n|\n|t:|1776543088\n|switch|p1a: Sylveon|Sylveon, L50, F|100/100\n|turn|2\n|\n|t:|1776543100\n|move|p2b: Simipour|Helping Hand|p2a: Meganium\n|-singleturn|p2a: Meganium|Helping Hand|[of] p2b: Simipour\n|move|p2a: Meganium|Solar Beam||[still]\n|-prepare|p2a: Meganium|Solar Beam\n|move|p1a: Sylveon|Calm Mind|p1a: Sylveon\n|-boost|p1a: Sylveon|spa|1\n|-boost|p1a: Sylveon|spd|1\n|move|p1b: Wyrdeer|Trick Room|p1b: Wyrdeer\n|-fieldstart|move: Trick Room|[of] p1b: Wyrdeer\n|\n|upkeep\n|turn|3\n|\n|t:|1776543123\n|move|p2b: Simipour|Helping Hand|p2a: Meganium\n|-singleturn|p2a: Meganium|Helping Hand|[of] p2b: Simipour\n|move|p1a: Sylveon|Hyper Voice|p2b: Simipour|[spread] p2a,p2b\n|-damage|p2a: Meganium|60/100\n|-damage|p2b: Simipour|24/100\n|move|p1b: Wyrdeer|Psychic Noise|p2a: Meganium\n|-damage|p2a: Meganium|36/100\n|-start|p2a: Meganium|move: Heal Block\n|move|p2a: Meganium|Solar Beam|p1b: Wyrdeer|[from] lockedmove\n|-damage|p1b: Wyrdeer|13/100\n|-enditem|p1b: Wyrdeer|Sitrus Berry|[eat]\n|-heal|p1b: Wyrdeer|38/100|[from] item: Sitrus Berry\n|\n|upkeep\n|turn|4\n|inactive|Zebrafish123 has 30 seconds left.\n|\n|t:|1776543157\n|move|p2a: Meganium|Protect|p2a: Meganium\n|-singleturn|p2a: Meganium|Protect\n|move|p1a: Sylveon|Hyper Voice|p2a: Meganium|[spread] p2b\n|-activate|p2a: Meganium|move: Protect\n|-damage|p2b: Simipour|0 fnt\n|faint|p2b: Simipour\n|move|p1b: Wyrdeer|Psychic Noise|p2a: Meganium\n|-activate|p2a: Meganium|move: Protect\n|\n|-end|p2a: Meganium|move: Heal Block\n|upkeep\n|\n|t:|1776543162\n|switch|p2b: Pelipper|Pelipper, L50, M|100/100\n|-weather|RainDance|[from] ability: Drizzle|[of] p2b: Pelipper\n|turn|5\n|\n|t:|1776543172\n|switch|p1b: Tyranitar|Tyranitar, L50, M|100/100\n|-weather|Sandstorm|[from] ability: Sand Stream|[of] p1b: Tyranitar\n|move|p1a: Sylveon|Calm Mind|p1a: Sylveon\n|-boost|p1a: Sylveon|spa|1\n|-boost|p1a: Sylveon|spd|1\n|move|p2b: Pelipper|Hurricane|p1a: Sylveon\n|-damage|p1a: Sylveon|86/100\n|move|p2a: Meganium|Solar Beam||[still]\n|-prepare|p2a: Meganium|Solar Beam\n|\n|-weather|Sandstorm|[upkeep]\n|-damage|p1a: Sylveon|80/100|[from] Sandstorm\n|-damage|p2b: Pelipper|95/100|[from] Sandstorm\n|-damage|p2a: Meganium|30/100|[from] Sandstorm\n|upkeep\n|turn|6\n|\n|t:|1776543192\n|switch|p2b: Archaludon|Archaludon, L50, F|100/100\n|move|p1a: Sylveon|Mystical Fire|p2a: Meganium\n|-supereffective|p2a: Meganium|1\n|-damage|p2a: Meganium|0 fnt\n|faint|p2a: Meganium\n|move|p1b: Tyranitar|Knock Off|p2b: Archaludon\n|-damage|p2b: Archaludon|68/100\n|-ability|p2b: Archaludon|Stamina|boost\n|-boost|p2b: Archaludon|def|1\n|-enditem|p2b: Archaludon|Sitrus Berry|[from] move: Knock Off|[of] p1b: Tyranitar\n|\n|-weather|Sandstorm|[upkeep]\n|-damage|p1a: Sylveon|74/100|[from] Sandstorm\n|-fieldend|move: Trick Room\n|upkeep\n|\n|t:|1776543215\n|switch|p2a: Pelipper|Pelipper, L50, M|95/100\n|-weather|RainDance|[from] ability: Drizzle|[of] p2a: Pelipper\n|turn|7\n|\n|t:|1776543232\n|detailschange|p1b: Tyranitar|Tyranitar-Mega, L50, M\n|-mega|p1b: Tyranitar|Tyranitar|Tyranitarite\n|-weather|Sandstorm|[from] ability: Sand Stream|[of] p1b: Tyranitar\n|move|p2b: Archaludon|Electro Shot||[still]\n|-prepare|p2b: Archaludon|Electro Shot\n|-boost|p2b: Archaludon|spa|1\n|move|p1b: Tyranitar|Knock Off|p2a: Pelipper\n|-damage|p2a: Pelipper|29/100\n|-enditem|p2a: Pelipper|Focus Sash|[from] move: Knock Off|[of] p1b: Tyranitar\n|move|p2a: Pelipper|Weather Ball|p1a: Sylveon\n|-damage|p1a: Sylveon|65/100\n|move|p1a: Sylveon|Mystical Fire|p2b: Archaludon\n|-damage|p2b: Archaludon|20/100\n|-unboost|p2b: Archaludon|spa|1\n|-ability|p2b: Archaludon|Stamina|boost\n|-boost|p2b: Archaludon|def|1\n|\n|-weather|Sandstorm|[upkeep]\n|-damage|p2a: Pelipper|23/100|[from] Sandstorm\n|-damage|p1a: Sylveon|59/100|[from] Sandstorm\n|upkeep\n|turn|8\n|-message|Zebrafish123 forfeited.\n|\n|win|dune's kitchen\n|raw|dune&apos;s kitchen's rating: 1188 &rarr; <strong>1215</strong><br />(+27 for winning)\n|raw|Zebrafish123's rating: 1218 &rarr; <strong>1191</strong><br />(-27 for losing)\n|l|\u2606Zebrafish123\n|player|p2|\n",
  "uploadtime": 1776543242,
  "views": 12,
  "formatid": "gen9championsvgc2026regma",
  "rating": 1191,
  "private": 0,
  "password": null
}