{
  "id": "gen9championsvgc2026regma-2587473894",
  "format": "[Gen 9 Champions] VGC 2026 Reg M-A",
  "players": [
    "yuyutuyu",
    "Patlyk"
  ],
  "log": "|j|\u2606yuyutuyu\n|j|\u2606Patlyk\n|t:|1776534835\n|gametype|doubles\n|player|p1|yuyutuyu|lass-gen4dp|1214\n|player|p2|Patlyk|2|1198\n|gen|9\n|tier|[Gen 9 Champions] VGC 2026 Reg M-A\n|rated|\n|rule|Species Clause: Limit one of each Pok\u00e9mon\n|rule|Item Clause: Limit 1 of each item\n|clearpoke\n|poke|p1|Sableye, L50, M|\n|poke|p1|Basculegion, L50, M|\n|poke|p1|Skarmory, L50, M|\n|poke|p1|Sneasler, L50, M|\n|poke|p1|Hydreigon, L50, M|\n|poke|p1|Rotom-Mow, L50|\n|poke|p2|Whimsicott, L50, M|\n|poke|p2|Delphox, L50, F|\n|poke|p2|Sneasler, L50, F|\n|poke|p2|Garchomp, L50, M|\n|poke|p2|Gengar, L50, M|\n|poke|p2|Kingambit, L50, M|\n|teampreview|4\n|\n|t:|1776534870\n|teamsize|p1|4\n|teamsize|p2|4\n|start\n|switch|p1a: Sneasler|Sneasler, L50, M|100/100\n|switch|p1b: Hydreigon|Hydreigon, L50, M|100/100\n|switch|p2a: Air Shakur|Kingambit, L50, M|100/100\n|switch|p2b: Rice Shower|Sneasler, L50, F|100/100\n|turn|1\n|\n|t:|1776534895\n|switch|p2a: Haru Urara|Whimsicott, L50, M|100/100\n|move|p1a: Sneasler|Fake Out|p2b: Rice Shower\n|-damage|p2b: Rice Shower|76/100\n|cant|p2b: Rice Shower|flinch\n|move|p1b: Hydreigon|Tailwind|p1b: Hydreigon\n|-sidestart|p1: yuyutuyu|move: Tailwind\n|\n|upkeep\n|turn|2\n|\n|t:|1776534924\n|switch|p1b: Sableye|Sableye, L50, M|100/100\n|move|p1a: Sneasler|Dire Claw|p2a: Haru Urara\n|-supereffective|p2a: Haru Urara|2\n|-enditem|p2a: Haru Urara|Focus Sash\n|-damage|p2a: Haru Urara|1/100\n|-status|p2a: Haru Urara|par\n|move|p2b: Rice Shower|Close Combat|p1a: Sneasler\n|-resisted|p1a: Sneasler|1\n|-damage|p1a: Sneasler|49/100\n|-unboost|p2b: Rice Shower|def|1\n|-unboost|p2b: Rice Shower|spd|1\n|-enditem|p2b: Rice Shower|White Herb\n|-clearnegativeboost|p2b: Rice Shower|[silent]\n|move|p2a: Haru Urara|Moonblast|p1b: Sableye\n|-supereffective|p1b: Sableye|1\n|-damage|p1b: Sableye|19/100\n|\n|upkeep\n|turn|3\n|\n|t:|1776534955\n|move|p1b: Sableye|Will-O-Wisp|p2b: Rice Shower\n|-status|p2b: Rice Shower|brn\n|move|p2b: Rice Shower|Close Combat|p1a: Sneasler\n|-resisted|p1a: Sneasler|1\n|-crit|p1a: Sneasler\n|-damage|p1a: Sneasler|10/100\n|-unboost|p2b: Rice Shower|def|1\n|-unboost|p2b: Rice Shower|spd|1\n|move|p1a: Sneasler|Close Combat|p2a: Haru Urara\n|-resisted|p2a: Haru Urara|1\n|-damage|p2a: Haru Urara|0 fnt\n|-unboost|p1a: Sneasler|def|1\n|-unboost|p1a: Sneasler|spd|1\n|faint|p2a: Haru Urara\n|-enditem|p1a: Sneasler|White Herb\n|-clearnegativeboost|p1a: Sneasler|[silent]\n|\n|-damage|p2b: Rice Shower|71/100 brn|[from] brn\n|upkeep\n|\n|t:|1776534973\n|switch|p2a: Special Week|Delphox, L50, F|100/100\n|turn|4\n|\n|t:|1776534995\n|move|p2a: Special Week|Protect|p2a: Special Week\n|-singleturn|p2a: Special Week|Protect\n|move|p1b: Sableye|Rain Dance|p1b: Sableye\n|-weather|RainDance\n|move|p1a: Sneasler|Dire Claw|p2a: Special Week\n|-activate|p2a: Special Week|move: Protect\n|move|p2b: Rice Shower|Close Combat|p1a: Sneasler\n|-resisted|p1a: Sneasler|1\n|-damage|p1a: Sneasler|0 fnt\n|-unboost|p2b: Rice Shower|def|1\n|-unboost|p2b: Rice Shower|spd|1\n|faint|p1a: Sneasler\n|\n|-weather|RainDance|[upkeep]\n|-damage|p2b: Rice Shower|65/100 brn|[from] brn\n|-sideend|p1: yuyutuyu|move: Tailwind\n|upkeep\n|\n|t:|1776535007\n|switch|p1a: Basculegion|Basculegion, L50, M|100/100\n|turn|5\n|\n|t:|1776535016\n|switch|p2a: Air Shakur|Kingambit, L50, M|100/100\n|move|p1b: Sableye|Helping Hand|p1a: Basculegion\n|-singleturn|p1a: Basculegion|Helping Hand|[of] p1b: Sableye\n|move|p2b: Rice Shower|Protect|p2b: Rice Shower\n|-singleturn|p2b: Rice Shower|Protect\n|move|p1a: Basculegion|Liquidation|p2a: Air Shakur\n|-damage|p2a: Air Shakur|9/100\n|-unboost|p2a: Air Shakur|def|1\n|-ability|p2a: Air Shakur|Defiant|boost\n|-boost|p2a: Air Shakur|atk|2\n|\n|-weather|RainDance|[upkeep]\n|-damage|p2b: Rice Shower|59/100 brn|[from] brn\n|upkeep\n|turn|6\n|\n|t:|1776535049\n|switch|p1a: Hydreigon|Hydreigon, L50, M|100/100\n|move|p2a: Air Shakur|Sucker Punch||[still]\n|-fail|p2a: Air Shakur\n|move|p1b: Sableye|Disable|p2b: Rice Shower\n|-start|p2b: Rice Shower|Disable|Protect\n|move|p2b: Rice Shower|Dire Claw|p1b: Sableye\n|-resisted|p1b: Sableye|1\n|-damage|p1b: Sableye|4/100\n|\n|-weather|RainDance|[upkeep]\n|-damage|p2b: Rice Shower|53/100 brn|[from] brn\n|upkeep\n|turn|7\n|\n|t:|1776535070\n|switch|p2b: Special Week|Delphox, L50, F|100/100\n|move|p1a: Hydreigon|Protect|p1a: Hydreigon\n|-singleturn|p1a: Hydreigon|Protect\n|move|p2a: Air Shakur|Protect|p2a: Air Shakur\n|-singleturn|p2a: Air Shakur|Protect\n|move|p1b: Sableye|Disable|p2a: Air Shakur\n|-activate|p2a: Air Shakur|move: Protect\n|\n|-weather|RainDance|[upkeep]\n|upkeep\n|turn|8\n|\n|t:|1776535097\n|switch|p2a: Rice Shower|Sneasler, L50, F|53/100 brn\n|detailschange|p2b: Special Week|Delphox-Mega, L50, F\n|-mega|p2b: Special Week|Delphox|Delphoxite\n|move|p1b: Sableye|Disable||[still]\n|-fail|p1b: Sableye\n|move|p2b: Special Week|Encore|p1a: Hydreigon\n|-start|p1a: Hydreigon|Encore\n|move|p1a: Hydreigon|Protect||[still]\n|-fail|p1a: Hydreigon\n|\n|-weather|none\n|-damage|p2a: Rice Shower|48/100 brn|[from] brn\n|upkeep\n|turn|9\n|\n|t:|1776535130\n|switch|p1a: Basculegion|Basculegion, L50, M|100/100\n|move|p2a: Rice Shower|Fake Out|p1a: Basculegion\n|-immune|p1a: Basculegion\n|move|p1b: Sableye|Rain Dance|p1b: Sableye\n|-weather|RainDance\n|move|p2b: Special Week|Heat Wave|p1a: Basculegion|[spread] p1b\n|-miss|p2b: Special Week|p1a: Basculegion\n|-damage|p1b: Sableye|0 fnt\n|faint|p1b: Sableye\n|\n|-weather|RainDance|[upkeep]\n|-damage|p2a: Rice Shower|42/100 brn|[from] brn\n|upkeep\n|\n|t:|1776535138\n|switch|p1b: Hydreigon|Hydreigon, L50, M|100/100\n|turn|10\n|\n|t:|1776535165\n|move|p2a: Rice Shower|Protect|p2a: Rice Shower\n|-singleturn|p2a: Rice Shower|Protect\n|move|p2b: Special Week|Protect|p2b: Special Week\n|-singleturn|p2b: Special Week|Protect\n|move|p1a: Basculegion|Liquidation|p2a: Rice Shower\n|-activate|p2a: Rice Shower|move: Protect\n|move|p1b: Hydreigon|Draco Meteor|p2b: Special Week\n|-activate|p2b: Special Week|move: Protect\n|\n|-weather|RainDance|[upkeep]\n|-damage|p2a: Rice Shower|36/100 brn|[from] brn\n|upkeep\n|turn|11\n|\n|t:|1776535186\n|move|p1a: Basculegion|Liquidation|p2a: Rice Shower\n|-damage|p2a: Rice Shower|0 fnt\n|faint|p2a: Rice Shower\n|move|p2b: Special Week|Heat Wave|p1b: Hydreigon|[spread] p1a,p1b\n|-resisted|p1a: Basculegion|1\n|-resisted|p1b: Hydreigon|1\n|-damage|p1a: Basculegion|88/100\n|-damage|p1b: Hydreigon|88/100\n|move|p1b: Hydreigon|Draco Meteor|p2b: Special Week\n|-damage|p2b: Special Week|21/100\n|-unboost|p1b: Hydreigon|spa|2\n|\n|-weather|RainDance|[upkeep]\n|upkeep\n|\n|t:|1776535197\n|switch|p2a: Air Shakur|Kingambit, L50, M|9/100\n|turn|12\n|\n|t:|1776535214\n|move|p2b: Special Week|Protect|p2b: Special Week\n|-singleturn|p2b: Special Week|Protect\n|move|p2a: Air Shakur|Sucker Punch|p1a: Basculegion\n|-supereffective|p1a: Basculegion|1\n|-damage|p1a: Basculegion|0 fnt\n|faint|p1a: Basculegion\n|move|p1b: Hydreigon|Flamethrower|p2a: Air Shakur\n|-supereffective|p2a: Air Shakur|1\n|-damage|p2a: Air Shakur|0 fnt\n|faint|p2a: Air Shakur\n|\n|-weather|RainDance|[upkeep]\n|upkeep\n|turn|13\n|\n|t:|1776535230\n|move|p2b: Special Week|Encore|p1b: Hydreigon\n|-start|p1b: Hydreigon|Encore\n|move|p1b: Hydreigon|Flamethrower|p2b: Special Week\n|-resisted|p2b: Special Week|1\n|-damage|p2b: Special Week|17/100\n|\n|-weather|none\n|upkeep\n|turn|14\n|\n|t:|1776535236\n|move|p2b: Special Week|Heat Wave|p1b: Hydreigon\n|-resisted|p1b: Hydreigon|1\n|-damage|p1b: Hydreigon|51/100\n|move|p1b: Hydreigon|Flamethrower|p2b: Special Week\n|-resisted|p2b: Special Week|1\n|-damage|p2b: Special Week|9/100\n|\n|upkeep\n|turn|15\n|\n|t:|1776535246\n|move|p2b: Special Week|Heat Wave|p1b: Hydreigon\n|-resisted|p1b: Hydreigon|1\n|-damage|p1b: Hydreigon|15/100\n|move|p1b: Hydreigon|Flamethrower|p2b: Special Week\n|-resisted|p2b: Special Week|1\n|-damage|p2b: Special Week|0 fnt\n|faint|p2b: Special Week\n|\n|win|yuyutuyu\n|raw|yuyutuyu's rating: 1214 &rarr; <strong>1238</strong><br />(+24 for winning)\n|raw|Patlyk's rating: 1198 &rarr; <strong>1174</strong><br />(-24 for losing)\n|l|\u2606Patlyk\n|player|p2|\n",
  "uploadtime": 1776535444,
  "views": 17,
  "formatid": "gen9championsvgc2026regma",
  "rating": 1174,
  "private": 0,
  "password": null
}