{
  "id": "gen9championsvgc2026regma-2581504506",
  "format": "[Gen 9 Champions] VGC 2026 Reg M-A",
  "players": [
    "R0SSELL",
    "reznob"
  ],
  "log": "|j|\u2606R0SSELL\n|j|\u2606reznob\n|t:|1776006476\n|gametype|doubles\n|player|p1|R0SSELL|red|1051\n|player|p2|reznob|266|1061\n|gen|9\n|tier|[Gen 9 Champions] VGC 2026 Reg M-A\n|rated|\n|rule|Species Clause: Limit one of each Pok\u00e9mon\n|rule|Item Clause: Limit 1 of each item\n|clearpoke\n|poke|p1|Sneasler, L50, F|\n|poke|p1|Charizard, L50, F|\n|poke|p1|Venusaur, L50, M|\n|poke|p1|Incineroar, L50, F|\n|poke|p1|Whimsicott, L50, M|\n|poke|p1|Gengar, L50, F|\n|poke|p2|Scizor, L50, M|\n|poke|p2|Politoed, L50, M|\n|poke|p2|Dragonite, L50, M|\n|poke|p2|Sinistcha, L50|\n|poke|p2|Rotom-Heat, L50|\n|poke|p2|Excadrill, L50, M|\n|teampreview|4\n|inactive|Battle timer is ON: inactive players will automatically lose when time's up. (requested by R0SSELL)\n|inactive|R0SSELL has 60 seconds left.\n|inactive|reznob has 60 seconds left.\n|inactive|reznob has 30 seconds left.\n|inactive|R0SSELL has 30 seconds left.\n|inactive|reznob has 20 seconds left.\n|inactive|reznob has 15 seconds left.\n|inactive|R0SSELL has 20 seconds left.\n|inactive|reznob has 10 seconds left.\n|inactive|R0SSELL has 15 seconds left.\n|inactive|reznob has 5 seconds left.\n|inactive|R0SSELL has 10 seconds left.\n|\n|t:|1776006570\n|teamsize|p1|4\n|teamsize|p2|4\n|start\n|switch|p1a: Charizard|Charizard, L50, F|100/100\n|switch|p1b: Incineroar|Incineroar, L50, F|100/100\n|switch|p2a: Scizor|Scizor, L50, M|100/100\n|switch|p2b: Politoed|Politoed, L50, M|100/100\n|-ability|p1b: Incineroar|Intimidate|boost\n|-unboost|p2a: Scizor|atk|1\n|-unboost|p2b: Politoed|atk|1\n|-weather|RainDance|[from] ability: Drizzle|[of] p2b: Politoed\n|turn|1\n|inactive|R0SSELL has 30 seconds left.\n|inactive|reznob has 30 seconds left.\n|inactive|reznob has 20 seconds left.\n|inactive|reznob has 15 seconds left.\n|inactive|R0SSELL has 20 seconds left.\n|inactive|reznob has 10 seconds left.\n|inactive|reznob has 5 seconds left.\n|\n|t:|1776006625\n|detailschange|p1a: Charizard|Charizard-Mega-Y, L50, F\n|-mega|p1a: Charizard|Charizard|Charizardite Y\n|-weather|SunnyDay|[from] ability: Drought|[of] p1a: Charizard\n|move|p1a: Charizard|Protect|p1a: Charizard\n|-singleturn|p1a: Charizard|Protect\n|move|p1b: Incineroar|Fake Out|p2b: Politoed\n|-damage|p2b: Politoed|87/100\n|move|p2a: Scizor|Bullet Punch|p1a: Charizard\n|-activate|p1a: Charizard|move: Protect\n|cant|p2b: Politoed|flinch\n|\n|-weather|SunnyDay|[upkeep]\n|upkeep\n|turn|2\n|inactive|R0SSELL has 30 seconds left.\n|inactive|reznob has 30 seconds left.\n|inactive|reznob has 20 seconds left.\n|inactive|reznob has 15 seconds left.\n|inactive|reznob has 10 seconds left.\n|inactive|reznob has 5 seconds left.\n|\n|t:|1776006680\n|move|p2a: Scizor|Bullet Punch|p1a: Charizard\n|-resisted|p1a: Charizard|1\n|-damage|p1a: Charizard|84/100\n|move|p1a: Charizard|Heat Wave|p2a: Scizor|[spread] p2a,p2b\n|-supereffective|p2a: Scizor|2\n|-resisted|p2b: Politoed|1\n|-damage|p2a: Scizor|0 fnt\n|-damage|p2b: Politoed|65/100\n|faint|p2a: Scizor\n|move|p1b: Incineroar|Flare Blitz|p2b: Politoed\n|-resisted|p2b: Politoed|1\n|-damage|p2b: Politoed|19/100\n|-enditem|p2b: Politoed|Sitrus Berry|[eat]\n|-heal|p2b: Politoed|44/100|[from] item: Sitrus Berry\n|-damage|p1b: Incineroar|84/100|[from] Recoil\n|move|p2b: Politoed|Icy Wind|p1a: Charizard|[spread] p1a,p1b\n|-resisted|p1b: Incineroar|1\n|-damage|p1a: Charizard|75/100\n|-damage|p1b: Incineroar|79/100\n|-unboost|p1a: Charizard|spe|1\n|-unboost|p1b: Incineroar|spe|1\n|\n|-weather|SunnyDay|[upkeep]\n|upkeep\n|inactive|reznob has 30 seconds left.\n|inactive|reznob has 20 seconds left.\n|inactive|reznob has 15 seconds left.\n|inactive|reznob has 10 seconds left.\n|inactive|reznob has 5 seconds left.\n|\n|t:|1776006735\n|switch|p2a: Dragonite|Dragonite, L50, M|100/100\n|turn|3\n|inactive|R0SSELL has 30 seconds left.\n|inactive|reznob has 30 seconds left.\n|inactive|reznob has 20 seconds left.\n|inactive|reznob has 15 seconds left.\n|inactive|reznob has 10 seconds left.\n|inactive|reznob has 5 seconds left.\n|\n|t:|1776006798\n|move|p1a: Charizard|Protect|p1a: Charizard\n|-singleturn|p1a: Charizard|Protect\n|move|p2a: Dragonite|Draco Meteor|p1b: Incineroar\n|-damage|p1b: Incineroar|7/100\n|-unboost|p2a: Dragonite|spa|2\n|move|p2b: Politoed|Icy Wind|p1a: Charizard|[spread] p1b\n|-activate|p1a: Charizard|move: Protect\n|-resisted|p1b: Incineroar|1\n|-damage|p1b: Incineroar|2/100\n|-unboost|p1b: Incineroar|spe|1\n|move|p1b: Incineroar|Parting Shot|p2a: Dragonite\n|-unboost|p2a: Dragonite|atk|1\n|-unboost|p2a: Dragonite|spa|1\n|\n|t:|1776006816\n|switch|p1b: Venusaur|Venusaur, L50, M|100/100|[from] Parting Shot\n|\n|-weather|SunnyDay|[upkeep]\n|upkeep\n|turn|4\n|inactive|R0SSELL has 30 seconds left.\n|inactive|reznob has 30 seconds left.\n|inactive|reznob has 20 seconds left.\n|inactive|reznob has 15 seconds left.\n|inactive|reznob has 10 seconds left.\n|inactive|reznob has 5 seconds left.\n|\n|t:|1776006871\n|move|p1b: Venusaur|Weather Ball|p2b: Politoed\n|-resisted|p2b: Politoed|1\n|-damage|p2b: Politoed|29/100\n|move|p1a: Charizard|Heat Wave|p2b: Politoed|[spread] p2a,p2b\n|-resisted|p2a: Dragonite|1\n|-resisted|p2b: Politoed|1\n|-damage|p2a: Dragonite|72/100\n|-damage|p2b: Politoed|10/100\n|-status|p2b: Politoed|brn\n|move|p2a: Dragonite|Draco Meteor|p1a: Charizard\n|-damage|p1a: Charizard|50/100\n|-unboost|p2a: Dragonite|spa|2\n|move|p2b: Politoed|Icy Wind|p1b: Venusaur|[spread] p1a,p1b\n|-supereffective|p1b: Venusaur|1\n|-damage|p1a: Charizard|42/100\n|-damage|p1b: Venusaur|84/100\n|-unboost|p1a: Charizard|spe|1\n|-unboost|p1b: Venusaur|spe|1\n|\n|-weather|SunnyDay|[upkeep]\n|-heal|p1b: Venusaur|90/100|[from] item: Leftovers\n|-damage|p2b: Politoed|4/100 brn|[from] brn\n|upkeep\n|turn|5\n|inactive|R0SSELL has 30 seconds left.\n|inactive|reznob has 30 seconds left.\n|inactive|R0SSELL has 20 seconds left.\n|inactive|reznob has 20 seconds left.\n|inactive|R0SSELL has 15 seconds left.\n|inactive|reznob has 15 seconds left.\n|inactive|R0SSELL has 10 seconds left.\n|inactive|reznob has 10 seconds left.\n|inactive|R0SSELL has 5 seconds left.\n|inactive|reznob has 5 seconds left.\n|\n|t:|1776006926\n|switch|p1a: Incineroar|Incineroar, L50, F|2/100\n|-ability|p1a: Incineroar|Intimidate|boost\n|-fail|p2a: Dragonite|unboost|Attack|[from] ability: Inner Focus|[of] p2a: Dragonite\n|-unboost|p2b: Politoed|atk|1\n|move|p1b: Venusaur|Sludge Bomb|p2b: Politoed\n|-damage|p2b: Politoed|0 fnt\n|faint|p2b: Politoed\n|move|p2a: Dragonite|Draco Meteor|p1a: Incineroar\n|-damage|p1a: Incineroar|0 fnt\n|-unboost|p2a: Dragonite|spa|1\n|faint|p1a: Incineroar\n|\n|-weather|none\n|-heal|p1b: Venusaur|96/100|[from] item: Leftovers\n|upkeep\n|inactive|reznob has 30 seconds left.\n|inactive|reznob has 20 seconds left.\n|inactive|reznob has 15 seconds left.\n|-message|reznob forfeited.\n|\n|win|R0SSELL\n|raw|R0SSELL's rating: 1051 &rarr; <strong>1084</strong><br />(+33 for winning)\n|raw|reznob's rating: 1061 &rarr; <strong>1041</strong><br />(-20 for losing)\n|l|\u2606reznob\n|player|p2|\n",
  "uploadtime": 1776006975,
  "views": 18,
  "formatid": "gen9championsvgc2026regma",
  "rating": 1041,
  "private": 0,
  "password": null
}