{
  "id": "gen9championsvgc2026regma-2585188385",
  "format": "[Gen 9 Champions] VGC 2026 Reg M-A",
  "players": [
    "Triplo su Presenza",
    "ChampionsmatchVGC"
  ],
  "log": "|j|\u2606Triplo su Presenza\n|j|\u2606ChampionsmatchVGC\n|t:|1776322757\n|gametype|doubles\n|player|p1|Triplo su Presenza|266|1557\n|player|p2|ChampionsmatchVGC|gardenia|1464\n|gen|9\n|tier|[Gen 9 Champions] VGC 2026 Reg M-A\n|rated|\n|rule|Species Clause: Limit one of each Pok\u00e9mon\n|rule|Item Clause: Limit 1 of each item\n|clearpoke\n|poke|p1|Excadrill, L50, F|\n|poke|p1|Tyranitar, L50, M|\n|poke|p1|Incineroar, L50, M|\n|poke|p1|Floette-Eternal, L50, F|\n|poke|p1|Froslass, L50, F|\n|poke|p1|Rotom-Wash, L50|\n|poke|p2|Blastoise, L50, M|\n|poke|p2|Farigiraf, L50, F|\n|poke|p2|Torkoal, L50, F|\n|poke|p2|Crabominable, L50, F|\n|poke|p2|Aerodactyl, L50, M|\n|poke|p2|Sneasler, L50, F|\n|teampreview|4\n|inactive|Battle timer is ON: inactive players will automatically lose when time's up. (requested by ChampionsmatchVGC)\n|\n|t:|1776322821\n|teamsize|p1|4\n|teamsize|p2|4\n|start\n|switch|p1a: Froslass|Froslass, L50, F|100/100\n|switch|p1b: Rotom|Rotom-Wash, L50|100/100\n|switch|p2a: Blastoise|Blastoise, L50, M|100/100\n|switch|p2b: Farigiraf|Farigiraf, L50, F|100/100\n|turn|1\n|\n|t:|1776322843\n|detailschange|p1a: Froslass|Froslass-Mega, L50, F\n|-mega|p1a: Froslass|Froslass|Froslassite\n|-weather|Snowscape|[from] ability: Snow Warning|[of] p1a: Froslass\n|detailschange|p2a: Blastoise|Blastoise-Mega, L50, M\n|-mega|p2a: Blastoise|Blastoise|Blastoisinite\n|move|p2a: Blastoise|Fake Out|p1b: Rotom\n|-damage|p1b: Rotom|87/100\n|cant|p1b: Rotom|flinch\n|move|p1a: Froslass|Aurora Veil|p1a: Froslass\n|-sidestart|p1: Triplo su Presenza|move: Aurora Veil\n|move|p2b: Farigiraf|Trick Room|p2b: Farigiraf\n|-fieldstart|move: Trick Room|[of] p2b: Farigiraf\n|\n|-weather|Snowscape|[upkeep]\n|upkeep\n|turn|2\n|j| maliciousdeez\n|\n|t:|1776322864\n|move|p2b: Farigiraf|Rain Dance|p2b: Farigiraf\n|-weather|RainDance\n|move|p2a: Blastoise|Water Spout|p1a: Froslass|[spread] p1a,p1b\n|-crit|p1a: Froslass\n|-resisted|p1b: Rotom|1\n|-damage|p1a: Froslass|0 fnt\n|-damage|p1b: Rotom|47/100\n|faint|p1a: Froslass\n|move|p1b: Rotom|Volt Switch|p2a: Blastoise\n|-supereffective|p2a: Blastoise|1\n|-damage|p2a: Blastoise|46/100\n|\n|t:|1776322874\n|switch|p1b: Tyranitar|Tyranitar, L50, M|100/100|[from] Volt Switch\n|-weather|Sandstorm|[from] ability: Sand Stream|[of] p1b: Tyranitar\n|\n|-weather|Sandstorm|[upkeep]\n|-damage|p2b: Farigiraf|94/100|[from] Sandstorm\n|-damage|p2a: Blastoise|40/100|[from] Sandstorm\n|upkeep\n|\n|t:|1776322881\n|switch|p1a: Rotom|Rotom-Wash, L50|47/100\n|turn|3\n|l|\u2606Triplo su Presenza\n|inactive|Triplo su Presenza disconnected and has a minute to reconnect!\n|player|p1|\n|inactive|Triplo su Presenza has 30 seconds left.\n|inactive|ChampionsmatchVGC has 30 seconds left.\n|j|\u2606Triplo su Presenza\n|inactive|Triplo su Presenza reconnected and has 25 seconds left.\n|player|p1|Triplo su Presenza|266|\n|inactive|Triplo su Presenza has 20 seconds left.\n|inactive|Triplo su Presenza has 15 seconds left.\n|inactive|Triplo su Presenza has 10 seconds left.\n|\n|t:|1776322928\n|move|p2b: Farigiraf|Helping Hand|p2a: Blastoise\n|-singleturn|p2a: Blastoise|Helping Hand|[of] p2b: Farigiraf\n|move|p1b: Tyranitar|Knock Off|p2b: Farigiraf\n|-supereffective|p2b: Farigiraf|1\n|-enditem|p2b: Farigiraf|Colbur Berry|[eat]\n|-enditem|p2b: Farigiraf|Colbur Berry|[weaken]\n|-damage|p2b: Farigiraf|53/100\n|move|p2a: Blastoise|Dark Pulse|p1a: Rotom\n|-damage|p1a: Rotom|0 fnt\n|faint|p1a: Rotom\n|\n|-weather|Sandstorm|[upkeep]\n|-damage|p2b: Farigiraf|47/100|[from] Sandstorm\n|-damage|p2a: Blastoise|34/100|[from] Sandstorm\n|upkeep\n|inactive|Triplo su Presenza has 30 seconds left.\n|\n|t:|1776322957\n|switch|p1a: Excadrill|Excadrill, L50, F|100/100\n|turn|4\n|\n|t:|1776322972\n|move|p1b: Tyranitar|Protect|p1b: Tyranitar\n|-singleturn|p1b: Tyranitar|Protect\n|move|p2b: Farigiraf|Rain Dance|p2b: Farigiraf\n|-weather|RainDance\n|move|p2a: Blastoise|Water Spout|p1b: Tyranitar|[spread] p1a\n|-activate|p1b: Tyranitar|move: Protect\n|-supereffective|p1a: Excadrill|1\n|-damage|p1a: Excadrill|36/100\n|move|p1a: Excadrill|Rock Slide|p2a: Blastoise|[spread] p2a,p2b\n|-damage|p2a: Blastoise|17/100\n|-damage|p2b: Farigiraf|31/100\n|\n|-weather|RainDance|[upkeep]\n|upkeep\n|turn|5\n|\n|t:|1776322991\n|move|p1a: Excadrill|Protect|p1a: Excadrill\n|-singleturn|p1a: Excadrill|Protect\n|move|p2b: Farigiraf|Hyper Voice|p1a: Excadrill|[spread] p1b\n|-activate|p1a: Excadrill|move: Protect\n|-resisted|p1b: Tyranitar|1\n|-damage|p1b: Tyranitar|94/100\n|move|p2a: Blastoise|Aura Sphere|p1b: Tyranitar\n|-supereffective|p1b: Tyranitar|2\n|-damage|p1b: Tyranitar|0 fnt\n|faint|p1b: Tyranitar\n|\n|-weather|RainDance|[upkeep]\n|-sideend|p1: Triplo su Presenza|move: Aurora Veil\n|-fieldend|move: Trick Room\n|upkeep\n|turn|6\n|\n|t:|1776323006\n|move|p1a: Excadrill|Rock Slide|p2b: Farigiraf|[spread] p2a,p2b\n|-damage|p2a: Blastoise|0 fnt\n|-damage|p2b: Farigiraf|13/100\n|faint|p2a: Blastoise\n|cant|p2b: Farigiraf|flinch\n|\n|-weather|RainDance|[upkeep]\n|upkeep\n|\n|t:|1776323010\n|switch|p2a: Sneasler|Sneasler, L50, F|100/100\n|turn|7\n|-message|Triplo su Presenza forfeited.\n|\n|win|ChampionsmatchVGC\n|raw|Triplo su Presenza's rating: 1557 &rarr; <strong>1532</strong><br />(-25 for losing)\n|raw|ChampionsmatchVGC's rating: 1464 &rarr; <strong>1489</strong><br />(+25 for winning)\n|l|\u2606ChampionsmatchVGC\n|player|p2|\n",
  "uploadtime": 1776323033,
  "views": 85,
  "formatid": "gen9championsvgc2026regma",
  "rating": 1489,
  "private": 0,
  "password": null
}