{
  "id": "gen9championsvgc2026regma-2589393230",
  "format": "[Gen 9 Champions] VGC 2026 Reg M-A",
  "players": [
    "rgeee",
    "TheKingofGlers"
  ],
  "log": "|j|\u2606rgeee\n|j|\u2606TheKingofGlers\n|t:|1776719346\n|gametype|doubles\n|player|p1|rgeee|102|1167\n|player|p2|TheKingofGlers|clair|1084\n|gen|9\n|tier|[Gen 9 Champions] VGC 2026 Reg M-A\n|rated|\n|rule|Species Clause: Limit one of each Pok\u00e9mon\n|rule|Item Clause: Limit 1 of each item\n|clearpoke\n|poke|p1|Scovillain, L50, M|\n|poke|p1|Milotic, L50, M|\n|poke|p1|Sneasler, L50, F|\n|poke|p1|Zoroark-Hisui, L50, M|\n|poke|p1|Kingambit, L50, F|\n|poke|p1|Aerodactyl, L50, F|\n|poke|p2|Feraligatr, L50, F|\n|poke|p2|Pelipper, L50, F|\n|poke|p2|Torterra, L50, M|\n|poke|p2|Sinistcha-Masterpiece, L50|\n|poke|p2|Talonflame, L50, F|\n|poke|p2|Ariados, L50, F|\n|teampreview|4\n|inactive|Battle timer is ON: inactive players will automatically lose when time's up. (requested by TheKingofGlers)\n|inactive|rgeee has 60 seconds left.\n|inactive|TheKingofGlers has 60 seconds left.\n|\n|t:|1776719389\n|teamsize|p1|4\n|teamsize|p2|4\n|start\n|switch|p1a: Scovillain|Scovillain, L50, M|100/100\n|switch|p1b: Milotic|Milotic, L50, M|100/100\n|switch|p2a: Talonflame|Talonflame, L50, F|100/100\n|switch|p2b: Pelipper|Pelipper, L50, F|100/100\n|-weather|RainDance|[from] ability: Drizzle|[of] p2b: Pelipper\n|turn|1\n|\n|t:|1776719403\n|detailschange|p1a: Scovillain|Scovillain-Mega, L50, M\n|-mega|p1a: Scovillain|Scovillain|Scovillainite\n|move|p1a: Scovillain|Protect|p1a: Scovillain\n|-singleturn|p1a: Scovillain|Protect\n|move|p2a: Talonflame|Tailwind|p2a: Talonflame\n|-sidestart|p2: TheKingofGlers|move: Tailwind\n|move|p2b: Pelipper|Hurricane|p1a: Scovillain\n|-activate|p1a: Scovillain|move: Protect\n|move|p1b: Milotic|Muddy Water|p2a: Talonflame|[spread] p2a,p2b\n|-supereffective|p2a: Talonflame|1\n|-crit|p2a: Talonflame\n|-resisted|p2b: Pelipper|1\n|-crit|p2b: Pelipper\n|-damage|p2a: Talonflame|0 fnt\n|-damage|p2b: Pelipper|64/100\n|-unboost|p2b: Pelipper|accuracy|1\n|faint|p2a: Talonflame\n|\n|-weather|RainDance|[upkeep]\n|upkeep\n|\n|t:|1776719411\n|switch|p2a: Sinistcha|Sinistcha-Masterpiece, L50|100/100\n|-heal|p2b: Pelipper|89/100|[from] ability: Hospitality|[of] p2a: Sinistcha\n|turn|2\n|\n|t:|1776719429\n|move|p2b: Pelipper|Hurricane|p1a: Scovillain\n|-supereffective|p1a: Scovillain|1\n|-damage|p1a: Scovillain|20/100\n|-status|p2b: Pelipper|brn|[from] ability: Spicy Spray|[of] p1a: Scovillain\n|move|p2a: Sinistcha|Matcha Gotcha|p1a: Scovillain|[spread] p1a,p1b\n|-resisted|p1a: Scovillain|2\n|-supereffective|p1b: Milotic|1\n|-damage|p1a: Scovillain|14/100\n|-damage|p1b: Milotic|70/100\n|-status|p1b: Milotic|brn\n|-status|p2a: Sinistcha|brn|[from] ability: Spicy Spray|[of] p1a: Scovillain\n|move|p1b: Milotic|Hypnosis|p2a: Sinistcha|[miss]\n|-miss|p1b: Milotic|p2a: Sinistcha\n|move|p1a: Scovillain|Leech Seed|p2b: Pelipper\n|-start|p2b: Pelipper|move: Leech Seed\n|\n|-weather|RainDance|[upkeep]\n|-heal|p1b: Milotic|76/100 brn|[from] item: Leftovers\n|-damage|p2b: Pelipper|77/100 brn|[from] Leech Seed|[of] p1a: Scovillain\n|-heal|p1a: Scovillain|26/100|[silent]\n|-damage|p2b: Pelipper|71/100 brn|[from] brn\n|-damage|p2a: Sinistcha|94/100 brn|[from] brn\n|-damage|p1b: Milotic|70/100 brn|[from] brn\n|upkeep\n|turn|3\n|inactive|TheKingofGlers has 30 seconds left.\n|\n|t:|1776719455\n|move|p1a: Scovillain|Protect|p1a: Scovillain\n|-singleturn|p1a: Scovillain|Protect\n|move|p2b: Pelipper|Hurricane|p1b: Milotic\n|-damage|p1b: Milotic|48/100 brn\n|move|p2a: Sinistcha|Matcha Gotcha|p1b: Milotic|[spread] p1b\n|-activate|p1a: Scovillain|move: Protect\n|-supereffective|p1b: Milotic|1\n|-damage|p1b: Milotic|17/100 brn\n|-heal|p2a: Sinistcha|100/100 brn|[from] drain|[of] p1b: Milotic\n|move|p1b: Milotic|Muddy Water|p2b: Pelipper|[spread] p2a,p2b\n|-resisted|p2a: Sinistcha|1\n|-resisted|p2b: Pelipper|1\n|-damage|p2a: Sinistcha|83/100 brn\n|-damage|p2b: Pelipper|45/100 brn\n|\n|-weather|RainDance|[upkeep]\n|-heal|p1b: Milotic|23/100 brn|[from] item: Leftovers\n|-damage|p2b: Pelipper|33/100 brn|[from] Leech Seed|[of] p1a: Scovillain\n|-heal|p1a: Scovillain|38/100|[silent]\n|-damage|p2b: Pelipper|27/100 brn|[from] brn\n|-damage|p2a: Sinistcha|77/100 brn|[from] brn\n|-damage|p1b: Milotic|17/100 brn|[from] brn\n|upkeep\n|turn|4\n|inactive|rgeee has 30 seconds left.\n|\n|t:|1776719482\n|move|p1a: Scovillain|Protect|p1a: Scovillain\n|-singleturn|p1a: Scovillain|Protect\n|move|p2b: Pelipper|Hurricane|p1a: Scovillain\n|-activate|p1a: Scovillain|move: Protect\n|move|p2a: Sinistcha|Matcha Gotcha|p1b: Milotic|[spread] p1b\n|-activate|p1a: Scovillain|move: Protect\n|-supereffective|p1b: Milotic|1\n|-damage|p1b: Milotic|0 fnt\n|-heal|p2a: Sinistcha|87/100 brn|[from] drain|[of] p1b: Milotic\n|faint|p1b: Milotic\n|\n|-weather|RainDance|[upkeep]\n|-damage|p2b: Pelipper|15/100 brn|[from] Leech Seed|[of] p1a: Scovillain\n|-heal|p1a: Scovillain|49/100|[silent]\n|-damage|p2b: Pelipper|9/100 brn|[from] brn\n|-damage|p2a: Sinistcha|81/100 brn|[from] brn\n|-sideend|p2: TheKingofGlers|move: Tailwind\n|upkeep\n|\n|t:|1776719494\n|switch|p1b: Aerodactyl|Aerodactyl, L50, F|100/100\n|-ability|p1b: Aerodactyl|Unnerve\n|turn|5\n|\n|t:|1776719512\n|move|p1b: Aerodactyl|Dual Wingbeat|p2a: Sinistcha\n|-supereffective|p2a: Sinistcha|1\n|-damage|p2a: Sinistcha|47/100 brn\n|-supereffective|p2a: Sinistcha|1\n|-damage|p2a: Sinistcha|17/100 brn\n|-hitcount|p2a: Sinistcha|2\n|move|p2b: Pelipper|Tailwind|p2b: Pelipper\n|-sidestart|p2: TheKingofGlers|move: Tailwind\n|move|p2a: Sinistcha|Matcha Gotcha|p1b: Aerodactyl|[spread] p1a,p1b\n|-resisted|p1a: Scovillain|2\n|-damage|p1a: Scovillain|44/100\n|-heal|p2a: Sinistcha|20/100 brn|[from] drain|[of] p1a: Scovillain\n|-damage|p1b: Aerodactyl|68/100\n|-heal|p2a: Sinistcha|36/100 brn|[from] drain|[of] p1b: Aerodactyl\n|move|p1a: Scovillain|Super Fang|p2b: Pelipper\n|-damage|p2b: Pelipper|5/100 brn\n|\n|-weather|none\n|-damage|p2b: Pelipper|0 fnt|[from] Leech Seed|[of] p1a: Scovillain\n|-heal|p1a: Scovillain|48/100|[silent]\n|faint|p2b: Pelipper\n|-damage|p2a: Sinistcha|30/100 brn|[from] brn\n|upkeep\n|c|\u2606TheKingofGlers|insane luck\n|\n|t:|1776719526\n|switch|p2b: Feraligatr|Feraligatr, L50, F|100/100\n|turn|6\n|\n|t:|1776719537\n|detailschange|p2b: Feraligatr|Feraligatr-Mega, L50, F\n|-mega|p2b: Feraligatr|Feraligatr|Feraligite\n|move|p2b: Feraligatr|Protect|p2b: Feraligatr\n|-singleturn|p2b: Feraligatr|Protect\n|move|p1a: Scovillain|Rage Powder|p1a: Scovillain\n|-singleturn|p1a: Scovillain|move: Rage Powder\n|move|p1b: Aerodactyl|Tailwind|p1b: Aerodactyl\n|-sidestart|p1: rgeee|move: Tailwind\n|move|p2a: Sinistcha|Shadow Ball|p1a: Scovillain\n|-damage|p1a: Scovillain|16/100\n|\n|-damage|p2a: Sinistcha|24/100 brn|[from] brn\n|upkeep\n|turn|7\n|\n|t:|1776719555\n|move|p2b: Feraligatr|Protect|p2b: Feraligatr\n|-singleturn|p2b: Feraligatr|Protect\n|move|p1a: Scovillain|Rage Powder|p1a: Scovillain\n|-singleturn|p1a: Scovillain|move: Rage Powder\n|move|p1b: Aerodactyl|Rock Slide|p2a: Sinistcha|[spread] p2a\n|-activate|p2b: Feraligatr|move: Protect\n|-damage|p2a: Sinistcha|0 fnt\n|faint|p2a: Sinistcha\n|\n|upkeep\n|turn|8\n|c|\u2606rgeee|What was lucky? (asking really)\n|c|\u2606TheKingofGlers|that first double protect to save scov\n|inactive|TheKingofGlers has 30 seconds left.\n|\n|t:|1776719583\n|move|p1b: Aerodactyl|Protect|p1b: Aerodactyl\n|-singleturn|p1b: Aerodactyl|Protect\n|move|p2b: Feraligatr|Liquidation|p1b: Aerodactyl\n|-activate|p1b: Aerodactyl|move: Protect\n|move|p1a: Scovillain|Leech Seed|p2b: Feraligatr\n|-start|p2b: Feraligatr|move: Leech Seed\n|\n|-damage|p2b: Feraligatr|88/100|[from] Leech Seed|[of] p1a: Scovillain\n|-heal|p1a: Scovillain|30/100|[silent]\n|-sideend|p2: TheKingofGlers|move: Tailwind\n|upkeep\n|turn|9\n|c|\u2606rgeee|ah true\n|c|\u2606rgeee|but you also got the double\n|\n|t:|1776719596\n|move|p1a: Scovillain|Rage Powder|p1a: Scovillain\n|-singleturn|p1a: Scovillain|move: Rage Powder\n|move|p1b: Aerodactyl|Rock Slide|p2b: Feraligatr\n|-damage|p2b: Feraligatr|58/100\n|move|p2b: Feraligatr|Liquidation|p1a: Scovillain\n|-damage|p1a: Scovillain|0 fnt\n|-status|p2b: Feraligatr|brn|[from] ability: Spicy Spray|[of] p1a: Scovillain\n|faint|p1a: Scovillain\n|\n|-damage|p2b: Feraligatr|52/100 brn|[from] brn\n|-sideend|p1: rgeee|move: Tailwind\n|upkeep\n|c|\u2606TheKingofGlers|didnt really matter tho\n|\n|t:|1776719604\n|switch|p1a: Sneasler|Sneasler, L50, F|100/100\n|turn|10\n|\n|t:|1776719610\n|move|p2b: Feraligatr|Protect|p2b: Feraligatr\n|-singleturn|p2b: Feraligatr|Protect\n|move|p1a: Sneasler|Fake Out|p2b: Feraligatr\n|-activate|p2b: Feraligatr|move: Protect\n|move|p1b: Aerodactyl|Tailwind|p1b: Aerodactyl\n|-sidestart|p1: rgeee|move: Tailwind\n|\n|-damage|p2b: Feraligatr|40/100 brn|[from] Leech Seed|[of] p1a: Sneasler\n|-damage|p2b: Feraligatr|34/100 brn|[from] brn\n|upkeep\n|turn|11\n|\n|t:|1776719618\n|move|p1b: Aerodactyl|Rock Slide|p2b: Feraligatr\n|-damage|p2b: Feraligatr|8/100 brn\n|move|p1a: Sneasler|Close Combat|p2b: Feraligatr\n|-damage|p2b: Feraligatr|0 fnt\n|-unboost|p1a: Sneasler|def|1\n|-unboost|p1a: Sneasler|spd|1\n|faint|p2b: Feraligatr\n|\n|win|rgeee\n|raw|rgeee's rating: 1167 &rarr; <strong>1186</strong><br />(+19 for winning)\n|raw|TheKingofGlers's rating: 1084 &rarr; <strong>1067</strong><br />(-17 for losing)\n|c|\u2606rgeee|GG\n|l|\u2606TheKingofGlers\n|player|p2|\n",
  "uploadtime": 1776719627,
  "views": 12,
  "formatid": "gen9championsvgc2026regma",
  "rating": 1067,
  "private": 0,
  "password": null
}