{
  "id": "gen9championsvgc2026regma-2580328006",
  "format": "[Gen 9 Champions] VGC 2026 Reg M-A",
  "players": [
    "zDarky",
    "Evelyie"
  ],
  "log": "|j|\u2606zDarky\n|j|\u2606Evelyie\n|html|<table width=\"100%\"><tr><td align=\"left\">zDarky</td><td align=\"right\">Evelyie</tr><tr><td align=\"left\"><i class=\"fa fa-circle-o\"></i> <i class=\"fa fa-circle-o\"></i> </td><td align=\"right\"><i class=\"fa fa-circle-o\"></i> <i class=\"fa fa-circle-o\"></i> </tr></table>\n|uhtml|bestof|<h2><strong>Game 1</strong> of <a href=\"/game-bestof3-gen9championsvgc2026regma-2580328005\">a best-of-3</a></h2>\n|t:|1775880990\n|gametype|doubles\n|player|p1|zDarky|dragontamer-gen6|\n|player|p2|Evelyie|sierra|\n|gen|9\n|tier|[Gen 9 Champions] VGC 2026 Reg M-A\n|rated|Tournament battle\n|rule|Species Clause: Limit one of each Pok\u00e9mon\n|rule|Item Clause: Limit 1 of each item\n|raw|<div class=\"infobox\"><details class=\"readmore\" open><summary><strong>2 custom rules:</strong></summary> Force Open Team Sheets, Best of = 3</details></div>\n|clearpoke\n|poke|p1|Espathra, L50, F|\n|poke|p1|Meganium, L50, F|\n|poke|p1|Milotic, L50, M|\n|poke|p1|Sinistcha, L50|\n|poke|p1|Incineroar, L50, F|\n|poke|p1|Sneasler, L50, F|\n|poke|p2|Dragonite, L50, F|\n|poke|p2|Garchomp, L50, F|\n|poke|p2|Sneasler, L50, F|\n|poke|p2|Incineroar, L50, F|\n|poke|p2|Kingambit, L50, F|\n|poke|p2|Floette-Eternal, L50, F|\n|teampreview|4\n|showteam|p1|Espathra||FocusSash|SpeedBoost|CalmMind,StoredPower,Protect,BatonPass|||F|||50|]Meganium||Meganiumite|Overgrow|SolarBeam,WeatherBall,EarthPower,Protect|||F|||50|]Milotic||Leftovers|Competitive|Scald,IcyWind,Haze,Recover|||M|||50|]Sinistcha||ColburBerry|Hospitality|RagePowder,TrickRoom,LifeDew,MatchaGotcha||||||50|]Incineroar||SitrusBerry|Intimidate|FakeOut,FlareBlitz,ThroatChop,PartingShot|||F|||50|]Sneasler||WhiteHerb|Unburden|FakeOut,DireClaw,CloseCombat,Coaching|||F|||50|\n|showteam|p2|Dragonite||Dragoninite|InnerFocus|DracoMeteor,AirSlash,Tailwind,Protect|||F|||50|]Garchomp||LumBerry|RoughSkin|ScaleShot,Earthquake,SwordsDance,Protect|||F|||50|]Sneasler||WhiteHerb|Unburden|CloseCombat,DireClaw,FakeOut,Protect|||F|||50|]Incineroar||SitrusBerry|Intimidate|FlareBlitz,ThroatChop,PartingShot,FakeOut|||F|||50|]Kingambit||BlackBelt|Defiant|Assurance,SuckerPunch,IronHead,Protect|||F|||50|]Floette-Eternal||Floettite|FlowerVeil|DazzlingGleam,Moonblast,CalmMind,Protect|||F|||50|\n|inactive|Battle timer is ON: inactive players will automatically lose when time's up. (requested by zDarky)\nEvelyie rejected open team sheets.\n|j| Thingamajig 3053\n|inactive|Evelyie has 60 seconds left.\n|\n|t:|1775881031\n|teamsize|p1|4\n|teamsize|p2|4\n|start\n|switch|p1a: Espathra|Espathra, L50, F|100/100\n|switch|p1b: Milotic|Milotic, L50, M|100/100\n|switch|p2a: Dragonite|Dragonite, L50, F|100/100\n|switch|p2b: Garchomp|Garchomp, L50, F|100/100\n|turn|1\n|\n|t:|1775881045\n|switch|p2b: Kingambit|Kingambit, L50, F|100/100\n|detailschange|p2a: Dragonite|Dragonite-Mega, L50, F\n|-mega|p2a: Dragonite|Dragonite|Dragoninite\n|move|p1a: Espathra|Protect|p1a: Espathra\n|-singleturn|p1a: Espathra|Protect\n|move|p2a: Dragonite|Tailwind|p2a: Dragonite\n|-sidestart|p2: Evelyie|move: Tailwind\n|move|p1b: Milotic|Icy Wind|p2b: Kingambit|[spread] p2a,p2b\n|-supereffective|p2a: Dragonite|2\n|-resisted|p2b: Kingambit|1\n|-damage|p2a: Dragonite|84/100\n|-damage|p2b: Kingambit|96/100\n|-unboost|p2a: Dragonite|spe|1\n|-unboost|p2b: Kingambit|spe|1\n|-ability|p2b: Kingambit|Defiant|boost\n|-boost|p2b: Kingambit|atk|2\n|\n|-ability|p1a: Espathra|Speed Boost|boost\n|-boost|p1a: Espathra|spe|1\n|upkeep\n|turn|2\n|\n|t:|1775881064\n|move|p1a: Espathra|Calm Mind|p1a: Espathra\n|-boost|p1a: Espathra|spa|1\n|-boost|p1a: Espathra|spd|1\n|move|p2a: Dragonite|Draco Meteor|p1b: Milotic\n|-damage|p1b: Milotic|47/100\n|-unboost|p2a: Dragonite|spa|2\n|move|p1b: Milotic|Scald|p2b: Kingambit\n|-damage|p2b: Kingambit|65/100\n|move|p2b: Kingambit|Assurance|p1b: Milotic\n|-damage|p1b: Milotic|0 fnt\n|faint|p1b: Milotic\n|\n|-ability|p1a: Espathra|Speed Boost|boost\n|-boost|p1a: Espathra|spe|1\n|upkeep\n|\n|t:|1775881087\n|switch|p1b: Sneasler|Sneasler, L50, F|100/100\n|turn|3\n|\n|t:|1775881109\n|move|p2b: Kingambit|Protect|p2b: Kingambit\n|-singleturn|p2b: Kingambit|Protect\n|move|p1b: Sneasler|Fake Out|p2a: Dragonite\n|-damage|p2a: Dragonite|70/100\n|move|p1a: Espathra|Calm Mind|p1a: Espathra\n|-boost|p1a: Espathra|spa|1\n|-boost|p1a: Espathra|spd|1\n|cant|p2a: Dragonite|flinch\n|\n|-ability|p1a: Espathra|Speed Boost|boost\n|-boost|p1a: Espathra|spe|1\n|upkeep\n|turn|4\n|\n|t:|1775881128\n|move|p2b: Kingambit|Sucker Punch|p1b: Sneasler\n|-resisted|p1b: Sneasler|1\n|-damage|p1b: Sneasler|33/100\n|move|p1a: Espathra|Stored Power|p2a: Dragonite\n|-damage|p2a: Dragonite|0 fnt\n|faint|p2a: Dragonite\n|move|p1b: Sneasler|Close Combat|p2b: Kingambit\n|-supereffective|p2b: Kingambit|2\n|-damage|p2b: Kingambit|0 fnt\n|-unboost|p1b: Sneasler|def|1\n|-unboost|p1b: Sneasler|spd|1\n|faint|p2b: Kingambit\n|-enditem|p1b: Sneasler|White Herb\n|-clearnegativeboost|p1b: Sneasler|[silent]\n|\n|-sideend|p2: Evelyie|move: Tailwind\n|-ability|p1a: Espathra|Speed Boost|boost\n|-boost|p1a: Espathra|spe|1\n|upkeep\n|\n|t:|1775881136\n|switch|p2a: Sneasler|Sneasler, L50, F|100/100\n|switch|p2b: Garchomp|Garchomp, L50, F|100/100\n|turn|5\n|inactive|zDarky has 30 seconds left.\n|\n|t:|1775881164\n|move|p1a: Espathra|Protect|p1a: Espathra\n|-singleturn|p1a: Espathra|Protect\n|move|p2a: Sneasler|Fake Out|p1a: Espathra\n|-activate|p1a: Espathra|move: Protect\n|move|p1b: Sneasler|Coaching|p1a: Espathra\n|-boost|p1a: Espathra|atk|1\n|-boost|p1a: Espathra|def|1\n|move|p2b: Garchomp|Scale Shot|p1b: Sneasler\n|-damage|p1b: Sneasler|13/100\n|-damage|p1b: Sneasler|0 fnt\n|faint|p1b: Sneasler\n|-hitcount|p1: Sneasler|2\n|-unboost|p2b: Garchomp|def|1\n|-boost|p2b: Garchomp|spe|1\n|\n|-ability|p1a: Espathra|Speed Boost|boost\n|-boost|p1a: Espathra|spe|1\n|upkeep\n|\n|t:|1775881175\n|switch|p1b: Meganium|Meganium, L50, F|100/100\n|turn|6\n|\n|t:|1775881198\n|detailschange|p1b: Meganium|Meganium-Mega, L50, F\n|-mega|p1b: Meganium|Meganium|Meganiumite\n|move|p1a: Espathra|Stored Power|p2a: Sneasler\n|-supereffective|p2a: Sneasler|2\n|-damage|p2a: Sneasler|0 fnt\n|faint|p2a: Sneasler\n|move|p2b: Garchomp|Swords Dance|p2b: Garchomp\n|-boost|p2b: Garchomp|atk|2\n|move|p1b: Meganium|Solar Beam||[still]\n|-prepare|p1b: Meganium|Solar Beam\n|-activate|p1b: Meganium|ability: Mega Sol\n|-anim|p1b: Meganium|Solar Beam|p2b: Garchomp\n|-damage|p2b: Garchomp|14/100\n|\n|-ability|p1a: Espathra|Speed Boost|boost\n|-boost|p1a: Espathra|spe|1\n|upkeep\n|turn|7\n|-message|Evelyie forfeited.\n|\n|win|zDarky\n|l|\u2606Evelyie\n|player|p2|\n||Evelyie is ready for game 2.\n",
  "uploadtime": 1775881211,
  "views": 22,
  "formatid": "gen9championsvgc2026regma",
  "rating": null,
  "private": 0,
  "password": null
}