{
  "id": "gen9championsvgc2026regma-2585476485",
  "format": "[Gen 9 Champions] VGC 2026 Reg M-A",
  "players": [
    "AbuPokeman",
    "soliloquie"
  ],
  "log": "|j|\u2606AbuPokeman\n|j|\u2606soliloquie\n|t:|1776349932\n|gametype|doubles\n|player|p1|AbuPokeman|veteran|1083\n|player|p2|soliloquie|steven|1125\n|gen|9\n|tier|[Gen 9 Champions] VGC 2026 Reg M-A\n|rated|\n|rule|Species Clause: Limit one of each Pok\u00e9mon\n|rule|Item Clause: Limit 1 of each item\n|clearpoke\n|poke|p1|Alakazam, L50, M|\n|poke|p1|Chimecho, L50, M|\n|poke|p1|Bellibolt, L50, M|\n|poke|p1|Kingambit, L50, F|\n|poke|p1|Mudsdale, L50, F|\n|poke|p1|Krookodile, L50, M|\n|poke|p2|Pelipper, L50, M|\n|poke|p2|Basculegion, L50, M|\n|poke|p2|Gengar, L50, F|\n|poke|p2|Archaludon, L50, M|\n|poke|p2|Incineroar, L50, F|\n|poke|p2|Sneasler, L50, M|\n|teampreview|4\n|inactive|Battle timer is ON: inactive players will automatically lose when time's up. (requested by AbuPokeman)\n|inactive|soliloquie also wants the timer to be on.\nsoliloquie has agreed to open team sheets.\n|inactive|AbuPokeman has 60 seconds left.\n|\n|t:|1776349985\n|teamsize|p1|4\n|teamsize|p2|4\n|start\n|switch|p1a: Alakazam|Alakazam, L50, M|100/100\n|switch|p1b: Kingambit|Kingambit, L50, F|100/100\n|switch|p2a: Sneasler|Sneasler, L50, M, shiny|100/100\n|switch|p2b: Pelipper|Pelipper, L50, M, shiny|100/100\n|-weather|RainDance|[from] ability: Drizzle|[of] p2b: Pelipper\n|turn|1\n|\n|t:|1776350004\n|switch|p1b: Mudsdale|Mudsdale, L50, F|100/100\n|move|p1a: Alakazam|Speed Swap|p1b: Mudsdale\n|-activate|p1a: Alakazam|move: Speed Swap|[of] p1b: Mudsdale\n|move|p2a: Sneasler|Close Combat|p1b: Mudsdale\n|-damage|p1b: Mudsdale|52/100\n|-unboost|p2a: Sneasler|def|1\n|-unboost|p2a: Sneasler|spd|1\n|-ability|p1b: Mudsdale|Stamina|boost\n|-boost|p1b: Mudsdale|def|1\n|-enditem|p2a: Sneasler|White Herb\n|-clearnegativeboost|p2a: Sneasler|[silent]\n|move|p2b: Pelipper|Tailwind|p2b: Pelipper\n|-sidestart|p2: soliloquie|move: Tailwind\n|\n|-weather|RainDance|[upkeep]\n|upkeep\n|turn|2\n|inactive|AbuPokeman has 30 seconds left.\n|inactive|AbuPokeman has 20 seconds left.\n|inactive|AbuPokeman has 15 seconds left.\n|inactive|AbuPokeman has 10 seconds left.\n|inactive|AbuPokeman has 5 seconds left.\n|\n|t:|1776350057\n|move|p2a: Sneasler|Protect|p2a: Sneasler\n|-singleturn|p2a: Sneasler|Protect\n|move|p2b: Pelipper|Weather Ball|p1b: Mudsdale\n|-supereffective|p1b: Mudsdale|1\n|-damage|p1b: Mudsdale|0 fnt\n|faint|p1b: Mudsdale\n|move|p1a: Alakazam|Light Screen|p1a: Alakazam\n|-sidestart|p1: AbuPokeman|move: Light Screen\n|\n|-weather|RainDance|[upkeep]\n|upkeep\n|\n|t:|1776350061\n|switch|p1b: Bellibolt|Bellibolt, L50, M|100/100\n|turn|3\n|\n|t:|1776350081\n|move|p2b: Pelipper|Protect|p2b: Pelipper\n|-singleturn|p2b: Pelipper|Protect\n|move|p2a: Sneasler|Close Combat|p1b: Bellibolt\n|-damage|p1b: Bellibolt|50/100\n|-unboost|p2a: Sneasler|def|1\n|-unboost|p2a: Sneasler|spd|1\n|-start|p1b: Bellibolt|Charge|Close Combat|[from] ability: Electromorphosis\n|move|p1b: Bellibolt|Parabolic Charge|p2a: Sneasler|[spread] p1a,p2a\n|-activate|p2b: Pelipper|move: Protect\n|-damage|p1a: Alakazam|64/100\n|-heal|p1b: Bellibolt|62/100|[from] drain|[of] p1a: Alakazam\n|-damage|p2a: Sneasler|23/100\n|-heal|p1b: Bellibolt|90/100|[from] drain|[of] p2a: Sneasler\n|-end|p1b: Bellibolt|Charge|[silent]\n|move|p1a: Alakazam|Reflect|p1a: Alakazam\n|-sidestart|p1: AbuPokeman|Reflect\n|\n|-weather|RainDance|[upkeep]\n|-heal|p1b: Bellibolt|96/100|[from] item: Leftovers\n|upkeep\n|turn|4\n|inactive|soliloquie has 30 seconds left.\n|inactive|soliloquie has 20 seconds left.\n|inactive|soliloquie has 15 seconds left.\n|\n|t:|1776350126\n|move|p2a: Sneasler|Dire Claw|p1b: Bellibolt\n|-damage|p1b: Bellibolt|75/100\n|-start|p1b: Bellibolt|Charge|Dire Claw|[from] ability: Electromorphosis\n|move|p2b: Pelipper|Weather Ball|p1b: Bellibolt\n|-damage|p1b: Bellibolt|36/100\n|-start|p1b: Bellibolt|Charge|Weather Ball|[from] ability: Electromorphosis\n|move|p1b: Bellibolt|Discharge|p2a: Sneasler|[spread] p1a,p2a,p2b\n|-supereffective|p2b: Pelipper|2\n|-damage|p1a: Alakazam|18/100\n|-damage|p2a: Sneasler|0 fnt\n|-enditem|p2b: Pelipper|Focus Sash\n|-damage|p2b: Pelipper|1/100\n|-status|p2b: Pelipper|par\n|faint|p2a: Sneasler\n|-end|p1b: Bellibolt|Charge|[silent]\n|move|p1a: Alakazam|Speed Swap|p2b: Pelipper\n|-activate|p1a: Alakazam|move: Speed Swap|[of] p2b: Pelipper\n|\n|-weather|RainDance|[upkeep]\n|-heal|p1b: Bellibolt|42/100|[from] item: Leftovers\n|-sideend|p2: soliloquie|move: Tailwind\n|upkeep\n|\n|t:|1776350138\n|switch|p2a: Basculegion|Basculegion, L50, M, shiny|100/100\n|turn|5\n|inactive|AbuPokeman has 30 seconds left.\n|\n|t:|1776350164\n|move|p2a: Basculegion|Wave Crash|p1b: Bellibolt\n|-damage|p1b: Bellibolt|0 fnt\n|faint|p1b: Bellibolt\n|-damage|p2a: Basculegion|86/100|[from] Recoil\n|move|p1a: Alakazam|Psychic|p2a: Basculegion\n|-damage|p2a: Basculegion|35/100\n|move|p2b: Pelipper|Tailwind|p2b: Pelipper\n|-sidestart|p2: soliloquie|move: Tailwind\n|\n|-weather|none\n|upkeep\n|\n|t:|1776350167\n|switch|p1b: Kingambit|Kingambit, L50, F|100/100\n|turn|6\n|-message|soliloquie forfeited.\n|\n|win|AbuPokeman\n|raw|AbuPokeman's rating: 1113 &rarr; <strong>1139</strong><br />(+26 for winning)\n|raw|soliloquie's rating: 1125 &rarr; <strong>1099</strong><br />(-26 for losing)\n|l|\u2606soliloquie\n|player|p2|\n",
  "uploadtime": 1776350228,
  "views": 35,
  "formatid": "gen9championsvgc2026regma",
  "rating": 1099,
  "private": 0,
  "password": null
}