{
  "id": "gen9championsvgc2026regma-2582847628",
  "format": "[Gen 9 Champions] VGC 2026 Reg M-A",
  "players": [
    "Bardo52",
    "Lordarkanum"
  ],
  "log": "|j|\u2606Bardo52\n|j|\u2606Lordarkanum\n|html|<table width=\"100%\"><tr><td align=\"left\">Bardo52</td><td align=\"right\">Lordarkanum</tr><tr><td align=\"left\"><i class=\"fa fa-circle-o\"></i> <i class=\"fa fa-circle-o\"></i> </td><td align=\"right\"><i class=\"fa fa-circle-o\"></i> <i class=\"fa fa-circle-o\"></i> </tr></table>\n|uhtml|bestof|<h2><strong>Game 1</strong> of <a href=\"/game-bestof3-gen9championsvgc2026regma-2582847626\">a best-of-3</a></h2>\n|t:|1776118790\n|gametype|doubles\n|player|p1|Bardo52|2|\n|player|p2|Lordarkanum|gambler|\n|gen|9\n|tier|[Gen 9 Champions] VGC 2026 Reg M-A\n|rule|Species Clause: Limit one of each Pok\u00e9mon\n|rule|Item Clause: Limit 1 of each item\n|raw|<div class=\"infobox\"><details class=\"readmore\" open><summary><strong>1 custom rule:</strong></summary> Best of = 3</details></div>\n|clearpoke\n|poke|p1|Glimmora, L50, M|\n|poke|p1|Whimsicott, L50, F|\n|poke|p1|Gyarados, L50, M|\n|poke|p1|Aegislash, L50, F|\n|poke|p1|Rotom-Heat, L50|\n|poke|p1|Reuniclus, L50, F|\n|poke|p2|Meganium, L50, M|\n|poke|p2|Talonflame, L50, F|\n|poke|p2|Alcremie, L50, F|\n|poke|p2|Araquanid, L50, F|\n|poke|p2|Excadrill, L50, M|\n|poke|p2|Klefki, L50, F|\n|teampreview|4\n|c|\u2606Lordarkanum|glhf\n|c|\u2606Bardo52|Glhf\n|c|\u2606Bardo52|can you drop live link?\n|c|\u2606Bardo52|I\u2019m on mobile\n|c|\u2606Lordarkanum|sure\nBardo52 rejected open team sheets.\n|\n|t:|1776118862\n|teamsize|p1|4\n|teamsize|p2|4\n|start\n|switch|p1a: Whimsicott|Whimsicott, L50, F|100/100\n|switch|p1b: Rotom|Rotom-Heat, L50|100/100\n|switch|p2a: Talonflame|Talonflame, L50, F|100/100\n|switch|p2b: Excadrill|Excadrill, L50, M|100/100\n|turn|1\n|\n|t:|1776118903\n|move|p2a: Talonflame|Air Slash|p1a: Whimsicott\n|-supereffective|p1a: Whimsicott|1\n|-damage|p1a: Whimsicott|32/100\n|cant|p1a: Whimsicott|flinch\n|move|p2b: Excadrill|Throat Chop|p1b: Rotom\n|-damage|p1b: Rotom|67/100\n|-start|p1b: Rotom|Throat Chop|[silent]\n|move|p1b: Rotom|Overheat|p2b: Excadrill|[miss]\n|-miss|p1b: Rotom|p2b: Excadrill\n|\n|upkeep\n|turn|2\n|c|\u2606Lordarkanum|well\n|c|\u2606Lordarkanum|im sorry\n|c|\u2606Bardo52|Great turn\n|c|\u2606Lordarkanum|game seems to be helping me after i completely forgot to make drill moldbreaker\n|\n|t:|1776118953\n|move|p1a: Whimsicott|Protect|p1a: Whimsicott\n|-singleturn|p1a: Whimsicott|Protect\n|move|p2a: Talonflame|Air Slash|p1a: Whimsicott\n|-activate|p1a: Whimsicott|move: Protect\n|move|p2b: Excadrill|Throat Chop|p1b: Rotom\n|-damage|p1b: Rotom|30/100\n|move|p1b: Rotom|Overheat|p2a: Talonflame\n|-resisted|p2a: Talonflame|1\n|-damage|p2a: Talonflame|61/100\n|-unboost|p1b: Rotom|spa|2\n|\n|-end|p1b: Rotom|Throat Chop|[silent]\n|upkeep\n|turn|3\n|\n|t:|1776118976\n|move|p1a: Whimsicott|Tailwind|p1a: Whimsicott\n|-sidestart|p1: Bardo52|move: Tailwind\n|move|p1b: Rotom|Overheat|p2b: Excadrill\n|-supereffective|p2b: Excadrill|1\n|-damage|p2b: Excadrill|6/100\n|-unboost|p1b: Rotom|spa|2\n|move|p2b: Excadrill|Throat Chop|p1b: Rotom\n|-damage|p1b: Rotom|0 fnt\n|faint|p1b: Rotom\n|move|p2a: Talonflame|Air Slash|p1a: Whimsicott\n|-supereffective|p1a: Whimsicott|1\n|-damage|p1a: Whimsicott|0 fnt\n|faint|p1a: Whimsicott\n|\n|upkeep\n|\n|t:|1776118991\n|switch|p1a: Glimmora|Glimmora, L50, M|100/100\n|switch|p1b: Gyarados|Gyarados, L50, M|100/100\n|-ability|p1b: Gyarados|Intimidate|boost\n|-unboost|p2a: Talonflame|atk|1\n|-unboost|p2b: Excadrill|atk|1\n|turn|4\n|\n|t:|1776119012\n|detailschange|p1a: Glimmora|Glimmora-Mega, L50, M\n|-mega|p1a: Glimmora|Glimmora|Glimmoranite\n|move|p2a: Talonflame|Protect|p2a: Talonflame\n|-singleturn|p2a: Talonflame|Protect\n|move|p1a: Glimmora|Power Gem|p2a: Talonflame\n|-activate|p2a: Talonflame|move: Protect\n|move|p1b: Gyarados|Waterfall|p2b: Excadrill\n|-supereffective|p2b: Excadrill|1\n|-damage|p2b: Excadrill|0 fnt\n|faint|p2b: Excadrill\n|\n|upkeep\n|\n|t:|1776119023\n|switch|p2b: Araquanid|Araquanid, L50, F|100/100\n|turn|5\n|\n|t:|1776119033\n|move|p1a: Glimmora|Power Gem|p2b: Araquanid\n|-supereffective|p2b: Araquanid|1\n|-enditem|p2b: Araquanid|Charti Berry|[eat]\n|-enditem|p2b: Araquanid|Charti Berry|[weaken]\n|-damage|p2b: Araquanid|50/100\n|move|p1b: Gyarados|Waterfall|p2a: Talonflame\n|-supereffective|p2a: Talonflame|1\n|-damage|p2a: Talonflame|0 fnt\n|faint|p2a: Talonflame\n|move|p2b: Araquanid|Liquidation|p1a: Glimmora\n|-supereffective|p1a: Glimmora|1\n|-damage|p1a: Glimmora|0 fnt\n|faint|p1a: Glimmora\n|\n|upkeep\n|\n|t:|1776119039\n|switch|p2a: Here Comes The Sun|Meganium, L50, M, shiny|100/100\n|turn|6\n|\n|t:|1776119066\n|detailschange|p2a: Here Comes The Sun|Meganium-Mega, L50, M, shiny\n|-mega|p2a: Here Comes The Sun|Meganium|Meganiumite\n|move|p1b: Gyarados|Waterfall|p2b: Araquanid\n|-resisted|p2b: Araquanid|1\n|-damage|p2b: Araquanid|27/100\n|move|p2a: Here Comes The Sun|Solar Beam||[still]\n|-prepare|p2a: Here Comes The Sun|Solar Beam\n|-activate|p2a: Here Comes The Sun|ability: Mega Sol\n|-anim|p2a: Here Comes The Sun|Solar Beam|p1b: Gyarados\n|-damage|p1b: Gyarados|27/100\n|-enditem|p1b: Gyarados|Sitrus Berry|[eat]\n|-heal|p1b: Gyarados|52/100|[from] item: Sitrus Berry\n|move|p2b: Araquanid|Icy Wind|p1b: Gyarados\n|-damage|p1b: Gyarados|44/100\n|-unboost|p1b: Gyarados|spe|1\n|\n|-sideend|p1: Bardo52|move: Tailwind\n|upkeep\n|turn|7\n|\n|t:|1776119086\n|move|p2a: Here Comes The Sun|Solar Beam||[still]\n|-prepare|p2a: Here Comes The Sun|Solar Beam\n|-activate|p2a: Here Comes The Sun|ability: Mega Sol\n|-anim|p2a: Here Comes The Sun|Solar Beam|p1b: Gyarados\n|-damage|p1b: Gyarados|0 fnt\n|faint|p1b: Gyarados\n|\n|win|Lordarkanum\n||Lordarkanum is ready for game 2.\n|inactive|Bardo52 has 30 seconds to confirm battle start!\n||Bardo52 is ready for game 2.\n|uhtml|next|Next: <a href=\"/battle-gen9championsvgc2026regma-2582851361\"><strong>Game 2 of 3</strong></a>\n|l|\u2606Bardo52\n|player|p1|\n",
  "uploadtime": 1776119456,
  "views": 30,
  "formatid": "gen9championsvgc2026regma",
  "rating": null,
  "private": 0,
  "password": null
}