{
  "id": "gen9championsvgc2026regma-2586469285",
  "format": "[Gen 9 Champions] VGC 2026 Reg M-A",
  "players": [
    "thomasdoesalot",
    "heartbreaker7"
  ],
  "log": "|j|\u2606thomasdoesalot\n|j|\u2606heartbreaker7\n|t:|1776436844\n|gametype|doubles\n|player|p1|thomasdoesalot|2|1137\n|player|p2|heartbreaker7|169|1050\n|gen|9\n|tier|[Gen 9 Champions] VGC 2026 Reg M-A\n|rated|\n|rule|Species Clause: Limit one of each Pok\u00e9mon\n|rule|Item Clause: Limit 1 of each item\n|clearpoke\n|poke|p1|Garchomp, L50, M|\n|poke|p1|Sneasler, L50, M|\n|poke|p1|Tyranitar, L50, F|\n|poke|p1|Pelipper, L50, F|\n|poke|p1|Archaludon, L50, F|\n|poke|p1|Whimsicott, L50, F|\n|poke|p2|Scizor, L50, F|\n|poke|p2|Gyarados, L50, M|\n|poke|p2|Whimsicott, L50, M|\n|poke|p2|Umbreon, L50, F|\n|poke|p2|Dragapult, L50, F|\n|poke|p2|Skarmory, L50, F|\n|teampreview|4\n|\n|t:|1776436875\n|teamsize|p1|4\n|teamsize|p2|4\n|start\n|switch|p1a: Garchomp|Garchomp, L50, M|100/100\n|switch|p1b: Sneasler|Sneasler, L50, M|100/100\n|switch|p2a: Whimsicott|Whimsicott, L50, M|100/100\n|switch|p2b: Gyarados|Gyarados, L50, M|100/100\n|-ability|p2b: Gyarados|Intimidate|boost\n|-unboost|p1a: Garchomp|atk|1\n|-unboost|p1b: Sneasler|atk|1\n|-enditem|p1b: Sneasler|White Herb\n|-clearnegativeboost|p1b: Sneasler|[silent]\n|turn|1\n|\n|t:|1776436891\n|detailschange|p2b: Gyarados|Gyarados-Mega, L50, M\n|-mega|p2b: Gyarados|Gyarados|Gyaradosite\n|-ability|p2b: Gyarados|Mold Breaker\n|move|p2a: Whimsicott|Tailwind|p2a: Whimsicott\n|-sidestart|p2: heartbreaker7|move: Tailwind\n|move|p1b: Sneasler|Coaching|p1a: Garchomp\n|-boost|p1a: Garchomp|atk|1\n|-boost|p1a: Garchomp|def|1\n|move|p2b: Gyarados|Dragon Dance|p2b: Gyarados\n|-boost|p2b: Gyarados|atk|1\n|-boost|p2b: Gyarados|spe|1\n|move|p1a: Garchomp|Swords Dance|p1a: Garchomp\n|-boost|p1a: Garchomp|atk|2\n|\n|upkeep\n|turn|2\n|\n|t:|1776436913\n|move|p1a: Garchomp|Protect|p1a: Garchomp\n|-singleturn|p1a: Garchomp|Protect\n|move|p2a: Whimsicott|Encore|p1a: Garchomp\n|-activate|p1a: Garchomp|move: Protect\n|move|p2b: Gyarados|Earthquake|p1b: Sneasler|[spread] p2a,p1b\n|-activate|p1a: Garchomp|move: Protect\n|-resisted|p2a: Whimsicott|1\n|-supereffective|p1b: Sneasler|1\n|-damage|p2a: Whimsicott|82/100\n|-damage|p1b: Sneasler|0 fnt\n|faint|p1b: Sneasler\n|\n|upkeep\n|\n|t:|1776436926\n|switch|p1b: Pelipper|Pelipper, L50, F|100/100\n|-weather|RainDance|[from] ability: Drizzle|[of] p1b: Pelipper\n|turn|3\n|\n|t:|1776436936\n|move|p1b: Pelipper|Wide Guard|p1b: Pelipper\n|-singleturn|p1b: Pelipper|Wide Guard\n|move|p2a: Whimsicott|Encore|p1a: Garchomp\n|-start|p1a: Garchomp|Encore\n|move|p1a: Garchomp|Protect||[still]\n|-fail|p1a: Garchomp\n|move|p2b: Gyarados|Waterfall|p1b: Pelipper\n|-resisted|p1b: Pelipper|1\n|-damage|p1b: Pelipper|40/100\n|-enditem|p1b: Pelipper|Sitrus Berry|[eat]\n|-heal|p1b: Pelipper|65/100|[from] item: Sitrus Berry\n|\n|-weather|RainDance|[upkeep]\n|upkeep\n|turn|4\n|\n|t:|1776436960\n|move|p1a: Garchomp|Protect|p1a: Garchomp\n|-singleturn|p1a: Garchomp|Protect\n|move|p2b: Gyarados|Dragon Dance|p2b: Gyarados\n|-boost|p2b: Gyarados|atk|1\n|-boost|p2b: Gyarados|spe|1\n|move|p2a: Whimsicott|Dazzling Gleam|p1a: Garchomp|[spread] p1b\n|-activate|p1a: Garchomp|move: Protect\n|-damage|p1b: Pelipper|40/100\n|move|p1b: Pelipper|Hurricane|p2a: Whimsicott\n|-supereffective|p2a: Whimsicott|1\n|-damage|p2a: Whimsicott|0 fnt\n|faint|p2a: Whimsicott\n|\n|-weather|RainDance|[upkeep]\n|-sideend|p2: heartbreaker7|move: Tailwind\n|upkeep\n|\n|t:|1776436984\n|switch|p2a: Dragapult|Dragapult, L50, F|100/100\n|turn|5\n|\n|t:|1776437010\n|move|p1a: Garchomp|Protect||[still]\n|-fail|p1a: Garchomp\n|move|p2b: Gyarados|Waterfall|p1b: Pelipper\n|-resisted|p1b: Pelipper|1\n|-damage|p1b: Pelipper|0 fnt\n|faint|p1b: Pelipper\n|move|p2a: Dragapult|Phantom Force||[still]\n|-prepare|p2a: Dragapult|Phantom Force\n|\n|-weather|RainDance|[upkeep]\n|-end|p1a: Garchomp|Encore\n|upkeep\n|\n|t:|1776437025\n|switch|p1b: Archaludon|Archaludon, L50, F|100/100\n|turn|6\n|\n|t:|1776437044\n|move|p2b: Gyarados|Protect|p2b: Gyarados\n|-singleturn|p2b: Gyarados|Protect\n|move|p1a: Garchomp|Protect|p1a: Garchomp\n|-singleturn|p1a: Garchomp|Protect\n|move|p2a: Dragapult|Phantom Force|p1a: Garchomp|[from] lockedmove\n|-activate|p1a: Garchomp|move: Phantom Force|[broken]\n|-damage|p1a: Garchomp|69/100\n|move|p1b: Archaludon|Electro Shot||[still]\n|-prepare|p1b: Archaludon|Electro Shot\n|-boost|p1b: Archaludon|spa|1\n|-anim|p1b: Archaludon|Electro Shot|p2b: Gyarados\n|-activate|p2b: Gyarados|move: Protect\n|\n|-weather|RainDance|[upkeep]\n|upkeep\n|turn|7\n|\n|t:|1776437063\n|move|p2a: Dragapult|Protect|p2a: Dragapult\n|-singleturn|p2a: Dragapult|Protect\n|move|p2b: Gyarados|Earthquake|p1b: Archaludon|[spread] p1a,p1b\n|-activate|p2a: Dragapult|move: Protect\n|-supereffective|p1b: Archaludon|1\n|-damage|p1a: Garchomp|30/100\n|-damage|p1b: Archaludon|7/100\n|move|p1a: Garchomp|Rock Slide|p2a: Dragapult|[spread] p2b\n|-activate|p2a: Dragapult|move: Protect\n|-damage|p2b: Gyarados|63/100\n|move|p1b: Archaludon|Electro Shot||[still]\n|-prepare|p1b: Archaludon|Electro Shot\n|-boost|p1b: Archaludon|spa|1\n|-anim|p1b: Archaludon|Electro Shot|p2b: Gyarados\n|-supereffective|p2b: Gyarados|1\n|-crit|p2b: Gyarados\n|-damage|p2b: Gyarados|0 fnt\n|faint|p2b: Gyarados\n|\n|-weather|none\n|-heal|p1b: Archaludon|13/100|[from] item: Leftovers\n|upkeep\n|\n|t:|1776437078\n|switch|p2b: Umbreon|Umbreon, L50, F|100/100\n|turn|8\n|\n|t:|1776437088\n|move|p2b: Umbreon|Helping Hand|p2a: Dragapult\n|-singleturn|p2a: Dragapult|Helping Hand|[of] p2b: Umbreon\n|move|p1b: Archaludon|Protect|p1b: Archaludon\n|-singleturn|p1b: Archaludon|Protect\n|move|p2a: Dragapult|Dragon Darts|p1a: Garchomp\n|-supereffective|p1a: Garchomp|1\n|-damage|p1a: Garchomp|0 fnt\n|faint|p1a: Garchomp\n|\n|-heal|p1b: Archaludon|20/100|[from] item: Leftovers\n|upkeep\n|turn|9\n|-message|thomasdoesalot forfeited.\n|\n|win|heartbreaker7\n|raw|thomasdoesalot's rating: 1137 &rarr; <strong>1106</strong><br />(-31 for losing)\n|raw|heartbreaker7's rating: 1050 &rarr; <strong>1090</strong><br />(+40 for winning)\n|l|\u2606thomasdoesalot\n|player|p1|\n",
  "uploadtime": 1776437101,
  "views": 14,
  "formatid": "gen9championsvgc2026regma",
  "rating": 1090,
  "private": 0,
  "password": null
}