{
  "id": "gen9championsvgc2026regma-2585705577",
  "format": "[Gen 9 Champions] VGC 2026 Reg M-A",
  "players": [
    "Cabrita Galega",
    "stopburns"
  ],
  "log": "|j|\u2606Cabrita Galega\n|j|\u2606stopburns\n|t:|1776364965\n|gametype|doubles\n|player|p1|Cabrita Galega|169|1142\n|player|p2|stopburns|1|1101\n|gen|9\n|tier|[Gen 9 Champions] VGC 2026 Reg M-A\n|rated|\n|rule|Species Clause: Limit one of each Pok\u00e9mon\n|rule|Item Clause: Limit 1 of each item\n|clearpoke\n|poke|p1|Goodra-Hisui, L50, M|\n|poke|p1|Hydrapple, L50, F|\n|poke|p1|Mimikyu, L50, M|\n|poke|p1|Sneasler, L50, M|\n|poke|p1|Zoroark-Hisui, L50, F|\n|poke|p1|Gallade, L50, M|\n|poke|p2|Sneasler, L50, M|\n|poke|p2|Farigiraf, L50, M|\n|poke|p2|Crabominable, L50, M|\n|poke|p2|Slowking, L50, M|\n|poke|p2|Ninetales-Alola, L50, F|\n|poke|p2|Goodra-Hisui, L50, M|\n|teampreview|4\nCabrita Galega rejected open team sheets.\n|\n|t:|1776364998\n|teamsize|p1|4\n|teamsize|p2|4\n|start\n|switch|p1a: Mimikyu|Mimikyu, L50, M|100/100\n|switch|p1b: Sneasler|Sneasler, L50, M|100/100\n|switch|p2a: Slowking|Slowking, L50, M|100/100\n|switch|p2b: Crabominable|Crabominable, L50, M|100/100\n|turn|1\n|inactive|Battle timer is ON: inactive players will automatically lose when time's up. (requested by stopburns)\n|inactive|Cabrita Galega has 60 seconds left.\n|\n|t:|1776365035\n|move|p2b: Crabominable|Protect|p2b: Crabominable\n|-singleturn|p2b: Crabominable|Protect\n|move|p1a: Mimikyu|Bitter Malice|p2a: Slowking\n|-supereffective|p2a: Slowking|1\n|-damage|p2a: Slowking|50/100\n|-unboost|p2a: Slowking|atk|1\n|move|p1b: Sneasler|Dire Claw|p2b: Crabominable\n|-activate|p2b: Crabominable|move: Protect\n|move|p2a: Slowking|Trick Room|p2a: Slowking\n|-fieldstart|move: Trick Room|[of] p2a: Slowking\n|\n|-heal|p2a: Slowking|56/100|[from] item: Leftovers\n|upkeep\n|turn|2\n|inactive|Cabrita Galega has 30 seconds left.\n|\n|t:|1776365065\n|detailschange|p2b: Crabominable|Crabominable-Mega, L50, M\n|-mega|p2b: Crabominable|Crabominable|Crabominite\n|-prepare|p2a: Slowking|Chilly Reception|[premajor]\n|move|p2a: Slowking|Chilly Reception|p2a: Slowking\n|-weather|Snowscape\n|\n|t:|1776365072\n|switch|p2a: Goodra|Goodra-Hisui, L50, M|100/100|[from] Chilly Reception\n|move|p2b: Crabominable|Ice Hammer|p1a: Mimikyu\n|-damage|p1a: Mimikyu|0 fnt\n|-unboost|p2b: Crabominable|spe|1\n|replace|p1a: Zoroark|Zoroark-Hisui, L50, F\n|-end|p1a: Zoroark|Illusion\n|faint|p1a: Zoroark\n|move|p1b: Sneasler|Acrobatics|p2b: Crabominable\n|-supereffective|p2b: Crabominable|1\n|-damage|p2b: Crabominable|78/100\n|\n|-weather|Snowscape|[upkeep]\n|upkeep\n|\n|t:|1776365087\n|switch|p1a: Mimikyu|Mimikyu, L50, M|100/100\n|turn|3\n|\n|t:|1776365099\n|move|p2b: Crabominable|Ice Hammer|p1b: Sneasler\n|-enditem|p1b: Sneasler|Focus Sash\n|-damage|p1b: Sneasler|1/100\n|-unboost|p2b: Crabominable|spe|1\n|move|p2a: Goodra|Knock Off|p1a: Mimikyu\n|-activate|p1a: Mimikyu|ability: Disguise\n|-damage|p1a: Mimikyu|100/100\n|-enditem|p1a: Mimikyu|Sitrus Berry|[from] move: Knock Off|[of] p2a: Goodra\n|detailschange|p1a: Mimikyu|Mimikyu-Busted, L50, M\n|-damage|p1a: Mimikyu|88/100|[from] pokemon: Mimikyu-Busted\n|move|p1a: Mimikyu|Play Rough|p2b: Crabominable\n|-supereffective|p2b: Crabominable|1\n|-damage|p2b: Crabominable|44/100\n|move|p1b: Sneasler|Low Kick|p2a: Goodra\n|-supereffective|p2a: Goodra|1\n|-enditem|p2a: Goodra|Chople Berry|[eat]\n|-enditem|p2a: Goodra|Chople Berry|[weaken]\n|-damage|p2a: Goodra|33/100\n|\n|-weather|Snowscape|[upkeep]\n|upkeep\n|turn|4\n|inactive|Cabrita Galega has 30 seconds left.\n|\n|t:|1776365126\n|move|p2b: Crabominable|Drain Punch|p1b: Sneasler\n|-resisted|p1b: Sneasler|1\n|-crit|p1b: Sneasler\n|-damage|p1b: Sneasler|0 fnt\n|-heal|p2b: Crabominable|44/100|[from] drain|[of] p1b: Sneasler\n|faint|p1b: Sneasler\n|move|p2a: Goodra|Heavy Slam|p1a: Mimikyu\n|-supereffective|p1a: Mimikyu|1\n|-damage|p1a: Mimikyu|0 fnt\n|faint|p1a: Mimikyu\n|\n|-weather|Snowscape|[upkeep]\n|upkeep\n|\n|t:|1776365134\n|switch|p1b: Gallade|Gallade, L50, M|100/100\n|turn|5\n|\n|t:|1776365150\n|detailschange|p1b: Gallade|Gallade-Mega, L50, M\n|-mega|p1b: Gallade|Gallade|Galladite\n|move|p1b: Gallade|Shadow Sneak|p2b: Crabominable\n|-damage|p2b: Crabominable|36/100\n|move|p2b: Crabominable|Ice Hammer|p1b: Gallade\n|-damage|p1b: Gallade|0 fnt\n|-unboost|p2b: Crabominable|spe|1\n|faint|p1b: Gallade\n|\n|win|stopburns\n|raw|Cabrita Galega's rating: 1142 &rarr; <strong>1114</strong><br />(-28 for losing)\n|raw|stopburns's rating: 1101 &rarr; <strong>1129</strong><br />(+28 for winning)\n|c|\u2606stopburns|Gg\n|l|\u2606Cabrita Galega\n|player|p1|\n",
  "uploadtime": 1776365164,
  "views": 27,
  "formatid": "gen9championsvgc2026regma",
  "rating": 1114,
  "private": 0,
  "password": null
}