{
  "id": "gen9championsvgc2026regma-2581659195",
  "format": "[Gen 9 Champions] VGC 2026 Reg M-A",
  "players": [
    "TeaTimeTrainer",
    "Cellpab1"
  ],
  "log": "|j|\u2606TeaTimeTrainer\n|j|\u2606Cellpab1\n|t:|1776018634\n|gametype|doubles\n|player|p1|TeaTimeTrainer|1|1366\n|player|p2|Cellpab1|265|1444\n|gen|9\n|tier|[Gen 9 Champions] VGC 2026 Reg M-A\n|rated|\n|rule|Species Clause: Limit one of each Pok\u00e9mon\n|rule|Item Clause: Limit 1 of each item\n|clearpoke\n|poke|p1|Tyranitar, L50, F|\n|poke|p1|Excadrill, L50, M|\n|poke|p1|Talonflame, L50, F|\n|poke|p1|Floette-Eternal, L50, F|\n|poke|p1|Milotic, L50, M|\n|poke|p1|Sinistcha, L50|\n|poke|p2|Kingambit, L50, F|\n|poke|p2|Dragonite, L50, F|\n|poke|p2|Sneasler, L50, M|\n|poke|p2|Venusaur, L50, F|\n|poke|p2|Incineroar, L50, F|\n|poke|p2|Basculegion, L50, M|\n|teampreview|4\n|inactive|Battle timer is ON: inactive players will automatically lose when time's up. (requested by TeaTimeTrainer)\n|inactive|Cellpab1 has 60 seconds left.\n|inactive|Cellpab1 has 30 seconds left.\n|\n|t:|1776018704\n|teamsize|p1|4\n|teamsize|p2|4\n|start\n|switch|p1a: Tyranitar|Tyranitar, L50, F|100/100\n|switch|p1b: Talonflame|Talonflame, L50, F|100/100\n|switch|p2a: Venusaur|Venusaur, L50, F|100/100\n|switch|p2b: Basculegion|Basculegion, L50, M|100/100\n|-weather|Sandstorm|[from] ability: Sand Stream|[of] p1a: Tyranitar\n|turn|1\n|j| vychok\n|inactive|Cellpab1 has 30 seconds left.\n|\n|t:|1776018729\n|detailschange|p2a: Venusaur|Venusaur-Mega, L50, F\n|-mega|p2a: Venusaur|Venusaur|Venusaurite\n|move|p1b: Talonflame|Tailwind|p1b: Talonflame\n|-sidestart|p1: TeaTimeTrainer|move: Tailwind\n|move|p1a: Tyranitar|Crunch|p2b: Basculegion\n|-supereffective|p2b: Basculegion|1\n|-damage|p2b: Basculegion|0 fnt\n|faint|p2b: Basculegion\n|move|p2a: Venusaur|Leech Seed|p1a: Tyranitar\n|-start|p1a: Tyranitar|move: Leech Seed\n|\n|-weather|Sandstorm|[upkeep]\n|-damage|p1b: Talonflame|95/100|[from] Sandstorm\n|-damage|p2a: Venusaur|94/100|[from] Sandstorm\n|-damage|p1a: Tyranitar|88/100|[from] Leech Seed|[of] p2a: Venusaur\n|-heal|p2a: Venusaur|100/100|[silent]\n|upkeep\n|\n|t:|1776018745\n|switch|p2b: Incineroar|Incineroar, L50, F|100/100\n|-ability|p2b: Incineroar|Intimidate|boost\n|-unboost|p1a: Tyranitar|atk|1\n|-unboost|p1b: Talonflame|atk|1\n|turn|2\n|\n|t:|1776018765\n|switch|p1b: Floette|Floette-Eternal, L50, F|100/100\n|switch|p1a: Excadrill|Excadrill, L50, M|100/100\n|move|p2a: Venusaur|Leech Seed|p1b: Floette\n|-start|p1b: Floette|move: Leech Seed\n|move|p2b: Incineroar|Parting Shot|p1b: Floette\n|-unboost|p1b: Floette|atk|1\n|-unboost|p1b: Floette|spa|1\n|\n|t:|1776018775\n|switch|p2b: Sneasler|Sneasler, L50, M|100/100|[from] Parting Shot\n|\n|-weather|Sandstorm|[upkeep]\n|-damage|p1b: Floette|95/100|[from] Sandstorm\n|-damage|p2b: Sneasler|95/100|[from] Sandstorm\n|-damage|p2a: Venusaur|94/100|[from] Sandstorm\n|-damage|p1b: Floette|83/100|[from] Leech Seed|[of] p2a: Venusaur\n|-heal|p2a: Venusaur|100/100|[silent]\n|upkeep\n|turn|3\n|inactive|Cellpab1 has 30 seconds left.\n|\n|t:|1776018801\n|switch|p1b: Tyranitar|Tyranitar, L50, F|88/100\n|move|p2b: Sneasler|Protect|p2b: Sneasler\n|-singleturn|p2b: Sneasler|Protect\n|move|p1a: Excadrill|High Horsepower|p2b: Sneasler\n|-activate|p2b: Sneasler|move: Protect\n|move|p2a: Venusaur|Leech Seed|p1a: Excadrill\n|-start|p1a: Excadrill|move: Leech Seed\n|\n|-weather|Sandstorm|[upkeep]\n|-damage|p2b: Sneasler|89/100|[from] Sandstorm\n|-damage|p2a: Venusaur|94/100|[from] Sandstorm\n|-damage|p1a: Excadrill|88/100|[from] Leech Seed|[of] p2a: Venusaur\n|-heal|p2a: Venusaur|100/100|[silent]\n|upkeep\n|turn|4\n|\n|t:|1776018824\n|switch|p2b: Incineroar|Incineroar, L50, F|100/100\n|-ability|p2b: Incineroar|Intimidate|boost\n|-unboost|p1a: Excadrill|atk|1\n|-unboost|p1b: Tyranitar|atk|1\n|move|p1a: Excadrill|High Horsepower|p2b: Incineroar\n|-supereffective|p2b: Incineroar|1\n|-damage|p2b: Incineroar|55/100\n|move|p1b: Tyranitar|Rock Slide|p2a: Venusaur|[spread] p2a,p2b\n|-supereffective|p2b: Incineroar|1\n|-damage|p2a: Venusaur|85/100\n|-damage|p2b: Incineroar|24/100\n|move|p2a: Venusaur|Earth Power|p1b: Tyranitar\n|-supereffective|p1b: Tyranitar|1\n|-damage|p1b: Tyranitar|53/100\n|\n|-weather|Sandstorm|[upkeep]\n|-damage|p2a: Venusaur|79/100|[from] Sandstorm\n|-damage|p2b: Incineroar|18/100|[from] Sandstorm\n|-damage|p1a: Excadrill|76/100|[from] Leech Seed|[of] p2a: Venusaur\n|-heal|p2a: Venusaur|92/100|[silent]\n|-sideend|p1: TeaTimeTrainer|move: Tailwind\n|upkeep\n|turn|5\n|-message|Cellpab1 forfeited.\n|\n|win|TeaTimeTrainer\n|raw|TeaTimeTrainer's rating: 1366 &rarr; <strong>1390</strong><br />(+24 for winning)\n|raw|Cellpab1's rating: 1444 &rarr; <strong>1420</strong><br />(-24 for losing)\n|l|\u2606Cellpab1\n|player|p2|\n|l| vychok\n",
  "uploadtime": 1776018913,
  "views": 52,
  "formatid": "gen9championsvgc2026regma",
  "rating": 1390,
  "private": 0,
  "password": null
}