{
  "id": "gen9championsvgc2026regma-2583109737",
  "format": "[Gen 9 Champions] VGC 2026 Reg M-A",
  "players": [
    "jalo3705",
    "B3ns0nR3gularShow"
  ],
  "log": "|j|\u2606jalo3705\n|j|\u2606B3ns0nR3gularShow\n|t:|1776143115\n|gametype|doubles\n|player|p1|jalo3705|bugcatcher-gen4dp|1000\n|player|p2|B3ns0nR3gularShow|swimmer-gen4|1041\n|gen|9\n|tier|[Gen 9 Champions] VGC 2026 Reg M-A\n|rated|\n|rule|Species Clause: Limit one of each Pok\u00e9mon\n|rule|Item Clause: Limit 1 of each item\n|clearpoke\n|poke|p1|Golurk, L50|\n|poke|p1|Farigiraf, L50, M|\n|poke|p1|Drampa, L50, F|\n|poke|p1|Alcremie, L50, F|\n|poke|p1|Incineroar, L50, M|\n|poke|p1|Sinistcha-Masterpiece, L50|\n|poke|p2|Aggron, L50, M|\n|poke|p2|Hatterene, L50, F|\n|poke|p2|Dragapult, L50, M|\n|poke|p2|Pelipper, L50, M|\n|poke|p2|Incineroar, L50, F|\n|poke|p2|Blastoise, L50, M|\n|teampreview|4\n|inactive|Battle timer is ON: inactive players will automatically lose when time's up. (requested by B3ns0nR3gularShow)\n|\n|t:|1776143130\n|teamsize|p1|4\n|teamsize|p2|4\n|start\n|switch|p1a: Farigiraf|Farigiraf, L50, M|100/100\n|switch|p1b: Incineroar|Incineroar, L50, M|100/100\n|switch|p2a: Hatterene|Hatterene, L50, F|100/100\n|switch|p2b: Incineroar|Incineroar, L50, F|100/100\n|-ability|p2b: Incineroar|Intimidate|boost\n|-unboost|p1a: Farigiraf|atk|1\n|-unboost|p1b: Incineroar|atk|1\n|-ability|p1b: Incineroar|Intimidate|boost\n|-unboost|p2a: Hatterene|atk|1\n|-unboost|p2b: Incineroar|atk|1\n|turn|1\n|\n|t:|1776143146\n|move|p2b: Incineroar|Fake Out||[still]\n|cant|p1a: Farigiraf|ability: Armor Tail|Fake Out|[of] p2b: Incineroar\n|move|p1b: Incineroar|Parting Shot|p2b: Incineroar\n|-unboost|p2b: Incineroar|atk|1\n|-unboost|p2b: Incineroar|spa|1\n|\n|t:|1776143152\n|switch|p1b: Drampa|Drampa, L50, F|100/100|[from] Parting Shot\n|-ability|p1b: Drampa|Cloud Nine\n|move|p1a: Farigiraf|Trick Room|p1a: Farigiraf\n|-fieldstart|move: Trick Room|[of] p1a: Farigiraf\n|move|p2a: Hatterene|Trick Room|p2a: Hatterene\n|-fieldend|move: Trick Room\n|\n|upkeep\n|turn|2\n|\n|t:|1776143173\n|switch|p1b: Incineroar|Incineroar, L50, M|100/100\n|-ability|p1b: Incineroar|Intimidate|boost\n|-unboost|p2a: Hatterene|atk|1\n|-unboost|p2b: Incineroar|atk|1\n|move|p1a: Farigiraf|Protect|p1a: Farigiraf\n|-singleturn|p1a: Farigiraf|Protect\n|move|p2b: Incineroar|Will-O-Wisp|p1a: Farigiraf\n|-activate|p1a: Farigiraf|move: Protect\n|move|p2a: Hatterene|Draining Kiss|p1b: Incineroar\n|-damage|p1b: Incineroar|81/100\n|\n|upkeep\n|turn|3\n|\n|t:|1776143190\n|switch|p2a: Dragapult|Dragapult, L50, M|100/100\n|move|p1a: Farigiraf|Hyper Voice|p2b: Incineroar|[spread] p2b\n|-immune|p2a: Dragapult\n|-damage|p2b: Incineroar|83/100\n|move|p2b: Incineroar|Parting Shot|p1b: Incineroar\n|-unboost|p1b: Incineroar|atk|1\n|-unboost|p1b: Incineroar|spa|1\n|\n|t:|1776143201\n|switch|p2b: Aggron|Aggron, L50, M|100/100|[from] Parting Shot\n|move|p1b: Incineroar|Flare Blitz|p2a: Dragapult\n|-resisted|p2a: Dragapult|1\n|-damage|p2a: Dragapult|78/100\n|-damage|p1b: Incineroar|75/100|[from] Recoil\n|\n|upkeep\n|turn|4\n|\n|t:|1776143220\n|switch|p2a: Incineroar|Incineroar, L50, F|83/100\n|-ability|p2a: Incineroar|Intimidate|boost\n|-unboost|p1a: Farigiraf|atk|1\n|-unboost|p1b: Incineroar|atk|1\n|detailschange|p2b: Aggron|Aggron-Mega, L50, M\n|-mega|p2b: Aggron|Aggron|Aggronite\n|move|p2b: Aggron|Protect|p2b: Aggron\n|-singleturn|p2b: Aggron|Protect\n|move|p1b: Incineroar|Will-O-Wisp|p2b: Aggron\n|-activate|p2b: Aggron|move: Protect\n|move|p1a: Farigiraf|Trick Room|p1a: Farigiraf\n|-fieldstart|move: Trick Room|[of] p1a: Farigiraf\n|\n|upkeep\n|turn|5\n|\n|t:|1776143244\n|switch|p1a: Drampa|Drampa, L50, F|100/100\n|-ability|p1a: Drampa|Cloud Nine\n|move|p2a: Incineroar|Fake Out|p1b: Incineroar\n|-damage|p1b: Incineroar|64/100\n|move|p2b: Aggron|Iron Defense|p2b: Aggron\n|-boost|p2b: Aggron|def|2\n|cant|p1b: Incineroar|flinch\n|\n|upkeep\n|turn|6\n|inactive|jalo3705 has 30 seconds left.\n|\n|t:|1776143269\n|switch|p1b: Sinistcha|Sinistcha-Masterpiece, L50|100/100\n|detailschange|p1a: Drampa|Drampa-Mega, L50, F\n|-mega|p1a: Drampa|Drampa|Drampanite\n|move|p2b: Aggron|Protect|p2b: Aggron\n|-singleturn|p2b: Aggron|Protect\n|move|p1a: Drampa|Hyper Voice|p2a: Incineroar|[spread] p2a\n|-activate|p2b: Aggron|move: Protect\n|-damage|p2a: Incineroar|51/100\n|move|p2a: Incineroar|Will-O-Wisp|p1a: Drampa\n|-status|p1a: Drampa|brn\n|\n|-damage|p1a: Drampa|95/100 brn|[from] brn\n|upkeep\n|turn|7\n|inactive|jalo3705 has 30 seconds left.\n|\n|t:|1776143296\n|switch|p1a: Incineroar|Incineroar, L50, M|64/100\n|-ability|p1a: Incineroar|Intimidate|boost\n|-unboost|p2a: Incineroar|atk|1\n|-unboost|p2b: Aggron|atk|1\n|move|p2b: Aggron|Body Press|p1a: Incineroar\n|-supereffective|p1a: Incineroar|1\n|-damage|p1a: Incineroar|0 fnt\n|faint|p1a: Incineroar\n|move|p2a: Incineroar|Flare Blitz|p1b: Sinistcha\n|-supereffective|p1b: Sinistcha|1\n|-damage|p1b: Sinistcha|47/100\n|-damage|p2a: Incineroar|36/100|[from] Recoil\n|move|p1b: Sinistcha|Shadow Ball|p2b: Aggron\n|-damage|p2b: Aggron|71/100\n|\n|upkeep\n|\n|t:|1776143305\n|switch|p1a: Farigiraf|Farigiraf, L50, M|100/100\n|turn|8\n|\n|t:|1776143318\n|switch|p2b: Dragapult|Dragapult, L50, M|78/100\n|move|p1a: Farigiraf|Helping Hand|p1b: Sinistcha\n|-singleturn|p1b: Sinistcha|Helping Hand|[of] p1a: Farigiraf\n|move|p2a: Incineroar|Flare Blitz|p1b: Sinistcha\n|-supereffective|p1b: Sinistcha|1\n|-damage|p1b: Sinistcha|0 fnt\n|faint|p1b: Sinistcha\n|-damage|p2a: Incineroar|22/100|[from] Recoil\n|\n|-fieldend|move: Trick Room\n|upkeep\n|\n|t:|1776143325\n|switch|p1b: Drampa|Drampa-Mega, L50, F|95/100 brn\n|turn|9\n|\n|t:|1776143338\n|move|p1b: Drampa|Protect|p1b: Drampa\n|-singleturn|p1b: Drampa|Protect\n|move|p2b: Dragapult|Dragon Pulse|p1a: Farigiraf\n|-damage|p1a: Farigiraf|67/100\n|move|p2a: Incineroar|Parting Shot|p1b: Drampa\n|-activate|p1b: Drampa|move: Protect\n|move|p1a: Farigiraf|Trick Room|p1a: Farigiraf\n|-fieldstart|move: Trick Room|[of] p1a: Farigiraf\n|\n|-heal|p1a: Farigiraf|74/100|[from] item: Leftovers\n|-damage|p1b: Drampa|89/100 brn|[from] brn\n|upkeep\n|turn|10\n|\n|t:|1776143362\n|move|p1b: Drampa|Draco Meteor|p2b: Dragapult\n|-supereffective|p2b: Dragapult|1\n|-damage|p2b: Dragapult|0 fnt\n|-unboost|p1b: Drampa|spa|2\n|faint|p2b: Dragapult\n|move|p2a: Incineroar|Parting Shot|p1a: Farigiraf\n|-unboost|p1a: Farigiraf|atk|1\n|-unboost|p1a: Farigiraf|spa|1\n|\n|t:|1776143370\n|switch|p2a: Aggron|Aggron-Mega, L50, M|71/100|[from] Parting Shot\n|move|p1a: Farigiraf|Hyper Voice|p2a: Aggron\n|-resisted|p2a: Aggron|1\n|-damage|p2a: Aggron|61/100\n|\n|-heal|p1a: Farigiraf|80/100|[from] item: Leftovers\n|-damage|p1b: Drampa|83/100 brn|[from] brn\n|upkeep\n|\n|t:|1776143374\n|switch|p2b: Incineroar|Incineroar, L50, F|22/100\n|-ability|p2b: Incineroar|Intimidate|boost\n|-unboost|p1a: Farigiraf|atk|1\n|-unboost|p1b: Drampa|atk|1\n|turn|11\n|\n|t:|1776143389\n|move|p1b: Drampa|Hyper Voice|p2b: Incineroar|[spread] p2a,p2b\n|-resisted|p2a: Aggron|1\n|-crit|p2a: Aggron\n|-damage|p2a: Aggron|32/100\n|-damage|p2b: Incineroar|8/100\n|move|p2a: Aggron|Body Press|p1b: Drampa\n|-supereffective|p1b: Drampa|1\n|-damage|p1b: Drampa|16/100 brn\n|-ability|p1b: Drampa|Berserk|boost\n|-boost|p1b: Drampa|spa|1\n|move|p1a: Farigiraf|Hyper Voice|p2a: Aggron|[spread] p2a,p2b\n|-resisted|p2a: Aggron|1\n|-damage|p2a: Aggron|25/100\n|-damage|p2b: Incineroar|0 fnt\n|faint|p2b: Incineroar\n|\n|-heal|p1a: Farigiraf|86/100|[from] item: Leftovers\n|-damage|p1b: Drampa|10/100 brn|[from] brn\n|upkeep\n|\n|t:|1776143398\n|switch|p2b: Hatterene|Hatterene, L50, F|100/100\n|turn|12\n|\n|t:|1776143409\n|move|p1a: Farigiraf|Helping Hand|p1b: Drampa\n|-singleturn|p1b: Drampa|Helping Hand|[of] p1a: Farigiraf\n|move|p2a: Aggron|Protect|p2a: Aggron\n|-singleturn|p2a: Aggron|Protect\n|move|p2b: Hatterene|Calm Mind|p2b: Hatterene\n|-boost|p2b: Hatterene|spa|1\n|-boost|p2b: Hatterene|spd|1\n|move|p1b: Drampa|Hyper Voice|p2a: Aggron|[spread] p2b\n|-activate|p2a: Aggron|move: Protect\n|-damage|p2b: Hatterene|76/100\n|\n|-heal|p1a: Farigiraf|92/100|[from] item: Leftovers\n|-damage|p1b: Drampa|4/100 brn|[from] brn\n|upkeep\n|turn|13\n|\n|t:|1776143432\n|move|p2b: Hatterene|Draining Kiss|p1b: Drampa\n|-supereffective|p1b: Drampa|1\n|-damage|p1b: Drampa|0 fnt\n|-heal|p2b: Hatterene|79/100|[from] drain|[of] p1b: Drampa\n|faint|p1b: Drampa\n|move|p2a: Aggron|Iron Defense|p2a: Aggron\n|-boost|p2a: Aggron|def|2\n|move|p1a: Farigiraf|Hyper Voice|p2b: Hatterene|[spread] p2a,p2b\n|-resisted|p2a: Aggron|1\n|-damage|p2a: Aggron|17/100\n|-damage|p2b: Hatterene|69/100\n|\n|-heal|p1a: Farigiraf|98/100|[from] item: Leftovers\n|-fieldend|move: Trick Room\n|upkeep\n|turn|14\n|-message|jalo3705 forfeited.\n|\n|win|B3ns0nR3gularShow\n|raw|jalo3705's rating: 1000 &rarr; <strong>1000</strong><br />(+0 for losing)\n|raw|B3ns0nR3gularShow's rating: 1041 &rarr; <strong>1071</strong><br />(+30 for winning)\n|l|\u2606jalo3705\n|player|p1|\n",
  "uploadtime": 1776143443,
  "views": 26,
  "formatid": "gen9championsvgc2026regma",
  "rating": 1000,
  "private": 0,
  "password": null
}