{
  "id": "gen9championsvgc2026regma-2582882023",
  "format": "[Gen 9 Champions] VGC 2026 Reg M-A",
  "players": [
    "TheRealBanette\u00a9\u00ae",
    "aslan46"
  ],
  "log": "|j|\u2606TheRealBanette\u00a9\u00ae\n|j|\u2606aslan46\n|t:|1776121706\n|gametype|doubles\n|player|p1|TheRealBanette\u00a9\u00ae|colress|1067\n|player|p2|aslan46|169|1033\n|gen|9\n|tier|[Gen 9 Champions] VGC 2026 Reg M-A\n|rated|\n|rule|Species Clause: Limit one of each Pok\u00e9mon\n|rule|Item Clause: Limit 1 of each item\n|clearpoke\n|poke|p1|Whimsicott, L50, F|\n|poke|p1|Glimmora, L50, M|\n|poke|p1|Lopunny, L50, F|\n|poke|p1|Garchomp, L50, M|\n|poke|p1|Mimikyu, L50, M|\n|poke|p2|Archaludon, L50, F|\n|poke|p2|Pelipper, L50, F|\n|poke|p2|Farigiraf, L50, F|\n|poke|p2|Toxicroak, L50, F|\n|poke|p2|Meganium, L50, M|\n|poke|p2|Kleavor, L50, F|\n|teampreview|4\n|\n|t:|1776121742\n|teamsize|p1|4\n|teamsize|p2|4\n|start\n|switch|p1a: Whimsy|Whimsicott, L50, F, shiny|100/100\n|switch|p1b: idk a name|Mimikyu, L50, M, shiny|100/100\n|switch|p2a: Archaludon|Archaludon, L50, F|100/100\n|switch|p2b: Pelipper|Pelipper, L50, F|100/100\n|-weather|RainDance|[from] ability: Drizzle|[of] p2b: Pelipper\n|turn|1\n|l|\u2606aslan46\n|player|p2|\n|j|\u2606aslan46\n|player|p2|aslan46|169|\n|\n|t:|1776121769\n|move|p1a: Whimsy|Energy Ball|p2b: Pelipper\n|-damage|p2b: Pelipper|25/100\n|move|p2a: Archaludon|Flash Cannon|p1a: Whimsy\n|-supereffective|p1a: Whimsy|1\n|-damage|p1a: Whimsy|0 fnt\n|faint|p1a: Whimsy\n|move|p1b: idk a name|Light Screen|p1b: idk a name\n|-sidestart|p1: TheRealBanette\u00a9\u00ae|move: Light Screen\n|move|p2b: Pelipper|Tailwind|p2b: Pelipper\n|-sidestart|p2: aslan46|move: Tailwind\n|\n|-weather|RainDance|[upkeep]\n|upkeep\n|\n|t:|1776121784\n|switch|p1a: Loppy|Lopunny, L50, F|100/100\n|turn|2\n|\n|t:|1776121797\n|move|p1a: Loppy|Protect|p1a: Loppy\n|-singleturn|p1a: Loppy|Protect\n|move|p2a: Archaludon|Electro Shot||[still]\n|-prepare|p2a: Archaludon|Electro Shot\n|-boost|p2a: Archaludon|spa|1\n|-anim|p2a: Archaludon|Electro Shot|p1a: Loppy\n|-activate|p1a: Loppy|move: Protect\n|move|p2b: Pelipper|Hurricane|p1a: Loppy\n|-activate|p1a: Loppy|move: Protect\n|move|p1b: idk a name|Trick Room|p1b: idk a name\n|-fieldstart|move: Trick Room|[of] p1b: idk a name\n|\n|-weather|RainDance|[upkeep]\n|upkeep\n|turn|3\n|\n|t:|1776121830\n|switch|p1b: Nom|Garchomp, L50, M|100/100\n|detailschange|p1a: Loppy|Lopunny-Mega, L50, F\n|-mega|p1a: Loppy|Lopunny|Lopunnite\n|move|p1a: Loppy|Close Combat|p2a: Archaludon\n|-supereffective|p2a: Archaludon|1\n|-damage|p2a: Archaludon|0 fnt\n|-unboost|p1a: Loppy|def|1\n|-unboost|p1a: Loppy|spd|1\n|faint|p2a: Archaludon\n|move|p2b: Pelipper|Hurricane|p1a: Loppy\n|-supereffective|p1a: Loppy|1\n|-damage|p1a: Loppy|0 fnt\n|faint|p1a: Loppy\n|\n|-weather|RainDance|[upkeep]\n|upkeep\n|\n|t:|1776121846\n|switch|p2a: Meganium|Meganium, L50, M|100/100\n|switch|p1a: idk a name|Mimikyu, L50, M, shiny|100/100\n|turn|4\n|\n|t:|1776121864\n|detailschange|p2a: Meganium|Meganium-Mega, L50, M\n|-mega|p2a: Meganium|Meganium|Meganiumite\n|move|p2b: Pelipper|Wide Guard|p2b: Pelipper\n|-singleturn|p2b: Pelipper|Wide Guard\n|move|p1a: idk a name|Charm|p2a: Meganium\n|-unboost|p2a: Meganium|atk|2\n|move|p1b: Nom|Stomping Tantrum|p2a: Meganium\n|-resisted|p2a: Meganium|1\n|-damage|p2a: Meganium|79/100\n|move|p2a: Meganium|Dazzling Gleam|p1a: idk a name|[spread] p1a,p1b\n|-supereffective|p1b: Nom|1\n|-activate|p1a: idk a name|ability: Disguise\n|-damage|p1a: idk a name|100/100\n|-damage|p1b: Nom|48/100\n|detailschange|p1a: idk a name|Mimikyu-Busted, L50, M, shiny\n|-damage|p1a: idk a name|88/100|[from] pokemon: Mimikyu-Busted\n|\n|-weather|RainDance|[upkeep]\n|-sideend|p2: aslan46|move: Tailwind\n|upkeep\n|turn|5\n|\n|t:|1776121896\n|move|p2b: Pelipper|Weather Ball|p1a: idk a name\n|-damage|p1a: idk a name|41/100\n|move|p2a: Meganium|Dazzling Gleam|p1a: idk a name|[spread] p1a,p1b\n|-supereffective|p1b: Nom|1\n|-damage|p1a: idk a name|17/100\n|-damage|p1b: Nom|0 fnt\n|faint|p1b: Nom\n|move|p1a: idk a name|Pain Split|p1: Nom|[notarget]\n|-fail|p1a: idk a name\n|\n|-weather|none\n|-sideend|p1: TheRealBanette\u00a9\u00ae|move: Light Screen\n|upkeep\n|turn|6\n|\n|t:|1776121910\n|move|p2b: Pelipper|Weather Ball|p1a: idk a name\n|-immune|p1a: idk a name\n|move|p2a: Meganium|Solar Beam||[still]\n|-prepare|p2a: Meganium|Solar Beam\n|-activate|p2a: Meganium|ability: Mega Sol\n|-anim|p2a: Meganium|Solar Beam|p1a: idk a name\n|-damage|p1a: idk a name|0 fnt\n|faint|p1a: idk a name\n|\n|win|aslan46\n|raw|TheRealBanette\u00a9\u00ae's rating: 1067 &rarr; <strong>1045</strong><br />(-22 for losing)\n|raw|aslan46's rating: 1033 &rarr; <strong>1071</strong><br />(+38 for winning)\n|l|\u2606aslan46\n|player|p2|\n",
  "uploadtime": 1776121928,
  "views": 36,
  "formatid": "gen9championsvgc2026regma",
  "rating": 1045,
  "private": 0,
  "password": null
}