{
  "id": "gen9championsvgc2026regma-2582194497",
  "format": "[Gen 9 Champions] VGC 2026 Reg M-A",
  "players": [
    "ArcticTerra",
    "MilkTeaWayGalaxy"
  ],
  "log": "|j|\u2606ArcticTerra\n|j|\u2606MilkTeaWayGalaxy\n|t:|1776069823\n|gametype|doubles\n|player|p1|ArcticTerra|169|1040\n|player|p2|MilkTeaWayGalaxy|rosa-pokestar3|1045\n|gen|9\n|tier|[Gen 9 Champions] VGC 2026 Reg M-A\n|rated|\n|rule|Species Clause: Limit one of each Pok\u00e9mon\n|rule|Item Clause: Limit 1 of each item\n|clearpoke\n|poke|p1|Meganium, L50, F|\n|poke|p1|Pelipper, L50, M|\n|poke|p1|Archaludon, L50, M|\n|poke|p1|Basculegion, L50, M|\n|poke|p1|Incineroar, L50, M|\n|poke|p1|Farigiraf, L50, F|\n|poke|p2|Froslass, L50, F|\n|poke|p2|Sinistcha, L50|\n|poke|p2|Kingambit, L50, M|\n|poke|p2|Sneasler, L50, F|\n|poke|p2|Incineroar, L50, M|\n|poke|p2|Basculegion, L50, M|\n|teampreview|4\nArcticTerra has agreed to open team sheets.\nMilkTeaWayGalaxy has agreed to open team sheets.\n|showteam|p1|Meganium||Meganiumite|Overgrow|SolarBeam,DazzlingGleam,WeatherBall,Protect|||F|||50|]Pelipper||FocusSash|Drizzle|WeatherBall,Hurricane,WideGuard,Tailwind|||M|||50|]Archaludon||HabanBerry|Stalwart|HeavySlam,DracoMeteor,ElectroShot,Protect|||M|||50|]Basculegion||Leftovers|SwiftSwim|WaveCrash,AquaJet,LastRespects,Protect|||M|||50|]Incineroar||SitrusBerry|Intimidate|FlareBlitz,PartingShot,FakeOut,Protect|||M|||50|]Farigiraf||KingsRock|ArmorTail|HyperVoice,Psychic,TrickRoom,DazzlingGleam|||F|||50|\n|showteam|p2|Froslass||Froslassite|CursedBody|Protect,Blizzard,AuroraVeil,ShadowBall|||F|||50|]Sinistcha||SitrusBerry|Hospitality|MatchaGotcha,RagePowder,LifeDew,Protect||||||50|]Kingambit||BlackGlasses|Defiant|SuckerPunch,KowtowCleave,IronHead,Protect|||M|||50|]Sneasler||WhiteHerb|Unburden|Coaching,Protect,DireClaw,CloseCombat|||F|||50|]Incineroar||Leftovers|Intimidate|DarkestLariat,FlareBlitz,FakeOut,PartingShot|||M|||50|]Basculegion||MysticWater|Adaptability|WaveCrash,Protect,AquaJet,LastRespects|||M|||50|\n|\n|t:|1776069913\n|teamsize|p1|4\n|teamsize|p2|4\n|start\n|switch|p1a: Pelipper|Pelipper, L50, M|100/100\n|switch|p1b: Meganium|Meganium, L50, F|100/100\n|switch|p2a: Froslass|Froslass, L50, F|100/100\n|switch|p2b: Incineroar|Incineroar, L50, M|100/100\n|-weather|RainDance|[from] ability: Drizzle|[of] p1a: Pelipper\n|-ability|p2b: Incineroar|Intimidate|boost\n|-unboost|p1a: Pelipper|atk|1\n|-unboost|p1b: Meganium|atk|1\n|turn|1\n|\n|t:|1776069977\n|detailschange|p2a: Froslass|Froslass-Mega, L50, F\n|-mega|p2a: Froslass|Froslass|Froslassite\n|-weather|Snowscape|[from] ability: Snow Warning|[of] p2a: Froslass\n|detailschange|p1b: Meganium|Meganium-Mega, L50, F\n|-mega|p1b: Meganium|Meganium|Meganiumite\n|move|p2b: Incineroar|Fake Out|p1b: Meganium\n|-damage|p1b: Meganium|88/100\n|move|p2a: Froslass|Aurora Veil|p2a: Froslass\n|-sidestart|p2: MilkTeaWayGalaxy|move: Aurora Veil\n|cant|p1b: Meganium|flinch\n|move|p1a: Pelipper|Tailwind|p1a: Pelipper\n|-sidestart|p1: ArcticTerra|move: Tailwind\n|\n|-weather|Snowscape|[upkeep]\n|upkeep\n|turn|2\n|\n|t:|1776070000\n|move|p2a: Froslass|Protect|p2a: Froslass\n|-singleturn|p2a: Froslass|Protect\n|move|p1a: Pelipper|Wide Guard|p1a: Pelipper\n|-singleturn|p1a: Pelipper|Wide Guard\n|move|p1b: Meganium|Weather Ball|p2a: Froslass\n|-activate|p2a: Froslass|move: Protect\n|move|p2b: Incineroar|Parting Shot|p1b: Meganium\n|-unboost|p1b: Meganium|atk|1\n|-unboost|p1b: Meganium|spa|1\n|\n|t:|1776070022\n|switch|p2b: Kingambit|Kingambit, L50, M|100/100|[from] Parting Shot\n|\n|-weather|Snowscape|[upkeep]\n|upkeep\n|turn|3\n|\n|t:|1776070053\n|switch|p1a: Basculegion|Basculegion, L50, M|100/100\n|move|p1b: Meganium|Weather Ball|p2a: Froslass\n|-supereffective|p2a: Froslass|1\n|-damage|p2a: Froslass|41/100\n|move|p2a: Froslass|Shadow Ball|p1a: Basculegion\n|-supereffective|p1a: Basculegion|1\n|-damage|p1a: Basculegion|38/100\n|-unboost|p1a: Basculegion|spd|1\n|move|p2b: Kingambit|Iron Head|p1b: Meganium\n|-supereffective|p1b: Meganium|1\n|-damage|p1b: Meganium|0 fnt\n|faint|p1b: Meganium\n|\n|-weather|Snowscape|[upkeep]\n|-heal|p1a: Basculegion|44/100|[from] item: Leftovers\n|upkeep\n|\n|t:|1776070069\n|switch|p1b: Pelipper|Pelipper, L50, M|100/100\n|-weather|RainDance|[from] ability: Drizzle|[of] p1b: Pelipper\n|turn|4\n|\n|t:|1776070087\n|switch|p1b: Archaludon|Archaludon, L50, M|100/100\n|switch|p2a: Incineroar|Incineroar, L50, M|100/100\n|-ability|p2a: Incineroar|Intimidate|boost\n|-unboost|p1a: Basculegion|atk|1\n|-unboost|p1b: Archaludon|atk|1\n|move|p1a: Basculegion|Last Respects|p2a: Incineroar\n|-resisted|p2a: Incineroar|1\n|-damage|p2a: Incineroar|90/100\n|move|p2b: Kingambit|Kowtow Cleave|p1a: Basculegion\n|-supereffective|p1a: Basculegion|1\n|-damage|p1a: Basculegion|0 fnt\n|faint|p1a: Basculegion\n|\n|-weather|RainDance|[upkeep]\n|-heal|p2a: Incineroar|96/100|[from] item: Leftovers\n|-sideend|p1: ArcticTerra|move: Tailwind\n|upkeep\n|\n|t:|1776070104\n|switch|p1a: Pelipper|Pelipper, L50, M|100/100\n|turn|5\n|\n|t:|1776070139\n|switch|p2b: Froslass|Froslass-Mega, L50, F|41/100\n|-weather|Snowscape|[from] ability: Snow Warning|[of] p2b: Froslass\n|move|p2a: Incineroar|Fake Out|p1a: Pelipper\n|-damage|p1a: Pelipper|85/100\n|move|p1b: Archaludon|Electro Shot||[still]\n|-prepare|p1b: Archaludon|Electro Shot\n|-boost|p1b: Archaludon|spa|1\n|cant|p1a: Pelipper|flinch\n|\n|-weather|Snowscape|[upkeep]\n|-heal|p2a: Incineroar|100/100|[from] item: Leftovers\n|-sideend|p2: MilkTeaWayGalaxy|move: Aurora Veil\n|upkeep\n|turn|6\n|\n|t:|1776070186\n|move|p2b: Froslass|Aurora Veil|p2b: Froslass\n|-sidestart|p2: MilkTeaWayGalaxy|move: Aurora Veil\n|move|p1b: Archaludon|Electro Shot|p2a: Incineroar|[from] lockedmove\n|-damage|p2a: Incineroar|65/100\n|move|p1a: Pelipper|Tailwind|p1a: Pelipper\n|-sidestart|p1: ArcticTerra|move: Tailwind\n|move|p2a: Incineroar|Parting Shot|p1b: Archaludon\n|-unboost|p1b: Archaludon|atk|1\n|-unboost|p1b: Archaludon|spa|1\n|\n|t:|1776070197\n|switch|p2a: Kingambit|Kingambit, L50, M|100/100|[from] Parting Shot\n|\n|-weather|Snowscape|[upkeep]\n|upkeep\n|turn|7\n|\n|t:|1776070220\n|move|p1b: Archaludon|Heavy Slam|p2b: Froslass\n|-supereffective|p2b: Froslass|1\n|-damage|p2b: Froslass|28/100\n|move|p1a: Pelipper|Weather Ball|p2a: Kingambit\n|-resisted|p2a: Kingambit|1\n|-damage|p2a: Kingambit|92/100\n|move|p2b: Froslass|Shadow Ball|p1a: Pelipper\n|-damage|p1a: Pelipper|13/100\n|move|p2a: Kingambit|Kowtow Cleave|p1a: Pelipper\n|-damage|p1a: Pelipper|0 fnt\n|faint|p1a: Pelipper\n|\n|-weather|Snowscape|[upkeep]\n|upkeep\n|turn|8\n|\n|t:|1776070248\n|switch|p2b: Sneasler|Sneasler, L50, F|100/100\n|switch|p2a: Incineroar|Incineroar, L50, M|65/100\n|-ability|p2a: Incineroar|Intimidate|boost\n|-unboost|p1b: Archaludon|atk|1\n|move|p1b: Archaludon|Draco Meteor|p2b: Sneasler\n|-damage|p2b: Sneasler|49/100\n|-unboost|p1b: Archaludon|spa|2\n|\n|-weather|Snowscape|[upkeep]\n|-heal|p2a: Incineroar|71/100|[from] item: Leftovers\n|upkeep\n|turn|9\n|\n|t:|1776070263\n|move|p1b: Archaludon|Draco Meteor|p2b: Sneasler\n|-damage|p2b: Sneasler|20/100\n|-unboost|p1b: Archaludon|spa|2\n|move|p2b: Sneasler|Close Combat|p1b: Archaludon\n|-supereffective|p1b: Archaludon|1\n|-damage|p1b: Archaludon|9/100\n|-unboost|p2b: Sneasler|def|1\n|-unboost|p2b: Sneasler|spd|1\n|-enditem|p2b: Sneasler|White Herb\n|-clearnegativeboost|p2b: Sneasler|[silent]\n|move|p2a: Incineroar|Flare Blitz|p1b: Archaludon\n|-damage|p1b: Archaludon|0 fnt\n|faint|p1b: Archaludon\n|-damage|p2a: Incineroar|68/100|[from] Recoil\n|\n|win|MilkTeaWayGalaxy\n|raw|ArcticTerra's rating: 1040 &rarr; <strong>1024</strong><br />(-16 for losing)\n|raw|MilkTeaWayGalaxy's rating: 1045 &rarr; <strong>1078</strong><br />(+33 for winning)\n|l|\u2606ArcticTerra\n|player|p1|\n",
  "uploadtime": 1776070279,
  "views": 10,
  "formatid": "gen9championsvgc2026regma",
  "rating": 1024,
  "private": 0,
  "password": null
}