{
  "id": "gen9championsvgc2026regma-2584865281",
  "format": "[Gen 9 Champions] VGC 2026 Reg M-A",
  "players": [
    "Silvist",
    "KoolAidDealer"
  ],
  "log": "|j|\u2606Silvist\n|j|\u2606KoolAidDealer\n|t:|1776289793\n|gametype|doubles\n|player|p1|Silvist|2|1101\n|player|p2|KoolAidDealer|ethan-masters|1150\n|gen|9\n|tier|[Gen 9 Champions] VGC 2026 Reg M-A\n|rated|\n|rule|Species Clause: Limit one of each Pok\u00e9mon\n|rule|Item Clause: Limit 1 of each item\n|clearpoke\n|poke|p1|Incineroar, L50, F|\n|poke|p1|Starmie, L50|\n|poke|p1|Chesnaught, L50, M|\n|poke|p1|Ceruledge, L50, F|\n|poke|p1|Aerodactyl, L50, F|\n|poke|p1|Sneasler, L50, F|\n|poke|p2|Gallade, L50, M|\n|poke|p2|Flapple, L50, F|\n|poke|p2|Sableye, L50, M|\n|poke|p2|Volcarona, L50, M|\n|poke|p2|Runerigus, L50, F|\n|poke|p2|Ninetales-Alola, L50, M|\n|teampreview|4\n|inactive|Battle timer is ON: inactive players will automatically lose when time's up. (requested by KoolAidDealer)\nKoolAidDealer rejected open team sheets.\n|\n|t:|1776289832\n|teamsize|p1|4\n|teamsize|p2|4\n|start\n|switch|p1a: Starmie|Starmie, L50|100/100\n|switch|p1b: Ceruledge|Ceruledge, L50, F|100/100\n|switch|p2a: Sableye|Sableye, L50, M|100/100\n|switch|p2b: Gallade|Gallade, L50, M, shiny|100/100\n|turn|1\n|inactive|Silvist has 30 seconds left.\n|inactive|Silvist has 20 seconds left.\n|inactive|Silvist has 15 seconds left.\n|\n|t:|1776289875\n|switch|p1b: Incineroar|Incineroar, L50, F|100/100\n|-ability|p1b: Incineroar|Intimidate|boost\n|-unboost|p2a: Sableye|atk|1\n|-unboost|p2b: Gallade|atk|1\n|detailschange|p1a: Starmie|Starmie-Mega, L50\n|-mega|p1a: Starmie|Starmie|Starminite\n|detailschange|p2b: Gallade|Gallade-Mega, L50, M, shiny\n|-mega|p2b: Gallade|Gallade|Galladite\n|move|p2a: Sableye|Gravity|p2a: Sableye\n|-fieldstart|move: Gravity\n|move|p1a: Starmie|Icy Wind|p2a: Sableye|[spread] p2a,p2b\n|-damage|p2a: Sableye|82/100\n|-damage|p2b: Gallade|87/100\n|-unboost|p2a: Sableye|spe|1\n|-unboost|p2b: Gallade|spe|1\n|move|p2b: Gallade|Hypnosis|p1b: Incineroar\n|-status|p1b: Incineroar|slp|[from] move: Hypnosis\n|\n|upkeep\n|turn|2\n|\n|t:|1776289897\n|move|p2a: Sableye|Quash|p1a: Starmie\n|-activate|p1a: Starmie|move: Quash\n|move|p2b: Gallade|Hypnosis|p1a: Starmie\n|-status|p1a: Starmie|slp|[from] move: Hypnosis\n|cant|p1b: Incineroar|slp\n|cant|p1a: Starmie|slp\n|\n|upkeep\n|turn|3\n|c|\u2606Silvist|this is some bs bro\n|\n|t:|1776289919\n|switch|p2a: Flapple|Flapple, L50, F, shiny|100/100\n|cant|p1a: Starmie|slp\n|move|p2b: Gallade|Low Kick|p1b: Incineroar\n|-supereffective|p1b: Incineroar|1\n|-damage|p1b: Incineroar|30/100 slp\n|-curestatus|p1b: Incineroar|slp|[msg]\n|move|p1b: Incineroar|Flare Blitz|p2a: Flapple\n|-damage|p2a: Flapple|0 fnt\n|faint|p2a: Flapple\n|-damage|p1b: Incineroar|6/100|[from] Recoil\n|\n|upkeep\n|inactive|KoolAidDealer has 30 seconds left.\n|inactive|KoolAidDealer has 20 seconds left.\n|\n|t:|1776289955\n|switch|p2a: Sableye|Sableye, L50, M|82/100\n|turn|4\n|inactive|Silvist has 30 seconds left.\n|\n|t:|1776289982\n|switch|p2b: Volcarona|Volcarona, L50, M|100/100\n|move|p2a: Sableye|Encore|p1a: Starmie\n|-start|p1a: Starmie|Encore\n|-curestatus|p1a: Starmie|slp|[msg]\n|move|p1a: Starmie|Icy Wind|p2b: Volcarona|[spread] p2a,p2b\n|-resisted|p2b: Volcarona|1\n|-damage|p2a: Sableye|64/100\n|-damage|p2b: Volcarona|95/100\n|-unboost|p2a: Sableye|spe|1\n|-unboost|p2b: Volcarona|spe|1\n|move|p1b: Incineroar|Flare Blitz|p2b: Volcarona\n|-damage|p2b: Volcarona|0 fnt\n|faint|p2b: Volcarona\n|-damage|p1b: Incineroar|0 fnt|[from] Recoil\n|faint|p1b: Incineroar\n|\n|upkeep\n|\n|t:|1776290006\n|switch|p2b: Gallade|Gallade-Mega, L50, M, shiny|87/100\n|switch|p1b: Ceruledge|Ceruledge, L50, F|100/100\n|turn|5\n|\n|t:|1776290024\n|move|p2a: Sableye|Light Screen|p2a: Sableye\n|-sidestart|p2: KoolAidDealer|move: Light Screen\n|move|p1a: Starmie|Icy Wind|p2b: Gallade|[spread] p2a,p2b\n|-damage|p2a: Sableye|51/100\n|-damage|p2b: Gallade|77/100\n|-unboost|p2a: Sableye|spe|1\n|-unboost|p2b: Gallade|spe|1\n|move|p2b: Gallade|Hypnosis|p1b: Ceruledge\n|-status|p1b: Ceruledge|slp|[from] move: Hypnosis\n|cant|p1b: Ceruledge|slp\n|\n|-fieldend|move: Gravity\n|upkeep\n|turn|6\n|\n|t:|1776290045\n|switch|p1a: Aerodactyl|Aerodactyl, L50, F|100/100\n|-ability|p1a: Aerodactyl|Unnerve\n|move|p2a: Sableye|Quash||[still]\n|-fail|p2a: Sableye\n|move|p2b: Gallade|Triple Axel|p1a: Aerodactyl\n|-supereffective|p1a: Aerodactyl|1\n|-damage|p1a: Aerodactyl|71/100\n|-supereffective|p1a: Aerodactyl|1\n|-damage|p1a: Aerodactyl|20/100\n|-supereffective|p1a: Aerodactyl|1\n|-damage|p1a: Aerodactyl|0 fnt\n|faint|p1a: Aerodactyl\n|-hitcount|p1: Aerodactyl|3\n|cant|p1b: Ceruledge|slp\n|\n|upkeep\n|\n|t:|1776290065\n|switch|p1a: Starmie|Starmie-Mega, L50|100/100\n|turn|7\n|\n|t:|1776290075\n|move|p2b: Gallade|Protect|p2b: Gallade\n|-singleturn|p2b: Gallade|Protect\n|move|p2a: Sableye|Gravity|p2a: Sableye\n|-fieldstart|move: Gravity\n|move|p1a: Starmie|Skill Swap|p1b: Ceruledge\n|-activate|p1a: Starmie|Skill Swap|||[of] p1b: Ceruledge\n|-curestatus|p1b: Ceruledge|slp|[msg]\n|move|p1b: Ceruledge|Bitter Blade|p2a: Sableye\n|-damage|p2a: Sableye|0 fnt\n|faint|p2a: Sableye\n|\n|upkeep\n|turn|8\n|\n|t:|1776290089\n|move|p1a: Starmie|Icy Wind|p2b: Gallade\n|-damage|p2b: Gallade|66/100\n|-unboost|p2b: Gallade|spe|1\n|move|p1b: Ceruledge|Poltergeist|p2b: Gallade\n|-activate|p2b: Gallade|move: Poltergeist|Galladite\n|-supereffective|p2b: Gallade|1\n|-damage|p2b: Gallade|0 fnt\n|faint|p2b: Gallade\n|\n|win|Silvist\n|raw|Silvist's rating: 1101 &rarr; <strong>1130</strong><br />(+29 for winning)\n|raw|KoolAidDealer's rating: 1150 &rarr; <strong>1121</strong><br />(-29 for losing)\n|c|\u2606Silvist|gg\n|c|\u2606KoolAidDealer|ggs\n|l|\u2606KoolAidDealer\n|player|p2|\n|c|\u2606Silvist|good team\n",
  "uploadtime": 1776290112,
  "views": 31,
  "formatid": "gen9championsvgc2026regma",
  "rating": 1121,
  "private": 0,
  "password": null
}