{
  "id": "gen9championsvgc2026regma-2587858332",
  "format": "[Gen 9 Champions] VGC 2026 Reg M-A",
  "players": [
    "Vengeance0",
    "Purplepubes37"
  ],
  "log": "|j|\u2606Vengeance0\n|j|\u2606Purplepubes37\n|t:|1776571390\n|gametype|doubles\n|player|p1|Vengeance0|rosa|1218\n|player|p2|Purplepubes37|1|1219\n|gen|9\n|tier|[Gen 9 Champions] VGC 2026 Reg M-A\n|rated|\n|rule|Species Clause: Limit one of each Pok\u00e9mon\n|rule|Item Clause: Limit 1 of each item\n|clearpoke\n|poke|p1|Victreebel, L50, F|\n|poke|p1|Garchomp, L50, M|\n|poke|p1|Aerodactyl, L50, M|\n|poke|p1|Kingambit, L50, F|\n|poke|p1|Pelipper, L50, F|\n|poke|p1|Sneasler, L50, F|\n|poke|p2|Dragapult, L50, M|\n|poke|p2|Meowscarada, L50, F|\n|poke|p2|Zoroark-Hisui, L50, M|\n|poke|p2|Manectric, L50, M, shiny|\n|poke|p2|Sneasler, L50, M|\n|poke|p2|Greninja, L50, F, shiny|\n|teampreview|4\nVengeance0 rejected open team sheets.\n|inactive|Battle timer is ON: inactive players will automatically lose when time's up. (requested by Purplepubes37)\n|\n|t:|1776571414\n|teamsize|p1|4\n|teamsize|p2|4\n|start\n|switch|p1a: Victreebel|Victreebel, L50, F|100/100\n|switch|p1b: Aerodactyl|Aerodactyl, L50, M|100/100\n|switch|p2a: Fog|Manectric, L50, M, shiny|100/100\n|switch|p2b: Foid|Meowscarada, L50, F|100/100\n|-ability|p1b: Aerodactyl|Unnerve\n|turn|1\n|\n|t:|1776571433\n|detailschange|p2a: Fog|Manectric-Mega, L50, M, shiny\n|-mega|p2a: Fog|Manectric|Manectite\n|-ability|p2a: Fog|Intimidate|boost\n|-unboost|p1a: Victreebel|atk|1\n|-unboost|p1b: Aerodactyl|atk|1\n|detailschange|p1a: Victreebel|Victreebel-Mega, L50, F\n|-mega|p1a: Victreebel|Victreebel|Victreebelite\n|move|p1b: Aerodactyl|Protect|p1b: Aerodactyl\n|-singleturn|p1b: Aerodactyl|Protect\n|move|p2b: Foid|Triple Axel|p1b: Aerodactyl\n|-start|p2b: Foid|typechange|Ice|[from] ability: Protean\n|-activate|p1b: Aerodactyl|move: Protect\n|move|p2a: Fog|Charge Beam|p1b: Aerodactyl\n|-activate|p1b: Aerodactyl|move: Protect\n|move|p1a: Victreebel|Sludge Bomb|p2b: Foid\n|-damage|p2b: Foid|22/100\n|\n|upkeep\n|turn|2\n|inactive|Vengeance0 has 30 seconds left.\n|\n|t:|1776571462\n|move|p2b: Foid|Triple Axel|p1b: Aerodactyl|[miss]\n|-miss|p2b: Foid|p1b: Aerodactyl\n|move|p2a: Fog|Charge Beam|p1b: Aerodactyl|[miss]\n|-miss|p2a: Fog|p1b: Aerodactyl\n|move|p1b: Aerodactyl|Tailwind|p1b: Aerodactyl\n|-sidestart|p1: Vengeance0|move: Tailwind\n|move|p1a: Victreebel|Sludge Bomb|p2b: Foid\n|-damage|p2b: Foid|0 fnt\n|faint|p2b: Foid\n|\n|upkeep\n|c|\u2606Purplepubes37|wow\n|\n|t:|1776571477\n|switch|p2b: Beasley|Sneasler, L50, M|100/100\n|turn|3\n|c|\u2606Vengeance0|I'm so sorry omfg\n|\n|t:|1776571485\n|move|p1b: Aerodactyl|Protect|p1b: Aerodactyl\n|-singleturn|p1b: Aerodactyl|Protect\n|move|p2a: Fog|Protect|p2a: Fog\n|-singleturn|p2a: Fog|Protect\n|move|p1a: Victreebel|Protect|p1a: Victreebel\n|-singleturn|p1a: Victreebel|Protect\n|move|p2b: Beasley|Fake Out|p1a: Victreebel\n|-activate|p1a: Victreebel|move: Protect\n|\n|upkeep\n|turn|4\n|\n|t:|1776571506\n|move|p1b: Aerodactyl|Dual Wingbeat|p2b: Beasley\n|-supereffective|p2b: Beasley|1\n|-damage|p2b: Beasley|62/100\n|-supereffective|p2b: Beasley|1\n|-damage|p2b: Beasley|20/100\n|-hitcount|p2b: Beasley|2\n|move|p2a: Fog|Charge Beam|p1b: Aerodactyl\n|-supereffective|p1b: Aerodactyl|1\n|-damage|p1b: Aerodactyl|24/100\n|-boost|p2a: Fog|spa|1\n|move|p1a: Victreebel|Sludge Bomb|p2a: Fog\n|-damage|p2a: Fog|23/100\n|move|p2b: Beasley|Dire Claw|p1a: Victreebel\n|-damage|p1a: Victreebel|52/100\n|\n|upkeep\n|turn|5\n|\n|t:|1776571529\n|move|p2a: Fog|Protect|p2a: Fog\n|-singleturn|p2a: Fog|Protect\n|move|p2b: Beasley|Protect|p2b: Beasley\n|-singleturn|p2b: Beasley|Protect\n|move|p1b: Aerodactyl|Dual Wingbeat|p2b: Beasley\n|-activate|p2b: Beasley|move: Protect\n|move|p1a: Victreebel|Strength Sap|p2a: Fog\n|-activate|p2a: Fog|move: Protect\n|\n|-sideend|p1: Vengeance0|move: Tailwind\n|upkeep\n|turn|6\n|inactive|Purplepubes37 has 30 seconds left.\n|\n|t:|1776571555\n|switch|p1b: Garchomp|Garchomp, L50, M|100/100\n|move|p1a: Victreebel|Protect|p1a: Victreebel\n|-singleturn|p1a: Victreebel|Protect\n|move|p2a: Fog|Thunderbolt|p1b: Garchomp\n|-immune|p1b: Garchomp\n|move|p2b: Beasley|Dire Claw|p1a: Victreebel\n|-activate|p1a: Victreebel|move: Protect\n|\n|upkeep\n|turn|7\n|\n|t:|1776571567\n|switch|p1a: Aerodactyl|Aerodactyl, L50, M|24/100\n|-ability|p1a: Aerodactyl|Unnerve\n|move|p2a: Fog|Volt Switch|p1a: Aerodactyl\n|-supereffective|p1a: Aerodactyl|1\n|-damage|p1a: Aerodactyl|0 fnt\n|faint|p1a: Aerodactyl\n|\n|t:|1776571575\n|switch|p2a: Canyon|Dragapult, L50, M|100/100|[from] Volt Switch\n|move|p1b: Garchomp|Earthquake|p2a: Canyon|[spread] p2a,p2b\n|-supereffective|p2b: Beasley|1\n|-damage|p2a: Canyon|46/100\n|-damage|p2b: Beasley|0 fnt\n|faint|p2b: Beasley\n|\n|upkeep\n|\n|t:|1776571583\n|switch|p1a: Kingambit|Kingambit, L50, F|100/100\n|switch|p2b: Fog|Manectric-Mega, L50, M, shiny|23/100\n|-ability|p2b: Fog|Intimidate|boost\n|-unboost|p1a: Kingambit|atk|1\n|-ability|p1a: Kingambit|Defiant|boost\n|-boost|p1a: Kingambit|atk|2\n|-unboost|p1b: Garchomp|atk|1\n|turn|8\n|\n|t:|1776571603\n|switch|p1b: Victreebel|Victreebel-Mega, L50, F|52/100\n|move|p1a: Kingambit|Sucker Punch|p2a: Canyon\n|-supereffective|p2a: Canyon|1\n|-damage|p2a: Canyon|0 fnt\n|faint|p2a: Canyon\n|move|p2b: Fog|Thunderbolt|p1a: Kingambit\n|-damage|p1a: Kingambit|50/100\n|-status|p1a: Kingambit|par\n|\n|upkeep\n|turn|9\n|\n|t:|1776571623\n|move|p1a: Kingambit|Sucker Punch|p2b: Fog\n|-damage|p2b: Fog|0 fnt\n|faint|p2b: Fog\n|\n|win|Vengeance0\n|raw|Vengeance0's rating: 1218 &rarr; <strong>1243</strong><br />(+25 for winning)\n|raw|Purplepubes37's rating: 1219 &rarr; <strong>1194</strong><br />(-25 for losing)\n",
  "uploadtime": 1776571627,
  "views": 9,
  "formatid": "gen9championsvgc2026regma",
  "rating": 1194,
  "private": 0,
  "password": null
}