{
  "id": "gen9championsvgc2026regma-2583061794",
  "format": "[Gen 9 Champions] VGC 2026 Reg M-A",
  "players": [
    "chungisamungus",
    "yh79h0"
  ],
  "log": "|j|\u2606chungisamungus\n|j|\u2606yh79h0\n|t:|1776137841\n|gametype|doubles\n|player|p1|chungisamungus|101|1139\n|player|p2|yh79h0|2|1047\n|gen|9\n|tier|[Gen 9 Champions] VGC 2026 Reg M-A\n|rated|\n|rule|Species Clause: Limit one of each Pok\u00e9mon\n|rule|Item Clause: Limit 1 of each item\n|clearpoke\n|poke|p1|Gengar, L50, M|\n|poke|p1|Sneasler, L50, F|\n|poke|p1|Whimsicott, L50, F|\n|poke|p1|Incineroar, L50, M|\n|poke|p1|Farigiraf, L50, M|\n|poke|p1|Politoed, L50, F|\n|poke|p2|Sneasler, L50, M|\n|poke|p2|Kingambit, L50, M|\n|poke|p2|Froslass, L50, F|\n|poke|p2|Garchomp, L50, M|\n|poke|p2|Whimsicott, L50, F|\n|poke|p2|Incineroar, L50, F|\n|teampreview|4\n|\n|t:|1776137885\n|teamsize|p1|4\n|teamsize|p2|4\n|start\n|switch|p1a: Sneasler|Sneasler, L50, F, shiny|100/100\n|switch|p1b: Whimsicott|Whimsicott, L50, F, shiny|100/100\n|switch|p2a: fakeout bait|Froslass, L50, F, shiny|100/100\n|switch|p2b: taunter|Incineroar, L50, F|100/100\n|-ability|p2b: taunter|Intimidate|boost\n|-unboost|p1a: Sneasler|atk|1\n|-unboost|p1b: Whimsicott|atk|1\n|-enditem|p1a: Sneasler|White Herb\n|-clearnegativeboost|p1a: Sneasler|[silent]\n|turn|1\n|\n|t:|1776137897\n|switch|p1b: Farigiraf|Farigiraf, L50, M, shiny|100/100\n|detailschange|p2a: fakeout bait|Froslass-Mega, L50, F, shiny\n|-mega|p2a: fakeout bait|Froslass|Froslassite\n|-weather|Snowscape|[from] ability: Snow Warning|[of] p2a: fakeout bait\n|move|p2b: taunter|Fake Out||[still]\n|cant|p1b: Farigiraf|ability: Armor Tail|Fake Out|[of] p2b: taunter\n|move|p1a: Sneasler|Close Combat|p2b: taunter\n|-supereffective|p2b: taunter|1\n|-damage|p2b: taunter|0 fnt\n|-unboost|p1a: Sneasler|def|1\n|-unboost|p1a: Sneasler|spd|1\n|faint|p2b: taunter\n|move|p2a: fakeout bait|Blizzard|p1b: Farigiraf|[spread] p1a,p1b\n|-damage|p1a: Sneasler|15/100\n|-damage|p1b: Farigiraf|62/100\n|\n|-weather|Snowscape|[upkeep]\n|-heal|p1b: Farigiraf|68/100|[from] item: Leftovers\n|upkeep\n|\n|t:|1776137910\n|switch|p2b: chill guy|Garchomp, L50, M|100/100\n|turn|2\n|\n|t:|1776137936\n|move|p1b: Farigiraf|Protect|p1b: Farigiraf\n|-singleturn|p1b: Farigiraf|Protect\n|move|p1a: Sneasler|Close Combat|p2b: chill guy\n|-damage|p2b: chill guy|36/100\n|-unboost|p1a: Sneasler|def|1\n|-unboost|p1a: Sneasler|spd|1\n|-damage|p1a: Sneasler|2/100|[from] ability: Rough Skin|[of] p2b: chill guy\n|move|p2b: chill guy|Outrage|p1a: Sneasler\n|-damage|p1a: Sneasler|0 fnt\n|faint|p1a: Sneasler\n|move|p2a: fakeout bait|Blizzard|p1b: Farigiraf\n|-activate|p1b: Farigiraf|move: Protect\n|\n|-weather|Snowscape|[upkeep]\n|-heal|p1b: Farigiraf|74/100|[from] item: Leftovers\n|upkeep\n|\n|t:|1776137949\n|switch|p1a: Whimsicott|Whimsicott, L50, F, shiny|100/100\n|turn|3\n|\n|t:|1776137969\n|move|p1a: Whimsicott|Encore|p2b: chill guy\n|-start|p2b: chill guy|Encore\n|move|p2b: chill guy|Outrage|p1b: Farigiraf|[from] lockedmove\n|-damage|p1b: Farigiraf|17/100\n|move|p2a: fakeout bait|Blizzard|p1a: Whimsicott|[spread] p1a,p1b\n|-supereffective|p1a: Whimsicott|1\n|-enditem|p1a: Whimsicott|Focus Sash\n|-damage|p1a: Whimsicott|1/100\n|-damage|p1b: Farigiraf|0 fnt\n|faint|p1b: Farigiraf\n|\n|-weather|Snowscape|[upkeep]\n|upkeep\n|\n|t:|1776137974\n|switch|p1b: Gengar|Gengar, L50, M, shiny|100/100\n|turn|4\n|\n|t:|1776137986\n|detailschange|p1b: Gengar|Gengar-Mega, L50, M, shiny\n|-mega|p1b: Gengar|Gengar|Gengarite\n|move|p2a: fakeout bait|Protect|p2a: fakeout bait\n|-singleturn|p2a: fakeout bait|Protect\n|move|p2b: chill guy|Outrage|p1a: Whimsicott|[from] lockedmove\n|-immune|p1a: Whimsicott\n|-start|p2b: chill guy|confusion|[fatigue]\n|move|p1b: Gengar|Shadow Ball|p2a: fakeout bait\n|-activate|p2a: fakeout bait|move: Protect\n|move|p1a: Whimsicott|Moonblast|p2b: chill guy\n|-supereffective|p2b: chill guy|1\n|-damage|p2b: chill guy|0 fnt\n|faint|p2b: chill guy\n|\n|-weather|Snowscape|[upkeep]\n|upkeep\n|\n|t:|1776137988\n|switch|p2b: worororo|Kingambit, L50, M|100/100\n|turn|5\n|\n|t:|1776138012\n|move|p1a: Whimsicott|Protect|p1a: Whimsicott\n|-singleturn|p1a: Whimsicott|Protect\n|move|p1b: Gengar|Protect|p1b: Gengar\n|-singleturn|p1b: Gengar|Protect\n|move|p2b: worororo|Sucker Punch||[still]\n|-fail|p2b: worororo\n|move|p2a: fakeout bait|Blizzard|p1b: Gengar|[spread] \n|-activate|p1a: Whimsicott|move: Protect\n|-activate|p1b: Gengar|move: Protect\n|\n|-weather|none\n|upkeep\n|turn|6\n|\n|t:|1776138050\n|move|p1b: Gengar|Protect||[still]\n|-fail|p1b: Gengar\n|move|p2a: fakeout bait|Protect|p2a: fakeout bait\n|-singleturn|p2a: fakeout bait|Protect\n|move|p2b: worororo|Sucker Punch||[still]\n|-fail|p2b: worororo\n|move|p1a: Whimsicott|Moonblast|p2b: worororo\n|-damage|p2b: worororo|63/100\n|\n|upkeep\n|turn|7\n|\n|t:|1776138066\n|move|p1a: Whimsicott|Encore|p2a: fakeout bait\n|-start|p2a: fakeout bait|Encore\n|move|p2a: fakeout bait|Protect|p2a: fakeout bait\n|-singleturn|p2a: fakeout bait|Protect\n|move|p2b: worororo|Sucker Punch||[still]\n|-fail|p2b: worororo\n|move|p1b: Gengar|Perish Song|p1b: Gengar\n|-start|p1a: Whimsicott|perish3|[silent]\n|-start|p1b: Gengar|perish3|[silent]\n|-start|p2a: fakeout bait|perish3|[silent]\n|-start|p2b: worororo|perish3|[silent]\n|-fieldactivate|move: Perish Song\n|\n|-start|p1b: Gengar|perish3\n|-start|p2a: fakeout bait|perish3\n|-start|p1a: Whimsicott|perish3\n|-start|p2b: worororo|perish3\n|upkeep\n|turn|8\n|\n|t:|1776138084\n|move|p1b: Gengar|Protect|p1b: Gengar\n|-singleturn|p1b: Gengar|Protect\n|move|p2a: fakeout bait|Protect||[still]\n|-fail|p2a: fakeout bait\n|move|p2b: worororo|Sucker Punch||[still]\n|-fail|p2b: worororo\n|move|p1a: Whimsicott|Moonblast|p2b: worororo\n|-damage|p2b: worororo|24/100\n|\n|-start|p1b: Gengar|perish2\n|-start|p2a: fakeout bait|perish2\n|-start|p1a: Whimsicott|perish2\n|-start|p2b: worororo|perish2\n|upkeep\n|turn|9\n|\n|t:|1776138098\n|move|p2a: fakeout bait|Protect|p2a: fakeout bait\n|-singleturn|p2a: fakeout bait|Protect\n|move|p1b: Gengar|Shadow Ball|p2b: worororo\n|-resisted|p2b: worororo|1\n|-crit|p2b: worororo\n|-damage|p2b: worororo|0 fnt\n|faint|p2b: worororo\n|move|p1a: Whimsicott|Moonblast|p2a: fakeout bait\n|-activate|p2a: fakeout bait|move: Protect\n|\n|-end|p2a: fakeout bait|Encore\n|-start|p1b: Gengar|perish1\n|-start|p2a: fakeout bait|perish1\n|-start|p1a: Whimsicott|perish1\n|upkeep\n|turn|10\n|\n|t:|1776138114\n|move|p1a: Whimsicott|Encore|p2a: fakeout bait\n|-start|p2a: fakeout bait|Encore\n|move|p2a: fakeout bait|Protect|p2a: fakeout bait\n|-singleturn|p2a: fakeout bait|Protect\n|move|p1b: Gengar|Shadow Ball|p2a: fakeout bait\n|-activate|p2a: fakeout bait|move: Protect\n|\n|-start|p1b: Gengar|perish0\n|-start|p2a: fakeout bait|perish0\n|-start|p1a: Whimsicott|perish0\n|faint|p1b: Gengar\n|faint|p2a: fakeout bait\n|faint|p1a: Whimsicott\n|\n|win|chungisamungus\n|raw|chungisamungus's rating: 1139 &rarr; <strong>1158</strong><br />(+19 for winning)\n|raw|yh79h0's rating: 1047 &rarr; <strong>1034</strong><br />(-13 for losing)\n|l|\u2606yh79h0\n|player|p2|\n",
  "uploadtime": 1776138141,
  "views": 24,
  "formatid": "gen9championsvgc2026regma",
  "rating": 1034,
  "private": 0,
  "password": null
}