{
  "id": "gen9championsvgc2026regma-2583865101",
  "format": "[Gen 9 Champions] VGC 2026 Reg M-A",
  "players": [
    "King Zeus VGC",
    "Markiito18"
  ],
  "log": "|j|\u2606King Zeus VGC\n|j|\u2606Markiito18\n|t:|1776203759\n|gametype|doubles\n|player|p1|King Zeus VGC|2|1180\n|player|p2|Markiito18|rood|1080\n|gen|9\n|tier|[Gen 9 Champions] VGC 2026 Reg M-A\n|rated|\n|rule|Species Clause: Limit one of each Pok\u00e9mon\n|rule|Item Clause: Limit 1 of each item\n|clearpoke\n|poke|p1|Charizard, L50, F|\n|poke|p1|Torkoal, L50, M|\n|poke|p1|Whimsicott, L50, M|\n|poke|p1|Farigiraf, L50, F|\n|poke|p1|Sneasler, L50, M|\n|poke|p1|Rhyperior, L50, M|\n|poke|p2|Hydreigon, L50, F|\n|poke|p2|Sneasler, L50, M|\n|poke|p2|Aggron, L50, F|\n|poke|p2|Sinistcha, L50|\n|poke|p2|Tyranitar, L50, F|\n|poke|p2|Aerodactyl, L50, M|\n|teampreview|4\n|inactive|Battle timer is ON: inactive players will automatically lose when time's up. (requested by King Zeus VGC)\n|\n|t:|1776203811\n|teamsize|p1|4\n|teamsize|p2|4\n|start\n|switch|p1a: Whimsicott|Whimsicott, L50, M|100/100\n|switch|p1b: Torkoal|Torkoal, L50, M|100/100\n|switch|p2a: Aerodactyl|Aerodactyl, L50, M, shiny|100/100\n|switch|p2b: Sneasler|Sneasler, L50, M, shiny|100/100\n|-weather|SunnyDay|[from] ability: Drought|[of] p1b: Torkoal\n|turn|1\n|inactive|King Zeus VGC has 30 seconds left.\n|inactive|King Zeus VGC has 20 seconds left.\n|inactive|King Zeus VGC has 15 seconds left.\n|\n|t:|1776203854\n|switch|p2b: Tyranitar|Tyranitar, L50, F|100/100\n|-weather|Sandstorm|[from] ability: Sand Stream|[of] p2b: Tyranitar\n|switch|p1a: Rhyperior|Rhyperior, L50, M|100/100\n|detailschange|p2a: Aerodactyl|Aerodactyl-Mega, L50, M, shiny\n|-mega|p2a: Aerodactyl|Aerodactyl|Aerodactylite\n|move|p1b: Torkoal|Protect|p1b: Torkoal\n|-singleturn|p1b: Torkoal|Protect\n|move|p2a: Aerodactyl|Dual Wingbeat|p1a: Rhyperior\n|-resisted|p1a: Rhyperior|1\n|-damage|p1a: Rhyperior|91/100\n|-resisted|p1a: Rhyperior|1\n|-damage|p1a: Rhyperior|82/100\n|-hitcount|p1a: Rhyperior|2\n|\n|-weather|Sandstorm|[upkeep]\n|-damage|p1b: Torkoal|94/100|[from] Sandstorm\n|-heal|p1a: Rhyperior|88/100|[from] item: Leftovers\n|upkeep\n|turn|2\n|inactive|King Zeus VGC has 30 seconds left.\n|inactive|Markiito18 has 30 seconds left.\n|inactive|Markiito18 has 20 seconds left.\n|inactive|Markiito18 has 15 seconds left.\n|inactive|Markiito18 has 10 seconds left.\n|\n|t:|1776203900\n|move|p2a: Aerodactyl|Protect|p2a: Aerodactyl\n|-singleturn|p2a: Aerodactyl|Protect\n|move|p2b: Tyranitar|Knock Off|p1a: Rhyperior\n|-damage|p1a: Rhyperior|52/100\n|-enditem|p1a: Rhyperior|Leftovers|[from] move: Knock Off|[of] p2b: Tyranitar\n|move|p1a: Rhyperior|High Horsepower|p2b: Tyranitar\n|-supereffective|p2b: Tyranitar|1\n|-damage|p2b: Tyranitar|5/100\n|move|p1b: Torkoal|Earth Power|p2b: Tyranitar\n|-supereffective|p2b: Tyranitar|1\n|-damage|p2b: Tyranitar|0 fnt\n|faint|p2b: Tyranitar\n|\n|-weather|Sandstorm|[upkeep]\n|-damage|p1b: Torkoal|88/100|[from] Sandstorm\n|upkeep\n|\n|t:|1776203915\n|switch|p2b: Sneasler|Sneasler, L50, M, shiny|100/100\n|turn|3\n|\n|t:|1776203930\n|switch|p1b: Whimsicott|Whimsicott, L50, M|100/100\n|move|p1a: Rhyperior|Protect|p1a: Rhyperior\n|-singleturn|p1a: Rhyperior|Protect\n|move|p2a: Aerodactyl|Rock Slide|p1a: Rhyperior|[spread] p1b\n|-activate|p1a: Rhyperior|move: Protect\n|-damage|p1b: Whimsicott|56/100\n|move|p2b: Sneasler|Coaching|p2a: Aerodactyl\n|-boost|p2a: Aerodactyl|atk|1\n|-boost|p2a: Aerodactyl|def|1\n|\n|-weather|Sandstorm|[upkeep]\n|-damage|p2b: Sneasler|95/100|[from] Sandstorm\n|-damage|p1b: Whimsicott|50/100|[from] Sandstorm\n|upkeep\n|turn|4\n|inactive|Markiito18 has 30 seconds left.\n|inactive|Markiito18 has 20 seconds left.\n|inactive|Markiito18 has 15 seconds left.\n|\n|t:|1776203970\n|move|p1b: Whimsicott|Encore|p2b: Sneasler\n|-start|p2b: Sneasler|Encore\n|move|p2a: Aerodactyl|Rock Slide|p1b: Whimsicott|[spread] p1a\n|-miss|p2a: Aerodactyl|p1b: Whimsicott\n|-resisted|p1a: Rhyperior|1\n|-damage|p1a: Rhyperior|38/100\n|move|p2b: Sneasler|Coaching|p2a: Aerodactyl\n|-boost|p2a: Aerodactyl|atk|1\n|-boost|p2a: Aerodactyl|def|1\n|cant|p1a: Rhyperior|flinch\n|\n|-weather|Sandstorm|[upkeep]\n|-damage|p2b: Sneasler|89/100|[from] Sandstorm\n|-damage|p1b: Whimsicott|44/100|[from] Sandstorm\n|upkeep\n|turn|5\n|\n|t:|1776203986\n|switch|p2b: Hydreigon|Hydreigon, L50, F, shiny|100/100\n|move|p1b: Whimsicott|Tailwind|p1b: Whimsicott\n|-sidestart|p1: King Zeus VGC|move: Tailwind\n|move|p2a: Aerodactyl|Rock Slide|p1a: Rhyperior|[spread] p1b\n|-miss|p2a: Aerodactyl|p1a: Rhyperior\n|-damage|p1b: Whimsicott|0 fnt\n|faint|p1b: Whimsicott\n|move|p1a: Rhyperior|High Horsepower|p2b: Hydreigon\n|-immune|p2b: Hydreigon|[from] ability: Levitate\n|\n|-weather|none\n|upkeep\n|\n|t:|1776203999\n|switch|p1b: Charizard|Charizard, L50, F|100/100\n|turn|6\n|\n|t:|1776204018\n|detailschange|p1b: Charizard|Charizard-Mega-Y, L50, F\n|-mega|p1b: Charizard|Charizard|Charizardite Y\n|-weather|SunnyDay|[from] ability: Drought|[of] p1b: Charizard\n|move|p1b: Charizard|Solar Beam||[still]\n|-prepare|p1b: Charizard|Solar Beam\n|-anim|p1b: Charizard|Solar Beam|p2a: Aerodactyl\n|-damage|p2a: Aerodactyl|50/100\n|move|p2a: Aerodactyl|Rock Slide|p1b: Charizard|[spread] p1a,p1b\n|-resisted|p1a: Rhyperior|1\n|-supereffective|p1b: Charizard|2\n|-damage|p1a: Rhyperior|19/100\n|-damage|p1b: Charizard|0 fnt\n|faint|p1b: Charizard\n|move|p2b: Hydreigon|Dark Pulse|p1a: Rhyperior\n|-damage|p1a: Rhyperior|0 fnt\n|faint|p1a: Rhyperior\n|\n|-weather|SunnyDay|[upkeep]\n|upkeep\n|\n|t:|1776204032\n|switch|p1b: Torkoal|Torkoal, L50, M|88/100\n|turn|7\n|c|\u2606Markiito18|gg\n|\n|t:|1776204048\n|move|p2a: Aerodactyl|Rock Slide|p1b: Torkoal|[miss]\n|-miss|p2a: Aerodactyl|p1b: Torkoal\n|move|p2b: Hydreigon|Earth Power|p1b: Torkoal\n|-supereffective|p1b: Torkoal|1\n|-damage|p1b: Torkoal|3/100\n|move|p1b: Torkoal|Eruption|p2b: Hydreigon|[spread] p2a,p2b\n|-resisted|p2a: Aerodactyl|1\n|-resisted|p2b: Hydreigon|1\n|-damage|p2a: Aerodactyl|48/100\n|-damage|p2b: Hydreigon|99/100\n|\n|-weather|SunnyDay|[upkeep]\n|upkeep\n|turn|8\n|\n|t:|1776204065\n|move|p2a: Aerodactyl|Ice Fang|p1b: Torkoal\n|-resisted|p1b: Torkoal|1\n|-damage|p1b: Torkoal|0 fnt\n|faint|p1b: Torkoal\n|\n|win|Markiito18\n|raw|King Zeus VGC's rating: 1180 &rarr; <strong>1148</strong><br />(-32 for losing)\n|raw|Markiito18's rating: 1080 &rarr; <strong>1116</strong><br />(+36 for winning)\n",
  "uploadtime": 1776204069,
  "views": 16,
  "formatid": "gen9championsvgc2026regma",
  "rating": 1116,
  "private": 0,
  "password": null
}