{
  "id": "gen9championsvgc2026regma-2583060085",
  "format": "[Gen 9 Champions] VGC 2026 Reg M-A",
  "players": [
    "Zhm/r",
    "Robopup27"
  ],
  "log": "|j|\u2606Zhm/r\n|j|\u2606Robopup27\n|t:|1776137669\n|gametype|doubles\n|player|p1|Zhm/r|clown|1188\n|player|p2|Robopup27|2|1196\n|gen|9\n|tier|[Gen 9 Champions] VGC 2026 Reg M-A\n|rated|\n|rule|Species Clause: Limit one of each Pok\u00e9mon\n|rule|Item Clause: Limit 1 of each item\n|clearpoke\n|poke|p1|Aggron, L50, M|\n|poke|p1|Slowbro, L50, F|\n|poke|p1|Incineroar, L50, M|\n|poke|p1|Sinistcha, L50|\n|poke|p1|Garchomp, L50, F|\n|poke|p1|Tyranitar, L50, M|\n|poke|p2|Starmie, L50|\n|poke|p2|Pikachu, L50, F|\n|poke|p2|Incineroar, L50, M|\n|poke|p2|Whimsicott, L50, M|\n|poke|p2|Ninetales-Alola, L50, M|\n|poke|p2|Hawlucha, L50, F|\n|teampreview|4\n|\n|t:|1776137694\n|teamsize|p1|4\n|teamsize|p2|4\n|start\n|switch|p1a: Aggron|Aggron, L50, M|100/100\n|switch|p1b: Slowbro|Slowbro, L50, F|100/100\n|switch|p2a: Starmie|Starmie, L50|100/100\n|switch|p2b: Pikachu|Pikachu, L50, F|100/100\n|turn|1\n|\n|t:|1776137713\n|detailschange|p2a: Starmie|Starmie-Mega, L50\n|-mega|p2a: Starmie|Starmie|Starminite\n|detailschange|p1a: Aggron|Aggron-Mega, L50, M\n|-mega|p1a: Aggron|Aggron|Aggronite\n|move|p2a: Starmie|Liquidation|p1a: Aggron\n|-damage|p1a: Aggron|63/100\n|move|p2b: Pikachu|Volt Tackle|p1b: Slowbro\n|-supereffective|p1b: Slowbro|1\n|-damage|p1b: Slowbro|0 fnt\n|faint|p1b: Slowbro\n|-damage|p2b: Pikachu|40/100|[from] Recoil\n|move|p1a: Aggron|Iron Defense|p1a: Aggron\n|-boost|p1a: Aggron|def|2\n|\n|upkeep\n|\n|t:|1776137725\n|switch|p1b: Sinistcha|Sinistcha, L50|100/100\n|-heal|p1a: Aggron|88/100|[from] ability: Hospitality|[of] p1b: Sinistcha\n|turn|2\n|\n|t:|1776137741\n|move|p2b: Pikachu|Protect|p2b: Pikachu\n|-singleturn|p2b: Pikachu|Protect\n|move|p1b: Sinistcha|Rage Powder|p1b: Sinistcha\n|-singleturn|p1b: Sinistcha|move: Rage Powder\n|move|p2a: Starmie|Flip Turn|p1b: Sinistcha\n|-resisted|p1b: Sinistcha|1\n|-damage|p1b: Sinistcha|76/100\n|\n|t:|1776137748\n|switch|p2a: Ninetales|Ninetales-Alola, L50, M|100/100|[from] Flip Turn\n|-weather|Snowscape|[from] ability: Snow Warning|[of] p2a: Ninetales\n|move|p1a: Aggron|Body Press|p2b: Pikachu\n|-activate|p2b: Pikachu|move: Protect\n|\n|-weather|Snowscape|[upkeep]\n|upkeep\n|turn|3\n|\n|t:|1776137766\n|switch|p2b: Hawlucha|Hawlucha, L50, F|100/100\n|move|p1b: Sinistcha|Rage Powder|p1b: Sinistcha\n|-singleturn|p1b: Sinistcha|move: Rage Powder\n|move|p2a: Ninetales|Blizzard|p1a: Aggron|[spread] p1a,p1b\n|-resisted|p1a: Aggron|1\n|-supereffective|p1b: Sinistcha|1\n|-damage|p1a: Aggron|75/100\n|-damage|p1b: Sinistcha|26/100\n|-enditem|p1b: Sinistcha|Sitrus Berry|[eat]\n|-heal|p1b: Sinistcha|50/100|[from] item: Sitrus Berry\n|move|p1a: Aggron|Iron Head|p2a: Ninetales\n|-supereffective|p2a: Ninetales|2\n|-enditem|p2a: Ninetales|Babiri Berry|[eat]\n|-enditem|p2a: Ninetales|Babiri Berry|[weaken]\n|-damage|p2a: Ninetales|27/100\n|\n|-weather|Snowscape|[upkeep]\n|upkeep\n|turn|4\n|\n|t:|1776137828\n|move|p2a: Ninetales|Protect|p2a: Ninetales\n|-singleturn|p2a: Ninetales|Protect\n|move|p2b: Hawlucha|U-turn|p1b: Sinistcha\n|-damage|p1b: Sinistcha|31/100\n|\n|t:|1776137850\n|switch|p2b: Pikachu|Pikachu, L50, F|40/100|[from] U-turn\n|move|p1b: Sinistcha|Matcha Gotcha|p2b: Pikachu|[spread] p2b\n|-activate|p2a: Ninetales|move: Protect\n|-damage|p2b: Pikachu|0 fnt\n|-heal|p1b: Sinistcha|43/100|[from] drain|[of] p2b: Pikachu\n|faint|p2b: Pikachu\n|move|p1a: Aggron|Iron Head|p2a: Ninetales\n|-activate|p2a: Ninetales|move: Protect\n|\n|-weather|Snowscape|[upkeep]\n|upkeep\n|\n|t:|1776137862\n|switch|p2b: Starmie|Starmie-Mega, L50|100/100\n|turn|5\n|\n|t:|1776137876\n|move|p2b: Starmie|Liquidation|p1b: Sinistcha\n|-resisted|p1b: Sinistcha|1\n|-damage|p1b: Sinistcha|8/100\n|move|p2a: Ninetales|Blizzard|p1b: Sinistcha|[spread] p1a,p1b\n|-resisted|p1a: Aggron|1\n|-supereffective|p1b: Sinistcha|1\n|-damage|p1a: Aggron|61/100\n|-damage|p1b: Sinistcha|0 fnt\n|faint|p1b: Sinistcha\n|move|p1a: Aggron|Iron Head|p2a: Ninetales\n|-supereffective|p2a: Ninetales|2\n|-damage|p2a: Ninetales|0 fnt\n|faint|p2a: Ninetales\n|\n|-weather|Snowscape|[upkeep]\n|upkeep\n|\n|t:|1776137887\n|switch|p2a: Hawlucha|Hawlucha, L50, F|100/100\n|switch|p1b: Garchomp|Garchomp, L50, F|100/100\n|turn|6\n|\n|t:|1776137905\n|move|p1b: Garchomp|Rock Slide|p2a: Hawlucha|[spread] p2b\n|-miss|p1b: Garchomp|p2a: Hawlucha\n|-damage|p2b: Starmie|75/100\n|move|p2b: Starmie|Skill Swap|p2a: Hawlucha\n|-activate|p2b: Starmie|Skill Swap|||[of] p2a: Hawlucha\n|move|p2a: Hawlucha|Close Combat|p1a: Aggron\n|-supereffective|p1a: Aggron|1\n|-damage|p1a: Aggron|27/100\n|-unboost|p2a: Hawlucha|def|1\n|-unboost|p2a: Hawlucha|spd|1\n|move|p1a: Aggron|Body Press|p2b: Starmie\n|-resisted|p2b: Starmie|1\n|-damage|p2b: Starmie|29/100\n|\n|-weather|none\n|upkeep\n|turn|7\n|\n|t:|1776137920\n|move|p2b: Starmie|Protect|p2b: Starmie\n|-singleturn|p2b: Starmie|Protect\n|move|p1a: Aggron|Protect|p1a: Aggron\n|-singleturn|p1a: Aggron|Protect\n|move|p1b: Garchomp|Rock Slide|p2a: Hawlucha|[spread] p2a\n|-activate|p2b: Starmie|move: Protect\n|-damage|p2a: Hawlucha|60/100\n|move|p2a: Hawlucha|Close Combat|p1a: Aggron\n|-activate|p1a: Aggron|move: Protect\n|\n|upkeep\n|turn|8\n|\n|t:|1776137965\n|move|p2b: Starmie|Protect||[still]\n|-fail|p2b: Starmie\n|move|p1b: Garchomp|Rock Slide|p2a: Hawlucha|[spread] p2a,p2b\n|-damage|p2a: Hawlucha|20/100\n|-damage|p2b: Starmie|3/100\n|move|p2a: Hawlucha|Close Combat|p1a: Aggron\n|-supereffective|p1a: Aggron|1\n|-damage|p1a: Aggron|0 fnt\n|-unboost|p2a: Hawlucha|def|1\n|-unboost|p2a: Hawlucha|spd|1\n|faint|p1a: Aggron\n|\n|upkeep\n|turn|9\n|\n|t:|1776137980\n|move|p1b: Garchomp|Rock Slide|p2b: Starmie|[spread] \n|-miss|p1b: Garchomp|p2a: Hawlucha\n|-miss|p1b: Garchomp|p2b: Starmie\n|move|p2b: Starmie|Liquidation|p1b: Garchomp\n|-damage|p1b: Garchomp|61/100\n|move|p2a: Hawlucha|Close Combat|p1b: Garchomp\n|-damage|p1b: Garchomp|0 fnt\n|-unboost|p2a: Hawlucha|def|1\n|-unboost|p2a: Hawlucha|spd|1\n|faint|p1b: Garchomp\n|\n|win|Robopup27\n|raw|Zhm&#x2f;r's rating: 1188 &rarr; <strong>1164</strong><br />(-24 for losing)\n|raw|Robopup27's rating: 1196 &rarr; <strong>1220</strong><br />(+24 for winning)\n|l|\u2606Zhm/r\n|player|p1|\n",
  "uploadtime": 1776137997,
  "views": 16,
  "formatid": "gen9championsvgc2026regma",
  "rating": 1164,
  "private": 0,
  "password": null
}