{
  "id": "gen9championsvgc2026regma-2586598173",
  "format": "[Gen 9 Champions] VGC 2026 Reg M-A",
  "players": [
    "mewtwo's grandson",
    "veguita"
  ],
  "log": "|j|\u2606mewtwo's grandson\n|j|\u2606veguita\n|t:|1776445796\n|gametype|doubles\n|player|p1|mewtwo's grandson|brycen|1330\n|player|p2|veguita|2|1298\n|gen|9\n|tier|[Gen 9 Champions] VGC 2026 Reg M-A\n|rated|\n|rule|Species Clause: Limit one of each Pok\u00e9mon\n|rule|Item Clause: Limit 1 of each item\n|clearpoke\n|poke|p1|Venusaur, L50, F|\n|poke|p1|Garchomp, L50, F|\n|poke|p1|Rotom-Wash, L50|\n|poke|p1|Charizard, L50, M|\n|poke|p1|Sneasler, L50, M|\n|poke|p1|Incineroar, L50, F|\n|poke|p2|Torkoal, L50, M|\n|poke|p2|Venusaur, L50, F|\n|poke|p2|Golurk, L50|\n|poke|p2|Farigiraf, L50, F|\n|poke|p2|Incineroar, L50, M|\n|poke|p2|Sneasler, L50, F|\n|teampreview|4\n|inactive|Battle timer is ON: inactive players will automatically lose when time's up. (requested by veguita)\n|\n|t:|1776445832\n|teamsize|p1|4\n|teamsize|p2|4\n|start\n|switch|p1a: Charizard|Charizard, L50, M|100/100\n|switch|p1b: Venusaur|Venusaur, L50, F|100/100\n|switch|p2a: Sneasler|Sneasler, L50, F|100/100\n|switch|p2b: Farigiraf|Farigiraf, L50, F|100/100\n|turn|1\n|\n|t:|1776445851\n|detailschange|p1a: Charizard|Charizard-Mega-Y, L50, M\n|-mega|p1a: Charizard|Charizard|Charizardite Y\n|-weather|SunnyDay|[from] ability: Drought|[of] p1a: Charizard\n|move|p2a: Sneasler|Fake Out|p1b: Venusaur\n|-damage|p1b: Venusaur|79/100\n|cant|p1b: Venusaur|flinch\n|move|p1a: Charizard|Heat Wave|p2a: Sneasler|[spread] p2a,p2b\n|-damage|p2a: Sneasler|12/100\n|-damage|p2b: Farigiraf|34/100\n|move|p2b: Farigiraf|Trick Room|p2b: Farigiraf\n|-fieldstart|move: Trick Room|[of] p2b: Farigiraf\n|\n|-weather|SunnyDay|[upkeep]\n|upkeep\n|turn|2\n|\n|t:|1776445874\n|switch|p1a: Rotom|Rotom-Wash, L50|100/100\n|switch|p2a: Incineroar|Incineroar, L50, M|100/100\n|-ability|p2a: Incineroar|Intimidate|boost\n|-unboost|p1a: Rotom|atk|1\n|-unboost|p1b: Venusaur|atk|1\n|move|p1b: Venusaur|Protect|p1b: Venusaur\n|-singleturn|p1b: Venusaur|Protect\n|move|p2b: Farigiraf|Hyper Voice|p1b: Venusaur|[spread] p1a\n|-activate|p1b: Venusaur|move: Protect\n|-damage|p1a: Rotom|64/100\n|\n|-weather|SunnyDay|[upkeep]\n|-heal|p1a: Rotom|70/100|[from] item: Leftovers\n|upkeep\n|turn|3\n|\n|t:|1776445893\n|switch|p1b: Incineroar|Incineroar, L50, F|100/100\n|-ability|p1b: Incineroar|Intimidate|boost\n|-unboost|p2a: Incineroar|atk|1\n|-unboost|p2b: Farigiraf|atk|1\n|move|p1a: Rotom|Protect|p1a: Rotom\n|-singleturn|p1a: Rotom|Protect\n|move|p2a: Incineroar|Parting Shot|p1a: Rotom\n|-activate|p1a: Rotom|move: Protect\n|move|p2b: Farigiraf|Twin Beam|p1b: Incineroar\n|-immune|p1b: Incineroar\n|\n|-weather|SunnyDay|[upkeep]\n|-heal|p1a: Rotom|76/100|[from] item: Leftovers\n|upkeep\n|turn|4\n|inactive|mewtwo's grandson has 30 seconds left.\n|\n|t:|1776445921\n|move|p2a: Incineroar|Parting Shot|p1a: Rotom\n|-unboost|p1a: Rotom|atk|1\n|-unboost|p1a: Rotom|spa|1\n|\n|t:|1776445924\n|switch|p2a: Golurk|Golurk, L50|100/100|[from] Parting Shot\n|move|p2b: Farigiraf|Hyper Voice|p1a: Rotom|[spread] p1a,p1b\n|-damage|p1a: Rotom|41/100\n|-damage|p1b: Incineroar|67/100\n|move|p1b: Incineroar|Darkest Lariat|p2b: Farigiraf\n|-supereffective|p2b: Farigiraf|1\n|-enditem|p2b: Farigiraf|Colbur Berry|[eat]\n|-enditem|p2b: Farigiraf|Colbur Berry|[weaken]\n|-damage|p2b: Farigiraf|0 fnt\n|faint|p2b: Farigiraf\n|move|p1a: Rotom|Will-O-Wisp|p2a: Golurk|[miss]\n|-miss|p1a: Rotom|p2a: Golurk\n|\n|-weather|SunnyDay|[upkeep]\n|-heal|p1a: Rotom|47/100|[from] item: Leftovers\n|upkeep\n|\n|t:|1776445946\n|switch|p2b: Sneasler|Sneasler, L50, F|12/100\n|turn|5\n|inactive|mewtwo's grandson has 30 seconds left.\n|inactive|mewtwo's grandson has 20 seconds left.\n|\n|t:|1776445984\n|detailschange|p2a: Golurk|Golurk-Mega, L50\n|-mega|p2a: Golurk|Golurk|Golurkite\n|move|p1a: Rotom|Protect|p1a: Rotom\n|-singleturn|p1a: Rotom|Protect\n|move|p2b: Sneasler|Fake Out|p1a: Rotom\n|-activate|p1a: Rotom|move: Protect\n|move|p2a: Golurk|Poltergeist|p1b: Incineroar\n|-activate|p1b: Incineroar|move: Poltergeist|Sitrus Berry\n|-resisted|p1b: Incineroar|1\n|-damage|p1b: Incineroar|34/100\n|-enditem|p1b: Incineroar|Sitrus Berry|[eat]\n|-heal|p1b: Incineroar|58/100|[from] item: Sitrus Berry\n|move|p1b: Incineroar|Parting Shot|p2b: Sneasler\n|-unboost|p2b: Sneasler|atk|1\n|-unboost|p2b: Sneasler|spa|1\n|\n|t:|1776446003\n|switch|p1b: Venusaur|Venusaur, L50, F|79/100|[from] Parting Shot\n|-enditem|p2b: Sneasler|White Herb\n|-clearnegativeboost|p2b: Sneasler|[silent]\n|\n|-weather|none\n|-heal|p1a: Rotom|53/100|[from] item: Leftovers\n|-fieldend|move: Trick Room\n|upkeep\n|turn|6\n|\n|t:|1776446022\n|move|p2b: Sneasler|Dire Claw|p1b: Venusaur\n|-damage|p1b: Venusaur|15/100\n|move|p1b: Venusaur|Leaf Storm|p2a: Golurk\n|-supereffective|p2a: Golurk|1\n|-damage|p2a: Golurk|0 fnt\n|-unboost|p1b: Venusaur|spa|2\n|faint|p2a: Golurk\n|move|p1a: Rotom|Thunderbolt|p2b: Sneasler\n|-damage|p2b: Sneasler|0 fnt\n|faint|p2b: Sneasler\n|\n|-heal|p1a: Rotom|58/100|[from] item: Leftovers\n|upkeep\n|-message|veguita forfeited.\n|\n|win|mewtwo's grandson\n|raw|mewtwo&apos;s grandson's rating: 1330 &rarr; <strong>1348</strong><br />(+18 for winning)\n|raw|veguita's rating: 1298 &rarr; <strong>1275</strong><br />(-23 for losing)\n|l|\u2606veguita\n|player|p2|\n",
  "uploadtime": 1776446040,
  "views": 50,
  "formatid": "gen9championsvgc2026regma",
  "rating": 1275,
  "private": 0,
  "password": null
}