{
  "id": "gen9championsvgc2026regma-2581043706",
  "format": "[Gen 9 Champions] VGC 2026 Reg M-A",
  "players": [
    "MajikkFrogg",
    "Antripus"
  ],
  "log": "|j|\u2606MajikkFrogg\n|j|\u2606Antripus\n|t:|1775954560\n|gametype|doubles\n|player|p1|MajikkFrogg|bugcatcher-gen4dp|1047\n|player|p2|Antripus|2|1038\n|gen|9\n|tier|[Gen 9 Champions] VGC 2026 Reg M-A\n|rated|\n|rule|Species Clause: Limit one of each Pok\u00e9mon\n|rule|Item Clause: Limit 1 of each item\n|clearpoke\n|poke|p1|Stunfisk-Galar, L50, F|\n|poke|p1|Whimsicott, L50, M|\n|poke|p1|Meganium, L50, M|\n|poke|p1|Pelipper, L50, M|\n|poke|p1|Tinkaton, L50, F|\n|poke|p1|Basculegion, L50, M|\n|poke|p2|Drampa, L50, F|\n|poke|p2|Sinistcha, L50|\n|poke|p2|Dragapult, L50, F|\n|poke|p2|Sylveon, L50, F|\n|poke|p2|Sneasler, L50, M|\n|poke|p2|Incineroar, L50, M|\n|teampreview|4\n|inactive|Battle timer is ON: inactive players will automatically lose when time's up. (requested by MajikkFrogg)\n|inactive|MajikkFrogg has 60 seconds left.\n|inactive|Antripus has 60 seconds left.\n|\n|t:|1775954609\n|teamsize|p1|4\n|teamsize|p2|4\n|start\n|switch|p1a: Stunfisk|Stunfisk-Galar, L50, F|100/100\n|switch|p1b: Pelipper|Pelipper, L50, M|100/100\n|switch|p2a: Sneasler|Sneasler, L50, M|100/100\n|switch|p2b: Sinistcha|Sinistcha, L50|100/100\n|-weather|RainDance|[from] ability: Drizzle|[of] p1b: Pelipper\n|turn|1\n|inactive|MajikkFrogg has 30 seconds left.\n|inactive|Antripus has 30 seconds left.\n|\n|t:|1775954639\n|move|p1a: Stunfisk|Protect|p1a: Stunfisk\n|-singleturn|p1a: Stunfisk|Protect\n|move|p2a: Sneasler|Close Combat|p1a: Stunfisk\n|-activate|p1a: Stunfisk|move: Protect\n|move|p1b: Pelipper|Hurricane|p2b: Sinistcha\n|-supereffective|p2b: Sinistcha|1\n|-damage|p2b: Sinistcha|0 fnt\n|faint|p2b: Sinistcha\n|\n|-weather|RainDance|[upkeep]\n|upkeep\n|\n|t:|1775954652\n|switch|p2b: Sylveon|Sylveon, L50, F|100/100\n|turn|2\n|\n|t:|1775954673\n|switch|p1a: Basculegion|Basculegion, L50, M|100/100\n|move|p2a: Sneasler|Close Combat|p1a: Basculegion\n|-immune|p1a: Basculegion\n|move|p1b: Pelipper|U-turn|p2b: Sylveon\n|-resisted|p2b: Sylveon|1\n|-damage|p2b: Sylveon|94/100\n|\n|t:|1775954683\n|switch|p1b: Stunfisk|Stunfisk-Galar, L50, F|100/100|[from] U-turn\n|move|p2b: Sylveon|Calm Mind|p2b: Sylveon\n|-boost|p2b: Sylveon|spa|1\n|-boost|p2b: Sylveon|spd|1\n|\n|-weather|RainDance|[upkeep]\n|-heal|p2b: Sylveon|99/100|[from] item: Leftovers\n|upkeep\n|turn|3\n|\n|t:|1775954702\n|move|p1a: Basculegion|Wave Crash|p2a: Sneasler\n|-enditem|p2a: Sneasler|Focus Sash\n|-damage|p2a: Sneasler|1/100\n|-damage|p1a: Basculegion|74/100|[from] Recoil\n|move|p2a: Sneasler|Throat Chop|p1a: Basculegion\n|-supereffective|p1a: Basculegion|1\n|-damage|p1a: Basculegion|7/100\n|-start|p1a: Basculegion|Throat Chop|[silent]\n|move|p2b: Sylveon|Hyper Voice|p1a: Basculegion|[spread] p1a,p1b\n|-resisted|p1b: Stunfisk|1\n|-damage|p1a: Basculegion|0 fnt\n|-damage|p1b: Stunfisk|69/100\n|faint|p1a: Basculegion\n|move|p1b: Stunfisk|Yawn|p2b: Sylveon\n|-start|p2b: Sylveon|move: Yawn|[of] p1b: Stunfisk\n|\n|-weather|RainDance|[upkeep]\n|-heal|p2b: Sylveon|100/100|[from] item: Leftovers\n|-heal|p1b: Stunfisk|75/100|[from] item: Leftovers\n|upkeep\n|\n|t:|1775954722\n|switch|p1a: Pelipper|Pelipper, L50, M|100/100\n|turn|4\n|inactive|MajikkFrogg has 30 seconds left.\n|inactive|Antripus has 30 seconds left.\n|\n|t:|1775954756\n|move|p1b: Stunfisk|Protect|p1b: Stunfisk\n|-singleturn|p1b: Stunfisk|Protect\n|move|p2a: Sneasler|Dire Claw|p1a: Pelipper\n|-damage|p1a: Pelipper|49/100\n|move|p1a: Pelipper|U-turn|p2a: Sneasler\n|-resisted|p2a: Sneasler|2\n|-damage|p2a: Sneasler|0 fnt\n|faint|p2a: Sneasler\n|\n|t:|1775954765\n|switch|p1a: Meganium|Meganium, L50, M|100/100|[from] U-turn\n|move|p2b: Sylveon|Calm Mind|p2b: Sylveon\n|-boost|p2b: Sylveon|spa|1\n|-boost|p2b: Sylveon|spd|1\n|\n|-weather|RainDance|[upkeep]\n|-heal|p1b: Stunfisk|81/100|[from] item: Leftovers\n|-end|p2b: Sylveon|move: Yawn|[silent]\n|-status|p2b: Sylveon|slp\n|upkeep\n|\n|t:|1775954773\n|switch|p2a: Dragapult|Dragapult, L50, F|100/100\n|turn|5\n|\n|t:|1775954797\n|detailschange|p1a: Meganium|Meganium-Mega, L50, M\n|-mega|p1a: Meganium|Meganium|Meganiumite\n|move|p2a: Dragapult|U-turn|p1a: Meganium\n|-damage|p1a: Meganium|76/100\n|move|p1a: Meganium|Dazzling Gleam|p2b: Sylveon|[spread] p2a,p2b\n|-supereffective|p2a: Dragapult|1\n|-damage|p2a: Dragapult|12/100\n|-damage|p2b: Sylveon|89/100 slp\n|cant|p2b: Sylveon|slp\n|move|p1b: Stunfisk|Snap Trap|p2b: Sylveon\n|-supereffective|p2b: Sylveon|1\n|-damage|p2b: Sylveon|60/100 slp\n|-activate|p2b: Sylveon|move: Snap Trap|[of] p1b: Stunfisk\n|\n|-weather|none\n|-heal|p2b: Sylveon|66/100 slp|[from] item: Leftovers\n|-heal|p1b: Stunfisk|87/100|[from] item: Leftovers\n|-damage|p2b: Sylveon|53/100 slp|[from] move: Snap Trap|[partiallytrapped]\n|upkeep\n|turn|6\n|\n|t:|1775954818\n|move|p2a: Dragapult|U-turn|p1a: Meganium\n|-damage|p1a: Meganium|50/100\n|move|p1a: Meganium|Dazzling Gleam|p2a: Dragapult|[spread] p2a,p2b\n|-supereffective|p2a: Dragapult|1\n|-damage|p2a: Dragapult|0 fnt\n|-damage|p2b: Sylveon|42/100 slp\n|faint|p2a: Dragapult\n|cant|p2b: Sylveon|slp\n|move|p1b: Stunfisk|Snap Trap|p2b: Sylveon\n|-supereffective|p2b: Sylveon|1\n|-damage|p2b: Sylveon|13/100 slp\n|\n|-heal|p2b: Sylveon|19/100 slp|[from] item: Leftovers\n|-heal|p1b: Stunfisk|93/100|[from] item: Leftovers\n|-damage|p2b: Sylveon|6/100 slp|[from] move: Snap Trap|[partiallytrapped]\n|upkeep\n|turn|7\n|\n|t:|1775954835\n|move|p1a: Meganium|Solar Beam||[still]\n|-prepare|p1a: Meganium|Solar Beam\n|-activate|p1a: Meganium|ability: Mega Sol\n|-anim|p1a: Meganium|Solar Beam|p2b: Sylveon\n|-damage|p2b: Sylveon|0 fnt\n|faint|p2b: Sylveon\n|\n|win|MajikkFrogg\n|raw|MajikkFrogg's rating: 1047 &rarr; <strong>1079</strong><br />(+32 for winning)\n|raw|Antripus's rating: 1038 &rarr; <strong>1023</strong><br />(-15 for losing)\n",
  "uploadtime": 1775954847,
  "views": 25,
  "formatid": "gen9championsvgc2026regma",
  "rating": 1023,
  "private": 0,
  "password": null
}