{
  "id": "gen9championsvgc2026regma-2585036829",
  "format": "[Gen 9 Champions] VGC 2026 Reg M-A",
  "players": [
    "dogethenoob",
    "Skadoty"
  ],
  "log": "|j|\u2606dogethenoob\n|j|\u2606Skadoty\n|t:|1776305527\n|gametype|doubles\n|player|p1|dogethenoob|burglar-gen1rb|1246\n|player|p2|Skadoty|101|1300\n|gen|9\n|tier|[Gen 9 Champions] VGC 2026 Reg M-A\n|rated|\n|rule|Species Clause: Limit one of each Pok\u00e9mon\n|rule|Item Clause: Limit 1 of each item\n|clearpoke\n|poke|p1|Greninja-*, L50, F|\n|poke|p1|Glimmora, L50, F|\n|poke|p1|Aegislash, L50, M|\n|poke|p1|Garchomp, L50, M|\n|poke|p1|Raichu, L50, F|\n|poke|p1|Sinistcha, L50|\n|poke|p2|Hydreigon, L50, F|\n|poke|p2|Farigiraf, L50, F|\n|poke|p2|Torkoal, L50, M|\n|poke|p2|Crabominable, L50, M|\n|poke|p2|Kingambit, L50, M|\n|poke|p2|Armarouge, L50, M|\n|teampreview|4\n|inactive|Battle timer is ON: inactive players will automatically lose when time's up. (requested by Skadoty)\n|\n|t:|1776305545\n|teamsize|p1|4\n|teamsize|p2|4\n|start\n|switch|p1a: Greninja|Greninja, L50, F|100/100\n|switch|p1b: Sinistcha|Sinistcha, L50|100/100\n|switch|p2a: Farigiraf|Farigiraf, L50, F|100/100\n|switch|p2b: Kingambit|Kingambit, L50, M|100/100\n|turn|1\n|l|\u2606dogethenoob\n|inactive|dogethenoob disconnected and has a minute to reconnect!\n|player|p1|\n|inactive|dogethenoob has 30 seconds left.\n|j|\u2606dogethenoob\n|inactive|dogethenoob reconnected and has 30 seconds left.\n|player|p1|dogethenoob|burglar-gen1rb|\n|inactive|dogethenoob has 20 seconds left.\n|inactive|dogethenoob has 15 seconds left.\n|\n|t:|1776305588\n|detailschange|p1a: Greninja|Greninja-Mega, L50, F\n|-mega|p1a: Greninja|Greninja|Greninjite\n|move|p1a: Greninja|Dark Pulse|p2b: Kingambit\n|-start|p1a: Greninja|typechange|Dark|[from] ability: Protean\n|-resisted|p2b: Kingambit|1\n|-damage|p2b: Kingambit|80/100\n|move|p1b: Sinistcha|Matcha Gotcha|p2a: Farigiraf|[spread] p2a,p2b\n|-resisted|p2b: Kingambit|1\n|-damage|p2a: Farigiraf|79/100\n|-damage|p2b: Kingambit|69/100\n|move|p2b: Kingambit|Kowtow Cleave|p1b: Sinistcha\n|-supereffective|p1b: Sinistcha|1\n|-damage|p1b: Sinistcha|8/100\n|-enditem|p1b: Sinistcha|Sitrus Berry|[eat]\n|-heal|p1b: Sinistcha|33/100|[from] item: Sitrus Berry\n|move|p2a: Farigiraf|Trick Room|p2a: Farigiraf\n|-fieldstart|move: Trick Room|[of] p2a: Farigiraf\n|\n|upkeep\n|turn|2\n|c|\u2606dogethenoob|misclick\n|inactive|Skadoty has 30 seconds left.\n|\n|t:|1776305618\n|move|p2b: Kingambit|Iron Head|p1a: Greninja\n|-damage|p1a: Greninja|36/100\n|move|p2a: Farigiraf|Dazzling Gleam|p1b: Sinistcha|[spread] p1a,p1b\n|-supereffective|p1a: Greninja|1\n|-damage|p1a: Greninja|0 fnt\n|-damage|p1b: Sinistcha|18/100\n|faint|p1a: Greninja\n|move|p1b: Sinistcha|Trick Room|p1b: Sinistcha\n|-fieldend|move: Trick Room\n|\n|upkeep\n|\n|t:|1776305626\n|switch|p1a: Garchomp|Garchomp, L50, M|100/100\n|turn|3\n|inactive|dogethenoob has 30 seconds left.\n|\n|t:|1776305655\n|move|p2b: Kingambit|Sucker Punch|p1a: Garchomp\n|-damage|p1a: Garchomp|47/100\n|-damage|p2b: Kingambit|57/100|[from] ability: Rough Skin|[of] p1a: Garchomp\n|move|p1a: Garchomp|Rock Slide|p2b: Kingambit|[spread] p2a,p2b\n|-resisted|p2b: Kingambit|1\n|-damage|p2a: Farigiraf|65/100\n|-damage|p2b: Kingambit|50/100\n|move|p1b: Sinistcha|Life Dew|p1b: Sinistcha|[spread] p1a,p1b\n|-heal|p1a: Garchomp|73/100\n|-heal|p1b: Sinistcha|43/100\n|cant|p2a: Farigiraf|flinch\n|\n|upkeep\n|turn|4\n|\n|t:|1776305677\n|move|p1a: Garchomp|Stomping Tantrum|p2b: Kingambit\n|-supereffective|p2b: Kingambit|1\n|-damage|p2b: Kingambit|0 fnt\n|faint|p2b: Kingambit\n|move|p1b: Sinistcha|Trick Room|p1b: Sinistcha\n|-fieldstart|move: Trick Room|[of] p1b: Sinistcha\n|move|p2a: Farigiraf|Trick Room|p2a: Farigiraf\n|-fieldend|move: Trick Room\n|\n|upkeep\n|\n|t:|1776305684\n|switch|p2b: Crabominable|Crabominable, L50, M|100/100\n|turn|5\n|\n|t:|1776305691\n|detailschange|p2b: Crabominable|Crabominable-Mega, L50, M\n|-mega|p2b: Crabominable|Crabominable|Crabominite\n|move|p1a: Garchomp|Rock Slide|p2a: Farigiraf|[spread] p2a,p2b\n|-damage|p2a: Farigiraf|48/100\n|-damage|p2b: Crabominable|85/100\n|move|p1b: Sinistcha|Matcha Gotcha|p2a: Farigiraf|[spread] p2b\n|-miss|p1b: Sinistcha|p2a: Farigiraf\n|-damage|p2b: Crabominable|64/100\n|-heal|p1b: Sinistcha|54/100|[from] drain|[of] p2b: Crabominable\n|move|p2b: Crabominable|Ice Hammer|p1b: Sinistcha\n|-supereffective|p1b: Sinistcha|1\n|-damage|p1b: Sinistcha|0 fnt\n|-unboost|p2b: Crabominable|spe|1\n|faint|p1b: Sinistcha\n|move|p2a: Farigiraf|Trick Room|p2a: Farigiraf\n|-fieldstart|move: Trick Room|[of] p2a: Farigiraf\n|\n|upkeep\n|\n|t:|1776305703\n|switch|p1b: Aegislash|Aegislash, L50, M|100/100\n|turn|6\n|\n|t:|1776305712\n|move|p1a: Garchomp|Protect|p1a: Garchomp\n|-singleturn|p1a: Garchomp|Protect\n|move|p2b: Crabominable|Drain Punch|p1a: Garchomp\n|-activate|p1a: Garchomp|move: Protect\n|-formechange|p1b: Aegislash|Aegislash-Blade|\n|move|p1b: Aegislash|Flash Cannon|p2b: Crabominable\n|-supereffective|p2b: Crabominable|1\n|-damage|p2b: Crabominable|0 fnt\n|faint|p2b: Crabominable\n|move|p2a: Farigiraf|Trick Room|p2a: Farigiraf\n|-fieldend|move: Trick Room\n|\n|upkeep\n|\n|t:|1776305726\n|switch|p2b: Torkoal|Torkoal, L50, M|100/100\n|-weather|SunnyDay|[from] ability: Drought|[of] p2b: Torkoal\n|turn|7\n|\n|t:|1776305734\n|-formechange|p1b: Aegislash|Aegislash|\n|move|p1b: Aegislash|King's Shield|p1b: Aegislash\n|-singleturn|p1b: Aegislash|Protect\n|move|p1a: Garchomp|Stomping Tantrum|p2b: Torkoal\n|-supereffective|p2b: Torkoal|1\n|-damage|p2b: Torkoal|34/100\n|move|p2b: Torkoal|Heat Wave|p1a: Garchomp|[spread] \n|-activate|p1b: Aegislash|move: Protect\n|-miss|p2b: Torkoal|p1a: Garchomp\n|move|p2a: Farigiraf|Trick Room|p2a: Farigiraf\n|-fieldstart|move: Trick Room|[of] p2a: Farigiraf\n|\n|-weather|SunnyDay|[upkeep]\n|upkeep\n|turn|8\n|\n|t:|1776305750\n|move|p1b: Aegislash|Wide Guard|p1b: Aegislash\n|-singleturn|p1b: Aegislash|Wide Guard\n|move|p2b: Torkoal|Heat Wave|p1a: Garchomp|[spread] \n|-activate|p1a: Garchomp|move: Wide Guard\n|-activate|p1b: Aegislash|move: Wide Guard\n|move|p2a: Farigiraf|Dazzling Gleam|p1b: Aegislash|[spread] \n|-activate|p1a: Garchomp|move: Wide Guard\n|-activate|p1b: Aegislash|move: Wide Guard\n|move|p1a: Garchomp|Rock Slide|p2a: Farigiraf|[spread] p2b\n|-miss|p1a: Garchomp|p2a: Farigiraf\n|-supereffective|p2b: Torkoal|1\n|-damage|p2b: Torkoal|0 fnt\n|faint|p2b: Torkoal\n|\n|-weather|SunnyDay|[upkeep]\n|upkeep\n|turn|9\n|-message|Skadoty forfeited.\n|\n|win|dogethenoob\n|raw|dogethenoob's rating: 1246 &rarr; <strong>1275</strong><br />(+29 for winning)\n|raw|Skadoty's rating: 1300 &rarr; <strong>1271</strong><br />(-29 for losing)\n|l|\u2606Skadoty\n|player|p2|\n|l|\u2606dogethenoob\n|player|p1|\n",
  "uploadtime": 1776305766,
  "views": 28,
  "formatid": "gen9championsvgc2026regma",
  "rating": 1271,
  "private": 0,
  "password": null
}