{
  "id": "gen9championsvgc2026regma-2582510905",
  "format": "[Gen 9 Champions] VGC 2026 Reg M-A",
  "players": [
    "juampik",
    "akechi_c"
  ],
  "log": "|j|\u2606juampik\n|j|\u2606akechi_c\n|t:|1776096335\n|gametype|doubles\n|player|p1|juampik|1|1000\n|player|p2|akechi_c|2|1036\n|gen|9\n|tier|[Gen 9 Champions] VGC 2026 Reg M-A\n|rated|\n|rule|Species Clause: Limit one of each Pok\u00e9mon\n|rule|Item Clause: Limit 1 of each item\n|clearpoke\n|poke|p1|Froslass, L50, F|\n|poke|p1|Maushold, L50|\n|poke|p1|Incineroar, L50, F|\n|poke|p1|Palafin, L50, M|\n|poke|p1|Sinistcha, L50|\n|poke|p1|Farigiraf, L50, M|\n|poke|p2|Gengar, L50, F|\n|poke|p2|Garchomp, L50, M|\n|poke|p2|Orthworm, L50, M|\n|poke|p2|Oranguru, L50, M|\n|poke|p2|Corviknight, L50, M|\n|poke|p2|Kingambit, L50, M|\n|teampreview|4\n|inactive|Battle timer is ON: inactive players will automatically lose when time's up. (requested by akechi_c)\n|\n|t:|1776096395\n|teamsize|p1|4\n|teamsize|p2|4\n|start\n|switch|p1a: Incineroar|Incineroar, L50, F|100/100\n|switch|p1b: Palafin|Palafin, L50, M|100/100\n|switch|p2a: Corviknight|Corviknight, L50, M|100/100\n|switch|p2b: Gengar|Gengar, L50, F|100/100\n|-ability|p2a: Corviknight|Unnerve\n|-ability|p1a: Incineroar|Intimidate|boost\n|-unboost|p2a: Corviknight|atk|1\n|-unboost|p2b: Gengar|atk|1\n|turn|1\n|inactive|juampik has 30 seconds left.\n|\n|t:|1776096423\n|detailschange|p2b: Gengar|Gengar-Mega, L50, F\n|-mega|p2b: Gengar|Gengar|Gengarite\n|move|p1a: Incineroar|Fake Out|p2a: Corviknight\n|-resisted|p2a: Corviknight|1\n|-damage|p2a: Corviknight|97/100\n|move|p2b: Gengar|Sludge Wave|p1a: Incineroar|[spread] p1a,p1b\n|-immune|p2a: Corviknight\n|-damage|p1a: Incineroar|65/100\n|-damage|p1b: Palafin|34/100\n|-status|p1b: Palafin|psn\n|move|p1b: Palafin|Flip Turn|p2b: Gengar\n|-damage|p2b: Gengar|58/100\n|\n|t:|1776096440\n|detailschange|p1b: Palafin|Palafin-Hero, L50, M\n|switch|p1b: Froslass|Froslass, L50, F|100/100|[from] Flip Turn\n|cant|p2a: Corviknight|flinch\n|\n|-heal|p2a: Corviknight|100/100|[from] item: Leftovers\n|upkeep\n|turn|2\n|\n|t:|1776096464\n|detailschange|p1b: Froslass|Froslass-Mega, L50, F\n|-mega|p1b: Froslass|Froslass|Froslassite\n|-weather|Snowscape|[from] ability: Snow Warning|[of] p1b: Froslass\n|move|p2b: Gengar|Shadow Ball|p1b: Froslass\n|-supereffective|p1b: Froslass|1\n|-damage|p1b: Froslass|0 fnt\n|faint|p1b: Froslass\n|move|p2a: Corviknight|Body Press|p1a: Incineroar\n|-supereffective|p1a: Incineroar|1\n|-damage|p1a: Incineroar|14/100\n|move|p1a: Incineroar|Flare Blitz|p2a: Corviknight\n|-supereffective|p2a: Corviknight|1\n|-damage|p2a: Corviknight|42/100\n|-damage|p1a: Incineroar|0 fnt|[from] Recoil\n|faint|p1a: Incineroar\n|\n|-weather|Snowscape|[upkeep]\n|-heal|p2a: Corviknight|48/100|[from] item: Leftovers\n|upkeep\n|\n|t:|1776096483\n|switch|p1b: Palafin|Palafin-Hero, L50, M|34/100 psn\n|switch|p1a: Sinistcha|Sinistcha, L50|100/100\n|-activate|p1b: Palafin|ability: Zero to Hero\n|-heal|p1b: Palafin|59/100 psn|[from] ability: Hospitality|[of] p1a: Sinistcha\n|turn|3\n|-activate|p1a: Sinistcha|item: Quick Claw\n|\n|t:|1776096503\n|switch|p2b: Orthworm|Orthworm, L50, M|100/100\n|move|p1a: Sinistcha|Rage Powder|p1a: Sinistcha\n|-singleturn|p1a: Sinistcha|move: Rage Powder\n|move|p1b: Palafin|Wave Crash|p2b: Orthworm\n|-damage|p2b: Orthworm|39/100\n|-enditem|p2b: Orthworm|Sitrus Berry|[eat]\n|-heal|p2b: Orthworm|64/100|[from] item: Sitrus Berry\n|-damage|p1b: Palafin|42/100 psn|[from] Recoil\n|move|p2a: Corviknight|Body Press|p1a: Sinistcha\n|-immune|p1a: Sinistcha\n|\n|-weather|Snowscape|[upkeep]\n|-heal|p2a: Corviknight|54/100|[from] item: Leftovers\n|-damage|p1b: Palafin|29/100 psn|[from] psn\n|upkeep\n|turn|4\n|inactive|juampik has 30 seconds left.\n|-activate|p1a: Sinistcha|item: Quick Claw\n|\n|t:|1776096533\n|move|p1a: Sinistcha|Rage Powder|p1a: Sinistcha\n|-singleturn|p1a: Sinistcha|move: Rage Powder\n|move|p1b: Palafin|Wave Crash|p2a: Corviknight\n|-damage|p2a: Corviknight|0 fnt\n|faint|p2a: Corviknight\n|-damage|p1b: Palafin|9/100 psn|[from] Recoil\n|move|p2b: Orthworm|Rock Slide|p1a: Sinistcha|[spread] p1a,p1b\n|-crit|p1b: Palafin\n|-damage|p1a: Sinistcha|89/100\n|-damage|p1b: Palafin|0 fnt\n|faint|p1b: Palafin\n|\n|-weather|Snowscape|[upkeep]\n|upkeep\n|\n|t:|1776096543\n|switch|p2a: Gengar|Gengar-Mega, L50, F|58/100\n|turn|5\n|inactive|juampik has 30 seconds left.\n|inactive|juampik has 20 seconds left.\n|inactive|juampik has 15 seconds left.\n|inactive|juampik has 10 seconds left.\n|inactive|juampik has 5 seconds left.\n|\n|t:|1776096598\n|move|p2a: Gengar|Shadow Ball|p1a: Sinistcha\n|-supereffective|p1a: Sinistcha|1\n|-damage|p1a: Sinistcha|0 fnt\n|faint|p1a: Sinistcha\n|\n|win|akechi_c\n|raw|juampik's rating: 1000 &rarr; <strong>1000</strong><br />(+0 for losing)\n|raw|akechi_c's rating: 1036 &rarr; <strong>1067</strong><br />(+31 for winning)\n",
  "uploadtime": 1776096607,
  "views": 13,
  "formatid": "gen9championsvgc2026regma",
  "rating": 1000,
  "private": 0,
  "password": null
}