{
  "id": "gen9championsvgc2026regma-2581313412",
  "format": "[Gen 9 Champions] VGC 2026 Reg M-A",
  "players": [
    "gian claudio",
    "watershuriken97"
  ],
  "log": "|j|\u2606gian claudio\n|j|\u2606watershuriken97\n|t:|1775985250\n|gametype|doubles\n|player|p1|gian claudio|101|1041\n|player|p2|watershuriken97|102|1021\n|gen|9\n|tier|[Gen 9 Champions] VGC 2026 Reg M-A\n|rated|\n|rule|Species Clause: Limit one of each Pok\u00e9mon\n|rule|Item Clause: Limit 1 of each item\n|clearpoke\n|poke|p1|Orthworm, L50, M|\n|poke|p1|Chimecho, L50, F|\n|poke|p1|Garchomp, L50, M|\n|poke|p1|Rotom-Wash, L50|\n|poke|p1|Sneasler, L50, M|\n|poke|p1|Dragapult, L50, M|\n|poke|p2|Sinistcha, L50|\n|poke|p2|Kingambit, L50, M|\n|poke|p2|Starmie, L50|\n|poke|p2|Dragonite, L50, F|\n|poke|p2|Farigiraf, L50, M|\n|poke|p2|Maushold, L50|\n|teampreview|4\nwatershuriken97 rejected open team sheets.\n|\n|t:|1775985300\n|teamsize|p1|4\n|teamsize|p2|4\n|start\n|switch|p1a: Chimecho|Chimecho, L50, F|100/100\n|switch|p1b: Rotom|Rotom-Wash, L50|100/100\n|switch|p2a: Starmie|Starmie, L50|100/100\n|switch|p2b: Kingambit|Kingambit, L50, M|100/100\n|turn|1\n|\n|t:|1775985339\n|detailschange|p2a: Starmie|Starmie-Mega, L50\n|-mega|p2a: Starmie|Starmie|Starminite\n|detailschange|p1a: Chimecho|Chimecho-Mega, L50, F\n|-mega|p1a: Chimecho|Chimecho|Chimechite\n|move|p1a: Chimecho|Ally Switch|p1a: Chimecho\n|swap|p1a: Chimecho|1|[from] move: Ally Switch\n|move|p2a: Starmie|Skill Swap|p2b: Kingambit\n|-activate|p2a: Starmie|Skill Swap|||[of] p2b: Kingambit\n|move|p1a: Rotom|Will-O-Wisp|p2b: Kingambit\n|-status|p2b: Kingambit|brn\n|move|p2b: Kingambit|Iron Head|p1b: Chimecho\n|-resisted|p1b: Chimecho|1\n|-damage|p1b: Chimecho|82/100\n|\n|-damage|p2b: Kingambit|95/100 brn|[from] brn\n|upkeep\n|turn|2\n|c|\u2606watershuriken97|pfffff\n|\n|t:|1775985375\n|move|p2a: Starmie|Scald|p1b: Chimecho\n|-crit|p1b: Chimecho\n|-damage|p1b: Chimecho|35/100\n|move|p1a: Rotom|Volt Switch|p2a: Starmie\n|-supereffective|p2a: Starmie|1\n|-damage|p2a: Starmie|25/100\n|\n|t:|1775985382\n|switch|p1a: Garchomp|Garchomp, L50, M|100/100|[from] Volt Switch\n|move|p1b: Chimecho|Gravity|p1b: Chimecho\n|-fieldstart|move: Gravity\n|move|p2b: Kingambit|Iron Head|p1a: Garchomp\n|-damage|p1a: Garchomp|52/100\n|\n|-damage|p2b: Kingambit|89/100 brn|[from] brn\n|upkeep\n|turn|3\n|\n|t:|1775985398\n|switch|p1b: Orthworm|Orthworm, L50, M|100/100\n|move|p2b: Kingambit|Sucker Punch||[still]\n|-fail|p2b: Kingambit\n|move|p2a: Starmie|Ice Beam|p1a: Garchomp\n|-supereffective|p1a: Garchomp|2\n|-damage|p1a: Garchomp|0 fnt\n|faint|p1a: Garchomp\n|\n|-damage|p2b: Kingambit|83/100 brn|[from] brn\n|upkeep\n|\n|t:|1775985411\n|switch|p1a: Rotom|Rotom-Wash, L50|100/100\n|turn|4\n|\n|t:|1775985422\n|move|p2a: Starmie|Scald|p1b: Orthworm\n|-damage|p1b: Orthworm|34/100\n|move|p1a: Rotom|Thunderbolt|p2a: Starmie\n|-supereffective|p2a: Starmie|1\n|-damage|p2a: Starmie|0 fnt\n|faint|p2a: Starmie\n|move|p1b: Orthworm|Body Press|p2b: Kingambit\n|-supereffective|p2b: Kingambit|2\n|-damage|p2b: Kingambit|0 fnt\n|faint|p2b: Kingambit\n|\n|-heal|p1b: Orthworm|40/100|[from] item: Leftovers\n|upkeep\n|\n|t:|1775985431\n|switch|p2a: Farigiraf|Farigiraf, L50, M|100/100\n|switch|p2b: Sinistcha|Sinistcha, L50|100/100\n|turn|5\n|\n|t:|1775985459\n|move|p1a: Rotom|Thunderbolt|p2a: Farigiraf\n|-damage|p2a: Farigiraf|62/100\n|move|p2b: Sinistcha|Matcha Gotcha|p1a: Rotom|[spread] p1a,p1b\n|-supereffective|p1a: Rotom|1\n|-resisted|p1b: Orthworm|1\n|-damage|p1a: Rotom|33/100\n|-damage|p1b: Orthworm|22/100\n|-enditem|p1a: Rotom|Sitrus Berry|[eat]\n|-heal|p1a: Rotom|58/100|[from] item: Sitrus Berry\n|move|p1b: Orthworm|Body Press|p2a: Farigiraf\n|-damage|p2a: Farigiraf|31/100\n|move|p2a: Farigiraf|Hyper Voice|p1a: Rotom|[spread] p1a,p1b\n|-resisted|p1b: Orthworm|1\n|-damage|p1a: Rotom|16/100\n|-damage|p1b: Orthworm|0 fnt\n|faint|p1b: Orthworm\n|\n|upkeep\n|\n|t:|1775985477\n|switch|p1b: Chimecho|Chimecho-Mega, L50, F|35/100\n|turn|6\n|\n|t:|1775985485\n|move|p2a: Farigiraf|Protect|p2a: Farigiraf\n|-singleturn|p2a: Farigiraf|Protect\n|move|p1a: Rotom|Thunderbolt|p2a: Farigiraf\n|-activate|p2a: Farigiraf|move: Protect\n|move|p2b: Sinistcha|Matcha Gotcha|p1a: Rotom|[spread] p1a,p1b\n|-supereffective|p1a: Rotom|1\n|-resisted|p1b: Chimecho|1\n|-damage|p1a: Rotom|0 fnt\n|-damage|p1b: Chimecho|26/100\n|faint|p1a: Rotom\n|move|p1b: Chimecho|Dazzling Gleam|p2a: Farigiraf|[spread] p2b\n|-activate|p2a: Farigiraf|move: Protect\n|-damage|p2b: Sinistcha|81/100\n|\n|-fieldend|move: Gravity\n|upkeep\n|turn|7\n|c|\u2606watershuriken97|Gg\n|\n|t:|1775985506\n|move|p2b: Sinistcha|Life Dew|p2b: Sinistcha|[spread] p2a,p2b\n|-heal|p2a: Farigiraf|56/100\n|-heal|p2b: Sinistcha|100/100\n|move|p1b: Chimecho|Dazzling Gleam|p2a: Farigiraf|[spread] p2a,p2b\n|-damage|p2a: Farigiraf|40/100\n|-damage|p2b: Sinistcha|82/100\n|move|p2a: Farigiraf|Twin Beam|p1b: Chimecho\n|-resisted|p1b: Chimecho|2\n|-damage|p1b: Chimecho|23/100\n|-resisted|p1b: Chimecho|2\n|-damage|p1b: Chimecho|20/100\n|-hitcount|p1b: Chimecho|2\n|\n|upkeep\n|turn|8\n|c|\u2606gian claudio|GG, my team is a shit\n|\n|t:|1775985536\n|move|p2b: Sinistcha|Matcha Gotcha|p1b: Chimecho|[miss]\n|-miss|p2b: Sinistcha|p1b: Chimecho\n|move|p1b: Chimecho|Dazzling Gleam|p2b: Sinistcha|[spread] p2a,p2b\n|-crit|p2a: Farigiraf\n|-damage|p2a: Farigiraf|16/100\n|-damage|p2b: Sinistcha|65/100\n|move|p2a: Farigiraf|Thunder Wave|p1b: Chimecho\n|-status|p1b: Chimecho|par\n|\n|upkeep\n|turn|9\n|c|\u2606watershuriken97|I like my starmie idea, but I don't think the team is good xp\n|\n|t:|1775985563\n|move|p2b: Sinistcha|Rage Powder|p2b: Sinistcha\n|-singleturn|p2b: Sinistcha|move: Rage Powder\n|move|p2a: Farigiraf|Hyper Voice|p1b: Chimecho\n|-resisted|p1b: Chimecho|1\n|-damage|p1b: Chimecho|4/100 par\n|move|p1b: Chimecho|Dazzling Gleam|p2a: Farigiraf|[spread] p2a,p2b\n|-damage|p2a: Farigiraf|0 fnt\n|-damage|p2b: Sinistcha|48/100\n|faint|p2a: Farigiraf\n|\n|upkeep\n|turn|10\n|inactive|Battle timer is ON: inactive players will automatically lose when time's up. (requested by watershuriken97)\n|inactive|gian claudio has 60 seconds left.\n|l|\u2606gian claudio\n|inactive|gian claudio disconnected and has a minute to reconnect!\n|player|p1|\n|inactive|gian claudio has 30 seconds left.\n|inactive|gian claudio has 20 seconds left.\n|inactive|gian claudio has 15 seconds left.\n|inactive|gian claudio has 10 seconds left.\n|inactive|gian claudio has 5 seconds left.\n|-message|gian claudio lost due to inactivity.\n|\n|win|watershuriken97\n|raw|gian claudio's rating: 1041 &rarr; <strong>1024</strong><br />(-17 for losing)\n|raw|watershuriken97's rating: 1021 &rarr; <strong>1060</strong><br />(+39 for winning)\n",
  "uploadtime": 1775985788,
  "views": 50,
  "formatid": "gen9championsvgc2026regma",
  "rating": 1024,
  "private": 0,
  "password": null
}