{
  "id": "gen9championsvgc2026regma-2589492571",
  "format": "[Gen 9 Champions] VGC 2026 Reg M-A",
  "players": [
    "Enbot",
    "wrwrrwr"
  ],
  "log": "|j|\u2606Enbot\n|j|\u2606wrwrrwr\n|t:|1776727898\n|gametype|doubles\n|player|p1|Enbot|steven|1088\n|player|p2|wrwrrwr|bugcatcher-gen4dp|1085\n|gen|9\n|tier|[Gen 9 Champions] VGC 2026 Reg M-A\n|rated|\n|rule|Species Clause: Limit one of each Pok\u00e9mon\n|rule|Item Clause: Limit 1 of each item\n|clearpoke\n|poke|p1|Gengar, L50, M, shiny|\n|poke|p1|Palafin, L50, F|\n|poke|p1|Volcarona, L50, M|\n|poke|p1|Incineroar, L50, F|\n|poke|p1|Meganium, L50, M|\n|poke|p1|Krookodile, L50, F|\n|poke|p2|Crabominable, L50, M|\n|poke|p2|Hatterene, L50, F|\n|poke|p2|Kingambit, L50, F|\n|poke|p2|Rhyperior, L50, F, shiny|\n|poke|p2|Mimikyu, L50, M, shiny|\n|poke|p2|Torkoal, L50, M|\n|teampreview|4\n|\n|t:|1776727966\n|teamsize|p1|4\n|teamsize|p2|4\n|start\n|switch|p1a: Gengar|Gengar, L50, M, shiny|100/100\n|switch|p1b: Palafin|Palafin, L50, F|100/100\n|switch|p2a: Crabominable|Crabominable, L50, M|100/100\n|switch|p2b: Mimikyu|Mimikyu, L50, M, shiny|100/100\n|turn|1\n|\n|t:|1776727995\n|detailschange|p1a: Gengar|Gengar-Mega, L50, M, shiny\n|-mega|p1a: Gengar|Gengar|Gengarite\n|detailschange|p2a: Crabominable|Crabominable-Mega, L50, M\n|-mega|p2a: Crabominable|Crabominable|Crabominite\n|move|p1a: Gengar|Perish Song|p1a: Gengar\n|-start|p1a: Gengar|perish3|[silent]\n|-start|p1b: Palafin|perish3|[silent]\n|-start|p2a: Crabominable|perish3|[silent]\n|-start|p2b: Mimikyu|perish3|[silent]\n|-fieldactivate|move: Perish Song\n|move|p1b: Palafin|Wave Crash|p2a: Crabominable\n|-damage|p2a: Crabominable|58/100\n|-damage|p1b: Palafin|86/100|[from] Recoil\n|move|p2a: Crabominable|Bulk Up|p2a: Crabominable\n|-boost|p2a: Crabominable|atk|1\n|-boost|p2a: Crabominable|def|1\n|move|p2b: Mimikyu|Trick Room|p2b: Mimikyu\n|-fieldstart|move: Trick Room|[of] p2b: Mimikyu\n|\n|-start|p2a: Crabominable|perish3\n|-start|p2b: Mimikyu|perish3\n|-start|p1b: Palafin|perish3\n|-start|p1a: Gengar|perish3\n|upkeep\n|turn|2\n|\n|t:|1776728032\n|move|p1a: Gengar|Protect|p1a: Gengar\n|-singleturn|p1a: Gengar|Protect\n|move|p2b: Mimikyu|Shadow Sneak|p1a: Gengar\n|-activate|p1a: Gengar|move: Protect\n|move|p2a: Crabominable|Drain Punch|p1b: Palafin\n|-damage|p1b: Palafin|0 fnt\n|-heal|p2a: Crabominable|100/100|[from] drain|[of] p1b: Palafin\n|faint|p1b: Palafin\n|\n|-start|p2a: Crabominable|perish2\n|-start|p2b: Mimikyu|perish2\n|-start|p1a: Gengar|perish2\n|upkeep\n|\n|t:|1776728062\n|switch|p1b: Volcarona|Volcarona, L50, M|100/100\n|turn|3\n|\n|t:|1776728080\n|move|p1b: Volcarona|Rage Powder|p1b: Volcarona\n|-singleturn|p1b: Volcarona|move: Rage Powder\n|move|p2b: Mimikyu|Shadow Sneak|p1b: Volcarona\n|-damage|p1b: Volcarona|79/100\n|move|p2a: Crabominable|Ice Hammer|p1b: Volcarona\n|-resisted|p1b: Volcarona|1\n|-damage|p1b: Volcarona|6/100\n|-unboost|p2a: Crabominable|spe|1\n|move|p1a: Gengar|Disable|p2b: Mimikyu\n|-start|p2b: Mimikyu|Disable|Shadow Sneak\n|-enditem|p2b: Mimikyu|Mental Herb\n|-end|p2b: Mimikyu|Disable\n|\n|-start|p2a: Crabominable|perish1\n|-start|p2b: Mimikyu|perish1\n|-start|p1a: Gengar|perish1\n|upkeep\n|turn|4\n|\n|t:|1776728107\n|switch|p1a: Incineroar|Incineroar, L50, F|100/100\n|-ability|p1a: Incineroar|Intimidate|boost\n|-unboost|p2a: Crabominable|atk|1\n|-unboost|p2b: Mimikyu|atk|1\n|move|p2b: Mimikyu|Shadow Sneak|p1b: Volcarona\n|-damage|p1b: Volcarona|0 fnt\n|faint|p1b: Volcarona\n|move|p2a: Crabominable|Ice Hammer|p1a: Incineroar\n|-resisted|p1a: Incineroar|1\n|-damage|p1a: Incineroar|65/100\n|-unboost|p2a: Crabominable|spe|1\n|\n|-start|p2a: Crabominable|perish0\n|-start|p2b: Mimikyu|perish0\n|faint|p2a: Crabominable\n|faint|p2b: Mimikyu\n|upkeep\n|\n|t:|1776728119\n|switch|p2a: Torkoal|Torkoal, L50, M|100/100\n|switch|p2b: Kingambit|Kingambit, L50, F|100/100\n|switch|p1b: Gengar|Gengar-Mega, L50, M, shiny|100/100\n|-weather|SunnyDay|[from] ability: Drought|[of] p2a: Torkoal\n|turn|5\n|\n|t:|1776728136\n|move|p2a: Torkoal|Protect|p2a: Torkoal\n|-singleturn|p2a: Torkoal|Protect\n|move|p2b: Kingambit|Protect|p2b: Kingambit\n|-singleturn|p2b: Kingambit|Protect\n|move|p1b: Gengar|Protect|p1b: Gengar\n|-singleturn|p1b: Gengar|Protect\n|move|p1a: Incineroar|Fake Out|p2a: Torkoal\n|-activate|p2a: Torkoal|move: Protect\n|\n|-weather|SunnyDay|[upkeep]\n|-fieldend|move: Trick Room\n|upkeep\n|turn|6\n|\n|t:|1776728150\n|move|p2b: Kingambit|Sucker Punch|p1a: Incineroar\n|-resisted|p1a: Incineroar|1\n|-damage|p1a: Incineroar|44/100\n|-enditem|p1a: Incineroar|Sitrus Berry|[eat]\n|-heal|p1a: Incineroar|68/100|[from] item: Sitrus Berry\n|move|p1b: Gengar|Shadow Ball|p2a: Torkoal\n|-damage|p2a: Torkoal|30/100\n|move|p1a: Incineroar|Flare Blitz|p2b: Kingambit\n|-supereffective|p2b: Kingambit|1\n|-damage|p2b: Kingambit|0 fnt\n|faint|p2b: Kingambit\n|-damage|p1a: Incineroar|40/100|[from] Recoil\n|move|p2a: Torkoal|Eruption|p1b: Gengar|[spread] p1a,p1b\n|-resisted|p1a: Incineroar|1\n|-damage|p1a: Incineroar|28/100\n|-damage|p1b: Gengar|67/100\n|\n|-weather|SunnyDay|[upkeep]\n|upkeep\n|turn|7\n|-message|wrwrrwr forfeited.\n|\n|win|Enbot\n|raw|Enbot's rating: 1088 &rarr; <strong>1115</strong><br />(+27 for winning)\n|raw|wrwrrwr's rating: 1085 &rarr; <strong>1062</strong><br />(-23 for losing)\n|l|\u2606wrwrrwr\n|player|p2|\n",
  "uploadtime": 1776728168,
  "views": 2,
  "formatid": "gen9championsvgc2026regma",
  "rating": 1062,
  "private": 0,
  "password": null
}