{
  "id": "gen9championsvgc2026regma-2587353206",
  "format": "[Gen 9 Champions] VGC 2026 Reg M-A",
  "players": [
    "Mal2026",
    "AveryOfCrowsGirlie"
  ],
  "log": "|j|\u2606Mal2026\n|j|\u2606AveryOfCrowsGirlie\n|t:|1776524629\n|gametype|doubles\n|player|p1|Mal2026|blue|1045\n|player|p2|AveryOfCrowsGirlie|cynthia-gen4|1072\n|gen|9\n|tier|[Gen 9 Champions] VGC 2026 Reg M-A\n|rated|\n|rule|Species Clause: Limit one of each Pok\u00e9mon\n|rule|Item Clause: Limit 1 of each item\n|clearpoke\n|poke|p1|Absol, L50, F, shiny|\n|poke|p1|Garchomp, L50, M|\n|poke|p1|Aegislash, L50, M|\n|poke|p1|Tyranitar, L50, F|\n|poke|p1|Whimsicott, L50, F|\n|poke|p1|Farigiraf, L50, M|\n|poke|p2|Chesnaught, L50, F|\n|poke|p2|Milotic, L50, F|\n|poke|p2|Lucario, L50, F|\n|poke|p2|Maushold, L50|\n|poke|p2|Corviknight, L50, F|\n|poke|p2|Volcarona, L50, F|\n|teampreview|4\n|c|\u2606AveryOfCrowsGirlie|glhf!\n|\n|t:|1776524664\n|teamsize|p1|4\n|teamsize|p2|4\n|start\n|switch|p1a: Whimsicott|Whimsicott, L50, F|100/100\n|switch|p1b: Aegislash|Aegislash, L50, M|100/100\n|switch|p2a: Lucario|Lucario, L50, F|100/100\n|switch|p2b: Maushold|Maushold, L50|100/100\n|turn|1\n|\n|t:|1776524700\n|move|p1a: Whimsicott|Tailwind|p1a: Whimsicott\n|-sidestart|p1: Mal2026|move: Tailwind\n|move|p2b: Maushold|Beat Up|p2a: Lucario\n|-resisted|p2a: Lucario|1\n|-damage|p2a: Lucario|98/100\n|-ability|p2a: Lucario|Justified|boost\n|-boost|p2a: Lucario|atk|1\n|-resisted|p2a: Lucario|1\n|-damage|p2a: Lucario|96/100\n|-ability|p2a: Lucario|Justified|boost\n|-boost|p2a: Lucario|atk|1\n|-resisted|p2a: Lucario|1\n|-damage|p2a: Lucario|94/100\n|-ability|p2a: Lucario|Justified|boost\n|-boost|p2a: Lucario|atk|1\n|-resisted|p2a: Lucario|1\n|-damage|p2a: Lucario|93/100\n|-ability|p2a: Lucario|Justified|boost\n|-boost|p2a: Lucario|atk|1\n|-hitcount|p2a: Lucario|4\n|move|p2a: Lucario|Trailblaze|p1a: Whimsicott\n|-resisted|p1a: Whimsicott|1\n|-damage|p1a: Whimsicott|67/100\n|-boost|p2a: Lucario|spe|1\n|-formechange|p1b: Aegislash|Aegislash-Blade|\n|move|p1b: Aegislash|Flash Cannon|p2b: Maushold\n|-damage|p2b: Maushold|38/100\n|\n|upkeep\n|turn|2\n|\n|t:|1776524735\n|detailschange|p2a: Lucario|Lucario-Mega, L50, F\n|-mega|p2a: Lucario|Lucario|Lucarionite\n|move|p2a: Lucario|Bullet Punch|p1a: Whimsicott\n|-supereffective|p1a: Whimsicott|1\n|-damage|p1a: Whimsicott|0 fnt\n|faint|p1a: Whimsicott\n|move|p2b: Maushold|Beat Up|p1b: Aegislash\n|-supereffective|p1b: Aegislash|1\n|-damage|p1b: Aegislash|85/100\n|-supereffective|p1b: Aegislash|1\n|-damage|p1b: Aegislash|73/100\n|-supereffective|p1b: Aegislash|1\n|-damage|p1b: Aegislash|62/100\n|-supereffective|p1b: Aegislash|1\n|-damage|p1b: Aegislash|51/100\n|-hitcount|p1b: Aegislash|4\n|move|p1b: Aegislash|Shadow Ball|p2a: Lucario\n|-damage|p2a: Lucario|41/100\n|\n|-heal|p1b: Aegislash|57/100|[from] item: Leftovers\n|upkeep\n|\n|t:|1776524754\n|switch|p1a: Garchomp|Garchomp, L50, M|100/100\n|turn|3\n|\n|t:|1776524769\n|move|p1b: Aegislash|Wide Guard|p1b: Aegislash\n|-singleturn|p1b: Aegislash|Wide Guard\n|move|p1a: Garchomp|Rock Slide|p2a: Lucario|[spread] p2a,p2b\n|-resisted|p2a: Lucario|2\n|-damage|p2a: Lucario|36/100\n|-damage|p2b: Maushold|4/100\n|move|p2a: Lucario|Close Combat|p1a: Garchomp\n|-damage|p1a: Garchomp|0 fnt\n|-unboost|p2a: Lucario|def|1\n|-unboost|p2a: Lucario|spd|1\n|-damage|p2a: Lucario|24/100|[from] ability: Rough Skin|[of] p1a: Garchomp\n|faint|p1a: Garchomp\n|cant|p2b: Maushold|flinch\n|\n|-heal|p1b: Aegislash|63/100|[from] item: Leftovers\n|upkeep\n|\n|t:|1776524786\n|switch|p1a: Absol|Absol, L50, F, shiny|100/100\n|-ability|p1a: Absol|Pressure\n|turn|4\n|\n|t:|1776524805\n|switch|p2b: Milotic|Milotic, L50, F|100/100\n|detailschange|p1a: Absol|Absol-Mega, L50, F, shiny\n|-mega|p1a: Absol|Absol|Absolite\n|move|p2a: Lucario|Endure|p2a: Lucario\n|-singleturn|p2a: Lucario|move: Endure\n|move|p1a: Absol|Sucker Punch||[still]\n|-fail|p1a: Absol\n|move|p1b: Aegislash|Flash Cannon|p2b: Milotic\n|-resisted|p2b: Milotic|1\n|-damage|p2b: Milotic|86/100\n|\n|-heal|p1b: Aegislash|69/100|[from] item: Leftovers\n|-heal|p2b: Milotic|92/100|[from] item: Leftovers\n|-sideend|p1: Mal2026|move: Tailwind\n|upkeep\n|turn|5\n|\n|t:|1776524830\n|-formechange|p1b: Aegislash|Aegislash|\n|move|p1b: Aegislash|King's Shield|p1b: Aegislash\n|-singleturn|p1b: Aegislash|Protect\n|move|p2a: Lucario|Bullet Punch|p1a: Absol\n|-crit|p1a: Absol\n|-damage|p1a: Absol|0 fnt\n|faint|p1a: Absol\n|move|p2b: Milotic|Life Dew|p2b: Milotic|[spread] p2a,p2b\n|-heal|p2a: Lucario|49/100\n|-heal|p2b: Milotic|100/100\n|\n|-heal|p1b: Aegislash|75/100|[from] item: Leftovers\n|upkeep\n|turn|6\n|-message|Mal2026 forfeited.\n|\n|win|AveryOfCrowsGirlie\n|raw|Mal2026's rating: 1045 &rarr; <strong>1030</strong><br />(-15 for losing)\n|raw|AveryOfCrowsGirlie's rating: 1072 &rarr; <strong>1099</strong><br />(+27 for winning)\n|l|\u2606Mal2026\n|player|p1|\n",
  "uploadtime": 1776524843,
  "views": 16,
  "formatid": "gen9championsvgc2026regma",
  "rating": 1030,
  "private": 0,
  "password": null
}