{
  "id": "gen9championsvgc2026regma-2584860001",
  "format": "[Gen 9 Champions] VGC 2026 Reg M-A",
  "players": [
    "yuriimon",
    "Dammet1337"
  ],
  "log": "|j|\u2606yuriimon\n|j|\u2606Dammet1337\n|t:|1776289357\n|gametype|doubles\n|player|p1|yuriimon|waitress-gen4|1056\n|player|p2|Dammet1337|265|1000\n|gen|9\n|tier|[Gen 9 Champions] VGC 2026 Reg M-A\n|rated|\n|rule|Species Clause: Limit one of each Pok\u00e9mon\n|rule|Item Clause: Limit 1 of each item\n|clearpoke\n|poke|p1|Glimmora, L50, F|\n|poke|p1|Incineroar, L50, M|\n|poke|p1|Archaludon, L50, F|\n|poke|p1|Politoed, L50, M|\n|poke|p1|Basculegion, L50, M|\n|poke|p1|Chesnaught, L50, F|\n|poke|p2|Tyranitar, L50, F|\n|poke|p2|Excadrill, L50, F|\n|poke|p2|Sinistcha, L50|\n|poke|p2|Empoleon, L50, M|\n|poke|p2|Garchomp, L50, M|\n|poke|p2|Arcanine-Hisui, L50, M|\n|teampreview|4\n|inactive|Battle timer is ON: inactive players will automatically lose when time's up. (requested by yuriimon)\nDammet1337 rejected open team sheets.\n|inactive|yuriimon has 60 seconds left.\n|\n|t:|1776289403\n|teamsize|p1|4\n|teamsize|p2|4\n|start\n|switch|p1a: Chesnaught|Chesnaught, L50, F|100/100\n|switch|p1b: Archaludon|Archaludon, L50, F|100/100\n|switch|p2a: Tyranitar|Tyranitar, L50, F|100/100\n|switch|p2b: Empoleon|Empoleon, L50, M|100/100\n|-weather|Sandstorm|[from] ability: Sand Stream|[of] p2a: Tyranitar\n|turn|1\n|inactive|Dammet1337 has 30 seconds left.\n|\n|t:|1776289428\n|switch|p2a: Sinistcha|Sinistcha, L50|100/100\n|switch|p1b: Politoed|Politoed, L50, M|100/100\n|-weather|RainDance|[from] ability: Drizzle|[of] p1b: Politoed\n|detailschange|p1a: Chesnaught|Chesnaught-Mega, L50, F\n|-mega|p1a: Chesnaught|Chesnaught|Chesnaughtite\n|move|p2b: Empoleon|Icy Wind|p1a: Chesnaught|[spread] p1a,p1b\n|-supereffective|p1a: Chesnaught|1\n|-resisted|p1b: Politoed|1\n|-damage|p1a: Chesnaught|81/100\n|-damage|p1b: Politoed|95/100\n|-unboost|p1a: Chesnaught|spe|1\n|-unboost|p1b: Politoed|spe|1\n|move|p1a: Chesnaught|Iron Defense|p1a: Chesnaught\n|-boost|p1a: Chesnaught|def|2\n|\n|-weather|RainDance|[upkeep]\n|upkeep\n|turn|2\n|inactive|yuriimon has 30 seconds left.\n|\n|t:|1776289453\n|switch|p2b: Tyranitar|Tyranitar, L50, F|100/100\n|-weather|Sandstorm|[from] ability: Sand Stream|[of] p2b: Tyranitar\n|move|p1b: Politoed|Protect|p1b: Politoed\n|-singleturn|p1b: Politoed|Protect\n|move|p2a: Sinistcha|Matcha Gotcha|p1b: Politoed|[spread] p1a\n|-activate|p1b: Politoed|move: Protect\n|-resisted|p1a: Chesnaught|1\n|-damage|p1a: Chesnaught|71/100\n|move|p1a: Chesnaught|Body Press|p2b: Tyranitar\n|-supereffective|p2b: Tyranitar|2\n|-damage|p2b: Tyranitar|0 fnt\n|faint|p2b: Tyranitar\n|\n|-weather|Sandstorm|[upkeep]\n|-damage|p2a: Sinistcha|94/100|[from] Sandstorm\n|-damage|p1b: Politoed|89/100|[from] Sandstorm\n|-damage|p1a: Chesnaught|65/100|[from] Sandstorm\n|upkeep\n|\n|t:|1776289471\n|switch|p2b: Excadrill|Excadrill, L50, F|100/100\n|turn|3\n|\n|t:|1776289478\n|switch|p1b: Archaludon|Archaludon, L50, F|100/100\n|detailschange|p2b: Excadrill|Excadrill-Mega, L50, F\n|-mega|p2b: Excadrill|Excadrill|Excadrite\n|move|p1a: Chesnaught|Protect|p1a: Chesnaught\n|-singleturn|p1a: Chesnaught|Protect\n|move|p2a: Sinistcha|Rage Powder|p2a: Sinistcha\n|-singleturn|p2a: Sinistcha|move: Rage Powder\n|move|p2b: Excadrill|Swords Dance|p2b: Excadrill\n|-boost|p2b: Excadrill|atk|2\n|\n|-weather|Sandstorm|[upkeep]\n|-damage|p2a: Sinistcha|88/100|[from] Sandstorm\n|-damage|p1a: Chesnaught|59/100|[from] Sandstorm\n|upkeep\n|turn|4\n|inactive|yuriimon has 30 seconds left.\n|inactive|Dammet1337 has 30 seconds left.\n|inactive|yuriimon has 20 seconds left.\n|inactive|yuriimon has 15 seconds left.\n|inactive|Dammet1337 has 20 seconds left.\n|\n|t:|1776289523\n|switch|p2a: Empoleon|Empoleon, L50, M|100/100\n|move|p2b: Excadrill|High Horsepower|p1b: Archaludon\n|-supereffective|p1b: Archaludon|1\n|-damage|p1b: Archaludon|0 fnt\n|faint|p1b: Archaludon\n|move|p1a: Chesnaught|Body Press|p2b: Excadrill\n|-supereffective|p2b: Excadrill|1\n|-damage|p2b: Excadrill|0 fnt\n|faint|p2b: Excadrill\n|\n|-weather|Sandstorm|[upkeep]\n|-damage|p1a: Chesnaught|53/100|[from] Sandstorm\n|upkeep\n|\n|t:|1776289535\n|switch|p2b: Sinistcha|Sinistcha, L50|88/100\n|switch|p1b: Politoed|Politoed, L50, M|89/100\n|-weather|RainDance|[from] ability: Drizzle|[of] p1b: Politoed\n|turn|5\n|\n|t:|1776289548\n|switch|p1b: Basculegion|Basculegion, L50, M|100/100\n|move|p2b: Sinistcha|Rage Powder|p2b: Sinistcha\n|-singleturn|p2b: Sinistcha|move: Rage Powder\n|move|p2a: Empoleon|Ice Beam|p1a: Chesnaught\n|-supereffective|p1a: Chesnaught|1\n|-damage|p1a: Chesnaught|6/100\n|move|p1a: Chesnaught|Body Press|p2a: Empoleon\n|-supereffective|p2a: Empoleon|1\n|-damage|p2a: Empoleon|0 fnt\n|faint|p2a: Empoleon\n|\n|-weather|RainDance|[upkeep]\n|upkeep\n|turn|6\n|\n|t:|1776289563\n|move|p1a: Chesnaught|Protect|p1a: Chesnaught\n|-singleturn|p1a: Chesnaught|Protect\n|move|p1b: Basculegion|Last Respects|p2b: Sinistcha\n|-supereffective|p2b: Sinistcha|1\n|-damage|p2b: Sinistcha|0 fnt\n|faint|p2b: Sinistcha\n|\n|win|yuriimon\n|raw|yuriimon's rating: 1056 &rarr; <strong>1083</strong><br />(+27 for winning)\n|raw|Dammet1337's rating: 1000 &rarr; <strong>1000</strong><br />(+0 for losing)\n|c|\u2606Dammet1337|ggs\n|l|\u2606Dammet1337\n|player|p2|\n|c|\u2606yuriimon|gg\n",
  "uploadtime": 1776289573,
  "views": 19,
  "formatid": "gen9championsvgc2026regma",
  "rating": 1000,
  "private": 0,
  "password": null
}