{
  "id": "gen9championsvgc2026regma-2582373775",
  "format": "[Gen 9 Champions] VGC 2026 Reg M-A",
  "players": [
    "Snowtiger",
    "pkmnchmpsdrftd"
  ],
  "log": "|j|\u2606Snowtiger\n|j|\u2606pkmnchmpsdrftd\n|t:|1776087321\n|gametype|doubles\n|player|p1|Snowtiger|miku-fairy|1099\n|player|p2|pkmnchmpsdrftd|unknown|1090\n|gen|9\n|tier|[Gen 9 Champions] VGC 2026 Reg M-A\n|rated|\n|rule|Species Clause: Limit one of each Pok\u00e9mon\n|rule|Item Clause: Limit 1 of each item\n|clearpoke\n|poke|p1|Audino, L50, M|\n|poke|p1|Incineroar, L50, F|\n|poke|p1|Mamoswine, L50, F|\n|poke|p1|Aegislash, L50, F|\n|poke|p1|Hydreigon, L50, F|\n|poke|p1|Gyarados, L50, F|\n|poke|p2|Gardevoir, L50, F|\n|poke|p2|Orthworm, L50, M|\n|poke|p2|Incineroar, L50, M|\n|poke|p2|Tyranitar, L50, F|\n|poke|p2|Milotic, L50, F|\n|poke|p2|Sinistcha, L50|\n|teampreview|4\n|\n|t:|1776087350\n|teamsize|p1|4\n|teamsize|p2|4\n|start\n|switch|p1a: Aegislash|Aegislash, L50, F|100/100\n|switch|p1b: Audino|Audino, L50, M|100/100\n|switch|p2a: Orthworm|Orthworm, L50, M|100/100\n|switch|p2b: Sinistcha|Sinistcha, L50|100/100\n|turn|1\n|\n|t:|1776087375\n|detailschange|p1b: Audino|Audino-Mega, L50, M\n|-mega|p1b: Audino|Audino|Audinite\n|move|p2b: Sinistcha|Rage Powder|p2b: Sinistcha\n|-singleturn|p2b: Sinistcha|move: Rage Powder\n|move|p2a: Orthworm|Shed Tail|p2a: Orthworm\n|-start|p2a: Orthworm|Substitute|[from] move: Shed Tail\n|-damage|p2a: Orthworm|50/100\n|-enditem|p2a: Orthworm|Sitrus Berry|[eat]\n|-heal|p2a: Orthworm|75/100|[from] item: Sitrus Berry\n|\n|t:|1776087384\n|switch|p2a: Tyranitar|Tyranitar, L50, F|100/100|[from] Shed Tail\n|-weather|Sandstorm|[from] ability: Sand Stream|[of] p2a: Tyranitar\n|move|p1a: Aegislash|Swords Dance|p1a: Aegislash\n|-boost|p1a: Aegislash|atk|2\n|move|p1b: Audino|Trick Room|p1b: Audino\n|-fieldstart|move: Trick Room|[of] p1b: Audino\n|\n|-weather|Sandstorm|[upkeep]\n|-damage|p1b: Audino|94/100|[from] Sandstorm\n|-damage|p2b: Sinistcha|94/100|[from] Sandstorm\n|upkeep\n|turn|2\n|\n|t:|1776087417\n|detailschange|p2a: Tyranitar|Tyranitar-Mega, L50, F\n|-mega|p2a: Tyranitar|Tyranitar|Tyranitarite\n|move|p2b: Sinistcha|Rage Powder|p2b: Sinistcha\n|-singleturn|p2b: Sinistcha|move: Rage Powder\n|move|p1b: Audino|Dazzling Gleam|p2b: Sinistcha|[spread] p2a,p2b\n|-supereffective|p2a: Tyranitar|1\n|-activate|p2a: Tyranitar|move: Substitute|[damage]\n|-damage|p2b: Sinistcha|77/100\n|-formechange|p1a: Aegislash|Aegislash-Blade|\n|move|p1a: Aegislash|Poltergeist|p2b: Sinistcha\n|-activate|p2b: Sinistcha|move: Poltergeist|Mental Herb\n|-supereffective|p2b: Sinistcha|1\n|-damage|p2b: Sinistcha|0 fnt\n|faint|p2b: Sinistcha\n|move|p2a: Tyranitar|High Horsepower|p1a: Aegislash\n|-supereffective|p1a: Aegislash|1\n|-damage|p1a: Aegislash|0 fnt\n|faint|p1a: Aegislash\n|\n|-weather|Sandstorm|[upkeep]\n|-damage|p1b: Audino|88/100|[from] Sandstorm\n|upkeep\n|\n|t:|1776087441\n|switch|p1a: Hydreigon|Hydreigon, L50, F|100/100\n|switch|p2b: Milotic|Milotic, L50, F, shiny|100/100\n|turn|3\n|\n|t:|1776087459\n|move|p1a: Hydreigon|Protect|p1a: Hydreigon\n|-singleturn|p1a: Hydreigon|Protect\n|move|p2b: Milotic|Alluring Voice|p1a: Hydreigon\n|-activate|p1a: Hydreigon|move: Protect\n|move|p2a: Tyranitar|Rock Slide|p1a: Hydreigon|[spread] p1b\n|-activate|p1a: Hydreigon|move: Protect\n|-damage|p1b: Audino|64/100\n|move|p1b: Audino|Trick Room|p1b: Audino\n|-fieldend|move: Trick Room\n|\n|-weather|Sandstorm|[upkeep]\n|-damage|p1a: Hydreigon|94/100|[from] Sandstorm\n|-damage|p2b: Milotic|95/100|[from] Sandstorm\n|-damage|p1b: Audino|58/100|[from] Sandstorm\n|-heal|p2b: Milotic|100/100|[from] item: Leftovers\n|upkeep\n|turn|4\n|\n|t:|1776087487\n|move|p1a: Hydreigon|Draco Meteor|p2b: Milotic\n|-damage|p2b: Milotic|44/100\n|-unboost|p1a: Hydreigon|spa|2\n|move|p2a: Tyranitar|Rock Slide|p1a: Hydreigon|[spread] p1a,p1b\n|-damage|p1a: Hydreigon|60/100\n|-damage|p1b: Audino|32/100\n|move|p2b: Milotic|Ice Beam|p1a: Hydreigon\n|-supereffective|p1a: Hydreigon|1\n|-damage|p1a: Hydreigon|20/100\n|move|p1b: Audino|Life Dew|p1b: Audino|[spread] p1a,p1b\n|-heal|p1a: Hydreigon|45/100\n|-heal|p1b: Audino|57/100\n|\n|-weather|Sandstorm|[upkeep]\n|-damage|p1a: Hydreigon|39/100|[from] Sandstorm\n|-damage|p2b: Milotic|38/100|[from] Sandstorm\n|-damage|p1b: Audino|51/100|[from] Sandstorm\n|-heal|p2b: Milotic|44/100|[from] item: Leftovers\n|upkeep\n|turn|5\n|\n|t:|1776087513\n|move|p1a: Hydreigon|Earth Power|p2a: Tyranitar\n|-supereffective|p2a: Tyranitar|1\n|-end|p2a: Tyranitar|Substitute\n|move|p2a: Tyranitar|Ice Punch|p1a: Hydreigon\n|-supereffective|p1a: Hydreigon|1\n|-damage|p1a: Hydreigon|0 fnt\n|faint|p1a: Hydreigon\n|move|p2b: Milotic|Scald|p1b: Audino\n|-damage|p1b: Audino|35/100\n|-status|p1b: Audino|brn\n|move|p1b: Audino|Life Dew|p1b: Audino\n|-heal|p1b: Audino|60/100 brn\n|\n|-weather|none\n|-heal|p2b: Milotic|50/100|[from] item: Leftovers\n|-damage|p1b: Audino|54/100 brn|[from] brn\n|upkeep\n|\n|t:|1776087529\n|switch|p1a: Mamoswine|Mamoswine, L50, F|100/100\n|turn|6\n|\n|t:|1776087546\n|move|p1a: Mamoswine|High Horsepower|p2b: Milotic\n|-damage|p2b: Milotic|12/100\n|move|p2a: Tyranitar|Rock Slide|p1a: Mamoswine|[spread] p1a,p1b\n|-damage|p1a: Mamoswine|60/100\n|-damage|p1b: Audino|26/100 brn\n|move|p2b: Milotic|Scald|p1a: Mamoswine\n|-supereffective|p1a: Mamoswine|1\n|-damage|p1a: Mamoswine|0 fnt\n|faint|p1a: Mamoswine\n|move|p1b: Audino|Life Dew|p1b: Audino\n|-heal|p1b: Audino|51/100 brn\n|\n|-heal|p2b: Milotic|18/100|[from] item: Leftovers\n|-damage|p1b: Audino|45/100 brn|[from] brn\n|upkeep\n|turn|7\n|\n|t:|1776087557\n|move|p2a: Tyranitar|Rock Slide|p1b: Audino\n|-damage|p1b: Audino|12/100 brn\n|move|p2b: Milotic|Scald|p1b: Audino\n|-damage|p1b: Audino|0 fnt\n|faint|p1b: Audino\n|\n|win|pkmnchmpsdrftd\n|raw|Snowtiger's rating: 1099 &rarr; <strong>1074</strong><br />(-25 for losing)\n|raw|pkmnchmpsdrftd's rating: 1090 &rarr; <strong>1117</strong><br />(+27 for winning)\n|l|\u2606Snowtiger\n|player|p1|\n",
  "uploadtime": 1776087567,
  "views": 8,
  "formatid": "gen9championsvgc2026regma",
  "rating": 1074,
  "private": 0,
  "password": null
}