{
  "id": "gen9championsvgc2026regma-2588719472",
  "format": "[Gen 9 Champions] VGC 2026 Reg M-A",
  "players": [
    "It'sJustKen VGC",
    "Hobbit"
  ],
  "log": "|j|\u2606It'sJustKen VGC\n|j|\u2606Hobbit\n|html|<table width=\"100%\"><tr><td align=\"left\">It&apos;sJustKen VGC</td><td align=\"right\">Hobbit</tr><tr><td align=\"left\"><i class=\"fa fa-circle\"></i> <i class=\"fa fa-circle-o\"></i> </td><td align=\"right\"><i class=\"fa fa-circle-o\"></i> <i class=\"fa fa-circle\"></i> </tr></table>\n|uhtml|bestof|<h2><strong>Game 3</strong> of <a href=\"/game-bestof3-gen9championsvgc2026regma-2588716527\">a best-of-3</a></h2>\n|t:|1776661687\n|gametype|doubles\n|player|p1|It'sJustKen VGC|player-go|\n|player|p2|Hobbit|#smogonxnpa2025winner|\n|gen|9\n|tier|[Gen 9 Champions] VGC 2026 Reg M-A\n|rated|Tournament battle\n|rule|Species Clause: Limit one of each Pok\u00e9mon\n|rule|Item Clause: Limit 1 of each item\n|raw|<div class=\"infobox\"><details class=\"readmore\" open><summary><strong>2 custom rules:</strong></summary> Force Open Team Sheets, Best of = 3</details></div>\n|clearpoke\n|poke|p1|Floette-Eternal, L50, F|\n|poke|p1|Espathra, L50, M|\n|poke|p1|Incineroar, L50, M|\n|poke|p1|Sneasler, L50, M|\n|poke|p1|Basculegion, L50, M|\n|poke|p1|Kingambit, L50, M|\n|poke|p2|Incineroar, L50, M|\n|poke|p2|Talonflame, L50, F|\n|poke|p2|Garchomp, L50, F|\n|poke|p2|Rotom-Wash, L50|\n|poke|p2|Venusaur, L50, M|\n|poke|p2|Gardevoir, L50, M|\n|teampreview|4\n|showteam|p1|Floette-Eternal||Floettite|FlowerVeil|Protect,Moonblast,DazzlingGleam,Substitute|||F|||50|]Espathra||FocusSash|SpeedBoost|Protect,LuminaCrash,HelpingHand,TrickRoom|||M|||50|]Incineroar||SitrusBerry|Intimidate|FakeOut,PartingShot,FlareBlitz,Taunt|||M|||50|]Sneasler||WhiteHerb|Unburden|Protect,DireClaw,CloseCombat,FakeOut|||M|||50|]Basculegion||ChoiceScarf|Adaptability|WaveCrash,FlipTurn,AquaJet,LastRespects|||M|||50|]Kingambit||BlackGlasses|Defiant|Protect,SuckerPunch,SwordsDance,KowtowCleave|||M|||50|\n|showteam|p2|Incineroar||SitrusBerry|Intimidate|FlareBlitz,ThroatChop,PartingShot,FakeOut|||M|||50|]Talonflame||SharpBeak|GaleWings|DualWingbeat,FlareBlitz,Tailwind,Protect|||F|||50|]Garchomp||WhiteHerb|RoughSkin|Earthquake,StompingTantrum,RockSlide,Protect|||F|||50|]Rotom-Wash||Leftovers|Levitate|HydroPump,Thunderbolt,WillOWisp,Protect||||||50|]Venusaur||Venusaurite|Chlorophyll|SludgeBomb,EnergyBall,LeechSeed,Protect|||M|||50|]Gardevoir||Gardevoirite|Trace|HyperVoice,Psyshock,TrickRoom,Protect|||M|||50|\n|j|%Tb0lt\n|inactive|Battle timer is ON: inactive players will automatically lose when time's up. (requested by It'sJustKen VGC)\n|j| knoxxzeta\n|j| white gladis\n|\n|t:|1776661715\n|teamsize|p1|4\n|teamsize|p2|4\n|start\n|switch|p1a: Paparazzi|Kingambit, L50, M|100/100\n|switch|p1b: Die With A Smile|Incineroar, L50, M|100/100\n|switch|p2a: Garchomp|Garchomp, L50, F|100/100\n|switch|p2b: Rotom|Rotom-Wash, L50|100/100\n|-ability|p1b: Die With A Smile|Intimidate|boost\n|-unboost|p2a: Garchomp|atk|1\n|-unboost|p2b: Rotom|atk|1\n|-enditem|p2a: Garchomp|White Herb\n|-clearnegativeboost|p2a: Garchomp|[silent]\n|turn|1\n|inactive|It'sJustKen VGC has 30 seconds left.\n|inactive|It'sJustKen VGC has 20 seconds left.\n|inactive|It'sJustKen VGC has 15 seconds left.\n|inactive|It'sJustKen VGC has 10 seconds left.\n|\n|t:|1776661762\n|move|p1b: Die With A Smile|Fake Out|p2b: Rotom\n|-damage|p2b: Rotom|89/100\n|move|p2a: Garchomp|Earthquake|p1b: Die With A Smile|[spread] p1a,p1b\n|-immune|p2b: Rotom|[from] ability: Levitate\n|-supereffective|p1a: Paparazzi|1\n|-supereffective|p1b: Die With A Smile|1\n|-damage|p1a: Paparazzi|38/100\n|-damage|p1b: Die With A Smile|20/100\n|-enditem|p1b: Die With A Smile|Sitrus Berry|[eat]\n|-heal|p1b: Die With A Smile|45/100|[from] item: Sitrus Berry\n|cant|p2b: Rotom|flinch\n|move|p1a: Paparazzi|Swords Dance|p1a: Paparazzi\n|-boost|p1a: Paparazzi|atk|2\n|\n|-heal|p2b: Rotom|95/100|[from] item: Leftovers\n|upkeep\n|turn|2\n|l| white gladis\n|\n|t:|1776661781\n|move|p2a: Garchomp|Protect|p2a: Garchomp\n|-singleturn|p2a: Garchomp|Protect\n|move|p2b: Rotom|Protect|p2b: Rotom\n|-singleturn|p2b: Rotom|Protect\n|move|p1a: Paparazzi|Protect|p1a: Paparazzi\n|-singleturn|p1a: Paparazzi|Protect\n|move|p1b: Die With A Smile|Parting Shot|p2b: Rotom\n|-activate|p2b: Rotom|move: Protect\n|\n|-heal|p2b: Rotom|100/100|[from] item: Leftovers\n|upkeep\n|turn|3\n|inactive|It'sJustKen VGC has 30 seconds left.\n|\n|t:|1776661808\n|move|p1a: Paparazzi|Sucker Punch|p2a: Garchomp\n|-crit|p2a: Garchomp\n|-damage|p2a: Garchomp|0 fnt\n|-damage|p1a: Paparazzi|26/100|[from] ability: Rough Skin|[of] p2a: Garchomp\n|faint|p2a: Garchomp\n|move|p2b: Rotom|Hydro Pump|p1a: Paparazzi\n|-damage|p1a: Paparazzi|0 fnt\n|faint|p1a: Paparazzi\n|move|p1b: Die With A Smile|Parting Shot|p2b: Rotom\n|-unboost|p2b: Rotom|atk|1\n|-unboost|p2b: Rotom|spa|1\n|\n|t:|1776661812\n|switch|p1b: Poker Face|Sneasler, L50, M|100/100|[from] Parting Shot\n|\n|upkeep\n|\n|t:|1776661819\n|switch|p2a: Venusaur|Venusaur, L50, M|100/100\n|switch|p1a: Shallow|Basculegion, L50, M|100/100\n|turn|4\n|j| OnToTheOther\n|inactive|Hobbit has 30 seconds left.\n|\n|t:|1776661851\n|detailschange|p2a: Venusaur|Venusaur-Mega, L50, M\n|-mega|p2a: Venusaur|Venusaur|Venusaurite\n|move|p1b: Poker Face|Fake Out|p2b: Rotom\n|-damage|p2b: Rotom|85/100\n|move|p1a: Shallow|Last Respects|p2b: Rotom\n|-damage|p2b: Rotom|19/100\n|cant|p2b: Rotom|flinch\n|move|p2a: Venusaur|Energy Ball|p1a: Shallow\n|-supereffective|p1a: Shallow|1\n|-damage|p1a: Shallow|9/100\n|\n|-heal|p2b: Rotom|25/100|[from] item: Leftovers\n|upkeep\n|turn|5\n|\n|t:|1776661873\n|move|p1a: Shallow|Last Respects|p2b: Rotom\n|-damage|p2b: Rotom|0 fnt\n|faint|p2b: Rotom\n|move|p1b: Poker Face|Dire Claw|p2a: Venusaur\n|-damage|p2a: Venusaur|65/100\n|move|p2a: Venusaur|Leech Seed|p1a: Shallow\n|-start|p1a: Shallow|move: Leech Seed\n|\n|-damage|p1a: Shallow|0 fnt|[from] Leech Seed|[of] p2a: Venusaur\n|-heal|p2a: Venusaur|74/100|[silent]\n|faint|p1a: Shallow\n|upkeep\n|\n|t:|1776661877\n|switch|p1a: Die With A Smile|Incineroar, L50, M|45/100\n|switch|p2b: Talonflame|Talonflame, L50, F|100/100\n|-ability|p1a: Die With A Smile|Intimidate|boost\n|-unboost|p2a: Venusaur|atk|1\n|-unboost|p2b: Talonflame|atk|1\n|turn|6\n|\n|t:|1776661885\n|move|p2b: Talonflame|Protect|p2b: Talonflame\n|-singleturn|p2b: Talonflame|Protect\n|move|p2a: Venusaur|Protect|p2a: Venusaur\n|-singleturn|p2a: Venusaur|Protect\n|move|p1a: Die With A Smile|Fake Out|p2a: Venusaur\n|-activate|p2a: Venusaur|move: Protect\n|move|p1b: Poker Face|Dire Claw|p2a: Venusaur\n|-activate|p2a: Venusaur|move: Protect\n|\n|upkeep\n|turn|7\n|\n|t:|1776661892\n|move|p2b: Talonflame|Dual Wingbeat|p1b: Poker Face\n|-supereffective|p1b: Poker Face|1\n|-damage|p1b: Poker Face|53/100\n|-supereffective|p1b: Poker Face|1\n|-damage|p1b: Poker Face|6/100\n|-hitcount|p1b: Poker Face|2\n|move|p1b: Poker Face|Dire Claw|p2b: Talonflame\n|-damage|p2b: Talonflame|28/100\n|-status|p2b: Talonflame|psn\n|move|p2a: Venusaur|Leech Seed|p1a: Die With A Smile\n|-start|p1a: Die With A Smile|move: Leech Seed\n|move|p1a: Die With A Smile|Flare Blitz|p2b: Talonflame\n|-resisted|p2b: Talonflame|1\n|-damage|p2b: Talonflame|0 fnt\n|faint|p2b: Talonflame\n|-damage|p1a: Die With A Smile|38/100|[from] Recoil\n|\n|-damage|p1a: Die With A Smile|26/100|[from] Leech Seed|[of] p2a: Venusaur\n|-heal|p2a: Venusaur|88/100|[silent]\n|upkeep\n|turn|8\n|\n|t:|1776661905\n|move|p1b: Poker Face|Protect|p1b: Poker Face\n|-singleturn|p1b: Poker Face|Protect\n|move|p2a: Venusaur|Protect|p2a: Venusaur\n|-singleturn|p2a: Venusaur|Protect\n|move|p1a: Die With A Smile|Taunt|p2a: Venusaur\n|-activate|p2a: Venusaur|move: Protect\n|\n|-damage|p1a: Die With A Smile|13/100|[from] Leech Seed|[of] p2a: Venusaur\n|-heal|p2a: Venusaur|100/100|[silent]\n|upkeep\n|turn|9\n|\n|t:|1776661912\n|move|p1b: Poker Face|Dire Claw|p2a: Venusaur\n|-damage|p2a: Venusaur|62/100\n|-status|p2a: Venusaur|par\n|move|p1a: Die With A Smile|Flare Blitz|p2a: Venusaur\n|-supereffective|p2a: Venusaur|1\n|-damage|p2a: Venusaur|22/100 par\n|-damage|p1a: Die With A Smile|1/100|[from] Recoil\n|move|p2a: Venusaur|Energy Ball|p1b: Poker Face\n|-resisted|p1b: Poker Face|1\n|-damage|p1b: Poker Face|0 fnt\n|faint|p1b: Poker Face\n|\n|-damage|p1a: Die With A Smile|0 fnt|[from] Leech Seed|[of] p2a: Venusaur\n|-heal|p2a: Venusaur|23/100 par|[silent]\n|faint|p1a: Die With A Smile\n|\n|win|Hobbit\n|c|\u2606Hobbit|gg\n",
  "uploadtime": 1776661915,
  "views": 4,
  "formatid": "gen9championsvgc2026regma",
  "rating": null,
  "private": 0,
  "password": null
}