{
  "id": "gen9championsvgc2026regma-2581385893",
  "format": "[Gen 9 Champions] VGC 2026 Reg M-A",
  "players": [
    "AD1010",
    "keane 4556"
  ],
  "log": "|j|\u2606AD1010\n|j|\u2606keane 4556\n|t:|1775994753\n|gametype|doubles\n|player|p1|AD1010|blaine|1000\n|player|p2|keane 4556|266|1024\n|gen|9\n|tier|[Gen 9 Champions] VGC 2026 Reg M-A\n|rated|\n|rule|Species Clause: Limit one of each Pok\u00e9mon\n|rule|Item Clause: Limit 1 of each item\n|clearpoke\n|poke|p1|Charizard, L50, M|\n|poke|p1|Dragapult, L50, M|\n|poke|p1|Milotic, L50, M|\n|poke|p1|Gyarados, L50, F|\n|poke|p1|Arcanine, L50, F|\n|poke|p1|Jolteon, L50, M|\n|poke|p2|Scovillain, L50, F|\n|poke|p2|Garchomp, L50, M|\n|poke|p2|Pelipper, L50, F|\n|poke|p2|Archaludon, L50, F|\n|poke|p2|Sneasler, L50, F|\n|poke|p2|Mr. Rime, L50, F|\n|teampreview|4\n|inactive|Battle timer is ON: inactive players will automatically lose when time's up. (requested by AD1010)\n|\n|t:|1775994789\n|teamsize|p1|4\n|teamsize|p2|4\n|start\n|switch|p1a: Milotic|Milotic, L50, M|100/100\n|switch|p1b: Dragapult|Dragapult, L50, M|100/100\n|switch|p2a: Archaludon|Archaludon, L50, F|100/100\n|switch|p2b: Sneasler|Sneasler, L50, F|100/100\n|turn|1\n|\n|t:|1775994812\n|move|p2b: Sneasler|Fake Out|p1a: Milotic\n|-damage|p1a: Milotic|86/100\n|move|p1b: Dragapult|Dragon Darts|p2a: Archaludon\n|-damage|p2a: Archaludon|78/100\n|-ability|p2a: Archaludon|Stamina|boost\n|-boost|p2a: Archaludon|def|1\n|-anim|p1b: Dragapult|Dragon Darts|p2b: Sneasler\n|-crit|p2b: Sneasler\n|-damage|p2b: Sneasler|23/100\n|cant|p1a: Milotic|flinch\n|move|p2a: Archaludon|Draco Meteor|p1b: Dragapult\n|-supereffective|p1b: Dragapult|1\n|-damage|p1b: Dragapult|0 fnt\n|-unboost|p2a: Archaludon|spa|2\n|faint|p1b: Dragapult\n|\n|-heal|p1a: Milotic|92/100|[from] item: Leftovers\n|upkeep\n|\n|t:|1775994826\n|switch|p1b: Charizard|Charizard, L50, M|100/100\n|turn|2\n|\n|t:|1775994840\n|detailschange|p1b: Charizard|Charizard-Mega-Y, L50, M\n|-mega|p1b: Charizard|Charizard|Charizardite Y\n|-weather|SunnyDay|[from] ability: Drought|[of] p1b: Charizard\n|move|p2a: Archaludon|Protect|p2a: Archaludon\n|-singleturn|p2a: Archaludon|Protect\n|move|p2b: Sneasler|Dire Claw|p1b: Charizard\n|-damage|p1b: Charizard|40/100\n|move|p1b: Charizard|Heat Wave|p2b: Sneasler|[spread] p2b\n|-activate|p2a: Archaludon|move: Protect\n|-damage|p2b: Sneasler|0 fnt\n|faint|p2b: Sneasler\n|move|p1a: Milotic|Ice Beam|p2a: Archaludon\n|-activate|p2a: Archaludon|move: Protect\n|\n|-weather|SunnyDay|[upkeep]\n|-heal|p1a: Milotic|98/100|[from] item: Leftovers\n|upkeep\n|\n|t:|1775994853\n|switch|p2b: Pelipper|Pelipper, L50, F|100/100\n|-weather|RainDance|[from] ability: Drizzle|[of] p2b: Pelipper\n|turn|3\n|\n|t:|1775994871\n|switch|p1b: Arcanine|Arcanine, L50, F|100/100\n|-ability|p1b: Arcanine|Intimidate|boost\n|-unboost|p2a: Archaludon|atk|1\n|-unboost|p2b: Pelipper|atk|1\n|move|p1a: Milotic|Ice Beam|p2b: Pelipper\n|-damage|p2b: Pelipper|68/100\n|-status|p2b: Pelipper|frz\n|cant|p2b: Pelipper|frz\n|move|p2a: Archaludon|Electro Shot||[still]\n|-prepare|p2a: Archaludon|Electro Shot\n|-boost|p2a: Archaludon|spa|1\n|-anim|p2a: Archaludon|Electro Shot|p1a: Milotic\n|-supereffective|p1a: Milotic|1\n|-damage|p1a: Milotic|45/100\n|\n|-weather|RainDance|[upkeep]\n|-heal|p1a: Milotic|50/100|[from] item: Leftovers\n|upkeep\n|turn|4\n|inactive|AD1010 has 30 seconds left.\n|inactive|AD1010 has 20 seconds left.\n|\n|t:|1775994909\n|switch|p1a: Charizard|Charizard-Mega-Y, L50, M|40/100\n|-weather|SunnyDay|[from] ability: Drought|[of] p1a: Charizard\n|switch|p2b: Scovillain|Scovillain, L50, F|100/100\n|move|p2a: Archaludon|Protect|p2a: Archaludon\n|-singleturn|p2a: Archaludon|Protect\n|move|p1b: Arcanine|Play Rough|p2b: Scovillain\n|-resisted|p2b: Scovillain|1\n|-damage|p2b: Scovillain|85/100\n|\n|-weather|SunnyDay|[upkeep]\n|upkeep\n|turn|5\n|\n|t:|1775994928\n|switch|p1b: Milotic|Milotic, L50, M|50/100\n|switch|p2b: Pelipper|Pelipper, L50, F|68/100 frz\n|-weather|RainDance|[from] ability: Drizzle|[of] p2b: Pelipper\n|move|p1a: Charizard|Heat Wave|p2b: Pelipper|[spread] p2a,p2b\n|-resisted|p2b: Pelipper|1\n|-damage|p2a: Archaludon|54/100\n|-damage|p2b: Pelipper|53/100 frz\n|-status|p2a: Archaludon|brn\n|-ability|p2a: Archaludon|Stamina|boost\n|-boost|p2a: Archaludon|def|1\n|-curestatus|p2b: Pelipper|frz|[msg]\n|move|p2a: Archaludon|Electro Shot||[still]\n|-prepare|p2a: Archaludon|Electro Shot\n|-boost|p2a: Archaludon|spa|1\n|-anim|p2a: Archaludon|Electro Shot|p1a: Charizard\n|-supereffective|p1a: Charizard|1\n|-damage|p1a: Charizard|0 fnt\n|faint|p1a: Charizard\n|\n|-weather|RainDance|[upkeep]\n|-heal|p1b: Milotic|56/100|[from] item: Leftovers\n|-damage|p2a: Archaludon|48/100 brn|[from] brn\n|upkeep\n|\n|t:|1775994948\n|switch|p1a: Arcanine|Arcanine, L50, F|100/100\n|-ability|p1a: Arcanine|Intimidate|boost\n|-unboost|p2a: Archaludon|atk|1\n|-unboost|p2b: Pelipper|atk|1\n|turn|6\n|inactive|keane 4556 has 30 seconds left.\n|inactive|AD1010 has 30 seconds left.\n|\n|t:|1775994989\n|move|p1a: Arcanine|Flare Blitz|p2b: Pelipper\n|-resisted|p2b: Pelipper|1\n|-damage|p2b: Pelipper|38/100\n|-damage|p1a: Arcanine|96/100|[from] Recoil\n|move|p1b: Milotic|Ice Beam|p2a: Archaludon\n|-damage|p2a: Archaludon|23/100 brn\n|-ability|p2a: Archaludon|Stamina|boost\n|-boost|p2a: Archaludon|def|1\n|move|p2b: Pelipper|Tailwind|p2b: Pelipper\n|-sidestart|p2: keane 4556|move: Tailwind\n|move|p2a: Archaludon|Electro Shot||[still]\n|-prepare|p2a: Archaludon|Electro Shot\n|-boost|p2a: Archaludon|spa|1\n|-anim|p2a: Archaludon|Electro Shot|p1b: Milotic\n|-supereffective|p1b: Milotic|1\n|-damage|p1b: Milotic|0 fnt\n|faint|p1b: Milotic\n|\n|-weather|RainDance|[upkeep]\n|-damage|p2a: Archaludon|17/100 brn|[from] brn\n|upkeep\n|turn|7\n|\n|t:|1775995008\n|move|p2b: Pelipper|Water Pulse|p1a: Arcanine\n|-supereffective|p1a: Arcanine|1\n|-crit|p1a: Arcanine\n|-damage|p1a: Arcanine|0 fnt\n|faint|p1a: Arcanine\n|\n|win|keane 4556\n|raw|AD1010's rating: 1000 &rarr; <strong>1000</strong><br />(+0 for losing)\n|raw|keane 4556's rating: 1024 &rarr; <strong>1058</strong><br />(+34 for winning)\n",
  "uploadtime": 1775995025,
  "views": 33,
  "formatid": "gen9championsvgc2026regma",
  "rating": 1000,
  "private": 0,
  "password": null
}