{
  "id": "gen9championsvgc2026regma-2585357686",
  "format": "[Gen 9 Champions] VGC 2026 Reg M-A",
  "players": [
    "Hungiehippopotas",
    "takethephilpill"
  ],
  "log": "|j|\u203dHungiehippopotas\n|j|\u2606takethephilpill\n|t:|1776340990\n|gametype|doubles\n|player|p1|Hungiehippopotas|266|1000\n|player|p2|takethephilpill|#ptplviistarmies|1099\n|gen|9\n|tier|[Gen 9 Champions] VGC 2026 Reg M-A\n|rated|\n|rule|Species Clause: Limit one of each Pok\u00e9mon\n|rule|Item Clause: Limit 1 of each item\n|clearpoke\n|poke|p1|Typhlosion-Hisui, L50, M|\n|poke|p1|Venusaur, L50, M|\n|poke|p1|Garchomp, L50, F|\n|poke|p1|Torkoal, L50, M|\n|poke|p1|Floette-Eternal, L50, F|\n|poke|p1|Aerodactyl, L50, M|\n|poke|p2|Aegislash, L50, M|\n|poke|p2|Sinistcha, L50|\n|poke|p2|Altaria, L50, F|\n|poke|p2|Tauros-Paldea-Aqua, L50, M|\n|poke|p2|Incineroar, L50, F|\n|poke|p2|Pelipper, L50, F|\n|teampreview|4\n|inactive|Battle timer is ON: inactive players will automatically lose when time's up. (requested by takethephilpill)\nHungiehippopotas has agreed to open team sheets.\n|\n|t:|1776341007\n|teamsize|p1|4\n|teamsize|p2|4\n|start\n|switch|p1a: Torkoal|Torkoal, L50, M|100/100\n|switch|p1b: Typhlosion|Typhlosion-Hisui, L50, M|100/100\n|switch|p2a: Altaria|Altaria, L50, F|100/100\n|switch|p2b: Incineroar|Incineroar, L50, F|100/100\n|-ability|p2b: Incineroar|Intimidate|boost\n|-unboost|p1a: Torkoal|atk|1\n|-unboost|p1b: Typhlosion|atk|1\n|-weather|SunnyDay|[from] ability: Drought|[of] p1a: Torkoal\n|turn|1\n|inactive|Hungiehippopotas has 30 seconds left.\n|\n|t:|1776341035\n|switch|p2b: Pelipper|Pelipper, L50, F|100/100\n|-weather|RainDance|[from] ability: Drizzle|[of] p2b: Pelipper\n|detailschange|p2a: Altaria|Altaria-Mega, L50, F\n|-mega|p2a: Altaria|Altaria|Altarianite\n|move|p1b: Typhlosion|Eruption|p2b: Pelipper|[spread] p2a,p2b\n|-resisted|p2a: Altaria|1\n|-resisted|p2b: Pelipper|1\n|-damage|p2a: Altaria|89/100\n|-damage|p2b: Pelipper|78/100\n|move|p2a: Altaria|Dragon Dance|p2a: Altaria\n|-boost|p2a: Altaria|atk|1\n|-boost|p2a: Altaria|spe|1\n|move|p1a: Torkoal|Yawn|p2b: Pelipper\n|-start|p2b: Pelipper|move: Yawn|[of] p1a: Torkoal\n|\n|-weather|RainDance|[upkeep]\n|upkeep\n|turn|2\n|\n|t:|1776341060\n|switch|p1b: Garchomp|Garchomp, L50, F|100/100\n|switch|p2b: Incineroar|Incineroar, L50, F|100/100\n|-ability|p2b: Incineroar|Intimidate|boost\n|-unboost|p1a: Torkoal|atk|1\n|-unboost|p1b: Garchomp|atk|1\n|move|p2a: Altaria|Dragon Claw|p1b: Garchomp\n|-supereffective|p1b: Garchomp|1\n|-damage|p1b: Garchomp|0 fnt\n|-damage|p2a: Altaria|77/100|[from] ability: Rough Skin|[of] p1b: Garchomp\n|faint|p1b: Garchomp\n|move|p1a: Torkoal|Will-O-Wisp|p2a: Altaria|[miss]\n|-miss|p1a: Torkoal|p2a: Altaria\n|\n|-weather|RainDance|[upkeep]\n|upkeep\n|\n|t:|1776341077\n|switch|p1b: Typhlosion|Typhlosion-Hisui, L50, M|100/100\n|turn|3\n|\n|t:|1776341090\n|switch|p1a: Venusaur|Venusaur, L50, M|100/100\n|move|p2b: Incineroar|Fake Out|p1a: Venusaur\n|-damage|p1a: Venusaur|85/100\n|move|p1b: Typhlosion|Shadow Ball|p2a: Altaria\n|-damage|p2a: Altaria|38/100\n|move|p2a: Altaria|Dragon Claw|p1a: Venusaur\n|-damage|p1a: Venusaur|5/100\n|\n|-weather|RainDance|[upkeep]\n|-heal|p1a: Venusaur|11/100|[from] item: Leftovers\n|upkeep\n|turn|4\n|\n|t:|1776341113\n|switch|p1b: Torkoal|Torkoal, L50, M|100/100\n|-weather|SunnyDay|[from] ability: Drought|[of] p1b: Torkoal\n|move|p1a: Venusaur|Sleep Powder|p2a: Altaria\n|-status|p2a: Altaria|slp|[from] move: Sleep Powder\n|cant|p2a: Altaria|slp\n|move|p2b: Incineroar|Crunch|p1b: Torkoal\n|-crit|p1b: Torkoal\n|-damage|p1b: Torkoal|63/100\n|\n|-weather|SunnyDay|[upkeep]\n|-heal|p1a: Venusaur|16/100|[from] item: Leftovers\n|upkeep\n|turn|5\n|inactive|Hungiehippopotas has 30 seconds left.\n|\n|t:|1776341140\n|switch|p2a: Pelipper|Pelipper, L50, F|78/100\n|-weather|RainDance|[from] ability: Drizzle|[of] p2a: Pelipper\n|switch|p1b: Typhlosion|Typhlosion-Hisui, L50, M|100/100\n|move|p1a: Venusaur|Sleep Powder|p2b: Incineroar|[miss]\n|-miss|p1a: Venusaur|p2b: Incineroar\n|move|p2b: Incineroar|Crunch|p1a: Venusaur\n|-crit|p1a: Venusaur\n|-damage|p1a: Venusaur|0 fnt\n|faint|p1a: Venusaur\n|\n|-weather|RainDance|[upkeep]\n|upkeep\n|\n|t:|1776341153\n|switch|p1a: Torkoal|Torkoal, L50, M|63/100\n|-weather|SunnyDay|[from] ability: Drought|[of] p1a: Torkoal\n|turn|6\n|\n|t:|1776341167\n|switch|p2a: Altaria|Altaria-Mega, L50, F|38/100 slp\n|move|p1b: Typhlosion|Eruption|p2b: Incineroar|[spread] p2a,p2b\n|-resisted|p2a: Altaria|1\n|-resisted|p2b: Incineroar|1\n|-damage|p2a: Altaria|0 fnt\n|-damage|p2b: Incineroar|73/100\n|faint|p2a: Altaria\n|move|p2b: Incineroar|Parting Shot|p1b: Typhlosion\n|-unboost|p1b: Typhlosion|atk|1\n|-unboost|p1b: Typhlosion|spa|1\n|\n|t:|1776341170\n|switch|p2b: Pelipper|Pelipper, L50, F|78/100|[from] Parting Shot\n|-weather|RainDance|[from] ability: Drizzle|[of] p2b: Pelipper\n|move|p1a: Torkoal|Solar Beam||[still]\n|-prepare|p1a: Torkoal|Solar Beam\n|\n|-weather|RainDance|[upkeep]\n|upkeep\n|\n|t:|1776341174\n|switch|p2a: Incineroar|Incineroar, L50, F|73/100\n|-ability|p2a: Incineroar|Intimidate|boost\n|-unboost|p1a: Torkoal|atk|1\n|-unboost|p1b: Typhlosion|atk|1\n|turn|7\n|\n|t:|1776341190\n|move|p1b: Typhlosion|Eruption|p2a: Incineroar|[spread] p2a,p2b\n|-resisted|p2a: Incineroar|1\n|-resisted|p2b: Pelipper|1\n|-damage|p2a: Incineroar|67/100\n|-damage|p2b: Pelipper|61/100\n|move|p2b: Pelipper|Muddy Water|p1a: Torkoal|[spread] p1a,p1b\n|-supereffective|p1a: Torkoal|1\n|-supereffective|p1b: Typhlosion|1\n|-damage|p1a: Torkoal|0 fnt\n|-damage|p1b: Typhlosion|0 fnt\n|faint|p1a: Torkoal\n|faint|p1b: Typhlosion\n|\n|win|takethephilpill\n|raw|Hungiehippopotas's rating: 1000 &rarr; <strong>1000</strong><br />(+0 for losing)\n|raw|takethephilpill's rating: 1099 &rarr; <strong>1117</strong><br />(+18 for winning)\n|l|\u203dHungiehippopotas\n|player|p1|\n",
  "uploadtime": 1776341204,
  "views": 27,
  "formatid": "gen9championsvgc2026regma",
  "rating": 1000,
  "private": 0,
  "password": null
}