{
  "id": "gen9championsvgc2026regma-2587643699",
  "format": "[Gen 9 Champions] VGC 2026 Reg M-A",
  "players": [
    "phat shaming vegan",
    "FallenTurtlle"
  ],
  "log": "|j|\u2606phat shaming vegan\n|j|\u2606FallenTurtlle\n|t:|1776549806\n|gametype|doubles\n|player|p1|phat shaming vegan|n|1309\n|player|p2|FallenTurtlle|serena|1252\n|gen|9\n|tier|[Gen 9 Champions] VGC 2026 Reg M-A\n|rated|\n|rule|Species Clause: Limit one of each Pok\u00e9mon\n|rule|Item Clause: Limit 1 of each item\n|clearpoke\n|poke|p1|Scovillain, L50, M|\n|poke|p1|Dragapult, L50, F|\n|poke|p1|Sneasler, L50, M|\n|poke|p1|Kingambit, L50, M|\n|poke|p1|Primarina, L50, F|\n|poke|p1|Aerodactyl, L50, M|\n|poke|p2|Mamoswine, L50, F|\n|poke|p2|Aerodactyl, L50, M|\n|poke|p2|Incineroar, L50, M|\n|poke|p2|Meganium, L50, M, shiny|\n|poke|p2|Pelipper, L50, M|\n|poke|p2|Heliolisk, L50, M, shiny|\n|teampreview|4\n|\n|t:|1776549850\n|teamsize|p1|4\n|teamsize|p2|4\n|start\n|switch|p1a: Aerodactyl|Aerodactyl, L50, M|100/100\n|switch|p1b: Primarina|Primarina, L50, F|100/100\n|switch|p2a: Aerodactyl|Aerodactyl, L50, M|100/100\n|switch|p2b: Mamoswine|Mamoswine, L50, F|100/100\n|-ability|p1a: Aerodactyl|Unnerve\n|-ability|p2a: Aerodactyl|Unnerve\n|turn|1\n|\n|t:|1776549871\n|move|p2b: Mamoswine|Ice Shard|p1a: Aerodactyl\n|-supereffective|p1a: Aerodactyl|1\n|-damage|p1a: Aerodactyl|16/100\n|move|p1a: Aerodactyl|Rock Slide|p2b: Mamoswine|[spread] p2a\n|-miss|p1a: Aerodactyl|p2b: Mamoswine\n|-supereffective|p2a: Aerodactyl|1\n|-damage|p2a: Aerodactyl|16/100\n|move|p2a: Aerodactyl|Tailwind|p2a: Aerodactyl\n|-sidestart|p2: FallenTurtlle|move: Tailwind\n|move|p1b: Primarina|Hyper Voice|p2a: Aerodactyl|[spread] p2a,p2b\n|-supereffective|p2a: Aerodactyl|1\n|-supereffective|p2b: Mamoswine|1\n|-damage|p2a: Aerodactyl|0 fnt\n|-damage|p2b: Mamoswine|34/100\n|faint|p2a: Aerodactyl\n|\n|upkeep\n|\n|t:|1776549883\n|switch|p2a: Meganium|Meganium, L50, M, shiny|100/100\n|turn|2\n|\n|t:|1776549903\n|switch|p1a: Sneasler|Sneasler, L50, M|100/100\n|detailschange|p2a: Meganium|Meganium-Mega, L50, M, shiny\n|-mega|p2a: Meganium|Meganium|Meganiumite\n|move|p1b: Primarina|Protect|p1b: Primarina\n|-singleturn|p1b: Primarina|Protect\n|move|p2b: Mamoswine|Ice Shard|p1a: Sneasler\n|-damage|p1a: Sneasler|55/100\n|move|p2a: Meganium|Solar Beam||[still]\n|-prepare|p2a: Meganium|Solar Beam\n|-activate|p2a: Meganium|ability: Mega Sol\n|-anim|p2a: Meganium|Solar Beam|p1b: Primarina\n|-activate|p1b: Primarina|move: Protect\n|\n|upkeep\n|turn|3\n|\n|t:|1776549936\n|switch|p1b: Scovillain|Scovillain, L50, M|100/100\n|move|p2a: Meganium|Protect|p2a: Meganium\n|-singleturn|p2a: Meganium|Protect\n|move|p1a: Sneasler|Fake Out|p2b: Mamoswine\n|-damage|p2b: Mamoswine|17/100\n|cant|p2b: Mamoswine|flinch\n|\n|-ability|p1b: Scovillain|Moody|boost\n|-boost|p1b: Scovillain|spd|2\n|-unboost|p1b: Scovillain|spa|1\n|upkeep\n|turn|4\n|\n|t:|1776549961\n|detailschange|p1b: Scovillain|Scovillain-Mega, L50, M\n|-mega|p1b: Scovillain|Scovillain|Scovillainite\n|move|p1a: Sneasler|Protect|p1a: Sneasler\n|-singleturn|p1a: Sneasler|Protect\n|move|p2a: Meganium|Weather Ball|p1a: Sneasler\n|-activate|p1a: Sneasler|move: Protect\n|move|p2b: Mamoswine|Icicle Crash|p1b: Scovillain\n|-damage|p1b: Scovillain|12/100\n|-status|p2b: Mamoswine|brn|[from] ability: Spicy Spray|[of] p1b: Scovillain\n|move|p1b: Scovillain|Overheat|p2b: Mamoswine\n|-supereffective|p2b: Mamoswine|1\n|-damage|p2b: Mamoswine|0 fnt\n|-unboost|p1b: Scovillain|spa|2\n|faint|p2b: Mamoswine\n|\n|-sideend|p2: FallenTurtlle|move: Tailwind\n|upkeep\n|\n|t:|1776549967\n|switch|p2b: Incineroar|Incineroar, L50, M|100/100\n|-ability|p2b: Incineroar|Intimidate|boost\n|-unboost|p1a: Sneasler|atk|1\n|-unboost|p1b: Scovillain|atk|1\n|-enditem|p1a: Sneasler|White Herb\n|-clearnegativeboost|p1a: Sneasler|[silent]\n|turn|5\n|\n|t:|1776550001\n|switch|p1a: Aerodactyl|Aerodactyl, L50, M|16/100\n|-ability|p1a: Aerodactyl|Unnerve\n|move|p2b: Incineroar|Fake Out|p1a: Aerodactyl\n|-resisted|p1a: Aerodactyl|1\n|-damage|p1a: Aerodactyl|8/100\n|move|p1b: Scovillain|Overheat|p2a: Meganium\n|-supereffective|p2a: Meganium|1\n|-damage|p2a: Meganium|52/100\n|-unboost|p1b: Scovillain|spa|2\n|move|p2a: Meganium|Dazzling Gleam|p1b: Scovillain|[spread] p1a,p1b\n|-resisted|p1b: Scovillain|1\n|-damage|p1a: Aerodactyl|0 fnt\n|-damage|p1b: Scovillain|0 fnt\n|-status|p2a: Meganium|brn|[from] ability: Spicy Spray|[of] p1b: Scovillain\n|faint|p1a: Aerodactyl\n|faint|p1b: Scovillain\n|\n|-damage|p2a: Meganium|46/100 brn|[from] brn\n|upkeep\n|\n|t:|1776550021\n|switch|p1a: Sneasler|Sneasler, L50, M|55/100\n|switch|p1b: Primarina|Primarina, L50, F|100/100\n|turn|6\n|\n|t:|1776550035\n|move|p1a: Sneasler|Dire Claw|p2a: Meganium\n|-supereffective|p2a: Meganium|2\n|-damage|p2a: Meganium|0 fnt\n|faint|p2a: Meganium\n|move|p2b: Incineroar|Snarl|p1a: Sneasler|[spread] p1a,p1b\n|-resisted|p1a: Sneasler|1\n|-resisted|p1b: Primarina|1\n|-damage|p1a: Sneasler|47/100\n|-damage|p1b: Primarina|96/100\n|-unboost|p1a: Sneasler|spa|1\n|-unboost|p1b: Primarina|spa|1\n|move|p1b: Primarina|Hyper Voice|p2b: Incineroar\n|-supereffective|p2b: Incineroar|1\n|-damage|p2b: Incineroar|58/100\n|\n|-heal|p2b: Incineroar|64/100|[from] item: Leftovers\n|-heal|p1b: Primarina|100/100|[from] item: Leftovers\n|upkeep\n|turn|7\n|\n|t:|1776550052\n|move|p1a: Sneasler|Close Combat|p2b: Incineroar\n|-supereffective|p2b: Incineroar|1\n|-damage|p2b: Incineroar|0 fnt\n|-unboost|p1a: Sneasler|def|1\n|-unboost|p1a: Sneasler|spd|1\n|faint|p2b: Incineroar\n|\n|win|phat shaming vegan\n|raw|phat shaming vegan's rating: 1309 &rarr; <strong>1326</strong><br />(+17 for winning)\n|raw|FallenTurtlle's rating: 1252 &rarr; <strong>1231</strong><br />(-21 for losing)\n",
  "uploadtime": 1776550052,
  "views": 17,
  "formatid": "gen9championsvgc2026regma",
  "rating": 1231,
  "private": 0,
  "password": null
}