{
  "id": "gen9championsvgc2026regma-2586368081",
  "format": "[Gen 9 Champions] VGC 2026 Reg M-A",
  "players": [
    "soolerwtf",
    "Ghostkller"
  ],
  "log": "|j|\u2606soolerwtf\n|j|\u2606Ghostkller\n|t:|1776429377\n|gametype|doubles\n|player|p1|soolerwtf|101|1195\n|player|p2|Ghostkller|2|1132\n|gen|9\n|tier|[Gen 9 Champions] VGC 2026 Reg M-A\n|rated|\n|rule|Species Clause: Limit one of each Pok\u00e9mon\n|rule|Item Clause: Limit 1 of each item\n|clearpoke\n|poke|p1|Torterra, L50, F|\n|poke|p1|Hippowdon, L50, M|\n|poke|p1|Excadrill, L50, F|\n|poke|p1|Gyarados, L50, F|\n|poke|p1|Incineroar, L50, F|\n|poke|p1|Banette, L50, F|\n|poke|p2|Hatterene, L50, F|\n|poke|p2|Kangaskhan, L50, F|\n|poke|p2|Crabominable, L50, F|\n|poke|p2|Torkoal, L50, M|\n|poke|p2|Farigiraf, L50, M|\n|poke|p2|Meowstic, L50, M|\n|teampreview|4\n|inactive|Battle timer is ON: inactive players will automatically lose when time's up. (requested by Ghostkller)\n|inactive|soolerwtf has 60 seconds left.\n|inactive|Ghostkller has 60 seconds left.\n|\n|t:|1776429440\n|teamsize|p1|4\n|teamsize|p2|4\n|start\n|switch|p1a: Gyarados|Gyarados, L50, F|100/100\n|switch|p1b: Incineroar|Incineroar, L50, F|100/100\n|switch|p2a: Meowstic|Meowstic, L50, M|100/100\n|switch|p2b: Kangaskhan|Kangaskhan, L50, F|100/100\n|-ability|p1a: Gyarados|Intimidate|boost\n|-unboost|p2a: Meowstic|atk|1\n|-fail|p2b: Kangaskhan|unboost|Attack|[from] ability: Scrappy|[of] p2b: Kangaskhan\n|-ability|p1b: Incineroar|Intimidate|boost\n|-unboost|p2a: Meowstic|atk|1\n|-fail|p2b: Kangaskhan|unboost|Attack|[from] ability: Scrappy|[of] p2b: Kangaskhan\n|turn|1\n|inactive|Ghostkller has 30 seconds left.\n|inactive|Ghostkller has 20 seconds left.\n|inactive|Ghostkller has 15 seconds left.\n|\n|t:|1776429484\n|switch|p1a: Hippowdon|Hippowdon, L50, M|100/100\n|-weather|Sandstorm|[from] ability: Sand Stream|[of] p1a: Hippowdon\n|detailschange|p2b: Kangaskhan|Kangaskhan-Mega, L50, F\n|-mega|p2b: Kangaskhan|Kangaskhan|Kangaskhanite\n|move|p2b: Kangaskhan|Hammer Arm|p1b: Incineroar\n|-supereffective|p1b: Incineroar|1\n|-enditem|p1b: Incineroar|Chople Berry|[eat]\n|-enditem|p1b: Incineroar|Chople Berry|[weaken]\n|-damage|p1b: Incineroar|68/100\n|-unboost|p2b: Kangaskhan|spe|1\n|-supereffective|p1b: Incineroar|1\n|-damage|p1b: Incineroar|52/100\n|-unboost|p2b: Kangaskhan|spe|1\n|-hitcount|p1b: Incineroar|2\n|move|p1b: Incineroar|Throat Chop|p2a: Meowstic\n|-supereffective|p2a: Meowstic|1\n|-damage|p2a: Meowstic|35/100\n|-start|p2a: Meowstic|Throat Chop|[silent]\n|move|p2a: Meowstic|Trick Room|p2a: Meowstic\n|-fieldstart|move: Trick Room|[of] p2a: Meowstic\n|\n|-weather|Sandstorm|[upkeep]\n|-damage|p2b: Kangaskhan|94/100|[from] Sandstorm\n|-damage|p1b: Incineroar|46/100|[from] Sandstorm\n|-damage|p2a: Meowstic|29/100|[from] Sandstorm\n|upkeep\n|turn|2\n|inactive|Ghostkller has 30 seconds left.\n|\n|t:|1776429512\n|switch|p1b: Gyarados|Gyarados, L50, F|100/100\n|-ability|p1b: Gyarados|Intimidate|boost\n|-unboost|p2a: Meowstic|atk|1\n|-unboost|p2b: Kangaskhan|atk|1\n|move|p2a: Meowstic|Psychic Terrain|p2a: Meowstic\n|-fieldstart|move: Psychic Terrain\n|move|p2b: Kangaskhan|Hammer Arm|p1b: Gyarados\n|-resisted|p1b: Gyarados|1\n|-damage|p1b: Gyarados|86/100\n|-unboost|p2b: Kangaskhan|spe|1\n|-resisted|p1b: Gyarados|1\n|-damage|p1b: Gyarados|82/100\n|-unboost|p2b: Kangaskhan|spe|1\n|-hitcount|p1b: Gyarados|2\n|move|p1a: Hippowdon|Yawn|p2b: Kangaskhan\n|-start|p2b: Kangaskhan|move: Yawn|[of] p1a: Hippowdon\n|\n|-weather|Sandstorm|[upkeep]\n|-damage|p2b: Kangaskhan|88/100|[from] Sandstorm\n|-damage|p2a: Meowstic|23/100|[from] Sandstorm\n|-damage|p1b: Gyarados|76/100|[from] Sandstorm\n|-end|p2a: Meowstic|Throat Chop|[silent]\n|upkeep\n|turn|3\n|\n|t:|1776429535\n|switch|p2b: Torkoal|Torkoal, L50, M|100/100\n|-weather|SunnyDay|[from] ability: Drought|[of] p2b: Torkoal\n|switch|p1b: Incineroar|Incineroar, L50, F|46/100\n|-ability|p1b: Incineroar|Intimidate|boost\n|-unboost|p2a: Meowstic|atk|1\n|-unboost|p2b: Torkoal|atk|1\n|move|p1a: Hippowdon|Sand Tomb|p2a: Meowstic\n|-damage|p2a: Meowstic|10/100\n|-activate|p2a: Meowstic|move: Sand Tomb|[of] p1a: Hippowdon\n|move|p2a: Meowstic|Expanding Force|p1a: Hippowdon|[spread] p1a\n|-immune|p1b: Incineroar\n|-damage|p1a: Hippowdon|67/100\n|\n|-weather|SunnyDay|[upkeep]\n|-damage|p2a: Meowstic|0 fnt|[from] move: Sand Tomb|[partiallytrapped]\n|faint|p2a: Meowstic\n|upkeep\n|\n|t:|1776429552\n|switch|p2a: Crabominable|Crabominable, L50, F|100/100\n|turn|4\n|\n|t:|1776429570\n|move|p1a: Hippowdon|Protect|p1a: Hippowdon\n|-singleturn|p1a: Hippowdon|Protect\n|move|p2b: Torkoal|Eruption|p1a: Hippowdon|[spread] p1b\n|-activate|p1a: Hippowdon|move: Protect\n|-resisted|p1b: Incineroar|1\n|-damage|p1b: Incineroar|11/100\n|move|p2a: Crabominable|Thunder Punch|p1b: Incineroar\n|-damage|p1b: Incineroar|0 fnt\n|faint|p1b: Incineroar\n|\n|-weather|SunnyDay|[upkeep]\n|upkeep\n|\n|t:|1776429578\n|switch|p1b: Gyarados|Gyarados, L50, F|76/100\n|-ability|p1b: Gyarados|Intimidate|boost\n|-unboost|p2a: Crabominable|atk|1\n|-unboost|p2b: Torkoal|atk|1\n|turn|5\n|\n|t:|1776429593\n|move|p1a: Hippowdon|Protect||[still]\n|-fail|p1a: Hippowdon\n|move|p1b: Gyarados|Protect|p1b: Gyarados\n|-singleturn|p1b: Gyarados|Protect\n|move|p2b: Torkoal|Eruption|p1a: Hippowdon|[spread] p1a\n|-activate|p1b: Gyarados|move: Protect\n|-crit|p1a: Hippowdon\n|-damage|p1a: Hippowdon|0 fnt\n|faint|p1a: Hippowdon\n|move|p2a: Crabominable|Thunder Punch|p1b: Gyarados\n|-activate|p1b: Gyarados|move: Protect\n|\n|-weather|SunnyDay|[upkeep]\n|-fieldend|move: Trick Room\n|upkeep\n|\n|t:|1776429598\n|switch|p1a: Banette|Banette, L50, F|100/100\n|turn|6\n|\n|t:|1776429614\n|move|p1b: Gyarados|Protect||[still]\n|-fail|p1b: Gyarados\n|move|p1a: Banette|Disable|p2b: Torkoal\n|-start|p2b: Torkoal|Disable|Eruption\n|move|p2a: Crabominable|Thunder Punch|p1b: Gyarados\n|-supereffective|p1b: Gyarados|2\n|-damage|p1b: Gyarados|0 fnt\n|faint|p1b: Gyarados\n|move|p2b: Torkoal|Weather Ball|p1a: Banette\n|-damage|p1a: Banette|0 fnt\n|faint|p1a: Banette\n|\n|win|Ghostkller\n|raw|soolerwtf's rating: 1195 &rarr; <strong>1166</strong><br />(-29 for losing)\n|raw|Ghostkller's rating: 1132 &rarr; <strong>1161</strong><br />(+29 for winning)\n|l|\u2606soolerwtf\n|player|p1|\n",
  "uploadtime": 1776429628,
  "views": 34,
  "formatid": "gen9championsvgc2026regma",
  "rating": 1161,
  "private": 0,
  "password": null
}