{
  "id": "gen9championsvgc2026regma-2580672979",
  "format": "[Gen 9 Champions] VGC 2026 Reg M-A",
  "players": [
    "huhwehuwe",
    "lolgz"
  ],
  "log": "|j|\u2606huhwehuwe\n|j|\u2606lolgz\n|t:|1775923158\n|gametype|doubles\n|player|p1|huhwehuwe|1|1146\n|player|p2|lolgz|265|1147\n|gen|9\n|tier|[Gen 9 Champions] VGC 2026 Reg M-A\n|rated|\n|rule|Species Clause: Limit one of each Pok\u00e9mon\n|rule|Item Clause: Limit 1 of each item\n|clearpoke\n|poke|p1|Incineroar, L50, M|\n|poke|p1|Palafin, L50, F|\n|poke|p1|Sinistcha, L50|\n|poke|p1|Floette-Eternal, L50, F|\n|poke|p1|Aegislash, L50, F|\n|poke|p1|Aerodactyl, L50, F|\n|poke|p2|Charizard, L50, M|\n|poke|p2|Whimsicott, L50, M|\n|poke|p2|Basculegion, L50, M|\n|poke|p2|Farigiraf, L50, M|\n|poke|p2|Sneasler, L50, M|\n|poke|p2|Floette-Eternal, L50, F|\n|teampreview|4\n|inactive|Battle timer is ON: inactive players will automatically lose when time's up. (requested by huhwehuwe)\n|\n|t:|1775923179\n|teamsize|p1|4\n|teamsize|p2|4\n|start\n|switch|p1a: Aerodactyl|Aerodactyl, L50, F|100/100\n|switch|p1b: Palafin|Palafin, L50, F|100/100\n|switch|p2a: Whimsicott|Whimsicott, L50, M|100/100\n|switch|p2b: Basculegion|Basculegion, L50, M|100/100\n|-ability|p1a: Aerodactyl|Unnerve\n|turn|1\n|inactive|huhwehuwe has 30 seconds left.\n|inactive|lolgz has 30 seconds left.\n|\n|t:|1775923206\n|detailschange|p1b: Palafin|Palafin-Hero, L50, F\n|switch|p1b: Floette|Floette-Eternal, L50, F|100/100\n|move|p2a: Whimsicott|Tailwind|p2a: Whimsicott\n|-sidestart|p2: lolgz|move: Tailwind\n|move|p2b: Basculegion|Flip Turn|p1a: Aerodactyl\n|-supereffective|p1a: Aerodactyl|1\n|-enditem|p1a: Aerodactyl|Focus Sash\n|-damage|p1a: Aerodactyl|1/100\n|\n|t:|1775923216\n|switch|p2b: Floette|Floette-Eternal, L50, F|100/100|[from] Flip Turn\n|move|p1a: Aerodactyl|Tailwind|p1a: Aerodactyl\n|-sidestart|p1: huhwehuwe|move: Tailwind\n|\n|upkeep\n|turn|2\n|\n|t:|1775923231\n|detailschange|p2b: Floette|Floette-Mega, L50, F\n|-mega|p2b: Floette|Floette|Floettite\n|-ability|p2b: Floette|Fairy Aura\n|detailschange|p1b: Floette|Floette-Mega, L50, F\n|-mega|p1b: Floette|Floette|Floettite\n|-ability|p1b: Floette|Fairy Aura\n|move|p2a: Whimsicott|Encore|p1a: Aerodactyl\n|-start|p1a: Aerodactyl|Encore\n|move|p1a: Aerodactyl|Tailwind||[still]\n|-fail|p1a: Aerodactyl\n|move|p2b: Floette|Moonblast|p1b: Floette\n|-damage|p1b: Floette|49/100\n|-unboost|p1b: Floette|spa|1\n|move|p1b: Floette|Calm Mind|p1b: Floette\n|-boost|p1b: Floette|spa|1\n|-boost|p1b: Floette|spd|1\n|\n|upkeep\n|turn|3\n|inactive|huhwehuwe has 30 seconds left.\n|\n|t:|1775923257\n|switch|p1a: Incineroar|Incineroar, L50, M|100/100\n|-ability|p1a: Incineroar|Intimidate|boost\n|-unboost|p2a: Whimsicott|atk|1\n|-unboost|p2b: Floette|atk|1\n|move|p1b: Floette|Protect|p1b: Floette\n|-singleturn|p1b: Floette|Protect\n|move|p2a: Whimsicott|Moonblast|p1b: Floette\n|-activate|p1b: Floette|move: Protect\n|move|p2b: Floette|Dazzling Gleam|p1b: Floette|[spread] p1a\n|-activate|p1b: Floette|move: Protect\n|-damage|p1a: Incineroar|53/100\n|\n|upkeep\n|turn|4\n|\n|t:|1775923281\n|switch|p1b: Palafin|Palafin-Hero, L50, F|100/100\n|-activate|p1b: Palafin|ability: Zero to Hero\n|move|p1a: Incineroar|Fake Out|p2b: Floette\n|-damage|p2b: Floette|83/100\n|move|p2a: Whimsicott|Encore||[still]\n|-fail|p2a: Whimsicott\n|cant|p2b: Floette|flinch\n|\n|-sideend|p2: lolgz|move: Tailwind\n|-sideend|p1: huhwehuwe|move: Tailwind\n|upkeep\n|turn|5\n|\n|t:|1775923297\n|switch|p1a: Aerodactyl|Aerodactyl, L50, F|1/100\n|-ability|p1a: Aerodactyl|Unnerve\n|move|p2a: Whimsicott|Sunny Day|p2a: Whimsicott\n|-weather|SunnyDay\n|move|p2b: Floette|Light of Ruin|p1b: Palafin\n|-damage|p1b: Palafin|0 fnt\n|faint|p1b: Palafin\n|-damage|p2b: Floette|13/100|[from] Recoil\n|\n|-weather|SunnyDay|[upkeep]\n|upkeep\n|\n|t:|1775923307\n|switch|p1b: Floette|Floette-Mega, L50, F|49/100\n|-ability|p1b: Floette|Fairy Aura\n|turn|6\n|\n|t:|1775923322\n|move|p2b: Floette|Protect|p2b: Floette\n|-singleturn|p2b: Floette|Protect\n|move|p1a: Aerodactyl|Tailwind|p1a: Aerodactyl\n|-sidestart|p1: huhwehuwe|move: Tailwind\n|move|p1b: Floette|Dazzling Gleam|p2a: Whimsicott|[spread] p2a\n|-activate|p2b: Floette|move: Protect\n|-damage|p2a: Whimsicott|17/100\n|move|p2a: Whimsicott|Moonblast|p1a: Aerodactyl\n|-damage|p1a: Aerodactyl|0 fnt\n|faint|p1a: Aerodactyl\n|\n|-weather|SunnyDay|[upkeep]\n|upkeep\n|\n|t:|1775923338\n|switch|p1a: Incineroar|Incineroar, L50, M|53/100\n|-ability|p1a: Incineroar|Intimidate|boost\n|-unboost|p2a: Whimsicott|atk|1\n|-unboost|p2b: Floette|atk|1\n|turn|7\n|\n|t:|1775923347\n|switch|p2a: Sneasler|Sneasler, L50, M|100/100\n|move|p1a: Incineroar|Fake Out|p2a: Sneasler\n|-damage|p2a: Sneasler|78/100\n|move|p1b: Floette|Dazzling Gleam|p2a: Sneasler|[spread] p2a,p2b\n|-damage|p2a: Sneasler|16/100\n|-damage|p2b: Floette|0 fnt\n|faint|p2b: Floette\n|\n|-weather|SunnyDay|[upkeep]\n|upkeep\n|\n|t:|1775923360\n|switch|p2b: Basculegion|Basculegion, L50, M|100/100\n|turn|8\n|\n|t:|1775923376\n|move|p1b: Floette|Dazzling Gleam|p2a: Sneasler|[spread] p2a,p2b\n|-damage|p2a: Sneasler|0 fnt\n|-damage|p2b: Basculegion|46/100\n|faint|p2a: Sneasler\n|move|p2b: Basculegion|Wave Crash|p1b: Floette\n|-damage|p1b: Floette|4/100\n|-damage|p2b: Basculegion|33/100|[from] Recoil\n|move|p1a: Incineroar|Darkest Lariat|p2b: Basculegion\n|-supereffective|p2b: Basculegion|1\n|-damage|p2b: Basculegion|0 fnt\n|faint|p2b: Basculegion\n|\n|-weather|SunnyDay|[upkeep]\n|upkeep\n|-message|lolgz forfeited.\n|\n|win|huhwehuwe\n|raw|huhwehuwe's rating: 1146 &rarr; <strong>1171</strong><br />(+25 for winning)\n|raw|lolgz's rating: 1147 &rarr; <strong>1122</strong><br />(-25 for losing)\n",
  "uploadtime": 1775923382,
  "views": 15,
  "formatid": "gen9championsvgc2026regma",
  "rating": 1122,
  "private": 0,
  "password": null
}