{
  "id": "gen9championsvgc2026regma-2581323592",
  "format": "[Gen 9 Champions] VGC 2026 Reg M-A",
  "players": [
    "silvermagicianvgc",
    "SpiderKash"
  ],
  "log": "|j|\u2606silvermagicianvgc\n|j|\u2606SpiderKash\n|t:|1775986653\n|gametype|doubles\n|player|p1|silvermagicianvgc|silver|1366\n|player|p2|SpiderKash|170|1457\n|gen|9\n|tier|[Gen 9 Champions] VGC 2026 Reg M-A\n|rated|\n|rule|Species Clause: Limit one of each Pok\u00e9mon\n|rule|Item Clause: Limit 1 of each item\n|clearpoke\n|poke|p1|Floette-Eternal, L50, F|\n|poke|p1|Garchomp, L50, F|\n|poke|p1|Aerodactyl, L50, M|\n|poke|p1|Incineroar, L50, M|\n|poke|p1|Milotic, L50, F|\n|poke|p1|Sinistcha, L50|\n|poke|p2|Hawlucha, L50, F|\n|poke|p2|Snorlax, L50, F|\n|poke|p2|Sinistcha, L50|\n|poke|p2|Incineroar, L50, F|\n|poke|p2|Kleavor, L50, F|\n|poke|p2|Milotic, L50, F|\n|teampreview|4\n|inactive|Battle timer is ON: inactive players will automatically lose when time's up. (requested by SpiderKash)\n|\n|t:|1775986701\n|teamsize|p1|4\n|teamsize|p2|4\n|start\n|switch|p1a: Incineroar|Incineroar, L50, M|100/100\n|switch|p1b: Floette|Floette-Eternal, L50, F, shiny|100/100\n|switch|p2a: Incineroar|Incineroar, L50, F|100/100\n|switch|p2b: Milotic|Milotic, L50, F|100/100\n|-ability|p2a: Incineroar|Intimidate|boost\n|-unboost|p1a: Incineroar|atk|1\n|-unboost|p1b: Floette|atk|1\n|-ability|p1a: Incineroar|Intimidate|boost\n|-unboost|p2a: Incineroar|atk|1\n|-unboost|p2b: Milotic|atk|1\n|-ability|p2b: Milotic|Competitive|boost\n|-boost|p2b: Milotic|spa|2\n|turn|1\n|j| gE1xjZRtuhW2DdT0AK\n|j| whitetimeshadow\n|\n|t:|1775986722\n|detailschange|p1b: Floette|Floette-Mega, L50, F, shiny\n|-mega|p1b: Floette|Floette|Floettite\n|-ability|p1b: Floette|Fairy Aura\n|move|p1a: Incineroar|Fake Out|p2b: Milotic\n|-damage|p2b: Milotic|93/100\n|move|p2a: Incineroar|Fake Out|p1b: Floette\n|-damage|p1b: Floette|93/100\n|cant|p1b: Floette|flinch\n|cant|p2b: Milotic|flinch\n|\n|-heal|p2b: Milotic|99/100|[from] item: Leftovers\n|upkeep\n|turn|2\n|l| whitetimeshadow\n|inactive|silvermagicianvgc has 30 seconds left.\n|\n|t:|1775986749\n|switch|p1b: Milotic|Milotic, L50, F, shiny|100/100\n|switch|p1a: Sinistcha|Sinistcha, L50|100/100\n|move|p2b: Milotic|Coil|p2b: Milotic\n|-boost|p2b: Milotic|atk|1\n|-boost|p2b: Milotic|def|1\n|-boost|p2b: Milotic|accuracy|1\n|move|p2a: Incineroar|Parting Shot|p1b: Milotic\n|-unboost|p1b: Milotic|atk|1\n|-ability|p1b: Milotic|Competitive|boost\n|-boost|p1b: Milotic|spa|2\n|-unboost|p1b: Milotic|spa|1\n|-ability|p1b: Milotic|Competitive|boost\n|-boost|p1b: Milotic|spa|2\n|\n|t:|1775986757\n|switch|p2a: Snorlax|Snorlax, L50, F|100/100|[from] Parting Shot\n|\n|-heal|p2b: Milotic|100/100|[from] item: Leftovers\n|upkeep\n|turn|3\n|\n|t:|1775986779\n|move|p1a: Sinistcha|Rage Powder|p1a: Sinistcha\n|-singleturn|p1a: Sinistcha|move: Rage Powder\n|move|p2b: Milotic|Coil|p2b: Milotic\n|-boost|p2b: Milotic|atk|1\n|-boost|p2b: Milotic|def|1\n|-boost|p2b: Milotic|accuracy|1\n|move|p1b: Milotic|Scald|p2b: Milotic\n|-resisted|p2b: Milotic|1\n|-damage|p2b: Milotic|71/100\n|move|p2a: Snorlax|Yawn|p1a: Sinistcha\n|-start|p1a: Sinistcha|move: Yawn|[of] p2a: Snorlax\n|\n|-heal|p2b: Milotic|77/100|[from] item: Leftovers\n|upkeep\n|turn|4\n|\n|t:|1775986799\n|switch|p1a: Incineroar|Incineroar, L50, M|100/100\n|-ability|p1a: Incineroar|Intimidate|boost\n|-unboost|p2a: Snorlax|atk|1\n|-unboost|p2b: Milotic|atk|1\n|-ability|p2b: Milotic|Competitive|boost\n|-boost|p2b: Milotic|spa|2\n|move|p1b: Milotic|Protect|p1b: Milotic\n|-singleturn|p1b: Milotic|Protect\n|move|p2b: Milotic|Hypnosis|p1b: Milotic\n|-activate|p1b: Milotic|move: Protect\n|move|p2a: Snorlax|Yawn|p1a: Incineroar\n|-start|p1a: Incineroar|move: Yawn|[of] p2a: Snorlax\n|\n|-heal|p2b: Milotic|83/100|[from] item: Leftovers\n|upkeep\n|turn|5\n|inactive|silvermagicianvgc has 30 seconds left.\n|\n|t:|1775986824\n|move|p1a: Incineroar|Fake Out|p2b: Milotic\n|-damage|p2b: Milotic|77/100\n|cant|p2b: Milotic|flinch\n|move|p1b: Milotic|Scald|p2a: Snorlax\n|-damage|p2a: Snorlax|45/100\n|-status|p2a: Snorlax|brn\n|-enditem|p2a: Snorlax|Sitrus Berry|[eat]\n|-heal|p2a: Snorlax|70/100 brn|[from] item: Sitrus Berry\n|move|p2a: Snorlax|Yawn|p1b: Milotic\n|-start|p1b: Milotic|move: Yawn|[of] p2a: Snorlax\n|\n|-heal|p2b: Milotic|83/100|[from] item: Leftovers\n|-damage|p2a: Snorlax|64/100 brn|[from] brn\n|-end|p1a: Incineroar|move: Yawn|[silent]\n|-status|p1a: Incineroar|slp\n|upkeep\n|turn|6\n|inactive|silvermagicianvgc has 30 seconds left.\n|\n|t:|1775986851\n|move|p2b: Milotic|Scald|p1a: Incineroar\n|-supereffective|p1a: Incineroar|1\n|-damage|p1a: Incineroar|0 fnt\n|faint|p1a: Incineroar\n|move|p1b: Milotic|Scald|p2b: Milotic\n|-resisted|p2b: Milotic|1\n|-crit|p2b: Milotic\n|-damage|p2b: Milotic|33/100\n|move|p2a: Snorlax|Yawn||[still]\n|-fail|p2a: Snorlax\n|\n|-heal|p2b: Milotic|39/100|[from] item: Leftovers\n|-damage|p2a: Snorlax|58/100 brn|[from] brn\n|-end|p1b: Milotic|move: Yawn|[silent]\n|-status|p1b: Milotic|slp\n|upkeep\n|\n|t:|1775986864\n|switch|p1a: Floette|Floette-Mega, L50, F, shiny|93/100\n|-ability|p1a: Floette|Fairy Aura\n|turn|7\n|\n|t:|1775986887\n|switch|p2a: Hawlucha|Hawlucha, L50, F|100/100\n|move|p1a: Floette|Moonblast|p2b: Milotic\n|-damage|p2b: Milotic|0 fnt\n|faint|p2b: Milotic\n|cant|p1b: Milotic|slp\n|\n|upkeep\n|\n|t:|1775986891\n|switch|p2b: Snorlax|Snorlax, L50, F|58/100 brn\n|turn|8\n|\n|t:|1775986907\n|detailschange|p2a: Hawlucha|Hawlucha-Mega, L50, F\n|-mega|p2a: Hawlucha|Hawlucha|Hawluchanite\n|move|p2a: Hawlucha|Entrainment|p2b: Snorlax\n|-ability|p2b: Snorlax|No Guard|Thick Fat|[from] move: Entrainment|[of] p2a: Hawlucha\n|move|p1a: Floette|Dazzling Gleam|p2b: Snorlax|[spread] p2a,p2b\n|-supereffective|p2a: Hawlucha|1\n|-damage|p2a: Hawlucha|0 fnt\n|-damage|p2b: Snorlax|27/100 brn\n|faint|p2a: Hawlucha\n|cant|p1b: Milotic|slp\n|move|p2b: Snorlax|Fissure|p1b: Milotic\n|-damage|p1b: Milotic|0 fnt\n|faint|p1b: Milotic\n|-ohko\n|\n|-damage|p2b: Snorlax|21/100 brn|[from] brn\n|upkeep\n|\n|t:|1775986922\n|switch|p2a: Incineroar|Incineroar, L50, F|100/100\n|switch|p1b: Sinistcha|Sinistcha, L50|100/100\n|-ability|p2a: Incineroar|Intimidate|boost\n|-unboost|p1a: Floette|atk|1\n|-unboost|p1b: Sinistcha|atk|1\n|-heal|p1a: Floette|100/100|[from] ability: Hospitality|[of] p1b: Sinistcha\n|turn|9\n|\n|t:|1775986931\n|move|p1a: Floette|Protect|p1a: Floette\n|-singleturn|p1a: Floette|Protect\n|move|p2a: Incineroar|Fake Out|p1a: Floette\n|-activate|p1a: Floette|move: Protect\n|move|p1b: Sinistcha|Matcha Gotcha|p2a: Incineroar|[spread] p2a,p2b\n|-resisted|p2a: Incineroar|1\n|-damage|p2a: Incineroar|91/100\n|-damage|p2b: Snorlax|6/100 brn\n|move|p2b: Snorlax|Fissure|p1b: Sinistcha\n|-damage|p1b: Sinistcha|0 fnt\n|faint|p1b: Sinistcha\n|-ohko\n|\n|-damage|p2b: Snorlax|0 fnt|[from] brn\n|faint|p2b: Snorlax\n|upkeep\n|turn|10\n|\n|t:|1775986947\n|move|p1a: Floette|Moonblast|p2a: Incineroar\n|-damage|p2a: Incineroar|33/100\n|move|p2a: Incineroar|Flare Blitz|p1a: Floette\n|-damage|p1a: Floette|50/100\n|-status|p1a: Floette|brn\n|-damage|p2a: Incineroar|18/100|[from] Recoil\n|\n|-damage|p1a: Floette|44/100 brn|[from] brn\n|upkeep\n|turn|11\n|\n|t:|1775986957\n|move|p1a: Floette|Moonblast|p2a: Incineroar\n|-damage|p2a: Incineroar|0 fnt\n|faint|p2a: Incineroar\n|\n|win|silvermagicianvgc\n|raw|silvermagicianvgc's rating: 1366 &rarr; <strong>1391</strong><br />(+25 for winning)\n|raw|SpiderKash's rating: 1457 &rarr; <strong>1432</strong><br />(-25 for losing)\n|l|\u2606silvermagicianvgc\n|player|p1|\n|l|\u2606SpiderKash\n|player|p2|\n",
  "uploadtime": 1775986989,
  "views": 51,
  "formatid": "gen9championsvgc2026regma",
  "rating": 1391,
  "private": 0,
  "password": null
}