{
  "id": "gen9championsvgc2026regma-2582139922",
  "format": "[Gen 9 Champions] VGC 2026 Reg M-A",
  "players": [
    "Beada64",
    "lolgz"
  ],
  "log": "|j|\u2606Beada64\n|j|\u2606lolgz\n|t:|1776063133\n|gametype|doubles\n|player|p1|Beada64|acetrainer-gen4dp|\n|player|p2|lolgz|266|\n|gen|9\n|tier|[Gen 9 Champions] VGC 2026 Reg M-A\n|rated|Tournament battle\n|rule|Species Clause: Limit one of each Pok\u00e9mon\n|rule|Item Clause: Limit 1 of each item\n|raw|<div class=\"infobox\"><details class=\"readmore\" open><summary><strong>1 custom rule:</strong></summary> Force Open Team Sheets</details></div>\n|clearpoke\n|poke|p1|Lopunny, L50, M|\n|poke|p1|Pelipper, L50, F|\n|poke|p1|Archaludon, L50, F|\n|poke|p1|Palafin, L50, F|\n|poke|p1|Meganium, L50, M|\n|poke|p1|Basculegion, L50, M|\n|poke|p2|Charizard, L50, M|\n|poke|p2|Whimsicott, L50, F|\n|poke|p2|Garchomp, L50, F|\n|poke|p2|Farigiraf, L50, F|\n|poke|p2|Sneasler, L50, F|\n|poke|p2|Floette-Eternal, L50, F|\n|teampreview|4\n|showteam|p1|Lopunny||Lopunnite|CuteCharm|CloseCombat,Facade,SwordsDance,FakeOut|||M|||50|]Pelipper||QuickClaw|Drizzle|Hurricane,Tailwind,WeatherBall,WideGuard|||F|||50|]Archaludon||Leftovers|Stamina|ElectroShot,DracoMeteor,FlashCannon,Snarl|||F|||50|]Palafin||LumBerry|ZerotoHero|JetPunch,FlipTurn,DrainPunch,WaveCrash|||F|||50|]Meganium||Meganiumite|Overgrow|WeatherBall,SolarBeam,DazzlingGleam,Synthesis|||M|||50|]Basculegion||MysticWater|Adaptability|WaveCrash,AquaJet,LastRespects,Liquidation|||M|||50|\n|showteam|p2|Charizard||CharizarditeY|SolarPower|WeatherBall,HeatWave,SolarBeam,Protect|||M|||50|]Whimsicott||FocusSash|Prankster|Moonblast,Tailwind,SunnyDay,Encore|||F|||50|]Garchomp||ChoiceScarf|RoughSkin|Earthquake,DragonClaw,RockSlide,StompingTantrum|||F|||50|]Farigiraf||SitrusBerry|ArmorTail|Psychic,HyperVoice,Imprison,TrickRoom|||F|||50|]Sneasler||WhiteHerb|Unburden|FakeOut,CloseCombat,DireClaw,ThroatChop|||F|||50|]Floette-Eternal||Floettite|FlowerVeil|DazzlingGleam,LightofRuin,Moonblast,Protect|||F|||50|\n|\n|t:|1776063190\n|teamsize|p1|4\n|teamsize|p2|4\n|start\n|switch|p1a: Pelipper|Pelipper, L50, F|100/100\n|switch|p1b: Archaludon|Archaludon, L50, F|100/100\n|switch|p2a: Whimsicott|Whimsicott, L50, F|100/100\n|switch|p2b: Sneasler|Sneasler, L50, F|100/100\n|-weather|RainDance|[from] ability: Drizzle|[of] p1a: Pelipper\n|turn|1\n|\n|t:|1776063219\n|switch|p1b: Basculegion|Basculegion, L50, M|100/100\n|move|p2b: Sneasler|Fake Out|p1a: Pelipper\n|-damage|p1a: Pelipper|82/100\n|move|p2a: Whimsicott|Sunny Day|p2a: Whimsicott\n|-weather|SunnyDay\n|cant|p1a: Pelipper|flinch\n|\n|-weather|SunnyDay|[upkeep]\n|upkeep\n|turn|2\n|\n|t:|1776063258\n|switch|p1b: Archaludon|Archaludon, L50, F|100/100\n|move|p2a: Whimsicott|Tailwind|p2a: Whimsicott\n|-sidestart|p2: lolgz|move: Tailwind\n|move|p2b: Sneasler|Throat Chop|p1b: Archaludon\n|-damage|p1b: Archaludon|75/100\n|-start|p1b: Archaludon|Throat Chop|[silent]\n|-ability|p1b: Archaludon|Stamina|boost\n|-boost|p1b: Archaludon|def|1\n|move|p1a: Pelipper|Hurricane|p2b: Sneasler\n|-supereffective|p2b: Sneasler|1\n|-damage|p2b: Sneasler|0 fnt\n|faint|p2b: Sneasler\n|\n|-weather|SunnyDay|[upkeep]\n|-heal|p1b: Archaludon|81/100|[from] item: Leftovers\n|upkeep\n|\n|t:|1776063263\n|switch|p2b: Floette|Floette-Eternal, L50, F|100/100\n|turn|3\n|\n|t:|1776063311\n|switch|p1a: Meganium|Meganium, L50, M, shiny|100/100\n|detailschange|p2b: Floette|Floette-Mega, L50, F\n|-mega|p2b: Floette|Floette|Floettite\n|-ability|p2b: Floette|Fairy Aura\n|move|p2a: Whimsicott|Moonblast|p1b: Archaludon\n|-damage|p1b: Archaludon|14/100\n|-ability|p1b: Archaludon|Stamina|boost\n|-boost|p1b: Archaludon|def|1\n|move|p2b: Floette|Moonblast|p1b: Archaludon\n|-damage|p1b: Archaludon|0 fnt\n|faint|p1b: Archaludon\n|\n|-weather|SunnyDay|[upkeep]\n|upkeep\n|\n|t:|1776063322\n|switch|p1b: Pelipper|Pelipper, L50, F|82/100\n|-weather|RainDance|[from] ability: Drizzle|[of] p1b: Pelipper\n|turn|4\n|\n|t:|1776063367\n|detailschange|p1a: Meganium|Meganium-Mega, L50, M, shiny\n|-mega|p1a: Meganium|Meganium|Meganiumite\n|move|p2a: Whimsicott|Sunny Day|p2a: Whimsicott\n|-weather|SunnyDay\n|move|p2b: Floette|Light of Ruin|p1a: Meganium\n|-damage|p1a: Meganium|0 fnt\n|faint|p1a: Meganium\n|-damage|p2b: Floette|47/100|[from] Recoil\n|move|p1b: Pelipper|Weather Ball|p2b: Floette\n|-damage|p2b: Floette|4/100\n|\n|-weather|SunnyDay|[upkeep]\n|upkeep\n|\n|t:|1776063379\n|switch|p1a: Basculegion|Basculegion, L50, M|100/100\n|turn|5\n|\n|t:|1776063406\n|switch|p2b: Garchomp|Garchomp, L50, F|100/100\n|move|p1a: Basculegion|Aqua Jet|p2b: Garchomp\n|-damage|p2b: Garchomp|84/100\n|-damage|p1a: Basculegion|88/100|[from] ability: Rough Skin|[of] p2b: Garchomp\n|move|p2a: Whimsicott|Moonblast|p1a: Basculegion\n|-damage|p1a: Basculegion|51/100\n|move|p1b: Pelipper|Weather Ball|p2a: Whimsicott\n|-supereffective|p2a: Whimsicott|1\n|-enditem|p2a: Whimsicott|Focus Sash\n|-damage|p2a: Whimsicott|1/100\n|\n|-weather|SunnyDay|[upkeep]\n|-sideend|p2: lolgz|move: Tailwind\n|upkeep\n|turn|6\n|\n|t:|1776063452\n|move|p2a: Whimsicott|Encore|p1a: Basculegion\n|-start|p1a: Basculegion|Encore\n|move|p1a: Basculegion|Aqua Jet|p2a: Whimsicott\n|-resisted|p2a: Whimsicott|1\n|-damage|p2a: Whimsicott|0 fnt\n|faint|p2a: Whimsicott\n|move|p2b: Garchomp|Rock Slide|p1b: Pelipper|[spread] p1a,p1b\n|-supereffective|p1b: Pelipper|1\n|-damage|p1a: Basculegion|28/100\n|-damage|p1b: Pelipper|35/100\n|move|p1b: Pelipper|Tailwind|p1b: Pelipper\n|-sidestart|p1: Beada64|move: Tailwind\n|\n|-weather|SunnyDay|[upkeep]\n|upkeep\n|\n|t:|1776063458\n|switch|p2a: Floette|Floette-Mega, L50, F|4/100\n|-ability|p2a: Floette|Fairy Aura\n|turn|7\n|\n|t:|1776063468\n|move|p1b: Pelipper|Wide Guard|p1b: Pelipper\n|-singleturn|p1b: Pelipper|Wide Guard\n|move|p1a: Basculegion|Aqua Jet|p2a: Floette\n|-damage|p2a: Floette|0 fnt\n|faint|p2a: Floette\n|move|p2b: Garchomp|Rock Slide|p1b: Pelipper|[spread] \n|-activate|p1a: Basculegion|move: Wide Guard\n|-activate|p1b: Pelipper|move: Wide Guard\n|\n|-weather|SunnyDay|[upkeep]\n|upkeep\n|turn|8\n|j| TTT x\n|-activate|p1b: Pelipper|item: Quick Claw\n|\n|t:|1776063522\n|move|p1a: Basculegion|Aqua Jet|p2b: Garchomp\n|-damage|p2b: Garchomp|67/100\n|-damage|p1a: Basculegion|15/100|[from] ability: Rough Skin|[of] p2b: Garchomp\n|move|p1b: Pelipper|Weather Ball|p2b: Garchomp\n|-resisted|p2b: Garchomp|1\n|-damage|p2b: Garchomp|40/100\n|move|p2b: Garchomp|Rock Slide|p1b: Pelipper|[spread] p1a,p1b\n|-supereffective|p1b: Pelipper|1\n|-damage|p1a: Basculegion|0 fnt\n|-damage|p1b: Pelipper|0 fnt\n|faint|p1a: Basculegion\n|faint|p1b: Pelipper\n|\n|win|lolgz\n|n|\u2606Beada64|beada64\n|n|\u2606lolgz|lolgz\n|n| TTT x|tttx\n",
  "uploadtime": 1776063522,
  "views": 14,
  "formatid": "gen9championsvgc2026regma",
  "rating": null,
  "private": 0,
  "password": null
}