{
  "id": "gen9championsvgc2026regma-2581145993",
  "format": "[Gen 9 Champions] VGC 2026 Reg M-A",
  "players": [
    "disciple of blahaj",
    "Fergala"
  ],
  "log": "|j|\u2606disciple of blahaj\n|j|\u2606Fergala\n|t:|1775964312\n|gametype|doubles\n|player|p1|disciple of blahaj|jacinthe|1114\n|player|p2|Fergala|lucas|1056\n|gen|9\n|tier|[Gen 9 Champions] VGC 2026 Reg M-A\n|rated|\n|rule|Species Clause: Limit one of each Pok\u00e9mon\n|rule|Item Clause: Limit 1 of each item\n|clearpoke\n|poke|p1|Lopunny, L50, M|\n|poke|p1|Aegislash, L50, F|\n|poke|p1|Sylveon, L50, F|\n|poke|p1|Arcanine-Hisui, L50, F|\n|poke|p1|Chesnaught, L50, M|\n|poke|p1|Rotom-Wash, L50|\n|poke|p2|Infernape, L50, F|\n|poke|p2|Rotom-Wash, L50|\n|poke|p2|Whimsicott, L50, F|\n|poke|p2|Charizard, L50, F|\n|poke|p2|Garchomp, L50, M|\n|poke|p2|Gengar, L50, M|\n|teampreview|4\n|\n|t:|1775964338\n|teamsize|p1|4\n|teamsize|p2|4\n|start\n|switch|p1a: Lopunny|Lopunny, L50, M, shiny|100/100\n|switch|p1b: Arcanine|Arcanine-Hisui, L50, F|100/100\n|switch|p2a: Whimsicott|Whimsicott, L50, F, shiny|100/100\n|switch|p2b: Infernape|Infernape, L50, F|100/100\n|-ability|p1b: Arcanine|Intimidate|boost\n|-unboost|p2a: Whimsicott|atk|1\n|-unboost|p2b: Infernape|atk|1\n|turn|1\n|\n|t:|1775964354\n|detailschange|p1a: Lopunny|Lopunny-Mega, L50, M, shiny\n|-mega|p1a: Lopunny|Lopunny|Lopunnite\n|move|p2a: Whimsicott|Protect|p2a: Whimsicott\n|-singleturn|p2a: Whimsicott|Protect\n|move|p1a: Lopunny|Fake Out|p2b: Infernape\n|-damage|p2b: Infernape|63/100\n|cant|p2b: Infernape|flinch\n|move|p1b: Arcanine|Flare Blitz|p2a: Whimsicott\n|-activate|p2a: Whimsicott|move: Protect\n|\n|upkeep\n|turn|2\n|\n|t:|1775964370\n|switch|p1a: Sylveon|Sylveon, L50, F|100/100\n|move|p2a: Whimsicott|Tailwind|p2a: Whimsicott\n|-sidestart|p2: Fergala|move: Tailwind\n|move|p2b: Infernape|Drain Punch|p1a: Sylveon\n|-resisted|p1a: Sylveon|1\n|-damage|p1a: Sylveon|81/100\n|-heal|p2b: Infernape|74/100|[from] drain|[of] p1a: Sylveon\n|move|p1b: Arcanine|Rock Slide|p2a: Whimsicott|[spread] p2a,p2b\n|-damage|p2a: Whimsicott|65/100\n|-damage|p2b: Infernape|31/100\n|\n|upkeep\n|turn|3\n|\n|t:|1775964390\n|switch|p2b: Rotom|Rotom-Wash, L50|100/100\n|move|p2a: Whimsicott|Protect|p2a: Whimsicott\n|-singleturn|p2a: Whimsicott|Protect\n|move|p1b: Arcanine|Protect|p1b: Arcanine\n|-singleturn|p1b: Arcanine|Protect\n|move|p1a: Sylveon|Hyper Voice|p2a: Whimsicott|[spread] p2b\n|-activate|p2a: Whimsicott|move: Protect\n|-damage|p2b: Rotom|56/100\n|\n|upkeep\n|turn|4\n|\n|t:|1775964412\n|switch|p1b: Rotom|Rotom-Wash, L50|100/100\n|move|p2a: Whimsicott|Encore||[still]\n|-fail|p2a: Whimsicott\n|move|p2b: Rotom|Hydro Pump|p1b: Rotom\n|-resisted|p1b: Rotom|1\n|-damage|p1b: Rotom|78/100\n|move|p1a: Sylveon|Hyper Voice|p2a: Whimsicott|[spread] p2a,p2b\n|-damage|p2a: Whimsicott|23/100\n|-damage|p2b: Rotom|15/100\n|-enditem|p2b: Rotom|Sitrus Berry|[eat]\n|-heal|p2b: Rotom|39/100|[from] item: Sitrus Berry\n|\n|upkeep\n|turn|5\n|\n|t:|1775964439\n|move|p2a: Whimsicott|Tailwind||[still]\n|-fail|p2a: Whimsicott\n|move|p2b: Rotom|Volt Switch|p1a: Sylveon\n|-damage|p1a: Sylveon|57/100\n|\n|t:|1775964444\n|switch|p2b: Charizard|Charizard, L50, F, shiny|100/100|[from] Volt Switch\n|move|p1a: Sylveon|Hyper Voice|p2a: Whimsicott|[spread] p2a,p2b\n|-resisted|p2b: Charizard|1\n|-damage|p2a: Whimsicott|0 fnt\n|-damage|p2b: Charizard|77/100\n|faint|p2a: Whimsicott\n|move|p1b: Rotom|Volt Switch|p2b: Charizard\n|-supereffective|p2b: Charizard|1\n|-damage|p2b: Charizard|0 fnt\n|faint|p2b: Charizard\n|-message|Fergala forfeited.\n|\n|win|disciple of blahaj\n|raw|disciple of blahaj's rating: 1114 &rarr; <strong>1135</strong><br />(+21 for winning)\n|raw|Fergala's rating: 1056 &rarr; <strong>1041</strong><br />(-15 for losing)\n|l|\u2606Fergala\n|player|p2|\n",
  "uploadtime": 1775964458,
  "views": 13,
  "formatid": "gen9championsvgc2026regma",
  "rating": 1041,
  "private": 0,
  "password": null
}