{
  "id": "gen9championsvgc2026regma-2581921790",
  "format": "[Gen 9 Champions] VGC 2026 Reg M-A",
  "players": [
    "airi love",
    "greeencross"
  ],
  "log": "|j|\u2606airi love\n|j|\u2606greeencross\n|t:|1776039970\n|gametype|doubles\n|player|p1|airi love|lyra|1357\n|player|p2|greeencross|266|1407\n|gen|9\n|tier|[Gen 9 Champions] VGC 2026 Reg M-A\n|rated|\n|rule|Species Clause: Limit one of each Pok\u00e9mon\n|rule|Item Clause: Limit 1 of each item\n|clearpoke\n|poke|p1|Reuniclus, L50, F|\n|poke|p1|Kangaskhan, L50, F|\n|poke|p1|Incineroar, L50, M|\n|poke|p1|Sylveon, L50, F|\n|poke|p1|Torkoal, L50, F|\n|poke|p1|Basculegion, L50, M|\n|poke|p2|Dragapult, L50, F|\n|poke|p2|Glimmora, L50, M|\n|poke|p2|Rotom-Wash, L50|\n|poke|p2|Garchomp, L50, M|\n|poke|p2|Armarouge, L50, F|\n|poke|p2|Umbreon, L50, M|\n|teampreview|4\n|inactive|Battle timer is ON: inactive players will automatically lose when time's up. (requested by greeencross)\n|inactive|greeencross has 60 seconds left.\n|\n|t:|1776040018\n|teamsize|p1|4\n|teamsize|p2|4\n|start\n|switch|p1a: Reuniclus|Reuniclus, L50, F|100/100\n|switch|p1b: Basculegion|Basculegion, L50, M|100/100\n|switch|p2a: Dragapult|Dragapult, L50, F|100/100\n|switch|p2b: Rotom|Rotom-Wash, L50|100/100\n|turn|1\n|j| Glaceon0404\n|\n|t:|1776040037\n|move|p2a: Dragapult|Protect|p2a: Dragapult\n|-singleturn|p2a: Dragapult|Protect\n|move|p1b: Basculegion|Phantom Force||[still]\n|-prepare|p1b: Basculegion|Phantom Force\n|move|p2b: Rotom|Electroweb|p1b: Basculegion|[spread] p1a\n|-miss|p2b: Rotom|p1b: Basculegion\n|-damage|p1a: Reuniclus|82/100\n|-unboost|p1a: Reuniclus|spe|1\n|move|p1a: Reuniclus|Trick Room|p1a: Reuniclus\n|-fieldstart|move: Trick Room|[of] p1a: Reuniclus\n|\n|upkeep\n|turn|2\n|inactive|airi love has 30 seconds left.\n|inactive|greeencross has 30 seconds left.\n|\n|t:|1776040067\n|switch|p2a: Umbreon|Umbreon, L50, M|100/100\n|move|p1a: Reuniclus|Protect|p1a: Reuniclus\n|-singleturn|p1a: Reuniclus|Protect\n|move|p2b: Rotom|Electroweb|p1a: Reuniclus|[spread] \n|-miss|p2b: Rotom|p1b: Basculegion\n|-activate|p1a: Reuniclus|move: Protect\n|move|p1b: Basculegion|Phantom Force|p2a: Umbreon|[from] lockedmove\n|-resisted|p2a: Umbreon|1\n|-damage|p2a: Umbreon|79/100\n|\n|-heal|p2a: Umbreon|85/100|[from] item: Leftovers\n|upkeep\n|turn|3\n|\n|t:|1776040083\n|switch|p1b: Sylveon|Sylveon, L50, F|100/100\n|move|p1a: Reuniclus|Focus Blast|p2a: Umbreon\n|-supereffective|p2a: Umbreon|1\n|-damage|p2a: Umbreon|28/100\n|move|p2a: Umbreon|Snarl|p1a: Reuniclus|[spread] p1a,p1b\n|-supereffective|p1a: Reuniclus|1\n|-enditem|p1a: Reuniclus|Colbur Berry|[eat]\n|-enditem|p1a: Reuniclus|Colbur Berry|[weaken]\n|-resisted|p1b: Sylveon|1\n|-damage|p1a: Reuniclus|72/100\n|-damage|p1b: Sylveon|98/100\n|-unboost|p1a: Reuniclus|spa|1\n|-unboost|p1b: Sylveon|spa|1\n|move|p2b: Rotom|Electroweb|p1b: Sylveon|[spread] p1a,p1b\n|-damage|p1a: Reuniclus|53/100\n|-damage|p1b: Sylveon|83/100\n|-unboost|p1a: Reuniclus|spe|1\n|-unboost|p1b: Sylveon|spe|1\n|\n|-heal|p2a: Umbreon|34/100|[from] item: Leftovers\n|upkeep\n|turn|4\n|inactive|airi love has 30 seconds left.\n|inactive|greeencross has 30 seconds left.\n|l|\u2606airi love\n|inactive|airi love disconnected and has a minute to reconnect!\n|player|p1|\n|inactive|airi love has 20 seconds left.\n|l| Glaceon0404\n|inactive|airi love has 15 seconds left.\n|j|\u2606airi love\n|inactive|airi love reconnected and has 15 seconds left.\n|player|p1|airi love|lyra|\n|inactive|airi love has 10 seconds left.\n|\n|t:|1776040129\n|switch|p1a: Kangaskhan|Kangaskhan, L50, F|100/100\n|move|p2a: Umbreon|Detect|p2a: Umbreon\n|-singleturn|p2a: Umbreon|Protect\n|move|p1b: Sylveon|Hyper Voice|p2b: Rotom|[spread] p2b\n|-activate|p2a: Umbreon|move: Protect\n|-damage|p2b: Rotom|61/100\n|move|p2b: Rotom|Electroweb|p1a: Kangaskhan|[spread] p1a,p1b\n|-damage|p1a: Kangaskhan|79/100\n|-damage|p1b: Sylveon|67/100\n|-unboost|p1a: Kangaskhan|spe|1\n|-unboost|p1b: Sylveon|spe|1\n|\n|-heal|p2a: Umbreon|40/100|[from] item: Leftovers\n|upkeep\n|turn|5\n|\n|t:|1776040159\n|detailschange|p1a: Kangaskhan|Kangaskhan-Mega, L50, F\n|-mega|p1a: Kangaskhan|Kangaskhan|Kangaskhanite\n|move|p1b: Sylveon|Hyper Voice|p2a: Umbreon|[spread] p2a,p2b\n|-supereffective|p2a: Umbreon|1\n|-damage|p2a: Umbreon|0 fnt\n|-damage|p2b: Rotom|21/100\n|faint|p2a: Umbreon\n|move|p1a: Kangaskhan|Double-Edge|p2b: Rotom\n|-damage|p2b: Rotom|0 fnt\n|faint|p2b: Rotom\n|-hitcount|p2: Rotom|1\n|-damage|p1a: Kangaskhan|75/100|[from] Recoil\n|\n|-fieldend|move: Trick Room\n|upkeep\n|\n|t:|1776040168\n|switch|p2b: Glimmora|Glimmora, L50, M|100/100\n|switch|p2a: Dragapult|Dragapult, L50, F|100/100\n|turn|6\n|\n|t:|1776040182\n|detailschange|p2b: Glimmora|Glimmora-Mega, L50, M\n|-mega|p2b: Glimmora|Glimmora|Glimmoranite\n|move|p2a: Dragapult|Will-O-Wisp|p1a: Kangaskhan\n|-status|p1a: Kangaskhan|brn\n|move|p2b: Glimmora|Sludge Bomb|p1b: Sylveon\n|-supereffective|p1b: Sylveon|1\n|-damage|p1b: Sylveon|0 fnt\n|faint|p1b: Sylveon\n|move|p1a: Kangaskhan|Double-Edge|p2a: Dragapult\n|-immune|p2a: Dragapult\n|\n|-damage|p1a: Kangaskhan|69/100 brn|[from] brn\n|upkeep\n|\n|t:|1776040203\n|switch|p1b: Basculegion|Basculegion, L50, M|100/100\n|turn|7\n|inactive|airi love has 30 seconds left.\n|inactive|greeencross has 30 seconds left.\n|inactive|greeencross has 20 seconds left.\n|inactive|greeencross has 15 seconds left.\n|\n|t:|1776040244\n|move|p2b: Glimmora|Spiky Shield|p2b: Glimmora\n|-singleturn|p2b: Glimmora|move: Protect\n|move|p1b: Basculegion|Phantom Force||[still]\n|-prepare|p1b: Basculegion|Phantom Force\n|move|p2a: Dragapult|Disable|p1b: Basculegion|[miss]\n|-miss|p2a: Dragapult|p1b: Basculegion\n|move|p1a: Kangaskhan|Hammer Arm|p2b: Glimmora\n|-activate|p2b: Glimmora|move: Protect\n|-damage|p1a: Kangaskhan|57/100 brn|[from] Spiky Shield|[of] p2b: Glimmora\n|\n|-damage|p1a: Kangaskhan|50/100 brn|[from] brn\n|upkeep\n|turn|8\n|\n|t:|1776040263\n|switch|p1a: Reuniclus|Reuniclus, L50, F|86/100\n|move|p1b: Basculegion|Phantom Force|p2a: Dragapult|[from] lockedmove\n|-supereffective|p2a: Dragapult|1\n|-enditem|p2a: Dragapult|Focus Sash\n|-damage|p2a: Dragapult|1/100\n|move|p2a: Dragapult|Disable|p1b: Basculegion\n|-start|p1b: Basculegion|Disable|Phantom Force\n|move|p2b: Glimmora|Sludge Bomb|p1a: Reuniclus\n|-damage|p1a: Reuniclus|22/100\n|\n|upkeep\n|turn|9\n|\n|t:|1776040284\n|switch|p1b: Kangaskhan|Kangaskhan-Mega, L50, F|50/100 brn\n|move|p1a: Reuniclus|Protect|p1a: Reuniclus\n|-singleturn|p1a: Reuniclus|Protect\n|move|p2a: Dragapult|Breaking Swipe|p1a: Reuniclus|[spread] p1b\n|-activate|p1a: Reuniclus|move: Protect\n|-damage|p1b: Kangaskhan|30/100 brn\n|-unboost|p1b: Kangaskhan|atk|1\n|move|p2b: Glimmora|Dazzling Gleam|p1b: Kangaskhan|[spread] p1b\n|-activate|p1a: Reuniclus|move: Protect\n|-damage|p1b: Kangaskhan|12/100 brn\n|\n|-damage|p1b: Kangaskhan|6/100 brn|[from] brn\n|upkeep\n|turn|10\n|\n|t:|1776040306\n|move|p1a: Reuniclus|Protect||[still]\n|-fail|p1a: Reuniclus\n|move|p2a: Dragapult|Breaking Swipe|p1a: Reuniclus|[spread] p1a,p1b\n|-damage|p1a: Reuniclus|0 fnt\n|-damage|p1b: Kangaskhan|0 fnt\n|faint|p1a: Reuniclus\n|faint|p1b: Kangaskhan\n|move|p2b: Glimmora|Dazzling Gleam|p1: Reuniclus|[notarget]\n|-fail|p2b: Glimmora\n|\n|upkeep\n|\n|t:|1776040309\n|switch|p1b: Basculegion|Basculegion, L50, M|100/100\n|turn|11\n|\n|t:|1776040321\n|move|p1b: Basculegion|Wave Crash|p2b: Glimmora\n|-supereffective|p2b: Glimmora|1\n|-crit|p2b: Glimmora\n|-damage|p2b: Glimmora|0 fnt\n|faint|p2b: Glimmora\n|-damage|p1b: Basculegion|74/100|[from] Recoil\n|move|p2a: Dragapult|Disable|p1b: Basculegion\n|-start|p1b: Basculegion|Disable|Wave Crash\n|\n|upkeep\n|turn|12\n|\n|t:|1776040331\n|-activate|p1b: Basculegion|move: Struggle\n|move|p1b: Basculegion|Struggle|p2a: Dragapult\n|-damage|p2a: Dragapult|0 fnt\n|faint|p2a: Dragapult\n|-damage|p1b: Basculegion|49/100|[from] recoil\n|\n|win|airi love\n|raw|airi love's rating: 1357 &rarr; <strong>1380</strong><br />(+23 for winning)\n|raw|greeencross's rating: 1407 &rarr; <strong>1384</strong><br />(-23 for losing)\n|l|\u2606airi love\n|player|p1|\n|l|\u2606greeencross\n|player|p2|\n",
  "uploadtime": 1776040349,
  "views": 26,
  "formatid": "gen9championsvgc2026regma",
  "rating": 1380,
  "private": 0,
  "password": null
}