{
  "id": "gen9championsvgc2026regma-2582117479",
  "format": "[Gen 9 Champions] VGC 2026 Reg M-A",
  "players": [
    "faric",
    "xzw9894936"
  ],
  "log": "|j|\u2606faric\n|j|\u2606xzw9894936\n|t:|1776060138\n|gametype|doubles\n|player|p1|faric|102|1107\n|player|p2|xzw9894936|backersf|1028\n|gen|9\n|tier|[Gen 9 Champions] VGC 2026 Reg M-A\n|rated|\n|rule|Species Clause: Limit one of each Pok\u00e9mon\n|rule|Item Clause: Limit 1 of each item\n|clearpoke\n|poke|p1|Charizard, L50, F|\n|poke|p1|Venusaur, L50, F|\n|poke|p1|Garchomp, L50, F|\n|poke|p1|Rotom-Wash, L50|\n|poke|p1|Incineroar, L50, F|\n|poke|p1|Sneasler, L50, M|\n|poke|p2|Basculegion, L50, M|\n|poke|p2|Pelipper, L50, M|\n|poke|p2|Meganium, L50, F|\n|poke|p2|Archaludon, L50, F|\n|poke|p2|Aerodactyl, L50, M|\n|poke|p2|Sneasler, L50, M|\n|teampreview|4\n|inactive|Battle timer is ON: inactive players will automatically lose when time's up. (requested by faric)\n|inactive|faric has 60 seconds left.\n|\n|t:|1776060196\n|teamsize|p1|4\n|teamsize|p2|4\n|start\n|switch|p1a: Sneasler|Sneasler, L50, M|100/100\n|switch|p1b: Rotom|Rotom-Wash, L50|100/100\n|switch|p2a: Aerodactyl|Aerodactyl, L50, M|100/100\n|switch|p2b: Sneasler|Sneasler, L50, M|100/100\n|-ability|p2a: Aerodactyl|Unnerve\n|turn|1\n|\n|t:|1776060209\n|move|p2a: Aerodactyl|Protect|p2a: Aerodactyl\n|-singleturn|p2a: Aerodactyl|Protect\n|move|p2b: Sneasler|Protect|p2b: Sneasler\n|-singleturn|p2b: Sneasler|Protect\n|move|p1a: Sneasler|Fake Out|p2a: Aerodactyl\n|-activate|p2a: Aerodactyl|move: Protect\n|move|p1b: Rotom|Hydro Pump|p2a: Aerodactyl\n|-activate|p2a: Aerodactyl|move: Protect\n|\n|upkeep\n|turn|2\n|inactive|faric has 30 seconds left.\n|\n|t:|1776060237\n|switch|p1a: Garchomp|Garchomp, L50, F|100/100\n|move|p2a: Aerodactyl|Tailwind|p2a: Aerodactyl\n|-sidestart|p2: xzw9894936|move: Tailwind\n|move|p2b: Sneasler|Close Combat|p1b: Rotom\n|-damage|p1b: Rotom|27/100\n|-unboost|p2b: Sneasler|def|1\n|-unboost|p2b: Sneasler|spd|1\n|-enditem|p2b: Sneasler|White Herb\n|-clearnegativeboost|p2b: Sneasler|[silent]\n|move|p1b: Rotom|Hydro Pump|p2a: Aerodactyl\n|-supereffective|p2a: Aerodactyl|1\n|-enditem|p2a: Aerodactyl|Focus Sash\n|-damage|p2a: Aerodactyl|1/100\n|\n|-heal|p1b: Rotom|33/100|[from] item: Leftovers\n|upkeep\n|turn|3\n|inactive|xzw9894936 has 30 seconds left.\n|inactive|xzw9894936 has 20 seconds left.\n|\n|t:|1776060272\n|move|p1b: Rotom|Protect|p1b: Rotom\n|-singleturn|p1b: Rotom|Protect\n|move|p2b: Sneasler|Dire Claw|p1b: Rotom\n|-activate|p1b: Rotom|move: Protect\n|move|p2a: Aerodactyl|Rock Slide|p1a: Garchomp|[spread] p1a\n|-activate|p1b: Rotom|move: Protect\n|-resisted|p1a: Garchomp|1\n|-damage|p1a: Garchomp|88/100\n|cant|p1a: Garchomp|flinch\n|\n|-heal|p1b: Rotom|39/100|[from] item: Leftovers\n|upkeep\n|turn|4\n|inactive|faric has 30 seconds left.\n|inactive|xzw9894936 has 30 seconds left.\n|\n|t:|1776060308\n|move|p2b: Sneasler|Close Combat|p1b: Rotom\n|-damage|p1b: Rotom|0 fnt\n|-unboost|p2b: Sneasler|def|1\n|-unboost|p2b: Sneasler|spd|1\n|faint|p1b: Rotom\n|move|p2a: Aerodactyl|Rock Slide|p1a: Garchomp|[miss]\n|-miss|p2a: Aerodactyl|p1a: Garchomp\n|move|p1a: Garchomp|Earthquake|p2a: Aerodactyl|[spread] p2b\n|-immune|p2a: Aerodactyl\n|-supereffective|p2b: Sneasler|1\n|-damage|p2b: Sneasler|0 fnt\n|faint|p2b: Sneasler\n|\n|upkeep\n|\n|t:|1776060314\n|switch|p2b: Basculegion|Basculegion, L50, M|100/100\n|switch|p1b: Sneasler|Sneasler, L50, M|100/100\n|turn|5\n|inactive|faric has 30 seconds left.\n|\n|t:|1776060340\n|switch|p2a: Pelipper|Pelipper, L50, M|100/100\n|-weather|RainDance|[from] ability: Drizzle|[of] p2a: Pelipper\n|switch|p1a: Charizard|Charizard, L50, F|100/100\n|move|p1b: Sneasler|Fake Out|p2a: Pelipper\n|-damage|p2a: Pelipper|88/100\n|move|p2b: Basculegion|Wave Crash|p1a: Charizard\n|-supereffective|p1a: Charizard|1\n|-damage|p1a: Charizard|0 fnt\n|faint|p1a: Charizard\n|-damage|p2b: Basculegion|74/100|[from] Recoil\n|\n|-weather|RainDance|[upkeep]\n|-sideend|p2: xzw9894936|move: Tailwind\n|upkeep\n|\n|t:|1776060343\n|switch|p1a: Garchomp|Garchomp, L50, F|88/100\n|turn|6\n|\n|t:|1776060357\n|move|p1a: Garchomp|Rock Slide|p2b: Basculegion|[spread] p2a,p2b\n|-supereffective|p2a: Pelipper|1\n|-damage|p2a: Pelipper|53/100\n|-damage|p2b: Basculegion|45/100\n|move|p2b: Basculegion|Wave Crash|p1b: Sneasler\n|-damage|p1b: Sneasler|0 fnt\n|faint|p1b: Sneasler\n|-damage|p2b: Basculegion|19/100|[from] Recoil\n|move|p2a: Pelipper|Weather Ball|p1a: Garchomp\n|-damage|p1a: Garchomp|42/100\n|\n|-weather|RainDance|[upkeep]\n|upkeep\n|turn|7\n|-message|faric forfeited.\n|\n|win|xzw9894936\n|raw|faric's rating: 1107 &rarr; <strong>1076</strong><br />(-31 for losing)\n|raw|xzw9894936's rating: 1028 &rarr; <strong>1072</strong><br />(+44 for winning)\n",
  "uploadtime": 1776060366,
  "views": 18,
  "formatid": "gen9championsvgc2026regma",
  "rating": 1072,
  "private": 0,
  "password": null
}