{
  "id": "gen9championsvgc2026regma-2588710976",
  "format": "[Gen 9 Champions] VGC 2026 Reg M-A",
  "players": [
    "Jinxed_lll",
    "Bmansp"
  ],
  "log": "|j|\u2606Jinxed_lll\n|j|\u2606Bmansp\n|t:|1776660611\n|gametype|doubles\n|player|p1|Jinxed_lll|lady-gen4|1140\n|player|p2|Bmansp|2|1235\n|gen|9\n|tier|[Gen 9 Champions] VGC 2026 Reg M-A\n|rated|\n|rule|Species Clause: Limit one of each Pok\u00e9mon\n|rule|Item Clause: Limit 1 of each item\n|clearpoke\n|poke|p1|Blastoise, L50, M|\n|poke|p1|Pelipper, L50, F|\n|poke|p1|Sneasler, L50, F|\n|poke|p1|Basculegion, L50, M, shiny|\n|poke|p1|Farigiraf, L50, F, shiny|\n|poke|p1|Sinistcha, L50|\n|poke|p2|Charizard, L50, M|\n|poke|p2|Scizor, L50, M|\n|poke|p2|Sneasler, L50, F|\n|poke|p2|Incineroar, L50, M|\n|poke|p2|Sinistcha, L50|\n|poke|p2|Milotic, L50, F|\n|teampreview|4\n|inactive|Battle timer is ON: inactive players will automatically lose when time's up. (requested by Bmansp)\nBmansp has agreed to open team sheets.\n|inactive|Jinxed_lll has 60 seconds left.\n|inactive|Bmansp has 60 seconds left.\n|\n|t:|1776660670\n|teamsize|p1|4\n|teamsize|p2|4\n|start\n|switch|p1a: Utahime|Farigiraf, L50, F, shiny|100/100\n|switch|p1b: Crow no.43|Pelipper, L50, F|100/100\n|switch|p2a: Charizard|Charizard, L50, M|100/100\n|switch|p2b: Sneasler|Sneasler, L50, F|100/100\n|-weather|RainDance|[from] ability: Drizzle|[of] p1b: Crow no.43\n|turn|1\n|inactive|Jinxed_lll has 30 seconds left.\n|inactive|Jinxed_lll has 20 seconds left.\n|inactive|Jinxed_lll has 15 seconds left.\n|inactive|Jinxed_lll has 10 seconds left.\n|inactive|Jinxed_lll has 5 seconds left.\n|\n|t:|1776660720\n|detailschange|p2a: Charizard|Charizard-Mega-X, L50, M\n|-mega|p2a: Charizard|Charizard|Charizardite X\n|move|p2b: Sneasler|Dire Claw|p1a: Utahime\n|-damage|p1a: Utahime|62/100\n|-status|p1a: Utahime|psn\n|move|p2a: Charizard|Dragon Claw|p1a: Utahime\n|-crit|p1a: Utahime\n|-damage|p1a: Utahime|0 fnt\n|faint|p1a: Utahime\n|move|p1b: Crow no.43|Hurricane|p2b: Sneasler\n|-supereffective|p2b: Sneasler|1\n|-damage|p2b: Sneasler|5/100\n|\n|-weather|RainDance|[upkeep]\n|upkeep\n|\n|t:|1776660735\n|switch|p1a: Jane Julliet|Blastoise, L50, M|100/100\n|turn|2\n|inactive|Jinxed_lll has 30 seconds left.\n|\n|t:|1776660764\n|detailschange|p1a: Jane Julliet|Blastoise-Mega, L50, M\n|-mega|p1a: Jane Julliet|Blastoise|Blastoisinite\n|move|p2b: Sneasler|Close Combat|p1a: Jane Julliet\n|-damage|p1a: Jane Julliet|50/100\n|-unboost|p2b: Sneasler|def|1\n|-unboost|p2b: Sneasler|spd|1\n|move|p2a: Charizard|Dragon Claw|p1a: Jane Julliet\n|-damage|p1a: Jane Julliet|0 fnt\n|faint|p1a: Jane Julliet\n|move|p1b: Crow no.43|Ice Beam|p2b: Sneasler\n|-damage|p2b: Sneasler|0 fnt\n|faint|p2b: Sneasler\n|\n|-weather|RainDance|[upkeep]\n|upkeep\n|\n|t:|1776660777\n|switch|p2b: Milotic|Milotic, L50, F|100/100\n|switch|p1a: Matcha|Sinistcha, L50|100/100\n|turn|3\n|\n|t:|1776660795\n|move|p2a: Charizard|Flare Blitz|p1a: Matcha\n|-supereffective|p1a: Matcha|1\n|-damage|p1a: Matcha|33/100\n|-status|p1a: Matcha|brn\n|-enditem|p1a: Matcha|Sitrus Berry|[eat]\n|-heal|p1a: Matcha|57/100 brn|[from] item: Sitrus Berry\n|-damage|p2a: Charizard|81/100|[from] Recoil\n|move|p2b: Milotic|Icy Wind|p1a: Matcha|[spread] p1a,p1b\n|-supereffective|p1a: Matcha|1\n|-damage|p1a: Matcha|33/100 brn\n|-damage|p1b: Crow no.43|86/100\n|-unboost|p1a: Matcha|spe|1\n|-unboost|p1b: Crow no.43|spe|1\n|move|p1a: Matcha|Matcha Gotcha|p2b: Milotic|[spread] p2a,p2b\n|-resisted|p2a: Charizard|2\n|-supereffective|p2b: Milotic|1\n|-damage|p2a: Charizard|73/100\n|-heal|p1a: Matcha|37/100 brn|[from] drain|[of] p2a: Charizard\n|-damage|p2b: Milotic|63/100\n|-heal|p1a: Matcha|61/100 brn|[from] drain|[of] p2b: Milotic\n|move|p1b: Crow no.43|Hurricane|p2a: Charizard\n|-damage|p2a: Charizard|30/100\n|-start|p2a: Charizard|confusion\n|\n|-weather|RainDance|[upkeep]\n|-heal|p2b: Milotic|69/100|[from] item: Leftovers\n|-damage|p1a: Matcha|55/100 brn|[from] brn\n|upkeep\n|turn|4\n|inactive|Jinxed_lll has 30 seconds left.\n|\n|t:|1776660825\n|switch|p2a: Sinistcha|Sinistcha, L50|100/100\n|-heal|p2b: Milotic|94/100|[from] ability: Hospitality|[of] p2a: Sinistcha\n|move|p2b: Milotic|Icy Wind|p1b: Crow no.43|[spread] p1a,p1b\n|-supereffective|p1a: Matcha|1\n|-damage|p1a: Matcha|29/100 brn\n|-damage|p1b: Crow no.43|71/100\n|-unboost|p1a: Matcha|spe|1\n|-unboost|p1b: Crow no.43|spe|1\n|move|p1b: Crow no.43|Hurricane|p2a: Sinistcha\n|-supereffective|p2a: Sinistcha|1\n|-damage|p2a: Sinistcha|36/100\n|-start|p2a: Sinistcha|confusion\n|-enditem|p2a: Sinistcha|Sitrus Berry|[eat]\n|-heal|p2a: Sinistcha|61/100|[from] item: Sitrus Berry\n|move|p1a: Matcha|Trick Room|p1a: Matcha\n|-fieldstart|move: Trick Room|[of] p1a: Matcha\n|\n|-weather|RainDance|[upkeep]\n|-heal|p2b: Milotic|100/100|[from] item: Leftovers\n|-damage|p1a: Matcha|23/100 brn|[from] brn\n|upkeep\n|turn|5\n|inactive|Bmansp has 30 seconds left.\n|\n|t:|1776660851\n|move|p1b: Crow no.43|Hurricane|p2a: Sinistcha\n|-supereffective|p2a: Sinistcha|1\n|-damage|p2a: Sinistcha|0 fnt\n|faint|p2a: Sinistcha\n|move|p1a: Matcha|Life Dew|p1a: Matcha|[spread] p1a,p1b\n|-heal|p1a: Matcha|48/100 brn\n|-heal|p1b: Crow no.43|96/100\n|move|p2b: Milotic|Icy Wind|p1a: Matcha|[spread] p1b\n|-miss|p2b: Milotic|p1a: Matcha\n|-damage|p1b: Crow no.43|81/100\n|-unboost|p1b: Crow no.43|spe|1\n|\n|-weather|none\n|-damage|p1a: Matcha|42/100 brn|[from] brn\n|upkeep\n|\n|t:|1776660856\n|switch|p2a: Charizard|Charizard-Mega-X, L50, M|30/100\n|turn|6\n|inactive|Bmansp has 30 seconds left.\n|\n|t:|1776660884\n|move|p1b: Crow no.43|Hurricane|p2a: Charizard|[miss]\n|-miss|p1b: Crow no.43|p2a: Charizard\n|move|p1a: Matcha|Life Dew|p1a: Matcha|[spread] p1a,p1b\n|-heal|p1a: Matcha|67/100 brn\n|-heal|p1b: Crow no.43|100/100\n|move|p2b: Milotic|Icy Wind|p1b: Crow no.43|[spread] p1a,p1b\n|-supereffective|p1a: Matcha|1\n|-damage|p1a: Matcha|42/100 brn\n|-damage|p1b: Crow no.43|85/100\n|-unboost|p1a: Matcha|spe|1\n|-unboost|p1b: Crow no.43|spe|1\n|move|p2a: Charizard|Dragon Claw|p1a: Matcha\n|-damage|p1a: Matcha|0 fnt\n|faint|p1a: Matcha\n|\n|upkeep\n|turn|7\n|\n|t:|1776660898\n|move|p2a: Charizard|Protect|p2a: Charizard\n|-singleturn|p2a: Charizard|Protect\n|move|p1b: Crow no.43|Ice Beam|p2a: Charizard\n|-activate|p2a: Charizard|move: Protect\n|move|p2b: Milotic|Scald|p1b: Crow no.43\n|-resisted|p1b: Crow no.43|1\n|-damage|p1b: Crow no.43|65/100\n|\n|upkeep\n|turn|8\n|\n|t:|1776660911\n|move|p1b: Crow no.43|Ice Beam|p2a: Charizard\n|-damage|p2a: Charizard|5/100\n|move|p2b: Milotic|Scald|p1b: Crow no.43\n|-resisted|p1b: Crow no.43|1\n|-damage|p1b: Crow no.43|43/100\n|move|p2a: Charizard|Dragon Claw|p1b: Crow no.43\n|-damage|p1b: Crow no.43|0 fnt\n|faint|p1b: Crow no.43\n|\n|win|Bmansp\n|raw|Jinxed_lll's rating: 1140 &rarr; <strong>1122</strong><br />(-18 for losing)\n|raw|Bmansp's rating: 1235 &rarr; <strong>1253</strong><br />(+18 for winning)\n",
  "uploadtime": 1776660911,
  "views": 5,
  "formatid": "gen9championsvgc2026regma",
  "rating": 1122,
  "private": 0,
  "password": null
}