{
  "id": "gen9championsvgc2026regma-2586266647",
  "format": "[Gen 9 Champions] VGC 2026 Reg M-A",
  "players": [
    "Gulptubus",
    "galbiazzoh"
  ],
  "log": "|j|\u2606Gulptubus\n|j|\u2606galbiazzoh\n|t:|1776419244\n|gametype|doubles\n|player|p1|Gulptubus|pokemonranger-gen4|1161\n|player|p2|galbiazzoh|li|1205\n|gen|9\n|tier|[Gen 9 Champions] VGC 2026 Reg M-A\n|rated|\n|rule|Species Clause: Limit one of each Pok\u00e9mon\n|rule|Item Clause: Limit 1 of each item\n|clearpoke\n|poke|p1|Tyranitar, L50, M|\n|poke|p1|Aerodactyl, L50, F|\n|poke|p1|Garchomp, L50, F|\n|poke|p1|Incineroar, L50, F|\n|poke|p1|Sinistcha, L50|\n|poke|p1|Milotic, L50, F|\n|poke|p2|Kangaskhan, L50, F|\n|poke|p2|Sneasler, L50, M|\n|poke|p2|Sinistcha, L50|\n|poke|p2|Talonflame, L50, F|\n|poke|p2|Gyarados, L50, F|\n|poke|p2|Garchomp, L50, F|\n|teampreview|4\ngalbiazzoh has agreed to open team sheets.\nGulptubus has agreed to open team sheets.\n|showteam|p1|Tyranitar||Tyranitarite|SandStream|RockSlide,KnockOff,LowKick,Protect|||M|||50|]Aerodactyl||FocusSash|Unnerve|RockSlide,DualWingbeat,Protect,Tailwind|||F|||50|]Garchomp||WhiteHerb|RoughSkin|Earthquake,DragonClaw,StompingTantrum,Protect|||F|||50|]Incineroar||ChopleBerry|Intimidate|FakeOut,FlareBlitz,DarkestLariat,PartingShot|||F|||50|]Sinistcha||SitrusBerry|Hospitality|MatchaGotcha,RagePowder,TrickRoom,Imprison||||||50|]Milotic||Leftovers|Competitive|Scald,IcyWind,Recover,Protect|||F|||50|\n|showteam|p2|Kangaskhan||Kangaskhanite|Scrappy|BodySlam,SuckerPunch,DrainPunch,FakeOut|||F|||50|]Sneasler||WhiteHerb|Unburden|CloseCombat,DireClaw,FakeOut,Coaching|||M|||50|]Sinistcha||Leftovers|Hospitality|MatchaGotcha,TrickRoom,RagePowder,LifeDew||||||50|]Talonflame||FocusSash|GaleWings|DualWingbeat,Tailwind,WillOWisp,Protect|||F|||50|]Gyarados||WacanBerry|Intimidate|Waterfall,Taunt,HelpingHand,Protect|||F|||50|]Garchomp||ChoiceScarf|RoughSkin|DragonClaw,Earthquake,StompingTantrum,RockSlide|||F|||50|\n|\n|t:|1776419287\n|teamsize|p1|4\n|teamsize|p2|4\n|start\n|switch|p1a: Aerodactyl|Aerodactyl, L50, F|100/100\n|switch|p1b: Incineroar|Incineroar, L50, F|100/100\n|switch|p2a: Sneasler|Sneasler, L50, M|100/100\n|switch|p2b: Kangaskhan|Kangaskhan, L50, F|100/100\n|-ability|p1a: Aerodactyl|Unnerve\n|-ability|p1b: Incineroar|Intimidate|boost\n|-unboost|p2a: Sneasler|atk|1\n|-fail|p2b: Kangaskhan|unboost|Attack|[from] ability: Scrappy|[of] p2b: Kangaskhan\n|-enditem|p2a: Sneasler|White Herb\n|-clearnegativeboost|p2a: Sneasler|[silent]\n|turn|1\n|\n|t:|1776419318\n|switch|p1b: Sinistcha|Sinistcha, L50|100/100\n|detailschange|p2b: Kangaskhan|Kangaskhan-Mega, L50, F\n|-mega|p2b: Kangaskhan|Kangaskhan|Kangaskhanite\n|move|p1a: Aerodactyl|Protect|p1a: Aerodactyl\n|-singleturn|p1a: Aerodactyl|Protect\n|move|p2a: Sneasler|Fake Out|p1a: Aerodactyl\n|-activate|p1a: Aerodactyl|move: Protect\n|move|p2b: Kangaskhan|Drain Punch|p1b: Sinistcha\n|-immune|p1b: Sinistcha\n|\n|upkeep\n|turn|2\n|\n|t:|1776419344\n|switch|p2a: Gyarados|Gyarados, L50, F|100/100\n|-ability|p2a: Gyarados|Intimidate|boost\n|-unboost|p1a: Aerodactyl|atk|1\n|-unboost|p1b: Sinistcha|atk|1\n|switch|p1b: Incineroar|Incineroar, L50, F|100/100\n|-ability|p1b: Incineroar|Intimidate|boost\n|-unboost|p2a: Gyarados|atk|1\n|-unboost|p2b: Kangaskhan|atk|1\n|move|p2b: Kangaskhan|Sucker Punch||[still]\n|-fail|p2b: Kangaskhan\n|move|p1a: Aerodactyl|Tailwind|p1a: Aerodactyl\n|-sidestart|p1: Gulptubus|move: Tailwind\n|\n|upkeep\n|turn|3\n|\n|t:|1776419367\n|switch|p2a: Garchomp|Garchomp, L50, F|100/100\n|move|p1b: Incineroar|Fake Out|p2a: Garchomp\n|-damage|p2a: Garchomp|90/100\n|-damage|p1b: Incineroar|88/100|[from] ability: Rough Skin|[of] p2a: Garchomp\n|move|p1a: Aerodactyl|Rock Slide|p2a: Garchomp|[spread] p2a,p2b\n|-resisted|p2a: Garchomp|1\n|-damage|p2a: Garchomp|80/100\n|-damage|p2b: Kangaskhan|87/100\n|move|p2b: Kangaskhan|Drain Punch|p1a: Aerodactyl\n|-damage|p1a: Aerodactyl|69/100\n|-heal|p2b: Kangaskhan|99/100|[from] drain|[of] p1a: Aerodactyl\n|-damage|p1a: Aerodactyl|62/100\n|-heal|p2b: Kangaskhan|100/100|[from] drain|[of] p1a: Aerodactyl\n|-hitcount|p1a: Aerodactyl|2\n|\n|upkeep\n|turn|4\n|inactive|Battle timer is ON: inactive players will automatically lose when time's up. (requested by galbiazzoh)\n|\n|t:|1776419403\n|switch|p1b: Sinistcha|Sinistcha, L50|100/100\n|-heal|p1a: Aerodactyl|86/100|[from] ability: Hospitality|[of] p1b: Sinistcha\n|switch|p2b: Gyarados|Gyarados, L50, F|100/100\n|-ability|p2b: Gyarados|Intimidate|boost\n|-unboost|p1a: Aerodactyl|atk|1\n|-unboost|p1b: Sinistcha|atk|1\n|move|p1a: Aerodactyl|Protect|p1a: Aerodactyl\n|-singleturn|p1a: Aerodactyl|Protect\n|move|p2a: Garchomp|Rock Slide|p1b: Sinistcha|[spread] p1b\n|-activate|p1a: Aerodactyl|move: Protect\n|-damage|p1b: Sinistcha|83/100\n|\n|upkeep\n|turn|5\n|\n|t:|1776419421\n|switch|p1a: Incineroar|Incineroar, L50, F|88/100\n|-ability|p1a: Incineroar|Intimidate|boost\n|-unboost|p2a: Garchomp|atk|1\n|-unboost|p2b: Gyarados|atk|1\n|move|p2b: Gyarados|Helping Hand|p2a: Garchomp\n|-singleturn|p2a: Garchomp|Helping Hand|[of] p2b: Gyarados\n|move|p2a: Garchomp|Rock Slide|p1b: Sinistcha|[spread] p1a,p1b\n|-supereffective|p1a: Incineroar|1\n|-damage|p1a: Incineroar|55/100\n|-damage|p1b: Sinistcha|66/100\n|cant|p1b: Sinistcha|flinch\n|\n|-sideend|p1: Gulptubus|move: Tailwind\n|upkeep\n|turn|6\n|inactive|Gulptubus has 30 seconds left.\n|\n|t:|1776419448\n|switch|p2a: Sneasler|Sneasler, L50, M|100/100\n|switch|p1b: Tyranitar|Tyranitar, L50, M|100/100\n|-weather|Sandstorm|[from] ability: Sand Stream|[of] p1b: Tyranitar\n|move|p2b: Gyarados|Taunt|p1b: Tyranitar\n|-start|p1b: Tyranitar|move: Taunt\n|move|p1a: Incineroar|Parting Shot|p2a: Sneasler\n|-unboost|p2a: Sneasler|atk|1\n|-unboost|p2a: Sneasler|spa|1\n|\n|t:|1776419460\n|switch|p1a: Aerodactyl|Aerodactyl, L50, F|86/100|[from] Parting Shot\n|-ability|p1a: Aerodactyl|Unnerve\n|\n|-weather|Sandstorm|[upkeep]\n|-damage|p2a: Sneasler|95/100|[from] Sandstorm\n|-damage|p2b: Gyarados|95/100|[from] Sandstorm\n|upkeep\n|turn|7\n|\n|t:|1776419480\n|switch|p2b: Kangaskhan|Kangaskhan-Mega, L50, F|100/100\n|detailschange|p1b: Tyranitar|Tyranitar-Mega, L50, M\n|-mega|p1b: Tyranitar|Tyranitar|Tyranitarite\n|move|p2a: Sneasler|Fake Out|p1a: Aerodactyl\n|-resisted|p1a: Aerodactyl|1\n|-damage|p1a: Aerodactyl|79/100\n|cant|p1a: Aerodactyl|flinch\n|move|p1b: Tyranitar|Rock Slide|p2b: Kangaskhan|[spread] p2a,p2b\n|-resisted|p2a: Sneasler|1\n|-damage|p2a: Sneasler|65/100\n|-damage|p2b: Kangaskhan|69/100\n|\n|-weather|Sandstorm|[upkeep]\n|-damage|p2a: Sneasler|59/100|[from] Sandstorm\n|-damage|p2b: Kangaskhan|63/100|[from] Sandstorm\n|upkeep\n|turn|8\n|\n|t:|1776419500\n|switch|p1b: Sinistcha|Sinistcha, L50|66/100\n|-heal|p1a: Aerodactyl|100/100|[from] ability: Hospitality|[of] p1b: Sinistcha\n|move|p2b: Kangaskhan|Fake Out|p1a: Aerodactyl\n|-resisted|p1a: Aerodactyl|1\n|-damage|p1a: Aerodactyl|81/100\n|-resisted|p1a: Aerodactyl|1\n|-damage|p1a: Aerodactyl|78/100\n|-hitcount|p1a: Aerodactyl|2\n|cant|p1a: Aerodactyl|flinch\n|move|p2a: Sneasler|Close Combat|p1a: Aerodactyl\n|-damage|p1a: Aerodactyl|12/100\n|-unboost|p2a: Sneasler|def|1\n|-unboost|p2a: Sneasler|spd|1\n|\n|-weather|Sandstorm|[upkeep]\n|-damage|p2a: Sneasler|53/100|[from] Sandstorm\n|-damage|p2b: Kangaskhan|57/100|[from] Sandstorm\n|-damage|p1b: Sinistcha|60/100|[from] Sandstorm\n|upkeep\n|turn|9\n|inactive|galbiazzoh has 30 seconds left.\n|\n|t:|1776419526\n|switch|p2a: Gyarados|Gyarados, L50, F|95/100\n|-ability|p2a: Gyarados|Intimidate|boost\n|-unboost|p1a: Aerodactyl|atk|1\n|-unboost|p1b: Sinistcha|atk|1\n|switch|p2b: Garchomp|Garchomp, L50, F|80/100\n|move|p1b: Sinistcha|Rage Powder|p1b: Sinistcha\n|-singleturn|p1b: Sinistcha|move: Rage Powder\n|move|p1a: Aerodactyl|Tailwind|p1a: Aerodactyl\n|-sidestart|p1: Gulptubus|move: Tailwind\n|\n|-weather|Sandstorm|[upkeep]\n|-damage|p1b: Sinistcha|54/100|[from] Sandstorm\n|-damage|p2a: Gyarados|89/100|[from] Sandstorm\n|upkeep\n|turn|10\n|\n|t:|1776419545\n|switch|p1b: Incineroar|Incineroar, L50, F|55/100\n|-ability|p1b: Incineroar|Intimidate|boost\n|-unboost|p2a: Gyarados|atk|1\n|-unboost|p2b: Garchomp|atk|1\n|move|p2a: Gyarados|Helping Hand|p2b: Garchomp\n|-singleturn|p2b: Garchomp|Helping Hand|[of] p2a: Gyarados\n|move|p1a: Aerodactyl|Rock Slide|p2b: Garchomp|[spread] p2a,p2b\n|-supereffective|p2a: Gyarados|1\n|-resisted|p2b: Garchomp|1\n|-damage|p2a: Gyarados|50/100\n|-damage|p2b: Garchomp|72/100\n|move|p2b: Garchomp|Earthquake|p1b: Incineroar|[spread] p1b\n|-immune|p2a: Gyarados\n|-immune|p1a: Aerodactyl\n|-supereffective|p1b: Incineroar|1\n|-damage|p1b: Incineroar|0 fnt\n|faint|p1b: Incineroar\n|\n|-weather|none\n|upkeep\n|inactive|Gulptubus has 30 seconds left.\n|inactive|Gulptubus has 20 seconds left.\n|\n|t:|1776419581\n|switch|p1b: Tyranitar|Tyranitar-Mega, L50, M|100/100\n|-weather|Sandstorm|[from] ability: Sand Stream|[of] p1b: Tyranitar\n|turn|11\n|\n|t:|1776419603\n|move|p1a: Aerodactyl|Rock Slide|p2a: Gyarados|[spread] p2a,p2b\n|-supereffective|p2a: Gyarados|1\n|-resisted|p2b: Garchomp|1\n|-damage|p2a: Gyarados|13/100\n|-damage|p2b: Garchomp|64/100\n|move|p2b: Garchomp|Earthquake|p1b: Tyranitar|[spread] p1b\n|-immune|p2a: Gyarados\n|-immune|p1a: Aerodactyl\n|-supereffective|p1b: Tyranitar|1\n|-damage|p1b: Tyranitar|63/100\n|move|p1b: Tyranitar|Knock Off|p2b: Garchomp\n|-damage|p2b: Garchomp|0 fnt\n|-damage|p1b: Tyranitar|51/100|[from] ability: Rough Skin|[of] p2b: Garchomp\n|-enditem|p2b: Garchomp|Choice Scarf|[from] move: Knock Off|[of] p1b: Tyranitar\n|faint|p2b: Garchomp\n|move|p2a: Gyarados|Waterfall|p1a: Aerodactyl\n|-supereffective|p1a: Aerodactyl|1\n|-damage|p1a: Aerodactyl|0 fnt\n|faint|p1a: Aerodactyl\n|\n|-weather|Sandstorm|[upkeep]\n|-damage|p2a: Gyarados|7/100|[from] Sandstorm\n|upkeep\n|\n|t:|1776419626\n|switch|p1a: Sinistcha|Sinistcha, L50|54/100\n|switch|p2b: Sneasler|Sneasler, L50, M|53/100\n|-heal|p1b: Tyranitar|76/100|[from] ability: Hospitality|[of] p1a: Sinistcha\n|turn|12\n|\n|t:|1776419636\n|move|p1b: Tyranitar|Protect|p1b: Tyranitar\n|-singleturn|p1b: Tyranitar|Protect\n|move|p2b: Sneasler|Fake Out|p1b: Tyranitar\n|-activate|p1b: Tyranitar|move: Protect\n|move|p1a: Sinistcha|Rage Powder|p1a: Sinistcha\n|-singleturn|p1a: Sinistcha|move: Rage Powder\n|move|p2a: Gyarados|Taunt|p1a: Sinistcha\n|-start|p1a: Sinistcha|move: Taunt\n|\n|-weather|Sandstorm|[upkeep]\n|-damage|p2b: Sneasler|48/100|[from] Sandstorm\n|-damage|p1a: Sinistcha|48/100|[from] Sandstorm\n|-damage|p2a: Gyarados|1/100|[from] Sandstorm\n|-enditem|p1a: Sinistcha|Sitrus Berry|[eat]\n|-heal|p1a: Sinistcha|72/100|[from] item: Sitrus Berry\n|-sideend|p1: Gulptubus|move: Tailwind\n|upkeep\n|turn|13\n|inactive|Gulptubus has 30 seconds left.\n|\n|t:|1776419662\n|move|p2b: Sneasler|Close Combat|p1b: Tyranitar\n|-supereffective|p1b: Tyranitar|2\n|-damage|p1b: Tyranitar|0 fnt\n|-unboost|p2b: Sneasler|def|1\n|-unboost|p2b: Sneasler|spd|1\n|faint|p1b: Tyranitar\n|move|p2a: Gyarados|Waterfall|p1a: Sinistcha\n|-resisted|p1a: Sinistcha|1\n|-damage|p1a: Sinistcha|62/100\n|move|p1a: Sinistcha|Matcha Gotcha|p2b: Sneasler|[spread] p2a,p2b\n|-resisted|p2b: Sneasler|1\n|-damage|p2a: Gyarados|0 fnt\n|-heal|p1a: Sinistcha|63/100|[from] drain|[of] p2a: Gyarados\n|-damage|p2b: Sneasler|22/100\n|-heal|p1a: Sinistcha|74/100|[from] drain|[of] p2b: Sneasler\n|faint|p2a: Gyarados\n|\n|-weather|Sandstorm|[upkeep]\n|-damage|p2b: Sneasler|17/100|[from] Sandstorm\n|-damage|p1a: Sinistcha|68/100|[from] Sandstorm\n|upkeep\n|\n|t:|1776419667\n|switch|p2a: Kangaskhan|Kangaskhan-Mega, L50, F|57/100\n|turn|14\n|\n|t:|1776419675\n|move|p2a: Kangaskhan|Sucker Punch|p1a: Sinistcha\n|-supereffective|p1a: Sinistcha|1\n|-damage|p1a: Sinistcha|25/100\n|-supereffective|p1a: Sinistcha|1\n|-damage|p1a: Sinistcha|16/100\n|-hitcount|p1a: Sinistcha|2\n|move|p2b: Sneasler|Dire Claw|p1a: Sinistcha\n|-damage|p1a: Sinistcha|0 fnt\n|faint|p1a: Sinistcha\n|\n|win|galbiazzoh\n|raw|Gulptubus's rating: 1161 &rarr; <strong>1139</strong><br />(-22 for losing)\n|raw|galbiazzoh's rating: 1205 &rarr; <strong>1227</strong><br />(+22 for winning)\n|l|\u2606Gulptubus\n|player|p1|\n",
  "uploadtime": 1776419682,
  "views": 24,
  "formatid": "gen9championsvgc2026regma",
  "rating": 1139,
  "private": 0,
  "password": null
}