{
  "id": "gen9championsvgc2026regma-2581445219",
  "format": "[Gen 9 Champions] VGC 2026 Reg M-A",
  "players": [
    "Vulpisfoglia",
    "jerry_g13"
  ],
  "log": "|j|\u2606Vulpisfoglia\n|j|\u2606jerry_g13\n|t:|1776001118\n|gametype|doubles\n|player|p1|Vulpisfoglia|kunoichi2-conquest|1000\n|player|p2|jerry_g13|leon|1077\n|gen|9\n|tier|[Gen 9 Champions] VGC 2026 Reg M-A\n|rated|\n|rule|Species Clause: Limit one of each Pok\u00e9mon\n|rule|Item Clause: Limit 1 of each item\n|clearpoke\n|poke|p1|Charizard, L50, F|\n|poke|p1|Incineroar, L50, F|\n|poke|p1|Tyranitar, L50, F|\n|poke|p1|Whimsicott, L50, M|\n|poke|p1|Dragapult, L50, F|\n|poke|p1|Bellibolt, L50, M|\n|poke|p2|Meganium, L50, F|\n|poke|p2|Incineroar, L50, M|\n|poke|p2|Politoed, L50, M|\n|poke|p2|Basculegion, L50, M|\n|poke|p2|Archaludon, L50, F|\n|poke|p2|Raichu, L50, F|\n|teampreview|4\n|j| AlbannachVGC\n|\n|t:|1776001141\n|teamsize|p1|4\n|teamsize|p2|4\n|start\n|switch|p1a: Bellibolt|Bellibolt, L50, M|100/100\n|switch|p1b: Charizard|Charizard, L50, F|100/100\n|switch|p2a: Incineroar|Incineroar, L50, M|100/100\n|switch|p2b: Raichu|Raichu, L50, F|100/100\n|-ability|p2a: Incineroar|Intimidate|boost\n|-unboost|p1a: Bellibolt|atk|1\n|-unboost|p1b: Charizard|atk|1\n|turn|1\n|\n|t:|1776001168\n|move|p1b: Charizard|Protect|p1b: Charizard\n|-singleturn|p1b: Charizard|Protect\n|move|p1a: Bellibolt|Protect|p1a: Bellibolt\n|-singleturn|p1a: Bellibolt|Protect\n|move|p2b: Raichu|Thunder|p1b: Charizard\n|-activate|p1b: Charizard|move: Protect\n|move|p2a: Incineroar|Parting Shot|p1b: Charizard\n|-activate|p1b: Charizard|move: Protect\n|\n|upkeep\n|turn|2\n|\n|t:|1776001186\n|switch|p1b: Tyranitar|Tyranitar, L50, F|100/100\n|-weather|Sandstorm|[from] ability: Sand Stream|[of] p1b: Tyranitar\n|move|p2b: Raichu|Thunder|p1b: Tyranitar\n|-damage|p1b: Tyranitar|74/100\n|move|p2a: Incineroar|Parting Shot|p1b: Tyranitar\n|-unboost|p1b: Tyranitar|atk|1\n|-unboost|p1b: Tyranitar|spa|1\n|\n|t:|1776001196\n|switch|p2a: Politoed|Politoed, L50, M|100/100|[from] Parting Shot\n|-weather|RainDance|[from] ability: Drizzle|[of] p2a: Politoed\n|move|p1a: Bellibolt|Weather Ball|p2a: Politoed\n|-resisted|p2a: Politoed|1\n|-damage|p2a: Politoed|84/100\n|\n|-weather|RainDance|[upkeep]\n|-heal|p1b: Tyranitar|80/100|[from] item: Leftovers\n|upkeep\n|turn|3\n|\n|t:|1776001210\n|move|p2b: Raichu|Thunder|p1b: Tyranitar\n|-damage|p1b: Tyranitar|43/100\n|move|p2a: Politoed|Weather Ball|p1b: Tyranitar\n|-supereffective|p1b: Tyranitar|1\n|-damage|p1b: Tyranitar|0 fnt\n|faint|p1b: Tyranitar\n|move|p1a: Bellibolt|Weather Ball|p2b: Raichu\n|-damage|p2b: Raichu|25/100\n|\n|-weather|RainDance|[upkeep]\n|upkeep\n|\n|t:|1776001239\n|switch|p1b: Charizard|Charizard, L50, F|100/100\n|turn|4\n|\n|t:|1776001251\n|move|p1b: Charizard|Protect|p1b: Charizard\n|-singleturn|p1b: Charizard|Protect\n|move|p2b: Raichu|Thunder|p1b: Charizard\n|-activate|p1b: Charizard|move: Protect\n|move|p2a: Politoed|Weather Ball|p1b: Charizard\n|-activate|p1b: Charizard|move: Protect\n|move|p1a: Bellibolt|Weather Ball|p2b: Raichu\n|-damage|p2b: Raichu|0 fnt\n|faint|p2b: Raichu\n|\n|-weather|RainDance|[upkeep]\n|upkeep\n|\n|t:|1776001265\n|switch|p2b: Meganium|Meganium, L50, F|100/100\n|turn|5\n|\n|t:|1776001276\n|detailschange|p2b: Meganium|Meganium-Mega, L50, F\n|-mega|p2b: Meganium|Meganium|Meganiumite\n|detailschange|p1b: Charizard|Charizard-Mega-Y, L50, F\n|-mega|p1b: Charizard|Charizard|Charizardite Y\n|-weather|SunnyDay|[from] ability: Drought|[of] p1b: Charizard\n|move|p2b: Meganium|Solar Beam||[still]\n|-prepare|p2b: Meganium|Solar Beam\n|-anim|p2b: Meganium|Solar Beam|p1a: Bellibolt\n|-damage|p1a: Bellibolt|34/100\n|-start|p1a: Bellibolt|Charge|Solar Beam|[from] ability: Electromorphosis\n|move|p1b: Charizard|Heat Wave|p2b: Meganium|[spread] p2a\n|-miss|p1b: Charizard|p2b: Meganium\n|-resisted|p2a: Politoed|1\n|-damage|p2a: Politoed|62/100\n|move|p2a: Politoed|Weather Ball|p1b: Charizard\n|-resisted|p1b: Charizard|1\n|-damage|p1b: Charizard|85/100\n|move|p1a: Bellibolt|Thunderbolt|p2a: Politoed\n|-supereffective|p2a: Politoed|1\n|-damage|p2a: Politoed|0 fnt\n|faint|p2a: Politoed\n|-end|p1a: Bellibolt|Charge|[silent]\n|\n|-weather|SunnyDay|[upkeep]\n|upkeep\n|\n|t:|1776001295\n|switch|p2a: Incineroar|Incineroar, L50, M|100/100\n|-ability|p2a: Incineroar|Intimidate|boost\n|-unboost|p1a: Bellibolt|atk|1\n|-unboost|p1b: Charizard|atk|1\n|turn|6\n|\n|t:|1776001306\n|move|p1b: Charizard|Protect|p1b: Charizard\n|-singleturn|p1b: Charizard|Protect\n|move|p2a: Incineroar|Fake Out|p1b: Charizard\n|-activate|p1b: Charizard|move: Protect\n|move|p2b: Meganium|Weather Ball|p1a: Bellibolt\n|-damage|p1a: Bellibolt|0 fnt\n|faint|p1a: Bellibolt\n|\n|-weather|SunnyDay|[upkeep]\n|upkeep\n|\n|t:|1776001313\n|switch|p1a: Dragapult|Dragapult, L50, F|100/100\n|turn|7\n|\n|t:|1776001324\n|move|p1a: Dragapult|Draco Meteor|p2a: Incineroar|[miss]\n|-miss|p1a: Dragapult|p2a: Incineroar\n|move|p2b: Meganium|Weather Ball|p1b: Charizard\n|-resisted|p1b: Charizard|1\n|-damage|p1b: Charizard|57/100\n|move|p1b: Charizard|Heat Wave|p2b: Meganium|[spread] p2b\n|-miss|p1b: Charizard|p2a: Incineroar\n|-supereffective|p2b: Meganium|1\n|-damage|p2b: Meganium|0 fnt\n|faint|p2b: Meganium\n|move|p2a: Incineroar|Darkest Lariat|p1a: Dragapult\n|-supereffective|p1a: Dragapult|1\n|-damage|p1a: Dragapult|10/100\n|\n|-weather|SunnyDay|[upkeep]\n|upkeep\n|turn|8\n|\n|t:|1776001348\n|move|p2a: Incineroar|Protect|p2a: Incineroar\n|-singleturn|p2a: Incineroar|Protect\n|move|p1a: Dragapult|Draco Meteor|p2a: Incineroar\n|-activate|p2a: Incineroar|move: Protect\n|move|p1b: Charizard|Weather Ball|p2a: Incineroar\n|-activate|p2a: Incineroar|move: Protect\n|\n|-weather|SunnyDay|[upkeep]\n|upkeep\n|turn|9\n|\n|t:|1776001358\n|move|p1a: Dragapult|Draco Meteor|p2a: Incineroar\n|-damage|p2a: Incineroar|60/100\n|-unboost|p1a: Dragapult|spa|2\n|move|p1b: Charizard|Weather Ball|p2a: Incineroar\n|-resisted|p2a: Incineroar|1\n|-damage|p2a: Incineroar|21/100\n|move|p2a: Incineroar|Darkest Lariat|p1a: Dragapult\n|-supereffective|p1a: Dragapult|1\n|-damage|p1a: Dragapult|0 fnt\n|faint|p1a: Dragapult\n|\n|-weather|none\n|upkeep\n|turn|10\n|\n|t:|1776001378\n|move|p2a: Incineroar|Protect|p2a: Incineroar\n|-singleturn|p2a: Incineroar|Protect\n|move|p1b: Charizard|Heat Wave|p2a: Incineroar\n|-activate|p2a: Incineroar|move: Protect\n|\n|upkeep\n|turn|11\n|\n|t:|1776001386\n|move|p1b: Charizard|Heat Wave|p2a: Incineroar|[miss]\n|-miss|p1b: Charizard|p2a: Incineroar\n|move|p2a: Incineroar|Darkest Lariat|p1b: Charizard\n|-damage|p1b: Charizard|15/100\n|\n|upkeep\n|turn|12\n|\n|t:|1776001393\n|move|p2a: Incineroar|Protect|p2a: Incineroar\n|-singleturn|p2a: Incineroar|Protect\n|move|p1b: Charizard|Overheat|p2a: Incineroar\n|-activate|p2a: Incineroar|move: Protect\n|\n|upkeep\n|turn|13\n|\n|t:|1776001399\n|move|p1b: Charizard|Overheat|p2a: Incineroar\n|-resisted|p2a: Incineroar|1\n|-damage|p2a: Incineroar|0 fnt\n|-unboost|p1b: Charizard|spa|2\n|faint|p2a: Incineroar\n|\n|win|Vulpisfoglia\n|raw|Vulpisfoglia's rating: 1000 &rarr; <strong>1049</strong><br />(+49 for winning)\n|raw|jerry_g13's rating: 1077 &rarr; <strong>1051</strong><br />(-26 for losing)\n",
  "uploadtime": 1776001406,
  "views": 17,
  "formatid": "gen9championsvgc2026regma",
  "rating": 1049,
  "private": 0,
  "password": null
}