{
  "id": "gen9championsvgc2026regma-2587653217",
  "format": "[Gen 9 Champions] VGC 2026 Reg M-A",
  "players": [
    "Palafin Enjoyer",
    "youngfootsoldier"
  ],
  "log": "|j|\u2606Palafin Enjoyer\n|j|\u2606youngfootsoldier\n|t:|1776550675\n|gametype|doubles\n|player|p1|Palafin Enjoyer|yellow|1090\n|player|p2|youngfootsoldier|cyrus|1024\n|gen|9\n|tier|[Gen 9 Champions] VGC 2026 Reg M-A\n|rated|\n|rule|Species Clause: Limit one of each Pok\u00e9mon\n|rule|Item Clause: Limit 1 of each item\n|clearpoke\n|poke|p1|Palafin, L50, M, shiny|\n|poke|p1|Pelipper, L50, F, shiny|\n|poke|p1|Sneasler, L50, F|\n|poke|p1|Hydreigon, L50, F, shiny|\n|poke|p1|Archaludon, L50, M, shiny|\n|poke|p1|Meganium, L50, F|\n|poke|p2|Aggron, L50, F|\n|poke|p2|Farigiraf, L50, M|\n|poke|p2|Torkoal, L50, M|\n|poke|p2|Camerupt, L50, F|\n|poke|p2|Whimsicott, L50, M|\n|poke|p2|Mimikyu, L50, M|\n|teampreview|4\n|inactive|Battle timer is ON: inactive players will automatically lose when time's up. (requested by youngfootsoldier)\n|inactive|Palafin Enjoyer has 60 seconds left.\n|\n|t:|1776550714\n|teamsize|p1|4\n|teamsize|p2|4\n|start\n|switch|p1a: Palafin|Palafin, L50, M, shiny|100/100\n|switch|p1b: Sneasler|Sneasler, L50, F|100/100\n|switch|p2a: Farigiraf|Farigiraf, L50, M|100/100\n|switch|p2b: Whimsicott|Whimsicott, L50, M|100/100\n|turn|1\n|\n|t:|1776550732\n|switch|p2b: Torkoal|Torkoal, L50, M|100/100\n|-weather|SunnyDay|[from] ability: Drought|[of] p2b: Torkoal\n|detailschange|p1a: Palafin|Palafin-Hero, L50, M, shiny\n|switch|p1a: Pelipper|Pelipper, L50, F, shiny|100/100\n|-weather|RainDance|[from] ability: Drizzle|[of] p1a: Pelipper\n|move|p1b: Sneasler|Dire Claw|p2b: Torkoal\n|-damage|p2b: Torkoal|65/100\n|move|p2a: Farigiraf|Trick Room|p2a: Farigiraf\n|-fieldstart|move: Trick Room|[of] p2a: Farigiraf\n|\n|-weather|RainDance|[upkeep]\n|upkeep\n|turn|2\n|\n|t:|1776550753\n|move|p2b: Torkoal|Protect|p2b: Torkoal\n|-singleturn|p2b: Torkoal|Protect\n|move|p2a: Farigiraf|Psyshock|p1b: Sneasler\n|-supereffective|p1b: Sneasler|2\n|-damage|p1b: Sneasler|0 fnt\n|faint|p1b: Sneasler\n|move|p1a: Pelipper|Weather Ball|p2b: Torkoal\n|-activate|p2b: Torkoal|move: Protect\n|\n|-weather|RainDance|[upkeep]\n|upkeep\n|\n|t:|1776550758\n|switch|p1b: Palafin|Palafin-Hero, L50, M, shiny|100/100\n|-activate|p1b: Palafin|ability: Zero to Hero\n|turn|3\n|\n|t:|1776550764\n|switch|p2b: Whimsicott|Whimsicott, L50, M|100/100\n|move|p2a: Farigiraf|Thunderbolt|p1a: Pelipper\n|-supereffective|p1a: Pelipper|2\n|-enditem|p1a: Pelipper|Focus Sash\n|-damage|p1a: Pelipper|1/100\n|move|p1a: Pelipper|Weather Ball|p2b: Whimsicott\n|-resisted|p2b: Whimsicott|1\n|-damage|p2b: Whimsicott|45/100\n|move|p1b: Palafin|Wave Crash|p2a: Farigiraf\n|-damage|p2a: Farigiraf|0 fnt\n|faint|p2a: Farigiraf\n|-damage|p1b: Palafin|58/100|[from] Recoil\n|\n|-weather|RainDance|[upkeep]\n|upkeep\n|\n|t:|1776550773\n|switch|p2a: Torkoal|Torkoal, L50, M|65/100\n|-weather|SunnyDay|[from] ability: Drought|[of] p2a: Torkoal\n|turn|4\n|\n|t:|1776550787\n|switch|p1a: Hydreigon|Hydreigon, L50, F, shiny|100/100\n|move|p1b: Palafin|Jet Punch|p2a: Torkoal\n|-supereffective|p2a: Torkoal|1\n|-damage|p2a: Torkoal|33/100\n|move|p2a: Torkoal|Eruption|p1b: Palafin|[spread] p1a,p1b\n|-resisted|p1a: Hydreigon|1\n|-resisted|p1b: Palafin|1\n|-damage|p1a: Hydreigon|83/100\n|-damage|p1b: Palafin|41/100\n|move|p2b: Whimsicott|Moonblast|p1b: Palafin\n|-damage|p1b: Palafin|0 fnt\n|faint|p1b: Palafin\n|\n|-weather|SunnyDay|[upkeep]\n|upkeep\n|\n|t:|1776550795\n|switch|p1b: Pelipper|Pelipper, L50, F, shiny|1/100\n|-weather|RainDance|[from] ability: Drizzle|[of] p1b: Pelipper\n|turn|5\n|\n|t:|1776550814\n|move|p1b: Pelipper|Protect|p1b: Pelipper\n|-singleturn|p1b: Pelipper|Protect\n|move|p2b: Whimsicott|Sunny Day|p2b: Whimsicott\n|-weather|SunnyDay\n|move|p2a: Torkoal|Eruption|p1a: Hydreigon|[spread] p1a\n|-activate|p1b: Pelipper|move: Protect\n|-resisted|p1a: Hydreigon|1\n|-damage|p1a: Hydreigon|66/100\n|move|p1a: Hydreigon|Hydro Pump|p2b: Whimsicott\n|-resisted|p2b: Whimsicott|1\n|-damage|p2b: Whimsicott|31/100\n|\n|-weather|SunnyDay|[upkeep]\n|-fieldend|move: Trick Room\n|upkeep\n|turn|6\n|\n|t:|1776550834\n|move|p1a: Hydreigon|Hydro Pump|p2a: Torkoal\n|-supereffective|p2a: Torkoal|1\n|-damage|p2a: Torkoal|0 fnt\n|faint|p2a: Torkoal\n|move|p2b: Whimsicott|Moonblast|p1a: Hydreigon\n|-supereffective|p1a: Hydreigon|2\n|-damage|p1a: Hydreigon|0 fnt\n|faint|p1a: Hydreigon\n|move|p1b: Pelipper|Hurricane|p2b: Whimsicott\n|-supereffective|p2b: Whimsicott|1\n|-damage|p2b: Whimsicott|0 fnt\n|faint|p2b: Whimsicott\n|\n|-weather|SunnyDay|[upkeep]\n|upkeep\n|\n|t:|1776550840\n|switch|p2b: Camerupt|Camerupt, L50, F|100/100\n|turn|7\n|\n|t:|1776550847\n|detailschange|p2b: Camerupt|Camerupt-Mega, L50, F\n|-mega|p2b: Camerupt|Camerupt|Cameruptite\n|move|p1b: Pelipper|Protect|p1b: Pelipper\n|-singleturn|p1b: Pelipper|Protect\n|move|p2b: Camerupt|Eruption|p1b: Pelipper\n|-activate|p1b: Pelipper|move: Protect\n|\n|-weather|SunnyDay|[upkeep]\n|upkeep\n|turn|8\n|\n|t:|1776550854\n|move|p1b: Pelipper|Hurricane|p2b: Camerupt\n|-damage|p2b: Camerupt|56/100\n|-start|p2b: Camerupt|confusion\n|-activate|p2b: Camerupt|confusion\n|-damage|p2b: Camerupt|45/100|[from] confusion\n|\n|-weather|SunnyDay|[upkeep]\n|upkeep\n|turn|9\n|c|\u2606youngfootsoldier|bro\n|c|\u2606youngfootsoldier|\ud83d\ude2d\ud83d\ude2d\ud83d\ude2d\ud83d\ude2d\ud83d\ude2d\n|c|\u2606Palafin Enjoyer|lol\n|\n|t:|1776550871\n|move|p1b: Pelipper|Protect|p1b: Pelipper\n|-singleturn|p1b: Pelipper|Protect\n|-end|p2b: Camerupt|confusion\n|move|p2b: Camerupt|Eruption|p1b: Pelipper\n|-activate|p1b: Pelipper|move: Protect\n|\n|-weather|none\n|upkeep\n|turn|10\n|c|\u2606Palafin Enjoyer|what are the chances I win\n|c|\u2606Palafin Enjoyer|I will feel very bad\n|\n|t:|1776550884\n|move|p1b: Pelipper|Hurricane|p2b: Camerupt\n|-damage|p2b: Camerupt|0 fnt\n|faint|p2b: Camerupt\n|\n|win|Palafin Enjoyer\n|raw|Palafin Enjoyer's rating: 1090 &rarr; <strong>1112</strong><br />(+22 for winning)\n|raw|youngfootsoldier's rating: 1024 &rarr; <strong>1013</strong><br />(-11 for losing)\n|c|\u2606Palafin Enjoyer|LOOOL\n|c|\u2606Palafin Enjoyer|LOLOLOL\n|c|\u2606youngfootsoldier|it is what it is\n|c|\u2606Palafin Enjoyer|gg\n",
  "uploadtime": 1776550906,
  "views": 10,
  "formatid": "gen9championsvgc2026regma",
  "rating": 1013,
  "private": 0,
  "password": null
}