{
  "id": "gen9championsvgc2026regma-2587439751",
  "format": "[Gen 9 Champions] VGC 2026 Reg M-A",
  "players": [
    "woshin00b",
    "EDJPP"
  ],
  "log": "|j|\u2606woshin00b\n|j|\u2606EDJPP\n|t:|1776531943\n|gametype|doubles\n|player|p1|woshin00b|youngcouple-gen4dp|\n|player|p2|EDJPP|volkner|\n|gen|9\n|tier|[Gen 9 Champions] VGC 2026 Reg M-A\n|rated|Tournament battle\n|rule|Species Clause: Limit one of each Pok\u00e9mon\n|rule|Item Clause: Limit 1 of each item\n|raw|<div class=\"infobox\"><details class=\"readmore\" open><summary><strong>1 custom rule:</strong></summary> Force Open Team Sheets</details></div>\n|clearpoke\n|poke|p1|Slowbro, L50, M|\n|poke|p1|Sableye, L50, F|\n|poke|p1|Torkoal, L50, F|\n|poke|p1|Venusaur, L50, M|\n|poke|p1|Basculegion, L50, M|\n|poke|p1|Goodra, L50, M|\n|poke|p2|Froslass, L50, F|\n|poke|p2|Ninetales-Alola, L50, M|\n|poke|p2|Incineroar, L50, M|\n|poke|p2|Tauros-Paldea-Aqua, L50, M|\n|poke|p2|Beedrill, L50, F|\n|poke|p2|Sinistcha, L50|\n|teampreview|4\n|showteam|p1|Slowbro||Slowbronite|Oblivious|TrickRoom,IceBeam,Psychic,BodyPress|||M|||50|]Sableye||RoseliBerry|Prankster|FakeOut,PainSplit,Encore,Substitute|||F|||50|]Torkoal||Charcoal|Drought|Eruption,EarthPower,WeatherBall,BodyPress|||F|||50|]Venusaur||FocusSash|Chlorophyll|EarthPower,Protect,LeafStorm,SludgeBomb|||M|||50|]Basculegion||ChoiceScarf|Adaptability|FlipTurn,WaveCrash,LastRespects,PsychicFangs|||M|||50|]Goodra||Leftovers|SapSipper|Protect,AcidArmor,Flamethrower,BodyPress|||M|||50|\n|showteam|p2|Froslass||Froslassite|SnowCloak|Protect,Blizzard,ShadowBall,NastyPlot|||F|||50|]Ninetales-Alola||FocusSash|SnowWarning|AuroraVeil,Blizzard,IcyWind,Moonblast|||M|||50|]Incineroar||Leftovers|Intimidate|FakeOut,FlareBlitz,PartingShot,DarkestLariat|||M|||50|]Tauros-Paldea-Aqua||MysticWater|Intimidate|AquaJet,CloseCombat,WaveCrash,Protect|||M|||50|]Beedrill||Beedrillite|Swarm|Lunge,PoisonJab,DrillRun,Protect|||F|||50|]Sinistcha||SitrusBerry|Hospitality|LifeDew,MatchaGotcha,Scald,RagePowder||||||50|\n|inactive|Battle timer is ON: inactive players will automatically lose when time's up. (requested by EDJPP)\n|\n|t:|1776531965\n|teamsize|p1|4\n|teamsize|p2|4\n|start\n|switch|p1a: Sableye|Sableye, L50, F|100/100\n|switch|p1b: Slowbro|Slowbro, L50, M|100/100\n|switch|p2a: Ninetales|Ninetales-Alola, L50, M|100/100\n|switch|p2b: Froslass|Froslass, L50, F|100/100\n|-weather|Snowscape|[from] ability: Snow Warning|[of] p2a: Ninetales\n|turn|1\n|\n|t:|1776531986\n|detailschange|p1b: Slowbro|Slowbro-Mega, L50, M\n|-mega|p1b: Slowbro|Slowbro|Slowbronite\n|move|p1a: Sableye|Fake Out|p2a: Ninetales\n|-damage|p2a: Ninetales|93/100\n|move|p2b: Froslass|Nasty Plot|p2b: Froslass\n|-boost|p2b: Froslass|spa|2\n|cant|p2a: Ninetales|flinch\n|move|p1b: Slowbro|Trick Room|p1b: Slowbro\n|-fieldstart|move: Trick Room|[of] p1b: Slowbro\n|\n|-weather|Snowscape|[upkeep]\n|upkeep\n|turn|2\n|\n|t:|1776531997\n|move|p1a: Sableye|Encore|p2b: Froslass\n|-start|p2b: Froslass|Encore\n|move|p1b: Slowbro|Psychic|p2a: Ninetales\n|-damage|p2a: Ninetales|50/100\n|move|p2a: Ninetales|Aurora Veil|p2a: Ninetales\n|-sidestart|p2: EDJPP|move: Aurora Veil\n|move|p2b: Froslass|Nasty Plot|p2b: Froslass\n|-boost|p2b: Froslass|spa|2\n|\n|-weather|Snowscape|[upkeep]\n|upkeep\n|turn|3\n|\n|t:|1776532011\n|move|p1a: Sableye|Encore|p2a: Ninetales\n|-start|p2a: Ninetales|Encore\n|move|p1b: Slowbro|Psychic|p2a: Ninetales\n|-damage|p2a: Ninetales|16/100\n|move|p2a: Ninetales|Aurora Veil||[still]\n|-fail|p2a: Ninetales\n|move|p2b: Froslass|Nasty Plot|p2b: Froslass\n|-boost|p2b: Froslass|spa|2\n|\n|-weather|Snowscape|[upkeep]\n|upkeep\n|turn|4\n|\n|t:|1776532020\n|switch|p2a: Incineroar|Incineroar, L50, M|100/100\n|-ability|p2a: Incineroar|Intimidate|boost\n|-unboost|p1a: Sableye|atk|1\n|-unboost|p1b: Slowbro|atk|1\n|move|p1a: Sableye|Substitute|p1a: Sableye\n|-start|p1a: Sableye|Substitute\n|-damage|p1a: Sableye|76/100\n|move|p1b: Slowbro|Psychic|p2a: Incineroar\n|-immune|p2a: Incineroar\n|move|p2b: Froslass|Nasty Plot|p2b: Froslass\n|-boost|p2b: Froslass|spa|0\n|\n|-weather|Snowscape|[upkeep]\n|-end|p2b: Froslass|Encore\n|upkeep\n|turn|5\n|\n|t:|1776532036\n|move|p2b: Froslass|Protect|p2b: Froslass\n|-singleturn|p2b: Froslass|Protect\n|move|p1a: Sableye|Encore|p2b: Froslass\n|-activate|p2b: Froslass|move: Protect\n|move|p1b: Slowbro|Body Press|p2a: Incineroar\n|-supereffective|p2a: Incineroar|1\n|-crit|p2a: Incineroar\n|-damage|p2a: Incineroar|0 fnt\n|faint|p2a: Incineroar\n|\n|-weather|none\n|-fieldend|move: Trick Room\n|upkeep\n|\n|t:|1776532041\n|switch|p2a: Matcha|Sinistcha, L50|100/100\n|turn|6\n|\n|t:|1776532054\n|detailschange|p2b: Froslass|Froslass-Mega, L50, F\n|-mega|p2b: Froslass|Froslass|Froslassite\n|-weather|Snowscape|[from] ability: Snow Warning|[of] p2b: Froslass\n|move|p2a: Matcha|Rage Powder|p2a: Matcha\n|-singleturn|p2a: Matcha|move: Rage Powder\n|move|p1a: Sableye|Encore|p2a: Matcha\n|-start|p2a: Matcha|Encore\n|move|p2b: Froslass|Blizzard|p1a: Sableye|[spread] p1a,p1b\n|-end|p1a: Sableye|Substitute\n|-resisted|p1b: Slowbro|1\n|-damage|p1b: Slowbro|21/100\n|move|p1b: Slowbro|Trick Room|p1b: Slowbro\n|-fieldstart|move: Trick Room|[of] p1b: Slowbro\n|\n|-weather|Snowscape|[upkeep]\n|-sideend|p2: EDJPP|move: Aurora Veil\n|upkeep\n|turn|7\n|inactive|woshin00b has 30 seconds left.\n|inactive|woshin00b has 20 seconds left.\n|inactive|woshin00b has 15 seconds left.\n|inactive|woshin00b has 10 seconds left.\n|\n|t:|1776532102\n|move|p2a: Matcha|Rage Powder|p2a: Matcha\n|-singleturn|p2a: Matcha|move: Rage Powder\n|move|p1a: Sableye|Substitute|p1a: Sableye\n|-start|p1a: Sableye|Substitute\n|-damage|p1a: Sableye|52/100\n|move|p1b: Slowbro|Ice Beam|p2a: Matcha\n|-supereffective|p2a: Matcha|1\n|-damage|p2a: Matcha|50/100\n|-enditem|p2a: Matcha|Sitrus Berry|[eat]\n|-heal|p2a: Matcha|75/100|[from] item: Sitrus Berry\n|move|p2b: Froslass|Blizzard|p1a: Sableye|[spread] p1a,p1b\n|-end|p1a: Sableye|Substitute\n|-resisted|p1b: Slowbro|1\n|-damage|p1b: Slowbro|0 fnt\n|faint|p1b: Slowbro\n|\n|-weather|Snowscape|[upkeep]\n|upkeep\n|\n|t:|1776532107\n|switch|p1b: Torkoal|Torkoal, L50, F|100/100\n|-weather|SunnyDay|[from] ability: Drought|[of] p1b: Torkoal\n|turn|8\n|\n|t:|1776532117\n|switch|p2a: Ninetales|Ninetales-Alola, L50, M|16/100\n|-weather|Snowscape|[from] ability: Snow Warning|[of] p2a: Ninetales\n|move|p1a: Sableye|Substitute|p1a: Sableye\n|-start|p1a: Sableye|Substitute\n|-damage|p1a: Sableye|27/100\n|move|p1b: Torkoal|Eruption|p2b: Froslass|[spread] p2a,p2b\n|-supereffective|p2a: Ninetales|1\n|-supereffective|p2b: Froslass|1\n|-damage|p2a: Ninetales|0 fnt\n|-damage|p2b: Froslass|0 fnt\n|faint|p2a: Ninetales\n|faint|p2b: Froslass\n|\n|-weather|Snowscape|[upkeep]\n|upkeep\n|\n|t:|1776532125\n|switch|p2b: Matcha|Sinistcha, L50|75/100\n|turn|9\n|\n|t:|1776532130\n|move|p1a: Sableye|Pain Split|p2b: Matcha\n|-sethp|p2b: Matcha|47/100|[from] move: Pain Split|[silent]\n|-sethp|p1a: Sableye|66/100|[from] move: Pain Split\n|move|p1b: Torkoal|Eruption|p2b: Matcha\n|-supereffective|p2b: Matcha|1\n|-damage|p2b: Matcha|0 fnt\n|faint|p2b: Matcha\n|\n|win|woshin00b\n|n|\u2606woshin00b|woshin00b\n|n|\u2606EDJPP|edjpp\n",
  "uploadtime": 1776532138,
  "views": 12,
  "formatid": "gen9championsvgc2026regma",
  "rating": null,
  "private": 0,
  "password": null
}