{
  "id": "gen9championsvgc2026regma-2584706316",
  "format": "[Gen 9 Champions] VGC 2026 Reg M-A",
  "players": [
    "igor36044",
    "ObliviouslyPyro"
  ],
  "log": "|j|\u2606igor36044\n|j|\u2606ObliviouslyPyro\n|t:|1776278052\n|gametype|doubles\n|player|p1|igor36044|170|1029\n|player|p2|ObliviouslyPyro|1|1049\n|gen|9\n|tier|[Gen 9 Champions] VGC 2026 Reg M-A\n|rated|\n|rule|Species Clause: Limit one of each Pok\u00e9mon\n|rule|Item Clause: Limit 1 of each item\n|clearpoke\n|poke|p1|Pelipper, L50, F|\n|poke|p1|Drampa, L50, M|\n|poke|p1|Sinistcha, L50|\n|poke|p1|Alakazam, L50, M|\n|poke|p1|Scizor, L50, F|\n|poke|p1|Basculegion, L50, M|\n|poke|p2|Froslass, L50, F|\n|poke|p2|Gardevoir, L50, F|\n|poke|p2|Kingambit, L50, M|\n|poke|p2|Volcarona, L50, M|\n|poke|p2|Sneasler, L50, F|\n|poke|p2|Espathra, L50, F|\n|teampreview|4\n|c|\u2606ObliviouslyPyro|glhf\n|\n|t:|1776278114\n|teamsize|p1|4\n|teamsize|p2|4\n|start\n|switch|p1a: Drampa|Drampa, L50, M|100/100\n|switch|p1b: Alakazam|Alakazam, L50, M|100/100\n|switch|p2a: Kingambit|Kingambit, L50, M|100/100\n|switch|p2b: Espathra|Espathra, L50, F|100/100\n|turn|1\n|\n|t:|1776278136\n|detailschange|p1a: Drampa|Drampa-Mega, L50, M\n|-mega|p1a: Drampa|Drampa|Drampanite\n|move|p1b: Alakazam|Reflect|p1b: Alakazam\n|-sidestart|p1: igor36044|Reflect\n|move|p2b: Espathra|Lumina Crash|p1a: Drampa\n|-damage|p1a: Drampa|65/100\n|-unboost|p1a: Drampa|spd|2\n|move|p2a: Kingambit|Kowtow Cleave|p1b: Alakazam\n|-supereffective|p1b: Alakazam|1\n|-enditem|p1b: Alakazam|Colbur Berry|[eat]\n|-enditem|p1b: Alakazam|Colbur Berry|[weaken]\n|-damage|p1b: Alakazam|36/100\n|move|p1a: Drampa|Calm Mind|p1a: Drampa\n|-boost|p1a: Drampa|spa|1\n|-boost|p1a: Drampa|spd|1\n|\n|-ability|p2b: Espathra|Speed Boost|boost\n|-boost|p2b: Espathra|spe|1\n|upkeep\n|turn|2\n|\n|t:|1776278163\n|move|p2b: Espathra|Lumina Crash|p1a: Drampa\n|-damage|p1a: Drampa|15/100\n|-unboost|p1a: Drampa|spd|2\n|-ability|p1a: Drampa|Berserk|boost\n|-boost|p1a: Drampa|spa|1\n|move|p1b: Alakazam|Speed Swap|p1a: Drampa\n|-activate|p1b: Alakazam|move: Speed Swap|[of] p1a: Drampa\n|move|p1a: Drampa|Earth Power|p2a: Kingambit\n|-supereffective|p2a: Kingambit|1\n|-damage|p2a: Kingambit|0 fnt\n|faint|p2a: Kingambit\n|\n|-ability|p2b: Espathra|Speed Boost|boost\n|-boost|p2b: Espathra|spe|1\n|upkeep\n|\n|t:|1776278181\n|switch|p2a: Volcarona|Volcarona, L50, M, shiny|100/100\n|turn|3\n|\n|t:|1776278203\n|switch|p1b: Sinistcha|Sinistcha, L50|100/100\n|-heal|p1a: Drampa|39/100|[from] ability: Hospitality|[of] p1b: Sinistcha\n|move|p1a: Drampa|Protect|p1a: Drampa\n|-singleturn|p1a: Drampa|Protect\n|move|p2b: Espathra|Lumina Crash|p1a: Drampa\n|-activate|p1a: Drampa|move: Protect\n|move|p2a: Volcarona|Struggle Bug|p1b: Sinistcha|[spread] p1b\n|-activate|p1a: Drampa|move: Protect\n|-damage|p1b: Sinistcha|80/100\n|-unboost|p1b: Sinistcha|spa|1\n|\n|-ability|p2b: Espathra|Speed Boost|boost\n|-boost|p2b: Espathra|spe|1\n|upkeep\n|turn|4\n|\n|t:|1776278229\n|move|p1b: Sinistcha|Rage Powder|p1b: Sinistcha\n|-singleturn|p1b: Sinistcha|move: Rage Powder\n|move|p2b: Espathra|Hypnosis|p1b: Sinistcha|[miss]\n|-miss|p2b: Espathra|p1b: Sinistcha\n|move|p1a: Drampa|Hyper Voice|p2a: Volcarona|[spread] p2a,p2b\n|-damage|p2a: Volcarona|17/100\n|-enditem|p2b: Espathra|Focus Sash\n|-damage|p2b: Espathra|1/100\n|-enditem|p2a: Volcarona|Sitrus Berry|[eat]\n|-heal|p2a: Volcarona|42/100|[from] item: Sitrus Berry\n|move|p2a: Volcarona|Heat Wave|p1b: Sinistcha|[spread] p1a,p1b\n|-resisted|p1a: Drampa|1\n|-supereffective|p1b: Sinistcha|1\n|-damage|p1a: Drampa|0 fnt\n|-damage|p1b: Sinistcha|0 fnt\n|faint|p1a: Drampa\n|faint|p1b: Sinistcha\n|\n|-ability|p2b: Espathra|Speed Boost|boost\n|-boost|p2b: Espathra|spe|1\n|upkeep\n|\n|t:|1776278250\n|switch|p1b: Alakazam|Alakazam, L50, M|36/100\n|switch|p1a: Scizor|Scizor, L50, F|100/100\n|turn|5\n|c|\u2606ObliviouslyPyro|i genuinely cant deal with espathra's hypnosis bs bruh\n|\n|t:|1776278273\n|move|p1a: Scizor|Bullet Punch|p2b: Espathra\n|-damage|p2b: Espathra|0 fnt\n|faint|p2b: Espathra\n|move|p1b: Alakazam|Light Screen|p1b: Alakazam\n|-sidestart|p1: igor36044|move: Light Screen\n|move|p2a: Volcarona|Heat Wave|p1a: Scizor|[spread] p1a,p1b\n|-supereffective|p1a: Scizor|2\n|-damage|p1a: Scizor|0 fnt\n|-damage|p1b: Alakazam|7/100\n|faint|p1a: Scizor\n|\n|-sideend|p1: igor36044|Reflect\n|upkeep\n|\n|t:|1776278282\n|switch|p2b: Froslass|Froslass, L50, F, shiny|100/100\n|turn|6\n|\n|t:|1776278288\n|detailschange|p2b: Froslass|Froslass-Mega, L50, F, shiny\n|-mega|p2b: Froslass|Froslass|Froslassite\n|-weather|Snowscape|[from] ability: Snow Warning|[of] p2b: Froslass\n|move|p1b: Alakazam|Psychic|p2b: Froslass\n|-damage|p2b: Froslass|48/100\n|move|p2b: Froslass|Blizzard|p1b: Alakazam\n|-damage|p1b: Alakazam|0 fnt\n|faint|p1b: Alakazam\n|\n|win|ObliviouslyPyro\n|raw|igor36044's rating: 1029 &rarr; <strong>1015</strong><br />(-14 for losing)\n|raw|ObliviouslyPyro's rating: 1049 &rarr; <strong>1080</strong><br />(+31 for winning)\n|c|\u2606ObliviouslyPyro|ggs\n",
  "uploadtime": 1776278301,
  "views": 21,
  "formatid": "gen9championsvgc2026regma",
  "rating": 1015,
  "private": 0,
  "password": null
}