{
  "id": "gen9championsvgc2026regma-2581073622",
  "format": "[Gen 9 Champions] VGC 2026 Reg M-A",
  "players": [
    "loklastaji",
    "webi webo"
  ],
  "log": "|j|\u2606loklastaji\n|j|\u2606webi webo\n|t:|1775957351\n|gametype|doubles\n|player|p1|loklastaji|101|1130\n|player|p2|webi webo|n|1115\n|gen|9\n|tier|[Gen 9 Champions] VGC 2026 Reg M-A\n|rated|\n|rule|Species Clause: Limit one of each Pok\u00e9mon\n|rule|Item Clause: Limit 1 of each item\n|clearpoke\n|poke|p1|Samurott-Hisui, L50, M|\n|poke|p1|Mamoswine, L50, M|\n|poke|p1|Delphox, L50, F|\n|poke|p1|Clefable, L50, F|\n|poke|p1|Corviknight, L50, M|\n|poke|p1|Dragonite, L50, F|\n|poke|p2|Charizard, L50, M|\n|poke|p2|Incineroar, L50, F|\n|poke|p2|Milotic, L50, F|\n|poke|p2|Tyranitar, L50, F|\n|poke|p2|Sneasler, L50, F|\n|poke|p2|Sinistcha, L50|\n|teampreview|4\n|\n|t:|1775957395\n|teamsize|p1|4\n|teamsize|p2|4\n|start\n|switch|p1a: Mamoswine|Mamoswine, L50, M|100/100\n|switch|p1b: Samurott|Samurott-Hisui, L50, M|100/100\n|switch|p2a: Incineroar|Incineroar, L50, F|100/100\n|switch|p2b: Sneasler|Sneasler, L50, F|100/100\n|-ability|p2a: Incineroar|Intimidate|boost\n|-fail|p1a: Mamoswine|unboost|Attack|[from] ability: Oblivious|[of] p1a: Mamoswine\n|-unboost|p1b: Samurott|atk|1\n|-enditem|p1b: Samurott|White Herb\n|-clearnegativeboost|p1b: Samurott|[silent]\n|turn|1\n|inactive|Battle timer is ON: inactive players will automatically lose when time's up. (requested by webi webo)\n|\n|t:|1775957435\n|switch|p1b: Corviknight|Corviknight, L50, M|100/100\n|move|p2b: Sneasler|Fake Out|p1a: Mamoswine\n|-damage|p1a: Mamoswine|83/100\n|move|p2a: Incineroar|Fake Out|p1b: Corviknight\n|-resisted|p1b: Corviknight|1\n|-damage|p1b: Corviknight|94/100\n|cant|p1a: Mamoswine|flinch\n|\n|-heal|p1b: Corviknight|99/100|[from] item: Leftovers\n|upkeep\n|turn|2\n|inactive|loklastaji has 30 seconds left.\n|inactive|webi webo has 30 seconds left.\n|\n|t:|1775957469\n|move|p1a: Mamoswine|Earthquake|p2a: Incineroar|[spread] p2a,p2b\n|-immune|p1b: Corviknight\n|-supereffective|p2a: Incineroar|1\n|-supereffective|p2b: Sneasler|1\n|-crit|p2b: Sneasler\n|-damage|p2a: Incineroar|34/100\n|-damage|p2b: Sneasler|0 fnt\n|-enditem|p2a: Incineroar|Sitrus Berry|[eat]\n|-heal|p2a: Incineroar|59/100|[from] item: Sitrus Berry\n|faint|p2b: Sneasler\n|move|p1b: Corviknight|Tailwind|p1b: Corviknight\n|-sidestart|p1: loklastaji|move: Tailwind\n|move|p2a: Incineroar|Flare Blitz|p1b: Corviknight\n|-supereffective|p1b: Corviknight|1\n|-damage|p1b: Corviknight|0 fnt\n|faint|p1b: Corviknight\n|-damage|p2a: Incineroar|26/100|[from] Recoil\n|\n|upkeep\n|\n|t:|1775957493\n|switch|p2b: Charizard|Charizard, L50, M|100/100\n|switch|p1b: Delphox|Delphox, L50, F|100/100\n|turn|3\n|inactive|loklastaji has 30 seconds left.\n|\n|t:|1775957520\n|switch|p1a: Samurott|Samurott-Hisui, L50, M|100/100\n|switch|p2a: Milotic|Milotic, L50, F, shiny|100/100\n|move|p1b: Delphox|Protect|p1b: Delphox\n|-singleturn|p1b: Delphox|Protect\n|move|p2b: Charizard|Dragon Dance|p2b: Charizard\n|-boost|p2b: Charizard|atk|1\n|-boost|p2b: Charizard|spe|1\n|\n|upkeep\n|turn|4\n|inactive|loklastaji has 30 seconds left.\n|\n|t:|1775957549\n|detailschange|p1b: Delphox|Delphox-Mega, L50, F\n|-mega|p1b: Delphox|Delphox|Delphoxite\n|move|p2b: Charizard|Protect|p2b: Charizard\n|-singleturn|p2b: Charizard|Protect\n|move|p1b: Delphox|Grass Knot|p2a: Milotic\n|-supereffective|p2a: Milotic|1\n|-damage|p2a: Milotic|50/100\n|move|p1a: Samurott|Ceaseless Edge|p2a: Milotic\n|-damage|p2a: Milotic|0 fnt\n|-sidestart|p2: webi webo|Spikes\n|faint|p2a: Milotic\n|\n|upkeep\n|\n|t:|1775957561\n|switch|p2a: Incineroar|Incineroar, L50, F|26/100\n|-damage|p2a: Incineroar|14/100|[from] Spikes\n|-ability|p2a: Incineroar|Intimidate|boost\n|-unboost|p1a: Samurott|atk|1\n|-unboost|p1b: Delphox|atk|1\n|turn|5\n|inactive|loklastaji has 30 seconds left.\n|inactive|loklastaji has 20 seconds left.\n|inactive|webi webo has 30 seconds left.\n|inactive|webi webo has 20 seconds left.\n|inactive|webi webo has 15 seconds left.\n|\n|t:|1775957623\n|detailschange|p2b: Charizard|Charizard-Mega-X, L50, M\n|-mega|p2b: Charizard|Charizard|Charizardite X\n|move|p2a: Incineroar|Fake Out|p1a: Samurott\n|-damage|p1a: Samurott|83/100\n|move|p1b: Delphox|Psychic|p2b: Charizard\n|-damage|p2b: Charizard|27/100\n|cant|p1a: Samurott|flinch\n|move|p2b: Charizard|Dragon Claw|p1b: Delphox\n|-damage|p1b: Delphox|0 fnt\n|faint|p1b: Delphox\n|\n|-sideend|p1: loklastaji|move: Tailwind\n|upkeep\n|\n|t:|1775957639\n|switch|p1b: Mamoswine|Mamoswine, L50, M|83/100\n|turn|6\n|inactive|webi webo has 30 seconds left.\n|\n|t:|1775957665\n|move|p2b: Charizard|Protect|p2b: Charizard\n|-singleturn|p2b: Charizard|Protect\n|move|p1a: Samurott|Sucker Punch||[still]\n|-fail|p1a: Samurott\n|move|p1b: Mamoswine|Earthquake|p2b: Charizard|[spread] p1a,p2a\n|-activate|p2b: Charizard|move: Protect\n|-supereffective|p2a: Incineroar|1\n|-damage|p1a: Samurott|33/100\n|-damage|p2a: Incineroar|0 fnt\n|faint|p2a: Incineroar\n|\n|upkeep\n|turn|7\n|\n|t:|1775957690\n|move|p2b: Charizard|Protect||[still]\n|-fail|p2b: Charizard\n|move|p1a: Samurott|Sucker Punch||[still]\n|-fail|p1a: Samurott\n|move|p1b: Mamoswine|Earthquake|p2b: Charizard|[spread] p1a,p2b\n|-supereffective|p2b: Charizard|1\n|-damage|p1a: Samurott|0 fnt\n|-damage|p2b: Charizard|0 fnt\n|faint|p1a: Samurott\n|faint|p2b: Charizard\n|\n|win|loklastaji\n|raw|loklastaji's rating: 1130 &rarr; <strong>1154</strong><br />(+24 for winning)\n|raw|webi webo's rating: 1115 &rarr; <strong>1091</strong><br />(-24 for losing)\n|l|\u2606webi webo\n|player|p2|\n",
  "uploadtime": 1775957700,
  "views": 13,
  "formatid": "gen9championsvgc2026regma",
  "rating": 1091,
  "private": 0,
  "password": null
}