{
  "id": "gen9championsvgc2026regma-2589593215",
  "format": "[Gen 9 Champions] VGC 2026 Reg M-A",
  "players": [
    "me fat",
    "nuovolovo"
  ],
  "log": "|init|battle\n|title|me fat vs. nuovolovo\n|j|\u2606me fat\n|j|\u2606nuovolovo\n|t:|1776737267\n|gametype|doubles\n|player|p1|me fat|101|1051\n|player|p2|nuovolovo|2|1129\n|gen|9\n|tier|[Gen 9 Champions] VGC 2026 Reg M-A\n|rated|\n|rule|Species Clause: Limit one of each Pok\u00e9mon\n|rule|Item Clause: Limit 1 of each item\n|clearpoke\n|poke|p1|Conkeldurr, L50, M|\n|poke|p1|Maushold, L50|\n|poke|p1|Farigiraf, L50, M|\n|poke|p1|Incineroar, L50, F|\n|poke|p1|Gardevoir, L50, F|\n|poke|p1|Dragapult, L50, M|\n|poke|p2|Aerodactyl, L50, F|\n|poke|p2|Dragapult, L50, M|\n|poke|p2|Farigiraf, L50, M|\n|poke|p2|Gardevoir, L50, F|\n|poke|p2|Milotic, L50, F|\n|poke|p2|Sneasler, L50, F|\n|teampreview|4\nme fat rejected open team sheets.\n|\n|t:|1776737293\n|teamsize|p1|4\n|teamsize|p2|4\n|start\n|switch|p1a: Farigiraf|Farigiraf, L50, M|100/100\n|switch|p1b: Incineroar|Incineroar, L50, F|100/100\n|switch|p2a: Gardevoir|Gardevoir, L50, F|100/100\n|switch|p2b: Sneasler|Sneasler, L50, F|100/100\n|-ability|p2a: Gardevoir|Intimidate|Trace|[from] ability: Trace|[of] p1b: Incineroar\n|-ability|p2a: Gardevoir|Intimidate|boost\n|-unboost|p1a: Farigiraf|atk|1\n|-unboost|p1b: Incineroar|atk|1\n|-ability|p1b: Incineroar|Intimidate|boost\n|-unboost|p2a: Gardevoir|atk|1\n|-unboost|p2b: Sneasler|atk|1\n|-enditem|p2b: Sneasler|White Herb\n|-clearnegativeboost|p2b: Sneasler|[silent]\n|turn|1\n|inactive|Battle timer is ON: inactive players will automatically lose when time's up. (requested by nuovolovo)\n|\n|t:|1776737305\n|move|p1b: Incineroar|Fake Out|p2b: Sneasler\n|-damage|p2b: Sneasler|88/100\n|cant|p2b: Sneasler|flinch\n|move|p2a: Gardevoir|Calm Mind|p2a: Gardevoir\n|-boost|p2a: Gardevoir|spa|1\n|-boost|p2a: Gardevoir|spd|1\n|move|p1a: Farigiraf|Trick Room|p1a: Farigiraf\n|-fieldstart|move: Trick Room|[of] p1a: Farigiraf\n|\n|upkeep\n|turn|2\n|\n|t:|1776737321\n|switch|p2b: Milotic|Milotic, L50, F|100/100\n|move|p2a: Gardevoir|Protect|p2a: Gardevoir\n|-singleturn|p2a: Gardevoir|Protect\n|move|p1a: Farigiraf|Psychic|p2b: Milotic\n|-damage|p2b: Milotic|77/100\n|move|p1b: Incineroar|Throat Chop|p2a: Gardevoir\n|-activate|p2a: Gardevoir|move: Protect\n|\n|-heal|p2b: Milotic|83/100|[from] item: Leftovers\n|upkeep\n|turn|3\n|\n|t:|1776737333\n|switch|p1a: Conkeldurr|Conkeldurr, L50, M|100/100\n|detailschange|p2a: Gardevoir|Gardevoir-Mega, L50, F\n|-mega|p2a: Gardevoir|Gardevoir|Gardevoirite\n|move|p1b: Incineroar|Throat Chop|p2a: Gardevoir\n|-damage|p2a: Gardevoir|65/100\n|-start|p2a: Gardevoir|Throat Chop|[silent]\n|move|p2b: Milotic|Coil|p2b: Milotic\n|-boost|p2b: Milotic|atk|1\n|-boost|p2b: Milotic|def|1\n|-boost|p2b: Milotic|accuracy|1\n|cant|p2a: Gardevoir|move: Throat Chop\n|\n|-heal|p2b: Milotic|90/100|[from] item: Leftovers\n|upkeep\n|turn|4\n|\n|t:|1776737348\n|move|p2a: Gardevoir|Protect|p2a: Gardevoir\n|-singleturn|p2a: Gardevoir|Protect\n|move|p1a: Conkeldurr|Drain Punch|p2b: Milotic\n|-damage|p2b: Milotic|46/100\n|move|p1b: Incineroar|Throat Chop|p2b: Milotic\n|-damage|p2b: Milotic|30/100\n|-start|p2b: Milotic|Throat Chop|[silent]\n|move|p2b: Milotic|Hypnosis|p1a: Conkeldurr\n|-status|p1a: Conkeldurr|slp|[from] move: Hypnosis\n|\n|-heal|p2b: Milotic|36/100|[from] item: Leftovers\n|-end|p2a: Gardevoir|Throat Chop|[silent]\n|upkeep\n|turn|5\n|\n|t:|1776737363\n|switch|p1a: Gardevoir|Gardevoir, L50, F|100/100\n|move|p1b: Incineroar|Parting Shot|p2a: Gardevoir\n|-unboost|p2a: Gardevoir|atk|1\n|-unboost|p2a: Gardevoir|spa|1\n|\n|t:|1776737367\n|switch|p1b: Conkeldurr|Conkeldurr, L50, M|100/100 slp|[from] Parting Shot\n|move|p2b: Milotic|Recover|p2b: Milotic\n|-heal|p2b: Milotic|86/100\n|move|p2a: Gardevoir|Calm Mind|p2a: Gardevoir\n|-boost|p2a: Gardevoir|spa|1\n|-boost|p2a: Gardevoir|spd|1\n|\n|-heal|p2b: Milotic|92/100|[from] item: Leftovers\n|-end|p2b: Milotic|Throat Chop|[silent]\n|-fieldend|move: Trick Room\n|upkeep\n|turn|6\n|inactive|me fat has 30 seconds left.\n|inactive|me fat has 20 seconds left.\n|-message|me fat forfeited.\n|\n|win|nuovolovo",
  "uploadtime": 1776737407,
  "rating": 1129,
  "source": "spectated"
}