{
  "id": "gen9championsvgc2026regma-2586449405",
  "format": "[Gen 9 Champions] VGC 2026 Reg M-A",
  "players": [
    "asomebot",
    "jjc001"
  ],
  "log": "|j|\u2606asomebot\n|j|\u2606jjc001\n|t:|1776435462\n|gametype|doubles\n|player|p1|asomebot|170|1172\n|player|p2|jjc001|2|1146\n|gen|9\n|tier|[Gen 9 Champions] VGC 2026 Reg M-A\n|rated|\n|rule|Species Clause: Limit one of each Pok\u00e9mon\n|rule|Item Clause: Limit 1 of each item\n|clearpoke\n|poke|p1|Pelipper, L50, M|\n|poke|p1|Azumarill, L50, M|\n|poke|p1|Raichu, L50, F|\n|poke|p1|Basculegion, L50, M|\n|poke|p1|Archaludon, L50, M|\n|poke|p1|Dragonite, L50, F|\n|poke|p2|Tsareena, L50, F|\n|poke|p2|Kleavor, L50, F|\n|poke|p2|Tyranitar, L50, F|\n|poke|p2|Excadrill, L50, M|\n|poke|p2|Empoleon, L50, M|\n|poke|p2|Clefable, L50, F|\n|teampreview|4\n|inactive|Battle timer is ON: inactive players will automatically lose when time's up. (requested by jjc001)\n|\n|t:|1776435514\n|teamsize|p1|4\n|teamsize|p2|4\n|start\n|switch|p1a: Pelipper|Pelipper, L50, M|100/100\n|switch|p1b: Dragonite|Dragonite, L50, F|100/100\n|switch|p2a: Tsareena|Tsareena, L50, F|100/100\n|switch|p2b: Clefable|Clefable, L50, F|100/100\n|-weather|RainDance|[from] ability: Drizzle|[of] p1a: Pelipper\n|turn|1\n|\n|t:|1776435532\n|detailschange|p1b: Dragonite|Dragonite-Mega, L50, F\n|-mega|p1b: Dragonite|Dragonite|Dragoninite\n|move|p2a: Tsareena|Triple Axel|p1b: Dragonite\n|-supereffective|p1b: Dragonite|2\n|-crit|p1b: Dragonite\n|-damage|p1b: Dragonite|78/100\n|-supereffective|p1b: Dragonite|2\n|-damage|p1b: Dragonite|30/100\n|-supereffective|p1b: Dragonite|2\n|-damage|p1b: Dragonite|0 fnt\n|faint|p1b: Dragonite\n|-hitcount|p1: Dragonite|3\n|move|p1a: Pelipper|Tailwind|p1a: Pelipper\n|-sidestart|p1: asomebot|move: Tailwind\n|move|p2b: Clefable|Thunderbolt|p1a: Pelipper\n|-supereffective|p1a: Pelipper|2\n|-damage|p1a: Pelipper|0 fnt\n|faint|p1a: Pelipper\n|\n|-weather|RainDance|[upkeep]\n|upkeep\n|\n|t:|1776435548\n|switch|p1b: Basculegion|Basculegion, L50, M|100/100\n|switch|p1a: Azumarill|Azumarill, L50, M|100/100\n|turn|2\n|\n|t:|1776435572\n|switch|p2a: Tyranitar|Tyranitar, L50, F|100/100\n|-weather|Sandstorm|[from] ability: Sand Stream|[of] p2a: Tyranitar\n|move|p1b: Basculegion|Last Respects|p2a: Tyranitar\n|-resisted|p2a: Tyranitar|1\n|-damage|p2a: Tyranitar|71/100\n|move|p1a: Azumarill|Belly Drum|p1a: Azumarill\n|-damage|p1a: Azumarill|50/100\n|-setboost|p1a: Azumarill|atk|6|[from] move: Belly Drum\n|-enditem|p1a: Azumarill|Sitrus Berry|[eat]\n|-heal|p1a: Azumarill|75/100|[from] item: Sitrus Berry\n|move|p2b: Clefable|Thunderbolt|p1a: Azumarill\n|-supereffective|p1a: Azumarill|1\n|-damage|p1a: Azumarill|31/100\n|\n|-weather|Sandstorm|[upkeep]\n|-damage|p1b: Basculegion|94/100|[from] Sandstorm\n|-damage|p1a: Azumarill|25/100|[from] Sandstorm\n|-damage|p2b: Clefable|95/100|[from] Sandstorm\n|-heal|p2a: Tyranitar|77/100|[from] item: Leftovers\n|upkeep\n|turn|3\n|inactive|asomebot has 30 seconds left.\n|inactive|asomebot has 20 seconds left.\n|\n|t:|1776435611\n|switch|p2a: Tsareena|Tsareena, L50, F|100/100\n|move|p1a: Azumarill|Aqua Jet||[still]\n|cant|p2a: Tsareena|ability: Queenly Majesty|Aqua Jet|[of] p1a: Azumarill\n|move|p1b: Basculegion|Wave Crash|p2a: Tsareena\n|-resisted|p2a: Tsareena|1\n|-damage|p2a: Tsareena|55/100\n|-damage|p1b: Basculegion|83/100|[from] Recoil\n|move|p2b: Clefable|Thunderbolt|p1b: Basculegion\n|-supereffective|p1b: Basculegion|1\n|-damage|p1b: Basculegion|36/100\n|\n|-weather|Sandstorm|[upkeep]\n|-damage|p1b: Basculegion|30/100|[from] Sandstorm\n|-damage|p2a: Tsareena|49/100|[from] Sandstorm\n|-damage|p1a: Azumarill|19/100|[from] Sandstorm\n|-damage|p2b: Clefable|89/100|[from] Sandstorm\n|upkeep\n|turn|4\n|inactive|asomebot has 30 seconds left.\n|inactive|asomebot has 20 seconds left.\n|inactive|asomebot has 15 seconds left.\n|inactive|asomebot has 10 seconds left.\n|\n|t:|1776435661\n|move|p1b: Basculegion|Last Respects|p2a: Tsareena\n|-damage|p2a: Tsareena|0 fnt\n|faint|p2a: Tsareena\n|move|p1a: Azumarill|Liquidation|p2b: Clefable\n|-damage|p2b: Clefable|38/100\n|-enditem|p2b: Clefable|Sitrus Berry|[eat]\n|-heal|p2b: Clefable|62/100|[from] item: Sitrus Berry\n|move|p2b: Clefable|Thunderbolt|p1a: Azumarill\n|-supereffective|p1a: Azumarill|1\n|-damage|p1a: Azumarill|0 fnt\n|faint|p1a: Azumarill\n|\n|-weather|Sandstorm|[upkeep]\n|-damage|p1b: Basculegion|24/100|[from] Sandstorm\n|-damage|p2b: Clefable|57/100|[from] Sandstorm\n|-sideend|p1: asomebot|move: Tailwind\n|upkeep\n|\n|t:|1776435669\n|switch|p2a: Excadrill|Excadrill, L50, M|100/100\n|turn|5\n|inactive|asomebot has 30 seconds left.\n|\n|t:|1776435699\n|move|p1b: Basculegion|Aqua Jet|p2a: Excadrill\n|-supereffective|p2a: Excadrill|1\n|-damage|p2a: Excadrill|35/100\n|move|p2a: Excadrill|Iron Head|p1b: Basculegion\n|-resisted|p1b: Basculegion|1\n|-damage|p1b: Basculegion|0 fnt\n|faint|p1b: Basculegion\n|\n|win|jjc001\n|raw|asomebot's rating: 1172 &rarr; <strong>1145</strong><br />(-27 for losing)\n|raw|jjc001's rating: 1146 &rarr; <strong>1173</strong><br />(+27 for winning)\n|l|\u2606asomebot\n|player|p1|\n",
  "uploadtime": 1776435715,
  "views": 34,
  "formatid": "gen9championsvgc2026regma",
  "rating": 1145,
  "private": 0,
  "password": null
}