{
  "id": "gen9championsvgc2026regma-2587761586",
  "format": "[Gen 9 Champions] VGC 2026 Reg M-A",
  "players": [
    "AzInNow!",
    "null_is_cool"
  ],
  "log": "|j|\u2606AzInNow!\n|j|\u2606null_is_cool\n|t:|1776561368\n|gametype|doubles\n|player|p1|AzInNow!|hilbert|1161\n|player|p2|null_is_cool|2|1126\n|gen|9\n|tier|[Gen 9 Champions] VGC 2026 Reg M-A\n|rated|\n|rule|Species Clause: Limit one of each Pok\u00e9mon\n|rule|Item Clause: Limit 1 of each item\n|clearpoke\n|poke|p1|Floette-Eternal, L50, F|\n|poke|p1|Incineroar, L50, M|\n|poke|p1|Sinistcha, L50|\n|poke|p1|Sneasler, L50, F|\n|poke|p1|Rotom-Wash, L50|\n|poke|p1|Garchomp, L50, F|\n|poke|p2|Excadrill, L50, F, shiny|\n|poke|p2|Tyranitar, L50, M, shiny|\n|poke|p2|Corviknight, L50, F, shiny|\n|poke|p2|Kommo-o, L50, M, shiny|\n|poke|p2|Incineroar, L50, M, shiny|\n|poke|p2|Sinistcha-Masterpiece, L50|\n|teampreview|4\n|inactive|Battle timer is ON: inactive players will automatically lose when time's up. (requested by AzInNow!)\n|inactive|AzInNow! has 60 seconds left.\n|inactive|null_is_cool has 60 seconds left.\n|inactive|null_is_cool has 30 seconds left.\n|inactive|null_is_cool has 20 seconds left.\n|inactive|null_is_cool has 15 seconds left.\n|\n|t:|1776561448\n|teamsize|p1|4\n|teamsize|p2|4\n|start\n|switch|p1a: Sneasler|Sneasler, L50, F|100/100\n|switch|p1b: Rotom|Rotom-Wash, L50|100/100\n|switch|p2a: Corviknight|Corviknight, L50, F, shiny|100/100\n|switch|p2b: Excadrill|Excadrill, L50, F, shiny|100/100\n|turn|1\n|\n|t:|1776561459\n|move|p2b: Excadrill|Protect|p2b: Excadrill\n|-singleturn|p2b: Excadrill|Protect\n|move|p1a: Sneasler|Fake Out|p2b: Excadrill\n|-activate|p2b: Excadrill|move: Protect\n|move|p1b: Rotom|Hydro Pump|p2b: Excadrill\n|-activate|p2b: Excadrill|move: Protect\n|move|p2a: Corviknight|Tailwind|p2a: Corviknight\n|-sidestart|p2: null_is_cool|move: Tailwind\n|\n|upkeep\n|turn|2\n|inactive|null_is_cool has 30 seconds left.\n|inactive|null_is_cool has 20 seconds left.\n|\n|t:|1776561497\n|switch|p2b: Incineroar|Incineroar, L50, M, shiny|100/100\n|-ability|p2b: Incineroar|Intimidate|boost\n|-unboost|p1a: Sneasler|atk|1\n|-unboost|p1b: Rotom|atk|1\n|move|p1a: Sneasler|Protect|p1a: Sneasler\n|-singleturn|p1a: Sneasler|Protect\n|move|p2a: Corviknight|Bulk Up|p2a: Corviknight\n|-boost|p2a: Corviknight|atk|1\n|-boost|p2a: Corviknight|def|1\n|move|p1b: Rotom|Hydro Pump|p2b: Incineroar\n|-supereffective|p2b: Incineroar|1\n|-enditem|p2b: Incineroar|Passho Berry|[eat]\n|-enditem|p2b: Incineroar|Passho Berry|[weaken]\n|-damage|p2b: Incineroar|61/100\n|\n|upkeep\n|turn|3\n|inactive|AzInNow! has 30 seconds left.\n|\n|t:|1776561531\n|move|p2b: Incineroar|Fake Out|p1a: Sneasler\n|-damage|p1a: Sneasler|77/100\n|cant|p1a: Sneasler|flinch\n|move|p2a: Corviknight|Brave Bird|p1a: Sneasler\n|-supereffective|p1a: Sneasler|1\n|-damage|p1a: Sneasler|0 fnt\n|faint|p1a: Sneasler\n|-damage|p2a: Corviknight|81/100|[from] Recoil\n|move|p1b: Rotom|Volt Switch|p2a: Corviknight\n|-supereffective|p2a: Corviknight|1\n|-damage|p2a: Corviknight|31/100\n|\n|t:|1776561538\n|switch|p1b: Floette|Floette-Eternal, L50, F|100/100|[from] Volt Switch\n|\n|-heal|p2a: Corviknight|37/100|[from] item: Leftovers\n|upkeep\n|\n|t:|1776561544\n|switch|p1a: Rotom|Rotom-Wash, L50|100/100\n|turn|4\n|\n|t:|1776561565\n|detailschange|p1b: Floette|Floette-Mega, L50, F\n|-mega|p1b: Floette|Floette|Floettite\n|-ability|p1b: Floette|Fairy Aura\n|move|p2b: Incineroar|Parting Shot|p1b: Floette\n|-unboost|p1b: Floette|atk|1\n|-unboost|p1b: Floette|spa|1\n|\n|t:|1776561578\n|switch|p2b: Excadrill|Excadrill, L50, F, shiny|100/100|[from] Parting Shot\n|move|p2a: Corviknight|Roost|p2a: Corviknight\n|-heal|p2a: Corviknight|87/100\n|-singleturn|p2a: Corviknight|move: Roost\n|move|p1b: Floette|Dazzling Gleam|p2b: Excadrill|[spread] p2a,p2b\n|-resisted|p2a: Corviknight|1\n|-resisted|p2b: Excadrill|1\n|-damage|p2a: Corviknight|73/100\n|-damage|p2b: Excadrill|81/100\n|move|p1a: Rotom|Volt Switch|p2a: Corviknight\n|-crit|p2a: Corviknight\n|-damage|p2a: Corviknight|36/100\n|\n|t:|1776561592\n|switch|p1a: Sinistcha|Sinistcha, L50|100/100|[from] Volt Switch\n|\n|-heal|p2a: Corviknight|42/100|[from] item: Leftovers\n|-sideend|p2: null_is_cool|move: Tailwind\n|upkeep\n|turn|5\n|\n|t:|1776561609\n|switch|p1b: Rotom|Rotom-Wash, L50|100/100\n|switch|p2b: Kommo-o|Kommo-o, L50, M, shiny|100/100\n|move|p1a: Sinistcha|Matcha Gotcha|p2a: Corviknight|[spread] p2a,p2b\n|-resisted|p2a: Corviknight|2\n|-resisted|p2b: Kommo-o|1\n|-damage|p2a: Corviknight|37/100\n|-damage|p2b: Kommo-o|90/100\n|-status|p2a: Corviknight|brn\n|move|p2a: Corviknight|Brave Bird|p1a: Sinistcha\n|-supereffective|p1a: Sinistcha|1\n|-damage|p1a: Sinistcha|57/100\n|-damage|p2a: Corviknight|24/100 brn|[from] Recoil\n|\n|-heal|p2a: Corviknight|30/100 brn|[from] item: Leftovers\n|-damage|p2a: Corviknight|24/100 brn|[from] brn\n|upkeep\n|turn|6\n|\n|t:|1776561630\n|move|p2b: Kommo-o|Clangorous Soul|p2b: Kommo-o\n|-boost|p2b: Kommo-o|atk|1\n|-boost|p2b: Kommo-o|def|1\n|-boost|p2b: Kommo-o|spa|1\n|-boost|p2b: Kommo-o|spd|1\n|-boost|p2b: Kommo-o|spe|1\n|-damage|p2b: Kommo-o|57/100\n|move|p1b: Rotom|Will-O-Wisp|p2b: Kommo-o|[miss]\n|-miss|p1b: Rotom|p2b: Kommo-o\n|move|p1a: Sinistcha|Life Dew||[still]|[spread] p1a,p1b\n|-heal|p1a: Sinistcha|82/100\n|-fail|p1b: Rotom|heal\n|move|p2a: Corviknight|Tailwind|p2a: Corviknight\n|-sidestart|p2: null_is_cool|move: Tailwind\n|\n|-heal|p2a: Corviknight|30/100 brn|[from] item: Leftovers\n|-damage|p2a: Corviknight|24/100 brn|[from] brn\n|upkeep\n|turn|7\n|inactive|AzInNow! has 30 seconds left.\n|inactive|AzInNow! has 20 seconds left.\n|inactive|AzInNow! has 15 seconds left.\n|\n|t:|1776561675\n|move|p2b: Kommo-o|Clanging Scales|p1b: Rotom|[spread] p1a,p1b\n|-damage|p1a: Sinistcha|28/100\n|-damage|p1b: Rotom|50/100\n|-enditem|p1a: Sinistcha|Sitrus Berry|[eat]\n|-heal|p1a: Sinistcha|53/100|[from] item: Sitrus Berry\n|-unboost|p2b: Kommo-o|def|1\n|move|p2a: Corviknight|Brave Bird|p1a: Sinistcha\n|-supereffective|p1a: Sinistcha|1\n|-damage|p1a: Sinistcha|2/100\n|-damage|p2a: Corviknight|9/100 brn|[from] Recoil\n|move|p1b: Rotom|Hydro Pump|p2a: Corviknight\n|-damage|p2a: Corviknight|0 fnt\n|faint|p2a: Corviknight\n|move|p1a: Sinistcha|Matcha Gotcha|p2b: Kommo-o\n|-resisted|p2b: Kommo-o|1\n|-damage|p2b: Kommo-o|46/100\n|-heal|p1a: Sinistcha|8/100|[from] drain|[of] p2b: Kommo-o\n|\n|-heal|p1b: Rotom|56/100|[from] item: Leftovers\n|upkeep\n|\n|t:|1776561697\n|switch|p2a: Incineroar|Incineroar, L50, M, shiny|61/100\n|-ability|p2a: Incineroar|Intimidate|boost\n|-unboost|p1a: Sinistcha|atk|1\n|-unboost|p1b: Rotom|atk|1\n|turn|8\n|\n|t:|1776561705\n|move|p2a: Incineroar|Fake Out|p1b: Rotom\n|-damage|p1b: Rotom|44/100\n|move|p1a: Sinistcha|Rage Powder|p1a: Sinistcha\n|-singleturn|p1a: Sinistcha|move: Rage Powder\n|move|p2b: Kommo-o|Clangorous Soul|p2b: Kommo-o\n|-boost|p2b: Kommo-o|atk|1\n|-boost|p2b: Kommo-o|def|1\n|-boost|p2b: Kommo-o|spa|1\n|-boost|p2b: Kommo-o|spd|1\n|-boost|p2b: Kommo-o|spe|1\n|-damage|p2b: Kommo-o|13/100\n|cant|p1b: Rotom|flinch\n|\n|-heal|p1b: Rotom|50/100|[from] item: Leftovers\n|upkeep\n|turn|9\n|\n|t:|1776561729\n|move|p1a: Sinistcha|Rage Powder|p1a: Sinistcha\n|-singleturn|p1a: Sinistcha|move: Rage Powder\n|move|p2b: Kommo-o|Clanging Scales|p1a: Sinistcha|[spread] p1a,p1b\n|-crit|p1a: Sinistcha\n|-damage|p1a: Sinistcha|0 fnt\n|-damage|p1b: Rotom|0 fnt\n|faint|p1a: Sinistcha\n|faint|p1b: Rotom\n|-unboost|p2b: Kommo-o|def|1\n|move|p2a: Incineroar|Throat Chop|p1: Sinistcha|[notarget]\n|-fail|p2a: Incineroar\n|\n|-sideend|p2: null_is_cool|move: Tailwind\n|upkeep\n|\n|t:|1776561734\n|switch|p1b: Floette|Floette-Mega, L50, F|100/100\n|-ability|p1b: Floette|Fairy Aura\n|turn|10\n|\n|t:|1776561759\n|move|p2b: Kommo-o|Aura Sphere|p1b: Floette\n|-resisted|p1b: Floette|1\n|-damage|p1b: Floette|75/100\n|move|p1b: Floette|Dazzling Gleam|p2a: Incineroar|[spread] p2a,p2b\n|-supereffective|p2b: Kommo-o|2\n|-damage|p2a: Incineroar|16/100\n|-damage|p2b: Kommo-o|0 fnt\n|faint|p2b: Kommo-o\n|move|p2a: Incineroar|Parting Shot|p1b: Floette\n|-unboost|p1b: Floette|atk|1\n|-unboost|p1b: Floette|spa|1\n|\n|t:|1776561762\n|switch|p2a: Excadrill|Excadrill, L50, F, shiny|81/100|[from] Parting Shot\n|\n|upkeep\n|\n|t:|1776561764\n|switch|p2b: Incineroar|Incineroar, L50, M, shiny|16/100\n|-ability|p2b: Incineroar|Intimidate|boost\n|-unboost|p1b: Floette|atk|1\n|turn|11\n|\n|t:|1776561776\n|move|p1b: Floette|Protect|p1b: Floette\n|-singleturn|p1b: Floette|Protect\n|move|p2b: Incineroar|Fake Out|p1b: Floette\n|-activate|p1b: Floette|move: Protect\n|move|p2a: Excadrill|Iron Head|p1b: Floette\n|-activate|p1b: Floette|move: Protect\n|\n|upkeep\n|turn|12\n|\n|t:|1776561796\n|move|p1b: Floette|Moonblast|p2a: Excadrill\n|-resisted|p2a: Excadrill|1\n|-damage|p2a: Excadrill|48/100\n|move|p2a: Excadrill|Iron Head|p1b: Floette\n|-supereffective|p1b: Floette|1\n|-damage|p1b: Floette|0 fnt\n|faint|p1b: Floette\n|\n|win|null_is_cool\n|raw|AzInNow!'s rating: 1161 &rarr; <strong>1133</strong><br />(-28 for losing)\n|raw|null_is_cool's rating: 1126 &rarr; <strong>1154</strong><br />(+28 for winning)\n|l|\u2606AzInNow!\n|player|p1|\n",
  "uploadtime": 1776561855,
  "views": 17,
  "formatid": "gen9championsvgc2026regma",
  "rating": 1133,
  "private": 0,
  "password": null
}