{
  "id": "gen9championsvgc2026regma-2581108592",
  "format": "[Gen 9 Champions] VGC 2026 Reg M-A",
  "players": [
    "QueenAeon",
    "privatepurelove"
  ],
  "log": "|j|\u2606QueenAeon\n|j|\u2606privatepurelove\n|t:|1775960660\n|gametype|doubles\n|player|p1|QueenAeon|1|1030\n|player|p2|privatepurelove|whitney|1109\n|gen|9\n|tier|[Gen 9 Champions] VGC 2026 Reg M-A\n|rated|\n|rule|Species Clause: Limit one of each Pok\u00e9mon\n|rule|Item Clause: Limit 1 of each item\n|clearpoke\n|poke|p1|Charizard, L50, F|\n|poke|p1|Venusaur, L50, F|\n|poke|p1|Whimsicott, L50, F|\n|poke|p1|Tinkaton, L50, F|\n|poke|p1|Primarina, L50, F|\n|poke|p1|Chandelure, L50, F|\n|poke|p2|Glimmora, L50, F|\n|poke|p2|Tyranitar, L50, M|\n|poke|p2|Whimsicott, L50, F|\n|poke|p2|Sinistcha, L50|\n|poke|p2|Incineroar, L50, F|\n|poke|p2|Garchomp, L50, M|\n|teampreview|4\n|\n|t:|1775960701\n|teamsize|p1|4\n|teamsize|p2|4\n|start\n|switch|p1a: Tinkaton|Tinkaton, L50, F|100/100\n|switch|p1b: Charizard|Charizard, L50, F|100/100\n|switch|p2a: Whimsicott|Whimsicott, L50, F|100/100\n|switch|p2b: Glimmora|Glimmora, L50, F, shiny|100/100\n|-ability|p1a: Tinkaton|Mold Breaker\n|turn|1\n|\n|t:|1775960751\n|detailschange|p1b: Charizard|Charizard-Mega-Y, L50, F\n|-mega|p1b: Charizard|Charizard|Charizardite Y\n|-weather|SunnyDay|[from] ability: Drought|[of] p1b: Charizard\n|move|p2a: Whimsicott|Protect|p2a: Whimsicott\n|-singleturn|p2a: Whimsicott|Protect\n|move|p2b: Glimmora|Spiky Shield|p2b: Glimmora\n|-singleturn|p2b: Glimmora|move: Protect\n|move|p1a: Tinkaton|Fake Out|p2a: Whimsicott\n|-activate|p2a: Whimsicott|move: Protect\n|move|p1b: Charizard|Heat Wave|p2b: Glimmora|[spread] \n|-activate|p2a: Whimsicott|move: Protect\n|-activate|p2b: Glimmora|move: Protect\n|\n|-weather|SunnyDay|[upkeep]\n|upkeep\n|turn|2\n|\n|t:|1775960777\n|switch|p1a: Venusaur|Venusaur, L50, F|100/100\n|detailschange|p2b: Glimmora|Glimmora-Mega, L50, F, shiny\n|-mega|p2b: Glimmora|Glimmora|Glimmoranite\n|move|p2a: Whimsicott|Encore||[still]\n|-fail|p2a: Whimsicott\n|move|p2b: Glimmora|Power Gem|p1b: Charizard\n|-supereffective|p1b: Charizard|2\n|-damage|p1b: Charizard|0 fnt\n|faint|p1b: Charizard\n|\n|-weather|SunnyDay|[upkeep]\n|upkeep\n|\n|t:|1775960784\n|switch|p1b: Tinkaton|Tinkaton, L50, F|100/100\n|-ability|p1b: Tinkaton|Mold Breaker\n|turn|3\n|\n|t:|1775960811\n|move|p2a: Whimsicott|Protect|p2a: Whimsicott\n|-singleturn|p2a: Whimsicott|Protect\n|move|p2b: Glimmora|Spiky Shield|p2b: Glimmora\n|-singleturn|p2b: Glimmora|move: Protect\n|move|p1a: Venusaur|Earth Power|p2b: Glimmora\n|-activate|p2b: Glimmora|move: Protect\n|move|p1b: Tinkaton|Knock Off|p2a: Whimsicott\n|-activate|p2a: Whimsicott|move: Protect\n|\n|-weather|SunnyDay|[upkeep]\n|upkeep\n|turn|4\n|\n|t:|1775960843\n|move|p2a: Whimsicott|Tailwind|p2a: Whimsicott\n|-sidestart|p2: privatepurelove|move: Tailwind\n|move|p2b: Glimmora|Sludge Bomb|p1a: Venusaur\n|-damage|p1a: Venusaur|20/100\n|move|p1a: Venusaur|Earth Power|p2b: Glimmora\n|-supereffective|p2b: Glimmora|2\n|-damage|p2b: Glimmora|0 fnt\n|faint|p2b: Glimmora\n|move|p1b: Tinkaton|Knock Off|p2a: Whimsicott\n|-resisted|p2a: Whimsicott|1\n|-damage|p2a: Whimsicott|88/100\n|-enditem|p2a: Whimsicott|Mental Herb|[from] move: Knock Off|[of] p1b: Tinkaton\n|\n|-weather|SunnyDay|[upkeep]\n|upkeep\n|\n|t:|1775960849\n|switch|p2b: Garchomp|Garchomp, L50, M|100/100\n|turn|5\n|\n|t:|1775960856\n|move|p2a: Whimsicott|Protect|p2a: Whimsicott\n|-singleturn|p2a: Whimsicott|Protect\n|move|p2b: Garchomp|Earthquake|p1b: Tinkaton|[spread] p1a,p1b\n|-activate|p2a: Whimsicott|move: Protect\n|-supereffective|p1b: Tinkaton|1\n|-damage|p1a: Venusaur|0 fnt\n|-damage|p1b: Tinkaton|22/100\n|faint|p1a: Venusaur\n|move|p1b: Tinkaton|Knock Off|p2b: Garchomp\n|-damage|p2b: Garchomp|81/100\n|-enditem|p2b: Garchomp|White Herb|[from] move: Knock Off|[of] p1b: Tinkaton\n|\n|-weather|none\n|upkeep\n|\n|t:|1775960861\n|switch|p1a: Primarina|Primarina, L50, F|100/100\n|turn|6\n|\n|t:|1775960892\n|move|p2a: Whimsicott|Moonblast|p1a: Primarina\n|-damage|p1a: Primarina|68/100\n|move|p2b: Garchomp|Earthquake|p1b: Tinkaton|[spread] p2a,p1a,p1b\n|-resisted|p2a: Whimsicott|1\n|-supereffective|p1b: Tinkaton|1\n|-damage|p2a: Whimsicott|61/100\n|-damage|p1a: Primarina|25/100\n|-damage|p1b: Tinkaton|0 fnt\n|faint|p1b: Tinkaton\n|move|p1a: Primarina|Icy Wind|p2b: Garchomp|[spread] p2a,p2b\n|-supereffective|p2a: Whimsicott|1\n|-supereffective|p2b: Garchomp|2\n|-damage|p2a: Whimsicott|11/100\n|-damage|p2b: Garchomp|14/100\n|-unboost|p2a: Whimsicott|spe|1\n|-unboost|p2b: Garchomp|spe|1\n|\n|upkeep\n|turn|7\n|\n|t:|1775960908\n|move|p2a: Whimsicott|Moonblast|p1a: Primarina\n|-damage|p1a: Primarina|0 fnt\n|faint|p1a: Primarina\n|\n|win|privatepurelove\n|raw|QueenAeon's rating: 1030 &rarr; <strong>1019</strong><br />(-11 for losing)\n|raw|privatepurelove's rating: 1109 &rarr; <strong>1128</strong><br />(+19 for winning)\n|l|\u2606QueenAeon\n|player|p1|\n",
  "uploadtime": 1775960920,
  "views": 17,
  "formatid": "gen9championsvgc2026regma",
  "rating": 1019,
  "private": 0,
  "password": null
}