{
  "id": "gen9championsvgc2026regma-2586308053",
  "format": "[Gen 9 Champions] VGC 2026 Reg M-A",
  "players": [
    "razzldaaz",
    "Sparksan"
  ],
  "log": "|j|\u2606razzldaaz\n|j|\u2606Sparksan\n|t:|1776423717\n|gametype|doubles\n|player|p1|razzldaaz|2|1123\n|player|p2|Sparksan|cheryl|1022\n|gen|9\n|tier|[Gen 9 Champions] VGC 2026 Reg M-A\n|rated|\n|rule|Species Clause: Limit one of each Pok\u00e9mon\n|rule|Item Clause: Limit 1 of each item\n|clearpoke\n|poke|p1|Froslass, L50, F|\n|poke|p1|Incineroar, L50, M|\n|poke|p1|Basculegion, L50, M|\n|poke|p1|Corviknight, L50, M|\n|poke|p1|Dragapult, L50, M|\n|poke|p1|Ditto, L50|\n|poke|p2|Kommo-o, L50, M|\n|poke|p2|Aggron, L50, M|\n|poke|p2|Milotic, L50, F|\n|poke|p2|Armarouge, L50, M|\n|poke|p2|Corviknight, L50, F|\n|poke|p2|Beedrill, L50, F|\n|teampreview|4\n|\n|t:|1776423752\n|teamsize|p1|4\n|teamsize|p2|4\n|start\n|switch|p1a: Corviknight|Corviknight, L50, M|100/100\n|switch|p1b: Dragapult|Dragapult, L50, M|100/100\n|switch|p2a: Milotic|Milotic, L50, F, shiny|100/100\n|switch|p2b: Armarouge|Armarouge, L50, M, shiny|100/100\n|turn|1\n|\n|t:|1776423780\n|move|p1b: Dragapult|Phantom Force||[still]\n|-prepare|p1b: Dragapult|Phantom Force\n|move|p2a: Milotic|Ice Beam|p1b: Dragapult|[miss]\n|-miss|p2a: Milotic|p1b: Dragapult\n|move|p2b: Armarouge|Armor Cannon|p1a: Corviknight\n|-supereffective|p1a: Corviknight|1\n|-damage|p1a: Corviknight|0 fnt\n|-unboost|p2b: Armarouge|def|1\n|-unboost|p2b: Armarouge|spd|1\n|faint|p1a: Corviknight\n|\n|upkeep\n|\n|t:|1776423793\n|switch|p1a: Froslass|Froslass, L50, F|100/100\n|turn|2\n|\n|t:|1776423819\n|switch|p2b: Aggron|Aggron, L50, M, shiny|100/100\n|detailschange|p1a: Froslass|Froslass-Mega, L50, F\n|-mega|p1a: Froslass|Froslass|Froslassite\n|-weather|Snowscape|[from] ability: Snow Warning|[of] p1a: Froslass\n|move|p1b: Dragapult|Phantom Force|p2b: Aggron|[from] lockedmove\n|-damage|p2b: Aggron|75/100\n|move|p1a: Froslass|Aurora Veil|p1a: Froslass\n|-sidestart|p1: razzldaaz|move: Aurora Veil\n|move|p2a: Milotic|Weather Ball|p1b: Dragapult\n|-supereffective|p1b: Dragapult|1\n|-damage|p1b: Dragapult|47/100\n|\n|-weather|Snowscape|[upkeep]\n|upkeep\n|turn|3\n|\n|t:|1776423847\n|switch|p1a: Ditto|Ditto, L50|100/100\n|-transform|p1a: Ditto|p2b: Aggron|[from] ability: Imposter\n|move|p1b: Dragapult|Phantom Force||[still]\n|-prepare|p1b: Dragapult|Phantom Force\n|move|p2a: Milotic|Scald|p1a: Ditto\n|-supereffective|p1a: Ditto|1\n|-damage|p1a: Ditto|20/100\n|-status|p1a: Ditto|brn\n|move|p2b: Aggron|Heavy Slam|p1b: Dragapult|[miss]\n|-miss|p2b: Aggron|p1b: Dragapult\n|\n|-weather|Snowscape|[upkeep]\n|-damage|p1a: Ditto|14/100 brn|[from] brn\n|upkeep\n|turn|4\n|c|\u2606razzldaaz|crazy\n|inactive|Battle timer is ON: inactive players will automatically lose when time's up. (requested by razzldaaz)\n|\n|t:|1776423892\n|detailschange|p2b: Aggron|Aggron-Mega, L50, M, shiny\n|-mega|p2b: Aggron|Aggron|Aggronite\n|move|p1b: Dragapult|Phantom Force|p2a: Milotic|[from] lockedmove\n|-damage|p2a: Milotic|50/100\n|move|p1a: Ditto|Body Press|p2b: Aggron\n|-supereffective|p2b: Aggron|1\n|-damage|p2b: Aggron|63/100\n|move|p2a: Milotic|Weather Ball|p1b: Dragapult\n|-supereffective|p1b: Dragapult|1\n|-damage|p1b: Dragapult|0 fnt\n|faint|p1b: Dragapult\n|move|p2b: Aggron|High Horsepower|p1a: Ditto\n|-supereffective|p1a: Ditto|2\n|-damage|p1a: Ditto|0 fnt\n|faint|p1a: Ditto\n|\n|-weather|Snowscape|[upkeep]\n|upkeep\n|\n|t:|1776423909\n|switch|p1b: Froslass|Froslass-Mega, L50, F|100/100\n|turn|5\n|\n|t:|1776423917\n|move|p1b: Froslass|Blizzard|p2b: Aggron|[spread] p2a,p2b\n|-resisted|p2a: Milotic|1\n|-resisted|p2b: Aggron|1\n|-damage|p2a: Milotic|32/100\n|-damage|p2b: Aggron|32/100\n|move|p2a: Milotic|Draining Kiss|p1b: Froslass\n|-crit|p1b: Froslass\n|-damage|p1b: Froslass|72/100\n|-heal|p2a: Milotic|50/100|[from] drain|[of] p1b: Froslass\n|move|p2b: Aggron|Heavy Slam|p1b: Froslass\n|-supereffective|p1b: Froslass|1\n|-damage|p1b: Froslass|0 fnt\n|faint|p1b: Froslass\n|\n|win|Sparksan\n|raw|razzldaaz's rating: 1123 &rarr; <strong>1091</strong><br />(-32 for losing)\n|raw|Sparksan's rating: 1022 &rarr; <strong>1069</strong><br />(+47 for winning)\n|l|\u2606razzldaaz\n|player|p1|\n|c|\u2606Sparksan|gg\n",
  "uploadtime": 1776423945,
  "views": 30,
  "formatid": "gen9championsvgc2026regma",
  "rating": 1069,
  "private": 0,
  "password": null
}