{
  "id": "gen9championsvgc2026regma-2586874405",
  "format": "[Gen 9 Champions] VGC 2026 Reg M-A",
  "players": [
    "Jackal.dd",
    "Marcplus"
  ],
  "log": "|j|\u2606Jackal.dd\n|j|\u2606Marcplus\n|t:|1776467436\n|gametype|doubles\n|player|p1|Jackal.dd|cheryl|1152\n|player|p2|Marcplus|dragontamer|1070\n|gen|9\n|tier|[Gen 9 Champions] VGC 2026 Reg M-A\n|rated|\n|rule|Species Clause: Limit one of each Pok\u00e9mon\n|rule|Item Clause: Limit 1 of each item\n|clearpoke\n|poke|p1|Froslass, L50, F|\n|poke|p1|Rotom-Frost, L50|\n|poke|p1|Garchomp, L50, F|\n|poke|p1|Incineroar, L50, F|\n|poke|p1|Empoleon, L50, F|\n|poke|p1|Kingambit, L50, F|\n|poke|p2|Greninja-*, L50, F|\n|poke|p2|Incineroar, L50, M|\n|poke|p2|Ditto, L50|\n|poke|p2|Espathra, L50, F|\n|poke|p2|Aerodactyl, L50, F|\n|poke|p2|Talonflame, L50, M|\n|teampreview|4\n|\n|t:|1776467452\n|teamsize|p1|4\n|teamsize|p2|4\n|start\n|switch|p1a: Froslass|Froslass, L50, F|100/100\n|switch|p1b: Incineroar|Incineroar, L50, F|100/100\n|switch|p2a: Incineroar|Incineroar, L50, M|100/100\n|switch|p2b: Greninja|Greninja, L50, F, shiny|100/100\n|-ability|p1b: Incineroar|Intimidate|boost\n|-unboost|p2a: Incineroar|atk|1\n|-unboost|p2b: Greninja|atk|1\n|-ability|p2a: Incineroar|Intimidate|boost\n|-unboost|p1a: Froslass|atk|1\n|-unboost|p1b: Incineroar|atk|1\n|turn|1\n|\n|t:|1776467476\n|detailschange|p1a: Froslass|Froslass-Mega, L50, F\n|-mega|p1a: Froslass|Froslass|Froslassite\n|-weather|Snowscape|[from] ability: Snow Warning|[of] p1a: Froslass\n|move|p2b: Greninja|Protect|p2b: Greninja\n|-start|p2b: Greninja|typechange|Normal|[from] ability: Protean\n|-singleturn|p2b: Greninja|Protect\n|move|p1b: Incineroar|Fake Out|p2b: Greninja\n|-activate|p2b: Greninja|move: Protect\n|move|p2a: Incineroar|Fake Out|p1a: Froslass\n|-immune|p1a: Froslass\n|move|p1a: Froslass|Aurora Veil|p1a: Froslass\n|-sidestart|p1: Jackal.dd|move: Aurora Veil\n|\n|-weather|Snowscape|[upkeep]\n|upkeep\n|turn|2\n|\n|t:|1776467495\n|move|p1a: Froslass|Blizzard|p2a: Incineroar|[spread] p2a,p2b\n|-resisted|p2a: Incineroar|1\n|-damage|p2a: Incineroar|75/100\n|-damage|p2b: Greninja|22/100\n|move|p2b: Greninja|Dark Pulse|p1a: Froslass\n|-supereffective|p1a: Froslass|1\n|-damage|p1a: Froslass|56/100\n|move|p1b: Incineroar|Parting Shot|p2a: Incineroar\n|-unboost|p2a: Incineroar|atk|1\n|-unboost|p2a: Incineroar|spa|1\n|\n|t:|1776467504\n|switch|p1b: Rotom|Rotom-Frost, L50|100/100|[from] Parting Shot\n|move|p2a: Incineroar|Darkest Lariat|p1a: Froslass\n|-supereffective|p1a: Froslass|1\n|-damage|p1a: Froslass|26/100\n|\n|-weather|Snowscape|[upkeep]\n|-heal|p2a: Incineroar|81/100|[from] item: Leftovers\n|upkeep\n|turn|3\n|\n|t:|1776467521\n|detailschange|p2b: Greninja|Greninja-Mega, L50, F, shiny\n|-mega|p2b: Greninja|Greninja|Greninjite\n|move|p1b: Rotom|Electroweb|p2b: Greninja|[spread] p2a,p2b\n|-supereffective|p2b: Greninja|1\n|-damage|p2a: Incineroar|60/100\n|-damage|p2b: Greninja|0 fnt\n|-unboost|p2a: Incineroar|spe|1\n|faint|p2b: Greninja\n|move|p1a: Froslass|Blizzard|p2a: Incineroar\n|-resisted|p2a: Incineroar|1\n|-damage|p2a: Incineroar|28/100\n|move|p2a: Incineroar|Blaze Kick|p1b: Rotom|[miss]\n|-miss|p2a: Incineroar|p1b: Rotom\n|\n|-weather|Snowscape|[upkeep]\n|-heal|p2a: Incineroar|34/100|[from] item: Leftovers\n|upkeep\n|\n|t:|1776467533\n|switch|p2b: Ditto|Ditto, L50|100/100\n|-transform|p2b: Ditto|p1a: Froslass|[from] ability: Imposter\n|turn|4\n|\n|t:|1776467541\n|switch|p1a: Incineroar|Incineroar, L50, F|100/100\n|-ability|p1a: Incineroar|Intimidate|boost\n|-unboost|p2a: Incineroar|atk|1\n|-unboost|p2b: Ditto|atk|1\n|switch|p2a: Aerodactyl|Aerodactyl, L50, F|100/100\n|move|p1b: Rotom|Electroweb|p2b: Ditto|[spread] p2a,p2b\n|-supereffective|p2a: Aerodactyl|1\n|-damage|p2a: Aerodactyl|45/100\n|-damage|p2b: Ditto|73/100\n|-unboost|p2a: Aerodactyl|spe|1\n|-unboost|p2b: Ditto|spe|1\n|move|p2b: Ditto|Shadow Ball|p1a: Incineroar\n|-resisted|p1a: Incineroar|1\n|-damage|p1a: Incineroar|87/100\n|\n|-weather|Snowscape|[upkeep]\n|upkeep\n|turn|5\n|\n|t:|1776467559\n|move|p2b: Ditto|Protect|p2b: Ditto\n|-singleturn|p2b: Ditto|Protect\n|move|p1b: Rotom|Electroweb|p2a: Aerodactyl|[spread] p2a\n|-activate|p2b: Ditto|move: Protect\n|-supereffective|p2a: Aerodactyl|1\n|-damage|p2a: Aerodactyl|0 fnt\n|faint|p2a: Aerodactyl\n|move|p1a: Incineroar|Darkest Lariat|p2b: Ditto\n|-activate|p2b: Ditto|move: Protect\n|\n|-weather|none\n|-sideend|p1: Jackal.dd|move: Aurora Veil\n|upkeep\n|-message|Marcplus forfeited.\n|\n|win|Jackal.dd\n|raw|Jackal.dd's rating: 1152 &rarr; <strong>1171</strong><br />(+19 for winning)\n|raw|Marcplus's rating: 1070 &rarr; <strong>1054</strong><br />(-16 for losing)\n|l|\u2606Marcplus\n|player|p2|\n",
  "uploadtime": 1776467660,
  "views": 22,
  "formatid": "gen9championsvgc2026regma",
  "rating": 1054,
  "private": 0,
  "password": null
}