{
  "id": "gen9championsvgc2026regma-2583744692",
  "format": "[Gen 9 Champions] VGC 2026 Reg M-A",
  "players": [
    "Yunobo7",
    "Blueaquajet3"
  ],
  "log": "|j|\u2606Yunobo7\n|j|\u2606Blueaquajet3\n|t:|1776194780\n|gametype|doubles\n|player|p1|Yunobo7|miku-ghost|1083\n|player|p2|Blueaquajet3|170|1132\n|gen|9\n|tier|[Gen 9 Champions] VGC 2026 Reg M-A\n|rated|\n|rule|Species Clause: Limit one of each Pok\u00e9mon\n|rule|Item Clause: Limit 1 of each item\n|clearpoke\n|poke|p1|Charizard, L50, M|\n|poke|p1|Sneasler, L50, M|\n|poke|p1|Milotic, L50, M|\n|poke|p1|Incineroar, L50, F|\n|poke|p1|Sinistcha, L50|\n|poke|p1|Garchomp, L50, M|\n|poke|p2|Heliolisk, L50, M|\n|poke|p2|Tyranitar, L50, F|\n|poke|p2|Excadrill, L50, M|\n|poke|p2|Milotic, L50, M|\n|poke|p2|Aerodactyl, L50, M|\n|poke|p2|Incineroar, L50, F|\n|teampreview|4\n|inactive|Battle timer is ON: inactive players will automatically lose when time's up. (requested by Yunobo7)\n|\n|t:|1776194807\n|teamsize|p1|4\n|teamsize|p2|4\n|start\n|switch|p1a: Sneasler|Sneasler, L50, M|100/100\n|switch|p1b: Milotic|Milotic, L50, M|100/100\n|switch|p2a: Aerodactyl|Aerodactyl, L50, M|100/100\n|switch|p2b: Incineroar|Incineroar, L50, F|100/100\n|-ability|p2a: Aerodactyl|Unnerve\n|-ability|p2b: Incineroar|Intimidate|boost\n|-unboost|p1a: Sneasler|atk|1\n|-unboost|p1b: Milotic|atk|1\n|-ability|p1b: Milotic|Competitive|boost\n|-boost|p1b: Milotic|spa|2\n|-enditem|p1a: Sneasler|White Herb\n|-clearnegativeboost|p1a: Sneasler|[silent]\n|turn|1\n|\n|t:|1776194818\n|move|p1a: Sneasler|Fake Out|p2a: Aerodactyl\n|-resisted|p2a: Aerodactyl|1\n|-damage|p2a: Aerodactyl|89/100\n|move|p2b: Incineroar|Fake Out|p1b: Milotic\n|-damage|p1b: Milotic|86/100\n|cant|p2a: Aerodactyl|flinch\n|cant|p1b: Milotic|flinch\n|\n|-heal|p1b: Milotic|92/100|[from] item: Leftovers\n|upkeep\n|turn|2\n|\n|t:|1776194831\n|switch|p1a: Incineroar|Incineroar, L50, F|100/100\n|-ability|p1a: Incineroar|Intimidate|boost\n|-unboost|p2a: Aerodactyl|atk|1\n|-unboost|p2b: Incineroar|atk|1\n|move|p2a: Aerodactyl|Dual Wingbeat|p1a: Incineroar\n|-crit|p1a: Incineroar\n|-damage|p1a: Incineroar|76/100\n|-damage|p1a: Incineroar|65/100\n|-hitcount|p1a: Incineroar|2\n|move|p1b: Milotic|Scald|p2a: Aerodactyl\n|-supereffective|p2a: Aerodactyl|1\n|-damage|p2a: Aerodactyl|0 fnt\n|faint|p2a: Aerodactyl\n|move|p2b: Incineroar|Darkest Lariat|p1b: Milotic\n|-damage|p1b: Milotic|65/100\n|\n|-heal|p1b: Milotic|71/100|[from] item: Leftovers\n|upkeep\n|\n|t:|1776194838\n|switch|p2a: Heliolisk|Heliolisk, L50, M|100/100\n|turn|3\n|\n|t:|1776194849\n|move|p1a: Incineroar|Fake Out|p2a: Heliolisk\n|-damage|p2a: Heliolisk|80/100\n|cant|p2a: Heliolisk|flinch\n|move|p1b: Milotic|Scald|p2b: Incineroar\n|-supereffective|p2b: Incineroar|1\n|-damage|p2b: Incineroar|0 fnt\n|faint|p2b: Incineroar\n|\n|-heal|p1b: Milotic|77/100|[from] item: Leftovers\n|upkeep\n|\n|t:|1776194852\n|switch|p2b: Tyranitar|Tyranitar, L50, F|100/100\n|-weather|Sandstorm|[from] ability: Sand Stream|[of] p2b: Tyranitar\n|turn|4\n|\n|t:|1776194861\n|detailschange|p2b: Tyranitar|Tyranitar-Mega, L50, F\n|-mega|p2b: Tyranitar|Tyranitar|Tyranitarite\n|move|p2a: Heliolisk|Electroweb|p1b: Milotic|[spread] p1a,p1b\n|-supereffective|p1b: Milotic|1\n|-damage|p1a: Incineroar|51/100\n|-damage|p1b: Milotic|53/100\n|-unboost|p1a: Incineroar|spe|1\n|-unboost|p1b: Milotic|spe|1\n|-ability|p1b: Milotic|Competitive|boost\n|-boost|p1b: Milotic|spa|2\n|move|p2b: Tyranitar|Assurance|p1b: Milotic\n|-damage|p1b: Milotic|0 fnt\n|faint|p1b: Milotic\n|move|p1a: Incineroar|Flare Blitz|p2a: Heliolisk\n|-damage|p2a: Heliolisk|0 fnt\n|faint|p2a: Heliolisk\n|-damage|p1a: Incineroar|34/100|[from] Recoil\n|-enditem|p1a: Incineroar|Sitrus Berry|[eat]\n|-heal|p1a: Incineroar|58/100|[from] item: Sitrus Berry\n|\n|-weather|Sandstorm|[upkeep]\n|-damage|p1a: Incineroar|52/100|[from] Sandstorm\n|upkeep\n|\n|t:|1776194872\n|switch|p1b: Sneasler|Sneasler, L50, M|100/100\n|turn|5\n|\n|t:|1776194875\n|move|p1b: Sneasler|Close Combat|p2b: Tyranitar\n|-supereffective|p2b: Tyranitar|2\n|-damage|p2b: Tyranitar|0 fnt\n|-unboost|p1b: Sneasler|def|1\n|-unboost|p1b: Sneasler|spd|1\n|faint|p2b: Tyranitar\n|\n|win|Yunobo7\n|raw|Yunobo7's rating: 1083 &rarr; <strong>1114</strong><br />(+31 for winning)\n|raw|Blueaquajet3's rating: 1132 &rarr; <strong>1103</strong><br />(-29 for losing)\n|l|\u2606Blueaquajet3\n|player|p2|\n",
  "uploadtime": 1776194880,
  "views": 25,
  "formatid": "gen9championsvgc2026regma",
  "rating": 1103,
  "private": 0,
  "password": null
}