{
  "id": "gen9championsvgc2026regma-2583904721",
  "format": "[Gen 9 Champions] VGC 2026 Reg M-A",
  "players": [
    "i hate you delta",
    "Goodmann"
  ],
  "log": "|j|\u2606i hate you delta\n|j|\u2606Goodmann\n|t:|1776207039\n|gametype|doubles\n|player|p1|i hate you delta|265|1296\n|player|p2|Goodmann|265|1380\n|gen|9\n|tier|[Gen 9 Champions] VGC 2026 Reg M-A\n|rated|\n|rule|Species Clause: Limit one of each Pok\u00e9mon\n|rule|Item Clause: Limit 1 of each item\n|clearpoke\n|poke|p1|Gengar, L50, F|\n|poke|p1|Whimsicott, L50, M|\n|poke|p1|Charizard, L50, M|\n|poke|p1|Incineroar, L50, F|\n|poke|p1|Garchomp, L50, M|\n|poke|p1|Rotom-Wash, L50|\n|poke|p2|Charizard, L50, F|\n|poke|p2|Garchomp, L50, M|\n|poke|p2|Incineroar, L50, M|\n|poke|p2|Whimsicott, L50, F|\n|poke|p2|Rotom-Wash, L50|\n|poke|p2|Sneasler, L50, F|\n|teampreview|4\n|l|\u2606Goodmann\n|player|p2|\n|j|\u2606Goodmann\n|player|p2|Goodmann|265|\n|inactive|Battle timer is ON: inactive players will automatically lose when time's up. (requested by i hate you delta)\n|\n|t:|1776207077\n|teamsize|p1|4\n|teamsize|p2|4\n|start\n|switch|p1a: Garchomp|Garchomp, L50, M|100/100\n|switch|p1b: Rotom|Rotom-Wash, L50|100/100\n|switch|p2a: Garchomp|Garchomp, L50, M|100/100\n|switch|p2b: Incineroar|Incineroar, L50, M|100/100\n|-ability|p2b: Incineroar|Intimidate|boost\n|-unboost|p1a: Garchomp|atk|1\n|-unboost|p1b: Rotom|atk|1\n|turn|1\n|\n|t:|1776207099\n|switch|p1a: Whimsicott|Whimsicott, L50, M|100/100\n|move|p2b: Incineroar|Fake Out|p1a: Whimsicott\n|-damage|p1a: Whimsicott|86/100\n|move|p2a: Garchomp|Dragon Claw|p1a: Whimsicott\n|-immune|p1a: Whimsicott\n|move|p1b: Rotom|Will-O-Wisp|p2a: Garchomp\n|-status|p2a: Garchomp|brn\n|\n|-damage|p2a: Garchomp|95/100 brn|[from] brn\n|upkeep\n|turn|2\n|inactive|Goodmann has 30 seconds left.\n|\n|t:|1776207129\n|switch|p2a: Rotom|Rotom-Wash, L50|100/100\n|move|p1a: Whimsicott|Protect|p1a: Whimsicott\n|-singleturn|p1a: Whimsicott|Protect\n|move|p1b: Rotom|Hydro Pump|p2b: Incineroar\n|-supereffective|p2b: Incineroar|1\n|-damage|p2b: Incineroar|19/100\n|-enditem|p2b: Incineroar|Sitrus Berry|[eat]\n|-heal|p2b: Incineroar|44/100|[from] item: Sitrus Berry\n|move|p2b: Incineroar|Parting Shot|p1b: Rotom\n|-unboost|p1b: Rotom|atk|1\n|-unboost|p1b: Rotom|spa|1\n|\n|t:|1776207143\n|switch|p2b: Charizard|Charizard, L50, F, shiny|100/100|[from] Parting Shot\n|\n|upkeep\n|turn|3\n|\n|t:|1776207161\n|detailschange|p2b: Charizard|Charizard-Mega-Y, L50, F, shiny\n|-mega|p2b: Charizard|Charizard|Charizardite Y\n|-weather|SunnyDay|[from] ability: Drought|[of] p2b: Charizard\n|move|p1a: Whimsicott|Tailwind|p1a: Whimsicott\n|-sidestart|p1: i hate you delta|move: Tailwind\n|move|p1b: Rotom|Thunderbolt|p2b: Charizard\n|-supereffective|p2b: Charizard|1\n|-damage|p2b: Charizard|56/100\n|move|p2b: Charizard|Solar Beam||[still]\n|-prepare|p2b: Charizard|Solar Beam\n|-anim|p2b: Charizard|Solar Beam|p1b: Rotom\n|-supereffective|p1b: Rotom|1\n|-damage|p1b: Rotom|4/100\n|move|p2a: Rotom|Volt Switch|p1a: Whimsicott\n|-resisted|p1a: Whimsicott|1\n|-damage|p1a: Whimsicott|64/100\n|\n|t:|1776207177\n|switch|p2a: Incineroar|Incineroar, L50, M|44/100|[from] Volt Switch\n|-ability|p2a: Incineroar|Intimidate|boost\n|-unboost|p1a: Whimsicott|atk|1\n|-unboost|p1b: Rotom|atk|1\n|\n|-weather|SunnyDay|[upkeep]\n|-heal|p1b: Rotom|9/100|[from] item: Leftovers\n|upkeep\n|turn|4\n|\n|t:|1776207187\n|move|p1a: Whimsicott|Protect|p1a: Whimsicott\n|-singleturn|p1a: Whimsicott|Protect\n|move|p1b: Rotom|Protect|p1b: Rotom\n|-singleturn|p1b: Rotom|Protect\n|move|p2a: Incineroar|Fake Out|p1b: Rotom\n|-activate|p1b: Rotom|move: Protect\n|move|p2b: Charizard|Heat Wave|p1b: Rotom|[spread] \n|-activate|p1a: Whimsicott|move: Protect\n|-activate|p1b: Rotom|move: Protect\n|\n|-weather|SunnyDay|[upkeep]\n|-heal|p1b: Rotom|15/100|[from] item: Leftovers\n|upkeep\n|turn|5\n|\n|t:|1776207203\n|switch|p2b: Rotom|Rotom-Wash, L50|100/100\n|move|p1a: Whimsicott|Moonblast|p2a: Incineroar\n|-damage|p2a: Incineroar|6/100\n|move|p1b: Rotom|Hydro Pump|p2a: Incineroar\n|-supereffective|p2a: Incineroar|1\n|-damage|p2a: Incineroar|0 fnt\n|faint|p2a: Incineroar\n|\n|-weather|SunnyDay|[upkeep]\n|-heal|p1b: Rotom|21/100|[from] item: Leftovers\n|upkeep\n|\n|t:|1776207225\n|switch|p2a: Charizard|Charizard-Mega-Y, L50, F, shiny|56/100\n|turn|6\n|\n|t:|1776207241\n|switch|p2a: Garchomp|Garchomp, L50, M|95/100 brn\n|move|p1a: Whimsicott|Protect|p1a: Whimsicott\n|-singleturn|p1a: Whimsicott|Protect\n|move|p1b: Rotom|Protect|p1b: Rotom\n|-singleturn|p1b: Rotom|Protect\n|move|p2b: Rotom|Volt Switch|p1a: Whimsicott\n|-activate|p1a: Whimsicott|move: Protect\n|\n|-weather|SunnyDay|[upkeep]\n|-heal|p1b: Rotom|27/100|[from] item: Leftovers\n|-damage|p2a: Garchomp|89/100 brn|[from] brn\n|-sideend|p1: i hate you delta|move: Tailwind\n|upkeep\n|turn|7\n|\n|t:|1776207259\n|move|p1a: Whimsicott|Tailwind|p1a: Whimsicott\n|-sidestart|p1: i hate you delta|move: Tailwind\n|move|p2a: Garchomp|Rock Slide|p1a: Whimsicott|[spread] p1a,p1b\n|-damage|p1a: Whimsicott|52/100\n|-damage|p1b: Rotom|18/100\n|move|p1b: Rotom|Thunderbolt|p2b: Rotom\n|-damage|p2b: Rotom|76/100\n|move|p2b: Rotom|Volt Switch|p1b: Rotom\n|-damage|p1b: Rotom|0 fnt\n|faint|p1b: Rotom\n|\n|t:|1776207270\n|switch|p2b: Charizard|Charizard-Mega-Y, L50, F, shiny|56/100|[from] Volt Switch\n|\n|-weather|none\n|-damage|p2a: Garchomp|83/100 brn|[from] brn\n|upkeep\n|\n|t:|1776207272\n|switch|p1b: Garchomp|Garchomp, L50, M|100/100\n|turn|8\n|\n|t:|1776207288\n|switch|p2b: Rotom|Rotom-Wash, L50|76/100\n|move|p1b: Garchomp|Rock Slide|p2b: Rotom|[spread] p2a,p2b\n|-resisted|p2a: Garchomp|1\n|-damage|p2a: Garchomp|73/100 brn\n|-damage|p2b: Rotom|56/100\n|move|p1a: Whimsicott|Moonblast|p2a: Garchomp\n|-supereffective|p2a: Garchomp|1\n|-damage|p2a: Garchomp|0 fnt\n|faint|p2a: Garchomp\n|\n|-heal|p2b: Rotom|62/100|[from] item: Leftovers\n|upkeep\n|\n|t:|1776207299\n|switch|p2a: Charizard|Charizard-Mega-Y, L50, F, shiny|56/100\n|-weather|SunnyDay|[from] ability: Drought|[of] p2a: Charizard\n|turn|9\n|\n|t:|1776207312\n|move|p1b: Garchomp|Rock Slide|p2a: Charizard|[spread] p2a,p2b\n|-supereffective|p2a: Charizard|2\n|-damage|p2a: Charizard|0 fnt\n|-damage|p2b: Rotom|41/100\n|faint|p2a: Charizard\n|move|p1a: Whimsicott|Moonblast|p2b: Rotom\n|-damage|p2b: Rotom|0 fnt\n|faint|p2b: Rotom\n|\n|win|i hate you delta\n|raw|i hate you delta's rating: 1296 &rarr; <strong>1327</strong><br />(+31 for winning)\n|raw|Goodmann's rating: 1380 &rarr; <strong>1355</strong><br />(-25 for losing)\n|l|\u2606Goodmann\n|player|p2|\n",
  "uploadtime": 1776207330,
  "views": 61,
  "formatid": "gen9championsvgc2026regma",
  "rating": 1327,
  "private": 0,
  "password": null
}