{
  "id": "gen9championsvgc2026regma-2585748658",
  "format": "[Gen 9 Champions] VGC 2026 Reg M-A",
  "players": [
    "Zhi2",
    "azraft"
  ],
  "log": "|j|\u2606Zhi2\n|j|\u2606azraft\n|t:|1776367892\n|gametype|doubles\n|player|p1|Zhi2|1|1150\n|player|p2|azraft|youngster-gen4dp|1116\n|gen|9\n|tier|[Gen 9 Champions] VGC 2026 Reg M-A\n|rated|\n|rule|Species Clause: Limit one of each Pok\u00e9mon\n|rule|Item Clause: Limit 1 of each item\n|clearpoke\n|poke|p1|Pelipper, L50, M|\n|poke|p1|Blastoise, L50, M|\n|poke|p1|Starmie, L50|\n|poke|p1|Sinistcha, L50|\n|poke|p1|Kingambit, L50, F|\n|poke|p1|Garchomp, L50, F|\n|poke|p2|Tyranitar, L50, M|\n|poke|p2|Excadrill, L50, F|\n|poke|p2|Corviknight, L50, M|\n|poke|p2|Rotom-Wash, L50|\n|poke|p2|Sinistcha, L50|\n|poke|p2|Sneasler, L50, F|\n|teampreview|4\nazraft rejected open team sheets.\n|\n|t:|1776367923\n|teamsize|p1|4\n|teamsize|p2|4\n|start\n|switch|p1a: Garchomp|Garchomp, L50, F|100/100\n|switch|p1b: Starmie|Starmie, L50|100/100\n|switch|p2a: Tyranitar|Tyranitar, L50, M|100/100\n|switch|p2b: Excadrill|Excadrill, L50, F|100/100\n|-weather|Sandstorm|[from] ability: Sand Stream|[of] p2a: Tyranitar\n|turn|1\n|\n|t:|1776367945\n|detailschange|p2a: Tyranitar|Tyranitar-Mega, L50, M\n|-mega|p2a: Tyranitar|Tyranitar|Tyranitarite\n|move|p1b: Starmie|Protect|p1b: Starmie\n|-singleturn|p1b: Starmie|Protect\n|move|p2b: Excadrill|Swords Dance|p2b: Excadrill\n|-boost|p2b: Excadrill|atk|2\n|move|p1a: Garchomp|Earthquake|p2b: Excadrill|[spread] p2a,p2b\n|-activate|p1b: Starmie|move: Protect\n|-supereffective|p2a: Tyranitar|1\n|-supereffective|p2b: Excadrill|1\n|-damage|p2a: Tyranitar|42/100\n|-enditem|p2b: Excadrill|Focus Sash\n|-damage|p2b: Excadrill|1/100\n|move|p2a: Tyranitar|Knock Off|p1b: Starmie\n|-activate|p1b: Starmie|move: Protect\n|\n|-weather|Sandstorm|[upkeep]\n|-damage|p1b: Starmie|95/100|[from] Sandstorm\n|upkeep\n|turn|2\n|\n|t:|1776367970\n|switch|p1a: Pelipper|Pelipper, L50, M|100/100\n|-weather|RainDance|[from] ability: Drizzle|[of] p1a: Pelipper\n|switch|p2a: Corviknight|Corviknight, L50, M|100/100\n|-ability|p2a: Corviknight|Pressure\n|detailschange|p1b: Starmie|Starmie-Mega, L50\n|-mega|p1b: Starmie|Starmie|Starminite\n|move|p1b: Starmie|Flip Turn|p2b: Excadrill\n|-supereffective|p2b: Excadrill|1\n|-damage|p2b: Excadrill|0 fnt\n|faint|p2b: Excadrill\n|\n|t:|1776367982\n|switch|p1b: Garchomp|Garchomp, L50, F|100/100|[from] Flip Turn\n|\n|-weather|RainDance|[upkeep]\n|upkeep\n|\n|t:|1776367986\n|switch|p2b: Tyranitar|Tyranitar-Mega, L50, M|42/100\n|-weather|Sandstorm|[from] ability: Sand Stream|[of] p2b: Tyranitar\n|turn|3\n|\n|t:|1776367999\n|move|p2b: Tyranitar|Protect|p2b: Tyranitar\n|-singleturn|p2b: Tyranitar|Protect\n|move|p1b: Garchomp|Rock Slide|p2a: Corviknight|[spread] p2a\n|-activate|p2b: Tyranitar|move: Protect\n|-damage|p2a: Corviknight|83/100\n|move|p2a: Corviknight|Brave Bird|p1b: Garchomp\n|-damage|p1b: Garchomp|62/100\n|-damage|p2a: Corviknight|71/100|[from] ability: Rough Skin|[of] p1b: Garchomp\n|-damage|p2a: Corviknight|58/100|[from] Recoil\n|move|p1a: Pelipper|U-turn|p2b: Tyranitar\n|-activate|p2b: Tyranitar|move: Protect\n|\n|-weather|Sandstorm|[upkeep]\n|-damage|p1a: Pelipper|95/100|[from] Sandstorm\n|-heal|p2a: Corviknight|64/100|[from] item: Leftovers\n|upkeep\n|turn|4\n|\n|t:|1776368026\n|move|p1b: Garchomp|Rock Slide|p2a: Corviknight|[spread] p2a,p2b\n|-crit|p2b: Tyranitar\n|-damage|p2a: Corviknight|47/100\n|-damage|p2b: Tyranitar|19/100\n|cant|p2b: Tyranitar|flinch\n|cant|p2a: Corviknight|flinch\n|move|p1a: Pelipper|U-turn|p2b: Tyranitar\n|-supereffective|p2b: Tyranitar|1\n|-damage|p2b: Tyranitar|5/100\n|\n|t:|1776368035\n|switch|p1a: Sinistcha|Sinistcha, L50|100/100|[from] U-turn\n|-heal|p1b: Garchomp|86/100|[from] ability: Hospitality|[of] p1a: Sinistcha\n|\n|-weather|Sandstorm|[upkeep]\n|-damage|p1a: Sinistcha|94/100|[from] Sandstorm\n|-heal|p2a: Corviknight|53/100|[from] item: Leftovers\n|upkeep\n|turn|5\n|\n|t:|1776368060\n|move|p2b: Tyranitar|Protect|p2b: Tyranitar\n|-singleturn|p2b: Tyranitar|Protect\n|move|p1b: Garchomp|Rock Slide|p2a: Corviknight|[spread] p2a\n|-activate|p2b: Tyranitar|move: Protect\n|-damage|p2a: Corviknight|38/100\n|move|p2a: Corviknight|Brave Bird|p1a: Sinistcha\n|-supereffective|p1a: Sinistcha|1\n|-damage|p1a: Sinistcha|27/100\n|-damage|p2a: Corviknight|17/100|[from] Recoil\n|move|p1a: Sinistcha|Scald|p2a: Corviknight\n|-damage|p2a: Corviknight|0 fnt\n|faint|p2a: Corviknight\n|\n|-weather|Sandstorm|[upkeep]\n|-damage|p1a: Sinistcha|21/100|[from] Sandstorm\n|upkeep\n|\n|t:|1776368068\n|switch|p2a: Sneasler|Sneasler, L50, F|100/100\n|turn|6\n|\n|t:|1776368086\n|move|p1a: Sinistcha|Protect|p1a: Sinistcha\n|-singleturn|p1a: Sinistcha|Protect\n|move|p2a: Sneasler|Fake Out|p1b: Garchomp\n|-damage|p1b: Garchomp|71/100\n|-damage|p2a: Sneasler|88/100|[from] ability: Rough Skin|[of] p1b: Garchomp\n|cant|p1b: Garchomp|flinch\n|move|p2b: Tyranitar|Rock Slide|p1b: Garchomp|[spread] p1b\n|-activate|p1a: Sinistcha|move: Protect\n|-resisted|p1b: Garchomp|1\n|-damage|p1b: Garchomp|51/100\n|\n|-weather|Sandstorm|[upkeep]\n|-damage|p2a: Sneasler|83/100|[from] Sandstorm\n|-damage|p1a: Sinistcha|15/100|[from] Sandstorm\n|upkeep\n|turn|7\n|\n|t:|1776368100\n|move|p1b: Garchomp|Rock Slide|p2a: Sneasler|[spread] p2a,p2b\n|-resisted|p2a: Sneasler|1\n|-damage|p2a: Sneasler|66/100\n|-damage|p2b: Tyranitar|0 fnt\n|faint|p2b: Tyranitar\n|move|p2a: Sneasler|Close Combat|p1b: Garchomp\n|-damage|p1b: Garchomp|0 fnt\n|-unboost|p2a: Sneasler|def|1\n|-unboost|p2a: Sneasler|spd|1\n|-damage|p2a: Sneasler|54/100|[from] ability: Rough Skin|[of] p1b: Garchomp\n|faint|p1b: Garchomp\n|-enditem|p2a: Sneasler|White Herb\n|-clearnegativeboost|p2a: Sneasler|[silent]\n|move|p1a: Sinistcha|Scald|p2a: Sneasler\n|-damage|p2a: Sneasler|24/100\n|-status|p2a: Sneasler|brn\n|\n|-weather|none\n|-damage|p2a: Sneasler|18/100 brn|[from] brn\n|upkeep\n|\n|t:|1776368120\n|switch|p1b: Pelipper|Pelipper, L50, M|95/100\n|-weather|RainDance|[from] ability: Drizzle|[of] p1b: Pelipper\n|turn|8\n|-message|azraft forfeited.\n|\n|win|Zhi2\n|raw|Zhi2's rating: 1150 &rarr; <strong>1173</strong><br />(+23 for winning)\n|raw|azraft's rating: 1116 &rarr; <strong>1093</strong><br />(-23 for losing)\n|l|\u2606azraft\n|player|p2|\n|l|\u2606Zhi2\n|player|p1|\n|j|\u2606Zhi2\n|player|p1|Zhi2|1|\n",
  "uploadtime": 1776368189,
  "views": 16,
  "formatid": "gen9championsvgc2026regma",
  "rating": 1093,
  "private": 0,
  "password": null
}