{
  "id": "gen9championsvgc2026regma-2583507232",
  "format": "[Gen 9 Champions] VGC 2026 Reg M-A",
  "players": [
    "Shadowflamepkm",
    "tra boncha"
  ],
  "log": "|j|\u2606Shadowflamepkm\n|j|\u2606tra boncha\n|t:|1776180016\n|gametype|doubles\n|player|p1|Shadowflamepkm|red|1021\n|player|p2|tra boncha|firebreather|1074\n|gen|9\n|tier|[Gen 9 Champions] VGC 2026 Reg M-A\n|rated|\n|rule|Species Clause: Limit one of each Pok\u00e9mon\n|rule|Item Clause: Limit 1 of each item\n|clearpoke\n|poke|p1|Charizard, L50, F|\n|poke|p1|Venusaur, L50, M|\n|poke|p1|Sneasler, L50, M|\n|poke|p1|Incineroar, L50, M|\n|poke|p1|Farigiraf, L50, F|\n|poke|p1|Torkoal, L50, M|\n|poke|p2|Archaludon, L50, F|\n|poke|p2|Pelipper, L50, F|\n|poke|p2|Dragonite, L50, M|\n|poke|p2|Primarina, L50, F|\n|poke|p2|Goodra-Hisui, L50, M|\n|poke|p2|Kingambit, L50, M|\n|teampreview|4\n|l|\u2606Shadowflamepkm\n|player|p1|\n|j|\u2606Shadowflamepkm\n|player|p1|Shadowflamepkm|red|\n|\n|t:|1776180095\n|teamsize|p1|4\n|teamsize|p2|4\n|start\n|switch|p1a: Charizard|Charizard, L50, F|100/100\n|switch|p1b: Venusaur|Venusaur, L50, M|100/100\n|switch|p2a: Archaludon|Archaludon, L50, F|100/100\n|switch|p2b: Dragonite|Dragonite, L50, M|100/100\n|turn|1\n|\n|t:|1776180117\n|switch|p2b: Pelipper|Pelipper, L50, F|100/100\n|-weather|RainDance|[from] ability: Drizzle|[of] p2b: Pelipper\n|detailschange|p1a: Charizard|Charizard-Mega-Y, L50, F\n|-mega|p1a: Charizard|Charizard|Charizardite Y\n|-weather|SunnyDay|[from] ability: Drought|[of] p1a: Charizard\n|move|p1b: Venusaur|Sleep Powder|p2b: Pelipper\n|-status|p2b: Pelipper|slp|[from] move: Sleep Powder\n|move|p1a: Charizard|Heat Wave|p2b: Pelipper|[spread] \n|-miss|p1a: Charizard|p2a: Archaludon\n|-miss|p1a: Charizard|p2b: Pelipper\n|move|p2a: Archaludon|Electro Shot||[still]\n|-prepare|p2a: Archaludon|Electro Shot\n|-boost|p2a: Archaludon|spa|1\n|\n|-weather|SunnyDay|[upkeep]\n|upkeep\n|turn|2\n|\n|t:|1776180139\n|move|p1b: Venusaur|Sleep Powder|p2a: Archaludon\n|-status|p2a: Archaludon|slp|[from] move: Sleep Powder\n|move|p1a: Charizard|Heat Wave|p2a: Archaludon|[spread] p2a,p2b\n|-resisted|p2b: Pelipper|1\n|-damage|p2a: Archaludon|6/100 slp\n|-damage|p2b: Pelipper|51/100 slp\n|-ability|p2a: Archaludon|Stamina|boost\n|-boost|p2a: Archaludon|def|1\n|cant|p2b: Pelipper|slp\n|cant|p2a: Archaludon|slp\n|\n|-weather|SunnyDay|[upkeep]\n|upkeep\n|turn|3\n|l|\u2606Shadowflamepkm\n|player|p1|\n|j|\u2606Shadowflamepkm\n|player|p1|Shadowflamepkm|red|\n|\n|t:|1776180161\n|-curestatus|p2a: Archaludon|slp|[msg]\n|move|p2a: Archaludon|Protect|p2a: Archaludon\n|-singleturn|p2a: Archaludon|Protect\n|move|p1b: Venusaur|Giga Drain|p2b: Pelipper\n|-damage|p2b: Pelipper|1/100 slp\n|move|p1a: Charizard|Heat Wave|p2b: Pelipper|[spread] \n|-activate|p2a: Archaludon|move: Protect\n|-miss|p1a: Charizard|p2b: Pelipper\n|cant|p2b: Pelipper|slp\n|\n|-weather|SunnyDay|[upkeep]\n|upkeep\n|turn|4\n|l|\u2606Shadowflamepkm\n|player|p1|\n|j|\u2606Shadowflamepkm\n|player|p1|Shadowflamepkm|red|\n|\n|t:|1776180192\n|move|p1b: Venusaur|Sleep Powder|p2a: Archaludon|[miss]\n|-miss|p1b: Venusaur|p2a: Archaludon\n|move|p1a: Charizard|Heat Wave|p2a: Archaludon|[spread] p2a,p2b\n|-resisted|p2b: Pelipper|1\n|-damage|p2a: Archaludon|0 fnt\n|-damage|p2b: Pelipper|0 fnt\n|faint|p2a: Archaludon\n|faint|p2b: Pelipper\n|\n|-weather|SunnyDay|[upkeep]\n|upkeep\n|l|\u2606Shadowflamepkm\n|player|p1|\n|\n|t:|1776180205\n|switch|p2b: Dragonite|Dragonite, L50, M|100/100\n|switch|p2a: Kingambit|Kingambit, L50, M|100/100\n|turn|5\n|j|\u2606Shadowflamepkm\n|player|p1|Shadowflamepkm|red|\n|\n|t:|1776180230\n|detailschange|p2b: Dragonite|Dragonite-Mega, L50, M\n|-mega|p2b: Dragonite|Dragonite|Dragoninite\n|move|p2a: Kingambit|Sucker Punch|p1a: Charizard\n|-damage|p1a: Charizard|34/100\n|move|p1b: Venusaur|Sleep Powder|p2a: Kingambit\n|-status|p2a: Kingambit|slp|[from] move: Sleep Powder\n|move|p2b: Dragonite|Hurricane|p1b: Venusaur|[miss]\n|-miss|p2b: Dragonite|p1b: Venusaur\n|move|p1a: Charizard|Heat Wave|p2b: Dragonite|[spread] p2a,p2b\n|-supereffective|p2a: Kingambit|1\n|-resisted|p2b: Dragonite|1\n|-damage|p2a: Kingambit|0 fnt\n|-damage|p2b: Dragonite|87/100\n|faint|p2a: Kingambit\n|\n|-weather|none\n|upkeep\n|turn|6\n|\n|t:|1776180249\n|switch|p1a: Incineroar|Incineroar, L50, M|100/100\n|-ability|p1a: Incineroar|Intimidate|boost\n|-unboost|p2b: Dragonite|atk|1\n|move|p1b: Venusaur|Protect|p1b: Venusaur\n|-singleturn|p1b: Venusaur|Protect\n|move|p2b: Dragonite|Hurricane|p1b: Venusaur\n|-activate|p1b: Venusaur|move: Protect\n|\n|upkeep\n|turn|7\n|l|\u2606Shadowflamepkm\n|player|p1|\n|-message|tra boncha forfeited.\n|\n|win|Shadowflamepkm\n|raw|Shadowflamepkm's rating: 1021 &rarr; <strong>1063</strong><br />(+42 for winning)\n|raw|tra boncha's rating: 1074 &rarr; <strong>1050</strong><br />(-24 for losing)\n|j|\u2606Shadowflamepkm\n|player|p1|Shadowflamepkm|red|\n|l|\u2606tra boncha\n|player|p2|\n",
  "uploadtime": 1776180270,
  "views": 16,
  "formatid": "gen9championsvgc2026regma",
  "rating": 1050,
  "private": 0,
  "password": null
}