{
  "id": "gen9championsvgc2026regma-2586266272",
  "format": "[Gen 9 Champions] VGC 2026 Reg M-A",
  "players": [
    "tyneham",
    "LaserDedenee"
  ],
  "log": "|j|\u2606tyneham\n|j|\u2606LaserDedenee\n|t:|1776419203\n|gametype|doubles\n|player|p1|tyneham|akari|1192\n|player|p2|LaserDedenee|266|1223\n|gen|9\n|tier|[Gen 9 Champions] VGC 2026 Reg M-A\n|rated|\n|rule|Species Clause: Limit one of each Pok\u00e9mon\n|rule|Item Clause: Limit 1 of each item\n|clearpoke\n|poke|p1|Sylveon, L50, M|\n|poke|p1|Arcanine-Hisui, L50, M|\n|poke|p1|Charizard, L50, F|\n|poke|p1|Sneasler, L50, F|\n|poke|p1|Basculegion, L50, M|\n|poke|p1|Ceruledge, L50, M|\n|poke|p2|Gyarados, L50, M|\n|poke|p2|Ninetales-Alola, L50, F|\n|poke|p2|Sneasler, L50, F|\n|poke|p2|Scizor, L50, M|\n|poke|p2|Garchomp, L50, M|\n|poke|p2|Ceruledge, L50, F|\n|teampreview|4\ntyneham has agreed to open team sheets.\n|\n|t:|1776419265\n|teamsize|p1|4\n|teamsize|p2|4\n|start\n|switch|p1a: Sylveon|Sylveon, L50, M|100/100\n|switch|p1b: Charizard|Charizard, L50, F|100/100\n|switch|p2a: Sneasler|Sneasler, L50, F|100/100\n|switch|p2b: Garchomp|Garchomp, L50, M|100/100\n|turn|1\n|inactive|Battle timer is ON: inactive players will automatically lose when time's up. (requested by LaserDedenee)\n|\n|t:|1776419291\n|detailschange|p1b: Charizard|Charizard-Mega-Y, L50, F\n|-mega|p1b: Charizard|Charizard|Charizardite Y\n|-weather|SunnyDay|[from] ability: Drought|[of] p1b: Charizard\n|move|p1a: Sylveon|Protect|p1a: Sylveon\n|-singleturn|p1a: Sylveon|Protect\n|move|p2b: Garchomp|Rock Slide|p1b: Charizard|[spread] p1b\n|-activate|p1a: Sylveon|move: Protect\n|-supereffective|p1b: Charizard|2\n|-damage|p1b: Charizard|0 fnt\n|faint|p1b: Charizard\n|move|p2a: Sneasler|Dire Claw|p1a: Sylveon\n|-activate|p1a: Sylveon|move: Protect\n|\n|-weather|SunnyDay|[upkeep]\n|upkeep\n|\n|t:|1776419305\n|switch|p1b: Ceruledge|Ceruledge, L50, M|100/100\n|turn|2\n|\n|t:|1776419317\n|switch|p1a: Arcanine|Arcanine-Hisui, L50, M|100/100\n|move|p2b: Garchomp|Rock Slide|p1a: Arcanine|[spread] p1a\n|-miss|p2b: Garchomp|p1b: Ceruledge\n|-supereffective|p1a: Arcanine|1\n|-damage|p1a: Arcanine|45/100\n|move|p2a: Sneasler|Dire Claw|p1a: Arcanine\n|-resisted|p1a: Arcanine|1\n|-damage|p1a: Arcanine|20/100\n|move|p1b: Ceruledge|Bitter Blade|p2a: Sneasler\n|-damage|p2a: Sneasler|0 fnt\n|faint|p2a: Sneasler\n|\n|-weather|SunnyDay|[upkeep]\n|upkeep\n|\n|t:|1776419328\n|switch|p2a: Ninetales|Ninetales-Alola, L50, F|100/100\n|-weather|Snowscape|[from] ability: Snow Warning|[of] p2a: Ninetales\n|turn|3\n|\n|t:|1776419343\n|switch|p2b: Gyarados|Gyarados, L50, M|100/100\n|-ability|p2b: Gyarados|Intimidate|boost\n|-unboost|p1a: Arcanine|atk|1\n|-unboost|p1b: Ceruledge|atk|1\n|move|p1a: Arcanine|Extreme Speed|p2a: Ninetales\n|-damage|p2a: Ninetales|86/100\n|move|p2a: Ninetales|Aurora Veil|p2a: Ninetales\n|-sidestart|p2: LaserDedenee|move: Aurora Veil\n|move|p1b: Ceruledge|Bitter Blade|p2a: Ninetales\n|-supereffective|p2a: Ninetales|1\n|-damage|p2a: Ninetales|39/100\n|\n|-weather|Snowscape|[upkeep]\n|upkeep\n|turn|4\n|\n|t:|1776419367\n|detailschange|p2b: Gyarados|Gyarados-Mega, L50, M\n|-mega|p2b: Gyarados|Gyarados|Gyaradosite\n|-ability|p2b: Gyarados|Mold Breaker\n|move|p2a: Ninetales|Blizzard|p1a: Arcanine|[spread] p1a,p1b\n|-resisted|p1a: Arcanine|1\n|-resisted|p1b: Ceruledge|1\n|-damage|p1a: Arcanine|1/100\n|-damage|p1b: Ceruledge|84/100\n|-status|p1a: Arcanine|frz\n|move|p2b: Gyarados|Waterfall|p1b: Ceruledge\n|-supereffective|p1b: Ceruledge|1\n|-damage|p1b: Ceruledge|0 fnt\n|faint|p1b: Ceruledge\n|cant|p1a: Arcanine|frz\n|\n|-weather|Snowscape|[upkeep]\n|upkeep\n|\n|t:|1776419378\n|switch|p1b: Sylveon|Sylveon, L50, M|100/100\n|turn|5\n|\n|t:|1776419390\n|-curestatus|p1a: Arcanine|frz|[msg]\n|move|p1a: Arcanine|Extreme Speed|p2a: Ninetales\n|-damage|p2a: Ninetales|29/100\n|move|p2a: Ninetales|Blizzard|p1a: Arcanine|[spread] p1a,p1b\n|-resisted|p1a: Arcanine|1\n|-damage|p1a: Arcanine|0 fnt\n|-damage|p1b: Sylveon|72/100\n|faint|p1a: Arcanine\n|move|p2b: Gyarados|Waterfall|p1b: Sylveon\n|-damage|p1b: Sylveon|3/100\n|move|p1b: Sylveon|Hyper Beam|p2b: Gyarados|[miss]\n|-miss|p1b: Sylveon|p2b: Gyarados\n|\n|-weather|Snowscape|[upkeep]\n|upkeep\n|turn|6\n|-message|tyneham forfeited.\n|\n|win|LaserDedenee\n|raw|tyneham's rating: 1166 &rarr; <strong>1145</strong><br />(-21 for losing)\n|raw|LaserDedenee's rating: 1223 &rarr; <strong>1244</strong><br />(+21 for winning)\n|l|\u2606tyneham\n|player|p1|\n|l|\u2606LaserDedenee\n|player|p2|\n|j|\u2606LaserDedenee\n|player|p2|LaserDedenee|266|\n",
  "uploadtime": 1776419430,
  "views": 33,
  "formatid": "gen9championsvgc2026regma",
  "rating": 1145,
  "private": 0,
  "password": null
}