{
  "id": "gen9championsvgc2026regma-2584932849",
  "format": "[Gen 9 Champions] VGC 2026 Reg M-A",
  "players": [
    "toxmyself",
    "Dalucks90"
  ],
  "log": "|j|\u2606toxmyself\n|j|\u2606Dalucks90\n|t:|1776295778\n|gametype|doubles\n|player|p1|toxmyself|norman|1263\n|player|p2|Dalucks90|266|1306\n|gen|9\n|tier|[Gen 9 Champions] VGC 2026 Reg M-A\n|rated|\n|rule|Species Clause: Limit one of each Pok\u00e9mon\n|rule|Item Clause: Limit 1 of each item\n|clearpoke\n|poke|p1|Charizard, L50, M|\n|poke|p1|Venusaur, L50, M|\n|poke|p1|Incineroar, L50, M|\n|poke|p1|Gardevoir, L50, F|\n|poke|p1|Milotic, L50, M|\n|poke|p1|Aerodactyl, L50, F|\n|poke|p2|Gengar, L50, M|\n|poke|p2|Incineroar, L50, F|\n|poke|p2|Pelipper, L50, F|\n|poke|p2|Archaludon, L50, F|\n|poke|p2|Basculegion, L50, M|\n|poke|p2|Sinistcha, L50|\n|teampreview|4\n|inactive|Battle timer is ON: inactive players will automatically lose when time's up. (requested by toxmyself)\n|inactive|Dalucks90 has 60 seconds left.\n|\n|t:|1776295810\n|teamsize|p1|4\n|teamsize|p2|4\n|start\n|switch|p1a: Milotic|Milotic, L50, M|100/100\n|switch|p1b: Gardevoir|Gardevoir, L50, F|100/100\n|switch|p2a: Sinistcha|Sinistcha, L50|100/100\n|switch|p2b: Gengar|Gengar, L50, M|100/100\n|turn|1\n|\n|t:|1776295830\n|detailschange|p2b: Gengar|Gengar-Mega, L50, M\n|-mega|p2b: Gengar|Gengar|Gengarite\n|move|p2a: Sinistcha|Rage Powder|p2a: Sinistcha\n|-singleturn|p2a: Sinistcha|move: Rage Powder\n|move|p1b: Gardevoir|Psychic|p2a: Sinistcha\n|-damage|p2a: Sinistcha|46/100\n|-enditem|p2a: Sinistcha|Sitrus Berry|[eat]\n|-heal|p2a: Sinistcha|71/100|[from] item: Sitrus Berry\n|move|p2b: Gengar|Perish Song|p2b: Gengar\n|-start|p1a: Milotic|perish3|[silent]\n|-start|p1b: Gardevoir|perish3|[silent]\n|-start|p2a: Sinistcha|perish3|[silent]\n|-start|p2b: Gengar|perish3|[silent]\n|-fieldactivate|move: Perish Song\n|move|p1a: Milotic|Ice Beam|p2a: Sinistcha\n|-supereffective|p2a: Sinistcha|1\n|-damage|p2a: Sinistcha|16/100\n|\n|-start|p1b: Gardevoir|perish3\n|-start|p2b: Gengar|perish3\n|-start|p1a: Milotic|perish3\n|-start|p2a: Sinistcha|perish3\n|upkeep\n|turn|2\n|\n|t:|1776295851\n|move|p2b: Gengar|Protect|p2b: Gengar\n|-singleturn|p2b: Gengar|Protect\n|move|p2a: Sinistcha|Protect|p2a: Sinistcha\n|-singleturn|p2a: Sinistcha|Protect\n|move|p1b: Gardevoir|Psychic|p2b: Gengar\n|-activate|p2b: Gengar|move: Protect\n|move|p1a: Milotic|Ice Beam|p2a: Sinistcha\n|-activate|p2a: Sinistcha|move: Protect\n|\n|-start|p1b: Gardevoir|perish2\n|-start|p2b: Gengar|perish2\n|-start|p1a: Milotic|perish2\n|-start|p2a: Sinistcha|perish2\n|upkeep\n|turn|3\n|\n|t:|1776295874\n|switch|p2b: Pelipper|Pelipper, L50, F|100/100\n|-weather|RainDance|[from] ability: Drizzle|[of] p2b: Pelipper\n|move|p2a: Sinistcha|Rage Powder|p2a: Sinistcha\n|-singleturn|p2a: Sinistcha|move: Rage Powder\n|move|p1b: Gardevoir|Psychic|p2a: Sinistcha\n|-damage|p2a: Sinistcha|0 fnt\n|faint|p2a: Sinistcha\n|move|p1a: Milotic|Scald|p2b: Pelipper\n|-resisted|p2b: Pelipper|1\n|-damage|p2b: Pelipper|64/100\n|-status|p2b: Pelipper|brn\n|\n|-weather|RainDance|[upkeep]\n|-damage|p2b: Pelipper|58/100 brn|[from] brn\n|-start|p1b: Gardevoir|perish1\n|-start|p1a: Milotic|perish1\n|upkeep\n|\n|t:|1776295893\n|switch|p2a: Gengar|Gengar-Mega, L50, M|100/100\n|turn|4\n|\n|t:|1776295897\n|move|p2a: Gengar|Protect|p2a: Gengar\n|-singleturn|p2a: Gengar|Protect\n|move|p2b: Pelipper|Protect|p2b: Pelipper\n|-singleturn|p2b: Pelipper|Protect\n|move|p1b: Gardevoir|Psychic|p2b: Pelipper\n|-activate|p2b: Pelipper|move: Protect\n|move|p1a: Milotic|Scald|p2b: Pelipper\n|-activate|p2b: Pelipper|move: Protect\n|\n|-weather|RainDance|[upkeep]\n|-damage|p2b: Pelipper|52/100 brn|[from] brn\n|-start|p1b: Gardevoir|perish0\n|-start|p1a: Milotic|perish0\n|faint|p1b: Gardevoir\n|faint|p1a: Milotic\n|upkeep\n|\n|t:|1776295901\n|switch|p1b: Charizard|Charizard, L50, M|100/100\n|switch|p1a: Venusaur|Venusaur, L50, M|100/100\n|turn|5\n|\n|t:|1776295924\n|switch|p2b: Basculegion|Basculegion, L50, M|100/100\n|detailschange|p1b: Charizard|Charizard-Mega-Y, L50, M\n|-mega|p1b: Charizard|Charizard|Charizardite Y\n|-weather|SunnyDay|[from] ability: Drought|[of] p1b: Charizard\n|move|p1a: Venusaur|Sludge Bomb|p2b: Basculegion\n|-resisted|p2b: Basculegion|1\n|-damage|p2b: Basculegion|76/100\n|move|p2a: Gengar|Perish Song|p2a: Gengar\n|-start|p1a: Venusaur|perish3|[silent]\n|-start|p1b: Charizard|perish3|[silent]\n|-start|p2a: Gengar|perish3|[silent]\n|-start|p2b: Basculegion|perish3|[silent]\n|-fieldactivate|move: Perish Song\n|move|p1b: Charizard|Weather Ball|p2a: Gengar\n|-damage|p2a: Gengar|0 fnt\n|faint|p2a: Gengar\n|\n|-weather|SunnyDay|[upkeep]\n|-start|p1a: Venusaur|perish3\n|-start|p2b: Basculegion|perish3\n|-start|p1b: Charizard|perish3\n|upkeep\n|\n|t:|1776295944\n|switch|p2a: Pelipper|Pelipper, L50, F|52/100 brn\n|-weather|RainDance|[from] ability: Drizzle|[of] p2a: Pelipper\n|turn|6\n|inactive|Dalucks90 has 30 seconds left.\n|inactive|Dalucks90 has 20 seconds left.\n|inactive|Dalucks90 has 15 seconds left.\n|\n|t:|1776295991\n|move|p2b: Basculegion|Last Respects|p1a: Venusaur\n|-enditem|p1a: Venusaur|Focus Sash\n|-damage|p1a: Venusaur|1/100\n|move|p1b: Charizard|Weather Ball|p2b: Basculegion\n|-resisted|p2b: Basculegion|1\n|-damage|p2b: Basculegion|39/100\n|move|p1a: Venusaur|Energy Ball|p2b: Basculegion\n|-supereffective|p2b: Basculegion|1\n|-damage|p2b: Basculegion|0 fnt\n|faint|p2b: Basculegion\n|move|p2a: Pelipper|Hurricane|p1a: Venusaur\n|-supereffective|p1a: Venusaur|1\n|-damage|p1a: Venusaur|0 fnt\n|faint|p1a: Venusaur\n|\n|-weather|RainDance|[upkeep]\n|-damage|p2a: Pelipper|46/100 brn|[from] brn\n|-start|p1b: Charizard|perish2\n|upkeep\n|turn|7\n|\n|t:|1776296012\n|move|p1b: Charizard|Weather Ball|p2a: Pelipper\n|-resisted|p2a: Pelipper|1\n|-damage|p2a: Pelipper|0 fnt\n|faint|p2a: Pelipper\n|\n|win|toxmyself\n|raw|toxmyself's rating: 1263 &rarr; <strong>1291</strong><br />(+28 for winning)\n|raw|Dalucks90's rating: 1306 &rarr; <strong>1284</strong><br />(-22 for losing)\n|l|\u2606Dalucks90\n|player|p2|\n",
  "uploadtime": 1776296012,
  "views": 27,
  "formatid": "gen9championsvgc2026regma",
  "rating": 1284,
  "private": 0,
  "password": null
}