{
  "id": "gen9championsvgc2026regma-2584373713",
  "format": "[Gen 9 Champions] VGC 2026 Reg M-A",
  "players": [
    "Mulegator12",
    "Doroordep"
  ],
  "log": "|j|\u2606Mulegator12\n|j|\u2606Doroordep\n|t:|1776255947\n|gametype|doubles\n|player|p1|Mulegator12|2|1096\n|player|p2|Doroordep|101|1040\n|gen|9\n|tier|[Gen 9 Champions] VGC 2026 Reg M-A\n|rated|\n|rule|Species Clause: Limit one of each Pok\u00e9mon\n|rule|Item Clause: Limit 1 of each item\n|clearpoke\n|poke|p1|Scizor, L50, F|\n|poke|p1|Gardevoir, L50, M|\n|poke|p1|Milotic, L50, M|\n|poke|p1|Talonflame, L50, F|\n|poke|p1|Lopunny, L50, F|\n|poke|p1|Mamoswine, L50, F|\n|poke|p2|Froslass, L50, F|\n|poke|p2|Incineroar, L50, F|\n|poke|p2|Orthworm, L50, M|\n|poke|p2|Whimsicott, L50, M|\n|poke|p2|Maushold-Four, L50|\n|poke|p2|Greninja-*, L50, F|\n|teampreview|4\n|inactive|Battle timer is ON: inactive players will automatically lose when time's up. (requested by Doroordep)\n|inactive|Mulegator12 has 60 seconds left.\n|\n|t:|1776256018\n|teamsize|p1|4\n|teamsize|p2|4\n|start\n|switch|p1a: Talonflame|Talonflame, L50, F|100/100\n|switch|p1b: Scizor|Scizor, L50, F|100/100\n|switch|p2a: Incineroar|Incineroar, L50, F, shiny|100/100\n|switch|p2b: Maushold|Maushold-Four, L50|100/100\n|-ability|p2a: Incineroar|Intimidate|boost\n|-unboost|p1a: Talonflame|atk|1\n|-unboost|p1b: Scizor|atk|1\n|turn|1\n|\n|t:|1776256042\n|switch|p1a: Milotic|Milotic, L50, M|100/100\n|move|p2a: Incineroar|Fake Out|p1a: Milotic\n|-damage|p1a: Milotic|89/100\n|move|p2b: Maushold|Super Fang|p1b: Scizor\n|-damage|p1b: Scizor|50/100\n|move|p1b: Scizor|Knock Off|p2b: Maushold\n|-damage|p2b: Maushold|72/100\n|-enditem|p2b: Maushold|Chople Berry|[from] move: Knock Off|[of] p1b: Scizor\n|\n|upkeep\n|turn|2\n|inactive|Mulegator12 has 30 seconds left.\n|inactive|Doroordep has 30 seconds left.\n|inactive|Mulegator12 has 20 seconds left.\n|\n|t:|1776256081\n|move|p2b: Maushold|Protect|p2b: Maushold\n|-singleturn|p2b: Maushold|Protect\n|move|p1b: Scizor|Protect|p1b: Scizor\n|-singleturn|p1b: Scizor|Protect\n|move|p1a: Milotic|Coil|p1a: Milotic\n|-boost|p1a: Milotic|atk|1\n|-boost|p1a: Milotic|def|1\n|-boost|p1a: Milotic|accuracy|1\n|move|p2a: Incineroar|Parting Shot|p1a: Milotic\n|-unboost|p1a: Milotic|atk|1\n|-ability|p1a: Milotic|Competitive|boost\n|-boost|p1a: Milotic|spa|2\n|-unboost|p1a: Milotic|spa|1\n|-ability|p1a: Milotic|Competitive|boost\n|-boost|p1a: Milotic|spa|2\n|\n|t:|1776256101\n|switch|p2a: Orthworm|Orthworm, L50, M, shiny|100/100|[from] Parting Shot\n|\n|upkeep\n|turn|3\n|c|\u2606Mulegator12|Ggs\n|\n|t:|1776256120\n|switch|p1b: Talonflame|Talonflame, L50, F|100/100\n|move|p2b: Maushold|Super Fang|p1a: Milotic\n|-damage|p1a: Milotic|45/100\n|-enditem|p1a: Milotic|Sitrus Berry|[eat]\n|-heal|p1a: Milotic|69/100|[from] item: Sitrus Berry\n|move|p1a: Milotic|Muddy Water|p2a: Orthworm|[spread] p2a,p2b\n|-crit|p2b: Maushold\n|-damage|p2a: Orthworm|44/100\n|-damage|p2b: Maushold|0 fnt\n|-enditem|p2a: Orthworm|Sitrus Berry|[eat]\n|-heal|p2a: Orthworm|69/100|[from] item: Sitrus Berry\n|faint|p2b: Maushold\n|move|p2a: Orthworm|Body Press|p1b: Talonflame\n|-resisted|p1b: Talonflame|1\n|-damage|p1b: Talonflame|78/100\n|\n|upkeep\n|\n|t:|1776256137\n|switch|p2b: Froslass|Froslass, L50, F|100/100\n|turn|4\n|\n|t:|1776256148\n|detailschange|p2b: Froslass|Froslass-Mega, L50, F\n|-mega|p2b: Froslass|Froslass|Froslassite\n|-weather|Snowscape|[from] ability: Snow Warning|[of] p2b: Froslass\n|move|p2b: Froslass|Protect|p2b: Froslass\n|-singleturn|p2b: Froslass|Protect\n|move|p1b: Talonflame|Tailwind|p1b: Talonflame\n|-sidestart|p1: Mulegator12|move: Tailwind\n|move|p1a: Milotic|Hypnosis|p2a: Orthworm\n|-status|p2a: Orthworm|slp|[from] move: Hypnosis\n|cant|p2a: Orthworm|slp\n|\n|-weather|Snowscape|[upkeep]\n|upkeep\n|turn|5\n|inactive|Doroordep has 30 seconds left.\n|\n|t:|1776256174\n|move|p1b: Talonflame|Flare Blitz|p2a: Orthworm\n|-supereffective|p2a: Orthworm|1\n|-damage|p2a: Orthworm|0 fnt\n|faint|p2a: Orthworm\n|-damage|p1b: Talonflame|57/100|[from] Recoil\n|move|p1a: Milotic|Life Dew|p1a: Milotic|[spread] p1a,p1b\n|-heal|p1a: Milotic|95/100\n|-heal|p1b: Talonflame|82/100\n|move|p2b: Froslass|Shadow Ball|p1a: Milotic\n|-damage|p1a: Milotic|64/100\n|\n|-weather|Snowscape|[upkeep]\n|upkeep\n|\n|t:|1776256189\n|switch|p2a: Incineroar|Incineroar, L50, F, shiny|100/100\n|-ability|p2a: Incineroar|Intimidate|boost\n|-unboost|p1a: Milotic|atk|1\n|-ability|p1a: Milotic|Competitive|boost\n|-boost|p1a: Milotic|spa|2\n|-unboost|p1b: Talonflame|atk|1\n|turn|6\n|inactive|Mulegator12 has 30 seconds left.\n|\n|t:|1776256217\n|move|p2a: Incineroar|Fake Out|p1a: Milotic\n|-damage|p1a: Milotic|56/100\n|move|p1b: Talonflame|Flare Blitz|p2b: Froslass\n|-supereffective|p2b: Froslass|1\n|-damage|p2b: Froslass|38/100\n|-damage|p1b: Talonflame|62/100|[from] Recoil\n|cant|p1a: Milotic|flinch\n|move|p2b: Froslass|Blizzard|p1a: Milotic|[spread] p1a,p1b\n|-resisted|p1a: Milotic|1\n|-damage|p1a: Milotic|42/100\n|-damage|p1b: Talonflame|0 fnt\n|faint|p1b: Talonflame\n|\n|-weather|Snowscape|[upkeep]\n|upkeep\n|\n|t:|1776256235\n|switch|p1b: Scizor|Scizor, L50, F|50/100\n|turn|7\n|\n|t:|1776256243\n|move|p2b: Froslass|Protect|p2b: Froslass\n|-singleturn|p2b: Froslass|Protect\n|move|p1b: Scizor|Bullet Punch|p2b: Froslass\n|-activate|p2b: Froslass|move: Protect\n|move|p1a: Milotic|Life Dew|p1a: Milotic|[spread] p1a,p1b\n|-heal|p1a: Milotic|67/100\n|-heal|p1b: Scizor|75/100\n|move|p2a: Incineroar|Flare Blitz|p1b: Scizor\n|-supereffective|p1b: Scizor|2\n|-damage|p1b: Scizor|0 fnt\n|faint|p1b: Scizor\n|-damage|p2a: Incineroar|78/100|[from] Recoil\n|\n|-weather|Snowscape|[upkeep]\n|-sideend|p1: Mulegator12|move: Tailwind\n|upkeep\n|\n|t:|1776256259\n|switch|p1b: Lopunny|Lopunny, L50, F|100/100\n|turn|8\n|\n|t:|1776256277\n|detailschange|p1b: Lopunny|Lopunny-Mega, L50, F\n|-mega|p1b: Lopunny|Lopunny|Lopunnite\n|move|p1b: Lopunny|Fake Out|p2b: Froslass\n|-damage|p2b: Froslass|13/100\n|cant|p2b: Froslass|flinch\n|move|p1a: Milotic|Muddy Water|p2b: Froslass|[spread] p2a,p2b\n|-supereffective|p2a: Incineroar|1\n|-damage|p2a: Incineroar|0 fnt\n|-damage|p2b: Froslass|0 fnt\n|faint|p2a: Incineroar\n|faint|p2b: Froslass\n|\n|win|Mulegator12\n|raw|Mulegator12's rating: 1096 &rarr; <strong>1118</strong><br />(+22 for winning)\n|raw|Doroordep's rating: 1040 &rarr; <strong>1027</strong><br />(-13 for losing)\n|l|\u2606Doroordep\n|player|p2|\n",
  "uploadtime": 1776256296,
  "views": 31,
  "formatid": "gen9championsvgc2026regma",
  "rating": 1027,
  "private": 0,
  "password": null
}