{
  "id": "gen9championsvgc2026regma-2584210127",
  "format": "[Gen 9 Champions] VGC 2026 Reg M-A",
  "players": [
    "aoiharada",
    "Guiding Quem"
  ],
  "log": "|j|\u2606aoiharada\n|j|\u2606Guiding Quem\n|t:|1776238577\n|gametype|doubles\n|player|p1|aoiharada|170|1344\n|player|p2|Guiding Quem|cynthia-masters4|1436\n|gen|9\n|tier|[Gen 9 Champions] VGC 2026 Reg M-A\n|rated|\n|rule|Species Clause: Limit one of each Pok\u00e9mon\n|rule|Item Clause: Limit 1 of each item\n|clearpoke\n|poke|p1|Garchomp, L50, M|\n|poke|p1|Rotom-Wash, L50|\n|poke|p1|Incineroar, L50, F|\n|poke|p1|Sneasler, L50, F|\n|poke|p1|Sinistcha-Masterpiece, L50|\n|poke|p1|Floette-Eternal, L50, F|\n|poke|p2|Floette-Eternal, L50, F|\n|poke|p2|Maushold, L50|\n|poke|p2|Garchomp, L50, F|\n|poke|p2|Talonflame, L50, M|\n|poke|p2|Rotom-Wash, L50|\n|poke|p2|Aegislash, L50, F|\n|teampreview|4\n|inactive|Battle timer is ON: inactive players will automatically lose when time's up. (requested by Guiding Quem)\n|\n|t:|1776238606\n|teamsize|p1|4\n|teamsize|p2|4\n|start\n|switch|p1a: Floette|Floette-Eternal, L50, F|100/100\n|switch|p1b: Sneasler|Sneasler, L50, F|100/100\n|switch|p2a: Floette|Floette-Eternal, L50, F|100/100\n|switch|p2b: Maushold|Maushold, L50|100/100\n|turn|1\n|\n|t:|1776238616\n|detailschange|p1a: Floette|Floette-Mega, L50, F\n|-mega|p1a: Floette|Floette|Floettite\n|-ability|p1a: Floette|Fairy Aura\n|detailschange|p2a: Floette|Floette-Mega, L50, F\n|-mega|p2a: Floette|Floette|Floettite\n|-ability|p2a: Floette|Fairy Aura\n|move|p1b: Sneasler|Fake Out|p2a: Floette\n|-damage|p2a: Floette|89/100\n|move|p2b: Maushold|Taunt|p1a: Floette\n|-start|p1a: Floette|move: Taunt\n|cant|p1a: Floette|move: Taunt|Calm Mind\n|cant|p2a: Floette|flinch\n|\n|upkeep\n|turn|2\n|\n|t:|1776238629\n|move|p2b: Maushold|Follow Me|p2b: Maushold\n|-singleturn|p2b: Maushold|move: Follow Me\n|move|p1b: Sneasler|Dire Claw|p2b: Maushold\n|-damage|p2b: Maushold|41/100\n|-status|p2b: Maushold|slp\n|move|p1a: Floette|Dazzling Gleam|p2a: Floette|[spread] p2a,p2b\n|-crit|p2a: Floette\n|-damage|p2a: Floette|55/100\n|-damage|p2b: Maushold|0 fnt\n|faint|p2b: Maushold\n|move|p2a: Floette|Dazzling Gleam|p1a: Floette|[spread] p1a,p1b\n|-crit|p1b: Sneasler\n|-damage|p1a: Floette|65/100\n|-damage|p1b: Sneasler|0 fnt\n|faint|p1b: Sneasler\n|\n|upkeep\n|c|\u2606Guiding Quem|lame asf\n|\n|t:|1776238643\n|switch|p1b: Sinistcha|Sinistcha-Masterpiece, L50|100/100\n|switch|p2b: Talonflame|Talonflame, L50, M, shiny|100/100\n|-heal|p1a: Floette|90/100|[from] ability: Hospitality|[of] p1b: Sinistcha\n|turn|3\n|\n|t:|1776238650\n|switch|p1b: Incineroar|Incineroar, L50, F|100/100\n|-ability|p1b: Incineroar|Intimidate|boost\n|-unboost|p2a: Floette|atk|1\n|-unboost|p2b: Talonflame|atk|1\n|move|p2b: Talonflame|Tailwind|p2b: Talonflame\n|-sidestart|p2: Guiding Quem|move: Tailwind\n|move|p2a: Floette|Dazzling Gleam|p1b: Incineroar|[spread] p1a,p1b\n|-damage|p1a: Floette|55/100\n|-damage|p1b: Incineroar|66/100\n|move|p1a: Floette|Dazzling Gleam|p2a: Floette|[spread] p2a,p2b\n|-resisted|p2b: Talonflame|1\n|-damage|p2a: Floette|28/100\n|-damage|p2b: Talonflame|70/100\n|\n|-end|p1a: Floette|move: Taunt\n|upkeep\n|turn|4\n|\n|t:|1776238671\n|switch|p1b: Sinistcha|Sinistcha-Masterpiece, L50|100/100\n|-heal|p1a: Floette|80/100|[from] ability: Hospitality|[of] p1b: Sinistcha\n|move|p2b: Talonflame|Protect|p2b: Talonflame\n|-singleturn|p2b: Talonflame|Protect\n|move|p2a: Floette|Dazzling Gleam|p1b: Sinistcha|[spread] p1a,p1b\n|-damage|p1a: Floette|39/100\n|-damage|p1b: Sinistcha|59/100\n|move|p1a: Floette|Dazzling Gleam|p2a: Floette|[spread] p2a\n|-activate|p2b: Talonflame|move: Protect\n|-damage|p2a: Floette|0 fnt\n|faint|p2a: Floette\n|\n|upkeep\n|\n|t:|1776238675\n|switch|p2a: Garchomp|Garchomp, L50, F, shiny|100/100\n|turn|5\n|\n|t:|1776238684\n|switch|p1b: Incineroar|Incineroar, L50, F|66/100\n|-ability|p1b: Incineroar|Intimidate|boost\n|-unboost|p2a: Garchomp|atk|1\n|-unboost|p2b: Talonflame|atk|1\n|move|p1a: Floette|Protect|p1a: Floette\n|-singleturn|p1a: Floette|Protect\n|move|p2b: Talonflame|Acrobatics|p1b: Incineroar\n|-damage|p1b: Incineroar|44/100\n|move|p2a: Garchomp|Earthquake|p1b: Incineroar|[spread] p1b\n|-activate|p1a: Floette|move: Protect\n|-immune|p2b: Talonflame\n|-supereffective|p1b: Incineroar|1\n|-enditem|p1b: Incineroar|Shuca Berry|[eat]\n|-enditem|p1b: Incineroar|Shuca Berry|[weaken]\n|-damage|p1b: Incineroar|12/100\n|\n|upkeep\n|turn|6\n|\n|t:|1776238704\n|move|p1b: Incineroar|Fake Out|p2a: Garchomp\n|-crit|p2a: Garchomp\n|-damage|p2a: Garchomp|84/100\n|-damage|p1b: Incineroar|0 fnt|[from] ability: Rough Skin|[of] p2a: Garchomp\n|faint|p1b: Incineroar\n|move|p2b: Talonflame|Flare Blitz|p1a: Floette\n|-damage|p1a: Floette|21/100\n|-damage|p2b: Talonflame|62/100|[from] Recoil\n|cant|p2a: Garchomp|flinch\n|move|p1a: Floette|Dazzling Gleam|p2b: Talonflame|[spread] p2a,p2b\n|-supereffective|p2a: Garchomp|1\n|-resisted|p2b: Talonflame|1\n|-damage|p2a: Garchomp|0 fnt\n|-damage|p2b: Talonflame|32/100\n|faint|p2a: Garchomp\n|\n|-sideend|p2: Guiding Quem|move: Tailwind\n|upkeep\n|\n|t:|1776238711\n|switch|p1b: Sinistcha|Sinistcha-Masterpiece, L50|59/100\n|-heal|p1a: Floette|46/100|[from] ability: Hospitality|[of] p1b: Sinistcha\n|turn|7\n|-message|Guiding Quem forfeited.\n|\n|win|aoiharada\n|raw|aoiharada's rating: 1344 &rarr; <strong>1369</strong><br />(+25 for winning)\n|raw|Guiding Quem's rating: 1436 &rarr; <strong>1411</strong><br />(-25 for losing)\n|l|\u2606Guiding Quem\n|player|p2|\n|l|\u2606aoiharada\n|player|p1|\n",
  "uploadtime": 1776238728,
  "views": 34,
  "formatid": "gen9championsvgc2026regma",
  "rating": 1369,
  "private": 0,
  "password": null
}