{
  "id": "gen9championsvgc2026regma-2582937264",
  "format": "[Gen 9 Champions] VGC 2026 Reg M-A",
  "players": [
    "corpseblooming",
    "Duelyst II"
  ],
  "log": "|j|\u2606corpseblooming\n|j|\u2606Duelyst II\n|t:|1776126601\n|gametype|doubles\n|player|p1|corpseblooming|giovanni|1106\n|player|p2|Duelyst II|rose|1000\n|gen|9\n|tier|[Gen 9 Champions] VGC 2026 Reg M-A\n|rated|\n|rule|Species Clause: Limit one of each Pok\u00e9mon\n|rule|Item Clause: Limit 1 of each item\n|clearpoke\n|poke|p1|Charizard, L50, F|\n|poke|p1|Torkoal, L50, M|\n|poke|p1|Venusaur, L50, M|\n|poke|p1|Sneasler, L50, M|\n|poke|p1|Stunfisk-Galar, L50, F|\n|poke|p1|Heliolisk, L50, F|\n|poke|p2|Liepard, L50, F|\n|poke|p2|Manectric, L50, M|\n|poke|p2|Decidueye-Hisui, L50, F|\n|poke|p2|Pelipper, L50, M|\n|poke|p2|Incineroar, L50, F|\n|poke|p2|Scizor, L50, F|\n|teampreview|4\n|\n|t:|1776126639\n|teamsize|p1|4\n|teamsize|p2|4\n|start\n|switch|p1a: Torkoal|Torkoal, L50, M|100/100\n|switch|p1b: Sneasler|Sneasler, L50, M|100/100\n|switch|p2a: Liepard|Liepard, L50, F|100/100\n|switch|p2b: Manectric|Manectric, L50, M|100/100\n|-weather|SunnyDay|[from] ability: Drought|[of] p1a: Torkoal\n|turn|1\n|\n|t:|1776126680\n|switch|p2a: Pelipper|Pelipper, L50, M|100/100\n|-weather|RainDance|[from] ability: Drizzle|[of] p2a: Pelipper\n|detailschange|p2b: Manectric|Manectric-Mega, L50, M\n|-mega|p2b: Manectric|Manectric|Manectite\n|-ability|p2b: Manectric|Intimidate|boost\n|-unboost|p1a: Torkoal|atk|1\n|-unboost|p1b: Sneasler|atk|1\n|move|p2b: Manectric|Protect|p2b: Manectric\n|-singleturn|p2b: Manectric|Protect\n|move|p1b: Sneasler|Protect|p1b: Sneasler\n|-singleturn|p1b: Sneasler|Protect\n|move|p1a: Torkoal|Eruption|p2b: Manectric|[spread] p2a\n|-activate|p2b: Manectric|move: Protect\n|-resisted|p2a: Pelipper|1\n|-damage|p2a: Pelipper|88/100\n|\n|-weather|RainDance|[upkeep]\n|-heal|p2a: Pelipper|94/100|[from] item: Leftovers\n|upkeep\n|turn|2\n|\n|t:|1776126708\n|switch|p1b: Heliolisk|Heliolisk, L50, F|100/100\n|move|p1a: Torkoal|Protect|p1a: Torkoal\n|-singleturn|p1a: Torkoal|Protect\n|move|p2b: Manectric|Volt Switch|p1b: Heliolisk\n|-resisted|p1b: Heliolisk|1\n|-damage|p1b: Heliolisk|72/100\n|\n|t:|1776126723\n|switch|p2b: Liepard|Liepard, L50, F|100/100|[from] Volt Switch\n|move|p2a: Pelipper|Hurricane|p1b: Heliolisk\n|-resisted|p1b: Heliolisk|1\n|-damage|p1b: Heliolisk|47/100\n|\n|-weather|RainDance|[upkeep]\n|-heal|p2a: Pelipper|99/100|[from] item: Leftovers\n|upkeep\n|turn|3\n|\n|t:|1776126744\n|switch|p2a: Incineroar|Incineroar, L50, F|100/100\n|switch|p1a: Charizard|Charizard, L50, F|100/100\n|move|p2b: Liepard|Encore||[still]\n|-fail|p2b: Liepard\n|move|p1b: Heliolisk|Thunderbolt|p2a: Incineroar\n|-damage|p2a: Incineroar|69/100\n|\n|-weather|RainDance|[upkeep]\n|upkeep\n|turn|4\n|\n|t:|1776126798\n|switch|p1a: Torkoal|Torkoal, L50, M|100/100\n|-weather|SunnyDay|[from] ability: Drought|[of] p1a: Torkoal\n|move|p2b: Liepard|Rain Dance|p2b: Liepard\n|-weather|RainDance\n|move|p1b: Heliolisk|Weather Ball|p2a: Incineroar\n|-supereffective|p2a: Incineroar|1\n|-damage|p2a: Incineroar|10/100\n|-enditem|p2a: Incineroar|Sitrus Berry|[eat]\n|-heal|p2a: Incineroar|35/100|[from] item: Sitrus Berry\n|move|p2a: Incineroar|Parting Shot|p1a: Torkoal\n|-unboost|p1a: Torkoal|atk|1\n|-unboost|p1a: Torkoal|spa|1\n|\n|t:|1776126811\n|switch|p2a: Manectric|Manectric-Mega, L50, M|100/100|[from] Parting Shot\n|-ability|p2a: Manectric|Intimidate|boost\n|-unboost|p1a: Torkoal|atk|1\n|-unboost|p1b: Heliolisk|atk|1\n|\n|-weather|RainDance|[upkeep]\n|upkeep\n|turn|5\n|\n|t:|1776126835\n|switch|p2b: Incineroar|Incineroar, L50, F|35/100\n|switch|p1a: Sneasler|Sneasler, L50, M|100/100\n|move|p2a: Manectric|Thunder|p1a: Sneasler\n|-damage|p1a: Sneasler|15/100\n|move|p1b: Heliolisk|Weather Ball|p2a: Manectric\n|-damage|p2a: Manectric|38/100\n|\n|-weather|RainDance|[upkeep]\n|upkeep\n|turn|6\n|\n|t:|1776126858\n|switch|p2a: Pelipper|Pelipper, L50, M|99/100\n|move|p1a: Sneasler|Fake Out|p2b: Incineroar\n|-damage|p2b: Incineroar|19/100\n|move|p1b: Heliolisk|Discharge|p2b: Incineroar|[spread] p1a,p2a,p2b\n|-supereffective|p2a: Pelipper|2\n|-damage|p1a: Sneasler|0 fnt\n|-damage|p2a: Pelipper|0 fnt\n|-damage|p2b: Incineroar|1/100\n|-status|p2b: Incineroar|par\n|faint|p1a: Sneasler\n|faint|p2a: Pelipper\n|cant|p2b: Incineroar|flinch\n|\n|-weather|RainDance|[upkeep]\n|upkeep\n|\n|t:|1776126873\n|switch|p1a: Charizard|Charizard, L50, F|100/100\n|switch|p2a: Manectric|Manectric-Mega, L50, M|38/100\n|-ability|p2a: Manectric|Intimidate|boost\n|-unboost|p1a: Charizard|atk|1\n|-unboost|p1b: Heliolisk|atk|1\n|turn|7\n|\n|t:|1776126892\n|switch|p2b: Liepard|Liepard, L50, F|100/100\n|detailschange|p1a: Charizard|Charizard-Mega-Y, L50, F\n|-mega|p1a: Charizard|Charizard|Charizardite Y\n|-weather|SunnyDay|[from] ability: Drought|[of] p1a: Charizard\n|move|p1b: Heliolisk|Protect|p1b: Heliolisk\n|-singleturn|p1b: Heliolisk|Protect\n|move|p2a: Manectric|Thunder|p1b: Heliolisk\n|-activate|p1b: Heliolisk|move: Protect\n|move|p1a: Charizard|Heat Wave|p2b: Liepard|[spread] p2a,p2b\n|-damage|p2a: Manectric|0 fnt\n|-damage|p2b: Liepard|17/100\n|faint|p2a: Manectric\n|\n|-weather|SunnyDay|[upkeep]\n|-damage|p1b: Heliolisk|34/100|[from] ability: Solar Power|[of] p1b: Heliolisk\n|upkeep\n|c|\u2606Duelyst II|why would you think I'd do that\n|\n|t:|1776126915\n|switch|p2a: Incineroar|Incineroar, L50, F|1/100 par\n|turn|8\n|-message|Duelyst II forfeited.\n|\n|win|corpseblooming\n|raw|corpseblooming's rating: 1106 &rarr; <strong>1124</strong><br />(+18 for winning)\n|raw|Duelyst II's rating: 1000 &rarr; <strong>1000</strong><br />(+0 for losing)\n|l|\u2606Duelyst II\n|player|p2|\n",
  "uploadtime": 1776126953,
  "views": 12,
  "formatid": "gen9championsvgc2026regma",
  "rating": 1000,
  "private": 0,
  "password": null
}