{
  "id": "gen9championsvgc2026regma-2586289139",
  "format": "[Gen 9 Champions] VGC 2026 Reg M-A",
  "players": [
    "Miss Elysia",
    "gambitofking"
  ],
  "log": "|j|\u2606Miss Elysia\n|j|\u2606gambitofking\n|html|<table width=\"100%\"><tr><td align=\"left\">Miss Elysia</td><td align=\"right\">gambitofking</tr><tr><td align=\"left\"><i class=\"fa fa-circle-o\"></i> <i class=\"fa fa-circle-o\"></i> </td><td align=\"right\"><i class=\"fa fa-circle-o\"></i> <i class=\"fa fa-circle-o\"></i> </tr></table>\n|uhtml|bestof|<h2><strong>Game 1</strong> of <a href=\"/game-bestof3-gen9championsvgc2026regma-2586289138\">a best-of-3</a></h2>\n|t:|1776421707\n|gametype|doubles\n|player|p1|Miss Elysia|cynthia-masters4|\n|player|p2|gambitofking|miku-ground|\n|gen|9\n|tier|[Gen 9 Champions] VGC 2026 Reg M-A\n|rated|Tournament battle\n|rule|Species Clause: Limit one of each Pok\u00e9mon\n|rule|Item Clause: Limit 1 of each item\n|raw|<div class=\"infobox\"><details class=\"readmore\" open><summary><strong>2 custom rules:</strong></summary> Force Open Team Sheets, Best of = 3</details></div>\n|clearpoke\n|poke|p1|Garchomp, L50, M|\n|poke|p1|Talonflame, L50, F|\n|poke|p1|Glimmora, L50, M|\n|poke|p1|Sneasler, L50, M|\n|poke|p1|Arcanine-Hisui, L50, M|\n|poke|p1|Floette-Eternal, L50, F|\n|poke|p2|Meganium, L50, M|\n|poke|p2|Aerodactyl, L50, F|\n|poke|p2|Garchomp, L50, F|\n|poke|p2|Kingambit, L50, M|\n|poke|p2|Starmie, L50|\n|poke|p2|Incineroar, L50, M|\n|teampreview|4\n|showteam|p1|Garchomp||WhiteHerb|RoughSkin|DragonClaw,Earthquake,StompingTantrum,Protect|||M|||50|]Talonflame||SharpBeak|GaleWings|Tailwind,Taunt,BraveBird,FlareBlitz|||F|||50|]Glimmora||Glimmoranite|ToxicDebris|PowerGem,SludgeBomb,EarthPower,SpikyShield|||M|||50|]Sneasler||FocusSash|Unburden|FakeOut,CloseCombat,DireClaw,Protect|||M|||50|]Arcanine-Hisui||LumBerry|Intimidate|RockSlide,FlareBlitz,ExtremeSpeed,Protect|||M|||50|]Floette-Eternal||Floettite|FlowerVeil|Moonblast,LightofRuin,DazzlingGleam,Protect|||F|||50|\n|showteam|p2|Meganium||Meganiumite|Overgrow|Protect,SolarBeam,DazzlingGleam,WeatherBall|||M|||50|]Aerodactyl||FocusSash|Unnerve|DualWingbeat,Tailwind,RockSlide,Protect|||F|||50|]Garchomp||ChoiceScarf|RoughSkin|Earthquake,StompingTantrum,DragonClaw,RockSlide|||F|||50|]Kingambit||ChopleBerry|Defiant|SuckerPunch,KowtowCleave,IronHead,Protect|||M|||50|]Starmie||Starminite|Illuminate|AquaJet,Liquidation,ZenHeadbutt,Protect||||||50|]Incineroar||SitrusBerry|Intimidate|FakeOut,PartingShot,DarkestLariat,FlareBlitz|||M|||50|\n|j| harming soul\n|j| TimeforCHILLI\n|c|\u2606gambitofking|heyyyy\ngambitofking has agreed to open team sheets.\n|c|\u2606Miss Elysia|Hi\n|c|\u2606gambitofking|glhf\n|\n|t:|1776421757\n|teamsize|p1|4\n|teamsize|p2|4\n|start\n|switch|p1a: Torn|Talonflame, L50, F, shiny|100/100\n|switch|p1b: Lando|Garchomp, L50, M|100/100\n|switch|p2a: MySon|Kingambit, L50, M|100/100\n|switch|p2b: Pterosaur|Aerodactyl, L50, F|100/100\n|-ability|p2b: Pterosaur|Unnerve\n|turn|1\n|c|\u2606gambitofking|good names lmao\n|\n|t:|1776421793\n|move|p1a: Torn|Tailwind|p1a: Torn\n|-sidestart|p1: Miss Elysia|move: Tailwind\n|move|p2a: MySon|Sucker Punch|p1b: Lando\n|-damage|p1b: Lando|58/100\n|-damage|p2a: MySon|88/100|[from] ability: Rough Skin|[of] p1b: Lando\n|move|p1b: Lando|Dragon Claw|p2b: Pterosaur\n|-damage|p2b: Pterosaur|30/100\n|move|p2b: Pterosaur|Tailwind|p2b: Pterosaur\n|-sidestart|p2: gambitofking|move: Tailwind\n|\n|upkeep\n|turn|2\n|\n|t:|1776421806\n|move|p1a: Torn|Brave Bird|p2b: Pterosaur\n|-resisted|p2b: Pterosaur|1\n|-damage|p2b: Pterosaur|0 fnt\n|faint|p2b: Pterosaur\n|-damage|p1a: Torn|91/100|[from] Recoil\n|move|p2a: MySon|Sucker Punch|p1b: Lando\n|-damage|p1b: Lando|17/100\n|-damage|p2a: MySon|76/100|[from] ability: Rough Skin|[of] p1b: Lando\n|move|p1b: Lando|Earthquake|p2a: MySon|[spread] p2a\n|-immune|p1a: Torn\n|-supereffective|p2a: MySon|1\n|-damage|p2a: MySon|18/100\n|\n|upkeep\n|\n|t:|1776421820\n|switch|p2b: ImABanana|Starmie, L50|100/100\n|turn|3\n|c|\u2606gambitofking|get ready for huge power kingambit boi\n|\n|t:|1776421857\n|detailschange|p2b: ImABanana|Starmie-Mega, L50\n|-mega|p2b: ImABanana|Starmie|Starminite\n|move|p1b: Lando|Protect|p1b: Lando\n|-singleturn|p1b: Lando|Protect\n|move|p2b: ImABanana|Aqua Jet|p1a: Torn\n|-supereffective|p1a: Torn|1\n|-damage|p1a: Torn|0 fnt\n|faint|p1a: Torn\n|move|p2a: MySon|Sucker Punch||[still]\n|-fail|p2a: MySon\n|\n|upkeep\n|c|\u2606gambitofking|jk\n|\n|t:|1776421872\n|switch|p1a: Dursh|Sneasler, L50, M, shiny|100/100\n|turn|4\n|\n|t:|1776421896\n|move|p2a: MySon|Protect|p2a: MySon\n|-singleturn|p2a: MySon|Protect\n|move|p1a: Dursh|Fake Out|p2b: ImABanana\n|-damage|p2b: ImABanana|80/100\n|cant|p2b: ImABanana|flinch\n|move|p1b: Lando|Stomping Tantrum|p2a: MySon\n|-activate|p2a: MySon|move: Protect\n|\n|-sideend|p1: Miss Elysia|move: Tailwind\n|-sideend|p2: gambitofking|move: Tailwind\n|upkeep\n|turn|5\n|\n|t:|1776421930\n|move|p2b: ImABanana|Aqua Jet|p1b: Lando\n|-damage|p1b: Lando|0 fnt\n|-damage|p2b: ImABanana|68/100|[from] ability: Rough Skin|[of] p1b: Lando\n|faint|p1b: Lando\n|move|p2a: MySon|Sucker Punch|p1a: Dursh\n|-resisted|p1a: Dursh|1\n|-damage|p1a: Dursh|68/100\n|move|p1a: Dursh|Close Combat|p2a: MySon\n|-supereffective|p2a: MySon|2\n|-enditem|p2a: MySon|Chople Berry|[eat]\n|-enditem|p2a: MySon|Chople Berry|[weaken]\n|-damage|p2a: MySon|0 fnt\n|-unboost|p1a: Dursh|def|1\n|-unboost|p1a: Dursh|spd|1\n|faint|p2a: MySon\n|\n|upkeep\n|c|\u2606Miss Elysia|Lol\n|c|\u2606gambitofking|chople mattered\n|c|\u2606gambitofking|trust\n|\n|t:|1776421949\n|switch|p1b: Flut|Floette-Eternal, L50, F|100/100\n|switch|p2a: JaidenAnimations|Garchomp, L50, F|100/100\n|turn|6\n|\n|t:|1776421961\n|move|p1a: Dursh|Protect|p1a: Dursh\n|-singleturn|p1a: Dursh|Protect\n|move|p1b: Flut|Protect|p1b: Flut\n|-singleturn|p1b: Flut|Protect\n|move|p2a: JaidenAnimations|Stomping Tantrum|p1a: Dursh\n|-activate|p1a: Dursh|move: Protect\n|move|p2b: ImABanana|Liquidation|p1b: Flut\n|-activate|p1b: Flut|move: Protect\n|\n|upkeep\n|turn|7\n|\n|t:|1776421982\n|detailschange|p1b: Flut|Floette-Mega, L50, F\n|-mega|p1b: Flut|Floette|Floettite\n|-ability|p1b: Flut|Fairy Aura\n|move|p2a: JaidenAnimations|Stomping Tantrum|p1a: Dursh\n|-supereffective|p1a: Dursh|1\n|-damage|p1a: Dursh|0 fnt\n|faint|p1a: Dursh\n|move|p2b: ImABanana|Liquidation|p1b: Flut\n|-damage|p1b: Flut|3/100\n|move|p1b: Flut|Dazzling Gleam|p2a: JaidenAnimations|[spread] p2a,p2b\n|-supereffective|p2a: JaidenAnimations|1\n|-damage|p2a: JaidenAnimations|0 fnt\n|-damage|p2b: ImABanana|8/100\n|faint|p2a: JaidenAnimations\n|\n|upkeep\n|turn|8\n|c|\u2606gambitofking|tf\n|c|\u2606gambitofking|ggs tho lol\n|\n|t:|1776422015\n|move|p1b: Flut|Protect|p1b: Flut\n|-singleturn|p1b: Flut|Protect\n|move|p2b: ImABanana|Aqua Jet|p1b: Flut\n|-activate|p1b: Flut|move: Protect\n|\n|upkeep\n|turn|9\n|c|\u2606Miss Elysia|GG\n|\n|t:|1776422027\n|move|p2b: ImABanana|Aqua Jet|p1b: Flut\n|-damage|p1b: Flut|0 fnt\n|faint|p1b: Flut\n|\n|win|gambitofking\n",
  "uploadtime": 1776422027,
  "views": 22,
  "formatid": "gen9championsvgc2026regma",
  "rating": null,
  "private": 0,
  "password": null
}