{
  "id": "gen9championsvgc2026regma-2587733537",
  "format": "[Gen 9 Champions] VGC 2026 Reg M-A",
  "players": [
    "wolffizin",
    "MonkeInASuit"
  ],
  "log": "|j|\u2606wolffizin\n|j|\u2606MonkeInASuit\n|t:|1776558547\n|gametype|doubles\n|player|p1|wolffizin|n|1150\n|player|p2|MonkeInASuit|larry|1125\n|gen|9\n|tier|[Gen 9 Champions] VGC 2026 Reg M-A\n|rated|\n|rule|Species Clause: Limit one of each Pok\u00e9mon\n|rule|Item Clause: Limit 1 of each item\n|clearpoke\n|poke|p1|Aggron, L50, M|\n|poke|p1|Tyranitar, L50, F|\n|poke|p1|Garchomp, L50, F|\n|poke|p1|Oranguru, L50, F|\n|poke|p1|Sinistcha, L50|\n|poke|p1|Typhlosion-Hisui, L50, F|\n|poke|p2|Froslass, L50, F, shiny|\n|poke|p2|Garganacl, L50, M, shiny|\n|poke|p2|Milotic, L50, M, shiny|\n|poke|p2|Sneasler, L50, M|\n|poke|p2|Garchomp, L50, M|\n|poke|p2|Kingambit, L50, M|\n|teampreview|4\n|inactive|Battle timer is ON: inactive players will automatically lose when time's up. (requested by MonkeInASuit)\n|\n|t:|1776558571\n|teamsize|p1|4\n|teamsize|p2|4\n|start\n|switch|p1a: Oranguru|Oranguru, L50, F|100/100\n|switch|p1b: Typhlosion|Typhlosion-Hisui, L50, F|100/100\n|switch|p2a: Sneasler|Sneasler, L50, M|100/100\n|switch|p2b: Kingambit|Kingambit, L50, M|100/100\n|turn|1\n|inactive|MonkeInASuit has 30 seconds left.\n|\n|t:|1776558599\n|move|p1b: Typhlosion|Eruption|p2b: Kingambit|[spread] p2a,p2b\n|-supereffective|p2b: Kingambit|1\n|-damage|p2a: Sneasler|20/100\n|-damage|p2b: Kingambit|0 fnt\n|faint|p2b: Kingambit\n|move|p2a: Sneasler|Dire Claw|p1a: Oranguru\n|-damage|p1a: Oranguru|59/100\n|-status|p1a: Oranguru|par\n|cant|p1a: Oranguru|par\n|\n|upkeep\n|\n|t:|1776558608\n|switch|p2b: Milotic|Milotic, L50, M, shiny|100/100\n|turn|2\n|\n|t:|1776558624\n|move|p2a: Sneasler|Protect|p2a: Sneasler\n|-singleturn|p2a: Sneasler|Protect\n|move|p1b: Typhlosion|Eruption|p2b: Milotic|[spread] p2b\n|-activate|p2a: Sneasler|move: Protect\n|-resisted|p2b: Milotic|1\n|-damage|p2b: Milotic|74/100\n|move|p2b: Milotic|Muddy Water|p1b: Typhlosion|[spread] p1b\n|-miss|p2b: Milotic|p1a: Oranguru\n|-supereffective|p1b: Typhlosion|1\n|-damage|p1b: Typhlosion|14/100\n|move|p1a: Oranguru|Trick Room|p1a: Oranguru\n|-fieldstart|move: Trick Room|[of] p1a: Oranguru\n|\n|upkeep\n|turn|3\n|inactive|wolffizin has 30 seconds left.\n|\n|t:|1776558649\n|switch|p1b: Aggron|Aggron, L50, M|100/100\n|move|p1a: Oranguru|Encore|p2a: Sneasler\n|-start|p2a: Sneasler|Encore\n|move|p2a: Sneasler|Protect||[still]\n|-fail|p2a: Sneasler\n|move|p2b: Milotic|Muddy Water|p1a: Oranguru|[spread] p1b\n|-miss|p2b: Milotic|p1a: Oranguru\n|-supereffective|p1b: Aggron|1\n|-damage|p1b: Aggron|49/100\n|\n|upkeep\n|turn|4\n|\n|t:|1776558672\n|switch|p1a: Sinistcha|Sinistcha, L50|100/100\n|-heal|p1b: Aggron|73/100|[from] ability: Hospitality|[of] p1a: Sinistcha\n|detailschange|p1b: Aggron|Aggron-Mega, L50, M\n|-mega|p1b: Aggron|Aggron|Aggronite\n|move|p2a: Sneasler|Protect|p2a: Sneasler\n|-singleturn|p2a: Sneasler|Protect\n|move|p1b: Aggron|Body Press|p2b: Milotic\n|-damage|p2b: Milotic|26/100\n|-enditem|p2b: Milotic|Sitrus Berry|[eat]\n|-heal|p2b: Milotic|51/100|[from] item: Sitrus Berry\n|move|p2b: Milotic|Muddy Water|p1b: Aggron|[spread] p1a\n|-miss|p2b: Milotic|p1b: Aggron\n|-resisted|p1a: Sinistcha|1\n|-damage|p1a: Sinistcha|87/100\n|\n|upkeep\n|turn|5\n|\n|t:|1776558691\n|move|p2a: Sneasler|Protect||[still]\n|-fail|p2a: Sneasler\n|move|p1b: Aggron|Body Press|p2b: Milotic\n|-damage|p2b: Milotic|0 fnt\n|faint|p2b: Milotic\n|move|p1a: Sinistcha|Matcha Gotcha|p2a: Sneasler\n|-resisted|p2a: Sneasler|1\n|-damage|p2a: Sneasler|0 fnt\n|-heal|p1a: Sinistcha|96/100|[from] drain|[of] p2a: Sneasler\n|faint|p2a: Sneasler\n|\n|upkeep\n|\n|t:|1776558696\n|switch|p2a: Froslass|Froslass, L50, F, shiny|100/100\n|turn|6\n|\n|t:|1776558715\n|move|p2a: Froslass|Protect|p2a: Froslass\n|-singleturn|p2a: Froslass|Protect\n|move|p1b: Aggron|Heavy Slam|p2a: Froslass\n|-activate|p2a: Froslass|move: Protect\n|move|p1a: Sinistcha|Matcha Gotcha|p2a: Froslass\n|-activate|p2a: Froslass|move: Protect\n|\n|-fieldend|move: Trick Room\n|upkeep\n|turn|7\n|\n|t:|1776558730\n|detailschange|p2a: Froslass|Froslass-Mega, L50, F, shiny\n|-mega|p2a: Froslass|Froslass|Froslassite\n|-weather|Snowscape|[from] ability: Snow Warning|[of] p2a: Froslass\n|move|p1a: Sinistcha|Protect|p1a: Sinistcha\n|-singleturn|p1a: Sinistcha|Protect\n|move|p2a: Froslass|Blizzard|p1b: Aggron|[spread] p1b\n|-activate|p1a: Sinistcha|move: Protect\n|-resisted|p1b: Aggron|1\n|-damage|p1b: Aggron|56/100\n|move|p1b: Aggron|Heavy Slam|p2a: Froslass\n|-supereffective|p2a: Froslass|1\n|-damage|p2a: Froslass|0 fnt\n|faint|p2a: Froslass\n|\n|win|wolffizin\n|raw|wolffizin's rating: 1150 &rarr; <strong>1173</strong><br />(+23 for winning)\n|raw|MonkeInASuit's rating: 1125 &rarr; <strong>1102</strong><br />(-23 for losing)\n|l|\u2606MonkeInASuit\n|player|p2|\n",
  "uploadtime": 1776558747,
  "views": 20,
  "formatid": "gen9championsvgc2026regma",
  "rating": 1102,
  "private": 0,
  "password": null
}