{
  "id": "gen9championsvgc2026regma-2587875733",
  "format": "[Gen 9 Champions] VGC 2026 Reg M-A",
  "players": [
    "henitusec",
    "foca1"
  ],
  "log": "|j|\u2606henitusec\n|j|\u2606foca1\n|t:|1776573412\n|gametype|doubles\n|player|p1|henitusec|steven-masters|1174\n|player|p2|foca1|265|1192\n|gen|9\n|tier|[Gen 9 Champions] VGC 2026 Reg M-A\n|rated|\n|rule|Species Clause: Limit one of each Pok\u00e9mon\n|rule|Item Clause: Limit 1 of each item\n|clearpoke\n|poke|p1|Froslass, L50, F|\n|poke|p1|Garchomp, L50, F|\n|poke|p1|Rotom-Frost, L50|\n|poke|p1|Empoleon, L50, F|\n|poke|p1|Incineroar, L50, M|\n|poke|p1|Kingambit, L50, F|\n|poke|p2|Sneasler, L50, M|\n|poke|p2|Floette-Eternal, L50, F|\n|poke|p2|Aerodactyl, L50, M|\n|poke|p2|Maushold, L50|\n|poke|p2|Kingambit, L50, F|\n|poke|p2|Delphox, L50, M|\n|teampreview|4\n|inactive|Battle timer is ON: inactive players will automatically lose when time's up. (requested by henitusec)\nfoca1 rejected open team sheets.\n|\n|t:|1776573430\n|teamsize|p1|4\n|teamsize|p2|4\n|start\n|switch|p1a: Froslass|Froslass, L50, F|100/100\n|switch|p1b: Empoleon|Empoleon, L50, F|100/100\n|switch|p2a: Floette|Floette-Eternal, L50, F|100/100\n|switch|p2b: Maushold|Maushold, L50|100/100\n|turn|1\n|inactive|foca1 has 30 seconds left.\n|inactive|foca1 has 20 seconds left.\n|inactive|foca1 has 15 seconds left.\n|inactive|foca1 has 10 seconds left.\n|inactive|foca1 has 5 seconds left.\n|\n|t:|1776573481\n|detailschange|p1a: Froslass|Froslass-Mega, L50, F\n|-mega|p1a: Froslass|Froslass|Froslassite\n|-weather|Snowscape|[from] ability: Snow Warning|[of] p1a: Froslass\n|move|p2b: Maushold|Helping Hand|p2a: Floette\n|-singleturn|p2a: Floette|Helping Hand|[of] p2b: Maushold\n|move|p1a: Froslass|Aurora Veil|p1a: Froslass\n|-sidestart|p1: henitusec|move: Aurora Veil\n|move|p2a: Floette|Dazzling Gleam|p1b: Empoleon|[spread] p1a,p1b\n|-resisted|p1b: Empoleon|1\n|-damage|p1a: Froslass|63/100\n|-damage|p1b: Empoleon|85/100\n|move|p1b: Empoleon|Flash Cannon|p2a: Floette\n|-supereffective|p2a: Floette|1\n|-damage|p2a: Floette|55/100\n|\n|-weather|Snowscape|[upkeep]\n|-heal|p1b: Empoleon|91/100|[from] item: Leftovers\n|upkeep\n|turn|2\n|\n|t:|1776573497\n|switch|p2b: Kingambit|Kingambit, L50, F|100/100\n|switch|p2a: Sneasler|Sneasler, L50, M|100/100\n|move|p1a: Froslass|Blizzard|p2a: Sneasler|[spread] p2a,p2b\n|-crit|p2a: Sneasler\n|-resisted|p2b: Kingambit|1\n|-damage|p2a: Sneasler|0 fnt\n|-damage|p2b: Kingambit|77/100\n|faint|p2a: Sneasler\n|move|p1b: Empoleon|Blizzard|p2b: Kingambit\n|-resisted|p2b: Kingambit|1\n|-damage|p2b: Kingambit|60/100\n|\n|-weather|Snowscape|[upkeep]\n|-heal|p1b: Empoleon|97/100|[from] item: Leftovers\n|upkeep\n|\n|t:|1776573517\n|switch|p2a: Floette|Floette-Eternal, L50, F|55/100\n|turn|3\n|\n|t:|1776573529\n|move|p1a: Froslass|Blizzard|p2a: Floette|[spread] p2a,p2b\n|-resisted|p2b: Kingambit|1\n|-damage|p2a: Floette|15/100\n|-damage|p2b: Kingambit|36/100\n|move|p2a: Floette|Calm Mind|p2a: Floette\n|-boost|p2a: Floette|spa|1\n|-boost|p2a: Floette|spd|1\n|move|p1b: Empoleon|Blizzard|p2b: Kingambit|[spread] p2a,p2b\n|-resisted|p2b: Kingambit|1\n|-crit|p2b: Kingambit\n|-damage|p2a: Floette|0 fnt\n|-damage|p2b: Kingambit|18/100\n|faint|p2a: Floette\n|move|p2b: Kingambit|Swords Dance|p2b: Kingambit\n|-boost|p2b: Kingambit|atk|2\n|\n|-weather|Snowscape|[upkeep]\n|-heal|p1b: Empoleon|100/100|[from] item: Leftovers\n|upkeep\n|\n|t:|1776573543\n|switch|p2a: Maushold|Maushold, L50|100/100\n|turn|4\n|\n|t:|1776573553\n|move|p1a: Froslass|Protect|p1a: Froslass\n|-singleturn|p1a: Froslass|Protect\n|move|p2a: Maushold|Follow Me|p2a: Maushold\n|-singleturn|p2a: Maushold|move: Follow Me\n|move|p2b: Kingambit|Sucker Punch||[still]\n|-fail|p2b: Kingambit\n|move|p1b: Empoleon|Blizzard|p2b: Kingambit|[spread] p2a,p2b\n|-resisted|p2b: Kingambit|1\n|-damage|p2a: Maushold|69/100\n|-damage|p2b: Kingambit|10/100\n|-status|p2a: Maushold|frz\n|\n|-weather|Snowscape|[upkeep]\n|upkeep\n|turn|5\n|\n|t:|1776573569\n|-curestatus|p2a: Maushold|frz|[msg]\n|move|p2a: Maushold|Follow Me|p2a: Maushold\n|-singleturn|p2a: Maushold|move: Follow Me\n|move|p2b: Kingambit|Sucker Punch|p1a: Froslass\n|-supereffective|p1a: Froslass|1\n|-damage|p1a: Froslass|0 fnt\n|faint|p1a: Froslass\n|move|p1b: Empoleon|Blizzard|p2a: Maushold|[spread] p2a,p2b\n|-resisted|p2b: Kingambit|1\n|-damage|p2a: Maushold|39/100\n|-damage|p2b: Kingambit|0 fnt\n|faint|p2b: Kingambit\n|\n|-weather|none\n|-sideend|p1: henitusec|move: Aurora Veil\n|upkeep\n|\n|t:|1776573582\n|switch|p1a: Rotom|Rotom-Frost, L50|100/100\n|turn|6\n|\n|t:|1776573588\n|move|p1a: Rotom|Thunderbolt|p2a: Maushold\n|-damage|p2a: Maushold|0 fnt\n|faint|p2a: Maushold\n|\n|win|henitusec\n|raw|henitusec's rating: 1174 &rarr; <strong>1200</strong><br />(+26 for winning)\n|raw|foca1's rating: 1192 &rarr; <strong>1166</strong><br />(-26 for losing)\n",
  "uploadtime": 1776573590,
  "views": 8,
  "formatid": "gen9championsvgc2026regma",
  "rating": 1166,
  "private": 0,
  "password": null
}