{
  "id": "gen9championsvgc2026regma-2587513468",
  "format": "[Gen 9 Champions] VGC 2026 Reg M-A",
  "players": [
    "Ketchup215",
    "Mozilla Fennekin"
  ],
  "log": "|j|\u2606Ketchup215\n|j|\u2606Mozilla Fennekin\n|t:|1776538247\n|gametype|doubles\n|player|p1|Ketchup215|backpacker|1000\n|player|p2|Mozilla Fennekin|marnie-masters3|1093\n|gen|9\n|tier|[Gen 9 Champions] VGC 2026 Reg M-A\n|rated|\n|rule|Species Clause: Limit one of each Pok\u00e9mon\n|rule|Item Clause: Limit 1 of each item\n|clearpoke\n|poke|p1|Lucario, L50, M, shiny|\n|poke|p1|Ceruledge, L50, M|\n|poke|p1|Meowscarada, L50, F|\n|poke|p1|Archaludon, L50, M|\n|poke|p1|Sinistcha, L50|\n|poke|p1|Decidueye-Hisui, L50, M|\n|poke|p2|Gyarados, L50, M|\n|poke|p2|Delphox, L50, F|\n|poke|p2|Ninetales-Alola, L50, F|\n|poke|p2|Maushold, L50|\n|poke|p2|Aerodactyl, L50, F|\n|poke|p2|Archaludon, L50, M|\n|teampreview|4\nKetchup215 rejected open team sheets.\n|\n|t:|1776538288\n|teamsize|p1|4\n|teamsize|p2|4\n|start\n|switch|p1a: Meowscarada|Meowscarada, L50, F|100/100\n|switch|p1b: Archaludon|Archaludon, L50, M|100/100\n|switch|p2a: Delphox|Delphox, L50, F|100/100\n|switch|p2b: Aerodactyl|Aerodactyl, L50, F|100/100\n|-ability|p2b: Aerodactyl|Unnerve\n|turn|1\n|\n|t:|1776538303\n|detailschange|p2a: Delphox|Delphox-Mega, L50, F\n|-mega|p2a: Delphox|Delphox|Delphoxite\n|move|p2a: Delphox|Protect|p2a: Delphox\n|-singleturn|p2a: Delphox|Protect\n|move|p2b: Aerodactyl|Dual Wingbeat|p1a: Meowscarada|[miss]\n|-miss|p2b: Aerodactyl|p1a: Meowscarada\n|move|p1a: Meowscarada|Bullet Seed|p1b: Archaludon\n|-start|p1a: Meowscarada|typechange|Grass|[from] ability: Protean\n|-resisted|p1b: Archaludon|2\n|-damage|p1b: Archaludon|99/100\n|-ability|p1b: Archaludon|Stamina|boost\n|-boost|p1b: Archaludon|def|1\n|-resisted|p1b: Archaludon|2\n|-damage|p1b: Archaludon|99/100\n|-ability|p1b: Archaludon|Stamina|boost\n|-boost|p1b: Archaludon|def|1\n|-resisted|p1b: Archaludon|2\n|-damage|p1b: Archaludon|98/100\n|-ability|p1b: Archaludon|Stamina|boost\n|-boost|p1b: Archaludon|def|1\n|-resisted|p1b: Archaludon|2\n|-damage|p1b: Archaludon|98/100\n|-ability|p1b: Archaludon|Stamina|boost\n|-boost|p1b: Archaludon|def|1\n|-resisted|p1b: Archaludon|2\n|-damage|p1b: Archaludon|97/100\n|-ability|p1b: Archaludon|Stamina|boost\n|-boost|p1b: Archaludon|def|1\n|-hitcount|p1b: Archaludon|5\n|move|p1b: Archaludon|Stealth Rock|p2a: Delphox\n|-sidestart|p2: Mozilla Fennekin|move: Stealth Rock\n|\n|-heal|p1b: Archaludon|100/100|[from] item: Leftovers\n|upkeep\n|turn|2\n|\n|t:|1776538332\n|move|p2a: Delphox|Focus Blast|p1b: Archaludon\n|-supereffective|p1b: Archaludon|1\n|-damage|p1b: Archaludon|0 fnt\n|faint|p1b: Archaludon\n|move|p2b: Aerodactyl|Dual Wingbeat|p1a: Meowscarada\n|-supereffective|p1a: Meowscarada|1\n|-damage|p1a: Meowscarada|60/100\n|-supereffective|p1a: Meowscarada|1\n|-damage|p1a: Meowscarada|20/100\n|-hitcount|p1a: Meowscarada|2\n|move|p1a: Meowscarada|Knock Off|p2a: Delphox\n|-supereffective|p2a: Delphox|1\n|-damage|p2a: Delphox|58/100\n|\n|upkeep\n|\n|t:|1776538343\n|switch|p1b: Ceruledge|Ceruledge, L50, M|100/100\n|turn|3\n|\n|t:|1776538354\n|move|p2a: Delphox|Psychic|p1a: Meowscarada\n|-damage|p1a: Meowscarada|0 fnt\n|faint|p1a: Meowscarada\n|move|p2b: Aerodactyl|Taunt|p1b: Ceruledge\n|-start|p1b: Ceruledge|move: Taunt\n|move|p1b: Ceruledge|Poltergeist|p2a: Delphox\n|-activate|p2a: Delphox|move: Poltergeist|Delphoxite\n|-supereffective|p2a: Delphox|1\n|-damage|p2a: Delphox|0 fnt\n|faint|p2a: Delphox\n|\n|upkeep\n|\n|t:|1776538367\n|switch|p2a: Archaludon|Archaludon, L50, M|100/100\n|switch|p1a: Sinistcha|Sinistcha, L50|100/100\n|-damage|p2a: Archaludon|94/100|[from] Stealth Rock\n|turn|4\n|\n|t:|1776538385\n|move|p2b: Aerodactyl|Dual Wingbeat|p1a: Sinistcha\n|-supereffective|p1a: Sinistcha|1\n|-damage|p1a: Sinistcha|77/100\n|-supereffective|p1a: Sinistcha|1\n|-damage|p1a: Sinistcha|50/100\n|-hitcount|p1a: Sinistcha|2\n|move|p1b: Ceruledge|Poltergeist|p2b: Aerodactyl\n|-activate|p2b: Aerodactyl|move: Poltergeist|Focus Sash\n|-damage|p2b: Aerodactyl|27/100\n|move|p2a: Archaludon|Electro Shot||[still]\n|-prepare|p2a: Archaludon|Electro Shot\n|-boost|p2a: Archaludon|spa|1\n|move|p1a: Sinistcha|Stun Spore|p2a: Archaludon|[miss]\n|-miss|p1a: Sinistcha|p2a: Archaludon\n|\n|-heal|p2a: Archaludon|100/100|[from] item: Leftovers\n|upkeep\n|turn|5\n|\n|t:|1776538422\n|move|p2b: Aerodactyl|Dual Wingbeat|p1a: Sinistcha\n|-supereffective|p1a: Sinistcha|1\n|-damage|p1a: Sinistcha|25/100\n|-supereffective|p1a: Sinistcha|1\n|-damage|p1a: Sinistcha|0 fnt\n|faint|p1a: Sinistcha\n|-hitcount|p1: Sinistcha|2\n|move|p1b: Ceruledge|Poltergeist|p2b: Aerodactyl\n|-activate|p2b: Aerodactyl|move: Poltergeist|Focus Sash\n|-damage|p2b: Aerodactyl|0 fnt\n|faint|p2b: Aerodactyl\n|move|p2a: Archaludon|Electro Shot|p1b: Ceruledge|[from] lockedmove\n|-damage|p1b: Ceruledge|29/100\n|\n|-end|p1b: Ceruledge|move: Taunt\n|upkeep\n|\n|t:|1776538436\n|switch|p2b: Maushold|Maushold, L50|100/100\n|-damage|p2b: Maushold|88/100|[from] Stealth Rock\n|turn|6\n|\n|t:|1776538443\n|move|p2b: Maushold|After You|p2a: Archaludon\n|-activate|p2a: Archaludon|move: After You\n|move|p2a: Archaludon|Dragon Pulse|p1b: Ceruledge\n|-damage|p1b: Ceruledge|0 fnt\n|faint|p1b: Ceruledge\n|\n|win|Mozilla Fennekin\n|raw|Ketchup215's rating: 1000 &rarr; <strong>1000</strong><br />(+0 for losing)\n|raw|Mozilla Fennekin's rating: 1093 &rarr; <strong>1112</strong><br />(+19 for winning)\n|l|\u2606Ketchup215\n|player|p1|\n|c|\u2606Mozilla Fennekin|gg\n",
  "uploadtime": 1776538450,
  "views": 28,
  "formatid": "gen9championsvgc2026regma",
  "rating": 1000,
  "private": 0,
  "password": null
}