{
  "id": "gen9championsvgc2026regma-2584689917",
  "format": "[Gen 9 Champions] VGC 2026 Reg M-A",
  "players": [
    "drake78976",
    "petroy1"
  ],
  "log": "|j|\u2606drake78976\n|j|\u2606petroy1\n|t:|1776276989\n|gametype|doubles\n|player|p1|drake78976|li|1172\n|player|p2|petroy1|2|1196\n|gen|9\n|tier|[Gen 9 Champions] VGC 2026 Reg M-A\n|rated|\n|rule|Species Clause: Limit one of each Pok\u00e9mon\n|rule|Item Clause: Limit 1 of each item\n|clearpoke\n|poke|p1|Aggron, L50, M|\n|poke|p1|Primarina, L50, F|\n|poke|p1|Hydreigon, L50, F|\n|poke|p1|Sinistcha, L50|\n|poke|p1|Glimmora, L50, F|\n|poke|p1|Farigiraf, L50, F|\n|poke|p2|Incineroar, L50, M|\n|poke|p2|Chandelure, L50, F|\n|poke|p2|Sinistcha, L50|\n|poke|p2|Basculegion, L50, M|\n|poke|p2|Charizard, L50, F|\n|poke|p2|Sneasler, L50, F|\n|teampreview|4\n|inactive|Battle timer is ON: inactive players will automatically lose when time's up. (requested by petroy1)\n|inactive|petroy1 has 60 seconds left.\n|\n|t:|1776277027\n|teamsize|p1|4\n|teamsize|p2|4\n|start\n|switch|p1a: Farigiraf|Farigiraf, L50, F|100/100\n|switch|p1b: Hydreigon|Hydreigon, L50, F|100/100\n|switch|p2a: Sneasler|Sneasler, L50, F|100/100\n|switch|p2b: Basculegion|Basculegion, L50, M|100/100\n|turn|1\n|inactive|petroy1 has 30 seconds left.\n|\n|t:|1776277053\n|move|p1b: Hydreigon|Earth Power|p2a: Sneasler\n|-supereffective|p2a: Sneasler|1\n|-damage|p2a: Sneasler|10/100\n|move|p2a: Sneasler|Close Combat|p1b: Hydreigon\n|-supereffective|p1b: Hydreigon|1\n|-damage|p1b: Hydreigon|0 fnt\n|-unboost|p2a: Sneasler|def|1\n|-unboost|p2a: Sneasler|spd|1\n|faint|p1b: Hydreigon\n|move|p2b: Basculegion|Wave Crash|p1a: Farigiraf\n|-damage|p1a: Farigiraf|2/100\n|-enditem|p1a: Farigiraf|Sitrus Berry|[eat]\n|-heal|p1a: Farigiraf|26/100|[from] item: Sitrus Berry\n|-damage|p2b: Basculegion|63/100|[from] Recoil\n|move|p1a: Farigiraf|Trick Room|p1a: Farigiraf\n|-fieldstart|move: Trick Room|[of] p1a: Farigiraf\n|\n|upkeep\n|\n|t:|1776277073\n|switch|p1b: Primarina|Primarina, L50, F|100/100\n|turn|2\n|\n|t:|1776277095\n|switch|p2a: Sinistcha|Sinistcha, L50|100/100\n|-heal|p2b: Basculegion|88/100|[from] ability: Hospitality|[of] p2a: Sinistcha\n|move|p1a: Farigiraf|Psychic|p2b: Basculegion\n|-damage|p2b: Basculegion|51/100\n|move|p1b: Primarina|Hyper Voice|p2b: Basculegion|[spread] p2a,p2b\n|-resisted|p2a: Sinistcha|1\n|-resisted|p2b: Basculegion|1\n|-damage|p2a: Sinistcha|72/100\n|-damage|p2b: Basculegion|26/100\n|move|p2b: Basculegion|Wave Crash|p1a: Farigiraf\n|-damage|p1a: Farigiraf|0 fnt\n|faint|p1a: Farigiraf\n|-damage|p2b: Basculegion|17/100|[from] Recoil\n|\n|-heal|p2a: Sinistcha|78/100|[from] item: Leftovers\n|upkeep\n|\n|t:|1776277107\n|switch|p1a: Aggron|Aggron, L50, M|100/100\n|turn|3\n|\n|t:|1776277130\n|detailschange|p1a: Aggron|Aggron-Mega, L50, M\n|-mega|p1a: Aggron|Aggron|Aggronite\n|move|p2a: Sinistcha|Protect|p2a: Sinistcha\n|-singleturn|p2a: Sinistcha|Protect\n|move|p2b: Basculegion|Protect|p2b: Basculegion\n|-singleturn|p2b: Basculegion|Protect\n|move|p1a: Aggron|Iron Defense|p1a: Aggron\n|-boost|p1a: Aggron|def|2\n|move|p1b: Primarina|Hyper Voice|p2b: Basculegion|[spread] \n|-activate|p2a: Sinistcha|move: Protect\n|-activate|p2b: Basculegion|move: Protect\n|\n|-heal|p2a: Sinistcha|84/100|[from] item: Leftovers\n|upkeep\n|turn|4\n|inactive|petroy1 has 30 seconds left.\n|\n|t:|1776277158\n|move|p1a: Aggron|Iron Defense|p1a: Aggron\n|-boost|p1a: Aggron|def|2\n|move|p1b: Primarina|Hyper Voice|p2a: Sinistcha|[spread] p2a,p2b\n|-resisted|p2a: Sinistcha|1\n|-resisted|p2b: Basculegion|1\n|-damage|p2a: Sinistcha|59/100\n|-damage|p2b: Basculegion|0 fnt\n|faint|p2b: Basculegion\n|move|p2a: Sinistcha|Matcha Gotcha|p1a: Aggron|[spread] p1a\n|-miss|p2a: Sinistcha|p1b: Primarina\n|-resisted|p1a: Aggron|1\n|-damage|p1a: Aggron|86/100\n|-heal|p2a: Sinistcha|66/100|[from] drain|[of] p1a: Aggron\n|\n|-heal|p2a: Sinistcha|72/100|[from] item: Leftovers\n|upkeep\n|\n|t:|1776277175\n|switch|p2b: Chandelure|Chandelure, L50, F|100/100\n|turn|5\n|\n|t:|1776277192\n|move|p2a: Sinistcha|Protect|p2a: Sinistcha\n|-singleturn|p2a: Sinistcha|Protect\n|move|p2b: Chandelure|Protect|p2b: Chandelure\n|-singleturn|p2b: Chandelure|Protect\n|move|p1a: Aggron|Heavy Slam|p2a: Sinistcha\n|-activate|p2a: Sinistcha|move: Protect\n|move|p1b: Primarina|Hyper Voice|p2a: Sinistcha|[spread] \n|-activate|p2a: Sinistcha|move: Protect\n|-activate|p2b: Chandelure|move: Protect\n|\n|-heal|p2a: Sinistcha|79/100|[from] item: Leftovers\n|-fieldend|move: Trick Room\n|upkeep\n|turn|6\n|inactive|petroy1 has 30 seconds left.\n|\n|t:|1776277223\n|detailschange|p2b: Chandelure|Chandelure-Mega, L50, F\n|-mega|p2b: Chandelure|Chandelure|Chandelurite\n|move|p1a: Aggron|Protect|p1a: Aggron\n|-singleturn|p1a: Aggron|Protect\n|move|p2b: Chandelure|Burning Jealousy|p1b: Primarina|[spread] p1b\n|-activate|p1a: Aggron|move: Protect\n|-resisted|p1b: Primarina|1\n|-damage|p1b: Primarina|85/100\n|move|p2a: Sinistcha|Matcha Gotcha|p1a: Aggron|[spread] p1b\n|-activate|p1a: Aggron|move: Protect\n|-supereffective|p1b: Primarina|1\n|-crit|p1b: Primarina\n|-damage|p1b: Primarina|24/100\n|-heal|p2a: Sinistcha|100/100|[from] drain|[of] p1b: Primarina\n|move|p1b: Primarina|Hyper Voice|p2b: Chandelure|[spread] p2a,p2b\n|-resisted|p2a: Sinistcha|1\n|-supereffective|p2b: Chandelure|1\n|-damage|p2a: Sinistcha|73/100\n|-damage|p2b: Chandelure|0 fnt\n|faint|p2b: Chandelure\n|\n|-heal|p2a: Sinistcha|79/100|[from] item: Leftovers\n|upkeep\n|\n|t:|1776277239\n|switch|p2b: Sneasler|Sneasler, L50, F|10/100\n|turn|7\n|\n|t:|1776277254\n|move|p1b: Primarina|Protect|p1b: Primarina\n|-singleturn|p1b: Primarina|Protect\n|move|p2b: Sneasler|Fake Out|p1a: Aggron\n|-resisted|p1a: Aggron|1\n|-damage|p1a: Aggron|85/100\n|move|p2a: Sinistcha|Matcha Gotcha|p1a: Aggron|[spread] p1a\n|-activate|p1b: Primarina|move: Protect\n|-resisted|p1a: Aggron|1\n|-damage|p1a: Aggron|69/100\n|-heal|p2a: Sinistcha|86/100|[from] drain|[of] p1a: Aggron\n|-status|p1a: Aggron|brn\n|cant|p1a: Aggron|flinch\n|\n|-heal|p2a: Sinistcha|93/100|[from] item: Leftovers\n|-damage|p1a: Aggron|63/100 brn|[from] brn\n|upkeep\n|turn|8\n|\n|t:|1776277272\n|move|p1b: Primarina|Protect||[still]\n|-fail|p1b: Primarina\n|move|p2b: Sneasler|Close Combat|p1a: Aggron\n|-supereffective|p1a: Aggron|1\n|-damage|p1a: Aggron|45/100 brn\n|-unboost|p2b: Sneasler|def|1\n|-unboost|p2b: Sneasler|spd|1\n|move|p2a: Sinistcha|Matcha Gotcha|p1a: Aggron|[spread] p1a,p1b\n|-resisted|p1a: Aggron|1\n|-supereffective|p1b: Primarina|1\n|-damage|p1a: Aggron|30/100 brn\n|-heal|p2a: Sinistcha|99/100|[from] drain|[of] p1a: Aggron\n|-damage|p1b: Primarina|0 fnt\n|-heal|p2a: Sinistcha|100/100|[from] drain|[of] p1b: Primarina\n|faint|p1b: Primarina\n|move|p1a: Aggron|Body Press|p2b: Sneasler\n|-resisted|p2b: Sneasler|1\n|-damage|p2b: Sneasler|0 fnt\n|faint|p2b: Sneasler\n|\n|-damage|p1a: Aggron|24/100 brn|[from] brn\n|upkeep\n|turn|9\n|\n|t:|1776277293\n|move|p2a: Sinistcha|Protect|p2a: Sinistcha\n|-singleturn|p2a: Sinistcha|Protect\n|move|p1a: Aggron|Heavy Slam|p2a: Sinistcha\n|-activate|p2a: Sinistcha|move: Protect\n|\n|-damage|p1a: Aggron|18/100 brn|[from] brn\n|upkeep\n|turn|10\n|\n|t:|1776277306\n|move|p2a: Sinistcha|Matcha Gotcha|p1a: Aggron\n|-resisted|p1a: Aggron|1\n|-damage|p1a: Aggron|0 fnt\n|faint|p1a: Aggron\n|\n|win|petroy1\n|raw|drake78976's rating: 1172 &rarr; <strong>1149</strong><br />(-23 for losing)\n|raw|petroy1's rating: 1196 &rarr; <strong>1219</strong><br />(+23 for winning)\n|l|\u2606drake78976\n|player|p1|\n|c|\u2606petroy1|gg\n",
  "uploadtime": 1776277326,
  "views": 18,
  "formatid": "gen9championsvgc2026regma",
  "rating": 1149,
  "private": 0,
  "password": null
}