{
  "id": "gen9championsvgc2026regma-2581078622",
  "format": "[Gen 9 Champions] VGC 2026 Reg M-A",
  "players": [
    "TheFastTortoise",
    "Spark the Pikagoss"
  ],
  "log": "|j|\u2606TheFastTortoise\n|j|\u2606Spark the Pikagoss\n|t:|1775957817\n|gametype|doubles\n|player|p1|TheFastTortoise|1|1138\n|player|p2|Spark the Pikagoss|gentleman|1049\n|gen|9\n|tier|[Gen 9 Champions] VGC 2026 Reg M-A\n|rated|\n|rule|Species Clause: Limit one of each Pok\u00e9mon\n|rule|Item Clause: Limit 1 of each item\n|clearpoke\n|poke|p1|Milotic, L50, F|\n|poke|p1|Whimsicott, L50, M|\n|poke|p1|Zoroark-Hisui, L50, F|\n|poke|p1|Sinistcha-Masterpiece, L50|\n|poke|p1|Beedrill, L50, M|\n|poke|p1|Altaria, L50, F|\n|poke|p2|Politoed, L50, M|\n|poke|p2|Gengar, L50, F|\n|poke|p2|Incineroar, L50, M|\n|poke|p2|Maushold, L50|\n|poke|p2|Basculegion, L50, M|\n|poke|p2|Archaludon, L50, M|\n|teampreview|4\n|inactive|Battle timer is ON: inactive players will automatically lose when time's up. (requested by TheFastTortoise)\nSpark the Pikagoss has agreed to open team sheets.\n|inactive|Spark the Pikagoss has 60 seconds left.\n|inactive|Spark the Pikagoss has 30 seconds left.\n|\n|t:|1775957884\n|teamsize|p1|4\n|teamsize|p2|4\n|start\n|switch|p1a: Whimsicott|Whimsicott, L50, M|100/100\n|switch|p1b: Beedrill|Beedrill, L50, M|100/100\n|switch|p2a: Politoed|Politoed, L50, M|100/100\n|switch|p2b: Archaludon|Archaludon, L50, M|100/100\n|-weather|RainDance|[from] ability: Drizzle|[of] p2a: Politoed\n|turn|1\n|inactive|Spark the Pikagoss has 30 seconds left.\n|inactive|Spark the Pikagoss has 20 seconds left.\n|inactive|Spark the Pikagoss has 15 seconds left.\n|\n|t:|1775957926\n|switch|p2a: Incineroar|Incineroar, L50, M|100/100\n|-ability|p2a: Incineroar|Intimidate|boost\n|-unboost|p1a: Whimsicott|atk|1\n|-unboost|p1b: Beedrill|atk|1\n|detailschange|p1b: Beedrill|Beedrill-Mega, L50, M\n|-mega|p1b: Beedrill|Beedrill|Beedrillite\n|move|p1b: Beedrill|U-turn|p2a: Incineroar\n|-damage|p2a: Incineroar|64/100\n|\n|t:|1775957935\n|switch|p1b: Milotic|Milotic, L50, F|100/100|[from] U-turn\n|move|p1a: Whimsicott|Dazzling Gleam|p2a: Incineroar|[spread] p2a,p2b\n|-crit|p2a: Incineroar\n|-damage|p2a: Incineroar|40/100\n|-damage|p2b: Archaludon|72/100\n|-ability|p2b: Archaludon|Stamina|boost\n|-boost|p2b: Archaludon|def|1\n|move|p2b: Archaludon|Electro Shot||[still]\n|-prepare|p2b: Archaludon|Electro Shot\n|-boost|p2b: Archaludon|spa|1\n|-anim|p2b: Archaludon|Electro Shot|p1b: Milotic\n|-supereffective|p1b: Milotic|1\n|-damage|p1b: Milotic|1/100\n|-enditem|p1b: Milotic|Sitrus Berry|[eat]\n|-heal|p1b: Milotic|26/100|[from] item: Sitrus Berry\n|\n|-weather|RainDance|[upkeep]\n|upkeep\n|turn|2\n|inactive|TheFastTortoise has 30 seconds left.\n|inactive|Spark the Pikagoss has 30 seconds left.\n|\n|t:|1775957969\n|move|p2a: Incineroar|Protect|p2a: Incineroar\n|-singleturn|p2a: Incineroar|Protect\n|move|p1a: Whimsicott|Tailwind|p1a: Whimsicott\n|-sidestart|p1: TheFastTortoise|move: Tailwind\n|move|p1b: Milotic|Scald|p2a: Incineroar\n|-activate|p2a: Incineroar|move: Protect\n|move|p2b: Archaludon|Electro Shot||[still]\n|-prepare|p2b: Archaludon|Electro Shot\n|-boost|p2b: Archaludon|spa|1\n|-anim|p2b: Archaludon|Electro Shot|p1b: Milotic\n|-supereffective|p1b: Milotic|1\n|-damage|p1b: Milotic|0 fnt\n|faint|p1b: Milotic\n|\n|-weather|RainDance|[upkeep]\n|upkeep\n|\n|t:|1775957978\n|switch|p1b: Beedrill|Beedrill-Mega, L50, M|100/100\n|turn|3\n|inactive|Spark the Pikagoss has 30 seconds left.\n|\n|t:|1775958003\n|move|p2b: Archaludon|Protect|p2b: Archaludon\n|-singleturn|p2b: Archaludon|Protect\n|move|p1b: Beedrill|Drill Run|p2b: Archaludon\n|-activate|p2b: Archaludon|move: Protect\n|move|p1a: Whimsicott|Dazzling Gleam|p2a: Incineroar|[spread] p2a\n|-activate|p2b: Archaludon|move: Protect\n|-damage|p2a: Incineroar|25/100\n|move|p2a: Incineroar|Parting Shot|p1b: Beedrill\n|-unboost|p1b: Beedrill|atk|1\n|-unboost|p1b: Beedrill|spa|1\n|\n|t:|1775958013\n|switch|p2a: Basculegion|Basculegion, L50, M|100/100|[from] Parting Shot\n|\n|-weather|RainDance|[upkeep]\n|upkeep\n|turn|4\n|\n|t:|1775958037\n|move|p1b: Beedrill|Knock Off|p2a: Basculegion\n|-supereffective|p2a: Basculegion|1\n|-damage|p2a: Basculegion|31/100\n|-enditem|p2a: Basculegion|Focus Sash|[from] move: Knock Off|[of] p1b: Beedrill\n|move|p1a: Whimsicott|Dazzling Gleam|p2b: Archaludon|[spread] p2a,p2b\n|-damage|p2a: Basculegion|3/100\n|-damage|p2b: Archaludon|41/100\n|-ability|p2b: Archaludon|Stamina|boost\n|-boost|p2b: Archaludon|def|1\n|move|p2a: Basculegion|Wave Crash|p1b: Beedrill\n|-damage|p1b: Beedrill|0 fnt\n|faint|p1b: Beedrill\n|-damage|p2a: Basculegion|0 fnt|[from] Recoil\n|faint|p2a: Basculegion\n|move|p2b: Archaludon|Flash Cannon|p1a: Whimsicott\n|-supereffective|p1a: Whimsicott|1\n|-enditem|p1a: Whimsicott|Focus Sash\n|-damage|p1a: Whimsicott|1/100\n|\n|-weather|RainDance|[upkeep]\n|upkeep\n|\n|t:|1775958059\n|switch|p1b: Zoroark|Zoroark-Hisui, L50, F|100/100\n|switch|p2a: Incineroar|Incineroar, L50, M|25/100\n|-ability|p2a: Incineroar|Intimidate|boost\n|-unboost|p1a: Whimsicott|atk|1\n|-unboost|p1b: Zoroark|atk|1\n|turn|5\n|inactive|Spark the Pikagoss has 30 seconds left.\n|inactive|Spark the Pikagoss has 20 seconds left.\n|inactive|Spark the Pikagoss has 15 seconds left.\n|\n|t:|1775958101\n|move|p2b: Archaludon|Protect|p2b: Archaludon\n|-singleturn|p2b: Archaludon|Protect\n|move|p1a: Whimsicott|Dazzling Gleam|p2b: Archaludon|[spread] p2a\n|-activate|p2b: Archaludon|move: Protect\n|-damage|p2a: Incineroar|8/100\n|move|p1b: Zoroark|Bitter Malice|p2b: Archaludon\n|-activate|p2b: Archaludon|move: Protect\n|move|p2a: Incineroar|Throat Chop|p1b: Zoroark\n|-supereffective|p1b: Zoroark|1\n|-damage|p1b: Zoroark|0 fnt\n|faint|p1b: Zoroark\n|\n|-weather|none\n|-sideend|p1: TheFastTortoise|move: Tailwind\n|upkeep\n|turn|6\n|-message|TheFastTortoise forfeited.\n|\n|win|Spark the Pikagoss\n|raw|TheFastTortoise's rating: 1138 &rarr; <strong>1107</strong><br />(-31 for losing)\n|raw|Spark the Pikagoss's rating: 1049 &rarr; <strong>1090</strong><br />(+41 for winning)\n|l|\u2606TheFastTortoise\n|player|p1|\n",
  "uploadtime": 1775958120,
  "views": 12,
  "formatid": "gen9championsvgc2026regma",
  "rating": 1090,
  "private": 0,
  "password": null
}