{
  "id": "gen9championsvgc2026regma-2586940931",
  "format": "[Gen 9 Champions] VGC 2026 Reg M-A",
  "players": [
    "prollyabadtrainer",
    "NovaGuy"
  ],
  "log": "|j|\u2606prollyabadtrainer\n|j|\u2606NovaGuy\n|t:|1776473909\n|gametype|doubles\n|player|p1|prollyabadtrainer|zinzolin|1109\n|player|p2|NovaGuy|ethan|1087\n|gen|9\n|tier|[Gen 9 Champions] VGC 2026 Reg M-A\n|rated|\n|rule|Species Clause: Limit one of each Pok\u00e9mon\n|rule|Item Clause: Limit 1 of each item\n|clearpoke\n|poke|p1|Victreebel, L50, M|\n|poke|p1|Basculegion, L50, M|\n|poke|p1|Rotom-Heat, L50|\n|poke|p1|Krookodile, L50, F|\n|poke|p1|Sinistcha-Masterpiece, L50|\n|poke|p1|Dragonite, L50, F|\n|poke|p2|Charizard, L50, M|\n|poke|p2|Venusaur, L50, M|\n|poke|p2|Whimsicott, L50, M|\n|poke|p2|Milotic, L50, F|\n|poke|p2|Aegislash, L50, M|\n|poke|p2|Incineroar, L50, F|\n|teampreview|4\nprollyabadtrainer rejected open team sheets.\n|inactive|Battle timer is ON: inactive players will automatically lose when time's up. (requested by prollyabadtrainer)\n|\n|t:|1776473978\n|teamsize|p1|4\n|teamsize|p2|4\n|start\n|switch|p1a: Pardner|Victreebel, L50, M|100/100\n|switch|p1b: Bread Maker|Rotom-Heat, L50|100/100\n|switch|p2a: Whimsicott|Whimsicott, L50, M|100/100\n|switch|p2b: Incineroar|Incineroar, L50, F|100/100\n|-ability|p2b: Incineroar|Intimidate|boost\n|-unboost|p1a: Pardner|atk|1\n|-unboost|p1b: Bread Maker|atk|1\n|-enditem|p1b: Bread Maker|White Herb\n|-clearnegativeboost|p1b: Bread Maker|[silent]\n|turn|1\n|\n|t:|1776473998\n|detailschange|p1a: Pardner|Victreebel-Mega, L50, M\n|-mega|p1a: Pardner|Victreebel|Victreebelite\n|move|p2b: Incineroar|Fake Out|p1b: Bread Maker\n|-damage|p1b: Bread Maker|86/100\n|move|p2a: Whimsicott|Tailwind|p2a: Whimsicott\n|-sidestart|p2: NovaGuy|move: Tailwind\n|cant|p1b: Bread Maker|flinch\n|move|p1a: Pardner|Strength Sap|p2b: Incineroar\n|-unboost|p2b: Incineroar|atk|1\n|\n|upkeep\n|turn|2\n|inactive|NovaGuy has 30 seconds left.\n|\n|t:|1776474030\n|move|p2a: Whimsicott|Moonblast|p1b: Bread Maker\n|-resisted|p1b: Bread Maker|1\n|-damage|p1b: Bread Maker|62/100\n|move|p2b: Incineroar|Taunt|p1b: Bread Maker\n|-start|p1b: Bread Maker|move: Taunt\n|move|p1b: Bread Maker|Volt Switch|p2b: Incineroar\n|-damage|p2b: Incineroar|73/100\n|\n|t:|1776474038\n|switch|p1b: Krook|Krookodile, L50, F|100/100|[from] Volt Switch\n|-ability|p1b: Krook|Intimidate|boost\n|-unboost|p2a: Whimsicott|atk|1\n|-unboost|p2b: Incineroar|atk|1\n|move|p1a: Pardner|Sludge Bomb|p2a: Whimsicott\n|-supereffective|p2a: Whimsicott|2\n|-enditem|p2a: Whimsicott|Focus Sash\n|-damage|p2a: Whimsicott|1/100\n|\n|upkeep\n|turn|3\n|\n|t:|1776474056\n|move|p1a: Pardner|Protect|p1a: Pardner\n|-singleturn|p1a: Pardner|Protect\n|move|p2a: Whimsicott|Moonblast|p1b: Krook\n|-supereffective|p1b: Krook|1\n|-damage|p1b: Krook|6/100\n|move|p2b: Incineroar|Parting Shot|p1a: Pardner\n|-activate|p1a: Pardner|move: Protect\n|move|p1b: Krook|Earthquake|p2b: Incineroar|[spread] p2a,p2b\n|-activate|p1a: Pardner|move: Protect\n|-resisted|p2a: Whimsicott|1\n|-supereffective|p2b: Incineroar|1\n|-damage|p2a: Whimsicott|0 fnt\n|-damage|p2b: Incineroar|0 fnt\n|faint|p2a: Whimsicott\n|faint|p2b: Incineroar\n|\n|upkeep\n|\n|t:|1776474073\n|switch|p2a: Aegislash|Aegislash, L50, M|100/100\n|switch|p2b: Charizard|Charizard, L50, M|100/100\n|turn|4\n|\n|t:|1776474094\n|move|p2b: Charizard|Dragon Claw|p1b: Krook\n|-damage|p1b: Krook|0 fnt\n|faint|p1b: Krook\n|-formechange|p2a: Aegislash|Aegislash-Blade|\n|move|p2a: Aegislash|Psycho Cut|p1a: Pardner\n|-supereffective|p1a: Pardner|1\n|-damage|p1a: Pardner|33/100\n|move|p1a: Pardner|Strength Sap|p2a: Aegislash\n|-unboost|p2a: Aegislash|atk|1\n|-heal|p1a: Pardner|100/100\n|\n|-sideend|p2: NovaGuy|move: Tailwind\n|upkeep\n|\n|t:|1776474108\n|switch|p1b: Bread Maker|Rotom-Heat, L50|62/100\n|turn|5\n|\n|t:|1776474118\n|detailschange|p2b: Charizard|Charizard-Mega-X, L50, M\n|-mega|p2b: Charizard|Charizard|Charizardite X\n|move|p1a: Pardner|Protect|p1a: Pardner\n|-singleturn|p1a: Pardner|Protect\n|-formechange|p2a: Aegislash|Aegislash|\n|move|p2a: Aegislash|King's Shield|p2a: Aegislash\n|-singleturn|p2a: Aegislash|Protect\n|move|p1b: Bread Maker|Overheat|p2a: Aegislash\n|-activate|p2a: Aegislash|move: Protect\n|move|p2b: Charizard|Dragon Dance|p2b: Charizard\n|-boost|p2b: Charizard|atk|1\n|-boost|p2b: Charizard|spe|1\n|\n|upkeep\n|turn|6\n|\n|t:|1776474141\n|move|p2b: Charizard|Dragon Dance|p2b: Charizard\n|-boost|p2b: Charizard|atk|1\n|-boost|p2b: Charizard|spe|1\n|move|p1b: Bread Maker|Overheat|p2a: Aegislash\n|-supereffective|p2a: Aegislash|1\n|-enditem|p2a: Aegislash|Occa Berry|[eat]\n|-enditem|p2a: Aegislash|Occa Berry|[weaken]\n|-damage|p2a: Aegislash|55/100\n|-unboost|p1b: Bread Maker|spa|2\n|move|p1a: Pardner|Strength Sap|p2b: Charizard\n|-unboost|p2b: Charizard|atk|1\n|move|p2a: Aegislash|Swords Dance|p2a: Aegislash\n|-boost|p2a: Aegislash|atk|2\n|\n|upkeep\n|turn|7\n|inactive|prollyabadtrainer has 30 seconds left.\n|\n|t:|1776474174\n|move|p2b: Charizard|Flare Blitz|p1a: Pardner\n|-supereffective|p1a: Pardner|1\n|-damage|p1a: Pardner|0 fnt\n|-damage|p2b: Charizard|0 fnt|[from] ability: Innards Out|[of] p1a: Pardner\n|faint|p1a: Pardner\n|faint|p2b: Charizard\n|move|p1b: Bread Maker|Overheat|p2a: Aegislash\n|-supereffective|p2a: Aegislash|1\n|-damage|p2a: Aegislash|7/100\n|-unboost|p1b: Bread Maker|spa|2\n|-formechange|p2a: Aegislash|Aegislash-Blade|\n|move|p2a: Aegislash|Psycho Cut|p1b: Bread Maker\n|-damage|p1b: Bread Maker|7/100\n|\n|upkeep\n|\n|t:|1776474185\n|switch|p1a: Blam|Basculegion, L50, M|100/100\n|turn|8\n|\n|t:|1776474196\n|-formechange|p2a: Aegislash|Aegislash|\n|move|p2a: Aegislash|King's Shield|p2a: Aegislash\n|-singleturn|p2a: Aegislash|Protect\n|move|p1a: Blam|Last Respects|p2a: Aegislash\n|-activate|p2a: Aegislash|move: Protect\n|move|p1b: Bread Maker|Overheat|p2a: Aegislash\n|-activate|p2a: Aegislash|move: Protect\n|\n|upkeep\n|turn|9\n|\n|t:|1776474209\n|move|p1a: Blam|Last Respects|p2a: Aegislash\n|-supereffective|p2a: Aegislash|1\n|-damage|p2a: Aegislash|0 fnt\n|faint|p2a: Aegislash\n|\n|win|prollyabadtrainer\n|raw|prollyabadtrainer's rating: 1109 &rarr; <strong>1132</strong><br />(+23 for winning)\n|raw|NovaGuy's rating: 1087 &rarr; <strong>1065</strong><br />(-22 for losing)\n|l|\u2606prollyabadtrainer\n|player|p1|\n",
  "uploadtime": 1776474216,
  "views": 16,
  "formatid": "gen9championsvgc2026regma",
  "rating": 1065,
  "private": 0,
  "password": null
}