{
  "id": "gen9championsvgc2026regma-2581332586",
  "format": "[Gen 9 Champions] VGC 2026 Reg M-A",
  "players": [
    "aggsapphire",
    "Ewan2037"
  ],
  "log": "|j|\u2606aggsapphire\n|j|\u2606Ewan2037\n|t:|1775987860\n|gametype|doubles\n|player|p1|aggsapphire|266|1156\n|player|p2|Ewan2037|102|1184\n|gen|9\n|tier|[Gen 9 Champions] VGC 2026 Reg M-A\n|rated|\n|rule|Species Clause: Limit one of each Pok\u00e9mon\n|rule|Item Clause: Limit 1 of each item\n|clearpoke\n|poke|p1|Charizard, L50, F|\n|poke|p1|Venusaur, L50, M|\n|poke|p1|Incineroar, L50, F|\n|poke|p1|Rotom-Wash, L50|\n|poke|p1|Garchomp, L50, F|\n|poke|p1|Sneasler, L50, F|\n|poke|p2|Archaludon, L50, F|\n|poke|p2|Pelipper, L50, F|\n|poke|p2|Sinistcha, L50|\n|poke|p2|Incineroar, L50, M|\n|poke|p2|Meganium, L50, M|\n|poke|p2|Floette-Eternal, L50, F|\n|teampreview|4\n|inactive|Battle timer is ON: inactive players will automatically lose when time's up. (requested by Ewan2037)\n|\n|t:|1775987884\n|teamsize|p1|4\n|teamsize|p2|4\n|start\n|switch|p1a: Rotom|Rotom-Wash, L50|100/100\n|switch|p1b: Sneasler|Sneasler, L50, F|100/100\n|switch|p2a: Meganium|Meganium, L50, M|100/100\n|switch|p2b: Incineroar|Incineroar, L50, M|100/100\n|-ability|p2b: Incineroar|Intimidate|boost\n|-unboost|p1a: Rotom|atk|1\n|-unboost|p1b: Sneasler|atk|1\n|-enditem|p1b: Sneasler|White Herb\n|-clearnegativeboost|p1b: Sneasler|[silent]\n|turn|1\n|inactive|Ewan2037 has 30 seconds left.\n|-activate|p1a: Rotom|item: Quick Claw\n|\n|t:|1775987919\n|move|p1b: Sneasler|Protect|p1b: Sneasler\n|-singleturn|p1b: Sneasler|Protect\n|move|p2a: Meganium|Protect|p2a: Meganium\n|-singleturn|p2a: Meganium|Protect\n|move|p1a: Rotom|Eerie Impulse|p2a: Meganium\n|-activate|p2a: Meganium|move: Protect\n|move|p2b: Incineroar|Parting Shot|p1b: Sneasler\n|-activate|p1b: Sneasler|move: Protect\n|\n|upkeep\n|turn|2\n|inactive|aggsapphire has 30 seconds left.\n|inactive|Ewan2037 has 30 seconds left.\n|\n|t:|1775987945\n|switch|p2a: Archaludon|Archaludon, L50, F|100/100\n|move|p1b: Sneasler|Swords Dance|p1b: Sneasler\n|-boost|p1b: Sneasler|atk|2\n|move|p1a: Rotom|Eerie Impulse|p2a: Archaludon\n|-unboost|p2a: Archaludon|spa|2\n|-enditem|p2a: Archaludon|White Herb\n|-clearnegativeboost|p2a: Archaludon|[silent]\n|move|p2b: Incineroar|Parting Shot|p1b: Sneasler\n|-unboost|p1b: Sneasler|atk|1\n|-unboost|p1b: Sneasler|spa|1\n|\n|t:|1775987957\n|switch|p2b: Pelipper|Pelipper, L50, F|100/100|[from] Parting Shot\n|-weather|RainDance|[from] ability: Drizzle|[of] p2b: Pelipper\n|\n|-weather|RainDance|[upkeep]\n|upkeep\n|turn|3\n|inactive|Ewan2037 has 30 seconds left.\n|\n|t:|1775987982\n|switch|p2b: Incineroar|Incineroar, L50, M|100/100\n|-ability|p2b: Incineroar|Intimidate|boost\n|-unboost|p1a: Rotom|atk|1\n|-unboost|p1b: Sneasler|atk|1\n|move|p1b: Sneasler|Protect|p1b: Sneasler\n|-singleturn|p1b: Sneasler|Protect\n|move|p2a: Archaludon|Electro Shot||[still]\n|-prepare|p2a: Archaludon|Electro Shot\n|-boost|p2a: Archaludon|spa|1\n|-anim|p2a: Archaludon|Electro Shot|p1b: Sneasler\n|-activate|p1b: Sneasler|move: Protect\n|move|p1a: Rotom|Electroweb|p2b: Incineroar|[spread] p2a,p2b\n|-resisted|p2a: Archaludon|1\n|-damage|p2a: Archaludon|90/100\n|-damage|p2b: Incineroar|89/100\n|-unboost|p2a: Archaludon|spe|1\n|-unboost|p2b: Incineroar|spe|1\n|-ability|p2a: Archaludon|Stamina|boost\n|-boost|p2a: Archaludon|def|1\n|\n|-weather|RainDance|[upkeep]\n|upkeep\n|turn|4\n|inactive|Ewan2037 has 30 seconds left.\n|inactive|Ewan2037 has 20 seconds left.\n|inactive|Ewan2037 has 15 seconds left.\n|-activate|p1a: Rotom|item: Quick Claw\n|\n|t:|1775988024\n|switch|p1b: Venusaur|Venusaur, L50, M|100/100\n|move|p2b: Incineroar|Fake Out|p1b: Venusaur\n|-damage|p1b: Venusaur|86/100\n|move|p1a: Rotom|Eerie Impulse|p2a: Archaludon\n|-unboost|p2a: Archaludon|spa|2\n|move|p2a: Archaludon|Draco Meteor|p1b: Venusaur\n|-damage|p1b: Venusaur|34/100\n|-unboost|p2a: Archaludon|spa|2\n|\n|-weather|RainDance|[upkeep]\n|upkeep\n|turn|5\n|inactive|Ewan2037 has 30 seconds left.\n|\n|t:|1775988051\n|switch|p2a: Meganium|Meganium, L50, M|100/100\n|move|p1b: Venusaur|Earth Power|p2b: Incineroar\n|-supereffective|p2b: Incineroar|1\n|-crit|p2b: Incineroar\n|-damage|p2b: Incineroar|28/100\n|-enditem|p2b: Incineroar|Sitrus Berry|[eat]\n|-heal|p2b: Incineroar|53/100|[from] item: Sitrus Berry\n|move|p1a: Rotom|Electroweb|p2b: Incineroar|[spread] p2a,p2b\n|-resisted|p2a: Meganium|1\n|-damage|p2a: Meganium|93/100\n|-damage|p2b: Incineroar|40/100\n|-unboost|p2a: Meganium|spe|1\n|-unboost|p2b: Incineroar|spe|1\n|move|p2b: Incineroar|Parting Shot|p1a: Rotom\n|-unboost|p1a: Rotom|atk|1\n|-unboost|p1a: Rotom|spa|1\n|\n|t:|1775988071\n|switch|p2b: Archaludon|Archaludon, L50, F|90/100|[from] Parting Shot\n|\n|-weather|RainDance|[upkeep]\n|upkeep\n|turn|6\n|\n|t:|1775988090\n|switch|p2b: Pelipper|Pelipper, L50, F|100/100\n|move|p2a: Meganium|Protect|p2a: Meganium\n|-singleturn|p2a: Meganium|Protect\n|move|p1b: Venusaur|Sleep Powder|p2b: Pelipper\n|-status|p2b: Pelipper|slp|[from] move: Sleep Powder\n|move|p1a: Rotom|Eerie Impulse|p2b: Pelipper\n|-unboost|p2b: Pelipper|spa|2\n|\n|-weather|none\n|upkeep\n|turn|7\n|inactive|Ewan2037 has 30 seconds left.\n|inactive|Ewan2037 has 20 seconds left.\n|-activate|p1a: Rotom|item: Quick Claw\n|\n|t:|1775988126\n|switch|p2b: Incineroar|Incineroar, L50, M|40/100\n|-ability|p2b: Incineroar|Intimidate|boost\n|-unboost|p1a: Rotom|atk|1\n|-unboost|p1b: Venusaur|atk|1\n|switch|p2a: Archaludon|Archaludon, L50, F|90/100\n|move|p1a: Rotom|Electroweb|p2b: Incineroar|[spread] p2a,p2b\n|-resisted|p2a: Archaludon|1\n|-damage|p2a: Archaludon|82/100\n|-damage|p2b: Incineroar|32/100\n|-unboost|p2a: Archaludon|spe|1\n|-unboost|p2b: Incineroar|spe|1\n|-ability|p2a: Archaludon|Stamina|boost\n|-boost|p2a: Archaludon|def|1\n|move|p1b: Venusaur|Sludge Bomb|p2a: Archaludon\n|-immune|p2a: Archaludon\n|\n|upkeep\n|turn|8\n|inactive|Ewan2037 has 30 seconds left.\n|inactive|Ewan2037 has 20 seconds left.\n|\n|t:|1775988163\n|switch|p2b: Pelipper|Pelipper, L50, F|100/100 slp\n|-weather|RainDance|[from] ability: Drizzle|[of] p2b: Pelipper\n|move|p1b: Venusaur|Earth Power|p2a: Archaludon\n|-supereffective|p2a: Archaludon|1\n|-damage|p2a: Archaludon|0 fnt\n|faint|p2a: Archaludon\n|move|p1a: Rotom|Eerie Impulse|p2b: Pelipper\n|-unboost|p2b: Pelipper|spa|2\n|\n|-weather|RainDance|[upkeep]\n|upkeep\n|\n|t:|1775988173\n|switch|p2a: Incineroar|Incineroar, L50, M|32/100\n|-ability|p2a: Incineroar|Intimidate|boost\n|-unboost|p1a: Rotom|atk|1\n|-unboost|p1b: Venusaur|atk|1\n|turn|9\n|\n|t:|1775988191\n|move|p2a: Incineroar|Fake Out|p1b: Venusaur\n|-damage|p1b: Venusaur|19/100\n|cant|p1b: Venusaur|flinch\n|move|p1a: Rotom|Volt Switch|p2b: Pelipper\n|-supereffective|p2b: Pelipper|2\n|-damage|p2b: Pelipper|3/100 slp\n|\n|t:|1775988205\n|switch|p1a: Charizard|Charizard, L50, F|100/100|[from] Volt Switch\n|cant|p2b: Pelipper|slp\n|\n|-weather|RainDance|[upkeep]\n|upkeep\n|turn|10\n|\n|t:|1775988222\n|switch|p2b: Meganium|Meganium, L50, M|93/100\n|detailschange|p1a: Charizard|Charizard-Mega-Y, L50, F\n|-mega|p1a: Charizard|Charizard|Charizardite Y\n|-weather|SunnyDay|[from] ability: Drought|[of] p1a: Charizard\n|move|p1b: Venusaur|Earth Power|p2a: Incineroar\n|-supereffective|p2a: Incineroar|1\n|-damage|p2a: Incineroar|0 fnt\n|faint|p2a: Incineroar\n|move|p1a: Charizard|Heat Wave|p2b: Meganium\n|-supereffective|p2b: Meganium|1\n|-damage|p2b: Meganium|0 fnt\n|faint|p2b: Meganium\n|\n|-weather|SunnyDay|[upkeep]\n|upkeep\n|-message|Ewan2037 forfeited.\n|\n|win|aggsapphire\n|raw|aggsapphire's rating: 1156 &rarr; <strong>1183</strong><br />(+27 for winning)\n|raw|Ewan2037's rating: 1184 &rarr; <strong>1157</strong><br />(-27 for losing)\n|l|\u2606Ewan2037\n|player|p2|\n",
  "uploadtime": 1775988241,
  "views": 18,
  "formatid": "gen9championsvgc2026regma",
  "rating": 1157,
  "private": 0,
  "password": null
}