{
  "id": "gen9championsvgc2026regma-2589507058",
  "format": "[Gen 9 Champions] VGC 2026 Reg M-A",
  "players": [
    "Jbucci",
    "ghanawon"
  ],
  "log": "|j|\u2606Jbucci\n|j|\u2606ghanawon\n|t:|1776729230\n|gametype|doubles\n|player|p1|Jbucci|169|1251\n|player|p2|ghanawon|workerice|1221\n|gen|9\n|tier|[Gen 9 Champions] VGC 2026 Reg M-A\n|rated|\n|rule|Species Clause: Limit one of each Pok\u00e9mon\n|rule|Item Clause: Limit 1 of each item\n|clearpoke\n|poke|p1|Meganium, L50, M|\n|poke|p1|Pelipper, L50, F|\n|poke|p1|Basculegion, L50, M|\n|poke|p1|Archaludon, L50, F|\n|poke|p1|Sneasler, L50, M|\n|poke|p1|Klefki, L50, F|\n|poke|p2|Floette-Eternal, L50, F|\n|poke|p2|Aegislash, L50, M|\n|poke|p2|Talonflame, L50, M|\n|poke|p2|Incineroar, L50, M|\n|poke|p2|Garchomp, L50, F|\n|poke|p2|Rotom-Wash, L50|\n|teampreview|4\n|inactive|Battle timer is ON: inactive players will automatically lose when time's up. (requested by ghanawon)\n|inactive|Jbucci has 60 seconds left.\n|inactive|Jbucci has 30 seconds left.\n|inactive|Jbucci has 20 seconds left.\n|inactive|Jbucci has 15 seconds left.\n|\n|t:|1776729307\n|teamsize|p1|4\n|teamsize|p2|4\n|start\n|switch|p1a: Sneasler|Sneasler, L50, M|100/100\n|switch|p1b: Basculegion|Basculegion, L50, M|100/100\n|switch|p2a: Talonflame|Talonflame, L50, M|100/100\n|switch|p2b: Rotom|Rotom-Wash, L50|100/100\n|turn|1\n|\n|t:|1776729324\n|switch|p1b: Meganium|Meganium, L50, M|100/100\n|move|p2a: Talonflame|Protect|p2a: Talonflame\n|-singleturn|p2a: Talonflame|Protect\n|move|p2b: Rotom|Protect|p2b: Rotom\n|-singleturn|p2b: Rotom|Protect\n|move|p1a: Sneasler|Rock Tomb|p2a: Talonflame\n|-activate|p2a: Talonflame|move: Protect\n|\n|upkeep\n|turn|2\n|\n|t:|1776729349\n|detailschange|p1b: Meganium|Meganium-Mega, L50, M\n|-mega|p1b: Meganium|Meganium|Meganiumite\n|move|p2a: Talonflame|Acrobatics|p1a: Sneasler\n|-supereffective|p1a: Sneasler|1\n|-damage|p1a: Sneasler|0 fnt\n|faint|p1a: Sneasler\n|move|p2b: Rotom|Will-O-Wisp|p1b: Meganium|[miss]\n|-miss|p2b: Rotom|p1b: Meganium\n|move|p1b: Meganium|Solar Beam||[still]\n|-prepare|p1b: Meganium|Solar Beam\n|-activate|p1b: Meganium|ability: Mega Sol\n|-anim|p1b: Meganium|Solar Beam|p2b: Rotom\n|-supereffective|p2b: Rotom|1\n|-damage|p2b: Rotom|0 fnt\n|faint|p2b: Rotom\n|\n|upkeep\n|\n|t:|1776729363\n|switch|p1a: Basculegion|Basculegion, L50, M|100/100\n|switch|p2b: Floette|Floette-Eternal, L50, F|100/100\n|turn|3\n|\n|t:|1776729378\n|detailschange|p2b: Floette|Floette-Mega, L50, F\n|-mega|p2b: Floette|Floette|Floettite\n|-ability|p2b: Floette|Fairy Aura\n|move|p2a: Talonflame|Tailwind|p2a: Talonflame\n|-sidestart|p2: ghanawon|move: Tailwind\n|move|p2b: Floette|Dazzling Gleam|p1b: Meganium|[spread] p1a,p1b\n|-damage|p1a: Basculegion|50/100\n|-damage|p1b: Meganium|60/100\n|move|p1a: Basculegion|Wave Crash|p2a: Talonflame\n|-supereffective|p2a: Talonflame|1\n|-damage|p2a: Talonflame|0 fnt\n|faint|p2a: Talonflame\n|-damage|p1a: Basculegion|24/100|[from] Recoil\n|move|p1b: Meganium|Solar Beam||[still]\n|-prepare|p1b: Meganium|Solar Beam\n|-activate|p1b: Meganium|ability: Mega Sol\n|-anim|p1b: Meganium|Solar Beam|p2b: Floette\n|-damage|p2b: Floette|45/100\n|\n|upkeep\n|\n|t:|1776729394\n|switch|p2a: Garchomp|Garchomp, L50, F|100/100\n|turn|4\n|\n|t:|1776729402\n|move|p2a: Garchomp|Dragon Claw|p1a: Basculegion\n|-damage|p1a: Basculegion|0 fnt\n|faint|p1a: Basculegion\n|move|p2b: Floette|Moonblast|p1b: Meganium\n|-damage|p1b: Meganium|4/100\n|move|p1b: Meganium|Dazzling Gleam|p2a: Garchomp|[spread] p2a,p2b\n|-supereffective|p2a: Garchomp|1\n|-damage|p2a: Garchomp|0 fnt\n|-damage|p2b: Floette|8/100\n|faint|p2a: Garchomp\n|\n|upkeep\n|\n|t:|1776729414\n|switch|p1a: Archaludon|Archaludon, L50, F|100/100\n|turn|5\n|-message|ghanawon forfeited.\n|\n|win|Jbucci\n|raw|Jbucci's rating: 1251 &rarr; <strong>1274</strong><br />(+23 for winning)\n|raw|ghanawon's rating: 1221 &rarr; <strong>1198</strong><br />(-23 for losing)\n|l|\u2606ghanawon\n|player|p2|\n",
  "uploadtime": 1776729463,
  "views": 6,
  "formatid": "gen9championsvgc2026regma",
  "rating": 1198,
  "private": 0,
  "password": null
}