{
  "id": "gen9championsvgc2026regma-2581399621",
  "format": "[Gen 9 Champions] VGC 2026 Reg M-A",
  "players": [
    "WintersSD",
    "ballafjong"
  ],
  "log": "|j|\u2606WintersSD\n|j|\u2606ballafjong\n|t:|1775996370\n|gametype|doubles\n|player|p1|WintersSD|1|1000\n|player|p2|ballafjong|170|1042\n|gen|9\n|tier|[Gen 9 Champions] VGC 2026 Reg M-A\n|rated|\n|rule|Species Clause: Limit one of each Pok\u00e9mon\n|rule|Item Clause: Limit 1 of each item\n|clearpoke\n|poke|p1|Blastoise, L50, M|\n|poke|p1|Sinistcha, L50|\n|poke|p1|Garchomp, L50, F|\n|poke|p1|Whimsicott, L50, F|\n|poke|p1|Incineroar, L50, F|\n|poke|p1|Gengar, L50, F|\n|poke|p2|Aggron, L50, F|\n|poke|p2|Chandelure, L50, M|\n|poke|p2|Torkoal, L50, F|\n|poke|p2|Farigiraf, L50, M|\n|poke|p2|Incineroar, L50, F|\n|poke|p2|Clefable, L50, M|\n|teampreview|4\n|\n|t:|1775996422\n|teamsize|p1|4\n|teamsize|p2|4\n|start\n|switch|p1a: Blastoise|Blastoise, L50, M|100/100\n|switch|p1b: Gengar|Gengar, L50, F|100/100\n|switch|p2a: Incineroar|Incineroar, L50, F|100/100\n|switch|p2b: Farigiraf|Farigiraf, L50, M|100/100\n|-ability|p2a: Incineroar|Intimidate|boost\n|-unboost|p1a: Blastoise|atk|1\n|-unboost|p1b: Gengar|atk|1\n|turn|1\n|\n|t:|1775996466\n|detailschange|p1a: Blastoise|Blastoise-Mega, L50, M\n|-mega|p1a: Blastoise|Blastoise|Blastoisinite\n|move|p2a: Incineroar|Fake Out|p1a: Blastoise\n|-damage|p1a: Blastoise|88/100\n|move|p1b: Gengar|Sludge Bomb|p2b: Farigiraf\n|-damage|p2b: Farigiraf|41/100\n|cant|p1a: Blastoise|flinch\n|move|p2b: Farigiraf|Trick Room|p2b: Farigiraf\n|-fieldstart|move: Trick Room|[of] p2b: Farigiraf\n|\n|upkeep\n|turn|2\n|\n|t:|1775996506\n|move|p2a: Incineroar|Darkest Lariat|p1b: Gengar\n|-supereffective|p1b: Gengar|1\n|-damage|p1b: Gengar|0 fnt\n|faint|p1b: Gengar\n|move|p2b: Farigiraf|Hyper Voice|p1a: Blastoise\n|-damage|p1a: Blastoise|44/100\n|move|p1a: Blastoise|Water Spout|p2a: Incineroar|[spread] p2a,p2b\n|-supereffective|p2a: Incineroar|1\n|-crit|p2a: Incineroar\n|-damage|p2a: Incineroar|32/100\n|-damage|p2b: Farigiraf|13/100\n|-enditem|p2a: Incineroar|Sitrus Berry|[eat]\n|-heal|p2a: Incineroar|56/100|[from] item: Sitrus Berry\n|\n|upkeep\n|\n|t:|1775996517\n|switch|p1b: Sinistcha|Sinistcha, L50|100/100\n|-heal|p1a: Blastoise|68/100|[from] ability: Hospitality|[of] p1b: Sinistcha\n|turn|3\n|\n|t:|1775996547\n|move|p1a: Blastoise|Protect|p1a: Blastoise\n|-singleturn|p1a: Blastoise|Protect\n|move|p2a: Incineroar|Flare Blitz|p1b: Sinistcha\n|-supereffective|p1b: Sinistcha|1\n|-crit|p1b: Sinistcha\n|-damage|p1b: Sinistcha|0 fnt\n|faint|p1b: Sinistcha\n|-damage|p2a: Incineroar|27/100|[from] Recoil\n|move|p2b: Farigiraf|Hyper Voice|p1a: Blastoise\n|-activate|p1a: Blastoise|move: Protect\n|\n|upkeep\n|\n|t:|1775996557\n|switch|p1b: Garchomp|Garchomp, L50, F|100/100\n|turn|4\n|\n|t:|1775996585\n|move|p2b: Farigiraf|Hyper Voice|p1b: Garchomp|[spread] p1a,p1b\n|-damage|p1a: Blastoise|33/100\n|-damage|p1b: Garchomp|66/100\n|move|p2a: Incineroar|Darkest Lariat|p1a: Blastoise\n|-damage|p1a: Blastoise|0 fnt\n|faint|p1a: Blastoise\n|move|p1b: Garchomp|Rock Slide|p2a: Incineroar|[spread] p2a\n|-miss|p1b: Garchomp|p2b: Farigiraf\n|-supereffective|p2a: Incineroar|1\n|-damage|p2a: Incineroar|0 fnt\n|faint|p2a: Incineroar\n|\n|upkeep\n|\n|t:|1775996592\n|switch|p2a: Aggron|Aggron, L50, F|100/100\n|turn|5\n|-message|WintersSD forfeited.\n|\n|win|ballafjong\n|raw|WintersSD's rating: 1000 &rarr; <strong>1000</strong><br />(+0 for losing)\n|raw|ballafjong's rating: 1042 &rarr; <strong>1072</strong><br />(+30 for winning)\n|l|\u2606WintersSD\n|player|p1|\n",
  "uploadtime": 1775996616,
  "views": 17,
  "formatid": "gen9championsvgc2026regma",
  "rating": 1000,
  "private": 0,
  "password": null
}