{
  "id": "gen9championsvgc2026regma-2584390632",
  "format": "[Gen 9 Champions] VGC 2026 Reg M-A",
  "players": [
    "Mameon",
    "RillaZardCJM"
  ],
  "log": "|j|\u2606Mameon\n|j|\u2606RillaZardCJM\n|t:|1776257340\n|gametype|doubles\n|player|p1|Mameon|1|1180\n|player|p2|RillaZardCJM|102|1273\n|gen|9\n|tier|[Gen 9 Champions] VGC 2026 Reg M-A\n|rated|\n|rule|Species Clause: Limit one of each Pok\u00e9mon\n|rule|Item Clause: Limit 1 of each item\n|clearpoke\n|poke|p1|Charizard, L50, M|\n|poke|p1|Kingambit, L50, M|\n|poke|p1|Incineroar, L50, F|\n|poke|p1|Aerodactyl, L50, F|\n|poke|p1|Floette-Eternal, L50, F|\n|poke|p1|Sneasler, L50, F|\n|poke|p2|Charizard, L50, F|\n|poke|p2|Whimsicott, L50, M|\n|poke|p2|Garchomp, L50, M|\n|poke|p2|Sneasler, L50, M|\n|poke|p2|Meganium, L50, M|\n|poke|p2|Incineroar, L50, M|\n|teampreview|4\n|\n|t:|1776257371\n|teamsize|p1|4\n|teamsize|p2|4\n|start\n|switch|p1a: Charizard|Charizard, L50, M|100/100\n|switch|p1b: Incineroar|Incineroar, L50, F|100/100\n|switch|p2a: Hi May I Help You?|Whimsicott, L50, M|100/100\n|switch|p2b: Slam Dunk|Incineroar, L50, M|100/100\n|-ability|p2b: Slam Dunk|Intimidate|boost\n|-unboost|p1a: Charizard|atk|1\n|-unboost|p1b: Incineroar|atk|1\n|-ability|p1b: Incineroar|Intimidate|boost\n|-unboost|p2a: Hi May I Help You?|atk|1\n|-unboost|p2b: Slam Dunk|atk|1\n|turn|1\n|\n|t:|1776257393\n|move|p1a: Charizard|Protect|p1a: Charizard\n|-singleturn|p1a: Charizard|Protect\n|move|p2b: Slam Dunk|Fake Out|p1a: Charizard\n|-activate|p1a: Charizard|move: Protect\n|move|p2a: Hi May I Help You?|Tailwind|p2a: Hi May I Help You?\n|-sidestart|p2: RillaZardCJM|move: Tailwind\n|move|p1b: Incineroar|Flare Blitz|p2a: Hi May I Help You?\n|-supereffective|p2a: Hi May I Help You?|1\n|-damage|p2a: Hi May I Help You?|13/100\n|-damage|p1b: Incineroar|81/100|[from] Recoil\n|\n|upkeep\n|turn|2\n|\n|t:|1776257412\n|detailschange|p1a: Charizard|Charizard-Mega-Y, L50, M\n|-mega|p1a: Charizard|Charizard|Charizardite Y\n|-weather|SunnyDay|[from] ability: Drought|[of] p1a: Charizard\n|move|p2a: Hi May I Help You?|Encore|p1a: Charizard\n|-start|p1a: Charizard|Encore\n|move|p1a: Charizard|Protect|p1a: Charizard\n|-singleturn|p1a: Charizard|Protect\n|move|p2b: Slam Dunk|Parting Shot|p1b: Incineroar\n|-unboost|p1b: Incineroar|atk|1\n|-unboost|p1b: Incineroar|spa|1\n|\n|t:|1776257424\n|switch|p2b: Nom-Nom|Garchomp, L50, M|100/100|[from] Parting Shot\n|move|p1b: Incineroar|Parting Shot|p2b: Nom-Nom\n|-unboost|p2b: Nom-Nom|atk|1\n|-unboost|p2b: Nom-Nom|spa|1\n|\n|t:|1776257431\n|switch|p1b: Aerodactyl|Aerodactyl, L50, F|100/100|[from] Parting Shot\n|-ability|p1b: Aerodactyl|Unnerve\n|\n|-weather|SunnyDay|[upkeep]\n|upkeep\n|turn|3\n|\n|t:|1776257447\n|switch|p1a: Incineroar|Incineroar, L50, F|81/100\n|-ability|p1a: Incineroar|Intimidate|boost\n|-unboost|p2a: Hi May I Help You?|atk|1\n|-unboost|p2b: Nom-Nom|atk|1\n|move|p1b: Aerodactyl|Protect|p1b: Aerodactyl\n|-singleturn|p1b: Aerodactyl|Protect\n|move|p2b: Nom-Nom|Rock Slide|p1b: Aerodactyl|[spread] p1a\n|-activate|p1b: Aerodactyl|move: Protect\n|-supereffective|p1a: Incineroar|1\n|-damage|p1a: Incineroar|63/100\n|move|p2a: Hi May I Help You?|Moonblast|p1b: Aerodactyl\n|-activate|p1b: Aerodactyl|move: Protect\n|\n|-weather|SunnyDay|[upkeep]\n|upkeep\n|turn|4\n|\n|t:|1776257469\n|switch|p2a: Slam Dunk|Incineroar, L50, M|100/100\n|-ability|p2a: Slam Dunk|Intimidate|boost\n|-unboost|p1a: Incineroar|atk|1\n|-unboost|p1b: Aerodactyl|atk|1\n|move|p1a: Incineroar|Fake Out|p2a: Slam Dunk\n|-damage|p2a: Slam Dunk|94/100\n|move|p2b: Nom-Nom|Rock Slide|p1a: Incineroar|[spread] p1a,p1b\n|-supereffective|p1a: Incineroar|1\n|-supereffective|p1b: Aerodactyl|1\n|-damage|p1a: Incineroar|42/100\n|-damage|p1b: Aerodactyl|65/100\n|move|p1b: Aerodactyl|Tailwind|p1b: Aerodactyl\n|-sidestart|p1: Mameon|move: Tailwind\n|\n|-weather|SunnyDay|[upkeep]\n|-sideend|p2: RillaZardCJM|move: Tailwind\n|upkeep\n|turn|5\n|\n|t:|1776257493\n|move|p1b: Aerodactyl|Protect|p1b: Aerodactyl\n|-singleturn|p1b: Aerodactyl|Protect\n|move|p2a: Slam Dunk|Fake Out|p1b: Aerodactyl\n|-activate|p1b: Aerodactyl|move: Protect\n|move|p2b: Nom-Nom|Rock Slide|p1b: Aerodactyl|[spread] p1a\n|-activate|p1b: Aerodactyl|move: Protect\n|-supereffective|p1a: Incineroar|1\n|-damage|p1a: Incineroar|23/100\n|move|p1a: Incineroar|Parting Shot|p2b: Nom-Nom\n|-unboost|p2b: Nom-Nom|atk|1\n|-unboost|p2b: Nom-Nom|spa|1\n|\n|t:|1776257511\n|switch|p1a: Sneasler|Sneasler, L50, F|100/100|[from] Parting Shot\n|\n|-weather|SunnyDay|[upkeep]\n|upkeep\n|turn|6\n|\n|t:|1776257528\n|move|p1b: Aerodactyl|Rock Slide|p2a: Slam Dunk|[spread] p2a,p2b\n|-supereffective|p2a: Slam Dunk|1\n|-resisted|p2b: Nom-Nom|1\n|-damage|p2a: Slam Dunk|67/100\n|-damage|p2b: Nom-Nom|93/100\n|move|p1a: Sneasler|Close Combat|p2b: Nom-Nom\n|-damage|p2b: Nom-Nom|31/100\n|-unboost|p1a: Sneasler|def|1\n|-unboost|p1a: Sneasler|spd|1\n|-damage|p1a: Sneasler|88/100|[from] ability: Rough Skin|[of] p2b: Nom-Nom\n|-enditem|p1a: Sneasler|White Herb\n|-clearnegativeboost|p1a: Sneasler|[silent]\n|move|p2b: Nom-Nom|Rock Slide|p1b: Aerodactyl|[spread] p1a,p1b\n|-resisted|p1a: Sneasler|1\n|-supereffective|p1b: Aerodactyl|1\n|-damage|p1a: Sneasler|81/100\n|-damage|p1b: Aerodactyl|37/100\n|cant|p2a: Slam Dunk|flinch\n|\n|-weather|none\n|upkeep\n|turn|7\n|\n|t:|1776257558\n|move|p1b: Aerodactyl|Protect|p1b: Aerodactyl\n|-singleturn|p1b: Aerodactyl|Protect\n|move|p1a: Sneasler|Close Combat|p2b: Nom-Nom\n|-damage|p2b: Nom-Nom|0 fnt\n|-unboost|p1a: Sneasler|def|1\n|-unboost|p1a: Sneasler|spd|1\n|-damage|p1a: Sneasler|69/100|[from] ability: Rough Skin|[of] p2b: Nom-Nom\n|faint|p2b: Nom-Nom\n|move|p2a: Slam Dunk|Flare Blitz|p1a: Sneasler\n|-damage|p1a: Sneasler|0 fnt\n|faint|p1a: Sneasler\n|-damage|p2a: Slam Dunk|47/100|[from] Recoil\n|\n|-sideend|p1: Mameon|move: Tailwind\n|upkeep\n|\n|t:|1776257575\n|switch|p1a: Incineroar|Incineroar, L50, F|23/100\n|switch|p2b: Hi May I Help You?|Whimsicott, L50, M|13/100\n|-ability|p1a: Incineroar|Intimidate|boost\n|-unboost|p2a: Slam Dunk|atk|1\n|-unboost|p2b: Hi May I Help You?|atk|1\n|turn|8\n|\n|t:|1776257597\n|move|p1a: Incineroar|Fake Out|p2b: Hi May I Help You?\n|-damage|p2b: Hi May I Help You?|0 fnt\n|faint|p2b: Hi May I Help You?\n|move|p1b: Aerodactyl|Tailwind|p1b: Aerodactyl\n|-sidestart|p1: Mameon|move: Tailwind\n|move|p2a: Slam Dunk|Flare Blitz|p1b: Aerodactyl\n|-resisted|p1b: Aerodactyl|1\n|-crit|p1b: Aerodactyl\n|-damage|p1b: Aerodactyl|0 fnt\n|-enditem|p2a: Slam Dunk|Sitrus Berry|[eat]\n|-heal|p2a: Slam Dunk|72/100|[from] item: Sitrus Berry\n|faint|p1b: Aerodactyl\n|-damage|p2a: Slam Dunk|62/100|[from] Recoil\n|\n|upkeep\n|\n|t:|1776257610\n|switch|p1b: Charizard|Charizard-Mega-Y, L50, M|100/100\n|switch|p2b: Cymro|Charizard, L50, F|100/100\n|-weather|SunnyDay|[from] ability: Drought|[of] p1b: Charizard\n|turn|9\n|\n|t:|1776257625\n|move|p2b: Cymro|Protect|p2b: Cymro\n|-singleturn|p2b: Cymro|Protect\n|move|p1b: Charizard|Heat Wave|p2b: Cymro|[spread] p2a\n|-activate|p2b: Cymro|move: Protect\n|-resisted|p2a: Slam Dunk|1\n|-damage|p2a: Slam Dunk|24/100\n|move|p1a: Incineroar|Parting Shot|p2b: Cymro\n|-activate|p2b: Cymro|move: Protect\n|move|p2a: Slam Dunk|Parting Shot|p1b: Charizard\n|-unboost|p1b: Charizard|atk|1\n|-unboost|p1b: Charizard|spa|1\n|\n|-weather|SunnyDay|[upkeep]\n|upkeep\n|turn|10\n|\n|t:|1776257642\n|detailschange|p2b: Cymro|Charizard-Mega-Y, L50, F\n|-mega|p2b: Cymro|Charizard|Charizardite Y\n|move|p1b: Charizard|Heat Wave|p2b: Cymro|[spread] p2a,p2b\n|-resisted|p2a: Slam Dunk|1\n|-resisted|p2b: Cymro|1\n|-damage|p2a: Slam Dunk|0 fnt\n|-damage|p2b: Cymro|76/100\n|faint|p2a: Slam Dunk\n|move|p1a: Incineroar|Parting Shot|p2b: Cymro\n|-unboost|p2b: Cymro|atk|1\n|-unboost|p2b: Cymro|spa|1\n|move|p2b: Cymro|Heat Wave|p1b: Charizard|[spread] p1a,p1b\n|-resisted|p1a: Incineroar|1\n|-resisted|p1b: Charizard|1\n|-damage|p1a: Incineroar|5/100\n|-damage|p1b: Charizard|78/100\n|\n|-weather|SunnyDay|[upkeep]\n|upkeep\n|turn|11\n|\n|t:|1776257659\n|move|p2b: Cymro|Protect|p2b: Cymro\n|-singleturn|p2b: Cymro|Protect\n|move|p1b: Charizard|Weather Ball|p2b: Cymro\n|-activate|p2b: Cymro|move: Protect\n|move|p1a: Incineroar|Parting Shot|p2b: Cymro\n|-activate|p2b: Cymro|move: Protect\n|\n|-weather|SunnyDay|[upkeep]\n|-sideend|p1: Mameon|move: Tailwind\n|upkeep\n|turn|12\n|\n|t:|1776257673\n|move|p2b: Cymro|Heat Wave|p1a: Incineroar|[spread] p1a,p1b\n|-resisted|p1a: Incineroar|1\n|-resisted|p1b: Charizard|1\n|-damage|p1a: Incineroar|0 fnt\n|-damage|p1b: Charizard|55/100\n|faint|p1a: Incineroar\n|move|p1b: Charizard|Weather Ball|p2b: Cymro\n|-resisted|p2b: Cymro|1\n|-damage|p2b: Cymro|41/100\n|\n|-weather|SunnyDay|[upkeep]\n|upkeep\n|turn|13\n|\n|t:|1776257684\n|move|p2b: Cymro|Weather Ball|p1b: Charizard\n|-resisted|p1b: Charizard|1\n|-damage|p1b: Charizard|20/100\n|move|p1b: Charizard|Weather Ball|p2b: Cymro\n|-resisted|p2b: Cymro|1\n|-crit|p2b: Cymro\n|-damage|p2b: Cymro|0 fnt\n|faint|p2b: Cymro\n|\n|win|Mameon\n|raw|Mameon's rating: 1180 &rarr; <strong>1212</strong><br />(+32 for winning)\n|raw|RillaZardCJM's rating: 1273 &rarr; <strong>1241</strong><br />(-32 for losing)\n|l|\u2606RillaZardCJM\n|player|p2|\n",
  "uploadtime": 1776257693,
  "views": 61,
  "formatid": "gen9championsvgc2026regma",
  "rating": 1212,
  "private": 0,
  "password": null
}