{
  "id": "gen9championsvgc2026regma-2582106022",
  "format": "[Gen 9 Champions] VGC 2026 Reg M-A",
  "players": [
    "Stinko Man",
    "Couch Potato309"
  ],
  "log": "|j|\u2606Stinko Man\n|j|\u2606Couch Potato309\n|html|<table width=\"100%\"><tr><td align=\"left\">Stinko Man</td><td align=\"right\">Couch Potato309</tr><tr><td align=\"left\"><i class=\"fa fa-circle\"></i> <i class=\"fa fa-circle-o\"></i> </td><td align=\"right\"><i class=\"fa fa-circle-o\"></i> <i class=\"fa fa-circle\"></i> </tr></table>\n|uhtml|bestof|<h2><strong>Game 3</strong> of <a href=\"/game-bestof3-gen9championsvgc2026regma-2582103159\">a best-of-3</a></h2>\n|t:|1776058621\n|gametype|doubles\n|player|p1|Stinko Man|nate|\n|player|p2|Couch Potato309|steven|\n|gen|9\n|tier|[Gen 9 Champions] VGC 2026 Reg M-A\n|rule|Species Clause: Limit one of each Pok\u00e9mon\n|rule|Item Clause: Limit 1 of each item\n|raw|<div class=\"infobox\"><details class=\"readmore\" open><summary><strong>1 custom rule:</strong></summary> Best of = 3</details></div>\n|clearpoke\n|poke|p1|Glimmora, L50, F|\n|poke|p1|Corviknight, L50, F|\n|poke|p1|Sinistcha, L50|\n|poke|p1|Ninetales-Alola, L50, F|\n|poke|p1|Incineroar, L50, M|\n|poke|p1|Quaquaval, L50, F|\n|poke|p2|Aggron, L50, F|\n|poke|p2|Clawitzer, L50, M|\n|poke|p2|Pelipper, L50, M|\n|poke|p2|Sinistcha-Masterpiece, L50|\n|poke|p2|Clefable, L50, F|\n|poke|p2|Incineroar, L50, F|\n|teampreview|4\n|inactive|Battle timer is ON: inactive players will automatically lose when time's up. (requested by Couch Potato309)\n|inactive|Stinko Man has 60 seconds left.\n|\n|t:|1776058670\n|teamsize|p1|4\n|teamsize|p2|4\n|start\n|switch|p1a: mfw|Incineroar, L50, M|100/100\n|switch|p1b: sun? no way!|Ninetales-Alola, L50, F|100/100\n|switch|p2a: THE WALL|Aggron, L50, F, shiny|100/100\n|switch|p2b: THE BIRD|Pelipper, L50, M|100/100\n|-weather|Snowscape|[from] ability: Snow Warning|[of] p1b: sun? no way!\n|-weather|RainDance|[from] ability: Drizzle|[of] p2b: THE BIRD\n|-ability|p1a: mfw|Intimidate|boost\n|-unboost|p2a: THE WALL|atk|1\n|-unboost|p2b: THE BIRD|atk|1\n|turn|1\n|inactive|Stinko Man has 30 seconds left.\n|inactive|Stinko Man has 20 seconds left.\n|\n|t:|1776058706\n|switch|p1b: Giblin|Sinistcha, L50|100/100\n|detailschange|p2a: THE WALL|Aggron-Mega, L50, F, shiny\n|-mega|p2a: THE WALL|Aggron|Aggronite\n|move|p1a: mfw|Fake Out|p2b: THE BIRD\n|-crit|p2b: THE BIRD\n|-damage|p2b: THE BIRD|76/100\n|cant|p2b: THE BIRD|flinch\n|move|p2a: THE WALL|Heavy Slam|p1b: Giblin\n|-damage|p1b: Giblin|76/100\n|\n|-weather|RainDance|[upkeep]\n|-heal|p1b: Giblin|83/100|[from] item: Leftovers\n|upkeep\n|turn|2\n|\n|t:|1776058731\n|switch|p1b: sun? no way!|Ninetales-Alola, L50, F|100/100\n|-weather|Snowscape|[from] ability: Snow Warning|[of] p1b: sun? no way!\n|move|p2b: THE BIRD|Hurricane|p1b: sun? no way!|[miss]\n|-miss|p2b: THE BIRD|p1b: sun? no way!\n|move|p1a: mfw|Parting Shot|p2a: THE WALL\n|-unboost|p2a: THE WALL|atk|1\n|-unboost|p2a: THE WALL|spa|1\n|\n|t:|1776058743\n|switch|p1a: The Jobber|Glimmora, L50, F, shiny|100/100|[from] Parting Shot\n|move|p2a: THE WALL|Iron Defense|p2a: THE WALL\n|-boost|p2a: THE WALL|def|2\n|\n|-weather|Snowscape|[upkeep]\n|upkeep\n|turn|3\n|\n|t:|1776058750\n|switch|p2b: THE CUP|Sinistcha-Masterpiece, L50|100/100\n|detailschange|p1a: The Jobber|Glimmora-Mega, L50, F, shiny\n|-mega|p1a: The Jobber|Glimmora|Glimmoranite\n|move|p1b: sun? no way!|Encore|p2a: THE WALL\n|-start|p2a: THE WALL|Encore\n|move|p1a: The Jobber|Power Gem|p2b: THE CUP\n|-damage|p2b: THE CUP|52/100\n|move|p2a: THE WALL|Iron Defense|p2a: THE WALL\n|-boost|p2a: THE WALL|def|2\n|\n|-weather|Snowscape|[upkeep]\n|-heal|p2b: THE CUP|58/100|[from] item: Leftovers\n|upkeep\n|turn|4\n|\n|t:|1776058770\n|move|p1b: sun? no way!|Blizzard|p2a: THE WALL|[spread] p2a,p2b\n|-resisted|p2a: THE WALL|1\n|-supereffective|p2b: THE CUP|1\n|-damage|p2a: THE WALL|82/100\n|-damage|p2b: THE CUP|8/100\n|move|p1a: The Jobber|Power Gem|p2b: THE CUP\n|-damage|p2b: THE CUP|0 fnt\n|faint|p2b: THE CUP\n|move|p2a: THE WALL|Iron Defense|p2a: THE WALL\n|-boost|p2a: THE WALL|def|2\n|\n|-weather|Snowscape|[upkeep]\n|upkeep\n|\n|t:|1776058781\n|switch|p2b: THE BIRD|Pelipper, L50, M|76/100\n|-weather|RainDance|[from] ability: Drizzle|[of] p2b: THE BIRD\n|turn|5\n|\n|t:|1776058795\n|switch|p1b: mfw|Incineroar, L50, M|100/100\n|-ability|p1b: mfw|Intimidate|boost\n|-unboost|p2a: THE WALL|atk|1\n|-unboost|p2b: THE BIRD|atk|1\n|move|p1a: The Jobber|Power Gem|p2b: THE BIRD\n|-supereffective|p2b: THE BIRD|1\n|-damage|p2b: THE BIRD|0 fnt\n|faint|p2b: THE BIRD\n|move|p2a: THE WALL|Iron Defense|p2a: THE WALL\n|-boost|p2a: THE WALL|def|0\n|\n|-weather|RainDance|[upkeep]\n|-end|p2a: THE WALL|Encore\n|upkeep\n|\n|t:|1776058798\n|switch|p2b: THE GUN|Clawitzer, L50, M|100/100\n|turn|6\n|inactive|Stinko Man has 30 seconds left.\n|inactive|Stinko Man has 20 seconds left.\n|inactive|Stinko Man has 15 seconds left.\n|\n|t:|1776058842\n|switch|p1a: sun? no way!|Ninetales-Alola, L50, F|100/100\n|-weather|Snowscape|[from] ability: Snow Warning|[of] p1a: sun? no way!\n|move|p1b: mfw|Fake Out|p2a: THE WALL\n|-resisted|p2a: THE WALL|1\n|-damage|p2a: THE WALL|81/100\n|move|p2b: THE GUN|Water Pulse|p1a: sun? no way!\n|-damage|p1a: sun? no way!|51/100\n|cant|p2a: THE WALL|flinch\n|\n|-weather|Snowscape|[upkeep]\n|upkeep\n|turn|7\n|\n|t:|1776058857\n|move|p2b: THE GUN|Water Pulse|p1b: mfw\n|-supereffective|p1b: mfw|1\n|-damage|p1b: mfw|31/100\n|-enditem|p1b: mfw|Sitrus Berry|[eat]\n|-heal|p1b: mfw|56/100|[from] item: Sitrus Berry\n|move|p1a: sun? no way!|Encore|p2a: THE WALL\n|-start|p2a: THE WALL|Encore\n|move|p1b: mfw|Parting Shot|p2b: THE GUN\n|-unboost|p2b: THE GUN|atk|1\n|-unboost|p2b: THE GUN|spa|1\n|\n|t:|1776058867\n|switch|p1b: Giblin|Sinistcha, L50|83/100|[from] Parting Shot\n|-heal|p1a: sun? no way!|76/100|[from] ability: Hospitality|[of] p1b: Giblin\n|move|p2a: THE WALL|Iron Defense|p2a: THE WALL\n|-boost|p2a: THE WALL|def|0\n|\n|-weather|Snowscape|[upkeep]\n|-heal|p1b: Giblin|89/100|[from] item: Leftovers\n|upkeep\n|turn|8\n|\n|t:|1776058882\n|move|p2b: THE GUN|Water Pulse|p1a: sun? no way!\n|-damage|p1a: sun? no way!|39/100\n|move|p1a: sun? no way!|Aurora Veil|p1a: sun? no way!\n|-sidestart|p1: Stinko Man|move: Aurora Veil\n|move|p1b: Giblin|Matcha Gotcha|p2b: THE GUN|[spread] p2a,p2b\n|-resisted|p2a: THE WALL|1\n|-supereffective|p2b: THE GUN|1\n|-damage|p2a: THE WALL|65/100\n|-heal|p1b: Giblin|97/100|[from] drain|[of] p2a: THE WALL\n|-damage|p2b: THE GUN|31/100\n|-heal|p1b: Giblin|100/100|[from] drain|[of] p2b: THE GUN\n|move|p2a: THE WALL|Iron Defense|p2a: THE WALL\n|-boost|p2a: THE WALL|def|0\n|\n|-weather|Snowscape|[upkeep]\n|upkeep\n|turn|9\n|\n|t:|1776058907\n|move|p2b: THE GUN|Water Pulse|p1a: sun? no way!\n|-damage|p1a: sun? no way!|16/100\n|move|p1a: sun? no way!|Moonblast|p2a: THE WALL\n|-resisted|p2a: THE WALL|1\n|-damage|p2a: THE WALL|42/100\n|move|p1b: Giblin|Matcha Gotcha|p2b: THE GUN|[spread] p2a\n|-miss|p1b: Giblin|p2b: THE GUN\n|-resisted|p2a: THE WALL|1\n|-damage|p2a: THE WALL|28/100\n|move|p2a: THE WALL|Iron Defense|p2a: THE WALL\n|-boost|p2a: THE WALL|def|0\n|\n|-weather|Snowscape|[upkeep]\n|-end|p2a: THE WALL|Encore\n|upkeep\n|turn|10\n|\n|t:|1776058921\n|move|p2b: THE GUN|Water Pulse|p1a: sun? no way!\n|-damage|p1a: sun? no way!|0 fnt\n|faint|p1a: sun? no way!\n|move|p1b: Giblin|Matcha Gotcha|p2b: THE GUN|[spread] p2a,p2b\n|-resisted|p2a: THE WALL|1\n|-supereffective|p2b: THE GUN|1\n|-damage|p2a: THE WALL|13/100\n|-damage|p2b: THE GUN|0 fnt\n|-status|p2a: THE WALL|brn\n|faint|p2b: THE GUN\n|move|p2a: THE WALL|Rest|p2a: THE WALL\n|-status|p2a: THE WALL|slp|[from] move: Rest\n|-heal|p2a: THE WALL|100/100 slp|[silent]\n|\n|-weather|none\n|upkeep\n|\n|t:|1776058932\n|switch|p1a: The Jobber|Glimmora-Mega, L50, F, shiny|100/100\n|turn|11\n|-message|Couch Potato309 forfeited.\n|\n|win|Stinko Man\n|l|\u2606Couch Potato309\n|player|p2|\n",
  "uploadtime": 1776059542,
  "views": 11,
  "formatid": "gen9championsvgc2026regma",
  "rating": null,
  "private": 0,
  "password": null
}