{
  "id": "gen9championsvgc2026regma-2585118361",
  "format": "[Gen 9 Champions] VGC 2026 Reg M-A",
  "players": [
    "VGC Retro",
    "russelini"
  ],
  "log": "|j|\u2606VGC Retro\n|j|\u2606russelini\n|t:|1776313884\n|gametype|doubles\n|player|p1|VGC Retro|unknown|1080\n|player|p2|russelini|1|1039\n|gen|9\n|tier|[Gen 9 Champions] VGC 2026 Reg M-A\n|rated|\n|rule|Species Clause: Limit one of each Pok\u00e9mon\n|rule|Item Clause: Limit 1 of each item\n|clearpoke\n|poke|p1|Sinistcha, L50|\n|poke|p1|Starmie, L50|\n|poke|p1|Sneasler, L50, M|\n|poke|p1|Sableye, L50, F|\n|poke|p1|Milotic, L50, F|\n|poke|p1|Alcremie, L50, F|\n|poke|p2|Sinistcha-Masterpiece, L50|\n|poke|p2|Tyranitar, L50, M|\n|poke|p2|Garchomp, L50, M|\n|poke|p2|Rotom-Wash, L50|\n|poke|p2|Lucario, L50, M|\n|poke|p2|Incineroar, L50, M|\n|teampreview|4\n|inactive|Battle timer is ON: inactive players will automatically lose when time's up. (requested by VGC Retro)\n|\n|t:|1776313903\n|teamsize|p1|4\n|teamsize|p2|4\n|start\n|switch|p1a: Milotic|Milotic, L50, F|100/100\n|switch|p1b: Sneasler|Sneasler, L50, M|100/100\n|switch|p2a: Tyranitar|Tyranitar, L50, M, shiny|100/100\n|switch|p2b: Garchomp|Garchomp, L50, M|100/100\n|-weather|Sandstorm|[from] ability: Sand Stream|[of] p2a: Tyranitar\n|turn|1\n|\n|t:|1776313921\n|move|p2a: Tyranitar|Protect|p2a: Tyranitar\n|-singleturn|p2a: Tyranitar|Protect\n|move|p1b: Sneasler|Close Combat|p2a: Tyranitar\n|-activate|p2a: Tyranitar|move: Protect\n|move|p2b: Garchomp|Earthquake|p1a: Milotic|[spread] p1a,p1b\n|-activate|p2a: Tyranitar|move: Protect\n|-supereffective|p1b: Sneasler|1\n|-damage|p1a: Milotic|49/100\n|-damage|p1b: Sneasler|0 fnt\n|faint|p1b: Sneasler\n|move|p1a: Milotic|Muddy Water|p2a: Tyranitar|[spread] p2b\n|-activate|p2a: Tyranitar|move: Protect\n|-damage|p2b: Garchomp|66/100\n|-unboost|p2b: Garchomp|accuracy|1\n|\n|-weather|Sandstorm|[upkeep]\n|-damage|p1a: Milotic|43/100|[from] Sandstorm\n|upkeep\n|\n|t:|1776313929\n|switch|p1b: Iroh's Teaset|Sinistcha, L50|100/100\n|-heal|p1a: Milotic|67/100|[from] ability: Hospitality|[of] p1b: Iroh's Teaset\n|turn|2\n|inactive|russelini has 30 seconds left.\n|\n|t:|1776313959\n|switch|p2a: Sinistcha|Sinistcha-Masterpiece, L50, shiny|100/100\n|-heal|p2b: Garchomp|91/100|[from] ability: Hospitality|[of] p2a: Sinistcha\n|move|p2b: Garchomp|Rock Slide|p1a: Milotic|[spread] p1b\n|-miss|p2b: Garchomp|p1a: Milotic\n|-damage|p1b: Iroh's Teaset|88/100\n|move|p1a: Milotic|Muddy Water|p2b: Garchomp|[spread] p2a,p2b\n|-resisted|p2a: Sinistcha|1\n|-damage|p2a: Sinistcha|80/100\n|-damage|p2b: Garchomp|56/100\n|move|p1b: Iroh's Teaset|Matcha Gotcha|p2a: Sinistcha|[spread] p2a\n|-miss|p1b: Iroh's Teaset|p2b: Garchomp\n|-resisted|p2a: Sinistcha|1\n|-damage|p2a: Sinistcha|67/100\n|-heal|p1b: Iroh's Teaset|94/100|[from] drain|[of] p2a: Sinistcha\n|\n|-weather|Sandstorm|[upkeep]\n|-damage|p1a: Milotic|61/100|[from] Sandstorm\n|-damage|p2a: Sinistcha|61/100|[from] Sandstorm\n|-damage|p1b: Iroh's Teaset|88/100|[from] Sandstorm\n|-heal|p2a: Sinistcha|67/100|[from] item: Leftovers\n|upkeep\n|turn|3\n|inactive|VGC Retro has 30 seconds left.\n|\n|t:|1776313986\n|move|p2b: Garchomp|Protect|p2b: Garchomp\n|-singleturn|p2b: Garchomp|Protect\n|move|p1a: Milotic|Protect|p1a: Milotic\n|-singleturn|p1a: Milotic|Protect\n|move|p1b: Iroh's Teaset|Scald|p2b: Garchomp\n|-activate|p2b: Garchomp|move: Protect\n|move|p2a: Sinistcha|Matcha Gotcha|p1b: Iroh's Teaset|[spread] p1b\n|-activate|p1a: Milotic|move: Protect\n|-resisted|p1b: Iroh's Teaset|1\n|-damage|p1b: Iroh's Teaset|70/100\n|-heal|p2a: Sinistcha|76/100|[from] drain|[of] p1b: Iroh's Teaset\n|-status|p1b: Iroh's Teaset|brn\n|\n|-weather|Sandstorm|[upkeep]\n|-damage|p1a: Milotic|55/100|[from] Sandstorm\n|-damage|p1b: Iroh's Teaset|64/100 brn|[from] Sandstorm\n|-damage|p2a: Sinistcha|70/100|[from] Sandstorm\n|-heal|p2a: Sinistcha|76/100|[from] item: Leftovers\n|-damage|p1b: Iroh's Teaset|58/100 brn|[from] brn\n|upkeep\n|turn|4\n|inactive|russelini has 30 seconds left.\n|\n|t:|1776314011\n|move|p2b: Garchomp|Dragon Claw|p1a: Milotic|[miss]\n|-miss|p2b: Garchomp|p1a: Milotic\n|move|p1a: Milotic|Life Dew|p1a: Milotic|[spread] p1a,p1b\n|-heal|p1a: Milotic|81/100\n|-heal|p1b: Iroh's Teaset|83/100 brn\n|move|p2a: Sinistcha|Matcha Gotcha|p1b: Iroh's Teaset|[spread] p1a,p1b\n|-supereffective|p1a: Milotic|1\n|-resisted|p1b: Iroh's Teaset|1\n|-damage|p1a: Milotic|38/100\n|-heal|p2a: Sinistcha|99/100|[from] drain|[of] p1a: Milotic\n|-damage|p1b: Iroh's Teaset|63/100 brn\n|-heal|p2a: Sinistcha|100/100|[from] drain|[of] p1b: Iroh's Teaset\n|move|p1b: Iroh's Teaset|Matcha Gotcha|p2a: Sinistcha|[spread] p2a,p2b\n|-resisted|p2a: Sinistcha|1\n|-damage|p2a: Sinistcha|85/100\n|-heal|p1b: Iroh's Teaset|71/100 brn|[from] drain|[of] p2a: Sinistcha\n|-damage|p2b: Garchomp|28/100\n|-heal|p1b: Iroh's Teaset|85/100 brn|[from] drain|[of] p2b: Garchomp\n|\n|-weather|Sandstorm|[upkeep]\n|-damage|p1a: Milotic|32/100|[from] Sandstorm\n|-damage|p1b: Iroh's Teaset|79/100 brn|[from] Sandstorm\n|-damage|p2a: Sinistcha|79/100|[from] Sandstorm\n|-heal|p2a: Sinistcha|85/100|[from] item: Leftovers\n|-damage|p1b: Iroh's Teaset|73/100 brn|[from] brn\n|upkeep\n|turn|5\n|inactive|russelini has 30 seconds left.\n|inactive|VGC Retro has 30 seconds left.\n|\n|t:|1776314044\n|move|p2b: Garchomp|Protect|p2b: Garchomp\n|-singleturn|p2b: Garchomp|Protect\n|move|p1a: Milotic|Icy Wind|p2a: Sinistcha|[spread] p2a\n|-activate|p2b: Garchomp|move: Protect\n|-supereffective|p2a: Sinistcha|1\n|-damage|p2a: Sinistcha|54/100\n|-unboost|p2a: Sinistcha|spe|1\n|move|p1b: Iroh's Teaset|Matcha Gotcha|p2b: Garchomp|[spread] p2a\n|-activate|p2b: Garchomp|move: Protect\n|-resisted|p2a: Sinistcha|1\n|-damage|p2a: Sinistcha|40/100\n|-heal|p1b: Iroh's Teaset|80/100 brn|[from] drain|[of] p2a: Sinistcha\n|-status|p2a: Sinistcha|brn\n|move|p2a: Sinistcha|Matcha Gotcha|p1b: Iroh's Teaset|[spread] p1a\n|-miss|p2a: Sinistcha|p1b: Iroh's Teaset\n|-supereffective|p1a: Milotic|1\n|-damage|p1a: Milotic|0 fnt\n|-heal|p2a: Sinistcha|58/100 brn|[from] drain|[of] p1a: Milotic\n|faint|p1a: Milotic\n|\n|-weather|none\n|-heal|p2a: Sinistcha|65/100 brn|[from] item: Leftovers\n|-damage|p1b: Iroh's Teaset|74/100 brn|[from] brn\n|-damage|p2a: Sinistcha|58/100 brn|[from] brn\n|upkeep\n|\n|t:|1776314047\n|switch|p1a: Starmie|Starmie, L50|100/100\n|turn|6\n|inactive|russelini has 30 seconds left.\n|\n|t:|1776314077\n|detailschange|p1a: Starmie|Starmie-Mega, L50\n|-mega|p1a: Starmie|Starmie|Starminite\n|move|p1a: Starmie|Psycho Cut|p2a: Sinistcha\n|-damage|p2a: Sinistcha|4/100 brn\n|move|p2b: Garchomp|Rock Slide|p1a: Starmie|[spread] p1a,p1b\n|-damage|p1a: Starmie|77/100\n|-damage|p1b: Iroh's Teaset|60/100 brn\n|move|p1b: Iroh's Teaset|Matcha Gotcha|p2b: Garchomp|[spread] p2a,p2b\n|-resisted|p2a: Sinistcha|1\n|-damage|p2a: Sinistcha|0 fnt\n|-heal|p1b: Iroh's Teaset|62/100 brn|[from] drain|[of] p2a: Sinistcha\n|-damage|p2b: Garchomp|2/100\n|-heal|p1b: Iroh's Teaset|76/100 brn|[from] drain|[of] p2b: Garchomp\n|faint|p2a: Sinistcha\n|\n|-damage|p1b: Iroh's Teaset|70/100 brn|[from] brn\n|upkeep\n|\n|t:|1776314097\n|switch|p2a: Lucario|Lucario, L50, M|100/100\n|turn|7\n|\n|t:|1776314118\n|detailschange|p2a: Lucario|Lucario-Mega, L50, M\n|-mega|p2a: Lucario|Lucario|Lucarionite\n|move|p1a: Starmie|Protect|p1a: Starmie\n|-singleturn|p1a: Starmie|Protect\n|move|p2b: Garchomp|Protect|p2b: Garchomp\n|-singleturn|p2b: Garchomp|Protect\n|move|p2a: Lucario|Flash Cannon|p1b: Iroh's Teaset\n|-damage|p1b: Iroh's Teaset|0 fnt\n|faint|p1b: Iroh's Teaset\n|\n|upkeep\n|turn|8\n|\n|t:|1776314135\n|move|p1a: Starmie|Psycho Cut|p2a: Lucario\n|-damage|p2a: Lucario|15/100\n|move|p2a: Lucario|Flash Cannon|p1a: Starmie\n|-resisted|p1a: Starmie|1\n|-damage|p1a: Starmie|39/100\n|move|p2b: Garchomp|Dragon Claw|p1a: Starmie\n|-damage|p1a: Starmie|0 fnt\n|faint|p1a: Starmie\n|\n|win|russelini\n|raw|VGC Retro's rating: 1080 &rarr; <strong>1055</strong><br />(-25 for losing)\n|raw|russelini's rating: 1039 &rarr; <strong>1077</strong><br />(+38 for winning)\n|l|\u2606VGC Retro\n|player|p1|\n|c|\u2606russelini|gg\n",
  "uploadtime": 1776314199,
  "views": 20,
  "formatid": "gen9championsvgc2026regma",
  "rating": 1055,
  "private": 0,
  "password": null
}