{
  "id": "gen9championsvgc2026regma-2583447527",
  "format": "[Gen 9 Champions] VGC 2026 Reg M-A",
  "players": [
    "Treeckoguy1",
    "doodle0205"
  ],
  "log": "|j|\u2606Treeckoguy1\n|j|\u2606doodle0205\n|t:|1776176267\n|gametype|doubles\n|player|p1|Treeckoguy1|266|1226\n|player|p2|doodle0205|101|1230\n|gen|9\n|tier|[Gen 9 Champions] VGC 2026 Reg M-A\n|rated|\n|rule|Species Clause: Limit one of each Pok\u00e9mon\n|rule|Item Clause: Limit 1 of each item\n|clearpoke\n|poke|p1|Politoed, L50, F|\n|poke|p1|Basculegion, L50, M|\n|poke|p1|Mimikyu, L50, F|\n|poke|p1|Avalugg-Hisui, L50, M|\n|poke|p1|Chesnaught, L50, M|\n|poke|p1|Dragonite, L50, M|\n|poke|p2|Froslass, L50, F|\n|poke|p2|Rotom-Frost, L50|\n|poke|p2|Garchomp, L50, F|\n|poke|p2|Incineroar, L50, M|\n|poke|p2|Empoleon, L50, M|\n|poke|p2|Kingambit, L50, F|\n|teampreview|4\n|inactive|Battle timer is ON: inactive players will automatically lose when time's up. (requested by doodle0205)\ndoodle0205 rejected open team sheets.\n|inactive|Treeckoguy1 has 60 seconds left.\n|inactive|Treeckoguy1 has 30 seconds left.\n|inactive|Treeckoguy1 has 20 seconds left.\n|\n|t:|1776176342\n|teamsize|p1|4\n|teamsize|p2|4\n|start\n|switch|p1a: Basculegion|Basculegion, L50, M|100/100\n|switch|p1b: Avalugg|Avalugg-Hisui, L50, M|100/100\n|switch|p2a: Kingambit|Kingambit, L50, F|100/100\n|switch|p2b: Froslass|Froslass, L50, F|100/100\n|turn|1\n|inactive|Treeckoguy1 has 30 seconds left.\n|inactive|Treeckoguy1 has 20 seconds left.\n|\n|t:|1776176382\n|switch|p1a: Politoed|Politoed, L50, F|100/100\n|-weather|RainDance|[from] ability: Drizzle|[of] p1a: Politoed\n|detailschange|p2b: Froslass|Froslass-Mega, L50, F\n|-mega|p2b: Froslass|Froslass|Froslassite\n|-weather|Snowscape|[from] ability: Snow Warning|[of] p2b: Froslass\n|move|p2a: Kingambit|Sucker Punch||[still]\n|-fail|p2a: Kingambit\n|move|p2b: Froslass|Shadow Ball|p1b: Avalugg\n|-ability|p1b: Avalugg|Sturdy\n|-damage|p1b: Avalugg|1/100\n|move|p1b: Avalugg|Rock Slide|p2a: Kingambit|[spread] p2b\n|-miss|p1b: Avalugg|p2a: Kingambit\n|-supereffective|p2b: Froslass|1\n|-damage|p2b: Froslass|35/100\n|\n|-weather|Snowscape|[upkeep]\n|upkeep\n|turn|2\n|inactive|Treeckoguy1 has 30 seconds left.\n|\n|t:|1776176410\n|switch|p1a: Chesnaught|Chesnaught, L50, M|100/100\n|move|p1b: Avalugg|Wide Guard|p1b: Avalugg\n|-singleturn|p1b: Avalugg|Wide Guard\n|move|p2a: Kingambit|Sucker Punch||[still]\n|-fail|p2a: Kingambit\n|move|p2b: Froslass|Blizzard|p1b: Avalugg|[spread] \n|-activate|p1a: Chesnaught|move: Wide Guard\n|-activate|p1b: Avalugg|move: Wide Guard\n|\n|-weather|Snowscape|[upkeep]\n|upkeep\n|turn|3\n|-activate|p1b: Avalugg|item: Quick Claw\n|\n|t:|1776176430\n|detailschange|p1a: Chesnaught|Chesnaught-Mega, L50, M\n|-mega|p1a: Chesnaught|Chesnaught|Chesnaughtite\n|move|p2b: Froslass|Protect|p2b: Froslass\n|-singleturn|p2b: Froslass|Protect\n|move|p1b: Avalugg|Wide Guard|p1b: Avalugg\n|-singleturn|p1b: Avalugg|Wide Guard\n|move|p2a: Kingambit|Low Kick|p1b: Avalugg\n|-supereffective|p1b: Avalugg|2\n|-damage|p1b: Avalugg|0 fnt\n|faint|p1b: Avalugg\n|move|p1a: Chesnaught|Knock Off|p2b: Froslass\n|-activate|p2b: Froslass|move: Protect\n|\n|-weather|Snowscape|[upkeep]\n|upkeep\n|\n|t:|1776176435\n|switch|p1b: Politoed|Politoed, L50, F|100/100\n|-weather|RainDance|[from] ability: Drizzle|[of] p1b: Politoed\n|turn|4\n|inactive|Treeckoguy1 has 30 seconds left.\n|\n|t:|1776176464\n|switch|p1b: Basculegion|Basculegion, L50, M|100/100\n|move|p2b: Froslass|Blizzard|p1a: Chesnaught|[spread] p1a,p1b\n|-supereffective|p1a: Chesnaught|1\n|-resisted|p1b: Basculegion|1\n|-damage|p1a: Chesnaught|29/100\n|-damage|p1b: Basculegion|74/100\n|-status|p1b: Basculegion|frz\n|move|p2a: Kingambit|Iron Head|p1a: Chesnaught\n|-damage|p1a: Chesnaught|6/100\n|move|p1a: Chesnaught|Body Press|p2a: Kingambit\n|-supereffective|p2a: Kingambit|2\n|-enditem|p2a: Kingambit|Focus Sash\n|-damage|p2a: Kingambit|1/100\n|\n|-weather|RainDance|[upkeep]\n|upkeep\n|turn|5\n|\n|t:|1776176487\n|cant|p1b: Basculegion|frz\n|move|p2a: Kingambit|Sucker Punch|p1a: Chesnaught\n|-resisted|p1a: Chesnaught|1\n|-damage|p1a: Chesnaught|0 fnt\n|faint|p1a: Chesnaught\n|move|p2b: Froslass|Shadow Ball|p1b: Basculegion\n|-supereffective|p1b: Basculegion|1\n|-damage|p1b: Basculegion|0 fnt\n|faint|p1b: Basculegion\n|\n|-weather|RainDance|[upkeep]\n|upkeep\n|\n|t:|1776176491\n|switch|p1b: Politoed|Politoed, L50, F|100/100\n|turn|6\n|\n|t:|1776176499\n|move|p2a: Kingambit|Sucker Punch|p1b: Politoed\n|-damage|p1b: Politoed|68/100\n|move|p2b: Froslass|Shadow Ball|p1b: Politoed\n|-damage|p1b: Politoed|20/100\n|-enditem|p1b: Politoed|Sitrus Berry|[eat]\n|-heal|p1b: Politoed|45/100|[from] item: Sitrus Berry\n|move|p1b: Politoed|Muddy Water|p2a: Kingambit|[spread] p2a,p2b\n|-crit|p2a: Kingambit\n|-damage|p2a: Kingambit|0 fnt\n|-damage|p2b: Froslass|0 fnt\n|faint|p2a: Kingambit\n|faint|p2b: Froslass\n|\n|-weather|RainDance|[upkeep]\n|upkeep\n|\n|t:|1776176505\n|switch|p2b: Incineroar|Incineroar, L50, M|100/100\n|switch|p2a: Rotom|Rotom-Frost, L50|100/100\n|-ability|p2b: Incineroar|Intimidate|boost\n|-unboost|p1b: Politoed|atk|1\n|turn|7\n|\n|t:|1776176511\n|move|p2b: Incineroar|Fake Out|p1b: Politoed\n|-damage|p1b: Politoed|32/100\n|move|p2a: Rotom|Thunderbolt|p1b: Politoed\n|-supereffective|p1b: Politoed|1\n|-damage|p1b: Politoed|0 fnt\n|faint|p1b: Politoed\n|\n|win|doodle0205\n|raw|Treeckoguy1's rating: 1226 &rarr; <strong>1201</strong><br />(-25 for losing)\n|raw|doodle0205's rating: 1230 &rarr; <strong>1255</strong><br />(+25 for winning)\n|l|\u2606doodle0205\n|player|p2|\n|l|\u2606Treeckoguy1\n|player|p1|\n|j|\u2606Treeckoguy1\n|player|p1|Treeckoguy1|266|\n",
  "uploadtime": 1776177861,
  "views": 37,
  "formatid": "gen9championsvgc2026regma",
  "rating": 1201,
  "private": 0,
  "password": null
}