{
  "id": "gen9championsvgc2026regma-2582926518",
  "format": "[Gen 9 Champions] VGC 2026 Reg M-A",
  "players": [
    "Pedimgg",
    "Piko"
  ],
  "log": "|j|\u2606Pedimgg\n|j|\u2606Piko\n|t:|1776125625\n|gametype|doubles\n|player|p1|Pedimgg|2|1108\n|player|p2|Piko|169|1164\n|gen|9\n|tier|[Gen 9 Champions] VGC 2026 Reg M-A\n|rated|\n|rule|Species Clause: Limit one of each Pok\u00e9mon\n|rule|Item Clause: Limit 1 of each item\n|clearpoke\n|poke|p1|Gallade, L50, M|\n|poke|p1|Oranguru, L50, M|\n|poke|p1|Ampharos, L50, M|\n|poke|p1|Clefable, L50, F|\n|poke|p1|Incineroar, L50, F|\n|poke|p1|Pangoro, L50, M|\n|poke|p2|Sneasler, L50, M|\n|poke|p2|Rotom-Wash, L50|\n|poke|p2|Gallade, L50, M|\n|poke|p2|Charizard, L50, F|\n|poke|p2|Venusaur, L50, M|\n|poke|p2|Garchomp, L50, M|\n|teampreview|4\n|inactive|Battle timer is ON: inactive players will automatically lose when time's up. (requested by Pedimgg)\n|inactive|Piko has 60 seconds left.\n|\n|t:|1776125665\n|teamsize|p1|4\n|teamsize|p2|4\n|start\n|switch|p1a: Gallade|Gallade, L50, M|100/100\n|switch|p1b: Incineroar|Incineroar, L50, F|100/100\n|switch|p2a: Charizard|Charizard, L50, F|100/100\n|switch|p2b: Venusaur|Venusaur, L50, M|100/100\n|-ability|p1b: Incineroar|Intimidate|boost\n|-unboost|p2a: Charizard|atk|1\n|-unboost|p2b: Venusaur|atk|1\n|turn|1\n|\n|t:|1776125681\n|move|p2a: Charizard|Protect|p2a: Charizard\n|-singleturn|p2a: Charizard|Protect\n|move|p2b: Venusaur|Protect|p2b: Venusaur\n|-singleturn|p2b: Venusaur|Protect\n|move|p1b: Incineroar|Fake Out|p2b: Venusaur\n|-activate|p2b: Venusaur|move: Protect\n|move|p1a: Gallade|Aqua Cutter|p2a: Charizard\n|-activate|p2a: Charizard|move: Protect\n|\n|upkeep\n|turn|2\n|\n|t:|1776125700\n|detailschange|p2a: Charizard|Charizard-Mega-Y, L50, F\n|-mega|p2a: Charizard|Charizard|Charizardite Y\n|-weather|SunnyDay|[from] ability: Drought|[of] p2a: Charizard\n|move|p2b: Venusaur|Sleep Powder|p1a: Gallade\n|-status|p1a: Gallade|slp|[from] move: Sleep Powder\n|move|p2a: Charizard|Heat Wave|p1a: Gallade|[spread] p1b\n|-miss|p2a: Charizard|p1a: Gallade\n|-resisted|p1b: Incineroar|1\n|-damage|p1b: Incineroar|66/100\n|cant|p1a: Gallade|slp\n|move|p1b: Incineroar|Parting Shot|p2a: Charizard\n|-unboost|p2a: Charizard|atk|1\n|-unboost|p2a: Charizard|spa|1\n|\n|t:|1776125716\n|switch|p1b: Oranguru|Oranguru, L50, M|100/100|[from] Parting Shot\n|\n|-weather|SunnyDay|[upkeep]\n|upkeep\n|turn|3\n|\n|t:|1776125740\n|switch|p2a: Rotom|Rotom-Wash, L50|100/100\n|move|p2b: Venusaur|Leaf Storm|p1a: Gallade\n|-damage|p1a: Gallade|39/100 slp\n|-unboost|p2b: Venusaur|spa|2\n|-curestatus|p1a: Gallade|slp|[msg]\n|move|p1a: Gallade|Psycho Cut|p2b: Venusaur\n|-supereffective|p2b: Venusaur|1\n|-enditem|p2b: Venusaur|Focus Sash\n|-damage|p2b: Venusaur|1/100\n|move|p1b: Oranguru|Trick Room|p1b: Oranguru\n|-fieldstart|move: Trick Room|[of] p1b: Oranguru\n|\n|-weather|SunnyDay|[upkeep]\n|upkeep\n|turn|4\n|\n|t:|1776125761\n|move|p2b: Venusaur|Protect|p2b: Venusaur\n|-singleturn|p2b: Venusaur|Protect\n|move|p1b: Oranguru|Knock Off|p2b: Venusaur\n|-activate|p2b: Venusaur|move: Protect\n|move|p2a: Rotom|Discharge|p1a: Gallade|[spread] p1a,p1b\n|-activate|p2b: Venusaur|move: Protect\n|-damage|p1a: Gallade|7/100\n|-damage|p1b: Oranguru|80/100\n|move|p1a: Gallade|Leaf Blade|p2a: Rotom\n|-supereffective|p2a: Rotom|1\n|-damage|p2a: Rotom|0 fnt\n|faint|p2a: Rotom\n|\n|-weather|SunnyDay|[upkeep]\n|upkeep\n|\n|t:|1776125778\n|switch|p2a: Charizard|Charizard-Mega-Y, L50, F|100/100\n|turn|5\n|\n|t:|1776125789\n|switch|p2b: Garchomp|Garchomp, L50, M|100/100\n|move|p2a: Charizard|Protect|p2a: Charizard\n|-singleturn|p2a: Charizard|Protect\n|move|p1b: Oranguru|Knock Off|p2b: Garchomp\n|-damage|p2b: Garchomp|86/100\n|-damage|p1b: Oranguru|68/100|[from] ability: Rough Skin|[of] p2b: Garchomp\n|-enditem|p2b: Garchomp|Choice Scarf|[from] move: Knock Off|[of] p1b: Oranguru\n|move|p1a: Gallade|Psycho Cut|p2a: Charizard\n|-activate|p2a: Charizard|move: Protect\n|\n|-weather|SunnyDay|[upkeep]\n|upkeep\n|turn|6\n|\n|t:|1776125814\n|switch|p2a: Venusaur|Venusaur, L50, M|1/100\n|move|p1b: Oranguru|Psychic|p2a: Venusaur\n|-supereffective|p2a: Venusaur|1\n|-damage|p2a: Venusaur|0 fnt\n|faint|p2a: Venusaur\n|move|p1a: Gallade|Psycho Cut|p2b: Garchomp\n|-damage|p2b: Garchomp|24/100\n|move|p2b: Garchomp|Bulldoze|p1a: Gallade|[spread] p1a,p1b\n|-damage|p1a: Gallade|0 fnt\n|-damage|p1b: Oranguru|47/100\n|-unboost|p1b: Oranguru|spe|1\n|-enditem|p1b: Oranguru|Sitrus Berry|[eat]\n|-heal|p1b: Oranguru|72/100|[from] item: Sitrus Berry\n|faint|p1a: Gallade\n|\n|-weather|none\n|upkeep\n|\n|t:|1776125831\n|switch|p1a: Ampharos|Ampharos, L50, M|100/100\n|switch|p2a: Charizard|Charizard-Mega-Y, L50, F|100/100\n|-weather|SunnyDay|[from] ability: Drought|[of] p2a: Charizard\n|turn|7\n|\n|t:|1776125849\n|detailschange|p1a: Ampharos|Ampharos-Mega, L50, M\n|-mega|p1a: Ampharos|Ampharos|Ampharosite\n|-ability|p1a: Ampharos|Mold Breaker\n|move|p2a: Charizard|Protect|p2a: Charizard\n|-singleturn|p2a: Charizard|Protect\n|move|p1b: Oranguru|Psychic|p2b: Garchomp\n|-damage|p2b: Garchomp|0 fnt\n|faint|p2b: Garchomp\n|move|p1a: Ampharos|Dazzling Gleam|p2a: Charizard\n|-activate|p2a: Charizard|move: Protect\n|\n|-weather|SunnyDay|[upkeep]\n|-fieldend|move: Trick Room\n|upkeep\n|turn|8\n|\n|t:|1776125871\n|move|p1a: Ampharos|Protect|p1a: Ampharos\n|-singleturn|p1a: Ampharos|Protect\n|move|p2a: Charizard|Heat Wave|p1a: Ampharos|[spread] p1b\n|-activate|p1a: Ampharos|move: Protect\n|-damage|p1b: Oranguru|28/100\n|move|p1b: Oranguru|Trick Room|p1b: Oranguru\n|-fieldstart|move: Trick Room|[of] p1b: Oranguru\n|\n|-weather|SunnyDay|[upkeep]\n|upkeep\n|turn|9\n|-message|Piko forfeited.\n|\n|win|Pedimgg\n|raw|Pedimgg's rating: 1108 &rarr; <strong>1137</strong><br />(+29 for winning)\n|raw|Piko's rating: 1164 &rarr; <strong>1135</strong><br />(-29 for losing)\n|l|\u2606Piko\n|player|p2|\n",
  "uploadtime": 1776125885,
  "views": 20,
  "formatid": "gen9championsvgc2026regma",
  "rating": 1135,
  "private": 0,
  "password": null
}