{
  "id": "gen9championsvgc2026regma-2581530098",
  "format": "[Gen 9 Champions] VGC 2026 Reg M-A",
  "players": [
    "darksol1111",
    "kaseyQ"
  ],
  "log": "|j|\u2606darksol1111\n|j|\u2606kaseyQ\n|t:|1776008569\n|gametype|doubles\n|player|p1|darksol1111|veteran|1058\n|player|p2|kaseyQ|170|1000\n|gen|9\n|tier|[Gen 9 Champions] VGC 2026 Reg M-A\n|rated|\n|rule|Species Clause: Limit one of each Pok\u00e9mon\n|rule|Item Clause: Limit 1 of each item\n|clearpoke\n|poke|p1|Floette-Eternal, L50, F|\n|poke|p1|Whimsicott, L50, M|\n|poke|p1|Incineroar, L50, M|\n|poke|p1|Garchomp, L50, M|\n|poke|p1|Froslass, L50, F|\n|poke|p1|Orthworm, L50, F|\n|poke|p2|Clefable, L50, M|\n|poke|p2|Alakazam, L50, F|\n|poke|p2|Bellibolt, L50, F|\n|poke|p2|Avalugg-Hisui, L50, M|\n|poke|p2|Drampa, L50, F|\n|poke|p2|Incineroar, L50, F|\n|teampreview|4\ndarksol1111 has agreed to open team sheets.\n|\n|t:|1776008589\n|teamsize|p1|4\n|teamsize|p2|4\n|start\n|switch|p1a: Floette|Floette-Eternal, L50, F|100/100\n|switch|p1b: Incineroar|Incineroar, L50, M|100/100\n|switch|p2a: Clefable|Clefable, L50, M|100/100\n|switch|p2b: Alakazam|Alakazam, L50, F|100/100\n|-ability|p1b: Incineroar|Intimidate|boost\n|-unboost|p2a: Clefable|atk|1\n|-fail|p2b: Alakazam|unboost|Attack|[from] ability: Inner Focus|[of] p2b: Alakazam\n|turn|1\n|\n|t:|1776008608\n|detailschange|p1a: Floette|Floette-Mega, L50, F\n|-mega|p1a: Floette|Floette|Floettite\n|-ability|p1a: Floette|Fairy Aura\n|move|p2a: Clefable|Follow Me|p2a: Clefable\n|-singleturn|p2a: Clefable|move: Follow Me\n|move|p1a: Floette|Dazzling Gleam|p2a: Clefable|[spread] p2a,p2b\n|-damage|p2a: Clefable|56/100\n|-damage|p2b: Alakazam|61/100\n|move|p1b: Incineroar|Darkest Lariat|p2a: Clefable\n|-resisted|p2a: Clefable|1\n|-damage|p2a: Clefable|39/100\n|move|p2b: Alakazam|Trick Room|p2b: Alakazam\n|-fieldstart|move: Trick Room|[of] p2b: Alakazam\n|\n|-heal|p2a: Clefable|45/100|[from] item: Leftovers\n|upkeep\n|turn|2\n|\n|t:|1776008649\n|switch|p2b: Incineroar|Incineroar, L50, F|100/100\n|-ability|p2b: Incineroar|Intimidate|boost\n|-unboost|p1a: Floette|atk|1\n|-unboost|p1b: Incineroar|atk|1\n|move|p1b: Incineroar|Flare Blitz|p2a: Clefable\n|-damage|p2a: Clefable|14/100\n|-damage|p1b: Incineroar|92/100|[from] Recoil\n|move|p2a: Clefable|Wonder Room|p2a: Clefable\n|-fieldstart|move: Wonder Room|[of] p2a: Clefable\n|move|p1a: Floette|Dazzling Gleam|p2b: Incineroar|[spread] p2a,p2b\n|-damage|p2a: Clefable|0 fnt\n|-damage|p2b: Incineroar|48/100\n|faint|p2a: Clefable\n|\n|upkeep\n|\n|t:|1776008680\n|switch|p2a: Alakazam|Alakazam, L50, F|61/100\n|turn|3\n|inactive|Battle timer is ON: inactive players will automatically lose when time's up. (requested by darksol1111)\n|\n|t:|1776008720\n|detailschange|p2a: Alakazam|Alakazam-Mega, L50, F\n|-mega|p2a: Alakazam|Alakazam|Alakazite\n|-ability|p2a: Alakazam|Intimidate|Trace|[from] ability: Trace|[of] p1b: Incineroar\n|-ability|p2a: Alakazam|Intimidate|boost\n|-unboost|p1a: Floette|atk|1\n|-unboost|p1b: Incineroar|atk|1\n|move|p2b: Incineroar|Fake Out|p1a: Floette\n|-damage|p1a: Floette|89/100\n|move|p1b: Incineroar|Darkest Lariat|p2a: Alakazam\n|-supereffective|p2a: Alakazam|1\n|-crit|p2a: Alakazam\n|-damage|p2a: Alakazam|0 fnt\n|faint|p2a: Alakazam\n|cant|p1a: Floette|flinch\n|\n|upkeep\n|\n|t:|1776008735\n|switch|p2a: Drampa|Drampa, L50, F|100/100\n|-ability|p2a: Drampa|Cloud Nine\n|turn|4\n|inactive|kaseyQ has 30 seconds left.\n|\n|t:|1776008764\n|move|p2a: Drampa|Flamethrower|p1a: Floette\n|-damage|p1a: Floette|55/100\n|move|p2b: Incineroar|Darkest Lariat|p1b: Incineroar\n|-resisted|p1b: Incineroar|1\n|-damage|p1b: Incineroar|70/100\n|move|p1b: Incineroar|Parting Shot|p2a: Drampa\n|-unboost|p2a: Drampa|atk|1\n|-unboost|p2a: Drampa|spa|1\n|\n|t:|1776008774\n|switch|p1b: Whimsicott|Whimsicott, L50, M|100/100|[from] Parting Shot\n|-enditem|p2a: Drampa|White Herb\n|-clearnegativeboost|p2a: Drampa|[silent]\n|move|p1a: Floette|Moonblast|p2a: Drampa\n|-supereffective|p2a: Drampa|1\n|-damage|p2a: Drampa|0 fnt\n|faint|p2a: Drampa\n|\n|upkeep\n|turn|5\n|\n|t:|1776008795\n|switch|p1b: Incineroar|Incineroar, L50, M|70/100\n|-ability|p1b: Incineroar|Intimidate|boost\n|-unboost|p2b: Incineroar|atk|1\n|move|p2b: Incineroar|Flare Blitz|p1b: Incineroar\n|-resisted|p1b: Incineroar|1\n|-damage|p1b: Incineroar|51/100\n|-damage|p2b: Incineroar|42/100|[from] Recoil\n|move|p1a: Floette|Draining Kiss|p2b: Incineroar\n|-damage|p2b: Incineroar|1/100\n|-heal|p1a: Floette|97/100|[from] drain|[of] p2b: Incineroar\n|\n|-fieldend|move: Trick Room\n|upkeep\n|turn|6\n|\n|t:|1776008813\n|move|p1a: Floette|Protect|p1a: Floette\n|-singleturn|p1a: Floette|Protect\n|move|p1b: Incineroar|Parting Shot|p2b: Incineroar\n|-unboost|p2b: Incineroar|atk|1\n|-unboost|p2b: Incineroar|spa|1\n|\n|t:|1776008818\n|switch|p1b: Garchomp|Garchomp, L50, M|100/100|[from] Parting Shot\n|move|p2b: Incineroar|Darkest Lariat|p1b: Garchomp\n|-damage|p1b: Garchomp|78/100\n|-damage|p2b: Incineroar|0 fnt|[from] ability: Rough Skin|[of] p1b: Garchomp\n|faint|p2b: Incineroar\n|\n|win|darksol1111\n|raw|darksol1111's rating: 1058 &rarr; <strong>1084</strong><br />(+26 for winning)\n|raw|kaseyQ's rating: 1000 &rarr; <strong>1000</strong><br />(+0 for losing)\n|c|\u2606darksol1111|GG\n|l|\u2606kaseyQ\n|player|p2|\n",
  "uploadtime": 1776009097,
  "views": 13,
  "formatid": "gen9championsvgc2026regma",
  "rating": 1000,
  "private": 0,
  "password": null
}