{
  "id": "gen9championsvgc2026regma-2580634508",
  "format": "[Gen 9 Champions] VGC 2026 Reg M-A",
  "players": [
    "edgyptologist",
    "Tamejo"
  ],
  "log": "|j|\u2606edgyptologist\n|j|\u2606Tamejo\n|t:|1775919993\n|gametype|doubles\n|player|p1|edgyptologist|ruinmaniac|1013\n|player|p2|Tamejo|caitlin|1042\n|gen|9\n|tier|[Gen 9 Champions] VGC 2026 Reg M-A\n|rated|\n|rule|Species Clause: Limit one of each Pok\u00e9mon\n|rule|Item Clause: Limit 1 of each item\n|clearpoke\n|poke|p1|Floette-Eternal, L50, F|\n|poke|p1|Kangaskhan, L50, F|\n|poke|p1|Vivillon-Pokeball, L50, M|\n|poke|p1|Arcanine-Hisui, L50, F|\n|poke|p1|Cofagrigus, L50, M|\n|poke|p1|Araquanid, L50, F|\n|poke|p2|Meganium, L50, M|\n|poke|p2|Garchomp, L50, M|\n|poke|p2|Sneasler, L50, M|\n|poke|p2|Basculegion, L50, M|\n|poke|p2|Pelipper, L50, F|\n|poke|p2|Incineroar, L50, F|\n|teampreview|4\n|inactive|Battle timer is ON: inactive players will automatically lose when time's up. (requested by edgyptologist)\n|c|\u2606edgyptologist|gl hf\n|c|\u2606Tamejo|u2\n|inactive|edgyptologist has 60 seconds left.\n|inactive|Tamejo has 60 seconds left.\n|\n|t:|1775920049\n|teamsize|p1|4\n|teamsize|p2|4\n|start\n|switch|p1a: Arcanine|Arcanine-Hisui, L50, F|100/100\n|switch|p1b: Kangaskhan|Kangaskhan, L50, F|100/100\n|switch|p2a: Sneasler|Sneasler, L50, M|100/100\n|switch|p2b: Meganium|Meganium, L50, M|100/100\n|-ability|p1a: Arcanine|Intimidate|boost\n|-unboost|p2a: Sneasler|atk|1\n|-unboost|p2b: Meganium|atk|1\n|turn|1\n|inactive|edgyptologist has 30 seconds left.\n|inactive|edgyptologist has 20 seconds left.\n|inactive|edgyptologist has 15 seconds left.\n|inactive|edgyptologist has 10 seconds left.\n|\n|t:|1775920096\n|switch|p2b: Garchomp|Garchomp, L50, M|100/100\n|move|p2a: Sneasler|Fake Out|p1b: Kangaskhan\n|-damage|p1b: Kangaskhan|91/100\n|cant|p1b: Kangaskhan|flinch\n|move|p1a: Arcanine|Flare Blitz|p2b: Garchomp\n|-resisted|p2b: Garchomp|1\n|-damage|p2b: Garchomp|71/100\n|-damage|p1a: Arcanine|88/100|[from] ability: Rough Skin|[of] p2b: Garchomp\n|-damage|p1a: Arcanine|78/100|[from] Recoil\n|\n|upkeep\n|turn|2\n|\n|t:|1775920111\n|switch|p1a: Araquanid|Araquanid, L50, F|100/100\n|move|p2a: Sneasler|Close Combat|p1b: Kangaskhan\n|-supereffective|p1b: Kangaskhan|1\n|-damage|p1b: Kangaskhan|0 fnt\n|-unboost|p2a: Sneasler|def|1\n|-unboost|p2a: Sneasler|spd|1\n|faint|p1b: Kangaskhan\n|move|p2b: Garchomp|Stomping Tantrum|p1a: Araquanid\n|-resisted|p1a: Araquanid|1\n|-damage|p1a: Araquanid|76/100\n|\n|-heal|p1a: Araquanid|82/100|[from] item: Leftovers\n|upkeep\n|\n|t:|1775920119\n|switch|p1b: Arcanine|Arcanine-Hisui, L50, F|78/100\n|-ability|p1b: Arcanine|Intimidate|boost\n|-unboost|p2a: Sneasler|atk|1\n|-unboost|p2b: Garchomp|atk|1\n|turn|3\n|\n|t:|1775920131\n|move|p1b: Arcanine|Flare Blitz|p2a: Sneasler\n|-enditem|p2a: Sneasler|Focus Sash\n|-damage|p2a: Sneasler|1/100\n|-damage|p1b: Arcanine|48/100|[from] Recoil\n|move|p2a: Sneasler|Dire Claw|p1a: Araquanid\n|-damage|p1a: Araquanid|61/100\n|move|p2b: Garchomp|Stomping Tantrum|p1b: Arcanine\n|-supereffective|p1b: Arcanine|2\n|-damage|p1b: Arcanine|0 fnt\n|faint|p1b: Arcanine\n|move|p1a: Araquanid|Liquidation|p2b: Garchomp\n|-damage|p2b: Garchomp|9/100\n|-damage|p1a: Araquanid|49/100|[from] ability: Rough Skin|[of] p2b: Garchomp\n|\n|-heal|p1a: Araquanid|55/100|[from] item: Leftovers\n|upkeep\n|\n|t:|1775920139\n|switch|p1b: Floette|Floette-Eternal, L50, F|100/100\n|turn|4\n|\n|t:|1775920148\n|detailschange|p1b: Floette|Floette-Mega, L50, F\n|-mega|p1b: Floette|Floette|Floettite\n|-ability|p1b: Floette|Fairy Aura\n|move|p2a: Sneasler|Protect|p2a: Sneasler\n|-singleturn|p2a: Sneasler|Protect\n|move|p1a: Araquanid|Protect|p1a: Araquanid\n|-singleturn|p1a: Araquanid|Protect\n|move|p2b: Garchomp|Rock Slide|p1b: Floette|[spread] p1b\n|-activate|p1a: Araquanid|move: Protect\n|-damage|p1b: Floette|87/100\n|move|p1b: Floette|Dazzling Gleam|p2b: Garchomp|[spread] p2b\n|-activate|p2a: Sneasler|move: Protect\n|-supereffective|p2b: Garchomp|1\n|-damage|p2b: Garchomp|0 fnt\n|faint|p2b: Garchomp\n|\n|-heal|p1a: Araquanid|60/100|[from] item: Leftovers\n|upkeep\n|inactive|Tamejo has 30 seconds left.\n|\n|t:|1775920174\n|switch|p2b: Meganium|Meganium, L50, M|100/100\n|turn|5\n|\n|t:|1775920184\n|switch|p2a: Basculegion|Basculegion, L50, M|100/100\n|move|p1b: Floette|Protect|p1b: Floette\n|-singleturn|p1b: Floette|Protect\n|move|p2b: Meganium|Protect|p2b: Meganium\n|-singleturn|p2b: Meganium|Protect\n|move|p1a: Araquanid|Infestation|p2a: Basculegion\n|-resisted|p2a: Basculegion|1\n|-damage|p2a: Basculegion|98/100\n|-activate|p2a: Basculegion|move: Infestation|[of] p1a: Araquanid\n|\n|-heal|p1a: Araquanid|66/100|[from] item: Leftovers\n|-damage|p2a: Basculegion|86/100|[from] move: Infestation|[partiallytrapped]\n|upkeep\n|turn|6\n|\n|t:|1775920199\n|detailschange|p2b: Meganium|Meganium-Mega, L50, M\n|-mega|p2b: Meganium|Meganium|Meganiumite\n|move|p2a: Basculegion|Last Respects|p1a: Araquanid\n|-damage|p1a: Araquanid|0 fnt\n|faint|p1a: Araquanid\n|move|p1b: Floette|Moonblast|p2a: Basculegion\n|-crit|p2a: Basculegion\n|-damage|p2a: Basculegion|0 fnt\n|faint|p2a: Basculegion\n|move|p2b: Meganium|Dazzling Gleam|p1b: Floette\n|-damage|p1b: Floette|43/100\n|\n|upkeep\n|\n|t:|1775920203\n|switch|p2a: Sneasler|Sneasler, L50, M|1/100\n|turn|7\n|\n|t:|1775920208\n|move|p1b: Floette|Protect|p1b: Floette\n|-singleturn|p1b: Floette|Protect\n|move|p2a: Sneasler|Fake Out|p1b: Floette\n|-activate|p1b: Floette|move: Protect\n|move|p2b: Meganium|Solar Beam||[still]\n|-prepare|p2b: Meganium|Solar Beam\n|-activate|p2b: Meganium|ability: Mega Sol\n|-anim|p2b: Meganium|Solar Beam|p1b: Floette\n|-activate|p1b: Floette|move: Protect\n|\n|upkeep\n|turn|8\n|c|\u2606edgyptologist|gg wp\n|\n|t:|1775920217\n|move|p2a: Sneasler|Dire Claw|p1b: Floette\n|-supereffective|p1b: Floette|1\n|-damage|p1b: Floette|0 fnt\n|faint|p1b: Floette\n|\n|win|Tamejo\n|raw|edgyptologist's rating: 1013 &rarr; <strong>1002</strong><br />(-11 for losing)\n|raw|Tamejo's rating: 1042 &rarr; <strong>1073</strong><br />(+31 for winning)\n|l|\u2606edgyptologist\n|player|p1|\n|c|\u2606Tamejo|Gg\n",
  "uploadtime": 1775920226,
  "views": 10,
  "formatid": "gen9championsvgc2026regma",
  "rating": 1002,
  "private": 0,
  "password": null
}