{
  "id": "gen9championsvgc2026regma-2582174745",
  "format": "[Gen 9 Champions] VGC 2026 Reg M-A",
  "players": [
    "Chuggdot",
    "CallMeCoach56"
  ],
  "log": "|j|\u2606Chuggdot\n|j|\u203dCallMeCoach56\n|t:|1776067470\n|gametype|doubles\n|player|p1|Chuggdot|170|1377\n|player|p2|CallMeCoach56|102|1306\n|gen|9\n|tier|[Gen 9 Champions] VGC 2026 Reg M-A\n|rated|\n|rule|Species Clause: Limit one of each Pok\u00e9mon\n|rule|Item Clause: Limit 1 of each item\n|clearpoke\n|poke|p1|Empoleon, L50, F|\n|poke|p1|Delphox, L50, F|\n|poke|p1|Kingambit, L50, M|\n|poke|p1|Garchomp, L50, F|\n|poke|p1|Clefable, L50, F|\n|poke|p1|Sneasler, L50, M|\n|poke|p2|Floette-Eternal, L50, F|\n|poke|p2|Whimsicott, L50, F|\n|poke|p2|Archaludon, L50, F|\n|poke|p2|Snorlax, L50, F|\n|poke|p2|Kangaskhan, L50, F|\n|poke|p2|Pelipper, L50, F|\n|teampreview|4\n|inactive|Battle timer is ON: inactive players will automatically lose when time's up. (requested by Chuggdot)\n|inactive|Chuggdot has 60 seconds left.\n|\n|t:|1776067513\n|teamsize|p1|4\n|teamsize|p2|4\n|start\n|switch|p1a: Clefable|Clefable, L50, F|100/100\n|switch|p1b: Garchomp|Garchomp, L50, F|100/100\n|switch|p2a: Whimsicott|Whimsicott, L50, F, shiny|100/100\n|switch|p2b: Archaludon|Archaludon, L50, F|100/100\n|turn|1\n|inactive|Chuggdot has 30 seconds left.\n|inactive|CallMeCoach56 has 30 seconds left.\n|\n|t:|1776067544\n|detailschange|p1a: Clefable|Clefable-Mega, L50, F\n|-mega|p1a: Clefable|Clefable|Clefablite\n|move|p1a: Clefable|Follow Me|p1a: Clefable\n|-singleturn|p1a: Clefable|move: Follow Me\n|move|p2a: Whimsicott|Tailwind|p2a: Whimsicott\n|-sidestart|p2: CallMeCoach56|move: Tailwind\n|move|p1b: Garchomp|Earthquake|p2b: Archaludon|[spread] p2a,p2b\n|-immune|p1a: Clefable\n|-resisted|p2a: Whimsicott|1\n|-supereffective|p2b: Archaludon|1\n|-damage|p2a: Whimsicott|69/100\n|-damage|p2b: Archaludon|47/100\n|-ability|p2b: Archaludon|Stamina|boost\n|-boost|p2b: Archaludon|def|1\n|move|p2b: Archaludon|Breaking Swipe|p1b: Garchomp|[spread] p1b\n|-immune|p1a: Clefable\n|-supereffective|p1b: Garchomp|1\n|-damage|p1b: Garchomp|67/100\n|-unboost|p1b: Garchomp|atk|1\n|-damage|p2b: Archaludon|35/100|[from] ability: Rough Skin|[of] p1b: Garchomp\n|\n|upkeep\n|turn|2\n|j| CARtu348rjf90\n|\n|t:|1776067567\n|switch|p1b: Empoleon|Empoleon, L50, F|100/100\n|switch|p2b: Pelipper|Pelipper, L50, F|100/100\n|-weather|RainDance|[from] ability: Drizzle|[of] p2b: Pelipper\n|move|p2a: Whimsicott|Moonblast|p1b: Empoleon\n|-resisted|p1b: Empoleon|1\n|-damage|p1b: Empoleon|85/100\n|move|p1a: Clefable|Moonblast|p2b: Pelipper\n|-damage|p2b: Pelipper|15/100\n|-unboost|p2b: Pelipper|spa|1\n|\n|-weather|RainDance|[upkeep]\n|-heal|p1b: Empoleon|91/100|[from] item: Leftovers\n|upkeep\n|turn|3\n|\n|t:|1776067583\n|move|p2b: Pelipper|Weather Ball|p1a: Clefable\n|-damage|p1a: Clefable|68/100\n|move|p2a: Whimsicott|Moonblast|p1a: Clefable\n|-damage|p1a: Clefable|37/100\n|move|p1b: Empoleon|Flash Cannon|p2a: Whimsicott\n|-supereffective|p2a: Whimsicott|1\n|-damage|p2a: Whimsicott|0 fnt\n|faint|p2a: Whimsicott\n|move|p1a: Clefable|Dazzling Gleam|p2b: Pelipper\n|-damage|p2b: Pelipper|0 fnt\n|faint|p2b: Pelipper\n|\n|-weather|RainDance|[upkeep]\n|-heal|p1b: Empoleon|97/100|[from] item: Leftovers\n|upkeep\n|\n|t:|1776067592\n|switch|p2a: Floette|Floette-Eternal, L50, F|100/100\n|switch|p2b: Archaludon|Archaludon, L50, F|35/100\n|turn|4\n|\n|t:|1776067603\n|detailschange|p2a: Floette|Floette-Mega, L50, F\n|-mega|p2a: Floette|Floette|Floettite\n|-ability|p2a: Floette|Fairy Aura\n|move|p1b: Empoleon|Protect|p1b: Empoleon\n|-singleturn|p1b: Empoleon|Protect\n|move|p1a: Clefable|Protect|p1a: Clefable\n|-singleturn|p1a: Clefable|Protect\n|move|p2a: Floette|Dazzling Gleam|p1b: Empoleon|[spread] \n|-activate|p1a: Clefable|move: Protect\n|-activate|p1b: Empoleon|move: Protect\n|move|p2b: Archaludon|Aura Sphere|p1b: Empoleon\n|-activate|p1b: Empoleon|move: Protect\n|\n|-weather|RainDance|[upkeep]\n|-heal|p1b: Empoleon|100/100|[from] item: Leftovers\n|-sideend|p2: CallMeCoach56|move: Tailwind\n|upkeep\n|turn|5\n|inactive|Chuggdot has 30 seconds left.\n|\n|t:|1776067629\n|move|p2a: Floette|Dazzling Gleam|p1b: Empoleon|[spread] p1a,p1b\n|-resisted|p1b: Empoleon|1\n|-crit|p1b: Empoleon\n|-damage|p1a: Clefable|0 fnt\n|-damage|p1b: Empoleon|69/100\n|faint|p1a: Clefable\n|move|p1b: Empoleon|Flash Cannon|p2a: Floette\n|-supereffective|p2a: Floette|1\n|-damage|p2a: Floette|41/100\n|move|p2b: Archaludon|Aura Sphere|p1b: Empoleon\n|-supereffective|p1b: Empoleon|1\n|-damage|p1b: Empoleon|34/100\n|\n|-weather|RainDance|[upkeep]\n|-heal|p1b: Empoleon|40/100|[from] item: Leftovers\n|upkeep\n|inactive|Chuggdot has 30 seconds left.\n|\n|t:|1776067655\n|switch|p1a: Garchomp|Garchomp, L50, F|67/100\n|turn|6\n|\n|t:|1776067662\n|move|p1a: Garchomp|Stomping Tantrum|p2b: Archaludon\n|-supereffective|p2b: Archaludon|1\n|-damage|p2b: Archaludon|0 fnt\n|faint|p2b: Archaludon\n|move|p2a: Floette|Dazzling Gleam|p1b: Empoleon|[spread] p1a,p1b\n|-supereffective|p1a: Garchomp|1\n|-resisted|p1b: Empoleon|1\n|-damage|p1a: Garchomp|0 fnt\n|-damage|p1b: Empoleon|19/100\n|faint|p1a: Garchomp\n|move|p1b: Empoleon|Flash Cannon|p2a: Floette\n|-supereffective|p2a: Floette|1\n|-damage|p2a: Floette|0 fnt\n|faint|p2a: Floette\n|\n|win|Chuggdot\n|raw|Chuggdot's rating: 1377 &rarr; <strong>1393</strong><br />(+16 for winning)\n|raw|CallMeCoach56's rating: 1306 &rarr; <strong>1290</strong><br />(-16 for losing)\n|l|\u2606Chuggdot\n|player|p1|\n|l|\u203dCallMeCoach56\n|player|p2|\n",
  "uploadtime": 1776067742,
  "views": 18,
  "formatid": "gen9championsvgc2026regma",
  "rating": 1290,
  "private": 0,
  "password": null
}