{
  "id": "gen9championsvgc2026regma-2586293390",
  "format": "[Gen 9 Champions] VGC 2026 Reg M-A",
  "players": [
    "Asfgdf",
    "potentvapors"
  ],
  "log": "|j|\u2606Asfgdf\n|j|\u2606potentvapors\n|t:|1776422172\n|gametype|doubles\n|player|p1|Asfgdf|blue|1000\n|player|p2|potentvapors|flannery|1067\n|gen|9\n|tier|[Gen 9 Champions] VGC 2026 Reg M-A\n|rated|\n|rule|Species Clause: Limit one of each Pok\u00e9mon\n|rule|Item Clause: Limit 1 of each item\n|clearpoke\n|poke|p1|Floette-Eternal, L50, F|\n|poke|p1|Garchomp, L50, M|\n|poke|p1|Kingambit, L50, F|\n|poke|p1|Corviknight, L50, F|\n|poke|p1|Delphox, L50, F|\n|poke|p1|Aegislash, L50, F|\n|poke|p2|Manectric, L50, F|\n|poke|p2|Slowking-Galar, L50, M|\n|poke|p2|Umbreon, L50, M|\n|poke|p2|Typhlosion, L50, F|\n|poke|p2|Raichu, L50, F|\n|poke|p2|Weavile, L50, M|\n|teampreview|4\n|inactive|Battle timer is ON: inactive players will automatically lose when time's up. (requested by potentvapors)\n|\n|t:|1776422195\n|teamsize|p1|4\n|teamsize|p2|4\n|start\n|switch|p1a: Aegislash|Aegislash, L50, F|100/100\n|switch|p1b: Floette|Floette-Eternal, L50, F|100/100\n|switch|p2a: Manectric|Manectric, L50, F, shiny|100/100\n|switch|p2b: Raichu|Raichu, L50, F|100/100\n|turn|1\n|inactive|potentvapors has 30 seconds left.\n|inactive|potentvapors has 20 seconds left.\n|\n|t:|1776422235\n|detailschange|p1b: Floette|Floette-Mega, L50, F\n|-mega|p1b: Floette|Floette|Floettite\n|-ability|p1b: Floette|Fairy Aura\n|detailschange|p2a: Manectric|Manectric-Mega, L50, F, shiny\n|-mega|p2a: Manectric|Manectric|Manectite\n|-ability|p2a: Manectric|Intimidate|boost\n|-unboost|p1a: Aegislash|atk|1\n|-unboost|p1b: Floette|atk|1\n|move|p1b: Floette|Protect|p1b: Floette\n|-singleturn|p1b: Floette|Protect\n|move|p2b: Raichu|Fake Out|p1b: Floette\n|-activate|p1b: Floette|move: Protect\n|move|p2a: Manectric|Discharge|p1b: Floette|[spread] p1a\n|-activate|p1b: Floette|move: Protect\n|-ability|p2b: Raichu|Lightning Rod|boost\n|-boost|p2b: Raichu|spa|1\n|-damage|p1a: Aegislash|73/100\n|-formechange|p1a: Aegislash|Aegislash-Blade|\n|move|p1a: Aegislash|Poltergeist|p2a: Manectric\n|-activate|p2a: Manectric|move: Poltergeist|Manectite\n|-damage|p2a: Manectric|49/100\n|\n|-heal|p1a: Aegislash|79/100|[from] item: Leftovers\n|upkeep\n|turn|2\n|inactive|Asfgdf has 30 seconds left.\n|inactive|potentvapors has 30 seconds left.\n|\n|t:|1776422267\n|move|p1a: Aegislash|Wide Guard|p1a: Aegislash\n|-singleturn|p1a: Aegislash|Wide Guard\n|move|p2a: Manectric|Discharge|p1b: Floette|[spread] \n|-activate|p1a: Aegislash|move: Wide Guard\n|-activate|p1b: Floette|move: Wide Guard\n|-ability|p2b: Raichu|Lightning Rod|boost\n|-boost|p2b: Raichu|spa|1\n|move|p2b: Raichu|Thunderbolt|p1b: Floette\n|-damage|p1b: Floette|38/100\n|move|p1b: Floette|Moonblast|p2b: Raichu\n|-enditem|p2b: Raichu|Focus Sash\n|-damage|p2b: Raichu|1/100\n|\n|-heal|p1a: Aegislash|85/100|[from] item: Leftovers\n|upkeep\n|turn|3\n|inactive|potentvapors has 30 seconds left.\n|inactive|potentvapors has 20 seconds left.\n|\n|t:|1776422305\n|move|p1b: Floette|Protect|p1b: Floette\n|-singleturn|p1b: Floette|Protect\n|move|p2a: Manectric|Discharge|p1b: Floette|[spread] p1a\n|-activate|p1b: Floette|move: Protect\n|-ability|p2b: Raichu|Lightning Rod|boost\n|-boost|p2b: Raichu|spa|1\n|-damage|p1a: Aegislash|32/100\n|-status|p1a: Aegislash|par\n|move|p2b: Raichu|Thunderbolt|p1a: Aegislash\n|-damage|p1a: Aegislash|0 fnt\n|faint|p1a: Aegislash\n|\n|upkeep\n|\n|t:|1776422316\n|switch|p1a: Kingambit|Kingambit, L50, F|100/100\n|turn|4\n|\n|t:|1776422337\n|switch|p1b: Garchomp|Garchomp, L50, M|100/100\n|move|p1a: Kingambit|Sucker Punch|p2b: Raichu\n|-damage|p2b: Raichu|0 fnt\n|faint|p2b: Raichu\n|move|p2a: Manectric|Flamethrower|p1a: Kingambit\n|-supereffective|p1a: Kingambit|1\n|-enditem|p1a: Kingambit|Occa Berry|[eat]\n|-enditem|p1a: Kingambit|Occa Berry|[weaken]\n|-damage|p1a: Kingambit|63/100\n|\n|upkeep\n|\n|t:|1776422359\n|switch|p2b: Slowking|Slowking-Galar, L50, M|100/100\n|turn|5\n|\n|t:|1776422377\n|move|p2a: Manectric|Protect|p2a: Manectric\n|-singleturn|p2a: Manectric|Protect\n|move|p1a: Kingambit|Protect|p1a: Kingambit\n|-singleturn|p1a: Kingambit|Protect\n|move|p1b: Garchomp|Earthquake|p2b: Slowking|[spread] p2b\n|-activate|p1a: Kingambit|move: Protect\n|-activate|p2a: Manectric|move: Protect\n|-supereffective|p2b: Slowking|1\n|-damage|p2b: Slowking|11/100\n|move|p2b: Slowking|Yawn|p1b: Garchomp\n|-start|p1b: Garchomp|move: Yawn|[of] p2b: Slowking\n|\n|-heal|p2b: Slowking|17/100|[from] item: Leftovers\n|upkeep\n|turn|6\n|inactive|Asfgdf has 30 seconds left.\n|inactive|potentvapors has 30 seconds left.\n|inactive|potentvapors has 20 seconds left.\n|inactive|Asfgdf has 20 seconds left.\n|inactive|potentvapors has 15 seconds left.\n|inactive|potentvapors has 10 seconds left.\n|\n|t:|1776422427\n|move|p2a: Manectric|Flamethrower|p1a: Kingambit\n|-supereffective|p1a: Kingambit|1\n|-crit|p1a: Kingambit\n|-damage|p1a: Kingambit|0 fnt\n|faint|p1a: Kingambit\n|move|p1b: Garchomp|Dragon Claw|p2a: Manectric\n|-damage|p2a: Manectric|0 fnt\n|faint|p2a: Manectric\n|move|p2b: Slowking|Slack Off|p2b: Slowking\n|-heal|p2b: Slowking|67/100\n|\n|-heal|p2b: Slowking|73/100|[from] item: Leftovers\n|-end|p1b: Garchomp|move: Yawn|[silent]\n|-status|p1b: Garchomp|slp\n|upkeep\n|\n|t:|1776422442\n|switch|p2a: Typhlosion|Typhlosion, L50, F, shiny|100/100\n|switch|p1a: Floette|Floette-Mega, L50, F|38/100\n|-ability|p1a: Floette|Fairy Aura\n|turn|7\n|\n|t:|1776422460\n|move|p1a: Floette|Protect|p1a: Floette\n|-singleturn|p1a: Floette|Protect\n|move|p2a: Typhlosion|Eruption|p1b: Garchomp|[spread] p1b\n|-activate|p1a: Floette|move: Protect\n|-resisted|p1b: Garchomp|1\n|-damage|p1b: Garchomp|70/100 slp\n|cant|p1b: Garchomp|slp\n|move|p2b: Slowking|Slack Off|p2b: Slowking\n|-heal|p2b: Slowking|100/100\n|\n|upkeep\n|turn|8\n|\n|t:|1776422478\n|move|p2a: Typhlosion|Eruption|p1b: Garchomp|[spread] p1a,p1b\n|-resisted|p1b: Garchomp|1\n|-damage|p1a: Floette|0 fnt\n|-damage|p1b: Garchomp|38/100 slp\n|faint|p1a: Floette\n|cant|p1b: Garchomp|slp\n|move|p2b: Slowking|Yawn||[still]\n|-fail|p2b: Slowking\n|\n|upkeep\n|turn|9\n|inactive|potentvapors has 30 seconds left.\n|\n|t:|1776422507\n|move|p2a: Typhlosion|Eruption|p1b: Garchomp\n|-resisted|p1b: Garchomp|1\n|-damage|p1b: Garchomp|0 fnt\n|faint|p1b: Garchomp\n|\n|win|potentvapors\n|raw|Asfgdf's rating: 1000 &rarr; <strong>1000</strong><br />(+0 for losing)\n|raw|potentvapors's rating: 1067 &rarr; <strong>1091</strong><br />(+24 for winning)\n|l|\u2606Asfgdf\n|player|p1|\n",
  "uploadtime": 1776422522,
  "views": 37,
  "formatid": "gen9championsvgc2026regma",
  "rating": 1000,
  "private": 0,
  "password": null
}