{
  "id": "gen9championsvgc2026regma-2584763003",
  "format": "[Gen 9 Champions] VGC 2026 Reg M-A",
  "players": [
    "takethephilpill",
    "highjumpboi"
  ],
  "log": "|j|\u2606takethephilpill\n|j|\u2606highjumpboi\n|t:|1776281915\n|gametype|doubles\n|player|p1|takethephilpill|#ptplviistarmies|1008\n|player|p2|highjumpboi|cynthia|1102\n|gen|9\n|tier|[Gen 9 Champions] VGC 2026 Reg M-A\n|rated|\n|rule|Species Clause: Limit one of each Pok\u00e9mon\n|rule|Item Clause: Limit 1 of each item\n|clearpoke\n|poke|p1|Aegislash, L50, F|\n|poke|p1|Sinistcha, L50|\n|poke|p1|Altaria, L50, M|\n|poke|p1|Tauros-Paldea-Aqua, L50, M|\n|poke|p1|Incineroar, L50, M|\n|poke|p1|Pelipper, L50, M|\n|poke|p2|Aerodactyl, L50, M|\n|poke|p2|Tyranitar, L50, F|\n|poke|p2|Excadrill, L50, F|\n|poke|p2|Rotom-Wash, L50|\n|poke|p2|Sinistcha, L50|\n|poke|p2|Incineroar, L50, F|\n|teampreview|4\n|inactive|Battle timer is ON: inactive players will automatically lose when time's up. (requested by takethephilpill)\nhighjumpboi has agreed to open team sheets.\ntakethephilpill rejected open team sheets.\n|inactive|highjumpboi has 60 seconds left.\n|\n|t:|1776281973\n|teamsize|p1|4\n|teamsize|p2|4\n|start\n|switch|p1a: Altaria|Altaria, L50, M|100/100\n|switch|p1b: Sinistcha|Sinistcha, L50|100/100\n|switch|p2a: Aerodactyl|Aerodactyl, L50, M|100/100\n|switch|p2b: Tyranitar|Tyranitar, L50, F|100/100\n|-ability|p2a: Aerodactyl|Unnerve\n|-weather|Sandstorm|[from] ability: Sand Stream|[of] p2b: Tyranitar\n|turn|1\n|inactive|highjumpboi has 30 seconds left.\n|\n|t:|1776282005\n|move|p2a: Aerodactyl|Tailwind|p2a: Aerodactyl\n|-sidestart|p2: highjumpboi|move: Tailwind\n|move|p2b: Tyranitar|Rock Slide|p1a: Altaria|[spread] p1a,p1b\n|-supereffective|p1a: Altaria|1\n|-damage|p1a: Altaria|37/100\n|-damage|p1b: Sinistcha|80/100\n|cant|p1a: Altaria|flinch\n|move|p1b: Sinistcha|Matcha Gotcha|p2a: Aerodactyl|[spread] p2a,p2b\n|-supereffective|p2b: Tyranitar|1\n|-damage|p2a: Aerodactyl|75/100\n|-heal|p1b: Sinistcha|91/100|[from] drain|[of] p2a: Aerodactyl\n|-damage|p2b: Tyranitar|65/100\n|-heal|p1b: Sinistcha|100/100|[from] drain|[of] p2b: Tyranitar\n|\n|-weather|Sandstorm|[upkeep]\n|-damage|p1a: Altaria|31/100|[from] Sandstorm\n|-damage|p1b: Sinistcha|94/100|[from] Sandstorm\n|upkeep\n|turn|2\n|\n|t:|1776282027\n|switch|p1a: Tauros|Tauros-Paldea-Aqua, L50, M|100/100\n|-ability|p1a: Tauros|Intimidate|boost\n|-unboost|p2a: Aerodactyl|atk|1\n|-unboost|p2b: Tyranitar|atk|1\n|move|p2a: Aerodactyl|Dual Wingbeat|p1b: Sinistcha|[miss]\n|-miss|p2a: Aerodactyl|p1b: Sinistcha\n|move|p2b: Tyranitar|Rock Slide|p1b: Sinistcha|[spread] p1a,p1b\n|-resisted|p1a: Tauros|1\n|-damage|p1a: Tauros|89/100\n|-damage|p1b: Sinistcha|79/100\n|cant|p1b: Sinistcha|flinch\n|\n|-weather|Sandstorm|[upkeep]\n|-damage|p1a: Tauros|83/100|[from] Sandstorm\n|-damage|p1b: Sinistcha|73/100|[from] Sandstorm\n|upkeep\n|turn|3\n|c|\u2606takethephilpill|Forgot to mega\n|c|\u2606takethephilpill|Oops\n|\n|t:|1776282047\n|switch|p1b: Altaria|Altaria, L50, M|31/100\n|move|p2a: Aerodactyl|Dual Wingbeat|p1b: Altaria\n|-damage|p1b: Altaria|19/100\n|-damage|p1b: Altaria|5/100\n|-hitcount|p1b: Altaria|2\n|move|p1a: Tauros|Wave Crash|p2a: Aerodactyl\n|-supereffective|p2a: Aerodactyl|1\n|-damage|p2a: Aerodactyl|0 fnt\n|faint|p2a: Aerodactyl\n|-damage|p1a: Tauros|58/100|[from] Recoil\n|move|p2b: Tyranitar|Rock Slide|p1b: Altaria|[spread] p1a\n|-miss|p2b: Tyranitar|p1b: Altaria\n|-resisted|p1a: Tauros|1\n|-damage|p1a: Tauros|46/100\n|\n|-weather|Sandstorm|[upkeep]\n|-damage|p1a: Tauros|40/100|[from] Sandstorm\n|-damage|p1b: Altaria|0 fnt|[from] Sandstorm\n|faint|p1b: Altaria\n|upkeep\n|\n|t:|1776282071\n|switch|p2a: Sinistcha|Sinistcha, L50, shiny|100/100\n|switch|p1b: Pelipper|Pelipper, L50, M|100/100\n|-weather|RainDance|[from] ability: Drizzle|[of] p1b: Pelipper\n|-heal|p2b: Tyranitar|90/100|[from] ability: Hospitality|[of] p2a: Sinistcha\n|turn|4\n|\n|t:|1776282086\n|detailschange|p2b: Tyranitar|Tyranitar-Mega, L50, F\n|-mega|p2b: Tyranitar|Tyranitar|Tyranitarite\n|-weather|Sandstorm|[from] ability: Sand Stream|[of] p2b: Tyranitar\n|move|p2b: Tyranitar|Rock Slide|p1b: Pelipper|[spread] p1a\n|-miss|p2b: Tyranitar|p1b: Pelipper\n|-resisted|p1a: Tauros|1\n|-damage|p1a: Tauros|26/100\n|move|p1a: Tauros|Wave Crash|p2b: Tyranitar\n|-supereffective|p2b: Tyranitar|1\n|-damage|p2b: Tyranitar|9/100\n|-damage|p1a: Tauros|0 fnt|[from] Recoil\n|faint|p1a: Tauros\n|move|p2a: Sinistcha|Matcha Gotcha|p1b: Pelipper\n|-crit|p1b: Pelipper\n|-damage|p1b: Pelipper|11/100\n|move|p1b: Pelipper|Hurricane|p2a: Sinistcha\n|-supereffective|p2a: Sinistcha|1\n|-damage|p2a: Sinistcha|30/100\n|-start|p2a: Sinistcha|confusion\n|\n|-weather|Sandstorm|[upkeep]\n|-damage|p2a: Sinistcha|24/100|[from] Sandstorm\n|-damage|p1b: Pelipper|5/100|[from] Sandstorm\n|-sideend|p2: highjumpboi|move: Tailwind\n|upkeep\n|\n|t:|1776282089\n|switch|p1a: Sinistcha|Sinistcha, L50|73/100\n|-heal|p1b: Pelipper|29/100|[from] ability: Hospitality|[of] p1a: Sinistcha\n|turn|5\n|inactive|highjumpboi has 30 seconds left.\n|inactive|highjumpboi has 20 seconds left.\n|inactive|highjumpboi has 15 seconds left.\n|inactive|highjumpboi has 10 seconds left.\n|\n|t:|1776282137\n|move|p2b: Tyranitar|Rock Slide|p1a: Sinistcha|[spread] p1a\n|-miss|p2b: Tyranitar|p1b: Pelipper\n|-damage|p1a: Sinistcha|57/100\n|move|p1b: Pelipper|Muddy Water|p2a: Sinistcha|[spread] p2b\n|-miss|p1b: Pelipper|p2a: Sinistcha\n|-supereffective|p2b: Tyranitar|1\n|-damage|p2b: Tyranitar|0 fnt\n|faint|p2b: Tyranitar\n|-activate|p2a: Sinistcha|confusion\n|move|p2a: Sinistcha|Matcha Gotcha|p1a: Sinistcha|[spread] p1a,p1b\n|-resisted|p1a: Sinistcha|1\n|-damage|p1a: Sinistcha|42/100\n|-heal|p2a: Sinistcha|31/100|[from] drain|[of] p1a: Sinistcha\n|-damage|p1b: Pelipper|0 fnt\n|-heal|p2a: Sinistcha|43/100|[from] drain|[of] p1b: Pelipper\n|faint|p1b: Pelipper\n|move|p1a: Sinistcha|Matcha Gotcha|p2a: Sinistcha\n|-resisted|p2a: Sinistcha|1\n|-damage|p2a: Sinistcha|25/100\n|-heal|p1a: Sinistcha|51/100|[from] drain|[of] p2a: Sinistcha\n|-status|p2a: Sinistcha|brn\n|\n|-weather|Sandstorm|[upkeep]\n|-damage|p2a: Sinistcha|19/100 brn|[from] Sandstorm\n|-damage|p1a: Sinistcha|45/100|[from] Sandstorm\n|-damage|p2a: Sinistcha|13/100 brn|[from] brn\n|upkeep\n|inactive|highjumpboi has 30 seconds left.\n|\n|t:|1776282163\n|switch|p2b: Rotom|Rotom-Wash, L50, shiny|100/100\n|turn|6\n|inactive|highjumpboi has 30 seconds left.\n|\n|t:|1776282190\n|move|p2b: Rotom|Thunderbolt|p1a: Sinistcha\n|-resisted|p1a: Sinistcha|1\n|-damage|p1a: Sinistcha|26/100\n|-activate|p2a: Sinistcha|confusion\n|-damage|p2a: Sinistcha|8/100 brn|[from] confusion\n|move|p1a: Sinistcha|Strength Sap|p2b: Rotom\n|-unboost|p2b: Rotom|atk|1\n|-heal|p1a: Sinistcha|69/100\n|\n|-weather|Sandstorm|[upkeep]\n|-damage|p2b: Rotom|95/100|[from] Sandstorm\n|-damage|p2a: Sinistcha|2/100 brn|[from] Sandstorm\n|-damage|p1a: Sinistcha|63/100|[from] Sandstorm\n|-heal|p2b: Rotom|100/100|[from] item: Leftovers\n|-damage|p2a: Sinistcha|0 fnt|[from] brn\n|faint|p2a: Sinistcha\n|upkeep\n|turn|7\n|inactive|highjumpboi has 30 seconds left.\n|\n|t:|1776282220\n|move|p2b: Rotom|Protect|p2b: Rotom\n|-singleturn|p2b: Rotom|Protect\n|move|p1a: Sinistcha|Matcha Gotcha|p2b: Rotom\n|-activate|p2b: Rotom|move: Protect\n|\n|-weather|Sandstorm|[upkeep]\n|-damage|p2b: Rotom|95/100|[from] Sandstorm\n|-damage|p1a: Sinistcha|57/100|[from] Sandstorm\n|-heal|p2b: Rotom|100/100|[from] item: Leftovers\n|upkeep\n|turn|8\n|\n|t:|1776282237\n|move|p2b: Rotom|Hydro Pump|p1a: Sinistcha\n|-resisted|p1a: Sinistcha|1\n|-damage|p1a: Sinistcha|35/100\n|move|p1a: Sinistcha|Matcha Gotcha|p2b: Rotom\n|-supereffective|p2b: Rotom|1\n|-damage|p2b: Rotom|43/100\n|-heal|p1a: Sinistcha|60/100|[from] drain|[of] p2b: Rotom\n|\n|-weather|none\n|-heal|p2b: Rotom|49/100|[from] item: Leftovers\n|upkeep\n|turn|9\n|\n|t:|1776282251\n|move|p2b: Rotom|Protect|p2b: Rotom\n|-singleturn|p2b: Rotom|Protect\n|move|p1a: Sinistcha|Trick Room|p1a: Sinistcha\n|-fieldstart|move: Trick Room|[of] p1a: Sinistcha\n|\n|-heal|p2b: Rotom|55/100|[from] item: Leftovers\n|upkeep\n|turn|10\n|\n|t:|1776282259\n|move|p1a: Sinistcha|Matcha Gotcha|p2b: Rotom\n|-supereffective|p2b: Rotom|1\n|-damage|p2b: Rotom|0 fnt\n|-heal|p1a: Sinistcha|84/100|[from] drain|[of] p2b: Rotom\n|faint|p2b: Rotom\n|\n|win|takethephilpill\n|raw|takethephilpill's rating: 1008 &rarr; <strong>1057</strong><br />(+49 for winning)\n|raw|highjumpboi's rating: 1102 &rarr; <strong>1070</strong><br />(-32 for losing)\n|l|\u2606highjumpboi\n|player|p2|\n|c|\u2606takethephilpill|gg\n",
  "uploadtime": 1776282266,
  "views": 33,
  "formatid": "gen9championsvgc2026regma",
  "rating": 1057,
  "private": 0,
  "password": null
}