{
  "id": "gen9championsvgc2026regma-2581767922",
  "format": "[Gen 9 Champions] VGC 2026 Reg M-A",
  "players": [
    "Syke11",
    "Ausiewatt"
  ],
  "log": "|j|\u2606Syke11\n|j|\u2606Ausiewatt\n|t:|1776026866\n|gametype|doubles\n|player|p1|Syke11|jacinthe|1049\n|player|p2|Ausiewatt|101|1128\n|gen|9\n|tier|[Gen 9 Champions] VGC 2026 Reg M-A\n|rated|\n|rule|Species Clause: Limit one of each Pok\u00e9mon\n|rule|Item Clause: Limit 1 of each item\n|clearpoke\n|poke|p1|Drampa, L50, F|\n|poke|p1|Oranguru, L50, F|\n|poke|p1|Klefki, L50, M|\n|poke|p1|Crabominable, L50, F|\n|poke|p1|Aegislash, L50, M|\n|poke|p1|Araquanid, L50, F|\n|poke|p2|Lucario, L50, M|\n|poke|p2|Altaria, L50, M|\n|poke|p2|Incineroar, L50, F|\n|poke|p2|Sinistcha, L50|\n|poke|p2|Garchomp, L50, M|\n|poke|p2|Orthworm, L50, F|\n|teampreview|4\n|\n|t:|1776026906\n|teamsize|p1|4\n|teamsize|p2|4\n|start\n|switch|p1a: Drampa|Drampa, L50, F|100/100\n|switch|p1b: Oranguru|Oranguru, L50, F|100/100\n|switch|p2a: Garchomp|Garchomp, L50, M|100/100\n|switch|p2b: Orthworm|Orthworm, L50, F|100/100\n|turn|1\n|inactive|Battle timer is ON: inactive players will automatically lose when time's up. (requested by Ausiewatt)\n|\n|t:|1776026920\n|move|p1a: Drampa|Protect|p1a: Drampa\n|-singleturn|p1a: Drampa|Protect\n|move|p2a: Garchomp|Dragon Claw|p1a: Drampa\n|-activate|p1a: Drampa|move: Protect\n|move|p2b: Orthworm|Shed Tail|p2b: Orthworm\n|-start|p2b: Orthworm|Substitute|[from] move: Shed Tail\n|-damage|p2b: Orthworm|50/100\n|-enditem|p2b: Orthworm|Sitrus Berry|[eat]\n|-heal|p2b: Orthworm|75/100|[from] item: Sitrus Berry\n|\n|t:|1776026924\n|switch|p2b: Lucario|Lucario, L50, M|100/100|[from] Shed Tail\n|move|p1b: Oranguru|Trick Room|p1b: Oranguru\n|-fieldstart|move: Trick Room|[of] p1b: Oranguru\n|\n|upkeep\n|turn|2\n|inactive|Ausiewatt has 30 seconds left.\n|\n|t:|1776026950\n|switch|p2a: Incineroar|Incineroar, L50, F|100/100\n|-ability|p2a: Incineroar|Intimidate|boost\n|-unboost|p1a: Drampa|atk|1\n|-fail|p1b: Oranguru|unboost|Attack|[from] ability: Inner Focus|[of] p1b: Oranguru\n|detailschange|p1a: Drampa|Drampa-Mega, L50, F\n|-mega|p1a: Drampa|Drampa|Drampanite\n|detailschange|p2b: Lucario|Lucario-Mega, L50, M\n|-mega|p2b: Lucario|Lucario|Lucarionite\n|move|p1a: Drampa|Hyper Voice|p2a: Incineroar|[spread] p2a,p2b\n|-resisted|p2b: Lucario|1\n|-damage|p2a: Incineroar|59/100\n|-damage|p2b: Lucario|64/100\n|move|p1b: Oranguru|Instruct|p1a: Drampa\n|-singleturn|p1a: Drampa|move: Instruct|[of] p1b: Oranguru\n|move|p1a: Drampa|Hyper Voice|p2a: Incineroar|[spread] p2a,p2b\n|-resisted|p2b: Lucario|1\n|-damage|p2a: Incineroar|18/100\n|-damage|p2b: Lucario|26/100\n|move|p2b: Lucario|Nasty Plot|p2b: Lucario\n|-boost|p2b: Lucario|spa|2\n|\n|upkeep\n|turn|3\n|inactive|Syke11 has 30 seconds left.\n|\n|t:|1776026977\n|move|p2a: Incineroar|Fake Out|p1a: Drampa\n|-damage|p1a: Drampa|88/100\n|cant|p1a: Drampa|flinch\n|move|p1b: Oranguru|Instruct|p1a: Drampa\n|-singleturn|p1a: Drampa|move: Instruct|[of] p1b: Oranguru\n|cant|p1a: Drampa|flinch\n|move|p2b: Lucario|Aura Sphere|p1a: Drampa\n|-supereffective|p1a: Drampa|1\n|-damage|p1a: Drampa|0 fnt\n|faint|p1a: Drampa\n|\n|upkeep\n|\n|t:|1776026989\n|switch|p1a: Crabominable|Crabominable, L50, F|100/100\n|turn|4\n|inactive|Ausiewatt has 30 seconds left.\n|inactive|Ausiewatt has 20 seconds left.\n|\n|t:|1776027027\n|move|p1a: Crabominable|Drain Punch|p2b: Lucario\n|-supereffective|p2b: Lucario|1\n|-end|p2b: Lucario|Substitute\n|move|p1b: Oranguru|Instruct|p1a: Crabominable\n|-singleturn|p1a: Crabominable|move: Instruct|[of] p1b: Oranguru\n|move|p1a: Crabominable|Drain Punch|p2b: Lucario\n|-supereffective|p2b: Lucario|1\n|-crit|p2b: Lucario\n|-damage|p2b: Lucario|0 fnt\n|faint|p2b: Lucario\n|move|p2a: Incineroar|Flare Blitz|p1a: Crabominable\n|-supereffective|p1a: Crabominable|1\n|-damage|p1a: Crabominable|0 fnt\n|faint|p1a: Crabominable\n|-damage|p2a: Incineroar|0 fnt|[from] Recoil\n|faint|p2a: Incineroar\n|\n|upkeep\n|\n|t:|1776027037\n|switch|p1a: Araquanid|Araquanid, L50, F|100/100\n|switch|p2a: Garchomp|Garchomp, L50, M|100/100\n|switch|p2b: Orthworm|Orthworm, L50, F|75/100\n|turn|5\n|\n|t:|1776027055\n|move|p1a: Araquanid|Surf|p2a: Garchomp|[spread] p1b,p2a,p2b\n|-damage|p1b: Oranguru|73/100\n|-damage|p2a: Garchomp|66/100\n|-damage|p2b: Orthworm|39/100\n|move|p1b: Oranguru|Instruct|p1a: Araquanid\n|-singleturn|p1a: Araquanid|move: Instruct|[of] p1b: Oranguru\n|move|p1a: Araquanid|Surf|p2a: Garchomp|[spread] p1b,p2a,p2b\n|-crit|p1b: Oranguru\n|-damage|p1b: Oranguru|30/100\n|-damage|p2a: Garchomp|32/100\n|-damage|p2b: Orthworm|7/100\n|move|p2b: Orthworm|Body Press|p1b: Oranguru\n|-damage|p1b: Oranguru|12/100\n|move|p2a: Garchomp|Earthquake|p1b: Oranguru|[spread] p1a,p1b\n|-heal|p2b: Orthworm|32/100|[from] ability: Earth Eater|[of] p2a: Garchomp\n|-resisted|p1a: Araquanid|1\n|-damage|p1a: Araquanid|78/100\n|-damage|p1b: Oranguru|0 fnt\n|faint|p1b: Oranguru\n|\n|-fieldend|move: Trick Room\n|upkeep\n|turn|6\n|\n|t:|1776027073\n|move|p2a: Garchomp|Earthquake|p1a: Araquanid|[spread] p1a\n|-heal|p2b: Orthworm|56/100|[from] ability: Earth Eater|[of] p2a: Garchomp\n|-resisted|p1a: Araquanid|1\n|-damage|p1a: Araquanid|54/100\n|move|p2b: Orthworm|Body Press|p1a: Araquanid\n|-resisted|p1a: Araquanid|1\n|-damage|p1a: Araquanid|40/100\n|move|p1a: Araquanid|Surf|p2b: Orthworm|[spread] p2a,p2b\n|-damage|p2a: Garchomp|0 fnt\n|-damage|p2b: Orthworm|24/100\n|faint|p2a: Garchomp\n|\n|upkeep\n|turn|7\n|\n|t:|1776027085\n|move|p2b: Orthworm|Heavy Slam|p1a: Araquanid\n|-resisted|p1a: Araquanid|1\n|-damage|p1a: Araquanid|27/100\n|move|p1a: Araquanid|Surf|p2b: Orthworm\n|-damage|p2b: Orthworm|0 fnt\n|faint|p2b: Orthworm\n|\n|win|Syke11\n|raw|Syke11's rating: 1049 &rarr; <strong>1089</strong><br />(+40 for winning)\n|raw|Ausiewatt's rating: 1128 &rarr; <strong>1097</strong><br />(-31 for losing)\n|l|\u2606Ausiewatt\n|player|p2|\n",
  "uploadtime": 1776027109,
  "views": 14,
  "formatid": "gen9championsvgc2026regma",
  "rating": 1089,
  "private": 0,
  "password": null
}