{
  "id": "gen9championsvgc2026regma-2588945365",
  "format": "[Gen 9 Champions] VGC 2026 Reg M-A",
  "players": [
    "snivydm",
    "aoaeoeao"
  ],
  "log": "|j|\u2606snivydm\n|j|\u2606aoaeoeao\n|t:|1776688342\n|gametype|doubles\n|player|p1|snivydm|blackbelt-gen4dp|1164\n|player|p2|aoaeoeao|102|1158\n|gen|9\n|tier|[Gen 9 Champions] VGC 2026 Reg M-A\n|rated|\n|rule|Species Clause: Limit one of each Pok\u00e9mon\n|rule|Item Clause: Limit 1 of each item\n|clearpoke\n|poke|p1|Sneasler, L50, M|\n|poke|p1|Garchomp, L50, F|\n|poke|p1|Charizard, L50, M|\n|poke|p1|Whimsicott, L50, F|\n|poke|p1|Basculegion, L50, M|\n|poke|p1|Kingambit, L50, F|\n|poke|p2|Floette-Eternal, L50, F|\n|poke|p2|Talonflame, L50, M|\n|poke|p2|Tinkaton, L50, F|\n|poke|p2|Garchomp, L50, M|\n|poke|p2|Rotom, L50|\n|poke|p2|Milotic, L50, F|\n|teampreview|4\n|\n|t:|1776688372\n|teamsize|p1|4\n|teamsize|p2|4\n|start\n|switch|p1a: Charizard|Charizard, L50, M|100/100\n|switch|p1b: Garchomp|Garchomp, L50, F|100/100\n|switch|p2a: Talonflame|Talonflame, L50, M|100/100\n|switch|p2b: Rotom|Rotom, L50|100/100\n|turn|1\n|\n|t:|1776688395\n|detailschange|p1a: Charizard|Charizard-Mega-Y, L50, M\n|-mega|p1a: Charizard|Charizard|Charizardite Y\n|-weather|SunnyDay|[from] ability: Drought|[of] p1a: Charizard\n|move|p2a: Talonflame|Tailwind|p2a: Talonflame\n|-sidestart|p2: aoaeoeao|move: Tailwind\n|move|p2b: Rotom|Thunderbolt|p1a: Charizard\n|-supereffective|p1a: Charizard|1\n|-damage|p1a: Charizard|41/100\n|move|p1b: Garchomp|Rock Slide|p2b: Rotom|[spread] p2a,p2b\n|-supereffective|p2a: Talonflame|2\n|-enditem|p2a: Talonflame|Focus Sash\n|-damage|p2a: Talonflame|1/100\n|-damage|p2b: Rotom|60/100\n|move|p1a: Charizard|Heat Wave|p2b: Rotom|[spread] p2a,p2b\n|-resisted|p2a: Talonflame|1\n|-damage|p2a: Talonflame|0 fnt\n|-damage|p2b: Rotom|0 fnt\n|faint|p2a: Talonflame\n|faint|p2b: Rotom\n|\n|-weather|SunnyDay|[upkeep]\n|upkeep\n|\n|t:|1776688413\n|switch|p2a: Tinkaton|Tinkaton, L50, F|100/100\n|switch|p2b: Garchomp|Garchomp, L50, M|100/100\n|-ability|p2a: Tinkaton|Mold Breaker\n|turn|2\n|\n|t:|1776688433\n|move|p1b: Garchomp|Protect|p1b: Garchomp\n|-singleturn|p1b: Garchomp|Protect\n|move|p1a: Charizard|Protect|p1a: Charizard\n|-singleturn|p1a: Charizard|Protect\n|move|p2a: Tinkaton|Fake Out|p1b: Garchomp\n|-activate|p1b: Garchomp|move: Protect\n|move|p2b: Garchomp|Dragon Claw|p1a: Charizard\n|-activate|p1a: Charizard|move: Protect\n|\n|-weather|SunnyDay|[upkeep]\n|upkeep\n|turn|3\n|\n|t:|1776688473\n|move|p2b: Garchomp|Dragon Claw|p1a: Charizard\n|-damage|p1a: Charizard|0 fnt\n|faint|p1a: Charizard\n|move|p2a: Tinkaton|Encore|p1b: Garchomp\n|-start|p1b: Garchomp|Encore\n|move|p1b: Garchomp|Protect||[still]\n|-fail|p1b: Garchomp\n|\n|-weather|SunnyDay|[upkeep]\n|upkeep\n|\n|t:|1776688488\n|switch|p1a: Kingambit|Kingambit, L50, F|100/100\n|turn|4\n|\n|t:|1776688519\n|move|p2a: Tinkaton|Protect|p2a: Tinkaton\n|-singleturn|p2a: Tinkaton|Protect\n|move|p1b: Garchomp|Protect|p1b: Garchomp\n|-singleturn|p1b: Garchomp|Protect\n|move|p2b: Garchomp|Earthquake|p1a: Kingambit|[spread] p1a\n|-activate|p2a: Tinkaton|move: Protect\n|-activate|p1b: Garchomp|move: Protect\n|-supereffective|p1a: Kingambit|1\n|-crit|p1a: Kingambit\n|-damage|p1a: Kingambit|14/100\n|move|p1a: Kingambit|Low Kick|p2b: Garchomp\n|-damage|p2b: Garchomp|70/100\n|-damage|p1a: Kingambit|1/100|[from] ability: Rough Skin|[of] p2b: Garchomp\n|\n|-weather|SunnyDay|[upkeep]\n|-sideend|p2: aoaeoeao|move: Tailwind\n|upkeep\n|turn|5\n|\n|t:|1776688545\n|move|p1b: Garchomp|Protect|p1b: Garchomp\n|-singleturn|p1b: Garchomp|Protect\n|move|p1a: Kingambit|Sucker Punch||[still]\n|-fail|p1a: Kingambit\n|move|p2b: Garchomp|Swords Dance|p2b: Garchomp\n|-boost|p2b: Garchomp|atk|2\n|move|p2a: Tinkaton|Gigaton Hammer|p1b: Garchomp\n|-activate|p1b: Garchomp|move: Protect\n|\n|-weather|none\n|-end|p1b: Garchomp|Encore\n|upkeep\n|turn|6\n|\n|t:|1776688569\n|move|p1a: Kingambit|Sucker Punch|p2b: Garchomp\n|-damage|p2b: Garchomp|26/100\n|-damage|p1a: Kingambit|0 fnt|[from] ability: Rough Skin|[of] p2b: Garchomp\n|faint|p1a: Kingambit\n|move|p2b: Garchomp|Dragon Claw|p1b: Garchomp\n|-supereffective|p1b: Garchomp|1\n|-damage|p1b: Garchomp|0 fnt\n|-damage|p2b: Garchomp|13/100|[from] ability: Rough Skin|[of] p1b: Garchomp\n|faint|p1b: Garchomp\n|move|p2a: Tinkaton|Encore|p1: Kingambit|[notarget]\n|-fail|p2a: Tinkaton\n|\n|upkeep\n|\n|t:|1776688584\n|switch|p1b: Sneasler|Sneasler, L50, M|100/100\n|turn|7\n|\n|t:|1776688594\n|move|p2b: Garchomp|Protect|p2b: Garchomp\n|-singleturn|p2b: Garchomp|Protect\n|move|p1b: Sneasler|Fake Out|p2b: Garchomp\n|-activate|p2b: Garchomp|move: Protect\n|move|p2a: Tinkaton|Encore|p1b: Sneasler\n|-start|p1b: Sneasler|Encore\n|\n|upkeep\n|turn|8\n|\n|t:|1776688607\n|move|p1b: Sneasler|Fake Out||[still]\n|-hint|Fake Out only works on your first turn out.\n|-fail|p1b: Sneasler\n|move|p2b: Garchomp|Dragon Claw|p1b: Sneasler\n|-damage|p1b: Sneasler|0 fnt\n|faint|p1b: Sneasler\n|\n|win|aoaeoeao\n|raw|snivydm's rating: 1164 &rarr; <strong>1139</strong><br />(-25 for losing)\n|raw|aoaeoeao's rating: 1158 &rarr; <strong>1183</strong><br />(+25 for winning)\n|l|\u2606snivydm\n|player|p1|\n",
  "uploadtime": 1776688619,
  "views": 15,
  "formatid": "gen9championsvgc2026regma",
  "rating": 1139,
  "private": 0,
  "password": null
}