{
  "id": "gen9championsvgc2026regma-2587454059",
  "format": "[Gen 9 Champions] VGC 2026 Reg M-A",
  "players": [
    "hehe moon",
    "bl4ze4444"
  ],
  "log": "|j|\u2606hehe moon\n|j|\u2606bl4ze4444\n|t:|1776533162\n|gametype|doubles\n|player|p1|hehe moon|cheryl|\n|player|p2|bl4ze4444|steven|\n|gen|9\n|tier|[Gen 9 Champions] VGC 2026 Reg M-A\n|rated|Tournament battle\n|rule|Species Clause: Limit one of each Pok\u00e9mon\n|rule|Item Clause: Limit 1 of each item\n|raw|<div class=\"infobox\"><details class=\"readmore\" open><summary><strong>1 custom rule:</strong></summary> Force Open Team Sheets</details></div>\n|clearpoke\n|poke|p1|Garchomp, L50, M|\n|poke|p1|Tyranitar, L50, M|\n|poke|p1|Incineroar, L50, F|\n|poke|p1|Corviknight, L50, M|\n|poke|p1|Rotom-Wash, L50|\n|poke|p1|Sinistcha, L50|\n|poke|p2|Floette-Eternal, L50, F|\n|poke|p2|Sneasler, L50, M|\n|poke|p2|Rotom-Wash, L50|\n|poke|p2|Aerodactyl, L50, M|\n|poke|p2|Garchomp, L50, M|\n|poke|p2|Whimsicott, L50, F|\n|teampreview|4\n|showteam|p1|Garchomp||Garchompite|SandVeil|Earthquake,ScaleShot,SwordsDance,Protect|||M|||50|]Tyranitar||RoseliBerry|SandStream|RockSlide,LashOut,LowKick,Protect|||M|||50|]Incineroar||ChopleBerry|Intimidate|FlareBlitz,FakeOut,PartingShot,Protect|||F|||50|]Corviknight||Leftovers|MirrorArmor|BraveBird,IronHead,Tailwind,Roost|||M|||50|]Rotom-Wash||SitrusBerry|Levitate|HydroPump,VoltSwitch,WillOWisp,PainSplit||||||50|]Sinistcha||MiracleSeed|Hospitality|MatchaGotcha,RagePowder,Imprison,TrickRoom||||||50|\n|showteam|p2|Floette-Eternal||Floettite|FlowerVeil|Moonblast,CalmMind,Protect,DazzlingGleam|||F|||50|]Sneasler||WhiteHerb|Unburden|CloseCombat,DireClaw,RockTomb,FakeOut|||M|||50|]Rotom-Wash||SitrusBerry|Levitate|HydroPump,HelpingHand,Thunderbolt,VoltSwitch||||||50|]Aerodactyl||LumBerry|Unnerve|RockSlide,Taunt,Tailwind,WideGuard|||M|||50|]Garchomp||QuickClaw|RoughSkin|Earthquake,DragonClaw,Protect,RockSlide|||M|||50|]Whimsicott||FocusSash|Prankster|Moonblast,Tailwind,Endeavor,Encore|||F|||50|\n|inactive|Battle timer is ON: inactive players will automatically lose when time's up. (requested by hehe moon)\n|j| Arksurit\n|j| SmolivOilVGC\n|j| maxdeesevgc\n|j| Red Fang X\n|j| 123abv\n|inactive|hehe moon has 60 seconds left.\n|inactive|bl4ze4444 has 60 seconds left.\n|j| 1#MiraidonHater\n|inactive|hehe moon has 30 seconds left.\n|inactive|hehe moon has 20 seconds left.\n|j| dfsgfdgdghghfh\n|inactive|hehe moon has 15 seconds left.\n|\n|t:|1776533239\n|teamsize|p1|4\n|teamsize|p2|4\n|start\n|switch|p1a: Corviknight|Corviknight, L50, M|100/100\n|switch|p1b: Incineroar|Incineroar, L50, F|100/100\n|switch|p2a: Sneasler|Sneasler, L50, M|100/100\n|switch|p2b: Rotom|Rotom-Wash, L50|100/100\n|-ability|p1b: Incineroar|Intimidate|boost\n|-unboost|p2a: Sneasler|atk|1\n|-unboost|p2b: Rotom|atk|1\n|-enditem|p2a: Sneasler|White Herb\n|-clearnegativeboost|p2a: Sneasler|[silent]\n|turn|1\n|j| 21Kieran\n|\n|t:|1776533260\n|move|p2a: Sneasler|Fake Out|p1b: Incineroar\n|-damage|p1b: Incineroar|87/100\n|cant|p1b: Incineroar|flinch\n|move|p2b: Rotom|Thunderbolt|p1a: Corviknight\n|-supereffective|p1a: Corviknight|1\n|-damage|p1a: Corviknight|10/100\n|move|p1a: Corviknight|Tailwind|p1a: Corviknight\n|-sidestart|p1: hehe moon|move: Tailwind\n|\n|-heal|p1a: Corviknight|16/100|[from] item: Leftovers\n|upkeep\n|turn|2\n|l| 123abv\n|\n|t:|1776533289\n|move|p2a: Sneasler|Close Combat|p1b: Incineroar\n|-supereffective|p1b: Incineroar|1\n|-enditem|p1b: Incineroar|Chople Berry|[eat]\n|-enditem|p1b: Incineroar|Chople Berry|[weaken]\n|-damage|p1b: Incineroar|27/100\n|-unboost|p2a: Sneasler|def|1\n|-unboost|p2a: Sneasler|spd|1\n|move|p1a: Corviknight|Roost|p1a: Corviknight\n|-heal|p1a: Corviknight|66/100\n|-singleturn|p1a: Corviknight|move: Roost\n|move|p1b: Incineroar|Parting Shot|p2b: Rotom\n|-unboost|p2b: Rotom|atk|1\n|-unboost|p2b: Rotom|spa|1\n|\n|t:|1776533299\n|switch|p1b: Garchomp|Garchomp, L50, M|100/100|[from] Parting Shot\n|move|p2b: Rotom|Volt Switch|p1a: Corviknight\n|-damage|p1a: Corviknight|43/100\n|j| m3dic\n|l| 21Kieran\n|j| Lorul\n|j| ogerponisbestie\n|inactive|bl4ze4444 has 30 seconds left.\n|\n|t:|1776533328\n|switch|p2b: Floette|Floette-Eternal, L50, F|100/100|[from] Volt Switch\n|\n|-heal|p1a: Corviknight|49/100|[from] item: Leftovers\n|upkeep\n|turn|3\n|inactive|bl4ze4444 has 30 seconds left.\n|\n|t:|1776533356\n|switch|p2a: Rotom|Rotom-Wash, L50|100/100\n|detailschange|p1b: Garchomp|Garchomp-Mega, L50, M\n|-mega|p1b: Garchomp|Garchomp|Garchompite\n|move|p2b: Floette|Protect|p2b: Floette\n|-singleturn|p2b: Floette|Protect\n|move|p1b: Garchomp|Earthquake|p2b: Floette|[spread] \n|-activate|p2b: Floette|move: Protect\n|-immune|p1a: Corviknight\n|-immune|p2a: Rotom|[from] ability: Levitate\n|move|p1a: Corviknight|Iron Head|p2b: Floette\n|-activate|p2b: Floette|move: Protect\n|\n|-heal|p1a: Corviknight|55/100|[from] item: Leftovers\n|upkeep\n|turn|4\n|inactive|bl4ze4444 has 30 seconds left.\n|j| matheusman10\n|inactive|bl4ze4444 has 20 seconds left.\n|inactive|bl4ze4444 has 15 seconds left.\n|inactive|bl4ze4444 has 10 seconds left.\n|inactive|bl4ze4444 has 5 seconds left.\n|\n|t:|1776533407\n|switch|p2b: Garchomp|Garchomp, L50, M|100/100\n|move|p1b: Garchomp|Earthquake|p2b: Garchomp|[spread] p2b\n|-immune|p1a: Corviknight\n|-immune|p2a: Rotom|[from] ability: Levitate\n|-damage|p2b: Garchomp|50/100\n|move|p1a: Corviknight|Iron Head|p2b: Garchomp\n|-damage|p2b: Garchomp|19/100\n|-damage|p1a: Corviknight|43/100|[from] ability: Rough Skin|[of] p2b: Garchomp\n|move|p2a: Rotom|Thunderbolt|p1a: Corviknight\n|-supereffective|p1a: Corviknight|1\n|-damage|p1a: Corviknight|0 fnt\n|faint|p1a: Corviknight\n|\n|-sideend|p1: hehe moon|move: Tailwind\n|upkeep\n|\n|t:|1776533430\n|switch|p1a: Incineroar|Incineroar, L50, F|27/100\n|-ability|p1a: Incineroar|Intimidate|boost\n|-unboost|p2a: Rotom|atk|1\n|-unboost|p2b: Garchomp|atk|1\n|turn|5\n|j| gayaoi\n|l| SmolivOilVGC\n|inactive|bl4ze4444 has 30 seconds left.\n|\n|t:|1776533465\n|move|p1a: Incineroar|Fake Out|p2a: Rotom\n|-damage|p2a: Rotom|88/100\n|move|p2b: Garchomp|Earthquake|p1a: Incineroar|[spread] p1a,p1b\n|-immune|p2a: Rotom|[from] ability: Levitate\n|-supereffective|p1a: Incineroar|1\n|-damage|p1a: Incineroar|0 fnt\n|-damage|p1b: Garchomp|82/100\n|faint|p1a: Incineroar\n|move|p1b: Garchomp|Scale Shot|p2b: Garchomp\n|-supereffective|p2b: Garchomp|1\n|-crit|p2b: Garchomp\n|-damage|p2b: Garchomp|0 fnt\n|faint|p2b: Garchomp\n|-hitcount|p2: Garchomp|1\n|-unboost|p1b: Garchomp|def|1\n|-boost|p1b: Garchomp|spe|1\n|cant|p2a: Rotom|flinch\n|\n|upkeep\n|inactive|bl4ze4444 has 30 seconds left.\n|l| ogerponisbestie\n|inactive|bl4ze4444 has 20 seconds left.\n|inactive|bl4ze4444 has 15 seconds left.\n|\n|t:|1776533510\n|switch|p2b: Sneasler|Sneasler, L50, M|100/100\n|switch|p1a: Rotom|Rotom-Wash, L50|100/100\n|turn|6\n|inactive|hehe moon has 30 seconds left.\n|inactive|bl4ze4444 has 30 seconds left.\n|\n|t:|1776533535\n|move|p1b: Garchomp|Protect|p1b: Garchomp\n|-singleturn|p1b: Garchomp|Protect\n|move|p2b: Sneasler|Fake Out|p1b: Garchomp\n|-activate|p1b: Garchomp|move: Protect\n|move|p2a: Rotom|Thunderbolt|p1a: Rotom\n|-damage|p1a: Rotom|57/100\n|move|p1a: Rotom|Volt Switch|p2a: Rotom\n|-damage|p2a: Rotom|60/100\n|\n|upkeep\n|turn|7\n|l| matheusman10\n|inactive|bl4ze4444 has 30 seconds left.\n|inactive|bl4ze4444 has 20 seconds left.\n|inactive|bl4ze4444 has 15 seconds left.\n|inactive|bl4ze4444 has 10 seconds left.\n|\n|t:|1776533582\n|move|p2a: Rotom|Helping Hand|p2b: Sneasler\n|-singleturn|p2b: Sneasler|Helping Hand|[of] p2a: Rotom\n|move|p1b: Garchomp|Earthquake|p2a: Rotom|[spread] p2b\n|-immune|p1a: Rotom|[from] ability: Levitate\n|-immune|p2a: Rotom|[from] ability: Levitate\n|-supereffective|p2b: Sneasler|1\n|-damage|p2b: Sneasler|0 fnt\n|faint|p2b: Sneasler\n|move|p1a: Rotom|Volt Switch|p2a: Rotom\n|-damage|p2a: Rotom|33/100\n|-enditem|p2a: Rotom|Sitrus Berry|[eat]\n|-heal|p2a: Rotom|58/100|[from] item: Sitrus Berry\n|\n|upkeep\n|\n|t:|1776533595\n|switch|p2b: Floette|Floette-Eternal, L50, F|100/100\n|turn|8\n|\n|t:|1776533607\n|detailschange|p2b: Floette|Floette-Mega, L50, F\n|-mega|p2b: Floette|Floette|Floettite\n|-ability|p2b: Floette|Fairy Aura\n|move|p1b: Garchomp|Protect|p1b: Garchomp\n|-singleturn|p1b: Garchomp|Protect\n|move|p2b: Floette|Dazzling Gleam|p1b: Garchomp|[spread] p1a\n|-activate|p1b: Garchomp|move: Protect\n|-damage|p1a: Rotom|7/100\n|-enditem|p1a: Rotom|Sitrus Berry|[eat]\n|-heal|p1a: Rotom|32/100|[from] item: Sitrus Berry\n|move|p2a: Rotom|Thunderbolt|p1a: Rotom\n|-damage|p1a: Rotom|0 fnt\n|faint|p1a: Rotom\n|\n|upkeep\n|turn|9\n|inactive|hehe moon has 30 seconds left.\n|c|\u2606hehe moon|ggs\n|l| 1#MiraidonHater\n|inactive|hehe moon has 20 seconds left.\n|c|\u2606hehe moon|floette is a menace\n|\n|t:|1776533646\n|move|p1b: Garchomp|Scale Shot|p2a: Rotom\n|-damage|p2a: Rotom|42/100\n|-damage|p2a: Rotom|24/100\n|-hitcount|p2a: Rotom|2\n|-unboost|p1b: Garchomp|def|1\n|-boost|p1b: Garchomp|spe|1\n|move|p2b: Floette|Moonblast|p1b: Garchomp\n|-supereffective|p1b: Garchomp|1\n|-damage|p1b: Garchomp|0 fnt\n|faint|p1b: Garchomp\n|\n|win|bl4ze4444\n|n|\u2606hehe moon|hehemoon\n|n|\u2606bl4ze4444|bl4ze4444\n|n| Arksurit|arksurit\n|n| maxdeesevgc|maxdeesevgc\n|n| Red Fang X|redfangx\n|n| dfsgfdgdghghfh|dfsgfdgdghghfh\n|n| m3dic|m3dic\n|n| Lorul|lorul\n|n| gayaoi|gayaoi\n|l| Red Fang X\n|c|\u2606bl4ze4444|gg\n|l| Arksurit\n|l|\u2606hehe moon\n|player|p1|\n|l| dfsgfdgdghghfh\n|l| gayaoi\n|l| Lorul\n",
  "uploadtime": 1776534029,
  "views": 14,
  "formatid": "gen9championsvgc2026regma",
  "rating": null,
  "private": 0,
  "password": null
}