{
  "id": "gen9championsvgc2026regma-2582801096",
  "format": "[Gen 9 Champions] VGC 2026 Reg M-A",
  "players": [
    "j1799",
    "B. Farro"
  ],
  "log": "|j|\u2606j1799\n|j|\u2606B. Farro\n|t:|1776115139\n|gametype|doubles\n|player|p1|j1799|101|1137\n|player|p2|B. Farro|ingo|1206\n|gen|9\n|tier|[Gen 9 Champions] VGC 2026 Reg M-A\n|rated|\n|rule|Species Clause: Limit one of each Pok\u00e9mon\n|rule|Item Clause: Limit 1 of each item\n|clearpoke\n|poke|p1|Charizard, L50, F|\n|poke|p1|Venusaur, L50, M|\n|poke|p1|Garchomp, L50, F|\n|poke|p1|Incineroar, L50, F|\n|poke|p1|Gardevoir, L50, M|\n|poke|p1|Milotic, L50, F|\n|poke|p2|Glimmora, L50, M|\n|poke|p2|Whimsicott, L50, F|\n|poke|p2|Altaria, L50, M|\n|poke|p2|Tauros-Paldea-Blaze, L50, M|\n|poke|p2|Garchomp, L50, M|\n|poke|p2|Kangaskhan, L50, F|\n|teampreview|4\nj1799 rejected open team sheets.\n|inactive|Battle timer is ON: inactive players will automatically lose when time's up. (requested by j1799)\n|\n|t:|1776115195\n|teamsize|p1|4\n|teamsize|p2|4\n|start\n|switch|p1a: Charizard|Charizard, L50, F|100/100\n|switch|p1b: Venusaur|Venusaur, L50, M|100/100\n|switch|p2a: Glimmora|Glimmora, L50, M|100/100\n|switch|p2b: Altaria|Altaria, L50, M|100/100\n|-ability|p2b: Altaria|Cloud Nine\n|turn|1\n|inactive|j1799 has 30 seconds left.\n|inactive|B. Farro has 30 seconds left.\n|inactive|B. Farro has 20 seconds left.\n|inactive|B. Farro has 15 seconds left.\n|\n|t:|1776115236\n|detailschange|p1a: Charizard|Charizard-Mega-Y, L50, F\n|-mega|p1a: Charizard|Charizard|Charizardite Y\n|-weather|SunnyDay|[from] ability: Drought|[of] p1a: Charizard\n|move|p2a: Glimmora|Spiky Shield|p2a: Glimmora\n|-singleturn|p2a: Glimmora|move: Protect\n|move|p1a: Charizard|Protect|p1a: Charizard\n|-singleturn|p1a: Charizard|Protect\n|move|p1b: Venusaur|Sleep Powder|p2a: Glimmora\n|-activate|p2a: Glimmora|move: Protect\n|move|p2b: Altaria|Tailwind|p2b: Altaria\n|-sidestart|p2: B. Farro|move: Tailwind\n|\n|-weather|SunnyDay|[upkeep]\n|upkeep\n|turn|2\n|inactive|j1799 has 30 seconds left.\n|inactive|B. Farro has 30 seconds left.\n|\n|t:|1776115265\n|switch|p1a: Gardevoir|Gardevoir, L50, M|100/100\n|-ability|p1a: Gardevoir|Cloud Nine|Trace|[from] ability: Trace|[of] p2b: Altaria\n|detailschange|p2a: Glimmora|Glimmora-Mega, L50, M\n|-mega|p2a: Glimmora|Glimmora|Glimmoranite\n|move|p1b: Venusaur|Protect|p1b: Venusaur\n|-singleturn|p1b: Venusaur|Protect\n|move|p2a: Glimmora|Sludge Bomb|p1b: Venusaur\n|-activate|p1b: Venusaur|move: Protect\n|move|p2b: Altaria|Ice Beam|p1b: Venusaur\n|-activate|p1b: Venusaur|move: Protect\n|\n|-weather|SunnyDay|[upkeep]\n|upkeep\n|turn|3\n|inactive|j1799 has 30 seconds left.\n|inactive|B. Farro has 30 seconds left.\n|inactive|j1799 has 20 seconds left.\n|inactive|B. Farro has 20 seconds left.\n|inactive|j1799 has 15 seconds left.\n|inactive|j1799 has 10 seconds left.\n|inactive|B. Farro has 15 seconds left.\n|\n|t:|1776115312\n|move|p2a: Glimmora|Sludge Bomb|p1a: Gardevoir\n|-supereffective|p1a: Gardevoir|1\n|-damage|p1a: Gardevoir|0 fnt\n|faint|p1a: Gardevoir\n|move|p2b: Altaria|Ice Beam|p1b: Venusaur\n|-supereffective|p1b: Venusaur|1\n|-damage|p1b: Venusaur|53/100\n|move|p1b: Venusaur|Leaf Storm|p2a: Glimmora\n|-damage|p2a: Glimmora|35/100\n|-unboost|p1b: Venusaur|spa|2\n|\n|-weather|SunnyDay|[upkeep]\n|upkeep\n|\n|t:|1776115324\n|switch|p1a: Incineroar|Incineroar, L50, F|100/100\n|-ability|p1a: Incineroar|Intimidate|boost\n|-unboost|p2a: Glimmora|atk|1\n|-unboost|p2b: Altaria|atk|1\n|turn|4\n|inactive|B. Farro has 30 seconds left.\n|\n|t:|1776115354\n|switch|p2a: Whimsicott|Whimsicott, L50, F|100/100\n|move|p1a: Incineroar|Fake Out|p2a: Whimsicott\n|-damage|p2a: Whimsicott|84/100\n|move|p2b: Altaria|Ice Beam|p1b: Venusaur\n|-supereffective|p1b: Venusaur|1\n|-damage|p1b: Venusaur|7/100\n|move|p1b: Venusaur|Sleep Powder|p2a: Whimsicott\n|-immune|p2a: Whimsicott\n|\n|-weather|SunnyDay|[upkeep]\n|-sideend|p2: B. Farro|move: Tailwind\n|upkeep\n|turn|5\n|inactive|B. Farro has 30 seconds left.\n|\n|t:|1776115381\n|move|p1b: Venusaur|Protect|p1b: Venusaur\n|-singleturn|p1b: Venusaur|Protect\n|move|p2a: Whimsicott|Tailwind|p2a: Whimsicott\n|-sidestart|p2: B. Farro|move: Tailwind\n|move|p2b: Altaria|Moonblast|p1b: Venusaur\n|-activate|p1b: Venusaur|move: Protect\n|move|p1a: Incineroar|Flare Blitz|p2a: Whimsicott\n|-supereffective|p2a: Whimsicott|1\n|-damage|p2a: Whimsicott|0 fnt\n|faint|p2a: Whimsicott\n|-damage|p1a: Incineroar|82/100|[from] Recoil\n|\n|-weather|none\n|upkeep\n|\n|t:|1776115389\n|switch|p2a: Kangaskhan|Kangaskhan, L50, F|100/100\n|turn|6\n|\n|t:|1776115402\n|switch|p1b: Charizard|Charizard-Mega-Y, L50, F|100/100\n|-weather|SunnyDay|[from] ability: Drought|[of] p1b: Charizard\n|move|p2b: Altaria|Ice Beam|p1b: Charizard\n|-damage|p1b: Charizard|80/100\n|move|p2a: Kangaskhan|Drain Punch|p1a: Incineroar\n|-supereffective|p1a: Incineroar|1\n|-damage|p1a: Incineroar|52/100\n|move|p1a: Incineroar|Parting Shot|p2a: Kangaskhan\n|-unboost|p2a: Kangaskhan|atk|1\n|-unboost|p2a: Kangaskhan|spa|1\n|\n|t:|1776115413\n|switch|p1a: Venusaur|Venusaur, L50, M|7/100|[from] Parting Shot\n|\n|-weather|SunnyDay|[upkeep]\n|upkeep\n|turn|7\n|\n|t:|1776115431\n|move|p2b: Altaria|Ice Beam|p1a: Venusaur\n|-supereffective|p1a: Venusaur|1\n|-damage|p1a: Venusaur|0 fnt\n|faint|p1a: Venusaur\n|move|p2a: Kangaskhan|Double-Edge|p1b: Charizard\n|-damage|p1b: Charizard|36/100\n|-damage|p2a: Kangaskhan|89/100|[from] Recoil\n|move|p1b: Charizard|Heat Wave|p2b: Altaria|[spread] p2a,p2b\n|-resisted|p2b: Altaria|1\n|-damage|p2a: Kangaskhan|49/100\n|-damage|p2b: Altaria|77/100\n|\n|-weather|SunnyDay|[upkeep]\n|upkeep\n|\n|t:|1776115441\n|switch|p1a: Incineroar|Incineroar, L50, F|52/100\n|-ability|p1a: Incineroar|Intimidate|boost\n|-fail|p2a: Kangaskhan|unboost|Attack|[from] ability: Scrappy|[of] p2a: Kangaskhan\n|-unboost|p2b: Altaria|atk|1\n|turn|8\n|\n|t:|1776115458\n|move|p2a: Kangaskhan|Protect|p2a: Kangaskhan\n|-singleturn|p2a: Kangaskhan|Protect\n|move|p1a: Incineroar|Fake Out|p2b: Altaria\n|-damage|p2b: Altaria|64/100\n|cant|p2b: Altaria|flinch\n|move|p1b: Charizard|Heat Wave|p2a: Kangaskhan|[spread] p2b\n|-activate|p2a: Kangaskhan|move: Protect\n|-resisted|p2b: Altaria|1\n|-damage|p2b: Altaria|38/100\n|\n|-weather|SunnyDay|[upkeep]\n|-sideend|p2: B. Farro|move: Tailwind\n|upkeep\n|turn|9\n|inactive|B. Farro has 30 seconds left.\n|\n|t:|1776115484\n|move|p1b: Charizard|Heat Wave|p2b: Altaria|[spread] p2a,p2b\n|-resisted|p2b: Altaria|1\n|-damage|p2a: Kangaskhan|5/100\n|-damage|p2b: Altaria|15/100\n|move|p2b: Altaria|Moonblast|p1a: Incineroar\n|-damage|p1a: Incineroar|32/100\n|-enditem|p1a: Incineroar|Sitrus Berry|[eat]\n|-heal|p1a: Incineroar|57/100|[from] item: Sitrus Berry\n|move|p2a: Kangaskhan|Double-Edge|p1b: Charizard\n|-damage|p1b: Charizard|0 fnt\n|faint|p1b: Charizard\n|-damage|p2a: Kangaskhan|0 fnt|[from] Recoil\n|faint|p2a: Kangaskhan\n|move|p1a: Incineroar|Throat Chop|p2b: Altaria\n|-damage|p2b: Altaria|0 fnt\n|faint|p2b: Altaria\n|\n|-weather|SunnyDay|[upkeep]\n|upkeep\n|\n|t:|1776115501\n|switch|p2a: Glimmora|Glimmora-Mega, L50, M|35/100\n|turn|10\n|\n|t:|1776115512\n|move|p2a: Glimmora|Power Gem|p1a: Incineroar\n|-supereffective|p1a: Incineroar|1\n|-damage|p1a: Incineroar|0 fnt\n|faint|p1a: Incineroar\n|\n|win|B. Farro\n|raw|j1799's rating: 1137 &rarr; <strong>1117</strong><br />(-20 for losing)\n|raw|B. Farro's rating: 1206 &rarr; <strong>1226</strong><br />(+20 for winning)\n|l|\u2606j1799\n|player|p1|\n",
  "uploadtime": 1776115523,
  "views": 17,
  "formatid": "gen9championsvgc2026regma",
  "rating": 1117,
  "private": 0,
  "password": null
}