{
  "id": "gen9championsvgc2026regma-2588960249",
  "format": "[Gen 9 Champions] VGC 2026 Reg M-A",
  "players": [
    "zazagotzasauce",
    "5gig"
  ],
  "log": "|j|\u2606zazagotzasauce\n|j|\u26065gig\n|t:|1776689650\n|gametype|doubles\n|player|p1|zazagotzasauce|1|1110\n|player|p2|5gig|102|1034\n|gen|9\n|tier|[Gen 9 Champions] VGC 2026 Reg M-A\n|rated|\n|rule|Species Clause: Limit one of each Pok\u00e9mon\n|rule|Item Clause: Limit 1 of each item\n|clearpoke\n|poke|p1|Scovillain, L50, F|\n|poke|p1|Umbreon, L50, M|\n|poke|p1|Whimsicott, L50, F|\n|poke|p1|Froslass, L50, F|\n|poke|p1|Beartic, L50, F|\n|poke|p1|Weavile, L50, M|\n|poke|p2|Gengar, L50, F, shiny|\n|poke|p2|Whimsicott, L50, M|\n|poke|p2|Volcarona, L50, F|\n|poke|p2|Klefki, L50, F|\n|poke|p2|Garchomp, L50, F|\n|poke|p2|Kingambit, L50, F|\n|teampreview|4\n|inactive|Battle timer is ON: inactive players will automatically lose when time's up. (requested by zazagotzasauce)\n|inactive|zazagotzasauce has 60 seconds left.\n|inactive|zazagotzasauce has 30 seconds left.\n|\n|t:|1776689717\n|teamsize|p1|4\n|teamsize|p2|4\n|start\n|switch|p1a: Scovillain|Scovillain, L50, F|100/100\n|switch|p1b: Whimsicott|Whimsicott, L50, F|100/100\n|switch|p2a: Gengar|Gengar, L50, F, shiny|100/100\n|switch|p2b: Whimsicott|Whimsicott, L50, M|100/100\n|turn|1\n|inactive|5gig has 30 seconds left.\n|inactive|5gig has 20 seconds left.\n|inactive|5gig has 15 seconds left.\n|\n|t:|1776689757\n|detailschange|p2a: Gengar|Gengar-Mega, L50, F, shiny\n|-mega|p2a: Gengar|Gengar|Gengarite\n|move|p1a: Scovillain|Protect|p1a: Scovillain\n|-singleturn|p1a: Scovillain|Protect\n|move|p2b: Whimsicott|Tailwind|p2b: Whimsicott\n|-sidestart|p2: 5gig|move: Tailwind\n|move|p1b: Whimsicott|Tailwind|p1b: Whimsicott\n|-sidestart|p1: zazagotzasauce|move: Tailwind\n|move|p2a: Gengar|Shadow Ball|p1a: Scovillain\n|-activate|p1a: Scovillain|move: Protect\n|\n|-ability|p1a: Scovillain|Moody|boost\n|-boost|p1a: Scovillain|spe|2\n|-unboost|p1a: Scovillain|atk|1\n|upkeep\n|turn|2\n|inactive|zazagotzasauce has 30 seconds left.\n|inactive|zazagotzasauce has 20 seconds left.\n|inactive|zazagotzasauce has 15 seconds left.\n|inactive|zazagotzasauce has 10 seconds left.\n|inactive|zazagotzasauce has 5 seconds left.\n|\n|t:|1776689812\n|move|p2b: Whimsicott|Encore|p1a: Scovillain\n|-start|p1a: Scovillain|Encore\n|move|p1a: Scovillain|Protect|p1a: Scovillain\n|-singleturn|p1a: Scovillain|Protect\n|move|p1b: Whimsicott|Tailwind||[still]\n|-fail|p1b: Whimsicott\n|move|p2a: Gengar|Shadow Ball|p1b: Whimsicott\n|-damage|p1b: Whimsicott|39/100\n|\n|-ability|p1a: Scovillain|Moody|boost\n|-boost|p1a: Scovillain|spe|2\n|-unboost|p1a: Scovillain|def|1\n|upkeep\n|turn|3\n|inactive|5gig has 30 seconds left.\n|inactive|5gig has 20 seconds left.\n|inactive|5gig has 15 seconds left.\n|inactive|5gig has 10 seconds left.\n|\n|t:|1776689862\n|move|p1a: Scovillain|Protect||[still]\n|-fail|p1a: Scovillain\n|move|p1b: Whimsicott|Encore||[still]\n|-fail|p1b: Whimsicott\n|move|p2a: Gengar|Shadow Ball|p1b: Whimsicott\n|-damage|p1b: Whimsicott|0 fnt\n|faint|p1b: Whimsicott\n|move|p2b: Whimsicott|Moonblast|p1a: Scovillain\n|-resisted|p1a: Scovillain|1\n|-damage|p1a: Scovillain|75/100\n|\n|-ability|p1a: Scovillain|Moody|boost\n|-boost|p1a: Scovillain|spd|2\n|-unboost|p1a: Scovillain|atk|1\n|upkeep\n|\n|t:|1776689882\n|switch|p1b: Weavile|Weavile, L50, M|100/100\n|-ability|p1b: Weavile|Pressure\n|turn|4\n|\n|t:|1776689900\n|move|p2b: Whimsicott|Protect|p2b: Whimsicott\n|-singleturn|p2b: Whimsicott|Protect\n|move|p1a: Scovillain|Protect|p1a: Scovillain\n|-singleturn|p1a: Scovillain|Protect\n|move|p2a: Gengar|Protect|p2a: Gengar\n|-singleturn|p2a: Gengar|Protect\n|move|p1b: Weavile|Triple Axel|p2b: Whimsicott\n|-activate|p2b: Whimsicott|move: Protect\n|\n|-end|p1a: Scovillain|Encore\n|-sideend|p1: zazagotzasauce|move: Tailwind\n|-sideend|p2: 5gig|move: Tailwind\n|-ability|p1a: Scovillain|Moody|boost\n|-boost|p1a: Scovillain|spe|2\n|-unboost|p1a: Scovillain|spd|1\n|upkeep\n|turn|5\n|inactive|zazagotzasauce has 30 seconds left.\n|inactive|5gig has 30 seconds left.\n|\n|t:|1776689928\n|move|p2b: Whimsicott|Encore|p1a: Scovillain\n|-start|p1a: Scovillain|Encore\n|move|p1a: Scovillain|Protect||[still]\n|-fail|p1a: Scovillain\n|move|p2a: Gengar|Disable|p1a: Scovillain\n|-start|p1a: Scovillain|Disable|Protect\n|move|p1b: Weavile|Foul Play|p2a: Gengar\n|-supereffective|p2a: Gengar|1\n|-damage|p2a: Gengar|33/100\n|\n|-ability|p1a: Scovillain|Moody|boost\n|-boost|p1a: Scovillain|atk|2\n|-unboost|p1a: Scovillain|spd|1\n|upkeep\n|turn|6\n|\n|t:|1776689946\n|move|p2b: Whimsicott|Encore|p1b: Weavile\n|-hint|Since gen 7, Dark is immune to Prankster moves.\n|-immune|p1b: Weavile\n|-activate|p1a: Scovillain|move: Struggle\n|move|p1a: Scovillain|Struggle|p2b: Whimsicott\n|-damage|p2b: Whimsicott|82/100\n|-damage|p1a: Scovillain|50/100|[from] recoil\n|move|p2a: Gengar|Disable|p1b: Weavile\n|-start|p1b: Weavile|Disable|Foul Play\n|cant|p1b: Weavile|Disable|Foul Play\n|\n|-ability|p1a: Scovillain|Moody|boost\n|-boost|p1a: Scovillain|spd|2\n|-unboost|p1a: Scovillain|def|1\n|upkeep\n|turn|7\n|\n|t:|1776689965\n|move|p2b: Whimsicott|Tailwind|p2b: Whimsicott\n|-sidestart|p2: 5gig|move: Tailwind\n|-activate|p1a: Scovillain|move: Struggle\n|move|p1a: Scovillain|Struggle|p2a: Gengar\n|-damage|p2a: Gengar|14/100\n|-damage|p1a: Scovillain|25/100|[from] recoil\n|move|p2a: Gengar|Shadow Ball|p1a: Scovillain\n|-damage|p1a: Scovillain|0 fnt\n|faint|p1a: Scovillain\n|move|p1b: Weavile|Triple Axel|p2a: Gengar\n|-damage|p2a: Gengar|0 fnt\n|faint|p2a: Gengar\n|-hitcount|p2: Gengar|1\n|\n|upkeep\n|c|\u2606zazagotzasauce|Skilless fucking mon so annoying\n|c|\u2606zazagotzasauce|Just got fucked over\n|c|\u26065gig|wdym?\n|c|\u2606zazagotzasauce|Now i lose\n|inactive|5gig has 30 seconds left.\n|\n|t:|1776689991\n|switch|p2a: Kingambit|Kingambit, L50, F|100/100\n|switch|p1a: Umbreon|Umbreon, L50, M|100/100\n|turn|8\n|c|\u2606zazagotzasauce|Gengar is fucking dumb\n|c|\u2606zazagotzasauce|So fucking annoying\n|-message|zazagotzasauce forfeited.\n|\n|win|5gig\n",
  "uploadtime": 1776689968,
  "views": 1,
  "formatid": "gen9championsvgc2026regma",
  "rating": null,
  "private": 0,
  "password": null
}