{
  "id": "gen9championsvgc2026regma-2586705265",
  "format": "[Gen 9 Champions] VGC 2026 Reg M-A",
  "players": [
    "plini123456",
    "pokeseanz"
  ],
  "log": "|j|\u2606plini123456\n|j|\u2606pokeseanz\n|t:|1776453571\n|gametype|doubles\n|player|p1|plini123456|brycenman|1096\n|player|p2|pokeseanz|265|1061\n|gen|9\n|tier|[Gen 9 Champions] VGC 2026 Reg M-A\n|rated|\n|rule|Species Clause: Limit one of each Pok\u00e9mon\n|rule|Item Clause: Limit 1 of each item\n|clearpoke\n|poke|p1|Sinistcha, L50|\n|poke|p1|Farigiraf, L50, F|\n|poke|p1|Rotom-Wash, L50|\n|poke|p1|Charizard, L50, F|\n|poke|p1|Salazzle, L50, F|\n|poke|p1|Goodra-Hisui, L50, F|\n|poke|p2|Venusaur, L50, M|\n|poke|p2|Rotom-Wash, L50|\n|poke|p2|Politoed, L50, M|\n|poke|p2|Incineroar, L50, F|\n|poke|p2|Sinistcha, L50|\n|poke|p2|Kingambit, L50, M|\n|teampreview|4\n|inactive|Battle timer is ON: inactive players will automatically lose when time's up. (requested by pokeseanz)\n|inactive|plini123456 has 60 seconds left.\n|inactive|pokeseanz has 60 seconds left.\n|\n|t:|1776453626\n|teamsize|p1|4\n|teamsize|p2|4\n|start\n|switch|p1a: Salazzle|Salazzle, L50, F|100/100\n|switch|p1b: Charizard|Charizard, L50, F|100/100\n|switch|p2a: Venusaur|Venusaur, L50, M|100/100\n|switch|p2b: Rotom|Rotom-Wash, L50|100/100\n|turn|1\n|inactive|plini123456 has 30 seconds left.\n|inactive|plini123456 has 20 seconds left.\n|\n|t:|1776453663\n|detailschange|p1b: Charizard|Charizard-Mega-X, L50, F\n|-mega|p1b: Charizard|Charizard|Charizardite X\n|detailschange|p2a: Venusaur|Venusaur-Mega, L50, M\n|-mega|p2a: Venusaur|Venusaur|Venusaurite\n|move|p1a: Salazzle|Fake Out|p2a: Venusaur\n|-damage|p2a: Venusaur|96/100\n|move|p2b: Rotom|Volt Switch|p1b: Charizard\n|-resisted|p1b: Charizard|1\n|-damage|p1b: Charizard|79/100\n|\n|t:|1776453680\n|switch|p2b: Politoed|Politoed, L50, M|100/100|[from] Volt Switch\n|-weather|RainDance|[from] ability: Drizzle|[of] p2b: Politoed\n|move|p1b: Charizard|Flare Blitz|p2a: Venusaur\n|-supereffective|p2a: Venusaur|1\n|-damage|p2a: Venusaur|69/100\n|-status|p2a: Venusaur|brn\n|-damage|p1b: Charizard|68/100|[from] Recoil\n|cant|p2a: Venusaur|flinch\n|\n|-weather|RainDance|[upkeep]\n|-damage|p2a: Venusaur|63/100 brn|[from] brn\n|upkeep\n|turn|2\n|inactive|plini123456 has 30 seconds left.\n|\n|t:|1776453706\n|move|p1a: Salazzle|Dragon Cheer|p1b: Charizard\n|-start|p1b: Charizard|move: Dragon Cheer\n|move|p1b: Charizard|Dragon Claw|p2b: Politoed\n|-damage|p2b: Politoed|43/100\n|move|p2b: Politoed|Weather Ball|p1a: Salazzle\n|-supereffective|p1a: Salazzle|1\n|-enditem|p1a: Salazzle|Focus Sash\n|-damage|p1a: Salazzle|1/100\n|move|p2a: Venusaur|Leech Seed|p1b: Charizard\n|-start|p1b: Charizard|move: Leech Seed\n|\n|-weather|RainDance|[upkeep]\n|-heal|p2b: Politoed|49/100|[from] item: Leftovers\n|-damage|p1b: Charizard|55/100|[from] Leech Seed|[of] p2a: Venusaur\n|-heal|p2a: Venusaur|73/100 brn|[silent]\n|-damage|p2a: Venusaur|67/100 brn|[from] brn\n|upkeep\n|turn|3\n|inactive|plini123456 has 30 seconds left.\n|inactive|pokeseanz has 30 seconds left.\n|inactive|plini123456 has 20 seconds left.\n|inactive|pokeseanz has 20 seconds left.\n|inactive|plini123456 has 15 seconds left.\n|inactive|plini123456 has 10 seconds left.\n|\n|t:|1776453752\n|switch|p1b: Rotom|Rotom-Wash, L50|100/100\n|switch|p2b: Sinistcha|Sinistcha, L50|100/100\n|-heal|p2a: Venusaur|92/100 brn|[from] ability: Hospitality|[of] p2b: Sinistcha\n|move|p1a: Salazzle|Sludge Bomb|p2b: Sinistcha\n|-damage|p2b: Sinistcha|56/100\n|-status|p2b: Sinistcha|psn\n|move|p2a: Venusaur|Giga Drain|p1a: Salazzle\n|-resisted|p1a: Salazzle|2\n|-damage|p1a: Salazzle|0 fnt\n|-heal|p2a: Venusaur|93/100 brn|[from] drain|[of] p1a: Salazzle\n|faint|p1a: Salazzle\n|\n|-weather|RainDance|[upkeep]\n|-damage|p2b: Sinistcha|43/100 psn|[from] psn\n|-damage|p2a: Venusaur|87/100 brn|[from] brn\n|upkeep\n|-enditem|p2b: Sinistcha|Sitrus Berry|[eat]\n|-heal|p2b: Sinistcha|68/100 psn|[from] item: Sitrus Berry\n|\n|t:|1776453777\n|switch|p1a: Charizard|Charizard-Mega-X, L50, F|55/100\n|turn|4\n|inactive|plini123456 has 30 seconds left.\n|inactive|pokeseanz has 30 seconds left.\n|\n|t:|1776453808\n|move|p1a: Charizard|Dragon Dance|p1a: Charizard\n|-boost|p1a: Charizard|atk|1\n|-boost|p1a: Charizard|spe|1\n|move|p2a: Venusaur|Giga Drain|p1b: Rotom\n|-supereffective|p1b: Rotom|1\n|-damage|p1b: Rotom|39/100\n|-heal|p2a: Venusaur|100/100 brn|[from] drain|[of] p1b: Rotom\n|-enditem|p1b: Rotom|Sitrus Berry|[eat]\n|-heal|p1b: Rotom|64/100|[from] item: Sitrus Berry\n|move|p1b: Rotom|Volt Switch|p2b: Sinistcha\n|-resisted|p2b: Sinistcha|1\n|-damage|p2b: Sinistcha|49/100 psn\n|\n|t:|1776453821\n|switch|p1b: Sinistcha|Sinistcha, L50|100/100|[from] Volt Switch\n|-heal|p1a: Charizard|80/100|[from] ability: Hospitality|[of] p1b: Sinistcha\n|move|p2b: Sinistcha|Matcha Gotcha|p1a: Charizard|[spread] p1a,p1b\n|-resisted|p1a: Charizard|2\n|-resisted|p1b: Sinistcha|1\n|-damage|p1a: Charizard|73/100\n|-heal|p2b: Sinistcha|52/100 psn|[from] drain|[of] p1a: Charizard\n|-damage|p1b: Sinistcha|88/100\n|-heal|p2b: Sinistcha|59/100 psn|[from] drain|[of] p1b: Sinistcha\n|\n|-weather|RainDance|[upkeep]\n|-damage|p2b: Sinistcha|47/100 psn|[from] psn\n|-damage|p2a: Venusaur|95/100 brn|[from] brn\n|upkeep\n|turn|5\n|inactive|plini123456 has 30 seconds left.\n|inactive|plini123456 has 20 seconds left.\n|inactive|plini123456 has 15 seconds left.\n|inactive|plini123456 has 10 seconds left.\n|\n|t:|1776453869\n|switch|p2b: Rotom|Rotom-Wash, L50|100/100\n|move|p1a: Charizard|Flare Blitz|p2b: Rotom\n|-resisted|p2b: Rotom|1\n|-damage|p2b: Rotom|61/100\n|-damage|p1a: Charizard|62/100|[from] Recoil\n|move|p2a: Venusaur|Leech Seed|p1a: Charizard\n|-start|p1a: Charizard|move: Leech Seed\n|move|p1b: Sinistcha|Shadow Ball|p2b: Rotom\n|-damage|p2b: Rotom|18/100\n|\n|-weather|none\n|-damage|p1a: Charizard|50/100|[from] Leech Seed|[of] p2a: Venusaur\n|-heal|p2a: Venusaur|100/100 brn|[silent]\n|-damage|p2a: Venusaur|95/100 brn|[from] brn\n|upkeep\n|turn|6\n|inactive|plini123456 has 30 seconds left.\n|inactive|pokeseanz has 30 seconds left.\n|\n|t:|1776453898\n|switch|p2b: Politoed|Politoed, L50, M|49/100\n|-weather|RainDance|[from] ability: Drizzle|[of] p2b: Politoed\n|move|p1a: Charizard|Flare Blitz|p2a: Venusaur\n|-supereffective|p2a: Venusaur|1\n|-damage|p2a: Venusaur|54/100 brn\n|-damage|p1a: Charizard|34/100|[from] Recoil\n|move|p2a: Venusaur|Sludge Bomb|p1b: Sinistcha|[miss]\n|-miss|p2a: Venusaur|p1b: Sinistcha\n|move|p1b: Sinistcha|Shadow Ball|p2b: Politoed\n|-damage|p2b: Politoed|20/100\n|-unboost|p2b: Politoed|spd|1\n|\n|-weather|RainDance|[upkeep]\n|-heal|p2b: Politoed|27/100|[from] item: Leftovers\n|-damage|p1a: Charizard|22/100|[from] Leech Seed|[of] p2a: Venusaur\n|-heal|p2a: Venusaur|65/100 brn|[silent]\n|-damage|p2a: Venusaur|59/100 brn|[from] brn\n|upkeep\n|turn|7\n|inactive|plini123456 has 30 seconds left.\n|inactive|pokeseanz has 30 seconds left.\n|inactive|pokeseanz has 20 seconds left.\n|\n|t:|1776453933\n|switch|p1a: Rotom|Rotom-Wash, L50|64/100\n|move|p2b: Politoed|Icy Wind|p1b: Sinistcha|[spread] p1a,p1b\n|-resisted|p1a: Rotom|1\n|-supereffective|p1b: Sinistcha|1\n|-damage|p1a: Rotom|60/100\n|-damage|p1b: Sinistcha|67/100\n|-unboost|p1a: Rotom|spe|1\n|-unboost|p1b: Sinistcha|spe|1\n|move|p2a: Venusaur|Giga Drain|p1b: Sinistcha|[miss]\n|-miss|p2a: Venusaur|p1b: Sinistcha\n|move|p1b: Sinistcha|Matcha Gotcha|p2b: Politoed|[spread] p2a,p2b\n|-resisted|p2a: Venusaur|2\n|-supereffective|p2b: Politoed|1\n|-damage|p2a: Venusaur|54/100 brn\n|-heal|p1b: Sinistcha|70/100|[from] drain|[of] p2a: Venusaur\n|-damage|p2b: Politoed|0 fnt\n|-heal|p1b: Sinistcha|84/100|[from] drain|[of] p2b: Politoed\n|faint|p2b: Politoed\n|\n|-weather|RainDance|[upkeep]\n|-damage|p2a: Venusaur|48/100 brn|[from] brn\n|upkeep\n|\n|t:|1776453942\n|switch|p2b: Sinistcha|Sinistcha, L50|47/100 psn\n|-heal|p2a: Venusaur|73/100 brn|[from] ability: Hospitality|[of] p2b: Sinistcha\n|turn|8\n|inactive|plini123456 has 30 seconds left.\n|\n|t:|1776453977\n|move|p2a: Venusaur|Leech Seed|p1a: Rotom\n|-start|p1a: Rotom|move: Leech Seed\n|move|p2b: Sinistcha|Life Dew|p2b: Sinistcha|[spread] p2a,p2b\n|-heal|p2a: Venusaur|98/100 brn\n|-heal|p2b: Sinistcha|72/100 psn\n|move|p1a: Rotom|Volt Switch|p2b: Sinistcha\n|-resisted|p2b: Sinistcha|1\n|-damage|p2b: Sinistcha|51/100 psn\n|\n|t:|1776453993\n|switch|p1a: Charizard|Charizard-Mega-X, L50, F|22/100|[from] Volt Switch\n|move|p1b: Sinistcha|Shadow Ball|p2b: Sinistcha\n|-supereffective|p2b: Sinistcha|1\n|-damage|p2b: Sinistcha|0 fnt\n|faint|p2b: Sinistcha\n|\n|-weather|RainDance|[upkeep]\n|-damage|p2a: Venusaur|92/100 brn|[from] brn\n|upkeep\n|\n|t:|1776454002\n|switch|p2b: Rotom|Rotom-Wash, L50|18/100\n|turn|9\n|inactive|plini123456 has 30 seconds left.\n|inactive|pokeseanz has 30 seconds left.\n|\n|t:|1776454034\n|switch|p1a: Rotom|Rotom-Wash, L50|60/100\n|move|p2b: Rotom|Trick|p1b: Sinistcha\n|-activate|p2b: Rotom|move: Trick|[of] p1b: Sinistcha\n|-item|p1b: Sinistcha|Choice Scarf|[from] move: Trick\n|-item|p2b: Rotom|Bright Powder|[from] move: Trick\n|move|p2a: Venusaur|Sludge Bomb|p1b: Sinistcha\n|-damage|p1b: Sinistcha|44/100\n|move|p1b: Sinistcha|Matcha Gotcha|p2a: Venusaur|[spread] p2a\n|-miss|p1b: Sinistcha|p2b: Rotom\n|-resisted|p2a: Venusaur|2\n|-damage|p2a: Venusaur|87/100 brn\n|-heal|p1b: Sinistcha|46/100|[from] drain|[of] p2a: Venusaur\n|\n|-weather|RainDance|[upkeep]\n|-damage|p2a: Venusaur|81/100 brn|[from] brn\n|upkeep\n|turn|10\n|\n|t:|1776454056\n|move|p2b: Rotom|Electroweb|p1b: Sinistcha|[spread] p1a,p1b\n|-resisted|p1b: Sinistcha|1\n|-damage|p1a: Rotom|37/100\n|-damage|p1b: Sinistcha|34/100\n|-unboost|p1a: Rotom|spe|1\n|-unboost|p1b: Sinistcha|spe|1\n|move|p2a: Venusaur|Giga Drain|p1a: Rotom\n|-supereffective|p1a: Rotom|1\n|-damage|p1a: Rotom|0 fnt\n|-heal|p2a: Venusaur|97/100 brn|[from] drain|[of] p1a: Rotom\n|faint|p1a: Rotom\n|move|p1b: Sinistcha|Matcha Gotcha|p2b: Rotom|[spread] p2a\n|-miss|p1b: Sinistcha|p2b: Rotom\n|-resisted|p2a: Venusaur|2\n|-damage|p2a: Venusaur|92/100 brn\n|-heal|p1b: Sinistcha|37/100|[from] drain|[of] p2a: Venusaur\n|\n|-weather|none\n|-damage|p2a: Venusaur|86/100 brn|[from] brn\n|upkeep\n|c|\u2606plini123456|omg\n|\n|t:|1776454078\n|switch|p1a: Charizard|Charizard-Mega-X, L50, F|22/100\n|turn|11\n|\n|t:|1776454085\n|move|p1a: Charizard|Flare Blitz|p2a: Venusaur\n|-supereffective|p2a: Venusaur|1\n|-damage|p2a: Venusaur|31/100 brn\n|-damage|p1a: Charizard|0 fnt|[from] Recoil\n|faint|p1a: Charizard\n|move|p2b: Rotom|Electroweb|p1b: Sinistcha\n|-resisted|p1b: Sinistcha|1\n|-crit|p1b: Sinistcha\n|-damage|p1b: Sinistcha|15/100\n|-unboost|p1b: Sinistcha|spe|1\n|move|p2a: Venusaur|Sludge Bomb|p1b: Sinistcha\n|-damage|p1b: Sinistcha|0 fnt\n|faint|p1b: Sinistcha\n|\n|win|pokeseanz\n|raw|plini123456's rating: 1096 &rarr; <strong>1069</strong><br />(-27 for losing)\n|raw|pokeseanz's rating: 1061 &rarr; <strong>1095</strong><br />(+34 for winning)\n",
  "uploadtime": 1776454098,
  "views": 38,
  "formatid": "gen9championsvgc2026regma",
  "rating": 1069,
  "private": 0,
  "password": null
}