{
  "id": "gen9championsvgc2026regma-2580920131",
  "format": "[Gen 9 Champions] VGC 2026 Reg M-A",
  "players": [
    "kaslyn.__",
    "altersquared III"
  ],
  "log": "|j|\u2606kaslyn.__\n|j|\u2606altersquared III\n|t:|1775943410\n|gametype|doubles\n|player|p1|kaslyn.__|n|1000\n|player|p2|altersquared III|thorton|1049\n|gen|9\n|tier|[Gen 9 Champions] VGC 2026 Reg M-A\n|rated|\n|rule|Species Clause: Limit one of each Pok\u00e9mon\n|rule|Item Clause: Limit 1 of each item\n|clearpoke\n|poke|p1|Charizard, L50, F|\n|poke|p1|Venusaur, L50, M|\n|poke|p1|Typhlosion-Hisui, L50, F|\n|poke|p1|Mimikyu, L50, F|\n|poke|p1|Starmie, L50|\n|poke|p1|Kangaskhan, L50, F|\n|poke|p2|Floette-Eternal, L50, F|\n|poke|p2|Maushold-Four, L50|\n|poke|p2|Incineroar, L50, F|\n|poke|p2|Sneasler, L50, M|\n|poke|p2|Whimsicott, L50, M|\n|poke|p2|Garchomp, L50, M|\n|teampreview|4\n|inactive|Battle timer is ON: inactive players will automatically lose when time's up. (requested by altersquared III)\naltersquared III has agreed to open team sheets.\nkaslyn.__ has agreed to open team sheets.\n|showteam|p1|Charizard||CharizarditeY|SolarPower|HeatWave,SolarBeam,AirSlash,Protect|||F|||50|]Venusaur||OccaBerry|Chlorophyll|SolarBeam,SludgeBomb,SleepPowder,LeechSeed|||M|||50|]Typhlosion-Hisui||Charcoal|Frisk|Eruption,HeatWave,ShadowBall,InfernalParade|||F|||50|]Mimikyu||KasibBerry|Disguise|ShadowSneak,ShadowClaw,PlayRough,Protect|||F|||50|]Starmie||Starminite|NaturalCure|AquaJet,FlipTurn,Liquidation,ZenHeadbutt||||||50|]Kangaskhan||Kangaskhanite|Scrappy|DrainPunch,DoubleEdge,FakeOut,Protect|||F|||50|\n|showteam|p2|Floette-Eternal||Floettite|FlowerVeil|Moonblast,DazzlingGleam,CalmMind,Protect|||F|||50|]Maushold-Four||MentalHerb|FriendGuard|Protect,FollowMe,SuperFang,Encore||||||50|]Incineroar||SitrusBerry|Intimidate|FlareBlitz,FakeOut,PartingShot,ThroatChop|||F|||50|]Sneasler||FocusSash|Unburden|DireClaw,CloseCombat,FakeOut,Protect|||M|||50|]Whimsicott||Leftovers|Prankster|Tailwind,Moonblast,Taunt,Encore|||M|||50|]Garchomp||ChoiceScarf|RoughSkin|Earthquake,RockSlide,BreakingSwipe,StompingTantrum|||M|||50|\n|inactive|kaslyn.__ has 60 seconds left.\n|\n|t:|1775943467\n|teamsize|p1|4\n|teamsize|p2|4\n|start\n|switch|p1a: Charizard|Charizard, L50, F|100/100\n|switch|p1b: Starmie|Starmie, L50|100/100\n|switch|p2a: Hydrogen Bomb|Floette-Eternal, L50, F|100/100\n|switch|p2b: Whimsicott|Whimsicott, L50, M|100/100\n|turn|1\n|\n|t:|1775943482\n|detailschange|p2a: Hydrogen Bomb|Floette-Mega, L50, F\n|-mega|p2a: Hydrogen Bomb|Floette|Floettite\n|-ability|p2a: Hydrogen Bomb|Fairy Aura\n|move|p2b: Whimsicott|Tailwind|p2b: Whimsicott\n|-sidestart|p2: altersquared III|move: Tailwind\n|move|p2a: Hydrogen Bomb|Calm Mind|p2a: Hydrogen Bomb\n|-boost|p2a: Hydrogen Bomb|spa|1\n|-boost|p2a: Hydrogen Bomb|spd|1\n|move|p1b: Starmie|Liquidation|p2a: Hydrogen Bomb\n|-damage|p2a: Hydrogen Bomb|62/100\n|move|p1a: Charizard|Heat Wave|p2a: Hydrogen Bomb|[spread] p2a,p2b\n|-supereffective|p2b: Whimsicott|1\n|-damage|p2a: Hydrogen Bomb|44/100\n|-damage|p2b: Whimsicott|11/100\n|\n|-heal|p2b: Whimsicott|17/100|[from] item: Leftovers\n|upkeep\n|turn|2\n|\n|t:|1775943507\n|move|p1b: Starmie|Aqua Jet|p2a: Hydrogen Bomb\n|-damage|p2a: Hydrogen Bomb|22/100\n|move|p2b: Whimsicott|Moonblast|p1b: Starmie\n|-damage|p1b: Starmie|45/100\n|move|p2a: Hydrogen Bomb|Dazzling Gleam|p1a: Charizard|[spread] p1a,p1b\n|-resisted|p1a: Charizard|1\n|-damage|p1a: Charizard|50/100\n|-damage|p1b: Starmie|0 fnt\n|faint|p1b: Starmie\n|move|p1a: Charizard|Heat Wave|p2b: Whimsicott|[spread] p2a,p2b\n|-supereffective|p2b: Whimsicott|1\n|-damage|p2a: Hydrogen Bomb|4/100\n|-damage|p2b: Whimsicott|0 fnt\n|faint|p2b: Whimsicott\n|\n|upkeep\n|\n|t:|1775943521\n|switch|p2b: Incineroar|Incineroar, L50, F|100/100\n|switch|p1b: Venusaur|Venusaur, L50, M|100/100\n|-ability|p2b: Incineroar|Intimidate|boost\n|-unboost|p1a: Charizard|atk|1\n|-unboost|p1b: Venusaur|atk|1\n|turn|3\n|\n|t:|1775943545\n|move|p1a: Charizard|Protect|p1a: Charizard\n|-singleturn|p1a: Charizard|Protect\n|move|p2b: Incineroar|Fake Out|p1b: Venusaur\n|-damage|p1b: Venusaur|85/100\n|move|p2a: Hydrogen Bomb|Dazzling Gleam|p1a: Charizard|[spread] p1b\n|-activate|p1a: Charizard|move: Protect\n|-resisted|p1b: Venusaur|1\n|-damage|p1b: Venusaur|41/100\n|cant|p1b: Venusaur|flinch\n|\n|upkeep\n|turn|4\n|\n|t:|1775943562\n|detailschange|p1a: Charizard|Charizard-Mega-Y, L50, F\n|-mega|p1a: Charizard|Charizard|Charizardite Y\n|-weather|SunnyDay|[from] ability: Drought|[of] p1a: Charizard\n|move|p2a: Hydrogen Bomb|Dazzling Gleam|p1b: Venusaur|[spread] p1a,p1b\n|-resisted|p1a: Charizard|1\n|-resisted|p1b: Venusaur|1\n|-damage|p1a: Charizard|13/100\n|-damage|p1b: Venusaur|1/100\n|move|p1b: Venusaur|Sludge Bomb|p2b: Incineroar\n|-damage|p2b: Incineroar|70/100\n|move|p1a: Charizard|Heat Wave|p2a: Hydrogen Bomb|[spread] p2a,p2b\n|-resisted|p2b: Incineroar|1\n|-damage|p2a: Hydrogen Bomb|0 fnt\n|-damage|p2b: Incineroar|50/100\n|-enditem|p2b: Incineroar|Sitrus Berry|[eat]\n|-heal|p2b: Incineroar|75/100|[from] item: Sitrus Berry\n|faint|p2a: Hydrogen Bomb\n|move|p2b: Incineroar|Parting Shot|p1a: Charizard\n|-unboost|p1a: Charizard|atk|1\n|-unboost|p1a: Charizard|spa|1\n|\n|t:|1775943579\n|switch|p2b: Garchomp|Garchomp, L50, M|100/100|[from] Parting Shot\n|\n|-weather|SunnyDay|[upkeep]\n|-sideend|p2: altersquared III|move: Tailwind\n|upkeep\n|\n|t:|1775943583\n|switch|p2a: Incineroar|Incineroar, L50, F|75/100\n|-ability|p2a: Incineroar|Intimidate|boost\n|-unboost|p1a: Charizard|atk|1\n|-unboost|p1b: Venusaur|atk|1\n|turn|5\n|\n|t:|1775943602\n|move|p2b: Garchomp|Rock Slide|p1a: Charizard|[spread] p1a\n|-miss|p2b: Garchomp|p1b: Venusaur\n|-supereffective|p1a: Charizard|2\n|-damage|p1a: Charizard|0 fnt\n|faint|p1a: Charizard\n|move|p1b: Venusaur|Sleep Powder|p2b: Garchomp|[miss]\n|-miss|p1b: Venusaur|p2b: Garchomp\n|move|p2a: Incineroar|Flare Blitz|p1b: Venusaur\n|-supereffective|p1b: Venusaur|1\n|-enditem|p1b: Venusaur|Occa Berry|[eat]\n|-enditem|p1b: Venusaur|Occa Berry|[weaken]\n|-damage|p1b: Venusaur|0 fnt\n|faint|p1b: Venusaur\n|-damage|p2a: Incineroar|74/100|[from] Recoil\n|\n|-weather|SunnyDay|[upkeep]\n|upkeep\n|-message|kaslyn.__ forfeited.\n|\n|win|altersquared III\n|raw|kaslyn.__'s rating: 1000 &rarr; <strong>1000</strong><br />(+0 for losing)\n|raw|altersquared III's rating: 1049 &rarr; <strong>1077</strong><br />(+28 for winning)\n|l|\u2606kaslyn.__\n|player|p1|\n",
  "uploadtime": 1775943616,
  "views": 21,
  "formatid": "gen9championsvgc2026regma",
  "rating": 1000,
  "private": 0,
  "password": null
}