{
  "id": "gen9championsvgc2026regma-2582617136",
  "format": "[Gen 9 Champions] VGC 2026 Reg M-A",
  "players": [
    "Griveon",
    "On the wave now"
  ],
  "log": "|j|\u2606Griveon\n|j|\u2606On the wave now\n|t:|1776102896\n|gametype|doubles\n|player|p1|Griveon|piers-masters|1096\n|player|p2|On the wave now|ruinmaniac|1186\n|gen|9\n|tier|[Gen 9 Champions] VGC 2026 Reg M-A\n|rated|\n|rule|Species Clause: Limit one of each Pok\u00e9mon\n|rule|Item Clause: Limit 1 of each item\n|clearpoke\n|poke|p1|Wyrdeer, L50, M|\n|poke|p1|Snorlax, L50, F|\n|poke|p1|Heliolisk, L50, M|\n|poke|p1|Sneasler, L50, M|\n|poke|p1|Liepard, L50, F|\n|poke|p1|Chandelure, L50, F|\n|poke|p2|Floette-Eternal, L50, F|\n|poke|p2|Maushold, L50|\n|poke|p2|Garchomp, L50, M|\n|poke|p2|Talonflame, L50, F|\n|poke|p2|Rotom-Wash, L50|\n|poke|p2|Aegislash, L50, M|\n|teampreview|4\nOn the wave now has agreed to open team sheets.\n|c|\u2606On the wave now|insane team\nGriveon rejected open team sheets.\n|\n|t:|1776102945\n|teamsize|p1|4\n|teamsize|p2|4\n|start\n|switch|p1a: Wyrdeer|Wyrdeer, L50, M|100/100\n|switch|p1b: Snorlax|Snorlax, L50, F|100/100\n|switch|p2a: Floette|Floette-Eternal, L50, F|100/100\n|switch|p2b: Maushold|Maushold, L50|100/100\n|-ability|p1a: Wyrdeer|Intimidate|boost\n|-unboost|p2a: Floette|atk|1\n|-unboost|p2b: Maushold|atk|1\n|turn|1\n|\n|t:|1776102956\n|detailschange|p2a: Floette|Floette-Mega, L50, F\n|-mega|p2a: Floette|Floette|Floettite\n|-ability|p2a: Floette|Fairy Aura\n|move|p2b: Maushold|Follow Me|p2b: Maushold\n|-singleturn|p2b: Maushold|move: Follow Me\n|move|p2a: Floette|Moonblast|p1a: Wyrdeer\n|-crit|p1a: Wyrdeer\n|-damage|p1a: Wyrdeer|16/100\n|move|p1b: Snorlax|Body Slam|p2b: Maushold\n|-damage|p2b: Maushold|42/100\n|move|p1a: Wyrdeer|Trick Room|p1a: Wyrdeer\n|-fieldstart|move: Trick Room|[of] p1a: Wyrdeer\n|\n|upkeep\n|turn|2\n|\n|t:|1776102987\n|move|p2a: Floette|Protect|p2a: Floette\n|-singleturn|p2a: Floette|Protect\n|move|p2b: Maushold|Protect|p2b: Maushold\n|-singleturn|p2b: Maushold|Protect\n|move|p1b: Snorlax|Body Slam|p2b: Maushold\n|-activate|p2b: Maushold|move: Protect\n|move|p1a: Wyrdeer|Imprison|p1a: Wyrdeer\n|-start|p1a: Wyrdeer|move: Imprison\n|\n|upkeep\n|turn|3\n|\n|t:|1776103003\n|move|p2b: Maushold|Follow Me|p2b: Maushold\n|-singleturn|p2b: Maushold|move: Follow Me\n|move|p1b: Snorlax|Body Slam|p2b: Maushold\n|-damage|p2b: Maushold|0 fnt\n|faint|p2b: Maushold\n|move|p1a: Wyrdeer|Psyshield Bash|p2a: Floette|[miss]\n|-miss|p1a: Wyrdeer|p2a: Floette\n|move|p2a: Floette|Dazzling Gleam|p1b: Snorlax|[spread] p1a,p1b\n|-damage|p1a: Wyrdeer|0 fnt\n|-damage|p1b: Snorlax|72/100\n|faint|p1a: Wyrdeer\n|\n|upkeep\n|\n|t:|1776103016\n|switch|p1a: Chandelure|Chandelure, L50, F|100/100\n|switch|p2b: Garchomp|Garchomp, L50, M|100/100\n|turn|4\n|\n|t:|1776103025\n|detailschange|p1a: Chandelure|Chandelure-Mega, L50, F\n|-mega|p1a: Chandelure|Chandelure|Chandelurite\n|move|p2a: Floette|Protect|p2a: Floette\n|-singleturn|p2a: Floette|Protect\n|move|p2b: Garchomp|Protect|p2b: Garchomp\n|-singleturn|p2b: Garchomp|Protect\n|move|p1b: Snorlax|Body Slam|p2b: Garchomp\n|-activate|p2b: Garchomp|move: Protect\n|move|p1a: Chandelure|Shadow Ball|p2b: Garchomp\n|-activate|p2b: Garchomp|move: Protect\n|\n|upkeep\n|turn|5\n|\n|t:|1776103044\n|move|p1b: Snorlax|Body Slam|p2b: Garchomp\n|-damage|p2b: Garchomp|56/100\n|-damage|p1b: Snorlax|60/100|[from] ability: Rough Skin|[of] p2b: Garchomp\n|move|p2a: Floette|Moonblast|p1b: Snorlax\n|-damage|p1b: Snorlax|12/100\n|-enditem|p1b: Snorlax|Sitrus Berry|[eat]\n|-heal|p1b: Snorlax|37/100|[from] item: Sitrus Berry\n|move|p1a: Chandelure|Shadow Ball|p2b: Garchomp\n|-damage|p2b: Garchomp|0 fnt\n|faint|p2b: Garchomp\n|\n|-fieldend|move: Trick Room\n|upkeep\n|\n|t:|1776103048\n|switch|p2b: Aegislash|Aegislash, L50, M|100/100\n|turn|6\n|\n|t:|1776103067\n|-formechange|p2b: Aegislash|Aegislash-Blade|\n|move|p2b: Aegislash|Shadow Sneak|p1a: Chandelure\n|-supereffective|p1a: Chandelure|1\n|-damage|p1a: Chandelure|29/100\n|move|p1a: Chandelure|Shadow Ball|p2b: Aegislash\n|-supereffective|p2b: Aegislash|1\n|-damage|p2b: Aegislash|0 fnt\n|faint|p2b: Aegislash\n|move|p2a: Floette|Moonblast|p1a: Chandelure\n|-resisted|p1a: Chandelure|1\n|-damage|p1a: Chandelure|0 fnt\n|faint|p1a: Chandelure\n|move|p1b: Snorlax|Crunch|p2a: Floette\n|-resisted|p2a: Floette|1\n|-crit|p2a: Floette\n|-damage|p2a: Floette|77/100\n|\n|upkeep\n|\n|t:|1776103077\n|switch|p1a: Liepard|Liepard, L50, F|100/100\n|turn|7\n|\n|t:|1776103084\n|move|p2a: Floette|Protect|p2a: Floette\n|-singleturn|p2a: Floette|Protect\n|move|p1a: Liepard|Fake Out|p2a: Floette\n|-activate|p2a: Floette|move: Protect\n|move|p1b: Snorlax|Body Slam|p2a: Floette\n|-activate|p2a: Floette|move: Protect\n|\n|upkeep\n|turn|8\n|\n|t:|1776103090\n|move|p1a: Liepard|Encore|p2a: Floette\n|-start|p2a: Floette|Encore\n|move|p2a: Floette|Protect||[still]\n|-fail|p2a: Floette\n|move|p1b: Snorlax|Body Slam|p2a: Floette\n|-damage|p2a: Floette|26/100\n|\n|upkeep\n|turn|9\n|\n|t:|1776103096\n|move|p2a: Floette|Protect|p2a: Floette\n|-singleturn|p2a: Floette|Protect\n|move|p1a: Liepard|Knock Off|p2a: Floette\n|-activate|p2a: Floette|move: Protect\n|move|p1b: Snorlax|Body Slam|p2a: Floette\n|-activate|p2a: Floette|move: Protect\n|\n|upkeep\n|turn|10\n|\n|t:|1776103103\n|move|p2a: Floette|Protect|p2a: Floette\n|-singleturn|p2a: Floette|Protect\n|move|p1a: Liepard|Knock Off|p2a: Floette\n|-activate|p2a: Floette|move: Protect\n|move|p1b: Snorlax|Body Slam|p2a: Floette\n|-activate|p2a: Floette|move: Protect\n|\n|-end|p2a: Floette|Encore\n|upkeep\n|turn|11\n|\n|t:|1776103113\n|move|p1a: Liepard|Encore|p2a: Floette\n|-start|p2a: Floette|Encore\n|move|p2a: Floette|Protect||[still]\n|-fail|p2a: Floette\n|move|p1b: Snorlax|Body Slam|p2a: Floette\n|-damage|p2a: Floette|0 fnt\n|faint|p2a: Floette\n|\n|win|Griveon\n|raw|Griveon's rating: 1096 &rarr; <strong>1128</strong><br />(+32 for winning)\n|raw|On the wave now's rating: 1186 &rarr; <strong>1155</strong><br />(-31 for losing)\n|c|\u2606Griveon|gg\n|c|\u2606Griveon|wp\n|c|\u2606On the wave now|gg\n|l|\u2606On the wave now\n|player|p2|\n",
  "uploadtime": 1776103161,
  "views": 17,
  "formatid": "gen9championsvgc2026regma",
  "rating": 1128,
  "private": 0,
  "password": null
}