{
  "id": "gen9championsvgc2026regma-2583008260",
  "format": "[Gen 9 Champions] VGC 2026 Reg M-A",
  "players": [
    "ryne0",
    "zjjzbsbsjsjhs"
  ],
  "log": "|j|\u2606ryne0\n|j|\u2606zjjzbsbsjsjhs\n|t:|1776132890\n|gametype|doubles\n|player|p1|ryne0|brycen|1107\n|player|p2|zjjzbsbsjsjhs|169|1051\n|gen|9\n|tier|[Gen 9 Champions] VGC 2026 Reg M-A\n|rated|\n|rule|Species Clause: Limit one of each Pok\u00e9mon\n|rule|Item Clause: Limit 1 of each item\n|clearpoke\n|poke|p1|Meowscarada, L50, F|\n|poke|p1|Froslass, L50, F|\n|poke|p1|Chandelure, L50, F|\n|poke|p1|Aegislash, L50, M|\n|poke|p1|Whimsicott, L50, F|\n|poke|p1|Rotom-Heat, L50|\n|poke|p2|Pelipper, L50, M|\n|poke|p2|Dragonite, L50, F|\n|poke|p2|Incineroar, L50, M|\n|poke|p2|Archaludon, L50, M|\n|poke|p2|Starmie, L50|\n|poke|p2|Sinistcha, L50|\n|teampreview|4\n|inactive|Battle timer is ON: inactive players will automatically lose when time's up. (requested by zjjzbsbsjsjhs)\nryne0 has agreed to open team sheets.\n|inactive|ryne0 has 60 seconds left.\n|\n|t:|1776132954\n|teamsize|p1|4\n|teamsize|p2|4\n|start\n|switch|p1a: Rotom|Rotom-Heat, L50|100/100\n|switch|p1b: Meowscarada|Meowscarada, L50, F|100/100\n|switch|p2a: Dragonite|Dragonite, L50, F, shiny|100/100\n|switch|p2b: Pelipper|Pelipper, L50, M, shiny|100/100\n|-weather|RainDance|[from] ability: Drizzle|[of] p2b: Pelipper\n|turn|1\n|\n|t:|1776132971\n|switch|p2b: Archaludon|Archaludon, L50, M|100/100\n|detailschange|p2a: Dragonite|Dragonite-Mega, L50, F, shiny\n|-mega|p2a: Dragonite|Dragonite|Dragoninite\n|move|p1b: Meowscarada|Play Rough|p2a: Dragonite\n|-start|p1b: Meowscarada|typechange|Fairy|[from] ability: Protean\n|-supereffective|p2a: Dragonite|1\n|-damage|p2a: Dragonite|59/100\n|move|p2a: Dragonite|Hurricane|p1b: Meowscarada\n|-damage|p1b: Meowscarada|2/100\n|move|p1a: Rotom|Volt Switch|p2b: Archaludon\n|-resisted|p2b: Archaludon|1\n|-damage|p2b: Archaludon|82/100\n|-ability|p2b: Archaludon|Stamina|boost\n|-boost|p2b: Archaludon|def|1\n|\n|t:|1776132990\n|switch|p1a: Aegislash|Aegislash, L50, M|100/100|[from] Volt Switch\n|\n|-weather|RainDance|[upkeep]\n|-heal|p2b: Archaludon|87/100|[from] item: Leftovers\n|upkeep\n|turn|2\n|inactive|ryne0 has 30 seconds left.\n|\n|t:|1776133021\n|move|p2a: Dragonite|Protect|p2a: Dragonite\n|-singleturn|p2a: Dragonite|Protect\n|move|p1b: Meowscarada|Play Rough|p2a: Dragonite\n|-activate|p2a: Dragonite|move: Protect\n|move|p2b: Archaludon|Electro Shot||[still]\n|-prepare|p2b: Archaludon|Electro Shot\n|-boost|p2b: Archaludon|spa|1\n|-anim|p2b: Archaludon|Electro Shot|p1b: Meowscarada\n|-damage|p1b: Meowscarada|0 fnt\n|faint|p1b: Meowscarada\n|-formechange|p1a: Aegislash|Aegislash-Blade|\n|move|p1a: Aegislash|Sacred Sword|p2b: Archaludon\n|-supereffective|p2b: Archaludon|1\n|-damage|p2b: Archaludon|27/100\n|-ability|p2b: Archaludon|Stamina|boost\n|-boost|p2b: Archaludon|def|1\n|\n|-weather|RainDance|[upkeep]\n|-heal|p2b: Archaludon|32/100|[from] item: Leftovers\n|upkeep\n|\n|t:|1776133039\n|switch|p1b: Rotom|Rotom-Heat, L50|100/100\n|turn|3\n|inactive|ryne0 has 30 seconds left.\n|\n|t:|1776133069\n|-formechange|p1a: Aegislash|Aegislash|\n|move|p1a: Aegislash|King's Shield|p1a: Aegislash\n|-singleturn|p1a: Aegislash|Protect\n|move|p2a: Dragonite|Draco Meteor|p1b: Rotom\n|-damage|p1b: Rotom|24/100\n|-unboost|p2a: Dragonite|spa|2\n|move|p2b: Archaludon|Electro Shot||[still]\n|-prepare|p2b: Archaludon|Electro Shot\n|-boost|p2b: Archaludon|spa|1\n|-anim|p2b: Archaludon|Electro Shot|p1b: Rotom\n|-resisted|p1b: Rotom|1\n|-damage|p1b: Rotom|0 fnt\n|faint|p1b: Rotom\n|\n|-weather|RainDance|[upkeep]\n|-heal|p2b: Archaludon|38/100|[from] item: Leftovers\n|upkeep\n|\n|t:|1776133085\n|switch|p1b: Froslass|Froslass, L50, F|100/100\n|turn|4\n|\n|t:|1776133104\n|switch|p2a: Pelipper|Pelipper, L50, M, shiny|100/100\n|detailschange|p1b: Froslass|Froslass-Mega, L50, F\n|-mega|p1b: Froslass|Froslass|Froslassite\n|-weather|Snowscape|[from] ability: Snow Warning|[of] p1b: Froslass\n|move|p2b: Archaludon|Protect|p2b: Archaludon\n|-singleturn|p2b: Archaludon|Protect\n|move|p1b: Froslass|Blizzard|p2b: Archaludon|[spread] p2a\n|-activate|p2b: Archaludon|move: Protect\n|-damage|p2a: Pelipper|22/100\n|-formechange|p1a: Aegislash|Aegislash-Blade|\n|move|p1a: Aegislash|Sacred Sword|p2b: Archaludon\n|-activate|p2b: Archaludon|move: Protect\n|\n|-weather|Snowscape|[upkeep]\n|-heal|p2b: Archaludon|44/100|[from] item: Leftovers\n|upkeep\n|turn|5\n|inactive|ryne0 has 30 seconds left.\n|\n|t:|1776133136\n|switch|p2a: Incineroar|Incineroar, L50, M|100/100\n|-ability|p2a: Incineroar|Intimidate|boost\n|-unboost|p1a: Aegislash|atk|1\n|-unboost|p1b: Froslass|atk|1\n|move|p1b: Froslass|Protect|p1b: Froslass\n|-singleturn|p1b: Froslass|Protect\n|move|p1a: Aegislash|Shadow Sneak|p2a: Incineroar\n|-resisted|p2a: Incineroar|1\n|-damage|p2a: Incineroar|94/100\n|move|p2b: Archaludon|Flash Cannon|p1b: Froslass\n|-activate|p1b: Froslass|move: Protect\n|\n|-weather|Snowscape|[upkeep]\n|-heal|p2b: Archaludon|50/100|[from] item: Leftovers\n|upkeep\n|turn|6\n|inactive|ryne0 has 30 seconds left.\n|inactive|ryne0 has 20 seconds left.\n|\n|t:|1776133175\n|move|p1b: Froslass|Blizzard|p2b: Archaludon|[spread] p2a,p2b\n|-resisted|p2a: Incineroar|1\n|-crit|p2b: Archaludon\n|-damage|p2a: Incineroar|74/100\n|-damage|p2b: Archaludon|0 fnt\n|faint|p2b: Archaludon\n|move|p2a: Incineroar|Throat Chop|p1b: Froslass\n|-supereffective|p1b: Froslass|1\n|-damage|p1b: Froslass|19/100\n|-start|p1b: Froslass|Throat Chop|[silent]\n|move|p1a: Aegislash|Sacred Sword|p2a: Incineroar\n|-supereffective|p2a: Incineroar|1\n|-damage|p2a: Incineroar|36/100\n|-enditem|p2a: Incineroar|Sitrus Berry|[eat]\n|-heal|p2a: Incineroar|60/100|[from] item: Sitrus Berry\n|\n|-weather|Snowscape|[upkeep]\n|upkeep\n|\n|t:|1776133191\n|switch|p2b: Pelipper|Pelipper, L50, M, shiny|22/100\n|-weather|RainDance|[from] ability: Drizzle|[of] p2b: Pelipper\n|turn|7\n|inactive|ryne0 has 30 seconds left.\n|\n|t:|1776133219\n|move|p1b: Froslass|Protect|p1b: Froslass\n|-singleturn|p1b: Froslass|Protect\n|move|p1a: Aegislash|Shadow Sneak|p2b: Pelipper\n|-damage|p2b: Pelipper|0 fnt\n|faint|p2b: Pelipper\n|move|p2a: Incineroar|Throat Chop|p1b: Froslass\n|-activate|p1b: Froslass|move: Protect\n|\n|-weather|RainDance|[upkeep]\n|-end|p1b: Froslass|Throat Chop|[silent]\n|upkeep\n|\n|t:|1776133225\n|switch|p2b: Dragonite|Dragonite-Mega, L50, F, shiny|59/100\n|turn|8\n|\n|t:|1776133244\n|move|p2b: Dragonite|Protect|p2b: Dragonite\n|-singleturn|p2b: Dragonite|Protect\n|move|p1b: Froslass|Blizzard|p2a: Incineroar|[spread] p2a\n|-activate|p2b: Dragonite|move: Protect\n|-resisted|p2a: Incineroar|1\n|-damage|p2a: Incineroar|40/100\n|move|p2a: Incineroar|Throat Chop|p1b: Froslass\n|-supereffective|p1b: Froslass|1\n|-damage|p1b: Froslass|0 fnt\n|faint|p1b: Froslass\n|move|p1a: Aegislash|Sacred Sword|p2a: Incineroar\n|-supereffective|p2a: Incineroar|1\n|-damage|p2a: Incineroar|0 fnt\n|faint|p2a: Incineroar\n|\n|-weather|RainDance|[upkeep]\n|upkeep\n|turn|9\n|\n|t:|1776133260\n|-formechange|p1a: Aegislash|Aegislash|\n|move|p1a: Aegislash|King's Shield|p1a: Aegislash\n|-singleturn|p1a: Aegislash|Protect\n|move|p2b: Dragonite|Thunder|p1a: Aegislash\n|-activate|p1a: Aegislash|move: Protect\n|\n|-weather|RainDance|[upkeep]\n|upkeep\n|turn|10\n|\n|t:|1776133277\n|move|p2b: Dragonite|Thunder|p1a: Aegislash\n|-damage|p1a: Aegislash|69/100\n|-formechange|p1a: Aegislash|Aegislash-Blade|\n|move|p1a: Aegislash|Iron Head|p2b: Dragonite\n|-damage|p2b: Dragonite|29/100\n|\n|-weather|RainDance|[upkeep]\n|-heal|p1a: Aegislash|75/100|[from] item: Leftovers\n|upkeep\n|turn|11\n|\n|t:|1776133286\n|-formechange|p1a: Aegislash|Aegislash|\n|move|p1a: Aegislash|King's Shield|p1a: Aegislash\n|-singleturn|p1a: Aegislash|Protect\n|move|p2b: Dragonite|Thunder|p1a: Aegislash\n|-activate|p1a: Aegislash|move: Protect\n|\n|-weather|none\n|-heal|p1a: Aegislash|81/100|[from] item: Leftovers\n|upkeep\n|turn|12\n|\n|t:|1776133296\n|move|p2b: Dragonite|Thunder|p1a: Aegislash\n|-damage|p1a: Aegislash|50/100\n|-status|p1a: Aegislash|par\n|-formechange|p1a: Aegislash|Aegislash-Blade|\n|move|p1a: Aegislash|Iron Head|p2b: Dragonite\n|-damage|p2b: Dragonite|0 fnt\n|faint|p2b: Dragonite\n|\n|win|ryne0\n|raw|ryne0's rating: 1107 &rarr; <strong>1128</strong><br />(+21 for winning)\n|raw|zjjzbsbsjsjhs's rating: 1051 &rarr; <strong>1036</strong><br />(-15 for losing)\n|l|\u2606zjjzbsbsjsjhs\n|player|p2|\n",
  "uploadtime": 1776133401,
  "views": 11,
  "formatid": "gen9championsvgc2026regma",
  "rating": 1036,
  "private": 0,
  "password": null
}