{
  "id": "gen9championsvgc2026regma-2581887273",
  "format": "[Gen 9 Champions] VGC 2026 Reg M-A",
  "players": [
    "Trigga1",
    "Icesta"
  ],
  "log": "|j|\u2606Trigga1\n|j|\u203dIcesta\n|t:|1776036847\n|gametype|doubles\n|player|p1|Trigga1|102|1000\n|player|p2|Icesta|102|1000\n|gen|9\n|tier|[Gen 9 Champions] VGC 2026 Reg M-A\n|rated|\n|rule|Species Clause: Limit one of each Pok\u00e9mon\n|rule|Item Clause: Limit 1 of each item\n|clearpoke\n|poke|p1|Sharpedo, L50, F|\n|poke|p1|Empoleon, L50, F|\n|poke|p1|Ninetales-Alola, L50, F|\n|poke|p1|Aerodactyl, L50, M|\n|poke|p1|Scizor, L50, F|\n|poke|p1|Venusaur, L50, F|\n|poke|p2|Passimian, L50, M|\n|poke|p2|Aerodactyl, L50, M|\n|poke|p2|Sinistcha, L50|\n|poke|p2|Garchomp, L50, M|\n|poke|p2|Rotom-Wash, L50|\n|poke|p2|Archaludon, L50, M|\n|teampreview|4\n|inactive|Battle timer is ON: inactive players will automatically lose when time's up. (requested by Trigga1)\n|\n|t:|1776036886\n|teamsize|p1|4\n|teamsize|p2|4\n|start\n|switch|p1a: Sharpedo|Sharpedo, L50, F|100/100\n|switch|p1b: Aerodactyl|Aerodactyl, L50, M|100/100\n|switch|p2a: Aerodactyl|Aerodactyl, L50, M|100/100\n|switch|p2b: Garchomp|Garchomp, L50, M|100/100\n|-ability|p2a: Aerodactyl|Unnerve\n|-ability|p1b: Aerodactyl|Unnerve\n|turn|1\n|\n|t:|1776036906\n|switch|p2b: Archaludon|Archaludon, L50, M|100/100\n|detailschange|p2a: Aerodactyl|Aerodactyl-Mega, L50, M\n|-mega|p2a: Aerodactyl|Aerodactyl|Aerodactylite\n|move|p1a: Sharpedo|Protect|p1a: Sharpedo\n|-singleturn|p1a: Sharpedo|Protect\n|move|p2a: Aerodactyl|Rock Slide|p1a: Sharpedo|[spread] p1b\n|-activate|p1a: Sharpedo|move: Protect\n|-supereffective|p1b: Aerodactyl|1\n|-damage|p1b: Aerodactyl|6/100\n|cant|p1b: Aerodactyl|flinch\n|\n|-ability|p1a: Sharpedo|Speed Boost|boost\n|-boost|p1a: Sharpedo|spe|1\n|upkeep\n|turn|2\n|c|\u2606Trigga1|So fuckin dumb\n|inactive|Trigga1 has 30 seconds left.\n|inactive|Icesta has 30 seconds left.\n|inactive|Trigga1 has 20 seconds left.\n|inactive|Trigga1 has 15 seconds left.\n|\n|t:|1776036949\n|detailschange|p1a: Sharpedo|Sharpedo-Mega, L50, F\n|-mega|p1a: Sharpedo|Sharpedo|Sharpedonite\n|move|p2a: Aerodactyl|Protect|p2a: Aerodactyl\n|-singleturn|p2a: Aerodactyl|Protect\n|move|p1b: Aerodactyl|Protect|p1b: Aerodactyl\n|-singleturn|p1b: Aerodactyl|Protect\n|move|p1a: Sharpedo|Crunch|p2a: Aerodactyl\n|-activate|p2a: Aerodactyl|move: Protect\n|move|p2b: Archaludon|Electro Shot||[still]\n|-prepare|p2b: Archaludon|Electro Shot\n|-boost|p2b: Archaludon|spa|1\n|\n|upkeep\n|turn|3\n|inactive|Trigga1 has 30 seconds left.\n|inactive|Icesta has 30 seconds left.\n|inactive|Icesta has 20 seconds left.\n|inactive|Icesta has 15 seconds left.\n|inactive|Icesta has 10 seconds left.\n|inactive|Icesta has 5 seconds left.\n|\n|t:|1776037002\n|move|p1a: Sharpedo|Destiny Bond|p1a: Sharpedo\n|-singlemove|p1a: Sharpedo|Destiny Bond\n|move|p2a: Aerodactyl|Dual Wingbeat|p1a: Sharpedo\n|-damage|p1a: Sharpedo|56/100\n|-damage|p1a: Sharpedo|14/100\n|-hitcount|p1a: Sharpedo|2\n|move|p1b: Aerodactyl|Tailwind|p1b: Aerodactyl\n|-sidestart|p1: Trigga1|move: Tailwind\n|move|p2b: Archaludon|Electro Shot|p1a: Sharpedo|[from] lockedmove\n|-supereffective|p1a: Sharpedo|1\n|-damage|p1a: Sharpedo|0 fnt\n|faint|p1a: Sharpedo\n|-activate|p1a: Sharpedo|move: Destiny Bond\n|faint|p2b: Archaludon\n|\n|upkeep\n|\n|t:|1776037016\n|switch|p1a: Ninetales|Ninetales-Alola, L50, F, shiny|100/100\n|switch|p2b: Garchomp|Garchomp, L50, M|100/100\n|-weather|Snowscape|[from] ability: Snow Warning|[of] p1a: Ninetales\n|turn|4\n|\n|t:|1776037026\n|move|p1b: Aerodactyl|Rock Slide|p2b: Garchomp|[spread] p2a,p2b\n|-supereffective|p2a: Aerodactyl|1\n|-resisted|p2b: Garchomp|1\n|-damage|p2a: Aerodactyl|40/100\n|-damage|p2b: Garchomp|88/100\n|move|p1a: Ninetales|Blizzard|p2a: Aerodactyl|[spread] p2a,p2b\n|-supereffective|p2a: Aerodactyl|1\n|-supereffective|p2b: Garchomp|2\n|-damage|p2a: Aerodactyl|0 fnt\n|-damage|p2b: Garchomp|0 fnt\n|faint|p2a: Aerodactyl\n|faint|p2b: Garchomp\n|\n|-weather|Snowscape|[upkeep]\n|upkeep\n|\n|t:|1776037043\n|switch|p2a: Sinistcha|Sinistcha, L50|100/100\n|turn|5\n|-message|Icesta forfeited.\n|\n|win|Trigga1\n",
  "uploadtime": 1776036921,
  "views": 10,
  "formatid": "gen9championsvgc2026regma",
  "rating": null,
  "private": 0,
  "password": null
}