{
  "id": "gen9championsvgc2026regma-2582814607",
  "format": "[Gen 9 Champions] VGC 2026 Reg M-A",
  "players": [
    "Danielopi",
    "magdalium"
  ],
  "log": "|j|\u2606Danielopi\n|j|\u2606magdalium\n|t:|1776116156\n|gametype|doubles\n|player|p1|Danielopi|pokemaniac|1267\n|player|p2|magdalium|bugcatcher-gen4dp|1204\n|gen|9\n|tier|[Gen 9 Champions] VGC 2026 Reg M-A\n|rated|\n|rule|Species Clause: Limit one of each Pok\u00e9mon\n|rule|Item Clause: Limit 1 of each item\n|clearpoke\n|poke|p1|Alakazam, L50, M|\n|poke|p1|Meowstic, L50, M|\n|poke|p1|Floette-Eternal, L50, F|\n|poke|p1|Volcarona, L50, M|\n|poke|p1|Sinistcha, L50|\n|poke|p1|Torkoal, L50, M|\n|poke|p2|Floette-Eternal, L50, F|\n|poke|p2|Incineroar, L50, F|\n|poke|p2|Maushold, L50|\n|poke|p2|Corviknight, L50, M|\n|poke|p2|Dragapult, L50, M|\n|poke|p2|Sneasler, L50, F|\n|teampreview|4\n|inactive|Battle timer is ON: inactive players will automatically lose when time's up. (requested by Danielopi)\n|inactive|Danielopi has 60 seconds left.\n|inactive|magdalium has 60 seconds left.\n|inactive|Danielopi has 30 seconds left.\n|inactive|Danielopi has 20 seconds left.\n|\n|t:|1776116241\n|teamsize|p1|4\n|teamsize|p2|4\n|start\n|switch|p1a: Floette|Floette-Eternal, L50, F|100/100\n|switch|p1b: Meowstic|Meowstic, L50, M|100/100\n|switch|p2a: Incineroar|Incineroar, L50, F|100/100\n|switch|p2b: Floette|Floette-Eternal, L50, F|100/100\n|-ability|p2a: Incineroar|Intimidate|boost\n|-unboost|p1a: Floette|atk|1\n|-unboost|p1b: Meowstic|atk|1\n|turn|1\n|inactive|Danielopi has 30 seconds left.\n|\n|t:|1776116267\n|detailschange|p1a: Floette|Floette-Mega, L50, F\n|-mega|p1a: Floette|Floette|Floettite\n|-ability|p1a: Floette|Fairy Aura\n|detailschange|p2b: Floette|Floette-Mega, L50, F\n|-mega|p2b: Floette|Floette|Floettite\n|-ability|p2b: Floette|Fairy Aura\n|move|p1b: Meowstic|Psychic Terrain|p1b: Meowstic\n|-fieldstart|move: Psychic Terrain\n|move|p1a: Floette|Calm Mind|p1a: Floette\n|-boost|p1a: Floette|spa|1\n|-boost|p1a: Floette|spd|1\n|move|p2b: Floette|Calm Mind|p2b: Floette\n|-boost|p2b: Floette|spa|1\n|-boost|p2b: Floette|spd|1\n|move|p2a: Incineroar|Flare Blitz|p1a: Floette\n|-damage|p1a: Floette|38/100\n|-damage|p2a: Incineroar|85/100|[from] Recoil\n|\n|upkeep\n|turn|2\n|inactive|Danielopi has 30 seconds left.\n|inactive|magdalium has 30 seconds left.\n|\n|t:|1776116299\n|move|p1b: Meowstic|Helping Hand|p1a: Floette\n|-singleturn|p1a: Floette|Helping Hand|[of] p1b: Meowstic\n|move|p1a: Floette|Dazzling Gleam|p2a: Incineroar|[spread] p2a,p2b\n|-crit|p2a: Incineroar\n|-damage|p2a: Incineroar|0 fnt\n|-damage|p2b: Floette|50/100\n|faint|p2a: Incineroar\n|move|p2b: Floette|Moonblast|p1a: Floette\n|-damage|p1a: Floette|0 fnt\n|faint|p1a: Floette\n|\n|upkeep\n|\n|t:|1776116321\n|switch|p1a: Volcarona|Volcarona, L50, M|100/100\n|switch|p2a: Maushold|Maushold, L50|100/100\n|turn|3\n|\n|t:|1776116332\n|move|p1b: Meowstic|Light Screen|p1b: Meowstic\n|-sidestart|p1: Danielopi|move: Light Screen\n|move|p2a: Maushold|Taunt|p1a: Volcarona\n|-start|p1a: Volcarona|move: Taunt\n|cant|p1a: Volcarona|move: Taunt|Quiver Dance\n|move|p2b: Floette|Draining Kiss|p1b: Meowstic\n|-damage|p1b: Meowstic|49/100\n|-heal|p2b: Floette|89/100|[from] drain|[of] p1b: Meowstic\n|\n|upkeep\n|turn|4\n|\n|t:|1776116354\n|move|p1b: Meowstic|Helping Hand|p1a: Volcarona\n|-singleturn|p1a: Volcarona|Helping Hand|[of] p1b: Meowstic\n|move|p2a: Maushold|Super Fang|p1a: Volcarona\n|-damage|p1a: Volcarona|50/100\n|-status|p2a: Maushold|brn|[from] ability: Flame Body|[of] p1a: Volcarona\n|move|p1a: Volcarona|Heat Wave|p2b: Floette|[spread] p2a,p2b\n|-damage|p2a: Maushold|42/100 brn\n|-damage|p2b: Floette|71/100\n|move|p2b: Floette|Calm Mind|p2b: Floette\n|-boost|p2b: Floette|spa|1\n|-boost|p2b: Floette|spd|1\n|\n|-heal|p1a: Volcarona|57/100|[from] item: Leftovers\n|-damage|p2a: Maushold|36/100 brn|[from] brn\n|upkeep\n|turn|5\n|\n|t:|1776116376\n|move|p1b: Meowstic|Helping Hand|p1a: Volcarona\n|-singleturn|p1a: Volcarona|Helping Hand|[of] p1b: Meowstic\n|move|p2a: Maushold|Super Fang|p1a: Volcarona\n|-damage|p1a: Volcarona|29/100\n|move|p1a: Volcarona|Heat Wave|p2a: Maushold|[spread] p2a,p2b\n|-damage|p2a: Maushold|0 fnt\n|-damage|p2b: Floette|57/100\n|faint|p2a: Maushold\n|move|p2b: Floette|Moonblast|p1a: Volcarona\n|-resisted|p1a: Volcarona|1\n|-damage|p1a: Volcarona|0 fnt\n|faint|p1a: Volcarona\n|\n|-fieldend|move: Psychic Terrain\n|upkeep\n|\n|t:|1776116388\n|switch|p2a: Sneasler|Sneasler, L50, F|100/100\n|switch|p1a: Alakazam|Alakazam, L50, M|100/100\n|turn|6\n|\n|t:|1776116413\n|move|p1b: Meowstic|Psychic Terrain|p1b: Meowstic\n|-fieldstart|move: Psychic Terrain\n|move|p2a: Sneasler|Dire Claw|p1b: Meowstic\n|-damage|p1b: Meowstic|15/100\n|move|p1a: Alakazam|Expanding Force|p2b: Floette|[spread] p2a,p2b\n|-supereffective|p2a: Sneasler|2\n|-damage|p2a: Sneasler|0 fnt\n|-damage|p2b: Floette|33/100\n|faint|p2a: Sneasler\n|move|p2b: Floette|Draining Kiss|p1a: Alakazam\n|-damage|p1a: Alakazam|17/100\n|-heal|p2b: Floette|78/100|[from] drain|[of] p1a: Alakazam\n|\n|upkeep\n|turn|7\n|\n|t:|1776116430\n|move|p1b: Meowstic|Helping Hand|p1a: Alakazam\n|-singleturn|p1a: Alakazam|Helping Hand|[of] p1b: Meowstic\n|move|p2b: Floette|Protect|p2b: Floette\n|-singleturn|p2b: Floette|Protect\n|move|p1a: Alakazam|Expanding Force|p2b: Floette\n|-activate|p2b: Floette|move: Protect\n|\n|-sideend|p1: Danielopi|move: Light Screen\n|upkeep\n|turn|8\n|\n|t:|1776116440\n|move|p1b: Meowstic|Helping Hand|p1a: Alakazam\n|-singleturn|p1a: Alakazam|Helping Hand|[of] p1b: Meowstic\n|move|p1a: Alakazam|Expanding Force|p2b: Floette\n|-damage|p2b: Floette|26/100\n|move|p2b: Floette|Draining Kiss|p1a: Alakazam\n|-damage|p1a: Alakazam|0 fnt\n|-heal|p2b: Floette|36/100|[from] drain|[of] p1a: Alakazam\n|faint|p1a: Alakazam\n|\n|upkeep\n|turn|9\n|-message|Danielopi forfeited.\n|\n|win|magdalium\n|raw|Danielopi's rating: 1267 &rarr; <strong>1238</strong><br />(-29 for losing)\n|raw|magdalium's rating: 1204 &rarr; <strong>1233</strong><br />(+29 for winning)\n|l|\u2606Danielopi\n|player|p1|\n",
  "uploadtime": 1776116450,
  "views": 30,
  "formatid": "gen9championsvgc2026regma",
  "rating": 1233,
  "private": 0,
  "password": null
}