{
  "id": "gen9championsvgc2026regma-2585198820",
  "format": "[Gen 9 Champions] VGC 2026 Reg M-A",
  "players": [
    "FreezeNx",
    "rgeee"
  ],
  "log": "|j|\u2606FreezeNx\n|j|\u2606rgeee\n|t:|1776324016\n|gametype|doubles\n|player|p1|FreezeNx|winona|1125\n|player|p2|rgeee|266|1152\n|gen|9\n|tier|[Gen 9 Champions] VGC 2026 Reg M-A\n|rated|\n|rule|Species Clause: Limit one of each Pok\u00e9mon\n|rule|Item Clause: Limit 1 of each item\n|clearpoke\n|poke|p1|Charizard, L50, M|\n|poke|p1|Sneasler, L50, M|\n|poke|p1|Basculegion, L50, M|\n|poke|p1|Garchomp, L50, M|\n|poke|p1|Incineroar, L50, F|\n|poke|p1|Venusaur, L50, M|\n|poke|p2|Zoroark-Hisui, L50, M|\n|poke|p2|Torkoal, L50, F|\n|poke|p2|Incineroar, L50, M|\n|poke|p2|Farigiraf, L50, M|\n|poke|p2|Kommo-o, L50, M|\n|poke|p2|Audino, L50, M|\n|teampreview|4\n|\n|t:|1776324079\n|teamsize|p1|4\n|teamsize|p2|4\n|start\n|switch|p1a: Incineroar|Incineroar, L50, F|100/100\n|switch|p1b: Basculegion|Basculegion, L50, M|100/100\n|switch|p2a: Audino|Audino, L50, M|100/100\n|switch|p2b: Torkoal|Torkoal, L50, F|100/100\n|-ability|p1a: Incineroar|Intimidate|boost\n|-unboost|p2a: Audino|atk|1\n|-unboost|p2b: Torkoal|atk|1\n|-weather|SunnyDay|[from] ability: Drought|[of] p2b: Torkoal\n|turn|1\n|\n|t:|1776324112\n|move|p2b: Torkoal|Protect|p2b: Torkoal\n|-singleturn|p2b: Torkoal|Protect\n|move|p1a: Incineroar|Fake Out|p2a: Audino\n|-damage|p2a: Audino|90/100\n|move|p1b: Basculegion|Flip Turn|p2b: Torkoal\n|-activate|p2b: Torkoal|move: Protect\n|cant|p2a: Audino|flinch\n|\n|-weather|SunnyDay|[upkeep]\n|upkeep\n|turn|2\n|\n|t:|1776324132\n|move|p1b: Basculegion|Flip Turn|p2b: Torkoal\n|-supereffective|p2b: Torkoal|1\n|-damage|p2b: Torkoal|71/100\n|\n|t:|1776324136\n|switch|p1b: Charizard|Charizard, L50, M|100/100|[from] Flip Turn\n|move|p1a: Incineroar|Throat Chop|p2a: Audino\n|-damage|p2a: Audino|59/100\n|-start|p2a: Audino|Throat Chop|[silent]\n|move|p2b: Torkoal|Earth Power|p1a: Incineroar\n|-supereffective|p1a: Incineroar|1\n|-damage|p1a: Incineroar|60/100\n|move|p2a: Audino|Trick Room|p2a: Audino\n|-fieldstart|move: Trick Room|[of] p2a: Audino\n|\n|-weather|SunnyDay|[upkeep]\n|upkeep\n|turn|3\n|\n|t:|1776324159\n|detailschange|p2a: Audino|Audino-Mega, L50, M\n|-mega|p2a: Audino|Audino|Audinite\n|move|p2b: Torkoal|Eruption|p1b: Charizard|[spread] p1a,p1b\n|-resisted|p1a: Incineroar|1\n|-resisted|p1b: Charizard|1\n|-damage|p1a: Incineroar|33/100\n|-damage|p1b: Charizard|63/100\n|-enditem|p1a: Incineroar|Sitrus Berry|[eat]\n|-heal|p1a: Incineroar|58/100|[from] item: Sitrus Berry\n|move|p2a: Audino|Heal Pulse|p2b: Torkoal\n|-heal|p2b: Torkoal|100/100\n|move|p1a: Incineroar|Parting Shot|p2b: Torkoal\n|-unboost|p2b: Torkoal|atk|1\n|-unboost|p2b: Torkoal|spa|1\n|\n|t:|1776324172\n|switch|p1a: Basculegion|Basculegion, L50, M|100/100|[from] Parting Shot\n|move|p1b: Charizard|Air Slash|p2a: Audino\n|-damage|p2a: Audino|33/100\n|\n|-weather|SunnyDay|[upkeep]\n|-end|p2a: Audino|Throat Chop|[silent]\n|upkeep\n|turn|4\n|\n|t:|1776324188\n|move|p2a: Audino|Helping Hand|p2b: Torkoal\n|-singleturn|p2b: Torkoal|Helping Hand|[of] p2a: Audino\n|move|p2b: Torkoal|Eruption|p1b: Charizard|[spread] p1a,p1b\n|-resisted|p1a: Basculegion|1\n|-resisted|p1b: Charizard|1\n|-damage|p1a: Basculegion|48/100\n|-damage|p1b: Charizard|12/100\n|move|p1b: Charizard|Air Slash|p2a: Audino\n|-damage|p2a: Audino|9/100\n|move|p1a: Basculegion|Wave Crash|p2b: Torkoal\n|-supereffective|p2b: Torkoal|1\n|-damage|p2b: Torkoal|44/100\n|-damage|p1a: Basculegion|31/100|[from] Recoil\n|\n|-weather|SunnyDay|[upkeep]\n|upkeep\n|turn|5\n|\n|t:|1776324202\n|switch|p1a: Incineroar|Incineroar, L50, F|58/100\n|-ability|p1a: Incineroar|Intimidate|boost\n|-unboost|p2a: Audino|atk|1\n|-unboost|p2b: Torkoal|atk|1\n|move|p1b: Charizard|Protect|p1b: Charizard\n|-singleturn|p1b: Charizard|Protect\n|move|p2b: Torkoal|Heat Wave|p1b: Charizard|[spread] p1a\n|-activate|p1b: Charizard|move: Protect\n|-resisted|p1a: Incineroar|1\n|-damage|p1a: Incineroar|42/100\n|move|p2a: Audino|Heal Pulse|p2b: Torkoal\n|-heal|p2b: Torkoal|94/100\n|\n|-weather|none\n|upkeep\n|turn|6\n|\n|t:|1776324223\n|switch|p2b: Torkoal|Torkoal, L50, F|100/100\n|detailschange|p1b: Charizard|Charizard-Mega-Y, L50, M\n|-mega|p1b: Charizard|Charizard|Charizardite Y\n|-weather|SunnyDay|[from] ability: Drought|[of] p1b: Charizard\n|move|p2a: Audino|Protect|p2a: Audino\n|-singleturn|p2a: Audino|Protect\n|move|p1a: Incineroar|Fake Out|p2b: Torkoal\n|-immune|p2b: Torkoal\n|move|p1b: Charizard|Air Slash|p2a: Audino\n|-activate|p2a: Audino|move: Protect\n|\n|-weather|SunnyDay|[upkeep]\n|-fieldend|move: Trick Room\n|upkeep\n|turn|7\n|\n|t:|1776324279\n|move|p2b: Torkoal|Hyper Voice|p1a: Incineroar|[spread] p1a,p1b\n|-crit|p1a: Incineroar\n|-damage|p1a: Incineroar|0 fnt\n|-damage|p1b: Charizard|0 fnt\n|faint|p1a: Incineroar\n|faint|p1b: Charizard\n|move|p2a: Audino|Trick Room|p2a: Audino\n|-fieldstart|move: Trick Room|[of] p2a: Audino\n|\n|-weather|SunnyDay|[upkeep]\n|upkeep\n|\n|t:|1776324287\n|switch|p1a: Basculegion|Basculegion, L50, M|31/100\n|switch|p1b: Venusaur|Venusaur, L50, M|100/100\n|turn|8\n|\n|t:|1776324310\n|switch|p2a: Torkoal|Torkoal, L50, F|94/100\n|move|p2b: Torkoal|Shadow Ball|p1a: Basculegion\n|-supereffective|p1a: Basculegion|1\n|-damage|p1a: Basculegion|0 fnt\n|faint|p1a: Basculegion\n|move|p1b: Venusaur|Sludge Bomb|p2a: Torkoal\n|-damage|p2a: Torkoal|38/100\n|-status|p2a: Torkoal|psn\n|\n|-weather|SunnyDay|[upkeep]\n|-damage|p2a: Torkoal|26/100 psn|[from] psn\n|upkeep\n|turn|9\n|-message|FreezeNx forfeited.\n|\n|win|rgeee\n|raw|FreezeNx's rating: 1125 &rarr; <strong>1102</strong><br />(-23 for losing)\n|raw|rgeee's rating: 1152 &rarr; <strong>1175</strong><br />(+23 for winning)\n|l|\u2606FreezeNx\n|player|p1|\n",
  "uploadtime": 1776324352,
  "views": 21,
  "formatid": "gen9championsvgc2026regma",
  "rating": 1102,
  "private": 0,
  "password": null
}