{
  "id": "gen9championsvgc2026regma-2580868618",
  "format": "[Gen 9 Champions] VGC 2026 Reg M-A",
  "players": [
    "lolurmomfat",
    "Ferdford"
  ],
  "log": "|j|\u2606lolurmomfat\n|j|\u2606Ferdford\n|t:|1775939112\n|gametype|doubles\n|player|p1|lolurmomfat|170|1112\n|player|p2|Ferdford|pilot|1043\n|gen|9\n|tier|[Gen 9 Champions] VGC 2026 Reg M-A\n|rated|\n|rule|Species Clause: Limit one of each Pok\u00e9mon\n|rule|Item Clause: Limit 1 of each item\n|clearpoke\n|poke|p1|Froslass, L50, F|\n|poke|p1|Glaceon, L50, F|\n|poke|p1|Basculegion, L50, M|\n|poke|p1|Sinistcha, L50|\n|poke|p1|Meowstic, L50, M|\n|poke|p1|Incineroar, L50, F|\n|poke|p2|Typhlosion-Hisui, L50, M|\n|poke|p2|Aerodactyl, L50, F|\n|poke|p2|Torkoal, L50, F|\n|poke|p2|Whimsicott, L50, M|\n|poke|p2|Sneasler, L50, M|\n|poke|p2|Azumarill, L50, M|\n|teampreview|4\n|\n|t:|1775939141\n|teamsize|p1|4\n|teamsize|p2|4\n|start\n|switch|p1a: Froslass|Froslass, L50, F|100/100\n|switch|p1b: Incineroar|Incineroar, L50, F|100/100\n|switch|p2a: Whimsicott|Whimsicott, L50, M|100/100\n|switch|p2b: Torkoal|Torkoal, L50, F|100/100\n|-ability|p1b: Incineroar|Intimidate|boost\n|-unboost|p2a: Whimsicott|atk|1\n|-unboost|p2b: Torkoal|atk|1\n|-weather|SunnyDay|[from] ability: Drought|[of] p2b: Torkoal\n|turn|1\n|\n|t:|1775939156\n|detailschange|p1a: Froslass|Froslass-Mega, L50, F\n|-mega|p1a: Froslass|Froslass|Froslassite\n|-weather|Snowscape|[from] ability: Snow Warning|[of] p1a: Froslass\n|move|p2a: Whimsicott|Protect|p2a: Whimsicott\n|-singleturn|p2a: Whimsicott|Protect\n|move|p1b: Incineroar|Fake Out|p2a: Whimsicott\n|-activate|p2a: Whimsicott|move: Protect\n|move|p1a: Froslass|Blizzard|p2a: Whimsicott|[spread] p2b\n|-activate|p2a: Whimsicott|move: Protect\n|-resisted|p2b: Torkoal|1\n|-damage|p2b: Torkoal|65/100\n|move|p2b: Torkoal|Eruption|p1a: Froslass|[spread] p1a,p1b\n|-supereffective|p1a: Froslass|1\n|-resisted|p1b: Incineroar|1\n|-damage|p1a: Froslass|18/100\n|-damage|p1b: Incineroar|87/100\n|\n|-weather|Snowscape|[upkeep]\n|upkeep\n|turn|2\n|\n|t:|1775939184\n|move|p2a: Whimsicott|Sunny Day|p2a: Whimsicott\n|-weather|SunnyDay\n|move|p1a: Froslass|Blizzard|p2a: Whimsicott|[spread] p2a\n|-miss|p1a: Froslass|p2b: Torkoal\n|-supereffective|p2a: Whimsicott|1\n|-enditem|p2a: Whimsicott|Focus Sash\n|-damage|p2a: Whimsicott|1/100\n|move|p1b: Incineroar|Darkest Lariat|p2a: Whimsicott\n|-resisted|p2a: Whimsicott|1\n|-damage|p2a: Whimsicott|0 fnt\n|faint|p2a: Whimsicott\n|move|p2b: Torkoal|Heat Wave|p1a: Froslass|[spread] p1a,p1b\n|-supereffective|p1a: Froslass|1\n|-resisted|p1b: Incineroar|1\n|-damage|p1a: Froslass|0 fnt\n|-damage|p1b: Incineroar|67/100\n|faint|p1a: Froslass\n|\n|-weather|SunnyDay|[upkeep]\n|upkeep\n|\n|t:|1775939200\n|switch|p1a: Meowstic|Meowstic, L50, M|100/100\n|switch|p2a: Sneasler|Sneasler, L50, M|100/100\n|turn|3\n|\n|t:|1775939213\n|switch|p1b: Basculegion|Basculegion, L50, M|100/100\n|move|p2a: Sneasler|Fake Out|p1a: Meowstic\n|-damage|p1a: Meowstic|80/100\n|cant|p1a: Meowstic|flinch\n|move|p2b: Torkoal|Weather Ball|p1a: Meowstic\n|-damage|p1a: Meowstic|0 fnt\n|faint|p1a: Meowstic\n|\n|-weather|SunnyDay|[upkeep]\n|upkeep\n|\n|t:|1775939220\n|switch|p1a: Incineroar|Incineroar, L50, F|67/100\n|-ability|p1a: Incineroar|Intimidate|boost\n|-unboost|p2a: Sneasler|atk|1\n|-unboost|p2b: Torkoal|atk|1\n|-enditem|p2a: Sneasler|White Herb\n|-clearnegativeboost|p2a: Sneasler|[silent]\n|turn|4\n|\n|t:|1775939243\n|move|p2a: Sneasler|Protect|p2a: Sneasler\n|-singleturn|p2a: Sneasler|Protect\n|move|p2b: Torkoal|Protect|p2b: Torkoal\n|-singleturn|p2b: Torkoal|Protect\n|move|p1a: Incineroar|Fake Out|p2a: Sneasler\n|-activate|p2a: Sneasler|move: Protect\n|move|p1b: Basculegion|Last Respects|p2b: Torkoal\n|-activate|p2b: Torkoal|move: Protect\n|\n|-weather|SunnyDay|[upkeep]\n|upkeep\n|turn|5\n|\n|t:|1775939257\n|move|p2a: Sneasler|Close Combat|p1a: Incineroar\n|-supereffective|p1a: Incineroar|1\n|-damage|p1a: Incineroar|0 fnt\n|-unboost|p2a: Sneasler|def|1\n|-unboost|p2a: Sneasler|spd|1\n|faint|p1a: Incineroar\n|move|p1b: Basculegion|Last Respects|p2a: Sneasler\n|-damage|p2a: Sneasler|0 fnt\n|faint|p2a: Sneasler\n|move|p2b: Torkoal|Heat Wave|p1b: Basculegion\n|-resisted|p1b: Basculegion|1\n|-crit|p1b: Basculegion\n|-damage|p1b: Basculegion|32/100\n|\n|-weather|SunnyDay|[upkeep]\n|upkeep\n|\n|t:|1775939269\n|switch|p2a: Typhlosion|Typhlosion-Hisui, L50, M|100/100\n|turn|6\n|\n|t:|1775939275\n|move|p1b: Basculegion|Last Respects|p2a: Typhlosion\n|-supereffective|p2a: Typhlosion|1\n|-damage|p2a: Typhlosion|0 fnt\n|faint|p2a: Typhlosion\n|move|p2b: Torkoal|Heat Wave|p1b: Basculegion\n|-resisted|p1b: Basculegion|1\n|-damage|p1b: Basculegion|0 fnt\n|faint|p1b: Basculegion\n|\n|win|Ferdford\n|raw|lolurmomfat's rating: 1112 &rarr; <strong>1082</strong><br />(-30 for losing)\n|raw|Ferdford's rating: 1043 &rarr; <strong>1083</strong><br />(+40 for winning)\n|l|\u2606lolurmomfat\n|player|p1|\n",
  "uploadtime": 1775939361,
  "views": 12,
  "formatid": "gen9championsvgc2026regma",
  "rating": 1082,
  "private": 0,
  "password": null
}