{
  "id": "gen9championsvgc2026regma-2586833425",
  "format": "[Gen 9 Champions] VGC 2026 Reg M-A",
  "players": [
    "Beartic01",
    "jakeofonline"
  ],
  "log": "|j|\u2606Beartic01\n|j|\u2606jakeofonline\n|t:|1776463736\n|gametype|doubles\n|player|p1|Beartic01|102|1208\n|player|p2|jakeofonline|brycenman|1171\n|gen|9\n|tier|[Gen 9 Champions] VGC 2026 Reg M-A\n|rated|\n|rule|Species Clause: Limit one of each Pok\u00e9mon\n|rule|Item Clause: Limit 1 of each item\n|clearpoke\n|poke|p1|Crabominable, L50, F|\n|poke|p1|Incineroar, L50, M|\n|poke|p1|Sinistcha, L50|\n|poke|p1|Garchomp, L50, M|\n|poke|p1|Slowking-Galar, L50, F|\n|poke|p1|Sylveon, L50, F|\n|poke|p2|Chandelure, L50, M|\n|poke|p2|Oranguru, L50, M|\n|poke|p2|Tsareena, L50, F|\n|poke|p2|Florges, L50, F|\n|poke|p2|Aerodactyl, L50, M|\n|poke|p2|Gallade, L50, M|\n|teampreview|4\n|inactive|Battle timer is ON: inactive players will automatically lose when time's up. (requested by jakeofonline)\n|\n|t:|1776463765\n|teamsize|p1|4\n|teamsize|p2|4\n|start\n|switch|p1a: Incineroar|Incineroar, L50, M|100/100\n|switch|p1b: Slowking|Slowking-Galar, L50, F|100/100\n|switch|p2a: Chandelure|Chandelure, L50, M|100/100\n|switch|p2b: Florges|Florges, L50, F|100/100\n|-ability|p1a: Incineroar|Intimidate|boost\n|-unboost|p2a: Chandelure|atk|1\n|-unboost|p2b: Florges|atk|1\n|-clearboost|p1a: Incineroar|[from] ability: Curious Medicine|[of] p1b: Slowking\n|turn|1\n|inactive|jakeofonline has 30 seconds left.\n|inactive|jakeofonline has 20 seconds left.\n|\n|t:|1776463804\n|detailschange|p2a: Chandelure|Chandelure-Mega, L50, M\n|-mega|p2a: Chandelure|Chandelure|Chandelurite\n|move|p1a: Incineroar|Fake Out|p2b: Florges\n|-damage|p2b: Florges|83/100\n|move|p2a: Chandelure|Shadow Ball|p1b: Slowking\n|-supereffective|p1b: Slowking|1\n|-damage|p1b: Slowking|8/100\n|cant|p2b: Florges|flinch\n|move|p1b: Slowking|Trick Room|p1b: Slowking\n|-fieldstart|move: Trick Room|[of] p1b: Slowking\n|\n|-heal|p1b: Slowking|14/100|[from] item: Leftovers\n|-heal|p2b: Florges|89/100|[from] item: Leftovers\n|upkeep\n|turn|2\n|inactive|Beartic01 has 30 seconds left.\n|\n|t:|1776463832\n|move|p1b: Slowking|Sludge Bomb|p2b: Florges\n|-supereffective|p2b: Florges|1\n|-damage|p2b: Florges|52/100\n|move|p1a: Incineroar|Parting Shot|p2a: Chandelure\n|-unboost|p2a: Chandelure|atk|1\n|-unboost|p2a: Chandelure|spa|1\n|\n|t:|1776463855\n|switch|p1a: Sylveon|Sylveon, L50, F|100/100|[from] Parting Shot\n|move|p2b: Florges|Sunny Day|p2b: Florges\n|-weather|SunnyDay\n|move|p2a: Chandelure|Heat Wave|p1b: Slowking|[spread] p1a,p1b\n|-damage|p1a: Sylveon|58/100\n|-damage|p1b: Slowking|0 fnt\n|faint|p1b: Slowking\n|\n|-weather|SunnyDay|[upkeep]\n|-heal|p2b: Florges|58/100|[from] item: Leftovers\n|upkeep\n|\n|t:|1776463870\n|switch|p1b: Incineroar|Incineroar, L50, M|100/100\n|-ability|p1b: Incineroar|Intimidate|boost\n|-unboost|p2a: Chandelure|atk|1\n|-unboost|p2b: Florges|atk|1\n|turn|3\n|inactive|Beartic01 has 30 seconds left.\n|\n|t:|1776463896\n|move|p2a: Chandelure|Protect|p2a: Chandelure\n|-singleturn|p2a: Chandelure|Protect\n|move|p1b: Incineroar|Fake Out|p2b: Florges\n|-damage|p2b: Florges|42/100\n|move|p1a: Sylveon|Hyper Voice|p2a: Chandelure|[spread] p2b\n|-activate|p2a: Chandelure|move: Protect\n|-damage|p2b: Florges|12/100\n|cant|p2b: Florges|flinch\n|\n|-weather|SunnyDay|[upkeep]\n|-heal|p2b: Florges|18/100|[from] item: Leftovers\n|upkeep\n|turn|4\n|\n|t:|1776463920\n|switch|p2a: Aerodactyl|Aerodactyl, L50, M|100/100\n|move|p1a: Sylveon|Hyper Beam|p2a: Aerodactyl\n|-enditem|p2a: Aerodactyl|Focus Sash\n|-damage|p2a: Aerodactyl|1/100\n|-mustrecharge|p1a: Sylveon\n|move|p1b: Incineroar|Flare Blitz|p2b: Florges\n|-damage|p2b: Florges|0 fnt\n|faint|p2b: Florges\n|-damage|p1b: Incineroar|95/100|[from] Recoil\n|\n|-weather|SunnyDay|[upkeep]\n|upkeep\n|\n|t:|1776463932\n|switch|p2b: Chandelure|Chandelure-Mega, L50, M|100/100\n|turn|5\n|\n|t:|1776463951\n|switch|p2a: Tsareena|Tsareena, L50, F|100/100\n|cant|p1a: Sylveon|recharge\n|move|p1b: Incineroar|Flare Blitz|p2a: Tsareena\n|-supereffective|p2a: Tsareena|1\n|-enditem|p2a: Tsareena|Occa Berry|[eat]\n|-enditem|p2a: Tsareena|Occa Berry|[weaken]\n|-damage|p2a: Tsareena|10/100\n|-damage|p1b: Incineroar|66/100|[from] Recoil\n|move|p2b: Chandelure|Heat Wave|p1a: Sylveon|[spread] p1a,p1b\n|-resisted|p1b: Incineroar|1\n|-damage|p1a: Sylveon|5/100\n|-damage|p1b: Incineroar|39/100\n|-enditem|p1b: Incineroar|Sitrus Berry|[eat]\n|-heal|p1b: Incineroar|64/100|[from] item: Sitrus Berry\n|\n|-weather|SunnyDay|[upkeep]\n|-fieldend|move: Trick Room\n|upkeep\n|turn|6\n|inactive|Beartic01 has 30 seconds left.\n|\n|t:|1776463979\n|switch|p1b: Crabominable|Crabominable, L50, F|100/100\n|move|p2a: Tsareena|Protect|p2a: Tsareena\n|-singleturn|p2a: Tsareena|Protect\n|move|p2b: Chandelure|Heat Wave|p1a: Sylveon|[spread] p1a,p1b\n|-supereffective|p1b: Crabominable|1\n|-damage|p1a: Sylveon|0 fnt\n|-damage|p1b: Crabominable|0 fnt\n|faint|p1a: Sylveon\n|faint|p1b: Crabominable\n|\n|-weather|none\n|upkeep\n|\n|t:|1776463992\n|switch|p1a: Incineroar|Incineroar, L50, M|64/100\n|-ability|p1a: Incineroar|Intimidate|boost\n|-unboost|p2a: Tsareena|atk|1\n|-unboost|p2b: Chandelure|atk|1\n|turn|7\n|\n|t:|1776464004\n|move|p2b: Chandelure|Protect|p2b: Chandelure\n|-singleturn|p2b: Chandelure|Protect\n|move|p2a: Tsareena|Protect|p2a: Tsareena\n|-singleturn|p2a: Tsareena|Protect\n|move|p1a: Incineroar|Fake Out||[still]\n|cant|p2a: Tsareena|ability: Queenly Majesty|Fake Out|[of] p1a: Incineroar\n|\n|upkeep\n|turn|8\n|\n|t:|1776464016\n|move|p2b: Chandelure|Shadow Ball|p1a: Incineroar\n|-resisted|p1a: Incineroar|1\n|-damage|p1a: Incineroar|41/100\n|-unboost|p1a: Incineroar|spd|1\n|move|p2a: Tsareena|Low Kick|p1a: Incineroar\n|-supereffective|p1a: Incineroar|1\n|-damage|p1a: Incineroar|0 fnt\n|faint|p1a: Incineroar\n|\n|win|jakeofonline\n|raw|Beartic01's rating: 1208 &rarr; <strong>1180</strong><br />(-28 for losing)\n|raw|jakeofonline's rating: 1171 &rarr; <strong>1199</strong><br />(+28 for winning)\n",
  "uploadtime": 1776464024,
  "views": 26,
  "formatid": "gen9championsvgc2026regma",
  "rating": 1180,
  "private": 0,
  "password": null
}