{
  "id": "gen9championsvgc2026regma-2580887956",
  "format": "[Gen 9 Champions] VGC 2026 Reg M-A",
  "players": [
    "DragonairJordan23",
    "ewfh"
  ],
  "log": "|j|\u2606DragonairJordan23\n|j|\u2606ewfh\n|t:|1775940689\n|gametype|doubles\n|player|p1|DragonairJordan23|dancer|1080\n|player|p2|ewfh|hilbert-masters|1000\n|gen|9\n|tier|[Gen 9 Champions] VGC 2026 Reg M-A\n|rated|\n|rule|Species Clause: Limit one of each Pok\u00e9mon\n|rule|Item Clause: Limit 1 of each item\n|clearpoke\n|poke|p1|Hawlucha, L50, M|\n|poke|p1|Excadrill, L50, F|\n|poke|p1|Tyranitar, L50, F|\n|poke|p1|Rotom-Wash, L50|\n|poke|p1|Ditto, L50|\n|poke|p2|Clefable, L50, M|\n|poke|p2|Typhlosion-Hisui, L50, M|\n|poke|p2|Aerodactyl, L50, F|\n|poke|p2|Mamoswine, L50, M|\n|poke|p2|Rotom-Wash, L50|\n|poke|p2|Hawlucha, L50, F|\n|teampreview|4\n|\n|t:|1775940723\n|teamsize|p1|4\n|teamsize|p2|4\n|start\n|switch|p1a: Rotom|Rotom-Wash, L50|100/100\n|switch|p1b: Hawlucha|Hawlucha, L50, M|100/100\n|switch|p2a: Typhlosion|Typhlosion-Hisui, L50, M, shiny|100/100\n|switch|p2b: Aerodactyl|Aerodactyl, L50, F|100/100\n|-item|p1a: Rotom|Choice Scarf|[from] ability: Frisk|[of] p2a: Typhlosion\n|-item|p1b: Hawlucha|Hawluchanite|[from] ability: Frisk|[of] p2a: Typhlosion\n|turn|1\n|\n|t:|1775940743\n|detailschange|p2b: Aerodactyl|Aerodactyl-Mega, L50, F\n|-mega|p2b: Aerodactyl|Aerodactyl|Aerodactylite\n|move|p1b: Hawlucha|Protect|p1b: Hawlucha\n|-singleturn|p1b: Hawlucha|Protect\n|move|p2b: Aerodactyl|Tailwind|p2b: Aerodactyl\n|-sidestart|p2: ewfh|move: Tailwind\n|move|p2a: Typhlosion|Eruption|p1a: Rotom|[spread] p1a\n|-activate|p1b: Hawlucha|move: Protect\n|-resisted|p1a: Rotom|1\n|-damage|p1a: Rotom|65/100\n|move|p1a: Rotom|Electroweb|p2b: Aerodactyl|[spread] p2a,p2b\n|-supereffective|p2b: Aerodactyl|1\n|-damage|p2a: Typhlosion|74/100\n|-damage|p2b: Aerodactyl|58/100\n|-unboost|p2a: Typhlosion|spe|1\n|-unboost|p2b: Aerodactyl|spe|1\n|\n|upkeep\n|turn|2\n|\n|t:|1775940764\n|switch|p1b: Tyranitar|Tyranitar, L50, F|100/100\n|-weather|Sandstorm|[from] ability: Sand Stream|[of] p1b: Tyranitar\n|move|p2b: Aerodactyl|Sunny Day|p2b: Aerodactyl\n|-weather|SunnyDay\n|move|p1a: Rotom|Electroweb|p2a: Typhlosion|[spread] p2a,p2b\n|-supereffective|p2b: Aerodactyl|1\n|-damage|p2a: Typhlosion|48/100\n|-damage|p2b: Aerodactyl|11/100\n|-unboost|p2a: Typhlosion|spe|1\n|-unboost|p2b: Aerodactyl|spe|1\n|move|p2a: Typhlosion|Eruption|p1a: Rotom|[spread] p1a,p1b\n|-resisted|p1a: Rotom|1\n|-resisted|p1b: Tyranitar|1\n|-damage|p1a: Rotom|40/100\n|-damage|p1b: Tyranitar|78/100\n|\n|-weather|SunnyDay|[upkeep]\n|upkeep\n|turn|3\n|\n|t:|1775940792\n|move|p2b: Aerodactyl|Wide Guard|p2b: Aerodactyl\n|-singleturn|p2b: Aerodactyl|Wide Guard\n|move|p1a: Rotom|Electroweb|p2b: Aerodactyl|[spread] \n|-activate|p2a: Typhlosion|move: Wide Guard\n|-activate|p2b: Aerodactyl|move: Wide Guard\n|move|p2a: Typhlosion|Burn Up|p1a: Rotom\n|-resisted|p1a: Rotom|1\n|-crit|p1a: Rotom\n|-damage|p1a: Rotom|0 fnt\n|-start|p2a: Typhlosion|typechange|???/Ghost|[from] move: Burn Up\n|faint|p1a: Rotom\n|move|p1b: Tyranitar|Rock Slide|p2b: Aerodactyl|[spread] \n|-activate|p2a: Typhlosion|move: Wide Guard\n|-activate|p2b: Aerodactyl|move: Wide Guard\n|\n|-weather|SunnyDay|[upkeep]\n|upkeep\n|\n|t:|1775940812\n|switch|p1a: Hawlucha|Hawlucha, L50, M|100/100\n|turn|4\n|\n|t:|1775940839\n|switch|p1b: Excadrill|Excadrill, L50, F|100/100\n|detailschange|p1a: Hawlucha|Hawlucha-Mega, L50, M\n|-mega|p1a: Hawlucha|Hawlucha|Hawluchanite\n|move|p2b: Aerodactyl|Rock Slide|p1a: Hawlucha|[spread] p1a\n|-miss|p2b: Aerodactyl|p1b: Excadrill\n|-damage|p1a: Hawlucha|68/100\n|move|p1a: Hawlucha|Dual Wingbeat|p2a: Typhlosion\n|-damage|p2a: Typhlosion|20/100\n|-damage|p2a: Typhlosion|0 fnt\n|faint|p2a: Typhlosion\n|-hitcount|p2: Typhlosion|2\n|\n|-weather|SunnyDay|[upkeep]\n|-sideend|p2: ewfh|move: Tailwind\n|upkeep\n|\n|t:|1775940874\n|switch|p2a: Hawlucha|Hawlucha, L50, F, shiny|100/100\n|-ability|p2a: Hawlucha|Mold Breaker\n|turn|5\n|\n|t:|1775940911\n|move|p2b: Aerodactyl|Wide Guard|p2b: Aerodactyl\n|-singleturn|p2b: Aerodactyl|Wide Guard\n|move|p1a: Hawlucha|Dual Wingbeat|p2a: Hawlucha\n|-supereffective|p2a: Hawlucha|1\n|-damage|p2a: Hawlucha|44/100\n|-supereffective|p2a: Hawlucha|1\n|-damage|p2a: Hawlucha|0 fnt\n|faint|p2a: Hawlucha\n|-hitcount|p2: Hawlucha|2\n|move|p1b: Excadrill|Iron Head|p2b: Aerodactyl\n|-supereffective|p2b: Aerodactyl|1\n|-damage|p2b: Aerodactyl|0 fnt\n|faint|p2b: Aerodactyl\n|\n|-weather|SunnyDay|[upkeep]\n|upkeep\n|\n|t:|1775940924\n|switch|p2b: Rotom|Rotom-Wash, L50|100/100\n|turn|6\n|\n|t:|1775940936\n|move|p1a: Hawlucha|Entrainment|p2b: Rotom\n|-ability|p2b: Rotom|No Guard|Levitate|[from] move: Entrainment|[of] p1a: Hawlucha\n|move|p1b: Excadrill|Horn Drill|p2b: Rotom\n|-damage|p2b: Rotom|0 fnt\n|faint|p2b: Rotom\n|-ohko\n|\n|win|DragonairJordan23\n|raw|DragonairJordan23's rating: 1080 &rarr; <strong>1102</strong><br />(+22 for winning)\n|raw|ewfh's rating: 1000 &rarr; <strong>1000</strong><br />(+0 for losing)\n",
  "uploadtime": 1775940936,
  "views": 11,
  "formatid": "gen9championsvgc2026regma",
  "rating": 1000,
  "private": 0,
  "password": null
}