{
  "id": "gen9championsvgc2026regma-2582370566",
  "format": "[Gen 9 Champions] VGC 2026 Reg M-A",
  "players": [
    "jadenlovesyoujk",
    "XtinguisheD"
  ],
  "log": "|j|\u2606jadenlovesyoujk\n|j|\u2606XtinguisheD\n|t:|1776087087\n|gametype|doubles\n|player|p1|jadenlovesyoujk|169|1030\n|player|p2|XtinguisheD|cheren|1029\n|gen|9\n|tier|[Gen 9 Champions] VGC 2026 Reg M-A\n|rated|\n|rule|Species Clause: Limit one of each Pok\u00e9mon\n|rule|Item Clause: Limit 1 of each item\n|clearpoke\n|poke|p1|Mimikyu, L50, M|\n|poke|p1|Meowscarada, L50, M|\n|poke|p1|Charizard, L50, F|\n|poke|p1|Gengar, L50, M|\n|poke|p1|Venusaur, L50, M|\n|poke|p1|Incineroar, L50, F|\n|poke|p2|Farigiraf, L50, M|\n|poke|p2|Runerigus, L50, M|\n|poke|p2|Houndoom, L50, M|\n|poke|p2|Volcarona, L50, F|\n|poke|p2|Tauros-Paldea-Aqua, L50, M|\n|poke|p2|Hydrapple, L50, M|\n|teampreview|4\n|\n|t:|1776087107\n|teamsize|p1|4\n|teamsize|p2|4\n|start\n|switch|p1a: Incineroar|Incineroar, L50, F|100/100\n|switch|p1b: Gengar|Gengar, L50, M|100/100\n|switch|p2a: Farigiraf|Farigiraf, L50, M|100/100\n|switch|p2b: Runerigus|Runerigus, L50, M, shiny|100/100\n|-ability|p1a: Incineroar|Intimidate|boost\n|-unboost|p2a: Farigiraf|atk|1\n|-unboost|p2b: Runerigus|atk|1\n|turn|1\n|\n|t:|1776087147\n|switch|p1b: Meowscarada|Meowscarada, L50, M|100/100\n|move|p1a: Incineroar|Flare Blitz|p2b: Runerigus\n|-damage|p2b: Runerigus|73/100\n|-activate|p1a: Incineroar|Skill Swap|Wandering Spirit|Intimidate|[of] p2b: Runerigus\n|-ability|p2b: Runerigus|Intimidate|boost\n|-unboost|p1a: Incineroar|atk|1\n|-unboost|p1b: Meowscarada|atk|1\n|-damage|p1a: Incineroar|93/100|[from] Recoil\n|move|p2a: Farigiraf|Psychic|p1b: Meowscarada\n|-immune|p1b: Meowscarada\n|move|p2b: Runerigus|Shadow Claw|p1b: Meowscarada\n|-resisted|p1b: Meowscarada|1\n|-crit|p1b: Meowscarada\n|-damage|p1b: Meowscarada|75/100\n|\n|upkeep\n|turn|2\n|\n|t:|1776087174\n|move|p1a: Incineroar|Protect|p1a: Incineroar\n|-singleturn|p1a: Incineroar|Protect\n|move|p1b: Meowscarada|Triple Axel|p2b: Runerigus\n|-start|p1b: Meowscarada|typechange|Ice|[from] ability: Protean\n|-supereffective|p2b: Runerigus|1\n|-damage|p2b: Runerigus|64/100\n|-supereffective|p2b: Runerigus|1\n|-damage|p2b: Runerigus|46/100\n|-supereffective|p2b: Runerigus|1\n|-damage|p2b: Runerigus|23/100\n|-hitcount|p2b: Runerigus|3\n|move|p2a: Farigiraf|Hyper Voice|p1a: Incineroar|[spread] p1b\n|-activate|p1a: Incineroar|move: Protect\n|-damage|p1b: Meowscarada|23/100\n|move|p2b: Runerigus|Trick Room|p2b: Runerigus\n|-fieldstart|move: Trick Room|[of] p2b: Runerigus\n|\n|upkeep\n|turn|3\n|\n|t:|1776087199\n|switch|p1b: Mimikyu|Mimikyu, L50, M|100/100\n|move|p2b: Runerigus|Body Press|p1a: Incineroar\n|-supereffective|p1a: Incineroar|1\n|-crit|p1a: Incineroar\n|-damage|p1a: Incineroar|14/100\n|-activate|p2b: Runerigus|Skill Swap|Wandering Spirit|Intimidate|[of] p1a: Incineroar\n|-ability|p1a: Incineroar|Intimidate|boost\n|-unboost|p2a: Farigiraf|atk|1\n|-unboost|p2b: Runerigus|atk|1\n|-enditem|p1a: Incineroar|Sitrus Berry|[eat]\n|-heal|p1a: Incineroar|39/100|[from] item: Sitrus Berry\n|move|p2a: Farigiraf|Hyper Voice|p1b: Mimikyu|[spread] p1a\n|-immune|p1b: Mimikyu\n|-damage|p1a: Incineroar|11/100\n|move|p1a: Incineroar|Flare Blitz|p2b: Runerigus\n|-damage|p2b: Runerigus|2/100\n|-activate|p1a: Incineroar|Skill Swap|Wandering Spirit|Intimidate|[of] p2b: Runerigus\n|-ability|p2b: Runerigus|Intimidate|boost\n|-unboost|p1a: Incineroar|atk|1\n|-unboost|p1b: Mimikyu|atk|1\n|-damage|p1a: Incineroar|6/100|[from] Recoil\n|\n|upkeep\n|turn|4\n|\n|t:|1776087240\n|move|p1a: Incineroar|Protect|p1a: Incineroar\n|-singleturn|p1a: Incineroar|Protect\n|move|p1b: Mimikyu|Shadow Sneak||[still]\n|cant|p2a: Farigiraf|ability: Armor Tail|Shadow Sneak|[of] p1b: Mimikyu\n|move|p2b: Runerigus|Shadow Claw|p1b: Mimikyu\n|-activate|p1b: Mimikyu|ability: Disguise\n|-damage|p1b: Mimikyu|100/100\n|detailschange|p1b: Mimikyu|Mimikyu-Busted, L50, M\n|-damage|p1b: Mimikyu|88/100|[from] pokemon: Mimikyu-Busted\n|move|p2a: Farigiraf|Psychic|p1b: Mimikyu\n|-damage|p1b: Mimikyu|29/100\n|\n|upkeep\n|turn|5\n|\n|t:|1776087263\n|move|p1b: Mimikyu|Protect|p1b: Mimikyu\n|-singleturn|p1b: Mimikyu|Protect\n|move|p2b: Runerigus|Shadow Claw|p1b: Mimikyu\n|-activate|p1b: Mimikyu|move: Protect\n|move|p1a: Incineroar|Flare Blitz|p2b: Runerigus\n|-damage|p2b: Runerigus|0 fnt\n|faint|p2b: Runerigus\n|-damage|p1a: Incineroar|5/100|[from] Recoil\n|move|p2a: Farigiraf|Hyper Voice|p1b: Mimikyu|[spread] p1a\n|-activate|p1b: Mimikyu|move: Protect\n|-damage|p1a: Incineroar|0 fnt\n|faint|p1a: Incineroar\n|\n|upkeep\n|\n|t:|1776087283\n|switch|p2b: Tauros|Tauros-Paldea-Aqua, L50, M|100/100\n|switch|p1a: Gengar|Gengar, L50, M|100/100\n|-ability|p2b: Tauros|Intimidate|boost\n|-unboost|p1a: Gengar|atk|1\n|-unboost|p1b: Mimikyu|atk|1\n|turn|6\n|\n|t:|1776087301\n|detailschange|p1a: Gengar|Gengar-Mega, L50, M\n|-mega|p1a: Gengar|Gengar|Gengarite\n|move|p2b: Tauros|Aqua Jet|p1b: Mimikyu\n|-crit|p1b: Mimikyu\n|-damage|p1b: Mimikyu|0 fnt\n|faint|p1b: Mimikyu\n|move|p2a: Farigiraf|Psychic|p1a: Gengar\n|-supereffective|p1a: Gengar|1\n|-damage|p1a: Gengar|0 fnt\n|faint|p1a: Gengar\n|\n|-fieldend|move: Trick Room\n|upkeep\n|\n|t:|1776087314\n|switch|p1b: Meowscarada|Meowscarada, L50, M|23/100\n|turn|7\n|\n|t:|1776087326\n|move|p1b: Meowscarada|Flower Trick|p2b: Tauros\n|-start|p1b: Meowscarada|typechange|Grass|[from] ability: Protean\n|-supereffective|p2b: Tauros|1\n|-crit|p2b: Tauros\n|-enditem|p2b: Tauros|Focus Sash\n|-damage|p2b: Tauros|1/100\n|move|p2b: Tauros|Close Combat|p1b: Meowscarada\n|-crit|p1b: Meowscarada\n|-damage|p1b: Meowscarada|0 fnt\n|-unboost|p2b: Tauros|def|1\n|-unboost|p2b: Tauros|spd|1\n|faint|p1b: Meowscarada\n|\n|win|XtinguisheD\n|raw|jadenlovesyoujk's rating: 1030 &rarr; <strong>1015</strong><br />(-15 for losing)\n|raw|XtinguisheD's rating: 1029 &rarr; <strong>1065</strong><br />(+36 for winning)\n|l|\u2606jadenlovesyoujk\n|player|p1|\n",
  "uploadtime": 1776087341,
  "views": 12,
  "formatid": "gen9championsvgc2026regma",
  "rating": 1015,
  "private": 0,
  "password": null
}