{
  "id": "gen9championsvgc2026regma-2584140162",
  "format": "[Gen 9 Champions] VGC 2026 Reg M-A",
  "players": [
    "potaajyu_jv",
    "DrayageDrago"
  ],
  "log": "|j|\u2606potaajyu_jv\n|j|\u2606DrayageDrago\n|t:|1776229745\n|gametype|doubles\n|player|p1|potaajyu_jv|cheryl|1155\n|player|p2|DrayageDrago|170|1262\n|gen|9\n|tier|[Gen 9 Champions] VGC 2026 Reg M-A\n|rated|\n|rule|Species Clause: Limit one of each Pok\u00e9mon\n|rule|Item Clause: Limit 1 of each item\n|clearpoke\n|poke|p1|Primarina, L50, M|\n|poke|p1|Drampa, L50, F|\n|poke|p1|Sneasler, L50, F|\n|poke|p1|Sinistcha, L50|\n|poke|p1|Farigiraf, L50, M|\n|poke|p1|Crabominable, L50, F|\n|poke|p2|Delphox, L50, M|\n|poke|p2|Corviknight, L50, F|\n|poke|p2|Garchomp, L50, M|\n|poke|p2|Tyranitar, L50, F|\n|poke|p2|Sinistcha, L50|\n|poke|p2|Sneasler, L50, F|\n|teampreview|4\n|\n|t:|1776229766\n|teamsize|p1|4\n|teamsize|p2|4\n|start\n|switch|p1a: \u30a2\u30b7\u30ec\u30fc\u30cc|Primarina, L50, M|100/100\n|switch|p1b: \u30ea\u30ad\u30ad\u30ea\u30f3|Farigiraf, L50, M|100/100\n|switch|p2a: Delphox|Delphox, L50, M, shiny|100/100\n|switch|p2b: Corviknight|Corviknight, L50, F, shiny|100/100\n|turn|1\n|\n|t:|1776229807\n|detailschange|p2a: Delphox|Delphox-Mega, L50, M, shiny\n|-mega|p2a: Delphox|Delphox|Delphoxite\n|move|p1b: \u30ea\u30ad\u30ad\u30ea\u30f3|Helping Hand|p1a: \u30a2\u30b7\u30ec\u30fc\u30cc\n|-singleturn|p1a: \u30a2\u30b7\u30ec\u30fc\u30cc|Helping Hand|[of] p1b: \u30ea\u30ad\u30ad\u30ea\u30f3\n|move|p2a: Delphox|Protect|p2a: Delphox\n|-singleturn|p2a: Delphox|Protect\n|move|p2b: Corviknight|Bulk Up|p2b: Corviknight\n|-boost|p2b: Corviknight|atk|1\n|-boost|p2b: Corviknight|def|1\n|move|p1a: \u30a2\u30b7\u30ec\u30fc\u30cc|Hyper Voice|p2a: Delphox|[spread] p2b\n|-activate|p2a: Delphox|move: Protect\n|-damage|p2b: Corviknight|58/100\n|\n|-heal|p2b: Corviknight|65/100|[from] item: Leftovers\n|upkeep\n|turn|2\n|\n|t:|1776229829\n|move|p2a: Delphox|Heat Wave|p1a: \u30a2\u30b7\u30ec\u30fc\u30cc|[spread] p1a,p1b\n|-resisted|p1a: \u30a2\u30b7\u30ec\u30fc\u30cc|1\n|-damage|p1a: \u30a2\u30b7\u30ec\u30fc\u30cc|78/100\n|-damage|p1b: \u30ea\u30ad\u30ad\u30ea\u30f3|60/100\n|move|p2b: Corviknight|Brave Bird|p1b: \u30ea\u30ad\u30ad\u30ea\u30f3\n|-damage|p1b: \u30ea\u30ad\u30ad\u30ea\u30f3|3/100\n|-enditem|p1b: \u30ea\u30ad\u30ad\u30ea\u30f3|Sitrus Berry|[eat]\n|-heal|p1b: \u30ea\u30ad\u30ad\u30ea\u30f3|27/100|[from] item: Sitrus Berry\n|-damage|p2b: Corviknight|45/100|[from] Recoil\n|move|p1a: \u30a2\u30b7\u30ec\u30fc\u30cc|Hyper Voice|p2a: Delphox|[spread] p2a,p2b\n|-supereffective|p2a: Delphox|1\n|-damage|p2a: Delphox|26/100\n|-damage|p2b: Corviknight|14/100\n|move|p1b: \u30ea\u30ad\u30ad\u30ea\u30f3|Trick Room|p1b: \u30ea\u30ad\u30ad\u30ea\u30f3\n|-fieldstart|move: Trick Room|[of] p1b: \u30ea\u30ad\u30ad\u30ea\u30f3\n|\n|-heal|p2b: Corviknight|20/100|[from] item: Leftovers\n|upkeep\n|turn|3\n|\n|t:|1776229854\n|switch|p1b: \u30b1\u30b1\u30f3\u30ab\u30cb|Crabominable, L50, F|100/100\n|switch|p2b: Sinistcha|Sinistcha, L50|100/100\n|-heal|p2a: Delphox|51/100|[from] ability: Hospitality|[of] p2b: Sinistcha\n|move|p2a: Delphox|Protect|p2a: Delphox\n|-singleturn|p2a: Delphox|Protect\n|move|p1a: \u30a2\u30b7\u30ec\u30fc\u30cc|Hyper Voice|p2b: Sinistcha|[spread] p2b\n|-activate|p2a: Delphox|move: Protect\n|-resisted|p2b: Sinistcha|1\n|-damage|p2b: Sinistcha|82/100\n|\n|upkeep\n|turn|4\n|\n|t:|1776229893\n|switch|p2b: Tyranitar|Tyranitar, L50, F|100/100\n|-weather|Sandstorm|[from] ability: Sand Stream|[of] p2b: Tyranitar\n|switch|p2a: Corviknight|Corviknight, L50, F, shiny|20/100\n|detailschange|p1b: \u30b1\u30b1\u30f3\u30ab\u30cb|Crabominable-Mega, L50, F\n|-mega|p1b: \u30b1\u30b1\u30f3\u30ab\u30cb|Crabominable|Crabominite\n|move|p1b: \u30b1\u30b1\u30f3\u30ab\u30cb|Ice Hammer|p2b: Tyranitar\n|-damage|p2b: Tyranitar|40/100\n|-unboost|p1b: \u30b1\u30b1\u30f3\u30ab\u30cb|spe|1\n|move|p1a: \u30a2\u30b7\u30ec\u30fc\u30cc|Hyper Voice|p2b: Tyranitar|[spread] p2a,p2b\n|-supereffective|p2b: Tyranitar|1\n|-damage|p2a: Corviknight|0 fnt\n|-damage|p2b: Tyranitar|0 fnt\n|faint|p2a: Corviknight\n|faint|p2b: Tyranitar\n|\n|-weather|Sandstorm|[upkeep]\n|-damage|p1b: \u30b1\u30b1\u30f3\u30ab\u30cb|95/100|[from] Sandstorm\n|-damage|p1a: \u30a2\u30b7\u30ec\u30fc\u30cc|72/100|[from] Sandstorm\n|upkeep\n|\n|t:|1776229895\n|switch|p2b: Sinistcha|Sinistcha, L50|82/100\n|switch|p2a: Delphox|Delphox-Mega, L50, M, shiny|51/100\n|-heal|p2a: Delphox|76/100|[from] ability: Hospitality|[of] p2b: Sinistcha\n|turn|5\n|-message|DrayageDrago forfeited.\n|\n|win|potaajyu_jv\n|raw|potaajyu_jv's rating: 1155 &rarr; <strong>1187</strong><br />(+32 for winning)\n|raw|DrayageDrago's rating: 1262 &rarr; <strong>1230</strong><br />(-32 for losing)\n|l|\u2606DrayageDrago\n|player|p2|\n",
  "uploadtime": 1776229928,
  "views": 21,
  "formatid": "gen9championsvgc2026regma",
  "rating": 1187,
  "private": 0,
  "password": null
}