{
  "id": "gen9championsvgc2026regma-2585532937",
  "format": "[Gen 9 Champions] VGC 2026 Reg M-A",
  "players": [
    "Finexcer",
    "Munchlaxxxed"
  ],
  "log": "|j|\u2606Finexcer\n|j|\u2606Munchlaxxxed\n|t:|1776353820\n|gametype|doubles\n|player|p1|Finexcer|101|1184\n|player|p2|Munchlaxxxed|2|1285\n|gen|9\n|tier|[Gen 9 Champions] VGC 2026 Reg M-A\n|rated|\n|rule|Species Clause: Limit one of each Pok\u00e9mon\n|rule|Item Clause: Limit 1 of each item\n|clearpoke\n|poke|p1|Gengar, L50, F|\n|poke|p1|Milotic, L50, M|\n|poke|p1|Meowscarada, L50, F|\n|poke|p1|Scizor, L50, F|\n|poke|p1|Farigiraf, L50, F|\n|poke|p1|Heracross, L50, M|\n|poke|p2|Aerodactyl, L50, F|\n|poke|p2|Charizard, L50, F|\n|poke|p2|Venusaur, L50, F|\n|poke|p2|Aegislash, L50, M|\n|poke|p2|Sneasler, L50, M|\n|poke|p2|Milotic, L50, F|\n|teampreview|4\n|\n|t:|1776353853\n|teamsize|p1|4\n|teamsize|p2|4\n|start\n|switch|p1a: Scizor|Scizor, L50, F|100/100\n|switch|p1b: Gengar|Gengar, L50, F, shiny|100/100\n|switch|p2a: Charizard|Charizard, L50, F|100/100\n|switch|p2b: Sneasler|Sneasler, L50, M|100/100\n|turn|1\n|\n|t:|1776353863\n|detailschange|p1b: Gengar|Gengar-Mega, L50, F, shiny\n|-mega|p1b: Gengar|Gengar|Gengarite\n|detailschange|p2a: Charizard|Charizard-Mega-Y, L50, F\n|-mega|p2a: Charizard|Charizard|Charizardite Y\n|-weather|SunnyDay|[from] ability: Drought|[of] p2a: Charizard\n|move|p1a: Scizor|Protect|p1a: Scizor\n|-singleturn|p1a: Scizor|Protect\n|move|p2b: Sneasler|Fake Out|p1a: Scizor\n|-activate|p1a: Scizor|move: Protect\n|move|p1b: Gengar|Psychic|p2b: Sneasler\n|-supereffective|p2b: Sneasler|2\n|-damage|p2b: Sneasler|0 fnt\n|faint|p2b: Sneasler\n|move|p2a: Charizard|Heat Wave|p1a: Scizor|[spread] p1b\n|-activate|p1a: Scizor|move: Protect\n|-damage|p1b: Gengar|17/100\n|\n|-weather|SunnyDay|[upkeep]\n|upkeep\n|\n|t:|1776353875\n|switch|p2b: Aegislash|Aegislash, L50, M|100/100\n|turn|2\n|\n|t:|1776353894\n|-formechange|p2b: Aegislash|Aegislash-Blade|\n|move|p2b: Aegislash|Shadow Sneak|p1b: Gengar\n|-supereffective|p1b: Gengar|1\n|-damage|p1b: Gengar|0 fnt\n|faint|p1b: Gengar\n|move|p1a: Scizor|Bullet Punch|p2a: Charizard\n|-resisted|p2a: Charizard|1\n|-damage|p2a: Charizard|73/100\n|move|p2a: Charizard|Fire Blast|p1a: Scizor\n|-supereffective|p1a: Scizor|2\n|-damage|p1a: Scizor|0 fnt\n|faint|p1a: Scizor\n|\n|-weather|SunnyDay|[upkeep]\n|upkeep\n|\n|t:|1776353901\n|switch|p1b: Milotic|Milotic, L50, M|100/100\n|switch|p1a: Maomao|Meowscarada, L50, F|100/100\n|turn|3\n|\n|t:|1776353909\n|move|p2b: Aegislash|Shadow Sneak|p1b: Milotic\n|-damage|p1b: Milotic|68/100\n|move|p1a: Maomao|Knock Off|p2b: Aegislash\n|-start|p1a: Maomao|typechange|Dark|[from] ability: Protean\n|-supereffective|p2b: Aegislash|1\n|-damage|p2b: Aegislash|0 fnt\n|-enditem|p2b: Aegislash|Metal Coat|[from] move: Knock Off|[of] p1a: Maomao\n|faint|p2b: Aegislash\n|move|p2a: Charizard|Solar Beam||[still]\n|-prepare|p2a: Charizard|Solar Beam\n|-anim|p2a: Charizard|Solar Beam|p1b: Milotic\n|-supereffective|p1b: Milotic|1\n|-damage|p1b: Milotic|0 fnt\n|faint|p1b: Milotic\n|\n|-weather|SunnyDay|[upkeep]\n|upkeep\n|\n|t:|1776353920\n|switch|p2b: Aerodactyl|Aerodactyl, L50, F|100/100\n|turn|4\n|\n|t:|1776353926\n|move|p2a: Charizard|Protect|p2a: Charizard\n|-singleturn|p2a: Charizard|Protect\n|move|p1a: Maomao|Knock Off|p2a: Charizard\n|-activate|p2a: Charizard|move: Protect\n|move|p2b: Aerodactyl|Tailwind|p2b: Aerodactyl\n|-sidestart|p2: Munchlaxxxed|move: Tailwind\n|\n|-weather|SunnyDay|[upkeep]\n|upkeep\n|turn|5\n|\n|t:|1776353933\n|move|p2b: Aerodactyl|Rock Slide|p1a: Maomao\n|-damage|p1a: Maomao|41/100\n|move|p2a: Charizard|Fire Blast|p1a: Maomao\n|-damage|p1a: Maomao|0 fnt\n|faint|p1a: Maomao\n|\n|win|Munchlaxxxed\n|raw|Finexcer's rating: 1184 &rarr; <strong>1166</strong><br />(-18 for losing)\n|raw|Munchlaxxxed's rating: 1285 &rarr; <strong>1303</strong><br />(+18 for winning)\n",
  "uploadtime": 1776353934,
  "views": 19,
  "formatid": "gen9championsvgc2026regma",
  "rating": 1166,
  "private": 0,
  "password": null
}