{
  "id": "gen9championsvgc2026regma-2580733506",
  "format": "[Gen 9 Champions] VGC 2026 Reg M-A",
  "players": [
    "A5h3r",
    "femiana"
  ],
  "log": "|j|\u2606A5h3r\n|j|\u2606femiana\n|t:|1775928057\n|gametype|doubles\n|player|p1|A5h3r|alder|1113\n|player|p2|femiana|1|1163\n|gen|9\n|tier|[Gen 9 Champions] VGC 2026 Reg M-A\n|rated|\n|rule|Species Clause: Limit one of each Pok\u00e9mon\n|rule|Item Clause: Limit 1 of each item\n|clearpoke\n|poke|p1|Pelipper, L50, F|\n|poke|p1|Starmie, L50|\n|poke|p1|Archaludon, L50, F|\n|poke|p1|Incineroar, L50, F|\n|poke|p1|Chesnaught, L50, M|\n|poke|p1|Maushold, L50|\n|poke|p2|Dragonite, L50, F|\n|poke|p2|Torterra, L50, F|\n|poke|p2|Infernape, L50, M|\n|poke|p2|Sinistcha, L50|\n|poke|p2|Maushold, L50|\n|poke|p2|Empoleon, L50, F|\n|teampreview|4\n|c|\u2606A5h3r|glhf\n|c|\u2606femiana|glhf!\n|\n|t:|1775928090\n|teamsize|p1|4\n|teamsize|p2|4\n|start\n|switch|p1a: og toiletbowl|Pelipper, L50, F|100/100\n|switch|p1b: wc diff|Incineroar, L50, F|100/100\n|switch|p2a: Empoleon|Empoleon, L50, F|100/100\n|switch|p2b: Infernape|Infernape, L50, M|100/100\n|-weather|RainDance|[from] ability: Drizzle|[of] p1a: og toiletbowl\n|-ability|p1b: wc diff|Intimidate|boost\n|-unboost|p2a: Empoleon|atk|1\n|-ability|p2a: Empoleon|Competitive|boost\n|-boost|p2a: Empoleon|spa|2\n|-unboost|p2b: Infernape|atk|1\n|turn|1\n|\n|t:|1775928131\n|move|p2b: Infernape|Fake Out|p1b: wc diff\n|-damage|p1b: wc diff|95/100\n|cant|p1b: wc diff|flinch\n|move|p2a: Empoleon|Ice Beam|p1a: og toiletbowl\n|-damage|p1a: og toiletbowl|5/100\n|move|p1a: og toiletbowl|Weather Ball|p2b: Infernape\n|-supereffective|p2b: Infernape|1\n|-damage|p2b: Infernape|0 fnt\n|faint|p2b: Infernape\n|\n|-weather|RainDance|[upkeep]\n|upkeep\n|\n|t:|1775928144\n|switch|p2b: Torterra|Torterra, L50, F|100/100\n|turn|2\n|\n|t:|1775928161\n|switch|p2b: Dragonite|Dragonite, L50, F|100/100\n|move|p1a: og toiletbowl|Protect|p1a: og toiletbowl\n|-singleturn|p1a: og toiletbowl|Protect\n|move|p2a: Empoleon|Ice Beam|p1a: og toiletbowl\n|-activate|p1a: og toiletbowl|move: Protect\n|move|p1b: wc diff|Parting Shot|p2b: Dragonite\n|-unboost|p2b: Dragonite|atk|1\n|-unboost|p2b: Dragonite|spa|1\n|\n|t:|1775928178\n|switch|p1b: BIG ARCH|Archaludon, L50, F|100/100|[from] Parting Shot\n|\n|-weather|RainDance|[upkeep]\n|upkeep\n|turn|3\n|\n|t:|1775928200\n|detailschange|p2b: Dragonite|Dragonite-Mega, L50, F\n|-mega|p2b: Dragonite|Dragonite|Dragoninite\n|move|p2b: Dragonite|Protect|p2b: Dragonite\n|-singleturn|p2b: Dragonite|Protect\n|move|p1b: BIG ARCH|Aura Sphere|p2a: Empoleon\n|-supereffective|p2a: Empoleon|1\n|-damage|p2a: Empoleon|45/100\n|move|p2a: Empoleon|Ice Beam|p1b: BIG ARCH\n|-damage|p1b: BIG ARCH|13/100\n|move|p1a: og toiletbowl|Tailwind|p1a: og toiletbowl\n|-sidestart|p1: A5h3r|move: Tailwind\n|\n|-weather|RainDance|[upkeep]\n|upkeep\n|turn|4\n|\n|t:|1775928227\n|move|p1b: BIG ARCH|Aura Sphere|p2a: Empoleon\n|-supereffective|p2a: Empoleon|1\n|-damage|p2a: Empoleon|0 fnt\n|faint|p2a: Empoleon\n|move|p1a: og toiletbowl|Weather Ball|p2b: Dragonite\n|-resisted|p2b: Dragonite|1\n|-damage|p2b: Dragonite|87/100\n|move|p2b: Dragonite|Heat Wave|p1b: BIG ARCH|[spread] p1a,p1b\n|-resisted|p1a: og toiletbowl|1\n|-damage|p1a: og toiletbowl|0 fnt\n|-damage|p1b: BIG ARCH|0 fnt\n|faint|p1a: og toiletbowl\n|faint|p1b: BIG ARCH\n|\n|-weather|RainDance|[upkeep]\n|upkeep\n|\n|t:|1775928239\n|switch|p1b: patrick???|Starmie, L50|100/100\n|switch|p2a: Torterra|Torterra, L50, F|100/100\n|switch|p1a: wc diff|Incineroar, L50, F|95/100\n|-ability|p1a: wc diff|Intimidate|boost\n|-unboost|p2a: Torterra|atk|1\n|-unboost|p2b: Dragonite|atk|1\n|-enditem|p2a: Torterra|White Herb\n|-clearnegativeboost|p2a: Torterra|[silent]\n|turn|5\n|\n|t:|1775928257\n|detailschange|p1b: patrick???|Starmie-Mega, L50\n|-mega|p1b: patrick???|Starmie|Starminite\n|move|p2b: Dragonite|Protect|p2b: Dragonite\n|-singleturn|p2b: Dragonite|Protect\n|move|p1a: wc diff|Fake Out|p2b: Dragonite\n|-activate|p2b: Dragonite|move: Protect\n|move|p1b: patrick???|Liquidation|p2a: Torterra\n|-damage|p2a: Torterra|8/100\n|move|p2a: Torterra|Earthquake|p1a: wc diff|[spread] p1a,p1b\n|-activate|p2b: Dragonite|move: Protect\n|-supereffective|p1a: wc diff|1\n|-damage|p1a: wc diff|35/100\n|-damage|p1b: patrick???|46/100\n|-enditem|p1a: wc diff|Sitrus Berry|[eat]\n|-heal|p1a: wc diff|60/100|[from] item: Sitrus Berry\n|\n|-weather|none\n|upkeep\n|turn|6\n|\n|t:|1775928284\n|move|p1b: patrick???|Thunder|p2b: Dragonite\n|-damage|p2b: Dragonite|54/100\n|move|p1a: wc diff|Throat Chop|p2a: Torterra\n|-damage|p2a: Torterra|0 fnt\n|faint|p2a: Torterra\n|move|p2b: Dragonite|Dragon Pulse|p1b: patrick???\n|-damage|p1b: patrick???|3/100\n|\n|-sideend|p1: A5h3r|move: Tailwind\n|upkeep\n|turn|7\n|\n|t:|1775928299\n|move|p1b: patrick???|Psychic|p2b: Dragonite\n|-damage|p2b: Dragonite|13/100\n|move|p2b: Dragonite|Heat Wave|p1b: patrick???|[spread] p1a,p1b\n|-resisted|p1a: wc diff|1\n|-resisted|p1b: patrick???|1\n|-damage|p1a: wc diff|51/100\n|-damage|p1b: patrick???|0 fnt\n|faint|p1b: patrick???\n|move|p1a: wc diff|Throat Chop|p2b: Dragonite\n|-damage|p2b: Dragonite|0 fnt\n|faint|p2b: Dragonite\n|\n|win|A5h3r\n|raw|A5h3r's rating: 1113 &rarr; <strong>1142</strong><br />(+29 for winning)\n|raw|femiana's rating: 1163 &rarr; <strong>1134</strong><br />(-29 for losing)\n|c|\u2606A5h3r|gg\n|c|\u2606femiana|gg\n|l|\u2606femiana\n|player|p2|\n",
  "uploadtime": 1775928318,
  "views": 31,
  "formatid": "gen9championsvgc2026regma",
  "rating": 1134,
  "private": 0,
  "password": null
}