{
  "id": "gen9championsvgc2026regma-2589541218",
  "format": "[Gen 9 Champions] VGC 2026 Reg M-A",
  "players": [
    "NexusBizarro",
    "fimmm"
  ],
  "log": "|j|\u2606NexusBizarro\n|j|\u2606fimmm\n|t:|1776732409\n|gametype|doubles\n|player|p1|NexusBizarro|170|1003\n|player|p2|fimmm|whitney|1010\n|gen|9\n|tier|[Gen 9 Champions] VGC 2026 Reg M-A\n|rated|\n|rule|Species Clause: Limit one of each Pok\u00e9mon\n|rule|Item Clause: Limit 1 of each item\n|clearpoke\n|poke|p1|Incineroar, L50, M|\n|poke|p1|Zoroark-Hisui, L50, M, shiny|\n|poke|p1|Heracross, L50, M, shiny|\n|poke|p1|Talonflame, L50, M|\n|poke|p1|Palafin, L50, M, shiny|\n|poke|p1|Gardevoir, L50, F, shiny|\n|poke|p2|Emboar, L50, F|\n|poke|p2|Serperior, L50, F|\n|poke|p2|Runerigus, L50, M|\n|poke|p2|Armarouge, L50, F|\n|poke|p2|Sinistcha, L50|\n|poke|p2|Drampa, L50, M|\n|teampreview|4\n|inactive|Battle timer is ON: inactive players will automatically lose when time's up. (requested by fimmm)\n|inactive|fimmm has 60 seconds left.\n|\n|t:|1776732439\n|teamsize|p1|4\n|teamsize|p2|4\n|start\n|switch|p1a: Talonflame|Talonflame, L50, M|100/100\n|switch|p1b: Incineroar|Incineroar, L50, M|100/100\n|switch|p2a: Serperior|Serperior, L50, F|100/100\n|switch|p2b: Runerigus|Runerigus, L50, M|100/100\n|-ability|p1b: Incineroar|Intimidate|boost\n|-boost|p2a: Serperior|atk|1\n|-unboost|p2b: Runerigus|atk|1\n|turn|1\n|\n|t:|1776732459\n|move|p1b: Incineroar|Fake Out|p2a: Serperior\n|-damage|p2a: Serperior|81/100\n|cant|p2a: Serperior|flinch\n|move|p1a: Talonflame|Tailwind|p1a: Talonflame\n|-sidestart|p1: NexusBizarro|move: Tailwind\n|move|p2b: Runerigus|Trick Room|p2b: Runerigus\n|-fieldstart|move: Trick Room|[of] p2b: Runerigus\n|\n|upkeep\n|turn|2\n|\n|t:|1776732475\n|move|p2b: Runerigus|Skill Swap|p2a: Serperior\n|-activate|p2b: Runerigus|Skill Swap|||[of] p2a: Serperior\n|move|p1b: Incineroar|Darkest Lariat|p2b: Runerigus\n|-supereffective|p2b: Runerigus|1\n|-damage|p2b: Runerigus|45/100\n|move|p2a: Serperior|Dragon Pulse|p1a: Talonflame\n|-damage|p1a: Talonflame|69/100\n|move|p1a: Talonflame|Flare Blitz|p2a: Serperior\n|-supereffective|p2a: Serperior|1\n|-damage|p2a: Serperior|0 fnt\n|-activate|p1a: Talonflame|Skill Swap|Wandering Spirit|Flame Body|[of] p2a: Serperior\n|faint|p2a: Serperior\n|-damage|p1a: Talonflame|43/100|[from] Recoil\n|\n|upkeep\n|\n|t:|1776732481\n|switch|p2a: Emboar|Emboar, L50, F|100/100\n|turn|3\n|\n|t:|1776732496\n|detailschange|p2a: Emboar|Emboar-Mega, L50, F\n|-mega|p2a: Emboar|Emboar|Emboarite\n|-ability|p2a: Emboar|Mold Breaker\n|move|p2b: Runerigus|Skill Swap|p2a: Emboar\n|-activate|p2b: Runerigus|Skill Swap|||[of] p2a: Emboar\n|-ability|p2b: Runerigus|Mold Breaker\n|move|p2a: Emboar|Superpower|p1b: Incineroar\n|-supereffective|p1b: Incineroar|1\n|-damage|p1b: Incineroar|0 fnt\n|-boost|p2a: Emboar|atk|1\n|-boost|p2a: Emboar|def|1\n|faint|p1b: Incineroar\n|move|p1a: Talonflame|Brave Bird|p2a: Emboar\n|-supereffective|p2a: Emboar|1\n|-crit|p2a: Emboar\n|-damage|p2a: Emboar|0 fnt\n|faint|p2a: Emboar\n|-damage|p1a: Talonflame|0 fnt|[from] Recoil\n|faint|p1a: Talonflame\n|\n|upkeep\n|c|\u2606fimmm|lmao\n|\n|t:|1776732518\n|switch|p1b: Heracross|Heracross, L50, M, shiny|100/100\n|switch|p2a: Sinistcha|Sinistcha, L50|100/100\n|switch|p1a: Heracross|Heracross, L50, M, shiny|100/100\n|-heal|p2b: Runerigus|70/100|[from] ability: Hospitality|[of] p2a: Sinistcha\n|turn|4\n|\n|t:|1776732541\n|detailschange|p1b: Heracross|Heracross-Mega, L50, M, shiny\n|-mega|p1b: Heracross|Heracross|Heracronite\n|move|p2b: Runerigus|Protect|p2b: Runerigus\n|-singleturn|p2b: Runerigus|Protect\n|move|p2a: Sinistcha|Matcha Gotcha|p1b: Heracross|[spread] p1a\n|-miss|p2a: Sinistcha|p1b: Heracross\n|-damage|p1a: Heracross|54/100\n|replace|p1a: Zoroark|Zoroark-Hisui, L50, M, shiny\n|-end|p1a: Zoroark|Illusion\n|move|p1b: Heracross|Pin Missile|p2b: Runerigus\n|-activate|p2b: Runerigus|move: Protect\n|move|p1a: Zoroark|Icy Wind|p2b: Runerigus|[spread] p2a\n|-activate|p2b: Runerigus|move: Protect\n|-supereffective|p2a: Sinistcha|1\n|-damage|p2a: Sinistcha|61/100\n|-unboost|p2a: Sinistcha|spe|1\n|\n|-sideend|p1: NexusBizarro|move: Tailwind\n|upkeep\n|turn|5\n|\n|t:|1776732563\n|move|p1b: Heracross|Pin Missile|p2b: Runerigus\n|-resisted|p2b: Runerigus|1\n|-damage|p2b: Runerigus|64/100\n|-resisted|p2b: Runerigus|1\n|-damage|p2b: Runerigus|58/100\n|-resisted|p2b: Runerigus|1\n|-crit|p2b: Runerigus\n|-damage|p2b: Runerigus|50/100\n|-resisted|p2b: Runerigus|1\n|-damage|p2b: Runerigus|45/100\n|-resisted|p2b: Runerigus|1\n|-damage|p2b: Runerigus|39/100\n|-hitcount|p2b: Runerigus|5\n|move|p1a: Zoroark|Icy Wind|p2a: Sinistcha|[spread] p2a,p2b\n|-supereffective|p2a: Sinistcha|1\n|-supereffective|p2b: Runerigus|1\n|-damage|p2a: Sinistcha|26/100\n|-damage|p2b: Runerigus|10/100\n|-unboost|p2a: Sinistcha|spe|1\n|-unboost|p2b: Runerigus|spe|1\n|-enditem|p2a: Sinistcha|Sitrus Berry|[eat]\n|-heal|p2a: Sinistcha|51/100|[from] item: Sitrus Berry\n|move|p2b: Runerigus|Trick Room|p2b: Runerigus\n|-fieldend|move: Trick Room\n|move|p2a: Sinistcha|Trick Room|p2a: Sinistcha\n|-fieldstart|move: Trick Room|[of] p2a: Sinistcha\n|\n|upkeep\n|turn|6\n|inactive|NexusBizarro has 30 seconds left.\n|\n|t:|1776732589\n|move|p2b: Runerigus|Skill Swap|p2a: Sinistcha\n|-activate|p2b: Runerigus|Skill Swap|||[of] p2a: Sinistcha\n|-ability|p2a: Sinistcha|Mold Breaker\n|-heal|p2a: Sinistcha|76/100|[from] ability: Hospitality|[of] p2b: Runerigus\n|move|p2a: Sinistcha|Matcha Gotcha|p1b: Heracross|[spread] p1a,p1b\n|-resisted|p1b: Heracross|1\n|-damage|p1a: Zoroark|7/100\n|-heal|p2a: Sinistcha|94/100|[from] drain|[of] p1a: Zoroark\n|-damage|p1b: Heracross|88/100\n|-heal|p2a: Sinistcha|99/100|[from] drain|[of] p1b: Heracross\n|move|p1b: Heracross|Rock Blast|p2a: Sinistcha\n|-damage|p2a: Sinistcha|91/100\n|-crit|p2a: Sinistcha\n|-damage|p2a: Sinistcha|76/100\n|-damage|p2a: Sinistcha|67/100\n|-damage|p2a: Sinistcha|57/100\n|-damage|p2a: Sinistcha|49/100\n|-hitcount|p2a: Sinistcha|5\n|move|p1a: Zoroark|Icy Wind|p2b: Runerigus|[spread] p2a,p2b\n|-supereffective|p2a: Sinistcha|1\n|-crit|p2a: Sinistcha\n|-supereffective|p2b: Runerigus|1\n|-damage|p2a: Sinistcha|0 fnt\n|-damage|p2b: Runerigus|0 fnt\n|faint|p2a: Sinistcha\n|faint|p2b: Runerigus\n|\n|win|NexusBizarro\n|raw|NexusBizarro's rating: 1003 &rarr; <strong>1043</strong><br />(+40 for winning)\n|raw|fimmm's rating: 1010 &rarr; <strong>1000</strong><br />(-10 for losing)\n|l|\u2606fimmm\n|player|p2|\n|j|\u2606fimmm\n|player|p2|fimmm|whitney|\n",
  "uploadtime": 1776732603,
  "views": 3,
  "formatid": "gen9championsvgc2026regma",
  "rating": 1000,
  "private": 0,
  "password": null
}