{
  "id": "gen9championsvgc2026regma-2582343142",
  "format": "[Gen 9 Champions] VGC 2026 Reg M-A",
  "players": [
    "baobs",
    "JayTodd13"
  ],
  "log": "|j|\u2606baobs\n|j|\u2606JayTodd13\n|t:|1776084966\n|gametype|doubles\n|player|p1|baobs|170|1104\n|player|p2|JayTodd13|101|1168\n|gen|9\n|tier|[Gen 9 Champions] VGC 2026 Reg M-A\n|rated|\n|rule|Species Clause: Limit one of each Pok\u00e9mon\n|rule|Item Clause: Limit 1 of each item\n|clearpoke\n|poke|p1|Charizard, L50, M|\n|poke|p1|Whimsicott, L50, F|\n|poke|p1|Incineroar, L50, M|\n|poke|p1|Garchomp, L50, M|\n|poke|p1|Rotom-Wash, L50|\n|poke|p1|Sneasler, L50, M|\n|poke|p2|Sneasler, L50, F|\n|poke|p2|Tyranitar, L50, M|\n|poke|p2|Rotom-Wash, L50|\n|poke|p2|Whimsicott, L50, F|\n|poke|p2|Floette-Eternal, L50, F|\n|poke|p2|Aegislash, L50, F|\n|teampreview|4\n|inactive|Battle timer is ON: inactive players will automatically lose when time's up. (requested by JayTodd13)\n|\n|t:|1776085034\n|teamsize|p1|4\n|teamsize|p2|4\n|start\n|switch|p1a: Sneasler|Sneasler, L50, M|100/100\n|switch|p1b: Whimsicott|Whimsicott, L50, F|100/100\n|switch|p2a: Sneasler|Sneasler, L50, F|100/100\n|switch|p2b: Tyranitar|Tyranitar, L50, M|100/100\n|-weather|Sandstorm|[from] ability: Sand Stream|[of] p2b: Tyranitar\n|turn|1\n|\n|t:|1776085056\n|move|p2b: Tyranitar|Protect|p2b: Tyranitar\n|-singleturn|p2b: Tyranitar|Protect\n|move|p1a: Sneasler|Fake Out|p2a: Sneasler\n|-damage|p2a: Sneasler|75/100\n|move|p1b: Whimsicott|Tailwind|p1b: Whimsicott\n|-sidestart|p1: baobs|move: Tailwind\n|cant|p2a: Sneasler|flinch\n|\n|-weather|Sandstorm|[upkeep]\n|-damage|p1b: Whimsicott|95/100|[from] Sandstorm\n|-damage|p1a: Sneasler|95/100|[from] Sandstorm\n|-damage|p2a: Sneasler|70/100|[from] Sandstorm\n|upkeep\n|turn|2\n|\n|t:|1776085080\n|switch|p2b: Whimsicott|Whimsicott, L50, F|100/100\n|move|p1b: Whimsicott|Moonblast|p2a: Sneasler\n|-damage|p2a: Sneasler|28/100\n|move|p1a: Sneasler|Close Combat|p2b: Whimsicott\n|-resisted|p2b: Whimsicott|1\n|-damage|p2b: Whimsicott|53/100\n|-unboost|p1a: Sneasler|def|1\n|-unboost|p1a: Sneasler|spd|1\n|-enditem|p1a: Sneasler|White Herb\n|-clearnegativeboost|p1a: Sneasler|[silent]\n|move|p2a: Sneasler|Acrobatics|p1a: Sneasler\n|-supereffective|p1a: Sneasler|1\n|-damage|p1a: Sneasler|25/100\n|\n|-weather|Sandstorm|[upkeep]\n|-damage|p1a: Sneasler|19/100|[from] Sandstorm\n|-damage|p1b: Whimsicott|89/100|[from] Sandstorm\n|-damage|p2b: Whimsicott|47/100|[from] Sandstorm\n|-damage|p2a: Sneasler|22/100|[from] Sandstorm\n|upkeep\n|turn|3\n|inactive|baobs has 30 seconds left.\n|\n|t:|1776085108\n|move|p2a: Sneasler|Protect|p2a: Sneasler\n|-singleturn|p2a: Sneasler|Protect\n|move|p2b: Whimsicott|Tailwind|p2b: Whimsicott\n|-sidestart|p2: JayTodd13|move: Tailwind\n|move|p1a: Sneasler|Dire Claw|p2b: Whimsicott\n|-supereffective|p2b: Whimsicott|2\n|-damage|p2b: Whimsicott|0 fnt\n|faint|p2b: Whimsicott\n|move|p1b: Whimsicott|Moonblast|p2a: Sneasler\n|-activate|p2a: Sneasler|move: Protect\n|\n|-weather|Sandstorm|[upkeep]\n|-damage|p1a: Sneasler|13/100|[from] Sandstorm\n|-damage|p1b: Whimsicott|83/100|[from] Sandstorm\n|-damage|p2a: Sneasler|17/100|[from] Sandstorm\n|upkeep\n|\n|t:|1776085116\n|switch|p2b: Rotom|Rotom-Wash, L50|100/100\n|turn|4\n|\n|t:|1776085140\n|move|p1b: Whimsicott|Protect|p1b: Whimsicott\n|-singleturn|p1b: Whimsicott|Protect\n|move|p1a: Sneasler|Protect|p1a: Sneasler\n|-singleturn|p1a: Sneasler|Protect\n|move|p2b: Rotom|Volt Switch|p1a: Sneasler\n|-activate|p1a: Sneasler|move: Protect\n|move|p2a: Sneasler|Dire Claw|p1b: Whimsicott\n|-activate|p1b: Whimsicott|move: Protect\n|\n|-weather|Sandstorm|[upkeep]\n|-damage|p1a: Sneasler|8/100|[from] Sandstorm\n|-damage|p2b: Rotom|95/100|[from] Sandstorm\n|-damage|p1b: Whimsicott|77/100|[from] Sandstorm\n|-damage|p2a: Sneasler|11/100|[from] Sandstorm\n|-sideend|p1: baobs|move: Tailwind\n|upkeep\n|turn|5\n|\n|t:|1776085164\n|switch|p1a: Garchomp|Garchomp, L50, M|100/100\n|move|p1b: Whimsicott|Tailwind|p1b: Whimsicott\n|-sidestart|p1: baobs|move: Tailwind\n|move|p2b: Rotom|Volt Switch|p1a: Garchomp\n|-immune|p1a: Garchomp\n|move|p2a: Sneasler|Dire Claw|p1b: Whimsicott\n|-supereffective|p1b: Whimsicott|2\n|-damage|p1b: Whimsicott|0 fnt\n|faint|p1b: Whimsicott\n|\n|-weather|none\n|upkeep\n|\n|t:|1776085179\n|switch|p1b: Charizard|Charizard, L50, M|100/100\n|turn|6\n|inactive|baobs has 30 seconds left.\n|inactive|baobs has 20 seconds left.\n|\n|t:|1776085217\n|detailschange|p1b: Charizard|Charizard-Mega-Y, L50, M\n|-mega|p1b: Charizard|Charizard|Charizardite Y\n|-weather|SunnyDay|[from] ability: Drought|[of] p1b: Charizard\n|move|p1a: Garchomp|Earthquake|p2a: Sneasler|[spread] p2a\n|-immune|p1b: Charizard\n|-immune|p2b: Rotom|[from] ability: Levitate\n|-supereffective|p2a: Sneasler|1\n|-damage|p2a: Sneasler|0 fnt\n|faint|p2a: Sneasler\n|move|p2b: Rotom|Volt Switch|p1b: Charizard\n|-supereffective|p1b: Charizard|1\n|-damage|p1b: Charizard|38/100\n|\n|t:|1776085224\n|switch|p2b: Tyranitar|Tyranitar, L50, M|100/100|[from] Volt Switch\n|-weather|Sandstorm|[from] ability: Sand Stream|[of] p2b: Tyranitar\n|move|p1b: Charizard|Solar Beam||[still]\n|-prepare|p1b: Charizard|Solar Beam\n|\n|-weather|Sandstorm|[upkeep]\n|-damage|p1b: Charizard|32/100|[from] Sandstorm\n|-sideend|p2: JayTodd13|move: Tailwind\n|upkeep\n|\n|t:|1776085234\n|switch|p2a: Rotom|Rotom-Wash, L50|95/100\n|turn|7\n|\n|t:|1776085248\n|detailschange|p2b: Tyranitar|Tyranitar-Mega, L50, M\n|-mega|p2b: Tyranitar|Tyranitar|Tyranitarite\n|move|p1a: Garchomp|Earthquake|p2a: Rotom|[spread] p2b\n|-immune|p1b: Charizard\n|-immune|p2a: Rotom|[from] ability: Levitate\n|-supereffective|p2b: Tyranitar|1\n|-damage|p2b: Tyranitar|49/100\n|move|p1b: Charizard|Solar Beam|p2b: Tyranitar|[from] lockedmove\n|-supereffective|p2b: Tyranitar|1\n|-damage|p2b: Tyranitar|26/100\n|move|p2a: Rotom|Electroweb|p1a: Garchomp|[spread] p1b\n|-immune|p1a: Garchomp\n|-supereffective|p1b: Charizard|1\n|-damage|p1b: Charizard|0 fnt\n|faint|p1b: Charizard\n|move|p2b: Tyranitar|Ice Punch|p1a: Garchomp\n|-supereffective|p1a: Garchomp|2\n|-crit|p1a: Garchomp\n|-damage|p1a: Garchomp|0 fnt\n|-damage|p2b: Tyranitar|14/100|[from] ability: Rough Skin|[of] p1a: Garchomp\n|faint|p1a: Garchomp\n|\n|-weather|Sandstorm|[upkeep]\n|-damage|p2a: Rotom|89/100|[from] Sandstorm\n|upkeep\n|inactive|baobs has 30 seconds left.\n|\n|t:|1776085273\n|switch|p1b: Sneasler|Sneasler, L50, M|8/100\n|turn|8\n|-message|baobs forfeited.\n|\n|win|JayTodd13\n|raw|baobs's rating: 1104 &rarr; <strong>1084</strong><br />(-20 for losing)\n|raw|JayTodd13's rating: 1168 &rarr; <strong>1188</strong><br />(+20 for winning)\n|l|\u2606baobs\n|player|p1|\n",
  "uploadtime": 1776085439,
  "views": 18,
  "formatid": "gen9championsvgc2026regma",
  "rating": 1084,
  "private": 0,
  "password": null
}