{
  "id": "gen9championsvgc2026regma-2588261627",
  "format": "[Gen 9 Champions] VGC 2026 Reg M-A",
  "players": [
    "londi g",
    "legonene"
  ],
  "log": "|j|\u2606londi g\n|j|\u2606legonene\n|html|<table width=\"100%\"><tr><td align=\"left\">londi g</td><td align=\"right\">legonene</tr><tr><td align=\"left\"><i class=\"fa fa-circle\"></i> <i class=\"fa fa-circle-o\"></i> </td><td align=\"right\"><i class=\"fa fa-circle-o\"></i> <i class=\"fa fa-circle-o\"></i> </tr></table>\n|uhtml|bestof|<h2><strong>Game 2</strong> of <a href=\"/game-bestof3-gen9championsvgc2026regma-2588255588\">a best-of-3</a></h2>\n|t:|1776619011\n|gametype|doubles\n|player|p1|londi g|colress|\n|player|p2|legonene|chili|\n|gen|9\n|tier|[Gen 9 Champions] VGC 2026 Reg M-A\n|rule|Species Clause: Limit one of each Pok\u00e9mon\n|rule|Item Clause: Limit 1 of each item\n|raw|<div class=\"infobox\"><details class=\"readmore\" open><summary><strong>1 custom rule:</strong></summary> Best of = 3</details></div>\n|clearpoke\n|poke|p1|Torkoal, L50, M|\n|poke|p1|Gardevoir, L50, F|\n|poke|p1|Krookodile, L50, M|\n|poke|p1|Orthworm, L50, F|\n|poke|p1|Delphox, L50, F|\n|poke|p1|Noivern, L50, F|\n|poke|p2|Primarina, L50, M|\n|poke|p2|Froslass, L50, F|\n|poke|p2|Dragapult, L50, M|\n|poke|p2|Incineroar, L50, F|\n|poke|p2|Lycanroc-Dusk, L50, M|\n|poke|p2|Conkeldurr, L50, F|\n|teampreview|4\n|c|\u2606legonene|Glhf\n|\n|t:|1776619084\n|teamsize|p1|4\n|teamsize|p2|4\n|start\n|switch|p1a: Orthworm|Orthworm, L50, F|100/100\n|switch|p1b: Krookodile|Krookodile, L50, M|100/100\n|switch|p2a: Primarina|Primarina, L50, M|100/100\n|switch|p2b: Froslass|Froslass, L50, F|100/100\n|-ability|p1b: Krookodile|Intimidate|boost\n|-unboost|p2a: Primarina|atk|1\n|-unboost|p2b: Froslass|atk|1\n|turn|1\n|\n|t:|1776619121\n|detailschange|p2b: Froslass|Froslass-Mega, L50, F\n|-mega|p2b: Froslass|Froslass|Froslassite\n|-weather|Snowscape|[from] ability: Snow Warning|[of] p2b: Froslass\n|move|p2b: Froslass|Icy Wind|p1b: Krookodile|[spread] p1a,p1b\n|-resisted|p1a: Orthworm|1\n|-supereffective|p1b: Krookodile|1\n|-enditem|p1b: Krookodile|Yache Berry|[eat]\n|-enditem|p1b: Krookodile|Yache Berry|[weaken]\n|-damage|p1a: Orthworm|80/100\n|-damage|p1b: Krookodile|66/100\n|-unboost|p1a: Orthworm|spe|1\n|-unboost|p1b: Krookodile|spe|1\n|move|p1b: Krookodile|Lash Out|p2b: Froslass\n|-supereffective|p2b: Froslass|1\n|-damage|p2b: Froslass|0 fnt\n|faint|p2b: Froslass\n|move|p2a: Primarina|Hyper Voice|p1a: Orthworm|[spread] p1a,p1b\n|-supereffective|p1b: Krookodile|1\n|-damage|p1a: Orthworm|11/100\n|-damage|p1b: Krookodile|0 fnt\n|faint|p1b: Krookodile\n|move|p1a: Orthworm|Shed Tail|p1a: Orthworm\n|-fail|p1a: Orthworm|move: Shed Tail|[weak]\n|\n|-weather|Snowscape|[upkeep]\n|upkeep\n|\n|t:|1776619147\n|switch|p2b: Conkeldurr|Conkeldurr, L50, F|100/100\n|switch|p1b: Delphox|Delphox, L50, F|100/100\n|turn|2\n|\n|t:|1776619221\n|switch|p1a: Torkoal|Torkoal, L50, M|100/100\n|-weather|SunnyDay|[from] ability: Drought|[of] p1a: Torkoal\n|detailschange|p1b: Delphox|Delphox-Mega, L50, F\n|-mega|p1b: Delphox|Delphox|Delphoxite\n|move|p1b: Delphox|Heat Wave|p2a: Primarina|[spread] p2b\n|-miss|p1b: Delphox|p2a: Primarina\n|-damage|p2b: Conkeldurr|22/100\n|move|p2a: Primarina|Hyper Voice|p1b: Delphox|[spread] p1a,p1b\n|-supereffective|p1a: Torkoal|1\n|-supereffective|p1b: Delphox|1\n|-damage|p1a: Torkoal|43/100\n|-damage|p1b: Delphox|60/100\n|move|p2b: Conkeldurr|Rain Dance|p2b: Conkeldurr\n|-weather|RainDance\n|\n|-weather|RainDance|[upkeep]\n|-heal|p2b: Conkeldurr|28/100|[from] item: Leftovers\n|upkeep\n|turn|3\n|\n|t:|1776619258\n|switch|p1a: Orthworm|Orthworm, L50, F|11/100\n|move|p1b: Delphox|Protect|p1b: Delphox\n|-singleturn|p1b: Delphox|Protect\n|move|p2b: Conkeldurr|Wide Guard|p2b: Conkeldurr\n|-singleturn|p2b: Conkeldurr|Wide Guard\n|move|p2a: Primarina|Hyper Voice|p1a: Orthworm|[spread] p1a\n|-activate|p1b: Delphox|move: Protect\n|-damage|p1a: Orthworm|0 fnt\n|faint|p1a: Orthworm\n|\n|-weather|RainDance|[upkeep]\n|-heal|p2b: Conkeldurr|34/100|[from] item: Leftovers\n|upkeep\n|\n|t:|1776619263\n|switch|p1a: Torkoal|Torkoal, L50, M|43/100\n|-weather|SunnyDay|[from] ability: Drought|[of] p1a: Torkoal\n|turn|4\n|\n|t:|1776619281\n|move|p2b: Conkeldurr|Wide Guard|p2b: Conkeldurr\n|-singleturn|p2b: Conkeldurr|Wide Guard\n|move|p1b: Delphox|Solar Beam||[still]\n|-prepare|p1b: Delphox|Solar Beam\n|-anim|p1b: Delphox|Solar Beam|p2a: Primarina\n|-supereffective|p2a: Primarina|1\n|-damage|p2a: Primarina|20/100\n|move|p2a: Primarina|Hyper Voice|p1a: Torkoal|[spread] p1a,p1b\n|-supereffective|p1a: Torkoal|1\n|-supereffective|p1b: Delphox|1\n|-damage|p1a: Torkoal|0 fnt\n|-damage|p1b: Delphox|24/100\n|faint|p1a: Torkoal\n|\n|-weather|SunnyDay|[upkeep]\n|-heal|p2b: Conkeldurr|41/100|[from] item: Leftovers\n|upkeep\n|turn|5\n|\n|t:|1776619310\n|move|p2b: Conkeldurr|Mach Punch|p1b: Delphox\n|-resisted|p1b: Delphox|1\n|-damage|p1b: Delphox|7/100\n|move|p1b: Delphox|Heat Wave|p2b: Conkeldurr|[spread] p2a,p2b\n|-resisted|p2a: Primarina|1\n|-damage|p2a: Primarina|0 fnt\n|-damage|p2b: Conkeldurr|0 fnt\n|faint|p2a: Primarina\n|faint|p2b: Conkeldurr\n|\n|-weather|SunnyDay|[upkeep]\n|upkeep\n|\n|t:|1776619322\n|switch|p2b: Lycanroc|Lycanroc-Dusk, L50, M|100/100\n|turn|6\n|c|\u2606londi g|Gg\n|\n|t:|1776619330\n|move|p2b: Lycanroc|Accelerock|p1b: Delphox\n|-supereffective|p1b: Delphox|1\n|-damage|p1b: Delphox|0 fnt\n|faint|p1b: Delphox\n|\n|win|legonene\n|inactive|londi g has 30 seconds to confirm battle start!\n|inactive|legonene has 30 seconds to confirm battle start!\n|c|\u2606legonene|Gg\n||londi g is ready for game 3.\n||legonene is ready for game 3.\n|uhtml|next|Next: <a href=\"/battle-gen9championsvgc2026regma-2588265592\"><strong>Game 3 of 3</strong></a>\n|l|\u2606legonene\n|player|p2|\n",
  "uploadtime": 1776619794,
  "views": 16,
  "formatid": "gen9championsvgc2026regma",
  "rating": null,
  "private": 0,
  "password": null
}