{
  "id": "gen9championsvgc2026regma-2584156535",
  "format": "[Gen 9 Champions] VGC 2026 Reg M-A",
  "players": [
    "Willthekid65934",
    "OrangeSawMan"
  ],
  "log": "|j|\u2606Willthekid65934\n|j|\u2606OrangeSawMan\n|t:|1776231903\n|gametype|doubles\n|player|p1|Willthekid65934|steven|1055\n|player|p2|OrangeSawMan|266|1026\n|gen|9\n|tier|[Gen 9 Champions] VGC 2026 Reg M-A\n|rated|\n|rule|Species Clause: Limit one of each Pok\u00e9mon\n|rule|Item Clause: Limit 1 of each item\n|clearpoke\n|poke|p1|Tyranitar, L50, F|\n|poke|p1|Excadrill, L50, F|\n|poke|p1|Primarina, L50, F|\n|poke|p1|Incineroar, L50, F|\n|poke|p1|Sinistcha-Masterpiece, L50|\n|poke|p1|Corviknight, L50, M|\n|poke|p2|Starmie, L50|\n|poke|p2|Meganium, L50, M|\n|poke|p2|Pelipper, L50, M|\n|poke|p2|Basculegion, L50, M|\n|poke|p2|Blastoise, L50, F|\n|poke|p2|Lycanroc-Dusk, L50, M|\n|teampreview|4\n|inactive|Battle timer is ON: inactive players will automatically lose when time's up. (requested by Willthekid65934)\n|inactive|OrangeSawMan has 60 seconds left.\n|inactive|Willthekid65934 has 60 seconds left.\n|\n|t:|1776231956\n|teamsize|p1|4\n|teamsize|p2|4\n|start\n|switch|p1a: Sinistcha|Sinistcha-Masterpiece, L50|100/100\n|switch|p1b: Craven edge|Corviknight, L50, M|100/100\n|switch|p2a: Blastoise|Blastoise, L50, F|100/100\n|switch|p2b: Basculegion|Basculegion, L50, M|100/100\n|turn|1\n|\n|t:|1776231974\n|move|p2a: Blastoise|Fake Out|p1a: Sinistcha\n|-immune|p1a: Sinistcha\n|move|p2b: Basculegion|Flip Turn|p1b: Craven edge\n|-damage|p1b: Craven edge|81/100\n|\n|t:|1776231987\n|switch|p2b: Starmie|Starmie, L50|100/100|[from] Flip Turn\n|move|p1a: Sinistcha|Matcha Gotcha|p2b: Starmie|[spread] p2a,p2b\n|-supereffective|p2a: Blastoise|1\n|-supereffective|p2b: Starmie|1\n|-damage|p2a: Blastoise|50/100\n|-damage|p2b: Starmie|23/100\n|-status|p2b: Starmie|brn\n|move|p1b: Craven edge|Tailwind|p1b: Craven edge\n|-sidestart|p1: Willthekid65934|move: Tailwind\n|\n|-heal|p1b: Craven edge|87/100|[from] item: Leftovers\n|-damage|p2b: Starmie|18/100 brn|[from] brn\n|upkeep\n|turn|2\n|c|\u2606Willthekid65934|Why fake out the team\n|c|\u2606OrangeSawMan|Ignore that\n|c|\u2606Willthekid65934|Yea\n|c|\u2606Willthekid65934|Tea\n|c|\u2606Willthekid65934|No\n|c|\u2606OrangeSawMan|it didn\u2019t happen\n|c|\u2606Willthekid65934|Dam unlucky burn\n|inactive|Willthekid65934 has 30 seconds left.\n|inactive|OrangeSawMan has 30 seconds left.\n|inactive|OrangeSawMan has 20 seconds left.\n|\n|t:|1776232025\n|detailschange|p2b: Starmie|Starmie-Mega, L50\n|-mega|p2b: Starmie|Starmie|Starminite\n|move|p2a: Blastoise|Protect|p2a: Blastoise\n|-singleturn|p2a: Blastoise|Protect\n|move|p2b: Starmie|Aqua Jet|p1a: Sinistcha\n|-resisted|p1a: Sinistcha|1\n|-damage|p1a: Sinistcha|94/100\n|move|p1a: Sinistcha|Matcha Gotcha|p2a: Blastoise|[spread] \n|-activate|p2a: Blastoise|move: Protect\n|-miss|p1a: Sinistcha|p2b: Starmie\n|move|p1b: Craven edge|Bulk Up|p1b: Craven edge\n|-boost|p1b: Craven edge|atk|1\n|-boost|p1b: Craven edge|def|1\n|\n|-heal|p1b: Craven edge|93/100|[from] item: Leftovers\n|-damage|p2b: Starmie|12/100 brn|[from] brn\n|upkeep\n|turn|3\n|inactive|OrangeSawMan has 30 seconds left.\n|\n|t:|1776232052\n|move|p2b: Starmie|Skill Swap|p2a: Blastoise\n|-activate|p2b: Starmie|Skill Swap|||[of] p2a: Blastoise\n|move|p1a: Sinistcha|Matcha Gotcha|p2b: Starmie|[spread] p2b\n|-miss|p1a: Sinistcha|p2a: Blastoise\n|-supereffective|p2b: Starmie|1\n|-damage|p2b: Starmie|0 fnt\n|-heal|p1a: Sinistcha|99/100|[from] drain|[of] p2b: Starmie\n|faint|p2b: Starmie\n|move|p1b: Craven edge|Bulk Up|p1b: Craven edge\n|-boost|p1b: Craven edge|atk|1\n|-boost|p1b: Craven edge|def|1\n|move|p2a: Blastoise|Shell Smash|p2a: Blastoise\n|-unboost|p2a: Blastoise|def|1\n|-unboost|p2a: Blastoise|spd|1\n|-boost|p2a: Blastoise|atk|2\n|-boost|p2a: Blastoise|spa|2\n|-boost|p2a: Blastoise|spe|2\n|-enditem|p2a: Blastoise|White Herb\n|-clearnegativeboost|p2a: Blastoise|[silent]\n|\n|-heal|p1b: Craven edge|99/100|[from] item: Leftovers\n|upkeep\n|\n|t:|1776232077\n|switch|p2b: Pelipper|Pelipper, L50, M|100/100\n|-weather|RainDance|[from] ability: Drizzle|[of] p2b: Pelipper\n|turn|4\n|\n|t:|1776232087\n|move|p2a: Blastoise|Protect|p2a: Blastoise\n|-singleturn|p2a: Blastoise|Protect\n|move|p1a: Sinistcha|Rage Powder|p1a: Sinistcha\n|-singleturn|p1a: Sinistcha|move: Rage Powder\n|move|p1b: Craven edge|Brave Bird|p2a: Blastoise\n|-activate|p2a: Blastoise|move: Protect\n|move|p2b: Pelipper|Tailwind|p2b: Pelipper\n|-sidestart|p2: OrangeSawMan|move: Tailwind\n|\n|-weather|RainDance|[upkeep]\n|-heal|p1b: Craven edge|100/100|[from] item: Leftovers\n|-sideend|p1: Willthekid65934|move: Tailwind\n|upkeep\n|turn|5\n|\n|t:|1776232105\n|switch|p1a: Godzilla|Tyranitar, L50, F|100/100\n|-weather|Sandstorm|[from] ability: Sand Stream|[of] p1a: Godzilla\n|move|p2a: Blastoise|Liquidation|p1b: Craven edge\n|-damage|p1b: Craven edge|58/100\n|move|p2b: Pelipper|Hurricane|p1a: Godzilla\n|-resisted|p1a: Godzilla|1\n|-damage|p1a: Godzilla|89/100\n|move|p1b: Craven edge|Brave Bird|p2a: Blastoise\n|-damage|p2a: Blastoise|0 fnt\n|faint|p2a: Blastoise\n|-damage|p1b: Craven edge|46/100|[from] Recoil\n|\n|-weather|Sandstorm|[upkeep]\n|-damage|p2b: Pelipper|95/100|[from] Sandstorm\n|-heal|p1b: Craven edge|52/100|[from] item: Leftovers\n|upkeep\n|\n|t:|1776232124\n|switch|p2a: Basculegion|Basculegion, L50, M|100/100\n|turn|6\n|\n|t:|1776232133\n|move|p2b: Pelipper|Protect|p2b: Pelipper\n|-singleturn|p2b: Pelipper|Protect\n|move|p2a: Basculegion|Last Respects|p1b: Craven edge\n|-damage|p1b: Craven edge|25/100\n|move|p1a: Godzilla|Crunch|p2a: Basculegion\n|-supereffective|p2a: Basculegion|1\n|-damage|p2a: Basculegion|0 fnt\n|faint|p2a: Basculegion\n|move|p1b: Craven edge|Brave Bird|p2b: Pelipper\n|-activate|p2b: Pelipper|move: Protect\n|\n|-weather|Sandstorm|[upkeep]\n|-damage|p2b: Pelipper|89/100|[from] Sandstorm\n|-heal|p1b: Craven edge|31/100|[from] item: Leftovers\n|upkeep\n|turn|7\n|l|\u2606OrangeSawMan\n|inactive|OrangeSawMan disconnected and has a minute to reconnect!\n|player|p2|\n|\n|t:|1776232144\n|move|p2b: Pelipper|Icy Wind|p1a: Godzilla|[spread] p1a,p1b\n|-damage|p1a: Godzilla|84/100\n|-damage|p1b: Craven edge|21/100\n|-unboost|p1a: Godzilla|spe|1\n|-ability|p1b: Craven edge|Mirror Armor\n|-unboost|p2b: Pelipper|spe|1\n|move|p1b: Craven edge|Roost|p1b: Craven edge\n|-heal|p1b: Craven edge|72/100\n|-singleturn|p1b: Craven edge|move: Roost\n|move|p1a: Godzilla|Rock Slide|p2b: Pelipper\n|-supereffective|p2b: Pelipper|1\n|-damage|p2b: Pelipper|1/100\n|\n|-weather|Sandstorm|[upkeep]\n|-damage|p2b: Pelipper|0 fnt|[from] Sandstorm\n|faint|p2b: Pelipper\n|\n|win|Willthekid65934\n|raw|Willthekid65934's rating: 1055 &rarr; <strong>1084</strong><br />(+29 for winning)\n|raw|OrangeSawMan's rating: 1026 &rarr; <strong>1013</strong><br />(-13 for losing)\n|c|\u2606Willthekid65934|Gg\n",
  "uploadtime": 1776232159,
  "views": 20,
  "formatid": "gen9championsvgc2026regma",
  "rating": 1013,
  "private": 0,
  "password": null
}