{
  "id": "gen9championsvgc2026regma-2581213274",
  "format": "[Gen 9 Champions] VGC 2026 Reg M-A",
  "players": [
    "ratkol",
    "yamzinyobooty"
  ],
  "log": "|j|\u2606ratkol\n|j|\u2606yamzinyobooty\n|t:|1775971539\n|gametype|doubles\n|player|p1|ratkol|102|1155\n|player|p2|yamzinyobooty|102|1087\n|gen|9\n|tier|[Gen 9 Champions] VGC 2026 Reg M-A\n|rated|\n|rule|Species Clause: Limit one of each Pok\u00e9mon\n|rule|Item Clause: Limit 1 of each item\n|clearpoke\n|poke|p1|Charizard, L50, F|\n|poke|p1|Incineroar, L50, F|\n|poke|p1|Hydreigon, L50, F|\n|poke|p1|Sneasler, L50, F|\n|poke|p1|Milotic, L50, F|\n|poke|p1|Sinistcha, L50|\n|poke|p2|Tyranitar, L50, M|\n|poke|p2|Excadrill, L50, F|\n|poke|p2|Rotom-Wash, L50|\n|poke|p2|Basculegion, L50, M|\n|poke|p2|Meganium, L50, F|\n|poke|p2|Talonflame, L50, M|\n|teampreview|4\n|inactive|Battle timer is ON: inactive players will automatically lose when time's up. (requested by yamzinyobooty)\n|\n|t:|1775971564\n|teamsize|p1|4\n|teamsize|p2|4\n|start\n|switch|p1a: Incineroar|Incineroar, L50, F|100/100\n|switch|p1b: Sneasler|Sneasler, L50, F|100/100\n|switch|p2a: Rotom|Rotom-Wash, L50, shiny|100/100\n|switch|p2b: Basculegion|Basculegion, L50, M|100/100\n|-ability|p1a: Incineroar|Intimidate|boost\n|-unboost|p2a: Rotom|atk|1\n|-unboost|p2b: Basculegion|atk|1\n|turn|1\n|inactive|ratkol has 30 seconds left.\n|\n|t:|1775971591\n|move|p2a: Rotom|Protect|p2a: Rotom\n|-singleturn|p2a: Rotom|Protect\n|move|p1b: Sneasler|Fake Out|p2a: Rotom\n|-activate|p2a: Rotom|move: Protect\n|move|p2b: Basculegion|Wave Crash|p1b: Sneasler\n|-damage|p1b: Sneasler|14/100\n|-damage|p2b: Basculegion|78/100|[from] Recoil\n|move|p1a: Incineroar|Throat Chop|p2b: Basculegion\n|-supereffective|p2b: Basculegion|1\n|-damage|p2b: Basculegion|4/100\n|-start|p2b: Basculegion|Throat Chop|[silent]\n|\n|upkeep\n|turn|2\n|inactive|ratkol has 30 seconds left.\n|inactive|yamzinyobooty has 30 seconds left.\n|inactive|ratkol has 20 seconds left.\n|inactive|yamzinyobooty has 20 seconds left.\n|inactive|ratkol has 15 seconds left.\n|inactive|ratkol has 10 seconds left.\n|inactive|ratkol has 5 seconds left.\n|\n|t:|1775971643\n|move|p2b: Basculegion|Wave Crash|p1a: Incineroar\n|-supereffective|p1a: Incineroar|1\n|-damage|p1a: Incineroar|25/100\n|-enditem|p1a: Incineroar|Sitrus Berry|[eat]\n|-heal|p1a: Incineroar|50/100|[from] item: Sitrus Berry\n|-damage|p2b: Basculegion|0 fnt|[from] Recoil\n|faint|p2b: Basculegion\n|move|p1b: Sneasler|Dire Claw|p2a: Rotom\n|-damage|p2a: Rotom|50/100\n|-enditem|p2a: Rotom|Sitrus Berry|[eat]\n|-heal|p2a: Rotom|75/100|[from] item: Sitrus Berry\n|move|p2a: Rotom|Double Team|p2a: Rotom\n|-boost|p2a: Rotom|evasion|1\n|move|p1a: Incineroar|Parting Shot|p2a: Rotom\n|-unboost|p2a: Rotom|atk|1\n|-unboost|p2a: Rotom|spa|1\n|\n|t:|1775971662\n|switch|p1a: Sinistcha|Sinistcha, L50|100/100|[from] Parting Shot\n|-heal|p1b: Sneasler|39/100|[from] ability: Hospitality|[of] p1a: Sinistcha\n|\n|upkeep\n|inactive|yamzinyobooty has 30 seconds left.\n|inactive|yamzinyobooty has 20 seconds left.\n|inactive|yamzinyobooty has 15 seconds left.\n|inactive|yamzinyobooty has 10 seconds left.\n|\n|t:|1775971708\n|switch|p2b: Tyranitar|Tyranitar, L50, M|100/100\n|-weather|Sandstorm|[from] ability: Sand Stream|[of] p2b: Tyranitar\n|turn|3\n|inactive|ratkol has 30 seconds left.\n|inactive|ratkol has 20 seconds left.\n|\n|t:|1775971746\n|move|p2b: Tyranitar|Protect|p2b: Tyranitar\n|-singleturn|p2b: Tyranitar|Protect\n|move|p1b: Sneasler|Dire Claw|p2a: Rotom\n|-damage|p2a: Rotom|32/100\n|move|p2a: Rotom|Double Team|p2a: Rotom\n|-boost|p2a: Rotom|evasion|1\n|move|p1a: Sinistcha|Life Dew||[still]|[spread] p1a,p1b\n|-fail|p1a: Sinistcha|heal\n|-heal|p1b: Sneasler|64/100\n|\n|-weather|Sandstorm|[upkeep]\n|-damage|p1b: Sneasler|58/100|[from] Sandstorm\n|-damage|p2a: Rotom|26/100|[from] Sandstorm\n|-damage|p1a: Sinistcha|94/100|[from] Sandstorm\n|upkeep\n|turn|4\n|inactive|yamzinyobooty has 30 seconds left.\n|\n|t:|1775971778\n|switch|p1b: Incineroar|Incineroar, L50, F|50/100\n|-ability|p1b: Incineroar|Intimidate|boost\n|-unboost|p2a: Rotom|atk|1\n|-unboost|p2b: Tyranitar|atk|1\n|move|p2a: Rotom|Electroweb|p1b: Incineroar|[spread] p1a,p1b\n|-resisted|p1a: Sinistcha|1\n|-damage|p1a: Sinistcha|89/100\n|-damage|p1b: Incineroar|41/100\n|-unboost|p1a: Sinistcha|spe|1\n|-unboost|p1b: Incineroar|spe|1\n|move|p2b: Tyranitar|Knock Off|p1a: Sinistcha\n|-supereffective|p1a: Sinistcha|1\n|-damage|p1a: Sinistcha|41/100\n|-enditem|p1a: Sinistcha|Coba Berry|[from] move: Knock Off|[of] p2b: Tyranitar\n|move|p1a: Sinistcha|Matcha Gotcha|p2b: Tyranitar|[spread] p2b\n|-miss|p1a: Sinistcha|p2a: Rotom\n|-supereffective|p2b: Tyranitar|1\n|-damage|p2b: Tyranitar|69/100\n|-heal|p1a: Sinistcha|59/100|[from] drain|[of] p2b: Tyranitar\n|\n|-weather|Sandstorm|[upkeep]\n|-damage|p2a: Rotom|20/100|[from] Sandstorm\n|-damage|p1b: Incineroar|35/100|[from] Sandstorm\n|-damage|p1a: Sinistcha|53/100|[from] Sandstorm\n|upkeep\n|turn|5\n|inactive|ratkol has 30 seconds left.\n|\n|t:|1775971803\n|move|p1b: Incineroar|Fake Out|p2b: Tyranitar\n|-resisted|p2b: Tyranitar|1\n|-damage|p2b: Tyranitar|65/100\n|move|p2a: Rotom|Electroweb|p1a: Sinistcha|[spread] p1a,p1b\n|-resisted|p1a: Sinistcha|1\n|-damage|p1a: Sinistcha|48/100\n|-damage|p1b: Incineroar|26/100\n|-unboost|p1a: Sinistcha|spe|1\n|-unboost|p1b: Incineroar|spe|1\n|cant|p2b: Tyranitar|flinch\n|move|p1a: Sinistcha|Life Dew|p1a: Sinistcha|[spread] p1a,p1b\n|-heal|p1a: Sinistcha|74/100\n|-heal|p1b: Incineroar|51/100\n|\n|-weather|Sandstorm|[upkeep]\n|-damage|p2a: Rotom|15/100|[from] Sandstorm\n|-damage|p1b: Incineroar|46/100|[from] Sandstorm\n|-damage|p1a: Sinistcha|67/100|[from] Sandstorm\n|upkeep\n|turn|6\n|inactive|ratkol has 30 seconds left.\n|\n|t:|1775971833\n|move|p2a: Rotom|Electroweb|p1a: Sinistcha|[spread] p1a,p1b\n|-resisted|p1a: Sinistcha|1\n|-damage|p1a: Sinistcha|62/100\n|-damage|p1b: Incineroar|37/100\n|-unboost|p1a: Sinistcha|spe|1\n|-unboost|p1b: Incineroar|spe|1\n|move|p2b: Tyranitar|Rock Slide|p1a: Sinistcha|[spread] p1a,p1b\n|-supereffective|p1b: Incineroar|1\n|-damage|p1a: Sinistcha|48/100\n|-damage|p1b: Incineroar|6/100\n|move|p1b: Incineroar|Parting Shot|p2a: Rotom\n|-unboost|p2a: Rotom|atk|1\n|-unboost|p2a: Rotom|spa|1\n|\n|t:|1775971846\n|switch|p1b: Sneasler|Sneasler, L50, F|58/100|[from] Parting Shot\n|move|p1a: Sinistcha|Matcha Gotcha|p2a: Rotom|[spread] \n|-miss|p1a: Sinistcha|p2a: Rotom\n|-miss|p1a: Sinistcha|p2b: Tyranitar\n|\n|-weather|Sandstorm|[upkeep]\n|-damage|p1b: Sneasler|52/100|[from] Sandstorm\n|-damage|p2a: Rotom|9/100|[from] Sandstorm\n|-damage|p1a: Sinistcha|42/100|[from] Sandstorm\n|upkeep\n|turn|7\n|inactive|yamzinyobooty has 30 seconds left.\n|\n|t:|1775971879\n|move|p1b: Sneasler|Fake Out|p2a: Rotom\n|-damage|p2a: Rotom|0 fnt\n|faint|p2a: Rotom\n|move|p2b: Tyranitar|Knock Off|p1a: Sinistcha\n|-supereffective|p1a: Sinistcha|1\n|-damage|p1a: Sinistcha|12/100\n|move|p1a: Sinistcha|Life Dew|p1a: Sinistcha|[spread] p1a,p1b\n|-heal|p1a: Sinistcha|37/100\n|-heal|p1b: Sneasler|77/100\n|\n|-weather|none\n|upkeep\n|\n|t:|1775971882\n|switch|p2a: Excadrill|Excadrill, L50, F|100/100\n|turn|8\n|inactive|ratkol has 30 seconds left.\n|\n|t:|1775971908\n|switch|p1b: Milotic|Milotic, L50, F|100/100\n|switch|p1a: Incineroar|Incineroar, L50, F|6/100\n|-ability|p1a: Incineroar|Intimidate|boost\n|-unboost|p2a: Excadrill|atk|1\n|-unboost|p2b: Tyranitar|atk|1\n|move|p2b: Tyranitar|Protect|p2b: Tyranitar\n|-singleturn|p2b: Tyranitar|Protect\n|move|p2a: Excadrill|Earthquake|p1b: Milotic|[spread] p1a,p1b\n|-activate|p2b: Tyranitar|move: Protect\n|-supereffective|p1a: Incineroar|1\n|-damage|p1a: Incineroar|0 fnt\n|-damage|p1b: Milotic|81/100\n|faint|p1a: Incineroar\n|\n|-heal|p1b: Milotic|87/100|[from] item: Leftovers\n|upkeep\n|\n|t:|1775971919\n|switch|p1a: Sneasler|Sneasler, L50, F|77/100\n|turn|9\n|inactive|yamzinyobooty has 30 seconds left.\n|inactive|yamzinyobooty has 20 seconds left.\n|inactive|yamzinyobooty has 15 seconds left.\n|inactive|yamzinyobooty has 10 seconds left.\n|inactive|yamzinyobooty has 5 seconds left.\n|\n|t:|1775971974\n|move|p1a: Sneasler|Fake Out|p2a: Excadrill\n|-resisted|p2a: Excadrill|1\n|-damage|p2a: Excadrill|90/100\n|cant|p2a: Excadrill|flinch\n|move|p1b: Milotic|Scald|p2a: Excadrill\n|-supereffective|p2a: Excadrill|1\n|-damage|p2a: Excadrill|9/100\n|move|p2b: Tyranitar|Rock Slide|p1b: Milotic|[spread] p1a,p1b\n|-resisted|p1a: Sneasler|1\n|-damage|p1a: Sneasler|65/100\n|-damage|p1b: Milotic|76/100\n|\n|-heal|p1b: Milotic|82/100|[from] item: Leftovers\n|upkeep\n|turn|10\n|inactive|ratkol has 30 seconds left.\n|-message|yamzinyobooty forfeited.\n|\n|win|ratkol\n|raw|ratkol's rating: 1155 &rarr; <strong>1175</strong><br />(+20 for winning)\n|raw|yamzinyobooty's rating: 1087 &rarr; <strong>1068</strong><br />(-19 for losing)\n",
  "uploadtime": 1775972002,
  "views": 13,
  "formatid": "gen9championsvgc2026regma",
  "rating": 1068,
  "private": 0,
  "password": null
}