{
  "id": "gen9championsvgc2026regma-2581287023",
  "format": "[Gen 9 Champions] VGC 2026 Reg M-A",
  "players": [
    "calacadura",
    "Pantalooni4D"
  ],
  "log": "|j|\u2606calacadura\n|j|\u2606Pantalooni4D\n|t:|1775981586\n|gametype|doubles\n|player|p1|calacadura|102|1100\n|player|p2|Pantalooni4D|102|1085\n|gen|9\n|tier|[Gen 9 Champions] VGC 2026 Reg M-A\n|rated|\n|rule|Species Clause: Limit one of each Pok\u00e9mon\n|rule|Item Clause: Limit 1 of each item\n|clearpoke\n|poke|p1|Sneasler, L50, F|\n|poke|p1|Farigiraf, L50, M|\n|poke|p1|Basculegion, L50, M|\n|poke|p1|Dragonite, L50, M|\n|poke|p1|Sinistcha, L50|\n|poke|p1|Incineroar, L50, M|\n|poke|p2|Talonflame, L50, F|\n|poke|p2|Gyarados, L50, F|\n|poke|p2|Orthworm, L50, M|\n|poke|p2|Garchomp, L50, M|\n|poke|p2|Sinistcha, L50|\n|teampreview|4\n|\n|t:|1775981652\n|teamsize|p1|4\n|teamsize|p2|4\n|start\n|switch|p1a: Kitten|Incineroar, L50, M, shiny|100/100\n|switch|p1b: Sneasler|Sneasler, L50, F|100/100\n|switch|p2a: Talonflame|Talonflame, L50, F|100/100\n|switch|p2b: Gyarados|Gyarados, L50, F|100/100\n|-ability|p2b: Gyarados|Intimidate|boost\n|-unboost|p1a: Kitten|atk|1\n|-unboost|p1b: Sneasler|atk|1\n|-ability|p1a: Kitten|Intimidate|boost\n|-unboost|p2a: Talonflame|atk|1\n|-unboost|p2b: Gyarados|atk|1\n|turn|1\n|\n|t:|1775981689\n|switch|p1b: Farigiraf|Farigiraf, L50, M|100/100\n|move|p2a: Talonflame|Quick Guard|p2a: Talonflame\n|-singleturn|p2a: Talonflame|Quick Guard\n|move|p2b: Gyarados|Dragon Dance|p2b: Gyarados\n|-boost|p2b: Gyarados|atk|1\n|-boost|p2b: Gyarados|spe|1\n|move|p1a: Kitten|Will-O-Wisp|p2b: Gyarados\n|-status|p2b: Gyarados|brn\n|\n|-damage|p2b: Gyarados|94/100 brn|[from] brn\n|upkeep\n|turn|2\n|\n|t:|1775981724\n|detailschange|p2b: Gyarados|Gyarados-Mega, L50, F\n|-mega|p2b: Gyarados|Gyarados|Gyaradosite\n|-ability|p2b: Gyarados|Mold Breaker\n|move|p2a: Talonflame|Taunt|p1b: Farigiraf\n|-start|p1b: Farigiraf|move: Taunt\n|move|p2b: Gyarados|Waterfall|p1a: Kitten\n|-supereffective|p1a: Kitten|1\n|-damage|p1a: Kitten|54/100\n|move|p1a: Kitten|Parting Shot|p2a: Talonflame\n|-unboost|p2a: Talonflame|atk|1\n|-unboost|p2a: Talonflame|spa|1\n|\n|t:|1775981727\n|switch|p1a: Tiny|Sinistcha, L50, shiny|100/100|[from] Parting Shot\n|cant|p1b: Farigiraf|move: Taunt|Trick Room\n|\n|-damage|p2b: Gyarados|88/100 brn|[from] brn\n|upkeep\n|turn|3\n|\n|t:|1775981771\n|switch|p2a: Orthworm|Orthworm, L50, M|100/100\n|move|p2b: Gyarados|Protect|p2b: Gyarados\n|-singleturn|p2b: Gyarados|Protect\n|move|p1a: Tiny|Strength Sap|p2b: Gyarados\n|-activate|p2b: Gyarados|move: Protect\n|move|p1b: Farigiraf|Psychic|p2a: Orthworm\n|-resisted|p2a: Orthworm|1\n|-damage|p2a: Orthworm|74/100\n|\n|-damage|p2b: Gyarados|82/100 brn|[from] brn\n|upkeep\n|turn|4\n|\n|t:|1775981809\n|switch|p1b: Kitten|Incineroar, L50, M, shiny|54/100\n|-ability|p1b: Kitten|Intimidate|boost\n|-unboost|p2a: Orthworm|atk|1\n|-unboost|p2b: Gyarados|atk|1\n|move|p2b: Gyarados|Waterfall|p1b: Kitten\n|-supereffective|p1b: Kitten|1\n|-damage|p1b: Kitten|23/100\n|-enditem|p1b: Kitten|Sitrus Berry|[eat]\n|-heal|p1b: Kitten|48/100|[from] item: Sitrus Berry\n|move|p1a: Tiny|Calm Mind|p1a: Tiny\n|-boost|p1a: Tiny|spa|1\n|-boost|p1a: Tiny|spd|1\n|move|p2a: Orthworm|Shed Tail|p2a: Orthworm\n|-start|p2a: Orthworm|Substitute|[from] move: Shed Tail\n|-damage|p2a: Orthworm|24/100\n|-enditem|p2a: Orthworm|Sitrus Berry|[eat]\n|-heal|p2a: Orthworm|49/100|[from] item: Sitrus Berry\n|\n|t:|1775981824\n|switch|p2a: Talonflame|Talonflame, L50, F|100/100|[from] Shed Tail\n|\n|-damage|p2b: Gyarados|76/100 brn|[from] brn\n|upkeep\n|turn|5\n|\n|t:|1775981858\n|switch|p2b: Orthworm|Orthworm, L50, M|49/100\n|move|p1b: Kitten|Fake Out|p2b: Orthworm\n|-resisted|p2b: Orthworm|1\n|-damage|p2b: Orthworm|46/100\n|move|p2a: Talonflame|Flare Blitz|p1a: Tiny\n|-supereffective|p1a: Tiny|1\n|-damage|p1a: Tiny|13/100\n|-damage|p2a: Talonflame|68/100|[from] Recoil\n|move|p1a: Tiny|Matcha Gotcha|p2a: Talonflame|[spread] p2a,p2b\n|-resisted|p2a: Talonflame|2\n|-activate|p2a: Talonflame|move: Substitute|[damage]\n|-heal|p1a: Tiny|20/100|[from] drain|[of] p2a: Talonflame\n|-resisted|p2b: Orthworm|1\n|-crit|p2b: Orthworm\n|-damage|p2b: Orthworm|2/100\n|-heal|p1a: Tiny|42/100|[from] drain|[of] p2b: Orthworm\n|-status|p2b: Orthworm|brn\n|\n|-damage|p2b: Orthworm|0 fnt|[from] brn\n|faint|p2b: Orthworm\n|upkeep\n|\n|t:|1775981879\n|switch|p2b: Gyarados|Gyarados-Mega, L50, F|76/100 brn\n|-ability|p2b: Gyarados|Mold Breaker\n|turn|6\n|\n|t:|1775981955\n|switch|p1a: Farigiraf|Farigiraf, L50, M|100/100\n|move|p2a: Talonflame|Flare Blitz|p1a: Farigiraf\n|-damage|p1a: Farigiraf|46/100\n|-damage|p2a: Talonflame|41/100|[from] Recoil\n|move|p2b: Gyarados|Waterfall|p1b: Kitten\n|-supereffective|p1b: Kitten|1\n|-damage|p1b: Kitten|1/100\n|move|p1b: Kitten|Parting Shot|p2a: Talonflame\n|-unboost|p2a: Talonflame|atk|1\n|-unboost|p2a: Talonflame|spa|1\n|\n|t:|1775981958\n|switch|p1b: Tiny|Sinistcha, L50, shiny|42/100|[from] Parting Shot\n|-heal|p1a: Farigiraf|71/100|[from] ability: Hospitality|[of] p1b: Tiny\n|\n|-damage|p2b: Gyarados|69/100 brn|[from] brn\n|upkeep\n|turn|7\n|\n|t:|1775981989\n|switch|p1b: Kitten|Incineroar, L50, M, shiny|1/100\n|-ability|p1b: Kitten|Intimidate|boost\n|-immune|p2a: Talonflame\n|-unboost|p2b: Gyarados|atk|1\n|move|p2a: Talonflame|Flare Blitz|p1b: Kitten\n|-resisted|p1b: Kitten|1\n|-damage|p1b: Kitten|0 fnt\n|faint|p1b: Kitten\n|-damage|p2a: Talonflame|40/100|[from] Recoil\n|move|p2b: Gyarados|Waterfall|p1a: Farigiraf\n|-damage|p1a: Farigiraf|53/100\n|move|p1a: Farigiraf|Psychic|p2a: Talonflame\n|-end|p2a: Talonflame|Substitute\n|\n|-damage|p2b: Gyarados|63/100 brn|[from] brn\n|upkeep\n|\n|t:|1775981990\n|switch|p1b: Tiny|Sinistcha, L50, shiny|42/100\n|-heal|p1a: Farigiraf|78/100|[from] ability: Hospitality|[of] p1b: Tiny\n|turn|8\n|\n|t:|1775982024\n|move|p2a: Talonflame|Flare Blitz|p1b: Tiny\n|-supereffective|p1b: Tiny|1\n|-damage|p1b: Tiny|0 fnt\n|faint|p1b: Tiny\n|-damage|p2a: Talonflame|25/100|[from] Recoil\n|move|p2b: Gyarados|Dragon Dance|p2b: Gyarados\n|-boost|p2b: Gyarados|atk|1\n|-boost|p2b: Gyarados|spe|1\n|move|p1a: Farigiraf|Psychic|p2a: Talonflame\n|-damage|p2a: Talonflame|0 fnt\n|faint|p2a: Talonflame\n|\n|-damage|p2b: Gyarados|57/100 brn|[from] brn\n|upkeep\n|\n|t:|1775982033\n|switch|p2a: Garchomp|Garchomp, L50, M|100/100\n|switch|p1b: Sneasler|Sneasler, L50, F|100/100\n|turn|9\n|\n|t:|1775982068\n|move|p1b: Sneasler|Fake Out|p2a: Garchomp\n|-crit|p2a: Garchomp\n|-damage|p2a: Garchomp|81/100\n|-damage|p1b: Sneasler|88/100|[from] ability: Rough Skin|[of] p2a: Garchomp\n|cant|p2a: Garchomp|flinch\n|move|p2b: Gyarados|Waterfall|p1b: Sneasler\n|-damage|p1b: Sneasler|48/100\n|move|p1a: Farigiraf|Psychic|p2a: Garchomp\n|-damage|p2a: Garchomp|46/100\n|\n|-damage|p2b: Gyarados|51/100 brn|[from] brn\n|upkeep\n|turn|10\n|\n|t:|1775982085\n|move|p1b: Sneasler|Close Combat|p2a: Garchomp\n|-damage|p2a: Garchomp|0 fnt\n|-unboost|p1b: Sneasler|def|1\n|-unboost|p1b: Sneasler|spd|1\n|-damage|p1b: Sneasler|35/100|[from] ability: Rough Skin|[of] p2a: Garchomp\n|faint|p2a: Garchomp\n|move|p2b: Gyarados|Waterfall|p1b: Sneasler\n|-damage|p1b: Sneasler|0 fnt\n|faint|p1b: Sneasler\n|move|p1a: Farigiraf|Psychic|p2b: Gyarados\n|-immune|p2b: Gyarados\n|\n|-damage|p2b: Gyarados|45/100 brn|[from] brn\n|upkeep\n|turn|11\n|-message|calacadura forfeited.\n|\n|win|Pantalooni4D\n|raw|calacadura's rating: 1100 &rarr; <strong>1074</strong><br />(-26 for losing)\n|raw|Pantalooni4D's rating: 1085 &rarr; <strong>1113</strong><br />(+28 for winning)\n",
  "uploadtime": 1775982102,
  "views": 13,
  "formatid": "gen9championsvgc2026regma",
  "rating": 1074,
  "private": 0,
  "password": null
}