{
  "id": "gen9championsvgc2026regma-2582582360",
  "format": "[Gen 9 Champions] VGC 2026 Reg M-A",
  "players": [
    "Zapdos79",
    "oliverfakemawn"
  ],
  "log": "|j|\u2606Zapdos79\n|j|\u2606oliverfakemawn\n|t:|1776100770\n|gametype|doubles\n|player|p1|Zapdos79|flannery|1172\n|player|p2|oliverfakemawn|alder|1244\n|gen|9\n|tier|[Gen 9 Champions] VGC 2026 Reg M-A\n|rated|\n|rule|Species Clause: Limit one of each Pok\u00e9mon\n|rule|Item Clause: Limit 1 of each item\n|clearpoke\n|poke|p1|Tyranitar, L50, F|\n|poke|p1|Talonflame, L50, F|\n|poke|p1|Excadrill, L50, M|\n|poke|p1|Meganium, L50, M|\n|poke|p1|Farigiraf, L50, F|\n|poke|p1|Incineroar, L50, M|\n|poke|p2|Incineroar, L50, M|\n|poke|p2|Starmie, L50|\n|poke|p2|Rotom-Mow, L50|\n|poke|p2|Mamoswine, L50, F|\n|poke|p2|Aegislash, L50, M|\n|poke|p2|Farigiraf, L50, F|\n|teampreview|4\n|\n|t:|1776100811\n|teamsize|p1|4\n|teamsize|p2|4\n|start\n|switch|p1a: Incineroar|Incineroar, L50, M|100/100\n|switch|p1b: Meganium|Meganium, L50, M|100/100\n|switch|p2a: Rotom|Rotom-Mow, L50|100/100\n|switch|p2b: Incineroar|Incineroar, L50, M|100/100\n|-ability|p2b: Incineroar|Intimidate|boost\n|-unboost|p1a: Incineroar|atk|1\n|-unboost|p1b: Meganium|atk|1\n|-ability|p1a: Incineroar|Intimidate|boost\n|-unboost|p2a: Rotom|atk|1\n|-unboost|p2b: Incineroar|atk|1\n|turn|1\n|\n|t:|1776100830\n|switch|p1b: Talonflame|Talonflame, L50, F|100/100\n|move|p2b: Incineroar|Fake Out|p1a: Incineroar\n|-crit|p1a: Incineroar\n|-damage|p1a: Incineroar|85/100\n|move|p2a: Rotom|Volt Switch|p1b: Talonflame\n|-supereffective|p1b: Talonflame|1\n|-damage|p1b: Talonflame|45/100\n|\n|t:|1776100849\n|switch|p2a: Aegislash|Aegislash, L50, M|100/100|[from] Volt Switch\n|cant|p1a: Incineroar|flinch\n|\n|upkeep\n|turn|2\n|\n|t:|1776100867\n|move|p1a: Incineroar|Protect|p1a: Incineroar\n|-singleturn|p1a: Incineroar|Protect\n|move|p1b: Talonflame|Tailwind|p1b: Talonflame\n|-sidestart|p1: Zapdos79|move: Tailwind\n|move|p2b: Incineroar|Parting Shot|p1a: Incineroar\n|-activate|p1a: Incineroar|move: Protect\n|-formechange|p2a: Aegislash|Aegislash-Blade|\n|move|p2a: Aegislash|Shadow Ball|p1b: Talonflame\n|-damage|p1b: Talonflame|4/100\n|\n|upkeep\n|turn|3\n|\n|t:|1776100887\n|-formechange|p2a: Aegislash|Aegislash|\n|move|p2a: Aegislash|King's Shield|p2a: Aegislash\n|-singleturn|p2a: Aegislash|Protect\n|move|p1b: Talonflame|Will-O-Wisp|p2a: Aegislash\n|-status|p2a: Aegislash|brn\n|move|p1a: Incineroar|Parting Shot|p2b: Incineroar\n|-unboost|p2b: Incineroar|atk|1\n|-unboost|p2b: Incineroar|spa|1\n|\n|t:|1776100892\n|switch|p1a: Farigiraf|Farigiraf, L50, F|100/100|[from] Parting Shot\n|move|p2b: Incineroar|Parting Shot|p1a: Farigiraf\n|-unboost|p1a: Farigiraf|atk|1\n|-unboost|p1a: Farigiraf|spa|1\n|\n|t:|1776100902\n|switch|p2b: Farigiraf|Farigiraf, L50, F|100/100|[from] Parting Shot\n|\n|-damage|p2a: Aegislash|95/100 brn|[from] brn\n|upkeep\n|turn|4\n|\n|t:|1776100912\n|move|p1a: Farigiraf|Ally Switch|p1a: Farigiraf\n|swap|p1a: Farigiraf|1|[from] move: Ally Switch\n|move|p1a: Talonflame|U-turn|p2b: Farigiraf\n|-supereffective|p2b: Farigiraf|1\n|-damage|p2b: Farigiraf|79/100\n|\n|t:|1776100916\n|switch|p1a: Incineroar|Incineroar, L50, M|85/100|[from] U-turn\n|-ability|p1a: Incineroar|Intimidate|boost\n|-unboost|p2a: Aegislash|atk|1\n|-unboost|p2b: Farigiraf|atk|1\n|move|p2a: Aegislash|Substitute|p2a: Aegislash\n|-start|p2a: Aegislash|Substitute\n|-damage|p2a: Aegislash|70/100 brn\n|move|p2b: Farigiraf|Trick Room|p2b: Farigiraf\n|-fieldstart|move: Trick Room|[of] p2b: Farigiraf\n|\n|-damage|p2a: Aegislash|64/100 brn|[from] brn\n|upkeep\n|turn|5\n|\n|t:|1776100933\n|move|p2b: Farigiraf|Helping Hand|p2a: Aegislash\n|-singleturn|p2a: Aegislash|Helping Hand|[of] p2b: Farigiraf\n|-formechange|p2a: Aegislash|Aegislash-Blade|\n|move|p2a: Aegislash|Shadow Ball|p1a: Incineroar\n|-resisted|p1a: Incineroar|1\n|-damage|p1a: Incineroar|57/100\n|move|p1b: Farigiraf|Thunder Wave|p2b: Farigiraf\n|-status|p2b: Farigiraf|par\n|move|p1a: Incineroar|Flare Blitz|p2a: Aegislash\n|-supereffective|p2a: Aegislash|1\n|-end|p2a: Aegislash|Substitute\n|-damage|p1a: Incineroar|50/100|[from] Recoil|[of] p2a: Aegislash\n|-enditem|p1a: Incineroar|Sitrus Berry|[eat]\n|-heal|p1a: Incineroar|75/100|[from] item: Sitrus Berry\n|\n|-damage|p2a: Aegislash|58/100 brn|[from] brn\n|-sideend|p1: Zapdos79|move: Tailwind\n|upkeep\n|turn|6\n|-message|oliverfakemawn forfeited.\n|\n|win|Zapdos79\n|raw|Zapdos79's rating: 1172 &rarr; <strong>1202</strong><br />(+30 for winning)\n|raw|oliverfakemawn's rating: 1244 &rarr; <strong>1214</strong><br />(-30 for losing)\n|l|\u2606oliverfakemawn\n|player|p2|\n",
  "uploadtime": 1776101049,
  "views": 16,
  "formatid": "gen9championsvgc2026regma",
  "rating": 1202,
  "private": 0,
  "password": null
}