{
  "id": "gen9championsvgc2026regma-2582288465",
  "format": "[Gen 9 Champions] VGC 2026 Reg M-A",
  "players": [
    "Genius au",
    "plaweh"
  ],
  "log": "|j|\u2606Genius au\n|j|\u2606plaweh\n|t:|1776080100\n|gametype|doubles\n|player|p1|Genius au|youngster-gen4dp|1028\n|player|p2|plaweh|170|1093\n|gen|9\n|tier|[Gen 9 Champions] VGC 2026 Reg M-A\n|rated|\n|rule|Species Clause: Limit one of each Pok\u00e9mon\n|rule|Item Clause: Limit 1 of each item\n|clearpoke\n|poke|p1|Kangaskhan, L50, F|\n|poke|p1|Maushold, L50|\n|poke|p1|Incineroar, L50, F|\n|poke|p1|Sneasler, L50, M|\n|poke|p1|Gengar, L50, M|\n|poke|p1|Rotom-Wash, L50|\n|poke|p2|Espathra, L50, F|\n|poke|p2|Charizard, L50, M|\n|poke|p2|Garchomp, L50, M|\n|poke|p2|Sableye, L50, F|\n|poke|p2|Milotic, L50, F|\n|poke|p2|Gardevoir, L50, M|\n|teampreview|4\n|\n|t:|1776080115\n|teamsize|p1|4\n|teamsize|p2|4\n|start\n|switch|p1a: Gengar|Gengar, L50, M, shiny|100/100\n|switch|p1b: Rotom|Rotom-Wash, L50|100/100\n|switch|p2a: Sableye|Sableye, L50, F|100/100\n|switch|p2b: Milotic|Milotic, L50, F|100/100\n|turn|1\n|\n|t:|1776080133\n|switch|p1a: Maushold|Maushold, L50, shiny|100/100\n|move|p2a: Sableye|Fake Out|p1b: Rotom\n|-damage|p1b: Rotom|92/100\n|cant|p1b: Rotom|flinch\n|move|p2b: Milotic|Hypnosis|p1b: Rotom|[miss]\n|-miss|p2b: Milotic|p1b: Rotom\n|\n|-heal|p1b: Rotom|98/100|[from] item: Leftovers\n|upkeep\n|turn|2\n|\n|t:|1776080160\n|move|p2b: Milotic|Protect|p2b: Milotic\n|-singleturn|p2b: Milotic|Protect\n|move|p2a: Sableye|Gravity|p2a: Sableye\n|-fieldstart|move: Gravity\n|move|p1a: Maushold|Encore|p2a: Sableye\n|-start|p2a: Sableye|Encore\n|move|p1b: Rotom|Thunderbolt|p2b: Milotic\n|-activate|p2b: Milotic|move: Protect\n|\n|-heal|p1b: Rotom|100/100|[from] item: Leftovers\n|upkeep\n|turn|3\n|\n|t:|1776080207\n|switch|p2b: Gardevoir|Gardevoir, L50, M|100/100\n|switch|p2a: Charizard|Charizard, L50, M|100/100\n|move|p1a: Maushold|Follow Me|p1a: Maushold\n|-singleturn|p1a: Maushold|move: Follow Me\n|move|p1b: Rotom|Hydro Pump|p2a: Charizard\n|-supereffective|p2a: Charizard|1\n|-damage|p2a: Charizard|0 fnt\n|faint|p2a: Charizard\n|\n|upkeep\n|\n|t:|1776080221\n|switch|p2a: Sableye|Sableye, L50, F|100/100\n|turn|4\n|\n|t:|1776080248\n|move|p1a: Maushold|Protect|p1a: Maushold\n|-singleturn|p1a: Maushold|Protect\n|move|p1b: Rotom|Protect|p1b: Rotom\n|-singleturn|p1b: Rotom|Protect\n|move|p2a: Sableye|Fake Out|p1b: Rotom\n|-activate|p1b: Rotom|move: Protect\n|move|p2b: Gardevoir|Dazzling Gleam|p1a: Maushold|[spread] \n|-activate|p1a: Maushold|move: Protect\n|-activate|p1b: Rotom|move: Protect\n|\n|upkeep\n|turn|5\n|\n|t:|1776080272\n|move|p2b: Gardevoir|Dazzling Gleam|p1a: Maushold|[spread] p1a,p1b\n|-crit|p1a: Maushold\n|-damage|p1a: Maushold|28/100\n|-damage|p1b: Rotom|70/100\n|move|p1a: Maushold|Encore|p2a: Sableye\n|-start|p2a: Sableye|Encore\n|move|p2a: Sableye|Fake Out||[still]\n|-hint|Fake Out only works on your first turn out.\n|-fail|p2a: Sableye\n|move|p1b: Rotom|Thunderbolt|p2b: Gardevoir\n|-damage|p2b: Gardevoir|53/100\n|\n|-heal|p1b: Rotom|76/100|[from] item: Leftovers\n|upkeep\n|turn|6\n|\n|t:|1776080301\n|switch|p1a: Gengar|Gengar, L50, M, shiny|100/100\n|switch|p2a: Milotic|Milotic, L50, F|100/100\n|move|p2b: Gardevoir|Dazzling Gleam|p1b: Rotom|[spread] p1a,p1b\n|-resisted|p1a: Gengar|1\n|-damage|p1a: Gengar|80/100\n|-damage|p1b: Rotom|37/100\n|move|p1b: Rotom|Thunderbolt|p2a: Milotic\n|-supereffective|p2a: Milotic|1\n|-damage|p2a: Milotic|44/100\n|-enditem|p2a: Milotic|Sitrus Berry|[eat]\n|-heal|p2a: Milotic|69/100|[from] item: Sitrus Berry\n|\n|-heal|p1b: Rotom|43/100|[from] item: Leftovers\n|-fieldend|move: Gravity\n|upkeep\n|turn|7\n|\n|t:|1776080325\n|detailschange|p1a: Gengar|Gengar-Mega, L50, M, shiny\n|-mega|p1a: Gengar|Gengar|Gengarite\n|move|p1b: Rotom|Protect|p1b: Rotom\n|-singleturn|p1b: Rotom|Protect\n|move|p2a: Milotic|Protect|p2a: Milotic\n|-singleturn|p2a: Milotic|Protect\n|move|p2b: Gardevoir|Dazzling Gleam|p1b: Rotom|[spread] p1a\n|-activate|p1b: Rotom|move: Protect\n|-resisted|p1a: Gengar|1\n|-damage|p1a: Gengar|62/100\n|move|p1a: Gengar|Perish Song|p1a: Gengar\n|-start|p1a: Gengar|perish3|[silent]\n|-start|p1b: Rotom|perish3|[silent]\n|-start|p2a: Milotic|perish3|[silent]\n|-start|p2b: Gardevoir|perish3|[silent]\n|-fieldactivate|move: Perish Song\n|\n|-heal|p1b: Rotom|48/100|[from] item: Leftovers\n|-start|p2b: Gardevoir|perish3\n|-start|p1a: Gengar|perish3\n|-start|p1b: Rotom|perish3\n|-start|p2a: Milotic|perish3\n|upkeep\n|turn|8\n|\n|t:|1776080357\n|move|p2b: Gardevoir|Dazzling Gleam|p1a: Gengar|[spread] p1a,p1b\n|-resisted|p1a: Gengar|1\n|-damage|p1a: Gengar|45/100\n|-damage|p1b: Rotom|8/100\n|move|p1a: Gengar|Disable|p2b: Gardevoir\n|-start|p2b: Gardevoir|Disable|Dazzling Gleam\n|move|p1b: Rotom|Thunder Wave|p2a: Milotic\n|-status|p2a: Milotic|par\n|move|p2a: Milotic|Hypnosis|p1b: Rotom|[miss]\n|-miss|p2a: Milotic|p1b: Rotom\n|\n|-heal|p1b: Rotom|13/100|[from] item: Leftovers\n|-start|p2b: Gardevoir|perish2\n|-start|p1a: Gengar|perish2\n|-start|p1b: Rotom|perish2\n|-start|p2a: Milotic|perish2\n|upkeep\n|turn|9\n|\n|t:|1776080388\n|switch|p1b: Maushold|Maushold, L50, shiny|28/100\n|move|p1a: Gengar|Protect|p1a: Gengar\n|-singleturn|p1a: Gengar|Protect\n|-activate|p2b: Gardevoir|move: Struggle\n|move|p2b: Gardevoir|Struggle|p1b: Maushold\n|-damage|p1b: Maushold|17/100\n|-damage|p2b: Gardevoir|28/100|[from] recoil\n|move|p2a: Milotic|Scald|p1a: Gengar\n|-activate|p1a: Gengar|move: Protect\n|\n|-start|p2b: Gardevoir|perish1\n|-start|p1a: Gengar|perish1\n|-start|p2a: Milotic|perish1\n|upkeep\n|turn|10\n|\n|t:|1776080419\n|-activate|p2b: Gardevoir|move: Struggle\n|move|p2b: Gardevoir|Struggle|p1b: Maushold\n|-damage|p1b: Maushold|5/100\n|-damage|p2b: Gardevoir|3/100|[from] recoil\n|move|p1a: Gengar|Disable|p2a: Milotic\n|-start|p2a: Milotic|Disable|Scald\n|move|p1b: Maushold|After You|p2a: Milotic\n|-activate|p2a: Milotic|move: After You\n|cant|p2a: Milotic|Disable|Scald\n|\n|-start|p2b: Gardevoir|perish0\n|-start|p1a: Gengar|perish0\n|-start|p2a: Milotic|perish0\n|upkeep\n|faint|p2b: Gardevoir\n|faint|p1a: Gengar\n|faint|p2a: Milotic\n|\n|t:|1776080436\n|switch|p1a: Rotom|Rotom-Wash, L50|13/100\n|switch|p2b: Sableye|Sableye, L50, F|100/100\n|turn|11\n|\n|t:|1776080453\n|move|p1b: Maushold|Protect|p1b: Maushold\n|-singleturn|p1b: Maushold|Protect\n|move|p1a: Rotom|Protect|p1a: Rotom\n|-singleturn|p1a: Rotom|Protect\n|move|p2b: Sableye|Feint|p1b: Maushold\n|-activate|p1b: Maushold|move: Feint\n|-damage|p1b: Maushold|0 fnt\n|faint|p1b: Maushold\n|\n|-heal|p1a: Rotom|19/100|[from] item: Leftovers\n|upkeep\n|l|\u2606Genius au\n|player|p1|\n|inactive|Battle timer is ON: inactive players will automatically lose when time's up. (requested by plaweh)\n|j|\u2606Genius au\n|inactive|Genius au reconnected and has 85 seconds left.\n|player|p1|Genius au|youngster-gen4dp|\n|\n|t:|1776080511\n|switch|p1b: Sneasler|Sneasler, L50, M, shiny|100/100\n|turn|12\n|\n|t:|1776080521\n|move|p1b: Sneasler|Dire Claw|p2b: Sableye\n|-resisted|p2b: Sableye|1\n|-damage|p2b: Sableye|72/100\n|-status|p2b: Sableye|slp\n|move|p1a: Rotom|Thunderbolt|p2b: Sableye\n|-damage|p2b: Sableye|23/100 slp\n|cant|p2b: Sableye|slp\n|\n|-heal|p1a: Rotom|24/100|[from] item: Leftovers\n|upkeep\n|turn|13\n|\n|t:|1776080531\n|move|p1b: Sneasler|Dire Claw|p2b: Sableye\n|-resisted|p2b: Sableye|1\n|-damage|p2b: Sableye|0 fnt\n|faint|p2b: Sableye\n|\n|win|Genius au\n|raw|Genius au's rating: 1028 &rarr; <strong>1070</strong><br />(+42 for winning)\n|raw|plaweh's rating: 1093 &rarr; <strong>1065</strong><br />(-28 for losing)\n|l|\u2606Genius au\n|player|p1|\n",
  "uploadtime": 1776080552,
  "views": 15,
  "formatid": "gen9championsvgc2026regma",
  "rating": 1065,
  "private": 0,
  "password": null
}