{
  "id": "gen9championsvgc2026regma-2581542311",
  "format": "[Gen 9 Champions] VGC 2026 Reg M-A",
  "players": [
    "rauliito_adh",
    "TheGarcon"
  ],
  "log": "|j|\u2606rauliito_adh\n|j|\u2606TheGarcon\n|t:|1776009564\n|gametype|doubles\n|player|p1|rauliito_adh|hilbert|1064\n|player|p2|TheGarcon|ruinmaniac|1137\n|gen|9\n|tier|[Gen 9 Champions] VGC 2026 Reg M-A\n|rated|\n|rule|Species Clause: Limit one of each Pok\u00e9mon\n|rule|Item Clause: Limit 1 of each item\n|clearpoke\n|poke|p1|Arcanine, L50, M|\n|poke|p1|Rotom-Wash, L50|\n|poke|p1|Garchomp, L50, M|\n|poke|p1|Venusaur, L50, M|\n|poke|p1|Corviknight, L50, F|\n|poke|p1|Sneasler, L50, F|\n|poke|p2|Crabominable, L50, F|\n|poke|p2|Torkoal, L50, F|\n|poke|p2|Clefable, L50, F|\n|poke|p2|Mimikyu, L50, F|\n|poke|p2|Arcanine-Hisui, L50, M|\n|poke|p2|Sableye, L50, M|\n|teampreview|4\n|\n|t:|1776009604\n|teamsize|p1|4\n|teamsize|p2|4\n|start\n|switch|p1a: Garchomp|Garchomp, L50, M|100/100\n|switch|p1b: Rotom|Rotom-Wash, L50|100/100\n|switch|p2a: Mimikyu|Mimikyu, L50, F|100/100\n|switch|p2b: Crabominable|Crabominable, L50, F|100/100\n|turn|1\n|\n|t:|1776009613\n|detailschange|p2b: Crabominable|Crabominable-Mega, L50, F\n|-mega|p2b: Crabominable|Crabominable|Crabominite\n|move|p2b: Crabominable|Protect|p2b: Crabominable\n|-singleturn|p2b: Crabominable|Protect\n|move|p1b: Rotom|Discharge|p2b: Crabominable|[spread] p2a\n|-activate|p2b: Crabominable|move: Protect\n|-immune|p1a: Garchomp\n|-activate|p2a: Mimikyu|ability: Disguise\n|-damage|p2a: Mimikyu|100/100\n|detailschange|p2a: Mimikyu|Mimikyu-Busted, L50, F\n|-damage|p2a: Mimikyu|88/100|[from] pokemon: Mimikyu-Busted\n|move|p1a: Garchomp|Earthquake|p2a: Mimikyu|[spread] p2a\n|-activate|p2b: Crabominable|move: Protect\n|-immune|p1b: Rotom|[from] ability: Levitate\n|-crit|p2a: Mimikyu\n|-damage|p2a: Mimikyu|17/100\n|move|p2a: Mimikyu|Trick Room|p2a: Mimikyu\n|-fieldstart|move: Trick Room|[of] p2a: Mimikyu\n|\n|upkeep\n|turn|2\n|inactive|Battle timer is ON: inactive players will automatically lose when time's up. (requested by rauliito_adh)\n|\n|t:|1776009642\n|move|p1a: Garchomp|Protect|p1a: Garchomp\n|-singleturn|p1a: Garchomp|Protect\n|move|p2b: Crabominable|Ice Hammer|p1a: Garchomp\n|-activate|p1a: Garchomp|move: Protect\n|move|p2a: Mimikyu|Play Rough|p1a: Garchomp\n|-activate|p1a: Garchomp|move: Protect\n|move|p1b: Rotom|Discharge|p2a: Mimikyu|[spread] p2a,p2b\n|-activate|p1a: Garchomp|move: Protect\n|-damage|p2a: Mimikyu|0 fnt\n|-damage|p2b: Crabominable|75/100\n|-status|p2b: Crabominable|par\n|faint|p2a: Mimikyu\n|\n|upkeep\n|\n|t:|1776009648\n|switch|p2a: Torkoal|Torkoal, L50, F|100/100\n|-weather|SunnyDay|[from] ability: Drought|[of] p2a: Torkoal\n|turn|3\n|\n|t:|1776009662\n|switch|p1a: Arcanine|Arcanine, L50, M|100/100\n|-ability|p1a: Arcanine|Intimidate|boost\n|-unboost|p2a: Torkoal|atk|1\n|-unboost|p2b: Crabominable|atk|1\n|move|p2b: Crabominable|Ice Hammer|p1a: Arcanine\n|-resisted|p1a: Arcanine|1\n|-damage|p1a: Arcanine|72/100\n|-unboost|p2b: Crabominable|spe|1\n|move|p2a: Torkoal|Eruption|p1a: Arcanine|[spread] p1a,p1b\n|-resisted|p1a: Arcanine|1\n|-resisted|p1b: Rotom|1\n|-damage|p1a: Arcanine|25/100\n|-damage|p1b: Rotom|41/100\n|-enditem|p1a: Arcanine|Sitrus Berry|[eat]\n|-heal|p1a: Arcanine|50/100|[from] item: Sitrus Berry\n|move|p1b: Rotom|Discharge|p2a: Torkoal|[spread] p1a,p2a,p2b\n|-damage|p1a: Arcanine|17/100\n|-damage|p2a: Torkoal|61/100\n|-damage|p2b: Crabominable|49/100 par\n|-status|p1a: Arcanine|par\n|\n|-weather|SunnyDay|[upkeep]\n|upkeep\n|turn|4\n|inactive|rauliito_adh has 30 seconds left.\n|\n|t:|1776009688\n|move|p1a: Arcanine|Protect|p1a: Arcanine\n|-singleturn|p1a: Arcanine|Protect\n|move|p2b: Crabominable|Drain Punch|p1b: Rotom\n|-damage|p1b: Rotom|0 fnt\n|-heal|p2b: Crabominable|61/100 par|[from] drain|[of] p1b: Rotom\n|faint|p1b: Rotom\n|move|p2a: Torkoal|Eruption|p1a: Arcanine\n|-activate|p1a: Arcanine|move: Protect\n|\n|-weather|SunnyDay|[upkeep]\n|upkeep\n|\n|t:|1776009698\n|switch|p1b: Venusaur|Venusaur, L50, M|100/100\n|turn|5\n|\n|t:|1776009705\n|move|p1b: Venusaur|Protect|p1b: Venusaur\n|-singleturn|p1b: Venusaur|Protect\n|move|p2b: Crabominable|Ice Hammer|p1b: Venusaur\n|-activate|p1b: Venusaur|move: Protect\n|move|p2a: Torkoal|Eruption|p1a: Arcanine|[spread] p1a\n|-activate|p1b: Venusaur|move: Protect\n|-resisted|p1a: Arcanine|1\n|-damage|p1a: Arcanine|0 fnt\n|faint|p1a: Arcanine\n|\n|-weather|SunnyDay|[upkeep]\n|-fieldend|move: Trick Room\n|upkeep\n|\n|t:|1776009717\n|switch|p1a: Garchomp|Garchomp, L50, M|100/100\n|turn|6\n|inactive|TheGarcon has 30 seconds left.\n|inactive|TheGarcon has 20 seconds left.\n|\n|t:|1776009754\n|detailschange|p1b: Venusaur|Venusaur-Mega, L50, M\n|-mega|p1b: Venusaur|Venusaur|Venusaurite\n|move|p2a: Torkoal|Protect|p2a: Torkoal\n|-singleturn|p2a: Torkoal|Protect\n|move|p1a: Garchomp|Earthquake|p2b: Crabominable|[spread] p1b,p2b\n|-activate|p2a: Torkoal|move: Protect\n|-damage|p1b: Venusaur|72/100\n|-damage|p2b: Crabominable|36/100 par\n|move|p1b: Venusaur|Giga Drain|p2b: Crabominable\n|-damage|p2b: Crabominable|9/100 par\n|-heal|p1b: Venusaur|87/100|[from] drain|[of] p2b: Crabominable\n|move|p2b: Crabominable|Ice Hammer|p1a: Garchomp\n|-supereffective|p1a: Garchomp|2\n|-damage|p1a: Garchomp|0 fnt\n|-unboost|p2b: Crabominable|spe|1\n|-damage|p2b: Crabominable|0 fnt|[from] ability: Rough Skin|[of] p1a: Garchomp\n|faint|p1a: Garchomp\n|faint|p2b: Crabominable\n|\n|-weather|SunnyDay|[upkeep]\n|upkeep\n|\n|t:|1776009768\n|switch|p2b: Arcanine|Arcanine-Hisui, L50, M|100/100\n|-ability|p2b: Arcanine|Intimidate|boost\n|-unboost|p1b: Venusaur|atk|1\n|turn|7\n|\n|t:|1776009778\n|move|p1b: Venusaur|Protect|p1b: Venusaur\n|-singleturn|p1b: Venusaur|Protect\n|move|p2b: Arcanine|Flare Blitz|p1b: Venusaur\n|-activate|p1b: Venusaur|move: Protect\n|move|p2a: Torkoal|Weather Ball|p1b: Venusaur\n|-activate|p1b: Venusaur|move: Protect\n|\n|-weather|none\n|upkeep\n|turn|8\n|\n|t:|1776009794\n|move|p2b: Arcanine|Flare Blitz|p1b: Venusaur\n|-supereffective|p1b: Venusaur|1\n|-damage|p1b: Venusaur|38/100\n|-damage|p2b: Arcanine|83/100|[from] Recoil\n|move|p1b: Venusaur|Leech Seed|p2b: Arcanine\n|-start|p2b: Arcanine|move: Leech Seed\n|move|p2a: Torkoal|Eruption|p1b: Venusaur\n|-supereffective|p1b: Venusaur|1\n|-damage|p1b: Venusaur|5/100\n|\n|-damage|p2b: Arcanine|70/100|[from] Leech Seed|[of] p1b: Venusaur\n|-heal|p1b: Venusaur|17/100|[silent]\n|upkeep\n|turn|9\n|\n|t:|1776009802\n|move|p1b: Venusaur|Protect|p1b: Venusaur\n|-singleturn|p1b: Venusaur|Protect\n|move|p2b: Arcanine|Flare Blitz|p1b: Venusaur\n|-activate|p1b: Venusaur|move: Protect\n|move|p2a: Torkoal|Eruption|p1b: Venusaur\n|-activate|p1b: Venusaur|move: Protect\n|\n|-damage|p2b: Arcanine|58/100|[from] Leech Seed|[of] p1b: Venusaur\n|-heal|p1b: Venusaur|28/100|[silent]\n|upkeep\n|turn|10\n|\n|t:|1776009812\n|move|p1b: Venusaur|Protect||[still]\n|-fail|p1b: Venusaur\n|move|p2b: Arcanine|Flare Blitz|p1b: Venusaur\n|-supereffective|p1b: Venusaur|1\n|-damage|p1b: Venusaur|0 fnt\n|faint|p1b: Venusaur\n|-damage|p2b: Arcanine|48/100|[from] Recoil\n|\n|win|TheGarcon\n|raw|rauliito_adh's rating: 1064 &rarr; <strong>1048</strong><br />(-16 for losing)\n|raw|TheGarcon's rating: 1137 &rarr; <strong>1157</strong><br />(+20 for winning)\n",
  "uploadtime": 1776009813,
  "views": 20,
  "formatid": "gen9championsvgc2026regma",
  "rating": 1048,
  "private": 0,
  "password": null
}