{
  "id": "gen9championsvgc2026regma-2589520877",
  "format": "[Gen 9 Champions] VGC 2026 Reg M-A",
  "players": [
    "petasmash",
    "cammellio"
  ],
  "log": "|j|\u2606petasmash\n|j|\u2606cammellio\n|t:|1776730511\n|gametype|doubles\n|player|p1|petasmash|steven|1071\n|player|p2|cammellio|169|1150\n|gen|9\n|tier|[Gen 9 Champions] VGC 2026 Reg M-A\n|rated|\n|rule|Species Clause: Limit one of each Pok\u00e9mon\n|rule|Item Clause: Limit 1 of each item\n|clearpoke\n|poke|p1|Aerodactyl, L50, M|\n|poke|p1|Tsareena, L50, F|\n|poke|p1|Emboar, L50, M|\n|poke|p1|Basculegion, L50, M|\n|poke|p1|Politoed, L50, F|\n|poke|p1|Gengar, L50, F|\n|poke|p2|Beedrill, L50, F|\n|poke|p2|Aerodactyl, L50, M|\n|poke|p2|Sylveon, L50, M|\n|poke|p2|Primarina, L50, F|\n|poke|p2|Incineroar, L50, F|\n|poke|p2|Garchomp, L50, F|\n|teampreview|4\n|inactive|Battle timer is ON: inactive players will automatically lose when time's up. (requested by cammellio)\n|inactive|cammellio has 60 seconds left.\n|\n|t:|1776730562\n|teamsize|p1|4\n|teamsize|p2|4\n|start\n|switch|p1a: Politoed|Politoed, L50, F|100/100\n|switch|p1b: Gengar|Gengar, L50, F|100/100\n|switch|p2a: Aerodactyl|Aerodactyl, L50, M|100/100\n|switch|p2b: Primarina|Primarina, L50, F|100/100\n|-ability|p2a: Aerodactyl|Unnerve\n|-weather|RainDance|[from] ability: Drizzle|[of] p1a: Politoed\n|turn|1\n|inactive|petasmash has 30 seconds left.\n|inactive|cammellio has 30 seconds left.\n|\n|t:|1776730594\n|detailschange|p2a: Aerodactyl|Aerodactyl-Mega, L50, M\n|-mega|p2a: Aerodactyl|Aerodactyl|Aerodactylite\n|detailschange|p1b: Gengar|Gengar-Mega, L50, F\n|-mega|p1b: Gengar|Gengar|Gengarite\n|move|p2a: Aerodactyl|Round|p1a: Politoed\n|-damage|p1a: Politoed|94/100\n|move|p2b: Primarina|Round|p1b: Gengar|[from] move: Round\n|-damage|p1b: Gengar|0 fnt\n|faint|p1b: Gengar\n|move|p1a: Politoed|Perish Song|p1a: Politoed\n|-start|p1a: Politoed|perish3|[silent]\n|-start|p2a: Aerodactyl|perish3|[silent]\n|-start|p2b: Primarina|perish3|[silent]\n|-fieldactivate|move: Perish Song\n|\n|-weather|RainDance|[upkeep]\n|-start|p2a: Aerodactyl|perish3\n|-start|p1a: Politoed|perish3\n|-start|p2b: Primarina|perish3\n|upkeep\n|\n|t:|1776730608\n|switch|p1b: Basculegion|Basculegion, L50, M|100/100\n|turn|2\n|c|\u2606cammellio|Dang\n|\n|t:|1776730625\n|switch|p2a: Incineroar|Incineroar, L50, F|100/100\n|-ability|p2a: Incineroar|Intimidate|boost\n|-unboost|p1a: Politoed|atk|1\n|-unboost|p1b: Basculegion|atk|1\n|move|p1b: Basculegion|Last Respects|p2b: Primarina\n|-damage|p2b: Primarina|48/100\n|move|p1a: Politoed|Muddy Water|p2b: Primarina|[spread] p2a\n|-miss|p1a: Politoed|p2b: Primarina\n|-supereffective|p2a: Incineroar|1\n|-damage|p2a: Incineroar|53/100\n|move|p2b: Primarina|Hyper Voice|p1b: Basculegion|[spread] p1a,p1b\n|-resisted|p1a: Politoed|1\n|-resisted|p1b: Basculegion|1\n|-damage|p1a: Politoed|77/100\n|-damage|p1b: Basculegion|68/100\n|\n|-weather|RainDance|[upkeep]\n|-heal|p2b: Primarina|54/100|[from] item: Leftovers\n|-start|p1a: Politoed|perish2\n|-start|p2b: Primarina|perish2\n|upkeep\n|turn|3\n|\n|t:|1776730648\n|move|p1a: Politoed|Protect|p1a: Politoed\n|-singleturn|p1a: Politoed|Protect\n|move|p2a: Incineroar|Fake Out|p1a: Politoed\n|-activate|p1a: Politoed|move: Protect\n|move|p1b: Basculegion|Wave Crash|p2a: Incineroar\n|-supereffective|p2a: Incineroar|1\n|-damage|p2a: Incineroar|0 fnt\n|faint|p2a: Incineroar\n|-damage|p1b: Basculegion|50/100|[from] Recoil\n|move|p2b: Primarina|Moonblast|p1b: Basculegion\n|-damage|p1b: Basculegion|0 fnt\n|faint|p1b: Basculegion\n|\n|-weather|RainDance|[upkeep]\n|-heal|p2b: Primarina|60/100|[from] item: Leftovers\n|-start|p1a: Politoed|perish1\n|-start|p2b: Primarina|perish1\n|upkeep\n|\n|t:|1776730671\n|switch|p1b: Aerodactyl|Aerodactyl, L50, M|100/100\n|switch|p2a: Aerodactyl|Aerodactyl-Mega, L50, M|100/100\n|-ability|p1b: Aerodactyl|Unnerve\n|turn|4\n|\n|t:|1776730692\n|move|p1b: Aerodactyl|Wide Guard|p1b: Aerodactyl\n|-singleturn|p1b: Aerodactyl|Wide Guard\n|move|p2a: Aerodactyl|Round|p1a: Politoed\n|-damage|p1a: Politoed|71/100\n|move|p2b: Primarina|Round|p1b: Aerodactyl|[from] move: Round\n|-supereffective|p1b: Aerodactyl|1\n|-enditem|p1b: Aerodactyl|Focus Sash\n|-damage|p1b: Aerodactyl|1/100\n|move|p1a: Politoed|Muddy Water|p2b: Primarina|[spread] p2a\n|-miss|p1a: Politoed|p2b: Primarina\n|-supereffective|p2a: Aerodactyl|1\n|-damage|p2a: Aerodactyl|31/100\n|\n|-weather|RainDance|[upkeep]\n|-heal|p2b: Primarina|66/100|[from] item: Leftovers\n|-start|p1a: Politoed|perish0\n|-start|p2b: Primarina|perish0\n|faint|p1a: Politoed\n|faint|p2b: Primarina\n|upkeep\n|\n|t:|1776730710\n|switch|p2b: Garchomp|Garchomp, L50, F|100/100\n|turn|5\n|\n|t:|1776730721\n|move|p2a: Aerodactyl|Round|p1b: Aerodactyl\n|-resisted|p1b: Aerodactyl|1\n|-damage|p1b: Aerodactyl|0 fnt\n|faint|p1b: Aerodactyl\n|\n|win|cammellio\n|raw|petasmash's rating: 1071 &rarr; <strong>1055</strong><br />(-16 for losing)\n|raw|cammellio's rating: 1150 &rarr; <strong>1169</strong><br />(+19 for winning)\n|l|\u2606petasmash\n|player|p1|\n",
  "uploadtime": 1776730748,
  "views": 5,
  "formatid": "gen9championsvgc2026regma",
  "rating": 1055,
  "private": 0,
  "password": null
}