{
  "id": "gen9championsvgc2026regma-2587363343",
  "format": "[Gen 9 Champions] VGC 2026 Reg M-A",
  "players": [
    "Elchivas",
    "disciple of blahaj"
  ],
  "log": "|j|\u2606Elchivas\n|j|\u2606disciple of blahaj\n|t:|1776525512\n|gametype|doubles\n|player|p1|Elchivas|101|1137\n|player|p2|disciple of blahaj|jacinthe|1235\n|gen|9\n|tier|[Gen 9 Champions] VGC 2026 Reg M-A\n|rated|\n|rule|Species Clause: Limit one of each Pok\u00e9mon\n|rule|Item Clause: Limit 1 of each item\n|clearpoke\n|poke|p1|Farigiraf, L50, M|\n|poke|p1|Incineroar, L50, F|\n|poke|p1|Aggron, L50, F|\n|poke|p1|Sinistcha, L50|\n|poke|p1|Pelipper, L50, F|\n|poke|p1|Kingambit, L50, F|\n|poke|p2|Lopunny, L50, F, shiny|\n|poke|p2|Basculegion, L50, M|\n|poke|p2|Klefki, L50, M, shiny|\n|poke|p2|Pelipper, L50, M|\n|poke|p2|Garchomp, L50, F|\n|poke|p2|Aegislash, L50, M|\n|teampreview|4\n|inactive|Battle timer is ON: inactive players will automatically lose when time's up. (requested by disciple of blahaj)\n|\n|t:|1776525549\n|teamsize|p1|4\n|teamsize|p2|4\n|start\n|switch|p1a: Incineroar|Incineroar, L50, F|100/100\n|switch|p1b: Sinistcha|Sinistcha, L50|100/100\n|switch|p2a: Basculegion|Basculegion, L50, M|100/100\n|switch|p2b: Klefki|Klefki, L50, M, shiny|100/100\n|-ability|p1a: Incineroar|Intimidate|boost\n|-unboost|p2a: Basculegion|atk|1\n|-unboost|p2b: Klefki|atk|1\n|turn|1\n|\n|t:|1776525562\n|move|p1a: Incineroar|Fake Out|p2b: Klefki\n|-resisted|p2b: Klefki|1\n|-damage|p2b: Klefki|95/100\n|cant|p2b: Klefki|flinch\n|move|p2a: Basculegion|Flip Turn|p1a: Incineroar\n|-supereffective|p1a: Incineroar|1\n|-damage|p1a: Incineroar|49/100\n|\n|t:|1776525573\n|switch|p2a: Pelipper|Pelipper, L50, M|100/100|[from] Flip Turn\n|-weather|RainDance|[from] ability: Drizzle|[of] p2a: Pelipper\n|move|p1b: Sinistcha|Trick Room|p1b: Sinistcha\n|-fieldstart|move: Trick Room|[of] p1b: Sinistcha\n|\n|-weather|RainDance|[upkeep]\n|upkeep\n|turn|2\n|\n|t:|1776525590\n|move|p1b: Sinistcha|Protect|p1b: Sinistcha\n|-singleturn|p1b: Sinistcha|Protect\n|move|p2b: Klefki|Substitute|p2b: Klefki\n|-start|p2b: Klefki|Substitute\n|-damage|p2b: Klefki|70/100\n|move|p1a: Incineroar|Parting Shot|p2a: Pelipper\n|-unboost|p2a: Pelipper|atk|1\n|-unboost|p2a: Pelipper|spa|1\n|\n|t:|1776525598\n|switch|p1a: Aggron|Aggron, L50, F|100/100|[from] Parting Shot\n|move|p2a: Pelipper|Hurricane|p1b: Sinistcha\n|-activate|p1b: Sinistcha|move: Protect\n|\n|-weather|RainDance|[upkeep]\n|upkeep\n|turn|3\n|\n|t:|1776525615\n|detailschange|p1a: Aggron|Aggron-Mega, L50, F\n|-mega|p1a: Aggron|Aggron|Aggronite\n|move|p2a: Pelipper|Protect|p2a: Pelipper\n|-singleturn|p2a: Pelipper|Protect\n|move|p2b: Klefki|Thunder Wave|p1a: Aggron\n|-status|p1a: Aggron|par\n|move|p1a: Aggron|Heavy Slam|p2b: Klefki\n|-end|p2b: Klefki|Substitute\n|move|p1b: Sinistcha|Matcha Gotcha|p2a: Pelipper|[spread] p2b\n|-activate|p2a: Pelipper|move: Protect\n|-resisted|p2b: Klefki|1\n|-damage|p2b: Klefki|59/100\n|\n|-weather|RainDance|[upkeep]\n|upkeep\n|turn|4\n|inactive|Elchivas has 30 seconds left.\n|inactive|disciple of blahaj has 30 seconds left.\n|\n|t:|1776525647\n|switch|p1b: Pelipper|Pelipper, L50, F|100/100\n|move|p1a: Aggron|Heavy Slam|p2b: Klefki\n|-damage|p2b: Klefki|0 fnt\n|faint|p2b: Klefki\n|move|p2a: Pelipper|Hurricane|p1b: Pelipper\n|-damage|p1b: Pelipper|50/100\n|\n|-weather|RainDance|[upkeep]\n|-heal|p1b: Pelipper|56/100|[from] item: Leftovers\n|upkeep\n|\n|t:|1776525662\n|switch|p2b: Lopunny|Lopunny, L50, F, shiny|100/100\n|turn|5\n|\n|t:|1776525681\n|switch|p2b: Basculegion|Basculegion, L50, M|100/100\n|move|p1a: Aggron|Body Press|p2b: Basculegion\n|-immune|p2b: Basculegion\n|move|p1b: Pelipper|Hurricane|p2b: Basculegion\n|-damage|p2b: Basculegion|38/100\n|-start|p2b: Basculegion|confusion\n|move|p2a: Pelipper|Hurricane|p1b: Pelipper\n|-damage|p1b: Pelipper|7/100\n|\n|-weather|none\n|-heal|p1b: Pelipper|13/100|[from] item: Leftovers\n|-fieldend|move: Trick Room\n|upkeep\n|turn|6\n|\n|t:|1776525704\n|switch|p1b: Incineroar|Incineroar, L50, F|49/100\n|-ability|p1b: Incineroar|Intimidate|boost\n|-unboost|p2a: Pelipper|atk|1\n|-unboost|p2b: Basculegion|atk|1\n|-activate|p2b: Basculegion|confusion\n|move|p2b: Basculegion|Flip Turn|p1b: Incineroar\n|-supereffective|p1b: Incineroar|1\n|-damage|p1b: Incineroar|3/100\n|\n|t:|1776525711\n|switch|p2b: Lopunny|Lopunny, L50, F, shiny|100/100|[from] Flip Turn\n|move|p2a: Pelipper|Muddy Water|p1b: Incineroar|[spread] p1b\n|-miss|p2a: Pelipper|p1a: Aggron\n|-supereffective|p1b: Incineroar|1\n|-damage|p1b: Incineroar|0 fnt\n|faint|p1b: Incineroar\n|move|p1a: Aggron|Heavy Slam|p2b: Lopunny\n|-damage|p2b: Lopunny|19/100\n|\n|upkeep\n|\n|t:|1776525722\n|switch|p1b: Sinistcha|Sinistcha, L50|100/100\n|turn|7\n|\n|t:|1776525735\n|switch|p2a: Basculegion|Basculegion, L50, M|38/100\n|detailschange|p2b: Lopunny|Lopunny-Mega, L50, F, shiny\n|-mega|p2b: Lopunny|Lopunny|Lopunnite\n|move|p2b: Lopunny|Fake Out|p1b: Sinistcha\n|-damage|p1b: Sinistcha|80/100\n|move|p1a: Aggron|Heavy Slam|p2b: Lopunny\n|-damage|p2b: Lopunny|0 fnt\n|faint|p2b: Lopunny\n|cant|p1b: Sinistcha|flinch\n|\n|upkeep\n|\n|t:|1776525746\n|switch|p2b: Pelipper|Pelipper, L50, M|100/100\n|-weather|RainDance|[from] ability: Drizzle|[of] p2b: Pelipper\n|turn|8\n|\n|t:|1776525756\n|move|p2a: Basculegion|Last Respects|p1b: Sinistcha\n|-supereffective|p1b: Sinistcha|1\n|-damage|p1b: Sinistcha|0 fnt\n|faint|p1b: Sinistcha\n|move|p2b: Pelipper|Muddy Water|p1a: Aggron|[miss]\n|-miss|p2b: Pelipper|p1a: Aggron\n|move|p1a: Aggron|Heavy Slam|p2b: Pelipper\n|-resisted|p2b: Pelipper|1\n|-damage|p2b: Pelipper|71/100\n|\n|-weather|RainDance|[upkeep]\n|upkeep\n|\n|t:|1776525759\n|switch|p1b: Pelipper|Pelipper, L50, F|13/100\n|turn|9\n|\n|t:|1776525774\n|move|p1b: Pelipper|Protect|p1b: Pelipper\n|-singleturn|p1b: Pelipper|Protect\n|move|p2a: Basculegion|Last Respects|p1b: Pelipper\n|-activate|p1b: Pelipper|move: Protect\n|move|p2b: Pelipper|Muddy Water|p1b: Pelipper|[spread] p1a\n|-activate|p1b: Pelipper|move: Protect\n|-damage|p1a: Aggron|49/100 par\n|-unboost|p1a: Aggron|accuracy|1\n|move|p1a: Aggron|Heavy Slam|p2a: Basculegion\n|-resisted|p2a: Basculegion|1\n|-damage|p2a: Basculegion|15/100\n|\n|-weather|RainDance|[upkeep]\n|-heal|p1b: Pelipper|19/100|[from] item: Leftovers\n|upkeep\n|turn|10\n|-message|Elchivas forfeited.\n|\n|win|disciple of blahaj\n|raw|Elchivas's rating: 1137 &rarr; <strong>1119</strong><br />(-18 for losing)\n|raw|disciple of blahaj's rating: 1235 &rarr; <strong>1253</strong><br />(+18 for winning)\n|l|\u2606Elchivas\n|player|p1|\n",
  "uploadtime": 1776525794,
  "views": 11,
  "formatid": "gen9championsvgc2026regma",
  "rating": 1119,
  "private": 0,
  "password": null
}