{
  "id": "gen9championsvgc2026regma-2586495261",
  "format": "[Gen 9 Champions] VGC 2026 Reg M-A",
  "players": [
    "Snowykyte",
    "647w"
  ],
  "log": "|j|\u2606Snowykyte\n|j|\u2606647w\n|t:|1776438624\n|gametype|doubles\n|player|p1|Snowykyte|youngster-gen4dp|1127\n|player|p2|647w|lucas-gen4pt|1197\n|gen|9\n|tier|[Gen 9 Champions] VGC 2026 Reg M-A\n|rated|\n|rule|Species Clause: Limit one of each Pok\u00e9mon\n|rule|Item Clause: Limit 1 of each item\n|clearpoke\n|poke|p1|Gardevoir, L50, M|\n|poke|p1|Zoroark-Hisui, L50, F|\n|poke|p1|Excadrill, L50, F|\n|poke|p1|Hydreigon, L50, F|\n|poke|p1|Orthworm, L50, F|\n|poke|p1|Gyarados, L50, F|\n|poke|p2|Snorlax, L50, M|\n|poke|p2|Chimecho, L50, F|\n|poke|p2|Sinistcha, L50|\n|poke|p2|Rotom-Wash, L50|\n|poke|p2|Delphox, L50, F|\n|poke|p2|Hydreigon, L50, F|\n|teampreview|4\n647w has agreed to open team sheets.\n|inactive|Battle timer is ON: inactive players will automatically lose when time's up. (requested by Snowykyte)\n|\n|t:|1776438662\n|teamsize|p1|4\n|teamsize|p2|4\n|start\n|switch|p1a: Hydreigon|Hydreigon, L50, F|100/100\n|switch|p1b: Gardevoir|Gardevoir, L50, M|100/100\n|switch|p2a: Delphox|Delphox, L50, F|100/100\n|switch|p2b: Hydreigon|Hydreigon, L50, F|100/100\n|turn|1\n|\n|t:|1776438674\n|detailschange|p2a: Delphox|Delphox-Mega, L50, F\n|-mega|p2a: Delphox|Delphox|Delphoxite\n|move|p1a: Hydreigon|Icy Wind|p2a: Delphox|[spread] p2a,p2b\n|-resisted|p2a: Delphox|1\n|-supereffective|p2b: Hydreigon|1\n|-damage|p2a: Delphox|93/100\n|-damage|p2b: Hydreigon|67/100\n|-unboost|p2a: Delphox|spe|1\n|-unboost|p2b: Hydreigon|spe|1\n|move|p2a: Delphox|Heat Wave|p1a: Hydreigon|[spread] p1a,p1b\n|-damage|p1a: Hydreigon|7/100\n|-damage|p1b: Gardevoir|58/100\n|replace|p1a: Zoroark|Zoroark-Hisui, L50, F\n|-end|p1a: Zoroark|Illusion\n|move|p1b: Gardevoir|Hyper Voice|p2b: Hydreigon|[spread] p2a,p2b\n|-damage|p2a: Delphox|69/100\n|-damage|p2b: Hydreigon|40/100\n|move|p2b: Hydreigon|Dark Pulse|p1b: Gardevoir\n|-damage|p1b: Gardevoir|15/100\n|\n|upkeep\n|turn|2\n|\n|t:|1776438693\n|switch|p2b: Snorlax|Snorlax, L50, M|100/100\n|detailschange|p1b: Gardevoir|Gardevoir-Mega, L50, M\n|-mega|p1b: Gardevoir|Gardevoir|Gardevoirite\n|move|p1a: Zoroark|Icy Wind|p2b: Snorlax|[spread] p2a,p2b\n|-resisted|p2a: Delphox|1\n|-damage|p2a: Delphox|61/100\n|-damage|p2b: Snorlax|95/100\n|-unboost|p2a: Delphox|spe|1\n|-unboost|p2b: Snorlax|spe|1\n|move|p1b: Gardevoir|Hyper Voice|p2a: Delphox|[spread] p2a,p2b\n|-resisted|p2a: Delphox|1\n|-damage|p2a: Delphox|36/100\n|-damage|p2b: Snorlax|59/100\n|move|p2a: Delphox|Heat Wave|p1b: Gardevoir|[spread] p1a,p1b\n|-damage|p1a: Zoroark|0 fnt\n|-damage|p1b: Gardevoir|0 fnt\n|faint|p1a: Zoroark\n|faint|p1b: Gardevoir\n|\n|upkeep\n|\n|t:|1776438708\n|switch|p1a: Gyarados|Gyarados, L50, F|100/100\n|switch|p1b: Hydreigon|Hydreigon, L50, F|100/100\n|-ability|p1a: Gyarados|Intimidate|boost\n|-unboost|p2a: Delphox|atk|1\n|-unboost|p2b: Snorlax|atk|1\n|turn|3\n|\n|t:|1776438717\n|switch|p2a: Rotom|Rotom-Wash, L50|100/100\n|move|p1b: Hydreigon|Tailwind|p1b: Hydreigon\n|-sidestart|p1: Snowykyte|move: Tailwind\n|move|p1a: Gyarados|Waterfall|p2a: Rotom\n|-resisted|p2a: Rotom|1\n|-damage|p2a: Rotom|81/100\n|move|p2b: Snorlax|Body Slam|p1b: Hydreigon\n|-damage|p1b: Hydreigon|69/100\n|\n|-heal|p2a: Rotom|87/100|[from] item: Leftovers\n|upkeep\n|turn|4\n|\n|t:|1776438735\n|move|p2a: Rotom|Protect|p2a: Rotom\n|-singleturn|p2a: Rotom|Protect\n|move|p1b: Hydreigon|Dark Pulse|p2a: Rotom\n|-activate|p2a: Rotom|move: Protect\n|move|p1a: Gyarados|Waterfall|p2a: Rotom\n|-activate|p2a: Rotom|move: Protect\n|move|p2b: Snorlax|Body Slam|p1b: Hydreigon\n|-damage|p1b: Hydreigon|35/100\n|\n|-heal|p2a: Rotom|93/100|[from] item: Leftovers\n|upkeep\n|turn|5\n|-message|Snowykyte forfeited.\n|\n|win|647w\n|raw|Snowykyte's rating: 1127 &rarr; <strong>1107</strong><br />(-20 for losing)\n|raw|647w's rating: 1197 &rarr; <strong>1217</strong><br />(+20 for winning)\n|l|\u2606Snowykyte\n|player|p1|\n",
  "uploadtime": 1776438749,
  "views": 24,
  "formatid": "gen9championsvgc2026regma",
  "rating": 1107,
  "private": 0,
  "password": null
}