{
  "id": "gen9championsvgc2026regma-2582286075",
  "format": "[Gen 9 Champions] VGC 2026 Reg M-A",
  "players": [
    "kingbriddz",
    "decdog53"
  ],
  "log": "|j|\u2606kingbriddz\n|j|\u2606decdog53\n|t:|1776079873\n|gametype|doubles\n|player|p1|kingbriddz|2|1075\n|player|p2|decdog53|2|1148\n|gen|9\n|tier|[Gen 9 Champions] VGC 2026 Reg M-A\n|rated|\n|rule|Species Clause: Limit one of each Pok\u00e9mon\n|rule|Item Clause: Limit 1 of each item\n|clearpoke\n|poke|p1|Hawlucha, L50, M|\n|poke|p1|Snorlax, L50, F|\n|poke|p1|Sinistcha-Masterpiece, L50|\n|poke|p1|Rotom-Wash, L50|\n|poke|p1|Incineroar, L50, F|\n|poke|p1|Aerodactyl, L50, M|\n|poke|p2|Garchomp, L50, M|\n|poke|p2|Pelipper, L50, F|\n|poke|p2|Floette-Eternal, L50, F|\n|poke|p2|Archaludon, L50, M|\n|poke|p2|Incineroar, L50, F|\n|poke|p2|Sneasler, L50, F|\n|teampreview|4\n|\n|t:|1776079920\n|teamsize|p1|4\n|teamsize|p2|4\n|start\n|switch|p1a: Hawlucha|Hawlucha, L50, M|100/100\n|switch|p1b: Snorlax|Snorlax, L50, F, shiny|100/100\n|switch|p2a: Sneasler|Sneasler, L50, F|100/100\n|switch|p2b: Pelipper|Pelipper, L50, F|100/100\n|-weather|RainDance|[from] ability: Drizzle|[of] p2b: Pelipper\n|-ability|p1a: Hawlucha|Mold Breaker\n|turn|1\n|\n|t:|1776079940\n|detailschange|p1a: Hawlucha|Hawlucha-Mega, L50, M\n|-mega|p1a: Hawlucha|Hawlucha|Hawluchanite\n|move|p1a: Hawlucha|Protect|p1a: Hawlucha\n|-singleturn|p1a: Hawlucha|Protect\n|move|p1b: Snorlax|Protect|p1b: Snorlax\n|-singleturn|p1b: Snorlax|Protect\n|move|p2b: Pelipper|Icy Wind|p1a: Hawlucha|[spread] \n|-activate|p1a: Hawlucha|move: Protect\n|-activate|p1b: Snorlax|move: Protect\n|move|p2a: Sneasler|Close Combat|p1b: Snorlax\n|-activate|p1b: Snorlax|move: Protect\n|\n|-weather|RainDance|[upkeep]\n|upkeep\n|turn|2\n|\n|t:|1776079965\n|move|p2b: Pelipper|Icy Wind|p1a: Hawlucha|[spread] p1a,p1b\n|-supereffective|p1a: Hawlucha|1\n|-damage|p1a: Hawlucha|81/100\n|-damage|p1b: Snorlax|97/100\n|-unboost|p1a: Hawlucha|spe|1\n|-unboost|p1b: Snorlax|spe|1\n|move|p2a: Sneasler|Dire Claw|p1b: Snorlax\n|-damage|p1b: Snorlax|70/100\n|move|p1a: Hawlucha|Entrainment|p1b: Snorlax\n|-ability|p1b: Snorlax|No Guard|Thick Fat|[from] move: Entrainment|[of] p1a: Hawlucha\n|move|p1b: Snorlax|Fissure|p2a: Sneasler\n|-enditem|p2a: Sneasler|Focus Sash\n|-damage|p2a: Sneasler|1/100\n|\n|-weather|RainDance|[upkeep]\n|-heal|p1b: Snorlax|76/100|[from] item: Leftovers\n|upkeep\n|turn|3\n|inactive|Battle timer is ON: inactive players will automatically lose when time's up. (requested by kingbriddz)\n|\n|t:|1776080000\n|switch|p2b: Incineroar|Incineroar, L50, F|100/100\n|-ability|p2b: Incineroar|Intimidate|boost\n|-unboost|p1a: Hawlucha|atk|1\n|-unboost|p1b: Snorlax|atk|1\n|switch|p1a: Incineroar|Incineroar, L50, F|100/100\n|-ability|p1a: Incineroar|Intimidate|boost\n|-unboost|p2a: Sneasler|atk|1\n|-unboost|p2b: Incineroar|atk|1\n|move|p1b: Snorlax|Protect|p1b: Snorlax\n|-singleturn|p1b: Snorlax|Protect\n|move|p2a: Sneasler|Close Combat|p1b: Snorlax\n|-activate|p1b: Snorlax|move: Protect\n|\n|-weather|RainDance|[upkeep]\n|-heal|p1b: Snorlax|82/100|[from] item: Leftovers\n|upkeep\n|turn|4\n|\n|t:|1776080023\n|move|p2b: Incineroar|Fake Out|p1a: Incineroar\n|-damage|p1a: Incineroar|92/100\n|cant|p1a: Incineroar|flinch\n|move|p2a: Sneasler|Close Combat|p1b: Snorlax\n|-supereffective|p1b: Snorlax|1\n|-damage|p1b: Snorlax|31/100\n|-unboost|p2a: Sneasler|def|1\n|-unboost|p2a: Sneasler|spd|1\n|move|p1b: Snorlax|Fissure|p2b: Incineroar\n|-damage|p2b: Incineroar|0 fnt\n|faint|p2b: Incineroar\n|-ohko\n|\n|-weather|RainDance|[upkeep]\n|-heal|p1b: Snorlax|37/100|[from] item: Leftovers\n|upkeep\n|\n|t:|1776080039\n|switch|p2b: Pelipper|Pelipper, L50, F|100/100\n|turn|5\n|\n|t:|1776080060\n|switch|p1a: Hawlucha|Hawlucha-Mega, L50, M|81/100\n|move|p1b: Snorlax|Protect|p1b: Snorlax\n|-singleturn|p1b: Snorlax|Protect\n|move|p2b: Pelipper|Hurricane|p1a: Hawlucha\n|-supereffective|p1a: Hawlucha|1\n|-crit|p1a: Hawlucha\n|-damage|p1a: Hawlucha|0 fnt\n|faint|p1a: Hawlucha\n|move|p2a: Sneasler|Close Combat|p1b: Snorlax\n|-activate|p1b: Snorlax|move: Protect\n|\n|-weather|none\n|-heal|p1b: Snorlax|43/100|[from] item: Leftovers\n|upkeep\n|\n|t:|1776080076\n|switch|p1a: Incineroar|Incineroar, L50, F|92/100\n|-ability|p1a: Incineroar|Intimidate|boost\n|-unboost|p2a: Sneasler|atk|1\n|-unboost|p2b: Pelipper|atk|1\n|turn|6\n|\n|t:|1776080095\n|switch|p2a: Floette|Floette-Eternal, L50, F|100/100\n|move|p1a: Incineroar|Fake Out|p2a: Floette\n|-damage|p2a: Floette|88/100\n|move|p2b: Pelipper|Hurricane|p1a: Incineroar|[miss]\n|-miss|p2b: Pelipper|p1a: Incineroar\n|move|p1b: Snorlax|Fissure|p2a: Floette\n|-damage|p2a: Floette|0 fnt\n|faint|p2a: Floette\n|-ohko\n|\n|-heal|p1b: Snorlax|49/100|[from] item: Leftovers\n|upkeep\n|\n|t:|1776080104\n|switch|p2a: Sneasler|Sneasler, L50, F|1/100\n|turn|7\n|\n|t:|1776080119\n|switch|p1a: Rotom|Rotom-Wash, L50|100/100\n|move|p1b: Snorlax|Protect|p1b: Snorlax\n|-singleturn|p1b: Snorlax|Protect\n|move|p2b: Pelipper|Hurricane|p1a: Rotom|[miss]\n|-miss|p2b: Pelipper|p1a: Rotom\n|move|p2a: Sneasler|Close Combat|p1a: Rotom\n|-damage|p1a: Rotom|33/100\n|-unboost|p2a: Sneasler|def|1\n|-unboost|p2a: Sneasler|spd|1\n|-status|p1a: Rotom|psn|[from] ability: Poison Touch|[of] p2a: Sneasler\n|\n|-heal|p1b: Snorlax|55/100|[from] item: Leftovers\n|-damage|p1a: Rotom|21/100 psn|[from] psn\n|upkeep\n|turn|8\n|inactive|kingbriddz has 30 seconds left.\n|inactive|kingbriddz has 20 seconds left.\n|\n|t:|1776080157\n|move|p2b: Pelipper|Hurricane|p1b: Snorlax\n|-damage|p1b: Snorlax|34/100\n|move|p2a: Sneasler|Close Combat|p1b: Snorlax\n|-supereffective|p1b: Snorlax|1\n|-damage|p1b: Snorlax|0 fnt\n|-unboost|p2a: Sneasler|def|1\n|-unboost|p2a: Sneasler|spd|1\n|faint|p1b: Snorlax\n|move|p1a: Rotom|Thunderbolt|p2b: Pelipper\n|-supereffective|p2b: Pelipper|2\n|-damage|p2b: Pelipper|0 fnt\n|faint|p2b: Pelipper\n|\n|-damage|p1a: Rotom|9/100 psn|[from] psn\n|upkeep\n|\n|t:|1776080172\n|switch|p1b: Incineroar|Incineroar, L50, F|92/100\n|-ability|p1b: Incineroar|Intimidate|boost\n|-unboost|p2a: Sneasler|atk|1\n|turn|9\n|\n|t:|1776080180\n|move|p1b: Incineroar|Fake Out|p2a: Sneasler\n|-damage|p2a: Sneasler|0 fnt\n|faint|p2a: Sneasler\n|\n|win|kingbriddz\n|raw|kingbriddz's rating: 1075 &rarr; <strong>1110</strong><br />(+35 for winning)\n|raw|decdog53's rating: 1148 &rarr; <strong>1118</strong><br />(-30 for losing)\n|c|\u2606kingbriddz|Gg\n|l|\u2606decdog53\n|player|p2|\n",
  "uploadtime": 1776080190,
  "views": 14,
  "formatid": "gen9championsvgc2026regma",
  "rating": 1110,
  "private": 0,
  "password": null
}