{
  "id": "gen9championsvgc2026regma-2583605542",
  "format": "[Gen 9 Champions] VGC 2026 Reg M-A",
  "players": [
    "blazikenrox",
    "Blancoo"
  ],
  "log": "|j|\u2606blazikenrox\n|j|\u2606Blancoo\n|t:|1776186098\n|gametype|doubles\n|player|p1|blazikenrox|lisia|1383\n|player|p2|Blancoo|170|1342\n|gen|9\n|tier|[Gen 9 Champions] VGC 2026 Reg M-A\n|rated|\n|rule|Species Clause: Limit one of each Pok\u00e9mon\n|rule|Item Clause: Limit 1 of each item\n|clearpoke\n|poke|p1|Starmie, L50|\n|poke|p1|Sneasler, L50, M|\n|poke|p1|Kingambit, L50, M|\n|poke|p1|Sinistcha, L50|\n|poke|p1|Pelipper, L50, F|\n|poke|p1|Basculegion, L50, M|\n|poke|p2|Pelipper, L50, F|\n|poke|p2|Archaludon, L50, F|\n|poke|p2|Basculegion, L50, M|\n|poke|p2|Dragonite, L50, M|\n|poke|p2|Sinistcha, L50|\n|poke|p2|Sneasler, L50, M|\n|teampreview|4\n|inactive|Battle timer is ON: inactive players will automatically lose when time's up. (requested by blazikenrox)\n|\n|t:|1776186145\n|teamsize|p1|4\n|teamsize|p2|4\n|start\n|switch|p1a: Sneasler|Sneasler, L50, M|100/100\n|switch|p1b: Starmie|Starmie, L50|100/100\n|switch|p2a: Archaludon|Archaludon, L50, F|100/100\n|switch|p2b: Basculegion|Basculegion, L50, M|100/100\n|turn|1\n|inactive|blazikenrox has 30 seconds left.\n|inactive|Blancoo has 30 seconds left.\n|inactive|Blancoo has 20 seconds left.\n|\n|t:|1776186193\n|switch|p2a: Pelipper|Pelipper, L50, F|100/100\n|-weather|RainDance|[from] ability: Drizzle|[of] p2a: Pelipper\n|detailschange|p1b: Starmie|Starmie-Mega, L50\n|-mega|p1b: Starmie|Starmie|Starminite\n|move|p1a: Sneasler|Fake Out|p2a: Pelipper\n|-damage|p2a: Pelipper|86/100\n|move|p2b: Basculegion|Flip Turn|p1a: Sneasler\n|-damage|p1a: Sneasler|6/100\n|\n|t:|1776186205\n|switch|p2b: Sneasler|Sneasler, L50, M|100/100|[from] Flip Turn\n|move|p1b: Starmie|Psycho Cut|p2b: Sneasler\n|-supereffective|p2b: Sneasler|2\n|-damage|p2b: Sneasler|0 fnt\n|faint|p2b: Sneasler\n|\n|-weather|RainDance|[upkeep]\n|upkeep\n|\n|t:|1776186210\n|switch|p2b: Basculegion|Basculegion, L50, M|100/100\n|turn|2\n|\n|t:|1776186235\n|move|p2b: Basculegion|Flip Turn|p1b: Starmie\n|-resisted|p1b: Starmie|1\n|-damage|p1b: Starmie|69/100\n|\n|t:|1776186238\n|switch|p2b: Archaludon|Archaludon, L50, F|100/100|[from] Flip Turn\n|move|p1a: Sneasler|Coaching|p1b: Starmie\n|-boost|p1b: Starmie|atk|1\n|-boost|p1b: Starmie|def|1\n|move|p1b: Starmie|Psycho Cut|p2a: Pelipper\n|-damage|p2a: Pelipper|0 fnt\n|faint|p2a: Pelipper\n|\n|-weather|RainDance|[upkeep]\n|upkeep\n|\n|t:|1776186243\n|switch|p2a: Basculegion|Basculegion, L50, M|100/100\n|turn|3\n|\n|t:|1776186261\n|switch|p1a: Kingambit|Kingambit, L50, M|100/100\n|move|p1b: Starmie|Protect|p1b: Starmie\n|-singleturn|p1b: Starmie|Protect\n|move|p2a: Basculegion|Last Respects|p1b: Starmie\n|-activate|p1b: Starmie|move: Protect\n|move|p2b: Archaludon|Electro Shot||[still]\n|-prepare|p2b: Archaludon|Electro Shot\n|-boost|p2b: Archaludon|spa|1\n|-anim|p2b: Archaludon|Electro Shot|p1a: Kingambit\n|-damage|p1a: Kingambit|37/100\n|\n|-weather|RainDance|[upkeep]\n|upkeep\n|turn|4\n|inactive|Blancoo has 30 seconds left.\n|inactive|Blancoo has 20 seconds left.\n|inactive|Blancoo has 15 seconds left.\n|inactive|Blancoo has 10 seconds left.\n|\n|t:|1776186309\n|move|p2a: Basculegion|Aqua Jet|p2b: Archaludon\n|-resisted|p2b: Archaludon|1\n|-damage|p2b: Archaludon|88/100\n|-ability|p2b: Archaludon|Stamina|boost\n|-boost|p2b: Archaludon|def|1\n|move|p1a: Kingambit|Sucker Punch||[still]\n|-fail|p1a: Kingambit\n|move|p1b: Starmie|Waterfall|p2b: Archaludon\n|-resisted|p2b: Archaludon|1\n|-damage|p2b: Archaludon|48/100\n|-ability|p2b: Archaludon|Stamina|boost\n|-boost|p2b: Archaludon|def|1\n|move|p2b: Archaludon|Electro Shot||[still]\n|-prepare|p2b: Archaludon|Electro Shot\n|-boost|p2b: Archaludon|spa|1\n|-anim|p2b: Archaludon|Electro Shot|p1a: Kingambit\n|-damage|p1a: Kingambit|0 fnt\n|faint|p1a: Kingambit\n|\n|-weather|RainDance|[upkeep]\n|-heal|p2b: Archaludon|54/100|[from] item: Leftovers\n|upkeep\n|inactive|blazikenrox has 30 seconds left.\n|\n|t:|1776186337\n|switch|p1a: Basculegion|Basculegion, L50, M|100/100\n|turn|5\n|\n|t:|1776186347\n|move|p2a: Basculegion|Last Respects|p1b: Starmie\n|-supereffective|p1b: Starmie|1\n|-damage|p1b: Starmie|0 fnt\n|faint|p1b: Starmie\n|move|p1a: Basculegion|Last Respects|p2a: Basculegion\n|-supereffective|p2a: Basculegion|1\n|-damage|p2a: Basculegion|0 fnt\n|faint|p2a: Basculegion\n|move|p2b: Archaludon|Electro Shot||[still]\n|-prepare|p2b: Archaludon|Electro Shot\n|-boost|p2b: Archaludon|spa|1\n|-anim|p2b: Archaludon|Electro Shot|p1a: Basculegion\n|-supereffective|p1a: Basculegion|1\n|-damage|p1a: Basculegion|0 fnt\n|faint|p1a: Basculegion\n|\n|-weather|none\n|-heal|p2b: Archaludon|60/100|[from] item: Leftovers\n|upkeep\n|\n|t:|1776186356\n|switch|p1b: Sneasler|Sneasler, L50, M|6/100\n|turn|6\n|\n|t:|1776186364\n|move|p2b: Archaludon|Protect|p2b: Archaludon\n|-singleturn|p2b: Archaludon|Protect\n|move|p1b: Sneasler|Close Combat|p2b: Archaludon\n|-activate|p2b: Archaludon|move: Protect\n|\n|-heal|p2b: Archaludon|66/100|[from] item: Leftovers\n|upkeep\n|turn|7\n|c|\u2606Blancoo|gg\n|\n|t:|1776186383\n|move|p1b: Sneasler|Close Combat|p2b: Archaludon\n|-supereffective|p2b: Archaludon|1\n|-damage|p2b: Archaludon|23/100\n|-unboost|p1b: Sneasler|def|1\n|-unboost|p1b: Sneasler|spd|1\n|-ability|p2b: Archaludon|Stamina|boost\n|-boost|p2b: Archaludon|def|1\n|move|p2b: Archaludon|Flash Cannon|p1b: Sneasler\n|-damage|p1b: Sneasler|0 fnt\n|faint|p1b: Sneasler\n|\n|win|Blancoo\n|raw|blazikenrox's rating: 1342 &rarr; <strong>1322</strong><br />(-20 for losing)\n|raw|Blancoo's rating: 1342 &rarr; <strong>1362</strong><br />(+20 for winning)\n|l|\u2606blazikenrox\n|player|p1|\n|c|\u2606Blancoo|was psych\n|c|\u2606Blancoo|my own aqua jet\n",
  "uploadtime": 1776186517,
  "views": 60,
  "formatid": "gen9championsvgc2026regma",
  "rating": 1322,
  "private": 0,
  "password": null
}