{
  "id": "gen9championsvgc2026regma-2582511490",
  "format": "[Gen 9 Champions] VGC 2026 Reg M-A",
  "players": [
    "Choppy_26",
    "torkoaltorkoal"
  ],
  "log": "|j|\u2606Choppy_26\n|j|\u2606torkoaltorkoal\n|t:|1776096373\n|gametype|doubles\n|player|p1|Choppy_26|2|\n|player|p2|torkoaltorkoal|170|\n|gen|9\n|tier|[Gen 9 Champions] VGC 2026 Reg M-A\n|rule|Species Clause: Limit one of each Pok\u00e9mon\n|rule|Item Clause: Limit 1 of each item\n|clearpoke\n|poke|p1|Meganium, L50, M|\n|poke|p1|Incineroar, L50, M|\n|poke|p1|Sableye, L50, M|\n|poke|p1|Palafin, L50, F|\n|poke|p1|Dragonite, L50, M|\n|poke|p1|Sneasler, L50, F|\n|poke|p2|Espathra, L50, F|\n|poke|p2|Liepard, L50, M|\n|poke|p2|Floette-Eternal, L50, F|\n|poke|p2|Feraligatr, L50, M|\n|poke|p2|Sinistcha, L50|\n|poke|p2|Aegislash, L50, M|\n|teampreview|4\n|inactive|Battle timer is ON: inactive players will automatically lose when time's up. (requested by torkoaltorkoal)\ntorkoaltorkoal rejected open team sheets.\n|inactive|Choppy_26 has 60 seconds left.\n|\n|t:|1776096424\n|teamsize|p1|4\n|teamsize|p2|4\n|start\n|switch|p1a: Maki|Palafin, L50, F|100/100\n|switch|p1b: Sukuna|Incineroar, L50, M|100/100\n|switch|p2a: Liepard|Liepard, L50, M|100/100\n|switch|p2b: Floette|Floette-Eternal, L50, F|100/100\n|-ability|p1b: Sukuna|Intimidate|boost\n|-unboost|p2a: Liepard|atk|1\n|-unboost|p2b: Floette|atk|1\n|turn|1\n|inactive|Choppy_26 has 30 seconds left.\n|inactive|torkoaltorkoal has 30 seconds left.\n|inactive|torkoaltorkoal has 20 seconds left.\n|\n|t:|1776096460\n|move|p2a: Liepard|Fake Out|p1b: Sukuna\n|-damage|p1b: Sukuna|96/100\n|cant|p1b: Sukuna|flinch\n|move|p1a: Maki|Flip Turn|p2b: Floette\n|-damage|p2b: Floette|77/100\n|\n|t:|1776096467\n|detailschange|p1a: Maki|Palafin-Hero, L50, F\n|switch|p1a: Toji|Sneasler, L50, F|100/100|[from] Flip Turn\n|move|p2b: Floette|Calm Mind|p2b: Floette\n|-boost|p2b: Floette|spa|1\n|-boost|p2b: Floette|spd|1\n|\n|upkeep\n|turn|2\n|\n|t:|1776096490\n|switch|p2a: Espathra|Espathra, L50, F|100/100\n|move|p1a: Toji|Protect|p1a: Toji\n|-singleturn|p1a: Toji|Protect\n|move|p2b: Floette|Protect|p2b: Floette\n|-singleturn|p2b: Floette|Protect\n|move|p1b: Sukuna|Snarl|p2a: Espathra|[spread] p2a\n|-activate|p2b: Floette|move: Protect\n|-supereffective|p2a: Espathra|1\n|-damage|p2a: Espathra|66/100\n|-unboost|p2a: Espathra|spa|1\n|\n|upkeep\n|turn|3\n|inactive|Choppy_26 has 30 seconds left.\n|inactive|torkoaltorkoal has 30 seconds left.\n|inactive|Choppy_26 has 20 seconds left.\n|inactive|torkoaltorkoal has 20 seconds left.\n|inactive|torkoaltorkoal has 15 seconds left.\n|\n|t:|1776096532\n|detailschange|p2b: Floette|Floette-Mega, L50, F\n|-mega|p2b: Floette|Floette|Floettite\n|-ability|p2b: Floette|Fairy Aura\n|move|p1a: Toji|Dire Claw|p2a: Espathra\n|-damage|p2a: Espathra|0 fnt\n|faint|p2a: Espathra\n|move|p2b: Floette|Dazzling Gleam|p1b: Sukuna|[spread] p1a,p1b\n|-damage|p1a: Toji|13/100\n|-damage|p1b: Sukuna|47/100\n|move|p1b: Sukuna|Flare Blitz|p2b: Floette\n|-damage|p2b: Floette|32/100\n|-damage|p1b: Sukuna|33/100|[from] Recoil\n|\n|upkeep\n|c|\u2606torkoaltorkoal|nmo i forgot i hadnt speed boosted yet\n|\n|t:|1776096557\n|switch|p2a: Liepard|Liepard, L50, M|100/100\n|turn|4\n|\n|t:|1776096570\n|move|p1a: Toji|Protect|p1a: Toji\n|-singleturn|p1a: Toji|Protect\n|move|p2a: Liepard|Fake Out|p1a: Toji\n|-activate|p1a: Toji|move: Protect\n|move|p2b: Floette|Dazzling Gleam|p1b: Sukuna|[spread] p1b\n|-activate|p1a: Toji|move: Protect\n|-damage|p1b: Sukuna|0 fnt\n|faint|p1b: Sukuna\n|\n|upkeep\n|\n|t:|1776096580\n|switch|p1b: Maki|Palafin-Hero, L50, F|100/100\n|-activate|p1b: Maki|ability: Zero to Hero\n|turn|5\n|\n|t:|1776096589\n|move|p1b: Maki|Jet Punch|p2b: Floette\n|-damage|p2b: Floette|0 fnt\n|faint|p2b: Floette\n|move|p2a: Liepard|Encore|p1a: Toji\n|-start|p1a: Toji|Encore\n|move|p1a: Toji|Protect||[still]\n|-fail|p1a: Toji\n|\n|upkeep\n|\n|t:|1776096596\n|switch|p2b: Aegislash|Aegislash, L50, M|100/100\n|turn|6\n|\n|t:|1776096609\n|move|p1a: Toji|Protect|p1a: Toji\n|-singleturn|p1a: Toji|Protect\n|move|p2a: Liepard|Fake Tears|p1b: Maki\n|-unboost|p1b: Maki|spd|2\n|move|p1b: Maki|Drain Punch|p2a: Liepard\n|-supereffective|p2a: Liepard|1\n|-damage|p2a: Liepard|0 fnt\n|faint|p2a: Liepard\n|move|p2b: Aegislash|Substitute|p2b: Aegislash\n|-start|p2b: Aegislash|Substitute\n|-damage|p2b: Aegislash|76/100\n|\n|-heal|p2b: Aegislash|82/100|[from] item: Leftovers\n|upkeep\n|turn|7\n|inactive|torkoaltorkoal has 30 seconds left.\n|\n|t:|1776096635\n|move|p1a: Toji|Protect||[still]\n|-fail|p1a: Toji\n|move|p2b: Aegislash|King's Shield|p2b: Aegislash\n|-singleturn|p2b: Aegislash|Protect\n|move|p1b: Maki|Jet Punch|p2b: Aegislash\n|-activate|p2b: Aegislash|move: Protect\n|-unboost|p1b: Maki|atk|1\n|\n|-heal|p2b: Aegislash|88/100|[from] item: Leftovers\n|-end|p1a: Toji|Encore\n|upkeep\n|turn|8\n|\n|t:|1776096657\n|move|p1a: Toji|Protect|p1a: Toji\n|-singleturn|p1a: Toji|Protect\n|move|p1b: Maki|Jet Punch|p2b: Aegislash\n|-activate|p2b: Aegislash|move: Substitute|[damage]\n|-formechange|p2b: Aegislash|Aegislash-Blade|\n|move|p2b: Aegislash|Shadow Ball|p1b: Maki\n|-damage|p1b: Maki|0 fnt\n|faint|p1b: Maki\n|\n|-heal|p2b: Aegislash|94/100|[from] item: Leftovers\n|upkeep\n|\n|t:|1776096667\n|switch|p1b: Gojo|Meganium, L50, M|100/100\n|turn|9\n|\n|t:|1776096677\n|detailschange|p1b: Gojo|Meganium-Mega, L50, M\n|-mega|p1b: Gojo|Meganium|Meganiumite\n|move|p1a: Toji|Protect|p1a: Toji\n|-singleturn|p1a: Toji|Protect\n|-formechange|p2b: Aegislash|Aegislash|\n|move|p2b: Aegislash|King's Shield|p2b: Aegislash\n|-singleturn|p2b: Aegislash|Protect\n|move|p1b: Gojo|Weather Ball|p2b: Aegislash\n|-activate|p2b: Aegislash|move: Protect\n|\n|-heal|p2b: Aegislash|99/100|[from] item: Leftovers\n|upkeep\n|turn|10\n|c|\u2606torkoaltorkoal|gg\n|c|\u2606Choppy_26|gg\n|inactive|Choppy_26 has 30 seconds left.\n|\n|t:|1776096703\n|move|p1a: Toji|Close Combat|p2b: Aegislash\n|-immune|p2b: Aegislash\n|move|p1b: Gojo|Weather Ball|p2b: Aegislash\n|-supereffective|p2b: Aegislash|1\n|-end|p2b: Aegislash|Substitute\n|-formechange|p2b: Aegislash|Aegislash-Blade|\n|move|p2b: Aegislash|Flash Cannon|p1b: Gojo\n|-supereffective|p1b: Gojo|1\n|-damage|p1b: Gojo|8/100\n|\n|-heal|p2b: Aegislash|100/100|[from] item: Leftovers\n|upkeep\n|turn|11\n|\n|t:|1776096720\n|-formechange|p2b: Aegislash|Aegislash|\n|move|p2b: Aegislash|King's Shield|p2b: Aegislash\n|-singleturn|p2b: Aegislash|Protect\n|move|p1a: Toji|Dire Claw|p2b: Aegislash\n|-activate|p2b: Aegislash|move: Protect\n|-unboost|p1a: Toji|atk|1\n|-enditem|p1a: Toji|White Herb\n|-clearnegativeboost|p1a: Toji|[silent]\n|move|p1b: Gojo|Weather Ball|p2b: Aegislash\n|-activate|p2b: Aegislash|move: Protect\n|\n|upkeep\n|turn|12\n|\n|t:|1776096736\n|move|p1a: Toji|Close Combat|p2b: Aegislash\n|-immune|p2b: Aegislash\n|move|p1b: Gojo|Weather Ball|p2b: Aegislash\n|-supereffective|p2b: Aegislash|1\n|-damage|p2b: Aegislash|9/100\n|-formechange|p2b: Aegislash|Aegislash-Blade|\n|move|p2b: Aegislash|Flash Cannon|p1b: Gojo\n|-supereffective|p1b: Gojo|1\n|-damage|p1b: Gojo|0 fnt\n|faint|p1b: Gojo\n|\n|-heal|p2b: Aegislash|15/100|[from] item: Leftovers\n|upkeep\n|turn|13\n|c|\u2606Choppy_26|NOOOOOO\n|c|\u2606torkoaltorkoal|that was too close\n|c|\u2606torkoaltorkoal|thought i survied it by way more\n|inactive|Choppy_26 has 30 seconds left.\n|c|\u2606Choppy_26|your team was the hardest to give my team the runs\n|c|\u2606Choppy_26|gg\n|\n|t:|1776096770\n|move|p1a: Toji|Dire Claw|p2b: Aegislash\n|-immune|p2b: Aegislash\n|move|p2b: Aegislash|Shadow Ball|p1a: Toji\n|-damage|p1a: Toji|0 fnt\n|faint|p1a: Toji\n|\n|win|torkoaltorkoal\n|c|\u2606torkoaltorkoal|thanks it probably dont work bo3 but for now its good\n|c|\u2606torkoaltorkoal|gg\n",
  "uploadtime": 1776096792,
  "views": 10,
  "formatid": "gen9championsvgc2026regma",
  "rating": null,
  "private": 0,
  "password": null
}