{
  "id": "gen9championsvgc2026regma-2588548120",
  "format": "[Gen 9 Champions] VGC 2026 Reg M-A",
  "players": [
    "CamFau",
    "itachi1993"
  ],
  "log": "|j|\u2606CamFau\n|j|\u2606itachi1993\n|t:|1776643826\n|gametype|doubles\n|player|p1|CamFau|1|1050\n|player|p2|itachi1993|koga|1045\n|gen|9\n|tier|[Gen 9 Champions] VGC 2026 Reg M-A\n|rated|\n|rule|Species Clause: Limit one of each Pok\u00e9mon\n|rule|Item Clause: Limit 1 of each item\n|clearpoke\n|poke|p1|Crabominable, L50, M|\n|poke|p1|Pelipper, L50, F|\n|poke|p1|Sableye, L50, F|\n|poke|p1|Tinkaton, L50, F|\n|poke|p1|Basculegion, L50, M|\n|poke|p1|Slowking-Galar, L50, F|\n|poke|p2|Charizard, L50, F, shiny|\n|poke|p2|Venusaur, L50, F, shiny|\n|poke|p2|Rotom-Wash, L50, shiny|\n|poke|p2|Whimsicott, L50, M, shiny|\n|poke|p2|Skeledirge, L50, M, shiny|\n|poke|p2|Garchomp, L50, M, shiny|\n|teampreview|4\n|inactive|Battle timer is ON: inactive players will automatically lose when time's up. (requested by itachi1993)\n|inactive|CamFau has 60 seconds left.\n|\n|t:|1776643883\n|teamsize|p1|4\n|teamsize|p2|4\n|start\n|switch|p1a: Sableye|Sableye, L50, F|100/100\n|switch|p1b: Slowking|Slowking-Galar, L50, F|100/100\n|switch|p2a: Rotom|Rotom-Wash, L50, shiny|100/100\n|switch|p2b: Garchomp|Garchomp, L50, M, shiny|100/100\n|turn|1\n|\n|t:|1776643907\n|move|p1b: Slowking|Protect|p1b: Slowking\n|-singleturn|p1b: Slowking|Protect\n|move|p1a: Sableye|Fake Out|p2b: Garchomp\n|-damage|p2b: Garchomp|92/100\n|-damage|p1a: Sableye|88/100|[from] ability: Rough Skin|[of] p2b: Garchomp\n|cant|p2b: Garchomp|flinch\n|move|p2a: Rotom|Discharge|p1a: Sableye|[spread] p1a\n|-activate|p1b: Slowking|move: Protect\n|-immune|p2b: Garchomp\n|-damage|p1a: Sableye|52/100\n|\n|upkeep\n|turn|2\n|\n|t:|1776643923\n|move|p1a: Sableye|Disable|p2a: Rotom\n|-start|p2a: Rotom|Disable|Discharge\n|move|p2b: Garchomp|Earthquake|p1a: Sableye|[spread] p1a,p1b\n|-immune|p2a: Rotom|[from] ability: Levitate\n|-supereffective|p1b: Slowking|1\n|-damage|p1a: Sableye|2/100\n|-damage|p1b: Slowking|23/100\n|-enditem|p1b: Slowking|Sitrus Berry|[eat]\n|-heal|p1b: Slowking|48/100|[from] item: Sitrus Berry\n|cant|p2a: Rotom|Disable|Discharge\n|move|p1b: Slowking|Trick Room|p1b: Slowking\n|-fieldstart|move: Trick Room|[of] p1b: Slowking\n|\n|upkeep\n|turn|3\n|\n|t:|1776643944\n|switch|p1b: Crabominable|Crabominable, L50, M|100/100\n|switch|p2a: Venusaur|Venusaur, L50, F, shiny|100/100\n|move|p1a: Sableye|Disable|p2b: Garchomp\n|-start|p2b: Garchomp|Disable|Earthquake\n|move|p2b: Garchomp|Rock Slide|p1a: Sableye|[spread] p1a,p1b\n|-damage|p1a: Sableye|0 fnt\n|-damage|p1b: Crabominable|79/100\n|faint|p1a: Sableye\n|\n|upkeep\n|\n|t:|1776643958\n|switch|p1a: Slowking|Slowking-Galar, L50, F|81/100\n|turn|4\n|\n|t:|1776643967\n|switch|p2a: Rotom|Rotom-Wash, L50, shiny|100/100\n|detailschange|p1b: Crabominable|Crabominable-Mega, L50, M\n|-mega|p1b: Crabominable|Crabominable|Crabominite\n|move|p2b: Garchomp|Protect|p2b: Garchomp\n|-singleturn|p2b: Garchomp|Protect\n|move|p1a: Slowking|Psychic|p2a: Rotom\n|-damage|p2a: Rotom|58/100\n|move|p1b: Crabominable|Ice Hammer|p2a: Rotom\n|-resisted|p2a: Rotom|1\n|-damage|p2a: Rotom|10/100\n|-unboost|p1b: Crabominable|spe|1\n|\n|upkeep\n|turn|5\n|\n|t:|1776643990\n|move|p1b: Crabominable|Ice Hammer|p2b: Garchomp\n|-supereffective|p2b: Garchomp|2\n|-enditem|p2b: Garchomp|Yache Berry|[eat]\n|-enditem|p2b: Garchomp|Yache Berry|[weaken]\n|-damage|p2b: Garchomp|0 fnt\n|-unboost|p1b: Crabominable|spe|1\n|-damage|p1b: Crabominable|67/100|[from] ability: Rough Skin|[of] p2b: Garchomp\n|faint|p2b: Garchomp\n|move|p1a: Slowking|Psychic|p2a: Rotom\n|-damage|p2a: Rotom|0 fnt\n|faint|p2a: Rotom\n|\n|upkeep\n|\n|t:|1776643997\n|switch|p2a: Venusaur|Venusaur, L50, F, shiny|100/100\n|switch|p2b: Charizard|Charizard, L50, F, shiny|100/100\n|turn|6\n|\n|t:|1776644012\n|detailschange|p2b: Charizard|Charizard-Mega-Y, L50, F, shiny\n|-mega|p2b: Charizard|Charizard|Charizardite Y\n|-weather|SunnyDay|[from] ability: Drought|[of] p2b: Charizard\n|move|p1b: Crabominable|Ice Hammer|p2a: Venusaur\n|-supereffective|p2a: Venusaur|1\n|-damage|p2a: Venusaur|0 fnt\n|-unboost|p1b: Crabominable|spe|1\n|faint|p2a: Venusaur\n|move|p1a: Slowking|Power Gem|p2b: Charizard\n|-supereffective|p2b: Charizard|2\n|-damage|p2b: Charizard|0 fnt\n|faint|p2b: Charizard\n|\n|win|CamFau\n|raw|CamFau's rating: 1050 &rarr; <strong>1082</strong><br />(+32 for winning)\n|raw|itachi1993's rating: 1045 &rarr; <strong>1028</strong><br />(-17 for losing)\n|l|\u2606itachi1993\n|player|p2|\n",
  "uploadtime": 1776644025,
  "views": 20,
  "formatid": "gen9championsvgc2026regma",
  "rating": 1028,
  "private": 0,
  "password": null
}