{
  "id": "gen9championsvgc2026regma-2589399665",
  "format": "[Gen 9 Champions] VGC 2026 Reg M-A",
  "players": [
    "Avatar Kony",
    "gaske"
  ],
  "log": "|j|\u2606Avatar Kony\n|j|\u2606gaske\n|t:|1776719844\n|gametype|doubles\n|player|p1|Avatar Kony|sabrina-frlg|1124\n|player|p2|gaske|266|1068\n|gen|9\n|tier|[Gen 9 Champions] VGC 2026 Reg M-A\n|rated|\n|rule|Species Clause: Limit one of each Pok\u00e9mon\n|rule|Item Clause: Limit 1 of each item\n|clearpoke\n|poke|p1|Aerodactyl, L50, F|\n|poke|p1|Floette-Eternal, L50, F|\n|poke|p1|Incineroar, L50, M|\n|poke|p1|Sneasler, L50, M|\n|poke|p1|Basculegion, L50, M|\n|poke|p1|Garchomp, L50, M|\n|poke|p2|Tyranitar, L50, F, shiny|\n|poke|p2|Excadrill, L50, M|\n|poke|p2|Incineroar, L50, F|\n|poke|p2|Corviknight, L50, F|\n|poke|p2|Sinistcha, L50|\n|poke|p2|Milotic, L50, F, shiny|\n|teampreview|4\n|\n|t:|1776719886\n|teamsize|p1|4\n|teamsize|p2|4\n|start\n|switch|p1a: Aerodactyl|Aerodactyl, L50, F|100/100\n|switch|p1b: Sneasler|Sneasler, L50, M|100/100\n|switch|p2a: Sinistcha|Sinistcha, L50|100/100\n|switch|p2b: Incineroar|Incineroar, L50, F|100/100\n|-ability|p1a: Aerodactyl|Unnerve\n|-ability|p2b: Incineroar|Intimidate|boost\n|-unboost|p1a: Aerodactyl|atk|1\n|-unboost|p1b: Sneasler|atk|1\n|-enditem|p1b: Sneasler|White Herb\n|-clearnegativeboost|p1b: Sneasler|[silent]\n|turn|1\n|\n|t:|1776719928\n|move|p1a: Aerodactyl|Protect|p1a: Aerodactyl\n|-singleturn|p1a: Aerodactyl|Protect\n|move|p1b: Sneasler|Dire Claw|p2a: Sinistcha\n|-damage|p2a: Sinistcha|51/100\n|-status|p2a: Sinistcha|par\n|move|p2b: Incineroar|Parting Shot|p1a: Aerodactyl\n|-activate|p1a: Aerodactyl|move: Protect\n|move|p2a: Sinistcha|Trick Room|p2a: Sinistcha\n|-fieldstart|move: Trick Room|[of] p2a: Sinistcha\n|\n|upkeep\n|turn|2\n|\n|t:|1776719963\n|move|p2a: Sinistcha|Strength Sap|p1b: Sneasler\n|-unboost|p1b: Sneasler|atk|1\n|-heal|p2a: Sinistcha|100/100 par\n|move|p2b: Incineroar|Parting Shot|p1a: Aerodactyl\n|-unboost|p1a: Aerodactyl|atk|1\n|-unboost|p1a: Aerodactyl|spa|1\n|\n|t:|1776719975\n|switch|p2b: Tyranitar|Tyranitar, L50, F, shiny|100/100|[from] Parting Shot\n|-weather|Sandstorm|[from] ability: Sand Stream|[of] p2b: Tyranitar\n|move|p1a: Aerodactyl|Dual Wingbeat|p2a: Sinistcha\n|-supereffective|p2a: Sinistcha|1\n|-damage|p2a: Sinistcha|79/100 par\n|-supereffective|p2a: Sinistcha|1\n|-damage|p2a: Sinistcha|59/100 par\n|-hitcount|p2a: Sinistcha|2\n|move|p1b: Sneasler|Close Combat|p2b: Tyranitar\n|-supereffective|p2b: Tyranitar|2\n|-damage|p2b: Tyranitar|0 fnt\n|-unboost|p1b: Sneasler|def|1\n|-unboost|p1b: Sneasler|spd|1\n|faint|p2b: Tyranitar\n|\n|-weather|Sandstorm|[upkeep]\n|-damage|p2a: Sinistcha|53/100 par|[from] Sandstorm\n|-damage|p1b: Sneasler|95/100|[from] Sandstorm\n|upkeep\n|\n|t:|1776719995\n|switch|p2b: Incineroar|Incineroar, L50, F|100/100\n|-ability|p2b: Incineroar|Intimidate|boost\n|-unboost|p1a: Aerodactyl|atk|1\n|-unboost|p1b: Sneasler|atk|1\n|turn|3\n|\n|t:|1776720008\n|move|p1a: Aerodactyl|Protect|p1a: Aerodactyl\n|-singleturn|p1a: Aerodactyl|Protect\n|move|p1b: Sneasler|Protect|p1b: Sneasler\n|-singleturn|p1b: Sneasler|Protect\n|move|p2a: Sinistcha|Matcha Gotcha|p1a: Aerodactyl|[spread] \n|-activate|p1a: Aerodactyl|move: Protect\n|-activate|p1b: Sneasler|move: Protect\n|move|p2b: Incineroar|Flare Blitz|p1b: Sneasler\n|-activate|p1b: Sneasler|move: Protect\n|\n|-weather|Sandstorm|[upkeep]\n|-damage|p2a: Sinistcha|46/100 par|[from] Sandstorm\n|-damage|p2b: Incineroar|95/100|[from] Sandstorm\n|-damage|p1b: Sneasler|89/100|[from] Sandstorm\n|upkeep\n|turn|4\n|\n|t:|1776720028\n|switch|p1a: Floette|Floette-Eternal, L50, F|100/100\n|switch|p1b: Basculegion|Basculegion, L50, M|100/100\n|move|p2a: Sinistcha|Matcha Gotcha|p1b: Basculegion|[spread] p1a,p1b\n|-supereffective|p1b: Basculegion|1\n|-damage|p1a: Floette|66/100\n|-heal|p2a: Sinistcha|64/100 par|[from] drain|[of] p1a: Floette\n|-damage|p1b: Basculegion|30/100\n|-heal|p2a: Sinistcha|100/100 par|[from] drain|[of] p1b: Basculegion\n|move|p2b: Incineroar|Darkest Lariat|p1a: Floette\n|-resisted|p1a: Floette|1\n|-damage|p1a: Floette|40/100\n|\n|-weather|Sandstorm|[upkeep]\n|-damage|p2a: Sinistcha|94/100 par|[from] Sandstorm\n|-damage|p2b: Incineroar|89/100|[from] Sandstorm\n|-damage|p1a: Floette|34/100|[from] Sandstorm\n|-damage|p1b: Basculegion|24/100|[from] Sandstorm\n|upkeep\n|turn|5\n|\n|t:|1776720063\n|switch|p1b: Aerodactyl|Aerodactyl, L50, F|100/100\n|-ability|p1b: Aerodactyl|Unnerve\n|detailschange|p1a: Floette|Floette-Mega, L50, F\n|-mega|p1a: Floette|Floette|Floettite\n|-ability|p1a: Floette|Fairy Aura\n|move|p1a: Floette|Protect|p1a: Floette\n|-singleturn|p1a: Floette|Protect\n|move|p2a: Sinistcha|Matcha Gotcha|p1b: Aerodactyl|[spread] p1b\n|-activate|p1a: Floette|move: Protect\n|-damage|p1b: Aerodactyl|70/100\n|-heal|p2a: Sinistcha|100/100 par|[from] drain|[of] p1b: Aerodactyl\n|move|p2b: Incineroar|Parting Shot|p1a: Floette\n|-activate|p1a: Floette|move: Protect\n|\n|-weather|Sandstorm|[upkeep]\n|-damage|p2a: Sinistcha|94/100 par|[from] Sandstorm\n|-damage|p2b: Incineroar|83/100|[from] Sandstorm\n|-damage|p1a: Floette|28/100|[from] Sandstorm\n|-fieldend|move: Trick Room\n|upkeep\n|turn|6\n|\n|t:|1776720096\n|move|p1b: Aerodactyl|Tailwind|p1b: Aerodactyl\n|-sidestart|p1: Avatar Kony|move: Tailwind\n|move|p1a: Floette|Light of Ruin|p2a: Sinistcha\n|-damage|p2a: Sinistcha|0 fnt\n|faint|p2a: Sinistcha\n|-damage|p1a: Floette|0 fnt|[from] Recoil\n|faint|p1a: Floette\n|move|p2b: Incineroar|Parting Shot|p1b: Aerodactyl\n|-unboost|p1b: Aerodactyl|atk|1\n|-unboost|p1b: Aerodactyl|spa|1\n|\n|t:|1776720106\n|switch|p2b: Milotic|Milotic, L50, F, shiny|100/100|[from] Parting Shot\n|\n|-weather|none\n|upkeep\n|\n|t:|1776720117\n|switch|p1a: Basculegion|Basculegion, L50, M|24/100\n|switch|p2a: Incineroar|Incineroar, L50, F|83/100\n|-ability|p2a: Incineroar|Intimidate|boost\n|-unboost|p1a: Basculegion|atk|1\n|-unboost|p1b: Aerodactyl|atk|1\n|turn|7\n|\n|t:|1776720145\n|move|p2a: Incineroar|Fake Out|p1b: Aerodactyl\n|-resisted|p1b: Aerodactyl|1\n|-crit|p1b: Aerodactyl\n|-damage|p1b: Aerodactyl|58/100\n|move|p1a: Basculegion|Flip Turn|p2a: Incineroar\n|-supereffective|p2a: Incineroar|1\n|-damage|p2a: Incineroar|40/100\n|\n|t:|1776720152\n|switch|p1a: Sneasler|Sneasler, L50, M|89/100|[from] Flip Turn\n|cant|p1b: Aerodactyl|flinch\n|move|p2b: Milotic|Ice Beam|p1b: Aerodactyl\n|-supereffective|p1b: Aerodactyl|1\n|-damage|p1b: Aerodactyl|0 fnt\n|-enditem|p2a: Incineroar|Sitrus Berry|[eat]\n|-heal|p2a: Incineroar|65/100|[from] item: Sitrus Berry\n|faint|p1b: Aerodactyl\n|\n|upkeep\n|\n|t:|1776720158\n|switch|p1b: Basculegion|Basculegion, L50, M|24/100\n|turn|8\n|\n|t:|1776720196\n|move|p1b: Basculegion|Last Respects|p2b: Milotic\n|-damage|p2b: Milotic|0 fnt\n|faint|p2b: Milotic\n|move|p1a: Sneasler|Close Combat|p2a: Incineroar\n|-supereffective|p2a: Incineroar|1\n|-damage|p2a: Incineroar|0 fnt\n|-unboost|p1a: Sneasler|def|1\n|-unboost|p1a: Sneasler|spd|1\n|faint|p2a: Incineroar\n|\n|win|Avatar Kony\n|raw|Avatar Kony's rating: 1124 &rarr; <strong>1145</strong><br />(+21 for winning)\n|raw|gaske's rating: 1068 &rarr; <strong>1051</strong><br />(-17 for losing)\n",
  "uploadtime": 1776720209,
  "views": 7,
  "formatid": "gen9championsvgc2026regma",
  "rating": 1051,
  "private": 0,
  "password": null
}