{
  "id": "gen9championsvgc2026regma-2583837079",
  "format": "[Gen 9 Champions] VGC 2026 Reg M-A",
  "players": [
    "lfdgm",
    "gallade.13"
  ],
  "log": "|j|\u2606lfdgm\n|j|\u2606gallade.13\n|t:|1776201562\n|gametype|doubles\n|player|p1|lfdgm|skyla|1181\n|player|p2|gallade.13|169|1220\n|gen|9\n|tier|[Gen 9 Champions] VGC 2026 Reg M-A\n|rated|\n|rule|Species Clause: Limit one of each Pok\u00e9mon\n|rule|Item Clause: Limit 1 of each item\n|clearpoke\n|poke|p1|Drampa, L50, M|\n|poke|p1|Audino, L50, F|\n|poke|p1|Sinistcha, L50|\n|poke|p1|Torkoal, L50, M|\n|poke|p1|Scizor, L50, F|\n|poke|p1|Basculegion, L50, M|\n|poke|p2|Froslass, L50, F|\n|poke|p2|Kingambit, L50, M|\n|poke|p2|Whimsicott, L50, F|\n|poke|p2|Basculegion, L50, M|\n|poke|p2|Incineroar, L50, M|\n|poke|p2|Garchomp, L50, F|\n|teampreview|4\n|inactive|Battle timer is ON: inactive players will automatically lose when time's up. (requested by gallade.13)\n|\n|t:|1776201600\n|teamsize|p1|4\n|teamsize|p2|4\n|start\n|switch|p1a: Audino|Audino, L50, F|100/100\n|switch|p1b: Basculegion|Basculegion, L50, M|100/100\n|switch|p2a: Whimsicott|Whimsicott, L50, F|100/100\n|switch|p2b: Basculegion|Basculegion, L50, M|100/100\n|turn|1\n|\n|t:|1776201619\n|switch|p2b: Incineroar|Incineroar, L50, M|100/100\n|-ability|p2b: Incineroar|Intimidate|boost\n|-unboost|p1a: Audino|atk|1\n|-unboost|p1b: Basculegion|atk|1\n|switch|p1b: Drampa|Drampa, L50, M|100/100\n|-ability|p1b: Drampa|Cloud Nine\n|move|p2a: Whimsicott|Moonblast|p1b: Drampa\n|-supereffective|p1b: Drampa|1\n|-damage|p1b: Drampa|36/100\n|move|p1a: Audino|Trick Room|p1a: Audino\n|-fieldstart|move: Trick Room|[of] p1a: Audino\n|\n|upkeep\n|turn|2\n|\n|t:|1776201642\n|move|p1b: Drampa|Protect|p1b: Drampa\n|-singleturn|p1b: Drampa|Protect\n|move|p2b: Incineroar|Fake Out|p1b: Drampa\n|-activate|p1b: Drampa|move: Protect\n|move|p1a: Audino|Wish|p1a: Audino\n|move|p2a: Whimsicott|Moonblast|p1b: Drampa\n|-activate|p1b: Drampa|move: Protect\n|\n|upkeep\n|turn|3\n|inactive|lfdgm has 30 seconds left.\n|inactive|gallade.13 has 30 seconds left.\n|\n|t:|1776201676\n|detailschange|p1b: Drampa|Drampa-Mega, L50, M\n|-mega|p1b: Drampa|Drampa|Drampanite\n|move|p1a: Audino|Ally Switch|p1a: Audino\n|swap|p1a: Audino|1|[from] move: Ally Switch\n|move|p1a: Drampa|Earth Power|p2b: Incineroar\n|-supereffective|p2b: Incineroar|1\n|-crit|p2b: Incineroar\n|-damage|p2b: Incineroar|0 fnt\n|faint|p2b: Incineroar\n|move|p2a: Whimsicott|Moonblast|p1b: Audino\n|-damage|p1b: Audino|69/100\n|\n|-heal|p1a: Drampa|92/100|[from] move: Wish|[wisher] Audino\n|-heal|p1b: Audino|75/100|[from] item: Leftovers\n|upkeep\n|\n|t:|1776201691\n|switch|p2b: Froslass|Froslass, L50, F|100/100\n|turn|4\n|\n|t:|1776201708\n|switch|p1a: Basculegion|Basculegion, L50, M|100/100\n|detailschange|p2b: Froslass|Froslass-Mega, L50, F\n|-mega|p2b: Froslass|Froslass|Froslassite\n|-weather|Snowscape|[from] ability: Snow Warning|[of] p2b: Froslass\n|move|p2a: Whimsicott|Encore||[still]\n|-fail|p2a: Whimsicott\n|move|p1b: Audino|Wish|p1b: Audino\n|move|p2b: Froslass|Blizzard|p1b: Audino|[spread] p1a,p1b\n|-resisted|p1a: Basculegion|1\n|-damage|p1a: Basculegion|72/100\n|-damage|p1b: Audino|31/100\n|\n|-weather|Snowscape|[upkeep]\n|-heal|p1b: Audino|37/100|[from] item: Leftovers\n|upkeep\n|turn|5\n|inactive|lfdgm has 30 seconds left.\n|\n|t:|1776201734\n|move|p1b: Audino|Ally Switch|p1b: Audino\n|swap|p1b: Audino|0|[from] move: Ally Switch\n|move|p2a: Whimsicott|Taunt|p1b: Basculegion\n|-start|p1b: Basculegion|move: Taunt\n|move|p1b: Basculegion|Wave Crash|p2b: Froslass\n|-damage|p2b: Froslass|0 fnt\n|faint|p2b: Froslass\n|-damage|p1b: Basculegion|48/100|[from] Recoil\n|\n|-weather|Snowscape|[upkeep]\n|-heal|p1b: Basculegion|99/100|[from] move: Wish|[wisher] Audino\n|-heal|p1a: Audino|43/100|[from] item: Leftovers\n|-fieldend|move: Trick Room\n|upkeep\n|-message|gallade.13 forfeited.\n|\n|win|lfdgm\n|raw|lfdgm's rating: 1181 &rarr; <strong>1209</strong><br />(+28 for winning)\n|raw|gallade.13's rating: 1220 &rarr; <strong>1192</strong><br />(-28 for losing)\n|l|\u2606gallade.13\n|player|p2|\n",
  "uploadtime": 1776201763,
  "views": 22,
  "formatid": "gen9championsvgc2026regma",
  "rating": 1192,
  "private": 0,
  "password": null
}