{
  "id": "gen9championsvgc2026regma-2585385354",
  "format": "[Gen 9 Champions] VGC 2026 Reg M-A",
  "players": [
    "Celesteel0774",
    "ericlove17"
  ],
  "log": "|j|\u2606Celesteel0774\n|j|\u2606ericlove17\n|t:|1776343342\n|gametype|doubles\n|player|p1|Celesteel0774|marley|1128\n|player|p2|ericlove17|acetrainercouple|1187\n|gen|9\n|tier|[Gen 9 Champions] VGC 2026 Reg M-A\n|rated|\n|rule|Species Clause: Limit one of each Pok\u00e9mon\n|rule|Item Clause: Limit 1 of each item\n|clearpoke\n|poke|p1|Gengar, L50, F|\n|poke|p1|Incineroar, L50, M|\n|poke|p1|Politoed, L50, M|\n|poke|p1|Ninetales-Alola, L50, F|\n|poke|p1|Palafin, L50, M|\n|poke|p1|Volcarona, L50, F|\n|poke|p2|Oranguru, L50, F|\n|poke|p2|Torkoal, L50, M|\n|poke|p2|Sylveon, L50, F|\n|poke|p2|Incineroar, L50, M|\n|poke|p2|Crabominable, L50, F|\n|poke|p2|Kingambit, L50, M|\n|teampreview|4\n|inactive|Battle timer is ON: inactive players will automatically lose when time's up. (requested by ericlove17)\n|\n|t:|1776343362\n|teamsize|p1|4\n|teamsize|p2|4\n|start\n|switch|p1a: Gengar|Gengar, L50, F|100/100\n|switch|p1b: Palafin|Palafin, L50, M|100/100\n|switch|p2a: VuaBongToi|Kingambit, L50, M|100/100\n|switch|p2b: Khi?|Oranguru, L50, F, shiny|100/100\n|turn|1\n|\n|t:|1776343384\n|detailschange|p1a: Gengar|Gengar-Mega, L50, F\n|-mega|p1a: Gengar|Gengar|Gengarite\n|move|p1b: Palafin|Flip Turn|p2a: VuaBongToi\n|-damage|p2a: VuaBongToi|86/100\n|\n|t:|1776343391\n|detailschange|p1b: Palafin|Palafin-Hero, L50, M\n|switch|p1b: Volcarona|Volcarona, L50, F|100/100|[from] Flip Turn\n|move|p1a: Gengar|Substitute|p1a: Gengar\n|-start|p1a: Gengar|Substitute\n|-damage|p1a: Gengar|76/100\n|move|p2a: VuaBongToi|Kowtow Cleave|p1a: Gengar\n|-supereffective|p1a: Gengar|1\n|-end|p1a: Gengar|Substitute\n|move|p2b: Khi?|Trick Room|p2b: Khi?\n|-fieldstart|move: Trick Room|[of] p2b: Khi?\n|\n|upkeep\n|turn|2\n|inactive|Celesteel0774 has 30 seconds left.\n|\n|t:|1776343422\n|move|p1a: Gengar|Protect|p1a: Gengar\n|-singleturn|p1a: Gengar|Protect\n|move|p2a: VuaBongToi|Kowtow Cleave|p1b: Volcarona\n|-crit|p1b: Volcarona\n|-damage|p1b: Volcarona|18/100\n|-status|p2a: VuaBongToi|brn|[from] ability: Flame Body|[of] p1b: Volcarona\n|move|p2b: Khi?|Instruct|p2a: VuaBongToi\n|-singleturn|p2a: VuaBongToi|move: Instruct|[of] p2b: Khi?\n|move|p2a: VuaBongToi|Kowtow Cleave|p1b: Volcarona\n|-damage|p1b: Volcarona|0 fnt\n|faint|p1b: Volcarona\n|\n|-damage|p2a: VuaBongToi|80/100 brn|[from] brn\n|upkeep\n|\n|t:|1776343435\n|switch|p1b: Politoed|Politoed, L50, M|100/100\n|-weather|RainDance|[from] ability: Drizzle|[of] p1b: Politoed\n|turn|3\n|inactive|Celesteel0774 has 30 seconds left.\n|\n|t:|1776343462\n|switch|p1a: Palafin|Palafin-Hero, L50, M|100/100\n|-activate|p1a: Palafin|ability: Zero to Hero\n|move|p2a: VuaBongToi|Kowtow Cleave|p1a: Palafin\n|-damage|p1a: Palafin|67/100\n|move|p2b: Khi?|Instruct|p2a: VuaBongToi\n|-singleturn|p2a: VuaBongToi|move: Instruct|[of] p2b: Khi?\n|move|p2a: VuaBongToi|Kowtow Cleave|p1a: Palafin\n|-damage|p1a: Palafin|38/100\n|move|p1b: Politoed|Weather Ball|p2a: VuaBongToi\n|-damage|p2a: VuaBongToi|32/100 brn\n|\n|-weather|RainDance|[upkeep]\n|-damage|p2a: VuaBongToi|26/100 brn|[from] brn\n|upkeep\n|turn|4\n|\n|t:|1776343483\n|move|p2a: VuaBongToi|Sucker Punch|p1a: Palafin\n|-damage|p1a: Palafin|14/100\n|move|p1a: Palafin|Jet Punch|p2a: VuaBongToi\n|-damage|p2a: VuaBongToi|0 fnt\n|faint|p2a: VuaBongToi\n|move|p2b: Khi?|Instruct|p2: VuaBongToi|[notarget]\n|-fail|p2b: Khi?\n|move|p1b: Politoed|Perish Song|p1b: Politoed\n|-start|p1a: Palafin|perish3|[silent]\n|-start|p1b: Politoed|perish3|[silent]\n|-start|p2b: Khi?|perish3|[silent]\n|-fieldactivate|move: Perish Song\n|\n|-weather|RainDance|[upkeep]\n|-start|p2b: Khi?|perish3\n|-start|p1b: Politoed|perish3\n|-start|p1a: Palafin|perish3\n|upkeep\n|\n|t:|1776343490\n|switch|p2a: Be Yeu|Sylveon, L50, F, shiny|100/100\n|turn|5\n|\n|t:|1776343503\n|switch|p1a: Gengar|Gengar-Mega, L50, F|76/100\n|move|p2a: Be Yeu|Hyper Voice|p1b: Politoed|[spread] p1a,p1b\n|-resisted|p1a: Gengar|1\n|-damage|p1a: Gengar|40/100\n|-damage|p1b: Politoed|71/100\n|move|p2b: Khi?|Instruct|p2a: Be Yeu\n|-singleturn|p2a: Be Yeu|move: Instruct|[of] p2b: Khi?\n|move|p2a: Be Yeu|Hyper Voice|p1a: Gengar|[spread] p1a,p1b\n|-resisted|p1a: Gengar|1\n|-damage|p1a: Gengar|4/100\n|-damage|p1b: Politoed|37/100\n|move|p1b: Politoed|Perish Song|p1b: Politoed\n|-start|p1a: Gengar|perish3|[silent]\n|-start|p2a: Be Yeu|perish3|[silent]\n|-fieldactivate|move: Perish Song\n|\n|-weather|RainDance|[upkeep]\n|-heal|p1b: Politoed|43/100|[from] item: Leftovers\n|-start|p2a: Be Yeu|perish3\n|-start|p2b: Khi?|perish2\n|-start|p1b: Politoed|perish2\n|-start|p1a: Gengar|perish3\n|-fieldend|move: Trick Room\n|upkeep\n|turn|6\n|\n|t:|1776343523\n|move|p1a: Gengar|Protect|p1a: Gengar\n|-singleturn|p1a: Gengar|Protect\n|move|p1b: Politoed|Weather Ball|p2b: Khi?\n|-damage|p2b: Khi?|63/100\n|move|p2b: Khi?|Instruct|p2a: Be Yeu\n|-singleturn|p2a: Be Yeu|move: Instruct|[of] p2b: Khi?\n|move|p2a: Be Yeu|Hyper Voice|p1b: Politoed|[spread] p1b\n|-activate|p1a: Gengar|move: Protect\n|-damage|p1b: Politoed|13/100\n|move|p2a: Be Yeu|Hyper Voice|p1b: Politoed|[spread] p1b\n|-activate|p1a: Gengar|move: Protect\n|-damage|p1b: Politoed|0 fnt\n|faint|p1b: Politoed\n|\n|-weather|RainDance|[upkeep]\n|-start|p1a: Gengar|perish2\n|-start|p2b: Khi?|perish1\n|-start|p2a: Be Yeu|perish2\n|upkeep\n|\n|t:|1776343538\n|switch|p1b: Palafin|Palafin-Hero, L50, M|14/100\n|turn|7\n|\n|t:|1776343557\n|move|p1b: Palafin|Jet Punch|p2a: Be Yeu\n|-damage|p2a: Be Yeu|24/100\n|move|p1a: Gengar|Shadow Ball|p2a: Be Yeu\n|-damage|p2a: Be Yeu|0 fnt\n|faint|p2a: Be Yeu\n|move|p2b: Khi?|Instruct|p2: Be Yeu|[notarget]\n|-fail|p2b: Khi?\n|\n|-weather|none\n|-start|p1a: Gengar|perish1\n|-start|p2b: Khi?|perish0\n|upkeep\n|faint|p2b: Khi?\n|\n|t:|1776343565\n|switch|p2a: Cua|Crabominable, L50, F|100/100\n|turn|8\n|\n|t:|1776343576\n|detailschange|p2a: Cua|Crabominable-Mega, L50, F\n|-mega|p2a: Cua|Crabominable|Crabominite\n|move|p2a: Cua|Protect|p2a: Cua\n|-singleturn|p2a: Cua|Protect\n|move|p1b: Palafin|Jet Punch|p2a: Cua\n|-activate|p2a: Cua|move: Protect\n|move|p1a: Gengar|Shadow Ball|p2a: Cua\n|-activate|p2a: Cua|move: Protect\n|\n|-start|p1a: Gengar|perish0\n|faint|p1a: Gengar\n|upkeep\n|turn|9\n|\n|t:|1776343591\n|move|p1b: Palafin|Jet Punch|p2a: Cua\n|-damage|p2a: Cua|75/100\n|move|p2a: Cua|Thunder Punch|p1b: Palafin\n|-supereffective|p1b: Palafin|1\n|-damage|p1b: Palafin|0 fnt\n|faint|p1b: Palafin\n|\n|win|ericlove17\n|raw|Celesteel0774's rating: 1128 &rarr; <strong>1107</strong><br />(-21 for losing)\n|raw|ericlove17's rating: 1187 &rarr; <strong>1208</strong><br />(+21 for winning)\n|l|\u2606Celesteel0774\n|player|p1|\n|c|\u2606ericlove17|???\n",
  "uploadtime": 1776343605,
  "views": 34,
  "formatid": "gen9championsvgc2026regma",
  "rating": 1107,
  "private": 0,
  "password": null
}