{
  "id": "gen9championsvgc2026regma-2580714341",
  "format": "[Gen 9 Champions] VGC 2026 Reg M-A",
  "players": [
    "worn towel ep yes",
    "squig chungus"
  ],
  "log": "|j|\u2606worn towel ep yes\n|j|\u2606squig chungus\n|t:|1775926507\n|gametype|doubles\n|player|p1|worn towel ep yes|dawn|1027\n|player|p2|squig chungus|170|1000\n|gen|9\n|tier|[Gen 9 Champions] VGC 2026 Reg M-A\n|rated|\n|rule|Species Clause: Limit one of each Pok\u00e9mon\n|rule|Item Clause: Limit 1 of each item\n|clearpoke\n|poke|p1|Crabominable, L50, F|\n|poke|p1|Farigiraf, L50, F|\n|poke|p1|Sylveon, L50, F|\n|poke|p1|Drampa, L50, F|\n|poke|p1|Sinistcha, L50|\n|poke|p1|Tyranitar, L50, F|\n|poke|p2|Skarmory, L50, F|\n|poke|p2|Sinistcha, L50|\n|poke|p2|Rhyperior, L50, M|\n|poke|p2|Araquanid, L50, F|\n|poke|p2|Raichu, L50, M|\n|poke|p2|Dragapult, L50, M|\n|teampreview|4\n|inactive|Battle timer is ON: inactive players will automatically lose when time's up. (requested by worn towel ep yes)\n|\n|t:|1775926531\n|teamsize|p1|4\n|teamsize|p2|4\n|start\n|switch|p1a: Crabominable|Crabominable, L50, F|100/100\n|switch|p1b: Farigiraf|Farigiraf, L50, F|100/100\n|switch|p2a: Skarmory|Skarmory, L50, F|100/100\n|switch|p2b: Rhyperior|Rhyperior, L50, M|100/100\n|turn|1\n|-activate|p2b: Rhyperior|item: Quick Claw\n|\n|t:|1775926554\n|move|p2a: Skarmory|Endure|p2a: Skarmory\n|-singleturn|p2a: Skarmory|move: Endure\n|move|p1a: Crabominable|Protect|p1a: Crabominable\n|-singleturn|p1a: Crabominable|Protect\n|move|p2b: Rhyperior|Swords Dance|p2b: Rhyperior\n|-boost|p2b: Rhyperior|atk|2\n|move|p1b: Farigiraf|Trick Room|p1b: Farigiraf\n|-fieldstart|move: Trick Room|[of] p1b: Farigiraf\n|\n|upkeep\n|turn|2\n|-activate|p2b: Rhyperior|item: Quick Claw\n|\n|t:|1775926574\n|detailschange|p1a: Crabominable|Crabominable-Mega, L50, F\n|-mega|p1a: Crabominable|Crabominable|Crabominite\n|detailschange|p2a: Skarmory|Skarmory-Mega, L50, F\n|-mega|p2a: Skarmory|Skarmory|Skarmorite\n|move|p2b: Rhyperior|Earthquake|p1a: Crabominable|[spread] p1a,p1b\n|-immune|p2a: Skarmory\n|-damage|p1a: Crabominable|34/100\n|-damage|p1b: Farigiraf|29/100\n|move|p1a: Crabominable|Crabhammer|p2b: Rhyperior\n|-supereffective|p2b: Rhyperior|2\n|-damage|p2b: Rhyperior|0 fnt\n|faint|p2b: Rhyperior\n|move|p1b: Farigiraf|Hyper Voice|p2a: Skarmory\n|-resisted|p2a: Skarmory|1\n|-damage|p2a: Skarmory|79/100\n|move|p2a: Skarmory|Drill Peck|p1a: Crabominable\n|-supereffective|p1a: Crabominable|1\n|-damage|p1a: Crabominable|0 fnt\n|faint|p1a: Crabominable\n|\n|upkeep\n|\n|t:|1775926599\n|switch|p1a: Sylveon|Sylveon, L50, F|100/100\n|switch|p2b: Sinistcha|Sinistcha, L50|100/100\n|-heal|p2a: Skarmory|100/100|[from] ability: Hospitality|[of] p2b: Sinistcha\n|turn|3\n|\n|t:|1775926615\n|move|p2b: Sinistcha|Rage Powder|p2b: Sinistcha\n|-singleturn|p2b: Sinistcha|move: Rage Powder\n|move|p1b: Farigiraf|Psychic|p2b: Sinistcha\n|-damage|p2b: Sinistcha|68/100\n|move|p1a: Sylveon|Mystical Fire|p2b: Sinistcha\n|-supereffective|p2b: Sinistcha|1\n|-damage|p2b: Sinistcha|17/100\n|-unboost|p2b: Sinistcha|spa|1\n|move|p2a: Skarmory|Iron Head|p1a: Sylveon\n|-supereffective|p1a: Sylveon|1\n|-damage|p1a: Sylveon|0 fnt\n|faint|p1a: Sylveon\n|\n|upkeep\n|\n|t:|1775926628\n|switch|p1a: Sinistcha|Sinistcha, L50|100/100\n|-heal|p1b: Farigiraf|54/100|[from] ability: Hospitality|[of] p1a: Sinistcha\n|turn|4\n|\n|t:|1775926648\n|move|p1b: Farigiraf|Psychic|p2b: Sinistcha\n|-damage|p2b: Sinistcha|0 fnt\n|faint|p2b: Sinistcha\n|move|p1a: Sinistcha|Shadow Ball|p2a: Skarmory\n|-damage|p2a: Skarmory|55/100\n|move|p2a: Skarmory|Iron Head|p1b: Farigiraf\n|-damage|p1b: Farigiraf|18/100\n|\n|upkeep\n|\n|t:|1775926661\n|switch|p2b: Araquanid|Araquanid, L50, F|100/100\n|turn|5\n|\n|t:|1775926673\n|move|p2a: Skarmory|Endure|p2a: Skarmory\n|-singleturn|p2a: Skarmory|move: Endure\n|move|p2b: Araquanid|Lunge|p1a: Sinistcha\n|-damage|p1a: Sinistcha|78/100\n|-unboost|p1a: Sinistcha|atk|1\n|move|p1b: Farigiraf|Psychic|p2a: Skarmory\n|-resisted|p2a: Skarmory|1\n|-damage|p2a: Skarmory|34/100\n|move|p1a: Sinistcha|Shadow Ball|p2a: Skarmory\n|-activate|p2a: Skarmory|move: Endure\n|-damage|p2a: Skarmory|1/100\n|\n|-fieldend|move: Trick Room\n|upkeep\n|turn|6\n|inactive|squig chungus has 30 seconds left.\n|\n|t:|1775926700\n|move|p2a: Skarmory|Reversal|p1b: Farigiraf\n|-crit|p1b: Farigiraf\n|-damage|p1b: Farigiraf|0 fnt\n|faint|p1b: Farigiraf\n|move|p2b: Araquanid|Waterfall|p1a: Sinistcha\n|-resisted|p1a: Sinistcha|1\n|-crit|p1a: Sinistcha\n|-damage|p1a: Sinistcha|41/100\n|cant|p1a: Sinistcha|flinch\n|\n|upkeep\n|turn|7\n|\n|t:|1775926721\n|move|p2a: Skarmory|Drill Peck|p1a: Sinistcha\n|-supereffective|p1a: Sinistcha|1\n|-damage|p1a: Sinistcha|0 fnt\n|faint|p1a: Sinistcha\n|\n|win|squig chungus\n|raw|worn towel ep yes's rating: 1027 &rarr; <strong>1012</strong><br />(-15 for losing)\n|raw|squig chungus's rating: 1000 &rarr; <strong>1043</strong><br />(+43 for winning)\n|l|\u2606worn towel ep yes\n|player|p1|\n",
  "uploadtime": 1775926728,
  "views": 31,
  "formatid": "gen9championsvgc2026regma",
  "rating": 1012,
  "private": 0,
  "password": null
}