{
  "id": "gen9championsvgc2026regma-2583753100",
  "format": "[Gen 9 Champions] VGC 2026 Reg M-A",
  "players": [
    "Kirbo5500",
    "mnbawafi"
  ],
  "log": "|j|\u2606Kirbo5500\n|j|\u2606mnbawafi\n|t:|1776195352\n|gametype|doubles\n|player|p1|Kirbo5500|2|1093\n|player|p2|mnbawafi|2|1065\n|gen|9\n|tier|[Gen 9 Champions] VGC 2026 Reg M-A\n|rated|\n|rule|Species Clause: Limit one of each Pok\u00e9mon\n|rule|Item Clause: Limit 1 of each item\n|clearpoke\n|poke|p1|Meganium, L50, F|\n|poke|p1|Primarina, L50, F|\n|poke|p1|Incineroar, L50, M|\n|poke|p1|Hawlucha, L50, M|\n|poke|p1|Garchomp, L50, M|\n|poke|p1|Vivillon-Sun, L50, F|\n|poke|p2|Delphox, L50, M|\n|poke|p2|Sylveon, L50, M|\n|poke|p2|Sneasler, L50, M|\n|poke|p2|Pelipper, L50, F|\n|poke|p2|Archaludon, L50, F|\n|poke|p2|Slowbro, L50, F|\n|teampreview|4\n|inactive|Battle timer is ON: inactive players will automatically lose when time's up. (requested by mnbawafi)\n|\n|t:|1776195427\n|teamsize|p1|4\n|teamsize|p2|4\n|start\n|switch|p1a: Garchomp|Garchomp, L50, M|100/100\n|switch|p1b: Vivillon|Vivillon-Sun, L50, F|100/100\n|switch|p2a: Delphox|Delphox, L50, M|100/100\n|switch|p2b: Sneasler|Sneasler, L50, M|100/100\n|turn|1\n|inactive|mnbawafi has 30 seconds left.\n|\n|t:|1776195453\n|switch|p2a: Sylveon|Sylveon, L50, M|100/100\n|move|p2b: Sneasler|Fake Out|p1a: Garchomp\n|-crit|p1a: Garchomp\n|-damage|p1a: Garchomp|82/100\n|-damage|p2b: Sneasler|88/100|[from] ability: Rough Skin|[of] p1a: Garchomp\n|cant|p1a: Garchomp|flinch\n|move|p1b: Vivillon|Tailwind|p1b: Vivillon\n|-sidestart|p1: Kirbo5500|move: Tailwind\n|\n|upkeep\n|turn|2\n|inactive|mnbawafi has 30 seconds left.\n|\n|t:|1776195482\n|move|p1a: Garchomp|Stealth Rock|p2a: Sylveon\n|-sidestart|p2: mnbawafi|move: Stealth Rock\n|move|p1b: Vivillon|Sleep Powder|p2a: Sylveon\n|-status|p2a: Sylveon|slp|[from] move: Sleep Powder\n|move|p2b: Sneasler|Dire Claw|p1b: Vivillon\n|-damage|p1b: Vivillon|12/100\n|-status|p1b: Vivillon|par\n|cant|p2a: Sylveon|slp\n|\n|upkeep\n|turn|3\n|\n|t:|1776195501\n|move|p2b: Sneasler|Protect|p2b: Sneasler\n|-singleturn|p2b: Sneasler|Protect\n|move|p1a: Garchomp|Earthquake|p2b: Sneasler|[spread] p2a\n|-activate|p2b: Sneasler|move: Protect\n|-immune|p1b: Vivillon\n|-damage|p2a: Sylveon|50/100 slp\n|move|p1b: Vivillon|Hurricane|p2b: Sneasler\n|-activate|p2b: Sneasler|move: Protect\n|cant|p2a: Sylveon|slp\n|\n|upkeep\n|turn|4\n|\n|t:|1776195525\n|-curestatus|p2a: Sylveon|slp|[msg]\n|move|p2a: Sylveon|Detect|p2a: Sylveon\n|-singleturn|p2a: Sylveon|Protect\n|move|p1a: Garchomp|Earthquake|p2b: Sneasler|[spread] p2b\n|-activate|p2a: Sylveon|move: Protect\n|-immune|p1b: Vivillon\n|-supereffective|p2b: Sneasler|1\n|-damage|p2b: Sneasler|0 fnt\n|faint|p2b: Sneasler\n|move|p1b: Vivillon|Hurricane|p2a: Sylveon\n|-activate|p2a: Sylveon|move: Protect\n|\n|-sideend|p1: Kirbo5500|move: Tailwind\n|upkeep\n|\n|t:|1776195542\n|switch|p2b: Archaludon|Archaludon, L50, F|100/100\n|-damage|p2b: Archaludon|95/100|[from] Stealth Rock\n|turn|5\n|\n|t:|1776195554\n|move|p1a: Garchomp|Earthquake|p2b: Archaludon|[spread] p2a,p2b\n|-immune|p1b: Vivillon\n|-supereffective|p2b: Archaludon|1\n|-damage|p2a: Sylveon|0 fnt\n|-damage|p2b: Archaludon|39/100\n|-ability|p2b: Archaludon|Stamina|boost\n|-boost|p2b: Archaludon|def|1\n|-enditem|p2b: Archaludon|Sitrus Berry|[eat]\n|-heal|p2b: Archaludon|64/100|[from] item: Sitrus Berry\n|faint|p2a: Sylveon\n|move|p2b: Archaludon|Electro Shot||[still]\n|-prepare|p2b: Archaludon|Electro Shot\n|-boost|p2b: Archaludon|spa|1\n|move|p1b: Vivillon|Tailwind|p1b: Vivillon\n|-sidestart|p1: Kirbo5500|move: Tailwind\n|\n|upkeep\n|\n|t:|1776195560\n|switch|p2a: Delphox|Delphox, L50, M|100/100\n|-damage|p2a: Delphox|75/100|[from] Stealth Rock\n|turn|6\n|\n|t:|1776195571\n|detailschange|p2a: Delphox|Delphox-Mega, L50, M\n|-mega|p2a: Delphox|Delphox|Delphoxite\n|move|p1a: Garchomp|Earthquake|p2a: Delphox|[spread] p2b\n|-immune|p1b: Vivillon\n|-immune|p2a: Delphox|[from] ability: Levitate\n|-supereffective|p2b: Archaludon|1\n|-damage|p2b: Archaludon|24/100\n|-ability|p2b: Archaludon|Stamina|boost\n|-boost|p2b: Archaludon|def|1\n|move|p2a: Delphox|Heat Wave|p1a: Garchomp|[spread] p1a,p1b\n|-resisted|p1a: Garchomp|1\n|-supereffective|p1b: Vivillon|1\n|-damage|p1a: Garchomp|59/100\n|-damage|p1b: Vivillon|0 fnt\n|faint|p1b: Vivillon\n|move|p2b: Archaludon|Electro Shot|p1a: Garchomp|[from] lockedmove\n|-immune|p1a: Garchomp\n|\n|upkeep\n|\n|t:|1776195582\n|switch|p1b: Incineroar|Incineroar, L50, M|100/100\n|-ability|p1b: Incineroar|Intimidate|boost\n|-unboost|p2a: Delphox|atk|1\n|-unboost|p2b: Archaludon|atk|1\n|turn|7\n|inactive|Kirbo5500 has 30 seconds left.\n|\n|t:|1776195614\n|move|p1a: Garchomp|Earthquake|p2b: Archaludon|[spread] p1b,p2b\n|-immune|p2a: Delphox|[from] ability: Levitate\n|-supereffective|p1b: Incineroar|1\n|-supereffective|p2b: Archaludon|1\n|-damage|p1b: Incineroar|37/100\n|-damage|p2b: Archaludon|0 fnt\n|-enditem|p1b: Incineroar|Sitrus Berry|[eat]\n|-heal|p1b: Incineroar|62/100|[from] item: Sitrus Berry\n|faint|p2b: Archaludon\n|move|p2a: Delphox|Psychic|p1a: Garchomp\n|-damage|p1a: Garchomp|0 fnt\n|faint|p1a: Garchomp\n|move|p1b: Incineroar|Flare Blitz|p2a: Delphox\n|-resisted|p2a: Delphox|1\n|-damage|p2a: Delphox|25/100\n|-damage|p1b: Incineroar|50/100|[from] Recoil\n|\n|upkeep\n|\n|t:|1776195619\n|switch|p1a: Meganium|Meganium, L50, F|100/100\n|turn|8\n|\n|t:|1776195631\n|detailschange|p1a: Meganium|Meganium-Mega, L50, F\n|-mega|p1a: Meganium|Meganium|Meganiumite\n|move|p1a: Meganium|Protect|p1a: Meganium\n|-singleturn|p1a: Meganium|Protect\n|move|p2a: Delphox|Heat Wave|p1a: Meganium|[spread] p1b\n|-activate|p1a: Meganium|move: Protect\n|-resisted|p1b: Incineroar|1\n|-damage|p1b: Incineroar|29/100\n|move|p1b: Incineroar|Acrobatics|p2a: Delphox\n|-damage|p2a: Delphox|0 fnt\n|faint|p2a: Delphox\n|\n|win|Kirbo5500\n|raw|Kirbo5500's rating: 1093 &rarr; <strong>1117</strong><br />(+24 for winning)\n|raw|mnbawafi's rating: 1065 &rarr; <strong>1047</strong><br />(-18 for losing)\n|l|\u2606mnbawafi\n|player|p2|\n",
  "uploadtime": 1776195641,
  "views": 14,
  "formatid": "gen9championsvgc2026regma",
  "rating": 1047,
  "private": 0,
  "password": null
}