{
  "id": "gen9championsvgc2026regma-2583892722",
  "format": "[Gen 9 Champions] VGC 2026 Reg M-A",
  "players": [
    "grape city",
    "pokemonpengu"
  ],
  "log": "|j|\u2606grape city\n|j|\u2606pokemonpengu\n|t:|1776206037\n|gametype|doubles\n|player|p1|grape city|infielder|\n|player|p2|pokemonpengu|266|\n|gen|9\n|tier|[Gen 9 Champions] VGC 2026 Reg M-A\n|rated|Tournament battle\n|rule|Species Clause: Limit one of each Pok\u00e9mon\n|rule|Item Clause: Limit 1 of each item\n|raw|<div class=\"infobox\"><details class=\"readmore\" open><summary><strong>1 custom rule:</strong></summary> Force Open Team Sheets</details></div>\n|clearpoke\n|poke|p1|Gengar, L50, F|\n|poke|p1|Kommo-o, L50, F|\n|poke|p1|Incineroar, L50, F|\n|poke|p1|Palafin, L50, M|\n|poke|p1|Maushold, L50|\n|poke|p1|Pelipper, L50, F|\n|poke|p2|Froslass, L50, F|\n|poke|p2|Glimmora, L50, F|\n|poke|p2|Maushold, L50|\n|poke|p2|Medicham, L50, F|\n|poke|p2|Incineroar, L50, F|\n|poke|p2|Basculegion, L50, M|\n|teampreview|4\n|showteam|p1|Gengar||Gengarite|CursedBody|ShadowBall,SludgeBomb,IcyWind,Protect|||F|||50|]Kommo-o||DragonFang|Overcoat|ClangingScales,AuraSphere,ClangorousSoul,Protect|||F|||50|]Incineroar||PasshoBerry|Intimidate|FlareBlitz,ThroatChop,FakeOut,PartingShot|||F|||50|]Palafin||MysticWater|ZerotoHero|WaveCrash,JetPunch,CloseCombat,Protect|||M|||50|]Maushold||FocusSash|FriendGuard|SuperFang,FollowMe,Encore,Protect||||||50|]Pelipper||ChoiceScarf|Drizzle|Hurricane,MuddyWater,WeatherBall,Tailwind|||F|||50|\n|showteam|p2|Froslass||Froslassite|CursedBody|Blizzard,Protect,ShadowBall,IcyWind|||F|||50|]Glimmora||FocusSash|ToxicDebris|PowerGem,SpikyShield,SludgeBomb,EarthPower|||F|||50|]Maushold||ChopleBerry|FriendGuard|FollowMe,Taunt,SuperFang,HelpingHand||||||50|]Medicham||Medichamite|PurePower|UpperHand,CloseCombat,ZenHeadbutt,Detect|||F|||50|]Incineroar||ShucaBerry|Intimidate|FakeOut,PartingShot,SwordsDance,FlareBlitz|||F|||50|]Basculegion||ChoiceScarf|Adaptability|AquaJet,LastRespects,WaveCrash,FlipTurn|||M|||50|\n|inactive|Battle timer is ON: inactive players will automatically lose when time's up. (requested by pokemonpengu)\n|inactive|grape city has 60 seconds left.\n|inactive|grape city has 30 seconds left.\n|inactive|grape city has 20 seconds left.\n|inactive|grape city has 15 seconds left.\n|inactive|grape city has 10 seconds left.\n|\n|t:|1776206121\n|teamsize|p1|4\n|teamsize|p2|4\n|start\n|switch|p1a: Incineroar|Incineroar, L50, F|100/100\n|switch|p1b: Palafin|Palafin, L50, M|100/100\n|switch|p2a: Incineroar|Incineroar, L50, F|100/100\n|switch|p2b: Froslass|Froslass, L50, F|100/100\n|-ability|p2a: Incineroar|Intimidate|boost\n|-unboost|p1a: Incineroar|atk|1\n|-unboost|p1b: Palafin|atk|1\n|-ability|p1a: Incineroar|Intimidate|boost\n|-unboost|p2a: Incineroar|atk|1\n|-unboost|p2b: Froslass|atk|1\n|turn|1\n|inactive|grape city has 30 seconds left.\n|inactive|pokemonpengu has 30 seconds left.\n|inactive|grape city has 20 seconds left.\n|inactive|grape city has 15 seconds left.\n|inactive|grape city has 10 seconds left.\n|inactive|pokemonpengu has 20 seconds left.\n|\n|t:|1776206169\n|switch|p2b: Maushold|Maushold, L50|100/100\n|detailschange|p1b: Palafin|Palafin-Hero, L50, M\n|switch|p1b: Gengar|Gengar, L50, F|100/100\n|move|p2a: Incineroar|Fake Out|p1b: Gengar\n|-immune|p1b: Gengar\n|move|p1a: Incineroar|Parting Shot|p2b: Maushold\n|-unboost|p2b: Maushold|atk|1\n|-unboost|p2b: Maushold|spa|1\n|\n|t:|1776206185\n|switch|p1a: Pelipper|Pelipper, L50, F|100/100|[from] Parting Shot\n|-weather|RainDance|[from] ability: Drizzle|[of] p1a: Pelipper\n|\n|-weather|RainDance|[upkeep]\n|upkeep\n|turn|2\n|inactive|grape city has 30 seconds left.\n|\n|t:|1776206219\n|detailschange|p1b: Gengar|Gengar-Mega, L50, F\n|-mega|p1b: Gengar|Gengar|Gengarite\n|move|p2b: Maushold|Follow Me|p2b: Maushold\n|-singleturn|p2b: Maushold|move: Follow Me\n|move|p1b: Gengar|Sludge Bomb|p2b: Maushold\n|-damage|p2b: Maushold|42/100\n|move|p1a: Pelipper|Weather Ball|p2b: Maushold\n|-damage|p2b: Maushold|0 fnt\n|faint|p2b: Maushold\n|move|p2a: Incineroar|Parting Shot|p1b: Gengar\n|-unboost|p1b: Gengar|atk|1\n|-unboost|p1b: Gengar|spa|1\n|\n|t:|1776206229\n|switch|p2a: Medicham|Medicham, L50, F|100/100|[from] Parting Shot\n|\n|-weather|RainDance|[upkeep]\n|upkeep\n|\n|t:|1776206232\n|switch|p2b: Incineroar|Incineroar, L50, F|100/100\n|-ability|p2b: Incineroar|Intimidate|boost\n|-unboost|p1a: Pelipper|atk|1\n|-unboost|p1b: Gengar|atk|1\n|turn|3\n|\n|t:|1776206252\n|move|p2b: Incineroar|Fake Out|p1a: Pelipper\n|-damage|p1a: Pelipper|86/100\n|move|p1b: Gengar|Shadow Ball|p2a: Medicham\n|-supereffective|p2a: Medicham|1\n|-damage|p2a: Medicham|0 fnt\n|faint|p2a: Medicham\n|cant|p1a: Pelipper|flinch\n|\n|-weather|RainDance|[upkeep]\n|upkeep\n|\n|t:|1776206257\n|switch|p2a: Froslass|Froslass, L50, F|100/100\n|turn|4\n|\n|t:|1776206279\n|switch|p1a: Incineroar|Incineroar, L50, F|100/100\n|-ability|p1a: Incineroar|Intimidate|boost\n|-unboost|p2a: Froslass|atk|1\n|-unboost|p2b: Incineroar|atk|1\n|detailschange|p2a: Froslass|Froslass-Mega, L50, F\n|-mega|p2a: Froslass|Froslass|Froslassite\n|-weather|Snowscape|[from] ability: Snow Warning|[of] p2a: Froslass\n|move|p1b: Gengar|Shadow Ball|p2a: Froslass\n|-supereffective|p2a: Froslass|1\n|-damage|p2a: Froslass|22/100\n|-unboost|p2a: Froslass|spd|1\n|move|p2a: Froslass|Shadow Ball|p1b: Gengar\n|-supereffective|p1b: Gengar|1\n|-damage|p1b: Gengar|0 fnt\n|faint|p1b: Gengar\n|move|p2b: Incineroar|Swords Dance|p2b: Incineroar\n|-boost|p2b: Incineroar|atk|2\n|\n|-weather|Snowscape|[upkeep]\n|upkeep\n|\n|t:|1776206296\n|switch|p1b: Pelipper|Pelipper, L50, F|86/100\n|-weather|RainDance|[from] ability: Drizzle|[of] p1b: Pelipper\n|turn|5\n|\n|t:|1776206306\n|move|p1a: Incineroar|Fake Out|p2b: Incineroar\n|-damage|p2b: Incineroar|92/100\n|move|p1b: Pelipper|Weather Ball|p2b: Incineroar\n|-supereffective|p2b: Incineroar|1\n|-damage|p2b: Incineroar|0 fnt\n|faint|p2b: Incineroar\n|move|p2a: Froslass|Blizzard|p1b: Pelipper|[spread] \n|-miss|p2a: Froslass|p1a: Incineroar\n|-miss|p2a: Froslass|p1b: Pelipper\n|\n|-weather|RainDance|[upkeep]\n|upkeep\n|turn|6\n|\n|t:|1776206315\n|move|p1b: Pelipper|Weather Ball|p2a: Froslass\n|-damage|p2a: Froslass|0 fnt\n|faint|p2a: Froslass\n|\n|win|grape city\n|n|\u2606grape city|grapecity\n|n|\u2606pokemonpengu|pokemonpengu\n|l|\u2606pokemonpengu\n|player|p2|\n",
  "uploadtime": 1776206678,
  "views": 16,
  "formatid": "gen9championsvgc2026regma",
  "rating": null,
  "private": 0,
  "password": null
}