{
  "id": "gen9championsvgc2026regma-2581862312",
  "format": "[Gen 9 Champions] VGC 2026 Reg M-A",
  "players": [
    "Gonzacs",
    "Forbranna"
  ],
  "log": "|j|\u2606Gonzacs\n|j|\u2606Forbranna\n|t:|1776034629\n|gametype|doubles\n|player|p1|Gonzacs|hilbert-wonderlauncher|1459\n|player|p2|Forbranna|101|1434\n|gen|9\n|tier|[Gen 9 Champions] VGC 2026 Reg M-A\n|rated|\n|rule|Species Clause: Limit one of each Pok\u00e9mon\n|rule|Item Clause: Limit 1 of each item\n|clearpoke\n|poke|p1|Talonflame, L50, M|\n|poke|p1|Garchomp, L50, F|\n|poke|p1|Rotom-Wash, L50|\n|poke|p1|Kingambit, L50, F|\n|poke|p1|Sinistcha, L50|\n|poke|p1|Floette-Eternal, L50, F|\n|poke|p2|Meganium, L50, F|\n|poke|p2|Tyranitar, L50, M|\n|poke|p2|Excadrill, L50, M|\n|poke|p2|Farigiraf, L50, M|\n|poke|p2|Aegislash, L50, M|\n|poke|p2|Volcarona, L50, F|\n|teampreview|4\n|\n|t:|1776034651\n|teamsize|p1|4\n|teamsize|p2|4\n|start\n|switch|p1a: Talonflame|Talonflame, L50, M|100/100\n|switch|p1b: Garchomp|Garchomp, L50, F|100/100\n|switch|p2a: Dr. Freud|Farigiraf, L50, M|100/100\n|switch|p2b: Charles V|Aegislash, L50, M, shiny|100/100\n|turn|1\n|\n|t:|1776034683\n|move|p2b: Charles V|Wide Guard|p2b: Charles V\n|-singleturn|p2b: Charles V|Wide Guard\n|move|p1a: Talonflame|Will-O-Wisp|p2b: Charles V\n|-status|p2b: Charles V|brn\n|move|p1b: Garchomp|Swords Dance|p1b: Garchomp\n|-boost|p1b: Garchomp|atk|2\n|move|p2a: Dr. Freud|Trick Room|p2a: Dr. Freud\n|-fieldstart|move: Trick Room|[of] p2a: Dr. Freud\n|\n|-damage|p2b: Charles V|94/100 brn|[from] brn\n|upkeep\n|turn|2\n|\n|t:|1776034707\n|switch|p1a: Kingambit|Kingambit, L50, F|100/100\n|move|p2a: Dr. Freud|Helping Hand|p2b: Charles V\n|-singleturn|p2b: Charles V|Helping Hand|[of] p2a: Dr. Freud\n|-formechange|p2b: Charles V|Aegislash-Blade|\n|move|p2b: Charles V|Shadow Ball|p1a: Kingambit\n|-resisted|p1a: Kingambit|1\n|-damage|p1a: Kingambit|67/100\n|move|p1b: Garchomp|Rock Slide|p2a: Dr. Freud|[spread] p2a,p2b\n|-resisted|p2b: Charles V|1\n|-damage|p2a: Dr. Freud|67/100\n|-damage|p2b: Charles V|58/100 brn\n|\n|-heal|p2b: Charles V|64/100 brn|[from] item: Leftovers\n|-damage|p2b: Charles V|58/100 brn|[from] brn\n|upkeep\n|turn|3\n|\n|t:|1776034729\n|-formechange|p2b: Charles V|Aegislash|\n|move|p2b: Charles V|King's Shield|p2b: Charles V\n|-singleturn|p2b: Charles V|Protect\n|move|p1a: Kingambit|Kowtow Cleave|p2a: Dr. Freud\n|-supereffective|p2a: Dr. Freud|1\n|-damage|p2a: Dr. Freud|0 fnt\n|faint|p2a: Dr. Freud\n|move|p1b: Garchomp|Swords Dance|p1b: Garchomp\n|-boost|p1b: Garchomp|atk|2\n|\n|-heal|p2b: Charles V|64/100 brn|[from] item: Leftovers\n|-damage|p2b: Charles V|58/100 brn|[from] brn\n|upkeep\n|j| wuhyun\n|\n|t:|1776034749\n|switch|p2a: Robespierre|Excadrill, L50, M, shiny|100/100\n|turn|4\n|\n|t:|1776034765\n|move|p1a: Kingambit|Kowtow Cleave|p2b: Charles V\n|-supereffective|p2b: Charles V|1\n|-damage|p2b: Charles V|0 fnt\n|faint|p2b: Charles V\n|move|p2a: Robespierre|Earthquake|p1a: Kingambit|[spread] p1a,p1b\n|-supereffective|p1a: Kingambit|1\n|-damage|p1a: Kingambit|1/100\n|-damage|p1b: Garchomp|61/100\n|move|p1b: Garchomp|Swords Dance|p1b: Garchomp\n|-boost|p1b: Garchomp|atk|2\n|\n|upkeep\n|\n|t:|1776034777\n|switch|p2b: Ivan IV|Tyranitar, L50, M, shiny|100/100\n|-weather|Sandstorm|[from] ability: Sand Stream|[of] p2b: Ivan IV\n|turn|5\n|\n|t:|1776034799\n|move|p2b: Ivan IV|Protect|p2b: Ivan IV\n|-singleturn|p2b: Ivan IV|Protect\n|move|p1b: Garchomp|Protect|p1b: Garchomp\n|-singleturn|p1b: Garchomp|Protect\n|move|p2a: Robespierre|Protect|p2a: Robespierre\n|-singleturn|p2a: Robespierre|Protect\n|move|p1a: Kingambit|Kowtow Cleave|p2a: Robespierre\n|-activate|p2a: Robespierre|move: Protect\n|\n|-weather|Sandstorm|[upkeep]\n|-fieldend|move: Trick Room\n|upkeep\n|turn|6\n|\n|t:|1776034839\n|detailschange|p2b: Ivan IV|Tyranitar-Mega, L50, M, shiny\n|-mega|p2b: Ivan IV|Tyranitar|Tyranitarite\n|move|p1a: Kingambit|Sucker Punch|p2a: Robespierre\n|-damage|p2a: Robespierre|28/100\n|move|p2a: Robespierre|Rock Slide|p1b: Garchomp|[spread] p1a,p1b\n|-resisted|p1a: Kingambit|1\n|-resisted|p1b: Garchomp|1\n|-damage|p1a: Kingambit|0 fnt\n|-damage|p1b: Garchomp|51/100\n|faint|p1a: Kingambit\n|move|p1b: Garchomp|Earthquake|p2a: Robespierre|[spread] p2a,p2b\n|-supereffective|p2a: Robespierre|1\n|-supereffective|p2b: Ivan IV|1\n|-damage|p2a: Robespierre|0 fnt\n|-damage|p2b: Ivan IV|0 fnt\n|faint|p2a: Robespierre\n|faint|p2b: Ivan IV\n|\n|win|Gonzacs\n|raw|Gonzacs's rating: 1459 &rarr; <strong>1478</strong><br />(+19 for winning)\n|raw|Forbranna's rating: 1434 &rarr; <strong>1415</strong><br />(-19 for losing)\n|c|\u2606Gonzacs|gg\n|l|\u2606Forbranna\n|player|p2|\n",
  "uploadtime": 1776034853,
  "views": 76,
  "formatid": "gen9championsvgc2026regma",
  "rating": 1415,
  "private": 0,
  "password": null
}