{
  "id": "gen9championsvgc2026regma-2586130273",
  "format": "[Gen 9 Champions] VGC 2026 Reg M-A",
  "players": [
    "cheesetomeatyou",
    "no1smashmouthfan"
  ],
  "log": "|j|\u2606cheesetomeatyou\n|j|\u2606no1smashmouthfan\n|t:|1776402704\n|gametype|doubles\n|player|p1|cheesetomeatyou|2|1059\n|player|p2|no1smashmouthfan|169|1045\n|gen|9\n|tier|[Gen 9 Champions] VGC 2026 Reg M-A\n|rated|\n|rule|Species Clause: Limit one of each Pok\u00e9mon\n|rule|Item Clause: Limit 1 of each item\n|clearpoke\n|poke|p1|Audino, L50, M|\n|poke|p1|Crabominable, L50, F|\n|poke|p1|Azumarill, L50, M|\n|poke|p1|Banette, L50, F|\n|poke|p1|Mudsdale, L50, M|\n|poke|p1|Cofagrigus, L50, M|\n|poke|p2|Glimmora, L50, F|\n|poke|p2|Garchomp, L50, F|\n|poke|p2|Talonflame, L50, M|\n|poke|p2|Decidueye-Hisui, L50, F|\n|poke|p2|Basculegion, L50, M|\n|poke|p2|Farigiraf, L50, F|\n|teampreview|4\n|inactive|Battle timer is ON: inactive players will automatically lose when time's up. (requested by cheesetomeatyou)\n|\n|t:|1776402746\n|teamsize|p1|4\n|teamsize|p2|4\n|start\n|switch|p1a: Audino|Audino, L50, M|100/100\n|switch|p1b: Azumarill|Azumarill, L50, M|100/100\n|switch|p2a: Artichaut|Glimmora, L50, F|100/100\n|switch|p2b: Frigidaire|Farigiraf, L50, F|100/100\n|turn|1\n|inactive|no1smashmouthfan has 30 seconds left.\n|\n|t:|1776402772\n|detailschange|p2a: Artichaut|Glimmora-Mega, L50, F\n|-mega|p2a: Artichaut|Glimmora|Glimmoranite\n|move|p2a: Artichaut|Sludge Bomb|p1b: Azumarill\n|-supereffective|p1b: Azumarill|1\n|-damage|p1b: Azumarill|0 fnt\n|faint|p1b: Azumarill\n|move|p2b: Frigidaire|Imprison|p2b: Frigidaire\n|-start|p2b: Frigidaire|move: Imprison\n|move|p1a: Audino|Skill Swap|p2b: Frigidaire\n|-activate|p1a: Audino|Skill Swap|Armor Tail|Klutz|[of] p2b: Frigidaire\n|\n|upkeep\n|\n|t:|1776402784\n|switch|p1b: Mudsdale|Mudsdale, L50, M|100/100\n|turn|2\n|\n|t:|1776402800\n|move|p1a: Audino|Helping Hand|p1b: Mudsdale\n|-singleturn|p1b: Mudsdale|Helping Hand|[of] p1a: Audino\n|move|p2a: Artichaut|Spiky Shield|p2a: Artichaut\n|-singleturn|p2a: Artichaut|move: Protect\n|move|p2b: Frigidaire|Psychic|p1b: Mudsdale\n|-damage|p1b: Mudsdale|64/100\n|move|p1b: Mudsdale|High Horsepower|p2b: Frigidaire\n|-damage|p2b: Frigidaire|24/100\n|\n|upkeep\n|turn|3\n|\n|t:|1776402819\n|switch|p2a: Paragruel|Basculegion, L50, M|100/100\n|move|p1a: Audino|Helping Hand|p1b: Mudsdale\n|-singleturn|p1b: Mudsdale|Helping Hand|[of] p1a: Audino\n|move|p2b: Frigidaire|Dazzling Gleam|p1b: Mudsdale|[spread] p1a,p1b\n|-damage|p1a: Audino|90/100\n|-damage|p1b: Mudsdale|50/100\n|move|p1b: Mudsdale|High Horsepower|p2a: Paragruel\n|-damage|p2a: Paragruel|0 fnt\n|faint|p2a: Paragruel\n|\n|upkeep\n|\n|t:|1776402830\n|switch|p2a: Arch\u00e9duc|Decidueye-Hisui, L50, F|100/100\n|turn|4\n|\n|t:|1776402850\n|switch|p1a: Crabominable|Crabominable, L50, F|100/100\n|move|p1b: Mudsdale|Protect|p1b: Mudsdale\n|-singleturn|p1b: Mudsdale|Protect\n|move|p2a: Arch\u00e9duc|Leaf Blade|p1b: Mudsdale\n|-activate|p1b: Mudsdale|move: Protect\n|move|p2b: Frigidaire|Psychic|p1b: Mudsdale\n|-activate|p1b: Mudsdale|move: Protect\n|\n|upkeep\n|turn|5\n|\n|t:|1776402871\n|detailschange|p1a: Crabominable|Crabominable-Mega, L50, F\n|-mega|p1a: Crabominable|Crabominable|Crabominite\n|move|p2a: Arch\u00e9duc|Triple Arrows|p1a: Crabominable\n|-supereffective|p1a: Crabominable|1\n|-crit|p1a: Crabominable\n|-damage|p1a: Crabominable|0 fnt\n|faint|p1a: Crabominable\n|move|p2b: Frigidaire|Psychic|p1b: Mudsdale\n|-damage|p1b: Mudsdale|14/100\n|-unboost|p1b: Mudsdale|spd|1\n|move|p1b: Mudsdale|High Horsepower|p2b: Frigidaire\n|-damage|p2b: Frigidaire|0 fnt\n|faint|p2b: Frigidaire\n|\n|upkeep\n|\n|t:|1776402883\n|switch|p2b: Artichaut|Glimmora-Mega, L50, F|100/100\n|switch|p1a: Audino|Audino, L50, M|90/100\n|turn|6\n|\n|t:|1776402901\n|move|p2b: Artichaut|Sludge Bomb|p1a: Audino\n|-damage|p1a: Audino|33/100\n|-status|p1a: Audino|psn\n|move|p2a: Arch\u00e9duc|Triple Arrows|p1b: Mudsdale\n|-damage|p1b: Mudsdale|0 fnt\n|faint|p1b: Mudsdale\n|move|p1a: Audino|Skill Swap|p2b: Artichaut\n|-activate|p1a: Audino|Skill Swap|Adaptability|Klutz|[of] p2b: Artichaut\n|\n|-damage|p1a: Audino|21/100 psn|[from] psn\n|upkeep\n|turn|7\n|-message|cheesetomeatyou forfeited.\n|\n|win|no1smashmouthfan\n|raw|cheesetomeatyou's rating: 1059 &rarr; <strong>1039</strong><br />(-20 for losing)\n|raw|no1smashmouthfan's rating: 1045 &rarr; <strong>1080</strong><br />(+35 for winning)\n|l|\u2606cheesetomeatyou\n|player|p1|\n",
  "uploadtime": 1776402938,
  "views": 18,
  "formatid": "gen9championsvgc2026regma",
  "rating": 1039,
  "private": 0,
  "password": null
}