{
  "id": "gen9championsvgc2026regma-2586190186",
  "format": "[Gen 9 Champions] VGC 2026 Reg M-A",
  "players": [
    "vgtgbh",
    "kowi1608"
  ],
  "log": "|j|\u2606vgtgbh\n|j|\u2606kowi1608\n|t:|1776410380\n|gametype|doubles\n|player|p1|vgtgbh|2|1000\n|player|p2|kowi1608|sabrina-lgpe|1000\n|gen|9\n|tier|[Gen 9 Champions] VGC 2026 Reg M-A\n|rated|\n|rule|Species Clause: Limit one of each Pok\u00e9mon\n|rule|Item Clause: Limit 1 of each item\n|clearpoke\n|poke|p1|Charizard, L50, F|\n|poke|p1|Garchomp, L50, M|\n|poke|p1|Whimsicott, L50, M|\n|poke|p1|Incineroar, L50, M|\n|poke|p1|Sneasler, L50, F|\n|poke|p1|Kingambit, L50, M|\n|poke|p2|Meowstic, L50, M|\n|poke|p2|Hatterene, L50, F|\n|poke|p2|Farigiraf, L50, F|\n|poke|p2|Armarouge, L50, F|\n|poke|p2|Oranguru, L50, F|\n|poke|p2|Slowbro, L50, M|\n|teampreview|4\nkowi1608 rejected open team sheets.\n|\n|t:|1776410419\n|teamsize|p1|4\n|teamsize|p2|4\n|start\n|switch|p1a: Sneasler|Sneasler, L50, F|100/100\n|switch|p1b: Garchomp|Garchomp, L50, M|100/100\n|switch|p2a: Meowstic|Meowstic, L50, M|100/100\n|switch|p2b: Farigiraf|Farigiraf, L50, F|100/100\n|turn|1\n|\n|t:|1776410444\n|move|p2a: Meowstic|Psychic Terrain|p2a: Meowstic\n|-fieldstart|move: Psychic Terrain\n|move|p1b: Garchomp|Rock Slide|p2b: Farigiraf|[spread] p2a,p2b\n|-damage|p2a: Meowstic|73/100\n|-damage|p2b: Farigiraf|78/100\n|move|p1a: Sneasler|Close Combat|p2b: Farigiraf\n|-damage|p2b: Farigiraf|13/100\n|-unboost|p1a: Sneasler|def|1\n|-unboost|p1a: Sneasler|spd|1\n|-enditem|p2b: Farigiraf|Sitrus Berry|[eat]\n|-heal|p2b: Farigiraf|38/100|[from] item: Sitrus Berry\n|-enditem|p1a: Sneasler|White Herb\n|-clearnegativeboost|p1a: Sneasler|[silent]\n|move|p2b: Farigiraf|Trick Room|p2b: Farigiraf\n|-fieldstart|move: Trick Room|[of] p2b: Farigiraf\n|\n|upkeep\n|turn|2\n|\n|t:|1776410468\n|move|p1a: Sneasler|Protect|p1a: Sneasler\n|-singleturn|p1a: Sneasler|Protect\n|move|p2b: Farigiraf|Expanding Force|p1a: Sneasler|[spread] p1b\n|-activate|p1a: Sneasler|move: Protect\n|-damage|p1b: Garchomp|56/100\n|move|p2a: Meowstic|Alluring Voice|p1b: Garchomp\n|-supereffective|p1b: Garchomp|1\n|-damage|p1b: Garchomp|18/100\n|move|p1b: Garchomp|Rock Slide|p2b: Farigiraf|[spread] p2a\n|-miss|p1b: Garchomp|p2b: Farigiraf\n|-crit|p2a: Meowstic\n|-damage|p2a: Meowstic|36/100\n|\n|upkeep\n|turn|3\n|\n|t:|1776410496\n|switch|p1a: Whimsicott|Whimsicott, L50, M|100/100\n|move|p2b: Farigiraf|Imprison|p2b: Farigiraf\n|-start|p2b: Farigiraf|move: Imprison\n|move|p2a: Meowstic|Alluring Voice|p1b: Garchomp\n|-supereffective|p1b: Garchomp|1\n|-damage|p1b: Garchomp|0 fnt\n|faint|p1b: Garchomp\n|\n|upkeep\n|\n|t:|1776410506\n|switch|p1b: Charizard|Charizard, L50, F|100/100\n|turn|4\n|\n|t:|1776410528\n|detailschange|p1b: Charizard|Charizard-Mega-Y, L50, F\n|-mega|p1b: Charizard|Charizard|Charizardite Y\n|-weather|SunnyDay|[from] ability: Drought|[of] p1b: Charizard\n|move|p2b: Farigiraf|Expanding Force|p1b: Charizard|[spread] p1a,p1b\n|-damage|p1a: Whimsicott|42/100\n|-damage|p1b: Charizard|55/100\n|move|p2a: Meowstic|Expanding Force|p1a: Whimsicott|[spread] p1a,p1b\n|-damage|p1a: Whimsicott|0 fnt\n|-damage|p1b: Charizard|6/100\n|faint|p1a: Whimsicott\n|move|p1b: Charizard|Heat Wave|p2a: Meowstic|[spread] p2a,p2b\n|-damage|p2a: Meowstic|0 fnt\n|-damage|p2b: Farigiraf|0 fnt\n|faint|p2a: Meowstic\n|faint|p2b: Farigiraf\n|\n|-weather|SunnyDay|[upkeep]\n|upkeep\n|\n|t:|1776410543\n|switch|p2b: Armarouge|Armarouge, L50, F|100/100\n|switch|p2a: Slowbro|Slowbro, L50, M|100/100\n|switch|p1a: Sneasler|Sneasler, L50, F|100/100\n|turn|5\n|\n|t:|1776410561\n|detailschange|p2a: Slowbro|Slowbro-Mega, L50, M\n|-mega|p2a: Slowbro|Slowbro|Slowbronite\n|move|p1b: Charizard|Protect|p1b: Charizard\n|-singleturn|p1b: Charizard|Protect\n|move|p1a: Sneasler|Protect|p1a: Sneasler\n|-singleturn|p1a: Sneasler|Protect\n|move|p2a: Slowbro|Expanding Force|p1a: Sneasler|[spread] \n|-activate|p1a: Sneasler|move: Protect\n|-activate|p1b: Charizard|move: Protect\n|move|p2b: Armarouge|Expanding Force|p1b: Charizard|[spread] \n|-activate|p1a: Sneasler|move: Protect\n|-activate|p1b: Charizard|move: Protect\n|\n|-weather|SunnyDay|[upkeep]\n|-fieldend|move: Trick Room\n|-fieldend|move: Psychic Terrain\n|upkeep\n|turn|6\n|\n|t:|1776410587\n|move|p1a: Sneasler|Dire Claw|p2b: Armarouge\n|-damage|p2b: Armarouge|61/100\n|-status|p2b: Armarouge|slp\n|move|p1b: Charizard|Solar Beam||[still]\n|-prepare|p1b: Charizard|Solar Beam\n|-anim|p1b: Charizard|Solar Beam|p2a: Slowbro\n|-supereffective|p2a: Slowbro|1\n|-damage|p2a: Slowbro|5/100\n|cant|p2b: Armarouge|slp\n|move|p2a: Slowbro|Expanding Force|p1a: Sneasler\n|-supereffective|p1a: Sneasler|2\n|-damage|p1a: Sneasler|0 fnt\n|faint|p1a: Sneasler\n|\n|-weather|SunnyDay|[upkeep]\n|upkeep\n|turn|7\n|\n|t:|1776410611\n|move|p1b: Charizard|Heat Wave|p2a: Slowbro|[spread] p2a\n|-start|p2b: Armarouge|ability: Flash Fire\n|-resisted|p2a: Slowbro|1\n|-damage|p2a: Slowbro|0 fnt\n|faint|p2a: Slowbro\n|cant|p2b: Armarouge|slp\n|\n|-weather|SunnyDay|[upkeep]\n|upkeep\n|turn|8\n|\n|t:|1776410622\n|-curestatus|p2b: Armarouge|slp|[msg]\n|move|p2b: Armarouge|Protect|p2b: Armarouge\n|-singleturn|p2b: Armarouge|Protect\n|move|p1b: Charizard|Air Slash|p2b: Armarouge\n|-activate|p2b: Armarouge|move: Protect\n|\n|-weather|none\n|upkeep\n|turn|9\n|\n|t:|1776410632\n|move|p1b: Charizard|Air Slash|p2b: Armarouge\n|-damage|p2b: Armarouge|8/100\n|cant|p2b: Armarouge|flinch\n|\n|upkeep\n|turn|10\n|\n|t:|1776410639\n|move|p1b: Charizard|Air Slash|p2b: Armarouge\n|-damage|p2b: Armarouge|0 fnt\n|faint|p2b: Armarouge\n|\n|win|vgtgbh\n|raw|vgtgbh's rating: 1000 &rarr; <strong>1040</strong><br />(+40 for winning)\n|raw|kowi1608's rating: 1000 &rarr; <strong>1000</strong><br />(+0 for losing)\n|c|\u2606kowi1608|gg\n",
  "uploadtime": 1776410646,
  "views": 17,
  "formatid": "gen9championsvgc2026regma",
  "rating": 1000,
  "private": 0,
  "password": null
}