{
  "id": "gen9championsvgc2026regma-2588465551",
  "format": "[Gen 9 Champions] VGC 2026 Reg M-A",
  "players": [
    "potat0king",
    "DragonairJordan23"
  ],
  "log": "|j|\u2606potat0king\n|j|\u2606DragonairJordan23\n|t:|1776635948\n|gametype|doubles\n|player|p1|potat0king|tuber|1150\n|player|p2|DragonairJordan23|dancer|1181\n|gen|9\n|tier|[Gen 9 Champions] VGC 2026 Reg M-A\n|rated|\n|rule|Species Clause: Limit one of each Pok\u00e9mon\n|rule|Item Clause: Limit 1 of each item\n|clearpoke\n|poke|p1|Gyarados, L50, F|\n|poke|p1|Garchomp, L50, F|\n|poke|p1|Gengar, L50, M|\n|poke|p1|Mamoswine, L50, F|\n|poke|p1|Rotom-Wash, L50|\n|poke|p1|Gallade, L50, M|\n|poke|p2|Tinkaton, L50, F|\n|poke|p2|Incineroar, L50, M|\n|poke|p2|Farigiraf, L50, F|\n|poke|p2|Torkoal, L50, F|\n|poke|p2|Gardevoir, L50, F|\n|poke|p2|Kommo-o, L50, M|\n|teampreview|4\n|inactive|Battle timer is ON: inactive players will automatically lose when time's up. (requested by potat0king)\n|inactive|potat0king has 60 seconds left.\n|inactive|potat0king has 30 seconds left.\n|inactive|potat0king has 20 seconds left.\n|\n|t:|1776636023\n|teamsize|p1|4\n|teamsize|p2|4\n|start\n|switch|p1a: Gyarados|Gyarados, L50, F|100/100\n|switch|p1b: Mamoswine|Mamoswine, L50, F|100/100\n|switch|p2a: Kommo-o|Kommo-o, L50, M|100/100\n|switch|p2b: Incineroar|Incineroar, L50, M|100/100\n|-ability|p1a: Gyarados|Intimidate|boost\n|-unboost|p2a: Kommo-o|atk|1\n|-unboost|p2b: Incineroar|atk|1\n|-ability|p2b: Incineroar|Intimidate|boost\n|-unboost|p1a: Gyarados|atk|1\n|-fail|p1b: Mamoswine|unboost|Attack|[from] ability: Oblivious|[of] p1b: Mamoswine\n|turn|1\n|inactive|potat0king has 30 seconds left.\n|\n|t:|1776636053\n|move|p2b: Incineroar|Fake Out|p1a: Gyarados\n|-damage|p1a: Gyarados|95/100\n|move|p1b: Mamoswine|Icicle Crash|p2a: Kommo-o\n|-supereffective|p2a: Kommo-o|1\n|-damage|p2a: Kommo-o|35/100\n|cant|p2a: Kommo-o|flinch\n|cant|p1a: Gyarados|flinch\n|\n|-heal|p2a: Kommo-o|41/100|[from] item: Leftovers\n|upkeep\n|turn|2\n|\n|t:|1776636066\n|move|p2a: Kommo-o|Protect|p2a: Kommo-o\n|-singleturn|p2a: Kommo-o|Protect\n|move|p1b: Mamoswine|Icicle Crash|p2a: Kommo-o\n|-activate|p2a: Kommo-o|move: Protect\n|move|p1a: Gyarados|Waterfall|p2b: Incineroar\n|-supereffective|p2b: Incineroar|1\n|-damage|p2b: Incineroar|65/100\n|move|p2b: Incineroar|Parting Shot|p1b: Mamoswine\n|-unboost|p1b: Mamoswine|atk|1\n|-unboost|p1b: Mamoswine|spa|1\n|inactive|DragonairJordan23 has 30 seconds left.\n|inactive|DragonairJordan23 has 20 seconds left.\n|inactive|DragonairJordan23 has 15 seconds left.\n|\n|t:|1776636108\n|switch|p2b: Farigiraf|Farigiraf, L50, F|100/100|[from] Parting Shot\n|\n|-heal|p2a: Kommo-o|47/100|[from] item: Leftovers\n|upkeep\n|turn|3\n|\n|t:|1776636116\n|switch|p2a: Incineroar|Incineroar, L50, M|65/100\n|-ability|p2a: Incineroar|Intimidate|boost\n|-unboost|p1a: Gyarados|atk|1\n|-fail|p1b: Mamoswine|unboost|Attack|[from] ability: Oblivious|[of] p1b: Mamoswine\n|move|p1b: Mamoswine|Icicle Crash|p2a: Incineroar|[miss]\n|-miss|p1b: Mamoswine|p2a: Incineroar\n|move|p1a: Gyarados|Taunt|p2b: Farigiraf\n|-start|p2b: Farigiraf|move: Taunt\n|cant|p2b: Farigiraf|move: Taunt|Trick Room\n|\n|upkeep\n|turn|4\n|\n|t:|1776636139\n|switch|p1b: Rotom|Rotom-Wash, L50|100/100\n|move|p2a: Incineroar|Fake Out|p1b: Rotom\n|-damage|p1b: Rotom|88/100\n|move|p1a: Gyarados|Thunder Wave|p2a: Incineroar\n|-status|p2a: Incineroar|par\n|move|p2b: Farigiraf|Hyper Voice|p1b: Rotom|[spread] p1a,p1b\n|-damage|p1a: Gyarados|71/100\n|-damage|p1b: Rotom|60/100\n|\n|-heal|p1b: Rotom|65/100|[from] item: Leftovers\n|upkeep\n|turn|5\n|inactive|potat0king has 30 seconds left.\n|\n|t:|1776636173\n|switch|p1a: Garchomp|Garchomp, L50, F|100/100\n|switch|p2a: Kommo-o|Kommo-o, L50, M|47/100\n|move|p1b: Rotom|Hydro Pump|p2a: Kommo-o\n|-resisted|p2a: Kommo-o|1\n|-damage|p2a: Kommo-o|27/100\n|move|p2b: Farigiraf|Hyper Voice|p1b: Rotom|[spread] p1a,p1b\n|-damage|p1a: Garchomp|71/100\n|-damage|p1b: Rotom|34/100\n|\n|-heal|p1b: Rotom|40/100|[from] item: Leftovers\n|-heal|p2a: Kommo-o|33/100|[from] item: Leftovers\n|-end|p2b: Farigiraf|move: Taunt\n|upkeep\n|turn|6\n|inactive|DragonairJordan23 has 30 seconds left.\n|\n|t:|1776636200\n|switch|p2a: Incineroar|Incineroar, L50, M|65/100 par\n|-ability|p2a: Incineroar|Intimidate|boost\n|-unboost|p1a: Garchomp|atk|1\n|-unboost|p1b: Rotom|atk|1\n|move|p1a: Garchomp|Earthquake|p2b: Farigiraf|[spread] p2a,p2b\n|-immune|p1b: Rotom|[from] ability: Levitate\n|-supereffective|p2a: Incineroar|1\n|-damage|p2a: Incineroar|19/100 par\n|-damage|p2b: Farigiraf|74/100\n|-enditem|p2a: Incineroar|Sitrus Berry|[eat]\n|-heal|p2a: Incineroar|44/100 par|[from] item: Sitrus Berry\n|move|p1b: Rotom|Hydro Pump|p2b: Farigiraf\n|-damage|p2b: Farigiraf|38/100\n|move|p2b: Farigiraf|Trick Room|p2b: Farigiraf\n|-fieldstart|move: Trick Room|[of] p2b: Farigiraf\n|\n|-heal|p1b: Rotom|46/100|[from] item: Leftovers\n|upkeep\n|turn|7\n|\n|t:|1776636217\n|move|p1b: Rotom|Protect|p1b: Rotom\n|-singleturn|p1b: Rotom|Protect\n|move|p1a: Garchomp|Protect|p1a: Garchomp\n|-singleturn|p1a: Garchomp|Protect\n|move|p2a: Incineroar|Parting Shot|p1b: Rotom\n|-activate|p1b: Rotom|move: Protect\n|move|p2b: Farigiraf|Psychic Terrain|p2b: Farigiraf\n|-fieldstart|move: Psychic Terrain\n|\n|-heal|p1b: Rotom|51/100|[from] item: Leftovers\n|upkeep\n|turn|8\n|\n|t:|1776636238\n|move|p2a: Incineroar|Parting Shot|p1b: Rotom\n|-unboost|p1b: Rotom|atk|1\n|-unboost|p1b: Rotom|spa|1\n|\n|t:|1776636242\n|switch|p2a: Gardevoir|Gardevoir, L50, F|100/100|[from] Parting Shot\n|-ability|p2a: Gardevoir|Rough Skin|Trace|[from] ability: Trace|[of] p1a: Garchomp\n|move|p2b: Farigiraf|Hyper Voice|p1b: Rotom|[spread] p1a,p1b\n|-damage|p1a: Garchomp|42/100\n|-damage|p1b: Rotom|23/100\n|move|p1b: Rotom|Hydro Pump|p2a: Gardevoir\n|-damage|p2a: Gardevoir|76/100\n|move|p1a: Garchomp|Rock Slide|p2a: Gardevoir|[spread] p2a,p2b\n|-damage|p2a: Gardevoir|61/100\n|-damage|p2b: Farigiraf|26/100\n|\n|-heal|p1b: Rotom|29/100|[from] item: Leftovers\n|upkeep\n|turn|9\n|\n|t:|1776636257\n|detailschange|p2a: Gardevoir|Gardevoir-Mega, L50, F\n|-mega|p2a: Gardevoir|Gardevoir|Gardevoirite\n|move|p1b: Rotom|Protect|p1b: Rotom\n|-singleturn|p1b: Rotom|Protect\n|move|p1a: Garchomp|Protect|p1a: Garchomp\n|-singleturn|p1a: Garchomp|Protect\n|move|p2b: Farigiraf|Hyper Voice|p1b: Rotom|[spread] \n|-activate|p1a: Garchomp|move: Protect\n|-activate|p1b: Rotom|move: Protect\n|move|p2a: Gardevoir|Expanding Force|p1b: Rotom|[spread] \n|-activate|p1a: Garchomp|move: Protect\n|-activate|p1b: Rotom|move: Protect\n|\n|-heal|p1b: Rotom|34/100|[from] item: Leftovers\n|upkeep\n|turn|10\n|inactive|potat0king has 30 seconds left.\n|\n|t:|1776636283\n|move|p2b: Farigiraf|Hyper Voice|p1a: Garchomp|[spread] p1a,p1b\n|-damage|p1a: Garchomp|11/100\n|-damage|p1b: Rotom|8/100\n|move|p2a: Gardevoir|Expanding Force|p1a: Garchomp|[spread] p1a,p1b\n|-damage|p1a: Garchomp|0 fnt\n|-damage|p1b: Rotom|0 fnt\n|faint|p1a: Garchomp\n|faint|p1b: Rotom\n|\n|-fieldend|move: Trick Room\n|upkeep\n|\n|t:|1776636294\n|switch|p1a: Gyarados|Gyarados, L50, F|71/100\n|switch|p1b: Mamoswine|Mamoswine, L50, F|100/100\n|-ability|p1a: Gyarados|Intimidate|boost\n|-unboost|p2a: Gardevoir|atk|1\n|-unboost|p2b: Farigiraf|atk|1\n|turn|11\n|\n|t:|1776636307\n|switch|p2b: Incineroar|Incineroar, L50, M|44/100 par\n|-ability|p2b: Incineroar|Intimidate|boost\n|-unboost|p1a: Gyarados|atk|1\n|-fail|p1b: Mamoswine|unboost|Attack|[from] ability: Oblivious|[of] p1b: Mamoswine\n|move|p1b: Mamoswine|Earthquake|p2a: Gardevoir|[spread] p2a,p2b\n|-immune|p1a: Gyarados\n|-supereffective|p2b: Incineroar|1\n|-damage|p2a: Gardevoir|15/100\n|-damage|p2b: Incineroar|0 fnt\n|faint|p2b: Incineroar\n|move|p2a: Gardevoir|Expanding Force|p1a: Gyarados|[spread] p1a,p1b\n|-damage|p1a: Gyarados|15/100\n|-enditem|p1b: Mamoswine|Focus Sash\n|-damage|p1b: Mamoswine|1/100\n|-enditem|p1a: Gyarados|Sitrus Berry|[eat]\n|-heal|p1a: Gyarados|40/100|[from] item: Sitrus Berry\n|move|p1a: Gyarados|Waterfall|p2a: Gardevoir\n|-damage|p2a: Gardevoir|0 fnt\n|faint|p2a: Gardevoir\n|\n|-fieldend|move: Psychic Terrain\n|upkeep\n|\n|t:|1776636321\n|switch|p2a: Kommo-o|Kommo-o, L50, M|33/100\n|switch|p2b: Farigiraf|Farigiraf, L50, F|26/100\n|turn|12\n|\n|t:|1776636344\n|move|p1b: Mamoswine|Earthquake|p2a: Kommo-o|[spread] p2a,p2b\n|-immune|p1a: Gyarados\n|-damage|p2a: Kommo-o|10/100\n|-damage|p2b: Farigiraf|0 fnt\n|faint|p2b: Farigiraf\n|move|p2a: Kommo-o|Body Press|p1b: Mamoswine\n|-supereffective|p1b: Mamoswine|1\n|-damage|p1b: Mamoswine|0 fnt\n|faint|p1b: Mamoswine\n|move|p1a: Gyarados|Waterfall|p2a: Kommo-o\n|-resisted|p2a: Kommo-o|1\n|-damage|p2a: Kommo-o|3/100\n|\n|-heal|p2a: Kommo-o|9/100|[from] item: Leftovers\n|upkeep\n|turn|13\n|\n|t:|1776636358\n|move|p2a: Kommo-o|Protect|p2a: Kommo-o\n|-singleturn|p2a: Kommo-o|Protect\n|move|p1a: Gyarados|Waterfall|p2a: Kommo-o\n|-activate|p2a: Kommo-o|move: Protect\n|\n|-heal|p2a: Kommo-o|15/100|[from] item: Leftovers\n|upkeep\n|turn|14\n|\n|t:|1776636371\n|move|p2a: Kommo-o|Iron Defense|p2a: Kommo-o\n|-boost|p2a: Kommo-o|def|2\n|move|p1a: Gyarados|Thunder Wave|p2a: Kommo-o\n|-status|p2a: Kommo-o|par\n|\n|-heal|p2a: Kommo-o|21/100 par|[from] item: Leftovers\n|upkeep\n|turn|15\n|-message|potat0king forfeited.\n|\n|win|DragonairJordan23\n|raw|potat0king's rating: 1150 &rarr; <strong>1127</strong><br />(-23 for losing)\n|raw|DragonairJordan23's rating: 1181 &rarr; <strong>1204</strong><br />(+23 for winning)\n",
  "uploadtime": 1776636378,
  "views": 12,
  "formatid": "gen9championsvgc2026regma",
  "rating": 1127,
  "private": 0,
  "password": null
}