{
  "id": "gen9championsvgc2026regma-2588138493",
  "format": "[Gen 9 Champions] VGC 2026 Reg M-A",
  "players": [
    "rinniee_mee",
    "red1998poke"
  ],
  "log": "|j|\u2606rinniee_mee\n|j|\u2606red1998poke\n|t:|1776608240\n|gametype|doubles\n|player|p1|rinniee_mee|caitlin|1029\n|player|p2|red1998poke|2|1000\n|gen|9\n|tier|[Gen 9 Champions] VGC 2026 Reg M-A\n|rated|\n|rule|Species Clause: Limit one of each Pok\u00e9mon\n|rule|Item Clause: Limit 1 of each item\n|clearpoke\n|poke|p1|Froslass, L50, F, shiny|\n|poke|p1|Drampa, L50, F|\n|poke|p1|Sinistcha-Masterpiece, L50|\n|poke|p1|Milotic, L50, M|\n|poke|p1|Corviknight, L50, F, shiny|\n|poke|p1|Garchomp, L50, F, shiny|\n|poke|p2|Corviknight, L50, M|\n|poke|p2|Garchomp, L50, M|\n|poke|p2|Rotom-Heat, L50|\n|poke|p2|Gardevoir, L50, M|\n|poke|p2|Maushold-Four, L50|\n|poke|p2|Incineroar, L50, F|\n|teampreview|4\n|inactive|Battle timer is ON: inactive players will automatically lose when time's up. (requested by rinniee_mee)\n|inactive|rinniee_mee has 60 seconds left.\n|\n|t:|1776608271\n|teamsize|p1|4\n|teamsize|p2|4\n|start\n|switch|p1a: Froslass|Froslass, L50, F, shiny|100/100\n|switch|p1b: Garchomp|Garchomp, L50, F, shiny|100/100\n|switch|p2a: Corviknight|Corviknight, L50, M|100/100\n|switch|p2b: Maushold|Maushold-Four, L50|100/100\n|-ability|p2a: Corviknight|Pressure\n|turn|1\n|\n|t:|1776608287\n|move|p1a: Froslass|Protect|p1a: Froslass\n|-singleturn|p1a: Froslass|Protect\n|move|p1b: Garchomp|Rock Slide|p2b: Maushold|[spread] p2a,p2b\n|-damage|p2a: Corviknight|90/100\n|-damage|p2b: Maushold|74/100\n|move|p2b: Maushold|Super Fang|p1b: Garchomp\n|-damage|p1b: Garchomp|51/100\n|-damage|p2b: Maushold|62/100|[from] ability: Rough Skin|[of] p1b: Garchomp\n|cant|p2a: Corviknight|flinch\n|\n|-heal|p2a: Corviknight|96/100|[from] item: Leftovers\n|upkeep\n|turn|2\n|\n|t:|1776608305\n|detailschange|p1a: Froslass|Froslass-Mega, L50, F, shiny\n|-mega|p1a: Froslass|Froslass|Froslassite\n|-weather|Snowscape|[from] ability: Snow Warning|[of] p1a: Froslass\n|move|p2b: Maushold|Protect|p2b: Maushold\n|-singleturn|p2b: Maushold|Protect\n|move|p1b: Garchomp|Rock Slide|p2b: Maushold|[spread] \n|-activate|p2b: Maushold|move: Protect\n|-miss|p1b: Garchomp|p2a: Corviknight\n|move|p1a: Froslass|Aurora Veil|p1a: Froslass\n|-sidestart|p1: rinniee_mee|move: Aurora Veil\n|move|p2a: Corviknight|Tailwind|p2a: Corviknight\n|-sidestart|p2: red1998poke|move: Tailwind\n|\n|-weather|Snowscape|[upkeep]\n|-heal|p2a: Corviknight|100/100|[from] item: Leftovers\n|upkeep\n|turn|3\n|inactive|red1998poke has 30 seconds left.\n|inactive|red1998poke has 20 seconds left.\n|inactive|red1998poke has 15 seconds left.\n|\n|t:|1776608345\n|switch|p1a: Sinistcha|Sinistcha-Masterpiece, L50|100/100\n|-heal|p1b: Garchomp|76/100|[from] ability: Hospitality|[of] p1a: Sinistcha\n|move|p2b: Maushold|Helping Hand|p2a: Corviknight\n|-singleturn|p2a: Corviknight|Helping Hand|[of] p2b: Maushold\n|move|p1b: Garchomp|Rock Slide|p2a: Corviknight|[spread] p2a,p2b\n|-crit|p2a: Corviknight\n|-damage|p2a: Corviknight|86/100\n|-damage|p2b: Maushold|35/100\n|cant|p2a: Corviknight|flinch\n|\n|-weather|Snowscape|[upkeep]\n|-heal|p2a: Corviknight|92/100|[from] item: Leftovers\n|upkeep\n|turn|4\n|inactive|rinniee_mee has 30 seconds left.\n|inactive|red1998poke has 30 seconds left.\n|\n|t:|1776608376\n|move|p2b: Maushold|Helping Hand|p2a: Corviknight\n|-singleturn|p2a: Corviknight|Helping Hand|[of] p2b: Maushold\n|move|p1b: Garchomp|Rock Slide|p2a: Corviknight|[spread] p2a,p2b\n|-damage|p2a: Corviknight|83/100\n|-damage|p2b: Maushold|12/100\n|move|p2a: Corviknight|Brave Bird|p1a: Sinistcha\n|-supereffective|p1a: Sinistcha|1\n|-damage|p1a: Sinistcha|42/100\n|-damage|p2a: Corviknight|66/100|[from] Recoil\n|move|p1a: Sinistcha|Trick Room|p1a: Sinistcha\n|-fieldstart|move: Trick Room|[of] p1a: Sinistcha\n|\n|-weather|Snowscape|[upkeep]\n|-heal|p2a: Corviknight|72/100|[from] item: Leftovers\n|upkeep\n|turn|5\n|inactive|rinniee_mee has 30 seconds left.\n|inactive|red1998poke has 30 seconds left.\n|\n|t:|1776608405\n|move|p2b: Maushold|Protect|p2b: Maushold\n|-singleturn|p2b: Maushold|Protect\n|move|p1a: Sinistcha|Matcha Gotcha|p2a: Corviknight|[spread] p2a\n|-activate|p2b: Maushold|move: Protect\n|-resisted|p2a: Corviknight|2\n|-damage|p2a: Corviknight|67/100\n|-heal|p1a: Sinistcha|44/100|[from] drain|[of] p2a: Corviknight\n|move|p2a: Corviknight|Brave Bird|p1a: Sinistcha\n|-supereffective|p1a: Sinistcha|1\n|-damage|p1a: Sinistcha|2/100\n|-damage|p2a: Corviknight|55/100|[from] Recoil\n|move|p1b: Garchomp|Rock Slide|p2b: Maushold|[spread] p2a\n|-activate|p2b: Maushold|move: Protect\n|-damage|p2a: Corviknight|43/100\n|\n|-weather|Snowscape|[upkeep]\n|-heal|p2a: Corviknight|49/100|[from] item: Leftovers\n|-sideend|p2: red1998poke|move: Tailwind\n|upkeep\n|turn|6\n|inactive|red1998poke has 30 seconds left.\n|inactive|rinniee_mee has 30 seconds left.\n|\n|t:|1776608438\n|switch|p2b: Garchomp|Garchomp, L50, M|100/100\n|move|p1a: Sinistcha|Life Dew|p1a: Sinistcha|[spread] p1a,p1b\n|-heal|p1a: Sinistcha|27/100\n|-heal|p1b: Garchomp|100/100\n|move|p2a: Corviknight|U-turn|p1a: Sinistcha\n|-damage|p1a: Sinistcha|19/100\n|\n|t:|1776608452\n|switch|p2a: Rotom|Rotom-Heat, L50|100/100|[from] U-turn\n|move|p1b: Garchomp|Rock Slide|p2b: Garchomp|[spread] p2a,p2b\n|-supereffective|p2a: Rotom|1\n|-resisted|p2b: Garchomp|1\n|-damage|p2a: Rotom|60/100\n|-damage|p2b: Garchomp|92/100\n|\n|-weather|none\n|-sideend|p1: rinniee_mee|move: Aurora Veil\n|upkeep\n|turn|7\n|inactive|red1998poke has 30 seconds left.\n|inactive|red1998poke has 20 seconds left.\n|\n|t:|1776608489\n|switch|p1a: Milotic|Milotic, L50, M|100/100\n|move|p2a: Rotom|Overheat|p1b: Garchomp\n|-resisted|p1b: Garchomp|1\n|-damage|p1b: Garchomp|72/100\n|-unboost|p2a: Rotom|spa|2\n|-enditem|p2a: Rotom|White Herb\n|-clearnegativeboost|p2a: Rotom|[silent]\n|move|p2b: Garchomp|Dragon Claw|p1b: Garchomp\n|-supereffective|p1b: Garchomp|1\n|-damage|p1b: Garchomp|0 fnt\n|-damage|p2b: Garchomp|80/100|[from] ability: Rough Skin|[of] p1b: Garchomp\n|faint|p1b: Garchomp\n|\n|upkeep\n|\n|t:|1776608504\n|switch|p1b: Froslass|Froslass-Mega, L50, F, shiny|100/100\n|-weather|Snowscape|[from] ability: Snow Warning|[of] p1b: Froslass\n|turn|8\n|inactive|red1998poke has 30 seconds left.\n|\n|t:|1776608529\n|move|p1b: Froslass|Protect|p1b: Froslass\n|-singleturn|p1b: Froslass|Protect\n|move|p1a: Milotic|Icy Wind|p2a: Rotom|[spread] p2a,p2b\n|-resisted|p2a: Rotom|1\n|-supereffective|p2b: Garchomp|2\n|-damage|p2a: Rotom|56/100\n|-damage|p2b: Garchomp|43/100\n|-unboost|p2a: Rotom|spe|1\n|-unboost|p2b: Garchomp|spe|1\n|move|p2a: Rotom|Volt Switch|p1a: Milotic\n|-supereffective|p1a: Milotic|1\n|-damage|p1a: Milotic|53/100\n|inactive|red1998poke has 30 seconds left.\n|\n|t:|1776608558\n|switch|p2a: Maushold|Maushold-Four, L50|12/100|[from] Volt Switch\n|move|p2b: Garchomp|Earthquake|p1b: Froslass|[spread] p2a,p1a\n|-activate|p1b: Froslass|move: Protect\n|-damage|p2a: Maushold|0 fnt\n|-damage|p1a: Milotic|13/100\n|faint|p2a: Maushold\n|\n|-weather|Snowscape|[upkeep]\n|-heal|p1a: Milotic|19/100|[from] item: Leftovers\n|-fieldend|move: Trick Room\n|upkeep\n|\n|t:|1776608568\n|switch|p2a: Rotom|Rotom-Heat, L50|56/100\n|turn|9\n|inactive|red1998poke has 30 seconds left.\n|inactive|red1998poke has 20 seconds left.\n|\n|t:|1776608604\n|move|p1a: Milotic|Protect|p1a: Milotic\n|-singleturn|p1a: Milotic|Protect\n|move|p2b: Garchomp|Protect|p2b: Garchomp\n|-singleturn|p2b: Garchomp|Protect\n|move|p1b: Froslass|Shadow Ball|p2a: Rotom\n|-damage|p2a: Rotom|18/100\n|move|p2a: Rotom|Overheat|p1b: Froslass\n|-supereffective|p1b: Froslass|1\n|-damage|p1b: Froslass|0 fnt\n|-unboost|p2a: Rotom|spa|2\n|faint|p1b: Froslass\n|\n|-weather|Snowscape|[upkeep]\n|-heal|p1a: Milotic|25/100|[from] item: Leftovers\n|upkeep\n|\n|t:|1776608621\n|switch|p1b: Sinistcha|Sinistcha-Masterpiece, L50|19/100\n|-heal|p1a: Milotic|50/100|[from] ability: Hospitality|[of] p1b: Sinistcha\n|turn|10\n|\n|t:|1776608638\n|switch|p2b: Corviknight|Corviknight, L50, M|49/100\n|-ability|p2b: Corviknight|Pressure\n|move|p2a: Rotom|Protect|p2a: Rotom\n|-singleturn|p2a: Rotom|Protect\n|move|p1b: Sinistcha|Rage Powder|p1b: Sinistcha\n|-singleturn|p1b: Sinistcha|move: Rage Powder\n|move|p1a: Milotic|Icy Wind|p2b: Corviknight|[spread] p2b\n|-activate|p2a: Rotom|move: Protect\n|-damage|p2b: Corviknight|40/100\n|-unboost|p2b: Corviknight|spe|1\n|\n|-weather|Snowscape|[upkeep]\n|-heal|p1a: Milotic|55/100|[from] item: Leftovers\n|-heal|p2b: Corviknight|45/100|[from] item: Leftovers\n|upkeep\n|turn|11\n|inactive|red1998poke has 30 seconds left.\n|\n|t:|1776608672\n|move|p1a: Milotic|Protect|p1a: Milotic\n|-singleturn|p1a: Milotic|Protect\n|move|p2a: Rotom|Volt Switch|p1a: Milotic\n|-activate|p1a: Milotic|move: Protect\n|move|p1b: Sinistcha|Life Dew|p1b: Sinistcha|[spread] p1a,p1b\n|-heal|p1a: Milotic|81/100\n|-heal|p1b: Sinistcha|44/100\n|move|p2b: Corviknight|Tailwind|p2b: Corviknight\n|-sidestart|p2: red1998poke|move: Tailwind\n|\n|-weather|Snowscape|[upkeep]\n|-heal|p2b: Corviknight|51/100|[from] item: Leftovers\n|-heal|p1a: Milotic|87/100|[from] item: Leftovers\n|upkeep\n|turn|12\n|inactive|red1998poke has 30 seconds left.\n|\n|t:|1776608702\n|move|p2a: Rotom|Volt Switch|p1a: Milotic\n|-supereffective|p1a: Milotic|1\n|-crit|p1a: Milotic\n|-damage|p1a: Milotic|24/100\n|\n|t:|1776608707\n|switch|p2a: Garchomp|Garchomp, L50, M|43/100|[from] Volt Switch\n|move|p2b: Corviknight|Brave Bird|p1b: Sinistcha\n|-supereffective|p1b: Sinistcha|1\n|-damage|p1b: Sinistcha|0 fnt\n|faint|p1b: Sinistcha\n|-damage|p2b: Corviknight|39/100|[from] Recoil\n|move|p1a: Milotic|Icy Wind|p2b: Corviknight|[spread] p2a,p2b\n|-supereffective|p2a: Garchomp|2\n|-damage|p2a: Garchomp|6/100\n|-damage|p2b: Corviknight|29/100\n|-unboost|p2a: Garchomp|spe|1\n|-unboost|p2b: Corviknight|spe|1\n|\n|-weather|none\n|-heal|p1a: Milotic|30/100|[from] item: Leftovers\n|-heal|p2b: Corviknight|35/100|[from] item: Leftovers\n|upkeep\n|turn|13\n|\n|t:|1776608725\n|move|p1a: Milotic|Protect|p1a: Milotic\n|-singleturn|p1a: Milotic|Protect\n|move|p2a: Garchomp|Earthquake|p1a: Milotic|[spread] \n|-activate|p1a: Milotic|move: Protect\n|-immune|p2b: Corviknight\n|move|p2b: Corviknight|Brave Bird|p1a: Milotic\n|-activate|p1a: Milotic|move: Protect\n|\n|-heal|p1a: Milotic|36/100|[from] item: Leftovers\n|-heal|p2b: Corviknight|40/100|[from] item: Leftovers\n|upkeep\n|turn|14\n|\n|t:|1776608737\n|move|p1a: Milotic|Protect||[still]\n|-fail|p1a: Milotic\n|move|p2a: Garchomp|Earthquake|p1a: Milotic|[spread] p1a\n|-immune|p2b: Corviknight\n|-damage|p1a: Milotic|0 fnt\n|faint|p1a: Milotic\n|\n|win|red1998poke\n|raw|rinniee_mee's rating: 1029 &rarr; <strong>1013</strong><br />(-16 for losing)\n|raw|red1998poke's rating: 1000 &rarr; <strong>1043</strong><br />(+43 for winning)\n|l|\u2606rinniee_mee\n|player|p1|\n",
  "uploadtime": 1776608753,
  "views": 11,
  "formatid": "gen9championsvgc2026regma",
  "rating": 1013,
  "private": 0,
  "password": null
}