{
  "id": "gen9championsvgc2026regma-2581256735",
  "format": "[Gen 9 Champions] VGC 2026 Reg M-A",
  "players": [
    "fyfyy",
    "Viophire"
  ],
  "log": "|j|\u2606fyfyy\n|j|\u2606Viophire\n|t:|1775977207\n|gametype|doubles\n|player|p1|fyfyy|2|\n|player|p2|Viophire|rosa|\n|gen|9\n|tier|[Gen 9 Champions] VGC 2026 Reg M-A\n|rated|Tournament battle\n|rule|Species Clause: Limit one of each Pok\u00e9mon\n|rule|Item Clause: Limit 1 of each item\n|clearpoke\n|poke|p1|Sneasler, L50, M|\n|poke|p1|Basculegion, L50, M|\n|poke|p1|Floette-Eternal, L50, F|\n|poke|p1|Sinistcha, L50|\n|poke|p1|Aerodactyl, L50, F|\n|poke|p1|Garchomp, L50, F|\n|poke|p2|Charizard, L50, M|\n|poke|p2|Milotic, L50, F|\n|poke|p2|Serperior, L50, F|\n|poke|p2|Garchomp, L50, F|\n|poke|p2|Sneasler, L50, F|\n|poke|p2|Ninetales-Alola, L50, F|\n|teampreview|4\n|j| pengu\n|l| pengu\nViophire has agreed to open team sheets.\n|j| aurora ltd\n|inactive|Battle timer is ON: inactive players will automatically lose when time's up. (requested by fyfyy)\n|\n|t:|1775977264\n|teamsize|p1|4\n|teamsize|p2|4\n|start\n|switch|p1a: Sneasler|Sneasler, L50, M|100/100\n|switch|p1b: Aerodactyl|Aerodactyl, L50, F|100/100\n|switch|p2a: Super Creek|Ninetales-Alola, L50, F|100/100\n|switch|p2b: Curren Chan|Sneasler, L50, F|100/100\n|-ability|p1b: Aerodactyl|Unnerve\n|-weather|Snowscape|[from] ability: Snow Warning|[of] p2a: Super Creek\n|turn|1\n|\n|t:|1775977275\n|move|p1a: Sneasler|Fake Out|p2b: Curren Chan\n|-damage|p2b: Curren Chan|78/100\n|cant|p2b: Curren Chan|flinch\n|move|p1b: Aerodactyl|Tailwind|p1b: Aerodactyl\n|-sidestart|p1: fyfyy|move: Tailwind\n|move|p2a: Super Creek|Icy Wind|p1b: Aerodactyl|[spread] p1a,p1b\n|-supereffective|p1b: Aerodactyl|1\n|-damage|p1a: Sneasler|76/100\n|-damage|p1b: Aerodactyl|53/100\n|-unboost|p1a: Sneasler|spe|1\n|-unboost|p1b: Aerodactyl|spe|1\n|-enditem|p1a: Sneasler|White Herb\n|-clearnegativeboost|p1a: Sneasler|[silent]\n|\n|-weather|Snowscape|[upkeep]\n|upkeep\n|turn|2\n|inactive|Viophire has 30 seconds left.\n|inactive|Viophire has 20 seconds left.\n|inactive|Viophire has 15 seconds left.\n|\n|t:|1775977316\n|move|p1a: Sneasler|Dire Claw|p2a: Super Creek\n|-supereffective|p2a: Super Creek|1\n|-damage|p2a: Super Creek|19/100\n|move|p1b: Aerodactyl|Dual Wingbeat|p2b: Curren Chan\n|-supereffective|p2b: Curren Chan|1\n|-damage|p2b: Curren Chan|15/100\n|-supereffective|p2b: Curren Chan|1\n|-damage|p2b: Curren Chan|0 fnt\n|faint|p2b: Curren Chan\n|-hitcount|p2: Curren Chan|2\n|move|p2a: Super Creek|Icy Wind|p1a: Sneasler|[spread] p1a,p1b\n|-supereffective|p1b: Aerodactyl|1\n|-damage|p1a: Sneasler|49/100\n|-damage|p1b: Aerodactyl|2/100\n|-unboost|p1a: Sneasler|spe|1\n|-unboost|p1b: Aerodactyl|spe|1\n|\n|-weather|Snowscape|[upkeep]\n|upkeep\n|\n|t:|1775977333\n|switch|p2b: Agnes Tachyon|Serperior, L50, F, shiny|100/100\n|turn|3\n|\n|t:|1775977342\n|move|p1a: Sneasler|Dire Claw|p2b: Agnes Tachyon\n|-supereffective|p2b: Agnes Tachyon|1\n|-damage|p2b: Agnes Tachyon|4/100\n|move|p1b: Aerodactyl|Rock Slide|p2a: Super Creek|[spread] p2a,p2b\n|-supereffective|p2a: Super Creek|1\n|-damage|p2a: Super Creek|0 fnt\n|-damage|p2b: Agnes Tachyon|0 fnt\n|faint|p2a: Super Creek\n|faint|p2b: Agnes Tachyon\n|\n|-weather|Snowscape|[upkeep]\n|upkeep\n|\n|t:|1775977348\n|switch|p2b: Mejiro Ardan|Charizard, L50, M|100/100\n|turn|4\n|j| poisondart0424\n|\n|t:|1775977354\n|detailschange|p2b: Mejiro Ardan|Charizard-Mega-X, L50, M\n|-mega|p2b: Mejiro Ardan|Charizard|Charizardite X\n|move|p1a: Sneasler|Dire Claw|p2b: Mejiro Ardan\n|-damage|p2b: Mejiro Ardan|63/100\n|move|p1b: Aerodactyl|Rock Slide|p2b: Mejiro Ardan\n|-supereffective|p2b: Mejiro Ardan|1\n|-damage|p2b: Mejiro Ardan|3/100\n|move|p2b: Mejiro Ardan|Dragon Claw|p1b: Aerodactyl\n|-crit|p1b: Aerodactyl\n|-damage|p1b: Aerodactyl|0 fnt\n|faint|p1b: Aerodactyl\n|\n|-weather|Snowscape|[upkeep]\n|-sideend|p1: fyfyy|move: Tailwind\n|upkeep\n|\n|t:|1775977358\n|switch|p1b: Basculegion|Basculegion, L50, M|100/100\n|turn|5\n|\n|t:|1775977364\n|move|p1b: Basculegion|Aqua Jet|p2b: Mejiro Ardan\n|-damage|p2b: Mejiro Ardan|0 fnt\n|faint|p2b: Mejiro Ardan\n|\n|win|fyfyy\n|n|\u2606fyfyy|fyfyy\n|n|\u2606Viophire|viophire\n|n| aurora ltd|auroraltd\n|n| poisondart0424|poisondart0424\n|l|\u2606fyfyy\n|player|p1|\n",
  "uploadtime": 1775977377,
  "views": 12,
  "formatid": "gen9championsvgc2026regma",
  "rating": null,
  "private": 0,
  "password": null
}