{
  "id": "gen9championsvgc2026regma-2587566021",
  "format": "[Gen 9 Champions] VGC 2026 Reg M-A",
  "players": [
    "wshjkcebuh",
    "alear23"
  ],
  "log": "|j|\u2606wshjkcebuh\n|j|\u2606alear23\n|t:|1776542815\n|gametype|doubles\n|player|p1|wshjkcebuh|1|1152\n|player|p2|alear23|battlegirl-gen4|1163\n|gen|9\n|tier|[Gen 9 Champions] VGC 2026 Reg M-A\n|rated|\n|rule|Species Clause: Limit one of each Pok\u00e9mon\n|rule|Item Clause: Limit 1 of each item\n|clearpoke\n|poke|p1|Starmie, L50, shiny|\n|poke|p1|Sableye, L50, F, shiny|\n|poke|p1|Maushold, L50|\n|poke|p1|Incineroar, L50, F|\n|poke|p1|Sneasler, L50, M|\n|poke|p1|Charizard, L50, F, shiny|\n|poke|p2|Charizard, L50, M|\n|poke|p2|Orthworm, L50, F|\n|poke|p2|Sneasler, L50, F|\n|poke|p2|Corviknight, L50, F|\n|poke|p2|Milotic, L50, F|\n|poke|p2|Whimsicott, L50, F|\n|teampreview|4\n|inactive|Battle timer is ON: inactive players will automatically lose when time's up. (requested by wshjkcebuh)\n|inactive|alear23 has 60 seconds left.\n|\n|t:|1776542847\n|teamsize|p1|4\n|teamsize|p2|4\n|start\n|switch|p1a: Starmie|Starmie, L50, shiny|100/100\n|switch|p1b: Incineroar|Incineroar, L50, F|100/100\n|switch|p2a: Sneasler|Sneasler, L50, F|100/100\n|switch|p2b: Charizard|Charizard, L50, M|100/100\n|-ability|p1b: Incineroar|Intimidate|boost\n|-unboost|p2a: Sneasler|atk|1\n|-unboost|p2b: Charizard|atk|1\n|-enditem|p2a: Sneasler|White Herb\n|-clearnegativeboost|p2a: Sneasler|[silent]\n|turn|1\n|\n|t:|1776542867\n|detailschange|p2b: Charizard|Charizard-Mega-X, L50, M\n|-mega|p2b: Charizard|Charizard|Charizardite X\n|move|p1a: Starmie|Protect|p1a: Starmie\n|-singleturn|p1a: Starmie|Protect\n|move|p2a: Sneasler|Fake Out|p1b: Incineroar\n|-damage|p1b: Incineroar|90/100\n|cant|p1b: Incineroar|flinch\n|move|p2b: Charizard|Dragon Dance|p2b: Charizard\n|-boost|p2b: Charizard|atk|1\n|-boost|p2b: Charizard|spe|1\n|\n|upkeep\n|turn|2\n|inactive|alear23 has 30 seconds left.\n|inactive|alear23 has 20 seconds left.\n|\n|t:|1776542904\n|detailschange|p1a: Starmie|Starmie-Mega, L50, shiny\n|-mega|p1a: Starmie|Starmie|Starminite\n|move|p2a: Sneasler|Close Combat|p1b: Incineroar\n|-supereffective|p1b: Incineroar|1\n|-damage|p1b: Incineroar|2/100\n|-unboost|p2a: Sneasler|def|1\n|-unboost|p2a: Sneasler|spd|1\n|-enditem|p1b: Incineroar|Sitrus Berry|[eat]\n|-heal|p1b: Incineroar|27/100|[from] item: Sitrus Berry\n|move|p2b: Charizard|Dragon Claw|p1a: Starmie\n|-damage|p1a: Starmie|42/100\n|move|p1a: Starmie|Minimize|p1a: Starmie\n|-boost|p1a: Starmie|evasion|2\n|move|p1b: Incineroar|Parting Shot|p2b: Charizard\n|-unboost|p2b: Charizard|atk|1\n|-unboost|p2b: Charizard|spa|1\n|\n|t:|1776542918\n|switch|p1b: Sneasler|Sneasler, L50, M|100/100|[from] Parting Shot\n|\n|upkeep\n|turn|3\n|inactive|alear23 has 30 seconds left.\n|\n|t:|1776542947\n|move|p1b: Sneasler|Fake Out|p2b: Charizard\n|-damage|p2b: Charizard|84/100\n|move|p2a: Sneasler|Dire Claw|p1a: Starmie\n|-damage|p1a: Starmie|1/100\n|cant|p2b: Charizard|flinch\n|move|p1a: Starmie|Minimize|p1a: Starmie\n|-boost|p1a: Starmie|evasion|2\n|\n|upkeep\n|turn|4\n|\n|t:|1776542965\n|switch|p1b: Incineroar|Incineroar, L50, F|27/100\n|-ability|p1b: Incineroar|Intimidate|boost\n|-unboost|p2a: Sneasler|atk|1\n|-unboost|p2b: Charizard|atk|1\n|move|p1a: Starmie|Protect|p1a: Starmie\n|-singleturn|p1a: Starmie|Protect\n|move|p2a: Sneasler|Dire Claw|p1a: Starmie\n|-activate|p1a: Starmie|move: Protect\n|move|p2b: Charizard|Dragon Claw|p1a: Starmie\n|-activate|p1a: Starmie|move: Protect\n|\n|upkeep\n|turn|5\n|inactive|wshjkcebuh has 30 seconds left.\n|\n|t:|1776542991\n|move|p1b: Incineroar|Fake Out|p2b: Charizard\n|-damage|p2b: Charizard|73/100\n|move|p2a: Sneasler|Dire Claw|p1a: Starmie|[miss]\n|-miss|p2a: Sneasler|p1a: Starmie\n|cant|p2b: Charizard|flinch\n|move|p1a: Starmie|Recover|p1a: Starmie\n|-heal|p1a: Starmie|51/100\n|\n|upkeep\n|turn|6\n|\n|t:|1776543008\n|switch|p2a: Milotic|Milotic, L50, F|100/100\n|switch|p2b: Whimsicott|Whimsicott, L50, F|100/100\n|move|p1a: Starmie|Protect|p1a: Starmie\n|-singleturn|p1a: Starmie|Protect\n|move|p1b: Incineroar|Parting Shot|p2b: Whimsicott\n|-unboost|p2b: Whimsicott|atk|1\n|-unboost|p2b: Whimsicott|spa|1\n|\n|t:|1776543018\n|switch|p1b: Sneasler|Sneasler, L50, M|100/100|[from] Parting Shot\n|\n|upkeep\n|turn|7\n|inactive|alear23 has 30 seconds left.\n|inactive|alear23 has 20 seconds left.\n|inactive|alear23 has 15 seconds left.\n|inactive|alear23 has 10 seconds left.\n|inactive|alear23 has 5 seconds left.\n|\n|t:|1776543070\n|switch|p2b: Sneasler|Sneasler, L50, F|100/100\n|move|p1b: Sneasler|Dire Claw|p2b: Sneasler\n|-resisted|p2b: Sneasler|1\n|-damage|p2b: Sneasler|64/100\n|move|p1a: Starmie|Minimize|p1a: Starmie\n|-boost|p1a: Starmie|evasion|2\n|move|p2a: Milotic|Muddy Water|p1b: Sneasler|[spread] p1b\n|-miss|p2a: Milotic|p1a: Starmie\n|-damage|p1b: Sneasler|58/100\n|-unboost|p1b: Sneasler|accuracy|1\n|-enditem|p1b: Sneasler|White Herb\n|-clearnegativeboost|p1b: Sneasler|[silent]\n|\n|upkeep\n|turn|8\n|\n|t:|1776543094\n|move|p1a: Starmie|Protect|p1a: Starmie\n|-singleturn|p1a: Starmie|Protect\n|move|p1b: Sneasler|Dire Claw|p2a: Milotic\n|-damage|p2a: Milotic|63/100\n|move|p2b: Sneasler|Dire Claw|p1a: Starmie\n|-activate|p1a: Starmie|move: Protect\n|move|p2a: Milotic|Life Dew|p2a: Milotic|[spread] p2a,p2b\n|-heal|p2a: Milotic|88/100\n|-heal|p2b: Sneasler|89/100\n|\n|upkeep\n|turn|9\n|\n|t:|1776543115\n|move|p1b: Sneasler|Close Combat|p2a: Milotic\n|-damage|p2a: Milotic|30/100\n|-unboost|p1b: Sneasler|def|1\n|-unboost|p1b: Sneasler|spd|1\n|move|p2b: Sneasler|Dire Claw|p1a: Starmie|[miss]\n|-miss|p2b: Sneasler|p1a: Starmie\n|move|p1a: Starmie|Liquidation|p2a: Milotic\n|-resisted|p2a: Milotic|1\n|-damage|p2a: Milotic|3/100\n|move|p2a: Milotic|Muddy Water|p1b: Sneasler|[spread] p1b\n|-miss|p2a: Milotic|p1a: Starmie\n|-damage|p1b: Sneasler|0 fnt\n|faint|p1b: Sneasler\n|\n|upkeep\n|\n|t:|1776543127\n|switch|p1b: Incineroar|Incineroar, L50, F|27/100\n|-ability|p1b: Incineroar|Intimidate|boost\n|-unboost|p2a: Milotic|atk|1\n|-ability|p2a: Milotic|Competitive|boost\n|-boost|p2a: Milotic|spa|2\n|-unboost|p2b: Sneasler|atk|1\n|turn|10\n|\n|t:|1776543150\n|move|p2a: Milotic|Helping Hand|p2b: Sneasler\n|-singleturn|p2b: Sneasler|Helping Hand|[of] p2a: Milotic\n|move|p1b: Incineroar|Fake Out|p2a: Milotic\n|-damage|p2a: Milotic|0 fnt\n|faint|p2a: Milotic\n|move|p2b: Sneasler|Close Combat|p1b: Incineroar\n|-supereffective|p1b: Incineroar|1\n|-damage|p1b: Incineroar|0 fnt\n|-unboost|p2b: Sneasler|def|1\n|-unboost|p2b: Sneasler|spd|1\n|faint|p1b: Incineroar\n|move|p1a: Starmie|Liquidation|p2b: Sneasler\n|-damage|p2b: Sneasler|0 fnt\n|faint|p2b: Sneasler\n|\n|upkeep\n|\n|t:|1776543164\n|switch|p2b: Charizard|Charizard-Mega-X, L50, M|73/100\n|switch|p2a: Whimsicott|Whimsicott, L50, F|100/100\n|switch|p1b: Sableye|Sableye, L50, F, shiny|100/100\n|turn|11\n|\n|t:|1776543178\n|move|p2b: Charizard|Protect|p2b: Charizard\n|-singleturn|p2b: Charizard|Protect\n|move|p2a: Whimsicott|Tailwind|p2a: Whimsicott\n|-sidestart|p2: alear23|move: Tailwind\n|move|p1b: Sableye|Psych Up|p1a: Starmie\n|-copyboost|p1b: Sableye|p1a: Starmie|[from] move: Psych Up\n|move|p1a: Starmie|Liquidation|p2b: Charizard\n|-activate|p2b: Charizard|move: Protect\n|\n|upkeep\n|turn|12\n|\n|t:|1776543198\n|move|p2a: Whimsicott|Moonblast|p1b: Sableye|[miss]\n|-miss|p2a: Whimsicott|p1b: Sableye\n|move|p2b: Charizard|Dragon Claw|p1a: Starmie\n|-damage|p1a: Starmie|0 fnt\n|faint|p1a: Starmie\n|move|p1b: Sableye|Foul Play|p2b: Charizard\n|-damage|p2b: Charizard|17/100\n|\n|upkeep\n|turn|13\n|\n|t:|1776543217\n|move|p2b: Charizard|Protect|p2b: Charizard\n|-singleturn|p2b: Charizard|Protect\n|move|p2a: Whimsicott|Moonblast|p1b: Sableye|[miss]\n|-miss|p2a: Whimsicott|p1b: Sableye\n|move|p1b: Sableye|Foul Play|p2b: Charizard\n|-activate|p2b: Charizard|move: Protect\n|\n|upkeep\n|turn|14\n|\n|t:|1776543230\n|move|p2a: Whimsicott|Moonblast|p1b: Sableye|[miss]\n|-miss|p2a: Whimsicott|p1b: Sableye\n|move|p2b: Charizard|Flare Blitz|p1b: Sableye\n|-damage|p1b: Sableye|0 fnt\n|faint|p1b: Sableye\n|-damage|p2b: Charizard|0 fnt|[from] Recoil\n|faint|p2b: Charizard\n|\n|win|alear23\n|raw|wshjkcebuh's rating: 1152 &rarr; <strong>1128</strong><br />(-24 for losing)\n|raw|alear23's rating: 1163 &rarr; <strong>1187</strong><br />(+24 for winning)\n",
  "uploadtime": 1776543241,
  "views": 20,
  "formatid": "gen9championsvgc2026regma",
  "rating": 1128,
  "private": 0,
  "password": null
}