{
  "id": "gen9championsvgc2026regma-2588265592",
  "format": "[Gen 9 Champions] VGC 2026 Reg M-A",
  "players": [
    "londi g",
    "legonene"
  ],
  "log": "|j|\u2606londi g\n|j|\u2606legonene\n|html|<table width=\"100%\"><tr><td align=\"left\">londi g</td><td align=\"right\">legonene</tr><tr><td align=\"left\"><i class=\"fa fa-circle\"></i> <i class=\"fa fa-circle-o\"></i> </td><td align=\"right\"><i class=\"fa fa-circle-o\"></i> <i class=\"fa fa-circle\"></i> </tr></table>\n|uhtml|bestof|<h2><strong>Game 3</strong> of <a href=\"/game-bestof3-gen9championsvgc2026regma-2588255588\">a best-of-3</a></h2>\n|t:|1776619344\n|gametype|doubles\n|player|p1|londi g|colress|\n|player|p2|legonene|chili|\n|gen|9\n|tier|[Gen 9 Champions] VGC 2026 Reg M-A\n|rule|Species Clause: Limit one of each Pok\u00e9mon\n|rule|Item Clause: Limit 1 of each item\n|raw|<div class=\"infobox\"><details class=\"readmore\" open><summary><strong>1 custom rule:</strong></summary> Best of = 3</details></div>\n|clearpoke\n|poke|p1|Torkoal, L50, F|\n|poke|p1|Gardevoir, L50, F|\n|poke|p1|Krookodile, L50, M|\n|poke|p1|Orthworm, L50, M|\n|poke|p1|Delphox, L50, M|\n|poke|p1|Noivern, L50, M|\n|poke|p2|Primarina, L50, M|\n|poke|p2|Froslass, L50, F|\n|poke|p2|Dragapult, L50, F|\n|poke|p2|Incineroar, L50, M|\n|poke|p2|Lycanroc-Dusk, L50, F|\n|poke|p2|Conkeldurr, L50, M|\n|teampreview|4\n|c|\u2606legonene|Glhf\n|\n|t:|1776619490\n|teamsize|p1|4\n|teamsize|p2|4\n|start\n|switch|p1a: Orthworm|Orthworm, L50, M|100/100\n|switch|p1b: Delphox|Delphox, L50, M|100/100\n|switch|p2a: Incineroar|Incineroar, L50, M|100/100\n|switch|p2b: Lycanroc|Lycanroc-Dusk, L50, F|100/100\n|-ability|p2a: Incineroar|Intimidate|boost\n|-unboost|p1a: Orthworm|atk|1\n|-unboost|p1b: Delphox|atk|1\n|turn|1\n|\n|t:|1776619511\n|detailschange|p1b: Delphox|Delphox-Mega, L50, M\n|-mega|p1b: Delphox|Delphox|Delphoxite\n|move|p1b: Delphox|Protect|p1b: Delphox\n|-singleturn|p1b: Delphox|Protect\n|move|p2b: Lycanroc|Rock Slide|p1a: Orthworm|[spread] p1a\n|-activate|p1b: Delphox|move: Protect\n|-resisted|p1a: Orthworm|1\n|-damage|p1a: Orthworm|92/100\n|move|p2a: Incineroar|Flare Blitz|p1a: Orthworm\n|-supereffective|p1a: Orthworm|1\n|-damage|p1a: Orthworm|34/100\n|-damage|p2a: Incineroar|84/100|[from] Recoil\n|move|p1a: Orthworm|Body Press|p2a: Incineroar\n|-supereffective|p2a: Incineroar|1\n|-damage|p2a: Incineroar|22/100\n|-enditem|p2a: Incineroar|Sitrus Berry|[eat]\n|-heal|p2a: Incineroar|47/100|[from] item: Sitrus Berry\n|\n|upkeep\n|turn|2\n|\n|t:|1776619551\n|switch|p1b: Krookodile|Krookodile, L50, M|100/100\n|-ability|p1b: Krookodile|Intimidate|boost\n|-unboost|p2a: Incineroar|atk|1\n|-unboost|p2b: Lycanroc|atk|1\n|move|p2b: Lycanroc|Rock Slide|p1b: Krookodile|[spread] \n|-miss|p2b: Lycanroc|p1a: Orthworm\n|-miss|p2b: Lycanroc|p1b: Krookodile\n|move|p2a: Incineroar|Darkest Lariat|p1b: Krookodile\n|-resisted|p1b: Krookodile|1\n|-damage|p1b: Krookodile|89/100\n|move|p1a: Orthworm|Body Press|p2a: Incineroar\n|-supereffective|p2a: Incineroar|1\n|-damage|p2a: Incineroar|0 fnt\n|faint|p2a: Incineroar\n|\n|upkeep\n|\n|t:|1776619565\n|switch|p2a: Primarina|Primarina, L50, M|100/100\n|turn|3\n|\n|t:|1776619583\n|switch|p2b: Conkeldurr|Conkeldurr, L50, M|100/100\n|move|p1b: Krookodile|Earthquake|p2b: Conkeldurr|[spread] p2a,p2b\n|-heal|p1a: Orthworm|59/100|[from] ability: Earth Eater|[of] p1b: Krookodile\n|-damage|p2a: Primarina|52/100\n|-damage|p2b: Conkeldurr|68/100\n|move|p2a: Primarina|Hyper Voice|p1b: Krookodile|[spread] p1a,p1b\n|-supereffective|p1b: Krookodile|1\n|-damage|p1a: Orthworm|0 fnt\n|-damage|p1b: Krookodile|0 fnt\n|faint|p1a: Orthworm\n|faint|p1b: Krookodile\n|\n|-heal|p2b: Conkeldurr|74/100|[from] item: Leftovers\n|upkeep\n|\n|t:|1776619599\n|switch|p1b: Delphox|Delphox-Mega, L50, M|100/100\n|switch|p1a: Torkoal|Torkoal, L50, F|100/100\n|-weather|SunnyDay|[from] ability: Drought|[of] p1a: Torkoal\n|turn|4\n|\n|t:|1776619661\n|switch|p2a: Lycanroc|Lycanroc-Dusk, L50, F|100/100\n|move|p2b: Conkeldurr|Wide Guard|p2b: Conkeldurr\n|-singleturn|p2b: Conkeldurr|Wide Guard\n|move|p1b: Delphox|Solar Beam||[still]\n|-prepare|p1b: Delphox|Solar Beam\n|-anim|p1b: Delphox|Solar Beam|p2b: Conkeldurr\n|-damage|p2b: Conkeldurr|18/100\n|move|p1a: Torkoal|Solar Beam||[still]\n|-prepare|p1a: Torkoal|Solar Beam\n|-anim|p1a: Torkoal|Solar Beam|p2a: Lycanroc\n|-supereffective|p2a: Lycanroc|1\n|-enditem|p2a: Lycanroc|Focus Sash\n|-damage|p2a: Lycanroc|1/100\n|\n|-weather|SunnyDay|[upkeep]\n|-heal|p2b: Conkeldurr|25/100|[from] item: Leftovers\n|upkeep\n|turn|5\n|\n|t:|1776619713\n|move|p2a: Lycanroc|Accelerock|p1b: Delphox\n|-supereffective|p1b: Delphox|1\n|-damage|p1b: Delphox|19/100\n|move|p1b: Delphox|Solar Beam||[still]\n|-prepare|p1b: Delphox|Solar Beam\n|-anim|p1b: Delphox|Solar Beam|p2b: Conkeldurr\n|-damage|p2b: Conkeldurr|0 fnt\n|faint|p2b: Conkeldurr\n|move|p1a: Torkoal|Solar Beam||[still]\n|-prepare|p1a: Torkoal|Solar Beam\n|-anim|p1a: Torkoal|Solar Beam|p2a: Lycanroc\n|-supereffective|p2a: Lycanroc|1\n|-damage|p2a: Lycanroc|0 fnt\n|faint|p2a: Lycanroc\n|\n|-weather|SunnyDay|[upkeep]\n|upkeep\n|\n|t:|1776619719\n|switch|p2b: Primarina|Primarina, L50, M|52/100\n|turn|6\n|c|\u2606legonene|Gg\n|c|\u2606londi g|Gg\n|\n|t:|1776619747\n|move|p1b: Delphox|Solar Beam||[still]\n|-prepare|p1b: Delphox|Solar Beam\n|-anim|p1b: Delphox|Solar Beam|p2b: Primarina\n|-supereffective|p2b: Primarina|1\n|-crit|p2b: Primarina\n|-damage|p2b: Primarina|0 fnt\n|faint|p2b: Primarina\n|\n|win|londi g\n|l|\u2606legonene\n|player|p2|\n",
  "uploadtime": 1776619809,
  "views": 28,
  "formatid": "gen9championsvgc2026regma",
  "rating": null,
  "private": 0,
  "password": null
}