{
  "id": "gen9championsvgc2026regma-2588770701",
  "format": "[Gen 9 Champions] VGC 2026 Reg M-A",
  "players": [
    "SDLT 2KRL PIZZA",
    "Noobilio"
  ],
  "log": "|j|\u2606SDLT 2KRL PIZZA\n|j|\u2606Noobilio\n|t:|1776668598\n|gametype|doubles\n|player|p1|SDLT 2KRL PIZZA|169|1370\n|player|p2|Noobilio|nurse|1303\n|gen|9\n|tier|[Gen 9 Champions] VGC 2026 Reg M-A\n|rated|\n|rule|Species Clause: Limit one of each Pok\u00e9mon\n|rule|Item Clause: Limit 1 of each item\n|clearpoke\n|poke|p1|Drampa, L50, M|\n|poke|p1|Sinistcha, L50|\n|poke|p1|Sneasler, L50, M|\n|poke|p1|Incineroar, L50, F|\n|poke|p1|Oranguru, L50, F|\n|poke|p1|Basculegion, L50, M|\n|poke|p2|Froslass, L50, F|\n|poke|p2|Palafin, L50, M|\n|poke|p2|Kingambit, L50, F|\n|poke|p2|Arcanine-Hisui, L50, F|\n|poke|p2|Sinistcha, L50|\n|poke|p2|Sneasler, L50, F|\n|teampreview|4\n|\n|t:|1776668654\n|teamsize|p1|4\n|teamsize|p2|4\n|start\n|switch|p1a: Eddie|Sneasler, L50, M|100/100\n|switch|p1b: Rey Mysterio|Drampa, L50, M|100/100\n|switch|p2a: Froslass|Froslass, L50, F|100/100\n|switch|p2b: Kingambit|Kingambit, L50, F|100/100\n|-ability|p1b: Rey Mysterio|Cloud Nine\n|turn|1\n|\n|t:|1776668673\n|detailschange|p2a: Froslass|Froslass-Mega, L50, F\n|-mega|p2a: Froslass|Froslass|Froslassite\n|-weather|Snowscape|[from] ability: Snow Warning|[of] p2a: Froslass\n|move|p2b: Kingambit|Protect|p2b: Kingambit\n|-singleturn|p2b: Kingambit|Protect\n|move|p1a: Eddie|Close Combat|p2b: Kingambit\n|-activate|p2b: Kingambit|move: Protect\n|move|p2a: Froslass|Blizzard|p1b: Rey Mysterio|[spread] p1b\n|-miss|p2a: Froslass|p1a: Eddie\n|-supereffective|p1b: Rey Mysterio|1\n|-damage|p1b: Rey Mysterio|10/100\n|move|p1b: Rey Mysterio|Calm Mind|p1b: Rey Mysterio\n|-boost|p1b: Rey Mysterio|spa|1\n|-boost|p1b: Rey Mysterio|spd|1\n|\n|-weather|Snowscape|[upkeep]\n|upkeep\n|turn|2\n|\n|t:|1776668713\n|switch|p1a: Million Dollar|Sinistcha, L50|100/100\n|-heal|p1b: Rey Mysterio|35/100|[from] ability: Hospitality|[of] p1a: Million Dollar\n|move|p1b: Rey Mysterio|Protect|p1b: Rey Mysterio\n|-singleturn|p1b: Rey Mysterio|Protect\n|move|p2b: Kingambit|Sucker Punch||[still]\n|-fail|p2b: Kingambit\n|move|p2a: Froslass|Aurora Veil||[still]\n|-fail|p2a: Froslass\n|\n|-weather|Snowscape|[upkeep]\n|upkeep\n|turn|3\n|\n|t:|1776668750\n|move|p2a: Froslass|Protect|p2a: Froslass\n|-singleturn|p2a: Froslass|Protect\n|move|p1a: Million Dollar|Rage Powder|p1a: Million Dollar\n|-singleturn|p1a: Million Dollar|move: Rage Powder\n|move|p2b: Kingambit|Kowtow Cleave|p1a: Million Dollar\n|-supereffective|p1a: Million Dollar|1\n|-damage|p1a: Million Dollar|12/100\n|-enditem|p1a: Million Dollar|Sitrus Berry|[eat]\n|-heal|p1a: Million Dollar|36/100|[from] item: Sitrus Berry\n|move|p1b: Rey Mysterio|Draco Meteor|p2a: Froslass\n|-activate|p2a: Froslass|move: Protect\n|\n|-weather|Snowscape|[upkeep]\n|upkeep\n|turn|4\n|\n|t:|1776668772\n|move|p1a: Million Dollar|Rage Powder|p1a: Million Dollar\n|-singleturn|p1a: Million Dollar|move: Rage Powder\n|move|p2a: Froslass|Shadow Ball|p1a: Million Dollar\n|-supereffective|p1a: Million Dollar|1\n|-damage|p1a: Million Dollar|0 fnt\n|faint|p1a: Million Dollar\n|move|p2b: Kingambit|Kowtow Cleave|p1b: Rey Mysterio\n|-crit|p1b: Rey Mysterio\n|-damage|p1b: Rey Mysterio|0 fnt\n|faint|p1b: Rey Mysterio\n|\n|-weather|Snowscape|[upkeep]\n|upkeep\n|\n|t:|1776668776\n|switch|p1a: Eddie|Sneasler, L50, M|100/100\n|switch|p1b: Paul|Oranguru, L50, F|100/100\n|turn|5\n|\n|t:|1776668805\n|switch|p2b: Arcanine|Arcanine-Hisui, L50, F|100/100\n|-ability|p2b: Arcanine|Intimidate|boost\n|-unboost|p1a: Eddie|atk|1\n|-fail|p1b: Paul|unboost|Attack|[from] ability: Inner Focus|[of] p1b: Paul\n|-enditem|p1a: Eddie|White Herb\n|-clearnegativeboost|p1a: Eddie|[silent]\n|move|p1a: Eddie|Close Combat|p2b: Arcanine\n|-supereffective|p2b: Arcanine|1\n|-enditem|p2b: Arcanine|Focus Sash\n|-damage|p2b: Arcanine|1/100\n|-unboost|p1a: Eddie|def|1\n|-unboost|p1a: Eddie|spd|1\n|move|p2a: Froslass|Aurora Veil|p2a: Froslass\n|-sidestart|p2: Noobilio|move: Aurora Veil\n|move|p1b: Paul|Psychic Noise|p2a: Froslass\n|-damage|p2a: Froslass|83/100\n|-start|p2a: Froslass|move: Heal Block\n|\n|-weather|none\n|upkeep\n|turn|6\n|\n|t:|1776668825\n|switch|p2a: Sneasler|Sneasler, L50, F|100/100\n|move|p2b: Arcanine|Extreme Speed|p1a: Eddie\n|-damage|p1a: Eddie|32/100\n|move|p1a: Eddie|Close Combat|p2a: Sneasler\n|-resisted|p2a: Sneasler|1\n|-damage|p2a: Sneasler|62/100\n|-unboost|p1a: Eddie|def|1\n|-unboost|p1a: Eddie|spd|1\n|move|p1b: Paul|Psychic Noise|p2b: Arcanine\n|-damage|p2b: Arcanine|0 fnt\n|faint|p2b: Arcanine\n|\n|upkeep\n|\n|t:|1776668835\n|switch|p2b: Froslass|Froslass-Mega, L50, F|83/100\n|-weather|Snowscape|[from] ability: Snow Warning|[of] p2b: Froslass\n|turn|7\n|\n|t:|1776668840\n|move|p1a: Eddie|Protect|p1a: Eddie\n|-singleturn|p1a: Eddie|Protect\n|move|p2a: Sneasler|Fake Out|p1a: Eddie\n|-activate|p1a: Eddie|move: Protect\n|move|p2b: Froslass|Blizzard|p1a: Eddie|[spread] p1b\n|-activate|p1a: Eddie|move: Protect\n|-damage|p1b: Paul|66/100\n|move|p1b: Paul|Psychic Noise|p2a: Sneasler\n|-supereffective|p2a: Sneasler|2\n|-damage|p2a: Sneasler|0 fnt\n|faint|p2a: Sneasler\n|\n|-weather|Snowscape|[upkeep]\n|upkeep\n|\n|t:|1776668843\n|switch|p2a: Kingambit|Kingambit, L50, F|100/100\n|turn|8\n|\n|t:|1776668860\n|move|p2a: Kingambit|Sucker Punch|p1a: Eddie\n|-resisted|p1a: Eddie|1\n|-damage|p1a: Eddie|0 fnt\n|faint|p1a: Eddie\n|move|p2b: Froslass|Blizzard|p1b: Paul\n|-damage|p1b: Paul|12/100\n|move|p1b: Paul|Psychic Noise|p2b: Froslass\n|-damage|p2b: Froslass|64/100\n|-start|p2b: Froslass|move: Heal Block\n|\n|-weather|Snowscape|[upkeep]\n|upkeep\n|turn|9\n|\n|t:|1776668869\n|move|p2b: Froslass|Blizzard|p1b: Paul\n|-crit|p1b: Paul\n|-damage|p1b: Paul|0 fnt\n|faint|p1b: Paul\n|\n|win|Noobilio\n|raw|SDLT 2KRL PIZZA's rating: 1370 &rarr; <strong>1346</strong><br />(-24 for losing)\n|raw|Noobilio's rating: 1303 &rarr; <strong>1327</strong><br />(+24 for winning)\n",
  "uploadtime": 1776668871,
  "views": 21,
  "formatid": "gen9championsvgc2026regma",
  "rating": 1327,
  "private": 0,
  "password": null
}