{
  "id": "gen9championsvgc2026regma-2587357538",
  "format": "[Gen 9 Champions] VGC 2026 Reg M-A",
  "players": [
    "sagapocalypse1",
    "lolgz"
  ],
  "log": "|j|\u2606sagapocalypse1\n|j|\u2606lolgz\n|t:|1776525011\n|gametype|doubles\n|player|p1|sagapocalypse1|hilda|\n|player|p2|lolgz|dawn|\n|gen|9\n|tier|[Gen 9 Champions] VGC 2026 Reg M-A\n|rated|Tournament battle\n|rule|Species Clause: Limit one of each Pok\u00e9mon\n|rule|Item Clause: Limit 1 of each item\n|raw|<div class=\"infobox\"><details class=\"readmore\" open><summary><strong>1 custom rule:</strong></summary> Force Open Team Sheets</details></div>\n|clearpoke\n|poke|p1|Gardevoir, L50, M|\n|poke|p1|Aerodactyl, L50, M|\n|poke|p1|Milotic, L50, M|\n|poke|p1|Dragapult, L50, M|\n|poke|p1|Incineroar, L50, F|\n|poke|p1|Rotom-Wash, L50|\n|poke|p2|Charizard, L50, M|\n|poke|p2|Basculegion, L50, M|\n|poke|p2|Garchomp, L50, M|\n|poke|p2|Floette-Eternal, L50, F|\n|poke|p2|Aerodactyl, L50, F|\n|poke|p2|Sinistcha, L50|\n|teampreview|4\n|showteam|p1|Gardevoir||Gardevoirite|Trace|HyperVoice,CalmMind,LifeDew,Protect|||M|||50|]Aerodactyl||FocusSash|Unnerve|Protect,Tailwind,Taunt,RockSlide|||M|||50|]Milotic||Leftovers|Competitive|Protect,BreakingSwipe,IcyWind,Scald|||M|||50|]Dragapult||MentalHerb|ClearBody|DragonDarts,Protect,Uturn,WillOWisp|||M|||50|]Incineroar||BlackGlasses|Intimidate|Taunt,DarkestLariat,FakeOut,PartingShot|||F|||50|]Rotom-Wash||ChoiceScarf|Levitate|VoltSwitch,Electroweb,WillOWisp,HydroPump||||||50|\n|showteam|p2|Charizard||CharizarditeY|SolarPower|AirSlash,HeatWave,SolarBeam,Protect|||M|||50|]Basculegion||ChoiceScarf|Adaptability|WaveCrash,AquaJet,LastRespects,FlipTurn|||M|||50|]Garchomp||WhiteHerb|RoughSkin|Earthquake,DragonClaw,RockSlide,Protect|||M|||50|]Floette-Eternal||Floettite|FlowerVeil|DazzlingGleam,LightofRuin,Moonblast,Protect|||F|||50|]Aerodactyl||FocusSash|Unnerve|RockSlide,DualWingbeat,WideGuard,Tailwind|||F|||50|]Sinistcha||SitrusBerry|Hospitality|ShadowBall,MatchaGotcha,TrickRoom,RagePowder||||||50|\n|\n|t:|1776525045\n|teamsize|p1|4\n|teamsize|p2|4\n|start\n|switch|p1a: Aerodactyl|Aerodactyl, L50, M|100/100\n|switch|p1b: Incineroar|Incineroar, L50, F|100/100\n|switch|p2a: Aerodactyl|Aerodactyl, L50, F|100/100\n|switch|p2b: Garchomp|Garchomp, L50, M|100/100\n|-ability|p1a: Aerodactyl|Unnerve\n|-ability|p2a: Aerodactyl|Unnerve\n|-ability|p1b: Incineroar|Intimidate|boost\n|-unboost|p2a: Aerodactyl|atk|1\n|-unboost|p2b: Garchomp|atk|1\n|-enditem|p2b: Garchomp|White Herb\n|-clearnegativeboost|p2b: Garchomp|[silent]\n|turn|1\n|\n|t:|1776525069\n|move|p2a: Aerodactyl|Wide Guard|p2a: Aerodactyl\n|-singleturn|p2a: Aerodactyl|Wide Guard\n|move|p1b: Incineroar|Fake Out|p2a: Aerodactyl\n|-resisted|p2a: Aerodactyl|1\n|-damage|p2a: Aerodactyl|91/100\n|move|p1a: Aerodactyl|Tailwind|p1a: Aerodactyl\n|-sidestart|p1: sagapocalypse1|move: Tailwind\n|move|p2b: Garchomp|Rock Slide|p1a: Aerodactyl|[spread] p1b\n|-miss|p2b: Garchomp|p1a: Aerodactyl\n|-supereffective|p1b: Incineroar|1\n|-damage|p1b: Incineroar|71/100\n|\n|upkeep\n|turn|2\n|\n|t:|1776525089\n|move|p1a: Aerodactyl|Taunt|p2a: Aerodactyl\n|-start|p2a: Aerodactyl|move: Taunt\n|cant|p2a: Aerodactyl|move: Taunt|Tailwind\n|move|p2b: Garchomp|Rock Slide|p1a: Aerodactyl|[spread] p1b\n|-miss|p2b: Garchomp|p1a: Aerodactyl\n|-supereffective|p1b: Incineroar|1\n|-crit|p1b: Incineroar\n|-damage|p1b: Incineroar|21/100\n|move|p1b: Incineroar|Parting Shot|p2b: Garchomp\n|-unboost|p2b: Garchomp|atk|1\n|-unboost|p2b: Garchomp|spa|1\n|\n|t:|1776525100\n|switch|p1b: Gardevoir|Gardevoir, L50, M|100/100|[from] Parting Shot\n|-ability|p1b: Gardevoir|Unnerve|Trace|[from] ability: Trace|[of] p2a: Aerodactyl\n|-ability|p1b: Gardevoir|Unnerve\n|\n|upkeep\n|turn|3\n|\n|t:|1776525113\n|switch|p2b: Basculegion|Basculegion, L50, M|100/100\n|detailschange|p1b: Gardevoir|Gardevoir-Mega, L50, M\n|-mega|p1b: Gardevoir|Gardevoir|Gardevoirite\n|move|p1a: Aerodactyl|Rock Slide|p2b: Basculegion|[spread] p2a,p2b\n|-supereffective|p2a: Aerodactyl|1\n|-damage|p2a: Aerodactyl|26/100\n|-damage|p2b: Basculegion|77/100\n|move|p1b: Gardevoir|Calm Mind|p1b: Gardevoir\n|-boost|p1b: Gardevoir|spa|1\n|-boost|p1b: Gardevoir|spd|1\n|move|p2a: Aerodactyl|Rock Slide|p1a: Aerodactyl|[spread] p1a,p1b\n|-supereffective|p1a: Aerodactyl|1\n|-damage|p1a: Aerodactyl|62/100\n|-damage|p1b: Gardevoir|79/100\n|\n|upkeep\n|turn|4\n|\n|t:|1776525129\n|move|p1b: Gardevoir|Protect|p1b: Gardevoir\n|-singleturn|p1b: Gardevoir|Protect\n|move|p2b: Basculegion|Aqua Jet|p1a: Aerodactyl\n|-supereffective|p1a: Aerodactyl|1\n|-damage|p1a: Aerodactyl|2/100\n|move|p1a: Aerodactyl|Rock Slide|p2a: Aerodactyl|[spread] p2a,p2b\n|-supereffective|p2a: Aerodactyl|1\n|-damage|p2a: Aerodactyl|0 fnt\n|-damage|p2b: Basculegion|51/100\n|faint|p2a: Aerodactyl\n|\n|-sideend|p1: sagapocalypse1|move: Tailwind\n|upkeep\n|\n|t:|1776525136\n|switch|p2a: Floette|Floette-Eternal, L50, F|100/100\n|turn|5\n|\n|t:|1776525152\n|detailschange|p2a: Floette|Floette-Mega, L50, F\n|-mega|p2a: Floette|Floette|Floettite\n|-ability|p2a: Floette|Fairy Aura\n|move|p1a: Aerodactyl|Protect|p1a: Aerodactyl\n|-singleturn|p1a: Aerodactyl|Protect\n|move|p2b: Basculegion|Aqua Jet|p1b: Gardevoir\n|-damage|p1b: Gardevoir|44/100\n|move|p2a: Floette|Moonblast|p1b: Gardevoir\n|-damage|p1b: Gardevoir|0 fnt\n|faint|p1b: Gardevoir\n|\n|upkeep\n|\n|t:|1776525163\n|switch|p1b: Incineroar|Incineroar, L50, F|21/100\n|-ability|p1b: Incineroar|Intimidate|boost\n|-unboost|p2a: Floette|atk|1\n|-unboost|p2b: Basculegion|atk|1\n|turn|6\n|\n|t:|1776525179\n|move|p2b: Basculegion|Aqua Jet|p1a: Aerodactyl\n|-supereffective|p1a: Aerodactyl|1\n|-damage|p1a: Aerodactyl|0 fnt\n|faint|p1a: Aerodactyl\n|move|p2a: Floette|Dazzling Gleam|p1b: Incineroar\n|-damage|p1b: Incineroar|0 fnt\n|faint|p1b: Incineroar\n|\n|upkeep\n|\n|t:|1776525191\n|switch|p1b: Milotic|Milotic, L50, M|100/100\n|turn|7\n|\n|t:|1776525198\n|switch|p2b: Garchomp|Garchomp, L50, M|100/100\n|move|p2a: Floette|Protect|p2a: Floette\n|-singleturn|p2a: Floette|Protect\n|move|p1b: Milotic|Scald|p2a: Floette\n|-activate|p2a: Floette|move: Protect\n|\n|upkeep\n|turn|8\n|\n|t:|1776525207\n|move|p2a: Floette|Light of Ruin|p1b: Milotic\n|-damage|p1b: Milotic|20/100\n|-damage|p2a: Floette|45/100|[from] Recoil\n|move|p2b: Garchomp|Dragon Claw|p1b: Milotic\n|-damage|p1b: Milotic|0 fnt\n|faint|p1b: Milotic\n|\n|win|lolgz\n|n|\u2606sagapocalypse1|sagapocalypse1\n|n|\u2606lolgz|lolgz\n",
  "uploadtime": 1776525207,
  "views": 17,
  "formatid": "gen9championsvgc2026regma",
  "rating": null,
  "private": 0,
  "password": null
}