{
  "id": "gen9championsvgc2026regma-2584257770",
  "format": "[Gen 9 Champions] VGC 2026 Reg M-A",
  "players": [
    "cloakedhawkvgc",
    "L3mmy.-."
  ],
  "log": "|j|\u2606cloakedhawkvgc\n|j|\u2606L3mmy.-.\n|t:|1776244073\n|gametype|doubles\n|player|p1|cloakedhawkvgc|pryce|1070\n|player|p2|L3mmy.-.|1|1125\n|gen|9\n|tier|[Gen 9 Champions] VGC 2026 Reg M-A\n|rated|\n|rule|Species Clause: Limit one of each Pok\u00e9mon\n|rule|Item Clause: Limit 1 of each item\n|clearpoke\n|poke|p1|Oranguru, L50, F|\n|poke|p1|Cofagrigus, L50, M|\n|poke|p1|Clefable, L50, F|\n|poke|p1|Kingambit, L50, M|\n|poke|p1|Torkoal, L50, F|\n|poke|p1|Machamp, L50, F|\n|poke|p2|Drampa, L50, F|\n|poke|p2|Slowking-Galar, L50, M|\n|poke|p2|Sinistcha, L50|\n|poke|p2|Gyarados, L50, M|\n|poke|p2|Rotom-Heat, L50|\n|poke|p2|Corviknight, L50, F|\n|teampreview|4\n|inactive|Battle timer is ON: inactive players will automatically lose when time's up. (requested by cloakedhawkvgc)\n|inactive|cloakedhawkvgc has 60 seconds left.\n|\n|t:|1776244115\n|teamsize|p1|4\n|teamsize|p2|4\n|start\n|switch|p1a: Oranguru|Oranguru, L50, F|100/100\n|switch|p1b: Kingambit|Kingambit, L50, M|100/100\n|switch|p2a: Drampa|Drampa, L50, F|100/100\n|switch|p2b: Slowking|Slowking-Galar, L50, M|100/100\n|-ability|p2a: Drampa|Cloud Nine\n|turn|1\n|inactive|cloakedhawkvgc has 30 seconds left.\n|inactive|cloakedhawkvgc has 20 seconds left.\n|inactive|cloakedhawkvgc has 15 seconds left.\n|\n|t:|1776244158\n|switch|p2b: Rotom|Rotom-Heat, L50|100/100\n|detailschange|p2a: Drampa|Drampa-Mega, L50, F\n|-mega|p2a: Drampa|Drampa|Drampanite\n|move|p1a: Oranguru|Knock Off|p2b: Rotom\n|-damage|p2b: Rotom|86/100\n|-enditem|p2b: Rotom|Lum Berry|[from] move: Knock Off|[of] p1a: Oranguru\n|move|p1b: Kingambit|Kowtow Cleave|p2b: Rotom\n|-damage|p2b: Rotom|42/100\n|move|p2a: Drampa|Calm Mind|p2a: Drampa\n|-boost|p2a: Drampa|spa|1\n|-boost|p2a: Drampa|spd|1\n|\n|upkeep\n|turn|2\n|\n|t:|1776244178\n|move|p1b: Kingambit|Protect|p1b: Kingambit\n|-singleturn|p1b: Kingambit|Protect\n|move|p2b: Rotom|Will-O-Wisp|p1b: Kingambit\n|-activate|p1b: Kingambit|move: Protect\n|move|p2a: Drampa|Hyper Voice|p1a: Oranguru|[spread] p1a\n|-activate|p1b: Kingambit|move: Protect\n|-damage|p1a: Oranguru|48/100\n|move|p1a: Oranguru|Trick Room|p1a: Oranguru\n|-fieldstart|move: Trick Room|[of] p1a: Oranguru\n|\n|upkeep\n|turn|3\n|inactive|L3mmy.-. has 30 seconds left.\n|\n|t:|1776244213\n|move|p2b: Rotom|Protect|p2b: Rotom\n|-singleturn|p2b: Rotom|Protect\n|move|p2a: Drampa|Hyper Voice|p1b: Kingambit|[spread] p1a,p1b\n|-resisted|p1b: Kingambit|1\n|-damage|p1a: Oranguru|0 fnt\n|-damage|p1b: Kingambit|68/100\n|faint|p1a: Oranguru\n|move|p1b: Kingambit|Kowtow Cleave|p2a: Drampa\n|-damage|p2a: Drampa|55/100\n|\n|upkeep\n|\n|t:|1776244222\n|switch|p1a: Machamp|Machamp, L50, F|100/100\n|turn|4\n|\n|t:|1776244238\n|switch|p2b: Sinistcha|Sinistcha, L50|100/100\n|-heal|p2a: Drampa|80/100|[from] ability: Hospitality|[of] p2b: Sinistcha\n|move|p2a: Drampa|Draco Meteor|p1a: Machamp\n|-damage|p1a: Machamp|0 fnt\n|-unboost|p2a: Drampa|spa|2\n|faint|p1a: Machamp\n|move|p1b: Kingambit|Kowtow Cleave|p2b: Sinistcha\n|-supereffective|p2b: Sinistcha|1\n|-damage|p2b: Sinistcha|14/100\n|\n|upkeep\n|\n|t:|1776244249\n|switch|p1a: Torkoal|Torkoal, L50, F|100/100\n|-weather|SunnyDay|[from] ability: Drought|[of] p1a: Torkoal\n|turn|5\n|inactive|L3mmy.-. has 30 seconds left.\n|\n|t:|1776244278\n|switch|p2b: Slowking|Slowking-Galar, L50, M|100/100\n|move|p1b: Kingambit|Sucker Punch|p2a: Drampa\n|-damage|p2a: Drampa|41/100\n|-ability|p2a: Drampa|Berserk|boost\n|-boost|p2a: Drampa|spa|1\n|move|p1a: Torkoal|Eruption|p2b: Slowking|[spread] p2a,p2b\n|-resisted|p2a: Drampa|1\n|-damage|p2a: Drampa|18/100\n|-damage|p2b: Slowking|26/100\n|move|p2a: Drampa|Hyper Voice|p1b: Kingambit|[spread] p1a,p1b\n|-resisted|p1b: Kingambit|1\n|-damage|p1a: Torkoal|41/100\n|-damage|p1b: Kingambit|45/100\n|\n|-weather|SunnyDay|[upkeep]\n|-heal|p2b: Slowking|32/100|[from] item: Leftovers\n|upkeep\n|turn|6\n|inactive|cloakedhawkvgc has 30 seconds left.\n|inactive|L3mmy.-. has 30 seconds left.\n|\n|t:|1776244311\n|move|p2a: Drampa|Protect|p2a: Drampa\n|-singleturn|p2a: Drampa|Protect\n|move|p1a: Torkoal|Heat Wave|p2b: Slowking|[spread] p2b\n|-activate|p2a: Drampa|move: Protect\n|-crit|p2b: Slowking\n|-damage|p2b: Slowking|0 fnt\n|faint|p2b: Slowking\n|move|p1b: Kingambit|Kowtow Cleave|p2a: Drampa\n|-activate|p2a: Drampa|move: Protect\n|\n|-weather|SunnyDay|[upkeep]\n|-fieldend|move: Trick Room\n|upkeep\n|\n|t:|1776244323\n|switch|p2b: Sinistcha|Sinistcha, L50|14/100\n|-heal|p2a: Drampa|43/100|[from] ability: Hospitality|[of] p2b: Sinistcha\n|turn|7\n|\n|t:|1776244335\n|move|p2b: Sinistcha|Rage Powder|p2b: Sinistcha\n|-singleturn|p2b: Sinistcha|move: Rage Powder\n|move|p1b: Kingambit|Kowtow Cleave|p2b: Sinistcha\n|-supereffective|p2b: Sinistcha|1\n|-damage|p2b: Sinistcha|0 fnt\n|faint|p2b: Sinistcha\n|move|p2a: Drampa|Hyper Voice|p1a: Torkoal|[spread] p1a,p1b\n|-resisted|p1b: Kingambit|1\n|-damage|p1a: Torkoal|0 fnt\n|-damage|p1b: Kingambit|25/100\n|faint|p1a: Torkoal\n|\n|-weather|SunnyDay|[upkeep]\n|upkeep\n|\n|t:|1776244344\n|switch|p2b: Rotom|Rotom-Heat, L50|42/100\n|turn|8\n|\n|t:|1776244351\n|move|p2b: Rotom|Overheat|p1b: Kingambit\n|-supereffective|p1b: Kingambit|1\n|-damage|p1b: Kingambit|0 fnt\n|-unboost|p2b: Rotom|spa|2\n|faint|p1b: Kingambit\n|\n|win|L3mmy.-.\n|raw|cloakedhawkvgc's rating: 1070 &rarr; <strong>1053</strong><br />(-17 for losing)\n|raw|L3mmy.-.'s rating: 1125 &rarr; <strong>1146</strong><br />(+21 for winning)\n",
  "uploadtime": 1776244354,
  "views": 28,
  "formatid": "gen9championsvgc2026regma",
  "rating": 1053,
  "private": 0,
  "password": null
}