{
  "id": "gen9championsvgc2026regma-2587343725",
  "format": "[Gen 9 Champions] VGC 2026 Reg M-A",
  "players": [
    "Toguell1",
    "bluejayx2"
  ],
  "log": "|j|\u2606Toguell1\n|j|\u203dbluejayx2\n|t:|1776523817\n|gametype|doubles\n|player|p1|Toguell1|unknown|1098\n|player|p2|bluejayx2|marley|1164\n|gen|9\n|tier|[Gen 9 Champions] VGC 2026 Reg M-A\n|rated|\n|rule|Species Clause: Limit one of each Pok\u00e9mon\n|rule|Item Clause: Limit 1 of each item\n|clearpoke\n|poke|p1|Froslass, L50, F, shiny|\n|poke|p1|Rotom-Frost, L50, shiny|\n|poke|p1|Sneasler, L50, M, shiny|\n|poke|p1|Aerodactyl, L50, M, shiny|\n|poke|p1|Empoleon, L50, M, shiny|\n|poke|p1|Sinistcha-Masterpiece, L50, shiny|\n|poke|p2|Pinsir, L50, F, shiny|\n|poke|p2|Clefable, L50, F, shiny|\n|poke|p2|Absol, L50, F, shiny|\n|poke|p2|Charizard, L50, F, shiny|\n|poke|p2|Politoed, L50, M|\n|poke|p2|Sableye, L50, F, shiny|\n|teampreview|4\n|inactive|Battle timer is ON: inactive players will automatically lose when time's up. (requested by bluejayx2)\n|inactive|bluejayx2 has 60 seconds left.\n|\n|t:|1776523851\n|teamsize|p1|4\n|teamsize|p2|4\n|start\n|switch|p1a: Froslass|Froslass, L50, F, shiny|100/100\n|switch|p1b: Empoleon|Empoleon, L50, M, shiny|100/100\n|switch|p2a: Charizard|Charizard, L50, F, shiny|100/100\n|switch|p2b: Sableye|Sableye, L50, F, shiny|100/100\n|turn|1\n|\n|t:|1776523865\n|move|p1a: Froslass|Protect|p1a: Froslass\n|-singleturn|p1a: Froslass|Protect\n|move|p2b: Sableye|Sunny Day|p2b: Sableye\n|-weather|SunnyDay\n|move|p2a: Charizard|Heat Wave|p1a: Froslass|[spread] p1b\n|-activate|p1a: Froslass|move: Protect\n|-damage|p1b: Empoleon|22/100\n|-enditem|p1b: Empoleon|Sitrus Berry|[eat]\n|-heal|p1b: Empoleon|47/100|[from] item: Sitrus Berry\n|move|p1b: Empoleon|Liquidation|p2a: Charizard\n|-supereffective|p2a: Charizard|1\n|-damage|p2a: Charizard|68/100\n|\n|-weather|SunnyDay|[upkeep]\n|-damage|p2a: Charizard|56/100|[from] ability: Solar Power|[of] p2a: Charizard\n|upkeep\n|turn|2\n|inactive|Toguell1 has 30 seconds left.\n|\n|t:|1776523891\n|switch|p1a: Sinistcha|Sinistcha-Masterpiece, L50, shiny|100/100\n|-heal|p1b: Empoleon|71/100|[from] ability: Hospitality|[of] p1a: Sinistcha\n|move|p1b: Empoleon|Protect|p1b: Empoleon\n|-singleturn|p1b: Empoleon|Protect\n|move|p2a: Charizard|Heat Wave|p1b: Empoleon|[spread] \n|-activate|p1b: Empoleon|move: Protect\n|-miss|p2a: Charizard|p1a: Sinistcha\n|move|p2b: Sableye|Foul Play|p1a: Sinistcha\n|-supereffective|p1a: Sinistcha|1\n|-damage|p1a: Sinistcha|63/100\n|\n|-weather|SunnyDay|[upkeep]\n|-damage|p2a: Charizard|44/100|[from] ability: Solar Power|[of] p2a: Charizard\n|-heal|p1a: Sinistcha|70/100|[from] item: Leftovers\n|upkeep\n|turn|3\n|\n|t:|1776523914\n|move|p2b: Sableye|Encore|p1b: Empoleon\n|-start|p1b: Empoleon|Encore\n|move|p1b: Empoleon|Protect||[still]\n|-fail|p1b: Empoleon\n|move|p2a: Charizard|Heat Wave|p1b: Empoleon|[spread] p1a,p1b\n|-supereffective|p1a: Sinistcha|1\n|-damage|p1a: Sinistcha|0 fnt\n|-damage|p1b: Empoleon|2/100\n|faint|p1a: Sinistcha\n|\n|-weather|SunnyDay|[upkeep]\n|-damage|p2a: Charizard|31/100|[from] ability: Solar Power|[of] p2a: Charizard\n|upkeep\n|\n|t:|1776523929\n|switch|p1a: Froslass|Froslass, L50, F, shiny|100/100\n|turn|4\n|\n|t:|1776523936\n|detailschange|p1a: Froslass|Froslass-Mega, L50, F, shiny\n|-mega|p1a: Froslass|Froslass|Froslassite\n|-weather|Snowscape|[from] ability: Snow Warning|[of] p1a: Froslass\n|move|p1a: Froslass|Protect|p1a: Froslass\n|-singleturn|p1a: Froslass|Protect\n|move|p1b: Empoleon|Protect|p1b: Empoleon\n|-singleturn|p1b: Empoleon|Protect\n|move|p2a: Charizard|Heat Wave|p1b: Empoleon|[spread] \n|-activate|p1a: Froslass|move: Protect\n|-activate|p1b: Empoleon|move: Protect\n|move|p2b: Sableye|Foul Play|p1a: Froslass\n|-activate|p1a: Froslass|move: Protect\n|\n|-weather|Snowscape|[upkeep]\n|upkeep\n|turn|5\n|\n|t:|1776523955\n|switch|p1b: Rotom|Rotom-Frost, L50, shiny|100/100\n|move|p2b: Sableye|Encore|p1a: Froslass\n|-start|p1a: Froslass|Encore\n|move|p1a: Froslass|Protect||[still]\n|-fail|p1a: Froslass\n|move|p2a: Charizard|Heat Wave|p1a: Froslass|[spread] p1a,p1b\n|-supereffective|p1a: Froslass|1\n|-supereffective|p1b: Rotom|1\n|-damage|p1a: Froslass|19/100\n|-damage|p1b: Rotom|1/100\n|\n|-weather|Snowscape|[upkeep]\n|upkeep\n|turn|6\n|inactive|Toguell1 has 30 seconds left.\n|\n|t:|1776523980\n|move|p1a: Froslass|Protect|p1a: Froslass\n|-singleturn|p1a: Froslass|Protect\n|move|p2b: Sableye|Sunny Day|p2b: Sableye\n|-weather|SunnyDay\n|move|p2a: Charizard|Heat Wave|p1a: Froslass|[spread] p1b\n|-activate|p1a: Froslass|move: Protect\n|-supereffective|p1b: Rotom|1\n|-damage|p1b: Rotom|0 fnt\n|faint|p1b: Rotom\n|\n|-weather|SunnyDay|[upkeep]\n|-damage|p2a: Charizard|19/100|[from] ability: Solar Power|[of] p2a: Charizard\n|upkeep\n|\n|t:|1776523990\n|switch|p1b: Empoleon|Empoleon, L50, M, shiny|2/100\n|turn|7\n|\n|t:|1776524001\n|move|p1a: Froslass|Protect|p1a: Froslass\n|-singleturn|p1a: Froslass|Protect\n|move|p2a: Charizard|Heat Wave|p1b: Empoleon|[spread] p1b\n|-activate|p1a: Froslass|move: Protect\n|-damage|p1b: Empoleon|0 fnt\n|faint|p1b: Empoleon\n|move|p2b: Sableye|Foul Play|p1a: Froslass\n|-activate|p1a: Froslass|move: Protect\n|\n|-weather|SunnyDay|[upkeep]\n|-damage|p2a: Charizard|7/100|[from] ability: Solar Power|[of] p2a: Charizard\n|-end|p1a: Froslass|Encore\n|upkeep\n|turn|8\n|inactive|Toguell1 has 30 seconds left.\n|inactive|Toguell1 has 20 seconds left.\n|inactive|Toguell1 has 15 seconds left.\n|-message|Toguell1 forfeited.\n|\n|win|bluejayx2\n|raw|Toguell1's rating: 1098 &rarr; <strong>1078</strong><br />(-20 for losing)\n|raw|bluejayx2's rating: 1164 &rarr; <strong>1184</strong><br />(+20 for winning)\n|l|\u2606Toguell1\n|player|p1|\n|l|\u203dbluejayx2\n|player|p2|\n|j|\u203dbluejayx2\n|player|p2|bluejayx2|marley|\n|n|\u203dbluejayx2|bluejayx2\n",
  "uploadtime": 1776524278,
  "views": 16,
  "formatid": "gen9championsvgc2026regma",
  "rating": 1078,
  "private": 0,
  "password": null
}