{
  "id": "gen9championsvgc2026regma-2587347550",
  "format": "[Gen 9 Champions] VGC 2026 Reg M-A",
  "players": [
    "dohawyth",
    "yuriimon"
  ],
  "log": "|j|\u2606dohawyth\n|j|\u2606yuriimon\n|t:|1776524146\n|gametype|doubles\n|player|p1|dohawyth|169|1197\n|player|p2|yuriimon|waitress-gen4|1275\n|gen|9\n|tier|[Gen 9 Champions] VGC 2026 Reg M-A\n|rated|\n|rule|Species Clause: Limit one of each Pok\u00e9mon\n|rule|Item Clause: Limit 1 of each item\n|clearpoke\n|poke|p1|Incineroar, L50, F|\n|poke|p1|Crabominable, L50, M|\n|poke|p1|Kingambit, L50, M|\n|poke|p1|Slowking-Galar, L50, M|\n|poke|p1|Sinistcha, L50|\n|poke|p1|Primarina, L50, F|\n|poke|p2|Glimmora, L50, F|\n|poke|p2|Incineroar, L50, M|\n|poke|p2|Politoed, L50, M|\n|poke|p2|Basculegion, L50, M|\n|poke|p2|Chesnaught, L50, F|\n|poke|p2|Dragapult, L50, F|\n|teampreview|4\n|inactive|Battle timer is ON: inactive players will automatically lose when time's up. (requested by yuriimon)\ndohawyth rejected open team sheets.\n|\n|t:|1776524176\n|teamsize|p1|4\n|teamsize|p2|4\n|start\n|switch|p1a: Kingambit|Kingambit, L50, M|100/100\n|switch|p1b: Sinistcha|Sinistcha, L50|100/100\n|switch|p2a: Chesnaught|Chesnaught, L50, F|100/100\n|switch|p2b: Politoed|Politoed, L50, M|100/100\n|-weather|RainDance|[from] ability: Drizzle|[of] p2b: Politoed\n|turn|1\n|\n|t:|1776524190\n|detailschange|p2a: Chesnaught|Chesnaught-Mega, L50, F\n|-mega|p2a: Chesnaught|Chesnaught|Chesnaughtite\n|move|p2b: Politoed|Protect|p2b: Politoed\n|-singleturn|p2b: Politoed|Protect\n|move|p1a: Kingambit|Protect|p1a: Kingambit\n|-singleturn|p1a: Kingambit|Protect\n|move|p2a: Chesnaught|Iron Defense|p2a: Chesnaught\n|-boost|p2a: Chesnaught|def|2\n|move|p1b: Sinistcha|Trick Room|p1b: Sinistcha\n|-fieldstart|move: Trick Room|[of] p1b: Sinistcha\n|\n|-weather|RainDance|[upkeep]\n|upkeep\n|turn|2\n|\n|t:|1776524209\n|switch|p2b: Incineroar|Incineroar, L50, M|100/100\n|-ability|p2b: Incineroar|Intimidate|boost\n|-unboost|p1a: Kingambit|atk|1\n|-ability|p1a: Kingambit|Defiant|boost\n|-boost|p1a: Kingambit|atk|2\n|-unboost|p1b: Sinistcha|atk|1\n|move|p1a: Kingambit|Kowtow Cleave|p2b: Incineroar\n|-resisted|p2b: Incineroar|1\n|-damage|p2b: Incineroar|61/100\n|move|p2a: Chesnaught|Body Press|p1a: Kingambit\n|-supereffective|p1a: Kingambit|2\n|-damage|p1a: Kingambit|0 fnt\n|faint|p1a: Kingambit\n|move|p1b: Sinistcha|Matcha Gotcha|p2b: Incineroar|[spread] p2b\n|-miss|p1b: Sinistcha|p2a: Chesnaught\n|-resisted|p2b: Incineroar|1\n|-damage|p2b: Incineroar|46/100\n|-enditem|p2b: Incineroar|Sitrus Berry|[eat]\n|-heal|p2b: Incineroar|71/100|[from] item: Sitrus Berry\n|\n|-weather|RainDance|[upkeep]\n|upkeep\n|\n|t:|1776524217\n|switch|p1a: Primarina|Primarina, L50, F|100/100\n|turn|3\n|\n|t:|1776524238\n|move|p1a: Primarina|Protect|p1a: Primarina\n|-singleturn|p1a: Primarina|Protect\n|move|p2b: Incineroar|Fake Out|p1a: Primarina\n|-activate|p1a: Primarina|move: Protect\n|move|p2a: Chesnaught|Body Press|p1a: Primarina\n|-activate|p1a: Primarina|move: Protect\n|move|p1b: Sinistcha|Matcha Gotcha|p2a: Chesnaught|[spread] p2a,p2b\n|-resisted|p2a: Chesnaught|1\n|-resisted|p2b: Incineroar|1\n|-damage|p2a: Chesnaught|89/100\n|-damage|p2b: Incineroar|58/100\n|-status|p2a: Chesnaught|brn\n|\n|-weather|RainDance|[upkeep]\n|-damage|p2a: Chesnaught|83/100 brn|[from] brn\n|upkeep\n|turn|4\n|\n|t:|1776524257\n|move|p2a: Chesnaught|Protect|p2a: Chesnaught\n|-singleturn|p2a: Chesnaught|Protect\n|move|p1a: Primarina|Hyper Voice|p2b: Incineroar|[spread] p2b\n|-activate|p2a: Chesnaught|move: Protect\n|-supereffective|p2b: Incineroar|1\n|-damage|p2b: Incineroar|0 fnt\n|faint|p2b: Incineroar\n|move|p1b: Sinistcha|Shadow Ball|p2a: Chesnaught\n|-activate|p2a: Chesnaught|move: Protect\n|\n|-weather|RainDance|[upkeep]\n|-damage|p2a: Chesnaught|77/100 brn|[from] brn\n|upkeep\n|\n|t:|1776524263\n|switch|p2b: Glimmora|Glimmora, L50, F|100/100\n|turn|5\n|\n|t:|1776524271\n|switch|p2a: Politoed|Politoed, L50, M|100/100\n|move|p1a: Primarina|Hyper Voice|p2a: Politoed|[spread] p2a,p2b\n|-resisted|p2a: Politoed|1\n|-supereffective|p2b: Glimmora|1\n|-damage|p2a: Politoed|77/100\n|-damage|p2b: Glimmora|0 fnt\n|faint|p2b: Glimmora\n|move|p1b: Sinistcha|Matcha Gotcha|p2a: Politoed\n|-supereffective|p2a: Politoed|1\n|-damage|p2a: Politoed|8/100\n|\n|-weather|none\n|-fieldend|move: Trick Room\n|upkeep\n|\n|t:|1776524276\n|switch|p2b: Chesnaught|Chesnaught-Mega, L50, F|77/100 brn\n|turn|6\n|-message|yuriimon forfeited.\n|\n|win|dohawyth\n|raw|dohawyth's rating: 1197 &rarr; <strong>1228</strong><br />(+31 for winning)\n|raw|yuriimon's rating: 1275 &rarr; <strong>1244</strong><br />(-31 for losing)\n|l|\u2606yuriimon\n|player|p2|\n",
  "uploadtime": 1776524284,
  "views": 44,
  "formatid": "gen9championsvgc2026regma",
  "rating": 1228,
  "private": 0,
  "password": null
}