{
  "id": "gen9championsvgc2026regma-2586823232",
  "format": "[Gen 9 Champions] VGC 2026 Reg M-A",
  "players": [
    "dinosfrog",
    "Pawns12"
  ],
  "log": "|j|\u2606dinosfrog\n|j|\u2606Pawns12\n|t:|1776462851\n|gametype|doubles\n|player|p1|dinosfrog|ethan|1136\n|player|p2|Pawns12|1|1213\n|gen|9\n|tier|[Gen 9 Champions] VGC 2026 Reg M-A\n|rated|\n|rule|Species Clause: Limit one of each Pok\u00e9mon\n|rule|Item Clause: Limit 1 of each item\n|clearpoke\n|poke|p1|Dragapult, L50, F|\n|poke|p1|Incineroar, L50, M|\n|poke|p1|Blastoise, L50, M|\n|poke|p1|Sinistcha-Masterpiece, L50|\n|poke|p1|Scizor, L50, F|\n|poke|p1|Politoed, L50, M|\n|poke|p2|Charizard, L50, F|\n|poke|p2|Venusaur, L50, F|\n|poke|p2|Aegislash, L50, F|\n|poke|p2|Rotom-Wash, L50|\n|poke|p2|Corviknight, L50, F|\n|poke|p2|Avalugg, L50, F|\n|teampreview|4\n|inactive|Battle timer is ON: inactive players will automatically lose when time's up. (requested by dinosfrog)\n|\n|t:|1776462908\n|teamsize|p1|4\n|teamsize|p2|4\n|start\n|switch|p1a: Dragapult|Dragapult, L50, F|100/100\n|switch|p1b: Incineroar|Incineroar, L50, M|100/100\n|switch|p2a: Charizard|Charizard, L50, F|100/100\n|switch|p2b: Avalugg|Avalugg, L50, F|100/100\n|-ability|p1b: Incineroar|Intimidate|boost\n|-unboost|p2a: Charizard|atk|1\n|-unboost|p2b: Avalugg|atk|1\n|turn|1\n|inactive|Pawns12 has 30 seconds left.\n|\n|t:|1776462936\n|switch|p2a: Rotom|Rotom-Wash, L50|100/100\n|move|p2b: Avalugg|Protect|p2b: Avalugg\n|-singleturn|p2b: Avalugg|Protect\n|move|p1a: Dragapult|Light Screen|p1a: Dragapult\n|-sidestart|p1: dinosfrog|move: Light Screen\n|move|p1b: Incineroar|Flare Blitz|p2b: Avalugg\n|-activate|p2b: Avalugg|move: Protect\n|\n|upkeep\n|turn|2\n|inactive|dinosfrog has 30 seconds left.\n|inactive|dinosfrog has 20 seconds left.\n|\n|t:|1776462976\n|switch|p2b: Charizard|Charizard, L50, F|100/100\n|move|p1a: Dragapult|Breaking Swipe|p2a: Rotom|[spread] p2a,p2b\n|-damage|p2a: Rotom|85/100\n|-damage|p2b: Charizard|79/100\n|-unboost|p2a: Rotom|atk|1\n|-unboost|p2b: Charizard|atk|1\n|move|p2a: Rotom|Will-O-Wisp|p1a: Dragapult|[miss]\n|-miss|p2a: Rotom|p1a: Dragapult\n|move|p1b: Incineroar|Flare Blitz|p2b: Charizard\n|-resisted|p2b: Charizard|1\n|-damage|p2b: Charizard|45/100\n|-damage|p1b: Incineroar|92/100|[from] Recoil\n|\n|upkeep\n|turn|3\n|\n|t:|1776462996\n|move|p2b: Charizard|Protect|p2b: Charizard\n|-singleturn|p2b: Charizard|Protect\n|move|p1a: Dragapult|Shadow Ball|p2b: Charizard\n|-activate|p2b: Charizard|move: Protect\n|move|p2a: Rotom|Will-O-Wisp|p1a: Dragapult\n|-status|p1a: Dragapult|brn\n|move|p1b: Incineroar|Snarl|p2b: Charizard|[spread] p2a\n|-activate|p2b: Charizard|move: Protect\n|-damage|p2a: Rotom|71/100\n|-unboost|p2a: Rotom|spa|1\n|\n|-damage|p1a: Dragapult|94/100 brn|[from] brn\n|upkeep\n|turn|4\n|inactive|Pawns12 has 30 seconds left.\n|\n|t:|1776463024\n|switch|p2b: Avalugg|Avalugg, L50, F|100/100\n|move|p2a: Rotom|Protect|p2a: Rotom\n|-singleturn|p2a: Rotom|Protect\n|move|p1a: Dragapult|Shadow Ball|p2b: Avalugg\n|-damage|p2b: Avalugg|48/100\n|-unboost|p2b: Avalugg|spd|1\n|move|p1b: Incineroar|Parting Shot|p2a: Rotom\n|-activate|p2a: Rotom|move: Protect\n|\n|-heal|p1a: Dragapult|100/100 brn|[from] item: Leftovers\n|-damage|p1a: Dragapult|94/100 brn|[from] brn\n|upkeep\n|turn|5\n|\n|t:|1776463048\n|move|p2b: Avalugg|Protect|p2b: Avalugg\n|-singleturn|p2b: Avalugg|Protect\n|move|p1a: Dragapult|Shadow Ball|p2b: Avalugg\n|-activate|p2b: Avalugg|move: Protect\n|move|p2a: Rotom|Shadow Ball|p1a: Dragapult\n|-supereffective|p1a: Dragapult|1\n|-damage|p1a: Dragapult|71/100 brn\n|move|p1b: Incineroar|Parting Shot|p2a: Rotom\n|-unboost|p2a: Rotom|atk|1\n|-unboost|p2a: Rotom|spa|1\n|\n|t:|1776463051\n|switch|p1b: Blastoise|Blastoise, L50, M|100/100|[from] Parting Shot\n|\n|-heal|p1a: Dragapult|77/100 brn|[from] item: Leftovers\n|-damage|p1a: Dragapult|71/100 brn|[from] brn\n|-sideend|p1: dinosfrog|move: Light Screen\n|upkeep\n|turn|6\n|inactive|Pawns12 has 30 seconds left.\n|\n|t:|1776463077\n|switch|p2b: Venusaur|Venusaur, L50, F|100/100\n|detailschange|p1b: Blastoise|Blastoise-Mega, L50, M\n|-mega|p1b: Blastoise|Blastoise|Blastoisinite\n|move|p1a: Dragapult|Light Screen|p1a: Dragapult\n|-sidestart|p1: dinosfrog|move: Light Screen\n|move|p1b: Blastoise|Shell Smash|p1b: Blastoise\n|-unboost|p1b: Blastoise|def|1\n|-unboost|p1b: Blastoise|spd|1\n|-boost|p1b: Blastoise|atk|2\n|-boost|p1b: Blastoise|spa|2\n|-boost|p1b: Blastoise|spe|2\n|move|p2a: Rotom|Thunderbolt|p1b: Blastoise\n|-supereffective|p1b: Blastoise|1\n|-damage|p1b: Blastoise|52/100\n|\n|-heal|p1a: Dragapult|77/100 brn|[from] item: Leftovers\n|-damage|p1a: Dragapult|71/100 brn|[from] brn\n|upkeep\n|turn|7\n|inactive|Pawns12 has 30 seconds left.\n|\n|t:|1776463102\n|move|p1b: Blastoise|Protect|p1b: Blastoise\n|-singleturn|p1b: Blastoise|Protect\n|move|p2a: Rotom|Protect|p2a: Rotom\n|-singleturn|p2a: Rotom|Protect\n|move|p1a: Dragapult|Shadow Ball|p2b: Venusaur\n|-damage|p2b: Venusaur|77/100\n|-unboost|p2b: Venusaur|spd|1\n|move|p2b: Venusaur|Sleep Powder|p1b: Blastoise\n|-activate|p1b: Blastoise|move: Protect\n|\n|-heal|p1a: Dragapult|77/100 brn|[from] item: Leftovers\n|-damage|p1a: Dragapult|71/100 brn|[from] brn\n|upkeep\n|turn|8\n|inactive|Pawns12 has 30 seconds left.\n|\n|t:|1776463129\n|move|p1b: Blastoise|Muddy Water|p2a: Rotom|[spread] p2a,p2b\n|-resisted|p2a: Rotom|1\n|-resisted|p2b: Venusaur|1\n|-damage|p2a: Rotom|22/100\n|-damage|p2b: Venusaur|23/100\n|move|p1a: Dragapult|Shadow Ball|p2b: Venusaur\n|-damage|p2b: Venusaur|0 fnt\n|faint|p2b: Venusaur\n|move|p2a: Rotom|Thunderbolt|p1b: Blastoise\n|-supereffective|p1b: Blastoise|1\n|-crit|p1b: Blastoise\n|-damage|p1b: Blastoise|0 fnt\n|faint|p1b: Blastoise\n|\n|-heal|p1a: Dragapult|77/100 brn|[from] item: Leftovers\n|-damage|p1a: Dragapult|71/100 brn|[from] brn\n|upkeep\n|\n|t:|1776463151\n|switch|p1b: Incineroar|Incineroar, L50, M|92/100\n|switch|p2b: Avalugg|Avalugg, L50, F|48/100\n|-ability|p1b: Incineroar|Intimidate|boost\n|-unboost|p2a: Rotom|atk|1\n|-unboost|p2b: Avalugg|atk|1\n|turn|9\n|\n|t:|1776463167\n|move|p1a: Dragapult|Shadow Ball|p2a: Rotom\n|-damage|p2a: Rotom|0 fnt\n|faint|p2a: Rotom\n|move|p1b: Incineroar|Flare Blitz|p2b: Avalugg\n|-supereffective|p2b: Avalugg|1\n|-damage|p2b: Avalugg|0 fnt\n|faint|p2b: Avalugg\n|-damage|p1b: Incineroar|78/100|[from] Recoil\n|\n|-heal|p1a: Dragapult|77/100 brn|[from] item: Leftovers\n|-damage|p1a: Dragapult|71/100 brn|[from] brn\n|upkeep\n|\n|t:|1776463181\n|switch|p2b: Charizard|Charizard, L50, F|45/100\n|turn|10\n|\n|t:|1776463197\n|move|p2b: Charizard|Protect|p2b: Charizard\n|-singleturn|p2b: Charizard|Protect\n|move|p1a: Dragapult|Shadow Ball|p2b: Charizard\n|-activate|p2b: Charizard|move: Protect\n|move|p1b: Incineroar|Parting Shot|p2b: Charizard\n|-activate|p2b: Charizard|move: Protect\n|\n|-heal|p1a: Dragapult|77/100 brn|[from] item: Leftovers\n|-damage|p1a: Dragapult|71/100 brn|[from] brn\n|-sideend|p1: dinosfrog|move: Light Screen\n|upkeep\n|turn|11\n|\n|t:|1776463220\n|move|p2b: Charizard|Protect|p2b: Charizard\n|-singleturn|p2b: Charizard|Protect\n|move|p1a: Dragapult|Light Screen|p1a: Dragapult\n|-sidestart|p1: dinosfrog|move: Light Screen\n|move|p1b: Incineroar|Parting Shot|p2b: Charizard\n|-activate|p2b: Charizard|move: Protect\n|\n|-heal|p1a: Dragapult|77/100 brn|[from] item: Leftovers\n|-damage|p1a: Dragapult|71/100 brn|[from] brn\n|upkeep\n|turn|12\n|inactive|Pawns12 has 30 seconds left.\n|inactive|Pawns12 has 20 seconds left.\n|inactive|Pawns12 has 15 seconds left.\n|inactive|Pawns12 has 10 seconds left.\n|inactive|Pawns12 has 5 seconds left.\n|\n|t:|1776463275\n|move|p1a: Dragapult|Shadow Ball|p2b: Charizard\n|-damage|p2b: Charizard|6/100\n|move|p2b: Charizard|Heat Wave|p1a: Dragapult|[spread] p1a,p1b\n|-resisted|p1a: Dragapult|1\n|-resisted|p1b: Incineroar|1\n|-damage|p1a: Dragapult|58/100 brn\n|-damage|p1b: Incineroar|69/100\n|move|p1b: Incineroar|Parting Shot|p2b: Charizard\n|-unboost|p2b: Charizard|atk|1\n|-unboost|p2b: Charizard|spa|1\n|\n|t:|1776463282\n|switch|p1b: Politoed|Politoed, L50, M|100/100|[from] Parting Shot\n|-weather|RainDance|[from] ability: Drizzle|[of] p1b: Politoed\n|\n|-weather|RainDance|[upkeep]\n|-heal|p1a: Dragapult|65/100 brn|[from] item: Leftovers\n|-damage|p1a: Dragapult|58/100 brn|[from] brn\n|upkeep\n|turn|13\n|inactive|Pawns12 has 30 seconds left.\n|inactive|Pawns12 has 20 seconds left.\n|inactive|Pawns12 has 15 seconds left.\n|inactive|Pawns12 has 10 seconds left.\n|inactive|Pawns12 has 5 seconds left.\n|\n|t:|1776463337\n|move|p1a: Dragapult|Shadow Ball|p2b: Charizard\n|-damage|p2b: Charizard|0 fnt\n|faint|p2b: Charizard\n|\n|win|dinosfrog\n|raw|dinosfrog's rating: 1136 &rarr; <strong>1166</strong><br />(+30 for winning)\n|raw|Pawns12's rating: 1213 &rarr; <strong>1183</strong><br />(-30 for losing)\n|l|\u2606dinosfrog\n|player|p1|\n|l|\u2606Pawns12\n|player|p2|\n|j|\u2606dinosfrog\n|player|p1|dinosfrog|ethan|\n",
  "uploadtime": 1776466154,
  "views": 24,
  "formatid": "gen9championsvgc2026regma",
  "rating": 1166,
  "private": 0,
  "password": null
}