{
  "id": "gen9championsvgc2026regma-2582007408",
  "format": "[Gen 9 Champions] VGC 2026 Reg M-A",
  "players": [
    "nickzwr",
    "HappyW"
  ],
  "log": "|j|\u2606nickzwr\n|j|\u2606HappyW\n|t:|1776047787\n|gametype|doubles\n|player|p1|nickzwr|gambler|1238\n|player|p2|HappyW|akari|1242\n|gen|9\n|tier|[Gen 9 Champions] VGC 2026 Reg M-A\n|rated|\n|rule|Species Clause: Limit one of each Pok\u00e9mon\n|rule|Item Clause: Limit 1 of each item\n|clearpoke\n|poke|p1|Dragonite, L50, M|\n|poke|p1|Basculegion, L50, M|\n|poke|p1|Archaludon, L50, F|\n|poke|p1|Incineroar, L50, F|\n|poke|p1|Pelipper, L50, F|\n|poke|p1|Sneasler, L50, M|\n|poke|p2|Archaludon, L50, M|\n|poke|p2|Pelipper, L50, F|\n|poke|p2|Sneasler, L50, M|\n|poke|p2|Manectric, L50, F|\n|poke|p2|Basculegion, L50, M|\n|poke|p2|Kingambit, L50, F|\n|teampreview|4\n|inactive|Battle timer is ON: inactive players will automatically lose when time's up. (requested by HappyW)\n|inactive|HappyW has 60 seconds left.\n|inactive|HappyW has 30 seconds left.\n|\n|t:|1776047856\n|teamsize|p1|4\n|teamsize|p2|4\n|start\n|switch|p1a: Dragonite|Dragonite, L50, M, shiny|100/100\n|switch|p1b: Incineroar|Incineroar, L50, F, shiny|100/100\n|switch|p2a: Pelipper|Pelipper, L50, F|100/100\n|switch|p2b: Basculegion|Basculegion, L50, M|100/100\n|-weather|RainDance|[from] ability: Drizzle|[of] p2a: Pelipper\n|-ability|p1b: Incineroar|Intimidate|boost\n|-unboost|p2a: Pelipper|atk|1\n|-unboost|p2b: Basculegion|atk|1\n|turn|1\n|inactive|nickzwr has 30 seconds left.\n|inactive|HappyW has 30 seconds left.\n|inactive|HappyW has 20 seconds left.\n|inactive|HappyW has 15 seconds left.\n|\n|t:|1776047899\n|detailschange|p1a: Dragonite|Dragonite-Mega, L50, M, shiny\n|-mega|p1a: Dragonite|Dragonite|Dragoninite\n|move|p1a: Dragonite|Protect|p1a: Dragonite\n|-singleturn|p1a: Dragonite|Protect\n|move|p2b: Basculegion|Flip Turn|p1b: Incineroar\n|-supereffective|p1b: Incineroar|1\n|-damage|p1b: Incineroar|15/100\n|-enditem|p1b: Incineroar|Sitrus Berry|[eat]\n|-heal|p1b: Incineroar|40/100|[from] item: Sitrus Berry\n|\n|t:|1776047920\n|switch|p2b: Manectric|Manectric, L50, F|100/100|[from] Flip Turn\n|move|p2a: Pelipper|Tailwind|p2a: Pelipper\n|-sidestart|p2: HappyW|move: Tailwind\n|move|p1b: Incineroar|Darkest Lariat|p2b: Manectric\n|-damage|p2b: Manectric|27/100\n|\n|-weather|RainDance|[upkeep]\n|upkeep\n|turn|2\n|inactive|nickzwr has 30 seconds left.\n|\n|t:|1776047955\n|move|p2b: Manectric|Protect|p2b: Manectric\n|-singleturn|p2b: Manectric|Protect\n|move|p2a: Pelipper|Weather Ball|p1b: Incineroar\n|-supereffective|p1b: Incineroar|1\n|-damage|p1b: Incineroar|0 fnt\n|faint|p1b: Incineroar\n|move|p1a: Dragonite|Tailwind|p1a: Dragonite\n|-sidestart|p1: nickzwr|move: Tailwind\n|\n|-weather|RainDance|[upkeep]\n|upkeep\n|\n|t:|1776047965\n|switch|p1b: Sneasler|Sneasler, L50, M|100/100\n|turn|3\n|\n|t:|1776047981\n|switch|p2b: Sneasler|Sneasler, L50, M|100/100\n|move|p1b: Sneasler|Fake Out|p2b: Sneasler\n|-damage|p2b: Sneasler|76/100\n|move|p1a: Dragonite|Hurricane|p2a: Pelipper\n|-enditem|p2a: Pelipper|Focus Sash\n|-damage|p2a: Pelipper|1/100\n|move|p2a: Pelipper|Hurricane|p1b: Sneasler\n|-supereffective|p1b: Sneasler|1\n|-damage|p1b: Sneasler|0 fnt\n|faint|p1b: Sneasler\n|\n|-weather|RainDance|[upkeep]\n|upkeep\n|\n|t:|1776047994\n|switch|p1b: Pelipper|Pelipper, L50, F|100/100\n|turn|4\n|\n|t:|1776048010\n|move|p2b: Sneasler|Fake Out|p1a: Dragonite\n|-damage|p1a: Dragonite|95/100\n|cant|p1a: Dragonite|flinch\n|move|p2a: Pelipper|Hurricane|p1b: Pelipper\n|-damage|p1b: Pelipper|15/100\n|move|p1b: Pelipper|Weather Ball|p2a: Pelipper\n|-resisted|p2a: Pelipper|1\n|-damage|p2a: Pelipper|0 fnt\n|faint|p2a: Pelipper\n|\n|-weather|RainDance|[upkeep]\n|-sideend|p2: HappyW|move: Tailwind\n|upkeep\n|\n|t:|1776048020\n|switch|p2a: Basculegion|Basculegion, L50, M|100/100\n|turn|5\n|\n|t:|1776048037\n|move|p2b: Sneasler|Protect|p2b: Sneasler\n|-singleturn|p2b: Sneasler|Protect\n|move|p1a: Dragonite|Draco Meteor|p2a: Basculegion\n|-damage|p2a: Basculegion|14/100\n|-unboost|p1a: Dragonite|spa|2\n|move|p1b: Pelipper|Hurricane|p2b: Sneasler\n|-activate|p2b: Sneasler|move: Protect\n|move|p2a: Basculegion|Flip Turn|p1b: Pelipper\n|-resisted|p1b: Pelipper|1\n|-damage|p1b: Pelipper|0 fnt\n|faint|p1b: Pelipper\n|\n|t:|1776048048\n|switch|p2a: Manectric|Manectric, L50, F|27/100|[from] Flip Turn\n|\n|-weather|none\n|-sideend|p1: nickzwr|move: Tailwind\n|upkeep\n|turn|6\n|\n|t:|1776048060\n|detailschange|p2a: Manectric|Manectric-Mega, L50, F\n|-mega|p2a: Manectric|Manectric|Manectite\n|-ability|p2a: Manectric|Intimidate|boost\n|-unboost|p1a: Dragonite|atk|1\n|move|p2a: Manectric|Thunder|p1a: Dragonite\n|-damage|p1a: Dragonite|45/100\n|move|p2b: Sneasler|Dire Claw|p1a: Dragonite\n|-damage|p1a: Dragonite|1/100\n|move|p1a: Dragonite|Draco Meteor|p2a: Manectric\n|-damage|p2a: Manectric|0 fnt\n|-unboost|p1a: Dragonite|spa|2\n|faint|p2a: Manectric\n|\n|upkeep\n|\n|t:|1776048071\n|switch|p2a: Basculegion|Basculegion, L50, M|14/100\n|turn|7\n|\n|t:|1776048094\n|move|p2b: Sneasler|Protect|p2b: Sneasler\n|-singleturn|p2b: Sneasler|Protect\n|move|p2a: Basculegion|Aqua Jet|p1a: Dragonite\n|-resisted|p1a: Dragonite|1\n|-damage|p1a: Dragonite|0 fnt\n|faint|p1a: Dragonite\n|\n|win|HappyW\n|raw|nickzwr's rating: 1238 &rarr; <strong>1213</strong><br />(-25 for losing)\n|raw|HappyW's rating: 1242 &rarr; <strong>1267</strong><br />(+25 for winning)\n",
  "uploadtime": 1776048100,
  "views": 18,
  "formatid": "gen9championsvgc2026regma",
  "rating": 1213,
  "private": 0,
  "password": null
}