{
  "id": "gen9championsvgc2026regma-2584599423",
  "format": "[Gen 9 Champions] VGC 2026 Reg M-A",
  "players": [
    "Bulaba",
    "Dr.Aero"
  ],
  "log": "|j|\u2606Bulaba\n|j|\u2606Dr.Aero\n|t:|1776271274\n|gametype|doubles\n|player|p1|Bulaba|hilbert|\n|player|p2|Dr.Aero|camper|\n|gen|9\n|tier|[Gen 9 Champions] VGC 2026 Reg M-A\n|rule|Species Clause: Limit one of each Pok\u00e9mon\n|rule|Item Clause: Limit 1 of each item\n|clearpoke\n|poke|p1|Orthworm, L50, F|\n|poke|p1|Basculegion, L50, M|\n|poke|p1|Incineroar, L50, M|\n|poke|p1|Rotom-Frost, L50|\n|poke|p1|Froslass, L50, F|\n|poke|p1|Garchomp, L50, F|\n|poke|p2|Aggron, L50, M|\n|poke|p2|Sinistcha, L50|\n|poke|p2|Volcarona, L50, M|\n|poke|p2|Rotom-Wash, L50|\n|poke|p2|Sneasler, L50, M|\n|poke|p2|Chimecho, L50, F|\n|teampreview|4\n|inactive|Battle timer is ON: inactive players will automatically lose when time's up. (requested by Dr.Aero)\nBulaba has agreed to open team sheets.\n|c|\u2606Dr.Aero|that wolfey 1\nDr.Aero has agreed to open team sheets.\n|showteam|p1|Orthworm||SitrusBerry|EarthEater|ShedTail,HeavySlam,IronDefense,BodyPress|||F|||50|]Basculegion||ChoiceScarf|Adaptability|WaveCrash,LastRespects,FlipTurn,AquaJet|||M|||50|]Incineroar||LumBerry|Intimidate|FakeOut,PartingShot,FlareBlitz,DarkestLariat|||M|||50|]Rotom-Frost||NeverMeltIce|Levitate|Blizzard,Thunderbolt,Protect,HelpingHand||||||50|]Froslass||Froslassite|CursedBody|Blizzard,Protect,ShadowBall,NastyPlot|||F|||50|]Garchomp||FocusSash|RoughSkin|Earthquake,Protect,RockSlide,DragonClaw|||F|||50|\n|showteam|p2|Aggron||Aggronite|HeavyMetal|HeavySlam,IronDefense,BodyPress,Protect|||M|||50|]Sinistcha||OccaBerry|Hospitality|MatchaGotcha,RagePowder,LifeDew,TrickRoom||||||50|]Volcarona||Leftovers|FlameBody|RagePowder,StruggleBug,FieryDance,Protect|||M|||50|]Rotom-Wash||SitrusBerry|Levitate|Electroweb,VoltSwitch,HydroPump,Protect||||||50|]Sneasler||WhiteHerb|Unburden|CloseCombat,DireClaw,FakeOut,Protect|||M|||50|]Chimecho||Chimechite|Levitate|Psychic,CalmMind,FlashCannon,Protect|||F|||50|\n|c|\u2606Bulaba|Yh\n|c|\u2606Bulaba|But swapped a little\n|inactive|Bulaba has 60 seconds left.\n|inactive|Dr.Aero has 60 seconds left.\n|\n|t:|1776271330\n|teamsize|p1|4\n|teamsize|p2|4\n|start\n|switch|p1a: Orthworm|Orthworm, L50, F|100/100\n|switch|p1b: Garchomp|Garchomp, L50, F|100/100\n|switch|p2a: Chimecho|Chimecho, L50, F|100/100\n|switch|p2b: Sinistcha|Sinistcha, L50|100/100\n|turn|1\n|c|\u2606Dr.Aero|evs i assume\n|\n|t:|1776271350\n|detailschange|p2a: Chimecho|Chimecho-Mega, L50, F\n|-mega|p2a: Chimecho|Chimecho|Chimechite\n|move|p1b: Garchomp|Rock Slide|p2b: Sinistcha|[spread] p2b\n|-miss|p1b: Garchomp|p2a: Chimecho\n|-damage|p2b: Sinistcha|81/100\n|move|p2a: Chimecho|Calm Mind|p2a: Chimecho\n|-boost|p2a: Chimecho|spa|1\n|-boost|p2a: Chimecho|spd|1\n|move|p1a: Orthworm|Shed Tail|p1a: Orthworm\n|-start|p1a: Orthworm|Substitute|[from] move: Shed Tail\n|-damage|p1a: Orthworm|50/100\n|-enditem|p1a: Orthworm|Sitrus Berry|[eat]\n|-heal|p1a: Orthworm|75/100|[from] item: Sitrus Berry\n|\n|t:|1776271363\n|switch|p1a: Froslass|Froslass, L50, F|100/100|[from] Shed Tail\n|cant|p2b: Sinistcha|flinch\n|\n|upkeep\n|turn|2\n|\n|t:|1776271377\n|move|p1a: Froslass|Nasty Plot|p1a: Froslass\n|-boost|p1a: Froslass|spa|2\n|move|p1b: Garchomp|Rock Slide|p2a: Chimecho|[spread] p2a\n|-miss|p1b: Garchomp|p2b: Sinistcha\n|-resisted|p2a: Chimecho|1\n|-damage|p2a: Chimecho|91/100\n|move|p2a: Chimecho|Calm Mind|p2a: Chimecho\n|-boost|p2a: Chimecho|spa|1\n|-boost|p2a: Chimecho|spd|1\n|move|p2b: Sinistcha|Trick Room|p2b: Sinistcha\n|-fieldstart|move: Trick Room|[of] p2b: Sinistcha\n|\n|upkeep\n|turn|3\n|c|\u2606Bulaba|Yh\n|c|\u2606Bulaba|The eves\n|\n|t:|1776271397\n|detailschange|p1a: Froslass|Froslass-Mega, L50, F\n|-mega|p1a: Froslass|Froslass|Froslassite\n|-weather|Snowscape|[from] ability: Snow Warning|[of] p1a: Froslass\n|move|p2a: Chimecho|Psychic|p1b: Garchomp\n|-enditem|p1b: Garchomp|Focus Sash\n|-damage|p1b: Garchomp|1/100\n|move|p2b: Sinistcha|Matcha Gotcha|p1b: Garchomp|[spread] p1a,p1b\n|-activate|p1a: Froslass|move: Substitute|[damage]\n|-heal|p2b: Sinistcha|94/100|[from] drain|[of] p1a: Froslass\n|-damage|p1b: Garchomp|0 fnt\n|-heal|p2b: Sinistcha|94/100|[from] drain|[of] p1b: Garchomp\n|faint|p1b: Garchomp\n|move|p1a: Froslass|Shadow Ball|p2a: Chimecho\n|-supereffective|p2a: Chimecho|1\n|-damage|p2a: Chimecho|11/100\n|\n|-weather|Snowscape|[upkeep]\n|upkeep\n|\n|t:|1776271415\n|switch|p1b: Orthworm|Orthworm, L50, F|75/100\n|turn|4\n|\n|t:|1776271437\n|move|p1b: Orthworm|Heavy Slam|p2b: Sinistcha\n|-damage|p2b: Sinistcha|57/100\n|move|p2a: Chimecho|Psychic|p1b: Orthworm\n|-resisted|p1b: Orthworm|1\n|-damage|p1b: Orthworm|26/100\n|move|p2b: Sinistcha|Life Dew|p2b: Sinistcha|[spread] p2a,p2b\n|-heal|p2a: Chimecho|37/100\n|-heal|p2b: Sinistcha|82/100\n|move|p1a: Froslass|Blizzard|p2a: Chimecho|[spread] p2a,p2b\n|-resisted|p2a: Chimecho|1\n|-supereffective|p2b: Sinistcha|1\n|-damage|p2a: Chimecho|19/100\n|-damage|p2b: Sinistcha|0 fnt\n|faint|p2b: Sinistcha\n|\n|-weather|Snowscape|[upkeep]\n|upkeep\n|\n|t:|1776271444\n|switch|p2b: Bulky boi|Aggron, L50, M|100/100\n|turn|5\n|\n|t:|1776271459\n|move|p1a: Froslass|Protect|p1a: Froslass\n|-singleturn|p1a: Froslass|Protect\n|move|p2b: Bulky boi|Body Press|p1b: Orthworm\n|-supereffective|p1b: Orthworm|1\n|-damage|p1b: Orthworm|0 fnt\n|faint|p1b: Orthworm\n|move|p2a: Chimecho|Psychic|p1a: Froslass\n|-activate|p1a: Froslass|move: Protect\n|\n|-weather|Snowscape|[upkeep]\n|upkeep\n|\n|t:|1776271468\n|switch|p1b: Basculegion|Basculegion, L50, M|100/100\n|turn|6\n|\n|t:|1776271477\n|move|p2b: Bulky boi|Heavy Slam|p1b: Basculegion\n|-resisted|p1b: Basculegion|1\n|-crit|p1b: Basculegion\n|-damage|p1b: Basculegion|59/100\n|move|p2a: Chimecho|Psychic|p1b: Basculegion\n|-damage|p1b: Basculegion|0 fnt\n|faint|p1b: Basculegion\n|move|p1a: Froslass|Shadow Ball|p2b: Bulky boi\n|-damage|p2b: Bulky boi|17/100\n|\n|-weather|Snowscape|[upkeep]\n|-fieldend|move: Trick Room\n|upkeep\n|turn|7\n|\n|t:|1776271488\n|move|p2a: Chimecho|Protect|p2a: Chimecho\n|-singleturn|p2a: Chimecho|Protect\n|move|p2b: Bulky boi|Protect|p2b: Bulky boi\n|-singleturn|p2b: Bulky boi|Protect\n|move|p1a: Froslass|Blizzard|p2a: Chimecho|[spread] \n|-activate|p2a: Chimecho|move: Protect\n|-activate|p2b: Bulky boi|move: Protect\n|\n|-weather|none\n|upkeep\n|turn|8\n|\n|t:|1776271502\n|move|p1a: Froslass|Shadow Ball|p2a: Chimecho\n|-supereffective|p2a: Chimecho|1\n|-damage|p2a: Chimecho|0 fnt\n|faint|p2a: Chimecho\n|move|p2b: Bulky boi|Heavy Slam|p1a: Froslass\n|-supereffective|p1a: Froslass|1\n|-end|p1a: Froslass|Substitute\n|\n|upkeep\n|\n|t:|1776271511\n|switch|p2a: Volcarona|Volcarona, L50, M|100/100\n|turn|9\n|\n|t:|1776271522\n|move|p1a: Froslass|Protect|p1a: Froslass\n|-singleturn|p1a: Froslass|Protect\n|move|p2a: Volcarona|Fiery Dance|p1a: Froslass\n|-activate|p1a: Froslass|move: Protect\n|move|p2b: Bulky boi|Heavy Slam|p1a: Froslass\n|-activate|p1a: Froslass|move: Protect\n|\n|upkeep\n|turn|10\n|\n|t:|1776271532\n|move|p1a: Froslass|Shadow Ball|p2b: Bulky boi\n|-damage|p2b: Bulky boi|0 fnt\n|faint|p2b: Bulky boi\n|move|p2a: Volcarona|Fiery Dance|p1a: Froslass\n|-supereffective|p1a: Froslass|1\n|-damage|p1a: Froslass|11/100\n|\n|upkeep\n|turn|11\n|\n|t:|1776271540\n|move|p1a: Froslass|Shadow Ball|p2a: Volcarona\n|-damage|p2a: Volcarona|22/100\n|move|p2a: Volcarona|Fiery Dance|p1a: Froslass\n|-supereffective|p1a: Froslass|1\n|-damage|p1a: Froslass|0 fnt\n|-boost|p2a: Volcarona|spa|1\n|faint|p1a: Froslass\n|\n|win|Dr.Aero\n|c|\u2606Bulaba|Ggs\n|c|\u2606Dr.Aero|ggs\n|c|\u2606Bulaba|Nice battle\n|c|\u2606Dr.Aero|ty\n|c|\u2606Dr.Aero|u2\n|c|\u2606Bulaba|Ok I have too go\n|c|\u2606Dr.Aero|bye\n|c|\u2606Bulaba|Bye bro\n|c|\u2606Dr.Aero|me 2\n|c|\u2606Bulaba|Al rit\n|c|\u2606Bulaba|U coming back\n|c|\u2606Bulaba|Later in evening\n|c|\u2606Dr.Aero|its night here in my country\n|c|\u2606Bulaba|oh ok\n|c|\u2606Bulaba|no prob\n|c|\u2606Bulaba|it\u2019s evening for me\n|c|\u2606Dr.Aero|have to sleep\n|c|\u2606Dr.Aero|bye\n",
  "uploadtime": 1776271642,
  "views": 16,
  "formatid": "gen9championsvgc2026regma",
  "rating": null,
  "private": 0,
  "password": null
}