{
  "id": "gen9championsvgc2026regma-2582881316",
  "format": "[Gen 9 Champions] VGC 2026 Reg M-A",
  "players": [
    "tr8ubl3",
    "jtm4146"
  ],
  "log": "|j|\u2606tr8ubl3\n|j|\u2606jtm4146\n|t:|1776121648\n|gametype|doubles\n|player|p1|tr8ubl3|flannery|1000\n|player|p2|jtm4146|lillie-z|1000\n|gen|9\n|tier|[Gen 9 Champions] VGC 2026 Reg M-A\n|rated|\n|rule|Species Clause: Limit one of each Pok\u00e9mon\n|rule|Item Clause: Limit 1 of each item\n|clearpoke\n|poke|p1|Gengar, L50, F|\n|poke|p1|Incineroar, L50, M|\n|poke|p1|Milotic, L50, M|\n|poke|p1|Sneasler, L50, F|\n|poke|p1|Sinistcha, L50|\n|poke|p1|Garchomp, L50, F|\n|poke|p2|Noivern, L50, F|\n|poke|p2|Sylveon, L50, F|\n|poke|p2|Incineroar, L50, F|\n|poke|p2|Primarina, L50, M|\n|poke|p2|Drampa, L50, M|\n|poke|p2|Farigiraf, L50, F|\n|teampreview|4\n|inactive|Battle timer is ON: inactive players will automatically lose when time's up. (requested by jtm4146)\n|\n|t:|1776121701\n|teamsize|p1|4\n|teamsize|p2|4\n|start\n|switch|p1a: Garchomp|Garchomp, L50, F|100/100\n|switch|p1b: Incineroar|Incineroar, L50, M|100/100\n|switch|p2a: Noivern|Noivern, L50, F, shiny|100/100\n|switch|p2b: Primarina|Primarina, L50, M|100/100\n|-ability|p1b: Incineroar|Intimidate|boost\n|-unboost|p2a: Noivern|atk|1\n|-unboost|p2b: Primarina|atk|1\n|turn|1\n|\n|t:|1776121713\n|switch|p2a: Farigiraf|Farigiraf, L50, F|100/100\n|move|p1b: Incineroar|Fake Out||[still]\n|cant|p2a: Farigiraf|ability: Armor Tail|Fake Out|[of] p1b: Incineroar\n|move|p1a: Garchomp|Dragon Claw|p2a: Farigiraf\n|-damage|p2a: Farigiraf|63/100\n|move|p2b: Primarina|Moonblast|p1a: Garchomp\n|-supereffective|p1a: Garchomp|1\n|-damage|p1a: Garchomp|0 fnt\n|faint|p1a: Garchomp\n|\n|upkeep\n|\n|t:|1776121723\n|switch|p1a: Milotic|Milotic, L50, M|100/100\n|turn|2\n|\n|t:|1776121740\n|switch|p2a: Noivern|Noivern, L50, F, shiny|100/100\n|move|p1a: Milotic|Scald|p2a: Noivern\n|-resisted|p2a: Noivern|1\n|-damage|p2a: Noivern|83/100\n|move|p1b: Incineroar|Darkest Lariat|p2a: Noivern\n|-damage|p2a: Noivern|44/100\n|move|p2b: Primarina|Hyper Voice|p1b: Incineroar|[spread] p1a,p1b\n|-resisted|p1a: Milotic|1\n|-supereffective|p1b: Incineroar|1\n|-damage|p1a: Milotic|89/100\n|-damage|p1b: Incineroar|37/100\n|-enditem|p1b: Incineroar|Sitrus Berry|[eat]\n|-heal|p1b: Incineroar|62/100|[from] item: Sitrus Berry\n|\n|upkeep\n|turn|3\n|\n|t:|1776121761\n|move|p2a: Noivern|Round|p1a: Milotic\n|-damage|p1a: Milotic|79/100\n|move|p2b: Primarina|Round|p1b: Incineroar|[from] move: Round\n|-supereffective|p1b: Incineroar|1\n|-damage|p1b: Incineroar|0 fnt\n|faint|p1b: Incineroar\n|move|p1a: Milotic|Weather Ball|p2a: Noivern\n|-damage|p2a: Noivern|31/100\n|-heal|p1a: Milotic|81/100|[from] item: Shell Bell|[of] p2a: Noivern\n|\n|upkeep\n|\n|t:|1776121771\n|switch|p1b: Sinistcha|Sinistcha, L50|100/100\n|-heal|p1a: Milotic|100/100|[from] ability: Hospitality|[of] p1b: Sinistcha\n|turn|4\n|\n|t:|1776121781\n|move|p2a: Noivern|Taunt|p1b: Sinistcha\n|-start|p1b: Sinistcha|move: Taunt\n|move|p1a: Milotic|Scald|p2a: Noivern\n|-resisted|p2a: Noivern|1\n|-damage|p2a: Noivern|16/100\n|move|p1b: Sinistcha|Shadow Ball|p2a: Noivern\n|-damage|p2a: Noivern|0 fnt\n|faint|p2a: Noivern\n|move|p2b: Primarina|Moonblast|p1b: Sinistcha\n|-damage|p1b: Sinistcha|41/100\n|\n|-heal|p1b: Sinistcha|47/100|[from] item: Leftovers\n|upkeep\n|\n|t:|1776121796\n|switch|p2a: Sylveon|Sylveon, L50, F|100/100\n|turn|5\n|\n|t:|1776121815\n|move|p1a: Milotic|Protect|p1a: Milotic\n|-singleturn|p1a: Milotic|Protect\n|move|p1b: Sinistcha|Shadow Ball|p2b: Primarina\n|-damage|p2b: Primarina|72/100\n|-unboost|p2b: Primarina|spd|1\n|move|p2a: Sylveon|Hyper Voice|p1b: Sinistcha|[spread] p1b\n|-activate|p1a: Milotic|move: Protect\n|-damage|p1b: Sinistcha|0 fnt\n|faint|p1b: Sinistcha\n|move|p2b: Primarina|Moonblast|p1a: Milotic\n|-activate|p1a: Milotic|move: Protect\n|\n|-heal|p2b: Primarina|78/100|[from] item: Leftovers\n|upkeep\n|turn|6\n|-message|tr8ubl3 forfeited.\n|\n|win|jtm4146\n|raw|tr8ubl3's rating: 1000 &rarr; <strong>1000</strong><br />(+0 for losing)\n|raw|jtm4146's rating: 1000 &rarr; <strong>1040</strong><br />(+40 for winning)\n|l|\u2606tr8ubl3\n|player|p1|\n",
  "uploadtime": 1776121831,
  "views": 24,
  "formatid": "gen9championsvgc2026regma",
  "rating": 1000,
  "private": 0,
  "password": null
}