{
  "id": "gen9championsvgc2026regma-2582538401",
  "format": "[Gen 9 Champions] VGC 2026 Reg M-A",
  "players": [
    "Arcato",
    "theilldigi"
  ],
  "log": "|j|\u2606Arcato\n|j|\u2606theilldigi\n|t:|1776098057\n|gametype|doubles\n|player|p1|Arcato|101|1088\n|player|p2|theilldigi|101|1089\n|gen|9\n|tier|[Gen 9 Champions] VGC 2026 Reg M-A\n|rated|\n|rule|Species Clause: Limit one of each Pok\u00e9mon\n|rule|Item Clause: Limit 1 of each item\n|clearpoke\n|poke|p1|Kleavor, L50, F|\n|poke|p1|Sneasler, L50, M|\n|poke|p1|Tyranitar, L50, M|\n|poke|p1|Sinistcha, L50|\n|poke|p1|Talonflame, L50, M|\n|poke|p1|Rotom-Wash, L50|\n|poke|p2|Floette-Eternal, L50, F|\n|poke|p2|Aerodactyl, L50, F|\n|poke|p2|Incineroar, L50, M|\n|poke|p2|Garchomp, L50, F|\n|poke|p2|Charizard, L50, M|\n|poke|p2|Venusaur, L50, M|\n|teampreview|4\n|c|\u2606Arcato|GLHF\n|c|\u2606theilldigi|you too\n|\n|t:|1776098103\n|teamsize|p1|4\n|teamsize|p2|4\n|start\n|switch|p1a: Kleavor|Kleavor, L50, F|100/100\n|switch|p1b: Sinistcha|Sinistcha, L50|100/100\n|switch|p2a: Incineroar|Incineroar, L50, M|100/100\n|switch|p2b: Aerodactyl|Aerodactyl, L50, F|100/100\n|-ability|p2b: Aerodactyl|Unnerve\n|-ability|p2a: Incineroar|Intimidate|boost\n|-unboost|p1a: Kleavor|atk|1\n|-unboost|p1b: Sinistcha|atk|1\n|turn|1\n|\n|t:|1776098125\n|switch|p1b: Rotom|Rotom-Wash, L50|100/100\n|move|p2b: Aerodactyl|Protect|p2b: Aerodactyl\n|-singleturn|p2b: Aerodactyl|Protect\n|move|p1a: Kleavor|Stone Axe|p2b: Aerodactyl\n|-activate|p2b: Aerodactyl|move: Protect\n|move|p2a: Incineroar|Throat Chop|p1b: Rotom\n|-damage|p1b: Rotom|55/100\n|-start|p1b: Rotom|Throat Chop|[silent]\n|\n|upkeep\n|turn|2\n|\n|t:|1776098146\n|move|p1a: Kleavor|Stone Axe|p2b: Aerodactyl|[miss]\n|-miss|p1a: Kleavor|p2b: Aerodactyl\n|move|p2b: Aerodactyl|Tailwind|p2b: Aerodactyl\n|-sidestart|p2: theilldigi|move: Tailwind\n|move|p2a: Incineroar|Parting Shot|p1a: Kleavor\n|-unboost|p1a: Kleavor|atk|1\n|-unboost|p1a: Kleavor|spa|1\n|\n|t:|1776098155\n|switch|p2a: Floette|Floette-Eternal, L50, F, shiny|100/100|[from] Parting Shot\n|move|p1b: Rotom|Will-O-Wisp|p2b: Aerodactyl\n|-status|p2b: Aerodactyl|brn\n|-enditem|p2b: Aerodactyl|Lum Berry|[eat]\n|-curestatus|p2b: Aerodactyl|brn|[msg]\n|\n|-end|p1b: Rotom|Throat Chop|[silent]\n|upkeep\n|turn|3\n|\n|t:|1776098175\n|switch|p1a: Sinistcha|Sinistcha, L50|100/100\n|-heal|p1b: Rotom|79/100|[from] ability: Hospitality|[of] p1a: Sinistcha\n|detailschange|p2a: Floette|Floette-Mega, L50, F, shiny\n|-mega|p2a: Floette|Floette|Floettite\n|-ability|p2a: Floette|Fairy Aura\n|move|p1b: Rotom|Protect|p1b: Rotom\n|-singleturn|p1b: Rotom|Protect\n|move|p2b: Aerodactyl|Rock Slide|p1a: Sinistcha|[spread] p1a\n|-activate|p1b: Rotom|move: Protect\n|-damage|p1a: Sinistcha|82/100\n|move|p2a: Floette|Dazzling Gleam|p1b: Rotom|[spread] p1a\n|-activate|p1b: Rotom|move: Protect\n|-damage|p1a: Sinistcha|21/100\n|\n|-heal|p1a: Sinistcha|27/100|[from] item: Leftovers\n|upkeep\n|turn|4\n|\n|t:|1776098204\n|move|p2b: Aerodactyl|Dual Wingbeat|p1a: Sinistcha\n|-supereffective|p1a: Sinistcha|1\n|-damage|p1a: Sinistcha|2/100\n|-supereffective|p1a: Sinistcha|1\n|-damage|p1a: Sinistcha|0 fnt\n|faint|p1a: Sinistcha\n|-hitcount|p1: Sinistcha|2\n|move|p2a: Floette|Light of Ruin|p1b: Rotom\n|-damage|p1b: Rotom|0 fnt\n|faint|p1b: Rotom\n|-damage|p2a: Floette|73/100|[from] Recoil\n|\n|upkeep\n|\n|t:|1776098207\n|switch|p1b: Tyranitar|Tyranitar, L50, M|100/100\n|switch|p1a: Kleavor|Kleavor, L50, F|100/100\n|-weather|Sandstorm|[from] ability: Sand Stream|[of] p1b: Tyranitar\n|turn|5\n|\n|t:|1776098227\n|switch|p2b: Incineroar|Incineroar, L50, M|100/100\n|-ability|p2b: Incineroar|Intimidate|boost\n|-unboost|p1a: Kleavor|atk|1\n|-unboost|p1b: Tyranitar|atk|1\n|detailschange|p1b: Tyranitar|Tyranitar-Mega, L50, M\n|-mega|p1b: Tyranitar|Tyranitar|Tyranitarite\n|move|p2a: Floette|Dazzling Gleam|p1b: Tyranitar|[spread] p1a,p1b\n|-supereffective|p1b: Tyranitar|1\n|-damage|p1a: Kleavor|42/100\n|-damage|p1b: Tyranitar|43/100\n|move|p1a: Kleavor|Stone Axe|p2a: Floette|[miss]\n|-miss|p1a: Kleavor|p2a: Floette\n|move|p1b: Tyranitar|Dragon Dance|p1b: Tyranitar\n|-boost|p1b: Tyranitar|atk|1\n|-boost|p1b: Tyranitar|spe|1\n|\n|-weather|Sandstorm|[upkeep]\n|-damage|p2a: Floette|67/100|[from] Sandstorm\n|-damage|p2b: Incineroar|95/100|[from] Sandstorm\n|-sideend|p2: theilldigi|move: Tailwind\n|upkeep\n|turn|6\n|\n|t:|1776098251\n|move|p2b: Incineroar|Fake Out|p1b: Tyranitar\n|-resisted|p1b: Tyranitar|1\n|-damage|p1b: Tyranitar|39/100\n|move|p1a: Kleavor|Stone Axe|p2a: Floette\n|-damage|p2a: Floette|25/100\n|-sidestart|p2: theilldigi|move: Stealth Rock\n|cant|p1b: Tyranitar|flinch\n|move|p2a: Floette|Dazzling Gleam|p1b: Tyranitar|[spread] p1a,p1b\n|-supereffective|p1b: Tyranitar|1\n|-damage|p1a: Kleavor|0 fnt\n|-damage|p1b: Tyranitar|0 fnt\n|faint|p1a: Kleavor\n|faint|p1b: Tyranitar\n|\n|win|theilldigi\n",
  "uploadtime": 1776098059,
  "views": 16,
  "formatid": "gen9championsvgc2026regma",
  "rating": null,
  "private": 0,
  "password": null
}