{
  "id": "gen9championsvgc2026regma-2587575456",
  "format": "[Gen 9 Champions] VGC 2026 Reg M-A",
  "players": [
    "DrPressure80",
    "alear23"
  ],
  "log": "|j|\u2606DrPressure80\n|j|\u2606alear23\n|t:|1776543632\n|gametype|doubles\n|player|p1|DrPressure80|lass-gen4dp|1141\n|player|p2|alear23|battlegirl-gen4|1205\n|gen|9\n|tier|[Gen 9 Champions] VGC 2026 Reg M-A\n|rated|\n|rule|Species Clause: Limit one of each Pok\u00e9mon\n|rule|Item Clause: Limit 1 of each item\n|clearpoke\n|poke|p1|Crabominable, L50, F|\n|poke|p1|Abomasnow, L50, F|\n|poke|p1|Reuniclus, L50, M|\n|poke|p1|Incineroar, L50, M|\n|poke|p1|Sinistcha, L50|\n|poke|p1|Absol, L50, F|\n|poke|p2|Charizard, L50, M|\n|poke|p2|Orthworm, L50, M|\n|poke|p2|Sneasler, L50, M|\n|poke|p2|Corviknight, L50, F|\n|poke|p2|Milotic, L50, M|\n|poke|p2|Whimsicott, L50, M|\n|teampreview|4\n|\n|t:|1776543694\n|teamsize|p1|4\n|teamsize|p2|4\n|start\n|switch|p1a: Crabominable|Crabominable, L50, F|100/100\n|switch|p1b: Reuniclus|Reuniclus, L50, M|100/100\n|switch|p2a: Milotic|Milotic, L50, M|100/100\n|switch|p2b: Charizard|Charizard, L50, M|100/100\n|turn|1\n|\n|t:|1776543717\n|detailschange|p2b: Charizard|Charizard-Mega-X, L50, M\n|-mega|p2b: Charizard|Charizard|Charizardite X\n|detailschange|p1a: Crabominable|Crabominable-Mega, L50, F\n|-mega|p1a: Crabominable|Crabominable|Crabominite\n|move|p2b: Charizard|Flare Blitz|p1b: Reuniclus\n|-damage|p1b: Reuniclus|41/100\n|-damage|p2b: Charizard|73/100|[from] Recoil\n|move|p2a: Milotic|Muddy Water|p1a: Crabominable|[spread] p1a,p1b\n|-damage|p1a: Crabominable|75/100\n|-damage|p1b: Reuniclus|13/100\n|move|p1a: Crabominable|Ice Hammer|p2b: Charizard\n|-damage|p2b: Charizard|0 fnt\n|-unboost|p1a: Crabominable|spe|1\n|faint|p2b: Charizard\n|move|p1b: Reuniclus|Trick Room|p1b: Reuniclus\n|-fieldstart|move: Trick Room|[of] p1b: Reuniclus\n|\n|upkeep\n|\n|t:|1776543751\n|switch|p2b: Corviknight|Corviknight, L50, F|100/100\n|turn|2\n|\n|t:|1776543778\n|move|p1a: Crabominable|Ice Hammer|p2b: Corviknight\n|-damage|p2b: Corviknight|33/100\n|-unboost|p1a: Crabominable|spe|1\n|-enditem|p2b: Corviknight|Sitrus Berry|[eat]\n|-heal|p2b: Corviknight|58/100|[from] item: Sitrus Berry\n|move|p1b: Reuniclus|Psychic|p2b: Corviknight\n|-resisted|p2b: Corviknight|1\n|-damage|p2b: Corviknight|40/100\n|move|p2b: Corviknight|Iron Head|p1a: Crabominable\n|-supereffective|p1a: Crabominable|1\n|-damage|p1a: Crabominable|27/100\n|move|p2a: Milotic|Muddy Water|p1a: Crabominable|[spread] p1a,p1b\n|-damage|p1a: Crabominable|1/100\n|-damage|p1b: Reuniclus|0 fnt\n|faint|p1b: Reuniclus\n|\n|upkeep\n|\n|t:|1776543798\n|switch|p1b: Abomasnow|Abomasnow, L50, F|100/100\n|-weather|Snowscape|[from] ability: Snow Warning|[of] p1b: Abomasnow\n|turn|3\n|\n|t:|1776543811\n|switch|p2b: Orthworm|Orthworm, L50, M|100/100\n|move|p1a: Crabominable|Drain Punch|p2b: Orthworm\n|-supereffective|p2b: Orthworm|1\n|-damage|p2b: Orthworm|16/100\n|-heal|p1a: Crabominable|38/100|[from] drain|[of] p2b: Orthworm\n|move|p1b: Abomasnow|Aurora Veil|p1b: Abomasnow\n|-sidestart|p1: DrPressure80|move: Aurora Veil\n|move|p2a: Milotic|Muddy Water|p1b: Abomasnow|[spread] p1a\n|-miss|p2a: Milotic|p1b: Abomasnow\n|-damage|p1a: Crabominable|22/100\n|-unboost|p1a: Crabominable|accuracy|1\n|\n|-weather|Snowscape|[upkeep]\n|-heal|p2b: Orthworm|22/100|[from] item: Leftovers\n|upkeep\n|turn|4\n|\n|t:|1776543844\n|move|p2b: Orthworm|Protect|p2b: Orthworm\n|-singleturn|p2b: Orthworm|Protect\n|move|p1a: Crabominable|Drain Punch|p2b: Orthworm\n|-activate|p2b: Orthworm|move: Protect\n|move|p1b: Abomasnow|Giga Drain|p2a: Milotic\n|-supereffective|p2a: Milotic|1\n|-crit|p2a: Milotic\n|-damage|p2a: Milotic|47/100\n|move|p2a: Milotic|Life Dew|p2a: Milotic|[spread] p2a,p2b\n|-heal|p2a: Milotic|72/100\n|-heal|p2b: Orthworm|47/100\n|\n|-weather|Snowscape|[upkeep]\n|-heal|p2b: Orthworm|53/100|[from] item: Leftovers\n|upkeep\n|turn|5\n|\n|t:|1776543874\n|switch|p1a: Incineroar|Incineroar, L50, M|100/100\n|-ability|p1a: Incineroar|Intimidate|boost\n|-unboost|p2a: Milotic|atk|1\n|-ability|p2a: Milotic|Competitive|boost\n|-boost|p2a: Milotic|spa|2\n|-unboost|p2b: Orthworm|atk|1\n|switch|p2b: Corviknight|Corviknight, L50, F|40/100\n|move|p1b: Abomasnow|Blizzard|p2b: Corviknight|[spread] p2a,p2b\n|-resisted|p2a: Milotic|1\n|-damage|p2a: Milotic|62/100\n|-damage|p2b: Corviknight|16/100\n|move|p2a: Milotic|Life Dew|p2a: Milotic|[spread] p2a,p2b\n|-heal|p2a: Milotic|87/100\n|-heal|p2b: Corviknight|40/100\n|\n|-weather|Snowscape|[upkeep]\n|-fieldend|move: Trick Room\n|upkeep\n|turn|6\n|\n|t:|1776543927\n|move|p1a: Incineroar|Fake Out|p2a: Milotic\n|-crit|p2a: Milotic\n|-damage|p2a: Milotic|73/100\n|cant|p2a: Milotic|flinch\n|move|p2b: Corviknight|Body Press|p1b: Abomasnow\n|-supereffective|p1b: Abomasnow|1\n|-damage|p1b: Abomasnow|81/100\n|move|p1b: Abomasnow|Blizzard|p2b: Corviknight|[spread] p2a,p2b\n|-resisted|p2a: Milotic|1\n|-damage|p2a: Milotic|63/100\n|-damage|p2b: Corviknight|12/100\n|\n|-weather|Snowscape|[upkeep]\n|upkeep\n|turn|7\n|\n|t:|1776543968\n|move|p2a: Milotic|Life Dew|p2a: Milotic|[spread] p2a,p2b\n|-heal|p2a: Milotic|89/100\n|-heal|p2b: Corviknight|37/100\n|move|p2b: Corviknight|Body Press|p1a: Incineroar\n|-supereffective|p1a: Incineroar|1\n|-damage|p1a: Incineroar|83/100\n|move|p1b: Abomasnow|Giga Drain|p2a: Milotic\n|-supereffective|p2a: Milotic|1\n|-damage|p2a: Milotic|52/100\n|-heal|p1b: Abomasnow|99/100|[from] drain|[of] p2a: Milotic\n|move|p1a: Incineroar|Darkest Lariat|p2a: Milotic\n|-damage|p2a: Milotic|19/100\n|\n|-weather|none\n|-sideend|p1: DrPressure80|move: Aurora Veil\n|upkeep\n|turn|8\n|\n|t:|1776543994\n|move|p2a: Milotic|Muddy Water|p1a: Incineroar|[spread] p1a,p1b\n|-supereffective|p1a: Incineroar|1\n|-resisted|p1b: Abomasnow|1\n|-damage|p1a: Incineroar|0 fnt\n|-damage|p1b: Abomasnow|78/100\n|faint|p1a: Incineroar\n|move|p2b: Corviknight|Brave Bird|p1b: Abomasnow\n|-supereffective|p1b: Abomasnow|1\n|-damage|p1b: Abomasnow|0 fnt\n|faint|p1b: Abomasnow\n|-damage|p2b: Corviknight|13/100|[from] Recoil\n|\n|upkeep\n|\n|t:|1776544009\n|switch|p1b: Crabominable|Crabominable-Mega, L50, F|22/100\n|turn|9\n|\n|t:|1776544045\n|move|p1b: Crabominable|Mach Punch|p2b: Corviknight\n|-damage|p2b: Corviknight|0 fnt\n|faint|p2b: Corviknight\n|move|p2a: Milotic|Ice Beam|p1b: Crabominable\n|-resisted|p1b: Crabominable|1\n|-damage|p1b: Crabominable|0 fnt\n|faint|p1b: Crabominable\n|\n|win|alear23\n|raw|DrPressure80's rating: 1141 &rarr; <strong>1121</strong><br />(-20 for losing)\n|raw|alear23's rating: 1205 &rarr; <strong>1225</strong><br />(+20 for winning)\n|l|\u2606DrPressure80\n|player|p1|\n",
  "uploadtime": 1776544185,
  "views": 19,
  "formatid": "gen9championsvgc2026regma",
  "rating": 1121,
  "private": 0,
  "password": null
}