{
  "id": "gen9championsvgc2026regma-2581250282",
  "format": "[Gen 9 Champions] VGC 2026 Reg M-A",
  "players": [
    "NEONxTOKYO",
    "evilkyatt"
  ],
  "log": "|j|\u2606NEONxTOKYO\n|j|\u2606evilkyatt\n|t:|1775976319\n|gametype|doubles\n|player|p1|NEONxTOKYO|unknown|1087\n|player|p2|evilkyatt|scientist-gen4dp|1149\n|gen|9\n|tier|[Gen 9 Champions] VGC 2026 Reg M-A\n|rated|\n|rule|Species Clause: Limit one of each Pok\u00e9mon\n|rule|Item Clause: Limit 1 of each item\n|clearpoke\n|poke|p1|Garchomp, L50, M|\n|poke|p1|Tyranitar, L50, M|\n|poke|p1|Excadrill, L50, F|\n|poke|p1|Corviknight, L50, F|\n|poke|p1|Rotom-Wash, L50|\n|poke|p1|Archaludon, L50, M|\n|poke|p2|Dragonite, L50, F|\n|poke|p2|Alcremie-Matcha-Cream, L50, F|\n|poke|p2|Sneasler, L50, M|\n|poke|p2|Pelipper, L50, M|\n|poke|p2|Archaludon, L50, M|\n|poke|p2|Farigiraf, L50, F|\n|teampreview|4\n|inactive|Battle timer is ON: inactive players will automatically lose when time's up. (requested by evilkyatt)\n|\n|t:|1775976344\n|teamsize|p1|4\n|teamsize|p2|4\n|start\n|switch|p1a: Rotom|Rotom-Wash, L50|100/100\n|switch|p1b: Archaludon|Archaludon, L50, M|100/100\n|switch|p2a: Dragonite|Dragonite, L50, F|100/100\n|switch|p2b: Alcremie|Alcremie-Matcha-Cream, L50, F|100/100\n|turn|1\n|\n|t:|1775976363\n|detailschange|p2a: Dragonite|Dragonite-Mega, L50, F\n|-mega|p2a: Dragonite|Dragonite|Dragoninite\n|move|p2a: Dragonite|Heat Wave|p1a: Rotom|[spread] p1a\n|-miss|p2a: Dragonite|p1b: Archaludon\n|-resisted|p1a: Rotom|1\n|-damage|p1a: Rotom|86/100\n|move|p1a: Rotom|Will-O-Wisp|p2a: Dragonite\n|-status|p2a: Dragonite|brn\n|move|p1b: Archaludon|Flash Cannon|p2b: Alcremie\n|-supereffective|p2b: Alcremie|1\n|-crit|p2b: Alcremie\n|-damage|p2b: Alcremie|0 fnt\n|faint|p2b: Alcremie\n|\n|-damage|p2a: Dragonite|95/100 brn|[from] brn\n|upkeep\n|\n|t:|1775976382\n|switch|p2b: Archaludon|Archaludon, L50, M|100/100\n|turn|2\n|\n|t:|1775976394\n|move|p2a: Dragonite|Heat Wave|p1a: Rotom|[spread] p1a,p1b\n|-resisted|p1a: Rotom|1\n|-damage|p1a: Rotom|71/100\n|-damage|p1b: Archaludon|65/100\n|-ability|p1b: Archaludon|Stamina|boost\n|-boost|p1b: Archaludon|def|1\n|move|p2b: Archaludon|Draco Meteor|p1b: Archaludon|[miss]\n|-miss|p2b: Archaludon|p1b: Archaludon\n|move|p1a: Rotom|Will-O-Wisp|p2b: Archaludon|[miss]\n|-miss|p1a: Rotom|p2b: Archaludon\n|move|p1b: Archaludon|Draco Meteor|p2a: Dragonite|[miss]\n|-miss|p1b: Archaludon|p2a: Dragonite\n|\n|-damage|p2a: Dragonite|89/100 brn|[from] brn\n|upkeep\n|turn|3\n|\n|t:|1775976411\n|move|p2a: Dragonite|Draco Meteor|p1a: Rotom|[miss]\n|-miss|p2a: Dragonite|p1a: Rotom\n|move|p2b: Archaludon|Draco Meteor|p1b: Archaludon|[miss]\n|-miss|p2b: Archaludon|p1b: Archaludon\n|move|p1a: Rotom|Will-O-Wisp|p2b: Archaludon\n|-status|p2b: Archaludon|brn\n|move|p1b: Archaludon|Draco Meteor|p2a: Dragonite\n|-supereffective|p2a: Dragonite|1\n|-damage|p2a: Dragonite|0 fnt\n|-unboost|p1b: Archaludon|spa|2\n|faint|p2a: Dragonite\n|\n|-damage|p2b: Archaludon|95/100 brn|[from] brn\n|upkeep\n|c|\u2606evilkyatt|are you kidding me\n|c|\u2606NEONxTOKYO|yeahhhh\n|\n|t:|1775976426\n|switch|p2a: Pelipper|Pelipper, L50, M|100/100\n|-weather|RainDance|[from] ability: Drizzle|[of] p2a: Pelipper\n|turn|4\n|inactive|NEONxTOKYO has 30 seconds left.\n|\n|t:|1775976453\n|move|p2b: Archaludon|Draco Meteor|p1b: Archaludon\n|-crit|p1b: Archaludon\n|-damage|p1b: Archaludon|0 fnt\n|-unboost|p2b: Archaludon|spa|2\n|faint|p1b: Archaludon\n|-enditem|p2b: Archaludon|White Herb\n|-clearnegativeboost|p2b: Archaludon|[silent]\n|move|p1a: Rotom|Thunderbolt|p2a: Pelipper\n|-supereffective|p2a: Pelipper|2\n|-damage|p2a: Pelipper|0 fnt\n|faint|p2a: Pelipper\n|\n|-weather|RainDance|[upkeep]\n|-damage|p2b: Archaludon|89/100 brn|[from] brn\n|upkeep\n|\n|t:|1775976467\n|switch|p1b: Tyranitar|Tyranitar, L50, M|100/100\n|-weather|Sandstorm|[from] ability: Sand Stream|[of] p1b: Tyranitar\n|turn|5\n|-message|evilkyatt forfeited.\n|\n|win|NEONxTOKYO\n|raw|NEONxTOKYO's rating: 1087 &rarr; <strong>1119</strong><br />(+32 for winning)\n|raw|evilkyatt's rating: 1149 &rarr; <strong>1120</strong><br />(-29 for losing)\n",
  "uploadtime": 1775976475,
  "views": 15,
  "formatid": "gen9championsvgc2026regma",
  "rating": 1119,
  "private": 0,
  "password": null
}