{
  "id": "gen9championsvgc2026regma-2585420798",
  "format": "[Gen 9 Champions] VGC 2026 Reg M-A",
  "players": [
    "Diamond243",
    "Titogarfi"
  ],
  "log": "|j|\u2606Diamond243\n|j|\u2606Titogarfi\n|t:|1776346091\n|gametype|doubles\n|player|p1|Diamond243|lucian|1045\n|player|p2|Titogarfi|benga|1000\n|gen|9\n|tier|[Gen 9 Champions] VGC 2026 Reg M-A\n|rated|\n|rule|Species Clause: Limit one of each Pok\u00e9mon\n|rule|Item Clause: Limit 1 of each item\n|clearpoke\n|poke|p1|Meganium, L50, F|\n|poke|p1|Aegislash, L50, M|\n|poke|p1|Tauros-Paldea-Aqua, L50, M|\n|poke|p1|Rotom-Heat, L50|\n|poke|p1|Mamoswine, L50, M|\n|poke|p1|Aerodactyl, L50, F|\n|poke|p2|Charizard, L50, F|\n|poke|p2|Venusaur, L50, M|\n|poke|p2|Garchomp, L50, F|\n|poke|p2|Gardevoir, L50, F|\n|poke|p2|Milotic, L50, F|\n|poke|p2|Incineroar, L50, M|\n|teampreview|4\n|\n|t:|1776346136\n|teamsize|p1|4\n|teamsize|p2|4\n|start\n|switch|p1a: Aerodactyl|Aerodactyl, L50, F|100/100\n|switch|p1b: Rotom|Rotom-Heat, L50|100/100\n|switch|p2a: Charizard|Charizard, L50, F|100/100\n|switch|p2b: Garchomp|Garchomp, L50, F|100/100\n|-ability|p1a: Aerodactyl|Unnerve\n|turn|1\n|\n|t:|1776346160\n|detailschange|p2a: Charizard|Charizard-Mega-Y, L50, F\n|-mega|p2a: Charizard|Charizard|Charizardite Y\n|-weather|SunnyDay|[from] ability: Drought|[of] p2a: Charizard\n|move|p2a: Charizard|Protect|p2a: Charizard\n|-singleturn|p2a: Charizard|Protect\n|move|p1a: Aerodactyl|Rock Slide|p2a: Charizard|[spread] p2b\n|-activate|p2a: Charizard|move: Protect\n|-resisted|p2b: Garchomp|1\n|-damage|p2b: Garchomp|89/100\n|move|p2b: Garchomp|Stomping Tantrum|p1b: Rotom\n|-immune|p1b: Rotom|[from] ability: Levitate\n|move|p1b: Rotom|Will-O-Wisp|p2b: Garchomp\n|-status|p2b: Garchomp|brn\n|\n|-weather|SunnyDay|[upkeep]\n|-damage|p2b: Garchomp|83/100 brn|[from] brn\n|upkeep\n|turn|2\n|\n|t:|1776346192\n|switch|p2a: Incineroar|Incineroar, L50, M|100/100\n|-ability|p2a: Incineroar|Intimidate|boost\n|-unboost|p1a: Aerodactyl|atk|1\n|-unboost|p1b: Rotom|atk|1\n|move|p1a: Aerodactyl|Rock Slide|p2b: Garchomp|[spread] p2a,p2b\n|-supereffective|p2a: Incineroar|1\n|-resisted|p2b: Garchomp|1\n|-damage|p2a: Incineroar|67/100\n|-damage|p2b: Garchomp|75/100 brn\n|move|p2b: Garchomp|Dragon Claw|p1a: Aerodactyl\n|-damage|p1a: Aerodactyl|70/100\n|move|p1b: Rotom|Overheat|p2b: Garchomp\n|-resisted|p2b: Garchomp|1\n|-damage|p2b: Garchomp|27/100 brn\n|-unboost|p1b: Rotom|spa|2\n|\n|-weather|SunnyDay|[upkeep]\n|-damage|p2b: Garchomp|21/100 brn|[from] brn\n|upkeep\n|turn|3\n|\n|t:|1776346216\n|switch|p1b: Mamoswine|Mamoswine, L50, M|100/100\n|move|p1a: Aerodactyl|Protect|p1a: Aerodactyl\n|-singleturn|p1a: Aerodactyl|Protect\n|move|p2a: Incineroar|Fake Out|p1b: Mamoswine\n|-damage|p1b: Mamoswine|88/100\n|move|p2b: Garchomp|Dragon Claw|p1a: Aerodactyl\n|-activate|p1a: Aerodactyl|move: Protect\n|\n|-weather|SunnyDay|[upkeep]\n|-damage|p2b: Garchomp|15/100 brn|[from] brn\n|upkeep\n|turn|4\n|\n|t:|1776346253\n|move|p1a: Aerodactyl|Rock Slide|p2a: Incineroar|[spread] p2a,p2b\n|-supereffective|p2a: Incineroar|1\n|-resisted|p2b: Garchomp|1\n|-damage|p2a: Incineroar|33/100\n|-damage|p2b: Garchomp|7/100 brn\n|move|p1b: Mamoswine|Earthquake|p2b: Garchomp|[spread] p2a,p2b\n|-immune|p1a: Aerodactyl\n|-supereffective|p2a: Incineroar|1\n|-damage|p2a: Incineroar|0 fnt\n|-damage|p2b: Garchomp|0 fnt\n|faint|p2a: Incineroar\n|faint|p2b: Garchomp\n|\n|-weather|SunnyDay|[upkeep]\n|upkeep\n|\n|t:|1776346264\n|switch|p2b: Venusaur|Venusaur, L50, M|100/100\n|switch|p2a: Charizard|Charizard-Mega-Y, L50, F|100/100\n|turn|5\n|\n|t:|1776346277\n|switch|p1b: Meganium|Meganium, L50, F|100/100\n|move|p2b: Venusaur|Leech Seed|p1a: Aerodactyl\n|-start|p1a: Aerodactyl|move: Leech Seed\n|move|p1a: Aerodactyl|Tailwind|p1a: Aerodactyl\n|-sidestart|p1: Diamond243|move: Tailwind\n|move|p2a: Charizard|Heat Wave|p1a: Aerodactyl|[spread] p1a,p1b\n|-resisted|p1a: Aerodactyl|1\n|-supereffective|p1b: Meganium|1\n|-damage|p1a: Aerodactyl|24/100\n|-damage|p1b: Meganium|0 fnt\n|faint|p1b: Meganium\n|\n|-weather|none\n|-damage|p1a: Aerodactyl|12/100|[from] Leech Seed|[of] p2b: Venusaur\n|upkeep\n|\n|t:|1776346292\n|switch|p1b: Mamoswine|Mamoswine, L50, M|88/100\n|turn|6\n|\n|t:|1776346304\n|move|p1a: Aerodactyl|Rock Slide|p2b: Venusaur|[spread] p2a,p2b\n|-supereffective|p2a: Charizard|2\n|-damage|p2a: Charizard|0 fnt\n|-damage|p2b: Venusaur|77/100\n|faint|p2a: Charizard\n|move|p1b: Mamoswine|Icicle Crash|p2b: Venusaur\n|-supereffective|p2b: Venusaur|1\n|-damage|p2b: Venusaur|0 fnt\n|faint|p2b: Venusaur\n|\n|win|Diamond243\n|raw|Diamond243's rating: 1045 &rarr; <strong>1074</strong><br />(+29 for winning)\n|raw|Titogarfi's rating: 1000 &rarr; <strong>1000</strong><br />(+0 for losing)\n",
  "uploadtime": 1776346304,
  "views": 23,
  "formatid": "gen9championsvgc2026regma",
  "rating": 1000,
  "private": 0,
  "password": null
}