{
  "id": "gen9championsvgc2026regma-2584545585",
  "format": "[Gen 9 Champions] VGC 2026 Reg M-A",
  "players": [
    "Bicycle Bandy",
    "FreshSurfyOcean"
  ],
  "log": "|j|\u2606Bicycle Bandy\n|j|\u2606FreshSurfyOcean\n|t:|1776267854\n|gametype|doubles\n|player|p1|Bicycle Bandy|101|1144\n|player|p2|FreshSurfyOcean|265|1198\n|gen|9\n|tier|[Gen 9 Champions] VGC 2026 Reg M-A\n|rated|\n|rule|Species Clause: Limit one of each Pok\u00e9mon\n|rule|Item Clause: Limit 1 of each item\n|clearpoke\n|poke|p1|Meganium, L50, M|\n|poke|p1|Milotic, L50, F|\n|poke|p1|Talonflame, L50, M|\n|poke|p1|Arcanine-Hisui, L50, M|\n|poke|p1|Tyranitar, L50, M|\n|poke|p1|Goodra-Hisui, L50, M|\n|poke|p2|Slowking-Galar, L50, M|\n|poke|p2|Aurorus, L50, F|\n|poke|p2|Chesnaught, L50, F|\n|poke|p2|Chandelure, L50, F|\n|poke|p2|Clefable, L50, M|\n|poke|p2|Bellibolt, L50, F|\n|teampreview|4\n|\n|t:|1776267993\n|teamsize|p1|4\n|teamsize|p2|4\n|start\n|switch|p1a: Arcanine|Arcanine-Hisui, L50, M|100/100\n|switch|p1b: Goodra|Goodra-Hisui, L50, M|100/100\n|switch|p2a: Slowking|Slowking-Galar, L50, M|100/100\n|switch|p2b: Clefable|Clefable, L50, M|100/100\n|turn|1\n|\n|t:|1776268039\n|move|p1a: Arcanine|Flare Blitz|p2a: Slowking\n|-damage|p2a: Slowking|29/100\n|-enditem|p2a: Slowking|Sitrus Berry|[eat]\n|-heal|p2a: Slowking|54/100|[from] item: Sitrus Berry\n|move|p2b: Clefable|Thunderbolt|p1a: Arcanine\n|-damage|p1a: Arcanine|69/100\n|-status|p1a: Arcanine|par\n|move|p1b: Goodra|Heavy Slam|p2b: Clefable\n|-supereffective|p2b: Clefable|1\n|-damage|p2b: Clefable|0 fnt\n|faint|p2b: Clefable\n|move|p2a: Slowking|Trick Room|p2a: Slowking\n|-fieldstart|move: Trick Room|[of] p2a: Slowking\n|\n|upkeep\n|\n|t:|1776268054\n|switch|p2b: Aurorus|Aurorus, L50, F|100/100\n|turn|2\n|\n|t:|1776268089\n|switch|p1b: Tyranitar|Tyranitar, L50, M|100/100\n|-weather|Sandstorm|[from] ability: Sand Stream|[of] p1b: Tyranitar\n|move|p2a: Slowking|Eerie Spell|p1a: Arcanine\n|-damage|p1a: Arcanine|39/100 par\n|-activate|p1a: Arcanine|move: Eerie Spell|Flare Blitz|3\n|move|p1a: Arcanine|Head Smash|p2b: Aurorus\n|-supereffective|p2b: Aurorus|1\n|-enditem|p2b: Aurorus|Focus Sash\n|-damage|p2b: Aurorus|1/100\n|move|p2b: Aurorus|Earth Power|p1b: Tyranitar\n|-supereffective|p1b: Tyranitar|1\n|-crit|p1b: Tyranitar\n|-damage|p1b: Tyranitar|58/100\n|\n|-weather|Sandstorm|[upkeep]\n|-damage|p2a: Slowking|48/100|[from] Sandstorm\n|upkeep\n|turn|3\n|\n|t:|1776268133\n|switch|p2a: Chesnaught|Chesnaught, L50, F|100/100\n|detailschange|p1b: Tyranitar|Tyranitar-Mega, L50, M\n|-mega|p1b: Tyranitar|Tyranitar|Tyranitarite\n|move|p2b: Aurorus|Protect|p2b: Aurorus\n|-singleturn|p2b: Aurorus|Protect\n|move|p1a: Arcanine|Extreme Speed|p2b: Aurorus\n|-activate|p2b: Aurorus|move: Protect\n|move|p1b: Tyranitar|Knock Off|p2a: Chesnaught\n|-resisted|p2a: Chesnaught|1\n|-damage|p2a: Chesnaught|86/100\n|\n|-weather|Sandstorm|[upkeep]\n|-damage|p2a: Chesnaught|80/100|[from] Sandstorm\n|upkeep\n|turn|4\n|\n|t:|1776268180\n|switch|p2b: Slowking|Slowking-Galar, L50, M|81/100\n|detailschange|p2a: Chesnaught|Chesnaught-Mega, L50, F\n|-mega|p2a: Chesnaught|Chesnaught|Chesnaughtite\n|move|p1b: Tyranitar|Protect|p1b: Tyranitar\n|-singleturn|p1b: Tyranitar|Protect\n|move|p1a: Arcanine|Extreme Speed|p2b: Slowking\n|-damage|p2b: Slowking|53/100\n|move|p2a: Chesnaught|Close Combat|p1b: Tyranitar\n|-activate|p1b: Tyranitar|move: Protect\n|\n|-weather|Sandstorm|[upkeep]\n|-damage|p2b: Slowking|47/100|[from] Sandstorm\n|-damage|p2a: Chesnaught|74/100|[from] Sandstorm\n|upkeep\n|turn|5\n|\n|t:|1776268227\n|move|p1a: Arcanine|Protect|p1a: Arcanine\n|-singleturn|p1a: Arcanine|Protect\n|move|p2b: Slowking|Belch|p1a: Arcanine\n|-activate|p1a: Arcanine|move: Protect\n|move|p2a: Chesnaught|Close Combat|p1b: Tyranitar\n|-supereffective|p1b: Tyranitar|2\n|-damage|p1b: Tyranitar|0 fnt\n|-unboost|p2a: Chesnaught|def|1\n|-unboost|p2a: Chesnaught|spd|1\n|faint|p1b: Tyranitar\n|\n|-weather|Sandstorm|[upkeep]\n|-damage|p2b: Slowking|41/100|[from] Sandstorm\n|-damage|p2a: Chesnaught|68/100|[from] Sandstorm\n|-fieldend|move: Trick Room\n|upkeep\n|\n|t:|1776268244\n|switch|p1b: Talonflame|Talonflame, L50, M, shiny|100/100\n|turn|6\n|\n|t:|1776268264\n|switch|p2b: Aurorus|Aurorus, L50, F|1/100\n|move|p2a: Chesnaught|Spiky Shield|p2a: Chesnaught\n|-singleturn|p2a: Chesnaught|move: Protect\n|move|p1b: Talonflame|Feint|p2a: Chesnaught\n|-activate|p2a: Chesnaught|move: Feint\n|-crit|p2a: Chesnaught\n|-damage|p2a: Chesnaught|57/100\n|move|p1a: Arcanine|Flare Blitz|p2a: Chesnaught\n|-supereffective|p2a: Chesnaught|1\n|-damage|p2a: Chesnaught|0 fnt\n|faint|p2a: Chesnaught\n|\n|-weather|none\n|upkeep\n|\n|t:|1776268277\n|switch|p2a: Slowking|Slowking-Galar, L50, M|74/100\n|turn|7\n|\n|t:|1776268289\n|move|p2b: Aurorus|Protect|p2b: Aurorus\n|-singleturn|p2b: Aurorus|Protect\n|move|p1b: Talonflame|Feint|p2b: Aurorus\n|-activate|p2b: Aurorus|move: Feint\n|-resisted|p2b: Aurorus|1\n|-damage|p2b: Aurorus|0 fnt\n|faint|p2b: Aurorus\n|move|p1a: Arcanine|Flare Blitz|p2a: Slowking\n|-damage|p2a: Slowking|7/100\n|move|p2a: Slowking|Trick Room|p2a: Slowking\n|-fieldstart|move: Trick Room|[of] p2a: Slowking\n|\n|upkeep\n|turn|8\n|\n|t:|1776268303\n|move|p1a: Arcanine|Extreme Speed|p2a: Slowking\n|-damage|p2a: Slowking|0 fnt\n|faint|p2a: Slowking\n|\n|win|Bicycle Bandy\n|raw|Bicycle Bandy's rating: 1144 &rarr; <strong>1173</strong><br />(+29 for winning)\n|raw|FreshSurfyOcean's rating: 1198 &rarr; <strong>1169</strong><br />(-29 for losing)\n|l|\u2606FreshSurfyOcean\n|player|p2|\n",
  "uploadtime": 1776268311,
  "views": 18,
  "formatid": "gen9championsvgc2026regma",
  "rating": 1169,
  "private": 0,
  "password": null
}