{
  "id": "gen9championsvgc2026regma-2584396191",
  "format": "[Gen 9 Champions] VGC 2026 Reg M-A",
  "players": [
    "Wonderluck",
    "WasIsLossMitFenha"
  ],
  "log": "|j|\u2606Wonderluck\n|j|\u2606WasIsLossMitFenha\n|t:|1776257793\n|gametype|doubles\n|player|p1|Wonderluck|170|1156\n|player|p2|WasIsLossMitFenha|swimmer|1137\n|gen|9\n|tier|[Gen 9 Champions] VGC 2026 Reg M-A\n|rated|\n|rule|Species Clause: Limit one of each Pok\u00e9mon\n|rule|Item Clause: Limit 1 of each item\n|clearpoke\n|poke|p1|Maushold, L50|\n|poke|p1|Floette-Eternal, L50, F|\n|poke|p1|Kingambit, L50, F|\n|poke|p1|Sinistcha, L50|\n|poke|p1|Aerodactyl, L50, F|\n|poke|p1|Garchomp, L50, M|\n|poke|p2|Starmie, L50|\n|poke|p2|Aegislash, L50, F|\n|poke|p2|Sneasler, L50, M|\n|poke|p2|Pelipper, L50, M|\n|poke|p2|Archaludon, L50, F|\n|poke|p2|Maushold, L50|\n|teampreview|4\n|c|\u2606Wonderluck|We love starmie\n|c|\u2606WasIsLossMitFenha|we love malamar\n|\n|t:|1776257880\n|teamsize|p1|4\n|teamsize|p2|4\n|start\n|switch|p1a: Aerodactyl|Aerodactyl, L50, F|100/100\n|switch|p1b: Garchomp|Garchomp, L50, M|100/100\n|switch|p2a: Archaludon|Archaludon, L50, F|100/100\n|switch|p2b: Pelipper|Pelipper, L50, M|100/100\n|-weather|RainDance|[from] ability: Drizzle|[of] p2b: Pelipper\n|turn|1\n|\n|t:|1776257935\n|move|p1a: Aerodactyl|Rock Slide|p2a: Archaludon|[spread] p2a,p2b\n|-resisted|p2a: Archaludon|1\n|-supereffective|p2b: Pelipper|1\n|-damage|p2a: Archaludon|92/100\n|-damage|p2b: Pelipper|30/100\n|-ability|p2a: Archaludon|Stamina|boost\n|-boost|p2a: Archaludon|def|1\n|move|p1b: Garchomp|Rock Slide|p2a: Archaludon|[spread] p2a\n|-miss|p1b: Garchomp|p2b: Pelipper\n|-resisted|p2a: Archaludon|1\n|-damage|p2a: Archaludon|86/100\n|-ability|p2a: Archaludon|Stamina|boost\n|-boost|p2a: Archaludon|def|1\n|move|p2b: Pelipper|Weather Ball|p1a: Aerodactyl\n|-supereffective|p1a: Aerodactyl|1\n|-enditem|p1a: Aerodactyl|Focus Sash\n|-damage|p1a: Aerodactyl|1/100\n|cant|p2a: Archaludon|flinch\n|\n|-weather|RainDance|[upkeep]\n|-heal|p2a: Archaludon|93/100|[from] item: Leftovers\n|upkeep\n|turn|2\n|\n|t:|1776257964\n|move|p2b: Pelipper|Protect|p2b: Pelipper\n|-singleturn|p2b: Pelipper|Protect\n|move|p1a: Aerodactyl|Tailwind|p1a: Aerodactyl\n|-sidestart|p1: Wonderluck|move: Tailwind\n|move|p1b: Garchomp|Rock Slide|p2a: Archaludon|[spread] p2a\n|-activate|p2b: Pelipper|move: Protect\n|-resisted|p2a: Archaludon|1\n|-damage|p2a: Archaludon|89/100\n|-ability|p2a: Archaludon|Stamina|boost\n|-boost|p2a: Archaludon|def|1\n|move|p2a: Archaludon|Draco Meteor|p1b: Garchomp\n|-supereffective|p1b: Garchomp|1\n|-damage|p1b: Garchomp|0 fnt\n|-unboost|p2a: Archaludon|spa|2\n|faint|p1b: Garchomp\n|\n|-weather|RainDance|[upkeep]\n|-heal|p2a: Archaludon|95/100|[from] item: Leftovers\n|upkeep\n|\n|t:|1776257987\n|switch|p1b: Maushold|Maushold, L50|100/100\n|turn|3\n|\n|t:|1776257999\n|move|p1a: Aerodactyl|Rock Slide|p2a: Archaludon|[spread] p2a,p2b\n|-resisted|p2a: Archaludon|1\n|-supereffective|p2b: Pelipper|1\n|-damage|p2a: Archaludon|92/100\n|-damage|p2b: Pelipper|0 fnt\n|-ability|p2a: Archaludon|Stamina|boost\n|-boost|p2a: Archaludon|def|1\n|faint|p2b: Pelipper\n|move|p1b: Maushold|Encore|p2a: Archaludon\n|-start|p2a: Archaludon|Encore\n|move|p2a: Archaludon|Draco Meteor|p1b: Maushold\n|-damage|p1b: Maushold|60/100\n|-unboost|p2a: Archaludon|spa|2\n|\n|-weather|RainDance|[upkeep]\n|-heal|p2a: Archaludon|98/100|[from] item: Leftovers\n|upkeep\n|\n|t:|1776258011\n|switch|p2b: Aegislash|Aegislash, L50, F|100/100\n|turn|4\n|\n|t:|1776258027\n|switch|p1a: Kingambit|Kingambit, L50, F|100/100\n|switch|p2a: Starmie|Starmie, L50|100/100\n|move|p1b: Maushold|Protect|p1b: Maushold\n|-singleturn|p1b: Maushold|Protect\n|-formechange|p2b: Aegislash|Aegislash-Blade|\n|move|p2b: Aegislash|Sacred Sword|p1b: Maushold\n|-activate|p1b: Maushold|move: Protect\n|\n|-weather|RainDance|[upkeep]\n|upkeep\n|turn|5\n|\n|t:|1776258055\n|switch|p2b: Archaludon|Archaludon, L50, F|98/100\n|move|p2a: Starmie|Protect|p2a: Starmie\n|-singleturn|p2a: Starmie|Protect\n|move|p1b: Maushold|Super Fang|p2a: Starmie\n|-activate|p2a: Starmie|move: Protect\n|move|p1a: Kingambit|Substitute|p1a: Kingambit\n|-start|p1a: Kingambit|Substitute\n|-damage|p1a: Kingambit|76/100\n|\n|-weather|none\n|-heal|p2b: Archaludon|100/100|[from] item: Leftovers\n|-sideend|p1: Wonderluck|move: Tailwind\n|upkeep\n|turn|6\n|\n|t:|1776258079\n|detailschange|p2a: Starmie|Starmie-Mega, L50\n|-mega|p2a: Starmie|Starmie|Starminite\n|move|p1b: Maushold|Follow Me|p1b: Maushold\n|-singleturn|p1b: Maushold|move: Follow Me\n|move|p2a: Starmie|Liquidation|p1b: Maushold\n|-damage|p1b: Maushold|0 fnt\n|faint|p1b: Maushold\n|move|p2b: Archaludon|Draco Meteor|p1a: Kingambit\n|-resisted|p1a: Kingambit|1\n|-end|p1a: Kingambit|Substitute\n|-unboost|p2b: Archaludon|spa|2\n|move|p1a: Kingambit|Kowtow Cleave|p2a: Starmie\n|-supereffective|p2a: Starmie|1\n|-damage|p2a: Starmie|0 fnt\n|faint|p2a: Starmie\n|\n|upkeep\n|\n|t:|1776258095\n|switch|p1b: Aerodactyl|Aerodactyl, L50, F|1/100\n|switch|p2a: Aegislash|Aegislash, L50, F|100/100\n|turn|7\n|\n|t:|1776258105\n|move|p2a: Aegislash|King's Shield|p2a: Aegislash\n|-singleturn|p2a: Aegislash|Protect\n|move|p1b: Aerodactyl|Tailwind|p1b: Aerodactyl\n|-sidestart|p1: Wonderluck|move: Tailwind\n|move|p1a: Kingambit|Kowtow Cleave|p2a: Aegislash\n|-activate|p2a: Aegislash|move: Protect\n|-unboost|p1a: Kingambit|atk|1\n|-ability|p1a: Kingambit|Defiant|boost\n|-boost|p1a: Kingambit|atk|2\n|move|p2b: Archaludon|Flash Cannon|p1b: Aerodactyl\n|-supereffective|p1b: Aerodactyl|1\n|-damage|p1b: Aerodactyl|0 fnt\n|faint|p1b: Aerodactyl\n|\n|upkeep\n|turn|8\n|\n|t:|1776258130\n|move|p1a: Kingambit|Kowtow Cleave|p2a: Aegislash\n|-supereffective|p2a: Aegislash|1\n|-damage|p2a: Aegislash|0 fnt\n|faint|p2a: Aegislash\n|move|p2b: Archaludon|Draco Meteor|p1a: Kingambit\n|-resisted|p1a: Kingambit|1\n|-damage|p1a: Kingambit|60/100\n|-unboost|p2b: Archaludon|spa|2\n|\n|upkeep\n|turn|9\n|-message|WasIsLossMitFenha forfeited.\n|\n|win|Wonderluck\n|raw|Wonderluck's rating: 1156 &rarr; <strong>1180</strong><br />(+24 for winning)\n|raw|WasIsLossMitFenha's rating: 1137 &rarr; <strong>1113</strong><br />(-24 for losing)\n|l|\u2606WasIsLossMitFenha\n|player|p2|\n|c|\u2606Wonderluck|Gg\n",
  "uploadtime": 1776258155,
  "views": 33,
  "formatid": "gen9championsvgc2026regma",
  "rating": 1113,
  "private": 0,
  "password": null
}