{
  "id": "gen9championsvgc2026regma-2581083583",
  "format": "[Gen 9 Champions] VGC 2026 Reg M-A",
  "players": [
    "Spark the Pikagoss",
    "Mochatose"
  ],
  "log": "|j|\u2606Spark the Pikagoss\n|j|\u2606Mochatose\n|t:|1775958278\n|gametype|doubles\n|player|p1|Spark the Pikagoss|gentleman|1090\n|player|p2|Mochatose|caitlin|1000\n|gen|9\n|tier|[Gen 9 Champions] VGC 2026 Reg M-A\n|rated|\n|rule|Species Clause: Limit one of each Pok\u00e9mon\n|rule|Item Clause: Limit 1 of each item\n|clearpoke\n|poke|p1|Politoed, L50, F|\n|poke|p1|Gengar, L50, F|\n|poke|p1|Incineroar, L50, F|\n|poke|p1|Maushold, L50|\n|poke|p1|Basculegion, L50, M|\n|poke|p1|Archaludon, L50, F|\n|poke|p2|Meowstic-F, L50, F|\n|poke|p2|Appletun, L50, F|\n|poke|p2|Absol, L50, F|\n|poke|p2|Toxapex, L50, F|\n|poke|p2|Aegislash, L50, F|\n|poke|p2|Lopunny, L50, M|\n|teampreview|4\nSpark the Pikagoss has agreed to open team sheets.\n|inactive|Battle timer is ON: inactive players will automatically lose when time's up. (requested by Mochatose)\n|\n|t:|1775958322\n|teamsize|p1|4\n|teamsize|p2|4\n|start\n|switch|p1a: Politoed|Politoed, L50, F|100/100\n|switch|p1b: Gengar|Gengar, L50, F|100/100\n|switch|p2a: Aegislash|Aegislash, L50, F|100/100\n|switch|p2b: Lopunny|Lopunny, L50, M|100/100\n|-weather|RainDance|[from] ability: Drizzle|[of] p1a: Politoed\n|turn|1\n|inactive|Spark the Pikagoss has 30 seconds left.\n|\n|t:|1775958351\n|move|p1b: Gengar|Protect|p1b: Gengar\n|-singleturn|p1b: Gengar|Protect\n|move|p1a: Politoed|Protect|p1a: Politoed\n|-singleturn|p1a: Politoed|Protect\n|move|p2b: Lopunny|Encore|p1b: Gengar\n|-activate|p1b: Gengar|move: Protect\n|move|p2a: Aegislash|Swords Dance|p2a: Aegislash\n|-boost|p2a: Aegislash|atk|2\n|\n|-weather|RainDance|[upkeep]\n|upkeep\n|turn|2\n|inactive|Mochatose has 30 seconds left.\n|inactive|Mochatose has 20 seconds left.\n|\n|t:|1775958387\n|detailschange|p1b: Gengar|Gengar-Mega, L50, F\n|-mega|p1b: Gengar|Gengar|Gengarite\n|move|p1b: Gengar|Shadow Ball|p2a: Aegislash\n|-supereffective|p2a: Aegislash|1\n|-damage|p2a: Aegislash|20/100\n|move|p2b: Lopunny|Fake Tears|p1a: Politoed\n|-unboost|p1a: Politoed|spd|2\n|move|p1a: Politoed|Encore|p2a: Aegislash\n|-start|p2a: Aegislash|Encore\n|move|p2a: Aegislash|Swords Dance|p2a: Aegislash\n|-boost|p2a: Aegislash|atk|2\n|\n|-weather|RainDance|[upkeep]\n|upkeep\n|turn|3\n|inactive|Spark the Pikagoss has 30 seconds left.\n|inactive|Mochatose has 30 seconds left.\n|\n|t:|1775958417\n|switch|p2a: Absol|Absol, L50, F|100/100\n|move|p1b: Gengar|Perish Song|p1b: Gengar\n|-start|p1a: Politoed|perish3|[silent]\n|-start|p1b: Gengar|perish3|[silent]\n|-start|p2a: Absol|perish3|[silent]\n|-start|p2b: Lopunny|perish3|[silent]\n|-fieldactivate|move: Perish Song\n|move|p1a: Politoed|Encore|p2b: Lopunny\n|-start|p2b: Lopunny|Encore\n|move|p2b: Lopunny|Fake Tears|p1a: Politoed\n|-unboost|p1a: Politoed|spd|2\n|\n|-weather|RainDance|[upkeep]\n|-start|p1b: Gengar|perish3\n|-start|p2b: Lopunny|perish3\n|-start|p2a: Absol|perish3\n|-start|p1a: Politoed|perish3\n|upkeep\n|turn|4\n|inactive|Spark the Pikagoss has 30 seconds left.\n|inactive|Spark the Pikagoss has 20 seconds left.\n|\n|t:|1775958456\n|move|p1b: Gengar|Protect|p1b: Gengar\n|-singleturn|p1b: Gengar|Protect\n|move|p1a: Politoed|Protect|p1a: Politoed\n|-singleturn|p1a: Politoed|Protect\n|move|p2b: Lopunny|Fake Tears|p1b: Gengar\n|-activate|p1b: Gengar|move: Protect\n|move|p2a: Absol|Knock Off|p1b: Gengar\n|-activate|p1b: Gengar|move: Protect\n|\n|-weather|RainDance|[upkeep]\n|-start|p1b: Gengar|perish2\n|-start|p2b: Lopunny|perish2\n|-start|p2a: Absol|perish2\n|-start|p1a: Politoed|perish2\n|upkeep\n|turn|5\n|inactive|Spark the Pikagoss has 30 seconds left.\n|inactive|Spark the Pikagoss has 20 seconds left.\n|inactive|Spark the Pikagoss has 15 seconds left.\n|inactive|Spark the Pikagoss has 10 seconds left.\n|\n|t:|1775958505\n|move|p1b: Gengar|Sludge Bomb|p2a: Absol\n|-damage|p2a: Absol|1/100\n|move|p2b: Lopunny|Fake Tears|p1b: Gengar\n|-unboost|p1b: Gengar|spd|2\n|move|p2a: Absol|Knock Off|p1b: Gengar\n|-supereffective|p1b: Gengar|1\n|-damage|p1b: Gengar|0 fnt\n|faint|p1b: Gengar\n|move|p1a: Politoed|Weather Ball|p2a: Absol\n|-crit|p2a: Absol\n|-damage|p2a: Absol|0 fnt\n|faint|p2a: Absol\n|\n|-weather|none\n|-end|p2b: Lopunny|Encore\n|-start|p2b: Lopunny|perish1\n|-start|p1a: Politoed|perish1\n|upkeep\n|\n|t:|1775958521\n|switch|p1b: Maushold|Maushold, L50|100/100\n|switch|p2a: Meowstic|Meowstic-F, L50, F|100/100\n|turn|6\n|inactive|Spark the Pikagoss has 30 seconds left.\n|\n|t:|1775958551\n|switch|p2b: Aegislash|Aegislash, L50, F|20/100\n|switch|p1a: Archaludon|Archaludon, L50, F|100/100\n|detailschange|p2a: Meowstic|Meowstic-F-Mega, L50, F\n|-mega|p2a: Meowstic|Meowstic|Meowsticite\n|-ability|p2a: Meowstic|Friend Guard|Trace|[from] ability: Trace|[of] p1b: Maushold\n|move|p1b: Maushold|Population Bomb|p2a: Meowstic\n|-damage|p2a: Meowstic|93/100\n|-damage|p2a: Meowstic|86/100\n|-damage|p2a: Meowstic|79/100\n|-damage|p2a: Meowstic|72/100\n|-damage|p2a: Meowstic|63/100\n|-damage|p2a: Meowstic|56/100\n|-damage|p2a: Meowstic|49/100\n|-damage|p2a: Meowstic|42/100\n|-damage|p2a: Meowstic|35/100\n|-damage|p2a: Meowstic|29/100\n|-hitcount|p2a: Meowstic|10\n|move|p2a: Meowstic|Psychic|p1b: Maushold\n|-crit|p1b: Maushold\n|-damage|p1b: Maushold|12/100\n|\n|upkeep\n|turn|7\n|inactive|Spark the Pikagoss has 30 seconds left.\n|inactive|Spark the Pikagoss has 20 seconds left.\n|\n|t:|1775958590\n|move|p2a: Meowstic|Protect|p2a: Meowstic\n|-singleturn|p2a: Meowstic|Protect\n|move|p1b: Maushold|Population Bomb|p2a: Meowstic\n|-activate|p2a: Meowstic|move: Protect\n|move|p1a: Archaludon|Flash Cannon|p2b: Aegislash\n|-resisted|p2b: Aegislash|1\n|-damage|p2b: Aegislash|7/100\n|-formechange|p2b: Aegislash|Aegislash-Blade|\n|move|p2b: Aegislash|Rock Slide|p1a: Archaludon|[spread] p1a,p1b\n|-resisted|p1a: Archaludon|1\n|-damage|p1a: Archaludon|95/100\n|-damage|p1b: Maushold|0 fnt\n|-ability|p1a: Archaludon|Stamina|boost\n|-boost|p1a: Archaludon|def|1\n|faint|p1b: Maushold\n|\n|upkeep\n|\n|t:|1775958596\n|switch|p1b: Politoed|Politoed, L50, F|100/100\n|-weather|RainDance|[from] ability: Drizzle|[of] p1b: Politoed\n|turn|8\n|\n|t:|1775958616\n|switch|p2a: Lopunny|Lopunny, L50, M|100/100\n|move|p1a: Archaludon|Electro Shot||[still]\n|-prepare|p1a: Archaludon|Electro Shot\n|-boost|p1a: Archaludon|spa|1\n|-anim|p1a: Archaludon|Electro Shot|p2a: Lopunny\n|-damage|p2a: Lopunny|27/100\n|move|p1b: Politoed|Encore|p2b: Aegislash\n|-start|p2b: Aegislash|Encore\n|move|p2b: Aegislash|Rock Slide|p1a: Archaludon|[spread] p1a,p1b\n|-resisted|p1a: Archaludon|1\n|-damage|p1a: Archaludon|90/100\n|-damage|p1b: Politoed|78/100\n|-ability|p1a: Archaludon|Stamina|boost\n|-boost|p1a: Archaludon|def|1\n|\n|-weather|RainDance|[upkeep]\n|-heal|p1b: Politoed|84/100|[from] item: Leftovers\n|upkeep\n|turn|9\n|\n|t:|1775958640\n|move|p1a: Archaludon|Protect|p1a: Archaludon\n|-singleturn|p1a: Archaludon|Protect\n|move|p2a: Lopunny|Fake Tears|p1a: Archaludon\n|-activate|p1a: Archaludon|move: Protect\n|move|p1b: Politoed|Weather Ball|p2a: Lopunny\n|-damage|p2a: Lopunny|0 fnt\n|faint|p2a: Lopunny\n|move|p2b: Aegislash|Rock Slide|p1a: Archaludon|[spread] p1b\n|-activate|p1a: Archaludon|move: Protect\n|-damage|p1b: Politoed|60/100\n|\n|-weather|RainDance|[upkeep]\n|-heal|p1b: Politoed|66/100|[from] item: Leftovers\n|upkeep\n|\n|t:|1775958642\n|switch|p2a: Meowstic|Meowstic-F-Mega, L50, F|29/100\n|-ability|p2a: Meowstic|Drizzle|Trace|[from] ability: Trace|[of] p1b: Politoed\n|turn|10\n|\n|t:|1775958662\n|move|p2a: Meowstic|Psychic|p1a: Archaludon\n|-resisted|p1a: Archaludon|1\n|-damage|p1a: Archaludon|58/100\n|-ability|p1a: Archaludon|Stamina|boost\n|-boost|p1a: Archaludon|def|1\n|move|p1a: Archaludon|Electro Shot||[still]\n|-prepare|p1a: Archaludon|Electro Shot\n|-boost|p1a: Archaludon|spa|1\n|-anim|p1a: Archaludon|Electro Shot|p2a: Meowstic\n|-damage|p2a: Meowstic|0 fnt\n|faint|p2a: Meowstic\n|move|p1b: Politoed|Weather Ball|p2b: Aegislash\n|-damage|p2b: Aegislash|0 fnt\n|faint|p2b: Aegislash\n|\n|win|Spark the Pikagoss\n|raw|Spark the Pikagoss's rating: 1090 &rarr; <strong>1110</strong><br />(+20 for winning)\n|raw|Mochatose's rating: 1000 &rarr; <strong>1000</strong><br />(+0 for losing)\n|l|\u2606Mochatose\n|player|p2|\n",
  "uploadtime": 1775958676,
  "views": 11,
  "formatid": "gen9championsvgc2026regma",
  "rating": 1000,
  "private": 0,
  "password": null
}