{
  "id": "gen9championsvgc2026regma-2588688575",
  "format": "[Gen 9 Champions] VGC 2026 Reg M-A",
  "players": [
    "riubven",
    "pacther"
  ],
  "log": "|j|\u2606riubven\n|j|\u2606pacther\n|t:|1776657934\n|gametype|doubles\n|player|p1|riubven|102|1132\n|player|p2|pacther|2|1045\n|gen|9\n|tier|[Gen 9 Champions] VGC 2026 Reg M-A\n|rated|\n|rule|Species Clause: Limit one of each Pok\u00e9mon\n|rule|Item Clause: Limit 1 of each item\n|clearpoke\n|poke|p1|Milotic, L50, F, shiny|\n|poke|p1|Basculegion, L50, M, shiny|\n|poke|p1|Sneasler, L50, F|\n|poke|p1|Meganium, L50, M, shiny|\n|poke|p1|Archaludon, L50, F, shiny|\n|poke|p1|Sableye, L50, M|\n|poke|p2|Dragonite, L50, F|\n|poke|p2|Pelipper, L50, M|\n|poke|p2|Archaludon, L50, M, shiny|\n|poke|p2|Whimsicott, L50, F|\n|poke|p2|Meganium, L50, M|\n|poke|p2|Politoed, L50, M|\n|teampreview|4\n|inactive|Battle timer is ON: inactive players will automatically lose when time's up. (requested by riubven)\n|\n|t:|1776657965\n|teamsize|p1|4\n|teamsize|p2|4\n|start\n|switch|p1a: Sneasler|Sneasler, L50, F|100/100\n|switch|p1b: Sableye|Sableye, L50, M|100/100\n|switch|p2a: Pelipper|Pelipper, L50, M|100/100\n|switch|p2b: Archaludon|Archaludon, L50, M, shiny|100/100\n|-weather|RainDance|[from] ability: Drizzle|[of] p2a: Pelipper\n|turn|1\n|\n|t:|1776657990\n|move|p2b: Archaludon|Protect|p2b: Archaludon\n|-singleturn|p2b: Archaludon|Protect\n|move|p1b: Sableye|Fake Out|p2a: Pelipper\n|-damage|p2a: Pelipper|94/100\n|move|p1a: Sneasler|Close Combat|p2b: Archaludon\n|-activate|p2b: Archaludon|move: Protect\n|cant|p2a: Pelipper|flinch\n|\n|-weather|RainDance|[upkeep]\n|upkeep\n|turn|2\n|inactive|riubven has 30 seconds left.\n|\n|t:|1776658015\n|switch|p2b: Whimsicott|Whimsicott, L50, F|100/100\n|move|p1b: Sableye|Encore||[still]\n|-fail|p1b: Sableye\n|move|p1a: Sneasler|Close Combat|p2a: Pelipper\n|-resisted|p2a: Pelipper|1\n|-damage|p2a: Pelipper|67/100\n|-unboost|p1a: Sneasler|def|1\n|-unboost|p1a: Sneasler|spd|1\n|-enditem|p1a: Sneasler|White Herb\n|-clearnegativeboost|p1a: Sneasler|[silent]\n|move|p2a: Pelipper|Hurricane|p1a: Sneasler\n|-supereffective|p1a: Sneasler|1\n|-damage|p1a: Sneasler|0 fnt\n|faint|p1a: Sneasler\n|\n|-weather|RainDance|[upkeep]\n|upkeep\n|\n|t:|1776658040\n|switch|p1a: Archaludon|Archaludon, L50, F, shiny|100/100\n|turn|3\n|inactive|pacther has 30 seconds left.\n|\n|t:|1776658066\n|switch|p2a: Archaludon|Archaludon, L50, M, shiny|100/100\n|move|p2b: Whimsicott|Tailwind|p2b: Whimsicott\n|-sidestart|p2: pacther|move: Tailwind\n|move|p1b: Sableye|Foul Play|p2b: Whimsicott\n|-resisted|p2b: Whimsicott|1\n|-damage|p2b: Whimsicott|91/100\n|move|p1a: Archaludon|Electro Shot||[still]\n|-prepare|p1a: Archaludon|Electro Shot\n|-boost|p1a: Archaludon|spa|1\n|-anim|p1a: Archaludon|Electro Shot|p2a: Archaludon\n|-resisted|p2a: Archaludon|1\n|-damage|p2a: Archaludon|66/100\n|\n|-weather|RainDance|[upkeep]\n|upkeep\n|turn|4\n|inactive|riubven has 30 seconds left.\n|inactive|pacther has 30 seconds left.\n|\n|t:|1776658093\n|switch|p1b: Meganium|Meganium, L50, M, shiny|100/100\n|move|p2b: Whimsicott|Stun Spore|p1a: Archaludon\n|-status|p1a: Archaludon|par\n|move|p2a: Archaludon|Draco Meteor|p1a: Archaludon\n|-damage|p1a: Archaludon|38/100 par\n|-unboost|p2a: Archaludon|spa|2\n|-ability|p1a: Archaludon|Stamina|boost\n|-boost|p1a: Archaludon|def|1\n|move|p1a: Archaludon|Aura Sphere|p2a: Archaludon\n|-supereffective|p2a: Archaludon|1\n|-damage|p2a: Archaludon|0 fnt\n|faint|p2a: Archaludon\n|\n|-weather|RainDance|[upkeep]\n|upkeep\n|inactive|pacther has 30 seconds left.\n|\n|t:|1776658121\n|switch|p2a: Meganium|Meganium, L50, M|100/100\n|turn|5\n|inactive|pacther has 30 seconds left.\n|\n|t:|1776658149\n|switch|p1b: Sableye|Sableye, L50, M|100/100\n|detailschange|p2a: Meganium|Meganium-Mega, L50, M\n|-mega|p2a: Meganium|Meganium|Meganiumite\n|move|p2b: Whimsicott|Hurricane|p1a: Archaludon\n|-resisted|p1a: Archaludon|1\n|-damage|p1a: Archaludon|26/100 par\n|-ability|p1a: Archaludon|Stamina|boost\n|-boost|p1a: Archaludon|def|1\n|move|p2a: Meganium|Dazzling Gleam|p1a: Archaludon|[spread] p1a,p1b\n|-supereffective|p1b: Sableye|1\n|-damage|p1a: Archaludon|0 fnt\n|-damage|p1b: Sableye|0 fnt\n|faint|p1a: Archaludon\n|faint|p1b: Sableye\n|\n|-weather|none\n|upkeep\n|\n|t:|1776658173\n|switch|p1a: Meganium|Meganium, L50, M, shiny|100/100\n|turn|6\n|\n|t:|1776658188\n|detailschange|p1a: Meganium|Meganium-Mega, L50, M, shiny\n|-mega|p1a: Meganium|Meganium|Meganiumite\n|move|p2b: Whimsicott|Hurricane|p1a: Meganium\n|-supereffective|p1a: Meganium|1\n|-damage|p1a: Meganium|59/100\n|move|p2a: Meganium|Weather Ball|p1a: Meganium\n|-supereffective|p1a: Meganium|1\n|-damage|p1a: Meganium|0 fnt\n|faint|p1a: Meganium\n|\n|win|pacther\n|raw|riubven's rating: 1132 &rarr; <strong>1101</strong><br />(-31 for losing)\n|raw|pacther's rating: 1045 &rarr; <strong>1086</strong><br />(+41 for winning)\n|l|\u2606riubven\n|player|p1|\n",
  "uploadtime": 1776658226,
  "views": 8,
  "formatid": "gen9championsvgc2026regma",
  "rating": 1086,
  "private": 0,
  "password": null
}