{
  "id": "gen9championsvgc2026regma-2587870489",
  "format": "[Gen 9 Champions] VGC 2026 Reg M-A",
  "players": [
    "justaduck1",
    "Lin25"
  ],
  "log": "|j|\u2606justaduck1\n|j|\u2606Lin25\n|t:|1776572794\n|gametype|doubles\n|player|p1|justaduck1|266|1161\n|player|p2|Lin25|ash-kalos|1192\n|gen|9\n|tier|[Gen 9 Champions] VGC 2026 Reg M-A\n|rated|\n|rule|Species Clause: Limit one of each Pok\u00e9mon\n|rule|Item Clause: Limit 1 of each item\n|clearpoke\n|poke|p1|Scovillain, L50, F|\n|poke|p1|Primarina, L50, F|\n|poke|p1|Garchomp, L50, F|\n|poke|p1|Sneasler, L50, F|\n|poke|p1|Sinistcha, L50|\n|poke|p1|Aerodactyl, L50, M|\n|poke|p2|Whimsicott, L50, F|\n|poke|p2|Charizard, L50, M|\n|poke|p2|Ninetales-Alola, L50, F|\n|poke|p2|Incineroar, L50, F|\n|poke|p2|Garchomp, L50, M|\n|poke|p2|Sneasler, L50, F|\n|teampreview|4\n|inactive|Battle timer is ON: inactive players will automatically lose when time's up. (requested by justaduck1)\n|\n|t:|1776572855\n|teamsize|p1|4\n|teamsize|p2|4\n|start\n|switch|p1a: Scovillain|Scovillain, L50, F|100/100\n|switch|p1b: Primarina|Primarina, L50, F|100/100\n|switch|p2a: Sneasler|Sneasler, L50, F|100/100\n|switch|p2b: Garchomp|Garchomp, L50, M|100/100\n|turn|1\n|inactive|Lin25 has 30 seconds left.\n|\n|t:|1776572882\n|move|p1b: Primarina|Protect|p1b: Primarina\n|-singleturn|p1b: Primarina|Protect\n|move|p1a: Scovillain|Protect|p1a: Scovillain\n|-singleturn|p1a: Scovillain|Protect\n|move|p2b: Garchomp|Rock Slide|p1a: Scovillain|[spread] \n|-activate|p1a: Scovillain|move: Protect\n|-activate|p1b: Primarina|move: Protect\n|move|p2a: Sneasler|Dire Claw|p1b: Primarina\n|-activate|p1b: Primarina|move: Protect\n|\n|-ability|p1a: Scovillain|Moody|boost\n|-boost|p1a: Scovillain|spe|2\n|-unboost|p1a: Scovillain|def|1\n|upkeep\n|turn|2\n|inactive|justaduck1 has 30 seconds left.\n|inactive|Lin25 has 30 seconds left.\n|inactive|justaduck1 has 20 seconds left.\n|inactive|Lin25 has 20 seconds left.\n|inactive|Lin25 has 15 seconds left.\n|inactive|justaduck1 has 15 seconds left.\n|inactive|Lin25 has 10 seconds left.\n|\n|t:|1776572931\n|switch|p1b: Garchomp|Garchomp, L50, F|100/100\n|detailschange|p1a: Scovillain|Scovillain-Mega, L50, F\n|-mega|p1a: Scovillain|Scovillain|Scovillainite\n|move|p2b: Garchomp|Rock Slide|p1b: Garchomp|[spread] p1a,p1b\n|-supereffective|p1a: Scovillain|1\n|-resisted|p1b: Garchomp|1\n|-damage|p1a: Scovillain|48/100\n|-damage|p1b: Garchomp|91/100\n|-status|p2b: Garchomp|brn|[from] ability: Spicy Spray|[of] p1a: Scovillain\n|cant|p1a: Scovillain|flinch\n|move|p2a: Sneasler|Dire Claw|p1b: Garchomp\n|-resisted|p1b: Garchomp|1\n|-damage|p1b: Garchomp|69/100\n|-status|p1b: Garchomp|par\n|-damage|p2a: Sneasler|88/100|[from] ability: Rough Skin|[of] p1b: Garchomp\n|\n|-damage|p2b: Garchomp|95/100 brn|[from] brn\n|upkeep\n|turn|3\n|inactive|justaduck1 has 30 seconds left.\n|inactive|Lin25 has 30 seconds left.\n|inactive|Lin25 has 20 seconds left.\n|inactive|Lin25 has 15 seconds left.\n|inactive|Lin25 has 10 seconds left.\n|\n|t:|1776572981\n|switch|p2a: Whimsicott|Whimsicott, L50, F|100/100\n|move|p2b: Garchomp|Rock Slide|p1a: Scovillain|[spread] p1a,p1b\n|-supereffective|p1a: Scovillain|1\n|-resisted|p1b: Garchomp|1\n|-crit|p1b: Garchomp\n|-damage|p1a: Scovillain|19/100\n|-damage|p1b: Garchomp|60/100 par\n|move|p1a: Scovillain|Leech Seed|p2a: Whimsicott\n|-immune|p2a: Whimsicott\n|move|p1b: Garchomp|Dragon Claw|p2b: Garchomp\n|-supereffective|p2b: Garchomp|1\n|-damage|p2b: Garchomp|13/100 brn\n|-damage|p1b: Garchomp|48/100 par|[from] ability: Rough Skin|[of] p2b: Garchomp\n|\n|-damage|p2b: Garchomp|7/100 brn|[from] brn\n|upkeep\n|turn|4\n|inactive|justaduck1 has 30 seconds left.\n|inactive|Lin25 has 30 seconds left.\n|\n|t:|1776573019\n|move|p1a: Scovillain|Protect|p1a: Scovillain\n|-singleturn|p1a: Scovillain|Protect\n|move|p2b: Garchomp|Rock Slide|p1b: Garchomp|[spread] p1b\n|-activate|p1a: Scovillain|move: Protect\n|-resisted|p1b: Garchomp|1\n|-damage|p1b: Garchomp|43/100 par\n|move|p2a: Whimsicott|Moonblast|p1b: Garchomp\n|-supereffective|p1b: Garchomp|1\n|-damage|p1b: Garchomp|0 fnt\n|faint|p1b: Garchomp\n|\n|-damage|p2b: Garchomp|1/100 brn|[from] brn\n|upkeep\n|\n|t:|1776573037\n|switch|p1b: Primarina|Primarina, L50, F|100/100\n|turn|5\n|\n|t:|1776573056\n|move|p2a: Whimsicott|Tailwind|p2a: Whimsicott\n|-sidestart|p2: Lin25|move: Tailwind\n|move|p2b: Garchomp|Rock Slide|p1a: Scovillain|[spread] p1a,p1b\n|-supereffective|p1a: Scovillain|1\n|-damage|p1a: Scovillain|0 fnt\n|-damage|p1b: Primarina|89/100\n|faint|p1a: Scovillain\n|move|p1b: Primarina|Calm Mind|p1b: Primarina\n|-boost|p1b: Primarina|spa|1\n|-boost|p1b: Primarina|spd|1\n|\n|-heal|p1b: Primarina|95/100|[from] item: Leftovers\n|-damage|p2b: Garchomp|0 fnt|[from] brn\n|faint|p2b: Garchomp\n|upkeep\n|\n|t:|1776573065\n|switch|p2b: Sneasler|Sneasler, L50, F|88/100\n|switch|p1a: Aerodactyl|Aerodactyl, L50, M|100/100\n|-ability|p1a: Aerodactyl|Unnerve\n|turn|6\n|\n|t:|1776573081\n|move|p1b: Primarina|Protect|p1b: Primarina\n|-singleturn|p1b: Primarina|Protect\n|move|p2a: Whimsicott|Encore|p1b: Primarina\n|-activate|p1b: Primarina|move: Protect\n|move|p2b: Sneasler|Dire Claw|p1b: Primarina\n|-activate|p1b: Primarina|move: Protect\n|move|p1a: Aerodactyl|Dual Wingbeat|p2b: Sneasler\n|-supereffective|p2b: Sneasler|1\n|-damage|p2b: Sneasler|29/100\n|-supereffective|p2b: Sneasler|1\n|-damage|p2b: Sneasler|0 fnt\n|faint|p2b: Sneasler\n|-hitcount|p2: Sneasler|2\n|\n|-heal|p1b: Primarina|100/100|[from] item: Leftovers\n|upkeep\n|\n|t:|1776573091\n|switch|p2b: Charizard|Charizard, L50, M|100/100\n|turn|7\n|inactive|justaduck1 has 30 seconds left.\n|\n|t:|1776573120\n|detailschange|p2b: Charizard|Charizard-Mega-Y, L50, M\n|-mega|p2b: Charizard|Charizard|Charizardite Y\n|-weather|SunnyDay|[from] ability: Drought|[of] p2b: Charizard\n|move|p2a: Whimsicott|Encore|p1a: Aerodactyl\n|-start|p1a: Aerodactyl|Encore\n|move|p2b: Charizard|Solar Beam||[still]\n|-prepare|p2b: Charizard|Solar Beam\n|-anim|p2b: Charizard|Solar Beam|p1b: Primarina\n|-supereffective|p1b: Primarina|1\n|-damage|p1b: Primarina|44/100\n|move|p1a: Aerodactyl|Dual Wingbeat|p2b: Charizard\n|-damage|p2b: Charizard|75/100\n|-damage|p2b: Charizard|50/100\n|-hitcount|p2b: Charizard|2\n|move|p1b: Primarina|Moonblast|p2a: Whimsicott\n|-enditem|p2a: Whimsicott|Focus Sash\n|-damage|p2a: Whimsicott|1/100\n|\n|-weather|SunnyDay|[upkeep]\n|-heal|p1b: Primarina|50/100|[from] item: Leftovers\n|upkeep\n|turn|8\n|inactive|Lin25 has 30 seconds left.\n|inactive|Lin25 has 20 seconds left.\n|\n|t:|1776573157\n|move|p1b: Primarina|Protect|p1b: Primarina\n|-singleturn|p1b: Primarina|Protect\n|move|p2a: Whimsicott|Moonblast|p1a: Aerodactyl\n|-damage|p1a: Aerodactyl|51/100\n|move|p2b: Charizard|Solar Beam||[still]\n|-prepare|p2b: Charizard|Solar Beam\n|-anim|p2b: Charizard|Solar Beam|p1a: Aerodactyl\n|-damage|p1a: Aerodactyl|0 fnt\n|faint|p1a: Aerodactyl\n|\n|-weather|SunnyDay|[upkeep]\n|-heal|p1b: Primarina|56/100|[from] item: Leftovers\n|-sideend|p2: Lin25|move: Tailwind\n|upkeep\n|turn|9\n|\n|t:|1776573169\n|move|p2a: Whimsicott|Encore|p1b: Primarina\n|-start|p1b: Primarina|Encore\n|move|p1b: Primarina|Protect||[still]\n|-fail|p1b: Primarina\n|move|p2b: Charizard|Solar Beam||[still]\n|-prepare|p2b: Charizard|Solar Beam\n|-anim|p2b: Charizard|Solar Beam|p1b: Primarina\n|-supereffective|p1b: Primarina|1\n|-damage|p1b: Primarina|0 fnt\n|faint|p1b: Primarina\n|\n|win|Lin25\n|raw|justaduck1's rating: 1161 &rarr; <strong>1138</strong><br />(-23 for losing)\n|raw|Lin25's rating: 1192 &rarr; <strong>1215</strong><br />(+23 for winning)\n|l|\u2606justaduck1\n|player|p1|\n",
  "uploadtime": 1776573189,
  "views": 10,
  "formatid": "gen9championsvgc2026regma",
  "rating": 1138,
  "private": 0,
  "password": null
}