{
  "id": "gen9championsvgc2026regma-2580578660",
  "format": "[Gen 9 Champions] VGC 2026 Reg M-A",
  "players": [
    "JmL94",
    "pits fiend"
  ],
  "log": "|j|\u2606JmL94\n|j|\u2606pits fiend\n|html|<table width=\"100%\"><tr><td align=\"left\">JmL94</td><td align=\"right\">pits fiend</tr><tr><td align=\"left\"><i class=\"fa fa-circle\"></i> <i class=\"fa fa-circle-o\"></i> </td><td align=\"right\"><i class=\"fa fa-circle-o\"></i> <i class=\"fa fa-circle\"></i> </tr></table>\n|uhtml|bestof|<h2><strong>Game 3</strong> of <a href=\"/game-bestof3-gen9championsvgc2026regma-2580574369\">a best-of-3</a></h2>\n|t:|1775914826\n|gametype|doubles\n|player|p1|JmL94|266|\n|player|p2|pits fiend|gwynn|\n|gen|9\n|tier|[Gen 9 Champions] VGC 2026 Reg M-A\n|rated|Tournament battle\n|rule|Species Clause: Limit one of each Pok\u00e9mon\n|rule|Item Clause: Limit 1 of each item\n|raw|<div class=\"infobox\"><details class=\"readmore\" open><summary><strong>2 custom rules:</strong></summary> Force Open Team Sheets, Best of = 3</details></div>\n|clearpoke\n|poke|p1|Charizard, L50, F|\n|poke|p1|Venusaur, L50, M|\n|poke|p1|Whimsicott, L50, F|\n|poke|p1|Incineroar, L50, M|\n|poke|p1|Kingambit, L50, F|\n|poke|p1|Garchomp, L50, F|\n|poke|p2|Gardevoir, L50, M|\n|poke|p2|Garchomp, L50, M|\n|poke|p2|Rotom-Wash, L50|\n|poke|p2|Tsareena, L50, F|\n|poke|p2|Incineroar, L50, M|\n|poke|p2|Sneasler, L50, M|\n|teampreview|4\n|showteam|p1|Charizard||CharizarditeY|SolarPower|HeatWave,DragonPulse,SolarBeam,Protect|||F|||50|]Venusaur||Leftovers|Chlorophyll|EarthPower,EnergyBall,SludgeBomb,Protect|||M|||50|]Whimsicott||FocusSash|Prankster|Tailwind,Moonblast,Encore,Protect|||F|||50|]Incineroar||SitrusBerry|Intimidate|Protect,PartingShot,FakeOut,FlareBlitz|||M|||50|]Kingambit||ChopleBerry|Defiant|IronHead,KowtowCleave,SuckerPunch,Protect|||F|||50|]Garchomp||HabanBerry|RoughSkin|RockSlide,Earthquake,DragonClaw,Protect|||F|||50|\n|showteam|p2|Gardevoir||Gardevoirite|Trace|HyperVoice,Psyshock,Protect,TrickRoom|||M|||50|]Garchomp||SoftSand|SandVeil|Earthquake,DragonClaw,StompingTantrum,Protect|||M|||50|]Rotom-Wash||ChoiceScarf|Levitate|Electroweb,VoltSwitch,Thunderbolt,HydroPump||||||50|]Tsareena||OccaBerry|QueenlyMajesty|TropKick,TripleAxel,Protect,HelpingHand|||F|||50|]Incineroar||SitrusBerry|Intimidate|FakeOut,ThroatChop,PartingShot,FlareBlitz|||M|||50|]Sneasler||WhiteHerb|Unburden|CloseCombat,DireClaw,FakeOut,Protect|||M|||50|\n|j| angeallen455\n|j| WishMkrLucy\n|j| FlygonkingVGC\nJmL94 has agreed to open team sheets.\npits fiend has agreed to open team sheets.\n|showteam|p1|Charizard||CharizarditeY|SolarPower|HeatWave,DragonPulse,SolarBeam,Protect|||F|||50|]Venusaur||Leftovers|Chlorophyll|EarthPower,EnergyBall,SludgeBomb,Protect|||M|||50|]Whimsicott||FocusSash|Prankster|Tailwind,Moonblast,Encore,Protect|||F|||50|]Incineroar||SitrusBerry|Intimidate|Protect,PartingShot,FakeOut,FlareBlitz|||M|||50|]Kingambit||ChopleBerry|Defiant|IronHead,KowtowCleave,SuckerPunch,Protect|||F|||50|]Garchomp||HabanBerry|RoughSkin|RockSlide,Earthquake,DragonClaw,Protect|||F|||50|\n|showteam|p2|Gardevoir||Gardevoirite|Trace|HyperVoice,Psyshock,Protect,TrickRoom|||M|||50|]Garchomp||SoftSand|SandVeil|Earthquake,DragonClaw,StompingTantrum,Protect|||M|||50|]Rotom-Wash||ChoiceScarf|Levitate|Electroweb,VoltSwitch,Thunderbolt,HydroPump||||||50|]Tsareena||OccaBerry|QueenlyMajesty|TropKick,TripleAxel,Protect,HelpingHand|||F|||50|]Incineroar||SitrusBerry|Intimidate|FakeOut,ThroatChop,PartingShot,FlareBlitz|||M|||50|]Sneasler||WhiteHerb|Unburden|CloseCombat,DireClaw,FakeOut,Protect|||M|||50|\n|\n|t:|1775914890\n|teamsize|p1|4\n|teamsize|p2|4\n|start\n|switch|p1a: Charizard|Charizard, L50, F|100/100\n|switch|p1b: Whimsicott|Whimsicott, L50, F|100/100\n|switch|p2a: Gardevoir|Gardevoir, L50, M, shiny|100/100\n|switch|p2b: Rotom|Rotom-Wash, L50|100/100\n|-ability|p2a: Gardevoir|Prankster|Trace|[from] ability: Trace|[of] p1b: Whimsicott\n|turn|1\n|j| GoogleDad\n|\n|t:|1775914927\n|detailschange|p1a: Charizard|Charizard-Mega-Y, L50, F\n|-mega|p1a: Charizard|Charizard|Charizardite Y\n|-weather|SunnyDay|[from] ability: Drought|[of] p1a: Charizard\n|detailschange|p2a: Gardevoir|Gardevoir-Mega, L50, M, shiny\n|-mega|p2a: Gardevoir|Gardevoir|Gardevoirite\n|move|p1b: Whimsicott|Tailwind|p1b: Whimsicott\n|-sidestart|p1: JmL94|move: Tailwind\n|move|p1a: Charizard|Solar Beam||[still]\n|-prepare|p1a: Charizard|Solar Beam\n|-anim|p1a: Charizard|Solar Beam|p2b: Rotom\n|-supereffective|p2b: Rotom|1\n|-damage|p2b: Rotom|0 fnt\n|faint|p2b: Rotom\n|move|p2a: Gardevoir|Trick Room|p2a: Gardevoir\n|-fieldstart|move: Trick Room|[of] p2a: Gardevoir\n|\n|-weather|SunnyDay|[upkeep]\n|upkeep\n|\n|t:|1775914946\n|switch|p2b: Sneasler|Sneasler, L50, M|100/100\n|turn|2\n|\n|t:|1775914954\n|move|p2b: Sneasler|Fake Out|p1b: Whimsicott\n|-damage|p1b: Whimsicott|81/100\n|cant|p1b: Whimsicott|flinch\n|move|p2a: Gardevoir|Psyshock|p1a: Charizard\n|-damage|p1a: Charizard|27/100\n|move|p1a: Charizard|Heat Wave|p2b: Sneasler|[spread] p2a,p2b\n|-damage|p2a: Gardevoir|46/100\n|-damage|p2b: Sneasler|18/100\n|\n|-weather|SunnyDay|[upkeep]\n|upkeep\n|turn|3\n|\n|t:|1775914968\n|move|p1b: Whimsicott|Encore|p2a: Gardevoir\n|-start|p2a: Gardevoir|Encore\n|move|p2a: Gardevoir|Psyshock|p1a: Charizard\n|-damage|p1a: Charizard|0 fnt\n|faint|p1a: Charizard\n|move|p2b: Sneasler|Dire Claw|p1b: Whimsicott\n|-supereffective|p1b: Whimsicott|2\n|-crit|p1b: Whimsicott\n|-damage|p1b: Whimsicott|0 fnt\n|faint|p1b: Whimsicott\n|\n|-weather|SunnyDay|[upkeep]\n|upkeep\n|\n|t:|1775914978\n|switch|p1b: Incineroar|Incineroar, L50, M|100/100\n|switch|p1a: Garchomp|Garchomp, L50, F|100/100\n|-ability|p1b: Incineroar|Intimidate|boost\n|-unboost|p2a: Gardevoir|atk|1\n|-unboost|p2b: Sneasler|atk|1\n|-enditem|p2b: Sneasler|White Herb\n|-clearnegativeboost|p2b: Sneasler|[silent]\n|turn|4\n|\n|t:|1775915000\n|switch|p2a: Incineroar|Incineroar, L50, M|100/100\n|-ability|p2a: Incineroar|Intimidate|boost\n|-unboost|p1a: Garchomp|atk|1\n|-unboost|p1b: Incineroar|atk|1\n|move|p1b: Incineroar|Fake Out|p2b: Sneasler\n|-damage|p2b: Sneasler|2/100\n|move|p1a: Garchomp|Rock Slide|p2a: Incineroar|[spread] p2a,p2b\n|-supereffective|p2a: Incineroar|1\n|-resisted|p2b: Sneasler|1\n|-damage|p2a: Incineroar|75/100\n|-damage|p2b: Sneasler|0 fnt\n|faint|p2b: Sneasler\n|\n|-weather|SunnyDay|[upkeep]\n|-sideend|p1: JmL94|move: Tailwind\n|upkeep\n|\n|t:|1775915009\n|switch|p2b: Gardevoir|Gardevoir-Mega, L50, M, shiny|46/100\n|turn|5\n|\n|t:|1775915034\n|move|p1b: Incineroar|Protect|p1b: Incineroar\n|-singleturn|p1b: Incineroar|Protect\n|move|p1a: Garchomp|Protect|p1a: Garchomp\n|-singleturn|p1a: Garchomp|Protect\n|move|p2a: Incineroar|Throat Chop|p1a: Garchomp\n|-activate|p1a: Garchomp|move: Protect\n|move|p2b: Gardevoir|Hyper Voice|p1b: Incineroar|[spread] \n|-activate|p1a: Garchomp|move: Protect\n|-activate|p1b: Incineroar|move: Protect\n|\n|-weather|none\n|-fieldend|move: Trick Room\n|upkeep\n|turn|6\n|j| chicagolocaltop16\n|\n|t:|1775915052\n|move|p1a: Garchomp|Rock Slide|p2a: Incineroar|[spread] p2a,p2b\n|-supereffective|p2a: Incineroar|1\n|-damage|p2a: Incineroar|50/100\n|-damage|p2b: Gardevoir|22/100\n|-enditem|p2a: Incineroar|Sitrus Berry|[eat]\n|-heal|p2a: Incineroar|75/100|[from] item: Sitrus Berry\n|move|p2b: Gardevoir|Hyper Voice|p1a: Garchomp|[spread] p1a,p1b\n|-supereffective|p1a: Garchomp|1\n|-damage|p1a: Garchomp|0 fnt\n|-damage|p1b: Incineroar|50/100\n|-enditem|p1b: Incineroar|Sitrus Berry|[eat]\n|-heal|p1b: Incineroar|75/100|[from] item: Sitrus Berry\n|faint|p1a: Garchomp\n|move|p1b: Incineroar|Flare Blitz|p2b: Gardevoir\n|-damage|p2b: Gardevoir|0 fnt\n|faint|p2b: Gardevoir\n|-damage|p1b: Incineroar|69/100|[from] Recoil\n|move|p2a: Incineroar|Throat Chop|p1b: Incineroar\n|-resisted|p1b: Incineroar|1\n|-damage|p1b: Incineroar|54/100\n|-start|p1b: Incineroar|Throat Chop|[silent]\n|\n|upkeep\n|turn|7\n|\n|t:|1775915080\n|move|p1b: Incineroar|Flare Blitz|p2a: Incineroar\n|-resisted|p2a: Incineroar|1\n|-damage|p2a: Incineroar|58/100\n|-damage|p1b: Incineroar|49/100|[from] Recoil\n|move|p2a: Incineroar|Flare Blitz|p1b: Incineroar\n|-resisted|p1b: Incineroar|1\n|-damage|p1b: Incineroar|25/100\n|-damage|p2a: Incineroar|50/100|[from] Recoil\n|\n|-end|p1b: Incineroar|Throat Chop|[silent]\n|upkeep\n|turn|8\n|c|\u2606JmL94|gg\n|c|\u2606pits fiend|gg\n|-message|JmL94 forfeited.\n|\n|win|pits fiend\n|l|\u2606JmL94\n|player|p1|\n",
  "uploadtime": 1775915090,
  "views": 10,
  "formatid": "gen9championsvgc2026regma",
  "rating": null,
  "private": 0,
  "password": null
}