{
  "id": "gen9championsvgc2026regma-2582158722",
  "format": "[Gen 9 Champions] VGC 2026 Reg M-A",
  "players": [
    "DesbrozadorasGoian",
    "gfuyk"
  ],
  "log": "|j|\u2606DesbrozadorasGoian\n|j|\u2606gfuyk\n|t:|1776065519\n|gametype|doubles\n|player|p1|DesbrozadorasGoian|wattson|1051\n|player|p2|gfuyk|266|1000\n|gen|9\n|tier|[Gen 9 Champions] VGC 2026 Reg M-A\n|rated|\n|rule|Species Clause: Limit one of each Pok\u00e9mon\n|rule|Item Clause: Limit 1 of each item\n|clearpoke\n|poke|p1|Glimmora, L50, F|\n|poke|p1|Talonflame, L50, F|\n|poke|p1|Garchomp, L50, F|\n|poke|p1|Incineroar, L50, M|\n|poke|p1|Gardevoir, L50, M|\n|poke|p1|Sinistcha, L50|\n|poke|p2|Gengar, L50, M|\n|poke|p2|Basculegion, L50, M|\n|poke|p2|Incineroar, L50, F|\n|poke|p2|Garchomp, L50, M|\n|poke|p2|Politoed, L50, F|\n|poke|p2|Whimsicott, L50, M|\n|teampreview|4\n|inactive|Battle timer is ON: inactive players will automatically lose when time's up. (requested by DesbrozadorasGoian)\n|inactive|DesbrozadorasGoian has 60 seconds left.\n|inactive|gfuyk has 60 seconds left.\n|\n|t:|1776065564\n|teamsize|p1|4\n|teamsize|p2|4\n|start\n|switch|p1a: Talonflame|Talonflame, L50, F|100/100\n|switch|p1b: Incineroar|Incineroar, L50, M|100/100\n|switch|p2a: Whimsicott|Whimsicott, L50, M|100/100\n|switch|p2b: Gengar|Gengar, L50, M|100/100\n|-ability|p1b: Incineroar|Intimidate|boost\n|-unboost|p2a: Whimsicott|atk|1\n|-unboost|p2b: Gengar|atk|1\n|turn|1\n|\n|t:|1776065583\n|detailschange|p2b: Gengar|Gengar-Mega, L50, M\n|-mega|p2b: Gengar|Gengar|Gengarite\n|move|p2b: Gengar|Protect|p2b: Gengar\n|-singleturn|p2b: Gengar|Protect\n|move|p2a: Whimsicott|Tailwind|p2a: Whimsicott\n|-sidestart|p2: gfuyk|move: Tailwind\n|move|p1a: Talonflame|Tailwind|p1a: Talonflame\n|-sidestart|p1: DesbrozadorasGoian|move: Tailwind\n|move|p1b: Incineroar|Flare Blitz|p2a: Whimsicott\n|-supereffective|p2a: Whimsicott|1\n|-enditem|p2a: Whimsicott|Focus Sash\n|-damage|p2a: Whimsicott|1/100\n|-damage|p1b: Incineroar|78/100|[from] Recoil\n|\n|upkeep\n|turn|2\n|inactive|gfuyk has 30 seconds left.\n|\n|t:|1776065612\n|move|p2a: Whimsicott|Encore|p1a: Talonflame\n|-start|p1a: Talonflame|Encore\n|move|p1a: Talonflame|Tailwind||[still]\n|-fail|p1a: Talonflame\n|move|p2b: Gengar|Disable|p1b: Incineroar\n|-start|p1b: Incineroar|Disable|Flare Blitz\n|move|p1b: Incineroar|Parting Shot|p2b: Gengar\n|-unboost|p2b: Gengar|atk|1\n|-unboost|p2b: Gengar|spa|1\n|\n|t:|1776065624\n|switch|p1b: Glimmora|Glimmora, L50, F|100/100|[from] Parting Shot\n|\n|upkeep\n|turn|3\n|\n|t:|1776065642\n|switch|p2a: Politoed|Politoed, L50, F|100/100\n|-weather|RainDance|[from] ability: Drizzle|[of] p2a: Politoed\n|detailschange|p1b: Glimmora|Glimmora-Mega, L50, F\n|-mega|p1b: Glimmora|Glimmora|Glimmoranite\n|move|p2b: Gengar|Protect|p2b: Gengar\n|-singleturn|p2b: Gengar|Protect\n|move|p1a: Talonflame|Tailwind||[still]\n|-fail|p1a: Talonflame\n|move|p1b: Glimmora|Sludge Bomb|p2a: Politoed\n|-damage|p2a: Politoed|59/100\n|\n|-weather|RainDance|[upkeep]\n|-heal|p2a: Politoed|65/100|[from] item: Leftovers\n|upkeep\n|turn|4\n|\n|t:|1776065666\n|move|p1b: Glimmora|Spiky Shield|p1b: Glimmora\n|-singleturn|p1b: Glimmora|move: Protect\n|move|p1a: Talonflame|Tailwind||[still]\n|-fail|p1a: Talonflame\n|move|p2b: Gengar|Perish Song|p2b: Gengar\n|-start|p1a: Talonflame|perish3|[silent]\n|-start|p1b: Glimmora|perish3|[silent]\n|-start|p2a: Politoed|perish3|[silent]\n|-start|p2b: Gengar|perish3|[silent]\n|-fieldactivate|move: Perish Song\n|move|p2a: Politoed|Weather Ball|p1b: Glimmora\n|-activate|p1b: Glimmora|move: Protect\n|\n|-weather|RainDance|[upkeep]\n|-heal|p2a: Politoed|71/100|[from] item: Leftovers\n|-end|p1a: Talonflame|Encore\n|-start|p2b: Gengar|perish3\n|-start|p1a: Talonflame|perish3\n|-start|p1b: Glimmora|perish3\n|-start|p2a: Politoed|perish3\n|-sideend|p2: gfuyk|move: Tailwind\n|-sideend|p1: DesbrozadorasGoian|move: Tailwind\n|upkeep\n|turn|5\n|inactive|DesbrozadorasGoian has 30 seconds left.\n|inactive|gfuyk has 30 seconds left.\n|\n|t:|1776065700\n|move|p2a: Politoed|Protect|p2a: Politoed\n|-singleturn|p2a: Politoed|Protect\n|move|p1a: Talonflame|Brave Bird|p2a: Politoed\n|-activate|p2a: Politoed|move: Protect\n|move|p2b: Gengar|Disable|p1b: Glimmora\n|-start|p1b: Glimmora|Disable|Spiky Shield\n|move|p1b: Glimmora|Power Gem|p2a: Politoed\n|-activate|p2a: Politoed|move: Protect\n|\n|-weather|RainDance|[upkeep]\n|-heal|p2a: Politoed|77/100|[from] item: Leftovers\n|-start|p2b: Gengar|perish2\n|-start|p1a: Talonflame|perish2\n|-start|p1b: Glimmora|perish2\n|-start|p2a: Politoed|perish2\n|upkeep\n|turn|6\n|inactive|gfuyk has 30 seconds left.\n|inactive|gfuyk has 20 seconds left.\n|inactive|gfuyk has 15 seconds left.\n|\n|t:|1776065742\n|move|p1a: Talonflame|Brave Bird|p2a: Politoed\n|-damage|p2a: Politoed|7/100\n|-damage|p1a: Talonflame|71/100|[from] Recoil\n|move|p2b: Gengar|Disable||[still]\n|-fail|p2b: Gengar\n|move|p1b: Glimmora|Power Gem|p2a: Politoed\n|-damage|p2a: Politoed|0 fnt\n|faint|p2a: Politoed\n|\n|-weather|RainDance|[upkeep]\n|-start|p2b: Gengar|perish1\n|-start|p1a: Talonflame|perish1\n|-start|p1b: Glimmora|perish1\n|upkeep\n|\n|t:|1776065753\n|switch|p2a: Basculegion|Basculegion, L50, M|100/100\n|turn|7\n|inactive|gfuyk has 30 seconds left.\n|\n|t:|1776065782\n|switch|p2b: Whimsicott|Whimsicott, L50, M|1/100\n|move|p2a: Basculegion|Flip Turn|p1b: Glimmora\n|-supereffective|p1b: Glimmora|1\n|-damage|p1b: Glimmora|0 fnt\n|faint|p1b: Glimmora\n|\n|t:|1776065790\n|switch|p2a: Gengar|Gengar-Mega, L50, M|100/100|[from] Flip Turn\n|move|p1a: Talonflame|Tailwind|p1a: Talonflame\n|-sidestart|p1: DesbrozadorasGoian|move: Tailwind\n|\n|-weather|none\n|-start|p1a: Talonflame|perish0\n|faint|p1a: Talonflame\n|upkeep\n|\n|t:|1776065796\n|switch|p1a: Garchomp|Garchomp, L50, F|100/100\n|switch|p1b: Incineroar|Incineroar, L50, M|78/100\n|-ability|p1b: Incineroar|Intimidate|boost\n|-unboost|p2a: Gengar|atk|1\n|-unboost|p2b: Whimsicott|atk|1\n|turn|8\n|\n|t:|1776065806\n|move|p2b: Whimsicott|Protect|p2b: Whimsicott\n|-singleturn|p2b: Whimsicott|Protect\n|move|p2a: Gengar|Protect|p2a: Gengar\n|-singleturn|p2a: Gengar|Protect\n|move|p1b: Incineroar|Fake Out|p2b: Whimsicott\n|-activate|p2b: Whimsicott|move: Protect\n|move|p1a: Garchomp|Stomping Tantrum|p2a: Gengar\n|-activate|p2a: Gengar|move: Protect\n|\n|upkeep\n|turn|9\n|inactive|DesbrozadorasGoian has 30 seconds left.\n|\n|t:|1776065834\n|move|p2b: Whimsicott|Tailwind|p2b: Whimsicott\n|-sidestart|p2: gfuyk|move: Tailwind\n|move|p2a: Gengar|Perish Song|p2a: Gengar\n|-start|p1a: Garchomp|perish3|[silent]\n|-start|p1b: Incineroar|perish3|[silent]\n|-start|p2a: Gengar|perish3|[silent]\n|-start|p2b: Whimsicott|perish3|[silent]\n|-fieldactivate|move: Perish Song\n|move|p1a: Garchomp|Earthquake|p2a: Gengar|[spread] p1b,p2a,p2b\n|-supereffective|p1b: Incineroar|1\n|-supereffective|p2a: Gengar|1\n|-resisted|p2b: Whimsicott|1\n|-damage|p1b: Incineroar|10/100\n|-damage|p2a: Gengar|0 fnt\n|-damage|p2b: Whimsicott|0 fnt\n|-enditem|p1b: Incineroar|Sitrus Berry|[eat]\n|-heal|p1b: Incineroar|35/100|[from] item: Sitrus Berry\n|faint|p2a: Gengar\n|faint|p2b: Whimsicott\n|move|p1b: Incineroar|Darkest Lariat|p2: Gengar|[notarget]\n|-fail|p1b: Incineroar\n|\n|-start|p1a: Garchomp|perish3\n|-start|p1b: Incineroar|perish3\n|upkeep\n|\n|t:|1776065852\n|switch|p2a: Basculegion|Basculegion, L50, M|100/100\n|turn|10\n|\n|t:|1776065866\n|move|p2a: Basculegion|Wave Crash|p1b: Incineroar\n|-supereffective|p1b: Incineroar|1\n|-damage|p1b: Incineroar|0 fnt\n|faint|p1b: Incineroar\n|-damage|p2a: Basculegion|89/100|[from] Recoil\n|move|p1a: Garchomp|Dragon Claw|p2a: Basculegion\n|-damage|p2a: Basculegion|31/100\n|\n|-start|p1a: Garchomp|perish2\n|-sideend|p1: DesbrozadorasGoian|move: Tailwind\n|upkeep\n|turn|11\n|\n|t:|1776065877\n|move|p2a: Basculegion|Wave Crash|p1a: Garchomp\n|-damage|p1a: Garchomp|40/100\n|-damage|p2a: Basculegion|19/100|[from] ability: Rough Skin|[of] p1a: Garchomp\n|-damage|p2a: Basculegion|0 fnt|[from] Recoil\n|faint|p2a: Basculegion\n|\n|win|DesbrozadorasGoian\n|raw|DesbrozadorasGoian's rating: 1051 &rarr; <strong>1079</strong><br />(+28 for winning)\n|raw|gfuyk's rating: 1000 &rarr; <strong>1000</strong><br />(+0 for losing)\n",
  "uploadtime": 1776065877,
  "views": 12,
  "formatid": "gen9championsvgc2026regma",
  "rating": 1000,
  "private": 0,
  "password": null
}