{
  "id": "gen9championsvgc2026regma-2582468478",
  "format": "[Gen 9 Champions] VGC 2026 Reg M-A",
  "players": [
    "Dell44",
    "Ezequielk20"
  ],
  "log": "|j|\u2606Dell44\n|j|\u2606Ezequielk20\n|t:|1776093654\n|gametype|doubles\n|player|p1|Dell44|janine|1056\n|player|p2|Ezequielk20|rocketgrunt|1125\n|gen|9\n|tier|[Gen 9 Champions] VGC 2026 Reg M-A\n|rated|\n|rule|Species Clause: Limit one of each Pok\u00e9mon\n|rule|Item Clause: Limit 1 of each item\n|clearpoke\n|poke|p1|Weavile, L50, M|\n|poke|p1|Clefable, L50, M|\n|poke|p1|Milotic, L50, F|\n|poke|p1|Gengar, L50, M|\n|poke|p1|Scizor, L50, M|\n|poke|p1|Lycanroc-Dusk, L50, M|\n|poke|p2|Whimsicott, L50, F|\n|poke|p2|Charizard, L50, F|\n|poke|p2|Delphox, L50, M|\n|poke|p2|Gallade, L50, M|\n|poke|p2|Rotom-Wash, L50|\n|poke|p2|Garchomp, L50, F|\n|teampreview|4\n|inactive|Battle timer is ON: inactive players will automatically lose when time's up. (requested by Ezequielk20)\n|\n|t:|1776093729\n|teamsize|p1|4\n|teamsize|p2|4\n|start\n|switch|p1a: Weavile|Weavile, L50, M|100/100\n|switch|p1b: Clefable|Clefable, L50, M|100/100\n|switch|p2a: Whimsicott|Whimsicott, L50, F|100/100\n|switch|p2b: Rotom|Rotom-Wash, L50|100/100\n|-ability|p1a: Weavile|Pressure\n|turn|1\n|\n|t:|1776093752\n|move|p1a: Weavile|Fake Out|p2a: Whimsicott\n|-damage|p2a: Whimsicott|85/100\n|cant|p2a: Whimsicott|flinch\n|move|p2b: Rotom|Trick|p1b: Clefable\n|-activate|p2b: Rotom|move: Trick|[of] p1b: Clefable\n|-item|p1b: Clefable|Choice Scarf|[from] move: Trick\n|-item|p2b: Rotom|Sitrus Berry|[from] move: Trick\n|move|p1b: Clefable|Moonblast|p2a: Whimsicott\n|-damage|p2a: Whimsicott|41/100\n|\n|upkeep\n|turn|2\n|inactive|Dell44 has 30 seconds left.\n|inactive|Dell44 has 20 seconds left.\n|\n|t:|1776093792\n|move|p2a: Whimsicott|Tailwind|p2a: Whimsicott\n|-sidestart|p2: Ezequielk20|move: Tailwind\n|move|p2b: Rotom|Volt Switch|p1a: Weavile\n|-damage|p1a: Weavile|55/100\n|\n|t:|1776093797\n|switch|p2b: Charizard|Charizard, L50, F|100/100|[from] Volt Switch\n|move|p1a: Weavile|Knock Off|p2b: Charizard\n|-damage|p2b: Charizard|51/100\n|move|p1b: Clefable|Moonblast|p2a: Whimsicott\n|-damage|p2a: Whimsicott|0 fnt\n|faint|p2a: Whimsicott\n|\n|upkeep\n|\n|t:|1776093805\n|switch|p2a: Rotom|Rotom-Wash, L50|100/100\n|turn|3\n|inactive|Dell44 has 30 seconds left.\n|\n|t:|1776093838\n|detailschange|p2b: Charizard|Charizard-Mega-Y, L50, F\n|-mega|p2b: Charizard|Charizard|Charizardite Y\n|-weather|SunnyDay|[from] ability: Drought|[of] p2b: Charizard\n|move|p1a: Weavile|Feint|p2a: Rotom\n|-damage|p2a: Rotom|88/100\n|move|p2b: Charizard|Heat Wave|p1b: Clefable|[spread] p1a,p1b\n|-supereffective|p1a: Weavile|1\n|-damage|p1a: Weavile|0 fnt\n|-damage|p1b: Clefable|47/100\n|faint|p1a: Weavile\n|move|p2a: Rotom|Hydro Pump|p1b: Clefable\n|-damage|p1b: Clefable|31/100\n|move|p1b: Clefable|Moonblast|p2a: Rotom\n|-damage|p2a: Rotom|52/100\n|\n|-weather|SunnyDay|[upkeep]\n|upkeep\n|\n|t:|1776093856\n|switch|p1a: Lycanroc|Lycanroc-Dusk, L50, M|100/100\n|turn|4\n|\n|t:|1776093864\n|move|p2b: Charizard|Protect|p2b: Charizard\n|-singleturn|p2b: Charizard|Protect\n|move|p1a: Lycanroc|Accelerock|p2b: Charizard\n|-activate|p2b: Charizard|move: Protect\n|move|p2a: Rotom|Volt Switch|p1a: Lycanroc\n|-damage|p1a: Lycanroc|49/100\n|\n|t:|1776093869\n|switch|p2a: Garchomp|Garchomp, L50, F|100/100|[from] Volt Switch\n|move|p1b: Clefable|Moonblast|p2a: Garchomp\n|-supereffective|p2a: Garchomp|1\n|-damage|p2a: Garchomp|25/100\n|\n|-weather|SunnyDay|[upkeep]\n|upkeep\n|turn|5\n|\n|t:|1776093881\n|switch|p2b: Rotom|Rotom-Wash, L50|52/100\n|move|p1a: Lycanroc|Protect|p1a: Lycanroc\n|-singleturn|p1a: Lycanroc|Protect\n|move|p2a: Garchomp|Stomping Tantrum|p1a: Lycanroc\n|-activate|p1a: Lycanroc|move: Protect\n|move|p1b: Clefable|Moonblast|p2a: Garchomp\n|-supereffective|p2a: Garchomp|1\n|-damage|p2a: Garchomp|0 fnt\n|faint|p2a: Garchomp\n|\n|-weather|SunnyDay|[upkeep]\n|-sideend|p2: Ezequielk20|move: Tailwind\n|upkeep\n|\n|t:|1776093886\n|switch|p2a: Charizard|Charizard-Mega-Y, L50, F|51/100\n|turn|6\n|inactive|Dell44 has 30 seconds left.\n|\n|t:|1776093918\n|move|p2a: Charizard|Protect|p2a: Charizard\n|-singleturn|p2a: Charizard|Protect\n|move|p1a: Lycanroc|Close Combat|p2b: Rotom\n|-damage|p2b: Rotom|0 fnt\n|-unboost|p1a: Lycanroc|def|1\n|-unboost|p1a: Lycanroc|spd|1\n|faint|p2b: Rotom\n|move|p1b: Clefable|Moonblast|p2a: Charizard\n|-activate|p2a: Charizard|move: Protect\n|\n|-weather|SunnyDay|[upkeep]\n|upkeep\n|turn|7\n|\n|t:|1776093933\n|move|p1a: Lycanroc|Accelerock|p2a: Charizard\n|-supereffective|p2a: Charizard|2\n|-damage|p2a: Charizard|0 fnt\n|faint|p2a: Charizard\n|\n|win|Dell44\n|raw|Dell44's rating: 1056 &rarr; <strong>1094</strong><br />(+38 for winning)\n|raw|Ezequielk20's rating: 1125 &rarr; <strong>1095</strong><br />(-30 for losing)\n|l|\u2606Ezequielk20\n|player|p2|\n",
  "uploadtime": 1776093938,
  "views": 10,
  "formatid": "gen9championsvgc2026regma",
  "rating": 1094,
  "private": 0,
  "password": null
}