{
  "id": "gen9championsvgc2026regma-2587899783",
  "format": "[Gen 9 Champions] VGC 2026 Reg M-A",
  "players": [
    "choko1",
    "Msigs"
  ],
  "log": "|j|\u2606choko1\n|j|\u2606Msigs\n|t:|1776576397\n|gametype|doubles\n|player|p1|choko1|clown|1151\n|player|p2|Msigs|blue|1049\n|gen|9\n|tier|[Gen 9 Champions] VGC 2026 Reg M-A\n|rated|\n|rule|Species Clause: Limit one of each Pok\u00e9mon\n|rule|Item Clause: Limit 1 of each item\n|clearpoke\n|poke|p1|Tyranitar, L50, M|\n|poke|p1|Tinkaton, L50, F|\n|poke|p1|Gengar, L50, M, shiny|\n|poke|p1|Arcanine, L50, M, shiny|\n|poke|p1|Rotom-Wash, L50|\n|poke|p1|Mamoswine, L50, F|\n|poke|p2|Froslass, L50, F|\n|poke|p2|Sinistcha, L50|\n|poke|p2|Weavile, L50, F|\n|poke|p2|Arcanine-Hisui, L50, F|\n|poke|p2|Typhlosion-Hisui, L50, M|\n|poke|p2|Sneasler, L50, F|\n|teampreview|4\n|inactive|Battle timer is ON: inactive players will automatically lose when time's up. (requested by choko1)\n|\n|t:|1776576462\n|teamsize|p1|4\n|teamsize|p2|4\n|start\n|switch|p1a: Arcanine|Arcanine, L50, M, shiny|100/100\n|switch|p1b: Gengar|Gengar, L50, M, shiny|100/100\n|switch|p2a: Arcanine|Arcanine-Hisui, L50, F|100/100\n|switch|p2b: Sneasler|Sneasler, L50, F|100/100\n|-ability|p2a: Arcanine|Intimidate|boost\n|-unboost|p1a: Arcanine|atk|1\n|-unboost|p1b: Gengar|atk|1\n|-ability|p1a: Arcanine|Intimidate|boost\n|-unboost|p2a: Arcanine|atk|1\n|-unboost|p2b: Sneasler|atk|1\n|-enditem|p2b: Sneasler|White Herb\n|-clearnegativeboost|p2b: Sneasler|[silent]\n|turn|1\n|inactive|Msigs has 30 seconds left.\n|inactive|Msigs has 20 seconds left.\n|inactive|Msigs has 15 seconds left.\n|inactive|Msigs has 10 seconds left.\n|\n|t:|1776576508\n|detailschange|p1b: Gengar|Gengar-Mega, L50, M, shiny\n|-mega|p1b: Gengar|Gengar|Gengarite\n|move|p1b: Gengar|Protect|p1b: Gengar\n|-singleturn|p1b: Gengar|Protect\n|move|p1a: Arcanine|Protect|p1a: Arcanine\n|-singleturn|p1a: Arcanine|Protect\n|move|p2b: Sneasler|Dire Claw|p1b: Gengar\n|-activate|p1b: Gengar|move: Protect\n|move|p2a: Arcanine|Rock Slide|p1a: Arcanine|[spread] \n|-activate|p1a: Arcanine|move: Protect\n|-activate|p1b: Gengar|move: Protect\n|\n|upkeep\n|turn|2\n|inactive|Msigs has 30 seconds left.\n|\n|t:|1776576537\n|switch|p1b: Tyranitar|Tyranitar, L50, M|100/100\n|-weather|Sandstorm|[from] ability: Sand Stream|[of] p1b: Tyranitar\n|move|p2b: Sneasler|Protect|p2b: Sneasler\n|-singleturn|p2b: Sneasler|Protect\n|move|p2a: Arcanine|Rock Slide|p1a: Arcanine|[spread] \n|-miss|p2a: Arcanine|p1a: Arcanine\n|-miss|p2a: Arcanine|p1b: Tyranitar\n|move|p1a: Arcanine|Will-O-Wisp|p2b: Sneasler\n|-activate|p2b: Sneasler|move: Protect\n|\n|-weather|Sandstorm|[upkeep]\n|-damage|p2b: Sneasler|95/100|[from] Sandstorm\n|-damage|p1a: Arcanine|94/100|[from] Sandstorm\n|upkeep\n|turn|3\n|inactive|choko1 has 30 seconds left.\n|inactive|choko1 has 20 seconds left.\n|inactive|choko1 has 15 seconds left.\n|\n|t:|1776576577\n|move|p1b: Tyranitar|Protect|p1b: Tyranitar\n|-singleturn|p1b: Tyranitar|Protect\n|move|p2b: Sneasler|Dire Claw|p1b: Tyranitar\n|-activate|p1b: Tyranitar|move: Protect\n|move|p2a: Arcanine|Rock Slide|p1b: Tyranitar|[spread] p1a\n|-activate|p1b: Tyranitar|move: Protect\n|-supereffective|p1a: Arcanine|1\n|-damage|p1a: Arcanine|55/100\n|cant|p1a: Arcanine|flinch\n|\n|-weather|Sandstorm|[upkeep]\n|-damage|p2b: Sneasler|89/100|[from] Sandstorm\n|-damage|p1a: Arcanine|49/100|[from] Sandstorm\n|-enditem|p1a: Arcanine|Sitrus Berry|[eat]\n|-heal|p1a: Arcanine|74/100|[from] item: Sitrus Berry\n|upkeep\n|turn|4\n|\n|t:|1776576597\n|switch|p1b: Tinkaton|Tinkaton, L50, F|100/100\n|move|p2b: Sneasler|Close Combat|p1b: Tinkaton\n|-damage|p1b: Tinkaton|40/100\n|-unboost|p2b: Sneasler|def|1\n|-unboost|p2b: Sneasler|spd|1\n|move|p2a: Arcanine|Rock Slide|p1a: Arcanine|[spread] p1a,p1b\n|-supereffective|p1a: Arcanine|1\n|-resisted|p1b: Tinkaton|1\n|-damage|p1a: Arcanine|33/100\n|-damage|p1b: Tinkaton|31/100\n|move|p1a: Arcanine|Will-O-Wisp|p2b: Sneasler\n|-status|p2b: Sneasler|brn\n|\n|-weather|Sandstorm|[upkeep]\n|-damage|p2b: Sneasler|84/100 brn|[from] Sandstorm\n|-damage|p1a: Arcanine|27/100|[from] Sandstorm\n|-damage|p2b: Sneasler|78/100 brn|[from] brn\n|upkeep\n|turn|5\n|inactive|choko1 has 30 seconds left.\n|inactive|Msigs has 30 seconds left.\n|\n|t:|1776576630\n|switch|p1a: Gengar|Gengar-Mega, L50, M, shiny|100/100\n|move|p2b: Sneasler|Close Combat|p1a: Gengar\n|-immune|p1a: Gengar\n|move|p2a: Arcanine|Rock Slide|p1b: Tinkaton|[spread] p1a,p1b\n|-resisted|p1b: Tinkaton|1\n|-damage|p1a: Gengar|69/100\n|-damage|p1b: Tinkaton|21/100\n|cant|p1b: Tinkaton|flinch\n|\n|-weather|Sandstorm|[upkeep]\n|-damage|p2b: Sneasler|72/100 brn|[from] Sandstorm\n|-damage|p1a: Gengar|63/100|[from] Sandstorm\n|-damage|p2b: Sneasler|67/100 brn|[from] brn\n|upkeep\n|turn|6\n|inactive|Msigs has 30 seconds left.\n|inactive|Msigs has 20 seconds left.\n|inactive|Msigs has 15 seconds left.\n|\n|t:|1776576671\n|move|p2b: Sneasler|Dire Claw|p1a: Gengar\n|-resisted|p1a: Gengar|2\n|-damage|p1a: Gengar|55/100\n|move|p1a: Gengar|Shadow Ball|p2b: Sneasler\n|-damage|p2b: Sneasler|0 fnt\n|faint|p2b: Sneasler\n|move|p2a: Arcanine|Rock Slide|p1b: Tinkaton|[spread] p1a\n|-miss|p2a: Arcanine|p1b: Tinkaton\n|-damage|p1a: Gengar|23/100\n|move|p1b: Tinkaton|Gigaton Hammer|p2a: Arcanine\n|-damage|p2a: Arcanine|29/100\n|\n|-weather|none\n|upkeep\n|\n|t:|1776576694\n|switch|p2b: Froslass|Froslass, L50, F|100/100\n|turn|7\n|\n|t:|1776576709\n|move|p1a: Gengar|Protect|p1a: Gengar\n|-singleturn|p1a: Gengar|Protect\n|move|p2b: Froslass|Protect|p2b: Froslass\n|-singleturn|p2b: Froslass|Protect\n|move|p2a: Arcanine|Rock Slide|p1b: Tinkaton|[spread] p1b\n|-activate|p1a: Gengar|move: Protect\n|-resisted|p1b: Tinkaton|1\n|-damage|p1b: Tinkaton|13/100\n|cant|p1b: Tinkaton|flinch\n|\n|upkeep\n|turn|8\n|\n|t:|1776576732\n|switch|p1a: Arcanine|Arcanine, L50, M, shiny|27/100\n|-ability|p1a: Arcanine|Intimidate|boost\n|-unboost|p2a: Arcanine|atk|1\n|-unboost|p2b: Froslass|atk|1\n|switch|p2b: Weavile|Weavile, L50, F|100/100\n|-ability|p2b: Weavile|Pressure\n|move|p2a: Arcanine|Rock Slide|p1b: Tinkaton|[spread] p1a,p1b\n|-supereffective|p1a: Arcanine|1\n|-resisted|p1b: Tinkaton|1\n|-crit|p1b: Tinkaton\n|-damage|p1a: Arcanine|0 fnt\n|-damage|p1b: Tinkaton|0 fnt\n|faint|p1a: Arcanine\n|faint|p1b: Tinkaton\n|\n|upkeep\n|\n|t:|1776576745\n|switch|p1a: Gengar|Gengar-Mega, L50, M, shiny|23/100\n|switch|p1b: Tyranitar|Tyranitar, L50, M|100/100\n|-weather|Sandstorm|[from] ability: Sand Stream|[of] p1b: Tyranitar\n|turn|9\n|inactive|Msigs has 30 seconds left.\n|\n|t:|1776576772\n|move|p1a: Gengar|Protect|p1a: Gengar\n|-singleturn|p1a: Gengar|Protect\n|move|p2b: Weavile|Snowscape|p2b: Weavile\n|-weather|Snowscape\n|move|p2a: Arcanine|Flare Blitz|p1a: Gengar\n|-activate|p1a: Gengar|move: Protect\n|move|p1b: Tyranitar|Dragon Dance|p1b: Tyranitar\n|-boost|p1b: Tyranitar|atk|1\n|-boost|p1b: Tyranitar|spe|1\n|\n|-weather|Snowscape|[upkeep]\n|upkeep\n|turn|10\n|\n|t:|1776576789\n|move|p1a: Gengar|Protect||[still]\n|-fail|p1a: Gengar\n|move|p2b: Weavile|Icy Wind|p1b: Tyranitar|[spread] p1a,p1b\n|-damage|p1a: Gengar|14/100\n|-damage|p1b: Tyranitar|94/100\n|-unboost|p1a: Gengar|spe|1\n|-unboost|p1b: Tyranitar|spe|1\n|move|p2a: Arcanine|Flare Blitz|p1a: Gengar\n|-damage|p1a: Gengar|0 fnt\n|faint|p1a: Gengar\n|-damage|p2a: Arcanine|26/100|[from] Recoil\n|move|p1b: Tyranitar|Rock Slide|p2b: Weavile|[spread] p2a,p2b\n|-supereffective|p2a: Arcanine|1\n|-supereffective|p2b: Weavile|1\n|-damage|p2a: Arcanine|0 fnt\n|-damage|p2b: Weavile|19/100\n|faint|p2a: Arcanine\n|\n|-weather|Snowscape|[upkeep]\n|upkeep\n|\n|t:|1776576808\n|switch|p2a: Froslass|Froslass, L50, F|100/100\n|turn|11\n|\n|t:|1776576822\n|detailschange|p2a: Froslass|Froslass-Mega, L50, F\n|-mega|p2a: Froslass|Froslass|Froslassite\n|move|p2b: Weavile|Icy Wind|p1b: Tyranitar\n|-damage|p1b: Tyranitar|86/100\n|-unboost|p1b: Tyranitar|spe|1\n|move|p2a: Froslass|Blizzard|p1b: Tyranitar\n|-damage|p1b: Tyranitar|33/100\n|move|p1b: Tyranitar|Rock Slide|p2b: Weavile|[spread] p2a,p2b\n|-supereffective|p2a: Froslass|1\n|-supereffective|p2b: Weavile|1\n|-damage|p2a: Froslass|3/100\n|-damage|p2b: Weavile|0 fnt\n|faint|p2b: Weavile\n|\n|-weather|Snowscape|[upkeep]\n|upkeep\n|turn|12\n|\n|t:|1776576843\n|move|p2a: Froslass|Blizzard|p1b: Tyranitar\n|-damage|p1b: Tyranitar|0 fnt\n|faint|p1b: Tyranitar\n|\n|win|Msigs\n|raw|choko1's rating: 1151 &rarr; <strong>1119</strong><br />(-32 for losing)\n|raw|Msigs's rating: 1049 &rarr; <strong>1091</strong><br />(+42 for winning)\n|l|\u2606Msigs\n|player|p2|\n",
  "uploadtime": 1776576864,
  "views": 9,
  "formatid": "gen9championsvgc2026regma",
  "rating": 1091,
  "private": 0,
  "password": null
}