{
  "id": "gen9championsvgc2026regma-2587147371",
  "format": "[Gen 9 Champions] VGC 2026 Reg M-A",
  "players": [
    "itwasn'tggitwasbg",
    "shiver419"
  ],
  "log": "|j|\u2606itwasn'tggitwasbg\n|j|\u2606shiver419\n|t:|1776500348\n|gametype|doubles\n|player|p1|itwasn'tggitwasbg|lass-gen4dp|1336\n|player|p2|shiver419|170|1400\n|gen|9\n|tier|[Gen 9 Champions] VGC 2026 Reg M-A\n|rated|\n|rule|Species Clause: Limit one of each Pok\u00e9mon\n|rule|Item Clause: Limit 1 of each item\n|clearpoke\n|poke|p1|Dragonite, L50, F|\n|poke|p1|Sneasler, L50, M|\n|poke|p1|Aegislash, L50, M|\n|poke|p1|Incineroar, L50, M|\n|poke|p1|Rotom-Wash, L50|\n|poke|p1|Garchomp, L50, M|\n|poke|p2|Scizor, L50, M|\n|poke|p2|Basculegion, L50, M|\n|poke|p2|Incineroar, L50, F|\n|poke|p2|Ninetales-Alola, L50, M|\n|poke|p2|Kommo-o, L50, F|\n|poke|p2|Sneasler, L50, M|\n|teampreview|4\n|inactive|Battle timer is ON: inactive players will automatically lose when time's up. (requested by itwasn'tggitwasbg)\n|inactive|itwasn'tggitwasbg has 60 seconds left.\n|\n|t:|1776500389\n|teamsize|p1|4\n|teamsize|p2|4\n|start\n|switch|p1a: Sneasler|Sneasler, L50, M|100/100\n|switch|p1b: Incineroar|Incineroar, L50, M|100/100\n|switch|p2a: Ninetales|Ninetales-Alola, L50, M|100/100\n|switch|p2b: Kommo-o|Kommo-o, L50, F|100/100\n|-weather|Snowscape|[from] ability: Snow Warning|[of] p2a: Ninetales\n|-ability|p1b: Incineroar|Intimidate|boost\n|-unboost|p2a: Ninetales|atk|1\n|-unboost|p2b: Kommo-o|atk|1\n|turn|1\n|\n|t:|1776500400\n|move|p2a: Ninetales|Protect|p2a: Ninetales\n|-singleturn|p2a: Ninetales|Protect\n|move|p1a: Sneasler|Fake Out|p2a: Ninetales\n|-activate|p2a: Ninetales|move: Protect\n|move|p2b: Kommo-o|Clangorous Soul|p2b: Kommo-o\n|-boost|p2b: Kommo-o|atk|1\n|-boost|p2b: Kommo-o|def|1\n|-boost|p2b: Kommo-o|spa|1\n|-boost|p2b: Kommo-o|spd|1\n|-boost|p2b: Kommo-o|spe|1\n|-damage|p2b: Kommo-o|68/100\n|move|p1b: Incineroar|Flare Blitz|p2a: Ninetales\n|-activate|p2a: Ninetales|move: Protect\n|\n|-weather|Snowscape|[upkeep]\n|-heal|p2b: Kommo-o|74/100|[from] item: Leftovers\n|upkeep\n|turn|2\n|\n|t:|1776500418\n|move|p2b: Kommo-o|Aura Sphere|p1b: Incineroar\n|-supereffective|p1b: Incineroar|1\n|-damage|p1b: Incineroar|16/100\n|move|p2a: Ninetales|Aurora Veil|p2a: Ninetales\n|-sidestart|p2: shiver419|move: Aurora Veil\n|move|p1a: Sneasler|Dire Claw|p2a: Ninetales\n|-supereffective|p2a: Ninetales|1\n|-damage|p2a: Ninetales|39/100\n|move|p1b: Incineroar|Flare Blitz|p2a: Ninetales\n|-supereffective|p2a: Ninetales|1\n|-damage|p2a: Ninetales|0 fnt\n|faint|p2a: Ninetales\n|-damage|p1b: Incineroar|6/100|[from] Recoil\n|\n|-weather|Snowscape|[upkeep]\n|-heal|p2b: Kommo-o|79/100|[from] item: Leftovers\n|upkeep\n|\n|t:|1776500430\n|switch|p2a: Scizor|Scizor, L50, M|100/100\n|turn|3\n|\n|t:|1776500443\n|switch|p1b: Rotom|Rotom-Wash, L50|100/100\n|detailschange|p2a: Scizor|Scizor-Mega, L50, M\n|-mega|p2a: Scizor|Scizor|Scizorite\n|move|p2b: Kommo-o|Clanging Scales|p1b: Rotom|[spread] p1a,p1b\n|-damage|p1a: Sneasler|31/100\n|-damage|p1b: Rotom|54/100\n|-unboost|p2b: Kommo-o|def|1\n|move|p1a: Sneasler|Close Combat|p2a: Scizor\n|-damage|p2a: Scizor|59/100\n|-unboost|p1a: Sneasler|def|1\n|-unboost|p1a: Sneasler|spd|1\n|move|p2a: Scizor|Swords Dance|p2a: Scizor\n|-boost|p2a: Scizor|atk|2\n|\n|-weather|Snowscape|[upkeep]\n|-heal|p2b: Kommo-o|85/100|[from] item: Leftovers\n|upkeep\n|turn|4\n|inactive|itwasn'tggitwasbg has 30 seconds left.\n|\n|t:|1776500469\n|move|p2a: Scizor|Bullet Punch|p1a: Sneasler\n|-damage|p1a: Sneasler|0 fnt\n|faint|p1a: Sneasler\n|move|p2b: Kommo-o|Clanging Scales|p1b: Rotom\n|-damage|p1b: Rotom|0 fnt\n|faint|p1b: Rotom\n|-unboost|p2b: Kommo-o|def|1\n|\n|-weather|Snowscape|[upkeep]\n|-heal|p2b: Kommo-o|91/100|[from] item: Leftovers\n|upkeep\n|\n|t:|1776500472\n|switch|p1a: Incineroar|Incineroar, L50, M|6/100\n|switch|p1b: Dragonite|Dragonite, L50, F|100/100\n|-ability|p1a: Incineroar|Intimidate|boost\n|-unboost|p2a: Scizor|atk|1\n|-unboost|p2b: Kommo-o|atk|1\n|turn|5\n|-message|itwasn'tggitwasbg forfeited.\n|\n|win|shiver419\n|raw|itwasn&apos;tggitwasbg's rating: 1336 &rarr; <strong>1320</strong><br />(-16 for losing)\n|raw|shiver419's rating: 1400 &rarr; <strong>1416</strong><br />(+16 for winning)\n",
  "uploadtime": 1776500493,
  "views": 39,
  "formatid": "gen9championsvgc2026regma",
  "rating": 1320,
  "private": 0,
  "password": null
}