{
  "id": "gen9championsvgc2026regma-2581670069",
  "format": "[Gen 9 Champions] VGC 2026 Reg M-A",
  "players": [
    "GeneralTarheel",
    "NiteLiteFGC"
  ],
  "log": "|j|\u2606GeneralTarheel\n|j|\u2606NiteLiteFGC\n|t:|1776019441\n|gametype|doubles\n|player|p1|GeneralTarheel|blaine|1071\n|player|p2|NiteLiteFGC|rika|1046\n|gen|9\n|tier|[Gen 9 Champions] VGC 2026 Reg M-A\n|rated|\n|rule|Species Clause: Limit one of each Pok\u00e9mon\n|rule|Item Clause: Limit 1 of each item\n|clearpoke\n|poke|p1|Aerodactyl, L50, M|\n|poke|p1|Altaria, L50, F|\n|poke|p1|Tyranitar, L50, M|\n|poke|p1|Gengar, L50, M|\n|poke|p1|Sinistcha, L50|\n|poke|p1|Incineroar, L50, F|\n|poke|p2|Whimsicott, L50, M|\n|poke|p2|Gallade, L50, M|\n|poke|p2|Incineroar, L50, F|\n|poke|p2|Heracross, L50, F|\n|poke|p2|Pelipper, L50, F|\n|poke|p2|Meganium, L50, F|\n|teampreview|4\n|\n|t:|1776019460\n|teamsize|p1|4\n|teamsize|p2|4\n|start\n|switch|p1a: Altaria|Altaria, L50, F|100/100\n|switch|p1b: Incineroar|Incineroar, L50, F|100/100\n|switch|p2a: Whimsicott|Whimsicott, L50, M|100/100\n|switch|p2b: Gallade|Gallade, L50, M|100/100\n|-ability|p1a: Altaria|Cloud Nine\n|-ability|p1b: Incineroar|Intimidate|boost\n|-unboost|p2a: Whimsicott|atk|1\n|-unboost|p2b: Gallade|atk|1\n|turn|1\n|\n|t:|1776019496\n|switch|p1b: Gengar|Gengar, L50, M|100/100\n|move|p2a: Whimsicott|Tailwind|p2a: Whimsicott\n|-sidestart|p2: NiteLiteFGC|move: Tailwind\n|move|p2b: Gallade|Sacred Sword|p1b: Gengar\n|-immune|p1b: Gengar\n|move|p1a: Altaria|Perish Song|p1a: Altaria\n|-start|p1a: Altaria|perish3|[silent]\n|-start|p1b: Gengar|perish3|[silent]\n|-start|p2a: Whimsicott|perish3|[silent]\n|-start|p2b: Gallade|perish3|[silent]\n|-fieldactivate|move: Perish Song\n|\n|-start|p2b: Gallade|perish3\n|-start|p2a: Whimsicott|perish3\n|-start|p1b: Gengar|perish3\n|-start|p1a: Altaria|perish3\n|upkeep\n|turn|2\n|\n|t:|1776019528\n|detailschange|p1b: Gengar|Gengar-Mega, L50, M\n|-mega|p1b: Gengar|Gengar|Gengarite\n|move|p1b: Gengar|Protect|p1b: Gengar\n|-singleturn|p1b: Gengar|Protect\n|move|p2a: Whimsicott|Encore|p1a: Altaria\n|-start|p1a: Altaria|Encore\n|move|p2b: Gallade|Psycho Cut|p1b: Gengar\n|-activate|p1b: Gengar|move: Protect\n|move|p1a: Altaria|Perish Song||[still]\n|-fail|p1a: Altaria\n|\n|-start|p2b: Gallade|perish2\n|-start|p2a: Whimsicott|perish2\n|-start|p1b: Gengar|perish2\n|-start|p1a: Altaria|perish2\n|upkeep\n|turn|3\n|\n|t:|1776019551\n|switch|p1a: Incineroar|Incineroar, L50, F|100/100\n|-ability|p1a: Incineroar|Intimidate|boost\n|-unboost|p2a: Whimsicott|atk|1\n|-unboost|p2b: Gallade|atk|1\n|move|p2a: Whimsicott|Helping Hand|p2b: Gallade\n|-singleturn|p2b: Gallade|Helping Hand|[of] p2a: Whimsicott\n|move|p2b: Gallade|Psycho Cut|p1b: Gengar\n|-supereffective|p1b: Gengar|1\n|-damage|p1b: Gengar|0 fnt\n|faint|p1b: Gengar\n|\n|-start|p2b: Gallade|perish1\n|-start|p2a: Whimsicott|perish1\n|upkeep\n|\n|t:|1776019571\n|switch|p1b: Altaria|Altaria, L50, F|100/100\n|-ability|p1b: Altaria|Cloud Nine\n|turn|4\n|\n|t:|1776019593\n|switch|p2b: Heracross|Heracross, L50, F|100/100\n|switch|p2a: Incineroar|Incineroar, L50, F|100/100\n|-ability|p2a: Incineroar|Intimidate|boost\n|-unboost|p1a: Incineroar|atk|1\n|-unboost|p1b: Altaria|atk|1\n|move|p1b: Altaria|Breaking Swipe|p2b: Heracross|[spread] p2a,p2b\n|-damage|p2a: Incineroar|93/100\n|-damage|p2b: Heracross|90/100\n|-unboost|p2a: Incineroar|atk|1\n|-unboost|p2b: Heracross|atk|1\n|move|p1a: Incineroar|Flare Blitz|p2b: Heracross\n|-supereffective|p2b: Heracross|1\n|-damage|p2b: Heracross|0 fnt\n|faint|p2b: Heracross\n|-damage|p1a: Incineroar|75/100|[from] Recoil\n|\n|-sideend|p2: NiteLiteFGC|move: Tailwind\n|upkeep\n|\n|t:|1776019614\n|switch|p2b: Gallade|Gallade, L50, M|100/100\n|turn|5\n|\n|t:|1776019636\n|switch|p1a: Sinistcha|Sinistcha, L50|100/100\n|move|p2a: Incineroar|Fake Out|p1a: Sinistcha\n|-immune|p1a: Sinistcha\n|move|p2b: Gallade|Sacred Sword|p1a: Sinistcha\n|-immune|p1a: Sinistcha\n|move|p1b: Altaria|Roar|p1a: Sinistcha\n|drag|p1a: Incineroar|Incineroar, L50, F|75/100\n|-ability|p1a: Incineroar|Intimidate|boost\n|-unboost|p2a: Incineroar|atk|1\n|-unboost|p2b: Gallade|atk|1\n|\n|upkeep\n|turn|6\n|c|\u2606NiteLiteFGC|:0\n|\n|t:|1776019666\n|switch|p2b: Whimsicott|Whimsicott, L50, M|100/100\n|move|p1a: Incineroar|Fake Out|p2b: Whimsicott\n|-damage|p2b: Whimsicott|85/100\n|move|p1b: Altaria|Breaking Swipe|p2b: Whimsicott|[spread] p2a\n|-immune|p2b: Whimsicott\n|-damage|p2a: Incineroar|85/100\n|-unboost|p2a: Incineroar|atk|1\n|move|p2a: Incineroar|Taunt|p1b: Altaria\n|-start|p1b: Altaria|move: Taunt\n|\n|upkeep\n|turn|7\n|\n|t:|1776019693\n|switch|p1a: Sinistcha|Sinistcha, L50|100/100\n|move|p2b: Whimsicott|Moonblast|p1b: Altaria\n|-supereffective|p1b: Altaria|1\n|-damage|p1b: Altaria|41/100\n|move|p1b: Altaria|Breaking Swipe|p2a: Incineroar|[spread] p2a\n|-immune|p2b: Whimsicott\n|-damage|p2a: Incineroar|79/100\n|-unboost|p2a: Incineroar|atk|1\n|move|p2a: Incineroar|Parting Shot|p1a: Sinistcha\n|-unboost|p1a: Sinistcha|atk|1\n|-unboost|p1a: Sinistcha|spa|1\n|\n|t:|1776019706\n|switch|p2a: Gallade|Gallade, L50, M|100/100|[from] Parting Shot\n|\n|upkeep\n|turn|8\n|-message|GeneralTarheel forfeited.\n|\n|win|NiteLiteFGC\n|raw|GeneralTarheel's rating: 1071 &rarr; <strong>1049</strong><br />(-22 for losing)\n|raw|NiteLiteFGC's rating: 1046 &rarr; <strong>1081</strong><br />(+35 for winning)\n|l|\u2606GeneralTarheel\n|player|p1|\n|c|\u2606NiteLiteFGC|gg\n",
  "uploadtime": 1776019736,
  "views": 17,
  "formatid": "gen9championsvgc2026regma",
  "rating": 1049,
  "private": 0,
  "password": null
}