{
  "id": "gen9championsvgc2026regma-2588688099",
  "format": "[Gen 9 Champions] VGC 2026 Reg M-A",
  "players": [
    "Pinkle222",
    "berylliumj"
  ],
  "log": "|j|\u2606Pinkle222\n|j|\u2606berylliumj\n|t:|1776657881\n|gametype|doubles\n|player|p1|Pinkle222|proton|1068\n|player|p2|berylliumj|elesa|1113\n|gen|9\n|tier|[Gen 9 Champions] VGC 2026 Reg M-A\n|rated|\n|rule|Species Clause: Limit one of each Pok\u00e9mon\n|rule|Item Clause: Limit 1 of each item\n|clearpoke\n|poke|p1|Torterra, L50, M|\n|poke|p1|Torkoal, L50, F|\n|poke|p1|Incineroar, L50, F|\n|poke|p1|Chimecho, L50, F|\n|poke|p1|Clefable, L50, F|\n|poke|p1|Farigiraf, L50, F|\n|poke|p2|Delphox, L50, F|\n|poke|p2|Sneasler, L50, M|\n|poke|p2|Aegislash, L50, M|\n|poke|p2|Whimsicott, L50, F|\n|poke|p2|Basculegion, L50, M|\n|poke|p2|Farigiraf, L50, M|\n|teampreview|4\n|inactive|Battle timer is ON: inactive players will automatically lose when time's up. (requested by berylliumj)\n|inactive|Pinkle222 has 60 seconds left.\nberylliumj rejected open team sheets.\n|\n|t:|1776657921\n|teamsize|p1|4\n|teamsize|p2|4\n|start\n|switch|p1a: Incineroar|Incineroar, L50, F|100/100\n|switch|p1b: Chimecho|Chimecho, L50, F|100/100\n|switch|p2a: Delphox|Delphox, L50, F|100/100\n|switch|p2b: Farigiraf|Farigiraf, L50, M|100/100\n|-ability|p1a: Incineroar|Intimidate|boost\n|-unboost|p2a: Delphox|atk|1\n|-unboost|p2b: Farigiraf|atk|1\n|turn|1\n|\n|t:|1776657939\n|detailschange|p2a: Delphox|Delphox-Mega, L50, F\n|-mega|p2a: Delphox|Delphox|Delphoxite\n|move|p2b: Farigiraf|Helping Hand|p2a: Delphox\n|-singleturn|p2a: Delphox|Helping Hand|[of] p2b: Farigiraf\n|move|p1a: Incineroar|Fake Out||[still]\n|cant|p2b: Farigiraf|ability: Armor Tail|Fake Out|[of] p1a: Incineroar\n|move|p2a: Delphox|Scorching Sands|p1a: Incineroar\n|-supereffective|p1a: Incineroar|1\n|-damage|p1a: Incineroar|32/100\n|-enditem|p1a: Incineroar|Sitrus Berry|[eat]\n|-heal|p1a: Incineroar|57/100|[from] item: Sitrus Berry\n|move|p1b: Chimecho|Trick Room|p1b: Chimecho\n|-fieldstart|move: Trick Room|[of] p1b: Chimecho\n|\n|upkeep\n|turn|2\n|inactive|Pinkle222 has 30 seconds left.\n|\n|t:|1776657966\n|move|p2a: Delphox|Protect|p2a: Delphox\n|-singleturn|p2a: Delphox|Protect\n|move|p1a: Incineroar|Parting Shot|p2a: Delphox\n|-activate|p2a: Delphox|move: Protect\n|move|p1b: Chimecho|Extrasensory|p2a: Delphox\n|-activate|p2a: Delphox|move: Protect\n|move|p2b: Farigiraf|Trick Room|p2b: Farigiraf\n|-fieldend|move: Trick Room\n|\n|upkeep\n|turn|3\n|\n|t:|1776657987\n|switch|p1b: Clefable|Clefable, L50, F|100/100\n|move|p2a: Delphox|Scorching Sands|p1a: Incineroar\n|-supereffective|p1a: Incineroar|1\n|-damage|p1a: Incineroar|13/100\n|move|p2b: Farigiraf|Imprison|p2b: Farigiraf\n|-start|p2b: Farigiraf|move: Imprison\n|move|p1a: Incineroar|Parting Shot|p2a: Delphox\n|-unboost|p2a: Delphox|atk|1\n|-unboost|p2a: Delphox|spa|1\n|\n|t:|1776658008\n|switch|p1a: Torterra|Torterra, L50, M|100/100|[from] Parting Shot\n|\n|upkeep\n|turn|4\n|\n|t:|1776658029\n|switch|p2a: Sneasler|Sneasler, L50, M|100/100\n|detailschange|p1b: Clefable|Clefable-Mega, L50, F\n|-mega|p1b: Clefable|Clefable|Clefablite\n|move|p1b: Clefable|Follow Me|p1b: Clefable\n|-singleturn|p1b: Clefable|move: Follow Me\n|move|p2b: Farigiraf|Psychic|p1b: Clefable\n|-damage|p1b: Clefable|77/100\n|move|p1a: Torterra|Body Slam|p2a: Sneasler\n|-damage|p2a: Sneasler|52/100\n|\n|upkeep\n|turn|5\n|inactive|berylliumj has 30 seconds left.\n|\n|t:|1776658055\n|move|p2b: Farigiraf|Helping Hand|p2a: Sneasler\n|-singleturn|p2a: Sneasler|Helping Hand|[of] p2b: Farigiraf\n|move|p1a: Torterra|Protect|p1a: Torterra\n|-singleturn|p1a: Torterra|Protect\n|move|p2a: Sneasler|Dire Claw|p1b: Clefable\n|-supereffective|p1b: Clefable|1\n|-damage|p1b: Clefable|0 fnt\n|faint|p1b: Clefable\n|\n|upkeep\n|\n|t:|1776658066\n|switch|p1b: Chimecho|Chimecho, L50, F|100/100\n|turn|6\n|inactive|Pinkle222 has 30 seconds left.\n|\n|t:|1776658094\n|switch|p2a: Basculegion|Basculegion, L50, M|100/100\n|move|p1b: Chimecho|Dazzling Gleam|p2b: Farigiraf|[spread] p2a,p2b\n|-damage|p2a: Basculegion|78/100\n|-damage|p2b: Farigiraf|85/100\n|move|p2b: Farigiraf|Psychic|p1a: Torterra\n|-damage|p1a: Torterra|57/100\n|move|p1a: Torterra|Earthquake|p2a: Basculegion|[spread] p2a,p2b\n|-immune|p1b: Chimecho|[from] ability: Levitate\n|-damage|p2a: Basculegion|29/100\n|-damage|p2b: Farigiraf|49/100\n|\n|-heal|p2b: Farigiraf|55/100|[from] item: Leftovers\n|-heal|p1a: Torterra|63/100|[from] item: Leftovers\n|upkeep\n|turn|7\n|inactive|Pinkle222 has 30 seconds left.\n|\n|t:|1776658123\n|move|p2a: Basculegion|Last Respects|p1b: Chimecho\n|-supereffective|p1b: Chimecho|1\n|-damage|p1b: Chimecho|26/100\n|move|p1b: Chimecho|Flash Cannon|p2b: Farigiraf\n|-damage|p2b: Farigiraf|30/100\n|move|p2b: Farigiraf|Psychic|p1a: Torterra\n|-damage|p1a: Torterra|21/100\n|move|p1a: Torterra|Wood Hammer|p2b: Farigiraf\n|-damage|p2b: Farigiraf|0 fnt\n|faint|p2b: Farigiraf\n|-damage|p1a: Torterra|10/100|[from] Recoil\n|\n|-heal|p1a: Torterra|16/100|[from] item: Leftovers\n|upkeep\n|\n|t:|1776658142\n|switch|p2b: Sneasler|Sneasler, L50, M|52/100\n|turn|8\n|\n|t:|1776658148\n|move|p1a: Torterra|Protect|p1a: Torterra\n|-singleturn|p1a: Torterra|Protect\n|move|p2b: Sneasler|Fake Out|p1b: Chimecho\n|-damage|p1b: Chimecho|10/100\n|-status|p1b: Chimecho|psn|[from] ability: Poison Touch|[of] p2b: Sneasler\n|move|p2a: Basculegion|Last Respects|p1b: Chimecho\n|-supereffective|p1b: Chimecho|1\n|-crit|p1b: Chimecho\n|-damage|p1b: Chimecho|0 fnt\n|faint|p1b: Chimecho\n|\n|-heal|p1a: Torterra|22/100|[from] item: Leftovers\n|upkeep\n|\n|t:|1776658162\n|switch|p1b: Incineroar|Incineroar, L50, F|13/100\n|-ability|p1b: Incineroar|Intimidate|boost\n|-unboost|p2a: Basculegion|atk|1\n|-unboost|p2b: Sneasler|atk|1\n|turn|9\n|\n|t:|1776658172\n|move|p2b: Sneasler|Upper Hand|p1b: Incineroar\n|-supereffective|p1b: Incineroar|1\n|-damage|p1b: Incineroar|0 fnt\n|faint|p1b: Incineroar\n|move|p2a: Basculegion|Last Respects|p1a: Torterra\n|-crit|p1a: Torterra\n|-damage|p1a: Torterra|0 fnt\n|faint|p1a: Torterra\n|\n|win|berylliumj\n|raw|Pinkle222's rating: 1068 &rarr; <strong>1050</strong><br />(-18 for losing)\n|raw|berylliumj's rating: 1113 &rarr; <strong>1135</strong><br />(+22 for winning)\n|l|\u2606Pinkle222\n|player|p1|\n",
  "uploadtime": 1776658195,
  "views": 9,
  "formatid": "gen9championsvgc2026regma",
  "rating": 1050,
  "private": 0,
  "password": null
}