{
  "id": "gen9championsvgc2026regma-2586360015",
  "format": "[Gen 9 Champions] VGC 2026 Reg M-A",
  "players": [
    "eribri",
    "UltraHatrick"
  ],
  "log": "|j|\u2606eribri\n|j|\u2606UltraHatrick\n|t:|1776428668\n|gametype|doubles\n|player|p1|eribri|lady-gen4|1141\n|player|p2|UltraHatrick|steven|1050\n|gen|9\n|tier|[Gen 9 Champions] VGC 2026 Reg M-A\n|rated|\n|rule|Species Clause: Limit one of each Pok\u00e9mon\n|rule|Item Clause: Limit 1 of each item\n|clearpoke\n|poke|p1|Floette-Eternal, L50, F|\n|poke|p1|Maushold, L50|\n|poke|p1|Garchomp, L50, M|\n|poke|p1|Talonflame, L50, F|\n|poke|p1|Rotom-Wash, L50|\n|poke|p1|Aegislash, L50, F|\n|poke|p2|Gengar, L50, F|\n|poke|p2|Incineroar, L50, F|\n|poke|p2|Vanilluxe, L50, M|\n|poke|p2|Hawlucha, L50, F|\n|poke|p2|Sinistcha-Masterpiece, L50|\n|poke|p2|Kommo-o, L50, F|\n|teampreview|4\n|\n|t:|1776428702\n|teamsize|p1|4\n|teamsize|p2|4\n|start\n|switch|p1a: Talonflame|Talonflame, L50, F|100/100\n|switch|p1b: Aegislash|Aegislash, L50, F, shiny|100/100\n|switch|p2a: Vanilluxe|Vanilluxe, L50, M|100/100\n|switch|p2b: Hawlucha|Hawlucha, L50, F|100/100\n|-weather|Snowscape|[from] ability: Snow Warning|[of] p2a: Vanilluxe\n|turn|1\n|inactive|Battle timer is ON: inactive players will automatically lose when time's up. (requested by eribri)\n|\n|t:|1776428718\n|-formechange|p1b: Aegislash|Aegislash-Blade|\n|move|p1b: Aegislash|Shadow Sneak|p2a: Vanilluxe\n|-damage|p2a: Vanilluxe|73/100\n|move|p1a: Talonflame|Flare Blitz|p2a: Vanilluxe\n|-supereffective|p2a: Vanilluxe|1\n|-damage|p2a: Vanilluxe|0 fnt\n|faint|p2a: Vanilluxe\n|-damage|p1a: Talonflame|77/100|[from] Recoil\n|move|p2b: Hawlucha|Stone Edge|p1a: Talonflame\n|-supereffective|p1a: Talonflame|2\n|-damage|p1a: Talonflame|0 fnt\n|faint|p1a: Talonflame\n|\n|-weather|Snowscape|[upkeep]\n|upkeep\n|\n|t:|1776428737\n|switch|p1a: Floette|Floette-Eternal, L50, F|100/100\n|switch|p2a: Gengar|Gengar, L50, F|100/100\n|turn|2\n|\n|t:|1776428760\n|detailschange|p2a: Gengar|Gengar-Mega, L50, F\n|-mega|p2a: Gengar|Gengar|Gengarite\n|detailschange|p1a: Floette|Floette-Mega, L50, F\n|-mega|p1a: Floette|Floette|Floettite\n|-ability|p1a: Floette|Fairy Aura\n|move|p2a: Gengar|Protect|p2a: Gengar\n|-singleturn|p2a: Gengar|Protect\n|move|p1a: Floette|Protect|p1a: Floette\n|-singleturn|p1a: Floette|Protect\n|move|p2b: Hawlucha|Entrainment||[still]\n|-fail|p2b: Hawlucha\n|move|p1b: Aegislash|Poltergeist|p2a: Gengar\n|-activate|p2a: Gengar|move: Protect\n|\n|-weather|Snowscape|[upkeep]\n|upkeep\n|turn|3\n|inactive|eribri has 30 seconds left.\n|\n|t:|1776428786\n|move|p2a: Gengar|Shadow Ball|p1b: Aegislash\n|-supereffective|p1b: Aegislash|1\n|-damage|p1b: Aegislash|0 fnt\n|faint|p1b: Aegislash\n|move|p2b: Hawlucha|Encore|p1a: Floette\n|-start|p1a: Floette|Encore\n|move|p1a: Floette|Protect||[still]\n|-fail|p1a: Floette\n|\n|-weather|Snowscape|[upkeep]\n|upkeep\n|\n|t:|1776428791\n|switch|p1b: Maushold|Maushold, L50|100/100\n|turn|4\n|inactive|eribri has 30 seconds left.\n|\n|t:|1776428818\n|move|p1a: Floette|Protect|p1a: Floette\n|-singleturn|p1a: Floette|Protect\n|move|p1b: Maushold|Follow Me|p1b: Maushold\n|-singleturn|p1b: Maushold|move: Follow Me\n|move|p2a: Gengar|Perish Song|p2a: Gengar\n|-start|p1a: Floette|perish3|[silent]\n|-start|p1b: Maushold|perish3|[silent]\n|-start|p2a: Gengar|perish3|[silent]\n|-start|p2b: Hawlucha|perish3|[silent]\n|-fieldactivate|move: Perish Song\n|move|p2b: Hawlucha|Close Combat|p1b: Maushold\n|-supereffective|p1b: Maushold|1\n|-enditem|p1b: Maushold|Focus Sash\n|-damage|p1b: Maushold|1/100\n|-unboost|p2b: Hawlucha|def|1\n|-unboost|p2b: Hawlucha|spd|1\n|\n|-weather|Snowscape|[upkeep]\n|-start|p2a: Gengar|perish3\n|-start|p2b: Hawlucha|perish3\n|-start|p1b: Maushold|perish3\n|-start|p1a: Floette|perish3\n|upkeep\n|turn|5\n|inactive|UltraHatrick has 30 seconds left.\n|\n|t:|1776428849\n|move|p1a: Floette|Protect||[still]\n|-fail|p1a: Floette\n|move|p2a: Gengar|Shadow Ball|p1a: Floette\n|-damage|p1a: Floette|71/100\n|move|p2b: Hawlucha|Close Combat|p1b: Maushold\n|-supereffective|p1b: Maushold|1\n|-damage|p1b: Maushold|0 fnt\n|-unboost|p2b: Hawlucha|def|1\n|-unboost|p2b: Hawlucha|spd|1\n|faint|p1b: Maushold\n|\n|-weather|none\n|-end|p1a: Floette|Encore\n|-start|p2a: Gengar|perish2\n|-start|p2b: Hawlucha|perish2\n|-start|p1a: Floette|perish2\n|upkeep\n|turn|6\n|\n|t:|1776428869\n|move|p2a: Gengar|Protect|p2a: Gengar\n|-singleturn|p2a: Gengar|Protect\n|move|p2b: Hawlucha|Encore|p1a: Floette\n|-start|p1a: Floette|Encore\n|move|p1a: Floette|Protect||[still]\n|-fail|p1a: Floette\n|\n|-start|p2a: Gengar|perish1\n|-start|p2b: Hawlucha|perish1\n|-start|p1a: Floette|perish1\n|upkeep\n|turn|7\n|-message|eribri forfeited.\n|\n|win|UltraHatrick\n|raw|eribri's rating: 1141 &rarr; <strong>1110</strong><br />(-31 for losing)\n|raw|UltraHatrick's rating: 1050 &rarr; <strong>1091</strong><br />(+41 for winning)\n|l|\u2606eribri\n|player|p1|\n",
  "uploadtime": 1776428881,
  "views": 32,
  "formatid": "gen9championsvgc2026regma",
  "rating": 1091,
  "private": 0,
  "password": null
}