{
  "id": "gen9championsvgc2026regma-2582368844",
  "format": "[Gen 9 Champions] VGC 2026 Reg M-A",
  "players": [
    "bettercallsauls",
    "icantmakenewmetas"
  ],
  "log": "|j|\u2606bettercallsauls\n|j|\u2606icantmakenewmetas\n|t:|1776086959\n|gametype|doubles\n|player|p1|bettercallsauls|fantina|1101\n|player|p2|icantmakenewmetas|colress|1073\n|gen|9\n|tier|[Gen 9 Champions] VGC 2026 Reg M-A\n|rated|\n|rule|Species Clause: Limit one of each Pok\u00e9mon\n|rule|Item Clause: Limit 1 of each item\n|clearpoke\n|poke|p1|Incineroar, L50, M|\n|poke|p1|Meganium, L50, M|\n|poke|p1|Pelipper, L50, M|\n|poke|p1|Archaludon, L50, F|\n|poke|p1|Sinistcha, L50|\n|poke|p1|Basculegion, L50, M|\n|poke|p2|Starmie, L50|\n|poke|p2|Rotom-Wash, L50|\n|poke|p2|Aegislash, L50, M|\n|poke|p2|Mamoswine, L50, F|\n|poke|p2|Talonflame, L50, M|\n|poke|p2|Tyranitar, L50, F|\n|teampreview|4\nbettercallsauls has agreed to open team sheets.\n|inactive|Battle timer is ON: inactive players will automatically lose when time's up. (requested by icantmakenewmetas)\n|\n|t:|1776087012\n|teamsize|p1|4\n|teamsize|p2|4\n|start\n|switch|p1a: Meganium|Meganium, L50, M|100/100\n|switch|p1b: Incineroar|Incineroar, L50, M|100/100\n|switch|p2a: Rotom|Rotom-Wash, L50|100/100\n|switch|p2b: Mamoswine|Mamoswine, L50, F|100/100\n|-ability|p1b: Incineroar|Intimidate|boost\n|-unboost|p2a: Rotom|atk|1\n|-fail|p2b: Mamoswine|unboost|Attack|[from] ability: Oblivious|[of] p2b: Mamoswine\n|turn|1\n|\n|t:|1776087030\n|detailschange|p1a: Meganium|Meganium-Mega, L50, M\n|-mega|p1a: Meganium|Meganium|Meganiumite\n|move|p2b: Mamoswine|Protect|p2b: Mamoswine\n|-singleturn|p2b: Mamoswine|Protect\n|move|p2a: Rotom|Protect|p2a: Rotom\n|-singleturn|p2a: Rotom|Protect\n|move|p1b: Incineroar|Fake Out|p2b: Mamoswine\n|-activate|p2b: Mamoswine|move: Protect\n|move|p1a: Meganium|Solar Beam||[still]\n|-prepare|p1a: Meganium|Solar Beam\n|-activate|p1a: Meganium|ability: Mega Sol\n|-anim|p1a: Meganium|Solar Beam|p2a: Rotom\n|-activate|p2a: Rotom|move: Protect\n|\n|upkeep\n|turn|2\n|\n|t:|1776087046\n|move|p2a: Rotom|Helping Hand|p2b: Mamoswine\n|-singleturn|p2b: Mamoswine|Helping Hand|[of] p2a: Rotom\n|move|p2b: Mamoswine|Icicle Crash|p1a: Meganium\n|-supereffective|p1a: Meganium|1\n|-damage|p1a: Meganium|0 fnt\n|faint|p1a: Meganium\n|move|p1b: Incineroar|Parting Shot|p2b: Mamoswine\n|-unboost|p2b: Mamoswine|atk|1\n|-unboost|p2b: Mamoswine|spa|1\n|\n|t:|1776087055\n|switch|p1b: Pelipper|Pelipper, L50, M|100/100|[from] Parting Shot\n|-weather|RainDance|[from] ability: Drizzle|[of] p1b: Pelipper\n|\n|-weather|RainDance|[upkeep]\n|upkeep\n|\n|t:|1776087063\n|switch|p1a: Basculegion|Basculegion, L50, M|100/100\n|turn|3\n|c|\u2606bettercallsauls|dude I was using that\n|inactive|icantmakenewmetas has 30 seconds left.\n|\n|t:|1776087093\n|move|p2b: Mamoswine|Protect|p2b: Mamoswine\n|-singleturn|p2b: Mamoswine|Protect\n|move|p1b: Pelipper|Protect|p1b: Pelipper\n|-singleturn|p1b: Pelipper|Protect\n|move|p1a: Basculegion|Flip Turn|p2b: Mamoswine\n|-activate|p2b: Mamoswine|move: Protect\n|move|p2a: Rotom|Thunderbolt|p1a: Basculegion\n|-supereffective|p1a: Basculegion|1\n|-damage|p1a: Basculegion|39/100\n|\n|-weather|RainDance|[upkeep]\n|upkeep\n|turn|4\n|\n|t:|1776087118\n|switch|p1b: Incineroar|Incineroar, L50, M|100/100\n|-ability|p1b: Incineroar|Intimidate|boost\n|-unboost|p2a: Rotom|atk|1\n|-fail|p2b: Mamoswine|unboost|Attack|[from] ability: Oblivious|[of] p2b: Mamoswine\n|move|p1a: Basculegion|Flip Turn|p2b: Mamoswine\n|-supereffective|p2b: Mamoswine|1\n|-enditem|p2b: Mamoswine|Focus Sash\n|-damage|p2b: Mamoswine|1/100\n|\n|t:|1776087125\n|switch|p1a: Pelipper|Pelipper, L50, M|100/100|[from] Flip Turn\n|move|p2b: Mamoswine|Trailblaze|p1a: Pelipper\n|-damage|p1a: Pelipper|92/100\n|-boost|p2b: Mamoswine|spe|1\n|move|p2a: Rotom|Thunderbolt|p1b: Incineroar\n|-damage|p1b: Incineroar|70/100\n|\n|-weather|RainDance|[upkeep]\n|upkeep\n|turn|5\n|inactive|bettercallsauls has 30 seconds left.\n|inactive|icantmakenewmetas has 30 seconds left.\n|\n|t:|1776087153\n|switch|p2a: Tyranitar|Tyranitar, L50, F|100/100\n|-weather|Sandstorm|[from] ability: Sand Stream|[of] p2a: Tyranitar\n|move|p1b: Incineroar|Fake Out|p2a: Tyranitar\n|-resisted|p2a: Tyranitar|1\n|-damage|p2a: Tyranitar|95/100\n|move|p2b: Mamoswine|Earthquake|p1a: Pelipper|[spread] p2a,p1b\n|-immune|p1a: Pelipper\n|-supereffective|p2a: Tyranitar|1\n|-supereffective|p1b: Incineroar|1\n|-crit|p1b: Incineroar\n|-damage|p2a: Tyranitar|50/100\n|-damage|p1b: Incineroar|0 fnt\n|faint|p1b: Incineroar\n|move|p1a: Pelipper|Tailwind|p1a: Pelipper\n|-sidestart|p1: bettercallsauls|move: Tailwind\n|\n|-weather|Sandstorm|[upkeep]\n|-damage|p1a: Pelipper|86/100|[from] Sandstorm\n|upkeep\n|\n|t:|1776087169\n|switch|p1b: Basculegion|Basculegion, L50, M|39/100\n|turn|6\n|\n|t:|1776087185\n|move|p2b: Mamoswine|Protect|p2b: Mamoswine\n|-singleturn|p2b: Mamoswine|Protect\n|move|p1b: Basculegion|Last Respects|p2a: Tyranitar\n|-resisted|p2a: Tyranitar|1\n|-crit|p2a: Tyranitar\n|-damage|p2a: Tyranitar|0 fnt\n|faint|p2a: Tyranitar\n|move|p1a: Pelipper|Weather Ball|p2b: Mamoswine\n|-activate|p2b: Mamoswine|move: Protect\n|\n|-weather|Sandstorm|[upkeep]\n|-damage|p1b: Basculegion|33/100|[from] Sandstorm\n|-damage|p1a: Pelipper|80/100|[from] Sandstorm\n|upkeep\n|\n|t:|1776087196\n|switch|p2a: Talonflame|Talonflame, L50, M|100/100\n|turn|7\n|\n|t:|1776087212\n|move|p2a: Talonflame|Tailwind|p2a: Talonflame\n|-sidestart|p2: icantmakenewmetas|move: Tailwind\n|move|p2b: Mamoswine|Earthquake|p1a: Pelipper|[spread] p1b\n|-immune|p2a: Talonflame\n|-immune|p1a: Pelipper\n|-damage|p1b: Basculegion|4/100\n|move|p1b: Basculegion|Last Respects|p2b: Mamoswine\n|-damage|p2b: Mamoswine|0 fnt\n|faint|p2b: Mamoswine\n|move|p1a: Pelipper|Weather Ball|p2a: Talonflame\n|-supereffective|p2a: Talonflame|2\n|-damage|p2a: Talonflame|0 fnt\n|faint|p2a: Talonflame\n|\n|-weather|Sandstorm|[upkeep]\n|-damage|p1b: Basculegion|0 fnt|[from] Sandstorm\n|-damage|p1a: Pelipper|74/100|[from] Sandstorm\n|faint|p1b: Basculegion\n|upkeep\n|\n|t:|1776087236\n|switch|p2b: Rotom|Rotom-Wash, L50|100/100\n|turn|8\n|c|\u2606bettercallsauls|pelipper\n|\n|t:|1776087242\n|move|p2b: Rotom|Thunderbolt|p1a: Pelipper\n|-supereffective|p1a: Pelipper|2\n|-damage|p1a: Pelipper|0 fnt\n|faint|p1a: Pelipper\n|\n|win|icantmakenewmetas\n|raw|bettercallsauls's rating: 1101 &rarr; <strong>1074</strong><br />(-27 for losing)\n|raw|icantmakenewmetas's rating: 1073 &rarr; <strong>1104</strong><br />(+31 for winning)\n|c|\u2606icantmakenewmetas|pelipper\n",
  "uploadtime": 1776087252,
  "views": 13,
  "formatid": "gen9championsvgc2026regma",
  "rating": 1074,
  "private": 0,
  "password": null
}