{
  "id": "gen9championsvgc2026regma-2582167186",
  "format": "[Gen 9 Champions] VGC 2026 Reg M-A",
  "players": [
    "brzusg",
    "labaladecos"
  ],
  "log": "|j|\u2606brzusg\n|j|\u2606labaladecos\n|t:|1776066550\n|gametype|doubles\n|player|p1|brzusg|n|1151\n|player|p2|labaladecos|hugh|1181\n|gen|9\n|tier|[Gen 9 Champions] VGC 2026 Reg M-A\n|rated|\n|rule|Species Clause: Limit one of each Pok\u00e9mon\n|rule|Item Clause: Limit 1 of each item\n|clearpoke\n|poke|p1|Kangaskhan, L50, F|\n|poke|p1|Sneasler, L50, M|\n|poke|p1|Hydreigon, L50, M|\n|poke|p1|Arcanine, L50, F|\n|poke|p1|Aegislash, L50, F|\n|poke|p1|Gyarados, L50, M|\n|poke|p2|Charizard, L50, F|\n|poke|p2|Whimsicott, L50, M|\n|poke|p2|Kingambit, L50, F|\n|poke|p2|Garchomp, L50, M|\n|poke|p2|Incineroar, L50, M|\n|poke|p2|Sneasler, L50, F|\n|teampreview|4\n|inactive|Battle timer is ON: inactive players will automatically lose when time's up. (requested by labaladecos)\nbrzusg has agreed to open team sheets.\n|\n|t:|1776066588\n|teamsize|p1|4\n|teamsize|p2|4\n|start\n|switch|p1a: Arcanine|Arcanine, L50, F|100/100\n|switch|p1b: Sneasler|Sneasler, L50, M|100/100\n|switch|p2a: Sneasler|Sneasler, L50, F|100/100\n|switch|p2b: Charizard|Charizard, L50, F, shiny|100/100\n|-ability|p1a: Arcanine|Intimidate|boost\n|-unboost|p2a: Sneasler|atk|1\n|-unboost|p2b: Charizard|atk|1\n|turn|1\n|inactive|brzusg has 30 seconds left.\n|inactive|labaladecos has 30 seconds left.\n|inactive|labaladecos has 20 seconds left.\n|inactive|labaladecos has 15 seconds left.\n|inactive|labaladecos has 10 seconds left.\n|inactive|labaladecos has 5 seconds left.\n|\n|t:|1776066644\n|switch|p1a: Kangaskhan|Kangaskhan, L50, F, shiny|100/100\n|move|p1b: Sneasler|Fake Out|p2b: Charizard\n|-damage|p2b: Charizard|82/100\n|move|p2a: Sneasler|Fake Out|p1b: Sneasler\n|-damage|p1b: Sneasler|84/100\n|cant|p2b: Charizard|flinch\n|\n|upkeep\n|turn|2\n|\n|t:|1776066661\n|detailschange|p2b: Charizard|Charizard-Mega-Y, L50, F, shiny\n|-mega|p2b: Charizard|Charizard|Charizardite Y\n|-weather|SunnyDay|[from] ability: Drought|[of] p2b: Charizard\n|detailschange|p1a: Kangaskhan|Kangaskhan-Mega, L50, F, shiny\n|-mega|p1a: Kangaskhan|Kangaskhan|Kangaskhanite\n|move|p1a: Kangaskhan|Fake Out|p2b: Charizard\n|-damage|p2b: Charizard|54/100\n|-damage|p2b: Charizard|48/100\n|-hitcount|p2b: Charizard|2\n|move|p1b: Sneasler|Dire Claw|p2b: Charizard\n|-damage|p2b: Charizard|0 fnt\n|faint|p2b: Charizard\n|move|p2a: Sneasler|Close Combat|p1a: Kangaskhan\n|-supereffective|p1a: Kangaskhan|1\n|-damage|p1a: Kangaskhan|17/100\n|-unboost|p2a: Sneasler|def|1\n|-unboost|p2a: Sneasler|spd|1\n|\n|-weather|SunnyDay|[upkeep]\n|upkeep\n|\n|t:|1776066678\n|switch|p2b: Whimsicott|Whimsicott, L50, M|100/100\n|turn|3\n|\n|t:|1776066688\n|move|p2b: Whimsicott|Tailwind|p2b: Whimsicott\n|-sidestart|p2: labaladecos|move: Tailwind\n|move|p2a: Sneasler|Dire Claw|p1b: Sneasler\n|-resisted|p1b: Sneasler|1\n|-damage|p1b: Sneasler|59/100\n|move|p1b: Sneasler|Dire Claw|p2b: Whimsicott\n|-supereffective|p2b: Whimsicott|2\n|-enditem|p2b: Whimsicott|Focus Sash\n|-damage|p2b: Whimsicott|1/100\n|move|p1a: Kangaskhan|Double-Edge|p2a: Sneasler\n|-damage|p2a: Sneasler|0 fnt\n|faint|p2a: Sneasler\n|-hitcount|p2: Sneasler|1\n|-damage|p1a: Kangaskhan|0 fnt|[from] Recoil\n|faint|p1a: Kangaskhan\n|\n|-weather|SunnyDay|[upkeep]\n|upkeep\n|\n|t:|1776066706\n|switch|p2a: Kingambit|Kingambit, L50, F|100/100\n|switch|p1a: Aegislash|Aegislash, L50, F|100/100\n|turn|4\n|inactive|brzusg has 30 seconds left.\n|inactive|brzusg has 20 seconds left.\n|inactive|brzusg has 15 seconds left.\n|inactive|brzusg has 10 seconds left.\n|\n|t:|1776066752\n|move|p2b: Whimsicott|Encore|p1b: Sneasler\n|-start|p1b: Sneasler|Encore\n|move|p1b: Sneasler|Dire Claw|p2a: Kingambit\n|-immune|p2a: Kingambit\n|move|p2a: Kingambit|Swords Dance|p2a: Kingambit\n|-boost|p2a: Kingambit|atk|2\n|move|p1a: Aegislash|Substitute|p1a: Aegislash\n|-start|p1a: Aegislash|Substitute\n|-damage|p1a: Aegislash|76/100\n|\n|-weather|SunnyDay|[upkeep]\n|-heal|p1a: Aegislash|82/100|[from] item: Leftovers\n|upkeep\n|turn|5\n|inactive|brzusg has 30 seconds left.\n|inactive|labaladecos has 30 seconds left.\n|inactive|brzusg has 20 seconds left.\n|inactive|labaladecos has 20 seconds left.\n|inactive|labaladecos has 15 seconds left.\n|inactive|labaladecos has 10 seconds left.\n|inactive|labaladecos has 5 seconds left.\n|\n|t:|1776066805\n|switch|p1a: Arcanine|Arcanine, L50, F|100/100\n|-ability|p1a: Arcanine|Intimidate|boost\n|-unboost|p2a: Kingambit|atk|1\n|-ability|p2a: Kingambit|Defiant|boost\n|-boost|p2a: Kingambit|atk|2\n|-unboost|p2b: Whimsicott|atk|1\n|move|p2b: Whimsicott|Moonblast|p1b: Sneasler\n|-damage|p1b: Sneasler|11/100\n|move|p1b: Sneasler|Dire Claw|p2b: Whimsicott\n|-supereffective|p2b: Whimsicott|2\n|-damage|p2b: Whimsicott|0 fnt\n|faint|p2b: Whimsicott\n|move|p2a: Kingambit|Kowtow Cleave|p1b: Sneasler\n|-resisted|p1b: Sneasler|1\n|-damage|p1b: Sneasler|0 fnt\n|faint|p1b: Sneasler\n|\n|-weather|SunnyDay|[upkeep]\n|upkeep\n|\n|t:|1776066821\n|switch|p1b: Aegislash|Aegislash, L50, F|82/100\n|turn|6\n|inactive|labaladecos has 30 seconds left.\n|\n|t:|1776066846\n|move|p2a: Kingambit|Sucker Punch|p1a: Arcanine\n|-damage|p1a: Arcanine|0 fnt\n|faint|p1a: Arcanine\n|-formechange|p1b: Aegislash|Aegislash-Blade|\n|move|p1b: Aegislash|Flash Cannon|p2a: Kingambit\n|-resisted|p2a: Kingambit|1\n|-damage|p2a: Kingambit|77/100\n|\n|-weather|none\n|-heal|p1b: Aegislash|88/100|[from] item: Leftovers\n|-sideend|p2: labaladecos|move: Tailwind\n|upkeep\n|turn|7\n|\n|t:|1776066860\n|-formechange|p1b: Aegislash|Aegislash|\n|move|p1b: Aegislash|King's Shield|p1b: Aegislash\n|-singleturn|p1b: Aegislash|Protect\n|move|p2a: Kingambit|Protect||[still]\n|-fail|p2a: Kingambit\n|\n|-heal|p1b: Aegislash|94/100|[from] item: Leftovers\n|upkeep\n|turn|8\n|\n|t:|1776066871\n|move|p1b: Aegislash|Substitute|p1b: Aegislash\n|-start|p1b: Aegislash|Substitute\n|-damage|p1b: Aegislash|69/100\n|move|p2a: Kingambit|Kowtow Cleave|p1b: Aegislash\n|-supereffective|p1b: Aegislash|1\n|-end|p1b: Aegislash|Substitute\n|\n|-heal|p1b: Aegislash|76/100|[from] item: Leftovers\n|upkeep\n|turn|9\n|\n|t:|1776066886\n|move|p1b: Aegislash|King's Shield|p1b: Aegislash\n|-singleturn|p1b: Aegislash|Protect\n|move|p2a: Kingambit|Sucker Punch||[still]\n|-fail|p2a: Kingambit\n|\n|-heal|p1b: Aegislash|82/100|[from] item: Leftovers\n|upkeep\n|turn|10\n|\n|t:|1776066899\n|-formechange|p1b: Aegislash|Aegislash-Blade|\n|move|p1b: Aegislash|Flash Cannon|p2a: Kingambit\n|-resisted|p2a: Kingambit|1\n|-damage|p2a: Kingambit|55/100\n|-unboost|p2a: Kingambit|spd|1\n|-ability|p2a: Kingambit|Defiant|boost\n|-boost|p2a: Kingambit|atk|2\n|move|p2a: Kingambit|Kowtow Cleave|p1b: Aegislash\n|-supereffective|p1b: Aegislash|1\n|-damage|p1b: Aegislash|0 fnt\n|faint|p1b: Aegislash\n|\n|win|labaladecos\n|raw|brzusg's rating: 1151 &rarr; <strong>1128</strong><br />(-23 for losing)\n|raw|labaladecos's rating: 1181 &rarr; <strong>1204</strong><br />(+23 for winning)\n|l|\u2606brzusg\n|player|p1|\n",
  "uploadtime": 1776066913,
  "views": 16,
  "formatid": "gen9championsvgc2026regma",
  "rating": 1128,
  "private": 0,
  "password": null
}