{
  "id": "gen9championsvgc2026regma-2583182432",
  "format": "[Gen 9 Champions] VGC 2026 Reg M-A",
  "players": [
    "cros2hine",
    "Kamad3va"
  ],
  "log": "|j|\u2606cros2hine\n|j|\u2606Kamad3va\n|t:|1776151965\n|gametype|doubles\n|player|p1|cros2hine|drayton|1187\n|player|p2|Kamad3va|cynthia|1218\n|gen|9\n|tier|[Gen 9 Champions] VGC 2026 Reg M-A\n|rated|\n|rule|Species Clause: Limit one of each Pok\u00e9mon\n|rule|Item Clause: Limit 1 of each item\n|clearpoke\n|poke|p1|Clefable, L50, F|\n|poke|p1|Feraligatr, L50, F|\n|poke|p1|Aerodactyl, L50, M|\n|poke|p1|Gardevoir, L50, M|\n|poke|p1|Garchomp, L50, F|\n|poke|p1|Incineroar, L50, F|\n|poke|p2|Archaludon, L50, F|\n|poke|p2|Pelipper, L50, F|\n|poke|p2|Farigiraf, L50, F|\n|poke|p2|Sinistcha, L50|\n|poke|p2|Dragonite, L50, M|\n|poke|p2|Incineroar, L50, F|\n|teampreview|4\n|inactive|Battle timer is ON: inactive players will automatically lose when time's up. (requested by cros2hine)\n|\n|t:|1776152003\n|teamsize|p1|4\n|teamsize|p2|4\n|start\n|switch|p1a: Gardevoir|Gardevoir, L50, M|100/100\n|switch|p1b: Garchomp|Garchomp, L50, F|100/100\n|switch|p2a: Archaludon|Archaludon, L50, F|100/100\n|switch|p2b: Pelipper|Pelipper, L50, F|100/100\n|-weather|RainDance|[from] ability: Drizzle|[of] p2b: Pelipper\n|turn|1\n|inactive|Kamad3va has 30 seconds left.\n|inactive|Kamad3va has 20 seconds left.\n|\n|t:|1776152038\n|move|p1a: Gardevoir|Thunderbolt|p2b: Pelipper\n|-supereffective|p2b: Pelipper|2\n|-enditem|p2b: Pelipper|Focus Sash\n|-damage|p2b: Pelipper|1/100\n|move|p1b: Garchomp|Earthquake|p2b: Pelipper|[spread] p2a\n|-activate|p1a: Gardevoir|ability: Telepathy\n|-immune|p2b: Pelipper\n|-supereffective|p2a: Archaludon|1\n|-damage|p2a: Archaludon|49/100\n|-ability|p2a: Archaludon|Stamina|boost\n|-boost|p2a: Archaludon|def|1\n|move|p2b: Pelipper|Tailwind|p2b: Pelipper\n|-sidestart|p2: Kamad3va|move: Tailwind\n|move|p2a: Archaludon|Draco Meteor|p1b: Garchomp\n|-supereffective|p1b: Garchomp|1\n|-damage|p1b: Garchomp|0 fnt\n|-unboost|p2a: Archaludon|spa|2\n|faint|p1b: Garchomp\n|\n|-weather|RainDance|[upkeep]\n|upkeep\n|\n|t:|1776152061\n|switch|p1b: Feraligatr|Feraligatr, L50, F|100/100\n|turn|2\n|inactive|Kamad3va has 30 seconds left.\n|inactive|Kamad3va has 20 seconds left.\n|inactive|Kamad3va has 15 seconds left.\n|\n|t:|1776152102\n|switch|p1a: Clefable|Clefable, L50, F|100/100\n|detailschange|p1b: Feraligatr|Feraligatr-Mega, L50, F\n|-mega|p1b: Feraligatr|Feraligatr|Feraligite\n|move|p1b: Feraligatr|Protect|p1b: Feraligatr\n|-singleturn|p1b: Feraligatr|Protect\n|move|p2b: Pelipper|Hurricane|p1b: Feraligatr\n|-activate|p1b: Feraligatr|move: Protect\n|move|p2a: Archaludon|Electro Shot||[still]\n|-prepare|p2a: Archaludon|Electro Shot\n|-boost|p2a: Archaludon|spa|1\n|-anim|p2a: Archaludon|Electro Shot|p1b: Feraligatr\n|-activate|p1b: Feraligatr|move: Protect\n|\n|-weather|RainDance|[upkeep]\n|upkeep\n|turn|3\n|inactive|Kamad3va has 30 seconds left.\n|\n|t:|1776152129\n|switch|p2b: Sinistcha|Sinistcha, L50|100/100\n|-heal|p2a: Archaludon|73/100|[from] ability: Hospitality|[of] p2b: Sinistcha\n|move|p1a: Clefable|Follow Me|p1a: Clefable\n|-singleturn|p1a: Clefable|move: Follow Me\n|move|p2a: Archaludon|Electro Shot||[still]\n|-prepare|p2a: Archaludon|Electro Shot\n|-boost|p2a: Archaludon|spa|1\n|-anim|p2a: Archaludon|Electro Shot|p1a: Clefable\n|-damage|p1a: Clefable|61/100\n|move|p1b: Feraligatr|Dragon Dance|p1b: Feraligatr\n|-boost|p1b: Feraligatr|atk|1\n|-boost|p1b: Feraligatr|spe|1\n|\n|-weather|RainDance|[upkeep]\n|upkeep\n|turn|4\n|inactive|Kamad3va has 30 seconds left.\n|inactive|Kamad3va has 20 seconds left.\n|\n|t:|1776152165\n|move|p1b: Feraligatr|Protect|p1b: Feraligatr\n|-singleturn|p1b: Feraligatr|Protect\n|move|p1a: Clefable|Protect|p1a: Clefable\n|-singleturn|p1a: Clefable|Protect\n|move|p2a: Archaludon|Flash Cannon|p1a: Clefable\n|-activate|p1a: Clefable|move: Protect\n|move|p2b: Sinistcha|Shadow Ball|p1a: Clefable\n|-activate|p1a: Clefable|move: Protect\n|\n|-weather|RainDance|[upkeep]\n|-sideend|p2: Kamad3va|move: Tailwind\n|upkeep\n|turn|5\n|\n|t:|1776152184\n|move|p1b: Feraligatr|Dragon Dance|p1b: Feraligatr\n|-boost|p1b: Feraligatr|atk|1\n|-boost|p1b: Feraligatr|spe|1\n|move|p2a: Archaludon|Electro Shot||[still]\n|-prepare|p2a: Archaludon|Electro Shot\n|-boost|p2a: Archaludon|spa|1\n|-anim|p2a: Archaludon|Electro Shot|p1a: Clefable\n|-damage|p1a: Clefable|1/100\n|-enditem|p1a: Clefable|Sitrus Berry|[eat]\n|-heal|p1a: Clefable|26/100|[from] item: Sitrus Berry\n|move|p2b: Sinistcha|Shadow Ball|p1a: Clefable\n|-damage|p1a: Clefable|0 fnt\n|faint|p1a: Clefable\n|\n|-weather|none\n|upkeep\n|\n|t:|1776152198\n|switch|p1a: Gardevoir|Gardevoir, L50, M|100/100\n|turn|6\n|inactive|Kamad3va has 30 seconds left.\n|\n|t:|1776152226\n|move|p2b: Sinistcha|Rage Powder|p2b: Sinistcha\n|-singleturn|p2b: Sinistcha|move: Rage Powder\n|move|p1b: Feraligatr|Double-Edge|p2b: Sinistcha\n|-damage|p2b: Sinistcha|0 fnt\n|faint|p2b: Sinistcha\n|-damage|p1b: Feraligatr|65/100|[from] Recoil\n|move|p1a: Gardevoir|Dazzling Gleam|p2a: Archaludon\n|-damage|p2a: Archaludon|30/100\n|-ability|p2a: Archaludon|Stamina|boost\n|-boost|p2a: Archaludon|def|1\n|move|p2a: Archaludon|Draco Meteor|p1b: Feraligatr\n|-supereffective|p1b: Feraligatr|1\n|-damage|p1b: Feraligatr|0 fnt\n|-unboost|p2a: Archaludon|spa|2\n|faint|p1b: Feraligatr\n|\n|upkeep\n|\n|t:|1776152241\n|switch|p2b: Pelipper|Pelipper, L50, F|1/100\n|-weather|RainDance|[from] ability: Drizzle|[of] p2b: Pelipper\n|turn|7\n|\n|t:|1776152245\n|move|p1a: Gardevoir|Dazzling Gleam|p2b: Pelipper|[spread] p2a,p2b\n|-damage|p2a: Archaludon|0 fnt\n|-damage|p2b: Pelipper|0 fnt\n|faint|p2a: Archaludon\n|faint|p2b: Pelipper\n|\n|-weather|RainDance|[upkeep]\n|upkeep\n|\n|t:|1776152247\n|switch|p2b: Dragonite|Dragonite, L50, M, shiny|100/100\n|turn|8\n|\n|t:|1776152251\n|detailschange|p2b: Dragonite|Dragonite-Mega, L50, M, shiny\n|-mega|p2b: Dragonite|Dragonite|Dragoninite\n|move|p1a: Gardevoir|Dazzling Gleam|p2b: Dragonite\n|-supereffective|p2b: Dragonite|1\n|-damage|p2b: Dragonite|67/100\n|move|p2b: Dragonite|Hurricane|p1a: Gardevoir\n|-crit|p1a: Gardevoir\n|-damage|p1a: Gardevoir|16/100\n|\n|-weather|RainDance|[upkeep]\n|upkeep\n|turn|9\n|\n|t:|1776152260\n|move|p1a: Gardevoir|Dazzling Gleam|p2b: Dragonite\n|-supereffective|p2b: Dragonite|1\n|-damage|p2b: Dragonite|0 fnt\n|faint|p2b: Dragonite\n|\n|win|cros2hine\n|raw|cros2hine's rating: 1187 &rarr; <strong>1214</strong><br />(+27 for winning)\n|raw|Kamad3va's rating: 1218 &rarr; <strong>1191</strong><br />(-27 for losing)\n",
  "uploadtime": 1776152291,
  "views": 17,
  "formatid": "gen9championsvgc2026regma",
  "rating": 1191,
  "private": 0,
  "password": null
}