{
  "id": "gen9championsvgc2026regma-2589383155",
  "format": "[Gen 9 Champions] VGC 2026 Reg M-A",
  "players": [
    "mrsteelixyourgirl",
    "LilGrapes"
  ],
  "log": "|j|\u2606mrsteelixyourgirl\n|j|\u2606LilGrapes\n|t:|1776718579\n|gametype|doubles\n|player|p1|mrsteelixyourgirl|steven|1398\n|player|p2|LilGrapes|266|1402\n|gen|9\n|tier|[Gen 9 Champions] VGC 2026 Reg M-A\n|rated|\n|rule|Species Clause: Limit one of each Pok\u00e9mon\n|rule|Item Clause: Limit 1 of each item\n|clearpoke\n|poke|p1|Gengar, L50, F|\n|poke|p1|Tyranitar, L50, F|\n|poke|p1|Excadrill, L50, F|\n|poke|p1|Zoroark-Hisui, L50, F|\n|poke|p1|Dragonite, L50, M|\n|poke|p1|Corviknight, L50, M|\n|poke|p2|Corviknight, L50, M|\n|poke|p2|Sinistcha, L50|\n|poke|p2|Delphox, L50, M|\n|poke|p2|Milotic, L50, M|\n|poke|p2|Sneasler, L50, M|\n|poke|p2|Tyranitar, L50, M|\n|teampreview|4\n|inactive|Battle timer is ON: inactive players will automatically lose when time's up. (requested by LilGrapes)\n|\n|t:|1776718626\n|teamsize|p1|4\n|teamsize|p2|4\n|start\n|switch|p1a: Tyranitar|Tyranitar, L50, F|100/100\n|switch|p1b: Excadrill|Excadrill, L50, F|100/100\n|switch|p2a: Sneasler|Sneasler, L50, M|100/100\n|switch|p2b: Sinistcha|Sinistcha, L50|100/100\n|-weather|Sandstorm|[from] ability: Sand Stream|[of] p1a: Tyranitar\n|turn|1\n|\n|t:|1776718637\n|detailschange|p1a: Tyranitar|Tyranitar-Mega, L50, F\n|-mega|p1a: Tyranitar|Tyranitar|Tyranitarite\n|move|p2a: Sneasler|Fake Out|p1a: Tyranitar\n|-resisted|p1a: Tyranitar|1\n|-damage|p1a: Tyranitar|97/100\n|move|p1b: Excadrill|Psychic|p2a: Sneasler\n|-supereffective|p2a: Sneasler|2\n|-damage|p2a: Sneasler|0 fnt\n|faint|p2a: Sneasler\n|cant|p1a: Tyranitar|flinch\n|move|p2b: Sinistcha|Trick Room|p2b: Sinistcha\n|-fieldstart|move: Trick Room|[of] p2b: Sinistcha\n|\n|-weather|Sandstorm|[upkeep]\n|-damage|p2b: Sinistcha|94/100|[from] Sandstorm\n|-damage|p1b: Excadrill|94/100|[from] Sandstorm\n|upkeep\n|c|\u2606LilGrapes|The fucking tech!!!\n|c|\u2606mrsteelixyourgirl|lmao\n|c|\u2606LilGrapes|Nvm lol\n|c|\u2606LilGrapes|Nice play tho\n|inactive|LilGrapes has 30 seconds left.\n|\n|t:|1776718667\n|switch|p2a: Milotic|Milotic, L50, M|100/100\n|turn|2\n|c|\u2606mrsteelixyourgirl|my anti sneasler play\n|\n|t:|1776718675\n|move|p2b: Sinistcha|Matcha Gotcha|p1a: Tyranitar|[spread] p1a,p1b\n|-supereffective|p1a: Tyranitar|1\n|-damage|p1a: Tyranitar|67/100\n|-heal|p2b: Sinistcha|100/100|[from] drain|[of] p1a: Tyranitar\n|-damage|p1b: Excadrill|36/100\n|replace|p1b: Zoroark|Zoroark-Hisui, L50, F\n|-end|p1b: Zoroark|Illusion\n|move|p2a: Milotic|Scald|p1b: Zoroark\n|-damage|p1b: Zoroark|0 fnt\n|faint|p1b: Zoroark\n|move|p1a: Tyranitar|Knock Off|p2b: Sinistcha\n|-supereffective|p2b: Sinistcha|1\n|-damage|p2b: Sinistcha|0 fnt\n|-enditem|p2b: Sinistcha|Sitrus Berry|[from] move: Knock Off|[of] p1a: Tyranitar\n|faint|p2b: Sinistcha\n|\n|-weather|Sandstorm|[upkeep]\n|-damage|p2a: Milotic|95/100|[from] Sandstorm\n|-heal|p2a: Milotic|100/100|[from] item: Leftovers\n|upkeep\n|\n|t:|1776718689\n|switch|p2b: Delphox|Delphox, L50, M|100/100\n|switch|p1b: Corviknight|Corviknight, L50, M|100/100\n|turn|3\n|\n|t:|1776718707\n|move|p1a: Tyranitar|Protect|p1a: Tyranitar\n|-singleturn|p1a: Tyranitar|Protect\n|move|p1b: Corviknight|Iron Defense|p1b: Corviknight\n|-boost|p1b: Corviknight|def|2\n|move|p2a: Milotic|Scald|p1a: Tyranitar\n|-activate|p1a: Tyranitar|move: Protect\n|move|p2b: Delphox|Heat Wave|p1b: Corviknight|[spread] p1b\n|-activate|p1a: Tyranitar|move: Protect\n|-supereffective|p1b: Corviknight|1\n|-damage|p1b: Corviknight|41/100\n|\n|-weather|Sandstorm|[upkeep]\n|-damage|p2a: Milotic|95/100|[from] Sandstorm\n|-damage|p2b: Delphox|95/100|[from] Sandstorm\n|-heal|p1b: Corviknight|47/100|[from] item: Leftovers\n|-heal|p2a: Milotic|100/100|[from] item: Leftovers\n|upkeep\n|turn|4\n|\n|t:|1776718727\n|move|p2b: Delphox|Protect|p2b: Delphox\n|-singleturn|p2b: Delphox|Protect\n|move|p1b: Corviknight|Body Press|p2a: Milotic\n|-damage|p2a: Milotic|55/100\n|move|p2a: Milotic|Scald|p1a: Tyranitar\n|-supereffective|p1a: Tyranitar|1\n|-damage|p1a: Tyranitar|29/100\n|move|p1a: Tyranitar|Rock Slide|p2a: Milotic|[spread] p2a\n|-activate|p2b: Delphox|move: Protect\n|-damage|p2a: Milotic|15/100\n|\n|-weather|Sandstorm|[upkeep]\n|-damage|p2a: Milotic|9/100|[from] Sandstorm\n|-damage|p2b: Delphox|89/100|[from] Sandstorm\n|-heal|p1b: Corviknight|53/100|[from] item: Leftovers\n|-heal|p2a: Milotic|15/100|[from] item: Leftovers\n|upkeep\n|turn|5\n|\n|t:|1776718748\n|move|p2b: Delphox|Protect||[still]\n|-fail|p2b: Delphox\n|move|p1b: Corviknight|Body Press|p2a: Milotic\n|-damage|p2a: Milotic|0 fnt\n|faint|p2a: Milotic\n|move|p1a: Tyranitar|Knock Off|p2b: Delphox\n|-supereffective|p2b: Delphox|1\n|-damage|p2b: Delphox|0 fnt\n|faint|p2b: Delphox\n|\n|win|mrsteelixyourgirl\n|raw|mrsteelixyourgirl's rating: 1398 &rarr; <strong>1418</strong><br />(+20 for winning)\n|raw|LilGrapes's rating: 1402 &rarr; <strong>1382</strong><br />(-20 for losing)\n|l|\u2606LilGrapes\n|player|p2|\n",
  "uploadtime": 1776718855,
  "views": 11,
  "formatid": "gen9championsvgc2026regma",
  "rating": 1382,
  "private": 0,
  "password": null
}