{
  "id": "gen9championsvgc2026regma-2581076636",
  "format": "[Gen 9 Champions] VGC 2026 Reg M-A",
  "players": [
    "dreballin3x",
    "kaiobaa"
  ],
  "log": "|j|\u2606dreballin3x\n|j|\u2606kaiobaa\n|t:|1775957633\n|gametype|doubles\n|player|p1|dreballin3x|marshal|1000\n|player|p2|kaiobaa|wulfric|1093\n|gen|9\n|tier|[Gen 9 Champions] VGC 2026 Reg M-A\n|rated|\n|rule|Species Clause: Limit one of each Pok\u00e9mon\n|rule|Item Clause: Limit 1 of each item\n|clearpoke\n|poke|p1|Starmie, L50|\n|poke|p1|Excadrill, L50, M|\n|poke|p1|Kingambit, L50, F|\n|poke|p1|Tyranitar, L50, M|\n|poke|p1|Froslass, L50, F|\n|poke|p1|Sinistcha, L50|\n|poke|p2|Floette-Eternal, L50, F|\n|poke|p2|Whimsicott, L50, M|\n|poke|p2|Froslass, L50, F|\n|poke|p2|Palafin, L50, F|\n|poke|p2|Incineroar, L50, F|\n|poke|p2|Kingambit, L50, M|\n|teampreview|4\n|\n|t:|1775957644\n|teamsize|p1|4\n|teamsize|p2|4\n|start\n|switch|p1a: Starmie|Starmie, L50|100/100\n|switch|p1b: Kingambit|Kingambit, L50, F|100/100\n|switch|p2a: Floette|Floette-Eternal, L50, F|100/100\n|switch|p2b: Whimsicott|Whimsicott, L50, M|100/100\n|turn|1\n|\n|t:|1775957658\n|detailschange|p1a: Starmie|Starmie-Mega, L50\n|-mega|p1a: Starmie|Starmie|Starminite\n|move|p2a: Floette|Protect|p2a: Floette\n|-singleturn|p2a: Floette|Protect\n|move|p2b: Whimsicott|Tailwind|p2b: Whimsicott\n|-sidestart|p2: kaiobaa|move: Tailwind\n|move|p1a: Starmie|Skill Swap|p1b: Kingambit\n|-activate|p1a: Starmie|Skill Swap|||[of] p1b: Kingambit\n|move|p1b: Kingambit|Iron Head|p2a: Floette\n|-activate|p2a: Floette|move: Protect\n|\n|upkeep\n|turn|2\n|\n|t:|1775957687\n|switch|p2a: Incineroar|Incineroar, L50, F|100/100\n|-ability|p2a: Incineroar|Intimidate|boost\n|-unboost|p1a: Starmie|atk|1\n|-ability|p1a: Starmie|Defiant|boost\n|-boost|p1a: Starmie|atk|2\n|-unboost|p1b: Kingambit|atk|1\n|move|p2b: Whimsicott|Encore|p1a: Starmie\n|-start|p1a: Starmie|Encore\n|move|p1a: Starmie|Skill Swap|p2a: Incineroar\n|-activate|p1a: Starmie|Skill Swap|Intimidate|Defiant|[of] p2a: Incineroar\n|-ability|p1a: Starmie|Intimidate|boost\n|-unboost|p2a: Incineroar|atk|1\n|-ability|p2a: Incineroar|Defiant|boost\n|-boost|p2a: Incineroar|atk|2\n|-unboost|p2b: Whimsicott|atk|1\n|move|p1b: Kingambit|Iron Head|p2a: Incineroar\n|-resisted|p2a: Incineroar|1\n|-damage|p2a: Incineroar|68/100\n|\n|upkeep\n|turn|3\n|\n|t:|1775957723\n|move|p2a: Incineroar|Fake Out|p1b: Kingambit\n|-resisted|p1b: Kingambit|1\n|-damage|p1b: Kingambit|93/100\n|move|p2b: Whimsicott|Moonblast|p1a: Starmie\n|-damage|p1a: Starmie|55/100\n|move|p1a: Starmie|Skill Swap|p1b: Kingambit\n|-activate|p1a: Starmie|Skill Swap|||[of] p1b: Kingambit\n|-ability|p1b: Kingambit|Intimidate|boost\n|-unboost|p2a: Incineroar|atk|1\n|-ability|p2a: Incineroar|Defiant|boost\n|-boost|p2a: Incineroar|atk|2\n|-unboost|p2b: Whimsicott|atk|1\n|cant|p1b: Kingambit|flinch\n|\n|upkeep\n|turn|4\n|\n|t:|1775957752\n|switch|p1b: Sinistcha|Sinistcha, L50|100/100\n|-heal|p1a: Starmie|79/100|[from] ability: Hospitality|[of] p1b: Sinistcha\n|move|p2b: Whimsicott|Moonblast|p1a: Starmie\n|-damage|p1a: Starmie|36/100\n|move|p1a: Starmie|Skill Swap|p2a: Incineroar\n|-activate|p1a: Starmie|Skill Swap|Defiant|Huge Power|[of] p2a: Incineroar\n|move|p2a: Incineroar|Close Combat|p1b: Sinistcha\n|-immune|p1b: Sinistcha\n|\n|-end|p1a: Starmie|Encore\n|-sideend|p2: kaiobaa|move: Tailwind\n|upkeep\n|turn|5\n|\n|t:|1775957778\n|move|p2b: Whimsicott|Tailwind|p2b: Whimsicott\n|-sidestart|p2: kaiobaa|move: Tailwind\n|move|p1a: Starmie|Skill Swap|p1b: Sinistcha\n|-activate|p1a: Starmie|Skill Swap|||[of] p1b: Sinistcha\n|move|p2a: Incineroar|Flare Blitz|p1b: Sinistcha\n|-supereffective|p1b: Sinistcha|1\n|-damage|p1b: Sinistcha|0 fnt\n|faint|p1b: Sinistcha\n|-damage|p2a: Incineroar|34/100|[from] Recoil\n|\n|upkeep\n|\n|t:|1775957800\n|switch|p1b: Excadrill|Excadrill, L50, M|100/100\n|turn|6\n|inactive|Battle timer is ON: inactive players will automatically lose when time's up. (requested by kaiobaa)\n|\n|t:|1775957812\n|move|p1a: Starmie|Aqua Jet|p2a: Incineroar\n|-supereffective|p2a: Incineroar|1\n|-damage|p2a: Incineroar|0 fnt\n|faint|p2a: Incineroar\n|move|p2b: Whimsicott|Moonblast|p1a: Starmie\n|-damage|p1a: Starmie|0 fnt\n|faint|p1a: Starmie\n|move|p1b: Excadrill|Poison Jab|p2b: Whimsicott\n|-supereffective|p2b: Whimsicott|2\n|-enditem|p2b: Whimsicott|Focus Sash\n|-damage|p2b: Whimsicott|1/100\n|\n|upkeep\n|\n|t:|1775957823\n|switch|p1a: Kingambit|Kingambit, L50, F|93/100\n|switch|p2a: Kingambit|Kingambit, L50, M|100/100\n|turn|7\n|\n|t:|1775957840\n|move|p2a: Kingambit|Sucker Punch|p1a: Kingambit\n|-resisted|p1a: Kingambit|1\n|-damage|p1a: Kingambit|74/100\n|move|p2b: Whimsicott|Endeavor|p1a: Kingambit\n|-damage|p1a: Kingambit|1/100\n|move|p1b: Excadrill|Poison Jab|p2b: Whimsicott\n|-supereffective|p2b: Whimsicott|2\n|-damage|p2b: Whimsicott|0 fnt\n|faint|p2b: Whimsicott\n|move|p1a: Kingambit|Low Kick|p2a: Kingambit\n|-supereffective|p2a: Kingambit|2\n|-damage|p2a: Kingambit|0 fnt\n|faint|p2a: Kingambit\n|\n|upkeep\n|\n|t:|1775957853\n|switch|p2a: Floette|Floette-Eternal, L50, F|100/100\n|turn|8\n|\n|t:|1775957861\n|detailschange|p2a: Floette|Floette-Mega, L50, F\n|-mega|p2a: Floette|Floette|Floettite\n|-ability|p2a: Floette|Fairy Aura\n|move|p2a: Floette|Dazzling Gleam|p1b: Excadrill|[spread] p1a,p1b\n|-resisted|p1b: Excadrill|1\n|-damage|p1a: Kingambit|0 fnt\n|-damage|p1b: Excadrill|70/100\n|faint|p1a: Kingambit\n|move|p1b: Excadrill|Poison Jab|p2a: Floette\n|-supereffective|p2a: Floette|1\n|-damage|p2a: Floette|12/100\n|\n|-sideend|p2: kaiobaa|move: Tailwind\n|upkeep\n|turn|9\n|c|\u2606dreballin3x|Gg\n|\n|t:|1775957876\n|move|p1b: Excadrill|Poison Jab|p2a: Floette\n|-supereffective|p2a: Floette|1\n|-damage|p2a: Floette|0 fnt\n|faint|p2a: Floette\n|\n|win|dreballin3x\n|raw|dreballin3x's rating: 1000 &rarr; <strong>1050</strong><br />(+50 for winning)\n|raw|kaiobaa's rating: 1093 &rarr; <strong>1063</strong><br />(-30 for losing)\n|l|\u2606kaiobaa\n|player|p2|\n|c|\u2606dreballin3x|Idk how I made it through that\n",
  "uploadtime": 1775957889,
  "views": 10,
  "formatid": "gen9championsvgc2026regma",
  "rating": 1050,
  "private": 0,
  "password": null
}