{
  "id": "gen9championsvgc2026regma-2588805993",
  "format": "[Gen 9 Champions] VGC 2026 Reg M-A",
  "players": [
    "Bwayogre59",
    "Cerare"
  ],
  "log": "|j|\u2606Bwayogre59\n|j|\u2606Cerare\n|t:|1776673131\n|gametype|doubles\n|player|p1|Bwayogre59|169|1052\n|player|p2|Cerare|1|1149\n|gen|9\n|tier|[Gen 9 Champions] VGC 2026 Reg M-A\n|rated|\n|rule|Species Clause: Limit one of each Pok\u00e9mon\n|rule|Item Clause: Limit 1 of each item\n|clearpoke\n|poke|p1|Milotic, L50, M|\n|poke|p1|Gliscor, L50, F|\n|poke|p1|Tyranitar, L50, F|\n|poke|p1|Excadrill, L50, M|\n|poke|p1|Farigiraf, L50, M|\n|poke|p1|Dragonite, L50, F|\n|poke|p2|Aerodactyl, L50, M|\n|poke|p2|Floette-Eternal, L50, F|\n|poke|p2|Sneasler, L50, M|\n|poke|p2|Delphox, L50, F|\n|poke|p2|Kingambit, L50, M|\n|poke|p2|Incineroar, L50, M, shiny|\n|teampreview|4\n|inactive|Battle timer is ON: inactive players will automatically lose when time's up. (requested by Cerare)\n|inactive|Bwayogre59 has 60 seconds left.\n|inactive|Cerare has 60 seconds left.\n|inactive|Cerare has 30 seconds left.\n|\n|t:|1776673198\n|teamsize|p1|4\n|teamsize|p2|4\n|start\n|switch|p1a: Farigiraf|Farigiraf, L50, M|100/100\n|switch|p1b: Gliscor|Gliscor, L50, F|100/100\n|switch|p2a: Aerodactyl|Aerodactyl, L50, M|100/100\n|switch|p2b: Incineroar|Incineroar, L50, M, shiny|100/100\n|-ability|p2a: Aerodactyl|Unnerve\n|-ability|p2b: Incineroar|Intimidate|boost\n|-unboost|p1a: Farigiraf|atk|1\n|-unboost|p1b: Gliscor|atk|1\n|turn|1\n|inactive|Bwayogre59 has 30 seconds left.\n|inactive|Cerare has 30 seconds left.\n|\n|t:|1776673231\n|move|p2a: Aerodactyl|Rock Slide|p1b: Gliscor|[spread] p1a,p1b\n|-damage|p1a: Farigiraf|74/100\n|-damage|p1b: Gliscor|77/100\n|move|p1b: Gliscor|Crabhammer|p2b: Incineroar\n|-supereffective|p2b: Incineroar|1\n|-damage|p2b: Incineroar|64/100\n|move|p2b: Incineroar|Parting Shot|p1b: Gliscor\n|-unboost|p1b: Gliscor|atk|1\n|-unboost|p1b: Gliscor|spa|1\n|\n|t:|1776673245\n|switch|p2b: Floette|Floette-Eternal, L50, F|100/100|[from] Parting Shot\n|move|p1a: Farigiraf|Trick Room|p1a: Farigiraf\n|-fieldstart|move: Trick Room|[of] p1a: Farigiraf\n|\n|-heal|p1b: Gliscor|83/100|[from] item: Leftovers\n|upkeep\n|turn|2\n|inactive|Cerare has 30 seconds left.\n|inactive|Cerare has 20 seconds left.\n|\n|t:|1776673281\n|switch|p1a: Tyranitar|Tyranitar, L50, F|100/100\n|-weather|Sandstorm|[from] ability: Sand Stream|[of] p1a: Tyranitar\n|switch|p1b: Excadrill|Excadrill, L50, M|100/100\n|detailschange|p2b: Floette|Floette-Mega, L50, F\n|-mega|p2b: Floette|Floette|Floettite\n|-ability|p2b: Floette|Fairy Aura\n|move|p2b: Floette|Calm Mind|p2b: Floette\n|-boost|p2b: Floette|spa|1\n|-boost|p2b: Floette|spd|1\n|move|p2a: Aerodactyl|Rock Slide|p1b: Excadrill|[spread] p1a,p1b\n|-resisted|p1b: Excadrill|2\n|-damage|p1a: Tyranitar|81/100\n|-damage|p1b: Excadrill|92/100\n|\n|-weather|Sandstorm|[upkeep]\n|-damage|p2b: Floette|95/100|[from] Sandstorm\n|upkeep\n|turn|3\n|inactive|Bwayogre59 has 30 seconds left.\n|inactive|Cerare has 30 seconds left.\n|inactive|Cerare has 20 seconds left.\n|inactive|Cerare has 15 seconds left.\n|\n|t:|1776673322\n|switch|p2a: Incineroar|Incineroar, L50, M, shiny|64/100\n|-ability|p2a: Incineroar|Intimidate|boost\n|-unboost|p1a: Tyranitar|atk|1\n|-unboost|p1b: Excadrill|atk|1\n|detailschange|p1a: Tyranitar|Tyranitar-Mega, L50, F\n|-mega|p1a: Tyranitar|Tyranitar|Tyranitarite\n|move|p1a: Tyranitar|Rock Slide|p2a: Incineroar|[spread] p2a,p2b\n|-supereffective|p2a: Incineroar|1\n|-damage|p2a: Incineroar|24/100\n|-damage|p2b: Floette|72/100\n|-enditem|p2a: Incineroar|Sitrus Berry|[eat]\n|-heal|p2a: Incineroar|49/100|[from] item: Sitrus Berry\n|move|p2b: Floette|Dazzling Gleam|p1a: Tyranitar|[spread] p1a,p1b\n|-supereffective|p1a: Tyranitar|1\n|-resisted|p1b: Excadrill|1\n|-damage|p1a: Tyranitar|16/100\n|-damage|p1b: Excadrill|49/100\n|move|p1b: Excadrill|Iron Head|p2b: Floette\n|-supereffective|p2b: Floette|1\n|-damage|p2b: Floette|2/100\n|\n|-weather|Sandstorm|[upkeep]\n|-damage|p2a: Incineroar|43/100|[from] Sandstorm\n|-damage|p2b: Floette|0 fnt|[from] Sandstorm\n|faint|p2b: Floette\n|upkeep\n|\n|t:|1776673340\n|switch|p2b: Kingambit|Kingambit, L50, M|100/100\n|turn|4\n|\n|t:|1776673361\n|switch|p1b: Farigiraf|Farigiraf, L50, M|74/100\n|move|p2b: Kingambit|Iron Head|p1a: Tyranitar\n|-supereffective|p1a: Tyranitar|1\n|-damage|p1a: Tyranitar|0 fnt\n|faint|p1a: Tyranitar\n|move|p2a: Incineroar|Flare Blitz|p1b: Farigiraf\n|-damage|p1b: Farigiraf|24/100\n|-damage|p2a: Incineroar|23/100|[from] Recoil\n|\n|-weather|Sandstorm|[upkeep]\n|-damage|p2a: Incineroar|17/100|[from] Sandstorm\n|-damage|p1b: Farigiraf|18/100|[from] Sandstorm\n|upkeep\n|\n|t:|1776673375\n|switch|p1a: Gliscor|Gliscor, L50, F|83/100\n|turn|5\n|inactive|Cerare has 30 seconds left.\n|\n|t:|1776673403\n|move|p1b: Farigiraf|Protect|p1b: Farigiraf\n|-singleturn|p1b: Farigiraf|Protect\n|move|p2b: Kingambit|Kowtow Cleave|p1a: Gliscor\n|-damage|p1a: Gliscor|39/100\n|move|p2a: Incineroar|Darkest Lariat|p1a: Gliscor|[miss]\n|-miss|p2a: Incineroar|p1a: Gliscor\n|move|p1a: Gliscor|Earthquake|p2b: Kingambit|[spread] p2a,p2b\n|-activate|p1b: Farigiraf|move: Protect\n|-supereffective|p2a: Incineroar|1\n|-supereffective|p2b: Kingambit|1\n|-crit|p2b: Kingambit\n|-damage|p2a: Incineroar|0 fnt\n|-damage|p2b: Kingambit|26/100\n|faint|p2a: Incineroar\n|\n|-weather|Sandstorm|[upkeep]\n|-damage|p1b: Farigiraf|12/100|[from] Sandstorm\n|-heal|p1a: Gliscor|45/100|[from] item: Leftovers\n|-fieldend|move: Trick Room\n|upkeep\n|\n|t:|1776673421\n|switch|p2a: Aerodactyl|Aerodactyl, L50, M|100/100\n|-ability|p2a: Aerodactyl|Unnerve\n|turn|6\n|\n|t:|1776673447\n|move|p2b: Kingambit|Protect|p2b: Kingambit\n|-singleturn|p2b: Kingambit|Protect\n|move|p2a: Aerodactyl|Rock Slide|p1a: Gliscor|[spread] p1b\n|-miss|p2a: Aerodactyl|p1a: Gliscor\n|-damage|p1b: Farigiraf|0 fnt\n|faint|p1b: Farigiraf\n|move|p1a: Gliscor|Crabhammer|p2a: Aerodactyl\n|-supereffective|p2a: Aerodactyl|1\n|-damage|p2a: Aerodactyl|14/100\n|\n|-weather|none\n|-heal|p1a: Gliscor|51/100|[from] item: Leftovers\n|upkeep\n|\n|t:|1776673461\n|switch|p1b: Excadrill|Excadrill, L50, M|49/100\n|turn|7\n|\n|t:|1776673482\n|move|p2b: Kingambit|Sucker Punch|p1b: Excadrill\n|-damage|p1b: Excadrill|0 fnt\n|faint|p1b: Excadrill\n|move|p2a: Aerodactyl|Rock Slide|p1a: Gliscor\n|-crit|p1a: Gliscor\n|-damage|p1a: Gliscor|10/100\n|move|p1a: Gliscor|Lunge|p2b: Kingambit\n|-damage|p2b: Kingambit|10/100\n|-unboost|p2b: Kingambit|atk|1\n|-ability|p2b: Kingambit|Defiant|boost\n|-boost|p2b: Kingambit|atk|2\n|\n|-heal|p1a: Gliscor|16/100|[from] item: Leftovers\n|upkeep\n|turn|8\n|\n|t:|1776673500\n|move|p2b: Kingambit|Sucker Punch|p1a: Gliscor\n|-damage|p1a: Gliscor|0 fnt\n|faint|p1a: Gliscor\n|\n|win|Cerare\n|raw|Bwayogre59's rating: 1052 &rarr; <strong>1039</strong><br />(-13 for losing)\n|raw|Cerare's rating: 1149 &rarr; <strong>1167</strong><br />(+18 for winning)\n",
  "uploadtime": 1776673502,
  "views": 10,
  "formatid": "gen9championsvgc2026regma",
  "rating": 1039,
  "private": 0,
  "password": null
}