{
  "id": "gen9championsvgc2026regma-2580789791",
  "format": "[Gen 9 Champions] VGC 2026 Reg M-A",
  "players": [
    "ratbite",
    "jyotsha"
  ],
  "log": "|j|\u2606ratbite\n|j|\u2606jyotsha\n|t:|1775932649\n|gametype|doubles\n|player|p1|ratbite|2|1000\n|player|p2|jyotsha|102|1074\n|gen|9\n|tier|[Gen 9 Champions] VGC 2026 Reg M-A\n|rated|\n|rule|Species Clause: Limit one of each Pok\u00e9mon\n|rule|Item Clause: Limit 1 of each item\n|clearpoke\n|poke|p1|Delphox, L50, F|\n|poke|p1|Clefable, L50, M|\n|poke|p1|Dragonite, L50, M|\n|poke|p1|Sneasler, L50, F|\n|poke|p1|Basculegion, L50, M|\n|poke|p1|Kingambit, L50, M|\n|poke|p2|Aegislash, L50, M|\n|poke|p2|Aerodactyl, L50, M|\n|poke|p2|Incineroar, L50, F|\n|poke|p2|Lucario, L50, F|\n|poke|p2|Milotic, L50, F|\n|poke|p2|Rotom-Wash, L50|\n|teampreview|4\n|inactive|Battle timer is ON: inactive players will automatically lose when time's up. (requested by jyotsha)\n|inactive|jyotsha has 60 seconds left.\n|\n|t:|1775932711\n|teamsize|p1|4\n|teamsize|p2|4\n|start\n|switch|p1a: Delphox|Delphox, L50, F|100/100\n|switch|p1b: Sneasler|Sneasler, L50, F|100/100\n|switch|p2a: Lucario|Lucario, L50, F|100/100\n|switch|p2b: Rotom|Rotom-Wash, L50|100/100\n|turn|1\n|inactive|jyotsha has 30 seconds left.\n|\n|t:|1775932746\n|detailschange|p1a: Delphox|Delphox-Mega, L50, F\n|-mega|p1a: Delphox|Delphox|Delphoxite\n|move|p2a: Lucario|Protect|p2a: Lucario\n|-singleturn|p2a: Lucario|Protect\n|move|p1b: Sneasler|Fake Out|p2b: Rotom\n|-damage|p2b: Rotom|82/100\n|cant|p2b: Rotom|flinch\n|move|p1a: Delphox|Substitute|p1a: Delphox\n|-start|p1a: Delphox|Substitute\n|-damage|p1a: Delphox|75/100\n|\n|upkeep\n|turn|2\n|inactive|ratbite has 30 seconds left.\n|inactive|jyotsha has 30 seconds left.\n|inactive|jyotsha has 20 seconds left.\n|\n|t:|1775932784\n|switch|p2a: Milotic|Milotic, L50, F|100/100\n|move|p2b: Rotom|Volt Switch|p1a: Delphox\n|-end|p1a: Delphox|Substitute\n|\n|t:|1775932790\n|switch|p2b: Aegislash|Aegislash, L50, M|100/100|[from] Volt Switch\n|move|p1a: Delphox|Heat Wave|p2b: Aegislash|[spread] p2a,p2b\n|-resisted|p2a: Milotic|1\n|-supereffective|p2b: Aegislash|1\n|-damage|p2a: Milotic|86/100\n|-damage|p2b: Aegislash|29/100\n|move|p1b: Sneasler|Dire Claw|p2b: Aegislash\n|-immune|p2b: Aegislash\n|\n|-heal|p2a: Milotic|92/100|[from] item: Leftovers\n|upkeep\n|turn|3\n|inactive|ratbite has 30 seconds left.\n|inactive|jyotsha has 30 seconds left.\n|inactive|ratbite has 20 seconds left.\n|inactive|ratbite has 15 seconds left.\n|\n|t:|1775932835\n|switch|p1b: Kingambit|Kingambit, L50, M|100/100\n|switch|p2b: Rotom|Rotom-Wash, L50|82/100\n|move|p1a: Delphox|Protect|p1a: Delphox\n|-singleturn|p1a: Delphox|Protect\n|move|p2a: Milotic|Muddy Water|p1b: Kingambit|[spread] p1b\n|-activate|p1a: Delphox|move: Protect\n|-damage|p1b: Kingambit|80/100\n|-unboost|p1b: Kingambit|accuracy|1\n|-ability|p1b: Kingambit|Defiant|boost\n|-boost|p1b: Kingambit|atk|2\n|\n|-heal|p2a: Milotic|98/100|[from] item: Leftovers\n|upkeep\n|turn|4\n|inactive|ratbite has 30 seconds left.\n|inactive|ratbite has 20 seconds left.\n|inactive|ratbite has 15 seconds left.\n|inactive|ratbite has 10 seconds left.\n|\n|t:|1775932882\n|move|p1a: Delphox|Protect||[still]\n|-fail|p1a: Delphox\n|move|p2b: Rotom|Hydro Pump|p1a: Delphox\n|-supereffective|p1a: Delphox|1\n|-damage|p1a: Delphox|0 fnt\n|faint|p1a: Delphox\n|move|p2a: Milotic|Scald|p1b: Kingambit\n|-crit|p1b: Kingambit\n|-damage|p1b: Kingambit|41/100\n|move|p1b: Kingambit|Kowtow Cleave|p2a: Milotic\n|-damage|p2a: Milotic|9/100\n|\n|-heal|p2a: Milotic|15/100|[from] item: Leftovers\n|upkeep\n|\n|t:|1775932900\n|switch|p1a: Clefable|Clefable, L50, M|100/100\n|turn|5\n|\n|t:|1775932921\n|switch|p2b: Lucario|Lucario, L50, F|100/100\n|move|p1a: Clefable|Follow Me|p1a: Clefable\n|-singleturn|p1a: Clefable|move: Follow Me\n|move|p2a: Milotic|Muddy Water|p1a: Clefable|[spread] p1a\n|-miss|p2a: Milotic|p1b: Kingambit\n|-damage|p1a: Clefable|79/100\n|move|p1b: Kingambit|Kowtow Cleave|p2a: Milotic\n|-damage|p2a: Milotic|0 fnt\n|faint|p2a: Milotic\n|\n|upkeep\n|\n|t:|1775932934\n|switch|p2a: Aegislash|Aegislash, L50, M|29/100\n|turn|6\n|\n|t:|1775932958\n|switch|p1a: Sneasler|Sneasler, L50, F|100/100\n|detailschange|p2b: Lucario|Lucario-Mega, L50, F\n|-mega|p2b: Lucario|Lucario|Lucarionite\n|move|p1b: Kingambit|Protect|p1b: Kingambit\n|-singleturn|p1b: Kingambit|Protect\n|move|p2b: Lucario|Bullet Punch|p1a: Sneasler\n|-damage|p1a: Sneasler|43/100\n|-formechange|p2a: Aegislash|Aegislash-Blade|\n|move|p2a: Aegislash|Shadow Sneak|p1b: Kingambit\n|-activate|p1b: Kingambit|move: Protect\n|\n|upkeep\n|turn|7\n|inactive|ratbite has 30 seconds left.\n|inactive|ratbite has 20 seconds left.\n|inactive|ratbite has 15 seconds left.\n|inactive|ratbite has 10 seconds left.\n|\n|t:|1775933006\n|move|p2b: Lucario|Protect|p2b: Lucario\n|-singleturn|p2b: Lucario|Protect\n|-formechange|p2a: Aegislash|Aegislash|\n|move|p2a: Aegislash|King's Shield|p2a: Aegislash\n|-singleturn|p2a: Aegislash|Protect\n|move|p1a: Sneasler|Fake Out|p2b: Lucario\n|-activate|p2b: Lucario|move: Protect\n|move|p1b: Kingambit|Kowtow Cleave|p2b: Lucario\n|-activate|p2b: Lucario|move: Protect\n|\n|upkeep\n|turn|8\n|inactive|ratbite has 30 seconds left.\n|inactive|jyotsha has 30 seconds left.\n|\n|t:|1775933034\n|move|p2b: Lucario|Bullet Punch|p1a: Sneasler\n|-damage|p1a: Sneasler|0 fnt\n|faint|p1a: Sneasler\n|-formechange|p2a: Aegislash|Aegislash-Blade|\n|move|p2a: Aegislash|Shadow Sneak|p1b: Kingambit\n|-resisted|p1b: Kingambit|1\n|-damage|p1b: Kingambit|32/100\n|move|p1b: Kingambit|Kowtow Cleave|p2a: Aegislash\n|-supereffective|p2a: Aegislash|1\n|-damage|p2a: Aegislash|0 fnt\n|faint|p2a: Aegislash\n|\n|upkeep\n|\n|t:|1775933044\n|switch|p1a: Clefable|Clefable, L50, M|79/100\n|switch|p2a: Rotom|Rotom-Wash, L50|82/100\n|turn|9\n|\n|t:|1775933065\n|move|p1a: Clefable|Protect|p1a: Clefable\n|-singleturn|p1a: Clefable|Protect\n|move|p2b: Lucario|Bullet Punch|p1b: Kingambit\n|-resisted|p1b: Kingambit|1\n|-damage|p1b: Kingambit|18/100\n|move|p2a: Rotom|Electroweb|p1b: Kingambit|[spread] p1b\n|-activate|p1a: Clefable|move: Protect\n|-damage|p1b: Kingambit|0 fnt\n|faint|p1b: Kingambit\n|\n|upkeep\n|turn|10\n|-message|ratbite forfeited.\n|\n|win|jyotsha\n|raw|ratbite's rating: 1000 &rarr; <strong>1000</strong><br />(+0 for losing)\n|raw|jyotsha's rating: 1074 &rarr; <strong>1097</strong><br />(+23 for winning)\n",
  "uploadtime": 1775933075,
  "views": 14,
  "formatid": "gen9championsvgc2026regma",
  "rating": 1000,
  "private": 0,
  "password": null
}