{
  "id": "gen9championsvgc2026regma-2588396682",
  "format": "[Gen 9 Champions] VGC 2026 Reg M-A",
  "players": [
    "silverland71429",
    "Sindobato"
  ],
  "log": "|j|\u2606silverland71429\n|j|\u2606Sindobato\n|t:|1776630036\n|gametype|doubles\n|player|p1|silverland71429|169|1448\n|player|p2|Sindobato|hilda|1462\n|gen|9\n|tier|[Gen 9 Champions] VGC 2026 Reg M-A\n|rated|\n|rule|Species Clause: Limit one of each Pok\u00e9mon\n|rule|Item Clause: Limit 1 of each item\n|clearpoke\n|poke|p1|Snorlax, L50, M|\n|poke|p1|Oranguru, L50, M|\n|poke|p1|Sinistcha, L50|\n|poke|p1|Meganium, L50, F|\n|poke|p1|Hawlucha, L50, M|\n|poke|p1|Rhyperior, L50, F|\n|poke|p2|Floette-Eternal, L50, F|\n|poke|p2|Pelipper, L50, M, shiny|\n|poke|p2|Basculegion, L50, M, shiny|\n|poke|p2|Archaludon, L50, M, shiny|\n|poke|p2|Kingambit, L50, M, shiny|\n|poke|p2|Gengar, L50, M, shiny|\n|teampreview|4\n|inactive|Battle timer is ON: inactive players will automatically lose when time's up. (requested by Sindobato)\n|\n|t:|1776630052\n|teamsize|p1|4\n|teamsize|p2|4\n|start\n|switch|p1a: Snorlax|Snorlax, L50, M|100/100\n|switch|p1b: Hawlucha|Hawlucha, L50, M|100/100\n|switch|p2a: Shade of Pale|Gengar, L50, M, shiny|100/100\n|switch|p2b: Arpeggi|Basculegion, L50, M, shiny|100/100\n|turn|1\n|\n|t:|1776630063\n|detailschange|p1b: Hawlucha|Hawlucha-Mega, L50, M\n|-mega|p1b: Hawlucha|Hawlucha|Hawluchanite\n|detailschange|p2a: Shade of Pale|Gengar-Mega, L50, M, shiny\n|-mega|p2a: Shade of Pale|Gengar|Gengarite\n|move|p2a: Shade of Pale|Icy Wind|p1b: Hawlucha|[spread] p1a,p1b\n|-supereffective|p1b: Hawlucha|1\n|-damage|p1a: Snorlax|95/100\n|-damage|p1b: Hawlucha|65/100\n|-unboost|p1a: Snorlax|spe|1\n|-unboost|p1b: Hawlucha|spe|1\n|move|p2b: Arpeggi|Wave Crash|p1b: Hawlucha\n|-damage|p1b: Hawlucha|0 fnt\n|faint|p1b: Hawlucha\n|-damage|p2b: Arpeggi|81/100|[from] Recoil\n|move|p1a: Snorlax|Fissure|p2a: Shade of Pale|[miss]\n|-miss|p1a: Snorlax|p2a: Shade of Pale\n|\n|-heal|p1a: Snorlax|100/100|[from] item: Leftovers\n|upkeep\n|\n|t:|1776630071\n|switch|p1b: Oranguru|Oranguru, L50, M|100/100\n|turn|2\n|\n|t:|1776630085\n|move|p2a: Shade of Pale|Sludge Wave|p1b: Oranguru|[spread] p2b,p1a,p1b\n|-resisted|p2b: Arpeggi|1\n|-damage|p2b: Arpeggi|53/100\n|-damage|p1a: Snorlax|72/100\n|-damage|p1b: Oranguru|64/100\n|move|p2b: Arpeggi|Wave Crash|p1b: Oranguru\n|-damage|p1b: Oranguru|8/100\n|-damage|p2b: Arpeggi|34/100|[from] Recoil\n|move|p1a: Snorlax|Stockpile|p1a: Snorlax\n|-start|p1a: Snorlax|stockpile1\n|-boost|p1a: Snorlax|def|1\n|-boost|p1a: Snorlax|spd|1\n|move|p1b: Oranguru|Trick Room|p1b: Oranguru\n|-fieldstart|move: Trick Room|[of] p1b: Oranguru\n|\n|-heal|p1a: Snorlax|78/100|[from] item: Leftovers\n|upkeep\n|turn|3\n|\n|t:|1776630107\n|move|p2b: Arpeggi|Protect|p2b: Arpeggi\n|-singleturn|p2b: Arpeggi|Protect\n|move|p2a: Shade of Pale|Protect|p2a: Shade of Pale\n|-singleturn|p2a: Shade of Pale|Protect\n|move|p1a: Snorlax|Stockpile|p1a: Snorlax\n|-start|p1a: Snorlax|stockpile2\n|-boost|p1a: Snorlax|def|1\n|-boost|p1a: Snorlax|spd|1\n|move|p1b: Oranguru|Instruct|p1a: Snorlax\n|-singleturn|p1a: Snorlax|move: Instruct|[of] p1b: Oranguru\n|move|p1a: Snorlax|Stockpile|p1a: Snorlax\n|-start|p1a: Snorlax|stockpile3\n|-boost|p1a: Snorlax|def|1\n|-boost|p1a: Snorlax|spd|1\n|\n|-heal|p1a: Snorlax|84/100|[from] item: Leftovers\n|upkeep\n|turn|4\n|\n|t:|1776630123\n|move|p2b: Arpeggi|Aqua Jet|p1b: Oranguru\n|-damage|p1b: Oranguru|0 fnt\n|faint|p1b: Oranguru\n|move|p1a: Snorlax|Fissure|p2a: Shade of Pale|[miss]\n|-miss|p1a: Snorlax|p2a: Shade of Pale\n|move|p2a: Shade of Pale|Sludge Wave|p1a: Snorlax|[spread] p2b,p1a\n|-resisted|p2b: Arpeggi|1\n|-damage|p2b: Arpeggi|7/100\n|-damage|p1a: Snorlax|73/100\n|-status|p2b: Arpeggi|psn\n|\n|-heal|p1a: Snorlax|79/100|[from] item: Leftovers\n|-damage|p2b: Arpeggi|0 fnt|[from] psn\n|faint|p2b: Arpeggi\n|upkeep\n|\n|t:|1776630142\n|switch|p1b: Sinistcha|Sinistcha, L50|100/100\n|switch|p2b: Red Rain|Pelipper, L50, M, shiny|100/100\n|-weather|RainDance|[from] ability: Drizzle|[of] p2b: Red Rain\n|-heal|p1a: Snorlax|100/100|[from] ability: Hospitality|[of] p1b: Sinistcha\n|turn|5\n|j| JzuzuanoOzjxjdjj\n|\n|t:|1776630151\n|move|p2a: Shade of Pale|Protect|p2a: Shade of Pale\n|-singleturn|p2a: Shade of Pale|Protect\n|move|p1a: Snorlax|Fissure|p2a: Shade of Pale\n|-activate|p2a: Shade of Pale|move: Protect\n|move|p1b: Sinistcha|Matcha Gotcha|p2a: Shade of Pale|[spread] p2b\n|-activate|p2a: Shade of Pale|move: Protect\n|-damage|p2b: Red Rain|57/100\n|move|p2b: Red Rain|Hurricane|p1b: Sinistcha\n|-supereffective|p1b: Sinistcha|1\n|-damage|p1b: Sinistcha|20/100\n|\n|-weather|RainDance|[upkeep]\n|upkeep\n|turn|6\n|\n|t:|1776630170\n|move|p2b: Red Rain|Wide Guard|p2b: Red Rain\n|-singleturn|p2b: Red Rain|Wide Guard\n|move|p1a: Snorlax|Fissure|p2a: Shade of Pale|[miss]\n|-miss|p1a: Snorlax|p2a: Shade of Pale\n|move|p1b: Sinistcha|Life Dew||[still]|[spread] p1a,p1b\n|-fail|p1a: Snorlax|heal\n|-heal|p1b: Sinistcha|45/100\n|move|p2a: Shade of Pale|Sludge Wave|p1a: Snorlax|[spread] p1a,p1b\n|-activate|p2b: Red Rain|move: Wide Guard\n|-damage|p1a: Snorlax|89/100\n|-damage|p1b: Sinistcha|4/100\n|-status|p1a: Snorlax|psn\n|\n|-weather|RainDance|[upkeep]\n|-heal|p1a: Snorlax|95/100 psn|[from] item: Leftovers\n|-damage|p1a: Snorlax|83/100 psn|[from] psn\n|-fieldend|move: Trick Room\n|upkeep\n|turn|7\n|\n|t:|1776630195\n|move|p2a: Shade of Pale|Shadow Ball|p1b: Sinistcha\n|-supereffective|p1b: Sinistcha|1\n|-damage|p1b: Sinistcha|0 fnt\n|faint|p1b: Sinistcha\n|move|p2b: Red Rain|Weather Ball|p1a: Snorlax\n|-damage|p1a: Snorlax|66/100 psn\n|move|p1a: Snorlax|Fissure|p2a: Shade of Pale|[miss]\n|-miss|p1a: Snorlax|p2a: Shade of Pale\n|\n|-weather|RainDance|[upkeep]\n|-heal|p1a: Snorlax|72/100 psn|[from] item: Leftovers\n|-damage|p1a: Snorlax|60/100 psn|[from] psn\n|upkeep\n|turn|8\n|-message|silverland71429 forfeited.\n|\n|win|Sindobato\n|raw|silverland71429's rating: 1448 &rarr; <strong>1429</strong><br />(-19 for losing)\n|raw|Sindobato's rating: 1462 &rarr; <strong>1481</strong><br />(+19 for winning)\n|l|\u2606silverland71429\n|player|p1|\n|l|\u2606Sindobato\n|player|p2|\n|l| JzuzuanoOzjxjdjj\n",
  "uploadtime": 1776630249,
  "views": 12,
  "formatid": "gen9championsvgc2026regma",
  "rating": 1429,
  "private": 0,
  "password": null
}