{
  "id": "gen9championsvgc2026regma-2586834382",
  "format": "[Gen 9 Champions] VGC 2026 Reg M-A",
  "players": [
    "iamsoselfconscius",
    "1MagicMike1"
  ],
  "log": "|j|\u203diamsoselfconscius\n|j|\u26061MagicMike1\n|t:|1776463818\n|gametype|doubles\n|player|p1|iamsoselfconscius|169|1101\n|player|p2|1MagicMike1|265|1030\n|gen|9\n|tier|[Gen 9 Champions] VGC 2026 Reg M-A\n|rated|\n|rule|Species Clause: Limit one of each Pok\u00e9mon\n|rule|Item Clause: Limit 1 of each item\n|clearpoke\n|poke|p1|Excadrill, L50, M|\n|poke|p1|Talonflame, L50, M|\n|poke|p1|Milotic, L50, F|\n|poke|p1|Froslass, L50, F|\n|poke|p1|Meowscarada, L50, F|\n|poke|p1|Glimmora, L50, F|\n|poke|p2|Incineroar, L50, M|\n|poke|p2|Garchomp, L50, M|\n|poke|p2|Manectric, L50, M|\n|poke|p2|Basculegion, L50, M|\n|poke|p2|Pelipper, L50, F|\n|poke|p2|Kingambit, L50, F|\n|teampreview|4\n|\n|t:|1776463869\n|teamsize|p1|4\n|teamsize|p2|4\n|start\n|switch|p1a: Talonflame|Talonflame, L50, M|100/100\n|switch|p1b: Meowscarada|Meowscarada, L50, F|100/100\n|switch|p2a: Incineroar|Incineroar, L50, M|100/100\n|switch|p2b: Pelipper|Pelipper, L50, F|100/100\n|-weather|RainDance|[from] ability: Drizzle|[of] p2b: Pelipper\n|-ability|p2a: Incineroar|Intimidate|boost\n|-unboost|p1a: Talonflame|atk|1\n|-unboost|p1b: Meowscarada|atk|1\n|turn|1\n|\n|t:|1776463890\n|move|p1a: Talonflame|Protect|p1a: Talonflame\n|-singleturn|p1a: Talonflame|Protect\n|move|p1b: Meowscarada|Thunder Punch|p2b: Pelipper\n|-start|p1b: Meowscarada|typechange|Electric|[from] ability: Protean\n|-supereffective|p2b: Pelipper|2\n|-enditem|p2b: Pelipper|Focus Sash\n|-damage|p2b: Pelipper|1/100\n|move|p2b: Pelipper|Tailwind|p2b: Pelipper\n|-sidestart|p2: 1MagicMike1|move: Tailwind\n|move|p2a: Incineroar|Flare Blitz|p1b: Meowscarada\n|-damage|p1b: Meowscarada|59/100\n|-status|p1b: Meowscarada|brn\n|-damage|p2a: Incineroar|90/100|[from] Recoil\n|\n|-weather|RainDance|[upkeep]\n|-damage|p1b: Meowscarada|53/100 brn|[from] brn\n|upkeep\n|turn|2\n|\n|t:|1776463920\n|switch|p2b: Basculegion|Basculegion, L50, M|100/100\n|move|p1a: Talonflame|Tailwind|p1a: Talonflame\n|-sidestart|p1: iamsoselfconscius|move: Tailwind\n|move|p1b: Meowscarada|Flower Trick|p2b: Basculegion\n|-supereffective|p2b: Basculegion|1\n|-crit|p2b: Basculegion\n|-damage|p2b: Basculegion|48/100\n|move|p2a: Incineroar|Parting Shot|p1b: Meowscarada\n|-unboost|p1b: Meowscarada|atk|1\n|-unboost|p1b: Meowscarada|spa|1\n|\n|t:|1776463932\n|switch|p2a: Manectric|Manectric, L50, M|100/100|[from] Parting Shot\n|\n|-weather|RainDance|[upkeep]\n|-damage|p1b: Meowscarada|47/100 brn|[from] brn\n|upkeep\n|turn|3\n|\n|t:|1776463974\n|detailschange|p2a: Manectric|Manectric-Mega, L50, M\n|-mega|p2a: Manectric|Manectric|Manectite\n|-ability|p2a: Manectric|Intimidate|boost\n|-unboost|p1a: Talonflame|atk|1\n|-unboost|p1b: Meowscarada|atk|1\n|move|p1a: Talonflame|Dual Wingbeat|p2b: Basculegion\n|-damage|p2b: Basculegion|34/100\n|-damage|p2b: Basculegion|22/100\n|-hitcount|p2b: Basculegion|2\n|move|p2b: Basculegion|Flip Turn|p1a: Talonflame\n|-supereffective|p1a: Talonflame|1\n|-damage|p1a: Talonflame|0 fnt\n|faint|p1a: Talonflame\n|\n|t:|1776463991\n|switch|p2b: Incineroar|Incineroar, L50, M|90/100|[from] Flip Turn\n|-ability|p2b: Incineroar|Intimidate|boost\n|-unboost|p1b: Meowscarada|atk|1\n|move|p2a: Manectric|Thunder|p1b: Meowscarada\n|-resisted|p1b: Meowscarada|1\n|-damage|p1b: Meowscarada|5/100 brn\n|move|p1b: Meowscarada|Flower Trick|p2b: Incineroar\n|-resisted|p2b: Incineroar|1\n|-crit|p2b: Incineroar\n|-damage|p2b: Incineroar|81/100\n|\n|-weather|RainDance|[upkeep]\n|-damage|p1b: Meowscarada|0 fnt|[from] brn\n|faint|p1b: Meowscarada\n|upkeep\n|\n|t:|1776463998\n|switch|p1b: Milotic|Milotic, L50, F|100/100\n|switch|p1a: Froslass|Froslass, L50, F|100/100\n|turn|4\n|\n|t:|1776464016\n|move|p1a: Froslass|Protect|p1a: Froslass\n|-singleturn|p1a: Froslass|Protect\n|move|p1b: Milotic|Protect|p1b: Milotic\n|-singleturn|p1b: Milotic|Protect\n|move|p2b: Incineroar|Fake Out|p1a: Froslass\n|-activate|p1a: Froslass|move: Protect\n|move|p2a: Manectric|Thunder|p1b: Milotic\n|-activate|p1b: Milotic|move: Protect\n|\n|-weather|RainDance|[upkeep]\n|-sideend|p2: 1MagicMike1|move: Tailwind\n|upkeep\n|turn|5\n|\n|t:|1776464040\n|detailschange|p1a: Froslass|Froslass-Mega, L50, F\n|-mega|p1a: Froslass|Froslass|Froslassite\n|-weather|Snowscape|[from] ability: Snow Warning|[of] p1a: Froslass\n|move|p1a: Froslass|Blizzard|p2a: Manectric|[spread] p2a,p2b\n|-resisted|p2b: Incineroar|1\n|-damage|p2a: Manectric|33/100\n|-damage|p2b: Incineroar|61/100\n|move|p2a: Manectric|Thunder|p1b: Milotic|[miss]\n|-miss|p2a: Manectric|p1b: Milotic\n|move|p1b: Milotic|Scald|p2b: Incineroar\n|-supereffective|p2b: Incineroar|1\n|-damage|p2b: Incineroar|0 fnt\n|faint|p2b: Incineroar\n|\n|-weather|Snowscape|[upkeep]\n|-sideend|p1: iamsoselfconscius|move: Tailwind\n|upkeep\n|\n|t:|1776464057\n|switch|p2b: Pelipper|Pelipper, L50, F|1/100\n|-weather|RainDance|[from] ability: Drizzle|[of] p2b: Pelipper\n|turn|6\n|\n|t:|1776464065\n|move|p2a: Manectric|Protect|p2a: Manectric\n|-singleturn|p2a: Manectric|Protect\n|move|p1b: Milotic|Protect|p1b: Milotic\n|-singleturn|p1b: Milotic|Protect\n|move|p1a: Froslass|Shadow Ball|p2a: Manectric\n|-activate|p2a: Manectric|move: Protect\n|move|p2b: Pelipper|Tailwind|p2b: Pelipper\n|-sidestart|p2: 1MagicMike1|move: Tailwind\n|\n|-weather|RainDance|[upkeep]\n|upkeep\n|turn|7\n|\n|t:|1776464082\n|move|p2b: Pelipper|Wide Guard|p2b: Pelipper\n|-singleturn|p2b: Pelipper|Wide Guard\n|move|p2a: Manectric|Thunder|p1b: Milotic\n|-supereffective|p1b: Milotic|1\n|-damage|p1b: Milotic|13/100\n|-status|p1b: Milotic|par\n|move|p1a: Froslass|Blizzard|p2a: Manectric|[spread] \n|-activate|p2a: Manectric|move: Wide Guard\n|-activate|p2b: Pelipper|move: Wide Guard\n|move|p1b: Milotic|Blizzard|p2a: Manectric|[spread] \n|-activate|p2a: Manectric|move: Wide Guard\n|-activate|p2b: Pelipper|move: Wide Guard\n|\n|-weather|RainDance|[upkeep]\n|-heal|p1b: Milotic|19/100 par|[from] item: Leftovers\n|upkeep\n|turn|8\n|\n|t:|1776464111\n|move|p2b: Pelipper|Wide Guard|p2b: Pelipper\n|-singleturn|p2b: Pelipper|Wide Guard\n|move|p2a: Manectric|Snarl|p1b: Milotic|[spread] p1a,p1b\n|-supereffective|p1a: Froslass|1\n|-damage|p1a: Froslass|62/100\n|-damage|p1b: Milotic|8/100 par\n|-unboost|p1a: Froslass|spa|1\n|-unboost|p1b: Milotic|spa|1\n|-ability|p1b: Milotic|Competitive|boost\n|-boost|p1b: Milotic|spa|2\n|move|p1a: Froslass|Shadow Ball|p2a: Manectric\n|-damage|p2a: Manectric|0 fnt\n|faint|p2a: Manectric\n|move|p1b: Milotic|Scald|p2b: Pelipper\n|-resisted|p2b: Pelipper|1\n|-damage|p2b: Pelipper|0 fnt\n|faint|p2b: Pelipper\n|\n|-weather|RainDance|[upkeep]\n|-heal|p1b: Milotic|14/100 par|[from] item: Leftovers\n|upkeep\n|\n|t:|1776464130\n|switch|p2b: Basculegion|Basculegion, L50, M|22/100\n|turn|9\n|\n|t:|1776464140\n|move|p2b: Basculegion|Last Respects|p1a: Froslass\n|-supereffective|p1a: Froslass|1\n|-damage|p1a: Froslass|0 fnt\n|faint|p1a: Froslass\n|cant|p1b: Milotic|par\n|\n|-weather|RainDance|[upkeep]\n|-heal|p1b: Milotic|20/100 par|[from] item: Leftovers\n|-sideend|p2: 1MagicMike1|move: Tailwind\n|upkeep\n|turn|10\n|\n|t:|1776464151\n|move|p2b: Basculegion|Last Respects|p1b: Milotic\n|-damage|p1b: Milotic|0 fnt\n|faint|p1b: Milotic\n|\n|win|1MagicMike1\n|raw|iamsoselfconscius's rating: 1101 &rarr; <strong>1071</strong><br />(-30 for losing)\n|raw|1MagicMike1's rating: 1030 &rarr; <strong>1073</strong><br />(+43 for winning)\n",
  "uploadtime": 1776464154,
  "views": 21,
  "formatid": "gen9championsvgc2026regma",
  "rating": 1071,
  "private": 0,
  "password": null
}