{
  "id": "gen9championsvgc2026regma-2589499986",
  "format": "[Gen 9 Champions] VGC 2026 Reg M-A",
  "players": [
    "GeistvgcTest",
    "benjiapollo"
  ],
  "log": "|j|\u2606GeistvgcTest\n|j|\u2606benjiapollo\n|t:|1776728584\n|gametype|doubles\n|player|p1|GeistvgcTest|fantina|1420\n|player|p2|benjiapollo|giovanni|1465\n|gen|9\n|tier|[Gen 9 Champions] VGC 2026 Reg M-A\n|rated|\n|rule|Species Clause: Limit one of each Pok\u00e9mon\n|rule|Item Clause: Limit 1 of each item\n|clearpoke\n|poke|p1|Delphox, L50, M|\n|poke|p1|Tsareena, L50, F|\n|poke|p1|Gyarados, L50, M|\n|poke|p1|Garchomp, L50, M|\n|poke|p1|Sneasler, L50, F|\n|poke|p1|Whimsicott, L50, M|\n|poke|p2|Basculegion, L50, M|\n|poke|p2|Charizard, L50, M|\n|poke|p2|Kingambit, L50, M|\n|poke|p2|Sneasler, L50, F|\n|poke|p2|Venusaur, L50, M|\n|poke|p2|Talonflame, L50, F|\n|teampreview|4\n|j| thestudentadvocate\n|inactive|Battle timer is ON: inactive players will automatically lose when time's up. (requested by benjiapollo)\n|l| thestudentadvocate\n|\n|t:|1776728612\n|teamsize|p1|4\n|teamsize|p2|4\n|start\n|switch|p1a: Garchomp|Garchomp, L50, M|100/100\n|switch|p1b: Tsareena|Tsareena, L50, F|100/100\n|switch|p2a: Talonflame|Talonflame, L50, F|100/100\n|switch|p2b: Charizard|Charizard, L50, M|100/100\n|turn|1\n|\n|t:|1776728624\n|detailschange|p2b: Charizard|Charizard-Mega-X, L50, M\n|-mega|p2b: Charizard|Charizard|Charizardite X\n|move|p2a: Talonflame|Tailwind|p2a: Talonflame\n|-sidestart|p2: benjiapollo|move: Tailwind\n|move|p2b: Charizard|Dragon Claw|p1a: Garchomp\n|-supereffective|p1a: Garchomp|1\n|-damage|p1a: Garchomp|3/100\n|-damage|p2b: Charizard|88/100|[from] ability: Rough Skin|[of] p1a: Garchomp\n|move|p1b: Tsareena|U-turn|p2a: Talonflame\n|-resisted|p2a: Talonflame|2\n|-crit|p2a: Talonflame\n|-damage|p2a: Talonflame|87/100\n|\n|t:|1776728636\n|switch|p1b: Gyarados|Gyarados, L50, M|100/100|[from] U-turn\n|-ability|p1b: Gyarados|Intimidate|boost\n|-unboost|p2a: Talonflame|atk|1\n|-unboost|p2b: Charizard|atk|1\n|move|p1a: Garchomp|Rock Slide|p2a: Talonflame|[spread] p2a,p2b\n|-supereffective|p2a: Talonflame|2\n|-supereffective|p2b: Charizard|1\n|-damage|p2a: Talonflame|0 fnt\n|-damage|p2b: Charizard|46/100\n|faint|p2a: Talonflame\n|\n|upkeep\n|\n|t:|1776728649\n|switch|p2a: Kingambit|Kingambit, L50, M|100/100\n|turn|2\n|\n|t:|1776728664\n|move|p2b: Charizard|Dragon Claw|p1a: Garchomp\n|-supereffective|p1a: Garchomp|1\n|-damage|p1a: Garchomp|0 fnt\n|-damage|p2b: Charizard|34/100|[from] ability: Rough Skin|[of] p1a: Garchomp\n|faint|p1a: Garchomp\n|move|p2a: Kingambit|Kowtow Cleave|p1b: Gyarados\n|-damage|p1b: Gyarados|54/100\n|move|p1b: Gyarados|Waterfall|p2b: Charizard\n|-damage|p2b: Charizard|0 fnt\n|faint|p2b: Charizard\n|\n|-heal|p1b: Gyarados|60/100|[from] item: Leftovers\n|upkeep\n|\n|t:|1776728681\n|switch|p2b: Basculegion|Basculegion, L50, M|100/100\n|switch|p1a: Delphox|Delphox, L50, M|100/100\n|turn|3\n|\n|t:|1776728693\n|move|p1a: Delphox|Protect|p1a: Delphox\n|-singleturn|p1a: Delphox|Protect\n|move|p2a: Kingambit|Sucker Punch||[still]\n|-fail|p2a: Kingambit\n|move|p2b: Basculegion|Last Respects|p1b: Gyarados\n|-damage|p1b: Gyarados|0 fnt\n|faint|p1b: Gyarados\n|\n|upkeep\n|\n|t:|1776728702\n|switch|p1b: Tsareena|Tsareena, L50, F|100/100\n|turn|4\n|\n|t:|1776728719\n|detailschange|p1a: Delphox|Delphox-Mega, L50, M\n|-mega|p1a: Delphox|Delphox|Delphoxite\n|move|p2a: Kingambit|Protect|p2a: Kingambit\n|-singleturn|p2a: Kingambit|Protect\n|move|p2b: Basculegion|Last Respects|p1b: Tsareena\n|-damage|p1b: Tsareena|0 fnt\n|faint|p1b: Tsareena\n|move|p1a: Delphox|Psychic|p2b: Basculegion\n|-damage|p2b: Basculegion|39/100\n|\n|-sideend|p2: benjiapollo|move: Tailwind\n|upkeep\n|turn|5\n|-message|GeistvgcTest forfeited.\n|\n|win|benjiapollo\n|raw|GeistvgcTest's rating: 1420 &rarr; <strong>1403</strong><br />(-17 for losing)\n|raw|benjiapollo's rating: 1465 &rarr; <strong>1482</strong><br />(+17 for winning)\n|l|\u2606GeistvgcTest\n|player|p1|\n",
  "uploadtime": 1776728731,
  "views": 5,
  "formatid": "gen9championsvgc2026regma",
  "rating": 1403,
  "private": 0,
  "password": null
}