{
  "id": "gen9championsvgc2026regma-2587801642",
  "format": "[Gen 9 Champions] VGC 2026 Reg M-A",
  "players": [
    "karmapolicevgc",
    "zhz2021"
  ],
  "log": "|j|\u2606karmapolicevgc\n|j|\u2606zhz2021\n|t:|1776565420\n|gametype|doubles\n|player|p1|karmapolicevgc|li|1483\n|player|p2|zhz2021|marley|1541\n|gen|9\n|tier|[Gen 9 Champions] VGC 2026 Reg M-A\n|rated|\n|rule|Species Clause: Limit one of each Pok\u00e9mon\n|rule|Item Clause: Limit 1 of each item\n|clearpoke\n|poke|p1|Scovillain, L50, M|\n|poke|p1|Hippowdon, L50, F|\n|poke|p1|Dragonite, L50, F|\n|poke|p1|Milotic, L50, F|\n|poke|p1|Sneasler, L50, M|\n|poke|p1|Farigiraf, L50, M|\n|poke|p2|Sableye, L50, M|\n|poke|p2|Archaludon, L50, F|\n|poke|p2|Scovillain, L50, M, shiny|\n|poke|p2|Basculegion-F, L50, F, shiny|\n|poke|p2|Pelipper, L50, F|\n|poke|p2|Mamoswine, L50, M|\n|teampreview|4\n|\n|t:|1776565454\n|teamsize|p1|4\n|teamsize|p2|4\n|start\n|switch|p1a: Scovillain|Scovillain, L50, M|100/100\n|switch|p1b: Milotic|Milotic, L50, F|100/100\n|switch|p2a: Sableye|Sableye, L50, M|100/100\n|switch|p2b: Basculegion|Basculegion-F, L50, F, shiny|100/100\n|turn|1\n|\n|t:|1776565475\n|switch|p2b: Scovillain|Scovillain, L50, M, shiny|100/100\n|switch|p2a: Archaludon|Archaludon, L50, F|100/100\n|detailschange|p1a: Scovillain|Scovillain-Mega, L50, M\n|-mega|p1a: Scovillain|Scovillain|Scovillainite\n|move|p1b: Milotic|Scald|p2a: Archaludon\n|-resisted|p2a: Archaludon|1\n|-damage|p2a: Archaludon|86/100\n|-ability|p2a: Archaludon|Stamina|boost\n|-boost|p2a: Archaludon|def|1\n|move|p1a: Scovillain|Giga Drain|p2b: Scovillain\n|-resisted|p2b: Scovillain|2\n|-damage|p2b: Scovillain|89/100\n|\n|-heal|p2a: Archaludon|93/100|[from] item: Leftovers\n|-ability|p2b: Scovillain|Moody|boost\n|-boost|p2b: Scovillain|spe|2\n|-unboost|p2b: Scovillain|atk|1\n|upkeep\n|turn|2\n|\n|t:|1776565515\n|switch|p1b: Farigiraf|Farigiraf, L50, M|100/100\n|detailschange|p2b: Scovillain|Scovillain-Mega, L50, M, shiny\n|-mega|p2b: Scovillain|Scovillain|Scovillainite\n|move|p2a: Archaludon|Protect|p2a: Archaludon\n|-singleturn|p2a: Archaludon|Protect\n|move|p1a: Scovillain|Rage Powder|p1a: Scovillain\n|-singleturn|p1a: Scovillain|move: Rage Powder\n|move|p2b: Scovillain|Giga Drain|p1b: Farigiraf\n|-damage|p1b: Farigiraf|73/100\n|-heal|p2b: Scovillain|100/100|[from] drain|[of] p1b: Farigiraf\n|\n|-heal|p2a: Archaludon|99/100|[from] item: Leftovers\n|upkeep\n|turn|3\n|\n|t:|1776565542\n|move|p2a: Archaludon|Protect||[still]\n|-fail|p2a: Archaludon\n|move|p2b: Scovillain|Giga Drain|p1b: Farigiraf\n|-damage|p1b: Farigiraf|42/100\n|-enditem|p1b: Farigiraf|Sitrus Berry|[eat]\n|-heal|p1b: Farigiraf|67/100|[from] item: Sitrus Berry\n|move|p1a: Scovillain|Overheat|p2b: Scovillain\n|-damage|p2b: Scovillain|32/100\n|-unboost|p1a: Scovillain|spa|2\n|-immune|p1a: Scovillain\n|move|p1b: Farigiraf|Light Screen|p1b: Farigiraf\n|-sidestart|p1: karmapolicevgc|move: Light Screen\n|\n|-heal|p2a: Archaludon|100/100|[from] item: Leftovers\n|upkeep\n|turn|4\n|\n|t:|1776565577\n|move|p2b: Scovillain|Giga Drain|p1b: Farigiraf\n|-crit|p1b: Farigiraf\n|-damage|p1b: Farigiraf|26/100\n|-heal|p2b: Scovillain|60/100|[from] drain|[of] p1b: Farigiraf\n|move|p2a: Archaludon|Electro Shot||[still]\n|-prepare|p2a: Archaludon|Electro Shot\n|-boost|p2a: Archaludon|spa|1\n|move|p1a: Scovillain|Overheat|p2b: Scovillain\n|-damage|p2b: Scovillain|25/100\n|-unboost|p1a: Scovillain|spa|2\n|-immune|p1a: Scovillain\n|move|p1b: Farigiraf|Reflect|p1b: Farigiraf\n|-sidestart|p1: karmapolicevgc|Reflect\n|\n|-activate|p1b: Farigiraf|ability: Cud Chew\n|-enditem|p1b: Farigiraf|Sitrus Berry|[eat]\n|-heal|p1b: Farigiraf|50/100|[from] item: Sitrus Berry\n|upkeep\n|turn|5\n|\n|t:|1776565606\n|move|p1a: Scovillain|Protect|p1a: Scovillain\n|-singleturn|p1a: Scovillain|Protect\n|move|p2b: Scovillain|Giga Drain|p1b: Farigiraf\n|-damage|p1b: Farigiraf|31/100\n|-heal|p2b: Scovillain|38/100|[from] drain|[of] p1b: Farigiraf\n|move|p2a: Archaludon|Electro Shot|p1b: Farigiraf|[from] lockedmove\n|-crit|p1b: Farigiraf\n|-damage|p1b: Farigiraf|0 fnt\n|faint|p1b: Farigiraf\n|\n|upkeep\n|\n|t:|1776565620\n|switch|p1b: Milotic|Milotic, L50, F|100/100\n|turn|6\n|\n|t:|1776565643\n|move|p2b: Scovillain|Giga Drain|p1b: Milotic\n|-supereffective|p1b: Milotic|1\n|-damage|p1b: Milotic|65/100\n|-heal|p2b: Scovillain|59/100|[from] drain|[of] p1b: Milotic\n|move|p2a: Archaludon|Electro Shot||[still]\n|-prepare|p2a: Archaludon|Electro Shot\n|-boost|p2a: Archaludon|spa|1\n|move|p1b: Milotic|Haze|p1b: Milotic\n|-clearallboost\n|move|p1a: Scovillain|Overheat|p2b: Scovillain\n|-damage|p2b: Scovillain|0 fnt\n|-unboost|p1a: Scovillain|spa|2\n|-immune|p1a: Scovillain\n|faint|p2b: Scovillain\n|\n|upkeep\n|\n|t:|1776565678\n|switch|p2b: Sableye|Sableye, L50, M|100/100\n|turn|7\n|-activate|p1b: Milotic|item: Quick Claw\n|\n|t:|1776565693\n|move|p1b: Milotic|Protect|p1b: Milotic\n|-singleturn|p1b: Milotic|Protect\n|move|p2b: Sableye|Disable|p1a: Scovillain\n|-start|p1a: Scovillain|Disable|Overheat\n|move|p2a: Archaludon|Electro Shot|p1b: Milotic|[from] lockedmove\n|-activate|p1b: Milotic|move: Protect\n|cant|p1a: Scovillain|Disable|Overheat\n|\n|-sideend|p1: karmapolicevgc|move: Light Screen\n|upkeep\n|turn|8\n|\n|t:|1776565721\n|move|p2b: Sableye|Rain Dance|p2b: Sableye\n|-weather|RainDance\n|move|p2a: Archaludon|Electro Shot||[still]\n|-prepare|p2a: Archaludon|Electro Shot\n|-boost|p2a: Archaludon|spa|1\n|-anim|p2a: Archaludon|Electro Shot|p1b: Milotic\n|-supereffective|p1b: Milotic|1\n|-damage|p1b: Milotic|0 fnt\n|faint|p1b: Milotic\n|move|p1a: Scovillain|Giga Drain|p2b: Sableye\n|-damage|p2b: Sableye|79/100\n|\n|-weather|RainDance|[upkeep]\n|-sideend|p1: karmapolicevgc|Reflect\n|upkeep\n|\n|t:|1776565727\n|switch|p1b: Sneasler|Sneasler, L50, M|100/100\n|turn|9\n|\n|t:|1776565738\n|move|p2a: Archaludon|Protect|p2a: Archaludon\n|-singleturn|p2a: Archaludon|Protect\n|move|p1a: Scovillain|Rage Powder|p1a: Scovillain\n|-singleturn|p1a: Scovillain|move: Rage Powder\n|move|p2b: Sableye|Encore|p1a: Scovillain\n|-start|p1a: Scovillain|Encore\n|move|p1b: Sneasler|Close Combat|p2a: Archaludon\n|-activate|p2a: Archaludon|move: Protect\n|\n|-weather|RainDance|[upkeep]\n|upkeep\n|turn|10\n|\n|t:|1776565755\n|switch|p2a: Basculegion|Basculegion-F, L50, F, shiny|100/100\n|move|p1a: Scovillain|Rage Powder|p1a: Scovillain\n|-singleturn|p1a: Scovillain|move: Rage Powder\n|move|p2b: Sableye|Encore||[still]\n|-fail|p2b: Sableye\n|move|p1b: Sneasler|Close Combat|p2a: Basculegion\n|-immune|p2a: Basculegion\n|\n|-weather|RainDance|[upkeep]\n|-end|p1a: Scovillain|Disable\n|upkeep\n|turn|11\n|\n|t:|1776565772\n|switch|p2b: Archaludon|Archaludon, L50, F|100/100\n|move|p1a: Scovillain|Rage Powder|p1a: Scovillain\n|-singleturn|p1a: Scovillain|move: Rage Powder\n|move|p2a: Basculegion|Muddy Water|p1a: Scovillain|[spread] p1a\n|-miss|p2a: Basculegion|p1b: Sneasler\n|-damage|p1a: Scovillain|62/100\n|-status|p2a: Basculegion|brn|[from] ability: Spicy Spray|[of] p1a: Scovillain\n|move|p1b: Sneasler|Dire Claw|p2a: Basculegion\n|-resisted|p2a: Basculegion|1\n|-damage|p2a: Basculegion|79/100 brn\n|\n|-weather|RainDance|[upkeep]\n|-damage|p2a: Basculegion|73/100 brn|[from] brn\n|upkeep\n|turn|12\n|\n|t:|1776565796\n|switch|p2b: Sableye|Sableye, L50, M|79/100\n|move|p1a: Scovillain|Rage Powder|p1a: Scovillain\n|-singleturn|p1a: Scovillain|move: Rage Powder\n|move|p2a: Basculegion|Muddy Water|p1a: Scovillain|[spread] p1a,p1b\n|-damage|p1a: Scovillain|24/100\n|-damage|p1b: Sneasler|34/100\n|-unboost|p1b: Sneasler|accuracy|1\n|-enditem|p1b: Sneasler|White Herb\n|-clearnegativeboost|p1b: Sneasler|[silent]\n|move|p1b: Sneasler|Dire Claw|p2a: Basculegion\n|-resisted|p2a: Basculegion|1\n|-damage|p2a: Basculegion|50/100 brn\n|\n|-weather|none\n|-damage|p2a: Basculegion|44/100 brn|[from] brn\n|-end|p1a: Scovillain|Encore\n|upkeep\n|turn|13\n|\n|t:|1776565816\n|move|p1a: Scovillain|Protect|p1a: Scovillain\n|-singleturn|p1a: Scovillain|Protect\n|move|p2b: Sableye|Rain Dance|p2b: Sableye\n|-weather|RainDance\n|move|p1b: Sneasler|Dire Claw|p2b: Sableye\n|-resisted|p2b: Sableye|1\n|-damage|p2b: Sableye|52/100\n|move|p2a: Basculegion|Muddy Water|p1b: Sneasler|[spread] p1b\n|-activate|p1a: Scovillain|move: Protect\n|-damage|p1b: Sneasler|0 fnt\n|faint|p1b: Sneasler\n|\n|-weather|RainDance|[upkeep]\n|-damage|p2a: Basculegion|37/100 brn|[from] brn\n|upkeep\n|turn|14\n|-message|karmapolicevgc forfeited.\n|\n|win|zhz2021\n|raw|karmapolicevgc's rating: 1483 &rarr; <strong>1467</strong><br />(-16 for losing)\n|raw|zhz2021's rating: 1561 &rarr; <strong>1577</strong><br />(+16 for winning)\n|l|\u2606karmapolicevgc\n|player|p1|\n|l|\u2606zhz2021\n|player|p2|\n",
  "uploadtime": 1776565840,
  "views": 14,
  "formatid": "gen9championsvgc2026regma",
  "rating": 1467,
  "private": 0,
  "password": null
}