{
  "id": "gen9championsvgc2026regma-2582283608",
  "format": "[Gen 9 Champions] VGC 2026 Reg M-A",
  "players": [
    "noobeymcnoob16",
    "LycheeEXE"
  ],
  "log": "|j|\u2606noobeymcnoob16\n|j|\u2606LycheeEXE\n|t:|1776079631\n|gametype|doubles\n|player|p1|noobeymcnoob16|caitlin|1141\n|player|p2|LycheeEXE|170|1074\n|gen|9\n|tier|[Gen 9 Champions] VGC 2026 Reg M-A\n|rated|\n|rule|Species Clause: Limit one of each Pok\u00e9mon\n|rule|Item Clause: Limit 1 of each item\n|clearpoke\n|poke|p1|Floette-Eternal, L50, F|\n|poke|p1|Incineroar, L50, M|\n|poke|p1|Dragapult, L50, F|\n|poke|p1|Sneasler, L50, F|\n|poke|p1|Whimsicott, L50, F|\n|poke|p1|Garchomp, L50, F|\n|poke|p2|Vivillon, L50, M|\n|poke|p2|Volcarona, L50, F|\n|poke|p2|Heracross, L50, M|\n|poke|p2|Scizor, L50, M|\n|poke|p2|Araquanid, L50, F|\n|poke|p2|Ariados, L50, F|\n|teampreview|4\n|\n|t:|1776079654\n|teamsize|p1|4\n|teamsize|p2|4\n|start\n|switch|p1a: Incineroar|Incineroar, L50, M, shiny|100/100\n|switch|p1b: Sneasler|Sneasler, L50, F, shiny|100/100\n|switch|p2a: Vivillon|Vivillon, L50, M|100/100\n|switch|p2b: Heracross|Heracross, L50, M|100/100\n|-ability|p1a: Incineroar|Intimidate|boost\n|-unboost|p2a: Vivillon|atk|1\n|-unboost|p2b: Heracross|atk|1\n|turn|1\n|inactive|Battle timer is ON: inactive players will automatically lose when time's up. (requested by noobeymcnoob16)\n|\n|t:|1776079673\n|move|p1b: Sneasler|Fake Out|p2a: Vivillon\n|-damage|p2a: Vivillon|73/100\n|move|p2b: Heracross|Upper Hand|p1a: Incineroar\n|-supereffective|p1a: Incineroar|1\n|-damage|p1a: Incineroar|58/100\n|cant|p1a: Incineroar|flinch\n|cant|p2a: Vivillon|flinch\n|\n|upkeep\n|turn|2\n|\n|t:|1776079687\n|detailschange|p2b: Heracross|Heracross-Mega, L50, M\n|-mega|p2b: Heracross|Heracross|Heracronite\n|move|p2a: Vivillon|Sleep Powder|p1b: Sneasler\n|-status|p1b: Sneasler|slp|[from] move: Sleep Powder\n|cant|p1b: Sneasler|slp\n|move|p2b: Heracross|Rock Blast|p1a: Incineroar\n|-supereffective|p1a: Incineroar|1\n|-damage|p1a: Incineroar|44/100\n|-supereffective|p1a: Incineroar|1\n|-damage|p1a: Incineroar|30/100\n|-supereffective|p1a: Incineroar|1\n|-damage|p1a: Incineroar|15/100\n|-supereffective|p1a: Incineroar|1\n|-damage|p1a: Incineroar|1/100\n|-supereffective|p1a: Incineroar|1\n|-damage|p1a: Incineroar|0 fnt\n|faint|p1a: Incineroar\n|-hitcount|p1: Incineroar|5\n|\n|upkeep\n|\n|t:|1776079702\n|switch|p1a: Garchomp|Garchomp, L50, F|100/100\n|turn|3\n|\n|t:|1776079712\n|move|p2a: Vivillon|Sleep Powder|p1a: Garchomp\n|-status|p1a: Garchomp|slp|[from] move: Sleep Powder\n|cant|p1b: Sneasler|slp\n|cant|p1a: Garchomp|slp\n|move|p2b: Heracross|Earthquake|p1b: Sneasler|[spread] p1a,p1b\n|-immune|p2a: Vivillon\n|-supereffective|p1b: Sneasler|1\n|-damage|p1a: Garchomp|77/100 slp\n|-damage|p1b: Sneasler|19/100 slp\n|\n|upkeep\n|turn|4\n|\n|t:|1776079725\n|move|p2a: Vivillon|Sleep Powder|p1b: Sneasler\n|-fail|p1b: Sneasler|slp\n|-curestatus|p1b: Sneasler|slp|[msg]\n|move|p1b: Sneasler|Dire Claw|p2a: Vivillon\n|-damage|p2a: Vivillon|0 fnt\n|faint|p2a: Vivillon\n|cant|p1a: Garchomp|slp\n|move|p2b: Heracross|Earthquake|p1b: Sneasler|[spread] p1a,p1b\n|-supereffective|p1b: Sneasler|1\n|-damage|p1a: Garchomp|55/100 slp\n|-damage|p1b: Sneasler|0 fnt\n|faint|p1b: Sneasler\n|\n|upkeep\n|\n|t:|1776079735\n|switch|p1b: Floette|Floette-Eternal, L50, F|100/100\n|switch|p2a: Araquanid|Araquanid, L50, F|100/100\n|turn|5\n|inactive|LycheeEXE has 30 seconds left.\n|\n|t:|1776079763\n|detailschange|p1b: Floette|Floette-Mega, L50, F\n|-mega|p1b: Floette|Floette|Floettite\n|-ability|p1b: Floette|Fairy Aura\n|move|p2a: Araquanid|Wide Guard|p2a: Araquanid\n|-singleturn|p2a: Araquanid|Wide Guard\n|move|p1b: Floette|Moonblast|p2b: Heracross\n|-supereffective|p2b: Heracross|1\n|-damage|p2b: Heracross|0 fnt\n|faint|p2b: Heracross\n|-curestatus|p1a: Garchomp|slp|[msg]\n|move|p1a: Garchomp|Rock Slide|p2a: Araquanid\n|-activate|p2a: Araquanid|move: Wide Guard\n|\n|upkeep\n|\n|t:|1776079772\n|switch|p2b: Scizor|Scizor, L50, M|100/100\n|turn|6\n|\n|t:|1776079787\n|move|p1b: Floette|Protect|p1b: Floette\n|-singleturn|p1b: Floette|Protect\n|move|p2b: Scizor|Protect|p2b: Scizor\n|-singleturn|p2b: Scizor|Protect\n|move|p1a: Garchomp|Dragon Claw|p2a: Araquanid\n|-damage|p2a: Araquanid|46/100\n|move|p2a: Araquanid|Ice Beam|p1a: Garchomp\n|-supereffective|p1a: Garchomp|2\n|-damage|p1a: Garchomp|0 fnt\n|faint|p1a: Garchomp\n|\n|upkeep\n|turn|7\n|\n|t:|1776079801\n|move|p2b: Scizor|Bullet Punch|p1b: Floette\n|-supereffective|p1b: Floette|1\n|-damage|p1b: Floette|15/100\n|move|p1b: Floette|Moonblast|p2a: Araquanid\n|-damage|p2a: Araquanid|0 fnt\n|faint|p2a: Araquanid\n|\n|upkeep\n|turn|8\n|\n|t:|1776079808\n|move|p1b: Floette|Protect|p1b: Floette\n|-singleturn|p1b: Floette|Protect\n|move|p2b: Scizor|Bullet Punch|p1b: Floette\n|-activate|p1b: Floette|move: Protect\n|\n|upkeep\n|turn|9\n|\n|t:|1776079816\n|move|p2b: Scizor|Bullet Punch|p1b: Floette\n|-supereffective|p1b: Floette|1\n|-damage|p1b: Floette|0 fnt\n|faint|p1b: Floette\n|\n|win|LycheeEXE\n|raw|noobeymcnoob16's rating: 1141 &rarr; <strong>1111</strong><br />(-30 for losing)\n|raw|LycheeEXE's rating: 1074 &rarr; <strong>1108</strong><br />(+34 for winning)\n|l|\u2606noobeymcnoob16\n|player|p1|\n",
  "uploadtime": 1776079822,
  "views": 16,
  "formatid": "gen9championsvgc2026regma",
  "rating": 1108,
  "private": 0,
  "password": null
}