{
  "id": "gen9championsvgc2026regma-2581739979",
  "format": "[Gen 9 Champions] VGC 2026 Reg M-A",
  "players": [
    "SunTufo",
    "NickChaos"
  ],
  "log": "|j|\u2606SunTufo\n|j|\u2606NickChaos\n|t:|1776024746\n|gametype|doubles\n|player|p1|SunTufo|li|1332\n|player|p2|NickChaos|2|1289\n|gen|9\n|tier|[Gen 9 Champions] VGC 2026 Reg M-A\n|rated|\n|rule|Species Clause: Limit one of each Pok\u00e9mon\n|rule|Item Clause: Limit 1 of each item\n|clearpoke\n|poke|p1|Basculegion, L50, M|\n|poke|p1|Pelipper, L50, M|\n|poke|p1|Floette-Eternal, L50, F|\n|poke|p1|Archaludon, L50, F|\n|poke|p1|Sinistcha, L50|\n|poke|p1|Talonflame, L50, M|\n|poke|p2|Politoed, L50, M|\n|poke|p2|Meganium, L50, F|\n|poke|p2|Dragonite, L50, F|\n|poke|p2|Sableye, L50, F|\n|poke|p2|Basculegion, L50, M|\n|poke|p2|Garchomp, L50, M|\n|teampreview|4\n|inactive|Battle timer is ON: inactive players will automatically lose when time's up. (requested by SunTufo)\n|inactive|NickChaos has 60 seconds left.\n|\n|t:|1776024797\n|teamsize|p1|4\n|teamsize|p2|4\n|start\n|switch|p1a: Talonflame|Talonflame, L50, M|100/100\n|switch|p1b: Basculegion|Basculegion, L50, M|100/100\n|switch|p2a: Sableye|Sableye, L50, F|100/100\n|switch|p2b: Basculegion|Basculegion, L50, M|100/100\n|turn|1\n|\n|t:|1776024809\n|move|p2a: Sableye|Fake Out|p1a: Talonflame\n|-damage|p1a: Talonflame|89/100\n|move|p1b: Basculegion|Wave Crash|p2a: Sableye\n|-damage|p2a: Sableye|0 fnt\n|faint|p2a: Sableye\n|-damage|p1b: Basculegion|74/100|[from] Recoil\n|cant|p1a: Talonflame|flinch\n|move|p2b: Basculegion|Flip Turn|p1a: Talonflame\n|-supereffective|p1a: Talonflame|1\n|-damage|p1a: Talonflame|0 fnt\n|faint|p1a: Talonflame\n|\n|t:|1776024827\n|switch|p2b: Dragonite|Dragonite, L50, F, shiny|100/100|[from] Flip Turn\n|\n|upkeep\n|\n|t:|1776024835\n|switch|p1a: Floette|Floette-Eternal, L50, F|100/100\n|switch|p2a: Basculegion|Basculegion, L50, M|100/100\n|turn|2\n|\n|t:|1776024845\n|switch|p1b: Sinistcha|Sinistcha, L50|100/100\n|move|p1a: Floette|Protect|p1a: Floette\n|-singleturn|p1a: Floette|Protect\n|move|p2a: Basculegion|Wave Crash|p1a: Floette\n|-activate|p1a: Floette|move: Protect\n|move|p2b: Dragonite|Tailwind|p2b: Dragonite\n|-sidestart|p2: NickChaos|move: Tailwind\n|\n|upkeep\n|turn|3\n|\n|t:|1776024863\n|switch|p2a: Garchomp|Garchomp, L50, M|100/100\n|detailschange|p1a: Floette|Floette-Mega, L50, F\n|-mega|p1a: Floette|Floette|Floettite\n|-ability|p1a: Floette|Fairy Aura\n|move|p1b: Sinistcha|Rage Powder|p1b: Sinistcha\n|-singleturn|p1b: Sinistcha|move: Rage Powder\n|move|p2b: Dragonite|Hurricane|p1b: Sinistcha\n|-supereffective|p1b: Sinistcha|1\n|-damage|p1b: Sinistcha|2/100\n|move|p1a: Floette|Calm Mind|p1a: Floette\n|-boost|p1a: Floette|spa|1\n|-boost|p1a: Floette|spd|1\n|\n|upkeep\n|turn|4\n|inactive|NickChaos has 30 seconds left.\n|\n|t:|1776024892\n|move|p2a: Garchomp|Protect|p2a: Garchomp\n|-singleturn|p2a: Garchomp|Protect\n|move|p2b: Dragonite|Ice Beam|p1b: Sinistcha\n|-supereffective|p1b: Sinistcha|1\n|-damage|p1b: Sinistcha|0 fnt\n|faint|p1b: Sinistcha\n|move|p1a: Floette|Moonblast|p2b: Dragonite\n|-supereffective|p2b: Dragonite|1\n|-damage|p2b: Dragonite|0 fnt\n|faint|p2b: Dragonite\n|\n|upkeep\n|\n|t:|1776024903\n|switch|p2b: Basculegion|Basculegion, L50, M|100/100\n|switch|p1b: Basculegion|Basculegion, L50, M|74/100\n|turn|5\n|\n|t:|1776024910\n|move|p1a: Floette|Protect|p1a: Floette\n|-singleturn|p1a: Floette|Protect\n|move|p2b: Basculegion|Phantom Force||[still]\n|-prepare|p2b: Basculegion|Phantom Force\n|move|p2a: Garchomp|Poison Jab|p1a: Floette\n|-activate|p1a: Floette|move: Protect\n|move|p1b: Basculegion|Last Respects|p2b: Basculegion|[miss]\n|-miss|p1b: Basculegion|p2b: Basculegion\n|\n|-sideend|p2: NickChaos|move: Tailwind\n|upkeep\n|turn|6\n|\n|t:|1776024929\n|move|p1b: Basculegion|Last Respects|p2a: Garchomp\n|-damage|p2a: Garchomp|9/100\n|move|p2b: Basculegion|Phantom Force|p1a: Floette|[from] lockedmove\n|-damage|p1a: Floette|41/100\n|move|p2a: Garchomp|Poison Jab|p1a: Floette\n|-supereffective|p1a: Floette|1\n|-damage|p1a: Floette|0 fnt\n|faint|p1a: Floette\n|\n|upkeep\n|turn|7\n|\n|t:|1776024944\n|move|p1b: Basculegion|Last Respects|p2b: Basculegion\n|-supereffective|p2b: Basculegion|1\n|-damage|p2b: Basculegion|0 fnt\n|faint|p2b: Basculegion\n|move|p2a: Garchomp|Dragon Claw|p1b: Basculegion\n|-damage|p1b: Basculegion|25/100\n|\n|upkeep\n|turn|8\n|\n|t:|1776024953\n|move|p1b: Basculegion|Last Respects|p2a: Garchomp\n|-damage|p2a: Garchomp|0 fnt\n|faint|p2a: Garchomp\n|\n|win|SunTufo\n|raw|SunTufo's rating: 1332 &rarr; <strong>1350</strong><br />(+18 for winning)\n|raw|NickChaos's rating: 1289 &rarr; <strong>1267</strong><br />(-22 for losing)\n",
  "uploadtime": 1776024953,
  "views": 33,
  "formatid": "gen9championsvgc2026regma",
  "rating": 1267,
  "private": 0,
  "password": null
}