{
  "id": "gen9championsvgc2026regma-2588449820",
  "format": "[Gen 9 Champions] VGC 2026 Reg M-A",
  "players": [
    "HEDPEHDEH",
    "Yslade"
  ],
  "log": "|j|\u2606HEDPEHDEH\n|j|\u2606Yslade\n|t:|1776634556\n|gametype|doubles\n|player|p1|HEDPEHDEH|169|1154\n|player|p2|Yslade|preschooler|1253\n|gen|9\n|tier|[Gen 9 Champions] VGC 2026 Reg M-A\n|rated|\n|rule|Species Clause: Limit one of each Pok\u00e9mon\n|rule|Item Clause: Limit 1 of each item\n|clearpoke\n|poke|p1|Scovillain, L50, F, shiny|\n|poke|p1|Whimsicott, L50, M, shiny|\n|poke|p1|Milotic, L50, F, shiny|\n|poke|p1|Gengar, L50, M, shiny|\n|poke|p1|Kommo-o, L50, M, shiny|\n|poke|p1|Arcanine-Hisui, L50, F|\n|poke|p2|Torkoal, L50, M|\n|poke|p2|Oranguru, L50, F|\n|poke|p2|Sinistcha, L50|\n|poke|p2|Floette-Eternal, L50, F|\n|poke|p2|Incineroar, L50, M|\n|poke|p2|Kingambit, L50, F|\n|teampreview|4\n|inactive|Battle timer is ON: inactive players will automatically lose when time's up. (requested by Yslade)\nHEDPEHDEH has agreed to open team sheets.\n|inactive|HEDPEHDEH has 60 seconds left.\n|inactive|Yslade has 60 seconds left.\n|\n|t:|1776634605\n|teamsize|p1|4\n|teamsize|p2|4\n|start\n|switch|p1a: Whimsicott|Whimsicott, L50, M, shiny|100/100\n|switch|p1b: Milotic|Milotic, L50, F, shiny|100/100\n|switch|p2a: Torkoal|Torkoal, L50, M|100/100\n|switch|p2b: Oranguru|Oranguru, L50, F|100/100\n|-weather|SunnyDay|[from] ability: Drought|[of] p2a: Torkoal\n|turn|1\n|\n|t:|1776634629\n|move|p1a: Whimsicott|Protect|p1a: Whimsicott\n|-singleturn|p1a: Whimsicott|Protect\n|move|p2a: Torkoal|Protect|p2a: Torkoal\n|-singleturn|p2a: Torkoal|Protect\n|move|p1b: Milotic|Scald|p2a: Torkoal\n|-activate|p2a: Torkoal|move: Protect\n|move|p2b: Oranguru|Trick Room|p2b: Oranguru\n|-fieldstart|move: Trick Room|[of] p2b: Oranguru\n|\n|-weather|SunnyDay|[upkeep]\n|upkeep\n|turn|2\n|\n|t:|1776634647\n|move|p1a: Whimsicott|Encore|p2b: Oranguru\n|-start|p2b: Oranguru|Encore\n|-enditem|p2b: Oranguru|Mental Herb\n|-end|p2b: Oranguru|Encore\n|move|p2a: Torkoal|Eruption|p1a: Whimsicott|[spread] p1a,p1b\n|-supereffective|p1a: Whimsicott|1\n|-resisted|p1b: Milotic|1\n|-enditem|p1a: Whimsicott|Focus Sash\n|-damage|p1a: Whimsicott|1/100\n|-damage|p1b: Milotic|69/100\n|move|p2b: Oranguru|Instruct|p2a: Torkoal\n|-singleturn|p2a: Torkoal|move: Instruct|[of] p2b: Oranguru\n|move|p2a: Torkoal|Eruption|p1b: Milotic|[spread] p1a,p1b\n|-supereffective|p1a: Whimsicott|1\n|-crit|p1a: Whimsicott\n|-resisted|p1b: Milotic|1\n|-damage|p1a: Whimsicott|0 fnt\n|-damage|p1b: Milotic|37/100\n|faint|p1a: Whimsicott\n|move|p1b: Milotic|Scald|p2a: Torkoal\n|-supereffective|p2a: Torkoal|1\n|-damage|p2a: Torkoal|53/100\n|\n|-weather|SunnyDay|[upkeep]\n|-heal|p1b: Milotic|43/100|[from] item: Leftovers\n|upkeep\n|\n|t:|1776634666\n|switch|p1a: Arcanine|Arcanine-Hisui, L50, F|100/100\n|-ability|p1a: Arcanine|Intimidate|boost\n|-unboost|p2a: Torkoal|atk|1\n|-fail|p2b: Oranguru|unboost|Attack|[from] ability: Inner Focus|[of] p2b: Oranguru\n|turn|3\n|\n|t:|1776634683\n|move|p1a: Arcanine|Extreme Speed|p2a: Torkoal\n|-damage|p2a: Torkoal|30/100\n|move|p2a: Torkoal|Earth Power|p1a: Arcanine\n|-supereffective|p1a: Arcanine|2\n|-damage|p1a: Arcanine|0 fnt\n|faint|p1a: Arcanine\n|move|p2b: Oranguru|Instruct|p2a: Torkoal\n|-singleturn|p2a: Torkoal|move: Instruct|[of] p2b: Oranguru\n|move|p2a: Torkoal|Earth Power|p1b: Milotic\n|-damage|p1b: Milotic|25/100\n|move|p1b: Milotic|Scald|p2a: Torkoal\n|-supereffective|p2a: Torkoal|1\n|-damage|p2a: Torkoal|0 fnt\n|faint|p2a: Torkoal\n|\n|-weather|SunnyDay|[upkeep]\n|-heal|p1b: Milotic|31/100|[from] item: Leftovers\n|upkeep\n|inactive|Yslade has 30 seconds left.\n|\n|t:|1776634715\n|switch|p2a: Sinistcha|Sinistcha, L50|100/100\n|switch|p1a: Gengar|Gengar, L50, M, shiny|100/100\n|turn|4\n|inactive|HEDPEHDEH has 30 seconds left.\n|\n|t:|1776634749\n|detailschange|p1a: Gengar|Gengar-Mega, L50, M, shiny\n|-mega|p1a: Gengar|Gengar|Gengarite\n|move|p1b: Milotic|Protect|p1b: Milotic\n|-singleturn|p1b: Milotic|Protect\n|move|p1a: Gengar|Protect|p1a: Gengar\n|-singleturn|p1a: Gengar|Protect\n|move|p2b: Oranguru|Psyshock|p1a: Gengar\n|-activate|p1a: Gengar|move: Protect\n|move|p2a: Sinistcha|Matcha Gotcha|p1b: Milotic|[spread] \n|-activate|p1a: Gengar|move: Protect\n|-activate|p1b: Milotic|move: Protect\n|\n|-weather|SunnyDay|[upkeep]\n|-heal|p1b: Milotic|37/100|[from] item: Leftovers\n|upkeep\n|turn|5\n|inactive|HEDPEHDEH has 30 seconds left.\n|\n|t:|1776634775\n|move|p1a: Gengar|Protect|p1a: Gengar\n|-singleturn|p1a: Gengar|Protect\n|move|p2b: Oranguru|Psyshock|p1a: Gengar\n|-activate|p1a: Gengar|move: Protect\n|move|p2a: Sinistcha|Matcha Gotcha|p1b: Milotic|[spread] p1b\n|-activate|p1a: Gengar|move: Protect\n|-supereffective|p1b: Milotic|1\n|-damage|p1b: Milotic|0 fnt\n|faint|p1b: Milotic\n|\n|-weather|none\n|-fieldend|move: Trick Room\n|upkeep\n|turn|6\n|inactive|Yslade has 30 seconds left.\n|\n|t:|1776634801\n|move|p2a: Sinistcha|Rage Powder|p2a: Sinistcha\n|-singleturn|p2a: Sinistcha|move: Rage Powder\n|move|p1a: Gengar|Disable|p2a: Sinistcha\n|-start|p2a: Sinistcha|Disable|Rage Powder\n|move|p2b: Oranguru|Trick Room|p2b: Oranguru\n|-fieldstart|move: Trick Room|[of] p2b: Oranguru\n|\n|upkeep\n|turn|7\n|\n|t:|1776634817\n|switch|p2a: Floette|Floette-Eternal, L50, F|100/100\n|move|p1a: Gengar|Protect|p1a: Gengar\n|-singleturn|p1a: Gengar|Protect\n|move|p2b: Oranguru|Psyshock|p1a: Gengar\n|-activate|p1a: Gengar|move: Protect\n|\n|upkeep\n|turn|8\n|\n|t:|1776634829\n|detailschange|p2a: Floette|Floette-Mega, L50, F\n|-mega|p2a: Floette|Floette|Floettite\n|-ability|p2a: Floette|Fairy Aura\n|move|p2b: Oranguru|Psyshock|p1a: Gengar\n|-supereffective|p1a: Gengar|1\n|-damage|p1a: Gengar|16/100\n|move|p2a: Floette|Calm Mind|p2a: Floette\n|-boost|p2a: Floette|spa|1\n|-boost|p2a: Floette|spd|1\n|move|p1a: Gengar|Disable|p2b: Oranguru\n|-start|p2b: Oranguru|Disable|Psyshock\n|\n|upkeep\n|turn|9\n|-message|HEDPEHDEH forfeited.\n|\n|win|Yslade\n|raw|HEDPEHDEH's rating: 1154 &rarr; <strong>1136</strong><br />(-18 for losing)\n|raw|Yslade's rating: 1253 &rarr; <strong>1271</strong><br />(+18 for winning)\n|c|\u2606Yslade|Gg\n",
  "uploadtime": 1776634854,
  "views": 11,
  "formatid": "gen9championsvgc2026regma",
  "rating": 1136,
  "private": 0,
  "password": null
}