{
  "id": "gen9championsvgc2026regma-2583939944",
  "format": "[Gen 9 Champions] VGC 2026 Reg M-A",
  "players": [
    "Skulltuna3",
    "bbsang"
  ],
  "log": "|j|\u2606Skulltuna3\n|j|\u2606bbsang\n|t:|1776210130\n|gametype|doubles\n|player|p1|Skulltuna3|1|1144\n|player|p2|bbsang|169|1074\n|gen|9\n|tier|[Gen 9 Champions] VGC 2026 Reg M-A\n|rated|\n|rule|Species Clause: Limit one of each Pok\u00e9mon\n|rule|Item Clause: Limit 1 of each item\n|clearpoke\n|poke|p1|Kingambit, L50, F|\n|poke|p1|Sneasler, L50, F|\n|poke|p1|Sableye, L50, F|\n|poke|p1|Floette-Eternal, L50, F|\n|poke|p1|Aggron, L50, F|\n|poke|p1|Hatterene, L50, F|\n|poke|p2|Armarouge, L50, M|\n|poke|p2|Whimsicott, L50, M|\n|poke|p2|Lycanroc-Dusk, L50, M|\n|poke|p2|Meowstic, L50, M|\n|poke|p2|Milotic, L50, F|\n|poke|p2|Aegislash, L50, M|\n|teampreview|4\n|inactive|Battle timer is ON: inactive players will automatically lose when time's up. (requested by Skulltuna3)\n|inactive|bbsang has 60 seconds left.\n|\n|t:|1776210181\n|teamsize|p1|4\n|teamsize|p2|4\n|start\n|switch|p1a: Kingambit|Kingambit, L50, F|100/100\n|switch|p1b: Sneasler|Sneasler, L50, F|100/100\n|switch|p2a: Meowstic|Meowstic, L50, M|100/100\n|switch|p2b: Armarouge|Armarouge, L50, M, shiny|100/100\n|turn|1\n|inactive|Skulltuna3 has 30 seconds left.\n|inactive|bbsang has 30 seconds left.\n|\n|t:|1776210213\n|detailschange|p2a: Meowstic|Meowstic-M-Mega, L50, M\n|-mega|p2a: Meowstic|Meowstic|Meowsticite\n|-ability|p2a: Meowstic|Defiant|Trace|[from] ability: Trace|[of] p1a: Kingambit\n|move|p1b: Sneasler|Dire Claw|p2b: Armarouge\n|-damage|p2b: Armarouge|58/100\n|-status|p2b: Armarouge|psn\n|move|p2a: Meowstic|Psychic Terrain|p2a: Meowstic\n|-fieldstart|move: Psychic Terrain\n|move|p2b: Armarouge|Armor Cannon|p1a: Kingambit\n|-supereffective|p1a: Kingambit|1\n|-damage|p1a: Kingambit|0 fnt\n|-unboost|p2b: Armarouge|def|1\n|-unboost|p2b: Armarouge|spd|1\n|faint|p1a: Kingambit\n|\n|-damage|p2b: Armarouge|46/100 psn|[from] psn\n|upkeep\n|-enditem|p2b: Armarouge|Sitrus Berry|[eat]\n|-heal|p2b: Armarouge|71/100 psn|[from] item: Sitrus Berry\n|inactive|Skulltuna3 has 30 seconds left.\n|\n|t:|1776210238\n|switch|p1a: Floette|Floette-Eternal, L50, F|100/100\n|turn|2\n|\n|t:|1776210257\n|move|p1b: Sneasler|Dire Claw|p2a: Meowstic\n|-damage|p2a: Meowstic|48/100\n|move|p1a: Floette|Calm Mind|p1a: Floette\n|-boost|p1a: Floette|spa|1\n|-boost|p1a: Floette|spd|1\n|move|p2a: Meowstic|Expanding Force|p1a: Floette|[spread] p1a,p1b\n|-supereffective|p1b: Sneasler|2\n|-damage|p1a: Floette|64/100\n|-enditem|p1b: Sneasler|Focus Sash\n|-damage|p1b: Sneasler|1/100\n|move|p2b: Armarouge|Armor Cannon|p1a: Floette\n|-damage|p1a: Floette|27/100\n|-unboost|p2b: Armarouge|def|1\n|-unboost|p2b: Armarouge|spd|1\n|\n|-damage|p2b: Armarouge|58/100 psn|[from] psn\n|upkeep\n|turn|3\n|inactive|bbsang has 30 seconds left.\n|\n|t:|1776210283\n|detailschange|p1a: Floette|Floette-Mega, L50, F\n|-mega|p1a: Floette|Floette|Floettite\n|-ability|p1a: Floette|Fairy Aura\n|move|p1b: Sneasler|Dire Claw|p2b: Armarouge\n|-damage|p2b: Armarouge|0 fnt\n|faint|p2b: Armarouge\n|move|p1a: Floette|Dazzling Gleam|p2a: Meowstic\n|-damage|p2a: Meowstic|0 fnt\n|faint|p2a: Meowstic\n|\n|upkeep\n|\n|t:|1776210295\n|switch|p2a: Milotic|Milotic, L50, F, shiny|100/100\n|switch|p2b: Aegislash|Aegislash, L50, M, shiny|100/100\n|turn|4\n|inactive|bbsang has 30 seconds left.\n|\n|t:|1776210330\n|move|p1a: Floette|Protect|p1a: Floette\n|-singleturn|p1a: Floette|Protect\n|move|p2b: Aegislash|King's Shield|p2b: Aegislash\n|-singleturn|p2b: Aegislash|Protect\n|move|p1b: Sneasler|Close Combat|p2a: Milotic\n|-damage|p2a: Milotic|40/100\n|-unboost|p1b: Sneasler|def|1\n|-unboost|p1b: Sneasler|spd|1\n|move|p2a: Milotic|Icy Wind|p1b: Sneasler|[spread] p1b\n|-activate|p1a: Floette|move: Protect\n|-damage|p1b: Sneasler|0 fnt\n|faint|p1b: Sneasler\n|\n|-heal|p2a: Milotic|46/100|[from] item: Leftovers\n|upkeep\n|\n|t:|1776210341\n|switch|p1b: Sableye|Sableye, L50, F|100/100\n|turn|5\n|inactive|Skulltuna3 has 30 seconds left.\n|inactive|bbsang has 30 seconds left.\n|\n|t:|1776210367\n|move|p1a: Floette|Dazzling Gleam|p2b: Aegislash|[spread] p2a,p2b\n|-crit|p2a: Milotic\n|-resisted|p2b: Aegislash|1\n|-crit|p2b: Aegislash\n|-damage|p2a: Milotic|0 fnt\n|-damage|p2b: Aegislash|65/100\n|faint|p2a: Milotic\n|-formechange|p2b: Aegislash|Aegislash-Blade|\n|move|p2b: Aegislash|Iron Head|p1a: Floette\n|-supereffective|p1a: Floette|1\n|-damage|p1a: Floette|0 fnt\n|faint|p1a: Floette\n|move|p1b: Sableye|Night Shade|p2b: Aegislash\n|-damage|p2b: Aegislash|35/100\n|\n|-fieldend|move: Psychic Terrain\n|upkeep\n|turn|6\n|\n|t:|1776210392\n|move|p2b: Aegislash|Iron Head|p1b: Sableye\n|-damage|p1b: Sableye|36/100\n|-enditem|p1b: Sableye|Sitrus Berry|[eat]\n|-heal|p1b: Sableye|60/100|[from] item: Sitrus Berry\n|move|p1b: Sableye|Night Shade|p2b: Aegislash\n|-damage|p2b: Aegislash|5/100\n|\n|upkeep\n|turn|7\n|\n|t:|1776210403\n|move|p2b: Aegislash|Iron Head|p1b: Sableye\n|-damage|p1b: Sableye|0 fnt\n|faint|p1b: Sableye\n|\n|win|bbsang\n|raw|Skulltuna3's rating: 1144 &rarr; <strong>1114</strong><br />(-30 for losing)\n|raw|bbsang's rating: 1074 &rarr; <strong>1109</strong><br />(+35 for winning)\n|l|\u2606Skulltuna3\n|player|p1|\n",
  "uploadtime": 1776210412,
  "views": 20,
  "formatid": "gen9championsvgc2026regma",
  "rating": 1109,
  "private": 0,
  "password": null
}