{
  "id": "gen9championsvgc2026regma-2581207490",
  "format": "[Gen 9 Champions] VGC 2026 Reg M-A",
  "players": [
    "SukyShiro",
    "certified dice man"
  ],
  "log": "|j|\u2606SukyShiro\n|j|\u2606certified dice man\n|t:|1775970851\n|gametype|doubles\n|player|p1|SukyShiro|1|1183\n|player|p2|certified dice man|169|1133\n|gen|9\n|tier|[Gen 9 Champions] VGC 2026 Reg M-A\n|rated|\n|rule|Species Clause: Limit one of each Pok\u00e9mon\n|rule|Item Clause: Limit 1 of each item\n|clearpoke\n|poke|p1|Tyranitar, L50, F|\n|poke|p1|Excadrill, L50, F|\n|poke|p1|Incineroar, L50, M|\n|poke|p1|Floette-Eternal, L50, F|\n|poke|p1|Rotom-Wash, L50|\n|poke|p1|Sinistcha, L50|\n|poke|p2|Charizard, L50, M|\n|poke|p2|Venusaur, L50, M|\n|poke|p2|Aerodactyl, L50, F|\n|poke|p2|Incineroar, L50, M|\n|poke|p2|Kingambit, L50, F|\n|poke|p2|Sneasler, L50, M|\n|teampreview|4\n|inactive|Battle timer is ON: inactive players will automatically lose when time's up. (requested by SukyShiro)\nSukyShiro rejected open team sheets.\n|\n|t:|1775970882\n|teamsize|p1|4\n|teamsize|p2|4\n|start\n|switch|p1a: Tyranitar|Tyranitar, L50, F|100/100\n|switch|p1b: Excadrill|Excadrill, L50, F|100/100\n|switch|p2a: Aerodactyl|Aerodactyl, L50, F, shiny|100/100\n|switch|p2b: Sneasler|Sneasler, L50, M|100/100\n|-ability|p2a: Aerodactyl|Unnerve\n|-weather|Sandstorm|[from] ability: Sand Stream|[of] p1a: Tyranitar\n|turn|1\n|\n|t:|1775970897\n|switch|p1b: Incineroar|Incineroar, L50, M|100/100\n|-ability|p1b: Incineroar|Intimidate|boost\n|-unboost|p2a: Aerodactyl|atk|1\n|-unboost|p2b: Sneasler|atk|1\n|move|p1a: Tyranitar|Protect|p1a: Tyranitar\n|-singleturn|p1a: Tyranitar|Protect\n|move|p2b: Sneasler|Fake Out|p1b: Incineroar\n|-damage|p1b: Incineroar|93/100\n|move|p2a: Aerodactyl|Tailwind|p2a: Aerodactyl\n|-sidestart|p2: certified dice man|move: Tailwind\n|\n|-weather|Sandstorm|[upkeep]\n|-damage|p2b: Sneasler|95/100|[from] Sandstorm\n|-damage|p1b: Incineroar|87/100|[from] Sandstorm\n|upkeep\n|turn|2\n|\n|t:|1775970916\n|switch|p2a: Kingambit|Kingambit, L50, F, shiny|100/100\n|move|p2b: Sneasler|Protect|p2b: Sneasler\n|-singleturn|p2b: Sneasler|Protect\n|move|p1a: Tyranitar|Rock Slide|p2b: Sneasler|[spread] \n|-activate|p2b: Sneasler|move: Protect\n|-miss|p1a: Tyranitar|p2a: Kingambit\n|move|p1b: Incineroar|Parting Shot|p2a: Kingambit\n|-unboost|p2a: Kingambit|atk|1\n|-ability|p2a: Kingambit|Defiant|boost\n|-boost|p2a: Kingambit|atk|2\n|-unboost|p2a: Kingambit|spa|1\n|-ability|p2a: Kingambit|Defiant|boost\n|-boost|p2a: Kingambit|atk|2\n|\n|t:|1775970931\n|switch|p1b: Rotom|Rotom-Wash, L50|100/100|[from] Parting Shot\n|\n|-weather|Sandstorm|[upkeep]\n|-damage|p2b: Sneasler|89/100|[from] Sandstorm\n|-damage|p1b: Rotom|95/100|[from] Sandstorm\n|upkeep\n|turn|3\n|\n|t:|1775970948\n|switch|p1a: Incineroar|Incineroar, L50, M|87/100\n|-ability|p1a: Incineroar|Intimidate|boost\n|-unboost|p2a: Kingambit|atk|1\n|-ability|p2a: Kingambit|Defiant|boost\n|-boost|p2a: Kingambit|atk|2\n|-unboost|p2b: Sneasler|atk|1\n|move|p2a: Kingambit|Sucker Punch||[still]\n|-fail|p2a: Kingambit\n|move|p2b: Sneasler|Close Combat|p1a: Incineroar\n|-supereffective|p1a: Incineroar|1\n|-crit|p1a: Incineroar\n|-enditem|p1a: Incineroar|Chople Berry|[eat]\n|-enditem|p1a: Incineroar|Chople Berry|[weaken]\n|-damage|p1a: Incineroar|3/100\n|-unboost|p2b: Sneasler|def|1\n|-unboost|p2b: Sneasler|spd|1\n|move|p1b: Rotom|Will-O-Wisp|p2a: Kingambit\n|-status|p2a: Kingambit|brn\n|\n|-weather|Sandstorm|[upkeep]\n|-damage|p2b: Sneasler|83/100|[from] Sandstorm\n|-damage|p1b: Rotom|89/100|[from] Sandstorm\n|-damage|p1a: Incineroar|0 fnt|[from] Sandstorm\n|faint|p1a: Incineroar\n|-damage|p2a: Kingambit|95/100 brn|[from] brn\n|upkeep\n|\n|t:|1775970968\n|switch|p1a: Excadrill|Excadrill, L50, F|100/100\n|turn|4\n|\n|t:|1775970983\n|switch|p2b: Aerodactyl|Aerodactyl, L50, F, shiny|100/100\n|-ability|p2b: Aerodactyl|Unnerve\n|move|p2a: Kingambit|Sucker Punch|p1a: Excadrill\n|-enditem|p1a: Excadrill|Focus Sash\n|-damage|p1a: Excadrill|1/100\n|move|p1a: Excadrill|Earthquake|p2b: Aerodactyl|[spread] p2a\n|-immune|p1b: Rotom|[from] ability: Levitate\n|-immune|p2b: Aerodactyl\n|-supereffective|p2a: Kingambit|1\n|-damage|p2a: Kingambit|30/100 brn\n|move|p1b: Rotom|Thunderbolt|p2a: Kingambit\n|-damage|p2a: Kingambit|0 fnt\n|faint|p2a: Kingambit\n|\n|-weather|Sandstorm|[upkeep]\n|-damage|p1b: Rotom|83/100|[from] Sandstorm\n|-sideend|p2: certified dice man|move: Tailwind\n|upkeep\n|\n|t:|1775970989\n|switch|p2a: Charizard|Charizard, L50, M, shiny|100/100\n|turn|5\n|inactive|SukyShiro has 30 seconds left.\n|inactive|certified dice man has 30 seconds left.\n|\n|t:|1775971021\n|move|p2b: Aerodactyl|Protect|p2b: Aerodactyl\n|-singleturn|p2b: Aerodactyl|Protect\n|move|p2a: Charizard|Protect|p2a: Charizard\n|-singleturn|p2a: Charizard|Protect\n|move|p1a: Excadrill|Iron Head|p2b: Aerodactyl\n|-activate|p2b: Aerodactyl|move: Protect\n|move|p1b: Rotom|Will-O-Wisp|p2a: Charizard\n|-activate|p2a: Charizard|move: Protect\n|\n|-weather|none\n|upkeep\n|turn|6\n|inactive|certified dice man has 30 seconds left.\n|inactive|certified dice man has 20 seconds left.\n|\n|t:|1775971057\n|switch|p2a: Sneasler|Sneasler, L50, M|83/100\n|switch|p1b: Tyranitar|Tyranitar, L50, F|100/100\n|-weather|Sandstorm|[from] ability: Sand Stream|[of] p1b: Tyranitar\n|move|p1a: Excadrill|Iron Head|p2b: Aerodactyl\n|-supereffective|p2b: Aerodactyl|1\n|-damage|p2b: Aerodactyl|0 fnt\n|faint|p2b: Aerodactyl\n|\n|-weather|Sandstorm|[upkeep]\n|-damage|p2a: Sneasler|77/100|[from] Sandstorm\n|upkeep\n|\n|t:|1775971066\n|switch|p2b: Charizard|Charizard, L50, M, shiny|100/100\n|turn|7\n|\n|t:|1775971086\n|detailschange|p2b: Charizard|Charizard-Mega-Y, L50, M, shiny\n|-mega|p2b: Charizard|Charizard|Charizardite Y\n|-weather|SunnyDay|[from] ability: Drought|[of] p2b: Charizard\n|move|p1a: Excadrill|Protect|p1a: Excadrill\n|-singleturn|p1a: Excadrill|Protect\n|move|p2b: Charizard|Solar Beam||[still]\n|-prepare|p2b: Charizard|Solar Beam\n|-anim|p2b: Charizard|Solar Beam|p1a: Excadrill\n|-activate|p1a: Excadrill|move: Protect\n|move|p2a: Sneasler|Dire Claw|p1a: Excadrill\n|-activate|p1a: Excadrill|move: Protect\n|move|p1b: Tyranitar|Rock Slide|p2b: Charizard|[spread] p2b\n|-miss|p1b: Tyranitar|p2a: Sneasler\n|-supereffective|p2b: Charizard|2\n|-damage|p2b: Charizard|0 fnt\n|faint|p2b: Charizard\n|\n|-weather|SunnyDay|[upkeep]\n|upkeep\n|turn|8\n|-message|certified dice man forfeited.\n|\n|win|SukyShiro\n|raw|SukyShiro's rating: 1183 &rarr; <strong>1204</strong><br />(+21 for winning)\n|raw|certified dice man's rating: 1133 &rarr; <strong>1112</strong><br />(-21 for losing)\n|l|\u2606certified dice man\n|player|p2|\n",
  "uploadtime": 1775971106,
  "views": 25,
  "formatid": "gen9championsvgc2026regma",
  "rating": 1112,
  "private": 0,
  "password": null
}