{
  "id": "gen9championsvgc2026regma-2584990773",
  "format": "[Gen 9 Champions] VGC 2026 Reg M-A",
  "players": [
    "skytreewow2",
    "rocci"
  ],
  "log": "|j|\u2606skytreewow2\n|j|\u2606rocci\n|t:|1776301209\n|gametype|doubles\n|player|p1|skytreewow2|1|1228\n|player|p2|rocci|beauty-gen4dp|1241\n|gen|9\n|tier|[Gen 9 Champions] VGC 2026 Reg M-A\n|rated|\n|rule|Species Clause: Limit one of each Pok\u00e9mon\n|rule|Item Clause: Limit 1 of each item\n|clearpoke\n|poke|p1|Meganium, L50, F|\n|poke|p1|Incineroar, L50, M|\n|poke|p1|Archaludon, L50, F|\n|poke|p1|Pelipper, L50, F|\n|poke|p1|Basculegion, L50, M|\n|poke|p1|Kangaskhan, L50, F|\n|poke|p2|Sylveon, L50, F|\n|poke|p2|Slowbro, L50, M|\n|poke|p2|Tyranitar, L50, F|\n|poke|p2|Farigiraf, L50, F|\n|poke|p2|Clefable, L50, M|\n|poke|p2|Conkeldurr, L50, M|\n|teampreview|4\n|inactive|Battle timer is ON: inactive players will automatically lose when time's up. (requested by skytreewow2)\n|\n|t:|1776301255\n|teamsize|p1|4\n|teamsize|p2|4\n|start\n|switch|p1a: Pelipper|Pelipper, L50, F|100/100\n|switch|p1b: Archaludon|Archaludon, L50, F|100/100\n|switch|p2a: Sylveon|Sylveon, L50, F|100/100\n|switch|p2b: Slowbro|Slowbro, L50, M|100/100\n|-weather|RainDance|[from] ability: Drizzle|[of] p1a: Pelipper\n|turn|1\n|\n|t:|1776301265\n|switch|p2a: Tyranitar|Tyranitar, L50, F|100/100\n|-weather|Sandstorm|[from] ability: Sand Stream|[of] p2a: Tyranitar\n|move|p1a: Pelipper|Muddy Water|p2a: Tyranitar|[spread] p2a,p2b\n|-supereffective|p2a: Tyranitar|1\n|-resisted|p2b: Slowbro|1\n|-damage|p2a: Tyranitar|66/100\n|-damage|p2b: Slowbro|87/100\n|move|p1b: Archaludon|Electro Shot||[still]\n|-prepare|p1b: Archaludon|Electro Shot\n|-boost|p1b: Archaludon|spa|1\n|move|p2b: Slowbro|Trick Room|p2b: Slowbro\n|-fieldstart|move: Trick Room|[of] p2b: Slowbro\n|\n|-weather|Sandstorm|[upkeep]\n|-damage|p2b: Slowbro|81/100|[from] Sandstorm\n|-damage|p1a: Pelipper|95/100|[from] Sandstorm\n|upkeep\n|turn|2\n|inactive|rocci has 30 seconds left.\n|inactive|rocci has 20 seconds left.\n|inactive|rocci has 15 seconds left.\n|inactive|rocci has 10 seconds left.\n|inactive|rocci has 5 seconds left.\n|\n|t:|1776301316\n|switch|p2b: Farigiraf|Farigiraf, L50, F|100/100\n|switch|p1a: Meganium|Meganium, L50, F|100/100\n|move|p2a: Tyranitar|Crunch|p1b: Archaludon\n|-damage|p1b: Archaludon|67/100\n|-ability|p1b: Archaludon|Stamina|boost\n|-boost|p1b: Archaludon|def|1\n|move|p1b: Archaludon|Electro Shot|p2b: Farigiraf|[from] lockedmove\n|-damage|p2b: Farigiraf|48/100\n|-enditem|p2b: Farigiraf|Sitrus Berry|[eat]\n|-heal|p2b: Farigiraf|73/100|[from] item: Sitrus Berry\n|\n|-weather|Sandstorm|[upkeep]\n|-damage|p2b: Farigiraf|67/100|[from] Sandstorm\n|-damage|p1a: Meganium|95/100|[from] Sandstorm\n|-heal|p1b: Archaludon|73/100|[from] item: Leftovers\n|upkeep\n|turn|3\n|inactive|rocci has 30 seconds left.\n|inactive|rocci has 20 seconds left.\n|inactive|rocci has 15 seconds left.\n|\n|t:|1776301362\n|detailschange|p1a: Meganium|Meganium-Mega, L50, F\n|-mega|p1a: Meganium|Meganium|Meganiumite\n|move|p2a: Tyranitar|Protect|p2a: Tyranitar\n|-singleturn|p2a: Tyranitar|Protect\n|move|p2b: Farigiraf|Psychic|p1a: Meganium\n|-damage|p1a: Meganium|67/100\n|move|p1a: Meganium|Solar Beam||[still]\n|-prepare|p1a: Meganium|Solar Beam\n|-activate|p1a: Meganium|ability: Mega Sol\n|-anim|p1a: Meganium|Solar Beam|p2a: Tyranitar\n|-activate|p2a: Tyranitar|move: Protect\n|move|p1b: Archaludon|Snarl|p2a: Tyranitar|[spread] p2b\n|-activate|p2a: Tyranitar|move: Protect\n|-supereffective|p2b: Farigiraf|1\n|-damage|p2b: Farigiraf|36/100\n|-unboost|p2b: Farigiraf|spa|1\n|\n|-weather|Sandstorm|[upkeep]\n|-damage|p2b: Farigiraf|30/100|[from] Sandstorm\n|-damage|p1a: Meganium|61/100|[from] Sandstorm\n|-heal|p1b: Archaludon|79/100|[from] item: Leftovers\n|upkeep\n|turn|4\n|inactive|rocci has 30 seconds left.\n|\n|t:|1776301387\n|move|p2b: Farigiraf|Helping Hand|p2a: Tyranitar\n|-singleturn|p2a: Tyranitar|Helping Hand|[of] p2b: Farigiraf\n|move|p2a: Tyranitar|Iron Head|p1a: Meganium\n|-supereffective|p1a: Meganium|1\n|-crit|p1a: Meganium\n|-damage|p1a: Meganium|0 fnt\n|faint|p1a: Meganium\n|move|p1b: Archaludon|Snarl|p2a: Tyranitar|[spread] p2a\n|-miss|p1b: Archaludon|p2b: Farigiraf\n|-resisted|p2a: Tyranitar|1\n|-damage|p2a: Tyranitar|60/100\n|-unboost|p2a: Tyranitar|spa|1\n|\n|-weather|Sandstorm|[upkeep]\n|-damage|p2b: Farigiraf|24/100|[from] Sandstorm\n|-heal|p1b: Archaludon|85/100|[from] item: Leftovers\n|upkeep\n|\n|t:|1776301393\n|switch|p1a: Pelipper|Pelipper, L50, F|95/100\n|-weather|RainDance|[from] ability: Drizzle|[of] p1a: Pelipper\n|turn|5\n|\n|t:|1776301402\n|switch|p1a: Basculegion|Basculegion, L50, M|100/100\n|detailschange|p2a: Tyranitar|Tyranitar-Mega, L50, F\n|-mega|p2a: Tyranitar|Tyranitar|Tyranitarite\n|-weather|Sandstorm|[from] ability: Sand Stream|[of] p2a: Tyranitar\n|move|p2b: Farigiraf|Helping Hand|p2a: Tyranitar\n|-singleturn|p2a: Tyranitar|Helping Hand|[of] p2b: Farigiraf\n|move|p2a: Tyranitar|Rock Slide|p1b: Archaludon|[spread] p1a,p1b\n|-crit|p1a: Basculegion\n|-resisted|p1b: Archaludon|1\n|-damage|p1a: Basculegion|0 fnt\n|-damage|p1b: Archaludon|71/100\n|-ability|p1b: Archaludon|Stamina|boost\n|-boost|p1b: Archaludon|def|1\n|faint|p1a: Basculegion\n|move|p1b: Archaludon|Snarl|p2b: Farigiraf|[spread] p2a,p2b\n|-resisted|p2a: Tyranitar|1\n|-supereffective|p2b: Farigiraf|1\n|-crit|p2b: Farigiraf\n|-damage|p2a: Tyranitar|57/100\n|-damage|p2b: Farigiraf|0 fnt\n|-unboost|p2a: Tyranitar|spa|1\n|faint|p2b: Farigiraf\n|\n|-weather|Sandstorm|[upkeep]\n|-heal|p1b: Archaludon|77/100|[from] item: Leftovers\n|-fieldend|move: Trick Room\n|upkeep\n|\n|t:|1776301417\n|switch|p1a: Pelipper|Pelipper, L50, F|95/100\n|switch|p2b: Slowbro|Slowbro, L50, M|81/100\n|-weather|RainDance|[from] ability: Drizzle|[of] p1a: Pelipper\n|turn|6\n|\n|t:|1776301436\n|move|p1a: Pelipper|Muddy Water|p2a: Tyranitar|[spread] p2a,p2b\n|-supereffective|p2a: Tyranitar|1\n|-resisted|p2b: Slowbro|1\n|-damage|p2a: Tyranitar|0 fnt\n|-damage|p2b: Slowbro|56/100\n|-unboost|p2b: Slowbro|accuracy|1\n|faint|p2a: Tyranitar\n|move|p1b: Archaludon|Electro Shot||[still]\n|-prepare|p1b: Archaludon|Electro Shot\n|-boost|p1b: Archaludon|spa|1\n|-anim|p1b: Archaludon|Electro Shot|p2b: Slowbro\n|-supereffective|p2b: Slowbro|1\n|-damage|p2b: Slowbro|0 fnt\n|faint|p2b: Slowbro\n|\n|-weather|RainDance|[upkeep]\n|-heal|p1b: Archaludon|83/100|[from] item: Leftovers\n|upkeep\n|\n|t:|1776301440\n|switch|p2b: Sylveon|Sylveon, L50, F|100/100\n|turn|7\n|c|\u2606rocci|ggwp\n|c|\u2606rocci|nicely done getting it into a favorable board state\n|\n|t:|1776301454\n|move|p1a: Pelipper|Tailwind|p1a: Pelipper\n|-sidestart|p1: skytreewow2|move: Tailwind\n|move|p1b: Archaludon|Flash Cannon|p2b: Sylveon\n|-supereffective|p2b: Sylveon|1\n|-damage|p2b: Sylveon|11/100\n|move|p2b: Sylveon|Hyper Voice|p1a: Pelipper|[spread] p1a,p1b\n|-damage|p1a: Pelipper|13/100\n|-damage|p1b: Archaludon|44/100\n|-ability|p1b: Archaludon|Stamina|boost\n|-boost|p1b: Archaludon|def|1\n|\n|-weather|RainDance|[upkeep]\n|-heal|p1b: Archaludon|50/100|[from] item: Leftovers\n|upkeep\n|turn|8\n|\n|t:|1776301465\n|move|p1a: Pelipper|Hurricane|p2b: Sylveon\n|-damage|p2b: Sylveon|0 fnt\n|faint|p2b: Sylveon\n|\n|win|skytreewow2\n|raw|skytreewow2's rating: 1228 &rarr; <strong>1254</strong><br />(+26 for winning)\n|raw|rocci's rating: 1241 &rarr; <strong>1215</strong><br />(-26 for losing)\n|l|\u2606skytreewow2\n|player|p1|\n",
  "uploadtime": 1776301467,
  "views": 32,
  "formatid": "gen9championsvgc2026regma",
  "rating": 1215,
  "private": 0,
  "password": null
}