{
  "id": "gen9championsvgc2026regma-2583911170",
  "format": "[Gen 9 Champions] VGC 2026 Reg M-A",
  "players": [
    "Oh-Look-A-Sailboat",
    "15Hugs"
  ],
  "log": "|j|\u2606Oh-Look-A-Sailboat\n|j|\u260615Hugs\n|t:|1776207587\n|gametype|doubles\n|player|p1|Oh-Look-A-Sailboat|102|1106\n|player|p2|15Hugs|ingo|1076\n|gen|9\n|tier|[Gen 9 Champions] VGC 2026 Reg M-A\n|rated|\n|rule|Species Clause: Limit one of each Pok\u00e9mon\n|rule|Item Clause: Limit 1 of each item\n|clearpoke\n|poke|p1|Banette, L50, M|\n|poke|p1|Sneasler, L50, F|\n|poke|p1|Primarina, L50, F|\n|poke|p1|Kingambit, L50, F|\n|poke|p1|Whimsicott, L50, M|\n|poke|p1|Ditto, L50|\n|poke|p2|Kingambit, L50, F|\n|poke|p2|Sinistcha, L50|\n|poke|p2|Ninetales-Alola, L50, F|\n|poke|p2|Rotom-Wash, L50|\n|poke|p2|Sneasler, L50, F|\n|poke|p2|Charizard, L50, F|\n|teampreview|4\n|inactive|Battle timer is ON: inactive players will automatically lose when time's up. (requested by Oh-Look-A-Sailboat)\n15Hugs has agreed to open team sheets.\n|inactive|15Hugs has 60 seconds left.\nOh-Look-A-Sailboat rejected open team sheets.\n|\n|t:|1776207630\n|teamsize|p1|4\n|teamsize|p2|4\n|start\n|switch|p1a: Whimsicott|Whimsicott, L50, M|100/100\n|switch|p1b: Sneasler|Sneasler, L50, F|100/100\n|switch|p2a: Ninetales|Ninetales-Alola, L50, F|100/100\n|switch|p2b: Rotom|Rotom-Wash, L50|100/100\n|turn|1\n|inactive|Oh-Look-A-Sailboat has 30 seconds left.\n|\n|t:|1776207657\n|move|p2a: Ninetales|Protect|p2a: Ninetales\n|-singleturn|p2a: Ninetales|Protect\n|move|p1a: Whimsicott|Light Screen|p1a: Whimsicott\n|-sidestart|p1: Oh-Look-A-Sailboat|move: Light Screen\n|move|p1b: Sneasler|Dire Claw|p2a: Ninetales\n|-activate|p2a: Ninetales|move: Protect\n|move|p2b: Rotom|Will-O-Wisp|p1b: Sneasler\n|-status|p1b: Sneasler|brn\n|\n|-damage|p1b: Sneasler|95/100 brn|[from] brn\n|upkeep\n|turn|2\n|\n|t:|1776207680\n|move|p1a: Whimsicott|Encore|p2a: Ninetales\n|-start|p2a: Ninetales|Encore\n|move|p2a: Ninetales|Protect|p2a: Ninetales\n|-singleturn|p2a: Ninetales|Protect\n|move|p1b: Sneasler|Close Combat|p2b: Rotom\n|-damage|p2b: Rotom|66/100\n|-unboost|p1b: Sneasler|def|1\n|-unboost|p1b: Sneasler|spd|1\n|-enditem|p1b: Sneasler|White Herb\n|-clearnegativeboost|p1b: Sneasler|[silent]\n|move|p2b: Rotom|Volt Switch|p1b: Sneasler\n|-damage|p1b: Sneasler|74/100 brn\n|\n|t:|1776207698\n|switch|p2b: Charizard|Charizard, L50, F, shiny|100/100|[from] Volt Switch\n|\n|-damage|p1b: Sneasler|68/100 brn|[from] brn\n|upkeep\n|turn|3\n|\n|t:|1776207709\n|switch|p2a: Rotom|Rotom-Wash, L50|66/100\n|detailschange|p2b: Charizard|Charizard-Mega-X, L50, F, shiny\n|-mega|p2b: Charizard|Charizard|Charizardite X\n|move|p1a: Whimsicott|Tailwind|p1a: Whimsicott\n|-sidestart|p1: Oh-Look-A-Sailboat|move: Tailwind\n|move|p1b: Sneasler|Dire Claw|p2a: Rotom\n|-damage|p2a: Rotom|44/100\n|-enditem|p2a: Rotom|Sitrus Berry|[eat]\n|-heal|p2a: Rotom|69/100|[from] item: Sitrus Berry\n|move|p2b: Charizard|Flare Blitz|p1a: Whimsicott\n|-supereffective|p1a: Whimsicott|1\n|-enditem|p1a: Whimsicott|Focus Sash\n|-damage|p1a: Whimsicott|1/100\n|-status|p1a: Whimsicott|brn\n|-damage|p2b: Charizard|77/100|[from] Recoil\n|\n|-damage|p1b: Sneasler|63/100 brn|[from] brn\n|-damage|p1a: Whimsicott|0 fnt|[from] brn\n|faint|p1a: Whimsicott\n|upkeep\n|\n|t:|1776207727\n|switch|p1a: Ditto|Ditto, L50|100/100\n|-transform|p1a: Ditto|p2b: Charizard|[from] ability: Imposter\n|turn|4\n|\n|t:|1776207745\n|switch|p1b: Banette|Banette, L50, M|100/100\n|-item|p2b: Charizard|Charizardite X|[from] ability: Frisk|[of] p1b: Banette\n|switch|p2b: Ninetales|Ninetales-Alola, L50, F|100/100\n|move|p1a: Ditto|Dragon Claw|p2a: Rotom\n|-damage|p2a: Rotom|14/100\n|move|p2a: Rotom|Volt Switch|p1b: Banette\n|-damage|p1b: Banette|72/100\n|inactive|15Hugs has 30 seconds left.\n|\n|t:|1776207772\n|switch|p2a: Charizard|Charizard-Mega-X, L50, F, shiny|77/100|[from] Volt Switch\n|\n|upkeep\n|turn|5\n|\n|t:|1776207783\n|detailschange|p1b: Banette|Banette-Mega, L50, M\n|-mega|p1b: Banette|Banette|Banettite\n|move|p2a: Charizard|Protect|p2a: Charizard\n|-singleturn|p2a: Charizard|Protect\n|move|p1a: Ditto|Dragon Claw|p2a: Charizard\n|-activate|p2a: Charizard|move: Protect\n|move|p1b: Banette|Poltergeist|p2b: Ninetales\n|-activate|p2b: Ninetales|move: Poltergeist|Focus Sash\n|-damage|p2b: Ninetales|6/100\n|move|p2b: Ninetales|Blizzard|p1b: Banette|[spread] p1a,p1b\n|-damage|p1a: Ditto|73/100\n|-damage|p1b: Banette|45/100\n|\n|-sideend|p1: Oh-Look-A-Sailboat|move: Light Screen\n|upkeep\n|turn|6\n|inactive|15Hugs has 30 seconds left.\n|\n|t:|1776207810\n|switch|p2a: Rotom|Rotom-Wash, L50|14/100\n|move|p1b: Banette|Shadow Sneak|p2b: Ninetales\n|-damage|p2b: Ninetales|0 fnt\n|faint|p2b: Ninetales\n|move|p1a: Ditto|Dragon Claw|p2a: Rotom\n|-damage|p2a: Rotom|0 fnt\n|faint|p2a: Rotom\n|\n|-sideend|p1: Oh-Look-A-Sailboat|move: Tailwind\n|upkeep\n|\n|t:|1776207816\n|switch|p2b: Sinistcha|Sinistcha, L50|100/100\n|switch|p2a: Charizard|Charizard-Mega-X, L50, F, shiny|77/100\n|-heal|p2a: Charizard|100/100|[from] ability: Hospitality|[of] p2b: Sinistcha\n|turn|7\n|\n|t:|1776207840\n|move|p2b: Sinistcha|Rage Powder|p2b: Sinistcha\n|-singleturn|p2b: Sinistcha|move: Rage Powder\n|move|p1a: Ditto|Dragon Claw|p2b: Sinistcha\n|-damage|p2b: Sinistcha|64/100\n|move|p2a: Charizard|Dragon Dance|p2a: Charizard\n|-boost|p2a: Charizard|atk|1\n|-boost|p2a: Charizard|spe|1\n|move|p1b: Banette|Poltergeist|p2b: Sinistcha\n|-activate|p2b: Sinistcha|move: Poltergeist|Kasib Berry\n|-supereffective|p2b: Sinistcha|1\n|-enditem|p2b: Sinistcha|Kasib Berry|[eat]\n|-enditem|p2b: Sinistcha|Kasib Berry|[weaken]\n|-damage|p2b: Sinistcha|13/100\n|\n|upkeep\n|turn|8\n|\n|t:|1776207861\n|move|p1b: Banette|Shadow Sneak|p2b: Sinistcha\n|-supereffective|p2b: Sinistcha|1\n|-damage|p2b: Sinistcha|0 fnt\n|faint|p2b: Sinistcha\n|move|p1a: Ditto|Dragon Claw|p2a: Charizard\n|-supereffective|p2a: Charizard|1\n|-damage|p2a: Charizard|19/100\n|move|p2a: Charizard|Dragon Claw|p1a: Ditto\n|-supereffective|p1a: Ditto|1\n|-damage|p1a: Ditto|0 fnt\n|faint|p1a: Ditto\n|\n|upkeep\n|-message|15Hugs forfeited.\n|\n|t:|1776207872\n|switch|p1a: Sneasler|Sneasler, L50, F|63/100 brn\n|turn|9\n|\n|win|Oh-Look-A-Sailboat\n|raw|Oh-Look-A-Sailboat's rating: 1106 &rarr; <strong>1129</strong><br />(+23 for winning)\n|raw|15Hugs's rating: 1076 &rarr; <strong>1056</strong><br />(-20 for losing)\n|l|\u260615Hugs\n|player|p2|\n",
  "uploadtime": 1776207878,
  "views": 21,
  "formatid": "gen9championsvgc2026regma",
  "rating": 1056,
  "private": 0,
  "password": null
}