{
  "id": "gen9championsvgc2026regma-2581068042",
  "format": "[Gen 9 Champions] VGC 2026 Reg M-A",
  "players": [
    "shiningalvantula",
    "OddToaster"
  ],
  "log": "|j|\u2606shiningalvantula\n|j|\u2606OddToaster\n|t:|1775956827\n|gametype|doubles\n|player|p1|shiningalvantula|2|1199\n|player|p2|OddToaster|clerkf|1152\n|gen|9\n|tier|[Gen 9 Champions] VGC 2026 Reg M-A\n|rated|\n|rule|Species Clause: Limit one of each Pok\u00e9mon\n|rule|Item Clause: Limit 1 of each item\n|clearpoke\n|poke|p1|Basculegion, L50, M|\n|poke|p1|Rotom-Heat, L50|\n|poke|p1|Corviknight, L50, F|\n|poke|p1|Sinistcha, L50|\n|poke|p1|Gardevoir, L50, M|\n|poke|p1|Garchomp, L50, F|\n|poke|p2|Charizard, L50, F|\n|poke|p2|Venusaur, L50, F|\n|poke|p2|Incineroar, L50, M|\n|poke|p2|Garchomp, L50, F|\n|poke|p2|Gardevoir, L50, F|\n|poke|p2|Rotom-Wash, L50|\n|teampreview|4\n|inactive|Battle timer is ON: inactive players will automatically lose when time's up. (requested by OddToaster)\n|inactive|shiningalvantula has 60 seconds left.\n|\n|t:|1775956864\n|teamsize|p1|4\n|teamsize|p2|4\n|start\n|switch|p1a: Basculegion|Basculegion, L50, M|100/100\n|switch|p1b: Garchomp|Garchomp, L50, F|100/100\n|switch|p2a: Garchomp|Garchomp, L50, F|100/100\n|switch|p2b: Charizard|Charizard, L50, F|100/100\n|turn|1\n|\n|t:|1775956881\n|switch|p2a: Incineroar|Incineroar, L50, M|100/100\n|-ability|p2a: Incineroar|Intimidate|boost\n|-unboost|p1a: Basculegion|atk|1\n|-unboost|p1b: Garchomp|atk|1\n|switch|p2b: Rotom|Rotom-Wash, L50|100/100\n|move|p1a: Basculegion|Ice Fang|p2a: Incineroar\n|-resisted|p2a: Incineroar|1\n|-crit|p2a: Incineroar\n|-damage|p2a: Incineroar|86/100\n|move|p1b: Garchomp|Rock Slide|p2b: Rotom|[spread] p2a,p2b\n|-supereffective|p2a: Incineroar|1\n|-damage|p2a: Incineroar|64/100\n|-damage|p2b: Rotom|89/100\n|\n|-heal|p2b: Rotom|95/100|[from] item: Leftovers\n|upkeep\n|turn|2\n|inactive|shiningalvantula has 30 seconds left.\n|\n|t:|1775956907\n|switch|p1a: Gardevoir|Gardevoir, L50, M|100/100\n|move|p1b: Garchomp|Protect|p1b: Garchomp\n|-singleturn|p1b: Garchomp|Protect\n|move|p2b: Rotom|Will-O-Wisp|p1b: Garchomp\n|-activate|p1b: Garchomp|move: Protect\n|move|p2a: Incineroar|Parting Shot|p1a: Gardevoir\n|-unboost|p1a: Gardevoir|atk|1\n|-unboost|p1a: Gardevoir|spa|1\n|\n|t:|1775956929\n|switch|p2a: Charizard|Charizard, L50, F|100/100|[from] Parting Shot\n|\n|-heal|p2b: Rotom|100/100|[from] item: Leftovers\n|upkeep\n|turn|3\n|\n|t:|1775956945\n|move|p1a: Gardevoir|Protect|p1a: Gardevoir\n|-singleturn|p1a: Gardevoir|Protect\n|move|p2a: Charizard|Protect|p2a: Charizard\n|-singleturn|p2a: Charizard|Protect\n|move|p1b: Garchomp|Rock Slide|p2b: Rotom|[spread] p2b\n|-activate|p2a: Charizard|move: Protect\n|-damage|p2b: Rotom|89/100\n|move|p2b: Rotom|Will-O-Wisp|p1b: Garchomp\n|-status|p1b: Garchomp|brn\n|\n|-heal|p2b: Rotom|95/100|[from] item: Leftovers\n|-damage|p1b: Garchomp|94/100 brn|[from] brn\n|upkeep\n|turn|4\n|inactive|shiningalvantula has 30 seconds left.\n|inactive|shiningalvantula has 20 seconds left.\n|inactive|shiningalvantula has 15 seconds left.\n|\n|t:|1775956987\n|switch|p1a: Basculegion|Basculegion, L50, M|100/100\n|detailschange|p2a: Charizard|Charizard-Mega-Y, L50, F\n|-mega|p2a: Charizard|Charizard|Charizardite Y\n|-weather|SunnyDay|[from] ability: Drought|[of] p2a: Charizard\n|move|p1b: Garchomp|Protect|p1b: Garchomp\n|-singleturn|p1b: Garchomp|Protect\n|move|p2a: Charizard|Heat Wave|p1a: Basculegion|[spread] p1a\n|-activate|p1b: Garchomp|move: Protect\n|-resisted|p1a: Basculegion|1\n|-damage|p1a: Basculegion|59/100\n|move|p2b: Rotom|Thunderbolt|p1a: Basculegion\n|-supereffective|p1a: Basculegion|1\n|-damage|p1a: Basculegion|0 fnt\n|faint|p1a: Basculegion\n|\n|-weather|SunnyDay|[upkeep]\n|-heal|p2b: Rotom|100/100|[from] item: Leftovers\n|-damage|p1b: Garchomp|88/100 brn|[from] brn\n|upkeep\n|\n|t:|1775957008\n|switch|p1a: Corviknight|Corviknight, L50, F|100/100\n|turn|5\n|\n|t:|1775957027\n|move|p1b: Garchomp|Rock Slide|p2b: Rotom|[spread] p2a,p2b\n|-supereffective|p2a: Charizard|2\n|-crit|p2a: Charizard\n|-damage|p2a: Charizard|42/100\n|-damage|p2b: Rotom|94/100\n|move|p2a: Charizard|Heat Wave|p1b: Garchomp|[spread] p1b\n|-miss|p2a: Charizard|p1a: Corviknight\n|-resisted|p1b: Garchomp|1\n|-damage|p1b: Garchomp|52/100 brn\n|move|p2b: Rotom|Thunderbolt|p1a: Corviknight\n|-supereffective|p1a: Corviknight|1\n|-damage|p1a: Corviknight|26/100\n|move|p1a: Corviknight|Body Press|p2b: Rotom\n|-damage|p2b: Rotom|68/100\n|\n|-weather|SunnyDay|[upkeep]\n|-heal|p2b: Rotom|74/100|[from] item: Leftovers\n|-damage|p1b: Garchomp|46/100 brn|[from] brn\n|upkeep\n|turn|6\n|inactive|shiningalvantula has 30 seconds left.\n|inactive|OddToaster has 30 seconds left.\n|\n|t:|1775957057\n|switch|p2a: Incineroar|Incineroar, L50, M|64/100\n|-ability|p2a: Incineroar|Intimidate|boost\n|-ability|p1a: Corviknight|Mirror Armor\n|-unboost|p2a: Incineroar|atk|1\n|-unboost|p1b: Garchomp|atk|1\n|move|p1b: Garchomp|Rock Slide|p2a: Incineroar|[spread] p2a,p2b\n|-supereffective|p2a: Incineroar|1\n|-damage|p2a: Incineroar|55/100\n|-damage|p2b: Rotom|70/100\n|move|p2b: Rotom|Thunderbolt|p1a: Corviknight\n|-supereffective|p1a: Corviknight|1\n|-damage|p1a: Corviknight|0 fnt\n|faint|p1a: Corviknight\n|\n|-weather|SunnyDay|[upkeep]\n|-heal|p2b: Rotom|76/100|[from] item: Leftovers\n|-damage|p1b: Garchomp|40/100 brn|[from] brn\n|upkeep\n|\n|t:|1775957074\n|switch|p1a: Gardevoir|Gardevoir, L50, M|100/100\n|turn|7\n|\n|t:|1775957092\n|detailschange|p1a: Gardevoir|Gardevoir-Mega, L50, M\n|-mega|p1a: Gardevoir|Gardevoir|Gardevoirite\n|move|p2a: Incineroar|Fake Out|p1a: Gardevoir\n|-damage|p1a: Gardevoir|87/100\n|move|p1b: Garchomp|Rock Slide|p2a: Incineroar|[spread] p2a,p2b\n|-supereffective|p2a: Incineroar|1\n|-damage|p2a: Incineroar|47/100\n|-damage|p2b: Rotom|71/100\n|-enditem|p2a: Incineroar|Sitrus Berry|[eat]\n|-heal|p2a: Incineroar|72/100|[from] item: Sitrus Berry\n|cant|p1a: Gardevoir|flinch\n|move|p2b: Rotom|Thunderbolt|p1a: Gardevoir\n|-damage|p1a: Gardevoir|51/100\n|-status|p1a: Gardevoir|par\n|\n|-weather|SunnyDay|[upkeep]\n|-heal|p2b: Rotom|77/100|[from] item: Leftovers\n|-damage|p1b: Garchomp|34/100 brn|[from] brn\n|upkeep\n|turn|8\n|inactive|shiningalvantula has 30 seconds left.\n|\n|t:|1775957118\n|move|p1b: Garchomp|Rock Slide|p2b: Rotom|[spread] p2b\n|-miss|p1b: Garchomp|p2a: Incineroar\n|-damage|p2b: Rotom|72/100\n|move|p2b: Rotom|Thunderbolt|p1a: Gardevoir\n|-damage|p1a: Gardevoir|15/100 par\n|move|p2a: Incineroar|Flare Blitz|p1a: Gardevoir\n|-damage|p1a: Gardevoir|0 fnt\n|faint|p1a: Gardevoir\n|-damage|p2a: Incineroar|68/100|[from] Recoil\n|\n|-weather|none\n|-heal|p2b: Rotom|78/100|[from] item: Leftovers\n|-damage|p1b: Garchomp|28/100 brn|[from] brn\n|upkeep\n|turn|9\n|c|\u2606OddToaster|gg\n|\n|t:|1775957135\n|move|p1b: Garchomp|Rock Slide|p2b: Rotom|[spread] p2a,p2b\n|-supereffective|p2a: Incineroar|1\n|-damage|p2a: Incineroar|59/100\n|-damage|p2b: Rotom|74/100\n|cant|p2b: Rotom|flinch\n|move|p2a: Incineroar|Darkest Lariat|p1b: Garchomp\n|-damage|p1b: Garchomp|3/100 brn\n|-damage|p2a: Incineroar|47/100|[from] ability: Rough Skin|[of] p1b: Garchomp\n|\n|-heal|p2b: Rotom|79/100|[from] item: Leftovers\n|-damage|p1b: Garchomp|0 fnt|[from] brn\n|faint|p1b: Garchomp\n|\n|win|OddToaster\n|raw|shiningalvantula's rating: 1199 &rarr; <strong>1171</strong><br />(-28 for losing)\n|raw|OddToaster's rating: 1152 &rarr; <strong>1180</strong><br />(+28 for winning)\n",
  "uploadtime": 1775957161,
  "views": 12,
  "formatid": "gen9championsvgc2026regma",
  "rating": 1171,
  "private": 0,
  "password": null
}