{
  "id": "gen9championsvgc2026regma-2583299300",
  "format": "[Gen 9 Champions] VGC 2026 Reg M-A",
  "players": [
    "Nesteishon",
    "wzzlr"
  ],
  "log": "|j|\u2606Nesteishon\n|j|\u2606wzzlr\n|t:|1776164587\n|gametype|doubles\n|player|p1|Nesteishon|101|1162\n|player|p2|wzzlr|rancher|1227\n|gen|9\n|tier|[Gen 9 Champions] VGC 2026 Reg M-A\n|rated|\n|rule|Species Clause: Limit one of each Pok\u00e9mon\n|rule|Item Clause: Limit 1 of each item\n|clearpoke\n|poke|p1|Froslass, L50, F|\n|poke|p1|Glaceon, L50, M|\n|poke|p1|Azumarill, L50, F|\n|poke|p1|Maushold-Four, L50|\n|poke|p1|Ceruledge, L50, F|\n|poke|p1|Corviknight, L50, F|\n|poke|p2|Sneasler, L50, M|\n|poke|p2|Pelipper, L50, F|\n|poke|p2|Basculegion, L50, M|\n|poke|p2|Farigiraf, L50, F|\n|poke|p2|Archaludon, L50, M|\n|poke|p2|Meganium, L50, F|\n|teampreview|4\n|inactive|Battle timer is ON: inactive players will automatically lose when time's up. (requested by wzzlr)\n|inactive|wzzlr has 60 seconds left.\n|\n|t:|1776164635\n|teamsize|p1|4\n|teamsize|p2|4\n|start\n|switch|p1a: Froslass|Froslass, L50, F, shiny|100/100\n|switch|p1b: Corviknight|Corviknight, L50, F|100/100\n|switch|p2a: Meganium|Meganium, L50, F, shiny|100/100\n|switch|p2b: Farigiraf|Farigiraf, L50, F, shiny|100/100\n|turn|1\n|\n|t:|1776164658\n|detailschange|p1a: Froslass|Froslass-Mega, L50, F, shiny\n|-mega|p1a: Froslass|Froslass|Froslassite\n|-weather|Snowscape|[from] ability: Snow Warning|[of] p1a: Froslass\n|move|p2a: Meganium|Protect|p2a: Meganium\n|-singleturn|p2a: Meganium|Protect\n|move|p1a: Froslass|Aurora Veil|p1a: Froslass\n|-sidestart|p1: Nesteishon|move: Aurora Veil\n|move|p1b: Corviknight|Tailwind|p1b: Corviknight\n|-sidestart|p1: Nesteishon|move: Tailwind\n|move|p2b: Farigiraf|Trick Room|p2b: Farigiraf\n|-fieldstart|move: Trick Room|[of] p2b: Farigiraf\n|\n|-weather|Snowscape|[upkeep]\n|upkeep\n|turn|2\n|\n|t:|1776164676\n|detailschange|p2a: Meganium|Meganium-Mega, L50, F, shiny\n|-mega|p2a: Meganium|Meganium|Meganiumite\n|move|p2b: Farigiraf|Helping Hand|p2a: Meganium\n|-singleturn|p2a: Meganium|Helping Hand|[of] p2b: Farigiraf\n|move|p2a: Meganium|Weather Ball|p1a: Froslass\n|-supereffective|p1a: Froslass|1\n|-damage|p1a: Froslass|0 fnt\n|faint|p1a: Froslass\n|move|p1b: Corviknight|Fake Tears|p2b: Farigiraf\n|-unboost|p2b: Farigiraf|spd|2\n|\n|-weather|Snowscape|[upkeep]\n|upkeep\n|\n|t:|1776164687\n|switch|p1a: Glaceon|Glaceon, L50, M, shiny|100/100\n|turn|3\n|\n|t:|1776164698\n|switch|p1a: Ceruledge|Ceruledge, L50, F|100/100\n|move|p2b: Farigiraf|Helping Hand|p2a: Meganium\n|-singleturn|p2a: Meganium|Helping Hand|[of] p2b: Farigiraf\n|move|p2a: Meganium|Weather Ball|p1a: Ceruledge\n|-start|p1a: Ceruledge|ability: Flash Fire\n|move|p1b: Corviknight|Fake Tears|p2a: Meganium\n|-unboost|p2a: Meganium|spd|2\n|\n|-weather|Snowscape|[upkeep]\n|upkeep\n|turn|4\n|inactive|wzzlr has 30 seconds left.\n|inactive|wzzlr has 20 seconds left.\n|inactive|wzzlr has 15 seconds left.\n|\n|t:|1776164740\n|switch|p2b: Pelipper|Pelipper, L50, F, shiny|100/100\n|-weather|RainDance|[from] ability: Drizzle|[of] p2b: Pelipper\n|move|p2a: Meganium|Protect|p2a: Meganium\n|-singleturn|p2a: Meganium|Protect\n|move|p1b: Corviknight|Iron Head|p2a: Meganium\n|-activate|p2a: Meganium|move: Protect\n|move|p1a: Ceruledge|Bitter Blade|p2a: Meganium\n|-activate|p2a: Meganium|move: Protect\n|\n|-weather|RainDance|[upkeep]\n|-sideend|p1: Nesteishon|move: Tailwind\n|upkeep\n|turn|5\n|inactive|wzzlr has 30 seconds left.\n|inactive|wzzlr has 20 seconds left.\n|\n|t:|1776164776\n|switch|p2a: Farigiraf|Farigiraf, L50, F, shiny|100/100\n|move|p1a: Ceruledge|Protect|p1a: Ceruledge\n|-singleturn|p1a: Ceruledge|Protect\n|move|p1b: Corviknight|Tailwind|p1b: Corviknight\n|-sidestart|p1: Nesteishon|move: Tailwind\n|move|p2b: Pelipper|Weather Ball|p1a: Ceruledge\n|-activate|p1a: Ceruledge|move: Protect\n|\n|-weather|RainDance|[upkeep]\n|-sideend|p1: Nesteishon|move: Aurora Veil\n|-fieldend|move: Trick Room\n|upkeep\n|turn|6\n|\n|t:|1776164796\n|move|p1a: Ceruledge|Close Combat|p2a: Farigiraf\n|-damage|p2a: Farigiraf|70/100\n|-unboost|p1a: Ceruledge|def|1\n|-unboost|p1a: Ceruledge|spd|1\n|move|p1b: Corviknight|Iron Head|p2a: Farigiraf\n|-damage|p2a: Farigiraf|49/100\n|-enditem|p2a: Farigiraf|Sitrus Berry|[eat]\n|-heal|p2a: Farigiraf|74/100|[from] item: Sitrus Berry\n|move|p2b: Pelipper|Weather Ball|p1a: Ceruledge\n|-supereffective|p1a: Ceruledge|1\n|-enditem|p1a: Ceruledge|Focus Sash\n|-damage|p1a: Ceruledge|1/100\n|move|p2a: Farigiraf|Trick Room|p2a: Farigiraf\n|-fieldstart|move: Trick Room|[of] p2a: Farigiraf\n|\n|-weather|RainDance|[upkeep]\n|upkeep\n|turn|7\n|-message|Nesteishon forfeited.\n|\n|win|wzzlr\n|raw|Nesteishon's rating: 1162 &rarr; <strong>1142</strong><br />(-20 for losing)\n|raw|wzzlr's rating: 1227 &rarr; <strong>1247</strong><br />(+20 for winning)\n|l|\u2606Nesteishon\n|player|p1|\n",
  "uploadtime": 1776164816,
  "views": 19,
  "formatid": "gen9championsvgc2026regma",
  "rating": 1142,
  "private": 0,
  "password": null
}