{
  "id": "gen9championsvgc2026regma-2586547935",
  "format": "[Gen 9 Champions] VGC 2026 Reg M-A",
  "players": [
    "parwes",
    "dola01"
  ],
  "log": "|j|\u2606parwes\n|j|\u2606dola01\n|t:|1776442220\n|gametype|doubles\n|player|p1|parwes|265|1126\n|player|p2|dola01|102|1105\n|gen|9\n|tier|[Gen 9 Champions] VGC 2026 Reg M-A\n|rated|\n|rule|Species Clause: Limit one of each Pok\u00e9mon\n|rule|Item Clause: Limit 1 of each item\n|clearpoke\n|poke|p1|Glaceon, L50, F|\n|poke|p1|Froslass, L50, F|\n|poke|p1|Rotom-Frost, L50|\n|poke|p1|Garchomp, L50, M|\n|poke|p1|Sneasler, L50, F|\n|poke|p1|Kingambit, L50, F|\n|poke|p2|Golurk, L50|\n|poke|p2|Oranguru, L50, F|\n|poke|p2|Farigiraf, L50, F|\n|poke|p2|Maushold, L50|\n|poke|p2|Torkoal, L50, M|\n|poke|p2|Kingambit, L50, F|\n|teampreview|4\n|inactive|Battle timer is ON: inactive players will automatically lose when time's up. (requested by dola01)\ndola01 rejected open team sheets.\n|\n|t:|1776442249\n|teamsize|p1|4\n|teamsize|p2|4\n|start\n|switch|p1a: Froslass|Froslass, L50, F|100/100\n|switch|p1b: Kingambit|Kingambit, L50, F|100/100\n|switch|p2a: Golurk|Golurk, L50|100/100\n|switch|p2b: Oranguru|Oranguru, L50, F|100/100\n|turn|1\n|\n|t:|1776442269\n|switch|p2a: Kingambit|Kingambit, L50, F|100/100\n|detailschange|p1a: Froslass|Froslass-Mega, L50, F\n|-mega|p1a: Froslass|Froslass|Froslassite\n|-weather|Snowscape|[from] ability: Snow Warning|[of] p1a: Froslass\n|move|p2b: Oranguru|Protect|p2b: Oranguru\n|-singleturn|p2b: Oranguru|Protect\n|move|p1a: Froslass|Blizzard|p2b: Oranguru|[spread] p2a\n|-activate|p2b: Oranguru|move: Protect\n|-resisted|p2a: Kingambit|1\n|-damage|p2a: Kingambit|77/100\n|move|p1b: Kingambit|Kowtow Cleave|p2b: Oranguru\n|-activate|p2b: Oranguru|move: Protect\n|\n|-weather|Snowscape|[upkeep]\n|upkeep\n|turn|2\n|\n|t:|1776442294\n|move|p2a: Kingambit|Sucker Punch||[still]\n|-fail|p2a: Kingambit\n|move|p1a: Froslass|Aurora Veil|p1a: Froslass\n|-sidestart|p1: parwes|move: Aurora Veil\n|move|p1b: Kingambit|Kowtow Cleave|p2b: Oranguru\n|-supereffective|p2b: Oranguru|1\n|-damage|p2b: Oranguru|0 fnt\n|faint|p2b: Oranguru\n|\n|-weather|Snowscape|[upkeep]\n|upkeep\n|\n|t:|1776442305\n|switch|p2b: Torkoal|Torkoal, L50, M|100/100\n|-weather|SunnyDay|[from] ability: Drought|[of] p2b: Torkoal\n|turn|3\n|\n|t:|1776442320\n|switch|p1a: Glaceon|Glaceon, L50, F|100/100\n|move|p1b: Kingambit|Protect|p1b: Kingambit\n|-singleturn|p1b: Kingambit|Protect\n|move|p2a: Kingambit|Kowtow Cleave|p1a: Glaceon\n|-damage|p1a: Glaceon|55/100\n|move|p2b: Torkoal|Eruption|p1a: Glaceon|[spread] \n|-activate|p1b: Kingambit|move: Protect\n|-miss|p2b: Torkoal|p1a: Glaceon\n|\n|-weather|SunnyDay|[upkeep]\n|upkeep\n|turn|4\n|\n|t:|1776442338\n|switch|p2b: Golurk|Golurk, L50|100/100\n|move|p1b: Kingambit|Sucker Punch||[still]\n|-fail|p1b: Kingambit\n|move|p1a: Glaceon|Shadow Ball|p2b: Golurk\n|-supereffective|p2b: Golurk|1\n|-damage|p2b: Golurk|29/100\n|move|p2a: Kingambit|Iron Head|p1a: Glaceon\n|-supereffective|p1a: Glaceon|1\n|-damage|p1a: Glaceon|0 fnt\n|faint|p1a: Glaceon\n|\n|-weather|SunnyDay|[upkeep]\n|upkeep\n|\n|t:|1776442342\n|switch|p1a: Froslass|Froslass-Mega, L50, F|100/100\n|-weather|Snowscape|[from] ability: Snow Warning|[of] p1a: Froslass\n|turn|5\n|\n|t:|1776442356\n|switch|p1a: Rotom|Rotom-Frost, L50|100/100\n|detailschange|p2b: Golurk|Golurk-Mega, L50\n|-mega|p2b: Golurk|Golurk|Golurkite\n|move|p2a: Kingambit|Sucker Punch||[still]\n|-fail|p2a: Kingambit\n|move|p1b: Kingambit|Kowtow Cleave|p2b: Golurk\n|-supereffective|p2b: Golurk|1\n|-damage|p2b: Golurk|0 fnt\n|faint|p2b: Golurk\n|\n|-weather|Snowscape|[upkeep]\n|upkeep\n|\n|t:|1776442366\n|switch|p2b: Torkoal|Torkoal, L50, M|100/100\n|-weather|SunnyDay|[from] ability: Drought|[of] p2b: Torkoal\n|turn|6\n|\n|t:|1776442374\n|move|p1b: Kingambit|Protect|p1b: Kingambit\n|-singleturn|p1b: Kingambit|Protect\n|move|p1a: Rotom|Thunderbolt|p2b: Torkoal\n|-damage|p2b: Torkoal|43/100\n|move|p2a: Kingambit|Kowtow Cleave|p1a: Rotom\n|-damage|p1a: Rotom|50/100\n|move|p2b: Torkoal|Eruption|p1a: Rotom|[spread] p1a\n|-activate|p1b: Kingambit|move: Protect\n|-supereffective|p1a: Rotom|1\n|-damage|p1a: Rotom|0 fnt\n|faint|p1a: Rotom\n|\n|-weather|SunnyDay|[upkeep]\n|-sideend|p1: parwes|move: Aurora Veil\n|upkeep\n|\n|t:|1776442380\n|switch|p1a: Froslass|Froslass-Mega, L50, F|100/100\n|-weather|Snowscape|[from] ability: Snow Warning|[of] p1a: Froslass\n|turn|7\n|\n|t:|1776442395\n|move|p1a: Froslass|Protect|p1a: Froslass\n|-singleturn|p1a: Froslass|Protect\n|move|p1b: Kingambit|Kowtow Cleave|p2b: Torkoal\n|-damage|p2b: Torkoal|0 fnt\n|faint|p2b: Torkoal\n|move|p2a: Kingambit|Iron Head|p1a: Froslass\n|-activate|p1a: Froslass|move: Protect\n|\n|-weather|Snowscape|[upkeep]\n|upkeep\n|turn|8\n|\n|t:|1776442412\n|move|p1a: Froslass|Blizzard|p2a: Kingambit\n|-resisted|p2a: Kingambit|1\n|-damage|p2a: Kingambit|47/100\n|move|p1b: Kingambit|Kowtow Cleave|p2a: Kingambit\n|-resisted|p2a: Kingambit|1\n|-damage|p2a: Kingambit|24/100\n|move|p2a: Kingambit|Iron Head|p1a: Froslass\n|-supereffective|p1a: Froslass|1\n|-damage|p1a: Froslass|0 fnt\n|faint|p1a: Froslass\n|\n|-weather|Snowscape|[upkeep]\n|upkeep\n|turn|9\n|inactive|dola01 has 30 seconds left.\n|\n|t:|1776442439\n|move|p1b: Kingambit|Kowtow Cleave|p2a: Kingambit\n|-resisted|p2a: Kingambit|1\n|-damage|p2a: Kingambit|2/100\n|move|p2a: Kingambit|Kowtow Cleave|p1b: Kingambit\n|-resisted|p1b: Kingambit|1\n|-damage|p1b: Kingambit|77/100\n|\n|-weather|Snowscape|[upkeep]\n|upkeep\n|turn|10\n|\n|t:|1776442456\n|move|p2a: Kingambit|Sucker Punch|p1b: Kingambit\n|-resisted|p1b: Kingambit|1\n|-damage|p1b: Kingambit|60/100\n|move|p1b: Kingambit|Kowtow Cleave|p2a: Kingambit\n|-resisted|p2a: Kingambit|1\n|-damage|p2a: Kingambit|0 fnt\n|faint|p2a: Kingambit\n|-end|p2a: Kingambit|fallenundefined|[silent]\n|\n|win|parwes\n|raw|parwes's rating: 1126 &rarr; <strong>1149</strong><br />(+23 for winning)\n|raw|dola01's rating: 1105 &rarr; <strong>1082</strong><br />(-23 for losing)\n|l|\u2606dola01\n|player|p2|\n",
  "uploadtime": 1776442466,
  "views": 25,
  "formatid": "gen9championsvgc2026regma",
  "rating": 1082,
  "private": 0,
  "password": null
}