{
  "id": "gen9championsvgc2026regma-2587398110",
  "format": "[Gen 9 Champions] VGC 2026 Reg M-A",
  "players": [
    "s4m1_jaw3d",
    "squigglybuff"
  ],
  "log": "|j|\u2606s4m1_jaw3d\n|j|\u203dsquigglybuff\n|html|<table width=\"100%\"><tr><td align=\"left\">s4m1_jaw3d</td><td align=\"right\">squigglybuff</tr><tr><td align=\"left\"><i class=\"fa fa-circle\"></i> <i class=\"fa fa-circle-o\"></i> </td><td align=\"right\"><i class=\"fa fa-circle-o\"></i> <i class=\"fa fa-circle-o\"></i> </tr></table>\n|uhtml|bestof|<h2><strong>Game 2</strong> of <a href=\"/game-bestof3-gen9championsvgc2026regma-2587395679\">a best-of-3</a></h2>\n|t:|1776528489\n|gametype|doubles\n|player|p1|s4m1_jaw3d|volkner|\n|player|p2|squigglybuff|169|\n|gen|9\n|tier|[Gen 9 Champions] VGC 2026 Reg M-A\n|rule|Species Clause: Limit one of each Pok\u00e9mon\n|rule|Item Clause: Limit 1 of each item\n|raw|<div class=\"infobox\"><details class=\"readmore\" open><summary><strong>1 custom rule:</strong></summary> Best of = 3</details></div>\n|clearpoke\n|poke|p1|Kangaskhan, L50, F|\n|poke|p1|Pelipper, L50, M|\n|poke|p1|Raichu, L50, M|\n|poke|p1|Armarouge, L50, F|\n|poke|p1|Milotic, L50, F|\n|poke|p1|Alcremie, L50, F|\n|poke|p2|Charizard, L50, M|\n|poke|p2|Garchomp, L50, F|\n|poke|p2|Venusaur, L50, F|\n|poke|p2|Clefable, L50, F|\n|poke|p2|Aegislash, L50, F|\n|poke|p2|Drampa, L50, M|\n|teampreview|4\nsquigglybuff has agreed to open team sheets.\n|\n|t:|1776528511\n|teamsize|p1|4\n|teamsize|p2|4\n|start\n|switch|p1a: Armarouge|Armarouge, L50, F|100/100\n|switch|p1b: Alcremie|Alcremie, L50, F|100/100\n|switch|p2a: Aegislash|Aegislash, L50, F|100/100\n|switch|p2b: Charizard|Charizard, L50, M|100/100\n|turn|1\n|\n|t:|1776528530\n|switch|p2b: Garchomp|Garchomp, L50, F|100/100\n|move|p1a: Armarouge|Armor Cannon|p2a: Aegislash\n|-supereffective|p2a: Aegislash|1\n|-damage|p2a: Aegislash|0 fnt\n|-unboost|p1a: Armarouge|def|1\n|-unboost|p1a: Armarouge|spd|1\n|faint|p2a: Aegislash\n|move|p1b: Alcremie|Decorate|p1a: Armarouge\n|-boost|p1a: Armarouge|atk|2\n|-boost|p1a: Armarouge|spa|2\n|\n|upkeep\n|\n|t:|1776528540\n|switch|p2a: Charizard|Charizard, L50, M|100/100\n|turn|2\n|\n|t:|1776528566\n|detailschange|p2a: Charizard|Charizard-Mega-Y, L50, M\n|-mega|p2a: Charizard|Charizard|Charizardite Y\n|-weather|SunnyDay|[from] ability: Drought|[of] p2a: Charizard\n|move|p2b: Garchomp|Protect|p2b: Garchomp\n|-singleturn|p2b: Garchomp|Protect\n|move|p1a: Armarouge|Armor Cannon|p2b: Garchomp\n|-activate|p2b: Garchomp|move: Protect\n|move|p2a: Charizard|Heat Wave|p1b: Alcremie|[spread] p1b\n|-start|p1a: Armarouge|ability: Flash Fire\n|-damage|p1b: Alcremie|47/100\n|move|p1b: Alcremie|Mystical Fire|p2a: Charizard\n|-resisted|p2a: Charizard|1\n|-damage|p2a: Charizard|82/100\n|-unboost|p2a: Charizard|spa|1\n|\n|-weather|SunnyDay|[upkeep]\n|upkeep\n|turn|3\n|\n|t:|1776528609\n|switch|p2a: Drampa|Drampa, L50, M|100/100\n|-ability|p2a: Drampa|Cloud Nine\n|move|p1a: Armarouge|Armor Cannon|p2b: Garchomp\n|-resisted|p2b: Garchomp|1\n|-damage|p2b: Garchomp|0 fnt\n|-unboost|p1a: Armarouge|def|1\n|-unboost|p1a: Armarouge|spd|1\n|faint|p2b: Garchomp\n|move|p1b: Alcremie|Mystical Fire|p2a: Drampa\n|-resisted|p2a: Drampa|1\n|-damage|p2a: Drampa|90/100\n|-unboost|p2a: Drampa|spa|1\n|\n|-weather|SunnyDay|[upkeep]\n|upkeep\n|\n|t:|1776528615\n|switch|p2b: Charizard|Charizard-Mega-Y, L50, M|82/100\n|turn|4\n|\n|t:|1776528626\n|move|p2b: Charizard|Protect|p2b: Charizard\n|-singleturn|p2b: Charizard|Protect\n|move|p1a: Armarouge|Armor Cannon|p2a: Drampa\n|-resisted|p2a: Drampa|1\n|-damage|p2a: Drampa|0 fnt\n|-unboost|p1a: Armarouge|def|1\n|-unboost|p1a: Armarouge|spd|1\n|faint|p2a: Drampa\n|move|p1b: Alcremie|Mystical Fire|p2b: Charizard\n|-activate|p2b: Charizard|move: Protect\n|\n|-weather|SunnyDay|[upkeep]\n|upkeep\n|turn|5\n|\n|t:|1776528632\n|move|p1a: Armarouge|Armor Cannon|p2b: Charizard\n|-resisted|p2b: Charizard|1\n|-damage|p2b: Charizard|0 fnt\n|-unboost|p1a: Armarouge|def|1\n|-unboost|p1a: Armarouge|spd|1\n|faint|p2b: Charizard\n|\n|win|s4m1_jaw3d\n|c|\u2606s4m1_jaw3d|Gg\n|l|\u2606s4m1_jaw3d\n|player|p1|\n",
  "uploadtime": 1776528641,
  "views": 44,
  "formatid": "gen9championsvgc2026regma",
  "rating": null,
  "private": 0,
  "password": null
}