{
  "id": "gen9championsvgc2026regma-2588548671",
  "format": "[Gen 9 Champions] VGC 2026 Reg M-A",
  "players": [
    "ArepadeChorizard",
    "SoapOwner"
  ],
  "log": "|j|\u2606ArepadeChorizard\n|j|\u2606SoapOwner\n|t:|1776643882\n|gametype|doubles\n|player|p1|ArepadeChorizard|allister-unmasked|1156\n|player|p2|SoapOwner|giovanni|1085\n|gen|9\n|tier|[Gen 9 Champions] VGC 2026 Reg M-A\n|rated|\n|rule|Species Clause: Limit one of each Pok\u00e9mon\n|rule|Item Clause: Limit 1 of each item\n|clearpoke\n|poke|p1|Dragonite, L50, M, shiny|\n|poke|p1|Sinistcha-Masterpiece, L50, shiny|\n|poke|p1|Pelipper, L50, M, shiny|\n|poke|p1|Drampa, L50, F, shiny|\n|poke|p1|Klefki, L50, M, shiny|\n|poke|p1|Conkeldurr, L50, F, shiny|\n|poke|p2|Charizard, L50, M, shiny|\n|poke|p2|Garchomp, L50, F|\n|poke|p2|Milotic, L50, F, shiny|\n|poke|p2|Venusaur, L50, M|\n|poke|p2|Kangaskhan, L50, F|\n|poke|p2|Clefable, L50, F|\n|teampreview|4\nArepadeChorizard rejected open team sheets.\n|inactive|Battle timer is ON: inactive players will automatically lose when time's up. (requested by ArepadeChorizard)\n|inactive|SoapOwner has 60 seconds left.\n|\n|t:|1776643924\n|teamsize|p1|4\n|teamsize|p2|4\n|start\n|switch|p1a: Drampa|Drampa, L50, F, shiny|100/100\n|switch|p1b: Klefki|Klefki, L50, M, shiny|100/100\n|switch|p2a: happy|Clefable, L50, F|100/100\n|switch|p2b: The milker|Kangaskhan, L50, F|100/100\n|turn|1\n|\n|t:|1776643945\n|detailschange|p2b: The milker|Kangaskhan-Mega, L50, F\n|-mega|p2b: The milker|Kangaskhan|Kangaskhanite\n|detailschange|p1a: Drampa|Drampa-Mega, L50, F, shiny\n|-mega|p1a: Drampa|Drampa|Drampanite\n|move|p2b: The milker|Fake Out|p1a: Drampa\n|-damage|p1a: Drampa|81/100\n|-damage|p1a: Drampa|77/100\n|-hitcount|p1a: Drampa|2\n|move|p2a: happy|Follow Me|p2a: happy\n|-singleturn|p2a: happy|move: Follow Me\n|cant|p1a: Drampa|flinch\n|move|p1b: Klefki|Trick Room|p1b: Klefki\n|-fieldstart|move: Trick Room|[of] p1b: Klefki\n|\n|upkeep\n|turn|2\n|inactive|SoapOwner has 30 seconds left.\n|\n|t:|1776643976\n|switch|p1b: Sinistcha|Sinistcha-Masterpiece, L50, shiny|100/100\n|-heal|p1a: Drampa|100/100|[from] ability: Hospitality|[of] p1b: Sinistcha\n|move|p1a: Drampa|Hyper Voice|p2b: The milker|[spread] p2a,p2b\n|-damage|p2a: happy|71/100\n|-damage|p2b: The milker|54/100\n|move|p2a: happy|Encore||[still]\n|-fail|p2a: happy\n|move|p2b: The milker|Drain Punch|p1a: Drampa\n|-supereffective|p1a: Drampa|1\n|-damage|p1a: Drampa|51/100\n|-heal|p2b: The milker|77/100|[from] drain|[of] p1a: Drampa\n|-supereffective|p1a: Drampa|1\n|-damage|p1a: Drampa|40/100\n|-heal|p2b: The milker|83/100|[from] drain|[of] p1a: Drampa\n|-hitcount|p1a: Drampa|2\n|-ability|p1a: Drampa|Berserk|boost\n|-boost|p1a: Drampa|spa|1\n|\n|upkeep\n|turn|3\n|inactive|ArepadeChorizard has 30 seconds left.\n|inactive|ArepadeChorizard has 20 seconds left.\n|\n|t:|1776644014\n|move|p2a: happy|Follow Me|p2a: happy\n|-singleturn|p2a: happy|move: Follow Me\n|move|p1b: Sinistcha|Rage Powder|p1b: Sinistcha\n|-singleturn|p1b: Sinistcha|move: Rage Powder\n|move|p1a: Drampa|Hyper Voice|p2a: happy|[spread] p2a,p2b\n|-damage|p2a: happy|25/100\n|-damage|p2b: The milker|16/100\n|move|p2b: The milker|Drain Punch|p1b: Sinistcha\n|-immune|p1b: Sinistcha\n|\n|upkeep\n|turn|4\n|inactive|SoapOwner has 30 seconds left.\n|\n|t:|1776644040\n|move|p2b: The milker|Sucker Punch||[still]\n|-fail|p2b: The milker\n|move|p1a: Drampa|Hyper Voice|p2b: The milker|[spread] p2a,p2b\n|-damage|p2a: happy|0 fnt\n|-damage|p2b: The milker|0 fnt\n|faint|p2a: happy\n|faint|p2b: The milker\n|move|p1b: Sinistcha|Life Dew||[still]|[spread] p1a,p1b\n|-heal|p1a: Drampa|65/100\n|-fail|p1b: Sinistcha|heal\n|\n|upkeep\n|\n|t:|1776644046\n|switch|p2a: Terrafinn|Garchomp, L50, F|100/100\n|switch|p2b: Dihh|Milotic, L50, F, shiny|100/100\n|turn|5\n|\n|t:|1776644066\n|move|p1a: Drampa|Dragon Pulse|p2a: Terrafinn\n|-supereffective|p2a: Terrafinn|1\n|-damage|p2a: Terrafinn|0 fnt\n|faint|p2a: Terrafinn\n|move|p1b: Sinistcha|Life Dew||[still]|[spread] p1a,p1b\n|-heal|p1a: Drampa|90/100\n|-fail|p1b: Sinistcha|heal\n|move|p2b: Dihh|Icy Wind|p1a: Drampa|[spread] p1a,p1b\n|-supereffective|p1a: Drampa|1\n|-supereffective|p1b: Sinistcha|1\n|-damage|p1a: Drampa|71/100\n|-damage|p1b: Sinistcha|80/100\n|-unboost|p1a: Drampa|spe|1\n|-unboost|p1b: Sinistcha|spe|1\n|\n|-fieldend|move: Trick Room\n|upkeep\n|turn|6\n|-message|SoapOwner forfeited.\n|\n|win|ArepadeChorizard\n|raw|ArepadeChorizard's rating: 1156 &rarr; <strong>1176</strong><br />(+20 for winning)\n|raw|SoapOwner's rating: 1085 &rarr; <strong>1067</strong><br />(-18 for losing)\n|l|\u2606SoapOwner\n|player|p2|\n",
  "uploadtime": 1776644075,
  "views": 14,
  "formatid": "gen9championsvgc2026regma",
  "rating": 1067,
  "private": 0,
  "password": null
}