{
  "id": "gen9championsvgc2026regma-2584209494",
  "format": "[Gen 9 Champions] VGC 2026 Reg M-A",
  "players": [
    "ScribbleScribble",
    "massan2580"
  ],
  "log": "|j|\u2606ScribbleScribble\n|j|\u2606massan2580\n|t:|1776238506\n|gametype|doubles\n|player|p1|ScribbleScribble|mina-lgpe|1570\n|player|p2|massan2580|169|1549\n|gen|9\n|tier|[Gen 9 Champions] VGC 2026 Reg M-A\n|rated|\n|rule|Species Clause: Limit one of each Pok\u00e9mon\n|rule|Item Clause: Limit 1 of each item\n|clearpoke\n|poke|p1|Floette-Eternal, L50, F|\n|poke|p1|Sneasler, L50, M|\n|poke|p1|Aerodactyl, L50, F|\n|poke|p1|Kingambit, L50, M|\n|poke|p1|Basculegion, L50, M|\n|poke|p1|Farigiraf, L50, M|\n|poke|p2|Floette-Eternal, L50, F|\n|poke|p2|Sneasler, L50, F|\n|poke|p2|Basculegion, L50, M|\n|poke|p2|Sylveon, L50, M|\n|poke|p2|Hydreigon, L50, F|\n|poke|p2|Talonflame, L50, M|\n|teampreview|4\n|inactive|Battle timer is ON: inactive players will automatically lose when time's up. (requested by ScribbleScribble)\n|inactive|ScribbleScribble has 60 seconds left.\n|inactive|massan2580 has 60 seconds left.\n|\n|t:|1776238553\n|teamsize|p1|4\n|teamsize|p2|4\n|start\n|switch|p1a: Basculegion|Basculegion, L50, M|100/100\n|switch|p1b: Aerodactyl|Aerodactyl, L50, F|100/100\n|switch|p2a: Talonflame|Talonflame, L50, M|100/100\n|switch|p2b: Floette|Floette-Eternal, L50, F|100/100\n|-ability|p1b: Aerodactyl|Unnerve\n|turn|1\n|\n|t:|1776238562\n|detailschange|p2b: Floette|Floette-Mega, L50, F\n|-mega|p2b: Floette|Floette|Floettite\n|-ability|p2b: Floette|Fairy Aura\n|move|p1a: Basculegion|Aqua Jet|p2a: Talonflame\n|-supereffective|p2a: Talonflame|1\n|-damage|p2a: Talonflame|27/100\n|move|p1b: Aerodactyl|Rock Slide|p2b: Floette|[spread] p2b\n|-miss|p1b: Aerodactyl|p2a: Talonflame\n|-damage|p2b: Floette|77/100\n|move|p2a: Talonflame|Tailwind|p2a: Talonflame\n|-sidestart|p2: massan2580|move: Tailwind\n|cant|p2b: Floette|flinch\n|\n|upkeep\n|turn|2\n|j| Gwynn x Canari\n|l| Gwynn x Canari\n|\n|t:|1776238583\n|move|p2a: Talonflame|Feint|p1b: Aerodactyl\n|-resisted|p1b: Aerodactyl|1\n|-damage|p1b: Aerodactyl|94/100\n|move|p1a: Basculegion|Aqua Jet|p2a: Talonflame\n|-supereffective|p2a: Talonflame|1\n|-damage|p2a: Talonflame|0 fnt\n|faint|p2a: Talonflame\n|move|p2b: Floette|Moonblast|p1b: Aerodactyl\n|-damage|p1b: Aerodactyl|0 fnt\n|faint|p1b: Aerodactyl\n|\n|upkeep\n|inactive|ScribbleScribble has 30 seconds left.\n|inactive|ScribbleScribble has 20 seconds left.\n|inactive|ScribbleScribble has 15 seconds left.\n|inactive|ScribbleScribble has 10 seconds left.\n|inactive|ScribbleScribble has 5 seconds left.\n|\n|t:|1776238634\n|switch|p1b: Sneasler|Sneasler, L50, M|100/100\n|switch|p2a: Sneasler|Sneasler, L50, F|100/100\n|turn|3\n|\n|t:|1776238641\n|switch|p1a: Floette|Floette-Eternal, L50, F|100/100\n|move|p1b: Sneasler|Protect|p1b: Sneasler\n|-singleturn|p1b: Sneasler|Protect\n|move|p2a: Sneasler|Fake Out|p1b: Sneasler\n|-activate|p1b: Sneasler|move: Protect\n|move|p2b: Floette|Dazzling Gleam|p1b: Sneasler|[spread] p1a\n|-activate|p1b: Sneasler|move: Protect\n|-damage|p1a: Floette|58/100\n|\n|upkeep\n|turn|4\n|\n|t:|1776238658\n|switch|p1a: Basculegion|Basculegion, L50, M|100/100\n|move|p2a: Sneasler|Poison Jab|p1a: Basculegion\n|-resisted|p1a: Basculegion|1\n|-damage|p1a: Basculegion|75/100\n|move|p2b: Floette|Moonblast|p1b: Sneasler\n|-damage|p1b: Sneasler|5/100\n|move|p1b: Sneasler|Dire Claw|p2b: Floette\n|-supereffective|p2b: Floette|1\n|-damage|p2b: Floette|0 fnt\n|faint|p2b: Floette\n|\n|-sideend|p2: massan2580|move: Tailwind\n|upkeep\n|\n|t:|1776238667\n|switch|p2b: Basculegion|Basculegion, L50, M|100/100\n|turn|5\n|inactive|ScribbleScribble has 30 seconds left.\n|j| shanehuang99\n|\n|t:|1776238698\n|move|p2b: Basculegion|Last Respects|p1a: Basculegion\n|-supereffective|p1a: Basculegion|1\n|-damage|p1a: Basculegion|0 fnt\n|faint|p1a: Basculegion\n|move|p2a: Sneasler|Poison Jab|p1b: Sneasler\n|-resisted|p1b: Sneasler|1\n|-damage|p1b: Sneasler|0 fnt\n|faint|p1b: Sneasler\n|\n|upkeep\n|j| BagelGan\n|-message|ScribbleScribble forfeited.\n|\n|win|massan2580\n|raw|ScribbleScribble's rating: 1570 &rarr; <strong>1549</strong><br />(-21 for losing)\n|raw|massan2580's rating: 1549 &rarr; <strong>1570</strong><br />(+21 for winning)\n|l|\u2606ScribbleScribble\n|player|p1|\n|l|\u2606massan2580\n|player|p2|\n",
  "uploadtime": 1776238752,
  "views": 115,
  "formatid": "gen9championsvgc2026regma",
  "rating": 1549,
  "private": 0,
  "password": null
}