{
  "id": "gen9championsvgc2026regma-2587383195",
  "format": "[Gen 9 Champions] VGC 2026 Reg M-A",
  "players": [
    "jennytells",
    "yuriimon"
  ],
  "log": "|j|\u2606jennytells\n|j|\u2606yuriimon\n|t:|1776527224\n|gametype|doubles\n|player|p1|jennytells|skyla|1230\n|player|p2|yuriimon|waitress-gen4|1262\n|gen|9\n|tier|[Gen 9 Champions] VGC 2026 Reg M-A\n|rated|\n|rule|Species Clause: Limit one of each Pok\u00e9mon\n|rule|Item Clause: Limit 1 of each item\n|clearpoke\n|poke|p1|Tyranitar, L50, M|\n|poke|p1|Garchomp, L50, M|\n|poke|p1|Excadrill, L50, M|\n|poke|p1|Gliscor, L50, F|\n|poke|p1|Incineroar, L50, M|\n|poke|p1|Skarmory, L50, M|\n|poke|p2|Glimmora, L50, F|\n|poke|p2|Incineroar, L50, M|\n|poke|p2|Politoed, L50, M|\n|poke|p2|Basculegion, L50, M|\n|poke|p2|Chesnaught, L50, F|\n|poke|p2|Dragapult, L50, F|\n|teampreview|4\n|inactive|Battle timer is ON: inactive players will automatically lose when time's up. (requested by yuriimon)\n|\n|t:|1776527250\n|teamsize|p1|4\n|teamsize|p2|4\n|start\n|switch|p1a: Tyranitar|Tyranitar, L50, M|100/100\n|switch|p1b: Garchomp|Garchomp, L50, M|100/100\n|switch|p2a: Chesnaught|Chesnaught, L50, F|100/100\n|switch|p2b: Dragapult|Dragapult, L50, F|100/100\n|-weather|Sandstorm|[from] ability: Sand Stream|[of] p1a: Tyranitar\n|turn|1\n|\n|t:|1776527272\n|switch|p1b: Incineroar|Incineroar, L50, M|100/100\n|-ability|p1b: Incineroar|Intimidate|boost\n|-unboost|p2a: Chesnaught|atk|1\n|-fail|p2b: Dragapult|unboost|[from] ability: Clear Body|[of] p2b: Dragapult\n|detailschange|p2a: Chesnaught|Chesnaught-Mega, L50, F\n|-mega|p2a: Chesnaught|Chesnaught|Chesnaughtite\n|move|p1a: Tyranitar|Protect|p1a: Tyranitar\n|-singleturn|p1a: Tyranitar|Protect\n|move|p2b: Dragapult|Will-O-Wisp|p1a: Tyranitar\n|-activate|p1a: Tyranitar|move: Protect\n|move|p2a: Chesnaught|Iron Defense|p2a: Chesnaught\n|-boost|p2a: Chesnaught|def|2\n|\n|-weather|Sandstorm|[upkeep]\n|-damage|p2b: Dragapult|94/100|[from] Sandstorm\n|-damage|p1b: Incineroar|95/100|[from] Sandstorm\n|-damage|p2a: Chesnaught|94/100|[from] Sandstorm\n|-heal|p1b: Incineroar|100/100|[from] item: Leftovers\n|upkeep\n|turn|2\n|\n|t:|1776527295\n|move|p2a: Chesnaught|Protect|p2a: Chesnaught\n|-singleturn|p2a: Chesnaught|Protect\n|move|p1b: Incineroar|Fake Out|p2a: Chesnaught\n|-activate|p2a: Chesnaught|move: Protect\n|move|p2b: Dragapult|Will-O-Wisp|p1a: Tyranitar\n|-status|p1a: Tyranitar|brn\n|move|p1a: Tyranitar|Knock Off|p2b: Dragapult\n|-supereffective|p2b: Dragapult|1\n|-damage|p2b: Dragapult|13/100\n|-enditem|p2b: Dragapult|Focus Sash|[from] move: Knock Off|[of] p1a: Tyranitar\n|\n|-weather|Sandstorm|[upkeep]\n|-damage|p2b: Dragapult|7/100|[from] Sandstorm\n|-damage|p1b: Incineroar|95/100|[from] Sandstorm\n|-damage|p2a: Chesnaught|88/100|[from] Sandstorm\n|-heal|p1b: Incineroar|100/100|[from] item: Leftovers\n|-damage|p1a: Tyranitar|95/100 brn|[from] brn\n|upkeep\n|turn|3\n|inactive|jennytells has 30 seconds left.\n|inactive|jennytells has 20 seconds left.\n|\n|t:|1776527332\n|move|p1a: Tyranitar|Protect|p1a: Tyranitar\n|-singleturn|p1a: Tyranitar|Protect\n|move|p2b: Dragapult|Hex|p1a: Tyranitar\n|-activate|p1a: Tyranitar|move: Protect\n|move|p1b: Incineroar|Flare Blitz|p2a: Chesnaught\n|-supereffective|p2a: Chesnaught|1\n|-damage|p2a: Chesnaught|61/100\n|-damage|p1b: Incineroar|92/100|[from] Recoil\n|move|p2a: Chesnaught|Body Press|p1a: Tyranitar\n|-activate|p1a: Tyranitar|move: Protect\n|\n|-weather|Sandstorm|[upkeep]\n|-damage|p2b: Dragapult|1/100|[from] Sandstorm\n|-damage|p1b: Incineroar|86/100|[from] Sandstorm\n|-damage|p2a: Chesnaught|55/100|[from] Sandstorm\n|-heal|p1b: Incineroar|92/100|[from] item: Leftovers\n|-damage|p1a: Tyranitar|89/100 brn|[from] brn\n|upkeep\n|turn|4\n|inactive|jennytells has 30 seconds left.\n|inactive|jennytells has 20 seconds left.\n|inactive|jennytells has 15 seconds left.\n|inactive|jennytells has 10 seconds left.\n|\n|t:|1776527380\n|switch|p2b: Politoed|Politoed, L50, M|100/100\n|-weather|RainDance|[from] ability: Drizzle|[of] p2b: Politoed\n|switch|p1a: Gliscor|Gliscor, L50, F|100/100\n|move|p1b: Incineroar|Parting Shot|p2a: Chesnaught\n|-unboost|p2a: Chesnaught|atk|1\n|-unboost|p2a: Chesnaught|spa|1\n|\n|t:|1776527393\n|switch|p1b: Tyranitar|Tyranitar, L50, M|89/100 brn|[from] Parting Shot\n|-weather|Sandstorm|[from] ability: Sand Stream|[of] p1b: Tyranitar\n|move|p2a: Chesnaught|Body Press|p1a: Gliscor\n|-resisted|p1a: Gliscor|1\n|-damage|p1a: Gliscor|53/100\n|\n|-weather|Sandstorm|[upkeep]\n|-damage|p2b: Politoed|95/100|[from] Sandstorm\n|-damage|p2a: Chesnaught|49/100|[from] Sandstorm\n|-damage|p1b: Tyranitar|83/100 brn|[from] brn\n|upkeep\n|turn|5\n|\n|t:|1776527412\n|switch|p1b: Incineroar|Incineroar, L50, M|92/100\n|-ability|p1b: Incineroar|Intimidate|boost\n|-unboost|p2a: Chesnaught|atk|1\n|-unboost|p2b: Politoed|atk|1\n|switch|p2b: Basculegion|Basculegion, L50, M|100/100\n|move|p2a: Chesnaught|Protect|p2a: Chesnaught\n|-singleturn|p2a: Chesnaught|Protect\n|move|p1a: Gliscor|Toxic|p2a: Chesnaught\n|-activate|p2a: Chesnaught|move: Protect\n|\n|-weather|Sandstorm|[upkeep]\n|-damage|p2b: Basculegion|94/100|[from] Sandstorm\n|-damage|p1b: Incineroar|86/100|[from] Sandstorm\n|-damage|p2a: Chesnaught|43/100|[from] Sandstorm\n|-heal|p1b: Incineroar|92/100|[from] item: Leftovers\n|upkeep\n|turn|6\n|inactive|jennytells has 30 seconds left.\n|\n|t:|1776527440\n|switch|p2a: Politoed|Politoed, L50, M|95/100\n|-weather|RainDance|[from] ability: Drizzle|[of] p2a: Politoed\n|move|p1b: Incineroar|Fake Out|p2a: Politoed\n|-damage|p2a: Politoed|84/100\n|move|p2b: Basculegion|Wave Crash|p1a: Gliscor\n|-supereffective|p1a: Gliscor|1\n|-damage|p1a: Gliscor|0 fnt\n|faint|p1a: Gliscor\n|-damage|p2b: Basculegion|81/100|[from] Recoil\n|\n|-weather|RainDance|[upkeep]\n|-heal|p1b: Incineroar|98/100|[from] item: Leftovers\n|upkeep\n|\n|t:|1776527460\n|switch|p1a: Tyranitar|Tyranitar, L50, M|83/100 brn\n|-weather|Sandstorm|[from] ability: Sand Stream|[of] p1a: Tyranitar\n|turn|7\n|inactive|yuriimon has 30 seconds left.\n|\n|t:|1776527492\n|switch|p2b: Dragapult|Dragapult, L50, F|1/100\n|switch|p2a: Chesnaught|Chesnaught-Mega, L50, F|43/100\n|detailschange|p1a: Tyranitar|Tyranitar-Mega, L50, M\n|-mega|p1a: Tyranitar|Tyranitar|Tyranitarite\n|move|p1a: Tyranitar|Knock Off|p2b: Dragapult\n|-supereffective|p2b: Dragapult|1\n|-damage|p2b: Dragapult|0 fnt\n|faint|p2b: Dragapult\n|move|p1b: Incineroar|Parting Shot|p2a: Chesnaught\n|-unboost|p2a: Chesnaught|atk|1\n|-unboost|p2a: Chesnaught|spa|1\n|\n|t:|1776527506\n|switch|p1b: Garchomp|Garchomp, L50, M|100/100|[from] Parting Shot\n|\n|-weather|Sandstorm|[upkeep]\n|-damage|p2a: Chesnaught|37/100|[from] Sandstorm\n|-damage|p1a: Tyranitar|78/100 brn|[from] brn\n|upkeep\n|\n|t:|1776527513\n|switch|p2b: Basculegion|Basculegion, L50, M|81/100\n|turn|8\n|\n|t:|1776527538\n|switch|p1b: Incineroar|Incineroar, L50, M|98/100\n|-ability|p1b: Incineroar|Intimidate|boost\n|-unboost|p2a: Chesnaught|atk|1\n|-unboost|p2b: Basculegion|atk|1\n|switch|p2a: Politoed|Politoed, L50, M|84/100\n|-weather|RainDance|[from] ability: Drizzle|[of] p2a: Politoed\n|move|p2b: Basculegion|Wave Crash|p1a: Tyranitar\n|-supereffective|p1a: Tyranitar|1\n|-damage|p1a: Tyranitar|0 fnt\n|faint|p1a: Tyranitar\n|-damage|p2b: Basculegion|58/100|[from] Recoil\n|\n|-weather|RainDance|[upkeep]\n|-heal|p1b: Incineroar|100/100|[from] item: Leftovers\n|upkeep\n|\n|t:|1776527555\n|switch|p1a: Garchomp|Garchomp, L50, M|100/100\n|turn|9\n|\n|t:|1776527574\n|move|p2a: Politoed|Helping Hand|p2b: Basculegion\n|-singleturn|p2b: Basculegion|Helping Hand|[of] p2a: Politoed\n|move|p1a: Garchomp|Protect|p1a: Garchomp\n|-singleturn|p1a: Garchomp|Protect\n|move|p2b: Basculegion|Wave Crash|p1a: Garchomp\n|-activate|p1a: Garchomp|move: Protect\n|move|p1b: Incineroar|Parting Shot|p2b: Basculegion\n|-unboost|p2b: Basculegion|atk|1\n|-unboost|p2b: Basculegion|spa|1\n|\n|-weather|RainDance|[upkeep]\n|upkeep\n|turn|10\n|\n|t:|1776527592\n|switch|p2b: Chesnaught|Chesnaught-Mega, L50, F|37/100\n|move|p1a: Garchomp|Dragon Claw|p2a: Politoed\n|-damage|p2a: Politoed|48/100\n|move|p2a: Politoed|Weather Ball|p1b: Incineroar\n|-supereffective|p1b: Incineroar|1\n|-damage|p1b: Incineroar|15/100\n|move|p1b: Incineroar|Parting Shot|p2a: Politoed\n|-unboost|p2a: Politoed|atk|1\n|-unboost|p2a: Politoed|spa|1\n|\n|-weather|RainDance|[upkeep]\n|-heal|p1b: Incineroar|20/100|[from] item: Leftovers\n|upkeep\n|turn|11\n|\n|t:|1776527616\n|move|p1a: Garchomp|Dragon Claw|p2a: Politoed\n|-damage|p2a: Politoed|8/100\n|move|p2a: Politoed|Weather Ball|p1b: Incineroar\n|-supereffective|p1b: Incineroar|1\n|-damage|p1b: Incineroar|0 fnt\n|faint|p1b: Incineroar\n|move|p2b: Chesnaught|Iron Defense|p2b: Chesnaught\n|-boost|p2b: Chesnaught|def|2\n|\n|-weather|RainDance|[upkeep]\n|upkeep\n|turn|12\n|\n|t:|1776527635\n|move|p2a: Politoed|Helping Hand|p2b: Chesnaught\n|-singleturn|p2b: Chesnaught|Helping Hand|[of] p2a: Politoed\n|move|p1a: Garchomp|Rock Slide|p2b: Chesnaught|[spread] p2a,p2b\n|-resisted|p2b: Chesnaught|1\n|-damage|p2a: Politoed|0 fnt\n|-damage|p2b: Chesnaught|34/100\n|faint|p2a: Politoed\n|cant|p2b: Chesnaught|flinch\n|\n|-weather|none\n|upkeep\n|\n|t:|1776527643\n|switch|p2a: Basculegion|Basculegion, L50, M|58/100\n|turn|13\n|\n|t:|1776527659\n|move|p1a: Garchomp|Dragon Claw|p2a: Basculegion\n|-damage|p2a: Basculegion|3/100\n|move|p2a: Basculegion|Last Respects|p1a: Garchomp\n|-damage|p1a: Garchomp|20/100\n|move|p2b: Chesnaught|Body Press|p1a: Garchomp\n|-damage|p1a: Garchomp|0 fnt\n|faint|p1a: Garchomp\n|\n|win|yuriimon\n|raw|jennytells's rating: 1230 &rarr; <strong>1207</strong><br />(-23 for losing)\n|raw|yuriimon's rating: 1262 &rarr; <strong>1285</strong><br />(+23 for winning)\n|c|\u2606yuriimon|ggwp\n|l|\u2606jennytells\n|player|p1|\n",
  "uploadtime": 1776527671,
  "views": 24,
  "formatid": "gen9championsvgc2026regma",
  "rating": 1207,
  "private": 0,
  "password": null
}