{
  "id": "gen9championsvgc2026regma-2583810907",
  "format": "[Gen 9 Champions] VGC 2026 Reg M-A",
  "players": [
    "i sell autoparts",
    "skyltie"
  ],
  "log": "|j|\u2606i sell autoparts\n|j|\u2606skyltie\n|t:|1776199470\n|gametype|doubles\n|player|p1|i sell autoparts|rocketgruntf|1000\n|player|p2|skyltie|clay|1000\n|gen|9\n|tier|[Gen 9 Champions] VGC 2026 Reg M-A\n|rated|\n|rule|Species Clause: Limit one of each Pok\u00e9mon\n|rule|Item Clause: Limit 1 of each item\n|clearpoke\n|poke|p1|Dragonite, L50, M|\n|poke|p1|Pelipper, L50, M|\n|poke|p1|Sinistcha, L50|\n|poke|p1|Archaludon, L50, F|\n|poke|p1|Incineroar, L50, F|\n|poke|p1|Basculegion, L50, M|\n|poke|p2|Golurk, L50|\n|poke|p2|Incineroar, L50, F|\n|poke|p2|Mimikyu, L50, M|\n|poke|p2|Drampa, L50, M|\n|poke|p2|Appletun, L50, M|\n|poke|p2|Volcarona, L50, M|\n|teampreview|4\n|\n|t:|1776199514\n|teamsize|p1|4\n|teamsize|p2|4\n|start\n|switch|p1a: Pelipper|Pelipper, L50, M, shiny|100/100\n|switch|p1b: Dragonite|Dragonite, L50, M|100/100\n|switch|p2a: Incineroar|Incineroar, L50, F|100/100\n|switch|p2b: Mimikyu|Mimikyu, L50, M|100/100\n|-weather|RainDance|[from] ability: Drizzle|[of] p1a: Pelipper\n|-ability|p2a: Incineroar|Intimidate|boost\n|-unboost|p1a: Pelipper|atk|1\n|-unboost|p1b: Dragonite|atk|1\n|turn|1\n|\n|t:|1776199540\n|switch|p1b: Incineroar|Incineroar, L50, F|100/100\n|-ability|p1b: Incineroar|Intimidate|boost\n|-unboost|p2a: Incineroar|atk|1\n|-unboost|p2b: Mimikyu|atk|1\n|move|p1a: Pelipper|Protect|p1a: Pelipper\n|-singleturn|p1a: Pelipper|Protect\n|move|p2a: Incineroar|Fake Out|p1a: Pelipper\n|-activate|p1a: Pelipper|move: Protect\n|move|p2b: Mimikyu|Trick Room|p2b: Mimikyu\n|-fieldstart|move: Trick Room|[of] p2b: Mimikyu\n|\n|-weather|RainDance|[upkeep]\n|upkeep\n|turn|2\n|\n|t:|1776199564\n|move|p1b: Incineroar|Fake Out|p2a: Incineroar\n|-damage|p2a: Incineroar|91/100\n|cant|p2a: Incineroar|flinch\n|move|p1a: Pelipper|Weather Ball|p2a: Incineroar\n|-supereffective|p2a: Incineroar|1\n|-damage|p2a: Incineroar|14/100\n|-enditem|p2a: Incineroar|Sitrus Berry|[eat]\n|-heal|p2a: Incineroar|39/100|[from] item: Sitrus Berry\n|move|p2b: Mimikyu|Taunt|p1b: Incineroar\n|-start|p1b: Incineroar|move: Taunt\n|\n|-weather|RainDance|[upkeep]\n|upkeep\n|turn|3\n|\n|t:|1776199587\n|switch|p2b: Drampa|Drampa, L50, M|100/100\n|move|p1b: Incineroar|Darkest Lariat|p2b: Drampa\n|-damage|p2b: Drampa|66/100\n|move|p2a: Incineroar|Parting Shot|p1a: Pelipper\n|-unboost|p1a: Pelipper|atk|1\n|-unboost|p1a: Pelipper|spa|1\n|\n|t:|1776199590\n|switch|p2a: Appletun|Appletun, L50, M|100/100|[from] Parting Shot\n|move|p1a: Pelipper|Weather Ball|p2a: Appletun\n|-resisted|p2a: Appletun|2\n|-damage|p2a: Appletun|92/100\n|\n|-weather|RainDance|[upkeep]\n|upkeep\n|turn|4\n|\n|t:|1776199629\n|switch|p1b: Basculegion|Basculegion, L50, M|100/100\n|detailschange|p2b: Drampa|Drampa-Mega, L50, M\n|-mega|p2b: Drampa|Drampa|Drampanite\n|move|p2a: Appletun|Helping Hand|p2b: Drampa\n|-singleturn|p2b: Drampa|Helping Hand|[of] p2a: Appletun\n|move|p1a: Pelipper|Wide Guard|p1a: Pelipper\n|-singleturn|p1a: Pelipper|Wide Guard\n|move|p2b: Drampa|Hyper Voice|p1a: Pelipper|[spread] \n|-activate|p1a: Pelipper|move: Wide Guard\n|-activate|p1b: Basculegion|move: Wide Guard\n|\n|-weather|RainDance|[upkeep]\n|upkeep\n|turn|5\n|\n|t:|1776199666\n|move|p1a: Pelipper|Protect|p1a: Pelipper\n|-singleturn|p1a: Pelipper|Protect\n|move|p2a: Appletun|Apple Acid|p1b: Basculegion\n|-supereffective|p1b: Basculegion|1\n|-damage|p1b: Basculegion|0 fnt\n|faint|p1b: Basculegion\n|move|p2b: Drampa|Thunderbolt|p1a: Pelipper\n|-activate|p1a: Pelipper|move: Protect\n|\n|-weather|none\n|-fieldend|move: Trick Room\n|upkeep\n|\n|t:|1776199685\n|switch|p1b: Dragonite|Dragonite, L50, M|100/100\n|turn|6\n|\n|t:|1776199695\n|detailschange|p1b: Dragonite|Dragonite-Mega, L50, M\n|-mega|p1b: Dragonite|Dragonite|Dragoninite\n|move|p2b: Drampa|Protect|p2b: Drampa\n|-singleturn|p2b: Drampa|Protect\n|move|p2a: Appletun|Protect|p2a: Appletun\n|-singleturn|p2a: Appletun|Protect\n|move|p1b: Dragonite|Draco Meteor|p2b: Drampa\n|-activate|p2b: Drampa|move: Protect\n|move|p1a: Pelipper|Tailwind|p1a: Pelipper\n|-sidestart|p1: i sell autoparts|move: Tailwind\n|\n|upkeep\n|turn|7\n|\n|t:|1776199711\n|switch|p1a: Incineroar|Incineroar, L50, F|100/100\n|-ability|p1a: Incineroar|Intimidate|boost\n|-unboost|p2a: Appletun|atk|1\n|-unboost|p2b: Drampa|atk|1\n|-enditem|p2a: Appletun|White Herb\n|-clearnegativeboost|p2a: Appletun|[silent]\n|switch|p2b: Mimikyu|Mimikyu, L50, M|100/100\n|move|p1b: Dragonite|Hurricane|p2a: Appletun|[miss]\n|-miss|p1b: Dragonite|p2a: Appletun\n|move|p2a: Appletun|Apple Acid|p1b: Dragonite\n|-resisted|p1b: Dragonite|2\n|-damage|p1b: Dragonite|96/100\n|-unboost|p1b: Dragonite|spd|1\n|\n|upkeep\n|turn|8\n|\n|t:|1776199747\n|switch|p1a: Pelipper|Pelipper, L50, M, shiny|100/100\n|-weather|RainDance|[from] ability: Drizzle|[of] p1a: Pelipper\n|move|p2a: Appletun|Protect|p2a: Appletun\n|-singleturn|p2a: Appletun|Protect\n|move|p1b: Dragonite|Hurricane|p2a: Appletun\n|-activate|p2a: Appletun|move: Protect\n|move|p2b: Mimikyu|Trick Room|p2b: Mimikyu\n|-fieldstart|move: Trick Room|[of] p2b: Mimikyu\n|\n|-weather|RainDance|[upkeep]\n|upkeep\n|turn|9\n|\n|t:|1776199772\n|move|p2a: Appletun|Draco Meteor|p1b: Dragonite\n|-supereffective|p1b: Dragonite|1\n|-damage|p1b: Dragonite|0 fnt\n|-unboost|p2a: Appletun|spa|2\n|faint|p1b: Dragonite\n|move|p2b: Mimikyu|Taunt|p1a: Pelipper\n|-start|p1a: Pelipper|move: Taunt\n|move|p1a: Pelipper|Weather Ball|p2b: Mimikyu\n|-activate|p2b: Mimikyu|ability: Disguise\n|-damage|p2b: Mimikyu|100/100\n|detailschange|p2b: Mimikyu|Mimikyu-Busted, L50, M\n|-damage|p2b: Mimikyu|88/100|[from] pokemon: Mimikyu-Busted\n|\n|-weather|RainDance|[upkeep]\n|-sideend|p1: i sell autoparts|move: Tailwind\n|upkeep\n|\n|t:|1776199776\n|switch|p1b: Incineroar|Incineroar, L50, F|100/100\n|-ability|p1b: Incineroar|Intimidate|boost\n|-unboost|p2a: Appletun|atk|1\n|-unboost|p2b: Mimikyu|atk|1\n|turn|10\n|-message|i sell autoparts forfeited.\n|\n|win|skyltie\n|l|\u2606i sell autoparts\n|player|p1|\n|raw|i sell autoparts's rating: 1000 &rarr; <strong>1000</strong><br />(+0 for losing)\n|raw|skyltie's rating: 1335 &rarr; <strong>1340</strong><br />(+5 for winning)\n",
  "uploadtime": 1776199785,
  "views": 17,
  "formatid": "gen9championsvgc2026regma",
  "rating": 1000,
  "private": 0,
  "password": null
}