{
  "id": "gen9championsvgc2026regma-2582066315",
  "format": "[Gen 9 Champions] VGC 2026 Reg M-A",
  "players": [
    "DragonairJordan23",
    "jackdims"
  ],
  "log": "|j|\u2606DragonairJordan23\n|j|\u2606jackdims\n|t:|1776053761\n|gametype|doubles\n|player|p1|DragonairJordan23|dancer|1141\n|player|p2|jackdims|pokemonrangerf|1060\n|gen|9\n|tier|[Gen 9 Champions] VGC 2026 Reg M-A\n|rated|\n|rule|Species Clause: Limit one of each Pok\u00e9mon\n|rule|Item Clause: Limit 1 of each item\n|clearpoke\n|poke|p1|Incineroar, L50, M|\n|poke|p1|Farigiraf, L50, M|\n|poke|p1|Torkoal, L50, F|\n|poke|p1|Venusaur, L50, F|\n|poke|p1|Floette-Eternal, L50, F|\n|poke|p1|Garchomp, L50, M|\n|poke|p2|Floette-Eternal, L50, F|\n|poke|p2|Incineroar, L50, M|\n|poke|p2|Tyranitar, L50, F|\n|poke|p2|Excadrill, L50, F|\n|poke|p2|Sinistcha, L50|\n|poke|p2|Aerodactyl, L50, M|\n|teampreview|4\n|inactive|Battle timer is ON: inactive players will automatically lose when time's up. (requested by jackdims)\n|\n|t:|1776053781\n|teamsize|p1|4\n|teamsize|p2|4\n|start\n|switch|p1a: Incineroar|Incineroar, L50, M|100/100\n|switch|p1b: Floette|Floette-Eternal, L50, F|100/100\n|switch|p2a: Aerodactyl|Aerodactyl, L50, M, shiny|100/100\n|switch|p2b: Floette|Floette-Eternal, L50, F|100/100\n|-ability|p2a: Aerodactyl|Unnerve\n|-ability|p1a: Incineroar|Intimidate|boost\n|-unboost|p2a: Aerodactyl|atk|1\n|-unboost|p2b: Floette|atk|1\n|turn|1\n|j| ziun_2\n|inactive|jackdims has 30 seconds left.\n|l| ziun_2\n|j| ziun_2\n|\n|t:|1776053812\n|detailschange|p2b: Floette|Floette-Mega, L50, F\n|-mega|p2b: Floette|Floette|Floettite\n|-ability|p2b: Floette|Fairy Aura\n|detailschange|p1b: Floette|Floette-Mega, L50, F\n|-mega|p1b: Floette|Floette|Floettite\n|-ability|p1b: Floette|Fairy Aura\n|move|p1a: Incineroar|Fake Out|p2b: Floette\n|-damage|p2b: Floette|86/100\n|move|p2a: Aerodactyl|Tailwind|p2a: Aerodactyl\n|-sidestart|p2: jackdims|move: Tailwind\n|cant|p2b: Floette|flinch\n|move|p1b: Floette|Calm Mind|p1b: Floette\n|-boost|p1b: Floette|spa|1\n|-boost|p1b: Floette|spd|1\n|\n|upkeep\n|turn|2\n|l| ziun_2\n|\n|t:|1776053833\n|move|p2a: Aerodactyl|Dual Wingbeat|p1b: Floette\n|-damage|p1b: Floette|91/100\n|-damage|p1b: Floette|81/100\n|-hitcount|p1b: Floette|2\n|move|p2b: Floette|Moonblast|p1b: Floette\n|-damage|p1b: Floette|47/100\n|move|p1b: Floette|Calm Mind|p1b: Floette\n|-boost|p1b: Floette|spa|1\n|-boost|p1b: Floette|spd|1\n|move|p1a: Incineroar|Parting Shot|p2b: Floette\n|-unboost|p2b: Floette|atk|1\n|-unboost|p2b: Floette|spa|1\n|\n|t:|1776053845\n|switch|p1a: Farigiraf|Farigiraf, L50, M|100/100|[from] Parting Shot\n|\n|upkeep\n|turn|3\n|\n|t:|1776053854\n|switch|p2b: Tyranitar|Tyranitar, L50, F|100/100\n|-weather|Sandstorm|[from] ability: Sand Stream|[of] p2b: Tyranitar\n|move|p1b: Floette|Protect|p1b: Floette\n|-singleturn|p1b: Floette|Protect\n|move|p2a: Aerodactyl|Taunt|p1b: Floette\n|-activate|p1b: Floette|move: Protect\n|move|p1a: Farigiraf|Trick Room|p1a: Farigiraf\n|-fieldstart|move: Trick Room|[of] p1a: Farigiraf\n|\n|-weather|Sandstorm|[upkeep]\n|-damage|p1a: Farigiraf|94/100|[from] Sandstorm\n|-damage|p1b: Floette|41/100|[from] Sandstorm\n|upkeep\n|turn|4\n|inactive|jackdims has 30 seconds left.\n|\n|t:|1776053888\n|move|p1a: Farigiraf|Hyper Voice|p2b: Tyranitar|[spread] p2a,p2b\n|-resisted|p2a: Aerodactyl|1\n|-resisted|p2b: Tyranitar|1\n|-damage|p2a: Aerodactyl|88/100\n|-damage|p2b: Tyranitar|92/100\n|move|p1b: Floette|Draining Kiss|p2a: Aerodactyl\n|-damage|p2a: Aerodactyl|27/100\n|-heal|p1b: Floette|85/100|[from] drain|[of] p2a: Aerodactyl\n|move|p2b: Tyranitar|Rock Slide|p1a: Farigiraf|[spread] p1a\n|-miss|p2b: Tyranitar|p1b: Floette\n|-damage|p1a: Farigiraf|69/100\n|move|p2a: Aerodactyl|Rock Slide|p1b: Floette|[spread] p1a,p1b\n|-damage|p1a: Farigiraf|57/100\n|-damage|p1b: Floette|72/100\n|\n|-weather|Sandstorm|[upkeep]\n|-damage|p1a: Farigiraf|51/100|[from] Sandstorm\n|-damage|p1b: Floette|66/100|[from] Sandstorm\n|-sideend|p2: jackdims|move: Tailwind\n|upkeep\n|turn|5\n|\n|t:|1776053909\n|switch|p1a: Incineroar|Incineroar, L50, M|100/100\n|-ability|p1a: Incineroar|Intimidate|boost\n|-unboost|p2a: Aerodactyl|atk|1\n|-unboost|p2b: Tyranitar|atk|1\n|move|p2b: Tyranitar|Knock Off|p1a: Incineroar\n|-resisted|p1a: Incineroar|1\n|-damage|p1a: Incineroar|87/100\n|-enditem|p1a: Incineroar|Sitrus Berry|[from] move: Knock Off|[of] p2b: Tyranitar\n|move|p1b: Floette|Dazzling Gleam|p2b: Tyranitar|[spread] p2a,p2b\n|-supereffective|p2b: Tyranitar|1\n|-damage|p2a: Aerodactyl|0 fnt\n|-damage|p2b: Tyranitar|0 fnt\n|faint|p2a: Aerodactyl\n|faint|p2b: Tyranitar\n|\n|-weather|Sandstorm|[upkeep]\n|-damage|p1a: Incineroar|81/100|[from] Sandstorm\n|-damage|p1b: Floette|60/100|[from] Sandstorm\n|upkeep\n|-message|jackdims forfeited.\n|\n|win|DragonairJordan23\n|raw|DragonairJordan23's rating: 1141 &rarr; <strong>1160</strong><br />(+19 for winning)\n|raw|jackdims's rating: 1060 &rarr; <strong>1045</strong><br />(-15 for losing)\n",
  "uploadtime": 1776053922,
  "views": 8,
  "formatid": "gen9championsvgc2026regma",
  "rating": 1045,
  "private": 0,
  "password": null
}