{
  "id": "gen9championsvgc2026regma-2586550676",
  "format": "[Gen 9 Champions] VGC 2026 Reg M-A",
  "players": [
    "alkdfe",
    "WTS Javii"
  ],
  "log": "|j|\u2606alkdfe\n|j|\u2606WTS Javii\n|t:|1776442406\n|gametype|doubles\n|player|p1|alkdfe|101|1135\n|player|p2|WTS Javii|cynthia|1137\n|gen|9\n|tier|[Gen 9 Champions] VGC 2026 Reg M-A\n|rated|\n|rule|Species Clause: Limit one of each Pok\u00e9mon\n|rule|Item Clause: Limit 1 of each item\n|clearpoke\n|poke|p1|Tyranitar, L50, F|\n|poke|p1|Excadrill, L50, M|\n|poke|p1|Corviknight, L50, F|\n|poke|p1|Gardevoir, L50, F|\n|poke|p1|Sinistcha, L50|\n|poke|p1|Rotom-Wash, L50|\n|poke|p2|Gardevoir, L50, F|\n|poke|p2|Maushold-Four, L50|\n|poke|p2|Basculegion, L50, M|\n|poke|p2|Talonflame, L50, M|\n|poke|p2|Kingambit, L50, M|\n|poke|p2|Garchomp, L50, M|\n|teampreview|4\n|inactive|Battle timer is ON: inactive players will automatically lose when time's up. (requested by alkdfe)\n|\n|t:|1776442438\n|teamsize|p1|4\n|teamsize|p2|4\n|start\n|switch|p1a: Tyranitar|Tyranitar, L50, F|100/100\n|switch|p1b: Excadrill|Excadrill, L50, M|100/100\n|switch|p2a: Talonflame|Talonflame, L50, M|100/100\n|switch|p2b: Garchomp|Garchomp, L50, M|100/100\n|-weather|Sandstorm|[from] ability: Sand Stream|[of] p1a: Tyranitar\n|turn|1\n|inactive|alkdfe has 30 seconds left.\n|inactive|WTS Javii has 30 seconds left.\n|inactive|alkdfe has 20 seconds left.\n|inactive|alkdfe has 15 seconds left.\n|\n|t:|1776442480\n|switch|p1b: Rotom|Rotom-Wash, L50|100/100\n|detailschange|p1a: Tyranitar|Tyranitar-Mega, L50, F\n|-mega|p1a: Tyranitar|Tyranitar|Tyranitarite\n|move|p2a: Talonflame|Tailwind|p2a: Talonflame\n|-sidestart|p2: WTS Javii|move: Tailwind\n|move|p2b: Garchomp|Earthquake|p1b: Rotom|[spread] p1a\n|-immune|p2a: Talonflame\n|-immune|p1b: Rotom|[from] ability: Levitate\n|-supereffective|p1a: Tyranitar|1\n|-damage|p1a: Tyranitar|36/100\n|move|p1a: Tyranitar|Rock Slide|p2b: Garchomp|[spread] p2a,p2b\n|-supereffective|p2a: Talonflame|2\n|-resisted|p2b: Garchomp|1\n|-damage|p2a: Talonflame|0 fnt\n|-damage|p2b: Garchomp|84/100\n|faint|p2a: Talonflame\n|\n|-weather|Sandstorm|[upkeep]\n|-damage|p1b: Rotom|95/100|[from] Sandstorm\n|upkeep\n|\n|t:|1776442500\n|switch|p2a: Gardevoir|Gardevoir, L50, F|100/100\n|turn|2\n|\n|t:|1776442514\n|detailschange|p2a: Gardevoir|Gardevoir-Mega, L50, F\n|-mega|p2a: Gardevoir|Gardevoir|Gardevoirite\n|move|p1a: Tyranitar|Protect|p1a: Tyranitar\n|-singleturn|p1a: Tyranitar|Protect\n|move|p2b: Garchomp|Dragon Claw|p1b: Rotom\n|-damage|p1b: Rotom|47/100\n|move|p2a: Gardevoir|Hyper Voice|p1b: Rotom|[spread] p1b\n|-activate|p1a: Tyranitar|move: Protect\n|-damage|p1b: Rotom|0 fnt\n|faint|p1b: Rotom\n|\n|-weather|Sandstorm|[upkeep]\n|-damage|p2a: Gardevoir|95/100|[from] Sandstorm\n|upkeep\n|\n|t:|1776442528\n|switch|p1b: Gardevoir|Gardevoir, L50, F|100/100\n|turn|3\n|inactive|WTS Javii has 30 seconds left.\n|\n|t:|1776442557\n|move|p2a: Gardevoir|Protect|p2a: Gardevoir\n|-singleturn|p2a: Gardevoir|Protect\n|move|p2b: Garchomp|Earthquake|p1a: Tyranitar|[spread] p1a,p1b\n|-activate|p2a: Gardevoir|move: Protect\n|-supereffective|p1a: Tyranitar|1\n|-damage|p1a: Tyranitar|0 fnt\n|-damage|p1b: Gardevoir|24/100\n|faint|p1a: Tyranitar\n|move|p1b: Gardevoir|Dazzling Gleam|p2b: Garchomp|[spread] p2b\n|-activate|p2a: Gardevoir|move: Protect\n|-supereffective|p2b: Garchomp|1\n|-damage|p2b: Garchomp|19/100\n|\n|-weather|Sandstorm|[upkeep]\n|-damage|p2a: Gardevoir|89/100|[from] Sandstorm\n|-damage|p1b: Gardevoir|18/100|[from] Sandstorm\n|upkeep\n|\n|t:|1776442570\n|switch|p1a: Excadrill|Excadrill, L50, M|100/100\n|turn|4\n|\n|t:|1776442578\n|move|p1a: Excadrill|Protect|p1a: Excadrill\n|-singleturn|p1a: Excadrill|Protect\n|move|p2b: Garchomp|Earthquake|p1b: Gardevoir|[spread] p2a,p1b\n|-activate|p1a: Excadrill|move: Protect\n|-damage|p2a: Gardevoir|35/100\n|-damage|p1b: Gardevoir|0 fnt\n|faint|p1b: Gardevoir\n|move|p2a: Gardevoir|Hyper Voice|p1a: Excadrill\n|-activate|p1a: Excadrill|move: Protect\n|\n|-weather|Sandstorm|[upkeep]\n|-damage|p2a: Gardevoir|30/100|[from] Sandstorm\n|-sideend|p2: WTS Javii|move: Tailwind\n|upkeep\n|turn|5\n|\n|t:|1776442592\n|move|p2b: Garchomp|Protect|p2b: Garchomp\n|-singleturn|p2b: Garchomp|Protect\n|move|p2a: Gardevoir|Protect|p2a: Gardevoir\n|-singleturn|p2a: Gardevoir|Protect\n|move|p1a: Excadrill|Earthquake|p2b: Garchomp|[spread] \n|-activate|p2a: Gardevoir|move: Protect\n|-activate|p2b: Garchomp|move: Protect\n|\n|-weather|none\n|upkeep\n|turn|6\n|inactive|WTS Javii has 30 seconds left.\n|\n|t:|1776442621\n|switch|p2b: Maushold|Maushold-Four, L50|100/100\n|move|p1a: Excadrill|Protect|p1a: Excadrill\n|-singleturn|p1a: Excadrill|Protect\n|move|p2a: Gardevoir|Hyper Voice|p1a: Excadrill\n|-activate|p1a: Excadrill|move: Protect\n|\n|upkeep\n|turn|7\n|\n|t:|1776442644\n|move|p2b: Maushold|Encore|p1a: Excadrill\n|-start|p1a: Excadrill|Encore\n|move|p1a: Excadrill|Protect|p1a: Excadrill\n|-singleturn|p1a: Excadrill|Protect\n|move|p2a: Gardevoir|Trick Room|p2a: Gardevoir\n|-fieldstart|move: Trick Room|[of] p2a: Gardevoir\n|\n|upkeep\n|turn|8\n|-message|alkdfe forfeited.\n|\n|win|WTS Javii\n|raw|alkdfe's rating: 1135 &rarr; <strong>1110</strong><br />(-25 for losing)\n|raw|WTS Javii's rating: 1137 &rarr; <strong>1162</strong><br />(+25 for winning)\n",
  "uploadtime": 1776442654,
  "views": 72,
  "formatid": "gen9championsvgc2026regma",
  "rating": 1110,
  "private": 0,
  "password": null
}