{
  "id": "gen9championsvgc2026regma-2584840253",
  "format": "[Gen 9 Champions] VGC 2026 Reg M-A",
  "players": [
    "angemorgs",
    "The_PaleoNerd7"
  ],
  "log": "|j|\u2606angemorgs\n|j|\u2606The_PaleoNerd7\n|t:|1776287741\n|gametype|doubles\n|player|p1|angemorgs|backersf|1170\n|player|p2|The_PaleoNerd7|lance|1249\n|gen|9\n|tier|[Gen 9 Champions] VGC 2026 Reg M-A\n|rated|\n|rule|Species Clause: Limit one of each Pok\u00e9mon\n|rule|Item Clause: Limit 1 of each item\n|clearpoke\n|poke|p1|Floette-Eternal, L50, F|\n|poke|p1|Garchomp, L50, F|\n|poke|p1|Sneasler, L50, M|\n|poke|p1|Rotom-Wash, L50|\n|poke|p1|Aerodactyl, L50, M|\n|poke|p1|Incineroar, L50, M|\n|poke|p2|Aggron, L50, M|\n|poke|p2|Sinistcha, L50|\n|poke|p2|Incineroar, L50, F|\n|poke|p2|Primarina, L50, M|\n|poke|p2|Sableye, L50, M|\n|poke|p2|Drampa, L50, F|\n|teampreview|4\n|inactive|Battle timer is ON: inactive players will automatically lose when time's up. (requested by The_PaleoNerd7)\n|inactive|The_PaleoNerd7 has 60 seconds left.\n|inactive|angemorgs has 60 seconds left.\n|\n|t:|1776287784\n|teamsize|p1|4\n|teamsize|p2|4\n|start\n|switch|p1a: Sneasler|Sneasler, L50, M|100/100\n|switch|p1b: Incineroar|Incineroar, L50, M|100/100\n|switch|p2a: Incineroar|Incineroar, L50, F|100/100\n|switch|p2b: Sinistcha|Sinistcha, L50|100/100\n|-ability|p1b: Incineroar|Intimidate|boost\n|-unboost|p2a: Incineroar|atk|1\n|-unboost|p2b: Sinistcha|atk|1\n|-ability|p2a: Incineroar|Intimidate|boost\n|-unboost|p1a: Sneasler|atk|1\n|-unboost|p1b: Incineroar|atk|1\n|-enditem|p1a: Sneasler|White Herb\n|-clearnegativeboost|p1a: Sneasler|[silent]\n|turn|1\n|inactive|The_PaleoNerd7 has 30 seconds left.\n|\n|t:|1776287814\n|move|p1a: Sneasler|Fake Out|p2a: Incineroar\n|-damage|p2a: Incineroar|87/100\n|move|p1b: Incineroar|Flare Blitz|p2b: Sinistcha\n|-supereffective|p2b: Sinistcha|1\n|-damage|p2b: Sinistcha|42/100\n|-status|p2b: Sinistcha|brn\n|-enditem|p2b: Sinistcha|Sitrus Berry|[eat]\n|-heal|p2b: Sinistcha|67/100 brn|[from] item: Sitrus Berry\n|-damage|p1b: Incineroar|84/100|[from] Recoil\n|cant|p2a: Incineroar|flinch\n|move|p2b: Sinistcha|Trick Room|p2b: Sinistcha\n|-fieldstart|move: Trick Room|[of] p2b: Sinistcha\n|\n|-heal|p2a: Incineroar|93/100|[from] item: Leftovers\n|-damage|p2b: Sinistcha|61/100 brn|[from] brn\n|upkeep\n|turn|2\n|\n|t:|1776287838\n|switch|p2b: Primarina|Primarina, L50, M|100/100\n|move|p2a: Incineroar|Parting Shot|p1a: Sneasler\n|-unboost|p1a: Sneasler|atk|1\n|-unboost|p1a: Sneasler|spa|1\n|\n|t:|1776287843\n|switch|p2a: Aggron|Aggron, L50, M|100/100|[from] Parting Shot\n|move|p1b: Incineroar|Flare Blitz|p2b: Primarina\n|-resisted|p2b: Primarina|1\n|-damage|p2b: Primarina|81/100\n|-damage|p1b: Incineroar|78/100|[from] Recoil\n|move|p1a: Sneasler|Close Combat|p2a: Aggron\n|-supereffective|p2a: Aggron|2\n|-ability|p2a: Aggron|Sturdy\n|-damage|p2a: Aggron|1/100\n|-unboost|p1a: Sneasler|def|1\n|-unboost|p1a: Sneasler|spd|1\n|\n|upkeep\n|turn|3\n|\n|t:|1776287867\n|detailschange|p2a: Aggron|Aggron-Mega, L50, M\n|-mega|p2a: Aggron|Aggron|Aggronite\n|move|p1a: Sneasler|Protect|p1a: Sneasler\n|-singleturn|p1a: Sneasler|Protect\n|move|p2a: Aggron|Body Press|p1b: Incineroar\n|-supereffective|p1b: Incineroar|1\n|-damage|p1b: Incineroar|16/100\n|-enditem|p1b: Incineroar|Sitrus Berry|[eat]\n|-heal|p1b: Incineroar|41/100|[from] item: Sitrus Berry\n|move|p2b: Primarina|Moonblast|p1a: Sneasler\n|-activate|p1a: Sneasler|move: Protect\n|move|p1b: Incineroar|Throat Chop|p2a: Aggron\n|-damage|p2a: Aggron|0 fnt\n|faint|p2a: Aggron\n|\n|upkeep\n|\n|t:|1776287885\n|switch|p2a: Incineroar|Incineroar, L50, F|93/100\n|-ability|p2a: Incineroar|Intimidate|boost\n|-unboost|p1a: Sneasler|atk|1\n|-unboost|p1b: Incineroar|atk|1\n|turn|4\n|\n|t:|1776287895\n|switch|p1a: Rotom|Rotom-Wash, L50|100/100\n|move|p2b: Primarina|Hyper Voice|p1b: Incineroar|[spread] p1a,p1b\n|-resisted|p1a: Rotom|1\n|-supereffective|p1b: Incineroar|1\n|-damage|p1a: Rotom|80/100\n|-damage|p1b: Incineroar|0 fnt\n|faint|p1b: Incineroar\n|move|p2a: Incineroar|Darkest Lariat|p1a: Rotom\n|-damage|p1a: Rotom|43/100\n|\n|-heal|p2a: Incineroar|99/100|[from] item: Leftovers\n|upkeep\n|\n|t:|1776287907\n|switch|p1b: Sneasler|Sneasler, L50, M|100/100\n|turn|5\n|\n|t:|1776287926\n|move|p1b: Sneasler|Fake Out|p2a: Incineroar\n|-damage|p2a: Incineroar|87/100\n|cant|p2a: Incineroar|flinch\n|move|p2b: Primarina|Moonblast|p1a: Rotom\n|-damage|p1a: Rotom|0 fnt\n|faint|p1a: Rotom\n|\n|-heal|p2a: Incineroar|93/100|[from] item: Leftovers\n|-fieldend|move: Trick Room\n|upkeep\n|\n|t:|1776287935\n|switch|p1a: Floette|Floette-Eternal, L50, F|100/100\n|turn|6\n|\n|t:|1776287952\n|detailschange|p1a: Floette|Floette-Mega, L50, F\n|-mega|p1a: Floette|Floette|Floettite\n|-ability|p1a: Floette|Fairy Aura\n|move|p1b: Sneasler|Close Combat|p2a: Incineroar\n|-supereffective|p2a: Incineroar|1\n|-damage|p2a: Incineroar|0 fnt\n|-unboost|p1b: Sneasler|def|1\n|-unboost|p1b: Sneasler|spd|1\n|faint|p2a: Incineroar\n|move|p1a: Floette|Moonblast|p2b: Primarina\n|-damage|p2b: Primarina|11/100\n|move|p2b: Primarina|Hyper Voice|p1a: Floette|[spread] p1a,p1b\n|-damage|p1a: Floette|74/100\n|-damage|p1b: Sneasler|26/100\n|\n|upkeep\n|\n|t:|1776287958\n|switch|p2a: Sinistcha|Sinistcha, L50|61/100 brn\n|-heal|p2b: Primarina|36/100|[from] ability: Hospitality|[of] p2a: Sinistcha\n|turn|7\n|\n|t:|1776287974\n|move|p1b: Sneasler|Dire Claw|p2a: Sinistcha\n|-damage|p2a: Sinistcha|24/100 brn\n|move|p1a: Floette|Dazzling Gleam|p2b: Primarina|[spread] p2a,p2b\n|-crit|p2b: Primarina\n|-damage|p2a: Sinistcha|0 fnt\n|-damage|p2b: Primarina|0 fnt\n|faint|p2a: Sinistcha\n|faint|p2b: Primarina\n|\n|win|angemorgs\n",
  "uploadtime": 1776287743,
  "views": 20,
  "formatid": "gen9championsvgc2026regma",
  "rating": null,
  "private": 0,
  "password": null
}