{
  "id": "gen9championsvgc2026regma-2582772307",
  "format": "[Gen 9 Champions] VGC 2026 Reg M-A",
  "players": [
    "PokeHys",
    "Guiding Quem"
  ],
  "log": "|j|\u2606PokeHys\n|j|\u2606Guiding Quem\n|t:|1776113029\n|gametype|doubles\n|player|p1|PokeHys|blackbelt-gen4dp|1434\n|player|p2|Guiding Quem|cynthia-masters4|1416\n|gen|9\n|tier|[Gen 9 Champions] VGC 2026 Reg M-A\n|rated|\n|rule|Species Clause: Limit one of each Pok\u00e9mon\n|rule|Item Clause: Limit 1 of each item\n|clearpoke\n|poke|p1|Torkoal, L50, M|\n|poke|p1|Farigiraf, L50, F|\n|poke|p1|Venusaur, L50, M|\n|poke|p1|Golurk, L50|\n|poke|p1|Incineroar, L50, F|\n|poke|p1|Charizard, L50, F|\n|poke|p2|Floette-Eternal, L50, F|\n|poke|p2|Maushold, L50|\n|poke|p2|Garchomp, L50, M|\n|poke|p2|Talonflame, L50, F|\n|poke|p2|Rotom-Wash, L50|\n|poke|p2|Aegislash, L50, F|\n|teampreview|4\n|inactive|Battle timer is ON: inactive players will automatically lose when time's up. (requested by PokeHys)\n|inactive|Guiding Quem has 60 seconds left.\n|\n|t:|1776113061\n|teamsize|p1|4\n|teamsize|p2|4\n|start\n|switch|p1a: Venusaur|Venusaur, L50, M|100/100\n|switch|p1b: Charizard|Charizard, L50, F|100/100\n|switch|p2a: Floette|Floette-Eternal, L50, F|100/100\n|switch|p2b: Maushold|Maushold, L50|100/100\n|turn|1\n|\n|t:|1776113082\n|detailschange|p1b: Charizard|Charizard-Mega-Y, L50, F\n|-mega|p1b: Charizard|Charizard|Charizardite Y\n|-weather|SunnyDay|[from] ability: Drought|[of] p1b: Charizard\n|detailschange|p2a: Floette|Floette-Mega, L50, F\n|-mega|p2a: Floette|Floette|Floettite\n|-ability|p2a: Floette|Fairy Aura\n|move|p2b: Maushold|Protect|p2b: Maushold\n|-singleturn|p2b: Maushold|Protect\n|move|p2a: Floette|Protect|p2a: Floette\n|-singleturn|p2a: Floette|Protect\n|move|p1a: Venusaur|Sleep Powder|p2b: Maushold\n|-activate|p2b: Maushold|move: Protect\n|move|p1b: Charizard|Heat Wave|p2b: Maushold|[spread] \n|-activate|p2a: Floette|move: Protect\n|-activate|p2b: Maushold|move: Protect\n|\n|-weather|SunnyDay|[upkeep]\n|upkeep\n|turn|2\n|inactive|Guiding Quem has 30 seconds left.\n|\n|t:|1776113115\n|move|p1a: Venusaur|Sludge Bomb|p2a: Floette\n|-supereffective|p2a: Floette|1\n|-damage|p2a: Floette|52/100\n|move|p2b: Maushold|Taunt|p1a: Venusaur\n|-start|p1a: Venusaur|move: Taunt\n|move|p1b: Charizard|Heat Wave|p2a: Floette|[spread] p2a,p2b\n|-damage|p2a: Floette|17/100\n|-damage|p2b: Maushold|27/100\n|move|p2a: Floette|Calm Mind|p2a: Floette\n|-boost|p2a: Floette|spa|1\n|-boost|p2a: Floette|spd|1\n|\n|-weather|SunnyDay|[upkeep]\n|upkeep\n|turn|3\n|inactive|PokeHys has 30 seconds left.\n|inactive|PokeHys has 20 seconds left.\n|inactive|PokeHys has 15 seconds left.\n|inactive|PokeHys has 10 seconds left.\n|\n|t:|1776113162\n|move|p2b: Maushold|Protect|p2b: Maushold\n|-singleturn|p2b: Maushold|Protect\n|move|p1a: Venusaur|Sludge Bomb|p2b: Maushold\n|-activate|p2b: Maushold|move: Protect\n|move|p1b: Charizard|Heat Wave|p2b: Maushold|[spread] p2a\n|-activate|p2b: Maushold|move: Protect\n|-damage|p2a: Floette|0 fnt\n|faint|p2a: Floette\n|\n|-weather|SunnyDay|[upkeep]\n|upkeep\n|c|\u2606Guiding Quem|oops protected the wrong mon\n|\n|t:|1776113182\n|switch|p2a: Garchomp|Garchomp, L50, M|100/100\n|turn|4\n|\n|t:|1776113210\n|move|p1b: Charizard|Protect|p1b: Charizard\n|-singleturn|p1b: Charizard|Protect\n|move|p2b: Maushold|Follow Me|p2b: Maushold\n|-singleturn|p2b: Maushold|move: Follow Me\n|move|p1a: Venusaur|Sludge Bomb|p2b: Maushold\n|-damage|p2b: Maushold|0 fnt\n|faint|p2b: Maushold\n|move|p2a: Garchomp|Earthquake|p1a: Venusaur|[spread] p1a\n|-activate|p1b: Charizard|move: Protect\n|-damage|p1a: Venusaur|40/100\n|\n|-weather|SunnyDay|[upkeep]\n|upkeep\n|\n|t:|1776113216\n|switch|p2b: Talonflame|Talonflame, L50, F|100/100\n|turn|5\n|j| your stepsister\n|\n|t:|1776113235\n|switch|p1b: Farigiraf|Farigiraf, L50, F|100/100\n|move|p2b: Talonflame|Tailwind|p2b: Talonflame\n|-sidestart|p2: Guiding Quem|move: Tailwind\n|move|p2a: Garchomp|Earthquake|p1a: Venusaur|[spread] p1a,p1b\n|-immune|p2b: Talonflame\n|-damage|p1a: Venusaur|0 fnt\n|-damage|p1b: Farigiraf|59/100\n|faint|p1a: Venusaur\n|\n|-weather|none\n|upkeep\n|\n|t:|1776113251\n|switch|p1a: Charizard|Charizard-Mega-Y, L50, F|100/100\n|-weather|SunnyDay|[from] ability: Drought|[of] p1a: Charizard\n|turn|6\n|\n|t:|1776113258\n|move|p2b: Talonflame|Flare Blitz|p1b: Farigiraf\n|-damage|p1b: Farigiraf|0 fnt\n|faint|p1b: Farigiraf\n|-damage|p2b: Talonflame|73/100|[from] Recoil\n|move|p2a: Garchomp|Stone Edge|p1a: Charizard|[miss]\n|-miss|p2a: Garchomp|p1a: Charizard\n|move|p1a: Charizard|Weather Ball|p2a: Garchomp\n|-resisted|p2a: Garchomp|1\n|-damage|p2a: Garchomp|51/100\n|\n|-weather|SunnyDay|[upkeep]\n|upkeep\n|\n|t:|1776113261\n|switch|p1b: Francois|Torkoal, L50, M|100/100\n|turn|7\n|l| your stepsister\n|\n|t:|1776113279\n|move|p1a: Charizard|Protect|p1a: Charizard\n|-singleturn|p1a: Charizard|Protect\n|move|p2b: Talonflame|Acrobatics|p1b: Francois\n|-damage|p1b: Francois|68/100\n|move|p2a: Garchomp|Stone Edge|p1a: Charizard\n|-activate|p1a: Charizard|move: Protect\n|move|p1b: Francois|Weather Ball|p2a: Garchomp\n|-resisted|p2a: Garchomp|1\n|-damage|p2a: Garchomp|6/100\n|\n|-weather|SunnyDay|[upkeep]\n|upkeep\n|turn|8\n|\n|t:|1776113294\n|move|p2b: Talonflame|Acrobatics|p1b: Francois\n|-damage|p1b: Francois|37/100\n|move|p2a: Garchomp|Stone Edge|p1a: Charizard\n|-supereffective|p1a: Charizard|2\n|-crit|p1a: Charizard\n|-damage|p1a: Charizard|0 fnt\n|faint|p1a: Charizard\n|move|p1b: Francois|Eruption|p2b: Talonflame|[spread] p2a,p2b\n|-resisted|p2a: Garchomp|1\n|-resisted|p2b: Talonflame|1\n|-damage|p2a: Garchomp|0 fnt\n|-damage|p2b: Talonflame|50/100\n|faint|p2a: Garchomp\n|\n|-weather|SunnyDay|[upkeep]\n|-sideend|p2: Guiding Quem|move: Tailwind\n|upkeep\n|turn|9\n|\n|t:|1776113305\n|move|p2b: Talonflame|Protect|p2b: Talonflame\n|-singleturn|p2b: Talonflame|Protect\n|move|p1b: Francois|Weather Ball|p2b: Talonflame\n|-activate|p2b: Talonflame|move: Protect\n|\n|-weather|SunnyDay|[upkeep]\n|upkeep\n|turn|10\n|\n|t:|1776113314\n|move|p2b: Talonflame|Protect||[still]\n|-fail|p2b: Talonflame\n|move|p1b: Francois|Weather Ball|p2b: Talonflame\n|-resisted|p2b: Talonflame|1\n|-damage|p2b: Talonflame|0 fnt\n|faint|p2b: Talonflame\n|\n|win|PokeHys\n|raw|PokeHys's rating: 1434 &rarr; <strong>1453</strong><br />(+19 for winning)\n|raw|Guiding Quem's rating: 1416 &rarr; <strong>1397</strong><br />(-19 for losing)\n|l|\u2606PokeHys\n|player|p1|\n|l|\u2606Guiding Quem\n|player|p2|\n",
  "uploadtime": 1776113324,
  "views": 39,
  "formatid": "gen9championsvgc2026regma",
  "rating": 1397,
  "private": 0,
  "password": null
}