{
  "id": "gen9championsvgc2026regma-2583989112",
  "format": "[Gen 9 Champions] VGC 2026 Reg M-A",
  "players": [
    "xlservice",
    "Poop Break"
  ],
  "log": "|j|\u2606xlservice\n|j|\u2606Poop Break\n|t:|1776214582\n|gametype|doubles\n|player|p1|xlservice|2|1073\n|player|p2|Poop Break|1|1124\n|gen|9\n|tier|[Gen 9 Champions] VGC 2026 Reg M-A\n|rated|\n|rule|Species Clause: Limit one of each Pok\u00e9mon\n|rule|Item Clause: Limit 1 of each item\n|clearpoke\n|poke|p1|Whimsicott, L50, M|\n|poke|p1|Milotic, L50, M|\n|poke|p1|Sneasler, L50, F|\n|poke|p1|Archaludon, L50, F|\n|poke|p1|Kangaskhan, L50, F|\n|poke|p1|Victreebel, L50, M|\n|poke|p2|Politoed, L50, F|\n|poke|p2|Meganium, L50, M|\n|poke|p2|Sinistcha, L50|\n|poke|p2|Mimikyu, L50, F|\n|poke|p2|Aegislash, L50, F|\n|poke|p2|Incineroar, L50, F|\n|teampreview|4\n|\n|t:|1776214595\n|teamsize|p1|4\n|teamsize|p2|4\n|start\n|switch|p1a: Milotic|Milotic, L50, M|100/100\n|switch|p1b: Sneasler|Sneasler, L50, F|100/100\n|switch|p2a: Mimikyu|Mimikyu, L50, F|100/100\n|switch|p2b: Sinistcha|Sinistcha, L50|100/100\n|turn|1\n|inactive|Battle timer is ON: inactive players will automatically lose when time's up. (requested by Poop Break)\n|\n|t:|1776214606\n|move|p1b: Sneasler|Dire Claw|p2a: Mimikyu\n|-activate|p2a: Mimikyu|ability: Disguise\n|-damage|p2a: Mimikyu|100/100\n|detailschange|p2a: Mimikyu|Mimikyu-Busted, L50, F\n|-damage|p2a: Mimikyu|88/100|[from] pokemon: Mimikyu-Busted\n|move|p2a: Mimikyu|Swords Dance|p2a: Mimikyu\n|-boost|p2a: Mimikyu|atk|2\n|move|p1a: Milotic|Icy Wind|p2b: Sinistcha|[spread] p2a,p2b\n|-supereffective|p2b: Sinistcha|1\n|-damage|p2a: Mimikyu|78/100\n|-damage|p2b: Sinistcha|76/100\n|-unboost|p2a: Mimikyu|spe|1\n|-unboost|p2b: Sinistcha|spe|1\n|-enditem|p2a: Mimikyu|White Herb\n|-clearnegativeboost|p2a: Mimikyu|[silent]\n|move|p2b: Sinistcha|Matcha Gotcha|p1b: Sneasler|[spread] p1a,p1b\n|-supereffective|p1a: Milotic|1\n|-resisted|p1b: Sneasler|1\n|-damage|p1a: Milotic|74/100\n|-heal|p2b: Sinistcha|91/100|[from] drain|[of] p1a: Milotic\n|-damage|p1b: Sneasler|83/100\n|-heal|p2b: Sinistcha|99/100|[from] drain|[of] p1b: Sneasler\n|\n|-heal|p1a: Milotic|80/100|[from] item: Leftovers\n|-heal|p2b: Sinistcha|100/100|[from] item: Leftovers\n|upkeep\n|turn|2\n|inactive|Poop Break has 30 seconds left.\n|\n|t:|1776214634\n|move|p2b: Sinistcha|Rage Powder|p2b: Sinistcha\n|-singleturn|p2b: Sinistcha|move: Rage Powder\n|move|p1b: Sneasler|Dire Claw|p2b: Sinistcha\n|-damage|p2b: Sinistcha|70/100\n|-status|p2b: Sinistcha|par\n|move|p1a: Milotic|Icy Wind|p2b: Sinistcha|[spread] p2a,p2b\n|-crit|p2a: Mimikyu\n|-supereffective|p2b: Sinistcha|1\n|-damage|p2a: Mimikyu|62/100\n|-damage|p2b: Sinistcha|47/100 par\n|-unboost|p2a: Mimikyu|spe|1\n|-unboost|p2b: Sinistcha|spe|1\n|move|p2a: Mimikyu|Trick Room|p2a: Mimikyu\n|-fieldstart|move: Trick Room|[of] p2a: Mimikyu\n|\n|-heal|p2b: Sinistcha|53/100 par|[from] item: Leftovers\n|-heal|p1a: Milotic|86/100|[from] item: Leftovers\n|upkeep\n|turn|3\n|\n|t:|1776214655\n|move|p1a: Milotic|Protect|p1a: Milotic\n|-singleturn|p1a: Milotic|Protect\n|move|p1b: Sneasler|Protect|p1b: Sneasler\n|-singleturn|p1b: Sneasler|Protect\n|cant|p2b: Sinistcha|par\n|move|p2a: Mimikyu|Play Rough|p1b: Sneasler\n|-activate|p1b: Sneasler|move: Protect\n|\n|-heal|p2b: Sinistcha|59/100 par|[from] item: Leftovers\n|-heal|p1a: Milotic|92/100|[from] item: Leftovers\n|upkeep\n|turn|4\n|\n|t:|1776214673\n|move|p2b: Sinistcha|Life Dew|p2b: Sinistcha|[spread] p2a,p2b\n|-heal|p2a: Mimikyu|88/100\n|-heal|p2b: Sinistcha|85/100 par\n|move|p2a: Mimikyu|Play Rough|p1a: Milotic\n|-damage|p1a: Milotic|12/100\n|move|p1a: Milotic|Life Dew|p1a: Milotic|[spread] p1a,p1b\n|-heal|p1a: Milotic|38/100\n|-heal|p1b: Sneasler|100/100\n|move|p1b: Sneasler|Dire Claw|p2a: Mimikyu\n|-damage|p2a: Mimikyu|30/100\n|-status|p2a: Mimikyu|psn\n|\n|-heal|p2b: Sinistcha|91/100 par|[from] item: Leftovers\n|-heal|p1a: Milotic|44/100|[from] item: Leftovers\n|-damage|p2a: Mimikyu|17/100 psn|[from] psn\n|upkeep\n|turn|5\n|\n|t:|1776214695\n|move|p1a: Milotic|Protect|p1a: Milotic\n|-singleturn|p1a: Milotic|Protect\n|move|p1b: Sneasler|Protect|p1b: Sneasler\n|-singleturn|p1b: Sneasler|Protect\n|move|p2b: Sinistcha|Trick Room|p2b: Sinistcha\n|-fieldend|move: Trick Room\n|move|p2a: Mimikyu|Trick Room|p2a: Mimikyu\n|-fieldstart|move: Trick Room|[of] p2a: Mimikyu\n|\n|-heal|p2b: Sinistcha|97/100 par|[from] item: Leftovers\n|-heal|p1a: Milotic|50/100|[from] item: Leftovers\n|-damage|p2a: Mimikyu|5/100 psn|[from] psn\n|upkeep\n|turn|6\n|\n|t:|1776214714\n|switch|p1b: Whimsicott|Whimsicott, L50, M|100/100\n|move|p2b: Sinistcha|Matcha Gotcha|p1b: Whimsicott|[spread] p1a,p1b\n|-supereffective|p1a: Milotic|1\n|-resisted|p1b: Whimsicott|1\n|-damage|p1a: Milotic|23/100\n|-heal|p2b: Sinistcha|100/100 par|[from] drain|[of] p1a: Milotic\n|-damage|p1b: Whimsicott|84/100\n|move|p2a: Mimikyu|Play Rough|p1b: Whimsicott\n|-damage|p1b: Whimsicott|0 fnt\n|faint|p1b: Whimsicott\n|move|p1a: Milotic|Icy Wind|p2b: Sinistcha|[spread] p2a,p2b\n|-crit|p2a: Mimikyu\n|-supereffective|p2b: Sinistcha|1\n|-damage|p2a: Mimikyu|0 fnt\n|-damage|p2b: Sinistcha|78/100 par\n|-unboost|p2b: Sinistcha|spe|1\n|faint|p2a: Mimikyu\n|\n|-heal|p2b: Sinistcha|84/100 par|[from] item: Leftovers\n|-heal|p1a: Milotic|29/100|[from] item: Leftovers\n|upkeep\n|\n|t:|1776214738\n|switch|p2a: Meganium|Meganium, L50, M|100/100\n|switch|p1b: Sneasler|Sneasler, L50, F|100/100\n|turn|7\n|\n|t:|1776214745\n|detailschange|p2a: Meganium|Meganium-Mega, L50, M\n|-mega|p2a: Meganium|Meganium|Meganiumite\n|move|p1a: Milotic|Protect|p1a: Milotic\n|-singleturn|p1a: Milotic|Protect\n|move|p2b: Sinistcha|Rage Powder|p2b: Sinistcha\n|-singleturn|p2b: Sinistcha|move: Rage Powder\n|move|p2a: Meganium|Dazzling Gleam|p1b: Sneasler|[spread] p1b\n|-activate|p1a: Milotic|move: Protect\n|-damage|p1b: Sneasler|54/100\n|move|p1b: Sneasler|Dire Claw|p2b: Sinistcha\n|-damage|p2b: Sinistcha|55/100 par\n|\n|-heal|p2b: Sinistcha|61/100 par|[from] item: Leftovers\n|-heal|p1a: Milotic|35/100|[from] item: Leftovers\n|upkeep\n|turn|8\n|\n|t:|1776214764\n|move|p2b: Sinistcha|Rage Powder|p2b: Sinistcha\n|-singleturn|p2b: Sinistcha|move: Rage Powder\n|move|p2a: Meganium|Dazzling Gleam|p1b: Sneasler|[spread] p1a,p1b\n|-damage|p1a: Milotic|13/100\n|-damage|p1b: Sneasler|6/100\n|move|p1a: Milotic|Life Dew|p1a: Milotic|[spread] p1a,p1b\n|-heal|p1a: Milotic|39/100\n|-heal|p1b: Sneasler|30/100\n|move|p1b: Sneasler|Dire Claw|p2b: Sinistcha\n|-damage|p2b: Sinistcha|29/100 par\n|\n|-heal|p2b: Sinistcha|35/100 par|[from] item: Leftovers\n|-heal|p1a: Milotic|45/100|[from] item: Leftovers\n|upkeep\n|turn|9\n|\n|t:|1776214787\n|switch|p2a: Incineroar|Incineroar, L50, F|100/100\n|-ability|p2a: Incineroar|Intimidate|boost\n|-unboost|p1a: Milotic|atk|1\n|-ability|p1a: Milotic|Competitive|boost\n|-boost|p1a: Milotic|spa|2\n|-unboost|p1b: Sneasler|atk|1\n|-enditem|p1b: Sneasler|White Herb\n|-clearnegativeboost|p1b: Sneasler|[silent]\n|move|p1a: Milotic|Protect|p1a: Milotic\n|-singleturn|p1a: Milotic|Protect\n|move|p1b: Sneasler|Protect|p1b: Sneasler\n|-singleturn|p1b: Sneasler|Protect\n|move|p2b: Sinistcha|Life Dew||[still]|[spread] p2a,p2b\n|-fail|p2a: Incineroar|heal\n|-heal|p2b: Sinistcha|61/100 par\n|\n|-heal|p2b: Sinistcha|67/100 par|[from] item: Leftovers\n|-heal|p1a: Milotic|50/100|[from] item: Leftovers\n|-fieldend|move: Trick Room\n|upkeep\n|turn|10\n|\n|t:|1776214808\n|move|p1b: Sneasler|Protect||[still]\n|-fail|p1b: Sneasler\n|move|p2a: Incineroar|Fake Out|p1a: Milotic\n|-damage|p1a: Milotic|36/100\n|cant|p1a: Milotic|flinch\n|move|p2b: Sinistcha|Trick Room|p2b: Sinistcha\n|-fieldstart|move: Trick Room|[of] p2b: Sinistcha\n|\n|-heal|p2b: Sinistcha|73/100 par|[from] item: Leftovers\n|-heal|p1a: Milotic|42/100|[from] item: Leftovers\n|upkeep\n|turn|11\n|\n|t:|1776214827\n|move|p2b: Sinistcha|Matcha Gotcha|p1b: Sneasler|[spread] p1a,p1b\n|-supereffective|p1a: Milotic|1\n|-resisted|p1b: Sneasler|1\n|-damage|p1a: Milotic|14/100\n|-heal|p2b: Sinistcha|89/100 par|[from] drain|[of] p1a: Milotic\n|-damage|p1b: Sneasler|15/100\n|-heal|p2b: Sinistcha|96/100 par|[from] drain|[of] p1b: Sneasler\n|move|p2a: Incineroar|Parting Shot|p1b: Sneasler\n|-unboost|p1b: Sneasler|atk|1\n|-unboost|p1b: Sneasler|spa|1\n|\n|t:|1776214838\n|switch|p2a: Meganium|Meganium-Mega, L50, M|100/100|[from] Parting Shot\n|move|p1a: Milotic|Icy Wind|p2a: Meganium|[spread] p2a,p2b\n|-supereffective|p2a: Meganium|1\n|-supereffective|p2b: Sinistcha|1\n|-damage|p2a: Meganium|65/100\n|-damage|p2b: Sinistcha|45/100 par\n|-unboost|p2a: Meganium|spe|1\n|-unboost|p2b: Sinistcha|spe|1\n|move|p1b: Sneasler|Dire Claw|p2b: Sinistcha\n|-damage|p2b: Sinistcha|24/100 par\n|\n|-heal|p2b: Sinistcha|30/100 par|[from] item: Leftovers\n|-heal|p1a: Milotic|20/100|[from] item: Leftovers\n|upkeep\n|turn|12\n|\n|t:|1776214855\n|move|p1b: Sneasler|Protect|p1b: Sneasler\n|-singleturn|p1b: Sneasler|Protect\n|move|p2b: Sinistcha|Life Dew|p2b: Sinistcha|[spread] p2a,p2b\n|-heal|p2a: Meganium|90/100\n|-heal|p2b: Sinistcha|55/100 par\n|move|p2a: Meganium|Dazzling Gleam|p1b: Sneasler|[spread] p1a\n|-activate|p1b: Sneasler|move: Protect\n|-damage|p1a: Milotic|0 fnt\n|faint|p1a: Milotic\n|\n|-heal|p2b: Sinistcha|61/100 par|[from] item: Leftovers\n|upkeep\n|\n|t:|1776214861\n|switch|p1a: Archaludon|Archaludon, L50, F|100/100\n|turn|13\n|\n|t:|1776214877\n|move|p1b: Sneasler|Protect||[still]\n|-fail|p1b: Sneasler\n|move|p2b: Sinistcha|Life Dew|p2b: Sinistcha|[spread] p2a,p2b\n|-heal|p2a: Meganium|100/100\n|-heal|p2b: Sinistcha|86/100 par\n|move|p2a: Meganium|Weather Ball|p1a: Archaludon\n|-damage|p1a: Archaludon|3/100\n|move|p1a: Archaludon|Draco Meteor|p2b: Sinistcha\n|-damage|p2b: Sinistcha|2/100 par\n|-unboost|p1a: Archaludon|spa|2\n|\n|-heal|p2b: Sinistcha|8/100 par|[from] item: Leftovers\n|upkeep\n|turn|14\n|-message|xlservice forfeited.\n|\n|win|Poop Break\n|raw|xlservice's rating: 1073 &rarr; <strong>1055</strong><br />(-18 for losing)\n|raw|Poop Break's rating: 1124 &rarr; <strong>1145</strong><br />(+21 for winning)\n|l|\u2606xlservice\n|player|p1|\n",
  "uploadtime": 1776214897,
  "views": 35,
  "formatid": "gen9championsvgc2026regma",
  "rating": 1055,
  "private": 0,
  "password": null
}