{
  "id": "gen9championsvgc2026regma-2582900493",
  "format": "[Gen 9 Champions] VGC 2026 Reg M-A",
  "players": [
    "outsideisaforest",
    "silvermagicianvgc"
  ],
  "log": "|j|\u2606outsideisaforest\n|j|\u2606silvermagicianvgc\n|t:|1776123312\n|gametype|doubles\n|player|p1|outsideisaforest|aromalady|1523\n|player|p2|silvermagicianvgc|silver|1443\n|gen|9\n|tier|[Gen 9 Champions] VGC 2026 Reg M-A\n|rated|\n|rule|Species Clause: Limit one of each Pok\u00e9mon\n|rule|Item Clause: Limit 1 of each item\n|clearpoke\n|poke|p1|Aerodactyl, L50, M|\n|poke|p1|Rotom-Wash, L50|\n|poke|p1|Maushold-Four, L50|\n|poke|p1|Lucario, L50, M|\n|poke|p1|Aegislash, L50, F|\n|poke|p1|Hydreigon, L50, F|\n|poke|p2|Floette-Eternal, L50, F|\n|poke|p2|Garchomp, L50, F|\n|poke|p2|Charizard, L50, M|\n|poke|p2|Incineroar, L50, M|\n|poke|p2|Sneasler, L50, F|\n|poke|p2|Sinistcha, L50|\n|teampreview|4\n|inactive|Battle timer is ON: inactive players will automatically lose when time's up. (requested by outsideisaforest)\n|inactive|outsideisaforest has 60 seconds left.\n|inactive|silvermagicianvgc has 60 seconds left.\n|\n|t:|1776123369\n|teamsize|p1|4\n|teamsize|p2|4\n|start\n|switch|p1a: Aerodactyl|Aerodactyl, L50, M|100/100\n|switch|p1b: Lucario|Lucario, L50, M|100/100\n|switch|p2a: Sneasler|Sneasler, L50, F|100/100\n|switch|p2b: Garchomp|Garchomp, L50, F|100/100\n|-ability|p1a: Aerodactyl|Unnerve\n|turn|1\n|\n|t:|1776123385\n|move|p1a: Aerodactyl|Protect|p1a: Aerodactyl\n|-singleturn|p1a: Aerodactyl|Protect\n|move|p1b: Lucario|Protect|p1b: Lucario\n|-singleturn|p1b: Lucario|Protect\n|move|p2a: Sneasler|Fake Out|p1a: Aerodactyl\n|-activate|p1a: Aerodactyl|move: Protect\n|move|p2b: Garchomp|Stomping Tantrum|p1b: Lucario\n|-activate|p1b: Lucario|move: Protect\n|\n|upkeep\n|turn|2\n|inactive|silvermagicianvgc has 30 seconds left.\n|\n|t:|1776123412\n|switch|p2a: Incineroar|Incineroar, L50, M|100/100\n|-ability|p2a: Incineroar|Intimidate|boost\n|-unboost|p1a: Aerodactyl|atk|1\n|-fail|p1b: Lucario|unboost|Attack|[from] ability: Inner Focus|[of] p1b: Lucario\n|switch|p1b: Hydreigon|Hydreigon, L50, F|100/100\n|move|p2b: Garchomp|Stomping Tantrum|p1b: Hydreigon\n|-immune|p1b: Hydreigon|[from] ability: Levitate\n|move|p1a: Aerodactyl|Dual Wingbeat|p2a: Incineroar\n|-damage|p2a: Incineroar|90/100\n|-damage|p2a: Incineroar|79/100\n|-hitcount|p2a: Incineroar|2\n|\n|upkeep\n|turn|3\n|\n|t:|1776123436\n|switch|p2b: Floette|Floette-Eternal, L50, F, shiny|100/100\n|move|p2a: Incineroar|Fake Out|p1b: Hydreigon\n|-damage|p1b: Hydreigon|88/100\n|cant|p1b: Hydreigon|flinch\n|move|p1a: Aerodactyl|Rock Slide|p2b: Floette|[spread] p2a\n|-miss|p1a: Aerodactyl|p2b: Floette\n|-supereffective|p2a: Incineroar|1\n|-crit|p2a: Incineroar\n|-damage|p2a: Incineroar|13/100\n|\n|upkeep\n|turn|4\n|\n|t:|1776123458\n|switch|p2a: Sneasler|Sneasler, L50, F|100/100\n|detailschange|p2b: Floette|Floette-Mega, L50, F, shiny\n|-mega|p2b: Floette|Floette|Floettite\n|-ability|p2b: Floette|Fairy Aura\n|move|p1a: Aerodactyl|Protect|p1a: Aerodactyl\n|-singleturn|p1a: Aerodactyl|Protect\n|move|p1b: Hydreigon|U-turn|p2a: Sneasler\n|-resisted|p2a: Sneasler|2\n|-damage|p2a: Sneasler|94/100\n|\n|t:|1776123460\n|switch|p1b: Aegislash|Aegislash, L50, F|100/100|[from] U-turn\n|move|p2b: Floette|Dazzling Gleam|p1a: Aerodactyl|[spread] p1b\n|-activate|p1a: Aerodactyl|move: Protect\n|-resisted|p1b: Aegislash|1\n|-damage|p1b: Aegislash|81/100\n|\n|upkeep\n|turn|5\n|inactive|silvermagicianvgc has 30 seconds left.\n|inactive|silvermagicianvgc has 20 seconds left.\n|inactive|silvermagicianvgc has 15 seconds left.\n|\n|t:|1776123502\n|move|p2a: Sneasler|Fake Out|p1a: Aerodactyl\n|-resisted|p1a: Aerodactyl|1\n|-damage|p1a: Aerodactyl|91/100\n|cant|p1a: Aerodactyl|flinch\n|move|p2b: Floette|Moonblast|p1a: Aerodactyl\n|-damage|p1a: Aerodactyl|0 fnt\n|faint|p1a: Aerodactyl\n|-formechange|p1b: Aegislash|Aegislash-Blade|\n|move|p1b: Aegislash|Shadow Ball|p2a: Sneasler\n|-damage|p2a: Sneasler|36/100\n|\n|upkeep\n|\n|t:|1776123503\n|switch|p1a: Lucario|Lucario, L50, M|100/100\n|turn|6\n|inactive|outsideisaforest has 30 seconds left.\n|inactive|silvermagicianvgc has 30 seconds left.\n|inactive|outsideisaforest has 20 seconds left.\n|inactive|outsideisaforest has 15 seconds left.\n|inactive|outsideisaforest has 10 seconds left.\n|\n|t:|1776123551\n|switch|p2a: Garchomp|Garchomp, L50, F|100/100\n|detailschange|p1a: Lucario|Lucario-Mega, L50, M\n|-mega|p1a: Lucario|Lucario|Lucarionite\n|move|p1a: Lucario|Meteor Mash|p2b: Floette\n|-supereffective|p2b: Floette|1\n|-crit|p2b: Floette\n|-damage|p2b: Floette|0 fnt\n|faint|p2b: Floette\n|move|p1b: Aegislash|Shadow Ball|p2a: Garchomp\n|-damage|p2a: Garchomp|53/100\n|-unboost|p2a: Garchomp|spd|1\n|\n|upkeep\n|\n|t:|1776123567\n|switch|p2b: Sneasler|Sneasler, L50, F|36/100\n|turn|7\n|\n|t:|1776123586\n|move|p1a: Lucario|Protect|p1a: Lucario\n|-singleturn|p1a: Lucario|Protect\n|-formechange|p1b: Aegislash|Aegislash|\n|move|p1b: Aegislash|King's Shield|p1b: Aegislash\n|-singleturn|p1b: Aegislash|Protect\n|move|p2a: Garchomp|Stomping Tantrum|p1b: Aegislash\n|-activate|p1b: Aegislash|move: Protect\n|-unboost|p2a: Garchomp|atk|1\n|move|p2b: Sneasler|Close Combat|p1a: Lucario\n|-activate|p1a: Lucario|move: Protect\n|\n|upkeep\n|turn|8\n|j| faetaso\n|inactive|silvermagicianvgc has 30 seconds left.\n|\n|t:|1776123618\n|move|p2a: Garchomp|Stomping Tantrum|p1a: Lucario\n|-supereffective|p1a: Lucario|1\n|-damage|p1a: Lucario|31/100\n|move|p2b: Sneasler|Close Combat|p1b: Aegislash\n|-immune|p1b: Aegislash\n|move|p1a: Lucario|Close Combat|p2a: Garchomp\n|-damage|p2a: Garchomp|0 fnt\n|-unboost|p1a: Lucario|def|1\n|-unboost|p1a: Lucario|spd|1\n|-damage|p1a: Lucario|19/100|[from] ability: Rough Skin|[of] p2a: Garchomp\n|faint|p2a: Garchomp\n|-formechange|p1b: Aegislash|Aegislash-Blade|\n|move|p1b: Aegislash|Shadow Ball|p2b: Sneasler\n|-damage|p2b: Sneasler|0 fnt\n|faint|p2b: Sneasler\n|\n|upkeep\n|-message|silvermagicianvgc forfeited.\n|\n|win|outsideisaforest\n|raw|outsideisaforest's rating: 1523 &rarr; <strong>1538</strong><br />(+15 for winning)\n|raw|silvermagicianvgc's rating: 1443 &rarr; <strong>1428</strong><br />(-15 for losing)\n|l|\u2606silvermagicianvgc\n|player|p2|\n|j| omps404\n|l|\u2606outsideisaforest\n|player|p1|\n",
  "uploadtime": 1776123675,
  "views": 27,
  "formatid": "gen9championsvgc2026regma",
  "rating": 1428,
  "private": 0,
  "password": null
}