{
  "id": "gen9championsvgc2026regma-2584310842",
  "format": "[Gen 9 Champions] VGC 2026 Reg M-A",
  "players": [
    "smp on whimsicott",
    "oatrxb"
  ],
  "log": "|j|\u2606smp on whimsicott\n|j|\u2606oatrxb\n|t:|1776249913\n|gametype|doubles\n|player|p1|smp on whimsicott|artist-gen4|1069\n|player|p2|oatrxb|2|1000\n|gen|9\n|tier|[Gen 9 Champions] VGC 2026 Reg M-A\n|rated|\n|rule|Species Clause: Limit one of each Pok\u00e9mon\n|rule|Item Clause: Limit 1 of each item\n|clearpoke\n|poke|p1|Floette-Eternal, L50, F|\n|poke|p1|Aegislash, L50, F|\n|poke|p1|Talonflame, L50, M|\n|poke|p1|Basculegion, L50, M|\n|poke|p1|Milotic, L50, M|\n|poke|p1|Garchomp, L50, F|\n|poke|p2|Typhlosion-Hisui, L50, F|\n|poke|p2|Torkoal, L50, F|\n|poke|p2|Whimsicott, L50, F|\n|poke|p2|Charizard, L50, F|\n|poke|p2|Leafeon, L50, M|\n|poke|p2|Floette-Eternal, L50, F|\n|teampreview|4\nsmp on whimsicott rejected open team sheets.\n|\n|t:|1776249954\n|teamsize|p1|4\n|teamsize|p2|4\n|start\n|switch|p1a: Basculegion|Basculegion, L50, M|100/100\n|switch|p1b: Garchomp|Garchomp, L50, F|100/100\n|switch|p2a: Charizard|Charizard, L50, F|100/100\n|switch|p2b: Typhlosion|Typhlosion-Hisui, L50, F|100/100\n|turn|1\n|\n|t:|1776249979\n|detailschange|p2a: Charizard|Charizard-Mega-Y, L50, F\n|-mega|p2a: Charizard|Charizard|Charizardite Y\n|-weather|SunnyDay|[from] ability: Drought|[of] p2a: Charizard\n|move|p2b: Typhlosion|Shadow Ball|p1a: Basculegion\n|-supereffective|p1a: Basculegion|1\n|-damage|p1a: Basculegion|0 fnt\n|faint|p1a: Basculegion\n|move|p1b: Garchomp|Rock Slide|p2a: Charizard|[spread] p2a,p2b\n|-supereffective|p2a: Charizard|2\n|-supereffective|p2b: Typhlosion|1\n|-damage|p2a: Charizard|17/100\n|-damage|p2b: Typhlosion|40/100\n|cant|p2a: Charizard|flinch\n|\n|-weather|SunnyDay|[upkeep]\n|upkeep\n|\n|t:|1776249991\n|switch|p1a: Talonflame|Talonflame, L50, M|100/100\n|turn|2\n|\n|t:|1776250016\n|move|p1a: Talonflame|Tailwind|p1a: Talonflame\n|-sidestart|p1: smp on whimsicott|move: Tailwind\n|move|p1b: Garchomp|Rock Slide|p2b: Typhlosion|[spread] p2a,p2b\n|-supereffective|p2a: Charizard|2\n|-supereffective|p2b: Typhlosion|1\n|-crit|p2b: Typhlosion\n|-damage|p2a: Charizard|0 fnt\n|-damage|p2b: Typhlosion|0 fnt\n|faint|p2a: Charizard\n|faint|p2b: Typhlosion\n|\n|-weather|SunnyDay|[upkeep]\n|upkeep\n|\n|t:|1776250025\n|switch|p2b: Leafeon|Leafeon, L50, M|100/100\n|switch|p2a: Whimsicott|Whimsicott, L50, F|100/100\n|turn|3\n|\n|t:|1776250044\n|move|p1a: Talonflame|Dual Wingbeat|p2b: Leafeon\n|-supereffective|p2b: Leafeon|1\n|-crit|p2b: Leafeon\n|-damage|p2b: Leafeon|54/100\n|-supereffective|p2b: Leafeon|1\n|-damage|p2b: Leafeon|19/100\n|-enditem|p2b: Leafeon|Sitrus Berry|[eat]\n|-heal|p2b: Leafeon|44/100|[from] item: Sitrus Berry\n|-hitcount|p2b: Leafeon|2\n|move|p2a: Whimsicott|Tailwind|p2a: Whimsicott\n|-sidestart|p2: oatrxb|move: Tailwind\n|move|p2b: Leafeon|Solar Blade||[still]\n|-prepare|p2b: Leafeon|Solar Blade\n|-anim|p2b: Leafeon|Solar Blade|p1b: Garchomp\n|-damage|p1b: Garchomp|51/100\n|-damage|p2b: Leafeon|32/100|[from] ability: Rough Skin|[of] p1b: Garchomp\n|move|p1b: Garchomp|Rock Slide|p2b: Leafeon|[spread] p2a,p2b\n|-crit|p2b: Leafeon\n|-damage|p2a: Whimsicott|79/100\n|-damage|p2b: Leafeon|8/100\n|\n|-weather|SunnyDay|[upkeep]\n|upkeep\n|turn|4\n|\n|t:|1776250066\n|move|p2a: Whimsicott|Protect|p2a: Whimsicott\n|-singleturn|p2a: Whimsicott|Protect\n|move|p1a: Talonflame|Dual Wingbeat|p2a: Whimsicott\n|-activate|p2a: Whimsicott|move: Protect\n|move|p2b: Leafeon|Synthesis|p2b: Leafeon\n|-heal|p2b: Leafeon|75/100\n|move|p1b: Garchomp|Earthquake|p2b: Leafeon|[spread] p2b\n|-activate|p2a: Whimsicott|move: Protect\n|-immune|p1a: Talonflame\n|-resisted|p2b: Leafeon|1\n|-damage|p2b: Leafeon|57/100\n|\n|-weather|SunnyDay|[upkeep]\n|upkeep\n|turn|5\n|\n|t:|1776250083\n|move|p1a: Talonflame|Dual Wingbeat|p2a: Whimsicott\n|-supereffective|p2a: Whimsicott|1\n|-damage|p2a: Whimsicott|37/100\n|-supereffective|p2a: Whimsicott|1\n|-damage|p2a: Whimsicott|0 fnt\n|faint|p2a: Whimsicott\n|-hitcount|p2: Whimsicott|2\n|move|p2b: Leafeon|Synthesis|p2b: Leafeon\n|-heal|p2b: Leafeon|100/100\n|move|p1b: Garchomp|Rock Slide|p2b: Leafeon\n|-damage|p2b: Leafeon|78/100\n|\n|-weather|none\n|-sideend|p1: smp on whimsicott|move: Tailwind\n|upkeep\n|turn|6\n|\n|t:|1776250101\n|move|p1a: Talonflame|Dual Wingbeat|p2b: Leafeon|[miss]\n|-miss|p1a: Talonflame|p2b: Leafeon\n|move|p2b: Leafeon|Leaf Blade|p1b: Garchomp\n|-crit|p1b: Garchomp\n|-damage|p1b: Garchomp|0 fnt\n|-damage|p2b: Leafeon|66/100|[from] ability: Rough Skin|[of] p1b: Garchomp\n|faint|p1b: Garchomp\n|\n|-sideend|p2: oatrxb|move: Tailwind\n|upkeep\n|\n|t:|1776250106\n|switch|p1b: Floette|Floette-Eternal, L50, F|100/100\n|turn|7\n|\n|t:|1776250114\n|detailschange|p1b: Floette|Floette-Mega, L50, F\n|-mega|p1b: Floette|Floette|Floettite\n|-ability|p1b: Floette|Fairy Aura\n|move|p2b: Leafeon|Protect|p2b: Leafeon\n|-singleturn|p2b: Leafeon|Protect\n|move|p1a: Talonflame|Tailwind|p1a: Talonflame\n|-sidestart|p1: smp on whimsicott|move: Tailwind\n|move|p1b: Floette|Moonblast|p2b: Leafeon\n|-activate|p2b: Leafeon|move: Protect\n|\n|upkeep\n|turn|8\n|\n|t:|1776250126\n|move|p1a: Talonflame|Dual Wingbeat|p2b: Leafeon\n|-supereffective|p2b: Leafeon|1\n|-damage|p2b: Leafeon|34/100\n|-supereffective|p2b: Leafeon|1\n|-damage|p2b: Leafeon|5/100\n|-hitcount|p2b: Leafeon|2\n|move|p1b: Floette|Moonblast|p2b: Leafeon\n|-damage|p2b: Leafeon|0 fnt\n|faint|p2b: Leafeon\n|\n|win|smp on whimsicott\n|raw|smp on whimsicott's rating: 1069 &rarr; <strong>1093</strong><br />(+24 for winning)\n|raw|oatrxb's rating: 1000 &rarr; <strong>1000</strong><br />(+0 for losing)\n",
  "uploadtime": 1776250126,
  "views": 21,
  "formatid": "gen9championsvgc2026regma",
  "rating": 1000,
  "private": 0,
  "password": null
}