{
  "id": "gen9championsvgc2026regma-2583852148",
  "format": "[Gen 9 Champions] VGC 2026 Reg M-A",
  "players": [
    "jomyji",
    "rasb"
  ],
  "log": "|j|\u2606jomyji\n|j|\u2606rasb\n|t:|1776202737\n|gametype|doubles\n|player|p1|jomyji|red|1087\n|player|p2|rasb|101|1135\n|gen|9\n|tier|[Gen 9 Champions] VGC 2026 Reg M-A\n|rated|\n|rule|Species Clause: Limit one of each Pok\u00e9mon\n|rule|Item Clause: Limit 1 of each item\n|clearpoke\n|poke|p1|Gardevoir, L50, M|\n|poke|p1|Milotic, L50, M|\n|poke|p1|Dragapult, L50, M|\n|poke|p1|Maushold, L50|\n|poke|p1|Corviknight, L50, M|\n|poke|p1|Incineroar, L50, F|\n|poke|p2|Floette-Eternal, L50, F|\n|poke|p2|Aerodactyl, L50, F|\n|poke|p2|Incineroar, L50, F|\n|poke|p2|Garchomp, L50, M|\n|poke|p2|Charizard, L50, F|\n|poke|p2|Venusaur, L50, F|\n|teampreview|4\n|inactive|Battle timer is ON: inactive players will automatically lose when time's up. (requested by rasb)\n|inactive|rasb has 60 seconds left.\nrasb has agreed to open team sheets.\n|\n|t:|1776202794\n|teamsize|p1|4\n|teamsize|p2|4\n|start\n|switch|p1a: Incineroar|Incineroar, L50, F|100/100\n|switch|p1b: Gardevoir|Gardevoir, L50, M, shiny|100/100\n|switch|p2a: Incineroar|Incineroar, L50, F|100/100\n|switch|p2b: Garchomp|Garchomp, L50, M|100/100\n|-ability|p1b: Gardevoir|Intimidate|Trace|[from] ability: Trace|[of] p2a: Incineroar\n|-ability|p1b: Gardevoir|Intimidate|boost\n|-unboost|p2a: Incineroar|atk|1\n|-unboost|p2b: Garchomp|atk|1\n|-ability|p2a: Incineroar|Intimidate|boost\n|-unboost|p1a: Incineroar|atk|1\n|-unboost|p1b: Gardevoir|atk|1\n|-ability|p1a: Incineroar|Intimidate|boost\n|-unboost|p2a: Incineroar|atk|1\n|-unboost|p2b: Garchomp|atk|1\n|turn|1\n|\n|t:|1776202810\n|switch|p2b: Venusaur|Venusaur, L50, F|100/100\n|detailschange|p1b: Gardevoir|Gardevoir-Mega, L50, M, shiny\n|-mega|p1b: Gardevoir|Gardevoir|Gardevoirite\n|move|p2a: Incineroar|Fake Out|p1a: Incineroar\n|-damage|p1a: Incineroar|96/100\n|cant|p1a: Incineroar|flinch\n|move|p1b: Gardevoir|Hyper Voice|p2b: Venusaur|[spread] p2a,p2b\n|-resisted|p2b: Venusaur|1\n|-damage|p2a: Incineroar|54/100\n|-damage|p2b: Venusaur|72/100\n|\n|upkeep\n|turn|2\n|\n|t:|1776202827\n|move|p1b: Gardevoir|Psychic|p2b: Venusaur\n|-supereffective|p2b: Venusaur|1\n|-damage|p2b: Venusaur|0 fnt\n|faint|p2b: Venusaur\n|move|p2a: Incineroar|Flare Blitz|p1b: Gardevoir\n|-damage|p1b: Gardevoir|54/100\n|-damage|p2a: Incineroar|44/100|[from] Recoil\n|-enditem|p2a: Incineroar|Sitrus Berry|[eat]\n|-heal|p2a: Incineroar|68/100|[from] item: Sitrus Berry\n|move|p1a: Incineroar|Parting Shot|p2a: Incineroar\n|-unboost|p2a: Incineroar|atk|1\n|-unboost|p2a: Incineroar|spa|1\n|\n|t:|1776202838\n|switch|p1a: Maushold|Maushold, L50|100/100|[from] Parting Shot\n|\n|upkeep\n|\n|t:|1776202844\n|switch|p2b: Garchomp|Garchomp, L50, M|100/100\n|turn|3\n|\n|t:|1776202864\n|move|p1a: Maushold|Follow Me|p1a: Maushold\n|-singleturn|p1a: Maushold|move: Follow Me\n|move|p2b: Garchomp|Earthquake|p1b: Gardevoir|[spread] p2a,p1a,p1b\n|-supereffective|p2a: Incineroar|1\n|-damage|p2a: Incineroar|0 fnt\n|-damage|p1a: Maushold|34/100\n|-damage|p1b: Gardevoir|5/100\n|faint|p2a: Incineroar\n|move|p1b: Gardevoir|Hyper Voice|p2b: Garchomp\n|-supereffective|p2b: Garchomp|1\n|-damage|p2b: Garchomp|0 fnt\n|faint|p2b: Garchomp\n|\n|upkeep\n|\n|t:|1776202873\n|switch|p2a: Charizard|Charizard, L50, F|100/100\n|turn|4\n|\n|t:|1776202884\n|detailschange|p2a: Charizard|Charizard-Mega-Y, L50, F\n|-mega|p2a: Charizard|Charizard|Charizardite Y\n|-weather|SunnyDay|[from] ability: Drought|[of] p2a: Charizard\n|move|p1a: Maushold|Helping Hand|p1b: Gardevoir\n|-singleturn|p1b: Gardevoir|Helping Hand|[of] p1a: Maushold\n|move|p1b: Gardevoir|Psychic|p2a: Charizard\n|-damage|p2a: Charizard|16/100\n|move|p2a: Charizard|Heat Wave|p1b: Gardevoir|[spread] p1b\n|-miss|p2a: Charizard|p1a: Maushold\n|-damage|p1b: Gardevoir|0 fnt\n|faint|p1b: Gardevoir\n|\n|-weather|SunnyDay|[upkeep]\n|upkeep\n|\n|t:|1776202900\n|switch|p1b: Milotic|Milotic, L50, M, shiny|100/100\n|turn|5\n|\n|t:|1776202911\n|move|p1a: Maushold|Population Bomb|p2a: Charizard\n|-damage|p2a: Charizard|7/100\n|-damage|p2a: Charizard|0 fnt\n|faint|p2a: Charizard\n|-hitcount|p2: Charizard|2\n|\n|win|jomyji\n|raw|jomyji's rating: 1087 &rarr; <strong>1118</strong><br />(+31 for winning)\n|raw|rasb's rating: 1135 &rarr; <strong>1107</strong><br />(-28 for losing)\n",
  "uploadtime": 1776202911,
  "views": 16,
  "formatid": "gen9championsvgc2026regma",
  "rating": 1107,
  "private": 0,
  "password": null
}