{
  "id": "gen9championsvgc2026regma-2584897838",
  "format": "[Gen 9 Champions] VGC 2026 Reg M-A",
  "players": [
    "Bluemarioisahhh",
    "SunTufo"
  ],
  "log": "|j|\u2606Bluemarioisahhh\n|j|\u2606SunTufo\n|t:|1776292582\n|gametype|doubles\n|player|p1|Bluemarioisahhh|2|1157\n|player|p2|SunTufo|li|1229\n|gen|9\n|tier|[Gen 9 Champions] VGC 2026 Reg M-A\n|rated|\n|rule|Species Clause: Limit one of each Pok\u00e9mon\n|rule|Item Clause: Limit 1 of each item\n|clearpoke\n|poke|p1|Froslass, L50, F|\n|poke|p1|Mamoswine, L50, M|\n|poke|p1|Rotom-Wash, L50|\n|poke|p1|Whimsicott, L50, F|\n|poke|p1|Sneasler, L50, M|\n|poke|p1|Kingambit, L50, F|\n|poke|p2|Aerodactyl, L50, M|\n|poke|p2|Floette-Eternal, L50, F|\n|poke|p2|Incineroar, L50, F|\n|poke|p2|Sinistcha-Masterpiece, L50|\n|poke|p2|Hawlucha, L50, M|\n|poke|p2|Krookodile, L50, M|\n|teampreview|4\n|inactive|Battle timer is ON: inactive players will automatically lose when time's up. (requested by SunTufo)\n|inactive|SunTufo has 60 seconds left.\n|\n|t:|1776292621\n|teamsize|p1|4\n|teamsize|p2|4\n|start\n|switch|p1a: Sneasler|Sneasler, L50, M|100/100\n|switch|p1b: Kingambit|Kingambit, L50, F|100/100\n|switch|p2a: Aerodactyl|Aerodactyl, L50, M|100/100\n|switch|p2b: Floette|Floette-Eternal, L50, F|100/100\n|-ability|p2a: Aerodactyl|Unnerve\n|turn|1\n|\n|t:|1776292629\n|switch|p2b: Hawlucha|Hawlucha, L50, M, shiny|100/100\n|-ability|p2b: Hawlucha|Mold Breaker\n|move|p2a: Aerodactyl|Protect|p2a: Aerodactyl\n|-singleturn|p2a: Aerodactyl|Protect\n|move|p1a: Sneasler|Fake Out|p2a: Aerodactyl\n|-activate|p2a: Aerodactyl|move: Protect\n|move|p1b: Kingambit|Swords Dance|p1b: Kingambit\n|-boost|p1b: Kingambit|atk|2\n|\n|upkeep\n|turn|2\n|\n|t:|1776292649\n|detailschange|p2b: Hawlucha|Hawlucha-Mega, L50, M, shiny\n|-mega|p2b: Hawlucha|Hawlucha|Hawluchanite\n|move|p1b: Kingambit|Sucker Punch||[still]\n|-fail|p1b: Kingambit\n|move|p2a: Aerodactyl|Tailwind|p2a: Aerodactyl\n|-sidestart|p2: SunTufo|move: Tailwind\n|move|p2b: Hawlucha|Dual Wingbeat|p1a: Sneasler\n|-supereffective|p1a: Sneasler|1\n|-damage|p1a: Sneasler|30/100\n|-supereffective|p1a: Sneasler|1\n|-damage|p1a: Sneasler|0 fnt\n|faint|p1a: Sneasler\n|-hitcount|p1: Sneasler|2\n|\n|upkeep\n|\n|t:|1776292659\n|switch|p1a: Froslass|Froslass, L50, F|100/100\n|turn|3\n|\n|t:|1776292674\n|detailschange|p1a: Froslass|Froslass-Mega, L50, F\n|-mega|p1a: Froslass|Froslass|Froslassite\n|-weather|Snowscape|[from] ability: Snow Warning|[of] p1a: Froslass\n|move|p1b: Kingambit|Sucker Punch|p2a: Aerodactyl\n|-enditem|p2a: Aerodactyl|Focus Sash\n|-damage|p2a: Aerodactyl|1/100\n|move|p2a: Aerodactyl|Rock Slide|p1a: Froslass|[spread] p1a,p1b\n|-supereffective|p1a: Froslass|1\n|-resisted|p1b: Kingambit|1\n|-damage|p1a: Froslass|46/100\n|-damage|p1b: Kingambit|91/100\n|move|p2b: Hawlucha|Dual Wingbeat|p1a: Froslass\n|-damage|p1a: Froslass|25/100\n|-damage|p1a: Froslass|6/100\n|-hitcount|p1a: Froslass|2\n|move|p1a: Froslass|Blizzard|p2a: Aerodactyl|[spread] p2a,p2b\n|-supereffective|p2a: Aerodactyl|1\n|-supereffective|p2b: Hawlucha|1\n|-damage|p2a: Aerodactyl|0 fnt\n|-damage|p2b: Hawlucha|13/100\n|faint|p2a: Aerodactyl\n|\n|-weather|Snowscape|[upkeep]\n|upkeep\n|\n|t:|1776292690\n|switch|p2a: Sinistcha|Sinistcha-Masterpiece, L50|100/100\n|-heal|p2b: Hawlucha|38/100|[from] ability: Hospitality|[of] p2a: Sinistcha\n|turn|4\n|\n|t:|1776292710\n|move|p2b: Hawlucha|Protect|p2b: Hawlucha\n|-singleturn|p2b: Hawlucha|Protect\n|move|p1a: Froslass|Blizzard|p2b: Hawlucha|[spread] p2a\n|-activate|p2b: Hawlucha|move: Protect\n|-supereffective|p2a: Sinistcha|1\n|-damage|p2a: Sinistcha|32/100\n|move|p2a: Sinistcha|Shadow Ball|p1a: Froslass\n|-supereffective|p1a: Froslass|1\n|-damage|p1a: Froslass|0 fnt\n|faint|p1a: Froslass\n|move|p1b: Kingambit|Kowtow Cleave|p2b: Hawlucha\n|-activate|p2b: Hawlucha|move: Protect\n|\n|-weather|Snowscape|[upkeep]\n|upkeep\n|\n|t:|1776292719\n|switch|p1a: Rotom|Rotom-Wash, L50|100/100\n|turn|5\n|\n|t:|1776292732\n|move|p1b: Kingambit|Protect|p1b: Kingambit\n|-singleturn|p1b: Kingambit|Protect\n|move|p2b: Hawlucha|High Jump Kick|p1b: Kingambit\n|-activate|p1b: Kingambit|move: Protect\n|-damage|p2b: Hawlucha|0 fnt|[from] highjumpkick\n|faint|p2b: Hawlucha\n|move|p2a: Sinistcha|Strength Sap|p1a: Rotom\n|-unboost|p1a: Rotom|atk|1\n|-heal|p2a: Sinistcha|75/100\n|move|p1a: Rotom|Thunderbolt|p2a: Sinistcha\n|-resisted|p2a: Sinistcha|1\n|-damage|p2a: Sinistcha|56/100\n|\n|-weather|Snowscape|[upkeep]\n|-sideend|p2: SunTufo|move: Tailwind\n|upkeep\n|\n|t:|1776292734\n|switch|p2b: Floette|Floette-Eternal, L50, F|100/100\n|turn|6\n|\n|t:|1776292746\n|move|p2b: Floette|Moonblast|p1b: Kingambit\n|-damage|p1b: Kingambit|49/100\n|move|p1a: Rotom|Thunderbolt|p2b: Floette\n|-damage|p2b: Floette|64/100\n|move|p2a: Sinistcha|Matcha Gotcha|p1a: Rotom|[spread] p1a,p1b\n|-supereffective|p1a: Rotom|1\n|-resisted|p1b: Kingambit|1\n|-damage|p1a: Rotom|51/100\n|-heal|p2a: Sinistcha|77/100|[from] drain|[of] p1a: Rotom\n|-damage|p1b: Kingambit|39/100\n|-heal|p2a: Sinistcha|84/100|[from] drain|[of] p1b: Kingambit\n|move|p1b: Kingambit|Kowtow Cleave|p2a: Sinistcha\n|-supereffective|p2a: Sinistcha|1\n|-enditem|p2a: Sinistcha|Colbur Berry|[eat]\n|-enditem|p2a: Sinistcha|Colbur Berry|[weaken]\n|-damage|p2a: Sinistcha|0 fnt\n|faint|p2a: Sinistcha\n|\n|-weather|Snowscape|[upkeep]\n|-heal|p1a: Rotom|57/100|[from] item: Leftovers\n|upkeep\n|turn|7\n|\n|t:|1776292757\n|move|p1b: Kingambit|Sucker Punch|p2b: Floette\n|-resisted|p2b: Floette|1\n|-damage|p2b: Floette|8/100\n|move|p2b: Floette|Moonblast|p1b: Kingambit\n|-damage|p1b: Kingambit|0 fnt\n|faint|p1b: Kingambit\n|move|p1a: Rotom|Thunderbolt|p2b: Floette\n|-damage|p2b: Floette|0 fnt\n|faint|p2b: Floette\n|\n|win|Bluemarioisahhh\n|raw|Bluemarioisahhh's rating: 1157 &rarr; <strong>1187</strong><br />(+30 for winning)\n|raw|SunTufo's rating: 1229 &rarr; <strong>1199</strong><br />(-30 for losing)\n",
  "uploadtime": 1776292758,
  "views": 18,
  "formatid": "gen9championsvgc2026regma",
  "rating": 1187,
  "private": 0,
  "password": null
}