{
  "id": "gen9championsvgc2026regma-2588661009",
  "format": "[Gen 9 Champions] VGC 2026 Reg M-A",
  "players": [
    "3vtyr",
    "tempo timmy"
  ],
  "log": "|j|\u26063vtyr\n|j|\u2606tempo timmy\n|t:|1776654920\n|gametype|doubles\n|player|p1|3vtyr|koga|1180\n|player|p2|tempo timmy|101|1215\n|gen|9\n|tier|[Gen 9 Champions] VGC 2026 Reg M-A\n|rated|\n|rule|Species Clause: Limit one of each Pok\u00e9mon\n|rule|Item Clause: Limit 1 of each item\n|clearpoke\n|poke|p1|Skarmory, L50, M|\n|poke|p1|Whimsicott, L50, M|\n|poke|p1|Maushold-Four, L50|\n|poke|p1|Garchomp, L50, F|\n|poke|p1|Charizard, L50, M|\n|poke|p1|Rotom-Wash, L50|\n|poke|p2|Aerodactyl, L50, M|\n|poke|p2|Incineroar, L50, F|\n|poke|p2|Torkoal, L50, F|\n|poke|p2|Primarina, L50, F|\n|poke|p2|Farigiraf, L50, M|\n|poke|p2|Froslass, L50, F|\n|teampreview|4\ntempo timmy rejected open team sheets.\n|inactive|Battle timer is ON: inactive players will automatically lose when time's up. (requested by tempo timmy)\n|\n|t:|1776654939\n|teamsize|p1|4\n|teamsize|p2|4\n|start\n|switch|p1a: Rotom|Rotom-Wash, L50|100/100\n|switch|p1b: Whimsicott|Whimsicott, L50, M|100/100\n|switch|p2a: Froslass|Froslass, L50, F|100/100\n|switch|p2b: Primarina|Primarina, L50, F|100/100\n|turn|1\n|\n|t:|1776654956\n|switch|p2b: Farigiraf|Farigiraf, L50, M|100/100\n|detailschange|p2a: Froslass|Froslass-Mega, L50, F\n|-mega|p2a: Froslass|Froslass|Froslassite\n|-weather|Snowscape|[from] ability: Snow Warning|[of] p2a: Froslass\n|move|p1b: Whimsicott|Tailwind|p1b: Whimsicott\n|-sidestart|p1: 3vtyr|move: Tailwind\n|move|p1a: Rotom|Discharge|p2a: Froslass|[spread] p1b,p2a,p2b\n|-resisted|p1b: Whimsicott|1\n|-damage|p1b: Whimsicott|81/100\n|-damage|p2a: Froslass|65/100\n|-damage|p2b: Farigiraf|82/100\n|-status|p1b: Whimsicott|par\n|move|p2a: Froslass|Aurora Veil|p2a: Froslass\n|-sidestart|p2: tempo timmy|move: Aurora Veil\n|\n|-weather|Snowscape|[upkeep]\n|upkeep\n|turn|2\n|\n|t:|1776654977\n|move|p1b: Whimsicott|Protect|p1b: Whimsicott\n|-singleturn|p1b: Whimsicott|Protect\n|move|p1a: Rotom|Discharge|p2b: Farigiraf|[spread] p2a,p2b\n|-activate|p1b: Whimsicott|move: Protect\n|-damage|p2a: Froslass|43/100\n|-damage|p2b: Farigiraf|68/100\n|move|p2a: Froslass|Blizzard|p1a: Rotom|[spread] p1a\n|-activate|p1b: Whimsicott|move: Protect\n|-resisted|p1a: Rotom|1\n|-damage|p1a: Rotom|70/100\n|move|p2b: Farigiraf|Trick Room|p2b: Farigiraf\n|-fieldstart|move: Trick Room|[of] p2b: Farigiraf\n|\n|-weather|Snowscape|[upkeep]\n|-heal|p1a: Rotom|75/100|[from] item: Leftovers\n|upkeep\n|turn|3\n|\n|t:|1776654996\n|switch|p2a: Primarina|Primarina, L50, F|100/100\n|move|p2b: Farigiraf|Hyper Voice|p1b: Whimsicott|[spread] p1a,p1b\n|-damage|p1a: Rotom|44/100\n|-damage|p1b: Whimsicott|47/100 par\n|cant|p1b: Whimsicott|par\n|move|p1a: Rotom|Discharge|p2a: Primarina|[spread] p1b,p2a,p2b\n|-resisted|p1b: Whimsicott|1\n|-supereffective|p2a: Primarina|1\n|-damage|p1b: Whimsicott|29/100 par\n|-damage|p2a: Primarina|75/100\n|-damage|p2b: Farigiraf|55/100\n|\n|-weather|Snowscape|[upkeep]\n|-heal|p1a: Rotom|49/100|[from] item: Leftovers\n|upkeep\n|turn|4\n|\n|t:|1776655013\n|move|p1b: Whimsicott|Protect|p1b: Whimsicott\n|-singleturn|p1b: Whimsicott|Protect\n|move|p1a: Rotom|Protect|p1a: Rotom\n|-singleturn|p1a: Rotom|Protect\n|move|p2b: Farigiraf|Hyper Voice|p1b: Whimsicott|[spread] \n|-activate|p1a: Rotom|move: Protect\n|-activate|p1b: Whimsicott|move: Protect\n|move|p2a: Primarina|Flip Turn|p1a: Rotom\n|-activate|p1a: Rotom|move: Protect\n|\n|-weather|Snowscape|[upkeep]\n|-heal|p1a: Rotom|55/100|[from] item: Leftovers\n|-sideend|p1: 3vtyr|move: Tailwind\n|upkeep\n|turn|5\n|\n|t:|1776655030\n|move|p1b: Whimsicott|Moonblast|p2b: Farigiraf\n|-damage|p2b: Farigiraf|43/100\n|move|p2b: Farigiraf|Hyper Voice|p1a: Rotom|[spread] p1a,p1b\n|-damage|p1a: Rotom|23/100\n|-damage|p1b: Whimsicott|0 fnt\n|faint|p1b: Whimsicott\n|move|p2a: Primarina|Hyper Voice|p1a: Rotom\n|-resisted|p1a: Rotom|1\n|-damage|p1a: Rotom|0 fnt\n|faint|p1a: Rotom\n|\n|-weather|none\n|-sideend|p2: tempo timmy|move: Aurora Veil\n|upkeep\n|\n|t:|1776655039\n|switch|p1b: Garchomp|Garchomp, L50, F|100/100\n|switch|p1a: Charizard|Charizard, L50, M|100/100\n|turn|6\n|\n|t:|1776655054\n|detailschange|p1a: Charizard|Charizard-Mega-Y, L50, M\n|-mega|p1a: Charizard|Charizard|Charizardite Y\n|-weather|SunnyDay|[from] ability: Drought|[of] p1a: Charizard\n|move|p2b: Farigiraf|Hyper Voice|p1b: Garchomp|[spread] p1a,p1b\n|-crit|p1a: Charizard\n|-damage|p1a: Charizard|59/100\n|-damage|p1b: Garchomp|74/100\n|move|p2a: Primarina|Hyper Voice|p1a: Charizard|[spread] p1a,p1b\n|-supereffective|p1a: Charizard|1\n|-damage|p1a: Charizard|15/100\n|-damage|p1b: Garchomp|49/100\n|move|p1a: Charizard|Solar Beam||[still]\n|-prepare|p1a: Charizard|Solar Beam\n|-anim|p1a: Charizard|Solar Beam|p2a: Primarina\n|-supereffective|p2a: Primarina|1\n|-damage|p2a: Primarina|0 fnt\n|faint|p2a: Primarina\n|move|p1b: Garchomp|Earthquake|p2b: Farigiraf|[spread] p2b\n|-immune|p1a: Charizard\n|-damage|p2b: Farigiraf|0 fnt\n|faint|p2b: Farigiraf\n|\n|-weather|SunnyDay|[upkeep]\n|-fieldend|move: Trick Room\n|upkeep\n|\n|t:|1776655070\n|switch|p2a: Froslass|Froslass-Mega, L50, F|43/100\n|switch|p2b: Torkoal|Torkoal, L50, F|100/100\n|-weather|Snowscape|[from] ability: Snow Warning|[of] p2a: Froslass\n|-weather|SunnyDay|[from] ability: Drought|[of] p2b: Torkoal\n|turn|7\n|\n|t:|1776655079\n|move|p1b: Garchomp|Earthquake|p2b: Torkoal|[spread] p2a,p2b\n|-immune|p1a: Charizard\n|-supereffective|p2b: Torkoal|1\n|-damage|p2a: Froslass|0 fnt\n|-damage|p2b: Torkoal|38/100\n|faint|p2a: Froslass\n|move|p1a: Charizard|Scorching Sands|p2b: Torkoal\n|-supereffective|p2b: Torkoal|1\n|-damage|p2b: Torkoal|0 fnt\n|faint|p2b: Torkoal\n|\n|win|3vtyr\n|raw|3vtyr's rating: 1180 &rarr; <strong>1208</strong><br />(+28 for winning)\n|raw|tempo timmy's rating: 1215 &rarr; <strong>1187</strong><br />(-28 for losing)\n|l|\u2606tempo timmy\n|player|p2|\n",
  "uploadtime": 1776655094,
  "views": 6,
  "formatid": "gen9championsvgc2026regma",
  "rating": 1187,
  "private": 0,
  "password": null
}