{
  "id": "gen9championsvgc2026regma-2581221154",
  "format": "[Gen 9 Champions] VGC 2026 Reg M-A",
  "players": [
    "Niftix",
    "Marolio_XDD"
  ],
  "log": "|j|\u2606Niftix\n|j|\u2606Marolio_XDD\n|t:|1775972512\n|gametype|doubles\n|player|p1|Niftix|shadowtriad|1044\n|player|p2|Marolio_XDD|iris-gen5bw2|1000\n|gen|9\n|tier|[Gen 9 Champions] VGC 2026 Reg M-A\n|rated|\n|rule|Species Clause: Limit one of each Pok\u00e9mon\n|rule|Item Clause: Limit 1 of each item\n|clearpoke\n|poke|p1|Froslass, L50, F|\n|poke|p1|Palafin, L50, F|\n|poke|p1|Incineroar, L50, F|\n|poke|p1|Ninetales-Alola, L50, M|\n|poke|p1|Dragapult, L50, F|\n|poke|p1|Sinistcha, L50|\n|poke|p2|Dragonite, L50, F|\n|poke|p2|Pelipper, L50, F|\n|poke|p2|Archaludon, L50, F|\n|poke|p2|Politoed, L50, F|\n|poke|p2|Basculegion, L50, M|\n|poke|p2|Whimsicott, L50, M|\n|teampreview|4\n|inactive|Battle timer is ON: inactive players will automatically lose when time's up. (requested by Niftix)\nNiftix rejected open team sheets.\n|inactive|Niftix has 60 seconds left.\n|inactive|Marolio_XDD has 60 seconds left.\n|inactive|Niftix has 30 seconds left.\n|inactive|Niftix has 20 seconds left.\n|inactive|Niftix has 15 seconds left.\n|\n|t:|1775972591\n|teamsize|p1|4\n|teamsize|p2|4\n|start\n|switch|p1a: Froslass|Froslass, L50, F|100/100\n|switch|p1b: Dragapult|Dragapult, L50, F|100/100\n|switch|p2a: Dragonite|Dragonite, L50, F, shiny|100/100\n|switch|p2b: Pelipper|Pelipper, L50, F|100/100\n|-weather|RainDance|[from] ability: Drizzle|[of] p2b: Pelipper\n|turn|1\n|inactive|Marolio_XDD has 30 seconds left.\n|\n|t:|1775972624\n|switch|p2a: Archaludon|Archaludon, L50, F|100/100\n|detailschange|p1a: Froslass|Froslass-Mega, L50, F\n|-mega|p1a: Froslass|Froslass|Froslassite\n|-weather|Snowscape|[from] ability: Snow Warning|[of] p1a: Froslass\n|move|p2b: Pelipper|Wide Guard|p2b: Pelipper\n|-singleturn|p2b: Pelipper|Wide Guard\n|move|p1b: Dragapult|Thunderbolt|p2b: Pelipper\n|-supereffective|p2b: Pelipper|2\n|-enditem|p2b: Pelipper|Wacan Berry|[eat]\n|-enditem|p2b: Pelipper|Wacan Berry|[weaken]\n|-damage|p2b: Pelipper|26/100\n|move|p1a: Froslass|Blizzard|p2a: Archaludon|[spread] \n|-activate|p2a: Archaludon|move: Wide Guard\n|-activate|p2b: Pelipper|move: Wide Guard\n|\n|-weather|Snowscape|[upkeep]\n|upkeep\n|turn|2\n|inactive|Niftix has 30 seconds left.\n|inactive|Marolio_XDD has 30 seconds left.\n|inactive|Niftix has 20 seconds left.\n|inactive|Marolio_XDD has 20 seconds left.\n|inactive|Niftix has 15 seconds left.\n|inactive|Marolio_XDD has 15 seconds left.\n|inactive|Niftix has 10 seconds left.\n|inactive|Marolio_XDD has 10 seconds left.\n|inactive|Niftix has 5 seconds left.\n|\n|t:|1775972678\n|switch|p1b: Ninetales|Ninetales-Alola, L50, M|100/100\n|switch|p1a: Sinistcha|Sinistcha, L50|100/100\n|switch|p2b: Basculegion|Basculegion, L50, M|100/100\n|move|p2a: Archaludon|Flash Cannon|p1a: Sinistcha\n|-damage|p1a: Sinistcha|55/100\n|\n|-weather|Snowscape|[upkeep]\n|upkeep\n|turn|3\n|inactive|Niftix has 30 seconds left.\n|\n|t:|1775972706\n|switch|p2b: Pelipper|Pelipper, L50, F|26/100\n|-weather|RainDance|[from] ability: Drizzle|[of] p2b: Pelipper\n|move|p1b: Ninetales|Aurora Veil||[still]\n|-fail|p1b: Ninetales\n|move|p2a: Archaludon|Electro Shot||[still]\n|-prepare|p2a: Archaludon|Electro Shot\n|-boost|p2a: Archaludon|spa|1\n|-anim|p2a: Archaludon|Electro Shot|p1b: Ninetales\n|-damage|p1b: Ninetales|14/100\n|move|p1a: Sinistcha|Foul Play|p2b: Pelipper\n|-damage|p2b: Pelipper|11/100\n|\n|-weather|RainDance|[upkeep]\n|upkeep\n|turn|4\n|inactive|Marolio_XDD has 30 seconds left.\n|\n|t:|1775972732\n|switch|p1b: Froslass|Froslass-Mega, L50, F|100/100\n|-weather|Snowscape|[from] ability: Snow Warning|[of] p1b: Froslass\n|move|p2a: Archaludon|Electro Shot||[still]\n|-prepare|p2a: Archaludon|Electro Shot\n|-boost|p2a: Archaludon|spa|1\n|move|p2b: Pelipper|Tailwind|p2b: Pelipper\n|-sidestart|p2: Marolio_XDD|move: Tailwind\n|move|p1a: Sinistcha|Matcha Gotcha|p2a: Archaludon|[spread] p2a\n|-miss|p1a: Sinistcha|p2b: Pelipper\n|-resisted|p2a: Archaludon|2\n|-damage|p2a: Archaludon|91/100\n|-heal|p1a: Sinistcha|59/100|[from] drain|[of] p2a: Archaludon\n|-ability|p2a: Archaludon|Stamina|boost\n|-boost|p2a: Archaludon|def|1\n|\n|-weather|Snowscape|[upkeep]\n|-heal|p2a: Archaludon|97/100|[from] item: Leftovers\n|upkeep\n|turn|5\n|inactive|Niftix has 30 seconds left.\n|inactive|Marolio_XDD has 30 seconds left.\n|\n|t:|1775972762\n|switch|p2b: Basculegion|Basculegion, L50, M|100/100\n|move|p2a: Archaludon|Electro Shot|p1b: Froslass|[from] lockedmove\n|-damage|p1b: Froslass|0 fnt\n|faint|p1b: Froslass\n|move|p1a: Sinistcha|Foul Play|p2b: Basculegion\n|-supereffective|p2b: Basculegion|1\n|-damage|p2b: Basculegion|9/100\n|\n|-weather|Snowscape|[upkeep]\n|-heal|p2a: Archaludon|100/100|[from] item: Leftovers\n|upkeep\n|\n|t:|1775972770\n|switch|p1b: Dragapult|Dragapult, L50, F|100/100\n|turn|6\n|inactive|Marolio_XDD has 30 seconds left.\n|\n|t:|1775972797\n|move|p1b: Dragapult|Draco Meteor|p2a: Archaludon\n|-damage|p2a: Archaludon|26/100\n|-unboost|p1b: Dragapult|spa|2\n|-ability|p2a: Archaludon|Stamina|boost\n|-boost|p2a: Archaludon|def|1\n|move|p2b: Basculegion|Wave Crash|p1a: Sinistcha\n|-resisted|p1a: Sinistcha|1\n|-damage|p1a: Sinistcha|36/100\n|-enditem|p1a: Sinistcha|Sitrus Berry|[eat]\n|-heal|p1a: Sinistcha|61/100|[from] item: Sitrus Berry\n|-damage|p2b: Basculegion|2/100|[from] Recoil\n|move|p2a: Archaludon|Flash Cannon|p1b: Dragapult\n|-damage|p1b: Dragapult|0 fnt\n|faint|p1b: Dragapult\n|move|p1a: Sinistcha|Matcha Gotcha|p2b: Basculegion|[spread] p2a,p2b\n|-resisted|p2a: Archaludon|2\n|-supereffective|p2b: Basculegion|1\n|-damage|p2a: Archaludon|17/100\n|-heal|p1a: Sinistcha|65/100|[from] drain|[of] p2a: Archaludon\n|-damage|p2b: Basculegion|0 fnt\n|-heal|p1a: Sinistcha|66/100|[from] drain|[of] p2b: Basculegion\n|-ability|p2a: Archaludon|Stamina|boost\n|-boost|p2a: Archaludon|def|1\n|faint|p2b: Basculegion\n|\n|-weather|Snowscape|[upkeep]\n|-heal|p2a: Archaludon|24/100|[from] item: Leftovers\n|upkeep\n|\n|t:|1775972821\n|switch|p1b: Ninetales|Ninetales-Alola, L50, M|14/100\n|switch|p2b: Dragonite|Dragonite, L50, F, shiny|100/100\n|turn|7\n|\n|t:|1775972834\n|detailschange|p2b: Dragonite|Dragonite-Mega, L50, F, shiny\n|-mega|p2b: Dragonite|Dragonite|Dragoninite\n|move|p2b: Dragonite|Weather Ball|p1a: Sinistcha\n|-supereffective|p1a: Sinistcha|1\n|-damage|p1a: Sinistcha|0 fnt\n|faint|p1a: Sinistcha\n|move|p2a: Archaludon|Flash Cannon|p1b: Ninetales\n|-supereffective|p1b: Ninetales|2\n|-enditem|p1b: Ninetales|Babiri Berry|[eat]\n|-enditem|p1b: Ninetales|Babiri Berry|[weaken]\n|-damage|p1b: Ninetales|0 fnt\n|faint|p1b: Ninetales\n|\n|win|Marolio_XDD\n|raw|Niftix's rating: 1044 &rarr; <strong>1025</strong><br />(-19 for losing)\n|raw|Marolio_XDD's rating: 1000 &rarr; <strong>1045</strong><br />(+45 for winning)\n|l|\u2606Niftix\n|player|p1|\n",
  "uploadtime": 1775972848,
  "views": 17,
  "formatid": "gen9championsvgc2026regma",
  "rating": 1025,
  "private": 0,
  "password": null
}