{
  "id": "gen9championsvgc2026regma-2583284600",
  "format": "[Gen 9 Champions] VGC 2026 Reg M-A",
  "players": [
    "Ngt64",
    "Pid9ey"
  ],
  "log": "|j|\u2606Ngt64\n|j|\u2606Pid9ey\n|t:|1776163105\n|gametype|doubles\n|player|p1|Ngt64|266|1000\n|player|p2|Pid9ey|101|1035\n|gen|9\n|tier|[Gen 9 Champions] VGC 2026 Reg M-A\n|rated|\n|rule|Species Clause: Limit one of each Pok\u00e9mon\n|rule|Item Clause: Limit 1 of each item\n|clearpoke\n|poke|p1|Farigiraf, L50, F|\n|poke|p1|Hatterene, L50, F|\n|poke|p1|Torkoal, L50, F|\n|poke|p1|Golurk, L50|\n|poke|p1|Oranguru, L50, F|\n|poke|p1|Whimsicott, L50, M|\n|poke|p2|Lucario, L50, F|\n|poke|p2|Ninetales-Alola, L50, F|\n|poke|p2|Gengar, L50, M|\n|poke|p2|Incineroar, L50, F|\n|poke|p2|Aerodactyl, L50, F|\n|poke|p2|Sinistcha, L50|\n|teampreview|4\n|inactive|Battle timer is ON: inactive players will automatically lose when time's up. (requested by Ngt64)\n|\n|t:|1776163135\n|teamsize|p1|4\n|teamsize|p2|4\n|start\n|switch|p1a: Farigiraf|Farigiraf, L50, F|100/100\n|switch|p1b: Hatterene|Hatterene, L50, F|100/100\n|switch|p2a: Gengar|Gengar, L50, M, shiny|100/100\n|switch|p2b: Incineroar|Incineroar, L50, F, shiny|100/100\n|-ability|p2b: Incineroar|Intimidate|boost\n|-unboost|p1a: Farigiraf|atk|1\n|-unboost|p1b: Hatterene|atk|1\n|turn|1\n|inactive|Pid9ey has 30 seconds left.\n|inactive|Pid9ey has 20 seconds left.\n|inactive|Pid9ey has 15 seconds left.\n|\n|t:|1776163179\n|detailschange|p2a: Gengar|Gengar-Mega, L50, M, shiny\n|-mega|p2a: Gengar|Gengar|Gengarite\n|move|p2a: Gengar|Taunt|p1a: Farigiraf\n|-start|p1a: Farigiraf|move: Taunt\n|move|p2b: Incineroar|Parting Shot|p1b: Hatterene\n|move|p1b: Hatterene|Parting Shot|p2b: Incineroar|[from] ability: Magic Bounce\n|-unboost|p2b: Incineroar|atk|1\n|-unboost|p2b: Incineroar|spa|1\n|\n|t:|1776163193\n|switch|p1b: Oranguru|Oranguru, L50, F|100/100|[from] Parting Shot\n|cant|p1a: Farigiraf|move: Taunt|Trick Room\n|\n|upkeep\n|turn|2\n|\n|t:|1776163210\n|move|p2a: Gengar|Sludge Bomb|p1b: Oranguru\n|-damage|p1b: Oranguru|63/100\n|-status|p1b: Oranguru|psn\n|move|p2b: Incineroar|Flare Blitz|p1b: Oranguru\n|-damage|p1b: Oranguru|29/100 psn\n|-damage|p2b: Incineroar|90/100|[from] Recoil\n|move|p1a: Farigiraf|Shadow Ball|p2a: Gengar\n|-supereffective|p2a: Gengar|1\n|-damage|p2a: Gengar|19/100\n|-unboost|p2a: Gengar|spd|1\n|move|p1b: Oranguru|Knock Off|p2a: Gengar\n|-supereffective|p2a: Gengar|1\n|-damage|p2a: Gengar|0 fnt\n|faint|p2a: Gengar\n|\n|-heal|p1b: Oranguru|36/100 psn|[from] item: Leftovers\n|-damage|p1b: Oranguru|23/100 psn|[from] psn\n|upkeep\n|\n|t:|1776163229\n|switch|p2a: Ninetales|Ninetales-Alola, L50, F, shiny|100/100\n|-weather|Snowscape|[from] ability: Snow Warning|[of] p2a: Ninetales\n|turn|3\n|\n|t:|1776163241\n|switch|p2b: Aerodactyl|Aerodactyl, L50, F|100/100\n|-ability|p2b: Aerodactyl|Unnerve\n|move|p2a: Ninetales|Blizzard|p1a: Farigiraf|[spread] p1a,p1b\n|-damage|p1a: Farigiraf|69/100\n|-damage|p1b: Oranguru|5/100 psn\n|move|p1a: Farigiraf|Hyper Voice|p2b: Aerodactyl|[spread] p2a,p2b\n|-resisted|p2b: Aerodactyl|1\n|-damage|p2a: Ninetales|57/100\n|-damage|p2b: Aerodactyl|76/100\n|move|p1b: Oranguru|Trick Room|p1b: Oranguru\n|-fieldstart|move: Trick Room|[of] p1b: Oranguru\n|\n|-weather|Snowscape|[upkeep]\n|-heal|p1b: Oranguru|11/100 psn|[from] item: Leftovers\n|-damage|p1b: Oranguru|0 fnt|[from] psn\n|faint|p1b: Oranguru\n|-end|p1a: Farigiraf|move: Taunt\n|upkeep\n|\n|t:|1776163258\n|switch|p1b: Golurk|Golurk, L50|100/100\n|turn|4\n|inactive|Ngt64 has 30 seconds left.\n|\n|t:|1776163289\n|switch|p2b: Incineroar|Incineroar, L50, F, shiny|90/100\n|-ability|p2b: Incineroar|Intimidate|boost\n|-unboost|p1a: Farigiraf|atk|1\n|-unboost|p1b: Golurk|atk|1\n|detailschange|p1b: Golurk|Golurk-Mega, L50\n|-mega|p1b: Golurk|Golurk|Golurkite\n|-singleturn|p1b: Golurk|move: Focus Punch\n|move|p1a: Farigiraf|Hyper Voice|p2a: Ninetales|[spread] p2a,p2b\n|-damage|p2a: Ninetales|18/100\n|-damage|p2b: Incineroar|60/100\n|move|p2a: Ninetales|Blizzard|p1a: Farigiraf|[spread] p1a,p1b\n|-supereffective|p1b: Golurk|1\n|-damage|p1a: Farigiraf|37/100\n|-damage|p1b: Golurk|47/100\n|-enditem|p1a: Farigiraf|Sitrus Berry|[eat]\n|-heal|p1a: Farigiraf|61/100|[from] item: Sitrus Berry\n|cant|p1b: Golurk|Focus Punch|Focus Punch\n|\n|-weather|Snowscape|[upkeep]\n|upkeep\n|turn|5\n|inactive|Ngt64 has 30 seconds left.\n|inactive|Pid9ey has 30 seconds left.\n|\n|t:|1776163319\n|move|p2a: Ninetales|Protect|p2a: Ninetales\n|-singleturn|p2a: Ninetales|Protect\n|move|p1b: Golurk|Earthquake|p2a: Ninetales|[spread] p1a,p2b\n|-activate|p2a: Ninetales|move: Protect\n|-supereffective|p2b: Incineroar|1\n|-enditem|p2b: Incineroar|Shuca Berry|[eat]\n|-enditem|p2b: Incineroar|Shuca Berry|[weaken]\n|-damage|p1a: Farigiraf|27/100\n|-damage|p2b: Incineroar|36/100\n|move|p1a: Farigiraf|Hyper Voice|p2b: Incineroar|[spread] p2b\n|-activate|p2a: Ninetales|move: Protect\n|-damage|p2b: Incineroar|4/100\n|move|p2b: Incineroar|Parting Shot|p1b: Golurk\n|-unboost|p1b: Golurk|atk|1\n|-unboost|p1b: Golurk|spa|1\n|\n|t:|1776163333\n|switch|p2b: Aerodactyl|Aerodactyl, L50, F|76/100|[from] Parting Shot\n|-ability|p2b: Aerodactyl|Unnerve\n|\n|-weather|Snowscape|[upkeep]\n|upkeep\n|turn|6\n|\n|t:|1776163353\n|move|p1b: Golurk|Shadow Punch|p2b: Aerodactyl\n|-damage|p2b: Aerodactyl|44/100\n|move|p1a: Farigiraf|Hyper Voice|p2b: Aerodactyl|[spread] p2a,p2b\n|-crit|p2a: Ninetales\n|-resisted|p2b: Aerodactyl|1\n|-damage|p2a: Ninetales|0 fnt\n|-damage|p2b: Aerodactyl|18/100\n|faint|p2a: Ninetales\n|move|p2b: Aerodactyl|Rock Slide|p1b: Golurk|[spread] p1a,p1b\n|-resisted|p1b: Golurk|1\n|-damage|p1a: Farigiraf|0 fnt\n|-damage|p1b: Golurk|37/100\n|faint|p1a: Farigiraf\n|\n|-weather|Snowscape|[upkeep]\n|upkeep\n|\n|t:|1776163365\n|switch|p1a: Hatterene|Hatterene, L50, F|100/100\n|switch|p2a: Incineroar|Incineroar, L50, F, shiny|4/100\n|-ability|p2a: Incineroar|Intimidate|boost\n|-unboost|p1a: Hatterene|atk|1\n|-unboost|p1b: Golurk|atk|1\n|turn|7\n|\n|t:|1776163379\n|move|p2a: Incineroar|Fake Out|p1a: Hatterene\n|-damage|p1a: Hatterene|88/100\n|cant|p1a: Hatterene|flinch\n|move|p1b: Golurk|Shadow Punch|p2b: Aerodactyl\n|-damage|p2b: Aerodactyl|0 fnt\n|faint|p2b: Aerodactyl\n|\n|-weather|none\n|-fieldend|move: Trick Room\n|upkeep\n|turn|8\n|\n|t:|1776163390\n|move|p2a: Incineroar|Flare Blitz|p1b: Golurk\n|-damage|p1b: Golurk|0 fnt\n|faint|p1b: Golurk\n|-damage|p2a: Incineroar|0 fnt|[from] Recoil\n|faint|p2a: Incineroar\n|\n|win|Ngt64\n|raw|Ngt64's rating: 1000 &rarr; <strong>1044</strong><br />(+44 for winning)\n|raw|Pid9ey's rating: 1035 &rarr; <strong>1018</strong><br />(-17 for losing)\n|l|\u2606Pid9ey\n|player|p2|\n",
  "uploadtime": 1776163403,
  "views": 21,
  "formatid": "gen9championsvgc2026regma",
  "rating": 1018,
  "private": 0,
  "password": null
}