{
  "id": "gen9championsvgc2026regma-2583464828",
  "format": "[Gen 9 Champions] VGC 2026 Reg M-A",
  "players": [
    "haenseldaspeis",
    "Geargiano"
  ],
  "log": "|j|\u2606haenseldaspeis\n|j|\u2606Geargiano\n|t:|1776177369\n|gametype|doubles\n|player|p1|haenseldaspeis|266|1127\n|player|p2|Geargiano|169|1043\n|gen|9\n|tier|[Gen 9 Champions] VGC 2026 Reg M-A\n|rated|\n|rule|Species Clause: Limit one of each Pok\u00e9mon\n|rule|Item Clause: Limit 1 of each item\n|clearpoke\n|poke|p1|Floette-Eternal, L50, F|\n|poke|p1|Incineroar, L50, F|\n|poke|p1|Sinistcha, L50|\n|poke|p1|Sneasler, L50, F|\n|poke|p1|Clefable, L50, F|\n|poke|p1|Delphox, L50, M|\n|poke|p2|Pelipper, L50, M|\n|poke|p2|Politoed, L50, F|\n|poke|p2|Meganium, L50, F|\n|poke|p2|Dragonite, L50, F|\n|poke|p2|Basculegion, L50, M|\n|poke|p2|Aggron, L50, F|\n|teampreview|4\n|inactive|Battle timer is ON: inactive players will automatically lose when time's up. (requested by haenseldaspeis)\nhaenseldaspeis has agreed to open team sheets.\n|\n|t:|1776177399\n|teamsize|p1|4\n|teamsize|p2|4\n|start\n|switch|p1a: Floette|Floette-Eternal, L50, F|100/100\n|switch|p1b: Incineroar|Incineroar, L50, F|100/100\n|switch|p2a: Pelipper|Pelipper, L50, M|100/100\n|switch|p2b: Meganium|Meganium, L50, F|100/100\n|-weather|RainDance|[from] ability: Drizzle|[of] p2a: Pelipper\n|-ability|p1b: Incineroar|Intimidate|boost\n|-unboost|p2a: Pelipper|atk|1\n|-unboost|p2b: Meganium|atk|1\n|turn|1\n|inactive|Geargiano has 30 seconds left.\n|inactive|Geargiano has 20 seconds left.\n|inactive|Geargiano has 15 seconds left.\n|inactive|Geargiano has 10 seconds left.\n|inactive|Geargiano has 5 seconds left.\n|\n|t:|1776177451\n|detailschange|p1a: Floette|Floette-Mega, L50, F\n|-mega|p1a: Floette|Floette|Floettite\n|-ability|p1a: Floette|Fairy Aura\n|detailschange|p2b: Meganium|Meganium-Mega, L50, F\n|-mega|p2b: Meganium|Meganium|Meganiumite\n|move|p1b: Incineroar|Fake Out|p2a: Pelipper\n|-damage|p2a: Pelipper|90/100\n|move|p1a: Floette|Calm Mind|p1a: Floette\n|-boost|p1a: Floette|spa|1\n|-boost|p1a: Floette|spd|1\n|move|p2b: Meganium|Solar Beam||[still]\n|-prepare|p2b: Meganium|Solar Beam\n|-activate|p2b: Meganium|ability: Mega Sol\n|-anim|p2b: Meganium|Solar Beam|p1a: Floette\n|-damage|p1a: Floette|60/100\n|cant|p2a: Pelipper|flinch\n|\n|-weather|RainDance|[upkeep]\n|upkeep\n|turn|2\n|inactive|Geargiano has 30 seconds left.\n|inactive|Geargiano has 20 seconds left.\n|inactive|Geargiano has 15 seconds left.\n|inactive|Geargiano has 10 seconds left.\n|inactive|Geargiano has 5 seconds left.\n|\n|t:|1776177507\n|switch|p1b: Sinistcha|Sinistcha, L50|100/100\n|-heal|p1a: Floette|85/100|[from] ability: Hospitality|[of] p1b: Sinistcha\n|move|p1a: Floette|Protect|p1a: Floette\n|-singleturn|p1a: Floette|Protect\n|move|p2b: Meganium|Weather Ball|p1b: Sinistcha\n|-supereffective|p1b: Sinistcha|1\n|-damage|p1b: Sinistcha|0 fnt\n|faint|p1b: Sinistcha\n|move|p2a: Pelipper|Hurricane|p1a: Floette\n|-activate|p1a: Floette|move: Protect\n|\n|-weather|RainDance|[upkeep]\n|upkeep\n|\n|t:|1776177521\n|switch|p1b: Sneasler|Sneasler, L50, F|100/100\n|turn|3\n|inactive|Geargiano has 30 seconds left.\n|inactive|Geargiano has 20 seconds left.\n|inactive|Geargiano has 15 seconds left.\n|inactive|Geargiano has 10 seconds left.\n|\n|t:|1776177568\n|move|p2b: Meganium|Protect|p2b: Meganium\n|-singleturn|p2b: Meganium|Protect\n|move|p1b: Sneasler|Rock Slide|p2b: Meganium|[spread] p2a\n|-activate|p2b: Meganium|move: Protect\n|-supereffective|p2a: Pelipper|1\n|-damage|p2a: Pelipper|50/100\n|move|p1a: Floette|Dazzling Gleam|p2b: Meganium|[spread] p2a\n|-activate|p2b: Meganium|move: Protect\n|-damage|p2a: Pelipper|0 fnt\n|faint|p2a: Pelipper\n|\n|-weather|RainDance|[upkeep]\n|upkeep\n|inactive|Geargiano has 30 seconds left.\n|\n|t:|1776177594\n|switch|p2a: Basculegion|Basculegion, L50, M|100/100\n|turn|4\n|inactive|Geargiano has 30 seconds left.\n|inactive|Geargiano has 20 seconds left.\n|inactive|Geargiano has 15 seconds left.\n|inactive|Geargiano has 10 seconds left.\n|\n|t:|1776177641\n|switch|p1b: Incineroar|Incineroar, L50, F|100/100\n|-ability|p1b: Incineroar|Intimidate|boost\n|-unboost|p2a: Basculegion|atk|1\n|-unboost|p2b: Meganium|atk|1\n|switch|p2b: Aggron|Aggron, L50, F|100/100\n|move|p1a: Floette|Protect|p1a: Floette\n|-singleturn|p1a: Floette|Protect\n|move|p2a: Basculegion|Wave Crash|p1b: Incineroar\n|-supereffective|p1b: Incineroar|1\n|-damage|p1b: Incineroar|0 fnt\n|faint|p1b: Incineroar\n|-damage|p2a: Basculegion|66/100|[from] Recoil\n|\n|-weather|RainDance|[upkeep]\n|upkeep\n|\n|t:|1776177654\n|switch|p1b: Sneasler|Sneasler, L50, F|100/100\n|turn|5\n|c|\u2606Geargiano|feel the thunder\n|inactive|Geargiano has 30 seconds left.\n|inactive|Geargiano has 20 seconds left.\n|inactive|Geargiano has 15 seconds left.\n|\n|t:|1776177697\n|move|p2a: Basculegion|Wave Crash|p1b: Sneasler\n|-damage|p1b: Sneasler|0 fnt\n|faint|p1b: Sneasler\n|-damage|p2a: Basculegion|39/100|[from] Recoil\n|move|p1a: Floette|Dazzling Gleam|p2a: Basculegion|[spread] p2a,p2b\n|-resisted|p2b: Aggron|1\n|-damage|p2a: Basculegion|0 fnt\n|-damage|p2b: Aggron|55/100\n|faint|p2a: Basculegion\n|move|p2b: Aggron|Heavy Slam|p1a: Floette\n|-supereffective|p1a: Floette|1\n|-damage|p1a: Floette|13/100\n|\n|-weather|none\n|upkeep\n|inactive|Geargiano has 30 seconds left.\n|\n|t:|1776177725\n|switch|p2a: Meganium|Meganium-Mega, L50, F|100/100\n|turn|6\n|\n|t:|1776177741\n|move|p1a: Floette|Dazzling Gleam|p2b: Aggron|[spread] p2a,p2b\n|-resisted|p2b: Aggron|1\n|-damage|p2a: Meganium|36/100\n|-damage|p2b: Aggron|8/100\n|move|p2a: Meganium|Solar Beam||[still]\n|-prepare|p2a: Meganium|Solar Beam\n|-activate|p2a: Meganium|ability: Mega Sol\n|-anim|p2a: Meganium|Solar Beam|p1a: Floette\n|-damage|p1a: Floette|0 fnt\n|faint|p1a: Floette\n|\n|win|Geargiano\n|raw|haenseldaspeis's rating: 1127 &rarr; <strong>1096</strong><br />(-31 for losing)\n|raw|Geargiano's rating: 1043 &rarr; <strong>1085</strong><br />(+42 for winning)\n|l|\u2606haenseldaspeis\n|player|p1|\n",
  "uploadtime": 1776177792,
  "views": 30,
  "formatid": "gen9championsvgc2026regma",
  "rating": 1085,
  "private": 0,
  "password": null
}