{
  "id": "gen9championsvgc2026regma-2585999309",
  "format": "[Gen 9 Champions] VGC 2026 Reg M-A",
  "players": [
    "stuggle(ing) bug",
    "JonBazte"
  ],
  "log": "|j|\u2606stuggle(ing) bug\n|j|\u2606JonBazte\n|t:|1776388940\n|gametype|doubles\n|player|p1|stuggle(ing) bug|pokemaniac|\n|player|p2|JonBazte|rocketgrunt|\n|gen|9\n|tier|[Gen 9 Champions] VGC 2026 Reg M-A\n|rated|Tournament battle\n|rule|Species Clause: Limit one of each Pok\u00e9mon\n|rule|Item Clause: Limit 1 of each item\n|raw|<div class=\"infobox\"><details class=\"readmore\" open><summary><strong>1 custom rule:</strong></summary> Force Open Team Sheets</details></div>\n|clearpoke\n|poke|p1|Delphox, L50, F|\n|poke|p1|Garchomp, L50, F|\n|poke|p1|Sneasler, L50, M|\n|poke|p1|Sinistcha, L50|\n|poke|p1|Rotom-Wash, L50|\n|poke|p1|Meganium, L50, M|\n|poke|p2|Whimsicott, L50, M|\n|poke|p2|Garchomp, L50, F|\n|poke|p2|Charizard, L50, M|\n|poke|p2|Venusaur, L50, F|\n|poke|p2|Sneasler, L50, F|\n|poke|p2|Incineroar, L50, F|\n|teampreview|4\n|showteam|p1|Delphox||Delphoxite|Blaze|HeatWave,Psychic,Protect,NastyPlot|||F|||50|]Garchomp||ChoiceScarf|RoughSkin|Earthquake,DragonClaw,RockSlide,Bulldoze|||F|||50|]Sneasler||WhiteHerb|Unburden|CloseCombat,DireClaw,Protect,FakeOut|||M|||50|]Sinistcha||SitrusBerry|Hospitality|MatchaGotcha,RagePowder,TrickRoom,Imprison||||||50|]Rotom-Wash||Magnet|Levitate|HydroPump,VoltSwitch,Discharge,Electroweb||||||50|]Meganium||Meganiumite|Overgrow|SolarBeam,DazzlingGleam,WeatherBall,Protect|||M|||50|\n|showteam|p2|Whimsicott||BrightPowder|Prankster|SunnyDay,Tailwind,Moonblast,Protect|||M|||50|]Garchomp||ChoiceScarf|RoughSkin|Earthquake,DragonClaw,RockSlide,DragonTail|||F|||50|]Charizard||CharizarditeY|Blaze|SolarBeam,HeatWave,WeatherBall,Protect|||M|||50|]Venusaur||FocusSash|Chlorophyll|SleepPowder,LeafStorm,SludgeBomb,Protect|||F|||50|]Sneasler||WhiteHerb|Unburden|CloseCombat,DireClaw,FakeOut,Protect|||F|||50|]Incineroar||SitrusBerry|Intimidate|FakeOut,PartingShot,DarkestLariat,FlareBlitz|||F|||50|\n|inactive|Battle timer is ON: inactive players will automatically lose when time's up. (requested by stuggle(ing) bug)\nJonBazte has agreed to open team sheets.\n|c|\u2606stuggle(ing) bug|glhf\n|c|\u2606JonBazte|Likewise :)\n|inactive|stuggle(ing) bug has 60 seconds left.\n|inactive|JonBazte has 60 seconds left.\n|c|\u2606stuggle(ing) bug|:))))\n|inactive|JonBazte has 30 seconds left.\n|\n|t:|1776389011\n|teamsize|p1|4\n|teamsize|p2|4\n|start\n|switch|p1a: Delphox|Delphox, L50, F|100/100\n|switch|p1b: Garchomp|Garchomp, L50, F|100/100\n|switch|p2a: Garchomp|Garchomp, L50, F|100/100\n|switch|p2b: Whimsicott|Whimsicott, L50, M|100/100\n|turn|1\n|inactive|stuggle(ing) bug has 30 seconds left.\n|inactive|JonBazte has 30 seconds left.\n|inactive|stuggle(ing) bug has 20 seconds left.\n|inactive|stuggle(ing) bug has 15 seconds left.\n|inactive|stuggle(ing) bug has 10 seconds left.\n|\n|t:|1776389061\n|detailschange|p1a: Delphox|Delphox-Mega, L50, F\n|-mega|p1a: Delphox|Delphox|Delphoxite\n|move|p2b: Whimsicott|Tailwind|p2b: Whimsicott\n|-sidestart|p2: JonBazte|move: Tailwind\n|move|p2a: Garchomp|Rock Slide|p1b: Garchomp|[spread] p1a,p1b\n|-supereffective|p1a: Delphox|1\n|-resisted|p1b: Garchomp|1\n|-damage|p1a: Delphox|40/100\n|-damage|p1b: Garchomp|91/100\n|move|p1b: Garchomp|Bulldoze|p2a: Garchomp|[spread] p2a,p2b\n|-immune|p1a: Delphox|[from] ability: Levitate\n|-resisted|p2b: Whimsicott|1\n|-damage|p2a: Garchomp|78/100\n|-damage|p2b: Whimsicott|87/100\n|-unboost|p2a: Garchomp|spe|1\n|-unboost|p2b: Whimsicott|spe|1\n|move|p1a: Delphox|Psychic|p2a: Garchomp\n|-damage|p2a: Garchomp|17/100\n|\n|upkeep\n|turn|2\n|\n|t:|1776389081\n|move|p1a: Delphox|Protect|p1a: Delphox\n|-singleturn|p1a: Delphox|Protect\n|move|p2a: Garchomp|Rock Slide|p1b: Garchomp|[spread] p1b\n|-activate|p1a: Delphox|move: Protect\n|-resisted|p1b: Garchomp|1\n|-damage|p1b: Garchomp|79/100\n|move|p1b: Garchomp|Bulldoze|p2a: Garchomp|[spread] p2a,p2b\n|-activate|p1a: Delphox|move: Protect\n|-resisted|p2b: Whimsicott|1\n|-damage|p2a: Garchomp|0 fnt\n|-damage|p2b: Whimsicott|73/100\n|-unboost|p2b: Whimsicott|spe|1\n|faint|p2a: Garchomp\n|move|p2b: Whimsicott|Moonblast|p1b: Garchomp\n|-supereffective|p1b: Garchomp|1\n|-damage|p1b: Garchomp|17/100\n|\n|upkeep\n|inactive|JonBazte has 30 seconds left.\n|\n|t:|1776389111\n|switch|p2a: Charizard|Charizard, L50, M, shiny|100/100\n|turn|3\n|inactive|stuggle(ing) bug has 30 seconds left.\n|inactive|JonBazte has 30 seconds left.\n|\n|t:|1776389148\n|switch|p1b: Sneasler|Sneasler, L50, M|100/100\n|detailschange|p2a: Charizard|Charizard-Mega-Y, L50, M, shiny\n|-mega|p2a: Charizard|Charizard|Charizardite Y\n|-weather|SunnyDay|[from] ability: Drought|[of] p2a: Charizard\n|move|p2b: Whimsicott|Protect|p2b: Whimsicott\n|-singleturn|p2b: Whimsicott|Protect\n|move|p2a: Charizard|Heat Wave|p1a: Delphox|[spread] p1a,p1b\n|-resisted|p1a: Delphox|1\n|-damage|p1a: Delphox|6/100\n|-damage|p1b: Sneasler|1/100\n|move|p1a: Delphox|Heat Wave|p2b: Whimsicott|[spread] p2a\n|-activate|p2b: Whimsicott|move: Protect\n|-resisted|p2a: Charizard|1\n|-damage|p2a: Charizard|68/100\n|\n|-weather|SunnyDay|[upkeep]\n|upkeep\n|turn|4\n|inactive|JonBazte has 30 seconds left.\n|\n|t:|1776389177\n|move|p2a: Charizard|Protect|p2a: Charizard\n|-singleturn|p2a: Charizard|Protect\n|move|p1b: Sneasler|Fake Out|p2a: Charizard\n|-activate|p2a: Charizard|move: Protect\n|move|p1a: Delphox|Heat Wave|p2b: Whimsicott|[spread] p2b\n|-activate|p2a: Charizard|move: Protect\n|-supereffective|p2b: Whimsicott|1\n|-damage|p2b: Whimsicott|0 fnt\n|faint|p2b: Whimsicott\n|\n|-weather|SunnyDay|[upkeep]\n|-sideend|p2: JonBazte|move: Tailwind\n|upkeep\n|\n|t:|1776389184\n|switch|p2b: Venusaur|Venusaur, L50, F, shiny|100/100\n|turn|5\n|inactive|JonBazte has 30 seconds left.\n|\n|t:|1776389214\n|move|p1a: Delphox|Protect|p1a: Delphox\n|-singleturn|p1a: Delphox|Protect\n|move|p2b: Venusaur|Sludge Bomb|p1a: Delphox\n|-activate|p1a: Delphox|move: Protect\n|move|p1b: Sneasler|Close Combat|p2b: Venusaur\n|-resisted|p2b: Venusaur|1\n|-damage|p2b: Venusaur|62/100\n|-unboost|p1b: Sneasler|def|1\n|-unboost|p1b: Sneasler|spd|1\n|-enditem|p1b: Sneasler|White Herb\n|-clearnegativeboost|p1b: Sneasler|[silent]\n|move|p2a: Charizard|Weather Ball|p1b: Sneasler\n|-damage|p1b: Sneasler|0 fnt\n|faint|p1b: Sneasler\n|\n|-weather|SunnyDay|[upkeep]\n|upkeep\n|\n|t:|1776389227\n|switch|p1b: Rotom|Rotom-Wash, L50|100/100\n|turn|6\n|inactive|stuggle(ing) bug has 30 seconds left.\n|\n|t:|1776389253\n|move|p2a: Charizard|Protect|p2a: Charizard\n|-singleturn|p2a: Charizard|Protect\n|move|p2b: Venusaur|Sleep Powder|p1a: Delphox\n|-status|p1a: Delphox|slp|[from] move: Sleep Powder\n|cant|p1a: Delphox|slp\n|move|p1b: Rotom|Electroweb|p2b: Venusaur|[spread] p2b\n|-activate|p2a: Charizard|move: Protect\n|-resisted|p2b: Venusaur|1\n|-damage|p2b: Venusaur|51/100\n|-unboost|p2b: Venusaur|spe|1\n|\n|-weather|SunnyDay|[upkeep]\n|upkeep\n|turn|7\n|\n|t:|1776389277\n|-curestatus|p1a: Delphox|slp|[msg]\n|move|p1a: Delphox|Psychic|p2b: Venusaur\n|-supereffective|p2b: Venusaur|1\n|-damage|p2b: Venusaur|0 fnt\n|faint|p2b: Venusaur\n|move|p2a: Charizard|Solar Beam||[still]\n|-prepare|p2a: Charizard|Solar Beam\n|-anim|p2a: Charizard|Solar Beam|p1b: Rotom\n|-supereffective|p1b: Rotom|1\n|-damage|p1b: Rotom|0 fnt\n|faint|p1b: Rotom\n|\n|-weather|none\n|upkeep\n|c|\u2606stuggle(ing) bug|rip\n|c|\u2606stuggle(ing) bug|unfort\n|\n|t:|1776389288\n|switch|p1b: Garchomp|Garchomp, L50, F|17/100\n|turn|8\n|c|\u2606JonBazte|Gg\n|j| hibikiqu\n|\n|t:|1776389297\n|move|p1b: Garchomp|Dragon Claw|p2a: Charizard\n|-damage|p2a: Charizard|10/100\n|move|p1a: Delphox|Psychic|p2a: Charizard\n|-damage|p2a: Charizard|0 fnt\n|faint|p2a: Charizard\n|\n|win|stuggle(ing) bug\n|n|\u2606stuggle(ing) bug|stuggleingbug\n|n|\u2606JonBazte|jonbazte\n|n| hibikiqu|hibikiqu\n|c|\u2606stuggle(ing) bug|gg\n|l| hibikiqu\n",
  "uploadtime": 1776389309,
  "views": 15,
  "formatid": "gen9championsvgc2026regma",
  "rating": null,
  "private": 0,
  "password": null
}