{
  "id": "gen9championsvgc2026regma-2588110802",
  "format": "[Gen 9 Champions] VGC 2026 Reg M-A",
  "players": [
    "IHaruYouu",
    "slothgameplay"
  ],
  "log": "|j|\u2606IHaruYouu\n|j|\u2606slothgameplay\n|t:|1776605442\n|gametype|doubles\n|player|p1|IHaruYouu|cynthia-gen4|1062\n|player|p2|slothgameplay|169|1126\n|gen|9\n|tier|[Gen 9 Champions] VGC 2026 Reg M-A\n|rated|\n|rule|Species Clause: Limit one of each Pok\u00e9mon\n|rule|Item Clause: Limit 1 of each item\n|clearpoke\n|poke|p1|Aerodactyl, L50, M|\n|poke|p1|Floette-Eternal, L50, F|\n|poke|p1|Clefable, L50, F|\n|poke|p1|Arcanine, L50, F|\n|poke|p1|Garchomp, L50, M|\n|poke|p1|Rotom-Wash, L50|\n|poke|p2|Gengar, L50, F, shiny|\n|poke|p2|Incineroar, L50, F|\n|poke|p2|Sinistcha-Masterpiece, L50|\n|poke|p2|Aegislash, L50, F|\n|poke|p2|Tyranitar, L50, F|\n|poke|p2|Kommo-o, L50, M|\n|teampreview|4\n|inactive|Battle timer is ON: inactive players will automatically lose when time's up. (requested by IHaruYouu)\n|inactive|slothgameplay has 60 seconds left.\n|\n|t:|1776605473\n|teamsize|p1|4\n|teamsize|p2|4\n|start\n|switch|p1a: Aerodactyl|Aerodactyl, L50, M|100/100\n|switch|p1b: Garchomp|Garchomp, L50, M|100/100\n|switch|p2a: Sinistcha|Sinistcha-Masterpiece, L50|100/100\n|switch|p2b: Aegislash|Aegislash, L50, F|100/100\n|-ability|p1a: Aerodactyl|Unnerve\n|turn|1\n|\n|t:|1776605489\n|move|p2b: Aegislash|Wide Guard|p2b: Aegislash\n|-singleturn|p2b: Aegislash|Wide Guard\n|move|p1a: Aerodactyl|Tailwind|p1a: Aerodactyl\n|-sidestart|p1: IHaruYouu|move: Tailwind\n|move|p1b: Garchomp|Swords Dance|p1b: Garchomp\n|-boost|p1b: Garchomp|atk|2\n|move|p2a: Sinistcha|Trick Room|p2a: Sinistcha\n|-fieldstart|move: Trick Room|[of] p2a: Sinistcha\n|\n|upkeep\n|turn|2\n|\n|t:|1776605507\n|move|p2b: Aegislash|King's Shield||[still]\n|-fail|p2b: Aegislash\n|move|p1b: Garchomp|Protect|p1b: Garchomp\n|-singleturn|p1b: Garchomp|Protect\n|move|p2a: Sinistcha|Matcha Gotcha|p1b: Garchomp|[spread] \n|-activate|p1b: Garchomp|move: Protect\n|-miss|p2a: Sinistcha|p1a: Aerodactyl\n|move|p1a: Aerodactyl|Dual Wingbeat|p2a: Sinistcha|[miss]\n|-miss|p1a: Aerodactyl|p2a: Sinistcha\n|\n|upkeep\n|turn|3\n|c|\u2606slothgameplay|wtf\n|inactive|IHaruYouu has 30 seconds left.\n|c|\u2606IHaruYouu|i hate this game\n|c|\u2606IHaruYouu|lmao\n|c|\u2606slothgameplay|haha\n|inactive|IHaruYouu has 20 seconds left.\n|c|\u2606slothgameplay|was funny\n|\n|t:|1776605545\n|switch|p2b: Incineroar|Incineroar, L50, F|100/100\n|-ability|p2b: Incineroar|Intimidate|boost\n|-unboost|p1a: Aerodactyl|atk|1\n|-unboost|p1b: Garchomp|atk|1\n|switch|p1b: Arcanine|Arcanine, L50, F|100/100\n|-ability|p1b: Arcanine|Intimidate|boost\n|-unboost|p2a: Sinistcha|atk|1\n|-unboost|p2b: Incineroar|atk|1\n|move|p1a: Aerodactyl|Protect|p1a: Aerodactyl\n|-singleturn|p1a: Aerodactyl|Protect\n|move|p2a: Sinistcha|Matcha Gotcha|p1b: Arcanine|[spread] p1b\n|-activate|p1a: Aerodactyl|move: Protect\n|-resisted|p1b: Arcanine|1\n|-damage|p1b: Arcanine|86/100\n|\n|upkeep\n|turn|4\n|inactive|slothgameplay has 30 seconds left.\n|\n|t:|1776605579\n|switch|p2a: Aegislash|Aegislash, L50, F|100/100\n|switch|p1a: Rotom|Rotom-Wash, L50|100/100\n|move|p2b: Incineroar|Fake Out|p1b: Arcanine\n|-crit|p1b: Arcanine\n|-damage|p1b: Arcanine|63/100\n|cant|p1b: Arcanine|flinch\n|\n|-sideend|p1: IHaruYouu|move: Tailwind\n|upkeep\n|turn|5\n|\n|t:|1776605604\n|move|p2a: Aegislash|King's Shield|p2a: Aegislash\n|-singleturn|p2a: Aegislash|Protect\n|move|p2b: Incineroar|Parting Shot|p1a: Rotom\n|-unboost|p1a: Rotom|atk|1\n|-unboost|p1a: Rotom|spa|1\n|\n|t:|1776605614\n|switch|p2b: Jigokudo|Gengar, L50, F, shiny|100/100|[from] Parting Shot\n|move|p1a: Rotom|Will-O-Wisp|p2a: Aegislash\n|-status|p2a: Aegislash|brn\n|move|p1b: Arcanine|Roar|p2b: Jigokudo\n|drag|p2b: Incineroar|Incineroar, L50, F|100/100\n|-ability|p2b: Incineroar|Intimidate|boost\n|-unboost|p1a: Rotom|atk|1\n|-unboost|p1b: Arcanine|atk|1\n|\n|-damage|p2a: Aegislash|95/100 brn|[from] brn\n|-fieldend|move: Trick Room\n|upkeep\n|turn|6\n|\n|t:|1776605637\n|move|p1b: Arcanine|Protect|p1b: Arcanine\n|-singleturn|p1b: Arcanine|Protect\n|move|p2b: Incineroar|Fake Out|p1b: Arcanine\n|-activate|p1b: Arcanine|move: Protect\n|move|p1a: Rotom|Hydro Pump|p2b: Incineroar\n|-supereffective|p2b: Incineroar|1\n|-damage|p2b: Incineroar|64/100\n|-formechange|p2a: Aegislash|Aegislash-Blade|\n|move|p2a: Aegislash|Shadow Ball|p1b: Arcanine\n|-activate|p1b: Arcanine|move: Protect\n|\n|-damage|p2a: Aegislash|89/100 brn|[from] brn\n|upkeep\n|turn|7\n|\n|t:|1776605658\n|move|p1b: Arcanine|Protect||[still]\n|-fail|p1b: Arcanine\n|move|p2b: Incineroar|Protect|p2b: Incineroar\n|-singleturn|p2b: Incineroar|Protect\n|-formechange|p2a: Aegislash|Aegislash|\n|move|p2a: Aegislash|King's Shield|p2a: Aegislash\n|-singleturn|p2a: Aegislash|Protect\n|move|p1a: Rotom|Discharge|p2b: Incineroar|[spread] p1b\n|-activate|p2a: Aegislash|move: Protect\n|-activate|p2b: Incineroar|move: Protect\n|-damage|p1b: Arcanine|44/100\n|-status|p1b: Arcanine|par\n|-enditem|p1b: Arcanine|Sitrus Berry|[eat]\n|-heal|p1b: Arcanine|68/100 par|[from] item: Sitrus Berry\n|\n|-damage|p2a: Aegislash|83/100 brn|[from] brn\n|upkeep\n|turn|8\n|c|\u2606IHaruYouu|...\n|inactive|IHaruYouu has 30 seconds left.\n|inactive|slothgameplay has 30 seconds left.\n|\n|t:|1776605686\n|switch|p2b: Sinistcha|Sinistcha-Masterpiece, L50|100/100\n|-heal|p2a: Aegislash|100/100 brn|[from] ability: Hospitality|[of] p2b: Sinistcha\n|move|p1a: Rotom|Hydro Pump|p2b: Sinistcha\n|-resisted|p2b: Sinistcha|1\n|-damage|p2b: Sinistcha|87/100\n|move|p1b: Arcanine|Flare Blitz|p2a: Aegislash\n|-supereffective|p2a: Aegislash|1\n|-damage|p2a: Aegislash|39/100 brn\n|-damage|p1b: Arcanine|48/100 par|[from] Recoil\n|-formechange|p2a: Aegislash|Aegislash-Blade|\n|move|p2a: Aegislash|Shadow Ball|p1b: Arcanine\n|-damage|p1b: Arcanine|4/100 par\n|\n|-damage|p2a: Aegislash|33/100 brn|[from] brn\n|upkeep\n|turn|9\n|\n|t:|1776605708\n|cant|p1b: Arcanine|par\n|-formechange|p2a: Aegislash|Aegislash|\n|move|p2a: Aegislash|King's Shield|p2a: Aegislash\n|-singleturn|p2a: Aegislash|Protect\n|move|p1a: Rotom|Will-O-Wisp|p2b: Sinistcha\n|-status|p2b: Sinistcha|brn\n|move|p2b: Sinistcha|Trick Room|p2b: Sinistcha\n|-fieldstart|move: Trick Room|[of] p2b: Sinistcha\n|\n|-damage|p2a: Aegislash|27/100 brn|[from] brn\n|-damage|p2b: Sinistcha|81/100 brn|[from] brn\n|upkeep\n|turn|10\n|\n|t:|1776605729\n|move|p1b: Arcanine|Protect|p1b: Arcanine\n|-singleturn|p1b: Arcanine|Protect\n|-formechange|p2a: Aegislash|Aegislash-Blade|\n|move|p2a: Aegislash|Shadow Ball|p1a: Rotom\n|-damage|p1a: Rotom|62/100\n|move|p2b: Sinistcha|Matcha Gotcha|p1b: Arcanine|[spread] p1a\n|-activate|p1b: Arcanine|move: Protect\n|-supereffective|p1a: Rotom|1\n|-damage|p1a: Rotom|11/100\n|-heal|p2b: Sinistcha|100/100 brn|[from] drain|[of] p1a: Rotom\n|-status|p1a: Rotom|brn\n|move|p1a: Rotom|Hydro Pump|p2a: Aegislash\n|-damage|p2a: Aegislash|0 fnt\n|faint|p2a: Aegislash\n|\n|-damage|p2b: Sinistcha|94/100 brn|[from] brn\n|-damage|p1a: Rotom|5/100 brn|[from] brn\n|upkeep\n|\n|t:|1776605747\n|switch|p2a: Incineroar|Incineroar, L50, F|64/100\n|-ability|p2a: Incineroar|Intimidate|boost\n|-unboost|p1a: Rotom|atk|1\n|-unboost|p1b: Arcanine|atk|1\n|turn|11\n|\n|t:|1776605769\n|move|p1a: Rotom|Protect|p1a: Rotom\n|-singleturn|p1a: Rotom|Protect\n|move|p2a: Incineroar|Fake Out|p1b: Arcanine\n|-damage|p1b: Arcanine|0 fnt\n|faint|p1b: Arcanine\n|move|p2b: Sinistcha|Life Dew|p2b: Sinistcha|[spread] p2a,p2b\n|-heal|p2a: Incineroar|89/100\n|-heal|p2b: Sinistcha|100/100 brn\n|\n|-damage|p2b: Sinistcha|94/100 brn|[from] brn\n|-damage|p1a: Rotom|0 fnt|[from] brn\n|faint|p1a: Rotom\n|upkeep\n|\n|t:|1776605781\n|switch|p1a: Aerodactyl|Aerodactyl, L50, M|100/100\n|switch|p1b: Garchomp|Garchomp, L50, M|100/100\n|-ability|p1a: Aerodactyl|Unnerve\n|turn|12\n|\n|t:|1776605796\n|move|p1a: Aerodactyl|Protect|p1a: Aerodactyl\n|-singleturn|p1a: Aerodactyl|Protect\n|move|p2a: Incineroar|Parting Shot|p1b: Garchomp\n|-unboost|p1b: Garchomp|atk|1\n|-unboost|p1b: Garchomp|spa|1\n|\n|t:|1776605802\n|switch|p2a: Jigokudo|Gengar, L50, F, shiny|100/100|[from] Parting Shot\n|move|p2b: Sinistcha|Matcha Gotcha|p1b: Garchomp|[spread] p1b\n|-activate|p1a: Aerodactyl|move: Protect\n|-damage|p1b: Garchomp|74/100\n|-heal|p2b: Sinistcha|100/100 brn|[from] drain|[of] p1b: Garchomp\n|move|p1b: Garchomp|Swords Dance|p1b: Garchomp\n|-boost|p1b: Garchomp|atk|2\n|\n|-damage|p2b: Sinistcha|94/100 brn|[from] brn\n|upkeep\n|turn|13\n|inactive|slothgameplay has 30 seconds left.\n|\n|t:|1776605837\n|move|p1b: Garchomp|Protect|p1b: Garchomp\n|-singleturn|p1b: Garchomp|Protect\n|move|p2b: Sinistcha|Matcha Gotcha|p1b: Garchomp|[spread] p1a\n|-activate|p1b: Garchomp|move: Protect\n|-damage|p1a: Aerodactyl|63/100\n|-heal|p2b: Sinistcha|100/100 brn|[from] drain|[of] p1a: Aerodactyl\n|move|p2a: Jigokudo|Icy Wind|p1a: Aerodactyl|[spread] p1a\n|-activate|p1b: Garchomp|move: Protect\n|-supereffective|p1a: Aerodactyl|1\n|-damage|p1a: Aerodactyl|28/100\n|-unboost|p1a: Aerodactyl|spe|1\n|move|p1a: Aerodactyl|Tailwind|p1a: Aerodactyl\n|-sidestart|p1: IHaruYouu|move: Tailwind\n|\n|-damage|p2b: Sinistcha|94/100 brn|[from] brn\n|-fieldend|move: Trick Room\n|upkeep\n|turn|14\n|\n|t:|1776605858\n|detailschange|p1b: Garchomp|Garchomp-Mega, L50, M\n|-mega|p1b: Garchomp|Garchomp|Garchompite\n|detailschange|p2a: Jigokudo|Gengar-Mega, L50, F, shiny\n|-mega|p2a: Jigokudo|Gengar|Gengarite\n|move|p2a: Jigokudo|Protect|p2a: Jigokudo\n|-singleturn|p2a: Jigokudo|Protect\n|move|p1b: Garchomp|Earthquake|p2b: Sinistcha|[spread] p2b\n|-activate|p2a: Jigokudo|move: Protect\n|-immune|p1a: Aerodactyl\n|-resisted|p2b: Sinistcha|1\n|-damage|p2b: Sinistcha|64/100 brn\n|move|p1a: Aerodactyl|Dual Wingbeat|p2b: Sinistcha\n|-supereffective|p2b: Sinistcha|1\n|-damage|p2b: Sinistcha|29/100 brn\n|-supereffective|p2b: Sinistcha|1\n|-damage|p2b: Sinistcha|0 fnt\n|faint|p2b: Sinistcha\n|-hitcount|p2: Sinistcha|2\n|\n|upkeep\n|\n|t:|1776605874\n|switch|p2b: Incineroar|Incineroar, L50, F|89/100\n|-ability|p2b: Incineroar|Intimidate|boost\n|-unboost|p1a: Aerodactyl|atk|1\n|-unboost|p1b: Garchomp|atk|1\n|turn|15\n|\n|t:|1776605887\n|move|p1b: Garchomp|Protect|p1b: Garchomp\n|-singleturn|p1b: Garchomp|Protect\n|move|p2b: Incineroar|Fake Out|p1a: Aerodactyl\n|-resisted|p1a: Aerodactyl|1\n|-damage|p1a: Aerodactyl|20/100\n|cant|p1a: Aerodactyl|flinch\n|move|p2a: Jigokudo|Icy Wind|p1b: Garchomp|[spread] p1a\n|-activate|p1b: Garchomp|move: Protect\n|-supereffective|p1a: Aerodactyl|1\n|-damage|p1a: Aerodactyl|0 fnt\n|faint|p1a: Aerodactyl\n|\n|upkeep\n|turn|16\n|\n|t:|1776605906\n|move|p1b: Garchomp|Earthquake|p2b: Incineroar|[spread] p2a,p2b\n|-supereffective|p2a: Jigokudo|1\n|-supereffective|p2b: Incineroar|1\n|-damage|p2a: Jigokudo|0 fnt\n|-damage|p2b: Incineroar|0 fnt\n|faint|p2a: Jigokudo\n|faint|p2b: Incineroar\n|\n|win|IHaruYouu\n|raw|IHaruYouu's rating: 1062 &rarr; <strong>1098</strong><br />(+36 for winning)\n|raw|slothgameplay's rating: 1126 &rarr; <strong>1096</strong><br />(-30 for losing)\n",
  "uploadtime": 1776605907,
  "views": 6,
  "formatid": "gen9championsvgc2026regma",
  "rating": 1096,
  "private": 0,
  "password": null
}