{
  "id": "gen9championsvgc2026regma-2587525075",
  "format": "[Gen 9 Champions] VGC 2026 Reg M-A",
  "players": [
    "Ready1",
    "LumiRev"
  ],
  "log": "|j|\u2606Ready1\n|j|\u2606LumiRev\n|t:|1776539267\n|gametype|doubles\n|player|p1|Ready1|riley|1230\n|player|p2|LumiRev|266|1237\n|gen|9\n|tier|[Gen 9 Champions] VGC 2026 Reg M-A\n|rated|\n|rule|Species Clause: Limit one of each Pok\u00e9mon\n|rule|Item Clause: Limit 1 of each item\n|clearpoke\n|poke|p1|Aerodactyl, L50, F, shiny|\n|poke|p1|Sneasler, L50, F, shiny|\n|poke|p1|Aegislash, L50, M, shiny|\n|poke|p1|Kangaskhan, L50, F, shiny|\n|poke|p1|Gardevoir, L50, F, shiny|\n|poke|p1|Kommo-o, L50, F, shiny|\n|poke|p2|Glimmora, L50, M, shiny|\n|poke|p2|Gardevoir, L50, M|\n|poke|p2|Incineroar, L50, F|\n|poke|p2|Rotom-Wash, L50|\n|poke|p2|Corviknight, L50, F|\n|poke|p2|Hydreigon, L50, M|\n|teampreview|4\n|inactive|Battle timer is ON: inactive players will automatically lose when time's up. (requested by Ready1)\n|inactive|Ready1 has 60 seconds left.\n|inactive|LumiRev has 60 seconds left.\n|inactive|Ready1 has 30 seconds left.\n|\n|t:|1776539334\n|teamsize|p1|4\n|teamsize|p2|4\n|start\n|switch|p1a: Kangaskhan|Kangaskhan, L50, F, shiny|100/100\n|switch|p1b: Kommo-o|Kommo-o, L50, F, shiny|100/100\n|switch|p2a: Corviknight|Corviknight, L50, F|100/100\n|switch|p2b: Glimmora|Glimmora, L50, M, shiny|100/100\n|turn|1\n|inactive|LumiRev has 30 seconds left.\n|\n|t:|1776539361\n|move|p1a: Kangaskhan|Fake Out|p2a: Corviknight\n|-resisted|p2a: Corviknight|1\n|-damage|p2a: Corviknight|94/100\n|move|p2b: Glimmora|Sludge Bomb|p1a: Kangaskhan\n|-damage|p1a: Kangaskhan|49/100\n|move|p1b: Kommo-o|Clangorous Soul|p1b: Kommo-o\n|-boost|p1b: Kommo-o|atk|1\n|-boost|p1b: Kommo-o|def|1\n|-boost|p1b: Kommo-o|spa|1\n|-boost|p1b: Kommo-o|spd|1\n|-boost|p1b: Kommo-o|spe|1\n|-damage|p1b: Kommo-o|68/100\n|cant|p2a: Corviknight|flinch\n|\n|-heal|p2a: Corviknight|99/100|[from] item: Leftovers\n|upkeep\n|turn|2\n|inactive|Ready1 has 30 seconds left.\n|inactive|Ready1 has 20 seconds left.\n|inactive|Ready1 has 15 seconds left.\n|inactive|Ready1 has 10 seconds left.\n|\n|t:|1776539408\n|detailschange|p1a: Kangaskhan|Kangaskhan-Mega, L50, F, shiny\n|-mega|p1a: Kangaskhan|Kangaskhan|Kangaskhanite\n|move|p2b: Glimmora|Spiky Shield|p2b: Glimmora\n|-singleturn|p2b: Glimmora|move: Protect\n|move|p1b: Kommo-o|Aura Sphere|p2a: Corviknight\n|-damage|p2a: Corviknight|56/100\n|move|p1a: Kangaskhan|Double-Edge|p2a: Corviknight\n|-resisted|p2a: Corviknight|1\n|-damage|p2a: Corviknight|35/100\n|-resisted|p2a: Corviknight|1\n|-damage|p2a: Corviknight|29/100\n|-hitcount|p2a: Corviknight|2\n|-damage|p1a: Kangaskhan|39/100|[from] Recoil\n|move|p2a: Corviknight|Tailwind|p2a: Corviknight\n|-sidestart|p2: LumiRev|move: Tailwind\n|\n|-heal|p2a: Corviknight|35/100|[from] item: Leftovers\n|upkeep\n|turn|3\n|inactive|LumiRev has 30 seconds left.\n|inactive|Ready1 has 30 seconds left.\n|inactive|LumiRev has 20 seconds left.\n|\n|t:|1776539446\n|switch|p2a: Incineroar|Incineroar, L50, F|100/100\n|-ability|p2a: Incineroar|Intimidate|boost\n|-unboost|p1a: Kangaskhan|atk|1\n|-unboost|p1b: Kommo-o|atk|1\n|detailschange|p2b: Glimmora|Glimmora-Mega, L50, M, shiny\n|-mega|p2b: Glimmora|Glimmora|Glimmoranite\n|move|p1b: Kommo-o|Protect|p1b: Kommo-o\n|-singleturn|p1b: Kommo-o|Protect\n|move|p2b: Glimmora|Sludge Bomb|p1b: Kommo-o\n|-activate|p1b: Kommo-o|move: Protect\n|move|p1a: Kangaskhan|Drain Punch|p2b: Glimmora\n|-damage|p2b: Glimmora|80/100\n|-heal|p1a: Kangaskhan|48/100|[from] drain|[of] p2b: Glimmora\n|-damage|p2b: Glimmora|75/100\n|-heal|p1a: Kangaskhan|50/100|[from] drain|[of] p2b: Glimmora\n|-hitcount|p2b: Glimmora|2\n|\n|upkeep\n|turn|4\n|inactive|Ready1 has 30 seconds left.\n|inactive|Ready1 has 20 seconds left.\n|inactive|LumiRev has 30 seconds left.\n|\n|t:|1776539490\n|move|p2a: Incineroar|Fake Out|p1a: Kangaskhan\n|-damage|p1a: Kangaskhan|41/100\n|cant|p1a: Kangaskhan|flinch\n|move|p2b: Glimmora|Sludge Bomb|p1b: Kommo-o\n|-immune|p1b: Kommo-o|[from] ability: Bulletproof\n|move|p1b: Kommo-o|Clanging Scales|p2b: Glimmora|[spread] p2a,p2b\n|-damage|p2a: Incineroar|47/100\n|-damage|p2b: Glimmora|10/100\n|-enditem|p2a: Incineroar|Sitrus Berry|[eat]\n|-heal|p2a: Incineroar|72/100|[from] item: Sitrus Berry\n|-unboost|p1b: Kommo-o|def|1\n|\n|upkeep\n|turn|5\n|c|\u2606LumiRev|WHO RUNS BULLETPROOF\n|\n|t:|1776539512\n|switch|p2b: Hydreigon|Hydreigon, L50, M|100/100\n|move|p1a: Kangaskhan|Sucker Punch||[still]\n|-fail|p1a: Kangaskhan\n|move|p1b: Kommo-o|Aura Sphere|p2a: Incineroar\n|-supereffective|p2a: Incineroar|1\n|-damage|p2a: Incineroar|0 fnt\n|faint|p2a: Incineroar\n|\n|-sideend|p2: LumiRev|move: Tailwind\n|upkeep\n|\n|t:|1776539522\n|switch|p2a: Corviknight|Corviknight, L50, F|35/100\n|turn|6\n|\n|t:|1776539532\n|move|p1b: Kommo-o|Aura Sphere|p2b: Hydreigon\n|-supereffective|p2b: Hydreigon|1\n|-enditem|p2b: Hydreigon|Focus Sash\n|-damage|p2b: Hydreigon|1/100\n|move|p2b: Hydreigon|Draco Meteor|p1b: Kommo-o\n|-supereffective|p1b: Kommo-o|1\n|-damage|p1b: Kommo-o|0 fnt\n|-unboost|p2b: Hydreigon|spa|2\n|faint|p1b: Kommo-o\n|move|p1a: Kangaskhan|Double-Edge|p2a: Corviknight\n|-resisted|p2a: Corviknight|1\n|-damage|p2a: Corviknight|19/100\n|-resisted|p2a: Corviknight|1\n|-damage|p2a: Corviknight|16/100\n|-hitcount|p2a: Corviknight|2\n|-damage|p1a: Kangaskhan|33/100|[from] Recoil\n|move|p2a: Corviknight|Tailwind|p2a: Corviknight\n|-sidestart|p2: LumiRev|move: Tailwind\n|\n|-heal|p2a: Corviknight|21/100|[from] item: Leftovers\n|upkeep\n|\n|t:|1776539553\n|switch|p1b: Sneasler|Sneasler, L50, F, shiny|100/100\n|turn|7\n|\n|t:|1776539563\n|switch|p2b: Glimmora|Glimmora-Mega, L50, M, shiny|10/100\n|move|p1b: Sneasler|Fake Out|p2a: Corviknight\n|-resisted|p2a: Corviknight|1\n|-damage|p2a: Corviknight|17/100\n|move|p1a: Kangaskhan|Sucker Punch||[still]\n|-fail|p1a: Kangaskhan\n|cant|p2a: Corviknight|flinch\n|\n|-heal|p2a: Corviknight|22/100|[from] item: Leftovers\n|upkeep\n|turn|8\n|\n|t:|1776539583\n|move|p2b: Glimmora|Spiky Shield|p2b: Glimmora\n|-singleturn|p2b: Glimmora|move: Protect\n|move|p1b: Sneasler|Protect|p1b: Sneasler\n|-singleturn|p1b: Sneasler|Protect\n|move|p1a: Kangaskhan|Sucker Punch||[still]\n|-fail|p1a: Kangaskhan\n|move|p2a: Corviknight|Iron Defense|p2a: Corviknight\n|-boost|p2a: Corviknight|def|2\n|\n|-heal|p2a: Corviknight|28/100|[from] item: Leftovers\n|upkeep\n|turn|9\n|\n|t:|1776539608\n|switch|p2b: Hydreigon|Hydreigon, L50, M|1/100\n|switch|p1b: Aerodactyl|Aerodactyl, L50, F, shiny|100/100\n|-ability|p1b: Aerodactyl|Unnerve\n|move|p1a: Kangaskhan|Sucker Punch||[still]\n|-fail|p1a: Kangaskhan\n|move|p2a: Corviknight|Body Press|p1a: Kangaskhan\n|-supereffective|p1a: Kangaskhan|1\n|-damage|p1a: Kangaskhan|0 fnt\n|faint|p1a: Kangaskhan\n|\n|-heal|p2a: Corviknight|34/100|[from] item: Leftovers\n|-sideend|p2: LumiRev|move: Tailwind\n|upkeep\n|\n|t:|1776539623\n|switch|p1a: Sneasler|Sneasler, L50, F, shiny|100/100\n|turn|10\n|\n|t:|1776539643\n|move|p2b: Hydreigon|Protect|p2b: Hydreigon\n|-singleturn|p2b: Hydreigon|Protect\n|move|p1a: Sneasler|Fake Out|p2a: Corviknight\n|-resisted|p2a: Corviknight|1\n|-damage|p2a: Corviknight|31/100\n|move|p1b: Aerodactyl|Rock Slide|p2a: Corviknight|[spread] p2a\n|-activate|p2b: Hydreigon|move: Protect\n|-damage|p2a: Corviknight|20/100\n|cant|p2a: Corviknight|flinch\n|\n|-heal|p2a: Corviknight|26/100|[from] item: Leftovers\n|upkeep\n|turn|11\n|inactive|Ready1 has 30 seconds left.\n|\n|t:|1776539671\n|move|p1b: Aerodactyl|Rock Slide|p2b: Hydreigon|[spread] p2a\n|-miss|p1b: Aerodactyl|p2b: Hydreigon\n|-damage|p2a: Corviknight|17/100\n|move|p1a: Sneasler|Close Combat|p2a: Corviknight\n|-damage|p2a: Corviknight|0 fnt\n|-unboost|p1a: Sneasler|def|1\n|-unboost|p1a: Sneasler|spd|1\n|faint|p2a: Corviknight\n|-enditem|p1a: Sneasler|White Herb\n|-clearnegativeboost|p1a: Sneasler|[silent]\n|move|p2b: Hydreigon|Tailwind|p2b: Hydreigon\n|-sidestart|p2: LumiRev|move: Tailwind\n|\n|upkeep\n|\n|t:|1776539683\n|switch|p2a: Glimmora|Glimmora-Mega, L50, M, shiny|10/100\n|turn|12\n|\n|t:|1776539695\n|move|p1a: Sneasler|Protect|p1a: Sneasler\n|-singleturn|p1a: Sneasler|Protect\n|move|p2a: Glimmora|Earth Power|p1a: Sneasler\n|-activate|p1a: Sneasler|move: Protect\n|move|p2b: Hydreigon|Draco Meteor|p1a: Sneasler\n|-activate|p1a: Sneasler|move: Protect\n|move|p1b: Aerodactyl|Rock Slide|p2b: Hydreigon|[spread] p2a\n|-miss|p1b: Aerodactyl|p2b: Hydreigon\n|-damage|p2a: Glimmora|0 fnt\n|faint|p2a: Glimmora\n|\n|upkeep\n|turn|13\n|-message|LumiRev forfeited.\n|\n|win|Ready1\n|raw|Ready1's rating: 1230 &rarr; <strong>1256</strong><br />(+26 for winning)\n|raw|LumiRev's rating: 1237 &rarr; <strong>1211</strong><br />(-26 for losing)\n|l|\u2606LumiRev\n|player|p2|\n",
  "uploadtime": 1776539774,
  "views": 24,
  "formatid": "gen9championsvgc2026regma",
  "rating": 1211,
  "private": 0,
  "password": null
}