{
  "id": "gen9championsvgc2026regma-2585436964",
  "format": "[Gen 9 Champions] VGC 2026 Reg M-A",
  "players": [
    "kynshi",
    "Pelaga"
  ],
  "log": "|j|\u2606kynshi\n|j|\u2606Pelaga\n|t:|1776347221\n|gametype|doubles\n|player|p1|kynshi|red|1131\n|player|p2|Pelaga|170|1085\n|gen|9\n|tier|[Gen 9 Champions] VGC 2026 Reg M-A\n|rated|\n|rule|Species Clause: Limit one of each Pok\u00e9mon\n|rule|Item Clause: Limit 1 of each item\n|clearpoke\n|poke|p1|Whimsicott, L50, F|\n|poke|p1|Charizard, L50, F|\n|poke|p1|Garchomp, L50, M|\n|poke|p1|Incineroar, L50, F|\n|poke|p1|Venusaur, L50, F|\n|poke|p1|Sneasler, L50, M|\n|poke|p2|Basculegion, L50, M|\n|poke|p2|Dragonite, L50, M|\n|poke|p2|Sneasler, L50, M|\n|poke|p2|Venusaur, L50, M|\n|poke|p2|Kingambit, L50, F|\n|poke|p2|Incineroar, L50, F|\n|teampreview|4\n|inactive|Battle timer is ON: inactive players will automatically lose when time's up. (requested by kynshi)\n|inactive|kynshi has 60 seconds left.\n|inactive|Pelaga has 60 seconds left.\n|\n|t:|1776347269\n|teamsize|p1|4\n|teamsize|p2|4\n|start\n|switch|p1a: Wata|Whimsicott, L50, F|100/100\n|switch|p1b: Charizard|Charizard, L50, F|100/100\n|switch|p2a: Sneasler|Sneasler, L50, M|100/100\n|switch|p2b: Incineroar|Incineroar, L50, F|100/100\n|-ability|p2b: Incineroar|Intimidate|boost\n|-unboost|p1a: Wata|atk|1\n|-unboost|p1b: Charizard|atk|1\n|turn|1\n|\n|t:|1776347290\n|move|p1a: Wata|Protect|p1a: Wata\n|-singleturn|p1a: Wata|Protect\n|move|p1b: Charizard|Protect|p1b: Charizard\n|-singleturn|p1b: Charizard|Protect\n|move|p2b: Incineroar|Fake Out|p1b: Charizard\n|-activate|p1b: Charizard|move: Protect\n|move|p2a: Sneasler|Rock Slide|p1b: Charizard|[spread] \n|-activate|p1a: Wata|move: Protect\n|-activate|p1b: Charizard|move: Protect\n|\n|upkeep\n|turn|2\n|inactive|kynshi has 30 seconds left.\n|inactive|kynshi has 20 seconds left.\n|inactive|kynshi has 15 seconds left.\n|\n|t:|1776347335\n|detailschange|p1b: Charizard|Charizard-Mega-Y, L50, F\n|-mega|p1b: Charizard|Charizard|Charizardite Y\n|-weather|SunnyDay|[from] ability: Drought|[of] p1b: Charizard\n|move|p1a: Wata|Tailwind|p1a: Wata\n|-sidestart|p1: kynshi|move: Tailwind\n|move|p1b: Charizard|Weather Ball|p2a: Sneasler\n|-enditem|p2a: Sneasler|Focus Sash\n|-damage|p2a: Sneasler|1/100\n|move|p2a: Sneasler|Rock Slide|p1a: Wata|[spread] p1a,p1b\n|-supereffective|p1b: Charizard|2\n|-damage|p1a: Wata|68/100\n|-damage|p1b: Charizard|0 fnt\n|faint|p1b: Charizard\n|move|p2b: Incineroar|Parting Shot|p1a: Wata\n|-unboost|p1a: Wata|atk|1\n|-unboost|p1a: Wata|spa|1\n|\n|t:|1776347359\n|switch|p2b: Basculegion|Basculegion, L50, M|100/100|[from] Parting Shot\n|\n|-weather|SunnyDay|[upkeep]\n|upkeep\n|\n|t:|1776347362\n|switch|p1b: Venusaur|Venusaur, L50, F, shiny|100/100\n|turn|3\n|\n|t:|1776347373\n|move|p2a: Sneasler|Protect|p2a: Sneasler\n|-singleturn|p2a: Sneasler|Protect\n|move|p1b: Venusaur|Energy Ball|p2b: Basculegion\n|-supereffective|p2b: Basculegion|1\n|-damage|p2b: Basculegion|19/100\n|move|p1a: Wata|Moonblast|p2a: Sneasler\n|-activate|p2a: Sneasler|move: Protect\n|move|p2b: Basculegion|Flip Turn|p1b: Venusaur\n|-resisted|p1b: Venusaur|1\n|-damage|p1b: Venusaur|91/100\n|\n|t:|1776347386\n|switch|p2b: Incineroar|Incineroar, L50, F|100/100|[from] Flip Turn\n|-ability|p2b: Incineroar|Intimidate|boost\n|-unboost|p1a: Wata|atk|1\n|-unboost|p1b: Venusaur|atk|1\n|\n|-weather|SunnyDay|[upkeep]\n|-heal|p1b: Venusaur|97/100|[from] item: Leftovers\n|upkeep\n|turn|4\n|\n|t:|1776347405\n|move|p2b: Incineroar|Fake Out|p1b: Venusaur\n|-damage|p1b: Venusaur|86/100\n|move|p1a: Wata|Encore|p2a: Sneasler\n|-start|p2a: Sneasler|Encore\n|move|p2a: Sneasler|Protect|p2a: Sneasler\n|-singleturn|p2a: Sneasler|Protect\n|cant|p1b: Venusaur|flinch\n|\n|-weather|SunnyDay|[upkeep]\n|-heal|p1b: Venusaur|92/100|[from] item: Leftovers\n|upkeep\n|turn|5\n|\n|t:|1776347420\n|move|p2a: Sneasler|Protect||[still]\n|-fail|p2a: Sneasler\n|move|p1b: Venusaur|Sleep Powder|p2b: Incineroar\n|-status|p2b: Incineroar|slp|[from] move: Sleep Powder\n|-enditem|p2b: Incineroar|Lum Berry|[eat]\n|-curestatus|p2b: Incineroar|slp|[msg]\n|move|p1a: Wata|Moonblast|p2a: Sneasler\n|-damage|p2a: Sneasler|0 fnt\n|faint|p2a: Sneasler\n|move|p2b: Incineroar|Flare Blitz|p1b: Venusaur\n|-supereffective|p1b: Venusaur|1\n|-damage|p1b: Venusaur|0 fnt\n|faint|p1b: Venusaur\n|-damage|p2b: Incineroar|73/100|[from] Recoil\n|\n|-weather|SunnyDay|[upkeep]\n|-sideend|p1: kynshi|move: Tailwind\n|upkeep\n|\n|t:|1776347437\n|switch|p2a: Basculegion|Basculegion, L50, M|19/100\n|switch|p1b: Incineroar|Incineroar, L50, F|100/100\n|-ability|p1b: Incineroar|Intimidate|boost\n|-unboost|p2a: Basculegion|atk|1\n|-unboost|p2b: Incineroar|atk|1\n|turn|6\n|\n|t:|1776347451\n|move|p1b: Incineroar|Fake Out|p2b: Incineroar\n|-damage|p2b: Incineroar|65/100\n|move|p2a: Basculegion|Flip Turn|p1b: Incineroar\n|-supereffective|p1b: Incineroar|1\n|-damage|p1b: Incineroar|79/100\n|\n|t:|1776347457\n|switch|p2a: Kingambit|Kingambit, L50, F|100/100|[from] Flip Turn\n|move|p1a: Wata|Moonblast|p2a: Kingambit\n|-damage|p2a: Kingambit|75/100\n|cant|p2b: Incineroar|flinch\n|\n|-weather|none\n|upkeep\n|turn|7\n|\n|t:|1776347476\n|move|p2a: Kingambit|Protect|p2a: Kingambit\n|-singleturn|p2a: Kingambit|Protect\n|move|p1a: Wata|Tailwind|p1a: Wata\n|-sidestart|p1: kynshi|move: Tailwind\n|move|p1b: Incineroar|Flare Blitz|p2a: Kingambit\n|-activate|p2a: Kingambit|move: Protect\n|move|p2b: Incineroar|Parting Shot|p1b: Incineroar\n|-unboost|p1b: Incineroar|atk|1\n|-unboost|p1b: Incineroar|spa|1\n|\n|t:|1776347486\n|switch|p2b: Basculegion|Basculegion, L50, M|19/100|[from] Parting Shot\n|\n|upkeep\n|turn|8\n|inactive|Pelaga has 30 seconds left.\n|inactive|Pelaga has 20 seconds left.\n|inactive|Pelaga has 15 seconds left.\n|inactive|Pelaga has 10 seconds left.\n|inactive|Pelaga has 5 seconds left.\n|\n|t:|1776347539\n|move|p2a: Kingambit|Sucker Punch|p1a: Wata\n|-resisted|p1a: Wata|1\n|-damage|p1a: Wata|36/100\n|move|p1a: Wata|Moonblast|p2b: Basculegion\n|-damage|p2b: Basculegion|0 fnt\n|faint|p2b: Basculegion\n|move|p1b: Incineroar|Flare Blitz|p2a: Kingambit\n|-supereffective|p2a: Kingambit|1\n|-damage|p2a: Kingambit|30/100\n|-damage|p1b: Incineroar|64/100|[from] Recoil\n|\n|upkeep\n|\n|t:|1776347550\n|switch|p2b: Incineroar|Incineroar, L50, F|65/100\n|-ability|p2b: Incineroar|Intimidate|boost\n|-unboost|p1a: Wata|atk|1\n|-unboost|p1b: Incineroar|atk|1\n|turn|9\n|\n|t:|1776347573\n|move|p1a: Wata|Protect|p1a: Wata\n|-singleturn|p1a: Wata|Protect\n|move|p2a: Kingambit|Protect|p2a: Kingambit\n|-singleturn|p2a: Kingambit|Protect\n|move|p2b: Incineroar|Fake Out|p1a: Wata\n|-activate|p1a: Wata|move: Protect\n|move|p1b: Incineroar|Flare Blitz|p2a: Kingambit\n|-activate|p2a: Kingambit|move: Protect\n|\n|upkeep\n|turn|10\n|inactive|Pelaga has 30 seconds left.\n|\n|t:|1776347600\n|move|p2a: Kingambit|Sucker Punch|p1b: Incineroar\n|-resisted|p1b: Incineroar|1\n|-damage|p1b: Incineroar|48/100\n|-enditem|p1b: Incineroar|Sitrus Berry|[eat]\n|-heal|p1b: Incineroar|72/100|[from] item: Sitrus Berry\n|move|p1a: Wata|Moonblast|p2a: Kingambit\n|-damage|p2a: Kingambit|5/100\n|-unboost|p2a: Kingambit|spa|1\n|-ability|p2a: Kingambit|Defiant|boost\n|-boost|p2a: Kingambit|atk|2\n|move|p1b: Incineroar|Flare Blitz|p2a: Kingambit\n|-supereffective|p2a: Kingambit|1\n|-damage|p2a: Kingambit|0 fnt\n|faint|p2a: Kingambit\n|-damage|p1b: Incineroar|71/100|[from] Recoil\n|move|p2b: Incineroar|Flare Blitz|p1a: Wata\n|-supereffective|p1a: Wata|1\n|-damage|p1a: Wata|0 fnt\n|faint|p1a: Wata\n|-damage|p2b: Incineroar|57/100|[from] Recoil\n|\n|-sideend|p1: kynshi|move: Tailwind\n|upkeep\n|turn|11\n|inactive|kynshi has 30 seconds left.\n|inactive|Pelaga has 30 seconds left.\n|inactive|Pelaga has 20 seconds left.\n|\n|t:|1776347640\n|move|p2b: Incineroar|Darkest Lariat|p1b: Incineroar\n|-resisted|p1b: Incineroar|1\n|-damage|p1b: Incineroar|56/100\n|move|p1b: Incineroar|Darkest Lariat|p2b: Incineroar\n|-resisted|p2b: Incineroar|1\n|-damage|p2b: Incineroar|51/100\n|\n|upkeep\n|turn|12\n|\n|t:|1776347660\n|move|p1b: Incineroar|Parting Shot|p2b: Incineroar\n|-unboost|p2b: Incineroar|atk|1\n|-unboost|p2b: Incineroar|spa|1\n|move|p2b: Incineroar|Darkest Lariat|p1b: Incineroar\n|-resisted|p1b: Incineroar|1\n|-damage|p1b: Incineroar|47/100\n|\n|upkeep\n|turn|13\n|\n|t:|1776347672\n|move|p1b: Incineroar|Parting Shot|p2b: Incineroar\n|-unboost|p2b: Incineroar|atk|1\n|-unboost|p2b: Incineroar|spa|1\n|move|p2b: Incineroar|Darkest Lariat|p1b: Incineroar\n|-resisted|p1b: Incineroar|1\n|-damage|p1b: Incineroar|40/100\n|\n|upkeep\n|turn|14\n|\n|t:|1776347683\n|move|p1b: Incineroar|Parting Shot|p2b: Incineroar\n|-unboost|p2b: Incineroar|atk|1\n|-unboost|p2b: Incineroar|spa|1\n|move|p2b: Incineroar|Parting Shot|p1b: Incineroar\n|-unboost|p1b: Incineroar|atk|1\n|-unboost|p1b: Incineroar|spa|1\n|\n|upkeep\n|turn|15\n|\n|t:|1776347693\n|move|p1b: Incineroar|Parting Shot|p2b: Incineroar\n|-unboost|p2b: Incineroar|atk|1\n|-unboost|p2b: Incineroar|spa|1\n|move|p2b: Incineroar|Darkest Lariat|p1b: Incineroar\n|-resisted|p1b: Incineroar|1\n|-damage|p1b: Incineroar|36/100\n|\n|upkeep\n|turn|16\n|\n|t:|1776347718\n|move|p2b: Incineroar|Parting Shot|p1b: Incineroar\n|-unboost|p1b: Incineroar|atk|1\n|-unboost|p1b: Incineroar|spa|1\n|move|p1b: Incineroar|Parting Shot|p2b: Incineroar\n|-unboost|p2b: Incineroar|atk|1\n|-unboost|p2b: Incineroar|spa|1\n|\n|upkeep\n|turn|17\n|\n|t:|1776347726\n|move|p2b: Incineroar|Parting Shot|p1b: Incineroar\n|-unboost|p1b: Incineroar|atk|1\n|-unboost|p1b: Incineroar|spa|1\n|move|p1b: Incineroar|Darkest Lariat|p2b: Incineroar\n|-resisted|p2b: Incineroar|1\n|-damage|p2b: Incineroar|48/100\n|\n|upkeep\n|turn|18\n|\n|t:|1776347738\n|move|p2b: Incineroar|Darkest Lariat|p1b: Incineroar\n|-resisted|p1b: Incineroar|1\n|-damage|p1b: Incineroar|31/100\n|move|p1b: Incineroar|Darkest Lariat|p2b: Incineroar\n|-resisted|p2b: Incineroar|1\n|-damage|p2b: Incineroar|44/100\n|\n|upkeep\n|turn|19\n|\n|t:|1776347758\n|move|p2b: Incineroar|Darkest Lariat|p1b: Incineroar\n|-resisted|p1b: Incineroar|1\n|-damage|p1b: Incineroar|27/100\n|move|p1b: Incineroar|Darkest Lariat|p2b: Incineroar\n|-resisted|p2b: Incineroar|1\n|-damage|p2b: Incineroar|41/100\n|\n|upkeep\n|turn|20\n|c|\u2606kynshi|may the best man crit\n|\n|t:|1776347774\n|move|p2b: Incineroar|Darkest Lariat|p1b: Incineroar\n|-resisted|p1b: Incineroar|1\n|-damage|p1b: Incineroar|23/100\n|move|p1b: Incineroar|Darkest Lariat|p2b: Incineroar\n|-resisted|p2b: Incineroar|1\n|-damage|p2b: Incineroar|37/100\n|\n|upkeep\n|turn|21\n|\n|t:|1776347785\n|move|p2b: Incineroar|Darkest Lariat|p1b: Incineroar\n|-resisted|p1b: Incineroar|1\n|-damage|p1b: Incineroar|18/100\n|move|p1b: Incineroar|Darkest Lariat|p2b: Incineroar\n|-resisted|p2b: Incineroar|1\n|-damage|p2b: Incineroar|34/100\n|\n|upkeep\n|turn|22\n|\n|t:|1776347793\n|move|p2b: Incineroar|Darkest Lariat|p1b: Incineroar\n|-resisted|p1b: Incineroar|1\n|-damage|p1b: Incineroar|14/100\n|move|p1b: Incineroar|Darkest Lariat|p2b: Incineroar\n|-resisted|p2b: Incineroar|1\n|-damage|p2b: Incineroar|30/100\n|\n|upkeep\n|turn|23\n|\n|t:|1776347801\n|move|p1b: Incineroar|Darkest Lariat|p2b: Incineroar\n|-resisted|p2b: Incineroar|1\n|-damage|p2b: Incineroar|26/100\n|move|p2b: Incineroar|Darkest Lariat|p1b: Incineroar\n|-resisted|p1b: Incineroar|1\n|-damage|p1b: Incineroar|9/100\n|\n|upkeep\n|turn|24\n|\n|t:|1776347809\n|move|p2b: Incineroar|Flare Blitz|p1b: Incineroar\n|-resisted|p1b: Incineroar|1\n|-damage|p1b: Incineroar|4/100\n|-damage|p2b: Incineroar|24/100|[from] Recoil\n|move|p1b: Incineroar|Darkest Lariat|p2b: Incineroar\n|-resisted|p2b: Incineroar|1\n|-damage|p2b: Incineroar|21/100\n|\n|upkeep\n|turn|25\n|inactive|Pelaga has 30 seconds left.\n|\n|t:|1776347819\n|move|p2b: Incineroar|Flare Blitz|p1b: Incineroar\n|-resisted|p1b: Incineroar|1\n|-damage|p1b: Incineroar|0 fnt\n|faint|p1b: Incineroar\n|-damage|p2b: Incineroar|20/100|[from] Recoil\n|\n|win|Pelaga\n|raw|kynshi's rating: 1131 &rarr; <strong>1103</strong><br />(-28 for losing)\n|raw|Pelaga's rating: 1085 &rarr; <strong>1116</strong><br />(+31 for winning)\n",
  "uploadtime": 1776347828,
  "views": 24,
  "formatid": "gen9championsvgc2026regma",
  "rating": 1103,
  "private": 0,
  "password": null
}