{
  "id": "gen9championsvgc2026regma-2580381305",
  "format": "[Gen 9 Champions] VGC 2026 Reg M-A",
  "players": [
    "Mega Blaziken fan",
    "Black Belt Josh"
  ],
  "log": "|j|\u2606Mega Blaziken fan\n|j|\u2606Black Belt Josh\n|t:|1775888055\n|gametype|doubles\n|player|p1|Mega Blaziken fan|lucas|1000\n|player|p2|Black Belt Josh|skier|1000\n|gen|9\n|tier|[Gen 9 Champions] VGC 2026 Reg M-A\n|rated|\n|rule|Species Clause: Limit one of each Pok\u00e9mon\n|rule|Item Clause: Limit 1 of each item\n|clearpoke\n|poke|p1|Typhlosion-Hisui, L50, F|\n|poke|p1|Charizard, L50, M|\n|poke|p1|Venusaur, L50, M|\n|poke|p1|Garchomp, L50, M|\n|poke|p1|Tyranitar, L50, M|\n|poke|p1|Rotom-Heat, L50|\n|poke|p2|Sinistcha, L50|\n|poke|p2|Whimsicott, L50, M|\n|poke|p2|Araquanid, L50, M|\n|poke|p2|Garchomp, L50, M|\n|poke|p2|Pelipper, L50, F|\n|poke|p2|Manectric, L50, M|\n|teampreview|4\n|inactive|Battle timer is ON: inactive players will automatically lose when time's up. (requested by Black Belt Josh)\n|\n|t:|1775888074\n|teamsize|p1|4\n|teamsize|p2|4\n|start\n|switch|p1a: Charizard|Charizard, L50, M|100/100\n|switch|p1b: Typhlosion|Typhlosion-Hisui, L50, F|100/100\n|switch|p2a: Manectric|Manectric, L50, M, shiny|100/100\n|switch|p2b: Garchomp|Garchomp, L50, M|100/100\n|turn|1\n|\n|t:|1775888091\n|detailschange|p1a: Charizard|Charizard-Mega-Y, L50, M\n|-mega|p1a: Charizard|Charizard|Charizardite Y\n|-weather|SunnyDay|[from] ability: Drought|[of] p1a: Charizard\n|detailschange|p2a: Manectric|Manectric-Mega, L50, M, shiny\n|-mega|p2a: Manectric|Manectric|Manectite\n|-ability|p2a: Manectric|Intimidate|boost\n|-unboost|p1a: Charizard|atk|1\n|-unboost|p1b: Typhlosion|atk|1\n|move|p1b: Typhlosion|Eruption|p2a: Manectric|[spread] p2a,p2b\n|-resisted|p2b: Garchomp|1\n|-damage|p2a: Manectric|0 fnt\n|-damage|p2b: Garchomp|56/100\n|faint|p2a: Manectric\n|move|p1a: Charizard|Dragon Pulse|p2b: Garchomp\n|-supereffective|p2b: Garchomp|1\n|-damage|p2b: Garchomp|0 fnt\n|faint|p2b: Garchomp\n|\n|-weather|SunnyDay|[upkeep]\n|upkeep\n|\n|t:|1775888106\n|switch|p2a: Araquanid|Araquanid, L50, M|100/100\n|switch|p2b: Pelipper|Pelipper, L50, F|100/100\n|-weather|RainDance|[from] ability: Drizzle|[of] p2b: Pelipper\n|turn|2\n|\n|t:|1775888116\n|switch|p1b: Rotom|Rotom-Heat, L50|100/100\n|switch|p1a: Venusaur|Venusaur, L50, M|100/100\n|move|p2b: Pelipper|Weather Ball|p1a: Venusaur\n|-resisted|p1a: Venusaur|1\n|-damage|p1a: Venusaur|61/100\n|move|p2a: Araquanid|Liquidation|p1b: Rotom\n|-supereffective|p1b: Rotom|1\n|-enditem|p1b: Rotom|Passho Berry|[eat]\n|-enditem|p1b: Rotom|Passho Berry|[weaken]\n|-damage|p1b: Rotom|0 fnt\n|faint|p1b: Rotom\n|\n|-weather|RainDance|[upkeep]\n|-heal|p1a: Venusaur|67/100|[from] item: Leftovers\n|upkeep\n|\n|t:|1775888128\n|switch|p1b: Charizard|Charizard-Mega-Y, L50, M|100/100\n|-weather|SunnyDay|[from] ability: Drought|[of] p1b: Charizard\n|turn|3\n|\n|t:|1775888146\n|move|p1a: Venusaur|Leech Seed|p2b: Pelipper\n|-start|p2b: Pelipper|move: Leech Seed\n|move|p1b: Charizard|Air Slash|p2a: Araquanid\n|-supereffective|p2a: Araquanid|1\n|-damage|p2a: Araquanid|12/100\n|move|p2b: Pelipper|Hurricane|p1a: Venusaur\n|-supereffective|p1a: Venusaur|1\n|-damage|p1a: Venusaur|0 fnt\n|faint|p1a: Venusaur\n|cant|p2a: Araquanid|flinch\n|\n|-weather|SunnyDay|[upkeep]\n|-heal|p2a: Araquanid|18/100|[from] item: Leftovers\n|upkeep\n|\n|t:|1775888154\n|switch|p1a: Typhlosion|Typhlosion-Hisui, L50, F|100/100\n|turn|4\n|\n|t:|1775888163\n|move|p2a: Araquanid|Protect|p2a: Araquanid\n|-singleturn|p2a: Araquanid|Protect\n|move|p1a: Typhlosion|Eruption|p2a: Araquanid|[spread] p2b\n|-activate|p2a: Araquanid|move: Protect\n|-resisted|p2b: Pelipper|1\n|-damage|p2b: Pelipper|40/100\n|move|p1b: Charizard|Dragon Pulse|p2b: Pelipper\n|-damage|p2b: Pelipper|0 fnt\n|faint|p2b: Pelipper\n|\n|-weather|SunnyDay|[upkeep]\n|-heal|p2a: Araquanid|24/100|[from] item: Leftovers\n|upkeep\n|turn|5\n|-message|Black Belt Josh forfeited.\n|\n|win|Mega Blaziken fan\n|raw|Mega Blaziken fan's rating: 1000 &rarr; <strong>1040</strong><br />(+40 for winning)\n|raw|Black Belt Josh's rating: 1000 &rarr; <strong>1000</strong><br />(+0 for losing)\n",
  "uploadtime": 1775888180,
  "views": 19,
  "formatid": "gen9championsvgc2026regma",
  "rating": 1000,
  "private": 0,
  "password": null
}