{
  "id": "gen9championsvgc2026regma-2587908808",
  "format": "[Gen 9 Champions] VGC 2026 Reg M-A",
  "players": [
    "NineteenO19",
    "sisi1"
  ],
  "log": "|j|\u2606NineteenO19\n|j|\u2606sisi1\n|t:|1776577604\n|gametype|doubles\n|player|p1|NineteenO19|266|1096\n|player|p2|sisi1|dawn|1196\n|gen|9\n|tier|[Gen 9 Champions] VGC 2026 Reg M-A\n|rated|\n|rule|Species Clause: Limit one of each Pok\u00e9mon\n|rule|Item Clause: Limit 1 of each item\n|clearpoke\n|poke|p1|Garchomp, L50, M|\n|poke|p1|Primarina, L50, M|\n|poke|p1|Delphox, L50, M|\n|poke|p1|Whimsicott, L50, F|\n|poke|p1|Kingambit, L50, M|\n|poke|p1|Gallade, L50, M|\n|poke|p2|Meowstic, L50, M|\n|poke|p2|Weavile, L50, F|\n|poke|p2|Gallade, L50, M|\n|poke|p2|Talonflame, L50, F|\n|poke|p2|Alakazam, L50, M|\n|poke|p2|Ninetales-Alola, L50, F|\n|teampreview|4\n|\n|t:|1776577635\n|teamsize|p1|4\n|teamsize|p2|4\n|start\n|switch|p1a: Garchomp|Garchomp, L50, M|100/100\n|switch|p1b: Delphox|Delphox, L50, M|100/100\n|switch|p2a: Talonflame|Talonflame, L50, F|100/100\n|switch|p2b: Gallade|Gallade, L50, M|100/100\n|turn|1\n|\n|t:|1776577652\n|detailschange|p1b: Delphox|Delphox-Mega, L50, M\n|-mega|p1b: Delphox|Delphox|Delphoxite\n|move|p2b: Gallade|Wide Guard|p2b: Gallade\n|-singleturn|p2b: Gallade|Wide Guard\n|move|p2a: Talonflame|Tailwind|p2a: Talonflame\n|-sidestart|p2: sisi1|move: Tailwind\n|move|p1b: Delphox|Psychic|p2b: Gallade\n|-damage|p2b: Gallade|38/100\n|move|p1a: Garchomp|Stealth Rock|p2b: Gallade\n|-sidestart|p2: sisi1|move: Stealth Rock\n|\n|upkeep\n|turn|2\n|\n|t:|1776577672\n|move|p2a: Talonflame|Brave Bird|p1b: Delphox\n|-damage|p1b: Delphox|14/100\n|-damage|p2a: Talonflame|72/100|[from] Recoil\n|move|p2b: Gallade|Sacred Sword|p1b: Delphox\n|-resisted|p1b: Delphox|1\n|-damage|p1b: Delphox|0 fnt\n|faint|p1b: Delphox\n|move|p1a: Garchomp|Dragon Tail|p2a: Talonflame\n|-damage|p2a: Talonflame|25/100\n|drag|p2a: Alakazam|Alakazam, L50, M|100/100\n|\n|upkeep\n|\n|t:|1776577688\n|switch|p1b: Kingambit|Kingambit, L50, M|100/100\n|turn|3\n|\n|t:|1776577710\n|move|p2a: Alakazam|Protect|p2a: Alakazam\n|-singleturn|p2a: Alakazam|Protect\n|move|p1b: Kingambit|Sucker Punch|p2b: Gallade\n|-damage|p2b: Gallade|0 fnt\n|faint|p2b: Gallade\n|move|p1a: Garchomp|Dragon Tail|p2a: Alakazam\n|-activate|p2a: Alakazam|move: Protect\n|\n|upkeep\n|\n|t:|1776577717\n|switch|p2b: Meowstic|Meowstic, L50, M|100/100\n|-damage|p2b: Meowstic|88/100|[from] Stealth Rock\n|turn|4\n|\n|t:|1776577729\n|detailschange|p2a: Alakazam|Alakazam-Mega, L50, M\n|-mega|p2a: Alakazam|Alakazam|Alakazite\n|-ability|p2a: Alakazam|Rough Skin|Trace|[from] ability: Trace|[of] p1a: Garchomp\n|move|p2b: Meowstic|Gravity|p2b: Meowstic\n|-fieldstart|move: Gravity\n|move|p2a: Alakazam|Focus Blast|p1b: Kingambit\n|-supereffective|p1b: Kingambit|2\n|-damage|p1b: Kingambit|0 fnt\n|faint|p1b: Kingambit\n|move|p1a: Garchomp|Dragon Tail|p2a: Alakazam\n|-damage|p2a: Alakazam|45/100\n|-damage|p1a: Garchomp|88/100|[from] ability: Rough Skin|[of] p2a: Alakazam\n|drag|p2a: Talonflame|Talonflame, L50, F|25/100\n|-damage|p2a: Talonflame|0 fnt|[from] Stealth Rock\n|faint|p2a: Talonflame\n|\n|-sideend|p2: sisi1|move: Tailwind\n|upkeep\n|\n|t:|1776577744\n|switch|p2a: Alakazam|Alakazam-Mega, L50, M|45/100\n|switch|p1b: Primarina|Primarina, L50, M|100/100\n|-damage|p2a: Alakazam|33/100|[from] Stealth Rock\n|-ability|p2a: Alakazam|Rough Skin|Trace|[from] ability: Trace|[of] p1a: Garchomp\n|turn|5\n|\n|t:|1776577767\n|move|p2a: Alakazam|Protect|p2a: Alakazam\n|-singleturn|p2a: Alakazam|Protect\n|move|p2b: Meowstic|Psychic Terrain|p2b: Meowstic\n|-fieldstart|move: Psychic Terrain\n|move|p1b: Primarina|Hyper Voice|p2a: Alakazam|[spread] p2b\n|-activate|p2a: Alakazam|move: Protect\n|-damage|p2b: Meowstic|55/100\n|move|p1a: Garchomp|Dragon Tail|p2b: Meowstic\n|-damage|p2b: Meowstic|26/100\n|\n|upkeep\n|turn|6\n|\n|t:|1776577782\n|move|p2b: Meowstic|Helping Hand|p2a: Alakazam\n|-singleturn|p2a: Alakazam|Helping Hand|[of] p2b: Meowstic\n|move|p1b: Primarina|Protect|p1b: Primarina\n|-singleturn|p1b: Primarina|Protect\n|move|p2a: Alakazam|Expanding Force|p1a: Garchomp|[spread] p1a\n|-activate|p1b: Primarina|move: Protect\n|-damage|p1a: Garchomp|0 fnt\n|faint|p1a: Garchomp\n|\n|upkeep\n|turn|7\n|\n|t:|1776577798\n|move|p2b: Meowstic|Helping Hand|p2a: Alakazam\n|-singleturn|p2a: Alakazam|Helping Hand|[of] p2b: Meowstic\n|move|p2a: Alakazam|Expanding Force|p1b: Primarina\n|-damage|p1b: Primarina|0 fnt\n|faint|p1b: Primarina\n|\n|win|sisi1\n|raw|NineteenO19's rating: 1096 &rarr; <strong>1078</strong><br />(-18 for losing)\n|raw|sisi1's rating: 1196 &rarr; <strong>1214</strong><br />(+18 for winning)\n|l|\u2606NineteenO19\n|player|p1|\n|j|\u2606NineteenO19\n|player|p1|NineteenO19|266|\n|l|\u2606NineteenO19\n|player|p1|\n",
  "uploadtime": 1776577818,
  "views": 9,
  "formatid": "gen9championsvgc2026regma",
  "rating": 1078,
  "private": 0,
  "password": null
}