{
  "id": "gen9championsvgc2026regma-2581824933",
  "format": "[Gen 9 Champions] VGC 2026 Reg M-A",
  "players": [
    "cabrino",
    "Manaaim"
  ],
  "log": "|j|\u2606cabrino\n|j|\u2606Manaaim\n|t:|1776031438\n|gametype|doubles\n|player|p1|cabrino|depotagent|1141\n|player|p2|Manaaim|102|1070\n|gen|9\n|tier|[Gen 9 Champions] VGC 2026 Reg M-A\n|rated|\n|rule|Species Clause: Limit one of each Pok\u00e9mon\n|rule|Item Clause: Limit 1 of each item\n|clearpoke\n|poke|p1|Sneasler, L50, M|\n|poke|p1|Charizard, L50, M|\n|poke|p1|Aerodactyl, L50, F|\n|poke|p1|Incineroar, L50, M|\n|poke|p1|Farigiraf, L50, M|\n|poke|p1|Garchomp, L50, M|\n|poke|p2|Maushold, L50|\n|poke|p2|Archaludon, L50, F|\n|poke|p2|Blastoise, L50, F|\n|poke|p2|Garchomp, L50, F|\n|poke|p2|Sinistcha, L50|\n|poke|p2|Pelipper, L50, F|\n|teampreview|4\n|inactive|Battle timer is ON: inactive players will automatically lose when time's up. (requested by cabrino)\n|\n|t:|1776031490\n|teamsize|p1|4\n|teamsize|p2|4\n|start\n|switch|p1a: Cryo|Farigiraf, L50, M|100/100\n|switch|p1b: AeroNarfi|Aerodactyl, L50, F, shiny|100/100\n|switch|p2a: Garchomp|Garchomp, L50, F|100/100\n|switch|p2b: Pelipper|Pelipper, L50, F|100/100\n|-ability|p1b: AeroNarfi|Unnerve\n|-weather|RainDance|[from] ability: Drizzle|[of] p2b: Pelipper\n|turn|1\n|\n|t:|1776031507\n|move|p1b: AeroNarfi|Tailwind|p1b: AeroNarfi\n|-sidestart|p1: cabrino|move: Tailwind\n|move|p1a: Cryo|Hyper Voice|p2b: Pelipper|[spread] p2a,p2b\n|-damage|p2a: Garchomp|64/100\n|-damage|p2b: Pelipper|47/100\n|move|p2a: Garchomp|Rock Slide|p1a: Cryo|[spread] p1a,p1b\n|-supereffective|p1b: AeroNarfi|1\n|-damage|p1a: Cryo|81/100\n|-damage|p1b: AeroNarfi|33/100\n|move|p2b: Pelipper|U-turn|p1a: Cryo\n|-supereffective|p1a: Cryo|1\n|-damage|p1a: Cryo|61/100\n|\n|t:|1776031517\n|switch|p2b: Sinistcha|Sinistcha, L50|100/100|[from] U-turn\n|-heal|p2a: Garchomp|89/100|[from] ability: Hospitality|[of] p2b: Sinistcha\n|\n|-weather|RainDance|[upkeep]\n|upkeep\n|turn|2\n|inactive|Manaaim has 30 seconds left.\n|\n|t:|1776031542\n|move|p1b: AeroNarfi|Dual Wingbeat|p2b: Sinistcha\n|-supereffective|p2b: Sinistcha|1\n|-damage|p2b: Sinistcha|66/100\n|-supereffective|p2b: Sinistcha|1\n|-damage|p2b: Sinistcha|31/100\n|-hitcount|p2b: Sinistcha|2\n|move|p1a: Cryo|Imprison|p1a: Cryo\n|-start|p1a: Cryo|move: Imprison\n|move|p2a: Garchomp|Rock Slide|p1a: Cryo|[spread] p1a,p1b\n|-supereffective|p1b: AeroNarfi|1\n|-damage|p1a: Cryo|41/100\n|-damage|p1b: AeroNarfi|0 fnt\n|faint|p1b: AeroNarfi\n|cant|p2b: Sinistcha|move: Imprison|Trick Room\n|\n|-weather|RainDance|[upkeep]\n|upkeep\n|\n|t:|1776031558\n|switch|p1b: Garchalipe|Garchomp, L50, M|100/100\n|turn|3\n|inactive|Manaaim has 30 seconds left.\n|\n|t:|1776031588\n|move|p1b: Garchalipe|Protect|p1b: Garchalipe\n|-singleturn|p1b: Garchalipe|Protect\n|move|p2a: Garchomp|Protect|p2a: Garchomp\n|-singleturn|p2a: Garchomp|Protect\n|move|p1a: Cryo|Psychic|p2b: Sinistcha\n|-damage|p2b: Sinistcha|0 fnt\n|faint|p2b: Sinistcha\n|\n|-weather|RainDance|[upkeep]\n|upkeep\n|\n|t:|1776031595\n|switch|p2b: Blastoise|Blastoise, L50, F|100/100\n|turn|4\n|\n|t:|1776031612\n|detailschange|p2b: Blastoise|Blastoise-Mega, L50, F\n|-mega|p2b: Blastoise|Blastoise|Blastoisinite\n|move|p1b: Garchalipe|Dragon Claw|p2a: Garchomp\n|-supereffective|p2a: Garchomp|1\n|-damage|p2a: Garchomp|4/100\n|-damage|p1b: Garchalipe|88/100|[from] ability: Rough Skin|[of] p2a: Garchomp\n|move|p1a: Cryo|Hyper Voice|p2a: Garchomp|[spread] p2a,p2b\n|-damage|p2a: Garchomp|0 fnt\n|-damage|p2b: Blastoise|66/100\n|faint|p2a: Garchomp\n|move|p2b: Blastoise|Water Pulse|p1a: Cryo\n|-damage|p1a: Cryo|0 fnt\n|faint|p1a: Cryo\n|\n|-weather|RainDance|[upkeep]\n|-sideend|p1: cabrino|move: Tailwind\n|upkeep\n|\n|t:|1776031622\n|switch|p2a: Pelipper|Pelipper, L50, F|47/100\n|switch|p1a: Cabrizard|Charizard, L50, M, shiny|100/100\n|turn|5\n|\n|t:|1776031647\n|detailschange|p1a: Cabrizard|Charizard-Mega-Y, L50, M, shiny\n|-mega|p1a: Cabrizard|Charizard|Charizardite Y\n|-weather|SunnyDay|[from] ability: Drought|[of] p1a: Cabrizard\n|move|p1b: Garchalipe|Dragon Claw|p2b: Blastoise\n|-damage|p2b: Blastoise|25/100\n|move|p1a: Cabrizard|Solar Beam||[still]\n|-prepare|p1a: Cabrizard|Solar Beam\n|-anim|p1a: Cabrizard|Solar Beam|p2a: Pelipper\n|-crit|p2a: Pelipper\n|-damage|p2a: Pelipper|0 fnt\n|faint|p2a: Pelipper\n|move|p2b: Blastoise|Water Pulse|p1a: Cabrizard\n|-supereffective|p1a: Cabrizard|1\n|-damage|p1a: Cabrizard|50/100\n|\n|-weather|SunnyDay|[upkeep]\n|upkeep\n|turn|6\n|\n|t:|1776031665\n|move|p1b: Garchalipe|Dragon Claw|p2b: Blastoise\n|-damage|p2b: Blastoise|0 fnt\n|faint|p2b: Blastoise\n|\n|win|cabrino\n|raw|cabrino's rating: 1141 &rarr; <strong>1161</strong><br />(+20 for winning)\n|raw|Manaaim's rating: 1070 &rarr; <strong>1054</strong><br />(-16 for losing)\n|l|\u2606Manaaim\n|player|p2|\n",
  "uploadtime": 1776031671,
  "views": 30,
  "formatid": "gen9championsvgc2026regma",
  "rating": 1054,
  "private": 0,
  "password": null
}