{
  "id": "gen9championsvgc2026regma-2581823885",
  "format": "[Gen 9 Champions] VGC 2026 Reg M-A",
  "players": [
    "lilsxooby",
    "Villazix"
  ],
  "log": "|j|\u2606lilsxooby\n|j|\u2606Villazix\n|t:|1776031352\n|gametype|doubles\n|player|p1|lilsxooby|benga|1119\n|player|p2|Villazix|266|1067\n|gen|9\n|tier|[Gen 9 Champions] VGC 2026 Reg M-A\n|rated|\n|rule|Species Clause: Limit one of each Pok\u00e9mon\n|rule|Item Clause: Limit 1 of each item\n|clearpoke\n|poke|p1|Glimmora, L50, M|\n|poke|p1|Archaludon, L50, F|\n|poke|p1|Delphox, L50, F|\n|poke|p1|Kingambit, L50, F|\n|poke|p1|Milotic, L50, F|\n|poke|p1|Sinistcha-Masterpiece, L50|\n|poke|p2|Garchomp, L50, M|\n|poke|p2|Venusaur, L50, F|\n|poke|p2|Charizard, L50, F|\n|poke|p2|Rotom-Wash, L50|\n|poke|p2|Incineroar, L50, F|\n|poke|p2|Corviknight, L50, M|\n|teampreview|4\n|c|\u2606lilsxooby|glhf!\n|\n|t:|1776031396\n|teamsize|p1|4\n|teamsize|p2|4\n|start\n|switch|p1a: Milotic|Milotic, L50, F|100/100\n|switch|p1b: Sinistcha|Sinistcha-Masterpiece, L50|100/100\n|switch|p2a: Garchomp|Garchomp, L50, M|100/100\n|switch|p2b: Corviknight|Corviknight, L50, M|100/100\n|turn|1\n|\n|t:|1776031424\n|move|p1b: Sinistcha|Protect|p1b: Sinistcha\n|-singleturn|p1b: Sinistcha|Protect\n|move|p2a: Garchomp|Earthquake|p1b: Sinistcha|[spread] p1a\n|-activate|p1b: Sinistcha|move: Protect\n|-immune|p2b: Corviknight\n|-damage|p1a: Milotic|49/100\n|move|p1a: Milotic|Icy Wind|p2b: Corviknight|[spread] p2a,p2b\n|-supereffective|p2a: Garchomp|2\n|-crit|p2b: Corviknight\n|-damage|p2a: Garchomp|54/100\n|-damage|p2b: Corviknight|86/100\n|-unboost|p2a: Garchomp|spe|1\n|-ability|p2b: Corviknight|Mirror Armor\n|-unboost|p1a: Milotic|spe|1\n|-ability|p1a: Milotic|Competitive|boost\n|-boost|p1a: Milotic|spa|2\n|move|p2b: Corviknight|Brave Bird|p1b: Sinistcha\n|-activate|p1b: Sinistcha|move: Protect\n|\n|-heal|p2b: Corviknight|92/100|[from] item: Leftovers\n|upkeep\n|turn|2\n|\n|t:|1776031456\n|move|p2a: Garchomp|Earthquake|p1b: Sinistcha|[spread] p1a,p1b\n|-immune|p2b: Corviknight\n|-resisted|p1b: Sinistcha|1\n|-damage|p1a: Milotic|0 fnt\n|-damage|p1b: Sinistcha|82/100\n|faint|p1a: Milotic\n|move|p1b: Sinistcha|Life Dew|p1b: Sinistcha\n|-heal|p1b: Sinistcha|100/100\n|move|p2b: Corviknight|Brave Bird|p1b: Sinistcha\n|-supereffective|p1b: Sinistcha|1\n|-damage|p1b: Sinistcha|38/100\n|-damage|p2b: Corviknight|74/100|[from] Recoil\n|\n|-heal|p1b: Sinistcha|43/100|[from] item: Leftovers\n|-heal|p2b: Corviknight|80/100|[from] item: Leftovers\n|upkeep\n|\n|t:|1776031463\n|switch|p1a: Archaludon|Archaludon, L50, F|100/100\n|turn|3\n|\n|t:|1776031495\n|switch|p2a: Charizard|Charizard, L50, F|100/100\n|move|p1a: Archaludon|Dragon Pulse|p2a: Charizard\n|-damage|p2a: Charizard|48/100\n|move|p1b: Sinistcha|Matcha Gotcha|p2a: Charizard|[spread] p2a,p2b\n|-resisted|p2a: Charizard|2\n|-resisted|p2b: Corviknight|2\n|-crit|p2b: Corviknight\n|-damage|p2a: Charizard|41/100\n|-heal|p1b: Sinistcha|47/100|[from] drain|[of] p2a: Charizard\n|-damage|p2b: Corviknight|71/100\n|-heal|p1b: Sinistcha|52/100|[from] drain|[of] p2b: Corviknight\n|move|p2b: Corviknight|Brave Bird|p1b: Sinistcha\n|-supereffective|p1b: Sinistcha|1\n|-damage|p1b: Sinistcha|0 fnt\n|faint|p1b: Sinistcha\n|-damage|p2b: Corviknight|57/100|[from] Recoil\n|\n|-heal|p2b: Corviknight|62/100|[from] item: Leftovers\n|upkeep\n|\n|t:|1776031501\n|switch|p1b: Delphox|Delphox, L50, F|100/100\n|turn|4\n|\n|t:|1776031530\n|detailschange|p1b: Delphox|Delphox-Mega, L50, F\n|-mega|p1b: Delphox|Delphox|Delphoxite\n|detailschange|p2a: Charizard|Charizard-Mega-Y, L50, F\n|-mega|p2a: Charizard|Charizard|Charizardite Y\n|-weather|SunnyDay|[from] ability: Drought|[of] p2a: Charizard\n|move|p1b: Delphox|Heat Wave|p2b: Corviknight|[spread] p2a,p2b\n|-resisted|p2a: Charizard|1\n|-supereffective|p2b: Corviknight|1\n|-damage|p2a: Charizard|14/100\n|-damage|p2b: Corviknight|0 fnt\n|faint|p2b: Corviknight\n|move|p2a: Charizard|Heat Wave|p1a: Archaludon|[spread] p1a,p1b\n|-resisted|p1b: Delphox|1\n|-damage|p1a: Archaludon|19/100\n|-damage|p1b: Delphox|70/100\n|-ability|p1a: Archaludon|Stamina|boost\n|-boost|p1a: Archaludon|def|1\n|move|p1a: Archaludon|Aura Sphere|p2a: Charizard\n|-resisted|p2a: Charizard|1\n|-damage|p2a: Charizard|3/100\n|\n|-weather|SunnyDay|[upkeep]\n|upkeep\n|\n|t:|1776031549\n|switch|p2b: Venusaur|Venusaur, L50, F|100/100\n|turn|5\n|\n|t:|1776031565\n|move|p2b: Venusaur|Sleep Powder|p1b: Delphox|[miss]\n|-miss|p2b: Venusaur|p1b: Delphox\n|move|p1b: Delphox|Heat Wave|p2b: Venusaur|[spread] p2a,p2b\n|-resisted|p2a: Charizard|1\n|-supereffective|p2b: Venusaur|1\n|-crit|p2b: Venusaur\n|-damage|p2a: Charizard|0 fnt\n|-enditem|p2b: Venusaur|Focus Sash\n|-damage|p2b: Venusaur|1/100\n|faint|p2a: Charizard\n|move|p1a: Archaludon|Dragon Pulse|p2b: Venusaur\n|-damage|p2b: Venusaur|0 fnt\n|faint|p2b: Venusaur\n|\n|-weather|SunnyDay|[upkeep]\n|upkeep\n|\n|t:|1776031589\n|switch|p2b: Garchomp|Garchomp, L50, M|54/100\n|turn|6\n|\n|t:|1776031602\n|move|p2b: Garchomp|Dragon Claw|p1a: Archaludon\n|-damage|p1a: Archaludon|0 fnt\n|faint|p1a: Archaludon\n|move|p1b: Delphox|Psychic|p2b: Garchomp\n|-damage|p2b: Garchomp|0 fnt\n|faint|p2b: Garchomp\n|\n|win|lilsxooby\n|raw|lilsxooby's rating: 1119 &rarr; <strong>1140</strong><br />(+21 for winning)\n|raw|Villazix's rating: 1067 &rarr; <strong>1050</strong><br />(-17 for losing)\n|c|\u2606lilsxooby|gg\n",
  "uploadtime": 1776031611,
  "views": 11,
  "formatid": "gen9championsvgc2026regma",
  "rating": 1050,
  "private": 0,
  "password": null
}