{
  "id": "gen9championsvgc2026regma-2588443868",
  "format": "[Gen 9 Champions] VGC 2026 Reg M-A",
  "players": [
    "138mysx",
    "hohojo"
  ],
  "log": "|j|\u2606138mysx\n|j|\u2606hohojo\n|t:|1776634038\n|gametype|doubles\n|player|p1|138mysx|101|1055\n|player|p2|hohojo|hiker-gen4|1146\n|gen|9\n|tier|[Gen 9 Champions] VGC 2026 Reg M-A\n|rated|\n|rule|Species Clause: Limit one of each Pok\u00e9mon\n|rule|Item Clause: Limit 1 of each item\n|clearpoke\n|poke|p1|Gengar, L50, F, shiny|\n|poke|p1|Altaria, L50, F, shiny|\n|poke|p1|Sableye, L50, F, shiny|\n|poke|p1|Incineroar, L50, F, shiny|\n|poke|p1|Kingambit, L50, M|\n|poke|p1|Palafin, L50, F|\n|poke|p2|Kingambit, L50, M|\n|poke|p2|Archaludon, L50, M|\n|poke|p2|Sneasler, L50, M|\n|poke|p2|Milotic, L50, F|\n|poke|p2|Incineroar, L50, F|\n|poke|p2|Gengar, L50, M, shiny|\n|teampreview|4\n|inactive|Battle timer is ON: inactive players will automatically lose when time's up. (requested by hohojo)\n|\n|t:|1776634082\n|teamsize|p1|4\n|teamsize|p2|4\n|start\n|switch|p1a: Sableye|Sableye, L50, F, shiny|100/100\n|switch|p1b: Gengar|Gengar, L50, F, shiny|100/100\n|switch|p2a: Milotic|Milotic, L50, F|100/100\n|switch|p2b: Sneasler|Sneasler, L50, M|100/100\n|turn|1\n|\n|t:|1776634102\n|detailschange|p1b: Gengar|Gengar-Mega, L50, F, shiny\n|-mega|p1b: Gengar|Gengar|Gengarite\n|move|p2b: Sneasler|Protect|p2b: Sneasler\n|-singleturn|p2b: Sneasler|Protect\n|move|p1a: Sableye|Fake Out|p2b: Sneasler\n|-activate|p2b: Sneasler|move: Protect\n|move|p1b: Gengar|Perish Song|p1b: Gengar\n|-start|p1a: Sableye|perish3|[silent]\n|-start|p1b: Gengar|perish3|[silent]\n|-start|p2a: Milotic|perish3|[silent]\n|-start|p2b: Sneasler|perish3|[silent]\n|-fieldactivate|move: Perish Song\n|move|p2a: Milotic|Icy Wind|p1a: Sableye|[spread] p1a,p1b\n|-damage|p1a: Sableye|78/100\n|-damage|p1b: Gengar|87/100\n|-unboost|p1a: Sableye|spe|1\n|-unboost|p1b: Gengar|spe|1\n|\n|-start|p2b: Sneasler|perish3\n|-start|p1b: Gengar|perish3\n|-start|p2a: Milotic|perish3\n|-start|p1a: Sableye|perish3\n|upkeep\n|turn|2\n|inactive|hohojo has 30 seconds left.\n|\n|t:|1776634128\n|move|p1b: Gengar|Protect|p1b: Gengar\n|-singleturn|p1b: Gengar|Protect\n|move|p1a: Sableye|Encore|p2b: Sneasler\n|-start|p2b: Sneasler|Encore\n|move|p2b: Sneasler|Protect|p2b: Sneasler\n|-singleturn|p2b: Sneasler|Protect\n|move|p2a: Milotic|Muddy Water|p1b: Gengar|[spread] p1a\n|-activate|p1b: Gengar|move: Protect\n|-damage|p1a: Sableye|26/100\n|\n|-start|p2b: Sneasler|perish2\n|-start|p1b: Gengar|perish2\n|-start|p2a: Milotic|perish2\n|-start|p1a: Sableye|perish2\n|upkeep\n|turn|3\n|inactive|138mysx has 30 seconds left.\n|inactive|hohojo has 30 seconds left.\n|\n|t:|1776634156\n|move|p2b: Sneasler|Protect||[still]\n|-fail|p2b: Sneasler\n|move|p1a: Sableye|Disable|p2a: Milotic\n|-start|p2a: Milotic|Disable|Muddy Water\n|move|p1b: Gengar|Disable|p2b: Sneasler\n|-start|p2b: Sneasler|Disable|Protect\n|cant|p2a: Milotic|Disable|Muddy Water\n|\n|-start|p2b: Sneasler|perish1\n|-start|p1b: Gengar|perish1\n|-start|p2a: Milotic|perish1\n|-start|p1a: Sableye|perish1\n|upkeep\n|turn|4\n|inactive|hohojo has 30 seconds left.\n|\n|t:|1776634184\n|switch|p1b: Palafin|Palafin, L50, F|100/100\n|switch|p1a: Altaria|Altaria, L50, F, shiny|100/100\n|-ability|p1a: Altaria|Cloud Nine\n|-activate|p2b: Sneasler|move: Struggle\n|move|p2b: Sneasler|Struggle|p1b: Palafin\n|-damage|p1b: Palafin|75/100\n|-damage|p2b: Sneasler|76/100|[from] recoil\n|move|p2a: Milotic|Scald|p1b: Palafin\n|-resisted|p1b: Palafin|1\n|-damage|p1b: Palafin|45/100\n|\n|-end|p2b: Sneasler|Encore\n|-start|p2b: Sneasler|perish0\n|-start|p2a: Milotic|perish0\n|faint|p2b: Sneasler\n|faint|p2a: Milotic\n|upkeep\n|\n|t:|1776634199\n|switch|p2b: Kingambit|Kingambit, L50, M|100/100\n|switch|p2a: Gengar|Gengar, L50, M, shiny|100/100\n|-activate|p2b: Kingambit|ability: Supreme Overlord\n|-start|p2b: Kingambit|fallen2|[silent]\n|turn|5\n|inactive|138mysx has 30 seconds left.\n|\n|t:|1776634230\n|detailschange|p2a: Gengar|Gengar-Mega, L50, M, shiny\n|-mega|p2a: Gengar|Gengar|Gengarite\n|move|p1b: Palafin|Protect|p1b: Palafin\n|-singleturn|p1b: Palafin|Protect\n|move|p2a: Gengar|Dazzling Gleam|p1a: Altaria|[spread] p1a\n|-activate|p1b: Palafin|move: Protect\n|-supereffective|p1a: Altaria|1\n|-damage|p1a: Altaria|60/100\n|move|p1a: Altaria|Perish Song|p1a: Altaria\n|-start|p1a: Altaria|perish3|[silent]\n|-start|p1b: Palafin|perish3|[silent]\n|-start|p2a: Gengar|perish3|[silent]\n|-start|p2b: Kingambit|perish3|[silent]\n|-fieldactivate|move: Perish Song\n|move|p2b: Kingambit|Kowtow Cleave|p1b: Palafin\n|-activate|p1b: Palafin|move: Protect\n|\n|-start|p2a: Gengar|perish3\n|-start|p1b: Palafin|perish3\n|-start|p1a: Altaria|perish3\n|-start|p2b: Kingambit|perish3\n|upkeep\n|turn|6\n|inactive|138mysx has 30 seconds left.\n|\n|t:|1776634262\n|move|p1a: Altaria|Protect|p1a: Altaria\n|-singleturn|p1a: Altaria|Protect\n|move|p2a: Gengar|Dazzling Gleam|p1a: Altaria|[spread] p1b\n|-activate|p1a: Altaria|move: Protect\n|-damage|p1b: Palafin|11/100\n|move|p1b: Palafin|Wave Crash|p2b: Kingambit\n|-damage|p2b: Kingambit|60/100\n|-damage|p1b: Palafin|0 fnt|[from] Recoil\n|faint|p1b: Palafin\n|move|p2b: Kingambit|Kowtow Cleave|p1a: Altaria\n|-activate|p1a: Altaria|move: Protect\n|\n|-start|p2a: Gengar|perish2\n|-start|p1a: Altaria|perish2\n|-start|p2b: Kingambit|perish2\n|upkeep\n|\n|t:|1776634278\n|switch|p1b: Sableye|Sableye, L50, F, shiny|26/100\n|turn|7\n|\n|t:|1776634296\n|move|p1b: Sableye|Protect|p1b: Sableye\n|-singleturn|p1b: Sableye|Protect\n|move|p2b: Kingambit|Sucker Punch||[still]\n|-fail|p2b: Kingambit\n|move|p2a: Gengar|Sludge Bomb|p1a: Altaria\n|-damage|p1a: Altaria|9/100\n|move|p1a: Altaria|Breaking Swipe|p2b: Kingambit|[spread] p2a,p2b\n|-resisted|p2b: Kingambit|1\n|-damage|p2a: Gengar|83/100\n|-damage|p2b: Kingambit|56/100\n|-unboost|p2a: Gengar|atk|1\n|-unboost|p2b: Kingambit|atk|1\n|\n|-start|p2a: Gengar|perish1\n|-start|p1a: Altaria|perish1\n|-start|p2b: Kingambit|perish1\n|upkeep\n|turn|8\n|\n|t:|1776634307\n|move|p1a: Altaria|Protect|p1a: Altaria\n|-singleturn|p1a: Altaria|Protect\n|move|p1b: Sableye|Encore|p2b: Kingambit\n|-hint|Since gen 7, Dark is immune to Prankster moves.\n|-immune|p2b: Kingambit\n|move|p2b: Kingambit|Sucker Punch||[still]\n|-fail|p2b: Kingambit\n|move|p2a: Gengar|Dazzling Gleam|p1b: Sableye|[spread] p1b\n|-activate|p1a: Altaria|move: Protect\n|-supereffective|p1b: Sableye|1\n|-enditem|p1b: Sableye|Roseli Berry|[eat]\n|-enditem|p1b: Sableye|Roseli Berry|[weaken]\n|-damage|p1b: Sableye|0 fnt\n|faint|p1b: Sableye\n|\n|-start|p2a: Gengar|perish0\n|-start|p1a: Altaria|perish0\n|-start|p2b: Kingambit|perish0\n|faint|p2a: Gengar\n|faint|p1a: Altaria\n|faint|p2b: Kingambit\n|-end|p2b: Kingambit|fallen2|[silent]\n|\n|win|138mysx\n|raw|138mysx's rating: 1055 &rarr; <strong>1095</strong><br />(+40 for winning)\n|raw|hohojo's rating: 1146 &rarr; <strong>1115</strong><br />(-31 for losing)\n|l|\u2606hohojo\n|player|p2|\n",
  "uploadtime": 1776634811,
  "views": 10,
  "formatid": "gen9championsvgc2026regma",
  "rating": 1095,
  "private": 0,
  "password": null
}