{
  "id": "gen9championsvgc2026regma-2582969747",
  "format": "[Gen 9 Champions] VGC 2026 Reg M-A",
  "players": [
    "boysenorange",
    "ZinoZaur"
  ],
  "log": "|j|\u2606boysenorange\n|j|\u2606ZinoZaur\n|t:|1776129472\n|gametype|doubles\n|player|p1|boysenorange|turo|1117\n|player|p2|ZinoZaur|drayden|1061\n|gen|9\n|tier|[Gen 9 Champions] VGC 2026 Reg M-A\n|rated|\n|rule|Species Clause: Limit one of each Pok\u00e9mon\n|rule|Item Clause: Limit 1 of each item\n|clearpoke\n|poke|p1|Farigiraf, L50, M|\n|poke|p1|Maushold-Four, L50|\n|poke|p1|Camerupt, L50, M|\n|poke|p1|Hatterene, L50, F|\n|poke|p1|Meowstic, L50, M|\n|poke|p1|Venusaur, L50, F|\n|poke|p2|Aggron, L50, F|\n|poke|p2|Alakazam, L50, M|\n|poke|p2|Araquanid, L50, F|\n|poke|p2|Ampharos, L50, F|\n|poke|p2|Altaria, L50, M|\n|poke|p2|Sinistcha, L50|\n|teampreview|4\n|inactive|Battle timer is ON: inactive players will automatically lose when time's up. (requested by boysenorange)\n|\n|t:|1776129548\n|teamsize|p1|4\n|teamsize|p2|4\n|start\n|switch|p1a: Farigiraf|Farigiraf, L50, M|100/100\n|switch|p1b: Meowstic|Meowstic, L50, M|100/100\n|switch|p2a: Araquanid|Araquanid, L50, F|100/100\n|switch|p2b: Sinistcha|Sinistcha, L50|100/100\n|turn|1\n|\n|t:|1776129560\n|move|p1b: Meowstic|Fake Out|p2a: Araquanid\n|-damage|p2a: Araquanid|95/100\n|move|p2b: Sinistcha|Shadow Ball|p1b: Meowstic\n|-supereffective|p1b: Meowstic|1\n|-damage|p1b: Meowstic|9/100\n|move|p1a: Farigiraf|Nasty Plot|p1a: Farigiraf\n|-boost|p1a: Farigiraf|spa|2\n|cant|p2a: Araquanid|flinch\n|\n|upkeep\n|turn|2\n|\n|t:|1776129570\n|move|p2a: Araquanid|Wide Guard|p2a: Araquanid\n|-singleturn|p2a: Araquanid|Wide Guard\n|move|p1b: Meowstic|Sunny Day|p1b: Meowstic\n|-weather|SunnyDay\n|move|p2b: Sinistcha|Shadow Ball|p1b: Meowstic\n|-supereffective|p1b: Meowstic|1\n|-damage|p1b: Meowstic|0 fnt\n|faint|p1b: Meowstic\n|move|p1a: Farigiraf|Trick Room|p1a: Farigiraf\n|-fieldstart|move: Trick Room|[of] p1a: Farigiraf\n|\n|-weather|SunnyDay|[upkeep]\n|upkeep\n|\n|t:|1776129577\n|switch|p1b: Camerupt|Camerupt, L50, M|100/100\n|turn|3\n|\n|t:|1776129590\n|detailschange|p1b: Camerupt|Camerupt-Mega, L50, M\n|-mega|p1b: Camerupt|Camerupt|Cameruptite\n|move|p2a: Araquanid|Wide Guard|p2a: Araquanid\n|-singleturn|p2a: Araquanid|Wide Guard\n|move|p1b: Camerupt|Flamethrower|p2b: Sinistcha\n|-supereffective|p2b: Sinistcha|1\n|-damage|p2b: Sinistcha|0 fnt\n|faint|p2b: Sinistcha\n|move|p1a: Farigiraf|Hyper Voice|p2a: Araquanid\n|-activate|p2a: Araquanid|move: Wide Guard\n|\n|-weather|SunnyDay|[upkeep]\n|upkeep\n|\n|t:|1776129601\n|switch|p2b: Aggron|Aggron, L50, F|100/100\n|turn|4\n|\n|t:|1776129620\n|move|p1b: Camerupt|Earth Power|p2b: Aggron\n|-supereffective|p2b: Aggron|2\n|-ability|p2b: Aggron|Sturdy\n|-damage|p2b: Aggron|1/100\n|move|p2a: Araquanid|Soak|p2b: Aggron\n|-start|p2b: Aggron|typechange|Water\n|move|p2b: Aggron|Rock Slide|p1b: Camerupt|[spread] p1a,p1b\n|-damage|p1a: Farigiraf|86/100\n|-damage|p1b: Camerupt|86/100\n|move|p1a: Farigiraf|Psyshock|p2b: Aggron\n|-damage|p2b: Aggron|0 fnt\n|faint|p2b: Aggron\n|\n|-weather|SunnyDay|[upkeep]\n|upkeep\n|\n|t:|1776129631\n|switch|p2b: Alakazam|Alakazam, L50, M|100/100\n|turn|5\n|\n|t:|1776129645\n|move|p1b: Camerupt|Flamethrower|p2b: Alakazam\n|-enditem|p2b: Alakazam|Focus Sash\n|-damage|p2b: Alakazam|1/100\n|move|p2a: Araquanid|Chilling Water|p1b: Camerupt\n|-supereffective|p1b: Camerupt|2\n|-damage|p1b: Camerupt|29/100\n|-unboost|p1b: Camerupt|atk|1\n|move|p1a: Farigiraf|Hyper Voice|p2a: Araquanid|[spread] p2a,p2b\n|-crit|p2a: Araquanid\n|-damage|p2a: Araquanid|29/100\n|-damage|p2b: Alakazam|0 fnt\n|faint|p2b: Alakazam\n|\n|-weather|SunnyDay|[upkeep]\n|upkeep\n|turn|6\n|-message|ZinoZaur forfeited.\n|\n|win|boysenorange\n|raw|boysenorange's rating: 1117 &rarr; <strong>1138</strong><br />(+21 for winning)\n|raw|ZinoZaur's rating: 1061 &rarr; <strong>1045</strong><br />(-16 for losing)\n|l|\u2606ZinoZaur\n|player|p2|\n",
  "uploadtime": 1776129660,
  "views": 12,
  "formatid": "gen9championsvgc2026regma",
  "rating": 1045,
  "private": 0,
  "password": null
}