{
  "id": "gen9championsvgc2026regma-2580792854",
  "format": "[Gen 9 Champions] VGC 2026 Reg M-A",
  "players": [
    "rz2trendy",
    "hamcook"
  ],
  "log": "|j|\u2606rz2trendy\n|j|\u2606hamcook\n|t:|1775932905\n|gametype|doubles\n|player|p1|rz2trendy|miku-ghost|1113\n|player|p2|hamcook|cynthia-gen4|1121\n|gen|9\n|tier|[Gen 9 Champions] VGC 2026 Reg M-A\n|rated|\n|rule|Species Clause: Limit one of each Pok\u00e9mon\n|rule|Item Clause: Limit 1 of each item\n|clearpoke\n|poke|p1|Gardevoir, L50, F|\n|poke|p1|Dragapult, L50, F|\n|poke|p1|Talonflame, L50, M|\n|poke|p1|Garchomp, L50, M|\n|poke|p1|Rotom-Wash, L50|\n|poke|p1|Sinistcha, L50|\n|poke|p2|Farigiraf, L50, M|\n|poke|p2|Sinistcha, L50|\n|poke|p2|Blastoise, L50, M|\n|poke|p2|Politoed, L50, F|\n|poke|p2|Torkoal, L50, M|\n|poke|p2|Kingambit, L50, F|\n|teampreview|4\n|inactive|Battle timer is ON: inactive players will automatically lose when time's up. (requested by hamcook)\n|\n|t:|1775932951\n|teamsize|p1|4\n|teamsize|p2|4\n|start\n|switch|p1a: Talonflame|Talonflame, L50, M|100/100\n|switch|p1b: Garchomp|Garchomp, L50, M|100/100\n|switch|p2a: Blastoise|Blastoise, L50, M|100/100\n|switch|p2b: Farigiraf|Farigiraf, L50, M|100/100\n|turn|1\n|\n|t:|1775932971\n|detailschange|p1b: Garchomp|Garchomp-Mega, L50, M\n|-mega|p1b: Garchomp|Garchomp|Garchompite\n|detailschange|p2a: Blastoise|Blastoise-Mega, L50, M\n|-mega|p2a: Blastoise|Blastoise|Blastoisinite\n|move|p2a: Blastoise|Fake Out|p1b: Garchomp\n|-damage|p1b: Garchomp|92/100\n|move|p1a: Talonflame|Overheat|p2b: Farigiraf\n|-damage|p2b: Farigiraf|61/100\n|-unboost|p1a: Talonflame|spa|2\n|-enditem|p1a: Talonflame|White Herb\n|-clearnegativeboost|p1a: Talonflame|[silent]\n|cant|p1b: Garchomp|flinch\n|move|p2b: Farigiraf|Trick Room|p2b: Farigiraf\n|-fieldstart|move: Trick Room|[of] p2b: Farigiraf\n|\n|upkeep\n|turn|2\n|\n|t:|1775932987\n|switch|p2b: Politoed|Politoed, L50, F|100/100\n|-weather|RainDance|[from] ability: Drizzle|[of] p2b: Politoed\n|move|p1a: Talonflame|Acrobatics|p2b: Politoed\n|-damage|p2b: Politoed|65/100\n|move|p2a: Blastoise|Water Spout|p1a: Talonflame|[spread] p1a,p1b\n|-supereffective|p1a: Talonflame|1\n|-damage|p1a: Talonflame|0 fnt\n|-damage|p1b: Garchomp|0 fnt\n|faint|p1a: Talonflame\n|faint|p1b: Garchomp\n|\n|-weather|RainDance|[upkeep]\n|-heal|p2b: Politoed|72/100|[from] item: Leftovers\n|upkeep\n|\n|t:|1775932996\n|switch|p1b: Dragapult|Dragapult, L50, F|100/100\n|switch|p1a: Sinistcha|Sinistcha, L50|100/100\n|turn|3\n|\n|t:|1775933010\n|move|p1b: Dragapult|Protect|p1b: Dragapult\n|-singleturn|p1b: Dragapult|Protect\n|move|p2b: Politoed|Perish Song|p2b: Politoed\n|-start|p1a: Sinistcha|perish3|[silent]\n|-start|p1b: Dragapult|perish3|[silent]\n|-start|p2a: Blastoise|perish3|[silent]\n|-start|p2b: Politoed|perish3|[silent]\n|-fieldactivate|move: Perish Song\n|move|p2a: Blastoise|Water Spout|p1b: Dragapult|[spread] p1a\n|-activate|p1b: Dragapult|move: Protect\n|-resisted|p1a: Sinistcha|1\n|-damage|p1a: Sinistcha|32/100\n|move|p1a: Sinistcha|Trick Room|p1a: Sinistcha\n|-fieldend|move: Trick Room\n|\n|-weather|RainDance|[upkeep]\n|-heal|p2b: Politoed|78/100|[from] item: Leftovers\n|-start|p1b: Dragapult|perish3\n|-start|p2a: Blastoise|perish3\n|-start|p2b: Politoed|perish3\n|-start|p1a: Sinistcha|perish3\n|upkeep\n|turn|4\n|\n|t:|1775933031\n|switch|p2a: Kingambit|Kingambit, L50, F, shiny|100/100\n|move|p2b: Politoed|Protect|p2b: Politoed\n|-singleturn|p2b: Politoed|Protect\n|move|p1b: Dragapult|Dragon Darts|p2a: Kingambit\n|-resisted|p2a: Kingambit|1\n|-damage|p2a: Kingambit|91/100\n|-anim|p1b: Dragapult|Dragon Darts|p2a: Kingambit\n|-resisted|p2a: Kingambit|1\n|-damage|p2a: Kingambit|82/100\n|move|p1a: Sinistcha|Matcha Gotcha|p2a: Kingambit|[spread] p2a\n|-activate|p2b: Politoed|move: Protect\n|-resisted|p2a: Kingambit|1\n|-damage|p2a: Kingambit|68/100\n|-heal|p1a: Sinistcha|42/100|[from] drain|[of] p2a: Kingambit\n|\n|-weather|RainDance|[upkeep]\n|-heal|p2b: Politoed|84/100|[from] item: Leftovers\n|-start|p1b: Dragapult|perish2\n|-start|p1a: Sinistcha|perish2\n|-start|p2b: Politoed|perish2\n|upkeep\n|turn|5\n|-message|rz2trendy forfeited.\n|\n|win|hamcook\n|raw|rz2trendy's rating: 1113 &rarr; <strong>1089</strong><br />(-24 for losing)\n|raw|hamcook's rating: 1121 &rarr; <strong>1145</strong><br />(+24 for winning)\n|l|\u2606rz2trendy\n|player|p1|\n",
  "uploadtime": 1775933057,
  "views": 13,
  "formatid": "gen9championsvgc2026regma",
  "rating": 1089,
  "private": 0,
  "password": null
}