{
  "id": "gen9championsvgc2026regma-2584762200",
  "format": "[Gen 9 Champions] VGC 2026 Reg M-A",
  "players": [
    "BALOUWHALE",
    "dededelete this03"
  ],
  "log": "|j|\u2606BALOUWHALE\n|j|\u2606dededelete this03\n|t:|1776281859\n|gametype|doubles\n|player|p1|BALOUWHALE|101|1064\n|player|p2|dededelete this03|clown|1106\n|gen|9\n|tier|[Gen 9 Champions] VGC 2026 Reg M-A\n|rated|\n|rule|Species Clause: Limit one of each Pok\u00e9mon\n|rule|Item Clause: Limit 1 of each item\n|clearpoke\n|poke|p1|Starmie, L50|\n|poke|p1|Rotom-Heat, L50|\n|poke|p1|Aerodactyl, L50, F|\n|poke|p1|Aegislash, L50, F|\n|poke|p1|Tyranitar, L50, M|\n|poke|p1|Garchomp, L50, M|\n|poke|p2|Mimikyu, L50, M|\n|poke|p2|Crabominable, L50, M|\n|poke|p2|Ninetales-Alola, L50, F|\n|poke|p2|Sinistcha, L50|\n|poke|p2|Incineroar, L50, F|\n|poke|p2|Gengar, L50, M|\n|teampreview|4\n|\n|t:|1776281914\n|teamsize|p1|4\n|teamsize|p2|4\n|start\n|switch|p1a: Aerodactyl|Aerodactyl, L50, F|100/100\n|switch|p1b: Garchomp|Garchomp, L50, M|100/100\n|switch|p2a: RichesToRags|Mimikyu, L50, M|100/100\n|switch|p2b: Hala|Crabominable, L50, M|100/100\n|turn|1\n|\n|t:|1776281935\n|detailschange|p2b: Hala|Crabominable-Mega, L50, M\n|-mega|p2b: Hala|Crabominable|Crabominite\n|move|p1b: Garchomp|Protect|p1b: Garchomp\n|-singleturn|p1b: Garchomp|Protect\n|move|p2b: Hala|Protect|p2b: Hala\n|-singleturn|p2b: Hala|Protect\n|move|p1a: Aerodactyl|Tailwind|p1a: Aerodactyl\n|-sidestart|p1: BALOUWHALE|move: Tailwind\n|move|p2a: RichesToRags|Trick Room|p2a: RichesToRags\n|-fieldstart|move: Trick Room|[of] p2a: RichesToRags\n|\n|upkeep\n|turn|2\n|\n|t:|1776281963\n|move|p2b: Hala|Ice Hammer|p1b: Garchomp\n|-supereffective|p1b: Garchomp|2\n|-damage|p1b: Garchomp|0 fnt\n|-unboost|p2b: Hala|spe|1\n|faint|p1b: Garchomp\n|move|p2a: RichesToRags|Will-O-Wisp|p1a: Aerodactyl\n|-status|p1a: Aerodactyl|brn\n|move|p1a: Aerodactyl|Dual Wingbeat|p2b: Hala\n|-supereffective|p2b: Hala|1\n|-damage|p2b: Hala|88/100\n|-supereffective|p2b: Hala|1\n|-damage|p2b: Hala|74/100\n|-hitcount|p2b: Hala|2\n|\n|-damage|p1a: Aerodactyl|95/100 brn|[from] brn\n|upkeep\n|\n|t:|1776281981\n|switch|p1b: Rotom|Rotom-Heat, L50|100/100\n|turn|3\n|\n|t:|1776281995\n|switch|p2a: Veyle|Ninetales-Alola, L50, F|100/100\n|-weather|Snowscape|[from] ability: Snow Warning|[of] p2a: Veyle\n|move|p1a: Aerodactyl|Protect|p1a: Aerodactyl\n|-singleturn|p1a: Aerodactyl|Protect\n|move|p2b: Hala|Drain Punch|p1b: Rotom\n|-damage|p1b: Rotom|34/100\n|-heal|p2b: Hala|99/100|[from] drain|[of] p1b: Rotom\n|-enditem|p1b: Rotom|Sitrus Berry|[eat]\n|-heal|p1b: Rotom|58/100|[from] item: Sitrus Berry\n|move|p1b: Rotom|Overheat|p2b: Hala\n|-supereffective|p2b: Hala|1\n|-damage|p2b: Hala|0 fnt\n|-unboost|p1b: Rotom|spa|2\n|faint|p2b: Hala\n|\n|-weather|Snowscape|[upkeep]\n|-damage|p1a: Aerodactyl|89/100 brn|[from] brn\n|upkeep\n|\n|t:|1776282021\n|switch|p2b: FoxeyTCG|Incineroar, L50, F, shiny|100/100\n|-ability|p2b: FoxeyTCG|Intimidate|boost\n|-unboost|p1a: Aerodactyl|atk|1\n|-unboost|p1b: Rotom|atk|1\n|turn|4\n|\n|t:|1776282041\n|switch|p1b: Starmie|Starmie, L50|100/100\n|move|p2b: FoxeyTCG|Darkest Lariat|p1b: Starmie\n|-supereffective|p1b: Starmie|1\n|-damage|p1b: Starmie|0 fnt\n|faint|p1b: Starmie\n|move|p2a: Veyle|Aurora Veil|p2a: Veyle\n|-sidestart|p2: dededelete this03|move: Aurora Veil\n|move|p1a: Aerodactyl|Rock Slide|p2a: Veyle|[spread] p2a,p2b\n|-supereffective|p2a: Veyle|1\n|-supereffective|p2b: FoxeyTCG|1\n|-damage|p2a: Veyle|92/100\n|-damage|p2b: FoxeyTCG|90/100\n|\n|-weather|Snowscape|[upkeep]\n|-damage|p1a: Aerodactyl|83/100 brn|[from] brn\n|-sideend|p1: BALOUWHALE|move: Tailwind\n|upkeep\n|\n|t:|1776282056\n|switch|p1b: Rotom|Rotom-Heat, L50|58/100\n|turn|5\n|\n|t:|1776282067\n|move|p2b: FoxeyTCG|Fake Out||[still]\n|-hint|Fake Out only works on your first turn out.\n|-fail|p2b: FoxeyTCG\n|move|p1b: Rotom|Overheat|p2a: Veyle|[miss]\n|-miss|p1b: Rotom|p2a: Veyle\n|move|p2a: Veyle|Blizzard|p1b: Rotom|[spread] p1a,p1b\n|-supereffective|p1a: Aerodactyl|1\n|-resisted|p1b: Rotom|1\n|-damage|p1a: Aerodactyl|28/100 brn\n|-damage|p1b: Rotom|45/100\n|move|p1a: Aerodactyl|Rock Slide|p2b: FoxeyTCG|[spread] p2a,p2b\n|-supereffective|p2a: Veyle|1\n|-supereffective|p2b: FoxeyTCG|1\n|-damage|p2a: Veyle|83/100\n|-damage|p2b: FoxeyTCG|80/100\n|\n|-weather|Snowscape|[upkeep]\n|-damage|p1a: Aerodactyl|22/100 brn|[from] brn\n|-fieldend|move: Trick Room\n|upkeep\n|turn|6\n|-message|BALOUWHALE forfeited.\n|\n|win|dededelete this03\n|raw|BALOUWHALE's rating: 1064 &rarr; <strong>1047</strong><br />(-17 for losing)\n|raw|dededelete this03's rating: 1106 &rarr; <strong>1128</strong><br />(+22 for winning)\n|l|\u2606BALOUWHALE\n|player|p1|\n",
  "uploadtime": 1776282209,
  "views": 21,
  "formatid": "gen9championsvgc2026regma",
  "rating": 1047,
  "private": 0,
  "password": null
}