{
  "id": "gen9championsvgc2026regma-2581314979",
  "format": "[Gen 9 Champions] VGC 2026 Reg M-A",
  "players": [
    "siunhanech",
    "zeranogamer147"
  ],
  "log": "|j|\u2606siunhanech\n|j|\u2606zeranogamer147\n|t:|1775985467\n|gametype|doubles\n|player|p1|siunhanech|cynthia-gen4|1370\n|player|p2|zeranogamer147|2|1330\n|gen|9\n|tier|[Gen 9 Champions] VGC 2026 Reg M-A\n|rated|\n|rule|Species Clause: Limit one of each Pok\u00e9mon\n|rule|Item Clause: Limit 1 of each item\n|clearpoke\n|poke|p1|Incineroar, L50, F|\n|poke|p1|Garchomp, L50, F|\n|poke|p1|Rotom-Wash, L50|\n|poke|p1|Orthworm, L50, F|\n|poke|p1|Basculegion, L50, M|\n|poke|p1|Froslass, L50, F|\n|poke|p2|Charizard, L50, F|\n|poke|p2|Venusaur, L50, M|\n|poke|p2|Garchomp, L50, M|\n|poke|p2|Gardevoir, L50, M|\n|poke|p2|Milotic, L50, F|\n|poke|p2|Incineroar, L50, M|\n|teampreview|4\n|inactive|Battle timer is ON: inactive players will automatically lose when time's up. (requested by siunhanech)\n|\n|t:|1775985484\n|teamsize|p1|4\n|teamsize|p2|4\n|start\n|switch|p1a: C\u00e1 m\u1eadp b\u00e9o|Garchomp, L50, F|100/100\n|switch|p1b: C\u00e1 ch\u00e9p r\u00e1n|Basculegion, L50, M, shiny|100/100\n|switch|p2a: Charizard|Charizard, L50, F|100/100\n|switch|p2b: Gardevoir|Gardevoir, L50, M|100/100\n|-ability|p2b: Gardevoir|Adaptability|Trace|[from] ability: Trace|[of] p1b: C\u00e1 ch\u00e9p r\u00e1n\n|turn|1\n|\n|t:|1775985496\n|detailschange|p2a: Charizard|Charizard-Mega-Y, L50, F\n|-mega|p2a: Charizard|Charizard|Charizardite Y\n|-weather|SunnyDay|[from] ability: Drought|[of] p2a: Charizard\n|move|p2b: Gardevoir|Moonblast|p1a: C\u00e1 m\u1eadp b\u00e9o\n|-supereffective|p1a: C\u00e1 m\u1eadp b\u00e9o|1\n|-enditem|p1a: C\u00e1 m\u1eadp b\u00e9o|Focus Sash\n|-damage|p1a: C\u00e1 m\u1eadp b\u00e9o|1/100\n|move|p1b: C\u00e1 ch\u00e9p r\u00e1n|Flip Turn|p2b: Gardevoir\n|-damage|p2b: Gardevoir|70/100\n|j| Andrey Koitrans\n|\n|t:|1775985512\n|switch|p1b: M\u00e1y gi\u1eb7t b\u00e9o|Rotom-Wash, L50, shiny|100/100|[from] Flip Turn\n|move|p1a: C\u00e1 m\u1eadp b\u00e9o|Rock Slide|p2a: Charizard|[spread] p2a,p2b\n|-supereffective|p2a: Charizard|2\n|-damage|p2a: Charizard|0 fnt\n|-damage|p2b: Gardevoir|38/100\n|faint|p2a: Charizard\n|\n|-weather|SunnyDay|[upkeep]\n|upkeep\n|l| Andrey Koitrans\n|\n|t:|1775985518\n|switch|p2a: Venusaur|Venusaur, L50, M|100/100\n|turn|2\n|\n|t:|1775985534\n|move|p1a: C\u00e1 m\u1eadp b\u00e9o|Protect|p1a: C\u00e1 m\u1eadp b\u00e9o\n|-singleturn|p1a: C\u00e1 m\u1eadp b\u00e9o|Protect\n|move|p2a: Venusaur|Sleep Powder|p1b: M\u00e1y gi\u1eb7t b\u00e9o\n|-status|p1b: M\u00e1y gi\u1eb7t b\u00e9o|slp|[from] move: Sleep Powder\n|move|p2b: Gardevoir|Moonblast|p1a: C\u00e1 m\u1eadp b\u00e9o\n|-activate|p1a: C\u00e1 m\u1eadp b\u00e9o|move: Protect\n|cant|p1b: M\u00e1y gi\u1eb7t b\u00e9o|slp\n|\n|-weather|SunnyDay|[upkeep]\n|upkeep\n|turn|3\n|j| ShiawaseVCG\n|\n|t:|1775985543\n|move|p1a: C\u00e1 m\u1eadp b\u00e9o|Protect||[still]\n|-fail|p1a: C\u00e1 m\u1eadp b\u00e9o\n|move|p2a: Venusaur|Leaf Storm|p1b: M\u00e1y gi\u1eb7t b\u00e9o\n|-supereffective|p1b: M\u00e1y gi\u1eb7t b\u00e9o|1\n|-damage|p1b: M\u00e1y gi\u1eb7t b\u00e9o|0 fnt\n|-unboost|p2a: Venusaur|spa|2\n|faint|p1b: M\u00e1y gi\u1eb7t b\u00e9o\n|move|p2b: Gardevoir|Moonblast|p1a: C\u00e1 m\u1eadp b\u00e9o\n|-supereffective|p1a: C\u00e1 m\u1eadp b\u00e9o|1\n|-damage|p1a: C\u00e1 m\u1eadp b\u00e9o|0 fnt\n|faint|p1a: C\u00e1 m\u1eadp b\u00e9o\n|\n|-weather|SunnyDay|[upkeep]\n|upkeep\n|\n|t:|1775985548\n|switch|p1a: C\u00e1 ch\u00e9p r\u00e1n|Basculegion, L50, M, shiny|100/100\n|switch|p1b: Waifu|Froslass, L50, F|100/100\n|turn|4\n|j| gE1xjZRtuhW2DdT0AK\n|inactive|zeranogamer147 has 30 seconds left.\n|\n|t:|1775985575\n|switch|p2b: Incineroar|Incineroar, L50, M|100/100\n|-ability|p2b: Incineroar|Intimidate|boost\n|-unboost|p1a: C\u00e1 ch\u00e9p r\u00e1n|atk|1\n|-unboost|p1b: Waifu|atk|1\n|detailschange|p1b: Waifu|Froslass-Mega, L50, F\n|-mega|p1b: Waifu|Froslass|Froslassite\n|-weather|Snowscape|[from] ability: Snow Warning|[of] p1b: Waifu\n|move|p1a: C\u00e1 ch\u00e9p r\u00e1n|Last Respects|p2b: Incineroar\n|-resisted|p2b: Incineroar|1\n|-damage|p2b: Incineroar|69/100\n|move|p1b: Waifu|Blizzard|p2b: Incineroar|[spread] p2a,p2b\n|-supereffective|p2a: Venusaur|1\n|-resisted|p2b: Incineroar|1\n|-enditem|p2a: Venusaur|Focus Sash\n|-damage|p2a: Venusaur|1/100\n|-damage|p2b: Incineroar|49/100\n|-enditem|p2b: Incineroar|Sitrus Berry|[eat]\n|-heal|p2b: Incineroar|74/100|[from] item: Sitrus Berry\n|move|p2a: Venusaur|Sleep Powder|p1a: C\u00e1 ch\u00e9p r\u00e1n|[miss]\n|-miss|p2a: Venusaur|p1a: C\u00e1 ch\u00e9p r\u00e1n\n|\n|-weather|Snowscape|[upkeep]\n|upkeep\n|turn|5\n|inactive|siunhanech has 30 seconds left.\n|inactive|zeranogamer147 has 30 seconds left.\n|\n|t:|1775985605\n|move|p1b: Waifu|Protect|p1b: Waifu\n|-singleturn|p1b: Waifu|Protect\n|move|p1a: C\u00e1 ch\u00e9p r\u00e1n|Last Respects|p2a: Venusaur\n|-crit|p2a: Venusaur\n|-damage|p2a: Venusaur|0 fnt\n|faint|p2a: Venusaur\n|move|p2b: Incineroar|Throat Chop|p1a: C\u00e1 ch\u00e9p r\u00e1n\n|-supereffective|p1a: C\u00e1 ch\u00e9p r\u00e1n|1\n|-damage|p1a: C\u00e1 ch\u00e9p r\u00e1n|0 fnt\n|faint|p1a: C\u00e1 ch\u00e9p r\u00e1n\n|\n|-weather|Snowscape|[upkeep]\n|upkeep\n|\n|t:|1775985609\n|switch|p2a: Gardevoir|Gardevoir, L50, M|38/100\n|-ability|p2a: Gardevoir|Snow Warning|Trace|[from] ability: Trace|[of] p1b: Waifu\n|turn|6\n|\n|t:|1775985619\n|move|p2a: Gardevoir|Moonblast|p1b: Waifu\n|-damage|p1b: Waifu|38/100\n|move|p1b: Waifu|Nasty Plot|p1b: Waifu\n|-boost|p1b: Waifu|spa|2\n|move|p2b: Incineroar|Flare Blitz|p1b: Waifu\n|-supereffective|p1b: Waifu|1\n|-damage|p1b: Waifu|0 fnt\n|faint|p1b: Waifu\n|-damage|p2b: Incineroar|65/100|[from] Recoil\n|\n|win|zeranogamer147\n|raw|siunhanech's rating: 1370 &rarr; <strong>1348</strong><br />(-22 for losing)\n|raw|zeranogamer147's rating: 1330 &rarr; <strong>1352</strong><br />(+22 for winning)\n|l|\u2606siunhanech\n|player|p1|\n|l|\u2606zeranogamer147\n|player|p2|\n",
  "uploadtime": 1775985651,
  "views": 26,
  "formatid": "gen9championsvgc2026regma",
  "rating": 1348,
  "private": 0,
  "password": null
}