{
  "id": "gen9championsvgc2026regma-2582617133",
  "format": "[Gen 9 Champions] VGC 2026 Reg M-A",
  "players": [
    "KarmicPines2002",
    "AdamHamTheShowdown"
  ],
  "log": "|j|\u2606KarmicPines2002\n|j|\u2606AdamHamTheShowdown\n|t:|1776102896\n|gametype|doubles\n|player|p1|KarmicPines2002|2|1049\n|player|p2|AdamHamTheShowdown|265|1000\n|gen|9\n|tier|[Gen 9 Champions] VGC 2026 Reg M-A\n|rated|\n|rule|Species Clause: Limit one of each Pok\u00e9mon\n|rule|Item Clause: Limit 1 of each item\n|clearpoke\n|poke|p1|Tyranitar, L50, M|\n|poke|p1|Hatterene, L50, F|\n|poke|p1|Farigiraf, L50, M|\n|poke|p1|Gallade, L50, M|\n|poke|p1|Incineroar, L50, M|\n|poke|p1|Garchomp, L50, F|\n|poke|p2|Gardevoir, L50, M|\n|poke|p2|Dragapult, L50, M|\n|poke|p2|Dragonite, L50, F|\n|poke|p2|Kingambit, L50, M|\n|poke|p2|Arcanine-Hisui, L50, M|\n|poke|p2|Pelipper, L50, F|\n|teampreview|4\n|inactive|Battle timer is ON: inactive players will automatically lose when time's up. (requested by KarmicPines2002)\n|inactive|KarmicPines2002 has 60 seconds left.\n|inactive|AdamHamTheShowdown has 60 seconds left.\n|\n|t:|1776102955\n|teamsize|p1|4\n|teamsize|p2|4\n|start\n|switch|p1a: Tyranitar|Tyranitar, L50, M, shiny|100/100\n|switch|p1b: Garchomp|Garchomp, L50, F|100/100\n|switch|p2a: Gardevoir|Gardevoir, L50, M|100/100\n|switch|p2b: Dragonite|Dragonite, L50, F|100/100\n|-ability|p2a: Gardevoir|Sand Stream|Trace|[from] ability: Trace|[of] p1a: Tyranitar\n|-weather|Sandstorm|[from] ability: Sand Stream|[of] p2a: Gardevoir\n|turn|1\n|inactive|KarmicPines2002 has 30 seconds left.\n|inactive|AdamHamTheShowdown has 30 seconds left.\n|inactive|KarmicPines2002 has 20 seconds left.\n|inactive|AdamHamTheShowdown has 20 seconds left.\n|inactive|AdamHamTheShowdown has 15 seconds left.\n|\n|t:|1776102996\n|detailschange|p2a: Gardevoir|Gardevoir-Mega, L50, M\n|-mega|p2a: Gardevoir|Gardevoir|Gardevoirite\n|move|p1b: Garchomp|Rock Slide|p2b: Dragonite|[spread] p2a,p2b\n|-supereffective|p2b: Dragonite|1\n|-damage|p2a: Gardevoir|72/100\n|-damage|p2b: Dragonite|66/100\n|move|p2b: Dragonite|Round|p1b: Garchomp\n|-damage|p1b: Garchomp|85/100\n|move|p2a: Gardevoir|Round|p1b: Garchomp|[from] move: Round\n|-supereffective|p1b: Garchomp|1\n|-damage|p1b: Garchomp|0 fnt\n|faint|p1b: Garchomp\n|move|p1a: Tyranitar|Knock Off|p2a: Gardevoir\n|-damage|p2a: Gardevoir|21/100\n|\n|-weather|Sandstorm|[upkeep]\n|-damage|p2b: Dragonite|60/100|[from] Sandstorm\n|-damage|p2a: Gardevoir|15/100|[from] Sandstorm\n|upkeep\n|\n|t:|1776103017\n|switch|p1b: Farigiraf|Farigiraf, L50, M|100/100\n|turn|2\n|\n|t:|1776103038\n|move|p1a: Tyranitar|Protect|p1a: Tyranitar\n|-singleturn|p1a: Tyranitar|Protect\n|move|p2b: Dragonite|Round|p1b: Farigiraf\n|-damage|p1b: Farigiraf|87/100\n|move|p2a: Gardevoir|Round|p1b: Farigiraf|[from] move: Round\n|-damage|p1b: Farigiraf|0 fnt\n|faint|p1b: Farigiraf\n|\n|-weather|Sandstorm|[upkeep]\n|-damage|p2b: Dragonite|54/100|[from] Sandstorm\n|-damage|p2a: Gardevoir|10/100|[from] Sandstorm\n|upkeep\n|\n|t:|1776103050\n|switch|p1b: Hatterene|Hatterene, L50, F|100/100\n|turn|3\n|\n|t:|1776103062\n|detailschange|p1a: Tyranitar|Tyranitar-Mega, L50, M, shiny\n|-mega|p1a: Tyranitar|Tyranitar|Tyranitarite\n|move|p2b: Dragonite|Round|p1b: Hatterene\n|-damage|p1b: Hatterene|85/100\n|move|p2a: Gardevoir|Round|p1b: Hatterene|[from] move: Round\n|-damage|p1b: Hatterene|0 fnt\n|faint|p1b: Hatterene\n|move|p1a: Tyranitar|Rock Slide|p2b: Dragonite|[spread] p2a,p2b\n|-supereffective|p2b: Dragonite|1\n|-damage|p2a: Gardevoir|0 fnt\n|-damage|p2b: Dragonite|0 fnt\n|faint|p2a: Gardevoir\n|faint|p2b: Dragonite\n|\n|-weather|Sandstorm|[upkeep]\n|upkeep\n|\n|t:|1776103081\n|switch|p2b: Arcanine|Arcanine-Hisui, L50, M|100/100\n|switch|p2a: Kingambit|Kingambit, L50, M|100/100\n|-ability|p2b: Arcanine|Intimidate|boost\n|-unboost|p1a: Tyranitar|atk|1\n|turn|4\n|\n|t:|1776103097\n|move|p2b: Arcanine|Rock Slide|p1a: Tyranitar\n|-damage|p1a: Tyranitar|77/100\n|move|p1a: Tyranitar|Rock Slide|p2a: Kingambit|[spread] p2a,p2b\n|-resisted|p2a: Kingambit|1\n|-supereffective|p2b: Arcanine|1\n|-damage|p2a: Kingambit|92/100\n|-damage|p2b: Arcanine|40/100\n|move|p2a: Kingambit|Iron Head|p1a: Tyranitar\n|-supereffective|p1a: Tyranitar|1\n|-damage|p1a: Tyranitar|27/100\n|\n|-weather|Sandstorm|[upkeep]\n|upkeep\n|turn|5\n|\n|t:|1776103110\n|move|p2b: Arcanine|Extreme Speed|p1a: Tyranitar\n|-resisted|p1a: Tyranitar|1\n|-damage|p1a: Tyranitar|19/100\n|move|p1a: Tyranitar|Rock Slide|p2b: Arcanine|[spread] p2a,p2b\n|-resisted|p2a: Kingambit|1\n|-supereffective|p2b: Arcanine|1\n|-damage|p2a: Kingambit|83/100\n|-damage|p2b: Arcanine|0 fnt\n|faint|p2b: Arcanine\n|move|p2a: Kingambit|Iron Head|p1a: Tyranitar\n|-supereffective|p1a: Tyranitar|1\n|-damage|p1a: Tyranitar|0 fnt\n|faint|p1a: Tyranitar\n|\n|win|AdamHamTheShowdown\n|raw|KarmicPines2002's rating: 1049 &rarr; <strong>1029</strong><br />(-20 for losing)\n|raw|AdamHamTheShowdown's rating: 1000 &rarr; <strong>1046</strong><br />(+46 for winning)\n|l|\u2606AdamHamTheShowdown\n|player|p2|\n",
  "uploadtime": 1776103123,
  "views": 12,
  "formatid": "gen9championsvgc2026regma",
  "rating": 1029,
  "private": 0,
  "password": null
}