{
  "id": "gen9championsvgc2026regma-2587637811",
  "format": "[Gen 9 Champions] VGC 2026 Reg M-A",
  "players": [
    "lontrinha",
    "T8XICIDAD"
  ],
  "log": "|j|\u2606lontrinha\n|j|\u2606T8XICIDAD\n|t:|1776549247\n|gametype|doubles\n|player|p1|lontrinha|roxie|1229\n|player|p2|T8XICIDAD|lacey|1244\n|gen|9\n|tier|[Gen 9 Champions] VGC 2026 Reg M-A\n|rated|\n|rule|Species Clause: Limit one of each Pok\u00e9mon\n|rule|Item Clause: Limit 1 of each item\n|clearpoke\n|poke|p1|Venusaur, L50, F|\n|poke|p1|Primarina, L50, M|\n|poke|p1|Incineroar, L50, M|\n|poke|p1|Dragonite, L50, M|\n|poke|p1|Aegislash, L50, M|\n|poke|p1|Sneasler, L50, M|\n|poke|p2|Gengar, L50, F, shiny|\n|poke|p2|Incineroar, L50, M|\n|poke|p2|Sinistcha, L50|\n|poke|p2|Pelipper, L50, F|\n|poke|p2|Sylveon, L50, F, shiny|\n|poke|p2|Archaludon, L50, F, shiny|\n|teampreview|4\n|\n|t:|1776549303\n|teamsize|p1|4\n|teamsize|p2|4\n|start\n|switch|p1a: Dragonite|Dragonite, L50, M|100/100\n|switch|p1b: Sneasler|Sneasler, L50, M|100/100\n|switch|p2a: Pelipper|Pelipper, L50, F|100/100\n|switch|p2b: Archaludon|Archaludon, L50, F, shiny|100/100\n|-weather|RainDance|[from] ability: Drizzle|[of] p2a: Pelipper\n|turn|1\n|\n|t:|1776549326\n|move|p2b: Archaludon|Protect|p2b: Archaludon\n|-singleturn|p2b: Archaludon|Protect\n|move|p1b: Sneasler|Fake Out|p2a: Pelipper\n|-damage|p2a: Pelipper|83/100\n|move|p1a: Dragonite|Tailwind|p1a: Dragonite\n|-sidestart|p1: lontrinha|move: Tailwind\n|cant|p2a: Pelipper|flinch\n|\n|-weather|RainDance|[upkeep]\n|upkeep\n|turn|2\n|\n|t:|1776549344\n|switch|p1a: Primarina|Primarina, L50, M|100/100\n|move|p1b: Sneasler|Close Combat|p2b: Archaludon\n|-supereffective|p2b: Archaludon|1\n|-damage|p2b: Archaludon|14/100\n|-unboost|p1b: Sneasler|def|1\n|-unboost|p1b: Sneasler|spd|1\n|-ability|p2b: Archaludon|Stamina|boost\n|-boost|p2b: Archaludon|def|1\n|-enditem|p1b: Sneasler|White Herb\n|-clearnegativeboost|p1b: Sneasler|[silent]\n|move|p2a: Pelipper|Hurricane|p1b: Sneasler\n|-supereffective|p1b: Sneasler|1\n|-damage|p1b: Sneasler|0 fnt\n|faint|p1b: Sneasler\n|move|p2b: Archaludon|Electro Shot||[still]\n|-prepare|p2b: Archaludon|Electro Shot\n|-boost|p2b: Archaludon|spa|1\n|-anim|p2b: Archaludon|Electro Shot|p1a: Primarina\n|-supereffective|p1a: Primarina|1\n|-damage|p1a: Primarina|0 fnt\n|faint|p1a: Primarina\n|\n|-weather|RainDance|[upkeep]\n|-heal|p2b: Archaludon|20/100|[from] item: Leftovers\n|upkeep\n|c|\u2606T8XICIDAD|lol\n|\n|t:|1776549365\n|switch|p1b: Dragonite|Dragonite, L50, M|100/100\n|switch|p1a: Venusaur|Venusaur, L50, F|100/100\n|turn|3\n|\n|t:|1776549383\n|detailschange|p1a: Venusaur|Venusaur-Mega, L50, F\n|-mega|p1a: Venusaur|Venusaur|Venusaurite\n|move|p2b: Archaludon|Protect|p2b: Archaludon\n|-singleturn|p2b: Archaludon|Protect\n|move|p1b: Dragonite|Extreme Speed|p2b: Archaludon\n|-activate|p2b: Archaludon|move: Protect\n|move|p1a: Venusaur|Sludge Bomb|p2a: Pelipper\n|-damage|p2a: Pelipper|3/100\n|-status|p2a: Pelipper|psn\n|move|p2a: Pelipper|U-turn|p1b: Dragonite\n|-resisted|p1b: Dragonite|1\n|-damage|p1b: Dragonite|96/100\n|\n|t:|1776549395\n|switch|p2a: Sylveon|Sylveon, L50, F, shiny|100/100|[from] U-turn\n|\n|-weather|RainDance|[upkeep]\n|-heal|p2b: Archaludon|26/100|[from] item: Leftovers\n|upkeep\n|turn|4\n|\n|t:|1776549407\n|move|p1b: Dragonite|Dragon Claw|p2b: Archaludon\n|-damage|p2b: Archaludon|7/100\n|-ability|p2b: Archaludon|Stamina|boost\n|-boost|p2b: Archaludon|def|1\n|move|p1a: Venusaur|Sludge Bomb|p2a: Sylveon\n|-supereffective|p2a: Sylveon|1\n|-damage|p2a: Sylveon|35/100\n|-status|p2a: Sylveon|psn\n|move|p2b: Archaludon|Dragon Pulse|p1b: Dragonite\n|-supereffective|p1b: Dragonite|1\n|-damage|p1b: Dragonite|0 fnt\n|faint|p1b: Dragonite\n|move|p2a: Sylveon|Yawn|p1a: Venusaur\n|-start|p1a: Venusaur|move: Yawn|[of] p2a: Sylveon\n|\n|-weather|RainDance|[upkeep]\n|-heal|p2b: Archaludon|13/100|[from] item: Leftovers\n|-damage|p2a: Sylveon|23/100 psn|[from] psn\n|-sideend|p1: lontrinha|move: Tailwind\n|upkeep\n|turn|5\n|\n|t:|1776549429\n|switch|p2a: Gengar|Gengar, L50, F, shiny|100/100\n|move|p2b: Archaludon|Protect|p2b: Archaludon\n|-singleturn|p2b: Archaludon|Protect\n|move|p1a: Venusaur|Earth Power|p2b: Archaludon\n|-activate|p2b: Archaludon|move: Protect\n|\n|-weather|none\n|-heal|p2b: Archaludon|19/100|[from] item: Leftovers\n|-end|p1a: Venusaur|move: Yawn|[silent]\n|-status|p1a: Venusaur|slp\n|upkeep\n|turn|6\n|l|\u2606lontrinha\n|player|p1|\n|inactive|Battle timer is ON: inactive players will automatically lose when time's up. (requested by T8XICIDAD)\n|inactive|lontrinha has 30 seconds to reconnect!\n|inactive|lontrinha has 20 seconds to reconnect!\n|inactive|lontrinha has 15 seconds to reconnect!\n|inactive|lontrinha has 10 seconds to reconnect!\n|inactive|lontrinha has 5 seconds to reconnect!\n|-message|lontrinha lost due to inactivity.\n|\n|win|T8XICIDAD\n|raw|lontrinha's rating: 1229 &rarr; <strong>1205</strong><br />(-24 for losing)\n|raw|T8XICIDAD's rating: 1244 &rarr; <strong>1268</strong><br />(+24 for winning)\n",
  "uploadtime": 1776549533,
  "views": 30,
  "formatid": "gen9championsvgc2026regma",
  "rating": 1205,
  "private": 0,
  "password": null
}