{
  "id": "gen9championsvgc2026regma-2584967341",
  "format": "[Gen 9 Champions] VGC 2026 Reg M-A",
  "players": [
    "Lioxim",
    "d_malicious"
  ],
  "log": "|j|\u2606Lioxim\n|j|\u2606d_malicious\n|t:|1776299009\n|gametype|doubles\n|player|p1|Lioxim|266|1231\n|player|p2|d_malicious|102|1233\n|gen|9\n|tier|[Gen 9 Champions] VGC 2026 Reg M-A\n|rated|\n|rule|Species Clause: Limit one of each Pok\u00e9mon\n|rule|Item Clause: Limit 1 of each item\n|clearpoke\n|poke|p1|Tyranitar, L50, F|\n|poke|p1|Rotom-Wash, L50|\n|poke|p1|Garchomp, L50, F|\n|poke|p1|Corviknight, L50, M|\n|poke|p1|Sinistcha, L50|\n|poke|p1|Sneasler, L50, M|\n|poke|p2|Charizard, L50, M|\n|poke|p2|Leafeon, L50, M|\n|poke|p2|Garchomp, L50, M|\n|poke|p2|Basculegion, L50, M|\n|poke|p2|Armarouge, L50, F|\n|poke|p2|Gardevoir, L50, M|\n|teampreview|4\n|inactive|Battle timer is ON: inactive players will automatically lose when time's up. (requested by Lioxim)\n|l|\u2606d_malicious\n|inactive|d_malicious disconnected and has a minute to reconnect!\n|player|p2|\n|inactive|Lioxim has 60 seconds left.\n|\n|t:|1776299090\n|teamsize|p1|4\n|teamsize|p2|4\n|start\n|switch|p1a: Sneasler|Sneasler, L50, M|100/100\n|switch|p1b: Rotom|Rotom-Wash, L50|100/100\n|switch|p2a: Charizard|Charizard, L50, M|100/100\n|switch|p2b: Garchomp|Garchomp, L50, M|100/100\n|turn|1\n|inactive|d_malicious has 30 seconds left.\n|j|\u2606d_malicious\n|inactive|d_malicious reconnected and has 25 seconds left.\n|player|p2|d_malicious|102|\n|inactive|d_malicious has 20 seconds left.\n|\n|t:|1776299130\n|switch|p2a: Leafeon|Leafeon, L50, M|100/100\n|move|p1a: Sneasler|Protect|p1a: Sneasler\n|-singleturn|p1a: Sneasler|Protect\n|move|p2b: Garchomp|Earthquake|p1b: Rotom|[spread] p2a\n|-activate|p1a: Sneasler|move: Protect\n|-immune|p1b: Rotom|[from] ability: Levitate\n|-resisted|p2a: Leafeon|1\n|-damage|p2a: Leafeon|79/100\n|move|p1b: Rotom|Will-O-Wisp|p2b: Garchomp\n|-status|p2b: Garchomp|brn\n|\n|-damage|p2b: Garchomp|95/100 brn|[from] brn\n|upkeep\n|turn|2\n|inactive|Lioxim has 30 seconds left.\n|\n|t:|1776299155\n|move|p2b: Garchomp|Dragon Claw|p1a: Sneasler\n|-damage|p1a: Sneasler|78/100\n|move|p2a: Leafeon|Double-Edge|p1a: Sneasler\n|-damage|p1a: Sneasler|31/100\n|-damage|p2a: Leafeon|58/100|[from] Recoil\n|move|p1a: Sneasler|Close Combat|p2b: Garchomp\n|-damage|p2b: Garchomp|33/100 brn\n|-unboost|p1a: Sneasler|def|1\n|-unboost|p1a: Sneasler|spd|1\n|-enditem|p1a: Sneasler|White Herb\n|-clearnegativeboost|p1a: Sneasler|[silent]\n|move|p1b: Rotom|Volt Switch|p2a: Leafeon\n|-resisted|p2a: Leafeon|1\n|-damage|p2a: Leafeon|31/100\n|\n|t:|1776299172\n|switch|p1b: Garchomp|Garchomp, L50, F|100/100|[from] Volt Switch\n|\n|-damage|p2b: Garchomp|27/100 brn|[from] brn\n|upkeep\n|turn|3\n|\n|t:|1776299179\n|switch|p2b: Charizard|Charizard, L50, M|100/100\n|move|p1a: Sneasler|Protect|p1a: Sneasler\n|-singleturn|p1a: Sneasler|Protect\n|move|p2a: Leafeon|Protect|p2a: Leafeon\n|-singleturn|p2a: Leafeon|Protect\n|move|p1b: Garchomp|Earthquake|p2a: Leafeon|[spread] \n|-activate|p1a: Sneasler|move: Protect\n|-activate|p2a: Leafeon|move: Protect\n|-immune|p2b: Charizard\n|\n|upkeep\n|turn|4\n|\n|t:|1776299192\n|switch|p1b: Rotom|Rotom-Wash, L50|100/100\n|detailschange|p2b: Charizard|Charizard-Mega-Y, L50, M\n|-mega|p2b: Charizard|Charizard|Charizardite Y\n|-weather|SunnyDay|[from] ability: Drought|[of] p2b: Charizard\n|move|p2a: Leafeon|Solar Blade||[still]\n|-prepare|p2a: Leafeon|Solar Blade\n|-anim|p2a: Leafeon|Solar Blade|p1b: Rotom\n|-supereffective|p1b: Rotom|1\n|-damage|p1b: Rotom|0 fnt\n|faint|p1b: Rotom\n|move|p1a: Sneasler|Dire Claw|p2b: Charizard\n|-damage|p2b: Charizard|51/100\n|-status|p2b: Charizard|par\n|move|p2b: Charizard|Heat Wave|p1a: Sneasler\n|-damage|p1a: Sneasler|0 fnt\n|faint|p1a: Sneasler\n|\n|-weather|SunnyDay|[upkeep]\n|upkeep\n|\n|t:|1776299208\n|switch|p1a: Tyranitar|Tyranitar, L50, F|100/100\n|switch|p1b: Garchomp|Garchomp, L50, F|100/100\n|-weather|Sandstorm|[from] ability: Sand Stream|[of] p1a: Tyranitar\n|turn|5\n|\n|t:|1776299213\n|switch|p2b: Garchomp|Garchomp, L50, M|27/100 brn\n|move|p2a: Leafeon|Protect|p2a: Leafeon\n|-singleturn|p2a: Leafeon|Protect\n|move|p1b: Garchomp|Rock Slide|p2b: Garchomp|[spread] p2b\n|-activate|p2a: Leafeon|move: Protect\n|-resisted|p2b: Garchomp|1\n|-damage|p2b: Garchomp|17/100 brn\n|move|p1a: Tyranitar|Dragon Dance|p1a: Tyranitar\n|-boost|p1a: Tyranitar|atk|1\n|-boost|p1a: Tyranitar|spe|1\n|\n|-weather|Sandstorm|[upkeep]\n|-damage|p2a: Leafeon|25/100|[from] Sandstorm\n|-damage|p2b: Garchomp|11/100 brn|[from] brn\n|upkeep\n|turn|6\n|\n|t:|1776299229\n|switch|p2a: Charizard|Charizard-Mega-Y, L50, M|51/100 par\n|-weather|SunnyDay|[from] ability: Drought|[of] p2a: Charizard\n|move|p1a: Tyranitar|Protect|p1a: Tyranitar\n|-singleturn|p1a: Tyranitar|Protect\n|move|p1b: Garchomp|Rock Slide|p2a: Charizard|[spread] p2a,p2b\n|-supereffective|p2a: Charizard|2\n|-resisted|p2b: Garchomp|1\n|-damage|p2a: Charizard|0 fnt\n|-damage|p2b: Garchomp|2/100 brn\n|faint|p2a: Charizard\n|move|p2b: Garchomp|Earthquake|p1b: Garchomp|[spread] p1b\n|-activate|p1a: Tyranitar|move: Protect\n|-damage|p1b: Garchomp|84/100\n|\n|-weather|SunnyDay|[upkeep]\n|-damage|p2b: Garchomp|0 fnt|[from] brn\n|faint|p2b: Garchomp\n|upkeep\n|\n|t:|1776299235\n|switch|p2b: Armarouge|Armarouge, L50, F|100/100\n|switch|p2a: Leafeon|Leafeon, L50, M|25/100\n|turn|7\n|\n|t:|1776299243\n|detailschange|p1a: Tyranitar|Tyranitar-Mega, L50, F\n|-mega|p1a: Tyranitar|Tyranitar|Tyranitarite\n|-weather|Sandstorm|[from] ability: Sand Stream|[of] p1a: Tyranitar\n|move|p2b: Armarouge|Wide Guard|p2b: Armarouge\n|-singleturn|p2b: Armarouge|Wide Guard\n|move|p1b: Garchomp|Rock Slide|p2b: Armarouge|[spread] \n|-activate|p2a: Leafeon|move: Wide Guard\n|-activate|p2b: Armarouge|move: Wide Guard\n|move|p1a: Tyranitar|Rock Slide|p2b: Armarouge|[spread] \n|-activate|p2a: Leafeon|move: Wide Guard\n|-activate|p2b: Armarouge|move: Wide Guard\n|move|p2a: Leafeon|Solar Blade||[still]\n|-prepare|p2a: Leafeon|Solar Blade\n|\n|-weather|Sandstorm|[upkeep]\n|-damage|p2a: Leafeon|20/100|[from] Sandstorm\n|-damage|p2b: Armarouge|94/100|[from] Sandstorm\n|upkeep\n|turn|8\n|\n|t:|1776299263\n|move|p2b: Armarouge|Wide Guard|p2b: Armarouge\n|-singleturn|p2b: Armarouge|Wide Guard\n|move|p1b: Garchomp|Rock Slide|p2a: Leafeon|[spread] \n|-activate|p2a: Leafeon|move: Wide Guard\n|-activate|p2b: Armarouge|move: Wide Guard\n|move|p1a: Tyranitar|Knock Off|p2a: Leafeon\n|-damage|p2a: Leafeon|0 fnt\n|-enditem|p2a: Leafeon|Miracle Seed|[from] move: Knock Off|[of] p1a: Tyranitar\n|faint|p2a: Leafeon\n|\n|-weather|Sandstorm|[upkeep]\n|-damage|p2b: Armarouge|88/100|[from] Sandstorm\n|upkeep\n|turn|9\n|-message|d_malicious forfeited.\n|\n|win|Lioxim\n|raw|Lioxim's rating: 1231 &rarr; <strong>1256</strong><br />(+25 for winning)\n|raw|d_malicious's rating: 1233 &rarr; <strong>1208</strong><br />(-25 for losing)\n|l|\u2606d_malicious\n|player|p2|\n",
  "uploadtime": 1776299280,
  "views": 31,
  "formatid": "gen9championsvgc2026regma",
  "rating": 1208,
  "private": 0,
  "password": null
}