{
  "id": "gen9championsvgc2026regma-2587304594",
  "format": "[Gen 9 Champions] VGC 2026 Reg M-A",
  "players": [
    "banditkeef31",
    "woobiusart"
  ],
  "log": "|j|\u2606banditkeef31\n|j|\u2606woobiusart\n|t:|1776520213\n|gametype|doubles\n|player|p1|banditkeef31|2|1064\n|player|p2|woobiusart|1|1065\n|gen|9\n|tier|[Gen 9 Champions] VGC 2026 Reg M-A\n|rated|\n|rule|Species Clause: Limit one of each Pok\u00e9mon\n|rule|Item Clause: Limit 1 of each item\n|clearpoke\n|poke|p1|Tyranitar, L50, F|\n|poke|p1|Runerigus, L50, M|\n|poke|p1|Rhyperior, L50, F|\n|poke|p1|Starmie, L50|\n|poke|p1|Garchomp, L50, F|\n|poke|p1|Steelix, L50, F|\n|poke|p2|Glimmora, L50, M, shiny|\n|poke|p2|Dragonite, L50, F|\n|poke|p2|Clefable, L50, F|\n|poke|p2|Gengar, L50, M|\n|poke|p2|Kingambit, L50, F|\n|poke|p2|Basculegion, L50, M|\n|teampreview|4\n|\n|t:|1776520252\n|teamsize|p1|4\n|teamsize|p2|4\n|start\n|switch|p1a: Steelix|Steelix, L50, F|100/100\n|switch|p1b: Starmie|Starmie, L50|100/100\n|switch|p2a: palm|Glimmora, L50, M, shiny|100/100\n|switch|p2b: Pollux|Gengar, L50, M|100/100\n|turn|1\n|inactive|Battle timer is ON: inactive players will automatically lose when time's up. (requested by banditkeef31)\n|\n|t:|1776520277\n|detailschange|p2b: Pollux|Gengar-Mega, L50, M\n|-mega|p2b: Pollux|Gengar|Gengarite\n|move|p2b: Pollux|Shadow Ball|p1b: Starmie\n|-supereffective|p1b: Starmie|1\n|-damage|p1b: Starmie|0 fnt\n|faint|p1b: Starmie\n|move|p2a: palm|Earth Power|p1a: Steelix\n|-supereffective|p1a: Steelix|1\n|-damage|p1a: Steelix|10/100\n|move|p1a: Steelix|Iron Defense|p1a: Steelix\n|-boost|p1a: Steelix|def|2\n|\n|upkeep\n|\n|t:|1776520292\n|switch|p1b: Garchomp|Garchomp, L50, F|100/100\n|turn|2\n|inactive|banditkeef31 has 30 seconds left.\n|inactive|woobiusart has 30 seconds left.\n|\n|t:|1776520322\n|move|p2a: palm|Spiky Shield|p2a: palm\n|-singleturn|p2a: palm|move: Protect\n|move|p2b: Pollux|Shadow Ball|p1b: Garchomp\n|-damage|p1b: Garchomp|47/100\n|-unboost|p1b: Garchomp|spd|1\n|move|p1b: Garchomp|Scale Shot|p2b: Pollux\n|-damage|p2b: Pollux|75/100\n|-damage|p2b: Pollux|53/100\n|-hitcount|p2b: Pollux|2\n|-unboost|p1b: Garchomp|def|1\n|-boost|p1b: Garchomp|spe|1\n|move|p1a: Steelix|Heavy Slam|p2b: Pollux\n|-damage|p2b: Pollux|0 fnt\n|faint|p2b: Pollux\n|\n|upkeep\n|\n|t:|1776520340\n|switch|p2b: Dragonite|Dragonite, L50, F|100/100\n|turn|3\n|\n|t:|1776520353\n|move|p1a: Steelix|Wide Guard|p1a: Steelix\n|-singleturn|p1a: Steelix|Wide Guard\n|move|p2b: Dragonite|Extreme Speed|p1a: Steelix\n|-resisted|p1a: Steelix|1\n|-damage|p1a: Steelix|8/100\n|move|p1b: Garchomp|Scale Shot|p2b: Dragonite\n|-supereffective|p2b: Dragonite|1\n|-damage|p2b: Dragonite|82/100\n|-supereffective|p2b: Dragonite|1\n|-damage|p2b: Dragonite|46/100\n|-supereffective|p2b: Dragonite|1\n|-crit|p2b: Dragonite\n|-damage|p2b: Dragonite|0 fnt\n|faint|p2b: Dragonite\n|-hitcount|p2: Dragonite|3\n|-unboost|p1b: Garchomp|def|1\n|-boost|p1b: Garchomp|spe|1\n|move|p2a: palm|Earth Power|p1b: Garchomp\n|-damage|p1b: Garchomp|0 fnt\n|faint|p1b: Garchomp\n|\n|upkeep\n|\n|t:|1776520374\n|switch|p1b: Tyranitar|Tyranitar, L50, F|100/100\n|switch|p2b: Basculegion|Basculegion, L50, M|100/100\n|-weather|Sandstorm|[from] ability: Sand Stream|[of] p1b: Tyranitar\n|turn|4\n|\n|t:|1776520385\n|move|p1b: Tyranitar|Protect|p1b: Tyranitar\n|-singleturn|p1b: Tyranitar|Protect\n|move|p2b: Basculegion|Aqua Jet|p1a: Steelix\n|-supereffective|p1a: Steelix|1\n|-damage|p1a: Steelix|0 fnt\n|faint|p1a: Steelix\n|move|p2a: palm|Earth Power|p1b: Tyranitar\n|-activate|p1b: Tyranitar|move: Protect\n|\n|-weather|Sandstorm|[upkeep]\n|-damage|p2b: Basculegion|94/100|[from] Sandstorm\n|-heal|p2b: Basculegion|100/100|[from] item: Leftovers\n|upkeep\n|turn|5\n|\n|t:|1776520405\n|move|p2a: palm|Earth Power|p1b: Tyranitar\n|-supereffective|p1b: Tyranitar|1\n|-damage|p1b: Tyranitar|72/100\n|move|p2b: Basculegion|Substitute|p2b: Basculegion\n|-start|p2b: Basculegion|Substitute\n|-damage|p2b: Basculegion|76/100\n|move|p1b: Tyranitar|Crunch|p2b: Basculegion\n|-supereffective|p2b: Basculegion|1\n|-end|p2b: Basculegion|Substitute\n|\n|-weather|Sandstorm|[upkeep]\n|-damage|p2b: Basculegion|70/100|[from] Sandstorm\n|-heal|p2b: Basculegion|76/100|[from] item: Leftovers\n|upkeep\n|turn|6\n|inactive|woobiusart has 30 seconds left.\n|\n|t:|1776520434\n|move|p2b: Basculegion|Aqua Jet|p1b: Tyranitar\n|-supereffective|p1b: Tyranitar|1\n|-damage|p1b: Tyranitar|23/100\n|move|p2a: palm|Earth Power|p1b: Tyranitar\n|-supereffective|p1b: Tyranitar|1\n|-damage|p1b: Tyranitar|0 fnt\n|faint|p1b: Tyranitar\n|\n|win|woobiusart\n|raw|banditkeef31's rating: 1064 &rarr; <strong>1044</strong><br />(-20 for losing)\n|raw|woobiusart's rating: 1065 &rarr; <strong>1095</strong><br />(+30 for winning)\n|c|\u2606banditkeef31|gg\n|l|\u2606banditkeef31\n|player|p1|\n",
  "uploadtime": 1776520445,
  "views": 22,
  "formatid": "gen9championsvgc2026regma",
  "rating": 1044,
  "private": 0,
  "password": null
}