{
  "id": "gen9championsvgc2026regma-2586586062",
  "format": "[Gen 9 Champions] VGC 2026 Reg M-A",
  "players": [
    "iTzuuuu",
    "kayrico"
  ],
  "log": "|j|\u2606iTzuuuu\n|j|\u2606kayrico\n|t:|1776444968\n|gametype|doubles\n|player|p1|iTzuuuu|scott|1117\n|player|p2|kayrico|1|1040\n|gen|9\n|tier|[Gen 9 Champions] VGC 2026 Reg M-A\n|rated|\n|rule|Species Clause: Limit one of each Pok\u00e9mon\n|rule|Item Clause: Limit 1 of each item\n|clearpoke\n|poke|p1|Froslass, L50, F|\n|poke|p1|Garchomp, L50, M|\n|poke|p1|Rotom-Frost, L50|\n|poke|p1|Empoleon, L50, F|\n|poke|p1|Incineroar, L50, F|\n|poke|p1|Kingambit, L50, M|\n|poke|p2|Gyarados, L50, M|\n|poke|p2|Sableye, L50, F|\n|poke|p2|Archaludon, L50, F|\n|poke|p2|Talonflame, L50, M|\n|poke|p2|Raichu, L50, M|\n|poke|p2|Floette-Eternal, L50, F|\n|teampreview|4\n|inactive|Battle timer is ON: inactive players will automatically lose when time's up. (requested by iTzuuuu)\n|inactive|kayrico has 60 seconds left.\n|\n|t:|1776445006\n|teamsize|p1|4\n|teamsize|p2|4\n|start\n|switch|p1a: Froslass|Froslass, L50, F|100/100\n|switch|p1b: Incineroar|Incineroar, L50, F|100/100\n|switch|p2a: Sableye|Sableye, L50, F|100/100\n|switch|p2b: Talonflame|Talonflame, L50, M|100/100\n|-ability|p1b: Incineroar|Intimidate|boost\n|-unboost|p2a: Sableye|atk|1\n|-unboost|p2b: Talonflame|atk|1\n|turn|1\n|\n|t:|1776445024\n|detailschange|p1a: Froslass|Froslass-Mega, L50, F\n|-mega|p1a: Froslass|Froslass|Froslassite\n|-weather|Snowscape|[from] ability: Snow Warning|[of] p1a: Froslass\n|move|p2b: Talonflame|Protect|p2b: Talonflame\n|-singleturn|p2b: Talonflame|Protect\n|move|p1b: Incineroar|Fake Out|p2b: Talonflame\n|-activate|p2b: Talonflame|move: Protect\n|move|p2a: Sableye|Rain Dance|p2a: Sableye\n|-weather|RainDance\n|move|p1a: Froslass|Blizzard|p2b: Talonflame|[spread] \n|-activate|p2b: Talonflame|move: Protect\n|-miss|p1a: Froslass|p2a: Sableye\n|\n|-weather|RainDance|[upkeep]\n|upkeep\n|turn|2\n|inactive|iTzuuuu has 30 seconds left.\n|\n|t:|1776445053\n|switch|p1a: Empoleon|Empoleon, L50, F|100/100\n|move|p2a: Sableye|Disable||[still]\n|-fail|p2a: Sableye\n|move|p2b: Talonflame|Flare Blitz|p1a: Empoleon\n|-damage|p1a: Empoleon|83/100\n|-damage|p2b: Talonflame|93/100|[from] Recoil\n|move|p1b: Incineroar|Parting Shot|p2b: Talonflame\n|-unboost|p2b: Talonflame|atk|1\n|-unboost|p2b: Talonflame|spa|1\n|\n|t:|1776445063\n|switch|p1b: Froslass|Froslass-Mega, L50, F|100/100|[from] Parting Shot\n|-weather|Snowscape|[from] ability: Snow Warning|[of] p1b: Froslass\n|\n|-weather|Snowscape|[upkeep]\n|-heal|p1a: Empoleon|89/100|[from] item: Leftovers\n|upkeep\n|turn|3\n|\n|t:|1776445074\n|switch|p1b: Incineroar|Incineroar, L50, F|100/100\n|-ability|p1b: Incineroar|Intimidate|boost\n|-unboost|p2a: Sableye|atk|1\n|-unboost|p2b: Talonflame|atk|1\n|move|p2a: Sableye|Rain Dance|p2a: Sableye\n|-weather|RainDance\n|move|p2b: Talonflame|Tailwind|p2b: Talonflame\n|-sidestart|p2: kayrico|move: Tailwind\n|move|p1a: Empoleon|Roar|p2a: Sableye\n|drag|p2a: Floette|Floette-Eternal, L50, F|100/100\n|\n|-weather|RainDance|[upkeep]\n|-heal|p1a: Empoleon|95/100|[from] item: Leftovers\n|upkeep\n|turn|4\n|inactive|kayrico has 30 seconds left.\n|\n|t:|1776445101\n|switch|p2b: Archaludon|Archaludon, L50, F|100/100\n|detailschange|p2a: Floette|Floette-Mega, L50, F\n|-mega|p2a: Floette|Floette|Floettite\n|-ability|p2a: Floette|Fairy Aura\n|move|p2a: Floette|Protect|p2a: Floette\n|-singleturn|p2a: Floette|Protect\n|move|p1b: Incineroar|Fake Out|p2a: Floette\n|-activate|p2a: Floette|move: Protect\n|move|p1a: Empoleon|Water Pulse|p2b: Archaludon\n|-resisted|p2b: Archaludon|1\n|-damage|p2b: Archaludon|76/100\n|-start|p2b: Archaludon|confusion\n|-ability|p2b: Archaludon|Stamina|boost\n|-boost|p2b: Archaludon|def|1\n|\n|-weather|RainDance|[upkeep]\n|-heal|p1a: Empoleon|100/100|[from] item: Leftovers\n|upkeep\n|turn|5\n|inactive|kayrico has 30 seconds left.\n|\n|t:|1776445131\n|move|p2a: Floette|Calm Mind|p2a: Floette\n|-boost|p2a: Floette|spa|1\n|-boost|p2a: Floette|spd|1\n|-activate|p2b: Archaludon|confusion\n|move|p2b: Archaludon|Electro Shot||[still]\n|-prepare|p2b: Archaludon|Electro Shot\n|-boost|p2b: Archaludon|spa|1\n|-anim|p2b: Archaludon|Electro Shot|p1a: Empoleon\n|-supereffective|p1a: Empoleon|1\n|-damage|p1a: Empoleon|0 fnt\n|faint|p1a: Empoleon\n|move|p1b: Incineroar|Parting Shot|p2a: Floette\n|-unboost|p2a: Floette|atk|1\n|-unboost|p2a: Floette|spa|1\n|\n|t:|1776445139\n|switch|p1b: Froslass|Froslass-Mega, L50, F|100/100|[from] Parting Shot\n|-weather|Snowscape|[from] ability: Snow Warning|[of] p1b: Froslass\n|\n|-weather|Snowscape|[upkeep]\n|upkeep\n|\n|t:|1776445141\n|switch|p1a: Rotom|Rotom-Frost, L50|100/100\n|turn|6\n|\n|t:|1776445154\n|switch|p2b: Sableye|Sableye, L50, F|100/100\n|move|p2a: Floette|Protect|p2a: Floette\n|-singleturn|p2a: Floette|Protect\n|move|p1a: Rotom|Blizzard|p2a: Floette|[spread] p2b\n|-activate|p2a: Floette|move: Protect\n|-damage|p2b: Sableye|64/100\n|-status|p2b: Sableye|frz\n|move|p1b: Froslass|Blizzard|p2a: Floette|[spread] p2b\n|-activate|p2a: Floette|move: Protect\n|-damage|p2b: Sableye|8/100 frz\n|-enditem|p2b: Sableye|Sitrus Berry|[eat]\n|-heal|p2b: Sableye|33/100 frz|[from] item: Sitrus Berry\n|\n|-weather|Snowscape|[upkeep]\n|-sideend|p2: kayrico|move: Tailwind\n|upkeep\n|turn|7\n|\n|t:|1776445176\n|-curestatus|p2b: Sableye|frz|[msg]\n|move|p2b: Sableye|Rain Dance|p2b: Sableye\n|-weather|RainDance\n|move|p1a: Rotom|Blizzard|p2b: Sableye|[spread] p2a,p2b\n|-damage|p2a: Floette|82/100\n|-damage|p2b: Sableye|0 fnt\n|-status|p2a: Floette|frz\n|faint|p2b: Sableye\n|move|p1b: Froslass|Blizzard|p2a: Floette\n|-damage|p2a: Floette|49/100 frz\n|cant|p2a: Floette|frz\n|\n|-weather|RainDance|[upkeep]\n|upkeep\n|inactive|kayrico has 30 seconds left.\n|inactive|kayrico has 20 seconds left.\n|inactive|kayrico has 15 seconds left.\n|inactive|kayrico has 10 seconds left.\n|inactive|kayrico has 5 seconds left.\n|\n|t:|1776445233\n|switch|p2b: Archaludon|Archaludon, L50, F|76/100\n|turn|8\n|inactive|kayrico has 30 seconds left.\n|inactive|kayrico has 20 seconds left.\n|inactive|kayrico has 15 seconds left.\n|inactive|kayrico has 10 seconds left.\n|inactive|kayrico has 5 seconds left.\n|\n|t:|1776445289\n|move|p1a: Rotom|Blizzard|p2a: Floette|[spread] p2a,p2b\n|-damage|p2a: Floette|29/100 frz\n|-damage|p2b: Archaludon|30/100\n|-ability|p2b: Archaludon|Stamina|boost\n|-boost|p2b: Archaludon|def|1\n|move|p1b: Froslass|Blizzard|p2a: Floette|[spread] p2a,p2b\n|-damage|p2a: Floette|5/100 frz\n|-damage|p2b: Archaludon|0 fnt\n|faint|p2b: Archaludon\n|cant|p2a: Floette|frz\n|\n|-weather|RainDance|[upkeep]\n|upkeep\n|inactive|kayrico has 30 seconds left.\n|inactive|kayrico has 20 seconds left.\n|inactive|kayrico has 15 seconds left.\n|inactive|kayrico has 10 seconds left.\n|inactive|kayrico has 5 seconds left.\n|\n|t:|1776445344\n|switch|p2b: Talonflame|Talonflame, L50, M|93/100\n|turn|9\n|inactive|kayrico has 30 seconds left.\n|inactive|kayrico has 20 seconds left.\n|inactive|kayrico has 15 seconds left.\n|inactive|kayrico has 10 seconds left.\n|inactive|kayrico has 5 seconds left.\n|\n|t:|1776445400\n|switch|p1a: Incineroar|Incineroar, L50, F|100/100\n|-ability|p1a: Incineroar|Intimidate|boost\n|-unboost|p2a: Floette|atk|1\n|-unboost|p2b: Talonflame|atk|1\n|move|p2b: Talonflame|Protect|p2b: Talonflame\n|-singleturn|p2b: Talonflame|Protect\n|move|p1b: Froslass|Shadow Ball|p2a: Floette\n|-damage|p2a: Floette|0 fnt\n|faint|p2a: Floette\n|\n|-weather|RainDance|[upkeep]\n|upkeep\n|turn|10\n|c|\u2606iTzuuuu|gg\n|inactive|kayrico has 30 seconds left.\n|c|\u2606iTzuuuu|bro you lame ah\n|c|\u2606iTzuuuu|wasting all the time\n|inactive|kayrico has 20 seconds left.\n|inactive|kayrico has 15 seconds left.\n|c|\u2606iTzuuuu|pretty sure you is a bot\n|inactive|kayrico has 10 seconds left.\n|inactive|kayrico has 5 seconds left.\n|\n|t:|1776445455\n|switch|p1b: Rotom|Rotom-Frost, L50|100/100\n|move|p2b: Talonflame|Protect||[still]\n|-fail|p2b: Talonflame\n|move|p1a: Incineroar|Fake Out|p2b: Talonflame\n|-damage|p2b: Talonflame|72/100\n|\n|-weather|RainDance|[upkeep]\n|upkeep\n|turn|11\n|inactive|kayrico has 15 seconds left this turn.\n|inactive|kayrico has 10 seconds left.\n|inactive|kayrico has 5 seconds left.\n|-message|kayrico lost due to inactivity.\n|\n|win|iTzuuuu\n|raw|iTzuuuu's rating: 1117 &rarr; <strong>1137</strong><br />(+20 for winning)\n|raw|kayrico's rating: 1040 &rarr; <strong>1027</strong><br />(-13 for losing)\n|l|\u2606kayrico\n|player|p2|\n",
  "uploadtime": 1776445537,
  "views": 21,
  "formatid": "gen9championsvgc2026regma",
  "rating": 1027,
  "private": 0,
  "password": null
}