{
  "id": "gen9championsvgc2026regma-2584285689",
  "format": "[Gen 9 Champions] VGC 2026 Reg M-A",
  "players": [
    "rajyesh1",
    "Spiritomb0722"
  ],
  "log": "|j|\u2606rajyesh1\n|j|\u2606Spiritomb0722\n|t:|1776247166\n|gametype|doubles\n|player|p1|rajyesh1|unknown|1103\n|player|p2|Spiritomb0722|cynthia-gen4|1152\n|gen|9\n|tier|[Gen 9 Champions] VGC 2026 Reg M-A\n|rated|\n|rule|Species Clause: Limit one of each Pok\u00e9mon\n|rule|Item Clause: Limit 1 of each item\n|clearpoke\n|poke|p1|Charizard, L50, M|\n|poke|p1|Venusaur, L50, M|\n|poke|p1|Garchomp, L50, F|\n|poke|p1|Rotom-Wash, L50|\n|poke|p1|Sneasler, L50, M|\n|poke|p1|Incineroar, L50, M|\n|poke|p2|Klefki, L50, M|\n|poke|p2|Glimmora, L50, F|\n|poke|p2|Froslass, L50, F|\n|poke|p2|Rotom-Wash, L50|\n|poke|p2|Talonflame, L50, M|\n|poke|p2|Scovillain, L50, M|\n|teampreview|4\n|inactive|Battle timer is ON: inactive players will automatically lose when time's up. (requested by rajyesh1)\n|inactive|rajyesh1 has 60 seconds left.\n|inactive|Spiritomb0722 has 60 seconds left.\n|inactive|rajyesh1 has 30 seconds left.\n|inactive|rajyesh1 has 20 seconds left.\n|inactive|rajyesh1 has 15 seconds left.\n|\n|t:|1776247243\n|teamsize|p1|4\n|teamsize|p2|4\n|start\n|switch|p1a: Charizard|Charizard, L50, M|100/100\n|switch|p1b: Sneasler|Sneasler, L50, M|100/100\n|switch|p2a: Glimmora|Glimmora, L50, F|100/100\n|switch|p2b: Froslass|Froslass, L50, F|100/100\n|turn|1\n|\n|t:|1776247259\n|detailschange|p1a: Charizard|Charizard-Mega-Y, L50, M\n|-mega|p1a: Charizard|Charizard|Charizardite Y\n|-weather|SunnyDay|[from] ability: Drought|[of] p1a: Charizard\n|move|p2b: Froslass|Protect|p2b: Froslass\n|-singleturn|p2b: Froslass|Protect\n|move|p2a: Glimmora|Protect|p2a: Glimmora\n|-singleturn|p2a: Glimmora|Protect\n|move|p1b: Sneasler|Fake Out|p2a: Glimmora\n|-activate|p2a: Glimmora|move: Protect\n|move|p1a: Charizard|Heat Wave|p2a: Glimmora|[spread] \n|-activate|p2a: Glimmora|move: Protect\n|-activate|p2b: Froslass|move: Protect\n|\n|-weather|SunnyDay|[upkeep]\n|upkeep\n|turn|2\n|inactive|rajyesh1 has 30 seconds left.\n|inactive|Spiritomb0722 has 30 seconds left.\n|inactive|rajyesh1 has 20 seconds left.\n|inactive|rajyesh1 has 15 seconds left.\n|inactive|rajyesh1 has 10 seconds left.\n|\n|t:|1776247307\n|detailschange|p2b: Froslass|Froslass-Mega, L50, F\n|-mega|p2b: Froslass|Froslass|Froslassite\n|-weather|Snowscape|[from] ability: Snow Warning|[of] p2b: Froslass\n|move|p1a: Charizard|Protect|p1a: Charizard\n|-singleturn|p1a: Charizard|Protect\n|move|p2b: Froslass|Blizzard|p1b: Sneasler|[spread] p1b\n|-activate|p1a: Charizard|move: Protect\n|-damage|p1b: Sneasler|38/100\n|move|p1b: Sneasler|Rock Tomb|p2b: Froslass\n|-supereffective|p2b: Froslass|1\n|-damage|p2b: Froslass|55/100\n|-unboost|p2b: Froslass|spe|1\n|move|p2a: Glimmora|Power Gem|p1a: Charizard\n|-activate|p1a: Charizard|move: Protect\n|\n|-weather|Snowscape|[upkeep]\n|upkeep\n|turn|3\n|inactive|rajyesh1 has 30 seconds left.\n|inactive|Spiritomb0722 has 30 seconds left.\n|inactive|rajyesh1 has 20 seconds left.\n|inactive|rajyesh1 has 15 seconds left.\n|inactive|rajyesh1 has 10 seconds left.\n|inactive|rajyesh1 has 5 seconds left.\n|\n|t:|1776247358\n|switch|p1a: Garchomp|Garchomp, L50, F|100/100\n|switch|p2b: Rotom|Rotom-Wash, L50|100/100\n|move|p2a: Glimmora|Protect|p2a: Glimmora\n|-singleturn|p2a: Glimmora|Protect\n|move|p1b: Sneasler|Close Combat|p2a: Glimmora\n|-activate|p2a: Glimmora|move: Protect\n|\n|-weather|Snowscape|[upkeep]\n|upkeep\n|turn|4\n|inactive|Spiritomb0722 has 30 seconds left.\n|inactive|rajyesh1 has 30 seconds left.\n|inactive|rajyesh1 has 20 seconds left.\n|inactive|rajyesh1 has 15 seconds left.\n|\n|t:|1776247406\n|switch|p1b: Rotom|Rotom-Wash, L50|100/100\n|switch|p2a: Talonflame|Talonflame, L50, M|100/100\n|move|p1a: Garchomp|Earthquake|p2b: Rotom|[spread] \n|-immune|p1b: Rotom|[from] ability: Levitate\n|-immune|p2a: Talonflame\n|-immune|p2b: Rotom|[from] ability: Levitate\n|move|p2b: Rotom|Volt Switch|p1b: Rotom\n|-damage|p1b: Rotom|65/100\n|\n|t:|1776247418\n|switch|p2b: Froslass|Froslass-Mega, L50, F|55/100|[from] Volt Switch\n|\n|-weather|Snowscape|[upkeep]\n|-heal|p1b: Rotom|71/100|[from] item: Leftovers\n|upkeep\n|turn|5\n|\n|t:|1776247439\n|switch|p1a: Charizard|Charizard-Mega-Y, L50, M|100/100\n|-weather|SunnyDay|[from] ability: Drought|[of] p1a: Charizard\n|move|p2a: Talonflame|Tailwind|p2a: Talonflame\n|-sidestart|p2: Spiritomb0722|move: Tailwind\n|move|p2b: Froslass|Ice Beam|p1a: Charizard\n|-damage|p1a: Charizard|52/100\n|move|p1b: Rotom|Hydro Pump|p2a: Talonflame|[miss]\n|-miss|p1b: Rotom|p2a: Talonflame\n|\n|-weather|SunnyDay|[upkeep]\n|-heal|p1b: Rotom|77/100|[from] item: Leftovers\n|upkeep\n|turn|6\n|inactive|Spiritomb0722 has 30 seconds left.\n|\n|t:|1776247472\n|move|p1a: Charizard|Protect|p1a: Charizard\n|-singleturn|p1a: Charizard|Protect\n|move|p2a: Talonflame|Dual Wingbeat|p1a: Charizard\n|-activate|p1a: Charizard|move: Protect\n|move|p2b: Froslass|Ice Beam|p1a: Charizard\n|-activate|p1a: Charizard|move: Protect\n|move|p1b: Rotom|Thunderbolt|p2a: Talonflame\n|-supereffective|p2a: Talonflame|1\n|-enditem|p2a: Talonflame|Focus Sash\n|-damage|p2a: Talonflame|1/100\n|\n|-weather|SunnyDay|[upkeep]\n|-heal|p1b: Rotom|83/100|[from] item: Leftovers\n|upkeep\n|turn|7\n|inactive|rajyesh1 has 30 seconds left.\n|inactive|Spiritomb0722 has 30 seconds left.\n|inactive|rajyesh1 has 20 seconds left.\n|inactive|Spiritomb0722 has 20 seconds left.\n|\n|t:|1776247510\n|switch|p2a: Rotom|Rotom-Wash, L50|100/100\n|switch|p1a: Sneasler|Sneasler, L50, M|38/100\n|move|p2b: Froslass|Ice Beam|p1a: Sneasler\n|-damage|p1a: Sneasler|0 fnt\n|faint|p1a: Sneasler\n|move|p1b: Rotom|Hydro Pump|p2b: Froslass\n|-damage|p2b: Froslass|26/100\n|\n|-weather|SunnyDay|[upkeep]\n|-heal|p1b: Rotom|88/100|[from] item: Leftovers\n|upkeep\n|\n|t:|1776247534\n|switch|p1a: Garchomp|Garchomp, L50, F|100/100\n|turn|8\n|\n|t:|1776247558\n|switch|p1a: Charizard|Charizard-Mega-Y, L50, M|52/100\n|move|p2b: Froslass|Protect|p2b: Froslass\n|-singleturn|p2b: Froslass|Protect\n|move|p2a: Rotom|Thunderbolt|p1b: Rotom\n|-damage|p1b: Rotom|46/100\n|move|p1b: Rotom|Hydro Pump|p2b: Froslass\n|-activate|p2b: Froslass|move: Protect\n|\n|-weather|SunnyDay|[upkeep]\n|-heal|p1b: Rotom|51/100|[from] item: Leftovers\n|-sideend|p2: Spiritomb0722|move: Tailwind\n|upkeep\n|turn|9\n|inactive|rajyesh1 has 30 seconds left.\n|inactive|rajyesh1 has 20 seconds left.\n|\n|t:|1776247595\n|move|p2b: Froslass|Shadow Ball|p1b: Rotom\n|-damage|p1b: Rotom|2/100\n|move|p1a: Charizard|Solar Beam||[still]\n|-prepare|p1a: Charizard|Solar Beam\n|-anim|p1a: Charizard|Solar Beam|p2a: Rotom\n|-supereffective|p2a: Rotom|1\n|-damage|p2a: Rotom|9/100\n|move|p1b: Rotom|Thunderbolt|p2b: Froslass\n|-damage|p2b: Froslass|0 fnt\n|faint|p2b: Froslass\n|move|p2a: Rotom|Thunderbolt|p1a: Charizard\n|-supereffective|p1a: Charizard|1\n|-damage|p1a: Charizard|0 fnt\n|faint|p1a: Charizard\n|\n|-weather|none\n|-heal|p1b: Rotom|8/100|[from] item: Leftovers\n|upkeep\n|inactive|Spiritomb0722 has 30 seconds left.\n|\n|t:|1776247625\n|switch|p2b: Talonflame|Talonflame, L50, M|1/100\n|switch|p1a: Garchomp|Garchomp, L50, F|100/100\n|turn|10\n|inactive|Spiritomb0722 has 30 seconds left.\n|inactive|rajyesh1 has 30 seconds left.\n|\n|t:|1776247656\n|move|p1a: Garchomp|Rock Slide|p2b: Talonflame|[spread] p2a,p2b\n|-supereffective|p2b: Talonflame|2\n|-damage|p2a: Rotom|0 fnt\n|-damage|p2b: Talonflame|0 fnt\n|faint|p2a: Rotom\n|faint|p2b: Talonflame\n|move|p1b: Rotom|Thunderbolt|p2: Rotom|[notarget]\n|-fail|p1b: Rotom\n|\n|-heal|p1b: Rotom|13/100|[from] item: Leftovers\n|upkeep\n|\n|t:|1776247665\n|switch|p2a: Glimmora|Glimmora, L50, F|100/100\n|turn|11\n|\n|t:|1776247672\n|move|p1a: Garchomp|Rock Slide|p2a: Glimmora\n|-damage|p2a: Glimmora|63/100\n|-activate|p2a: Glimmora|ability: Toxic Debris\n|-sidestart|p1: rajyesh1|move: Toxic Spikes\n|cant|p2a: Glimmora|flinch\n|move|p1b: Rotom|Hydro Pump|p2a: Glimmora\n|-supereffective|p2a: Glimmora|1\n|-damage|p2a: Glimmora|0 fnt\n|faint|p2a: Glimmora\n|\n|win|rajyesh1\n|raw|rajyesh1's rating: 1103 &rarr; <strong>1132</strong><br />(+29 for winning)\n|raw|Spiritomb0722's rating: 1152 &rarr; <strong>1123</strong><br />(-29 for losing)\n|l|\u2606Spiritomb0722\n|player|p2|\n",
  "uploadtime": 1776247691,
  "views": 25,
  "formatid": "gen9championsvgc2026regma",
  "rating": 1123,
  "private": 0,
  "password": null
}