{
  "id": "gen9championsvgc2026regma-2586719297",
  "format": "[Gen 9 Champions] VGC 2026 Reg M-A",
  "players": [
    "Sceptilicious",
    "Emilyabcde1ara"
  ],
  "log": "|j|\u2606Sceptilicious\n|j|\u2606Emilyabcde1ara\n|t:|1776454617\n|gametype|doubles\n|player|p1|Sceptilicious|266|1228\n|player|p2|Emilyabcde1ara|lass|1121\n|gen|9\n|tier|[Gen 9 Champions] VGC 2026 Reg M-A\n|rated|\n|rule|Species Clause: Limit one of each Pok\u00e9mon\n|rule|Item Clause: Limit 1 of each item\n|clearpoke\n|poke|p1|Sinistcha, L50|\n|poke|p1|Incineroar, L50, M|\n|poke|p1|Gyarados, L50, F|\n|poke|p1|Kommo-o, L50, M|\n|poke|p1|Gengar, L50, M|\n|poke|p1|Tinkaton, L50, F|\n|poke|p2|Lucario, L50, M|\n|poke|p2|Talonflame, L50, M|\n|poke|p2|Primarina, L50, M|\n|poke|p2|Meowscarada, L50, M|\n|poke|p2|Dragapult, L50, F|\n|poke|p2|Clefable, L50, F|\n|teampreview|4\n|inactive|Battle timer is ON: inactive players will automatically lose when time's up. (requested by Emilyabcde1ara)\n|inactive|Sceptilicious has 60 seconds left.\n|\n|t:|1776454664\n|teamsize|p1|4\n|teamsize|p2|4\n|start\n|switch|p1a: Tinkaton|Tinkaton, L50, F|100/100\n|switch|p1b: Gyarados|Gyarados, L50, F|100/100\n|switch|p2a: Talonflame|Talonflame, L50, M|100/100\n|switch|p2b: Dragapult|Dragapult, L50, F|100/100\n|-ability|p1b: Gyarados|Intimidate|boost\n|-unboost|p2a: Talonflame|atk|1\n|-fail|p2b: Dragapult|unboost|[from] ability: Clear Body|[of] p2b: Dragapult\n|turn|1\n|\n|t:|1776454688\n|switch|p1b: Incineroar|Incineroar, L50, M|100/100\n|-ability|p1b: Incineroar|Intimidate|boost\n|-unboost|p2a: Talonflame|atk|1\n|-fail|p2b: Dragapult|unboost|[from] ability: Clear Body|[of] p2b: Dragapult\n|move|p2a: Talonflame|Dual Wingbeat|p1b: Incineroar\n|-damage|p1b: Incineroar|93/100\n|-damage|p1b: Incineroar|86/100\n|-hitcount|p1b: Incineroar|2\n|move|p2b: Dragapult|Thunderbolt|p1b: Incineroar\n|-damage|p1b: Incineroar|65/100\n|move|p1a: Tinkaton|Play Rough|p2b: Dragapult\n|-supereffective|p2b: Dragapult|1\n|-damage|p2b: Dragapult|0 fnt\n|faint|p2b: Dragapult\n|\n|upkeep\n|\n|t:|1776454703\n|switch|p2b: Clefable|Clefable, L50, F|100/100\n|turn|2\n|\n|t:|1776454720\n|move|p2a: Talonflame|Protect|p2a: Talonflame\n|-singleturn|p2a: Talonflame|Protect\n|move|p1a: Tinkaton|Gigaton Hammer|p2b: Clefable\n|-supereffective|p2b: Clefable|1\n|-damage|p2b: Clefable|4/100\n|-enditem|p2b: Clefable|Sitrus Berry|[eat]\n|-heal|p2b: Clefable|29/100|[from] item: Sitrus Berry\n|move|p1b: Incineroar|Parting Shot|p2b: Clefable\n|-unboost|p2b: Clefable|atk|1\n|-unboost|p2b: Clefable|spa|1\n|\n|t:|1776454737\n|switch|p1b: Sinistcha|Sinistcha, L50|100/100|[from] Parting Shot\n|move|p2b: Clefable|Life Dew||[still]|[spread] p2a,p2b\n|-fail|p2a: Talonflame|heal\n|-heal|p2b: Clefable|54/100\n|\n|upkeep\n|turn|3\n|\n|t:|1776454761\n|switch|p1b: Incineroar|Incineroar, L50, M|65/100\n|-ability|p1b: Incineroar|Intimidate|boost\n|-unboost|p2a: Talonflame|atk|1\n|-unboost|p2b: Clefable|atk|1\n|move|p2b: Clefable|Follow Me|p2b: Clefable\n|-singleturn|p2b: Clefable|move: Follow Me\n|move|p2a: Talonflame|Flare Blitz|p1b: Incineroar\n|-resisted|p1b: Incineroar|1\n|-damage|p1b: Incineroar|55/100\n|-damage|p2a: Talonflame|97/100|[from] Recoil\n|move|p1a: Tinkaton|Play Rough|p2b: Clefable\n|-damage|p2b: Clefable|25/100\n|\n|upkeep\n|turn|4\n|\n|t:|1776454777\n|switch|p1a: Sinistcha|Sinistcha, L50|100/100\n|-heal|p1b: Incineroar|79/100|[from] ability: Hospitality|[of] p1a: Sinistcha\n|move|p2b: Clefable|Helping Hand|p2a: Talonflame\n|-singleturn|p2a: Talonflame|Helping Hand|[of] p2b: Clefable\n|move|p1b: Incineroar|Fake Out|p2a: Talonflame\n|-damage|p2a: Talonflame|78/100\n|cant|p2a: Talonflame|flinch\n|\n|upkeep\n|turn|5\n|\n|t:|1776454800\n|move|p2b: Clefable|Helping Hand|p2a: Talonflame\n|-singleturn|p2a: Talonflame|Helping Hand|[of] p2b: Clefable\n|move|p1a: Sinistcha|Protect|p1a: Sinistcha\n|-singleturn|p1a: Sinistcha|Protect\n|move|p2a: Talonflame|Dual Wingbeat|p1a: Sinistcha\n|-activate|p1a: Sinistcha|move: Protect\n|move|p1b: Incineroar|Flare Blitz|p2b: Clefable\n|-damage|p2b: Clefable|0 fnt\n|faint|p2b: Clefable\n|-damage|p1b: Incineroar|70/100|[from] Recoil\n|\n|upkeep\n|\n|t:|1776454806\n|switch|p2b: Lucario|Lucario, L50, M|100/100\n|turn|6\n|\n|t:|1776454827\n|detailschange|p2b: Lucario|Lucario-Mega, L50, M\n|-mega|p2b: Lucario|Lucario|Lucarionite\n|move|p1a: Sinistcha|Rage Powder|p1a: Sinistcha\n|-singleturn|p1a: Sinistcha|move: Rage Powder\n|move|p2a: Talonflame|Dual Wingbeat|p1a: Sinistcha\n|-supereffective|p1a: Sinistcha|1\n|-damage|p1a: Sinistcha|87/100\n|-supereffective|p1a: Sinistcha|1\n|-damage|p1a: Sinistcha|73/100\n|-hitcount|p1a: Sinistcha|2\n|move|p2b: Lucario|Aura Sphere|p1a: Sinistcha\n|-immune|p1a: Sinistcha\n|move|p1b: Incineroar|Flare Blitz|p2b: Lucario\n|-supereffective|p2b: Lucario|1\n|-damage|p2b: Lucario|0 fnt\n|faint|p2b: Lucario\n|-damage|p1b: Incineroar|42/100|[from] Recoil\n|-enditem|p1b: Incineroar|Sitrus Berry|[eat]\n|-heal|p1b: Incineroar|66/100|[from] item: Sitrus Berry\n|\n|upkeep\n|turn|7\n|-message|Emilyabcde1ara forfeited.\n|\n|win|Sceptilicious\n|raw|Sceptilicious's rating: 1228 &rarr; <strong>1246</strong><br />(+18 for winning)\n|raw|Emilyabcde1ara's rating: 1121 &rarr; <strong>1103</strong><br />(-18 for losing)\n|l|\u2606Emilyabcde1ara\n|player|p2|\n",
  "uploadtime": 1776454846,
  "views": 26,
  "formatid": "gen9championsvgc2026regma",
  "rating": 1103,
  "private": 0,
  "password": null
}