{
  "id": "gen9championsvgc2026regma-2581686492",
  "format": "[Gen 9 Champions] VGC 2026 Reg M-A",
  "players": [
    "tragyc22",
    "tt_mola"
  ],
  "log": "|j|\u203dtragyc22\n|j|\u2606tt_mola\n|t:|1776020679\n|gametype|doubles\n|player|p1|tragyc22|170|1188\n|player|p2|tt_mola|2|1139\n|gen|9\n|tier|[Gen 9 Champions] VGC 2026 Reg M-A\n|rated|\n|rule|Species Clause: Limit one of each Pok\u00e9mon\n|rule|Item Clause: Limit 1 of each item\n|clearpoke\n|poke|p1|Sneasler, L50, M|\n|poke|p1|Delphox, L50, M|\n|poke|p1|Kingambit, L50, M|\n|poke|p1|Dragonite, L50, M|\n|poke|p1|Clefable, L50, M|\n|poke|p1|Basculegion, L50, M|\n|poke|p2|Charizard, L50, F|\n|poke|p2|Sneasler, L50, F|\n|poke|p2|Basculegion, L50, M|\n|poke|p2|Garchomp, L50, F|\n|poke|p2|Incineroar, L50, M|\n|poke|p2|Venusaur, L50, M|\n|teampreview|4\ntt_mola rejected open team sheets.\n|inactive|Battle timer is ON: inactive players will automatically lose when time's up. (requested by tt_mola)\n|\n|t:|1776020737\n|teamsize|p1|4\n|teamsize|p2|4\n|start\n|switch|p1a: Sneasler|Sneasler, L50, M|100/100\n|switch|p1b: Basculegion|Basculegion, L50, M, shiny|100/100\n|switch|p2a: Incineroar|Incineroar, L50, M|100/100\n|switch|p2b: Garchomp|Garchomp, L50, F|100/100\n|-ability|p2a: Incineroar|Intimidate|boost\n|-unboost|p1a: Sneasler|atk|1\n|-unboost|p1b: Basculegion|atk|1\n|-enditem|p1a: Sneasler|White Herb\n|-clearnegativeboost|p1a: Sneasler|[silent]\n|turn|1\n|inactive|tt_mola has 30 seconds left.\n|inactive|tt_mola has 20 seconds left.\n|inactive|tt_mola has 15 seconds left.\n|\n|t:|1776020778\n|move|p2b: Garchomp|Protect|p2b: Garchomp\n|-singleturn|p2b: Garchomp|Protect\n|move|p1a: Sneasler|Fake Out|p2a: Incineroar\n|-damage|p2a: Incineroar|86/100\n|cant|p2a: Incineroar|flinch\n|move|p1b: Basculegion|Flip Turn|p2a: Incineroar\n|-supereffective|p2a: Incineroar|1\n|-damage|p2a: Incineroar|34/100\n|-enditem|p2a: Incineroar|Sitrus Berry|[eat]\n|-heal|p2a: Incineroar|59/100|[from] item: Sitrus Berry\n|inactive|tragyc22 has 30 seconds left.\n|inactive|tragyc22 has 20 seconds left.\n|inactive|tragyc22 has 15 seconds left.\n|\n|t:|1776020820\n|switch|p1b: Clefable|Clefable, L50, M|100/100|[from] Flip Turn\n|\n|upkeep\n|turn|2\n|inactive|tt_mola has 30 seconds left.\n|inactive|tragyc22 has 30 seconds left.\n|inactive|tragyc22 has 20 seconds left.\n|inactive|tragyc22 has 15 seconds left.\n|\n|t:|1776020873\n|switch|p2a: Basculegion|Basculegion, L50, M|100/100\n|move|p1a: Sneasler|Dire Claw|p2a: Basculegion\n|-resisted|p2a: Basculegion|1\n|-damage|p2a: Basculegion|70/100\n|move|p2b: Garchomp|Rock Slide|p1a: Sneasler|[spread] p1a\n|-miss|p2b: Garchomp|p1b: Clefable\n|-resisted|p1a: Sneasler|1\n|-damage|p1a: Sneasler|83/100\n|move|p1b: Clefable|Moonblast|p2b: Garchomp\n|-supereffective|p2b: Garchomp|1\n|-crit|p2b: Garchomp\n|-damage|p2b: Garchomp|8/100\n|\n|upkeep\n|turn|3\n|inactive|tragyc22 has 30 seconds left.\n|inactive|tt_mola has 30 seconds left.\n|inactive|tragyc22 has 20 seconds left.\n|\n|t:|1776020911\n|move|p1b: Clefable|Helping Hand|p1a: Sneasler\n|-singleturn|p1a: Sneasler|Helping Hand|[of] p1b: Clefable\n|move|p2b: Garchomp|Protect|p2b: Garchomp\n|-singleturn|p2b: Garchomp|Protect\n|move|p1a: Sneasler|Close Combat|p2b: Garchomp\n|-activate|p2b: Garchomp|move: Protect\n|move|p2a: Basculegion|Wave Crash|p1a: Sneasler\n|-damage|p1a: Sneasler|0 fnt\n|faint|p1a: Sneasler\n|-damage|p2a: Basculegion|48/100|[from] Recoil\n|\n|upkeep\n|\n|t:|1776020923\n|switch|p1a: Delphox|Delphox, L50, M|100/100\n|turn|4\n|\n|t:|1776020939\n|detailschange|p1a: Delphox|Delphox-Mega, L50, M\n|-mega|p1a: Delphox|Delphox|Delphoxite\n|move|p1b: Clefable|Follow Me|p1b: Clefable\n|-singleturn|p1b: Clefable|move: Follow Me\n|move|p2a: Basculegion|Wave Crash|p1b: Clefable\n|-damage|p1b: Clefable|10/100\n|-enditem|p1b: Clefable|Sitrus Berry|[eat]\n|-heal|p1b: Clefable|35/100|[from] item: Sitrus Berry\n|-damage|p2a: Basculegion|17/100|[from] Recoil\n|move|p1a: Delphox|Psychic|p2a: Basculegion\n|-damage|p2a: Basculegion|0 fnt\n|faint|p2a: Basculegion\n|move|p2b: Garchomp|Rock Slide|p1a: Delphox|[spread] p1a\n|-miss|p2b: Garchomp|p1b: Clefable\n|-supereffective|p1a: Delphox|1\n|-damage|p1a: Delphox|31/100\n|\n|upkeep\n|\n|t:|1776020958\n|switch|p2a: Charizard|Charizard, L50, F|100/100\n|turn|5\n|\n|t:|1776020979\n|detailschange|p2a: Charizard|Charizard-Mega-Y, L50, F\n|-mega|p2a: Charizard|Charizard|Charizardite Y\n|-weather|SunnyDay|[from] ability: Drought|[of] p2a: Charizard\n|move|p1b: Clefable|Helping Hand|p1a: Delphox\n|-singleturn|p1a: Delphox|Helping Hand|[of] p1b: Clefable\n|move|p1a: Delphox|Heat Wave|p2a: Charizard|[spread] p2a,p2b\n|-resisted|p2a: Charizard|1\n|-resisted|p2b: Garchomp|1\n|-damage|p2a: Charizard|51/100\n|-damage|p2b: Garchomp|0 fnt\n|faint|p2b: Garchomp\n|move|p2a: Charizard|Weather Ball|p1a: Delphox\n|-resisted|p1a: Delphox|1\n|-damage|p1a: Delphox|0 fnt\n|faint|p1a: Delphox\n|\n|-weather|SunnyDay|[upkeep]\n|upkeep\n|\n|t:|1776020992\n|switch|p1a: Basculegion|Basculegion, L50, M, shiny|100/100\n|switch|p2b: Incineroar|Incineroar, L50, M|59/100\n|-ability|p2b: Incineroar|Intimidate|boost\n|-unboost|p1a: Basculegion|atk|1\n|-unboost|p1b: Clefable|atk|1\n|turn|6\n|inactive|tt_mola has 30 seconds left.\n|\n|t:|1776021025\n|move|p2a: Charizard|Protect|p2a: Charizard\n|-singleturn|p2a: Charizard|Protect\n|move|p1b: Clefable|Follow Me|p1b: Clefable\n|-singleturn|p1b: Clefable|move: Follow Me\n|move|p1a: Basculegion|Wave Crash|p2b: Incineroar\n|-supereffective|p2b: Incineroar|1\n|-damage|p2b: Incineroar|15/100\n|-damage|p1a: Basculegion|86/100|[from] Recoil\n|move|p2b: Incineroar|Throat Chop|p1b: Clefable\n|-resisted|p1b: Clefable|1\n|-damage|p1b: Clefable|16/100\n|-start|p1b: Clefable|Throat Chop|[silent]\n|\n|-weather|SunnyDay|[upkeep]\n|upkeep\n|turn|7\n|inactive|tt_mola has 30 seconds left.\n|\n|t:|1776021059\n|move|p1b: Clefable|Follow Me|p1b: Clefable\n|-singleturn|p1b: Clefable|move: Follow Me\n|move|p1a: Basculegion|Wave Crash|p2b: Incineroar\n|-supereffective|p2b: Incineroar|1\n|-damage|p2b: Incineroar|0 fnt\n|faint|p2b: Incineroar\n|-damage|p1a: Basculegion|80/100|[from] Recoil\n|move|p2a: Charizard|Air Slash|p1b: Clefable\n|-damage|p1b: Clefable|0 fnt\n|faint|p1b: Clefable\n|\n|-weather|SunnyDay|[upkeep]\n|upkeep\n|turn|8\n|inactive|tt_mola has 30 seconds left.\n|\n|t:|1776021087\n|move|p1a: Basculegion|Wave Crash|p2a: Charizard\n|-supereffective|p2a: Charizard|1\n|-damage|p2a: Charizard|0 fnt\n|faint|p2a: Charizard\n|-damage|p1a: Basculegion|67/100|[from] Recoil\n|\n|win|tragyc22\n|raw|tragyc22's rating: 1188 &rarr; <strong>1209</strong><br />(+21 for winning)\n|raw|tt_mola's rating: 1139 &rarr; <strong>1118</strong><br />(-21 for losing)\n",
  "uploadtime": 1776021097,
  "views": 18,
  "formatid": "gen9championsvgc2026regma",
  "rating": 1118,
  "private": 0,
  "password": null
}