{
  "id": "gen9championsvgc2026regma-2582133694",
  "format": "[Gen 9 Champions] VGC 2026 Reg M-A",
  "players": [
    "WahooN64",
    "anez0410"
  ],
  "log": "|j|\u2606WahooN64\n|j|\u2606anez0410\n|t:|1776062322\n|gametype|doubles\n|player|p1|WahooN64|steven|1027\n|player|p2|anez0410|169|1096\n|gen|9\n|tier|[Gen 9 Champions] VGC 2026 Reg M-A\n|rated|\n|rule|Species Clause: Limit one of each Pok\u00e9mon\n|rule|Item Clause: Limit 1 of each item\n|clearpoke\n|poke|p1|Froslass, L50, F|\n|poke|p1|Incineroar, L50, M|\n|poke|p1|Samurott-Hisui, L50, M|\n|poke|p1|Sneasler, L50, F|\n|poke|p1|Garchomp, L50, M|\n|poke|p1|Rotom-Frost, L50|\n|poke|p2|Feraligatr, L50, F|\n|poke|p2|Farigiraf, L50, F|\n|poke|p2|Clefable, L50, M|\n|poke|p2|Altaria, L50, M|\n|poke|p2|Raichu, L50, M|\n|poke|p2|Scizor, L50, F|\n|teampreview|4\n|\n|t:|1776062364\n|teamsize|p1|4\n|teamsize|p2|4\n|start\n|switch|p1a: Incineroar|Incineroar, L50, M|100/100\n|switch|p1b: Samurott|Samurott-Hisui, L50, M|100/100\n|switch|p2a: Feraligatr|Feraligatr, L50, F|100/100\n|switch|p2b: Raichu|Raichu, L50, M|100/100\n|-ability|p1a: Incineroar|Intimidate|boost\n|-unboost|p2a: Feraligatr|atk|1\n|-unboost|p2b: Raichu|atk|1\n|turn|1\n|\n|t:|1776062381\n|move|p2b: Raichu|Fake Out|p1a: Incineroar\n|-damage|p1a: Incineroar|95/100\n|cant|p1a: Incineroar|flinch\n|move|p1b: Samurott|Ceaseless Edge|p2a: Feraligatr\n|-damage|p2a: Feraligatr|55/100\n|-sidestart|p2: anez0410|Spikes\n|move|p2a: Feraligatr|Liquidation|p1a: Incineroar\n|-supereffective|p1a: Incineroar|1\n|-damage|p1a: Incineroar|35/100\n|\n|upkeep\n|turn|2\n|\n|t:|1776062400\n|move|p2a: Feraligatr|Protect|p2a: Feraligatr\n|-singleturn|p2a: Feraligatr|Protect\n|move|p1b: Samurott|Ceaseless Edge|p2a: Feraligatr\n|-activate|p2a: Feraligatr|move: Protect\n|move|p2b: Raichu|Thunderbolt|p1b: Samurott\n|-supereffective|p1b: Samurott|1\n|-damage|p1b: Samurott|0 fnt\n|faint|p1b: Samurott\n|move|p1a: Incineroar|Parting Shot|p2a: Feraligatr\n|-activate|p2a: Feraligatr|move: Protect\n|\n|upkeep\n|\n|t:|1776062407\n|switch|p1b: Rotom|Rotom-Frost, L50|100/100\n|turn|3\n|\n|t:|1776062423\n|move|p2b: Raichu|Encore|p1a: Incineroar\n|-start|p1a: Incineroar|Encore\n|-enditem|p1a: Incineroar|Mental Herb\n|-end|p1a: Incineroar|Encore\n|move|p1b: Rotom|Volt Switch|p2b: Raichu\n|-activate|p2b: Raichu|ability: Lightning Rod\n|-ability|p2b: Raichu|Lightning Rod|boost\n|-boost|p2b: Raichu|spa|1\n|move|p2a: Feraligatr|Liquidation|p1a: Incineroar\n|-supereffective|p1a: Incineroar|1\n|-damage|p1a: Incineroar|0 fnt\n|faint|p1a: Incineroar\n|\n|upkeep\n|\n|t:|1776062435\n|switch|p1a: Froslass|Froslass, L50, F|100/100\n|turn|4\n|\n|t:|1776062448\n|detailschange|p1a: Froslass|Froslass-Mega, L50, F\n|-mega|p1a: Froslass|Froslass|Froslassite\n|-weather|Snowscape|[from] ability: Snow Warning|[of] p1a: Froslass\n|move|p1a: Froslass|Aurora Veil|p1a: Froslass\n|-sidestart|p1: WahooN64|move: Aurora Veil\n|move|p2b: Raichu|Nuzzle|p1a: Froslass\n|-damage|p1a: Froslass|96/100\n|-status|p1a: Froslass|par\n|move|p1b: Rotom|Blizzard|p2b: Raichu|[spread] p2a,p2b\n|-resisted|p2a: Feraligatr|1\n|-damage|p2a: Feraligatr|33/100\n|-damage|p2b: Raichu|45/100\n|move|p2a: Feraligatr|Dragon Dance|p2a: Feraligatr\n|-boost|p2a: Feraligatr|atk|1\n|-boost|p2a: Feraligatr|spe|1\n|\n|-weather|Snowscape|[upkeep]\n|upkeep\n|turn|5\n|\n|t:|1776062478\n|move|p2a: Feraligatr|Protect|p2a: Feraligatr\n|-singleturn|p2a: Feraligatr|Protect\n|move|p1a: Froslass|Protect|p1a: Froslass\n|-singleturn|p1a: Froslass|Protect\n|move|p2b: Raichu|Encore|p1a: Froslass\n|-activate|p1a: Froslass|move: Protect\n|move|p1b: Rotom|Blizzard|p2b: Raichu|[spread] p2b\n|-activate|p2a: Feraligatr|move: Protect\n|-damage|p2b: Raichu|0 fnt\n|faint|p2b: Raichu\n|\n|-weather|Snowscape|[upkeep]\n|upkeep\n|\n|t:|1776062485\n|switch|p2b: Clefable|Clefable, L50, M|100/100\n|-damage|p2b: Clefable|88/100|[from] Spikes\n|turn|6\n|\n|t:|1776062506\n|move|p2a: Feraligatr|Liquidation|p1a: Froslass\n|-damage|p1a: Froslass|58/100 par\n|move|p1b: Rotom|Blizzard|p2a: Feraligatr|[spread] p2a,p2b\n|-resisted|p2a: Feraligatr|1\n|-damage|p2a: Feraligatr|12/100\n|-damage|p2b: Clefable|52/100\n|-status|p2a: Feraligatr|frz\n|cant|p1a: Froslass|par\n|move|p2b: Clefable|Moonblast|p1a: Froslass\n|-damage|p1a: Froslass|31/100 par\n|-heal|p2b: Clefable|54/100|[from] item: Shell Bell|[of] p1a: Froslass\n|\n|-weather|Snowscape|[upkeep]\n|upkeep\n|turn|7\n|\n|t:|1776062531\n|move|p1a: Froslass|Protect|p1a: Froslass\n|-singleturn|p1a: Froslass|Protect\n|-curestatus|p2a: Feraligatr|frz|[msg]\n|move|p2a: Feraligatr|Liquidation|p1a: Froslass\n|-activate|p1a: Froslass|move: Protect\n|move|p1b: Rotom|Blizzard|p2a: Feraligatr|[spread] p2a,p2b\n|-resisted|p2a: Feraligatr|1\n|-damage|p2a: Feraligatr|0 fnt\n|-damage|p2b: Clefable|17/100\n|faint|p2a: Feraligatr\n|move|p2b: Clefable|Moonblast|p1a: Froslass\n|-activate|p1a: Froslass|move: Protect\n|\n|-weather|Snowscape|[upkeep]\n|upkeep\n|\n|t:|1776062533\n|switch|p2a: Scizor|Scizor, L50, F|100/100\n|-damage|p2a: Scizor|88/100|[from] Spikes\n|turn|8\n|\n|t:|1776062545\n|move|p2a: Scizor|Bullet Punch|p1a: Froslass\n|-supereffective|p1a: Froslass|1\n|-damage|p1a: Froslass|0 fnt\n|faint|p1a: Froslass\n|move|p1b: Rotom|Thunder Wave|p2a: Scizor\n|-status|p2a: Scizor|par\n|move|p2b: Clefable|Moonlight|p2b: Clefable\n|-heal|p2b: Clefable|42/100\n|\n|-weather|none\n|-sideend|p1: WahooN64|move: Aurora Veil\n|upkeep\n|turn|9\n|\n|t:|1776062568\n|move|p1b: Rotom|Blizzard|p2a: Scizor|[spread] p2a,p2b\n|-resisted|p2a: Scizor|1\n|-damage|p2a: Scizor|64/100 par\n|-damage|p2b: Clefable|6/100\n|move|p2b: Clefable|Moonblast|p1b: Rotom\n|-damage|p1b: Rotom|61/100\n|-unboost|p1b: Rotom|spa|1\n|-heal|p2b: Clefable|9/100|[from] item: Shell Bell|[of] p1b: Rotom\n|move|p2a: Scizor|Close Combat|p1b: Rotom\n|-supereffective|p1b: Rotom|1\n|-damage|p1b: Rotom|0 fnt\n|-unboost|p2a: Scizor|def|1\n|-unboost|p2a: Scizor|spd|1\n|faint|p1b: Rotom\n|\n|win|anez0410\n|raw|WahooN64's rating: 1027 &rarr; <strong>1016</strong><br />(-11 for losing)\n|raw|anez0410's rating: 1096 &rarr; <strong>1117</strong><br />(+21 for winning)\n|l|\u2606WahooN64\n|player|p1|\n",
  "uploadtime": 1776062584,
  "views": 37,
  "formatid": "gen9championsvgc2026regma",
  "rating": 1016,
  "private": 0,
  "password": null
}