{
  "id": "gen9championsvgc2026regma-2585445690",
  "format": "[Gen 9 Champions] VGC 2026 Reg M-A",
  "players": [
    "Nerazzurro",
    "Carrielis"
  ],
  "log": "|j|\u2606Nerazzurro\n|j|\u2606Carrielis\n|t:|1776347809\n|gametype|doubles\n|player|p1|Nerazzurro|101|1246\n|player|p2|Carrielis|alec-anime|1267\n|gen|9\n|tier|[Gen 9 Champions] VGC 2026 Reg M-A\n|rated|\n|rule|Species Clause: Limit one of each Pok\u00e9mon\n|rule|Item Clause: Limit 1 of each item\n|clearpoke\n|poke|p1|Milotic, L50, M|\n|poke|p1|Gardevoir, L50, M|\n|poke|p1|Sinistcha, L50|\n|poke|p1|Jolteon, L50, F|\n|poke|p1|Dragonite, L50, F|\n|poke|p1|Arcanine-Hisui, L50, F|\n|poke|p2|Politoed, L50, M|\n|poke|p2|Dragonite, L50, M|\n|poke|p2|Floette-Eternal, L50, F|\n|poke|p2|Incineroar, L50, M|\n|poke|p2|Aegislash, L50, F|\n|poke|p2|Sinistcha, L50|\n|teampreview|4\n|inactive|Battle timer is ON: inactive players will automatically lose when time's up. (requested by Nerazzurro)\n|inactive|Nerazzurro has 60 seconds left.\n|inactive|Carrielis has 60 seconds left.\n|\n|t:|1776347862\n|teamsize|p1|4\n|teamsize|p2|4\n|start\n|switch|p1a: Milotic|Milotic, L50, M|100/100\n|switch|p1b: Gardevoir|Gardevoir, L50, M|100/100\n|switch|p2a: Floette|Floette-Eternal, L50, F|100/100\n|switch|p2b: Aegislash|Aegislash, L50, F, shiny|100/100\n|turn|1\n|\n|t:|1776347886\n|switch|p1b: Arcanine|Arcanine-Hisui, L50, F|100/100\n|detailschange|p2a: Floette|Floette-Mega, L50, F\n|-mega|p2a: Floette|Floette|Floettite\n|-ability|p2a: Floette|Fairy Aura\n|move|p2a: Floette|Calm Mind|p2a: Floette\n|-boost|p2a: Floette|spa|1\n|-boost|p2a: Floette|spd|1\n|move|p1a: Milotic|Muddy Water|p2a: Floette|[spread] p2a,p2b\n|-damage|p2a: Floette|87/100\n|-damage|p2b: Aegislash|81/100\n|-formechange|p2b: Aegislash|Aegislash-Blade|\n|move|p2b: Aegislash|Iron Head|p1b: Arcanine\n|-damage|p1b: Arcanine|42/100\n|\n|upkeep\n|turn|2\n|inactive|Nerazzurro has 30 seconds left.\n|\n|t:|1776347912\n|-formechange|p2b: Aegislash|Aegislash|\n|move|p2b: Aegislash|King's Shield|p2b: Aegislash\n|-singleturn|p2b: Aegislash|Protect\n|move|p1b: Arcanine|Head Smash|p2a: Floette\n|-damage|p2a: Floette|17/100\n|move|p2a: Floette|Calm Mind|p2a: Floette\n|-boost|p2a: Floette|spa|1\n|-boost|p2a: Floette|spd|1\n|move|p1a: Milotic|Muddy Water|p2b: Aegislash|[spread] p2a\n|-activate|p2b: Aegislash|move: Protect\n|-damage|p2a: Floette|8/100\n|\n|upkeep\n|turn|3\n|inactive|Carrielis has 30 seconds left.\n|\n|t:|1776347941\n|move|p2a: Floette|Protect|p2a: Floette\n|-singleturn|p2a: Floette|Protect\n|move|p1b: Arcanine|Head Smash|p2b: Aegislash\n|-resisted|p2b: Aegislash|1\n|-damage|p2b: Aegislash|51/100\n|move|p1a: Milotic|Muddy Water|p2b: Aegislash|[spread] \n|-activate|p2a: Floette|move: Protect\n|-miss|p1a: Milotic|p2b: Aegislash\n|-formechange|p2b: Aegislash|Aegislash-Blade|\n|move|p2b: Aegislash|Poltergeist|p1b: Arcanine\n|-activate|p1b: Arcanine|move: Poltergeist|Choice Scarf\n|-damage|p1b: Arcanine|0 fnt\n|faint|p1b: Arcanine\n|\n|upkeep\n|\n|t:|1776347957\n|switch|p1b: Gardevoir|Gardevoir, L50, M|100/100\n|turn|4\n|inactive|Carrielis has 30 seconds left.\n|\n|t:|1776347985\n|switch|p2b: Sinistcha|Sinistcha, L50|100/100\n|-heal|p2a: Floette|33/100|[from] ability: Hospitality|[of] p2b: Sinistcha\n|move|p2a: Floette|Draining Kiss|p1a: Milotic\n|-damage|p1a: Milotic|43/100\n|-heal|p2a: Floette|82/100|[from] drain|[of] p1a: Milotic\n|move|p1b: Gardevoir|Moonblast|p2a: Floette\n|-damage|p2a: Floette|59/100\n|move|p1a: Milotic|Ice Beam|p2a: Floette\n|-damage|p2a: Floette|50/100\n|\n|-heal|p1a: Milotic|49/100|[from] item: Leftovers\n|upkeep\n|turn|5\n|-message|Nerazzurro forfeited.\n|\n|win|Carrielis\n|raw|Nerazzurro's rating: 1246 &rarr; <strong>1223</strong><br />(-23 for losing)\n|raw|Carrielis's rating: 1267 &rarr; <strong>1290</strong><br />(+23 for winning)\n|l|\u2606Nerazzurro\n|player|p1|\n",
  "uploadtime": 1776348042,
  "views": 51,
  "formatid": "gen9championsvgc2026regma",
  "rating": 1223,
  "private": 0,
  "password": null
}