{
  "id": "gen9championsvgc2026regma-2589530329",
  "format": "[Gen 9 Champions] VGC 2026 Reg M-A",
  "players": [
    "gostodebaldes",
    "guioguoguo"
  ],
  "log": "|j|\u2606gostodebaldes\n|j|\u2606guioguoguo\n|t:|1776731384\n|gametype|doubles\n|player|p1|gostodebaldes|2|1174\n|player|p2|guioguoguo|266|1221\n|gen|9\n|tier|[Gen 9 Champions] VGC 2026 Reg M-A\n|rated|\n|rule|Species Clause: Limit one of each Pok\u00e9mon\n|rule|Item Clause: Limit 1 of each item\n|clearpoke\n|poke|p1|Floette-Eternal, L50, F|\n|poke|p1|Archaludon, L50, F|\n|poke|p1|Pelipper, L50, F|\n|poke|p1|Basculegion, L50, M|\n|poke|p1|Sneasler, L50, M|\n|poke|p1|Farigiraf, L50, F|\n|poke|p2|Excadrill, L50, F, shiny|\n|poke|p2|Hawlucha, L50, F, shiny|\n|poke|p2|Tyranitar, L50, M, shiny|\n|poke|p2|Espathra, L50, F, shiny|\n|poke|p2|Sinistcha, L50, shiny|\n|poke|p2|Incineroar, L50, M, shiny|\n|teampreview|4\n|inactive|Battle timer is ON: inactive players will automatically lose when time's up. (requested by guioguoguo)\n|inactive|gostodebaldes has 60 seconds left.\n|\n|t:|1776731425\n|teamsize|p1|4\n|teamsize|p2|4\n|start\n|switch|p1a: Basculegion|Basculegion, L50, M|100/100\n|switch|p1b: Sneasler|Sneasler, L50, M|100/100\n|switch|p2a: Excadrill|Excadrill, L50, F, shiny|100/100\n|switch|p2b: Hawlucha|Hawlucha, L50, F, shiny|100/100\n|-ability|p2b: Hawlucha|Mold Breaker\n|turn|1\n|inactive|gostodebaldes has 30 seconds left.\n|inactive|guioguoguo has 30 seconds left.\n|inactive|gostodebaldes has 20 seconds left.\n|inactive|guioguoguo has 20 seconds left.\n|inactive|gostodebaldes has 15 seconds left.\n|inactive|gostodebaldes has 10 seconds left.\n|inactive|gostodebaldes has 5 seconds left.\n|\n|t:|1776731476\n|detailschange|p2b: Hawlucha|Hawlucha-Mega, L50, F, shiny\n|-mega|p2b: Hawlucha|Hawlucha|Hawluchanite\n|move|p1b: Sneasler|Fake Out|p2b: Hawlucha\n|-damage|p2b: Hawlucha|83/100\n|cant|p2b: Hawlucha|flinch\n|move|p2a: Excadrill|Stomping Tantrum|p1b: Sneasler\n|-supereffective|p1b: Sneasler|1\n|-damage|p1b: Sneasler|4/100\n|move|p1a: Basculegion|Wave Crash|p2a: Excadrill\n|-supereffective|p2a: Excadrill|1\n|-enditem|p2a: Excadrill|Focus Sash\n|-damage|p2a: Excadrill|1/100\n|-damage|p1a: Basculegion|67/100|[from] Recoil\n|\n|upkeep\n|turn|2\n|\n|t:|1776731500\n|move|p1b: Sneasler|Protect|p1b: Sneasler\n|-singleturn|p1b: Sneasler|Protect\n|move|p1a: Basculegion|Aqua Jet|p2a: Excadrill\n|-supereffective|p2a: Excadrill|1\n|-damage|p2a: Excadrill|0 fnt\n|faint|p2a: Excadrill\n|move|p2b: Hawlucha|Rock Slide|p1a: Basculegion|[spread] p1a\n|-activate|p1b: Sneasler|move: Protect\n|-damage|p1a: Basculegion|45/100\n|-enditem|p1a: Basculegion|Sitrus Berry|[eat]\n|-heal|p1a: Basculegion|69/100|[from] item: Sitrus Berry\n|\n|upkeep\n|\n|t:|1776731515\n|switch|p2a: Sinistcha|Sinistcha, L50, shiny|100/100\n|-heal|p2b: Hawlucha|100/100|[from] ability: Hospitality|[of] p2a: Sinistcha\n|turn|3\n|\n|t:|1776731532\n|move|p1a: Basculegion|Protect|p1a: Basculegion\n|-singleturn|p1a: Basculegion|Protect\n|move|p2a: Sinistcha|Matcha Gotcha|p1b: Sneasler|[spread] p1b\n|-activate|p1a: Basculegion|move: Protect\n|-resisted|p1b: Sneasler|1\n|-damage|p1b: Sneasler|0 fnt\n|faint|p1b: Sneasler\n|move|p2b: Hawlucha|Rock Slide|p1a: Basculegion\n|-activate|p1a: Basculegion|move: Protect\n|\n|upkeep\n|\n|t:|1776731549\n|switch|p1b: Pelipper|Pelipper, L50, F|100/100\n|-weather|RainDance|[from] ability: Drizzle|[of] p1b: Pelipper\n|turn|4\n|\n|t:|1776731563\n|move|p2a: Sinistcha|Matcha Gotcha|p1b: Pelipper|[spread] p1a,p1b\n|-supereffective|p1a: Basculegion|1\n|-damage|p1a: Basculegion|7/100\n|-damage|p1b: Pelipper|48/100\n|move|p2b: Hawlucha|Rock Slide|p1b: Pelipper|[spread] p1a,p1b\n|-supereffective|p1b: Pelipper|1\n|-damage|p1a: Basculegion|0 fnt\n|-damage|p1b: Pelipper|0 fnt\n|faint|p1a: Basculegion\n|faint|p1b: Pelipper\n|\n|-weather|RainDance|[upkeep]\n|upkeep\n|\n|t:|1776731580\n|switch|p1b: Floette|Floette-Eternal, L50, F|100/100\n|turn|5\n|\n|t:|1776731596\n|detailschange|p1b: Floette|Floette-Mega, L50, F\n|-mega|p1b: Floette|Floette|Floettite\n|-ability|p1b: Floette|Fairy Aura\n|move|p2a: Sinistcha|Matcha Gotcha|p1b: Floette\n|-damage|p1b: Floette|72/100\n|move|p2b: Hawlucha|Rock Slide|p1b: Floette\n|-damage|p1b: Floette|47/100\n|move|p1b: Floette|Dazzling Gleam|p2a: Sinistcha|[spread] p2a,p2b\n|-supereffective|p2b: Hawlucha|1\n|-damage|p2a: Sinistcha|30/100\n|-damage|p2b: Hawlucha|0 fnt\n|faint|p2b: Hawlucha\n|\n|-weather|RainDance|[upkeep]\n|upkeep\n|\n|t:|1776731610\n|switch|p2b: Espathra|Espathra, L50, F, shiny|100/100\n|turn|6\n|\n|t:|1776731615\n|move|p2b: Espathra|Protect|p2b: Espathra\n|-singleturn|p2b: Espathra|Protect\n|move|p2a: Sinistcha|Matcha Gotcha|p1b: Floette\n|-damage|p1b: Floette|19/100\n|-heal|p2a: Sinistcha|47/100|[from] drain|[of] p1b: Floette\n|move|p1b: Floette|Dazzling Gleam|p2b: Espathra|[spread] p2a\n|-activate|p2b: Espathra|move: Protect\n|-crit|p2a: Sinistcha\n|-damage|p2a: Sinistcha|0 fnt\n|faint|p2a: Sinistcha\n|\n|-weather|RainDance|[upkeep]\n|-ability|p2b: Espathra|Speed Boost|boost\n|-boost|p2b: Espathra|spe|1\n|upkeep\n|turn|7\n|\n|t:|1776731632\n|move|p2b: Espathra|Dazzling Gleam|p1b: Floette\n|-damage|p1b: Floette|0 fnt\n|faint|p1b: Floette\n|\n|win|guioguoguo\n|raw|gostodebaldes's rating: 1174 &rarr; <strong>1152</strong><br />(-22 for losing)\n|raw|guioguoguo's rating: 1221 &rarr; <strong>1243</strong><br />(+22 for winning)\n|l|\u2606gostodebaldes\n|player|p1|\n",
  "uploadtime": 1776731648,
  "views": 8,
  "formatid": "gen9championsvgc2026regma",
  "rating": 1152,
  "private": 0,
  "password": null
}