{
  "id": "gen9championsvgc2026regma-2588564562",
  "format": "[Gen 9 Champions] VGC 2026 Reg M-A",
  "players": [
    "lun4rspace",
    "muggysphinx"
  ],
  "log": "|j|\u2606lun4rspace\n|j|\u2606muggysphinx\n|t:|1776645442\n|gametype|doubles\n|player|p1|lun4rspace|266|1152\n|player|p2|muggysphinx|170|1185\n|gen|9\n|tier|[Gen 9 Champions] VGC 2026 Reg M-A\n|rated|\n|rule|Species Clause: Limit one of each Pok\u00e9mon\n|rule|Item Clause: Limit 1 of each item\n|clearpoke\n|poke|p1|Aerodactyl, L50, F|\n|poke|p1|Basculegion, L50, M|\n|poke|p1|Kommo-o, L50, M|\n|poke|p1|Scizor, L50, F|\n|poke|p1|Scovillain, L50, M|\n|poke|p1|Sneasler, L50, F|\n|poke|p2|Delphox, L50, M|\n|poke|p2|Garchomp, L50, M|\n|poke|p2|Aerodactyl, L50, M|\n|poke|p2|Gyarados, L50, M|\n|poke|p2|Sneasler, L50, F|\n|poke|p2|Meowscarada, L50, F|\n|teampreview|4\n|\n|t:|1776645478\n|teamsize|p1|4\n|teamsize|p2|4\n|start\n|switch|p1a: Scovillain|Scovillain, L50, M|100/100\n|switch|p1b: Basculegion|Basculegion, L50, M|100/100\n|switch|p2a: Delphox|Delphox, L50, M|100/100\n|switch|p2b: Aerodactyl|Aerodactyl, L50, M|100/100\n|turn|1\n|\n|t:|1776645495\n|detailschange|p2a: Delphox|Delphox-Mega, L50, M\n|-mega|p2a: Delphox|Delphox|Delphoxite\n|detailschange|p1a: Scovillain|Scovillain-Mega, L50, M\n|-mega|p1a: Scovillain|Scovillain|Scovillainite\n|move|p2a: Delphox|Protect|p2a: Delphox\n|-singleturn|p2a: Delphox|Protect\n|move|p1a: Scovillain|Rage Powder|p1a: Scovillain\n|-singleturn|p1a: Scovillain|move: Rage Powder\n|move|p2b: Aerodactyl|Dual Wingbeat|p1a: Scovillain|[miss]\n|-miss|p2b: Aerodactyl|p1a: Scovillain\n|move|p1b: Basculegion|Wave Crash|p2b: Aerodactyl\n|-supereffective|p2b: Aerodactyl|1\n|-enditem|p2b: Aerodactyl|Focus Sash\n|-damage|p2b: Aerodactyl|1/100\n|-damage|p1b: Basculegion|75/100|[from] Recoil\n|\n|upkeep\n|turn|2\n|\n|t:|1776645526\n|switch|p2a: Meowscarada|Meowscarada, L50, F|100/100\n|move|p1a: Scovillain|Rage Powder|p1a: Scovillain\n|-singleturn|p1a: Scovillain|move: Rage Powder\n|move|p1b: Basculegion|Aqua Jet|p2b: Aerodactyl\n|-supereffective|p2b: Aerodactyl|1\n|-damage|p2b: Aerodactyl|0 fnt\n|faint|p2b: Aerodactyl\n|\n|upkeep\n|\n|t:|1776645538\n|switch|p2b: Sneasler|Sneasler, L50, F|100/100\n|turn|3\n|\n|t:|1776645566\n|move|p2b: Sneasler|Fake Out|p1a: Scovillain\n|-damage|p1a: Scovillain|87/100\n|-status|p2b: Sneasler|brn|[from] ability: Spicy Spray|[of] p1a: Scovillain\n|move|p2a: Meowscarada|Knock Off|p1b: Basculegion\n|-start|p2a: Meowscarada|typechange|Dark|[from] ability: Protean\n|-supereffective|p1b: Basculegion|1\n|-damage|p1b: Basculegion|0 fnt\n|-enditem|p1b: Basculegion|Sitrus Berry|[from] move: Knock Off|[of] p2a: Meowscarada\n|faint|p1b: Basculegion\n|cant|p1a: Scovillain|flinch\n|\n|-damage|p2b: Sneasler|95/100 brn|[from] brn\n|upkeep\n|\n|t:|1776645579\n|switch|p1b: Kommo-o|Kommo-o, L50, M|100/100\n|turn|4\n|\n|t:|1776645587\n|switch|p2a: Delphox|Delphox-Mega, L50, M|100/100\n|move|p1a: Scovillain|Rage Powder|p1a: Scovillain\n|-singleturn|p1a: Scovillain|move: Rage Powder\n|move|p2b: Sneasler|Dire Claw|p1a: Scovillain\n|-supereffective|p1a: Scovillain|1\n|-damage|p1a: Scovillain|48/100\n|move|p1b: Kommo-o|Aura Sphere|p2b: Sneasler\n|-resisted|p2b: Sneasler|1\n|-damage|p2b: Sneasler|71/100 brn\n|\n|-damage|p2b: Sneasler|65/100 brn|[from] brn\n|upkeep\n|turn|5\n|\n|t:|1776645603\n|move|p1a: Scovillain|Rage Powder|p1a: Scovillain\n|-singleturn|p1a: Scovillain|move: Rage Powder\n|move|p2a: Delphox|Dazzling Gleam|p1a: Scovillain|[spread] p1a,p1b\n|-resisted|p1a: Scovillain|1\n|-supereffective|p1b: Kommo-o|2\n|-damage|p1a: Scovillain|35/100\n|-damage|p1b: Kommo-o|0 fnt\n|-immune|p2a: Delphox\n|faint|p1b: Kommo-o\n|move|p2b: Sneasler|Dire Claw|p1a: Scovillain\n|-supereffective|p1a: Scovillain|1\n|-damage|p1a: Scovillain|0 fnt\n|faint|p1a: Scovillain\n|\n|-damage|p2b: Sneasler|59/100 brn|[from] brn\n|upkeep\n|\n|t:|1776645618\n|switch|p1a: Sneasler|Sneasler, L50, F|100/100\n|turn|6\n|-message|lun4rspace forfeited.\n|\n|win|muggysphinx\n|raw|lun4rspace's rating: 1152 &rarr; <strong>1129</strong><br />(-23 for losing)\n|raw|muggysphinx's rating: 1185 &rarr; <strong>1208</strong><br />(+23 for winning)\n",
  "uploadtime": 1776645626,
  "views": 9,
  "formatid": "gen9championsvgc2026regma",
  "rating": 1129,
  "private": 0,
  "password": null
}