{
  "id": "gen9championsvgc2026regma-2583744955",
  "format": "[Gen 9 Champions] VGC 2026 Reg M-A",
  "players": [
    "YoshiStitch",
    "Troyster56"
  ],
  "log": "|j|\u2606YoshiStitch\n|j|\u2606Troyster56\n|t:|1776194797\n|gametype|doubles\n|player|p1|YoshiStitch|170|1105\n|player|p2|Troyster56|cynthia-gen4|1093\n|gen|9\n|tier|[Gen 9 Champions] VGC 2026 Reg M-A\n|rated|\n|rule|Species Clause: Limit one of each Pok\u00e9mon\n|rule|Item Clause: Limit 1 of each item\n|clearpoke\n|poke|p1|Sylveon, L50, F|\n|poke|p1|Klefki, L50, F|\n|poke|p1|Incineroar, L50, F|\n|poke|p1|Garchomp, L50, M|\n|poke|p1|Arcanine-Hisui, L50, F|\n|poke|p1|Rotom-Wash, L50|\n|poke|p2|Charizard, L50, F|\n|poke|p2|Venusaur, L50, M|\n|poke|p2|Garchomp, L50, F|\n|poke|p2|Rotom-Wash, L50|\n|poke|p2|Sneasler, L50, F|\n|poke|p2|Incineroar, L50, F|\n|teampreview|4\n|\n|t:|1776194815\n|teamsize|p1|4\n|teamsize|p2|4\n|start\n|switch|p1a: Klefki|Klefki, L50, F|100/100\n|switch|p1b: Rotom|Rotom-Wash, L50|100/100\n|switch|p2a: Charizard|Charizard, L50, F, shiny|100/100\n|switch|p2b: Sneasler|Sneasler, L50, F|100/100\n|turn|1\n|\n|t:|1776194834\n|detailschange|p2a: Charizard|Charizard-Mega-Y, L50, F, shiny\n|-mega|p2a: Charizard|Charizard|Charizardite Y\n|-weather|SunnyDay|[from] ability: Drought|[of] p2a: Charizard\n|move|p2b: Sneasler|Fake Out|p1b: Rotom\n|-damage|p1b: Rotom|83/100\n|move|p2a: Charizard|Weather Ball|p1a: Klefki\n|-supereffective|p1a: Klefki|1\n|-enditem|p1a: Klefki|Focus Sash\n|-damage|p1a: Klefki|1/100\n|cant|p1b: Rotom|flinch\n|move|p1a: Klefki|Trick Room|p1a: Klefki\n|-fieldstart|move: Trick Room|[of] p1a: Klefki\n|\n|-weather|SunnyDay|[upkeep]\n|upkeep\n|turn|2\n|inactive|Battle timer is ON: inactive players will automatically lose when time's up. (requested by Troyster56)\n|\n|t:|1776194861\n|move|p1a: Klefki|Sandstorm|p1a: Klefki\n|-weather|Sandstorm\n|move|p1b: Rotom|Volt Switch|p2a: Charizard\n|-supereffective|p2a: Charizard|1\n|-damage|p2a: Charizard|29/100\n|\n|t:|1776194870\n|switch|p1b: Garchomp|Garchomp, L50, M|100/100|[from] Volt Switch\n|move|p2a: Charizard|Heat Wave|p1b: Garchomp|[spread] p1a,p1b\n|-supereffective|p1a: Klefki|1\n|-resisted|p1b: Garchomp|1\n|-damage|p1a: Klefki|0 fnt\n|-damage|p1b: Garchomp|74/100\n|faint|p1a: Klefki\n|move|p2b: Sneasler|Dire Claw|p1b: Garchomp\n|-resisted|p1b: Garchomp|1\n|-damage|p1b: Garchomp|58/100\n|-damage|p2b: Sneasler|88/100|[from] ability: Rough Skin|[of] p1b: Garchomp\n|\n|-weather|Sandstorm|[upkeep]\n|-damage|p2a: Charizard|23/100|[from] Sandstorm\n|-damage|p2b: Sneasler|82/100|[from] Sandstorm\n|upkeep\n|\n|t:|1776194874\n|switch|p1a: Rotom|Rotom-Wash, L50|83/100\n|turn|3\n|inactive|Troyster56 has 30 seconds left.\n|\n|t:|1776194908\n|switch|p2a: Garchomp|Garchomp, L50, F|100/100\n|detailschange|p1b: Garchomp|Garchomp-Mega, L50, M\n|-mega|p1b: Garchomp|Garchomp|Garchompite\n|move|p1b: Garchomp|Earthquake|p2a: Garchomp|[spread] p2a,p2b\n|-immune|p1a: Rotom|[from] ability: Levitate\n|-supereffective|p2b: Sneasler|1\n|-damage|p2a: Garchomp|35/100\n|-damage|p2b: Sneasler|0 fnt\n|faint|p2b: Sneasler\n|move|p1a: Rotom|Volt Switch|p2a: Garchomp\n|-immune|p2a: Garchomp\n|\n|-weather|Sandstorm|[upkeep]\n|-damage|p1a: Rotom|77/100|[from] Sandstorm\n|upkeep\n|\n|t:|1776194920\n|switch|p2b: Charizard|Charizard-Mega-Y, L50, F, shiny|23/100\n|-weather|SunnyDay|[from] ability: Drought|[of] p2b: Charizard\n|turn|4\n|\n|t:|1776194930\n|move|p1b: Garchomp|Earthquake|p2a: Garchomp|[spread] p2a\n|-immune|p1a: Rotom|[from] ability: Levitate\n|-immune|p2b: Charizard\n|-damage|p2a: Garchomp|0 fnt\n|faint|p2a: Garchomp\n|move|p1a: Rotom|Volt Switch|p2b: Charizard\n|-supereffective|p2b: Charizard|1\n|-damage|p2b: Charizard|0 fnt\n|faint|p2b: Charizard\n|\n|t:|1776194937\n|switch|p1a: Sylveon|Sylveon, L50, F, shiny|100/100|[from] Volt Switch\n|\n|-weather|SunnyDay|[upkeep]\n|upkeep\n|\n|t:|1776194940\n|switch|p2b: Venusaur|Venusaur, L50, M|100/100\n|turn|5\n|\n|t:|1776194954\n|move|p2b: Venusaur|Protect|p2b: Venusaur\n|-singleturn|p2b: Venusaur|Protect\n|move|p1a: Sylveon|Weather Ball|p2b: Venusaur\n|-activate|p2b: Venusaur|move: Protect\n|move|p1b: Garchomp|Dragon Claw|p2b: Venusaur\n|-activate|p2b: Venusaur|move: Protect\n|\n|-weather|SunnyDay|[upkeep]\n|-fieldend|move: Trick Room\n|upkeep\n|turn|6\n|\n|t:|1776194963\n|move|p1b: Garchomp|Protect|p1b: Garchomp\n|-singleturn|p1b: Garchomp|Protect\n|move|p2b: Venusaur|Leaf Storm|p1b: Garchomp\n|-activate|p1b: Garchomp|move: Protect\n|move|p1a: Sylveon|Weather Ball|p2b: Venusaur\n|-supereffective|p2b: Venusaur|1\n|-enditem|p2b: Venusaur|Focus Sash\n|-damage|p2b: Venusaur|1/100\n|\n|-weather|SunnyDay|[upkeep]\n|upkeep\n|turn|7\n|\n|t:|1776194977\n|switch|p1b: Rotom|Rotom-Wash, L50|77/100\n|move|p2b: Venusaur|Sludge Bomb|p1a: Sylveon\n|-supereffective|p1a: Sylveon|1\n|-damage|p1a: Sylveon|43/100\n|-status|p1a: Sylveon|psn\n|move|p1a: Sylveon|Weather Ball|p2b: Venusaur\n|-supereffective|p2b: Venusaur|1\n|-damage|p2b: Venusaur|0 fnt\n|faint|p2b: Venusaur\n|\n|win|YoshiStitch\n|raw|YoshiStitch's rating: 1105 &rarr; <strong>1129</strong><br />(+24 for winning)\n|raw|Troyster56's rating: 1093 &rarr; <strong>1070</strong><br />(-23 for losing)\n|l|\u2606Troyster56\n|player|p2|\n",
  "uploadtime": 1776194982,
  "views": 17,
  "formatid": "gen9championsvgc2026regma",
  "rating": 1070,
  "private": 0,
  "password": null
}