{
  "id": "gen9championsvgc2026regma-2583022764",
  "format": "[Gen 9 Champions] VGC 2026 Reg M-A",
  "players": [
    "meyownaze2",
    "hyunbelievable"
  ],
  "log": "|j|\u2606meyownaze2\n|j|\u2606hyunbelievable\n|t:|1776134193\n|gametype|doubles\n|player|p1|meyownaze2|preschooler|1217\n|player|p2|hyunbelievable|guzma|1194\n|gen|9\n|tier|[Gen 9 Champions] VGC 2026 Reg M-A\n|rated|\n|rule|Species Clause: Limit one of each Pok\u00e9mon\n|rule|Item Clause: Limit 1 of each item\n|clearpoke\n|poke|p1|Pelipper, L50, M|\n|poke|p1|Archaludon, L50, F|\n|poke|p1|Meganium, L50, F|\n|poke|p1|Basculegion, L50, M|\n|poke|p1|Sableye, L50, F|\n|poke|p1|Dragonite, L50, F|\n|poke|p2|Floette-Eternal, L50, F|\n|poke|p2|Aerodactyl, L50, F|\n|poke|p2|Excadrill, L50, F|\n|poke|p2|Tyranitar, L50, M|\n|poke|p2|Orthworm, L50, M|\n|poke|p2|Rotom-Wash, L50|\n|teampreview|4\n|inactive|Battle timer is ON: inactive players will automatically lose when time's up. (requested by meyownaze2)\n|inactive|meyownaze2 has 60 seconds left.\n|inactive|hyunbelievable has 60 seconds left.\n|\n|t:|1776134233\n|teamsize|p1|4\n|teamsize|p2|4\n|start\n|switch|p1a: Aqua jet bot|Basculegion, L50, M, shiny|100/100\n|switch|p1b: Sleestack|Sableye, L50, F|100/100\n|switch|p2a: Orthworm|Orthworm, L50, M|100/100\n|switch|p2b: Rotom|Rotom-Wash, L50|100/100\n|turn|1\n|inactive|meyownaze2 has 30 seconds left.\n|\n|t:|1776134259\n|move|p2a: Orthworm|Helping Hand|p2b: Rotom\n|-singleturn|p2b: Rotom|Helping Hand|[of] p2a: Orthworm\n|move|p1b: Sleestack|Fake Out|p2b: Rotom\n|-damage|p2b: Rotom|89/100\n|cant|p2b: Rotom|flinch\n|move|p1a: Aqua jet bot|Flip Turn|p2a: Orthworm\n|-damage|p2a: Orthworm|77/100\n|\n|t:|1776134272\n|switch|p1a: I\u2019m gonna mega|Meganium, L50, F|100/100|[from] Flip Turn\n|\n|upkeep\n|turn|2\n|\n|t:|1776134282\n|detailschange|p1a: I\u2019m gonna mega|Meganium-Mega, L50, F\n|-mega|p1a: I\u2019m gonna mega|Meganium|Meganiumite\n|move|p2b: Rotom|Volt Switch|p1b: Sleestack\n|-damage|p1b: Sleestack|52/100\n|\n|t:|1776134299\n|switch|p2b: Tyranitar|Tyranitar, L50, M|100/100|[from] Volt Switch\n|-weather|Sandstorm|[from] ability: Sand Stream|[of] p2b: Tyranitar\n|move|p1a: I\u2019m gonna mega|Solar Beam||[still]\n|-prepare|p1a: I\u2019m gonna mega|Solar Beam\n|-activate|p1a: I\u2019m gonna mega|ability: Mega Sol\n|-anim|p1a: I\u2019m gonna mega|Solar Beam|p2b: Tyranitar\n|-supereffective|p2b: Tyranitar|1\n|-damage|p2b: Tyranitar|0 fnt\n|faint|p2b: Tyranitar\n|move|p2a: Orthworm|Shed Tail|p2a: Orthworm\n|-start|p2a: Orthworm|Substitute|[from] move: Shed Tail\n|-damage|p2a: Orthworm|26/100\n|-enditem|p2a: Orthworm|Sitrus Berry|[eat]\n|-heal|p2a: Orthworm|51/100|[from] item: Sitrus Berry\n|\n|t:|1776134303\n|switch|p2a: Floette|Floette-Eternal, L50, F|100/100|[from] Shed Tail\n|move|p1b: Sleestack|Knock Off|p2a: Floette\n|-resisted|p2a: Floette|1\n|-activate|p2a: Floette|move: Substitute|[damage]\n|\n|-weather|Sandstorm|[upkeep]\n|-damage|p2a: Floette|94/100|[from] Sandstorm\n|-damage|p1a: I\u2019m gonna mega|94/100|[from] Sandstorm\n|-damage|p1b: Sleestack|46/100|[from] Sandstorm\n|upkeep\n|\n|t:|1776134313\n|switch|p2b: Orthworm|Orthworm, L50, M|51/100\n|turn|3\n|inactive|meyownaze2 has 30 seconds left.\n|\n|t:|1776134343\n|detailschange|p2a: Floette|Floette-Mega, L50, F\n|-mega|p2a: Floette|Floette|Floettite\n|-ability|p2a: Floette|Fairy Aura\n|move|p2a: Floette|Calm Mind|p2a: Floette\n|-boost|p2a: Floette|spa|1\n|-boost|p2a: Floette|spd|1\n|move|p1a: I\u2019m gonna mega|Solar Beam||[still]\n|-prepare|p1a: I\u2019m gonna mega|Solar Beam\n|-activate|p1a: I\u2019m gonna mega|ability: Mega Sol\n|-anim|p1a: I\u2019m gonna mega|Solar Beam|p2a: Floette\n|-end|p2a: Floette|Substitute\n|move|p2b: Orthworm|Iron Defense|p2b: Orthworm\n|-boost|p2b: Orthworm|def|2\n|move|p1b: Sleestack|Knock Off|p2b: Orthworm\n|-damage|p2b: Orthworm|46/100\n|\n|-weather|Sandstorm|[upkeep]\n|-damage|p2a: Floette|88/100|[from] Sandstorm\n|-damage|p1a: I\u2019m gonna mega|88/100|[from] Sandstorm\n|-damage|p1b: Sleestack|40/100|[from] Sandstorm\n|upkeep\n|turn|4\n|\n|t:|1776134363\n|move|p2b: Orthworm|Helping Hand|p2a: Floette\n|-singleturn|p2a: Floette|Helping Hand|[of] p2b: Orthworm\n|move|p1b: Sleestack|Pain Split|p2a: Floette\n|-sethp|p2a: Floette|61/100|[from] move: Pain Split|[silent]\n|-sethp|p1b: Sleestack|71/100|[from] move: Pain Split\n|move|p2a: Floette|Moonblast|p1a: I\u2019m gonna mega\n|-damage|p1a: I\u2019m gonna mega|0 fnt\n|faint|p1a: I\u2019m gonna mega\n|\n|-weather|Sandstorm|[upkeep]\n|-damage|p2a: Floette|55/100|[from] Sandstorm\n|-damage|p1b: Sleestack|65/100|[from] Sandstorm\n|upkeep\n|\n|t:|1776134374\n|switch|p1a: Toilet|Pelipper, L50, M|100/100\n|-weather|RainDance|[from] ability: Drizzle|[of] p1a: Toilet\n|turn|5\n|\n|t:|1776134386\n|move|p1b: Sleestack|Will-O-Wisp|p2a: Floette\n|-status|p2a: Floette|brn\n|move|p2a: Floette|Draining Kiss|p1b: Sleestack\n|-supereffective|p1b: Sleestack|1\n|-damage|p1b: Sleestack|0 fnt\n|-heal|p2a: Floette|97/100 brn|[from] drain|[of] p1b: Sleestack\n|faint|p1b: Sleestack\n|move|p1a: Toilet|Weather Ball|p2a: Floette\n|-damage|p2a: Floette|74/100 brn\n|move|p2b: Orthworm|Body Press|p1a: Toilet\n|-resisted|p1a: Toilet|1\n|-damage|p1a: Toilet|67/100\n|\n|-weather|RainDance|[upkeep]\n|-damage|p2a: Floette|68/100 brn|[from] brn\n|upkeep\n|\n|t:|1776134395\n|switch|p1b: Aqua jet bot|Basculegion, L50, M, shiny|100/100\n|turn|6\n|\n|t:|1776134409\n|move|p2a: Floette|Protect|p2a: Floette\n|-singleturn|p2a: Floette|Protect\n|move|p1b: Aqua jet bot|Last Respects|p2a: Floette\n|-activate|p2a: Floette|move: Protect\n|move|p1a: Toilet|Weather Ball|p2b: Orthworm\n|-damage|p2b: Orthworm|0 fnt\n|faint|p2b: Orthworm\n|\n|-weather|RainDance|[upkeep]\n|-damage|p2a: Floette|62/100 brn|[from] brn\n|upkeep\n|\n|t:|1776134416\n|switch|p2b: Rotom|Rotom-Wash, L50|89/100\n|turn|7\n|\n|t:|1776134432\n|move|p1a: Toilet|Protect|p1a: Toilet\n|-singleturn|p1a: Toilet|Protect\n|move|p2b: Rotom|Thunderbolt|p1b: Aqua jet bot\n|-supereffective|p1b: Aqua jet bot|1\n|-damage|p1b: Aqua jet bot|0 fnt\n|faint|p1b: Aqua jet bot\n|move|p2a: Floette|Draining Kiss|p1a: Toilet\n|-activate|p1a: Toilet|move: Protect\n|\n|-weather|RainDance|[upkeep]\n|-damage|p2a: Floette|56/100 brn|[from] brn\n|upkeep\n|turn|8\n|-message|meyownaze2 forfeited.\n|\n|win|hyunbelievable\n|raw|meyownaze2's rating: 1217 &rarr; <strong>1190</strong><br />(-27 for losing)\n|raw|hyunbelievable's rating: 1194 &rarr; <strong>1221</strong><br />(+27 for winning)\n|l|\u2606meyownaze2\n|player|p1|\n",
  "uploadtime": 1776134441,
  "views": 14,
  "formatid": "gen9championsvgc2026regma",
  "rating": 1190,
  "private": 0,
  "password": null
}