{
  "id": "gen9championsvgc2026regma-2587001655",
  "format": "[Gen 9 Champions] VGC 2026 Reg M-A",
  "players": [
    "kadussy",
    "Thivez"
  ],
  "log": "|j|\u2606kadussy\n|j|\u2606Thivez\n|t:|1776480019\n|gametype|doubles\n|player|p1|kadussy|265|1000\n|player|p2|Thivez|caitlin|1051\n|gen|9\n|tier|[Gen 9 Champions] VGC 2026 Reg M-A\n|rated|\n|rule|Species Clause: Limit one of each Pok\u00e9mon\n|rule|Item Clause: Limit 1 of each item\n|clearpoke\n|poke|p1|Floette-Eternal, L50, F|\n|poke|p1|Aerodactyl, L50, F|\n|poke|p1|Incineroar, L50, M|\n|poke|p1|Maushold-Four, L50|\n|poke|p1|Sneasler, L50, F|\n|poke|p1|Primarina, L50, M|\n|poke|p2|Charizard, L50, F|\n|poke|p2|Gardevoir, L50, F|\n|poke|p2|Incineroar, L50, M|\n|poke|p2|Venusaur, L50, M|\n|poke|p2|Garchomp, L50, M|\n|poke|p2|Milotic, L50, F|\n|teampreview|4\n|inactive|Battle timer is ON: inactive players will automatically lose when time's up. (requested by kadussy)\n|\n|t:|1776480049\n|teamsize|p1|4\n|teamsize|p2|4\n|start\n|switch|p1a: Floette|Floette-Eternal, L50, F|100/100\n|switch|p1b: Aerodactyl|Aerodactyl, L50, F|100/100\n|switch|p2a: Gardevoir|Gardevoir, L50, F|100/100\n|switch|p2b: Incineroar|Incineroar, L50, M|100/100\n|-ability|p1b: Aerodactyl|Pressure\n|-ability|p2b: Incineroar|Intimidate|boost\n|-unboost|p1a: Floette|atk|1\n|-unboost|p1b: Aerodactyl|atk|1\n|turn|1\n|\n|t:|1776480065\n|detailschange|p1a: Floette|Floette-Mega, L50, F\n|-mega|p1a: Floette|Floette|Floettite\n|-ability|p1a: Floette|Fairy Aura\n|move|p1b: Aerodactyl|Protect|p1b: Aerodactyl\n|-singleturn|p1b: Aerodactyl|Protect\n|move|p1a: Floette|Protect|p1a: Floette\n|-singleturn|p1a: Floette|Protect\n|move|p2b: Incineroar|Fake Out|p1b: Aerodactyl\n|-activate|p1b: Aerodactyl|move: Protect\n|move|p2a: Gardevoir|Icy Wind|p1b: Aerodactyl|[spread] \n|-activate|p1a: Floette|move: Protect\n|-activate|p1b: Aerodactyl|move: Protect\n|\n|upkeep\n|turn|2\n|\n|t:|1776480079\n|move|p2a: Gardevoir|Icy Wind|p1b: Aerodactyl|[spread] p1a,p1b\n|-supereffective|p1b: Aerodactyl|1\n|-damage|p1a: Floette|89/100\n|-damage|p1b: Aerodactyl|58/100\n|-unboost|p1a: Floette|spe|1\n|-unboost|p1b: Aerodactyl|spe|1\n|move|p1b: Aerodactyl|Tailwind|p1b: Aerodactyl\n|-sidestart|p1: kadussy|move: Tailwind\n|move|p1a: Floette|Dazzling Gleam|p2b: Incineroar|[spread] p2a,p2b\n|-damage|p2a: Gardevoir|48/100\n|-damage|p2b: Incineroar|57/100\n|move|p2b: Incineroar|Flare Blitz|p1a: Floette\n|-damage|p1a: Floette|27/100\n|-damage|p2b: Incineroar|42/100|[from] Recoil\n|-enditem|p2b: Incineroar|Sitrus Berry|[eat]\n|-heal|p2b: Incineroar|66/100|[from] item: Sitrus Berry\n|\n|upkeep\n|turn|3\n|\n|t:|1776480098\n|move|p2b: Incineroar|Helping Hand|p2a: Gardevoir\n|-singleturn|p2a: Gardevoir|Helping Hand|[of] p2b: Incineroar\n|move|p1b: Aerodactyl|Rock Slide|p2b: Incineroar|[spread] p2a,p2b\n|-supereffective|p2b: Incineroar|1\n|-damage|p2a: Gardevoir|17/100\n|-damage|p2b: Incineroar|36/100\n|move|p2a: Gardevoir|Icy Wind|p1b: Aerodactyl|[spread] p1a,p1b\n|-supereffective|p1b: Aerodactyl|1\n|-damage|p1a: Floette|7/100\n|-damage|p1b: Aerodactyl|1/100\n|-unboost|p1a: Floette|spe|1\n|-unboost|p1b: Aerodactyl|spe|1\n|move|p1a: Floette|Dazzling Gleam|p2b: Incineroar|[spread] p2a,p2b\n|-damage|p2a: Gardevoir|0 fnt\n|-damage|p2b: Incineroar|0 fnt\n|faint|p2a: Gardevoir\n|faint|p2b: Incineroar\n|\n|upkeep\n|\n|t:|1776480109\n|switch|p2a: Charizard|Charizard, L50, F, shiny|100/100\n|switch|p2b: Venusaur|Venusaur, L50, M|100/100\n|turn|4\n|\n|t:|1776480123\n|switch|p1a: Primarina|Primarina, L50, M|100/100\n|detailschange|p2a: Charizard|Charizard-Mega-Y, L50, F, shiny\n|-mega|p2a: Charizard|Charizard|Charizardite Y\n|-weather|SunnyDay|[from] ability: Drought|[of] p2a: Charizard\n|move|p2b: Venusaur|Sludge Bomb|p1a: Primarina\n|-supereffective|p1a: Primarina|1\n|-damage|p1a: Primarina|24/100\n|move|p1b: Aerodactyl|Rock Slide|p2a: Charizard|[spread] p2a\n|-miss|p1b: Aerodactyl|p2b: Venusaur\n|-supereffective|p2a: Charizard|2\n|-damage|p2a: Charizard|25/100\n|move|p2a: Charizard|Heat Wave|p1b: Aerodactyl|[spread] p1a,p1b\n|-resisted|p1a: Primarina|1\n|-resisted|p1b: Aerodactyl|1\n|-damage|p1a: Primarina|0 fnt\n|-damage|p1b: Aerodactyl|0 fnt\n|faint|p1a: Primarina\n|faint|p1b: Aerodactyl\n|\n|-weather|SunnyDay|[upkeep]\n|upkeep\n|\n|t:|1776480135\n|switch|p1b: Maushold|Maushold-Four, L50|100/100\n|switch|p1a: Floette|Floette-Mega, L50, F|7/100\n|-ability|p1a: Floette|Fairy Aura\n|turn|5\n|\n|t:|1776480152\n|move|p2a: Charizard|Protect|p2a: Charizard\n|-singleturn|p2a: Charizard|Protect\n|move|p1b: Maushold|Follow Me|p1b: Maushold\n|-singleturn|p1b: Maushold|move: Follow Me\n|move|p1a: Floette|Synthesis|p1a: Floette\n|-heal|p1a: Floette|74/100\n|move|p2b: Venusaur|Sleep Powder|p1b: Maushold\n|-status|p1b: Maushold|slp|[from] move: Sleep Powder\n|\n|-weather|SunnyDay|[upkeep]\n|-sideend|p1: kadussy|move: Tailwind\n|upkeep\n|turn|6\n|\n|t:|1776480171\n|move|p2b: Venusaur|Sludge Bomb|p1a: Floette\n|-supereffective|p1a: Floette|1\n|-damage|p1a: Floette|24/100\n|-status|p1a: Floette|psn\n|cant|p1b: Maushold|slp\n|move|p1a: Floette|Dazzling Gleam|p2a: Charizard|[spread] p2a,p2b\n|-resisted|p2a: Charizard|1\n|-resisted|p2b: Venusaur|1\n|-damage|p2a: Charizard|3/100\n|-damage|p2b: Venusaur|73/100\n|move|p2a: Charizard|Heat Wave|p1b: Maushold|[spread] p1a,p1b\n|-damage|p1a: Floette|0 fnt\n|-damage|p1b: Maushold|16/100 slp\n|-enditem|p1b: Maushold|Sitrus Berry|[eat]\n|-heal|p1b: Maushold|41/100 slp|[from] item: Sitrus Berry\n|faint|p1a: Floette\n|\n|-weather|SunnyDay|[upkeep]\n|upkeep\n|turn|7\n|\n|t:|1776480185\n|move|p2b: Venusaur|Sludge Bomb|p1b: Maushold\n|-damage|p1b: Maushold|0 fnt\n|faint|p1b: Maushold\n|\n|win|Thivez\n|raw|kadussy's rating: 1000 &rarr; <strong>1000</strong><br />(+0 for losing)\n|raw|Thivez's rating: 1051 &rarr; <strong>1079</strong><br />(+28 for winning)\n|c|\u2606Thivez|ez\n|l|\u2606kadussy\n|player|p1|\n",
  "uploadtime": 1776480192,
  "views": 14,
  "formatid": "gen9championsvgc2026regma",
  "rating": 1000,
  "private": 0,
  "password": null
}