{
  "id": "gen9championsvgc2026regma-2584760176",
  "format": "[Gen 9 Champions] VGC 2026 Reg M-A",
  "players": [
    "joyella",
    "datguyjimmeh"
  ],
  "log": "|j|\u2606joyella\n|j|\u2606datguyjimmeh\n|t:|1776281717\n|gametype|doubles\n|player|p1|joyella|101|1231\n|player|p2|datguyjimmeh|1|1261\n|gen|9\n|tier|[Gen 9 Champions] VGC 2026 Reg M-A\n|rated|\n|rule|Species Clause: Limit one of each Pok\u00e9mon\n|rule|Item Clause: Limit 1 of each item\n|clearpoke\n|poke|p1|Lucario, L50, F|\n|poke|p1|Aerodactyl, L50, F|\n|poke|p1|Tyranitar, L50, M|\n|poke|p1|Farigiraf, L50, F|\n|poke|p1|Rotom-Wash, L50|\n|poke|p1|Garchomp, L50, F|\n|poke|p2|Charizard, L50, F|\n|poke|p2|Milotic, L50, M|\n|poke|p2|Tinkaton, L50, F|\n|poke|p2|Sinistcha, L50|\n|poke|p2|Conkeldurr, L50, F|\n|poke|p2|Froslass, L50, F|\n|teampreview|4\n|\n|t:|1776281766\n|teamsize|p1|4\n|teamsize|p2|4\n|start\n|switch|p1a: Farigiraf|Farigiraf, L50, F|100/100\n|switch|p1b: Aerodactyl|Aerodactyl, L50, F|100/100\n|switch|p2a: Froslass|Froslass, L50, F|100/100\n|switch|p2b: Tinkaton|Tinkaton, L50, F|100/100\n|-ability|p1b: Aerodactyl|Unnerve\n|turn|1\n|\n|t:|1776281811\n|move|p1a: Farigiraf|Helping Hand|p1b: Aerodactyl\n|-singleturn|p1b: Aerodactyl|Helping Hand|[of] p1a: Farigiraf\n|move|p2a: Froslass|Protect|p2a: Froslass\n|-singleturn|p2a: Froslass|Protect\n|move|p1b: Aerodactyl|Rock Slide|p2b: Tinkaton|[spread] p2b\n|-activate|p2a: Froslass|move: Protect\n|-resisted|p2b: Tinkaton|1\n|-damage|p2b: Tinkaton|80/100\n|cant|p2b: Tinkaton|flinch\n|\n|upkeep\n|turn|2\n|\n|t:|1776281862\n|switch|p1a: Lucario|Lucario, L50, F|100/100\n|detailschange|p2a: Froslass|Froslass-Mega, L50, F\n|-mega|p2a: Froslass|Froslass|Froslassite\n|-weather|Snowscape|[from] ability: Snow Warning|[of] p2a: Froslass\n|move|p1b: Aerodactyl|Tailwind|p1b: Aerodactyl\n|-sidestart|p1: joyella|move: Tailwind\n|move|p2a: Froslass|Substitute|p2a: Froslass\n|-start|p2a: Froslass|Substitute\n|-damage|p2a: Froslass|76/100\n|move|p2b: Tinkaton|Gigaton Hammer|p1b: Aerodactyl\n|-supereffective|p1b: Aerodactyl|1\n|-enditem|p1b: Aerodactyl|Focus Sash\n|-damage|p1b: Aerodactyl|1/100\n|\n|-weather|Snowscape|[upkeep]\n|upkeep\n|turn|3\n|\n|t:|1776281941\n|detailschange|p1a: Lucario|Lucario-Mega, L50, F\n|-mega|p1a: Lucario|Lucario|Lucarionite\n|move|p2a: Froslass|Protect|p2a: Froslass\n|-singleturn|p2a: Froslass|Protect\n|move|p1b: Aerodactyl|Rock Slide|p2a: Froslass|[spread] p2b\n|-activate|p2a: Froslass|move: Protect\n|-resisted|p2b: Tinkaton|1\n|-damage|p2b: Tinkaton|67/100\n|move|p1a: Lucario|Meteor Mash|p2a: Froslass\n|-activate|p2a: Froslass|move: Protect\n|move|p2b: Tinkaton|Play Rough|p1b: Aerodactyl\n|-damage|p1b: Aerodactyl|0 fnt\n|faint|p1b: Aerodactyl\n|\n|-weather|Snowscape|[upkeep]\n|upkeep\n|\n|t:|1776281958\n|switch|p1b: Rotom|Rotom-Wash, L50|100/100\n|turn|4\n|\n|t:|1776281970\n|switch|p2b: Sinistcha|Sinistcha, L50|100/100\n|-heal|p2a: Froslass|100/100|[from] ability: Hospitality|[of] p2b: Sinistcha\n|move|p1a: Lucario|Meteor Mash|p2a: Froslass\n|-supereffective|p2a: Froslass|1\n|-end|p2a: Froslass|Substitute\n|move|p1b: Rotom|Will-O-Wisp|p2b: Sinistcha|[miss]\n|-miss|p1b: Rotom|p2b: Sinistcha\n|move|p2a: Froslass|Shadow Ball|p1a: Lucario\n|-damage|p1a: Lucario|35/100\n|\n|-weather|Snowscape|[upkeep]\n|upkeep\n|turn|5\n|\n|t:|1776282006\n|move|p2a: Froslass|Protect|p2a: Froslass\n|-singleturn|p2a: Froslass|Protect\n|move|p1a: Lucario|Ice Punch|p2b: Sinistcha\n|-supereffective|p2b: Sinistcha|1\n|-damage|p2b: Sinistcha|44/100\n|-enditem|p2b: Sinistcha|Sitrus Berry|[eat]\n|-heal|p2b: Sinistcha|69/100|[from] item: Sitrus Berry\n|move|p1b: Rotom|Thunderbolt|p2b: Sinistcha\n|-resisted|p2b: Sinistcha|1\n|-damage|p2b: Sinistcha|48/100\n|move|p2b: Sinistcha|Matcha Gotcha|p1a: Lucario|[spread] p1a,p1b\n|-resisted|p1a: Lucario|1\n|-supereffective|p1b: Rotom|1\n|-crit|p1b: Rotom\n|-damage|p1a: Lucario|13/100\n|-heal|p2b: Sinistcha|57/100|[from] drain|[of] p1a: Lucario\n|-damage|p1b: Rotom|13/100\n|-heal|p2b: Sinistcha|96/100|[from] drain|[of] p1b: Rotom\n|-status|p1b: Rotom|brn\n|\n|-weather|Snowscape|[upkeep]\n|-heal|p1b: Rotom|18/100 brn|[from] item: Leftovers\n|-damage|p1b: Rotom|13/100 brn|[from] brn\n|-sideend|p1: joyella|move: Tailwind\n|upkeep\n|turn|6\n|-message|joyella forfeited.\n|\n|win|datguyjimmeh\n|raw|joyella's rating: 1231 &rarr; <strong>1208</strong><br />(-23 for losing)\n|raw|datguyjimmeh's rating: 1261 &rarr; <strong>1284</strong><br />(+23 for winning)\n|l|\u2606joyella\n|player|p1|\n",
  "uploadtime": 1776282055,
  "views": 25,
  "formatid": "gen9championsvgc2026regma",
  "rating": 1208,
  "private": 0,
  "password": null
}