{
  "id": "gen9championsvgc2026regma-2580698413",
  "format": "[Gen 9 Champions] VGC 2026 Reg M-A",
  "players": [
    "ShrimpInCar1",
    "funnymangav"
  ],
  "log": "|j|\u203dShrimpInCar1\n|j|\u2606funnymangav\n|t:|1775925204\n|gametype|doubles\n|player|p1|ShrimpInCar1|roughneck|1001\n|player|p2|funnymangav|dawn|1053\n|gen|9\n|tier|[Gen 9 Champions] VGC 2026 Reg M-A\n|rated|\n|rule|Species Clause: Limit one of each Pok\u00e9mon\n|rule|Item Clause: Limit 1 of each item\n|clearpoke\n|poke|p1|Golurk, L50|\n|poke|p1|Farigiraf, L50, M|\n|poke|p1|Sinistcha, L50|\n|poke|p1|Incineroar, L50, M|\n|poke|p1|Sylveon, L50, F|\n|poke|p1|Torkoal, L50, F|\n|poke|p2|Gardevoir, L50, M|\n|poke|p2|Aerodactyl, L50, M|\n|poke|p2|Incineroar, L50, M|\n|poke|p2|Jolteon, L50, M|\n|poke|p2|Sinistcha, L50|\n|poke|p2|Gengar, L50, F|\n|teampreview|4\n|inactive|Battle timer is ON: inactive players will automatically lose when time's up. (requested by funnymangav)\n|\n|t:|1775925228\n|teamsize|p1|4\n|teamsize|p2|4\n|start\n|switch|p1a: Golurk|Golurk, L50|100/100\n|switch|p1b: Farigiraf|Farigiraf, L50, M|100/100\n|switch|p2a: :3|Gengar, L50, F|100/100\n|switch|p2b: Horse|Incineroar, L50, M|100/100\n|-ability|p2b: Horse|Intimidate|boost\n|-unboost|p1a: Golurk|atk|1\n|-unboost|p1b: Farigiraf|atk|1\n|turn|1\n|\n|t:|1775925247\n|detailschange|p2a: :3|Gengar-Mega, L50, F\n|-mega|p2a: :3|Gengar|Gengarite\n|detailschange|p1a: Golurk|Golurk-Mega, L50\n|-mega|p1a: Golurk|Golurk|Golurkite\n|move|p2a: :3|Sludge Bomb|p1b: Farigiraf\n|-damage|p1b: Farigiraf|50/100\n|-enditem|p1b: Farigiraf|Sitrus Berry|[eat]\n|-heal|p1b: Farigiraf|75/100|[from] item: Sitrus Berry\n|move|p2b: Horse|Will-O-Wisp|p1a: Golurk\n|-status|p1a: Golurk|brn\n|move|p1a: Golurk|Drain Punch|p2b: Horse\n|-supereffective|p2b: Horse|1\n|-damage|p2b: Horse|81/100\n|move|p1b: Farigiraf|Trick Room|p1b: Farigiraf\n|-fieldstart|move: Trick Room|[of] p1b: Farigiraf\n|\n|-heal|p2b: Horse|88/100|[from] item: Leftovers\n|-damage|p1a: Golurk|94/100 brn|[from] brn\n|upkeep\n|turn|2\n|inactive|ShrimpInCar1 has 30 seconds left.\n|\n|t:|1775925278\n|switch|p1a: Sinistcha|Sinistcha, L50|100/100\n|-heal|p1b: Farigiraf|99/100|[from] ability: Hospitality|[of] p1a: Sinistcha\n|move|p2a: :3|Protect|p2a: :3\n|-singleturn|p2a: :3|Protect\n|move|p1b: Farigiraf|Psychic|p2a: :3\n|-activate|p2a: :3|move: Protect\n|move|p2b: Horse|Throat Chop|p1b: Farigiraf\n|-supereffective|p1b: Farigiraf|1\n|-damage|p1b: Farigiraf|38/100\n|-start|p1b: Farigiraf|Throat Chop|[silent]\n|\n|-heal|p2b: Horse|94/100|[from] item: Leftovers\n|upkeep\n|turn|3\n|inactive|ShrimpInCar1 has 30 seconds left.\n|inactive|ShrimpInCar1 has 20 seconds left.\n|\n|t:|1775925314\n|move|p1b: Farigiraf|Psychic|p2a: :3\n|-supereffective|p2a: :3|1\n|-damage|p2a: :3|0 fnt\n|faint|p2a: :3\n|move|p2b: Horse|Throat Chop|p1b: Farigiraf\n|-supereffective|p1b: Farigiraf|1\n|-damage|p1b: Farigiraf|0 fnt\n|faint|p1b: Farigiraf\n|move|p1a: Sinistcha|Strength Sap|p2b: Horse\n|-unboost|p2b: Horse|atk|1\n|\n|-heal|p2b: Horse|99/100|[from] item: Leftovers\n|upkeep\n|\n|t:|1775925328\n|switch|p1b: Torkoal|Torkoal, L50, F|100/100\n|switch|p2a: Bird|Aerodactyl, L50, M|100/100\n|-ability|p2a: Bird|Unnerve\n|-weather|SunnyDay|[from] ability: Drought|[of] p1b: Torkoal\n|turn|4\n|\n|t:|1775925343\n|move|p2a: Bird|Wide Guard|p2a: Bird\n|-singleturn|p2a: Bird|Wide Guard\n|move|p1a: Sinistcha|Rage Powder|p1a: Sinistcha\n|-singleturn|p1a: Sinistcha|move: Rage Powder\n|move|p1b: Torkoal|Earth Power|p2b: Horse\n|-supereffective|p2b: Horse|1\n|-damage|p2b: Horse|59/100\n|move|p2b: Horse|Throat Chop|p1a: Sinistcha\n|-supereffective|p1a: Sinistcha|1\n|-damage|p1a: Sinistcha|63/100\n|-start|p1a: Sinistcha|Throat Chop|[silent]\n|\n|-weather|SunnyDay|[upkeep]\n|-heal|p2b: Horse|65/100|[from] item: Leftovers\n|-heal|p1a: Sinistcha|70/100|[from] item: Leftovers\n|upkeep\n|turn|5\n|\n|t:|1775925364\n|switch|p1b: Golurk|Golurk-Mega, L50|94/100 brn\n|move|p2a: Bird|Wide Guard|p2a: Bird\n|-singleturn|p2a: Bird|Wide Guard\n|move|p2b: Horse|Parting Shot|p1b: Golurk\n|-unboost|p1b: Golurk|atk|1\n|-unboost|p1b: Golurk|spa|1\n|\n|t:|1775925372\n|switch|p2b: Goat|Jolteon, L50, M|100/100|[from] Parting Shot\n|move|p1a: Sinistcha|Strength Sap|p2a: Bird\n|-unboost|p2a: Bird|atk|1\n|-heal|p1a: Sinistcha|100/100\n|\n|-weather|SunnyDay|[upkeep]\n|-damage|p1b: Golurk|88/100 brn|[from] brn\n|-end|p1a: Sinistcha|Throat Chop|[silent]\n|-fieldend|move: Trick Room\n|upkeep\n|turn|6\n|\n|t:|1775925393\n|move|p2b: Goat|Shadow Ball|p1b: Golurk\n|-supereffective|p1b: Golurk|1\n|-damage|p1b: Golurk|45/100 brn\n|-unboost|p1b: Golurk|spd|1\n|move|p2a: Bird|Taunt|p1a: Sinistcha\n|-start|p1a: Sinistcha|move: Taunt\n|move|p1b: Golurk|Headlong Rush|p2b: Goat\n|-supereffective|p2b: Goat|1\n|-damage|p2b: Goat|9/100\n|-unboost|p1b: Golurk|def|1\n|-unboost|p1b: Golurk|spd|1\n|cant|p1a: Sinistcha|move: Taunt|Trick Room\n|\n|-weather|SunnyDay|[upkeep]\n|-damage|p1b: Golurk|39/100 brn|[from] brn\n|upkeep\n|turn|7\n|inactive|funnymangav has 30 seconds left.\n|\n|t:|1775925423\n|switch|p1b: Torkoal|Torkoal, L50, F|100/100\n|move|p2a: Bird|Wide Guard|p2a: Bird\n|-singleturn|p2a: Bird|Wide Guard\n|move|p2b: Goat|Shadow Ball|p1b: Torkoal\n|-damage|p1b: Torkoal|64/100\n|move|p1a: Sinistcha|Matcha Gotcha|p2b: Goat|[spread] \n|-activate|p2a: Bird|move: Wide Guard\n|-activate|p2b: Goat|move: Wide Guard\n|\n|-weather|SunnyDay|[upkeep]\n|upkeep\n|turn|8\n|inactive|ShrimpInCar1 has 30 seconds left.\n|inactive|funnymangav has 30 seconds left.\n|\n|t:|1775925453\n|move|p2a: Bird|Wide Guard|p2a: Bird\n|-singleturn|p2a: Bird|Wide Guard\n|move|p2b: Goat|Thunderbolt|p1b: Torkoal\n|-damage|p1b: Torkoal|2/100\n|move|p1a: Sinistcha|Matcha Gotcha|p2b: Goat|[spread] \n|-activate|p2a: Bird|move: Wide Guard\n|-activate|p2b: Goat|move: Wide Guard\n|move|p1b: Torkoal|Flamethrower|p2b: Goat\n|-damage|p2b: Goat|0 fnt\n|faint|p2b: Goat\n|\n|-weather|none\n|-end|p1a: Sinistcha|move: Taunt\n|upkeep\n|\n|t:|1775925465\n|switch|p2b: Horse|Incineroar, L50, M|65/100\n|-ability|p2b: Horse|Intimidate|boost\n|-unboost|p1a: Sinistcha|atk|1\n|-unboost|p1b: Torkoal|atk|1\n|turn|9\n|\n|t:|1775925483\n|move|p1b: Torkoal|Protect|p1b: Torkoal\n|-singleturn|p1b: Torkoal|Protect\n|move|p2a: Bird|Wide Guard|p2a: Bird\n|-singleturn|p2a: Bird|Wide Guard\n|move|p2b: Horse|Fake Out|p1b: Torkoal\n|-activate|p1b: Torkoal|move: Protect\n|move|p1a: Sinistcha|Trick Room|p1a: Sinistcha\n|-fieldstart|move: Trick Room|[of] p1a: Sinistcha\n|\n|-heal|p2b: Horse|71/100|[from] item: Leftovers\n|upkeep\n|turn|10\n|\n|t:|1775925507\n|move|p2a: Bird|Wide Guard|p2a: Bird\n|-singleturn|p2a: Bird|Wide Guard\n|move|p1a: Sinistcha|Rage Powder|p1a: Sinistcha\n|-singleturn|p1a: Sinistcha|move: Rage Powder\n|move|p1b: Torkoal|Earth Power|p2b: Horse\n|-supereffective|p2b: Horse|1\n|-damage|p2b: Horse|32/100\n|move|p2b: Horse|Throat Chop|p1a: Sinistcha\n|-supereffective|p1a: Sinistcha|1\n|-damage|p1a: Sinistcha|47/100\n|-start|p1a: Sinistcha|Throat Chop|[silent]\n|\n|-heal|p2b: Horse|38/100|[from] item: Leftovers\n|-heal|p1a: Sinistcha|53/100|[from] item: Leftovers\n|upkeep\n|turn|11\n|\n|t:|1775925528\n|move|p1b: Torkoal|Earth Power|p2b: Horse\n|-supereffective|p2b: Horse|1\n|-damage|p2b: Horse|2/100\n|move|p2b: Horse|Throat Chop|p1a: Sinistcha\n|-supereffective|p1a: Sinistcha|1\n|-damage|p1a: Sinistcha|0 fnt\n|faint|p1a: Sinistcha\n|move|p2a: Bird|Rock Slide|p1b: Torkoal\n|-supereffective|p1b: Torkoal|1\n|-damage|p1b: Torkoal|0 fnt\n|faint|p1b: Torkoal\n|\n|-heal|p2b: Horse|8/100|[from] item: Leftovers\n|upkeep\n|\n|t:|1775925544\n|switch|p1b: Golurk|Golurk-Mega, L50|39/100 brn\n|turn|12\n|\n|t:|1775925552\n|move|p1b: Golurk|Drain Punch|p2b: Horse\n|-supereffective|p2b: Horse|1\n|-crit|p2b: Horse\n|-damage|p2b: Horse|0 fnt\n|-heal|p1b: Golurk|43/100 brn|[from] drain|[of] p2b: Horse\n|faint|p2b: Horse\n|move|p2a: Bird|Rock Slide|p1b: Golurk\n|-resisted|p1b: Golurk|1\n|-damage|p1b: Golurk|34/100 brn\n|\n|-damage|p1b: Golurk|28/100 brn|[from] brn\n|upkeep\n|turn|13\n|\n|t:|1775925568\n|move|p1b: Golurk|Ice Punch|p2a: Bird\n|-supereffective|p2a: Bird|1\n|-damage|p2a: Bird|49/100\n|move|p2a: Bird|Rock Slide|p1b: Golurk\n|-resisted|p1b: Golurk|1\n|-damage|p1b: Golurk|18/100 brn\n|\n|-damage|p1b: Golurk|12/100 brn|[from] brn\n|-fieldend|move: Trick Room\n|upkeep\n|turn|14\n|\n|t:|1775925579\n|move|p2a: Bird|Rock Slide|p1b: Golurk\n|-resisted|p1b: Golurk|1\n|-damage|p1b: Golurk|4/100 brn\n|cant|p1b: Golurk|flinch\n|\n|-damage|p1b: Golurk|0 fnt|[from] brn\n|faint|p1b: Golurk\n|\n|win|funnymangav\n|raw|ShrimpInCar1's rating: 1001 &rarr; <strong>1000</strong><br />(-1 for losing)\n|raw|funnymangav's rating: 1053 &rarr; <strong>1080</strong><br />(+27 for winning)\n|l|\u2606funnymangav\n|player|p2|\n",
  "uploadtime": 1775925592,
  "views": 13,
  "formatid": "gen9championsvgc2026regma",
  "rating": 1000,
  "private": 0,
  "password": null
}