{
  "id": "gen9championsvgc2026regma-2587675124",
  "format": "[Gen 9 Champions] VGC 2026 Reg M-A",
  "players": [
    "haunting casper",
    "KnighLt"
  ],
  "log": "|j|\u2606haunting casper\n|j|\u2606KnighLt\n|t:|1776552731\n|gametype|doubles\n|player|p1|haunting casper|medium|1117\n|player|p2|KnighLt|supernerd|1042\n|gen|9\n|tier|[Gen 9 Champions] VGC 2026 Reg M-A\n|rated|\n|rule|Species Clause: Limit one of each Pok\u00e9mon\n|rule|Item Clause: Limit 1 of each item\n|clearpoke\n|poke|p1|Floette-Eternal, L50, F|\n|poke|p1|Tyranitar, L50, M|\n|poke|p1|Garchomp, L50, F|\n|poke|p1|Sinistcha-Masterpiece, L50|\n|poke|p1|Aegislash, L50, F|\n|poke|p1|Sneasler, L50, M|\n|poke|p2|Charizard, L50, M, shiny|\n|poke|p2|Venusaur, L50, M|\n|poke|p2|Clefable, L50, F|\n|poke|p2|Aerodactyl, L50, M, shiny|\n|poke|p2|Garchomp, L50, M|\n|poke|p2|Rotom-Wash, L50|\n|teampreview|4\n|inactive|Battle timer is ON: inactive players will automatically lose when time's up. (requested by haunting casper)\n|\n|t:|1776552776\n|teamsize|p1|4\n|teamsize|p2|4\n|start\n|switch|p1a: Garchomp|Garchomp, L50, F|100/100\n|switch|p1b: Sneasler|Sneasler, L50, M|100/100\n|switch|p2a: Chunk|Aerodactyl, L50, M, shiny|100/100\n|switch|p2b: Sharkboy|Garchomp, L50, M|100/100\n|turn|1\n|inactive|haunting casper has 30 seconds left.\n|inactive|haunting casper has 20 seconds left.\n|\n|t:|1776552814\n|switch|p2b: Whirrrrr|Rotom-Wash, L50|100/100\n|move|p2a: Chunk|Protect|p2a: Chunk\n|-singleturn|p2a: Chunk|Protect\n|move|p1b: Sneasler|Fake Out|p2b: Whirrrrr\n|-damage|p2b: Whirrrrr|84/100\n|move|p1a: Garchomp|Dragon Claw|p2b: Whirrrrr\n|-damage|p2b: Whirrrrr|39/100\n|-enditem|p2b: Whirrrrr|Sitrus Berry|[eat]\n|-heal|p2b: Whirrrrr|64/100|[from] item: Sitrus Berry\n|\n|upkeep\n|turn|2\n|inactive|haunting casper has 30 seconds left.\n|\n|t:|1776552845\n|move|p2a: Chunk|Tailwind|p2a: Chunk\n|-sidestart|p2: KnighLt|move: Tailwind\n|move|p2b: Whirrrrr|Will-O-Wisp|p1a: Garchomp\n|-status|p1a: Garchomp|brn\n|move|p1b: Sneasler|Close Combat|p2b: Whirrrrr\n|-damage|p2b: Whirrrrr|0 fnt\n|-unboost|p1b: Sneasler|def|1\n|-unboost|p1b: Sneasler|spd|1\n|faint|p2b: Whirrrrr\n|-enditem|p1b: Sneasler|White Herb\n|-clearnegativeboost|p1b: Sneasler|[silent]\n|move|p1a: Garchomp|Rock Slide|p2a: Chunk\n|-supereffective|p2a: Chunk|1\n|-damage|p2a: Chunk|58/100\n|\n|-damage|p1a: Garchomp|95/100 brn|[from] brn\n|upkeep\n|\n|t:|1776552863\n|switch|p2b: Sharkboy|Garchomp, L50, M|100/100\n|turn|3\n|\n|t:|1776552882\n|move|p2a: Chunk|Dual Wingbeat|p1b: Sneasler\n|-supereffective|p1b: Sneasler|1\n|-damage|p1b: Sneasler|36/100\n|-supereffective|p1b: Sneasler|1\n|-damage|p1b: Sneasler|0 fnt\n|faint|p1b: Sneasler\n|-hitcount|p1: Sneasler|2\n|move|p2b: Sharkboy|Dragon Claw|p1a: Garchomp\n|-supereffective|p1a: Garchomp|1\n|-enditem|p1a: Garchomp|Haban Berry|[eat]\n|-enditem|p1a: Garchomp|Haban Berry|[weaken]\n|-damage|p1a: Garchomp|46/100 brn\n|-damage|p2b: Sharkboy|88/100|[from] ability: Rough Skin|[of] p1a: Garchomp\n|move|p1a: Garchomp|Dragon Claw|p2b: Sharkboy\n|-supereffective|p2b: Sharkboy|1\n|-damage|p2b: Sharkboy|44/100\n|-damage|p1a: Garchomp|33/100 brn|[from] ability: Rough Skin|[of] p2b: Sharkboy\n|\n|-damage|p1a: Garchomp|28/100 brn|[from] brn\n|upkeep\n|inactive|haunting casper has 30 seconds left.\n|\n|t:|1776552910\n|switch|p1b: Tyranitar|Tyranitar, L50, M|100/100\n|-weather|Sandstorm|[from] ability: Sand Stream|[of] p1b: Tyranitar\n|turn|4\n|inactive|haunting casper has 30 seconds left.\n|\n|t:|1776552940\n|switch|p1b: Sinistcha|Sinistcha-Masterpiece, L50|100/100\n|-heal|p1a: Garchomp|52/100 brn|[from] ability: Hospitality|[of] p1b: Sinistcha\n|move|p2a: Chunk|Protect|p2a: Chunk\n|-singleturn|p2a: Chunk|Protect\n|move|p2b: Sharkboy|Earthquake|p1b: Sinistcha|[spread] p1a,p1b\n|-activate|p2a: Chunk|move: Protect\n|-resisted|p1b: Sinistcha|1\n|-damage|p1a: Garchomp|0 fnt\n|-damage|p1b: Sinistcha|84/100\n|faint|p1a: Garchomp\n|\n|-weather|Sandstorm|[upkeep]\n|-damage|p1b: Sinistcha|78/100|[from] Sandstorm\n|upkeep\n|\n|t:|1776552949\n|switch|p1a: Tyranitar|Tyranitar, L50, M|100/100\n|turn|5\n|inactive|haunting casper has 30 seconds left.\n|\n|t:|1776552983\n|move|p2a: Chunk|Dual Wingbeat|p1b: Sinistcha\n|-supereffective|p1b: Sinistcha|1\n|-damage|p1b: Sinistcha|54/100\n|-supereffective|p1b: Sinistcha|1\n|-damage|p1b: Sinistcha|31/100\n|-enditem|p1b: Sinistcha|Sitrus Berry|[eat]\n|-heal|p1b: Sinistcha|56/100|[from] item: Sitrus Berry\n|-hitcount|p1b: Sinistcha|2\n|move|p2b: Sharkboy|Earthquake|p1a: Tyranitar|[spread] p1a,p1b\n|-immune|p2a: Chunk\n|-supereffective|p1a: Tyranitar|1\n|-resisted|p1b: Sinistcha|1\n|-damage|p1a: Tyranitar|21/100\n|-damage|p1b: Sinistcha|38/100\n|move|p1b: Sinistcha|Life Dew|p1b: Sinistcha|[spread] p1a,p1b\n|-heal|p1a: Tyranitar|46/100\n|-heal|p1b: Sinistcha|63/100\n|move|p1a: Tyranitar|Rock Slide|p2b: Sharkboy|[spread] p2a,p2b\n|-supereffective|p2a: Chunk|1\n|-resisted|p2b: Sharkboy|1\n|-damage|p2a: Chunk|0 fnt\n|-damage|p2b: Sharkboy|26/100\n|faint|p2a: Chunk\n|\n|-weather|Sandstorm|[upkeep]\n|-damage|p1b: Sinistcha|57/100|[from] Sandstorm\n|-sideend|p2: KnighLt|move: Tailwind\n|upkeep\n|\n|t:|1776553003\n|switch|p2a: Toothless|Charizard, L50, M, shiny|100/100\n|turn|6\n|c|\u2606KnighLt|gg\n|inactive|haunting casper has 30 seconds left.\n|\n|t:|1776553032\n|detailschange|p2a: Toothless|Charizard-Mega-Y, L50, M, shiny\n|-mega|p2a: Toothless|Charizard|Charizardite Y\n|-weather|SunnyDay|[from] ability: Drought|[of] p2a: Toothless\n|move|p1a: Tyranitar|Protect|p1a: Tyranitar\n|-singleturn|p1a: Tyranitar|Protect\n|move|p2a: Toothless|Weather Ball|p1b: Sinistcha\n|-supereffective|p1b: Sinistcha|1\n|-damage|p1b: Sinistcha|0 fnt\n|faint|p1b: Sinistcha\n|move|p2b: Sharkboy|Earthquake|p1a: Tyranitar|[spread] \n|-activate|p1a: Tyranitar|move: Protect\n|-immune|p2a: Toothless\n|\n|-weather|SunnyDay|[upkeep]\n|upkeep\n|turn|7\n|\n|t:|1776553047\n|detailschange|p1a: Tyranitar|Tyranitar-Mega, L50, M\n|-mega|p1a: Tyranitar|Tyranitar|Tyranitarite\n|-weather|Sandstorm|[from] ability: Sand Stream|[of] p1a: Tyranitar\n|move|p2a: Toothless|Solar Beam||[still]\n|-prepare|p2a: Toothless|Solar Beam\n|move|p2b: Sharkboy|Earthquake|p1a: Tyranitar|[spread] p1a\n|-immune|p2a: Toothless\n|-supereffective|p1a: Tyranitar|1\n|-damage|p1a: Tyranitar|0 fnt\n|faint|p1a: Tyranitar\n|\n|win|KnighLt\n|raw|haunting casper's rating: 1117 &rarr; <strong>1087</strong><br />(-30 for losing)\n|raw|KnighLt's rating: 1042 &rarr; <strong>1083</strong><br />(+41 for winning)\n",
  "uploadtime": 1776553055,
  "views": 20,
  "formatid": "gen9championsvgc2026regma",
  "rating": 1083,
  "private": 0,
  "password": null
}