{
  "id": "gen9championsvgc2026regma-2589515839",
  "format": "[Gen 9 Champions] VGC 2026 Reg M-A",
  "players": [
    "kakkoiiwwwwww",
    "scrambledegg62"
  ],
  "log": "|j|\u2606kakkoiiwwwwww\n|j|\u2606scrambledegg62\n|t:|1776730042\n|gametype|doubles\n|player|p1|kakkoiiwwwwww|265|1364\n|player|p2|scrambledegg62|lance|1348\n|gen|9\n|tier|[Gen 9 Champions] VGC 2026 Reg M-A\n|rated|\n|rule|Species Clause: Limit one of each Pok\u00e9mon\n|rule|Item Clause: Limit 1 of each item\n|clearpoke\n|poke|p1|Chandelure, L50, M|\n|poke|p1|Sneasler, L50, M|\n|poke|p1|Basculegion, L50, M|\n|poke|p1|Kingambit, L50, F|\n|poke|p1|Floette-Eternal, L50, F|\n|poke|p1|Dragonite, L50, M|\n|poke|p2|Sneasler, L50, F|\n|poke|p2|Aerodactyl, L50, F, shiny|\n|poke|p2|Floette-Eternal, L50, F|\n|poke|p2|Kingambit, L50, M, shiny|\n|poke|p2|Basculegion, L50, M, shiny|\n|poke|p2|Sinistcha, L50|\n|teampreview|4\n|inactive|Battle timer is ON: inactive players will automatically lose when time's up. (requested by scrambledegg62)\n|\n|t:|1776730073\n|teamsize|p1|4\n|teamsize|p2|4\n|start\n|switch|p1a: Sneasler|Sneasler, L50, M|100/100\n|switch|p1b: Dragonite|Dragonite, L50, M|100/100\n|switch|p2a: Sneasler|Sneasler, L50, F|100/100\n|switch|p2b: Aerodactyl|Aerodactyl, L50, F, shiny|100/100\n|-ability|p2b: Aerodactyl|Unnerve\n|turn|1\n|\n|t:|1776730094\n|move|p2a: Sneasler|Fake Out|p1a: Sneasler\n|-damage|p1a: Sneasler|84/100\n|cant|p1a: Sneasler|flinch\n|move|p2b: Aerodactyl|Rock Slide|p1a: Sneasler|[spread] p1a,p1b\n|-resisted|p1a: Sneasler|1\n|-supereffective|p1b: Dragonite|1\n|-damage|p1a: Sneasler|68/100\n|-damage|p1b: Dragonite|79/100\n|move|p1b: Dragonite|Tailwind|p1b: Dragonite\n|-sidestart|p1: kakkoiiwwwwww|move: Tailwind\n|\n|upkeep\n|turn|2\n|\n|t:|1776730118\n|switch|p2b: Sinistcha|Sinistcha, L50|100/100\n|move|p1a: Sneasler|Close Combat|p2b: Sinistcha\n|-immune|p2b: Sinistcha\n|move|p1b: Dragonite|Dragon Claw|p2b: Sinistcha\n|-crit|p2b: Sinistcha\n|-damage|p2b: Sinistcha|25/100\n|-enditem|p2b: Sinistcha|Sitrus Berry|[eat]\n|-heal|p2b: Sinistcha|49/100|[from] item: Sitrus Berry\n|move|p2a: Sneasler|Close Combat|p1b: Dragonite\n|-resisted|p1b: Dragonite|1\n|-damage|p1b: Dragonite|48/100\n|-unboost|p2a: Sneasler|def|1\n|-unboost|p2a: Sneasler|spd|1\n|-enditem|p2a: Sneasler|White Herb\n|-clearnegativeboost|p2a: Sneasler|[silent]\n|\n|upkeep\n|turn|3\n|inactive|kakkoiiwwwwww has 30 seconds left.\n|inactive|scrambledegg62 has 30 seconds left.\n|inactive|scrambledegg62 has 20 seconds left.\n|inactive|scrambledegg62 has 15 seconds left.\n|inactive|kakkoiiwwwwww has 20 seconds left.\n|inactive|scrambledegg62 has 10 seconds left.\n|\n|t:|1776730164\n|move|p2a: Sneasler|Protect|p2a: Sneasler\n|-singleturn|p2a: Sneasler|Protect\n|move|p1a: Sneasler|Protect|p1a: Sneasler\n|-singleturn|p1a: Sneasler|Protect\n|move|p1b: Dragonite|Dragon Claw|p2b: Sinistcha\n|-damage|p2b: Sinistcha|0 fnt\n|faint|p2b: Sinistcha\n|\n|upkeep\n|\n|t:|1776730173\n|switch|p2b: Floette|Floette-Eternal, L50, F|100/100\n|turn|4\n|\n|t:|1776730184\n|detailschange|p2b: Floette|Floette-Mega, L50, F\n|-mega|p2b: Floette|Floette|Floettite\n|-ability|p2b: Floette|Fairy Aura\n|move|p2b: Floette|Protect|p2b: Floette\n|-singleturn|p2b: Floette|Protect\n|move|p2a: Sneasler|Dire Claw|p1b: Dragonite\n|-crit|p1b: Dragonite\n|-damage|p1b: Dragonite|0 fnt\n|faint|p1b: Dragonite\n|move|p1a: Sneasler|Dire Claw|p2b: Floette\n|-activate|p2b: Floette|move: Protect\n|\n|-sideend|p1: kakkoiiwwwwww|move: Tailwind\n|upkeep\n|\n|t:|1776730199\n|switch|p1b: Floette|Floette-Eternal, L50, F|100/100\n|turn|5\n|\n|t:|1776730216\n|switch|p2b: Aerodactyl|Aerodactyl, L50, F, shiny|100/100\n|-ability|p2b: Aerodactyl|Unnerve\n|detailschange|p1b: Floette|Floette-Mega, L50, F\n|-mega|p1b: Floette|Floette|Floettite\n|-ability|p1b: Floette|Fairy Aura\n|move|p2a: Sneasler|Protect|p2a: Sneasler\n|-singleturn|p2a: Sneasler|Protect\n|move|p1a: Sneasler|Dire Claw|p2b: Aerodactyl\n|-resisted|p2b: Aerodactyl|1\n|-damage|p2b: Aerodactyl|74/100\n|move|p1b: Floette|Dazzling Gleam|p2b: Aerodactyl|[spread] p2b\n|-activate|p2a: Sneasler|move: Protect\n|-damage|p2b: Aerodactyl|2/100\n|\n|upkeep\n|turn|6\n|inactive|kakkoiiwwwwww has 30 seconds left.\n|\n|t:|1776730245\n|move|p2a: Sneasler|Dire Claw|p1b: Floette\n|-supereffective|p1b: Floette|1\n|-damage|p1b: Floette|7/100\n|move|p2b: Aerodactyl|Dual Wingbeat|p1a: Sneasler\n|-supereffective|p1a: Sneasler|1\n|-damage|p1a: Sneasler|26/100\n|-supereffective|p1a: Sneasler|1\n|-damage|p1a: Sneasler|0 fnt\n|faint|p1a: Sneasler\n|-hitcount|p1: Sneasler|2\n|move|p1b: Floette|Moonblast|p2a: Sneasler\n|-damage|p2a: Sneasler|0 fnt\n|faint|p2a: Sneasler\n|\n|upkeep\n|\n|t:|1776730260\n|switch|p2a: Floette|Floette-Mega, L50, F|100/100\n|switch|p1a: Kingambit|Kingambit, L50, F|100/100\n|-ability|p2a: Floette|Fairy Aura\n|turn|7\n|\n|t:|1776730276\n|move|p1a: Kingambit|Sucker Punch||[still]\n|-fail|p1a: Kingambit\n|move|p2b: Aerodactyl|Tailwind|p2b: Aerodactyl\n|-sidestart|p2: scrambledegg62|move: Tailwind\n|move|p2a: Floette|Dazzling Gleam|p1b: Floette|[spread] p1a,p1b\n|-damage|p1a: Kingambit|51/100\n|-damage|p1b: Floette|0 fnt\n|faint|p1b: Floette\n|\n|upkeep\n|turn|8\n|-message|kakkoiiwwwwww forfeited.\n|\n|win|scrambledegg62\n|raw|kakkoiiwwwwww's rating: 1364 &rarr; <strong>1343</strong><br />(-21 for losing)\n|raw|scrambledegg62's rating: 1348 &rarr; <strong>1369</strong><br />(+21 for winning)\n",
  "uploadtime": 1776730289,
  "views": 5,
  "formatid": "gen9championsvgc2026regma",
  "rating": 1343,
  "private": 0,
  "password": null
}