{
  "id": "gen9championsvgc2026regma-2582969263",
  "format": "[Gen 9 Champions] VGC 2026 Reg M-A",
  "players": [
    "dio7oiant",
    "Joshy897"
  ],
  "log": "|j|\u2606dio7oiant\n|j|\u2606Joshy897\n|t:|1776129432\n|gametype|doubles\n|player|p1|dio7oiant|ethan|1093\n|player|p2|Joshy897|102|1052\n|gen|9\n|tier|[Gen 9 Champions] VGC 2026 Reg M-A\n|rated|\n|rule|Species Clause: Limit one of each Pok\u00e9mon\n|rule|Item Clause: Limit 1 of each item\n|clearpoke\n|poke|p1|Tinkaton, L50, F|\n|poke|p1|Sableye, L50, F|\n|poke|p1|Altaria, L50, F|\n|poke|p1|Talonflame, L50, F|\n|poke|p1|Gyarados, L50, F|\n|poke|p1|Meowscarada, L50, M|\n|poke|p2|Glimmora, L50, F|\n|poke|p2|Pelipper, L50, F|\n|poke|p2|Archaludon, L50, F|\n|poke|p2|Meganium, L50, M|\n|poke|p2|Incineroar, L50, M|\n|poke|p2|Whimsicott, L50, F|\n|teampreview|4\n|inactive|Battle timer is ON: inactive players will automatically lose when time's up. (requested by Joshy897)\n|\n|t:|1776129484\n|teamsize|p1|4\n|teamsize|p2|4\n|start\n|switch|p1a: Altaria|Altaria, L50, F|100/100\n|switch|p1b: Talonflame|Talonflame, L50, F|100/100\n|switch|p2a: Pelipper|Pelipper, L50, F|100/100\n|switch|p2b: Archaludon|Archaludon, L50, F|100/100\n|-weather|RainDance|[from] ability: Drizzle|[of] p2a: Pelipper\n|-ability|p1a: Altaria|Cloud Nine\n|turn|1\n|inactive|dio7oiant has 30 seconds left.\n|inactive|Joshy897 has 30 seconds left.\n|inactive|dio7oiant has 20 seconds left.\n|inactive|dio7oiant has 15 seconds left.\n|inactive|dio7oiant has 10 seconds left.\n|\n|t:|1776129530\n|move|p1b: Talonflame|Tailwind|p1b: Talonflame\n|-sidestart|p1: dio7oiant|move: Tailwind\n|move|p1a: Altaria|Moonblast|p2b: Archaludon\n|-damage|p2b: Archaludon|74/100\n|-ability|p2b: Archaludon|Stamina|boost\n|-boost|p2b: Archaludon|def|1\n|move|p2a: Pelipper|U-turn|p1b: Talonflame\n|-resisted|p1b: Talonflame|2\n|-damage|p1b: Talonflame|97/100\n|\n|t:|1776129541\n|switch|p2a: Whimsicott|Whimsicott, L50, F|100/100|[from] U-turn\n|move|p2b: Archaludon|Flash Cannon|p1a: Altaria\n|-crit|p1a: Altaria\n|-damage|p1a: Altaria|42/100\n|\n|-weather|RainDance|[upkeep]\n|-heal|p1b: Talonflame|100/100|[from] item: Leftovers\n|-heal|p2b: Archaludon|80/100|[from] item: Leftovers\n|upkeep\n|turn|2\n|\n|t:|1776129561\n|move|p2a: Whimsicott|Protect|p2a: Whimsicott\n|-singleturn|p2a: Whimsicott|Protect\n|move|p1a: Altaria|Protect|p1a: Altaria\n|-singleturn|p1a: Altaria|Protect\n|move|p1b: Talonflame|Flare Blitz|p2a: Whimsicott\n|-activate|p2a: Whimsicott|move: Protect\n|move|p2b: Archaludon|Dragon Pulse|p1a: Altaria\n|-activate|p1a: Altaria|move: Protect\n|\n|-weather|RainDance|[upkeep]\n|-heal|p2b: Archaludon|86/100|[from] item: Leftovers\n|upkeep\n|turn|3\n|inactive|dio7oiant has 30 seconds left.\n|\n|t:|1776129592\n|switch|p1a: Tinkaton|Tinkaton, L50, F, shiny|100/100\n|move|p2a: Whimsicott|Tailwind|p2a: Whimsicott\n|-sidestart|p2: Joshy897|move: Tailwind\n|move|p1b: Talonflame|Flare Blitz|p2a: Whimsicott\n|-supereffective|p2a: Whimsicott|1\n|-damage|p2a: Whimsicott|47/100\n|-damage|p1b: Talonflame|81/100|[from] Recoil\n|move|p2b: Archaludon|Flash Cannon|p1a: Tinkaton\n|-damage|p1a: Tinkaton|50/100\n|\n|-weather|RainDance|[upkeep]\n|-heal|p1b: Talonflame|87/100|[from] item: Leftovers\n|-heal|p2b: Archaludon|92/100|[from] item: Leftovers\n|upkeep\n|turn|4\n|inactive|dio7oiant has 30 seconds left.\n|\n|t:|1776129622\n|move|p2a: Whimsicott|Protect|p2a: Whimsicott\n|-singleturn|p2a: Whimsicott|Protect\n|move|p1a: Tinkaton|Fake Out|p2b: Archaludon\n|-resisted|p2b: Archaludon|1\n|-damage|p2b: Archaludon|90/100\n|-ability|p2b: Archaludon|Stamina|boost\n|-boost|p2b: Archaludon|def|1\n|move|p1b: Talonflame|Flare Blitz|p2b: Archaludon\n|-damage|p2b: Archaludon|81/100\n|-ability|p2b: Archaludon|Stamina|boost\n|-boost|p2b: Archaludon|def|1\n|-damage|p1b: Talonflame|84/100|[from] Recoil\n|cant|p2b: Archaludon|flinch\n|\n|-weather|RainDance|[upkeep]\n|-heal|p1b: Talonflame|89/100|[from] item: Leftovers\n|-heal|p2b: Archaludon|87/100|[from] item: Leftovers\n|-sideend|p1: dio7oiant|move: Tailwind\n|upkeep\n|turn|5\n|inactive|dio7oiant has 30 seconds left.\n|inactive|Joshy897 has 30 seconds left.\n|inactive|dio7oiant has 20 seconds left.\n|inactive|dio7oiant has 15 seconds left.\n|\n|t:|1776129664\n|move|p1a: Tinkaton|Protect|p1a: Tinkaton\n|-singleturn|p1a: Tinkaton|Protect\n|move|p2a: Whimsicott|Taunt|p1a: Tinkaton\n|-activate|p1a: Tinkaton|move: Protect\n|move|p2b: Archaludon|Electro Shot||[still]\n|-prepare|p2b: Archaludon|Electro Shot\n|-boost|p2b: Archaludon|spa|1\n|-anim|p2b: Archaludon|Electro Shot|p1a: Tinkaton\n|-activate|p1a: Tinkaton|move: Protect\n|move|p1b: Talonflame|Brave Bird|p2a: Whimsicott\n|-supereffective|p2a: Whimsicott|1\n|-damage|p2a: Whimsicott|0 fnt\n|faint|p2a: Whimsicott\n|-damage|p1b: Talonflame|73/100|[from] Recoil\n|\n|-weather|none\n|-heal|p2b: Archaludon|93/100|[from] item: Leftovers\n|-heal|p1b: Talonflame|79/100|[from] item: Leftovers\n|upkeep\n|\n|t:|1776129677\n|switch|p2a: Pelipper|Pelipper, L50, F|100/100\n|-weather|RainDance|[from] ability: Drizzle|[of] p2a: Pelipper\n|turn|6\n|inactive|dio7oiant has 30 seconds left.\n|inactive|dio7oiant has 20 seconds left.\n|inactive|dio7oiant has 15 seconds left.\n|inactive|dio7oiant has 10 seconds left.\n|\n|t:|1776129727\n|move|p2a: Pelipper|Weather Ball|p1b: Talonflame\n|-supereffective|p1b: Talonflame|1\n|-damage|p1b: Talonflame|0 fnt\n|faint|p1b: Talonflame\n|move|p2b: Archaludon|Electro Shot||[still]\n|-prepare|p2b: Archaludon|Electro Shot\n|-boost|p2b: Archaludon|spa|1\n|-anim|p2b: Archaludon|Electro Shot|p1a: Tinkaton\n|-damage|p1a: Tinkaton|0 fnt\n|faint|p1a: Tinkaton\n|\n|-weather|RainDance|[upkeep]\n|-heal|p2b: Archaludon|99/100|[from] item: Leftovers\n|-sideend|p2: Joshy897|move: Tailwind\n|upkeep\n|\n|t:|1776129741\n|switch|p1b: Altaria|Altaria, L50, F|42/100\n|switch|p1a: Sableye|Sableye, L50, F|100/100\n|-ability|p1b: Altaria|Cloud Nine\n|turn|7\n|inactive|dio7oiant has 30 seconds left.\n|inactive|dio7oiant has 20 seconds left.\n|inactive|dio7oiant has 15 seconds left.\n|inactive|dio7oiant has 10 seconds left.\n|\n|t:|1776129790\n|move|p1a: Sableye|Swagger|p2b: Archaludon\n|-boost|p2b: Archaludon|atk|2\n|-start|p2b: Archaludon|confusion\n|move|p2a: Pelipper|Weather Ball|p1b: Altaria\n|-damage|p1b: Altaria|29/100\n|-activate|p2b: Archaludon|confusion\n|-damage|p2b: Archaludon|93/100|[from] confusion\n|move|p1b: Altaria|Moonblast|p2b: Archaludon\n|-damage|p2b: Archaludon|63/100\n|-ability|p2b: Archaludon|Stamina|boost\n|-boost|p2b: Archaludon|def|1\n|\n|-weather|RainDance|[upkeep]\n|-heal|p2b: Archaludon|69/100|[from] item: Leftovers\n|upkeep\n|turn|8\n|\n|t:|1776129814\n|switch|p2a: Meganium|Meganium, L50, M|100/100\n|detailschange|p1b: Altaria|Altaria-Mega, L50, F\n|-mega|p1b: Altaria|Altaria|Altarianite\n|move|p1a: Sableye|Will-O-Wisp|p2b: Archaludon\n|-status|p2b: Archaludon|brn\n|-end|p2b: Archaludon|confusion\n|move|p2b: Archaludon|Snarl|p1b: Altaria|[spread] p1a,p1b\n|-resisted|p1b: Altaria|1\n|-damage|p1a: Sableye|68/100\n|-damage|p1b: Altaria|14/100\n|-unboost|p1a: Sableye|spa|1\n|-unboost|p1b: Altaria|spa|1\n|move|p1b: Altaria|Draco Meteor|p2b: Archaludon\n|-damage|p2b: Archaludon|14/100 brn\n|-unboost|p1b: Altaria|spa|2\n|-ability|p2b: Archaludon|Stamina|boost\n|-boost|p2b: Archaludon|def|1\n|\n|-weather|RainDance|[upkeep]\n|-heal|p2b: Archaludon|20/100 brn|[from] item: Leftovers\n|-damage|p2b: Archaludon|14/100 brn|[from] brn\n|upkeep\n|turn|9\n|inactive|dio7oiant has 30 seconds left.\n|inactive|Joshy897 has 30 seconds left.\n|inactive|dio7oiant has 20 seconds left.\n|\n|t:|1776129852\n|detailschange|p2a: Meganium|Meganium-Mega, L50, M\n|-mega|p2a: Meganium|Meganium|Meganiumite\n|move|p2b: Archaludon|Flash Cannon|p1b: Altaria\n|-supereffective|p1b: Altaria|1\n|-damage|p1b: Altaria|0 fnt\n|faint|p1b: Altaria\n|move|p2a: Meganium|Dazzling Gleam|p1a: Sableye\n|-supereffective|p1a: Sableye|1\n|-damage|p1a: Sableye|0 fnt\n|faint|p1a: Sableye\n|\n|win|Joshy897\n|raw|dio7oiant's rating: 1093 &rarr; <strong>1066</strong><br />(-27 for losing)\n|raw|Joshy897's rating: 1052 &rarr; <strong>1088</strong><br />(+36 for winning)\n",
  "uploadtime": 1776129863,
  "views": 26,
  "formatid": "gen9championsvgc2026regma",
  "rating": 1066,
  "private": 0,
  "password": null
}