{
  "id": "gen9championsvgc2026regma-2585693906",
  "format": "[Gen 9 Champions] VGC 2026 Reg M-A",
  "players": [
    "spiki dookie",
    "ZeroPops"
  ],
  "log": "|j|\u2606spiki dookie\n|j|\u2606ZeroPops\n|t:|1776364202\n|gametype|doubles\n|player|p1|spiki dookie|shadowtriad|1144\n|player|p2|ZeroPops|1|1236\n|gen|9\n|tier|[Gen 9 Champions] VGC 2026 Reg M-A\n|rated|\n|rule|Species Clause: Limit one of each Pok\u00e9mon\n|rule|Item Clause: Limit 1 of each item\n|clearpoke\n|poke|p1|Aggron, L50, M|\n|poke|p1|Hatterene, L50, F|\n|poke|p1|Torkoal, L50, F|\n|poke|p1|Tsareena, L50, F|\n|poke|p1|Armarouge, L50, F|\n|poke|p1|Espathra, L50, M|\n|poke|p2|Floette-Eternal, L50, F|\n|poke|p2|Aerodactyl, L50, F|\n|poke|p2|Sneasler, L50, M|\n|poke|p2|Incineroar, L50, F|\n|poke|p2|Kingambit, L50, F|\n|poke|p2|Basculegion, L50, M|\n|teampreview|4\n|\n|t:|1776364240\n|teamsize|p1|4\n|teamsize|p2|4\n|start\n|switch|p1a: Aggron|Aggron, L50, M, shiny|100/100\n|switch|p1b: Hatterene|Hatterene, L50, F|100/100\n|switch|p2a: Kingambit|Kingambit, L50, F|100/100\n|switch|p2b: Incineroar|Incineroar, L50, F|100/100\n|-ability|p2b: Incineroar|Intimidate|boost\n|-unboost|p1a: Aggron|atk|1\n|-unboost|p1b: Hatterene|atk|1\n|turn|1\n|\n|t:|1776364268\n|switch|p1b: Tsareena|Tsareena, L50, F, shiny|100/100\n|detailschange|p1a: Aggron|Aggron-Mega, L50, M, shiny\n|-mega|p1a: Aggron|Aggron|Aggronite\n|move|p2b: Incineroar|Fake Out||[still]\n|cant|p1b: Tsareena|ability: Queenly Majesty|Fake Out|[of] p2b: Incineroar\n|move|p2a: Kingambit|Iron Head|p1b: Tsareena\n|-crit|p1b: Tsareena\n|-damage|p1b: Tsareena|33/100\n|move|p1a: Aggron|Body Press|p2a: Kingambit\n|-supereffective|p2a: Kingambit|2\n|-damage|p2a: Kingambit|0 fnt\n|faint|p2a: Kingambit\n|\n|upkeep\n|\n|t:|1776364281\n|switch|p2a: Floette|Floette-Eternal, L50, F|100/100\n|turn|2\n|\n|t:|1776364294\n|detailschange|p2a: Floette|Floette-Mega, L50, F\n|-mega|p2a: Floette|Floette|Floettite\n|-ability|p2a: Floette|Fairy Aura\n|move|p2a: Floette|Dazzling Gleam|p1b: Tsareena|[spread] p1a,p1b\n|-resisted|p1a: Aggron|1\n|-damage|p1a: Aggron|67/100\n|-damage|p1b: Tsareena|0 fnt\n|faint|p1b: Tsareena\n|move|p2b: Incineroar|Parting Shot|p1a: Aggron\n|-unboost|p1a: Aggron|atk|1\n|-unboost|p1a: Aggron|spa|1\n|\n|t:|1776364312\n|switch|p2b: Sneasler|Sneasler, L50, M|100/100|[from] Parting Shot\n|move|p1a: Aggron|Heavy Slam|p2a: Floette\n|-supereffective|p2a: Floette|1\n|-damage|p2a: Floette|51/100\n|\n|upkeep\n|\n|t:|1776364328\n|switch|p1b: Torkoal|Torkoal, L50, F|100/100\n|-weather|SunnyDay|[from] ability: Drought|[of] p1b: Torkoal\n|turn|3\n|\n|t:|1776364369\n|switch|p1a: Hatterene|Hatterene, L50, F|100/100\n|move|p2b: Sneasler|Close Combat|p1a: Hatterene\n|-resisted|p1a: Hatterene|2\n|-damage|p1a: Hatterene|82/100\n|-unboost|p2b: Sneasler|def|1\n|-unboost|p2b: Sneasler|spd|1\n|-enditem|p2b: Sneasler|White Herb\n|-clearnegativeboost|p2b: Sneasler|[silent]\n|move|p2a: Floette|Moonblast|p1b: Torkoal\n|-resisted|p1b: Torkoal|1\n|-damage|p1b: Torkoal|39/100\n|-unboost|p1b: Torkoal|spa|1\n|-enditem|p1b: Torkoal|Sitrus Berry|[eat]\n|-heal|p1b: Torkoal|64/100|[from] item: Sitrus Berry\n|move|p1b: Torkoal|Heat Wave|p2b: Sneasler|[spread] p2a\n|-miss|p1b: Torkoal|p2b: Sneasler\n|-damage|p2a: Floette|30/100\n|\n|-weather|SunnyDay|[upkeep]\n|-heal|p1a: Hatterene|88/100|[from] item: Leftovers\n|upkeep\n|turn|4\n|\n|t:|1776364391\n|move|p1b: Torkoal|Protect|p1b: Torkoal\n|-singleturn|p1b: Torkoal|Protect\n|move|p2b: Sneasler|Dire Claw|p1a: Hatterene\n|-supereffective|p1a: Hatterene|1\n|-damage|p1a: Hatterene|0 fnt\n|faint|p1a: Hatterene\n|move|p2a: Floette|Dazzling Gleam|p1b: Torkoal\n|-activate|p1b: Torkoal|move: Protect\n|\n|-weather|SunnyDay|[upkeep]\n|upkeep\n|\n|t:|1776364398\n|switch|p1a: Aggron|Aggron-Mega, L50, M, shiny|67/100\n|turn|5\n|\n|t:|1776364424\n|move|p2b: Sneasler|Protect|p2b: Sneasler\n|-singleturn|p2b: Sneasler|Protect\n|move|p2a: Floette|Moonblast|p1b: Torkoal\n|-resisted|p1b: Torkoal|1\n|-damage|p1b: Torkoal|3/100\n|move|p1a: Aggron|Heavy Slam|p2a: Floette\n|-supereffective|p2a: Floette|1\n|-damage|p2a: Floette|0 fnt\n|faint|p2a: Floette\n|move|p1b: Torkoal|Rock Slide|p2b: Sneasler\n|-activate|p2b: Sneasler|move: Protect\n|\n|-weather|SunnyDay|[upkeep]\n|upkeep\n|\n|t:|1776364434\n|switch|p2a: Incineroar|Incineroar, L50, F|100/100\n|-ability|p2a: Incineroar|Intimidate|boost\n|-unboost|p1a: Aggron|atk|1\n|-unboost|p1b: Torkoal|atk|1\n|turn|6\n|\n|t:|1776364447\n|move|p2a: Incineroar|Fake Out|p1a: Aggron\n|-resisted|p1a: Aggron|1\n|-damage|p1a: Aggron|63/100\n|move|p2b: Sneasler|Dire Claw|p1b: Torkoal\n|-damage|p1b: Torkoal|0 fnt\n|faint|p1b: Torkoal\n|cant|p1a: Aggron|flinch\n|\n|-weather|SunnyDay|[upkeep]\n|upkeep\n|turn|7\n|\n|t:|1776364457\n|move|p2b: Sneasler|Close Combat|p1a: Aggron\n|-supereffective|p1a: Aggron|1\n|-damage|p1a: Aggron|13/100\n|-unboost|p2b: Sneasler|def|1\n|-unboost|p2b: Sneasler|spd|1\n|move|p2a: Incineroar|Flare Blitz|p1a: Aggron\n|-supereffective|p1a: Aggron|1\n|-damage|p1a: Aggron|0 fnt\n|faint|p1a: Aggron\n|-damage|p2a: Incineroar|98/100|[from] Recoil\n|\n|win|ZeroPops\n|raw|spiki dookie's rating: 1144 &rarr; <strong>1125</strong><br />(-19 for losing)\n|raw|ZeroPops's rating: 1236 &rarr; <strong>1255</strong><br />(+19 for winning)\n|l|\u2606spiki dookie\n|player|p1|\n",
  "uploadtime": 1776364465,
  "views": 64,
  "formatid": "gen9championsvgc2026regma",
  "rating": 1125,
  "private": 0,
  "password": null
}