{
  "id": "gen9championsvgc2026regma-2587515516",
  "format": "[Gen 9 Champions] VGC 2026 Reg M-A",
  "players": [
    "Kawanohito",
    "Garderoar"
  ],
  "log": "|j|\u2606Kawanohito\n|j|\u2606Garderoar\n|t:|1776538422\n|gametype|doubles\n|player|p1|Kawanohito|265|1537\n|player|p2|Garderoar|102|1572\n|gen|9\n|tier|[Gen 9 Champions] VGC 2026 Reg M-A\n|rated|\n|rule|Species Clause: Limit one of each Pok\u00e9mon\n|rule|Item Clause: Limit 1 of each item\n|clearpoke\n|poke|p1|Slowbro, L50, M|\n|poke|p1|Incineroar, L50, M|\n|poke|p1|Sinistcha, L50|\n|poke|p1|Sneasler, L50, M|\n|poke|p1|Garchomp, L50, M|\n|poke|p1|Meowstic, L50, M|\n|poke|p2|Talonflame, L50, M|\n|poke|p2|Maushold-Four, L50|\n|poke|p2|Garchomp, L50, F|\n|poke|p2|Gardevoir, L50, F|\n|poke|p2|Tauros-Paldea-Aqua, L50, M|\n|poke|p2|Aegislash, L50, F|\n|teampreview|4\n|inactive|Battle timer is ON: inactive players will automatically lose when time's up. (requested by Kawanohito)\n|inactive|Garderoar has 60 seconds left.\n|\n|t:|1776538538\n|teamsize|p1|4\n|teamsize|p2|4\n|start\n|switch|p1a: Slowbro|Slowbro, L50, M|100/100\n|switch|p1b: Incineroar|Incineroar, L50, M|100/100\n|switch|p2a: Tauros|Tauros-Paldea-Aqua, L50, M|100/100\n|switch|p2b: Gardevoir|Gardevoir, L50, F|100/100\n|-ability|p2a: Tauros|Intimidate|boost\n|-fail|p1a: Slowbro|unboost|Attack|[from] ability: Oblivious|[of] p1a: Slowbro\n|-unboost|p1b: Incineroar|atk|1\n|-ability|p2b: Gardevoir|Intimidate|Trace|[from] ability: Trace|[of] p1b: Incineroar\n|-ability|p2b: Gardevoir|Intimidate|boost\n|-fail|p1a: Slowbro|unboost|Attack|[from] ability: Oblivious|[of] p1a: Slowbro\n|-unboost|p1b: Incineroar|atk|1\n|-ability|p1b: Incineroar|Intimidate|boost\n|-unboost|p2a: Tauros|atk|1\n|-unboost|p2b: Gardevoir|atk|1\n|-enditem|p2a: Tauros|White Herb\n|-clearnegativeboost|p2a: Tauros|[silent]\n|turn|1\n|inactive|Kawanohito has 30 seconds left.\n|inactive|Garderoar has 30 seconds left.\n|inactive|Garderoar has 20 seconds left.\n|inactive|Kawanohito has 20 seconds left.\n|\n|t:|1776538579\n|detailschange|p2b: Gardevoir|Gardevoir-Mega, L50, F\n|-mega|p2b: Gardevoir|Gardevoir|Gardevoirite\n|move|p1b: Incineroar|Fake Out|p2a: Tauros\n|-damage|p2a: Tauros|95/100\n|cant|p2a: Tauros|flinch\n|move|p2b: Gardevoir|Hyper Voice|p1a: Slowbro|[spread] p1a,p1b\n|-damage|p1a: Slowbro|55/100\n|-damage|p1b: Incineroar|57/100\n|move|p1a: Slowbro|Amnesia|p1a: Slowbro\n|-boost|p1a: Slowbro|spd|2\n|\n|upkeep\n|turn|2\n|inactive|Kawanohito has 30 seconds left.\n|inactive|Garderoar has 30 seconds left.\n|j| huhyuhyuhyuh\n|inactive|Kawanohito has 20 seconds left.\n|inactive|Garderoar has 20 seconds left.\n|\n|t:|1776538615\n|switch|p1b: Sinistcha|Sinistcha, L50|100/100\n|-heal|p1a: Slowbro|80/100|[from] ability: Hospitality|[of] p1b: Sinistcha\n|detailschange|p1a: Slowbro|Slowbro-Mega, L50, M\n|-mega|p1a: Slowbro|Slowbro|Slowbronite\n|move|p2a: Tauros|Wave Crash|p1b: Sinistcha\n|-resisted|p1b: Sinistcha|1\n|-damage|p1b: Sinistcha|77/100\n|-damage|p2a: Tauros|87/100|[from] Recoil\n|move|p2b: Gardevoir|Hyper Voice|p1b: Sinistcha|[spread] p1a,p1b\n|-damage|p1a: Slowbro|59/100\n|-damage|p1b: Sinistcha|36/100\n|move|p1a: Slowbro|Amnesia|p1a: Slowbro\n|-boost|p1a: Slowbro|spd|2\n|\n|upkeep\n|turn|3\n|inactive|Kawanohito has 30 seconds left.\n|inactive|Garderoar has 30 seconds left.\n|inactive|Garderoar has 20 seconds left.\n|inactive|Garderoar has 15 seconds left.\n|inactive|Garderoar has 10 seconds left.\n|\n|t:|1776538661\n|switch|p1b: Incineroar|Incineroar, L50, M|57/100\n|-ability|p1b: Incineroar|Intimidate|boost\n|-unboost|p2a: Tauros|atk|1\n|-unboost|p2b: Gardevoir|atk|1\n|move|p2a: Tauros|Protect|p2a: Tauros\n|-singleturn|p2a: Tauros|Protect\n|move|p2b: Gardevoir|Hyper Voice|p1b: Incineroar|[spread] p1a,p1b\n|-damage|p1a: Slowbro|45/100\n|-damage|p1b: Incineroar|16/100\n|-enditem|p1b: Incineroar|Sitrus Berry|[eat]\n|-heal|p1b: Incineroar|41/100|[from] item: Sitrus Berry\n|move|p1a: Slowbro|Iron Defense|p1a: Slowbro\n|-boost|p1a: Slowbro|def|2\n|\n|upkeep\n|turn|4\n|inactive|Garderoar has 30 seconds left.\n|\n|t:|1776538693\n|move|p1b: Incineroar|Fake Out|p2b: Gardevoir\n|-damage|p2b: Gardevoir|87/100\n|move|p2a: Tauros|Wave Crash|p1b: Incineroar\n|-supereffective|p1b: Incineroar|1\n|-damage|p1b: Incineroar|0 fnt\n|faint|p1b: Incineroar\n|-damage|p2a: Tauros|71/100|[from] Recoil\n|cant|p2b: Gardevoir|flinch\n|move|p1a: Slowbro|Slack Off|p1a: Slowbro\n|-heal|p1a: Slowbro|95/100\n|\n|upkeep\n|\n|t:|1776538711\n|switch|p1b: Sinistcha|Sinistcha, L50|36/100\n|-heal|p1a: Slowbro|100/100|[from] ability: Hospitality|[of] p1b: Sinistcha\n|turn|5\n|inactive|Kawanohito has 30 seconds left.\n|inactive|Kawanohito has 20 seconds left.\n|\n|t:|1776538748\n|switch|p2a: Talonflame|Talonflame, L50, M|100/100\n|move|p2b: Gardevoir|Hyper Voice|p1b: Sinistcha|[spread] p1a,p1b\n|-damage|p1a: Slowbro|85/100\n|-damage|p1b: Sinistcha|0 fnt\n|faint|p1b: Sinistcha\n|move|p1a: Slowbro|Body Press|p2b: Gardevoir\n|-resisted|p2b: Gardevoir|2\n|-damage|p2b: Gardevoir|66/100\n|\n|upkeep\n|\n|t:|1776538757\n|switch|p1b: Garchomp|Garchomp, L50, M|100/100\n|turn|6\n|\n|t:|1776538768\n|move|p1b: Garchomp|Poison Jab|p2b: Gardevoir\n|-supereffective|p2b: Gardevoir|1\n|-damage|p2b: Gardevoir|0 fnt\n|faint|p2b: Gardevoir\n|move|p2a: Talonflame|Tailwind|p2a: Talonflame\n|-sidestart|p2: Garderoar|move: Tailwind\n|move|p1a: Slowbro|Amnesia|p1a: Slowbro\n|-boost|p1a: Slowbro|spd|2\n|\n|upkeep\n|\n|t:|1776538779\n|switch|p2b: Tauros|Tauros-Paldea-Aqua, L50, M|71/100\n|-ability|p2b: Tauros|Intimidate|boost\n|-unboost|p1a: Slowbro|atk|1\n|-unboost|p1b: Garchomp|atk|1\n|turn|7\n|j| shucklestrats\n|inactive|Garderoar has 30 seconds left.\n|\n|t:|1776538807\n|move|p2a: Talonflame|Will-O-Wisp|p1b: Garchomp\n|-status|p1b: Garchomp|brn\n|move|p2b: Tauros|Wave Crash|p1b: Garchomp\n|-damage|p1b: Garchomp|46/100 brn\n|-damage|p2b: Tauros|59/100|[from] ability: Rough Skin|[of] p1b: Garchomp\n|-damage|p2b: Tauros|40/100|[from] Recoil\n|move|p1b: Garchomp|Poison Jab|p2a: Talonflame\n|-damage|p2a: Talonflame|87/100\n|move|p1a: Slowbro|Iron Defense|p1a: Slowbro\n|-boost|p1a: Slowbro|def|2\n|\n|-damage|p1b: Garchomp|40/100 brn|[from] brn\n|upkeep\n|turn|8\n|\n|t:|1776538826\n|move|p2a: Talonflame|Will-O-Wisp|p1a: Slowbro|[miss]\n|-miss|p2a: Talonflame|p1a: Slowbro\n|move|p2b: Tauros|Wave Crash|p1b: Garchomp\n|-damage|p1b: Garchomp|0 fnt\n|-damage|p2b: Tauros|28/100|[from] ability: Rough Skin|[of] p1b: Garchomp\n|faint|p1b: Garchomp\n|-damage|p2b: Tauros|15/100|[from] Recoil\n|move|p1a: Slowbro|Body Press|p2b: Tauros\n|-damage|p2b: Tauros|0 fnt\n|faint|p2b: Tauros\n|\n|upkeep\n|\n|t:|1776538828\n|switch|p2b: Aegislash|Aegislash, L50, F|100/100\n|turn|9\n|\n|t:|1776538842\n|move|p2a: Talonflame|Will-O-Wisp|p1a: Slowbro|[miss]\n|-miss|p2a: Talonflame|p1a: Slowbro\n|-formechange|p2b: Aegislash|Aegislash-Blade|\n|move|p2b: Aegislash|Poltergeist|p1a: Slowbro\n|-activate|p1a: Slowbro|move: Poltergeist|Slowbronite\n|-supereffective|p1a: Slowbro|1\n|-damage|p1a: Slowbro|60/100\n|move|p1a: Slowbro|Body Press|p2a: Talonflame\n|-resisted|p2a: Talonflame|1\n|-damage|p2a: Talonflame|24/100\n|\n|-sideend|p2: Garderoar|move: Tailwind\n|upkeep\n|turn|10\n|\n|t:|1776538859\n|move|p2a: Talonflame|Protect|p2a: Talonflame\n|-singleturn|p2a: Talonflame|Protect\n|move|p2b: Aegislash|Poltergeist|p1a: Slowbro\n|-activate|p1a: Slowbro|move: Poltergeist|Slowbronite\n|-supereffective|p1a: Slowbro|1\n|-damage|p1a: Slowbro|34/100\n|move|p1a: Slowbro|Body Press|p2a: Talonflame\n|-activate|p2a: Talonflame|move: Protect\n|\n|upkeep\n|turn|11\n|\n|t:|1776538869\n|move|p2a: Talonflame|Will-O-Wisp|p1a: Slowbro\n|-status|p1a: Slowbro|brn\n|move|p2b: Aegislash|Poltergeist|p1a: Slowbro\n|-activate|p1a: Slowbro|move: Poltergeist|Slowbronite\n|-supereffective|p1a: Slowbro|1\n|-damage|p1a: Slowbro|9/100 brn\n|move|p1a: Slowbro|Slack Off|p1a: Slowbro\n|-heal|p1a: Slowbro|59/100 brn\n|\n|-damage|p1a: Slowbro|53/100 brn|[from] brn\n|upkeep\n|turn|12\n|\n|t:|1776538891\n|move|p2a: Talonflame|Protect|p2a: Talonflame\n|-singleturn|p2a: Talonflame|Protect\n|move|p2b: Aegislash|Poltergeist|p1a: Slowbro\n|-activate|p1a: Slowbro|move: Poltergeist|Slowbronite\n|-supereffective|p1a: Slowbro|1\n|-damage|p1a: Slowbro|28/100 brn\n|move|p1a: Slowbro|Slack Off|p1a: Slowbro\n|-heal|p1a: Slowbro|78/100 brn\n|\n|-damage|p1a: Slowbro|72/100 brn|[from] brn\n|upkeep\n|turn|13\n|\n|t:|1776538904\n|move|p2a: Talonflame|Overheat|p1a: Slowbro\n|-resisted|p1a: Slowbro|1\n|-damage|p1a: Slowbro|68/100 brn\n|-unboost|p2a: Talonflame|spa|2\n|move|p2b: Aegislash|Poltergeist|p1a: Slowbro\n|-activate|p1a: Slowbro|move: Poltergeist|Slowbronite\n|-supereffective|p1a: Slowbro|1\n|-damage|p1a: Slowbro|42/100 brn\n|move|p1a: Slowbro|Body Press|p2a: Talonflame\n|-resisted|p2a: Talonflame|1\n|-damage|p2a: Talonflame|0 fnt\n|faint|p2a: Talonflame\n|\n|-damage|p1a: Slowbro|36/100 brn|[from] brn\n|upkeep\n|turn|14\n|\n|t:|1776538917\n|move|p2b: Aegislash|Poltergeist|p1a: Slowbro\n|-activate|p1a: Slowbro|move: Poltergeist|Slowbronite\n|-supereffective|p1a: Slowbro|1\n|-damage|p1a: Slowbro|9/100 brn\n|move|p1a: Slowbro|Slack Off|p1a: Slowbro\n|-heal|p1a: Slowbro|59/100 brn\n|\n|-damage|p1a: Slowbro|53/100 brn|[from] brn\n|upkeep\n|turn|15\n|\n|t:|1776538926\n|move|p2b: Aegislash|Poltergeist|p1a: Slowbro\n|-activate|p1a: Slowbro|move: Poltergeist|Slowbronite\n|-supereffective|p1a: Slowbro|1\n|-damage|p1a: Slowbro|26/100 brn\n|move|p1a: Slowbro|Slack Off|p1a: Slowbro\n|-heal|p1a: Slowbro|76/100 brn\n|\n|-damage|p1a: Slowbro|70/100 brn|[from] brn\n|upkeep\n|turn|16\n|\n|t:|1776538936\n|move|p2b: Aegislash|Poltergeist|p1a: Slowbro|[miss]\n|-miss|p2b: Aegislash|p1a: Slowbro\n|move|p1a: Slowbro|Iron Defense|p1a: Slowbro\n|-boost|p1a: Slowbro|def|2\n|\n|-damage|p1a: Slowbro|64/100 brn|[from] brn\n|upkeep\n|turn|17\n|\n|t:|1776538949\n|-formechange|p2b: Aegislash|Aegislash|\n|move|p2b: Aegislash|King's Shield|p2b: Aegislash\n|-singleturn|p2b: Aegislash|Protect\n|move|p1a: Slowbro|Amnesia|p1a: Slowbro\n|-boost|p1a: Slowbro|spd|0\n|\n|-damage|p1a: Slowbro|58/100 brn|[from] brn\n|upkeep\n|turn|18\n|\n|t:|1776538958\n|-formechange|p2b: Aegislash|Aegislash-Blade|\n|move|p2b: Aegislash|Shadow Sneak|p1a: Slowbro\n|-supereffective|p1a: Slowbro|1\n|-damage|p1a: Slowbro|51/100 brn\n|move|p1a: Slowbro|Amnesia|p1a: Slowbro\n|-boost|p1a: Slowbro|spd|0\n|\n|-damage|p1a: Slowbro|46/100 brn|[from] brn\n|upkeep\n|turn|19\n|\n|t:|1776538968\n|move|p2b: Aegislash|Iron Head|p1a: Slowbro\n|-resisted|p1a: Slowbro|1\n|-damage|p1a: Slowbro|43/100 brn\n|move|p1a: Slowbro|Slack Off|p1a: Slowbro\n|-heal|p1a: Slowbro|93/100 brn\n|\n|-damage|p1a: Slowbro|87/100 brn|[from] brn\n|upkeep\n|turn|20\n|-message|Kawanohito forfeited.\n|\n|win|Garderoar\n|raw|Kawanohito's rating: 1537 &rarr; <strong>1519</strong><br />(-18 for losing)\n|raw|Garderoar's rating: 1572 &rarr; <strong>1590</strong><br />(+18 for winning)\n|l|\u2606Kawanohito\n|player|p1|\n|l|\u2606Garderoar\n|player|p2|\n|l| huhyuhyuhyuh\n",
  "uploadtime": 1776538995,
  "views": 24,
  "formatid": "gen9championsvgc2026regma",
  "rating": 1519,
  "private": 0,
  "password": null
}