{
  "id": "gen9championsvgc2026regma-2587585024",
  "format": "[Gen 9 Champions] VGC 2026 Reg M-A",
  "players": [
    "chiiiiiiiiiiiikn",
    "vamphoneybeeoberon"
  ],
  "log": "|j|\u2606chiiiiiiiiiiiikn\n|j|\u2606vamphoneybeeoberon\n|t:|1776544485\n|gametype|doubles\n|player|p1|chiiiiiiiiiiiikn|2|1203\n|player|p2|vamphoneybeeoberon|266|1150\n|gen|9\n|tier|[Gen 9 Champions] VGC 2026 Reg M-A\n|rated|\n|rule|Species Clause: Limit one of each Pok\u00e9mon\n|rule|Item Clause: Limit 1 of each item\n|clearpoke\n|poke|p1|Lycanroc, L50, M|\n|poke|p1|Tyranitar, L50, M|\n|poke|p1|Basculegion, L50, M|\n|poke|p1|Sinistcha, L50|\n|poke|p1|Orthworm, L50, F|\n|poke|p1|Camerupt, L50, M|\n|poke|p2|Sinistcha, L50, shiny|\n|poke|p2|Aggron, L50, F, shiny|\n|poke|p2|Ninetales, L50, F, shiny|\n|poke|p2|Cofagrigus, L50, F, shiny|\n|poke|p2|Tyranitar, L50, F, shiny|\n|poke|p2|Mudsdale, L50, F, shiny|\n|teampreview|4\n|\n|t:|1776544527\n|teamsize|p1|4\n|teamsize|p2|4\n|start\n|switch|p1a: Tyranitar|Tyranitar, L50, M|100/100\n|switch|p1b: Lycanroc|Lycanroc, L50, M|100/100\n|switch|p2a: THE WALL|Aggron, L50, F, shiny|100/100\n|switch|p2b: Ninetales|Ninetales, L50, F, shiny|100/100\n|-weather|SunnyDay|[from] ability: Drought|[of] p2b: Ninetales\n|-weather|Sandstorm|[from] ability: Sand Stream|[of] p1a: Tyranitar\n|turn|1\n|\n|t:|1776544547\n|switch|p2b: Cofagrigus|Cofagrigus, L50, F, shiny|100/100\n|detailschange|p1a: Tyranitar|Tyranitar-Mega, L50, M\n|-mega|p1a: Tyranitar|Tyranitar|Tyranitarite\n|detailschange|p2a: THE WALL|Aggron-Mega, L50, F, shiny\n|-mega|p2a: THE WALL|Aggron|Aggronite\n|move|p1b: Lycanroc|Howl|p1b: Lycanroc|[spread] p1a,p1b\n|-boost|p1a: Tyranitar|atk|1\n|-boost|p1b: Lycanroc|atk|1\n|move|p1a: Tyranitar|Low Kick|p2a: THE WALL\n|-supereffective|p2a: THE WALL|1\n|-damage|p2a: THE WALL|42/100\n|move|p2a: THE WALL|Iron Defense|p2a: THE WALL\n|-boost|p2a: THE WALL|def|2\n|\n|-weather|Sandstorm|[upkeep]\n|-damage|p2b: Cofagrigus|94/100|[from] Sandstorm\n|upkeep\n|turn|2\n|\n|t:|1776544567\n|move|p2a: THE WALL|Protect|p2a: THE WALL\n|-singleturn|p2a: THE WALL|Protect\n|move|p1b: Lycanroc|Close Combat|p2a: THE WALL\n|-activate|p2a: THE WALL|move: Protect\n|move|p1a: Tyranitar|Crunch|p2b: Cofagrigus\n|-supereffective|p2b: Cofagrigus|1\n|-damage|p2b: Cofagrigus|0 fnt\n|-activate|p2b: Cofagrigus|ability: Mummy|p1a: Tyranitar|[ability] Sand Stream\n|faint|p2b: Cofagrigus\n|\n|-weather|Sandstorm|[upkeep]\n|upkeep\n|\n|t:|1776544581\n|switch|p2b: Ninetales|Ninetales, L50, F, shiny|100/100\n|-weather|SunnyDay|[from] ability: Drought|[of] p2b: Ninetales\n|turn|3\n|\n|t:|1776544596\n|move|p1b: Lycanroc|Close Combat|p2a: THE WALL\n|-supereffective|p2a: THE WALL|1\n|-damage|p2a: THE WALL|21/100\n|-unboost|p1b: Lycanroc|def|1\n|-unboost|p1b: Lycanroc|spd|1\n|move|p2b: Ninetales|Solar Beam||[still]\n|-prepare|p2b: Ninetales|Solar Beam\n|-anim|p2b: Ninetales|Solar Beam|p1b: Lycanroc\n|-supereffective|p1b: Lycanroc|1\n|-enditem|p1b: Lycanroc|Focus Sash\n|-damage|p1b: Lycanroc|1/100\n|move|p1a: Tyranitar|Rock Slide|p2a: THE WALL|[spread] p2a,p2b\n|-resisted|p2a: THE WALL|1\n|-supereffective|p2b: Ninetales|1\n|-damage|p2a: THE WALL|14/100\n|-damage|p2b: Ninetales|0 fnt\n|faint|p2b: Ninetales\n|move|p2a: THE WALL|Body Press|p1a: Tyranitar\n|-supereffective|p1a: Tyranitar|2\n|-damage|p1a: Tyranitar|0 fnt\n|-activate|p1a: Tyranitar|ability: Mummy|p2a: THE WALL|[ability] Filter\n|faint|p1a: Tyranitar\n|\n|-weather|SunnyDay|[upkeep]\n|upkeep\n|\n|t:|1776544619\n|switch|p2b: Sinistcha|Sinistcha, L50, shiny|100/100\n|switch|p1a: Sinistcha|Sinistcha, L50|100/100\n|-heal|p2a: THE WALL|39/100|[from] ability: Hospitality|[of] p2b: Sinistcha\n|-heal|p1b: Lycanroc|26/100|[from] ability: Hospitality|[of] p1a: Sinistcha\n|turn|4\n|\n|t:|1776544633\n|move|p1b: Lycanroc|Protect|p1b: Lycanroc\n|-singleturn|p1b: Lycanroc|Protect\n|move|p2a: THE WALL|Protect|p2a: THE WALL\n|-singleturn|p2a: THE WALL|Protect\n|move|p2b: Sinistcha|Life Dew||[still]|[spread] p2a,p2b\n|-heal|p2a: THE WALL|64/100\n|-fail|p2b: Sinistcha|heal\n|move|p1a: Sinistcha|Matcha Gotcha|p2a: THE WALL|[spread] p2b\n|-activate|p2a: THE WALL|move: Protect\n|-resisted|p2b: Sinistcha|1\n|-damage|p2b: Sinistcha|88/100\n|\n|-weather|SunnyDay|[upkeep]\n|upkeep\n|turn|5\n|\n|t:|1776544655\n|move|p1a: Sinistcha|Rage Powder|p1a: Sinistcha\n|-singleturn|p1a: Sinistcha|move: Rage Powder\n|move|p1b: Lycanroc|Rock Slide|p2b: Sinistcha|[spread] p2a,p2b\n|-resisted|p2a: THE WALL|1\n|-damage|p2a: THE WALL|59/100\n|-damage|p2b: Sinistcha|41/100\n|move|p2b: Sinistcha|Giga Drain|p1b: Lycanroc\n|-supereffective|p1b: Lycanroc|1\n|-damage|p1b: Lycanroc|0 fnt\n|-heal|p2b: Sinistcha|54/100|[from] drain|[of] p1b: Lycanroc\n|faint|p1b: Lycanroc\n|move|p2a: THE WALL|Heavy Slam|p1a: Sinistcha\n|-damage|p1a: Sinistcha|41/100\n|\n|-weather|SunnyDay|[upkeep]\n|upkeep\n|\n|t:|1776544663\n|switch|p1b: Basculegion|Basculegion, L50, M|100/100\n|turn|6\n|\n|t:|1776544678\n|move|p2a: THE WALL|Protect|p2a: THE WALL\n|-singleturn|p2a: THE WALL|Protect\n|move|p1b: Basculegion|Last Respects|p2b: Sinistcha\n|-supereffective|p2b: Sinistcha|1\n|-damage|p2b: Sinistcha|0 fnt\n|faint|p2b: Sinistcha\n|move|p1a: Sinistcha|Matcha Gotcha|p2a: THE WALL\n|-activate|p2a: THE WALL|move: Protect\n|\n|-weather|SunnyDay|[upkeep]\n|upkeep\n|turn|7\n|\n|t:|1776544695\n|move|p1b: Basculegion|Last Respects|p2a: THE WALL\n|-damage|p2a: THE WALL|37/100\n|move|p1a: Sinistcha|Matcha Gotcha|p2a: THE WALL\n|-resisted|p2a: THE WALL|1\n|-damage|p2a: THE WALL|12/100\n|-heal|p1a: Sinistcha|51/100|[from] drain|[of] p2a: THE WALL\n|move|p2a: THE WALL|Heavy Slam|p1a: Sinistcha\n|-damage|p1a: Sinistcha|0 fnt\n|faint|p1a: Sinistcha\n|\n|-weather|none\n|upkeep\n|turn|8\n|\n|t:|1776544712\n|move|p2a: THE WALL|Protect|p2a: THE WALL\n|-singleturn|p2a: THE WALL|Protect\n|move|p1b: Basculegion|Last Respects|p2a: THE WALL\n|-activate|p2a: THE WALL|move: Protect\n|\n|upkeep\n|turn|9\n|-message|vamphoneybeeoberon forfeited.\n|\n|win|chiiiiiiiiiiiikn\n|raw|chiiiiiiiiiiiikn's rating: 1203 &rarr; <strong>1224</strong><br />(+21 for winning)\n|raw|vamphoneybeeoberon's rating: 1150 &rarr; <strong>1129</strong><br />(-21 for losing)\n|l|\u2606vamphoneybeeoberon\n|player|p2|\n",
  "uploadtime": 1776544720,
  "views": 13,
  "formatid": "gen9championsvgc2026regma",
  "rating": 1129,
  "private": 0,
  "password": null
}