{
  "id": "gen9championsvgc2026regma-2580861099",
  "format": "[Gen 9 Champions] VGC 2026 Reg M-A",
  "players": [
    "wellsie18",
    "Pope01"
  ],
  "log": "|j|\u2606wellsie18\n|j|\u2606Pope01\n|t:|1775938498\n|gametype|doubles\n|player|p1|wellsie18|102|1050\n|player|p2|Pope01|169|1000\n|gen|9\n|tier|[Gen 9 Champions] VGC 2026 Reg M-A\n|rated|\n|rule|Species Clause: Limit one of each Pok\u00e9mon\n|rule|Item Clause: Limit 1 of each item\n|clearpoke\n|poke|p1|Floette-Eternal, L50, F|\n|poke|p1|Maushold-Four, L50|\n|poke|p1|Talonflame, L50, M|\n|poke|p1|Garchomp, L50, M|\n|poke|p1|Sinistcha-Masterpiece, L50|\n|poke|p1|Aegislash, L50, F|\n|poke|p2|Pelipper, L50, M|\n|poke|p2|Milotic, L50, M|\n|poke|p2|Basculegion, L50, M|\n|poke|p2|Dragonite, L50, M|\n|poke|p2|Raichu, L50, M|\n|poke|p2|Scizor, L50, M|\n|teampreview|4\n|\n|t:|1775938556\n|teamsize|p1|4\n|teamsize|p2|4\n|start\n|switch|p1a: Floette|Floette-Eternal, L50, F|100/100\n|switch|p1b: Maushold|Maushold-Four, L50|100/100\n|switch|p2a: Basculegion|Basculegion, L50, M|100/100\n|switch|p2b: Pelipper|Pelipper, L50, M|100/100\n|-weather|RainDance|[from] ability: Drizzle|[of] p2b: Pelipper\n|turn|1\n|\n|t:|1775938597\n|detailschange|p1a: Floette|Floette-Mega, L50, F\n|-mega|p1a: Floette|Floette|Floettite\n|-ability|p1a: Floette|Fairy Aura\n|move|p1b: Maushold|Follow Me|p1b: Maushold\n|-singleturn|p1b: Maushold|move: Follow Me\n|move|p2a: Basculegion|Wave Crash|p1b: Maushold\n|-enditem|p1b: Maushold|Focus Sash\n|-damage|p1b: Maushold|1/100\n|-damage|p2a: Basculegion|70/100|[from] Recoil\n|move|p1a: Floette|Calm Mind|p1a: Floette\n|-boost|p1a: Floette|spa|1\n|-boost|p1a: Floette|spd|1\n|move|p2b: Pelipper|Tailwind|p2b: Pelipper\n|-sidestart|p2: Pope01|move: Tailwind\n|\n|-weather|RainDance|[upkeep]\n|upkeep\n|turn|2\n|\n|t:|1775938638\n|move|p1b: Maushold|Follow Me|p1b: Maushold\n|-singleturn|p1b: Maushold|move: Follow Me\n|move|p2a: Basculegion|Wave Crash|p1b: Maushold\n|-damage|p1b: Maushold|0 fnt\n|faint|p1b: Maushold\n|-damage|p2a: Basculegion|70/100|[from] Recoil\n|move|p2b: Pelipper|U-turn|p1a: Floette\n|-resisted|p1a: Floette|1\n|-damage|p1a: Floette|96/100\n|\n|t:|1775938648\n|switch|p2b: Scizor|Scizor, L50, M|100/100|[from] U-turn\n|move|p1a: Floette|Dazzling Gleam|p2b: Scizor|[spread] p2a,p2b\n|-resisted|p2b: Scizor|1\n|-damage|p2a: Basculegion|0 fnt\n|-damage|p2b: Scizor|58/100\n|faint|p2a: Basculegion\n|\n|-weather|RainDance|[upkeep]\n|upkeep\n|\n|t:|1775938662\n|switch|p1b: Talonflame|Talonflame, L50, M|100/100\n|switch|p2a: Milotic|Milotic, L50, M|100/100\n|turn|3\n|\n|t:|1775938681\n|detailschange|p2b: Scizor|Scizor-Mega, L50, M\n|-mega|p2b: Scizor|Scizor|Scizorite\n|move|p1a: Floette|Protect|p1a: Floette\n|-singleturn|p1a: Floette|Protect\n|move|p1b: Talonflame|Tailwind|p1b: Talonflame\n|-sidestart|p1: wellsie18|move: Tailwind\n|move|p2a: Milotic|Scald|p1b: Talonflame\n|-supereffective|p1b: Talonflame|1\n|-crit|p1b: Talonflame\n|-damage|p1b: Talonflame|0 fnt\n|faint|p1b: Talonflame\n|move|p2b: Scizor|Iron Head|p1a: Floette\n|-activate|p1a: Floette|move: Protect\n|\n|-weather|RainDance|[upkeep]\n|upkeep\n|\n|t:|1775938693\n|switch|p1b: Garchomp|Garchomp, L50, M|100/100\n|turn|4\n|\n|t:|1775938725\n|move|p2b: Scizor|Protect|p2b: Scizor\n|-singleturn|p2b: Scizor|Protect\n|move|p1b: Garchomp|Stone Edge|p2b: Scizor\n|-activate|p2b: Scizor|move: Protect\n|move|p1a: Floette|Moonblast|p2a: Milotic\n|-damage|p2a: Milotic|0 fnt\n|faint|p2a: Milotic\n|\n|-weather|RainDance|[upkeep]\n|-sideend|p2: Pope01|move: Tailwind\n|upkeep\n|\n|t:|1775938734\n|switch|p2a: Pelipper|Pelipper, L50, M|100/100\n|turn|5\n|\n|t:|1775938753\n|move|p2b: Scizor|Bullet Punch|p1a: Floette\n|-supereffective|p1a: Floette|1\n|-damage|p1a: Floette|5/100\n|move|p1b: Garchomp|Stomping Tantrum|p2b: Scizor\n|-damage|p2b: Scizor|18/100\n|move|p1a: Floette|Moonblast|p2a: Pelipper\n|-damage|p2a: Pelipper|0 fnt\n|faint|p2a: Pelipper\n|\n|-weather|none\n|upkeep\n|turn|6\n|\n|t:|1775938770\n|move|p2b: Scizor|Bullet Punch|p1a: Floette\n|-supereffective|p1a: Floette|1\n|-damage|p1a: Floette|0 fnt\n|faint|p1a: Floette\n|move|p1b: Garchomp|Earthquake|p2b: Scizor\n|-damage|p2b: Scizor|0 fnt\n|faint|p2b: Scizor\n|\n|win|wellsie18\n|raw|wellsie18's rating: 1050 &rarr; <strong>1078</strong><br />(+28 for winning)\n|raw|Pope01's rating: 1000 &rarr; <strong>1000</strong><br />(+0 for losing)\n|l|\u2606wellsie18\n|player|p1|\n",
  "uploadtime": 1775938782,
  "views": 15,
  "formatid": "gen9championsvgc2026regma",
  "rating": 1000,
  "private": 0,
  "password": null
}