{
  "id": "gen9championsvgc2026regma-2588730298",
  "format": "[Gen 9 Champions] VGC 2026 Reg M-A",
  "players": [
    "Where Is My Router",
    "Big Kahuna Tuna"
  ],
  "log": "|j|\u2606Where Is My Router\n|j|\u2606Big Kahuna Tuna\n|t:|1776663088\n|gametype|doubles\n|player|p1|Where Is My Router|giovanni|1102\n|player|p2|Big Kahuna Tuna|266|1160\n|gen|9\n|tier|[Gen 9 Champions] VGC 2026 Reg M-A\n|rated|\n|rule|Species Clause: Limit one of each Pok\u00e9mon\n|rule|Item Clause: Limit 1 of each item\n|clearpoke\n|poke|p1|Golurk, L50|\n|poke|p1|Mimikyu, L50, F|\n|poke|p1|Basculegion, L50, M|\n|poke|p1|Spiritomb, L50, F|\n|poke|p1|Sinistcha-Masterpiece, L50|\n|poke|p1|Zoroark-Hisui, L50, M|\n|poke|p2|Cofagrigus, L50, M|\n|poke|p2|Incineroar, L50, M|\n|poke|p2|Conkeldurr, L50, F|\n|poke|p2|Sinistcha, L50|\n|poke|p2|Aggron, L50, F|\n|poke|p2|Drampa, L50, M|\n|teampreview|4\n|\n|t:|1776663103\n|teamsize|p1|4\n|teamsize|p2|4\n|start\n|switch|p1a: Atlas|Golurk, L50|100/100\n|switch|p1b: Brewdew|Sinistcha-Masterpiece, L50|100/100\n|switch|p2a: Cofagrigus|Cofagrigus, L50, M|100/100\n|switch|p2b: Incineroar|Incineroar, L50, M|100/100\n|-ability|p2b: Incineroar|Intimidate|boost\n|-unboost|p1a: Atlas|atk|1\n|-unboost|p1b: Brewdew|atk|1\n|turn|1\n|\n|t:|1776663136\n|move|p1a: Atlas|Focus Blast|p2b: Incineroar\n|-supereffective|p2b: Incineroar|1\n|-damage|p2b: Incineroar|41/100\n|-enditem|p2b: Incineroar|Sitrus Berry|[eat]\n|-heal|p2b: Incineroar|66/100|[from] item: Sitrus Berry\n|move|p1b: Brewdew|Matcha Gotcha|p2b: Incineroar|[spread] p2a\n|-miss|p1b: Brewdew|p2b: Incineroar\n|-damage|p2a: Cofagrigus|79/100\n|move|p2b: Incineroar|Throat Chop|p1a: Atlas\n|-supereffective|p1a: Atlas|1\n|-enditem|p1a: Atlas|Focus Sash\n|-damage|p1a: Atlas|1/100\n|-start|p1a: Atlas|Throat Chop|[silent]\n|replace|p1a: Jasper|Zoroark-Hisui, L50, M\n|-end|p1a: Jasper|Illusion\n|move|p2a: Cofagrigus|Trick Room|p2a: Cofagrigus\n|-fieldstart|move: Trick Room|[of] p2a: Cofagrigus\n|\n|-heal|p2a: Cofagrigus|85/100|[from] item: Leftovers\n|upkeep\n|turn|2\n|\n|t:|1776663168\n|move|p2a: Cofagrigus|Shadow Ball|p1b: Brewdew\n|-supereffective|p1b: Brewdew|1\n|-damage|p1b: Brewdew|32/100\n|move|p2b: Incineroar|Throat Chop|p1a: Jasper\n|-supereffective|p1a: Jasper|1\n|-damage|p1a: Jasper|0 fnt\n|faint|p1a: Jasper\n|move|p1b: Brewdew|Matcha Gotcha|p2a: Cofagrigus|[spread] p2a,p2b\n|-resisted|p2b: Incineroar|1\n|-damage|p2a: Cofagrigus|60/100\n|-heal|p1b: Brewdew|43/100|[from] drain|[of] p2a: Cofagrigus\n|-damage|p2b: Incineroar|54/100\n|-heal|p1b: Brewdew|50/100|[from] drain|[of] p2b: Incineroar\n|-heal|p1b: Brewdew|54/100|[from] item: Shell Bell|[of] p2b: Incineroar\n|\n|-heal|p2a: Cofagrigus|67/100|[from] item: Leftovers\n|upkeep\n|\n|t:|1776663187\n|switch|p1a: Atlas|Golurk, L50|100/100\n|turn|3\n|\n|t:|1776663195\n|detailschange|p1a: Atlas|Golurk-Mega, L50\n|-mega|p1a: Atlas|Golurk|Golurkite\n|move|p1b: Brewdew|Rage Powder|p1b: Brewdew\n|-singleturn|p1b: Brewdew|move: Rage Powder\n|move|p2a: Cofagrigus|Will-O-Wisp|p1b: Brewdew\n|-status|p1b: Brewdew|brn\n|move|p1a: Atlas|Headlong Rush|p2b: Incineroar\n|-supereffective|p2b: Incineroar|1\n|-damage|p2b: Incineroar|0 fnt\n|-unboost|p1a: Atlas|def|1\n|-unboost|p1a: Atlas|spd|1\n|faint|p2b: Incineroar\n|\n|-heal|p2a: Cofagrigus|73/100|[from] item: Leftovers\n|-damage|p1b: Brewdew|48/100 brn|[from] brn\n|upkeep\n|\n|t:|1776663206\n|switch|p2b: Aggron|Aggron, L50, F|100/100\n|turn|4\n|\n|t:|1776663216\n|detailschange|p2b: Aggron|Aggron-Mega, L50, F\n|-mega|p2b: Aggron|Aggron|Aggronite\n|move|p2a: Cofagrigus|Shadow Ball|p1a: Atlas\n|-supereffective|p1a: Atlas|1\n|-damage|p1a: Atlas|26/100\n|move|p2b: Aggron|Iron Defense|p2b: Aggron\n|-boost|p2b: Aggron|def|2\n|move|p1a: Atlas|Headlong Rush|p2b: Aggron\n|-supereffective|p2b: Aggron|1\n|-damage|p2b: Aggron|70/100\n|-unboost|p1a: Atlas|def|1\n|-unboost|p1a: Atlas|spd|1\n|move|p1b: Brewdew|Matcha Gotcha|p2a: Cofagrigus|[spread] p2a,p2b\n|-resisted|p2b: Aggron|1\n|-damage|p2a: Cofagrigus|48/100\n|-heal|p1b: Brewdew|59/100 brn|[from] drain|[of] p2a: Cofagrigus\n|-damage|p2b: Aggron|57/100\n|-heal|p1b: Brewdew|65/100 brn|[from] drain|[of] p2b: Aggron\n|-heal|p1b: Brewdew|69/100 brn|[from] item: Shell Bell|[of] p2b: Aggron\n|\n|-heal|p2a: Cofagrigus|54/100|[from] item: Leftovers\n|-damage|p1b: Brewdew|63/100 brn|[from] brn\n|upkeep\n|turn|5\n|\n|t:|1776663245\n|move|p1b: Brewdew|Rage Powder|p1b: Brewdew\n|-singleturn|p1b: Brewdew|move: Rage Powder\n|move|p2a: Cofagrigus|Shadow Ball|p1b: Brewdew\n|-supereffective|p1b: Brewdew|1\n|-damage|p1b: Brewdew|2/100 brn\n|move|p2b: Aggron|Heavy Slam|p1b: Brewdew\n|-damage|p1b: Brewdew|0 fnt\n|faint|p1b: Brewdew\n|move|p1a: Atlas|Headlong Rush|p2b: Aggron\n|-supereffective|p2b: Aggron|1\n|-damage|p2b: Aggron|28/100\n|-unboost|p1a: Atlas|def|1\n|-unboost|p1a: Atlas|spd|1\n|\n|-heal|p2a: Cofagrigus|60/100|[from] item: Leftovers\n|-fieldend|move: Trick Room\n|upkeep\n|\n|t:|1776663261\n|switch|p1b: Karonte|Basculegion, L50, M|100/100\n|turn|6\n|-activate|p1b: Karonte|item: Quick Claw\n|\n|t:|1776663272\n|switch|p2a: Sinistcha|Sinistcha, L50|100/100\n|-heal|p2b: Aggron|53/100|[from] ability: Hospitality|[of] p2a: Sinistcha\n|move|p2b: Aggron|Protect|p2b: Aggron\n|-singleturn|p2b: Aggron|Protect\n|move|p1b: Karonte|Last Respects|p2a: Sinistcha\n|-supereffective|p2a: Sinistcha|1\n|-enditem|p2a: Sinistcha|Kasib Berry|[eat]\n|-enditem|p2a: Sinistcha|Kasib Berry|[weaken]\n|-damage|p2a: Sinistcha|11/100\n|move|p1a: Atlas|Headlong Rush|p2b: Aggron\n|-supereffective|p2b: Aggron|1\n|-ability|p1a: Atlas|Unseen Fist\n|-zbroken|p2b: Aggron\n|-damage|p2b: Aggron|46/100\n|-unboost|p1a: Atlas|def|1\n|-unboost|p1a: Atlas|spd|1\n|\n|upkeep\n|turn|7\n|\n|t:|1776663304\n|move|p1b: Karonte|Last Respects|p2a: Sinistcha\n|-supereffective|p2a: Sinistcha|1\n|-damage|p2a: Sinistcha|0 fnt\n|faint|p2a: Sinistcha\n|move|p1a: Atlas|Headlong Rush|p2b: Aggron\n|-supereffective|p2b: Aggron|1\n|-damage|p2b: Aggron|15/100\n|-unboost|p1a: Atlas|def|1\n|-unboost|p1a: Atlas|spd|1\n|move|p2b: Aggron|Heavy Slam|p1b: Karonte\n|-resisted|p1b: Karonte|1\n|-crit|p1b: Karonte\n|-damage|p1b: Karonte|71/100\n|\n|upkeep\n|\n|t:|1776663306\n|switch|p2a: Cofagrigus|Cofagrigus, L50, M|60/100\n|turn|8\n|\n|t:|1776663322\n|move|p2b: Aggron|Protect|p2b: Aggron\n|-singleturn|p2b: Aggron|Protect\n|move|p1b: Karonte|Last Respects|p2a: Cofagrigus\n|-supereffective|p2a: Cofagrigus|1\n|-damage|p2a: Cofagrigus|0 fnt\n|faint|p2a: Cofagrigus\n|move|p1a: Atlas|Headlong Rush|p2b: Aggron\n|-supereffective|p2b: Aggron|1\n|-ability|p1a: Atlas|Unseen Fist\n|-zbroken|p2b: Aggron\n|-damage|p2b: Aggron|7/100\n|-unboost|p1a: Atlas|def|1\n|-unboost|p1a: Atlas|spd|1\n|\n|upkeep\n|turn|9\n|\n|t:|1776663338\n|move|p1b: Karonte|Last Respects|p2b: Aggron\n|-damage|p2b: Aggron|0 fnt\n|faint|p2b: Aggron\n|\n|win|Where Is My Router\n|raw|Where Is My Router's rating: 1102 &rarr; <strong>1131</strong><br />(+29 for winning)\n|raw|Big Kahuna Tuna's rating: 1160 &rarr; <strong>1131</strong><br />(-29 for losing)\n|c|\u2606Where Is My Router|Gg\n",
  "uploadtime": 1776663357,
  "views": 22,
  "formatid": "gen9championsvgc2026regma",
  "rating": 1131,
  "private": 0,
  "password": null
}