{
  "id": "gen9championsvgc2026regma-2586817762",
  "format": "[Gen 9 Champions] VGC 2026 Reg M-A",
  "players": [
    "jakeofonline",
    "OldManBallin26"
  ],
  "log": "|j|\u2606jakeofonline\n|j|\u2606OldManBallin26\n|t:|1776462387\n|gametype|doubles\n|player|p1|jakeofonline|brycenman|1200\n|player|p2|OldManBallin26|hiker-gen4|1176\n|gen|9\n|tier|[Gen 9 Champions] VGC 2026 Reg M-A\n|rated|\n|rule|Species Clause: Limit one of each Pok\u00e9mon\n|rule|Item Clause: Limit 1 of each item\n|clearpoke\n|poke|p1|Chandelure, L50, M|\n|poke|p1|Oranguru, L50, M|\n|poke|p1|Tsareena, L50, F|\n|poke|p1|Florges, L50, F|\n|poke|p1|Aerodactyl, L50, M|\n|poke|p1|Gallade, L50, M|\n|poke|p2|Lopunny, L50, M|\n|poke|p2|Rotom-Wash, L50|\n|poke|p2|Glimmora, L50, F|\n|poke|p2|Whimsicott, L50, F|\n|poke|p2|Kingambit, L50, M|\n|poke|p2|Incineroar, L50, F|\n|teampreview|4\n|inactive|Battle timer is ON: inactive players will automatically lose when time's up. (requested by OldManBallin26)\n|inactive|jakeofonline also wants the timer to be on.\nOldManBallin26 rejected open team sheets.\n|inactive|jakeofonline has 60 seconds left.\n|\n|t:|1776462431\n|teamsize|p1|4\n|teamsize|p2|4\n|start\n|switch|p1a: Aerodactyl|Aerodactyl, L50, M|100/100\n|switch|p1b: Gallade|Gallade, L50, M|100/100\n|switch|p2a: Rotom|Rotom-Wash, L50|100/100\n|switch|p2b: Kingambit|Kingambit, L50, M|100/100\n|turn|1\n|\n|t:|1776462454\n|switch|p2b: Incineroar|Incineroar, L50, F|100/100\n|-ability|p2b: Incineroar|Intimidate|boost\n|-unboost|p1a: Aerodactyl|atk|1\n|-unboost|p1b: Gallade|atk|1\n|move|p1a: Aerodactyl|Tailwind|p1a: Aerodactyl\n|-sidestart|p1: jakeofonline|move: Tailwind\n|move|p1b: Gallade|Close Combat|p2b: Incineroar\n|-supereffective|p2b: Incineroar|1\n|-damage|p2b: Incineroar|14/100\n|-unboost|p1b: Gallade|def|1\n|-unboost|p1b: Gallade|spd|1\n|-enditem|p2b: Incineroar|Sitrus Berry|[eat]\n|-heal|p2b: Incineroar|39/100|[from] item: Sitrus Berry\n|move|p2a: Rotom|Hydro Pump|p1a: Aerodactyl\n|-supereffective|p1a: Aerodactyl|1\n|-enditem|p1a: Aerodactyl|Focus Sash\n|-damage|p1a: Aerodactyl|1/100\n|\n|upkeep\n|turn|2\n|\n|t:|1776462474\n|move|p1b: Gallade|Upper Hand|p2b: Incineroar\n|-supereffective|p2b: Incineroar|1\n|-damage|p2b: Incineroar|0 fnt\n|faint|p2b: Incineroar\n|move|p1a: Aerodactyl|Rock Slide|p2a: Rotom\n|-damage|p2a: Rotom|74/100\n|move|p2a: Rotom|Will-O-Wisp|p1b: Gallade|[miss]\n|-miss|p2a: Rotom|p1b: Gallade\n|\n|-heal|p2a: Rotom|80/100|[from] item: Leftovers\n|upkeep\n|\n|t:|1776462491\n|switch|p2b: Glimmora|Glimmora, L50, F|100/100\n|turn|3\n|inactive|jakeofonline has 30 seconds left.\n|\n|t:|1776462520\n|move|p1a: Aerodactyl|Protect|p1a: Aerodactyl\n|-singleturn|p1a: Aerodactyl|Protect\n|move|p2b: Glimmora|Spiky Shield|p2b: Glimmora\n|-singleturn|p2b: Glimmora|move: Protect\n|move|p1b: Gallade|Psycho Cut|p2b: Glimmora\n|-activate|p2b: Glimmora|move: Protect\n|move|p2a: Rotom|Will-O-Wisp|p1b: Gallade|[miss]\n|-miss|p2a: Rotom|p1b: Gallade\n|\n|-heal|p2a: Rotom|85/100|[from] item: Leftovers\n|upkeep\n|turn|4\n|\n|t:|1776462541\n|switch|p1a: Chandelure|Chandelure, L50, M|100/100\n|switch|p2b: Kingambit|Kingambit, L50, M|100/100\n|move|p1b: Gallade|Psycho Cut|p2b: Kingambit\n|-immune|p2b: Kingambit\n|move|p2a: Rotom|Thunderbolt|p1a: Chandelure\n|-damage|p1a: Chandelure|51/100\n|-status|p1a: Chandelure|par\n|\n|-heal|p2a: Rotom|91/100|[from] item: Leftovers\n|-sideend|p1: jakeofonline|move: Tailwind\n|upkeep\n|turn|5\n|\n|t:|1776462561\n|move|p2b: Kingambit|Protect|p2b: Kingambit\n|-singleturn|p2b: Kingambit|Protect\n|move|p1b: Gallade|Upper Hand||[still]\n|-fail|p1b: Gallade\n|move|p2a: Rotom|Hydro Pump|p1b: Gallade\n|-damage|p1b: Gallade|30/100\n|move|p1a: Chandelure|Energy Ball|p2a: Rotom\n|-supereffective|p2a: Rotom|1\n|-damage|p2a: Rotom|1/100\n|\n|-heal|p2a: Rotom|7/100|[from] item: Leftovers\n|upkeep\n|turn|6\n|\n|t:|1776462582\n|switch|p1a: Aerodactyl|Aerodactyl, L50, M|1/100\n|move|p1b: Gallade|Protect|p1b: Gallade\n|-singleturn|p1b: Gallade|Protect\n|move|p2b: Kingambit|Sucker Punch||[still]\n|-fail|p2b: Kingambit\n|move|p2a: Rotom|Thunderbolt|p1b: Gallade\n|-activate|p1b: Gallade|move: Protect\n|\n|-heal|p2a: Rotom|12/100|[from] item: Leftovers\n|upkeep\n|turn|7\n|\n|t:|1776462605\n|move|p2b: Kingambit|Protect|p2b: Kingambit\n|-singleturn|p2b: Kingambit|Protect\n|move|p1b: Gallade|Upper Hand||[still]\n|-fail|p1b: Gallade\n|move|p1a: Aerodactyl|Tailwind|p1a: Aerodactyl\n|-sidestart|p1: jakeofonline|move: Tailwind\n|move|p2a: Rotom|Volt Switch|p1a: Aerodactyl\n|-supereffective|p1a: Aerodactyl|1\n|-damage|p1a: Aerodactyl|0 fnt\n|faint|p1a: Aerodactyl\n|\n|t:|1776462617\n|switch|p2a: Glimmora|Glimmora, L50, F|100/100|[from] Volt Switch\n|\n|upkeep\n|\n|t:|1776462623\n|switch|p1a: Chandelure|Chandelure, L50, M|51/100 par\n|turn|8\n|inactive|jakeofonline has 30 seconds left.\n|\n|t:|1776462650\n|switch|p2b: Rotom|Rotom-Wash, L50|12/100\n|detailschange|p2a: Glimmora|Glimmora-Mega, L50, F\n|-mega|p2a: Glimmora|Glimmora|Glimmoranite\n|detailschange|p1a: Chandelure|Chandelure-Mega, L50, M\n|-mega|p1a: Chandelure|Chandelure|Chandelurite\n|move|p1b: Gallade|Upper Hand||[still]\n|-fail|p1b: Gallade\n|move|p2a: Glimmora|Earth Power|p1a: Chandelure\n|-supereffective|p1a: Chandelure|1\n|-crit|p1a: Chandelure\n|-damage|p1a: Chandelure|0 fnt\n|faint|p1a: Chandelure\n|\n|-heal|p2b: Rotom|18/100|[from] item: Leftovers\n|upkeep\n|\n|t:|1776462658\n|switch|p1a: Oranguru|Oranguru, L50, M|100/100\n|turn|9\n|\n|t:|1776462671\n|move|p1b: Gallade|Protect|p1b: Gallade\n|-singleturn|p1b: Gallade|Protect\n|move|p2a: Glimmora|Spiky Shield|p2a: Glimmora\n|-singleturn|p2a: Glimmora|move: Protect\n|move|p1a: Oranguru|Hyper Voice|p2b: Rotom|[spread] p2b\n|-activate|p2a: Glimmora|move: Protect\n|-damage|p2b: Rotom|0 fnt\n|faint|p2b: Rotom\n|\n|upkeep\n|\n|t:|1776462680\n|switch|p2b: Kingambit|Kingambit, L50, M|100/100\n|turn|10\n|\n|t:|1776462692\n|move|p1b: Gallade|Psycho Cut|p2a: Glimmora\n|-supereffective|p2a: Glimmora|1\n|-crit|p2a: Glimmora\n|-damage|p2a: Glimmora|0 fnt\n|faint|p2a: Glimmora\n|move|p1a: Oranguru|Yawn|p2b: Kingambit\n|-start|p2b: Kingambit|move: Yawn|[of] p1a: Oranguru\n|move|p2b: Kingambit|Kowtow Cleave|p1a: Oranguru\n|-supereffective|p1a: Oranguru|1\n|-damage|p1a: Oranguru|0 fnt\n|faint|p1a: Oranguru\n|\n|-sideend|p1: jakeofonline|move: Tailwind\n|upkeep\n|turn|11\n|\n|t:|1776462705\n|move|p1b: Gallade|Upper Hand|p2b: Kingambit\n|-supereffective|p2b: Kingambit|2\n|-damage|p2b: Kingambit|29/100\n|cant|p2b: Kingambit|flinch\n|\n|-end|p2b: Kingambit|move: Yawn|[silent]\n|-status|p2b: Kingambit|slp\n|upkeep\n|turn|12\n|\n|t:|1776462712\n|cant|p2b: Kingambit|slp\n|move|p1b: Gallade|Close Combat|p2b: Kingambit\n|-supereffective|p2b: Kingambit|2\n|-damage|p2b: Kingambit|0 fnt\n|-unboost|p1b: Gallade|def|1\n|-unboost|p1b: Gallade|spd|1\n|faint|p2b: Kingambit\n|\n|win|jakeofonline\n|raw|jakeofonline's rating: 1200 &rarr; <strong>1223</strong><br />(+23 for winning)\n|raw|OldManBallin26's rating: 1176 &rarr; <strong>1153</strong><br />(-23 for losing)\n",
  "uploadtime": 1776462715,
  "views": 27,
  "formatid": "gen9championsvgc2026regma",
  "rating": 1153,
  "private": 0,
  "password": null
}