{
  "id": "gen9championsvgc2026regma-2582880803",
  "format": "[Gen 9 Champions] VGC 2026 Reg M-A",
  "players": [
    "heresymachine",
    "Shortslover69"
  ],
  "log": "|j|\u2606heresymachine\n|j|\u2606Shortslover69\n|t:|1776121603\n|gametype|doubles\n|player|p1|heresymachine|plasmagruntf|1154\n|player|p2|Shortslover69|youngster-gen4dp|1103\n|gen|9\n|tier|[Gen 9 Champions] VGC 2026 Reg M-A\n|rated|\n|rule|Species Clause: Limit one of each Pok\u00e9mon\n|rule|Item Clause: Limit 1 of each item\n|clearpoke\n|poke|p1|Sinistcha, L50|\n|poke|p1|Empoleon, L50, F|\n|poke|p1|Incineroar, L50, F|\n|poke|p1|Aerodactyl, L50, F|\n|poke|p1|Farigiraf, L50, F|\n|poke|p1|Aggron, L50, F|\n|poke|p2|Gardevoir, L50, F|\n|poke|p2|Sneasler, L50, F|\n|poke|p2|Whimsicott, L50, F|\n|poke|p2|Farigiraf, L50, M|\n|poke|p2|Kingambit, L50, F|\n|poke|p2|Basculegion, L50, M|\n|teampreview|4\n|inactive|Battle timer is ON: inactive players will automatically lose when time's up. (requested by Shortslover69)\n|\n|t:|1776121629\n|teamsize|p1|4\n|teamsize|p2|4\n|start\n|switch|p1a: Incineroar|Incineroar, L50, F|100/100\n|switch|p1b: Empoleon|Empoleon, L50, F|100/100\n|switch|p2a: Oody|Whimsicott, L50, F, shiny|100/100\n|switch|p2b: Unhappy Angel|Gardevoir, L50, F, shiny|100/100\n|-ability|p1a: Incineroar|Intimidate|boost\n|-unboost|p2a: Oody|atk|1\n|-unboost|p2b: Unhappy Angel|atk|1\n|turn|1\n|inactive|Shortslover69 has 30 seconds left.\n|\n|t:|1776121661\n|detailschange|p2b: Unhappy Angel|Gardevoir-Mega, L50, F, shiny\n|-mega|p2b: Unhappy Angel|Gardevoir|Gardevoirite\n|move|p2b: Unhappy Angel|Protect|p2b: Unhappy Angel\n|-singleturn|p2b: Unhappy Angel|Protect\n|move|p1a: Incineroar|Fake Out|p2a: Oody\n|-damage|p2a: Oody|86/100\n|cant|p2a: Oody|flinch\n|move|p1b: Empoleon|Flash Cannon|p2b: Unhappy Angel\n|-activate|p2b: Unhappy Angel|move: Protect\n|\n|upkeep\n|turn|2\n|\n|t:|1776121681\n|switch|p2b: Ryuko|Kingambit, L50, F, shiny|100/100\n|move|p2a: Oody|Tailwind|p2a: Oody\n|-sidestart|p2: Shortslover69|move: Tailwind\n|move|p1a: Incineroar|Flare Blitz|p2a: Oody\n|-supereffective|p2a: Oody|1\n|-damage|p2a: Oody|0 fnt\n|faint|p2a: Oody\n|-damage|p1a: Incineroar|73/100|[from] Recoil\n|move|p1b: Empoleon|Flash Cannon|p2b: Ryuko\n|-resisted|p2b: Ryuko|1\n|-damage|p2b: Ryuko|81/100\n|-unboost|p2b: Ryuko|spd|1\n|-ability|p2b: Ryuko|Defiant|boost\n|-boost|p2b: Ryuko|atk|2\n|\n|upkeep\n|\n|t:|1776121701\n|switch|p2a: Unhappy Angel|Gardevoir-Mega, L50, F, shiny|100/100\n|turn|3\n|\n|t:|1776121720\n|move|p2a: Unhappy Angel|Protect|p2a: Unhappy Angel\n|-singleturn|p2a: Unhappy Angel|Protect\n|move|p1a: Incineroar|Protect|p1a: Incineroar\n|-singleturn|p1a: Incineroar|Protect\n|move|p1b: Empoleon|Protect|p1b: Empoleon\n|-singleturn|p1b: Empoleon|Protect\n|move|p2b: Ryuko|Brick Break|p1a: Incineroar\n|-activate|p1a: Incineroar|move: Protect\n|\n|upkeep\n|turn|4\n|inactive|heresymachine has 30 seconds left.\n|\n|t:|1776121751\n|switch|p1b: Aggron|Aggron, L50, F|100/100\n|move|p2a: Unhappy Angel|Hyper Voice|p1b: Aggron|[spread] p1a,p1b\n|-resisted|p1b: Aggron|1\n|-damage|p1a: Incineroar|18/100\n|-damage|p1b: Aggron|65/100\n|move|p2b: Ryuko|Kowtow Cleave|p1a: Incineroar\n|-resisted|p1a: Incineroar|1\n|-damage|p1a: Incineroar|0 fnt\n|faint|p1a: Incineroar\n|\n|upkeep\n|\n|t:|1776121766\n|switch|p1a: Empoleon|Empoleon, L50, F|100/100\n|turn|5\n|\n|t:|1776121778\n|detailschange|p1b: Aggron|Aggron-Mega, L50, F\n|-mega|p1b: Aggron|Aggron|Aggronite\n|move|p2a: Unhappy Angel|Aura Sphere|p1b: Aggron\n|-supereffective|p1b: Aggron|1\n|-damage|p1b: Aggron|4/100\n|move|p2b: Ryuko|Kowtow Cleave|p1a: Empoleon\n|-damage|p1a: Empoleon|0 fnt\n|faint|p1a: Empoleon\n|move|p1b: Aggron|Body Press|p2b: Ryuko\n|-supereffective|p2b: Ryuko|2\n|-damage|p2b: Ryuko|0 fnt\n|faint|p2b: Ryuko\n|\n|-sideend|p2: Shortslover69|move: Tailwind\n|upkeep\n|\n|t:|1776121789\n|switch|p2b: Fih|Basculegion, L50, M|100/100\n|switch|p1a: Sinistcha|Sinistcha, L50|100/100\n|-heal|p1b: Aggron|29/100|[from] ability: Hospitality|[of] p1a: Sinistcha\n|turn|6\n|\n|t:|1776121805\n|move|p1a: Sinistcha|Rage Powder|p1a: Sinistcha\n|-singleturn|p1a: Sinistcha|move: Rage Powder\n|move|p2b: Fih|Last Respects|p1a: Sinistcha\n|-supereffective|p1a: Sinistcha|1\n|-damage|p1a: Sinistcha|0 fnt\n|faint|p1a: Sinistcha\n|move|p2a: Unhappy Angel|Hyper Voice|p1b: Aggron\n|-resisted|p1b: Aggron|1\n|-damage|p1b: Aggron|0 fnt\n|faint|p1b: Aggron\n|\n|win|Shortslover69\n|raw|heresymachine's rating: 1154 &rarr; <strong>1125</strong><br />(-29 for losing)\n|raw|Shortslover69's rating: 1103 &rarr; <strong>1132</strong><br />(+29 for winning)\n|l|\u2606heresymachine\n|player|p1|\n",
  "uploadtime": 1776121816,
  "views": 14,
  "formatid": "gen9championsvgc2026regma",
  "rating": 1125,
  "private": 0,
  "password": null
}