{
  "id": "gen9championsvgc2026regma-2581124078",
  "format": "[Gen 9 Champions] VGC 2026 Reg M-A",
  "players": [
    "Lord Penn",
    "bmartdaking"
  ],
  "log": "|j|\u2606Lord Penn\n|j|\u2606bmartdaking\n|t:|1775962179\n|gametype|doubles\n|player|p1|Lord Penn|penny|1174\n|player|p2|bmartdaking|265|1229\n|gen|9\n|tier|[Gen 9 Champions] VGC 2026 Reg M-A\n|rated|\n|rule|Species Clause: Limit one of each Pok\u00e9mon\n|rule|Item Clause: Limit 1 of each item\n|clearpoke\n|poke|p1|Aerodactyl, L50, M|\n|poke|p1|Garchomp, L50, M|\n|poke|p1|Delphox, L50, M|\n|poke|p1|Farigiraf, L50, F|\n|poke|p1|Rotom-Wash, L50|\n|poke|p1|Maushold-Four, L50|\n|poke|p2|Oranguru, L50, M|\n|poke|p2|Gardevoir, L50, M|\n|poke|p2|Incineroar, L50, M|\n|poke|p2|Sinistcha, L50|\n|poke|p2|Sneasler, L50, F|\n|poke|p2|Torkoal, L50, M|\n|teampreview|4\n|\n|t:|1775962210\n|teamsize|p1|4\n|teamsize|p2|4\n|start\n|switch|p1a: Farigiraf|Farigiraf, L50, F|100/100\n|switch|p1b: Delphox|Delphox, L50, M|100/100\n|switch|p2a: Oranguru|Oranguru, L50, M|100/100\n|switch|p2b: Gardevoir|Gardevoir, L50, M|100/100\n|-ability|p2b: Gardevoir|Blaze|Trace|[from] ability: Trace|[of] p1b: Delphox\n|turn|1\n|\n|t:|1775962250\n|detailschange|p1b: Delphox|Delphox-Mega, L50, M\n|-mega|p1b: Delphox|Delphox|Delphoxite\n|detailschange|p2b: Gardevoir|Gardevoir-Mega, L50, M\n|-mega|p2b: Gardevoir|Gardevoir|Gardevoirite\n|move|p1a: Farigiraf|Helping Hand|p1b: Delphox\n|-singleturn|p1b: Delphox|Helping Hand|[of] p1a: Farigiraf\n|move|p1b: Delphox|Heat Wave|p2b: Gardevoir|[spread] p2a,p2b\n|-damage|p2a: Oranguru|53/100\n|-damage|p2b: Gardevoir|47/100\n|-status|p2a: Oranguru|brn\n|move|p2b: Gardevoir|Calm Mind|p2b: Gardevoir\n|-boost|p2b: Gardevoir|spa|1\n|-boost|p2b: Gardevoir|spd|1\n|move|p2a: Oranguru|Trick Room|p2a: Oranguru\n|-fieldstart|move: Trick Room|[of] p2a: Oranguru\n|\n|-damage|p2a: Oranguru|47/100 brn|[from] brn\n|upkeep\n|turn|2\n|\n|t:|1775962279\n|switch|p1a: Maushold|Maushold-Four, L50|100/100\n|move|p2a: Oranguru|Instruct|p2b: Gardevoir\n|-singleturn|p2b: Gardevoir|move: Instruct|[of] p2a: Oranguru\n|move|p2b: Gardevoir|Calm Mind|p2b: Gardevoir\n|-boost|p2b: Gardevoir|spa|1\n|-boost|p2b: Gardevoir|spd|1\n|move|p2b: Gardevoir|Hyper Voice|p1b: Delphox|[spread] p1a,p1b\n|-resisted|p1b: Delphox|1\n|-damage|p1a: Maushold|0 fnt\n|-damage|p1b: Delphox|57/100\n|faint|p1a: Maushold\n|move|p1b: Delphox|Heat Wave|p2b: Gardevoir|[spread] p2a,p2b\n|-damage|p2a: Oranguru|12/100 brn\n|-damage|p2b: Gardevoir|27/100\n|-status|p2b: Gardevoir|brn\n|\n|-damage|p2a: Oranguru|6/100 brn|[from] brn\n|-damage|p2b: Gardevoir|21/100 brn|[from] brn\n|upkeep\n|\n|t:|1775962297\n|switch|p1a: Rotom|Rotom-Wash, L50|100/100\n|turn|3\n|\n|t:|1775962304\n|move|p1b: Delphox|Protect|p1b: Delphox\n|-singleturn|p1b: Delphox|Protect\n|move|p2a: Oranguru|Instruct|p2b: Gardevoir\n|-singleturn|p2b: Gardevoir|move: Instruct|[of] p2a: Oranguru\n|move|p2b: Gardevoir|Hyper Voice|p1b: Delphox|[spread] p1a\n|-activate|p1b: Delphox|move: Protect\n|-damage|p1a: Rotom|15/100\n|move|p1a: Rotom|Thunderbolt|p2b: Gardevoir\n|-damage|p2b: Gardevoir|7/100 brn\n|move|p2b: Gardevoir|Hyper Voice|p1a: Rotom|[spread] p1a\n|-activate|p1b: Delphox|move: Protect\n|-damage|p1a: Rotom|0 fnt\n|faint|p1a: Rotom\n|\n|-damage|p2a: Oranguru|0 fnt|[from] brn\n|faint|p2a: Oranguru\n|-damage|p2b: Gardevoir|1/100 brn|[from] brn\n|upkeep\n|\n|t:|1775962325\n|switch|p2a: Sinistcha|Sinistcha, L50|100/100\n|switch|p1a: Farigiraf|Farigiraf, L50, F|100/100\n|-heal|p2b: Gardevoir|26/100 brn|[from] ability: Hospitality|[of] p2a: Sinistcha\n|turn|4\n|\n|t:|1775962337\n|move|p1b: Delphox|Protect|p1b: Delphox\n|-singleturn|p1b: Delphox|Protect\n|move|p2a: Sinistcha|Rage Powder|p2a: Sinistcha\n|-singleturn|p2a: Sinistcha|move: Rage Powder\n|move|p1a: Farigiraf|Hyper Voice|p2a: Sinistcha|[spread] p2b\n|-immune|p2a: Sinistcha\n|-damage|p2b: Gardevoir|14/100 brn\n|move|p2b: Gardevoir|Hyper Voice|p1a: Farigiraf|[spread] p1a\n|-activate|p1b: Delphox|move: Protect\n|-damage|p1a: Farigiraf|0 fnt\n|faint|p1a: Farigiraf\n|\n|-damage|p2b: Gardevoir|8/100 brn|[from] brn\n|upkeep\n|turn|5\n|-message|Lord Penn forfeited.\n|\n|win|bmartdaking\n|raw|Lord Penn's rating: 1174 &rarr; <strong>1153</strong><br />(-21 for losing)\n|raw|bmartdaking's rating: 1229 &rarr; <strong>1250</strong><br />(+21 for winning)\n|l|\u2606Lord Penn\n|player|p1|\n",
  "uploadtime": 1775962354,
  "views": 14,
  "formatid": "gen9championsvgc2026regma",
  "rating": 1153,
  "private": 0,
  "password": null
}