{
  "id": "gen9championsvgc2026regma-2587524154",
  "format": "[Gen 9 Champions] VGC 2026 Reg M-A",
  "players": [
    "artvtyb",
    "shaulas0lid"
  ],
  "log": "|j|\u2606artvtyb\n|j|\u2606shaulas0lid\n|t:|1776539190\n|gametype|doubles\n|player|p1|artvtyb|unknown|1000\n|player|p2|shaulas0lid|aromalady|1097\n|gen|9\n|tier|[Gen 9 Champions] VGC 2026 Reg M-A\n|rated|\n|rule|Species Clause: Limit one of each Pok\u00e9mon\n|rule|Item Clause: Limit 1 of each item\n|clearpoke\n|poke|p1|Tyranitar, L50, M|\n|poke|p1|Excadrill, L50, F|\n|poke|p1|Sinistcha, L50|\n|poke|p1|Incineroar, L50, M|\n|poke|p1|Corviknight, L50, M|\n|poke|p1|Garchomp, L50, F|\n|poke|p2|Farigiraf, L50, M, shiny|\n|poke|p2|Crabominable, L50, M, shiny|\n|poke|p2|Slowking-Galar, L50, F|\n|poke|p2|Milotic, L50, F|\n|poke|p2|Golurk, L50|\n|poke|p2|Sinistcha-Masterpiece, L50|\n|teampreview|4\n|inactive|Battle timer is ON: inactive players will automatically lose when time's up. (requested by artvtyb)\n|inactive|artvtyb has 60 seconds left.\n|inactive|shaulas0lid has 60 seconds left.\n|inactive|shaulas0lid has 30 seconds left.\n|\n|t:|1776539260\n|teamsize|p1|4\n|teamsize|p2|4\n|start\n|switch|p1a: Tyranitar|Tyranitar, L50, M|100/100\n|switch|p1b: Excadrill|Excadrill, L50, F|100/100\n|switch|p2a: Milotic|Milotic, L50, F|100/100\n|switch|p2b: Slowking|Slowking-Galar, L50, F|100/100\n|-weather|Sandstorm|[from] ability: Sand Stream|[of] p1a: Tyranitar\n|turn|1\n|inactive|artvtyb has 30 seconds left.\n|inactive|artvtyb has 20 seconds left.\n|inactive|artvtyb has 15 seconds left.\n|inactive|shaulas0lid has 30 seconds left.\n|\n|t:|1776539310\n|detailschange|p1a: Tyranitar|Tyranitar-Mega, L50, M\n|-mega|p1a: Tyranitar|Tyranitar|Tyranitarite\n|move|p2b: Slowking|Protect|p2b: Slowking\n|-singleturn|p2b: Slowking|Protect\n|move|p1b: Excadrill|Drill Run|p2b: Slowking\n|-activate|p2b: Slowking|move: Protect\n|move|p2a: Milotic|Scald|p1a: Tyranitar\n|-supereffective|p1a: Tyranitar|1\n|-damage|p1a: Tyranitar|62/100\n|move|p1a: Tyranitar|Rock Slide|p2a: Milotic|[spread] p2a\n|-activate|p2b: Slowking|move: Protect\n|-damage|p2a: Milotic|66/100\n|\n|-weather|Sandstorm|[upkeep]\n|-damage|p2a: Milotic|60/100|[from] Sandstorm\n|-damage|p2b: Slowking|95/100|[from] Sandstorm\n|-heal|p2a: Milotic|66/100|[from] item: Leftovers\n|upkeep\n|turn|2\n|inactive|artvtyb has 30 seconds left.\n|\n|t:|1776539335\n|switch|p2b: Sinistcha|Sinistcha-Masterpiece, L50|100/100\n|-heal|p2a: Milotic|91/100|[from] ability: Hospitality|[of] p2b: Sinistcha\n|move|p2a: Milotic|Protect|p2a: Milotic\n|-singleturn|p2a: Milotic|Protect\n|move|p1a: Tyranitar|Protect|p1a: Tyranitar\n|-singleturn|p1a: Tyranitar|Protect\n|move|p1b: Excadrill|Earthquake|p2a: Milotic|[spread] p2b\n|-activate|p1a: Tyranitar|move: Protect\n|-activate|p2a: Milotic|move: Protect\n|-resisted|p2b: Sinistcha|1\n|-damage|p2b: Sinistcha|85/100\n|\n|-weather|Sandstorm|[upkeep]\n|-damage|p2a: Milotic|85/100|[from] Sandstorm\n|-damage|p2b: Sinistcha|79/100|[from] Sandstorm\n|-heal|p2a: Milotic|91/100|[from] item: Leftovers\n|upkeep\n|turn|3\n|inactive|artvtyb has 30 seconds left.\n|inactive|artvtyb has 20 seconds left.\n|inactive|artvtyb has 15 seconds left.\n|inactive|shaulas0lid has 30 seconds left.\n|\n|t:|1776539378\n|move|p1b: Excadrill|Iron Head|p2b: Sinistcha\n|-damage|p2b: Sinistcha|44/100\n|-enditem|p2b: Sinistcha|Sitrus Berry|[eat]\n|-heal|p2b: Sinistcha|68/100|[from] item: Sitrus Berry\n|move|p2a: Milotic|Scald|p1b: Excadrill\n|-supereffective|p1b: Excadrill|1\n|-damage|p1b: Excadrill|7/100\n|-status|p1b: Excadrill|brn\n|move|p1a: Tyranitar|Assurance|p2b: Sinistcha\n|-supereffective|p2b: Sinistcha|1\n|-damage|p2b: Sinistcha|0 fnt\n|faint|p2b: Sinistcha\n|\n|-weather|Sandstorm|[upkeep]\n|-damage|p2a: Milotic|85/100|[from] Sandstorm\n|-heal|p2a: Milotic|91/100|[from] item: Leftovers\n|-damage|p1b: Excadrill|2/100 brn|[from] brn\n|upkeep\n|\n|t:|1776539392\n|switch|p2b: Slowking|Slowking-Galar, L50, F|100/100\n|turn|4\n|inactive|artvtyb has 30 seconds left.\n|\n|t:|1776539421\n|move|p2b: Slowking|Protect|p2b: Slowking\n|-singleturn|p2b: Slowking|Protect\n|move|p1b: Excadrill|Earthquake|p2b: Slowking|[spread] p1a,p2a\n|-activate|p2b: Slowking|move: Protect\n|-supereffective|p1a: Tyranitar|1\n|-damage|p1a: Tyranitar|36/100\n|-damage|p2a: Milotic|71/100\n|move|p2a: Milotic|Scald|p1a: Tyranitar\n|-supereffective|p1a: Tyranitar|1\n|-damage|p1a: Tyranitar|4/100\n|-status|p1a: Tyranitar|brn\n|move|p1a: Tyranitar|Assurance|p2b: Slowking\n|-activate|p2b: Slowking|move: Protect\n|\n|-weather|Sandstorm|[upkeep]\n|-damage|p2a: Milotic|65/100|[from] Sandstorm\n|-damage|p2b: Slowking|95/100|[from] Sandstorm\n|-heal|p2a: Milotic|71/100|[from] item: Leftovers\n|-damage|p1b: Excadrill|0 fnt|[from] brn\n|faint|p1b: Excadrill\n|-damage|p1a: Tyranitar|0 fnt|[from] brn\n|faint|p1a: Tyranitar\n|upkeep\n|\n|t:|1776539429\n|switch|p1b: Sinistcha|Sinistcha, L50|100/100\n|switch|p1a: Corviknight|Corviknight, L50, M|100/100\n|turn|5\n|inactive|shaulas0lid has 30 seconds left.\n|\n|t:|1776539455\n|move|p2a: Milotic|Protect|p2a: Milotic\n|-singleturn|p2a: Milotic|Protect\n|move|p1b: Sinistcha|Matcha Gotcha|p2a: Milotic|[spread] \n|-activate|p2a: Milotic|move: Protect\n|-miss|p1b: Sinistcha|p2b: Slowking\n|move|p1a: Corviknight|Iron Defense|p1a: Corviknight\n|-boost|p1a: Corviknight|def|2\n|move|p2b: Slowking|Trick Room|p2b: Slowking\n|-fieldstart|move: Trick Room|[of] p2b: Slowking\n|\n|-weather|none\n|-heal|p2a: Milotic|77/100|[from] item: Leftovers\n|upkeep\n|turn|6\n|inactive|artvtyb has 30 seconds left.\n|\n|t:|1776539485\n|-prepare|p2b: Slowking|Chilly Reception|[premajor]\n|move|p2b: Slowking|Chilly Reception|p2b: Slowking\n|-weather|Snowscape\n|\n|t:|1776539492\n|switch|p2b: Crabominable|Crabominable, L50, M, shiny|100/100|[from] Chilly Reception\n|move|p1a: Corviknight|Iron Defense|p1a: Corviknight\n|-boost|p1a: Corviknight|def|2\n|move|p1b: Sinistcha|Life Dew||[still]|[still]|[spread] \n|-fail|p1a: Corviknight|heal\n|-fail|p1b: Sinistcha|heal\n|move|p2a: Milotic|Scald|p1a: Corviknight\n|-damage|p1a: Corviknight|66/100\n|\n|-weather|Snowscape|[upkeep]\n|-heal|p1a: Corviknight|72/100|[from] item: Leftovers\n|-heal|p2a: Milotic|83/100|[from] item: Leftovers\n|upkeep\n|turn|7\n|\n|t:|1776539514\n|detailschange|p2b: Crabominable|Crabominable-Mega, L50, M, shiny\n|-mega|p2b: Crabominable|Crabominable|Crabominite\n|move|p2b: Crabominable|Ice Hammer|p1b: Sinistcha\n|-supereffective|p1b: Sinistcha|1\n|-damage|p1b: Sinistcha|0 fnt\n|-unboost|p2b: Crabominable|spe|1\n|faint|p1b: Sinistcha\n|move|p1a: Corviknight|Iron Defense|p1a: Corviknight\n|-boost|p1a: Corviknight|def|2\n|move|p2a: Milotic|Scald|p1a: Corviknight\n|-damage|p1a: Corviknight|41/100\n|\n|-weather|Snowscape|[upkeep]\n|-heal|p1a: Corviknight|47/100|[from] item: Leftovers\n|-heal|p2a: Milotic|89/100|[from] item: Leftovers\n|upkeep\n|turn|8\n|-message|artvtyb forfeited.\n|\n|win|shaulas0lid\n|raw|artvtyb's rating: 1000 &rarr; <strong>1000</strong><br />(+0 for losing)\n|raw|shaulas0lid's rating: 1097 &rarr; <strong>1116</strong><br />(+19 for winning)\n|l|\u2606artvtyb\n|player|p1|\n|l|\u2606shaulas0lid\n|player|p2|\n|j|\u2606shaulas0lid\n|player|p2|shaulas0lid|aromalady|\n",
  "uploadtime": 1776539586,
  "views": 23,
  "formatid": "gen9championsvgc2026regma",
  "rating": 1000,
  "private": 0,
  "password": null
}