{
  "id": "gen9championsvgc2026regma-2588252946",
  "format": "[Gen 9 Champions] VGC 2026 Reg M-A",
  "players": [
    "Gontzal4237",
    "ronjansje"
  ],
  "log": "|j|\u2606Gontzal4237\n|j|\u2606ronjansje\n|t:|1776618290\n|gametype|doubles\n|player|p1|Gontzal4237|veteran|1345\n|player|p2|ronjansje|ninjaboy|1440\n|gen|9\n|tier|[Gen 9 Champions] VGC 2026 Reg M-A\n|rated|\n|rule|Species Clause: Limit one of each Pok\u00e9mon\n|rule|Item Clause: Limit 1 of each item\n|clearpoke\n|poke|p1|Archaludon, L50, F|\n|poke|p1|Garchomp, L50, M|\n|poke|p1|Basculegion, L50, M, shiny|\n|poke|p1|Floette-Eternal, L50, F|\n|poke|p1|Pelipper, L50, M|\n|poke|p1|Sinistcha, L50|\n|poke|p2|Farigiraf, L50, M|\n|poke|p2|Camerupt, L50, F|\n|poke|p2|Maushold-Four, L50|\n|poke|p2|Sylveon, L50, F|\n|poke|p2|Kingambit, L50, M|\n|poke|p2|Dragonite, L50, F|\n|teampreview|4\n|inactive|Battle timer is ON: inactive players will automatically lose when time's up. (requested by ronjansje)\nronjansje rejected open team sheets.\n|\n|t:|1776618357\n|teamsize|p1|4\n|teamsize|p2|4\n|start\n|switch|p1a: Basculegion|Basculegion, L50, M, shiny|100/100\n|switch|p1b: Floette|Floette-Eternal, L50, F|100/100\n|switch|p2a: Farigiraf|Farigiraf, L50, M|100/100\n|switch|p2b: Maushold|Maushold-Four, L50|100/100\n|turn|1\n|inactive|Gontzal4237 has 30 seconds left.\n|\n|t:|1776618389\n|detailschange|p1b: Floette|Floette-Mega, L50, F\n|-mega|p1b: Floette|Floette|Floettite\n|-ability|p1b: Floette|Fairy Aura\n|move|p2a: Farigiraf|Protect|p2a: Farigiraf\n|-singleturn|p2a: Farigiraf|Protect\n|move|p1a: Basculegion|Wave Crash|p2b: Maushold\n|-enditem|p2b: Maushold|Focus Sash\n|-damage|p2b: Maushold|1/100\n|-damage|p1a: Basculegion|71/100|[from] Recoil\n|move|p2b: Maushold|Super Fang|p1b: Floette\n|-damage|p1b: Floette|51/100\n|move|p1b: Floette|Calm Mind|p1b: Floette\n|-boost|p1b: Floette|spa|1\n|-boost|p1b: Floette|spd|1\n|\n|upkeep\n|turn|2\n|\n|t:|1776618412\n|move|p1a: Basculegion|Wave Crash|p2a: Farigiraf\n|-damage|p2a: Farigiraf|49/100\n|-enditem|p2a: Farigiraf|Sitrus Berry|[eat]\n|-heal|p2a: Farigiraf|73/100|[from] item: Sitrus Berry\n|-damage|p1a: Basculegion|52/100|[from] Recoil\n|move|p2b: Maushold|After You|p2a: Farigiraf\n|-activate|p2a: Farigiraf|move: After You\n|move|p2a: Farigiraf|Trick Room|p2a: Farigiraf\n|-fieldstart|move: Trick Room|[of] p2a: Farigiraf\n|move|p1b: Floette|Dazzling Gleam|p2b: Maushold|[spread] p2a,p2b\n|-damage|p2a: Farigiraf|18/100\n|-damage|p2b: Maushold|0 fnt\n|faint|p2b: Maushold\n|\n|upkeep\n|\n|t:|1776618429\n|switch|p2b: Kingambit|Kingambit, L50, M|100/100\n|turn|3\n|\n|t:|1776618446\n|switch|p2a: Sylveon|Sylveon, L50, F|100/100\n|switch|p1a: Sinistcha|Sinistcha, L50|100/100\n|-heal|p1b: Floette|76/100|[from] ability: Hospitality|[of] p1a: Sinistcha\n|move|p2b: Kingambit|Kowtow Cleave|p1a: Sinistcha\n|-supereffective|p1a: Sinistcha|1\n|-damage|p1a: Sinistcha|0 fnt\n|faint|p1a: Sinistcha\n|move|p1b: Floette|Dazzling Gleam|p2a: Sylveon|[spread] p2a,p2b\n|-damage|p2a: Sylveon|42/100\n|-damage|p2b: Kingambit|19/100\n|\n|upkeep\n|\n|t:|1776618462\n|switch|p1a: Basculegion|Basculegion, L50, M, shiny|52/100\n|turn|4\n|\n|t:|1776618467\n|switch|p2a: Farigiraf|Farigiraf, L50, M|18/100\n|move|p1a: Basculegion|Aqua Jet||[still]\n|cant|p2a: Farigiraf|ability: Armor Tail|Aqua Jet|[of] p1a: Basculegion\n|move|p2b: Kingambit|Iron Head|p1b: Floette\n|-supereffective|p1b: Floette|1\n|-damage|p1b: Floette|0 fnt\n|faint|p1b: Floette\n|\n|upkeep\n|c|\u2606Gontzal4237|nice\n|c|\u2606Gontzal4237|that was a good play\n|\n|t:|1776618485\n|switch|p1b: Garchomp|Garchomp, L50, M|100/100\n|turn|5\n|\n|t:|1776618506\n|move|p2a: Farigiraf|Protect|p2a: Farigiraf\n|-singleturn|p2a: Farigiraf|Protect\n|move|p1a: Basculegion|Aqua Jet||[still]\n|cant|p2a: Farigiraf|ability: Armor Tail|Aqua Jet|[of] p1a: Basculegion\n|move|p2b: Kingambit|Kowtow Cleave|p1b: Garchomp\n|-damage|p1b: Garchomp|51/100\n|-damage|p2b: Kingambit|7/100|[from] ability: Rough Skin|[of] p1b: Garchomp\n|move|p1b: Garchomp|Earthquake|p2a: Farigiraf|[spread] p1a,p2b\n|-activate|p2a: Farigiraf|move: Protect\n|-supereffective|p2b: Kingambit|1\n|-damage|p1a: Basculegion|5/100\n|-damage|p2b: Kingambit|0 fnt\n|faint|p2b: Kingambit\n|\n|upkeep\n|\n|t:|1776618517\n|switch|p2b: Sylveon|Sylveon, L50, F|42/100\n|turn|6\n|\n|t:|1776618538\n|move|p1b: Garchomp|Protect|p1b: Garchomp\n|-singleturn|p1b: Garchomp|Protect\n|move|p1a: Basculegion|Aqua Jet||[still]\n|cant|p2a: Farigiraf|ability: Armor Tail|Aqua Jet|[of] p1a: Basculegion\n|move|p2a: Farigiraf|Hyper Voice|p1a: Basculegion|[spread] \n|-activate|p1b: Garchomp|move: Protect\n|-immune|p1a: Basculegion\n|move|p2b: Sylveon|Hyper Voice|p1a: Basculegion|[spread] p1a\n|-activate|p1b: Garchomp|move: Protect\n|-damage|p1a: Basculegion|0 fnt\n|faint|p1a: Basculegion\n|\n|-fieldend|move: Trick Room\n|upkeep\n|turn|7\n|\n|t:|1776618552\n|move|p2b: Sylveon|Quick Attack|p1b: Garchomp\n|-supereffective|p1b: Garchomp|1\n|-damage|p1b: Garchomp|22/100\n|-damage|p2b: Sylveon|30/100|[from] ability: Rough Skin|[of] p1b: Garchomp\n|move|p1b: Garchomp|Earthquake|p2a: Farigiraf|[spread] p2a,p2b\n|-damage|p2a: Farigiraf|0 fnt\n|-damage|p2b: Sylveon|0 fnt\n|faint|p2a: Farigiraf\n|faint|p2b: Sylveon\n|\n|win|Gontzal4237\n|raw|Gontzal4237's rating: 1345 &rarr; <strong>1370</strong><br />(+25 for winning)\n|raw|ronjansje's rating: 1440 &rarr; <strong>1415</strong><br />(-25 for losing)\n|l|\u2606ronjansje\n|player|p2|\n|c|\u2606Gontzal4237|gg\n",
  "uploadtime": 1776618563,
  "views": 18,
  "formatid": "gen9championsvgc2026regma",
  "rating": 1370,
  "private": 0,
  "password": null
}