{
  "id": "gen9championsvgc2026regma-2583740281",
  "format": "[Gen 9 Champions] VGC 2026 Reg M-A",
  "players": [
    "TeaTimeTrainer",
    "benniOVYalt"
  ],
  "log": "|j|\u2606TeaTimeTrainer\n|j|\u2606benniOVYalt\n|t:|1776194477\n|gametype|doubles\n|player|p1|TeaTimeTrainer|266|1352\n|player|p2|benniOVYalt|psychic-gen4|1299\n|gen|9\n|tier|[Gen 9 Champions] VGC 2026 Reg M-A\n|rated|\n|rule|Species Clause: Limit one of each Pok\u00e9mon\n|rule|Item Clause: Limit 1 of each item\n|clearpoke\n|poke|p1|Floette-Eternal, L50, F|\n|poke|p1|Sneasler, L50, M|\n|poke|p1|Garchomp, L50, M|\n|poke|p1|Aerodactyl, L50, F|\n|poke|p1|Rotom-Wash, L50|\n|poke|p1|Incineroar, L50, F|\n|poke|p2|Tyranitar, L50, M|\n|poke|p2|Garchomp, L50, M|\n|poke|p2|Milotic, L50, M|\n|poke|p2|Incineroar, L50, M|\n|poke|p2|Sinistcha, L50|\n|poke|p2|Aerodactyl, L50, M|\n|teampreview|4\n|inactive|Battle timer is ON: inactive players will automatically lose when time's up. (requested by TeaTimeTrainer)\n|c|\u2606benniOVYalt|glhf\n|\n|t:|1776194504\n|teamsize|p1|4\n|teamsize|p2|4\n|start\n|switch|p1a: Sneasler|Sneasler, L50, M|100/100\n|switch|p1b: Rotom|Rotom-Wash, L50|100/100\n|switch|p2a: Tyranitar|Tyranitar, L50, M|100/100\n|switch|p2b: Aerodactyl|Aerodactyl, L50, M|100/100\n|-ability|p2b: Aerodactyl|Unnerve\n|-weather|Sandstorm|[from] ability: Sand Stream|[of] p2a: Tyranitar\n|turn|1\n|\n|t:|1776194522\n|switch|p2a: Milotic|Milotic, L50, M|100/100\n|move|p2b: Aerodactyl|Protect|p2b: Aerodactyl\n|-singleturn|p2b: Aerodactyl|Protect\n|move|p1a: Sneasler|Fake Out|p2b: Aerodactyl\n|-activate|p2b: Aerodactyl|move: Protect\n|move|p1b: Rotom|Volt Switch|p2b: Aerodactyl\n|-activate|p2b: Aerodactyl|move: Protect\n|\n|-weather|Sandstorm|[upkeep]\n|-damage|p1b: Rotom|95/100|[from] Sandstorm\n|-damage|p1a: Sneasler|94/100|[from] Sandstorm\n|-damage|p2a: Milotic|95/100|[from] Sandstorm\n|-heal|p2a: Milotic|100/100|[from] item: Leftovers\n|upkeep\n|turn|2\n|\n|t:|1776194539\n|move|p1a: Sneasler|Protect|p1a: Sneasler\n|-singleturn|p1a: Sneasler|Protect\n|move|p1b: Rotom|Volt Switch|p2b: Aerodactyl\n|-supereffective|p2b: Aerodactyl|1\n|-damage|p2b: Aerodactyl|42/100\n|\n|t:|1776194546\n|switch|p1b: Floette|Floette-Eternal, L50, F|100/100|[from] Volt Switch\n|move|p2b: Aerodactyl|Dual Wingbeat|p1a: Sneasler\n|-activate|p1a: Sneasler|move: Protect\n|move|p2a: Milotic|Muddy Water|p1b: Floette|[spread] p1b\n|-activate|p1a: Sneasler|move: Protect\n|-damage|p1b: Floette|79/100\n|-unboost|p1b: Floette|accuracy|1\n|\n|-weather|Sandstorm|[upkeep]\n|-damage|p1a: Sneasler|88/100|[from] Sandstorm\n|-damage|p1b: Floette|73/100|[from] Sandstorm\n|-damage|p2a: Milotic|95/100|[from] Sandstorm\n|-heal|p2a: Milotic|100/100|[from] item: Leftovers\n|upkeep\n|turn|3\n|\n|t:|1776194564\n|switch|p1a: Garchomp|Garchomp, L50, M|100/100\n|detailschange|p1b: Floette|Floette-Mega, L50, F\n|-mega|p1b: Floette|Floette|Floettite\n|-ability|p1b: Floette|Fairy Aura\n|move|p2b: Aerodactyl|Protect|p2b: Aerodactyl\n|-singleturn|p2b: Aerodactyl|Protect\n|move|p1b: Floette|Dazzling Gleam|p2b: Aerodactyl|[spread] \n|-activate|p2b: Aerodactyl|move: Protect\n|-miss|p1b: Floette|p2a: Milotic\n|move|p2a: Milotic|Muddy Water|p1a: Garchomp|[spread] p1a,p1b\n|-damage|p1a: Garchomp|72/100\n|-damage|p1b: Floette|55/100\n|-unboost|p1a: Garchomp|accuracy|1\n|\n|-weather|Sandstorm|[upkeep]\n|-damage|p1b: Floette|49/100|[from] Sandstorm\n|-damage|p2a: Milotic|95/100|[from] Sandstorm\n|-heal|p2a: Milotic|100/100|[from] item: Leftovers\n|upkeep\n|turn|4\n|c|\u2606benniOVYalt|god\n|c|\u2606benniOVYalt|milotic is so goated\n|\n|t:|1776194582\n|switch|p1b: Rotom|Rotom-Wash, L50|95/100\n|move|p2b: Aerodactyl|Rock Slide|p1a: Garchomp|[spread] p1a,p1b\n|-resisted|p1a: Garchomp|1\n|-damage|p1a: Garchomp|60/100\n|-damage|p1b: Rotom|67/100\n|move|p1a: Garchomp|Dragon Claw|p2b: Aerodactyl\n|-damage|p2b: Aerodactyl|0 fnt\n|faint|p2b: Aerodactyl\n|move|p2a: Milotic|Muddy Water|p1b: Rotom|[spread] p1a,p1b\n|-crit|p1a: Garchomp\n|-resisted|p1b: Rotom|1\n|-damage|p1a: Garchomp|15/100\n|-damage|p1b: Rotom|53/100\n|-unboost|p1b: Rotom|accuracy|1\n|\n|-weather|Sandstorm|[upkeep]\n|-damage|p1b: Rotom|48/100|[from] Sandstorm\n|-damage|p2a: Milotic|95/100|[from] Sandstorm\n|-heal|p2a: Milotic|100/100|[from] item: Leftovers\n|upkeep\n|c|\u2606benniOVYalt|you gotta be hacking\n|\n|t:|1776194597\n|switch|p2b: Tyranitar|Tyranitar, L50, M|100/100\n|turn|5\n|\n|t:|1776194609\n|move|p2b: Tyranitar|Protect|p2b: Tyranitar\n|-singleturn|p2b: Tyranitar|Protect\n|move|p1b: Rotom|Will-O-Wisp|p2b: Tyranitar\n|-activate|p2b: Tyranitar|move: Protect\n|move|p1a: Garchomp|Earthquake|p2a: Milotic|[spread] p2a\n|-activate|p2b: Tyranitar|move: Protect\n|-immune|p1b: Rotom|[from] ability: Levitate\n|-damage|p2a: Milotic|53/100\n|move|p2a: Milotic|Muddy Water|p1b: Rotom|[spread] p1a,p1b\n|-resisted|p1b: Rotom|1\n|-damage|p1a: Garchomp|0 fnt\n|-damage|p1b: Rotom|33/100\n|faint|p1a: Garchomp\n|\n|-weather|none\n|-heal|p2a: Milotic|59/100|[from] item: Leftovers\n|upkeep\n|c|\u2606benniOVYalt|hitting after that\n|\n|t:|1776194612\n|switch|p1a: Sneasler|Sneasler, L50, M|88/100\n|turn|6\n|\n|t:|1776194619\n|switch|p1b: Floette|Floette-Mega, L50, F|49/100\n|-ability|p1b: Floette|Fairy Aura\n|switch|p2b: Incineroar|Incineroar, L50, M|100/100\n|-ability|p2b: Incineroar|Intimidate|boost\n|-unboost|p1a: Sneasler|atk|1\n|-unboost|p1b: Floette|atk|1\n|-enditem|p1a: Sneasler|White Herb\n|-clearnegativeboost|p1a: Sneasler|[silent]\n|move|p1a: Sneasler|Close Combat|p2b: Incineroar\n|-supereffective|p2b: Incineroar|1\n|-damage|p2b: Incineroar|5/100\n|-unboost|p1a: Sneasler|def|1\n|-unboost|p1a: Sneasler|spd|1\n|move|p2a: Milotic|Muddy Water|p1a: Sneasler|[spread] p1a,p1b\n|-damage|p1a: Sneasler|30/100\n|-damage|p1b: Floette|30/100\n|-unboost|p1a: Sneasler|accuracy|1\n|-unboost|p1b: Floette|accuracy|1\n|\n|-heal|p2a: Milotic|65/100|[from] item: Leftovers\n|upkeep\n|turn|7\n|c|\u2606benniOVYalt|NAAAAH\n|inactive|TeaTimeTrainer has 30 seconds left.\n|inactive|benniOVYalt has 30 seconds left.\n|c|\u2606benniOVYalt|wHT is HAPPENING?!\n|\n|t:|1776194653\n|move|p2b: Incineroar|Fake Out|p1a: Sneasler\n|-crit|p1a: Sneasler\n|-damage|p1a: Sneasler|0 fnt\n|faint|p1a: Sneasler\n|move|p1b: Floette|Dazzling Gleam|p2b: Incineroar|[spread] p2b\n|-miss|p1b: Floette|p2a: Milotic\n|-damage|p2b: Incineroar|0 fnt\n|faint|p2b: Incineroar\n|move|p2a: Milotic|Muddy Water|p1b: Floette|[miss]\n|-miss|p2a: Milotic|p1b: Floette\n|\n|-heal|p2a: Milotic|71/100|[from] item: Leftovers\n|upkeep\n|\n|t:|1776194660\n|switch|p1a: Rotom|Rotom-Wash, L50|33/100\n|switch|p2b: Tyranitar|Tyranitar, L50, M|100/100\n|-weather|Sandstorm|[from] ability: Sand Stream|[of] p2b: Tyranitar\n|turn|8\n|c|\u2606benniOVYalt|noooooo\n|c|\u2606benniOVYalt|it was so good for so long\n|\n|t:|1776194675\n|detailschange|p2b: Tyranitar|Tyranitar-Mega, L50, M\n|-mega|p2b: Tyranitar|Tyranitar|Tyranitarite\n|move|p1a: Rotom|Volt Switch|p2a: Milotic\n|-supereffective|p2a: Milotic|1\n|-damage|p2a: Milotic|31/100\n|move|p1b: Floette|Moonblast|p2b: Tyranitar|[miss]\n|-miss|p1b: Floette|p2b: Tyranitar\n|move|p2b: Tyranitar|Rock Slide|p1b: Floette|[spread] p1a,p1b\n|-damage|p1a: Rotom|0 fnt\n|-damage|p1b: Floette|0 fnt\n|faint|p1a: Rotom\n|faint|p1b: Floette\n|\n|win|benniOVYalt\n|raw|TeaTimeTrainer's rating: 1352 &rarr; <strong>1329</strong><br />(-23 for losing)\n|raw|benniOVYalt's rating: 1299 &rarr; <strong>1328</strong><br />(+29 for winning)\n|c|\u2606benniOVYalt|LMAOOOOOO\n|l|\u2606TeaTimeTrainer\n|player|p1|\n|c|\u2606benniOVYalt|im so so so so sorry\n",
  "uploadtime": 1776194691,
  "views": 38,
  "formatid": "gen9championsvgc2026regma",
  "rating": 1328,
  "private": 0,
  "password": null
}