{
  "id": "gen9championsvgc2026regma-2581397561",
  "format": "[Gen 9 Champions] VGC 2026 Reg M-A",
  "players": [
    "ballafjong",
    "slr_pwr"
  ],
  "log": "|j|\u2606ballafjong\n|j|\u2606slr_pwr\n|t:|1775996137\n|gametype|doubles\n|player|p1|ballafjong|170|1000\n|player|p2|slr_pwr|alder|1014\n|gen|9\n|tier|[Gen 9 Champions] VGC 2026 Reg M-A\n|rated|\n|rule|Species Clause: Limit one of each Pok\u00e9mon\n|rule|Item Clause: Limit 1 of each item\n|clearpoke\n|poke|p1|Aggron, L50, F|\n|poke|p1|Chandelure, L50, F|\n|poke|p1|Torkoal, L50, M|\n|poke|p1|Farigiraf, L50, M|\n|poke|p1|Incineroar, L50, F|\n|poke|p1|Clefable, L50, M|\n|poke|p2|Samurott-Hisui, L50, F|\n|poke|p2|Pelipper, L50, M|\n|poke|p2|Krookodile, L50, F|\n|poke|p2|Aggron, L50, M|\n|poke|p2|Basculegion, L50, M|\n|poke|p2|Liepard, L50, F|\n|teampreview|4\n|inactive|Battle timer is ON: inactive players will automatically lose when time's up. (requested by slr_pwr)\n|inactive|ballafjong has 60 seconds left.\n|inactive|slr_pwr has 60 seconds left.\n|inactive|ballafjong has 30 seconds left.\n|inactive|ballafjong has 20 seconds left.\n|inactive|ballafjong has 15 seconds left.\n|inactive|ballafjong has 10 seconds left.\n|inactive|ballafjong has 5 seconds left.\n|\n|t:|1775996228\n|teamsize|p1|4\n|teamsize|p2|4\n|start\n|switch|p1a: Incineroar|Incineroar, L50, F|100/100\n|switch|p1b: Farigiraf|Farigiraf, L50, M|100/100\n|switch|p2a: Liepard|Liepard, L50, F|100/100\n|switch|p2b: Samurott|Samurott-Hisui, L50, F|100/100\n|-ability|p1a: Incineroar|Intimidate|boost\n|-unboost|p2a: Liepard|atk|1\n|-unboost|p2b: Samurott|atk|1\n|turn|1\n|inactive|ballafjong has 30 seconds left.\n|\n|t:|1775996258\n|move|p1a: Incineroar|Fake Out|p2b: Samurott\n|-damage|p2b: Samurott|86/100\n|move|p2a: Liepard|Snarl|p1b: Farigiraf|[spread] p1a,p1b\n|-resisted|p1a: Incineroar|1\n|-supereffective|p1b: Farigiraf|1\n|-enditem|p1b: Farigiraf|Colbur Berry|[eat]\n|-enditem|p1b: Farigiraf|Colbur Berry|[weaken]\n|-damage|p1a: Incineroar|94/100\n|-damage|p1b: Farigiraf|83/100\n|-unboost|p1a: Incineroar|spa|1\n|-unboost|p1b: Farigiraf|spa|1\n|cant|p2b: Samurott|flinch\n|move|p1b: Farigiraf|Trick Room|p1b: Farigiraf\n|-fieldstart|move: Trick Room|[of] p1b: Farigiraf\n|\n|upkeep\n|turn|2\n|\n|t:|1775996277\n|move|p1b: Farigiraf|Hyper Voice|p2a: Liepard|[spread] p2a,p2b\n|-damage|p2a: Liepard|55/100\n|-damage|p2b: Samurott|53/100\n|move|p1a: Incineroar|Flare Blitz|p2a: Liepard\n|-damage|p2a: Liepard|0 fnt\n|faint|p2a: Liepard\n|-damage|p1a: Incineroar|81/100|[from] Recoil\n|move|p2b: Samurott|Sacred Sword|p1a: Incineroar\n|-supereffective|p1a: Incineroar|1\n|-damage|p1a: Incineroar|35/100\n|-enditem|p1a: Incineroar|Sitrus Berry|[eat]\n|-heal|p1a: Incineroar|59/100|[from] item: Sitrus Berry\n|-heal|p2b: Samurott|59/100|[from] item: Shell Bell|[of] p1a: Incineroar\n|\n|upkeep\n|\n|t:|1775996294\n|switch|p2a: Krookodile|Krookodile, L50, F|100/100\n|-ability|p2a: Krookodile|Intimidate|boost\n|-unboost|p1a: Incineroar|atk|1\n|-unboost|p1b: Farigiraf|atk|1\n|turn|3\n|\n|t:|1775996306\n|move|p1b: Farigiraf|Hyper Voice|p2a: Krookodile|[spread] p2a,p2b\n|-damage|p2a: Krookodile|72/100\n|-damage|p2b: Samurott|25/100\n|move|p1a: Incineroar|Parting Shot|p2a: Krookodile\n|-unboost|p2a: Krookodile|atk|1\n|-unboost|p2a: Krookodile|spa|1\n|\n|t:|1775996313\n|switch|p1a: Torkoal|Torkoal, L50, M|100/100|[from] Parting Shot\n|-weather|SunnyDay|[from] ability: Drought|[of] p1a: Torkoal\n|move|p2b: Samurott|Ceaseless Edge|p1b: Farigiraf\n|-supereffective|p1b: Farigiraf|1\n|-damage|p1b: Farigiraf|27/100\n|-sidestart|p1: ballafjong|Spikes\n|-heal|p2b: Samurott|34/100|[from] item: Shell Bell|[of] p1b: Farigiraf\n|move|p2a: Krookodile|Rock Slide|p1b: Farigiraf|[spread] p1a,p1b\n|-supereffective|p1a: Torkoal|1\n|-damage|p1a: Torkoal|82/100\n|-damage|p1b: Farigiraf|15/100\n|\n|-weather|SunnyDay|[upkeep]\n|upkeep\n|turn|4\n|\n|t:|1775996332\n|switch|p1b: Incineroar|Incineroar, L50, F|59/100\n|-damage|p1b: Incineroar|47/100|[from] Spikes\n|-ability|p1b: Incineroar|Intimidate|boost\n|-unboost|p2a: Krookodile|atk|1\n|-unboost|p2b: Samurott|atk|1\n|move|p1a: Torkoal|Eruption|p2a: Krookodile|[spread] p2a,p2b\n|-resisted|p2b: Samurott|1\n|-damage|p2a: Krookodile|0 fnt\n|-damage|p2b: Samurott|0 fnt\n|faint|p2a: Krookodile\n|faint|p2b: Samurott\n|\n|-weather|SunnyDay|[upkeep]\n|upkeep\n|\n|t:|1775996341\n|switch|p2b: Aggron|Aggron, L50, M|100/100\n|turn|5\n|\n|t:|1775996354\n|detailschange|p2b: Aggron|Aggron-Mega, L50, M\n|-mega|p2b: Aggron|Aggron|Aggronite\n|move|p1a: Torkoal|Eruption|p2b: Aggron\n|-supereffective|p2b: Aggron|1\n|-damage|p2b: Aggron|0 fnt\n|faint|p2b: Aggron\n|\n|win|ballafjong\n|raw|ballafjong's rating: 1000 &rarr; <strong>1042</strong><br />(+42 for winning)\n|raw|slr_pwr's rating: 1014 &rarr; <strong>1001</strong><br />(-13 for losing)\n|l|\u2606slr_pwr\n|player|p2|\n",
  "uploadtime": 1775996362,
  "views": 20,
  "formatid": "gen9championsvgc2026regma",
  "rating": 1001,
  "private": 0,
  "password": null
}