{
  "id": "gen9championsvgc2026regma-2583632273",
  "format": "[Gen 9 Champions] VGC 2026 Reg M-A",
  "players": [
    "No1NumelFan",
    "smeggyjooks54"
  ],
  "log": "|j|\u2606No1NumelFan\n|j|\u2606smeggyjooks54\n|t:|1776187695\n|gametype|doubles\n|player|p1|No1NumelFan|2|1029\n|player|p2|smeggyjooks54|boarder|1000\n|gen|9\n|tier|[Gen 9 Champions] VGC 2026 Reg M-A\n|rated|\n|rule|Species Clause: Limit one of each Pok\u00e9mon\n|rule|Item Clause: Limit 1 of each item\n|clearpoke\n|poke|p1|Pelipper, L50, M|\n|poke|p1|Raichu, L50, F|\n|poke|p1|Gyarados, L50, M|\n|poke|p1|Salazzle, L50, F|\n|poke|p1|Incineroar, L50, M|\n|poke|p1|Kleavor, L50, M|\n|poke|p2|Lopunny, L50, M|\n|poke|p2|Chandelure, L50, M|\n|poke|p2|Aerodactyl, L50, F|\n|poke|p2|Meganium, L50, F|\n|poke|p2|Torkoal, L50, M|\n|poke|p2|Tauros-Paldea-Aqua, L50, M|\n|teampreview|4\n|inactive|Battle timer is ON: inactive players will automatically lose when time's up. (requested by smeggyjooks54)\n|\n|t:|1776187755\n|teamsize|p1|4\n|teamsize|p2|4\n|start\n|switch|p1a: Gyarados|Gyarados, L50, M|100/100\n|switch|p1b: Raichu|Raichu, L50, F, shiny|100/100\n|switch|p2a: Torkoal|Torkoal, L50, M|100/100\n|switch|p2b: Lopunny|Lopunny, L50, M|100/100\n|-ability|p1a: Gyarados|Intimidate|boost\n|-unboost|p2a: Torkoal|atk|1\n|-unboost|p2b: Lopunny|atk|1\n|-weather|SunnyDay|[from] ability: Drought|[of] p2a: Torkoal\n|-enditem|p2b: Lopunny|White Herb\n|-clearnegativeboost|p2b: Lopunny|[silent]\n|turn|1\n|\n|t:|1776187779\n|switch|p1b: Pelipper|Pelipper, L50, M|100/100\n|-weather|RainDance|[from] ability: Drizzle|[of] p1b: Pelipper\n|detailschange|p1a: Gyarados|Gyarados-Mega, L50, M\n|-mega|p1a: Gyarados|Gyarados|Gyaradosite\n|-ability|p1a: Gyarados|Mold Breaker\n|move|p2b: Lopunny|Fake Out|p1b: Pelipper\n|-damage|p1b: Pelipper|84/100\n|move|p1a: Gyarados|Earthquake|p2b: Lopunny|[spread] p2a,p2b\n|-immune|p1b: Pelipper\n|-supereffective|p2a: Torkoal|1\n|-damage|p2a: Torkoal|59/100\n|-damage|p2b: Lopunny|49/100\n|move|p2a: Torkoal|Stone Edge|p1a: Gyarados\n|-damage|p1a: Gyarados|88/100\n|\n|-weather|RainDance|[upkeep]\n|-heal|p1b: Pelipper|90/100|[from] item: Leftovers\n|-heal|p2a: Torkoal|65/100|[from] item: Leftovers\n|upkeep\n|turn|2\n|inactive|No1NumelFan has 30 seconds left.\n|inactive|smeggyjooks54 has 30 seconds left.\n|\n|t:|1776187811\n|switch|p2a: Aerodactyl|Aerodactyl, L50, F|100/100\n|move|p2b: Lopunny|Thunderbolt|p1b: Pelipper\n|-supereffective|p1b: Pelipper|2\n|-damage|p1b: Pelipper|28/100\n|move|p1a: Gyarados|Dragon Dance|p1a: Gyarados\n|-boost|p1a: Gyarados|atk|1\n|-boost|p1a: Gyarados|spe|1\n|move|p1b: Pelipper|Weather Ball|p2a: Aerodactyl\n|-supereffective|p2a: Aerodactyl|1\n|-enditem|p2a: Aerodactyl|Focus Sash\n|-damage|p2a: Aerodactyl|1/100\n|\n|-weather|RainDance|[upkeep]\n|-heal|p1b: Pelipper|34/100|[from] item: Leftovers\n|upkeep\n|turn|3\n|inactive|No1NumelFan has 30 seconds left.\n|inactive|smeggyjooks54 has 30 seconds left.\n|\n|t:|1776187845\n|switch|p1b: Raichu|Raichu, L50, F, shiny|100/100\n|move|p2a: Aerodactyl|Rock Slide|p1a: Gyarados|[spread] p1a,p1b\n|-damage|p1a: Gyarados|62/100\n|-damage|p1b: Raichu|38/100\n|cant|p1a: Gyarados|flinch\n|move|p2b: Lopunny|Thunderbolt|p1b: Raichu\n|-activate|p1b: Raichu|ability: Lightning Rod\n|-ability|p1b: Raichu|Lightning Rod|boost\n|-boost|p1b: Raichu|spa|1\n|\n|-weather|RainDance|[upkeep]\n|upkeep\n|turn|4\n|inactive|smeggyjooks54 has 30 seconds left.\n|\n|t:|1776187871\n|move|p2a: Aerodactyl|Tailwind|p2a: Aerodactyl\n|-sidestart|p2: smeggyjooks54|move: Tailwind\n|move|p2b: Lopunny|Draining Kiss|p1a: Gyarados\n|-supereffective|p1a: Gyarados|1\n|-crit|p1a: Gyarados\n|-damage|p1a: Gyarados|45/100\n|-heal|p2b: Lopunny|64/100|[from] drain|[of] p1a: Gyarados\n|move|p1a: Gyarados|Waterfall|p2b: Lopunny\n|-damage|p2b: Lopunny|0 fnt\n|faint|p2b: Lopunny\n|move|p1b: Raichu|Volt Switch|p2a: Aerodactyl\n|-supereffective|p2a: Aerodactyl|1\n|-damage|p2a: Aerodactyl|0 fnt\n|faint|p2a: Aerodactyl\n|\n|t:|1776187889\n|switch|p1b: Kleavor|Kleavor, L50, M|100/100|[from] Volt Switch\n|\n|-weather|RainDance|[upkeep]\n|upkeep\n|\n|t:|1776187895\n|switch|p2a: Chandelure|Chandelure, L50, M|100/100\n|switch|p2b: Torkoal|Torkoal, L50, M|65/100\n|-weather|SunnyDay|[from] ability: Drought|[of] p2b: Torkoal\n|turn|5\n|inactive|No1NumelFan has 30 seconds left.\n|\n|t:|1776187929\n|detailschange|p2a: Chandelure|Chandelure-Mega, L50, M\n|-mega|p2a: Chandelure|Chandelure|Chandelurite\n|move|p2a: Chandelure|Shadow Ball|p1b: Kleavor\n|-damage|p1b: Kleavor|15/100\n|move|p1a: Gyarados|Earthquake|p2a: Chandelure|[spread] p1b,p2a,p2b\n|-supereffective|p2a: Chandelure|1\n|-supereffective|p2b: Torkoal|1\n|-damage|p1b: Kleavor|0 fnt\n|-damage|p2a: Chandelure|8/100\n|-damage|p2b: Torkoal|2/100\n|faint|p1b: Kleavor\n|move|p2b: Torkoal|Solar Beam||[still]\n|-prepare|p2b: Torkoal|Solar Beam\n|-anim|p2b: Torkoal|Solar Beam|p1a: Gyarados\n|-supereffective|p1a: Gyarados|1\n|-damage|p1a: Gyarados|1/100\n|\n|-weather|SunnyDay|[upkeep]\n|-heal|p2b: Torkoal|8/100|[from] item: Leftovers\n|upkeep\n|\n|t:|1776187949\n|switch|p1b: Raichu|Raichu, L50, F, shiny|38/100\n|turn|6\n|\n|t:|1776187963\n|switch|p1b: Pelipper|Pelipper, L50, M|34/100\n|-weather|RainDance|[from] ability: Drizzle|[of] p1b: Pelipper\n|move|p2a: Chandelure|Shadow Ball|p1b: Pelipper\n|-damage|p1b: Pelipper|0 fnt\n|faint|p1b: Pelipper\n|move|p1a: Gyarados|Earthquake|p2a: Chandelure|[spread] p2a,p2b\n|-supereffective|p2a: Chandelure|1\n|-supereffective|p2b: Torkoal|1\n|-damage|p2a: Chandelure|0 fnt\n|-damage|p2b: Torkoal|0 fnt\n|faint|p2a: Chandelure\n|faint|p2b: Torkoal\n|\n|win|No1NumelFan\n|raw|No1NumelFan's rating: 1029 &rarr; <strong>1062</strong><br />(+33 for winning)\n|raw|smeggyjooks54's rating: 1000 &rarr; <strong>1000</strong><br />(+0 for losing)\n",
  "uploadtime": 1776187969,
  "views": 12,
  "formatid": "gen9championsvgc2026regma",
  "rating": 1000,
  "private": 0,
  "password": null
}