{
  "id": "gen9championsvgc2026regma-2583233434",
  "format": "[Gen 9 Champions] VGC 2026 Reg M-A",
  "players": [
    "mrsuaaaaj",
    "tald56"
  ],
  "log": "|j|\u2606mrsuaaaaj\n|j|\u2606tald56\n|t:|1776157675\n|gametype|doubles\n|player|p1|mrsuaaaaj|2|1113\n|player|p2|tald56|backpacker|1206\n|gen|9\n|tier|[Gen 9 Champions] VGC 2026 Reg M-A\n|rated|\n|rule|Species Clause: Limit one of each Pok\u00e9mon\n|rule|Item Clause: Limit 1 of each item\n|clearpoke\n|poke|p1|Charizard, L50, M|\n|poke|p1|Milotic, L50, M|\n|poke|p1|Incineroar, L50, M|\n|poke|p1|Sneasler, L50, M|\n|poke|p1|Aerodactyl, L50, F|\n|poke|p1|Rotom-Mow, L50|\n|poke|p2|Volcarona, L50, F|\n|poke|p2|Gyarados, L50, F|\n|poke|p2|Sinistcha, L50|\n|poke|p2|Sneasler, L50, F|\n|poke|p2|Pelipper, L50, M|\n|poke|p2|Archaludon, L50, M|\n|teampreview|4\n|inactive|Battle timer is ON: inactive players will automatically lose when time's up. (requested by tald56)\n|\n|t:|1776157704\n|teamsize|p1|4\n|teamsize|p2|4\n|start\n|switch|p1a: Rotom|Rotom-Mow, L50|100/100\n|switch|p1b: Aerodactyl|Aerodactyl, L50, F|100/100\n|switch|p2a: Volcarona|Volcarona, L50, F|100/100\n|switch|p2b: Sinistcha|Sinistcha, L50|100/100\n|-ability|p1b: Aerodactyl|Unnerve\n|turn|1\n|\n|t:|1776157729\n|move|p2a: Volcarona|Rage Powder|p2a: Volcarona\n|-singleturn|p2a: Volcarona|move: Rage Powder\n|move|p1a: Rotom|Trick|p2b: Sinistcha\n|-activate|p1a: Rotom|move: Trick|[of] p2b: Sinistcha\n|-item|p2b: Sinistcha|Choice Scarf|[from] move: Trick\n|-item|p1a: Rotom|Sitrus Berry|[from] move: Trick\n|move|p1b: Aerodactyl|Rock Slide|p2b: Sinistcha|[spread] p2b\n|-miss|p1b: Aerodactyl|p2a: Volcarona\n|-damage|p2b: Sinistcha|78/100\n|move|p2b: Sinistcha|Trick Room|p2b: Sinistcha\n|-fieldstart|move: Trick Room|[of] p2b: Sinistcha\n|\n|upkeep\n|turn|2\n|inactive|mrsuaaaaj has 30 seconds left.\n|inactive|tald56 has 30 seconds left.\n|\n|t:|1776157763\n|switch|p2b: Gyarados|Gyarados, L50, F|100/100\n|-ability|p2b: Gyarados|Intimidate|boost\n|-unboost|p1a: Rotom|atk|1\n|-unboost|p1b: Aerodactyl|atk|1\n|move|p2a: Volcarona|Light Screen|p2a: Volcarona\n|-sidestart|p2: tald56|move: Light Screen\n|move|p1a: Rotom|Volt Switch|p2b: Gyarados\n|-supereffective|p2b: Gyarados|2\n|-damage|p2b: Gyarados|13/100\n|\n|t:|1776157779\n|switch|p1a: Sneasler|Sneasler, L50, M|100/100|[from] Volt Switch\n|move|p1b: Aerodactyl|Rock Slide|p2b: Gyarados|[spread] p2a,p2b\n|-supereffective|p2a: Volcarona|2\n|-supereffective|p2b: Gyarados|1\n|-damage|p2a: Volcarona|23/100\n|-damage|p2b: Gyarados|0 fnt\n|faint|p2b: Gyarados\n|\n|upkeep\n|\n|t:|1776157786\n|switch|p2b: Sinistcha|Sinistcha, L50|78/100\n|-heal|p2a: Volcarona|48/100|[from] ability: Hospitality|[of] p2b: Sinistcha\n|turn|3\n|\n|t:|1776157806\n|move|p2a: Volcarona|Heat Wave|p1a: Sneasler|[spread] p1a,p1b\n|-resisted|p1b: Aerodactyl|1\n|-damage|p1a: Sneasler|49/100\n|-damage|p1b: Aerodactyl|76/100\n|move|p2b: Sinistcha|Matcha Gotcha|p1b: Aerodactyl|[spread] p1a,p1b\n|-resisted|p1a: Sneasler|1\n|-damage|p1a: Sneasler|31/100\n|-heal|p2b: Sinistcha|86/100|[from] drain|[of] p1a: Sneasler\n|-damage|p1b: Aerodactyl|41/100\n|-heal|p2b: Sinistcha|100/100|[from] drain|[of] p1b: Aerodactyl\n|move|p1a: Sneasler|Dire Claw|p2b: Sinistcha\n|-damage|p2b: Sinistcha|65/100\n|move|p1b: Aerodactyl|Rock Slide|p2a: Volcarona|[spread] p2a,p2b\n|-supereffective|p2a: Volcarona|2\n|-damage|p2a: Volcarona|0 fnt\n|-damage|p2b: Sinistcha|51/100\n|faint|p2a: Volcarona\n|\n|upkeep\n|\n|t:|1776157820\n|switch|p2a: Pelipper|Pelipper, L50, M|100/100\n|-weather|RainDance|[from] ability: Drizzle|[of] p2a: Pelipper\n|turn|4\n|\n|t:|1776157837\n|move|p1a: Sneasler|Protect|p1a: Sneasler\n|-singleturn|p1a: Sneasler|Protect\n|move|p1b: Aerodactyl|Protect|p1b: Aerodactyl\n|-singleturn|p1b: Aerodactyl|Protect\n|move|p2a: Pelipper|Hurricane|p1a: Sneasler\n|-activate|p1a: Sneasler|move: Protect\n|move|p2b: Sinistcha|Matcha Gotcha|p1b: Aerodactyl|[spread] \n|-activate|p1a: Sneasler|move: Protect\n|-activate|p1b: Aerodactyl|move: Protect\n|\n|-weather|RainDance|[upkeep]\n|upkeep\n|turn|5\n|\n|t:|1776157857\n|move|p1a: Sneasler|Protect||[still]\n|-fail|p1a: Sneasler\n|move|p1b: Aerodactyl|Protect||[still]\n|-fail|p1b: Aerodactyl\n|move|p2a: Pelipper|Tailwind|p2a: Pelipper\n|-sidestart|p2: tald56|move: Tailwind\n|move|p2b: Sinistcha|Matcha Gotcha|p1b: Aerodactyl|[spread] p1a,p1b\n|-resisted|p1a: Sneasler|1\n|-damage|p1a: Sneasler|14/100\n|-heal|p2b: Sinistcha|59/100|[from] drain|[of] p1a: Sneasler\n|-damage|p1b: Aerodactyl|7/100\n|-heal|p2b: Sinistcha|74/100|[from] drain|[of] p1b: Aerodactyl\n|-status|p1a: Sneasler|brn\n|\n|-weather|RainDance|[upkeep]\n|-damage|p1a: Sneasler|8/100 brn|[from] brn\n|-fieldend|move: Trick Room\n|upkeep\n|turn|6\n|inactive|mrsuaaaaj has 30 seconds left.\n|\n|t:|1776157891\n|move|p2b: Sinistcha|Matcha Gotcha|p1b: Aerodactyl|[spread] p1a,p1b\n|-resisted|p1a: Sneasler|1\n|-damage|p1a: Sneasler|0 fnt\n|-heal|p2b: Sinistcha|77/100|[from] drain|[of] p1a: Sneasler\n|-damage|p1b: Aerodactyl|0 fnt\n|-heal|p2b: Sinistcha|80/100|[from] drain|[of] p1b: Aerodactyl\n|faint|p1a: Sneasler\n|faint|p1b: Aerodactyl\n|move|p2a: Pelipper|Weather Ball|p1: Sneasler|[notarget]\n|-fail|p2a: Pelipper\n|\n|-weather|RainDance|[upkeep]\n|-sideend|p2: tald56|move: Light Screen\n|upkeep\n|\n|t:|1776157904\n|switch|p1b: Charizard|Charizard, L50, M|100/100\n|switch|p1a: Rotom|Rotom-Mow, L50|100/100\n|turn|7\n|\n|t:|1776157915\n|detailschange|p1b: Charizard|Charizard-Mega-Y, L50, M\n|-mega|p1b: Charizard|Charizard|Charizardite Y\n|-weather|SunnyDay|[from] ability: Drought|[of] p1b: Charizard\n|move|p2b: Sinistcha|Matcha Gotcha|p1a: Rotom|[spread] p1a,p1b\n|-resisted|p1a: Rotom|1\n|-resisted|p1b: Charizard|2\n|-damage|p1a: Rotom|85/100\n|-heal|p2b: Sinistcha|86/100|[from] drain|[of] p1a: Rotom\n|-damage|p1b: Charizard|95/100\n|-heal|p2b: Sinistcha|89/100|[from] drain|[of] p1b: Charizard\n|move|p2a: Pelipper|Weather Ball|p1a: Rotom\n|-supereffective|p1a: Rotom|1\n|-damage|p1a: Rotom|0 fnt\n|faint|p1a: Rotom\n|move|p1b: Charizard|Heat Wave|p2a: Pelipper|[spread] p2a,p2b\n|-resisted|p2a: Pelipper|1\n|-supereffective|p2b: Sinistcha|1\n|-damage|p2a: Pelipper|46/100\n|-damage|p2b: Sinistcha|0 fnt\n|faint|p2b: Sinistcha\n|\n|-weather|SunnyDay|[upkeep]\n|upkeep\n|turn|8\n|inactive|mrsuaaaaj has 30 seconds left.\n|\n|t:|1776157940\n|move|p1b: Charizard|Protect|p1b: Charizard\n|-singleturn|p1b: Charizard|Protect\n|move|p2a: Pelipper|Hurricane|p1b: Charizard\n|-activate|p1b: Charizard|move: Protect\n|\n|-weather|SunnyDay|[upkeep]\n|-sideend|p2: tald56|move: Tailwind\n|upkeep\n|turn|9\n|\n|t:|1776157955\n|move|p2a: Pelipper|Protect|p2a: Pelipper\n|-singleturn|p2a: Pelipper|Protect\n|move|p1b: Charizard|Dragon Pulse|p2a: Pelipper\n|-activate|p2a: Pelipper|move: Protect\n|\n|-weather|SunnyDay|[upkeep]\n|upkeep\n|turn|10\n|\n|t:|1776157963\n|move|p1b: Charizard|Dragon Pulse|p2a: Pelipper\n|-damage|p2a: Pelipper|0 fnt\n|faint|p2a: Pelipper\n|\n|win|mrsuaaaaj\n|raw|mrsuaaaaj's rating: 1113 &rarr; <strong>1145</strong><br />(+32 for winning)\n|raw|tald56's rating: 1206 &rarr; <strong>1174</strong><br />(-32 for losing)\n|l|\u2606tald56\n|player|p2|\n",
  "uploadtime": 1776157970,
  "views": 24,
  "formatid": "gen9championsvgc2026regma",
  "rating": 1145,
  "private": 0,
  "password": null
}