{
  "id": "gen9championsvgc2026regma-2586040059",
  "format": "[Gen 9 Champions] VGC 2026 Reg M-A",
  "players": [
    "Bacowl",
    "txpxyy"
  ],
  "log": "|j|\u2606Bacowl\n|j|\u2606txpxyy\n|t:|1776392835\n|gametype|doubles\n|player|p1|Bacowl|bugcatcher-gen4dp|1130\n|player|p2|txpxyy|marshal|1047\n|gen|9\n|tier|[Gen 9 Champions] VGC 2026 Reg M-A\n|rated|\n|rule|Species Clause: Limit one of each Pok\u00e9mon\n|rule|Item Clause: Limit 1 of each item\n|clearpoke\n|poke|p1|Crabominable, L50, M|\n|poke|p1|Farigiraf, L50, F|\n|poke|p1|Floette-Eternal, L50, F|\n|poke|p1|Alakazam, L50, M|\n|poke|p1|Abomasnow, L50, M|\n|poke|p1|Mr. Rime, L50, F|\n|poke|p2|Primarina, L50, F|\n|poke|p2|Arcanine-Hisui, L50, F|\n|poke|p2|Lopunny, L50, F|\n|poke|p2|Whimsicott, L50, M|\n|poke|p2|Garchomp, L50, M|\n|poke|p2|Raichu-Alola, L50, M|\n|teampreview|4\n|\n|t:|1776392858\n|teamsize|p1|4\n|teamsize|p2|4\n|start\n|switch|p1a: Crabominable|Crabominable, L50, M|100/100\n|switch|p1b: Mr. Rime|Mr. Rime, L50, F|100/100\n|switch|p2a: Bunny|Lopunny, L50, F, shiny|100/100\n|switch|p2b: Cotton|Whimsicott, L50, M, shiny|100/100\n|turn|1\n|\n|t:|1776392871\n|detailschange|p2a: Bunny|Lopunny-Mega, L50, F, shiny\n|-mega|p2a: Bunny|Lopunny|Lopunnite\n|move|p1a: Crabominable|Protect|p1a: Crabominable\n|-singleturn|p1a: Crabominable|Protect\n|move|p2a: Bunny|Fake Out|p1a: Crabominable\n|-activate|p1a: Crabominable|move: Protect\n|move|p2b: Cotton|Taunt|p1b: Mr. Rime\n|-start|p1b: Mr. Rime|move: Taunt\n|cant|p1b: Mr. Rime|move: Taunt|Trick Room\n|\n|upkeep\n|turn|2\n|\n|t:|1776392893\n|switch|p1a: Alakazam|Alakazam, L50, M|100/100\n|move|p2b: Cotton|Tailwind|p2b: Cotton\n|-sidestart|p2: txpxyy|move: Tailwind\n|move|p2a: Bunny|Close Combat|p1a: Alakazam\n|-resisted|p1a: Alakazam|1\n|-damage|p1a: Alakazam|25/100\n|-unboost|p2a: Bunny|def|1\n|-unboost|p2a: Bunny|spd|1\n|move|p1b: Mr. Rime|Frost Breath|p2b: Cotton|[miss]\n|-miss|p1b: Mr. Rime|p2b: Cotton\n|\n|upkeep\n|turn|3\n|\n|t:|1776392918\n|move|p2a: Bunny|Close Combat|p1b: Mr. Rime\n|-damage|p1b: Mr. Rime|12/100\n|-unboost|p2a: Bunny|def|1\n|-unboost|p2a: Bunny|spd|1\n|move|p2b: Cotton|U-turn|p1a: Alakazam\n|-supereffective|p1a: Alakazam|1\n|-damage|p1a: Alakazam|0 fnt\n|faint|p1a: Alakazam\n|\n|t:|1776392928\n|switch|p2b: Cleo|Arcanine-Hisui, L50, F, shiny|100/100|[from] U-turn\n|move|p1b: Mr. Rime|Frost Breath|p2b: Cleo\n|-resisted|p2b: Cleo|1\n|-crit|p2b: Cleo\n|-damage|p2b: Cleo|77/100\n|\n|-end|p1b: Mr. Rime|move: Taunt\n|upkeep\n|\n|t:|1776392937\n|switch|p1a: Crabominable|Crabominable, L50, M|100/100\n|turn|4\n|\n|t:|1776392946\n|switch|p1b: Abomasnow|Abomasnow, L50, M|100/100\n|-weather|Snowscape|[from] ability: Snow Warning|[of] p1b: Abomasnow\n|detailschange|p1a: Crabominable|Crabominable-Mega, L50, M\n|-mega|p1a: Crabominable|Crabominable|Crabominite\n|move|p2b: Cleo|Head Smash|p1a: Crabominable\n|-damage|p1a: Crabominable|65/100\n|move|p2a: Bunny|Close Combat|p1b: Abomasnow\n|-supereffective|p1b: Abomasnow|1\n|-damage|p1b: Abomasnow|0 fnt\n|-unboost|p2a: Bunny|def|1\n|-unboost|p2a: Bunny|spd|1\n|faint|p1b: Abomasnow\n|move|p1a: Crabominable|Earthquake|p2b: Cleo|[spread] p2a,p2b\n|-supereffective|p2b: Cleo|2\n|-damage|p2a: Bunny|0 fnt\n|-damage|p2b: Cleo|0 fnt\n|faint|p2a: Bunny\n|faint|p2b: Cleo\n|\n|-weather|Snowscape|[upkeep]\n|upkeep\n|\n|t:|1776392967\n|switch|p2a: Cotton|Whimsicott, L50, M, shiny|100/100\n|switch|p2b: Shark|Garchomp, L50, M, shiny|100/100\n|switch|p1b: Mr. Rime|Mr. Rime, L50, F|12/100\n|turn|5\n|\n|t:|1776392981\n|move|p1b: Mr. Rime|Fake Out|p2b: Shark\n|-damage|p2b: Shark|92/100\n|move|p2a: Cotton|Taunt|p1b: Mr. Rime|[miss]\n|-miss|p2a: Cotton|p1b: Mr. Rime\n|cant|p2b: Shark|flinch\n|move|p1a: Crabominable|Ice Hammer|p2b: Shark\n|-supereffective|p2b: Shark|2\n|-damage|p2b: Shark|0 fnt\n|-unboost|p1a: Crabominable|spe|1\n|faint|p2b: Shark\n|\n|-weather|Snowscape|[upkeep]\n|-heal|p1b: Mr. Rime|18/100|[from] ability: Ice Body\n|-sideend|p2: txpxyy|move: Tailwind\n|upkeep\n|turn|6\n|inactive|Battle timer is ON: inactive players will automatically lose when time's up. (requested by Bacowl)\n|\n|t:|1776393058\n|move|p2a: Cotton|U-turn|p1b: Mr. Rime\n|-supereffective|p1b: Mr. Rime|1\n|-damage|p1b: Mr. Rime|0 fnt\n|faint|p1b: Mr. Rime\n|move|p1a: Crabominable|Ice Hammer|p2a: Cotton\n|-supereffective|p2a: Cotton|1\n|-enditem|p2a: Cotton|Focus Sash\n|-damage|p2a: Cotton|1/100\n|-unboost|p1a: Crabominable|spe|1\n|\n|-weather|Snowscape|[upkeep]\n|upkeep\n|turn|7\n|\n|t:|1776393070\n|move|p2a: Cotton|U-turn|p1a: Crabominable\n|-resisted|p1a: Crabominable|1\n|-damage|p1a: Crabominable|62/100\n|move|p1a: Crabominable|Earthquake|p2a: Cotton\n|-resisted|p2a: Cotton|1\n|-damage|p2a: Cotton|0 fnt\n|faint|p2a: Cotton\n|\n|win|Bacowl\n|raw|Bacowl's rating: 1130 &rarr; <strong>1149</strong><br />(+19 for winning)\n|raw|txpxyy's rating: 1047 &rarr; <strong>1034</strong><br />(-13 for losing)\n|c|\u2606Bacowl|how the hell did i win that\n|l|\u2606Bacowl\n|player|p1|\n|j|\u2606Bacowl\n|player|p1|Bacowl|bugcatcher-gen4dp|\n",
  "uploadtime": 1776393098,
  "views": 15,
  "formatid": "gen9championsvgc2026regma",
  "rating": 1034,
  "private": 0,
  "password": null
}