{
  "id": "gen9championsvgc2026regma-2587240730",
  "format": "[Gen 9 Champions] VGC 2026 Reg M-A",
  "players": [
    "brojonski",
    "Roserade555"
  ],
  "log": "|j|\u2606brojonski\n|j|\u2606Roserade555\n|t:|1776513262\n|gametype|doubles\n|player|p1|brojonski|brock|1270\n|player|p2|Roserade555|265|1255\n|gen|9\n|tier|[Gen 9 Champions] VGC 2026 Reg M-A\n|rated|\n|rule|Species Clause: Limit one of each Pok\u00e9mon\n|rule|Item Clause: Limit 1 of each item\n|clearpoke\n|poke|p1|Crabominable, L50, F|\n|poke|p1|Zoroark-Hisui, L50, F|\n|poke|p1|Slowking, L50, M|\n|poke|p1|Incineroar, L50, F|\n|poke|p1|Tsareena, L50, F|\n|poke|p1|Glimmora, L50, M|\n|poke|p2|Froslass, L50, F|\n|poke|p2|Sneasler, L50, F|\n|poke|p2|Whimsicott, L50, M|\n|poke|p2|Arcanine-Hisui, L50, M|\n|poke|p2|Kommo-o, L50, F|\n|poke|p2|Kingambit, L50, F|\n|teampreview|4\n|inactive|Battle timer is ON: inactive players will automatically lose when time's up. (requested by brojonski)\n|inactive|brojonski has 60 seconds left.\n|inactive|Roserade555 has 60 seconds left.\n|inactive|brojonski has 30 seconds left.\n|inactive|Roserade555 has 30 seconds left.\n|\n|t:|1776513327\n|teamsize|p1|4\n|teamsize|p2|4\n|start\n|switch|p1a: Slowking|Slowking, L50, M|100/100\n|switch|p1b: Tsareena|Tsareena, L50, F|100/100\n|switch|p2a: Kingambit|Kingambit, L50, F|100/100\n|switch|p2b: Sneasler|Sneasler, L50, F|100/100\n|turn|1\n|inactive|brojonski has 30 seconds left.\n|inactive|brojonski has 20 seconds left.\n|\n|t:|1776513363\n|move|p2b: Sneasler|Dire Claw|p1a: Slowking\n|-resisted|p1a: Slowking|1\n|-damage|p1a: Slowking|55/100\n|-status|p1a: Slowking|slp\n|replace|p1a: Zoroark|Zoroark-Hisui, L50, F\n|-end|p1a: Zoroark|Illusion\n|cant|p1a: Zoroark|slp\n|move|p1b: Tsareena|Low Kick|p2a: Kingambit\n|-supereffective|p2a: Kingambit|2\n|-damage|p2a: Kingambit|2/100\n|move|p2a: Kingambit|Kowtow Cleave|p1a: Zoroark\n|-supereffective|p1a: Zoroark|1\n|-damage|p1a: Zoroark|0 fnt\n|faint|p1a: Zoroark\n|\n|upkeep\n|\n|t:|1776513382\n|switch|p1a: Slowking|Slowking, L50, M|100/100\n|turn|2\n|\n|t:|1776513401\n|move|p2b: Sneasler|Dire Claw|p1b: Tsareena\n|-supereffective|p1b: Tsareena|1\n|-damage|p1b: Tsareena|16/100\n|move|p1b: Tsareena|Triple Axel|p2a: Kingambit\n|-resisted|p2a: Kingambit|1\n|-damage|p2a: Kingambit|0 fnt\n|faint|p2a: Kingambit\n|-hitcount|p2: Kingambit|1\n|move|p1a: Slowking|Psychic Noise|p2b: Sneasler\n|-supereffective|p2b: Sneasler|2\n|-damage|p2b: Sneasler|0 fnt\n|faint|p2b: Sneasler\n|\n|upkeep\n|\n|t:|1776513415\n|switch|p2b: Kommo-o|Kommo-o, L50, F|100/100\n|switch|p2a: Froslass|Froslass, L50, F|100/100\n|turn|3\n|\n|t:|1776513429\n|detailschange|p2a: Froslass|Froslass-Mega, L50, F\n|-mega|p2a: Froslass|Froslass|Froslassite\n|-weather|Snowscape|[from] ability: Snow Warning|[of] p2a: Froslass\n|move|p2a: Froslass|Shadow Ball|p1a: Slowking\n|-supereffective|p1a: Slowking|1\n|-damage|p1a: Slowking|35/100\n|move|p2b: Kommo-o|Clanging Scales|p1b: Tsareena|[spread] p1a,p1b\n|-damage|p1a: Slowking|14/100\n|-damage|p1b: Tsareena|0 fnt\n|faint|p1b: Tsareena\n|-unboost|p2b: Kommo-o|def|1\n|move|p1a: Slowking|Trick Room|p1a: Slowking\n|-fieldstart|move: Trick Room|[of] p1a: Slowking\n|\n|-weather|Snowscape|[upkeep]\n|upkeep\n|\n|t:|1776513442\n|switch|p1b: Glimmora|Glimmora, L50, M|100/100\n|turn|4\n|\n|t:|1776513459\n|detailschange|p1b: Glimmora|Glimmora-Mega, L50, M\n|-mega|p1b: Glimmora|Glimmora|Glimmoranite\n|move|p1a: Slowking|Psychic Noise|p2b: Kommo-o\n|-supereffective|p2b: Kommo-o|1\n|-damage|p2b: Kommo-o|58/100\n|-start|p2b: Kommo-o|move: Heal Block\n|move|p2b: Kommo-o|Clangorous Soul|p2b: Kommo-o\n|-boost|p2b: Kommo-o|atk|1\n|-boost|p2b: Kommo-o|def|1\n|-boost|p2b: Kommo-o|spa|1\n|-boost|p2b: Kommo-o|spd|1\n|-boost|p2b: Kommo-o|spe|1\n|-damage|p2b: Kommo-o|25/100\n|move|p1b: Glimmora|Power Gem|p2a: Froslass\n|-supereffective|p2a: Froslass|1\n|-damage|p2a: Froslass|0 fnt\n|faint|p2a: Froslass\n|\n|-weather|Snowscape|[upkeep]\n|upkeep\n|turn|5\n|inactive|brojonski has 30 seconds left.\n|\n|t:|1776513487\n|move|p2b: Kommo-o|Protect|p2b: Kommo-o\n|-singleturn|p2b: Kommo-o|Protect\n|move|p1a: Slowking|Psychic Noise|p2b: Kommo-o\n|-activate|p2b: Kommo-o|move: Protect\n|move|p1b: Glimmora|Earth Power|p2b: Kommo-o\n|-activate|p2b: Kommo-o|move: Protect\n|\n|-weather|Snowscape|[upkeep]\n|-end|p2b: Kommo-o|move: Heal Block\n|upkeep\n|turn|6\n|\n|t:|1776513500\n|move|p1a: Slowking|Psychic Noise|p2b: Kommo-o\n|-supereffective|p2b: Kommo-o|1\n|-damage|p2b: Kommo-o|0 fnt\n|faint|p2b: Kommo-o\n|\n|win|brojonski\n|raw|brojonski's rating: 1270 &rarr; <strong>1294</strong><br />(+24 for winning)\n|raw|Roserade555's rating: 1255 &rarr; <strong>1231</strong><br />(-24 for losing)\n|l|\u2606Roserade555\n|player|p2|\n",
  "uploadtime": 1776513514,
  "views": 31,
  "formatid": "gen9championsvgc2026regma",
  "rating": 1231,
  "private": 0,
  "password": null
}