{
  "id": "gen9championsvgc2026regma-2589565750",
  "format": "[Gen 9 Champions] VGC 2026 Reg M-A",
  "players": [
    "cuspid",
    "sdlt 2krl kiki"
  ],
  "log": "|raw|<div class=\"broadcast-blue\"><strong>This battle is required to be public due to a player having a name starting with 'sdlt'.</div>\n|j|\u2606cuspid\n|j|\u2606sdlt 2krl kiki\n|t:|1776734693\n|gametype|doubles\n|player|p1|cuspid|265|1140\n|player|p2|sdlt 2krl kiki|aquasuit|1080\n|gen|9\n|tier|[Gen 9 Champions] VGC 2026 Reg M-A\n|rated|\n|rule|Species Clause: Limit one of each Pok\u00e9mon\n|rule|Item Clause: Limit 1 of each item\n|clearpoke\n|poke|p1|Venusaur, L50, F|\n|poke|p1|Corviknight, L50, F|\n|poke|p1|Rotom-Heat, L50|\n|poke|p1|Tyranitar, L50, M|\n|poke|p1|Garchomp, L50, M|\n|poke|p1|Primarina, L50, M|\n|poke|p2|Scovillain, L50, F|\n|poke|p2|Espathra, L50, M|\n|poke|p2|Milotic, L50, F|\n|poke|p2|Floette-Eternal, L50, F|\n|poke|p2|Sneasler, L50, F|\n|poke|p2|Incineroar, L50, F|\n|teampreview|4\n|inactive|Battle timer is ON: inactive players will automatically lose when time's up. (requested by sdlt 2krl kiki)\n|inactive|cuspid has 60 seconds left.\n|inactive|sdlt 2krl kiki has 60 seconds left.\n|\n|t:|1776734746\n|teamsize|p1|4\n|teamsize|p2|4\n|start\n|switch|p1a: Corviknight|Corviknight, L50, F|100/100\n|switch|p1b: Rotom|Rotom-Heat, L50|100/100\n|switch|p2a: Espathra|Espathra, L50, M|100/100\n|switch|p2b: Incineroar|Incineroar, L50, F|100/100\n|-ability|p2b: Incineroar|Intimidate|boost\n|-ability|p1a: Corviknight|Mirror Armor\n|-unboost|p2b: Incineroar|atk|1\n|-unboost|p1b: Rotom|atk|1\n|turn|1\n|\n|t:|1776734766\n|move|p2b: Incineroar|Fake Out|p1b: Rotom\n|-damage|p1b: Rotom|91/100\n|cant|p1b: Rotom|flinch\n|move|p2a: Espathra|Calm Mind|p2a: Espathra\n|-boost|p2a: Espathra|spa|1\n|-boost|p2a: Espathra|spd|1\n|move|p1a: Corviknight|Tailwind|p1a: Corviknight\n|-sidestart|p1: cuspid|move: Tailwind\n|\n|-ability|p2a: Espathra|Speed Boost|boost\n|-boost|p2a: Espathra|spe|1\n|upkeep\n|turn|2\n|inactive|sdlt 2krl kiki has 30 seconds left.\n|\n|t:|1776734800\n|move|p2a: Espathra|Protect|p2a: Espathra\n|-singleturn|p2a: Espathra|Protect\n|move|p1b: Rotom|Volt Switch|p2a: Espathra\n|-activate|p2a: Espathra|move: Protect\n|move|p1a: Corviknight|Iron Head|p2a: Espathra\n|-activate|p2a: Espathra|move: Protect\n|move|p2b: Incineroar|Parting Shot|p1b: Rotom\n|-unboost|p1b: Rotom|atk|1\n|-unboost|p1b: Rotom|spa|1\n|\n|t:|1776734820\n|switch|p2b: Sneasler|Sneasler, L50, F|100/100|[from] Parting Shot\n|\n|-ability|p2a: Espathra|Speed Boost|boost\n|-boost|p2a: Espathra|spe|1\n|upkeep\n|turn|3\n|\n|t:|1776734835\n|move|p2b: Sneasler|Fake Out|p1a: Corviknight\n|-resisted|p1a: Corviknight|1\n|-damage|p1a: Corviknight|95/100\n|move|p1b: Rotom|Volt Switch|p2b: Sneasler\n|-damage|p2b: Sneasler|76/100\n|\n|t:|1776734842\n|switch|p1b: Primarina|Primarina, L50, M|100/100|[from] Volt Switch\n|move|p2a: Espathra|Calm Mind|p2a: Espathra\n|-boost|p2a: Espathra|spa|1\n|-boost|p2a: Espathra|spd|1\n|cant|p1a: Corviknight|flinch\n|\n|-heal|p1a: Corviknight|100/100|[from] item: Leftovers\n|-ability|p2a: Espathra|Speed Boost|boost\n|-boost|p2a: Espathra|spe|1\n|upkeep\n|turn|4\n|\n|t:|1776734854\n|switch|p2b: Incineroar|Incineroar, L50, F|100/100\n|-ability|p2b: Incineroar|Intimidate|boost\n|-ability|p1a: Corviknight|Mirror Armor\n|-unboost|p2b: Incineroar|atk|1\n|-unboost|p1b: Primarina|atk|1\n|move|p2a: Espathra|Protect|p2a: Espathra\n|-singleturn|p2a: Espathra|Protect\n|move|p1a: Corviknight|Brave Bird|p2b: Incineroar\n|-damage|p2b: Incineroar|68/100\n|-damage|p1a: Corviknight|90/100|[from] Recoil\n|move|p1b: Primarina|Hyper Voice|p2a: Espathra|[spread] p2b\n|-activate|p2a: Espathra|move: Protect\n|-supereffective|p2b: Incineroar|1\n|-damage|p2b: Incineroar|1/100\n|-enditem|p2b: Incineroar|Sitrus Berry|[eat]\n|-heal|p2b: Incineroar|26/100|[from] item: Sitrus Berry\n|\n|-heal|p1a: Corviknight|96/100|[from] item: Leftovers\n|-sideend|p1: cuspid|move: Tailwind\n|-ability|p2a: Espathra|Speed Boost|boost\n|-boost|p2a: Espathra|spe|1\n|upkeep\n|turn|5\n|\n|t:|1776734869\n|move|p2b: Incineroar|Fake Out|p1b: Primarina\n|-damage|p1b: Primarina|92/100\n|move|p2a: Espathra|Calm Mind|p2a: Espathra\n|-boost|p2a: Espathra|spa|1\n|-boost|p2a: Espathra|spd|1\n|move|p1a: Corviknight|Brave Bird|p2a: Espathra\n|-damage|p2a: Espathra|30/100\n|-damage|p1a: Corviknight|76/100|[from] Recoil\n|cant|p1b: Primarina|flinch\n|\n|-heal|p1a: Corviknight|82/100|[from] item: Leftovers\n|-ability|p2a: Espathra|Speed Boost|boost\n|-boost|p2a: Espathra|spe|1\n|upkeep\n|turn|6\n|\n|t:|1776734884\n|move|p2a: Espathra|Protect|p2a: Espathra\n|-singleturn|p2a: Espathra|Protect\n|move|p1a: Corviknight|Tailwind|p1a: Corviknight\n|-sidestart|p1: cuspid|move: Tailwind\n|move|p1b: Primarina|Hyper Voice|p2a: Espathra|[spread] p2b\n|-activate|p2a: Espathra|move: Protect\n|-supereffective|p2b: Incineroar|1\n|-damage|p2b: Incineroar|0 fnt\n|faint|p2b: Incineroar\n|\n|-heal|p1a: Corviknight|88/100|[from] item: Leftovers\n|-ability|p2a: Espathra|Speed Boost|boost\n|-boost|p2a: Espathra|spe|1\n|upkeep\n|\n|t:|1776734886\n|switch|p2b: Sneasler|Sneasler, L50, F|76/100\n|turn|7\n|\n|t:|1776734903\n|move|p2b: Sneasler|Fake Out|p1a: Corviknight\n|-resisted|p1a: Corviknight|1\n|-damage|p1a: Corviknight|82/100\n|move|p2a: Espathra|Baton Pass|p2a: Espathra\n|\n|t:|1776734908\n|switch|p2a: Floette|Floette-Eternal, L50, F|100/100|[from] Baton Pass\n|cant|p1a: Corviknight|flinch\n|move|p1b: Primarina|Hyper Voice|p2b: Sneasler|[spread] p2a,p2b\n|-damage|p2a: Floette|88/100\n|-damage|p2b: Sneasler|35/100\n|\n|-heal|p1a: Corviknight|88/100|[from] item: Leftovers\n|upkeep\n|turn|8\n|inactive|sdlt 2krl kiki has 30 seconds left.\n|inactive|sdlt 2krl kiki has 20 seconds left.\n|inactive|sdlt 2krl kiki has 15 seconds left.\n|\n|t:|1776734951\n|switch|p2b: Espathra|Espathra, L50, M|30/100\n|detailschange|p2a: Floette|Floette-Mega, L50, F\n|-mega|p2a: Floette|Floette|Floettite\n|-ability|p2a: Floette|Fairy Aura\n|move|p2a: Floette|Moonblast|p1b: Primarina\n|-damage|p1b: Primarina|0 fnt\n|faint|p1b: Primarina\n|move|p1a: Corviknight|Iron Head|p2a: Floette\n|-supereffective|p2a: Floette|1\n|-damage|p2a: Floette|32/100\n|\n|-heal|p1a: Corviknight|94/100|[from] item: Leftovers\n|upkeep\n|\n|t:|1776734965\n|switch|p1b: Venusaur|Venusaur, L50, F|100/100\n|turn|9\n|\n|t:|1776734982\n|detailschange|p1b: Venusaur|Venusaur-Mega, L50, F\n|-mega|p1b: Venusaur|Venusaur|Venusaurite\n|move|p2a: Floette|Protect|p2a: Floette\n|-singleturn|p2a: Floette|Protect\n|move|p2b: Espathra|Protect|p2b: Espathra\n|-singleturn|p2b: Espathra|Protect\n|move|p1b: Venusaur|Sludge Bomb|p2a: Floette\n|-activate|p2a: Floette|move: Protect\n|move|p1a: Corviknight|Iron Head|p2b: Espathra\n|-activate|p2b: Espathra|move: Protect\n|\n|-heal|p1a: Corviknight|99/100|[from] item: Leftovers\n|-sideend|p1: cuspid|move: Tailwind\n|-ability|p2b: Espathra|Speed Boost|boost\n|-boost|p2b: Espathra|spe|1\n|upkeep\n|turn|10\n|inactive|sdlt 2krl kiki has 30 seconds left.\n|inactive|sdlt 2krl kiki has 20 seconds left.\n|\n|t:|1776735020\n|move|p2a: Floette|Synthesis|p2a: Floette\n|-heal|p2a: Floette|82/100\n|move|p2b: Espathra|Lumina Crash|p1b: Venusaur\n|-supereffective|p1b: Venusaur|1\n|-damage|p1b: Venusaur|45/100\n|-unboost|p1b: Venusaur|spd|2\n|move|p1b: Venusaur|Sludge Bomb|p2a: Floette\n|-supereffective|p2a: Floette|1\n|-damage|p2a: Floette|55/100\n|move|p1a: Corviknight|Iron Head|p2a: Floette\n|-supereffective|p2a: Floette|1\n|-damage|p2a: Floette|2/100\n|\n|-heal|p1a: Corviknight|100/100|[from] item: Leftovers\n|-ability|p2b: Espathra|Speed Boost|boost\n|-boost|p2b: Espathra|spe|1\n|upkeep\n|turn|11\n|inactive|cuspid has 30 seconds left.\n|\n|t:|1776735046\n|move|p2a: Floette|Protect|p2a: Floette\n|-singleturn|p2a: Floette|Protect\n|move|p2b: Espathra|Lumina Crash|p1b: Venusaur\n|-supereffective|p1b: Venusaur|1\n|-damage|p1b: Venusaur|0 fnt\n|faint|p1b: Venusaur\n|move|p1a: Corviknight|Iron Head|p2a: Floette\n|-activate|p2a: Floette|move: Protect\n|\n|-ability|p2b: Espathra|Speed Boost|boost\n|-boost|p2b: Espathra|spe|1\n|upkeep\n|\n|t:|1776735050\n|switch|p1b: Rotom|Rotom-Heat, L50|91/100\n|turn|12\n|inactive|sdlt 2krl kiki has 30 seconds left.\n|inactive|sdlt 2krl kiki has 20 seconds left.\n|inactive|sdlt 2krl kiki has 15 seconds left.\n|\n|t:|1776735090\n|move|p2a: Floette|Moonblast|p1b: Rotom\n|-resisted|p1b: Rotom|1\n|-damage|p1b: Rotom|0 fnt\n|faint|p1b: Rotom\n|move|p2b: Espathra|Lumina Crash|p1a: Corviknight\n|-resisted|p1a: Corviknight|1\n|-damage|p1a: Corviknight|84/100\n|-ability|p1a: Corviknight|Mirror Armor\n|-unboost|p2b: Espathra|spd|2\n|move|p1a: Corviknight|Iron Head|p2a: Floette\n|-supereffective|p2a: Floette|1\n|-damage|p2a: Floette|0 fnt\n|faint|p2a: Floette\n|\n|-heal|p1a: Corviknight|90/100|[from] item: Leftovers\n|-ability|p2b: Espathra|Speed Boost|boost\n|-boost|p2b: Espathra|spe|1\n|upkeep\n|\n|t:|1776735102\n|switch|p2a: Sneasler|Sneasler, L50, F|35/100\n|turn|13\n|\n|t:|1776735115\n|move|p2a: Sneasler|Fake Out|p1a: Corviknight\n|-resisted|p1a: Corviknight|1\n|-damage|p1a: Corviknight|84/100\n|move|p2b: Espathra|Lumina Crash|p1a: Corviknight\n|-resisted|p1a: Corviknight|1\n|-damage|p1a: Corviknight|68/100\n|-ability|p1a: Corviknight|Mirror Armor\n|-unboost|p2b: Espathra|spd|2\n|cant|p1a: Corviknight|flinch\n|\n|-heal|p1a: Corviknight|74/100|[from] item: Leftovers\n|-ability|p2b: Espathra|Speed Boost|boost\n|-boost|p2b: Espathra|spe|1\n|upkeep\n|turn|14\n|\n|t:|1776735136\n|move|p2b: Espathra|Lumina Crash|p1a: Corviknight\n|-resisted|p1a: Corviknight|1\n|-damage|p1a: Corviknight|60/100\n|-ability|p1a: Corviknight|Mirror Armor\n|-unboost|p2b: Espathra|spd|2\n|move|p2a: Sneasler|Close Combat|p1a: Corviknight\n|-damage|p1a: Corviknight|9/100\n|-unboost|p2a: Sneasler|def|1\n|-unboost|p2a: Sneasler|spd|1\n|-enditem|p2a: Sneasler|White Herb\n|-clearnegativeboost|p2a: Sneasler|[silent]\n|move|p1a: Corviknight|Roost|p1a: Corviknight\n|-heal|p1a: Corviknight|60/100\n|-singleturn|p1a: Corviknight|move: Roost\n|\n|-heal|p1a: Corviknight|65/100|[from] item: Leftovers\n|-ability|p2b: Espathra|Speed Boost|boost\n|-boost|p2b: Espathra|spe|1\n|upkeep\n|turn|15\n|\n|t:|1776735158\n|move|p2b: Espathra|Lumina Crash|p1a: Corviknight\n|-resisted|p1a: Corviknight|1\n|-damage|p1a: Corviknight|51/100\n|-ability|p1a: Corviknight|Mirror Armor\n|-unboost|p2b: Espathra|spd|0\n|move|p2a: Sneasler|Close Combat|p1a: Corviknight\n|-damage|p1a: Corviknight|1/100\n|-unboost|p2a: Sneasler|def|1\n|-unboost|p2a: Sneasler|spd|1\n|move|p1a: Corviknight|Roost|p1a: Corviknight\n|-heal|p1a: Corviknight|51/100\n|-singleturn|p1a: Corviknight|move: Roost\n|\n|-heal|p1a: Corviknight|57/100|[from] item: Leftovers\n|upkeep\n|turn|16\n|\n|t:|1776735171\n|move|p2b: Espathra|Lumina Crash|p1a: Corviknight\n|-resisted|p1a: Corviknight|1\n|-damage|p1a: Corviknight|41/100\n|-ability|p1a: Corviknight|Mirror Armor\n|-unboost|p2b: Espathra|spd|0\n|move|p2a: Sneasler|Close Combat|p1a: Corviknight\n|-damage|p1a: Corviknight|0 fnt\n|-unboost|p2a: Sneasler|def|1\n|-unboost|p2a: Sneasler|spd|1\n|faint|p1a: Corviknight\n|\n|win|sdlt 2krl kiki\n|raw|cuspid's rating: 1140 &rarr; <strong>1112</strong><br />(-28 for losing)\n|raw|sdlt 2krl kiki's rating: 1102 &rarr; <strong>1130</strong><br />(+28 for winning)\n",
  "uploadtime": 1776735172,
  "views": 2,
  "formatid": "gen9championsvgc2026regma",
  "rating": 1112,
  "private": 0,
  "password": null
}