{
  "id": "gen9championsvgc2026regma-2584875855",
  "format": "[Gen 9 Champions] VGC 2026 Reg M-A",
  "players": [
    "Rharo0",
    "spiralstars182"
  ],
  "log": "|j|\u2606Rharo0\n|j|\u2606spiralstars182\n|t:|1776290679\n|gametype|doubles\n|player|p1|Rharo0|pokemonbreeder|1013\n|player|p2|spiralstars182|1|1000\n|gen|9\n|tier|[Gen 9 Champions] VGC 2026 Reg M-A\n|rated|\n|rule|Species Clause: Limit one of each Pok\u00e9mon\n|rule|Item Clause: Limit 1 of each item\n|clearpoke\n|poke|p1|Sableye, L50, M|\n|poke|p1|Banette, L50, F|\n|poke|p1|Rampardos, L50, M|\n|poke|p1|Empoleon, L50, F|\n|poke|p1|Weavile, L50, M|\n|poke|p1|Raichu, L50, F|\n|poke|p2|Blastoise, L50, M|\n|poke|p2|Sinistcha, L50|\n|poke|p2|Garchomp, L50, M|\n|poke|p2|Sneasler, L50, M|\n|poke|p2|Whimsicott, L50, M|\n|poke|p2|Charizard, L50, M|\n|teampreview|4\n|\n|t:|1776290707\n|teamsize|p1|4\n|teamsize|p2|4\n|start\n|switch|p1a: Sableye|Sableye, L50, M|100/100\n|switch|p1b: Rampardos|Rampardos, L50, M|100/100\n|switch|p2a: Whimsicott|Whimsicott, L50, M|100/100\n|switch|p2b: Garchomp|Garchomp, L50, M|100/100\n|-ability|p1b: Rampardos|Mold Breaker\n|turn|1\n|\n|t:|1776290731\n|move|p2a: Whimsicott|Protect|p2a: Whimsicott\n|-singleturn|p2a: Whimsicott|Protect\n|move|p2b: Garchomp|Protect|p2b: Garchomp\n|-singleturn|p2b: Garchomp|Protect\n|move|p1b: Rampardos|Protect|p1b: Rampardos\n|-singleturn|p1b: Rampardos|Protect\n|move|p1a: Sableye|Metal Burst||[still]\n|-fail|p1a: Sableye\n|\n|upkeep\n|turn|2\n|\n|t:|1776290749\n|move|p2a: Whimsicott|Encore|p1b: Rampardos\n|-start|p1b: Rampardos|Encore\n|move|p1b: Rampardos|Protect|p1b: Rampardos\n|-singleturn|p1b: Rampardos|Protect\n|move|p1a: Sableye|Quash|p2b: Garchomp\n|-activate|p2b: Garchomp|move: Quash\n|move|p2b: Garchomp|Dragon Claw|p1a: Sableye\n|-damage|p1a: Sableye|21/100\n|\n|upkeep\n|turn|3\n|\n|t:|1776290767\n|switch|p1a: Weavile|Weavile, L50, M|100/100\n|-ability|p1a: Weavile|Pressure\n|switch|p1b: Banette|Banette, L50, F|100/100\n|move|p2b: Garchomp|Dragon Claw|p1b: Banette\n|-damage|p1b: Banette|33/100\n|move|p2a: Whimsicott|Moonblast|p1a: Weavile\n|-supereffective|p1a: Weavile|1\n|-crit|p1a: Weavile\n|-damage|p1a: Weavile|0 fnt\n|faint|p1a: Weavile\n|\n|upkeep\n|c|\u2606Rharo0|Funny\n|\n|t:|1776290782\n|switch|p1a: Sableye|Sableye, L50, M|21/100\n|turn|4\n|\n|t:|1776290787\n|detailschange|p1b: Banette|Banette-Mega, L50, F\n|-mega|p1b: Banette|Banette|Banettite\n|move|p2a: Whimsicott|Protect|p2a: Whimsicott\n|-singleturn|p2a: Whimsicott|Protect\n|move|p1a: Sableye|Protect|p1a: Sableye\n|-singleturn|p1a: Sableye|Protect\n|move|p1b: Banette|Destiny Bond|p1b: Banette\n|-singlemove|p1b: Banette|Destiny Bond\n|move|p2b: Garchomp|Earthquake|p1b: Banette|[spread] p1b\n|-activate|p2a: Whimsicott|move: Protect\n|-activate|p1a: Sableye|move: Protect\n|-damage|p1b: Banette|0 fnt\n|faint|p1b: Banette\n|-activate|p1b: Banette|move: Destiny Bond\n|faint|p2b: Garchomp\n|\n|upkeep\n|\n|t:|1776290805\n|switch|p2b: Blastoise|Blastoise, L50, M|100/100\n|switch|p1b: Rampardos|Rampardos, L50, M|100/100\n|-ability|p1b: Rampardos|Mold Breaker\n|turn|5\n|\n|t:|1776290818\n|move|p2b: Blastoise|Protect|p2b: Blastoise\n|-singleturn|p2b: Blastoise|Protect\n|move|p1a: Sableye|Quash|p2b: Blastoise\n|-activate|p2b: Blastoise|move: Protect\n|move|p2a: Whimsicott|Moonblast|p1a: Sableye\n|-supereffective|p1a: Sableye|1\n|-damage|p1a: Sableye|0 fnt\n|faint|p1a: Sableye\n|move|p1b: Rampardos|Rock Slide|p2a: Whimsicott|[spread] p2a\n|-activate|p2b: Blastoise|move: Protect\n|-damage|p2a: Whimsicott|47/100\n|\n|upkeep\n|turn|6\n|\n|t:|1776290834\n|detailschange|p2b: Blastoise|Blastoise-Mega, L50, M\n|-mega|p2b: Blastoise|Blastoise|Blastoisinite\n|move|p2a: Whimsicott|Tailwind|p2a: Whimsicott\n|-sidestart|p2: spiralstars182|move: Tailwind\n|move|p2b: Blastoise|Water Spout|p1b: Rampardos\n|-supereffective|p1b: Rampardos|1\n|-damage|p1b: Rampardos|0 fnt\n|faint|p1b: Rampardos\n|\n|win|spiralstars182\n|raw|Rharo0's rating: 1013 &rarr; <strong>1001</strong><br />(-12 for losing)\n|raw|spiralstars182's rating: 1000 &rarr; <strong>1041</strong><br />(+41 for winning)\n|c|\u2606Rharo0|Gg\n|c|\u2606spiralstars182|gg\n|l|\u2606Rharo0\n|player|p1|\n",
  "uploadtime": 1776290845,
  "views": 22,
  "formatid": "gen9championsvgc2026regma",
  "rating": 1001,
  "private": 0,
  "password": null
}