{
  "id": "gen9championsvgc2026regma-2586588669",
  "format": "[Gen 9 Champions] VGC 2026 Reg M-A",
  "players": [
    "lknbvvv",
    "DrChocolateMD"
  ],
  "log": "|j|\u2606lknbvvv\n|j|\u2606DrChocolateMD\n|t:|1776445146\n|gametype|doubles\n|player|p1|lknbvvv|1|1052\n|player|p2|DrChocolateMD|shadowtriad|1085\n|gen|9\n|tier|[Gen 9 Champions] VGC 2026 Reg M-A\n|rated|\n|rule|Species Clause: Limit one of each Pok\u00e9mon\n|rule|Item Clause: Limit 1 of each item\n|clearpoke\n|poke|p1|Sableye, L50, M|\n|poke|p1|Talonflame, L50, M|\n|poke|p1|Aegislash, L50, M|\n|poke|p1|Rotom-Wash, L50|\n|poke|p1|Lucario, L50, M|\n|poke|p1|Scovillain, L50, F|\n|poke|p2|Typhlosion-Hisui, L50, F|\n|poke|p2|Froslass, L50, F|\n|poke|p2|Jolteon, L50, F|\n|poke|p2|Clefable, L50, M|\n|poke|p2|Sinistcha, L50|\n|poke|p2|Sneasler, L50, F|\n|teampreview|4\nDrChocolateMD rejected open team sheets.\n|\n|t:|1776445178\n|teamsize|p1|4\n|teamsize|p2|4\n|start\n|switch|p1a: Scovillain|Scovillain, L50, F|100/100\n|switch|p1b: Sableye|Sableye, L50, M|100/100\n|switch|p2a: Typhlosion|Typhlosion-Hisui, L50, F|100/100\n|switch|p2b: Jolteon|Jolteon, L50, F|100/100\n|-item|p1a: Scovillain|Scovillainite|[from] ability: Frisk|[of] p2a: Typhlosion\n|-item|p1b: Sableye|Roseli Berry|[from] ability: Frisk|[of] p2a: Typhlosion\n|turn|1\n|inactive|Battle timer is ON: inactive players will automatically lose when time's up. (requested by DrChocolateMD)\n|\n|t:|1776445202\n|move|p1a: Scovillain|Protect|p1a: Scovillain\n|-singleturn|p1a: Scovillain|Protect\n|move|p1b: Sableye|Fake Out|p2b: Jolteon\n|-crit|p2b: Jolteon\n|-damage|p2b: Jolteon|81/100\n|move|p2a: Typhlosion|Eruption|p1a: Scovillain|[spread] p1b\n|-activate|p1a: Scovillain|move: Protect\n|-damage|p1b: Sableye|11/100\n|cant|p2b: Jolteon|flinch\n|\n|-ability|p1a: Scovillain|Moody|boost\n|-boost|p1a: Scovillain|atk|2\n|-unboost|p1a: Scovillain|def|1\n|upkeep\n|turn|2\n|\n|t:|1776445227\n|detailschange|p1a: Scovillain|Scovillain-Mega, L50, F\n|-mega|p1a: Scovillain|Scovillain|Scovillainite\n|move|p1b: Sableye|Light Screen|p1b: Sableye\n|-sidestart|p1: lknbvvv|move: Light Screen\n|move|p2a: Typhlosion|Eruption|p1b: Sableye|[spread] p1a,p1b\n|-damage|p1a: Scovillain|59/100\n|-damage|p1b: Sableye|0 fnt\n|-immune|p2a: Typhlosion\n|faint|p1b: Sableye\n|move|p2b: Jolteon|Fake Tears|p1a: Scovillain\n|-unboost|p1a: Scovillain|spd|2\n|move|p1a: Scovillain|Leech Seed|p2a: Typhlosion\n|-start|p2a: Typhlosion|move: Leech Seed\n|\n|-damage|p2a: Typhlosion|88/100|[from] Leech Seed|[of] p1a: Scovillain\n|-heal|p1a: Scovillain|69/100|[silent]\n|upkeep\n|\n|t:|1776445248\n|switch|p1b: Aegislash|Aegislash, L50, M|100/100\n|turn|3\n|\n|t:|1776445258\n|move|p1a: Scovillain|Protect|p1a: Scovillain\n|-singleturn|p1a: Scovillain|Protect\n|move|p1b: Aegislash|King's Shield|p1b: Aegislash\n|-singleturn|p1b: Aegislash|Protect\n|move|p2a: Typhlosion|Eruption|p1a: Scovillain|[spread] \n|-activate|p1a: Scovillain|move: Protect\n|-activate|p1b: Aegislash|move: Protect\n|move|p2b: Jolteon|Fake Tears|p1b: Aegislash\n|-unboost|p1b: Aegislash|spd|2\n|\n|-damage|p2a: Typhlosion|76/100|[from] Leech Seed|[of] p1a: Scovillain\n|-heal|p1a: Scovillain|80/100|[silent]\n|upkeep\n|turn|4\n|\n|t:|1776445279\n|-formechange|p1b: Aegislash|Aegislash-Blade|\n|move|p1b: Aegislash|Shadow Sneak|p2a: Typhlosion\n|-supereffective|p2a: Typhlosion|1\n|-damage|p2a: Typhlosion|0 fnt\n|faint|p2a: Typhlosion\n|move|p2b: Jolteon|Fake Tears|p1b: Aegislash\n|-unboost|p1b: Aegislash|spd|2\n|move|p1a: Scovillain|Leech Seed|p2b: Jolteon|[miss]\n|-miss|p1a: Scovillain|p2b: Jolteon\n|\n|upkeep\n|\n|t:|1776445289\n|switch|p2a: Froslass|Froslass, L50, F|100/100\n|turn|5\n|\n|t:|1776445314\n|switch|p2b: Clefable|Clefable, L50, M|100/100\n|move|p2a: Froslass|Protect|p2a: Froslass\n|-singleturn|p2a: Froslass|Protect\n|move|p1a: Scovillain|Protect|p1a: Scovillain\n|-singleturn|p1a: Scovillain|Protect\n|move|p1b: Aegislash|Shadow Sneak|p2a: Froslass\n|-activate|p2a: Froslass|move: Protect\n|\n|upkeep\n|turn|6\n|\n|t:|1776445338\n|switch|p1a: Talonflame|Talonflame, L50, M|100/100\n|move|p2b: Clefable|Follow Me|p2b: Clefable\n|-singleturn|p2b: Clefable|move: Follow Me\n|move|p2a: Froslass|Substitute|p2a: Froslass\n|-start|p2a: Froslass|Substitute\n|-damage|p2a: Froslass|76/100\n|move|p1b: Aegislash|Poltergeist|p2b: Clefable\n|-activate|p2b: Clefable|move: Poltergeist|Sitrus Berry\n|-damage|p2b: Clefable|42/100\n|-enditem|p2b: Clefable|Sitrus Berry|[eat]\n|-heal|p2b: Clefable|67/100|[from] item: Sitrus Berry\n|\n|-sideend|p1: lknbvvv|move: Light Screen\n|upkeep\n|turn|7\n|inactive|lknbvvv has 30 seconds left.\n|inactive|DrChocolateMD has 30 seconds left.\n|\n|t:|1776445372\n|switch|p1b: Scovillain|Scovillain-Mega, L50, F|80/100\n|detailschange|p2a: Froslass|Froslass-Mega, L50, F\n|-mega|p2a: Froslass|Froslass|Froslassite\n|-weather|Snowscape|[from] ability: Snow Warning|[of] p2a: Froslass\n|move|p2b: Clefable|Helping Hand|p2a: Froslass\n|-singleturn|p2a: Froslass|Helping Hand|[of] p2b: Clefable\n|move|p1a: Talonflame|Taunt|p2b: Clefable\n|-start|p2b: Clefable|move: Taunt\n|move|p2a: Froslass|Blizzard|p1a: Talonflame|[spread] p1a,p1b\n|-enditem|p1a: Talonflame|Focus Sash\n|-damage|p1a: Talonflame|1/100\n|-damage|p1b: Scovillain|9/100\n|-status|p2a: Froslass|brn|[from] ability: Spicy Spray|[of] p1b: Scovillain\n|\n|-weather|Snowscape|[upkeep]\n|-damage|p2a: Froslass|69/100 brn|[from] brn\n|upkeep\n|turn|8\n|inactive|lknbvvv has 30 seconds left.\n|inactive|DrChocolateMD has 30 seconds left.\n|inactive|lknbvvv has 20 seconds left.\n|inactive|lknbvvv has 15 seconds left.\n|\n|t:|1776445413\n|move|p2a: Froslass|Protect|p2a: Froslass\n|-singleturn|p2a: Froslass|Protect\n|move|p1b: Scovillain|Protect|p1b: Scovillain\n|-singleturn|p1b: Scovillain|Protect\n|move|p1a: Talonflame|Tailwind|p1a: Talonflame\n|-sidestart|p1: lknbvvv|move: Tailwind\n|move|p2b: Clefable|Moonblast|p1a: Talonflame\n|-resisted|p1a: Talonflame|1\n|-damage|p1a: Talonflame|0 fnt\n|faint|p1a: Talonflame\n|\n|-weather|Snowscape|[upkeep]\n|-damage|p2a: Froslass|63/100 brn|[from] brn\n|upkeep\n|\n|t:|1776445428\n|switch|p1a: Aegislash|Aegislash, L50, M|100/100\n|turn|9\n|\n|t:|1776445436\n|move|p1b: Scovillain|Flamethrower|p2a: Froslass\n|-supereffective|p2a: Froslass|1\n|-end|p2a: Froslass|Substitute\n|move|p2a: Froslass|Blizzard|p1a: Aegislash|[spread] p1a,p1b\n|-resisted|p1a: Aegislash|1\n|-damage|p1a: Aegislash|83/100\n|-damage|p1b: Scovillain|0 fnt\n|faint|p1b: Scovillain\n|-formechange|p1a: Aegislash|Aegislash-Blade|\n|move|p1a: Aegislash|Iron Head|p2b: Clefable\n|-supereffective|p2b: Clefable|1\n|-damage|p2b: Clefable|0 fnt\n|faint|p2b: Clefable\n|\n|-weather|Snowscape|[upkeep]\n|-damage|p2a: Froslass|57/100 brn|[from] brn\n|upkeep\n|\n|t:|1776445454\n|switch|p2b: Jolteon|Jolteon, L50, F|81/100\n|turn|10\n|inactive|DrChocolateMD has 30 seconds left.\n|inactive|lknbvvv has 30 seconds left.\n|\n|t:|1776445487\n|move|p2b: Jolteon|Thunderbolt|p1a: Aegislash\n|-crit|p1a: Aegislash\n|-damage|p1a: Aegislash|0 fnt\n|faint|p1a: Aegislash\n|\n|win|DrChocolateMD\n|raw|lknbvvv's rating: 1052 &rarr; <strong>1036</strong><br />(-16 for losing)\n|raw|DrChocolateMD's rating: 1085 &rarr; <strong>1110</strong><br />(+25 for winning)\n|l|\u2606lknbvvv\n|player|p1|\n",
  "uploadtime": 1776445518,
  "views": 21,
  "formatid": "gen9championsvgc2026regma",
  "rating": 1036,
  "private": 0,
  "password": null
}