{
  "id": "gen9championsvgc2026regma-2582250419",
  "format": "[Gen 9 Champions] VGC 2026 Reg M-A",
  "players": [
    "labaladecos",
    "rauu1"
  ],
  "log": "|j|\u2606labaladecos\n|j|\u2606rauu1\n|t:|1776076148\n|gametype|doubles\n|player|p1|labaladecos|hugh|1145\n|player|p2|rauu1|170|1109\n|gen|9\n|tier|[Gen 9 Champions] VGC 2026 Reg M-A\n|rated|\n|rule|Species Clause: Limit one of each Pok\u00e9mon\n|rule|Item Clause: Limit 1 of each item\n|clearpoke\n|poke|p1|Chesnaught, L50, M|\n|poke|p1|Sinistcha, L50|\n|poke|p1|Whimsicott, L50, M|\n|poke|p1|Clefable, L50, F|\n|poke|p1|Pelipper, L50, M|\n|poke|p1|Dragonite, L50, M|\n|poke|p2|Incineroar, L50, M|\n|poke|p2|Floette-Eternal, L50, F|\n|poke|p2|Kommo-o, L50, F|\n|poke|p2|Aegislash, L50, M|\n|poke|p2|Rotom-Wash, L50|\n|poke|p2|Tyranitar, L50, M|\n|teampreview|4\n|inactive|Battle timer is ON: inactive players will automatically lose when time's up. (requested by rauu1)\n|inactive|labaladecos has 60 seconds left.\n|\n|t:|1776076204\n|teamsize|p1|4\n|teamsize|p2|4\n|start\n|switch|p1a: Sinistcha|Sinistcha, L50|100/100\n|switch|p1b: Chesnaught|Chesnaught, L50, M, shiny|100/100\n|switch|p2a: Incineroar|Incineroar, L50, M, shiny|100/100\n|switch|p2b: Aegislash|Aegislash, L50, M, shiny|100/100\n|-ability|p2a: Incineroar|Intimidate|boost\n|-unboost|p1a: Sinistcha|atk|1\n|-unboost|p1b: Chesnaught|atk|1\n|turn|1\n|inactive|rauu1 has 30 seconds left.\n|\n|t:|1776076231\n|move|p2a: Incineroar|Helping Hand|p2b: Aegislash\n|-singleturn|p2b: Aegislash|Helping Hand|[of] p2a: Incineroar\n|move|p1b: Chesnaught|Spiky Shield|p1b: Chesnaught\n|-singleturn|p1b: Chesnaught|move: Protect\n|-formechange|p2b: Aegislash|Aegislash-Blade|\n|move|p2b: Aegislash|Shadow Sneak|p1a: Sinistcha\n|-supereffective|p1a: Sinistcha|1\n|-damage|p1a: Sinistcha|26/100\n|-enditem|p1a: Sinistcha|Sitrus Berry|[eat]\n|-heal|p1a: Sinistcha|51/100|[from] item: Sitrus Berry\n|move|p1a: Sinistcha|Trick Room|p1a: Sinistcha\n|-fieldstart|move: Trick Room|[of] p1a: Sinistcha\n|\n|upkeep\n|turn|2\n|\n|t:|1776076247\n|detailschange|p1b: Chesnaught|Chesnaught-Mega, L50, M, shiny\n|-mega|p1b: Chesnaught|Chesnaught|Chesnaughtite\n|move|p2a: Incineroar|Helping Hand|p2b: Aegislash\n|-singleturn|p2b: Aegislash|Helping Hand|[of] p2a: Incineroar\n|move|p1a: Sinistcha|Rage Powder|p1a: Sinistcha\n|-singleturn|p1a: Sinistcha|move: Rage Powder\n|move|p2b: Aegislash|Shadow Sneak|p1a: Sinistcha\n|-supereffective|p1a: Sinistcha|1\n|-damage|p1a: Sinistcha|0 fnt\n|faint|p1a: Sinistcha\n|move|p1b: Chesnaught|Belly Drum|p1b: Chesnaught\n|-damage|p1b: Chesnaught|51/100\n|-setboost|p1b: Chesnaught|atk|6|[from] move: Belly Drum\n|\n|upkeep\n|inactive|labaladecos has 30 seconds left.\n|\n|t:|1776076276\n|switch|p1a: Clefable|Clefable, L50, F|100/100\n|turn|3\n|inactive|rauu1 has 30 seconds left.\n|\n|t:|1776076307\n|move|p2a: Incineroar|Helping Hand|p2b: Aegislash\n|-singleturn|p2b: Aegislash|Helping Hand|[of] p2a: Incineroar\n|move|p1a: Clefable|Follow Me|p1a: Clefable\n|-singleturn|p1a: Clefable|move: Follow Me\n|move|p2b: Aegislash|Shadow Sneak|p1a: Clefable\n|-damage|p1a: Clefable|60/100\n|move|p1b: Chesnaught|Grassy Glide|p2a: Incineroar\n|-resisted|p2a: Incineroar|1\n|-damage|p2a: Incineroar|49/100\n|-enditem|p2a: Incineroar|Sitrus Berry|[eat]\n|-heal|p2a: Incineroar|73/100|[from] item: Sitrus Berry\n|\n|-heal|p1a: Clefable|66/100|[from] item: Leftovers\n|upkeep\n|turn|4\n|\n|t:|1776076326\n|move|p1a: Clefable|Follow Me|p1a: Clefable\n|-singleturn|p1a: Clefable|move: Follow Me\n|move|p1b: Chesnaught|Grassy Glide|p2b: Aegislash\n|-resisted|p2b: Aegislash|1\n|-damage|p2b: Aegislash|0 fnt\n|faint|p2b: Aegislash\n|move|p2a: Incineroar|Flare Blitz|p1a: Clefable\n|-damage|p1a: Clefable|25/100\n|-damage|p2a: Incineroar|60/100|[from] Recoil\n|\n|-heal|p1a: Clefable|31/100|[from] item: Leftovers\n|upkeep\n|\n|t:|1776076344\n|switch|p2b: Floette|Floette-Eternal, L50, F|100/100\n|turn|5\n|inactive|labaladecos has 30 seconds left.\n|\n|t:|1776076372\n|detailschange|p2b: Floette|Floette-Mega, L50, F\n|-mega|p2b: Floette|Floette|Floettite\n|-ability|p2b: Floette|Fairy Aura\n|move|p2b: Floette|Protect|p2b: Floette\n|-singleturn|p2b: Floette|Protect\n|move|p1a: Clefable|Follow Me|p1a: Clefable\n|-singleturn|p1a: Clefable|move: Follow Me\n|move|p1b: Chesnaught|Body Press|p2a: Incineroar\n|-supereffective|p2a: Incineroar|1\n|-damage|p2a: Incineroar|0 fnt\n|faint|p2a: Incineroar\n|\n|-heal|p1a: Clefable|37/100|[from] item: Leftovers\n|-fieldend|move: Trick Room\n|upkeep\n|\n|t:|1776076387\n|switch|p2a: Rotom|Rotom-Wash, L50|100/100\n|turn|6\n|\n|t:|1776076405\n|move|p1b: Chesnaught|Spiky Shield|p1b: Chesnaught\n|-singleturn|p1b: Chesnaught|move: Protect\n|move|p1a: Clefable|Follow Me|p1a: Clefable\n|-singleturn|p1a: Clefable|move: Follow Me\n|move|p2a: Rotom|Thunderbolt|p1a: Clefable\n|-damage|p1a: Clefable|1/100\n|move|p2b: Floette|Dazzling Gleam|p1a: Clefable|[spread] p1a\n|-activate|p1b: Chesnaught|move: Protect\n|-damage|p1a: Clefable|0 fnt\n|faint|p1a: Clefable\n|\n|upkeep\n|\n|t:|1776076415\n|switch|p1a: Whimsicott|Whimsicott, L50, M|100/100\n|turn|7\n|\n|t:|1776076425\n|move|p1a: Whimsicott|Grassy Terrain|p1a: Whimsicott\n|-fieldstart|move: Grassy Terrain\n|move|p1b: Chesnaught|Grassy Glide|p2b: Floette\n|-damage|p2b: Floette|0 fnt\n|faint|p2b: Floette\n|move|p2a: Rotom|Thunderbolt|p1b: Chesnaught\n|-resisted|p1b: Chesnaught|1\n|-damage|p1b: Chesnaught|35/100\n|\n|-heal|p1b: Chesnaught|41/100|[from] Grassy Terrain\n|upkeep\n|turn|8\n|-message|rauu1 forfeited.\n|\n|win|labaladecos\n|raw|labaladecos's rating: 1145 &rarr; <strong>1167</strong><br />(+22 for winning)\n|raw|rauu1's rating: 1109 &rarr; <strong>1087</strong><br />(-22 for losing)\n|l|\u2606rauu1\n|player|p2|\n",
  "uploadtime": 1776076440,
  "views": 13,
  "formatid": "gen9championsvgc2026regma",
  "rating": 1087,
  "private": 0,
  "password": null
}