{
  "id": "gen9championsvgc2026regma-2586220308",
  "format": "[Gen 9 Champions] VGC 2026 Reg M-A",
  "players": [
    "PrettiestFemcel78",
    "0llogrAm"
  ],
  "log": "|j|\u203dPrettiestFemcel78\n|j|\u203d0llogrAm\n|t:|1776413966\n|gametype|doubles\n|player|p1|PrettiestFemcel78|roxie|1185\n|player|p2|0llogrAm|170|1148\n|gen|9\n|tier|[Gen 9 Champions] VGC 2026 Reg M-A\n|rated|\n|rule|Species Clause: Limit one of each Pok\u00e9mon\n|rule|Item Clause: Limit 1 of each item\n|clearpoke\n|poke|p1|Archaludon, L50, F|\n|poke|p1|Pelipper, L50, M|\n|poke|p1|Sinistcha, L50|\n|poke|p1|Incineroar, L50, M|\n|poke|p1|Kingambit, L50, M|\n|poke|p1|Crabominable, L50, M|\n|poke|p2|Excadrill, L50, M|\n|poke|p2|Tyranitar, L50, M|\n|poke|p2|Garchomp, L50, M|\n|poke|p2|Corviknight, L50, M|\n|poke|p2|Gyarados, L50, F|\n|poke|p2|Sinistcha, L50|\n|teampreview|4\n|inactive|Battle timer is ON: inactive players will automatically lose when time's up. (requested by 0llogrAm)\n|\n|t:|1776413996\n|teamsize|p1|4\n|teamsize|p2|4\n|start\n|switch|p1a: Archaludon|Archaludon, L50, F|100/100\n|switch|p1b: Crabominable|Crabominable, L50, M|100/100\n|switch|p2a: Corviknight|Corviknight, L50, M|100/100\n|switch|p2b: Tyranitar|Tyranitar, L50, M|100/100\n|-weather|Sandstorm|[from] ability: Sand Stream|[of] p2b: Tyranitar\n|turn|1\n|inactive|PrettiestFemcel78 has 30 seconds left.\n|\n|t:|1776414031\n|switch|p1b: Pelipper|Pelipper, L50, M|100/100\n|-weather|RainDance|[from] ability: Drizzle|[of] p1b: Pelipper\n|detailschange|p2b: Tyranitar|Tyranitar-Mega, L50, M\n|-mega|p2b: Tyranitar|Tyranitar|Tyranitarite\n|-weather|Sandstorm|[from] ability: Sand Stream|[of] p2b: Tyranitar\n|move|p2a: Corviknight|Protect|p2a: Corviknight\n|-singleturn|p2a: Corviknight|Protect\n|move|p1a: Archaludon|Aura Sphere|p2b: Tyranitar\n|-supereffective|p2b: Tyranitar|2\n|-damage|p2b: Tyranitar|38/100\n|move|p2b: Tyranitar|Rock Slide|p1a: Archaludon|[spread] p1a,p1b\n|-resisted|p1a: Archaludon|1\n|-supereffective|p1b: Pelipper|1\n|-damage|p1a: Archaludon|86/100\n|-enditem|p1b: Pelipper|Focus Sash\n|-damage|p1b: Pelipper|1/100\n|-ability|p1a: Archaludon|Stamina|boost\n|-boost|p1a: Archaludon|def|1\n|\n|-weather|Sandstorm|[upkeep]\n|-damage|p1b: Pelipper|0 fnt|[from] Sandstorm\n|faint|p1b: Pelipper\n|-heal|p1a: Archaludon|92/100|[from] item: Leftovers\n|upkeep\n|\n|t:|1776414054\n|switch|p1b: Sinistcha|Sinistcha, L50|100/100\n|-heal|p1a: Archaludon|100/100|[from] ability: Hospitality|[of] p1b: Sinistcha\n|turn|2\n|\n|t:|1776414064\n|switch|p2b: Sinistcha|Sinistcha, L50|100/100\n|move|p1a: Archaludon|Protect|p1a: Archaludon\n|-singleturn|p1a: Archaludon|Protect\n|move|p2a: Corviknight|Brave Bird|p1b: Sinistcha\n|-supereffective|p1b: Sinistcha|1\n|-damage|p1b: Sinistcha|52/100\n|-damage|p2a: Corviknight|87/100|[from] Recoil\n|move|p1b: Sinistcha|Trick Room|p1b: Sinistcha\n|-fieldstart|move: Trick Room|[of] p1b: Sinistcha\n|\n|-weather|Sandstorm|[upkeep]\n|-damage|p1b: Sinistcha|46/100|[from] Sandstorm\n|-damage|p2b: Sinistcha|94/100|[from] Sandstorm\n|-heal|p2a: Corviknight|93/100|[from] item: Leftovers\n|upkeep\n|turn|3\n|\n|t:|1776414088\n|switch|p1b: Crabominable|Crabominable, L50, M|100/100\n|move|p2b: Sinistcha|Shadow Ball|p1b: Crabominable\n|-damage|p1b: Crabominable|59/100\n|-unboost|p1b: Crabominable|spd|1\n|move|p2a: Corviknight|Brave Bird|p1b: Crabominable\n|-supereffective|p1b: Crabominable|1\n|-damage|p1b: Crabominable|0 fnt\n|faint|p1b: Crabominable\n|-damage|p2a: Corviknight|73/100|[from] Recoil\n|move|p1a: Archaludon|Electro Shot||[still]\n|-prepare|p1a: Archaludon|Electro Shot\n|-boost|p1a: Archaludon|spa|1\n|\n|-weather|Sandstorm|[upkeep]\n|-damage|p2b: Sinistcha|88/100|[from] Sandstorm\n|-heal|p2a: Corviknight|79/100|[from] item: Leftovers\n|upkeep\n|\n|t:|1776414100\n|switch|p1b: Sinistcha|Sinistcha, L50|46/100\n|turn|4\n|\n|t:|1776414116\n|move|p1b: Sinistcha|Protect|p1b: Sinistcha\n|-singleturn|p1b: Sinistcha|Protect\n|move|p2a: Corviknight|Brave Bird|p1b: Sinistcha\n|-activate|p1b: Sinistcha|move: Protect\n|move|p1a: Archaludon|Electro Shot|p2a: Corviknight|[from] lockedmove\n|-supereffective|p2a: Corviknight|1\n|-damage|p2a: Corviknight|0 fnt\n|faint|p2a: Corviknight\n|move|p2b: Sinistcha|Trick Room|p2b: Sinistcha\n|-fieldend|move: Trick Room\n|\n|-weather|Sandstorm|[upkeep]\n|-damage|p1b: Sinistcha|40/100|[from] Sandstorm\n|-damage|p2b: Sinistcha|82/100|[from] Sandstorm\n|upkeep\n|\n|t:|1776414129\n|switch|p2a: Excadrill|Excadrill, L50, M|100/100\n|turn|5\n|\n|t:|1776414136\n|move|p2a: Excadrill|Earthquake|p1a: Archaludon|[spread] p2b,p1a,p1b\n|-resisted|p2b: Sinistcha|1\n|-supereffective|p1a: Archaludon|1\n|-resisted|p1b: Sinistcha|1\n|-damage|p2b: Sinistcha|66/100\n|-damage|p1a: Archaludon|60/100\n|-damage|p1b: Sinistcha|25/100\n|-ability|p1a: Archaludon|Stamina|boost\n|-boost|p1a: Archaludon|def|1\n|move|p1a: Archaludon|Aura Sphere|p2a: Excadrill\n|-supereffective|p2a: Excadrill|1\n|-enditem|p2a: Excadrill|Focus Sash\n|-damage|p2a: Excadrill|1/100\n|move|p2b: Sinistcha|Shadow Ball|p1b: Sinistcha\n|-supereffective|p1b: Sinistcha|1\n|-enditem|p1b: Sinistcha|Kasib Berry|[eat]\n|-enditem|p1b: Sinistcha|Kasib Berry|[weaken]\n|-damage|p1b: Sinistcha|0 fnt\n|faint|p1b: Sinistcha\n|\n|-weather|none\n|-heal|p1a: Archaludon|66/100|[from] item: Leftovers\n|upkeep\n|turn|6\n|\n|t:|1776414156\n|switch|p2b: Tyranitar|Tyranitar-Mega, L50, M|38/100\n|-weather|Sandstorm|[from] ability: Sand Stream|[of] p2b: Tyranitar\n|move|p1a: Archaludon|Protect|p1a: Archaludon\n|-singleturn|p1a: Archaludon|Protect\n|move|p2a: Excadrill|Earthquake|p1a: Archaludon|[spread] p2b\n|-activate|p1a: Archaludon|move: Protect\n|-supereffective|p2b: Tyranitar|1\n|-damage|p2b: Tyranitar|0 fnt\n|faint|p2b: Tyranitar\n|\n|-weather|Sandstorm|[upkeep]\n|-heal|p1a: Archaludon|72/100|[from] item: Leftovers\n|upkeep\n|\n|t:|1776414167\n|switch|p2b: Sinistcha|Sinistcha, L50|66/100\n|-heal|p2a: Excadrill|26/100|[from] ability: Hospitality|[of] p2b: Sinistcha\n|turn|7\n|\n|t:|1776414181\n|move|p2b: Sinistcha|Rage Powder|p2b: Sinistcha\n|-singleturn|p2b: Sinistcha|move: Rage Powder\n|move|p2a: Excadrill|Earthquake|p1a: Archaludon|[spread] p2b,p1a\n|-resisted|p2b: Sinistcha|1\n|-crit|p2b: Sinistcha\n|-supereffective|p1a: Archaludon|1\n|-damage|p2b: Sinistcha|39/100\n|-damage|p1a: Archaludon|39/100\n|-ability|p1a: Archaludon|Stamina|boost\n|-boost|p1a: Archaludon|def|1\n|-enditem|p2b: Sinistcha|Sitrus Berry|[eat]\n|-heal|p2b: Sinistcha|64/100|[from] item: Sitrus Berry\n|move|p1a: Archaludon|Aura Sphere|p2b: Sinistcha\n|-immune|p2b: Sinistcha\n|\n|-weather|Sandstorm|[upkeep]\n|-damage|p2b: Sinistcha|58/100|[from] Sandstorm\n|-heal|p1a: Archaludon|45/100|[from] item: Leftovers\n|upkeep\n|turn|8\n|\n|t:|1776414197\n|move|p1a: Archaludon|Protect|p1a: Archaludon\n|-singleturn|p1a: Archaludon|Protect\n|move|p2a: Excadrill|Earthquake|p1a: Archaludon|[spread] p2b\n|-activate|p1a: Archaludon|move: Protect\n|-resisted|p2b: Sinistcha|1\n|-damage|p2b: Sinistcha|40/100\n|move|p2b: Sinistcha|Shadow Ball|p1a: Archaludon\n|-activate|p1a: Archaludon|move: Protect\n|\n|-weather|Sandstorm|[upkeep]\n|-damage|p2b: Sinistcha|34/100|[from] Sandstorm\n|-heal|p1a: Archaludon|51/100|[from] item: Leftovers\n|upkeep\n|turn|9\n|\n|t:|1776414206\n|move|p2b: Sinistcha|Rage Powder|p2b: Sinistcha\n|-singleturn|p2b: Sinistcha|move: Rage Powder\n|move|p2a: Excadrill|Earthquake|p1a: Archaludon|[spread] p2b,p1a\n|-resisted|p2b: Sinistcha|1\n|-supereffective|p1a: Archaludon|1\n|-damage|p2b: Sinistcha|17/100\n|-damage|p1a: Archaludon|26/100\n|-ability|p1a: Archaludon|Stamina|boost\n|-boost|p1a: Archaludon|def|1\n|move|p1a: Archaludon|Flash Cannon|p2b: Sinistcha\n|-damage|p2b: Sinistcha|0 fnt\n|faint|p2b: Sinistcha\n|\n|-weather|Sandstorm|[upkeep]\n|-heal|p1a: Archaludon|32/100|[from] item: Leftovers\n|upkeep\n|turn|10\n|inactive|PrettiestFemcel78 has 30 seconds left.\n|\n|t:|1776414239\n|move|p2a: Excadrill|Earthquake|p1a: Archaludon\n|-supereffective|p1a: Archaludon|1\n|-damage|p1a: Archaludon|4/100\n|-ability|p1a: Archaludon|Stamina|boost\n|-boost|p1a: Archaludon|def|1\n|move|p1a: Archaludon|Aura Sphere|p2a: Excadrill\n|-supereffective|p2a: Excadrill|1\n|-crit|p2a: Excadrill\n|-damage|p2a: Excadrill|0 fnt\n|faint|p2a: Excadrill\n|\n|win|PrettiestFemcel78\n|raw|PrettiestFemcel78's rating: 1185 &rarr; <strong>1207</strong><br />(+22 for winning)\n|raw|0llogrAm's rating: 1148 &rarr; <strong>1126</strong><br />(-22 for losing)\n|l|\u203d0llogrAm\n|player|p2|\n",
  "uploadtime": 1776414249,
  "views": 18,
  "formatid": "gen9championsvgc2026regma",
  "rating": 1126,
  "private": 0,
  "password": null
}