{
  "id": "gen9championsvgc2026regma-2583011949",
  "format": "[Gen 9 Champions] VGC 2026 Reg M-A",
  "players": [
    "NotAPerishTrapTeam",
    "Turnip7"
  ],
  "log": "|j|\u2606NotAPerishTrapTeam\n|j|\u2606Turnip7\n|t:|1776133217\n|gametype|doubles\n|player|p1|NotAPerishTrapTeam|266|1082\n|player|p2|Turnip7|janitor|1085\n|gen|9\n|tier|[Gen 9 Champions] VGC 2026 Reg M-A\n|rated|\n|rule|Species Clause: Limit one of each Pok\u00e9mon\n|rule|Item Clause: Limit 1 of each item\n|clearpoke\n|poke|p1|Pelipper, L50, M|\n|poke|p1|Archaludon, L50, M|\n|poke|p1|Sinistcha, L50|\n|poke|p1|Incineroar, L50, F|\n|poke|p1|Sharpedo, L50, F|\n|poke|p1|Sneasler, L50, M|\n|poke|p2|Skarmory, L50, F|\n|poke|p2|Sneasler, L50, F|\n|poke|p2|Rhyperior, L50, M|\n|poke|p2|Gyarados, L50, F|\n|poke|p2|Alcremie-Mint-Cream, L50, F|\n|poke|p2|Sinistcha, L50|\n|teampreview|4\n|\n|t:|1776133240\n|teamsize|p1|4\n|teamsize|p2|4\n|start\n|switch|p1a: Pelipper|Pelipper, L50, M|100/100\n|switch|p1b: Archaludon|Archaludon, L50, M, shiny|100/100\n|switch|p2a: Yuji Itadori|Skarmory, L50, F|100/100\n|switch|p2b: Aoi Todo|Sneasler, L50, F, shiny|100/100\n|-weather|RainDance|[from] ability: Drizzle|[of] p1a: Pelipper\n|turn|1\n|inactive|Battle timer is ON: inactive players will automatically lose when time's up. (requested by NotAPerishTrapTeam)\n|\n|t:|1776133263\n|switch|p2b: Rhyperior|Rhyperior, L50, M|100/100\n|move|p1b: Archaludon|Electro Shot||[still]\n|-activate|p2b: Rhyperior|ability: Lightning Rod\n|-prepare|p1b: Archaludon|Electro Shot\n|-boost|p1b: Archaludon|spa|1\n|-anim|p1b: Archaludon|Electro Shot|p2b: Rhyperior\n|-ability|p2b: Rhyperior|Lightning Rod|boost\n|-boost|p2b: Rhyperior|spa|1\n|move|p2a: Yuji Itadori|Tailwind|p2a: Yuji Itadori\n|-sidestart|p2: Turnip7|move: Tailwind\n|move|p1a: Pelipper|Hurricane|p2b: Rhyperior\n|-resisted|p2b: Rhyperior|1\n|-crit|p2b: Rhyperior\n|-damage|p2b: Rhyperior|60/100\n|\n|-weather|RainDance|[upkeep]\n|-heal|p2b: Rhyperior|66/100|[from] item: Leftovers\n|upkeep\n|turn|2\n|\n|t:|1776133288\n|detailschange|p2a: Yuji Itadori|Skarmory-Mega, L50, F\n|-mega|p2a: Yuji Itadori|Skarmory|Skarmorite\n|move|p1b: Archaludon|Protect|p1b: Archaludon\n|-singleturn|p1b: Archaludon|Protect\n|move|p2b: Rhyperior|Protect|p2b: Rhyperior\n|-singleturn|p2b: Rhyperior|Protect\n|move|p2a: Yuji Itadori|Brave Bird|p1a: Pelipper\n|-damage|p1a: Pelipper|21/100\n|-damage|p2a: Yuji Itadori|75/100|[from] Recoil\n|move|p1a: Pelipper|Surf|p2b: Rhyperior|[spread] p2a\n|-activate|p1b: Archaludon|move: Protect\n|-activate|p2b: Rhyperior|move: Protect\n|-damage|p2a: Yuji Itadori|20/100\n|\n|-weather|RainDance|[upkeep]\n|-heal|p2b: Rhyperior|72/100|[from] item: Leftovers\n|upkeep\n|turn|3\n|inactive|NotAPerishTrapTeam has 30 seconds left.\n|inactive|Turnip7 has 30 seconds left.\n|\n|t:|1776133319\n|switch|p2a: Sinistcha|Sinistcha, L50|100/100\n|-heal|p2b: Rhyperior|97/100|[from] ability: Hospitality|[of] p2a: Sinistcha\n|switch|p1a: Sneasler|Sneasler, L50, M, shiny|100/100\n|move|p1b: Archaludon|Flash Cannon|p2b: Rhyperior\n|-supereffective|p2b: Rhyperior|1\n|-damage|p2b: Rhyperior|0 fnt\n|faint|p2b: Rhyperior\n|\n|-weather|RainDance|[upkeep]\n|upkeep\n|\n|t:|1776133331\n|switch|p2b: Aoi Todo|Sneasler, L50, F, shiny|100/100\n|turn|4\n|inactive|NotAPerishTrapTeam has 30 seconds left.\n|\n|t:|1776133363\n|move|p1b: Archaludon|Protect|p1b: Archaludon\n|-singleturn|p1b: Archaludon|Protect\n|move|p2b: Aoi Todo|Fake Out|p1a: Sneasler\n|-damage|p1a: Sneasler|78/100\n|cant|p1a: Sneasler|flinch\n|move|p2a: Sinistcha|Matcha Gotcha|p1b: Archaludon|[spread] p1a\n|-activate|p1b: Archaludon|move: Protect\n|-resisted|p1a: Sneasler|1\n|-damage|p1a: Sneasler|60/100\n|\n|-weather|RainDance|[upkeep]\n|-sideend|p2: Turnip7|move: Tailwind\n|upkeep\n|turn|5\n|inactive|NotAPerishTrapTeam has 30 seconds left.\n|inactive|Turnip7 has 30 seconds left.\n|\n|t:|1776133389\n|move|p2b: Aoi Todo|Close Combat|p1b: Archaludon\n|-supereffective|p1b: Archaludon|1\n|-ability|p1b: Archaludon|Sturdy\n|-damage|p1b: Archaludon|1/100\n|-unboost|p2b: Aoi Todo|def|1\n|-unboost|p2b: Aoi Todo|spd|1\n|move|p1a: Sneasler|Shadow Claw|p2a: Sinistcha\n|-supereffective|p2a: Sinistcha|1\n|-damage|p2a: Sinistcha|63/100\n|move|p1b: Archaludon|Electro Shot||[still]\n|-prepare|p1b: Archaludon|Electro Shot\n|-boost|p1b: Archaludon|spa|1\n|-anim|p1b: Archaludon|Electro Shot|p2b: Aoi Todo\n|-enditem|p2b: Aoi Todo|Focus Sash\n|-damage|p2b: Aoi Todo|1/100\n|move|p2a: Sinistcha|Matcha Gotcha|p1b: Archaludon|[spread] p1a\n|-miss|p2a: Sinistcha|p1b: Archaludon\n|-resisted|p1a: Sneasler|1\n|-damage|p1a: Sneasler|43/100\n|-heal|p2a: Sinistcha|71/100|[from] drain|[of] p1a: Sneasler\n|-status|p1a: Sneasler|brn\n|\n|-weather|none\n|-damage|p1a: Sneasler|37/100 brn|[from] brn\n|upkeep\n|turn|6\n|inactive|NotAPerishTrapTeam has 30 seconds left.\n|inactive|Turnip7 has 30 seconds left.\n|inactive|Turnip7 has 20 seconds left.\n|\n|t:|1776133425\n|move|p1b: Archaludon|Protect|p1b: Archaludon\n|-singleturn|p1b: Archaludon|Protect\n|move|p2b: Aoi Todo|Close Combat|p1a: Sneasler\n|-resisted|p1a: Sneasler|1\n|-damage|p1a: Sneasler|0 fnt\n|-unboost|p2b: Aoi Todo|def|1\n|-unboost|p2b: Aoi Todo|spd|1\n|faint|p1a: Sneasler\n|move|p2a: Sinistcha|Matcha Gotcha|p1b: Archaludon\n|-activate|p1b: Archaludon|move: Protect\n|\n|upkeep\n|\n|t:|1776133440\n|switch|p1a: Pelipper|Pelipper, L50, M|21/100\n|-weather|RainDance|[from] ability: Drizzle|[of] p1a: Pelipper\n|turn|7\n|\n|t:|1776133461\n|move|p2b: Aoi Todo|Close Combat|p1b: Archaludon\n|-supereffective|p1b: Archaludon|1\n|-damage|p1b: Archaludon|0 fnt\n|-unboost|p2b: Aoi Todo|def|1\n|-unboost|p2b: Aoi Todo|spd|1\n|faint|p1b: Archaludon\n|move|p1a: Pelipper|Surf|p2b: Aoi Todo|[spread] p2a,p2b\n|-resisted|p2a: Sinistcha|1\n|-damage|p2a: Sinistcha|45/100\n|-damage|p2b: Aoi Todo|0 fnt\n|-enditem|p2a: Sinistcha|Sitrus Berry|[eat]\n|-heal|p2a: Sinistcha|70/100|[from] item: Sitrus Berry\n|faint|p2b: Aoi Todo\n|move|p2a: Sinistcha|Matcha Gotcha|p1a: Pelipper\n|-damage|p1a: Pelipper|0 fnt\n|-heal|p2a: Sinistcha|78/100|[from] drain|[of] p1a: Pelipper\n|faint|p1a: Pelipper\n|\n|-weather|RainDance|[upkeep]\n|upkeep\n|\n|t:|1776133483\n|switch|p2b: Yuji Itadori|Skarmory-Mega, L50, F|20/100\n|switch|p1a: Sharpedo|Sharpedo, L50, F, shiny|100/100\n|turn|8\n|\n|t:|1776133499\n|detailschange|p1a: Sharpedo|Sharpedo-Mega, L50, F, shiny\n|-mega|p1a: Sharpedo|Sharpedo|Sharpedonite\n|move|p2b: Yuji Itadori|Protect|p2b: Yuji Itadori\n|-singleturn|p2b: Yuji Itadori|Protect\n|move|p1a: Sharpedo|Crunch|p2b: Yuji Itadori\n|-activate|p2b: Yuji Itadori|move: Protect\n|move|p2a: Sinistcha|Life Dew|p2a: Sinistcha|[spread] p2a,p2b\n|-heal|p2a: Sinistcha|100/100\n|-heal|p2b: Yuji Itadori|45/100\n|\n|-weather|RainDance|[upkeep]\n|upkeep\n|turn|9\n|\n|t:|1776133512\n|move|p2b: Yuji Itadori|Brave Bird|p1a: Sharpedo\n|-damage|p1a: Sharpedo|0 fnt\n|faint|p1a: Sharpedo\n|-damage|p2b: Yuji Itadori|10/100|[from] Recoil\n|\n|win|Turnip7\n|raw|NotAPerishTrapTeam's rating: 1082 &rarr; <strong>1060</strong><br />(-22 for losing)\n|raw|Turnip7's rating: 1085 &rarr; <strong>1112</strong><br />(+27 for winning)\n|l|\u2606NotAPerishTrapTeam\n|player|p1|\n",
  "uploadtime": 1776133525,
  "views": 14,
  "formatid": "gen9championsvgc2026regma",
  "rating": 1060,
  "private": 0,
  "password": null
}