{
  "id": "gen9championsvgc2026regma-2585993619",
  "format": "[Gen 9 Champions] VGC 2026 Reg M-A",
  "players": [
    "bassv991",
    "AAACompanyBtw"
  ],
  "log": "|j|\u2606bassv991\n|j|\u2606AAACompanyBtw\n|t:|1776388407\n|gametype|doubles\n|player|p1|bassv991|101|1386\n|player|p2|AAACompanyBtw|265|1326\n|gen|9\n|tier|[Gen 9 Champions] VGC 2026 Reg M-A\n|rated|\n|rule|Species Clause: Limit one of each Pok\u00e9mon\n|rule|Item Clause: Limit 1 of each item\n|clearpoke\n|poke|p1|Whimsicott, L50, F|\n|poke|p1|Charizard, L50, F|\n|poke|p1|Gengar, L50, M|\n|poke|p1|Incineroar, L50, M|\n|poke|p1|Politoed, L50, M|\n|poke|p1|Clefable, L50, F|\n|poke|p2|Sinistcha, L50|\n|poke|p2|Pelipper, L50, M|\n|poke|p2|Rotom-Wash, L50|\n|poke|p2|Mamoswine, L50, F|\n|poke|p2|Orthworm, L50, F|\n|poke|p2|Dragonite, L50, F|\n|teampreview|4\n|\n|t:|1776388437\n|teamsize|p1|4\n|teamsize|p2|4\n|start\n|switch|p1a: Gengar|Gengar, L50, M|100/100\n|switch|p1b: Incineroar|Incineroar, L50, M|100/100\n|switch|p2a: Pelipper|Pelipper, L50, M|100/100\n|switch|p2b: Dragonite|Dragonite, L50, F|100/100\n|-weather|RainDance|[from] ability: Drizzle|[of] p2a: Pelipper\n|-ability|p1b: Incineroar|Intimidate|boost\n|-unboost|p2a: Pelipper|atk|1\n|-fail|p2b: Dragonite|unboost|Attack|[from] ability: Inner Focus|[of] p2b: Dragonite\n|turn|1\n|\n|t:|1776388480\n|detailschange|p1a: Gengar|Gengar-Mega, L50, M\n|-mega|p1a: Gengar|Gengar|Gengarite\n|detailschange|p2b: Dragonite|Dragonite-Mega, L50, F\n|-mega|p2b: Dragonite|Dragonite|Dragoninite\n|move|p2b: Dragonite|Protect|p2b: Dragonite\n|-singleturn|p2b: Dragonite|Protect\n|move|p1b: Incineroar|Fake Out|p2a: Pelipper\n|-damage|p2a: Pelipper|87/100\n|move|p1a: Gengar|Perish Song|p1a: Gengar\n|-start|p1a: Gengar|perish3|[silent]\n|-start|p1b: Incineroar|perish3|[silent]\n|-start|p2a: Pelipper|perish3|[silent]\n|-start|p2b: Dragonite|perish3|[silent]\n|-fieldactivate|move: Perish Song\n|cant|p2a: Pelipper|flinch\n|\n|-weather|RainDance|[upkeep]\n|-start|p1a: Gengar|perish3\n|-start|p2a: Pelipper|perish3\n|-start|p2b: Dragonite|perish3\n|-start|p1b: Incineroar|perish3\n|upkeep\n|turn|2\n|\n|t:|1776388511\n|switch|p1b: Clefable|Clefable, L50, F|100/100\n|move|p1a: Gengar|Substitute|p1a: Gengar\n|-start|p1a: Gengar|Substitute\n|-damage|p1a: Gengar|76/100\n|move|p2a: Pelipper|U-turn|p1a: Gengar\n|-resisted|p1a: Gengar|2\n|-activate|p1a: Gengar|move: Substitute|[damage]\n|\n|t:|1776388518\n|switch|p2a: Mamoswine|Mamoswine, L50, F|100/100|[from] U-turn\n|move|p2b: Dragonite|Weather Ball|p1b: Clefable\n|-damage|p1b: Clefable|45/100\n|\n|-weather|RainDance|[upkeep]\n|-start|p1a: Gengar|perish2\n|-start|p2b: Dragonite|perish2\n|upkeep\n|turn|3\n|\n|t:|1776388542\n|move|p1a: Gengar|Protect|p1a: Gengar\n|-singleturn|p1a: Gengar|Protect\n|move|p1b: Clefable|Protect|p1b: Clefable\n|-singleturn|p1b: Clefable|Protect\n|move|p2b: Dragonite|Hurricane|p1b: Clefable\n|-activate|p1b: Clefable|move: Protect\n|move|p2a: Mamoswine|Earthquake|p1a: Gengar|[spread] \n|-activate|p1a: Gengar|move: Protect\n|-activate|p1b: Clefable|move: Protect\n|-immune|p2b: Dragonite\n|\n|-weather|RainDance|[upkeep]\n|-start|p1a: Gengar|perish1\n|-start|p2b: Dragonite|perish1\n|upkeep\n|turn|4\n|\n|t:|1776388568\n|switch|p1a: Politoed|Politoed, L50, M|100/100\n|move|p2b: Dragonite|Hurricane|p1b: Clefable\n|-damage|p1b: Clefable|0 fnt\n|faint|p1b: Clefable\n|move|p2a: Mamoswine|Earthquake|p1a: Politoed|[spread] p1a\n|-immune|p2b: Dragonite\n|-damage|p1a: Politoed|58/100\n|\n|-weather|RainDance|[upkeep]\n|-heal|p1a: Politoed|64/100|[from] item: Leftovers\n|-start|p2b: Dragonite|perish0\n|upkeep\n|faint|p2b: Dragonite\n|\n|t:|1776388588\n|switch|p2b: Rotom|Rotom-Wash, L50|100/100\n|switch|p1b: Gengar|Gengar-Mega, L50, M|76/100\n|turn|5\n|\n|t:|1776388615\n|move|p1b: Gengar|Protect|p1b: Gengar\n|-singleturn|p1b: Gengar|Protect\n|move|p2a: Mamoswine|Earthquake|p1a: Politoed|[spread] p1a\n|-activate|p1b: Gengar|move: Protect\n|-immune|p2b: Rotom|[from] ability: Levitate\n|-damage|p1a: Politoed|21/100\n|move|p2b: Rotom|Volt Switch|p1a: Politoed\n|-supereffective|p1a: Politoed|1\n|-damage|p1a: Politoed|0 fnt\n|faint|p1a: Politoed\n|\n|t:|1776388625\n|switch|p2b: Pelipper|Pelipper, L50, M|87/100|[from] Volt Switch\n|\n|-weather|none\n|upkeep\n|-message|bassv991 forfeited.\n|\n|win|AAACompanyBtw\n|raw|bassv991's rating: 1386 &rarr; <strong>1363</strong><br />(-23 for losing)\n|raw|AAACompanyBtw's rating: 1326 &rarr; <strong>1349</strong><br />(+23 for winning)\n|l|\u2606bassv991\n|player|p1|\n",
  "uploadtime": 1776388634,
  "views": 29,
  "formatid": "gen9championsvgc2026regma",
  "rating": 1349,
  "private": 0,
  "password": null
}