{
  "id": "gen9championsvgc2026regma-2584358035",
  "format": "[Gen 9 Champions] VGC 2026 Reg M-A",
  "players": [
    "Sweep931",
    "UtterlyIncapable"
  ],
  "log": "|j|\u2606Sweep931\n|j|\u2606UtterlyIncapable\n|t:|1776254581\n|gametype|doubles\n|player|p1|Sweep931|170|1120\n|player|p2|UtterlyIncapable|firebreather|1124\n|gen|9\n|tier|[Gen 9 Champions] VGC 2026 Reg M-A\n|rated|\n|rule|Species Clause: Limit one of each Pok\u00e9mon\n|rule|Item Clause: Limit 1 of each item\n|clearpoke\n|poke|p1|Zoroark-Hisui, L50, M|\n|poke|p1|Maushold, L50|\n|poke|p1|Froslass, L50, F|\n|poke|p1|Kingambit, L50, F|\n|poke|p1|Rotom-Wash, L50|\n|poke|p1|Incineroar, L50, F|\n|poke|p2|Froslass, L50, F|\n|poke|p2|Ninetales-Alola, L50, M|\n|poke|p2|Zoroark-Hisui, L50, F|\n|poke|p2|Whimsicott, L50, F|\n|poke|p2|Maushold-Four, L50|\n|poke|p2|Aegislash, L50, M|\n|teampreview|4\nSweep931 has agreed to open team sheets.\n|c|\u2606UtterlyIncapable|holy shit?\nUtterlyIncapable has agreed to open team sheets.\n|showteam|p1|Zoroark-Hisui||SpellTag|Illusion|BitterMalice,FocusBlast,NastyPlot,Protect|||M|||50|]Maushold||FocusSash|FriendGuard|SuperFang,HelpingHand,FollowMe,Protect||||||50|]Froslass||Froslassite|CursedBody|AuroraVeil,ShadowBall,Blizzard,Protect|||F|||50|]Kingambit||ChopleBerry|Defiant|SuckerPunch,IronHead,LowKick,Protect|||F|||50|]Rotom-Wash||Leftovers|Levitate|VoltSwitch,HydroPump,Thunderbolt,Protect||||||50|]Incineroar||SitrusBerry|Intimidate|FakeOut,FlareBlitz,PartingShot,CloseCombat|||F|||50|\n|showteam|p2|Froslass||Froslassite|SnowCloak|Blizzard,ShadowBall,NastyPlot,Protect|||F|||50|]Ninetales-Alola||BabiriBerry|SnowWarning|Moonblast,Blizzard,AuroraVeil,Protect|||M|||50|]Zoroark-Hisui||FocusSash|Illusion|NastyPlot,HyperVoice,ShadowBall,IcyWind|||F|||50|]Whimsicott||SitrusBerry|Prankster|Moonblast,Tailwind,Encore,Protect|||F|||50|]Maushold-Four||ChopleBerry|FriendGuard|Feint,Encore,FollowMe,Protect||||||50|]Aegislash||WhiteHerb|StanceChange|SacredSword,IronHead,WideGuard,KingsShield|||M|||50|\n|c|\u2606Sweep931|lol\n|c|\u2606UtterlyIncapable|so you're the one I'm sharing a braincell with\n|\n|t:|1776254648\n|teamsize|p1|4\n|teamsize|p2|4\n|start\n|switch|p1a: Kingambit|Kingambit, L50, F|100/100\n|switch|p1b: Maushold|Maushold, L50|100/100\n|switch|p2a: Froslass|Froslass, L50, F|100/100\n|switch|p2b: Maushold|Maushold-Four, L50|100/100\n|turn|1\n|\n|t:|1776254693\n|move|p1a: Kingambit|Protect|p1a: Kingambit\n|-singleturn|p1a: Kingambit|Protect\n|move|p2b: Maushold|Follow Me|p2b: Maushold\n|-singleturn|p2b: Maushold|move: Follow Me\n|move|p1b: Maushold|Super Fang|p2b: Maushold|[miss]\n|-miss|p1b: Maushold|p2b: Maushold\n|move|p2a: Froslass|Nasty Plot|p2a: Froslass\n|-boost|p2a: Froslass|spa|2\n|\n|upkeep\n|turn|2\n|\n|t:|1776254728\n|switch|p1b: Froslass|Froslass, L50, F|100/100\n|move|p2a: Froslass|Protect|p2a: Froslass\n|-singleturn|p2a: Froslass|Protect\n|move|p2b: Maushold|Encore|p1a: Kingambit\n|-start|p1a: Kingambit|Encore\n|move|p1a: Kingambit|Protect||[still]\n|-fail|p1a: Kingambit\n|\n|upkeep\n|turn|3\n|\n|t:|1776254742\n|detailschange|p2a: Froslass|Froslass-Mega, L50, F\n|-mega|p2a: Froslass|Froslass|Froslassite\n|-weather|Snowscape|[from] ability: Snow Warning|[of] p2a: Froslass\n|detailschange|p1b: Froslass|Froslass-Mega, L50, F\n|-mega|p1b: Froslass|Froslass|Froslassite\n|move|p1a: Kingambit|Protect|p1a: Kingambit\n|-singleturn|p1a: Kingambit|Protect\n|move|p2b: Maushold|Follow Me|p2b: Maushold\n|-singleturn|p2b: Maushold|move: Follow Me\n|move|p2a: Froslass|Blizzard|p1a: Kingambit|[spread] p1b\n|-activate|p1a: Kingambit|move: Protect\n|-resisted|p1b: Froslass|1\n|-damage|p1b: Froslass|43/100\n|move|p1b: Froslass|Aurora Veil|p1b: Froslass\n|-sidestart|p1: Sweep931|move: Aurora Veil\n|\n|-weather|Snowscape|[upkeep]\n|upkeep\n|turn|4\n|\n|t:|1776254762\n|move|p1a: Kingambit|Protect|p1a: Kingambit\n|-singleturn|p1a: Kingambit|Protect\n|move|p2b: Maushold|Follow Me|p2b: Maushold\n|-singleturn|p2b: Maushold|move: Follow Me\n|move|p1b: Froslass|Shadow Ball|p2b: Maushold\n|-immune|p2b: Maushold\n|move|p2a: Froslass|Blizzard|p1b: Froslass|[spread] p1b\n|-activate|p1a: Kingambit|move: Protect\n|-resisted|p1b: Froslass|1\n|-damage|p1b: Froslass|9/100\n|\n|-weather|Snowscape|[upkeep]\n|-end|p1a: Kingambit|Encore\n|upkeep\n|turn|5\n|\n|t:|1776254778\n|move|p2b: Maushold|Follow Me|p2b: Maushold\n|-singleturn|p2b: Maushold|move: Follow Me\n|move|p2a: Froslass|Blizzard|p1a: Kingambit|[spread] p1a,p1b\n|-resisted|p1b: Froslass|1\n|-damage|p1a: Kingambit|0 fnt\n|-damage|p1b: Froslass|0 fnt\n|replace|p1a: Zoroark|Zoroark-Hisui, L50, M\n|-end|p1a: Zoroark|Illusion\n|faint|p1a: Zoroark\n|faint|p1b: Froslass\n|\n|-weather|Snowscape|[upkeep]\n|upkeep\n|\n|t:|1776254792\n|switch|p1b: Maushold|Maushold, L50|100/100\n|switch|p1a: Kingambit|Kingambit, L50, F|100/100\n|turn|6\n|\n|t:|1776254818\n|move|p1b: Maushold|Helping Hand|p1a: Kingambit\n|-singleturn|p1a: Kingambit|Helping Hand|[of] p1b: Maushold\n|move|p2b: Maushold|Follow Me|p2b: Maushold\n|-singleturn|p2b: Maushold|move: Follow Me\n|move|p2a: Froslass|Blizzard|p1b: Maushold|[spread] p1a,p1b\n|-resisted|p1a: Kingambit|1\n|-damage|p1a: Kingambit|80/100\n|-damage|p1b: Maushold|16/100\n|move|p1a: Kingambit|Low Kick|p2b: Maushold\n|-supereffective|p2b: Maushold|1\n|-crit|p2b: Maushold\n|-enditem|p2b: Maushold|Chople Berry|[eat]\n|-enditem|p2b: Maushold|Chople Berry|[weaken]\n|-damage|p2b: Maushold|76/100\n|\n|-weather|Snowscape|[upkeep]\n|upkeep\n|turn|7\n|c|\u2606UtterlyIncapable|damn.\n|\n|t:|1776254838\n|move|p1b: Maushold|Helping Hand|p1a: Kingambit\n|-singleturn|p1a: Kingambit|Helping Hand|[of] p1b: Maushold\n|move|p2b: Maushold|Follow Me|p2b: Maushold\n|-singleturn|p2b: Maushold|move: Follow Me\n|move|p2a: Froslass|Blizzard|p1a: Kingambit|[spread] p1a,p1b\n|-resisted|p1a: Kingambit|1\n|-damage|p1a: Kingambit|56/100\n|-damage|p1b: Maushold|0 fnt\n|faint|p1b: Maushold\n|move|p1a: Kingambit|Low Kick|p2b: Maushold\n|-supereffective|p2b: Maushold|1\n|-damage|p2b: Maushold|46/100\n|\n|-weather|none\n|-sideend|p1: Sweep931|move: Aurora Veil\n|upkeep\n|turn|8\n|-message|Sweep931 forfeited.\n|\n|win|UtterlyIncapable\n|raw|Sweep931's rating: 1120 &rarr; <strong>1095</strong><br />(-25 for losing)\n|raw|UtterlyIncapable's rating: 1124 &rarr; <strong>1149</strong><br />(+25 for winning)\n|l|\u2606Sweep931\n|player|p1|\n",
  "uploadtime": 1776254854,
  "views": 31,
  "formatid": "gen9championsvgc2026regma",
  "rating": 1095,
  "private": 0,
  "password": null
}