{
  "id": "gen9championsvgc2026regma-2582391764",
  "format": "[Gen 9 Champions] VGC 2026 Reg M-A",
  "players": [
    "HyruleanTubist",
    "catball 1500"
  ],
  "log": "|j|\u2606HyruleanTubist\n|j|\u2606catball 1500\n|t:|1776088597\n|gametype|doubles\n|player|p1|HyruleanTubist|102|1047\n|player|p2|catball 1500|roughneck|1114\n|gen|9\n|tier|[Gen 9 Champions] VGC 2026 Reg M-A\n|rated|\n|rule|Species Clause: Limit one of each Pok\u00e9mon\n|rule|Item Clause: Limit 1 of each item\n|clearpoke\n|poke|p1|Aggron, L50, F|\n|poke|p1|Sinistcha, L50|\n|poke|p1|Primarina, L50, M|\n|poke|p1|Incineroar, L50, M|\n|poke|p1|Farigiraf, L50, M|\n|poke|p1|Altaria, L50, M|\n|poke|p2|Scovillain, L50, M|\n|poke|p2|Aerodactyl, L50, M|\n|poke|p2|Kingambit, L50, M|\n|poke|p2|Rotom-Wash, L50|\n|poke|p2|Sinistcha, L50|\n|poke|p2|Sneasler, L50, F|\n|teampreview|4\n|inactive|Battle timer is ON: inactive players will automatically lose when time's up. (requested by HyruleanTubist)\n|inactive|catball 1500 also wants the timer to be on.\ncatball 1500 has agreed to open team sheets.\n|inactive|HyruleanTubist has 60 seconds left.\n|inactive|HyruleanTubist has 30 seconds left.\n|inactive|HyruleanTubist has 20 seconds left.\n|inactive|HyruleanTubist has 15 seconds left.\n|inactive|HyruleanTubist has 10 seconds left.\n|\n|t:|1776088678\n|teamsize|p1|4\n|teamsize|p2|4\n|start\n|switch|p1a: Aggron|Aggron, L50, F|100/100\n|switch|p1b: Incineroar|Incineroar, L50, M|100/100\n|switch|p2a: Scovillain|Scovillain, L50, M|100/100\n|switch|p2b: Aerodactyl|Aerodactyl, L50, M|100/100\n|-ability|p2b: Aerodactyl|Unnerve\n|-ability|p1b: Incineroar|Intimidate|boost\n|-unboost|p2a: Scovillain|atk|1\n|-unboost|p2b: Aerodactyl|atk|1\n|turn|1\n|\n|t:|1776088698\n|detailschange|p1a: Aggron|Aggron-Mega, L50, F\n|-mega|p1a: Aggron|Aggron|Aggronite\n|move|p2a: Scovillain|Protect|p2a: Scovillain\n|-singleturn|p2a: Scovillain|Protect\n|move|p1b: Incineroar|Fake Out|p2a: Scovillain\n|-activate|p2a: Scovillain|move: Protect\n|move|p2b: Aerodactyl|Tailwind|p2b: Aerodactyl\n|-sidestart|p2: catball 1500|move: Tailwind\n|move|p1a: Aggron|Iron Defense|p1a: Aggron\n|-boost|p1a: Aggron|def|2\n|\n|-ability|p2a: Scovillain|Moody|boost\n|-boost|p2a: Scovillain|spd|2\n|-unboost|p2a: Scovillain|atk|1\n|upkeep\n|turn|2\n|inactive|HyruleanTubist has 30 seconds left.\n|\n|t:|1776088731\n|switch|p1b: Sinistcha|Sinistcha, L50|100/100\n|detailschange|p2a: Scovillain|Scovillain-Mega, L50, M\n|-mega|p2a: Scovillain|Scovillain|Scovillainite\n|move|p2a: Scovillain|Rage Powder|p2a: Scovillain\n|-singleturn|p2a: Scovillain|move: Rage Powder\n|move|p2b: Aerodactyl|Rock Slide|p1b: Sinistcha|[spread] p1a,p1b\n|-resisted|p1a: Aggron|1\n|-damage|p1a: Aggron|99/100\n|-damage|p1b: Sinistcha|86/100\n|move|p1a: Aggron|Iron Defense|p1a: Aggron\n|-boost|p1a: Aggron|def|2\n|\n|upkeep\n|turn|3\n|inactive|HyruleanTubist has 30 seconds left.\n|inactive|HyruleanTubist has 20 seconds left.\n|inactive|HyruleanTubist has 15 seconds left.\n|\n|t:|1776088771\n|switch|p2b: Rotom|Rotom-Wash, L50|100/100\n|move|p2a: Scovillain|Flamethrower|p1b: Sinistcha\n|-supereffective|p1b: Sinistcha|1\n|-damage|p1b: Sinistcha|1/100\n|move|p1a: Aggron|Body Press|p2a: Scovillain\n|-damage|p2a: Scovillain|0 fnt\n|-status|p1a: Aggron|brn|[from] ability: Spicy Spray|[of] p2a: Scovillain\n|faint|p2a: Scovillain\n|move|p1b: Sinistcha|Trick Room|p1b: Sinistcha\n|-fieldstart|move: Trick Room|[of] p1b: Sinistcha\n|\n|-damage|p1a: Aggron|93/100 brn|[from] brn\n|upkeep\n|\n|t:|1776088784\n|switch|p2a: Sinistcha|Sinistcha, L50|100/100\n|turn|4\n|\n|t:|1776088793\n|move|p1a: Aggron|Body Press|p2b: Rotom\n|-damage|p2b: Rotom|19/100\n|move|p1b: Sinistcha|Life Dew|p1b: Sinistcha|[spread] p1a,p1b\n|-heal|p1a: Aggron|100/100 brn\n|-heal|p1b: Sinistcha|26/100\n|move|p2a: Sinistcha|Matcha Gotcha|p1b: Sinistcha|[spread] p1b\n|-miss|p2a: Sinistcha|p1a: Aggron\n|-resisted|p1b: Sinistcha|1\n|-damage|p1b: Sinistcha|13/100\n|move|p2b: Rotom|Volt Switch|p1a: Aggron\n|-damage|p1a: Aggron|63/100 brn\n|\n|t:|1776088807\n|switch|p2b: Aerodactyl|Aerodactyl, L50, M|100/100|[from] Volt Switch\n|-ability|p2b: Aerodactyl|Unnerve\n|\n|-damage|p1a: Aggron|56/100 brn|[from] brn\n|-sideend|p2: catball 1500|move: Tailwind\n|upkeep\n|turn|5\n|\n|t:|1776088826\n|move|p2b: Aerodactyl|Protect|p2b: Aerodactyl\n|-singleturn|p2b: Aerodactyl|Protect\n|move|p1a: Aggron|Heavy Slam|p2a: Sinistcha\n|-crit|p2a: Sinistcha\n|-damage|p2a: Sinistcha|62/100\n|move|p2a: Sinistcha|Matcha Gotcha|p1b: Sinistcha|[spread] p1a,p1b\n|-resisted|p1a: Aggron|1\n|-resisted|p1b: Sinistcha|1\n|-damage|p1a: Aggron|41/100 brn\n|-heal|p2a: Sinistcha|71/100|[from] drain|[of] p1a: Aggron\n|-damage|p1b: Sinistcha|0 fnt\n|-heal|p2a: Sinistcha|78/100|[from] drain|[of] p1b: Sinistcha\n|faint|p1b: Sinistcha\n|\n|-damage|p1a: Aggron|35/100 brn|[from] brn\n|upkeep\n|inactive|HyruleanTubist has 30 seconds left.\n|\n|t:|1776088853\n|switch|p1b: Farigiraf|Farigiraf, L50, M|100/100\n|turn|6\n|\n|t:|1776088877\n|move|p2b: Aerodactyl|Protect|p2b: Aerodactyl\n|-singleturn|p2b: Aerodactyl|Protect\n|move|p1a: Aggron|Body Press|p2b: Aerodactyl\n|-activate|p2b: Aerodactyl|move: Protect\n|move|p1b: Farigiraf|Psychic|p2b: Aerodactyl\n|-activate|p2b: Aerodactyl|move: Protect\n|move|p2a: Sinistcha|Matcha Gotcha|p1a: Aggron|[spread] p1a,p1b\n|-resisted|p1a: Aggron|1\n|-damage|p1a: Aggron|21/100 brn\n|-heal|p2a: Sinistcha|87/100|[from] drain|[of] p1a: Aggron\n|-damage|p1b: Farigiraf|70/100\n|-heal|p2a: Sinistcha|100/100|[from] drain|[of] p1b: Farigiraf\n|-status|p1b: Farigiraf|brn\n|\n|-heal|p1b: Farigiraf|76/100 brn|[from] item: Leftovers\n|-damage|p1a: Aggron|15/100 brn|[from] brn\n|-damage|p1b: Farigiraf|70/100 brn|[from] brn\n|upkeep\n|turn|7\n|inactive|HyruleanTubist has 30 seconds left.\n|\n|t:|1776088909\n|move|p1a: Aggron|Body Press|p2b: Aerodactyl\n|-damage|p2b: Aerodactyl|6/100\n|move|p1b: Farigiraf|Psychic|p2b: Aerodactyl\n|-damage|p2b: Aerodactyl|0 fnt\n|faint|p2b: Aerodactyl\n|move|p2a: Sinistcha|Matcha Gotcha|p1b: Farigiraf|[spread] p1a,p1b\n|-resisted|p1a: Aggron|1\n|-damage|p1a: Aggron|0 fnt\n|-damage|p1b: Farigiraf|41/100 brn\n|faint|p1a: Aggron\n|\n|-heal|p1b: Farigiraf|47/100 brn|[from] item: Leftovers\n|-damage|p1b: Farigiraf|41/100 brn|[from] brn\n|-fieldend|move: Trick Room\n|upkeep\n|\n|t:|1776088922\n|switch|p2b: Rotom|Rotom-Wash, L50|19/100\n|switch|p1a: Incineroar|Incineroar, L50, M|100/100\n|-ability|p1a: Incineroar|Intimidate|boost\n|-unboost|p2a: Sinistcha|atk|1\n|-unboost|p2b: Rotom|atk|1\n|turn|8\n|\n|t:|1776088934\n|move|p1a: Incineroar|Fake Out|p2b: Rotom\n|-damage|p2b: Rotom|1/100\n|cant|p2b: Rotom|flinch\n|move|p2a: Sinistcha|Nasty Plot|p2a: Sinistcha\n|-boost|p2a: Sinistcha|spa|2\n|move|p1b: Farigiraf|Trick Room|p1b: Farigiraf\n|-fieldstart|move: Trick Room|[of] p1b: Farigiraf\n|\n|-heal|p1b: Farigiraf|47/100 brn|[from] item: Leftovers\n|-damage|p1b: Farigiraf|41/100 brn|[from] brn\n|upkeep\n|turn|9\n|\n|t:|1776088947\n|move|p2b: Rotom|Protect|p2b: Rotom\n|-singleturn|p2b: Rotom|Protect\n|move|p1a: Incineroar|Darkest Lariat|p2a: Sinistcha\n|-supereffective|p2a: Sinistcha|1\n|-damage|p2a: Sinistcha|33/100\n|move|p1b: Farigiraf|Psychic|p2b: Rotom\n|-activate|p2b: Rotom|move: Protect\n|move|p2a: Sinistcha|Matcha Gotcha|p1b: Farigiraf|[spread] p1a,p1b\n|-resisted|p1a: Incineroar|1\n|-damage|p1a: Incineroar|76/100\n|-heal|p2a: Sinistcha|49/100|[from] drain|[of] p1a: Incineroar\n|-damage|p1b: Farigiraf|0 fnt\n|-heal|p2a: Sinistcha|78/100|[from] drain|[of] p1b: Farigiraf\n|faint|p1b: Farigiraf\n|\n|upkeep\n|turn|10\n|\n|t:|1776088972\n|move|p1a: Incineroar|Darkest Lariat|p2b: Rotom\n|-crit|p2b: Rotom\n|-damage|p2b: Rotom|0 fnt\n|faint|p2b: Rotom\n|move|p2a: Sinistcha|Matcha Gotcha|p1a: Incineroar\n|-resisted|p1a: Incineroar|1\n|-crit|p1a: Incineroar\n|-damage|p1a: Incineroar|28/100\n|-heal|p2a: Sinistcha|100/100|[from] drain|[of] p1a: Incineroar\n|-enditem|p1a: Incineroar|Sitrus Berry|[eat]\n|-heal|p1a: Incineroar|53/100|[from] item: Sitrus Berry\n|\n|upkeep\n|turn|11\n|\n|t:|1776088986\n|move|p1a: Incineroar|Flare Blitz|p2a: Sinistcha\n|-supereffective|p2a: Sinistcha|1\n|-damage|p2a: Sinistcha|7/100\n|-damage|p1a: Incineroar|28/100|[from] Recoil\n|move|p2a: Sinistcha|Matcha Gotcha|p1a: Incineroar\n|-resisted|p1a: Incineroar|1\n|-damage|p1a: Incineroar|0 fnt\n|-heal|p2a: Sinistcha|25/100|[from] drain|[of] p1a: Incineroar\n|faint|p1a: Incineroar\n|\n|win|catball 1500\n|raw|HyruleanTubist's rating: 1047 &rarr; <strong>1033</strong><br />(-14 for losing)\n|raw|catball 1500's rating: 1114 &rarr; <strong>1134</strong><br />(+20 for winning)\n|l|\u2606HyruleanTubist\n|player|p1|\n",
  "uploadtime": 1776089040,
  "views": 17,
  "formatid": "gen9championsvgc2026regma",
  "rating": 1033,
  "private": 0,
  "password": null
}