{
  "id": "gen9championsvgc2026regma-2586901280",
  "format": "[Gen 9 Champions] VGC 2026 Reg M-A",
  "players": [
    "Thoth567",
    "BeTransThrowHands"
  ],
  "log": "|j|\u2606Thoth567\n|j|\u2606BeTransThrowHands\n|t:|1776470043\n|gametype|doubles\n|player|p1|Thoth567|artistf-gen6|1108\n|player|p2|BeTransThrowHands|may-masters|1195\n|gen|9\n|tier|[Gen 9 Champions] VGC 2026 Reg M-A\n|rated|\n|rule|Species Clause: Limit one of each Pok\u00e9mon\n|rule|Item Clause: Limit 1 of each item\n|clearpoke\n|poke|p1|Victreebel, L50, F|\n|poke|p1|Kingambit, L50, F|\n|poke|p1|Torkoal, L50, F|\n|poke|p1|Hatterene, L50, F|\n|poke|p1|Mr. Rime, L50, F|\n|poke|p1|Crabominable, L50, M|\n|poke|p2|Clefable, L50, F|\n|poke|p2|Aerodactyl, L50, F|\n|poke|p2|Sneasler, L50, M|\n|poke|p2|Delphox, L50, F|\n|poke|p2|Aegislash, L50, F|\n|poke|p2|Whimsicott, L50, F|\n|teampreview|4\n|\n|t:|1776470114\n|teamsize|p1|4\n|teamsize|p2|4\n|start\n|switch|p1a: Hatterene|Hatterene, L50, F|100/100\n|switch|p1b: Mr. Rime|Mr. Rime, L50, F|100/100\n|switch|p2a: Aerodactyl|Aerodactyl, L50, F|100/100\n|switch|p2b: Sneasler|Sneasler, L50, M|100/100\n|-ability|p2a: Aerodactyl|Unnerve\n|turn|1\n|\n|t:|1776470151\n|move|p2b: Sneasler|Fake Out|p1a: Hatterene\n|-damage|p1a: Hatterene|86/100\n|move|p2a: Aerodactyl|Rock Slide|p1b: Mr. Rime|[spread] p1a,p1b\n|-supereffective|p1b: Mr. Rime|1\n|-damage|p1a: Hatterene|58/100\n|-damage|p1b: Mr. Rime|59/100\n|move|p1b: Mr. Rime|Trick Room|p1b: Mr. Rime\n|-fieldstart|move: Trick Room|[of] p1b: Mr. Rime\n|cant|p1a: Hatterene|flinch\n|\n|upkeep\n|turn|2\n|\n|t:|1776470169\n|switch|p2b: Aegislash|Aegislash, L50, F|100/100\n|move|p2a: Aerodactyl|Protect|p2a: Aerodactyl\n|-singleturn|p2a: Aerodactyl|Protect\n|move|p1a: Hatterene|Dazzling Gleam|p2b: Aegislash|[spread] p2b\n|-activate|p2a: Aerodactyl|move: Protect\n|-resisted|p2b: Aegislash|1\n|-crit|p2b: Aegislash\n|-damage|p2b: Aegislash|77/100\n|move|p1b: Mr. Rime|Frost Breath|p2a: Aerodactyl\n|-activate|p2a: Aerodactyl|move: Protect\n|\n|upkeep\n|turn|3\n|inactive|Battle timer is ON: inactive players will automatically lose when time's up. (requested by Thoth567)\n|\n|t:|1776470221\n|move|p2a: Aerodactyl|Wide Guard|p2a: Aerodactyl\n|-singleturn|p2a: Aerodactyl|Wide Guard\n|-formechange|p2b: Aegislash|Aegislash-Blade|\n|move|p2b: Aegislash|Shadow Sneak|p1b: Mr. Rime\n|-supereffective|p1b: Mr. Rime|1\n|-damage|p1b: Mr. Rime|17/100\n|move|p1a: Hatterene|Life Dew|p1a: Hatterene|[spread] p1a,p1b\n|-heal|p1a: Hatterene|83/100\n|-heal|p1b: Mr. Rime|42/100\n|move|p1b: Mr. Rime|Teeter Dance|p2a: Aerodactyl|[spread] p1a\n|-activate|p2a: Aerodactyl|move: Wide Guard\n|-activate|p2b: Aegislash|move: Wide Guard\n|-start|p1a: Hatterene|confusion\n|\n|upkeep\n|turn|4\n|inactive|Thoth567 has 30 seconds left.\n|inactive|BeTransThrowHands has 30 seconds left.\n|\n|t:|1776470253\n|switch|p1a: Crabominable|Crabominable, L50, M|100/100\n|move|p2a: Aerodactyl|Protect||[still]\n|-fail|p2a: Aerodactyl\n|move|p2b: Aegislash|Poltergeist|p1a: Crabominable|[miss]\n|-miss|p2b: Aegislash|p1a: Crabominable\n|move|p1b: Mr. Rime|Frost Breath|p1a: Crabominable\n|-resisted|p1a: Crabominable|1\n|-crit|p1a: Crabominable\n|-damage|p1a: Crabominable|79/100\n|-setboost|p1a: Crabominable|atk|6|[from] ability: Anger Point\n|\n|upkeep\n|turn|5\n|inactive|Thoth567 has 30 seconds left.\n|inactive|BeTransThrowHands has 30 seconds left.\n|inactive|BeTransThrowHands has 20 seconds left.\n|\n|t:|1776470292\n|detailschange|p1a: Crabominable|Crabominable-Mega, L50, M\n|-mega|p1a: Crabominable|Crabominable|Crabominite\n|move|p2b: Aegislash|Shadow Sneak|p1b: Mr. Rime\n|-supereffective|p1b: Mr. Rime|1\n|-damage|p1b: Mr. Rime|4/100\n|move|p1a: Crabominable|Rock Slide|p2b: Aegislash|[spread] p2a,p2b\n|-supereffective|p2a: Aerodactyl|1\n|-resisted|p2b: Aegislash|1\n|-damage|p2a: Aerodactyl|0 fnt\n|-damage|p2b: Aegislash|0 fnt\n|faint|p2a: Aerodactyl\n|faint|p2b: Aegislash\n|move|p1b: Mr. Rime|Frost Breath|p2: Aerodactyl|[notarget]\n|-fail|p1b: Mr. Rime\n|\n|-fieldend|move: Trick Room\n|upkeep\n|\n|t:|1776470300\n|switch|p2a: Delphox|Delphox, L50, F, shiny|100/100\n|switch|p2b: Sneasler|Sneasler, L50, M|100/100\n|turn|6\n|\n|t:|1776470313\n|detailschange|p2a: Delphox|Delphox-Mega, L50, F, shiny\n|-mega|p2a: Delphox|Delphox|Delphoxite\n|move|p2b: Sneasler|Fake Out|p1a: Crabominable\n|-damage|p1a: Crabominable|67/100\n|cant|p1a: Crabominable|flinch\n|move|p2a: Delphox|Heat Wave|p1b: Mr. Rime|[spread] p1a,p1b\n|-supereffective|p1a: Crabominable|1\n|-supereffective|p1b: Mr. Rime|1\n|-damage|p1a: Crabominable|0 fnt\n|-damage|p1b: Mr. Rime|0 fnt\n|faint|p1a: Crabominable\n|faint|p1b: Mr. Rime\n|\n|upkeep\n|\n|t:|1776470321\n|switch|p1b: Hatterene|Hatterene, L50, F|83/100\n|switch|p1a: Torkoal|Torkoal, L50, F|100/100\n|-weather|SunnyDay|[from] ability: Drought|[of] p1a: Torkoal\n|turn|7\n|-message|Thoth567 forfeited.\n|\n|win|BeTransThrowHands\n|raw|Thoth567's rating: 1108 &rarr; <strong>1089</strong><br />(-19 for losing)\n|raw|BeTransThrowHands's rating: 1195 &rarr; <strong>1214</strong><br />(+19 for winning)\n|l|\u2606Thoth567\n|player|p1|\n",
  "uploadtime": 1776470365,
  "views": 34,
  "formatid": "gen9championsvgc2026regma",
  "rating": 1089,
  "private": 0,
  "password": null
}