{
  "id": "gen9championsvgc2026regma-2584454649",
  "format": "[Gen 9 Champions] VGC 2026 Reg M-A",
  "players": [
    "jokmah123",
    "sefhkmu"
  ],
  "log": "|j|\u2606jokmah123\n|j|\u2606sefhkmu\n|t:|1776262011\n|gametype|doubles\n|player|p1|jokmah123|102|1197\n|player|p2|sefhkmu|1|1108\n|gen|9\n|tier|[Gen 9 Champions] VGC 2026 Reg M-A\n|rated|\n|rule|Species Clause: Limit one of each Pok\u00e9mon\n|rule|Item Clause: Limit 1 of each item\n|clearpoke\n|poke|p1|Sneasler, L50, M|\n|poke|p1|Kingambit, L50, F|\n|poke|p1|Dragapult, L50, M|\n|poke|p1|Charizard, L50, F|\n|poke|p1|Maushold-Four, L50|\n|poke|p1|Garchomp, L50, F|\n|poke|p2|Maushold-Four, L50|\n|poke|p2|Archaludon, L50, M|\n|poke|p2|Pelipper, L50, M|\n|poke|p2|Greninja-*, L50, M|\n|poke|p2|Tauros-Paldea-Aqua, L50, M|\n|poke|p2|Blastoise, L50, M|\n|teampreview|4\n|inactive|Battle timer is ON: inactive players will automatically lose when time's up. (requested by sefhkmu)\n|\n|t:|1776262071\n|teamsize|p1|4\n|teamsize|p2|4\n|start\n|switch|p1a: Sneasler|Sneasler, L50, M|100/100\n|switch|p1b: Charizard|Charizard, L50, F|100/100\n|switch|p2a: Tauros|Tauros-Paldea-Aqua, L50, M|100/100\n|switch|p2b: Pelipper|Pelipper, L50, M|100/100\n|-ability|p2a: Tauros|Intimidate|boost\n|-unboost|p1a: Sneasler|atk|1\n|-unboost|p1b: Charizard|atk|1\n|-weather|RainDance|[from] ability: Drizzle|[of] p2b: Pelipper\n|turn|1\n|\n|t:|1776262096\n|switch|p2b: Blastoise|Blastoise, L50, M|100/100\n|detailschange|p1b: Charizard|Charizard-Mega-Y, L50, F\n|-mega|p1b: Charizard|Charizard|Charizardite Y\n|-weather|SunnyDay|[from] ability: Drought|[of] p1b: Charizard\n|move|p1a: Sneasler|Close Combat|p2a: Tauros\n|-damage|p2a: Tauros|60/100\n|-unboost|p1a: Sneasler|def|1\n|-unboost|p1a: Sneasler|spd|1\n|move|p2a: Tauros|Wave Crash|p1a: Sneasler\n|-damage|p1a: Sneasler|41/100\n|-damage|p2a: Tauros|40/100|[from] Recoil\n|move|p1b: Charizard|Solar Beam||[still]\n|-prepare|p1b: Charizard|Solar Beam\n|-anim|p1b: Charizard|Solar Beam|p2b: Blastoise\n|-supereffective|p2b: Blastoise|1\n|-damage|p2b: Blastoise|10/100\n|\n|-weather|SunnyDay|[upkeep]\n|upkeep\n|turn|2\n|inactive|jokmah123 has 30 seconds left.\n|\n|t:|1776262122\n|switch|p2a: Pelipper|Pelipper, L50, M|100/100\n|-weather|RainDance|[from] ability: Drizzle|[of] p2a: Pelipper\n|detailschange|p2b: Blastoise|Blastoise-Mega, L50, M\n|-mega|p2b: Blastoise|Blastoise|Blastoisinite\n|move|p2b: Blastoise|Protect|p2b: Blastoise\n|-singleturn|p2b: Blastoise|Protect\n|move|p1a: Sneasler|Feint|p2b: Blastoise\n|-activate|p2b: Blastoise|move: Feint\n|-damage|p2b: Blastoise|5/100\n|move|p1b: Charizard|Solar Beam||[still]\n|-prepare|p1b: Charizard|Solar Beam\n|\n|-weather|RainDance|[upkeep]\n|upkeep\n|turn|3\n|\n|t:|1776262144\n|move|p1a: Sneasler|Feint|p2b: Blastoise\n|-damage|p2b: Blastoise|0 fnt\n|faint|p2b: Blastoise\n|move|p1b: Charizard|Solar Beam|p2a: Pelipper|[from] lockedmove\n|-damage|p2a: Pelipper|61/100\n|move|p2a: Pelipper|Tailwind|p2a: Pelipper\n|-sidestart|p2: sefhkmu|move: Tailwind\n|\n|-weather|RainDance|[upkeep]\n|upkeep\n|\n|t:|1776262150\n|switch|p2b: Tauros|Tauros-Paldea-Aqua, L50, M|40/100\n|-ability|p2b: Tauros|Intimidate|boost\n|-unboost|p1a: Sneasler|atk|1\n|-unboost|p1b: Charizard|atk|1\n|turn|4\n|\n|t:|1776262157\n|move|p1b: Charizard|Protect|p1b: Charizard\n|-singleturn|p1b: Charizard|Protect\n|move|p2b: Tauros|Wave Crash|p1b: Charizard\n|-activate|p1b: Charizard|move: Protect\n|move|p2a: Pelipper|Hurricane|p1a: Sneasler\n|-supereffective|p1a: Sneasler|1\n|-damage|p1a: Sneasler|0 fnt\n|faint|p1a: Sneasler\n|\n|-weather|RainDance|[upkeep]\n|upkeep\n|\n|t:|1776262170\n|switch|p1a: Maushold|Maushold-Four, L50|100/100\n|turn|5\n|\n|t:|1776262195\n|move|p1a: Maushold|Follow Me|p1a: Maushold\n|-singleturn|p1a: Maushold|move: Follow Me\n|move|p2b: Tauros|Close Combat|p1a: Maushold\n|-supereffective|p1a: Maushold|1\n|-enditem|p1a: Maushold|Chople Berry|[eat]\n|-enditem|p1a: Maushold|Chople Berry|[weaken]\n|-damage|p1a: Maushold|36/100\n|-unboost|p2b: Tauros|def|1\n|-unboost|p2b: Tauros|spd|1\n|-enditem|p2b: Tauros|White Herb\n|-clearnegativeboost|p2b: Tauros|[silent]\n|move|p2a: Pelipper|Hydro Pump|p1a: Maushold\n|-damage|p1a: Maushold|0 fnt\n|faint|p1a: Maushold\n|move|p1b: Charizard|Heat Wave|p2b: Tauros|[spread] p2a,p2b\n|-resisted|p2a: Pelipper|1\n|-resisted|p2b: Tauros|1\n|-damage|p2a: Pelipper|45/100\n|-damage|p2b: Tauros|22/100\n|\n|-weather|RainDance|[upkeep]\n|upkeep\n|\n|t:|1776262213\n|switch|p1a: Garchomp|Garchomp, L50, F|100/100\n|turn|6\n|\n|t:|1776262231\n|move|p1b: Charizard|Protect|p1b: Charizard\n|-singleturn|p1b: Charizard|Protect\n|move|p2b: Tauros|Wave Crash|p1b: Charizard\n|-activate|p1b: Charizard|move: Protect\n|move|p2a: Pelipper|Tailwind||[still]\n|-fail|p2a: Pelipper\n|move|p1a: Garchomp|Rock Slide|p2b: Tauros|[spread] p2a\n|-miss|p1a: Garchomp|p2b: Tauros\n|-supereffective|p2a: Pelipper|1\n|-crit|p2a: Pelipper\n|-enditem|p2a: Pelipper|Charti Berry|[eat]\n|-enditem|p2a: Pelipper|Charti Berry|[weaken]\n|-damage|p2a: Pelipper|11/100\n|\n|-weather|none\n|-sideend|p2: sefhkmu|move: Tailwind\n|upkeep\n|turn|7\n|inactive|sefhkmu has 30 seconds left.\n|\n|t:|1776262264\n|move|p2b: Tauros|Protect|p2b: Tauros\n|-singleturn|p2b: Tauros|Protect\n|move|p1a: Garchomp|Rock Slide|p2b: Tauros|[spread] p2a\n|-activate|p2b: Tauros|move: Protect\n|-supereffective|p2a: Pelipper|1\n|-damage|p2a: Pelipper|0 fnt\n|faint|p2a: Pelipper\n|move|p1b: Charizard|Heat Wave|p2b: Tauros\n|-activate|p2b: Tauros|move: Protect\n|\n|upkeep\n|\n|t:|1776262270\n|switch|p2a: Maushold|Maushold-Four, L50, shiny|100/100\n|turn|8\n|\n|t:|1776262276\n|move|p2a: Maushold|Follow Me|p2a: Maushold\n|-singleturn|p2a: Maushold|move: Follow Me\n|move|p1a: Garchomp|Rock Slide|p2b: Tauros|[spread] p2a,p2b\n|-resisted|p2b: Tauros|1\n|-damage|p2a: Maushold|71/100\n|-damage|p2b: Tauros|14/100\n|move|p2b: Tauros|Wave Crash|p1b: Charizard\n|-supereffective|p1b: Charizard|1\n|-damage|p1b: Charizard|0 fnt\n|faint|p1b: Charizard\n|-damage|p2b: Tauros|0 fnt|[from] Recoil\n|faint|p2b: Tauros\n|\n|upkeep\n|turn|9\n|\n|t:|1776262285\n|move|p1a: Garchomp|Rock Slide|p2a: Maushold\n|-damage|p2a: Maushold|37/100\n|move|p2a: Maushold|Population Bomb|p1a: Garchomp\n|-damage|p1a: Garchomp|94/100\n|-damage|p2a: Maushold|25/100|[from] ability: Rough Skin|[of] p1a: Garchomp\n|-damage|p1a: Garchomp|88/100\n|-damage|p2a: Maushold|13/100|[from] ability: Rough Skin|[of] p1a: Garchomp\n|-damage|p1a: Garchomp|81/100\n|-damage|p2a: Maushold|0 fnt|[from] ability: Rough Skin|[of] p1a: Garchomp\n|faint|p2a: Maushold\n|\n|win|jokmah123\n|-hitcount|p1a: Garchomp|3\n|raw|jokmah123's rating: 1197 &rarr; <strong>1216</strong><br />(+19 for winning)\n|raw|sefhkmu's rating: 1108 &rarr; <strong>1089</strong><br />(-19 for losing)\n|l|\u2606sefhkmu\n|player|p2|\n",
  "uploadtime": 1776262308,
  "views": 26,
  "formatid": "gen9championsvgc2026regma",
  "rating": 1089,
  "private": 0,
  "password": null
}