{
  "id": "gen9championsvgc2026regma-2587644838",
  "format": "[Gen 9 Champions] VGC 2026 Reg M-A",
  "players": [
    "pokehugov",
    "dongsong"
  ],
  "log": "|j|\u2606pokehugov\n|j|\u2606dongsong\n|t:|1776549913\n|gametype|doubles\n|player|p1|pokehugov|101|1438\n|player|p2|dongsong|266|1526\n|gen|9\n|tier|[Gen 9 Champions] VGC 2026 Reg M-A\n|rated|\n|rule|Species Clause: Limit one of each Pok\u00e9mon\n|rule|Item Clause: Limit 1 of each item\n|clearpoke\n|poke|p1|Sneasler, L50, M|\n|poke|p1|Incineroar, L50, F|\n|poke|p1|Sinistcha, L50|\n|poke|p1|Gyarados, L50, F|\n|poke|p1|Aegislash, L50, F|\n|poke|p1|Floette-Eternal, L50, F|\n|poke|p2|Kangaskhan, L50, F|\n|poke|p2|Aegislash, L50, M|\n|poke|p2|Aerodactyl, L50, F|\n|poke|p2|Meganium, L50, M|\n|poke|p2|Milotic, L50, F|\n|poke|p2|Typhlosion-Hisui, L50, F|\n|teampreview|4\n|\n|t:|1776549933\n|teamsize|p1|4\n|teamsize|p2|4\n|start\n|switch|p1a: Sneasler|Sneasler, L50, M|100/100\n|switch|p1b: Floette|Floette-Eternal, L50, F|100/100\n|switch|p2a: Kangaskhan|Kangaskhan, L50, F|100/100\n|switch|p2b: Typhlosion|Typhlosion-Hisui, L50, F|100/100\n|-item|p1a: Sneasler|White Herb|[from] ability: Frisk|[of] p2b: Typhlosion\n|-item|p1b: Floette|Floettite|[from] ability: Frisk|[of] p2b: Typhlosion\n|turn|1\n|j| direc_t10n\n|\n|t:|1776549957\n|detailschange|p1b: Floette|Floette-Mega, L50, F\n|-mega|p1b: Floette|Floette|Floettite\n|-ability|p1b: Floette|Fairy Aura\n|move|p1a: Sneasler|Fake Out|p2a: Kangaskhan\n|-damage|p2a: Kangaskhan|87/100\n|move|p2a: Kangaskhan|Fake Out|p1b: Floette\n|-damage|p1b: Floette|82/100\n|move|p2b: Typhlosion|Eruption|p1b: Floette|[spread] p1a,p1b\n|-damage|p1a: Sneasler|24/100\n|-damage|p1b: Floette|37/100\n|cant|p1b: Floette|flinch\n|\n|upkeep\n|turn|2\n|c| direc_t10n|Hey that's Wolfe's team\n|c|\u2606pokehugov|i forgot you cant flich kangaskhan\n|c| direc_t10n|Why team build when u can copy \ud83e\udd71\n|\n|t:|1776550002\n|detailschange|p2a: Kangaskhan|Kangaskhan-Mega, L50, F\n|-mega|p2a: Kangaskhan|Kangaskhan|Kangaskhanite\n|move|p1b: Floette|Protect|p1b: Floette\n|-singleturn|p1b: Floette|Protect\n|move|p2b: Typhlosion|Eruption|p1a: Sneasler|[spread] p1a\n|-activate|p1b: Floette|move: Protect\n|-damage|p1a: Sneasler|0 fnt\n|faint|p1a: Sneasler\n|move|p2a: Kangaskhan|Double-Edge|p1b: Floette\n|-activate|p1b: Floette|move: Protect\n|\n|upkeep\n|\n|t:|1776550024\n|switch|p1a: Aegislash|Aegislash, L50, F|100/100\n|turn|3\n|\n|t:|1776550039\n|move|p1b: Floette|Protect||[still]\n|-fail|p1b: Floette\n|-formechange|p1a: Aegislash|Aegislash-Blade|\n|move|p1a: Aegislash|Shadow Sneak|p2b: Typhlosion\n|-supereffective|p2b: Typhlosion|1\n|-damage|p2b: Typhlosion|12/100\n|move|p2b: Typhlosion|Eruption|p1a: Aegislash|[spread] p1a,p1b\n|-supereffective|p1a: Aegislash|1\n|-crit|p1a: Aegislash\n|-damage|p1a: Aegislash|57/100\n|-damage|p1b: Floette|32/100\n|move|p2a: Kangaskhan|Double-Edge|p1b: Floette\n|-damage|p1b: Floette|0 fnt\n|faint|p1b: Floette\n|-hitcount|p1: Floette|1\n|-damage|p2a: Kangaskhan|78/100|[from] Recoil\n|\n|upkeep\n|\n|t:|1776550049\n|switch|p1b: Sinistcha|Sinistcha, L50|100/100\n|-heal|p1a: Aegislash|82/100|[from] ability: Hospitality|[of] p1b: Sinistcha\n|turn|4\n|c| direc_t10n|However\n|c| direc_t10n|Joever\n|l| direc_t10n\n|\n|t:|1776550077\n|switch|p2b: Milotic|Milotic, L50, F|100/100\n|-formechange|p1a: Aegislash|Aegislash|\n|move|p1a: Aegislash|King's Shield|p1a: Aegislash\n|-singleturn|p1a: Aegislash|Protect\n|move|p2a: Kangaskhan|Sucker Punch||[still]\n|-fail|p2a: Kangaskhan\n|move|p1b: Sinistcha|Trick Room|p1b: Sinistcha\n|-fieldstart|move: Trick Room|[of] p1b: Sinistcha\n|\n|upkeep\n|turn|5\n|\n|t:|1776550102\n|switch|p2a: Aegislash|Aegislash, L50, M|100/100\n|-formechange|p1a: Aegislash|Aegislash-Blade|\n|move|p1a: Aegislash|Iron Head|p2a: Aegislash\n|-resisted|p2a: Aegislash|1\n|-crit|p2a: Aegislash\n|-damage|p2a: Aegislash|74/100\n|move|p1b: Sinistcha|Matcha Gotcha|p2b: Milotic|[spread] p2a\n|-miss|p1b: Sinistcha|p2b: Milotic\n|-resisted|p2a: Aegislash|1\n|-damage|p2a: Aegislash|63/100\n|move|p2b: Milotic|Ice Beam|p1b: Sinistcha\n|-supereffective|p1b: Sinistcha|1\n|-damage|p1b: Sinistcha|53/100\n|\n|upkeep\n|turn|6\n|j| fylof6o6\n|l| fylof6o6\n|j| fylof6o6\n|l| fylof6o6\n|\n|t:|1776550130\n|move|p1a: Aegislash|Poltergeist|p2a: Aegislash\n|-activate|p2a: Aegislash|move: Poltergeist|Spell Tag\n|-supereffective|p2a: Aegislash|1\n|-damage|p2a: Aegislash|0 fnt\n|faint|p2a: Aegislash\n|move|p1b: Sinistcha|Matcha Gotcha|p2b: Milotic\n|-supereffective|p2b: Milotic|1\n|-damage|p2b: Milotic|50/100\n|-heal|p1b: Sinistcha|82/100|[from] drain|[of] p2b: Milotic\n|move|p2b: Milotic|Scald|p1a: Aegislash\n|-damage|p1a: Aegislash|26/100\n|\n|-heal|p2b: Milotic|56/100|[from] item: Leftovers\n|upkeep\n|\n|t:|1776550139\n|switch|p2a: Typhlosion|Typhlosion-Hisui, L50, F|12/100\n|-item|p1a: Aegislash|Spell Tag|[from] ability: Frisk|[of] p2a: Typhlosion\n|-item|p1b: Sinistcha|Sitrus Berry|[from] ability: Frisk|[of] p2a: Typhlosion\n|turn|7\n|\n|t:|1776550171\n|move|p1a: Aegislash|Poltergeist|p2b: Milotic\n|-activate|p2b: Milotic|move: Poltergeist|Leftovers\n|-damage|p2b: Milotic|0 fnt\n|faint|p2b: Milotic\n|move|p1b: Sinistcha|Matcha Gotcha|p2a: Typhlosion\n|-resisted|p2a: Typhlosion|1\n|-damage|p2a: Typhlosion|0 fnt\n|-heal|p1b: Sinistcha|87/100|[from] drain|[of] p2a: Typhlosion\n|faint|p2a: Typhlosion\n|\n|upkeep\n|-message|dongsong forfeited.\n|\n|win|pokehugov\n|raw|pokehugov's rating: 1438 &rarr; <strong>1463</strong><br />(+25 for winning)\n|raw|dongsong's rating: 1526 &rarr; <strong>1501</strong><br />(-25 for losing)\n|l|\u2606dongsong\n|player|p2|\n|c|\u2606pokehugov|gg\n|l|\u2606pokehugov\n|player|p1|\n",
  "uploadtime": 1776550283,
  "views": 19,
  "formatid": "gen9championsvgc2026regma",
  "rating": 1463,
  "private": 0,
  "password": null
}