{
  "id": "gen9championsvgc2026regma-2587578645",
  "format": "[Gen 9 Champions] VGC 2026 Reg M-A",
  "players": [
    "speedyred_52",
    "AiMeat"
  ],
  "log": "|j|\u2606speedyred_52\n|j|\u2606AiMeat\n|t:|1776543914\n|gametype|doubles\n|player|p1|speedyred_52|hilbert-wonderlauncher|1008\n|player|p2|AiMeat|170|1099\n|gen|9\n|tier|[Gen 9 Champions] VGC 2026 Reg M-A\n|rated|\n|rule|Species Clause: Limit one of each Pok\u00e9mon\n|rule|Item Clause: Limit 1 of each item\n|clearpoke\n|poke|p1|Scovillain, L50, M|\n|poke|p1|Klefki, L50, M|\n|poke|p1|Kingambit, L50, F|\n|poke|p1|Meganium, L50, M|\n|poke|p1|Araquanid, L50, F|\n|poke|p1|Incineroar, L50, F|\n|poke|p2|Incineroar, L50, M|\n|poke|p2|Hatterene, L50, F, shiny|\n|poke|p2|Farigiraf, L50, F|\n|poke|p2|Torkoal, L50, F, shiny|\n|poke|p2|Kingambit, L50, M|\n|poke|p2|Charizard, L50, M|\n|teampreview|4\n|inactive|Battle timer is ON: inactive players will automatically lose when time's up. (requested by speedyred_52)\n|inactive|AiMeat has 60 seconds left.\n|inactive|AiMeat has 30 seconds left.\n|\n|t:|1776543981\n|teamsize|p1|4\n|teamsize|p2|4\n|start\n|switch|p1a: Scovillain|Scovillain, L50, M|100/100\n|switch|p1b: Klefki|Klefki, L50, M|100/100\n|switch|p2a: Hatterene|Hatterene, L50, F, shiny|100/100\n|switch|p2b: Farigiraf|Farigiraf, L50, F|100/100\n|turn|1\n|inactive|AiMeat has 30 seconds left.\n|inactive|AiMeat has 20 seconds left.\n|\n|t:|1776544016\n|switch|p2a: Incineroar|Incineroar, L50, M|100/100\n|-ability|p2a: Incineroar|Intimidate|boost\n|-unboost|p1a: Scovillain|atk|1\n|-unboost|p1b: Klefki|atk|1\n|detailschange|p1a: Scovillain|Scovillain-Mega, L50, M\n|-mega|p1a: Scovillain|Scovillain|Scovillainite\n|move|p1b: Klefki|Light Screen|p1b: Klefki\n|-sidestart|p1: speedyred_52|move: Light Screen\n|move|p1a: Scovillain|Flamethrower|p2a: Incineroar\n|-resisted|p2a: Incineroar|1\n|-damage|p2a: Incineroar|82/100\n|move|p2b: Farigiraf|Trick Room|p2b: Farigiraf\n|-fieldstart|move: Trick Room|[of] p2b: Farigiraf\n|\n|upkeep\n|turn|2\n|inactive|AiMeat has 30 seconds left.\n|\n|t:|1776544045\n|move|p1b: Klefki|Reflect|p1b: Klefki\n|-sidestart|p1: speedyred_52|Reflect\n|move|p2a: Incineroar|Close Combat|p1a: Scovillain\n|-damage|p1a: Scovillain|72/100\n|-unboost|p2a: Incineroar|def|1\n|-unboost|p2a: Incineroar|spd|1\n|-immune|p2a: Incineroar\n|move|p2b: Farigiraf|Imprison|p2b: Farigiraf\n|-start|p2b: Farigiraf|move: Imprison\n|move|p1a: Scovillain|Flamethrower|p2b: Farigiraf\n|-damage|p2b: Farigiraf|64/100\n|\n|upkeep\n|turn|3\n|inactive|speedyred_52 has 30 seconds left.\n|inactive|speedyred_52 has 20 seconds left.\n|inactive|speedyred_52 has 15 seconds left.\n|inactive|speedyred_52 has 10 seconds left.\n|\n|t:|1776544093\n|switch|p1b: Araquanid|Araquanid, L50, F|100/100\n|move|p2b: Farigiraf|Protect|p2b: Farigiraf\n|-singleturn|p2b: Farigiraf|Protect\n|move|p2a: Incineroar|Flare Blitz|p1b: Araquanid\n|-damage|p1b: Araquanid|76/100\n|-damage|p2a: Incineroar|76/100|[from] Recoil\n|move|p1a: Scovillain|Flamethrower|p2b: Farigiraf\n|-activate|p2b: Farigiraf|move: Protect\n|\n|upkeep\n|turn|4\n|inactive|AiMeat has 30 seconds left.\n|\n|t:|1776544128\n|switch|p2a: Hatterene|Hatterene, L50, F, shiny|100/100\n|switch|p2b: Torkoal|Torkoal, L50, F, shiny|100/100\n|-weather|SunnyDay|[from] ability: Drought|[of] p2b: Torkoal\n|move|p1a: Scovillain|Rage Powder|p1a: Scovillain\n|-singleturn|p1a: Scovillain|move: Rage Powder\n|move|p1b: Araquanid|Liquidation|p2a: Hatterene\n|-damage|p2a: Hatterene|65/100\n|\n|-weather|SunnyDay|[upkeep]\n|upkeep\n|turn|5\n|\n|t:|1776544149\n|move|p1a: Scovillain|Rage Powder|p1a: Scovillain\n|-singleturn|p1a: Scovillain|move: Rage Powder\n|move|p2b: Torkoal|Eruption|p1a: Scovillain|[spread] p1a,p1b\n|-damage|p1a: Scovillain|21/100\n|-damage|p1b: Araquanid|43/100\n|-immune|p2b: Torkoal\n|move|p2a: Hatterene|Psychic|p1a: Scovillain\n|-crit|p1a: Scovillain\n|-damage|p1a: Scovillain|0 fnt\n|-status|p2a: Hatterene|brn|[from] ability: Spicy Spray|[of] p1a: Scovillain\n|faint|p1a: Scovillain\n|move|p1b: Araquanid|Liquidation|p2b: Torkoal\n|-supereffective|p2b: Torkoal|1\n|-damage|p2b: Torkoal|52/100\n|-unboost|p2b: Torkoal|def|1\n|\n|-weather|SunnyDay|[upkeep]\n|-damage|p2a: Hatterene|59/100 brn|[from] brn\n|-sideend|p1: speedyred_52|move: Light Screen\n|-fieldend|move: Trick Room\n|upkeep\n|\n|t:|1776544168\n|switch|p1a: Incineroar|Incineroar, L50, F|100/100\n|-ability|p1a: Incineroar|Intimidate|boost\n|-unboost|p2a: Hatterene|atk|1\n|-unboost|p2b: Torkoal|atk|1\n|turn|6\n|\n|t:|1776544186\n|switch|p2b: Farigiraf|Farigiraf, L50, F|64/100\n|move|p1a: Incineroar|Fake Out||[still]\n|cant|p2b: Farigiraf|ability: Armor Tail|Fake Out|[of] p1a: Incineroar\n|move|p1b: Araquanid|Liquidation|p2b: Farigiraf\n|-damage|p2b: Farigiraf|34/100\n|-enditem|p2b: Farigiraf|Sitrus Berry|[eat]\n|-heal|p2b: Farigiraf|59/100|[from] item: Sitrus Berry\n|move|p2a: Hatterene|Trick Room|p2a: Hatterene\n|-fieldstart|move: Trick Room|[of] p2a: Hatterene\n|\n|-weather|SunnyDay|[upkeep]\n|-damage|p2a: Hatterene|52/100 brn|[from] brn\n|-sideend|p1: speedyred_52|Reflect\n|upkeep\n|turn|7\n|\n|t:|1776544208\n|move|p2a: Hatterene|Dazzling Gleam|p1a: Incineroar|[spread] p1a,p1b\n|-damage|p1a: Incineroar|70/100\n|-damage|p1b: Araquanid|0 fnt\n|faint|p1b: Araquanid\n|move|p1a: Incineroar|Flare Blitz|p2b: Farigiraf\n|-damage|p2b: Farigiraf|0 fnt\n|faint|p2b: Farigiraf\n|-damage|p1a: Incineroar|49/100|[from] Recoil\n|-enditem|p1a: Incineroar|Sitrus Berry|[eat]\n|-heal|p1a: Incineroar|73/100|[from] item: Sitrus Berry\n|\n|-weather|SunnyDay|[upkeep]\n|-damage|p2a: Hatterene|46/100 brn|[from] brn\n|upkeep\n|\n|t:|1776544225\n|switch|p2b: Incineroar|Incineroar, L50, M|76/100\n|switch|p1b: Klefki|Klefki, L50, M|100/100\n|-ability|p2b: Incineroar|Intimidate|boost\n|-unboost|p1a: Incineroar|atk|1\n|-unboost|p1b: Klefki|atk|1\n|turn|8\n|inactive|AiMeat has 30 seconds left.\n|inactive|AiMeat has 20 seconds left.\n|inactive|AiMeat has 15 seconds left.\n|\n|t:|1776544268\n|move|p2b: Incineroar|Fake Out|p1b: Klefki\n|-resisted|p1b: Klefki|1\n|-damage|p1b: Klefki|95/100\n|cant|p1b: Klefki|flinch\n|move|p2a: Hatterene|Magic Powder|p1a: Incineroar\n|-start|p1a: Incineroar|typechange|Psychic\n|move|p1a: Incineroar|Flare Blitz|p2a: Hatterene\n|-damage|p2a: Hatterene|13/100 brn\n|-damage|p1a: Incineroar|65/100|[from] Recoil\n|\n|-weather|none\n|-damage|p2a: Hatterene|7/100 brn|[from] brn\n|upkeep\n|turn|9\n|inactive|speedyred_52 has 30 seconds left.\n|inactive|AiMeat has 30 seconds left.\n|\n|t:|1776544297\n|move|p1b: Klefki|Light Screen|p1b: Klefki\n|-sidestart|p1: speedyred_52|move: Light Screen\n|move|p2a: Hatterene|Dazzling Gleam|p1b: Klefki|[spread] p1a,p1b\n|-resisted|p1b: Klefki|1\n|-damage|p1a: Incineroar|41/100\n|-damage|p1b: Klefki|79/100\n|move|p2b: Incineroar|Darkest Lariat|p1a: Incineroar\n|-supereffective|p1a: Incineroar|1\n|-damage|p1a: Incineroar|0 fnt\n|faint|p1a: Incineroar\n|\n|-damage|p2a: Hatterene|0 fnt|[from] brn\n|faint|p2a: Hatterene\n|upkeep\n|\n|t:|1776544308\n|switch|p2a: Torkoal|Torkoal, L50, F, shiny|52/100\n|-weather|SunnyDay|[from] ability: Drought|[of] p2a: Torkoal\n|turn|10\n|\n|t:|1776544320\n|move|p1b: Klefki|Thunder Wave|p2a: Torkoal|[miss]\n|-miss|p1b: Klefki|p2a: Torkoal\n|move|p2a: Torkoal|Weather Ball|p1b: Klefki\n|-supereffective|p1b: Klefki|1\n|-damage|p1b: Klefki|0 fnt\n|faint|p1b: Klefki\n|\n|win|AiMeat\n|raw|speedyred_52's rating: 1008 &rarr; <strong>1000</strong><br />(-8 for losing)\n|raw|AiMeat's rating: 1099 &rarr; <strong>1118</strong><br />(+19 for winning)\n|l|\u2606speedyred_52\n|player|p1|\n",
  "uploadtime": 1776544943,
  "views": 18,
  "formatid": "gen9championsvgc2026regma",
  "rating": 1000,
  "private": 0,
  "password": null
}