{
  "id": "gen9championsvgc2026regma-2587164821",
  "format": "[Gen 9 Champions] VGC 2026 Reg M-A",
  "players": [
    "Sweet Pea",
    "nanismo"
  ],
  "log": "|j|\u2606Sweet Pea\n|j|\u2606nanismo\n|t:|1776502937\n|gametype|doubles\n|player|p1|Sweet Pea|lass-gen4dp|1436\n|player|p2|nanismo|265|1459\n|gen|9\n|tier|[Gen 9 Champions] VGC 2026 Reg M-A\n|rated|\n|rule|Species Clause: Limit one of each Pok\u00e9mon\n|rule|Item Clause: Limit 1 of each item\n|clearpoke\n|poke|p1|Garchomp, L50, M|\n|poke|p1|Ninetales-Alola, L50, F|\n|poke|p1|Froslass, L50, F|\n|poke|p1|Milotic, L50, F|\n|poke|p1|Arcanine-Hisui, L50, M|\n|poke|p1|Gardevoir, L50, F|\n|poke|p2|Garchomp, L50, F|\n|poke|p2|Archaludon, L50, F|\n|poke|p2|Pelipper, L50, F|\n|poke|p2|Sneasler, L50, M|\n|poke|p2|Basculegion, L50, M|\n|poke|p2|Scizor, L50, F|\n|teampreview|4\n|\n|t:|1776502966\n|teamsize|p1|4\n|teamsize|p2|4\n|start\n|switch|p1a: Milotic|Milotic, L50, F|100/100\n|switch|p1b: Arcanine|Arcanine-Hisui, L50, M|100/100\n|switch|p2a: Sneasler|Sneasler, L50, M|100/100\n|switch|p2b: Scizor|Scizor, L50, F|100/100\n|-ability|p1b: Arcanine|Intimidate|boost\n|-unboost|p2a: Sneasler|atk|1\n|-unboost|p2b: Scizor|atk|1\n|-enditem|p2a: Sneasler|White Herb\n|-clearnegativeboost|p2a: Sneasler|[silent]\n|turn|1\n|\n|t:|1776502984\n|detailschange|p2b: Scizor|Scizor-Mega, L50, F\n|-mega|p2b: Scizor|Scizor|Scizorite\n|move|p1b: Arcanine|Protect|p1b: Arcanine\n|-singleturn|p1b: Arcanine|Protect\n|move|p2a: Sneasler|Fake Out|p1b: Arcanine\n|-activate|p1b: Arcanine|move: Protect\n|move|p1a: Milotic|Muddy Water|p2b: Scizor|[spread] p2a,p2b\n|-damage|p2a: Sneasler|65/100\n|-damage|p2b: Scizor|74/100\n|-unboost|p2a: Sneasler|accuracy|1\n|move|p2b: Scizor|Bug Bite|p1a: Milotic\n|-damage|p1a: Milotic|65/100\n|-enditem|p1a: Milotic|Sitrus Berry|[from] stealeat|[move] Bug Bite|[of] p2b: Scizor\n|-heal|p2b: Scizor|99/100|[from] item: Sitrus Berry\n|\n|upkeep\n|turn|2\n|\n|t:|1776503009\n|switch|p1b: Garchomp|Garchomp, L50, M|100/100\n|move|p2b: Scizor|Protect|p2b: Scizor\n|-singleturn|p2b: Scizor|Protect\n|move|p2a: Sneasler|Close Combat|p1b: Garchomp\n|-damage|p1b: Garchomp|33/100\n|-unboost|p2a: Sneasler|def|1\n|-unboost|p2a: Sneasler|spd|1\n|-damage|p2a: Sneasler|53/100|[from] ability: Rough Skin|[of] p1b: Garchomp\n|move|p1a: Milotic|Muddy Water|p2b: Scizor|[spread] p2a\n|-activate|p2b: Scizor|move: Protect\n|-damage|p2a: Sneasler|0 fnt\n|faint|p2a: Sneasler\n|\n|-heal|p1b: Garchomp|39/100|[from] item: Leftovers\n|upkeep\n|\n|t:|1776503020\n|switch|p2a: Garchomp|Garchomp, L50, F|100/100\n|turn|3\n|\n|t:|1776503037\n|move|p1b: Garchomp|Protect|p1b: Garchomp\n|-singleturn|p1b: Garchomp|Protect\n|move|p2a: Garchomp|Dragon Claw|p1b: Garchomp\n|-activate|p1b: Garchomp|move: Protect\n|move|p1a: Milotic|Recover|p1a: Milotic\n|-heal|p1a: Milotic|100/100\n|move|p2b: Scizor|Swords Dance|p2b: Scizor\n|-boost|p2b: Scizor|atk|2\n|\n|-heal|p1b: Garchomp|45/100|[from] item: Leftovers\n|upkeep\n|turn|4\n|\n|t:|1776503055\n|switch|p1b: Ninetales|Ninetales-Alola, L50, F|100/100\n|-weather|Snowscape|[from] ability: Snow Warning|[of] p1b: Ninetales\n|move|p2a: Garchomp|Dragon Claw|p1b: Ninetales\n|-immune|p1b: Ninetales\n|move|p1a: Milotic|Muddy Water|p2a: Garchomp|[spread] p2a\n|-miss|p1a: Milotic|p2b: Scizor\n|-damage|p2a: Garchomp|74/100\n|move|p2b: Scizor|Bug Bite|p1a: Milotic\n|-damage|p1a: Milotic|21/100\n|\n|-weather|Snowscape|[upkeep]\n|upkeep\n|turn|5\n|\n|t:|1776503085\n|switch|p2a: Pelipper|Pelipper, L50, F|100/100\n|-weather|RainDance|[from] ability: Drizzle|[of] p2a: Pelipper\n|move|p1a: Milotic|Protect|p1a: Milotic\n|-singleturn|p1a: Milotic|Protect\n|move|p1b: Ninetales|Blizzard|p2a: Pelipper|[spread] p2b\n|-miss|p1b: Ninetales|p2a: Pelipper\n|-resisted|p2b: Scizor|1\n|-damage|p2b: Scizor|85/100\n|move|p2b: Scizor|Bug Bite|p1a: Milotic\n|-activate|p1a: Milotic|move: Protect\n|\n|-weather|RainDance|[upkeep]\n|upkeep\n|turn|6\n|\n|t:|1776503103\n|switch|p1a: Arcanine|Arcanine-Hisui, L50, M|100/100\n|-ability|p1a: Arcanine|Intimidate|boost\n|-unboost|p2a: Pelipper|atk|1\n|-unboost|p2b: Scizor|atk|1\n|move|p1b: Ninetales|Freeze-Dry|p2a: Pelipper\n|-supereffective|p2a: Pelipper|2\n|-enditem|p2a: Pelipper|Focus Sash\n|-damage|p2a: Pelipper|1/100\n|move|p2a: Pelipper|Tailwind|p2a: Pelipper\n|-sidestart|p2: nanismo|move: Tailwind\n|move|p2b: Scizor|Bug Bite|p1a: Arcanine\n|-resisted|p1a: Arcanine|1\n|-damage|p1a: Arcanine|67/100\n|\n|-weather|RainDance|[upkeep]\n|upkeep\n|turn|7\n|\n|t:|1776503141\n|switch|p1b: Milotic|Milotic, L50, F|21/100\n|move|p1a: Arcanine|Extreme Speed|p2a: Pelipper\n|-crit|p2a: Pelipper\n|-damage|p2a: Pelipper|0 fnt\n|faint|p2a: Pelipper\n|move|p2b: Scizor|Bullet Punch|p1b: Milotic\n|-resisted|p1b: Milotic|1\n|-damage|p1b: Milotic|3/100\n|\n|-weather|RainDance|[upkeep]\n|upkeep\n|\n|t:|1776503145\n|switch|p2a: Garchomp|Garchomp, L50, F|74/100\n|turn|8\n|\n|t:|1776503160\n|move|p2b: Scizor|Protect|p2b: Scizor\n|-singleturn|p2b: Scizor|Protect\n|move|p1a: Arcanine|Protect|p1a: Arcanine\n|-singleturn|p1a: Arcanine|Protect\n|move|p2a: Garchomp|Bulldoze|p1b: Milotic|[spread] p1b\n|-activate|p2b: Scizor|move: Protect\n|-activate|p1a: Arcanine|move: Protect\n|-damage|p1b: Milotic|0 fnt\n|faint|p1b: Milotic\n|\n|-weather|RainDance|[upkeep]\n|upkeep\n|\n|t:|1776503175\n|switch|p1b: Garchomp|Garchomp, L50, M|45/100\n|turn|9\n|\n|t:|1776503187\n|switch|p1a: Ninetales|Ninetales-Alola, L50, F|100/100\n|-weather|Snowscape|[from] ability: Snow Warning|[of] p1a: Ninetales\n|move|p2a: Garchomp|Bulldoze|p1b: Garchomp|[spread] p2b,p1a,p1b\n|-damage|p2b: Scizor|63/100\n|-damage|p1a: Ninetales|72/100\n|-damage|p1b: Garchomp|14/100\n|-unboost|p2b: Scizor|spe|1\n|-unboost|p1a: Ninetales|spe|1\n|-unboost|p1b: Garchomp|spe|1\n|move|p2b: Scizor|Bug Bite|p1b: Garchomp\n|-damage|p1b: Garchomp|0 fnt\n|-damage|p2b: Scizor|50/100|[from] ability: Rough Skin|[of] p1b: Garchomp\n|faint|p1b: Garchomp\n|\n|-weather|Snowscape|[upkeep]\n|-sideend|p2: nanismo|move: Tailwind\n|upkeep\n|\n|t:|1776503200\n|switch|p1b: Arcanine|Arcanine-Hisui, L50, M|67/100\n|-ability|p1b: Arcanine|Intimidate|boost\n|-unboost|p2a: Garchomp|atk|1\n|-unboost|p2b: Scizor|atk|1\n|turn|10\n|\n|t:|1776503207\n|move|p2a: Garchomp|Protect|p2a: Garchomp\n|-singleturn|p2a: Garchomp|Protect\n|move|p2b: Scizor|Protect|p2b: Scizor\n|-singleturn|p2b: Scizor|Protect\n|move|p1b: Arcanine|Flare Blitz|p2b: Scizor\n|-activate|p2b: Scizor|move: Protect\n|move|p1a: Ninetales|Blizzard|p2b: Scizor|[spread] \n|-activate|p2a: Garchomp|move: Protect\n|-activate|p2b: Scizor|move: Protect\n|\n|-weather|Snowscape|[upkeep]\n|upkeep\n|turn|11\n|\n|t:|1776503220\n|move|p2b: Scizor|Bullet Punch|p1a: Ninetales\n|-supereffective|p1a: Ninetales|2\n|-damage|p1a: Ninetales|0 fnt\n|faint|p1a: Ninetales\n|move|p2a: Garchomp|Bulldoze|p1b: Arcanine|[spread] p2b,p1b\n|-supereffective|p1b: Arcanine|2\n|-damage|p2b: Scizor|35/100\n|-damage|p1b: Arcanine|0 fnt\n|-unboost|p2b: Scizor|spe|1\n|faint|p1b: Arcanine\n|\n|win|nanismo\n|raw|Sweet Pea's rating: 1436 &rarr; <strong>1417</strong><br />(-19 for losing)\n|raw|nanismo's rating: 1459 &rarr; <strong>1478</strong><br />(+19 for winning)\n|l|\u2606Sweet Pea\n|player|p1|\n|l|\u2606nanismo\n|player|p2|\n",
  "uploadtime": 1776503231,
  "views": 38,
  "formatid": "gen9championsvgc2026regma",
  "rating": 1417,
  "private": 0,
  "password": null
}