{
  "id": "gen9championsvgc2026regma-2581920288",
  "format": "[Gen 9 Champions] VGC 2026 Reg M-A",
  "players": [
    "CappyCappy",
    "comprestrict"
  ],
  "log": "|j|\u2606CappyCappy\n|j|\u2606comprestrict\n|t:|1776039837\n|gametype|doubles\n|player|p1|CappyCappy|miku-fairy|1169\n|player|p2|comprestrict|2|1111\n|gen|9\n|tier|[Gen 9 Champions] VGC 2026 Reg M-A\n|rated|\n|rule|Species Clause: Limit one of each Pok\u00e9mon\n|rule|Item Clause: Limit 1 of each item\n|clearpoke\n|poke|p1|Sneasler, L50, M|\n|poke|p1|Incineroar, L50, F|\n|poke|p1|Sinistcha, L50|\n|poke|p1|Kingambit, L50, M|\n|poke|p1|Aerodactyl, L50, M|\n|poke|p1|Floette-Eternal, L50, F|\n|poke|p2|Ceruledge, L50, M|\n|poke|p2|Manectric, L50, M|\n|poke|p2|Samurott-Hisui, L50, M|\n|poke|p2|Volcarona, L50, F|\n|poke|p2|Empoleon, L50, F|\n|poke|p2|Gengar, L50, M|\n|teampreview|4\n|inactive|Battle timer is ON: inactive players will automatically lose when time's up. (requested by comprestrict)\n|inactive|CappyCappy has 60 seconds left.\n|\n|t:|1776039873\n|teamsize|p1|4\n|teamsize|p2|4\n|start\n|switch|p1a: Sneasler|Sneasler, L50, M|100/100\n|switch|p1b: Floette|Floette-Eternal, L50, F|100/100\n|switch|p2a: Samurott|Samurott-Hisui, L50, M|100/100\n|switch|p2b: Manectric|Manectric, L50, M|100/100\n|turn|1\n|inactive|comprestrict has 30 seconds left.\n|\n|t:|1776039900\n|switch|p2a: Volcarona|Volcarona, L50, F|100/100\n|detailschange|p2b: Manectric|Manectric-Mega, L50, M\n|-mega|p2b: Manectric|Manectric|Manectite\n|-ability|p2b: Manectric|Intimidate|boost\n|-unboost|p1a: Sneasler|atk|1\n|-unboost|p1b: Floette|atk|1\n|-enditem|p1a: Sneasler|White Herb\n|-clearnegativeboost|p1a: Sneasler|[silent]\n|detailschange|p1b: Floette|Floette-Mega, L50, F\n|-mega|p1b: Floette|Floette|Floettite\n|-ability|p1b: Floette|Fairy Aura\n|move|p1a: Sneasler|Fake Out|p2a: Volcarona\n|-damage|p2a: Volcarona|83/100\n|move|p2b: Manectric|Thunderbolt|p1b: Floette\n|-damage|p1b: Floette|55/100\n|move|p1b: Floette|Calm Mind|p1b: Floette\n|-boost|p1b: Floette|spa|1\n|-boost|p1b: Floette|spd|1\n|\n|upkeep\n|turn|2\n|inactive|CappyCappy has 30 seconds left.\n|inactive|comprestrict has 30 seconds left.\n|inactive|CappyCappy has 20 seconds left.\n|inactive|comprestrict has 20 seconds left.\n|inactive|CappyCappy has 15 seconds left.\n|\n|t:|1776039942\n|move|p1a: Sneasler|Dire Claw|p2a: Volcarona\n|-damage|p2a: Volcarona|38/100\n|-status|p2a: Volcarona|psn\n|-enditem|p2a: Volcarona|Sitrus Berry|[eat]\n|-heal|p2a: Volcarona|62/100 psn|[from] item: Sitrus Berry\n|move|p2b: Manectric|Thunderbolt|p1b: Floette\n|-damage|p1b: Floette|26/100\n|move|p1b: Floette|Moonblast|p2b: Manectric\n|-damage|p2b: Manectric|0 fnt\n|faint|p2b: Manectric\n|move|p2a: Volcarona|Fiery Dance|p1b: Floette\n|-damage|p1b: Floette|6/100\n|\n|-damage|p2a: Volcarona|50/100 psn|[from] psn\n|upkeep\n|\n|t:|1776039958\n|switch|p2b: Samurott|Samurott-Hisui, L50, M|100/100\n|turn|3\n|\n|t:|1776039972\n|move|p1b: Floette|Protect|p1b: Floette\n|-singleturn|p1b: Floette|Protect\n|move|p2a: Volcarona|Rage Powder|p2a: Volcarona\n|-singleturn|p2a: Volcarona|move: Rage Powder\n|move|p1a: Sneasler|Close Combat|p2a: Volcarona\n|-resisted|p2a: Volcarona|1\n|-damage|p2a: Volcarona|14/100 psn\n|-unboost|p1a: Sneasler|def|1\n|-unboost|p1a: Sneasler|spd|1\n|-status|p1a: Sneasler|brn|[from] ability: Flame Body|[of] p2a: Volcarona\n|move|p2b: Samurott|Aqua Cutter|p1b: Floette\n|-activate|p1b: Floette|move: Protect\n|\n|-damage|p2a: Volcarona|2/100 psn|[from] psn\n|-damage|p1a: Sneasler|95/100 brn|[from] brn\n|upkeep\n|turn|4\n|\n|t:|1776039994\n|move|p2a: Volcarona|Rage Powder|p2a: Volcarona\n|-singleturn|p2a: Volcarona|move: Rage Powder\n|move|p1a: Sneasler|Close Combat|p2a: Volcarona\n|-resisted|p2a: Volcarona|1\n|-damage|p2a: Volcarona|0 fnt\n|-unboost|p1a: Sneasler|def|1\n|-unboost|p1a: Sneasler|spd|1\n|faint|p2a: Volcarona\n|move|p2b: Samurott|Aqua Cutter|p1a: Sneasler\n|-damage|p1a: Sneasler|0 fnt\n|faint|p1a: Sneasler\n|move|p1b: Floette|Moonblast|p2b: Samurott\n|-supereffective|p2b: Samurott|1\n|-crit|p2b: Samurott\n|-damage|p2b: Samurott|0 fnt\n|faint|p2b: Samurott\n|\n|upkeep\n|\n|t:|1776040007\n|switch|p1a: Aerodactyl|Aerodactyl, L50, M|100/100\n|switch|p2b: Empoleon|Empoleon, L50, F|100/100\n|turn|5\n|\n|t:|1776040021\n|move|p1b: Floette|Protect|p1b: Floette\n|-singleturn|p1b: Floette|Protect\n|move|p1a: Aerodactyl|Tailwind|p1a: Aerodactyl\n|-sidestart|p1: CappyCappy|move: Tailwind\n|move|p2b: Empoleon|Flash Cannon|p1a: Aerodactyl\n|-supereffective|p1a: Aerodactyl|1\n|-damage|p1a: Aerodactyl|11/100\n|\n|upkeep\n|turn|6\n|\n|t:|1776040033\n|move|p1a: Aerodactyl|Rock Slide|p2b: Empoleon\n|-resisted|p2b: Empoleon|1\n|-damage|p2b: Empoleon|82/100\n|move|p1b: Floette|Moonblast|p2b: Empoleon\n|-resisted|p2b: Empoleon|1\n|-damage|p2b: Empoleon|16/100\n|-unboost|p2b: Empoleon|spa|1\n|-ability|p2b: Empoleon|Competitive|boost\n|-boost|p2b: Empoleon|spa|2\n|move|p2b: Empoleon|Flash Cannon|p1b: Floette\n|-supereffective|p1b: Floette|1\n|-damage|p1b: Floette|0 fnt\n|faint|p1b: Floette\n|\n|-heal|p2b: Empoleon|22/100|[from] item: Leftovers\n|upkeep\n|\n|t:|1776040043\n|switch|p1b: Kingambit|Kingambit, L50, M|100/100\n|turn|7\n|\n|t:|1776040050\n|move|p2b: Empoleon|Protect|p2b: Empoleon\n|-singleturn|p2b: Empoleon|Protect\n|move|p1b: Kingambit|Sucker Punch||[still]\n|-fail|p1b: Kingambit\n|move|p1a: Aerodactyl|Rock Slide|p2b: Empoleon\n|-activate|p2b: Empoleon|move: Protect\n|\n|-heal|p2b: Empoleon|29/100|[from] item: Leftovers\n|upkeep\n|turn|8\n|\n|t:|1776040056\n|move|p1b: Kingambit|Sucker Punch|p2b: Empoleon\n|-damage|p2b: Empoleon|0 fnt\n|faint|p2b: Empoleon\n|\n|win|CappyCappy\n|raw|CappyCappy's rating: 1169 &rarr; <strong>1190</strong><br />(+21 for winning)\n|raw|comprestrict's rating: 1111 &rarr; <strong>1090</strong><br />(-21 for losing)\n",
  "uploadtime": 1776040056,
  "views": 13,
  "formatid": "gen9championsvgc2026regma",
  "rating": 1090,
  "private": 0,
  "password": null
}