{
  "id": "gen9championsvgc2026regma-2585456063",
  "format": "[Gen 9 Champions] VGC 2026 Reg M-A",
  "players": [
    "ChimechoLover77",
    "wapin"
  ],
  "log": "|j|\u2606ChimechoLover77\n|j|\u2606wapin\n|t:|1776348500\n|gametype|doubles\n|player|p1|ChimechoLover77|miku-psychic|1027\n|player|p2|wapin|pokemonbreeder|1061\n|gen|9\n|tier|[Gen 9 Champions] VGC 2026 Reg M-A\n|rated|\n|rule|Species Clause: Limit one of each Pok\u00e9mon\n|rule|Item Clause: Limit 1 of each item\n|clearpoke\n|poke|p1|Manectric, L50, F|\n|poke|p1|Slowbro, L50, M|\n|poke|p1|Chimecho, L50, F|\n|poke|p1|Sneasler, L50, F|\n|poke|p1|Floette-Eternal, L50, F|\n|poke|p1|Raichu, L50, M|\n|poke|p2|Torkoal, L50, F|\n|poke|p2|Alakazam, L50, M|\n|poke|p2|Camerupt, L50, M|\n|poke|p2|Hatterene, L50, F|\n|poke|p2|Kingambit, L50, F|\n|poke|p2|Crabominable, L50, F|\n|teampreview|4\n|inactive|Battle timer is ON: inactive players will automatically lose when time's up. (requested by wapin)\n|c|\u2606wapin|gl hf\n|\n|t:|1776348517\n|teamsize|p1|4\n|teamsize|p2|4\n|start\n|switch|p1a: \u26a0\ufe0fPLS NO TIMER\u26a0\ufe0f|Raichu, L50, M|100/100\n|switch|p1b: \ud83d\ude1fPLS NO FORFEIT\ud83d\ude1f|Manectric, L50, F|100/100\n|switch|p2a: Alakazam|Alakazam, L50, M|100/100\n|switch|p2b: Torkoal|Torkoal, L50, F|100/100\n|-weather|SunnyDay|[from] ability: Drought|[of] p2b: Torkoal\n|turn|1\n|\n|t:|1776348528\n|move|p2a: Alakazam|Light Screen|p2a: Alakazam\n|-sidestart|p2: wapin|move: Light Screen\n|move|p1a: \u26a0\ufe0fPLS NO TIMER\u26a0\ufe0f|Discharge|p2a: Alakazam|[spread] p2a,p2b\n|-ability|p1b: \ud83d\ude1fPLS NO FORFEIT\ud83d\ude1f|Lightning Rod|boost\n|-boost|p1b: \ud83d\ude1fPLS NO FORFEIT\ud83d\ude1f|spa|1\n|-damage|p2a: Alakazam|81/100\n|-damage|p2b: Torkoal|73/100\n|-status|p2a: Alakazam|par\n|move|p1b: \ud83d\ude1fPLS NO FORFEIT\ud83d\ude1f|Discharge|p2a: Alakazam|[spread] p2a,p2b\n|-ability|p1a: \u26a0\ufe0fPLS NO TIMER\u26a0\ufe0f|Lightning Rod|boost\n|-boost|p1a: \u26a0\ufe0fPLS NO TIMER\u26a0\ufe0f|spa|1\n|-damage|p2a: Alakazam|52/100 par\n|-damage|p2b: Torkoal|26/100\n|-status|p2b: Torkoal|par\n|move|p2b: Torkoal|Heat Wave|p1a: \u26a0\ufe0fPLS NO TIMER\u26a0\ufe0f|[spread] p1a,p1b\n|-damage|p1a: \u26a0\ufe0fPLS NO TIMER\u26a0\ufe0f|6/100\n|-damage|p1b: \ud83d\ude1fPLS NO FORFEIT\ud83d\ude1f|0 fnt\n|faint|p1b: \ud83d\ude1fPLS NO FORFEIT\ud83d\ude1f\n|\n|-weather|SunnyDay|[upkeep]\n|upkeep\n|\n|t:|1776348537\n|switch|p1b: \ud83c\udfcb\ufe0fNO GIVE UP\ud83c\udfcb\ufe0f|Slowbro, L50, M|100/100\n|turn|2\n|\n|t:|1776348557\n|detailschange|p1b: \ud83c\udfcb\ufe0fNO GIVE UP\ud83c\udfcb\ufe0f|Slowbro-Mega, L50, M\n|-mega|p1b: \ud83c\udfcb\ufe0fNO GIVE UP\ud83c\udfcb\ufe0f|Slowbro|Slowbronite\n|move|p2b: Torkoal|Protect|p2b: Torkoal\n|-singleturn|p2b: Torkoal|Protect\n|move|p1a: \u26a0\ufe0fPLS NO TIMER\u26a0\ufe0f|Thunderbolt|p2a: Alakazam\n|-damage|p2a: Alakazam|7/100 par\n|move|p2a: Alakazam|Psychic|p1a: \u26a0\ufe0fPLS NO TIMER\u26a0\ufe0f\n|-damage|p1a: \u26a0\ufe0fPLS NO TIMER\u26a0\ufe0f|0 fnt\n|faint|p1a: \u26a0\ufe0fPLS NO TIMER\u26a0\ufe0f\n|move|p1b: \ud83c\udfcb\ufe0fNO GIVE UP\ud83c\udfcb\ufe0f|Muddy Water|p2a: Alakazam|[spread] \n|-activate|p2b: Torkoal|move: Protect\n|-miss|p1b: \ud83c\udfcb\ufe0fNO GIVE UP\ud83c\udfcb\ufe0f|p2a: Alakazam\n|\n|-weather|SunnyDay|[upkeep]\n|upkeep\n|\n|t:|1776348564\n|switch|p1a: (\u3065\u1d17 _\u1d17)\u3065\u26f0\ufe0fSisyphus|Chimecho, L50, F, shiny|100/100\n|turn|3\n|\n|t:|1776348574\n|move|p2a: Alakazam|Psychic|p1a: (\u3065\u1d17 _\u1d17)\u3065\u26f0\ufe0fSisyphus\n|-resisted|p1a: (\u3065\u1d17 _\u1d17)\u3065\u26f0\ufe0fSisyphus|1\n|-damage|p1a: (\u3065\u1d17 _\u1d17)\u3065\u26f0\ufe0fSisyphus|80/100\n|move|p1a: (\u3065\u1d17 _\u1d17)\u3065\u26f0\ufe0fSisyphus|Cosmic Power|p1a: (\u3065\u1d17 _\u1d17)\u3065\u26f0\ufe0fSisyphus\n|-boost|p1a: (\u3065\u1d17 _\u1d17)\u3065\u26f0\ufe0fSisyphus|def|1\n|-boost|p1a: (\u3065\u1d17 _\u1d17)\u3065\u26f0\ufe0fSisyphus|spd|1\n|move|p1b: \ud83c\udfcb\ufe0fNO GIVE UP\ud83c\udfcb\ufe0f|Skill Swap|p1a: (\u3065\u1d17 _\u1d17)\u3065\u26f0\ufe0fSisyphus\n|-activate|p1b: \ud83c\udfcb\ufe0fNO GIVE UP\ud83c\udfcb\ufe0f|Skill Swap|||[of] p1a: (\u3065\u1d17 _\u1d17)\u3065\u26f0\ufe0fSisyphus\n|move|p2b: Torkoal|Solar Beam||[still]\n|-prepare|p2b: Torkoal|Solar Beam\n|-anim|p2b: Torkoal|Solar Beam|p1b: \ud83c\udfcb\ufe0fNO GIVE UP\ud83c\udfcb\ufe0f\n|-supereffective|p1b: \ud83c\udfcb\ufe0fNO GIVE UP\ud83c\udfcb\ufe0f|1\n|-damage|p1b: \ud83c\udfcb\ufe0fNO GIVE UP\ud83c\udfcb\ufe0f|48/100\n|\n|-weather|SunnyDay|[upkeep]\n|upkeep\n|turn|4\n|\n|t:|1776348597\n|move|p2a: Alakazam|Psychic|p1b: \ud83c\udfcb\ufe0fNO GIVE UP\ud83c\udfcb\ufe0f\n|-resisted|p1b: \ud83c\udfcb\ufe0fNO GIVE UP\ud83c\udfcb\ufe0f|1\n|-damage|p1b: \ud83c\udfcb\ufe0fNO GIVE UP\ud83c\udfcb\ufe0f|33/100\n|move|p1a: (\u3065\u1d17 _\u1d17)\u3065\u26f0\ufe0fSisyphus|Cosmic Power|p1a: (\u3065\u1d17 _\u1d17)\u3065\u26f0\ufe0fSisyphus\n|-boost|p1a: (\u3065\u1d17 _\u1d17)\u3065\u26f0\ufe0fSisyphus|def|1\n|-boost|p1a: (\u3065\u1d17 _\u1d17)\u3065\u26f0\ufe0fSisyphus|spd|1\n|move|p1b: \ud83c\udfcb\ufe0fNO GIVE UP\ud83c\udfcb\ufe0f|Slack Off|p1b: \ud83c\udfcb\ufe0fNO GIVE UP\ud83c\udfcb\ufe0f\n|-heal|p1b: \ud83c\udfcb\ufe0fNO GIVE UP\ud83c\udfcb\ufe0f|83/100\n|move|p2b: Torkoal|Solar Beam||[still]\n|-prepare|p2b: Torkoal|Solar Beam\n|-anim|p2b: Torkoal|Solar Beam|p1b: \ud83c\udfcb\ufe0fNO GIVE UP\ud83c\udfcb\ufe0f\n|-supereffective|p1b: \ud83c\udfcb\ufe0fNO GIVE UP\ud83c\udfcb\ufe0f|1\n|-damage|p1b: \ud83c\udfcb\ufe0fNO GIVE UP\ud83c\udfcb\ufe0f|25/100\n|\n|-weather|SunnyDay|[upkeep]\n|upkeep\n|turn|5\n|\n|t:|1776348611\n|switch|p2b: Camerupt|Camerupt, L50, M|100/100\n|move|p2a: Alakazam|Speed Swap|p2b: Camerupt\n|-activate|p2a: Alakazam|move: Speed Swap|[of] p2b: Camerupt\n|move|p1a: (\u3065\u1d17 _\u1d17)\u3065\u26f0\ufe0fSisyphus|Cosmic Power|p1a: (\u3065\u1d17 _\u1d17)\u3065\u26f0\ufe0fSisyphus\n|-boost|p1a: (\u3065\u1d17 _\u1d17)\u3065\u26f0\ufe0fSisyphus|def|1\n|-boost|p1a: (\u3065\u1d17 _\u1d17)\u3065\u26f0\ufe0fSisyphus|spd|1\n|move|p1b: \ud83c\udfcb\ufe0fNO GIVE UP\ud83c\udfcb\ufe0f|Slack Off|p1b: \ud83c\udfcb\ufe0fNO GIVE UP\ud83c\udfcb\ufe0f\n|-heal|p1b: \ud83c\udfcb\ufe0fNO GIVE UP\ud83c\udfcb\ufe0f|75/100\n|\n|-weather|none\n|-sideend|p2: wapin|move: Light Screen\n|upkeep\n|turn|6\n|\n|t:|1776348621\n|detailschange|p2b: Camerupt|Camerupt-Mega, L50, M\n|-mega|p2b: Camerupt|Camerupt|Cameruptite\n|move|p1a: (\u3065\u1d17 _\u1d17)\u3065\u26f0\ufe0fSisyphus|Cosmic Power|p1a: (\u3065\u1d17 _\u1d17)\u3065\u26f0\ufe0fSisyphus\n|-boost|p1a: (\u3065\u1d17 _\u1d17)\u3065\u26f0\ufe0fSisyphus|def|1\n|-boost|p1a: (\u3065\u1d17 _\u1d17)\u3065\u26f0\ufe0fSisyphus|spd|1\n|move|p1b: \ud83c\udfcb\ufe0fNO GIVE UP\ud83c\udfcb\ufe0f|Muddy Water|p2b: Camerupt|[spread] p2a,p2b\n|-supereffective|p2b: Camerupt|2\n|-damage|p2a: Alakazam|0 fnt\n|-damage|p2b: Camerupt|0 fnt\n|faint|p2a: Alakazam\n|faint|p2b: Camerupt\n|\n|upkeep\n|\n|t:|1776348629\n|switch|p2a: Torkoal|Torkoal, L50, F|26/100 par\n|switch|p2b: Hatterene|Hatterene, L50, F|100/100\n|-weather|SunnyDay|[from] ability: Drought|[of] p2a: Torkoal\n|turn|7\n|\n|t:|1776348637\n|move|p1a: (\u3065\u1d17 _\u1d17)\u3065\u26f0\ufe0fSisyphus|Cosmic Power|p1a: (\u3065\u1d17 _\u1d17)\u3065\u26f0\ufe0fSisyphus\n|-boost|p1a: (\u3065\u1d17 _\u1d17)\u3065\u26f0\ufe0fSisyphus|def|1\n|-boost|p1a: (\u3065\u1d17 _\u1d17)\u3065\u26f0\ufe0fSisyphus|spd|1\n|move|p1b: \ud83c\udfcb\ufe0fNO GIVE UP\ud83c\udfcb\ufe0f|Muddy Water|p2b: Hatterene|[spread] p2a,p2b\n|-supereffective|p2a: Torkoal|1\n|-crit|p2a: Torkoal\n|-damage|p2a: Torkoal|0 fnt\n|-damage|p2b: Hatterene|88/100\n|faint|p2a: Torkoal\n|move|p2b: Hatterene|Trick Room|p2b: Hatterene\n|-fieldstart|move: Trick Room|[of] p2b: Hatterene\n|\n|-weather|SunnyDay|[upkeep]\n|upkeep\n|turn|8\n|c|\u2606wapin|gg\n|\n|t:|1776348645\n|move|p2b: Hatterene|Draining Kiss|p1b: \ud83c\udfcb\ufe0fNO GIVE UP\ud83c\udfcb\ufe0f\n|-damage|p1b: \ud83c\udfcb\ufe0fNO GIVE UP\ud83c\udfcb\ufe0f|52/100\n|-heal|p2b: Hatterene|100/100|[from] drain|[of] p1b: \ud83c\udfcb\ufe0fNO GIVE UP\ud83c\udfcb\ufe0f\n|move|p1b: \ud83c\udfcb\ufe0fNO GIVE UP\ud83c\udfcb\ufe0f|Skill Swap|p2b: Hatterene\n|-activate|p1b: \ud83c\udfcb\ufe0fNO GIVE UP\ud83c\udfcb\ufe0f|Skill Swap|Magic Bounce|Levitate|[of] p2b: Hatterene\n|move|p1a: (\u3065\u1d17 _\u1d17)\u3065\u26f0\ufe0fSisyphus|Cosmic Power|p1a: (\u3065\u1d17 _\u1d17)\u3065\u26f0\ufe0fSisyphus\n|-boost|p1a: (\u3065\u1d17 _\u1d17)\u3065\u26f0\ufe0fSisyphus|def|1\n|-boost|p1a: (\u3065\u1d17 _\u1d17)\u3065\u26f0\ufe0fSisyphus|spd|1\n|\n|-weather|SunnyDay|[upkeep]\n|upkeep\n|turn|9\n|c|\u2606ChimechoLover77|no wait\n|c|\u2606ChimechoLover77|dont forfeit\n|\n|t:|1776348669\n|move|p2b: Hatterene|Draining Kiss|p1b: \ud83c\udfcb\ufe0fNO GIVE UP\ud83c\udfcb\ufe0f\n|-damage|p1b: \ud83c\udfcb\ufe0fNO GIVE UP\ud83c\udfcb\ufe0f|30/100\n|move|p1b: \ud83c\udfcb\ufe0fNO GIVE UP\ud83c\udfcb\ufe0f|Slack Off|p1b: \ud83c\udfcb\ufe0fNO GIVE UP\ud83c\udfcb\ufe0f\n|-heal|p1b: \ud83c\udfcb\ufe0fNO GIVE UP\ud83c\udfcb\ufe0f|80/100\n|move|p1a: (\u3065\u1d17 _\u1d17)\u3065\u26f0\ufe0fSisyphus|Recover|p1a: (\u3065\u1d17 _\u1d17)\u3065\u26f0\ufe0fSisyphus\n|-heal|p1a: (\u3065\u1d17 _\u1d17)\u3065\u26f0\ufe0fSisyphus|100/100\n|\n|-weather|SunnyDay|[upkeep]\n|upkeep\n|turn|10\n|\n|t:|1776348686\n|move|p2b: Hatterene|Draining Kiss|p1b: \ud83c\udfcb\ufe0fNO GIVE UP\ud83c\udfcb\ufe0f\n|-damage|p1b: \ud83c\udfcb\ufe0fNO GIVE UP\ud83c\udfcb\ufe0f|59/100\n|move|p1b: \ud83c\udfcb\ufe0fNO GIVE UP\ud83c\udfcb\ufe0f|Slack Off|p1b: \ud83c\udfcb\ufe0fNO GIVE UP\ud83c\udfcb\ufe0f\n|-heal|p1b: \ud83c\udfcb\ufe0fNO GIVE UP\ud83c\udfcb\ufe0f|100/100\n|move|p1a: (\u3065\u1d17 _\u1d17)\u3065\u26f0\ufe0fSisyphus|Recover||[still]\n|-fail|p1a: (\u3065\u1d17 _\u1d17)\u3065\u26f0\ufe0fSisyphus|heal\n|\n|-weather|SunnyDay|[upkeep]\n|upkeep\n|turn|11\n|c|\u2606ChimechoLover77|also can u turn off timer i dont want u to time out\n|c|\u2606wapin|this is gonna take a while\n|\n|t:|1776348699\n|move|p2b: Hatterene|Psychic|p1b: \ud83c\udfcb\ufe0fNO GIVE UP\ud83c\udfcb\ufe0f\n|-resisted|p1b: \ud83c\udfcb\ufe0fNO GIVE UP\ud83c\udfcb\ufe0f|1\n|-damage|p1b: \ud83c\udfcb\ufe0fNO GIVE UP\ud83c\udfcb\ufe0f|81/100\n|move|p1b: \ud83c\udfcb\ufe0fNO GIVE UP\ud83c\udfcb\ufe0f|Slack Off|p1b: \ud83c\udfcb\ufe0fNO GIVE UP\ud83c\udfcb\ufe0f\n|-heal|p1b: \ud83c\udfcb\ufe0fNO GIVE UP\ud83c\udfcb\ufe0f|100/100\n|move|p1a: (\u3065\u1d17 _\u1d17)\u3065\u26f0\ufe0fSisyphus|Recover||[still]\n|-fail|p1a: (\u3065\u1d17 _\u1d17)\u3065\u26f0\ufe0fSisyphus|heal\n|\n|-weather|none\n|-fieldend|move: Trick Room\n|upkeep\n|turn|12\n|\n|t:|1776348704\n|move|p1a: (\u3065\u1d17 _\u1d17)\u3065\u26f0\ufe0fSisyphus|Recover||[still]\n|-fail|p1a: (\u3065\u1d17 _\u1d17)\u3065\u26f0\ufe0fSisyphus|heal\n|move|p1b: \ud83c\udfcb\ufe0fNO GIVE UP\ud83c\udfcb\ufe0f|Heal Pulse|p1a: (\u3065\u1d17 _\u1d17)\u3065\u26f0\ufe0fSisyphus\n|-fail|p1a: (\u3065\u1d17 _\u1d17)\u3065\u26f0\ufe0fSisyphus|heal\n|move|p2b: Hatterene|Draining Kiss|p1b: \ud83c\udfcb\ufe0fNO GIVE UP\ud83c\udfcb\ufe0f\n|-damage|p1b: \ud83c\udfcb\ufe0fNO GIVE UP\ud83c\udfcb\ufe0f|79/100\n|\n|upkeep\n|turn|13\n|c|\u2606ChimechoLover77|ye\n|c|\u2606wapin|why ?\n|\n|t:|1776348711\n|move|p1a: (\u3065\u1d17 _\u1d17)\u3065\u26f0\ufe0fSisyphus|Recover||[still]\n|-fail|p1a: (\u3065\u1d17 _\u1d17)\u3065\u26f0\ufe0fSisyphus|heal\n|move|p1b: \ud83c\udfcb\ufe0fNO GIVE UP\ud83c\udfcb\ufe0f|Heal Pulse|p1a: (\u3065\u1d17 _\u1d17)\u3065\u26f0\ufe0fSisyphus\n|-fail|p1a: (\u3065\u1d17 _\u1d17)\u3065\u26f0\ufe0fSisyphus|heal\n|move|p2b: Hatterene|Draining Kiss|p1b: \ud83c\udfcb\ufe0fNO GIVE UP\ud83c\udfcb\ufe0f\n|-damage|p1b: \ud83c\udfcb\ufe0fNO GIVE UP\ud83c\udfcb\ufe0f|58/100\n|\n|upkeep\n|turn|14\n|\n|t:|1776348717\n|move|p1a: (\u3065\u1d17 _\u1d17)\u3065\u26f0\ufe0fSisyphus|Recover||[still]\n|-fail|p1a: (\u3065\u1d17 _\u1d17)\u3065\u26f0\ufe0fSisyphus|heal\n|move|p1b: \ud83c\udfcb\ufe0fNO GIVE UP\ud83c\udfcb\ufe0f|Heal Pulse|p1a: (\u3065\u1d17 _\u1d17)\u3065\u26f0\ufe0fSisyphus\n|-fail|p1a: (\u3065\u1d17 _\u1d17)\u3065\u26f0\ufe0fSisyphus|heal\n|move|p2b: Hatterene|Draining Kiss|p1b: \ud83c\udfcb\ufe0fNO GIVE UP\ud83c\udfcb\ufe0f\n|-damage|p1b: \ud83c\udfcb\ufe0fNO GIVE UP\ud83c\udfcb\ufe0f|37/100\n|\n|upkeep\n|turn|15\n|c|\u2606ChimechoLover77|youll see\n|\n|t:|1776348724\n|move|p1a: (\u3065\u1d17 _\u1d17)\u3065\u26f0\ufe0fSisyphus|Recover||[still]\n|-fail|p1a: (\u3065\u1d17 _\u1d17)\u3065\u26f0\ufe0fSisyphus|heal\n|move|p1b: \ud83c\udfcb\ufe0fNO GIVE UP\ud83c\udfcb\ufe0f|Heal Pulse|p1a: (\u3065\u1d17 _\u1d17)\u3065\u26f0\ufe0fSisyphus\n|-fail|p1a: (\u3065\u1d17 _\u1d17)\u3065\u26f0\ufe0fSisyphus|heal\n|move|p2b: Hatterene|Draining Kiss|p1b: \ud83c\udfcb\ufe0fNO GIVE UP\ud83c\udfcb\ufe0f\n|-damage|p1b: \ud83c\udfcb\ufe0fNO GIVE UP\ud83c\udfcb\ufe0f|16/100\n|\n|upkeep\n|turn|16\n|\n|t:|1776348732\n|move|p1a: (\u3065\u1d17 _\u1d17)\u3065\u26f0\ufe0fSisyphus|Recover||[still]\n|-fail|p1a: (\u3065\u1d17 _\u1d17)\u3065\u26f0\ufe0fSisyphus|heal\n|-enditem|p1a: (\u3065\u1d17 _\u1d17)\u3065\u26f0\ufe0fSisyphus|Leppa Berry|[eat]\n|-activate|p1a: (\u3065\u1d17 _\u1d17)\u3065\u26f0\ufe0fSisyphus|item: Leppa Berry|Recover|[consumed]\n|move|p1b: \ud83c\udfcb\ufe0fNO GIVE UP\ud83c\udfcb\ufe0f|Heal Pulse|p1a: (\u3065\u1d17 _\u1d17)\u3065\u26f0\ufe0fSisyphus\n|-fail|p1a: (\u3065\u1d17 _\u1d17)\u3065\u26f0\ufe0fSisyphus|heal\n|move|p2b: Hatterene|Trick Room|p2b: Hatterene\n|-fieldstart|move: Trick Room|[of] p2b: Hatterene\n|\n|upkeep\n|turn|17\n|\n|t:|1776348738\n|move|p2b: Hatterene|Draining Kiss|p1b: \ud83c\udfcb\ufe0fNO GIVE UP\ud83c\udfcb\ufe0f\n|-damage|p1b: \ud83c\udfcb\ufe0fNO GIVE UP\ud83c\udfcb\ufe0f|0 fnt\n|faint|p1b: \ud83c\udfcb\ufe0fNO GIVE UP\ud83c\udfcb\ufe0f\n|move|p1a: (\u3065\u1d17 _\u1d17)\u3065\u26f0\ufe0fSisyphus|Recycle|p1a: (\u3065\u1d17 _\u1d17)\u3065\u26f0\ufe0fSisyphus\n|-item|p1a: (\u3065\u1d17 _\u1d17)\u3065\u26f0\ufe0fSisyphus|Leppa Berry|[from] move: Recycle\n|\n|upkeep\n|turn|18\n|\n|t:|1776348743\n|move|p2b: Hatterene|Mystical Fire|p1a: (\u3065\u1d17 _\u1d17)\u3065\u26f0\ufe0fSisyphus\n|-damage|p1a: (\u3065\u1d17 _\u1d17)\u3065\u26f0\ufe0fSisyphus|93/100\n|-unboost|p1a: (\u3065\u1d17 _\u1d17)\u3065\u26f0\ufe0fSisyphus|spa|1\n|move|p1a: (\u3065\u1d17 _\u1d17)\u3065\u26f0\ufe0fSisyphus|Recover|p1a: (\u3065\u1d17 _\u1d17)\u3065\u26f0\ufe0fSisyphus\n|-heal|p1a: (\u3065\u1d17 _\u1d17)\u3065\u26f0\ufe0fSisyphus|100/100\n|\n|upkeep\n|turn|19\n|\n|t:|1776348746\n|move|p2b: Hatterene|Mystical Fire|p1a: (\u3065\u1d17 _\u1d17)\u3065\u26f0\ufe0fSisyphus\n|-damage|p1a: (\u3065\u1d17 _\u1d17)\u3065\u26f0\ufe0fSisyphus|92/100\n|-unboost|p1a: (\u3065\u1d17 _\u1d17)\u3065\u26f0\ufe0fSisyphus|spa|1\n|move|p1a: (\u3065\u1d17 _\u1d17)\u3065\u26f0\ufe0fSisyphus|Recover|p1a: (\u3065\u1d17 _\u1d17)\u3065\u26f0\ufe0fSisyphus\n|-heal|p1a: (\u3065\u1d17 _\u1d17)\u3065\u26f0\ufe0fSisyphus|100/100\n|\n|upkeep\n|turn|20\n|\n|t:|1776348748\n|move|p2b: Hatterene|Mystical Fire|p1a: (\u3065\u1d17 _\u1d17)\u3065\u26f0\ufe0fSisyphus\n|-damage|p1a: (\u3065\u1d17 _\u1d17)\u3065\u26f0\ufe0fSisyphus|94/100\n|-unboost|p1a: (\u3065\u1d17 _\u1d17)\u3065\u26f0\ufe0fSisyphus|spa|1\n|move|p1a: (\u3065\u1d17 _\u1d17)\u3065\u26f0\ufe0fSisyphus|Recover|p1a: (\u3065\u1d17 _\u1d17)\u3065\u26f0\ufe0fSisyphus\n|-heal|p1a: (\u3065\u1d17 _\u1d17)\u3065\u26f0\ufe0fSisyphus|100/100\n|\n|-fieldend|move: Trick Room\n|upkeep\n|turn|21\n|\n|t:|1776348754\n|move|p1a: (\u3065\u1d17 _\u1d17)\u3065\u26f0\ufe0fSisyphus|Recover||[still]\n|-fail|p1a: (\u3065\u1d17 _\u1d17)\u3065\u26f0\ufe0fSisyphus|heal\n|move|p2b: Hatterene|Mystical Fire|p1a: (\u3065\u1d17 _\u1d17)\u3065\u26f0\ufe0fSisyphus\n|-damage|p1a: (\u3065\u1d17 _\u1d17)\u3065\u26f0\ufe0fSisyphus|93/100\n|-unboost|p1a: (\u3065\u1d17 _\u1d17)\u3065\u26f0\ufe0fSisyphus|spa|1\n|\n|upkeep\n|turn|22\n|\n|t:|1776348757\n|move|p1a: (\u3065\u1d17 _\u1d17)\u3065\u26f0\ufe0fSisyphus|Recover|p1a: (\u3065\u1d17 _\u1d17)\u3065\u26f0\ufe0fSisyphus\n|-heal|p1a: (\u3065\u1d17 _\u1d17)\u3065\u26f0\ufe0fSisyphus|100/100\n|move|p2b: Hatterene|Mystical Fire|p1a: (\u3065\u1d17 _\u1d17)\u3065\u26f0\ufe0fSisyphus\n|-damage|p1a: (\u3065\u1d17 _\u1d17)\u3065\u26f0\ufe0fSisyphus|93/100\n|-unboost|p1a: (\u3065\u1d17 _\u1d17)\u3065\u26f0\ufe0fSisyphus|spa|1\n|\n|upkeep\n|turn|23\n|\n|t:|1776348760\n|move|p1a: (\u3065\u1d17 _\u1d17)\u3065\u26f0\ufe0fSisyphus|Recover|p1a: (\u3065\u1d17 _\u1d17)\u3065\u26f0\ufe0fSisyphus\n|-heal|p1a: (\u3065\u1d17 _\u1d17)\u3065\u26f0\ufe0fSisyphus|100/100\n|move|p2b: Hatterene|Mystical Fire|p1a: (\u3065\u1d17 _\u1d17)\u3065\u26f0\ufe0fSisyphus\n|-damage|p1a: (\u3065\u1d17 _\u1d17)\u3065\u26f0\ufe0fSisyphus|93/100\n|-unboost|p1a: (\u3065\u1d17 _\u1d17)\u3065\u26f0\ufe0fSisyphus|spa|1\n|\n|upkeep\n|turn|24\n|\n|t:|1776348761\n|move|p1a: (\u3065\u1d17 _\u1d17)\u3065\u26f0\ufe0fSisyphus|Recover|p1a: (\u3065\u1d17 _\u1d17)\u3065\u26f0\ufe0fSisyphus\n|-heal|p1a: (\u3065\u1d17 _\u1d17)\u3065\u26f0\ufe0fSisyphus|100/100\n|move|p2b: Hatterene|Trick Room|p2b: Hatterene\n|-fieldstart|move: Trick Room|[of] p2b: Hatterene\n|\n|upkeep\n|turn|25\n|\n|t:|1776348764\n|move|p2b: Hatterene|Psychic|p1a: (\u3065\u1d17 _\u1d17)\u3065\u26f0\ufe0fSisyphus\n|-resisted|p1a: (\u3065\u1d17 _\u1d17)\u3065\u26f0\ufe0fSisyphus|1\n|-damage|p1a: (\u3065\u1d17 _\u1d17)\u3065\u26f0\ufe0fSisyphus|94/100\n|move|p1a: (\u3065\u1d17 _\u1d17)\u3065\u26f0\ufe0fSisyphus|Recover|p1a: (\u3065\u1d17 _\u1d17)\u3065\u26f0\ufe0fSisyphus\n|-heal|p1a: (\u3065\u1d17 _\u1d17)\u3065\u26f0\ufe0fSisyphus|100/100\n|-enditem|p1a: (\u3065\u1d17 _\u1d17)\u3065\u26f0\ufe0fSisyphus|Leppa Berry|[eat]\n|-activate|p1a: (\u3065\u1d17 _\u1d17)\u3065\u26f0\ufe0fSisyphus|item: Leppa Berry|Recover|[consumed]\n|\n|upkeep\n|turn|26\n|\n|t:|1776348766\n|move|p2b: Hatterene|Psychic|p1a: (\u3065\u1d17 _\u1d17)\u3065\u26f0\ufe0fSisyphus\n|-resisted|p1a: (\u3065\u1d17 _\u1d17)\u3065\u26f0\ufe0fSisyphus|1\n|-damage|p1a: (\u3065\u1d17 _\u1d17)\u3065\u26f0\ufe0fSisyphus|95/100\n|move|p1a: (\u3065\u1d17 _\u1d17)\u3065\u26f0\ufe0fSisyphus|Recycle|p1a: (\u3065\u1d17 _\u1d17)\u3065\u26f0\ufe0fSisyphus\n|-item|p1a: (\u3065\u1d17 _\u1d17)\u3065\u26f0\ufe0fSisyphus|Leppa Berry|[from] move: Recycle\n|\n|upkeep\n|turn|27\n|\n|t:|1776348768\n|move|p2b: Hatterene|Psychic|p1a: (\u3065\u1d17 _\u1d17)\u3065\u26f0\ufe0fSisyphus\n|-resisted|p1a: (\u3065\u1d17 _\u1d17)\u3065\u26f0\ufe0fSisyphus|1\n|-damage|p1a: (\u3065\u1d17 _\u1d17)\u3065\u26f0\ufe0fSisyphus|89/100\n|move|p1a: (\u3065\u1d17 _\u1d17)\u3065\u26f0\ufe0fSisyphus|Recover|p1a: (\u3065\u1d17 _\u1d17)\u3065\u26f0\ufe0fSisyphus\n|-heal|p1a: (\u3065\u1d17 _\u1d17)\u3065\u26f0\ufe0fSisyphus|100/100\n|\n|upkeep\n|turn|28\n|\n|t:|1776348770\n|move|p2b: Hatterene|Psychic|p1a: (\u3065\u1d17 _\u1d17)\u3065\u26f0\ufe0fSisyphus\n|-resisted|p1a: (\u3065\u1d17 _\u1d17)\u3065\u26f0\ufe0fSisyphus|1\n|-damage|p1a: (\u3065\u1d17 _\u1d17)\u3065\u26f0\ufe0fSisyphus|94/100\n|move|p1a: (\u3065\u1d17 _\u1d17)\u3065\u26f0\ufe0fSisyphus|Recover|p1a: (\u3065\u1d17 _\u1d17)\u3065\u26f0\ufe0fSisyphus\n|-heal|p1a: (\u3065\u1d17 _\u1d17)\u3065\u26f0\ufe0fSisyphus|100/100\n|\n|-fieldend|move: Trick Room\n|upkeep\n|turn|29\n|\n|t:|1776348772\n|move|p1a: (\u3065\u1d17 _\u1d17)\u3065\u26f0\ufe0fSisyphus|Recover||[still]\n|-fail|p1a: (\u3065\u1d17 _\u1d17)\u3065\u26f0\ufe0fSisyphus|heal\n|move|p2b: Hatterene|Psychic|p1a: (\u3065\u1d17 _\u1d17)\u3065\u26f0\ufe0fSisyphus\n|-resisted|p1a: (\u3065\u1d17 _\u1d17)\u3065\u26f0\ufe0fSisyphus|1\n|-damage|p1a: (\u3065\u1d17 _\u1d17)\u3065\u26f0\ufe0fSisyphus|95/100\n|\n|upkeep\n|turn|30\n|\n|t:|1776348777\n|move|p1a: (\u3065\u1d17 _\u1d17)\u3065\u26f0\ufe0fSisyphus|Recover|p1a: (\u3065\u1d17 _\u1d17)\u3065\u26f0\ufe0fSisyphus\n|-heal|p1a: (\u3065\u1d17 _\u1d17)\u3065\u26f0\ufe0fSisyphus|100/100\n|move|p2b: Hatterene|Psychic|p1a: (\u3065\u1d17 _\u1d17)\u3065\u26f0\ufe0fSisyphus\n|-resisted|p1a: (\u3065\u1d17 _\u1d17)\u3065\u26f0\ufe0fSisyphus|1\n|-damage|p1a: (\u3065\u1d17 _\u1d17)\u3065\u26f0\ufe0fSisyphus|94/100\n|\n|upkeep\n|turn|31\n|\n|t:|1776348780\n|move|p1a: (\u3065\u1d17 _\u1d17)\u3065\u26f0\ufe0fSisyphus|Recover|p1a: (\u3065\u1d17 _\u1d17)\u3065\u26f0\ufe0fSisyphus\n|-heal|p1a: (\u3065\u1d17 _\u1d17)\u3065\u26f0\ufe0fSisyphus|100/100\n|move|p2b: Hatterene|Psychic|p1a: (\u3065\u1d17 _\u1d17)\u3065\u26f0\ufe0fSisyphus\n|-resisted|p1a: (\u3065\u1d17 _\u1d17)\u3065\u26f0\ufe0fSisyphus|1\n|-damage|p1a: (\u3065\u1d17 _\u1d17)\u3065\u26f0\ufe0fSisyphus|94/100\n|\n|upkeep\n|turn|32\n|\n|t:|1776348785\n|move|p1a: (\u3065\u1d17 _\u1d17)\u3065\u26f0\ufe0fSisyphus|Recover|p1a: (\u3065\u1d17 _\u1d17)\u3065\u26f0\ufe0fSisyphus\n|-heal|p1a: (\u3065\u1d17 _\u1d17)\u3065\u26f0\ufe0fSisyphus|100/100\n|move|p2b: Hatterene|Psychic|p1a: (\u3065\u1d17 _\u1d17)\u3065\u26f0\ufe0fSisyphus\n|-resisted|p1a: (\u3065\u1d17 _\u1d17)\u3065\u26f0\ufe0fSisyphus|1\n|-damage|p1a: (\u3065\u1d17 _\u1d17)\u3065\u26f0\ufe0fSisyphus|94/100\n|\n|upkeep\n|turn|33\n|\n|t:|1776348787\n|move|p1a: (\u3065\u1d17 _\u1d17)\u3065\u26f0\ufe0fSisyphus|Recover|p1a: (\u3065\u1d17 _\u1d17)\u3065\u26f0\ufe0fSisyphus\n|-heal|p1a: (\u3065\u1d17 _\u1d17)\u3065\u26f0\ufe0fSisyphus|100/100\n|move|p2b: Hatterene|Psychic|p1a: (\u3065\u1d17 _\u1d17)\u3065\u26f0\ufe0fSisyphus\n|-resisted|p1a: (\u3065\u1d17 _\u1d17)\u3065\u26f0\ufe0fSisyphus|1\n|-damage|p1a: (\u3065\u1d17 _\u1d17)\u3065\u26f0\ufe0fSisyphus|95/100\n|-unboost|p1a: (\u3065\u1d17 _\u1d17)\u3065\u26f0\ufe0fSisyphus|spd|1\n|\n|upkeep\n|turn|34\n|\n|t:|1776348789\n|move|p1a: (\u3065\u1d17 _\u1d17)\u3065\u26f0\ufe0fSisyphus|Recover|p1a: (\u3065\u1d17 _\u1d17)\u3065\u26f0\ufe0fSisyphus\n|-heal|p1a: (\u3065\u1d17 _\u1d17)\u3065\u26f0\ufe0fSisyphus|100/100\n|-enditem|p1a: (\u3065\u1d17 _\u1d17)\u3065\u26f0\ufe0fSisyphus|Leppa Berry|[eat]\n|-activate|p1a: (\u3065\u1d17 _\u1d17)\u3065\u26f0\ufe0fSisyphus|item: Leppa Berry|Recover|[consumed]\n|move|p2b: Hatterene|Psychic|p1a: (\u3065\u1d17 _\u1d17)\u3065\u26f0\ufe0fSisyphus\n|-resisted|p1a: (\u3065\u1d17 _\u1d17)\u3065\u26f0\ufe0fSisyphus|1\n|-damage|p1a: (\u3065\u1d17 _\u1d17)\u3065\u26f0\ufe0fSisyphus|93/100\n|\n|upkeep\n|turn|35\n|\n|t:|1776348791\n|move|p1a: (\u3065\u1d17 _\u1d17)\u3065\u26f0\ufe0fSisyphus|Recycle|p1a: (\u3065\u1d17 _\u1d17)\u3065\u26f0\ufe0fSisyphus\n|-item|p1a: (\u3065\u1d17 _\u1d17)\u3065\u26f0\ufe0fSisyphus|Leppa Berry|[from] move: Recycle\n|move|p2b: Hatterene|Psychic|p1a: (\u3065\u1d17 _\u1d17)\u3065\u26f0\ufe0fSisyphus\n|-resisted|p1a: (\u3065\u1d17 _\u1d17)\u3065\u26f0\ufe0fSisyphus|1\n|-damage|p1a: (\u3065\u1d17 _\u1d17)\u3065\u26f0\ufe0fSisyphus|85/100\n|-unboost|p1a: (\u3065\u1d17 _\u1d17)\u3065\u26f0\ufe0fSisyphus|spd|1\n|\n|upkeep\n|turn|36\n|c|\u2606wapin|you're just PP stalling\n|\n|t:|1776348801\n|move|p1a: (\u3065\u1d17 _\u1d17)\u3065\u26f0\ufe0fSisyphus|Recover|p1a: (\u3065\u1d17 _\u1d17)\u3065\u26f0\ufe0fSisyphus\n|-heal|p1a: (\u3065\u1d17 _\u1d17)\u3065\u26f0\ufe0fSisyphus|100/100\n|move|p2b: Hatterene|Mystical Fire|p1a: (\u3065\u1d17 _\u1d17)\u3065\u26f0\ufe0fSisyphus\n|-damage|p1a: (\u3065\u1d17 _\u1d17)\u3065\u26f0\ufe0fSisyphus|91/100\n|\n|upkeep\n|turn|37\n|c|\u2606ChimechoLover77|youll see\n|\n|t:|1776348808\n|move|p1a: (\u3065\u1d17 _\u1d17)\u3065\u26f0\ufe0fSisyphus|Recover|p1a: (\u3065\u1d17 _\u1d17)\u3065\u26f0\ufe0fSisyphus\n|-heal|p1a: (\u3065\u1d17 _\u1d17)\u3065\u26f0\ufe0fSisyphus|100/100\n|move|p2b: Hatterene|Trick Room|p2b: Hatterene\n|-fieldstart|move: Trick Room|[of] p2b: Hatterene\n|\n|upkeep\n|turn|38\n|\n|t:|1776348810\n|move|p2b: Hatterene|Draining Kiss|p1a: (\u3065\u1d17 _\u1d17)\u3065\u26f0\ufe0fSisyphus\n|-damage|p1a: (\u3065\u1d17 _\u1d17)\u3065\u26f0\ufe0fSisyphus|92/100\n|move|p1a: (\u3065\u1d17 _\u1d17)\u3065\u26f0\ufe0fSisyphus|Recover|p1a: (\u3065\u1d17 _\u1d17)\u3065\u26f0\ufe0fSisyphus\n|-heal|p1a: (\u3065\u1d17 _\u1d17)\u3065\u26f0\ufe0fSisyphus|100/100\n|\n|upkeep\n|turn|39\n|\n|t:|1776348812\n|move|p2b: Hatterene|Mystical Fire|p1a: (\u3065\u1d17 _\u1d17)\u3065\u26f0\ufe0fSisyphus\n|-damage|p1a: (\u3065\u1d17 _\u1d17)\u3065\u26f0\ufe0fSisyphus|92/100\n|move|p1a: (\u3065\u1d17 _\u1d17)\u3065\u26f0\ufe0fSisyphus|Recover|p1a: (\u3065\u1d17 _\u1d17)\u3065\u26f0\ufe0fSisyphus\n|-heal|p1a: (\u3065\u1d17 _\u1d17)\u3065\u26f0\ufe0fSisyphus|100/100\n|\n|upkeep\n|turn|40\n|c|\u2606ChimechoLover77|i have 1 unrevealed move\n|\n|t:|1776348817\n|move|p2b: Hatterene|Draining Kiss|p1a: (\u3065\u1d17 _\u1d17)\u3065\u26f0\ufe0fSisyphus\n|-damage|p1a: (\u3065\u1d17 _\u1d17)\u3065\u26f0\ufe0fSisyphus|90/100\n|move|p1a: (\u3065\u1d17 _\u1d17)\u3065\u26f0\ufe0fSisyphus|Recover|p1a: (\u3065\u1d17 _\u1d17)\u3065\u26f0\ufe0fSisyphus\n|-heal|p1a: (\u3065\u1d17 _\u1d17)\u3065\u26f0\ufe0fSisyphus|100/100\n|\n|upkeep\n|turn|41\n|c|\u2606wapin|if it's tored power you can use it already\n|\n|t:|1776348829\n|move|p2b: Hatterene|Mystical Fire|p1a: (\u3065\u1d17 _\u1d17)\u3065\u26f0\ufe0fSisyphus\n|-damage|p1a: (\u3065\u1d17 _\u1d17)\u3065\u26f0\ufe0fSisyphus|92/100\n|move|p1a: (\u3065\u1d17 _\u1d17)\u3065\u26f0\ufe0fSisyphus|Recover|p1a: (\u3065\u1d17 _\u1d17)\u3065\u26f0\ufe0fSisyphus\n|-heal|p1a: (\u3065\u1d17 _\u1d17)\u3065\u26f0\ufe0fSisyphus|100/100\n|\n|-fieldend|move: Trick Room\n|upkeep\n|turn|42\n|c|\u2606ChimechoLover77|noooo\n|\n|t:|1776348832\n|move|p1a: (\u3065\u1d17 _\u1d17)\u3065\u26f0\ufe0fSisyphus|Recover||[still]\n|-fail|p1a: (\u3065\u1d17 _\u1d17)\u3065\u26f0\ufe0fSisyphus|heal\n|move|p2b: Hatterene|Mystical Fire|p1a: (\u3065\u1d17 _\u1d17)\u3065\u26f0\ufe0fSisyphus\n|-damage|p1a: (\u3065\u1d17 _\u1d17)\u3065\u26f0\ufe0fSisyphus|92/100\n|\n|upkeep\n|turn|43\n|\n|t:|1776348835\n|move|p1a: (\u3065\u1d17 _\u1d17)\u3065\u26f0\ufe0fSisyphus|Recover|p1a: (\u3065\u1d17 _\u1d17)\u3065\u26f0\ufe0fSisyphus\n|-heal|p1a: (\u3065\u1d17 _\u1d17)\u3065\u26f0\ufe0fSisyphus|100/100\n|-enditem|p1a: (\u3065\u1d17 _\u1d17)\u3065\u26f0\ufe0fSisyphus|Leppa Berry|[eat]\n|-activate|p1a: (\u3065\u1d17 _\u1d17)\u3065\u26f0\ufe0fSisyphus|item: Leppa Berry|Recover|[consumed]\n|move|p2b: Hatterene|Mystical Fire|p1a: (\u3065\u1d17 _\u1d17)\u3065\u26f0\ufe0fSisyphus\n|-damage|p1a: (\u3065\u1d17 _\u1d17)\u3065\u26f0\ufe0fSisyphus|91/100\n|\n|upkeep\n|turn|44\n|\n|t:|1776348837\n|move|p1a: (\u3065\u1d17 _\u1d17)\u3065\u26f0\ufe0fSisyphus|Recycle|p1a: (\u3065\u1d17 _\u1d17)\u3065\u26f0\ufe0fSisyphus\n|-item|p1a: (\u3065\u1d17 _\u1d17)\u3065\u26f0\ufe0fSisyphus|Leppa Berry|[from] move: Recycle\n|move|p2b: Hatterene|Trick Room|p2b: Hatterene\n|-fieldstart|move: Trick Room|[of] p2b: Hatterene\n|\n|upkeep\n|turn|45\n|\n|t:|1776348839\n|move|p2b: Hatterene|Draining Kiss|p1a: (\u3065\u1d17 _\u1d17)\u3065\u26f0\ufe0fSisyphus\n|-damage|p1a: (\u3065\u1d17 _\u1d17)\u3065\u26f0\ufe0fSisyphus|82/100\n|move|p1a: (\u3065\u1d17 _\u1d17)\u3065\u26f0\ufe0fSisyphus|Recover|p1a: (\u3065\u1d17 _\u1d17)\u3065\u26f0\ufe0fSisyphus\n|-heal|p1a: (\u3065\u1d17 _\u1d17)\u3065\u26f0\ufe0fSisyphus|100/100\n|\n|upkeep\n|turn|46\n|\n|t:|1776348842\n|move|p2b: Hatterene|Mystical Fire|p1a: (\u3065\u1d17 _\u1d17)\u3065\u26f0\ufe0fSisyphus\n|-damage|p1a: (\u3065\u1d17 _\u1d17)\u3065\u26f0\ufe0fSisyphus|91/100\n|move|p1a: (\u3065\u1d17 _\u1d17)\u3065\u26f0\ufe0fSisyphus|Recover|p1a: (\u3065\u1d17 _\u1d17)\u3065\u26f0\ufe0fSisyphus\n|-heal|p1a: (\u3065\u1d17 _\u1d17)\u3065\u26f0\ufe0fSisyphus|100/100\n|\n|upkeep\n|turn|47\n|\n|t:|1776348844\n|move|p2b: Hatterene|Draining Kiss|p1a: (\u3065\u1d17 _\u1d17)\u3065\u26f0\ufe0fSisyphus\n|-damage|p1a: (\u3065\u1d17 _\u1d17)\u3065\u26f0\ufe0fSisyphus|92/100\n|move|p1a: (\u3065\u1d17 _\u1d17)\u3065\u26f0\ufe0fSisyphus|Recover|p1a: (\u3065\u1d17 _\u1d17)\u3065\u26f0\ufe0fSisyphus\n|-heal|p1a: (\u3065\u1d17 _\u1d17)\u3065\u26f0\ufe0fSisyphus|100/100\n|\n|upkeep\n|turn|48\n|\n|t:|1776348846\n|move|p1a: (\u3065\u1d17 _\u1d17)\u3065\u26f0\ufe0fSisyphus|Recover||[still]\n|-fail|p1a: (\u3065\u1d17 _\u1d17)\u3065\u26f0\ufe0fSisyphus|heal\n|move|p2b: Hatterene|Trick Room|p2b: Hatterene\n|-fieldend|move: Trick Room\n|\n|upkeep\n|turn|49\n|\n|t:|1776348848\n|move|p1a: (\u3065\u1d17 _\u1d17)\u3065\u26f0\ufe0fSisyphus|Recover||[still]\n|-fail|p1a: (\u3065\u1d17 _\u1d17)\u3065\u26f0\ufe0fSisyphus|heal\n|move|p2b: Hatterene|Trick Room|p2b: Hatterene\n|-fieldstart|move: Trick Room|[of] p2b: Hatterene\n|\n|upkeep\n|turn|50\n|\n|t:|1776348850\n|move|p1a: (\u3065\u1d17 _\u1d17)\u3065\u26f0\ufe0fSisyphus|Cosmic Power|p1a: (\u3065\u1d17 _\u1d17)\u3065\u26f0\ufe0fSisyphus\n|-boost|p1a: (\u3065\u1d17 _\u1d17)\u3065\u26f0\ufe0fSisyphus|def|0\n|-boost|p1a: (\u3065\u1d17 _\u1d17)\u3065\u26f0\ufe0fSisyphus|spd|1\n|move|p2b: Hatterene|Trick Room|p2b: Hatterene\n|-fieldend|move: Trick Room\n|\n|upkeep\n|turn|51\n|\n|t:|1776348852\n|move|p1a: (\u3065\u1d17 _\u1d17)\u3065\u26f0\ufe0fSisyphus|Cosmic Power|p1a: (\u3065\u1d17 _\u1d17)\u3065\u26f0\ufe0fSisyphus\n|-boost|p1a: (\u3065\u1d17 _\u1d17)\u3065\u26f0\ufe0fSisyphus|def|0\n|-boost|p1a: (\u3065\u1d17 _\u1d17)\u3065\u26f0\ufe0fSisyphus|spd|1\n|-activate|p2b: Hatterene|move: Struggle\n|move|p2b: Hatterene|Struggle|p1a: (\u3065\u1d17 _\u1d17)\u3065\u26f0\ufe0fSisyphus\n|-damage|p1a: (\u3065\u1d17 _\u1d17)\u3065\u26f0\ufe0fSisyphus|98/100\n|-damage|p2b: Hatterene|75/100|[from] recoil\n|\n|upkeep\n|turn|52\n|\n|t:|1776348854\n|move|p1a: (\u3065\u1d17 _\u1d17)\u3065\u26f0\ufe0fSisyphus|Recover|p1a: (\u3065\u1d17 _\u1d17)\u3065\u26f0\ufe0fSisyphus\n|-heal|p1a: (\u3065\u1d17 _\u1d17)\u3065\u26f0\ufe0fSisyphus|100/100\n|-activate|p2b: Hatterene|move: Struggle\n|move|p2b: Hatterene|Struggle|p1a: (\u3065\u1d17 _\u1d17)\u3065\u26f0\ufe0fSisyphus\n|-damage|p1a: (\u3065\u1d17 _\u1d17)\u3065\u26f0\ufe0fSisyphus|98/100\n|-damage|p2b: Hatterene|50/100|[from] recoil\n|-enditem|p2b: Hatterene|Sitrus Berry|[eat]\n|-heal|p2b: Hatterene|75/100|[from] item: Sitrus Berry\n|\n|upkeep\n|turn|53\n|\n|t:|1776348857\n|move|p1a: (\u3065\u1d17 _\u1d17)\u3065\u26f0\ufe0fSisyphus|Recover|p1a: (\u3065\u1d17 _\u1d17)\u3065\u26f0\ufe0fSisyphus\n|-heal|p1a: (\u3065\u1d17 _\u1d17)\u3065\u26f0\ufe0fSisyphus|100/100\n|-activate|p2b: Hatterene|move: Struggle\n|move|p2b: Hatterene|Struggle|p1a: (\u3065\u1d17 _\u1d17)\u3065\u26f0\ufe0fSisyphus\n|-damage|p1a: (\u3065\u1d17 _\u1d17)\u3065\u26f0\ufe0fSisyphus|97/100\n|-damage|p2b: Hatterene|50/100|[from] recoil\n|\n|upkeep\n|turn|54\n|\n|t:|1776348861\n|move|p1a: (\u3065\u1d17 _\u1d17)\u3065\u26f0\ufe0fSisyphus|Heal Pulse|p2b: Hatterene\n|-heal|p2b: Hatterene|100/100\n|-activate|p2b: Hatterene|move: Struggle\n|move|p2b: Hatterene|Struggle|p1a: (\u3065\u1d17 _\u1d17)\u3065\u26f0\ufe0fSisyphus\n|-damage|p1a: (\u3065\u1d17 _\u1d17)\u3065\u26f0\ufe0fSisyphus|94/100\n|-damage|p2b: Hatterene|75/100|[from] recoil\n|\n|upkeep\n|turn|55\n|\n|t:|1776348866\n|move|p1a: (\u3065\u1d17 _\u1d17)\u3065\u26f0\ufe0fSisyphus|Heal Pulse|p2b: Hatterene\n|-heal|p2b: Hatterene|100/100\n|-activate|p2b: Hatterene|move: Struggle\n|move|p2b: Hatterene|Struggle|p1a: (\u3065\u1d17 _\u1d17)\u3065\u26f0\ufe0fSisyphus\n|-damage|p1a: (\u3065\u1d17 _\u1d17)\u3065\u26f0\ufe0fSisyphus|92/100\n|-damage|p2b: Hatterene|75/100|[from] recoil\n|\n|upkeep\n|turn|56\n|\n|t:|1776348868\n|move|p1a: (\u3065\u1d17 _\u1d17)\u3065\u26f0\ufe0fSisyphus|Heal Pulse|p2b: Hatterene\n|-heal|p2b: Hatterene|100/100\n|-activate|p2b: Hatterene|move: Struggle\n|move|p2b: Hatterene|Struggle|p1a: (\u3065\u1d17 _\u1d17)\u3065\u26f0\ufe0fSisyphus\n|-damage|p1a: (\u3065\u1d17 _\u1d17)\u3065\u26f0\ufe0fSisyphus|89/100\n|-damage|p2b: Hatterene|75/100|[from] recoil\n|\n|upkeep\n|turn|57\n|c|\u2606wapin|infinite battle ?\n|\n|t:|1776348874\n|move|p1a: (\u3065\u1d17 _\u1d17)\u3065\u26f0\ufe0fSisyphus|Heal Pulse|p2b: Hatterene\n|-heal|p2b: Hatterene|100/100\n|-activate|p2b: Hatterene|move: Struggle\n|move|p2b: Hatterene|Struggle|p1a: (\u3065\u1d17 _\u1d17)\u3065\u26f0\ufe0fSisyphus\n|-damage|p1a: (\u3065\u1d17 _\u1d17)\u3065\u26f0\ufe0fSisyphus|86/100\n|-damage|p2b: Hatterene|75/100|[from] recoil\n|\n|upkeep\n|turn|58\n|c|\u2606ChimechoLover77|till turn 999\n|c|\u2606ChimechoLover77|if u turn off timer\n|\n|t:|1776348882\n|move|p1a: (\u3065\u1d17 _\u1d17)\u3065\u26f0\ufe0fSisyphus|Heal Pulse|p2b: Hatterene\n|-heal|p2b: Hatterene|100/100\n|-activate|p2b: Hatterene|move: Struggle\n|move|p2b: Hatterene|Struggle|p1a: (\u3065\u1d17 _\u1d17)\u3065\u26f0\ufe0fSisyphus\n|-damage|p1a: (\u3065\u1d17 _\u1d17)\u3065\u26f0\ufe0fSisyphus|83/100\n|-damage|p2b: Hatterene|75/100|[from] recoil\n|\n|upkeep\n|turn|59\n|c|\u2606ChimechoLover77|game ties at turn 999\n|c|\u2606wapin|respectfully, I have other things to do today\n|\n|t:|1776348894\n|move|p1a: (\u3065\u1d17 _\u1d17)\u3065\u26f0\ufe0fSisyphus|Heal Pulse|p2b: Hatterene\n|-heal|p2b: Hatterene|100/100\n|-activate|p2b: Hatterene|move: Struggle\n|move|p2b: Hatterene|Struggle|p1a: (\u3065\u1d17 _\u1d17)\u3065\u26f0\ufe0fSisyphus\n|-damage|p1a: (\u3065\u1d17 _\u1d17)\u3065\u26f0\ufe0fSisyphus|81/100\n|-damage|p2b: Hatterene|75/100|[from] recoil\n|\n|upkeep\n|turn|60\n|c|\u2606ChimechoLover77|thats fair :P\n|\n|t:|1776348903\n|move|p1a: (\u3065\u1d17 _\u1d17)\u3065\u26f0\ufe0fSisyphus|Heal Pulse|p2b: Hatterene\n|-heal|p2b: Hatterene|100/100\n|-activate|p2b: Hatterene|move: Struggle\n|move|p2b: Hatterene|Struggle|p1a: (\u3065\u1d17 _\u1d17)\u3065\u26f0\ufe0fSisyphus\n|-damage|p1a: (\u3065\u1d17 _\u1d17)\u3065\u26f0\ufe0fSisyphus|78/100\n|-damage|p2b: Hatterene|75/100|[from] recoil\n|\n|upkeep\n|turn|61\n|-message|wapin forfeited.\n|\n|win|ChimechoLover77\n|raw|ChimechoLover77's rating: 1027 &rarr; <strong>1066</strong><br />(+39 for winning)\n|raw|wapin's rating: 1061 &rarr; <strong>1040</strong><br />(-21 for losing)\n|l|\u2606wapin\n|player|p2|\n|c|\u2606ChimechoLover77|unfortunate :(\n",
  "uploadtime": 1776348910,
  "views": 25,
  "formatid": "gen9championsvgc2026regma",
  "rating": 1040,
  "private": 0,
  "password": null
}