{
  "id": "gen9championsvgc2026regma-2582267870",
  "format": "[Gen 9 Champions] VGC 2026 Reg M-A",
  "players": [
    "yeepatron",
    "diversehaddock4"
  ],
  "log": "|j|\u2606yeepatron\n|j|\u2606diversehaddock4\n|t:|1776078021\n|gametype|doubles\n|player|p1|yeepatron|101|1000\n|player|p2|diversehaddock4|caitlin|1036\n|gen|9\n|tier|[Gen 9 Champions] VGC 2026 Reg M-A\n|rated|\n|rule|Species Clause: Limit one of each Pok\u00e9mon\n|rule|Item Clause: Limit 1 of each item\n|clearpoke\n|poke|p1|Floette-Eternal, L50, F|\n|poke|p1|Tyranitar, L50, F|\n|poke|p1|Aegislash, L50, F|\n|poke|p1|Incineroar, L50, F|\n|poke|p1|Maushold-Four, L50|\n|poke|p1|Talonflame, L50, F|\n|poke|p2|Victreebel, L50, F|\n|poke|p2|Kingambit, L50, M|\n|poke|p2|Sneasler, L50, F|\n|poke|p2|Sylveon, L50, F|\n|poke|p2|Corviknight, L50, M|\n|poke|p2|Hydreigon, L50, M|\n|teampreview|4\n|inactive|Battle timer is ON: inactive players will automatically lose when time's up. (requested by diversehaddock4)\n|inactive|yeepatron has 60 seconds left.\n|\n|t:|1776078063\n|teamsize|p1|4\n|teamsize|p2|4\n|start\n|switch|p1a: Floette|Floette-Eternal, L50, F|100/100\n|switch|p1b: Maushold|Maushold-Four, L50|100/100\n|switch|p2a: Victreebel|Victreebel, L50, F|100/100\n|switch|p2b: Corviknight|Corviknight, L50, M|100/100\n|-ability|p2b: Corviknight|Pressure\n|turn|1\n|inactive|yeepatron has 30 seconds left.\n|\n|t:|1776078090\n|switch|p1a: Aegislash|Aegislash, L50, F|100/100\n|move|p1b: Maushold|Taunt|p2b: Corviknight\n|-start|p2b: Corviknight|move: Taunt\n|move|p2a: Victreebel|Sludge Wave|p1a: Aegislash|[spread] p1b\n|-immune|p2b: Corviknight\n|-immune|p1a: Aegislash\n|-damage|p1b: Maushold|57/100\n|cant|p2b: Corviknight|move: Taunt|Tailwind\n|\n|upkeep\n|turn|2\n|\n|t:|1776078115\n|move|p1b: Maushold|Super Fang|p2a: Victreebel\n|-damage|p2a: Victreebel|51/100\n|move|p2a: Victreebel|Sleep Powder|p1a: Aegislash\n|-status|p1a: Aegislash|slp|[from] move: Sleep Powder\n|move|p2b: Corviknight|Body Press|p1b: Maushold\n|-supereffective|p1b: Maushold|1\n|-damage|p1b: Maushold|0 fnt\n|faint|p1b: Maushold\n|cant|p1a: Aegislash|slp\n|\n|upkeep\n|\n|t:|1776078128\n|switch|p1b: Incineroar|Incineroar, L50, F|100/100\n|-ability|p1b: Incineroar|Intimidate|boost\n|-unboost|p2a: Victreebel|atk|1\n|-unboost|p2b: Corviknight|atk|1\n|turn|3\n|\n|t:|1776078146\n|detailschange|p2a: Victreebel|Victreebel-Mega, L50, F\n|-mega|p2a: Victreebel|Victreebel|Victreebelite\n|move|p2a: Victreebel|Sleep Powder|p1b: Incineroar\n|-status|p1b: Incineroar|slp|[from] move: Sleep Powder\n|move|p2b: Corviknight|Body Press|p1b: Incineroar\n|-supereffective|p1b: Incineroar|1\n|-damage|p1b: Incineroar|52/100 slp\n|cant|p1b: Incineroar|slp\n|cant|p1a: Aegislash|slp\n|\n|-end|p2b: Corviknight|move: Taunt\n|upkeep\n|turn|4\n|inactive|yeepatron has 30 seconds left.\n|inactive|diversehaddock4 has 30 seconds left.\n|\n|t:|1776078176\n|move|p2a: Victreebel|Strength Sap|p1a: Aegislash\n|-unboost|p1a: Aegislash|atk|1\n|-heal|p2a: Victreebel|100/100\n|move|p2b: Corviknight|Body Press|p1b: Incineroar\n|-supereffective|p1b: Incineroar|1\n|-damage|p1b: Incineroar|4/100 slp\n|-enditem|p1b: Incineroar|Sitrus Berry|[eat]\n|-heal|p1b: Incineroar|29/100 slp|[from] item: Sitrus Berry\n|cant|p1b: Incineroar|slp\n|-curestatus|p1a: Aegislash|slp|[msg]\n|-formechange|p1a: Aegislash|Aegislash-Blade|\n|move|p1a: Aegislash|Poltergeist|p2a: Victreebel\n|-activate|p2a: Victreebel|move: Poltergeist|Victreebelite\n|-damage|p2a: Victreebel|38/100\n|\n|upkeep\n|turn|5\n|inactive|diversehaddock4 has 30 seconds left.\n|\n|t:|1776078203\n|switch|p1b: Floette|Floette-Eternal, L50, F|100/100\n|-formechange|p1a: Aegislash|Aegislash|\n|move|p1a: Aegislash|King's Shield|p1a: Aegislash\n|-singleturn|p1a: Aegislash|Protect\n|move|p2a: Victreebel|Strength Sap|p1b: Floette\n|-unboost|p1b: Floette|atk|1\n|-heal|p2a: Victreebel|79/100\n|move|p2b: Corviknight|Bulk Up|p2b: Corviknight\n|-boost|p2b: Corviknight|atk|1\n|-boost|p2b: Corviknight|def|1\n|\n|upkeep\n|turn|6\n|inactive|yeepatron has 30 seconds left.\n|\n|t:|1776078236\n|move|p1b: Floette|Protect|p1b: Floette\n|-singleturn|p1b: Floette|Protect\n|move|p2a: Victreebel|Sludge Wave|p1a: Aegislash|[spread] \n|-activate|p1b: Floette|move: Protect\n|-immune|p2b: Corviknight\n|-immune|p1a: Aegislash\n|move|p2b: Corviknight|Tailwind|p2b: Corviknight\n|-sidestart|p2: diversehaddock4|move: Tailwind\n|-formechange|p1a: Aegislash|Aegislash-Blade|\n|move|p1a: Aegislash|Poltergeist|p2a: Victreebel\n|-activate|p2a: Victreebel|move: Poltergeist|Victreebelite\n|-damage|p2a: Victreebel|19/100\n|\n|upkeep\n|turn|7\n|inactive|diversehaddock4 has 30 seconds left.\n|\n|t:|1776078263\n|detailschange|p1b: Floette|Floette-Mega, L50, F\n|-mega|p1b: Floette|Floette|Floettite\n|-ability|p1b: Floette|Fairy Aura\n|move|p1a: Aegislash|Shadow Sneak|p2a: Victreebel\n|-damage|p2a: Victreebel|0 fnt\n|-damage|p1a: Aegislash|80/100|[from] ability: Innards Out|[of] p2a: Victreebel\n|faint|p2a: Victreebel\n|move|p2b: Corviknight|Brave Bird|p1b: Floette\n|-damage|p1b: Floette|57/100\n|-damage|p2b: Corviknight|88/100|[from] Recoil\n|move|p1b: Floette|Calm Mind|p1b: Floette\n|-boost|p1b: Floette|spa|1\n|-boost|p1b: Floette|spd|1\n|\n|-heal|p2b: Corviknight|94/100|[from] item: Leftovers\n|upkeep\n|\n|t:|1776078277\n|switch|p2a: Sneasler|Sneasler, L50, F|100/100\n|turn|8\n|\n|t:|1776078296\n|move|p1b: Floette|Protect|p1b: Floette\n|-singleturn|p1b: Floette|Protect\n|move|p2a: Sneasler|Fake Out|p1b: Floette\n|-activate|p1b: Floette|move: Protect\n|move|p2b: Corviknight|Bulk Up|p2b: Corviknight\n|-boost|p2b: Corviknight|atk|1\n|-boost|p2b: Corviknight|def|1\n|move|p1a: Aegislash|Poltergeist|p2a: Sneasler|[miss]\n|-miss|p1a: Aegislash|p2a: Sneasler\n|\n|-heal|p2b: Corviknight|99/100|[from] item: Leftovers\n|upkeep\n|turn|9\n|inactive|diversehaddock4 has 30 seconds left.\n|\n|t:|1776078323\n|move|p1a: Aegislash|Shadow Sneak|p2a: Sneasler\n|-damage|p2a: Sneasler|69/100\n|move|p2a: Sneasler|Dire Claw|p1b: Floette\n|-supereffective|p1b: Floette|1\n|-damage|p1b: Floette|0 fnt\n|faint|p1b: Floette\n|move|p2b: Corviknight|Bulk Up|p2b: Corviknight\n|-boost|p2b: Corviknight|atk|1\n|-boost|p2b: Corviknight|def|1\n|\n|-heal|p2b: Corviknight|100/100|[from] item: Leftovers\n|-sideend|p2: diversehaddock4|move: Tailwind\n|upkeep\n|-message|yeepatron forfeited.\n|\n|win|diversehaddock4\n|raw|yeepatron's rating: 1000 &rarr; <strong>1000</strong><br />(+0 for losing)\n|raw|diversehaddock4's rating: 1036 &rarr; <strong>1067</strong><br />(+31 for winning)\n|l|\u2606yeepatron\n|player|p1|\n|l|\u2606diversehaddock4\n|player|p2|\n|j|\u2606diversehaddock4\n|player|p2|diversehaddock4|caitlin|\n",
  "uploadtime": 1776078387,
  "views": 10,
  "formatid": "gen9championsvgc2026regma",
  "rating": 1000,
  "private": 0,
  "password": null
}