{
  "id": "gen9championsvgc2026regma-2581381653",
  "format": "[Gen 9 Champions] VGC 2026 Reg M-A",
  "players": [
    "Vanthoci",
    "ShashKetchum"
  ],
  "log": "|j|\u2606Vanthoci\n|j|\u2606ShashKetchum\n|t:|1775994238\n|gametype|doubles\n|player|p1|Vanthoci|turo-ai|1148\n|player|p2|ShashKetchum|rocketgrunt|1076\n|gen|9\n|tier|[Gen 9 Champions] VGC 2026 Reg M-A\n|rated|\n|rule|Species Clause: Limit one of each Pok\u00e9mon\n|rule|Item Clause: Limit 1 of each item\n|clearpoke\n|poke|p1|Dragonite, L50, F|\n|poke|p1|Basculegion, L50, M|\n|poke|p1|Liepard, L50, F|\n|poke|p1|Archaludon, L50, F|\n|poke|p1|Pelipper, L50, M|\n|poke|p1|Orthworm, L50, M|\n|poke|p2|Politoed, L50, F|\n|poke|p2|Scizor, L50, M|\n|poke|p2|Corviknight, L50, F|\n|poke|p2|Sneasler, L50, F|\n|poke|p2|Rotom-Wash, L50|\n|poke|p2|Dragonite, L50, M|\n|teampreview|4\n|\n|t:|1775994279\n|teamsize|p1|4\n|teamsize|p2|4\n|start\n|switch|p1a: Liepard|Liepard, L50, F|100/100\n|switch|p1b: Archaludon|Archaludon, L50, F|100/100\n|switch|p2a: Dragonite|Dragonite, L50, M|100/100\n|switch|p2b: Corviknight|Corviknight, L50, F|100/100\n|turn|1\n|\n|t:|1775994294\n|switch|p2a: Rotom|Rotom-Wash, L50|100/100\n|move|p2b: Corviknight|Protect|p2b: Corviknight\n|-singleturn|p2b: Corviknight|Protect\n|move|p1a: Liepard|Fake Out|p2b: Corviknight\n|-activate|p2b: Corviknight|move: Protect\n|move|p1b: Archaludon|Dragon Pulse|p2a: Rotom\n|-damage|p2a: Rotom|63/100\n|\n|-heal|p2a: Rotom|68/100|[from] item: Leftovers\n|upkeep\n|turn|2\n|\n|t:|1775994317\n|move|p1a: Liepard|Rain Dance|p1a: Liepard\n|-weather|RainDance\n|move|p1b: Archaludon|Electro Shot||[still]\n|-prepare|p1b: Archaludon|Electro Shot\n|-boost|p1b: Archaludon|spa|1\n|-anim|p1b: Archaludon|Electro Shot|p2b: Corviknight\n|-supereffective|p2b: Corviknight|1\n|-enditem|p2b: Corviknight|Focus Sash\n|-damage|p2b: Corviknight|1/100\n|move|p2a: Rotom|Will-O-Wisp|p1b: Archaludon\n|-status|p1b: Archaludon|brn\n|move|p2b: Corviknight|Body Press|p1a: Liepard\n|-supereffective|p1a: Liepard|1\n|-enditem|p1a: Liepard|Focus Sash\n|-damage|p1a: Liepard|1/100\n|\n|-weather|RainDance|[upkeep]\n|-heal|p2a: Rotom|74/100|[from] item: Leftovers\n|-damage|p1b: Archaludon|94/100 brn|[from] brn\n|upkeep\n|turn|3\n|\n|t:|1775994360\n|move|p2a: Rotom|Protect|p2a: Rotom\n|-singleturn|p2a: Rotom|Protect\n|move|p1a: Liepard|Foul Play|p2b: Corviknight\n|-damage|p2b: Corviknight|0 fnt\n|faint|p2b: Corviknight\n|move|p1b: Archaludon|Electro Shot||[still]\n|-prepare|p1b: Archaludon|Electro Shot\n|-boost|p1b: Archaludon|spa|1\n|-anim|p1b: Archaludon|Electro Shot|p2a: Rotom\n|-activate|p2a: Rotom|move: Protect\n|\n|-weather|RainDance|[upkeep]\n|-heal|p2a: Rotom|80/100|[from] item: Leftovers\n|-damage|p1b: Archaludon|88/100 brn|[from] brn\n|upkeep\n|\n|t:|1775994377\n|switch|p2b: Sneasler|Sneasler, L50, F|100/100\n|turn|4\n|\n|t:|1775994400\n|switch|p1a: Basculegion|Basculegion, L50, M|100/100\n|move|p2b: Sneasler|Close Combat|p1b: Archaludon\n|-supereffective|p1b: Archaludon|1\n|-damage|p1b: Archaludon|0 fnt\n|-unboost|p2b: Sneasler|def|1\n|-unboost|p2b: Sneasler|spd|1\n|faint|p1b: Archaludon\n|-enditem|p2b: Sneasler|White Herb\n|-clearnegativeboost|p2b: Sneasler|[silent]\n|move|p2a: Rotom|Hydro Pump|p1a: Basculegion|[miss]\n|-miss|p2a: Rotom|p1a: Basculegion\n|\n|-weather|RainDance|[upkeep]\n|-heal|p2a: Rotom|85/100|[from] item: Leftovers\n|upkeep\n|\n|t:|1775994416\n|switch|p1b: Liepard|Liepard, L50, F|1/100\n|turn|5\n|\n|t:|1775994435\n|move|p2b: Sneasler|Protect|p2b: Sneasler\n|-singleturn|p2b: Sneasler|Protect\n|move|p2a: Rotom|Protect|p2a: Rotom\n|-singleturn|p2a: Rotom|Protect\n|move|p1b: Liepard|Thunder Wave|p2b: Sneasler\n|-activate|p2b: Sneasler|move: Protect\n|move|p1a: Basculegion|Wave Crash|p2b: Sneasler\n|-activate|p2b: Sneasler|move: Protect\n|\n|-weather|RainDance|[upkeep]\n|-heal|p2a: Rotom|91/100|[from] item: Leftovers\n|upkeep\n|turn|6\n|\n|t:|1775994458\n|switch|p2b: Dragonite|Dragonite, L50, M|100/100\n|move|p1b: Liepard|Thunder Wave|p2b: Dragonite\n|-status|p2b: Dragonite|par\n|move|p1a: Basculegion|Wave Crash|p2b: Dragonite\n|-resisted|p2b: Dragonite|1\n|-damage|p2b: Dragonite|70/100 par\n|-damage|p1a: Basculegion|92/100|[from] Recoil\n|move|p2a: Rotom|Volt Switch|p1b: Liepard\n|-damage|p1b: Liepard|0 fnt\n|faint|p1b: Liepard\n|\n|t:|1775994470\n|switch|p2a: Sneasler|Sneasler, L50, F|100/100|[from] Volt Switch\n|\n|-weather|none\n|upkeep\n|\n|t:|1775994474\n|switch|p1b: Dragonite|Dragonite, L50, F|100/100\n|turn|7\n|\n|t:|1775994483\n|detailschange|p1b: Dragonite|Dragonite-Mega, L50, F\n|-mega|p1b: Dragonite|Dragonite|Dragoninite\n|move|p2a: Sneasler|Fake Out|p1b: Dragonite\n|-damage|p1b: Dragonite|94/100\n|move|p1a: Basculegion|Wave Crash|p2a: Sneasler\n|-crit|p2a: Sneasler\n|-damage|p2a: Sneasler|0 fnt\n|faint|p2a: Sneasler\n|-damage|p1a: Basculegion|66/100|[from] Recoil\n|cant|p1b: Dragonite|flinch\n|move|p2b: Dragonite|Thunder|p1a: Basculegion|[miss]\n|-miss|p2b: Dragonite|p1a: Basculegion\n|\n|upkeep\n|\n|t:|1775994496\n|switch|p2a: Rotom|Rotom-Wash, L50|91/100\n|turn|8\n|\n|t:|1775994521\n|move|p1a: Basculegion|Wave Crash|p2a: Rotom\n|-resisted|p2a: Rotom|1\n|-damage|p2a: Rotom|49/100\n|-damage|p1a: Basculegion|55/100|[from] Recoil\n|move|p1b: Dragonite|Ice Beam|p2b: Dragonite\n|-supereffective|p2b: Dragonite|2\n|-enditem|p2b: Dragonite|Yache Berry|[eat]\n|-enditem|p2b: Dragonite|Yache Berry|[weaken]\n|-damage|p2b: Dragonite|0 fnt\n|faint|p2b: Dragonite\n|move|p2a: Rotom|Volt Switch|p1a: Basculegion\n|-supereffective|p1a: Basculegion|1\n|-damage|p1a: Basculegion|0 fnt\n|faint|p1a: Basculegion\n|\n|-heal|p2a: Rotom|54/100|[from] item: Leftovers\n|upkeep\n|turn|9\n|\n|t:|1775994537\n|move|p2a: Rotom|Protect|p2a: Rotom\n|-singleturn|p2a: Rotom|Protect\n|move|p1b: Dragonite|Thunder|p2a: Rotom\n|-activate|p2a: Rotom|move: Protect\n|\n|-heal|p2a: Rotom|60/100|[from] item: Leftovers\n|upkeep\n|turn|10\n|\n|t:|1775994549\n|move|p1b: Dragonite|Thunder|p2a: Rotom|[miss]\n|-miss|p1b: Dragonite|p2a: Rotom\n|move|p2a: Rotom|Will-O-Wisp|p1b: Dragonite\n|-status|p1b: Dragonite|brn\n|\n|-heal|p2a: Rotom|66/100|[from] item: Leftovers\n|-damage|p1b: Dragonite|88/100 brn|[from] brn\n|upkeep\n|turn|11\n|\n|t:|1775994558\n|move|p2a: Rotom|Protect|p2a: Rotom\n|-singleturn|p2a: Rotom|Protect\n|move|p1b: Dragonite|Thunder|p2a: Rotom\n|-activate|p2a: Rotom|move: Protect\n|\n|-heal|p2a: Rotom|71/100|[from] item: Leftovers\n|-damage|p1b: Dragonite|82/100 brn|[from] brn\n|upkeep\n|turn|12\n|\n|t:|1775994568\n|move|p1b: Dragonite|Thunder|p2a: Rotom|[miss]\n|-miss|p1b: Dragonite|p2a: Rotom\n|move|p2a: Rotom|Volt Switch|p1b: Dragonite\n|-damage|p1b: Dragonite|61/100 brn\n|\n|-heal|p2a: Rotom|77/100|[from] item: Leftovers\n|-damage|p1b: Dragonite|55/100 brn|[from] brn\n|upkeep\n|turn|13\n|\n|t:|1775994577\n|move|p2a: Rotom|Protect|p2a: Rotom\n|-singleturn|p2a: Rotom|Protect\n|move|p1b: Dragonite|Ice Beam|p2a: Rotom\n|-activate|p2a: Rotom|move: Protect\n|\n|-heal|p2a: Rotom|82/100|[from] item: Leftovers\n|-damage|p1b: Dragonite|49/100 brn|[from] brn\n|upkeep\n|turn|14\n|\n|t:|1775994586\n|move|p1b: Dragonite|Thunder|p2a: Rotom|[miss]\n|-miss|p1b: Dragonite|p2a: Rotom\n|move|p2a: Rotom|Volt Switch|p1b: Dragonite\n|-damage|p1b: Dragonite|30/100 brn\n|\n|-heal|p2a: Rotom|88/100|[from] item: Leftovers\n|-damage|p1b: Dragonite|23/100 brn|[from] brn\n|upkeep\n|turn|15\n|\n|t:|1775994596\n|move|p2a: Rotom|Protect|p2a: Rotom\n|-singleturn|p2a: Rotom|Protect\n|move|p1b: Dragonite|Thunder|p2a: Rotom\n|-activate|p2a: Rotom|move: Protect\n|\n|-heal|p2a: Rotom|94/100|[from] item: Leftovers\n|-damage|p1b: Dragonite|17/100 brn|[from] brn\n|upkeep\n|turn|16\n|\n|t:|1775994605\n|move|p1b: Dragonite|Thunder|p2a: Rotom|[miss]\n|-miss|p1b: Dragonite|p2a: Rotom\n|move|p2a: Rotom|Volt Switch|p1b: Dragonite\n|-damage|p1b: Dragonite|0 fnt\n|faint|p1b: Dragonite\n|\n|win|ShashKetchum\n|raw|Vanthoci's rating: 1148 &rarr; <strong>1118</strong><br />(-30 for losing)\n|raw|ShashKetchum's rating: 1076 &rarr; <strong>1110</strong><br />(+34 for winning)\n|l|\u2606Vanthoci\n|player|p1|\n",
  "uploadtime": 1775994640,
  "views": 31,
  "formatid": "gen9championsvgc2026regma",
  "rating": 1110,
  "private": 0,
  "password": null
}