{
  "id": "gen9championsvgc2026regma-2588823272",
  "format": "[Gen 9 Champions] VGC 2026 Reg M-A",
  "players": [
    "asouleoe",
    "chadyel"
  ],
  "log": "|j|\u2606asouleoe\n|j|\u2606chadyel\n|t:|1776675209\n|gametype|doubles\n|player|p1|asouleoe|blue|1266\n|player|p2|chadyel|steven|1218\n|gen|9\n|tier|[Gen 9 Champions] VGC 2026 Reg M-A\n|rated|\n|rule|Species Clause: Limit one of each Pok\u00e9mon\n|rule|Item Clause: Limit 1 of each item\n|clearpoke\n|poke|p1|Maushold, L50|\n|poke|p1|Kommo-o, L50, F|\n|poke|p1|Froslass, L50, F|\n|poke|p1|Talonflame, L50, M|\n|poke|p1|Gengar, L50, F|\n|poke|p1|Incineroar, L50, M|\n|poke|p2|Aggron, L50, F|\n|poke|p2|Incineroar, L50, M|\n|poke|p2|Sinistcha-Masterpiece, L50|\n|poke|p2|Primarina, L50, F|\n|poke|p2|Aerodactyl, L50, F|\n|poke|p2|Tyranitar, L50, F|\n|teampreview|4\n|inactive|Battle timer is ON: inactive players will automatically lose when time's up. (requested by asouleoe)\nchadyel has agreed to open team sheets.\n|inactive|chadyel has 60 seconds left.\n|inactive|asouleoe has 60 seconds left.\n|\n|t:|1776675258\n|teamsize|p1|4\n|teamsize|p2|4\n|start\n|switch|p1a: Incineroar|Incineroar, L50, M|100/100\n|switch|p1b: Kommo-o|Kommo-o, L50, F|100/100\n|switch|p2a: Aggron|Aggron, L50, F|100/100\n|switch|p2b: Incineroar|Incineroar, L50, M|100/100\n|-ability|p1a: Incineroar|Intimidate|boost\n|-unboost|p2a: Aggron|atk|1\n|-unboost|p2b: Incineroar|atk|1\n|-ability|p2b: Incineroar|Intimidate|boost\n|-unboost|p1a: Incineroar|atk|1\n|-unboost|p1b: Kommo-o|atk|1\n|turn|1\n|\n|t:|1776675277\n|detailschange|p2a: Aggron|Aggron-Mega, L50, F\n|-mega|p2a: Aggron|Aggron|Aggronite\n|move|p1a: Incineroar|Fake Out|p2b: Incineroar\n|-damage|p2b: Incineroar|94/100\n|cant|p2b: Incineroar|flinch\n|move|p1b: Kommo-o|Clangorous Soul|p1b: Kommo-o\n|-boost|p1b: Kommo-o|atk|1\n|-boost|p1b: Kommo-o|def|1\n|-boost|p1b: Kommo-o|spa|1\n|-boost|p1b: Kommo-o|spd|1\n|-boost|p1b: Kommo-o|spe|1\n|-damage|p1b: Kommo-o|68/100\n|move|p2a: Aggron|Iron Defense|p2a: Aggron\n|-boost|p2a: Aggron|def|2\n|\n|-heal|p1b: Kommo-o|74/100|[from] item: Leftovers\n|upkeep\n|turn|2\n|inactive|chadyel has 30 seconds left.\n|\n|t:|1776675306\n|switch|p2b: Primarina|Primarina, L50, F|100/100\n|move|p1b: Kommo-o|Aura Sphere|p2a: Aggron\n|-supereffective|p2a: Aggron|1\n|-damage|p2a: Aggron|31/100\n|move|p1a: Incineroar|Parting Shot|p2a: Aggron\n|-unboost|p2a: Aggron|atk|1\n|-unboost|p2a: Aggron|spa|1\n|\n|t:|1776675315\n|switch|p1a: Gengar|Gengar, L50, F|100/100|[from] Parting Shot\n|move|p2a: Aggron|Iron Defense|p2a: Aggron\n|-boost|p2a: Aggron|def|2\n|\n|-heal|p1b: Kommo-o|80/100|[from] item: Leftovers\n|upkeep\n|turn|3\n|\n|t:|1776675333\n|detailschange|p1a: Gengar|Gengar-Mega, L50, F\n|-mega|p1a: Gengar|Gengar|Gengarite\n|move|p2a: Aggron|Protect|p2a: Aggron\n|-singleturn|p2a: Aggron|Protect\n|move|p1b: Kommo-o|Aura Sphere|p2a: Aggron\n|-activate|p2a: Aggron|move: Protect\n|move|p1a: Gengar|Sludge Bomb|p2b: Primarina\n|-supereffective|p2b: Primarina|1\n|-damage|p2b: Primarina|1/100\n|move|p2b: Primarina|Moonblast|p1b: Kommo-o\n|-supereffective|p1b: Kommo-o|2\n|-damage|p1b: Kommo-o|0 fnt\n|faint|p1b: Kommo-o\n|\n|upkeep\n|\n|t:|1776675350\n|switch|p1b: Incineroar|Incineroar, L50, M|100/100\n|-ability|p1b: Incineroar|Intimidate|boost\n|-unboost|p2a: Aggron|atk|1\n|-unboost|p2b: Primarina|atk|1\n|turn|4\n|\n|t:|1776675361\n|move|p2b: Primarina|Protect|p2b: Primarina\n|-singleturn|p2b: Primarina|Protect\n|move|p1b: Incineroar|Fake Out|p2b: Primarina\n|-activate|p2b: Primarina|move: Protect\n|move|p1a: Gengar|Shadow Ball|p2a: Aggron\n|-damage|p2a: Aggron|0 fnt\n|faint|p2a: Aggron\n|\n|upkeep\n|\n|t:|1776675374\n|switch|p2a: Tyranitar|Tyranitar, L50, F|100/100\n|-weather|Sandstorm|[from] ability: Sand Stream|[of] p2a: Tyranitar\n|turn|5\n|\n|t:|1776675394\n|move|p1a: Gengar|Protect|p1a: Gengar\n|-singleturn|p1a: Gengar|Protect\n|move|p2b: Primarina|Hyper Voice|p1a: Gengar|[spread] p1b\n|-activate|p1a: Gengar|move: Protect\n|-supereffective|p1b: Incineroar|1\n|-damage|p1b: Incineroar|40/100\n|-enditem|p1b: Incineroar|Sitrus Berry|[eat]\n|-heal|p1b: Incineroar|65/100|[from] item: Sitrus Berry\n|move|p1b: Incineroar|Parting Shot|p2a: Tyranitar\n|-unboost|p2a: Tyranitar|atk|1\n|-unboost|p2a: Tyranitar|spa|1\n|\n|t:|1776675406\n|switch|p1b: Maushold|Maushold, L50|100/100|[from] Parting Shot\n|move|p2a: Tyranitar|Rock Slide|p1b: Maushold|[spread] p1b\n|-activate|p1a: Gengar|move: Protect\n|-damage|p1b: Maushold|84/100\n|\n|-weather|Sandstorm|[upkeep]\n|-damage|p1a: Gengar|94/100|[from] Sandstorm\n|-damage|p1b: Maushold|78/100|[from] Sandstorm\n|-damage|p2b: Primarina|0 fnt|[from] Sandstorm\n|faint|p2b: Primarina\n|upkeep\n|\n|t:|1776675416\n|switch|p2b: Incineroar|Incineroar, L50, M|94/100\n|-ability|p2b: Incineroar|Intimidate|boost\n|-unboost|p1a: Gengar|atk|1\n|-unboost|p1b: Maushold|atk|1\n|turn|6\n|\n|t:|1776675431\n|switch|p1a: Incineroar|Incineroar, L50, M|65/100\n|-ability|p1a: Incineroar|Intimidate|boost\n|-unboost|p2a: Tyranitar|atk|1\n|-unboost|p2b: Incineroar|atk|1\n|move|p2b: Incineroar|Fake Out|p1b: Maushold\n|-damage|p1b: Maushold|70/100\n|cant|p1b: Maushold|flinch\n|move|p2a: Tyranitar|Rock Slide|p1b: Maushold|[spread] p1a,p1b\n|-supereffective|p1a: Incineroar|1\n|-damage|p1a: Incineroar|47/100\n|-damage|p1b: Maushold|57/100\n|\n|-weather|Sandstorm|[upkeep]\n|-damage|p1b: Maushold|51/100|[from] Sandstorm\n|-damage|p1a: Incineroar|41/100|[from] Sandstorm\n|-damage|p2b: Incineroar|88/100|[from] Sandstorm\n|upkeep\n|turn|7\n|inactive|asouleoe has 30 seconds left.\n|inactive|chadyel has 30 seconds left.\n|inactive|chadyel has 20 seconds left.\n|\n|t:|1776675468\n|move|p1b: Maushold|Super Fang|p2a: Tyranitar\n|-damage|p2a: Tyranitar|51/100\n|move|p1a: Incineroar|Parting Shot|p2b: Incineroar\n|-unboost|p2b: Incineroar|atk|1\n|-unboost|p2b: Incineroar|spa|1\n|\n|t:|1776675474\n|switch|p1a: Gengar|Gengar-Mega, L50, F|94/100|[from] Parting Shot\n|move|p2b: Incineroar|Darkest Lariat|p1a: Gengar\n|-supereffective|p1a: Gengar|1\n|-damage|p1a: Gengar|54/100\n|move|p2a: Tyranitar|High Horsepower|p1a: Gengar\n|-supereffective|p1a: Gengar|1\n|-damage|p1a: Gengar|23/100\n|\n|-weather|Sandstorm|[upkeep]\n|-damage|p1a: Gengar|17/100|[from] Sandstorm\n|-damage|p1b: Maushold|45/100|[from] Sandstorm\n|-damage|p2b: Incineroar|82/100|[from] Sandstorm\n|upkeep\n|turn|8\n|\n|t:|1776675490\n|switch|p1a: Incineroar|Incineroar, L50, M|41/100\n|-ability|p1a: Incineroar|Intimidate|boost\n|-unboost|p2a: Tyranitar|atk|1\n|-unboost|p2b: Incineroar|atk|1\n|move|p1b: Maushold|Super Fang|p2b: Incineroar\n|-damage|p2b: Incineroar|41/100\n|move|p2b: Incineroar|Darkest Lariat|p1a: Incineroar\n|-resisted|p1a: Incineroar|1\n|-damage|p1a: Incineroar|36/100\n|move|p2a: Tyranitar|Knock Off|p1a: Incineroar\n|-resisted|p1a: Incineroar|1\n|-damage|p1a: Incineroar|32/100\n|\n|-weather|Sandstorm|[upkeep]\n|-damage|p1b: Maushold|39/100|[from] Sandstorm\n|-damage|p1a: Incineroar|26/100|[from] Sandstorm\n|-damage|p2b: Incineroar|36/100|[from] Sandstorm\n|upkeep\n|turn|9\n|inactive|chadyel has 30 seconds left.\n|\n|t:|1776675517\n|move|p2a: Tyranitar|Protect|p2a: Tyranitar\n|-singleturn|p2a: Tyranitar|Protect\n|move|p1a: Incineroar|Fake Out|p2b: Incineroar\n|-damage|p2b: Incineroar|27/100\n|move|p1b: Maushold|Super Fang|p2a: Tyranitar\n|-activate|p2a: Tyranitar|move: Protect\n|cant|p2b: Incineroar|flinch\n|\n|-weather|none\n|upkeep\n|turn|10\n|\n|t:|1776675531\n|move|p1b: Maushold|Super Fang|p2a: Tyranitar\n|-damage|p2a: Tyranitar|26/100\n|move|p1a: Incineroar|Throat Chop|p2b: Incineroar\n|-resisted|p2b: Incineroar|1\n|-damage|p2b: Incineroar|14/100\n|-start|p2b: Incineroar|Throat Chop|[silent]\n|move|p2b: Incineroar|Darkest Lariat|p1a: Incineroar\n|-resisted|p1a: Incineroar|1\n|-damage|p1a: Incineroar|21/100\n|move|p2a: Tyranitar|Knock Off|p1a: Incineroar\n|-resisted|p1a: Incineroar|1\n|-damage|p1a: Incineroar|17/100\n|\n|upkeep\n|turn|11\n|\n|t:|1776675551\n|move|p1b: Maushold|Super Fang|p2a: Tyranitar\n|-damage|p2a: Tyranitar|13/100\n|move|p1a: Incineroar|Throat Chop|p2b: Incineroar\n|-resisted|p2b: Incineroar|1\n|-damage|p2b: Incineroar|0 fnt\n|faint|p2b: Incineroar\n|move|p2a: Tyranitar|High Horsepower|p1a: Incineroar\n|-supereffective|p1a: Incineroar|1\n|-damage|p1a: Incineroar|3/100\n|\n|upkeep\n|turn|12\n|\n|t:|1776675563\n|move|p1b: Maushold|Super Fang|p2a: Tyranitar\n|-damage|p2a: Tyranitar|7/100\n|move|p1a: Incineroar|Throat Chop|p2a: Tyranitar\n|-resisted|p2a: Tyranitar|1\n|-damage|p2a: Tyranitar|0 fnt\n|faint|p2a: Tyranitar\n|\n|win|asouleoe\n|raw|asouleoe's rating: 1266 &rarr; <strong>1288</strong><br />(+22 for winning)\n|raw|chadyel's rating: 1218 &rarr; <strong>1196</strong><br />(-22 for losing)\n|l|\u2606chadyel\n|player|p2|\n",
  "uploadtime": 1776675573,
  "views": 10,
  "formatid": "gen9championsvgc2026regma",
  "rating": 1196,
  "private": 0,
  "password": null
}