{
  "id": "gen9championsvgc2026regma-2585027402",
  "format": "[Gen 9 Champions] VGC 2026 Reg M-A",
  "players": [
    "Skadoty",
    "Teik"
  ],
  "log": "|j|\u2606Skadoty\n|j|\u2606Teik\n|t:|1776304636\n|gametype|doubles\n|player|p1|Skadoty|101|1403\n|player|p2|Teik|169|1393\n|gen|9\n|tier|[Gen 9 Champions] VGC 2026 Reg M-A\n|rated|\n|rule|Species Clause: Limit one of each Pok\u00e9mon\n|rule|Item Clause: Limit 1 of each item\n|clearpoke\n|poke|p1|Hydreigon, L50, F|\n|poke|p1|Farigiraf, L50, F|\n|poke|p1|Torkoal, L50, F|\n|poke|p1|Crabominable, L50, F|\n|poke|p1|Kingambit, L50, F|\n|poke|p1|Armarouge, L50, M|\n|poke|p2|Aggron, L50, M|\n|poke|p2|Pelipper, L50, F|\n|poke|p2|Decidueye-Hisui, L50, M|\n|poke|p2|Farigiraf, L50, M|\n|poke|p2|Bellibolt, L50, M|\n|poke|p2|Rhyperior, L50, F|\n|teampreview|4\n|inactive|Battle timer is ON: inactive players will automatically lose when time's up. (requested by Skadoty)\n|\n|t:|1776304666\n|teamsize|p1|4\n|teamsize|p2|4\n|start\n|switch|p1a: Hydreigon|Hydreigon, L50, F|100/100\n|switch|p1b: Farigiraf|Farigiraf, L50, F|100/100\n|switch|p2a: Rhyperior|Rhyperior, L50, F|100/100\n|switch|p2b: Zapote|Pelipper, L50, F|100/100\n|-weather|RainDance|[from] ability: Drizzle|[of] p2b: Zapote\n|turn|1\n|inactive|Skadoty has 30 seconds left.\n|\n|t:|1776304692\n|move|p2b: Zapote|Protect|p2b: Zapote\n|-singleturn|p2b: Zapote|Protect\n|move|p1a: Hydreigon|Dark Pulse|p2b: Zapote\n|-activate|p2b: Zapote|move: Protect\n|move|p1b: Farigiraf|Dazzling Gleam|p2b: Zapote|[spread] p2a\n|-activate|p2b: Zapote|move: Protect\n|-damage|p2a: Rhyperior|86/100\n|move|p2a: Rhyperior|Rock Slide|p1a: Hydreigon|[spread] p1a,p1b\n|-damage|p1a: Hydreigon|70/100\n|-damage|p1b: Farigiraf|78/100\n|\n|-weather|RainDance|[upkeep]\n|upkeep\n|turn|2\n|inactive|Teik has 30 seconds left.\n|\n|t:|1776304723\n|switch|p2b: Maomao|Aggron, L50, M|100/100\n|move|p1a: Hydreigon|Dark Pulse|p2a: Rhyperior\n|-damage|p2a: Rhyperior|42/100\n|move|p1b: Farigiraf|Dazzling Gleam|p2a: Rhyperior|[spread] p2a,p2b\n|-resisted|p2b: Maomao|1\n|-damage|p2a: Rhyperior|28/100\n|-damage|p2b: Maomao|93/100\n|move|p2a: Rhyperior|Ice Punch|p1a: Hydreigon\n|-supereffective|p1a: Hydreigon|1\n|-damage|p1a: Hydreigon|15/100\n|\n|-weather|RainDance|[upkeep]\n|upkeep\n|turn|3\n|inactive|Skadoty has 30 seconds left.\n|\n|t:|1776304751\n|detailschange|p2b: Maomao|Aggron-Mega, L50, M\n|-mega|p2b: Maomao|Aggron|Aggronite\n|move|p1b: Farigiraf|Helping Hand|p1a: Hydreigon\n|-singleturn|p1a: Hydreigon|Helping Hand|[of] p1b: Farigiraf\n|move|p2a: Rhyperior|Protect|p2a: Rhyperior\n|-singleturn|p2a: Rhyperior|Protect\n|move|p1a: Hydreigon|Dark Pulse|p2b: Maomao\n|-damage|p2b: Maomao|36/100\n|move|p2b: Maomao|Body Press|p1a: Hydreigon\n|-supereffective|p1a: Hydreigon|1\n|-damage|p1a: Hydreigon|0 fnt\n|faint|p1a: Hydreigon\n|\n|-weather|RainDance|[upkeep]\n|upkeep\n|\n|t:|1776304776\n|switch|p1a: Crabominable|Crabominable, L50, F|100/100\n|turn|4\n|\n|t:|1776304788\n|move|p1a: Crabominable|Protect|p1a: Crabominable\n|-singleturn|p1a: Crabominable|Protect\n|move|p2b: Maomao|Body Press|p1a: Crabominable\n|-activate|p1a: Crabominable|move: Protect\n|move|p2a: Rhyperior|Rock Slide|p1a: Crabominable|[spread] p1b\n|-activate|p1a: Crabominable|move: Protect\n|-damage|p1b: Farigiraf|53/100\n|move|p1b: Farigiraf|Trick Room|p1b: Farigiraf\n|-fieldstart|move: Trick Room|[of] p1b: Farigiraf\n|\n|-weather|RainDance|[upkeep]\n|upkeep\n|turn|5\n|\n|t:|1776304808\n|detailschange|p1a: Crabominable|Crabominable-Mega, L50, F\n|-mega|p1a: Crabominable|Crabominable|Crabominite\n|move|p2a: Rhyperior|Protect|p2a: Rhyperior\n|-singleturn|p2a: Rhyperior|Protect\n|move|p1a: Crabominable|Drain Punch|p2b: Maomao\n|-supereffective|p2b: Maomao|1\n|-damage|p2b: Maomao|0 fnt\n|faint|p2b: Maomao\n|move|p1b: Farigiraf|Dazzling Gleam|p2a: Rhyperior\n|-activate|p2a: Rhyperior|move: Protect\n|\n|-weather|none\n|upkeep\n|\n|t:|1776304825\n|switch|p2b: Zapote|Pelipper, L50, F|100/100\n|-weather|RainDance|[from] ability: Drizzle|[of] p2b: Zapote\n|turn|6\n|\n|t:|1776304839\n|switch|p1b: Kingambit|Kingambit, L50, F|100/100\n|move|p1a: Crabominable|Drain Punch|p2a: Rhyperior\n|-supereffective|p2a: Rhyperior|1\n|-damage|p2a: Rhyperior|0 fnt\n|faint|p2a: Rhyperior\n|move|p2b: Zapote|Hurricane|p1a: Crabominable\n|-supereffective|p1a: Crabominable|1\n|-damage|p1a: Crabominable|23/100\n|-start|p1a: Crabominable|confusion\n|\n|-weather|RainDance|[upkeep]\n|upkeep\n|\n|t:|1776304844\n|switch|p2a: Ronin|Decidueye-Hisui, L50, M|100/100\n|turn|7\n|\n|t:|1776304871\n|-activate|p1a: Crabominable|confusion\n|-damage|p1a: Crabominable|8/100|[from] confusion\n|move|p1b: Kingambit|Kowtow Cleave|p2b: Zapote\n|-damage|p2b: Zapote|41/100\n|-enditem|p2b: Zapote|Sitrus Berry|[eat]\n|-heal|p2b: Zapote|65/100|[from] item: Sitrus Berry\n|move|p2a: Ronin|Triple Arrows|p1b: Kingambit\n|-supereffective|p1b: Kingambit|2\n|-damage|p1b: Kingambit|0 fnt\n|faint|p1b: Kingambit\n|move|p2b: Zapote|Hurricane|p1a: Crabominable\n|-supereffective|p1a: Crabominable|1\n|-damage|p1a: Crabominable|0 fnt\n|faint|p1a: Crabominable\n|\n|-weather|RainDance|[upkeep]\n|upkeep\n|-message|Skadoty forfeited.\n|\n|win|Teik\n|raw|Skadoty's rating: 1403 &rarr; <strong>1382</strong><br />(-21 for losing)\n|raw|Teik's rating: 1393 &rarr; <strong>1414</strong><br />(+21 for winning)\n|l|\u2606Skadoty\n|player|p1|\n",
  "uploadtime": 1776304890,
  "views": 44,
  "formatid": "gen9championsvgc2026regma",
  "rating": 1382,
  "private": 0,
  "password": null
}