{
  "id": "gen9championsvgc2026regma-2587647654",
  "format": "[Gen 9 Champions] VGC 2026 Reg M-A",
  "players": [
    "PM77Switch",
    "Missing love"
  ],
  "log": "|j|\u2606PM77Switch\n|j|\u2606Missing love\n|t:|1776550171\n|gametype|doubles\n|player|p1|PM77Switch|may-masters3|1427\n|player|p2|Missing love|volo|1424\n|gen|9\n|tier|[Gen 9 Champions] VGC 2026 Reg M-A\n|rated|\n|rule|Species Clause: Limit one of each Pok\u00e9mon\n|rule|Item Clause: Limit 1 of each item\n|clearpoke\n|poke|p1|Blastoise, L50, M|\n|poke|p1|Kingambit, L50, M|\n|poke|p1|Sneasler, L50, M|\n|poke|p1|Aerodactyl, L50, M|\n|poke|p1|Sinistcha, L50|\n|poke|p1|Incineroar, L50, M|\n|poke|p2|Meganium, L50, M|\n|poke|p2|Tyranitar, L50, M|\n|poke|p2|Garchomp, L50, M|\n|poke|p2|Aegislash, L50, F|\n|poke|p2|Milotic, L50, F|\n|poke|p2|Aerodactyl, L50, F|\n|teampreview|4\n|inactive|Battle timer is ON: inactive players will automatically lose when time's up. (requested by PM77Switch)\n|l|\u2606PM77Switch\n|inactive|PM77Switch disconnected and has a minute to reconnect!\n|player|p1|\n|j|\u2606PM77Switch\n|inactive|PM77Switch reconnected and has 65 seconds left.\n|player|p1|PM77Switch|may-masters3|\n|inactive|PM77Switch has 60 seconds left.\n|\n|t:|1776550219\n|teamsize|p1|4\n|teamsize|p2|4\n|start\n|switch|p1a: Sneasler|Sneasler, L50, M|100/100\n|switch|p1b: Blastoise|Blastoise, L50, M|100/100\n|switch|p2a: Garchomp|Garchomp, L50, M|100/100\n|switch|p2b: Aerodactyl|Aerodactyl, L50, F|100/100\n|-ability|p2b: Aerodactyl|Unnerve\n|turn|1\n|\n|t:|1776550238\n|detailschange|p1b: Blastoise|Blastoise-Mega, L50, M\n|-mega|p1b: Blastoise|Blastoise|Blastoisinite\n|move|p2b: Aerodactyl|Protect|p2b: Aerodactyl\n|-singleturn|p2b: Aerodactyl|Protect\n|move|p1a: Sneasler|Fake Out|p2b: Aerodactyl\n|-activate|p2b: Aerodactyl|move: Protect\n|move|p2a: Garchomp|Earthquake|p1b: Blastoise|[spread] p1a,p1b\n|-activate|p2b: Aerodactyl|move: Protect\n|-supereffective|p1a: Sneasler|1\n|-damage|p1a: Sneasler|0 fnt\n|-damage|p1b: Blastoise|64/100\n|faint|p1a: Sneasler\n|move|p1b: Blastoise|Ice Beam|p2a: Garchomp\n|-supereffective|p2a: Garchomp|2\n|-damage|p2a: Garchomp|0 fnt\n|faint|p2a: Garchomp\n|\n|upkeep\n|\n|t:|1776550256\n|switch|p1a: Sinistcha|Sinistcha, L50|100/100\n|switch|p2a: Milotic|Milotic, L50, F|100/100\n|-heal|p1b: Blastoise|89/100|[from] ability: Hospitality|[of] p1a: Sinistcha\n|turn|2\n|\n|t:|1776550267\n|switch|p2b: Meganium|Meganium, L50, M|100/100\n|move|p1b: Blastoise|Water Spout|p2a: Milotic|[spread] p2a,p2b\n|-resisted|p2a: Milotic|1\n|-resisted|p2b: Meganium|1\n|-damage|p2a: Milotic|81/100\n|-damage|p2b: Meganium|72/100\n|move|p2a: Milotic|Icy Wind|p1b: Blastoise|[spread] p1a,p1b\n|-supereffective|p1a: Sinistcha|1\n|-crit|p1a: Sinistcha\n|-resisted|p1b: Blastoise|1\n|-damage|p1a: Sinistcha|71/100\n|-damage|p1b: Blastoise|84/100\n|-unboost|p1a: Sinistcha|spe|1\n|-unboost|p1b: Blastoise|spe|1\n|move|p1a: Sinistcha|Matcha Gotcha|p2a: Milotic|[spread] p2a,p2b\n|-supereffective|p2a: Milotic|1\n|-resisted|p2b: Meganium|1\n|-damage|p2a: Milotic|46/100\n|-heal|p1a: Sinistcha|92/100|[from] drain|[of] p2a: Milotic\n|-damage|p2b: Meganium|58/100\n|-heal|p1a: Sinistcha|98/100|[from] drain|[of] p2b: Meganium\n|\n|-heal|p2a: Milotic|51/100|[from] item: Leftovers\n|upkeep\n|turn|3\n|inactive|Missing love has 30 seconds left.\n|\n|t:|1776550301\n|switch|p1b: Kingambit|Kingambit, L50, M|100/100\n|detailschange|p2b: Meganium|Meganium-Mega, L50, M\n|-mega|p2b: Meganium|Meganium|Meganiumite\n|move|p2b: Meganium|Weather Ball|p1a: Sinistcha\n|-supereffective|p1a: Sinistcha|1\n|-damage|p1a: Sinistcha|0 fnt\n|faint|p1a: Sinistcha\n|move|p2a: Milotic|Scald|p1b: Kingambit\n|-damage|p1b: Kingambit|66/100\n|-status|p1b: Kingambit|brn\n|\n|-heal|p2a: Milotic|57/100|[from] item: Leftovers\n|-damage|p1b: Kingambit|60/100 brn|[from] brn\n|upkeep\n|\n|t:|1776550311\n|switch|p1a: Blastoise|Blastoise-Mega, L50, M|84/100\n|turn|4\n|\n|t:|1776550323\n|move|p2b: Meganium|Solar Beam||[still]\n|-prepare|p2b: Meganium|Solar Beam\n|-activate|p2b: Meganium|ability: Mega Sol\n|-anim|p2b: Meganium|Solar Beam|p1a: Blastoise\n|-supereffective|p1a: Blastoise|1\n|-damage|p1a: Blastoise|0 fnt\n|faint|p1a: Blastoise\n|move|p2a: Milotic|Icy Wind|p1b: Kingambit\n|-resisted|p1b: Kingambit|1\n|-damage|p1b: Kingambit|52/100 brn\n|-unboost|p1b: Kingambit|spe|1\n|-ability|p1b: Kingambit|Defiant|boost\n|-boost|p1b: Kingambit|atk|2\n|move|p1b: Kingambit|Iron Head|p2b: Meganium\n|-supereffective|p2b: Meganium|1\n|-damage|p2b: Meganium|0 fnt\n|faint|p2b: Meganium\n|\n|-heal|p2a: Milotic|63/100|[from] item: Leftovers\n|-damage|p1b: Kingambit|46/100 brn|[from] brn\n|upkeep\n|\n|t:|1776550328\n|switch|p2b: Aerodactyl|Aerodactyl, L50, F|100/100\n|-ability|p2b: Aerodactyl|Unnerve\n|turn|5\n|\n|t:|1776550340\n|move|p2b: Aerodactyl|Dual Wingbeat|p1b: Kingambit\n|-resisted|p1b: Kingambit|1\n|-damage|p1b: Kingambit|40/100 brn\n|-resisted|p1b: Kingambit|1\n|-damage|p1b: Kingambit|34/100 brn\n|-hitcount|p1b: Kingambit|2\n|move|p2a: Milotic|Scald|p1b: Kingambit\n|-damage|p1b: Kingambit|0 fnt\n|faint|p1b: Kingambit\n|\n|win|Missing love\n|raw|PM77Switch's rating: 1427 &rarr; <strong>1407</strong><br />(-20 for losing)\n|raw|Missing love's rating: 1424 &rarr; <strong>1444</strong><br />(+20 for winning)\n|l|\u2606PM77Switch\n|player|p1|\n|l|\u2606Missing love\n|player|p2|\n",
  "uploadtime": 1776550442,
  "views": 17,
  "formatid": "gen9championsvgc2026regma",
  "rating": 1407,
  "private": 0,
  "password": null
}