{
  "id": "gen9championsvgc2026regma-2584941940",
  "format": "[Gen 9 Champions] VGC 2026 Reg M-A",
  "players": [
    "Teik",
    "keyma"
  ],
  "log": "|j|\u2606Teik\n|j|\u2606keyma\n|t:|1776296626\n|gametype|doubles\n|player|p1|Teik|169|1327\n|player|p2|keyma|lucas-gen4pt|1315\n|gen|9\n|tier|[Gen 9 Champions] VGC 2026 Reg M-A\n|rated|\n|rule|Species Clause: Limit one of each Pok\u00e9mon\n|rule|Item Clause: Limit 1 of each item\n|clearpoke\n|poke|p1|Aggron, L50, M|\n|poke|p1|Pelipper, L50, M|\n|poke|p1|Decidueye-Hisui, L50, M|\n|poke|p1|Farigiraf, L50, M|\n|poke|p1|Garchomp, L50, F|\n|poke|p1|Bellibolt, L50, F|\n|poke|p2|Charizard, L50, F|\n|poke|p2|Sneasler, L50, M|\n|poke|p2|Basculegion, L50, M|\n|poke|p2|Incineroar, L50, F|\n|poke|p2|Garchomp, L50, M|\n|poke|p2|Venusaur, L50, F|\n|teampreview|4\n|j| Dtzim_353\n|\n|t:|1776296677\n|teamsize|p1|4\n|teamsize|p2|4\n|start\n|switch|p1a: Garchomp|Garchomp, L50, F|100/100\n|switch|p1b: Farigiraf|Farigiraf, L50, M|100/100\n|switch|p2a: Basculegion|Basculegion, L50, M|100/100\n|switch|p2b: Garchomp|Garchomp, L50, M|100/100\n|turn|1\n|\n|t:|1776296717\n|move|p1a: Garchomp|Protect|p1a: Garchomp\n|-singleturn|p1a: Garchomp|Protect\n|move|p2a: Basculegion|Flip Turn|p1a: Garchomp\n|-activate|p1a: Garchomp|move: Protect\n|move|p2b: Garchomp|Dragon Claw|p1a: Garchomp\n|-activate|p1a: Garchomp|move: Protect\n|move|p1b: Farigiraf|Dazzling Gleam|p2b: Garchomp|[spread] p2a,p2b\n|-supereffective|p2b: Garchomp|1\n|-damage|p2a: Basculegion|85/100\n|-damage|p2b: Garchomp|72/100\n|\n|upkeep\n|turn|2\n|\n|t:|1776296732\n|switch|p1a: Aggron|Aggron, L50, M|100/100\n|move|p2a: Basculegion|Flip Turn|p1a: Aggron\n|-supereffective|p1a: Aggron|1\n|-damage|p1a: Aggron|51/100\n|\n|t:|1776296740\n|switch|p2a: Venusaur|Venusaur, L50, F|100/100|[from] Flip Turn\n|move|p2b: Garchomp|Dragon Claw|p1a: Aggron\n|-resisted|p1a: Aggron|1\n|-damage|p1a: Aggron|37/100\n|move|p1b: Farigiraf|Trick Room|p1b: Farigiraf\n|-fieldstart|move: Trick Room|[of] p1b: Farigiraf\n|\n|upkeep\n|turn|3\n|\n|t:|1776296772\n|move|p1a: Aggron|Heavy Slam|p2b: Garchomp\n|-damage|p2b: Garchomp|28/100\n|-damage|p1a: Aggron|25/100|[from] ability: Rough Skin|[of] p2b: Garchomp\n|move|p1b: Farigiraf|Psychic Noise|p2a: Venusaur\n|-supereffective|p2a: Venusaur|1\n|-damage|p2a: Venusaur|37/100\n|-start|p2a: Venusaur|move: Heal Block\n|move|p2a: Venusaur|Sleep Powder|p1b: Farigiraf|[miss]\n|-miss|p2a: Venusaur|p1b: Farigiraf\n|move|p2b: Garchomp|Dragon Claw|p1b: Farigiraf\n|-damage|p1b: Farigiraf|67/100\n|\n|-heal|p1b: Farigiraf|74/100|[from] item: Leftovers\n|upkeep\n|turn|4\n|\n|t:|1776296794\n|detailschange|p1a: Aggron|Aggron-Mega, L50, M\n|-mega|p1a: Aggron|Aggron|Aggronite\n|move|p2b: Garchomp|Protect|p2b: Garchomp\n|-singleturn|p2b: Garchomp|Protect\n|move|p1a: Aggron|Heavy Slam|p2b: Garchomp\n|-activate|p2b: Garchomp|move: Protect\n|move|p1b: Farigiraf|Psychic Noise|p2a: Venusaur\n|-supereffective|p2a: Venusaur|1\n|-damage|p2a: Venusaur|0 fnt\n|faint|p2a: Venusaur\n|\n|-heal|p1b: Farigiraf|80/100|[from] item: Leftovers\n|upkeep\n|j| Choklit Milk\n|l| Choklit Milk\n|\n|t:|1776296809\n|switch|p2a: Charizard|Charizard, L50, F|100/100\n|turn|5\n|\n|t:|1776296828\n|move|p2a: Charizard|Protect|p2a: Charizard\n|-singleturn|p2a: Charizard|Protect\n|move|p1a: Aggron|Heavy Slam|p2b: Garchomp\n|-damage|p2b: Garchomp|0 fnt\n|-damage|p1a: Aggron|12/100|[from] ability: Rough Skin|[of] p2b: Garchomp\n|faint|p2b: Garchomp\n|move|p1b: Farigiraf|Dazzling Gleam|p2a: Charizard\n|-activate|p2a: Charizard|move: Protect\n|\n|-heal|p1b: Farigiraf|86/100|[from] item: Leftovers\n|upkeep\n|\n|t:|1776296837\n|switch|p2b: Basculegion|Basculegion, L50, M|85/100\n|turn|6\n|\n|t:|1776296852\n|detailschange|p2a: Charizard|Charizard-Mega-Y, L50, F\n|-mega|p2a: Charizard|Charizard|Charizardite Y\n|-weather|SunnyDay|[from] ability: Drought|[of] p2a: Charizard\n|move|p1b: Farigiraf|Protect|p1b: Farigiraf\n|-singleturn|p1b: Farigiraf|Protect\n|move|p1a: Aggron|Body Press|p2a: Charizard\n|-resisted|p2a: Charizard|1\n|-damage|p2a: Charizard|77/100\n|move|p2a: Charizard|Heat Wave|p1a: Aggron|[spread] \n|-activate|p1b: Farigiraf|move: Protect\n|-miss|p2a: Charizard|p1a: Aggron\n|move|p2b: Basculegion|Last Respects|p1a: Aggron\n|-damage|p1a: Aggron|0 fnt\n|faint|p1a: Aggron\n|\n|-weather|SunnyDay|[upkeep]\n|-heal|p1b: Farigiraf|92/100|[from] item: Leftovers\n|-fieldend|move: Trick Room\n|upkeep\n|\n|t:|1776296883\n|switch|p1a: Garchomp|Garchomp, L50, F|100/100\n|turn|7\n|inactive|Battle timer is ON: inactive players will automatically lose when time's up. (requested by keyma)\n|\n|t:|1776296897\n|move|p1a: Garchomp|Protect|p1a: Garchomp\n|-singleturn|p1a: Garchomp|Protect\n|move|p2b: Basculegion|Last Respects|p1a: Garchomp\n|-activate|p1a: Garchomp|move: Protect\n|move|p2a: Charizard|Weather Ball|p1b: Farigiraf\n|-damage|p1b: Farigiraf|5/100\n|move|p1b: Farigiraf|Psychic Noise|p2b: Basculegion\n|-damage|p2b: Basculegion|52/100\n|-start|p2b: Basculegion|move: Heal Block\n|\n|-weather|SunnyDay|[upkeep]\n|-heal|p1b: Farigiraf|11/100|[from] item: Leftovers\n|upkeep\n|turn|8\n|\n|t:|1776296922\n|move|p1b: Farigiraf|Protect|p1b: Farigiraf\n|-singleturn|p1b: Farigiraf|Protect\n|move|p2b: Basculegion|Last Respects|p1a: Garchomp\n|-damage|p1a: Garchomp|1/100\n|move|p1a: Garchomp|Rock Slide|p2b: Basculegion|[spread] p2a,p2b\n|-supereffective|p2a: Charizard|2\n|-damage|p2a: Charizard|0 fnt\n|-damage|p2b: Basculegion|26/100\n|faint|p2a: Charizard\n|\n|-weather|SunnyDay|[upkeep]\n|-heal|p1b: Farigiraf|17/100|[from] item: Leftovers\n|-end|p2b: Basculegion|move: Heal Block\n|upkeep\n|turn|9\n|-message|keyma forfeited.\n|\n|win|Teik\n|raw|Teik's rating: 1327 &rarr; <strong>1346</strong><br />(+19 for winning)\n|raw|keyma's rating: 1315 &rarr; <strong>1296</strong><br />(-19 for losing)\n|l|\u2606keyma\n|player|p2|\n",
  "uploadtime": 1776296945,
  "views": 36,
  "formatid": "gen9championsvgc2026regma",
  "rating": 1296,
  "private": 0,
  "password": null
}