{
  "id": "gen9championsvgc2026regma-2584170787",
  "format": "[Gen 9 Champions] VGC 2026 Reg M-A",
  "players": [
    "MilkTeaWayGalaxy",
    "avast3"
  ],
  "log": "|j|\u2606MilkTeaWayGalaxy\n|j|\u2606avast3\n|t:|1776233806\n|gametype|doubles\n|player|p1|MilkTeaWayGalaxy|rosa-pokestar3|1268\n|player|p2|avast3|skyla|1168\n|gen|9\n|tier|[Gen 9 Champions] VGC 2026 Reg M-A\n|rated|\n|rule|Species Clause: Limit one of each Pok\u00e9mon\n|rule|Item Clause: Limit 1 of each item\n|clearpoke\n|poke|p1|Froslass, L50, F|\n|poke|p1|Sinistcha, L50|\n|poke|p1|Kingambit, L50, M|\n|poke|p1|Sneasler, L50, F|\n|poke|p1|Incineroar, L50, M|\n|poke|p1|Basculegion, L50, M|\n|poke|p2|Floette-Eternal, L50, F|\n|poke|p2|Sneasler, L50, F|\n|poke|p2|Incineroar, L50, M|\n|poke|p2|Excadrill, L50, M|\n|poke|p2|Dragonite, L50, M|\n|poke|p2|Palafin, L50, F|\n|teampreview|4\n|\n|t:|1776233856\n|teamsize|p1|4\n|teamsize|p2|4\n|start\n|switch|p1a: Froslass|Froslass, L50, F, shiny|100/100\n|switch|p1b: Incineroar|Incineroar, L50, M, shiny|100/100\n|switch|p2a: Excadrill|Excadrill, L50, M|100/100\n|switch|p2b: Palafin|Palafin, L50, F|100/100\n|-ability|p2a: Excadrill|Mold Breaker\n|-ability|p1b: Incineroar|Intimidate|boost\n|-unboost|p2a: Excadrill|atk|1\n|-unboost|p2b: Palafin|atk|1\n|turn|1\n|\n|t:|1776233876\n|detailschange|p1a: Froslass|Froslass-Mega, L50, F, shiny\n|-mega|p1a: Froslass|Froslass|Froslassite\n|-weather|Snowscape|[from] ability: Snow Warning|[of] p1a: Froslass\n|move|p1b: Incineroar|Fake Out|p2a: Excadrill\n|-resisted|p2a: Excadrill|1\n|-damage|p2a: Excadrill|93/100\n|cant|p2a: Excadrill|flinch\n|move|p1a: Froslass|Aurora Veil|p1a: Froslass\n|-sidestart|p1: MilkTeaWayGalaxy|move: Aurora Veil\n|move|p2b: Palafin|Flip Turn|p1b: Incineroar\n|-supereffective|p1b: Incineroar|1\n|-damage|p1b: Incineroar|77/100\n|\n|t:|1776233890\n|detailschange|p2b: Palafin|Palafin-Hero, L50, F\n|switch|p2b: Floette|Floette-Eternal, L50, F|100/100|[from] Flip Turn\n|\n|-weather|Snowscape|[upkeep]\n|-heal|p1b: Incineroar|83/100|[from] item: Leftovers\n|upkeep\n|turn|2\n|\n|t:|1776233908\n|detailschange|p2b: Floette|Floette-Mega, L50, F\n|-mega|p2b: Floette|Floette|Floettite\n|-ability|p2b: Floette|Fairy Aura\n|move|p2a: Excadrill|Iron Head|p1a: Froslass\n|-supereffective|p1a: Froslass|1\n|-damage|p1a: Froslass|62/100\n|cant|p1a: Froslass|flinch\n|move|p2b: Floette|Dazzling Gleam|p1a: Froslass|[spread] p1a,p1b\n|-damage|p1a: Froslass|30/100\n|-damage|p1b: Incineroar|60/100\n|move|p1b: Incineroar|Flare Blitz|p2b: Floette\n|-damage|p2b: Floette|37/100\n|-damage|p1b: Incineroar|44/100|[from] Recoil\n|\n|-weather|Snowscape|[upkeep]\n|-heal|p1b: Incineroar|49/100|[from] item: Leftovers\n|upkeep\n|turn|3\n|\n|t:|1776233936\n|move|p1a: Froslass|Protect|p1a: Froslass\n|-singleturn|p1a: Froslass|Protect\n|move|p2b: Floette|Protect|p2b: Floette\n|-singleturn|p2b: Floette|Protect\n|move|p2a: Excadrill|Iron Head|p1a: Froslass\n|-activate|p1a: Froslass|move: Protect\n|move|p1b: Incineroar|Flare Blitz|p2a: Excadrill\n|-supereffective|p2a: Excadrill|1\n|-damage|p2a: Excadrill|0 fnt\n|faint|p2a: Excadrill\n|-damage|p1b: Incineroar|20/100|[from] Recoil\n|\n|-weather|Snowscape|[upkeep]\n|-heal|p1b: Incineroar|26/100|[from] item: Leftovers\n|upkeep\n|\n|t:|1776233949\n|switch|p2a: Palafin|Palafin-Hero, L50, F|100/100\n|-activate|p2a: Palafin|ability: Zero to Hero\n|turn|4\n|\n|t:|1776233957\n|switch|p2b: Sneasler|Sneasler, L50, F|100/100\n|move|p2a: Palafin|Jet Punch|p1a: Froslass\n|-damage|p1a: Froslass|2/100\n|move|p1a: Froslass|Blizzard|p2a: Palafin|[spread] p2a,p2b\n|-resisted|p2a: Palafin|1\n|-damage|p2a: Palafin|78/100\n|-damage|p2b: Sneasler|46/100\n|-status|p2b: Sneasler|frz\n|move|p1b: Incineroar|Flare Blitz|p2b: Sneasler\n|-damage|p2b: Sneasler|0 fnt\n|faint|p2b: Sneasler\n|-damage|p1b: Incineroar|14/100|[from] Recoil\n|\n|-weather|Snowscape|[upkeep]\n|-heal|p1b: Incineroar|19/100|[from] item: Leftovers\n|upkeep\n|\n|t:|1776233971\n|switch|p2b: Floette|Floette-Mega, L50, F|37/100\n|-ability|p2b: Floette|Fairy Aura\n|turn|5\n|\n|t:|1776233984\n|switch|p1b: Basculegion|Basculegion, L50, M|100/100\n|move|p2b: Floette|Protect|p2b: Floette\n|-singleturn|p2b: Floette|Protect\n|move|p2a: Palafin|Jet Punch|p1b: Basculegion\n|-resisted|p1b: Basculegion|1\n|-damage|p1b: Basculegion|86/100\n|move|p1a: Froslass|Blizzard|p2b: Floette|[spread] p2a\n|-activate|p2b: Floette|move: Protect\n|-resisted|p2a: Palafin|1\n|-damage|p2a: Palafin|55/100\n|\n|-weather|none\n|-sideend|p1: MilkTeaWayGalaxy|move: Aurora Veil\n|upkeep\n|turn|6\n|\n|t:|1776234012\n|move|p2a: Palafin|Jet Punch|p1a: Froslass\n|-damage|p1a: Froslass|0 fnt\n|faint|p1a: Froslass\n|move|p1b: Basculegion|Aqua Jet|p2b: Floette\n|-damage|p2b: Floette|0 fnt\n|faint|p2b: Floette\n|\n|upkeep\n|\n|t:|1776234017\n|switch|p1a: Incineroar|Incineroar, L50, M, shiny|19/100\n|-ability|p1a: Incineroar|Intimidate|boost\n|-unboost|p2a: Palafin|atk|1\n|turn|7\n|\n|t:|1776234028\n|move|p1a: Incineroar|Fake Out|p2a: Palafin\n|-damage|p2a: Palafin|42/100\n|cant|p2a: Palafin|flinch\n|move|p1b: Basculegion|Last Respects|p2a: Palafin\n|-damage|p2a: Palafin|0 fnt\n|faint|p2a: Palafin\n|\n|win|MilkTeaWayGalaxy\n|raw|MilkTeaWayGalaxy's rating: 1268 &rarr; <strong>1286</strong><br />(+18 for winning)\n|raw|avast3's rating: 1168 &rarr; <strong>1150</strong><br />(-18 for losing)\n|l|\u2606avast3\n|player|p2|\n",
  "uploadtime": 1776234037,
  "views": 17,
  "formatid": "gen9championsvgc2026regma",
  "rating": 1150,
  "private": 0,
  "password": null
}