{
  "id": "gen9championsvgc2026regma-2584147376",
  "format": "[Gen 9 Champions] VGC 2026 Reg M-A",
  "players": [
    "BluePkmnTrnr",
    "Bastiodon Stan"
  ],
  "log": "|j|\u2606BluePkmnTrnr\n|j|\u2606Bastiodon Stan\n|t:|1776230688\n|gametype|doubles\n|player|p1|BluePkmnTrnr|blue|1040\n|player|p2|Bastiodon Stan|pokemonbreederf|1037\n|gen|9\n|tier|[Gen 9 Champions] VGC 2026 Reg M-A\n|rated|\n|rule|Species Clause: Limit one of each Pok\u00e9mon\n|rule|Item Clause: Limit 1 of each item\n|clearpoke\n|poke|p1|Meowstic, L50, M|\n|poke|p1|Floette-Eternal, L50, F|\n|poke|p1|Hatterene, L50, F|\n|poke|p1|Farigiraf, L50, F|\n|poke|p1|Milotic, L50, F|\n|poke|p1|Volcarona, L50, F|\n|poke|p2|Victreebel, L50, F|\n|poke|p2|Gyarados, L50, F|\n|poke|p2|Talonflame, L50, M|\n|poke|p2|Mamoswine, L50, F|\n|poke|p2|Garchomp, L50, M|\n|poke|p2|Lopunny, L50, M|\n|teampreview|4\n|inactive|Battle timer is ON: inactive players will automatically lose when time's up. (requested by BluePkmnTrnr)\n|inactive|Bastiodon Stan has 60 seconds left.\n|\n|t:|1776230743\n|teamsize|p1|4\n|teamsize|p2|4\n|start\n|switch|p1a: Meowstic|Meowstic, L50, M|100/100\n|switch|p1b: Hatterene|Hatterene, L50, F|100/100\n|switch|p2a: Surblind\u00e9|Mamoswine, L50, F|100/100\n|switch|p2b: Lorraine|Gyarados, L50, F|100/100\n|-ability|p2b: Lorraine|Intimidate|boost\n|-unboost|p1a: Meowstic|atk|1\n|-unboost|p1b: Hatterene|atk|1\n|turn|1\n|\n|t:|1776230759\n|move|p1a: Meowstic|Psychic Terrain|p1a: Meowstic\n|-fieldstart|move: Psychic Terrain\n|move|p2b: Lorraine|Waterfall|p1b: Hatterene\n|-damage|p1b: Hatterene|64/100\n|move|p2a: Surblind\u00e9|Earthquake|p1a: Meowstic|[spread] p1a,p1b\n|-immune|p2b: Lorraine\n|-damage|p1a: Meowstic|65/100\n|-damage|p1b: Hatterene|20/100\n|cant|p1b: Hatterene|flinch\n|\n|upkeep\n|turn|2\n|\n|t:|1776230782\n|move|p1a: Meowstic|Reflect|p1a: Meowstic\n|-sidestart|p1: BluePkmnTrnr|Reflect\n|move|p2b: Lorraine|Waterfall|p1a: Meowstic\n|-damage|p1a: Meowstic|44/100\n|move|p2a: Surblind\u00e9|Earthquake|p1b: Hatterene|[spread] p1a,p1b\n|-immune|p2b: Lorraine\n|-damage|p1a: Meowstic|20/100\n|-damage|p1b: Hatterene|0 fnt\n|faint|p1b: Hatterene\n|\n|upkeep\n|\n|t:|1776230793\n|switch|p1b: Floette|Floette-Eternal, L50, F|100/100\n|turn|3\n|\n|t:|1776230808\n|detailschange|p1b: Floette|Floette-Mega, L50, F\n|-mega|p1b: Floette|Floette|Floettite\n|-ability|p1b: Floette|Fairy Aura\n|move|p1a: Meowstic|Helping Hand|p1b: Floette\n|-singleturn|p1b: Floette|Helping Hand|[of] p1a: Meowstic\n|move|p2b: Lorraine|Thunder Wave|p1b: Floette\n|-status|p1b: Floette|par\n|move|p2a: Surblind\u00e9|Icicle Crash|p1b: Floette\n|-damage|p1b: Floette|61/100 par\n|cant|p1b: Floette|flinch\n|\n|upkeep\n|turn|4\n|inactive|BluePkmnTrnr has 30 seconds left.\n|inactive|BluePkmnTrnr has 20 seconds left.\n|inactive|BluePkmnTrnr has 15 seconds left.\n|inactive|BluePkmnTrnr has 10 seconds left.\n|inactive|BluePkmnTrnr has 5 seconds left.\n|\n|t:|1776230860\n|move|p1a: Meowstic|Light Screen|p1a: Meowstic\n|-sidestart|p1: BluePkmnTrnr|move: Light Screen\n|move|p2b: Lorraine|Waterfall|p1b: Floette\n|-damage|p1b: Floette|38/100 par\n|move|p2a: Surblind\u00e9|Icicle Crash|p1b: Floette\n|-damage|p1b: Floette|2/100 par\n|move|p1b: Floette|Moonblast|p2a: Surblind\u00e9\n|-damage|p2a: Surblind\u00e9|0 fnt\n|faint|p2a: Surblind\u00e9\n|\n|upkeep\n|\n|t:|1776230878\n|switch|p2a: Somua|Garchomp, L50, M|100/100\n|turn|5\n|\n|t:|1776230888\n|move|p1a: Meowstic|Helping Hand|p1b: Floette\n|-singleturn|p1b: Floette|Helping Hand|[of] p1a: Meowstic\n|move|p2a: Somua|Rock Slide|p1a: Meowstic|[spread] p1a,p1b\n|-damage|p1a: Meowstic|8/100\n|-damage|p1b: Floette|0 fnt\n|faint|p1b: Floette\n|move|p2b: Lorraine|Waterfall|p1a: Meowstic\n|-damage|p1a: Meowstic|0 fnt\n|faint|p1a: Meowstic\n|\n|-fieldend|move: Psychic Terrain\n|upkeep\n|\n|t:|1776230902\n|switch|p1a: Milotic|Milotic, L50, F|100/100\n|turn|6\n|\n|t:|1776230908\n|move|p2a: Somua|Rock Slide|p1a: Milotic\n|-damage|p1a: Milotic|83/100\n|move|p2b: Lorraine|Thunder Wave|p1a: Milotic\n|-status|p1a: Milotic|par\n|cant|p1a: Milotic|flinch\n|\n|-heal|p1a: Milotic|89/100 par|[from] item: Leftovers\n|-sideend|p1: BluePkmnTrnr|Reflect\n|upkeep\n|turn|7\n|\n|t:|1776230925\n|move|p2a: Somua|Rock Slide|p1a: Milotic\n|-damage|p1a: Milotic|61/100 par\n|move|p2b: Lorraine|Waterfall|p1a: Milotic\n|-resisted|p1a: Milotic|1\n|-damage|p1a: Milotic|43/100 par\n|cant|p1a: Milotic|flinch\n|\n|-heal|p1a: Milotic|49/100 par|[from] item: Leftovers\n|upkeep\n|turn|8\n|c|\u2606BluePkmnTrnr|Holy flinch hell\n|c|\u2606Bastiodon Stan|I'm so sorry\n|c|\u2606BluePkmnTrnr|wtf\n|c|\u2606BluePkmnTrnr|that\u2019s just nonsense\n|c|\u2606Bastiodon Stan|I agree\n|inactive|BluePkmnTrnr has 30 seconds left.\n|inactive|BluePkmnTrnr has 20 seconds left.\n|inactive|BluePkmnTrnr has 15 seconds left.\n|inactive|BluePkmnTrnr has 10 seconds left.\n|inactive|BluePkmnTrnr has 5 seconds left.\n|\n|t:|1776230980\n|move|p2a: Somua|Rock Slide|p1a: Milotic|[miss]\n|-miss|p2a: Somua|p1a: Milotic\n|move|p2b: Lorraine|Waterfall|p1a: Milotic\n|-resisted|p1a: Milotic|1\n|-damage|p1a: Milotic|33/100 par\n|cant|p1a: Milotic|par\n|\n|-heal|p1a: Milotic|39/100 par|[from] item: Leftovers\n|-sideend|p1: BluePkmnTrnr|move: Light Screen\n|upkeep\n|turn|9\n|inactive|BluePkmnTrnr has 30 seconds left.\n|inactive|BluePkmnTrnr has 20 seconds left.\n|c|\u2606BluePkmnTrnr|Not like it has serene grace but sure acts like it. I give up\n|inactive|BluePkmnTrnr has 15 seconds left.\n|inactive|BluePkmnTrnr has 10 seconds left.\n|c|\u2606Bastiodon Stan|an unfortunate series of events\n|inactive|BluePkmnTrnr has 5 seconds left.\n|\n|t:|1776231035\n|move|p2a: Somua|Rock Slide|p1a: Milotic|[miss]\n|-miss|p2a: Somua|p1a: Milotic\n|move|p2b: Lorraine|Waterfall|p1a: Milotic\n|-resisted|p1a: Milotic|1\n|-damage|p1a: Milotic|20/100 par\n|move|p1a: Milotic|Flip Turn|p2a: Somua\n|-crit|p2a: Somua\n|-damage|p2a: Somua|78/100\n|-damage|p1a: Milotic|8/100 par|[from] ability: Rough Skin|[of] p2a: Somua\n|\n|-heal|p1a: Milotic|14/100 par|[from] item: Leftovers\n|upkeep\n|turn|10\n|c|\u2606Bastiodon Stan|gg\n|inactive|BluePkmnTrnr has 30 seconds left.\n|c|\u2606BluePkmnTrnr|Not one bit\n|inactive|BluePkmnTrnr has 20 seconds left.\n|\n|t:|1776231072\n|move|p2a: Somua|Rock Slide|p1a: Milotic\n|-damage|p1a: Milotic|0 fnt\n|faint|p1a: Milotic\n|\n|win|Bastiodon Stan\n|raw|BluePkmnTrnr's rating: 1040 &rarr; <strong>1024</strong><br />(-16 for losing)\n|raw|Bastiodon Stan's rating: 1037 &rarr; <strong>1072</strong><br />(+35 for winning)\n",
  "uploadtime": 1776231080,
  "views": 29,
  "formatid": "gen9championsvgc2026regma",
  "rating": 1024,
  "private": 0,
  "password": null
}