{
  "id": "gen9championsvgc2026regma-2583335009",
  "format": "[Gen 9 Champions] VGC 2026 Reg M-A",
  "players": [
    "Dallas Umbra",
    "Xgallet!"
  ],
  "log": "|j|\u2606Dallas Umbra\n|j|\u2606Xgallet!\n|html|<table width=\"100%\"><tr><td align=\"left\">Dallas Umbra</td><td align=\"right\">Xgallet!</tr><tr><td align=\"left\"><i class=\"fa fa-circle-o\"></i> <i class=\"fa fa-circle-o\"></i> </td><td align=\"right\"><i class=\"fa fa-circle-o\"></i> <i class=\"fa fa-circle-o\"></i> </tr></table>\n|uhtml|bestof|<h2><strong>Game 1</strong> of <a href=\"/game-bestof3-gen9championsvgc2026regma-2583335008\">a best-of-3</a></h2>\n|t:|1776167919\n|gametype|doubles\n|player|p1|Dallas Umbra|proton|\n|player|p2|Xgallet!|hugh|\n|gen|9\n|tier|[Gen 9 Champions] VGC 2026 Reg M-A\n|rule|Species Clause: Limit one of each Pok\u00e9mon\n|rule|Item Clause: Limit 1 of each item\n|raw|<div class=\"infobox\"><details class=\"readmore\" open><summary><strong>1 custom rule:</strong></summary> Best of = 3</details></div>\n|clearpoke\n|poke|p1|Beedrill, L50, F|\n|poke|p1|Ariados, L50, F|\n|poke|p1|Incineroar, L50, F|\n|poke|p1|Sinistcha, L50|\n|poke|p1|Audino, L50, M|\n|poke|p1|Aerodactyl, L50, F|\n|poke|p2|Drampa, L50, M|\n|poke|p2|Alakazam, L50, M|\n|poke|p2|Sinistcha, L50|\n|poke|p2|Pelipper, L50, M|\n|poke|p2|Basculegion, L50, M|\n|poke|p2|Lucario, L50, F|\n|teampreview|4\n|\n|t:|1776167954\n|teamsize|p1|4\n|teamsize|p2|4\n|start\n|switch|p1a: Ariados|Ariados, L50, F|100/100\n|switch|p1b: Incineroar|Incineroar, L50, F|100/100\n|switch|p2a: Drampa|Drampa, L50, M, shiny|100/100\n|switch|p2b: Alakazam|Alakazam, L50, M|100/100\n|-ability|p1b: Incineroar|Intimidate|boost\n|-unboost|p2a: Drampa|atk|1\n|-fail|p2b: Alakazam|unboost|Attack|[from] ability: Inner Focus|[of] p2b: Alakazam\n|turn|1\n|\n|t:|1776167978\n|detailschange|p2a: Drampa|Drampa-Mega, L50, M, shiny\n|-mega|p2a: Drampa|Drampa|Drampanite\n|move|p1b: Incineroar|Fake Out|p2b: Alakazam\n|-damage|p2b: Alakazam|71/100\n|move|p2b: Alakazam|Reflect|p2b: Alakazam\n|-sidestart|p2: Xgallet!|Reflect\n|move|p1a: Ariados|Sticky Web|p2a: Drampa\n|-sidestart|p2: Xgallet!|move: Sticky Web\n|move|p2a: Drampa|Calm Mind|p2a: Drampa\n|-boost|p2a: Drampa|spa|1\n|-boost|p2a: Drampa|spd|1\n|\n|-heal|p2b: Alakazam|77/100|[from] item: Leftovers\n|upkeep\n|turn|2\n|\n|t:|1776168011\n|move|p2b: Alakazam|Speed Swap|p2a: Drampa\n|-activate|p2b: Alakazam|move: Speed Swap|[of] p2a: Drampa\n|move|p2a: Drampa|Calm Mind|p2a: Drampa\n|-boost|p2a: Drampa|spa|1\n|-boost|p2a: Drampa|spd|1\n|move|p1b: Incineroar|Parting Shot|p2a: Drampa\n|-unboost|p2a: Drampa|atk|1\n|-unboost|p2a: Drampa|spa|1\n|\n|t:|1776168019\n|switch|p1b: Sinistcha|Sinistcha, L50|100/100|[from] Parting Shot\n|move|p1a: Ariados|Swords Dance|p1a: Ariados\n|-boost|p1a: Ariados|atk|2\n|\n|-heal|p2b: Alakazam|83/100|[from] item: Leftovers\n|upkeep\n|turn|3\n|\n|t:|1776168036\n|move|p2a: Drampa|Hyper Voice|p1b: Sinistcha|[spread] p1a\n|-immune|p1b: Sinistcha\n|-enditem|p1a: Ariados|Focus Sash\n|-damage|p1a: Ariados|1/100\n|move|p1b: Sinistcha|Shadow Ball|p2b: Alakazam\n|-supereffective|p2b: Alakazam|1\n|-damage|p2b: Alakazam|0 fnt\n|faint|p2b: Alakazam\n|move|p1a: Ariados|Baton Pass|p1a: Ariados\n|\n|t:|1776168045\n|switch|p1a: TheChosenOne|Beedrill, L50, F, shiny|100/100|[from] Baton Pass\n|\n|upkeep\n|\n|t:|1776168051\n|switch|p2b: Pelipper|Pelipper, L50, M|100/100\n|-weather|RainDance|[from] ability: Drizzle|[of] p2b: Pelipper\n|turn|4\n|\n|t:|1776168123\n|detailschange|p1a: TheChosenOne|Beedrill-Mega, L50, F, shiny\n|-mega|p1a: TheChosenOne|Beedrill|Beedrillite\n|move|p1b: Sinistcha|Rage Powder|p1b: Sinistcha\n|-singleturn|p1b: Sinistcha|move: Rage Powder\n|move|p1a: TheChosenOne|Brick Break|p2a: Drampa\n|-sideend|p2: Xgallet!|Reflect\n|-supereffective|p2a: Drampa|1\n|-damage|p2a: Drampa|20/100\n|-ability|p2a: Drampa|Berserk|boost\n|-boost|p2a: Drampa|spa|1\n|move|p2a: Drampa|Hyper Voice|p1b: Sinistcha|[spread] p1a\n|-immune|p1b: Sinistcha\n|-damage|p1a: TheChosenOne|0 fnt\n|faint|p1a: TheChosenOne\n|move|p2b: Pelipper|Tailwind|p2b: Pelipper\n|-sidestart|p2: Xgallet!|move: Tailwind\n|\n|-weather|RainDance|[upkeep]\n|upkeep\n|\n|t:|1776168133\n|switch|p1a: Incineroar|Incineroar, L50, F|100/100\n|-ability|p1a: Incineroar|Intimidate|boost\n|-unboost|p2a: Drampa|atk|1\n|-unboost|p2b: Pelipper|atk|1\n|turn|5\n|\n|t:|1776168152\n|switch|p2b: Sinistcha|Sinistcha, L50|100/100\n|-activate|p2b: Sinistcha|move: Sticky Web\n|-unboost|p2b: Sinistcha|spe|1\n|-heal|p2a: Drampa|45/100|[from] ability: Hospitality|[of] p2b: Sinistcha\n|move|p2a: Drampa|Protect|p2a: Drampa\n|-singleturn|p2a: Drampa|Protect\n|move|p1a: Incineroar|Fake Out|p2a: Drampa\n|-activate|p2a: Drampa|move: Protect\n|move|p1b: Sinistcha|Matcha Gotcha|p2a: Drampa|[spread] p2b\n|-activate|p2a: Drampa|move: Protect\n|-resisted|p2b: Sinistcha|1\n|-damage|p2b: Sinistcha|89/100\n|\n|-weather|RainDance|[upkeep]\n|upkeep\n|turn|6\n|\n|t:|1776168176\n|move|p2a: Drampa|Draco Meteor|p1a: Incineroar\n|-damage|p1a: Incineroar|0 fnt\n|-unboost|p2a: Drampa|spa|2\n|faint|p1a: Incineroar\n|move|p2b: Sinistcha|Life Dew|p2b: Sinistcha|[spread] p2a,p2b\n|-heal|p2a: Drampa|70/100\n|-heal|p2b: Sinistcha|100/100\n|move|p1b: Sinistcha|Shadow Ball|p2b: Sinistcha\n|-supereffective|p2b: Sinistcha|1\n|-damage|p2b: Sinistcha|33/100\n|-enditem|p2b: Sinistcha|Sitrus Berry|[eat]\n|-heal|p2b: Sinistcha|58/100|[from] item: Sitrus Berry\n|\n|-weather|RainDance|[upkeep]\n|upkeep\n|\n|t:|1776168189\n|switch|p1a: Ariados|Ariados, L50, F|1/100\n|turn|7\n|\n|t:|1776168208\n|move|p2b: Sinistcha|Rage Powder|p2b: Sinistcha\n|-singleturn|p2b: Sinistcha|move: Rage Powder\n|move|p1a: Ariados|Shadow Sneak|p2b: Sinistcha\n|-supereffective|p2b: Sinistcha|1\n|-damage|p2b: Sinistcha|39/100\n|move|p2a: Drampa|Draco Meteor|p1b: Sinistcha\n|-damage|p1b: Sinistcha|0 fnt\n|-unboost|p2a: Drampa|spa|2\n|faint|p1b: Sinistcha\n|\n|-weather|RainDance|[upkeep]\n|-sideend|p2: Xgallet!|move: Tailwind\n|upkeep\n|turn|8\n|\n|t:|1776168227\n|move|p1a: Ariados|Shadow Sneak|p2b: Sinistcha\n|-supereffective|p2b: Sinistcha|1\n|-damage|p2b: Sinistcha|20/100\n|move|p2a: Drampa|Draco Meteor|p1a: Ariados\n|-damage|p1a: Ariados|0 fnt\n|-unboost|p2a: Drampa|spa|2\n|faint|p1a: Ariados\n|\n|win|Xgallet!\n",
  "uploadtime": 1776168231,
  "views": 13,
  "formatid": "gen9championsvgc2026regma",
  "rating": null,
  "private": 0,
  "password": null
}