{
  "id": "gen9championsvgc2026regma-2584607926",
  "format": "[Gen 9 Champions] VGC 2026 Reg M-A",
  "players": [
    "OColaco",
    "mikelmtz"
  ],
  "log": "|j|\u2606OColaco\n|j|\u2606mikelmtz\n|t:|1776271802\n|gametype|doubles\n|player|p1|OColaco|blackbelt-gen4dp|1092\n|player|p2|mikelmtz|2|1105\n|gen|9\n|tier|[Gen 9 Champions] VGC 2026 Reg M-A\n|rated|\n|rule|Species Clause: Limit one of each Pok\u00e9mon\n|rule|Item Clause: Limit 1 of each item\n|clearpoke\n|poke|p1|Orthworm, L50, F|\n|poke|p1|Basculegion, L50, M|\n|poke|p1|Incineroar, L50, F|\n|poke|p1|Froslass, L50, F|\n|poke|p1|Garchomp, L50, M|\n|poke|p1|Sneasler, L50, M|\n|poke|p2|Ditto, L50|\n|poke|p2|Pelipper, L50, M|\n|poke|p2|Dragonite, L50, F|\n|poke|p2|Aerodactyl, L50, F|\n|poke|p2|Archaludon, L50, F|\n|poke|p2|Garchomp, L50, F|\n|teampreview|4\nmikelmtz has agreed to open team sheets.\n|inactive|Battle timer is ON: inactive players will automatically lose when time's up. (requested by mikelmtz)\n|\n|t:|1776271824\n|teamsize|p1|4\n|teamsize|p2|4\n|start\n|switch|p1a: Froslass|Froslass, L50, F|100/100\n|switch|p1b: Orthworm|Orthworm, L50, F|100/100\n|switch|p2a: Aerodactyl|Aerodactyl, L50, F|100/100\n|switch|p2b: Garchomp|Garchomp, L50, F|100/100\n|-ability|p2a: Aerodactyl|Unnerve\n|turn|1\n|inactive|mikelmtz has 30 seconds left.\n|inactive|mikelmtz has 20 seconds left.\n|inactive|mikelmtz has 15 seconds left.\n|\n|t:|1776271865\n|detailschange|p1a: Froslass|Froslass-Mega, L50, F\n|-mega|p1a: Froslass|Froslass|Froslassite\n|-weather|Snowscape|[from] ability: Snow Warning|[of] p1a: Froslass\n|move|p1a: Froslass|Aurora Veil|p1a: Froslass\n|-sidestart|p1: OColaco|move: Aurora Veil\n|move|p2a: Aerodactyl|Tailwind|p2a: Aerodactyl\n|-sidestart|p2: mikelmtz|move: Tailwind\n|move|p2b: Garchomp|Earthquake|p1b: Orthworm|[spread] p1a\n|-immune|p1b: Orthworm|[from] ability: Earth Eater\n|-immune|p2a: Aerodactyl\n|-damage|p1a: Froslass|67/100\n|move|p1b: Orthworm|Iron Defense|p1b: Orthworm\n|-boost|p1b: Orthworm|def|2\n|\n|-weather|Snowscape|[upkeep]\n|upkeep\n|turn|2\n|\n|t:|1776271886\n|switch|p1a: Garchomp|Garchomp, L50, M|100/100\n|move|p2a: Aerodactyl|Rock Blast|p1a: Garchomp\n|-resisted|p1a: Garchomp|1\n|-damage|p1a: Garchomp|96/100\n|-resisted|p1a: Garchomp|1\n|-damage|p1a: Garchomp|92/100\n|-resisted|p1a: Garchomp|1\n|-damage|p1a: Garchomp|88/100\n|-hitcount|p1a: Garchomp|3\n|move|p2b: Garchomp|Dragon Claw|p1a: Garchomp\n|-supereffective|p1a: Garchomp|1\n|-damage|p1a: Garchomp|26/100\n|-damage|p2b: Garchomp|88/100|[from] ability: Rough Skin|[of] p1a: Garchomp\n|move|p1b: Orthworm|Shed Tail|p1b: Orthworm\n|-start|p1b: Orthworm|Substitute|[from] move: Shed Tail\n|-damage|p1b: Orthworm|50/100\n|\n|t:|1776271902\n|switch|p1b: Froslass|Froslass-Mega, L50, F|67/100|[from] Shed Tail\n|\n|-weather|Snowscape|[upkeep]\n|upkeep\n|turn|3\n|\n|t:|1776271912\n|move|p1a: Garchomp|Protect|p1a: Garchomp\n|-singleturn|p1a: Garchomp|Protect\n|move|p2a: Aerodactyl|Rock Blast|p1b: Froslass\n|-supereffective|p1b: Froslass|1\n|-activate|p1b: Froslass|move: Substitute|[damage]\n|-supereffective|p1b: Froslass|1\n|-end|p1b: Froslass|Substitute\n|-supereffective|p1b: Froslass|1\n|-damage|p1b: Froslass|50/100\n|-hitcount|p1b: Froslass|3\n|move|p2b: Garchomp|Dragon Claw|p1a: Garchomp\n|-activate|p1a: Garchomp|move: Protect\n|move|p1b: Froslass|Blizzard|p2a: Aerodactyl|[spread] p2a,p2b\n|-supereffective|p2a: Aerodactyl|1\n|-supereffective|p2b: Garchomp|2\n|-damage|p2a: Aerodactyl|0 fnt\n|-damage|p2b: Garchomp|0 fnt\n|faint|p2a: Aerodactyl\n|faint|p2b: Garchomp\n|\n|-weather|Snowscape|[upkeep]\n|upkeep\n|\n|t:|1776271915\n|switch|p2a: Archaludon|Archaludon, L50, F, shiny|100/100\n|switch|p2b: Pelipper|Pelipper, L50, M|100/100\n|-weather|RainDance|[from] ability: Drizzle|[of] p2b: Pelipper\n|turn|4\n|inactive|OColaco has 30 seconds left.\n|\n|t:|1776271945\n|switch|p1b: Orthworm|Orthworm, L50, F|50/100\n|-enditem|p1b: Orthworm|Sitrus Berry|[eat]\n|-heal|p1b: Orthworm|75/100|[from] item: Sitrus Berry\n|move|p2b: Pelipper|Weather Ball|p1a: Garchomp\n|-damage|p1a: Garchomp|0 fnt\n|faint|p1a: Garchomp\n|move|p2a: Archaludon|Electro Shot||[still]\n|-prepare|p2a: Archaludon|Electro Shot\n|-boost|p2a: Archaludon|spa|1\n|-anim|p2a: Archaludon|Electro Shot|p1b: Orthworm\n|-damage|p1b: Orthworm|27/100\n|\n|-weather|RainDance|[upkeep]\n|-sideend|p2: mikelmtz|move: Tailwind\n|upkeep\n|\n|t:|1776271963\n|switch|p1a: Froslass|Froslass-Mega, L50, F|50/100\n|-weather|Snowscape|[from] ability: Snow Warning|[of] p1a: Froslass\n|turn|5\n|inactive|OColaco has 30 seconds left.\n|\n|t:|1776271997\n|move|p1a: Froslass|Protect|p1a: Froslass\n|-singleturn|p1a: Froslass|Protect\n|move|p2b: Pelipper|Wide Guard|p2b: Pelipper\n|-singleturn|p2b: Pelipper|Wide Guard\n|move|p2a: Archaludon|Flash Cannon|p1b: Orthworm\n|-resisted|p1b: Orthworm|1\n|-damage|p1b: Orthworm|4/100\n|move|p1b: Orthworm|Body Press|p2a: Archaludon\n|-supereffective|p2a: Archaludon|1\n|-damage|p2a: Archaludon|59/100\n|-ability|p2a: Archaludon|Stamina|boost\n|-boost|p2a: Archaludon|def|1\n|\n|-weather|Snowscape|[upkeep]\n|-heal|p2a: Archaludon|64/100|[from] item: Leftovers\n|-sideend|p1: OColaco|move: Aurora Veil\n|upkeep\n|turn|6\n|inactive|mikelmtz has 30 seconds left.\n|inactive|mikelmtz has 20 seconds left.\n|\n|t:|1776272036\n|move|p2b: Pelipper|Wide Guard|p2b: Pelipper\n|-singleturn|p2b: Pelipper|Wide Guard\n|move|p1a: Froslass|Blizzard|p2b: Pelipper|[spread] \n|-activate|p2a: Archaludon|move: Wide Guard\n|-activate|p2b: Pelipper|move: Wide Guard\n|move|p2a: Archaludon|Flash Cannon|p1a: Froslass\n|-supereffective|p1a: Froslass|1\n|-damage|p1a: Froslass|0 fnt\n|faint|p1a: Froslass\n|move|p1b: Orthworm|Heavy Slam|p2b: Pelipper\n|-resisted|p2b: Pelipper|1\n|-damage|p2b: Pelipper|77/100\n|\n|-weather|Snowscape|[upkeep]\n|-heal|p2a: Archaludon|70/100|[from] item: Leftovers\n|upkeep\n|\n|t:|1776272061\n|switch|p1a: Sneasler|Sneasler, L50, M|100/100\n|turn|7\n|inactive|mikelmtz has 30 seconds left.\n|inactive|mikelmtz has 20 seconds left.\n|inactive|mikelmtz has 15 seconds left.\n|inactive|mikelmtz has 10 seconds left.\n|inactive|mikelmtz has 5 seconds left.\n|\n|t:|1776272116\n|move|p1a: Sneasler|Fake Out|p2b: Pelipper\n|-damage|p2b: Pelipper|60/100\n|-status|p2b: Pelipper|psn|[from] ability: Poison Touch|[of] p1a: Sneasler\n|cant|p2b: Pelipper|flinch\n|move|p2a: Archaludon|Electro Shot||[still]\n|-prepare|p2a: Archaludon|Electro Shot\n|-boost|p2a: Archaludon|spa|1\n|move|p1b: Orthworm|Body Press|p2a: Archaludon\n|-supereffective|p2a: Archaludon|1\n|-damage|p2a: Archaludon|41/100\n|-ability|p2a: Archaludon|Stamina|boost\n|-boost|p2a: Archaludon|def|1\n|\n|-weather|Snowscape|[upkeep]\n|-heal|p2a: Archaludon|47/100|[from] item: Leftovers\n|-damage|p2b: Pelipper|48/100 psn|[from] psn\n|upkeep\n|turn|8\n|inactive|mikelmtz has 30 seconds left.\n|inactive|mikelmtz has 20 seconds left.\n|inactive|mikelmtz has 15 seconds left.\n|inactive|mikelmtz has 10 seconds left.\n|inactive|mikelmtz has 5 seconds left.\n|\n|t:|1776272171\n|move|p1a: Sneasler|Close Combat|p2a: Archaludon\n|-supereffective|p2a: Archaludon|1\n|-damage|p2a: Archaludon|0 fnt\n|-unboost|p1a: Sneasler|def|1\n|-unboost|p1a: Sneasler|spd|1\n|faint|p2a: Archaludon\n|move|p2b: Pelipper|Hurricane|p1a: Sneasler\n|-supereffective|p1a: Sneasler|1\n|-enditem|p1a: Sneasler|Focus Sash\n|-damage|p1a: Sneasler|1/100\n|move|p1b: Orthworm|Heavy Slam|p2b: Pelipper\n|-resisted|p2b: Pelipper|1\n|-crit|p2b: Pelipper\n|-damage|p2b: Pelipper|15/100 psn\n|\n|-weather|Snowscape|[upkeep]\n|-damage|p2b: Pelipper|3/100 psn|[from] psn\n|upkeep\n|turn|9\n|inactive|mikelmtz has 30 seconds left.\n|inactive|mikelmtz has 20 seconds left.\n|inactive|mikelmtz has 15 seconds left.\n|inactive|mikelmtz has 10 seconds left.\n|inactive|mikelmtz has 5 seconds left.\n|\n|t:|1776272226\n|move|p1a: Sneasler|Protect|p1a: Sneasler\n|-singleturn|p1a: Sneasler|Protect\n|move|p2b: Pelipper|Hurricane|p1b: Orthworm|[miss]\n|-miss|p2b: Pelipper|p1b: Orthworm\n|move|p1b: Orthworm|Body Press|p2b: Pelipper\n|-resisted|p2b: Pelipper|1\n|-damage|p2b: Pelipper|0 fnt\n|faint|p2b: Pelipper\n|\n|win|OColaco\n|raw|OColaco's rating: 1092 &rarr; <strong>1121</strong><br />(+29 for winning)\n|raw|mikelmtz's rating: 1128 &rarr; <strong>1100</strong><br />(-28 for losing)\n",
  "uploadtime": 1776272237,
  "views": 26,
  "formatid": "gen9championsvgc2026regma",
  "rating": 1100,
  "private": 0,
  "password": null
}