{
  "id": "gen9championsvgc2026regma-2582781683",
  "format": "[Gen 9 Champions] VGC 2026 Reg M-A",
  "players": [
    "Jah_08",
    "j4ce"
  ],
  "log": "|j|\u2606Jah_08\n|j|\u2606j4ce\n|t:|1776113696\n|gametype|doubles\n|player|p1|Jah_08|alder|1295\n|player|p2|j4ce|265|1337\n|gen|9\n|tier|[Gen 9 Champions] VGC 2026 Reg M-A\n|rated|\n|rule|Species Clause: Limit one of each Pok\u00e9mon\n|rule|Item Clause: Limit 1 of each item\n|clearpoke\n|poke|p1|Excadrill, L50, F|\n|poke|p1|Whimsicott, L50, F|\n|poke|p1|Volcarona, L50, M|\n|poke|p1|Zoroark-Hisui, L50, F|\n|poke|p1|Basculegion, L50, M|\n|poke|p1|Conkeldurr, L50, M|\n|poke|p2|Incineroar, L50, F|\n|poke|p2|Basculegion, L50, M|\n|poke|p2|Meowstic, L50, M|\n|poke|p2|Sneasler, L50, M|\n|poke|p2|Alakazam, L50, M|\n|poke|p2|Hatterene, L50, F|\n|teampreview|4\n|inactive|Battle timer is ON: inactive players will automatically lose when time's up. (requested by j4ce)\n|j| MAXELPOWER\n|l| MAXELPOWER\n|\n|t:|1776113752\n|teamsize|p1|4\n|teamsize|p2|4\n|start\n|switch|p1a: Whimsicott|Whimsicott, L50, F, shiny|100/100\n|switch|p1b: Basculegion|Basculegion, L50, M|100/100\n|switch|p2a: Gatops\u00edquica|Meowstic, L50, M|100/100\n|switch|p2b: Gatocuchara|Alakazam, L50, M|100/100\n|turn|1\n|inactive|Jah_08 has 30 seconds left.\n|\n|t:|1776113782\n|detailschange|p2b: Gatocuchara|Alakazam-Mega, L50, M\n|-mega|p2b: Gatocuchara|Alakazam|Alakazite\n|-ability|p2b: Gatocuchara|Adaptability|Trace|[from] ability: Trace|[of] p1b: Basculegion\n|move|p2a: Gatops\u00edquica|Psychic Terrain|p2a: Gatops\u00edquica\n|-fieldstart|move: Psychic Terrain\n|move|p2b: Gatocuchara|Expanding Force|p1a: Whimsicott|[spread] p1a,p1b\n|-damage|p1a: Whimsicott|0 fnt\n|-damage|p1b: Basculegion|0 fnt\n|replace|p1a: Zoroark|Zoroark-Hisui, L50, F\n|-end|p1a: Zoroark|Illusion\n|faint|p1a: Zoroark\n|faint|p1b: Basculegion\n|\n|upkeep\n|\n|t:|1776113796\n|switch|p1a: Excadrill|Excadrill, L50, F|100/100\n|switch|p1b: Whimsicott|Whimsicott, L50, F, shiny|100/100\n|-ability|p1a: Excadrill|Mold Breaker\n|turn|2\n|\n|t:|1776113810\n|switch|p2b: Gatofuego|Incineroar, L50, F|100/100\n|-ability|p2b: Gatofuego|Intimidate|boost\n|-unboost|p1a: Excadrill|atk|1\n|-unboost|p1b: Whimsicott|atk|1\n|detailschange|p1a: Excadrill|Excadrill-Mega, L50, F\n|-mega|p1a: Excadrill|Excadrill|Excadrite\n|move|p1b: Whimsicott|Tailwind|p1b: Whimsicott\n|-sidestart|p1: Jah_08|move: Tailwind\n|move|p1a: Excadrill|Iron Head|p2b: Gatofuego\n|-resisted|p2b: Gatofuego|1\n|-damage|p2b: Gatofuego|86/100\n|move|p2a: Gatops\u00edquica|Expanding Force|p1b: Whimsicott|[spread] p1a,p1b\n|-resisted|p1a: Excadrill|1\n|-damage|p1a: Excadrill|71/100\n|-damage|p1b: Whimsicott|43/100\n|\n|upkeep\n|turn|3\n|\n|t:|1776113828\n|move|p1b: Whimsicott|Protect|p1b: Whimsicott\n|-singleturn|p1b: Whimsicott|Protect\n|move|p1a: Excadrill|Protect|p1a: Excadrill\n|-singleturn|p1a: Excadrill|Protect\n|move|p2a: Gatops\u00edquica|Expanding Force|p1a: Excadrill|[spread] \n|-activate|p1a: Excadrill|move: Protect\n|-activate|p1b: Whimsicott|move: Protect\n|move|p2b: Gatofuego|Flare Blitz|p1a: Excadrill\n|-activate|p1a: Excadrill|move: Protect\n|\n|upkeep\n|turn|4\n|inactive|Jah_08 has 30 seconds left.\n|\n|t:|1776113858\n|move|p1a: Excadrill|High Horsepower|p2b: Gatofuego\n|-supereffective|p2b: Gatofuego|1\n|-crit|p2b: Gatofuego\n|-damage|p2b: Gatofuego|0 fnt\n|faint|p2b: Gatofuego\n|move|p1b: Whimsicott|Moonblast|p2a: Gatops\u00edquica\n|-damage|p2a: Gatops\u00edquica|50/100\n|move|p2a: Gatops\u00edquica|Expanding Force|p1a: Excadrill|[spread] p1a,p1b\n|-resisted|p1a: Excadrill|1\n|-damage|p1a: Excadrill|39/100\n|-damage|p1b: Whimsicott|0 fnt\n|faint|p1b: Whimsicott\n|\n|upkeep\n|\n|t:|1776113871\n|switch|p2b: Gatocuchara|Alakazam-Mega, L50, M|100/100\n|-ability|p2b: Gatocuchara|Piercing Drill|Trace|[from] ability: Trace|[of] p1a: Excadrill\n|turn|5\n|\n|t:|1776113878\n|move|p2a: Gatops\u00edquica|Protect|p2a: Gatops\u00edquica\n|-singleturn|p2a: Gatops\u00edquica|Protect\n|move|p2b: Gatocuchara|Protect|p2b: Gatocuchara\n|-singleturn|p2b: Gatocuchara|Protect\n|move|p1a: Excadrill|High Horsepower|p2b: Gatocuchara\n|-ability|p1a: Excadrill|Piercing Drill\n|-zbroken|p2b: Gatocuchara\n|-damage|p2b: Gatocuchara|82/100\n|\n|-sideend|p1: Jah_08|move: Tailwind\n|-fieldend|move: Psychic Terrain\n|upkeep\n|turn|6\n|\n|t:|1776113892\n|move|p2a: Gatops\u00edquica|Psychic Terrain|p2a: Gatops\u00edquica\n|-fieldstart|move: Psychic Terrain\n|move|p2b: Gatocuchara|Expanding Force|p1a: Excadrill\n|-resisted|p1a: Excadrill|1\n|-damage|p1a: Excadrill|0 fnt\n|faint|p1a: Excadrill\n|\n|win|j4ce\n|raw|Jah_08's rating: 1295 &rarr; <strong>1273</strong><br />(-22 for losing)\n|raw|j4ce's rating: 1337 &rarr; <strong>1355</strong><br />(+18 for winning)\n|l|\u2606j4ce\n|player|p2|\n",
  "uploadtime": 1776113900,
  "views": 31,
  "formatid": "gen9championsvgc2026regma",
  "rating": 1273,
  "private": 0,
  "password": null
}