{
  "id": "gen9championsvgc2026regma-2588653536",
  "format": "[Gen 9 Champions] VGC 2026 Reg M-A",
  "players": [
    "Dr. Papus",
    "Charizard=trash"
  ],
  "log": "|j|\u2606Dr. Papus\n|j|\u2606Charizard=trash\n|t:|1776654149\n|gametype|doubles\n|player|p1|Dr. Papus|morty|1406\n|player|p2|Charizard=trash|carmine-festival|1437\n|gen|9\n|tier|[Gen 9 Champions] VGC 2026 Reg M-A\n|rated|\n|rule|Species Clause: Limit one of each Pok\u00e9mon\n|rule|Item Clause: Limit 1 of each item\n|clearpoke\n|poke|p1|Gardevoir, L50, M|\n|poke|p1|Talonflame, L50, M|\n|poke|p1|Garchomp, L50, M, shiny|\n|poke|p1|Rotom-Wash, L50|\n|poke|p1|Aegislash, L50, F|\n|poke|p1|Kingambit, L50, F|\n|poke|p2|Froslass, L50, F|\n|poke|p2|Sneasler, L50, F|\n|poke|p2|Mamoswine, L50, M|\n|poke|p2|Basculegion, L50, M|\n|poke|p2|Aerodactyl, L50, M|\n|poke|p2|Rotom-Wash, L50|\n|teampreview|4\n|inactive|Battle timer is ON: inactive players will automatically lose when time's up. (requested by Dr. Papus)\n|j| alonso-m5\n|inactive|Charizard=trash has 60 seconds left.\n|l| alonso-m5\n|inactive|Charizard=trash has 30 seconds left.\n|inactive|Charizard=trash has 20 seconds left.\n|\n|t:|1776654224\n|teamsize|p1|4\n|teamsize|p2|4\n|start\n|switch|p1a: Talonflame|Talonflame, L50, M|100/100\n|switch|p1b: Gardevoir|Gardevoir, L50, M|100/100\n|switch|p2a: Rotom|Rotom-Wash, L50|100/100\n|switch|p2b: Sneasler|Sneasler, L50, F|100/100\n|turn|1\n|\n|t:|1776654247\n|move|p1a: Talonflame|Protect|p1a: Talonflame\n|-singleturn|p1a: Talonflame|Protect\n|move|p1b: Gardevoir|Protect|p1b: Gardevoir\n|-singleturn|p1b: Gardevoir|Protect\n|move|p2b: Sneasler|Dire Claw|p1b: Gardevoir\n|-activate|p1b: Gardevoir|move: Protect\n|move|p2a: Rotom|Electroweb|p1b: Gardevoir|[spread] \n|-activate|p1a: Talonflame|move: Protect\n|-activate|p1b: Gardevoir|move: Protect\n|\n|upkeep\n|turn|2\n|inactive|Charizard=trash has 30 seconds left.\n|\n|t:|1776654277\n|switch|p2b: Mamoswine|Mamoswine, L50, M|100/100\n|detailschange|p1b: Gardevoir|Gardevoir-Mega, L50, M\n|-mega|p1b: Gardevoir|Gardevoir|Gardevoirite\n|move|p1a: Talonflame|Tailwind|p1a: Talonflame\n|-sidestart|p1: Dr. Papus|move: Tailwind\n|move|p1b: Gardevoir|Psychic|p2b: Mamoswine\n|-damage|p2b: Mamoswine|51/100\n|move|p2a: Rotom|Electroweb|p1b: Gardevoir|[spread] p1b\n|-miss|p2a: Rotom|p1a: Talonflame\n|-damage|p1b: Gardevoir|90/100\n|-unboost|p1b: Gardevoir|spe|1\n|\n|upkeep\n|turn|3\n|\n|t:|1776654302\n|move|p1a: Talonflame|Overheat|p2b: Mamoswine\n|-supereffective|p2b: Mamoswine|1\n|-damage|p2b: Mamoswine|23/100\n|-unboost|p1a: Talonflame|spa|2\n|-enditem|p2b: Mamoswine|Sitrus Berry|[eat]\n|-heal|p2b: Mamoswine|48/100|[from] item: Sitrus Berry\n|move|p1b: Gardevoir|Hyper Voice|p2b: Mamoswine|[spread] p2a,p2b\n|-damage|p2a: Rotom|41/100\n|-damage|p2b: Mamoswine|0 fnt\n|faint|p2b: Mamoswine\n|move|p2a: Rotom|Electroweb|p1a: Talonflame|[spread] p1a,p1b\n|-supereffective|p1a: Talonflame|1\n|-damage|p1a: Talonflame|52/100\n|-damage|p1b: Gardevoir|78/100\n|-unboost|p1a: Talonflame|spe|1\n|-unboost|p1b: Gardevoir|spe|1\n|\n|-heal|p2a: Rotom|47/100|[from] item: Leftovers\n|upkeep\n|\n|t:|1776654319\n|switch|p2b: Sneasler|Sneasler, L50, F|100/100\n|turn|4\n|inactive|Charizard=trash has 30 seconds left.\n|\n|t:|1776654347\n|switch|p1b: Aegislash|Aegislash, L50, F|100/100\n|move|p1a: Talonflame|Dual Wingbeat|p2b: Sneasler\n|-supereffective|p2b: Sneasler|1\n|-damage|p2b: Sneasler|50/100\n|-supereffective|p2b: Sneasler|1\n|-damage|p2b: Sneasler|0 fnt\n|faint|p2b: Sneasler\n|-hitcount|p2: Sneasler|2\n|move|p2a: Rotom|Volt Switch|p1a: Talonflame\n|-supereffective|p1a: Talonflame|1\n|-damage|p1a: Talonflame|0 fnt\n|faint|p1a: Talonflame\n|\n|t:|1776654353\n|switch|p2a: Basculegion|Basculegion, L50, M|100/100|[from] Volt Switch\n|\n|upkeep\n|\n|t:|1776654359\n|switch|p2b: Rotom|Rotom-Wash, L50|47/100\n|switch|p1a: Kingambit|Kingambit, L50, F|100/100\n|turn|5\n|\n|t:|1776654369\n|move|p1a: Kingambit|Sucker Punch|p2a: Basculegion\n|-supereffective|p2a: Basculegion|1\n|-damage|p2a: Basculegion|0 fnt\n|faint|p2a: Basculegion\n|-formechange|p1b: Aegislash|Aegislash-Blade|\n|move|p1b: Aegislash|Poltergeist|p2b: Rotom\n|-activate|p2b: Rotom|move: Poltergeist|Leftovers\n|-damage|p2b: Rotom|0 fnt\n|faint|p2b: Rotom\n|\n|win|Dr. Papus\n|raw|Dr. Papus's rating: 1406 &rarr; <strong>1428</strong><br />(+22 for winning)\n|raw|Charizard=trash's rating: 1437 &rarr; <strong>1415</strong><br />(-22 for losing)\n|l|\u2606Charizard=trash\n|player|p2|\n|l|\u2606Dr. Papus\n|player|p1|\n",
  "uploadtime": 1776654399,
  "views": 11,
  "formatid": "gen9championsvgc2026regma",
  "rating": 1415,
  "private": 0,
  "password": null
}