{
  "id": "gen9championsvgc2026regma-2582006870",
  "format": "[Gen 9 Champions] VGC 2026 Reg M-A",
  "players": [
    "Sork",
    "injuryreserv3"
  ],
  "log": "|j|\u2606Sork\n|j|\u2606injuryreserv3\n|t:|1776047734\n|gametype|doubles\n|player|p1|Sork|1|1296\n|player|p2|injuryreserv3|sabrina|1254\n|gen|9\n|tier|[Gen 9 Champions] VGC 2026 Reg M-A\n|rated|\n|rule|Species Clause: Limit one of each Pok\u00e9mon\n|rule|Item Clause: Limit 1 of each item\n|clearpoke\n|poke|p1|Tyranitar, L50, M|\n|poke|p1|Excadrill, L50, M|\n|poke|p1|Sinistcha, L50|\n|poke|p1|Gyarados, L50, M|\n|poke|p1|Aegislash, L50, F|\n|poke|p1|Volcarona, L50, F|\n|poke|p2|Sneasler, L50, M|\n|poke|p2|Basculegion, L50, M|\n|poke|p2|Charizard, L50, M|\n|poke|p2|Floette-Eternal, L50, F|\n|poke|p2|Incineroar, L50, F|\n|poke|p2|Venusaur, L50, M|\n|teampreview|4\n|inactive|Battle timer is ON: inactive players will automatically lose when time's up. (requested by injuryreserv3)\n|inactive|Sork has 60 seconds left.\n|\n|t:|1776047817\n|teamsize|p1|4\n|teamsize|p2|4\n|start\n|switch|p1a: Gyarados|Gyarados, L50, M|100/100\n|switch|p1b: Volcarona|Volcarona, L50, F|100/100\n|switch|p2a: Charizard|Charizard, L50, M|100/100\n|switch|p2b: Incineroar|Incineroar, L50, F|100/100\n|-ability|p1a: Gyarados|Intimidate|boost\n|-unboost|p2a: Charizard|atk|1\n|-unboost|p2b: Incineroar|atk|1\n|-ability|p2b: Incineroar|Intimidate|boost\n|-unboost|p1a: Gyarados|atk|1\n|-unboost|p1b: Volcarona|atk|1\n|turn|1\n|\n|t:|1776047836\n|detailschange|p2a: Charizard|Charizard-Mega-Y, L50, M\n|-mega|p2a: Charizard|Charizard|Charizardite Y\n|-weather|SunnyDay|[from] ability: Drought|[of] p2a: Charizard\n|move|p1a: Gyarados|Protect|p1a: Gyarados\n|-singleturn|p1a: Gyarados|Protect\n|move|p2b: Incineroar|Fake Out|p1a: Gyarados\n|-activate|p1a: Gyarados|move: Protect\n|move|p2a: Charizard|Ancient Power|p1b: Volcarona\n|-supereffective|p1b: Volcarona|2\n|-crit|p1b: Volcarona\n|-enditem|p1b: Volcarona|Charti Berry|[eat]\n|-enditem|p1b: Volcarona|Charti Berry|[weaken]\n|-damage|p1b: Volcarona|32/100\n|move|p1b: Volcarona|Struggle Bug|p2a: Charizard|[spread] p2a,p2b\n|-resisted|p2a: Charizard|2\n|-damage|p2a: Charizard|96/100\n|-damage|p2b: Incineroar|88/100\n|-unboost|p2a: Charizard|spa|1\n|-unboost|p2b: Incineroar|spa|1\n|\n|-weather|SunnyDay|[upkeep]\n|-heal|p2b: Incineroar|94/100|[from] item: Leftovers\n|upkeep\n|turn|2\n|\n|t:|1776047861\n|switch|p1b: Tyranitar|Tyranitar, L50, M|100/100\n|-weather|Sandstorm|[from] ability: Sand Stream|[of] p1b: Tyranitar\n|move|p2a: Charizard|Heat Wave|p1a: Gyarados|[spread] p1a,p1b\n|-resisted|p1a: Gyarados|1\n|-resisted|p1b: Tyranitar|1\n|-damage|p1a: Gyarados|89/100\n|-damage|p1b: Tyranitar|93/100\n|move|p1a: Gyarados|Waterfall|p2a: Charizard\n|-supereffective|p2a: Charizard|1\n|-damage|p2a: Charizard|13/100\n|move|p2b: Incineroar|Parting Shot|p1a: Gyarados\n|-unboost|p1a: Gyarados|atk|1\n|-unboost|p1a: Gyarados|spa|1\n|\n|t:|1776047874\n|switch|p2b: Basculegion|Basculegion, L50, M|100/100|[from] Parting Shot\n|\n|-weather|Sandstorm|[upkeep]\n|-damage|p2b: Basculegion|94/100|[from] Sandstorm\n|-damage|p2a: Charizard|8/100|[from] Sandstorm\n|-damage|p1a: Gyarados|83/100|[from] Sandstorm\n|-heal|p1a: Gyarados|89/100|[from] item: Leftovers\n|upkeep\n|turn|3\n|\n|t:|1776047898\n|switch|p2a: Incineroar|Incineroar, L50, F|94/100\n|-ability|p2a: Incineroar|Intimidate|boost\n|-unboost|p1a: Gyarados|atk|1\n|-unboost|p1b: Tyranitar|atk|1\n|move|p1b: Tyranitar|Protect|p1b: Tyranitar\n|-singleturn|p1b: Tyranitar|Protect\n|move|p2b: Basculegion|Wave Crash|p1b: Tyranitar\n|-activate|p1b: Tyranitar|move: Protect\n|move|p1a: Gyarados|Waterfall|p2a: Incineroar\n|-supereffective|p2a: Incineroar|1\n|-damage|p2a: Incineroar|66/100\n|\n|-weather|Sandstorm|[upkeep]\n|-damage|p2b: Basculegion|88/100|[from] Sandstorm\n|-damage|p1a: Gyarados|83/100|[from] Sandstorm\n|-damage|p2a: Incineroar|60/100|[from] Sandstorm\n|-heal|p1a: Gyarados|89/100|[from] item: Leftovers\n|-heal|p2a: Incineroar|66/100|[from] item: Leftovers\n|upkeep\n|turn|4\n|\n|t:|1776047922\n|switch|p1b: Volcarona|Volcarona, L50, F|32/100\n|move|p2b: Basculegion|Wave Crash|p1b: Volcarona\n|-supereffective|p1b: Volcarona|1\n|-damage|p1b: Volcarona|0 fnt\n|faint|p1b: Volcarona\n|-damage|p2b: Basculegion|79/100|[from] Recoil\n|move|p1a: Gyarados|Waterfall|p2a: Incineroar\n|-supereffective|p2a: Incineroar|1\n|-damage|p2a: Incineroar|39/100\n|move|p2a: Incineroar|Flare Blitz|p1a: Gyarados\n|-resisted|p1a: Gyarados|1\n|-crit|p1a: Gyarados\n|-damage|p1a: Gyarados|53/100\n|-damage|p2a: Incineroar|27/100|[from] Recoil\n|\n|-weather|Sandstorm|[upkeep]\n|-damage|p2b: Basculegion|73/100|[from] Sandstorm\n|-damage|p1a: Gyarados|47/100|[from] Sandstorm\n|-damage|p2a: Incineroar|21/100|[from] Sandstorm\n|-heal|p1a: Gyarados|53/100|[from] item: Leftovers\n|-heal|p2a: Incineroar|27/100|[from] item: Leftovers\n|upkeep\n|\n|t:|1776047932\n|switch|p1b: Excadrill|Excadrill, L50, M|100/100\n|turn|5\n|\n|t:|1776047957\n|switch|p2a: Charizard|Charizard-Mega-Y, L50, M|8/100\n|-weather|SunnyDay|[from] ability: Drought|[of] p2a: Charizard\n|move|p1b: Excadrill|Protect|p1b: Excadrill\n|-singleturn|p1b: Excadrill|Protect\n|move|p2b: Basculegion|Wave Crash|p1b: Excadrill\n|-activate|p1b: Excadrill|move: Protect\n|move|p1a: Gyarados|Waterfall|p2a: Charizard\n|-supereffective|p2a: Charizard|1\n|-damage|p2a: Charizard|0 fnt\n|faint|p2a: Charizard\n|\n|-weather|SunnyDay|[upkeep]\n|-heal|p1a: Gyarados|59/100|[from] item: Leftovers\n|upkeep\n|\n|t:|1776047969\n|switch|p2a: Incineroar|Incineroar, L50, F|27/100\n|-ability|p2a: Incineroar|Intimidate|boost\n|-unboost|p1a: Gyarados|atk|1\n|-unboost|p1b: Excadrill|atk|1\n|turn|6\n|\n|t:|1776047990\n|switch|p1b: Tyranitar|Tyranitar, L50, M|93/100\n|-weather|Sandstorm|[from] ability: Sand Stream|[of] p1b: Tyranitar\n|move|p2b: Basculegion|Wave Crash|p1b: Tyranitar\n|-supereffective|p1b: Tyranitar|1\n|-damage|p1b: Tyranitar|0 fnt\n|faint|p1b: Tyranitar\n|-damage|p2b: Basculegion|40/100|[from] Recoil\n|move|p1a: Gyarados|Waterfall|p2a: Incineroar\n|-supereffective|p2a: Incineroar|1\n|-damage|p2a: Incineroar|2/100\n|move|p2a: Incineroar|Flare Blitz|p1a: Gyarados\n|-resisted|p1a: Gyarados|1\n|-damage|p1a: Gyarados|36/100\n|-damage|p2a: Incineroar|0 fnt|[from] Recoil\n|faint|p2a: Incineroar\n|\n|-weather|Sandstorm|[upkeep]\n|-damage|p2b: Basculegion|34/100|[from] Sandstorm\n|-damage|p1a: Gyarados|30/100|[from] Sandstorm\n|-heal|p1a: Gyarados|36/100|[from] item: Leftovers\n|upkeep\n|\n|t:|1776048005\n|switch|p1b: Excadrill|Excadrill, L50, M|100/100\n|switch|p2a: Venusaur|Venusaur, L50, M|100/100\n|turn|7\n|\n|t:|1776048024\n|move|p1a: Gyarados|Helping Hand|p1b: Excadrill\n|-singleturn|p1b: Excadrill|Helping Hand|[of] p1a: Gyarados\n|move|p1b: Excadrill|High Horsepower|p2a: Venusaur\n|-enditem|p2a: Venusaur|Focus Sash\n|-damage|p2a: Venusaur|1/100\n|move|p2b: Basculegion|Wave Crash|p1a: Gyarados\n|-resisted|p1a: Gyarados|1\n|-damage|p1a: Gyarados|0 fnt\n|faint|p1a: Gyarados\n|-damage|p2b: Basculegion|23/100|[from] Recoil\n|move|p2a: Venusaur|Sleep Powder|p1b: Excadrill\n|-status|p1b: Excadrill|slp|[from] move: Sleep Powder\n|\n|-weather|Sandstorm|[upkeep]\n|-damage|p2b: Basculegion|16/100|[from] Sandstorm\n|-damage|p2a: Venusaur|0 fnt|[from] Sandstorm\n|faint|p2a: Venusaur\n|upkeep\n|turn|8\n|\n|t:|1776048039\n|cant|p1b: Excadrill|slp\n|move|p2b: Basculegion|Wave Crash|p1b: Excadrill\n|-supereffective|p1b: Excadrill|1\n|-enditem|p1b: Excadrill|Focus Sash\n|-damage|p1b: Excadrill|1/100 slp\n|-damage|p2b: Basculegion|0 fnt|[from] Recoil\n|faint|p2b: Basculegion\n|\n|win|Sork\n|raw|Sork's rating: 1296 &rarr; <strong>1318</strong><br />(+22 for winning)\n|raw|injuryreserv3's rating: 1254 &rarr; <strong>1232</strong><br />(-22 for losing)\n|l|\u2606Sork\n|player|p1|\n",
  "uploadtime": 1776048053,
  "views": 41,
  "formatid": "gen9championsvgc2026regma",
  "rating": 1232,
  "private": 0,
  "password": null
}