{
  "id": "gen9championsvgc2026regma-2584360745",
  "format": "[Gen 9 Champions] VGC 2026 Reg M-A",
  "players": [
    "thefakephrog",
    "My name is c00lkid"
  ],
  "log": "|j|\u2606thefakephrog\n|j|\u2606My name is c00lkid\n|t:|1776254828\n|gametype|doubles\n|player|p1|thefakephrog|2|1000\n|player|p2|My name is c00lkid|iris-gen5bw2|1000\n|gen|9\n|tier|[Gen 9 Champions] VGC 2026 Reg M-A\n|rated|\n|rule|Species Clause: Limit one of each Pok\u00e9mon\n|rule|Item Clause: Limit 1 of each item\n|clearpoke\n|poke|p1|Gardevoir, L50, F|\n|poke|p1|Scizor, L50, F|\n|poke|p1|Whimsicott, L50, M|\n|poke|p1|Basculegion, L50, M|\n|poke|p1|Jolteon, L50, M|\n|poke|p1|Garchomp, L50, F|\n|poke|p2|Dragonite, L50, M|\n|poke|p2|Froslass, L50, F|\n|poke|p2|Meganium, L50, F|\n|poke|p2|Floette-Eternal, L50, F|\n|poke|p2|Hawlucha, L50, F|\n|poke|p2|Vanilluxe, L50, M|\n|teampreview|4\n|inactive|Battle timer is ON: inactive players will automatically lose when time's up. (requested by My name is c00lkid)\n|\n|t:|1776254854\n|teamsize|p1|4\n|teamsize|p2|4\n|start\n|switch|p1a: Whimsicott|Whimsicott, L50, M|100/100\n|switch|p1b: chudteon|Jolteon, L50, M|100/100\n|switch|p2a: Yuki-Onna|Froslass, L50, F|100/100\n|switch|p2b: AZ's Gift|Floette-Eternal, L50, F|100/100\n|turn|1\n|\n|t:|1776254878\n|detailschange|p2a: Yuki-Onna|Froslass-Mega, L50, F\n|-mega|p2a: Yuki-Onna|Froslass|Froslassite\n|-weather|Snowscape|[from] ability: Snow Warning|[of] p2a: Yuki-Onna\n|move|p1a: Whimsicott|Tailwind|p1a: Whimsicott\n|-sidestart|p1: thefakephrog|move: Tailwind\n|move|p1b: chudteon|Calm Mind|p1b: chudteon\n|-boost|p1b: chudteon|spa|1\n|-boost|p1b: chudteon|spd|1\n|move|p2a: Yuki-Onna|Aurora Veil|p2a: Yuki-Onna\n|-sidestart|p2: My name is c00lkid|move: Aurora Veil\n|move|p2b: AZ's Gift|Dazzling Gleam|p1b: chudteon|[spread] p1a,p1b\n|-damage|p1a: Whimsicott|66/100\n|-damage|p1b: chudteon|74/100\n|\n|-weather|Snowscape|[upkeep]\n|upkeep\n|turn|2\n|\n|t:|1776254901\n|move|p1a: Whimsicott|Encore|p2a: Yuki-Onna\n|-start|p2a: Yuki-Onna|Encore\n|move|p1b: chudteon|Baton Pass|p1b: chudteon\n|\n|t:|1776254905\n|switch|p1b: Gardevoir|Gardevoir, L50, F, shiny|100/100|[from] Baton Pass\n|move|p2a: Yuki-Onna|Aurora Veil||[still]\n|-fail|p2a: Yuki-Onna\n|move|p2b: AZ's Gift|Psychic|p1a: Whimsicott\n|-damage|p1a: Whimsicott|32/100\n|\n|-weather|Snowscape|[upkeep]\n|upkeep\n|turn|3\n|inactive|thefakephrog has 30 seconds left.\n|\n|t:|1776254931\n|switch|p1a: chudteon|Jolteon, L50, M|74/100\n|switch|p2a: Sun Bloomed|Meganium, L50, F|100/100\n|move|p1b: Gardevoir|Shadow Ball|p2a: Sun Bloomed\n|-damage|p2a: Sun Bloomed|75/100\n|move|p2b: AZ's Gift|Dazzling Gleam|p1a: chudteon|[spread] p1a,p1b\n|-damage|p1a: chudteon|32/100\n|-damage|p1b: Gardevoir|80/100\n|\n|-weather|Snowscape|[upkeep]\n|upkeep\n|turn|4\n|-activate|p1a: chudteon|item: Quick Claw\n|\n|t:|1776254953\n|detailschange|p1b: Gardevoir|Gardevoir-Mega, L50, F, shiny\n|-mega|p1b: Gardevoir|Gardevoir|Gardevoirite\n|move|p1b: Gardevoir|Protect|p1b: Gardevoir\n|-singleturn|p1b: Gardevoir|Protect\n|move|p1a: chudteon|Wish|p1a: chudteon\n|move|p2b: AZ's Gift|Moonblast|p1a: chudteon\n|-damage|p1a: chudteon|0 fnt\n|faint|p1a: chudteon\n|move|p2a: Sun Bloomed|Weather Ball|p1b: Gardevoir\n|-activate|p1b: Gardevoir|move: Protect\n|\n|-weather|Snowscape|[upkeep]\n|-sideend|p1: thefakephrog|move: Tailwind\n|upkeep\n|\n|t:|1776254968\n|switch|p1a: Whimsicott|Whimsicott, L50, M|32/100\n|turn|5\n|\n|t:|1776254980\n|move|p1a: Whimsicott|Tailwind|p1a: Whimsicott\n|-sidestart|p1: thefakephrog|move: Tailwind\n|move|p1b: Gardevoir|Hyper Voice|p2a: Sun Bloomed|[spread] p2a,p2b\n|-damage|p2a: Sun Bloomed|27/100\n|-damage|p2b: AZ's Gift|53/100\n|move|p2b: AZ's Gift|Psychic|p1a: Whimsicott\n|-damage|p1a: Whimsicott|0 fnt\n|faint|p1a: Whimsicott\n|move|p2a: Sun Bloomed|Weather Ball|p1b: Gardevoir\n|-damage|p1b: Gardevoir|62/100\n|\n|-weather|none\n|-sideend|p2: My name is c00lkid|move: Aurora Veil\n|upkeep\n|\n|t:|1776254994\n|switch|p1a: purple guy|Basculegion, L50, M, shiny|100/100\n|turn|6\n|\n|t:|1776255005\n|move|p1a: purple guy|Last Respects|p2b: AZ's Gift\n|-damage|p2b: AZ's Gift|0 fnt\n|faint|p2b: AZ's Gift\n|move|p1b: Gardevoir|Hyper Voice|p2a: Sun Bloomed\n|-damage|p2a: Sun Bloomed|0 fnt\n|faint|p2a: Sun Bloomed\n|\n|upkeep\n|\n|t:|1776255014\n|switch|p2b: Yuki-Onna|Froslass-Mega, L50, F|100/100\n|switch|p2a: Areovix|Dragonite, L50, M|100/100\n|-weather|Snowscape|[from] ability: Snow Warning|[of] p2b: Yuki-Onna\n|turn|7\n|\n|t:|1776255027\n|move|p2a: Areovix|Extreme Speed|p1a: purple guy\n|-immune|p1a: purple guy\n|move|p1a: purple guy|Last Respects|p2b: Yuki-Onna\n|-supereffective|p2b: Yuki-Onna|1\n|-damage|p2b: Yuki-Onna|0 fnt\n|faint|p2b: Yuki-Onna\n|move|p1b: Gardevoir|Hyper Voice|p2a: Areovix\n|-supereffective|p2a: Areovix|1\n|-damage|p2a: Areovix|0 fnt\n|faint|p2a: Areovix\n|\n|win|thefakephrog\n|raw|thefakephrog's rating: 1000 &rarr; <strong>1040</strong><br />(+40 for winning)\n|raw|My name is c00lkid's rating: 1000 &rarr; <strong>1000</strong><br />(+0 for losing)\n|l|\u2606My name is c00lkid\n|player|p2|\n",
  "uploadtime": 1776255042,
  "views": 35,
  "formatid": "gen9championsvgc2026regma",
  "rating": 1000,
  "private": 0,
  "password": null
}