{
  "id": "gen9championsvgc2026regma-2588606705",
  "format": "[Gen 9 Champions] VGC 2026 Reg M-A",
  "players": [
    "TheVGChef",
    "Ryderrrrr"
  ],
  "log": "|j|\u2606TheVGChef\n|j|\u2606Ryderrrrr\n|t:|1776649519\n|gametype|doubles\n|player|p1|TheVGChef|265|1554\n|player|p2|Ryderrrrr|wallace|1509\n|gen|9\n|tier|[Gen 9 Champions] VGC 2026 Reg M-A\n|rated|\n|rule|Species Clause: Limit one of each Pok\u00e9mon\n|rule|Item Clause: Limit 1 of each item\n|clearpoke\n|poke|p1|Venusaur, L50, M|\n|poke|p1|Pelipper, L50, F|\n|poke|p1|Archaludon, L50, M|\n|poke|p1|Basculegion, L50, M|\n|poke|p1|Incineroar, L50, M|\n|poke|p1|Ninetales-Alola, L50, M|\n|poke|p2|Floette-Eternal, L50, F|\n|poke|p2|Garchomp, L50, M|\n|poke|p2|Talonflame, L50, F|\n|poke|p2|Incineroar, L50, F|\n|poke|p2|Sinistcha, L50|\n|poke|p2|Kingambit, L50, M|\n|teampreview|4\n|inactive|Battle timer is ON: inactive players will automatically lose when time's up. (requested by Ryderrrrr)\n|j| Samuelvo\n|inactive|TheVGChef has 60 seconds left.\n|inactive|Ryderrrrr has 60 seconds left.\n|j| ReZeroGrav1ty\n|\n|t:|1776649566\n|teamsize|p1|4\n|teamsize|p2|4\n|start\n|switch|p1a: Venusaur|Venusaur, L50, M|100/100\n|switch|p1b: Archaludon|Archaludon, L50, M|100/100\n|switch|p2a: Incineroar|Incineroar, L50, F|100/100\n|switch|p2b: Floette|Floette-Eternal, L50, F|100/100\n|-ability|p2a: Incineroar|Intimidate|boost\n|-unboost|p1a: Venusaur|atk|1\n|-unboost|p1b: Archaludon|atk|1\n|turn|1\n|l| ReZeroGrav1ty\n|\n|t:|1776649576\n|detailschange|p2b: Floette|Floette-Mega, L50, F\n|-mega|p2b: Floette|Floette|Floettite\n|-ability|p2b: Floette|Fairy Aura\n|detailschange|p1a: Venusaur|Venusaur-Mega, L50, M\n|-mega|p1a: Venusaur|Venusaur|Venusaurite\n|move|p1b: Archaludon|Protect|p1b: Archaludon\n|-singleturn|p1b: Archaludon|Protect\n|move|p1a: Venusaur|Protect|p1a: Venusaur\n|-singleturn|p1a: Venusaur|Protect\n|move|p2a: Incineroar|Fake Out|p1a: Venusaur\n|-activate|p1a: Venusaur|move: Protect\n|move|p2b: Floette|Calm Mind|p2b: Floette\n|-boost|p2b: Floette|spa|1\n|-boost|p2b: Floette|spd|1\n|\n|upkeep\n|turn|2\n|l| Samuelvo\n|\n|t:|1776649596\n|move|p2b: Floette|Moonblast|p1a: Venusaur\n|-resisted|p1a: Venusaur|1\n|-damage|p1a: Venusaur|62/100\n|move|p2a: Incineroar|Flare Blitz|p1a: Venusaur\n|-supereffective|p1a: Venusaur|1\n|-damage|p1a: Venusaur|23/100\n|-damage|p2a: Incineroar|89/100|[from] Recoil\n|move|p1b: Archaludon|Dragon Pulse|p2a: Incineroar\n|-damage|p2a: Incineroar|47/100\n|move|p1a: Venusaur|Sludge Bomb|p2a: Incineroar\n|-damage|p2a: Incineroar|7/100\n|\n|upkeep\n|turn|3\n|\n|t:|1776649612\n|switch|p2a: Sinistcha|Sinistcha, L50|100/100\n|move|p2b: Floette|Dazzling Gleam|p1a: Venusaur|[spread] p1a,p1b\n|-resisted|p1a: Venusaur|1\n|-damage|p1a: Venusaur|0 fnt\n|-damage|p1b: Archaludon|21/100\n|-ability|p1b: Archaludon|Stamina|boost\n|-boost|p1b: Archaludon|def|1\n|faint|p1a: Venusaur\n|move|p1b: Archaludon|Flash Cannon|p2b: Floette\n|-supereffective|p2b: Floette|1\n|-damage|p2b: Floette|58/100\n|\n|-heal|p1b: Archaludon|27/100|[from] item: Leftovers\n|upkeep\n|\n|t:|1776649619\n|switch|p1a: Basculegion|Basculegion, L50, M|100/100\n|turn|4\n|\n|t:|1776649629\n|move|p2a: Sinistcha|Rage Powder|p2a: Sinistcha\n|-singleturn|p2a: Sinistcha|move: Rage Powder\n|move|p1a: Basculegion|Last Respects|p2a: Sinistcha\n|-supereffective|p2a: Sinistcha|1\n|-enditem|p2a: Sinistcha|Kasib Berry|[eat]\n|-enditem|p2a: Sinistcha|Kasib Berry|[weaken]\n|-damage|p2a: Sinistcha|47/100\n|move|p2b: Floette|Dazzling Gleam|p1a: Basculegion|[spread] p1a,p1b\n|-crit|p1a: Basculegion\n|-damage|p1a: Basculegion|0 fnt\n|-damage|p1b: Archaludon|0 fnt\n|faint|p1a: Basculegion\n|faint|p1b: Archaludon\n|\n|upkeep\n|\n|t:|1776649633\n|switch|p1b: Pelipper|Pelipper, L50, F|100/100\n|-weather|RainDance|[from] ability: Drizzle|[of] p1b: Pelipper\n|turn|5\n|-message|TheVGChef forfeited.\n|\n|win|Ryderrrrr\n|raw|TheVGChef's rating: 1554 &rarr; <strong>1531</strong><br />(-23 for losing)\n|raw|Ryderrrrr's rating: 1509 &rarr; <strong>1532</strong><br />(+23 for winning)\n|l|\u2606TheVGChef\n|player|p1|\n|l|\u2606Ryderrrrr\n|player|p2|\n",
  "uploadtime": 1776649665,
  "views": 11,
  "formatid": "gen9championsvgc2026regma",
  "rating": 1531,
  "private": 0,
  "password": null
}