{
  "id": "gen9championsvgc2026regma-2582113299",
  "format": "[Gen 9 Champions] VGC 2026 Reg M-A",
  "players": [
    "TheTired",
    "lolgz"
  ],
  "log": "|j|\u2606TheTired\n|j|\u2606lolgz\n|t:|1776059582\n|gametype|doubles\n|player|p1|TheTired|caitlin|\n|player|p2|lolgz|266|\n|gen|9\n|tier|[Gen 9 Champions] VGC 2026 Reg M-A\n|rated|Tournament battle\n|rule|Species Clause: Limit one of each Pok\u00e9mon\n|rule|Item Clause: Limit 1 of each item\n|raw|<div class=\"infobox\"><details class=\"readmore\" open><summary><strong>1 custom rule:</strong></summary> Force Open Team Sheets</details></div>\n|clearpoke\n|poke|p1|Camerupt, L50, F|\n|poke|p1|Sinistcha, L50|\n|poke|p1|Oranguru, L50, F|\n|poke|p1|Farigiraf, L50, F|\n|poke|p1|Garganacl, L50, F|\n|poke|p1|Kingambit, L50, F|\n|poke|p2|Charizard, L50, M|\n|poke|p2|Aerodactyl, L50, F|\n|poke|p2|Basculegion, L50, M|\n|poke|p2|Farigiraf, L50, M|\n|poke|p2|Sneasler, L50, M|\n|poke|p2|Floette-Eternal, L50, F|\n|teampreview|4\n|showteam|p1|Camerupt||Cameruptite|MagmaArmor|EarthPower,Eruption,HeatWave,Protect|||F|||50|]Sinistcha||FocusSash|Hospitality|MatchaGotcha,LifeDew,TrickRoom,RagePowder||||||50|]Oranguru||MentalHerb|InnerFocus|TrickRoom,Instruct,SunnyDay,Protect|||F|||50|]Farigiraf||SitrusBerry|ArmorTail|TrickRoom,Imprison,Thunderbolt,HelpingHand|||F|||50|]Garganacl||Leftovers|PurifyingSalt|WideGuard,RockSlide,IcePunch,Recover|||F|||50|]Kingambit||BlackGlasses|Defiant|SuckerPunch,KowtowCleave,IronHead,Protect|||F|||50|\n|showteam|p2|Charizard||CharizarditeY|SolarPower|WeatherBall,HeatWave,SolarBeam,Protect|||M|||50|]Aerodactyl||FocusSash|Unnerve|Tailwind,RockSlide,WideGuard,DualWingbeat|||F|||50|]Basculegion||ChoiceScarf|Adaptability|WaveCrash,AquaJet,LastRespects,FlipTurn|||M|||50|]Farigiraf||SitrusBerry|ArmorTail|Psychic,HyperVoice,Imprison,TrickRoom|||M|||50|]Sneasler||WhiteHerb|Unburden|FakeOut,CloseCombat,DireClaw,ThroatChop|||M|||50|]Floette-Eternal||Floettite|FlowerVeil|DazzlingGleam,LightofRuin,Moonblast,Protect|||F|||50|\n|\n|t:|1776059609\n|teamsize|p1|4\n|teamsize|p2|4\n|start\n|switch|p1a: Sinistcha|Sinistcha, L50|100/100\n|switch|p1b: Kingambit|Kingambit, L50, F|100/100\n|switch|p2a: Farigiraf|Farigiraf, L50, M|100/100\n|switch|p2b: Basculegion|Basculegion, L50, M|100/100\n|turn|1\n|j| jzdr2\n|l| jzdr2\n|\n|t:|1776059628\n|move|p2b: Basculegion|Wave Crash|p1b: Kingambit\n|-damage|p1b: Kingambit|44/100\n|-damage|p2b: Basculegion|81/100|[from] Recoil\n|move|p2a: Farigiraf|Imprison|p2a: Farigiraf\n|-start|p2a: Farigiraf|move: Imprison\n|move|p1a: Sinistcha|Matcha Gotcha|p2b: Basculegion|[spread] \n|-miss|p1a: Sinistcha|p2a: Farigiraf\n|-miss|p1a: Sinistcha|p2b: Basculegion\n|move|p1b: Kingambit|Kowtow Cleave|p2a: Farigiraf\n|-supereffective|p2a: Farigiraf|1\n|-damage|p2a: Farigiraf|0 fnt\n|faint|p2a: Farigiraf\n|\n|upkeep\n|\n|t:|1776059631\n|switch|p2a: Sneasler|Sneasler, L50, M|100/100\n|turn|2\n|\n|t:|1776059647\n|move|p1b: Kingambit|Protect|p1b: Kingambit\n|-singleturn|p1b: Kingambit|Protect\n|move|p1a: Sinistcha|Rage Powder|p1a: Sinistcha\n|-singleturn|p1a: Sinistcha|move: Rage Powder\n|move|p2b: Basculegion|Wave Crash|p1a: Sinistcha\n|-resisted|p1a: Sinistcha|1\n|-damage|p1a: Sinistcha|72/100\n|-damage|p2b: Basculegion|72/100|[from] Recoil\n|move|p2a: Sneasler|Throat Chop|p1a: Sinistcha\n|-supereffective|p1a: Sinistcha|1\n|-damage|p1a: Sinistcha|29/100\n|-start|p1a: Sinistcha|Throat Chop|[silent]\n|\n|upkeep\n|turn|3\n|\n|t:|1776059667\n|move|p1b: Kingambit|Sucker Punch|p2b: Basculegion\n|-supereffective|p2b: Basculegion|1\n|-damage|p2b: Basculegion|0 fnt\n|faint|p2b: Basculegion\n|move|p2a: Sneasler|Throat Chop|p1a: Sinistcha\n|-supereffective|p1a: Sinistcha|1\n|-damage|p1a: Sinistcha|0 fnt\n|faint|p1a: Sinistcha\n|\n|upkeep\n|inactive|Battle timer is ON: inactive players will automatically lose when time's up. (requested by TheTired)\n|\n|t:|1776059675\n|switch|p2b: Floette|Floette-Eternal, L50, F|100/100\n|switch|p1a: Oranguru|Oranguru, L50, F|100/100\n|turn|4\n|\n|t:|1776059681\n|detailschange|p2b: Floette|Floette-Mega, L50, F\n|-mega|p2b: Floette|Floette|Floettite\n|-ability|p2b: Floette|Fairy Aura\n|move|p2a: Sneasler|Throat Chop|p1a: Oranguru\n|-supereffective|p1a: Oranguru|1\n|-damage|p1a: Oranguru|39/100\n|-start|p1a: Oranguru|Throat Chop|[silent]\n|move|p2b: Floette|Dazzling Gleam|p1b: Kingambit|[spread] p1a,p1b\n|-damage|p1a: Oranguru|10/100\n|-damage|p1b: Kingambit|0 fnt\n|faint|p1b: Kingambit\n|move|p1a: Oranguru|Trick Room|p1a: Oranguru\n|-fieldstart|move: Trick Room|[of] p1a: Oranguru\n|\n|upkeep\n|\n|t:|1776059690\n|switch|p1b: Camerupt|Camerupt, L50, F|100/100\n|turn|5\n|\n|t:|1776059700\n|detailschange|p1b: Camerupt|Camerupt-Mega, L50, F\n|-mega|p1b: Camerupt|Camerupt|Cameruptite\n|move|p1b: Camerupt|Eruption|p2b: Floette|[spread] p2a,p2b\n|-damage|p2a: Sneasler|7/100\n|-damage|p2b: Floette|43/100\n|move|p1a: Oranguru|Instruct|p1b: Camerupt\n|-singleturn|p1b: Camerupt|move: Instruct|[of] p1a: Oranguru\n|move|p1b: Camerupt|Eruption|p2b: Floette|[spread] p2a,p2b\n|-damage|p2a: Sneasler|0 fnt\n|-damage|p2b: Floette|0 fnt\n|faint|p2a: Sneasler\n|faint|p2b: Floette\n|\n|win|TheTired\n|n|\u2606TheTired|thetired\n|n|\u2606lolgz|lolgz\n",
  "uploadtime": 1776059700,
  "views": 10,
  "formatid": "gen9championsvgc2026regma",
  "rating": null,
  "private": 0,
  "password": null
}