{
  "id": "gen9championsvgc2026regma-2583007705",
  "format": "[Gen 9 Champions] VGC 2026 Reg M-A",
  "players": [
    "TickleBigMeat28",
    "BakuroLich"
  ],
  "log": "|j|\u2606TickleBigMeat28\n|j|\u2606BakuroLich\n|t:|1776132838\n|gametype|doubles\n|player|p1|TickleBigMeat28|brycenman|1072\n|player|p2|BakuroLich|backpacker|1000\n|gen|9\n|tier|[Gen 9 Champions] VGC 2026 Reg M-A\n|rated|\n|rule|Species Clause: Limit one of each Pok\u00e9mon\n|rule|Item Clause: Limit 1 of each item\n|clearpoke\n|poke|p1|Charizard, L50, M|\n|poke|p1|Venusaur, L50, M|\n|poke|p1|Sneasler, L50, M|\n|poke|p1|Typhlosion-Hisui, L50, F|\n|poke|p1|Whimsicott, L50, M|\n|poke|p1|Incineroar, L50, F|\n|poke|p2|Drampa, L50, M|\n|poke|p2|Crabominable, L50, M|\n|poke|p2|Farigiraf, L50, F|\n|poke|p2|Cofagrigus, L50, F|\n|poke|p2|Kleavor, L50, M|\n|poke|p2|Toxapex, L50, M|\n|teampreview|4\n|inactive|Battle timer is ON: inactive players will automatically lose when time's up. (requested by BakuroLich)\n|\n|t:|1776132864\n|teamsize|p1|4\n|teamsize|p2|4\n|start\n|switch|p1a: Charizard|Charizard, L50, M, shiny|100/100\n|switch|p1b: Typhlosion|Typhlosion-Hisui, L50, F|100/100\n|switch|p2a: Farigiraf|Farigiraf, L50, F|100/100\n|switch|p2b: Toxapex|Toxapex, L50, M|100/100\n|-item|p2a: Farigiraf|Leftovers|[from] ability: Frisk|[of] p1b: Typhlosion\n|-item|p2b: Toxapex|Poison Barb|[from] ability: Frisk|[of] p1b: Typhlosion\n|turn|1\n|\n|t:|1776132884\n|detailschange|p1a: Charizard|Charizard-Mega-Y, L50, M, shiny\n|-mega|p1a: Charizard|Charizard|Charizardite Y\n|-weather|SunnyDay|[from] ability: Drought|[of] p1a: Charizard\n|move|p2b: Toxapex|Baneful Bunker|p2b: Toxapex\n|-singleturn|p2b: Toxapex|move: Protect\n|move|p1b: Typhlosion|Overheat|p2a: Farigiraf\n|-damage|p2a: Farigiraf|1/100\n|-unboost|p1b: Typhlosion|spa|2\n|move|p1a: Charizard|Solar Beam||[still]\n|-prepare|p1a: Charizard|Solar Beam\n|-anim|p1a: Charizard|Solar Beam|p2a: Farigiraf\n|-damage|p2a: Farigiraf|0 fnt\n|faint|p2a: Farigiraf\n|\n|-weather|SunnyDay|[upkeep]\n|upkeep\n|\n|t:|1776132898\n|switch|p2a: Drampa|Drampa, L50, M|100/100\n|-ability|p2a: Drampa|Cloud Nine\n|turn|2\n|\n|t:|1776132910\n|switch|p1b: Venusaur|Venusaur, L50, M|100/100\n|move|p1a: Charizard|Protect|p1a: Charizard\n|-singleturn|p1a: Charizard|Protect\n|move|p2a: Drampa|Glare|p1a: Charizard\n|-activate|p1a: Charizard|move: Protect\n|move|p2b: Toxapex|Surf|p1b: Venusaur|[spread] p2a,p1b\n|-activate|p1a: Charizard|move: Protect\n|-resisted|p2a: Drampa|1\n|-resisted|p1b: Venusaur|1\n|-damage|p2a: Drampa|95/100\n|-damage|p1b: Venusaur|92/100\n|\n|-weather|SunnyDay|[upkeep]\n|-heal|p1b: Venusaur|97/100|[from] item: Leftovers\n|upkeep\n|turn|3\n|inactive|BakuroLich has 30 seconds left.\n|\n|t:|1776132936\n|switch|p1a: Sneasler|Sneasler, L50, M, shiny|100/100\n|switch|p2b: Crabominable|Crabominable, L50, M|100/100\n|move|p1b: Venusaur|Sleep Powder|p2a: Drampa\n|-status|p2a: Drampa|slp|[from] move: Sleep Powder\n|cant|p2a: Drampa|slp\n|\n|-weather|SunnyDay|[upkeep]\n|-heal|p1b: Venusaur|100/100|[from] item: Leftovers\n|upkeep\n|turn|4\n|\n|t:|1776132956\n|detailschange|p2b: Crabominable|Crabominable-Mega, L50, M\n|-mega|p2b: Crabominable|Crabominable|Crabominite\n|-curestatus|p2a: Drampa|slp|[msg]\n|move|p2a: Drampa|Protect|p2a: Drampa\n|-singleturn|p2a: Drampa|Protect\n|move|p1a: Sneasler|Fake Out|p2b: Crabominable\n|-damage|p2b: Crabominable|89/100\n|-status|p2b: Crabominable|psn|[from] ability: Poison Touch|[of] p1a: Sneasler\n|move|p1b: Venusaur|Sleep Powder||[still]\n|-fail|p1b: Venusaur\n|cant|p2b: Crabominable|flinch\n|\n|-weather|SunnyDay|[upkeep]\n|-damage|p2b: Crabominable|76/100 psn|[from] psn\n|upkeep\n|turn|5\n|inactive|TickleBigMeat28 has 30 seconds left.\n|\n|t:|1776132983\n|move|p1a: Sneasler|Close Combat|p2a: Drampa\n|-supereffective|p2a: Drampa|1\n|-damage|p2a: Drampa|0 fnt\n|-unboost|p1a: Sneasler|def|1\n|-unboost|p1a: Sneasler|spd|1\n|faint|p2a: Drampa\n|move|p1b: Venusaur|Sludge Bomb|p2b: Crabominable\n|-damage|p2b: Crabominable|45/100 psn\n|move|p2b: Crabominable|Ice Hammer|p1b: Venusaur\n|-supereffective|p1b: Venusaur|1\n|-damage|p1b: Venusaur|0 fnt\n|-unboost|p2b: Crabominable|spe|1\n|faint|p1b: Venusaur\n|\n|-weather|none\n|-damage|p2b: Crabominable|33/100 psn|[from] psn\n|upkeep\n|\n|t:|1776132997\n|switch|p1b: Charizard|Charizard-Mega-Y, L50, M, shiny|100/100\n|switch|p2a: Toxapex|Toxapex, L50, M|100/100\n|-weather|SunnyDay|[from] ability: Drought|[of] p1b: Charizard\n|turn|6\n|\n|t:|1776133007\n|move|p1a: Sneasler|Protect|p1a: Sneasler\n|-singleturn|p1a: Sneasler|Protect\n|move|p2a: Toxapex|Baneful Bunker|p2a: Toxapex\n|-singleturn|p2a: Toxapex|move: Protect\n|move|p2b: Crabominable|Protect|p2b: Crabominable\n|-singleturn|p2b: Crabominable|Protect\n|move|p1b: Charizard|Heat Wave|p2a: Toxapex|[spread] \n|-activate|p2a: Toxapex|move: Protect\n|-activate|p2b: Crabominable|move: Protect\n|\n|-weather|SunnyDay|[upkeep]\n|-damage|p2b: Crabominable|21/100 psn|[from] psn\n|upkeep\n|turn|7\n|\n|t:|1776133024\n|move|p1a: Sneasler|Close Combat|p2b: Crabominable\n|-supereffective|p2b: Crabominable|1\n|-damage|p2b: Crabominable|0 fnt\n|-unboost|p1a: Sneasler|def|1\n|-unboost|p1a: Sneasler|spd|1\n|faint|p2b: Crabominable\n|move|p1b: Charizard|Scorching Sands|p2a: Toxapex\n|-supereffective|p2a: Toxapex|1\n|-damage|p2a: Toxapex|63/100\n|move|p2a: Toxapex|Surf|p1b: Charizard|[spread] p1a,p1b\n|-supereffective|p1b: Charizard|1\n|-damage|p1a: Sneasler|83/100\n|-damage|p1b: Charizard|88/100\n|\n|-weather|SunnyDay|[upkeep]\n|upkeep\n|turn|8\n|-message|BakuroLich forfeited.\n|\n|win|TickleBigMeat28\n|raw|TickleBigMeat28's rating: 1072 &rarr; <strong>1095</strong><br />(+23 for winning)\n|raw|BakuroLich's rating: 1000 &rarr; <strong>1000</strong><br />(+0 for losing)\n|l|\u2606BakuroLich\n|player|p2|\n",
  "uploadtime": 1776133042,
  "views": 22,
  "formatid": "gen9championsvgc2026regma",
  "rating": 1000,
  "private": 0,
  "password": null
}