{
  "id": "gen9championsvgc2026regma-2585025081",
  "format": "[Gen 9 Champions] VGC 2026 Reg M-A",
  "players": [
    "badaaabum",
    "series team"
  ],
  "log": "|j|\u2606badaaabum\n|j|\u2606series team\n|t:|1776304421\n|gametype|doubles\n|player|p1|badaaabum|rocketgrunt|1373\n|player|p2|series team|266|1496\n|gen|9\n|tier|[Gen 9 Champions] VGC 2026 Reg M-A\n|rated|\n|rule|Species Clause: Limit one of each Pok\u00e9mon\n|rule|Item Clause: Limit 1 of each item\n|clearpoke\n|poke|p1|Altaria, L50, F|\n|poke|p1|Espathra, L50, F|\n|poke|p1|Scovillain, L50, M|\n|poke|p1|Milotic, L50, F|\n|poke|p1|Goodra-Hisui, L50, M|\n|poke|p1|Runerigus, L50, F|\n|poke|p2|Clefable, L50, M|\n|poke|p2|Garchomp, L50, F|\n|poke|p2|Incineroar, L50, M|\n|poke|p2|Rotom-Wash, L50|\n|poke|p2|Basculegion-F, L50, F|\n|poke|p2|Ninetales-Alola, L50, M|\n|teampreview|4\n|inactive|Battle timer is ON: inactive players will automatically lose when time's up. (requested by badaaabum)\n|\n|t:|1776304456\n|teamsize|p1|4\n|teamsize|p2|4\n|start\n|switch|p1a: Espathra|Espathra, L50, F, shiny|100/100\n|switch|p1b: Milotic|Milotic, L50, F, shiny|100/100\n|switch|p2a: Rotom|Rotom-Wash, L50|100/100\n|switch|p2b: Clefable|Clefable, L50, M|100/100\n|turn|1\n|\n|t:|1776304472\n|detailschange|p2b: Clefable|Clefable-Mega, L50, M\n|-mega|p2b: Clefable|Clefable|Clefablite\n|move|p2b: Clefable|Follow Me|p2b: Clefable\n|-singleturn|p2b: Clefable|move: Follow Me\n|move|p1a: Espathra|Calm Mind|p1a: Espathra\n|-boost|p1a: Espathra|spa|1\n|-boost|p1a: Espathra|spd|1\n|move|p2a: Rotom|Nasty Plot|p2a: Rotom\n|-boost|p2a: Rotom|spa|2\n|move|p1b: Milotic|Light Screen|p1b: Milotic\n|-sidestart|p1: badaaabum|move: Light Screen\n|\n|-ability|p1a: Espathra|Speed Boost|boost\n|-boost|p1a: Espathra|spe|1\n|upkeep\n|turn|2\n|\n|t:|1776304488\n|move|p1a: Espathra|Lumina Crash|p2a: Rotom\n|-crit|p2a: Rotom\n|-damage|p2a: Rotom|22/100\n|-unboost|p2a: Rotom|spd|2\n|-enditem|p2a: Rotom|Sitrus Berry|[eat]\n|-heal|p2a: Rotom|46/100|[from] item: Sitrus Berry\n|move|p2a: Rotom|Thunderbolt|p1b: Milotic\n|-supereffective|p1b: Milotic|1\n|-damage|p1b: Milotic|22/100\n|move|p1b: Milotic|Icy Wind|p2a: Rotom|[spread] p2a,p2b\n|-resisted|p2a: Rotom|1\n|-supereffective|p2b: Clefable|1\n|-damage|p2a: Rotom|36/100\n|-damage|p2b: Clefable|84/100\n|-unboost|p2a: Rotom|spe|1\n|-unboost|p2b: Clefable|spe|1\n|move|p2b: Clefable|Encore|p1a: Espathra\n|-start|p1a: Espathra|Encore\n|\n|-heal|p1b: Milotic|27/100|[from] item: Leftovers\n|-ability|p1a: Espathra|Speed Boost|boost\n|-boost|p1a: Espathra|spe|1\n|upkeep\n|turn|3\n|inactive|badaaabum has 30 seconds left.\n|\n|t:|1776304517\n|switch|p1b: Scovillain|Scovillain, L50, M, shiny|100/100\n|move|p2b: Clefable|Follow Me|p2b: Clefable\n|-singleturn|p2b: Clefable|move: Follow Me\n|move|p1a: Espathra|Lumina Crash|p2b: Clefable\n|-damage|p2b: Clefable|37/100\n|-unboost|p2b: Clefable|spd|2\n|move|p2a: Rotom|Thunderbolt|p1b: Scovillain\n|-resisted|p1b: Scovillain|1\n|-damage|p1b: Scovillain|66/100\n|\n|-ability|p1a: Espathra|Speed Boost|boost\n|-boost|p1a: Espathra|spe|1\n|-ability|p1b: Scovillain|Moody|boost\n|-boost|p1b: Scovillain|spa|2\n|-unboost|p1b: Scovillain|atk|1\n|upkeep\n|turn|4\n|\n|t:|1776304538\n|switch|p2a: Incineroar|Incineroar, L50, M|100/100\n|-ability|p2a: Incineroar|Intimidate|boost\n|-unboost|p1a: Espathra|atk|1\n|-unboost|p1b: Scovillain|atk|1\n|move|p1b: Scovillain|Protect|p1b: Scovillain\n|-singleturn|p1b: Scovillain|Protect\n|move|p2b: Clefable|Protect|p2b: Clefable\n|-singleturn|p2b: Clefable|Protect\n|move|p1a: Espathra|Lumina Crash|p2b: Clefable\n|-activate|p2b: Clefable|move: Protect\n|\n|-ability|p1a: Espathra|Speed Boost|boost\n|-boost|p1a: Espathra|spe|1\n|-ability|p1b: Scovillain|Moody|boost\n|-boost|p1b: Scovillain|spd|2\n|-unboost|p1b: Scovillain|def|1\n|upkeep\n|turn|5\n|inactive|badaaabum has 30 seconds left.\n|\n|t:|1776304565\n|detailschange|p1b: Scovillain|Scovillain-Mega, L50, M, shiny\n|-mega|p1b: Scovillain|Scovillain|Scovillainite\n|move|p2a: Incineroar|Fake Out|p1a: Espathra\n|-damage|p1a: Espathra|85/100\n|cant|p1a: Espathra|flinch\n|move|p1b: Scovillain|Flamethrower|p2b: Clefable\n|-damage|p2b: Clefable|0 fnt\n|faint|p2b: Clefable\n|\n|-end|p1a: Espathra|Encore\n|-sideend|p1: badaaabum|move: Light Screen\n|-ability|p1a: Espathra|Speed Boost|boost\n|-boost|p1a: Espathra|spe|1\n|upkeep\n|\n|t:|1776304572\n|switch|p2b: Basculegion|Basculegion-F, L50, F|100/100\n|turn|6\n|\n|t:|1776304590\n|move|p2b: Basculegion|Protect|p2b: Basculegion\n|-singleturn|p2b: Basculegion|Protect\n|move|p1b: Scovillain|Rage Powder|p1b: Scovillain\n|-singleturn|p1b: Scovillain|move: Rage Powder\n|move|p1a: Espathra|Baton Pass|p1a: Espathra\n|\n|t:|1776304607\n|switch|p1a: Goodra|Goodra-Hisui, L50, M, shiny|100/100|[from] Baton Pass\n|move|p2a: Incineroar|Flare Blitz|p1b: Scovillain\n|-damage|p1b: Scovillain|0 fnt\n|-immune|p2a: Incineroar\n|faint|p1b: Scovillain\n|-damage|p2a: Incineroar|82/100|[from] Recoil\n|\n|upkeep\n|\n|t:|1776304626\n|switch|p1b: Espathra|Espathra, L50, F, shiny|85/100\n|turn|7\n|\n|t:|1776304631\n|move|p1b: Espathra|Protect|p1b: Espathra\n|-singleturn|p1b: Espathra|Protect\n|move|p1a: Goodra|Shelter|p1a: Goodra\n|-boost|p1a: Goodra|def|2\n|move|p2b: Basculegion|Shadow Ball|p1a: Goodra\n|-damage|p1a: Goodra|69/100\n|move|p2a: Incineroar|Close Combat|p1a: Goodra\n|-supereffective|p1a: Goodra|1\n|-damage|p1a: Goodra|44/100\n|-unboost|p2a: Incineroar|def|1\n|-unboost|p2a: Incineroar|spd|1\n|-enditem|p1a: Goodra|Sitrus Berry|[eat]\n|-heal|p1a: Goodra|69/100|[from] item: Sitrus Berry\n|\n|-ability|p1b: Espathra|Speed Boost|boost\n|-boost|p1b: Espathra|spe|1\n|upkeep\n|turn|8\n|\n|t:|1776304655\n|move|p2b: Basculegion|Protect|p2b: Basculegion\n|-singleturn|p2b: Basculegion|Protect\n|move|p1a: Goodra|Body Press|p2a: Incineroar\n|-supereffective|p2a: Incineroar|1\n|-enditem|p2a: Incineroar|Chople Berry|[eat]\n|-enditem|p2a: Incineroar|Chople Berry|[weaken]\n|-damage|p2a: Incineroar|18/100\n|move|p1b: Espathra|Lumina Crash|p2b: Basculegion\n|-activate|p2b: Basculegion|move: Protect\n|move|p2a: Incineroar|Parting Shot|p1b: Espathra\n|-unboost|p1b: Espathra|atk|1\n|-unboost|p1b: Espathra|spa|1\n|\n|t:|1776304663\n|switch|p2a: Rotom|Rotom-Wash, L50|36/100|[from] Parting Shot\n|\n|-ability|p1b: Espathra|Speed Boost|boost\n|-boost|p1b: Espathra|spe|1\n|upkeep\n|turn|9\n|\n|t:|1776304679\n|move|p1b: Espathra|Calm Mind|p1b: Espathra\n|-boost|p1b: Espathra|spa|1\n|-boost|p1b: Espathra|spd|1\n|move|p1a: Goodra|Body Press|p2a: Rotom\n|-damage|p2a: Rotom|0 fnt\n|faint|p2a: Rotom\n|move|p2b: Basculegion|Shadow Ball|p1a: Goodra\n|-damage|p1a: Goodra|41/100\n|\n|-ability|p1b: Espathra|Speed Boost|boost\n|-boost|p1b: Espathra|spe|1\n|upkeep\n|\n|t:|1776304681\n|switch|p2a: Incineroar|Incineroar, L50, M|18/100\n|-ability|p2a: Incineroar|Intimidate|boost\n|-unboost|p1a: Goodra|atk|1\n|-unboost|p1b: Espathra|atk|1\n|turn|10\n|\n|t:|1776304697\n|move|p2a: Incineroar|Fake Out|p1b: Espathra\n|-damage|p1b: Espathra|70/100\n|cant|p1b: Espathra|flinch\n|move|p1a: Goodra|Breaking Swipe|p2b: Basculegion|[spread] p2a,p2b\n|-crit|p2b: Basculegion\n|-damage|p2a: Incineroar|10/100\n|-damage|p2b: Basculegion|67/100\n|-unboost|p2a: Incineroar|atk|1\n|-unboost|p2b: Basculegion|atk|1\n|move|p2b: Basculegion|Shadow Ball|p1a: Goodra\n|-damage|p1a: Goodra|14/100\n|-unboost|p1a: Goodra|spd|1\n|\n|-ability|p1b: Espathra|Speed Boost|boost\n|-boost|p1b: Espathra|spe|1\n|upkeep\n|turn|11\n|\n|t:|1776304719\n|move|p1b: Espathra|Lumina Crash|p2b: Basculegion\n|-damage|p2b: Basculegion|24/100\n|-unboost|p2b: Basculegion|spd|2\n|move|p1a: Goodra|Body Press|p2a: Incineroar\n|-supereffective|p2a: Incineroar|1\n|-damage|p2a: Incineroar|0 fnt\n|faint|p2a: Incineroar\n|move|p2b: Basculegion|Shadow Ball|p1a: Goodra\n|-damage|p1a: Goodra|0 fnt\n|faint|p1a: Goodra\n|\n|-ability|p1b: Espathra|Speed Boost|boost\n|-boost|p1b: Espathra|spe|1\n|upkeep\n|-message|series team forfeited.\n|\n|win|badaaabum\n|raw|badaaabum's rating: 1373 &rarr; <strong>1400</strong><br />(+27 for winning)\n|raw|series team's rating: 1496 &rarr; <strong>1469</strong><br />(-27 for losing)\n|l|\u2606series team\n|player|p2|\n",
  "uploadtime": 1776304736,
  "views": 36,
  "formatid": "gen9championsvgc2026regma",
  "rating": 1400,
  "private": 0,
  "password": null
}