{
  "id": "gen9championsvgc2026regma-2587151388",
  "format": "[Gen 9 Champions] VGC 2026 Reg M-A",
  "players": [
    "Pokeventurer",
    "gekko kabu"
  ],
  "log": "|j|\u2606Pokeventurer\n|j|\u2606gekko kabu\n|t:|1776500951\n|gametype|doubles\n|player|p1|Pokeventurer|265|1449\n|player|p2|gekko kabu|bugcatcher-gen4dp|1387\n|gen|9\n|tier|[Gen 9 Champions] VGC 2026 Reg M-A\n|rated|\n|rule|Species Clause: Limit one of each Pok\u00e9mon\n|rule|Item Clause: Limit 1 of each item\n|clearpoke\n|poke|p1|Talonflame, L50, F|\n|poke|p1|Kingambit, L50, M|\n|poke|p1|Garchomp, L50, M|\n|poke|p1|Basculegion, L50, M|\n|poke|p1|Floette-Eternal, L50, F|\n|poke|p1|Pelipper, L50, M|\n|poke|p2|Charizard, L50, M, shiny|\n|poke|p2|Incineroar, L50, M, shiny|\n|poke|p2|Whimsicott, L50, F, shiny|\n|poke|p2|Garchomp, L50, M, shiny|\n|poke|p2|Rotom-Wash, L50, shiny|\n|poke|p2|Sneasler, L50, F|\n|teampreview|4\n|inactive|Battle timer is ON: inactive players will automatically lose when time's up. (requested by Pokeventurer)\n|\n|t:|1776500981\n|teamsize|p1|4\n|teamsize|p2|4\n|start\n|switch|p1a: Garchomp|Garchomp, L50, M|100/100\n|switch|p1b: Talonflame|Talonflame, L50, F|100/100\n|switch|p2a: Sneasler|Sneasler, L50, F|100/100\n|switch|p2b: Rotom|Rotom-Wash, L50, shiny|100/100\n|turn|1\n|\n|t:|1776501003\n|move|p1b: Talonflame|Protect|p1b: Talonflame\n|-singleturn|p1b: Talonflame|Protect\n|move|p1a: Garchomp|Protect|p1a: Garchomp\n|-singleturn|p1a: Garchomp|Protect\n|move|p2a: Sneasler|Fake Out|p1a: Garchomp\n|-activate|p1a: Garchomp|move: Protect\n|move|p2b: Rotom|Volt Switch|p1b: Talonflame\n|-activate|p1b: Talonflame|move: Protect\n|\n|upkeep\n|turn|2\n|\n|t:|1776501025\n|move|p2a: Sneasler|Protect|p2a: Sneasler\n|-singleturn|p2a: Sneasler|Protect\n|move|p1b: Talonflame|Tailwind|p1b: Talonflame\n|-sidestart|p1: Pokeventurer|move: Tailwind\n|move|p1a: Garchomp|Earthquake|p2b: Rotom|[spread] \n|-activate|p2a: Sneasler|move: Protect\n|-immune|p1b: Talonflame\n|-immune|p2b: Rotom|[from] ability: Levitate\n|move|p2b: Rotom|Volt Switch|p1b: Talonflame\n|-supereffective|p1b: Talonflame|1\n|-damage|p1b: Talonflame|0 fnt\n|faint|p1b: Talonflame\n|\n|t:|1776501041\n|switch|p2b: Whimsicott|Whimsicott, L50, F, shiny|100/100|[from] Volt Switch\n|\n|upkeep\n|\n|t:|1776501046\n|switch|p1b: Floette|Floette-Eternal, L50, F|100/100\n|turn|3\n|\n|t:|1776501056\n|move|p1b: Floette|Protect|p1b: Floette\n|-singleturn|p1b: Floette|Protect\n|move|p2b: Whimsicott|Tailwind|p2b: Whimsicott\n|-sidestart|p2: gekko kabu|move: Tailwind\n|move|p2a: Sneasler|Dire Claw|p1b: Floette\n|-activate|p1b: Floette|move: Protect\n|move|p1a: Garchomp|Earthquake|p2a: Sneasler|[spread] p2a,p2b\n|-activate|p1b: Floette|move: Protect\n|-supereffective|p2a: Sneasler|1\n|-resisted|p2b: Whimsicott|1\n|-damage|p2a: Sneasler|0 fnt\n|-damage|p2b: Whimsicott|71/100\n|faint|p2a: Sneasler\n|\n|upkeep\n|\n|t:|1776501066\n|switch|p2a: Charizard|Charizard, L50, M, shiny|100/100\n|turn|4\n|\n|t:|1776501072\n|switch|p1b: Basculegion|Basculegion, L50, M|100/100\n|detailschange|p2a: Charizard|Charizard-Mega-Y, L50, M, shiny\n|-mega|p2a: Charizard|Charizard|Charizardite Y\n|-weather|SunnyDay|[from] ability: Drought|[of] p2a: Charizard\n|move|p2b: Whimsicott|Moonblast|p1a: Garchomp\n|-supereffective|p1a: Garchomp|1\n|-damage|p1a: Garchomp|18/100\n|move|p1a: Garchomp|Rock Slide|p2b: Whimsicott|[spread] p2a,p2b\n|-supereffective|p2a: Charizard|2\n|-damage|p2a: Charizard|11/100\n|-damage|p2b: Whimsicott|38/100\n|cant|p2a: Charizard|flinch\n|\n|-weather|SunnyDay|[upkeep]\n|upkeep\n|turn|5\n|\n|t:|1776501090\n|switch|p2a: Rotom|Rotom-Wash, L50, shiny|100/100\n|move|p1b: Basculegion|Last Respects|p2b: Whimsicott\n|-damage|p2b: Whimsicott|0 fnt\n|faint|p2b: Whimsicott\n|move|p1a: Garchomp|Rock Slide|p2a: Rotom|[miss]\n|-miss|p1a: Garchomp|p2a: Rotom\n|\n|-weather|SunnyDay|[upkeep]\n|-sideend|p1: Pokeventurer|move: Tailwind\n|upkeep\n|\n|t:|1776501100\n|switch|p2b: Charizard|Charizard-Mega-Y, L50, M, shiny|11/100\n|turn|6\n|\n|t:|1776501111\n|switch|p1b: Floette|Floette-Eternal, L50, F|100/100\n|move|p1a: Garchomp|Protect|p1a: Garchomp\n|-singleturn|p1a: Garchomp|Protect\n|move|p2b: Charizard|Heat Wave|p1b: Floette|[spread] p1b\n|-activate|p1a: Garchomp|move: Protect\n|-damage|p1b: Floette|42/100\n|move|p2a: Rotom|Thunderbolt|p1b: Floette\n|-damage|p1b: Floette|0 fnt\n|faint|p1b: Floette\n|\n|-weather|SunnyDay|[upkeep]\n|-sideend|p2: gekko kabu|move: Tailwind\n|upkeep\n|\n|t:|1776501124\n|switch|p1b: Basculegion|Basculegion, L50, M|100/100\n|turn|7\n|\n|t:|1776501129\n|move|p2b: Charizard|Protect|p2b: Charizard\n|-singleturn|p2b: Charizard|Protect\n|move|p1b: Basculegion|Last Respects|p2a: Rotom\n|-damage|p2a: Rotom|0 fnt\n|faint|p2a: Rotom\n|move|p1a: Garchomp|Rock Slide|p2b: Charizard\n|-activate|p2b: Charizard|move: Protect\n|\n|-weather|SunnyDay|[upkeep]\n|upkeep\n|turn|8\n|-message|gekko kabu forfeited.\n|\n|win|Pokeventurer\n|raw|Pokeventurer's rating: 1449 &rarr; <strong>1465</strong><br />(+16 for winning)\n|raw|gekko kabu's rating: 1387 &rarr; <strong>1371</strong><br />(-16 for losing)\n",
  "uploadtime": 1776501142,
  "views": 39,
  "formatid": "gen9championsvgc2026regma",
  "rating": 1371,
  "private": 0,
  "password": null
}