{
  "id": "gen9championsvgc2026regma-2585799982",
  "format": "[Gen 9 Champions] VGC 2026 Reg M-A",
  "players": [
    "Big Kahuna Tuna",
    "coach pika"
  ],
  "log": "|j|\u2606Big Kahuna Tuna\n|j|\u2606coach pika\n|t:|1776371530\n|gametype|doubles\n|player|p1|Big Kahuna Tuna|169|1052\n|player|p2|coach pika|pokekid|1105\n|gen|9\n|tier|[Gen 9 Champions] VGC 2026 Reg M-A\n|rated|\n|rule|Species Clause: Limit one of each Pok\u00e9mon\n|rule|Item Clause: Limit 1 of each item\n|clearpoke\n|poke|p1|Milotic, L50, M|\n|poke|p1|Charizard, L50, F|\n|poke|p1|Sinistcha, L50|\n|poke|p1|Sneasler, L50, M|\n|poke|p1|Sylveon, L50, F|\n|poke|p1|Aerodactyl, L50, M|\n|poke|p2|Bellibolt, L50, M|\n|poke|p2|Araquanid, L50, F|\n|poke|p2|Sinistcha, L50|\n|poke|p2|Manectric, L50, M|\n|poke|p2|Pelipper, L50, M|\n|poke|p2|Basculegion, L50, M|\n|teampreview|4\n|\n|t:|1776371565\n|teamsize|p1|4\n|teamsize|p2|4\n|start\n|switch|p1a: Charizard|Charizard, L50, F|100/100\n|switch|p1b: Sneasler|Sneasler, L50, M|100/100\n|switch|p2a: Manectric|Manectric, L50, M|100/100\n|switch|p2b: Sinistcha|Sinistcha, L50|100/100\n|turn|1\n|\n|t:|1776371594\n|switch|p2b: Araquanid|Araquanid, L50, F|100/100\n|detailschange|p2a: Manectric|Manectric-Mega, L50, M\n|-mega|p2a: Manectric|Manectric|Manectite\n|-ability|p2a: Manectric|Intimidate|boost\n|-unboost|p1a: Charizard|atk|1\n|-unboost|p1b: Sneasler|atk|1\n|-enditem|p1b: Sneasler|White Herb\n|-clearnegativeboost|p1b: Sneasler|[silent]\n|detailschange|p1a: Charizard|Charizard-Mega-X, L50, F\n|-mega|p1a: Charizard|Charizard|Charizardite X\n|move|p1b: Sneasler|Fake Out|p2a: Manectric\n|-damage|p2a: Manectric|83/100\n|cant|p2a: Manectric|flinch\n|move|p1a: Charizard|Dragon Dance|p1a: Charizard\n|-boost|p1a: Charizard|atk|1\n|-boost|p1a: Charizard|spe|1\n|\n|upkeep\n|turn|2\n|-activate|p2b: Araquanid|item: Quick Claw\n|\n|t:|1776371622\n|move|p2b: Araquanid|Soak|p1a: Charizard\n|-start|p1a: Charizard|typechange|Water\n|move|p1b: Sneasler|Dire Claw|p2b: Araquanid\n|-damage|p2b: Araquanid|60/100\n|-status|p2b: Araquanid|par\n|move|p1a: Charizard|Dragon Claw|p2a: Manectric\n|-damage|p2a: Manectric|37/100\n|move|p2a: Manectric|Volt Switch|p1a: Charizard\n|-supereffective|p1a: Charizard|1\n|-damage|p1a: Charizard|16/100\n|\n|t:|1776371637\n|switch|p2a: Bellibolt|Bellibolt, L50, M|100/100|[from] Volt Switch\n|\n|upkeep\n|turn|3\n|c|\u2606Big Kahuna Tuna|quite the strategy lol\n|\n|t:|1776371664\n|switch|p1b: Sinistcha|Sinistcha, L50|100/100\n|-heal|p1a: Charizard|41/100|[from] ability: Hospitality|[of] p1b: Sinistcha\n|move|p1a: Charizard|Protect|p1a: Charizard\n|-singleturn|p1a: Charizard|Protect\n|move|p2b: Araquanid|Wide Guard|p2b: Araquanid\n|-singleturn|p2b: Araquanid|Wide Guard\n|move|p2a: Bellibolt|Parabolic Charge|p1b: Sinistcha|[spread] p1b\n|-activate|p2b: Araquanid|move: Wide Guard\n|-activate|p1a: Charizard|move: Protect\n|-resisted|p1b: Sinistcha|1\n|-damage|p1b: Sinistcha|89/100\n|\n|upkeep\n|turn|4\n|\n|t:|1776371693\n|switch|p2b: Manectric|Manectric-Mega, L50, M|37/100\n|-ability|p2b: Manectric|Intimidate|boost\n|-unboost|p1a: Charizard|atk|1\n|-unboost|p1b: Sinistcha|atk|1\n|move|p1a: Charizard|Dragon Dance|p1a: Charizard\n|-boost|p1a: Charizard|atk|1\n|-boost|p1a: Charizard|spe|1\n|move|p1b: Sinistcha|Life Dew|p1b: Sinistcha|[spread] p1a,p1b\n|-heal|p1a: Charizard|66/100\n|-heal|p1b: Sinistcha|100/100\n|move|p2a: Bellibolt|Parabolic Charge|p1b: Sinistcha|[spread] p2b,p1a,p1b\n|-resisted|p2b: Manectric|1\n|-supereffective|p1a: Charizard|1\n|-resisted|p1b: Sinistcha|1\n|-damage|p2b: Manectric|20/100\n|-damage|p1a: Charizard|0 fnt\n|-damage|p1b: Sinistcha|87/100\n|faint|p1a: Charizard\n|\n|upkeep\n|\n|t:|1776371707\n|switch|p1a: Sneasler|Sneasler, L50, M|100/100\n|turn|5\n|\n|t:|1776371717\n|switch|p2b: Sinistcha|Sinistcha, L50|100/100\n|move|p1a: Sneasler|Fake Out|p2b: Sinistcha\n|-immune|p2b: Sinistcha\n|move|p1b: Sinistcha|Matcha Gotcha|p2b: Sinistcha|[spread] p2a,p2b\n|-crit|p2a: Bellibolt\n|-resisted|p2b: Sinistcha|1\n|-damage|p2a: Bellibolt|64/100\n|-heal|p1b: Sinistcha|100/100|[from] drain|[of] p2a: Bellibolt\n|-damage|p2b: Sinistcha|89/100\n|-start|p2a: Bellibolt|Charge|Matcha Gotcha|[from] ability: Electromorphosis\n|move|p2a: Bellibolt|Soak|p1b: Sinistcha\n|-start|p1b: Sinistcha|typechange|Water\n|\n|upkeep\n|turn|6\n|\n|t:|1776371745\n|move|p2b: Sinistcha|Rage Powder|p2b: Sinistcha\n|-singleturn|p2b: Sinistcha|move: Rage Powder\n|move|p1a: Sneasler|Dire Claw|p2b: Sinistcha\n|-damage|p2b: Sinistcha|53/100\n|-status|p2b: Sinistcha|psn\n|move|p1b: Sinistcha|Shadow Ball|p2b: Sinistcha\n|-supereffective|p2b: Sinistcha|1\n|-crit|p2b: Sinistcha\n|-damage|p2b: Sinistcha|0 fnt\n|faint|p2b: Sinistcha\n|move|p2a: Bellibolt|Parabolic Charge|p1a: Sneasler|[spread] p1a,p1b\n|-supereffective|p1b: Sinistcha|1\n|-damage|p1a: Sneasler|16/100\n|-heal|p2a: Bellibolt|95/100|[from] drain|[of] p1a: Sneasler\n|-damage|p1b: Sinistcha|0 fnt\n|-heal|p2a: Bellibolt|100/100|[from] drain|[of] p1b: Sinistcha\n|faint|p1b: Sinistcha\n|-end|p2a: Bellibolt|Charge|[silent]\n|\n|upkeep\n|\n|t:|1776371766\n|switch|p1b: Milotic|Milotic, L50, M|100/100\n|switch|p2b: Manectric|Manectric-Mega, L50, M|20/100\n|-ability|p2b: Manectric|Intimidate|boost\n|-unboost|p1a: Sneasler|atk|1\n|-unboost|p1b: Milotic|atk|1\n|-ability|p1b: Milotic|Competitive|boost\n|-boost|p1b: Milotic|spa|2\n|turn|7\n|\n|t:|1776371784\n|move|p1b: Milotic|Protect|p1b: Milotic\n|-singleturn|p1b: Milotic|Protect\n|move|p2b: Manectric|Volt Switch|p1b: Milotic\n|-activate|p1b: Milotic|move: Protect\n|move|p1a: Sneasler|Close Combat|p2b: Manectric\n|-damage|p2b: Manectric|0 fnt\n|-unboost|p1a: Sneasler|def|1\n|-unboost|p1a: Sneasler|spd|1\n|faint|p2b: Manectric\n|move|p2a: Bellibolt|Parabolic Charge|p1a: Sneasler|[spread] p1a\n|-activate|p1b: Milotic|move: Protect\n|-damage|p1a: Sneasler|0 fnt\n|faint|p1a: Sneasler\n|\n|upkeep\n|\n|t:|1776371787\n|switch|p2b: Araquanid|Araquanid, L50, F|60/100 par\n|turn|8\n|\n|t:|1776371800\n|move|p1b: Milotic|Ice Beam|p2a: Bellibolt\n|-damage|p2a: Bellibolt|53/100\n|-start|p2a: Bellibolt|Charge|Ice Beam|[from] ability: Electromorphosis\n|move|p2a: Bellibolt|Parabolic Charge|p1b: Milotic|[spread] p2b,p1b\n|-supereffective|p2b: Araquanid|1\n|-supereffective|p1b: Milotic|1\n|-damage|p2b: Araquanid|0 fnt\n|-heal|p2a: Bellibolt|78/100|[from] drain|[of] p2b: Araquanid\n|-damage|p1b: Milotic|12/100\n|-heal|p2a: Bellibolt|100/100|[from] drain|[of] p1b: Milotic\n|faint|p2b: Araquanid\n|-end|p2a: Bellibolt|Charge|[silent]\n|\n|upkeep\n|turn|9\n|\n|t:|1776371821\n|move|p1b: Milotic|Ice Beam|p2a: Bellibolt\n|-damage|p2a: Bellibolt|59/100\n|-start|p2a: Bellibolt|Charge|Ice Beam|[from] ability: Electromorphosis\n|move|p2a: Bellibolt|Parabolic Charge|p1b: Milotic\n|-supereffective|p1b: Milotic|1\n|-damage|p1b: Milotic|0 fnt\n|-heal|p2a: Bellibolt|64/100|[from] drain|[of] p1b: Milotic\n|faint|p1b: Milotic\n|-end|p2a: Bellibolt|Charge|[silent]\n|\n|win|coach pika\n|raw|Big Kahuna Tuna's rating: 1052 &rarr; <strong>1037</strong><br />(-15 for losing)\n|raw|coach pika's rating: 1105 &rarr; <strong>1126</strong><br />(+21 for winning)\n|l|\u2606Big Kahuna Tuna\n|player|p1|\n",
  "uploadtime": 1776371875,
  "views": 20,
  "formatid": "gen9championsvgc2026regma",
  "rating": 1037,
  "private": 0,
  "password": null
}