{
  "id": "gen9championsvgc2026regma-2588045532",
  "format": "[Gen 9 Champions] VGC 2026 Reg M-A",
  "players": [
    "ehf_05",
    "tesy ss"
  ],
  "log": "|j|\u2606ehf_05\n|j|\u2606tesy ss\n|t:|1776597498\n|gametype|doubles\n|player|p1|ehf_05|2|1246\n|player|p2|tesy ss|lucas|1334\n|gen|9\n|tier|[Gen 9 Champions] VGC 2026 Reg M-A\n|rated|\n|rule|Species Clause: Limit one of each Pok\u00e9mon\n|rule|Item Clause: Limit 1 of each item\n|clearpoke\n|poke|p1|Gengar, L50, F|\n|poke|p1|Incineroar, L50, M|\n|poke|p1|Kommo-o, L50, M|\n|poke|p1|Milotic, L50, M|\n|poke|p1|Arcanine-Hisui, L50, M|\n|poke|p1|Sinistcha, L50|\n|poke|p2|Aerodactyl, L50, M|\n|poke|p2|Floette-Eternal, L50, F, shiny|\n|poke|p2|Arcanine-Hisui, L50, F, shiny|\n|poke|p2|Rotom-Wash, L50, shiny|\n|poke|p2|Garchomp, L50, M, shiny|\n|poke|p2|Aegislash, L50, F, shiny|\n|teampreview|4\n|inactive|Battle timer is ON: inactive players will automatically lose when time's up. (requested by ehf_05)\n|inactive|tesy ss has 60 seconds left.\n|\n|t:|1776597531\n|teamsize|p1|4\n|teamsize|p2|4\n|start\n|switch|p1a: Gengar|Gengar, L50, F|100/100\n|switch|p1b: Incineroar|Incineroar, L50, M|100/100\n|switch|p2a: Rotom|Rotom-Wash, L50, shiny|100/100\n|switch|p2b: Arcanine|Arcanine-Hisui, L50, F, shiny|100/100\n|-ability|p2b: Arcanine|Intimidate|boost\n|-unboost|p1a: Gengar|atk|1\n|-unboost|p1b: Incineroar|atk|1\n|-ability|p1b: Incineroar|Intimidate|boost\n|-unboost|p2a: Rotom|atk|1\n|-unboost|p2b: Arcanine|atk|1\n|turn|1\n|inactive|ehf_05 has 30 seconds left.\n|\n|t:|1776597562\n|detailschange|p1a: Gengar|Gengar-Mega, L50, F\n|-mega|p1a: Gengar|Gengar|Gengarite\n|move|p2b: Arcanine|Protect|p2b: Arcanine\n|-singleturn|p2b: Arcanine|Protect\n|move|p1b: Incineroar|Fake Out|p2b: Arcanine\n|-activate|p2b: Arcanine|move: Protect\n|move|p2a: Rotom|Electroweb|p1b: Incineroar|[spread] p1a,p1b\n|-damage|p1a: Gengar|84/100\n|-damage|p1b: Incineroar|90/100\n|-unboost|p1a: Gengar|spe|1\n|-unboost|p1b: Incineroar|spe|1\n|move|p1a: Gengar|Perish Song|p1a: Gengar\n|-start|p1a: Gengar|perish3|[silent]\n|-start|p1b: Incineroar|perish3|[silent]\n|-start|p2a: Rotom|perish3|[silent]\n|-start|p2b: Arcanine|perish3|[silent]\n|-fieldactivate|move: Perish Song\n|\n|-start|p2a: Rotom|perish3\n|-start|p2b: Arcanine|perish3\n|-start|p1a: Gengar|perish3\n|-start|p1b: Incineroar|perish3\n|upkeep\n|turn|2\n|inactive|ehf_05 has 30 seconds left.\n|inactive|ehf_05 has 20 seconds left.\n|inactive|ehf_05 has 15 seconds left.\n|inactive|ehf_05 has 10 seconds left.\n|\n|t:|1776597608\n|move|p1a: Gengar|Protect|p1a: Gengar\n|-singleturn|p1a: Gengar|Protect\n|move|p2a: Rotom|Electroweb|p1b: Incineroar|[spread] p1b\n|-activate|p1a: Gengar|move: Protect\n|-damage|p1b: Incineroar|79/100\n|-unboost|p1b: Incineroar|spe|1\n|move|p2b: Arcanine|Rock Slide|p1a: Gengar|[spread] p1b\n|-activate|p1a: Gengar|move: Protect\n|-supereffective|p1b: Incineroar|1\n|-damage|p1b: Incineroar|49/100\n|-enditem|p1b: Incineroar|Sitrus Berry|[eat]\n|-heal|p1b: Incineroar|73/100|[from] item: Sitrus Berry\n|move|p1b: Incineroar|Darkest Lariat|p2a: Rotom\n|-damage|p2a: Rotom|76/100\n|\n|-start|p2a: Rotom|perish2\n|-start|p2b: Arcanine|perish2\n|-start|p1a: Gengar|perish2\n|-start|p1b: Incineroar|perish2\n|upkeep\n|turn|3\n|inactive|ehf_05 has 30 seconds left.\n|\n|t:|1776597638\n|switch|p1a: Sinistcha|Sinistcha, L50|100/100\n|-heal|p1b: Incineroar|98/100|[from] ability: Hospitality|[of] p1a: Sinistcha\n|move|p2a: Rotom|Electroweb|p1b: Incineroar|[spread] p1a,p1b\n|-resisted|p1a: Sinistcha|1\n|-damage|p1a: Sinistcha|94/100\n|-damage|p1b: Incineroar|88/100\n|-unboost|p1a: Sinistcha|spe|1\n|-unboost|p1b: Incineroar|spe|1\n|move|p2b: Arcanine|Flare Blitz|p1a: Sinistcha\n|-supereffective|p1a: Sinistcha|1\n|-damage|p1a: Sinistcha|39/100\n|-status|p1a: Sinistcha|brn\n|-damage|p2b: Arcanine|85/100|[from] Recoil\n|move|p1b: Incineroar|Parting Shot|p2a: Rotom\n|-unboost|p2a: Rotom|atk|1\n|-unboost|p2a: Rotom|spa|1\n|\n|t:|1776597654\n|switch|p1b: Gengar|Gengar-Mega, L50, F|84/100|[from] Parting Shot\n|\n|-heal|p1a: Sinistcha|45/100 brn|[from] item: Leftovers\n|-damage|p1a: Sinistcha|39/100 brn|[from] brn\n|-start|p2a: Rotom|perish1\n|-start|p2b: Arcanine|perish1\n|upkeep\n|turn|4\n|\n|t:|1776597668\n|move|p1b: Gengar|Protect|p1b: Gengar\n|-singleturn|p1b: Gengar|Protect\n|move|p2a: Rotom|Electroweb|p1a: Sinistcha|[spread] p1a\n|-activate|p1b: Gengar|move: Protect\n|-resisted|p1a: Sinistcha|1\n|-damage|p1a: Sinistcha|35/100 brn\n|-unboost|p1a: Sinistcha|spe|1\n|move|p2b: Arcanine|Flare Blitz|p1a: Sinistcha\n|-supereffective|p1a: Sinistcha|1\n|-damage|p1a: Sinistcha|0 fnt\n|faint|p1a: Sinistcha\n|-damage|p2b: Arcanine|75/100|[from] Recoil\n|\n|-start|p2a: Rotom|perish0\n|-start|p2b: Arcanine|perish0\n|faint|p2a: Rotom\n|faint|p2b: Arcanine\n|upkeep\n|\n|t:|1776597684\n|switch|p2b: Garchomp|Garchomp, L50, M, shiny|100/100\n|switch|p2a: Floette|Floette-Eternal, L50, F, shiny|100/100\n|switch|p1a: Incineroar|Incineroar, L50, M|88/100\n|-ability|p1a: Incineroar|Intimidate|boost\n|-unboost|p2a: Floette|atk|1\n|-unboost|p2b: Garchomp|atk|1\n|turn|5\n|\n|t:|1776597706\n|detailschange|p2a: Floette|Floette-Mega, L50, F, shiny\n|-mega|p2a: Floette|Floette|Floettite\n|-ability|p2a: Floette|Fairy Aura\n|move|p1b: Gengar|Protect|p1b: Gengar\n|-singleturn|p1b: Gengar|Protect\n|move|p2b: Garchomp|Earthquake|p1a: Incineroar|[spread] p2a,p1a\n|-activate|p1b: Gengar|move: Protect\n|-supereffective|p1a: Incineroar|1\n|-damage|p2a: Floette|69/100\n|-damage|p1a: Incineroar|46/100\n|move|p2a: Floette|Calm Mind|p2a: Floette\n|-boost|p2a: Floette|spa|1\n|-boost|p2a: Floette|spd|1\n|move|p1a: Incineroar|Parting Shot|p2b: Garchomp\n|-unboost|p2b: Garchomp|atk|1\n|-unboost|p2b: Garchomp|spa|1\n|\n|t:|1776597720\n|switch|p1a: Arcanine|Arcanine-Hisui, L50, M|100/100|[from] Parting Shot\n|\n|upkeep\n|turn|6\n|\n|t:|1776597740\n|move|p1a: Arcanine|Rock Slide|p2b: Garchomp|[spread] p2a,p2b\n|-resisted|p2b: Garchomp|1\n|-damage|p2a: Floette|37/100\n|-damage|p2b: Garchomp|87/100\n|move|p1b: Gengar|Perish Song|p1b: Gengar\n|-start|p1a: Arcanine|perish3|[silent]\n|-start|p1b: Gengar|perish3|[silent]\n|-start|p2a: Floette|perish3|[silent]\n|-start|p2b: Garchomp|perish3|[silent]\n|-fieldactivate|move: Perish Song\n|move|p2b: Garchomp|Earthquake|p1b: Gengar|[spread] p2a,p1a,p1b\n|-supereffective|p1a: Arcanine|2\n|-supereffective|p1b: Gengar|1\n|-damage|p2a: Floette|15/100\n|-damage|p1a: Arcanine|9/100\n|-damage|p1b: Gengar|35/100\n|move|p2a: Floette|Dazzling Gleam|p1a: Arcanine|[spread] p1a,p1b\n|-resisted|p1a: Arcanine|1\n|-resisted|p1b: Gengar|1\n|-damage|p1a: Arcanine|0 fnt\n|-damage|p1b: Gengar|0 fnt\n|faint|p1a: Arcanine\n|faint|p1b: Gengar\n|\n|-start|p2b: Garchomp|perish3\n|-start|p2a: Floette|perish3\n|upkeep\n|-message|ehf_05 forfeited.\n|\n|win|tesy ss\n|raw|ehf_05's rating: 1246 &rarr; <strong>1227</strong><br />(-19 for losing)\n|raw|tesy ss's rating: 1334 &rarr; <strong>1349</strong><br />(+15 for winning)\n|l|\u2606ehf_05\n|player|p1|\n",
  "uploadtime": 1776597778,
  "views": 27,
  "formatid": "gen9championsvgc2026regma",
  "rating": 1227,
  "private": 0,
  "password": null
}