{
  "id": "gen9championsvgc2026regma-2580683791",
  "format": "[Gen 9 Champions] VGC 2026 Reg M-A",
  "players": [
    "FizzKing",
    "SpikeMike"
  ],
  "log": "|j|\u2606FizzKing\n|j|\u2606SpikeMike\n|t:|1775924025\n|gametype|doubles\n|player|p1|FizzKing|266|1090\n|player|p2|SpikeMike|molayne|1105\n|gen|9\n|tier|[Gen 9 Champions] VGC 2026 Reg M-A\n|rated|\n|rule|Species Clause: Limit one of each Pok\u00e9mon\n|rule|Item Clause: Limit 1 of each item\n|clearpoke\n|poke|p1|Hawlucha, L50, M|\n|poke|p1|Bastiodon, L50, M|\n|poke|p1|Venusaur, L50, M|\n|poke|p1|Sinistcha, L50|\n|poke|p1|Dragonite, L50, F|\n|poke|p1|Torkoal, L50, M|\n|poke|p2|Lucario, L50, M|\n|poke|p2|Pelipper, L50, M|\n|poke|p2|Archaludon, L50, F|\n|poke|p2|Sinistcha-Masterpiece, L50|\n|poke|p2|Garchomp, L50, F|\n|poke|p2|Incineroar, L50, F|\n|teampreview|4\n|inactive|Battle timer is ON: inactive players will automatically lose when time's up. (requested by SpikeMike)\n|inactive|SpikeMike has 60 seconds left.\n|\n|t:|1775924062\n|teamsize|p1|4\n|teamsize|p2|4\n|start\n|switch|p1a: Hawlucha|Hawlucha, L50, M|100/100\n|switch|p1b: Bastiodon|Bastiodon, L50, M|100/100\n|switch|p2a: Storm|Pelipper, L50, M|100/100\n|switch|p2b: Maverick|Garchomp, L50, F|100/100\n|-ability|p1a: Hawlucha|Mold Breaker\n|-weather|RainDance|[from] ability: Drizzle|[of] p2a: Storm\n|turn|1\n|inactive|FizzKing has 30 seconds left.\n|\n|t:|1775924096\n|detailschange|p1a: Hawlucha|Hawlucha-Mega, L50, M\n|-mega|p1a: Hawlucha|Hawlucha|Hawluchanite\n|move|p2b: Maverick|Earthquake|p1b: Bastiodon|[spread] p1b\n|-immune|p2a: Storm\n|-immune|p1a: Hawlucha\n|-supereffective|p1b: Bastiodon|2\n|-enditem|p1b: Bastiodon|Shuca Berry|[eat]\n|-enditem|p1b: Bastiodon|Shuca Berry|[weaken]\n|-damage|p1b: Bastiodon|54/100\n|move|p1a: Hawlucha|Entrainment|p1b: Bastiodon\n|-ability|p1b: Bastiodon|No Guard|Sturdy|[from] move: Entrainment|[of] p1a: Hawlucha\n|move|p2a: Storm|Hurricane|p1b: Bastiodon\n|-resisted|p1b: Bastiodon|2\n|-damage|p1b: Bastiodon|43/100\n|move|p1b: Bastiodon|Fissure|p2b: Maverick\n|-damage|p2b: Maverick|0 fnt\n|faint|p2b: Maverick\n|-ohko\n|\n|-weather|RainDance|[upkeep]\n|upkeep\n|\n|t:|1775924111\n|switch|p2b: Invincible|Lucario, L50, M|100/100\n|turn|2\n|\n|t:|1775924132\n|move|p2b: Invincible|Detect|p2b: Invincible\n|-singleturn|p2b: Invincible|Protect\n|move|p1b: Bastiodon|Protect|p1b: Bastiodon\n|-singleturn|p1b: Bastiodon|Protect\n|move|p1a: Hawlucha|High Jump Kick|p2b: Invincible\n|-activate|p2b: Invincible|move: Protect\n|-damage|p1a: Hawlucha|51/100|[from] highjumpkick\n|move|p2a: Storm|Hurricane|p1a: Hawlucha\n|-supereffective|p1a: Hawlucha|1\n|-damage|p1a: Hawlucha|0 fnt\n|faint|p1a: Hawlucha\n|\n|-weather|RainDance|[upkeep]\n|upkeep\n|\n|t:|1775924145\n|switch|p1a: Sinistcha|Sinistcha, L50|100/100\n|-heal|p1b: Bastiodon|68/100|[from] ability: Hospitality|[of] p1a: Sinistcha\n|turn|3\n|\n|t:|1775924170\n|switch|p2b: Tai Lung|Incineroar, L50, F|100/100\n|-ability|p2b: Tai Lung|Intimidate|boost\n|-unboost|p1a: Sinistcha|atk|1\n|-unboost|p1b: Bastiodon|atk|1\n|move|p1a: Sinistcha|Rage Powder|p1a: Sinistcha\n|-singleturn|p1a: Sinistcha|move: Rage Powder\n|move|p2a: Storm|Hurricane|p1a: Sinistcha\n|-supereffective|p1a: Sinistcha|1\n|-damage|p1a: Sinistcha|0 fnt\n|faint|p1a: Sinistcha\n|move|p1b: Bastiodon|Fissure|p2b: Tai Lung\n|-damage|p2b: Tai Lung|0 fnt\n|faint|p2b: Tai Lung\n|-ohko\n|\n|-weather|RainDance|[upkeep]\n|upkeep\n|\n|t:|1775924184\n|switch|p1a: Venusaur|Venusaur, L50, M|100/100\n|switch|p2b: Invincible|Lucario, L50, M|100/100\n|turn|4\n|inactive|FizzKing has 30 seconds left.\n|\n|t:|1775924213\n|move|p2b: Invincible|Detect|p2b: Invincible\n|-singleturn|p2b: Invincible|Protect\n|move|p2a: Storm|Hurricane|p1a: Venusaur\n|-supereffective|p1a: Venusaur|1\n|-damage|p1a: Venusaur|0 fnt\n|faint|p1a: Venusaur\n|move|p1b: Bastiodon|Fissure|p2b: Invincible\n|-activate|p2b: Invincible|move: Protect\n|\n|-weather|RainDance|[upkeep]\n|upkeep\n|turn|5\n|-message|FizzKing forfeited.\n|\n|win|SpikeMike\n|raw|FizzKing's rating: 1090 &rarr; <strong>1068</strong><br />(-22 for losing)\n|raw|SpikeMike's rating: 1105 &rarr; <strong>1129</strong><br />(+24 for winning)\n|l|\u2606FizzKing\n|player|p1|\n",
  "uploadtime": 1775924228,
  "views": 9,
  "formatid": "gen9championsvgc2026regma",
  "rating": 1068,
  "private": 0,
  "password": null
}