{
  "id": "gen9championsvgc2026regma-2583303392",
  "format": "[Gen 9 Champions] VGC 2026 Reg M-A",
  "players": [
    "zangiefwin",
    "Relzid"
  ],
  "log": "|j|\u2606zangiefwin\n|j|\u2606Relzid\n|t:|1776164991\n|gametype|doubles\n|player|p1|zangiefwin|2|1199\n|player|p2|Relzid|gentleman-gen4|1301\n|gen|9\n|tier|[Gen 9 Champions] VGC 2026 Reg M-A\n|rated|\n|rule|Species Clause: Limit one of each Pok\u00e9mon\n|rule|Item Clause: Limit 1 of each item\n|clearpoke\n|poke|p1|Garchomp, L50, F|\n|poke|p1|Meowscarada, L50, M|\n|poke|p1|Glimmora, L50, F|\n|poke|p1|Talonflame, L50, M|\n|poke|p1|Primarina, L50, M|\n|poke|p1|Incineroar, L50, F|\n|poke|p2|Floette-Eternal, L50, F|\n|poke|p2|Aerodactyl, L50, F|\n|poke|p2|Incineroar, L50, M|\n|poke|p2|Garchomp, L50, F|\n|poke|p2|Sneasler, L50, F|\n|poke|p2|Basculegion, L50, M|\n|teampreview|4\n|inactive|Battle timer is ON: inactive players will automatically lose when time's up. (requested by zangiefwin)\n|\n|t:|1776165087\n|teamsize|p1|4\n|teamsize|p2|4\n|start\n|switch|p1a: Talonflame|Talonflame, L50, M|100/100\n|switch|p1b: Glimmora|Glimmora, L50, F, shiny|100/100\n|switch|p2a: Basculegion|Basculegion, L50, M|100/100\n|switch|p2b: Aerodactyl|Aerodactyl, L50, F|100/100\n|-ability|p2b: Aerodactyl|Unnerve\n|turn|1\n|inactive|zangiefwin has 30 seconds left.\n|inactive|Relzid has 30 seconds left.\n|inactive|zangiefwin has 20 seconds left.\n|\n|t:|1776165126\n|detailschange|p1b: Glimmora|Glimmora-Mega, L50, F, shiny\n|-mega|p1b: Glimmora|Glimmora|Glimmoranite\n|move|p1a: Talonflame|Tailwind|p1a: Talonflame\n|-sidestart|p1: zangiefwin|move: Tailwind\n|move|p1b: Glimmora|Power Gem|p2b: Aerodactyl\n|-supereffective|p2b: Aerodactyl|1\n|-enditem|p2b: Aerodactyl|Focus Sash\n|-damage|p2b: Aerodactyl|1/100\n|move|p2a: Basculegion|Wave Crash|p1b: Glimmora\n|-supereffective|p1b: Glimmora|1\n|-damage|p1b: Glimmora|0 fnt\n|faint|p1b: Glimmora\n|-damage|p2a: Basculegion|72/100|[from] Recoil\n|move|p2b: Aerodactyl|Tailwind|p2b: Aerodactyl\n|-sidestart|p2: Relzid|move: Tailwind\n|\n|upkeep\n|\n|t:|1776165140\n|switch|p1b: Meowscarada|Meowscarada, L50, M|100/100\n|turn|2\n|\n|t:|1776165164\n|switch|p2a: Floette|Floette-Eternal, L50, F|100/100\n|move|p2b: Aerodactyl|Protect|p2b: Aerodactyl\n|-singleturn|p2b: Aerodactyl|Protect\n|move|p1a: Talonflame|Dual Wingbeat|p2b: Aerodactyl\n|-activate|p2b: Aerodactyl|move: Protect\n|move|p1b: Meowscarada|Knock Off|p2a: Floette\n|-start|p1b: Meowscarada|typechange|Dark|[from] ability: Protean\n|-resisted|p2a: Floette|1\n|-damage|p2a: Floette|76/100\n|\n|upkeep\n|turn|3\n|inactive|Relzid has 30 seconds left.\n|inactive|zangiefwin has 30 seconds left.\n|inactive|Relzid has 20 seconds left.\n|inactive|Relzid has 15 seconds left.\n|inactive|Relzid has 10 seconds left.\n|\n|t:|1776165214\n|detailschange|p2a: Floette|Floette-Mega, L50, F\n|-mega|p2a: Floette|Floette|Floettite\n|-ability|p2a: Floette|Fairy Aura\n|move|p1a: Talonflame|Dual Wingbeat|p2a: Floette\n|-damage|p2a: Floette|49/100\n|-crit|p2a: Floette\n|-damage|p2a: Floette|15/100\n|-hitcount|p2a: Floette|2\n|move|p1b: Meowscarada|Knock Off|p2b: Aerodactyl\n|-damage|p2b: Aerodactyl|0 fnt\n|faint|p2b: Aerodactyl\n|move|p2a: Floette|Moonblast|p1a: Talonflame\n|-resisted|p1a: Talonflame|1\n|-damage|p1a: Talonflame|37/100\n|\n|upkeep\n|\n|t:|1776165231\n|switch|p2b: Basculegion|Basculegion, L50, M|72/100\n|turn|4\n|\n|t:|1776165245\n|move|p2a: Floette|Protect|p2a: Floette\n|-singleturn|p2a: Floette|Protect\n|move|p1b: Meowscarada|Knock Off|p2b: Basculegion\n|-supereffective|p2b: Basculegion|1\n|-damage|p2b: Basculegion|0 fnt\n|-enditem|p2b: Basculegion|Choice Scarf|[from] move: Knock Off|[of] p1b: Meowscarada\n|faint|p2b: Basculegion\n|move|p1a: Talonflame|Flare Blitz|p2a: Floette\n|-activate|p2a: Floette|move: Protect\n|\n|-sideend|p2: Relzid|move: Tailwind\n|-sideend|p1: zangiefwin|move: Tailwind\n|upkeep\n|\n|t:|1776165255\n|switch|p2b: Sneasler|Sneasler, L50, F|100/100\n|turn|5\n|\n|t:|1776165269\n|move|p2a: Floette|Protect|p2a: Floette\n|-singleturn|p2a: Floette|Protect\n|move|p1b: Meowscarada|Knock Off|p2a: Floette\n|-activate|p2a: Floette|move: Protect\n|move|p1a: Talonflame|Dual Wingbeat|p2b: Sneasler\n|-supereffective|p2b: Sneasler|1\n|-damage|p2b: Sneasler|39/100\n|-supereffective|p2b: Sneasler|1\n|-damage|p2b: Sneasler|0 fnt\n|faint|p2b: Sneasler\n|-hitcount|p2: Sneasler|2\n|\n|upkeep\n|turn|6\n|-message|Relzid forfeited.\n|\n|win|zangiefwin\n|raw|zangiefwin's rating: 1199 &rarr; <strong>1231</strong><br />(+32 for winning)\n|raw|Relzid's rating: 1301 &rarr; <strong>1275</strong><br />(-26 for losing)\n|l|\u2606Relzid\n|player|p2|\n",
  "uploadtime": 1776165283,
  "views": 30,
  "formatid": "gen9championsvgc2026regma",
  "rating": 1231,
  "private": 0,
  "password": null
}