{
  "id": "gen9championsvgc2026regma-2586028042",
  "format": "[Gen 9 Champions] VGC 2026 Reg M-A",
  "players": [
    "Phillip Blevin",
    "quazyman97"
  ],
  "log": "|j|\u2606Phillip Blevin\n|j|\u2606quazyman97\n|t:|1776391676\n|gametype|doubles\n|player|p1|Phillip Blevin|cynthia-masters4|1307\n|player|p2|quazyman97|101|1208\n|gen|9\n|tier|[Gen 9 Champions] VGC 2026 Reg M-A\n|rated|\n|rule|Species Clause: Limit one of each Pok\u00e9mon\n|rule|Item Clause: Limit 1 of each item\n|clearpoke\n|poke|p1|Froslass, L50, F|\n|poke|p1|Corviknight, L50, F|\n|poke|p1|Sneasler, L50, F|\n|poke|p1|Rotom-Mow, L50|\n|poke|p1|Incineroar, L50, F|\n|poke|p1|Gyarados, L50, M|\n|poke|p2|Abomasnow, L50, F|\n|poke|p2|Crabominable, L50, F|\n|poke|p2|Sinistcha, L50|\n|poke|p2|Hatterene, L50, F|\n|poke|p2|Empoleon, L50, F|\n|poke|p2|Arcanine-Hisui, L50, M|\n|teampreview|4\n|inactive|Battle timer is ON: inactive players will automatically lose when time's up. (requested by Phillip Blevin)\nPhillip Blevin has agreed to open team sheets.\n|inactive|quazyman97 has 60 seconds left.\n|\n|t:|1776391731\n|teamsize|p1|4\n|teamsize|p2|4\n|start\n|switch|p1a: Froslass|Froslass, L50, F|100/100\n|switch|p1b: Corviknight|Corviknight, L50, F|100/100\n|switch|p2a: Empoleon|Empoleon, L50, F|100/100\n|switch|p2b: Crabominable|Crabominable, L50, F|100/100\n|turn|1\n|inactive|quazyman97 has 30 seconds left.\n|inactive|quazyman97 has 20 seconds left.\n|\n|t:|1776391767\n|detailschange|p1a: Froslass|Froslass-Mega, L50, F\n|-mega|p1a: Froslass|Froslass|Froslassite\n|-weather|Snowscape|[from] ability: Snow Warning|[of] p1a: Froslass\n|detailschange|p2b: Crabominable|Crabominable-Mega, L50, F\n|-mega|p2b: Crabominable|Crabominable|Crabominite\n|move|p2b: Crabominable|Protect|p2b: Crabominable\n|-singleturn|p2b: Crabominable|Protect\n|move|p1a: Froslass|Aurora Veil|p1a: Froslass\n|-sidestart|p1: Phillip Blevin|move: Aurora Veil\n|move|p2a: Empoleon|Flash Cannon|p1a: Froslass\n|-supereffective|p1a: Froslass|1\n|-damage|p1a: Froslass|41/100\n|move|p1b: Corviknight|Bulk Up|p1b: Corviknight\n|-boost|p1b: Corviknight|atk|1\n|-boost|p1b: Corviknight|def|1\n|\n|-weather|Snowscape|[upkeep]\n|upkeep\n|turn|2\n|\n|t:|1776391786\n|move|p1a: Froslass|Shadow Ball|p2a: Empoleon\n|-damage|p2a: Empoleon|55/100\n|move|p2a: Empoleon|Flash Cannon|p1a: Froslass\n|-supereffective|p1a: Froslass|1\n|-damage|p1a: Froslass|0 fnt\n|faint|p1a: Froslass\n|move|p1b: Corviknight|Body Press|p2b: Crabominable\n|-supereffective|p2b: Crabominable|1\n|-damage|p2b: Crabominable|60/100\n|move|p2b: Crabominable|Ice Hammer|p1b: Corviknight\n|-damage|p1b: Corviknight|79/100\n|-unboost|p2b: Crabominable|spe|1\n|\n|-weather|Snowscape|[upkeep]\n|-heal|p1b: Corviknight|84/100|[from] item: Leftovers\n|upkeep\n|\n|t:|1776391794\n|switch|p1a: Sneasler|Sneasler, L50, F|100/100\n|-ability|p1a: Sneasler|Pressure\n|turn|3\n|\n|t:|1776391819\n|switch|p2a: Arcanine|Arcanine-Hisui, L50, M|100/100\n|-ability|p2a: Arcanine|Intimidate|boost\n|-unboost|p1a: Sneasler|atk|1\n|-ability|p1b: Corviknight|Mirror Armor\n|-unboost|p2a: Arcanine|atk|1\n|-enditem|p1a: Sneasler|White Herb\n|-clearnegativeboost|p1a: Sneasler|[silent]\n|move|p1a: Sneasler|Fake Out|p2b: Crabominable\n|-damage|p2b: Crabominable|53/100\n|move|p1b: Corviknight|Body Press|p2a: Arcanine\n|-supereffective|p2a: Arcanine|1\n|-damage|p2a: Arcanine|22/100\n|cant|p2b: Crabominable|flinch\n|\n|-weather|Snowscape|[upkeep]\n|-heal|p1b: Corviknight|90/100|[from] item: Leftovers\n|upkeep\n|turn|4\n|\n|t:|1776391841\n|move|p2a: Arcanine|Protect|p2a: Arcanine\n|-singleturn|p2a: Arcanine|Protect\n|move|p1a: Sneasler|Close Combat|p2a: Arcanine\n|-activate|p2a: Arcanine|move: Protect\n|move|p1b: Corviknight|Bulk Up|p1b: Corviknight\n|-boost|p1b: Corviknight|atk|1\n|-boost|p1b: Corviknight|def|1\n|move|p2b: Crabominable|Drain Punch|p1b: Corviknight\n|-damage|p1b: Corviknight|77/100\n|-heal|p2b: Crabominable|60/100|[from] drain|[of] p1b: Corviknight\n|\n|-weather|Snowscape|[upkeep]\n|-heal|p1b: Corviknight|83/100|[from] item: Leftovers\n|upkeep\n|turn|5\n|\n|t:|1776391858\n|move|p2b: Crabominable|Protect|p2b: Crabominable\n|-singleturn|p2b: Crabominable|Protect\n|move|p1a: Sneasler|Close Combat|p2a: Arcanine\n|-supereffective|p2a: Arcanine|1\n|-damage|p2a: Arcanine|0 fnt\n|-unboost|p1a: Sneasler|def|1\n|-unboost|p1a: Sneasler|spd|1\n|faint|p2a: Arcanine\n|move|p1b: Corviknight|Body Press|p2b: Crabominable\n|-activate|p2b: Crabominable|move: Protect\n|\n|-weather|none\n|-heal|p1b: Corviknight|89/100|[from] item: Leftovers\n|-sideend|p1: Phillip Blevin|move: Aurora Veil\n|upkeep\n|\n|t:|1776391876\n|switch|p2a: Hatterene|Hatterene, L50, F|100/100\n|turn|6\n|\n|t:|1776391887\n|move|p1a: Sneasler|Dire Claw|p2a: Hatterene\n|-supereffective|p2a: Hatterene|1\n|-damage|p2a: Hatterene|14/100\n|move|p1b: Corviknight|Brave Bird|p2a: Hatterene\n|-damage|p2a: Hatterene|0 fnt\n|faint|p2a: Hatterene\n|-damage|p1b: Corviknight|86/100|[from] Recoil\n|move|p2b: Crabominable|Ice Hammer|p1a: Sneasler\n|-damage|p1a: Sneasler|0 fnt\n|-unboost|p2b: Crabominable|spe|1\n|faint|p1a: Sneasler\n|\n|-heal|p1b: Corviknight|92/100|[from] item: Leftovers\n|upkeep\n|\n|t:|1776391900\n|switch|p1a: Incineroar|Incineroar, L50, F|100/100\n|switch|p2a: Empoleon|Empoleon, L50, F|55/100\n|-ability|p1a: Incineroar|Intimidate|boost\n|-unboost|p2a: Empoleon|atk|1\n|-ability|p2a: Empoleon|Competitive|boost\n|-boost|p2a: Empoleon|spa|2\n|-unboost|p2b: Crabominable|atk|1\n|turn|7\n|\n|t:|1776391914\n|move|p1a: Incineroar|Fake Out|p2a: Empoleon\n|-resisted|p2a: Empoleon|1\n|-damage|p2a: Empoleon|48/100\n|cant|p2a: Empoleon|flinch\n|move|p1b: Corviknight|Body Press|p2a: Empoleon\n|-supereffective|p2a: Empoleon|1\n|-damage|p2a: Empoleon|0 fnt\n|faint|p2a: Empoleon\n|move|p2b: Crabominable|Drain Punch|p1b: Corviknight\n|-damage|p1b: Corviknight|80/100\n|-heal|p2b: Crabominable|66/100|[from] drain|[of] p1b: Corviknight\n|\n|-heal|p1b: Corviknight|86/100|[from] item: Leftovers\n|upkeep\n|turn|8\n|-message|quazyman97 forfeited.\n|\n|win|Phillip Blevin\n|raw|Phillip Blevin's rating: 1307 &rarr; <strong>1321</strong><br />(+14 for winning)\n|raw|quazyman97's rating: 1208 &rarr; <strong>1190</strong><br />(-18 for losing)\n",
  "uploadtime": 1776391922,
  "views": 16,
  "formatid": "gen9championsvgc2026regma",
  "rating": 1190,
  "private": 0,
  "password": null
}