{
  "id": "gen9championsvgc2026regma-2582199555",
  "format": "[Gen 9 Champions] VGC 2026 Reg M-A",
  "players": [
    "citricsage",
    "StealphyMouse"
  ],
  "log": "|j|\u2606citricsage\n|j|\u2606StealphyMouse\n|t:|1776070411\n|gametype|doubles\n|player|p1|citricsage|rika|1139\n|player|p2|StealphyMouse|bellelba|1049\n|gen|9\n|tier|[Gen 9 Champions] VGC 2026 Reg M-A\n|rated|\n|rule|Species Clause: Limit one of each Pok\u00e9mon\n|rule|Item Clause: Limit 1 of each item\n|clearpoke\n|poke|p1|Victreebel, L50, F|\n|poke|p1|Milotic, L50, M|\n|poke|p1|Kingambit, L50, M|\n|poke|p1|Garchomp, L50, F|\n|poke|p1|Talonflame, L50, M|\n|poke|p1|Heracross, L50, F|\n|poke|p2|Froslass, L50, F|\n|poke|p2|Incineroar, L50, F|\n|poke|p2|Garchomp, L50, F|\n|poke|p2|Orthworm, L50, F|\n|poke|p2|Basculegion, L50, M|\n|poke|p2|Rotom-Frost, L50|\n|teampreview|4\n|\n|t:|1776070440\n|teamsize|p1|4\n|teamsize|p2|4\n|start\n|switch|p1a: Hisame|Milotic, L50, M|100/100\n|switch|p1b: Octobomb|Victreebel, L50, F|100/100\n|switch|p2a: Orthworm|Orthworm, L50, F|100/100\n|switch|p2b: Incineroar|Incineroar, L50, F, shiny|100/100\n|-ability|p2b: Incineroar|Intimidate|boost\n|-unboost|p1a: Hisame|atk|1\n|-ability|p1a: Hisame|Competitive|boost\n|-boost|p1a: Hisame|spa|2\n|-unboost|p1b: Octobomb|atk|1\n|turn|1\n|\n|t:|1776070463\n|detailschange|p1b: Octobomb|Victreebel-Mega, L50, F\n|-mega|p1b: Octobomb|Victreebel|Victreebelite\n|move|p2b: Incineroar|Fake Out|p1a: Hisame\n|-damage|p1a: Hisame|84/100\n|cant|p1a: Hisame|flinch\n|move|p1b: Octobomb|Encore|p2b: Incineroar\n|-start|p2b: Incineroar|Encore\n|move|p2a: Orthworm|Shed Tail|p2a: Orthworm\n|-start|p2a: Orthworm|Substitute|[from] move: Shed Tail\n|-damage|p2a: Orthworm|50/100\n|-enditem|p2a: Orthworm|Sitrus Berry|[eat]\n|-heal|p2a: Orthworm|75/100|[from] item: Sitrus Berry\n|\n|t:|1776070476\n|switch|p2a: Froslass|Froslass, L50, F, shiny|100/100|[from] Shed Tail\n|\n|-heal|p1a: Hisame|90/100|[from] item: Leftovers\n|upkeep\n|turn|2\n|\n|t:|1776070492\n|switch|p2b: Rotom|Rotom-Frost, L50, shiny|100/100\n|detailschange|p2a: Froslass|Froslass-Mega, L50, F, shiny\n|-mega|p2a: Froslass|Froslass|Froslassite\n|-weather|Snowscape|[from] ability: Snow Warning|[of] p2a: Froslass\n|move|p2a: Froslass|Nasty Plot|p2a: Froslass\n|-boost|p2a: Froslass|spa|2\n|move|p1a: Hisame|Muddy Water|p2a: Froslass|[spread] p2a,p2b\n|-crit|p2a: Froslass\n|-end|p2a: Froslass|Substitute\n|-damage|p2b: Rotom|19/100\n|move|p1b: Octobomb|Encore|p2a: Froslass\n|-start|p2a: Froslass|Encore\n|\n|-weather|Snowscape|[upkeep]\n|-heal|p1a: Hisame|96/100|[from] item: Leftovers\n|upkeep\n|turn|3\n|\n|t:|1776070515\n|switch|p2a: Orthworm|Orthworm, L50, F|75/100\n|move|p2b: Rotom|Blizzard|p1a: Hisame|[spread] p1a,p1b\n|-resisted|p1a: Hisame|1\n|-supereffective|p1b: Octobomb|1\n|-damage|p1a: Hisame|80/100\n|-damage|p1b: Octobomb|1/100\n|move|p1a: Hisame|Muddy Water|p2a: Orthworm|[spread] p2a\n|-miss|p1a: Hisame|p2b: Rotom\n|-damage|p2a: Orthworm|0 fnt\n|faint|p2a: Orthworm\n|move|p1b: Octobomb|Sludge Bomb|p2b: Rotom\n|-damage|p2b: Rotom|0 fnt\n|faint|p2b: Rotom\n|\n|-weather|Snowscape|[upkeep]\n|-heal|p1a: Hisame|86/100|[from] item: Leftovers\n|upkeep\n|\n|t:|1776070525\n|switch|p2b: Incineroar|Incineroar, L50, F, shiny|100/100\n|switch|p2a: Froslass|Froslass-Mega, L50, F, shiny|100/100\n|-ability|p2b: Incineroar|Intimidate|boost\n|-unboost|p1a: Hisame|atk|1\n|-ability|p1a: Hisame|Competitive|boost\n|-boost|p1a: Hisame|spa|2\n|-unboost|p1b: Octobomb|atk|1\n|turn|4\n|\n|t:|1776070562\n|move|p1a: Hisame|Protect|p1a: Hisame\n|-singleturn|p1a: Hisame|Protect\n|move|p2b: Incineroar|Fake Out|p1b: Octobomb\n|-damage|p1b: Octobomb|0 fnt\n|-damage|p2b: Incineroar|99/100|[from] ability: Innards Out|[of] p1b: Octobomb\n|faint|p1b: Octobomb\n|move|p2a: Froslass|Nasty Plot|p2a: Froslass\n|-boost|p2a: Froslass|spa|2\n|\n|-weather|Snowscape|[upkeep]\n|-heal|p1a: Hisame|92/100|[from] item: Leftovers\n|upkeep\n|\n|t:|1776070572\n|switch|p1b: Kumugi|Talonflame, L50, M|100/100\n|turn|5\n|\n|t:|1776070608\n|move|p2a: Froslass|Protect|p2a: Froslass\n|-singleturn|p2a: Froslass|Protect\n|move|p1b: Kumugi|Tailwind|p1b: Kumugi\n|-sidestart|p1: citricsage|move: Tailwind\n|move|p1a: Hisame|Muddy Water|p2b: Incineroar|[spread] p2b\n|-activate|p2a: Froslass|move: Protect\n|-supereffective|p2b: Incineroar|1\n|-damage|p2b: Incineroar|0 fnt\n|faint|p2b: Incineroar\n|\n|-weather|Snowscape|[upkeep]\n|-heal|p1a: Hisame|98/100|[from] item: Leftovers\n|upkeep\n|turn|6\n|\n|t:|1776070619\n|move|p1b: Kumugi|Flare Blitz|p2a: Froslass\n|-supereffective|p2a: Froslass|1\n|-damage|p2a: Froslass|0 fnt\n|faint|p2a: Froslass\n|-damage|p1b: Kumugi|70/100|[from] Recoil\n|\n|win|citricsage\n|raw|citricsage's rating: 1139 &rarr; <strong>1158</strong><br />(+19 for winning)\n|raw|StealphyMouse's rating: 1049 &rarr; <strong>1036</strong><br />(-13 for losing)\n|l|\u2606StealphyMouse\n|player|p2|\n",
  "uploadtime": 1776070625,
  "views": 35,
  "formatid": "gen9championsvgc2026regma",
  "rating": 1036,
  "private": 0,
  "password": null
}