{
  "id": "gen9championsvgc2026regma-2589492964",
  "format": "[Gen 9 Champions] VGC 2026 Reg M-A",
  "players": [
    "Baba Banjo",
    "cheesechessflavour"
  ],
  "log": "|j|\u2606Baba Banjo\n|j|\u2606cheesechessflavour\n|t:|1776727935\n|gametype|doubles\n|player|p1|Baba Banjo|unknown|1180\n|player|p2|cheesechessflavour|pokemaniac|1163\n|gen|9\n|tier|[Gen 9 Champions] VGC 2026 Reg M-A\n|rated|\n|rule|Species Clause: Limit one of each Pok\u00e9mon\n|rule|Item Clause: Limit 1 of each item\n|clearpoke\n|poke|p1|Scizor, L50, M|\n|poke|p1|Pelipper, L50, F|\n|poke|p1|Kangaskhan, L50, F|\n|poke|p1|Basculegion, L50, M|\n|poke|p1|Mamoswine, L50, F|\n|poke|p1|Clefable, L50, M|\n|poke|p2|Pelipper, L50, F|\n|poke|p2|Starmie, L50|\n|poke|p2|Archaludon, L50, M|\n|poke|p2|Incineroar, L50, M|\n|poke|p2|Sneasler, L50, F|\n|poke|p2|Basculegion, L50, M|\n|teampreview|4\n|inactive|Battle timer is ON: inactive players will automatically lose when time's up. (requested by cheesechessflavour)\n|inactive|Baba Banjo has 60 seconds left.\n|\n|t:|1776727968\n|teamsize|p1|4\n|teamsize|p2|4\n|start\n|switch|p1a: Kangaskhan|Kangaskhan, L50, F|100/100\n|switch|p1b: Pelipper|Pelipper, L50, F|100/100\n|switch|p2a: Sneasler|Sneasler, L50, F|100/100\n|switch|p2b: Incineroar|Incineroar, L50, M|100/100\n|-weather|RainDance|[from] ability: Drizzle|[of] p1b: Pelipper\n|-ability|p2b: Incineroar|Intimidate|boost\n|-fail|p1a: Kangaskhan|unboost|Attack|[from] ability: Inner Focus|[of] p1a: Kangaskhan\n|-unboost|p1b: Pelipper|atk|1\n|turn|1\n|inactive|cheesechessflavour has 30 seconds left.\n|\n|t:|1776728000\n|move|p1a: Kangaskhan|Fake Out|p2a: Sneasler\n|-damage|p2a: Sneasler|70/100\n|cant|p2a: Sneasler|flinch\n|move|p1b: Pelipper|Tailwind|p1b: Pelipper\n|-sidestart|p1: Baba Banjo|move: Tailwind\n|move|p2b: Incineroar|Parting Shot|p1a: Kangaskhan\n|-unboost|p1a: Kangaskhan|atk|1\n|-unboost|p1a: Kangaskhan|spa|1\n|\n|t:|1776728014\n|switch|p2b: Basculegion|Basculegion, L50, M|100/100|[from] Parting Shot\n|\n|-weather|RainDance|[upkeep]\n|upkeep\n|turn|2\n|\n|t:|1776728033\n|switch|p1a: Basculegion|Basculegion, L50, M|100/100\n|move|p2b: Basculegion|Wave Crash|p1a: Basculegion\n|-resisted|p1a: Basculegion|1\n|-damage|p1a: Basculegion|23/100\n|-damage|p2b: Basculegion|75/100|[from] Recoil\n|move|p1b: Pelipper|Hurricane|p2a: Sneasler\n|-supereffective|p2a: Sneasler|1\n|-damage|p2a: Sneasler|0 fnt\n|faint|p2a: Sneasler\n|\n|-weather|RainDance|[upkeep]\n|upkeep\n|\n|t:|1776728048\n|switch|p2a: Incineroar|Incineroar, L50, M|100/100\n|-ability|p2a: Incineroar|Intimidate|boost\n|-unboost|p1a: Basculegion|atk|1\n|-unboost|p1b: Pelipper|atk|1\n|turn|3\n|\n|t:|1776728062\n|move|p2a: Incineroar|Fake Out|p1b: Pelipper\n|-damage|p1b: Pelipper|87/100\n|move|p1a: Basculegion|Flip Turn|p2b: Basculegion\n|-resisted|p2b: Basculegion|1\n|-damage|p2b: Basculegion|52/100\n|\n|t:|1776728070\n|switch|p1a: Kangaskhan|Kangaskhan, L50, F|100/100|[from] Flip Turn\n|move|p2b: Basculegion|Last Respects|p1a: Kangaskhan\n|-immune|p1a: Kangaskhan\n|cant|p1b: Pelipper|flinch\n|\n|-weather|RainDance|[upkeep]\n|upkeep\n|turn|4\n|\n|t:|1776728088\n|move|p2b: Basculegion|Last Respects|p1b: Pelipper\n|-damage|p1b: Pelipper|14/100\n|move|p1b: Pelipper|Weather Ball|p2a: Incineroar\n|-supereffective|p2a: Incineroar|1\n|-damage|p2a: Incineroar|4/100\n|-enditem|p2a: Incineroar|Sitrus Berry|[eat]\n|-heal|p2a: Incineroar|29/100|[from] item: Sitrus Berry\n|move|p1a: Kangaskhan|Crunch|p2b: Basculegion\n|-supereffective|p2b: Basculegion|1\n|-damage|p2b: Basculegion|0 fnt\n|faint|p2b: Basculegion\n|move|p2a: Incineroar|Parting Shot|p1a: Kangaskhan\n|-unboost|p1a: Kangaskhan|atk|1\n|-unboost|p1a: Kangaskhan|spa|1\n|\n|t:|1776728105\n|switch|p2a: Pelipper|Pelipper, L50, F|100/100|[from] Parting Shot\n|\n|-weather|RainDance|[upkeep]\n|-sideend|p1: Baba Banjo|move: Tailwind\n|upkeep\n|\n|t:|1776728107\n|switch|p2b: Incineroar|Incineroar, L50, M|29/100\n|-ability|p2b: Incineroar|Intimidate|boost\n|-fail|p1a: Kangaskhan|unboost|Attack|[from] ability: Inner Focus|[of] p1a: Kangaskhan\n|-unboost|p1b: Pelipper|atk|1\n|turn|5\n|\n|t:|1776728126\n|switch|p1a: Scizor|Scizor, L50, M|100/100\n|move|p2b: Incineroar|Fake Out|p1a: Scizor\n|-resisted|p1a: Scizor|1\n|-damage|p1a: Scizor|95/100\n|move|p1b: Pelipper|Tailwind|p1b: Pelipper\n|-sidestart|p1: Baba Banjo|move: Tailwind\n|move|p2a: Pelipper|Muddy Water|p1a: Scizor|[spread] p1a,p1b\n|-resisted|p1b: Pelipper|1\n|-crit|p1b: Pelipper\n|-damage|p1a: Scizor|44/100\n|-damage|p1b: Pelipper|0 fnt\n|faint|p1b: Pelipper\n|\n|-weather|none\n|upkeep\n|\n|t:|1776728143\n|switch|p1b: Kangaskhan|Kangaskhan, L50, F|100/100\n|turn|6\n|\n|t:|1776728155\n|detailschange|p1b: Kangaskhan|Kangaskhan-Mega, L50, F\n|-mega|p1b: Kangaskhan|Kangaskhan|Kangaskhanite\n|move|p1b: Kangaskhan|Double-Edge|p2a: Pelipper\n|-damage|p2a: Pelipper|22/100\n|-damage|p2a: Pelipper|1/100\n|-hitcount|p2a: Pelipper|2\n|-damage|p1b: Kangaskhan|77/100|[from] Recoil\n|move|p1a: Scizor|Close Combat|p2b: Incineroar\n|-supereffective|p2b: Incineroar|1\n|-damage|p2b: Incineroar|0 fnt\n|-unboost|p1a: Scizor|def|1\n|-unboost|p1a: Scizor|spd|1\n|faint|p2b: Incineroar\n|move|p2a: Pelipper|Tailwind|p2a: Pelipper\n|-sidestart|p2: cheesechessflavour|move: Tailwind\n|\n|upkeep\n|turn|7\n|c|\u2606Baba Banjo|gg\n|\n|t:|1776728174\n|move|p1a: Scizor|Bullet Punch|p2a: Pelipper\n|-resisted|p2a: Pelipper|1\n|-damage|p2a: Pelipper|0 fnt\n|faint|p2a: Pelipper\n|\n|win|Baba Banjo\n|raw|Baba Banjo's rating: 1180 &rarr; <strong>1204</strong><br />(+24 for winning)\n|raw|cheesechessflavour's rating: 1163 &rarr; <strong>1139</strong><br />(-24 for losing)\n",
  "uploadtime": 1776728182,
  "views": 3,
  "formatid": "gen9championsvgc2026regma",
  "rating": 1139,
  "private": 0,
  "password": null
}