{
  "id": "gen9championsvgc2026regma-2584701543",
  "format": "[Gen 9 Champions] VGC 2026 Reg M-A",
  "players": [
    "jackoek11",
    "etrdyfyiu"
  ],
  "log": "|j|\u2606jackoek11\n|j|\u2606etrdyfyiu\n|t:|1776277740\n|gametype|doubles\n|player|p1|jackoek11|169|1315\n|player|p2|etrdyfyiu|266|1268\n|gen|9\n|tier|[Gen 9 Champions] VGC 2026 Reg M-A\n|rated|\n|rule|Species Clause: Limit one of each Pok\u00e9mon\n|rule|Item Clause: Limit 1 of each item\n|clearpoke\n|poke|p1|Incineroar, L50, F|\n|poke|p1|Gengar, L50, M|\n|poke|p1|Palafin, L50, F|\n|poke|p1|Sinistcha, L50|\n|poke|p1|Kingambit, L50, F|\n|poke|p1|Kommo-o, L50, F|\n|poke|p2|Palafin, L50, M|\n|poke|p2|Arcanine, L50, M|\n|poke|p2|Scizor, L50, M|\n|poke|p2|Tyranitar, L50, F|\n|poke|p2|Sneasler, L50, F|\n|poke|p2|Sinistcha, L50|\n|teampreview|4\n|inactive|Battle timer is ON: inactive players will automatically lose when time's up. (requested by etrdyfyiu)\n|\n|t:|1776277859\n|teamsize|p1|4\n|teamsize|p2|4\n|start\n|switch|p1a: Palafin|Palafin, L50, F, shiny|100/100\n|switch|p1b: Gengar|Gengar, L50, M|100/100\n|switch|p2a: Palafin|Palafin, L50, M|100/100\n|switch|p2b: Sneasler|Sneasler, L50, F, shiny|100/100\n|turn|1\n|inactive|jackoek11 has 30 seconds left.\n|\n|t:|1776277889\n|detailschange|p1a: Palafin|Palafin-Hero, L50, F, shiny\n|switch|p1a: Incineroar|Incineroar, L50, F|100/100\n|-ability|p1a: Incineroar|Intimidate|boost\n|-unboost|p2a: Palafin|atk|1\n|-unboost|p2b: Sneasler|atk|1\n|-enditem|p2b: Sneasler|White Herb\n|-clearnegativeboost|p2b: Sneasler|[silent]\n|detailschange|p1b: Gengar|Gengar-Mega, L50, M\n|-mega|p1b: Gengar|Gengar|Gengarite\n|move|p2b: Sneasler|Fake Out|p1a: Incineroar\n|-damage|p1a: Incineroar|87/100\n|move|p2a: Palafin|Flip Turn|p1b: Gengar\n|-damage|p1b: Gengar|82/100\n|\n|t:|1776277900\n|detailschange|p2a: Palafin|Palafin-Hero, L50, M\n|switch|p2a: Tyranitar|Tyranitar, L50, F, shiny|100/100|[from] Flip Turn\n|-weather|Sandstorm|[from] ability: Sand Stream|[of] p2a: Tyranitar\n|move|p1b: Gengar|Perish Song|p1b: Gengar\n|-start|p1a: Incineroar|perish3|[silent]\n|-start|p1b: Gengar|perish3|[silent]\n|-start|p2a: Tyranitar|perish3|[silent]\n|-start|p2b: Sneasler|perish3|[silent]\n|-fieldactivate|move: Perish Song\n|\n|-weather|Sandstorm|[upkeep]\n|-damage|p2b: Sneasler|95/100|[from] Sandstorm\n|-damage|p1b: Gengar|76/100|[from] Sandstorm\n|-damage|p1a: Incineroar|81/100|[from] Sandstorm\n|-start|p2b: Sneasler|perish3\n|-start|p1b: Gengar|perish3\n|-start|p1a: Incineroar|perish3\n|-start|p2a: Tyranitar|perish3\n|upkeep\n|turn|2\n|\n|t:|1776277924\n|detailschange|p2a: Tyranitar|Tyranitar-Mega, L50, F, shiny\n|-mega|p2a: Tyranitar|Tyranitar|Tyranitarite\n|move|p1b: Gengar|Protect|p1b: Gengar\n|-singleturn|p1b: Gengar|Protect\n|move|p1a: Incineroar|Protect|p1a: Incineroar\n|-singleturn|p1a: Incineroar|Protect\n|move|p2b: Sneasler|Close Combat|p1a: Incineroar\n|-activate|p1a: Incineroar|move: Protect\n|move|p2a: Tyranitar|Knock Off|p1b: Gengar\n|-activate|p1b: Gengar|move: Protect\n|\n|-weather|Sandstorm|[upkeep]\n|-damage|p2b: Sneasler|89/100|[from] Sandstorm\n|-damage|p1b: Gengar|70/100|[from] Sandstorm\n|-damage|p1a: Incineroar|75/100|[from] Sandstorm\n|-start|p2b: Sneasler|perish2\n|-start|p1b: Gengar|perish2\n|-start|p2a: Tyranitar|perish2\n|-start|p1a: Incineroar|perish2\n|upkeep\n|turn|3\n|\n|t:|1776277935\n|switch|p1b: Sinistcha|Sinistcha, L50|100/100\n|-heal|p1a: Incineroar|99/100|[from] ability: Hospitality|[of] p1b: Sinistcha\n|move|p2b: Sneasler|Close Combat|p1a: Incineroar\n|-supereffective|p1a: Incineroar|1\n|-damage|p1a: Incineroar|0 fnt\n|-unboost|p2b: Sneasler|def|1\n|-unboost|p2b: Sneasler|spd|1\n|faint|p1a: Incineroar\n|move|p2a: Tyranitar|Knock Off|p1b: Sinistcha\n|-supereffective|p1b: Sinistcha|1\n|-damage|p1b: Sinistcha|0 fnt\n|-enditem|p1b: Sinistcha|Leftovers|[from] move: Knock Off|[of] p2a: Tyranitar\n|faint|p1b: Sinistcha\n|\n|-weather|Sandstorm|[upkeep]\n|-damage|p2b: Sneasler|83/100|[from] Sandstorm\n|-start|p2b: Sneasler|perish1\n|-start|p2a: Tyranitar|perish1\n|upkeep\n|\n|t:|1776277942\n|switch|p1a: Gengar|Gengar-Mega, L50, M|70/100\n|switch|p1b: Palafin|Palafin-Hero, L50, F, shiny|100/100\n|-activate|p1b: Palafin|ability: Zero to Hero\n|turn|4\n|j| thebeast4895\n|\n|t:|1776277954\n|move|p1a: Gengar|Protect|p1a: Gengar\n|-singleturn|p1a: Gengar|Protect\n|move|p1b: Palafin|Protect|p1b: Palafin\n|-singleturn|p1b: Palafin|Protect\n|move|p2b: Sneasler|Close Combat|p1b: Palafin\n|-activate|p1b: Palafin|move: Protect\n|move|p2a: Tyranitar|Rock Slide|p1a: Gengar|[spread] \n|-activate|p1a: Gengar|move: Protect\n|-activate|p1b: Palafin|move: Protect\n|\n|-weather|Sandstorm|[upkeep]\n|-damage|p2b: Sneasler|78/100|[from] Sandstorm\n|-damage|p1a: Gengar|64/100|[from] Sandstorm\n|-damage|p1b: Palafin|95/100|[from] Sandstorm\n|-start|p2b: Sneasler|perish0\n|-start|p2a: Tyranitar|perish0\n|faint|p2b: Sneasler\n|faint|p2a: Tyranitar\n|upkeep\n|\n|t:|1776277959\n|switch|p2b: Sinistcha|Sinistcha, L50|100/100\n|switch|p2a: Palafin|Palafin-Hero, L50, M|100/100\n|-activate|p2a: Palafin|ability: Zero to Hero\n|turn|5\n|\n|t:|1776277970\n|move|p2b: Sinistcha|Protect|p2b: Sinistcha\n|-singleturn|p2b: Sinistcha|Protect\n|move|p2a: Palafin|Wave Crash|p1a: Gengar\n|-damage|p1a: Gengar|0 fnt\n|faint|p1a: Gengar\n|-damage|p2a: Palafin|83/100|[from] Recoil\n|move|p1b: Palafin|Wave Crash|p2b: Sinistcha\n|-activate|p2b: Sinistcha|move: Protect\n|\n|-weather|none\n|upkeep\n|turn|6\n|-message|jackoek11 forfeited.\n|\n|win|etrdyfyiu\n|raw|jackoek11's rating: 1315 &rarr; <strong>1292</strong><br />(-23 for losing)\n|raw|etrdyfyiu's rating: 1268 &rarr; <strong>1296</strong><br />(+28 for winning)\n|l|\u2606jackoek11\n|player|p1|\n|c|\u2606etrdyfyiu|gg\n|c| thebeast4895|did pala\n|c| thebeast4895|carry\n|c|\u2606etrdyfyiu|Nope\n|c|\u2606etrdyfyiu|He did obliterate gengar tho\n|c| thebeast4895|what did?\n|c|\u2606etrdyfyiu|after i got outplayed\n|c| thebeast4895|cuz i feel those pivots where really good\n|c| thebeast4895|from pala\n|c|\u2606etrdyfyiu|he didnt fake out with incine so i just 1 tapped incin and sin\n|c| thebeast4895|he couldn't\n|c| thebeast4895|he proably did\n|c| thebeast4895|your sneasler outspeed his incin\n|c| thebeast4895|so it made his flinch\n|c|\u2606etrdyfyiu|oh true\n",
  "uploadtime": 1776277984,
  "views": 40,
  "formatid": "gen9championsvgc2026regma",
  "rating": 1292,
  "private": 0,
  "password": null
}