{
  "id": "gen9championsvgc2026regma-2585983297",
  "format": "[Gen 9 Champions] VGC 2026 Reg M-A",
  "players": [
    "alt4206980085",
    "nelson2k"
  ],
  "log": "|j|\u2606alt4206980085\n|j|\u2606nelson2k\n|t:|1776387435\n|gametype|doubles\n|player|p1|alt4206980085|infielder|1166\n|player|p2|nelson2k|hiker|1194\n|gen|9\n|tier|[Gen 9 Champions] VGC 2026 Reg M-A\n|rated|\n|rule|Species Clause: Limit one of each Pok\u00e9mon\n|rule|Item Clause: Limit 1 of each item\n|clearpoke\n|poke|p1|Feraligatr, L50, F|\n|poke|p1|Sinistcha, L50|\n|poke|p1|Incineroar, L50, F|\n|poke|p1|Kangaskhan, L50, F|\n|poke|p1|Charizard, L50, F|\n|poke|p1|Venusaur, L50, M|\n|poke|p2|Blastoise, L50, M|\n|poke|p2|Talonflame, L50, M|\n|poke|p2|Pelipper, L50, M|\n|poke|p2|Farigiraf, L50, M|\n|poke|p2|Meganium, L50, F|\n|poke|p2|Garchomp, L50, M|\n|teampreview|4\n|\n|t:|1776387470\n|teamsize|p1|4\n|teamsize|p2|4\n|start\n|switch|p1a: Feraligatr|Feraligatr, L50, F|100/100\n|switch|p1b: Incineroar|Incineroar, L50, F|100/100\n|switch|p2a: Talonflame|Talonflame, L50, M, shiny|100/100\n|switch|p2b: Farigiraf|Farigiraf, L50, M|100/100\n|-ability|p1b: Incineroar|Intimidate|boost\n|-unboost|p2a: Talonflame|atk|1\n|-unboost|p2b: Farigiraf|atk|1\n|turn|1\n|\n|t:|1776387502\n|detailschange|p1a: Feraligatr|Feraligatr-Mega, L50, F\n|-mega|p1a: Feraligatr|Feraligatr|Feraligite\n|move|p2a: Talonflame|Tailwind|p2a: Talonflame\n|-sidestart|p2: nelson2k|move: Tailwind\n|move|p2b: Farigiraf|Hyper Voice|p1a: Feraligatr|[spread] p1a,p1b\n|-damage|p1a: Feraligatr|57/100\n|-damage|p1b: Incineroar|66/100\n|move|p1a: Feraligatr|Liquidation|p2a: Talonflame\n|-supereffective|p2a: Talonflame|1\n|-enditem|p2a: Talonflame|Focus Sash\n|-damage|p2a: Talonflame|1/100\n|-unboost|p2a: Talonflame|def|1\n|move|p1b: Incineroar|Flare Blitz|p2b: Farigiraf\n|-damage|p2b: Farigiraf|30/100\n|-damage|p1b: Incineroar|43/100|[from] Recoil\n|\n|-heal|p1b: Incineroar|49/100|[from] item: Leftovers\n|upkeep\n|turn|2\n|\n|t:|1776387530\n|move|p1a: Feraligatr|Protect|p1a: Feraligatr\n|-singleturn|p1a: Feraligatr|Protect\n|move|p2a: Talonflame|Brave Bird|p1a: Feraligatr\n|-activate|p1a: Feraligatr|move: Protect\n|move|p2b: Farigiraf|Hyper Voice|p1a: Feraligatr|[spread] p1b\n|-activate|p1a: Feraligatr|move: Protect\n|-damage|p1b: Incineroar|14/100\n|move|p1b: Incineroar|Flare Blitz|p2b: Farigiraf\n|-damage|p2b: Farigiraf|0 fnt\n|faint|p2b: Farigiraf\n|-damage|p1b: Incineroar|4/100|[from] Recoil\n|\n|-heal|p1b: Incineroar|10/100|[from] item: Leftovers\n|upkeep\n|\n|t:|1776387534\n|switch|p2b: Meganium|Meganium, L50, F|100/100\n|turn|3\n|\n|t:|1776387558\n|switch|p2a: Garchomp|Garchomp, L50, M|100/100\n|switch|p1b: Sinistcha|Sinistcha, L50, shiny|100/100\n|-heal|p1a: Feraligatr|82/100|[from] ability: Hospitality|[of] p1b: Sinistcha\n|detailschange|p2b: Meganium|Meganium-Mega, L50, F\n|-mega|p2b: Meganium|Meganium|Meganiumite\n|move|p2b: Meganium|Dazzling Gleam|p1b: Sinistcha|[spread] p1a,p1b\n|-supereffective|p1a: Feraligatr|1\n|-damage|p1a: Feraligatr|0 fnt\n|-damage|p1b: Sinistcha|62/100\n|faint|p1a: Feraligatr\n|\n|upkeep\n|\n|t:|1776387572\n|switch|p1a: Incineroar|Incineroar, L50, F|10/100\n|-ability|p1a: Incineroar|Intimidate|boost\n|-unboost|p2a: Garchomp|atk|1\n|-unboost|p2b: Meganium|atk|1\n|turn|4\n|\n|t:|1776387586\n|move|p1a: Incineroar|Fake Out|p2b: Meganium\n|-damage|p2b: Meganium|88/100\n|move|p2a: Garchomp|Rock Slide|p1b: Sinistcha|[spread] p1a\n|-miss|p2a: Garchomp|p1b: Sinistcha\n|-supereffective|p1a: Incineroar|1\n|-crit|p1a: Incineroar\n|-damage|p1a: Incineroar|0 fnt\n|faint|p1a: Incineroar\n|cant|p2b: Meganium|flinch\n|move|p1b: Sinistcha|Matcha Gotcha|p2a: Garchomp|[spread] p2b\n|-miss|p1b: Sinistcha|p2a: Garchomp\n|-resisted|p2b: Meganium|1\n|-damage|p2b: Meganium|74/100\n|-heal|p1b: Sinistcha|69/100|[from] drain|[of] p2b: Meganium\n|\n|-sideend|p2: nelson2k|move: Tailwind\n|upkeep\n|\n|t:|1776387601\n|switch|p1a: Kangaskhan|Kangaskhan, L50, F|100/100\n|turn|5\n|\n|t:|1776387617\n|move|p1a: Kangaskhan|Fake Out|p2a: Garchomp\n|-damage|p2a: Garchomp|82/100\n|-damage|p1a: Kangaskhan|88/100|[from] ability: Rough Skin|[of] p2a: Garchomp\n|cant|p2a: Garchomp|flinch\n|move|p2b: Meganium|Weather Ball|p1b: Sinistcha\n|-supereffective|p1b: Sinistcha|1\n|-damage|p1b: Sinistcha|0 fnt\n|faint|p1b: Sinistcha\n|\n|upkeep\n|turn|6\n|-message|alt4206980085 forfeited.\n|\n|win|nelson2k\n|raw|alt4206980085's rating: 1166 &rarr; <strong>1143</strong><br />(-23 for losing)\n|raw|nelson2k's rating: 1194 &rarr; <strong>1217</strong><br />(+23 for winning)\n|l|\u2606alt4206980085\n|player|p1|\n",
  "uploadtime": 1776387628,
  "views": 20,
  "formatid": "gen9championsvgc2026regma",
  "rating": 1143,
  "private": 0,
  "password": null
}