{
  "id": "gen9championsvgc2026regma-2585702352",
  "format": "[Gen 9 Champions] VGC 2026 Reg M-A",
  "players": [
    "Damir1345",
    "MegaMathew2009"
  ],
  "log": "|j|\u2606Damir1345\n|j|\u2606MegaMathew2009\n|t:|1776364759\n|gametype|doubles\n|player|p1|Damir1345|burgh|1055\n|player|p2|MegaMathew2009|bianca|1091\n|gen|9\n|tier|[Gen 9 Champions] VGC 2026 Reg M-A\n|rated|\n|rule|Species Clause: Limit one of each Pok\u00e9mon\n|rule|Item Clause: Limit 1 of each item\n|clearpoke\n|poke|p1|Drampa, L50, F|\n|poke|p1|Camerupt, L50, M|\n|poke|p1|Garganacl, L50, M|\n|poke|p1|Bellibolt, L50, F|\n|poke|p1|Araquanid, L50, F|\n|poke|p1|Farigiraf, L50, F|\n|poke|p2|Aggron, L50, M|\n|poke|p2|Sinistcha, L50|\n|poke|p2|Sneasler, L50, F|\n|poke|p2|Primarina, L50, M|\n|poke|p2|Typhlosion-Hisui, L50, M|\n|poke|p2|Tyranitar, L50, M|\n|teampreview|4\n|\n|t:|1776364792\n|teamsize|p1|4\n|teamsize|p2|4\n|start\n|switch|p1a: Drampa|Drampa, L50, F|100/100\n|switch|p1b: Farigiraf|Farigiraf, L50, F|100/100\n|switch|p2a: Aggron|Aggron, L50, M, shiny|100/100\n|switch|p2b: Sinistcha|Sinistcha, L50|100/100\n|turn|1\n|\n|t:|1776364816\n|detailschange|p2a: Aggron|Aggron-Mega, L50, M, shiny\n|-mega|p2a: Aggron|Aggron|Aggronite\n|detailschange|p1a: Drampa|Drampa-Mega, L50, F\n|-mega|p1a: Drampa|Drampa|Drampanite\n|move|p2b: Sinistcha|Matcha Gotcha|p1b: Farigiraf|[spread] p1a,p1b\n|-resisted|p1a: Drampa|1\n|-damage|p1a: Drampa|89/100\n|-damage|p1b: Farigiraf|82/100\n|-status|p1a: Drampa|brn\n|move|p2a: Aggron|Iron Defense|p2a: Aggron\n|-boost|p2a: Aggron|def|2\n|move|p1a: Drampa|Calm Mind|p1a: Drampa\n|-boost|p1a: Drampa|spa|1\n|-boost|p1a: Drampa|spd|1\n|move|p1b: Farigiraf|Trick Room|p1b: Farigiraf\n|-fieldstart|move: Trick Room|[of] p1b: Farigiraf\n|\n|-damage|p1a: Drampa|83/100 brn|[from] brn\n|upkeep\n|turn|2\n|\n|t:|1776364843\n|move|p1a: Drampa|Flamethrower|p2a: Aggron\n|-supereffective|p2a: Aggron|1\n|-damage|p2a: Aggron|18/100\n|move|p2a: Aggron|Body Press|p1a: Drampa\n|-supereffective|p1a: Drampa|1\n|-damage|p1a: Drampa|0 fnt\n|faint|p1a: Drampa\n|move|p1b: Farigiraf|Light Screen|p1b: Farigiraf\n|-sidestart|p1: Damir1345|move: Light Screen\n|move|p2b: Sinistcha|Matcha Gotcha|p1b: Farigiraf\n|-damage|p1b: Farigiraf|63/100\n|\n|upkeep\n|\n|t:|1776364858\n|switch|p1a: Camerupt|Camerupt, L50, M|100/100\n|turn|3\n|\n|t:|1776364886\n|switch|p1b: Bellibolt|Bellibolt, L50, F|100/100\n|switch|p2b: Primarina|Primarina, L50, M|100/100\n|move|p2a: Aggron|Protect|p2a: Aggron\n|-singleturn|p2a: Aggron|Protect\n|move|p1a: Camerupt|Eruption|p2b: Primarina|[spread] p2b\n|-activate|p2a: Aggron|move: Protect\n|-resisted|p2b: Primarina|1\n|-damage|p2b: Primarina|74/100\n|\n|upkeep\n|turn|4\n|\n|t:|1776364922\n|switch|p2a: Sinistcha|Sinistcha, L50|100/100\n|-heal|p2b: Primarina|99/100|[from] ability: Hospitality|[of] p2a: Sinistcha\n|move|p1a: Camerupt|Eruption|p2a: Sinistcha|[spread] p2a,p2b\n|-supereffective|p2a: Sinistcha|1\n|-resisted|p2b: Primarina|1\n|-damage|p2a: Sinistcha|0 fnt\n|-damage|p2b: Primarina|72/100\n|faint|p2a: Sinistcha\n|move|p1b: Bellibolt|Discharge|p2b: Primarina|[spread] p2b\n|-immune|p1a: Camerupt\n|-supereffective|p2b: Primarina|1\n|-damage|p2b: Primarina|26/100\n|-status|p2b: Primarina|par\n|move|p2b: Primarina|Hyper Voice|p1b: Bellibolt|[spread] p1a,p1b\n|-supereffective|p1a: Camerupt|2\n|-damage|p1a: Camerupt|0 fnt\n|-damage|p1b: Bellibolt|78/100\n|-start|p1b: Bellibolt|Charge|Hyper Voice|[from] ability: Electromorphosis\n|faint|p1a: Camerupt\n|\n|upkeep\n|\n|t:|1776364952\n|switch|p1a: Farigiraf|Farigiraf, L50, F|63/100\n|switch|p2a: Typhlosion|Typhlosion-Hisui, L50, M|100/100\n|turn|5\n|\n|t:|1776365010\n|switch|p2a: Aggron|Aggron-Mega, L50, M, shiny|18/100\n|move|p2b: Primarina|Protect|p2b: Primarina\n|-singleturn|p2b: Primarina|Protect\n|move|p1b: Bellibolt|Soak|p2a: Aggron\n|-start|p2a: Aggron|typechange|Water\n|move|p1a: Farigiraf|Psychic|p2b: Primarina\n|-activate|p2b: Primarina|move: Protect\n|\n|-fieldend|move: Trick Room\n|upkeep\n|turn|6\n|\n|t:|1776365050\n|move|p2a: Aggron|Body Press|p1a: Farigiraf\n|-damage|p1a: Farigiraf|21/100\n|move|p1b: Bellibolt|Parabolic Charge|p2b: Primarina|[spread] p1a,p2a,p2b\n|-supereffective|p2a: Aggron|1\n|-supereffective|p2b: Primarina|1\n|-damage|p1a: Farigiraf|0 fnt\n|-heal|p1b: Bellibolt|89/100|[from] drain|[of] p1a: Farigiraf\n|-damage|p2a: Aggron|0 fnt\n|-heal|p1b: Bellibolt|96/100|[from] drain|[of] p2a: Aggron\n|-damage|p2b: Primarina|0 fnt\n|-heal|p1b: Bellibolt|100/100|[from] drain|[of] p2b: Primarina\n|faint|p1a: Farigiraf\n|faint|p2a: Aggron\n|faint|p2b: Primarina\n|-end|p1b: Bellibolt|Charge|[silent]\n|\n|-sideend|p1: Damir1345|move: Light Screen\n|upkeep\n|\n|t:|1776365067\n|switch|p2a: Typhlosion|Typhlosion-Hisui, L50, M|100/100\n|turn|7\n|\n|t:|1776365085\n|move|p2a: Typhlosion|Eruption|p1b: Bellibolt\n|-damage|p1b: Bellibolt|45/100\n|-start|p1b: Bellibolt|Charge|Eruption|[from] ability: Electromorphosis\n|move|p1b: Bellibolt|Parabolic Charge|p2a: Typhlosion\n|-damage|p2a: Typhlosion|24/100\n|-heal|p1b: Bellibolt|72/100|[from] drain|[of] p2a: Typhlosion\n|-end|p1b: Bellibolt|Charge|[silent]\n|\n|upkeep\n|turn|8\n|\n|t:|1776365098\n|move|p2a: Typhlosion|Eruption|p1b: Bellibolt\n|-damage|p1b: Bellibolt|50/100\n|-start|p1b: Bellibolt|Charge|Eruption|[from] ability: Electromorphosis\n|move|p1b: Bellibolt|Discharge|p2a: Typhlosion\n|-damage|p2a: Typhlosion|0 fnt\n|faint|p2a: Typhlosion\n|-end|p1b: Bellibolt|Charge|[silent]\n|\n|win|Damir1345\n|raw|Damir1345's rating: 1055 &rarr; <strong>1090</strong><br />(+35 for winning)\n|raw|MegaMathew2009's rating: 1091 &rarr; <strong>1065</strong><br />(-26 for losing)\n",
  "uploadtime": 1776365108,
  "views": 20,
  "formatid": "gen9championsvgc2026regma",
  "rating": 1065,
  "private": 0,
  "password": null
}