{
  "id": "gen9championsvgc2026regma-2587047370",
  "format": "[Gen 9 Champions] VGC 2026 Reg M-A",
  "players": [
    "big worst belly",
    "Enekos"
  ],
  "log": "|j|\u2606big worst belly\n|j|\u2606Enekos\n|t:|1776486497\n|gametype|doubles\n|player|p1|big worst belly|101|1000\n|player|p2|Enekos|steven|1040\n|gen|9\n|tier|[Gen 9 Champions] VGC 2026 Reg M-A\n|rated|\n|rule|Species Clause: Limit one of each Pok\u00e9mon\n|rule|Item Clause: Limit 1 of each item\n|clearpoke\n|poke|p1|Politoed, L50, M|\n|poke|p1|Blastoise, L50, M|\n|poke|p1|Gyarados, L50, F|\n|poke|p1|Whimsicott, L50, F|\n|poke|p1|Dragapult, L50, F|\n|poke|p1|Incineroar, L50, F|\n|poke|p2|Gengar, L50, F, shiny|\n|poke|p2|Politoed, L50, F|\n|poke|p2|Aerodactyl, L50, M|\n|poke|p2|Incineroar, L50, M|\n|poke|p2|Sneasler, L50, M|\n|poke|p2|Garchomp, L50, F|\n|teampreview|4\n|inactive|Battle timer is ON: inactive players will automatically lose when time's up. (requested by big worst belly)\nEnekos rejected open team sheets.\n|inactive|Enekos has 60 seconds left.\n|\n|t:|1776486557\n|teamsize|p1|4\n|teamsize|p2|4\n|start\n|switch|p1a: Whimsicott|Whimsicott, L50, F|100/100\n|switch|p1b: Gyarados|Gyarados, L50, F|100/100\n|switch|p2a: Gengar|Gengar, L50, F, shiny|100/100\n|switch|p2b: Gymbro|Incineroar, L50, M|100/100\n|-ability|p1b: Gyarados|Intimidate|boost\n|-unboost|p2a: Gengar|atk|1\n|-unboost|p2b: Gymbro|atk|1\n|-ability|p2b: Gymbro|Intimidate|boost\n|-unboost|p1a: Whimsicott|atk|1\n|-unboost|p1b: Gyarados|atk|1\n|turn|1\n|\n|t:|1776486580\n|detailschange|p2a: Gengar|Gengar-Mega, L50, F, shiny\n|-mega|p2a: Gengar|Gengar|Gengarite\n|move|p2b: Gymbro|Fake Out|p1a: Whimsicott\n|-damage|p1a: Whimsicott|93/100\n|cant|p1a: Whimsicott|flinch\n|move|p2a: Gengar|Sludge Bomb|p1a: Whimsicott\n|-supereffective|p1a: Whimsicott|2\n|-damage|p1a: Whimsicott|0 fnt\n|faint|p1a: Whimsicott\n|move|p1b: Gyarados|Earthquake|p2b: Gymbro|[spread] p2a,p2b\n|-supereffective|p2a: Gengar|1\n|-supereffective|p2b: Gymbro|1\n|-damage|p2a: Gengar|44/100\n|-damage|p2b: Gymbro|74/100\n|\n|upkeep\n|\n|t:|1776486592\n|switch|p1a: Dragapult|Dragapult, L50, F|100/100\n|turn|2\n|inactive|Enekos has 30 seconds left.\n|\n|t:|1776486623\n|move|p2a: Gengar|Protect|p2a: Gengar\n|-singleturn|p2a: Gengar|Protect\n|move|p1a: Dragapult|Shadow Ball|p2a: Gengar\n|-activate|p2a: Gengar|move: Protect\n|move|p1b: Gyarados|Waterfall|p2b: Gymbro\n|-supereffective|p2b: Gymbro|1\n|-damage|p2b: Gymbro|29/100\n|-enditem|p2b: Gymbro|Sitrus Berry|[eat]\n|-heal|p2b: Gymbro|54/100|[from] item: Sitrus Berry\n|move|p2b: Gymbro|Parting Shot|p1b: Gyarados\n|-unboost|p1b: Gyarados|atk|1\n|-unboost|p1b: Gyarados|spa|1\n|\n|t:|1776486641\n|switch|p2b: Garchadomp|Garchomp, L50, F|100/100|[from] Parting Shot\n|\n|upkeep\n|turn|3\n|\n|t:|1776486657\n|switch|p2a: Gymbro|Incineroar, L50, M|54/100\n|-ability|p2a: Gymbro|Intimidate|boost\n|-fail|p1a: Dragapult|unboost|[from] ability: Clear Body|[of] p1a: Dragapult\n|-unboost|p1b: Gyarados|atk|1\n|move|p2b: Garchadomp|Dragon Claw|p1a: Dragapult\n|-supereffective|p1a: Dragapult|1\n|-damage|p1a: Dragapult|0 fnt\n|faint|p1a: Dragapult\n|move|p1b: Gyarados|Waterfall|p2b: Garchadomp\n|-damage|p2b: Garchadomp|83/100\n|-damage|p1b: Gyarados|88/100|[from] ability: Rough Skin|[of] p2b: Garchadomp\n|\n|upkeep\n|\n|t:|1776486664\n|switch|p1a: Blastoise|Blastoise, L50, M|100/100\n|turn|4\n|\n|t:|1776486687\n|detailschange|p1a: Blastoise|Blastoise-Mega, L50, M\n|-mega|p1a: Blastoise|Blastoise|Blastoisinite\n|move|p2a: Gymbro|Fake Out|p1a: Blastoise\n|-damage|p1a: Blastoise|88/100\n|move|p2b: Garchadomp|Dragon Claw|p1a: Blastoise\n|-damage|p1a: Blastoise|41/100\n|move|p1b: Gyarados|Waterfall|p2b: Garchadomp\n|-damage|p2b: Garchadomp|63/100\n|-damage|p1b: Gyarados|76/100|[from] ability: Rough Skin|[of] p2b: Garchadomp\n|cant|p1a: Blastoise|flinch\n|\n|upkeep\n|turn|5\n|-message|big worst belly forfeited.\n|\n|win|Enekos\n|raw|big worst belly's rating: 1000 &rarr; <strong>1000</strong><br />(+0 for losing)\n|raw|Enekos's rating: 1040 &rarr; <strong>1070</strong><br />(+30 for winning)\n|l|\u2606big worst belly\n|player|p1|\n",
  "uploadtime": 1776486710,
  "views": 15,
  "formatid": "gen9championsvgc2026regma",
  "rating": 1000,
  "private": 0,
  "password": null
}