{
  "id": "gen9championsvgc2026regma-2585768089",
  "format": "[Gen 9 Champions] VGC 2026 Reg M-A",
  "players": [
    "iD0ntSweep",
    "sgminer"
  ],
  "log": "|j|\u2606iD0ntSweep\n|j|\u2606sgminer\n|t:|1776369237\n|gametype|doubles\n|player|p1|iD0ntSweep|elesa|1074\n|player|p2|sgminer|1|1034\n|gen|9\n|tier|[Gen 9 Champions] VGC 2026 Reg M-A\n|rated|\n|rule|Species Clause: Limit one of each Pok\u00e9mon\n|rule|Item Clause: Limit 1 of each item\n|clearpoke\n|poke|p1|Delphox, L50, F|\n|poke|p1|Oranguru, L50, M|\n|poke|p1|Torkoal, L50, M|\n|poke|p1|Rotom-Wash, L50|\n|poke|p1|Milotic, L50, F|\n|poke|p1|Venusaur, L50, F|\n|poke|p2|Drampa, L50, M|\n|poke|p2|Aggron, L50, F|\n|poke|p2|Sinistcha, L50|\n|poke|p2|Incineroar, L50, F|\n|poke|p2|Farigiraf, L50, M|\n|poke|p2|Sneasler, L50, F|\n|teampreview|4\n|inactive|Battle timer is ON: inactive players will automatically lose when time's up. (requested by iD0ntSweep)\nsgminer rejected open team sheets.\n|inactive|iD0ntSweep has 60 seconds left.\n|inactive|sgminer has 60 seconds left.\n|\n|t:|1776369292\n|teamsize|p1|4\n|teamsize|p2|4\n|start\n|switch|p1a: Oranguru|Oranguru, L50, M|100/100\n|switch|p1b: Delphox|Delphox, L50, F, shiny|100/100\n|switch|p2a: Incineroar|Incineroar, L50, F|100/100\n|switch|p2b: Farigiraf|Farigiraf, L50, M|100/100\n|-ability|p2a: Incineroar|Intimidate|boost\n|-fail|p1a: Oranguru|unboost|Attack|[from] ability: Inner Focus|[of] p1a: Oranguru\n|-unboost|p1b: Delphox|atk|1\n|turn|1\n|\n|t:|1776369315\n|detailschange|p1b: Delphox|Delphox-Mega, L50, F, shiny\n|-mega|p1b: Delphox|Delphox|Delphoxite\n|move|p2a: Incineroar|Fake Out|p1a: Oranguru\n|-damage|p1a: Oranguru|89/100\n|move|p1b: Delphox|Calm Mind|p1b: Delphox\n|-boost|p1b: Delphox|spa|1\n|-boost|p1b: Delphox|spd|1\n|move|p1a: Oranguru|Trick Room|p1a: Oranguru\n|-fieldstart|move: Trick Room|[of] p1a: Oranguru\n|move|p2b: Farigiraf|Trick Room|p2b: Farigiraf\n|-fieldend|move: Trick Room\n|\n|upkeep\n|turn|2\n|inactive|sgminer has 30 seconds left.\n|\n|t:|1776369342\n|move|p1b: Delphox|Heat Wave|p2a: Incineroar|[spread] p2a,p2b\n|-resisted|p2a: Incineroar|1\n|-damage|p2a: Incineroar|68/100\n|-damage|p2b: Farigiraf|54/100\n|move|p2a: Incineroar|Parting Shot|p1b: Delphox\n|-unboost|p1b: Delphox|atk|1\n|-unboost|p1b: Delphox|spa|1\n|\n|t:|1776369349\n|switch|p2a: Sneasler|Sneasler, L50, F|100/100|[from] Parting Shot\n|move|p1a: Oranguru|Instruct|p1b: Delphox\n|-singleturn|p1b: Delphox|move: Instruct|[of] p1a: Oranguru\n|move|p1b: Delphox|Heat Wave|p2b: Farigiraf|[spread] p2a,p2b\n|-damage|p2a: Sneasler|41/100\n|-damage|p2b: Farigiraf|20/100\n|-status|p2a: Sneasler|brn\n|move|p2b: Farigiraf|Trick Room|p2b: Farigiraf\n|-fieldstart|move: Trick Room|[of] p2b: Farigiraf\n|\n|-heal|p2b: Farigiraf|26/100|[from] item: Leftovers\n|-damage|p2a: Sneasler|36/100 brn|[from] brn\n|upkeep\n|turn|3\n|\n|t:|1776369365\n|move|p1b: Delphox|Protect|p1b: Delphox\n|-singleturn|p1b: Delphox|Protect\n|move|p2a: Sneasler|Fake Out|p1b: Delphox\n|-activate|p1b: Delphox|move: Protect\n|move|p1a: Oranguru|Psychic|p2a: Sneasler\n|-supereffective|p2a: Sneasler|2\n|-damage|p2a: Sneasler|0 fnt\n|faint|p2a: Sneasler\n|move|p2b: Farigiraf|Thunderbolt|p1b: Delphox\n|-activate|p1b: Delphox|move: Protect\n|\n|-heal|p2b: Farigiraf|33/100|[from] item: Leftovers\n|upkeep\n|\n|t:|1776369370\n|switch|p2a: Incineroar|Incineroar, L50, F|68/100\n|-ability|p2a: Incineroar|Intimidate|boost\n|-fail|p1a: Oranguru|unboost|Attack|[from] ability: Inner Focus|[of] p1a: Oranguru\n|-unboost|p1b: Delphox|atk|1\n|turn|4\n|\n|t:|1776369387\n|switch|p1b: Torkoal|Torkoal, L50, M|100/100\n|-weather|SunnyDay|[from] ability: Drought|[of] p1b: Torkoal\n|move|p2b: Farigiraf|Thunderbolt|p1b: Torkoal\n|-damage|p1b: Torkoal|68/100\n|move|p1a: Oranguru|Psychic|p2b: Farigiraf\n|-resisted|p2b: Farigiraf|1\n|-damage|p2b: Farigiraf|22/100\n|move|p2a: Incineroar|Darkest Lariat|p1b: Torkoal\n|-damage|p1b: Torkoal|34/100\n|\n|-weather|SunnyDay|[upkeep]\n|-heal|p2b: Farigiraf|28/100|[from] item: Leftovers\n|upkeep\n|turn|5\n|inactive|sgminer has 30 seconds left.\n|\n|t:|1776369423\n|move|p1b: Torkoal|Heat Wave|p2a: Incineroar|[spread] p2a,p2b\n|-resisted|p2a: Incineroar|1\n|-damage|p2a: Incineroar|42/100\n|-damage|p2b: Farigiraf|0 fnt\n|-enditem|p2a: Incineroar|Sitrus Berry|[eat]\n|-heal|p2a: Incineroar|67/100|[from] item: Sitrus Berry\n|faint|p2b: Farigiraf\n|move|p1a: Oranguru|Instruct|p1b: Torkoal\n|-singleturn|p1b: Torkoal|move: Instruct|[of] p1a: Oranguru\n|move|p1b: Torkoal|Heat Wave|p2a: Incineroar|[miss]\n|-miss|p1b: Torkoal|p2a: Incineroar\n|move|p2a: Incineroar|Flare Blitz|p1a: Oranguru\n|-damage|p1a: Oranguru|8/100\n|-damage|p2a: Incineroar|41/100|[from] Recoil\n|\n|-weather|SunnyDay|[upkeep]\n|upkeep\n|\n|t:|1776369428\n|switch|p2b: Drampa|Drampa, L50, M|100/100\n|-ability|p2b: Drampa|Cloud Nine\n|turn|6\n|\n|t:|1776369445\n|detailschange|p2b: Drampa|Drampa-Mega, L50, M\n|-mega|p2b: Drampa|Drampa|Drampanite\n|move|p1a: Oranguru|Protect|p1a: Oranguru\n|-singleturn|p1a: Oranguru|Protect\n|move|p1b: Torkoal|Body Press|p2a: Incineroar\n|-supereffective|p2a: Incineroar|1\n|-damage|p2a: Incineroar|0 fnt\n|faint|p2a: Incineroar\n|move|p2b: Drampa|Hyper Voice|p1b: Torkoal|[spread] p1b\n|-activate|p1a: Oranguru|move: Protect\n|-crit|p1b: Torkoal\n|-damage|p1b: Torkoal|0 fnt\n|faint|p1b: Torkoal\n|\n|-weather|SunnyDay|[upkeep]\n|-fieldend|move: Trick Room\n|upkeep\n|\n|t:|1776369467\n|switch|p1b: Delphox|Delphox-Mega, L50, F, shiny|100/100\n|turn|7\n|\n|t:|1776369482\n|move|p1b: Delphox|Calm Mind|p1b: Delphox\n|-boost|p1b: Delphox|spa|1\n|-boost|p1b: Delphox|spd|1\n|move|p1a: Oranguru|Psychic|p2b: Drampa\n|-damage|p2b: Drampa|76/100\n|move|p2b: Drampa|Hyper Voice|p1b: Delphox|[spread] p1a,p1b\n|-damage|p1a: Oranguru|0 fnt\n|-damage|p1b: Delphox|72/100\n|faint|p1a: Oranguru\n|\n|-weather|SunnyDay|[upkeep]\n|upkeep\n|\n|t:|1776369490\n|switch|p1a: Milotic|Milotic, L50, F|100/100\n|turn|8\n|\n|t:|1776369494\n|move|p1b: Delphox|Calm Mind|p1b: Delphox\n|-boost|p1b: Delphox|spa|1\n|-boost|p1b: Delphox|spd|1\n|move|p1a: Milotic|Icy Wind|p2b: Drampa\n|-supereffective|p2b: Drampa|1\n|-damage|p2b: Drampa|46/100\n|-unboost|p2b: Drampa|spe|1\n|-ability|p2b: Drampa|Berserk|boost\n|-boost|p2b: Drampa|spa|1\n|move|p2b: Drampa|Hyper Voice|p1b: Delphox|[spread] p1a,p1b\n|-damage|p1a: Milotic|39/100\n|-damage|p1b: Delphox|36/100\n|\n|-weather|none\n|-heal|p1a: Milotic|45/100|[from] item: Leftovers\n|upkeep\n|turn|9\n|\n|t:|1776369515\n|move|p1b: Delphox|Psychic|p2b: Drampa\n|-damage|p2b: Drampa|0 fnt\n|faint|p2b: Drampa\n|\n|win|iD0ntSweep\n|raw|iD0ntSweep's rating: 1074 &rarr; <strong>1100</strong><br />(+26 for winning)\n|raw|sgminer's rating: 1034 &rarr; <strong>1021</strong><br />(-13 for losing)\n",
  "uploadtime": 1776369521,
  "views": 19,
  "formatid": "gen9championsvgc2026regma",
  "rating": 1021,
  "private": 0,
  "password": null
}