{
  "id": "gen9championsvgc2026regma-2582584039",
  "format": "[Gen 9 Champions] VGC 2026 Reg M-A",
  "players": [
    "Kamonazo",
    "mynamegrassgreen"
  ],
  "log": "|j|\u2606Kamonazo\n|j|\u2606mynamegrassgreen\n|t:|1776100875\n|gametype|doubles\n|player|p1|Kamonazo|169|\n|player|p2|mynamegrassgreen|n-masters3|\n|gen|9\n|tier|[Gen 9 Champions] VGC 2026 Reg M-A\n|rated|Tournament battle\n|rule|Species Clause: Limit one of each Pok\u00e9mon\n|rule|Item Clause: Limit 1 of each item\n|raw|<div class=\"infobox\"><details class=\"readmore\" open><summary><strong>1 custom rule:</strong></summary> Force Open Team Sheets</details></div>\n|clearpoke\n|poke|p1|Sneasler, L50, F|\n|poke|p1|Whimsicott, L50, M|\n|poke|p1|Incineroar, L50, F|\n|poke|p1|Basculegion, L50, M|\n|poke|p1|Garchomp, L50, F|\n|poke|p1|Floette-Eternal, L50, F|\n|poke|p2|Kommo-o, L50, M|\n|poke|p2|Gengar, L50, F|\n|poke|p2|Whimsicott, L50, M|\n|poke|p2|Sinistcha-Masterpiece, L50|\n|poke|p2|Incineroar, L50, M|\n|poke|p2|Tyranitar, L50, M|\n|teampreview|4\n|showteam|p1|Sneasler||WhiteHerb|Unburden|CloseCombat,Acrobatics,Protect,DireClaw|||F|||50|]Whimsicott||FocusSash|Prankster|Charm,Tailwind,Moonblast,Encore|||M|||50|]Incineroar||SitrusBerry|Intimidate|FakeOut,PartingShot,DarkestLariat,WillOWisp|||F|||50|]Basculegion||ChoiceScarf|Adaptability|Liquidation,FlipTurn,LastRespects,PsychicFangs|||M|||50|]Garchomp||Leftovers|RoughSkin|Protect,RockSlide,SwordsDance,Earthquake|||F|||50|]Floette-Eternal||Floettite|FlowerVeil|CalmMind,Protect,Moonblast,DazzlingGleam|||F|||50|\n|showteam|p2|Kommo-o||Leftovers|Overcoat|ClangorousSoul,ClangingScales,AuraSphere,Protect|||M|||50|]Gengar||Gengarite|CursedBody|ShadowBall,PerishSong,Substitute,Protect|||F|||50|]Whimsicott||FocusSash|Prankster|Moonblast,Encore,Tailwind,Protect|||M|||50|]Sinistcha-Masterpiece||SitrusBerry|Hospitality|MatchaGotcha,RagePowder,TrickRoom,StrengthSap||||||50|]Incineroar||ShucaBerry|Intimidate|FakeOut,FlareBlitz,Protect,PartingShot|||M|||50|]Tyranitar||ChoiceScarf|SandStream|RockSlide,KnockOff,StoneEdge,LowKick|||M|||50|\n|inactive|Battle timer is ON: inactive players will automatically lose when time's up. (requested by mynamegrassgreen)\n|\n|t:|1776100926\n|teamsize|p1|4\n|teamsize|p2|4\n|start\n|switch|p1a: Garchomp|Garchomp, L50, F|100/100\n|switch|p1b: Sneasler|Sneasler, L50, F|100/100\n|switch|p2a: Gengar|Gengar, L50, F|100/100\n|switch|p2b: Incineroar|Incineroar, L50, M|100/100\n|-ability|p2b: Incineroar|Intimidate|boost\n|-unboost|p1a: Garchomp|atk|1\n|-unboost|p1b: Sneasler|atk|1\n|-enditem|p1b: Sneasler|White Herb\n|-clearnegativeboost|p1b: Sneasler|[silent]\n|turn|1\n|j| TG511\n|inactive|mynamegrassgreen has 30 seconds left.\n|\n|t:|1776100959\n|detailschange|p2a: Gengar|Gengar-Mega, L50, F\n|-mega|p2a: Gengar|Gengar|Gengarite\n|move|p1b: Sneasler|Protect|p1b: Sneasler\n|-singleturn|p1b: Sneasler|Protect\n|move|p2a: Gengar|Protect|p2a: Gengar\n|-singleturn|p2a: Gengar|Protect\n|move|p1a: Garchomp|Protect|p1a: Garchomp\n|-singleturn|p1a: Garchomp|Protect\n|move|p2b: Incineroar|Parting Shot|p1a: Garchomp\n|-activate|p1a: Garchomp|move: Protect\n|\n|upkeep\n|turn|2\n|inactive|mynamegrassgreen has 30 seconds left.\n|inactive|mynamegrassgreen has 20 seconds left.\n|l| TG511\n|inactive|mynamegrassgreen has 15 seconds left.\n|\n|t:|1776101004\n|switch|p2a: Tyranitar|Tyranitar, L50, M|100/100\n|-weather|Sandstorm|[from] ability: Sand Stream|[of] p2a: Tyranitar\n|move|p1b: Sneasler|Acrobatics|p2a: Tyranitar\n|-resisted|p2a: Tyranitar|1\n|-damage|p2a: Tyranitar|81/100\n|move|p1a: Garchomp|Swords Dance|p1a: Garchomp\n|-boost|p1a: Garchomp|atk|2\n|move|p2b: Incineroar|Parting Shot|p1a: Garchomp\n|-unboost|p1a: Garchomp|atk|1\n|-unboost|p1a: Garchomp|spa|1\n|\n|t:|1776101013\n|switch|p2b: Sinistcha|Sinistcha-Masterpiece, L50|100/100|[from] Parting Shot\n|-heal|p2a: Tyranitar|100/100|[from] ability: Hospitality|[of] p2b: Sinistcha\n|\n|-weather|Sandstorm|[upkeep]\n|-damage|p1b: Sneasler|95/100|[from] Sandstorm\n|-damage|p2b: Sinistcha|94/100|[from] Sandstorm\n|upkeep\n|turn|3\n|\n|t:|1776101032\n|switch|p1a: Incineroar|Incineroar, L50, F|100/100\n|-ability|p1a: Incineroar|Intimidate|boost\n|-unboost|p2a: Tyranitar|atk|1\n|-unboost|p2b: Sinistcha|atk|1\n|switch|p2b: Incineroar|Incineroar, L50, M|100/100\n|-ability|p2b: Incineroar|Intimidate|boost\n|-unboost|p1a: Incineroar|atk|1\n|-unboost|p1b: Sneasler|atk|1\n|move|p1b: Sneasler|Acrobatics|p2b: Incineroar\n|-damage|p2b: Incineroar|75/100\n|move|p2a: Tyranitar|Knock Off|p1a: Incineroar\n|-resisted|p1a: Incineroar|1\n|-damage|p1a: Incineroar|87/100\n|-enditem|p1a: Incineroar|Sitrus Berry|[from] move: Knock Off|[of] p2a: Tyranitar\n|\n|-weather|Sandstorm|[upkeep]\n|-damage|p1b: Sneasler|89/100|[from] Sandstorm\n|-damage|p2b: Incineroar|69/100|[from] Sandstorm\n|-damage|p1a: Incineroar|81/100|[from] Sandstorm\n|upkeep\n|turn|4\n|\n|t:|1776101054\n|switch|p2a: Sinistcha|Sinistcha-Masterpiece, L50|94/100\n|-heal|p2b: Incineroar|94/100|[from] ability: Hospitality|[of] p2a: Sinistcha\n|move|p1b: Sneasler|Protect|p1b: Sneasler\n|-singleturn|p1b: Sneasler|Protect\n|move|p2b: Incineroar|Parting Shot|p1b: Sneasler\n|-activate|p1b: Sneasler|move: Protect\n|move|p1a: Incineroar|Will-O-Wisp|p2a: Sinistcha\n|-status|p2a: Sinistcha|brn\n|\n|-weather|Sandstorm|[upkeep]\n|-damage|p1b: Sneasler|83/100|[from] Sandstorm\n|-damage|p2a: Sinistcha|88/100 brn|[from] Sandstorm\n|-damage|p1a: Incineroar|75/100|[from] Sandstorm\n|-damage|p2b: Incineroar|88/100|[from] Sandstorm\n|-damage|p2a: Sinistcha|82/100 brn|[from] brn\n|upkeep\n|turn|5\n|inactive|Kamonazo has 30 seconds left.\n|\n|t:|1776101087\n|switch|p1b: Floette|Floette-Eternal, L50, F|100/100\n|move|p2a: Sinistcha|Strength Sap|p1b: Floette\n|-unboost|p1b: Floette|atk|1\n|-heal|p2a: Sinistcha|100/100 brn\n|move|p1a: Incineroar|Parting Shot|p2b: Incineroar\n|-unboost|p2b: Incineroar|atk|1\n|-unboost|p2b: Incineroar|spa|1\n|\n|t:|1776101098\n|switch|p1a: Garchomp|Garchomp, L50, F|100/100|[from] Parting Shot\n|move|p2b: Incineroar|Parting Shot|p1a: Garchomp\n|-unboost|p1a: Garchomp|atk|1\n|-unboost|p1a: Garchomp|spa|1\n|\n|t:|1776101105\n|switch|p2b: Gengar|Gengar-Mega, L50, F|100/100|[from] Parting Shot\n|\n|-weather|Sandstorm|[upkeep]\n|-damage|p2b: Gengar|95/100|[from] Sandstorm\n|-damage|p1b: Floette|94/100|[from] Sandstorm\n|-damage|p2a: Sinistcha|94/100 brn|[from] Sandstorm\n|-damage|p2a: Sinistcha|88/100 brn|[from] brn\n|upkeep\n|turn|6\n|\n|t:|1776101118\n|move|p1b: Floette|Protect|p1b: Floette\n|-singleturn|p1b: Floette|Protect\n|move|p2b: Gengar|Perish Song|p2b: Gengar\n|-start|p1a: Garchomp|perish3|[silent]\n|-start|p1b: Floette|perish3|[silent]\n|-start|p2a: Sinistcha|perish3|[silent]\n|-start|p2b: Gengar|perish3|[silent]\n|-fieldactivate|move: Perish Song\n|move|p1a: Garchomp|Earthquake|p2b: Gengar|[spread] p2a,p2b\n|-activate|p1b: Floette|move: Protect\n|-resisted|p2a: Sinistcha|1\n|-supereffective|p2b: Gengar|1\n|-damage|p2a: Sinistcha|76/100 brn\n|-damage|p2b: Gengar|25/100\n|move|p2a: Sinistcha|Strength Sap|p1a: Garchomp\n|-unboost|p1a: Garchomp|atk|1\n|-heal|p2a: Sinistcha|100/100 brn\n|\n|-weather|none\n|-damage|p2a: Sinistcha|94/100 brn|[from] brn\n|-start|p2b: Gengar|perish3\n|-start|p1a: Garchomp|perish3\n|-start|p1b: Floette|perish3\n|-start|p2a: Sinistcha|perish3\n|upkeep\n|turn|7\n|inactive|mynamegrassgreen has 30 seconds left.\n|\n|t:|1776101143\n|switch|p2a: Incineroar|Incineroar, L50, M|88/100\n|-ability|p2a: Incineroar|Intimidate|boost\n|-unboost|p1a: Garchomp|atk|1\n|-unboost|p1b: Floette|atk|1\n|detailschange|p1b: Floette|Floette-Mega, L50, F\n|-mega|p1b: Floette|Floette|Floettite\n|-ability|p1b: Floette|Fairy Aura\n|move|p2b: Gengar|Protect|p2b: Gengar\n|-singleturn|p2b: Gengar|Protect\n|move|p1a: Garchomp|Swords Dance|p1a: Garchomp\n|-boost|p1a: Garchomp|atk|2\n|move|p1b: Floette|Calm Mind|p1b: Floette\n|-boost|p1b: Floette|spa|1\n|-boost|p1b: Floette|spd|1\n|\n|-start|p2b: Gengar|perish2\n|-start|p1a: Garchomp|perish2\n|-start|p1b: Floette|perish2\n|upkeep\n|turn|8\n|\n|t:|1776101168\n|switch|p2a: Sinistcha|Sinistcha-Masterpiece, L50|94/100 brn\n|-heal|p2b: Gengar|50/100|[from] ability: Hospitality|[of] p2a: Sinistcha\n|move|p1a: Garchomp|Protect|p1a: Garchomp\n|-singleturn|p1a: Garchomp|Protect\n|move|p2b: Gengar|Substitute|p2b: Gengar\n|-start|p2b: Gengar|Substitute\n|-damage|p2b: Gengar|25/100\n|move|p1b: Floette|Moonblast|p2b: Gengar\n|-resisted|p2b: Gengar|1\n|-end|p2b: Gengar|Substitute\n|\n|-damage|p2a: Sinistcha|88/100 brn|[from] brn\n|-start|p2b: Gengar|perish1\n|-start|p1a: Garchomp|perish1\n|-start|p1b: Floette|perish1\n|upkeep\n|turn|9\n|inactive|mynamegrassgreen has 30 seconds left.\n|\n|t:|1776101198\n|switch|p2b: Incineroar|Incineroar, L50, M|88/100\n|-ability|p2b: Incineroar|Intimidate|boost\n|-unboost|p1a: Garchomp|atk|1\n|-unboost|p1b: Floette|atk|1\n|move|p1a: Garchomp|Rock Slide|p2b: Incineroar|[spread] p2a,p2b\n|-supereffective|p2b: Incineroar|1\n|-damage|p2a: Sinistcha|79/100 brn\n|-damage|p2b: Incineroar|71/100\n|move|p1b: Floette|Moonblast|p2a: Sinistcha\n|-damage|p2a: Sinistcha|0 fnt\n|faint|p2a: Sinistcha\n|\n|-start|p1a: Garchomp|perish0\n|-start|p1b: Floette|perish0\n|upkeep\n|faint|p1a: Garchomp\n|faint|p1b: Floette\n|j| Yersi03\n|\n|t:|1776101216\n|switch|p1a: Incineroar|Incineroar, L50, F|75/100\n|switch|p1b: Sneasler|Sneasler, L50, F|83/100\n|switch|p2a: Gengar|Gengar-Mega, L50, F|25/100\n|-ability|p1a: Incineroar|Intimidate|boost\n|-unboost|p2a: Gengar|atk|1\n|-unboost|p2b: Incineroar|atk|1\n|turn|10\n|l| Yersi03\n|inactive|Kamonazo has 30 seconds left.\n|\n|t:|1776101244\n|move|p2b: Incineroar|Fake Out|p1a: Incineroar\n|-damage|p1a: Incineroar|69/100\n|move|p2a: Gengar|Shadow Ball|p1b: Sneasler\n|-damage|p1b: Sneasler|22/100\n|move|p1b: Sneasler|Acrobatics|p2a: Gengar\n|-damage|p2a: Gengar|0 fnt\n|faint|p2a: Gengar\n|cant|p1a: Incineroar|flinch\n|\n|upkeep\n|\n|t:|1776101255\n|switch|p2a: Tyranitar|Tyranitar, L50, M|100/100\n|-weather|Sandstorm|[from] ability: Sand Stream|[of] p2a: Tyranitar\n|turn|11\n|\n|t:|1776101261\n|move|p1b: Sneasler|Protect|p1b: Sneasler\n|-singleturn|p1b: Sneasler|Protect\n|move|p2a: Tyranitar|Rock Slide|p1b: Sneasler|[spread] p1a\n|-activate|p1b: Sneasler|move: Protect\n|-supereffective|p1a: Incineroar|1\n|-damage|p1a: Incineroar|18/100\n|move|p2b: Incineroar|Flare Blitz|p1b: Sneasler\n|-activate|p1b: Sneasler|move: Protect\n|move|p1a: Incineroar|Will-O-Wisp|p2a: Tyranitar\n|-status|p2a: Tyranitar|brn\n|\n|-weather|Sandstorm|[upkeep]\n|-damage|p1b: Sneasler|16/100|[from] Sandstorm\n|-damage|p1a: Incineroar|12/100|[from] Sandstorm\n|-damage|p2b: Incineroar|65/100|[from] Sandstorm\n|-damage|p2a: Tyranitar|94/100 brn|[from] brn\n|upkeep\n|turn|12\n|c|\u2606mynamegrassgreen|oof that sucks\n|c|\u2606mynamegrassgreen|ig I lose now\n|j| Yersi03\n|j| magicalarcher57\n|l| magicalarcher57\n|\n|t:|1776101284\n|move|p1b: Sneasler|Close Combat|p2a: Tyranitar\n|-supereffective|p2a: Tyranitar|2\n|-damage|p2a: Tyranitar|0 fnt\n|-unboost|p1b: Sneasler|def|1\n|-unboost|p1b: Sneasler|spd|1\n|faint|p2a: Tyranitar\n|move|p2b: Incineroar|Flare Blitz|p1b: Sneasler\n|-damage|p1b: Sneasler|0 fnt\n|faint|p1b: Sneasler\n|-damage|p2b: Incineroar|61/100|[from] Recoil\n|move|p1a: Incineroar|Darkest Lariat|p2b: Incineroar\n|-resisted|p2b: Incineroar|1\n|-damage|p2b: Incineroar|46/100\n|\n|-weather|Sandstorm|[upkeep]\n|-damage|p1a: Incineroar|6/100|[from] Sandstorm\n|-damage|p2b: Incineroar|40/100|[from] Sandstorm\n|upkeep\n|turn|13\n|c|\u2606mynamegrassgreen|nvm goatcin\n|\n|t:|1776101301\n|move|p2b: Incineroar|Protect|p2b: Incineroar\n|-singleturn|p2b: Incineroar|Protect\n|move|p1a: Incineroar|Darkest Lariat|p2b: Incineroar\n|-activate|p2b: Incineroar|move: Protect\n|\n|-weather|Sandstorm|[upkeep]\n|-damage|p2b: Incineroar|34/100|[from] Sandstorm\n|-damage|p1a: Incineroar|0 fnt|[from] Sandstorm\n|faint|p1a: Incineroar\n|\n|win|mynamegrassgreen\n|n|\u2606Kamonazo|kamonazo\n|n|\u2606mynamegrassgreen|mynamegrassgreen\n|n| Yersi03|yersi03\n|l|\u2606Kamonazo\n|player|p1|\n|c|\u2606mynamegrassgreen|kinda cool that I got of a good perish rrpa trpabhere\n|l| Yersi03\n",
  "uploadtime": 1776101333,
  "views": 22,
  "formatid": "gen9championsvgc2026regma",
  "rating": null,
  "private": 0,
  "password": null
}