{
  "id": "gen9championsvgc2026regma-2588700632",
  "format": "[Gen 9 Champions] VGC 2026 Reg M-A",
  "players": [
    "It'sJustKen VGC",
    "21Kieran"
  ],
  "log": "|j|\u2606It'sJustKen VGC\n|j|\u260621Kieran\n|html|<table width=\"100%\"><tr><td align=\"left\">It&apos;sJustKen VGC</td><td align=\"right\">21Kieran</tr><tr><td align=\"left\"><i class=\"fa fa-circle-o\"></i> <i class=\"fa fa-circle-o\"></i> </td><td align=\"right\"><i class=\"fa fa-circle-o\"></i> <i class=\"fa fa-circle-o\"></i> </tr></table>\n|uhtml|bestof|<h2><strong>Game 1</strong> of <a href=\"/game-bestof3-gen9championsvgc2026regma-2588700631\">a best-of-3</a></h2>\n|t:|1776659335\n|gametype|doubles\n|player|p1|It'sJustKen VGC|player-go|\n|player|p2|21Kieran|gwynn|\n|gen|9\n|tier|[Gen 9 Champions] VGC 2026 Reg M-A\n|rated|Tournament battle\n|rule|Species Clause: Limit one of each Pok\u00e9mon\n|rule|Item Clause: Limit 1 of each item\n|raw|<div class=\"infobox\"><details class=\"readmore\" open><summary><strong>2 custom rules:</strong></summary> Force Open Team Sheets, Best of = 3</details></div>\n|clearpoke\n|poke|p1|Floette-Eternal, L50, F|\n|poke|p1|Espathra, L50, M|\n|poke|p1|Incineroar, L50, F|\n|poke|p1|Sneasler, L50, F|\n|poke|p1|Basculegion, L50, M|\n|poke|p1|Kingambit, L50, F|\n|poke|p2|Scovillain, L50, F|\n|poke|p2|Espathra, L50, F|\n|poke|p2|Milotic, L50, F|\n|poke|p2|Floette-Eternal, L50, F|\n|poke|p2|Sneasler, L50, M|\n|poke|p2|Incineroar, L50, F|\n|teampreview|4\n|showteam|p1|Floette-Eternal||Floettite|FlowerVeil|Protect,Moonblast,DazzlingGleam,Substitute|||F|||50|]Espathra||FocusSash|SpeedBoost|Protect,LuminaCrash,HelpingHand,TrickRoom|||M|||50|]Incineroar||SitrusBerry|Intimidate|FakeOut,PartingShot,FlareBlitz,Taunt|||F|||50|]Sneasler||WhiteHerb|Unburden|Protect,DireClaw,CloseCombat,FakeOut|||F|||50|]Basculegion||ChoiceScarf|Adaptability|WaveCrash,FlipTurn,AquaJet,LastRespects|||M|||50|]Kingambit||BlackGlasses|Defiant|Protect,SuckerPunch,SwordsDance,KowtowCleave|||F|||50|\n|showteam|p2|Scovillain||Scovillainite|Chlorophyll|Overheat,LeafStorm,RagePowder,Protect|||F|||50|]Espathra||FocusSash|SpeedBoost|LuminaCrash,BatonPass,CalmMind,Protect|||F|||50|]Milotic||Leftovers|Competitive|MuddyWater,IceBeam,Coil,Recover|||F|||50|]Floette-Eternal||Floettite|FlowerVeil|Moonblast,DazzlingGleam,Synthesis,Protect|||F|||50|]Sneasler||WhiteHerb|Unburden|CloseCombat,GunkShot,FakeOut,Protect|||M|||50|]Incineroar||SitrusBerry|Intimidate|FlareBlitz,DarkestLariat,PartingShot,FakeOut|||F|||50|\n|inactive|Battle timer is ON: inactive players will automatically lose when time's up. (requested by It'sJustKen VGC)\n|j| toadsamongmen\n|inactive|21Kieran also wants the timer to be on.\n|c|\u2606It'sJustKen VGC|glhf\n|c|\u260621Kieran|gl\n|c|\u2606It'sJustKen VGC|wait\n|inactive|It'sJustKen VGC has 60 seconds left.\n|inactive|21Kieran has 60 seconds left.\n|c|\u2606It'sJustKen VGC|ESPATHRA FLOETTE MIRROR\n|c|\u260621Kieran|except\n|c|\u260621Kieran|im the based one\n|c|\u2606It'sJustKen VGC|OH MY GOD! PEEEEAAAAKKKKK\n|c|\u2606It'sJustKen VGC|...\n|c|\u2606It'sJustKen VGC|cm baton pass?\n|inactive|It'sJustKen VGC has 30 seconds left.\n|inactive|21Kieran has 30 seconds left.\n|c|\u2606It'sJustKen VGC|CRINGE\n|inactive|It'sJustKen VGC has 20 seconds left.\n|inactive|It'sJustKen VGC has 15 seconds left.\n|inactive|It'sJustKen VGC has 10 seconds left.\n|j| blueberrymilkshake\n|\n|t:|1776659420\n|teamsize|p1|4\n|teamsize|p2|4\n|start\n|switch|p1a: Just Dance|Floette-Eternal, L50, F|100/100\n|switch|p1b: Bad Romance|Espathra, L50, M|100/100\n|switch|p2a: Espathra|Espathra, L50, F|100/100\n|switch|p2b: Sneasler|Sneasler, L50, M|100/100\n|turn|1\n|c| toadsamongmen|baton pass is a fake set\n|c| toadsamongmen|you should be ashamed\n|c|\u2606It'sJustKen VGC|my honest to earth helping hand trick room set is much more based\n|inactive|21Kieran has 30 seconds left.\n|c| toadsamongmen|its a good, relaible set\n|inactive|21Kieran has 20 seconds left.\n|\n|t:|1776659457\n|detailschange|p1a: Just Dance|Floette-Mega, L50, F\n|-mega|p1a: Just Dance|Floette|Floettite\n|-ability|p1a: Just Dance|Fairy Aura\n|move|p2b: Sneasler|Fake Out|p1b: Bad Romance\n|-damage|p1b: Bad Romance|81/100\n|move|p2a: Espathra|Calm Mind|p2a: Espathra\n|-boost|p2a: Espathra|spa|1\n|-boost|p2a: Espathra|spd|1\n|cant|p1b: Bad Romance|flinch\n|move|p1a: Just Dance|Substitute|p1a: Just Dance\n|-start|p1a: Just Dance|Substitute\n|-damage|p1a: Just Dance|76/100\n|\n|-ability|p2a: Espathra|Speed Boost|boost\n|-boost|p2a: Espathra|spe|1\n|-ability|p1b: Bad Romance|Speed Boost|boost\n|-boost|p1b: Bad Romance|spe|1\n|upkeep\n|turn|2\n|\n|t:|1776659481\n|switch|p2b: Scovillain|Scovillain, L50, F|100/100\n|move|p2a: Espathra|Protect|p2a: Espathra\n|-singleturn|p2a: Espathra|Protect\n|move|p1b: Bad Romance|Lumina Crash|p2a: Espathra\n|-activate|p2a: Espathra|move: Protect\n|move|p1a: Just Dance|Moonblast|p2a: Espathra\n|-activate|p2a: Espathra|move: Protect\n|\n|-ability|p2a: Espathra|Speed Boost|boost\n|-boost|p2a: Espathra|spe|1\n|-ability|p1b: Bad Romance|Speed Boost|boost\n|-boost|p1b: Bad Romance|spe|1\n|upkeep\n|turn|3\n|\n|t:|1776659493\n|move|p2b: Scovillain|Rage Powder|p2b: Scovillain\n|-singleturn|p2b: Scovillain|move: Rage Powder\n|move|p2a: Espathra|Calm Mind|p2a: Espathra\n|-boost|p2a: Espathra|spa|1\n|-boost|p2a: Espathra|spd|1\n|move|p1b: Bad Romance|Lumina Crash|p2b: Scovillain\n|-crit|p2b: Scovillain\n|-damage|p2b: Scovillain|28/100\n|-unboost|p2b: Scovillain|spd|2\n|move|p1a: Just Dance|Moonblast|p2b: Scovillain\n|-resisted|p2b: Scovillain|1\n|-damage|p2b: Scovillain|0 fnt\n|faint|p2b: Scovillain\n|\n|-ability|p2a: Espathra|Speed Boost|boost\n|-boost|p2a: Espathra|spe|1\n|-ability|p1b: Bad Romance|Speed Boost|boost\n|-boost|p1b: Bad Romance|spe|1\n|upkeep\n|\n|t:|1776659503\n|switch|p2b: Sneasler|Sneasler, L50, M|100/100\n|turn|4\n|\n|t:|1776659509\n|move|p2b: Sneasler|Fake Out|p1b: Bad Romance\n|-damage|p1b: Bad Romance|63/100\n|move|p2a: Espathra|Baton Pass|p2a: Espathra\n|\n|t:|1776659511\n|switch|p2a: Floette|Floette-Eternal, L50, F|100/100|[from] Baton Pass\n|cant|p1b: Bad Romance|flinch\n|move|p1a: Just Dance|Moonblast|p2b: Sneasler\n|-damage|p2b: Sneasler|28/100\n|\n|-ability|p1b: Bad Romance|Speed Boost|boost\n|-boost|p1b: Bad Romance|spe|1\n|upkeep\n|turn|5\n|c| toadsamongmen|uh oh\n|\n|t:|1776659527\n|detailschange|p2a: Floette|Floette-Mega, L50, F\n|-mega|p2a: Floette|Floette|Floettite\n|-ability|p2a: Floette|Fairy Aura\n|move|p1a: Just Dance|Protect|p1a: Just Dance\n|-singleturn|p1a: Just Dance|Protect\n|move|p2b: Sneasler|Protect|p2b: Sneasler\n|-singleturn|p2b: Sneasler|Protect\n|move|p1b: Bad Romance|Lumina Crash|p2a: Floette\n|-damage|p2a: Floette|87/100\n|-unboost|p2a: Floette|spd|2\n|move|p2a: Floette|Dazzling Gleam|p1b: Bad Romance|[spread] p1b\n|-activate|p1a: Just Dance|move: Protect\n|-damage|p1b: Bad Romance|0 fnt\n|faint|p1b: Bad Romance\n|\n|upkeep\n|\n|t:|1776659533\n|switch|p1b: Die With A Smile|Incineroar, L50, F|100/100\n|-ability|p1b: Die With A Smile|Intimidate|boost\n|-unboost|p2a: Floette|atk|1\n|-unboost|p2b: Sneasler|atk|1\n|-enditem|p2b: Sneasler|White Herb\n|-clearnegativeboost|p2b: Sneasler|[silent]\n|turn|6\n|inactive|21Kieran has 30 seconds left.\n|inactive|21Kieran has 20 seconds left.\n|\n|t:|1776659571\n|switch|p1b: Poker Face|Sneasler, L50, F|100/100\n|move|p2a: Floette|Moonblast|p1b: Poker Face\n|-damage|p1b: Poker Face|0 fnt\n|faint|p1b: Poker Face\n|move|p2b: Sneasler|Gunk Shot|p1a: Just Dance\n|-supereffective|p1a: Just Dance|1\n|-end|p1a: Just Dance|Substitute\n|move|p1a: Just Dance|Dazzling Gleam|p2b: Sneasler|[spread] p2a,p2b\n|-damage|p2a: Floette|60/100\n|-damage|p2b: Sneasler|0 fnt\n|faint|p2b: Sneasler\n|\n|upkeep\n|inactive|It'sJustKen VGC has 30 seconds left.\n|\n|t:|1776659606\n|switch|p1b: Die With A Smile|Incineroar, L50, F|100/100\n|switch|p2b: Espathra|Espathra, L50, F|100/100\n|-ability|p1b: Die With A Smile|Intimidate|boost\n|-unboost|p2a: Floette|atk|1\n|-unboost|p2b: Espathra|atk|1\n|turn|7\n|\n|t:|1776659622\n|move|p1b: Die With A Smile|Fake Out|p2a: Floette\n|-damage|p2a: Floette|51/100\n|cant|p2a: Floette|flinch\n|move|p2b: Espathra|Lumina Crash|p1a: Just Dance\n|-damage|p1a: Just Dance|47/100\n|-unboost|p1a: Just Dance|spd|2\n|move|p1a: Just Dance|Substitute|p1a: Just Dance\n|-start|p1a: Just Dance|Substitute\n|-damage|p1a: Just Dance|22/100\n|\n|-ability|p2b: Espathra|Speed Boost|boost\n|-boost|p2b: Espathra|spe|1\n|upkeep\n|turn|8\n|\n|t:|1776659631\n|move|p2a: Floette|Protect|p2a: Floette\n|-singleturn|p2a: Floette|Protect\n|move|p2b: Espathra|Protect|p2b: Espathra\n|-singleturn|p2b: Espathra|Protect\n|move|p1a: Just Dance|Moonblast|p2a: Floette\n|-activate|p2a: Floette|move: Protect\n|move|p1b: Die With A Smile|Flare Blitz|p2a: Floette\n|-activate|p2a: Floette|move: Protect\n|\n|-ability|p2b: Espathra|Speed Boost|boost\n|-boost|p2b: Espathra|spe|1\n|upkeep\n|turn|9\n|\n|t:|1776659641\n|move|p1a: Just Dance|Protect|p1a: Just Dance\n|-singleturn|p1a: Just Dance|Protect\n|move|p2b: Espathra|Lumina Crash|p1a: Just Dance\n|-activate|p1a: Just Dance|move: Protect\n|move|p2a: Floette|Moonblast|p1b: Die With A Smile\n|-damage|p1b: Die With A Smile|3/100\n|-unboost|p1b: Die With A Smile|spa|1\n|-enditem|p1b: Die With A Smile|Sitrus Berry|[eat]\n|-heal|p1b: Die With A Smile|28/100|[from] item: Sitrus Berry\n|move|p1b: Die With A Smile|Flare Blitz|p2a: Floette\n|-damage|p2a: Floette|14/100\n|-damage|p1b: Die With A Smile|17/100|[from] Recoil\n|\n|-ability|p2b: Espathra|Speed Boost|boost\n|-boost|p2b: Espathra|spe|1\n|upkeep\n|turn|10\n|c|\u260621Kieran|gg\n|\n|t:|1776659651\n|move|p2b: Espathra|Lumina Crash|p1a: Just Dance\n|-end|p1a: Just Dance|Substitute\n|move|p2a: Floette|Dazzling Gleam|p1a: Just Dance|[spread] p1a,p1b\n|-damage|p1a: Just Dance|0 fnt\n|-damage|p1b: Die With A Smile|0 fnt\n|faint|p1a: Just Dance\n|faint|p1b: Die With A Smile\n|\n|win|21Kieran\n|c|\u2606It'sJustKen VGC|gg wp\n||It'sJustKen VGC is ready for game 2.\n||21Kieran is ready for game 2.\n|uhtml|next|Next: <a href=\"/battle-gen9championsvgc2026regma-2588703293\"><strong>Game 2 of 3</strong></a>\n|l|\u2606It'sJustKen VGC\n|player|p1|\n|l| blueberrymilkshake\n|j|\u2606It'sJustKen VGC\n|player|p1|It'sJustKen VGC|player-go|\n",
  "uploadtime": 1776659651,
  "views": 4,
  "formatid": "gen9championsvgc2026regma",
  "rating": null,
  "private": 0,
  "password": null
}