{
  "id": "gen9championsvgc2026regma-2588483884",
  "format": "[Gen 9 Champions] VGC 2026 Reg M-A",
  "players": [
    "Marcio Lira",
    "koaluh"
  ],
  "log": "|j|\u2606Marcio Lira\n|j|\u2606koaluh\n|t:|1776637635\n|gametype|doubles\n|player|p1|Marcio Lira|bugcatcher-gen4dp|1180\n|player|p2|koaluh|265|1254\n|gen|9\n|tier|[Gen 9 Champions] VGC 2026 Reg M-A\n|rated|\n|rule|Species Clause: Limit one of each Pok\u00e9mon\n|rule|Item Clause: Limit 1 of each item\n|clearpoke\n|poke|p1|Tinkaton, L50, F|\n|poke|p1|Farigiraf, L50, F, shiny|\n|poke|p1|Chandelure, L50, M|\n|poke|p1|Milotic, L50, F|\n|poke|p1|Aerodactyl, L50, M|\n|poke|p1|Rotom-Wash, L50|\n|poke|p2|Tyranitar, L50, F, shiny|\n|poke|p2|Milotic, L50, M|\n|poke|p2|Sinistcha, L50|\n|poke|p2|Excadrill, L50, F|\n|poke|p2|Incineroar, L50, F|\n|poke|p2|Kommo-o, L50, F|\n|teampreview|4\n|\n|t:|1776637702\n|teamsize|p1|4\n|teamsize|p2|4\n|start\n|switch|p1a: Milotic|Milotic, L50, F|100/100\n|switch|p1b: Tinkaton|Tinkaton, L50, F|100/100\n|switch|p2a: Tyranitar|Tyranitar, L50, F, shiny|100/100\n|switch|p2b: Excadrill|Excadrill, L50, F|100/100\n|-ability|p1b: Tinkaton|Mold Breaker\n|-weather|Sandstorm|[from] ability: Sand Stream|[of] p2a: Tyranitar\n|turn|1\n|\n|t:|1776637748\n|detailschange|p2a: Tyranitar|Tyranitar-Mega, L50, F, shiny\n|-mega|p2a: Tyranitar|Tyranitar|Tyranitarite\n|move|p2b: Excadrill|Protect|p2b: Excadrill\n|-singleturn|p2b: Excadrill|Protect\n|move|p1b: Tinkaton|Fake Out|p2b: Excadrill\n|-activate|p2b: Excadrill|move: Protect\n|move|p2a: Tyranitar|Dragon Dance|p2a: Tyranitar\n|-boost|p2a: Tyranitar|atk|1\n|-boost|p2a: Tyranitar|spe|1\n|move|p1a: Milotic|Scald|p2b: Excadrill\n|-activate|p2b: Excadrill|move: Protect\n|\n|-weather|Sandstorm|[upkeep]\n|-damage|p1a: Milotic|94/100|[from] Sandstorm\n|-heal|p1a: Milotic|100/100|[from] item: Leftovers\n|upkeep\n|turn|2\n|\n|t:|1776637793\n|switch|p1b: Aerodactyl|Aerodactyl, L50, M|100/100\n|-ability|p1b: Aerodactyl|Unnerve\n|move|p1a: Milotic|Protect|p1a: Milotic\n|-singleturn|p1a: Milotic|Protect\n|move|p2b: Excadrill|High Horsepower|p1b: Aerodactyl\n|-immune|p1b: Aerodactyl\n|move|p2a: Tyranitar|Knock Off|p1a: Milotic\n|-activate|p1a: Milotic|move: Protect\n|\n|-weather|Sandstorm|[upkeep]\n|-damage|p1a: Milotic|94/100|[from] Sandstorm\n|-heal|p1a: Milotic|100/100|[from] item: Leftovers\n|upkeep\n|turn|3\n|\n|t:|1776637808\n|move|p1b: Aerodactyl|Wide Guard|p1b: Aerodactyl\n|-singleturn|p1b: Aerodactyl|Wide Guard\n|move|p2b: Excadrill|Rock Slide|p1b: Aerodactyl|[spread] \n|-activate|p1a: Milotic|move: Wide Guard\n|-activate|p1b: Aerodactyl|move: Wide Guard\n|move|p2a: Tyranitar|Rock Slide|p1a: Milotic|[spread] \n|-activate|p1a: Milotic|move: Wide Guard\n|-activate|p1b: Aerodactyl|move: Wide Guard\n|move|p1a: Milotic|Haze|p1a: Milotic\n|-clearallboost\n|\n|-weather|Sandstorm|[upkeep]\n|-damage|p1a: Milotic|94/100|[from] Sandstorm\n|-heal|p1a: Milotic|100/100|[from] item: Leftovers\n|upkeep\n|turn|4\n|\n|t:|1776637836\n|move|p1b: Aerodactyl|Protect||[still]\n|-fail|p1b: Aerodactyl\n|move|p2b: Excadrill|Iron Head|p1b: Aerodactyl\n|-supereffective|p1b: Aerodactyl|1\n|-enditem|p1b: Aerodactyl|Focus Sash\n|-damage|p1b: Aerodactyl|1/100\n|move|p2a: Tyranitar|Rock Slide|p1b: Aerodactyl|[spread] p1a,p1b\n|-supereffective|p1b: Aerodactyl|1\n|-damage|p1a: Milotic|65/100\n|-damage|p1b: Aerodactyl|0 fnt\n|faint|p1b: Aerodactyl\n|move|p1a: Milotic|Scald|p2b: Excadrill\n|-supereffective|p2b: Excadrill|1\n|-damage|p2b: Excadrill|3/100\n|-status|p2b: Excadrill|brn\n|\n|-weather|Sandstorm|[upkeep]\n|-damage|p1a: Milotic|59/100|[from] Sandstorm\n|-heal|p1a: Milotic|65/100|[from] item: Leftovers\n|-damage|p2b: Excadrill|0 fnt|[from] brn\n|faint|p2b: Excadrill\n|upkeep\n|\n|t:|1776637855\n|switch|p1b: Tinkaton|Tinkaton, L50, F|100/100\n|switch|p2b: Kommo-o|Kommo-o, L50, F|100/100\n|-ability|p1b: Tinkaton|Mold Breaker\n|turn|5\n|\n|t:|1776637866\n|move|p2a: Tyranitar|Protect|p2a: Tyranitar\n|-singleturn|p2a: Tyranitar|Protect\n|move|p1b: Tinkaton|Fake Out|p2a: Tyranitar\n|-activate|p2a: Tyranitar|move: Protect\n|move|p2b: Kommo-o|Clangorous Soul|p2b: Kommo-o\n|-boost|p2b: Kommo-o|atk|1\n|-boost|p2b: Kommo-o|def|1\n|-boost|p2b: Kommo-o|spa|1\n|-boost|p2b: Kommo-o|spd|1\n|-boost|p2b: Kommo-o|spe|1\n|-damage|p2b: Kommo-o|68/100\n|move|p1a: Milotic|Icy Wind|p2a: Tyranitar|[spread] p2b\n|-activate|p2a: Tyranitar|move: Protect\n|-supereffective|p2b: Kommo-o|1\n|-damage|p2b: Kommo-o|50/100\n|-unboost|p2b: Kommo-o|spe|1\n|\n|-weather|none\n|-heal|p1a: Milotic|71/100|[from] item: Leftovers\n|upkeep\n|turn|6\n|\n|t:|1776637895\n|switch|p2a: Sinistcha|Sinistcha, L50|100/100\n|-heal|p2b: Kommo-o|75/100|[from] ability: Hospitality|[of] p2a: Sinistcha\n|move|p1b: Tinkaton|Encore||[still]\n|-fail|p1b: Tinkaton\n|move|p2b: Kommo-o|Aura Sphere|p1a: Milotic\n|-damage|p1a: Milotic|31/100\n|move|p1a: Milotic|Haze|p1a: Milotic\n|-clearallboost\n|\n|-heal|p1a: Milotic|37/100|[from] item: Leftovers\n|upkeep\n|turn|7\n|\n|t:|1776637917\n|move|p1a: Milotic|Protect|p1a: Milotic\n|-singleturn|p1a: Milotic|Protect\n|move|p2a: Sinistcha|Rage Powder|p2a: Sinistcha\n|-singleturn|p2a: Sinistcha|move: Rage Powder\n|move|p1b: Tinkaton|Gigaton Hammer|p2a: Sinistcha\n|-damage|p2a: Sinistcha|36/100\n|move|p2b: Kommo-o|Aura Sphere|p1b: Tinkaton\n|-damage|p1b: Tinkaton|59/100\n|\n|-heal|p1a: Milotic|43/100|[from] item: Leftovers\n|upkeep\n|turn|8\n|\n|t:|1776637933\n|move|p1b: Tinkaton|Encore|p2b: Kommo-o\n|-start|p2b: Kommo-o|Encore\n|move|p2b: Kommo-o|Aura Sphere|p1b: Tinkaton\n|-damage|p1b: Tinkaton|23/100\n|move|p1a: Milotic|Icy Wind|p2a: Sinistcha|[spread] p2a,p2b\n|-supereffective|p2a: Sinistcha|1\n|-supereffective|p2b: Kommo-o|1\n|-crit|p2b: Kommo-o\n|-damage|p2a: Sinistcha|11/100\n|-damage|p2b: Kommo-o|32/100\n|-unboost|p2a: Sinistcha|spe|1\n|-unboost|p2b: Kommo-o|spe|1\n|move|p2a: Sinistcha|Matcha Gotcha|p1b: Tinkaton|[spread] p1a,p1b\n|-supereffective|p1a: Milotic|1\n|-resisted|p1b: Tinkaton|1\n|-damage|p1a: Milotic|10/100\n|-heal|p2a: Sinistcha|29/100|[from] drain|[of] p1a: Milotic\n|-damage|p1b: Tinkaton|9/100\n|-heal|p2a: Sinistcha|35/100|[from] drain|[of] p1b: Tinkaton\n|\n|-heal|p1a: Milotic|16/100|[from] item: Leftovers\n|upkeep\n|turn|9\n|\n|t:|1776637959\n|move|p2a: Sinistcha|Protect|p2a: Sinistcha\n|-singleturn|p2a: Sinistcha|Protect\n|move|p1b: Tinkaton|Gigaton Hammer|p2a: Sinistcha\n|-activate|p2a: Sinistcha|move: Protect\n|move|p1a: Milotic|Icy Wind|p2a: Sinistcha|[spread] p2b\n|-activate|p2a: Sinistcha|move: Protect\n|-supereffective|p2b: Kommo-o|1\n|-damage|p2b: Kommo-o|6/100\n|-unboost|p2b: Kommo-o|spe|1\n|move|p2b: Kommo-o|Aura Sphere|p1a: Milotic\n|-damage|p1a: Milotic|0 fnt\n|faint|p1a: Milotic\n|\n|upkeep\n|\n|t:|1776637961\n|switch|p1a: Rotom|Rotom-Wash, L50|100/100\n|turn|10\n|\n|t:|1776637983\n|move|p1a: Rotom|Hydro Pump|p2b: Kommo-o\n|-resisted|p2b: Kommo-o|1\n|-damage|p2b: Kommo-o|0 fnt\n|faint|p2b: Kommo-o\n|move|p1b: Tinkaton|Encore|p2a: Sinistcha\n|-start|p2a: Sinistcha|Encore\n|move|p2a: Sinistcha|Protect||[still]\n|-fail|p2a: Sinistcha\n|\n|upkeep\n|\n|t:|1776637991\n|switch|p2b: Tyranitar|Tyranitar-Mega, L50, F, shiny|100/100\n|-weather|Sandstorm|[from] ability: Sand Stream|[of] p2b: Tyranitar\n|turn|11\n|\n|t:|1776638005\n|move|p1b: Tinkaton|Protect|p1b: Tinkaton\n|-singleturn|p1b: Tinkaton|Protect\n|move|p2a: Sinistcha|Protect|p2a: Sinistcha\n|-singleturn|p2a: Sinistcha|Protect\n|move|p1a: Rotom|Hydro Pump|p2b: Tyranitar\n|-supereffective|p2b: Tyranitar|1\n|-damage|p2b: Tyranitar|38/100\n|move|p2b: Tyranitar|Dragon Dance|p2b: Tyranitar\n|-boost|p2b: Tyranitar|atk|1\n|-boost|p2b: Tyranitar|spe|1\n|\n|-weather|Sandstorm|[upkeep]\n|-damage|p1a: Rotom|95/100|[from] Sandstorm\n|-damage|p2a: Sinistcha|29/100|[from] Sandstorm\n|upkeep\n|turn|12\n|\n|t:|1776638025\n|move|p2a: Sinistcha|Protect|p2a: Sinistcha\n|-singleturn|p2a: Sinistcha|Protect\n|move|p1a: Rotom|Hydro Pump|p2b: Tyranitar\n|-supereffective|p2b: Tyranitar|1\n|-damage|p2b: Tyranitar|0 fnt\n|faint|p2b: Tyranitar\n|move|p1b: Tinkaton|Gigaton Hammer|p2a: Sinistcha\n|-activate|p2a: Sinistcha|move: Protect\n|\n|-weather|Sandstorm|[upkeep]\n|-damage|p1a: Rotom|89/100|[from] Sandstorm\n|-damage|p2a: Sinistcha|23/100|[from] Sandstorm\n|-end|p2a: Sinistcha|Encore\n|upkeep\n|turn|13\n|-message|koaluh forfeited.\n|\n|win|Marcio Lira\n|raw|Marcio Lira's rating: 1180 &rarr; <strong>1210</strong><br />(+30 for winning)\n|raw|koaluh's rating: 1254 &rarr; <strong>1224</strong><br />(-30 for losing)\n|l|\u2606koaluh\n|player|p2|\n",
  "uploadtime": 1776638037,
  "views": 17,
  "formatid": "gen9championsvgc2026regma",
  "rating": 1210,
  "private": 0,
  "password": null
}