{
  "id": "gen9championsvgc2026regma-2586456093",
  "format": "[Gen 9 Champions] VGC 2026 Reg M-A",
  "players": [
    "Ongalabong",
    "BubbaWubbaLubba"
  ],
  "log": "|j|\u2606Ongalabong\n|j|\u2606BubbaWubbaLubba\n|t:|1776435910\n|gametype|doubles\n|player|p1|Ongalabong|benga|1407\n|player|p2|BubbaWubbaLubba|steven|1362\n|gen|9\n|tier|[Gen 9 Champions] VGC 2026 Reg M-A\n|rated|\n|rule|Species Clause: Limit one of each Pok\u00e9mon\n|rule|Item Clause: Limit 1 of each item\n|clearpoke\n|poke|p1|Crabominable, L50, F|\n|poke|p1|Farigiraf, L50, F|\n|poke|p1|Incineroar, L50, F|\n|poke|p1|Venusaur, L50, M|\n|poke|p1|Basculegion, L50, M|\n|poke|p1|Ninetales-Alola, L50, F|\n|poke|p2|Clefable, L50, F|\n|poke|p2|Kingambit, L50, M|\n|poke|p2|Sneasler, L50, F|\n|poke|p2|Dragonite, L50, F|\n|poke|p2|Delphox, L50, F|\n|poke|p2|Basculegion, L50, M|\n|teampreview|4\n|inactive|Battle timer is ON: inactive players will automatically lose when time's up. (requested by BubbaWubbaLubba)\n|inactive|Ongalabong has 60 seconds left.\n|inactive|BubbaWubbaLubba has 60 seconds left.\n|inactive|Ongalabong has 30 seconds left.\n|inactive|Ongalabong has 20 seconds left.\n|inactive|Ongalabong has 15 seconds left.\n|inactive|Ongalabong has 10 seconds left.\n|\n|t:|1776435994\n|teamsize|p1|4\n|teamsize|p2|4\n|start\n|switch|p1a: Farigiraf|Farigiraf, L50, F|100/100\n|switch|p1b: Incineroar|Incineroar, L50, F|100/100\n|switch|p2a: Sneasler|Sneasler, L50, F|100/100\n|switch|p2b: Kingambit|Kingambit, L50, M|100/100\n|-ability|p1b: Incineroar|Intimidate|boost\n|-unboost|p2a: Sneasler|atk|1\n|-unboost|p2b: Kingambit|atk|1\n|-ability|p2b: Kingambit|Defiant|boost\n|-boost|p2b: Kingambit|atk|2\n|turn|1\n|\n|t:|1776436007\n|move|p1b: Incineroar|Fake Out|p2b: Kingambit\n|-resisted|p2b: Kingambit|1\n|-damage|p2b: Kingambit|96/100\n|move|p2a: Sneasler|Close Combat|p1b: Incineroar\n|-supereffective|p1b: Incineroar|1\n|-crit|p1b: Incineroar\n|-damage|p1b: Incineroar|0 fnt\n|-unboost|p2a: Sneasler|def|1\n|-unboost|p2a: Sneasler|spd|1\n|faint|p1b: Incineroar\n|cant|p2b: Kingambit|flinch\n|move|p1a: Farigiraf|Trick Room|p1a: Farigiraf\n|-fieldstart|move: Trick Room|[of] p1a: Farigiraf\n|\n|upkeep\n|\n|t:|1776436014\n|switch|p1b: Crabominable|Crabominable, L50, F|100/100\n|turn|2\n|\n|t:|1776436028\n|detailschange|p1b: Crabominable|Crabominable-Mega, L50, F\n|-mega|p1b: Crabominable|Crabominable|Crabominite\n|move|p2b: Kingambit|Protect|p2b: Kingambit\n|-singleturn|p2b: Kingambit|Protect\n|move|p1b: Crabominable|Drain Punch|p2b: Kingambit\n|-activate|p2b: Kingambit|move: Protect\n|move|p1a: Farigiraf|Psychic|p2a: Sneasler\n|-supereffective|p2a: Sneasler|2\n|-enditem|p2a: Sneasler|Focus Sash\n|-damage|p2a: Sneasler|1/100\n|move|p2a: Sneasler|Close Combat|p1b: Crabominable\n|-supereffective|p1b: Crabominable|1\n|-damage|p1b: Crabominable|38/100\n|-unboost|p2a: Sneasler|def|1\n|-unboost|p2a: Sneasler|spd|1\n|\n|upkeep\n|turn|3\n|\n|t:|1776436044\n|switch|p2b: Clefable|Clefable, L50, F|100/100\n|move|p2a: Sneasler|Protect|p2a: Sneasler\n|-singleturn|p2a: Sneasler|Protect\n|move|p1b: Crabominable|Drain Punch|p2b: Clefable\n|-resisted|p2b: Clefable|1\n|-damage|p2b: Clefable|77/100\n|-heal|p1b: Crabominable|50/100|[from] drain|[of] p2b: Clefable\n|move|p1a: Farigiraf|Hyper Voice|p2a: Sneasler|[spread] p2b\n|-activate|p2a: Sneasler|move: Protect\n|-damage|p2b: Clefable|52/100\n|\n|upkeep\n|turn|4\n|\n|t:|1776436066\n|move|p1b: Crabominable|Ice Hammer|p2b: Clefable\n|-damage|p2b: Clefable|0 fnt\n|-unboost|p1b: Crabominable|spe|1\n|faint|p2b: Clefable\n|move|p1a: Farigiraf|Hyper Voice|p2a: Sneasler\n|-damage|p2a: Sneasler|0 fnt\n|faint|p2a: Sneasler\n|\n|upkeep\n|\n|t:|1776436075\n|switch|p2b: Delphox|Delphox, L50, F|100/100\n|switch|p2a: Kingambit|Kingambit, L50, M|96/100\n|turn|5\n|\n|t:|1776436088\n|move|p2a: Kingambit|Protect|p2a: Kingambit\n|-singleturn|p2a: Kingambit|Protect\n|move|p2b: Delphox|Protect|p2b: Delphox\n|-singleturn|p2b: Delphox|Protect\n|move|p1b: Crabominable|Drain Punch|p2a: Kingambit\n|-activate|p2a: Kingambit|move: Protect\n|move|p1a: Farigiraf|Hyper Voice|p2a: Kingambit|[spread] \n|-activate|p2a: Kingambit|move: Protect\n|-activate|p2b: Delphox|move: Protect\n|\n|-fieldend|move: Trick Room\n|upkeep\n|turn|6\n|\n|t:|1776436102\n|detailschange|p2b: Delphox|Delphox-Mega, L50, F\n|-mega|p2b: Delphox|Delphox|Delphoxite\n|move|p1b: Crabominable|Mach Punch|p2a: Kingambit\n|-supereffective|p2a: Kingambit|2\n|-damage|p2a: Kingambit|3/100\n|move|p2b: Delphox|Heat Wave|p1b: Crabominable|[spread] p1a\n|-miss|p2b: Delphox|p1b: Crabominable\n|-damage|p1a: Farigiraf|66/100\n|move|p1a: Farigiraf|Hyper Voice|p2a: Kingambit|[spread] p2a,p2b\n|-resisted|p2a: Kingambit|1\n|-damage|p2a: Kingambit|0 fnt\n|-damage|p2b: Delphox|76/100\n|faint|p2a: Kingambit\n|\n|upkeep\n|turn|7\n|\n|t:|1776436117\n|move|p1b: Crabominable|Mach Punch|p2b: Delphox\n|-resisted|p2b: Delphox|1\n|-damage|p2b: Delphox|50/100\n|move|p2b: Delphox|Psychic|p1b: Crabominable\n|-supereffective|p1b: Crabominable|1\n|-damage|p1b: Crabominable|0 fnt\n|faint|p1b: Crabominable\n|move|p1a: Farigiraf|Hyper Voice|p2b: Delphox\n|-damage|p2b: Delphox|16/100\n|\n|upkeep\n|\n|t:|1776436121\n|switch|p1b: Basculegion|Basculegion, L50, M|100/100\n|turn|8\n|-message|BubbaWubbaLubba forfeited.\n|\n|win|Ongalabong\n|raw|Ongalabong's rating: 1407 &rarr; <strong>1424</strong><br />(+17 for winning)\n|raw|BubbaWubbaLubba's rating: 1362 &rarr; <strong>1345</strong><br />(-17 for losing)\n",
  "uploadtime": 1776436131,
  "views": 41,
  "formatid": "gen9championsvgc2026regma",
  "rating": 1345,
  "private": 0,
  "password": null
}