{
  "id": "gen9championsvgc2026regma-2587786267",
  "format": "[Gen 9 Champions] VGC 2026 Reg M-A",
  "players": [
    "mxi50",
    "ArKaneVGC"
  ],
  "log": "|j|\u2606mxi50\n|j|\u2606ArKaneVGC\n|t:|1776563875\n|gametype|doubles\n|player|p1|mxi50|pokemonranger-gen4|\n|player|p2|ArKaneVGC|#smogonxnpa2025draftee|\n|gen|9\n|tier|[Gen 9 Champions] VGC 2026 Reg M-A\n|rated|Tournament battle\n|rule|Species Clause: Limit one of each Pok\u00e9mon\n|rule|Item Clause: Limit 1 of each item\n|raw|<div class=\"infobox\"><details class=\"readmore\" open><summary><strong>1 custom rule:</strong></summary> Force Open Team Sheets</details></div>\n|clearpoke\n|poke|p1|Kingambit, L50, M|\n|poke|p1|Incineroar, L50, F|\n|poke|p1|Alcremie-Mint-Cream, L50, F|\n|poke|p1|Sinistcha, L50|\n|poke|p1|Froslass, L50, F|\n|poke|p1|Sneasler, L50, M|\n|poke|p2|Sneasler, L50, M|\n|poke|p2|Kingambit, L50, M|\n|poke|p2|Sinistcha, L50|\n|poke|p2|Incineroar, L50, F|\n|poke|p2|Floette-Eternal, L50, F|\n|poke|p2|Aerodactyl, L50, M|\n|teampreview|4\n|showteam|p1|Kingambit||BlackGlasses|Defiant|Protect,KowtowCleave,SuckerPunch,IronHead|||M|||50|]Incineroar||Leftovers|Intimidate|FakeOut,FlareBlitz,DarkestLariat,PartingShot|||F|||50|]Alcremie-Mint-Cream||FairyFeather|AromaVeil|Decorate,DazzlingGleam,LightScreen,Encore|||F|||50|]Sinistcha||SitrusBerry|Hospitality|MatchaGotcha,RagePowder,StrengthSap,ShadowBall||||||50|]Froslass||Froslassite|CursedBody|AuroraVeil,Blizzard,ShadowBall,Protect|||F|||50|]Sneasler||FocusSash|Unburden|DireClaw,CloseCombat,FakeOut,ThroatChop|||M|||50|\n|showteam|p2|Sneasler||WhiteHerb|Unburden|DireClaw,CloseCombat,FakeOut,Protect|||M|||50|]Kingambit||BlackGlasses|Defiant|KowtowCleave,IronHead,SuckerPunch,Protect|||M|||50|]Sinistcha||SitrusBerry|Hospitality|MatchaGotcha,RagePowder,TrickRoom,LifeDew||||||50|]Incineroar||ChopleBerry|Intimidate|FlareBlitz,WillOWisp,FakeOut,PartingShot|||F|||50|]Floette-Eternal||Floettite|FlowerVeil|Moonblast,DazzlingGleam,CalmMind,Protect|||F|||50|]Aerodactyl||FocusSash|Unnerve|RockSlide,DualWingbeat,Tailwind,Protect|||M|||50|\n|inactive|Battle timer is ON: inactive players will automatically lose when time's up. (requested by ArKaneVGC)\n|\n|t:|1776563899\n|teamsize|p1|4\n|teamsize|p2|4\n|start\n|switch|p1a: Froslass|Froslass, L50, F|100/100\n|switch|p1b: Sinistcha|Sinistcha, L50|100/100\n|switch|p2a: Sneasler|Sneasler, L50, M|100/100\n|switch|p2b: Floette|Floette-Eternal, L50, F|100/100\n|turn|1\n|\n|t:|1776563921\n|detailschange|p1a: Froslass|Froslass-Mega, L50, F\n|-mega|p1a: Froslass|Froslass|Froslassite\n|-weather|Snowscape|[from] ability: Snow Warning|[of] p1a: Froslass\n|detailschange|p2b: Floette|Floette-Mega, L50, F\n|-mega|p2b: Floette|Floette|Floettite\n|-ability|p2b: Floette|Fairy Aura\n|move|p2a: Sneasler|Dire Claw|p1b: Sinistcha\n|-damage|p1b: Sinistcha|68/100\n|-status|p1b: Sinistcha|psn\n|move|p1a: Froslass|Aurora Veil|p1a: Froslass\n|-sidestart|p1: mxi50|move: Aurora Veil\n|move|p2b: Floette|Calm Mind|p2b: Floette\n|-boost|p2b: Floette|spa|1\n|-boost|p2b: Floette|spd|1\n|move|p1b: Sinistcha|Matcha Gotcha|p2b: Floette|[spread] p2a,p2b\n|-resisted|p2a: Sneasler|1\n|-crit|p2a: Sneasler\n|-damage|p2a: Sneasler|72/100\n|-heal|p1b: Sinistcha|81/100 psn|[from] drain|[of] p2a: Sneasler\n|-damage|p2b: Floette|88/100\n|-heal|p1b: Sinistcha|87/100 psn|[from] drain|[of] p2b: Floette\n|\n|-weather|Snowscape|[upkeep]\n|-damage|p1b: Sinistcha|75/100 psn|[from] psn\n|upkeep\n|turn|2\n|j| 17 character name\n|inactive|mxi50 has 30 seconds left.\n|inactive|ArKaneVGC has 30 seconds left.\n|\n|t:|1776563954\n|switch|p2a: Kingambit|Kingambit, L50, M|100/100\n|move|p1a: Froslass|Blizzard|p2b: Floette|[spread] p2a,p2b\n|-resisted|p2a: Kingambit|1\n|-damage|p2a: Kingambit|76/100\n|-damage|p2b: Floette|65/100\n|move|p2b: Floette|Moonblast|p1a: Froslass\n|-damage|p1a: Froslass|16/100\n|move|p1b: Sinistcha|Shadow Ball|p2a: Kingambit\n|-resisted|p2a: Kingambit|1\n|-damage|p2a: Kingambit|60/100\n|\n|-weather|Snowscape|[upkeep]\n|-damage|p1b: Sinistcha|62/100 psn|[from] psn\n|upkeep\n|turn|3\n|\n|t:|1776563967\n|move|p1a: Froslass|Protect|p1a: Froslass\n|-singleturn|p1a: Froslass|Protect\n|move|p2a: Kingambit|Protect|p2a: Kingambit\n|-singleturn|p2a: Kingambit|Protect\n|move|p2b: Floette|Dazzling Gleam|p1a: Froslass|[spread] p1b\n|-activate|p1a: Froslass|move: Protect\n|-damage|p1b: Sinistcha|4/100 psn\n|-enditem|p1b: Sinistcha|Sitrus Berry|[eat]\n|-heal|p1b: Sinistcha|29/100 psn|[from] item: Sitrus Berry\n|move|p1b: Sinistcha|Matcha Gotcha|p2a: Kingambit|[spread] p2b\n|-activate|p2a: Kingambit|move: Protect\n|-damage|p2b: Floette|52/100\n|-heal|p1b: Sinistcha|36/100 psn|[from] drain|[of] p2b: Floette\n|\n|-weather|Snowscape|[upkeep]\n|-damage|p1b: Sinistcha|23/100 psn|[from] psn\n|upkeep\n|turn|4\n|\n|t:|1776563988\n|switch|p1a: Kingambit|Kingambit, L50, M|100/100\n|move|p2a: Kingambit|Sucker Punch||[still]\n|-fail|p2a: Kingambit\n|move|p2b: Floette|Dazzling Gleam|p1b: Sinistcha|[spread] p1a,p1b\n|-damage|p1a: Kingambit|61/100\n|-damage|p1b: Sinistcha|0 fnt\n|faint|p1b: Sinistcha\n|\n|-weather|Snowscape|[upkeep]\n|upkeep\n|j| 21Kieran\n|\n|t:|1776563995\n|switch|p1b: Sneasler|Sneasler, L50, M|100/100\n|turn|5\n|\n|t:|1776564006\n|switch|p2a: Sinistcha|Sinistcha, L50|100/100\n|-heal|p2b: Floette|77/100|[from] ability: Hospitality|[of] p2a: Sinistcha\n|move|p2b: Floette|Protect|p2b: Floette\n|-singleturn|p2b: Floette|Protect\n|move|p1b: Sneasler|Close Combat|p2a: Sinistcha\n|-immune|p2a: Sinistcha\n|move|p1a: Kingambit|Iron Head|p2b: Floette\n|-activate|p2b: Floette|move: Protect\n|\n|-weather|none\n|-sideend|p1: mxi50|move: Aurora Veil\n|upkeep\n|turn|6\n|c| 21Kieran|another boring barry\n|c| 21Kieran|\ud83d\ude14\n|c|\u2606ArKaneVGC|my bad\n|\n|t:|1776564026\n|move|p2a: Sinistcha|Rage Powder|p2a: Sinistcha\n|-singleturn|p2a: Sinistcha|move: Rage Powder\n|move|p1b: Sneasler|Dire Claw|p2a: Sinistcha\n|-damage|p2a: Sinistcha|59/100\n|move|p2b: Floette|Dazzling Gleam|p1b: Sneasler|[spread] p1a,p1b\n|-damage|p1a: Kingambit|0 fnt\n|-damage|p1b: Sneasler|15/100\n|faint|p1a: Kingambit\n|\n|upkeep\n|c|\u2606ArKaneVGC|I don't even have mega floette on cart\n|\n|t:|1776564033\n|switch|p1a: Froslass|Froslass-Mega, L50, F|16/100\n|-weather|Snowscape|[from] ability: Snow Warning|[of] p1a: Froslass\n|turn|7\n|-message|mxi50 forfeited.\n|\n|win|ArKaneVGC\n|n|\u2606mxi50|mxi50\n|n|\u2606ArKaneVGC|arkanevgc\n|n| 17 character name|17charactername\n|n| 21Kieran|21kieran\n",
  "uploadtime": 1776564036,
  "views": 8,
  "formatid": "gen9championsvgc2026regma",
  "rating": null,
  "private": 0,
  "password": null
}