{
  "id": "gen9championsvgc2026regma-2587243163",
  "format": "[Gen 9 Champions] VGC 2026 Reg M-A",
  "players": [
    "LilligantFangirl",
    "shadowll16"
  ],
  "log": "|j|\u2606LilligantFangirl\n|j|\u2606shadowll16\n|t:|1776513558\n|gametype|doubles\n|player|p1|LilligantFangirl|nurseryaide|1248\n|player|p2|shadowll16|cyrus|1183\n|gen|9\n|tier|[Gen 9 Champions] VGC 2026 Reg M-A\n|rated|\n|rule|Species Clause: Limit one of each Pok\u00e9mon\n|rule|Item Clause: Limit 1 of each item\n|clearpoke\n|poke|p1|Camerupt, L50, F|\n|poke|p1|Incineroar, L50, F|\n|poke|p1|Crabominable, L50, F|\n|poke|p1|Sinistcha, L50|\n|poke|p1|Farigiraf, L50, F|\n|poke|p1|Araquanid, L50, F|\n|poke|p2|Incineroar, L50, F, shiny|\n|poke|p2|Floette-Eternal, L50, F, shiny|\n|poke|p2|Kommo-o, L50, M, shiny|\n|poke|p2|Aegislash, L50, M, shiny|\n|poke|p2|Rotom-Wash, L50, shiny|\n|poke|p2|Sneasler, L50, M, shiny|\n|teampreview|4\n|inactive|Battle timer is ON: inactive players will automatically lose when time's up. (requested by shadowll16)\n|inactive|LilligantFangirl has 60 seconds left.\n|inactive|shadowll16 has 60 seconds left.\n|inactive|LilligantFangirl has 30 seconds left.\n|inactive|shadowll16 has 30 seconds left.\n|\n|t:|1776513629\n|teamsize|p1|4\n|teamsize|p2|4\n|start\n|switch|p1a: Sinistcha|Sinistcha, L50|100/100\n|switch|p1b: Incineroar|Incineroar, L50, F|100/100\n|switch|p2a: Floette|Floette-Eternal, L50, F, shiny|100/100\n|switch|p2b: Sneasler|Sneasler, L50, M, shiny|100/100\n|-ability|p1b: Incineroar|Intimidate|boost\n|-unboost|p2a: Floette|atk|1\n|-unboost|p2b: Sneasler|atk|1\n|turn|1\n|\n|t:|1776513650\n|detailschange|p2a: Floette|Floette-Mega, L50, F, shiny\n|-mega|p2a: Floette|Floette|Floettite\n|-ability|p2a: Floette|Fairy Aura\n|move|p2b: Sneasler|Fake Out|p1b: Incineroar\n|-damage|p1b: Incineroar|91/100\n|move|p2a: Floette|Calm Mind|p2a: Floette\n|-boost|p2a: Floette|spa|1\n|-boost|p2a: Floette|spd|1\n|cant|p1b: Incineroar|flinch\n|move|p1a: Sinistcha|Trick Room|p1a: Sinistcha\n|-fieldstart|move: Trick Room|[of] p1a: Sinistcha\n|\n|upkeep\n|turn|2\n|inactive|shadowll16 has 30 seconds left.\n|inactive|shadowll16 has 20 seconds left.\n|\n|t:|1776513688\n|move|p1b: Incineroar|Parting Shot|p2a: Floette\n|-unboost|p2a: Floette|atk|1\n|-unboost|p2a: Floette|spa|1\n|\n|t:|1776513692\n|switch|p1b: Araquanid|Araquanid, L50, F|100/100|[from] Parting Shot\n|move|p1a: Sinistcha|Matcha Gotcha|p2b: Sneasler|[spread] p2a,p2b\n|-resisted|p2b: Sneasler|1\n|-damage|p2a: Floette|88/100\n|-damage|p2b: Sneasler|84/100\n|move|p2a: Floette|Dazzling Gleam|p1b: Araquanid|[spread] p1a,p1b\n|-damage|p1a: Sinistcha|56/100\n|-damage|p1b: Araquanid|64/100\n|move|p2b: Sneasler|Dire Claw|p1a: Sinistcha\n|-damage|p1a: Sinistcha|34/100\n|\n|upkeep\n|turn|3\n|inactive|shadowll16 has 30 seconds left.\n|\n|t:|1776513717\n|switch|p2b: Rotom|Rotom-Wash, L50, shiny|100/100\n|move|p1b: Araquanid|Liquidation|p2a: Floette\n|-damage|p2a: Floette|9/100\n|move|p1a: Sinistcha|Life Dew|p1a: Sinistcha|[spread] p1a,p1b\n|-heal|p1a: Sinistcha|59/100\n|-heal|p1b: Araquanid|90/100\n|move|p2a: Floette|Dazzling Gleam|p1b: Araquanid|[spread] p1a,p1b\n|-damage|p1a: Sinistcha|11/100\n|-damage|p1b: Araquanid|55/100\n|\n|upkeep\n|turn|4\n|\n|t:|1776513734\n|move|p2a: Floette|Protect|p2a: Floette\n|-singleturn|p2a: Floette|Protect\n|move|p1b: Araquanid|Liquidation|p2a: Floette\n|-activate|p2a: Floette|move: Protect\n|move|p1a: Sinistcha|Matcha Gotcha|p2a: Floette|[spread] p2b\n|-activate|p2a: Floette|move: Protect\n|-supereffective|p2b: Rotom|1\n|-damage|p2b: Rotom|43/100\n|-heal|p1a: Sinistcha|33/100|[from] drain|[of] p2b: Rotom\n|move|p2b: Rotom|Thunderbolt|p1b: Araquanid\n|-supereffective|p1b: Araquanid|1\n|-damage|p1b: Araquanid|4/100\n|\n|upkeep\n|turn|5\n|\n|t:|1776513754\n|switch|p2a: Kommo-o|Kommo-o, L50, M, shiny|100/100\n|move|p1b: Araquanid|Liquidation|p2a: Kommo-o\n|-resisted|p2a: Kommo-o|1\n|-damage|p2a: Kommo-o|61/100\n|move|p1a: Sinistcha|Matcha Gotcha|p2b: Rotom|[spread] p2a,p2b\n|-resisted|p2a: Kommo-o|1\n|-supereffective|p2b: Rotom|1\n|-damage|p2a: Kommo-o|47/100\n|-heal|p1a: Sinistcha|39/100|[from] drain|[of] p2a: Kommo-o\n|-damage|p2b: Rotom|0 fnt\n|-heal|p1a: Sinistcha|56/100|[from] drain|[of] p2b: Rotom\n|faint|p2b: Rotom\n|\n|-heal|p2a: Kommo-o|53/100|[from] item: Leftovers\n|-fieldend|move: Trick Room\n|upkeep\n|\n|t:|1776513771\n|switch|p2b: Floette|Floette-Mega, L50, F, shiny|9/100\n|-ability|p2b: Floette|Fairy Aura\n|turn|6\n|\n|t:|1776513781\n|move|p1b: Araquanid|Wide Guard|p1b: Araquanid\n|-singleturn|p1b: Araquanid|Wide Guard\n|move|p2a: Kommo-o|Clanging Scales|p1b: Araquanid|[spread] \n|-activate|p1a: Sinistcha|move: Wide Guard\n|-activate|p1b: Araquanid|move: Wide Guard\n|move|p2b: Floette|Dazzling Gleam|p1b: Araquanid|[spread] \n|-activate|p1a: Sinistcha|move: Wide Guard\n|-activate|p1b: Araquanid|move: Wide Guard\n|move|p1a: Sinistcha|Trick Room|p1a: Sinistcha\n|-fieldstart|move: Trick Room|[of] p1a: Sinistcha\n|\n|-heal|p2a: Kommo-o|59/100|[from] item: Leftovers\n|upkeep\n|turn|7\n|\n|t:|1776513801\n|move|p2b: Floette|Protect|p2b: Floette\n|-singleturn|p2b: Floette|Protect\n|move|p1b: Araquanid|Liquidation|p2b: Floette\n|-activate|p2b: Floette|move: Protect\n|move|p1a: Sinistcha|Life Dew|p1a: Sinistcha|[spread] p1a,p1b\n|-heal|p1a: Sinistcha|81/100\n|-heal|p1b: Araquanid|29/100\n|move|p2a: Kommo-o|Clanging Scales|p1b: Araquanid|[spread] p1a,p1b\n|-crit|p1a: Sinistcha\n|-damage|p1a: Sinistcha|20/100\n|-damage|p1b: Araquanid|2/100\n|-unboost|p2a: Kommo-o|def|1\n|\n|-heal|p2a: Kommo-o|65/100|[from] item: Leftovers\n|upkeep\n|turn|8\n|\n|t:|1776513820\n|move|p1b: Araquanid|Liquidation|p2a: Kommo-o\n|-resisted|p2a: Kommo-o|1\n|-damage|p2a: Kommo-o|10/100\n|move|p1a: Sinistcha|Matcha Gotcha|p2a: Kommo-o|[spread] p2a,p2b\n|-resisted|p2a: Kommo-o|1\n|-damage|p2a: Kommo-o|0 fnt\n|-heal|p1a: Sinistcha|24/100|[from] drain|[of] p2a: Kommo-o\n|-damage|p2b: Floette|0 fnt\n|-heal|p1a: Sinistcha|29/100|[from] drain|[of] p2b: Floette\n|faint|p2a: Kommo-o\n|faint|p2b: Floette\n|\n|upkeep\n|\n|t:|1776513833\n|switch|p2b: Sneasler|Sneasler, L50, M, shiny|84/100\n|turn|9\n|\n|t:|1776513838\n|move|p1b: Araquanid|Protect|p1b: Araquanid\n|-singleturn|p1b: Araquanid|Protect\n|move|p2b: Sneasler|Fake Out|p1b: Araquanid\n|-activate|p1b: Araquanid|move: Protect\n|move|p1a: Sinistcha|Life Dew|p1a: Sinistcha|[spread] p1a,p1b\n|-heal|p1a: Sinistcha|54/100\n|-heal|p1b: Araquanid|27/100\n|\n|upkeep\n|turn|10\n|-message|shadowll16 forfeited.\n|\n|win|LilligantFangirl\n|raw|LilligantFangirl's rating: 1248 &rarr; <strong>1268</strong><br />(+20 for winning)\n|raw|shadowll16's rating: 1183 &rarr; <strong>1163</strong><br />(-20 for losing)\n|l|\u2606shadowll16\n|player|p2|\n",
  "uploadtime": 1776513858,
  "views": 20,
  "formatid": "gen9championsvgc2026regma",
  "rating": 1163,
  "private": 0,
  "password": null
}