{
  "id": "gen9championsvgc2026regma-2583491156",
  "format": "[Gen 9 Champions] VGC 2026 Reg M-A",
  "players": [
    "Chaoticxdayz21",
    "iccr"
  ],
  "log": "|j|\u2606Chaoticxdayz21\n|j|\u2606iccr\n|t:|1776179017\n|gametype|doubles\n|player|p1|Chaoticxdayz21|101|1134\n|player|p2|iccr|265|1141\n|gen|9\n|tier|[Gen 9 Champions] VGC 2026 Reg M-A\n|rated|\n|rule|Species Clause: Limit one of each Pok\u00e9mon\n|rule|Item Clause: Limit 1 of each item\n|clearpoke\n|poke|p1|Meganium, L50, F|\n|poke|p1|Pelipper, L50, M|\n|poke|p1|Incineroar, L50, M|\n|poke|p1|Drampa, L50, F|\n|poke|p1|Basculegion, L50, M|\n|poke|p1|Archaludon, L50, F|\n|poke|p2|Tyranitar, L50, M|\n|poke|p2|Lycanroc, L50, F|\n|poke|p2|Sneasler, L50, M|\n|poke|p2|Rotom-Wash, L50|\n|poke|p2|Floette-Eternal, L50, F|\n|poke|p2|Sinistcha, L50|\n|teampreview|4\n|inactive|Battle timer is ON: inactive players will automatically lose when time's up. (requested by Chaoticxdayz21)\n|inactive|iccr has 60 seconds left.\n|\n|t:|1776179051\n|teamsize|p1|4\n|teamsize|p2|4\n|start\n|switch|p1a: Pelipper|Pelipper, L50, M|100/100\n|switch|p1b: Incineroar|Incineroar, L50, M|100/100\n|switch|p2a: Sneasler|Sneasler, L50, M|100/100\n|switch|p2b: Floette|Floette-Eternal, L50, F|100/100\n|-weather|RainDance|[from] ability: Drizzle|[of] p1a: Pelipper\n|-ability|p1b: Incineroar|Intimidate|boost\n|-unboost|p2a: Sneasler|atk|1\n|-unboost|p2b: Floette|atk|1\n|-enditem|p2a: Sneasler|White Herb\n|-clearnegativeboost|p2a: Sneasler|[silent]\n|turn|1\n|-activate|p1b: Incineroar|item: Quick Claw\n|\n|t:|1776179069\n|detailschange|p2b: Floette|Floette-Mega, L50, F\n|-mega|p2b: Floette|Floette|Floettite\n|-ability|p2b: Floette|Fairy Aura\n|move|p1b: Incineroar|Fake Out|p2b: Floette\n|-damage|p2b: Floette|86/100\n|move|p2a: Sneasler|Fake Out|p1a: Pelipper\n|-crit|p1a: Pelipper\n|-damage|p1a: Pelipper|75/100\n|cant|p2b: Floette|flinch\n|cant|p1a: Pelipper|flinch\n|\n|-weather|RainDance|[upkeep]\n|upkeep\n|turn|2\n|\n|t:|1776179087\n|move|p2a: Sneasler|Close Combat|p1b: Incineroar\n|-supereffective|p1b: Incineroar|1\n|-damage|p1b: Incineroar|0 fnt\n|-unboost|p2a: Sneasler|def|1\n|-unboost|p2a: Sneasler|spd|1\n|faint|p1b: Incineroar\n|move|p2b: Floette|Light of Ruin|p1a: Pelipper|[miss]\n|-miss|p2b: Floette|p1a: Pelipper\n|move|p1a: Pelipper|Hurricane|p2a: Sneasler\n|-supereffective|p2a: Sneasler|1\n|-damage|p2a: Sneasler|0 fnt\n|faint|p2a: Sneasler\n|\n|-weather|RainDance|[upkeep]\n|upkeep\n|\n|t:|1776179101\n|switch|p2a: Tyranitar|Tyranitar, L50, M|100/100\n|switch|p1b: Archaludon|Archaludon, L50, F|100/100\n|-weather|Sandstorm|[from] ability: Sand Stream|[of] p2a: Tyranitar\n|turn|3\n|\n|t:|1776179113\n|switch|p1a: Drampa|Drampa, L50, F|100/100\n|move|p2b: Floette|Light of Ruin|p1b: Archaludon\n|-damage|p1b: Archaludon|0 fnt\n|faint|p1b: Archaludon\n|-damage|p2b: Floette|30/100|[from] Recoil\n|move|p2a: Tyranitar|Rock Slide|p1a: Drampa\n|-damage|p1a: Drampa|61/100\n|\n|-weather|Sandstorm|[upkeep]\n|-damage|p2b: Floette|24/100|[from] Sandstorm\n|-damage|p1a: Drampa|55/100|[from] Sandstorm\n|upkeep\n|\n|t:|1776179123\n|switch|p1b: Pelipper|Pelipper, L50, M|75/100\n|-weather|RainDance|[from] ability: Drizzle|[of] p1b: Pelipper\n|turn|4\n|\n|t:|1776179128\n|detailschange|p1a: Drampa|Drampa-Mega, L50, F\n|-mega|p1a: Drampa|Drampa|Drampanite\n|move|p2b: Floette|Protect|p2b: Floette\n|-singleturn|p2b: Floette|Protect\n|move|p1b: Pelipper|Weather Ball|p2a: Tyranitar\n|-supereffective|p2a: Tyranitar|1\n|-damage|p2a: Tyranitar|0 fnt\n|faint|p2a: Tyranitar\n|move|p1a: Drampa|Hyper Voice|p2b: Floette\n|-activate|p2b: Floette|move: Protect\n|\n|-weather|RainDance|[upkeep]\n|upkeep\n|\n|t:|1776179136\n|switch|p2a: Lycanroc|Lycanroc, L50, F|100/100\n|turn|5\n|\n|t:|1776179143\n|move|p2a: Lycanroc|Rock Slide|p1b: Pelipper|[spread] p1a,p1b\n|-supereffective|p1b: Pelipper|1\n|-damage|p1a: Drampa|33/100\n|-damage|p1b: Pelipper|3/100\n|-ability|p1a: Drampa|Berserk|boost\n|-boost|p1a: Drampa|spa|1\n|move|p2b: Floette|Dazzling Gleam|p1a: Drampa|[spread] p1a,p1b\n|-supereffective|p1a: Drampa|1\n|-damage|p1a: Drampa|0 fnt\n|-damage|p1b: Pelipper|0 fnt\n|faint|p1a: Drampa\n|faint|p1b: Pelipper\n|\n|win|iccr\n|raw|Chaoticxdayz21's rating: 1134 &rarr; <strong>1110</strong><br />(-24 for losing)\n|raw|iccr's rating: 1141 &rarr; <strong>1165</strong><br />(+24 for winning)\n|l|\u2606Chaoticxdayz21\n|player|p1|\n",
  "uploadtime": 1776179154,
  "views": 21,
  "formatid": "gen9championsvgc2026regma",
  "rating": 1110,
  "private": 0,
  "password": null
}