{
  "id": "gen9championsvgc2026regma-2583954923",
  "format": "[Gen 9 Champions] VGC 2026 Reg M-A",
  "players": [
    "UnloshTheWash",
    "MrOktagon"
  ],
  "log": "|j|\u2606UnloshTheWash\n|j|\u2606MrOktagon\n|t:|1776211490\n|gametype|doubles\n|player|p1|UnloshTheWash|red|1420\n|player|p2|MrOktagon|2|1436\n|gen|9\n|tier|[Gen 9 Champions] VGC 2026 Reg M-A\n|rated|\n|rule|Species Clause: Limit one of each Pok\u00e9mon\n|rule|Item Clause: Limit 1 of each item\n|clearpoke\n|poke|p1|Delphox, L50, F|\n|poke|p1|Mamoswine, L50, M|\n|poke|p1|Orthworm, L50, F|\n|poke|p1|Rotom-Wash, L50|\n|poke|p1|Maushold-Four, L50|\n|poke|p1|Sneasler, L50, F|\n|poke|p2|Gengar, L50, M|\n|poke|p2|Venusaur, L50, M|\n|poke|p2|Ninetales, L50, M|\n|poke|p2|Incineroar, L50, M|\n|poke|p2|Garchomp, L50, F|\n|poke|p2|Rotom-Wash, L50|\n|teampreview|4\n|j| daedae007\n|j| GoodraSweetheart76\n|\n|t:|1776211514\n|teamsize|p1|4\n|teamsize|p2|4\n|start\n|switch|p1a: Orthworm|Orthworm, L50, F|100/100\n|switch|p1b: Mamoswine|Mamoswine, L50, M|100/100\n|switch|p2a: Ninetales|Ninetales, L50, M|100/100\n|switch|p2b: Venusaur|Venusaur, L50, M|100/100\n|-weather|SunnyDay|[from] ability: Drought|[of] p2a: Ninetales\n|turn|1\n|\n|t:|1776211532\n|move|p1a: Orthworm|Protect|p1a: Orthworm\n|-singleturn|p1a: Orthworm|Protect\n|move|p2b: Venusaur|Sleep Powder|p1a: Orthworm\n|-activate|p1a: Orthworm|move: Protect\n|move|p2a: Ninetales|Heat Wave|p1a: Orthworm|[spread] p1b\n|-activate|p1a: Orthworm|move: Protect\n|-supereffective|p1b: Mamoswine|1\n|-enditem|p1b: Mamoswine|Focus Sash\n|-damage|p1b: Mamoswine|1/100\n|move|p1b: Mamoswine|Earthquake|p2b: Venusaur|[spread] p2a,p2b\n|-activate|p1a: Orthworm|move: Protect\n|-supereffective|p2a: Ninetales|1\n|-damage|p2a: Ninetales|0 fnt\n|-damage|p2b: Venusaur|46/100\n|faint|p2a: Ninetales\n|\n|-weather|SunnyDay|[upkeep]\n|upkeep\n|\n|t:|1776211536\n|switch|p2a: Incineroar|Incineroar, L50, M|100/100\n|-ability|p2a: Incineroar|Intimidate|boost\n|-unboost|p1a: Orthworm|atk|1\n|-fail|p1b: Mamoswine|unboost|Attack|[from] ability: Oblivious|[of] p1b: Mamoswine\n|turn|2\n|\n|t:|1776211555\n|switch|p1b: Delphox|Delphox, L50, F|100/100\n|switch|p1a: Maushold|Maushold-Four, L50|100/100\n|move|p2a: Incineroar|Fake Out|p1b: Delphox\n|-damage|p1b: Delphox|91/100\n|move|p2b: Venusaur|Sleep Powder|p1a: Maushold\n|-status|p1a: Maushold|slp|[from] move: Sleep Powder\n|\n|-weather|SunnyDay|[upkeep]\n|upkeep\n|turn|3\n|\n|t:|1776211569\n|move|p1b: Delphox|Protect|p1b: Delphox\n|-singleturn|p1b: Delphox|Protect\n|move|p2b: Venusaur|Sleep Powder|p1b: Delphox\n|-activate|p1b: Delphox|move: Protect\n|cant|p1a: Maushold|slp\n|move|p2a: Incineroar|Flare Blitz|p1a: Maushold\n|-damage|p1a: Maushold|27/100 slp\n|-damage|p2a: Incineroar|79/100|[from] Recoil\n|\n|-weather|SunnyDay|[upkeep]\n|upkeep\n|turn|4\n|\n|t:|1776211585\n|switch|p1b: Mamoswine|Mamoswine, L50, M|1/100\n|move|p2b: Venusaur|Protect|p2b: Venusaur\n|-singleturn|p2b: Venusaur|Protect\n|cant|p1a: Maushold|slp\n|move|p2a: Incineroar|Flare Blitz|p1a: Maushold\n|-damage|p1a: Maushold|0 fnt\n|faint|p1a: Maushold\n|-damage|p2a: Incineroar|71/100|[from] Recoil\n|\n|-weather|SunnyDay|[upkeep]\n|upkeep\n|\n|t:|1776211596\n|switch|p1a: Orthworm|Orthworm, L50, F|100/100\n|turn|5\n|l| daedae007\n|\n|t:|1776211604\n|move|p1b: Mamoswine|Ice Shard|p2b: Venusaur\n|-supereffective|p2b: Venusaur|1\n|-damage|p2b: Venusaur|0 fnt\n|faint|p2b: Venusaur\n|move|p1a: Orthworm|Body Press|p2a: Incineroar\n|-supereffective|p2a: Incineroar|1\n|-enditem|p2a: Incineroar|Chople Berry|[eat]\n|-enditem|p2a: Incineroar|Chople Berry|[weaken]\n|-damage|p2a: Incineroar|47/100\n|move|p2a: Incineroar|Flare Blitz|p1a: Orthworm\n|-supereffective|p1a: Orthworm|1\n|-damage|p1a: Orthworm|4/100\n|-status|p1a: Orthworm|brn\n|-enditem|p1a: Orthworm|Sitrus Berry|[eat]\n|-heal|p1a: Orthworm|29/100 brn|[from] item: Sitrus Berry\n|-damage|p2a: Incineroar|19/100|[from] Recoil\n|\n|-weather|none\n|-damage|p1a: Orthworm|23/100 brn|[from] brn\n|upkeep\n|\n|t:|1776211606\n|switch|p2b: Gengar|Gengar, L50, M|100/100\n|turn|6\n|\n|t:|1776211624\n|detailschange|p2b: Gengar|Gengar-Mega, L50, M\n|-mega|p2b: Gengar|Gengar|Gengarite\n|move|p2a: Incineroar|Protect|p2a: Incineroar\n|-singleturn|p2a: Incineroar|Protect\n|move|p1b: Mamoswine|Ice Shard|p2b: Gengar\n|-damage|p2b: Gengar|75/100\n|move|p2b: Gengar|Substitute|p2b: Gengar\n|-start|p2b: Gengar|Substitute\n|-damage|p2b: Gengar|51/100\n|move|p1a: Orthworm|Body Press|p2a: Incineroar\n|-activate|p2a: Incineroar|move: Protect\n|\n|-damage|p1a: Orthworm|16/100 brn|[from] brn\n|upkeep\n|turn|7\n|\n|t:|1776211641\n|move|p2b: Gengar|Protect|p2b: Gengar\n|-singleturn|p2b: Gengar|Protect\n|move|p1b: Mamoswine|Earthquake|p2a: Incineroar|[spread] p2a\n|-activate|p2b: Gengar|move: Protect\n|-heal|p1a: Orthworm|41/100 brn|[from] ability: Earth Eater|[of] p1b: Mamoswine\n|-supereffective|p2a: Incineroar|1\n|-damage|p2a: Incineroar|0 fnt\n|faint|p2a: Incineroar\n|move|p1a: Orthworm|Body Press|p2b: Gengar\n|-activate|p2b: Gengar|move: Protect\n|\n|-damage|p1a: Orthworm|35/100 brn|[from] brn\n|upkeep\n|turn|8\n|\n|t:|1776211652\n|move|p1b: Mamoswine|Ice Shard|p2b: Gengar\n|-end|p2b: Gengar|Substitute\n|move|p2b: Gengar|Shadow Ball|p1b: Mamoswine\n|-damage|p1b: Mamoswine|0 fnt\n|faint|p1b: Mamoswine\n|move|p1a: Orthworm|Heavy Slam|p2b: Gengar\n|-damage|p2b: Gengar|31/100\n|\n|-damage|p1a: Orthworm|29/100 brn|[from] brn\n|upkeep\n|\n|t:|1776211656\n|switch|p1b: Delphox|Delphox, L50, F|91/100\n|turn|9\n|\n|t:|1776211660\n|detailschange|p1b: Delphox|Delphox-Mega, L50, F\n|-mega|p1b: Delphox|Delphox|Delphoxite\n|move|p1b: Delphox|Psychic|p2b: Gengar\n|-supereffective|p2b: Gengar|1\n|-damage|p2b: Gengar|0 fnt\n|faint|p2b: Gengar\n|\n|win|UnloshTheWash\n|raw|UnloshTheWash's rating: 1420 &rarr; <strong>1441</strong><br />(+21 for winning)\n|raw|MrOktagon's rating: 1436 &rarr; <strong>1415</strong><br />(-21 for losing)\n",
  "uploadtime": 1776211664,
  "views": 39,
  "formatid": "gen9championsvgc2026regma",
  "rating": 1415,
  "private": 0,
  "password": null
}