{
  "id": "gen9championsvgc2026regma-2585664885",
  "format": "[Gen 9 Champions] VGC 2026 Reg M-A",
  "players": [
    "Crash0utVGC",
    "mmmsnickers"
  ],
  "log": "|j|\u2606Crash0utVGC\n|j|\u203dmmmsnickers\n|t:|1776362202\n|gametype|doubles\n|player|p1|Crash0utVGC|colress|1181\n|player|p2|mmmsnickers|101|1224\n|gen|9\n|tier|[Gen 9 Champions] VGC 2026 Reg M-A\n|rated|\n|rule|Species Clause: Limit one of each Pok\u00e9mon\n|rule|Item Clause: Limit 1 of each item\n|clearpoke\n|poke|p1|Aggron, L50, M|\n|poke|p1|Pelipper, L50, F|\n|poke|p1|Incineroar, L50, F|\n|poke|p1|Sinistcha, L50|\n|poke|p1|Basculegion, L50, M|\n|poke|p1|Dragonite, L50, M|\n|poke|p2|Sneasler, L50, M|\n|poke|p2|Gyarados, L50, F|\n|poke|p2|Ninetales-Alola, L50, F|\n|poke|p2|Garchomp, L50, M|\n|poke|p2|Orthworm, L50, F|\n|poke|p2|Delphox, L50, M|\n|teampreview|4\n|inactive|Battle timer is ON: inactive players will automatically lose when time's up. (requested by mmmsnickers)\n|inactive|mmmsnickers has 60 seconds left.\n|\n|t:|1776362233\n|teamsize|p1|4\n|teamsize|p2|4\n|start\n|switch|p1a: Aggron|Aggron, L50, M, shiny|100/100\n|switch|p1b: Incineroar|Incineroar, L50, F|100/100\n|switch|p2a: Sneasler|Sneasler, L50, M|100/100\n|switch|p2b: Gyarados|Gyarados, L50, F|100/100\n|-ability|p2b: Gyarados|Intimidate|boost\n|-unboost|p1a: Aggron|atk|1\n|-unboost|p1b: Incineroar|atk|1\n|-ability|p1b: Incineroar|Intimidate|boost\n|-unboost|p2a: Sneasler|atk|1\n|-unboost|p2b: Gyarados|atk|1\n|turn|1\n|\n|t:|1776362250\n|detailschange|p2b: Gyarados|Gyarados-Mega, L50, F\n|-mega|p2b: Gyarados|Gyarados|Gyaradosite\n|-ability|p2b: Gyarados|Mold Breaker\n|detailschange|p1a: Aggron|Aggron-Mega, L50, M, shiny\n|-mega|p1a: Aggron|Aggron|Aggronite\n|move|p2a: Sneasler|Fake Out|p1b: Incineroar\n|-damage|p1b: Incineroar|92/100\n|move|p2b: Gyarados|Dragon Dance|p2b: Gyarados\n|-boost|p2b: Gyarados|atk|1\n|-boost|p2b: Gyarados|spe|1\n|cant|p1b: Incineroar|flinch\n|move|p1a: Aggron|Iron Defense|p1a: Aggron\n|-boost|p1a: Aggron|def|2\n|\n|upkeep\n|turn|2\n|\n|t:|1776362266\n|switch|p1b: Sinistcha|Sinistcha, L50|100/100\n|move|p2b: Gyarados|Dragon Dance|p2b: Gyarados\n|-boost|p2b: Gyarados|atk|1\n|-boost|p2b: Gyarados|spe|1\n|move|p2a: Sneasler|Coaching|p2b: Gyarados\n|-boost|p2b: Gyarados|atk|1\n|-boost|p2b: Gyarados|def|1\n|move|p1a: Aggron|Body Press|p2b: Gyarados\n|-supereffective|p2b: Gyarados|1\n|-damage|p2b: Gyarados|21/100\n|\n|upkeep\n|turn|3\n|\n|t:|1776362282\n|switch|p1b: Incineroar|Incineroar, L50, F|92/100\n|-ability|p1b: Incineroar|Intimidate|boost\n|-unboost|p2a: Sneasler|atk|1\n|-unboost|p2b: Gyarados|atk|1\n|move|p2b: Gyarados|Crunch|p1b: Incineroar\n|-resisted|p1b: Incineroar|1\n|-damage|p1b: Incineroar|62/100\n|-unboost|p1b: Incineroar|def|1\n|move|p2a: Sneasler|Close Combat|p1a: Aggron\n|-supereffective|p1a: Aggron|1\n|-damage|p1a: Aggron|88/100\n|-unboost|p2a: Sneasler|def|1\n|-unboost|p2a: Sneasler|spd|1\n|move|p1a: Aggron|Body Press|p2b: Gyarados\n|-supereffective|p2b: Gyarados|1\n|-damage|p2b: Gyarados|0 fnt\n|faint|p2b: Gyarados\n|\n|upkeep\n|\n|t:|1776362298\n|switch|p2b: Ninetales|Ninetales-Alola, L50, F|100/100\n|-weather|Snowscape|[from] ability: Snow Warning|[of] p2b: Ninetales\n|turn|4\n|\n|t:|1776362318\n|switch|p2a: Garchomp|Garchomp, L50, M|100/100\n|move|p1b: Incineroar|Fake Out|p2a: Garchomp\n|-damage|p2a: Garchomp|89/100\n|-damage|p1b: Incineroar|50/100|[from] ability: Rough Skin|[of] p2a: Garchomp\n|move|p2b: Ninetales|Aurora Veil|p2b: Ninetales\n|-sidestart|p2: mmmsnickers|move: Aurora Veil\n|move|p1a: Aggron|Heavy Slam|p2b: Ninetales\n|-supereffective|p2b: Ninetales|2\n|-damage|p2b: Ninetales|19/100\n|\n|-weather|Snowscape|[upkeep]\n|upkeep\n|turn|5\n|inactive|mmmsnickers has 30 seconds left.\n|\n|t:|1776362353\n|switch|p1b: Pelipper|Pelipper, L50, F|100/100\n|-weather|RainDance|[from] ability: Drizzle|[of] p1b: Pelipper\n|move|p2a: Garchomp|Rock Slide|p1b: Pelipper|[spread] p1b\n|-miss|p2a: Garchomp|p1a: Aggron\n|-supereffective|p1b: Pelipper|1\n|-crit|p1b: Pelipper\n|-damage|p1b: Pelipper|10/100\n|move|p2b: Ninetales|Blizzard|p1a: Aggron|[spread] p1a,p1b\n|-resisted|p1a: Aggron|1\n|-damage|p1a: Aggron|78/100\n|-damage|p1b: Pelipper|0 fnt\n|faint|p1b: Pelipper\n|move|p1a: Aggron|Heavy Slam|p2b: Ninetales\n|-supereffective|p2b: Ninetales|2\n|-damage|p2b: Ninetales|0 fnt\n|faint|p2b: Ninetales\n|\n|-weather|RainDance|[upkeep]\n|upkeep\n|\n|t:|1776362368\n|switch|p2b: Sneasler|Sneasler, L50, M|100/100\n|switch|p1b: Incineroar|Incineroar, L50, F|50/100\n|-ability|p1b: Incineroar|Intimidate|boost\n|-unboost|p2a: Garchomp|atk|1\n|-unboost|p2b: Sneasler|atk|1\n|turn|6\n|\n|t:|1776362379\n|switch|p1b: Sinistcha|Sinistcha, L50|100/100\n|-heal|p1a: Aggron|100/100|[from] ability: Hospitality|[of] p1b: Sinistcha\n|move|p2b: Sneasler|Fake Out|p1a: Aggron\n|-resisted|p1a: Aggron|1\n|-damage|p1a: Aggron|99/100\n|move|p2a: Garchomp|Rock Slide|p1b: Sinistcha|[spread] p1a,p1b\n|-resisted|p1a: Aggron|1\n|-damage|p1a: Aggron|98/100\n|-damage|p1b: Sinistcha|87/100\n|cant|p1a: Aggron|flinch\n|\n|-weather|RainDance|[upkeep]\n|upkeep\n|turn|7\n|-message|mmmsnickers forfeited.\n|\n|win|Crash0utVGC\n|raw|Crash0utVGC's rating: 1181 &rarr; <strong>1209</strong><br />(+28 for winning)\n|raw|mmmsnickers's rating: 1224 &rarr; <strong>1196</strong><br />(-28 for losing)\n",
  "uploadtime": 1776362385,
  "views": 24,
  "formatid": "gen9championsvgc2026regma",
  "rating": 1196,
  "private": 0,
  "password": null
}