{
  "id": "gen9championsvgc2026regma-2588828785",
  "format": "[Gen 9 Champions] VGC 2026 Reg M-A",
  "players": [
    "Flafferson",
    "douwu"
  ],
  "log": "|j|\u2606Flafferson\n|j|\u2606douwu\n|t:|1776675887\n|gametype|doubles\n|player|p1|Flafferson|266|1318\n|player|p2|douwu|170|1260\n|gen|9\n|tier|[Gen 9 Champions] VGC 2026 Reg M-A\n|rated|\n|rule|Species Clause: Limit one of each Pok\u00e9mon\n|rule|Item Clause: Limit 1 of each item\n|clearpoke\n|poke|p1|Aegislash, L50, M|\n|poke|p1|Scizor, L50, M|\n|poke|p1|Pelipper, L50, F|\n|poke|p1|Basculegion, L50, M|\n|poke|p1|Incineroar, L50, M|\n|poke|p1|Aerodactyl, L50, M|\n|poke|p2|Delphox, L50, F|\n|poke|p2|Basculegion, L50, M|\n|poke|p2|Rotom-Wash, L50|\n|poke|p2|Sneasler, L50, F|\n|poke|p2|Garchomp, L50, M|\n|poke|p2|Kingambit, L50, M|\n|teampreview|4\n|inactive|Battle timer is ON: inactive players will automatically lose when time's up. (requested by Flafferson)\n|inactive|Flafferson has 60 seconds left.\n|\n|t:|1776675926\n|teamsize|p1|4\n|teamsize|p2|4\n|start\n|switch|p1a: Aegislash|Aegislash, L50, M|100/100\n|switch|p1b: Aerodactyl|Aerodactyl, L50, M|100/100\n|switch|p2a: Kingambit|Kingambit, L50, M|100/100\n|switch|p2b: Garchomp|Garchomp, L50, M|100/100\n|-ability|p1b: Aerodactyl|Unnerve\n|turn|1\n|inactive|douwu has 30 seconds left.\n|\n|t:|1776675957\n|switch|p2b: Rotom|Rotom-Wash, L50|100/100\n|detailschange|p1b: Aerodactyl|Aerodactyl-Mega, L50, M\n|-mega|p1b: Aerodactyl|Aerodactyl|Aerodactylite\n|move|p2a: Kingambit|Protect|p2a: Kingambit\n|-singleturn|p2a: Kingambit|Protect\n|move|p1b: Aerodactyl|Tailwind|p1b: Aerodactyl\n|-sidestart|p1: Flafferson|move: Tailwind\n|-formechange|p1a: Aegislash|Aegislash-Blade|\n|move|p1a: Aegislash|Sacred Sword|p2a: Kingambit\n|-activate|p2a: Kingambit|move: Protect\n|\n|upkeep\n|turn|2\n|\n|t:|1776675981\n|move|p1a: Aegislash|Shadow Sneak|p2b: Rotom\n|-damage|p2b: Rotom|69/100\n|move|p1b: Aerodactyl|Rock Slide|p2b: Rotom|[spread] p2a,p2b\n|-resisted|p2a: Kingambit|1\n|-crit|p2b: Rotom\n|-damage|p2a: Kingambit|89/100\n|-damage|p2b: Rotom|25/100\n|-enditem|p2b: Rotom|Sitrus Berry|[eat]\n|-heal|p2b: Rotom|50/100|[from] item: Sitrus Berry\n|cant|p2b: Rotom|flinch\n|move|p2a: Kingambit|Kowtow Cleave|p1a: Aegislash\n|-supereffective|p1a: Aegislash|1\n|-damage|p1a: Aegislash|0 fnt\n|faint|p1a: Aegislash\n|\n|upkeep\n|c|\u2606Flafferson|what the hell was that?\n|inactive|Flafferson has 30 seconds left.\n|\n|t:|1776676007\n|switch|p1a: Pelipper|Pelipper, L50, F|100/100\n|-weather|RainDance|[from] ability: Drizzle|[of] p1a: Pelipper\n|turn|3\n|inactive|douwu has 30 seconds left.\n|\n|t:|1776676036\n|move|p1b: Aerodactyl|Rock Slide|p2b: Rotom|[spread] p2a,p2b\n|-resisted|p2a: Kingambit|1\n|-damage|p2a: Kingambit|79/100\n|-damage|p2b: Rotom|19/100\n|move|p1a: Pelipper|Weather Ball|p2a: Kingambit\n|-damage|p2a: Kingambit|25/100\n|cant|p2b: Rotom|flinch\n|move|p2a: Kingambit|Kowtow Cleave|p1a: Pelipper\n|-damage|p1a: Pelipper|44/100\n|-enditem|p1a: Pelipper|Sitrus Berry|[eat]\n|-heal|p1a: Pelipper|69/100|[from] item: Sitrus Berry\n|\n|-weather|RainDance|[upkeep]\n|upkeep\n|turn|4\n|inactive|Flafferson has 30 seconds left.\n|inactive|Flafferson has 20 seconds left.\n|inactive|Flafferson has 15 seconds left.\n|inactive|Flafferson has 10 seconds left.\n|inactive|Flafferson has 5 seconds left.\n|\n|t:|1776676086\n|move|p2a: Kingambit|Protect|p2a: Kingambit\n|-singleturn|p2a: Kingambit|Protect\n|move|p1b: Aerodactyl|Rock Slide|p2a: Kingambit|[spread] p2b\n|-activate|p2a: Kingambit|move: Protect\n|-damage|p2b: Rotom|0 fnt\n|faint|p2b: Rotom\n|move|p1a: Pelipper|Weather Ball|p2a: Kingambit\n|-activate|p2a: Kingambit|move: Protect\n|\n|-weather|RainDance|[upkeep]\n|-sideend|p1: Flafferson|move: Tailwind\n|upkeep\n|c|\u2606douwu|wow\uff0c U are so lucky\n|\n|t:|1776676102\n|switch|p2b: Basculegion|Basculegion, L50, M|100/100\n|turn|5\n|c|\u2606Flafferson|you are chople berry gambit?\n|\n|t:|1776676124\n|move|p1b: Aerodactyl|Protect|p1b: Aerodactyl\n|-singleturn|p1b: Aerodactyl|Protect\n|move|p2a: Kingambit|Sucker Punch|p1a: Pelipper\n|-damage|p1a: Pelipper|24/100\n|move|p2b: Basculegion|Last Respects|p1a: Pelipper\n|-damage|p1a: Pelipper|0 fnt\n|faint|p1a: Pelipper\n|\n|-weather|RainDance|[upkeep]\n|upkeep\n|\n|t:|1776676130\n|switch|p1a: Basculegion|Basculegion, L50, M|100/100\n|turn|6\n|inactive|Flafferson has 30 seconds left.\n|\n|t:|1776676162\n|move|p2a: Kingambit|Sucker Punch|p1a: Basculegion\n|-supereffective|p1a: Basculegion|1\n|-enditem|p1a: Basculegion|Focus Sash\n|-damage|p1a: Basculegion|1/100\n|move|p1a: Basculegion|Last Respects|p2b: Basculegion\n|-supereffective|p2b: Basculegion|1\n|-damage|p2b: Basculegion|0 fnt\n|faint|p2b: Basculegion\n|move|p1b: Aerodactyl|Rock Slide|p2a: Kingambit|[miss]\n|-miss|p1b: Aerodactyl|p2a: Kingambit\n|\n|-weather|RainDance|[upkeep]\n|upkeep\n|\n|t:|1776676170\n|switch|p2b: Garchomp|Garchomp, L50, M|100/100\n|turn|7\n|\n|t:|1776676194\n|move|p1a: Basculegion|Protect|p1a: Basculegion\n|-singleturn|p1a: Basculegion|Protect\n|move|p1b: Aerodactyl|Tailwind|p1b: Aerodactyl\n|-sidestart|p1: Flafferson|move: Tailwind\n|move|p2b: Garchomp|Rock Slide|p1a: Basculegion|[spread] p1b\n|-activate|p1a: Basculegion|move: Protect\n|-supereffective|p1b: Aerodactyl|1\n|-damage|p1b: Aerodactyl|49/100\n|move|p2a: Kingambit|Kowtow Cleave|p1b: Aerodactyl\n|-damage|p1b: Aerodactyl|0 fnt\n|faint|p1b: Aerodactyl\n|\n|-weather|none\n|upkeep\n|turn|8\n|inactive|Flafferson has 30 seconds left.\n|c|\u2606Flafferson|wel you played like complete garbage so not much to say\n|inactive|Flafferson has 20 seconds left.\n|inactive|Flafferson has 15 seconds left.\n|\n|t:|1776676237\n|move|p1a: Basculegion|Aqua Jet|p2a: Kingambit\n|-damage|p2a: Kingambit|10/100\n|move|p2a: Kingambit|Sucker Punch||[still]\n|-fail|p2a: Kingambit\n|move|p2b: Garchomp|Dragon Claw|p1a: Basculegion\n|-damage|p1a: Basculegion|0 fnt\n|faint|p1a: Basculegion\n|\n|win|douwu\n|raw|Flafferson's rating: 1318 &rarr; <strong>1295</strong><br />(-23 for losing)\n|raw|douwu's rating: 1260 &rarr; <strong>1289</strong><br />(+29 for winning)\n|c|\u2606Flafferson|went for kowtowsagainst a secer sword aegislash\n|l|\u2606douwu\n|player|p2|\n|l|\u2606Flafferson\n|player|p1|\n|j|\u2606douwu\n|player|p2|douwu|170|\n|l|\u2606douwu\n|player|p2|\n|j|\u2606douwu\n|player|p2|douwu|170|\n|l|\u2606douwu\n|player|p2|\n|j|\u2606douwu\n|player|p2|douwu|170|\n",
  "uploadtime": 1776676432,
  "views": 12,
  "formatid": "gen9championsvgc2026regma",
  "rating": 1289,
  "private": 0,
  "password": null
}