{
  "id": "gen9championsvgc2026regma-2587011474",
  "format": "[Gen 9 Champions] VGC 2026 Reg M-A",
  "players": [
    "OJ32",
    "spyninjahellfire"
  ],
  "log": "|j|\u2606OJ32\n|j|\u2606spyninjahellfire\n|t:|1776481035\n|gametype|doubles\n|player|p1|OJ32|2|1185\n|player|p2|spyninjahellfire|brycenman|1183\n|gen|9\n|tier|[Gen 9 Champions] VGC 2026 Reg M-A\n|rated|\n|rule|Species Clause: Limit one of each Pok\u00e9mon\n|rule|Item Clause: Limit 1 of each item\n|clearpoke\n|poke|p1|Oranguru, L50, F|\n|poke|p1|Torkoal, L50, F|\n|poke|p1|Crabominable, L50, M|\n|poke|p1|Venusaur, L50, M|\n|poke|p1|Garchomp, L50, M|\n|poke|p1|Talonflame, L50, F|\n|poke|p2|Gengar, L50, F|\n|poke|p2|Incineroar, L50, F|\n|poke|p2|Politoed, L50, M|\n|poke|p2|Palafin, L50, F|\n|poke|p2|Kingambit, L50, F|\n|poke|p2|Sableye, L50, F|\n|teampreview|4\n|inactive|Battle timer is ON: inactive players will automatically lose when time's up. (requested by OJ32)\n|inactive|spyninjahellfire has 60 seconds left.\n|inactive|OJ32 has 60 seconds left.\n|\n|t:|1776481090\n|teamsize|p1|4\n|teamsize|p2|4\n|start\n|switch|p1a: Oranguru|Oranguru, L50, F|100/100\n|switch|p1b: Garchomp|Garchomp, L50, M|100/100\n|switch|p2a: Incineroar|Incineroar, L50, F|100/100\n|switch|p2b: Sableye|Sableye, L50, F|100/100\n|-ability|p2a: Incineroar|Intimidate|boost\n|-unboost|p1a: Oranguru|atk|1\n|-unboost|p1b: Garchomp|atk|1\n|turn|1\n|\n|t:|1776481112\n|move|p1a: Oranguru|Protect|p1a: Oranguru\n|-singleturn|p1a: Oranguru|Protect\n|move|p2b: Sableye|Fake Out|p1b: Garchomp\n|-damage|p1b: Garchomp|92/100\n|-damage|p2b: Sableye|88/100|[from] ability: Rough Skin|[of] p1b: Garchomp\n|cant|p1b: Garchomp|flinch\n|move|p2a: Incineroar|Darkest Lariat|p1a: Oranguru\n|-activate|p1a: Oranguru|move: Protect\n|\n|upkeep\n|turn|2\n|\n|t:|1776481129\n|move|p2b: Sableye|Detect|p2b: Sableye\n|-singleturn|p2b: Sableye|Protect\n|move|p2a: Incineroar|Protect|p2a: Incineroar\n|-singleturn|p2a: Incineroar|Protect\n|move|p1b: Garchomp|Rock Slide|p2b: Sableye|[spread] \n|-activate|p2a: Incineroar|move: Protect\n|-activate|p2b: Sableye|move: Protect\n|move|p1a: Oranguru|Trick Room|p1a: Oranguru\n|-fieldstart|move: Trick Room|[of] p1a: Oranguru\n|\n|upkeep\n|turn|3\n|inactive|OJ32 has 30 seconds left.\n|\n|t:|1776481154\n|switch|p1a: Crabominable|Crabominable, L50, M|100/100\n|move|p2b: Sableye|Encore||[still]\n|-fail|p2b: Sableye\n|move|p2a: Incineroar|Parting Shot|p1b: Garchomp\n|-unboost|p1b: Garchomp|atk|1\n|-unboost|p1b: Garchomp|spa|1\n|\n|t:|1776481162\n|switch|p2a: Politoed|Politoed, L50, M|100/100|[from] Parting Shot\n|-weather|RainDance|[from] ability: Drizzle|[of] p2a: Politoed\n|move|p1b: Garchomp|Rock Slide|p2a: Politoed|[spread] p2a,p2b\n|-damage|p2a: Politoed|91/100\n|-damage|p2b: Sableye|76/100\n|\n|-weather|RainDance|[upkeep]\n|upkeep\n|turn|4\n|\n|t:|1776481177\n|switch|p1b: Torkoal|Torkoal, L50, F|100/100\n|-weather|SunnyDay|[from] ability: Drought|[of] p1b: Torkoal\n|detailschange|p1a: Crabominable|Crabominable-Mega, L50, M\n|-mega|p1a: Crabominable|Crabominable|Crabominite\n|move|p2b: Sableye|Detect|p2b: Sableye\n|-singleturn|p2b: Sableye|Protect\n|move|p1a: Crabominable|Ice Hammer|p2b: Sableye\n|-activate|p2b: Sableye|move: Protect\n|move|p2a: Politoed|Perish Song|p2a: Politoed\n|-start|p1a: Crabominable|perish3|[silent]\n|-start|p1b: Torkoal|perish3|[silent]\n|-start|p2a: Politoed|perish3|[silent]\n|-start|p2b: Sableye|perish3|[silent]\n|-fieldactivate|move: Perish Song\n|\n|-weather|SunnyDay|[upkeep]\n|-start|p1b: Torkoal|perish3\n|-start|p1a: Crabominable|perish3\n|-start|p2b: Sableye|perish3\n|-start|p2a: Politoed|perish3\n|upkeep\n|turn|5\n|\n|t:|1776481193\n|switch|p1a: Oranguru|Oranguru, L50, F|100/100\n|move|p2a: Politoed|Protect|p2a: Politoed\n|-singleturn|p2a: Politoed|Protect\n|move|p2b: Sableye|Disable||[still]\n|-fail|p2b: Sableye\n|move|p1b: Torkoal|Eruption|p2b: Sableye|[spread] p2b\n|-activate|p2a: Politoed|move: Protect\n|-damage|p2b: Sableye|0 fnt\n|faint|p2b: Sableye\n|\n|-weather|SunnyDay|[upkeep]\n|-start|p1b: Torkoal|perish2\n|-start|p2a: Politoed|perish2\n|upkeep\n|\n|t:|1776481205\n|switch|p2b: Incineroar|Incineroar, L50, F|100/100\n|-ability|p2b: Incineroar|Intimidate|boost\n|-unboost|p1a: Oranguru|atk|1\n|-unboost|p1b: Torkoal|atk|1\n|turn|6\n|\n|t:|1776481225\n|switch|p2a: Palafin|Palafin, L50, F|100/100\n|move|p1a: Oranguru|Protect|p1a: Oranguru\n|-singleturn|p1a: Oranguru|Protect\n|move|p2b: Incineroar|Fake Out|p1b: Torkoal\n|-damage|p1b: Torkoal|93/100\n|cant|p1b: Torkoal|flinch\n|\n|-weather|SunnyDay|[upkeep]\n|-start|p1b: Torkoal|perish1\n|-fieldend|move: Trick Room\n|upkeep\n|turn|7\n|\n|t:|1776481249\n|detailschange|p2a: Palafin|Palafin-Hero, L50, F\n|switch|p2a: Politoed|Politoed, L50, M|91/100\n|-weather|RainDance|[from] ability: Drizzle|[of] p2a: Politoed\n|switch|p1b: Garchomp|Garchomp, L50, M|92/100\n|move|p2b: Incineroar|Parting Shot|p1b: Garchomp\n|-unboost|p1b: Garchomp|atk|1\n|-unboost|p1b: Garchomp|spa|1\n|\n|t:|1776481259\n|switch|p2b: Palafin|Palafin-Hero, L50, F|100/100|[from] Parting Shot\n|-activate|p2b: Palafin|ability: Zero to Hero\n|move|p1a: Oranguru|Trick Room|p1a: Oranguru\n|-fieldstart|move: Trick Room|[of] p1a: Oranguru\n|\n|-weather|RainDance|[upkeep]\n|upkeep\n|turn|8\n|inactive|spyninjahellfire has 30 seconds left.\n|\n|t:|1776481286\n|move|p1a: Oranguru|Protect|p1a: Oranguru\n|-singleturn|p1a: Oranguru|Protect\n|move|p2a: Politoed|Protect|p2a: Politoed\n|-singleturn|p2a: Politoed|Protect\n|move|p2b: Palafin|Wave Crash|p1a: Oranguru\n|-activate|p1a: Oranguru|move: Protect\n|move|p1b: Garchomp|Dragon Claw|p2b: Palafin\n|-damage|p2b: Palafin|73/100\n|\n|-weather|RainDance|[upkeep]\n|upkeep\n|turn|9\n|\n|t:|1776481305\n|switch|p1a: Torkoal|Torkoal, L50, F|93/100\n|-weather|SunnyDay|[from] ability: Drought|[of] p1a: Torkoal\n|switch|p1b: Crabominable|Crabominable-Mega, L50, M|100/100\n|move|p2a: Politoed|Icy Wind|p1b: Crabominable|[spread] p1a,p1b\n|-resisted|p1a: Torkoal|1\n|-resisted|p1b: Crabominable|1\n|-damage|p1a: Torkoal|86/100\n|-damage|p1b: Crabominable|96/100\n|-unboost|p1a: Torkoal|spe|1\n|-unboost|p1b: Crabominable|spe|1\n|move|p2b: Palafin|Wave Crash|p1b: Crabominable\n|-damage|p1b: Crabominable|62/100\n|-damage|p2b: Palafin|60/100|[from] Recoil\n|\n|-weather|SunnyDay|[upkeep]\n|upkeep\n|turn|10\n|\n|t:|1776481327\n|switch|p2a: Incineroar|Incineroar, L50, F|100/100\n|-ability|p2a: Incineroar|Intimidate|boost\n|-unboost|p1a: Torkoal|atk|1\n|-unboost|p1b: Crabominable|atk|1\n|move|p2b: Palafin|Protect|p2b: Palafin\n|-singleturn|p2b: Palafin|Protect\n|move|p1a: Torkoal|Eruption|p2a: Incineroar|[spread] p2a\n|-activate|p2b: Palafin|move: Protect\n|-resisted|p2a: Incineroar|1\n|-damage|p2a: Incineroar|72/100\n|move|p1b: Crabominable|Drain Punch|p2a: Incineroar\n|-supereffective|p2a: Incineroar|1\n|-damage|p2a: Incineroar|4/100\n|-heal|p1b: Crabominable|96/100|[from] drain|[of] p2a: Incineroar\n|\n|-weather|SunnyDay|[upkeep]\n|-heal|p2a: Incineroar|10/100|[from] item: Leftovers\n|upkeep\n|turn|11\n|\n|t:|1776481352\n|move|p2a: Incineroar|Fake Out|p1b: Crabominable\n|-damage|p1b: Crabominable|87/100\n|move|p2b: Palafin|Jet Punch|p1a: Torkoal\n|-supereffective|p1a: Torkoal|1\n|-damage|p1a: Torkoal|56/100\n|move|p1a: Torkoal|Earth Power|p2a: Incineroar\n|-supereffective|p2a: Incineroar|1\n|-damage|p2a: Incineroar|0 fnt\n|faint|p2a: Incineroar\n|cant|p1b: Crabominable|flinch\n|\n|-weather|SunnyDay|[upkeep]\n|-fieldend|move: Trick Room\n|upkeep\n|\n|t:|1776481361\n|switch|p2a: Politoed|Politoed, L50, M|91/100\n|-weather|RainDance|[from] ability: Drizzle|[of] p2a: Politoed\n|turn|12\n|\n|t:|1776481375\n|move|p1a: Torkoal|Protect|p1a: Torkoal\n|-singleturn|p1a: Torkoal|Protect\n|move|p2b: Palafin|Wave Crash|p1b: Crabominable\n|-damage|p1b: Crabominable|0 fnt\n|faint|p1b: Crabominable\n|-damage|p2b: Palafin|27/100|[from] Recoil\n|move|p2a: Politoed|Weather Ball|p1a: Torkoal\n|-activate|p1a: Torkoal|move: Protect\n|\n|-weather|RainDance|[upkeep]\n|upkeep\n|\n|t:|1776481383\n|switch|p1b: Oranguru|Oranguru, L50, F|100/100\n|turn|13\n|\n|t:|1776481392\n|switch|p1a: Garchomp|Garchomp, L50, M|92/100\n|move|p2b: Palafin|Jet Punch|p1a: Garchomp\n|-crit|p1a: Garchomp\n|-damage|p1a: Garchomp|0 fnt\n|-damage|p2b: Palafin|15/100|[from] ability: Rough Skin|[of] p1a: Garchomp\n|faint|p1a: Garchomp\n|move|p2a: Politoed|Weather Ball|p1b: Oranguru\n|-damage|p1b: Oranguru|64/100\n|move|p1b: Oranguru|Psychic|p2b: Palafin\n|-damage|p2b: Palafin|0 fnt\n|faint|p2b: Palafin\n|\n|-weather|RainDance|[upkeep]\n|upkeep\n|\n|t:|1776481395\n|switch|p1a: Torkoal|Torkoal, L50, F|56/100\n|-weather|SunnyDay|[from] ability: Drought|[of] p1a: Torkoal\n|turn|14\n|\n|t:|1776481406\n|move|p2a: Politoed|Perish Song|p2a: Politoed\n|-start|p1a: Torkoal|perish3|[silent]\n|-start|p1b: Oranguru|perish3|[silent]\n|-start|p2a: Politoed|perish3|[silent]\n|-fieldactivate|move: Perish Song\n|move|p1b: Oranguru|Psychic|p2a: Politoed\n|-damage|p2a: Politoed|70/100\n|move|p1a: Torkoal|Earth Power|p2a: Politoed\n|-damage|p2a: Politoed|50/100\n|-enditem|p2a: Politoed|Sitrus Berry|[eat]\n|-heal|p2a: Politoed|75/100|[from] item: Sitrus Berry\n|\n|-weather|SunnyDay|[upkeep]\n|-start|p2a: Politoed|perish3\n|-start|p1b: Oranguru|perish3\n|-start|p1a: Torkoal|perish3\n|upkeep\n|turn|15\n|\n|t:|1776481418\n|move|p2a: Politoed|Protect|p2a: Politoed\n|-singleturn|p2a: Politoed|Protect\n|move|p1b: Oranguru|Psychic|p2a: Politoed\n|-activate|p2a: Politoed|move: Protect\n|move|p1a: Torkoal|Earth Power|p2a: Politoed\n|-activate|p2a: Politoed|move: Protect\n|\n|-weather|SunnyDay|[upkeep]\n|-start|p2a: Politoed|perish2\n|-start|p1b: Oranguru|perish2\n|-start|p1a: Torkoal|perish2\n|upkeep\n|turn|16\n|\n|t:|1776481429\n|move|p2a: Politoed|Weather Ball|p1a: Torkoal\n|-resisted|p1a: Torkoal|1\n|-damage|p1a: Torkoal|32/100\n|move|p1b: Oranguru|Psychic|p2a: Politoed\n|-damage|p2a: Politoed|53/100\n|move|p1a: Torkoal|Earth Power|p2a: Politoed\n|-damage|p2a: Politoed|34/100\n|\n|-weather|SunnyDay|[upkeep]\n|-start|p2a: Politoed|perish1\n|-start|p1b: Oranguru|perish1\n|-start|p1a: Torkoal|perish1\n|upkeep\n|turn|17\n|\n|t:|1776481437\n|move|p2a: Politoed|Weather Ball|p1a: Torkoal\n|-resisted|p1a: Torkoal|1\n|-damage|p1a: Torkoal|9/100\n|move|p1a: Torkoal|Earth Power|p2a: Politoed\n|-crit|p2a: Politoed\n|-damage|p2a: Politoed|5/100\n|move|p1b: Oranguru|Trick Room|p1b: Oranguru\n|-fieldstart|move: Trick Room|[of] p1b: Oranguru\n|\n|-weather|SunnyDay|[upkeep]\n|-start|p1a: Torkoal|perish0\n|-start|p1b: Oranguru|perish0\n|-start|p2a: Politoed|perish0\n|faint|p1a: Torkoal\n|faint|p1b: Oranguru\n|faint|p2a: Politoed\n|\n|win|spyninjahellfire\n|raw|OJ32's rating: 1185 &rarr; <strong>1160</strong><br />(-25 for losing)\n|raw|spyninjahellfire's rating: 1183 &rarr; <strong>1208</strong><br />(+25 for winning)\n",
  "uploadtime": 1776481437,
  "views": 14,
  "formatid": "gen9championsvgc2026regma",
  "rating": 1160,
  "private": 0,
  "password": null
}