{
  "id": "gen9championsvgc2026regma-2586934411",
  "format": "[Gen 9 Champions] VGC 2026 Reg M-A",
  "players": [
    "NovaGuy",
    "AsinineShark"
  ],
  "log": "|j|\u2606NovaGuy\n|j|\u2606AsinineShark\n|t:|1776473276\n|gametype|doubles\n|player|p1|NovaGuy|ethan|1148\n|player|p2|AsinineShark|102|1057\n|gen|9\n|tier|[Gen 9 Champions] VGC 2026 Reg M-A\n|rated|\n|rule|Species Clause: Limit one of each Pok\u00e9mon\n|rule|Item Clause: Limit 1 of each item\n|clearpoke\n|poke|p1|Charizard, L50, M|\n|poke|p1|Venusaur, L50, M|\n|poke|p1|Whimsicott, L50, F|\n|poke|p1|Milotic, L50, M|\n|poke|p1|Aegislash, L50, F|\n|poke|p1|Incineroar, L50, F|\n|poke|p2|Raichu, L50, F|\n|poke|p2|Araquanid, L50, M|\n|poke|p2|Sneasler, L50, F|\n|poke|p2|Sinistcha, L50|\n|poke|p2|Goodra-Hisui, L50, M|\n|poke|p2|Pelipper, L50, F|\n|teampreview|4\n|\n|t:|1776473305\n|teamsize|p1|4\n|teamsize|p2|4\n|start\n|switch|p1a: Aegislash|Aegislash, L50, F|100/100\n|switch|p1b: Whimsicott|Whimsicott, L50, F|100/100\n|switch|p2a: Mista Dubstep|Goodra-Hisui, L50, M|100/100\n|switch|p2b: Amalogo Enye|Sneasler, L50, F|100/100\n|turn|1\n|\n|t:|1776473338\n|switch|p1b: Incineroar|Incineroar, L50, F|100/100\n|-ability|p1b: Incineroar|Intimidate|boost\n|-unboost|p2a: Mista Dubstep|atk|1\n|-unboost|p2b: Amalogo Enye|atk|1\n|-enditem|p2b: Amalogo Enye|White Herb\n|-clearnegativeboost|p2b: Amalogo Enye|[silent]\n|move|p2b: Amalogo Enye|Dire Claw|p1b: Incineroar\n|-damage|p1b: Incineroar|62/100\n|move|p1a: Aegislash|Swords Dance|p1a: Aegislash\n|-boost|p1a: Aegislash|atk|2\n|move|p2a: Mista Dubstep|Shelter|p2a: Mista Dubstep\n|-boost|p2a: Mista Dubstep|def|2\n|\n|upkeep\n|turn|2\n|\n|t:|1776473372\n|move|p2b: Amalogo Enye|Protect|p2b: Amalogo Enye\n|-singleturn|p2b: Amalogo Enye|Protect\n|move|p1b: Incineroar|Fake Out|p2b: Amalogo Enye\n|-activate|p2b: Amalogo Enye|move: Protect\n|-formechange|p1a: Aegislash|Aegislash-Blade|\n|move|p1a: Aegislash|Psycho Cut|p2b: Amalogo Enye\n|-activate|p2b: Amalogo Enye|move: Protect\n|move|p2a: Mista Dubstep|Earthquake|p1b: Incineroar|[spread] p1a,p1b\n|-activate|p2b: Amalogo Enye|move: Protect\n|-supereffective|p1a: Aegislash|1\n|-supereffective|p1b: Incineroar|1\n|-damage|p1a: Aegislash|44/100\n|-damage|p1b: Incineroar|38/100\n|-enditem|p1b: Incineroar|Sitrus Berry|[eat]\n|-heal|p1b: Incineroar|63/100|[from] item: Sitrus Berry\n|\n|upkeep\n|turn|3\n|\n|t:|1776473406\n|switch|p2b: Saki\u2019s Spouse|Sinistcha, L50, shiny|100/100\n|-formechange|p1a: Aegislash|Aegislash|\n|move|p1a: Aegislash|King's Shield|p1a: Aegislash\n|-singleturn|p1a: Aegislash|Protect\n|move|p1b: Incineroar|Parting Shot|p2b: Saki\u2019s Spouse\n|-unboost|p2b: Saki\u2019s Spouse|atk|1\n|-unboost|p2b: Saki\u2019s Spouse|spa|1\n|\n|t:|1776473415\n|switch|p1b: Whimsicott|Whimsicott, L50, F|100/100|[from] Parting Shot\n|move|p2a: Mista Dubstep|Earthquake|p1b: Whimsicott|[spread] p2b,p1b\n|-activate|p1a: Aegislash|move: Protect\n|-resisted|p2b: Saki\u2019s Spouse|1\n|-resisted|p1b: Whimsicott|1\n|-damage|p2b: Saki\u2019s Spouse|93/100\n|-damage|p1b: Whimsicott|89/100\n|\n|upkeep\n|turn|4\n|\n|t:|1776473439\n|move|p1b: Whimsicott|Tailwind|p1b: Whimsicott\n|-sidestart|p1: NovaGuy|move: Tailwind\n|move|p1a: Aegislash|Swords Dance|p1a: Aegislash\n|-boost|p1a: Aegislash|atk|2\n|move|p2b: Saki\u2019s Spouse|Calm Mind|p2b: Saki\u2019s Spouse\n|-boost|p2b: Saki\u2019s Spouse|spa|1\n|-boost|p2b: Saki\u2019s Spouse|spd|1\n|move|p2a: Mista Dubstep|Heavy Slam|p1b: Whimsicott\n|-supereffective|p1b: Whimsicott|1\n|-damage|p1b: Whimsicott|0 fnt\n|faint|p1b: Whimsicott\n|\n|upkeep\n|\n|t:|1776473452\n|switch|p1b: Incineroar|Incineroar, L50, F|63/100\n|-ability|p1b: Incineroar|Intimidate|boost\n|-unboost|p2a: Mista Dubstep|atk|1\n|-unboost|p2b: Saki\u2019s Spouse|atk|1\n|turn|5\n|\n|t:|1776473480\n|move|p1b: Incineroar|Fake Out|p2a: Mista Dubstep\n|-resisted|p2a: Mista Dubstep|1\n|-damage|p2a: Mista Dubstep|98/100\n|move|p1a: Aegislash|Swords Dance|p1a: Aegislash\n|-boost|p1a: Aegislash|atk|2\n|move|p2b: Saki\u2019s Spouse|Calm Mind|p2b: Saki\u2019s Spouse\n|-boost|p2b: Saki\u2019s Spouse|spa|1\n|-boost|p2b: Saki\u2019s Spouse|spd|1\n|cant|p2a: Mista Dubstep|flinch\n|\n|upkeep\n|turn|6\n|\n|t:|1776473500\n|move|p1b: Incineroar|Throat Chop|p2a: Mista Dubstep\n|-damage|p2a: Mista Dubstep|85/100\n|-start|p2a: Mista Dubstep|Throat Chop|[silent]\n|-formechange|p1a: Aegislash|Aegislash-Blade|\n|move|p1a: Aegislash|Iron Head|p2a: Mista Dubstep\n|-resisted|p2a: Mista Dubstep|1\n|-damage|p2a: Mista Dubstep|45/100\n|move|p2b: Saki\u2019s Spouse|Matcha Gotcha|p1a: Aegislash|[spread] p1a,p1b\n|-resisted|p1a: Aegislash|1\n|-resisted|p1b: Incineroar|1\n|-damage|p1a: Aegislash|12/100\n|-heal|p2b: Saki\u2019s Spouse|100/100|[from] drain|[of] p1a: Aegislash\n|-damage|p1b: Incineroar|49/100\n|cant|p2a: Mista Dubstep|flinch\n|\n|upkeep\n|turn|7\n|\n|t:|1776473523\n|move|p2b: Saki\u2019s Spouse|Rage Powder|p2b: Saki\u2019s Spouse\n|-singleturn|p2b: Saki\u2019s Spouse|move: Rage Powder\n|move|p1b: Incineroar|Throat Chop|p2b: Saki\u2019s Spouse\n|-supereffective|p2b: Saki\u2019s Spouse|1\n|-damage|p2b: Saki\u2019s Spouse|44/100\n|-start|p2b: Saki\u2019s Spouse|Throat Chop|[silent]\n|-enditem|p2b: Saki\u2019s Spouse|Sitrus Berry|[eat]\n|-heal|p2b: Saki\u2019s Spouse|69/100|[from] item: Sitrus Berry\n|move|p1a: Aegislash|Psycho Cut|p2b: Saki\u2019s Spouse\n|-damage|p2b: Saki\u2019s Spouse|0 fnt\n|faint|p2b: Saki\u2019s Spouse\n|move|p2a: Mista Dubstep|Earthquake|p1a: Aegislash|[spread] p1a,p1b\n|-supereffective|p1a: Aegislash|1\n|-supereffective|p1b: Incineroar|1\n|-damage|p1a: Aegislash|0 fnt\n|-damage|p1b: Incineroar|30/100\n|faint|p1a: Aegislash\n|\n|-end|p2a: Mista Dubstep|Throat Chop|[silent]\n|-sideend|p1: NovaGuy|move: Tailwind\n|upkeep\n|\n|t:|1776473545\n|switch|p2b: Amalogo Enye|Sneasler, L50, F|100/100\n|switch|p1a: Charizard|Charizard, L50, M|100/100\n|turn|8\n|\n|t:|1776473569\n|switch|p2a: Saki II|Araquanid, L50, M|100/100\n|move|p2b: Amalogo Enye|Fake Out|p1b: Incineroar\n|-damage|p1b: Incineroar|17/100\n|move|p1a: Charizard|Dragon Dance|p1a: Charizard\n|-boost|p1a: Charizard|atk|1\n|-boost|p1a: Charizard|spe|1\n|cant|p1b: Incineroar|flinch\n|\n|upkeep\n|turn|9\n|\n|t:|1776473606\n|detailschange|p1a: Charizard|Charizard-Mega-X, L50, M\n|-mega|p1a: Charizard|Charizard|Charizardite X\n|move|p1a: Charizard|Flare Blitz|p2b: Amalogo Enye\n|-damage|p2b: Amalogo Enye|0 fnt\n|faint|p2b: Amalogo Enye\n|-damage|p1a: Charizard|73/100|[from] Recoil\n|move|p1b: Incineroar|Throat Chop|p2a: Saki II\n|-damage|p2a: Saki II|66/100\n|-start|p2a: Saki II|Throat Chop|[silent]\n|move|p2a: Saki II|Liquidation|p1a: Charizard\n|-damage|p1a: Charizard|15/100\n|-unboost|p1a: Charizard|def|1\n|\n|upkeep\n|\n|t:|1776473625\n|switch|p2b: Mista Dubstep|Goodra-Hisui, L50, M|45/100\n|turn|10\n|\n|t:|1776473650\n|move|p1a: Charizard|Flare Blitz|p2b: Mista Dubstep\n|-damage|p2b: Mista Dubstep|0 fnt\n|faint|p2b: Mista Dubstep\n|-damage|p1a: Charizard|0 fnt|[from] Recoil\n|faint|p1a: Charizard\n|move|p1b: Incineroar|Throat Chop|p2a: Saki II\n|-damage|p2a: Saki II|30/100\n|move|p2a: Saki II|Liquidation|p1b: Incineroar\n|-supereffective|p1b: Incineroar|1\n|-damage|p1b: Incineroar|0 fnt\n|faint|p1b: Incineroar\n|\n|win|AsinineShark\n|raw|NovaGuy's rating: 1148 &rarr; <strong>1117</strong><br />(-31 for losing)\n|raw|AsinineShark's rating: 1057 &rarr; <strong>1097</strong><br />(+40 for winning)\n",
  "uploadtime": 1776473664,
  "views": 18,
  "formatid": "gen9championsvgc2026regma",
  "rating": 1097,
  "private": 0,
  "password": null
}