{
  "id": "gen9championsvgc2026regma-2583870431",
  "format": "[Gen 9 Champions] VGC 2026 Reg M-A",
  "players": [
    "TheKira03",
    "angemorgs"
  ],
  "log": "|j|\u2606TheKira03\n|j|\u2606angemorgs\n|t:|1776204188\n|gametype|doubles\n|player|p1|TheKira03|101|1060\n|player|p2|angemorgs|backersf|1045\n|gen|9\n|tier|[Gen 9 Champions] VGC 2026 Reg M-A\n|rated|\n|rule|Species Clause: Limit one of each Pok\u00e9mon\n|rule|Item Clause: Limit 1 of each item\n|clearpoke\n|poke|p1|Golurk, L50|\n|poke|p1|Farigiraf, L50, F|\n|poke|p1|Goodra-Hisui, L50, M|\n|poke|p1|Basculegion, L50, M|\n|poke|p1|Pelipper, L50, M|\n|poke|p1|Sinistcha, L50|\n|poke|p2|Charizard, L50, F|\n|poke|p2|Sneasler, L50, F|\n|poke|p2|Basculegion, L50, M|\n|poke|p2|Garchomp, L50, F|\n|poke|p2|Incineroar, L50, F|\n|poke|p2|Venusaur, L50, M|\n|teampreview|4\n|inactive|Battle timer is ON: inactive players will automatically lose when time's up. (requested by TheKira03)\n|inactive|TheKira03 has 60 seconds left.\n|inactive|angemorgs has 60 seconds left.\n|\n|t:|1776204230\n|teamsize|p1|4\n|teamsize|p2|4\n|start\n|switch|p1a: Farigiraf|Farigiraf, L50, F, shiny|100/100\n|switch|p1b: Golurk|Golurk, L50, shiny|100/100\n|switch|p2a: Charizard|Charizard, L50, F, shiny|100/100\n|switch|p2b: Incineroar|Incineroar, L50, F|100/100\n|-ability|p2b: Incineroar|Intimidate|boost\n|-unboost|p1a: Farigiraf|atk|1\n|-unboost|p1b: Golurk|atk|1\n|turn|1\n|inactive|TheKira03 has 30 seconds left.\n|inactive|TheKira03 has 20 seconds left.\n|\n|t:|1776204265\n|switch|p2a: Basculegion|Basculegion, L50, M|100/100\n|move|p2b: Incineroar|Throat Chop|p1a: Farigiraf\n|-supereffective|p1a: Farigiraf|1\n|-damage|p1a: Farigiraf|34/100\n|-start|p1a: Farigiraf|Throat Chop|[silent]\n|move|p1b: Golurk|Rock Slide|p2a: Basculegion|[spread] p2a,p2b\n|-supereffective|p2b: Incineroar|1\n|-damage|p2a: Basculegion|85/100\n|-damage|p2b: Incineroar|78/100\n|move|p1a: Farigiraf|Trick Room|p1a: Farigiraf\n|-fieldstart|move: Trick Room|[of] p1a: Farigiraf\n|\n|upkeep\n|turn|2\n|\n|t:|1776204285\n|move|p1a: Farigiraf|Protect|p1a: Farigiraf\n|-singleturn|p1a: Farigiraf|Protect\n|move|p1b: Golurk|Poltergeist|p2a: Basculegion\n|-activate|p2a: Basculegion|move: Poltergeist|Choice Scarf\n|-supereffective|p2a: Basculegion|1\n|-damage|p2a: Basculegion|0 fnt\n|faint|p2a: Basculegion\n|move|p2b: Incineroar|Throat Chop|p1a: Farigiraf\n|-activate|p1a: Farigiraf|move: Protect\n|\n|-end|p1a: Farigiraf|Throat Chop|[silent]\n|upkeep\n|\n|t:|1776204292\n|switch|p2a: Sneasler|Sneasler, L50, F|100/100\n|turn|3\n|\n|t:|1776204300\n|move|p1b: Golurk|High Horsepower|p2b: Incineroar\n|-supereffective|p2b: Incineroar|1\n|-damage|p2b: Incineroar|18/100\n|-enditem|p2b: Incineroar|Sitrus Berry|[eat]\n|-heal|p2b: Incineroar|43/100|[from] item: Sitrus Berry\n|move|p1a: Farigiraf|Twin Beam|p2a: Sneasler\n|-supereffective|p2a: Sneasler|2\n|-damage|p2a: Sneasler|8/100\n|-supereffective|p2a: Sneasler|2\n|-damage|p2a: Sneasler|0 fnt\n|faint|p2a: Sneasler\n|-hitcount|p2: Sneasler|2\n|move|p2b: Incineroar|Throat Chop|p1b: Golurk\n|-supereffective|p1b: Golurk|1\n|-damage|p1b: Golurk|17/100\n|-start|p1b: Golurk|Throat Chop|[silent]\n|\n|upkeep\n|\n|t:|1776204313\n|switch|p2a: Charizard|Charizard, L50, F, shiny|100/100\n|turn|4\n|\n|t:|1776204326\n|detailschange|p1b: Golurk|Golurk-Mega, L50, shiny\n|-mega|p1b: Golurk|Golurk|Golurkite\n|move|p1b: Golurk|Rock Slide|p2a: Charizard|[spread] p2a\n|-miss|p1b: Golurk|p2b: Incineroar\n|-supereffective|p2a: Charizard|2\n|-damage|p2a: Charizard|28/100\n|move|p1a: Farigiraf|Hyper Voice|p2a: Charizard|[spread] p2a,p2b\n|-damage|p2a: Charizard|0 fnt\n|-damage|p2b: Incineroar|18/100\n|faint|p2a: Charizard\n|move|p2b: Incineroar|Throat Chop|p1a: Farigiraf\n|-supereffective|p1a: Farigiraf|1\n|-damage|p1a: Farigiraf|0 fnt\n|faint|p1a: Farigiraf\n|\n|-end|p1b: Golurk|Throat Chop|[silent]\n|upkeep\n|\n|t:|1776204338\n|switch|p1a: Basculegion|Basculegion, L50, M, shiny|100/100\n|turn|5\n|\n|t:|1776204346\n|move|p1a: Basculegion|Aqua Jet|p2b: Incineroar\n|-supereffective|p2b: Incineroar|1\n|-damage|p2b: Incineroar|0 fnt\n|faint|p2b: Incineroar\n|\n|win|TheKira03\n",
  "uploadtime": 1776204190,
  "views": 21,
  "formatid": "gen9championsvgc2026regma",
  "rating": null,
  "private": 0,
  "password": null
}