{
  "id": "gen9championsvgc2026regma-2584020942",
  "format": "[Gen 9 Champions] VGC 2026 Reg M-A",
  "players": [
    "oguricapfan",
    "star1707"
  ],
  "log": "|j|\u2606oguricapfan\n|j|\u2606star1707\n|t:|1776217471\n|gametype|doubles\n|player|p1|oguricapfan|101|1051\n|player|p2|star1707|266|1032\n|gen|9\n|tier|[Gen 9 Champions] VGC 2026 Reg M-A\n|rated|\n|rule|Species Clause: Limit one of each Pok\u00e9mon\n|rule|Item Clause: Limit 1 of each item\n|clearpoke\n|poke|p1|Clefable, L50, F|\n|poke|p1|Runerigus, L50, M|\n|poke|p1|Snorlax, L50, M|\n|poke|p1|Kommo-o, L50, M|\n|poke|p1|Absol, L50, M|\n|poke|p1|Zoroark-Hisui, L50, M|\n|poke|p2|Hawlucha, L50, F|\n|poke|p2|Excadrill, L50, F|\n|poke|p2|Kingambit, L50, F|\n|poke|p2|Whimsicott, L50, F|\n|poke|p2|Incineroar, L50, F|\n|poke|p2|Tyranitar, L50, M|\n|teampreview|4\n|inactive|Battle timer is ON: inactive players will automatically lose when time's up. (requested by oguricapfan)\n|\n|t:|1776217494\n|teamsize|p1|4\n|teamsize|p2|4\n|start\n|switch|p1a: Tinkerbell|Clefable, L50, F, shiny|100/100\n|switch|p1b: Prophecy|Runerigus, L50, M|100/100\n|switch|p2a: Hawlucha|Hawlucha, L50, F, shiny|100/100\n|switch|p2b: Excadrill|Excadrill, L50, F, shiny|100/100\n|turn|1\n|inactive|star1707 has 30 seconds left.\n|\n|t:|1776217529\n|detailschange|p2a: Hawlucha|Hawlucha-Mega, L50, F, shiny\n|-mega|p2a: Hawlucha|Hawlucha|Hawluchanite\n|detailschange|p1a: Tinkerbell|Clefable-Mega, L50, F, shiny\n|-mega|p1a: Tinkerbell|Clefable|Clefablite\n|move|p2a: Hawlucha|Entrainment|p2b: Excadrill\n|-ability|p2b: Excadrill|No Guard|Sand Rush|[from] move: Entrainment|[of] p2a: Hawlucha\n|move|p2b: Excadrill|Fissure|p1a: Tinkerbell\n|-immune|p1a: Tinkerbell\n|move|p1a: Tinkerbell|Flamethrower|p2b: Excadrill\n|-supereffective|p2b: Excadrill|1\n|-damage|p2b: Excadrill|27/100\n|move|p1b: Prophecy|Trick Room|p1b: Prophecy\n|-fieldstart|move: Trick Room|[of] p1b: Prophecy\n|\n|upkeep\n|turn|2\n|inactive|oguricapfan has 30 seconds left.\n|inactive|star1707 has 30 seconds left.\n|inactive|oguricapfan has 20 seconds left.\n|inactive|oguricapfan has 15 seconds left.\n|inactive|oguricapfan has 10 seconds left.\n|\n|t:|1776217576\n|switch|p2b: Incineroar|Incineroar, L50, F, shiny|100/100\n|-ability|p2b: Incineroar|Intimidate|boost\n|-unboost|p1a: Tinkerbell|atk|1\n|-unboost|p1b: Prophecy|atk|1\n|move|p1b: Prophecy|Guard Split|p1a: Tinkerbell\n|-activate|p1b: Prophecy|move: Guard Split|[of] p1a: Tinkerbell\n|move|p1a: Tinkerbell|Calm Mind|p1a: Tinkerbell\n|-boost|p1a: Tinkerbell|spa|1\n|-boost|p1a: Tinkerbell|spd|1\n|move|p2a: Hawlucha|Brave Bird|p1a: Tinkerbell\n|-damage|p1a: Tinkerbell|62/100\n|-damage|p2a: Hawlucha|87/100|[from] Recoil\n|\n|upkeep\n|turn|3\n|\n|t:|1776217600\n|switch|p2a: Tyranitar|Tyranitar, L50, M, shiny|100/100\n|-weather|Sandstorm|[from] ability: Sand Stream|[of] p2a: Tyranitar\n|move|p2b: Incineroar|Fake Out|p1a: Tinkerbell\n|-crit|p1a: Tinkerbell\n|-damage|p1a: Tinkerbell|51/100\n|move|p1b: Prophecy|Earthquake|p2a: Tyranitar|[spread] p2a,p2b\n|-immune|p1a: Tinkerbell\n|-supereffective|p2a: Tyranitar|1\n|-supereffective|p2b: Incineroar|1\n|-crit|p2b: Incineroar\n|-damage|p2a: Tyranitar|73/100\n|-damage|p2b: Incineroar|26/100\n|-enditem|p2b: Incineroar|Sitrus Berry|[eat]\n|-heal|p2b: Incineroar|51/100|[from] item: Sitrus Berry\n|cant|p1a: Tinkerbell|flinch\n|\n|-weather|Sandstorm|[upkeep]\n|-damage|p2b: Incineroar|45/100|[from] Sandstorm\n|-damage|p1a: Tinkerbell|45/100|[from] Sandstorm\n|upkeep\n|turn|4\n|inactive|star1707 has 30 seconds left.\n|inactive|star1707 has 20 seconds left.\n|\n|t:|1776217639\n|switch|p2b: Hawlucha|Hawlucha-Mega, L50, F, shiny|87/100\n|move|p1b: Prophecy|Earthquake|p2b: Hawlucha|[spread] p2a\n|-immune|p1a: Tinkerbell\n|-immune|p2b: Hawlucha\n|-supereffective|p2a: Tyranitar|1\n|-damage|p2a: Tyranitar|43/100\n|move|p2a: Tyranitar|Rock Slide|p1a: Tinkerbell|[spread] p1a,p1b\n|-supereffective|p1a: Tinkerbell|1\n|-resisted|p1b: Prophecy|1\n|-damage|p1a: Tinkerbell|6/100\n|-damage|p1b: Prophecy|85/100\n|move|p1a: Tinkerbell|Draining Kiss|p2b: Hawlucha\n|-supereffective|p2b: Hawlucha|1\n|-damage|p2b: Hawlucha|12/100\n|-heal|p1a: Tinkerbell|58/100|[from] drain|[of] p2b: Hawlucha\n|\n|-weather|Sandstorm|[upkeep]\n|-damage|p1a: Tinkerbell|52/100|[from] Sandstorm\n|-damage|p2b: Hawlucha|6/100|[from] Sandstorm\n|upkeep\n|turn|5\n|-message|star1707 forfeited.\n|\n|win|oguricapfan\n|raw|oguricapfan's rating: 1051 &rarr; <strong>1082</strong><br />(+31 for winning)\n|raw|star1707's rating: 1032 &rarr; <strong>1018</strong><br />(-14 for losing)\n|l|\u2606star1707\n|player|p2|\n",
  "uploadtime": 1776217664,
  "views": 16,
  "formatid": "gen9championsvgc2026regma",
  "rating": 1018,
  "private": 0,
  "password": null
}