{
  "id": "gen9championsvgc2026regma-2583985435",
  "format": "[Gen 9 Champions] VGC 2026 Reg M-A",
  "players": [
    "Niko highway",
    "jackoek11"
  ],
  "log": "|j|\u2606Niko highway\n|j|\u2606jackoek11\n|t:|1776214257\n|gametype|doubles\n|player|p1|Niko highway|266|1561\n|player|p2|jackoek11|2|1475\n|gen|9\n|tier|[Gen 9 Champions] VGC 2026 Reg M-A\n|rated|\n|rule|Species Clause: Limit one of each Pok\u00e9mon\n|rule|Item Clause: Limit 1 of each item\n|clearpoke\n|poke|p1|Incineroar, L50, F|\n|poke|p1|Conkeldurr, L50, F|\n|poke|p1|Sinistcha, L50|\n|poke|p1|Cofagrigus, L50, F|\n|poke|p1|Drampa, L50, M|\n|poke|p1|Aegislash, L50, M|\n|poke|p2|Floette-Eternal, L50, F|\n|poke|p2|Incineroar, L50, M|\n|poke|p2|Sinistcha, L50|\n|poke|p2|Aerodactyl, L50, F|\n|poke|p2|Sneasler, L50, F|\n|poke|p2|Scizor, L50, F|\n|teampreview|4\n|j| Reign1997\n|\n|t:|1776214276\n|teamsize|p1|4\n|teamsize|p2|4\n|start\n|switch|p1a: Incineroar|Incineroar, L50, F|100/100\n|switch|p1b: Cofagrigus|Cofagrigus, L50, F|100/100\n|switch|p2a: Incineroar|Incineroar, L50, M|100/100\n|switch|p2b: Floette|Floette-Eternal, L50, F|100/100\n|-ability|p2a: Incineroar|Intimidate|boost\n|-unboost|p1a: Incineroar|atk|1\n|-unboost|p1b: Cofagrigus|atk|1\n|-ability|p1a: Incineroar|Intimidate|boost\n|-unboost|p2a: Incineroar|atk|1\n|-unboost|p2b: Floette|atk|1\n|turn|1\n|l| Reign1997\n|\n|t:|1776214303\n|detailschange|p2b: Floette|Floette-Mega, L50, F\n|-mega|p2b: Floette|Floette|Floettite\n|-ability|p2b: Floette|Fairy Aura\n|move|p2a: Incineroar|Fake Out|p1a: Incineroar\n|-damage|p1a: Incineroar|94/100\n|cant|p1a: Incineroar|flinch\n|move|p2b: Floette|Calm Mind|p2b: Floette\n|-boost|p2b: Floette|spa|1\n|-boost|p2b: Floette|spd|1\n|move|p1b: Cofagrigus|Trick Room|p1b: Cofagrigus\n|-fieldstart|move: Trick Room|[of] p1b: Cofagrigus\n|\n|upkeep\n|turn|2\n|j| Reign1997\n|inactive|Battle timer is ON: inactive players will automatically lose when time's up. (requested by Niko highway)\n|\n|t:|1776214318\n|move|p2b: Floette|Protect|p2b: Floette\n|-singleturn|p2b: Floette|Protect\n|move|p1b: Cofagrigus|Body Press|p2a: Incineroar\n|-supereffective|p2a: Incineroar|1\n|-damage|p2a: Incineroar|49/100\n|move|p1a: Incineroar|Throat Chop|p2a: Incineroar\n|-resisted|p2a: Incineroar|1\n|-damage|p2a: Incineroar|37/100\n|-start|p2a: Incineroar|Throat Chop|[silent]\n|cant|p2a: Incineroar|move: Throat Chop\n|\n|upkeep\n|turn|3\n|\n|t:|1776214331\n|switch|p2a: Sneasler|Sneasler, L50, F|100/100\n|move|p1b: Cofagrigus|Body Press|p2a: Sneasler\n|-resisted|p2a: Sneasler|1\n|-damage|p2a: Sneasler|72/100\n|move|p1a: Incineroar|Parting Shot|p2b: Floette\n|-unboost|p2b: Floette|atk|1\n|-unboost|p2b: Floette|spa|1\n|\n|t:|1776214338\n|switch|p1a: Aegislash|Aegislash, L50, M|100/100|[from] Parting Shot\n|move|p2b: Floette|Dazzling Gleam|p1a: Aegislash|[spread] p1a,p1b\n|-resisted|p1a: Aegislash|1\n|-damage|p1a: Aegislash|83/100\n|-damage|p1b: Cofagrigus|57/100\n|\n|-heal|p1b: Cofagrigus|63/100|[from] item: Leftovers\n|upkeep\n|turn|4\n|j| trisew\n|inactive|Niko highway has 30 seconds left.\n|inactive|Niko highway has 20 seconds left.\n|inactive|Niko highway has 15 seconds left.\n|inactive|Niko highway has 10 seconds left.\n|\n|t:|1776214387\n|move|p2b: Floette|Protect|p2b: Floette\n|-singleturn|p2b: Floette|Protect\n|move|p2a: Sneasler|Protect|p2a: Sneasler\n|-singleturn|p2a: Sneasler|Protect\n|move|p1b: Cofagrigus|Shadow Ball|p2a: Sneasler\n|-activate|p2a: Sneasler|move: Protect\n|-formechange|p1a: Aegislash|Aegislash-Blade|\n|move|p1a: Aegislash|Iron Head|p2b: Floette\n|-activate|p2b: Floette|move: Protect\n|\n|-heal|p1b: Cofagrigus|69/100|[from] item: Leftovers\n|upkeep\n|turn|5\n|\n|t:|1776214408\n|switch|p2b: Incineroar|Incineroar, L50, M|37/100\n|-ability|p2b: Incineroar|Intimidate|boost\n|-unboost|p1a: Aegislash|atk|1\n|-unboost|p1b: Cofagrigus|atk|1\n|switch|p2a: Sinistcha|Sinistcha, L50|100/100\n|-heal|p2b: Incineroar|61/100|[from] ability: Hospitality|[of] p2a: Sinistcha\n|move|p1b: Cofagrigus|Will-O-Wisp|p2a: Sinistcha\n|-status|p2a: Sinistcha|brn\n|move|p1a: Aegislash|Iron Head|p2b: Incineroar\n|-resisted|p2b: Incineroar|1\n|-damage|p2b: Incineroar|47/100\n|\n|-heal|p1b: Cofagrigus|75/100|[from] item: Leftovers\n|-damage|p2a: Sinistcha|94/100 brn|[from] brn\n|-fieldend|move: Trick Room\n|upkeep\n|turn|6\n|\n|t:|1776214428\n|switch|p1b: Incineroar|Incineroar, L50, F|94/100\n|-ability|p1b: Incineroar|Intimidate|boost\n|-unboost|p2a: Sinistcha|atk|1\n|-unboost|p2b: Incineroar|atk|1\n|-formechange|p1a: Aegislash|Aegislash|\n|move|p1a: Aegislash|King's Shield|p1a: Aegislash\n|-singleturn|p1a: Aegislash|Protect\n|move|p2a: Sinistcha|Life Dew|p2a: Sinistcha|[spread] p2a,p2b\n|-heal|p2a: Sinistcha|100/100 brn\n|-heal|p2b: Incineroar|72/100\n|move|p2b: Incineroar|Will-O-Wisp|p1a: Aegislash\n|-status|p1a: Aegislash|brn\n|\n|-damage|p2a: Sinistcha|94/100 brn|[from] brn\n|-damage|p1a: Aegislash|77/100 brn|[from] brn\n|upkeep\n|turn|7\n|l| trisew\n|inactive|Niko highway has 30 seconds left.\n|\n|t:|1776214456\n|switch|p2a: Sneasler|Sneasler, L50, F|72/100\n|move|p2b: Incineroar|Parting Shot|p1b: Incineroar\n|-unboost|p1b: Incineroar|atk|1\n|-unboost|p1b: Incineroar|spa|1\n|\n|t:|1776214461\n|switch|p2b: Sinistcha|Sinistcha, L50|94/100 brn|[from] Parting Shot\n|-heal|p2a: Sneasler|97/100|[from] ability: Hospitality|[of] p2b: Sinistcha\n|-formechange|p1a: Aegislash|Aegislash-Blade|\n|move|p1a: Aegislash|Poltergeist|p2a: Sneasler\n|-activate|p2a: Sneasler|move: Poltergeist|White Herb\n|-damage|p2a: Sneasler|58/100\n|move|p1b: Incineroar|Flare Blitz|p2a: Sneasler\n|-damage|p2a: Sneasler|0 fnt\n|faint|p2a: Sneasler\n|-damage|p1b: Incineroar|79/100|[from] Recoil\n|\n|-damage|p2b: Sinistcha|88/100 brn|[from] brn\n|-damage|p1a: Aegislash|71/100 brn|[from] brn\n|upkeep\n|\n|t:|1776214467\n|switch|p2a: Floette|Floette-Mega, L50, F|100/100\n|-ability|p2a: Floette|Fairy Aura\n|turn|8\n|inactive|Niko highway has 30 seconds left.\n|inactive|Niko highway has 20 seconds left.\n|\n|t:|1776214502\n|switch|p1b: Cofagrigus|Cofagrigus, L50, F|75/100\n|move|p2b: Sinistcha|Rage Powder|p2b: Sinistcha\n|-singleturn|p2b: Sinistcha|move: Rage Powder\n|move|p2a: Floette|Calm Mind|p2a: Floette\n|-boost|p2a: Floette|spa|1\n|-boost|p2a: Floette|spd|1\n|move|p1a: Aegislash|Poltergeist|p2b: Sinistcha\n|-activate|p2b: Sinistcha|move: Poltergeist|Sitrus Berry\n|-supereffective|p2b: Sinistcha|1\n|-damage|p2b: Sinistcha|53/100 brn\n|\n|-heal|p1b: Cofagrigus|82/100|[from] item: Leftovers\n|-damage|p2b: Sinistcha|47/100 brn|[from] brn\n|-damage|p1a: Aegislash|65/100 brn|[from] brn\n|upkeep\n|-enditem|p2b: Sinistcha|Sitrus Berry|[eat]\n|-heal|p2b: Sinistcha|71/100 brn|[from] item: Sitrus Berry\n|turn|9\n|\n|t:|1776214523\n|switch|p1a: Incineroar|Incineroar, L50, F|79/100\n|-ability|p1a: Incineroar|Intimidate|boost\n|-unboost|p2a: Floette|atk|1\n|-unboost|p2b: Sinistcha|atk|1\n|move|p2b: Sinistcha|Rage Powder|p2b: Sinistcha\n|-singleturn|p2b: Sinistcha|move: Rage Powder\n|move|p2a: Floette|Moonblast|p1b: Cofagrigus\n|-damage|p1b: Cofagrigus|0 fnt\n|faint|p1b: Cofagrigus\n|\n|-damage|p2b: Sinistcha|65/100 brn|[from] brn\n|upkeep\n|l| Reign1997\n|\n|t:|1776214547\n|switch|p1b: Conkeldurr|Conkeldurr, L50, F|100/100\n|turn|10\n|\n|t:|1776214560\n|switch|p2b: Incineroar|Incineroar, L50, M|72/100\n|-ability|p2b: Incineroar|Intimidate|boost\n|-unboost|p1a: Incineroar|atk|1\n|-unboost|p1b: Conkeldurr|atk|1\n|move|p2a: Floette|Protect|p2a: Floette\n|-singleturn|p2a: Floette|Protect\n|move|p1a: Incineroar|Flare Blitz|p2b: Incineroar\n|-resisted|p2b: Incineroar|1\n|-damage|p2b: Incineroar|54/100\n|-damage|p1a: Incineroar|73/100|[from] Recoil\n|move|p1b: Conkeldurr|Drain Punch|p2b: Incineroar\n|-supereffective|p2b: Incineroar|1\n|-damage|p2b: Incineroar|0 fnt\n|faint|p2b: Incineroar\n|\n|upkeep\n|\n|t:|1776214564\n|switch|p2b: Sinistcha|Sinistcha, L50|65/100 brn\n|turn|11\n|\n|t:|1776214577\n|switch|p1a: Aegislash|Aegislash, L50, M|65/100 brn\n|move|p1b: Conkeldurr|Wide Guard|p1b: Conkeldurr\n|-singleturn|p1b: Conkeldurr|Wide Guard\n|move|p2a: Floette|Moonblast|p1a: Aegislash\n|-resisted|p1a: Aegislash|1\n|-damage|p1a: Aegislash|16/100 brn\n|move|p2b: Sinistcha|Matcha Gotcha|p1b: Conkeldurr|[spread] \n|-activate|p1a: Aegislash|move: Wide Guard\n|-activate|p1b: Conkeldurr|move: Wide Guard\n|\n|-damage|p2b: Sinistcha|59/100 brn|[from] brn\n|-damage|p1a: Aegislash|10/100 brn|[from] brn\n|upkeep\n|turn|12\n|\n|t:|1776214595\n|move|p2b: Sinistcha|Rage Powder|p2b: Sinistcha\n|-singleturn|p2b: Sinistcha|move: Rage Powder\n|-formechange|p1a: Aegislash|Aegislash-Blade|\n|move|p1a: Aegislash|Shadow Sneak|p2b: Sinistcha\n|-supereffective|p2b: Sinistcha|1\n|-damage|p2b: Sinistcha|38/100 brn\n|move|p2a: Floette|Dazzling Gleam|p1a: Aegislash|[spread] p1a,p1b\n|-resisted|p1a: Aegislash|1\n|-supereffective|p1b: Conkeldurr|1\n|-damage|p1a: Aegislash|0 fnt\n|-damage|p1b: Conkeldurr|0 fnt\n|faint|p1a: Aegislash\n|faint|p1b: Conkeldurr\n|\n|-damage|p2b: Sinistcha|32/100 brn|[from] brn\n|upkeep\n|c|\u2606Niko highway|gg\n|\n|t:|1776214604\n|switch|p1b: Incineroar|Incineroar, L50, F|73/100\n|-ability|p1b: Incineroar|Intimidate|boost\n|-unboost|p2a: Floette|atk|1\n|-unboost|p2b: Sinistcha|atk|1\n|turn|13\n|c|\u2606jackoek11|gg\n|c|\u2606Niko highway|you played well\n|c|\u2606jackoek11|thanks\n|c|\u2606Niko highway|didn't except will-o-wisp\n|inactive|Niko highway has 30 seconds left.\n|\n|t:|1776214632\n|move|p2b: Sinistcha|Rage Powder|p2b: Sinistcha\n|-singleturn|p2b: Sinistcha|move: Rage Powder\n|move|p2a: Floette|Moonblast|p1b: Incineroar\n|-damage|p1b: Incineroar|0 fnt\n|faint|p1b: Incineroar\n|\n|win|jackoek11\n|raw|Niko highway's rating: 1561 &rarr; <strong>1536</strong><br />(-25 for losing)\n|raw|jackoek11's rating: 1475 &rarr; <strong>1500</strong><br />(+25 for winning)\n|l|\u2606jackoek11\n|player|p2|\n",
  "uploadtime": 1776214638,
  "views": 96,
  "formatid": "gen9championsvgc2026regma",
  "rating": 1500,
  "private": 0,
  "password": null
}