{
  "id": "gen9championsvgc2026regma-2582460386",
  "format": "[Gen 9 Champions] VGC 2026 Reg M-A",
  "players": [
    "buuji",
    "Fneis"
  ],
  "log": "|j|\u2606buuji\n|j|\u2606Fneis\n|t:|1776093136\n|gametype|doubles\n|player|p1|buuji|170|1068\n|player|p2|Fneis|265|1133\n|gen|9\n|tier|[Gen 9 Champions] VGC 2026 Reg M-A\n|rated|\n|rule|Species Clause: Limit one of each Pok\u00e9mon\n|rule|Item Clause: Limit 1 of each item\n|clearpoke\n|poke|p1|Emolga, L50, M|\n|poke|p1|Infernape, L50, F|\n|poke|p1|Sylveon, L50, F|\n|poke|p1|Altaria, L50, M|\n|poke|p1|Glimmora, L50, F|\n|poke|p1|Excadrill, L50, M|\n|poke|p2|Meganium, L50, M|\n|poke|p2|Dragonite, L50, M|\n|poke|p2|Archaludon, L50, M|\n|poke|p2|Pelipper, L50, F|\n|poke|p2|Basculegion, L50, M|\n|poke|p2|Sneasler, L50, M|\n|teampreview|4\n|inactive|Battle timer is ON: inactive players will automatically lose when time's up. (requested by Fneis)\n|inactive|buuji has 60 seconds left.\n|inactive|Fneis has 60 seconds left.\n|inactive|Fneis has 30 seconds left.\n|\n|t:|1776093197\n|teamsize|p1|4\n|teamsize|p2|4\n|start\n|switch|p1a: Emolga|Emolga, L50, M|100/100\n|switch|p1b: Altaria|Altaria, L50, M|100/100\n|switch|p2a: Dragonite|Dragonite, L50, M, shiny|100/100\n|switch|p2b: Basculegion|Basculegion, L50, M|100/100\n|-ability|p1b: Altaria|Cloud Nine\n|turn|1\n|\n|t:|1776093217\n|detailschange|p2a: Dragonite|Dragonite-Mega, L50, M, shiny\n|-mega|p2a: Dragonite|Dragonite|Dragoninite\n|detailschange|p1b: Altaria|Altaria-Mega, L50, M\n|-mega|p1b: Altaria|Altaria|Altarianite\n|move|p2b: Basculegion|Wave Crash|p1a: Emolga\n|-damage|p1a: Emolga|0 fnt\n|faint|p1a: Emolga\n|-damage|p2b: Basculegion|75/100|[from] Recoil\n|move|p2a: Dragonite|Tailwind|p2a: Dragonite\n|-sidestart|p2: Fneis|move: Tailwind\n|move|p1b: Altaria|Body Slam|p2a: Dragonite\n|-supereffective|p2a: Dragonite|1\n|-damage|p2a: Dragonite|59/100\n|\n|upkeep\n|\n|t:|1776093235\n|switch|p1a: Sylveon|Sylveon, L50, F|100/100\n|turn|2\n|\n|t:|1776093245\n|move|p2b: Basculegion|Wave Crash|p1a: Sylveon\n|-damage|p1a: Sylveon|2/100\n|-damage|p2b: Basculegion|42/100|[from] Recoil\n|move|p2a: Dragonite|Hurricane|p1b: Altaria\n|-crit|p1b: Altaria\n|-damage|p1b: Altaria|2/100\n|move|p1b: Altaria|Tailwind|p1b: Altaria\n|-sidestart|p1: buuji|move: Tailwind\n|move|p1a: Sylveon|Calm Mind|p1a: Sylveon\n|-boost|p1a: Sylveon|spa|1\n|-boost|p1a: Sylveon|spd|1\n|\n|upkeep\n|turn|3\n|\n|t:|1776093262\n|move|p2a: Dragonite|Protect|p2a: Dragonite\n|-singleturn|p2a: Dragonite|Protect\n|move|p2b: Basculegion|Wave Crash|p1a: Sylveon\n|-damage|p1a: Sylveon|0 fnt\n|faint|p1a: Sylveon\n|-damage|p2b: Basculegion|42/100|[from] Recoil\n|move|p1b: Altaria|Breaking Swipe|p2a: Dragonite|[spread] p2b\n|-activate|p2a: Dragonite|move: Protect\n|-damage|p2b: Basculegion|13/100\n|-unboost|p2b: Basculegion|atk|1\n|\n|upkeep\n|\n|t:|1776093275\n|switch|p1a: Infernape|Infernape, L50, F|100/100\n|turn|4\n|\n|t:|1776093282\n|move|p1a: Infernape|Fake Out|p2a: Dragonite\n|-damage|p2a: Dragonite|52/100\n|move|p2b: Basculegion|Wave Crash|p1a: Infernape\n|-supereffective|p1a: Infernape|1\n|-damage|p1a: Infernape|9/100\n|-damage|p2b: Basculegion|0 fnt|[from] Recoil\n|faint|p2b: Basculegion\n|cant|p2a: Dragonite|flinch\n|move|p1b: Altaria|Breaking Swipe|p2a: Dragonite\n|-supereffective|p2a: Dragonite|1\n|-damage|p2a: Dragonite|0 fnt\n|faint|p2a: Dragonite\n|\n|-sideend|p2: Fneis|move: Tailwind\n|upkeep\n|\n|t:|1776093290\n|switch|p2a: Sneasler|Sneasler, L50, M|100/100\n|switch|p2b: Archaludon|Archaludon, L50, M|100/100\n|turn|5\n|\n|t:|1776093308\n|move|p2a: Sneasler|Fake Out|p1b: Altaria\n|-damage|p1b: Altaria|0 fnt\n|faint|p1b: Altaria\n|move|p1a: Infernape|Heat Wave|p2b: Archaludon|[spread] p2a,p2b\n|-damage|p2a: Sneasler|49/100\n|-damage|p2b: Archaludon|50/100\n|move|p2b: Archaludon|Flash Cannon|p1a: Infernape\n|-resisted|p1a: Infernape|1\n|-damage|p1a: Infernape|0 fnt\n|faint|p1a: Infernape\n|\n|win|Fneis\n|raw|buuji's rating: 1068 &rarr; <strong>1052</strong><br />(-16 for losing)\n|raw|Fneis's rating: 1133 &rarr; <strong>1153</strong><br />(+20 for winning)\n|l|\u2606buuji\n|player|p1|\n",
  "uploadtime": 1776093322,
  "views": 20,
  "formatid": "gen9championsvgc2026regma",
  "rating": 1052,
  "private": 0,
  "password": null
}