{
  "id": "gen9championsvgc2026regma-2584444123",
  "format": "[Gen 9 Champions] VGC 2026 Reg M-A",
  "players": [
    "KV959SUPER",
    "workseanz"
  ],
  "log": "|j|\u2606KV959SUPER\n|j|\u2606workseanz\n|t:|1776261291\n|gametype|doubles\n|player|p1|KV959SUPER|wallace|1240\n|player|p2|workseanz|266|1340\n|gen|9\n|tier|[Gen 9 Champions] VGC 2026 Reg M-A\n|rated|\n|rule|Species Clause: Limit one of each Pok\u00e9mon\n|rule|Item Clause: Limit 1 of each item\n|clearpoke\n|poke|p1|Delphox, L50, F|\n|poke|p1|Incineroar, L50, M|\n|poke|p1|Garchomp, L50, M|\n|poke|p1|Floette-Eternal, L50, F|\n|poke|p1|Kingambit, L50, M|\n|poke|p1|Sneasler, L50, M|\n|poke|p2|Floette-Eternal, L50, F|\n|poke|p2|Gengar, L50, F|\n|poke|p2|Sinistcha, L50|\n|poke|p2|Incineroar, L50, M|\n|poke|p2|Politoed, L50, F|\n|poke|p2|Basculegion, L50, M|\n|teampreview|4\n|inactive|Battle timer is ON: inactive players will automatically lose when time's up. (requested by workseanz)\n|inactive|KV959SUPER has 60 seconds left.\n|inactive|workseanz has 60 seconds left.\n|\n|t:|1776261345\n|teamsize|p1|4\n|teamsize|p2|4\n|start\n|switch|p1a: Delphox|Delphox, L50, F, shiny|100/100\n|switch|p1b: Incineroar|Incineroar, L50, M, shiny|100/100\n|switch|p2a: Floette|Floette-Eternal, L50, F|100/100\n|switch|p2b: Incineroar|Incineroar, L50, M|100/100\n|-ability|p2b: Incineroar|Intimidate|boost\n|-unboost|p1a: Delphox|atk|1\n|-unboost|p1b: Incineroar|atk|1\n|-ability|p1b: Incineroar|Intimidate|boost\n|-unboost|p2a: Floette|atk|1\n|-unboost|p2b: Incineroar|atk|1\n|turn|1\n|\n|t:|1776261361\n|detailschange|p1a: Delphox|Delphox-Mega, L50, F, shiny\n|-mega|p1a: Delphox|Delphox|Delphoxite\n|detailschange|p2a: Floette|Floette-Mega, L50, F\n|-mega|p2a: Floette|Floette|Floettite\n|-ability|p2a: Floette|Fairy Aura\n|move|p1a: Delphox|Protect|p1a: Delphox\n|-singleturn|p1a: Delphox|Protect\n|move|p2b: Incineroar|Fake Out|p1b: Incineroar\n|-damage|p1b: Incineroar|95/100\n|cant|p1b: Incineroar|flinch\n|move|p2a: Floette|Calm Mind|p2a: Floette\n|-boost|p2a: Floette|spa|1\n|-boost|p2a: Floette|spd|1\n|\n|-heal|p1b: Incineroar|100/100|[from] item: Leftovers\n|upkeep\n|turn|2\n|\n|t:|1776261382\n|move|p1a: Delphox|Encore|p2a: Floette\n|-start|p2a: Floette|Encore\n|move|p2a: Floette|Calm Mind|p2a: Floette\n|-boost|p2a: Floette|spa|1\n|-boost|p2a: Floette|spd|1\n|move|p2b: Incineroar|Parting Shot|p1a: Delphox\n|-unboost|p1a: Delphox|atk|1\n|-unboost|p1a: Delphox|spa|1\n|\n|t:|1776261390\n|switch|p2b: Politoed|Politoed, L50, F|100/100|[from] Parting Shot\n|-weather|RainDance|[from] ability: Drizzle|[of] p2b: Politoed\n|move|p1b: Incineroar|Parting Shot|p2a: Floette\n|-unboost|p2a: Floette|atk|1\n|-unboost|p2a: Floette|spa|1\n|\n|t:|1776261399\n|switch|p1b: Kingambit|Kingambit, L50, M, shiny|100/100|[from] Parting Shot\n|\n|-weather|RainDance|[upkeep]\n|upkeep\n|turn|3\n|\n|t:|1776261422\n|move|p1a: Delphox|Protect|p1a: Delphox\n|-singleturn|p1a: Delphox|Protect\n|move|p2a: Floette|Calm Mind|p2a: Floette\n|-boost|p2a: Floette|spa|1\n|-boost|p2a: Floette|spd|1\n|move|p2b: Politoed|Weather Ball|p1b: Kingambit\n|-damage|p1b: Kingambit|51/100\n|move|p1b: Kingambit|Iron Head|p2a: Floette\n|-supereffective|p2a: Floette|1\n|-damage|p2a: Floette|10/100\n|\n|-weather|RainDance|[upkeep]\n|upkeep\n|turn|4\n|\n|t:|1776261443\n|switch|p1a: Incineroar|Incineroar, L50, M, shiny|100/100\n|-ability|p1a: Incineroar|Intimidate|boost\n|-unboost|p2a: Floette|atk|1\n|-unboost|p2b: Politoed|atk|1\n|move|p2a: Floette|Calm Mind|p2a: Floette\n|-boost|p2a: Floette|spa|1\n|-boost|p2a: Floette|spd|1\n|move|p2b: Politoed|Weather Ball|p1a: Incineroar\n|-supereffective|p1a: Incineroar|1\n|-damage|p1a: Incineroar|13/100\n|move|p1b: Kingambit|Iron Head|p2a: Floette\n|-supereffective|p2a: Floette|1\n|-damage|p2a: Floette|0 fnt\n|faint|p2a: Floette\n|\n|-weather|RainDance|[upkeep]\n|-heal|p1a: Incineroar|19/100|[from] item: Leftovers\n|upkeep\n|\n|t:|1776261456\n|switch|p2a: Sinistcha|Sinistcha, L50|100/100\n|turn|5\n|\n|t:|1776261480\n|move|p1a: Incineroar|Fake Out|p2b: Politoed\n|-damage|p2b: Politoed|91/100\n|move|p2a: Sinistcha|Matcha Gotcha|p1a: Incineroar|[spread] p1a,p1b\n|-resisted|p1a: Incineroar|1\n|-resisted|p1b: Kingambit|1\n|-damage|p1a: Incineroar|8/100\n|-damage|p1b: Kingambit|39/100\n|-status|p1b: Kingambit|brn\n|cant|p2b: Politoed|flinch\n|move|p1b: Kingambit|Iron Head|p2b: Politoed\n|-resisted|p2b: Politoed|1\n|-damage|p2b: Politoed|81/100\n|\n|-weather|RainDance|[upkeep]\n|-heal|p2b: Politoed|87/100|[from] item: Leftovers\n|-heal|p1a: Incineroar|14/100|[from] item: Leftovers\n|-damage|p1b: Kingambit|33/100 brn|[from] brn\n|upkeep\n|turn|6\n|inactive|KV959SUPER has 30 seconds left.\n|inactive|workseanz has 30 seconds left.\n|\n|t:|1776261513\n|move|p1b: Kingambit|Sucker Punch||[still]\n|-fail|p1b: Kingambit\n|move|p2b: Politoed|Weather Ball|p1b: Kingambit\n|-damage|p1b: Kingambit|0 fnt\n|faint|p1b: Kingambit\n|move|p1a: Incineroar|Parting Shot|p2b: Politoed\n|-unboost|p2b: Politoed|atk|1\n|-unboost|p2b: Politoed|spa|1\n|\n|t:|1776261521\n|switch|p1a: Delphox|Delphox-Mega, L50, F, shiny|100/100|[from] Parting Shot\n|move|p2a: Sinistcha|Trick Room|p2a: Sinistcha\n|-fieldstart|move: Trick Room|[of] p2a: Sinistcha\n|\n|-weather|none\n|-heal|p2b: Politoed|93/100|[from] item: Leftovers\n|upkeep\n|\n|t:|1776261531\n|switch|p1b: Incineroar|Incineroar, L50, M, shiny|14/100\n|-ability|p1b: Incineroar|Intimidate|boost\n|-unboost|p2a: Sinistcha|atk|1\n|-unboost|p2b: Politoed|atk|1\n|turn|7\n|inactive|workseanz has 30 seconds left.\n|\n|t:|1776261561\n|switch|p2a: Incineroar|Incineroar, L50, M|100/100\n|-ability|p2a: Incineroar|Intimidate|boost\n|-unboost|p1a: Delphox|atk|1\n|-unboost|p1b: Incineroar|atk|1\n|move|p1b: Incineroar|Fake Out|p2b: Politoed\n|-damage|p2b: Politoed|86/100\n|cant|p2b: Politoed|flinch\n|move|p1a: Delphox|Encore||[still]\n|-fail|p1a: Delphox\n|\n|-heal|p1b: Incineroar|20/100|[from] item: Leftovers\n|-heal|p2b: Politoed|92/100|[from] item: Leftovers\n|upkeep\n|turn|8\n|inactive|KV959SUPER has 30 seconds left.\n|inactive|KV959SUPER has 20 seconds left.\n|inactive|workseanz has 30 seconds left.\n|\n|t:|1776261606\n|switch|p2b: Sinistcha|Sinistcha, L50|100/100\n|move|p1a: Delphox|Protect|p1a: Delphox\n|-singleturn|p1a: Delphox|Protect\n|move|p1b: Incineroar|Darkest Lariat|p2b: Sinistcha\n|-supereffective|p2b: Sinistcha|1\n|-damage|p2b: Sinistcha|65/100\n|move|p2a: Incineroar|Parting Shot|p1a: Delphox\n|-activate|p1a: Delphox|move: Protect\n|\n|-heal|p1b: Incineroar|26/100|[from] item: Leftovers\n|upkeep\n|turn|9\n|inactive|KV959SUPER has 30 seconds left.\n|\n|t:|1776261645\n|move|p1b: Incineroar|Parting Shot|p2a: Incineroar\n|-unboost|p2a: Incineroar|atk|1\n|-unboost|p2a: Incineroar|spa|1\n|\n|t:|1776261650\n|switch|p1b: Sneasler|Sneasler, L50, M, shiny|100/100|[from] Parting Shot\n|move|p2a: Incineroar|Parting Shot|p1a: Delphox\n|-unboost|p1a: Delphox|atk|1\n|-unboost|p1a: Delphox|spa|1\n|\n|t:|1776261656\n|switch|p2a: Politoed|Politoed, L50, F|92/100|[from] Parting Shot\n|-weather|RainDance|[from] ability: Drizzle|[of] p2a: Politoed\n|move|p2b: Sinistcha|Life Dew|p2b: Sinistcha|[spread] p2a,p2b\n|-heal|p2a: Politoed|100/100\n|-heal|p2b: Sinistcha|90/100\n|move|p1a: Delphox|Heat Wave|p2b: Sinistcha|[spread] p2a,p2b\n|-resisted|p2a: Politoed|1\n|-supereffective|p2b: Sinistcha|1\n|-damage|p2a: Politoed|96/100\n|-damage|p2b: Sinistcha|63/100\n|\n|-weather|RainDance|[upkeep]\n|-heal|p2a: Politoed|100/100|[from] item: Leftovers\n|upkeep\n|turn|10\n|inactive|KV959SUPER has 30 seconds left.\n|inactive|workseanz has 30 seconds left.\n|inactive|KV959SUPER has 20 seconds left.\n|\n|t:|1776261691\n|move|p1a: Delphox|Protect|p1a: Delphox\n|-singleturn|p1a: Delphox|Protect\n|move|p2a: Politoed|Weather Ball|p1b: Sneasler\n|-damage|p1b: Sneasler|34/100\n|move|p2b: Sinistcha|Matcha Gotcha|p1b: Sneasler|[spread] p1b\n|-activate|p1a: Delphox|move: Protect\n|-resisted|p1b: Sneasler|1\n|-damage|p1b: Sneasler|17/100\n|-heal|p2b: Sinistcha|70/100|[from] drain|[of] p1b: Sneasler\n|move|p1b: Sneasler|Close Combat|p2a: Politoed\n|-damage|p2a: Politoed|42/100\n|-unboost|p1b: Sneasler|def|1\n|-unboost|p1b: Sneasler|spd|1\n|-enditem|p1b: Sneasler|White Herb\n|-clearnegativeboost|p1b: Sneasler|[silent]\n|\n|-weather|RainDance|[upkeep]\n|-heal|p2a: Politoed|48/100|[from] item: Leftovers\n|-fieldend|move: Trick Room\n|upkeep\n|turn|11\n|inactive|KV959SUPER has 30 seconds left.\n|inactive|KV959SUPER has 20 seconds left.\n|\n|t:|1776261729\n|switch|p1a: Incineroar|Incineroar, L50, M, shiny|26/100\n|-ability|p1a: Incineroar|Intimidate|boost\n|-unboost|p2a: Politoed|atk|1\n|-unboost|p2b: Sinistcha|atk|1\n|switch|p2a: Incineroar|Incineroar, L50, M|100/100\n|-ability|p2a: Incineroar|Intimidate|boost\n|-unboost|p1a: Incineroar|atk|1\n|-unboost|p1b: Sneasler|atk|1\n|move|p1b: Sneasler|Dire Claw|p2b: Sinistcha\n|-damage|p2b: Sinistcha|48/100\n|-status|p2b: Sinistcha|psn\n|-enditem|p2b: Sinistcha|Sitrus Berry|[eat]\n|-heal|p2b: Sinistcha|73/100 psn|[from] item: Sitrus Berry\n|move|p2b: Sinistcha|Trick Room|p2b: Sinistcha\n|-fieldstart|move: Trick Room|[of] p2b: Sinistcha\n|\n|-weather|RainDance|[upkeep]\n|-heal|p1a: Incineroar|32/100|[from] item: Leftovers\n|-damage|p2b: Sinistcha|60/100 psn|[from] psn\n|upkeep\n|turn|12\n|\n|t:|1776261753\n|move|p1b: Sneasler|Protect|p1b: Sneasler\n|-singleturn|p1b: Sneasler|Protect\n|move|p1a: Incineroar|Fake Out|p2a: Incineroar\n|-damage|p2a: Incineroar|94/100\n|cant|p2a: Incineroar|flinch\n|move|p2b: Sinistcha|Matcha Gotcha|p1a: Incineroar|[spread] p1a\n|-activate|p1b: Sneasler|move: Protect\n|-resisted|p1a: Incineroar|1\n|-damage|p1a: Incineroar|22/100\n|-heal|p2b: Sinistcha|66/100 psn|[from] drain|[of] p1a: Incineroar\n|\n|-weather|RainDance|[upkeep]\n|-heal|p1a: Incineroar|28/100|[from] item: Leftovers\n|-damage|p2b: Sinistcha|53/100 psn|[from] psn\n|upkeep\n|turn|13\n|inactive|KV959SUPER has 30 seconds left.\n|\n|t:|1776261781\n|move|p1a: Incineroar|Parting Shot|p2b: Sinistcha\n|-unboost|p2b: Sinistcha|atk|1\n|-unboost|p2b: Sinistcha|spa|1\n|\n|t:|1776261785\n|switch|p1a: Delphox|Delphox-Mega, L50, F, shiny|100/100|[from] Parting Shot\n|move|p2a: Incineroar|Darkest Lariat|p1b: Sneasler\n|-resisted|p1b: Sneasler|1\n|-damage|p1b: Sneasler|0 fnt\n|faint|p1b: Sneasler\n|move|p2b: Sinistcha|Matcha Gotcha|p1a: Delphox\n|-resisted|p1a: Delphox|1\n|-damage|p1a: Delphox|91/100\n|-heal|p2b: Sinistcha|58/100 psn|[from] drain|[of] p1a: Delphox\n|\n|-weather|none\n|-damage|p2b: Sinistcha|45/100 psn|[from] psn\n|upkeep\n|\n|t:|1776261798\n|switch|p1b: Incineroar|Incineroar, L50, M, shiny|28/100\n|-ability|p1b: Incineroar|Intimidate|boost\n|-unboost|p2a: Incineroar|atk|1\n|-unboost|p2b: Sinistcha|atk|1\n|turn|14\n|\n|t:|1776261823\n|switch|p2a: Politoed|Politoed, L50, F|48/100\n|-weather|RainDance|[from] ability: Drizzle|[of] p2a: Politoed\n|move|p1b: Incineroar|Fake Out|p2a: Politoed\n|-damage|p2a: Politoed|39/100\n|move|p2b: Sinistcha|Life Dew|p2b: Sinistcha|[spread] p2a,p2b\n|-heal|p2a: Politoed|64/100\n|-heal|p2b: Sinistcha|70/100 psn\n|move|p1a: Delphox|Psychic|p2b: Sinistcha\n|-damage|p2b: Sinistcha|16/100 psn\n|\n|-weather|RainDance|[upkeep]\n|-heal|p1b: Incineroar|34/100|[from] item: Leftovers\n|-heal|p2a: Politoed|70/100|[from] item: Leftovers\n|-damage|p2b: Sinistcha|3/100 psn|[from] psn\n|upkeep\n|turn|15\n|\n|t:|1776261847\n|switch|p2b: Incineroar|Incineroar, L50, M|94/100\n|-ability|p2b: Incineroar|Intimidate|boost\n|-unboost|p1a: Delphox|atk|1\n|-unboost|p1b: Incineroar|atk|1\n|move|p1a: Delphox|Protect|p1a: Delphox\n|-singleturn|p1a: Delphox|Protect\n|move|p1b: Incineroar|Darkest Lariat|p2a: Politoed\n|-damage|p2a: Politoed|49/100\n|move|p2a: Politoed|Weather Ball|p1b: Incineroar\n|-supereffective|p1b: Incineroar|1\n|-damage|p1b: Incineroar|0 fnt\n|faint|p1b: Incineroar\n|\n|-weather|RainDance|[upkeep]\n|-heal|p2a: Politoed|55/100|[from] item: Leftovers\n|-fieldend|move: Trick Room\n|upkeep\n|turn|16\n|\n|t:|1776261867\n|move|p1a: Delphox|Protect||[still]\n|-fail|p1a: Delphox\n|move|p2b: Incineroar|Fake Out|p1a: Delphox\n|-damage|p1a: Delphox|77/100\n|move|p2a: Politoed|Weather Ball|p1a: Delphox\n|-supereffective|p1a: Delphox|1\n|-damage|p1a: Delphox|0 fnt\n|faint|p1a: Delphox\n|\n|win|workseanz\n|raw|KV959SUPER's rating: 1240 &rarr; <strong>1222</strong><br />(-18 for losing)\n|raw|workseanz's rating: 1340 &rarr; <strong>1354</strong><br />(+14 for winning)\n|l|\u2606KV959SUPER\n|player|p1|\n",
  "uploadtime": 1776261879,
  "views": 27,
  "formatid": "gen9championsvgc2026regma",
  "rating": 1222,
  "private": 0,
  "password": null
}