{
  "id": "gen9championsvgc2026regma-2586505973",
  "format": "[Gen 9 Champions] VGC 2026 Reg M-A",
  "players": [
    "capacete5",
    "konntain"
  ],
  "log": "|j|\u2606capacete5\n|j|\u203dkonntain\n|t:|1776439334\n|gametype|doubles\n|player|p1|capacete5|byron|1050\n|player|p2|konntain|102|1000\n|gen|9\n|tier|[Gen 9 Champions] VGC 2026 Reg M-A\n|rated|\n|rule|Species Clause: Limit one of each Pok\u00e9mon\n|rule|Item Clause: Limit 1 of each item\n|clearpoke\n|poke|p1|Charizard, L50, F|\n|poke|p1|Venusaur, L50, F|\n|poke|p1|Garchomp, L50, M|\n|poke|p1|Rotom-Wash, L50|\n|poke|p1|Sneasler, L50, F|\n|poke|p1|Incineroar, L50, M|\n|poke|p2|Alcremie, L50, F|\n|poke|p2|Dragonite, L50, F|\n|poke|p2|Scizor, L50, F|\n|poke|p2|Blastoise, L50, M|\n|poke|p2|Serperior, L50, F|\n|poke|p2|Whimsicott, L50, M|\n|teampreview|4\n|inactive|Battle timer is ON: inactive players will automatically lose when time's up. (requested by capacete5)\ncapacete5 has agreed to open team sheets.\nkonntain has agreed to open team sheets.\n|showteam|p1|Charizard||CharizarditeY|SolarPower|HeatWave,SolarBeam,WeatherBall,Protect|||F|||50|]Venusaur||FocusSash|Chlorophyll|LeafStorm,SludgeBomb,SleepPowder,Protect|||F|||50|]Garchomp||ChoiceScarf|RoughSkin|Earthquake,Bulldoze,DragonClaw,RockSlide|||M|||50|]Rotom-Wash||Leftovers|Levitate|WillOWisp,Thunderbolt,HydroPump,Protect||||||50|]Sneasler||WhiteHerb|Unburden|FakeOut,CloseCombat,RockTomb,DireClaw|||F|||50|]Incineroar||SitrusBerry|Intimidate|FakeOut,FlareBlitz,PartingShot,DarkestLariat|||M|||50|\n|showteam|p2|Alcremie||Leftovers|SweetVeil|Decorate,DazzlingGleam,MysticalFire,Recover|||F|||50|]Dragonite||Dragoninite|Multiscale|ExtremeSpeed,DragonPulse,DragonDance,FirePunch|||F|||50|]Scizor||Scizorite|Technician|BulletPunch,XScissor,CloseCombat,KnockOff|||F|||50|]Blastoise||Blastoisinite|Torrent|WaterPulse,AuraSphere,DarkPulse,IceBeam|||M|||50|]Serperior||OccaBerry|Contrary|LeafStorm,DragonPulse,Glare,MirrorCoat|||F|||50|]Whimsicott||FocusSash|Prankster|Tailwind,Moonblast,EnergyBall,Encore|||M|||50|\n|\n|t:|1776439358\n|teamsize|p1|4\n|teamsize|p2|4\n|start\n|switch|p1a: Charizard|Charizard, L50, F|100/100\n|switch|p1b: Sneasler|Sneasler, L50, F|100/100\n|switch|p2a: Dragonite|Dragonite, L50, F|100/100\n|switch|p2b: Alcremie|Alcremie, L50, F|100/100\n|turn|1\n|\n|t:|1776439375\n|detailschange|p1a: Charizard|Charizard-Mega-Y, L50, F\n|-mega|p1a: Charizard|Charizard|Charizardite Y\n|-weather|SunnyDay|[from] ability: Drought|[of] p1a: Charizard\n|detailschange|p2a: Dragonite|Dragonite-Mega, L50, F\n|-mega|p2a: Dragonite|Dragonite|Dragoninite\n|move|p1b: Sneasler|Rock Tomb|p2a: Dragonite\n|-supereffective|p2a: Dragonite|1\n|-damage|p2a: Dragonite|82/100\n|-unboost|p2a: Dragonite|spe|1\n|move|p1a: Charizard|Heat Wave|p2a: Dragonite|[spread] p2a,p2b\n|-resisted|p2a: Dragonite|1\n|-damage|p2a: Dragonite|52/100\n|-damage|p2b: Alcremie|49/100\n|move|p2a: Dragonite|Dragon Dance|p2a: Dragonite\n|-boost|p2a: Dragonite|atk|1\n|-boost|p2a: Dragonite|spe|1\n|move|p2b: Alcremie|Decorate|p2a: Dragonite\n|-boost|p2a: Dragonite|atk|2\n|-boost|p2a: Dragonite|spa|2\n|\n|-weather|SunnyDay|[upkeep]\n|-heal|p2b: Alcremie|55/100|[from] item: Leftovers\n|upkeep\n|turn|2\n|inactive|capacete5 has 30 seconds left.\n|inactive|konntain has 30 seconds left.\n|inactive|capacete5 has 20 seconds left.\n|inactive|capacete5 has 15 seconds left.\n|\n|t:|1776439419\n|move|p2a: Dragonite|Extreme Speed|p1a: Charizard\n|-damage|p1a: Charizard|0 fnt\n|faint|p1a: Charizard\n|move|p1b: Sneasler|Dire Claw|p2a: Dragonite\n|-damage|p2a: Dragonite|11/100\n|-status|p2a: Dragonite|psn\n|move|p2b: Alcremie|Dazzling Gleam|p1b: Sneasler\n|-damage|p1b: Sneasler|62/100\n|\n|-weather|SunnyDay|[upkeep]\n|-heal|p2b: Alcremie|61/100|[from] item: Leftovers\n|-damage|p2a: Dragonite|0 fnt|[from] psn\n|faint|p2a: Dragonite\n|upkeep\n|inactive|konntain has 30 seconds left.\n|inactive|konntain has 20 seconds left.\n|inactive|konntain has 15 seconds left.\n|\n|t:|1776439460\n|switch|p1a: Garchomp|Garchomp, L50, M|100/100\n|switch|p2a: Serperior|Serperior, L50, F|100/100\n|turn|3\n|inactive|capacete5 has 30 seconds left.\n|\n|t:|1776439491\n|move|p1a: Garchomp|Rock Slide|p2b: Alcremie|[spread] p2a\n|-miss|p1a: Garchomp|p2b: Alcremie\n|-damage|p2a: Serperior|76/100\n|move|p1b: Sneasler|Dire Claw|p2a: Serperior\n|-supereffective|p2a: Serperior|1\n|-damage|p2a: Serperior|0 fnt\n|faint|p2a: Serperior\n|move|p2b: Alcremie|Dazzling Gleam|p1a: Garchomp|[spread] p1a,p1b\n|-supereffective|p1a: Garchomp|1\n|-damage|p1a: Garchomp|48/100\n|-damage|p1b: Sneasler|32/100\n|\n|-weather|SunnyDay|[upkeep]\n|-heal|p2b: Alcremie|67/100|[from] item: Leftovers\n|upkeep\n|\n|t:|1776439499\n|switch|p2a: Blastoise|Blastoise, L50, M|100/100\n|turn|4\n|\n|t:|1776439511\n|move|p1a: Garchomp|Rock Slide|p2a: Blastoise|[spread] p2a,p2b\n|-damage|p2a: Blastoise|79/100\n|-damage|p2b: Alcremie|45/100\n|move|p1b: Sneasler|Dire Claw|p2b: Alcremie\n|-supereffective|p2b: Alcremie|1\n|-damage|p2b: Alcremie|0 fnt\n|faint|p2b: Alcremie\n|cant|p2a: Blastoise|flinch\n|\n|-weather|SunnyDay|[upkeep]\n|upkeep\n|turn|5\n|\n|t:|1776439523\n|move|p1a: Garchomp|Rock Slide|p2a: Blastoise\n|-damage|p2a: Blastoise|48/100\n|move|p1b: Sneasler|Dire Claw|p2a: Blastoise\n|-damage|p2a: Blastoise|4/100\n|move|p2a: Blastoise|Ice Beam|p1a: Garchomp\n|-supereffective|p1a: Garchomp|2\n|-damage|p1a: Garchomp|0 fnt\n|faint|p1a: Garchomp\n|\n|-weather|none\n|upkeep\n|\n|t:|1776439533\n|switch|p1a: Rotom|Rotom-Wash, L50|100/100\n|turn|6\n|\n|t:|1776439540\n|move|p1b: Sneasler|Dire Claw|p2a: Blastoise\n|-damage|p2a: Blastoise|0 fnt\n|faint|p2a: Blastoise\n|\n|win|capacete5\n|raw|capacete5's rating: 1050 &rarr; <strong>1078</strong><br />(+28 for winning)\n|raw|konntain's rating: 1000 &rarr; <strong>1000</strong><br />(+0 for losing)\n",
  "uploadtime": 1776439540,
  "views": 18,
  "formatid": "gen9championsvgc2026regma",
  "rating": 1000,
  "private": 0,
  "password": null
}