{
  "id": "gen9championsvgc2026regma-2587826802",
  "format": "[Gen 9 Champions] VGC 2026 Reg M-A",
  "players": [
    "reenairr",
    "danielhart"
  ],
  "log": "|j|\u2606reenairr\n|j|\u2606danielhart\n|t:|1776568018\n|gametype|doubles\n|player|p1|reenairr|170|1148\n|player|p2|danielhart|policeman-gen4|1118\n|gen|9\n|tier|[Gen 9 Champions] VGC 2026 Reg M-A\n|rated|\n|rule|Species Clause: Limit one of each Pok\u00e9mon\n|rule|Item Clause: Limit 1 of each item\n|clearpoke\n|poke|p1|Aerodactyl, L50, F|\n|poke|p1|Chesnaught, L50, F|\n|poke|p1|Archaludon, L50, M|\n|poke|p1|Typhlosion-Hisui, L50, F|\n|poke|p1|Kangaskhan, L50, F|\n|poke|p1|Basculegion, L50, M|\n|poke|p2|Feraligatr, L50, F, shiny|\n|poke|p2|Arcanine-Hisui, L50, M, shiny|\n|poke|p2|Dragapult, L50, F, shiny|\n|poke|p2|Dragonite, L50, M, shiny|\n|poke|p2|Kangaskhan, L50, F, shiny|\n|poke|p2|Heliolisk, L50, F, shiny|\n|teampreview|4\n|inactive|Battle timer is ON: inactive players will automatically lose when time's up. (requested by reenairr)\ndanielhart rejected open team sheets.\n|inactive|reenairr has 60 seconds left.\n|\n|t:|1776568055\n|teamsize|p1|4\n|teamsize|p2|4\n|start\n|switch|p1a: Archaludon|Archaludon, L50, M|100/100\n|switch|p1b: Aerodactyl|Aerodactyl, L50, F|100/100\n|switch|p2a: Heliolisk|Heliolisk, L50, F, shiny|100/100\n|switch|p2b: Kangaskhan|Kangaskhan, L50, F, shiny|100/100\n|-ability|p1b: Aerodactyl|Unnerve\n|turn|1\n|\n|t:|1776568072\n|detailschange|p2b: Kangaskhan|Kangaskhan-Mega, L50, F, shiny\n|-mega|p2b: Kangaskhan|Kangaskhan|Kangaskhanite\n|move|p1b: Aerodactyl|Protect|p1b: Aerodactyl\n|-singleturn|p1b: Aerodactyl|Protect\n|move|p1a: Archaludon|Protect|p1a: Archaludon\n|-singleturn|p1a: Archaludon|Protect\n|move|p2b: Kangaskhan|Fake Out|p1a: Archaludon\n|-activate|p1a: Archaludon|move: Protect\n|move|p2a: Heliolisk|Electroweb|p1a: Archaludon|[spread] \n|-activate|p1a: Archaludon|move: Protect\n|-activate|p1b: Aerodactyl|move: Protect\n|\n|upkeep\n|turn|2\n|\n|t:|1776568095\n|move|p2b: Kangaskhan|Protect|p2b: Kangaskhan\n|-singleturn|p2b: Kangaskhan|Protect\n|move|p1b: Aerodactyl|Rock Slide|p2a: Heliolisk|[spread] p2a\n|-activate|p2b: Kangaskhan|move: Protect\n|-damage|p2a: Heliolisk|44/100\n|cant|p2a: Heliolisk|flinch\n|move|p1a: Archaludon|Draco Meteor|p2b: Kangaskhan\n|-activate|p2b: Kangaskhan|move: Protect\n|\n|upkeep\n|turn|3\n|\n|t:|1776568107\n|move|p1b: Aerodactyl|Rock Slide|p2a: Heliolisk|[spread] p2b\n|-miss|p1b: Aerodactyl|p2a: Heliolisk\n|-damage|p2b: Kangaskhan|74/100\n|move|p2b: Kangaskhan|Double-Edge|p1b: Aerodactyl\n|-resisted|p1b: Aerodactyl|1\n|-damage|p1b: Aerodactyl|50/100\n|-resisted|p1b: Aerodactyl|1\n|-damage|p1b: Aerodactyl|37/100\n|-hitcount|p1b: Aerodactyl|2\n|-damage|p2b: Kangaskhan|57/100|[from] Recoil\n|move|p2a: Heliolisk|Electroweb|p1a: Archaludon|[spread] p1a,p1b\n|-resisted|p1a: Archaludon|1\n|-crit|p1a: Archaludon\n|-supereffective|p1b: Aerodactyl|1\n|-damage|p1a: Archaludon|76/100\n|-damage|p1b: Aerodactyl|0 fnt\n|-unboost|p1a: Archaludon|spe|1\n|faint|p1b: Aerodactyl\n|-enditem|p1a: Archaludon|White Herb\n|-clearnegativeboost|p1a: Archaludon|[silent]\n|move|p1a: Archaludon|Draco Meteor|p2b: Kangaskhan\n|-damage|p2b: Kangaskhan|0 fnt\n|-unboost|p1a: Archaludon|spa|2\n|faint|p2b: Kangaskhan\n|\n|upkeep\n|\n|t:|1776568129\n|switch|p1b: Kangaskhan|Kangaskhan, L50, F|100/100\n|switch|p2b: Arcanine|Arcanine-Hisui, L50, M, shiny|100/100\n|-ability|p2b: Arcanine|Intimidate|boost\n|-unboost|p1a: Archaludon|atk|1\n|-fail|p1b: Kangaskhan|unboost|Attack|[from] ability: Scrappy|[of] p1b: Kangaskhan\n|turn|4\n|inactive|reenairr has 30 seconds left.\n|\n|t:|1776568158\n|switch|p1a: Basculegion|Basculegion, L50, M|100/100\n|detailschange|p1b: Kangaskhan|Kangaskhan-Mega, L50, F\n|-mega|p1b: Kangaskhan|Kangaskhan|Kangaskhanite\n|move|p1b: Kangaskhan|Double-Edge|p2a: Heliolisk\n|-damage|p2a: Heliolisk|0 fnt\n|faint|p2a: Heliolisk\n|-hitcount|p2: Heliolisk|1\n|-damage|p1b: Kangaskhan|89/100|[from] Recoil\n|move|p2b: Arcanine|Flare Blitz|p1a: Basculegion\n|-resisted|p1a: Basculegion|1\n|-damage|p1a: Basculegion|62/100\n|-status|p1a: Basculegion|brn\n|-damage|p2b: Arcanine|86/100|[from] Recoil\n|\n|-damage|p1a: Basculegion|56/100 brn|[from] brn\n|upkeep\n|\n|t:|1776568164\n|switch|p2a: Dragapult|Dragapult, L50, F, shiny|100/100\n|turn|5\n|c|\u2606reenairr|man\n|\n|t:|1776568181\n|move|p1b: Kangaskhan|Sucker Punch||[still]\n|-fail|p1b: Kangaskhan\n|move|p2a: Dragapult|Dragon Dance|p2a: Dragapult\n|-boost|p2a: Dragapult|atk|1\n|-boost|p2a: Dragapult|spe|1\n|move|p2b: Arcanine|Close Combat|p1b: Kangaskhan\n|-supereffective|p1b: Kangaskhan|1\n|-damage|p1b: Kangaskhan|7/100\n|-unboost|p2b: Arcanine|def|1\n|-unboost|p2b: Arcanine|spd|1\n|move|p1a: Basculegion|Wave Crash|p2b: Arcanine\n|-supereffective|p2b: Arcanine|2\n|-damage|p2b: Arcanine|0 fnt\n|faint|p2b: Arcanine\n|-damage|p1a: Basculegion|31/100 brn|[from] Recoil\n|\n|-damage|p1a: Basculegion|25/100 brn|[from] brn\n|upkeep\n|turn|6\n|\n|t:|1776568201\n|move|p1b: Kangaskhan|Sucker Punch|p2a: Dragapult\n|-supereffective|p2a: Dragapult|1\n|-damage|p2a: Dragapult|35/100\n|-supereffective|p2a: Dragapult|1\n|-damage|p2a: Dragapult|19/100\n|-hitcount|p2a: Dragapult|2\n|move|p2a: Dragapult|Dragon Darts|p1a: Basculegion\n|-damage|p1a: Basculegion|0 fnt\n|-anim|p2a: Dragapult|Dragon Darts|p1b: Kangaskhan\n|-damage|p1b: Kangaskhan|0 fnt\n|faint|p1a: Basculegion\n|faint|p1b: Kangaskhan\n|\n|upkeep\n|\n|t:|1776568213\n|switch|p1a: Archaludon|Archaludon, L50, M|76/100\n|turn|7\n|\n|t:|1776568221\n|move|p2a: Dragapult|Dragon Darts|p1a: Archaludon\n|-damage|p1a: Archaludon|34/100\n|-anim|p2a: Dragapult|Dragon Darts|p1a: Archaludon\n|-damage|p1a: Archaludon|0 fnt\n|faint|p1a: Archaludon\n|\n|win|danielhart\n|raw|reenairr's rating: 1148 &rarr; <strong>1121</strong><br />(-27 for losing)\n|raw|danielhart's rating: 1118 &rarr; <strong>1145</strong><br />(+27 for winning)\n|c|\u2606reenairr|ggs\n|l|\u2606reenairr\n|player|p1|\n",
  "uploadtime": 1776568230,
  "views": 9,
  "formatid": "gen9championsvgc2026regma",
  "rating": 1121,
  "private": 0,
  "password": null
}