{
  "id": "gen9championsvgc2026regma-2584100119",
  "format": "[Gen 9 Champions] VGC 2026 Reg M-A",
  "players": [
    "NoxxinVGC",
    "FuXuanDivination"
  ],
  "log": "|j|\u2606NoxxinVGC\n|j|\u2606FuXuanDivination\n|t:|1776225113\n|gametype|doubles\n|player|p1|NoxxinVGC|giovanni|1156\n|player|p2|FuXuanDivination|caitlin|1222\n|gen|9\n|tier|[Gen 9 Champions] VGC 2026 Reg M-A\n|rated|\n|rule|Species Clause: Limit one of each Pok\u00e9mon\n|rule|Item Clause: Limit 1 of each item\n|clearpoke\n|poke|p1|Delphox, L50, F|\n|poke|p1|Basculegion, L50, M|\n|poke|p1|Clefable, L50, M|\n|poke|p1|Kingambit, L50, M|\n|poke|p1|Dragonite, L50, M|\n|poke|p1|Sneasler, L50, M|\n|poke|p2|Meowstic-F, L50, F|\n|poke|p2|Talonflame, L50, M|\n|poke|p2|Primarina, L50, F|\n|poke|p2|Decidueye-Hisui, L50, F|\n|poke|p2|Hydreigon, L50, F|\n|poke|p2|Excadrill, L50, M|\n|teampreview|4\n|inactive|Battle timer is ON: inactive players will automatically lose when time's up. (requested by NoxxinVGC)\nFuXuanDivination has agreed to open team sheets.\nNoxxinVGC rejected open team sheets.\n|\n|t:|1776225140\n|teamsize|p1|4\n|teamsize|p2|4\n|start\n|switch|p1a: Delphox|Delphox, L50, F, shiny|100/100\n|switch|p1b: Basculegion|Basculegion, L50, M|100/100\n|switch|p2a: Talonflame|Talonflame, L50, M|100/100\n|switch|p2b: Primarina|Primarina, L50, F|100/100\n|turn|1\n|\n|t:|1776225158\n|detailschange|p1a: Delphox|Delphox-Mega, L50, F, shiny\n|-mega|p1a: Delphox|Delphox|Delphoxite\n|move|p2a: Talonflame|Tailwind|p2a: Talonflame\n|-sidestart|p2: FuXuanDivination|move: Tailwind\n|move|p1a: Delphox|Calm Mind|p1a: Delphox\n|-boost|p1a: Delphox|spa|1\n|-boost|p1a: Delphox|spd|1\n|move|p1b: Basculegion|Wave Crash|p2a: Talonflame\n|-supereffective|p2a: Talonflame|1\n|-damage|p2a: Talonflame|0 fnt\n|faint|p2a: Talonflame\n|-damage|p1b: Basculegion|74/100|[from] Recoil\n|move|p2b: Primarina|Hyper Voice|p1b: Basculegion|[spread] p1a,p1b\n|-supereffective|p1a: Delphox|1\n|-resisted|p1b: Basculegion|1\n|-damage|p1a: Delphox|55/100\n|-damage|p1b: Basculegion|57/100\n|\n|upkeep\n|\n|t:|1776225172\n|switch|p2a: Hydreigon|Hydreigon, L50, F|100/100\n|turn|2\n|\n|t:|1776225196\n|move|p1a: Delphox|Protect|p1a: Delphox\n|-singleturn|p1a: Delphox|Protect\n|move|p2a: Hydreigon|Dark Pulse|p1a: Delphox\n|-activate|p1a: Delphox|move: Protect\n|move|p1b: Basculegion|Wave Crash|p2a: Hydreigon\n|-resisted|p2a: Hydreigon|1\n|-damage|p2a: Hydreigon|50/100\n|-damage|p1b: Basculegion|43/100|[from] Recoil\n|move|p2b: Primarina|Icy Wind|p1b: Basculegion|[spread] p1b\n|-activate|p1a: Delphox|move: Protect\n|-resisted|p1b: Basculegion|1\n|-damage|p1b: Basculegion|35/100\n|-unboost|p1b: Basculegion|spe|1\n|\n|upkeep\n|turn|3\n|\n|t:|1776225217\n|switch|p1a: Clefable|Clefable, L50, M|100/100\n|move|p2a: Hydreigon|Dark Pulse|p1a: Clefable\n|-resisted|p1a: Clefable|1\n|-damage|p1a: Clefable|81/100\n|move|p2b: Primarina|Hyper Voice|p1a: Clefable|[spread] p1a,p1b\n|-resisted|p1b: Basculegion|1\n|-damage|p1a: Clefable|51/100\n|-damage|p1b: Basculegion|16/100\n|move|p1b: Basculegion|Wave Crash|p2a: Hydreigon\n|-resisted|p2a: Hydreigon|1\n|-damage|p2a: Hydreigon|5/100\n|-damage|p1b: Basculegion|4/100|[from] Recoil\n|\n|upkeep\n|turn|4\n|inactive|NoxxinVGC has 30 seconds left.\n|\n|t:|1776225243\n|move|p1a: Clefable|Follow Me|p1a: Clefable\n|-singleturn|p1a: Clefable|move: Follow Me\n|move|p2a: Hydreigon|Dark Pulse|p1a: Clefable\n|-resisted|p1a: Clefable|1\n|-damage|p1a: Clefable|31/100\n|-enditem|p1a: Clefable|Sitrus Berry|[eat]\n|-heal|p1a: Clefable|56/100|[from] item: Sitrus Berry\n|move|p2b: Primarina|Hyper Voice|p1b: Basculegion|[spread] p1a,p1b\n|-crit|p1a: Clefable\n|-resisted|p1b: Basculegion|1\n|-damage|p1a: Clefable|11/100\n|-damage|p1b: Basculegion|0 fnt\n|faint|p1b: Basculegion\n|\n|-sideend|p2: FuXuanDivination|move: Tailwind\n|upkeep\n|\n|t:|1776225254\n|switch|p1b: Sneasler|Sneasler, L50, M|100/100\n|turn|5\n|\n|t:|1776225263\n|switch|p2a: Decidueye|Decidueye-Hisui, L50, F|100/100\n|move|p1b: Sneasler|Dire Claw|p2b: Primarina\n|-supereffective|p2b: Primarina|1\n|-damage|p2b: Primarina|7/100\n|move|p2b: Primarina|Hyper Voice|p1a: Clefable|[spread] p1a,p1b\n|-damage|p1a: Clefable|0 fnt\n|-damage|p1b: Sneasler|50/100\n|faint|p1a: Clefable\n|\n|-heal|p2b: Primarina|13/100|[from] item: Leftovers\n|upkeep\n|\n|t:|1776225275\n|switch|p1a: Delphox|Delphox-Mega, L50, F, shiny|55/100\n|turn|6\n|\n|t:|1776225296\n|move|p2a: Decidueye|Protect|p2a: Decidueye\n|-singleturn|p2a: Decidueye|Protect\n|move|p1a: Delphox|Heat Wave|p2a: Decidueye|[spread] p2b\n|-activate|p2a: Decidueye|move: Protect\n|-resisted|p2b: Primarina|1\n|-damage|p2b: Primarina|0 fnt\n|faint|p2b: Primarina\n|move|p1b: Sneasler|Dire Claw|p2a: Decidueye\n|-activate|p2a: Decidueye|move: Protect\n|\n|upkeep\n|\n|t:|1776225305\n|switch|p2b: Hydreigon|Hydreigon, L50, F|5/100\n|turn|7\n|\n|t:|1776225312\n|move|p2a: Decidueye|Sucker Punch|p1a: Delphox\n|-supereffective|p1a: Delphox|1\n|-damage|p1a: Delphox|0 fnt\n|faint|p1a: Delphox\n|move|p2b: Hydreigon|Dragon Pulse|p1b: Sneasler\n|-damage|p1b: Sneasler|0 fnt\n|faint|p1b: Sneasler\n|\n|win|FuXuanDivination\n|raw|NoxxinVGC's rating: 1156 &rarr; <strong>1136</strong><br />(-20 for losing)\n|raw|FuXuanDivination's rating: 1222 &rarr; <strong>1242</strong><br />(+20 for winning)\n",
  "uploadtime": 1776225312,
  "views": 18,
  "formatid": "gen9championsvgc2026regma",
  "rating": 1136,
  "private": 0,
  "password": null
}