{
  "id": "gen9championsvgc2026regma-2582387781",
  "format": "[Gen 9 Champions] VGC 2026 Reg M-A",
  "players": [
    "JAMieC_123",
    "pzany"
  ],
  "log": "|j|\u2606JAMieC_123\n|j|\u2606pzany\n|t:|1776088318\n|gametype|doubles\n|player|p1|JAMieC_123|ltsurge|1109\n|player|p2|pzany|265|1018\n|gen|9\n|tier|[Gen 9 Champions] VGC 2026 Reg M-A\n|rated|\n|rule|Species Clause: Limit one of each Pok\u00e9mon\n|rule|Item Clause: Limit 1 of each item\n|clearpoke\n|poke|p1|Sableye, L50, F|\n|poke|p1|Sinistcha, L50|\n|poke|p1|Floette-Eternal, L50, F|\n|poke|p1|Incineroar, L50, M|\n|poke|p1|Basculegion, L50, M|\n|poke|p1|Aerodactyl, L50, F|\n|poke|p2|Charizard, L50, M|\n|poke|p2|Venusaur, L50, F|\n|poke|p2|Garchomp, L50, M|\n|poke|p2|Rotom-Wash, L50|\n|poke|p2|Whimsicott, L50, M|\n|poke|p2|Conkeldurr, L50, F|\n|teampreview|4\nJAMieC_123 has agreed to open team sheets.\n|inactive|Battle timer is ON: inactive players will automatically lose when time's up. (requested by JAMieC_123)\n|inactive|JAMieC_123 has 60 seconds left.\n|inactive|pzany has 60 seconds left.\n|\n|t:|1776088376\n|teamsize|p1|4\n|teamsize|p2|4\n|start\n|switch|p1a: Incineroar|Incineroar, L50, M|100/100\n|switch|p1b: Aerodactyl|Aerodactyl, L50, F|100/100\n|switch|p2a: Charizard|Charizard, L50, M|100/100\n|switch|p2b: Venusaur|Venusaur, L50, F|100/100\n|-ability|p1b: Aerodactyl|Unnerve\n|-ability|p1a: Incineroar|Intimidate|boost\n|-unboost|p2a: Charizard|atk|1\n|-unboost|p2b: Venusaur|atk|1\n|turn|1\n|inactive|pzany has 30 seconds left.\n|\n|t:|1776088403\n|detailschange|p2a: Charizard|Charizard-Mega-Y, L50, M\n|-mega|p2a: Charizard|Charizard|Charizardite Y\n|-weather|SunnyDay|[from] ability: Drought|[of] p2a: Charizard\n|move|p2a: Charizard|Protect|p2a: Charizard\n|-singleturn|p2a: Charizard|Protect\n|move|p1a: Incineroar|Fake Out|p2b: Venusaur\n|-damage|p2b: Venusaur|86/100\n|cant|p2b: Venusaur|flinch\n|move|p1b: Aerodactyl|Rock Slide|p2b: Venusaur|[spread] \n|-activate|p2a: Charizard|move: Protect\n|-miss|p1b: Aerodactyl|p2b: Venusaur\n|\n|-weather|SunnyDay|[upkeep]\n|upkeep\n|turn|2\n|\n|t:|1776088426\n|move|p2b: Venusaur|Sleep Powder|p1b: Aerodactyl\n|-status|p1b: Aerodactyl|slp|[from] move: Sleep Powder\n|cant|p1b: Aerodactyl|slp\n|move|p2a: Charizard|Heat Wave|p1a: Incineroar|[spread] p1a,p1b\n|-resisted|p1a: Incineroar|1\n|-resisted|p1b: Aerodactyl|1\n|-damage|p1a: Incineroar|69/100\n|-damage|p1b: Aerodactyl|51/100 slp\n|move|p1a: Incineroar|Flare Blitz|p2b: Venusaur\n|-supereffective|p2b: Venusaur|1\n|-damage|p2b: Venusaur|0 fnt\n|faint|p2b: Venusaur\n|-damage|p1a: Incineroar|46/100|[from] Recoil\n|-enditem|p1a: Incineroar|Sitrus Berry|[eat]\n|-heal|p1a: Incineroar|71/100|[from] item: Sitrus Berry\n|\n|-weather|SunnyDay|[upkeep]\n|upkeep\n|\n|t:|1776088445\n|switch|p2b: Whimsicott|Whimsicott, L50, M|100/100\n|turn|3\n|\n|t:|1776088454\n|cant|p1b: Aerodactyl|slp\n|move|p2b: Whimsicott|Tailwind|p2b: Whimsicott\n|-sidestart|p2: pzany|move: Tailwind\n|move|p2a: Charizard|Heat Wave|p1a: Incineroar|[spread] p1a\n|-miss|p2a: Charizard|p1b: Aerodactyl\n|-resisted|p1a: Incineroar|1\n|-damage|p1a: Incineroar|41/100\n|move|p1a: Incineroar|Flare Blitz|p2b: Whimsicott\n|-supereffective|p2b: Whimsicott|1\n|-damage|p2b: Whimsicott|0 fnt\n|faint|p2b: Whimsicott\n|-damage|p1a: Incineroar|14/100|[from] Recoil\n|\n|-weather|SunnyDay|[upkeep]\n|upkeep\n|\n|t:|1776088467\n|switch|p2b: Garchomp|Garchomp, L50, M|100/100\n|turn|4\n|\n|t:|1776088476\n|-curestatus|p1b: Aerodactyl|slp|[msg]\n|move|p1b: Aerodactyl|Wide Guard|p1b: Aerodactyl\n|-singleturn|p1b: Aerodactyl|Wide Guard\n|move|p2b: Garchomp|Rock Slide|p1b: Aerodactyl|[spread] \n|-activate|p1a: Incineroar|move: Wide Guard\n|-activate|p1b: Aerodactyl|move: Wide Guard\n|move|p2a: Charizard|Heat Wave|p1a: Incineroar|[spread] \n|-activate|p1a: Incineroar|move: Wide Guard\n|-activate|p1b: Aerodactyl|move: Wide Guard\n|move|p1a: Incineroar|Will-O-Wisp|p2b: Garchomp|[miss]\n|-miss|p1a: Incineroar|p2b: Garchomp\n|\n|-weather|SunnyDay|[upkeep]\n|upkeep\n|turn|5\n|inactive|JAMieC_123 has 30 seconds left.\n|\n|t:|1776088504\n|move|p2b: Garchomp|Rock Slide|p1a: Incineroar|[spread] p1a,p1b\n|-supereffective|p1a: Incineroar|1\n|-supereffective|p1b: Aerodactyl|1\n|-damage|p1a: Incineroar|0 fnt\n|-damage|p1b: Aerodactyl|0 fnt\n|faint|p1a: Incineroar\n|faint|p1b: Aerodactyl\n|move|p2a: Charizard|Heat Wave|p1: Incineroar|[notarget]\n|-fail|p2a: Charizard\n|\n|-weather|none\n|upkeep\n|\n|t:|1776088513\n|switch|p1b: Sinistcha|Sinistcha, L50|100/100\n|switch|p1a: Floette|Floette-Eternal, L50, F|100/100\n|turn|6\n|\n|t:|1776088530\n|detailschange|p1a: Floette|Floette-Mega, L50, F\n|-mega|p1a: Floette|Floette|Floettite\n|-ability|p1a: Floette|Fairy Aura\n|move|p1b: Sinistcha|Protect|p1b: Sinistcha\n|-singleturn|p1b: Sinistcha|Protect\n|move|p2b: Garchomp|Rock Slide|p1a: Floette|[spread] p1a\n|-activate|p1b: Sinistcha|move: Protect\n|-damage|p1a: Floette|83/100\n|move|p2a: Charizard|Heat Wave|p1a: Floette|[spread] p1a\n|-activate|p1b: Sinistcha|move: Protect\n|-damage|p1a: Floette|55/100\n|-status|p1a: Floette|brn\n|move|p1a: Floette|Dazzling Gleam|p2b: Garchomp|[spread] p2a,p2b\n|-resisted|p2a: Charizard|1\n|-supereffective|p2b: Garchomp|1\n|-damage|p2a: Charizard|77/100\n|-damage|p2b: Garchomp|4/100\n|\n|-damage|p1a: Floette|49/100 brn|[from] brn\n|-sideend|p2: pzany|move: Tailwind\n|upkeep\n|turn|7\n|inactive|JAMieC_123 has 30 seconds left.\n|inactive|pzany has 30 seconds left.\n|\n|t:|1776088561\n|move|p1a: Floette|Protect|p1a: Floette\n|-singleturn|p1a: Floette|Protect\n|move|p2b: Garchomp|Rock Slide|p1b: Sinistcha|[spread] p1b\n|-activate|p1a: Floette|move: Protect\n|-damage|p1b: Sinistcha|82/100\n|move|p2a: Charizard|Heat Wave|p1a: Floette|[spread] p1b\n|-activate|p1a: Floette|move: Protect\n|-supereffective|p1b: Sinistcha|1\n|-damage|p1b: Sinistcha|3/100\n|-status|p1b: Sinistcha|brn\n|move|p1b: Sinistcha|Life Dew|p1b: Sinistcha|[spread] p1a,p1b\n|-heal|p1a: Floette|74/100 brn\n|-heal|p1b: Sinistcha|29/100 brn\n|\n|-heal|p1b: Sinistcha|35/100 brn|[from] item: Leftovers\n|-damage|p1a: Floette|68/100 brn|[from] brn\n|-damage|p1b: Sinistcha|29/100 brn|[from] brn\n|upkeep\n|turn|8\n|\n|t:|1776088584\n|move|p2b: Garchomp|Rock Slide|p1b: Sinistcha|[spread] p1a,p1b\n|-damage|p1a: Floette|52/100 brn\n|-damage|p1b: Sinistcha|11/100 brn\n|move|p2a: Charizard|Heat Wave|p1b: Sinistcha|[spread] p1a,p1b\n|-supereffective|p1b: Sinistcha|1\n|-damage|p1a: Floette|21/100 brn\n|-damage|p1b: Sinistcha|0 fnt\n|faint|p1b: Sinistcha\n|cant|p1a: Floette|flinch\n|\n|-damage|p1a: Floette|15/100 brn|[from] brn\n|upkeep\n|turn|9\n|\n|t:|1776088602\n|move|p2b: Garchomp|Earthquake|p1a: Floette|[spread] p1a\n|-immune|p2a: Charizard\n|-damage|p1a: Floette|0 fnt\n|faint|p1a: Floette\n|\n|win|pzany\n|raw|JAMieC_123's rating: 1109 &rarr; <strong>1078</strong><br />(-31 for losing)\n|raw|pzany's rating: 1018 &rarr; <strong>1065</strong><br />(+47 for winning)\n|l|\u2606pzany\n|player|p2|\n",
  "uploadtime": 1776088620,
  "views": 13,
  "formatid": "gen9championsvgc2026regma",
  "rating": 1065,
  "private": 0,
  "password": null
}