{
  "id": "gen9championsvgc2026regma-2585251520",
  "format": "[Gen 9 Champions] VGC 2026 Reg M-A",
  "players": [
    "NoxxinVGC",
    "Aletargua"
  ],
  "log": "|j|\u2606NoxxinVGC\n|j|\u2606Aletargua\n|t:|1776330098\n|gametype|doubles\n|player|p1|NoxxinVGC|giovanni|1122\n|player|p2|Aletargua|ingo|1187\n|gen|9\n|tier|[Gen 9 Champions] VGC 2026 Reg M-A\n|rated|\n|rule|Species Clause: Limit one of each Pok\u00e9mon\n|rule|Item Clause: Limit 1 of each item\n|clearpoke\n|poke|p1|Delphox, L50, F|\n|poke|p1|Basculegion, L50, M|\n|poke|p1|Clefable, L50, F|\n|poke|p1|Kingambit, L50, F|\n|poke|p1|Dragonite, L50, M|\n|poke|p1|Sneasler, L50, M|\n|poke|p2|Emboar, L50, M|\n|poke|p2|Sinistcha-Masterpiece, L50|\n|poke|p2|Primarina, L50, M|\n|poke|p2|Snorlax, L50, F|\n|poke|p2|Slowbro-Galar, L50, F|\n|poke|p2|Kingambit, L50, F|\n|teampreview|4\n|inactive|Battle timer is ON: inactive players will automatically lose when time's up. (requested by NoxxinVGC)\n|inactive|Aletargua has 60 seconds left.\n|\n|t:|1776330150\n|teamsize|p1|4\n|teamsize|p2|4\n|start\n|switch|p1a: Delphox|Delphox, L50, F, shiny|100/100\n|switch|p1b: Basculegion|Basculegion, L50, M|100/100\n|switch|p2a: Sinistcha|Sinistcha-Masterpiece, L50, shiny|100/100\n|switch|p2b: Kingambit|Kingambit, L50, F, shiny|100/100\n|turn|1\n|inactive|NoxxinVGC has 30 seconds left.\n|inactive|Aletargua has 30 seconds left.\n|\n|t:|1776330181\n|detailschange|p1a: Delphox|Delphox-Mega, L50, F, shiny\n|-mega|p1a: Delphox|Delphox|Delphoxite\n|move|p1a: Delphox|Calm Mind|p1a: Delphox\n|-boost|p1a: Delphox|spa|1\n|-boost|p1a: Delphox|spd|1\n|move|p1b: Basculegion|Wave Crash|p2b: Kingambit\n|-damage|p2b: Kingambit|27/100\n|-damage|p1b: Basculegion|78/100|[from] Recoil\n|move|p2b: Kingambit|Swords Dance|p2b: Kingambit\n|-boost|p2b: Kingambit|atk|2\n|move|p2a: Sinistcha|Trick Room|p2a: Sinistcha\n|-fieldstart|move: Trick Room|[of] p2a: Sinistcha\n|\n|-heal|p2b: Kingambit|33/100|[from] item: Leftovers\n|upkeep\n|turn|2\n|inactive|Aletargua has 30 seconds left.\n|inactive|Aletargua has 20 seconds left.\n|inactive|Aletargua has 15 seconds left.\n|\n|t:|1776330227\n|switch|p1b: Clefable|Clefable, L50, F|100/100\n|move|p1a: Delphox|Protect|p1a: Delphox\n|-singleturn|p1a: Delphox|Protect\n|move|p2b: Kingambit|Kowtow Cleave|p1a: Delphox\n|-activate|p1a: Delphox|move: Protect\n|move|p2a: Sinistcha|Shadow Ball|p1b: Clefable\n|-damage|p1b: Clefable|60/100\n|\n|-heal|p2b: Kingambit|39/100|[from] item: Leftovers\n|upkeep\n|turn|3\n|\n|t:|1776330245\n|move|p1b: Clefable|Follow Me|p1b: Clefable\n|-singleturn|p1b: Clefable|move: Follow Me\n|move|p2b: Kingambit|Kowtow Cleave|p1b: Clefable\n|-resisted|p1b: Clefable|1\n|-damage|p1b: Clefable|41/100\n|-enditem|p1b: Clefable|Sitrus Berry|[eat]\n|-heal|p1b: Clefable|66/100|[from] item: Sitrus Berry\n|move|p2a: Sinistcha|Shadow Ball|p1b: Clefable\n|-damage|p1b: Clefable|28/100\n|move|p1a: Delphox|Calm Mind|p1a: Delphox\n|-boost|p1a: Delphox|spa|1\n|-boost|p1a: Delphox|spd|1\n|\n|-heal|p2b: Kingambit|46/100|[from] item: Leftovers\n|upkeep\n|turn|4\n|inactive|Aletargua has 30 seconds left.\n|inactive|Aletargua has 20 seconds left.\n|inactive|Aletargua has 15 seconds left.\n|inactive|Aletargua has 10 seconds left.\n|\n|t:|1776330295\n|move|p2b: Kingambit|Protect|p2b: Kingambit\n|-singleturn|p2b: Kingambit|Protect\n|move|p1b: Clefable|Follow Me|p1b: Clefable\n|-singleturn|p1b: Clefable|move: Follow Me\n|move|p2a: Sinistcha|Matcha Gotcha|p1b: Clefable|[spread] p1a,p1b\n|-resisted|p1a: Delphox|1\n|-damage|p1a: Delphox|92/100\n|-damage|p1b: Clefable|0 fnt\n|faint|p1b: Clefable\n|move|p1a: Delphox|Heat Wave|p2a: Sinistcha|[spread] \n|-activate|p2b: Kingambit|move: Protect\n|-miss|p1a: Delphox|p2a: Sinistcha\n|\n|-heal|p2b: Kingambit|52/100|[from] item: Leftovers\n|upkeep\n|\n|t:|1776330310\n|switch|p1b: Sneasler|Sneasler, L50, M|100/100\n|turn|5\n|inactive|Aletargua has 30 seconds left.\n|\n|t:|1776330339\n|move|p1b: Sneasler|Fake Out|p2b: Kingambit\n|-resisted|p2b: Kingambit|1\n|-damage|p2b: Kingambit|46/100\n|move|p2a: Sinistcha|Rage Powder|p2a: Sinistcha\n|-singleturn|p2a: Sinistcha|move: Rage Powder\n|cant|p2b: Kingambit|flinch\n|move|p1a: Delphox|Heat Wave|p2a: Sinistcha|[spread] p2a,p2b\n|-supereffective|p2a: Sinistcha|1\n|-enditem|p2a: Sinistcha|Occa Berry|[eat]\n|-enditem|p2a: Sinistcha|Occa Berry|[weaken]\n|-supereffective|p2b: Kingambit|1\n|-damage|p2a: Sinistcha|4/100\n|-damage|p2b: Kingambit|0 fnt\n|-status|p2a: Sinistcha|brn\n|faint|p2b: Kingambit\n|\n|-damage|p2a: Sinistcha|0 fnt|[from] brn\n|faint|p2a: Sinistcha\n|-fieldend|move: Trick Room\n|upkeep\n|\n|t:|1776330348\n|switch|p2a: Emboar|Emboar, L50, M, shiny|100/100\n|switch|p2b: Primarina|Primarina, L50, M, shiny|100/100\n|turn|6\n|\n|t:|1776330366\n|switch|p1b: Basculegion|Basculegion, L50, M|78/100\n|detailschange|p2a: Emboar|Emboar-Mega, L50, M, shiny\n|-mega|p2a: Emboar|Emboar|Emboarite\n|-ability|p2a: Emboar|Mold Breaker\n|move|p1a: Delphox|Protect|p1a: Delphox\n|-singleturn|p1a: Delphox|Protect\n|move|p2a: Emboar|Protect|p2a: Emboar\n|-singleturn|p2a: Emboar|Protect\n|move|p2b: Primarina|Hyper Voice|p1a: Delphox|[spread] p1b\n|-activate|p1a: Delphox|move: Protect\n|-resisted|p1b: Basculegion|1\n|-damage|p1b: Basculegion|51/100\n|\n|upkeep\n|turn|7\n|inactive|NoxxinVGC has 30 seconds left.\n|\n|t:|1776330400\n|move|p1a: Delphox|Psychic|p2b: Primarina\n|-damage|p2b: Primarina|0 fnt\n|faint|p2b: Primarina\n|move|p1b: Basculegion|Wave Crash|p2a: Emboar\n|-supereffective|p2a: Emboar|1\n|-damage|p2a: Emboar|0 fnt\n|faint|p2a: Emboar\n|-damage|p1b: Basculegion|19/100|[from] Recoil\n|\n|win|NoxxinVGC\n|raw|NoxxinVGC's rating: 1122 &rarr; <strong>1152</strong><br />(+30 for winning)\n|raw|Aletargua's rating: 1187 &rarr; <strong>1157</strong><br />(-30 for losing)\n",
  "uploadtime": 1776330400,
  "views": 18,
  "formatid": "gen9championsvgc2026regma",
  "rating": 1152,
  "private": 0,
  "password": null
}