{
  "id": "gen9championsvgc2026regma-2584167868",
  "format": "[Gen 9 Champions] VGC 2026 Reg M-A",
  "players": [
    "marietevgc",
    "Evil Yarrack"
  ],
  "log": "|j|\u2606marietevgc\n|j|\u2606Evil Yarrack\n|t:|1776233418\n|gametype|doubles\n|player|p1|marietevgc|102|1332\n|player|p2|Evil Yarrack|youngster-gen4dp|1429\n|gen|9\n|tier|[Gen 9 Champions] VGC 2026 Reg M-A\n|rated|\n|rule|Species Clause: Limit one of each Pok\u00e9mon\n|rule|Item Clause: Limit 1 of each item\n|clearpoke\n|poke|p1|Tyranitar, L50, M|\n|poke|p1|Excadrill, L50, M|\n|poke|p1|Corviknight, L50, M|\n|poke|p1|Basculegion, L50, M|\n|poke|p1|Sinistcha-Masterpiece, L50|\n|poke|p1|Delphox, L50, F|\n|poke|p2|Sinistcha, L50|\n|poke|p2|Scizor, L50, M|\n|poke|p2|Tyranitar, L50, M|\n|poke|p2|Basculegion, L50, M|\n|poke|p2|Lycanroc, L50, M|\n|poke|p2|Kommo-o, L50, M|\n|teampreview|4\n|inactive|Battle timer is ON: inactive players will automatically lose when time's up. (requested by Evil Yarrack)\n|inactive|marietevgc has 60 seconds left.\n|inactive|Evil Yarrack has 60 seconds left.\n|\n|t:|1776233461\n|teamsize|p1|4\n|teamsize|p2|4\n|start\n|switch|p1a: Corviknight|Corviknight, L50, M, shiny|100/100\n|switch|p1b: Delphox|Delphox, L50, F|100/100\n|switch|p2a: Kommo-o|Kommo-o, L50, M|100/100\n|switch|p2b: Lycanroc|Lycanroc, L50, M|100/100\n|turn|1\n|\n|t:|1776233477\n|move|p1b: Delphox|Protect|p1b: Delphox\n|-singleturn|p1b: Delphox|Protect\n|move|p2b: Lycanroc|Rock Slide|p1b: Delphox|[spread] \n|-activate|p1b: Delphox|move: Protect\n|-miss|p2b: Lycanroc|p1a: Corviknight\n|move|p2a: Kommo-o|Aura Sphere|p1a: Corviknight\n|-damage|p1a: Corviknight|63/100\n|move|p1a: Corviknight|Tailwind|p1a: Corviknight\n|-sidestart|p1: marietevgc|move: Tailwind\n|\n|-heal|p1a: Corviknight|69/100|[from] item: Leftovers\n|upkeep\n|turn|2\n|\n|t:|1776233496\n|switch|p2a: Tyranitar|Tyranitar, L50, M|100/100\n|-weather|Sandstorm|[from] ability: Sand Stream|[of] p2a: Tyranitar\n|detailschange|p1b: Delphox|Delphox-Mega, L50, F\n|-mega|p1b: Delphox|Delphox|Delphoxite\n|move|p1b: Delphox|Psychic|p2a: Tyranitar\n|-immune|p2a: Tyranitar\n|move|p2b: Lycanroc|Rock Slide|p1a: Corviknight|[spread] p1b\n|-miss|p2b: Lycanroc|p1a: Corviknight\n|-supereffective|p1b: Delphox|1\n|-crit|p1b: Delphox\n|-damage|p1b: Delphox|0 fnt\n|faint|p1b: Delphox\n|move|p1a: Corviknight|Iron Head|p2b: Lycanroc\n|-supereffective|p2b: Lycanroc|1\n|-crit|p2b: Lycanroc\n|-enditem|p2b: Lycanroc|Focus Sash\n|-damage|p2b: Lycanroc|1/100\n|\n|-weather|Sandstorm|[upkeep]\n|-heal|p1a: Corviknight|75/100|[from] item: Leftovers\n|upkeep\n|\n|t:|1776233504\n|switch|p1b: Excadrill|Excadrill, L50, M, shiny|100/100\n|turn|3\n|\n|t:|1776233520\n|switch|p1b: Basculegion|Basculegion, L50, M, shiny|100/100\n|move|p2b: Lycanroc|Protect|p2b: Lycanroc\n|-singleturn|p2b: Lycanroc|Protect\n|move|p2a: Tyranitar|Protect|p2a: Tyranitar\n|-singleturn|p2a: Tyranitar|Protect\n|move|p1a: Corviknight|Body Press|p2a: Tyranitar\n|-activate|p2a: Tyranitar|move: Protect\n|\n|-weather|Sandstorm|[upkeep]\n|-damage|p1b: Basculegion|94/100|[from] Sandstorm\n|-heal|p1a: Corviknight|81/100|[from] item: Leftovers\n|upkeep\n|turn|4\n|\n|t:|1776233530\n|detailschange|p2a: Tyranitar|Tyranitar-Mega, L50, M\n|-mega|p2a: Tyranitar|Tyranitar|Tyranitarite\n|move|p1b: Basculegion|Flip Turn|p2b: Lycanroc\n|-supereffective|p2b: Lycanroc|1\n|-damage|p2b: Lycanroc|0 fnt\n|faint|p2b: Lycanroc\n|inactive|marietevgc has 30 seconds left.\n|inactive|marietevgc has 20 seconds left.\n|inactive|marietevgc has 15 seconds left.\n|\n|t:|1776233574\n|switch|p1b: Excadrill|Excadrill, L50, M, shiny|100/100|[from] Flip Turn\n|move|p1a: Corviknight|Body Press|p2a: Tyranitar\n|-supereffective|p2a: Tyranitar|2\n|-damage|p2a: Tyranitar|50/100\n|move|p2a: Tyranitar|Assurance|p1b: Excadrill\n|-damage|p1b: Excadrill|47/100\n|\n|-weather|Sandstorm|[upkeep]\n|-heal|p1a: Corviknight|87/100|[from] item: Leftovers\n|-sideend|p1: marietevgc|move: Tailwind\n|upkeep\n|\n|t:|1776233584\n|switch|p2b: Basculegion|Basculegion, L50, M|100/100\n|turn|5\n|\n|t:|1776233599\n|move|p1b: Excadrill|Protect|p1b: Excadrill\n|-singleturn|p1b: Excadrill|Protect\n|move|p2b: Basculegion|Last Respects|p1a: Corviknight\n|-damage|p1a: Corviknight|32/100\n|move|p2a: Tyranitar|Assurance|p1a: Corviknight\n|-damage|p1a: Corviknight|0 fnt\n|faint|p1a: Corviknight\n|\n|-weather|Sandstorm|[upkeep]\n|-damage|p2b: Basculegion|94/100|[from] Sandstorm\n|upkeep\n|\n|t:|1776233622\n|switch|p1a: Basculegion|Basculegion, L50, M, shiny|94/100\n|turn|6\n|\n|t:|1776233638\n|move|p1b: Excadrill|Iron Head|p2a: Tyranitar\n|-supereffective|p2a: Tyranitar|1\n|-damage|p2a: Tyranitar|0 fnt\n|faint|p2a: Tyranitar\n|move|p2b: Basculegion|Last Respects|p1a: Basculegion\n|-supereffective|p1a: Basculegion|1\n|-damage|p1a: Basculegion|0 fnt\n|faint|p1a: Basculegion\n|\n|-weather|none\n|upkeep\n|\n|t:|1776233644\n|switch|p2a: Kommo-o|Kommo-o, L50, M|100/100\n|turn|7\n|\n|t:|1776233663\n|move|p2b: Basculegion|Last Respects|p1b: Excadrill\n|-damage|p1b: Excadrill|0 fnt\n|faint|p1b: Excadrill\n|\n|win|Evil Yarrack\n|raw|marietevgc's rating: 1332 &rarr; <strong>1317</strong><br />(-15 for losing)\n|raw|Evil Yarrack's rating: 1429 &rarr; <strong>1444</strong><br />(+15 for winning)\n",
  "uploadtime": 1776233668,
  "views": 39,
  "formatid": "gen9championsvgc2026regma",
  "rating": 1317,
  "private": 0,
  "password": null
}