{
  "id": "gen9championsvgc2026regma-2581582780",
  "format": "[Gen 9 Champions] VGC 2026 Reg M-A",
  "players": [
    "Domino17",
    "Itz_NotMick"
  ],
  "log": "|j|\u2606Domino17\n|j|\u2606Itz_NotMick\n|t:|1776012766\n|gametype|doubles\n|player|p1|Domino17|roxie|1025\n|player|p2|Itz_NotMick|silver-masters|1033\n|gen|9\n|tier|[Gen 9 Champions] VGC 2026 Reg M-A\n|rated|\n|rule|Species Clause: Limit one of each Pok\u00e9mon\n|rule|Item Clause: Limit 1 of each item\n|clearpoke\n|poke|p1|Drampa, L50, F|\n|poke|p1|Ninetales-Alola, L50, M|\n|poke|p1|Sylveon, L50, F|\n|poke|p1|Corviknight, L50, F|\n|poke|p1|Ceruledge, L50, F|\n|poke|p1|Palafin, L50, M|\n|poke|p2|Gengar, L50, F|\n|poke|p2|Incineroar, L50, M|\n|poke|p2|Sneasler, L50, F|\n|poke|p2|Clefable, L50, M|\n|poke|p2|Whimsicott, L50, M|\n|poke|p2|Slowbro, L50, M|\n|teampreview|4\n|inactive|Battle timer is ON: inactive players will automatically lose when time's up. (requested by Itz_NotMick)\n|inactive|Domino17 has 60 seconds left.\n|\n|t:|1776012822\n|teamsize|p1|4\n|teamsize|p2|4\n|start\n|switch|p1a: Palafin|Palafin, L50, M|100/100\n|switch|p1b: Corviknight|Corviknight, L50, F|100/100\n|switch|p2a: Gengar|Gengar, L50, F|100/100\n|switch|p2b: Incineroar|Incineroar, L50, M|100/100\n|-ability|p2b: Incineroar|Intimidate|boost\n|-unboost|p1a: Palafin|atk|1\n|-ability|p1b: Corviknight|Mirror Armor\n|-unboost|p2b: Incineroar|atk|1\n|turn|1\n|inactive|Domino17 has 30 seconds left.\n|\n|t:|1776012848\n|detailschange|p1a: Palafin|Palafin-Hero, L50, M\n|switch|p1a: Drampa|Drampa, L50, F|100/100\n|detailschange|p2a: Gengar|Gengar-Mega, L50, F\n|-mega|p2a: Gengar|Gengar|Gengarite\n|move|p2b: Incineroar|Fake Out|p1b: Corviknight\n|-resisted|p1b: Corviknight|1\n|-damage|p1b: Corviknight|97/100\n|move|p2a: Gengar|Perish Song|p2a: Gengar\n|-start|p1a: Drampa|perish3|[silent]\n|-start|p1b: Corviknight|perish3|[silent]\n|-start|p2a: Gengar|perish3|[silent]\n|-start|p2b: Incineroar|perish3|[silent]\n|-fieldactivate|move: Perish Song\n|cant|p1b: Corviknight|flinch\n|\n|-heal|p1b: Corviknight|100/100|[from] item: Leftovers\n|-start|p2a: Gengar|perish3\n|-start|p2b: Incineroar|perish3\n|-start|p1b: Corviknight|perish3\n|-start|p1a: Drampa|perish3\n|upkeep\n|turn|2\n|inactive|Domino17 has 30 seconds left.\n|inactive|Itz_NotMick has 30 seconds left.\n|inactive|Itz_NotMick has 20 seconds left.\n|\n|t:|1776012884\n|detailschange|p1a: Drampa|Drampa-Mega, L50, F\n|-mega|p1a: Drampa|Drampa|Drampanite\n|move|p2a: Gengar|Protect|p2a: Gengar\n|-singleturn|p2a: Gengar|Protect\n|move|p2b: Incineroar|Protect|p2b: Incineroar\n|-singleturn|p2b: Incineroar|Protect\n|move|p1b: Corviknight|Tailwind|p1b: Corviknight\n|-sidestart|p1: Domino17|move: Tailwind\n|move|p1a: Drampa|Earth Power|p2b: Incineroar\n|-activate|p2b: Incineroar|move: Protect\n|\n|-start|p1b: Corviknight|perish2\n|-start|p2a: Gengar|perish2\n|-start|p2b: Incineroar|perish2\n|-start|p1a: Drampa|perish2\n|upkeep\n|turn|3\n|\n|t:|1776012903\n|switch|p2a: Slowbro|Slowbro, L50, M|100/100\n|move|p1b: Corviknight|Brave Bird|p2a: Slowbro\n|-damage|p2a: Slowbro|69/100\n|-damage|p1b: Corviknight|89/100|[from] Recoil\n|move|p2b: Incineroar|Parting Shot|p1a: Drampa\n|-unboost|p1a: Drampa|atk|1\n|-unboost|p1a: Drampa|spa|1\n|\n|t:|1776012906\n|switch|p2b: Gengar|Gengar-Mega, L50, F|100/100|[from] Parting Shot\n|move|p1a: Drampa|Earth Power|p2a: Slowbro\n|-damage|p2a: Slowbro|48/100\n|\n|-heal|p1b: Corviknight|95/100|[from] item: Leftovers\n|-start|p1b: Corviknight|perish1\n|-start|p1a: Drampa|perish1\n|upkeep\n|turn|4\n|inactive|Domino17 has 30 seconds left.\n|\n|t:|1776012935\n|move|p2b: Gengar|Protect|p2b: Gengar\n|-singleturn|p2b: Gengar|Protect\n|move|p2a: Slowbro|Protect|p2a: Slowbro\n|-singleturn|p2a: Slowbro|Protect\n|move|p1b: Corviknight|Brave Bird|p2a: Slowbro\n|-activate|p2a: Slowbro|move: Protect\n|move|p1a: Drampa|Hyper Voice|p2b: Gengar|[spread] \n|-activate|p2a: Slowbro|move: Protect\n|-activate|p2b: Gengar|move: Protect\n|\n|-heal|p1b: Corviknight|100/100|[from] item: Leftovers\n|-start|p1b: Corviknight|perish0\n|-start|p1a: Drampa|perish0\n|faint|p1b: Corviknight\n|faint|p1a: Drampa\n|upkeep\n|\n|t:|1776012941\n|switch|p1b: Ninetales|Ninetales-Alola, L50, M|100/100\n|switch|p1a: Palafin|Palafin-Hero, L50, M|100/100\n|-weather|Snowscape|[from] ability: Snow Warning|[of] p1b: Ninetales\n|-activate|p1a: Palafin|ability: Zero to Hero\n|turn|5\n|\n|t:|1776012962\n|switch|p2a: Incineroar|Incineroar, L50, M|100/100\n|-ability|p2a: Incineroar|Intimidate|boost\n|-unboost|p1a: Palafin|atk|1\n|-unboost|p1b: Ninetales|atk|1\n|move|p1b: Ninetales|Aurora Veil|p1b: Ninetales\n|-sidestart|p1: Domino17|move: Aurora Veil\n|move|p1a: Palafin|Bulk Up|p1a: Palafin\n|-boost|p1a: Palafin|atk|1\n|-boost|p1a: Palafin|def|1\n|move|p2b: Gengar|Perish Song|p2b: Gengar\n|-start|p1a: Palafin|perish3|[silent]\n|-start|p1b: Ninetales|perish3|[silent]\n|-start|p2a: Incineroar|perish3|[silent]\n|-start|p2b: Gengar|perish3|[silent]\n|-fieldactivate|move: Perish Song\n|\n|-weather|Snowscape|[upkeep]\n|-start|p1b: Ninetales|perish3\n|-start|p1a: Palafin|perish3\n|-start|p2b: Gengar|perish3\n|-start|p2a: Incineroar|perish3\n|-sideend|p1: Domino17|move: Tailwind\n|upkeep\n|turn|6\n|inactive|Domino17 has 30 seconds left.\n|inactive|Itz_NotMick has 30 seconds left.\n|inactive|Domino17 has 20 seconds left.\n|inactive|Domino17 has 15 seconds left.\n|inactive|Itz_NotMick has 20 seconds left.\n|inactive|Itz_NotMick has 15 seconds left.\n|\n|t:|1776013007\n|switch|p2b: Clefable|Clefable, L50, M|100/100\n|move|p2a: Incineroar|Fake Out|p1a: Palafin\n|-damage|p1a: Palafin|96/100\n|cant|p1a: Palafin|flinch\n|move|p1b: Ninetales|Encore||[still]\n|-fail|p1b: Ninetales\n|\n|-weather|Snowscape|[upkeep]\n|-start|p1b: Ninetales|perish2\n|-start|p1a: Palafin|perish2\n|-start|p2a: Incineroar|perish2\n|upkeep\n|turn|7\n|\n|t:|1776013022\n|move|p1a: Palafin|Jet Punch|p2a: Incineroar\n|-supereffective|p2a: Incineroar|1\n|-damage|p2a: Incineroar|12/100\n|-enditem|p2a: Incineroar|Sitrus Berry|[eat]\n|-heal|p2a: Incineroar|37/100|[from] item: Sitrus Berry\n|move|p1b: Ninetales|Encore|p2a: Incineroar\n|-start|p2a: Incineroar|Encore\n|move|p2a: Incineroar|Fake Out||[still]\n|-hint|Fake Out only works on your first turn out.\n|-fail|p2a: Incineroar\n|move|p2b: Clefable|Thunder Wave|p1a: Palafin\n|-status|p1a: Palafin|par\n|\n|-weather|Snowscape|[upkeep]\n|-start|p1b: Ninetales|perish1\n|-start|p2a: Incineroar|perish1\n|-start|p1a: Palafin|perish1\n|upkeep\n|turn|8\n|\n|t:|1776013035\n|switch|p2a: Slowbro|Slowbro, L50, M|81/100\n|move|p2b: Clefable|Protect|p2b: Clefable\n|-singleturn|p2b: Clefable|Protect\n|move|p1a: Palafin|Jet Punch|p2a: Slowbro\n|-resisted|p2a: Slowbro|1\n|-damage|p2a: Slowbro|65/100\n|move|p1b: Ninetales|Blizzard|p2a: Slowbro|[spread] p2a\n|-activate|p2b: Clefable|move: Protect\n|-resisted|p2a: Slowbro|1\n|-damage|p2a: Slowbro|54/100\n|\n|-weather|Snowscape|[upkeep]\n|-start|p1b: Ninetales|perish0\n|-start|p1a: Palafin|perish0\n|faint|p1b: Ninetales\n|faint|p1a: Palafin\n|\n|win|Itz_NotMick\n|raw|Domino17's rating: 1025 &rarr; <strong>1012</strong><br />(-13 for losing)\n|raw|Itz_NotMick's rating: 1033 &rarr; <strong>1067</strong><br />(+34 for winning)\n|l|\u2606Domino17\n|player|p1|\n",
  "uploadtime": 1776013066,
  "views": 19,
  "formatid": "gen9championsvgc2026regma",
  "rating": 1012,
  "private": 0,
  "password": null
}