{
  "id": "gen9championsvgc2026regma-2581542129",
  "format": "[Gen 9 Champions] VGC 2026 Reg M-A",
  "players": [
    "caustictreatment5",
    "nubbet888"
  ],
  "log": "|j|\u2606caustictreatment5\n|j|\u2606nubbet888\n|t:|1776009548\n|gametype|doubles\n|player|p1|caustictreatment5|ghetsis|1028\n|player|p2|nubbet888|1|1049\n|gen|9\n|tier|[Gen 9 Champions] VGC 2026 Reg M-A\n|rated|\n|rule|Species Clause: Limit one of each Pok\u00e9mon\n|rule|Item Clause: Limit 1 of each item\n|clearpoke\n|poke|p1|Rhyperior, L50, M|\n|poke|p1|Starmie, L50|\n|poke|p1|Farigiraf, L50, M|\n|poke|p1|Tyranitar, L50, M|\n|poke|p1|Incineroar, L50, F|\n|poke|p1|Garchomp, L50, F|\n|poke|p2|Trevenant, L50, F|\n|poke|p2|Corviknight, L50, M|\n|poke|p2|Garchomp, L50, F|\n|poke|p2|Incineroar, L50, F|\n|poke|p2|Froslass, L50, F|\n|poke|p2|Clefable, L50, F|\n|teampreview|4\n|inactive|Battle timer is ON: inactive players will automatically lose when time's up. (requested by caustictreatment5)\nnubbet888 has agreed to open team sheets.\n|inactive|caustictreatment5 has 60 seconds left.\n|\n|t:|1776009589\n|teamsize|p1|4\n|teamsize|p2|4\n|start\n|switch|p1a: Farigiraf|Farigiraf, L50, M|100/100\n|switch|p1b: Rhyperior|Rhyperior, L50, M, shiny|100/100\n|switch|p2a: Trevenant|Trevenant, L50, F|100/100\n|switch|p2b: Corviknight|Corviknight, L50, M|100/100\n|turn|1\n|\n|t:|1776009605\n|move|p1b: Rhyperior|Protect|p1b: Rhyperior\n|-singleturn|p1b: Rhyperior|Protect\n|move|p2b: Corviknight|Tailwind|p2b: Corviknight\n|-sidestart|p2: nubbet888|move: Tailwind\n|move|p2a: Trevenant|Wood Hammer|p1b: Rhyperior\n|-activate|p1b: Rhyperior|move: Protect\n|move|p1a: Farigiraf|Trick Room|p1a: Farigiraf\n|-fieldstart|move: Trick Room|[of] p1a: Farigiraf\n|\n|upkeep\n|turn|2\n|inactive|caustictreatment5 has 30 seconds left.\n|inactive|caustictreatment5 has 20 seconds left.\n|\n|t:|1776009642\n|switch|p1b: Thing 2|Incineroar, L50, F|100/100\n|-ability|p1b: Thing 2|Intimidate|boost\n|-unboost|p2a: Trevenant|atk|1\n|-ability|p2b: Corviknight|Mirror Armor\n|-unboost|p1b: Thing 2|atk|1\n|switch|p1a: Starmie|Starmie, L50|100/100\n|move|p2a: Trevenant|Wood Hammer|p1b: Thing 2\n|-resisted|p1b: Thing 2|1\n|-damage|p1b: Thing 2|84/100\n|-damage|p2a: Trevenant|95/100|[from] Recoil\n|move|p2b: Corviknight|Brave Bird|p1a: Starmie\n|-damage|p1a: Starmie|59/100\n|-damage|p2b: Corviknight|89/100|[from] Recoil\n|\n|-heal|p2b: Corviknight|95/100|[from] item: Leftovers\n|upkeep\n|turn|3\n|inactive|nubbet888 has 30 seconds left.\n|\n|t:|1776009668\n|switch|p2a: Garchomp|Garchomp, L50, F|100/100\n|detailschange|p1a: Starmie|Starmie-Mega, L50\n|-mega|p1a: Starmie|Starmie|Starminite\n|move|p1a: Starmie|Protect|p1a: Starmie\n|-singleturn|p1a: Starmie|Protect\n|move|p1b: Thing 2|Parting Shot|p2a: Garchomp\n|-unboost|p2a: Garchomp|atk|1\n|-unboost|p2a: Garchomp|spa|1\n|\n|t:|1776009678\n|switch|p1b: Rhyperior|Rhyperior, L50, M, shiny|100/100|[from] Parting Shot\n|move|p2b: Corviknight|Brave Bird|p1a: Starmie\n|-activate|p1a: Starmie|move: Protect\n|\n|-heal|p2b: Corviknight|100/100|[from] item: Leftovers\n|upkeep\n|turn|4\n|\n|t:|1776009698\n|move|p1b: Rhyperior|High Horsepower|p2a: Garchomp\n|-crit|p2a: Garchomp\n|-damage|p2a: Garchomp|23/100\n|-damage|p1b: Rhyperior|88/100|[from] ability: Rough Skin|[of] p2a: Garchomp\n|move|p1a: Starmie|Skill Swap|p1b: Rhyperior\n|-activate|p1a: Starmie|Skill Swap|||[of] p1b: Rhyperior\n|move|p2b: Corviknight|Brave Bird|p1a: Starmie\n|-damage|p1a: Starmie|18/100\n|-damage|p2b: Corviknight|90/100|[from] Recoil\n|move|p2a: Garchomp|Earthquake|p1a: Starmie|[spread] p1a,p1b\n|-immune|p2b: Corviknight\n|-crit|p1a: Starmie\n|-supereffective|p1b: Rhyperior|1\n|-damage|p1a: Starmie|0 fnt\n|-damage|p1b: Rhyperior|50/100\n|faint|p1a: Starmie\n|\n|-heal|p2b: Corviknight|96/100|[from] item: Leftovers\n|-sideend|p2: nubbet888|move: Tailwind\n|upkeep\n|\n|t:|1776009710\n|switch|p1a: Thing 2|Incineroar, L50, F|84/100\n|-ability|p1a: Thing 2|Intimidate|boost\n|-unboost|p2a: Garchomp|atk|1\n|-ability|p2b: Corviknight|Mirror Armor\n|-unboost|p1a: Thing 2|atk|1\n|turn|5\n|inactive|nubbet888 has 30 seconds left.\n|\n|t:|1776009739\n|move|p2a: Garchomp|Protect|p2a: Garchomp\n|-singleturn|p2a: Garchomp|Protect\n|move|p1a: Thing 2|Fake Out|p2b: Corviknight\n|-resisted|p2b: Corviknight|1\n|-damage|p2b: Corviknight|94/100\n|move|p1b: Rhyperior|Rock Slide|p2a: Garchomp|[spread] p2b\n|-activate|p2a: Garchomp|move: Protect\n|-damage|p2b: Corviknight|49/100\n|cant|p2b: Corviknight|flinch\n|\n|-heal|p2b: Corviknight|55/100|[from] item: Leftovers\n|-fieldend|move: Trick Room\n|upkeep\n|turn|6\n|\n|t:|1776009764\n|move|p1b: Rhyperior|Protect|p1b: Rhyperior\n|-singleturn|p1b: Rhyperior|Protect\n|move|p2a: Garchomp|Earthquake|p1b: Rhyperior|[spread] p1a\n|-activate|p1b: Rhyperior|move: Protect\n|-immune|p2b: Corviknight\n|-supereffective|p1a: Thing 2|1\n|-damage|p1a: Thing 2|50/100\n|-enditem|p1a: Thing 2|Sitrus Berry|[eat]\n|-heal|p1a: Thing 2|74/100|[from] item: Sitrus Berry\n|move|p2b: Corviknight|Brave Bird|p1a: Thing 2\n|-damage|p1a: Thing 2|41/100\n|-damage|p2b: Corviknight|44/100|[from] Recoil\n|move|p1a: Thing 2|Parting Shot|p2a: Garchomp\n|-unboost|p2a: Garchomp|atk|1\n|-unboost|p2a: Garchomp|spa|1\n|\n|t:|1776009774\n|switch|p1a: Farigiraf|Farigiraf, L50, M|100/100|[from] Parting Shot\n|\n|-heal|p2b: Corviknight|50/100|[from] item: Leftovers\n|upkeep\n|turn|7\n|\n|t:|1776009783\n|switch|p2a: Trevenant|Trevenant, L50, F|95/100\n|switch|p2b: Froslass|Froslass, L50, F|100/100\n|move|p1b: Rhyperior|Rock Slide|p2a: Trevenant|[spread] p2a,p2b\n|-supereffective|p2b: Froslass|1\n|-damage|p2a: Trevenant|23/100\n|-damage|p2b: Froslass|0 fnt\n|-enditem|p2a: Trevenant|Sitrus Berry|[eat]\n|-heal|p2a: Trevenant|48/100|[from] item: Sitrus Berry\n|faint|p2b: Froslass\n|move|p1a: Farigiraf|Trick Room|p1a: Farigiraf\n|-fieldstart|move: Trick Room|[of] p1a: Farigiraf\n|\n|upkeep\n|\n|t:|1776009796\n|switch|p2b: Corviknight|Corviknight, L50, M|50/100\n|turn|8\n|\n|t:|1776009813\n|move|p1b: Rhyperior|Rock Slide|p2a: Trevenant|[spread] p2a,p2b\n|-damage|p2a: Trevenant|0 fnt\n|-damage|p2b: Corviknight|5/100\n|faint|p2a: Trevenant\n|move|p1a: Farigiraf|Psychic|p2b: Corviknight\n|-resisted|p2b: Corviknight|1\n|-damage|p2b: Corviknight|0 fnt\n|faint|p2b: Corviknight\n|\n|upkeep\n|\n|t:|1776009825\n|switch|p2b: Garchomp|Garchomp, L50, F|23/100\n|turn|9\n|\n|t:|1776009831\n|move|p1b: Rhyperior|Temper Flare|p2b: Garchomp\n|-resisted|p2b: Garchomp|1\n|-damage|p2b: Garchomp|0 fnt\n|-damage|p1b: Rhyperior|38/100|[from] ability: Rough Skin|[of] p2b: Garchomp\n|faint|p2b: Garchomp\n|\n|win|caustictreatment5\n|raw|caustictreatment5's rating: 1028 &rarr; <strong>1066</strong><br />(+38 for winning)\n|raw|nubbet888's rating: 1049 &rarr; <strong>1031</strong><br />(-18 for losing)\n",
  "uploadtime": 1776009840,
  "views": 34,
  "formatid": "gen9championsvgc2026regma",
  "rating": 1031,
  "private": 0,
  "password": null
}