{
  "id": "gen9championsvgc2026regma-2584326323",
  "format": "[Gen 9 Champions] VGC 2026 Reg M-A",
  "players": [
    "Guiding Quem",
    "BigRoflet"
  ],
  "log": "|j|\u2606Guiding Quem\n|j|\u203dBigRoflet\n|t:|1776251520\n|gametype|doubles\n|player|p1|Guiding Quem|cynthia-masters4|1335\n|player|p2|BigRoflet|harlequin|1260\n|gen|9\n|tier|[Gen 9 Champions] VGC 2026 Reg M-A\n|rated|\n|rule|Species Clause: Limit one of each Pok\u00e9mon\n|rule|Item Clause: Limit 1 of each item\n|clearpoke\n|poke|p1|Froslass, L50, F|\n|poke|p1|Garchomp, L50, F|\n|poke|p1|Rotom-Frost, L50|\n|poke|p1|Empoleon, L50, F|\n|poke|p1|Incineroar, L50, F|\n|poke|p1|Kingambit, L50, M|\n|poke|p2|Incineroar, L50, M|\n|poke|p2|Farigiraf, L50, M|\n|poke|p2|Aerodactyl, L50, M|\n|poke|p2|Archaludon, L50, M|\n|poke|p2|Chesnaught, L50, M|\n|poke|p2|Gengar, L50, F|\n|teampreview|4\n|inactive|Battle timer is ON: inactive players will automatically lose when time's up. (requested by Guiding Quem)\n|\n|t:|1776251550\n|teamsize|p1|4\n|teamsize|p2|4\n|start\n|switch|p1a: Froslass|Froslass, L50, F|100/100\n|switch|p1b: Rotom|Rotom-Frost, L50|100/100\n|switch|p2a: Gengar|Gengar, L50, F|100/100\n|switch|p2b: Chesnaught|Chesnaught, L50, M|100/100\n|turn|1\n|inactive|BigRoflet has 30 seconds left.\n|\n|t:|1776251579\n|detailschange|p1a: Froslass|Froslass-Mega, L50, F\n|-mega|p1a: Froslass|Froslass|Froslassite\n|-weather|Snowscape|[from] ability: Snow Warning|[of] p1a: Froslass\n|detailschange|p2b: Chesnaught|Chesnaught-Mega, L50, M\n|-mega|p2b: Chesnaught|Chesnaught|Chesnaughtite\n|move|p1b: Rotom|Electroweb|p2a: Gengar|[spread] p2a,p2b\n|-resisted|p2b: Chesnaught|1\n|-damage|p2a: Gengar|75/100\n|-damage|p2b: Chesnaught|94/100\n|-unboost|p2a: Gengar|spe|1\n|-unboost|p2b: Chesnaught|spe|1\n|move|p1a: Froslass|Blizzard|p2b: Chesnaught|[spread] p2a,p2b\n|-supereffective|p2b: Chesnaught|1\n|-damage|p2a: Gengar|8/100\n|-damage|p2b: Chesnaught|20/100\n|move|p2a: Gengar|Shadow Ball|p1a: Froslass\n|-supereffective|p1a: Froslass|1\n|-damage|p1a: Froslass|7/100\n|move|p2b: Chesnaught|Rock Slide|p1b: Rotom|[spread] p1a,p1b\n|-supereffective|p1a: Froslass|1\n|-supereffective|p1b: Rotom|1\n|-damage|p1a: Froslass|0 fnt\n|-damage|p1b: Rotom|71/100\n|faint|p1a: Froslass\n|\n|-weather|Snowscape|[upkeep]\n|upkeep\n|\n|t:|1776251595\n|switch|p1a: Garchomp|Garchomp, L50, F|100/100\n|turn|2\n|\n|t:|1776251620\n|switch|p2a: Farigiraf|Farigiraf, L50, M|100/100\n|switch|p2b: Archaludon|Archaludon, L50, M|100/100\n|move|p1b: Rotom|Electroweb|p2a: Farigiraf|[spread] p2a,p2b\n|-resisted|p2b: Archaludon|1\n|-damage|p2a: Farigiraf|84/100\n|-damage|p2b: Archaludon|92/100\n|-unboost|p2a: Farigiraf|spe|1\n|-unboost|p2b: Archaludon|spe|1\n|-ability|p2b: Archaludon|Stamina|boost\n|-boost|p2b: Archaludon|def|1\n|move|p1a: Garchomp|Earthquake|p2a: Farigiraf|[spread] p2a,p2b\n|-immune|p1b: Rotom|[from] ability: Levitate\n|-supereffective|p2b: Archaludon|1\n|-damage|p2a: Farigiraf|53/100\n|-damage|p2b: Archaludon|49/100\n|-ability|p2b: Archaludon|Stamina|boost\n|-boost|p2b: Archaludon|def|1\n|\n|-weather|Snowscape|[upkeep]\n|-heal|p2b: Archaludon|55/100|[from] item: Leftovers\n|upkeep\n|turn|3\n|inactive|BigRoflet has 30 seconds left.\n|inactive|BigRoflet has 20 seconds left.\n|inactive|BigRoflet has 15 seconds left.\n|\n|t:|1776251664\n|move|p2b: Archaludon|Protect|p2b: Archaludon\n|-singleturn|p2b: Archaludon|Protect\n|move|p1b: Rotom|Electroweb|p2a: Farigiraf|[spread] p2a\n|-activate|p2b: Archaludon|move: Protect\n|-damage|p2a: Farigiraf|36/100\n|-unboost|p2a: Farigiraf|spe|1\n|-enditem|p2a: Farigiraf|Sitrus Berry|[eat]\n|-heal|p2a: Farigiraf|60/100|[from] item: Sitrus Berry\n|move|p1a: Garchomp|Earthquake|p2a: Farigiraf|[spread] p2a\n|-activate|p2b: Archaludon|move: Protect\n|-immune|p1b: Rotom|[from] ability: Levitate\n|-damage|p2a: Farigiraf|33/100\n|move|p2a: Farigiraf|Trick Room|p2a: Farigiraf\n|-fieldstart|move: Trick Room|[of] p2a: Farigiraf\n|\n|-weather|Snowscape|[upkeep]\n|-heal|p2b: Archaludon|61/100|[from] item: Leftovers\n|upkeep\n|turn|4\n|inactive|Guiding Quem has 30 seconds left.\n|inactive|BigRoflet has 30 seconds left.\n|\n|t:|1776251691\n|switch|p1b: Kingambit|Kingambit, L50, M|100/100\n|move|p2a: Farigiraf|Dazzling Gleam|p1a: Garchomp|[spread] p1a,p1b\n|-supereffective|p1a: Garchomp|1\n|-damage|p1a: Garchomp|68/100\n|-damage|p1b: Kingambit|83/100\n|move|p2b: Archaludon|Draco Meteor|p1a: Garchomp\n|-supereffective|p1a: Garchomp|1\n|-damage|p1a: Garchomp|0 fnt\n|-unboost|p2b: Archaludon|spa|2\n|faint|p1a: Garchomp\n|\n|-weather|Snowscape|[upkeep]\n|-heal|p2b: Archaludon|67/100|[from] item: Leftovers\n|upkeep\n|\n|t:|1776251699\n|switch|p1a: Rotom|Rotom-Frost, L50|71/100\n|turn|5\n|\n|t:|1776251716\n|switch|p2a: Gengar|Gengar, L50, F|8/100\n|move|p2b: Archaludon|Protect|p2b: Archaludon\n|-singleturn|p2b: Archaludon|Protect\n|move|p1b: Kingambit|Low Kick|p2b: Archaludon\n|-activate|p2b: Archaludon|move: Protect\n|move|p1a: Rotom|Blizzard|p2a: Gengar|[spread] p2a\n|-activate|p2b: Archaludon|move: Protect\n|-damage|p2a: Gengar|0 fnt\n|-start|p1a: Rotom|Disable|Blizzard|[from] ability: Cursed Body|[of] p2a: Gengar\n|faint|p2a: Gengar\n|\n|-weather|none\n|-heal|p2b: Archaludon|73/100|[from] item: Leftovers\n|upkeep\n|\n|t:|1776251739\n|switch|p2a: Chesnaught|Chesnaught-Mega, L50, M|20/100\n|turn|6\n|\n|t:|1776251751\n|move|p2a: Chesnaught|Spiky Shield|p2a: Chesnaught\n|-singleturn|p2a: Chesnaught|move: Protect\n|move|p1b: Kingambit|Protect|p1b: Kingambit\n|-singleturn|p1b: Kingambit|Protect\n|move|p2b: Archaludon|Flash Cannon|p1a: Rotom\n|-damage|p1a: Rotom|45/100\n|-activate|p1a: Rotom|move: Struggle\n|move|p1a: Rotom|Struggle|p2b: Archaludon\n|-damage|p2b: Archaludon|70/100\n|-ability|p2b: Archaludon|Stamina|boost\n|-boost|p2b: Archaludon|def|1\n|-damage|p1a: Rotom|19/100|[from] recoil\n|\n|-heal|p2b: Archaludon|75/100|[from] item: Leftovers\n|upkeep\n|turn|7\n|\n|t:|1776251775\n|move|p2b: Archaludon|Protect|p2b: Archaludon\n|-singleturn|p2b: Archaludon|Protect\n|move|p1b: Kingambit|Sucker Punch|p2a: Chesnaught\n|-resisted|p2a: Chesnaught|1\n|-damage|p2a: Chesnaught|8/100\n|move|p2a: Chesnaught|Body Press|p1b: Kingambit\n|-supereffective|p1b: Kingambit|2\n|-damage|p1b: Kingambit|0 fnt\n|faint|p1b: Kingambit\n|-activate|p1a: Rotom|move: Struggle\n|move|p1a: Rotom|Struggle|p2a: Chesnaught\n|-damage|p2a: Chesnaught|4/100\n|-damage|p1a: Rotom|0 fnt|[from] recoil\n|faint|p1a: Rotom\n|\n|win|BigRoflet\n|raw|Guiding Quem's rating: 1335 &rarr; <strong>1311</strong><br />(-24 for losing)\n|raw|BigRoflet's rating: 1260 &rarr; <strong>1290</strong><br />(+30 for winning)\n|l|\u2606Guiding Quem\n|player|p1|\n|l|\u203dBigRoflet\n|player|p2|\n|j|\u203dBigRoflet\n|player|p2|BigRoflet|harlequin|\n|n|\u203dBigRoflet|bigroflet\n",
  "uploadtime": 1776251792,
  "views": 47,
  "formatid": "gen9championsvgc2026regma",
  "rating": 1290,
  "private": 0,
  "password": null
}