{
  "id": "gen9championsvgc2026regma-2582109521",
  "format": "[Gen 9 Champions] VGC 2026 Reg M-A",
  "players": [
    "TheOne&Oni",
    "henitusec"
  ],
  "log": "|j|\u2606TheOne&Oni\n|j|\u2606henitusec\n|t:|1776059087\n|gametype|doubles\n|player|p1|TheOne&Oni|beni-ninja|1044\n|player|p2|henitusec|volo|1130\n|gen|9\n|tier|[Gen 9 Champions] VGC 2026 Reg M-A\n|rated|\n|rule|Species Clause: Limit one of each Pok\u00e9mon\n|rule|Item Clause: Limit 1 of each item\n|clearpoke\n|poke|p1|Delphox, L50, F|\n|poke|p1|Farigiraf, L50, M|\n|poke|p1|Incineroar, L50, M|\n|poke|p1|Sinistcha-Masterpiece, L50|\n|poke|p1|Ninetales-Alola, L50, F|\n|poke|p1|Alcremie-Rainbow-Swirl, L50, F|\n|poke|p2|Froslass, L50, F|\n|poke|p2|Garchomp, L50, F|\n|poke|p2|Rotom-Frost, L50|\n|poke|p2|Empoleon, L50, F|\n|poke|p2|Incineroar, L50, M|\n|poke|p2|Kingambit, L50, M|\n|teampreview|4\n|inactive|Battle timer is ON: inactive players will automatically lose when time's up. (requested by henitusec)\n|inactive|TheOne&Oni also wants the timer to be on.\n|c|\u2606TheOne&Oni|Glhf\nTheOne&Oni rejected open team sheets.\n|\n|t:|1776059102\n|teamsize|p1|4\n|teamsize|p2|4\n|start\n|switch|p1a: What Levitate?|Delphox, L50, F|100/100\n|switch|p1b: Long Neck Monster|Farigiraf, L50, M|100/100\n|switch|p2a: Froslass|Froslass, L50, F|100/100\n|switch|p2b: Rotom|Rotom-Frost, L50|100/100\n|turn|1\n|\n|t:|1776059124\n|detailschange|p1a: What Levitate?|Delphox-Mega, L50, F\n|-mega|p1a: What Levitate?|Delphox|Delphoxite\n|detailschange|p2a: Froslass|Froslass-Mega, L50, F\n|-mega|p2a: Froslass|Froslass|Froslassite\n|-weather|Snowscape|[from] ability: Snow Warning|[of] p2a: Froslass\n|move|p2b: Rotom|Electroweb|p1b: Long Neck Monster|[spread] p1b\n|-miss|p2b: Rotom|p1a: What Levitate?\n|-damage|p1b: Long Neck Monster|87/100\n|-unboost|p1b: Long Neck Monster|spe|1\n|move|p1a: What Levitate?|Psychic Terrain|p1a: What Levitate?\n|-fieldstart|move: Psychic Terrain\n|move|p2a: Froslass|Aurora Veil|p2a: Froslass\n|-sidestart|p2: henitusec|move: Aurora Veil\n|move|p1b: Long Neck Monster|Gravity|p1b: Long Neck Monster\n|-fieldstart|move: Gravity\n|\n|-weather|Snowscape|[upkeep]\n|upkeep\n|turn|2\n|\n|t:|1776059147\n|move|p1b: Long Neck Monster|Helping Hand|p1a: What Levitate?\n|-singleturn|p1a: What Levitate?|Helping Hand|[of] p1b: Long Neck Monster\n|move|p2b: Rotom|Electroweb|p1a: What Levitate?|[spread] p1a,p1b\n|-crit|p1a: What Levitate?\n|-damage|p1a: What Levitate?|75/100\n|-damage|p1b: Long Neck Monster|75/100\n|-unboost|p1a: What Levitate?|spe|1\n|-unboost|p1b: Long Neck Monster|spe|1\n|move|p2a: Froslass|Blizzard|p1b: Long Neck Monster|[spread] p1a,p1b\n|-resisted|p1a: What Levitate?|1\n|-damage|p1a: What Levitate?|50/100\n|-damage|p1b: Long Neck Monster|42/100\n|move|p1a: What Levitate?|Expanding Force|p2b: Rotom|[spread] p2a,p2b\n|-damage|p2a: Froslass|22/100\n|-damage|p2b: Rotom|12/100\n|\n|-weather|Snowscape|[upkeep]\n|upkeep\n|turn|3\n|inactive|TheOne&Oni has 30 seconds left.\n|\n|t:|1776059173\n|switch|p1a: Wolfey's fav|Incineroar, L50, M|100/100\n|-ability|p1a: Wolfey's fav|Intimidate|boost\n|-unboost|p2a: Froslass|atk|1\n|-unboost|p2b: Rotom|atk|1\n|switch|p1b: Aurora BoREALis|Ninetales-Alola, L50, F, shiny|100/100\n|move|p2b: Rotom|Electroweb|p1a: Wolfey's fav|[spread] p1a,p1b\n|-damage|p1a: Wolfey's fav|87/100\n|-damage|p1b: Aurora BoREALis|76/100\n|-unboost|p1a: Wolfey's fav|spe|1\n|-unboost|p1b: Aurora BoREALis|spe|1\n|move|p2a: Froslass|Blizzard|p1a: Wolfey's fav|[spread] p1a,p1b\n|-resisted|p1a: Wolfey's fav|1\n|-resisted|p1b: Aurora BoREALis|1\n|-damage|p1a: Wolfey's fav|69/100\n|-damage|p1b: Aurora BoREALis|49/100\n|\n|-weather|Snowscape|[upkeep]\n|upkeep\n|turn|4\n|inactive|TheOne&Oni has 30 seconds left.\n|inactive|henitusec has 30 seconds left.\n|\n|t:|1776059208\n|move|p2b: Rotom|Electroweb|p1b: Aurora BoREALis|[spread] p1a,p1b\n|-damage|p1a: Wolfey's fav|54/100\n|-damage|p1b: Aurora BoREALis|24/100\n|-unboost|p1a: Wolfey's fav|spe|1\n|-unboost|p1b: Aurora BoREALis|spe|1\n|move|p2a: Froslass|Shadow Ball|p1b: Aurora BoREALis\n|-damage|p1b: Aurora BoREALis|0 fnt\n|faint|p1b: Aurora BoREALis\n|move|p1a: Wolfey's fav|Darkest Lariat|p2a: Froslass\n|-supereffective|p2a: Froslass|1\n|-damage|p2a: Froslass|0 fnt\n|faint|p2a: Froslass\n|\n|-weather|Snowscape|[upkeep]\n|upkeep\n|\n|t:|1776059224\n|switch|p1b: What Levitate?|Delphox-Mega, L50, F|50/100\n|switch|p2a: Garchomp|Garchomp, L50, F|100/100\n|turn|5\n|\n|t:|1776059246\n|move|p1b: What Levitate?|Protect|p1b: What Levitate?\n|-singleturn|p1b: What Levitate?|Protect\n|move|p2b: Rotom|Electroweb|p1a: Wolfey's fav|[spread] p1a\n|-activate|p1b: What Levitate?|move: Protect\n|-damage|p1a: Wolfey's fav|41/100\n|-unboost|p1a: Wolfey's fav|spe|1\n|move|p2a: Garchomp|Earthquake|p1a: Wolfey's fav|[spread] p2b,p1a\n|-activate|p1b: What Levitate?|move: Protect\n|-supereffective|p2b: Rotom|1\n|-supereffective|p1a: Wolfey's fav|1\n|-damage|p2b: Rotom|0 fnt\n|-damage|p1a: Wolfey's fav|0 fnt\n|faint|p2b: Rotom\n|faint|p1a: Wolfey's fav\n|\n|-weather|none\n|-sideend|p2: henitusec|move: Aurora Veil\n|-fieldend|move: Gravity\n|-fieldend|move: Psychic Terrain\n|upkeep\n|\n|t:|1776059263\n|switch|p2b: Kingambit|Kingambit, L50, M|100/100\n|switch|p1a: Long Neck Monster|Farigiraf, L50, M|42/100\n|turn|6\n|\n|t:|1776059279\n|move|p1b: What Levitate?|Heat Wave|p2a: Garchomp|[spread] p2a,p2b\n|-resisted|p2a: Garchomp|1\n|-supereffective|p2b: Kingambit|1\n|-damage|p2a: Garchomp|75/100\n|-enditem|p2b: Kingambit|Focus Sash\n|-damage|p2b: Kingambit|1/100\n|move|p2a: Garchomp|Rock Slide|p1b: What Levitate?|[spread] p1a,p1b\n|-supereffective|p1b: What Levitate?|1\n|-damage|p1a: Long Neck Monster|23/100\n|-damage|p1b: What Levitate?|0 fnt\n|faint|p1b: What Levitate?\n|move|p2b: Kingambit|Iron Head|p1a: Long Neck Monster\n|-damage|p1a: Long Neck Monster|0 fnt\n|faint|p1a: Long Neck Monster\n|\n|win|henitusec\n|raw|TheOne&amp;Oni's rating: 1044 &rarr; <strong>1031</strong><br />(-13 for losing)\n|raw|henitusec's rating: 1130 &rarr; <strong>1149</strong><br />(+19 for winning)\n",
  "uploadtime": 1776059291,
  "views": 10,
  "formatid": "gen9championsvgc2026regma",
  "rating": 1031,
  "private": 0,
  "password": null
}