{
  "id": "gen9championsvgc2026regma-2580618024",
  "format": "[Gen 9 Champions] VGC 2026 Reg M-A",
  "players": [
    "pyaradox6",
    "makoyouidiot"
  ],
  "log": "|j|\u2606pyaradox6\n|j|\u2606makoyouidiot\n|t:|1775918544\n|gametype|doubles\n|player|p1|pyaradox6|lucas-gen4pt|1024\n|player|p2|makoyouidiot|acetrainersnow|1098\n|gen|9\n|tier|[Gen 9 Champions] VGC 2026 Reg M-A\n|rated|\n|rule|Species Clause: Limit one of each Pok\u00e9mon\n|rule|Item Clause: Limit 1 of each item\n|clearpoke\n|poke|p1|Hawlucha, L50, M|\n|poke|p1|Excadrill, L50, M|\n|poke|p1|Tyranitar, L50, M|\n|poke|p1|Mr. Rime, L50, M|\n|poke|p1|Whimsicott, L50, F|\n|poke|p2|Charizard, L50, F|\n|poke|p2|Aerodactyl, L50, F|\n|poke|p2|Serperior, L50, M|\n|poke|p2|Tyrantrum, L50, M|\n|poke|p2|Oranguru, L50, F|\n|poke|p2|Torkoal, L50, F|\n|teampreview|4\n|\n|t:|1775918585\n|teamsize|p1|4\n|teamsize|p2|4\n|start\n|switch|p1a: Hawlucha|Hawlucha, L50, M, shiny|100/100\n|switch|p1b: Excadrill|Excadrill, L50, M, shiny|100/100\n|switch|p2a: Aerodactyl|Aerodactyl, L50, F|100/100\n|switch|p2b: Serperior|Serperior, L50, M|100/100\n|-ability|p2a: Aerodactyl|Unnerve\n|turn|1\n|\n|t:|1775918612\n|detailschange|p1a: Hawlucha|Hawlucha-Mega, L50, M, shiny\n|-mega|p1a: Hawlucha|Hawlucha|Hawluchanite\n|move|p2a: Aerodactyl|Tailwind|p2a: Aerodactyl\n|-sidestart|p2: makoyouidiot|move: Tailwind\n|move|p2b: Serperior|Leaf Storm|p1b: Excadrill\n|-damage|p1b: Excadrill|45/100\n|-boost|p2b: Serperior|spa|2\n|move|p1a: Hawlucha|Entrainment|p1b: Excadrill\n|-ability|p1b: Excadrill|No Guard|Sand Rush|[from] move: Entrainment|[of] p1a: Hawlucha\n|move|p1b: Excadrill|Horn Drill|p2a: Aerodactyl\n|-enditem|p2a: Aerodactyl|Focus Sash\n|-damage|p2a: Aerodactyl|1/100\n|\n|upkeep\n|turn|2\n|\n|t:|1775918641\n|move|p2a: Aerodactyl|Rock Slide|p1b: Excadrill|[spread] p1a,p1b\n|-resisted|p1b: Excadrill|2\n|-damage|p1a: Hawlucha|67/100\n|-damage|p1b: Excadrill|37/100\n|move|p2b: Serperior|Leaf Storm|p1b: Excadrill\n|-damage|p1b: Excadrill|0 fnt\n|-boost|p2b: Serperior|spa|2\n|faint|p1b: Excadrill\n|move|p1a: Hawlucha|High Jump Kick|p2a: Aerodactyl\n|-crit|p2a: Aerodactyl\n|-damage|p2a: Aerodactyl|0 fnt\n|faint|p2a: Aerodactyl\n|\n|upkeep\n|\n|t:|1775918664\n|switch|p2a: Charizard|Charizard, L50, F|100/100\n|switch|p1b: Whimsicott|Whimsicott, L50, F|100/100\n|turn|3\n|\n|t:|1775918684\n|detailschange|p2a: Charizard|Charizard-Mega-Y, L50, F\n|-mega|p2a: Charizard|Charizard|Charizardite Y\n|-weather|SunnyDay|[from] ability: Drought|[of] p2a: Charizard\n|move|p2b: Serperior|Leaf Storm|p1a: Hawlucha\n|-resisted|p1a: Hawlucha|1\n|-damage|p1a: Hawlucha|0 fnt\n|-boost|p2b: Serperior|spa|2\n|faint|p1a: Hawlucha\n|move|p2a: Charizard|Heat Wave|p1b: Whimsicott\n|-supereffective|p1b: Whimsicott|1\n|-damage|p1b: Whimsicott|0 fnt\n|faint|p1b: Whimsicott\n|\n|-weather|SunnyDay|[upkeep]\n|upkeep\n|inactive|Battle timer is ON: inactive players will automatically lose when time's up. (requested by makoyouidiot)\n|\n|t:|1775918758\n|switch|p1b: Mr. Rime|Mr. Rime, L50, M, shiny|100/100\n|turn|4\n|inactive|pyaradox6 has 30 seconds left.\n|\n|t:|1775918791\n|move|p2a: Charizard|Protect|p2a: Charizard\n|-singleturn|p2a: Charizard|Protect\n|move|p2b: Serperior|Leaf Storm|p1b: Mr. Rime\n|-enditem|p1b: Mr. Rime|Focus Sash\n|-damage|p1b: Mr. Rime|1/100\n|move|p1b: Mr. Rime|Sheer Cold|p2a: Charizard\n|-activate|p2a: Charizard|move: Protect\n|\n|-weather|SunnyDay|[upkeep]\n|-sideend|p2: makoyouidiot|move: Tailwind\n|upkeep\n|turn|5\n|\n|t:|1775918806\n|move|p2b: Serperior|Leaf Storm|p1b: Mr. Rime\n|-damage|p1b: Mr. Rime|0 fnt\n|faint|p1b: Mr. Rime\n|\n|win|makoyouidiot\n|raw|pyaradox6's rating: 1058 &rarr; <strong>1041</strong><br />(-17 for losing)\n|raw|makoyouidiot's rating: 1098 &rarr; <strong>1120</strong><br />(+22 for winning)\n",
  "uploadtime": 1775918813,
  "views": 29,
  "formatid": "gen9championsvgc2026regma",
  "rating": 1041,
  "private": 0,
  "password": null
}