{
  "id": "gen9championsvgc2026regma-2582843862",
  "format": "[Gen 9 Champions] VGC 2026 Reg M-A",
  "players": [
    "cloudyskyloftymoon",
    "retromaster14"
  ],
  "log": "|j|\u2606cloudyskyloftymoon\n|j|\u2606retromaster14\n|t:|1776118481\n|gametype|doubles\n|player|p1|cloudyskyloftymoon|acetrainerf|\n|player|p2|retromaster14|101|\n|gen|9\n|tier|[Gen 9 Champions] VGC 2026 Reg M-A\n|rule|Species Clause: Limit one of each Pok\u00e9mon\n|rule|Item Clause: Limit 1 of each item\n|clearpoke\n|poke|p1|Aerodactyl, L50, F|\n|poke|p1|Kingambit, L50, F|\n|poke|p1|Sneasler, L50, M|\n|poke|p1|Rotom-Wash, L50|\n|poke|p1|Meganium, L50, M|\n|poke|p1|Garchomp, L50, F|\n|poke|p2|Pelipper, L50, F|\n|poke|p2|Basculegion, L50, M|\n|poke|p2|Archaludon, L50, F|\n|poke|p2|Meganium, L50, F|\n|poke|p2|Sneasler, L50, M|\n|poke|p2|Greninja-*, L50, M|\n|teampreview|4\ncloudyskyloftymoon has agreed to open team sheets.\nretromaster14 has agreed to open team sheets.\n|showteam|p1|Aerodactyl||FocusSash|Unnerve|Protect,RockSlide,DualWingbeat,Tailwind|||F|||50|]Kingambit||OccaBerry|Defiant|KowtowCleave,SuckerPunch,Protect,IronHead|||F|||50|]Sneasler||WhiteHerb|Unburden|CloseCombat,Coaching,DireClaw,FakeOut|||M|||50|]Rotom-Wash||SitrusBerry|Levitate|WillOWisp,HydroPump,Thunderbolt,Protect||||||50|]Meganium||Meganiumite|LeafGuard|SolarBeam,DazzlingGleam,WeatherBall,Protect|||M|||50|]Garchomp||SoftSand|RoughSkin|StompingTantrum,DragonClaw,RockSlide,Protect|||F|||50|\n|showteam|p2|Pelipper||FocusSash|Drizzle|WeatherBall,Hurricane,WideGuard,Protect|||F|||50|]Basculegion||MysticWater|SwiftSwim|WaveCrash,LastRespects,FlipTurn,AquaJet|||M|||50|]Archaludon||Leftovers|Stamina|FlashCannon,DracoMeteor,ElectroShot,AuraSphere|||F|||50|]Meganium||Meganiumite|LeafGuard|SolarBeam,WeatherBall,DazzlingGleam,Protect|||F|||50|]Sneasler||WhiteHerb|Unburden|FakeOut,DireClaw,CloseCombat,Protect|||M|||50|]Greninja||Greninjite|Protean|HydroPump,DarkPulse,SludgeWave,IceBeam|||M|||50|\n|\n|t:|1776118506\n|teamsize|p1|4\n|teamsize|p2|4\n|start\n|switch|p1a: Aerodactyl|Aerodactyl, L50, F|100/100\n|switch|p1b: Rotom|Rotom-Wash, L50|100/100\n|switch|p2a: Sneasler|Sneasler, L50, M|100/100\n|switch|p2b: Pelipper|Pelipper, L50, F|100/100\n|-ability|p1a: Aerodactyl|Unnerve\n|-weather|RainDance|[from] ability: Drizzle|[of] p2b: Pelipper\n|turn|1\n|\n|t:|1776118536\n|move|p1a: Aerodactyl|Protect|p1a: Aerodactyl\n|-singleturn|p1a: Aerodactyl|Protect\n|move|p2a: Sneasler|Protect|p2a: Sneasler\n|-singleturn|p2a: Sneasler|Protect\n|move|p2b: Pelipper|Hurricane|p1b: Rotom\n|-resisted|p1b: Rotom|1\n|-crit|p1b: Rotom\n|-damage|p1b: Rotom|67/100\n|move|p1b: Rotom|Will-O-Wisp|p2a: Sneasler\n|-activate|p2a: Sneasler|move: Protect\n|\n|-weather|RainDance|[upkeep]\n|upkeep\n|turn|2\n|\n|t:|1776118552\n|switch|p2a: Archaludon|Archaludon, L50, F|100/100\n|move|p1a: Aerodactyl|Rock Slide|p2a: Archaludon|[spread] p2a,p2b\n|-resisted|p2a: Archaludon|1\n|-supereffective|p2b: Pelipper|1\n|-damage|p2a: Archaludon|91/100\n|-damage|p2b: Pelipper|33/100\n|-ability|p2a: Archaludon|Stamina|boost\n|-boost|p2a: Archaludon|def|1\n|move|p2b: Pelipper|Hurricane|p1b: Rotom\n|-resisted|p1b: Rotom|1\n|-damage|p1b: Rotom|43/100\n|-enditem|p1b: Rotom|Sitrus Berry|[eat]\n|-heal|p1b: Rotom|68/100|[from] item: Sitrus Berry\n|move|p1b: Rotom|Will-O-Wisp|p2a: Archaludon\n|-status|p2a: Archaludon|brn\n|\n|-weather|RainDance|[upkeep]\n|-heal|p2a: Archaludon|97/100 brn|[from] item: Leftovers\n|-damage|p2a: Archaludon|91/100 brn|[from] brn\n|upkeep\n|turn|3\n|\n|t:|1776118584\n|move|p2b: Pelipper|Wide Guard|p2b: Pelipper\n|-singleturn|p2b: Pelipper|Wide Guard\n|move|p1a: Aerodactyl|Tailwind|p1a: Aerodactyl\n|-sidestart|p1: cloudyskyloftymoon|move: Tailwind\n|move|p1b: Rotom|Thunderbolt|p2b: Pelipper\n|-supereffective|p2b: Pelipper|2\n|-damage|p2b: Pelipper|0 fnt\n|faint|p2b: Pelipper\n|move|p2a: Archaludon|Electro Shot||[still]\n|-prepare|p2a: Archaludon|Electro Shot\n|-boost|p2a: Archaludon|spa|1\n|-anim|p2a: Archaludon|Electro Shot|p1b: Rotom\n|-damage|p1b: Rotom|7/100\n|\n|-weather|RainDance|[upkeep]\n|-heal|p2a: Archaludon|97/100 brn|[from] item: Leftovers\n|-damage|p2a: Archaludon|91/100 brn|[from] brn\n|upkeep\n|\n|t:|1776118605\n|switch|p2b: Greninja|Greninja, L50, M|100/100\n|turn|4\n|\n|t:|1776118618\n|detailschange|p2b: Greninja|Greninja-Mega, L50, M\n|-mega|p2b: Greninja|Greninja|Greninjite\n|move|p1a: Aerodactyl|Rock Slide|p2a: Archaludon|[spread] p2a,p2b\n|-resisted|p2a: Archaludon|1\n|-damage|p2a: Archaludon|85/100 brn\n|-damage|p2b: Greninja|64/100\n|-ability|p2a: Archaludon|Stamina|boost\n|-boost|p2a: Archaludon|def|1\n|move|p1b: Rotom|Hydro Pump|p2a: Archaludon\n|-resisted|p2a: Archaludon|1\n|-damage|p2a: Archaludon|53/100 brn\n|-ability|p2a: Archaludon|Stamina|boost\n|-boost|p2a: Archaludon|def|1\n|move|p2b: Greninja|Sludge Wave|p1a: Aerodactyl|[spread] p1a,p1b\n|-start|p2b: Greninja|typechange|Poison|[from] ability: Protean\n|-immune|p2a: Archaludon\n|-resisted|p1a: Aerodactyl|1\n|-damage|p1a: Aerodactyl|74/100\n|-damage|p1b: Rotom|0 fnt\n|faint|p1b: Rotom\n|move|p2a: Archaludon|Flash Cannon|p1a: Aerodactyl\n|-supereffective|p1a: Aerodactyl|1\n|-damage|p1a: Aerodactyl|0 fnt\n|faint|p1a: Aerodactyl\n|\n|-weather|RainDance|[upkeep]\n|-heal|p2a: Archaludon|59/100 brn|[from] item: Leftovers\n|-damage|p2a: Archaludon|53/100 brn|[from] brn\n|upkeep\n|\n|t:|1776118641\n|switch|p1a: Kingambit|Kingambit, L50, F|100/100\n|switch|p1b: Meganium|Meganium, L50, M|100/100\n|turn|5\n|\n|t:|1776118662\n|detailschange|p1b: Meganium|Meganium-Mega, L50, M\n|-mega|p1b: Meganium|Meganium|Meganiumite\n|move|p1a: Kingambit|Sucker Punch|p2b: Greninja\n|-damage|p2b: Greninja|0 fnt\n|faint|p2b: Greninja\n|move|p1b: Meganium|Weather Ball|p2a: Archaludon\n|-damage|p2a: Archaludon|0 fnt\n|faint|p2a: Archaludon\n|\n|-weather|none\n|upkeep\n|\n|t:|1776118676\n|switch|p2b: Sneasler|Sneasler, L50, M|100/100\n|turn|6\n|\n|t:|1776118697\n|move|p1b: Meganium|Weather Ball|p2b: Sneasler\n|-damage|p2b: Sneasler|20/100\n|move|p2b: Sneasler|Close Combat|p1a: Kingambit\n|-supereffective|p1a: Kingambit|2\n|-damage|p1a: Kingambit|0 fnt\n|-unboost|p2b: Sneasler|def|1\n|-unboost|p2b: Sneasler|spd|1\n|faint|p1a: Kingambit\n|-enditem|p2b: Sneasler|White Herb\n|-clearnegativeboost|p2b: Sneasler|[silent]\n|\n|-sideend|p1: cloudyskyloftymoon|move: Tailwind\n|upkeep\n|turn|7\n|\n|t:|1776118716\n|move|p2b: Sneasler|Dire Claw|p1b: Meganium\n|-supereffective|p1b: Meganium|2\n|-damage|p1b: Meganium|0 fnt\n|faint|p1b: Meganium\n|\n|win|retromaster14\n|c|\u2606cloudyskyloftymoon|ggs\n|c|\u2606retromaster14|close\n|c|\u2606retromaster14|gg\n|l|\u2606cloudyskyloftymoon\n|player|p1|\n",
  "uploadtime": 1776118733,
  "views": 15,
  "formatid": "gen9championsvgc2026regma",
  "rating": null,
  "private": 0,
  "password": null
}