{
  "id": "gen9championsvgc2026regma-2581438014",
  "format": "[Gen 9 Champions] VGC 2026 Reg M-A",
  "players": [
    "CaptainKaiVGC",
    "portasola"
  ],
  "log": "|j|\u2606CaptainKaiVGC\n|j|\u2606portasola\n|t:|1776000400\n|gametype|doubles\n|player|p1|CaptainKaiVGC|169|1000\n|player|p2|portasola|265|1029\n|gen|9\n|tier|[Gen 9 Champions] VGC 2026 Reg M-A\n|rated|\n|rule|Species Clause: Limit one of each Pok\u00e9mon\n|rule|Item Clause: Limit 1 of each item\n|clearpoke\n|poke|p1|Arcanine, L50, F|\n|poke|p1|Rotom-Wash, L50|\n|poke|p1|Venusaur, L50, F|\n|poke|p1|Garchomp, L50, F|\n|poke|p1|Sneasler, L50, M|\n|poke|p1|Corviknight, L50, M|\n|poke|p2|Greninja-*, L50, M|\n|poke|p2|Archaludon, L50, F|\n|poke|p2|Ninetales-Alola, L50, F|\n|poke|p2|Whimsicott, L50, M|\n|poke|p2|Gengar, L50, M|\n|poke|p2|Incineroar, L50, F|\n|teampreview|4\n|inactive|Battle timer is ON: inactive players will automatically lose when time's up. (requested by CaptainKaiVGC)\n|inactive|CaptainKaiVGC has 60 seconds left.\n|\n|t:|1776000448\n|teamsize|p1|4\n|teamsize|p2|4\n|start\n|switch|p1a: Sneasler|Sneasler, L50, M|100/100\n|switch|p1b: Corviknight|Corviknight, L50, M|100/100\n|switch|p2a: Ninetales|Ninetales-Alola, L50, F|100/100\n|switch|p2b: Greninja|Greninja, L50, M|100/100\n|-ability|p1a: Sneasler|Pressure\n|-weather|Snowscape|[from] ability: Snow Warning|[of] p2a: Ninetales\n|turn|1\n|\n|t:|1776000467\n|move|p2b: Greninja|Protect|p2b: Greninja\n|-start|p2b: Greninja|typechange|Normal|[from] ability: Protean\n|-singleturn|p2b: Greninja|Protect\n|move|p1a: Sneasler|Fake Out|p2a: Ninetales\n|-damage|p2a: Ninetales|89/100\n|cant|p2a: Ninetales|flinch\n|move|p1b: Corviknight|Iron Head|p2a: Ninetales\n|-supereffective|p2a: Ninetales|2\n|-damage|p2a: Ninetales|0 fnt\n|faint|p2a: Ninetales\n|\n|-weather|Snowscape|[upkeep]\n|upkeep\n|\n|t:|1776000480\n|switch|p2a: Incineroar|Incineroar, L50, F|100/100\n|-ability|p2a: Incineroar|Intimidate|boost\n|-unboost|p1a: Sneasler|atk|1\n|-ability|p1b: Corviknight|Mirror Armor\n|-unboost|p2a: Incineroar|atk|1\n|turn|2\n|inactive|CaptainKaiVGC has 30 seconds left.\n|inactive|CaptainKaiVGC has 20 seconds left.\n|\n|t:|1776000519\n|switch|p2b: Whimsicott|Whimsicott, L50, M|100/100\n|move|p1a: Sneasler|Close Combat|p2b: Whimsicott\n|-resisted|p2b: Whimsicott|1\n|-damage|p2b: Whimsicott|79/100\n|-unboost|p1a: Sneasler|def|1\n|-unboost|p1a: Sneasler|spd|1\n|move|p1b: Corviknight|Tailwind|p1b: Corviknight\n|-sidestart|p1: CaptainKaiVGC|move: Tailwind\n|move|p2a: Incineroar|Flare Blitz|p1b: Corviknight\n|-supereffective|p1b: Corviknight|1\n|-damage|p1b: Corviknight|41/100\n|-damage|p2a: Incineroar|81/100|[from] Recoil\n|\n|-weather|Snowscape|[upkeep]\n|-heal|p1b: Corviknight|47/100|[from] item: Leftovers\n|upkeep\n|turn|3\n|\n|t:|1776000542\n|switch|p1b: Garchomp|Garchomp, L50, F|100/100\n|move|p2b: Whimsicott|Tailwind|p2b: Whimsicott\n|-sidestart|p2: portasola|move: Tailwind\n|move|p1a: Sneasler|Coaching|p1b: Garchomp\n|-boost|p1b: Garchomp|atk|1\n|-boost|p1b: Garchomp|def|1\n|move|p2a: Incineroar|Flare Blitz|p1b: Garchomp\n|-resisted|p1b: Garchomp|1\n|-damage|p1b: Garchomp|89/100\n|-status|p1b: Garchomp|brn\n|-damage|p2a: Incineroar|68/100|[from] ability: Rough Skin|[of] p1b: Garchomp\n|-damage|p2a: Incineroar|65/100|[from] Recoil\n|\n|-weather|Snowscape|[upkeep]\n|-damage|p1b: Garchomp|83/100 brn|[from] brn\n|upkeep\n|turn|4\n|\n|t:|1776000563\n|move|p2b: Whimsicott|Taunt|p1a: Sneasler\n|-start|p1a: Sneasler|move: Taunt\n|move|p1a: Sneasler|Dire Claw|p2b: Whimsicott\n|-supereffective|p2b: Whimsicott|2\n|-crit|p2b: Whimsicott\n|-damage|p2b: Whimsicott|0 fnt\n|faint|p2b: Whimsicott\n|move|p1b: Garchomp|Rock Slide|p2a: Incineroar\n|-supereffective|p2a: Incineroar|1\n|-damage|p2a: Incineroar|27/100\n|move|p2a: Incineroar|Flare Blitz|p1a: Sneasler\n|-damage|p1a: Sneasler|10/100\n|-damage|p2a: Incineroar|4/100|[from] Recoil\n|\n|-weather|Snowscape|[upkeep]\n|-damage|p1b: Garchomp|78/100 brn|[from] brn\n|upkeep\n|\n|t:|1776000578\n|switch|p2b: Greninja|Greninja, L50, M|100/100\n|turn|5\n|\n|t:|1776000592\n|detailschange|p2b: Greninja|Greninja-Mega, L50, M\n|-mega|p2b: Greninja|Greninja|Greninjite\n|move|p2b: Greninja|Blizzard|p1a: Sneasler|[spread] p1a,p1b\n|-start|p2b: Greninja|typechange|Ice|[from] ability: Protean\n|-supereffective|p1b: Garchomp|2\n|-damage|p1a: Sneasler|0 fnt\n|-damage|p1b: Garchomp|0 fnt\n|faint|p1a: Sneasler\n|faint|p1b: Garchomp\n|move|p2a: Incineroar|Parting Shot|p1: Sneasler|[notarget]\n|-fail|p2a: Incineroar\n|\n|-weather|none\n|-sideend|p1: CaptainKaiVGC|move: Tailwind\n|upkeep\n|\n|t:|1776000605\n|switch|p1a: Venusaur|Venusaur, L50, F|100/100\n|switch|p1b: Corviknight|Corviknight, L50, M|47/100\n|turn|6\n|\n|t:|1776000619\n|move|p1a: Venusaur|Protect|p1a: Venusaur\n|-singleturn|p1a: Venusaur|Protect\n|move|p1b: Corviknight|Protect|p1b: Corviknight\n|-singleturn|p1b: Corviknight|Protect\n|move|p2b: Greninja|Blizzard|p1a: Venusaur|[spread] \n|-activate|p1a: Venusaur|move: Protect\n|-activate|p1b: Corviknight|move: Protect\n|move|p2a: Incineroar|Flare Blitz|p1b: Corviknight\n|-activate|p1b: Corviknight|move: Protect\n|\n|-heal|p1b: Corviknight|53/100|[from] item: Leftovers\n|-sideend|p2: portasola|move: Tailwind\n|upkeep\n|turn|7\n|inactive|CaptainKaiVGC has 30 seconds left.\n|\n|t:|1776000652\n|detailschange|p1a: Venusaur|Venusaur-Mega, L50, F\n|-mega|p1a: Venusaur|Venusaur|Venusaurite\n|move|p2b: Greninja|Blizzard|p1a: Venusaur|[spread] p1a,p1b\n|-supereffective|p1a: Venusaur|1\n|-damage|p1a: Venusaur|67/100\n|-damage|p1b: Corviknight|16/100\n|move|p1a: Venusaur|Giga Drain|p2b: Greninja\n|-damage|p2b: Greninja|49/100\n|-heal|p1a: Venusaur|88/100|[from] drain|[of] p2b: Greninja\n|move|p1b: Corviknight|Iron Head|p2a: Incineroar\n|-resisted|p2a: Incineroar|1\n|-damage|p2a: Incineroar|0 fnt\n|faint|p2a: Incineroar\n|\n|-heal|p1b: Corviknight|22/100|[from] item: Leftovers\n|upkeep\n|turn|8\n|\n|t:|1776000672\n|move|p1b: Corviknight|Protect|p1b: Corviknight\n|-singleturn|p1b: Corviknight|Protect\n|move|p2b: Greninja|Blizzard|p1b: Corviknight|[spread] p1a\n|-activate|p1b: Corviknight|move: Protect\n|-supereffective|p1a: Venusaur|1\n|-damage|p1a: Venusaur|52/100\n|move|p1a: Venusaur|Giga Drain|p2b: Greninja\n|-crit|p2b: Greninja\n|-damage|p2b: Greninja|0 fnt\n|-heal|p1a: Venusaur|72/100|[from] drain|[of] p2b: Greninja\n|faint|p2b: Greninja\n|\n|win|CaptainKaiVGC\n|raw|CaptainKaiVGC's rating: 1000 &rarr; <strong>1043</strong><br />(+43 for winning)\n|raw|portasola's rating: 1029 &rarr; <strong>1013</strong><br />(-16 for losing)\n|l|\u2606portasola\n|player|p2|\n",
  "uploadtime": 1776000689,
  "views": 12,
  "formatid": "gen9championsvgc2026regma",
  "rating": 1013,
  "private": 0,
  "password": null
}