{
  "id": "gen9championsvgc2026regma-2587031978",
  "format": "[Gen 9 Champions] VGC 2026 Reg M-A",
  "players": [
    "PanadolGoblin",
    "owningace4"
  ],
  "log": "|j|\u2606PanadolGoblin\n|j|\u2606owningace4\n|t:|1776483244\n|gametype|doubles\n|player|p1|PanadolGoblin|101|1083\n|player|p2|owningace4|102|1121\n|gen|9\n|tier|[Gen 9 Champions] VGC 2026 Reg M-A\n|rated|\n|rule|Species Clause: Limit one of each Pok\u00e9mon\n|rule|Item Clause: Limit 1 of each item\n|clearpoke\n|poke|p1|Froslass, L50, F|\n|poke|p1|Milotic, L50, M|\n|poke|p1|Garchomp, L50, M|\n|poke|p1|Whimsicott, L50, F|\n|poke|p1|Rotom-Frost, L50|\n|poke|p1|Corviknight, L50, M|\n|poke|p2|Lucario, L50, F|\n|poke|p2|Whimsicott, L50, M|\n|poke|p2|Delphox, L50, F|\n|poke|p2|Sneasler, L50, F|\n|poke|p2|Mamoswine, L50, F|\n|poke|p2|Basculegion, L50, M|\n|teampreview|4\n|inactive|Battle timer is ON: inactive players will automatically lose when time's up. (requested by owningace4)\n|\n|t:|1776483276\n|teamsize|p1|4\n|teamsize|p2|4\n|start\n|switch|p1a: Whimsicott|Whimsicott, L50, F|100/100\n|switch|p1b: Garchomp|Garchomp, L50, M|100/100\n|switch|p2a: Lucario|Lucario, L50, F|100/100\n|switch|p2b: Whimsicott|Whimsicott, L50, M, shiny|100/100\n|turn|1\n|\n|t:|1776483294\n|detailschange|p2a: Lucario|Lucario-Mega, L50, F\n|-mega|p2a: Lucario|Lucario|Lucarionite\n|move|p1a: Whimsicott|Tailwind|p1a: Whimsicott\n|-sidestart|p1: PanadolGoblin|move: Tailwind\n|move|p2b: Whimsicott|Tailwind|p2b: Whimsicott\n|-sidestart|p2: owningace4|move: Tailwind\n|move|p1b: Garchomp|Earthquake|p2a: Lucario|[spread] p1a,p2a,p2b\n|-resisted|p1a: Whimsicott|1\n|-supereffective|p2a: Lucario|1\n|-resisted|p2b: Whimsicott|1\n|-damage|p1a: Whimsicott|75/100\n|-damage|p2a: Lucario|0 fnt\n|-damage|p2b: Whimsicott|77/100\n|faint|p2a: Lucario\n|\n|upkeep\n|\n|t:|1776483317\n|switch|p2a: Mamoswine|Mamoswine, L50, F|100/100\n|turn|2\n|\n|t:|1776483324\n|switch|p2b: Delphox|Delphox, L50, F|100/100\n|move|p1a: Whimsicott|Helping Hand|p1b: Garchomp\n|-singleturn|p1b: Garchomp|Helping Hand|[of] p1a: Whimsicott\n|move|p2a: Mamoswine|Ice Shard|p1b: Garchomp\n|-supereffective|p1b: Garchomp|2\n|-damage|p1b: Garchomp|0 fnt\n|faint|p1b: Garchomp\n|\n|upkeep\n|\n|t:|1776483343\n|switch|p1b: Rotom|Rotom-Frost, L50|100/100\n|turn|3\n|\n|t:|1776483353\n|move|p1a: Whimsicott|Encore|p2a: Mamoswine\n|-start|p2a: Mamoswine|Encore\n|move|p2a: Mamoswine|Ice Shard|p1a: Whimsicott\n|-supereffective|p1a: Whimsicott|1\n|-damage|p1a: Whimsicott|3/100\n|move|p2b: Delphox|Substitute|p2b: Delphox\n|-start|p2b: Delphox|Substitute\n|-damage|p2b: Delphox|76/100\n|move|p1b: Rotom|Light Screen|p1b: Rotom\n|-sidestart|p1: PanadolGoblin|move: Light Screen\n|\n|upkeep\n|turn|4\n|\n|t:|1776483365\n|move|p1a: Whimsicott|Encore|p2b: Delphox\n|-start|p2b: Delphox|Encore\n|move|p2a: Mamoswine|Ice Shard|p1a: Whimsicott\n|-supereffective|p1a: Whimsicott|1\n|-damage|p1a: Whimsicott|0 fnt\n|faint|p1a: Whimsicott\n|move|p2b: Delphox|Substitute|p2b: Delphox\n|-fail|p2b: Delphox|move: Substitute\n|move|p1b: Rotom|Reflect|p1b: Rotom\n|-sidestart|p1: PanadolGoblin|Reflect\n|\n|-sideend|p1: PanadolGoblin|move: Tailwind\n|-sideend|p2: owningace4|move: Tailwind\n|upkeep\n|\n|t:|1776483371\n|switch|p1a: Froslass|Froslass, L50, F|100/100\n|turn|5\n|\n|t:|1776483385\n|switch|p2a: Whimsicott|Whimsicott, L50, M, shiny|77/100\n|detailschange|p1a: Froslass|Froslass-Mega, L50, F\n|-mega|p1a: Froslass|Froslass|Froslassite\n|-weather|Snowscape|[from] ability: Snow Warning|[of] p1a: Froslass\n|move|p1a: Froslass|Shadow Ball|p2b: Delphox\n|-supereffective|p2b: Delphox|1\n|-end|p2b: Delphox|Substitute\n|move|p2b: Delphox|Substitute|p2b: Delphox\n|-start|p2b: Delphox|Substitute\n|-damage|p2b: Delphox|51/100\n|move|p1b: Rotom|Volt Switch|p2b: Delphox\n|-crit|p2b: Delphox\n|-end|p2b: Delphox|Substitute\n|\n|-weather|Snowscape|[upkeep]\n|upkeep\n|turn|6\n|inactive|PanadolGoblin has 30 seconds left.\n|inactive|PanadolGoblin has 20 seconds left.\n|\n|t:|1776483425\n|move|p2a: Whimsicott|Tailwind|p2a: Whimsicott\n|-sidestart|p2: owningace4|move: Tailwind\n|move|p2b: Delphox|Substitute|p2b: Delphox\n|-start|p2b: Delphox|Substitute\n|-damage|p2b: Delphox|26/100\n|move|p1a: Froslass|Blizzard|p2a: Whimsicott|[spread] p2a,p2b\n|-resisted|p2b: Delphox|1\n|-end|p2b: Delphox|Substitute\n|-supereffective|p2a: Whimsicott|1\n|-damage|p2a: Whimsicott|0 fnt\n|faint|p2a: Whimsicott\n|move|p1b: Rotom|Will-O-Wisp|p2b: Delphox\n|-immune|p2b: Delphox\n|\n|-weather|Snowscape|[upkeep]\n|-end|p2b: Delphox|Encore\n|upkeep\n|\n|t:|1776483438\n|switch|p2a: Mamoswine|Mamoswine, L50, F|100/100\n|turn|7\n|\n|t:|1776483459\n|move|p2b: Delphox|Protect|p2b: Delphox\n|-singleturn|p2b: Delphox|Protect\n|move|p2a: Mamoswine|High Horsepower|p1a: Froslass\n|-damage|p1a: Froslass|59/100\n|move|p1a: Froslass|Blizzard|p2a: Mamoswine|[spread] p2a\n|-activate|p2b: Delphox|move: Protect\n|-damage|p2a: Mamoswine|76/100\n|move|p1b: Rotom|Volt Switch|p2b: Delphox\n|-activate|p2b: Delphox|move: Protect\n|\n|-weather|Snowscape|[upkeep]\n|-sideend|p1: PanadolGoblin|move: Light Screen\n|upkeep\n|turn|8\n|\n|t:|1776483483\n|move|p2b: Delphox|Heat Wave|p1b: Rotom|[spread] p1a\n|-miss|p2b: Delphox|p1b: Rotom\n|-supereffective|p1a: Froslass|1\n|-damage|p1a: Froslass|0 fnt\n|faint|p1a: Froslass\n|move|p2a: Mamoswine|High Horsepower|p1b: Rotom\n|-immune|p1b: Rotom|[from] ability: Levitate\n|move|p1b: Rotom|Light Screen|p1b: Rotom\n|-sidestart|p1: PanadolGoblin|move: Light Screen\n|\n|-weather|Snowscape|[upkeep]\n|-sideend|p1: PanadolGoblin|Reflect\n|upkeep\n|turn|9\n|\n|t:|1776483497\n|move|p2b: Delphox|Substitute|p2b: Delphox\n|-start|p2b: Delphox|Substitute\n|-damage|p2b: Delphox|2/100\n|move|p2a: Mamoswine|Icicle Crash|p1b: Rotom\n|-resisted|p1b: Rotom|1\n|-damage|p1b: Rotom|82/100\n|cant|p1b: Rotom|flinch\n|\n|-weather|none\n|-sideend|p2: owningace4|move: Tailwind\n|upkeep\n|turn|10\n|\n|t:|1776483507\n|move|p2b: Delphox|Protect|p2b: Delphox\n|-singleturn|p2b: Delphox|Protect\n|move|p1b: Rotom|Will-O-Wisp|p2a: Mamoswine\n|-status|p2a: Mamoswine|brn\n|move|p2a: Mamoswine|Icicle Crash|p1b: Rotom\n|-resisted|p1b: Rotom|1\n|-damage|p1b: Rotom|67/100\n|\n|-damage|p2a: Mamoswine|70/100 brn|[from] brn\n|upkeep\n|turn|11\n|\n|t:|1776483518\n|move|p2b: Delphox|Heat Wave|p1b: Rotom|[miss]\n|-miss|p2b: Delphox|p1b: Rotom\n|move|p1b: Rotom|Volt Switch|p2b: Delphox\n|-end|p2b: Delphox|Substitute\n|move|p2a: Mamoswine|Icicle Crash|p1b: Rotom\n|-resisted|p1b: Rotom|1\n|-damage|p1b: Rotom|54/100\n|\n|-damage|p2a: Mamoswine|64/100 brn|[from] brn\n|upkeep\n|turn|12\n|\n|t:|1776483530\n|move|p2b: Delphox|Protect|p2b: Delphox\n|-singleturn|p2b: Delphox|Protect\n|move|p1b: Rotom|Volt Switch|p2b: Delphox\n|-activate|p2b: Delphox|move: Protect\n|move|p2a: Mamoswine|Icicle Crash|p1b: Rotom\n|-resisted|p1b: Rotom|1\n|-damage|p1b: Rotom|41/100\n|-enditem|p1b: Rotom|Sitrus Berry|[eat]\n|-heal|p1b: Rotom|66/100|[from] item: Sitrus Berry\n|\n|-damage|p2a: Mamoswine|58/100 brn|[from] brn\n|-sideend|p1: PanadolGoblin|move: Light Screen\n|upkeep\n|turn|13\n|\n|t:|1776483544\n|move|p2b: Delphox|Heat Wave|p1b: Rotom\n|-supereffective|p1b: Rotom|1\n|-damage|p1b: Rotom|0 fnt\n|faint|p1b: Rotom\n|\n|win|owningace4\n|raw|PanadolGoblin's rating: 1083 &rarr; <strong>1063</strong><br />(-20 for losing)\n|raw|owningace4's rating: 1121 &rarr; <strong>1143</strong><br />(+22 for winning)\n|l|\u2606PanadolGoblin\n|player|p1|\n",
  "uploadtime": 1776483553,
  "views": 24,
  "formatid": "gen9championsvgc2026regma",
  "rating": 1063,
  "private": 0,
  "password": null
}