{
  "id": "gen9championsvgc2026regma-2587453125",
  "format": "[Gen 9 Champions] VGC 2026 Reg M-A",
  "players": [
    "eppad",
    "ED_AMI<3"
  ],
  "log": "|j|\u2606eppad\n|j|\u2606ED_AMI<3\n|t:|1776533080\n|gametype|doubles\n|player|p1|eppad|169|1489\n|player|p2|ED_AMI<3|265|1467\n|gen|9\n|tier|[Gen 9 Champions] VGC 2026 Reg M-A\n|rated|\n|rule|Species Clause: Limit one of each Pok\u00e9mon\n|rule|Item Clause: Limit 1 of each item\n|clearpoke\n|poke|p1|Corviknight, L50, F|\n|poke|p1|Tyranitar, L50, F|\n|poke|p1|Farigiraf, L50, F|\n|poke|p1|Rotom-Wash, L50|\n|poke|p1|Incineroar, L50, M|\n|poke|p1|Gengar, L50, M|\n|poke|p2|Farigiraf, L50, M|\n|poke|p2|Froslass, L50, F|\n|poke|p2|Incineroar, L50, M|\n|poke|p2|Sneasler, L50, F|\n|poke|p2|Milotic, L50, F|\n|poke|p2|Rotom-Wash, L50|\n|teampreview|4\n|inactive|Battle timer is ON: inactive players will automatically lose when time's up. (requested by ED_AMI<3)\n|inactive|eppad has 60 seconds left.\n|inactive|ED_AMI<3 has 60 seconds left.\n|\n|t:|1776533128\n|teamsize|p1|4\n|teamsize|p2|4\n|start\n|switch|p1a: Gengar|Gengar, L50, M|100/100\n|switch|p1b: Rotom|Rotom-Wash, L50|100/100\n|switch|p2a: Milotic|Milotic, L50, F|100/100\n|switch|p2b: Rotom|Rotom-Wash, L50|100/100\n|turn|1\n|inactive|ED_AMI<3 has 30 seconds left.\n|inactive|ED_AMI<3 has 20 seconds left.\n|inactive|ED_AMI<3 has 15 seconds left.\n|inactive|ED_AMI<3 has 10 seconds left.\n|inactive|ED_AMI<3 has 5 seconds left.\n|\n|t:|1776533178\n|switch|p2a: Incineroar|Incineroar, L50, M|100/100\n|-ability|p2a: Incineroar|Intimidate|boost\n|-unboost|p1a: Gengar|atk|1\n|-unboost|p1b: Rotom|atk|1\n|detailschange|p1a: Gengar|Gengar-Mega, L50, M\n|-mega|p1a: Gengar|Gengar|Gengarite\n|move|p2b: Rotom|Electroweb|p1b: Rotom|[spread] p1a,p1b\n|-damage|p1a: Gengar|78/100\n|-damage|p1b: Rotom|78/100\n|-unboost|p1a: Gengar|spe|1\n|-unboost|p1b: Rotom|spe|1\n|move|p1b: Rotom|Trick|p2a: Incineroar\n|-activate|p1b: Rotom|move: Trick|[of] p2a: Incineroar\n|-item|p2a: Incineroar|Choice Scarf|[from] move: Trick\n|-item|p1b: Rotom|Sitrus Berry|[from] move: Trick\n|move|p1a: Gengar|Substitute|p1a: Gengar\n|-start|p1a: Gengar|Substitute\n|-damage|p1a: Gengar|53/100\n|\n|upkeep\n|turn|2\n|\n|t:|1776533198\n|move|p1a: Gengar|Protect|p1a: Gengar\n|-singleturn|p1a: Gengar|Protect\n|move|p2b: Rotom|Electroweb|p1a: Gengar|[spread] p1b\n|-activate|p1a: Gengar|move: Protect\n|-damage|p1b: Rotom|58/100\n|-unboost|p1b: Rotom|spe|1\n|move|p2a: Incineroar|Darkest Lariat|p1a: Gengar\n|-activate|p1a: Gengar|move: Protect\n|move|p1b: Rotom|Volt Switch|p2b: Rotom\n|-damage|p2b: Rotom|59/100\n|\n|t:|1776533214\n|switch|p1b: Tyranitar|Tyranitar, L50, F|100/100|[from] Volt Switch\n|-weather|Sandstorm|[from] ability: Sand Stream|[of] p1b: Tyranitar\n|\n|-weather|Sandstorm|[upkeep]\n|-damage|p2b: Rotom|53/100|[from] Sandstorm\n|-damage|p2a: Incineroar|95/100|[from] Sandstorm\n|-damage|p1a: Gengar|48/100|[from] Sandstorm\n|upkeep\n|turn|3\n|inactive|ED_AMI<3 has 30 seconds left.\n|inactive|ED_AMI<3 has 20 seconds left.\n|inactive|ED_AMI<3 has 15 seconds left.\n|inactive|ED_AMI<3 has 10 seconds left.\n|inactive|ED_AMI<3 has 5 seconds left.\n|\n|t:|1776533267\n|move|p2b: Rotom|Electroweb|p1a: Gengar|[spread] p1a,p1b\n|-activate|p1a: Gengar|move: Substitute|[damage]\n|-damage|p1b: Tyranitar|90/100\n|-unboost|p1b: Tyranitar|spe|1\n|move|p2a: Incineroar|Darkest Lariat|p1a: Gengar\n|-supereffective|p1a: Gengar|1\n|-end|p1a: Gengar|Substitute\n|move|p1a: Gengar|Sludge Bomb|p2b: Rotom\n|-damage|p2b: Rotom|0 fnt\n|faint|p2b: Rotom\n|move|p1b: Tyranitar|Rock Slide|p2a: Incineroar\n|-supereffective|p2a: Incineroar|1\n|-damage|p2a: Incineroar|4/100\n|\n|-weather|Sandstorm|[upkeep]\n|-damage|p2a: Incineroar|0 fnt|[from] Sandstorm\n|-damage|p1a: Gengar|42/100|[from] Sandstorm\n|faint|p2a: Incineroar\n|upkeep\n|\n|t:|1776533274\n|switch|p2b: Froslass|Froslass, L50, F|100/100\n|switch|p2a: Milotic|Milotic, L50, F|100/100\n|turn|4\n|\n|t:|1776533295\n|switch|p1b: Farigiraf|Farigiraf, L50, F|100/100\n|detailschange|p2b: Froslass|Froslass-Mega, L50, F\n|-mega|p2b: Froslass|Froslass|Froslassite\n|-weather|Snowscape|[from] ability: Snow Warning|[of] p2b: Froslass\n|move|p1a: Gengar|Protect|p1a: Gengar\n|-singleturn|p1a: Gengar|Protect\n|move|p2b: Froslass|Blizzard|p1b: Farigiraf|[spread] p1b\n|-activate|p1a: Gengar|move: Protect\n|-damage|p1b: Farigiraf|48/100\n|move|p2a: Milotic|Scald|p1b: Farigiraf\n|-damage|p1b: Farigiraf|15/100\n|-status|p1b: Farigiraf|brn\n|\n|-weather|Snowscape|[upkeep]\n|-damage|p1b: Farigiraf|9/100 brn|[from] brn\n|upkeep\n|turn|5\n|\n|t:|1776533318\n|switch|p1a: Tyranitar|Tyranitar, L50, F|90/100\n|-weather|Sandstorm|[from] ability: Sand Stream|[of] p1a: Tyranitar\n|move|p2b: Froslass|Blizzard|p1b: Farigiraf|[spread] p1a\n|-miss|p2b: Froslass|p1b: Farigiraf\n|-damage|p1a: Tyranitar|62/100\n|move|p2a: Milotic|Scald|p1a: Tyranitar\n|-supereffective|p1a: Tyranitar|1\n|-damage|p1a: Tyranitar|28/100\n|move|p1b: Farigiraf|Trick Room|p1b: Farigiraf\n|-fieldstart|move: Trick Room|[of] p1b: Farigiraf\n|\n|-weather|Sandstorm|[upkeep]\n|-damage|p1b: Farigiraf|4/100 brn|[from] Sandstorm\n|-damage|p2a: Milotic|94/100|[from] Sandstorm\n|-damage|p2b: Froslass|94/100|[from] Sandstorm\n|-heal|p2a: Milotic|100/100|[from] item: Leftovers\n|-damage|p1b: Farigiraf|0 fnt|[from] brn\n|faint|p1b: Farigiraf\n|upkeep\n|\n|t:|1776533332\n|switch|p1b: Rotom|Rotom-Wash, L50|58/100\n|turn|6\n|\n|t:|1776533345\n|move|p2b: Froslass|Protect|p2b: Froslass\n|-singleturn|p2b: Froslass|Protect\n|move|p1a: Tyranitar|Knock Off|p2b: Froslass\n|-activate|p2b: Froslass|move: Protect\n|move|p2a: Milotic|Scald|p1a: Tyranitar\n|-supereffective|p1a: Tyranitar|1\n|-damage|p1a: Tyranitar|0 fnt\n|faint|p1a: Tyranitar\n|move|p1b: Rotom|Thunderbolt|p2a: Milotic\n|-supereffective|p2a: Milotic|1\n|-damage|p2a: Milotic|34/100\n|-status|p2a: Milotic|par\n|\n|-weather|Sandstorm|[upkeep]\n|-damage|p2a: Milotic|28/100 par|[from] Sandstorm\n|-damage|p1b: Rotom|52/100|[from] Sandstorm\n|-damage|p2b: Froslass|88/100|[from] Sandstorm\n|-heal|p2a: Milotic|34/100 par|[from] item: Leftovers\n|upkeep\n|\n|t:|1776533356\n|switch|p1a: Gengar|Gengar-Mega, L50, M|42/100\n|turn|7\n|\n|t:|1776533367\n|move|p1a: Gengar|Protect|p1a: Gengar\n|-singleturn|p1a: Gengar|Protect\n|move|p2a: Milotic|Recover|p2a: Milotic\n|-heal|p2a: Milotic|84/100 par\n|move|p1b: Rotom|Thunderbolt|p2a: Milotic\n|-supereffective|p2a: Milotic|1\n|-damage|p2a: Milotic|12/100 par\n|move|p2b: Froslass|Shadow Ball|p1a: Gengar\n|-activate|p1a: Gengar|move: Protect\n|\n|-weather|Sandstorm|[upkeep]\n|-damage|p2a: Milotic|6/100 par|[from] Sandstorm\n|-damage|p1b: Rotom|46/100|[from] Sandstorm\n|-damage|p1a: Gengar|36/100|[from] Sandstorm\n|-damage|p2b: Froslass|82/100|[from] Sandstorm\n|-enditem|p1b: Rotom|Sitrus Berry|[eat]\n|-heal|p1b: Rotom|71/100|[from] item: Sitrus Berry\n|-heal|p2a: Milotic|12/100 par|[from] item: Leftovers\n|upkeep\n|turn|8\n|inactive|eppad has 30 seconds left.\n|\n|t:|1776533399\n|cant|p2a: Milotic|par\n|move|p1b: Rotom|Hydro Pump|p2b: Froslass\n|-damage|p2b: Froslass|13/100\n|move|p1a: Gengar|Sludge Bomb|p2a: Milotic\n|-damage|p2a: Milotic|0 fnt\n|faint|p2a: Milotic\n|move|p2b: Froslass|Shadow Ball|p1a: Gengar\n|-supereffective|p1a: Gengar|1\n|-damage|p1a: Gengar|0 fnt\n|faint|p1a: Gengar\n|\n|-weather|Sandstorm|[upkeep]\n|-damage|p1b: Rotom|65/100|[from] Sandstorm\n|-damage|p2b: Froslass|7/100|[from] Sandstorm\n|upkeep\n|turn|9\n|\n|t:|1776533423\n|move|p2b: Froslass|Protect|p2b: Froslass\n|-singleturn|p2b: Froslass|Protect\n|move|p1b: Rotom|Thunderbolt|p2b: Froslass\n|-activate|p2b: Froslass|move: Protect\n|\n|-weather|none\n|-fieldend|move: Trick Room\n|upkeep\n|turn|10\n|\n|t:|1776533435\n|move|p2b: Froslass|Shadow Ball|p1b: Rotom\n|-damage|p1b: Rotom|8/100\n|move|p1b: Rotom|Thunderbolt|p2b: Froslass\n|-damage|p2b: Froslass|0 fnt\n|faint|p2b: Froslass\n|\n|win|eppad\n|raw|eppad's rating: 1489 &rarr; <strong>1508</strong><br />(+19 for winning)\n|raw|ED_AMI&lt;3's rating: 1467 &rarr; <strong>1448</strong><br />(-19 for losing)\n|l|\u2606ED_AMI<3\n|player|p2|\n|l|\u2606eppad\n|player|p1|\n",
  "uploadtime": 1776534294,
  "views": 24,
  "formatid": "gen9championsvgc2026regma",
  "rating": 1448,
  "private": 0,
  "password": null
}