{
  "id": "gen9championsvgc2026regma-2588211274",
  "format": "[Gen 9 Champions] VGC 2026 Reg M-A",
  "players": [
    "colacheto",
    "A5h3r"
  ],
  "log": "|j|\u2606colacheto\n|j|\u2606A5h3r\n|t:|1776614773\n|gametype|doubles\n|player|p1|colacheto|169|1324\n|player|p2|A5h3r|alder|1245\n|gen|9\n|tier|[Gen 9 Champions] VGC 2026 Reg M-A\n|rated|\n|rule|Species Clause: Limit one of each Pok\u00e9mon\n|rule|Item Clause: Limit 1 of each item\n|clearpoke\n|poke|p1|Gengar, L50, M, shiny|\n|poke|p1|Rotom-Wash, L50, shiny|\n|poke|p1|Kingambit, L50, M|\n|poke|p1|Incineroar, L50, M|\n|poke|p1|Sinistcha, L50|\n|poke|p1|Kommo-o, L50, M|\n|poke|p2|Chandelure, L50, F, shiny|\n|poke|p2|Torkoal, L50, F|\n|poke|p2|Primarina, L50, F|\n|poke|p2|Kingambit, L50, M|\n|poke|p2|Whimsicott, L50, F|\n|poke|p2|Maushold-Four, L50|\n|teampreview|4\n|c|\u2606A5h3r|glhf\n|inactive|Battle timer is ON: inactive players will automatically lose when time's up. (requested by colacheto)\n|\n|t:|1776614814\n|teamsize|p1|4\n|teamsize|p2|4\n|start\n|switch|p1a: Shenglong|Kommo-o, L50, M|100/100\n|switch|p1b: Rotom|Rotom-Wash, L50, shiny|100/100\n|switch|p2a: Chandelure|Chandelure, L50, F, shiny|100/100\n|switch|p2b: Kingambit|Kingambit, L50, M|100/100\n|turn|1\n|\n|t:|1776614837\n|switch|p2b: Torkoal|Torkoal, L50, F|100/100\n|-weather|SunnyDay|[from] ability: Drought|[of] p2b: Torkoal\n|detailschange|p2a: Chandelure|Chandelure-Mega, L50, F, shiny\n|-mega|p2a: Chandelure|Chandelure|Chandelurite\n|move|p1a: Shenglong|Aura Sphere|p2b: Torkoal\n|-damage|p2b: Torkoal|50/100\n|move|p1b: Rotom|Hydro Pump|p2a: Chandelure\n|-supereffective|p2a: Chandelure|1\n|-damage|p2a: Chandelure|65/100\n|move|p2a: Chandelure|Trick Room|p2a: Chandelure\n|-fieldstart|move: Trick Room|[of] p2a: Chandelure\n|\n|-weather|SunnyDay|[upkeep]\n|upkeep\n|turn|2\n|inactive|colacheto has 30 seconds left.\n|inactive|A5h3r has 30 seconds left.\n|inactive|colacheto has 20 seconds left.\n|\n|t:|1776614873\n|switch|p2a: Primarina|Primarina, L50, F|100/100\n|move|p1a: Shenglong|Protect|p1a: Shenglong\n|-singleturn|p1a: Shenglong|Protect\n|move|p2b: Torkoal|Solar Beam||[still]\n|-prepare|p2b: Torkoal|Solar Beam\n|-anim|p2b: Torkoal|Solar Beam|p1b: Rotom\n|-supereffective|p1b: Rotom|1\n|-damage|p1b: Rotom|30/100\n|move|p1b: Rotom|Hydro Pump|p2b: Torkoal\n|-supereffective|p2b: Torkoal|1\n|-damage|p2b: Torkoal|0 fnt\n|faint|p2b: Torkoal\n|\n|-weather|SunnyDay|[upkeep]\n|upkeep\n|\n|t:|1776614891\n|switch|p2b: Chandelure|Chandelure-Mega, L50, F, shiny|65/100\n|turn|3\n|\n|t:|1776614908\n|switch|p1a: Sinistcha|Sinistcha, L50|100/100\n|-heal|p1b: Rotom|55/100|[from] ability: Hospitality|[of] p1a: Sinistcha\n|move|p1b: Rotom|Protect|p1b: Rotom\n|-singleturn|p1b: Rotom|Protect\n|move|p2a: Primarina|Moonblast|p1a: Sinistcha\n|-damage|p1a: Sinistcha|53/100\n|move|p2b: Chandelure|Shadow Ball|p1b: Rotom\n|-activate|p1b: Rotom|move: Protect\n|\n|-weather|SunnyDay|[upkeep]\n|upkeep\n|turn|4\n|inactive|A5h3r has 30 seconds left.\n|\n|t:|1776614941\n|move|p1a: Sinistcha|Protect|p1a: Sinistcha\n|-singleturn|p1a: Sinistcha|Protect\n|move|p2a: Primarina|Moonblast|p1b: Rotom\n|-damage|p1b: Rotom|4/100\n|move|p1b: Rotom|Thunderbolt|p2a: Primarina\n|-supereffective|p2a: Primarina|1\n|-damage|p2a: Primarina|42/100\n|move|p2b: Chandelure|Heat Wave|p1a: Sinistcha|[spread] p1b\n|-activate|p1a: Sinistcha|move: Protect\n|-resisted|p1b: Rotom|1\n|-damage|p1b: Rotom|0 fnt\n|faint|p1b: Rotom\n|\n|-weather|SunnyDay|[upkeep]\n|upkeep\n|\n|t:|1776614961\n|switch|p1b: Gengar|Gengar, L50, M, shiny|100/100\n|turn|5\n|\n|t:|1776614981\n|detailschange|p1b: Gengar|Gengar-Mega, L50, M, shiny\n|-mega|p1b: Gengar|Gengar|Gengarite\n|move|p1b: Gengar|Protect|p1b: Gengar\n|-singleturn|p1b: Gengar|Protect\n|move|p2a: Primarina|Moonblast|p1a: Sinistcha\n|-damage|p1a: Sinistcha|2/100\n|-enditem|p1a: Sinistcha|Sitrus Berry|[eat]\n|-heal|p1a: Sinistcha|27/100|[from] item: Sitrus Berry\n|move|p1a: Sinistcha|Matcha Gotcha|p2a: Primarina|[spread] p2a,p2b\n|-supereffective|p2a: Primarina|1\n|-resisted|p2b: Chandelure|1\n|-damage|p2a: Primarina|0 fnt\n|-heal|p1a: Sinistcha|49/100|[from] drain|[of] p2a: Primarina\n|-damage|p2b: Chandelure|53/100\n|-heal|p1a: Sinistcha|54/100|[from] drain|[of] p2b: Chandelure\n|faint|p2a: Primarina\n|move|p2b: Chandelure|Heat Wave|p1b: Gengar|[spread] p1a\n|-activate|p1b: Gengar|move: Protect\n|-supereffective|p1a: Sinistcha|1\n|-damage|p1a: Sinistcha|0 fnt\n|faint|p1a: Sinistcha\n|\n|-weather|none\n|-fieldend|move: Trick Room\n|upkeep\n|\n|t:|1776615000\n|switch|p1a: Shenglong|Kommo-o, L50, M|100/100\n|switch|p2a: Kingambit|Kingambit, L50, M|100/100\n|turn|6\n|\n|t:|1776615016\n|move|p2a: Kingambit|Sucker Punch|p1b: Gengar\n|-supereffective|p1b: Gengar|1\n|-damage|p1b: Gengar|0 fnt\n|faint|p1b: Gengar\n|move|p1a: Shenglong|Aura Sphere|p2a: Kingambit\n|-supereffective|p2a: Kingambit|2\n|-damage|p2a: Kingambit|0 fnt\n|faint|p2a: Kingambit\n|move|p2b: Chandelure|Shadow Ball|p1a: Shenglong\n|-immune|p1a: Shenglong|[from] ability: Bulletproof\n|\n|upkeep\n|turn|7\n|inactive|A5h3r has 30 seconds left.\n|\n|t:|1776615045\n|move|p1a: Shenglong|Clanging Scales|p2b: Chandelure\n|-damage|p2b: Chandelure|5/100\n|-unboost|p1a: Shenglong|def|1\n|move|p2b: Chandelure|Heat Wave|p1a: Shenglong\n|-resisted|p1a: Shenglong|1\n|-damage|p1a: Shenglong|68/100\n|\n|-heal|p1a: Shenglong|74/100|[from] item: Leftovers\n|upkeep\n|turn|8\n|c|\u2606A5h3r|lowk never seen bulletproof in doubles lol\n|c|\u2606A5h3r|ggwp\n|inactive|A5h3r has 30 seconds left.\n|\n|t:|1776615073\n|move|p2b: Chandelure|Protect|p2b: Chandelure\n|-singleturn|p2b: Chandelure|Protect\n|move|p1a: Shenglong|Clanging Scales|p2b: Chandelure\n|-activate|p2b: Chandelure|move: Protect\n|\n|-heal|p1a: Shenglong|80/100|[from] item: Leftovers\n|upkeep\n|turn|9\n|\n|t:|1776615083\n|move|p1a: Shenglong|Clanging Scales|p2b: Chandelure\n|-damage|p2b: Chandelure|0 fnt\n|faint|p2b: Chandelure\n|\n|win|colacheto\n|raw|colacheto's rating: 1324 &rarr; <strong>1340</strong><br />(+16 for winning)\n|raw|A5h3r's rating: 1245 &rarr; <strong>1226</strong><br />(-19 for losing)\n",
  "uploadtime": 1776615106,
  "views": 11,
  "formatid": "gen9championsvgc2026regma",
  "rating": 1226,
  "private": 0,
  "password": null
}