{
  "id": "gen9championsvgc2026regma-2587263833",
  "format": "[Gen 9 Champions] VGC 2026 Reg M-A",
  "players": [
    "sootam",
    "limejuice007"
  ],
  "log": "|j|\u2606sootam\n|j|\u2606limejuice007\n|t:|1776515976\n|gametype|doubles\n|player|p1|sootam|101|1095\n|player|p2|limejuice007|li|1041\n|gen|9\n|tier|[Gen 9 Champions] VGC 2026 Reg M-A\n|rated|\n|rule|Species Clause: Limit one of each Pok\u00e9mon\n|rule|Item Clause: Limit 1 of each item\n|clearpoke\n|poke|p1|Incineroar, L50, F|\n|poke|p1|Lucario, L50, F|\n|poke|p1|Whimsicott, L50, M|\n|poke|p1|Ampharos, L50, F|\n|poke|p1|Corviknight, L50, F|\n|poke|p1|Primarina, L50, M|\n|poke|p2|Meganium, L50, M|\n|poke|p2|Archaludon, L50, M|\n|poke|p2|Aerodactyl, L50, M|\n|poke|p2|Typhlosion-Hisui, L50, M|\n|poke|p2|Tauros-Paldea-Aqua, L50, M|\n|poke|p2|Kangaskhan, L50, F|\n|teampreview|4\n|\n|t:|1776516028\n|teamsize|p1|4\n|teamsize|p2|4\n|start\n|switch|p1a: Incineroar|Incineroar, L50, F|100/100\n|switch|p1b: Whimsicott|Whimsicott, L50, M|100/100\n|switch|p2a: Kangaskhan|Kangaskhan, L50, F|100/100\n|switch|p2b: Tauros|Tauros-Paldea-Aqua, L50, M|100/100\n|-ability|p2b: Tauros|Intimidate|boost\n|-unboost|p1a: Incineroar|atk|1\n|-unboost|p1b: Whimsicott|atk|1\n|-ability|p1a: Incineroar|Intimidate|boost\n|-fail|p2a: Kangaskhan|unboost|Attack|[from] ability: Inner Focus|[of] p2a: Kangaskhan\n|-unboost|p2b: Tauros|atk|1\n|-enditem|p2b: Tauros|White Herb\n|-clearnegativeboost|p2b: Tauros|[silent]\n|turn|1\n|j| AidzPlayz\n|\n|t:|1776516070\n|switch|p2b: Typhlosion|Typhlosion-Hisui, L50, M|100/100\n|-item|p1a: Incineroar|Leftovers|[from] ability: Frisk|[of] p2b: Typhlosion\n|-item|p1b: Whimsicott|Focus Sash|[from] ability: Frisk|[of] p2b: Typhlosion\n|move|p1a: Incineroar|Protect|p1a: Incineroar\n|-singleturn|p1a: Incineroar|Protect\n|move|p2a: Kangaskhan|Fake Out|p1b: Whimsicott\n|-damage|p1b: Whimsicott|79/100\n|cant|p1b: Whimsicott|flinch\n|\n|upkeep\n|turn|2\n|\n|t:|1776516087\n|switch|p2a: Tauros|Tauros-Paldea-Aqua, L50, M|100/100\n|-ability|p2a: Tauros|Intimidate|boost\n|-unboost|p1a: Incineroar|atk|1\n|-unboost|p1b: Whimsicott|atk|1\n|move|p1b: Whimsicott|Tailwind|p1b: Whimsicott\n|-sidestart|p1: sootam|move: Tailwind\n|move|p2b: Typhlosion|Eruption|p1b: Whimsicott|[spread] p1a,p1b\n|-resisted|p1a: Incineroar|1\n|-supereffective|p1b: Whimsicott|1\n|-damage|p1a: Incineroar|71/100\n|-damage|p1b: Whimsicott|0 fnt\n|faint|p1b: Whimsicott\n|move|p1a: Incineroar|Close Combat|p2a: Tauros\n|-damage|p2a: Tauros|75/100\n|-unboost|p1a: Incineroar|def|1\n|-unboost|p1a: Incineroar|spd|1\n|\n|-heal|p1a: Incineroar|77/100|[from] item: Leftovers\n|upkeep\n|inactive|Battle timer is ON: inactive players will automatically lose when time's up. (requested by limejuice007)\n|\n|t:|1776516108\n|switch|p1b: Primarina|Primarina, L50, M|100/100\n|turn|3\n|\n|t:|1776516126\n|switch|p2b: Kangaskhan|Kangaskhan, L50, F|100/100\n|switch|p1a: Lucario|Lucario, L50, F|100/100\n|move|p2a: Tauros|Close Combat|p1a: Lucario\n|-supereffective|p1a: Lucario|1\n|-damage|p1a: Lucario|0 fnt\n|-unboost|p2a: Tauros|def|1\n|-unboost|p2a: Tauros|spd|1\n|faint|p1a: Lucario\n|move|p1b: Primarina|Hyper Voice|p2b: Kangaskhan|[spread] p2a,p2b\n|-resisted|p2a: Tauros|1\n|-damage|p2a: Tauros|30/100\n|-damage|p2b: Kangaskhan|54/100\n|\n|upkeep\n|\n|t:|1776516142\n|switch|p1a: Incineroar|Incineroar, L50, F|77/100\n|-ability|p1a: Incineroar|Intimidate|boost\n|-unboost|p2a: Tauros|atk|1\n|-fail|p2b: Kangaskhan|unboost|Attack|[from] ability: Inner Focus|[of] p2b: Kangaskhan\n|turn|4\n|inactive|limejuice007 has 30 seconds left.\n|\n|t:|1776516171\n|switch|p2b: Typhlosion|Typhlosion-Hisui, L50, M|100/100\n|-item|p1a: Incineroar|Leftovers|[from] ability: Frisk|[of] p2b: Typhlosion\n|-item|p1b: Primarina|Quick Claw|[from] ability: Frisk|[of] p2b: Typhlosion\n|move|p2a: Tauros|Protect|p2a: Tauros\n|-singleturn|p2a: Tauros|Protect\n|move|p1a: Incineroar|Fake Out|p2a: Tauros\n|-activate|p2a: Tauros|move: Protect\n|move|p1b: Primarina|Hyper Voice|p2b: Typhlosion|[spread] p2b\n|-activate|p2a: Tauros|move: Protect\n|-supereffective|p2b: Typhlosion|1\n|-damage|p2b: Typhlosion|0 fnt\n|faint|p2b: Typhlosion\n|\n|-heal|p1a: Incineroar|83/100|[from] item: Leftovers\n|upkeep\n|\n|t:|1776516196\n|switch|p2b: Meganium|Meganium, L50, M|100/100\n|turn|5\n|\n|t:|1776516208\n|move|p2b: Meganium|Protect|p2b: Meganium\n|-singleturn|p2b: Meganium|Protect\n|move|p2a: Tauros|Aqua Jet|p1a: Incineroar\n|-supereffective|p1a: Incineroar|1\n|-crit|p1a: Incineroar\n|-damage|p1a: Incineroar|29/100\n|move|p1a: Incineroar|Fire Punch|p2b: Meganium\n|-activate|p2b: Meganium|move: Protect\n|move|p1b: Primarina|Hyper Voice|p2b: Meganium|[spread] p2a\n|-activate|p2b: Meganium|move: Protect\n|-resisted|p2a: Tauros|1\n|-damage|p2a: Tauros|0 fnt\n|faint|p2a: Tauros\n|\n|-heal|p1a: Incineroar|35/100|[from] item: Leftovers\n|-sideend|p1: sootam|move: Tailwind\n|upkeep\n|\n|t:|1776516219\n|switch|p2a: Kangaskhan|Kangaskhan, L50, F|54/100\n|turn|6\n|j| TheAbry\n|inactive|sootam has 30 seconds left.\n|inactive|limejuice007 has 30 seconds left.\n|\n|t:|1776516245\n|detailschange|p2b: Meganium|Meganium-Mega, L50, M\n|-mega|p2b: Meganium|Meganium|Meganiumite\n|move|p1a: Incineroar|Protect|p1a: Incineroar\n|-singleturn|p1a: Incineroar|Protect\n|move|p2a: Kangaskhan|Fake Out|p1a: Incineroar\n|-activate|p1a: Incineroar|move: Protect\n|move|p2b: Meganium|Solar Beam||[still]\n|-prepare|p2b: Meganium|Solar Beam\n|-activate|p2b: Meganium|ability: Mega Sol\n|-anim|p2b: Meganium|Solar Beam|p1b: Primarina\n|-supereffective|p1b: Primarina|1\n|-damage|p1b: Primarina|0 fnt\n|faint|p1b: Primarina\n|\n|-heal|p1a: Incineroar|41/100|[from] item: Leftovers\n|upkeep\n|turn|7\n|\n|t:|1776516264\n|move|p2a: Kangaskhan|Low Kick|p1a: Incineroar\n|-supereffective|p1a: Incineroar|1\n|-crit|p1a: Incineroar\n|-damage|p1a: Incineroar|0 fnt\n|faint|p1a: Incineroar\n|\n|win|limejuice007\n|raw|sootam's rating: 1095 &rarr; <strong>1067</strong><br />(-28 for losing)\n|raw|limejuice007's rating: 1041 &rarr; <strong>1080</strong><br />(+39 for winning)\n",
  "uploadtime": 1776516264,
  "views": 13,
  "formatid": "gen9championsvgc2026regma",
  "rating": 1067,
  "private": 0,
  "password": null
}