{
  "id": "gen9championsvgc2026regma-2588216802",
  "format": "[Gen 9 Champions] VGC 2026 Reg M-A",
  "players": [
    "A5h3r",
    "CrunchNKA"
  ],
  "log": "|j|\u2606A5h3r\n|j|\u2606CrunchNKA\n|t:|1776615249\n|gametype|doubles\n|player|p1|A5h3r|alder|1226\n|player|p2|CrunchNKA|101|1269\n|gen|9\n|tier|[Gen 9 Champions] VGC 2026 Reg M-A\n|rated|\n|rule|Species Clause: Limit one of each Pok\u00e9mon\n|rule|Item Clause: Limit 1 of each item\n|clearpoke\n|poke|p1|Chandelure, L50, F, shiny|\n|poke|p1|Torkoal, L50, F|\n|poke|p1|Primarina, L50, M|\n|poke|p1|Kingambit, L50, M|\n|poke|p1|Whimsicott, L50, F|\n|poke|p1|Maushold-Four, L50|\n|poke|p2|Charizard, L50, M, shiny|\n|poke|p2|Sneasler, L50, M|\n|poke|p2|Whimsicott, L50, M, shiny|\n|poke|p2|Meowscarada, L50, F|\n|poke|p2|Garchomp, L50, M|\n|poke|p2|Kingambit, L50, F|\n|teampreview|4\n|inactive|Battle timer is ON: inactive players will automatically lose when time's up. (requested by CrunchNKA)\n|inactive|A5h3r has 60 seconds left.\n|\n|t:|1776615289\n|teamsize|p1|4\n|teamsize|p2|4\n|start\n|switch|p1a: Chandelure|Chandelure, L50, F, shiny|100/100\n|switch|p1b: Whimsicott|Whimsicott, L50, F|100/100\n|switch|p2a: Charizard|Charizard, L50, M, shiny|100/100\n|switch|p2b: Garchomp|Garchomp, L50, M|100/100\n|turn|1\n|\n|t:|1776615302\n|detailschange|p2a: Charizard|Charizard-Mega-Y, L50, M, shiny\n|-mega|p2a: Charizard|Charizard|Charizardite Y\n|-weather|SunnyDay|[from] ability: Drought|[of] p2a: Charizard\n|move|p1a: Chandelure|Protect|p1a: Chandelure\n|-singleturn|p1a: Chandelure|Protect\n|move|p1b: Whimsicott|Tailwind|p1b: Whimsicott\n|-sidestart|p1: A5h3r|move: Tailwind\n|move|p2b: Garchomp|Rock Slide|p1b: Whimsicott|[spread] \n|-activate|p1a: Chandelure|move: Protect\n|-miss|p2b: Garchomp|p1b: Whimsicott\n|move|p2a: Charizard|Heat Wave|p1b: Whimsicott|[spread] p1b\n|-activate|p1a: Chandelure|move: Protect\n|-supereffective|p1b: Whimsicott|1\n|-enditem|p1b: Whimsicott|Focus Sash\n|-damage|p1b: Whimsicott|1/100\n|\n|-weather|SunnyDay|[upkeep]\n|upkeep\n|turn|2\n|inactive|A5h3r has 30 seconds left.\n|inactive|A5h3r has 20 seconds left.\n|inactive|A5h3r has 15 seconds left.\n|inactive|A5h3r has 10 seconds left.\n|\n|t:|1776615351\n|detailschange|p1a: Chandelure|Chandelure-Mega, L50, F, shiny\n|-mega|p1a: Chandelure|Chandelure|Chandelurite\n|move|p1b: Whimsicott|Dazzling Gleam|p2b: Garchomp|[spread] p2a,p2b\n|-resisted|p2a: Charizard|1\n|-supereffective|p2b: Garchomp|1\n|-damage|p2a: Charizard|92/100\n|-damage|p2b: Garchomp|70/100\n|move|p1a: Chandelure|Heat Wave|p2a: Charizard|[spread] p2a,p2b\n|-resisted|p2a: Charizard|1\n|-resisted|p2b: Garchomp|1\n|-damage|p2a: Charizard|59/100\n|-damage|p2b: Garchomp|37/100\n|move|p2b: Garchomp|Rock Slide|p1b: Whimsicott|[spread] p1a,p1b\n|-supereffective|p1a: Chandelure|1\n|-damage|p1a: Chandelure|61/100\n|-damage|p1b: Whimsicott|0 fnt\n|faint|p1b: Whimsicott\n|move|p2a: Charizard|Dragon Pulse|p1a: Chandelure\n|-damage|p1a: Chandelure|23/100\n|\n|-weather|SunnyDay|[upkeep]\n|upkeep\n|\n|t:|1776615364\n|switch|p1b: Maushold|Maushold-Four, L50|100/100\n|turn|3\n|\n|t:|1776615379\n|move|p1b: Maushold|Population Bomb|p2a: Charizard\n|-damage|p2a: Charizard|50/100\n|-damage|p2a: Charizard|42/100\n|-damage|p2a: Charizard|34/100\n|-damage|p2a: Charizard|26/100\n|-crit|p2a: Charizard\n|-damage|p2a: Charizard|13/100\n|-hitcount|p2a: Charizard|5\n|move|p1a: Chandelure|Shadow Ball|p2b: Garchomp\n|-damage|p2b: Garchomp|0 fnt\n|faint|p2b: Garchomp\n|move|p2a: Charizard|Fire Blast|p1b: Maushold\n|-damage|p1b: Maushold|0 fnt\n|faint|p1b: Maushold\n|\n|-weather|SunnyDay|[upkeep]\n|upkeep\n|\n|t:|1776615394\n|switch|p1b: Primarina|Primarina, L50, M|100/100\n|switch|p2b: Sneasler|Sneasler, L50, M|100/100\n|turn|4\n|\n|t:|1776615403\n|move|p2b: Sneasler|Fake Out|p1b: Primarina\n|-damage|p1b: Primarina|81/100\n|move|p1a: Chandelure|Heat Wave|p2a: Charizard|[spread] p2a,p2b\n|-resisted|p2a: Charizard|1\n|-damage|p2a: Charizard|0 fnt\n|-damage|p2b: Sneasler|9/100\n|-status|p2b: Sneasler|brn\n|faint|p2a: Charizard\n|cant|p1b: Primarina|flinch\n|\n|-weather|SunnyDay|[upkeep]\n|-damage|p2b: Sneasler|3/100 brn|[from] brn\n|-sideend|p1: A5h3r|move: Tailwind\n|upkeep\n|\n|t:|1776615409\n|switch|p2a: Meowscarada|Meowscarada, L50, F|100/100\n|turn|5\n|\n|t:|1776615421\n|move|p2a: Meowscarada|Sucker Punch|p1a: Chandelure\n|-start|p2a: Meowscarada|typechange|Dark|[from] ability: Protean\n|-supereffective|p1a: Chandelure|1\n|-damage|p1a: Chandelure|0 fnt\n|faint|p1a: Chandelure\n|move|p2b: Sneasler|Dire Claw|p1b: Primarina\n|-supereffective|p1b: Primarina|1\n|-damage|p1b: Primarina|28/100\n|-status|p1b: Primarina|par\n|move|p1b: Primarina|Dazzling Gleam|p2a: Meowscarada|[spread] p2a,p2b\n|-supereffective|p2a: Meowscarada|1\n|-damage|p2a: Meowscarada|0 fnt\n|-damage|p2b: Sneasler|0 fnt\n|faint|p2a: Meowscarada\n|faint|p2b: Sneasler\n|\n|win|A5h3r\n|raw|A5h3r's rating: 1226 &rarr; <strong>1254</strong><br />(+28 for winning)\n|raw|CrunchNKA's rating: 1269 &rarr; <strong>1241</strong><br />(-28 for losing)\n|l|\u2606CrunchNKA\n|player|p2|\n",
  "uploadtime": 1776615446,
  "views": 18,
  "formatid": "gen9championsvgc2026regma",
  "rating": 1241,
  "private": 0,
  "password": null
}