{
  "id": "gen9championsvgc2026regma-2585826399",
  "format": "[Gen 9 Champions] VGC 2026 Reg M-A",
  "players": [
    "TheThingyPrime",
    "TMASD"
  ],
  "log": "|j|\u2606TheThingyPrime\n|j|\u2606TMASD\n|t:|1776373524\n|gametype|doubles\n|player|p1|TheThingyPrime|brycenman|1082\n|player|p2|TMASD|n|1120\n|gen|9\n|tier|[Gen 9 Champions] VGC 2026 Reg M-A\n|rated|\n|rule|Species Clause: Limit one of each Pok\u00e9mon\n|rule|Item Clause: Limit 1 of each item\n|clearpoke\n|poke|p1|Aggron, L50, M|\n|poke|p1|Pelipper, L50, F|\n|poke|p1|Incineroar, L50, F|\n|poke|p1|Sneasler, L50, F|\n|poke|p1|Sinistcha, L50|\n|poke|p1|Ceruledge, L50, M|\n|poke|p2|Incineroar, L50, F|\n|poke|p2|Sneasler, L50, F|\n|poke|p2|Pelipper, L50, M|\n|poke|p2|Archaludon, L50, F|\n|poke|p2|Meganium, L50, F|\n|poke|p2|Basculegion, L50, M|\n|teampreview|4\n|\n|t:|1776373562\n|teamsize|p1|4\n|teamsize|p2|4\n|start\n|switch|p1a: Aggron|Aggron, L50, M|100/100\n|switch|p1b: Sneasler|Sneasler, L50, F|100/100\n|switch|p2a: Pelipper|Pelipper, L50, M|100/100\n|switch|p2b: Basculegion|Basculegion, L50, M|100/100\n|-weather|RainDance|[from] ability: Drizzle|[of] p2a: Pelipper\n|turn|1\n|\n|t:|1776373593\n|detailschange|p1a: Aggron|Aggron-Mega, L50, M\n|-mega|p1a: Aggron|Aggron|Aggronite\n|move|p1b: Sneasler|Fake Out|p2a: Pelipper\n|-damage|p2a: Pelipper|83/100\n|move|p2b: Basculegion|Aqua Jet|p1a: Aggron\n|-damage|p1a: Aggron|83/100\n|cant|p2a: Pelipper|flinch\n|move|p1a: Aggron|Iron Defense|p1a: Aggron\n|-boost|p1a: Aggron|def|2\n|\n|-weather|RainDance|[upkeep]\n|upkeep\n|turn|2\n|\n|t:|1776373640\n|move|p2b: Basculegion|Aqua Jet|p1b: Sneasler\n|-damage|p1b: Sneasler|36/100\n|move|p1b: Sneasler|Dire Claw|p2b: Basculegion\n|-resisted|p2b: Basculegion|1\n|-damage|p2b: Basculegion|75/100\n|move|p2a: Pelipper|Hurricane|p1b: Sneasler\n|-supereffective|p1b: Sneasler|1\n|-damage|p1b: Sneasler|0 fnt\n|faint|p1b: Sneasler\n|move|p1a: Aggron|Iron Defense|p1a: Aggron\n|-boost|p1a: Aggron|def|2\n|\n|-weather|RainDance|[upkeep]\n|upkeep\n|\n|t:|1776373661\n|switch|p1b: Ceruledge|Ceruledge, L50, M|100/100\n|turn|3\n|\n|t:|1776373698\n|move|p2b: Basculegion|Last Respects|p1b: Ceruledge\n|-supereffective|p1b: Ceruledge|1\n|-damage|p1b: Ceruledge|24/100\n|move|p1b: Ceruledge|Poltergeist|p2b: Basculegion\n|-activate|p2b: Basculegion|move: Poltergeist|Mystic Water\n|-supereffective|p2b: Basculegion|1\n|-crit|p2b: Basculegion\n|-damage|p2b: Basculegion|0 fnt\n|faint|p2b: Basculegion\n|move|p2a: Pelipper|Tailwind|p2a: Pelipper\n|-sidestart|p2: TMASD|move: Tailwind\n|move|p1a: Aggron|Iron Defense|p1a: Aggron\n|-boost|p1a: Aggron|def|2\n|\n|-weather|RainDance|[upkeep]\n|upkeep\n|\n|t:|1776373722\n|switch|p2b: Meganium|Meganium, L50, F|100/100\n|turn|4\n|\n|t:|1776373776\n|detailschange|p2b: Meganium|Meganium-Mega, L50, F\n|-mega|p2b: Meganium|Meganium|Meganiumite\n|move|p2a: Pelipper|Weather Ball|p1b: Ceruledge\n|-supereffective|p1b: Ceruledge|1\n|-damage|p1b: Ceruledge|0 fnt\n|faint|p1b: Ceruledge\n|move|p2b: Meganium|Weather Ball|p1a: Aggron\n|-supereffective|p1a: Aggron|1\n|-damage|p1a: Aggron|3/100\n|move|p1a: Aggron|Body Press|p2b: Meganium\n|-resisted|p2b: Meganium|1\n|-damage|p2b: Meganium|33/100\n|\n|-weather|RainDance|[upkeep]\n|upkeep\n|\n|t:|1776373788\n|switch|p1b: Sinistcha|Sinistcha, L50|100/100\n|-heal|p1a: Aggron|28/100|[from] ability: Hospitality|[of] p1b: Sinistcha\n|turn|5\n|\n|t:|1776373828\n|move|p1a: Aggron|Protect|p1a: Aggron\n|-singleturn|p1a: Aggron|Protect\n|move|p2a: Pelipper|Hurricane|p1b: Sinistcha\n|-supereffective|p1b: Sinistcha|1\n|-damage|p1b: Sinistcha|19/100\n|move|p2b: Meganium|Weather Ball|p1a: Aggron\n|-activate|p1a: Aggron|move: Protect\n|move|p1b: Sinistcha|Trick Room|p1b: Sinistcha\n|-fieldstart|move: Trick Room|[of] p1b: Sinistcha\n|\n|-weather|none\n|upkeep\n|turn|6\n|\n|t:|1776373852\n|move|p2a: Pelipper|Wide Guard|p2a: Pelipper\n|-singleturn|p2a: Pelipper|Wide Guard\n|move|p1a: Aggron|Body Press|p2b: Meganium\n|-resisted|p2b: Meganium|1\n|-damage|p2b: Meganium|0 fnt\n|faint|p2b: Meganium\n|move|p1b: Sinistcha|Life Dew|p1b: Sinistcha|[spread] p1a,p1b\n|-heal|p1a: Aggron|52/100\n|-heal|p1b: Sinistcha|44/100\n|\n|-sideend|p2: TMASD|move: Tailwind\n|upkeep\n|\n|t:|1776373864\n|switch|p2b: Archaludon|Archaludon, L50, F|100/100\n|turn|7\n|\n|t:|1776373881\n|move|p1a: Aggron|Body Press|p2b: Archaludon\n|-supereffective|p2b: Archaludon|1\n|-damage|p2b: Archaludon|0 fnt\n|faint|p2b: Archaludon\n|move|p1b: Sinistcha|Life Dew|p1b: Sinistcha|[spread] p1a,p1b\n|-heal|p1a: Aggron|77/100\n|-heal|p1b: Sinistcha|69/100\n|move|p2a: Pelipper|Hurricane|p1b: Sinistcha|[miss]\n|-miss|p2a: Pelipper|p1b: Sinistcha\n|\n|upkeep\n|turn|8\n|-message|TMASD forfeited.\n|\n|win|TheThingyPrime\n|raw|TheThingyPrime's rating: 1082 &rarr; <strong>1113</strong><br />(+31 for winning)\n|raw|TMASD's rating: 1120 &rarr; <strong>1092</strong><br />(-28 for losing)\n|l|\u2606TMASD\n|player|p2|\n",
  "uploadtime": 1776373900,
  "views": 19,
  "formatid": "gen9championsvgc2026regma",
  "rating": 1092,
  "private": 0,
  "password": null
}