{
  "id": "gen9championsvgc2026regma-2587642221",
  "format": "[Gen 9 Champions] VGC 2026 Reg M-A",
  "players": [
    "CaliberChamp",
    "lzznx"
  ],
  "log": "|j|\u2606CaliberChamp\n|j|\u2606lzznx\n|t:|1776549662\n|gametype|doubles\n|player|p1|CaliberChamp|red-masters|1062\n|player|p2|lzznx|dawn|1050\n|gen|9\n|tier|[Gen 9 Champions] VGC 2026 Reg M-A\n|rated|\n|rule|Species Clause: Limit one of each Pok\u00e9mon\n|rule|Item Clause: Limit 1 of each item\n|clearpoke\n|poke|p1|Greninja, L50, M|\n|poke|p1|Aegislash, L50, F, shiny|\n|poke|p1|Hawlucha, L50, M|\n|poke|p1|Klefki, L50, F|\n|poke|p1|Tyrantrum, L50, M, shiny|\n|poke|p1|Noivern, L50, F|\n|poke|p2|Charizard, L50, F, shiny|\n|poke|p2|Venusaur, L50, M, shiny|\n|poke|p2|Whimsicott, L50, M, shiny|\n|poke|p2|Incineroar, L50, M, shiny|\n|poke|p2|Kingambit, L50, F, shiny|\n|poke|p2|Garchomp, L50, F, shiny|\n|teampreview|4\n|\n|t:|1776549702\n|teamsize|p1|4\n|teamsize|p2|4\n|start\n|switch|p1a: Tyrantrum|Tyrantrum, L50, M, shiny|100/100\n|switch|p1b: Noivern|Noivern, L50, F|100/100\n|switch|p2a: Charizard|Charizard, L50, F, shiny|100/100\n|switch|p2b: Incineroar|Incineroar, L50, M, shiny|100/100\n|-ability|p2b: Incineroar|Intimidate|boost\n|-unboost|p1a: Tyrantrum|atk|1\n|-unboost|p1b: Noivern|atk|1\n|turn|1\n|inactive|Battle timer is ON: inactive players will automatically lose when time's up. (requested by CaliberChamp)\n|inactive|lzznx has 60 seconds left.\n|\n|t:|1776549733\n|detailschange|p2a: Charizard|Charizard-Mega-Y, L50, F, shiny\n|-mega|p2a: Charizard|Charizard|Charizardite Y\n|-weather|SunnyDay|[from] ability: Drought|[of] p2a: Charizard\n|move|p2b: Incineroar|Fake Out|p1a: Tyrantrum\n|-resisted|p1a: Tyrantrum|1\n|-damage|p1a: Tyrantrum|95/100\n|move|p1b: Noivern|Tailwind|p1b: Noivern\n|-sidestart|p1: CaliberChamp|move: Tailwind\n|cant|p1a: Tyrantrum|flinch\n|move|p2a: Charizard|Solar Beam||[still]\n|-prepare|p2a: Charizard|Solar Beam\n|-anim|p2a: Charizard|Solar Beam|p1a: Tyrantrum\n|-damage|p1a: Tyrantrum|30/100\n|\n|-weather|SunnyDay|[upkeep]\n|upkeep\n|turn|2\n|inactive|CaliberChamp has 30 seconds left.\n|inactive|lzznx has 30 seconds left.\n|\n|t:|1776549764\n|move|p1b: Noivern|Super Fang|p2b: Incineroar\n|-damage|p2b: Incineroar|50/100\n|-enditem|p2b: Incineroar|Sitrus Berry|[eat]\n|-heal|p2b: Incineroar|75/100|[from] item: Sitrus Berry\n|move|p1a: Tyrantrum|Rock Slide|p2b: Incineroar|[spread] p2a,p2b\n|-supereffective|p2a: Charizard|2\n|-supereffective|p2b: Incineroar|1\n|-damage|p2a: Charizard|0 fnt\n|-damage|p2b: Incineroar|40/100\n|faint|p2a: Charizard\n|move|p2b: Incineroar|Parting Shot|p1b: Noivern\n|-unboost|p1b: Noivern|atk|1\n|-unboost|p1b: Noivern|spa|1\n|\n|t:|1776549779\n|switch|p2b: Garchomp|Garchomp, L50, F, shiny|100/100|[from] Parting Shot\n|\n|-weather|SunnyDay|[upkeep]\n|upkeep\n|\n|t:|1776549785\n|switch|p2a: Incineroar|Incineroar, L50, M, shiny|40/100\n|-ability|p2a: Incineroar|Intimidate|boost\n|-unboost|p1a: Tyrantrum|atk|1\n|-unboost|p1b: Noivern|atk|1\n|turn|3\n|-activate|p1a: Tyrantrum|item: Quick Claw\n|\n|t:|1776549800\n|move|p2a: Incineroar|Fake Out|p1a: Tyrantrum\n|-resisted|p1a: Tyrantrum|1\n|-damage|p1a: Tyrantrum|25/100\n|cant|p1a: Tyrantrum|flinch\n|move|p1b: Noivern|Draco Meteor|p2b: Garchomp\n|-supereffective|p2b: Garchomp|1\n|-damage|p2b: Garchomp|7/100\n|-unboost|p1b: Noivern|spa|2\n|move|p2b: Garchomp|Dragon Claw|p1b: Noivern\n|-supereffective|p1b: Noivern|1\n|-enditem|p1b: Noivern|Focus Sash\n|-damage|p1b: Noivern|1/100\n|\n|-weather|SunnyDay|[upkeep]\n|upkeep\n|turn|4\n|inactive|lzznx has 30 seconds left.\n|\n|t:|1776549825\n|move|p1b: Noivern|Heat Wave|p2b: Garchomp|[spread] p2a,p2b\n|-resisted|p2a: Incineroar|1\n|-resisted|p2b: Garchomp|1\n|-damage|p2a: Incineroar|35/100\n|-damage|p2b: Garchomp|0 fnt\n|faint|p2b: Garchomp\n|move|p1a: Tyrantrum|Rock Slide|p2a: Incineroar\n|-supereffective|p2a: Incineroar|1\n|-damage|p2a: Incineroar|0 fnt\n|faint|p2a: Incineroar\n|\n|-weather|SunnyDay|[upkeep]\n|-sideend|p1: CaliberChamp|move: Tailwind\n|upkeep\n|\n|t:|1776549840\n|switch|p2a: Venusaur|Venusaur, L50, M, shiny|100/100\n|turn|5\n|\n|t:|1776549851\n|move|p2a: Venusaur|Leaf Storm|p1a: Tyrantrum\n|-damage|p1a: Tyrantrum|0 fnt\n|-unboost|p2a: Venusaur|spa|2\n|faint|p1a: Tyrantrum\n|move|p1b: Noivern|Tailwind|p1b: Noivern\n|-sidestart|p1: CaliberChamp|move: Tailwind\n|\n|-weather|none\n|upkeep\n|\n|t:|1776549861\n|switch|p1a: Hawlucha|Hawlucha, L50, M|100/100\n|-ability|p1a: Hawlucha|Mold Breaker\n|turn|6\n|\n|t:|1776549869\n|detailschange|p1a: Hawlucha|Hawlucha-Mega, L50, M\n|-mega|p1a: Hawlucha|Hawlucha|Hawluchanite\n|move|p2a: Venusaur|Protect|p2a: Venusaur\n|-singleturn|p2a: Venusaur|Protect\n|move|p1b: Noivern|Heat Wave|p2a: Venusaur\n|-activate|p2a: Venusaur|move: Protect\n|move|p1a: Hawlucha|Dual Wingbeat|p2a: Venusaur\n|-activate|p2a: Venusaur|move: Protect\n|\n|upkeep\n|turn|7\n|\n|t:|1776549887\n|move|p1b: Noivern|Super Fang|p2a: Venusaur\n|-damage|p2a: Venusaur|51/100\n|move|p1a: Hawlucha|Dual Wingbeat|p2a: Venusaur\n|-supereffective|p2a: Venusaur|1\n|-damage|p2a: Venusaur|0 fnt\n|faint|p2a: Venusaur\n|-hitcount|p2: Venusaur|1\n|\n|win|CaliberChamp\n|raw|CaliberChamp's rating: 1062 &rarr; <strong>1092</strong><br />(+30 for winning)\n|raw|lzznx's rating: 1050 &rarr; <strong>1033</strong><br />(-17 for losing)\n|l|\u2606lzznx\n|player|p2|\n",
  "uploadtime": 1776549909,
  "views": 18,
  "formatid": "gen9championsvgc2026regma",
  "rating": 1033,
  "private": 0,
  "password": null
}