{
  "id": "gen9championsvgc2026regma-2585281627",
  "format": "[Gen 9 Champions] VGC 2026 Reg M-A",
  "players": [
    "RBG_LOL",
    "Figarotta Nelson"
  ],
  "log": "|j|\u2606RBG_LOL\n|j|\u2606Figarotta Nelson\n|t:|1776333416\n|gametype|doubles\n|player|p1|RBG_LOL|ghetsis-gen5bw|1125\n|player|p2|Figarotta Nelson|266|1102\n|gen|9\n|tier|[Gen 9 Champions] VGC 2026 Reg M-A\n|rated|\n|rule|Species Clause: Limit one of each Pok\u00e9mon\n|rule|Item Clause: Limit 1 of each item\n|clearpoke\n|poke|p1|Garchomp, L50, M|\n|poke|p1|Froslass, L50, F|\n|poke|p1|Sneasler, L50, M|\n|poke|p1|Kingambit, L50, M|\n|poke|p1|Talonflame, L50, M|\n|poke|p1|Milotic, L50, F|\n|poke|p2|Gardevoir, L50, M|\n|poke|p2|Sinistcha, L50|\n|poke|p2|Dragonite, L50, M|\n|poke|p2|Garchomp, L50, F|\n|poke|p2|Sneasler, L50, F|\n|poke|p2|Corviknight, L50, F|\n|teampreview|4\n|\n|t:|1776333441\n|teamsize|p1|4\n|teamsize|p2|4\n|start\n|switch|p1a: Kingambit|Kingambit, L50, M|100/100\n|switch|p1b: Froslass|Froslass, L50, F|100/100\n|switch|p2a: Sinistcha|Sinistcha, L50|100/100\n|switch|p2b: Corviknight|Corviknight, L50, F|100/100\n|turn|1\n|\n|t:|1776333455\n|switch|p1b: Milotic|Milotic, L50, F|100/100\n|move|p2b: Corviknight|Iron Head|p1b: Milotic\n|-resisted|p1b: Milotic|1\n|-damage|p1b: Milotic|86/100\n|move|p1a: Kingambit|Kowtow Cleave|p2a: Sinistcha\n|-supereffective|p2a: Sinistcha|1\n|-damage|p2a: Sinistcha|0 fnt\n|faint|p2a: Sinistcha\n|\n|-heal|p1b: Milotic|92/100|[from] item: Leftovers\n|upkeep\n|\n|t:|1776333468\n|switch|p2a: Gardevoir|Gardevoir, L50, M|100/100\n|turn|2\n|\n|t:|1776333484\n|switch|p2b: Dragonite|Dragonite, L50, M|100/100\n|detailschange|p2a: Gardevoir|Gardevoir-Mega, L50, M\n|-mega|p2a: Gardevoir|Gardevoir|Gardevoirite\n|move|p1a: Kingambit|Protect|p1a: Kingambit\n|-singleturn|p1a: Kingambit|Protect\n|move|p2a: Gardevoir|Hyper Voice|p1b: Milotic|[spread] p1b\n|-activate|p1a: Kingambit|move: Protect\n|-damage|p1b: Milotic|43/100\n|move|p1b: Milotic|Icy Wind|p2b: Dragonite|[spread] p2a,p2b\n|-supereffective|p2b: Dragonite|2\n|-damage|p2a: Gardevoir|90/100\n|-damage|p2b: Dragonite|78/100\n|-unboost|p2a: Gardevoir|spe|1\n|-unboost|p2b: Dragonite|spe|1\n|\n|-heal|p1b: Milotic|49/100|[from] item: Leftovers\n|upkeep\n|turn|3\n|\n|t:|1776333518\n|move|p2a: Gardevoir|Protect|p2a: Gardevoir\n|-singleturn|p2a: Gardevoir|Protect\n|move|p1b: Milotic|Muddy Water|p2a: Gardevoir|[spread] p2b\n|-activate|p2a: Gardevoir|move: Protect\n|-resisted|p2b: Dragonite|1\n|-damage|p2b: Dragonite|64/100\n|-unboost|p2b: Dragonite|accuracy|1\n|move|p1a: Kingambit|Kowtow Cleave|p2a: Gardevoir\n|-activate|p2a: Gardevoir|move: Protect\n|move|p2b: Dragonite|Tailwind|p2b: Dragonite\n|-sidestart|p2: Figarotta Nelson|move: Tailwind\n|\n|-heal|p1b: Milotic|55/100|[from] item: Leftovers\n|upkeep\n|turn|4\n|\n|t:|1776333540\n|move|p1a: Kingambit|Sucker Punch|p2a: Gardevoir\n|-damage|p2a: Gardevoir|14/100\n|move|p2a: Gardevoir|Hyper Voice|p1a: Kingambit|[spread] p1a,p1b\n|-damage|p1a: Kingambit|46/100\n|-damage|p1b: Milotic|8/100\n|move|p2b: Dragonite|Scale Shot|p1b: Milotic\n|-damage|p1b: Milotic|0 fnt\n|faint|p1b: Milotic\n|-hitcount|p1: Milotic|1\n|-unboost|p2b: Dragonite|def|1\n|-boost|p2b: Dragonite|spe|1\n|\n|upkeep\n|\n|t:|1776333549\n|switch|p1b: Sneasler|Sneasler, L50, M|100/100\n|turn|5\n|\n|t:|1776333561\n|move|p2a: Gardevoir|Protect|p2a: Gardevoir\n|-singleturn|p2a: Gardevoir|Protect\n|move|p1b: Sneasler|Fake Out|p2a: Gardevoir\n|-activate|p2a: Gardevoir|move: Protect\n|move|p1a: Kingambit|Sucker Punch|p2b: Dragonite\n|-damage|p2b: Dragonite|0 fnt\n|faint|p2b: Dragonite\n|\n|upkeep\n|\n|t:|1776333568\n|switch|p2b: Corviknight|Corviknight, L50, F|100/100\n|turn|6\n|j| undoxy\n|\n|t:|1776333576\n|move|p1b: Sneasler|Protect|p1b: Sneasler\n|-singleturn|p1b: Sneasler|Protect\n|move|p1a: Kingambit|Protect|p1a: Kingambit\n|-singleturn|p1a: Kingambit|Protect\n|move|p2b: Corviknight|Iron Head|p1a: Kingambit\n|-activate|p1a: Kingambit|move: Protect\n|move|p2a: Gardevoir|Hyper Voice|p1a: Kingambit|[spread] \n|-activate|p1a: Kingambit|move: Protect\n|-activate|p1b: Sneasler|move: Protect\n|\n|-sideend|p2: Figarotta Nelson|move: Tailwind\n|upkeep\n|turn|7\n|\n|t:|1776333602\n|move|p2a: Gardevoir|Protect|p2a: Gardevoir\n|-singleturn|p2a: Gardevoir|Protect\n|move|p1b: Sneasler|Dire Claw|p2a: Gardevoir\n|-activate|p2a: Gardevoir|move: Protect\n|move|p2b: Corviknight|Roost||[still]\n|-fail|p2b: Corviknight|heal\n|move|p1a: Kingambit|Kowtow Cleave|p2b: Corviknight\n|-damage|p2b: Corviknight|61/100\n|\n|-heal|p2b: Corviknight|67/100|[from] item: Leftovers\n|upkeep\n|turn|8\n|\n|t:|1776333624\n|move|p1a: Kingambit|Protect|p1a: Kingambit\n|-singleturn|p1a: Kingambit|Protect\n|move|p1b: Sneasler|Dire Claw|p2a: Gardevoir\n|-supereffective|p2a: Gardevoir|1\n|-damage|p2a: Gardevoir|0 fnt\n|faint|p2a: Gardevoir\n|move|p2b: Corviknight|Brave Bird|p1b: Sneasler\n|-supereffective|p1b: Sneasler|1\n|-damage|p1b: Sneasler|0 fnt\n|faint|p1b: Sneasler\n|-damage|p2b: Corviknight|40/100|[from] Recoil\n|\n|-heal|p2b: Corviknight|46/100|[from] item: Leftovers\n|upkeep\n|c| undoxy|ohh\n|\n|t:|1776333644\n|switch|p1b: Froslass|Froslass, L50, F|100/100\n|turn|9\n|c| undoxy|mega?\n|\n|t:|1776333658\n|detailschange|p1b: Froslass|Froslass-Mega, L50, F\n|-mega|p1b: Froslass|Froslass|Froslassite\n|-weather|Snowscape|[from] ability: Snow Warning|[of] p1b: Froslass\n|move|p1b: Froslass|Shadow Ball|p2b: Corviknight\n|-damage|p2b: Corviknight|0 fnt\n|faint|p2b: Corviknight\n|\n|win|RBG_LOL\n|raw|RBG_LOL's rating: 1125 &rarr; <strong>1148</strong><br />(+23 for winning)\n|raw|Figarotta Nelson's rating: 1102 &rarr; <strong>1079</strong><br />(-23 for losing)\n|l|\u2606Figarotta Nelson\n|player|p2|\n",
  "uploadtime": 1776333671,
  "views": 19,
  "formatid": "gen9championsvgc2026regma",
  "rating": 1079,
  "private": 0,
  "password": null
}