{
  "id": "gen9championsvgc2026regma-2587176559",
  "format": "[Gen 9 Champions] VGC 2026 Reg M-A",
  "players": [
    "Little Fritz",
    "dytldht"
  ],
  "log": "|j|\u2606Little Fritz\n|j|\u2606dytldht\n|t:|1776504630\n|gametype|doubles\n|player|p1|Little Fritz|170|1159\n|player|p2|dytldht|170|1066\n|gen|9\n|tier|[Gen 9 Champions] VGC 2026 Reg M-A\n|rated|\n|rule|Species Clause: Limit one of each Pok\u00e9mon\n|rule|Item Clause: Limit 1 of each item\n|clearpoke\n|poke|p1|Meganium, L50, F|\n|poke|p1|Dragonite, L50, F|\n|poke|p1|Archaludon, L50, M|\n|poke|p1|Pelipper, L50, F|\n|poke|p1|Basculegion, L50, M|\n|poke|p1|Sneasler, L50, F|\n|poke|p2|Gengar, L50, M|\n|poke|p2|Sneasler, L50, F|\n|poke|p2|Kingambit, L50, M|\n|poke|p2|Incineroar, L50, F|\n|poke|p2|Blastoise, L50, M|\n|poke|p2|Sinistcha, L50|\n|teampreview|4\n|inactive|Battle timer is ON: inactive players will automatically lose when time's up. (requested by Little Fritz)\n|\n|t:|1776504710\n|teamsize|p1|4\n|teamsize|p2|4\n|start\n|switch|p1a: Bacalhau|Basculegion, L50, M|100/100\n|switch|p1b: Leite|Sneasler, L50, F|100/100\n|switch|p2a: Gengar|Gengar, L50, M|100/100\n|switch|p2b: Incineroar|Incineroar, L50, F|100/100\n|-ability|p2b: Incineroar|Intimidate|boost\n|-unboost|p1a: Bacalhau|atk|1\n|-unboost|p1b: Leite|atk|1\n|-enditem|p1b: Leite|White Herb\n|-clearnegativeboost|p1b: Leite|[silent]\n|turn|1\n|inactive|Little Fritz has 30 seconds left.\n|\n|t:|1776504737\n|switch|p1b: Frango|Pelipper, L50, F|100/100\n|-weather|RainDance|[from] ability: Drizzle|[of] p1b: Frango\n|switch|p2b: Sinistcha|Sinistcha, L50|100/100\n|detailschange|p2a: Gengar|Gengar-Mega, L50, M\n|-mega|p2a: Gengar|Gengar|Gengarite\n|move|p2a: Gengar|Protect|p2a: Gengar\n|-singleturn|p2a: Gengar|Protect\n|move|p1a: Bacalhau|Wave Crash|p2b: Sinistcha\n|-resisted|p2b: Sinistcha|1\n|-damage|p2b: Sinistcha|64/100\n|-damage|p1a: Bacalhau|90/100|[from] Recoil\n|\n|-weather|RainDance|[upkeep]\n|upkeep\n|turn|2\n|\n|t:|1776504755\n|move|p2b: Sinistcha|Rage Powder|p2b: Sinistcha\n|-singleturn|p2b: Sinistcha|move: Rage Powder\n|move|p1a: Bacalhau|Last Respects|p2b: Sinistcha\n|-supereffective|p2b: Sinistcha|1\n|-damage|p2b: Sinistcha|30/100\n|move|p2a: Gengar|Perish Song|p2a: Gengar\n|-start|p1a: Bacalhau|perish3|[silent]\n|-start|p1b: Frango|perish3|[silent]\n|-start|p2a: Gengar|perish3|[silent]\n|-start|p2b: Sinistcha|perish3|[silent]\n|-fieldactivate|move: Perish Song\n|move|p1b: Frango|Hurricane|p2b: Sinistcha\n|-supereffective|p2b: Sinistcha|1\n|-enditem|p2b: Sinistcha|Coba Berry|[eat]\n|-enditem|p2b: Sinistcha|Coba Berry|[weaken]\n|-damage|p2b: Sinistcha|0 fnt\n|faint|p2b: Sinistcha\n|\n|-weather|RainDance|[upkeep]\n|-start|p1a: Bacalhau|perish3\n|-start|p2a: Gengar|perish3\n|-start|p1b: Frango|perish3\n|upkeep\n|inactive|dytldht has 30 seconds left.\n|\n|t:|1776504788\n|switch|p2b: Incineroar|Incineroar, L50, F|100/100\n|-ability|p2b: Incineroar|Intimidate|boost\n|-unboost|p1a: Bacalhau|atk|1\n|-unboost|p1b: Frango|atk|1\n|turn|3\n|\n|t:|1776504804\n|move|p2a: Gengar|Protect|p2a: Gengar\n|-singleturn|p2a: Gengar|Protect\n|move|p2b: Incineroar|Protect|p2b: Incineroar\n|-singleturn|p2b: Incineroar|Protect\n|move|p1a: Bacalhau|Wave Crash|p2b: Incineroar\n|-activate|p2b: Incineroar|move: Protect\n|move|p1b: Frango|Muddy Water|p2b: Incineroar|[spread] \n|-activate|p2a: Gengar|move: Protect\n|-activate|p2b: Incineroar|move: Protect\n|\n|-weather|RainDance|[upkeep]\n|-start|p1a: Bacalhau|perish2\n|-start|p2a: Gengar|perish2\n|-start|p1b: Frango|perish2\n|upkeep\n|turn|4\n|\n|t:|1776504821\n|switch|p2a: Blastoise|Blastoise, L50, M|100/100\n|move|p1a: Bacalhau|Last Respects|p2a: Blastoise\n|-damage|p2a: Blastoise|91/100\n|move|p2b: Incineroar|Parting Shot|p1a: Bacalhau\n|-unboost|p1a: Bacalhau|atk|1\n|-unboost|p1a: Bacalhau|spa|1\n|\n|t:|1776504829\n|switch|p2b: Gengar|Gengar-Mega, L50, M|100/100|[from] Parting Shot\n|move|p1b: Frango|Muddy Water|p2a: Blastoise|[spread] p2a,p2b\n|-resisted|p2a: Blastoise|1\n|-damage|p2a: Blastoise|76/100\n|-damage|p2b: Gengar|60/100\n|\n|-weather|RainDance|[upkeep]\n|-start|p1a: Bacalhau|perish1\n|-start|p1b: Frango|perish1\n|upkeep\n|turn|5\n|\n|t:|1776504852\n|move|p2b: Gengar|Protect|p2b: Gengar\n|-singleturn|p2b: Gengar|Protect\n|move|p2a: Blastoise|Fake Out|p1b: Frango\n|-damage|p1b: Frango|93/100\n|move|p1a: Bacalhau|Wave Crash|p2b: Gengar\n|-activate|p2b: Gengar|move: Protect\n|cant|p1b: Frango|flinch\n|\n|-weather|none\n|-start|p1a: Bacalhau|perish0\n|-start|p1b: Frango|perish0\n|faint|p1a: Bacalhau\n|faint|p1b: Frango\n|upkeep\n|\n|t:|1776504865\n|switch|p1a: Alface|Meganium, L50, F|100/100\n|switch|p1b: Leite|Sneasler, L50, F|100/100\n|turn|6\n|inactive|dytldht has 30 seconds left.\n|inactive|dytldht has 20 seconds left.\n|inactive|dytldht has 15 seconds left.\n|\n|t:|1776504909\n|switch|p2a: Incineroar|Incineroar, L50, F|100/100\n|-ability|p2a: Incineroar|Intimidate|boost\n|-unboost|p1a: Alface|atk|1\n|-unboost|p1b: Leite|atk|1\n|detailschange|p1a: Alface|Meganium-Mega, L50, F\n|-mega|p1a: Alface|Meganium|Meganiumite\n|move|p1a: Alface|Protect|p1a: Alface\n|-singleturn|p1a: Alface|Protect\n|move|p2b: Gengar|Perish Song|p2b: Gengar\n|-start|p1a: Alface|perish3|[silent]\n|-start|p1b: Leite|perish3|[silent]\n|-start|p2a: Incineroar|perish3|[silent]\n|-start|p2b: Gengar|perish3|[silent]\n|-fieldactivate|move: Perish Song\n|move|p1b: Leite|Throat Chop|p2b: Gengar\n|-supereffective|p2b: Gengar|1\n|-damage|p2b: Gengar|13/100\n|-start|p2b: Gengar|Throat Chop|[silent]\n|\n|-start|p2b: Gengar|perish3\n|-start|p1b: Leite|perish3\n|-start|p1a: Alface|perish3\n|-start|p2a: Incineroar|perish3\n|upkeep\n|turn|7\n|inactive|Little Fritz has 30 seconds left.\n|\n|t:|1776504942\n|move|p2b: Gengar|Protect|p2b: Gengar\n|-singleturn|p2b: Gengar|Protect\n|move|p2a: Incineroar|Fake Out|p1b: Leite\n|-damage|p1b: Leite|80/100\n|cant|p1b: Leite|flinch\n|move|p1a: Alface|Dazzling Gleam|p2b: Gengar|[spread] p2a\n|-activate|p2b: Gengar|move: Protect\n|-damage|p2a: Incineroar|66/100\n|\n|-end|p2b: Gengar|Throat Chop|[silent]\n|-start|p2b: Gengar|perish2\n|-start|p1b: Leite|perish2\n|-start|p1a: Alface|perish2\n|-start|p2a: Incineroar|perish2\n|upkeep\n|turn|8\n|inactive|Little Fritz has 30 seconds left.\n|inactive|dytldht has 30 seconds left.\n|\n|t:|1776504974\n|switch|p2b: Blastoise|Blastoise, L50, M|76/100\n|move|p2a: Incineroar|Protect|p2a: Incineroar\n|-singleturn|p2a: Incineroar|Protect\n|move|p1b: Leite|Close Combat|p2a: Incineroar\n|-activate|p2a: Incineroar|move: Protect\n|move|p1a: Alface|Solar Beam||[still]\n|-prepare|p1a: Alface|Solar Beam\n|-activate|p1a: Alface|ability: Mega Sol\n|-anim|p1a: Alface|Solar Beam|p2b: Blastoise\n|-supereffective|p2b: Blastoise|1\n|-damage|p2b: Blastoise|0 fnt\n|faint|p2b: Blastoise\n|\n|-start|p1b: Leite|perish1\n|-start|p1a: Alface|perish1\n|-start|p2a: Incineroar|perish1\n|upkeep\n|\n|t:|1776504986\n|switch|p2b: Gengar|Gengar-Mega, L50, M|13/100\n|turn|9\n|\n|t:|1776505008\n|move|p2b: Gengar|Protect|p2b: Gengar\n|-singleturn|p2b: Gengar|Protect\n|move|p1b: Leite|Close Combat|p2a: Incineroar\n|-supereffective|p2a: Incineroar|1\n|-damage|p2a: Incineroar|0 fnt\n|-unboost|p1b: Leite|def|1\n|-unboost|p1b: Leite|spd|1\n|faint|p2a: Incineroar\n|move|p1a: Alface|Dazzling Gleam|p2b: Gengar\n|-activate|p2b: Gengar|move: Protect\n|\n|-start|p1b: Leite|perish0\n|-start|p1a: Alface|perish0\n|faint|p1b: Leite\n|faint|p1a: Alface\n|\n|win|dytldht\n|raw|Little Fritz's rating: 1159 &rarr; <strong>1127</strong><br />(-32 for losing)\n|raw|dytldht's rating: 1066 &rarr; <strong>1104</strong><br />(+38 for winning)\n",
  "uploadtime": 1776505023,
  "views": 26,
  "formatid": "gen9championsvgc2026regma",
  "rating": 1104,
  "private": 0,
  "password": null
}