{
  "id": "gen9championsvgc2026regma-2584380101",
  "format": "[Gen 9 Champions] VGC 2026 Reg M-A",
  "players": [
    "smp on whimsicott",
    "The76Wave"
  ],
  "log": "|j|\u2606smp on whimsicott\n|j|\u2606The76Wave\n|t:|1776256478\n|gametype|doubles\n|player|p1|smp on whimsicott|artist-gen4|1330\n|player|p2|The76Wave|skier|1353\n|gen|9\n|tier|[Gen 9 Champions] VGC 2026 Reg M-A\n|rated|\n|rule|Species Clause: Limit one of each Pok\u00e9mon\n|rule|Item Clause: Limit 1 of each item\n|clearpoke\n|poke|p1|Arcanine, L50, F|\n|poke|p1|Venusaur, L50, M|\n|poke|p1|Sneasler, L50, F|\n|poke|p1|Rotom-Wash, L50|\n|poke|p1|Garchomp, L50, F|\n|poke|p1|Corviknight, L50, F|\n|poke|p2|Tyranitar, L50, F|\n|poke|p2|Gardevoir, L50, F|\n|poke|p2|Gyarados, L50, F|\n|poke|p2|Excadrill, L50, M|\n|poke|p2|Sinistcha, L50|\n|poke|p2|Rotom-Heat, L50|\n|teampreview|4\n|inactive|Battle timer is ON: inactive players will automatically lose when time's up. (requested by The76Wave)\n|inactive|smp on whimsicott has 60 seconds left.\n|inactive|The76Wave has 60 seconds left.\n|\n|t:|1776256520\n|teamsize|p1|4\n|teamsize|p2|4\n|start\n|switch|p1a: Rotom|Rotom-Wash, L50|100/100\n|switch|p1b: Venusaur|Venusaur, L50, M|100/100\n|switch|p2a: Rotom|Rotom-Heat, L50|100/100\n|switch|p2b: Excadrill|Excadrill, L50, M|100/100\n|turn|1\n|\n|t:|1776256531\n|detailschange|p1b: Venusaur|Venusaur-Mega, L50, M\n|-mega|p1b: Venusaur|Venusaur|Venusaurite\n|move|p2a: Rotom|Overheat|p1b: Venusaur\n|-supereffective|p1b: Venusaur|1\n|-damage|p1b: Venusaur|51/100\n|-unboost|p2a: Rotom|spa|2\n|move|p1a: Rotom|Hydro Pump|p2a: Rotom\n|-supereffective|p2a: Rotom|1\n|-damage|p2a: Rotom|0 fnt\n|faint|p2a: Rotom\n|move|p2b: Excadrill|Earthquake|p1a: Rotom|[spread] p1b\n|-immune|p1a: Rotom|[from] ability: Levitate\n|-damage|p1b: Venusaur|20/100\n|move|p1b: Venusaur|Leech Seed|p2b: Excadrill\n|-start|p2b: Excadrill|move: Leech Seed\n|\n|-damage|p2b: Excadrill|88/100|[from] Leech Seed|[of] p1b: Venusaur\n|-heal|p1b: Venusaur|33/100|[silent]\n|upkeep\n|\n|t:|1776256545\n|switch|p2a: Gardevoir|Gardevoir, L50, F|100/100\n|turn|2\n|\n|t:|1776256552\n|switch|p1a: Corviknight|Corviknight, L50, F|100/100\n|move|p1b: Venusaur|Protect|p1b: Venusaur\n|-singleturn|p1b: Venusaur|Protect\n|move|p2a: Gardevoir|Protect|p2a: Gardevoir\n|-singleturn|p2a: Gardevoir|Protect\n|move|p2b: Excadrill|High Horsepower|p1b: Venusaur\n|-activate|p1b: Venusaur|move: Protect\n|\n|-damage|p2b: Excadrill|76/100|[from] Leech Seed|[of] p1b: Venusaur\n|-heal|p1b: Venusaur|45/100|[silent]\n|upkeep\n|turn|3\n|inactive|smp on whimsicott has 30 seconds left.\n|inactive|smp on whimsicott has 20 seconds left.\n|inactive|smp on whimsicott has 15 seconds left.\n|inactive|smp on whimsicott has 10 seconds left.\n|\n|t:|1776256600\n|switch|p2a: Sinistcha|Sinistcha, L50|100/100\n|-heal|p2b: Excadrill|100/100|[from] ability: Hospitality|[of] p2a: Sinistcha\n|move|p2b: Excadrill|High Horsepower|p1b: Venusaur\n|-damage|p1b: Venusaur|6/100\n|move|p1b: Venusaur|Sludge Bomb|p2a: Sinistcha\n|-damage|p2a: Sinistcha|55/100\n|-status|p2a: Sinistcha|psn\n|move|p1a: Corviknight|Tailwind|p1a: Corviknight\n|-sidestart|p1: smp on whimsicott|move: Tailwind\n|\n|-damage|p2b: Excadrill|88/100|[from] Leech Seed|[of] p1b: Venusaur\n|-heal|p1b: Venusaur|19/100|[silent]\n|-damage|p2a: Sinistcha|43/100 psn|[from] psn\n|upkeep\n|-enditem|p2a: Sinistcha|Sitrus Berry|[eat]\n|-heal|p2a: Sinistcha|67/100 psn|[from] item: Sitrus Berry\n|turn|4\n|\n|t:|1776256620\n|move|p1b: Venusaur|Earth Power|p2b: Excadrill\n|-supereffective|p2b: Excadrill|1\n|-damage|p2b: Excadrill|12/100\n|move|p1a: Corviknight|Brave Bird|p2a: Sinistcha\n|-supereffective|p2a: Sinistcha|1\n|-damage|p2a: Sinistcha|0 fnt\n|faint|p2a: Sinistcha\n|-damage|p1a: Corviknight|80/100|[from] Recoil\n|move|p2b: Excadrill|High Horsepower|p1b: Venusaur\n|-damage|p1b: Venusaur|0 fnt\n|faint|p1b: Venusaur\n|\n|-heal|p1a: Corviknight|86/100|[from] item: Leftovers\n|upkeep\n|\n|t:|1776256631\n|switch|p1b: Garchomp|Garchomp, L50, F|100/100\n|switch|p2a: Gardevoir|Gardevoir, L50, F|100/100\n|turn|5\n|\n|t:|1776256636\n|detailschange|p2a: Gardevoir|Gardevoir-Mega, L50, F\n|-mega|p2a: Gardevoir|Gardevoir|Gardevoirite\n|move|p1b: Garchomp|Earthquake|p2a: Gardevoir|[spread] p2a,p2b\n|-immune|p1a: Corviknight\n|-supereffective|p2b: Excadrill|1\n|-damage|p2a: Gardevoir|64/100\n|-damage|p2b: Excadrill|0 fnt\n|faint|p2b: Excadrill\n|move|p1a: Corviknight|Brave Bird|p2a: Gardevoir\n|-damage|p2a: Gardevoir|19/100\n|-damage|p1a: Corviknight|73/100|[from] Recoil\n|move|p2a: Gardevoir|Hyper Voice|p1a: Corviknight|[spread] p1a,p1b\n|-resisted|p1a: Corviknight|1\n|-supereffective|p1b: Garchomp|1\n|-damage|p1a: Corviknight|53/100\n|-damage|p1b: Garchomp|0 fnt\n|faint|p1b: Garchomp\n|\n|-heal|p1a: Corviknight|59/100|[from] item: Leftovers\n|upkeep\n|\n|t:|1776256643\n|switch|p1b: Rotom|Rotom-Wash, L50|100/100\n|turn|6\n|-message|The76Wave forfeited.\n|\n|win|smp on whimsicott\n|raw|smp on whimsicott's rating: 1330 &rarr; <strong>1351</strong><br />(+21 for winning)\n|raw|The76Wave's rating: 1353 &rarr; <strong>1332</strong><br />(-21 for losing)\n|l|\u2606The76Wave\n|player|p2|\n",
  "uploadtime": 1776256650,
  "views": 29,
  "formatid": "gen9championsvgc2026regma",
  "rating": 1332,
  "private": 0,
  "password": null
}