{
  "id": "gen9championsvgc2026regma-2583993290",
  "format": "[Gen 9 Champions] VGC 2026 Reg M-A",
  "players": [
    "keem7",
    "NoxxinVGC"
  ],
  "log": "|j|\u2606keem7\n|j|\u2606NoxxinVGC\n|t:|1776214954\n|gametype|doubles\n|player|p1|keem7|102|1154\n|player|p2|NoxxinVGC|giovanni|1219\n|gen|9\n|tier|[Gen 9 Champions] VGC 2026 Reg M-A\n|rated|\n|rule|Species Clause: Limit one of each Pok\u00e9mon\n|rule|Item Clause: Limit 1 of each item\n|clearpoke\n|poke|p1|Froslass, L50, F|\n|poke|p1|Mamoswine, L50, M|\n|poke|p1|Sinistcha, L50|\n|poke|p1|Incineroar, L50, F|\n|poke|p1|Floette-Eternal, L50, F|\n|poke|p1|Aerodactyl, L50, F|\n|poke|p2|Delphox, L50, F|\n|poke|p2|Basculegion, L50, M|\n|poke|p2|Clefable, L50, F|\n|poke|p2|Kingambit, L50, F|\n|poke|p2|Dragonite, L50, M|\n|poke|p2|Sneasler, L50, M|\n|teampreview|4\n|inactive|Battle timer is ON: inactive players will automatically lose when time's up. (requested by NoxxinVGC)\n|inactive|keem7 also wants the timer to be on.\n|inactive|keem7 has 60 seconds left.\n|inactive|NoxxinVGC has 60 seconds left.\n|\n|t:|1776215003\n|teamsize|p1|4\n|teamsize|p2|4\n|start\n|switch|p1a: Froslass|Froslass, L50, F|100/100\n|switch|p1b: Mamoswine|Mamoswine, L50, M|100/100\n|switch|p2a: Delphox|Delphox, L50, F, shiny|100/100\n|switch|p2b: Basculegion|Basculegion, L50, M|100/100\n|turn|1\n|inactive|keem7 has 30 seconds left.\n|inactive|NoxxinVGC has 30 seconds left.\n|inactive|keem7 has 20 seconds left.\n|inactive|NoxxinVGC has 20 seconds left.\n|inactive|keem7 has 15 seconds left.\n|inactive|NoxxinVGC has 15 seconds left.\n|inactive|keem7 has 10 seconds left.\n|inactive|NoxxinVGC has 10 seconds left.\n|inactive|NoxxinVGC has 5 seconds left.\n|\n|t:|1776215055\n|detailschange|p2a: Delphox|Delphox-Mega, L50, F, shiny\n|-mega|p2a: Delphox|Delphox|Delphoxite\n|detailschange|p1a: Froslass|Froslass-Mega, L50, F\n|-mega|p1a: Froslass|Froslass|Froslassite\n|-weather|Snowscape|[from] ability: Snow Warning|[of] p1a: Froslass\n|move|p2a: Delphox|Calm Mind|p2a: Delphox\n|-boost|p2a: Delphox|spa|1\n|-boost|p2a: Delphox|spd|1\n|move|p2b: Basculegion|Wave Crash|p1b: Mamoswine\n|-supereffective|p1b: Mamoswine|1\n|-damage|p1b: Mamoswine|0 fnt\n|faint|p1b: Mamoswine\n|-damage|p2b: Basculegion|64/100|[from] Recoil\n|move|p1a: Froslass|Shadow Ball|p2b: Basculegion\n|-supereffective|p2b: Basculegion|1\n|-damage|p2b: Basculegion|0 fnt\n|faint|p2b: Basculegion\n|\n|-weather|Snowscape|[upkeep]\n|upkeep\n|\n|t:|1776215075\n|switch|p2b: Sneasler|Sneasler, L50, M|100/100\n|switch|p1b: Aerodactyl|Aerodactyl, L50, F|100/100\n|turn|2\n|\n|t:|1776215099\n|move|p2b: Sneasler|Fake Out|p1b: Aerodactyl\n|-resisted|p1b: Aerodactyl|1\n|-damage|p1b: Aerodactyl|90/100\n|move|p2a: Delphox|Heat Wave|p1a: Froslass|[spread] p1a,p1b\n|-supereffective|p1a: Froslass|1\n|-resisted|p1b: Aerodactyl|1\n|-damage|p1a: Froslass|0 fnt\n|-damage|p1b: Aerodactyl|46/100\n|faint|p1a: Froslass\n|cant|p1b: Aerodactyl|flinch\n|\n|-weather|Snowscape|[upkeep]\n|upkeep\n|\n|t:|1776215107\n|switch|p1a: Sinistcha|Sinistcha, L50|100/100\n|-heal|p1b: Aerodactyl|71/100|[from] ability: Hospitality|[of] p1a: Sinistcha\n|turn|3\n|\n|t:|1776215119\n|move|p2a: Delphox|Protect|p2a: Delphox\n|-singleturn|p2a: Delphox|Protect\n|move|p1b: Aerodactyl|Rock Slide|p2a: Delphox|[spread] p2b\n|-activate|p2a: Delphox|move: Protect\n|-resisted|p2b: Sneasler|1\n|-damage|p2b: Sneasler|80/100\n|move|p2b: Sneasler|Dire Claw|p1a: Sinistcha\n|-damage|p1a: Sinistcha|58/100\n|move|p1a: Sinistcha|Shadow Ball|p2a: Delphox\n|-activate|p2a: Delphox|move: Protect\n|\n|-weather|Snowscape|[upkeep]\n|upkeep\n|turn|4\n|\n|t:|1776215138\n|move|p2a: Delphox|Heat Wave|p1a: Sinistcha|[spread] p1a,p1b\n|-supereffective|p1a: Sinistcha|1\n|-resisted|p1b: Aerodactyl|1\n|-damage|p1a: Sinistcha|0 fnt\n|-damage|p1b: Aerodactyl|21/100\n|faint|p1a: Sinistcha\n|move|p1b: Aerodactyl|Rock Slide|p2a: Delphox|[spread] p2a,p2b\n|-supereffective|p2a: Delphox|1\n|-resisted|p2b: Sneasler|1\n|-damage|p2a: Delphox|24/100\n|-damage|p2b: Sneasler|59/100\n|cant|p2b: Sneasler|flinch\n|\n|-weather|Snowscape|[upkeep]\n|upkeep\n|turn|5\n|-message|keem7 forfeited.\n|\n|win|NoxxinVGC\n|raw|keem7's rating: 1154 &rarr; <strong>1134</strong><br />(-20 for losing)\n|raw|NoxxinVGC's rating: 1219 &rarr; <strong>1239</strong><br />(+20 for winning)\n",
  "uploadtime": 1776215152,
  "views": 15,
  "formatid": "gen9championsvgc2026regma",
  "rating": 1134,
  "private": 0,
  "password": null
}