{
  "id": "gen9championsvgc2026regma-2587792953",
  "format": "[Gen 9 Champions] VGC 2026 Reg M-A",
  "players": [
    "Jin_Shirato_P3",
    "Blaziken281"
  ],
  "log": "|j|\u2606Jin_Shirato_P3\n|j|\u2606Blaziken281\n|t:|1776564546\n|gametype|doubles\n|player|p1|Jin_Shirato_P3|collector|1000\n|player|p2|Blaziken281|1|1087\n|gen|9\n|tier|[Gen 9 Champions] VGC 2026 Reg M-A\n|rated|\n|rule|Species Clause: Limit one of each Pok\u00e9mon\n|rule|Item Clause: Limit 1 of each item\n|clearpoke\n|poke|p1|Zoroark-Hisui, L50, M, shiny|\n|poke|p1|Espeon, L50, M, shiny|\n|poke|p1|Ampharos, L50, F, shiny|\n|poke|p1|Lucario, L50, M|\n|poke|p1|Decidueye, L50, F|\n|poke|p1|Typhlosion-Hisui, L50, M|\n|poke|p2|Charizard, L50, M, shiny|\n|poke|p2|Venusaur, L50, M|\n|poke|p2|Meowscarada, L50, F|\n|poke|p2|Incineroar, L50, F|\n|poke|p2|Manectric, L50, M|\n|poke|p2|Aerodactyl, L50, M|\n|teampreview|4\n|inactive|Battle timer is ON: inactive players will automatically lose when time's up. (requested by Jin_Shirato_P3)\nJin_Shirato_P3 rejected open team sheets.\n|\n|t:|1776564568\n|teamsize|p1|4\n|teamsize|p2|4\n|start\n|switch|p1a: Chidori|Ampharos, L50, F, shiny|100/100\n|switch|p1b: Makoto|Lucario, L50, M|100/100\n|switch|p2a: Charizard|Charizard, L50, M, shiny|100/100\n|switch|p2b: Incineroar|Incineroar, L50, F|100/100\n|-ability|p2b: Incineroar|Intimidate|boost\n|-unboost|p1a: Chidori|atk|1\n|-fail|p1b: Makoto|unboost|Attack|[from] ability: Inner Focus|[of] p1b: Makoto\n|turn|1\n|inactive|Blaziken281 has 30 seconds left.\n|\n|t:|1776564599\n|detailschange|p2a: Charizard|Charizard-Mega-Y, L50, M, shiny\n|-mega|p2a: Charizard|Charizard|Charizardite Y\n|-weather|SunnyDay|[from] ability: Drought|[of] p2a: Charizard\n|move|p2b: Incineroar|Fake Out|p1a: Chidori\n|-immune|p1a: Chidori\n|move|p1a: Chidori|Snarl|p2a: Charizard|[spread] p2a,p2b\n|-resisted|p2b: Incineroar|1\n|-damage|p2a: Charizard|84/100\n|-damage|p2b: Incineroar|93/100\n|-unboost|p2a: Charizard|spa|1\n|-unboost|p2b: Incineroar|spa|1\n|move|p2a: Charizard|Weather Ball|p1b: Makoto\n|-supereffective|p1b: Makoto|1\n|-damage|p1b: Makoto|0 fnt\n|faint|p1b: Makoto\n|\n|-weather|SunnyDay|[upkeep]\n|upkeep\n|l|\u2606Jin_Shirato_P3\n|inactive|Jin_Shirato_P3 disconnected and has a minute to reconnect!\n|player|p1|\n|inactive|Jin_Shirato_P3 has 30 seconds left.\n|j|\u2606Jin_Shirato_P3\n|inactive|Jin_Shirato_P3 reconnected and has 25 seconds left.\n|player|p1|Jin_Shirato_P3|collector|\n|inactive|Jin_Shirato_P3 has 20 seconds left.\n|\n|t:|1776564636\n|switch|p1b: Chidori|Ampharos, L50, F, shiny|100/100\n|turn|2\n|\n|t:|1776564652\n|detailschange|p1b: Chidori|Ampharos-Mega, L50, F, shiny\n|-mega|p1b: Chidori|Ampharos|Ampharosite\n|-ability|p1b: Chidori|Mold Breaker\n|move|p1a: Chidori|Snarl|p2b: Incineroar|[spread] p2a,p2b\n|-resisted|p2b: Incineroar|1\n|-damage|p2a: Charizard|70/100\n|-damage|p2b: Incineroar|85/100\n|-unboost|p2a: Charizard|spa|1\n|-unboost|p2b: Incineroar|spa|1\n|move|p2a: Charizard|Weather Ball|p1b: Chidori\n|-resisted|p1b: Chidori|1\n|-damage|p1b: Chidori|80/100\n|move|p2b: Incineroar|Taunt|p1a: Chidori\n|-start|p1a: Chidori|move: Taunt\n|move|p1b: Chidori|Thunderbolt|p2a: Charizard\n|-supereffective|p2a: Charizard|1\n|-damage|p2a: Charizard|0 fnt\n|faint|p2a: Charizard\n|\n|-weather|SunnyDay|[upkeep]\n|upkeep\n|\n|t:|1776564670\n|switch|p2a: Venusaur|Venusaur, L50, M|100/100\n|turn|3\n|\n|t:|1776564683\n|move|p2a: Venusaur|Protect|p2a: Venusaur\n|-singleturn|p2a: Venusaur|Protect\n|move|p1a: Chidori|Snarl|p2b: Incineroar|[spread] p2b\n|-activate|p2a: Venusaur|move: Protect\n|-resisted|p2b: Incineroar|1\n|-damage|p2b: Incineroar|78/100\n|-unboost|p2b: Incineroar|spa|1\n|move|p2b: Incineroar|Parting Shot|p1b: Chidori\n|-unboost|p1b: Chidori|atk|1\n|-unboost|p1b: Chidori|spa|1\n|\n|t:|1776564693\n|switch|p2b: Meowscarada|Meowscarada, L50, F|100/100|[from] Parting Shot\n|move|p1b: Chidori|Dazzling Gleam|p2b: Meowscarada|[spread] p2b\n|-activate|p2a: Venusaur|move: Protect\n|-supereffective|p2b: Meowscarada|1\n|-damage|p2b: Meowscarada|47/100\n|\n|-weather|SunnyDay|[upkeep]\n|upkeep\n|turn|4\n|\n|t:|1776564715\n|move|p2a: Venusaur|Sludge Bomb|p1b: Chidori\n|-damage|p1b: Chidori|50/100\n|move|p2b: Meowscarada|Play Rough|p1b: Chidori\n|-start|p2b: Meowscarada|typechange|Fairy|[from] ability: Protean\n|-supereffective|p1b: Chidori|1\n|-damage|p1b: Chidori|0 fnt\n|faint|p1b: Chidori\n|move|p1a: Chidori|Snarl|p2b: Meowscarada|[spread] p2a,p2b\n|-resisted|p2b: Meowscarada|1\n|-damage|p2a: Venusaur|86/100\n|-damage|p2b: Meowscarada|35/100\n|-unboost|p2a: Venusaur|spa|1\n|-unboost|p2b: Meowscarada|spa|1\n|\n|-weather|SunnyDay|[upkeep]\n|-heal|p2a: Venusaur|92/100|[from] item: Leftovers\n|upkeep\n|\n|t:|1776564729\n|switch|p1b: Junpei|Typhlosion-Hisui, L50, M|100/100\n|turn|5\n|\n|t:|1776564746\n|switch|p2a: Incineroar|Incineroar, L50, F|78/100\n|-ability|p2a: Incineroar|Intimidate|boost\n|-unboost|p1a: Chidori|atk|1\n|-unboost|p1b: Junpei|atk|1\n|move|p2b: Meowscarada|Play Rough|p1a: Chidori\n|-damage|p1a: Chidori|18/100\n|replace|p1a: Takaya|Zoroark-Hisui, L50, M, shiny\n|-end|p1a: Takaya|Illusion\n|move|p1a: Takaya|Hyper Voice|p2a: Incineroar|[spread] p2a,p2b\n|-damage|p2a: Incineroar|42/100\n|-damage|p2b: Meowscarada|0 fnt\n|faint|p2b: Meowscarada\n|move|p1b: Junpei|Eruption|p2a: Incineroar\n|-resisted|p2a: Incineroar|1\n|-damage|p2a: Incineroar|0 fnt\n|faint|p2a: Incineroar\n|\n|-weather|none\n|-end|p1a: Takaya|move: Taunt\n|upkeep\n|inactive|Blaziken281 has 30 seconds left.\n|\n|t:|1776564774\n|switch|p2b: Venusaur|Venusaur, L50, M|92/100\n|turn|6\n|\n|t:|1776564783\n|move|p2b: Venusaur|Protect|p2b: Venusaur\n|-singleturn|p2b: Venusaur|Protect\n|move|p1a: Takaya|Bitter Malice|p2b: Venusaur\n|-activate|p2b: Venusaur|move: Protect\n|move|p1b: Junpei|Eruption|p2b: Venusaur\n|-activate|p2b: Venusaur|move: Protect\n|\n|-heal|p2b: Venusaur|98/100|[from] item: Leftovers\n|upkeep\n|turn|7\n|\n|t:|1776564804\n|move|p1a: Takaya|Will-O-Wisp|p2b: Venusaur\n|-status|p2b: Venusaur|brn\n|move|p1b: Junpei|Infernal Parade|p2b: Venusaur\n|-damage|p2b: Venusaur|37/100 brn\n|move|p2b: Venusaur|Sludge Bomb|p1b: Junpei\n|-resisted|p1b: Junpei|1\n|-damage|p1b: Junpei|76/100\n|-status|p1b: Junpei|psn\n|\n|-heal|p2b: Venusaur|43/100 brn|[from] item: Leftovers\n|-damage|p1b: Junpei|64/100 psn|[from] psn\n|-damage|p2b: Venusaur|37/100 brn|[from] brn\n|upkeep\n|turn|8\n|\n|t:|1776564821\n|move|p2b: Venusaur|Protect|p2b: Venusaur\n|-singleturn|p2b: Venusaur|Protect\n|move|p1a: Takaya|Hyper Voice|p2b: Venusaur\n|-activate|p2b: Venusaur|move: Protect\n|move|p1b: Junpei|Heat Wave|p2b: Venusaur\n|-activate|p2b: Venusaur|move: Protect\n|\n|-heal|p2b: Venusaur|43/100 brn|[from] item: Leftovers\n|-damage|p1b: Junpei|52/100 psn|[from] psn\n|-damage|p2b: Venusaur|37/100 brn|[from] brn\n|upkeep\n|turn|9\n|\n|t:|1776564833\n|move|p1a: Takaya|Snarl|p2b: Venusaur\n|-damage|p2b: Venusaur|17/100 brn\n|-unboost|p2b: Venusaur|spa|1\n|move|p1b: Junpei|Heat Wave|p2b: Venusaur\n|-supereffective|p2b: Venusaur|1\n|-damage|p2b: Venusaur|0 fnt\n|faint|p2b: Venusaur\n|\n|win|Jin_Shirato_P3\n|raw|Jin_Shirato_P3's rating: 1000 &rarr; <strong>1050</strong><br />(+50 for winning)\n|raw|Blaziken281's rating: 1087 &rarr; <strong>1058</strong><br />(-29 for losing)\n|l|\u2606Blaziken281\n|player|p2|\n|c|\u2606Jin_Shirato_P3|Gg\n",
  "uploadtime": 1776564844,
  "views": 11,
  "formatid": "gen9championsvgc2026regma",
  "rating": 1050,
  "private": 0,
  "password": null
}