{
  "id": "gen9championsvgc2026regma-2584996351",
  "format": "[Gen 9 Champions] VGC 2026 Reg M-A",
  "players": [
    "areestoo",
    "epicninjacatbro"
  ],
  "log": "|j|\u2606areestoo\n|j|\u2606epicninjacatbro\n|t:|1776301740\n|gametype|doubles\n|player|p1|areestoo|101|1185\n|player|p2|epicninjacatbro|sabrina|1224\n|gen|9\n|tier|[Gen 9 Champions] VGC 2026 Reg M-A\n|rated|\n|rule|Species Clause: Limit one of each Pok\u00e9mon\n|rule|Item Clause: Limit 1 of each item\n|clearpoke\n|poke|p1|Blastoise, L50, F|\n|poke|p1|Pelipper, L50, F|\n|poke|p1|Floette-Eternal, L50, F|\n|poke|p1|Wyrdeer, L50, F|\n|poke|p1|Weavile, L50, M|\n|poke|p1|Rhyperior, L50, M|\n|poke|p2|Dragapult, L50, M|\n|poke|p2|Basculegion, L50, M|\n|poke|p2|Aerodactyl, L50, F|\n|poke|p2|Delphox, L50, F|\n|poke|p2|Sinistcha, L50|\n|poke|p2|Passimian, L50, F|\n|teampreview|4\n|inactive|Battle timer is ON: inactive players will automatically lose when time's up. (requested by areestoo)\n|inactive|areestoo has 60 seconds left.\n|inactive|epicninjacatbro has 60 seconds left.\n|inactive|epicninjacatbro has 30 seconds left.\n|\n|t:|1776301810\n|teamsize|p1|4\n|teamsize|p2|4\n|start\n|switch|p1a: Wyrdeer|Wyrdeer, L50, F|100/100\n|switch|p1b: Weavile|Weavile, L50, M|100/100\n|switch|p2a: Delphox|Delphox, L50, F|100/100\n|switch|p2b: Sinistcha|Sinistcha, L50|100/100\n|-ability|p1b: Weavile|Pressure\n|-ability|p1a: Wyrdeer|Intimidate|boost\n|-unboost|p2a: Delphox|atk|1\n|-unboost|p2b: Sinistcha|atk|1\n|turn|1\n|\n|t:|1776301828\n|detailschange|p2a: Delphox|Delphox-Mega, L50, F\n|-mega|p2a: Delphox|Delphox|Delphoxite\n|move|p2b: Sinistcha|Rage Powder|p2b: Sinistcha\n|-singleturn|p2b: Sinistcha|move: Rage Powder\n|move|p2a: Delphox|Flamethrower|p1b: Weavile\n|-supereffective|p1b: Weavile|1\n|-enditem|p1b: Weavile|Focus Sash\n|-damage|p1b: Weavile|1/100\n|move|p1b: Weavile|Throat Chop|p2b: Sinistcha\n|-supereffective|p2b: Sinistcha|1\n|-damage|p2b: Sinistcha|20/100\n|-start|p2b: Sinistcha|Throat Chop|[silent]\n|-enditem|p2b: Sinistcha|Sitrus Berry|[eat]\n|-heal|p2b: Sinistcha|44/100|[from] item: Sitrus Berry\n|move|p1a: Wyrdeer|Double-Edge|p2b: Sinistcha\n|-immune|p2b: Sinistcha\n|\n|upkeep\n|turn|2\n|\n|t:|1776301850\n|move|p2a: Delphox|Flamethrower|p1b: Weavile\n|-supereffective|p1b: Weavile|1\n|-damage|p1b: Weavile|0 fnt\n|faint|p1b: Weavile\n|move|p2b: Sinistcha|Life Dew||[still]|[spread] p2a,p2b\n|-fail|p2a: Delphox|heal\n|-heal|p2b: Sinistcha|70/100\n|move|p1a: Wyrdeer|Trick Room|p1a: Wyrdeer\n|-fieldstart|move: Trick Room|[of] p1a: Wyrdeer\n|\n|-end|p2b: Sinistcha|Throat Chop|[silent]\n|upkeep\n|\n|t:|1776301854\n|switch|p1b: Rhyperior|Rhyperior, L50, M|100/100\n|turn|3\n|\n|t:|1776301866\n|switch|p2a: Passimian|Passimian, L50, F|100/100\n|move|p1b: Rhyperior|Rock Slide|p2a: Passimian|[spread] p2a,p2b\n|-resisted|p2a: Passimian|1\n|-damage|p2a: Passimian|81/100\n|-damage|p2b: Sinistcha|36/100\n|move|p1a: Wyrdeer|Psyshield Bash|p2b: Sinistcha|[miss]\n|-miss|p1a: Wyrdeer|p2b: Sinistcha\n|move|p2b: Sinistcha|Matcha Gotcha|p1a: Wyrdeer|[spread] p1a,p1b\n|-supereffective|p1b: Rhyperior|2\n|-damage|p1a: Wyrdeer|66/100\n|-heal|p2b: Sinistcha|56/100|[from] drain|[of] p1a: Wyrdeer\n|-damage|p1b: Rhyperior|0 fnt\n|-heal|p2b: Sinistcha|100/100|[from] drain|[of] p1b: Rhyperior\n|faint|p1b: Rhyperior\n|\n|upkeep\n|\n|t:|1776301880\n|switch|p1b: Floette|Floette-Eternal, L50, F|100/100\n|turn|4\n|\n|t:|1776301897\n|detailschange|p1b: Floette|Floette-Mega, L50, F\n|-mega|p1b: Floette|Floette|Floettite\n|-ability|p1b: Floette|Fairy Aura\n|move|p1a: Wyrdeer|Psyshield Bash|p2a: Passimian\n|-supereffective|p2a: Passimian|1\n|-damage|p2a: Passimian|0 fnt\n|-boost|p1a: Wyrdeer|def|1\n|faint|p2a: Passimian\n|move|p2b: Sinistcha|Matcha Gotcha|p1a: Wyrdeer|[spread] p1a,p1b\n|-damage|p1a: Wyrdeer|34/100\n|-damage|p1b: Floette|73/100\n|-enditem|p1a: Wyrdeer|Sitrus Berry|[eat]\n|-heal|p1a: Wyrdeer|59/100|[from] item: Sitrus Berry\n|move|p1b: Floette|Dazzling Gleam|p2b: Sinistcha\n|-damage|p2b: Sinistcha|21/100\n|\n|upkeep\n|inactive|epicninjacatbro has 30 seconds left.\n|inactive|epicninjacatbro has 20 seconds left.\n|inactive|epicninjacatbro has 15 seconds left.\n|\n|t:|1776301937\n|switch|p2a: Basculegion|Basculegion, L50, M|100/100\n|turn|5\n|\n|t:|1776301946\n|move|p1a: Wyrdeer|Psyshield Bash|p2b: Sinistcha\n|-damage|p2b: Sinistcha|0 fnt\n|-boost|p1a: Wyrdeer|def|1\n|faint|p2b: Sinistcha\n|move|p1b: Floette|Light of Ruin|p2a: Basculegion\n|-damage|p2a: Basculegion|0 fnt\n|faint|p2a: Basculegion\n|-damage|p1b: Floette|7/100|[from] Recoil\n|\n|upkeep\n|\n|t:|1776301955\n|switch|p2a: Delphox|Delphox-Mega, L50, F|100/100\n|turn|6\n|\n|t:|1776301964\n|move|p2a: Delphox|Protect|p2a: Delphox\n|-singleturn|p2a: Delphox|Protect\n|move|p1a: Wyrdeer|Double-Edge|p2a: Delphox\n|-activate|p2a: Delphox|move: Protect\n|move|p1b: Floette|Light of Ruin|p2a: Delphox\n|-activate|p2a: Delphox|move: Protect\n|\n|-fieldend|move: Trick Room\n|upkeep\n|turn|7\n|\n|t:|1776301973\n|move|p1b: Floette|Protect|p1b: Floette\n|-singleturn|p1b: Floette|Protect\n|move|p2a: Delphox|Psyshock|p1b: Floette\n|-activate|p1b: Floette|move: Protect\n|move|p1a: Wyrdeer|Trick Room|p1a: Wyrdeer\n|-fieldstart|move: Trick Room|[of] p1a: Wyrdeer\n|\n|upkeep\n|turn|8\n|c|\u2606epicninjacatbro|gg\n|\n|t:|1776301984\n|move|p1a: Wyrdeer|Double-Edge|p2a: Delphox\n|-damage|p2a: Delphox|11/100\n|-damage|p1a: Wyrdeer|38/100|[from] Recoil\n|move|p1b: Floette|Light of Ruin|p2a: Delphox\n|-resisted|p2a: Delphox|1\n|-damage|p2a: Delphox|0 fnt\n|faint|p2a: Delphox\n|-damage|p1b: Floette|2/100|[from] Recoil\n|\n|win|areestoo\n|raw|areestoo's rating: 1185 &rarr; <strong>1213</strong><br />(+28 for winning)\n|raw|epicninjacatbro's rating: 1224 &rarr; <strong>1196</strong><br />(-28 for losing)\n",
  "uploadtime": 1776301985,
  "views": 22,
  "formatid": "gen9championsvgc2026regma",
  "rating": 1196,
  "private": 0,
  "password": null
}