{
  "id": "gen9championsvgc2026regma-2581987907",
  "format": "[Gen 9 Champions] VGC 2026 Reg M-A",
  "players": [
    "lobbychatlagsmypc",
    "KangarooToodleloo"
  ],
  "log": "|j|\u2606lobbychatlagsmypc\n|j|\u2606KangarooToodleloo\n|t:|1776045934\n|gametype|doubles\n|player|p1|lobbychatlagsmypc|265|1298\n|player|p2|KangarooToodleloo|blue-masters|1216\n|gen|9\n|tier|[Gen 9 Champions] VGC 2026 Reg M-A\n|rated|\n|rule|Species Clause: Limit one of each Pok\u00e9mon\n|rule|Item Clause: Limit 1 of each item\n|clearpoke\n|poke|p1|Mudsdale, L50, F|\n|poke|p1|Blastoise, L50, M|\n|poke|p1|Talonflame, L50, M|\n|poke|p1|Sinistcha, L50|\n|poke|p1|Floette-Eternal, L50, F|\n|poke|p1|Incineroar, L50, F|\n|poke|p2|Gyarados, L50, M|\n|poke|p2|Incineroar, L50, F|\n|poke|p2|Gengar, L50, M|\n|poke|p2|Kommo-o, L50, F|\n|poke|p2|Sinistcha-Masterpiece, L50|\n|poke|p2|Kangaskhan, L50, F|\n|teampreview|4\n|inactive|Battle timer is ON: inactive players will automatically lose when time's up. (requested by lobbychatlagsmypc)\n|\n|t:|1776045960\n|teamsize|p1|4\n|teamsize|p2|4\n|start\n|switch|p1a: Incineroar|Incineroar, L50, F|100/100\n|switch|p1b: Floette|Floette-Eternal, L50, F|100/100\n|switch|p2a: Gengar|Gengar, L50, M|100/100\n|switch|p2b: Gyarados|Gyarados, L50, M|100/100\n|-ability|p2b: Gyarados|Intimidate|boost\n|-unboost|p1a: Incineroar|atk|1\n|-unboost|p1b: Floette|atk|1\n|-ability|p1a: Incineroar|Intimidate|boost\n|-unboost|p2a: Gengar|atk|1\n|-unboost|p2b: Gyarados|atk|1\n|turn|1\n|\n|t:|1776045975\n|switch|p2b: Incineroar|Incineroar, L50, F|100/100\n|-ability|p2b: Incineroar|Intimidate|boost\n|-unboost|p1a: Incineroar|atk|1\n|-unboost|p1b: Floette|atk|1\n|move|p2a: Gengar|Protect|p2a: Gengar\n|-singleturn|p2a: Gengar|Protect\n|move|p1b: Floette|Protect|p1b: Floette\n|-singleturn|p1b: Floette|Protect\n|move|p1a: Incineroar|Parting Shot|p2a: Gengar\n|-activate|p2a: Gengar|move: Protect\n|\n|upkeep\n|turn|2\n|\n|t:|1776045995\n|detailschange|p2a: Gengar|Gengar-Mega, L50, M\n|-mega|p2a: Gengar|Gengar|Gengarite\n|detailschange|p1b: Floette|Floette-Mega, L50, F\n|-mega|p1b: Floette|Floette|Floettite\n|-ability|p1b: Floette|Fairy Aura\n|move|p2b: Incineroar|Fake Out|p1a: Incineroar\n|-damage|p1a: Incineroar|88/100\n|move|p2a: Gengar|Sludge Bomb|p1b: Floette\n|-supereffective|p1b: Floette|1\n|-damage|p1b: Floette|26/100\n|-status|p1b: Floette|psn\n|move|p1b: Floette|Moonblast|p2b: Incineroar\n|-damage|p2b: Incineroar|27/100\n|-enditem|p2b: Incineroar|Sitrus Berry|[eat]\n|-heal|p2b: Incineroar|52/100|[from] item: Sitrus Berry\n|cant|p1a: Incineroar|flinch\n|\n|-damage|p1b: Floette|14/100 psn|[from] psn\n|upkeep\n|turn|3\n|\n|t:|1776046015\n|move|p2a: Gengar|Protect|p2a: Gengar\n|-singleturn|p2a: Gengar|Protect\n|move|p1b: Floette|Protect|p1b: Floette\n|-singleturn|p1b: Floette|Protect\n|move|p1a: Incineroar|Parting Shot|p2b: Incineroar\n|-unboost|p2b: Incineroar|atk|1\n|-unboost|p2b: Incineroar|spa|1\n|\n|t:|1776046018\n|switch|p1a: Talonflame|Talonflame, L50, M|100/100|[from] Parting Shot\n|move|p2b: Incineroar|Throat Chop|p1a: Talonflame\n|-damage|p1a: Talonflame|60/100\n|-start|p1a: Talonflame|Throat Chop|[silent]\n|\n|-damage|p1b: Floette|2/100 psn|[from] psn\n|upkeep\n|turn|4\n|\n|t:|1776046033\n|switch|p2b: Gyarados|Gyarados, L50, M|100/100\n|-ability|p2b: Gyarados|Intimidate|boost\n|-unboost|p1a: Talonflame|atk|1\n|-unboost|p1b: Floette|atk|1\n|move|p2a: Gengar|Sludge Bomb|p1a: Talonflame\n|-damage|p1a: Talonflame|0 fnt\n|faint|p1a: Talonflame\n|move|p1b: Floette|Moonblast|p2b: Gyarados\n|-damage|p2b: Gyarados|38/100\n|\n|-damage|p1b: Floette|0 fnt|[from] psn\n|faint|p1b: Floette\n|upkeep\n|\n|t:|1776046037\n|switch|p1a: Incineroar|Incineroar, L50, F|88/100\n|switch|p1b: Blastoise|Blastoise, L50, M|100/100\n|-ability|p1a: Incineroar|Intimidate|boost\n|-unboost|p2a: Gengar|atk|1\n|-unboost|p2b: Gyarados|atk|1\n|turn|5\n|-message|lobbychatlagsmypc forfeited.\n|\n|win|KangarooToodleloo\n|raw|lobbychatlagsmypc's rating: 1298 &rarr; <strong>1267</strong><br />(-31 for losing)\n|raw|KangarooToodleloo's rating: 1216 &rarr; <strong>1247</strong><br />(+31 for winning)\n|l|\u2606lobbychatlagsmypc\n|player|p1|\n|l|\u2606KangarooToodleloo\n|player|p2|\n|j|\u2606KangarooToodleloo\n|player|p2|KangarooToodleloo|blue-masters|\n",
  "uploadtime": 1776046055,
  "views": 21,
  "formatid": "gen9championsvgc2026regma",
  "rating": 1247,
  "private": 0,
  "password": null
}