{
  "id": "gen9championsvgc2026regma-2587633859",
  "format": "[Gen 9 Champions] VGC 2026 Reg M-A",
  "players": [
    "gonegeb",
    "manask28ada"
  ],
  "log": "|j|\u2606gonegeb\n|j|\u2606manask28ada\n|t:|1776548871\n|gametype|doubles\n|player|p1|gonegeb|corbeau|1139\n|player|p2|manask28ada|cynthia-gen4|1150\n|gen|9\n|tier|[Gen 9 Champions] VGC 2026 Reg M-A\n|rated|\n|rule|Species Clause: Limit one of each Pok\u00e9mon\n|rule|Item Clause: Limit 1 of each item\n|clearpoke\n|poke|p1|Lucario, L50, M|\n|poke|p1|Umbreon, L50, M, shiny|\n|poke|p1|Arcanine, L50, F, shiny|\n|poke|p1|Ceruledge, L50, M|\n|poke|p1|Corviknight, L50, M|\n|poke|p1|Whimsicott, L50, F, shiny|\n|poke|p2|Lucario, L50, M|\n|poke|p2|Floette-Eternal, L50, F|\n|poke|p2|Aerodactyl, L50, M, shiny|\n|poke|p2|Kangaskhan, L50, F|\n|poke|p2|Gengar, L50, M|\n|poke|p2|Milotic, L50, F, shiny|\n|teampreview|4\n|\n|t:|1776548949\n|teamsize|p1|4\n|teamsize|p2|4\n|start\n|switch|p1a: Anubis|Lucario, L50, M|100/100\n|switch|p1b: Luna|Whimsicott, L50, F, shiny|100/100\n|switch|p2a: Milotic|Milotic, L50, F, shiny|100/100\n|switch|p2b: Aerodactyl|Aerodactyl, L50, M, shiny|100/100\n|-ability|p2b: Aerodactyl|Unnerve\n|turn|1\n|\n|t:|1776548966\n|move|p1b: Luna|Tailwind|p1b: Luna\n|-sidestart|p1: gonegeb|move: Tailwind\n|move|p1a: Anubis|Swords Dance|p1a: Anubis\n|-boost|p1a: Anubis|atk|2\n|move|p2b: Aerodactyl|Rock Slide|p1b: Luna|[spread] p1a,p1b\n|-resisted|p1a: Anubis|2\n|-crit|p1a: Anubis\n|-damage|p1a: Anubis|84/100\n|-damage|p1b: Luna|72/100\n|move|p2a: Milotic|Icy Wind|p1a: Anubis|[spread] p1a,p1b\n|-resisted|p1a: Anubis|1\n|-supereffective|p1b: Luna|1\n|-damage|p1a: Anubis|74/100\n|-damage|p1b: Luna|35/100\n|-unboost|p1a: Anubis|spe|1\n|-unboost|p1b: Luna|spe|1\n|\n|upkeep\n|turn|2\n|\n|t:|1776548985\n|switch|p1b: Umbra|Umbreon, L50, M, shiny|100/100\n|detailschange|p1a: Anubis|Lucario-Mega, L50, M\n|-mega|p1a: Anubis|Lucario|Lucarionite\n|move|p1a: Anubis|Meteor Mash|p2b: Aerodactyl\n|-supereffective|p2b: Aerodactyl|1\n|-enditem|p2b: Aerodactyl|Focus Sash\n|-damage|p2b: Aerodactyl|1/100\n|move|p2b: Aerodactyl|Dual Wingbeat|p1a: Anubis|[miss]\n|-miss|p2b: Aerodactyl|p1a: Anubis\n|move|p2a: Milotic|Icy Wind|p1a: Anubis|[spread] p1a,p1b\n|-resisted|p1a: Anubis|1\n|-damage|p1a: Anubis|64/100\n|-damage|p1b: Umbra|92/100\n|-unboost|p1a: Anubis|spe|1\n|-unboost|p1b: Umbra|spe|1\n|\n|-heal|p1b: Umbra|98/100|[from] item: Leftovers\n|upkeep\n|turn|3\n|\n|t:|1776549011\n|move|p1a: Anubis|Protect|p1a: Anubis\n|-singleturn|p1a: Anubis|Protect\n|move|p2b: Aerodactyl|Tailwind|p2b: Aerodactyl\n|-sidestart|p2: manask28ada|move: Tailwind\n|move|p2a: Milotic|Scald|p1a: Anubis\n|-activate|p1a: Anubis|move: Protect\n|move|p1b: Umbra|Foul Play|p2b: Aerodactyl\n|-damage|p2b: Aerodactyl|0 fnt\n|faint|p2b: Aerodactyl\n|\n|-heal|p1b: Umbra|100/100|[from] item: Leftovers\n|upkeep\n|\n|t:|1776549022\n|switch|p2b: Lucario|Lucario, L50, M|100/100\n|turn|4\n|\n|t:|1776549032\n|switch|p1a: Nuumite|Corviknight, L50, M|100/100\n|-ability|p1a: Nuumite|Pressure\n|switch|p1b: Luna|Whimsicott, L50, F, shiny|35/100\n|detailschange|p2b: Lucario|Lucario-Mega, L50, M\n|-mega|p2b: Lucario|Lucario|Lucarionite\n|move|p2b: Lucario|Vacuum Wave|p1a: Nuumite\n|-damage|p1a: Nuumite|74/100\n|move|p2a: Milotic|Scald|p1b: Luna\n|-resisted|p1b: Luna|1\n|-damage|p1b: Luna|9/100\n|\n|-sideend|p1: gonegeb|move: Tailwind\n|upkeep\n|turn|5\n|\n|t:|1776549056\n|move|p1b: Luna|Tailwind|p1b: Luna\n|-sidestart|p1: gonegeb|move: Tailwind\n|move|p2b: Lucario|Nasty Plot|p2b: Lucario\n|-boost|p2b: Lucario|spa|2\n|move|p2a: Milotic|Icy Wind|p1b: Luna|[spread] p1a,p1b\n|-supereffective|p1b: Luna|1\n|-damage|p1a: Nuumite|63/100\n|-damage|p1b: Luna|0 fnt\n|-unboost|p1a: Nuumite|spe|1\n|faint|p1b: Luna\n|move|p1a: Nuumite|Body Press|p2b: Lucario\n|-supereffective|p2b: Lucario|1\n|-damage|p2b: Lucario|38/100\n|\n|upkeep\n|\n|t:|1776549067\n|switch|p1b: Anubis|Lucario-Mega, L50, M|64/100\n|turn|6\n|\n|t:|1776549082\n|move|p2b: Lucario|Protect|p2b: Lucario\n|-singleturn|p2b: Lucario|Protect\n|move|p1b: Anubis|Protect|p1b: Anubis\n|-singleturn|p1b: Anubis|Protect\n|move|p2a: Milotic|Scald|p1b: Anubis\n|-activate|p1b: Anubis|move: Protect\n|move|p1a: Nuumite|Body Press|p2b: Lucario\n|-activate|p2b: Lucario|move: Protect\n|\n|-sideend|p2: manask28ada|move: Tailwind\n|upkeep\n|turn|7\n|\n|t:|1776549100\n|switch|p1b: Umbra|Umbreon, L50, M, shiny|100/100\n|move|p2b: Lucario|Vacuum Wave|p1a: Nuumite\n|-damage|p1a: Nuumite|13/100\n|move|p1a: Nuumite|Body Press|p2b: Lucario\n|-supereffective|p2b: Lucario|1\n|-damage|p2b: Lucario|0 fnt\n|faint|p2b: Lucario\n|move|p2a: Milotic|Scald|p1b: Umbra\n|-damage|p1b: Umbra|76/100\n|\n|-heal|p1b: Umbra|82/100|[from] item: Leftovers\n|upkeep\n|\n|t:|1776549108\n|switch|p2b: Gengar|Gengar, L50, M|100/100\n|turn|8\n|\n|t:|1776549145\n|move|p2b: Gengar|Shadow Ball|p1a: Nuumite\n|-damage|p1a: Nuumite|0 fnt\n|faint|p1a: Nuumite\n|move|p1b: Umbra|Foul Play|p2b: Gengar\n|-supereffective|p2b: Gengar|1\n|-damage|p2b: Gengar|12/100\n|move|p2a: Milotic|Scald|p1b: Umbra\n|-damage|p1b: Umbra|58/100\n|-status|p1b: Umbra|brn\n|\n|-heal|p1b: Umbra|64/100 brn|[from] item: Leftovers\n|-damage|p1b: Umbra|58/100 brn|[from] brn\n|-sideend|p1: gonegeb|move: Tailwind\n|upkeep\n|\n|t:|1776549154\n|switch|p1a: Anubis|Lucario-Mega, L50, M|64/100\n|turn|9\n|\n|t:|1776549173\n|move|p1a: Anubis|Protect|p1a: Anubis\n|-singleturn|p1a: Anubis|Protect\n|move|p2b: Gengar|Shadow Ball|p1b: Umbra\n|-resisted|p1b: Umbra|1\n|-damage|p1b: Umbra|43/100 brn\n|-unboost|p1b: Umbra|spd|1\n|move|p2a: Milotic|Scald|p1b: Umbra\n|-damage|p1b: Umbra|5/100 brn\n|move|p1b: Umbra|Foul Play|p2b: Gengar\n|-supereffective|p2b: Gengar|1\n|-damage|p2b: Gengar|0 fnt\n|faint|p2b: Gengar\n|\n|-heal|p1b: Umbra|11/100 brn|[from] item: Leftovers\n|-damage|p1b: Umbra|5/100 brn|[from] brn\n|upkeep\n|turn|10\n|\n|t:|1776549188\n|move|p1a: Anubis|Close Combat|p2a: Milotic\n|-damage|p2a: Milotic|3/100\n|-unboost|p1a: Anubis|def|1\n|-unboost|p1a: Anubis|spd|1\n|move|p2a: Milotic|Icy Wind|p1b: Umbra|[spread] p1a,p1b\n|-resisted|p1a: Anubis|1\n|-damage|p1a: Anubis|49/100\n|-damage|p1b: Umbra|0 fnt\n|-unboost|p1a: Anubis|spe|1\n|faint|p1b: Umbra\n|\n|-heal|p2a: Milotic|9/100|[from] item: Leftovers\n|upkeep\n|turn|11\n|\n|t:|1776549210\n|move|p1a: Anubis|Close Combat|p2a: Milotic\n|-damage|p2a: Milotic|0 fnt\n|-unboost|p1a: Anubis|def|1\n|-unboost|p1a: Anubis|spd|1\n|faint|p2a: Milotic\n|\n|win|gonegeb\n|raw|gonegeb's rating: 1139 &rarr; <strong>1165</strong><br />(+26 for winning)\n|raw|manask28ada's rating: 1150 &rarr; <strong>1124</strong><br />(-26 for losing)\n",
  "uploadtime": 1776549220,
  "views": 12,
  "formatid": "gen9championsvgc2026regma",
  "rating": 1124,
  "private": 0,
  "password": null
}