{
  "id": "gen9championsvgc2026regma-2583095841",
  "format": "[Gen 9 Champions] VGC 2026 Reg M-A",
  "players": [
    "YuriLover66",
    "lakeandbake"
  ],
  "log": "|j|\u2606YuriLover66\n|j|\u203dlakeandbake\n|t:|1776141485\n|gametype|doubles\n|player|p1|YuriLover66|102|1072\n|player|p2|lakeandbake|iono-masters|1102\n|gen|9\n|tier|[Gen 9 Champions] VGC 2026 Reg M-A\n|rated|\n|rule|Species Clause: Limit one of each Pok\u00e9mon\n|rule|Item Clause: Limit 1 of each item\n|clearpoke\n|poke|p1|Drampa, L50, M|\n|poke|p1|Pelipper, L50, F|\n|poke|p1|Basculegion, L50, M|\n|poke|p1|Scizor, L50, F|\n|poke|p1|Sinistcha, L50|\n|poke|p1|Alakazam, L50, M|\n|poke|p2|Floette-Eternal, L50, F|\n|poke|p2|Incineroar, L50, M|\n|poke|p2|Ninetales-Alola, L50, F|\n|poke|p2|Sinistcha, L50|\n|poke|p2|Garchomp, L50, M|\n|poke|p2|Maushold, L50|\n|teampreview|4\n|inactive|Battle timer is ON: inactive players will automatically lose when time's up. (requested by lakeandbake)\n|inactive|lakeandbake has 60 seconds left.\n|\n|t:|1776141526\n|teamsize|p1|4\n|teamsize|p2|4\n|start\n|switch|p1a: Scizor|Scizor, L50, F|100/100\n|switch|p1b: Alakazam|Alakazam, L50, M|100/100\n|switch|p2a: Maushold|Maushold, L50|100/100\n|switch|p2b: Floette|Floette-Eternal, L50, F|100/100\n|turn|1\n|inactive|lakeandbake has 30 seconds left.\n|\n|t:|1776141560\n|detailschange|p1a: Scizor|Scizor-Mega, L50, F\n|-mega|p1a: Scizor|Scizor|Scizorite\n|detailschange|p2b: Floette|Floette-Mega, L50, F\n|-mega|p2b: Floette|Floette|Floettite\n|-ability|p2b: Floette|Fairy Aura\n|move|p2b: Floette|Protect|p2b: Floette\n|-singleturn|p2b: Floette|Protect\n|move|p1a: Scizor|Bullet Punch|p2b: Floette\n|-activate|p2b: Floette|move: Protect\n|move|p1b: Alakazam|Light Screen|p1b: Alakazam\n|-sidestart|p1: YuriLover66|move: Light Screen\n|move|p2a: Maushold|Taunt|p1b: Alakazam\n|-start|p1b: Alakazam|move: Taunt\n|\n|upkeep\n|turn|2\n|inactive|YuriLover66 has 30 seconds left.\n|inactive|YuriLover66 has 20 seconds left.\n|\n|t:|1776141597\n|switch|p1b: Pelipper|Pelipper, L50, F|100/100\n|-weather|RainDance|[from] ability: Drizzle|[of] p1b: Pelipper\n|switch|p2b: Sinistcha|Sinistcha, L50|100/100\n|move|p2a: Maushold|Super Fang|p1a: Scizor\n|-damage|p1a: Scizor|51/100\n|move|p1a: Scizor|Swords Dance|p1a: Scizor\n|-boost|p1a: Scizor|atk|2\n|\n|-weather|RainDance|[upkeep]\n|upkeep\n|turn|3\n|inactive|lakeandbake has 30 seconds left.\n|\n|t:|1776141624\n|move|p2a: Maushold|Super Fang|p1b: Pelipper\n|-damage|p1b: Pelipper|51/100\n|move|p1a: Scizor|Dual Wingbeat|p2b: Sinistcha|[miss]\n|-miss|p1a: Scizor|p2b: Sinistcha\n|move|p2b: Sinistcha|Matcha Gotcha|p1b: Pelipper|[spread] p1a,p1b\n|-resisted|p1a: Scizor|2\n|-damage|p1a: Scizor|46/100\n|-damage|p1b: Pelipper|35/100\n|move|p1b: Pelipper|Tailwind|p1b: Pelipper\n|-sidestart|p1: YuriLover66|move: Tailwind\n|\n|-weather|RainDance|[upkeep]\n|-heal|p1b: Pelipper|41/100|[from] item: Leftovers\n|upkeep\n|turn|4\n|\n|t:|1776141641\n|move|p2a: Maushold|Follow Me|p2a: Maushold\n|-singleturn|p2a: Maushold|move: Follow Me\n|move|p1a: Scizor|Dual Wingbeat|p2a: Maushold\n|-damage|p2a: Maushold|48/100\n|-damage|p2a: Maushold|0 fnt\n|faint|p2a: Maushold\n|-hitcount|p2: Maushold|2\n|move|p1b: Pelipper|Hurricane|p2b: Sinistcha\n|-supereffective|p2b: Sinistcha|1\n|-damage|p2b: Sinistcha|35/100\n|move|p2b: Sinistcha|Trick Room|p2b: Sinistcha\n|-fieldstart|move: Trick Room|[of] p2b: Sinistcha\n|\n|-weather|RainDance|[upkeep]\n|-heal|p1b: Pelipper|47/100|[from] item: Leftovers\n|upkeep\n|\n|t:|1776141655\n|switch|p2a: Ninetales|Ninetales-Alola, L50, F|100/100\n|-weather|Snowscape|[from] ability: Snow Warning|[of] p2a: Ninetales\n|turn|5\n|\n|t:|1776141675\n|move|p2a: Ninetales|Protect|p2a: Ninetales\n|-singleturn|p2a: Ninetales|Protect\n|move|p1b: Pelipper|Wide Guard|p1b: Pelipper\n|-singleturn|p1b: Pelipper|Wide Guard\n|move|p1a: Scizor|Bullet Punch|p2a: Ninetales\n|-activate|p2a: Ninetales|move: Protect\n|move|p2b: Sinistcha|Matcha Gotcha|p1a: Scizor|[spread] \n|-activate|p1a: Scizor|move: Wide Guard\n|-activate|p1b: Pelipper|move: Wide Guard\n|\n|-weather|Snowscape|[upkeep]\n|-heal|p1b: Pelipper|53/100|[from] item: Leftovers\n|-sideend|p1: YuriLover66|move: Light Screen\n|upkeep\n|turn|6\n|inactive|lakeandbake has 30 seconds left.\n|-message|lakeandbake forfeited.\n|\n|win|YuriLover66\n|raw|YuriLover66's rating: 1072 &rarr; <strong>1104</strong><br />(+32 for winning)\n|raw|lakeandbake's rating: 1102 &rarr; <strong>1075</strong><br />(-27 for losing)\n",
  "uploadtime": 1776141706,
  "views": 12,
  "formatid": "gen9championsvgc2026regma",
  "rating": 1075,
  "private": 0,
  "password": null
}