{
  "id": "gen9championsvgc2026regma-2585824631",
  "format": "[Gen 9 Champions] VGC 2026 Reg M-A",
  "players": [
    "naimius23",
    "astonished25"
  ],
  "log": "|j|\u2606naimius23\n|j|\u2606astonished25\n|t:|1776373390\n|gametype|doubles\n|player|p1|naimius23|firebreather|1169\n|player|p2|astonished25|2|1236\n|gen|9\n|tier|[Gen 9 Champions] VGC 2026 Reg M-A\n|rated|\n|rule|Species Clause: Limit one of each Pok\u00e9mon\n|rule|Item Clause: Limit 1 of each item\n|clearpoke\n|poke|p1|Charizard, L50, M|\n|poke|p1|Venusaur, L50, F|\n|poke|p1|Sneasler, L50, F|\n|poke|p1|Incineroar, L50, M|\n|poke|p1|Rotom-Wash, L50|\n|poke|p1|Garchomp, L50, M|\n|poke|p2|Aerodactyl, L50, M|\n|poke|p2|Tyranitar, L50, M|\n|poke|p2|Kingambit, L50, M|\n|poke|p2|Floette-Eternal, L50, F|\n|poke|p2|Sinistcha-Masterpiece, L50|\n|poke|p2|Basculegion, L50, M|\n|teampreview|4\n|inactive|Battle timer is ON: inactive players will automatically lose when time's up. (requested by astonished25)\n|\n|t:|1776373403\n|teamsize|p1|4\n|teamsize|p2|4\n|start\n|switch|p1a: Rotom|Rotom-Wash, L50|100/100\n|switch|p1b: Sneasler|Sneasler, L50, F|100/100\n|switch|p2a: Aerodactyl|Aerodactyl, L50, M|100/100\n|switch|p2b: Tyranitar|Tyranitar, L50, M|100/100\n|-ability|p2a: Aerodactyl|Unnerve\n|-weather|Sandstorm|[from] ability: Sand Stream|[of] p2b: Tyranitar\n|turn|1\n|\n|t:|1776373426\n|switch|p2b: Sinistcha|Sinistcha-Masterpiece, L50|100/100\n|move|p2a: Aerodactyl|Protect|p2a: Aerodactyl\n|-singleturn|p2a: Aerodactyl|Protect\n|move|p1b: Sneasler|Fake Out|p2a: Aerodactyl\n|-activate|p2a: Aerodactyl|move: Protect\n|move|p1a: Rotom|Volt Switch|p2a: Aerodactyl\n|-activate|p2a: Aerodactyl|move: Protect\n|\n|-weather|Sandstorm|[upkeep]\n|-damage|p1b: Sneasler|95/100|[from] Sandstorm\n|-damage|p1a: Rotom|95/100|[from] Sandstorm\n|-damage|p2b: Sinistcha|94/100|[from] Sandstorm\n|-heal|p1a: Rotom|100/100|[from] item: Leftovers\n|upkeep\n|turn|2\n|inactive|naimius23 has 30 seconds left.\n|inactive|naimius23 has 20 seconds left.\n|\n|t:|1776373461\n|move|p1b: Sneasler|Protect|p1b: Sneasler\n|-singleturn|p1b: Sneasler|Protect\n|move|p2a: Aerodactyl|Dual Wingbeat|p1b: Sneasler\n|-activate|p1b: Sneasler|move: Protect\n|move|p1a: Rotom|Hydro Pump|p2a: Aerodactyl|[miss]\n|-miss|p1a: Rotom|p2a: Aerodactyl\n|move|p2b: Sinistcha|Nasty Plot|p2b: Sinistcha\n|-boost|p2b: Sinistcha|spa|2\n|\n|-weather|Sandstorm|[upkeep]\n|-damage|p1b: Sneasler|89/100|[from] Sandstorm\n|-damage|p1a: Rotom|95/100|[from] Sandstorm\n|-damage|p2b: Sinistcha|88/100|[from] Sandstorm\n|-heal|p1a: Rotom|100/100|[from] item: Leftovers\n|upkeep\n|turn|3\n|\n|t:|1776373480\n|move|p2a: Aerodactyl|Protect|p2a: Aerodactyl\n|-singleturn|p2a: Aerodactyl|Protect\n|move|p1b: Sneasler|Dire Claw|p2b: Sinistcha\n|-damage|p2b: Sinistcha|48/100\n|move|p1a: Rotom|Shadow Ball|p2b: Sinistcha\n|-supereffective|p2b: Sinistcha|1\n|-damage|p2b: Sinistcha|5/100\n|move|p2b: Sinistcha|Matcha Gotcha|p1a: Rotom|[spread] p1a,p1b\n|-supereffective|p1a: Rotom|1\n|-resisted|p1b: Sneasler|1\n|-damage|p1a: Rotom|0 fnt\n|-heal|p2b: Sinistcha|40/100|[from] drain|[of] p1a: Rotom\n|-damage|p1b: Sneasler|54/100\n|-heal|p2b: Sinistcha|56/100|[from] drain|[of] p1b: Sneasler\n|faint|p1a: Rotom\n|\n|-weather|Sandstorm|[upkeep]\n|-damage|p1b: Sneasler|48/100|[from] Sandstorm\n|-damage|p2b: Sinistcha|50/100|[from] Sandstorm\n|upkeep\n|\n|t:|1776373501\n|switch|p1a: Charizard|Charizard, L50, M, shiny|100/100\n|turn|4\n|\n|t:|1776373525\n|switch|p1b: Venusaur|Venusaur, L50, F|100/100\n|detailschange|p1a: Charizard|Charizard-Mega-Y, L50, M, shiny\n|-mega|p1a: Charizard|Charizard|Charizardite Y\n|-weather|SunnyDay|[from] ability: Drought|[of] p1a: Charizard\n|move|p2a: Aerodactyl|Rock Slide|p1b: Venusaur|[spread] p1a,p1b\n|-supereffective|p1a: Charizard|2\n|-damage|p1a: Charizard|0 fnt\n|-damage|p1b: Venusaur|64/100\n|faint|p1a: Charizard\n|move|p2b: Sinistcha|Matcha Gotcha|p1b: Venusaur\n|-resisted|p1b: Venusaur|2\n|-damage|p1b: Venusaur|45/100\n|-heal|p2b: Sinistcha|58/100|[from] drain|[of] p1b: Venusaur\n|-status|p1b: Venusaur|brn\n|\n|-weather|SunnyDay|[upkeep]\n|-damage|p1b: Venusaur|39/100 brn|[from] brn\n|upkeep\n|\n|t:|1776373538\n|switch|p1a: Sneasler|Sneasler, L50, F|48/100\n|turn|5\n|\n|t:|1776373544\n|move|p2a: Aerodactyl|Protect|p2a: Aerodactyl\n|-singleturn|p2a: Aerodactyl|Protect\n|move|p1a: Sneasler|Fake Out|p2a: Aerodactyl\n|-activate|p2a: Aerodactyl|move: Protect\n|move|p1b: Venusaur|Sleep Powder|p2b: Sinistcha\n|-immune|p2b: Sinistcha\n|move|p2b: Sinistcha|Matcha Gotcha|p1a: Sneasler|[spread] p1a,p1b\n|-resisted|p1a: Sneasler|1\n|-resisted|p1b: Venusaur|2\n|-damage|p1a: Sneasler|17/100\n|-heal|p2b: Sinistcha|72/100|[from] drain|[of] p1a: Sneasler\n|-damage|p1b: Venusaur|25/100 brn\n|-heal|p2b: Sinistcha|79/100|[from] drain|[of] p1b: Venusaur\n|\n|-weather|SunnyDay|[upkeep]\n|-damage|p1b: Venusaur|19/100 brn|[from] brn\n|upkeep\n|turn|6\n|\n|t:|1776373559\n|switch|p2b: Tyranitar|Tyranitar, L50, M|100/100\n|-weather|Sandstorm|[from] ability: Sand Stream|[of] p2b: Tyranitar\n|move|p2a: Aerodactyl|Rock Slide|p1a: Sneasler|[spread] p1a,p1b\n|-resisted|p1a: Sneasler|1\n|-damage|p1a: Sneasler|0 fnt\n|-damage|p1b: Venusaur|0 fnt\n|faint|p1a: Sneasler\n|faint|p1b: Venusaur\n|\n|win|astonished25\n|raw|naimius23's rating: 1169 &rarr; <strong>1149</strong><br />(-20 for losing)\n|raw|astonished25's rating: 1236 &rarr; <strong>1256</strong><br />(+20 for winning)\n|l|\u2606naimius23\n|player|p1|\n",
  "uploadtime": 1776373571,
  "views": 17,
  "formatid": "gen9championsvgc2026regma",
  "rating": 1149,
  "private": 0,
  "password": null
}