{
  "id": "gen9championsvgc2026regma-2581996329",
  "format": "[Gen 9 Champions] VGC 2026 Reg M-A",
  "players": [
    "Mark Smith",
    "Bush82"
  ],
  "log": "|j|\u2606Mark Smith\n|j|\u2606Bush82\n|t:|1776046736\n|gametype|doubles\n|player|p1|Mark Smith|2|1133\n|player|p2|Bush82|170|1051\n|gen|9\n|tier|[Gen 9 Champions] VGC 2026 Reg M-A\n|rated|\n|rule|Species Clause: Limit one of each Pok\u00e9mon\n|rule|Item Clause: Limit 1 of each item\n|clearpoke\n|poke|p1|Politoed, L50, F|\n|poke|p1|Dragonite, L50, F|\n|poke|p1|Talonflame, L50, M|\n|poke|p1|Meganium, L50, M|\n|poke|p1|Heliolisk, L50, M|\n|poke|p1|Primarina, L50, F|\n|poke|p2|Beedrill, L50, M|\n|poke|p2|Scizor, L50, F|\n|poke|p2|Ceruledge, L50, M|\n|poke|p2|Alcremie, L50, F|\n|poke|p2|Whimsicott, L50, F|\n|poke|p2|Polteageist-Antique, L50|\n|teampreview|4\nMark Smith rejected open team sheets.\n|\n|t:|1776046784\n|teamsize|p1|4\n|teamsize|p2|4\n|start\n|switch|p1a: Talonflame|Talonflame, L50, M|100/100\n|switch|p1b: Meganium|Meganium, L50, M|100/100\n|switch|p2a: Whimsicott|Whimsicott, L50, F|100/100\n|switch|p2b: Polteageist|Polteageist-Antique, L50|100/100\n|turn|1\n|\n|t:|1776046815\n|detailschange|p1b: Meganium|Meganium-Mega, L50, M\n|-mega|p1b: Meganium|Meganium|Meganiumite\n|move|p1a: Talonflame|Tailwind|p1a: Talonflame\n|-sidestart|p1: Mark Smith|move: Tailwind\n|move|p2a: Whimsicott|Tailwind|p2a: Whimsicott\n|-sidestart|p2: Bush82|move: Tailwind\n|move|p1b: Meganium|Weather Ball|p2a: Whimsicott\n|-supereffective|p2a: Whimsicott|1\n|-enditem|p2a: Whimsicott|Focus Sash\n|-damage|p2a: Whimsicott|1/100\n|move|p2b: Polteageist|Shell Smash|p2b: Polteageist\n|-unboost|p2b: Polteageist|def|1\n|-unboost|p2b: Polteageist|spd|1\n|-boost|p2b: Polteageist|atk|2\n|-boost|p2b: Polteageist|spa|2\n|-boost|p2b: Polteageist|spe|2\n|\n|upkeep\n|turn|2\n|\n|t:|1776046850\n|switch|p1b: Heliolisk|Heliolisk, L50, M|100/100\n|move|p2a: Whimsicott|Encore|p1a: Talonflame\n|-start|p1a: Talonflame|Encore\n|move|p1a: Talonflame|Tailwind||[still]\n|-fail|p1a: Talonflame\n|move|p2b: Polteageist|Stored Power|p1b: Heliolisk\n|-crit|p1b: Heliolisk\n|-damage|p1b: Heliolisk|0 fnt\n|faint|p1b: Heliolisk\n|\n|upkeep\n|\n|t:|1776046864\n|switch|p1b: Primarina|Primarina, L50, F|100/100\n|turn|3\n|\n|t:|1776046885\n|switch|p2a: Alcremie|Alcremie, L50, F|100/100\n|move|p1a: Talonflame|Tailwind||[still]\n|-fail|p1a: Talonflame\n|move|p2b: Polteageist|Giga Drain|p1b: Primarina\n|-supereffective|p1b: Primarina|1\n|-damage|p1b: Primarina|0 fnt\n|faint|p1b: Primarina\n|\n|upkeep\n|\n|t:|1776046892\n|switch|p1b: Meganium|Meganium-Mega, L50, M|100/100\n|turn|4\n|\n|t:|1776046915\n|move|p1b: Meganium|Protect|p1b: Meganium\n|-singleturn|p1b: Meganium|Protect\n|move|p1a: Talonflame|Tailwind||[still]\n|-fail|p1a: Talonflame\n|move|p2b: Polteageist|Stored Power|p1b: Meganium\n|-activate|p1b: Meganium|move: Protect\n|move|p2a: Alcremie|Decorate|p2b: Polteageist\n|-boost|p2b: Polteageist|atk|2\n|-boost|p2b: Polteageist|spa|2\n|\n|-end|p1a: Talonflame|Encore\n|-sideend|p2: Bush82|move: Tailwind\n|-sideend|p1: Mark Smith|move: Tailwind\n|upkeep\n|turn|5\n|\n|t:|1776046959\n|move|p2b: Polteageist|Protect|p2b: Polteageist\n|-singleturn|p2b: Polteageist|Protect\n|move|p1a: Talonflame|Tailwind|p1a: Talonflame\n|-sidestart|p1: Mark Smith|move: Tailwind\n|move|p1b: Meganium|Solar Beam||[still]\n|-prepare|p1b: Meganium|Solar Beam\n|-activate|p1b: Meganium|ability: Mega Sol\n|-anim|p1b: Meganium|Solar Beam|p2b: Polteageist\n|-activate|p2b: Polteageist|move: Protect\n|move|p2a: Alcremie|Encore|p1b: Meganium\n|-start|p1b: Meganium|Encore\n|\n|upkeep\n|turn|6\n|\n|t:|1776047044\n|switch|p2a: Whimsicott|Whimsicott, L50, F|1/100\n|move|p1a: Talonflame|Rain Dance|p1a: Talonflame\n|-weather|RainDance\n|move|p1b: Meganium|Solar Beam||[still]\n|-prepare|p1b: Meganium|Solar Beam\n|-activate|p1b: Meganium|ability: Mega Sol\n|-anim|p1b: Meganium|Solar Beam|p2b: Polteageist\n|-damage|p2b: Polteageist|0 fnt\n|-start|p1b: Meganium|Disable|Solar Beam|[from] ability: Cursed Body|[of] p2b: Polteageist\n|faint|p2b: Polteageist\n|\n|-weather|RainDance|[upkeep]\n|upkeep\n|\n|t:|1776047052\n|switch|p2b: Beedrill|Beedrill, L50, M|100/100\n|turn|7\n|\n|t:|1776047059\n|detailschange|p2b: Beedrill|Beedrill-Mega, L50, M\n|-mega|p2b: Beedrill|Beedrill|Beedrillite\n|move|p1a: Talonflame|Hurricane|p2b: Beedrill\n|-supereffective|p2b: Beedrill|1\n|-damage|p2b: Beedrill|0 fnt\n|faint|p2b: Beedrill\n|move|p2a: Whimsicott|Tailwind|p2a: Whimsicott\n|-sidestart|p2: Bush82|move: Tailwind\n|-activate|p1b: Meganium|move: Struggle\n|move|p1b: Meganium|Struggle|p2a: Whimsicott\n|-damage|p2a: Whimsicott|0 fnt\n|faint|p2a: Whimsicott\n|-damage|p1b: Meganium|75/100|[from] recoil\n|\n|-weather|RainDance|[upkeep]\n|upkeep\n|-message|Bush82 forfeited.\n|\n|win|Mark Smith\n|raw|Mark Smith's rating: 1133 &rarr; <strong>1152</strong><br />(+19 for winning)\n|raw|Bush82's rating: 1051 &rarr; <strong>1037</strong><br />(-14 for losing)\n|l|\u2606Bush82\n|player|p2|\n",
  "uploadtime": 1776047080,
  "views": 56,
  "formatid": "gen9championsvgc2026regma",
  "rating": 1037,
  "private": 0,
  "password": null
}