{
  "id": "gen9championsvgc2026regma-2587671982",
  "format": "[Gen 9 Champions] VGC 2026 Reg M-A",
  "players": [
    "otaviopps04",
    "FallenTurtlle"
  ],
  "log": "|j|\u2606otaviopps04\n|j|\u2606FallenTurtlle\n|t:|1776552432\n|gametype|doubles\n|player|p1|otaviopps04|linebacker|1098\n|player|p2|FallenTurtlle|serena|1182\n|gen|9\n|tier|[Gen 9 Champions] VGC 2026 Reg M-A\n|rated|\n|rule|Species Clause: Limit one of each Pok\u00e9mon\n|rule|Item Clause: Limit 1 of each item\n|clearpoke\n|poke|p1|Floette-Eternal, L50, F|\n|poke|p1|Aerodactyl, L50, F, shiny|\n|poke|p1|Aegislash, L50, M, shiny|\n|poke|p1|Garchomp, L50, M|\n|poke|p1|Rotom-Wash, L50, shiny|\n|poke|p1|Incineroar, L50, M, shiny|\n|poke|p2|Tsareena, L50, F|\n|poke|p2|Mamoswine, L50, M|\n|poke|p2|Pelipper, L50, M|\n|poke|p2|Scizor, L50, F|\n|poke|p2|Gengar, L50, M, shiny|\n|poke|p2|Incineroar, L50, M|\n|teampreview|4\n|\n|t:|1776552455\n|teamsize|p1|4\n|teamsize|p2|4\n|start\n|switch|p1a: Aerodactyl|Aerodactyl, L50, F, shiny|100/100\n|switch|p1b: Incineroar|Incineroar, L50, M, shiny|100/100\n|switch|p2a: Tsareena|Tsareena, L50, F|100/100\n|switch|p2b: Mamoswine|Mamoswine, L50, M|100/100\n|-ability|p1a: Aerodactyl|Unnerve\n|-ability|p1b: Incineroar|Intimidate|boost\n|-unboost|p2a: Tsareena|atk|1\n|-fail|p2b: Mamoswine|unboost|Attack|[from] ability: Oblivious|[of] p2b: Mamoswine\n|turn|1\n|\n|t:|1776552466\n|move|p2b: Mamoswine|Ice Shard|p1a: Aerodactyl\n|-supereffective|p1a: Aerodactyl|1\n|-damage|p1a: Aerodactyl|32/100\n|move|p2a: Tsareena|Triple Axel|p1a: Aerodactyl\n|-supereffective|p1a: Aerodactyl|1\n|-damage|p1a: Aerodactyl|16/100\n|-hitcount|p1a: Aerodactyl|1\n|move|p1a: Aerodactyl|Tailwind|p1a: Aerodactyl\n|-sidestart|p1: otaviopps04|move: Tailwind\n|move|p1b: Incineroar|Parting Shot|p2b: Mamoswine\n|-unboost|p2b: Mamoswine|atk|1\n|-unboost|p2b: Mamoswine|spa|1\n|\n|t:|1776552478\n|switch|p1b: Aegislash|Aegislash, L50, M, shiny|100/100|[from] Parting Shot\n|\n|upkeep\n|turn|2\n|\n|t:|1776552491\n|switch|p2a: Pelipper|Pelipper, L50, M|100/100\n|-weather|RainDance|[from] ability: Drizzle|[of] p2a: Pelipper\n|move|p1a: Aerodactyl|Protect|p1a: Aerodactyl\n|-singleturn|p1a: Aerodactyl|Protect\n|move|p2b: Mamoswine|Ice Shard|p1a: Aerodactyl\n|-activate|p1a: Aerodactyl|move: Protect\n|-formechange|p1b: Aegislash|Aegislash-Blade|\n|move|p1b: Aegislash|Iron Head|p2b: Mamoswine\n|-supereffective|p2b: Mamoswine|1\n|-enditem|p2b: Mamoswine|Focus Sash\n|-damage|p2b: Mamoswine|1/100\n|\n|-weather|RainDance|[upkeep]\n|upkeep\n|turn|3\n|\n|t:|1776552504\n|switch|p1a: Incineroar|Incineroar, L50, M, shiny|100/100\n|-ability|p1a: Incineroar|Intimidate|boost\n|-unboost|p2a: Pelipper|atk|1\n|-fail|p2b: Mamoswine|unboost|Attack|[from] ability: Oblivious|[of] p2b: Mamoswine\n|-formechange|p1b: Aegislash|Aegislash|\n|move|p1b: Aegislash|King's Shield|p1b: Aegislash\n|-singleturn|p1b: Aegislash|Protect\n|move|p2b: Mamoswine|Ice Shard|p1a: Incineroar\n|-resisted|p1a: Incineroar|1\n|-damage|p1a: Incineroar|94/100\n|move|p2a: Pelipper|Tailwind|p2a: Pelipper\n|-sidestart|p2: FallenTurtlle|move: Tailwind\n|\n|-weather|RainDance|[upkeep]\n|upkeep\n|turn|4\n|\n|t:|1776552518\n|switch|p2b: Tsareena|Tsareena, L50, F|100/100\n|move|p1a: Incineroar|Fake Out||[still]\n|cant|p2b: Tsareena|ability: Queenly Majesty|Fake Out|[of] p1a: Incineroar\n|move|p2a: Pelipper|Weather Ball|p1a: Incineroar\n|-supereffective|p1a: Incineroar|1\n|-damage|p1a: Incineroar|0 fnt\n|faint|p1a: Incineroar\n|-formechange|p1b: Aegislash|Aegislash-Blade|\n|move|p1b: Aegislash|Iron Head|p2a: Pelipper\n|-resisted|p2a: Pelipper|1\n|-damage|p2a: Pelipper|79/100\n|\n|-weather|RainDance|[upkeep]\n|-sideend|p1: otaviopps04|move: Tailwind\n|upkeep\n|\n|t:|1776552532\n|switch|p1a: Rotom|Rotom-Wash, L50, shiny|100/100\n|turn|5\n|\n|t:|1776552564\n|switch|p1a: Aerodactyl|Aerodactyl, L50, F, shiny|16/100\n|-ability|p1a: Aerodactyl|Unnerve\n|move|p1b: Aegislash|Shadow Sneak||[still]\n|cant|p2b: Tsareena|ability: Queenly Majesty|Shadow Sneak|[of] p1b: Aegislash\n|move|p2b: Tsareena|Trop Kick|p1a: Aerodactyl\n|-damage|p1a: Aerodactyl|0 fnt\n|faint|p1a: Aerodactyl\n|move|p2a: Pelipper|Weather Ball|p1b: Aegislash\n|-damage|p1b: Aegislash|0 fnt\n|faint|p1b: Aegislash\n|\n|-weather|RainDance|[upkeep]\n|upkeep\n|-message|otaviopps04 forfeited.\n|\n|win|FallenTurtlle\n|raw|otaviopps04's rating: 1098 &rarr; <strong>1079</strong><br />(-19 for losing)\n|raw|FallenTurtlle's rating: 1182 &rarr; <strong>1201</strong><br />(+19 for winning)\n",
  "uploadtime": 1776552579,
  "views": 10,
  "formatid": "gen9championsvgc2026regma",
  "rating": 1079,
  "private": 0,
  "password": null
}