{
  "id": "gen9championsvgc2026regma-2587583000",
  "format": "[Gen 9 Champions] VGC 2026 Reg M-A",
  "players": [
    "Elesa Fan Account",
    "DuckSupreme"
  ],
  "log": "|j|\u2606Elesa Fan Account\n|j|\u2606DuckSupreme\n|t:|1776544304\n|gametype|doubles\n|player|p1|Elesa Fan Account|elesa|1107\n|player|p2|DuckSupreme|265|1129\n|gen|9\n|tier|[Gen 9 Champions] VGC 2026 Reg M-A\n|rated|\n|rule|Species Clause: Limit one of each Pok\u00e9mon\n|rule|Item Clause: Limit 1 of each item\n|clearpoke\n|poke|p1|Gyarados, L50, F|\n|poke|p1|Garchomp, L50, F|\n|poke|p1|Arcanine, L50, M|\n|poke|p1|Tinkaton, L50, F|\n|poke|p1|Rotom-Wash, L50|\n|poke|p1|Hydreigon, L50, M|\n|poke|p2|Aggron, L50, M|\n|poke|p2|Sinistcha, L50|\n|poke|p2|Incineroar, L50, F|\n|poke|p2|Pelipper, L50, F|\n|poke|p2|Archaludon, L50, F|\n|poke|p2|Sneasler, L50, M|\n|teampreview|4\n|inactive|Battle timer is ON: inactive players will automatically lose when time's up. (requested by Elesa Fan Account)\n|inactive|DuckSupreme has 60 seconds left.\n|\n|t:|1776544359\n|teamsize|p1|4\n|teamsize|p2|4\n|start\n|switch|p1a: Tinkaton|Tinkaton, L50, F|100/100\n|switch|p1b: Hydreigon|Hydreigon, L50, M|100/100\n|switch|p2a: Aggron|Aggron, L50, M|100/100\n|switch|p2b: Incineroar|Incineroar, L50, F|100/100\n|-ability|p1a: Tinkaton|Mold Breaker\n|-ability|p2b: Incineroar|Intimidate|boost\n|-unboost|p1a: Tinkaton|atk|1\n|-unboost|p1b: Hydreigon|atk|1\n|turn|1\n|\n|t:|1776544376\n|detailschange|p2a: Aggron|Aggron-Mega, L50, M\n|-mega|p2a: Aggron|Aggron|Aggronite\n|move|p2a: Aggron|Protect|p2a: Aggron\n|-singleturn|p2a: Aggron|Protect\n|move|p1a: Tinkaton|Fake Out|p2a: Aggron\n|-activate|p2a: Aggron|move: Protect\n|move|p1b: Hydreigon|Nasty Plot|p1b: Hydreigon\n|-boost|p1b: Hydreigon|spa|2\n|move|p2b: Incineroar|Parting Shot|p1b: Hydreigon\n|-unboost|p1b: Hydreigon|atk|1\n|-unboost|p1b: Hydreigon|spa|1\n|\n|t:|1776544389\n|switch|p2b: Sinistcha|Sinistcha, L50|100/100|[from] Parting Shot\n|\n|upkeep\n|turn|2\n|\n|t:|1776544401\n|switch|p1b: Gyarados|Gyarados, L50, F|100/100\n|-ability|p1b: Gyarados|Intimidate|boost\n|-unboost|p2a: Aggron|atk|1\n|-unboost|p2b: Sinistcha|atk|1\n|switch|p1a: Arcanine|Arcanine, L50, M|100/100\n|-ability|p1a: Arcanine|Intimidate|boost\n|-unboost|p2a: Aggron|atk|1\n|-unboost|p2b: Sinistcha|atk|1\n|move|p2b: Sinistcha|Rage Powder|p2b: Sinistcha\n|-singleturn|p2b: Sinistcha|move: Rage Powder\n|move|p2a: Aggron|Body Press|p1b: Gyarados\n|-resisted|p1b: Gyarados|1\n|-damage|p1b: Gyarados|76/100\n|\n|upkeep\n|turn|3\n|\n|t:|1776544416\n|switch|p2b: Pelipper|Pelipper, L50, F|100/100\n|-weather|RainDance|[from] ability: Drizzle|[of] p2b: Pelipper\n|move|p1b: Gyarados|Dragon Dance|p1b: Gyarados\n|-boost|p1b: Gyarados|atk|1\n|-boost|p1b: Gyarados|spe|1\n|move|p1a: Arcanine|Will-O-Wisp|p2a: Aggron\n|-status|p2a: Aggron|brn\n|move|p2a: Aggron|Iron Defense|p2a: Aggron\n|-boost|p2a: Aggron|def|2\n|\n|-weather|RainDance|[upkeep]\n|-damage|p2a: Aggron|94/100 brn|[from] brn\n|upkeep\n|turn|4\n|\n|t:|1776544433\n|move|p1b: Gyarados|Dragon Dance|p1b: Gyarados\n|-boost|p1b: Gyarados|atk|1\n|-boost|p1b: Gyarados|spe|1\n|move|p1a: Arcanine|Bulldoze|p2a: Aggron|[spread] p2a\n|-immune|p1b: Gyarados\n|-immune|p2b: Pelipper\n|-supereffective|p2a: Aggron|1\n|-damage|p2a: Aggron|89/100 brn\n|-unboost|p2a: Aggron|spe|1\n|move|p2b: Pelipper|Weather Ball|p1a: Arcanine\n|-supereffective|p1a: Arcanine|1\n|-damage|p1a: Arcanine|0 fnt\n|faint|p1a: Arcanine\n|move|p2a: Aggron|Iron Defense|p2a: Aggron\n|-boost|p2a: Aggron|def|2\n|\n|-weather|RainDance|[upkeep]\n|-damage|p2a: Aggron|83/100 brn|[from] brn\n|upkeep\n|\n|t:|1776544452\n|switch|p1a: Tinkaton|Tinkaton, L50, F|100/100\n|-ability|p1a: Tinkaton|Mold Breaker\n|turn|5\n|\n|t:|1776544464\n|move|p2a: Aggron|Protect|p2a: Aggron\n|-singleturn|p2a: Aggron|Protect\n|move|p1a: Tinkaton|Fake Out|p2a: Aggron\n|-activate|p2a: Aggron|move: Protect\n|move|p1b: Gyarados|Dragon Dance|p1b: Gyarados\n|-boost|p1b: Gyarados|atk|1\n|-boost|p1b: Gyarados|spe|1\n|move|p2b: Pelipper|Weather Ball|p1a: Tinkaton\n|-damage|p1a: Tinkaton|44/100\n|\n|-weather|RainDance|[upkeep]\n|-damage|p2a: Aggron|77/100 brn|[from] brn\n|upkeep\n|turn|6\n|\n|t:|1776544485\n|detailschange|p1b: Gyarados|Gyarados-Mega, L50, F\n|-mega|p1b: Gyarados|Gyarados|Gyaradosite\n|-ability|p1b: Gyarados|Mold Breaker\n|move|p1b: Gyarados|Waterfall|p2a: Aggron\n|-damage|p2a: Aggron|42/100 brn\n|move|p1a: Tinkaton|Gigaton Hammer|p2b: Pelipper\n|-resisted|p2b: Pelipper|1\n|-damage|p2b: Pelipper|73/100\n|move|p2b: Pelipper|Hurricane|p1b: Gyarados\n|-damage|p1b: Gyarados|33/100\n|move|p2a: Aggron|Body Press|p1b: Gyarados\n|-supereffective|p1b: Gyarados|1\n|-damage|p1b: Gyarados|0 fnt\n|faint|p1b: Gyarados\n|\n|-weather|RainDance|[upkeep]\n|-damage|p2a: Aggron|36/100 brn|[from] brn\n|upkeep\n|\n|t:|1776544500\n|switch|p1b: Hydreigon|Hydreigon, L50, M|100/100\n|turn|7\n|\n|t:|1776544514\n|switch|p2b: Sinistcha|Sinistcha, L50|100/100\n|-heal|p2a: Aggron|61/100 brn|[from] ability: Hospitality|[of] p2b: Sinistcha\n|move|p2a: Aggron|Protect|p2a: Aggron\n|-singleturn|p2a: Aggron|Protect\n|move|p1b: Hydreigon|Earth Power|p2a: Aggron\n|-activate|p2a: Aggron|move: Protect\n|move|p1a: Tinkaton|Play Rough|p2b: Sinistcha|[miss]\n|-miss|p1a: Tinkaton|p2b: Sinistcha\n|\n|-weather|none\n|-damage|p2a: Aggron|55/100 brn|[from] brn\n|upkeep\n|turn|8\n|\n|t:|1776544531\n|move|p2b: Sinistcha|Rage Powder|p2b: Sinistcha\n|-singleturn|p2b: Sinistcha|move: Rage Powder\n|move|p1b: Hydreigon|Dark Pulse|p2b: Sinistcha\n|-supereffective|p2b: Sinistcha|1\n|-enditem|p2b: Sinistcha|Colbur Berry|[eat]\n|-enditem|p2b: Sinistcha|Colbur Berry|[weaken]\n|-damage|p2b: Sinistcha|53/100\n|move|p1a: Tinkaton|Gigaton Hammer|p2b: Sinistcha\n|-damage|p2b: Sinistcha|24/100\n|move|p2a: Aggron|Body Press|p1b: Hydreigon\n|-supereffective|p1b: Hydreigon|1\n|-damage|p1b: Hydreigon|0 fnt\n|faint|p1b: Hydreigon\n|\n|-damage|p2a: Aggron|49/100 brn|[from] brn\n|upkeep\n|turn|9\n|\n|t:|1776544549\n|move|p2b: Sinistcha|Rage Powder|p2b: Sinistcha\n|-singleturn|p2b: Sinistcha|move: Rage Powder\n|move|p1a: Tinkaton|Play Rough|p2b: Sinistcha\n|-damage|p2b: Sinistcha|7/100\n|move|p2a: Aggron|Body Press|p1a: Tinkaton\n|-damage|p1a: Tinkaton|0 fnt\n|faint|p1a: Tinkaton\n|\n|win|DuckSupreme\n|raw|Elesa Fan Account's rating: 1107 &rarr; <strong>1084</strong><br />(-23 for losing)\n|raw|DuckSupreme's rating: 1129 &rarr; <strong>1152</strong><br />(+23 for winning)\n",
  "uploadtime": 1776544555,
  "views": 20,
  "formatid": "gen9championsvgc2026regma",
  "rating": 1084,
  "private": 0,
  "password": null
}