{
  "id": "gen9championsvgc2026regma-2586002788",
  "format": "[Gen 9 Champions] VGC 2026 Reg M-A",
  "players": [
    "Silvist",
    "JasmineThia"
  ],
  "log": "|j|\u2606Silvist\n|j|\u2606JasmineThia\n|t:|1776389261\n|gametype|doubles\n|player|p1|Silvist|hilbert|1103\n|player|p2|JasmineThia|selene-masters2|1198\n|gen|9\n|tier|[Gen 9 Champions] VGC 2026 Reg M-A\n|rated|\n|rule|Species Clause: Limit one of each Pok\u00e9mon\n|rule|Item Clause: Limit 1 of each item\n|clearpoke\n|poke|p1|Pelipper, L50, M|\n|poke|p1|Archaludon, L50, F|\n|poke|p1|Basculegion, L50, M|\n|poke|p1|Floette-Eternal, L50, F|\n|poke|p1|Aegislash, L50, F|\n|poke|p1|Sneasler, L50, M|\n|poke|p2|Kangaskhan, L50, F|\n|poke|p2|Primarina, L50, M|\n|poke|p2|Aegislash, L50, F|\n|poke|p2|Dragonite, L50, M|\n|poke|p2|Farigiraf, L50, F|\n|poke|p2|Volcarona, L50, F|\n|teampreview|4\n|inactive|Battle timer is ON: inactive players will automatically lose when time's up. (requested by JasmineThia)\n|\n|t:|1776389286\n|teamsize|p1|4\n|teamsize|p2|4\n|start\n|switch|p1a: Pelipper|Pelipper, L50, M|100/100\n|switch|p1b: Archaludon|Archaludon, L50, F|100/100\n|switch|p2a: Farigiraf|Farigiraf, L50, F|100/100\n|switch|p2b: Kangaskhan|Kangaskhan, L50, F|100/100\n|-weather|RainDance|[from] ability: Drizzle|[of] p1a: Pelipper\n|turn|1\n|\n|t:|1776389303\n|move|p2b: Kangaskhan|Fake Out|p1b: Archaludon\n|-resisted|p1b: Archaludon|1\n|-damage|p1b: Archaludon|95/100\n|-ability|p1b: Archaludon|Stamina|boost\n|-boost|p1b: Archaludon|def|1\n|move|p1a: Pelipper|Tailwind|p1a: Pelipper\n|-sidestart|p1: Silvist|move: Tailwind\n|cant|p1b: Archaludon|flinch\n|move|p2a: Farigiraf|Trick Room|p2a: Farigiraf\n|-fieldstart|move: Trick Room|[of] p2a: Farigiraf\n|\n|-weather|RainDance|[upkeep]\n|upkeep\n|turn|2\n|\n|t:|1776389318\n|switch|p2a: Aegislash|Aegislash, L50, F|100/100\n|detailschange|p2b: Kangaskhan|Kangaskhan-Mega, L50, F\n|-mega|p2b: Kangaskhan|Kangaskhan|Kangaskhanite\n|move|p2b: Kangaskhan|Double-Edge|p1a: Pelipper\n|-crit|p1a: Pelipper\n|-damage|p1a: Pelipper|8/100\n|-damage|p1a: Pelipper|0 fnt\n|faint|p1a: Pelipper\n|-hitcount|p1: Pelipper|2\n|-damage|p2b: Kangaskhan|75/100|[from] Recoil\n|move|p1b: Archaludon|Electro Shot||[still]\n|-prepare|p1b: Archaludon|Electro Shot\n|-boost|p1b: Archaludon|spa|1\n|-anim|p1b: Archaludon|Electro Shot|p2b: Kangaskhan\n|-damage|p2b: Kangaskhan|19/100\n|\n|-weather|RainDance|[upkeep]\n|upkeep\n|\n|t:|1776389334\n|switch|p1a: Basculegion|Basculegion, L50, M|100/100\n|turn|3\n|\n|t:|1776389341\n|switch|p2a: Farigiraf|Farigiraf, L50, F|100/100\n|move|p2b: Kangaskhan|Sucker Punch|p1a: Basculegion\n|-supereffective|p1a: Basculegion|1\n|-damage|p1a: Basculegion|45/100\n|-supereffective|p1a: Basculegion|1\n|-damage|p1a: Basculegion|32/100\n|-hitcount|p1a: Basculegion|2\n|move|p1b: Archaludon|Electro Shot||[still]\n|-prepare|p1b: Archaludon|Electro Shot\n|-boost|p1b: Archaludon|spa|1\n|-anim|p1b: Archaludon|Electro Shot|p2b: Kangaskhan\n|-damage|p2b: Kangaskhan|0 fnt\n|faint|p2b: Kangaskhan\n|move|p1a: Basculegion|Last Respects|p2a: Farigiraf\n|-immune|p2a: Farigiraf\n|\n|-weather|RainDance|[upkeep]\n|upkeep\n|\n|t:|1776389346\n|switch|p2b: Primarina|Primarina, L50, M|100/100\n|turn|4\n|\n|t:|1776389362\n|move|p2b: Primarina|Protect|p2b: Primarina\n|-singleturn|p2b: Primarina|Protect\n|move|p2a: Farigiraf|Psychic|p1a: Basculegion\n|-damage|p1a: Basculegion|0 fnt\n|faint|p1a: Basculegion\n|move|p1b: Archaludon|Electro Shot||[still]\n|-prepare|p1b: Archaludon|Electro Shot\n|-boost|p1b: Archaludon|spa|1\n|-anim|p1b: Archaludon|Electro Shot|p2b: Primarina\n|-activate|p2b: Primarina|move: Protect\n|\n|-weather|RainDance|[upkeep]\n|-sideend|p1: Silvist|move: Tailwind\n|upkeep\n|\n|t:|1776389375\n|switch|p1a: Floette|Floette-Eternal, L50, F|100/100\n|turn|5\n|\n|t:|1776389388\n|detailschange|p1a: Floette|Floette-Mega, L50, F\n|-mega|p1a: Floette|Floette|Floettite\n|-ability|p1a: Floette|Fairy Aura\n|move|p2a: Farigiraf|Helping Hand|p2b: Primarina\n|-singleturn|p2b: Primarina|Helping Hand|[of] p2a: Farigiraf\n|move|p2b: Primarina|Moonblast|p1b: Archaludon\n|-damage|p1b: Archaludon|0 fnt\n|faint|p1b: Archaludon\n|move|p1a: Floette|Calm Mind|p1a: Floette\n|-boost|p1a: Floette|spa|1\n|-boost|p1a: Floette|spd|1\n|\n|-weather|none\n|-fieldend|move: Trick Room\n|upkeep\n|turn|6\n|\n|t:|1776389402\n|move|p1a: Floette|Light of Ruin|p2b: Primarina\n|-damage|p2b: Primarina|0 fnt\n|faint|p2b: Primarina\n|-damage|p1a: Floette|37/100|[from] Recoil\n|move|p2a: Farigiraf|Trick Room|p2a: Farigiraf\n|-fieldstart|move: Trick Room|[of] p2a: Farigiraf\n|\n|upkeep\n|\n|t:|1776389404\n|switch|p2b: Aegislash|Aegislash, L50, F|100/100\n|turn|7\n|\n|t:|1776389412\n|move|p2a: Farigiraf|Helping Hand|p2b: Aegislash\n|-singleturn|p2b: Aegislash|Helping Hand|[of] p2a: Farigiraf\n|-formechange|p2b: Aegislash|Aegislash-Blade|\n|move|p2b: Aegislash|Flash Cannon|p1a: Floette\n|-supereffective|p1a: Floette|1\n|-damage|p1a: Floette|0 fnt\n|faint|p1a: Floette\n|\n|win|JasmineThia\n|raw|Silvist's rating: 1103 &rarr; <strong>1085</strong><br />(-18 for losing)\n|raw|JasmineThia's rating: 1198 &rarr; <strong>1216</strong><br />(+18 for winning)\n",
  "uploadtime": 1776389417,
  "views": 23,
  "formatid": "gen9championsvgc2026regma",
  "rating": 1085,
  "private": 0,
  "password": null
}