{
  "id": "gen9championsvgc2026regma-2588245386",
  "format": "[Gen 9 Champions] VGC 2026 Reg M-A",
  "players": [
    "driumip",
    "dd18090"
  ],
  "log": "|j|\u2606driumip\n|j|\u2606dd18090\n|t:|1776617658\n|gametype|doubles\n|player|p1|driumip|102|1049\n|player|p2|dd18090|clerk|1109\n|gen|9\n|tier|[Gen 9 Champions] VGC 2026 Reg M-A\n|rated|\n|rule|Species Clause: Limit one of each Pok\u00e9mon\n|rule|Item Clause: Limit 1 of each item\n|clearpoke\n|poke|p1|Charizard, L50, F|\n|poke|p1|Talonflame, L50, F|\n|poke|p1|Torkoal, L50, M|\n|poke|p1|Venusaur, L50, M|\n|poke|p1|Dragonite, L50, M|\n|poke|p1|Gyarados, L50, F|\n|poke|p2|Charizard, L50, F|\n|poke|p2|Incineroar, L50, F|\n|poke|p2|Typhlosion-Hisui, L50, M|\n|poke|p2|Whimsicott, L50, M|\n|poke|p2|Venusaur, L50, F|\n|poke|p2|Torkoal, L50, F|\n|teampreview|4\n|inactive|Battle timer is ON: inactive players will automatically lose when time's up. (requested by dd18090)\n|\n|t:|1776617676\n|teamsize|p1|4\n|teamsize|p2|4\n|start\n|switch|p1a: Charizard|Charizard, L50, F|100/100\n|switch|p1b: Talonflame|Talonflame, L50, F|100/100\n|switch|p2a: Incineroar|Incineroar, L50, F|100/100\n|switch|p2b: Whimsicott|Whimsicott, L50, M|100/100\n|-ability|p2a: Incineroar|Intimidate|boost\n|-unboost|p1a: Charizard|atk|1\n|-unboost|p1b: Talonflame|atk|1\n|turn|1\n|\n|t:|1776617699\n|detailschange|p1a: Charizard|Charizard-Mega-Y, L50, F\n|-mega|p1a: Charizard|Charizard|Charizardite Y\n|-weather|SunnyDay|[from] ability: Drought|[of] p1a: Charizard\n|move|p2a: Incineroar|Fake Out|p1b: Talonflame\n|-damage|p1b: Talonflame|83/100\n|move|p2b: Whimsicott|Tailwind|p2b: Whimsicott\n|-sidestart|p2: dd18090|move: Tailwind\n|cant|p1b: Talonflame|flinch\n|move|p1a: Charizard|Heat Wave|p2b: Whimsicott|[spread] p2a,p2b\n|-resisted|p2a: Incineroar|1\n|-supereffective|p2b: Whimsicott|1\n|-crit|p2b: Whimsicott\n|-damage|p2a: Incineroar|73/100\n|-enditem|p2b: Whimsicott|Focus Sash\n|-damage|p2b: Whimsicott|1/100\n|\n|-weather|SunnyDay|[upkeep]\n|upkeep\n|turn|2\n|inactive|driumip has 30 seconds left.\n|\n|t:|1776617734\n|move|p2b: Whimsicott|Moonblast|p1b: Talonflame\n|-resisted|p1b: Talonflame|1\n|-damage|p1b: Talonflame|54/100\n|move|p1b: Talonflame|Tailwind|p1b: Talonflame\n|-sidestart|p1: driumip|move: Tailwind\n|move|p1a: Charizard|Heat Wave|p2b: Whimsicott|[spread] p2a\n|-miss|p1a: Charizard|p2b: Whimsicott\n|-resisted|p2a: Incineroar|1\n|-damage|p2a: Incineroar|45/100\n|-enditem|p2a: Incineroar|Sitrus Berry|[eat]\n|-heal|p2a: Incineroar|70/100|[from] item: Sitrus Berry\n|move|p2a: Incineroar|Darkest Lariat|p1b: Talonflame\n|-damage|p1b: Talonflame|0 fnt\n|faint|p1b: Talonflame\n|\n|-weather|SunnyDay|[upkeep]\n|upkeep\n|\n|t:|1776617753\n|switch|p1b: Venusaur|Venusaur, L50, M|100/100\n|turn|3\n|\n|t:|1776617766\n|move|p1b: Venusaur|Earth Power|p2a: Incineroar\n|-supereffective|p2a: Incineroar|1\n|-damage|p2a: Incineroar|13/100\n|move|p2b: Whimsicott|Moonblast|p1a: Charizard\n|-resisted|p1a: Charizard|1\n|-damage|p1a: Charizard|83/100\n|move|p1a: Charizard|Heat Wave|p2b: Whimsicott|[spread] p2a,p2b\n|-resisted|p2a: Incineroar|1\n|-supereffective|p2b: Whimsicott|1\n|-damage|p2a: Incineroar|0 fnt\n|-damage|p2b: Whimsicott|0 fnt\n|faint|p2a: Incineroar\n|faint|p2b: Whimsicott\n|\n|-weather|SunnyDay|[upkeep]\n|upkeep\n|\n|t:|1776617775\n|switch|p2b: Typhlosion|Typhlosion-Hisui, L50, M|100/100\n|switch|p2a: Charizard|Charizard, L50, F|100/100\n|turn|4\n|\n|t:|1776617794\n|detailschange|p2a: Charizard|Charizard-Mega-Y, L50, F\n|-mega|p2a: Charizard|Charizard|Charizardite Y\n|move|p1b: Venusaur|Protect|p1b: Venusaur\n|-singleturn|p1b: Venusaur|Protect\n|move|p1a: Charizard|Protect|p1a: Charizard\n|-singleturn|p1a: Charizard|Protect\n|move|p2b: Typhlosion|Eruption|p1b: Venusaur|[spread] \n|-activate|p1a: Charizard|move: Protect\n|-activate|p1b: Venusaur|move: Protect\n|move|p2a: Charizard|Heat Wave|p1a: Charizard|[spread] \n|-activate|p1a: Charizard|move: Protect\n|-activate|p1b: Venusaur|move: Protect\n|\n|-weather|SunnyDay|[upkeep]\n|-sideend|p2: dd18090|move: Tailwind\n|upkeep\n|turn|5\n|inactive|driumip has 30 seconds left.\n|inactive|driumip has 20 seconds left.\n|\n|t:|1776617832\n|move|p2b: Typhlosion|Protect|p2b: Typhlosion\n|-singleturn|p2b: Typhlosion|Protect\n|move|p2a: Charizard|Protect|p2a: Charizard\n|-singleturn|p2a: Charizard|Protect\n|move|p1b: Venusaur|Earth Power|p2b: Typhlosion\n|-activate|p2b: Typhlosion|move: Protect\n|move|p1a: Charizard|Heat Wave|p2b: Typhlosion|[spread] \n|-activate|p2a: Charizard|move: Protect\n|-activate|p2b: Typhlosion|move: Protect\n|\n|-weather|none\n|-sideend|p1: driumip|move: Tailwind\n|upkeep\n|turn|6\n|\n|t:|1776617849\n|switch|p1a: Torkoal|Torkoal, L50, M|100/100\n|-weather|SunnyDay|[from] ability: Drought|[of] p1a: Torkoal\n|move|p1b: Venusaur|Earth Power|p2b: Typhlosion\n|-supereffective|p2b: Typhlosion|1\n|-damage|p2b: Typhlosion|7/100\n|move|p2b: Typhlosion|Eruption|p1b: Venusaur|[spread] p1a,p1b\n|-resisted|p1a: Torkoal|1\n|-supereffective|p1b: Venusaur|1\n|-damage|p1a: Torkoal|94/100\n|-damage|p1b: Venusaur|76/100\n|move|p2a: Charizard|Heat Wave|p1b: Venusaur|[spread] p1b\n|-miss|p2a: Charizard|p1a: Torkoal\n|-supereffective|p1b: Venusaur|1\n|-damage|p1b: Venusaur|0 fnt\n|faint|p1b: Venusaur\n|\n|-weather|SunnyDay|[upkeep]\n|upkeep\n|\n|t:|1776617869\n|switch|p1b: Charizard|Charizard-Mega-Y, L50, F|83/100\n|turn|7\n|\n|t:|1776617884\n|move|p1b: Charizard|Solar Beam||[still]\n|-prepare|p1b: Charizard|Solar Beam\n|-anim|p1b: Charizard|Solar Beam|p2b: Typhlosion\n|-resisted|p2b: Typhlosion|1\n|-damage|p2b: Typhlosion|0 fnt\n|faint|p2b: Typhlosion\n|move|p2a: Charizard|Air Slash|p1b: Charizard\n|-damage|p1b: Charizard|29/100\n|move|p1a: Torkoal|Eruption|p2a: Charizard\n|-resisted|p2a: Charizard|1\n|-damage|p2a: Charizard|68/100\n|\n|-weather|SunnyDay|[upkeep]\n|upkeep\n|turn|8\n|\n|t:|1776617905\n|move|p1b: Charizard|Protect|p1b: Charizard\n|-singleturn|p1b: Charizard|Protect\n|move|p2a: Charizard|Air Slash|p1b: Charizard\n|-activate|p1b: Charizard|move: Protect\n|move|p1a: Torkoal|Eruption|p2a: Charizard\n|-resisted|p2a: Charizard|1\n|-damage|p2a: Charizard|38/100\n|\n|-weather|SunnyDay|[upkeep]\n|upkeep\n|turn|9\n|-message|dd18090 forfeited.\n|\n|win|driumip\n|raw|driumip's rating: 1049 &rarr; <strong>1087</strong><br />(+38 for winning)\n|raw|dd18090's rating: 1109 &rarr; <strong>1080</strong><br />(-29 for losing)\n|l|\u2606dd18090\n|player|p2|\n",
  "uploadtime": 1776617918,
  "views": 18,
  "formatid": "gen9championsvgc2026regma",
  "rating": 1080,
  "private": 0,
  "password": null
}