{
  "id": "gen9championsvgc2026regma-2580853382",
  "format": "[Gen 9 Champions] VGC 2026 Reg M-A",
  "players": [
    "xtblx",
    "hertmania"
  ],
  "log": "|j|\u2606xtblx\n|j|\u2606hertmania\n|t:|1775937853\n|gametype|doubles\n|player|p1|xtblx|sage|1117\n|player|p2|hertmania|170|1040\n|gen|9\n|tier|[Gen 9 Champions] VGC 2026 Reg M-A\n|rated|\n|rule|Species Clause: Limit one of each Pok\u00e9mon\n|rule|Item Clause: Limit 1 of each item\n|clearpoke\n|poke|p1|Delphox, L50, F|\n|poke|p1|Basculegion, L50, M|\n|poke|p1|Sneasler, L50, F|\n|poke|p1|Kingambit, L50, F|\n|poke|p1|Dragonite, L50, F|\n|poke|p1|Clefable, L50, F|\n|poke|p2|Charizard, L50, M|\n|poke|p2|Venusaur, L50, F|\n|poke|p2|Farigiraf, L50, F|\n|poke|p2|Torkoal, L50, F|\n|poke|p2|Incineroar, L50, F|\n|poke|p2|Whimsicott, L50, F|\n|teampreview|4\nxtblx has agreed to open team sheets.\n|\n|t:|1775937905\n|teamsize|p1|4\n|teamsize|p2|4\n|start\n|switch|p1a: Basculegion|Basculegion, L50, M|100/100\n|switch|p1b: Sneasler|Sneasler, L50, F|100/100\n|switch|p2a: Torkoal|Torkoal, L50, F|100/100\n|switch|p2b: Farigiraf|Farigiraf, L50, F|100/100\n|-weather|SunnyDay|[from] ability: Drought|[of] p2a: Torkoal\n|turn|1\n|\n|t:|1775937943\n|move|p2a: Torkoal|Protect|p2a: Torkoal\n|-singleturn|p2a: Torkoal|Protect\n|move|p1b: Sneasler|Fake Out||[still]\n|cant|p2b: Farigiraf|ability: Armor Tail|Fake Out|[of] p1b: Sneasler\n|move|p1a: Basculegion|Wave Crash|p2b: Farigiraf\n|-damage|p2b: Farigiraf|60/100\n|-damage|p1a: Basculegion|85/100|[from] Recoil\n|move|p2b: Farigiraf|Trick Room|p2b: Farigiraf\n|-fieldstart|move: Trick Room|[of] p2b: Farigiraf\n|\n|-weather|SunnyDay|[upkeep]\n|-heal|p2b: Farigiraf|67/100|[from] item: Leftovers\n|upkeep\n|turn|2\n|c|\u2606xtblx|oh right...\n|c|\u2606xtblx|forgot about that\n|\n|t:|1775937991\n|switch|p1b: Delphox|Delphox, L50, F|100/100\n|move|p2a: Torkoal|Earth Power|p1a: Basculegion\n|-damage|p1a: Basculegion|58/100\n|move|p2b: Farigiraf|Psychic|p1b: Delphox\n|-resisted|p1b: Delphox|1\n|-damage|p1b: Delphox|71/100\n|move|p1a: Basculegion|Wave Crash|p2a: Torkoal\n|-supereffective|p2a: Torkoal|1\n|-damage|p2a: Torkoal|42/100\n|-damage|p1a: Basculegion|40/100|[from] Recoil\n|\n|-weather|SunnyDay|[upkeep]\n|-heal|p2b: Farigiraf|73/100|[from] item: Leftovers\n|upkeep\n|turn|3\n|\n|t:|1775938030\n|detailschange|p1b: Delphox|Delphox-Mega, L50, F\n|-mega|p1b: Delphox|Delphox|Delphoxite\n|move|p2b: Farigiraf|Helping Hand|p2a: Torkoal\n|-singleturn|p2a: Torkoal|Helping Hand|[of] p2b: Farigiraf\n|move|p2a: Torkoal|Earth Power|p1b: Delphox\n|-immune|p1b: Delphox|[from] ability: Levitate\n|move|p1a: Basculegion|Wave Crash|p2a: Torkoal\n|-supereffective|p2a: Torkoal|1\n|-damage|p2a: Torkoal|0 fnt\n|faint|p2a: Torkoal\n|-damage|p1a: Basculegion|28/100|[from] Recoil\n|move|p1b: Delphox|Substitute|p1b: Delphox\n|-start|p1b: Delphox|Substitute\n|-damage|p1b: Delphox|46/100\n|\n|-weather|SunnyDay|[upkeep]\n|-heal|p2b: Farigiraf|79/100|[from] item: Leftovers\n|upkeep\n|\n|t:|1775938069\n|switch|p2a: Venusaur|Venusaur, L50, F|100/100\n|turn|4\n|\n|t:|1775938082\n|switch|p1a: Clefable|Clefable, L50, F|100/100\n|move|p2a: Venusaur|Protect|p2a: Venusaur\n|-singleturn|p2a: Venusaur|Protect\n|move|p2b: Farigiraf|Hyper Voice|p1b: Delphox|[spread] p1a,p1b\n|-damage|p1a: Clefable|70/100\n|-damage|p1b: Delphox|10/100\n|move|p1b: Delphox|Heat Wave|p2a: Venusaur|[spread] p2b\n|-activate|p2a: Venusaur|move: Protect\n|-damage|p2b: Farigiraf|14/100\n|\n|-weather|SunnyDay|[upkeep]\n|-heal|p2b: Farigiraf|21/100|[from] item: Leftovers\n|upkeep\n|turn|5\n|\n|t:|1775938107\n|move|p1a: Clefable|Moonblast|p2b: Farigiraf\n|-damage|p2b: Farigiraf|0 fnt\n|faint|p2b: Farigiraf\n|move|p1b: Delphox|Psychic|p2a: Venusaur\n|-supereffective|p2a: Venusaur|1\n|-damage|p2a: Venusaur|0 fnt\n|faint|p2a: Venusaur\n|\n|-weather|none\n|-fieldend|move: Trick Room\n|upkeep\n|\n|t:|1775938118\n|switch|p2b: Whimsicott|Whimsicott, L50, F|100/100\n|turn|6\n|\n|t:|1775938130\n|move|p1a: Clefable|Helping Hand|p1b: Delphox\n|-singleturn|p1b: Delphox|Helping Hand|[of] p1a: Clefable\n|move|p1b: Delphox|Heat Wave|p2b: Whimsicott\n|-supereffective|p2b: Whimsicott|1\n|-crit|p2b: Whimsicott\n|-enditem|p2b: Whimsicott|Focus Sash\n|-damage|p2b: Whimsicott|1/100\n|move|p2b: Whimsicott|Moonblast|p1a: Clefable\n|-damage|p1a: Clefable|42/100\n|-enditem|p1a: Clefable|Sitrus Berry|[eat]\n|-heal|p1a: Clefable|67/100|[from] item: Sitrus Berry\n|\n|upkeep\n|turn|7\n|-message|hertmania forfeited.\n|\n|win|xtblx\n|raw|xtblx's rating: 1117 &rarr; <strong>1137</strong><br />(+20 for winning)\n|raw|hertmania's rating: 1040 &rarr; <strong>1027</strong><br />(-13 for losing)\n|l|\u2606hertmania\n|player|p2|\n",
  "uploadtime": 1775938260,
  "views": 14,
  "formatid": "gen9championsvgc2026regma",
  "rating": 1027,
  "private": 0,
  "password": null
}