{
  "id": "gen9championsvgc2026regma-2581089314",
  "format": "[Gen 9 Champions] VGC 2026 Reg M-A",
  "players": [
    "TheMomMoistener2xO",
    "caerulius"
  ],
  "log": "|j|\u2606TheMomMoistener2xO\n|j|\u2606caerulius\n|t:|1775958818\n|gametype|doubles\n|player|p1|TheMomMoistener2xO|265|1138\n|player|p2|caerulius|266|1110\n|gen|9\n|tier|[Gen 9 Champions] VGC 2026 Reg M-A\n|rated|\n|rule|Species Clause: Limit one of each Pok\u00e9mon\n|rule|Item Clause: Limit 1 of each item\n|clearpoke\n|poke|p1|Glimmora, L50, M|\n|poke|p1|Sneasler, L50, M|\n|poke|p1|Heliolisk, L50, F|\n|poke|p1|Hydreigon, L50, F|\n|poke|p1|Sinistcha, L50|\n|poke|p1|Talonflame, L50, M|\n|poke|p2|Meganium, L50, F|\n|poke|p2|Pelipper, L50, F|\n|poke|p2|Archaludon, L50, M|\n|poke|p2|Incineroar, L50, F|\n|poke|p2|Basculegion, L50, M|\n|poke|p2|Scizor, L50, M|\n|teampreview|4\n|\n|t:|1775958866\n|teamsize|p1|4\n|teamsize|p2|4\n|start\n|switch|p1a: Sneasler|Sneasler, L50, M|100/100\n|switch|p1b: Hydreigon|Hydreigon, L50, F|100/100\n|switch|p2a: Meganium|Meganium, L50, F|100/100\n|switch|p2b: Pelipper|Pelipper, L50, F|100/100\n|-weather|RainDance|[from] ability: Drizzle|[of] p2b: Pelipper\n|turn|1\n|\n|t:|1775958895\n|detailschange|p2a: Meganium|Meganium-Mega, L50, F\n|-mega|p2a: Meganium|Meganium|Meganiumite\n|move|p1a: Sneasler|Dire Claw|p2a: Meganium\n|-supereffective|p2a: Meganium|2\n|-damage|p2a: Meganium|0 fnt\n|faint|p2a: Meganium\n|move|p1b: Hydreigon|Draco Meteor|p2b: Pelipper\n|-damage|p2b: Pelipper|21/100\n|-unboost|p1b: Hydreigon|spa|2\n|move|p2b: Pelipper|Hurricane|p1a: Sneasler\n|-supereffective|p1a: Sneasler|1\n|-damage|p1a: Sneasler|0 fnt\n|faint|p1a: Sneasler\n|\n|-weather|RainDance|[upkeep]\n|upkeep\n|\n|t:|1775958911\n|switch|p1a: Heliolisk|Heliolisk, L50, F|100/100\n|switch|p2a: Basculegion|Basculegion, L50, M|100/100\n|turn|2\n|inactive|Battle timer is ON: inactive players will automatically lose when time's up. (requested by TheMomMoistener2xO)\n|\n|t:|1775958940\n|switch|p1b: Sinistcha|Sinistcha, L50|100/100\n|switch|p2b: Archaludon|Archaludon, L50, M|100/100\n|move|p2a: Basculegion|Wave Crash|p1b: Sinistcha\n|-resisted|p1b: Sinistcha|1\n|-damage|p1b: Sinistcha|49/100\n|-damage|p2a: Basculegion|85/100|[from] Recoil\n|move|p1a: Heliolisk|Electroweb|p2a: Basculegion|[spread] p2a,p2b\n|-supereffective|p2a: Basculegion|1\n|-resisted|p2b: Archaludon|1\n|-damage|p2a: Basculegion|33/100\n|-damage|p2b: Archaludon|84/100\n|-unboost|p2a: Basculegion|spe|1\n|-unboost|p2b: Archaludon|spe|1\n|-ability|p2b: Archaludon|Stamina|boost\n|-boost|p2b: Archaludon|def|1\n|\n|-weather|RainDance|[upkeep]\n|upkeep\n|turn|3\n|inactive|caerulius has 30 seconds left.\n|\n|t:|1775958967\n|move|p1a: Heliolisk|Ally Switch|p1a: Heliolisk\n|swap|p1a: Heliolisk|1|[from] move: Ally Switch\n|move|p2a: Basculegion|Wave Crash|p1b: Heliolisk\n|-immune|p1b: Heliolisk|[from] ability: Dry Skin\n|move|p2b: Archaludon|Draco Meteor|p1a: Sinistcha\n|-damage|p1a: Sinistcha|0 fnt\n|-unboost|p2b: Archaludon|spa|2\n|faint|p1a: Sinistcha\n|\n|-weather|RainDance|[upkeep]\n|upkeep\n|\n|t:|1775958977\n|switch|p1a: Hydreigon|Hydreigon, L50, F|100/100\n|turn|4\n|\n|t:|1775958985\n|move|p1a: Hydreigon|Protect|p1a: Hydreigon\n|-singleturn|p1a: Hydreigon|Protect\n|move|p1b: Heliolisk|Electroweb|p2a: Basculegion|[spread] p2b\n|-miss|p1b: Heliolisk|p2a: Basculegion\n|-resisted|p2b: Archaludon|1\n|-damage|p2b: Archaludon|68/100\n|-unboost|p2b: Archaludon|spe|1\n|-ability|p2b: Archaludon|Stamina|boost\n|-boost|p2b: Archaludon|def|1\n|move|p2a: Basculegion|Wave Crash|p1a: Hydreigon\n|-activate|p1a: Hydreigon|move: Protect\n|move|p2b: Archaludon|Electro Shot||[still]\n|-prepare|p2b: Archaludon|Electro Shot\n|-boost|p2b: Archaludon|spa|1\n|-anim|p2b: Archaludon|Electro Shot|p1a: Hydreigon\n|-activate|p1a: Hydreigon|move: Protect\n|\n|-weather|RainDance|[upkeep]\n|upkeep\n|turn|5\n|inactive|caerulius has 30 seconds left.\n|\n|t:|1775959011\n|move|p1b: Heliolisk|Electroweb|p2a: Basculegion|[spread] p2a,p2b\n|-supereffective|p2a: Basculegion|1\n|-resisted|p2b: Archaludon|1\n|-damage|p2a: Basculegion|0 fnt\n|-damage|p2b: Archaludon|52/100\n|-unboost|p2b: Archaludon|spe|1\n|-ability|p2b: Archaludon|Stamina|boost\n|-boost|p2b: Archaludon|def|1\n|faint|p2a: Basculegion\n|move|p1a: Hydreigon|Nasty Plot|p1a: Hydreigon\n|-boost|p1a: Hydreigon|spa|2\n|move|p2b: Archaludon|Electro Shot||[still]\n|-prepare|p2b: Archaludon|Electro Shot\n|-boost|p2b: Archaludon|spa|1\n|-anim|p2b: Archaludon|Electro Shot|p1a: Hydreigon\n|-resisted|p1a: Hydreigon|1\n|-damage|p1a: Hydreigon|79/100\n|\n|-weather|none\n|-heal|p1a: Hydreigon|85/100|[from] item: Leftovers\n|upkeep\n|\n|t:|1775959027\n|switch|p2a: Pelipper|Pelipper, L50, F|21/100\n|-weather|RainDance|[from] ability: Drizzle|[of] p2a: Pelipper\n|turn|6\n|\n|t:|1775959039\n|move|p1b: Heliolisk|Thunder|p2a: Pelipper\n|-supereffective|p2a: Pelipper|2\n|-damage|p2a: Pelipper|0 fnt\n|faint|p2a: Pelipper\n|move|p1a: Hydreigon|Draco Meteor|p2b: Archaludon\n|-damage|p2b: Archaludon|0 fnt\n|-unboost|p1a: Hydreigon|spa|2\n|faint|p2b: Archaludon\n|\n|win|TheMomMoistener2xO\n|raw|TheMomMoistener2xO's rating: 1138 &rarr; <strong>1161</strong><br />(+23 for winning)\n|raw|caerulius's rating: 1110 &rarr; <strong>1087</strong><br />(-23 for losing)\n|l|\u2606caerulius\n|player|p2|\n",
  "uploadtime": 1775959056,
  "views": 9,
  "formatid": "gen9championsvgc2026regma",
  "rating": 1087,
  "private": 0,
  "password": null
}