{
  "id": "gen9championsvgc2026regma-2586913749",
  "format": "[Gen 9 Champions] VGC 2026 Reg M-A",
  "players": [
    "Pazok",
    "EXSA"
  ],
  "log": "|j|\u2606Pazok\n|j|\u2606EXSA\n|t:|1776471255\n|gametype|doubles\n|player|p1|Pazok|266|1181\n|player|p2|EXSA|169|1224\n|gen|9\n|tier|[Gen 9 Champions] VGC 2026 Reg M-A\n|rated|\n|rule|Species Clause: Limit one of each Pok\u00e9mon\n|rule|Item Clause: Limit 1 of each item\n|clearpoke\n|poke|p1|Aegislash, L50, M|\n|poke|p1|Talonflame, L50, F|\n|poke|p1|Incineroar, L50, M|\n|poke|p1|Garchomp, L50, M|\n|poke|p1|Rotom-Wash, L50|\n|poke|p1|Floette-Eternal, L50, F|\n|poke|p2|Orthworm, L50, M|\n|poke|p2|Garchomp, L50, F|\n|poke|p2|Tyranitar, L50, M|\n|poke|p2|Sinistcha, L50|\n|poke|p2|Primarina, L50, M|\n|poke|p2|Rotom-Heat, L50|\n|teampreview|4\n|\n|t:|1776471352\n|teamsize|p1|4\n|teamsize|p2|4\n|start\n|switch|p1a: Talonflame|Talonflame, L50, F|100/100\n|switch|p1b: Incineroar|Incineroar, L50, M, shiny|100/100\n|switch|p2a: Orthworm|Orthworm, L50, M, shiny|100/100\n|switch|p2b: Sinistcha|Sinistcha, L50|100/100\n|-ability|p1b: Incineroar|Intimidate|boost\n|-unboost|p2a: Orthworm|atk|1\n|-unboost|p2b: Sinistcha|atk|1\n|turn|1\n|\n|t:|1776471399\n|move|p2a: Orthworm|Protect|p2a: Orthworm\n|-singleturn|p2a: Orthworm|Protect\n|move|p1a: Talonflame|Tailwind|p1a: Talonflame\n|-sidestart|p1: Pazok|move: Tailwind\n|move|p1b: Incineroar|Parting Shot|p2a: Orthworm\n|-activate|p2a: Orthworm|move: Protect\n|move|p2b: Sinistcha|Trick Room|p2b: Sinistcha\n|-fieldstart|move: Trick Room|[of] p2b: Sinistcha\n|\n|upkeep\n|turn|2\n|\n|t:|1776471428\n|switch|p2b: Garchomp|Garchomp, L50, F|100/100\n|move|p1a: Talonflame|Acrobatics|p2b: Garchomp\n|-damage|p2b: Garchomp|59/100\n|-damage|p1a: Talonflame|88/100|[from] ability: Rough Skin|[of] p2b: Garchomp\n|move|p2a: Orthworm|Shed Tail|p2a: Orthworm\n|-start|p2a: Orthworm|Substitute|[from] move: Shed Tail\n|-damage|p2a: Orthworm|50/100\n|-enditem|p2a: Orthworm|Sitrus Berry|[eat]\n|-heal|p2a: Orthworm|75/100|[from] item: Sitrus Berry\n|\n|t:|1776471442\n|switch|p2a: Rotom|Rotom-Heat, L50|100/100|[from] Shed Tail\n|move|p1b: Incineroar|Parting Shot|p2a: Rotom\n|-unboost|p2a: Rotom|atk|1\n|-unboost|p2a: Rotom|spa|1\n|\n|t:|1776471463\n|switch|p1b: Floette|Floette-Eternal, L50, F|100/100|[from] Parting Shot\n|-enditem|p2a: Rotom|White Herb\n|-clearnegativeboost|p2a: Rotom|[silent]\n|\n|upkeep\n|turn|3\n|\n|t:|1776471478\n|detailschange|p1b: Floette|Floette-Mega, L50, F\n|-mega|p1b: Floette|Floette|Floettite\n|-ability|p1b: Floette|Fairy Aura\n|move|p1a: Talonflame|Protect|p1a: Talonflame\n|-singleturn|p1a: Talonflame|Protect\n|move|p2a: Rotom|Thunderbolt|p1a: Talonflame\n|-activate|p1a: Talonflame|move: Protect\n|move|p2b: Garchomp|Earthquake|p1b: Floette|[spread] p1b\n|-activate|p1a: Talonflame|move: Protect\n|-immune|p2a: Rotom|[from] ability: Levitate\n|-damage|p1b: Floette|65/100\n|move|p1b: Floette|Dazzling Gleam|p2a: Rotom|[spread] p2a,p2b\n|-resisted|p2a: Rotom|1\n|-activate|p2a: Rotom|move: Substitute|[damage]\n|-supereffective|p2b: Garchomp|1\n|-damage|p2b: Garchomp|0 fnt\n|faint|p2b: Garchomp\n|\n|upkeep\n|\n|t:|1776471486\n|switch|p2b: Orthworm|Orthworm, L50, M, shiny|75/100\n|turn|4\n|\n|t:|1776471513\n|switch|p1a: Incineroar|Incineroar, L50, M, shiny|100/100\n|-ability|p1a: Incineroar|Intimidate|boost\n|-immune|p2a: Rotom\n|-unboost|p2b: Orthworm|atk|1\n|move|p1b: Floette|Protect|p1b: Floette\n|-singleturn|p1b: Floette|Protect\n|move|p2b: Orthworm|Heavy Slam|p1b: Floette\n|-activate|p1b: Floette|move: Protect\n|move|p2a: Rotom|Thunderbolt|p1a: Incineroar\n|-damage|p1a: Incineroar|70/100\n|\n|-heal|p1a: Incineroar|76/100|[from] item: Leftovers\n|-sideend|p1: Pazok|move: Tailwind\n|upkeep\n|turn|5\n|\n|t:|1776471539\n|switch|p2b: Sinistcha|Sinistcha, L50|100/100\n|switch|p1b: Talonflame|Talonflame, L50, F|88/100\n|move|p1a: Incineroar|Fake Out|p2a: Rotom\n|-end|p2a: Rotom|Substitute\n|move|p2a: Rotom|Overheat|p1b: Talonflame|[miss]\n|-miss|p2a: Rotom|p1b: Talonflame\n|\n|-heal|p1a: Incineroar|82/100|[from] item: Leftovers\n|-fieldend|move: Trick Room\n|upkeep\n|turn|6\n|\n|t:|1776471574\n|move|p1b: Talonflame|Flare Blitz|p2b: Sinistcha\n|-supereffective|p2b: Sinistcha|1\n|-damage|p2b: Sinistcha|28/100\n|-damage|p1b: Talonflame|61/100|[from] Recoil\n|move|p2a: Rotom|Volt Switch|p1b: Talonflame\n|-supereffective|p1b: Talonflame|1\n|-damage|p1b: Talonflame|0 fnt\n|faint|p1b: Talonflame\n|\n|t:|1776471578\n|switch|p2a: Orthworm|Orthworm, L50, M, shiny|75/100|[from] Volt Switch\n|move|p2b: Sinistcha|Strength Sap|p1a: Incineroar\n|-unboost|p1a: Incineroar|atk|1\n|-heal|p2b: Sinistcha|100/100\n|move|p1a: Incineroar|Flare Blitz|p2b: Sinistcha\n|-supereffective|p2b: Sinistcha|1\n|-damage|p2b: Sinistcha|53/100\n|-damage|p1a: Incineroar|68/100|[from] Recoil\n|\n|-heal|p1a: Incineroar|74/100|[from] item: Leftovers\n|upkeep\n|\n|t:|1776471597\n|switch|p1b: Rotom|Rotom-Wash, L50|100/100\n|turn|7\n|\n|t:|1776471622\n|move|p1b: Rotom|Will-O-Wisp|p2a: Orthworm\n|-status|p2a: Orthworm|brn\n|move|p2b: Sinistcha|Matcha Gotcha|p1a: Incineroar|[spread] p1a,p1b\n|-resisted|p1a: Incineroar|1\n|-supereffective|p1b: Rotom|1\n|-damage|p1a: Incineroar|65/100\n|-heal|p2b: Sinistcha|58/100|[from] drain|[of] p1a: Incineroar\n|-damage|p1b: Rotom|43/100\n|-heal|p2b: Sinistcha|84/100|[from] drain|[of] p1b: Rotom\n|-enditem|p1b: Rotom|Sitrus Berry|[eat]\n|-heal|p1b: Rotom|68/100|[from] item: Sitrus Berry\n|move|p2a: Orthworm|Body Press|p1a: Incineroar\n|-supereffective|p1a: Incineroar|1\n|-damage|p1a: Incineroar|36/100\n|move|p1a: Incineroar|Parting Shot|p2b: Sinistcha\n|-unboost|p2b: Sinistcha|atk|1\n|-unboost|p2b: Sinistcha|spa|1\n|\n|t:|1776471641\n|switch|p1a: Floette|Floette-Mega, L50, F|65/100|[from] Parting Shot\n|-ability|p1a: Floette|Fairy Aura\n|\n|-damage|p2a: Orthworm|69/100 brn|[from] brn\n|upkeep\n|turn|8\n|\n|t:|1776471675\n|switch|p1a: Incineroar|Incineroar, L50, M, shiny|36/100\n|-ability|p1a: Incineroar|Intimidate|boost\n|-unboost|p2a: Orthworm|atk|1\n|-unboost|p2b: Sinistcha|atk|1\n|move|p2a: Orthworm|Protect|p2a: Orthworm\n|-singleturn|p2a: Orthworm|Protect\n|move|p1b: Rotom|Hydro Pump|p2a: Orthworm\n|-activate|p2a: Orthworm|move: Protect\n|move|p2b: Sinistcha|Trick Room|p2b: Sinistcha\n|-fieldstart|move: Trick Room|[of] p2b: Sinistcha\n|\n|-heal|p1a: Incineroar|42/100|[from] item: Leftovers\n|-damage|p2a: Orthworm|63/100 brn|[from] brn\n|upkeep\n|turn|9\n|\n|t:|1776471702\n|switch|p2a: Rotom|Rotom-Heat, L50|100/100\n|move|p1a: Incineroar|Fake Out|p2a: Rotom\n|-damage|p2a: Rotom|88/100\n|move|p2b: Sinistcha|Strength Sap|p1a: Incineroar\n|-unboost|p1a: Incineroar|atk|1\n|-heal|p2b: Sinistcha|100/100\n|move|p1b: Rotom|Will-O-Wisp|p2b: Sinistcha\n|-status|p2b: Sinistcha|brn\n|\n|-heal|p1a: Incineroar|48/100|[from] item: Leftovers\n|-damage|p2b: Sinistcha|94/100 brn|[from] brn\n|upkeep\n|turn|10\n|\n|t:|1776471726\n|move|p2b: Sinistcha|Rage Powder|p2b: Sinistcha\n|-singleturn|p2b: Sinistcha|move: Rage Powder\n|move|p1a: Incineroar|Parting Shot|p2b: Sinistcha\n|-unboost|p2b: Sinistcha|atk|1\n|-unboost|p2b: Sinistcha|spa|1\n|\n|t:|1776471732\n|switch|p1a: Floette|Floette-Mega, L50, F|65/100|[from] Parting Shot\n|-ability|p1a: Floette|Fairy Aura\n|move|p2a: Rotom|Thunderbolt|p1a: Floette\n|-damage|p1a: Floette|35/100\n|move|p1b: Rotom|Hydro Pump|p2b: Sinistcha\n|-resisted|p2b: Sinistcha|1\n|-damage|p2b: Sinistcha|72/100 brn\n|\n|-damage|p2b: Sinistcha|66/100 brn|[from] brn\n|upkeep\n|turn|11\n|\n|t:|1776471752\n|move|p2b: Sinistcha|Rage Powder|p2b: Sinistcha\n|-singleturn|p2b: Sinistcha|move: Rage Powder\n|move|p2a: Rotom|Volt Switch|p1b: Rotom\n|-damage|p1b: Rotom|31/100\n|\n|t:|1776471757\n|switch|p2a: Orthworm|Orthworm, L50, M, shiny|63/100 brn|[from] Volt Switch\n|move|p1b: Rotom|Hydro Pump|p2b: Sinistcha\n|-resisted|p2b: Sinistcha|1\n|-damage|p2b: Sinistcha|45/100 brn\n|move|p1a: Floette|Moonblast|p2b: Sinistcha\n|-damage|p2b: Sinistcha|0 fnt\n|faint|p2b: Sinistcha\n|\n|-damage|p2a: Orthworm|56/100 brn|[from] brn\n|upkeep\n|\n|t:|1776471767\n|switch|p2b: Rotom|Rotom-Heat, L50|88/100\n|turn|12\n|\n|t:|1776471803\n|switch|p1a: Incineroar|Incineroar, L50, M, shiny|48/100\n|-ability|p1a: Incineroar|Intimidate|boost\n|-unboost|p2a: Orthworm|atk|1\n|-unboost|p2b: Rotom|atk|1\n|move|p2a: Orthworm|Heavy Slam|p1a: Incineroar\n|-resisted|p1a: Incineroar|1\n|-damage|p1a: Incineroar|44/100\n|move|p2b: Rotom|Thunderbolt|p1b: Rotom\n|-damage|p1b: Rotom|0 fnt\n|faint|p1b: Rotom\n|\n|-heal|p1a: Incineroar|50/100|[from] item: Leftovers\n|-damage|p2a: Orthworm|50/100 brn|[from] brn\n|-fieldend|move: Trick Room\n|upkeep\n|\n|t:|1776471816\n|switch|p1b: Floette|Floette-Mega, L50, F|35/100\n|-ability|p1b: Floette|Fairy Aura\n|turn|13\n|\n|t:|1776471846\n|move|p1b: Floette|Protect|p1b: Floette\n|-singleturn|p1b: Floette|Protect\n|move|p2a: Orthworm|Protect|p2a: Orthworm\n|-singleturn|p2a: Orthworm|Protect\n|move|p1a: Incineroar|Fake Out|p2b: Rotom\n|-damage|p2b: Rotom|77/100\n|cant|p2b: Rotom|flinch\n|\n|-heal|p1a: Incineroar|56/100|[from] item: Leftovers\n|-damage|p2a: Orthworm|44/100 brn|[from] brn\n|upkeep\n|turn|14\n|\n|t:|1776471882\n|move|p1b: Floette|Moonblast|p2b: Rotom\n|-resisted|p2b: Rotom|1\n|-damage|p2b: Rotom|39/100\n|-unboost|p2b: Rotom|spa|1\n|move|p2b: Rotom|Thunderbolt|p1b: Floette\n|-damage|p1b: Floette|14/100\n|-status|p1b: Floette|par\n|move|p2a: Orthworm|Body Press|p1a: Incineroar\n|-supereffective|p1a: Incineroar|1\n|-damage|p1a: Incineroar|28/100\n|move|p1a: Incineroar|Darkest Lariat|p2b: Rotom\n|-damage|p2b: Rotom|4/100\n|\n|-heal|p1a: Incineroar|34/100|[from] item: Leftovers\n|-damage|p2a: Orthworm|38/100 brn|[from] brn\n|upkeep\n|turn|15\n|\n|t:|1776471908\n|move|p1b: Floette|Protect|p1b: Floette\n|-singleturn|p1b: Floette|Protect\n|move|p2b: Rotom|Thunderbolt|p1a: Incineroar\n|-damage|p1a: Incineroar|10/100\n|move|p2a: Orthworm|Heavy Slam|p1b: Floette\n|-activate|p1b: Floette|move: Protect\n|move|p1a: Incineroar|Darkest Lariat|p2b: Rotom\n|-damage|p2b: Rotom|0 fnt\n|faint|p2b: Rotom\n|\n|-heal|p1a: Incineroar|16/100|[from] item: Leftovers\n|-damage|p2a: Orthworm|32/100 brn|[from] brn\n|upkeep\n|turn|16\n|\n|t:|1776471928\n|move|p2a: Orthworm|Body Press|p1a: Incineroar\n|-supereffective|p1a: Incineroar|1\n|-damage|p1a: Incineroar|0 fnt\n|faint|p1a: Incineroar\n|move|p1b: Floette|Moonblast|p2a: Orthworm\n|-resisted|p2a: Orthworm|1\n|-damage|p2a: Orthworm|0 fnt\n|faint|p2a: Orthworm\n|\n|win|Pazok\n|raw|Pazok's rating: 1181 &rarr; <strong>1209</strong><br />(+28 for winning)\n|raw|EXSA's rating: 1224 &rarr; <strong>1196</strong><br />(-28 for losing)\n",
  "uploadtime": 1776471935,
  "views": 25,
  "formatid": "gen9championsvgc2026regma",
  "rating": 1196,
  "private": 0,
  "password": null
}