{
  "id": "gen9championsvgc2026regma-2582071705",
  "format": "[Gen 9 Champions] VGC 2026 Reg M-A",
  "players": [
    "ShadowOugi",
    "miseria010"
  ],
  "log": "|j|\u2606ShadowOugi\n|j|\u2606miseria010\n|t:|1776054370\n|gametype|doubles\n|player|p1|ShadowOugi|102|1220\n|player|p2|miseria010|unknown|1161\n|gen|9\n|tier|[Gen 9 Champions] VGC 2026 Reg M-A\n|rated|\n|rule|Species Clause: Limit one of each Pok\u00e9mon\n|rule|Item Clause: Limit 1 of each item\n|clearpoke\n|poke|p1|Sneasler, L50, M|\n|poke|p1|Basculegion, L50, M|\n|poke|p1|Meganium, L50, F|\n|poke|p1|Pelipper, L50, M|\n|poke|p1|Archaludon, L50, M|\n|poke|p1|Kleavor, L50, M|\n|poke|p2|Charizard, L50, M|\n|poke|p2|Venusaur, L50, M|\n|poke|p2|Garchomp, L50, M|\n|poke|p2|Incineroar, L50, M|\n|poke|p2|Conkeldurr, L50, M|\n|poke|p2|Whimsicott, L50, F|\n|teampreview|4\n|inactive|Battle timer is ON: inactive players will automatically lose when time's up. (requested by ShadowOugi)\n|inactive|ShadowOugi has 60 seconds left.\n|inactive|miseria010 has 60 seconds left.\n|\n|t:|1776054424\n|teamsize|p1|4\n|teamsize|p2|4\n|start\n|switch|p1a: Kleavor|Kleavor, L50, M|100/100\n|switch|p1b: Sneasler|Sneasler, L50, M|100/100\n|switch|p2a: Charizard|Charizard, L50, M, shiny|100/100\n|switch|p2b: Whimsicott|Whimsicott, L50, F|100/100\n|turn|1\n|\n|t:|1776054448\n|move|p2b: Whimsicott|Protect|p2b: Whimsicott\n|-singleturn|p2b: Whimsicott|Protect\n|move|p2a: Charizard|Protect|p2a: Charizard\n|-singleturn|p2a: Charizard|Protect\n|move|p1b: Sneasler|Fake Out|p2b: Whimsicott\n|-activate|p2b: Whimsicott|move: Protect\n|move|p1a: Kleavor|Tailwind|p1a: Kleavor\n|-sidestart|p1: ShadowOugi|move: Tailwind\n|\n|upkeep\n|turn|2\n|\n|t:|1776054459\n|detailschange|p2a: Charizard|Charizard-Mega-Y, L50, M, shiny\n|-mega|p2a: Charizard|Charizard|Charizardite Y\n|-weather|SunnyDay|[from] ability: Drought|[of] p2a: Charizard\n|move|p2b: Whimsicott|Tailwind|p2b: Whimsicott\n|-sidestart|p2: miseria010|move: Tailwind\n|move|p1b: Sneasler|Dire Claw|p2b: Whimsicott\n|-supereffective|p2b: Whimsicott|2\n|-enditem|p2b: Whimsicott|Focus Sash\n|-damage|p2b: Whimsicott|1/100\n|move|p2a: Charizard|Heat Wave|p1b: Sneasler|[spread] p1a,p1b\n|-enditem|p1a: Kleavor|Focus Sash\n|-damage|p1a: Kleavor|1/100\n|-damage|p1b: Sneasler|3/100\n|move|p1a: Kleavor|Stone Axe|p2a: Charizard|[miss]\n|-miss|p1a: Kleavor|p2a: Charizard\n|\n|-weather|SunnyDay|[upkeep]\n|upkeep\n|turn|3\n|\n|t:|1776054483\n|switch|p1a: Pelipper|Pelipper, L50, M|100/100\n|-weather|RainDance|[from] ability: Drizzle|[of] p1a: Pelipper\n|move|p1b: Sneasler|Dire Claw|p2b: Whimsicott\n|-supereffective|p2b: Whimsicott|2\n|-damage|p2b: Whimsicott|0 fnt\n|faint|p2b: Whimsicott\n|move|p2a: Charizard|Flamethrower|p1a: Pelipper\n|-resisted|p1a: Pelipper|1\n|-damage|p1a: Pelipper|81/100\n|\n|-weather|RainDance|[upkeep]\n|-heal|p1a: Pelipper|87/100|[from] item: Leftovers\n|upkeep\n|inactive|miseria010 has 30 seconds left.\n|\n|t:|1776054511\n|switch|p2b: Conkeldurr|Conkeldurr, L50, M|100/100\n|turn|4\n|\n|t:|1776054525\n|switch|p1b: Meganium|Meganium, L50, F|100/100\n|switch|p2a: Venusaur|Venusaur, L50, M|100/100\n|move|p2b: Conkeldurr|Mach Punch|p1b: Meganium\n|-damage|p1b: Meganium|76/100\n|move|p1a: Pelipper|Weather Ball|p2b: Conkeldurr\n|-damage|p2b: Conkeldurr|53/100\n|\n|-weather|RainDance|[upkeep]\n|-heal|p1a: Pelipper|93/100|[from] item: Leftovers\n|-sideend|p1: ShadowOugi|move: Tailwind\n|upkeep\n|turn|5\n|\n|t:|1776054543\n|switch|p2b: Charizard|Charizard-Mega-Y, L50, M, shiny|100/100\n|-weather|SunnyDay|[from] ability: Drought|[of] p2b: Charizard\n|detailschange|p1b: Meganium|Meganium-Mega, L50, F\n|-mega|p1b: Meganium|Meganium|Meganiumite\n|move|p2a: Venusaur|Sludge Bomb|p1b: Meganium\n|-supereffective|p1b: Meganium|2\n|-damage|p1b: Meganium|0 fnt\n|faint|p1b: Meganium\n|move|p1a: Pelipper|Tailwind|p1a: Pelipper\n|-sidestart|p1: ShadowOugi|move: Tailwind\n|\n|-weather|SunnyDay|[upkeep]\n|-heal|p1a: Pelipper|99/100|[from] item: Leftovers\n|-sideend|p2: miseria010|move: Tailwind\n|upkeep\n|\n|t:|1776054556\n|switch|p1b: Kleavor|Kleavor, L50, M|1/100\n|turn|6\n|\n|t:|1776054570\n|switch|p2b: Conkeldurr|Conkeldurr, L50, M|53/100\n|move|p1b: Kleavor|Protect|p1b: Kleavor\n|-singleturn|p1b: Kleavor|Protect\n|move|p2a: Venusaur|Sludge Bomb|p1b: Kleavor\n|-activate|p1b: Kleavor|move: Protect\n|move|p1a: Pelipper|Rain Dance|p1a: Pelipper\n|-weather|RainDance\n|\n|-weather|RainDance|[upkeep]\n|-heal|p1a: Pelipper|100/100|[from] item: Leftovers\n|upkeep\n|turn|7\n|\n|t:|1776054590\n|move|p2a: Venusaur|Protect|p2a: Venusaur\n|-singleturn|p2a: Venusaur|Protect\n|move|p2b: Conkeldurr|Protect|p2b: Conkeldurr\n|-singleturn|p2b: Conkeldurr|Protect\n|move|p1b: Kleavor|Stone Axe|p2b: Conkeldurr\n|-activate|p2b: Conkeldurr|move: Protect\n|move|p1a: Pelipper|Weather Ball|p2b: Conkeldurr\n|-activate|p2b: Conkeldurr|move: Protect\n|\n|-weather|RainDance|[upkeep]\n|upkeep\n|turn|8\n|-message|ShadowOugi forfeited.\n|\n|win|miseria010\n|raw|ShadowOugi's rating: 1220 &rarr; <strong>1191</strong><br />(-29 for losing)\n|raw|miseria010's rating: 1161 &rarr; <strong>1190</strong><br />(+29 for winning)\n|l|\u2606ShadowOugi\n|player|p1|\n",
  "uploadtime": 1776054617,
  "views": 35,
  "formatid": "gen9championsvgc2026regma",
  "rating": 1190,
  "private": 0,
  "password": null
}