{
  "id": "gen9championsvgc2026regma-2585230017",
  "format": "[Gen 9 Champions] VGC 2026 Reg M-A",
  "players": [
    "buh cat vgc",
    "bryantbullets"
  ],
  "log": "|j|\u2606buh cat vgc\n|j|\u2606bryantbullets\n|t:|1776327670\n|gametype|doubles\n|player|p1|buh cat vgc|169|1298\n|player|p2|bryantbullets|2|1211\n|gen|9\n|tier|[Gen 9 Champions] VGC 2026 Reg M-A\n|rated|\n|rule|Species Clause: Limit one of each Pok\u00e9mon\n|rule|Item Clause: Limit 1 of each item\n|clearpoke\n|poke|p1|Floette-Eternal, L50, F|\n|poke|p1|Aerodactyl, L50, M|\n|poke|p1|Sneasler, L50, M|\n|poke|p1|Kingambit, L50, F|\n|poke|p1|Basculegion, L50, M|\n|poke|p1|Delphox, L50, M|\n|poke|p2|Froslass, L50, F|\n|poke|p2|Basculegion, L50, M|\n|poke|p2|Kingambit, L50, F|\n|poke|p2|Rotom-Heat, L50|\n|poke|p2|Sneasler, L50, F|\n|poke|p2|Clefable, L50, M|\n|teampreview|4\n|inactive|Battle timer is ON: inactive players will automatically lose when time's up. (requested by bryantbullets)\n|inactive|buh cat vgc has 60 seconds left.\n|\n|t:|1776327727\n|teamsize|p1|4\n|teamsize|p2|4\n|start\n|switch|p1a: Aerodactyl|Aerodactyl, L50, M|100/100\n|switch|p1b: Floette|Floette-Eternal, L50, F|100/100\n|switch|p2a: Froslass|Froslass, L50, F|100/100\n|switch|p2b: Sneasler|Sneasler, L50, F|100/100\n|-ability|p1a: Aerodactyl|Unnerve\n|turn|1\n|inactive|buh cat vgc has 30 seconds left.\n|\n|t:|1776327761\n|detailschange|p2a: Froslass|Froslass-Mega, L50, F\n|-mega|p2a: Froslass|Froslass|Froslassite\n|-weather|Snowscape|[from] ability: Snow Warning|[of] p2a: Froslass\n|detailschange|p1b: Floette|Floette-Mega, L50, F\n|-mega|p1b: Floette|Floette|Floettite\n|-ability|p1b: Floette|Fairy Aura\n|move|p1a: Aerodactyl|Protect|p1a: Aerodactyl\n|-singleturn|p1a: Aerodactyl|Protect\n|move|p2b: Sneasler|Fake Out|p1a: Aerodactyl\n|-activate|p1a: Aerodactyl|move: Protect\n|move|p2a: Froslass|Aurora Veil|p2a: Froslass\n|-sidestart|p2: bryantbullets|move: Aurora Veil\n|move|p1b: Floette|Dazzling Gleam|p2b: Sneasler|[spread] p2a,p2b\n|-damage|p2a: Froslass|56/100\n|-damage|p2b: Sneasler|51/100\n|\n|-weather|Snowscape|[upkeep]\n|upkeep\n|turn|2\n|\n|t:|1776327786\n|move|p1a: Aerodactyl|Tailwind|p1a: Aerodactyl\n|-sidestart|p1: buh cat vgc|move: Tailwind\n|move|p1b: Floette|Moonblast|p2b: Sneasler\n|-damage|p2b: Sneasler|0 fnt\n|faint|p2b: Sneasler\n|move|p2a: Froslass|Blizzard|p1b: Floette|[spread] p1a,p1b\n|-supereffective|p1a: Aerodactyl|1\n|-enditem|p1a: Aerodactyl|Focus Sash\n|-damage|p1a: Aerodactyl|1/100\n|-damage|p1b: Floette|64/100\n|-status|p1a: Aerodactyl|frz\n|\n|-weather|Snowscape|[upkeep]\n|upkeep\n|\n|t:|1776327797\n|switch|p2b: Basculegion|Basculegion, L50, M|100/100\n|turn|3\n|inactive|bryantbullets has 30 seconds left.\n|\n|t:|1776327822\n|move|p2b: Basculegion|Aqua Jet|p1b: Floette\n|-damage|p1b: Floette|29/100\n|-curestatus|p1a: Aerodactyl|frz|[msg]\n|move|p1a: Aerodactyl|Rock Slide|p2b: Basculegion|[spread] p2a\n|-miss|p1a: Aerodactyl|p2b: Basculegion\n|-supereffective|p2a: Froslass|1\n|-damage|p2a: Froslass|13/100\n|move|p1b: Floette|Light of Ruin|p2b: Basculegion\n|-damage|p2b: Basculegion|7/100\n|-damage|p1b: Floette|0 fnt|[from] Recoil\n|faint|p1b: Floette\n|move|p2a: Froslass|Blizzard|p1a: Aerodactyl\n|-supereffective|p1a: Aerodactyl|1\n|-damage|p1a: Aerodactyl|0 fnt\n|faint|p1a: Aerodactyl\n|\n|-weather|Snowscape|[upkeep]\n|upkeep\n|\n|t:|1776327826\n|switch|p1a: Basculegion|Basculegion, L50, M|100/100\n|switch|p1b: Sneasler|Sneasler, L50, M|100/100\n|turn|4\n|inactive|bryantbullets has 30 seconds left.\n|inactive|bryantbullets has 20 seconds left.\n|inactive|bryantbullets has 15 seconds left.\n|\n|t:|1776327870\n|move|p2b: Basculegion|Aqua Jet|p1b: Sneasler\n|-damage|p1b: Sneasler|57/100\n|move|p1b: Sneasler|Dire Claw|p2b: Basculegion\n|-resisted|p2b: Basculegion|1\n|-damage|p2b: Basculegion|0 fnt\n|faint|p2b: Basculegion\n|move|p1a: Basculegion|Wave Crash|p2a: Froslass\n|-damage|p2a: Froslass|0 fnt\n|faint|p2a: Froslass\n|-damage|p1a: Basculegion|98/100|[from] Recoil\n|\n|-weather|Snowscape|[upkeep]\n|upkeep\n|\n|t:|1776327879\n|switch|p2b: Rotom|Rotom-Heat, L50|100/100\n|turn|5\n|\n|t:|1776327885\n|move|p1b: Sneasler|Close Combat|p2b: Rotom\n|-damage|p2b: Rotom|34/100\n|-unboost|p1b: Sneasler|def|1\n|-unboost|p1b: Sneasler|spd|1\n|-enditem|p1b: Sneasler|White Herb\n|-clearnegativeboost|p1b: Sneasler|[silent]\n|move|p1a: Basculegion|Wave Crash|p2b: Rotom\n|-supereffective|p2b: Rotom|1\n|-damage|p2b: Rotom|0 fnt\n|faint|p2b: Rotom\n|-damage|p1a: Basculegion|91/100|[from] Recoil\n|\n|win|buh cat vgc\n|raw|buh cat vgc's rating: 1298 &rarr; <strong>1317</strong><br />(+19 for winning)\n|raw|bryantbullets's rating: 1211 &rarr; <strong>1192</strong><br />(-19 for losing)\n|l|\u2606bryantbullets\n|player|p2|\n",
  "uploadtime": 1776328056,
  "views": 21,
  "formatid": "gen9championsvgc2026regma",
  "rating": 1192,
  "private": 0,
  "password": null
}