{
  "id": "gen9championsvgc2026regma-2582783640",
  "format": "[Gen 9 Champions] VGC 2026 Reg M-A",
  "players": [
    "djman346688",
    "NetoPeixe"
  ],
  "log": "|j|\u2606djman346688\n|j|\u2606NetoPeixe\n|t:|1776113840\n|gametype|doubles\n|player|p1|djman346688|byron|1120\n|player|p2|NetoPeixe|hau|1032\n|gen|9\n|tier|[Gen 9 Champions] VGC 2026 Reg M-A\n|rated|\n|rule|Species Clause: Limit one of each Pok\u00e9mon\n|rule|Item Clause: Limit 1 of each item\n|clearpoke\n|poke|p1|Hatterene, L50, F|\n|poke|p1|Farigiraf, L50, F|\n|poke|p1|Drampa, L50, M|\n|poke|p1|Scizor, L50, M|\n|poke|p1|Incineroar, L50, M|\n|poke|p1|Kingambit, L50, M|\n|poke|p2|Tyranitar, L50, M|\n|poke|p2|Starmie, L50|\n|poke|p2|Garchomp, L50, M|\n|poke|p2|Aegislash, L50, F|\n|poke|p2|Medicham, L50, F|\n|poke|p2|Maushold-Four, L50|\n|teampreview|4\n|inactive|Battle timer is ON: inactive players will automatically lose when time's up. (requested by djman346688)\n|inactive|NetoPeixe has 60 seconds left.\n|\n|t:|1776113887\n|teamsize|p1|4\n|teamsize|p2|4\n|start\n|switch|p1a: Farigiraf|Farigiraf, L50, F, shiny|100/100\n|switch|p1b: Drampa|Drampa, L50, M, shiny|100/100\n|switch|p2a: Medicham|Medicham, L50, F, shiny|100/100\n|switch|p2b: Garchomp|Garchomp, L50, M|100/100\n|-ability|p1b: Drampa|Cloud Nine\n|turn|1\n|inactive|djman346688 has 30 seconds left.\n|\n|t:|1776113912\n|detailschange|p1b: Drampa|Drampa-Mega, L50, M, shiny\n|-mega|p1b: Drampa|Drampa|Drampanite\n|move|p1b: Drampa|Protect|p1b: Drampa\n|-singleturn|p1b: Drampa|Protect\n|move|p2b: Garchomp|Dragon Claw|p1b: Drampa\n|-activate|p1b: Drampa|move: Protect\n|move|p2a: Medicham|Skill Swap|p2b: Garchomp\n|-activate|p2a: Medicham|Skill Swap|||[of] p2b: Garchomp\n|move|p1a: Farigiraf|Trick Room|p1a: Farigiraf\n|-fieldstart|move: Trick Room|[of] p1a: Farigiraf\n|\n|upkeep\n|turn|2\n|\n|t:|1776113935\n|move|p2b: Garchomp|Protect|p2b: Garchomp\n|-singleturn|p2b: Garchomp|Protect\n|move|p1a: Farigiraf|Ally Switch|p1a: Farigiraf\n|swap|p1a: Farigiraf|1|[from] move: Ally Switch\n|move|p1a: Drampa|Calm Mind|p1a: Drampa\n|-boost|p1a: Drampa|spa|1\n|-boost|p1a: Drampa|spd|1\n|move|p2a: Medicham|Close Combat|p1b: Farigiraf\n|-damage|p1b: Farigiraf|66/100\n|-unboost|p2a: Medicham|def|1\n|-unboost|p2a: Medicham|spd|1\n|\n|upkeep\n|turn|3\n|inactive|NetoPeixe has 30 seconds left.\n|\n|t:|1776113961\n|switch|p2b: Tyranitar|Tyranitar, L50, M|100/100\n|-weather|Sandstorm|[from] ability: Sand Stream|[of] p2b: Tyranitar\n|move|p1a: Drampa|Dragon Pulse|p2b: Tyranitar\n|-damage|p2b: Tyranitar|39/100\n|move|p1b: Farigiraf|Psychic|p2b: Tyranitar\n|-immune|p2b: Tyranitar\n|move|p2a: Medicham|Close Combat|p1a: Drampa\n|-supereffective|p1a: Drampa|1\n|-damage|p1a: Drampa|35/100\n|-unboost|p2a: Medicham|def|1\n|-unboost|p2a: Medicham|spd|1\n|-ability|p1a: Drampa|Berserk|boost\n|-boost|p1a: Drampa|spa|1\n|\n|-weather|Sandstorm|[upkeep]\n|-damage|p1a: Drampa|29/100|[from] Sandstorm\n|-damage|p1b: Farigiraf|60/100|[from] Sandstorm\n|-damage|p2a: Medicham|95/100|[from] Sandstorm\n|upkeep\n|turn|4\n|inactive|NetoPeixe has 30 seconds left.\n|inactive|NetoPeixe has 20 seconds left.\n|inactive|NetoPeixe has 15 seconds left.\n|\n|t:|1776114003\n|switch|p2a: Starmie|Starmie, L50|100/100\n|move|p1a: Drampa|Dragon Pulse|p2b: Tyranitar\n|-damage|p2b: Tyranitar|0 fnt\n|faint|p2b: Tyranitar\n|move|p1b: Farigiraf|Psychic|p2a: Starmie\n|-resisted|p2a: Starmie|1\n|-damage|p2a: Starmie|76/100\n|\n|-weather|Sandstorm|[upkeep]\n|-damage|p1a: Drampa|23/100|[from] Sandstorm\n|-damage|p1b: Farigiraf|53/100|[from] Sandstorm\n|-damage|p2a: Starmie|70/100|[from] Sandstorm\n|upkeep\n|\n|t:|1776114018\n|switch|p2b: Garchomp|Garchomp, L50, M|100/100\n|turn|5\n|inactive|NetoPeixe has 30 seconds left.\n|inactive|NetoPeixe has 20 seconds left.\n|\n|t:|1776114055\n|detailschange|p2a: Starmie|Starmie-Mega, L50\n|-mega|p2a: Starmie|Starmie|Starminite\n|move|p2b: Garchomp|Protect|p2b: Garchomp\n|-singleturn|p2b: Garchomp|Protect\n|move|p2a: Starmie|Protect|p2a: Starmie\n|-singleturn|p2a: Starmie|Protect\n|move|p1a: Drampa|Hyper Voice|p2a: Starmie|[spread] \n|-activate|p2a: Starmie|move: Protect\n|-activate|p2b: Garchomp|move: Protect\n|move|p1b: Farigiraf|Psychic|p2b: Garchomp\n|-activate|p2b: Garchomp|move: Protect\n|\n|-weather|Sandstorm|[upkeep]\n|-damage|p1a: Drampa|17/100|[from] Sandstorm\n|-damage|p1b: Farigiraf|47/100|[from] Sandstorm\n|-damage|p2a: Starmie|64/100|[from] Sandstorm\n|-enditem|p1b: Farigiraf|Sitrus Berry|[eat]\n|-heal|p1b: Farigiraf|72/100|[from] item: Sitrus Berry\n|-fieldend|move: Trick Room\n|upkeep\n|turn|6\n|inactive|NetoPeixe has 30 seconds left.\n|inactive|NetoPeixe has 20 seconds left.\n|\n|t:|1776114093\n|move|p1b: Farigiraf|Ally Switch|p1b: Farigiraf\n|swap|p1b: Farigiraf|0|[from] move: Ally Switch\n|move|p2a: Starmie|Skill Swap|p2b: Garchomp\n|-activate|p2a: Starmie|Skill Swap|||[of] p2b: Garchomp\n|move|p2b: Garchomp|Earthquake|p1a: Farigiraf|[spread] p2a,p1a,p1b\n|-damage|p2a: Starmie|0 fnt\n|-damage|p1a: Farigiraf|3/100\n|-damage|p1b: Drampa|0 fnt\n|faint|p2a: Starmie\n|faint|p1b: Drampa\n|\n|-weather|Sandstorm|[upkeep]\n|-damage|p1a: Farigiraf|0 fnt|[from] Sandstorm\n|faint|p1a: Farigiraf\n|upkeep\n|\n|t:|1776114106\n|switch|p2a: Medicham|Medicham, L50, F, shiny|95/100\n|switch|p1a: Scizor|Scizor, L50, M|100/100\n|switch|p1b: Hatterene|Hatterene, L50, F|100/100\n|turn|7\n|\n|t:|1776114126\n|move|p2a: Medicham|Fake Out|p1b: Hatterene\n|-damage|p1b: Hatterene|79/100\n|move|p2b: Garchomp|Earthquake|p1b: Hatterene|[spread] p2a,p1a,p1b\n|-damage|p2a: Medicham|0 fnt\n|-damage|p1a: Scizor|27/100\n|-damage|p1b: Hatterene|0 fnt\n|faint|p2a: Medicham\n|faint|p1b: Hatterene\n|move|p1a: Scizor|Aerial Ace|p2b: Garchomp\n|-damage|p2b: Garchomp|68/100\n|\n|-weather|none\n|-heal|p2b: Garchomp|73/100|[from] item: Leftovers\n|upkeep\n|turn|8\n|-message|djman346688 forfeited.\n|\n|win|NetoPeixe\n|raw|djman346688's rating: 1097 &rarr; <strong>1068</strong><br />(-29 for losing)\n|raw|NetoPeixe's rating: 1032 &rarr; <strong>1074</strong><br />(+42 for winning)\n|l|\u2606djman346688\n|player|p1|\n",
  "uploadtime": 1776114146,
  "views": 27,
  "formatid": "gen9championsvgc2026regma",
  "rating": 1068,
  "private": 0,
  "password": null
}