{
  "id": "gen9championsvgc2026regma-2587541707",
  "format": "[Gen 9 Champions] VGC 2026 Reg M-A",
  "players": [
    "JokER46777e",
    "MaxiSilv"
  ],
  "log": "|j|\u2606JokER46777e\n|j|\u2606MaxiSilv\n|t:|1776540708\n|gametype|doubles\n|player|p1|JokER46777e|steven|1147\n|player|p2|MaxiSilv|266|1117\n|gen|9\n|tier|[Gen 9 Champions] VGC 2026 Reg M-A\n|rated|\n|rule|Species Clause: Limit one of each Pok\u00e9mon\n|rule|Item Clause: Limit 1 of each item\n|clearpoke\n|poke|p1|Manectric, L50, F|\n|poke|p1|Archaludon, L50, F|\n|poke|p1|Whimsicott, L50, M|\n|poke|p1|Sneasler, L50, M|\n|poke|p1|Politoed, L50, F|\n|poke|p1|Gengar, L50, F|\n|poke|p2|Floette-Eternal, L50, F|\n|poke|p2|Sinistcha, L50|\n|poke|p2|Aerodactyl, L50, M|\n|poke|p2|Garchomp, L50, M|\n|poke|p2|Incineroar, L50, F|\n|poke|p2|Rotom-Wash, L50|\n|teampreview|4\nMaxiSilv has agreed to open team sheets.\nJokER46777e rejected open team sheets.\n|inactive|Battle timer is ON: inactive players will automatically lose when time's up. (requested by JokER46777e)\n|\n|t:|1776540744\n|teamsize|p1|4\n|teamsize|p2|4\n|start\n|switch|p1a: Politoed|Politoed, L50, F|100/100\n|switch|p1b: Gengar|Gengar, L50, F|100/100\n|switch|p2a: Aerodactyl|Aerodactyl, L50, M|100/100\n|switch|p2b: Garchomp|Garchomp, L50, M|100/100\n|-ability|p2a: Aerodactyl|Unnerve\n|-weather|RainDance|[from] ability: Drizzle|[of] p1a: Politoed\n|turn|1\n|inactive|MaxiSilv has 30 seconds left.\n|inactive|MaxiSilv has 20 seconds left.\n|\n|t:|1776540784\n|detailschange|p1b: Gengar|Gengar-Mega, L50, F\n|-mega|p1b: Gengar|Gengar|Gengarite\n|move|p1b: Gengar|Protect|p1b: Gengar\n|-singleturn|p1b: Gengar|Protect\n|move|p2a: Aerodactyl|Tailwind|p2a: Aerodactyl\n|-sidestart|p2: MaxiSilv|move: Tailwind\n|move|p2b: Garchomp|Earthquake|p1a: Politoed|[spread] p1a\n|-activate|p1b: Gengar|move: Protect\n|-immune|p2a: Aerodactyl\n|-damage|p1a: Politoed|60/100\n|move|p1a: Politoed|Icy Wind|p2a: Aerodactyl|[spread] p2a,p2b\n|-supereffective|p2a: Aerodactyl|1\n|-supereffective|p2b: Garchomp|2\n|-damage|p2a: Aerodactyl|75/100\n|-damage|p2b: Garchomp|64/100\n|-unboost|p2a: Aerodactyl|spe|1\n|-unboost|p2b: Garchomp|spe|1\n|-enditem|p2b: Garchomp|White Herb\n|-clearnegativeboost|p2b: Garchomp|[silent]\n|\n|-weather|RainDance|[upkeep]\n|upkeep\n|turn|2\n|inactive|JokER46777e has 30 seconds left.\n|inactive|MaxiSilv has 30 seconds left.\n|\n|t:|1776540813\n|switch|p1b: Manectric|Manectric, L50, F|100/100\n|move|p2b: Garchomp|Earthquake|p1b: Manectric|[spread] p1a,p1b\n|-immune|p2a: Aerodactyl\n|-supereffective|p1b: Manectric|1\n|-damage|p1a: Politoed|18/100\n|-damage|p1b: Manectric|0 fnt\n|faint|p1b: Manectric\n|move|p2a: Aerodactyl|Rock Slide|p1a: Politoed\n|-damage|p1a: Politoed|0 fnt\n|faint|p1a: Politoed\n|\n|-weather|RainDance|[upkeep]\n|upkeep\n|\n|t:|1776540817\n|switch|p1b: Archaludon|Archaludon, L50, F|100/100\n|switch|p1a: Gengar|Gengar-Mega, L50, F|100/100\n|turn|3\n|inactive|MaxiSilv has 30 seconds left.\n|inactive|MaxiSilv has 20 seconds left.\n|\n|t:|1776540856\n|move|p1a: Gengar|Protect|p1a: Gengar\n|-singleturn|p1a: Gengar|Protect\n|move|p2b: Garchomp|Earthquake|p1b: Archaludon|[spread] p1b\n|-activate|p1a: Gengar|move: Protect\n|-immune|p2a: Aerodactyl\n|-supereffective|p1b: Archaludon|1\n|-damage|p1b: Archaludon|24/100\n|-ability|p1b: Archaludon|Stamina|boost\n|-boost|p1b: Archaludon|def|1\n|move|p2a: Aerodactyl|Rock Slide|p1b: Archaludon|[spread] p1b\n|-activate|p1a: Gengar|move: Protect\n|-resisted|p1b: Archaludon|1\n|-damage|p1b: Archaludon|17/100\n|-ability|p1b: Archaludon|Stamina|boost\n|-boost|p1b: Archaludon|def|1\n|move|p1b: Archaludon|Electro Shot||[still]\n|-prepare|p1b: Archaludon|Electro Shot\n|-boost|p1b: Archaludon|spa|1\n|-anim|p1b: Archaludon|Electro Shot|p2a: Aerodactyl\n|-supereffective|p2a: Aerodactyl|1\n|-damage|p2a: Aerodactyl|0 fnt\n|faint|p2a: Aerodactyl\n|\n|-weather|RainDance|[upkeep]\n|-heal|p1b: Archaludon|23/100|[from] item: Leftovers\n|upkeep\n|\n|t:|1776540881\n|switch|p2a: Rotom|Rotom-Wash, L50|100/100\n|turn|4\n|\n|t:|1776540893\n|move|p1b: Archaludon|Protect|p1b: Archaludon\n|-singleturn|p1b: Archaludon|Protect\n|move|p2b: Garchomp|Earthquake|p1a: Gengar|[spread] p1a\n|-activate|p1b: Archaludon|move: Protect\n|-immune|p2a: Rotom|[from] ability: Levitate\n|-supereffective|p1a: Gengar|1\n|-damage|p1a: Gengar|0 fnt\n|faint|p1a: Gengar\n|move|p2a: Rotom|Hydro Pump|p1b: Archaludon\n|-activate|p1b: Archaludon|move: Protect\n|\n|-weather|RainDance|[upkeep]\n|-heal|p1b: Archaludon|29/100|[from] item: Leftovers\n|-sideend|p2: MaxiSilv|move: Tailwind\n|upkeep\n|turn|5\n|-message|JokER46777e forfeited.\n|\n|win|MaxiSilv\n|raw|JokER46777e's rating: 1147 &rarr; <strong>1120</strong><br />(-27 for losing)\n|raw|MaxiSilv's rating: 1117 &rarr; <strong>1144</strong><br />(+27 for winning)\n|l|\u2606JokER46777e\n|player|p1|\n",
  "uploadtime": 1776540897,
  "views": 21,
  "formatid": "gen9championsvgc2026regma",
  "rating": 1120,
  "private": 0,
  "password": null
}