{
  "id": "gen9championsvgc2026regma-2586011804",
  "format": "[Gen 9 Champions] VGC 2026 Reg M-A",
  "players": [
    "k3yner",
    "mvrk_jrdn"
  ],
  "log": "|j|\u2606k3yner\n|j|\u2606mvrk_jrdn\n|t:|1776390110\n|gametype|doubles\n|player|p1|k3yner|roxie|1009\n|player|p2|mvrk_jrdn|riley|1000\n|gen|9\n|tier|[Gen 9 Champions] VGC 2026 Reg M-A\n|rated|\n|rule|Species Clause: Limit one of each Pok\u00e9mon\n|rule|Item Clause: Limit 1 of each item\n|clearpoke\n|poke|p1|Gengar, L50, F|\n|poke|p1|Whimsicott, L50, F|\n|poke|p1|Incineroar, L50, M|\n|poke|p1|Maushold-Four, L50|\n|poke|p1|Politoed, L50, M|\n|poke|p1|Basculegion, L50, M|\n|poke|p2|Charizard, L50, M|\n|poke|p2|Sneasler, L50, F|\n|poke|p2|Pelipper, L50, F|\n|poke|p2|Basculegion, L50, M|\n|poke|p2|Archaludon, L50, M|\n|poke|p2|Incineroar, L50, M|\n|teampreview|4\nmvrk_jrdn rejected open team sheets.\n|inactive|Battle timer is ON: inactive players will automatically lose when time's up. (requested by mvrk_jrdn)\n|\n|t:|1776390204\n|teamsize|p1|4\n|teamsize|p2|4\n|start\n|switch|p1a: Gengar|Gengar, L50, F, shiny|100/100\n|switch|p1b: Whimsicott|Whimsicott, L50, F|100/100\n|switch|p2a: Pelipper|Pelipper, L50, F|100/100\n|switch|p2b: Incineroar|Incineroar, L50, M|100/100\n|-weather|RainDance|[from] ability: Drizzle|[of] p2a: Pelipper\n|-ability|p2b: Incineroar|Intimidate|boost\n|-unboost|p1a: Gengar|atk|1\n|-unboost|p1b: Whimsicott|atk|1\n|turn|1\n|\n|t:|1776390219\n|detailschange|p1a: Gengar|Gengar-Mega, L50, F, shiny\n|-mega|p1a: Gengar|Gengar|Gengarite\n|move|p1b: Whimsicott|Protect|p1b: Whimsicott\n|-singleturn|p1b: Whimsicott|Protect\n|move|p1a: Gengar|Perish Song|p1a: Gengar\n|-start|p1a: Gengar|perish3|[silent]\n|-start|p1b: Whimsicott|perish3|[silent]\n|-start|p2a: Pelipper|perish3|[silent]\n|-start|p2b: Incineroar|perish3|[silent]\n|-fieldactivate|move: Perish Song\n|move|p2a: Pelipper|Tailwind|p2a: Pelipper\n|-sidestart|p2: mvrk_jrdn|move: Tailwind\n|move|p2b: Incineroar|Flare Blitz|p1b: Whimsicott\n|-activate|p1b: Whimsicott|move: Protect\n|\n|-weather|RainDance|[upkeep]\n|-start|p2a: Pelipper|perish3\n|-start|p2b: Incineroar|perish3\n|-start|p1a: Gengar|perish3\n|-start|p1b: Whimsicott|perish3\n|upkeep\n|turn|2\n|inactive|mvrk_jrdn has 30 seconds left.\n|inactive|mvrk_jrdn has 20 seconds left.\n|\n|t:|1776390254\n|move|p1a: Gengar|Protect|p1a: Gengar\n|-singleturn|p1a: Gengar|Protect\n|move|p1b: Whimsicott|Tailwind|p1b: Whimsicott\n|-sidestart|p1: k3yner|move: Tailwind\n|move|p2a: Pelipper|Muddy Water|p1b: Whimsicott|[spread] p1b\n|-activate|p1a: Gengar|move: Protect\n|-resisted|p1b: Whimsicott|1\n|-damage|p1b: Whimsicott|80/100\n|move|p2b: Incineroar|Flare Blitz|p1b: Whimsicott\n|-supereffective|p1b: Whimsicott|1\n|-damage|p1b: Whimsicott|35/100\n|-damage|p2b: Incineroar|88/100|[from] Recoil\n|\n|-weather|RainDance|[upkeep]\n|-start|p1a: Gengar|perish2\n|-start|p1b: Whimsicott|perish2\n|-start|p2a: Pelipper|perish2\n|-start|p2b: Incineroar|perish2\n|upkeep\n|turn|3\n|inactive|mvrk_jrdn has 30 seconds left.\n|\n|t:|1776390282\n|move|p1b: Whimsicott|Encore|p2b: Incineroar\n|-hint|Since gen 7, Dark is immune to Prankster moves.\n|-immune|p2b: Incineroar\n|move|p1a: Gengar|Disable|p2b: Incineroar\n|-start|p2b: Incineroar|Disable|Flare Blitz\n|move|p2a: Pelipper|Muddy Water|p1b: Whimsicott|[spread] \n|-miss|p2a: Pelipper|p1a: Gengar\n|-miss|p2a: Pelipper|p1b: Whimsicott\n|cant|p2b: Incineroar|Disable|Flare Blitz\n|\n|-weather|RainDance|[upkeep]\n|-start|p1a: Gengar|perish1\n|-start|p1b: Whimsicott|perish1\n|-start|p2a: Pelipper|perish1\n|-start|p2b: Incineroar|perish1\n|upkeep\n|turn|4\n|\n|t:|1776390303\n|switch|p1a: Politoed|Politoed, L50, M|100/100\n|switch|p1b: Basculegion|Basculegion, L50, M, shiny|100/100\n|move|p2a: Pelipper|U-turn|p1a: Politoed\n|-damage|p1a: Politoed|89/100\n|\n|t:|1776390311\n|switch|p2a: Sneasler|Sneasler, L50, F|100/100|[from] U-turn\n|-ability|p2a: Sneasler|Pressure\n|move|p2b: Incineroar|Parting Shot|p1b: Basculegion\n|-unboost|p1b: Basculegion|atk|1\n|-unboost|p1b: Basculegion|spa|1\n|\n|t:|1776390318\n|switch|p2b: Archaludon|Archaludon, L50, M|100/100|[from] Parting Shot\n|\n|-weather|RainDance|[upkeep]\n|-heal|p1a: Politoed|95/100|[from] item: Leftovers\n|-sideend|p2: mvrk_jrdn|move: Tailwind\n|upkeep\n|turn|5\n|inactive|mvrk_jrdn has 30 seconds left.\n|\n|t:|1776390350\n|move|p1b: Basculegion|Protect|p1b: Basculegion\n|-singleturn|p1b: Basculegion|Protect\n|move|p1a: Politoed|Protect|p1a: Politoed\n|-singleturn|p1a: Politoed|Protect\n|move|p2a: Sneasler|Close Combat|p1a: Politoed\n|-activate|p1a: Politoed|move: Protect\n|move|p2b: Archaludon|Electro Shot||[still]\n|-prepare|p2b: Archaludon|Electro Shot\n|-boost|p2b: Archaludon|spa|1\n|-anim|p2b: Archaludon|Electro Shot|p1b: Basculegion\n|-activate|p1b: Basculegion|move: Protect\n|\n|-weather|none\n|-heal|p1a: Politoed|100/100|[from] item: Leftovers\n|-sideend|p1: k3yner|move: Tailwind\n|upkeep\n|turn|6\n|inactive|k3yner has 30 seconds left.\n|\n|t:|1776390379\n|move|p2a: Sneasler|Dire Claw|p1a: Politoed\n|-damage|p1a: Politoed|63/100\n|move|p1b: Basculegion|Flip Turn|p2a: Sneasler\n|-damage|p2a: Sneasler|72/100\n|\n|t:|1776390388\n|switch|p1b: Whimsicott|Whimsicott, L50, F|35/100|[from] Flip Turn\n|move|p2b: Archaludon|Electro Shot||[still]\n|-prepare|p2b: Archaludon|Electro Shot\n|-boost|p2b: Archaludon|spa|1\n|move|p1a: Politoed|Perish Song|p1a: Politoed\n|-start|p1a: Politoed|perish3|[silent]\n|-start|p1b: Whimsicott|perish3|[silent]\n|-start|p2a: Sneasler|perish3|[silent]\n|-start|p2b: Archaludon|perish3|[silent]\n|-fieldactivate|move: Perish Song\n|\n|-heal|p1a: Politoed|70/100|[from] item: Leftovers\n|-start|p2a: Sneasler|perish3\n|-start|p1b: Whimsicott|perish3\n|-start|p2b: Archaludon|perish3\n|-start|p1a: Politoed|perish3\n|upkeep\n|turn|7\n|\n|t:|1776390405\n|move|p1b: Whimsicott|Protect|p1b: Whimsicott\n|-singleturn|p1b: Whimsicott|Protect\n|move|p1a: Politoed|Protect|p1a: Politoed\n|-singleturn|p1a: Politoed|Protect\n|move|p2a: Sneasler|Dire Claw|p1b: Whimsicott\n|-activate|p1b: Whimsicott|move: Protect\n|move|p2b: Archaludon|Electro Shot|p1b: Whimsicott|[from] lockedmove\n|-activate|p1b: Whimsicott|move: Protect\n|\n|-heal|p1a: Politoed|76/100|[from] item: Leftovers\n|-start|p2a: Sneasler|perish2\n|-start|p1b: Whimsicott|perish2\n|-start|p2b: Archaludon|perish2\n|-start|p1a: Politoed|perish2\n|upkeep\n|turn|8\n|inactive|k3yner has 30 seconds left.\n|inactive|mvrk_jrdn has 30 seconds left.\n|\n|t:|1776390435\n|switch|p2a: Incineroar|Incineroar, L50, M|88/100\n|-ability|p2a: Incineroar|Intimidate|boost\n|-unboost|p1a: Politoed|atk|1\n|-unboost|p1b: Whimsicott|atk|1\n|switch|p2b: Pelipper|Pelipper, L50, F|100/100\n|-weather|RainDance|[from] ability: Drizzle|[of] p2b: Pelipper\n|move|p1b: Whimsicott|Tailwind|p1b: Whimsicott\n|-sidestart|p1: k3yner|move: Tailwind\n|move|p1a: Politoed|Encore||[still]\n|-fail|p1a: Politoed\n|\n|-weather|RainDance|[upkeep]\n|-heal|p1a: Politoed|82/100|[from] item: Leftovers\n|-start|p1b: Whimsicott|perish1\n|-start|p1a: Politoed|perish1\n|upkeep\n|turn|9\n|-message|k3yner forfeited.\n|\n|win|mvrk_jrdn\n|raw|k3yner's rating: 1009 &rarr; <strong>1000</strong><br />(-9 for losing)\n|raw|mvrk_jrdn's rating: 1000 &rarr; <strong>1041</strong><br />(+41 for winning)\n|l|\u2606k3yner\n|player|p1|\n",
  "uploadtime": 1776390484,
  "views": 16,
  "formatid": "gen9championsvgc2026regma",
  "rating": 1000,
  "private": 0,
  "password": null
}