{
  "id": "gen9championsvgc2026regma-2583602718",
  "format": "[Gen 9 Champions] VGC 2026 Reg M-A",
  "players": [
    "sdgsdgdg",
    "MasterDrag00n"
  ],
  "log": "|j|\u2606sdgsdgdg\n|j|\u2606MasterDrag00n\n|t:|1776185923\n|gametype|doubles\n|player|p1|sdgsdgdg|170|1000\n|player|p2|MasterDrag00n|dancer|1000\n|gen|9\n|tier|[Gen 9 Champions] VGC 2026 Reg M-A\n|rated|\n|rule|Species Clause: Limit one of each Pok\u00e9mon\n|rule|Item Clause: Limit 1 of each item\n|clearpoke\n|poke|p1|Lopunny, L50, M|\n|poke|p1|Whimsicott, L50, M|\n|poke|p1|Incineroar, L50, F|\n|poke|p1|Primarina, L50, M|\n|poke|p1|Archaludon, L50, F|\n|poke|p2|Sinistcha, L50|\n|poke|p2|Aerodactyl, L50, M|\n|poke|p2|Aegislash, L50, M|\n|poke|p2|Scovillain, L50, M|\n|poke|p2|Chimecho, L50, M|\n|poke|p2|Hawlucha, L50, M|\n|teampreview|4\n|\n|t:|1776185957\n|teamsize|p1|4\n|teamsize|p2|4\n|start\n|switch|p1a: Incineroar|Incineroar, L50, F|100/100\n|switch|p1b: Whimsicott|Whimsicott, L50, M|100/100\n|switch|p2a: Sinistcha|Sinistcha, L50|100/100\n|switch|p2b: Scovillain|Scovillain, L50, M|100/100\n|-ability|p1a: Incineroar|Intimidate|boost\n|-unboost|p2a: Sinistcha|atk|1\n|-unboost|p2b: Scovillain|atk|1\n|turn|1\n|inactive|Battle timer is ON: inactive players will automatically lose when time's up. (requested by MasterDrag00n)\n|\n|t:|1776185987\n|move|p1a: Incineroar|Fake Out|p2b: Scovillain\n|-damage|p2b: Scovillain|83/100\n|move|p2a: Sinistcha|Rage Powder|p2a: Sinistcha\n|-singleturn|p2a: Sinistcha|move: Rage Powder\n|move|p1b: Whimsicott|Tailwind|p1b: Whimsicott\n|-sidestart|p1: sdgsdgdg|move: Tailwind\n|cant|p2b: Scovillain|flinch\n|\n|-ability|p2b: Scovillain|Moody|boost\n|-boost|p2b: Scovillain|atk|2\n|-unboost|p2b: Scovillain|def|1\n|upkeep\n|turn|2\n|inactive|sdgsdgdg has 30 seconds left.\n|\n|t:|1776186014\n|switch|p1b: Primarina|Primarina, L50, M|100/100\n|switch|p1a: Lopunny|Lopunny, L50, M|100/100\n|move|p2a: Sinistcha|Rage Powder|p2a: Sinistcha\n|-singleturn|p2a: Sinistcha|move: Rage Powder\n|move|p2b: Scovillain|Fire Blast|p1b: Primarina\n|-resisted|p1b: Primarina|1\n|-crit|p1b: Primarina\n|-damage|p1b: Primarina|65/100\n|\n|-ability|p2b: Scovillain|Moody|boost\n|-boost|p2b: Scovillain|def|2\n|-unboost|p2b: Scovillain|atk|1\n|upkeep\n|turn|3\n|inactive|sdgsdgdg has 30 seconds left.\n|\n|t:|1776186047\n|detailschange|p1a: Lopunny|Lopunny-Mega, L50, M\n|-mega|p1a: Lopunny|Lopunny|Lopunnite\n|move|p2b: Scovillain|Protect|p2b: Scovillain\n|-singleturn|p2b: Scovillain|Protect\n|move|p1a: Lopunny|Fake Out|p2a: Sinistcha\n|-damage|p2a: Sinistcha|82/100\n|move|p1b: Primarina|Hyper Voice|p2a: Sinistcha|[spread] p2a\n|-activate|p2b: Scovillain|move: Protect\n|-resisted|p2a: Sinistcha|1\n|-damage|p2a: Sinistcha|55/100\n|cant|p2a: Sinistcha|flinch\n|\n|-ability|p2b: Scovillain|Moody|boost\n|-boost|p2b: Scovillain|spd|2\n|-unboost|p2b: Scovillain|spa|1\n|upkeep\n|turn|4\n|inactive|MasterDrag00n has 30 seconds left.\n|inactive|MasterDrag00n has 20 seconds left.\n|inactive|MasterDrag00n has 15 seconds left.\n|\n|t:|1776186092\n|move|p1a: Lopunny|Encore|p2b: Scovillain\n|-start|p2b: Scovillain|Encore\n|move|p2b: Scovillain|Protect||[still]\n|-fail|p2b: Scovillain\n|move|p1b: Primarina|Calm Mind|p1b: Primarina\n|-boost|p1b: Primarina|spa|1\n|-boost|p1b: Primarina|spd|1\n|move|p2a: Sinistcha|Matcha Gotcha|p1a: Lopunny|[spread] p1a,p1b\n|-supereffective|p1b: Primarina|1\n|-damage|p1a: Lopunny|60/100\n|-heal|p2a: Sinistcha|75/100|[from] drain|[of] p1a: Lopunny\n|-damage|p1b: Primarina|22/100\n|-heal|p2a: Sinistcha|97/100|[from] drain|[of] p1b: Primarina\n|\n|-sideend|p1: sdgsdgdg|move: Tailwind\n|-ability|p2b: Scovillain|Moody|boost\n|-boost|p2b: Scovillain|atk|2\n|-unboost|p2b: Scovillain|spa|1\n|upkeep\n|turn|5\n|\n|t:|1776186116\n|move|p1b: Primarina|Protect|p1b: Primarina\n|-singleturn|p1b: Primarina|Protect\n|move|p2b: Scovillain|Protect|p2b: Scovillain\n|-singleturn|p2b: Scovillain|Protect\n|move|p1a: Lopunny|Facade|p2a: Sinistcha\n|-damage|p2a: Sinistcha|67/100\n|move|p2a: Sinistcha|Matcha Gotcha|p1b: Primarina|[spread] p1a\n|-activate|p1b: Primarina|move: Protect\n|-damage|p1a: Lopunny|20/100\n|-heal|p2a: Sinistcha|86/100|[from] drain|[of] p1a: Lopunny\n|\n|-ability|p2b: Scovillain|Moody|boost\n|-boost|p2b: Scovillain|spd|2\n|-unboost|p2b: Scovillain|def|1\n|upkeep\n|turn|6\n|\n|t:|1776186140\n|move|p2b: Scovillain|Protect|p2b: Scovillain\n|-singleturn|p2b: Scovillain|Protect\n|move|p1a: Lopunny|Facade|p2a: Sinistcha\n|-damage|p2a: Sinistcha|51/100\n|move|p1b: Primarina|Moonblast|p2a: Sinistcha\n|-damage|p2a: Sinistcha|0 fnt\n|faint|p2a: Sinistcha\n|\n|-end|p2b: Scovillain|Encore\n|-ability|p2b: Scovillain|Moody|boost\n|-boost|p2b: Scovillain|spe|2\n|-unboost|p2b: Scovillain|spa|1\n|upkeep\n|\n|t:|1776186146\n|switch|p2a: Chimecho|Chimecho, L50, M|100/100\n|turn|7\n|\n|t:|1776186158\n|switch|p1a: Incineroar|Incineroar, L50, F|100/100\n|-ability|p1a: Incineroar|Intimidate|boost\n|-unboost|p2a: Chimecho|atk|1\n|-unboost|p2b: Scovillain|atk|1\n|detailschange|p2a: Chimecho|Chimecho-Mega, L50, M\n|-mega|p2a: Chimecho|Chimecho|Chimechite\n|move|p1b: Primarina|Protect|p1b: Primarina\n|-singleturn|p1b: Primarina|Protect\n|move|p2b: Scovillain|Giga Drain|p1b: Primarina\n|-activate|p1b: Primarina|move: Protect\n|move|p2a: Chimecho|Psych Up|p2b: Scovillain\n|-copyboost|p2a: Chimecho|p2b: Scovillain|[from] move: Psych Up\n|\n|-ability|p2b: Scovillain|Moody|boost\n|-boost|p2b: Scovillain|spe|2\n|-unboost|p2b: Scovillain|atk|1\n|upkeep\n|turn|8\n|inactive|sdgsdgdg has 30 seconds left.\n|inactive|sdgsdgdg has 20 seconds left.\n|inactive|sdgsdgdg has 15 seconds left.\n|\n|t:|1776186200\n|switch|p1b: Whimsicott|Whimsicott, L50, M|100/100\n|move|p2b: Scovillain|Giga Drain|p1b: Whimsicott\n|-resisted|p1b: Whimsicott|1\n|-damage|p1b: Whimsicott|88/100\n|-heal|p2b: Scovillain|90/100|[from] drain|[of] p1b: Whimsicott\n|move|p2a: Chimecho|Cosmic Power|p2a: Chimecho\n|-boost|p2a: Chimecho|def|1\n|-boost|p2a: Chimecho|spd|1\n|move|p1a: Incineroar|Flare Blitz|p2a: Chimecho\n|-supereffective|p2a: Chimecho|1\n|-damage|p2a: Chimecho|29/100\n|-damage|p1a: Incineroar|83/100|[from] Recoil\n|\n|-ability|p2b: Scovillain|Moody|boost\n|-boost|p2b: Scovillain|spe|2\n|-unboost|p2b: Scovillain|atk|1\n|upkeep\n|turn|9\n|\n|t:|1776186222\n|move|p1b: Whimsicott|Tailwind|p1b: Whimsicott\n|-sidestart|p1: sdgsdgdg|move: Tailwind\n|move|p2b: Scovillain|Fire Blast|p1b: Whimsicott\n|-supereffective|p1b: Whimsicott|1\n|-damage|p1b: Whimsicott|17/100\n|move|p2a: Chimecho|Recover|p2a: Chimecho\n|-heal|p2a: Chimecho|79/100\n|move|p1a: Incineroar|Flare Blitz|p2a: Chimecho\n|-supereffective|p2a: Chimecho|1\n|-damage|p2a: Chimecho|8/100\n|-damage|p1a: Incineroar|65/100|[from] Recoil\n|\n|-ability|p2b: Scovillain|Moody|boost\n|-boost|p2b: Scovillain|spd|2\n|-unboost|p2b: Scovillain|atk|1\n|upkeep\n|turn|10\n|\n|t:|1776186245\n|move|p1b: Whimsicott|Encore|p2a: Chimecho\n|-start|p2a: Chimecho|Encore\n|move|p2b: Scovillain|Fire Blast|p1a: Incineroar\n|-resisted|p1a: Incineroar|1\n|-damage|p1a: Incineroar|56/100\n|move|p2a: Chimecho|Recover|p2a: Chimecho\n|-heal|p2a: Chimecho|58/100\n|move|p1a: Incineroar|Flare Blitz|p2a: Chimecho\n|-supereffective|p2a: Chimecho|1\n|-damage|p2a: Chimecho|0 fnt\n|faint|p2a: Chimecho\n|-damage|p1a: Incineroar|42/100|[from] Recoil\n|-enditem|p1a: Incineroar|Sitrus Berry|[eat]\n|-heal|p1a: Incineroar|67/100|[from] item: Sitrus Berry\n|\n|-ability|p2b: Scovillain|Moody|boost\n|-boost|p2b: Scovillain|spa|2\n|-unboost|p2b: Scovillain|def|1\n|upkeep\n|\n|t:|1776186252\n|switch|p2a: Hawlucha|Hawlucha, L50, M|100/100\n|-ability|p2a: Hawlucha|Mold Breaker\n|turn|11\n|inactive|MasterDrag00n has 30 seconds left.\n|\n|t:|1776186281\n|move|p2b: Scovillain|Fire Blast|p1b: Whimsicott\n|-supereffective|p1b: Whimsicott|1\n|-damage|p1b: Whimsicott|0 fnt\n|faint|p1b: Whimsicott\n|move|p2a: Hawlucha|Dual Wingbeat|p1a: Incineroar\n|-damage|p1a: Incineroar|49/100\n|-damage|p1a: Incineroar|30/100\n|-hitcount|p1a: Incineroar|2\n|move|p1a: Incineroar|Parting Shot|p2a: Hawlucha\n|-unboost|p2a: Hawlucha|atk|1\n|-unboost|p2a: Hawlucha|spa|1\n|\n|t:|1776186292\n|switch|p1a: Lopunny|Lopunny-Mega, L50, M|20/100|[from] Parting Shot\n|\n|-ability|p2b: Scovillain|Moody|boost\n|-boost|p2b: Scovillain|spa|2\n|-unboost|p2b: Scovillain|def|1\n|upkeep\n|\n|t:|1776186298\n|switch|p1b: Incineroar|Incineroar, L50, F|30/100\n|-ability|p1b: Incineroar|Intimidate|boost\n|-unboost|p2a: Hawlucha|atk|1\n|-unboost|p2b: Scovillain|atk|1\n|turn|12\n|\n|t:|1776186321\n|move|p2b: Scovillain|Protect|p2b: Scovillain\n|-singleturn|p2b: Scovillain|Protect\n|move|p1b: Incineroar|Fake Out|p2a: Hawlucha\n|-damage|p2a: Hawlucha|84/100\n|move|p1a: Lopunny|Close Combat|p2b: Scovillain\n|-activate|p2b: Scovillain|move: Protect\n|cant|p2a: Hawlucha|flinch\n|\n|-sideend|p1: sdgsdgdg|move: Tailwind\n|-ability|p2b: Scovillain|Moody|boost\n|-boost|p2b: Scovillain|def|2\n|-unboost|p2b: Scovillain|spd|1\n|upkeep\n|turn|13\n|\n|t:|1776186340\n|switch|p1b: Primarina|Primarina, L50, M|22/100\n|move|p2b: Scovillain|Giga Drain|p1a: Lopunny\n|-damage|p1a: Lopunny|0 fnt\n|-heal|p2b: Scovillain|99/100|[from] drain|[of] p1a: Lopunny\n|faint|p1a: Lopunny\n|move|p2a: Hawlucha|Dual Wingbeat|p1b: Primarina\n|-damage|p1b: Primarina|8/100\n|-damage|p1b: Primarina|0 fnt\n|faint|p1b: Primarina\n|-hitcount|p1: Primarina|2\n|\n|-ability|p2b: Scovillain|Moody|boost\n|-boost|p2b: Scovillain|atk|2\n|-unboost|p2b: Scovillain|spa|1\n|upkeep\n|-message|sdgsdgdg forfeited.\n|\n|win|MasterDrag00n\n|raw|sdgsdgdg's rating: 1000 &rarr; <strong>1000</strong><br />(+0 for losing)\n|raw|MasterDrag00n's rating: 1000 &rarr; <strong>1040</strong><br />(+40 for winning)\n|l|\u2606sdgsdgdg\n|player|p1|\n",
  "uploadtime": 1776186351,
  "views": 16,
  "formatid": "gen9championsvgc2026regma",
  "rating": 1000,
  "private": 0,
  "password": null
}