{
  "id": "gen9championsvgc2026regma-2588125480",
  "format": "[Gen 9 Champions] VGC 2026 Reg M-A",
  "players": [
    "thefakephrog",
    "Arkaserse"
  ],
  "log": "|j|\u2606thefakephrog\n|j|\u2606Arkaserse\n|t:|1776606976\n|gametype|doubles\n|player|p1|thefakephrog|supernerd|1094\n|player|p2|Arkaserse|hiker-gen4|1134\n|gen|9\n|tier|[Gen 9 Champions] VGC 2026 Reg M-A\n|rated|\n|rule|Species Clause: Limit one of each Pok\u00e9mon\n|rule|Item Clause: Limit 1 of each item\n|clearpoke\n|poke|p1|Gardevoir, L50, F, shiny|\n|poke|p1|Scizor, L50, F|\n|poke|p1|Whimsicott, L50, F|\n|poke|p1|Basculegion, L50, M, shiny|\n|poke|p1|Maushold, L50|\n|poke|p1|Arcanine-Hisui, L50, F|\n|poke|p2|Cofagrigus, L50, F|\n|poke|p2|Milotic, L50, M|\n|poke|p2|Hatterene, L50, F|\n|poke|p2|Hydrapple, L50, M|\n|poke|p2|Abomasnow, L50, F|\n|poke|p2|Bellibolt, L50, F|\n|teampreview|4\n|inactive|Battle timer is ON: inactive players will automatically lose when time's up. (requested by Arkaserse)\n|\n|t:|1776607010\n|teamsize|p1|4\n|teamsize|p2|4\n|start\n|switch|p1a: Maushold|Maushold, L50|100/100\n|switch|p1b: Arcanine|Arcanine-Hisui, L50, F|100/100\n|switch|p2a: Cofagrigus|Cofagrigus, L50, F|100/100\n|switch|p2b: Milotic|Milotic, L50, M|100/100\n|-ability|p1b: Arcanine|Intimidate|boost\n|-unboost|p2a: Cofagrigus|atk|1\n|-unboost|p2b: Milotic|atk|1\n|-ability|p2b: Milotic|Competitive|boost\n|-boost|p2b: Milotic|spa|2\n|turn|1\n|inactive|thefakephrog has 30 seconds left.\n|\n|t:|1776607038\n|move|p1a: Maushold|Population Bomb|p2b: Milotic\n|-damage|p2b: Milotic|96/100\n|-damage|p2b: Milotic|91/100\n|-damage|p2b: Milotic|86/100\n|-damage|p2b: Milotic|81/100\n|-damage|p2b: Milotic|76/100\n|-damage|p2b: Milotic|71/100\n|-damage|p2b: Milotic|66/100\n|-damage|p2b: Milotic|61/100\n|-damage|p2b: Milotic|57/100\n|-damage|p2b: Milotic|52/100\n|-hitcount|p2b: Milotic|10\n|move|p1b: Arcanine|Stone Edge|p2a: Cofagrigus\n|-damage|p2a: Cofagrigus|63/100\n|cant|p2b: Milotic|flinch\n|move|p2a: Cofagrigus|Trick Room|p2a: Cofagrigus\n|-fieldstart|move: Trick Room|[of] p2a: Cofagrigus\n|\n|upkeep\n|turn|2\n|inactive|thefakephrog has 30 seconds left.\n|\n|t:|1776607072\n|move|p1a: Maushold|Follow Me|p1a: Maushold\n|-singleturn|p1a: Maushold|move: Follow Me\n|move|p2a: Cofagrigus|Will-O-Wisp|p1a: Maushold|[miss]\n|-miss|p2a: Cofagrigus|p1a: Maushold\n|move|p2b: Milotic|Scald|p1a: Maushold\n|-damage|p1a: Maushold|27/100\n|-heal|p2b: Milotic|60/100|[from] item: Shell Bell|[of] p1a: Maushold\n|move|p1b: Arcanine|Stone Edge|p2b: Milotic|[miss]\n|-miss|p1b: Arcanine|p2b: Milotic\n|\n|upkeep\n|turn|3\n|inactive|Arkaserse has 30 seconds left.\n|\n|t:|1776607105\n|switch|p2a: Abomasnow|Abomasnow, L50, F|100/100\n|-weather|Snowscape|[from] ability: Snow Warning|[of] p2a: Abomasnow\n|move|p1a: Maushold|Follow Me|p1a: Maushold\n|-singleturn|p1a: Maushold|move: Follow Me\n|move|p2b: Milotic|Scald|p1a: Maushold\n|-damage|p1a: Maushold|0 fnt\n|faint|p1a: Maushold\n|-heal|p2b: Milotic|63/100|[from] item: Shell Bell|[of] p1: Maushold\n|move|p1b: Arcanine|Stone Edge|p2b: Milotic\n|-damage|p2b: Milotic|23/100\n|\n|-weather|Snowscape|[upkeep]\n|upkeep\n|\n|t:|1776607122\n|switch|p1a: Gardevoir|Gardevoir, L50, F, shiny|100/100\n|turn|4\n|\n|t:|1776607146\n|detailschange|p2a: Abomasnow|Abomasnow-Mega, L50, F\n|-mega|p2a: Abomasnow|Abomasnow|Abomasite\n|detailschange|p1a: Gardevoir|Gardevoir-Mega, L50, F, shiny\n|-mega|p1a: Gardevoir|Gardevoir|Gardevoirite\n|move|p1a: Gardevoir|Protect|p1a: Gardevoir\n|-singleturn|p1a: Gardevoir|Protect\n|move|p1b: Arcanine|Extreme Speed|p2b: Milotic\n|-damage|p2b: Milotic|2/100\n|move|p2a: Abomasnow|Blizzard|p1b: Arcanine|[spread] p1b\n|-activate|p1a: Gardevoir|move: Protect\n|-resisted|p1b: Arcanine|1\n|-damage|p1b: Arcanine|70/100\n|move|p2b: Milotic|Scald|p1b: Arcanine\n|-supereffective|p1b: Arcanine|2\n|-damage|p1b: Arcanine|0 fnt\n|faint|p1b: Arcanine\n|-heal|p2b: Milotic|9/100|[from] item: Shell Bell|[of] p1: Arcanine\n|\n|-weather|Snowscape|[upkeep]\n|upkeep\n|\n|t:|1776607163\n|switch|p1b: Basculegion|Basculegion, L50, M, shiny|100/100\n|turn|5\n|\n|t:|1776607177\n|move|p2a: Abomasnow|Giga Drain|p1b: Basculegion\n|-supereffective|p1b: Basculegion|1\n|-damage|p1b: Basculegion|3/100\n|move|p2b: Milotic|Scald|p1a: Gardevoir\n|-damage|p1a: Gardevoir|46/100\n|-heal|p2b: Milotic|14/100|[from] item: Shell Bell|[of] p1a: Gardevoir\n|move|p1a: Gardevoir|Hyper Voice|p2b: Milotic|[spread] p2a,p2b\n|-damage|p2a: Abomasnow|59/100\n|-damage|p2b: Milotic|0 fnt\n|faint|p2b: Milotic\n|move|p1b: Basculegion|Last Respects|p2a: Abomasnow\n|-damage|p2a: Abomasnow|7/100\n|\n|-weather|Snowscape|[upkeep]\n|-fieldend|move: Trick Room\n|upkeep\n|\n|t:|1776607194\n|switch|p2b: Cofagrigus|Cofagrigus, L50, F|63/100\n|turn|6\n|\n|t:|1776607206\n|move|p2a: Abomasnow|Protect|p2a: Abomasnow\n|-singleturn|p2a: Abomasnow|Protect\n|move|p1b: Basculegion|Last Respects|p2b: Cofagrigus\n|-supereffective|p2b: Cofagrigus|1\n|-damage|p2b: Cofagrigus|0 fnt\n|faint|p2b: Cofagrigus\n|move|p1a: Gardevoir|Hyper Voice|p2a: Abomasnow\n|-activate|p2a: Abomasnow|move: Protect\n|\n|-weather|Snowscape|[upkeep]\n|upkeep\n|\n|t:|1776607217\n|switch|p2b: Hatterene|Hatterene, L50, F|100/100\n|turn|7\n|\n|t:|1776607227\n|move|p1b: Basculegion|Last Respects|p2b: Hatterene\n|-supereffective|p2b: Hatterene|1\n|-damage|p2b: Hatterene|0 fnt\n|faint|p2b: Hatterene\n|move|p1a: Gardevoir|Hyper Voice|p2a: Abomasnow\n|-damage|p2a: Abomasnow|0 fnt\n|faint|p2a: Abomasnow\n|\n|win|thefakephrog\n|raw|thefakephrog's rating: 1094 &rarr; <strong>1123</strong><br />(+29 for winning)\n|raw|Arkaserse's rating: 1134 &rarr; <strong>1106</strong><br />(-28 for losing)\n",
  "uploadtime": 1776607235,
  "views": 13,
  "formatid": "gen9championsvgc2026regma",
  "rating": 1106,
  "private": 0,
  "password": null
}