{
  "id": "gen9championsvgc2026regma-2584865033",
  "format": "[Gen 9 Champions] VGC 2026 Reg M-A",
  "players": [
    "Drwer000",
    "pitnes"
  ],
  "log": "|j|\u2606Drwer000\n|j|\u2606pitnes\n|t:|1776289772\n|gametype|doubles\n|player|p1|Drwer000|pryce|1040\n|player|p2|pitnes|wallace|1088\n|gen|9\n|tier|[Gen 9 Champions] VGC 2026 Reg M-A\n|rated|\n|rule|Species Clause: Limit one of each Pok\u00e9mon\n|rule|Item Clause: Limit 1 of each item\n|clearpoke\n|poke|p1|Orthworm, L50, M|\n|poke|p1|Basculegion, L50, M|\n|poke|p1|Incineroar, L50, M|\n|poke|p1|Rotom-Frost, L50|\n|poke|p1|Froslass, L50, F|\n|poke|p1|Garchomp, L50, M|\n|poke|p2|Dragonite, L50, M|\n|poke|p2|Pelipper, L50, M|\n|poke|p2|Archaludon, L50, M|\n|poke|p2|Basculegion, L50, M|\n|poke|p2|Sneasler, L50, M|\n|poke|p2|Rotom-Wash, L50|\n|teampreview|4\n|inactive|Battle timer is ON: inactive players will automatically lose when time's up. (requested by pitnes)\n|inactive|Drwer000 has 60 seconds left.\n|inactive|pitnes has 60 seconds left.\n|inactive|Drwer000 has 30 seconds left.\npitnes rejected open team sheets.\n|inactive|Drwer000 has 20 seconds left.\n|inactive|Drwer000 has 15 seconds left.\n|\n|t:|1776289850\n|teamsize|p1|4\n|teamsize|p2|4\n|start\n|switch|p1a: Orthworm|Orthworm, L50, M|100/100\n|switch|p1b: Garchomp|Garchomp, L50, M|100/100\n|switch|p2a: Basculegion|Basculegion, L50, M|100/100\n|switch|p2b: Sneasler|Sneasler, L50, M|100/100\n|turn|1\n|inactive|Drwer000 has 30 seconds left.\n|\n|t:|1776289881\n|switch|p2b: Pelipper|Pelipper, L50, M|100/100\n|-weather|RainDance|[from] ability: Drizzle|[of] p2b: Pelipper\n|move|p1b: Garchomp|Protect|p1b: Garchomp\n|-singleturn|p1b: Garchomp|Protect\n|move|p2a: Basculegion|Wave Crash|p1b: Garchomp\n|-activate|p1b: Garchomp|move: Protect\n|move|p1a: Orthworm|Iron Defense|p1a: Orthworm\n|-boost|p1a: Orthworm|def|2\n|\n|-weather|RainDance|[upkeep]\n|upkeep\n|turn|2\n|inactive|Drwer000 has 30 seconds left.\n|\n|t:|1776289909\n|move|p2a: Basculegion|Wave Crash|p1b: Garchomp\n|-enditem|p1b: Garchomp|Focus Sash\n|-damage|p1b: Garchomp|1/100\n|-damage|p2a: Basculegion|88/100|[from] ability: Rough Skin|[of] p1b: Garchomp\n|-damage|p2a: Basculegion|57/100|[from] Recoil\n|move|p1b: Garchomp|Rock Slide|p2b: Pelipper|[spread] p2a,p2b\n|-supereffective|p2b: Pelipper|1\n|-damage|p2a: Basculegion|32/100\n|-damage|p2b: Pelipper|44/100\n|move|p2b: Pelipper|Tailwind|p2b: Pelipper\n|-sidestart|p2: pitnes|move: Tailwind\n|move|p1a: Orthworm|Shed Tail|p1a: Orthworm\n|-start|p1a: Orthworm|Substitute|[from] move: Shed Tail\n|-damage|p1a: Orthworm|50/100\n|-enditem|p1a: Orthworm|Sitrus Berry|[eat]\n|-heal|p1a: Orthworm|75/100|[from] item: Sitrus Berry\n|\n|t:|1776289929\n|switch|p1a: Froslass|Froslass, L50, F|100/100|[from] Shed Tail\n|\n|-weather|RainDance|[upkeep]\n|upkeep\n|turn|3\n|\n|t:|1776289956\n|switch|p1b: Basculegion|Basculegion, L50, M|100/100\n|detailschange|p1a: Froslass|Froslass-Mega, L50, F\n|-mega|p1a: Froslass|Froslass|Froslassite\n|-weather|Snowscape|[from] ability: Snow Warning|[of] p1a: Froslass\n|move|p2a: Basculegion|Flip Turn|p1a: Froslass\n|-end|p1a: Froslass|Substitute\n|\n|t:|1776289965\n|switch|p2a: Sneasler|Sneasler, L50, M|100/100|[from] Flip Turn\n|move|p2b: Pelipper|U-turn|p1b: Basculegion\n|-resisted|p1b: Basculegion|1\n|-damage|p1b: Basculegion|94/100\n|\n|t:|1776289972\n|switch|p2b: Basculegion|Basculegion, L50, M|32/100|[from] U-turn\n|move|p1a: Froslass|Blizzard|p2a: Sneasler|[spread] p2a,p2b\n|-resisted|p2b: Basculegion|1\n|-damage|p2a: Sneasler|39/100\n|-damage|p2b: Basculegion|8/100\n|\n|-weather|Snowscape|[upkeep]\n|upkeep\n|turn|4\n|inactive|Drwer000 has 30 seconds left.\n|inactive|pitnes has 30 seconds left.\n|\n|t:|1776290000\n|switch|p1a: Garchomp|Garchomp, L50, M|1/100\n|move|p1b: Basculegion|Aqua Jet|p2b: Basculegion\n|-resisted|p2b: Basculegion|1\n|-damage|p2b: Basculegion|0 fnt\n|faint|p2b: Basculegion\n|move|p2a: Sneasler|Dire Claw|p1a: Garchomp\n|-resisted|p1a: Garchomp|1\n|-damage|p1a: Garchomp|0 fnt\n|-damage|p2a: Sneasler|27/100|[from] ability: Rough Skin|[of] p1a: Garchomp\n|faint|p1a: Garchomp\n|\n|-weather|Snowscape|[upkeep]\n|upkeep\n|inactive|Drwer000 has 30 seconds left.\n|\n|t:|1776290029\n|switch|p1a: Froslass|Froslass-Mega, L50, F|100/100\n|switch|p2b: Dragonite|Dragonite, L50, M|100/100\n|turn|5\n|\n|t:|1776290052\n|switch|p2a: Pelipper|Pelipper, L50, M|44/100\n|-weather|RainDance|[from] ability: Drizzle|[of] p2a: Pelipper\n|detailschange|p2b: Dragonite|Dragonite-Mega, L50, M\n|-mega|p2b: Dragonite|Dragonite|Dragoninite\n|move|p1a: Froslass|Protect|p1a: Froslass\n|-singleturn|p1a: Froslass|Protect\n|move|p1b: Basculegion|Aqua Jet|p2a: Pelipper\n|-resisted|p2a: Pelipper|1\n|-damage|p2a: Pelipper|15/100\n|move|p2b: Dragonite|Hurricane|p1a: Froslass\n|-activate|p1a: Froslass|move: Protect\n|\n|-weather|RainDance|[upkeep]\n|-sideend|p2: pitnes|move: Tailwind\n|upkeep\n|turn|6\n|inactive|Drwer000 has 30 seconds left.\n|inactive|pitnes has 30 seconds left.\n|\n|t:|1776290081\n|switch|p1a: Orthworm|Orthworm, L50, M|75/100\n|move|p2a: Pelipper|Protect|p2a: Pelipper\n|-singleturn|p2a: Pelipper|Protect\n|move|p1b: Basculegion|Aqua Jet|p2a: Pelipper\n|-activate|p2a: Pelipper|move: Protect\n|move|p2b: Dragonite|Thunder|p1b: Basculegion\n|-supereffective|p1b: Basculegion|1\n|-damage|p1b: Basculegion|0 fnt\n|faint|p1b: Basculegion\n|\n|-weather|RainDance|[upkeep]\n|upkeep\n|\n|t:|1776290092\n|switch|p1b: Froslass|Froslass-Mega, L50, F|100/100\n|-weather|Snowscape|[from] ability: Snow Warning|[of] p1b: Froslass\n|turn|7\n|inactive|Drwer000 has 30 seconds left.\n|inactive|pitnes has 30 seconds left.\n|inactive|Drwer000 has 20 seconds left.\n|inactive|pitnes has 20 seconds left.\n|inactive|pitnes has 15 seconds left.\n|inactive|pitnes has 10 seconds left.\n|inactive|pitnes has 5 seconds left.\n|\n|t:|1776290146\n|switch|p2a: Sneasler|Sneasler, L50, M|27/100\n|move|p1b: Froslass|Blizzard|p2b: Dragonite|[spread] p2a,p2b\n|-supereffective|p2b: Dragonite|2\n|-damage|p2a: Sneasler|0 fnt\n|-damage|p2b: Dragonite|21/100\n|faint|p2a: Sneasler\n|move|p2b: Dragonite|Hurricane|p1b: Froslass\n|-crit|p1b: Froslass\n|-damage|p1b: Froslass|0 fnt\n|faint|p1b: Froslass\n|move|p1a: Orthworm|Heavy Slam|p2b: Dragonite\n|-damage|p2b: Dragonite|8/100\n|\n|-weather|Snowscape|[upkeep]\n|upkeep\n|\n|t:|1776290161\n|switch|p2a: Pelipper|Pelipper, L50, M|15/100\n|-weather|RainDance|[from] ability: Drizzle|[of] p2a: Pelipper\n|turn|8\n|\n|t:|1776290174\n|move|p2b: Dragonite|Thunder|p1a: Orthworm\n|-damage|p1a: Orthworm|2/100\n|-status|p1a: Orthworm|par\n|move|p2a: Pelipper|Hurricane|p1a: Orthworm\n|-resisted|p1a: Orthworm|1\n|-damage|p1a: Orthworm|0 fnt\n|faint|p1a: Orthworm\n|\n|win|pitnes\n|raw|Drwer000's rating: 1040 &rarr; <strong>1026</strong><br />(-14 for losing)\n|raw|pitnes's rating: 1088 &rarr; <strong>1111</strong><br />(+23 for winning)\n|l|\u2606pitnes\n|player|p2|\n",
  "uploadtime": 1776290210,
  "views": 23,
  "formatid": "gen9championsvgc2026regma",
  "rating": 1026,
  "private": 0,
  "password": null
}