{
  "id": "gen9championsvgc2026regma-2588676793",
  "format": "[Gen 9 Champions] VGC 2026 Reg M-A",
  "players": [
    "tastyfloop",
    "Canolo"
  ],
  "log": "|j|\u2606tastyfloop\n|j|\u2606Canolo\n|t:|1776656617\n|gametype|doubles\n|player|p1|tastyfloop|ghetsis|1254\n|player|p2|Canolo|1|1291\n|gen|9\n|tier|[Gen 9 Champions] VGC 2026 Reg M-A\n|rated|\n|rule|Species Clause: Limit one of each Pok\u00e9mon\n|rule|Item Clause: Limit 1 of each item\n|clearpoke\n|poke|p1|Basculegion, L50, M|\n|poke|p1|Archaludon, L50, M|\n|poke|p1|Pelipper, L50, M|\n|poke|p1|Sneasler, L50, F|\n|poke|p1|Sharpedo, L50, M|\n|poke|p1|Sinistcha, L50|\n|poke|p2|Volcarona, L50, F|\n|poke|p2|Sneasler, L50, M|\n|poke|p2|Rotom-Wash, L50|\n|poke|p2|Altaria, L50, M|\n|poke|p2|Corviknight, L50, F|\n|poke|p2|Tyranitar, L50, M|\n|teampreview|4\n|\n|t:|1776656647\n|teamsize|p1|4\n|teamsize|p2|4\n|start\n|switch|p1a: Sharpedo|Sharpedo, L50, M|100/100\n|switch|p1b: Sneasler|Sneasler, L50, F|100/100\n|switch|p2a: Rotom|Rotom-Wash, L50|100/100\n|switch|p2b: Sneasler|Sneasler, L50, M|100/100\n|turn|1\n|\n|t:|1776656671\n|switch|p2b: Corviknight|Corviknight, L50, F|100/100\n|move|p1a: Sharpedo|Protect|p1a: Sharpedo\n|-singleturn|p1a: Sharpedo|Protect\n|move|p1b: Sneasler|Fake Out|p2a: Rotom\n|-damage|p2a: Rotom|84/100\n|cant|p2a: Rotom|flinch\n|\n|-ability|p1a: Sharpedo|Speed Boost|boost\n|-boost|p1a: Sharpedo|spe|1\n|upkeep\n|turn|2\n|\n|t:|1776656707\n|detailschange|p1a: Sharpedo|Sharpedo-Mega, L50, M\n|-mega|p1a: Sharpedo|Sharpedo|Sharpedonite\n|move|p1a: Sharpedo|Crunch|p2a: Rotom\n|-damage|p2a: Rotom|5/100\n|move|p2a: Rotom|Volt Switch|p1a: Sharpedo\n|-supereffective|p1a: Sharpedo|1\n|-damage|p1a: Sharpedo|1/100\n|\n|t:|1776656714\n|switch|p2a: Sneasler|Sneasler, L50, M|100/100|[from] Volt Switch\n|move|p1b: Sneasler|Close Combat|p2a: Sneasler\n|-resisted|p2a: Sneasler|1\n|-crit|p2a: Sneasler\n|-damage|p2a: Sneasler|18/100\n|-unboost|p1b: Sneasler|def|1\n|-unboost|p1b: Sneasler|spd|1\n|-enditem|p1b: Sneasler|White Herb\n|-clearnegativeboost|p1b: Sneasler|[silent]\n|move|p2b: Corviknight|Bulk Up|p2b: Corviknight\n|-boost|p2b: Corviknight|atk|1\n|-boost|p2b: Corviknight|def|1\n|\n|upkeep\n|turn|3\n|\n|t:|1776656737\n|switch|p1b: Archaludon|Archaludon, L50, M|100/100\n|move|p1a: Sharpedo|Protect|p1a: Sharpedo\n|-singleturn|p1a: Sharpedo|Protect\n|move|p2a: Sneasler|Fake Out|p1b: Archaludon\n|-resisted|p1b: Archaludon|1\n|-damage|p1b: Archaludon|95/100\n|-ability|p1b: Archaludon|Stamina|boost\n|-boost|p1b: Archaludon|def|1\n|move|p2b: Corviknight|Bulk Up|p2b: Corviknight\n|-boost|p2b: Corviknight|atk|1\n|-boost|p2b: Corviknight|def|1\n|\n|-heal|p1b: Archaludon|100/100|[from] item: Leftovers\n|upkeep\n|turn|4\n|\n|t:|1776656765\n|move|p2a: Sneasler|Protect|p2a: Sneasler\n|-singleturn|p2a: Sneasler|Protect\n|move|p1b: Archaludon|Protect|p1b: Archaludon\n|-singleturn|p1b: Archaludon|Protect\n|move|p1a: Sharpedo|Psychic Fangs|p2a: Sneasler\n|-activate|p2a: Sneasler|move: Protect\n|move|p2b: Corviknight|Drill Peck|p1a: Sharpedo\n|-damage|p1a: Sharpedo|0 fnt\n|faint|p1a: Sharpedo\n|\n|upkeep\n|\n|t:|1776656776\n|switch|p1a: no sun pls|Pelipper, L50, M|100/100\n|-weather|RainDance|[from] ability: Drizzle|[of] p1a: no sun pls\n|turn|5\n|\n|t:|1776656796\n|switch|p2a: Altaria|Altaria, L50, M|100/100\n|-ability|p2a: Altaria|Cloud Nine\n|move|p1a: no sun pls|Tailwind|p1a: no sun pls\n|-sidestart|p1: tastyfloop|move: Tailwind\n|move|p1b: Archaludon|Electro Shot||[still]\n|-prepare|p1b: Archaludon|Electro Shot\n|-boost|p1b: Archaludon|spa|1\n|move|p2b: Corviknight|Drill Peck|p1a: no sun pls\n|-damage|p1a: no sun pls|33/100\n|\n|-weather|RainDance|[upkeep]\n|upkeep\n|turn|6\n|\n|t:|1776656826\n|switch|p1a: Sneasler|Sneasler, L50, F|100/100\n|move|p1b: Archaludon|Electro Shot|p2b: Corviknight|[from] lockedmove\n|-supereffective|p2b: Corviknight|1\n|-damage|p2b: Corviknight|0 fnt\n|faint|p2b: Corviknight\n|move|p2a: Altaria|Draco Meteor|p1b: Archaludon\n|-damage|p1b: Archaludon|49/100\n|-unboost|p2a: Altaria|spa|2\n|-ability|p1b: Archaludon|Stamina|boost\n|-boost|p1b: Archaludon|def|1\n|\n|-weather|RainDance|[upkeep]\n|-heal|p1b: Archaludon|55/100|[from] item: Leftovers\n|upkeep\n|\n|t:|1776656838\n|switch|p2b: Sneasler|Sneasler, L50, M|18/100\n|turn|7\n|\n|t:|1776656853\n|move|p2b: Sneasler|Protect|p2b: Sneasler\n|-singleturn|p2b: Sneasler|Protect\n|move|p2a: Altaria|Protect|p2a: Altaria\n|-singleturn|p2a: Altaria|Protect\n|move|p1a: Sneasler|Fake Out|p2a: Altaria\n|-activate|p2a: Altaria|move: Protect\n|move|p1b: Archaludon|Draco Meteor|p2a: Altaria\n|-activate|p2a: Altaria|move: Protect\n|\n|-weather|RainDance|[upkeep]\n|-heal|p1b: Archaludon|60/100|[from] item: Leftovers\n|upkeep\n|turn|8\n|\n|t:|1776656882\n|detailschange|p2a: Altaria|Altaria-Mega, L50, M\n|-mega|p2a: Altaria|Altaria|Altarianite\n|move|p1a: Sneasler|Close Combat|p2b: Sneasler\n|-resisted|p2b: Sneasler|1\n|-damage|p2b: Sneasler|0 fnt\n|-unboost|p1a: Sneasler|def|1\n|-unboost|p1a: Sneasler|spd|1\n|faint|p2b: Sneasler\n|move|p1b: Archaludon|Draco Meteor|p2a: Altaria\n|-immune|p2a: Altaria\n|move|p2a: Altaria|Power Swap|p1b: Archaludon\n|-swapboost|p2a: Altaria|p1b: Archaludon|atk, spa|[from] move: Power Swap\n|\n|-weather|RainDance|[upkeep]\n|-heal|p1b: Archaludon|66/100|[from] item: Leftovers\n|-sideend|p1: tastyfloop|move: Tailwind\n|upkeep\n|\n|t:|1776656896\n|switch|p2b: Rotom|Rotom-Wash, L50|5/100\n|turn|9\n|\n|t:|1776656915\n|move|p2b: Rotom|Hydro Pump|p1a: Sneasler\n|-damage|p1a: Sneasler|0 fnt\n|faint|p1a: Sneasler\n|move|p2a: Altaria|Hyper Voice|p1b: Archaludon\n|-damage|p1b: Archaludon|0 fnt\n|faint|p1b: Archaludon\n|\n|-weather|none\n|upkeep\n|c|\u2606tastyfloop|ggwp\n|c|\u2606Canolo|=\n|-message|tastyfloop forfeited.\n|\n|win|Canolo\n|raw|tastyfloop's rating: 1254 &rarr; <strong>1232</strong><br />(-22 for losing)\n|raw|Canolo's rating: 1291 &rarr; <strong>1313</strong><br />(+22 for winning)\n|l|\u2606tastyfloop\n|player|p1|\n",
  "uploadtime": 1776656968,
  "views": 16,
  "formatid": "gen9championsvgc2026regma",
  "rating": 1232,
  "private": 0,
  "password": null
}