{
  "id": "gen9championsvgc2026regma-2588239734",
  "format": "[Gen 9 Champions] VGC 2026 Reg M-A",
  "players": [
    "acarrion810",
    "DrPressure80"
  ],
  "log": "|j|\u2606acarrion810\n|j|\u2606DrPressure80\n|t:|1776617184\n|gametype|doubles\n|player|p1|acarrion810|265|1058\n|player|p2|DrPressure80|lass-gen4dp|1045\n|gen|9\n|tier|[Gen 9 Champions] VGC 2026 Reg M-A\n|rated|\n|rule|Species Clause: Limit one of each Pok\u00e9mon\n|rule|Item Clause: Limit 1 of each item\n|clearpoke\n|poke|p1|Clefable, L50, M|\n|poke|p1|Garchomp, L50, M|\n|poke|p1|Gyarados, L50, M|\n|poke|p1|Sinistcha, L50|\n|poke|p1|Rotom-Heat, L50|\n|poke|p1|Tyranitar, L50, F|\n|poke|p2|Tyranitar, L50, M|\n|poke|p2|Excadrill, L50, M|\n|poke|p2|Corviknight, L50, F|\n|poke|p2|Rotom-Wash, L50|\n|poke|p2|Sinistcha, L50|\n|poke|p2|Incineroar, L50, M|\n|teampreview|4\n|\n|t:|1776617216\n|teamsize|p1|4\n|teamsize|p2|4\n|start\n|switch|p1a: Gyarados|Gyarados, L50, M|100/100\n|switch|p1b: Rotom|Rotom-Heat, L50|100/100\n|switch|p2a: Corviknight|Corviknight, L50, F|100/100\n|switch|p2b: Incineroar|Incineroar, L50, M|100/100\n|-ability|p1a: Gyarados|Intimidate|boost\n|-unboost|p2a: Corviknight|atk|1\n|-unboost|p2b: Incineroar|atk|1\n|-ability|p2a: Corviknight|Pressure\n|-ability|p2b: Incineroar|Intimidate|boost\n|-unboost|p1a: Gyarados|atk|1\n|-unboost|p1b: Rotom|atk|1\n|turn|1\n|\n|t:|1776617239\n|move|p1a: Gyarados|Protect|p1a: Gyarados\n|-singleturn|p1a: Gyarados|Protect\n|move|p2b: Incineroar|Fake Out|p1b: Rotom\n|-damage|p1b: Rotom|91/100\n|cant|p1b: Rotom|flinch\n|move|p2a: Corviknight|Bulk Up|p2a: Corviknight\n|-boost|p2a: Corviknight|atk|1\n|-boost|p2a: Corviknight|def|1\n|\n|upkeep\n|turn|2\n|\n|t:|1776617258\n|switch|p1a: Garchomp|Garchomp, L50, M|100/100\n|move|p1b: Rotom|Discharge|p2a: Corviknight|[spread] p2a,p2b\n|-immune|p1a: Garchomp\n|-supereffective|p2a: Corviknight|1\n|-damage|p2a: Corviknight|45/100\n|-damage|p2b: Incineroar|83/100\n|move|p2a: Corviknight|Brave Bird|p1a: Garchomp\n|-damage|p1a: Garchomp|59/100\n|-damage|p2a: Corviknight|33/100|[from] ability: Rough Skin|[of] p1a: Garchomp\n|-damage|p2a: Corviknight|20/100|[from] Recoil\n|move|p2b: Incineroar|Darkest Lariat|p1a: Garchomp\n|-damage|p1a: Garchomp|35/100\n|-damage|p2b: Incineroar|70/100|[from] ability: Rough Skin|[of] p1a: Garchomp\n|\n|-heal|p2a: Corviknight|26/100|[from] item: Leftovers\n|upkeep\n|turn|3\n|\n|t:|1776617287\n|move|p1b: Rotom|Discharge|p2b: Incineroar|[spread] p2a,p2b\n|-immune|p1a: Garchomp\n|-supereffective|p2a: Corviknight|1\n|-crit|p2b: Incineroar\n|-damage|p2a: Corviknight|0 fnt\n|-damage|p2b: Incineroar|42/100\n|-status|p2b: Incineroar|par\n|faint|p2a: Corviknight\n|move|p1a: Garchomp|Earthquake|p2b: Incineroar|[spread] p2b\n|-immune|p1b: Rotom|[from] ability: Levitate\n|-supereffective|p2b: Incineroar|1\n|-enditem|p2b: Incineroar|Shuca Berry|[eat]\n|-enditem|p2b: Incineroar|Shuca Berry|[weaken]\n|-damage|p2b: Incineroar|7/100 par\n|move|p2b: Incineroar|Parting Shot|p1a: Garchomp\n|-unboost|p1a: Garchomp|atk|1\n|-unboost|p1a: Garchomp|spa|1\n|\n|t:|1776617303\n|switch|p2b: Tyranitar|Tyranitar, L50, M|100/100|[from] Parting Shot\n|-weather|Sandstorm|[from] ability: Sand Stream|[of] p2b: Tyranitar\n|\n|-weather|Sandstorm|[upkeep]\n|-damage|p1b: Rotom|85/100|[from] Sandstorm\n|upkeep\n|\n|t:|1776617309\n|switch|p2a: Excadrill|Excadrill, L50, M|100/100\n|turn|4\n|\n|t:|1776617319\n|switch|p1b: Gyarados|Gyarados, L50, M|100/100\n|-ability|p1b: Gyarados|Intimidate|boost\n|-unboost|p2a: Excadrill|atk|1\n|-unboost|p2b: Tyranitar|atk|1\n|detailschange|p2b: Tyranitar|Tyranitar-Mega, L50, M\n|-mega|p2b: Tyranitar|Tyranitar|Tyranitarite\n|move|p2b: Tyranitar|Protect|p2b: Tyranitar\n|-singleturn|p2b: Tyranitar|Protect\n|move|p2a: Excadrill|Iron Head|p1a: Garchomp\n|-damage|p1a: Garchomp|6/100\n|-damage|p2a: Excadrill|88/100|[from] ability: Rough Skin|[of] p1a: Garchomp\n|cant|p1a: Garchomp|flinch\n|\n|-weather|Sandstorm|[upkeep]\n|-damage|p1b: Gyarados|95/100|[from] Sandstorm\n|-heal|p1b: Gyarados|100/100|[from] item: Leftovers\n|upkeep\n|turn|5\n|\n|t:|1776617348\n|move|p2a: Excadrill|Rock Slide|p1b: Gyarados|[spread] p1a\n|-miss|p2a: Excadrill|p1b: Gyarados\n|-resisted|p1a: Garchomp|1\n|-damage|p1a: Garchomp|0 fnt\n|faint|p1a: Garchomp\n|move|p1b: Gyarados|Waterfall|p2b: Tyranitar\n|-supereffective|p2b: Tyranitar|1\n|-damage|p2b: Tyranitar|69/100\n|move|p2b: Tyranitar|Rock Slide|p1b: Gyarados\n|-supereffective|p1b: Gyarados|1\n|-damage|p1b: Gyarados|61/100\n|\n|-weather|Sandstorm|[upkeep]\n|-damage|p1b: Gyarados|55/100|[from] Sandstorm\n|-heal|p1b: Gyarados|61/100|[from] item: Leftovers\n|upkeep\n|\n|t:|1776617355\n|switch|p1a: Rotom|Rotom-Heat, L50|85/100\n|turn|6\n|\n|t:|1776617367\n|move|p2a: Excadrill|Rock Slide|p1a: Rotom|[spread] p1a,p1b\n|-supereffective|p1a: Rotom|1\n|-supereffective|p1b: Gyarados|1\n|-damage|p1a: Rotom|48/100\n|-damage|p1b: Gyarados|36/100\n|cant|p1a: Rotom|flinch\n|cant|p1b: Gyarados|flinch\n|move|p2b: Tyranitar|Rock Slide|p1b: Gyarados|[spread] p1a,p1b\n|-supereffective|p1a: Rotom|1\n|-supereffective|p1b: Gyarados|1\n|-damage|p1a: Rotom|0 fnt\n|-damage|p1b: Gyarados|0 fnt\n|faint|p1a: Rotom\n|faint|p1b: Gyarados\n|\n|-weather|Sandstorm|[upkeep]\n|upkeep\n|c|\u2606acarrion810|Nah\n|c|\u2606acarrion810|No way\n|c|\u2606acarrion810|lol\n|c|\u2606DrPressure80|that was some bs icl\n|\n|t:|1776617396\n|switch|p1a: Tyranitar|Tyranitar, L50, F|100/100\n|turn|7\n|\n|t:|1776617405\n|detailschange|p1a: Tyranitar|Tyranitar-Mega, L50, F\n|-mega|p1a: Tyranitar|Tyranitar|Tyranitarite\n|move|p2a: Excadrill|Iron Head|p1a: Tyranitar\n|-supereffective|p1a: Tyranitar|1\n|-damage|p1a: Tyranitar|52/100\n|move|p1a: Tyranitar|Low Kick|p2a: Excadrill\n|-supereffective|p2a: Excadrill|1\n|-damage|p2a: Excadrill|12/100\n|move|p2b: Tyranitar|Low Kick|p1a: Tyranitar\n|-supereffective|p1a: Tyranitar|2\n|-damage|p1a: Tyranitar|0 fnt\n|faint|p1a: Tyranitar\n|\n|win|DrPressure80\n|raw|acarrion810's rating: 1058 &rarr; <strong>1039</strong><br />(-19 for losing)\n|raw|DrPressure80's rating: 1045 &rarr; <strong>1079</strong><br />(+34 for winning)\n",
  "uploadtime": 1776617410,
  "views": 15,
  "formatid": "gen9championsvgc2026regma",
  "rating": 1039,
  "private": 0,
  "password": null
}