{
  "id": "gen9championsvgc2026regma-2586539709",
  "format": "[Gen 9 Champions] VGC 2026 Reg M-A",
  "players": [
    "madhav56464",
    "LordofPinatas"
  ],
  "log": "|j|\u2606madhav56464\n|j|\u2606LordofPinatas\n|t:|1776441657\n|gametype|doubles\n|player|p1|madhav56464|will|1041\n|player|p2|LordofPinatas|102|1105\n|gen|9\n|tier|[Gen 9 Champions] VGC 2026 Reg M-A\n|rated|\n|rule|Species Clause: Limit one of each Pok\u00e9mon\n|rule|Item Clause: Limit 1 of each item\n|clearpoke\n|poke|p1|Crabominable, L50, M|\n|poke|p1|Farigiraf, L50, F|\n|poke|p1|Sinistcha-Masterpiece, L50|\n|poke|p1|Dragonite, L50, F|\n|poke|p1|Pelipper, L50, M|\n|poke|p1|Basculegion, L50, M|\n|poke|p2|Manectric, L50, M|\n|poke|p2|Sinistcha, L50|\n|poke|p2|Snorlax, L50, M|\n|poke|p2|Incineroar, L50, F|\n|poke|p2|Corviknight, L50, M|\n|poke|p2|Basculegion, L50, M|\n|teampreview|4\nmadhav56464 has agreed to open team sheets.\n|\n|t:|1776441712\n|teamsize|p1|4\n|teamsize|p2|4\n|start\n|switch|p1a: Pelipper|Pelipper, L50, M|100/100\n|switch|p1b: Dragonite|Dragonite, L50, F|100/100\n|switch|p2a: Manectric|Manectric, L50, M|100/100\n|switch|p2b: Snorlax|Snorlax, L50, M, shiny|100/100\n|-weather|RainDance|[from] ability: Drizzle|[of] p1a: Pelipper\n|turn|1\n|\n|t:|1776441744\n|detailschange|p2a: Manectric|Manectric-Mega, L50, M\n|-mega|p2a: Manectric|Manectric|Manectite\n|-ability|p2a: Manectric|Intimidate|boost\n|-unboost|p1a: Pelipper|atk|1\n|-unboost|p1b: Dragonite|atk|1\n|detailschange|p1b: Dragonite|Dragonite-Mega, L50, F\n|-mega|p1b: Dragonite|Dragonite|Dragoninite\n|move|p1a: Pelipper|Protect|p1a: Pelipper\n|-singleturn|p1a: Pelipper|Protect\n|move|p2a: Manectric|Volt Switch|p1a: Pelipper\n|-activate|p1a: Pelipper|move: Protect\n|move|p1b: Dragonite|Tailwind|p1b: Dragonite\n|-sidestart|p1: madhav56464|move: Tailwind\n|move|p2b: Snorlax|Belly Drum|p2b: Snorlax\n|-damage|p2b: Snorlax|50/100\n|-setboost|p2b: Snorlax|atk|6|[from] move: Belly Drum\n|-enditem|p2b: Snorlax|Sitrus Berry|[eat]\n|-heal|p2b: Snorlax|75/100|[from] item: Sitrus Berry\n|\n|-weather|RainDance|[upkeep]\n|upkeep\n|turn|2\n|\n|t:|1776441778\n|switch|p2a: Sinistcha|Sinistcha, L50|100/100\n|-heal|p2b: Snorlax|100/100|[from] ability: Hospitality|[of] p2a: Sinistcha\n|move|p1b: Dragonite|Hurricane|p2b: Snorlax\n|-damage|p2b: Snorlax|55/100\n|-start|p2b: Snorlax|confusion\n|move|p1a: Pelipper|Hurricane|p2b: Snorlax\n|-damage|p2b: Snorlax|23/100\n|-activate|p2b: Snorlax|confusion\n|move|p2b: Snorlax|Ice Punch|p1b: Dragonite\n|-supereffective|p1b: Dragonite|2\n|-damage|p1b: Dragonite|0 fnt\n|faint|p1b: Dragonite\n|\n|-weather|RainDance|[upkeep]\n|upkeep\n|\n|t:|1776441793\n|switch|p1b: Basculegion|Basculegion, L50, M|100/100\n|turn|3\n|\n|t:|1776441808\n|switch|p2a: Manectric|Manectric-Mega, L50, M|100/100\n|-ability|p2a: Manectric|Intimidate|boost\n|-unboost|p1a: Pelipper|atk|1\n|-unboost|p1b: Basculegion|atk|1\n|-activate|p2b: Snorlax|confusion\n|move|p2b: Snorlax|Protect|p2b: Snorlax\n|-singleturn|p2b: Snorlax|Protect\n|move|p1b: Basculegion|Last Respects|p2a: Manectric\n|-damage|p2a: Manectric|55/100\n|move|p1a: Pelipper|Hurricane|p2b: Snorlax\n|-activate|p2b: Snorlax|move: Protect\n|\n|-weather|RainDance|[upkeep]\n|upkeep\n|turn|4\n|\n|t:|1776441850\n|move|p1b: Basculegion|Wave Crash|p2a: Manectric\n|-damage|p2a: Manectric|0 fnt\n|faint|p2a: Manectric\n|-damage|p1b: Basculegion|89/100|[from] Recoil\n|move|p1a: Pelipper|Hurricane|p2b: Snorlax\n|-damage|p2b: Snorlax|0 fnt\n|faint|p2b: Snorlax\n|\n|-weather|RainDance|[upkeep]\n|-sideend|p1: madhav56464|move: Tailwind\n|upkeep\n|\n|t:|1776441861\n|switch|p2a: Basculegion|Basculegion, L50, M|100/100\n|switch|p2b: Sinistcha|Sinistcha, L50|100/100\n|turn|5\n|-message|LordofPinatas forfeited.\n|\n|win|madhav56464\n|raw|madhav56464's rating: 1041 &rarr; <strong>1081</strong><br />(+40 for winning)\n|raw|LordofPinatas's rating: 1105 &rarr; <strong>1075</strong><br />(-30 for losing)\n|l|\u2606LordofPinatas\n|player|p2|\n",
  "uploadtime": 1776441869,
  "views": 27,
  "formatid": "gen9championsvgc2026regma",
  "rating": 1075,
  "private": 0,
  "password": null
}