{
  "id": "gen9championsvgc2026regma-2581402449",
  "format": "[Gen 9 Champions] VGC 2026 Reg M-A",
  "players": [
    "gian claudio",
    "Spark the Pikagoss"
  ],
  "log": "|j|\u2606gian claudio\n|j|\u2606Spark the Pikagoss\n|t:|1775996689\n|gametype|doubles\n|player|p1|gian claudio|101|1075\n|player|p2|Spark the Pikagoss|gentleman|1137\n|gen|9\n|tier|[Gen 9 Champions] VGC 2026 Reg M-A\n|rated|\n|rule|Species Clause: Limit one of each Pok\u00e9mon\n|rule|Item Clause: Limit 1 of each item\n|clearpoke\n|poke|p1|Pelipper, L50, M|\n|poke|p1|Archaludon, L50, M|\n|poke|p1|Basculegion, L50, M|\n|poke|p1|Incineroar, L50, F|\n|poke|p1|Volcarona, L50, M|\n|poke|p1|Froslass, L50, F|\n|poke|p2|Politoed, L50, M|\n|poke|p2|Gengar, L50, F|\n|poke|p2|Incineroar, L50, F|\n|poke|p2|Maushold, L50|\n|poke|p2|Basculegion, L50, M|\n|poke|p2|Archaludon, L50, F|\n|teampreview|4\n|\n|t:|1775996769\n|teamsize|p1|4\n|teamsize|p2|4\n|start\n|switch|p1a: Volcarona|Volcarona, L50, M|100/100\n|switch|p1b: Incineroar|Incineroar, L50, F|100/100\n|switch|p2a: Gengar|Gengar, L50, F|100/100\n|switch|p2b: Incineroar|Incineroar, L50, F|100/100\n|-ability|p2b: Incineroar|Intimidate|boost\n|-unboost|p1a: Volcarona|atk|1\n|-unboost|p1b: Incineroar|atk|1\n|-ability|p1b: Incineroar|Intimidate|boost\n|-unboost|p2a: Gengar|atk|1\n|-unboost|p2b: Incineroar|atk|1\n|turn|1\n|\n|t:|1775996813\n|detailschange|p2a: Gengar|Gengar-Mega, L50, F\n|-mega|p2a: Gengar|Gengar|Gengarite\n|move|p2b: Incineroar|Fake Out|p1b: Incineroar\n|-damage|p1b: Incineroar|94/100\n|move|p2a: Gengar|Perish Song|p2a: Gengar\n|-start|p1a: Volcarona|perish3|[silent]\n|-start|p1b: Incineroar|perish3|[silent]\n|-start|p2a: Gengar|perish3|[silent]\n|-start|p2b: Incineroar|perish3|[silent]\n|-fieldactivate|move: Perish Song\n|move|p1a: Volcarona|Quiver Dance|p1a: Volcarona\n|-boost|p1a: Volcarona|spa|1\n|-boost|p1a: Volcarona|spd|1\n|-boost|p1a: Volcarona|spe|1\n|cant|p1b: Incineroar|flinch\n|\n|-start|p2a: Gengar|perish3\n|-start|p1a: Volcarona|perish3\n|-start|p2b: Incineroar|perish3\n|-start|p1b: Incineroar|perish3\n|upkeep\n|turn|2\n|\n|t:|1775996851\n|move|p2a: Gengar|Protect|p2a: Gengar\n|-singleturn|p2a: Gengar|Protect\n|move|p1a: Volcarona|Leech Life|p2b: Incineroar\n|-damage|p2b: Incineroar|88/100\n|move|p2b: Incineroar|Parting Shot|p1a: Volcarona\n|-unboost|p1a: Volcarona|atk|1\n|-unboost|p1a: Volcarona|spa|1\n|\n|t:|1775996862\n|switch|p2b: Politoed|Politoed, L50, M|100/100|[from] Parting Shot\n|-weather|RainDance|[from] ability: Drizzle|[of] p2b: Politoed\n|move|p1b: Incineroar|Throat Chop|p2a: Gengar\n|-activate|p2a: Gengar|move: Protect\n|\n|-weather|RainDance|[upkeep]\n|-start|p2a: Gengar|perish2\n|-start|p1a: Volcarona|perish2\n|-start|p1b: Incineroar|perish2\n|upkeep\n|turn|3\n|\n|t:|1775996932\n|move|p2a: Gengar|Sludge Bomb|p1a: Volcarona\n|-damage|p1a: Volcarona|60/100\n|move|p1a: Volcarona|Leech Life|p2b: Politoed\n|-damage|p2b: Politoed|89/100\n|-heal|p1a: Volcarona|67/100|[from] drain|[of] p2b: Politoed\n|move|p2b: Politoed|Weather Ball|p1b: Incineroar\n|-supereffective|p1b: Incineroar|1\n|-damage|p1b: Incineroar|8/100\n|-enditem|p1b: Incineroar|Sitrus Berry|[eat]\n|-heal|p1b: Incineroar|33/100|[from] item: Sitrus Berry\n|move|p1b: Incineroar|Throat Chop|p2a: Gengar\n|-supereffective|p2a: Gengar|1\n|-damage|p2a: Gengar|12/100\n|-start|p2a: Gengar|Throat Chop|[silent]\n|\n|-weather|RainDance|[upkeep]\n|-heal|p1a: Volcarona|74/100|[from] item: Leftovers\n|-heal|p2b: Politoed|95/100|[from] item: Leftovers\n|-start|p2a: Gengar|perish1\n|-start|p1a: Volcarona|perish1\n|-start|p1b: Incineroar|perish1\n|upkeep\n|turn|4\n|\n|t:|1775996964\n|switch|p2a: Incineroar|Incineroar, L50, F|88/100\n|-ability|p2a: Incineroar|Intimidate|boost\n|-unboost|p1a: Volcarona|atk|1\n|-unboost|p1b: Incineroar|atk|1\n|move|p2b: Politoed|Protect|p2b: Politoed\n|-singleturn|p2b: Politoed|Protect\n|move|p1a: Volcarona|Leech Life|p2b: Politoed\n|-activate|p2b: Politoed|move: Protect\n|move|p1b: Incineroar|Throat Chop|p2b: Politoed\n|-activate|p2b: Politoed|move: Protect\n|\n|-weather|RainDance|[upkeep]\n|-heal|p1a: Volcarona|80/100|[from] item: Leftovers\n|-heal|p2b: Politoed|100/100|[from] item: Leftovers\n|-start|p1a: Volcarona|perish0\n|-start|p1b: Incineroar|perish0\n|faint|p1a: Volcarona\n|faint|p1b: Incineroar\n|upkeep\n|\n|t:|1775996986\n|switch|p1a: Froslass|Froslass, L50, F|100/100\n|switch|p1b: Basculegion|Basculegion, L50, M|100/100\n|turn|5\n|\n|t:|1775997004\n|detailschange|p1a: Froslass|Froslass-Mega, L50, F\n|-mega|p1a: Froslass|Froslass|Froslassite\n|-weather|Snowscape|[from] ability: Snow Warning|[of] p1a: Froslass\n|move|p2a: Incineroar|Protect|p2a: Incineroar\n|-singleturn|p2a: Incineroar|Protect\n|move|p1a: Froslass|Shadow Ball|p2b: Politoed\n|-damage|p2b: Politoed|76/100\n|move|p1b: Basculegion|Last Respects|p2b: Politoed\n|-damage|p2b: Politoed|6/100\n|move|p2b: Politoed|Perish Song|p2b: Politoed\n|-start|p1a: Froslass|perish3|[silent]\n|-start|p1b: Basculegion|perish3|[silent]\n|-start|p2a: Incineroar|perish3|[silent]\n|-start|p2b: Politoed|perish3|[silent]\n|-fieldactivate|move: Perish Song\n|\n|-weather|Snowscape|[upkeep]\n|-heal|p2b: Politoed|12/100|[from] item: Leftovers\n|-start|p1a: Froslass|perish3\n|-start|p1b: Basculegion|perish3\n|-start|p2b: Politoed|perish3\n|-start|p2a: Incineroar|perish3\n|upkeep\n|turn|6\n|\n|t:|1775997053\n|move|p2b: Politoed|Protect|p2b: Politoed\n|-singleturn|p2b: Politoed|Protect\n|move|p1a: Froslass|Blizzard|p2a: Incineroar|[spread] p2a\n|-activate|p2b: Politoed|move: Protect\n|-resisted|p2a: Incineroar|1\n|-crit|p2a: Incineroar\n|-damage|p2a: Incineroar|69/100\n|move|p1b: Basculegion|Wave Crash|p2a: Incineroar\n|-supereffective|p2a: Incineroar|1\n|-damage|p2a: Incineroar|0 fnt\n|faint|p2a: Incineroar\n|-damage|p1b: Basculegion|77/100|[from] Recoil\n|\n|-weather|Snowscape|[upkeep]\n|-heal|p2b: Politoed|18/100|[from] item: Leftovers\n|-start|p1a: Froslass|perish2\n|-start|p1b: Basculegion|perish2\n|-start|p2b: Politoed|perish2\n|upkeep\n|\n|t:|1775997071\n|switch|p2a: Basculegion|Basculegion, L50, M|100/100\n|turn|7\n|\n|t:|1775997100\n|move|p2a: Basculegion|Protect|p2a: Basculegion\n|-singleturn|p2a: Basculegion|Protect\n|move|p1a: Froslass|Blizzard|p2b: Politoed|[spread] p2b\n|-activate|p2a: Basculegion|move: Protect\n|-resisted|p2b: Politoed|1\n|-damage|p2b: Politoed|6/100\n|move|p1b: Basculegion|Last Respects|p2a: Basculegion\n|-activate|p2a: Basculegion|move: Protect\n|move|p2b: Politoed|Encore|p1a: Froslass\n|-start|p1a: Froslass|Encore\n|\n|-weather|Snowscape|[upkeep]\n|-heal|p2b: Politoed|12/100|[from] item: Leftovers\n|-start|p1a: Froslass|perish1\n|-start|p1b: Basculegion|perish1\n|-start|p2b: Politoed|perish1\n|upkeep\n|turn|8\n|-message|gian claudio forfeited.\n|\n|win|Spark the Pikagoss\n|raw|gian claudio's rating: 1075 &rarr; <strong>1058</strong><br />(-17 for losing)\n|raw|Spark the Pikagoss's rating: 1137 &rarr; <strong>1158</strong><br />(+21 for winning)\n|l|\u2606gian claudio\n|player|p1|\n",
  "uploadtime": 1775997117,
  "views": 33,
  "formatid": "gen9championsvgc2026regma",
  "rating": 1058,
  "private": 0,
  "password": null
}