{
  "id": "gen9championsvgc2026regma-2583107166",
  "format": "[Gen 9 Champions] VGC 2026 Reg M-A",
  "players": [
    "prawnwizard",
    "iitz_fresh"
  ],
  "log": "|j|\u2606prawnwizard\n|j|\u2606iitz_fresh\n|t:|1776142806\n|gametype|doubles\n|player|p1|prawnwizard|harlequin|1199\n|player|p2|iitz_fresh|169|1118\n|gen|9\n|tier|[Gen 9 Champions] VGC 2026 Reg M-A\n|rated|\n|rule|Species Clause: Limit one of each Pok\u00e9mon\n|rule|Item Clause: Limit 1 of each item\n|clearpoke\n|poke|p1|Sableye, L50, F|\n|poke|p1|Gengar, L50, F|\n|poke|p1|Whimsicott, L50, F|\n|poke|p1|Sneasler, L50, M|\n|poke|p1|Politoed, L50, F|\n|poke|p1|Garchomp, L50, M|\n|poke|p2|Chandelure, L50, M|\n|poke|p2|Whimsicott, L50, F|\n|poke|p2|Gardevoir, L50, F|\n|poke|p2|Garchomp, L50, M|\n|poke|p2|Aerodactyl, L50, M|\n|poke|p2|Lucario, L50, M|\n|teampreview|4\n|inactive|Battle timer is ON: inactive players will automatically lose when time's up. (requested by prawnwizard)\n|inactive|prawnwizard has 60 seconds left.\n|inactive|iitz_fresh has 60 seconds left.\n|\n|t:|1776142856\n|teamsize|p1|4\n|teamsize|p2|4\n|start\n|switch|p1a: Sableye|Sableye, L50, F|100/100\n|switch|p1b: Gengar|Gengar, L50, F|100/100\n|switch|p2a: Whimsicott|Whimsicott, L50, F, shiny|100/100\n|switch|p2b: Aerodactyl|Aerodactyl, L50, M|100/100\n|-ability|p2b: Aerodactyl|Unnerve\n|turn|1\n|\n|t:|1776142870\n|detailschange|p2b: Aerodactyl|Aerodactyl-Mega, L50, M\n|-mega|p2b: Aerodactyl|Aerodactyl|Aerodactylite\n|detailschange|p1b: Gengar|Gengar-Mega, L50, F\n|-mega|p1b: Gengar|Gengar|Gengarite\n|move|p2a: Whimsicott|Helping Hand|p2b: Aerodactyl\n|-singleturn|p2b: Aerodactyl|Helping Hand|[of] p2a: Whimsicott\n|move|p2b: Aerodactyl|Rock Slide|p1b: Gengar|[spread] p1a,p1b\n|-damage|p1a: Sableye|52/100\n|-damage|p1b: Gengar|37/100\n|move|p1b: Gengar|Sludge Bomb|p2a: Whimsicott\n|-supereffective|p2a: Whimsicott|2\n|-damage|p2a: Whimsicott|0 fnt\n|faint|p2a: Whimsicott\n|cant|p1a: Sableye|flinch\n|\n|upkeep\n|\n|t:|1776142886\n|switch|p2a: Garchomp|Garchomp, L50, M|100/100\n|turn|2\n|\n|t:|1776142909\n|move|p1b: Gengar|Protect|p1b: Gengar\n|-singleturn|p1b: Gengar|Protect\n|move|p1a: Sableye|Gravity|p1a: Sableye\n|-fieldstart|move: Gravity\n|move|p2a: Garchomp|Earthquake|p1b: Gengar|[spread] p2b,p1a\n|-activate|p1b: Gengar|move: Protect\n|-supereffective|p2b: Aerodactyl|1\n|-crit|p2b: Aerodactyl\n|-damage|p2b: Aerodactyl|0 fnt\n|-damage|p1a: Sableye|13/100\n|faint|p2b: Aerodactyl\n|\n|upkeep\n|\n|t:|1776142917\n|switch|p2b: Gardevoir|Gardevoir, L50, F, shiny|100/100\n|turn|3\n|\n|t:|1776142923\n|move|p2b: Gardevoir|Protect|p2b: Gardevoir\n|-singleturn|p2b: Gardevoir|Protect\n|move|p1a: Sableye|Disable|p2a: Garchomp\n|-start|p2a: Garchomp|Disable|Earthquake\n|cant|p2a: Garchomp|Disable|Earthquake\n|move|p1b: Gengar|Sludge Bomb|p2b: Gardevoir\n|-activate|p2b: Gardevoir|move: Protect\n|\n|upkeep\n|turn|4\n|\n|t:|1776142932\n|move|p1a: Sableye|Encore|p2a: Garchomp\n|-start|p2a: Garchomp|Encore\n|cant|p2a: Garchomp|Disable|Earthquake\n|move|p1b: Gengar|Sludge Bomb|p2b: Gardevoir\n|-supereffective|p2b: Gardevoir|1\n|-damage|p2b: Gardevoir|0 fnt\n|faint|p2b: Gardevoir\n|\n|upkeep\n|turn|5\n|c|\u2606iitz_fresh|gravity lul\n|c|\u2606iitz_fresh|gg\n|c|\u2606prawnwizard|gg\n|-message|iitz_fresh forfeited.\n|\n|win|prawnwizard\n|raw|prawnwizard's rating: 1199 &rarr; <strong>1218</strong><br />(+19 for winning)\n|raw|iitz_fresh's rating: 1118 &rarr; <strong>1099</strong><br />(-19 for losing)\n|l|\u2606iitz_fresh\n|player|p2|\n",
  "uploadtime": 1776142958,
  "views": 13,
  "formatid": "gen9championsvgc2026regma",
  "rating": 1099,
  "private": 0,
  "password": null
}