{
  "id": "gen9championsvgc2026regma-2580862557",
  "format": "[Gen 9 Champions] VGC 2026 Reg M-A",
  "players": [
    "Innamorato",
    "pokeguy909"
  ],
  "log": "|j|\u2606Innamorato\n|j|\u2606pokeguy909\n|t:|1775938616\n|gametype|doubles\n|player|p1|Innamorato|will|1000\n|player|p2|pokeguy909|giovanni|1026\n|gen|9\n|tier|[Gen 9 Champions] VGC 2026 Reg M-A\n|rated|\n|rule|Species Clause: Limit one of each Pok\u00e9mon\n|rule|Item Clause: Limit 1 of each item\n|clearpoke\n|poke|p1|Ditto, L50|\n|poke|p1|Kangaskhan, L50, F|\n|poke|p1|Zoroark-Hisui, L50, F|\n|poke|p1|Farigiraf, L50, F|\n|poke|p1|Drampa, L50, M|\n|poke|p1|Oranguru, L50, F|\n|poke|p2|Torkoal, L50, M|\n|poke|p2|Golurk, L50|\n|poke|p2|Incineroar, L50, M|\n|poke|p2|Venusaur, L50, M|\n|poke|p2|Farigiraf, L50, M|\n|poke|p2|Dragapult, L50, F|\n|teampreview|4\n|inactive|Battle timer is ON: inactive players will automatically lose when time's up. (requested by Innamorato)\n|inactive|Innamorato has 60 seconds left.\n|\n|t:|1775938674\n|teamsize|p1|4\n|teamsize|p2|4\n|start\n|switch|p1a: Ditto|Ditto, L50, shiny|100/100\n|switch|p1b: Oranguru|Oranguru, L50, F|100/100\n|switch|p2a: Incineroar|Incineroar, L50, M|100/100\n|switch|p2b: Farigiraf|Farigiraf, L50, M|100/100\n|-ability|p2a: Incineroar|Intimidate|boost\n|-unboost|p1a: Ditto|atk|1\n|-fail|p1b: Oranguru|unboost|Attack|[from] ability: Inner Focus|[of] p1b: Oranguru\n|turn|1\n|inactive|pokeguy909 has 30 seconds left.\n|\n|t:|1775938705\n|move|p2a: Incineroar|Fake Out|p1b: Oranguru\n|-damage|p1b: Oranguru|90/100\n|move|p1a: Ditto|Hyper Voice|p2a: Incineroar|[spread] p2a,p2b\n|-damage|p2a: Incineroar|72/100\n|-damage|p2b: Farigiraf|67/100\n|move|p1b: Oranguru|Encore|p2a: Incineroar\n|-start|p2a: Incineroar|Encore\n|move|p2b: Farigiraf|Trick Room|p2b: Farigiraf\n|-fieldstart|move: Trick Room|[of] p2b: Farigiraf\n|\n|upkeep\n|turn|2\n|inactive|Innamorato has 30 seconds left.\n|inactive|pokeguy909 has 30 seconds left.\n|inactive|Innamorato has 20 seconds left.\n|inactive|pokeguy909 has 20 seconds left.\n|\n|t:|1775938745\n|switch|p2a: Golurk|Golurk, L50|100/100\n|switch|p1a: Ditto|Ditto, L50, shiny|100/100\n|move|p1b: Oranguru|Encore|p2b: Farigiraf\n|-start|p2b: Farigiraf|Encore\n|-enditem|p2b: Farigiraf|Mental Herb\n|-end|p2b: Farigiraf|Encore\n|move|p2b: Farigiraf|Psychic|p1a: Ditto\n|-crit|p1a: Ditto\n|-damage|p1a: Ditto|0 fnt\n|faint|p1a: Ditto\n|\n|upkeep\n|\n|t:|1775938758\n|switch|p1a: Kangaskhan|Kangaskhan, L50, F|100/100\n|turn|3\n|inactive|Innamorato has 30 seconds left.\n|\n|t:|1775938785\n|detailschange|p2a: Golurk|Golurk-Mega, L50\n|-mega|p2a: Golurk|Golurk|Golurkite\n|detailschange|p1a: Kangaskhan|Kangaskhan-Mega, L50, F\n|-mega|p1a: Kangaskhan|Kangaskhan|Kangaskhanite\n|move|p2b: Farigiraf|Helping Hand|p2a: Golurk\n|-singleturn|p2a: Golurk|Helping Hand|[of] p2b: Farigiraf\n|move|p1a: Kangaskhan|Sucker Punch||[still]\n|cant|p2b: Farigiraf|ability: Armor Tail|Sucker Punch|[of] p1a: Kangaskhan\n|move|p2a: Golurk|Headlong Rush|p1a: Kangaskhan\n|-damage|p1a: Kangaskhan|0 fnt\n|-unboost|p2a: Golurk|def|1\n|-unboost|p2a: Golurk|spd|1\n|faint|p1a: Kangaskhan\n|move|p1b: Oranguru|Psychic|p2a: Golurk\n|-damage|p2a: Golurk|64/100\n|\n|upkeep\n|\n|t:|1775938800\n|switch|p1a: Oranguru|Oranguru, L50, F|100/100\n|turn|4\n|inactive|pokeguy909 has 30 seconds left.\n|\n|t:|1775938826\n|move|p2b: Farigiraf|Helping Hand|p2a: Golurk\n|-singleturn|p2a: Golurk|Helping Hand|[of] p2b: Farigiraf\n|move|p2a: Golurk|Headlong Rush|p1b: Oranguru\n|-damage|p1b: Oranguru|0 fnt\n|-unboost|p2a: Golurk|def|1\n|-unboost|p2a: Golurk|spd|1\n|faint|p1b: Oranguru\n|move|p1a: Oranguru|Shadow Ball|p2a: Golurk\n|-supereffective|p2a: Golurk|1\n|-damage|p2a: Golurk|0 fnt\n|faint|p2a: Golurk\n|\n|upkeep\n|\n|t:|1775938840\n|switch|p2a: Torkoal|Torkoal, L50, M|100/100\n|-weather|SunnyDay|[from] ability: Drought|[of] p2a: Torkoal\n|turn|5\n|\n|t:|1775938861\n|move|p2a: Torkoal|Weather Ball|p1a: Oranguru\n|-enditem|p1a: Oranguru|Focus Sash\n|-damage|p1a: Oranguru|1/100\n|replace|p1a: Zoroark|Zoroark-Hisui, L50, F, shiny\n|-end|p1a: Zoroark|Illusion\n|move|p2b: Farigiraf|Psychic|p1a: Zoroark\n|-damage|p1a: Zoroark|0 fnt\n|faint|p1a: Zoroark\n|\n|win|pokeguy909\n|raw|Innamorato's rating: 1000 &rarr; <strong>1000</strong><br />(+0 for losing)\n|raw|pokeguy909's rating: 1026 &rarr; <strong>1059</strong><br />(+33 for winning)\n|l|\u2606Innamorato\n|player|p1|\n",
  "uploadtime": 1775938985,
  "views": 19,
  "formatid": "gen9championsvgc2026regma",
  "rating": 1000,
  "private": 0,
  "password": null
}