{
  "id": "gen9championsvgc2026regma-2584505366",
  "format": "[Gen 9 Champions] VGC 2026 Reg M-A",
  "players": [
    "Thee_Brid",
    "On the wave now"
  ],
  "log": "|j|\u2606Thee_Brid\n|j|\u2606On the wave now\n|t:|1776265291\n|gametype|doubles\n|player|p1|Thee_Brid|1|1254\n|player|p2|On the wave now|ruinmaniac|1304\n|gen|9\n|tier|[Gen 9 Champions] VGC 2026 Reg M-A\n|rated|\n|rule|Species Clause: Limit one of each Pok\u00e9mon\n|rule|Item Clause: Limit 1 of each item\n|clearpoke\n|poke|p1|Milotic, L50, F|\n|poke|p1|Incineroar, L50, M|\n|poke|p1|Aegislash, L50, M|\n|poke|p1|Sinistcha, L50|\n|poke|p1|Tyranitar, L50, M|\n|poke|p1|Aerodactyl, L50, M|\n|poke|p2|Tyranitar, L50, F|\n|poke|p2|Excadrill, L50, M|\n|poke|p2|Garchomp, L50, M|\n|poke|p2|Incineroar, L50, F|\n|poke|p2|Rotom-Wash, L50|\n|poke|p2|Milotic, L50, M|\n|teampreview|4\nOn the wave now has agreed to open team sheets.\n|inactive|Battle timer is ON: inactive players will automatically lose when time's up. (requested by On the wave now)\n|\n|t:|1776265317\n|teamsize|p1|4\n|teamsize|p2|4\n|start\n|switch|p1a: Aerodactyl|Aerodactyl, L50, M|100/100\n|switch|p1b: Sinistcha|Sinistcha, L50|100/100\n|switch|p2a: Rotom|Rotom-Wash, L50|100/100\n|switch|p2b: Garchomp|Garchomp, L50, M|100/100\n|-ability|p1a: Aerodactyl|Unnerve\n|turn|1\n|inactive|On the wave now has 30 seconds left.\n|inactive|On the wave now has 20 seconds left.\n|inactive|On the wave now has 15 seconds left.\n|inactive|On the wave now has 10 seconds left.\n|inactive|On the wave now has 5 seconds left.\n|\n|t:|1776265373\n|detailschange|p1a: Aerodactyl|Aerodactyl-Mega, L50, M\n|-mega|p1a: Aerodactyl|Aerodactyl|Aerodactylite\n|move|p1a: Aerodactyl|Rock Slide|p2a: Rotom|[spread] p2a,p2b\n|-resisted|p2b: Garchomp|1\n|-damage|p2a: Rotom|67/100\n|-damage|p2b: Garchomp|84/100\n|move|p2b: Garchomp|Rock Slide|p1a: Aerodactyl|[spread] p1a,p1b\n|-supereffective|p1a: Aerodactyl|1\n|-damage|p1a: Aerodactyl|49/100\n|-damage|p1b: Sinistcha|80/100\n|move|p2a: Rotom|Hydro Pump|p1a: Aerodactyl\n|-supereffective|p1a: Aerodactyl|1\n|-damage|p1a: Aerodactyl|0 fnt\n|faint|p1a: Aerodactyl\n|move|p1b: Sinistcha|Matcha Gotcha|p2b: Garchomp|[spread] p2a,p2b\n|-supereffective|p2a: Rotom|1\n|-crit|p2a: Rotom\n|-damage|p2a: Rotom|0 fnt\n|-heal|p1b: Sinistcha|100/100|[from] drain|[of] p2a: Rotom\n|-damage|p2b: Garchomp|49/100\n|faint|p2a: Rotom\n|\n|upkeep\n|\n|t:|1776265398\n|switch|p1a: Milotic|Milotic, L50, F|100/100\n|switch|p2a: Tyranitar|Tyranitar, L50, F|100/100\n|-weather|Sandstorm|[from] ability: Sand Stream|[of] p2a: Tyranitar\n|turn|2\n|\n|t:|1776265414\n|detailschange|p2a: Tyranitar|Tyranitar-Mega, L50, F\n|-mega|p2a: Tyranitar|Tyranitar|Tyranitarite\n|move|p1b: Sinistcha|Protect|p1b: Sinistcha\n|-singleturn|p1b: Sinistcha|Protect\n|move|p2b: Garchomp|Dragon Claw|p1a: Milotic\n|-damage|p1a: Milotic|53/100\n|move|p2a: Tyranitar|Knock Off|p1b: Sinistcha\n|-activate|p1b: Sinistcha|move: Protect\n|move|p1a: Milotic|Ice Beam|p2b: Garchomp|[miss]\n|-miss|p1a: Milotic|p2b: Garchomp\n|\n|-weather|Sandstorm|[upkeep]\n|-damage|p1a: Milotic|47/100|[from] Sandstorm\n|-damage|p1b: Sinistcha|94/100|[from] Sandstorm\n|upkeep\n|turn|3\n|inactive|Thee_Brid has 30 seconds left.\n|\n|t:|1776265448\n|move|p2b: Garchomp|Dragon Claw|p1a: Milotic\n|-damage|p1a: Milotic|0 fnt\n|faint|p1a: Milotic\n|move|p2a: Tyranitar|Knock Off|p1b: Sinistcha\n|-supereffective|p1b: Sinistcha|1\n|-damage|p1b: Sinistcha|0 fnt\n|-enditem|p1b: Sinistcha|Mental Herb|[from] move: Knock Off|[of] p2a: Tyranitar\n|faint|p1b: Sinistcha\n|\n|-weather|Sandstorm|[upkeep]\n|upkeep\n|\n|t:|1776265460\n|switch|p1b: Aegislash|Aegislash, L50, M|100/100\n|turn|4\n|\n|t:|1776265474\n|move|p2a: Tyranitar|Protect|p2a: Tyranitar\n|-singleturn|p2a: Tyranitar|Protect\n|move|p1b: Aegislash|King's Shield|p1b: Aegislash\n|-singleturn|p1b: Aegislash|Protect\n|move|p2b: Garchomp|Earthquake|p1b: Aegislash|[spread] \n|-activate|p2a: Tyranitar|move: Protect\n|-activate|p1b: Aegislash|move: Protect\n|\n|-weather|Sandstorm|[upkeep]\n|upkeep\n|turn|5\n|\n|t:|1776265485\n|move|p2b: Garchomp|Dragon Claw|p1b: Aegislash\n|-resisted|p1b: Aegislash|1\n|-damage|p1b: Aegislash|82/100\n|move|p2a: Tyranitar|Knock Off|p1b: Aegislash\n|-supereffective|p1b: Aegislash|1\n|-damage|p1b: Aegislash|0 fnt\n|-enditem|p1b: Aegislash|Leftovers|[from] move: Knock Off|[of] p2a: Tyranitar\n|faint|p1b: Aegislash\n|\n|win|On the wave now\n|raw|Thee_Brid's rating: 1254 &rarr; <strong>1233</strong><br />(-21 for losing)\n|raw|On the wave now's rating: 1304 &rarr; <strong>1321</strong><br />(+17 for winning)\n|l|\u2606Thee_Brid\n|player|p1|\n",
  "uploadtime": 1776265497,
  "views": 27,
  "formatid": "gen9championsvgc2026regma",
  "rating": 1233,
  "private": 0,
  "password": null
}