{
  "id": "gen9championsvgc2026regma-2582774503",
  "format": "[Gen 9 Champions] VGC 2026 Reg M-A",
  "players": [
    "GTBstoner",
    "mayhemicdimise"
  ],
  "log": "|j|\u2606GTBstoner\n|j|\u2606mayhemicdimise\n|t:|1776113181\n|gametype|doubles\n|player|p1|GTBstoner|n|1078\n|player|p2|mayhemicdimise|benga|1140\n|gen|9\n|tier|[Gen 9 Champions] VGC 2026 Reg M-A\n|rated|\n|rule|Species Clause: Limit one of each Pok\u00e9mon\n|rule|Item Clause: Limit 1 of each item\n|clearpoke\n|poke|p1|Sableye, L50, M|\n|poke|p1|Flapple, L50, M|\n|poke|p1|Excadrill, L50, F|\n|poke|p1|Golurk, L50|\n|poke|p1|Tyranitar, L50, M|\n|poke|p1|Hatterene, L50, F|\n|poke|p2|Froslass, L50, F|\n|poke|p2|Delphox, L50, M|\n|poke|p2|Incineroar, L50, F|\n|poke|p2|Orthworm, L50, F|\n|poke|p2|Garchomp, L50, M|\n|poke|p2|Whimsicott, L50, M|\n|teampreview|4\nmayhemicdimise rejected open team sheets.\n|c|\u2606mayhemicdimise|Glhf\n|\n|t:|1776113215\n|teamsize|p1|4\n|teamsize|p2|4\n|start\n|switch|p1a: Hatterene|Hatterene, L50, F|100/100\n|switch|p1b: Golurk|Golurk, L50, shiny|100/100\n|switch|p2a: Chompy|Garchomp, L50, M, shiny|100/100\n|switch|p2b: Wormy|Orthworm, L50, F, shiny|100/100\n|turn|1\n|\n|t:|1776113241\n|detailschange|p1b: Golurk|Golurk-Mega, L50, shiny\n|-mega|p1b: Golurk|Golurk|Golurkite\n|move|p2a: Chompy|Poison Jab|p1a: Hatterene\n|-supereffective|p1a: Hatterene|1\n|-damage|p1a: Hatterene|30/100\n|-status|p1a: Hatterene|psn\n|move|p2b: Wormy|Shed Tail|p2b: Wormy\n|-start|p2b: Wormy|Substitute|[from] move: Shed Tail\n|-damage|p2b: Wormy|50/100\n|-enditem|p2b: Wormy|Sitrus Berry|[eat]\n|-heal|p2b: Wormy|75/100|[from] item: Sitrus Berry\n|c|\u2606GTBstoner|U too\n|\n|t:|1776113252\n|switch|p2b: Cold mistress|Froslass, L50, F, shiny|100/100|[from] Shed Tail\n|move|p1b: Golurk|Poltergeist|p2b: Cold mistress\n|-activate|p2b: Cold mistress|move: Poltergeist|Froslassite\n|-supereffective|p2b: Cold mistress|1\n|-end|p2b: Cold mistress|Substitute\n|move|p1a: Hatterene|Trick Room|p1a: Hatterene\n|-fieldstart|move: Trick Room|[of] p1a: Hatterene\n|\n|-heal|p1a: Hatterene|36/100 psn|[from] item: Leftovers\n|-damage|p1a: Hatterene|24/100 psn|[from] psn\n|upkeep\n|turn|2\n|\n|t:|1776113274\n|switch|p2b: Wormy|Orthworm, L50, F, shiny|75/100\n|move|p1a: Hatterene|Dazzling Gleam|p2a: Chompy|[spread] p2a,p2b\n|-supereffective|p2a: Chompy|1\n|-resisted|p2b: Wormy|1\n|-damage|p2a: Chompy|28/100\n|-damage|p2b: Wormy|48/100\n|move|p1b: Golurk|Poltergeist||[still]\n|-fail|p1b: Golurk\n|move|p2a: Chompy|Earthquake|p1a: Hatterene|[spread] p1a,p1b\n|-heal|p2b: Wormy|73/100|[from] ability: Earth Eater|[of] p2a: Chompy\n|-damage|p1a: Hatterene|0 fnt\n|-damage|p1b: Golurk|65/100\n|faint|p1a: Hatterene\n|\n|upkeep\n|\n|t:|1776113284\n|switch|p1a: Sableye|Sableye, L50, M, shiny|100/100\n|turn|3\n|\n|t:|1776113303\n|move|p2b: Wormy|Protect|p2b: Wormy\n|-singleturn|p2b: Wormy|Protect\n|move|p2a: Chompy|Protect|p2a: Chompy\n|-singleturn|p2a: Chompy|Protect\n|move|p1a: Sableye|Disable|p2a: Chompy\n|-activate|p2a: Chompy|move: Protect\n|move|p1b: Golurk|Poltergeist||[still]\n|-fail|p1b: Golurk\n|\n|upkeep\n|turn|4\n|c|\u2606mayhemicdimise|Ggs\n|\n|t:|1776113329\n|move|p1a: Sableye|Gravity|p1a: Sableye\n|-fieldstart|move: Gravity\n|move|p1b: Golurk|Poltergeist|p2a: Chompy\n|-activate|p2a: Chompy|move: Poltergeist|White Herb\n|-damage|p2a: Chompy|0 fnt\n|faint|p2a: Chompy\n|move|p2b: Wormy|Shed Tail|p2b: Wormy\n|-start|p2b: Wormy|Substitute|[from] move: Shed Tail\n|-damage|p2b: Wormy|23/100\n|\n|t:|1776113340\n|switch|p2b: Cold mistress|Froslass, L50, F, shiny|100/100|[from] Shed Tail\n|\n|upkeep\n|\n|t:|1776113350\n|switch|p2a: Weaved|Incineroar, L50, F, shiny|100/100\n|-ability|p2a: Weaved|Intimidate|boost\n|-unboost|p1a: Sableye|atk|1\n|-unboost|p1b: Golurk|atk|1\n|turn|5\n|\n|t:|1776113374\n|move|p1a: Sableye|Detect|p1a: Sableye\n|-singleturn|p1a: Sableye|Protect\n|move|p1b: Golurk|Poltergeist|p2b: Cold mistress\n|-activate|p2b: Cold mistress|move: Poltergeist|Froslassite\n|-supereffective|p2b: Cold mistress|1\n|-end|p2b: Cold mistress|Substitute\n|move|p2a: Weaved|Parting Shot|p1b: Golurk\n|-unboost|p1b: Golurk|atk|1\n|-unboost|p1b: Golurk|spa|1\n|\n|t:|1776113384\n|switch|p2a: Wormy|Orthworm, L50, F, shiny|23/100|[from] Parting Shot\n|move|p2b: Cold mistress|Blizzard|p1a: Sableye|[spread] p1b\n|-activate|p1a: Sableye|move: Protect\n|-supereffective|p1b: Golurk|1\n|-damage|p1b: Golurk|10/100\n|\n|-fieldend|move: Trick Room\n|upkeep\n|turn|6\n|\n|t:|1776113405\n|switch|p2a: Weaved|Incineroar, L50, F, shiny|100/100\n|-ability|p2a: Weaved|Intimidate|boost\n|-unboost|p1a: Sableye|atk|1\n|-unboost|p1b: Golurk|atk|1\n|switch|p1b: Tyranitar|Tyranitar, L50, M|100/100\n|-weather|Sandstorm|[from] ability: Sand Stream|[of] p1b: Tyranitar\n|detailschange|p2b: Cold mistress|Froslass-Mega, L50, F, shiny\n|-mega|p2b: Cold mistress|Froslass|Froslassite\n|-weather|Snowscape|[from] ability: Snow Warning|[of] p2b: Cold mistress\n|move|p1a: Sableye|Disable|p2b: Cold mistress\n|-start|p2b: Cold mistress|Disable|Blizzard\n|cant|p2b: Cold mistress|Disable|Blizzard\n|\n|-weather|Snowscape|[upkeep]\n|upkeep\n|turn|7\n|\n|t:|1776113427\n|switch|p1a: Golurk|Golurk-Mega, L50, shiny|10/100\n|move|p2a: Weaved|Fake Out|p1b: Tyranitar\n|-resisted|p1b: Tyranitar|1\n|-damage|p1b: Tyranitar|95/100\n|move|p2b: Cold mistress|Aurora Veil|p2b: Cold mistress\n|-sidestart|p2: mayhemicdimise|move: Aurora Veil\n|cant|p1b: Tyranitar|flinch\n|\n|-weather|Snowscape|[upkeep]\n|upkeep\n|turn|8\n|\n|t:|1776113442\n|move|p1a: Golurk|Protect|p1a: Golurk\n|-singleturn|p1a: Golurk|Protect\n|move|p2b: Cold mistress|Shadow Ball|p1a: Golurk\n|-activate|p1a: Golurk|move: Protect\n|move|p2a: Weaved|Flare Blitz|p1b: Tyranitar\n|-resisted|p1b: Tyranitar|1\n|-damage|p1b: Tyranitar|71/100\n|-damage|p2a: Weaved|94/100|[from] Recoil\n|move|p1b: Tyranitar|Rock Slide|p2b: Cold mistress|[spread] p2a,p2b\n|-supereffective|p2a: Weaved|1\n|-supereffective|p2b: Cold mistress|1\n|-damage|p2a: Weaved|54/100\n|-damage|p2b: Cold mistress|56/100\n|\n|-weather|Snowscape|[upkeep]\n|-fieldend|move: Gravity\n|upkeep\n|turn|9\n|\n|t:|1776113474\n|switch|p1b: Sableye|Sableye, L50, M, shiny|100/100\n|move|p2b: Cold mistress|Shadow Ball|p1a: Golurk\n|-supereffective|p1a: Golurk|1\n|-crit|p1a: Golurk\n|-damage|p1a: Golurk|0 fnt\n|faint|p1a: Golurk\n|move|p2a: Weaved|Parting Shot|p1b: Sableye\n|-unboost|p1b: Sableye|atk|1\n|-unboost|p1b: Sableye|spa|1\n|\n|t:|1776113484\n|switch|p2a: Wormy|Orthworm, L50, F, shiny|23/100|[from] Parting Shot\n|\n|-weather|Snowscape|[upkeep]\n|-end|p2b: Cold mistress|Disable\n|upkeep\n|\n|t:|1776113487\n|switch|p1a: Tyranitar|Tyranitar, L50, M|71/100\n|-weather|Sandstorm|[from] ability: Sand Stream|[of] p1a: Tyranitar\n|turn|10\n|\n|t:|1776113506\n|switch|p2b: Weaved|Incineroar, L50, F, shiny|54/100\n|-ability|p2b: Weaved|Intimidate|boost\n|-unboost|p1a: Tyranitar|atk|1\n|-unboost|p1b: Sableye|atk|1\n|move|p1b: Sableye|Fake Out|p2a: Wormy\n|-resisted|p2a: Wormy|1\n|-damage|p2a: Wormy|22/100\n|cant|p2a: Wormy|flinch\n|move|p1a: Tyranitar|Rock Slide|p2a: Wormy|[spread] p2b\n|-miss|p1a: Tyranitar|p2a: Wormy\n|-supereffective|p2b: Weaved|1\n|-damage|p2b: Weaved|30/100\n|\n|-weather|Sandstorm|[upkeep]\n|-damage|p2b: Weaved|24/100|[from] Sandstorm\n|-damage|p1b: Sableye|95/100|[from] Sandstorm\n|upkeep\n|turn|11\n|\n|t:|1776113524\n|move|p1a: Tyranitar|Protect|p1a: Tyranitar\n|-singleturn|p1a: Tyranitar|Protect\n|move|p2b: Weaved|Fake Out|p1a: Tyranitar\n|-activate|p1a: Tyranitar|move: Protect\n|move|p1b: Sableye|Gravity|p1b: Sableye\n|-fieldstart|move: Gravity\n|move|p2a: Wormy|Body Press|p1a: Tyranitar\n|-activate|p1a: Tyranitar|move: Protect\n|\n|-weather|Sandstorm|[upkeep]\n|-damage|p2b: Weaved|18/100|[from] Sandstorm\n|-damage|p1b: Sableye|89/100|[from] Sandstorm\n|-sideend|p2: mayhemicdimise|move: Aurora Veil\n|upkeep\n|turn|12\n|\n|t:|1776113541\n|move|p1b: Sableye|Disable|p2a: Wormy\n|-start|p2a: Wormy|Disable|Body Press\n|cant|p2a: Wormy|Disable|Body Press\n|move|p2b: Weaved|Flare Blitz|p1b: Sableye\n|-damage|p1b: Sableye|20/100\n|-damage|p2b: Weaved|0 fnt|[from] Recoil\n|faint|p2b: Weaved\n|move|p1a: Tyranitar|Rock Slide|p2a: Wormy\n|-resisted|p2a: Wormy|1\n|-damage|p2a: Wormy|14/100\n|\n|-weather|Sandstorm|[upkeep]\n|-damage|p1b: Sableye|14/100|[from] Sandstorm\n|upkeep\n|\n|t:|1776113555\n|switch|p2b: Cold mistress|Froslass-Mega, L50, F, shiny|56/100\n|-weather|Snowscape|[from] ability: Snow Warning|[of] p2b: Cold mistress\n|turn|13\n|\n|t:|1776113572\n|move|p1b: Sableye|Detect|p1b: Sableye\n|-singleturn|p1b: Sableye|Protect\n|move|p2a: Wormy|Protect|p2a: Wormy\n|-singleturn|p2a: Wormy|Protect\n|move|p2b: Cold mistress|Blizzard|p1a: Tyranitar|[spread] p1a\n|-activate|p1b: Sableye|move: Protect\n|-damage|p1a: Tyranitar|33/100\n|move|p1a: Tyranitar|Rock Slide|p2a: Wormy|[spread] p2b\n|-activate|p2a: Wormy|move: Protect\n|-supereffective|p2b: Cold mistress|1\n|-damage|p2b: Cold mistress|6/100\n|\n|-weather|Snowscape|[upkeep]\n|upkeep\n|turn|14\n|\n|t:|1776113605\n|move|p2a: Wormy|Protect||[still]\n|-fail|p2a: Wormy\n|move|p1b: Sableye|Disable|p2b: Cold mistress\n|-start|p2b: Cold mistress|Disable|Blizzard\n|move|p2b: Cold mistress|Shadow Ball|p1a: Tyranitar\n|-resisted|p1a: Tyranitar|1\n|-damage|p1a: Tyranitar|16/100\n|move|p1a: Tyranitar|Rock Slide|p2a: Wormy|[spread] p2a,p2b\n|-resisted|p2a: Wormy|1\n|-supereffective|p2b: Cold mistress|1\n|-damage|p2a: Wormy|8/100\n|-damage|p2b: Cold mistress|0 fnt\n|faint|p2b: Cold mistress\n|\n|-weather|Snowscape|[upkeep]\n|upkeep\n|turn|15\n|\n|t:|1776113630\n|move|p1b: Sableye|Detect|p1b: Sableye\n|-singleturn|p1b: Sableye|Protect\n|move|p2a: Wormy|Protect|p2a: Wormy\n|-singleturn|p2a: Wormy|Protect\n|move|p1a: Tyranitar|Knock Off|p2a: Wormy\n|-activate|p2a: Wormy|move: Protect\n|\n|-weather|Snowscape|[upkeep]\n|-end|p2a: Wormy|Disable\n|-fieldend|move: Gravity\n|upkeep\n|turn|16\n|c|\u2606mayhemicdimise|Dam sable eye annoying\n|\n|t:|1776113646\n|move|p1a: Tyranitar|Protect|p1a: Tyranitar\n|-singleturn|p1a: Tyranitar|Protect\n|move|p1b: Sableye|Gravity|p1b: Sableye\n|-fieldstart|move: Gravity\n|move|p2a: Wormy|Body Press|p1a: Tyranitar\n|-activate|p1a: Tyranitar|move: Protect\n|\n|-weather|Snowscape|[upkeep]\n|upkeep\n|turn|17\n|\n|t:|1776113656\n|move|p2a: Wormy|Protect|p2a: Wormy\n|-singleturn|p2a: Wormy|Protect\n|move|p1b: Sableye|Disable|p2a: Wormy\n|-activate|p2a: Wormy|move: Protect\n|move|p1a: Tyranitar|Knock Off|p2a: Wormy\n|-activate|p2a: Wormy|move: Protect\n|\n|-weather|none\n|upkeep\n|turn|18\n|\n|t:|1776113668\n|move|p1b: Sableye|Detect|p1b: Sableye\n|-singleturn|p1b: Sableye|Protect\n|move|p1a: Tyranitar|Protect|p1a: Tyranitar\n|-singleturn|p1a: Tyranitar|Protect\n|move|p2a: Wormy|Body Press|p1a: Tyranitar\n|-activate|p1a: Tyranitar|move: Protect\n|\n|upkeep\n|turn|19\n|\n|t:|1776113677\n|move|p2a: Wormy|Protect|p2a: Wormy\n|-singleturn|p2a: Wormy|Protect\n|move|p1b: Sableye|Disable|p2a: Wormy\n|-activate|p2a: Wormy|move: Protect\n|move|p1a: Tyranitar|Knock Off|p2a: Wormy\n|-activate|p2a: Wormy|move: Protect\n|\n|upkeep\n|turn|20\n|c|\u2606GTBstoner|Yeah he is lol\n|\n|t:|1776113692\n|move|p1b: Sableye|Detect|p1b: Sableye\n|-singleturn|p1b: Sableye|Protect\n|move|p1a: Tyranitar|Protect|p1a: Tyranitar\n|-singleturn|p1a: Tyranitar|Protect\n|move|p2a: Wormy|Body Press|p1a: Tyranitar\n|-activate|p1a: Tyranitar|move: Protect\n|\n|-fieldend|move: Gravity\n|upkeep\n|turn|21\n|\n|t:|1776113703\n|move|p2a: Wormy|Protect|p2a: Wormy\n|-singleturn|p2a: Wormy|Protect\n|move|p1b: Sableye|Disable|p2a: Wormy\n|-activate|p2a: Wormy|move: Protect\n|move|p1a: Tyranitar|Knock Off|p2a: Wormy\n|-activate|p2a: Wormy|move: Protect\n|\n|upkeep\n|turn|22\n|\n|t:|1776113713\n|move|p1b: Sableye|Detect|p1b: Sableye\n|-singleturn|p1b: Sableye|Protect\n|move|p1a: Tyranitar|Protect|p1a: Tyranitar\n|-singleturn|p1a: Tyranitar|Protect\n|move|p2a: Wormy|Body Press|p1a: Tyranitar\n|-activate|p1a: Tyranitar|move: Protect\n|\n|upkeep\n|turn|23\n|\n|t:|1776113731\n|move|p2a: Wormy|Protect|p2a: Wormy\n|-singleturn|p2a: Wormy|Protect\n|move|p1b: Sableye|Disable|p2a: Wormy\n|-activate|p2a: Wormy|move: Protect\n|move|p1a: Tyranitar|Knock Off|p2a: Wormy\n|-activate|p2a: Wormy|move: Protect\n|\n|upkeep\n|turn|24\n|\n|t:|1776113744\n|move|p1b: Sableye|Detect|p1b: Sableye\n|-singleturn|p1b: Sableye|Protect\n|move|p1a: Tyranitar|Protect|p1a: Tyranitar\n|-singleturn|p1a: Tyranitar|Protect\n|move|p2a: Wormy|Iron Defense|p2a: Wormy\n|-boost|p2a: Wormy|def|2\n|\n|upkeep\n|turn|25\n|\n|t:|1776113756\n|move|p1a: Tyranitar|Protect|p1a: Tyranitar\n|-singleturn|p1a: Tyranitar|Protect\n|move|p1b: Sableye|Gravity|p1b: Sableye\n|-fieldstart|move: Gravity\n|move|p2a: Wormy|Body Press|p1a: Tyranitar\n|-activate|p1a: Tyranitar|move: Protect\n|\n|upkeep\n|turn|26\n|c|\u2606mayhemicdimise|Bruuu\n|c|\u2606mayhemicdimise|Lucky ahh\n|c|\u2606GTBstoner|Lol\n|c|\u2606mayhemicdimise|Let me take the t tar with me\n|c|\u2606mayhemicdimise|I csnt kill the stable eye anyways\n|c|\u2606GTBstoner|Hell nah I got no attacks on this sableye hahah\n|\n|t:|1776113803\n|move|p1b: Sableye|Disable|p2a: Wormy\n|-start|p2a: Wormy|Disable|Body Press\n|cant|p2a: Wormy|Disable|Body Press\n|move|p1a: Tyranitar|Knock Off|p2a: Wormy\n|-damage|p2a: Wormy|0 fnt\n|faint|p2a: Wormy\n|\n|win|GTBstoner\n|raw|GTBstoner's rating: 1078 &rarr; <strong>1111</strong><br />(+33 for winning)\n|raw|mayhemicdimise's rating: 1140 &rarr; <strong>1111</strong><br />(-29 for losing)\n|c|\u2606GTBstoner|Gg\n|c|\u2606mayhemicdimise|Ggs\n",
  "uploadtime": 1776113827,
  "views": 31,
  "formatid": "gen9championsvgc2026regma",
  "rating": 1111,
  "private": 0,
  "password": null
}