{
  "id": "gen9championsvgc2026regma-2581404163",
  "format": "[Gen 9 Champions] VGC 2026 Reg M-A",
  "players": [
    "Hongtao7",
    "soulo333"
  ],
  "log": "|j|\u2606Hongtao7\n|j|\u2606soulo333\n|t:|1775996883\n|gametype|doubles\n|player|p1|Hongtao7|gambler|1258\n|player|p2|soulo333|2|1232\n|gen|9\n|tier|[Gen 9 Champions] VGC 2026 Reg M-A\n|rated|\n|rule|Species Clause: Limit one of each Pok\u00e9mon\n|rule|Item Clause: Limit 1 of each item\n|clearpoke\n|poke|p1|Aerodactyl, L50, M|\n|poke|p1|Floette-Eternal, L50, F|\n|poke|p1|Incineroar, L50, M|\n|poke|p1|Froslass, L50, F|\n|poke|p1|Rotom-Frost, L50|\n|poke|p1|Sneasler, L50, M|\n|poke|p2|Charizard, L50, M|\n|poke|p2|Kingambit, L50, F|\n|poke|p2|Rotom-Wash, L50|\n|poke|p2|Sinistcha, L50|\n|poke|p2|Ninetales-Alola, L50, F|\n|poke|p2|Sneasler, L50, F|\n|teampreview|4\n|inactive|Battle timer is ON: inactive players will automatically lose when time's up. (requested by Hongtao7)\n|\n|t:|1775996908\n|teamsize|p1|4\n|teamsize|p2|4\n|start\n|switch|p1a: Aerodactyl|Aerodactyl, L50, M|100/100\n|switch|p1b: Sneasler|Sneasler, L50, M|100/100\n|switch|p2a: Kingambit|Kingambit, L50, F|100/100\n|switch|p2b: Rotom|Rotom-Wash, L50|100/100\n|-ability|p1a: Aerodactyl|Unnerve\n|turn|1\n|\n|t:|1775996931\n|move|p1b: Sneasler|Fake Out|p2b: Rotom\n|-crit|p2b: Rotom\n|-damage|p2b: Rotom|76/100\n|move|p1a: Aerodactyl|Rock Slide|p2a: Kingambit|[spread] p2a,p2b\n|-resisted|p2a: Kingambit|1\n|-damage|p2a: Kingambit|92/100\n|-damage|p2b: Rotom|50/100\n|cant|p2b: Rotom|flinch\n|move|p2a: Kingambit|Iron Head|p1a: Aerodactyl\n|-supereffective|p1a: Aerodactyl|1\n|-enditem|p1a: Aerodactyl|Focus Sash\n|-damage|p1a: Aerodactyl|1/100\n|\n|upkeep\n|turn|2\n|\n|t:|1775996946\n|move|p2a: Kingambit|Protect|p2a: Kingambit\n|-singleturn|p2a: Kingambit|Protect\n|move|p1a: Aerodactyl|Tailwind|p1a: Aerodactyl\n|-sidestart|p1: Hongtao7|move: Tailwind\n|move|p1b: Sneasler|Close Combat|p2a: Kingambit\n|-activate|p2a: Kingambit|move: Protect\n|move|p2b: Rotom|Will-O-Wisp|p1b: Sneasler\n|-status|p1b: Sneasler|brn\n|\n|-damage|p1b: Sneasler|95/100 brn|[from] brn\n|upkeep\n|turn|3\n|\n|t:|1775996957\n|switch|p2a: Ninetales|Ninetales-Alola, L50, F|100/100\n|-weather|Snowscape|[from] ability: Snow Warning|[of] p2a: Ninetales\n|move|p1a: Aerodactyl|Rock Slide|p2a: Ninetales|[spread] p2a,p2b\n|-supereffective|p2a: Ninetales|1\n|-damage|p2a: Ninetales|48/100\n|-damage|p2b: Rotom|25/100\n|move|p1b: Sneasler|Close Combat|p2a: Ninetales\n|-damage|p2a: Ninetales|11/100\n|-unboost|p1b: Sneasler|def|1\n|-unboost|p1b: Sneasler|spd|1\n|-enditem|p1b: Sneasler|White Herb\n|-clearnegativeboost|p1b: Sneasler|[silent]\n|move|p2b: Rotom|Volt Switch|p1a: Aerodactyl\n|-supereffective|p1a: Aerodactyl|1\n|-damage|p1a: Aerodactyl|0 fnt\n|-enditem|p2b: Rotom|Sitrus Berry|[eat]\n|-heal|p2b: Rotom|50/100|[from] item: Sitrus Berry\n|faint|p1a: Aerodactyl\n|\n|t:|1775996968\n|switch|p2b: Charizard|Charizard, L50, M|100/100|[from] Volt Switch\n|\n|-weather|Snowscape|[upkeep]\n|-damage|p1b: Sneasler|89/100 brn|[from] brn\n|upkeep\n|\n|t:|1775996986\n|switch|p1a: Rotom|Rotom-Frost, L50|100/100\n|turn|4\n|\n|t:|1775996998\n|detailschange|p2b: Charizard|Charizard-Mega-X, L50, M\n|-mega|p2b: Charizard|Charizard|Charizardite X\n|move|p2a: Ninetales|Protect|p2a: Ninetales\n|-singleturn|p2a: Ninetales|Protect\n|move|p1b: Sneasler|Rock Slide|p2a: Ninetales|[spread] p2b\n|-activate|p2a: Ninetales|move: Protect\n|-supereffective|p2b: Charizard|1\n|-damage|p2b: Charizard|83/100\n|move|p1a: Rotom|Blizzard|p2b: Charizard|[spread] p2b\n|-activate|p2a: Ninetales|move: Protect\n|-damage|p2b: Charizard|49/100\n|-status|p2b: Charizard|frz\n|-curestatus|p2b: Charizard|frz|[from] move: Flare Blitz\n|move|p2b: Charizard|Flare Blitz|p1a: Rotom\n|-supereffective|p1a: Rotom|1\n|-damage|p1a: Rotom|4/100\n|-damage|p2b: Charizard|22/100|[from] Recoil\n|\n|-weather|Snowscape|[upkeep]\n|-damage|p1b: Sneasler|83/100 brn|[from] brn\n|upkeep\n|turn|5\n|\n|t:|1775997020\n|move|p2b: Charizard|Protect|p2b: Charizard\n|-singleturn|p2b: Charizard|Protect\n|move|p1b: Sneasler|Rock Slide|p2b: Charizard|[spread] p2a\n|-activate|p2b: Charizard|move: Protect\n|-supereffective|p2a: Ninetales|1\n|-damage|p2a: Ninetales|0 fnt\n|faint|p2a: Ninetales\n|move|p1a: Rotom|Blizzard|p2b: Charizard\n|-activate|p2b: Charizard|move: Protect\n|\n|-weather|Snowscape|[upkeep]\n|-damage|p1b: Sneasler|78/100 brn|[from] brn\n|-sideend|p1: Hongtao7|move: Tailwind\n|upkeep\n|\n|t:|1775997027\n|switch|p2a: Rotom|Rotom-Wash, L50|50/100\n|turn|6\n|\n|t:|1775997034\n|switch|p2b: Kingambit|Kingambit, L50, F|92/100\n|move|p1b: Sneasler|Close Combat|p2a: Rotom\n|-damage|p2a: Rotom|13/100\n|-unboost|p1b: Sneasler|def|1\n|-unboost|p1b: Sneasler|spd|1\n|move|p1a: Rotom|Blizzard|p2b: Kingambit|[spread] p2a,p2b\n|-resisted|p2a: Rotom|1\n|-resisted|p2b: Kingambit|1\n|-damage|p2a: Rotom|0 fnt\n|-damage|p2b: Kingambit|77/100\n|faint|p2a: Rotom\n|\n|-weather|Snowscape|[upkeep]\n|-damage|p1b: Sneasler|72/100 brn|[from] brn\n|upkeep\n|\n|t:|1775997041\n|switch|p2a: Charizard|Charizard-Mega-X, L50, M|22/100\n|turn|7\n|\n|t:|1775997059\n|move|p2b: Kingambit|Sucker Punch|p1a: Rotom\n|-damage|p1a: Rotom|0 fnt\n|faint|p1a: Rotom\n|move|p1b: Sneasler|Close Combat|p2b: Kingambit\n|-supereffective|p2b: Kingambit|2\n|-enditem|p2b: Kingambit|Chople Berry|[eat]\n|-enditem|p2b: Kingambit|Chople Berry|[weaken]\n|-damage|p2b: Kingambit|27/100\n|-unboost|p1b: Sneasler|def|1\n|-unboost|p1b: Sneasler|spd|1\n|move|p2a: Charizard|Dragon Dance|p2a: Charizard\n|-boost|p2a: Charizard|atk|1\n|-boost|p2a: Charizard|spe|1\n|\n|-weather|none\n|-damage|p1b: Sneasler|66/100 brn|[from] brn\n|upkeep\n|\n|t:|1775997062\n|switch|p1a: Floette|Floette-Eternal, L50, F|100/100\n|turn|8\n|\n|t:|1775997072\n|detailschange|p1a: Floette|Floette-Mega, L50, F\n|-mega|p1a: Floette|Floette|Floettite\n|-ability|p1a: Floette|Fairy Aura\n|move|p2b: Kingambit|Sucker Punch|p1b: Sneasler\n|-resisted|p1b: Sneasler|1\n|-damage|p1b: Sneasler|0 fnt\n|faint|p1b: Sneasler\n|move|p2a: Charizard|Flare Blitz|p1a: Floette\n|-damage|p1a: Floette|0 fnt\n|faint|p1a: Floette\n|-damage|p2a: Charizard|0 fnt|[from] Recoil\n|faint|p2a: Charizard\n|\n|win|soulo333\n|raw|Hongtao7's rating: 1258 &rarr; <strong>1231</strong><br />(-27 for losing)\n|raw|soulo333's rating: 1232 &rarr; <strong>1259</strong><br />(+27 for winning)\n",
  "uploadtime": 1775997073,
  "views": 28,
  "formatid": "gen9championsvgc2026regma",
  "rating": 1231,
  "private": 0,
  "password": null
}