{
  "id": "gen9championsvgc2026regma-2588436515",
  "format": "[Gen 9 Champions] VGC 2026 Reg M-A",
  "players": [
    "Ant7333",
    "Varicruxz"
  ],
  "log": "|j|\u2606Ant7333\n|j|\u2606Varicruxz\n|t:|1776633395\n|gametype|doubles\n|player|p1|Ant7333|265|1149\n|player|p2|Varicruxz|alder|1090\n|gen|9\n|tier|[Gen 9 Champions] VGC 2026 Reg M-A\n|rated|\n|rule|Species Clause: Limit one of each Pok\u00e9mon\n|rule|Item Clause: Limit 1 of each item\n|clearpoke\n|poke|p1|Kingambit, L50, F|\n|poke|p1|Floette-Eternal, L50, F|\n|poke|p1|Golurk, L50|\n|poke|p1|Pelipper, L50, F|\n|poke|p1|Sinistcha, L50|\n|poke|p1|Sneasler, L50, F|\n|poke|p2|Gengar, L50, F|\n|poke|p2|Aggron, L50, M|\n|poke|p2|Azumarill, L50, M|\n|poke|p2|Incineroar, L50, M|\n|poke|p2|Kommo-o, L50, F|\n|poke|p2|Sinistcha, L50|\n|teampreview|4\n|\n|t:|1776633453\n|teamsize|p1|4\n|teamsize|p2|4\n|start\n|switch|p1a: Sinistcha|Sinistcha, L50|100/100\n|switch|p1b: Golurk|Golurk, L50|100/100\n|switch|p2a: Gengar|Gengar, L50, F|100/100\n|switch|p2b: Incineroar|Incineroar, L50, M|100/100\n|-ability|p2b: Incineroar|Intimidate|boost\n|-unboost|p1a: Sinistcha|atk|1\n|-unboost|p1b: Golurk|atk|1\n|turn|1\n|\n|t:|1776633475\n|switch|p1b: Kingambit|Kingambit, L50, F|100/100\n|detailschange|p2a: Gengar|Gengar-Mega, L50, F\n|-mega|p2a: Gengar|Gengar|Gengarite\n|move|p2a: Gengar|Shadow Ball|p1b: Kingambit\n|-resisted|p1b: Kingambit|1\n|-damage|p1b: Kingambit|70/100\n|move|p2b: Incineroar|Flare Blitz|p1a: Sinistcha\n|-supereffective|p1a: Sinistcha|1\n|-damage|p1a: Sinistcha|13/100\n|-damage|p2b: Incineroar|75/100|[from] Recoil\n|move|p1a: Sinistcha|Trick Room|p1a: Sinistcha\n|-fieldstart|move: Trick Room|[of] p1a: Sinistcha\n|\n|upkeep\n|turn|2\n|\n|t:|1776633501\n|switch|p2a: Azumarill|Azumarill, L50, M|100/100\n|move|p1b: Kingambit|Kowtow Cleave|p2a: Azumarill\n|-resisted|p2a: Azumarill|1\n|-damage|p2a: Azumarill|68/100\n|move|p2b: Incineroar|Flare Blitz|p1b: Kingambit\n|-supereffective|p1b: Kingambit|1\n|-damage|p1b: Kingambit|6/100\n|-status|p1b: Kingambit|brn\n|-damage|p2b: Incineroar|56/100|[from] Recoil\n|move|p1a: Sinistcha|Life Dew|p1a: Sinistcha|[spread] p1a,p1b\n|-heal|p1a: Sinistcha|38/100\n|-heal|p1b: Kingambit|30/100 brn\n|\n|-damage|p1b: Kingambit|24/100 brn|[from] brn\n|upkeep\n|turn|3\n|\n|t:|1776633534\n|move|p1b: Kingambit|Iron Head|p2a: Azumarill\n|-damage|p2a: Azumarill|44/100\n|-enditem|p2a: Azumarill|Sitrus Berry|[eat]\n|-heal|p2a: Azumarill|69/100|[from] item: Sitrus Berry\n|move|p2a: Azumarill|Knock Off|p1a: Sinistcha\n|-supereffective|p1a: Sinistcha|1\n|-enditem|p1a: Sinistcha|Colbur Berry|[eat]\n|-enditem|p1a: Sinistcha|Colbur Berry|[weaken]\n|-damage|p1a: Sinistcha|0 fnt\n|faint|p1a: Sinistcha\n|move|p2b: Incineroar|Flare Blitz|p1b: Kingambit\n|-supereffective|p1b: Kingambit|1\n|-crit|p1b: Kingambit\n|-damage|p1b: Kingambit|0 fnt\n|faint|p1b: Kingambit\n|-damage|p2b: Incineroar|50/100|[from] Recoil\n|\n|upkeep\n|\n|t:|1776633548\n|switch|p1b: Floette|Floette-Eternal, L50, F|100/100\n|switch|p1a: Golurk|Golurk, L50|100/100\n|turn|4\n|\n|t:|1776633578\n|move|p1a: Golurk|Protect|p1a: Golurk\n|-singleturn|p1a: Golurk|Protect\n|move|p2a: Azumarill|Knock Off|p1a: Golurk\n|-activate|p1a: Golurk|move: Protect\n|move|p2b: Incineroar|Parting Shot|p1b: Floette\n|-unboost|p1b: Floette|atk|1\n|-unboost|p1b: Floette|spa|1\n|\n|t:|1776633586\n|switch|p2b: Gengar|Gengar-Mega, L50, F|100/100|[from] Parting Shot\n|move|p1b: Floette|Dazzling Gleam|p2a: Azumarill|[spread] p2a,p2b\n|-resisted|p2b: Gengar|1\n|-damage|p2a: Azumarill|46/100\n|-damage|p2b: Gengar|85/100\n|\n|upkeep\n|turn|5\n|\n|t:|1776633606\n|move|p2b: Gengar|Protect|p2b: Gengar\n|-singleturn|p2b: Gengar|Protect\n|move|p1a: Golurk|Poltergeist|p2b: Gengar\n|-activate|p2b: Gengar|move: Protect\n|move|p2a: Azumarill|Knock Off|p1a: Golurk\n|-supereffective|p1a: Golurk|1\n|-damage|p1a: Golurk|37/100\n|move|p1b: Floette|Calm Mind|p1b: Floette\n|-boost|p1b: Floette|spa|1\n|-boost|p1b: Floette|spd|1\n|\n|-fieldend|move: Trick Room\n|upkeep\n|turn|6\n|\n|t:|1776633621\n|detailschange|p1b: Floette|Floette-Mega, L50, F\n|-mega|p1b: Floette|Floette|Floettite\n|-ability|p1b: Floette|Fairy Aura\n|move|p1a: Golurk|Protect|p1a: Golurk\n|-singleturn|p1a: Golurk|Protect\n|move|p2b: Gengar|Sludge Bomb|p1b: Floette\n|-supereffective|p1b: Floette|1\n|-damage|p1b: Floette|43/100\n|move|p1b: Floette|Dazzling Gleam|p2a: Azumarill|[spread] p2a,p2b\n|-resisted|p2b: Gengar|1\n|-damage|p2a: Azumarill|0 fnt\n|-damage|p2b: Gengar|52/100\n|faint|p2a: Azumarill\n|\n|upkeep\n|\n|t:|1776633632\n|switch|p2a: Kommo-o|Kommo-o, L50, F|100/100\n|turn|7\n|\n|t:|1776633651\n|move|p1b: Floette|Protect|p1b: Floette\n|-singleturn|p1b: Floette|Protect\n|move|p2b: Gengar|Sludge Bomb|p1b: Floette\n|-activate|p1b: Floette|move: Protect\n|move|p2a: Kommo-o|Clanging Scales|p1b: Floette|[spread] p1a\n|-activate|p1b: Floette|move: Protect\n|-damage|p1a: Golurk|0 fnt\n|faint|p1a: Golurk\n|-unboost|p2a: Kommo-o|def|1\n|\n|upkeep\n|turn|8\n|-message|Ant7333 forfeited.\n|\n|win|Varicruxz\n|raw|Ant7333's rating: 1149 &rarr; <strong>1120</strong><br />(-29 for losing)\n|raw|Varicruxz's rating: 1090 &rarr; <strong>1121</strong><br />(+31 for winning)\n|l|\u2606Ant7333\n|player|p1|\n",
  "uploadtime": 1776633666,
  "views": 22,
  "formatid": "gen9championsvgc2026regma",
  "rating": 1120,
  "private": 0,
  "password": null
}