{
  "id": "gen9championsvgc2026regma-2583662394",
  "format": "[Gen 9 Champions] VGC 2026 Reg M-A",
  "players": [
    "Zordor",
    "test for tour v15"
  ],
  "log": "|j|\u2606Zordor\n|j|\u2606test for tour v15\n|html|<table width=\"100%\"><tr><td align=\"left\">Zordor</td><td align=\"right\">test for tour v15</tr><tr><td align=\"left\"><i class=\"fa fa-circle\"></i> <i class=\"fa fa-circle-o\"></i> </td><td align=\"right\"><i class=\"fa fa-circle-o\"></i> <i class=\"fa fa-circle\"></i> </tr></table>\n|uhtml|bestof|<h2><strong>Game 3</strong> of <a href=\"/game-bestof3-gen9championsvgc2026regma-2583654721\">a best-of-3</a></h2>\n|t:|1776189522\n|gametype|doubles\n|player|p1|Zordor|pilot|\n|player|p2|test for tour v15|miku-flying|\n|gen|9\n|tier|[Gen 9 Champions] VGC 2026 Reg M-A\n|rated|Tournament battle\n|rule|Species Clause: Limit one of each Pok\u00e9mon\n|rule|Item Clause: Limit 1 of each item\n|raw|<div class=\"infobox\"><details class=\"readmore\" open><summary><strong>2 custom rules:</strong></summary> Force Open Team Sheets, Best of = 3</details></div>\n|clearpoke\n|poke|p1|Rotom-Wash, L50|\n|poke|p1|Sneasler, L50, M|\n|poke|p1|Kingambit, L50, F|\n|poke|p1|Altaria, L50, F|\n|poke|p1|Arcanine, L50, M|\n|poke|p1|Farigiraf, L50, F|\n|poke|p2|Gardevoir, L50, M|\n|poke|p2|Aegislash, L50, F|\n|poke|p2|Incineroar, L50, M|\n|poke|p2|Vivillon-Garden, L50, M|\n|poke|p2|Sneasler, L50, M|\n|poke|p2|Hydreigon, L50, F|\n|teampreview|4\n|showteam|p1|Rotom-Wash||SitrusBerry|Levitate|HydroPump,Thunderbolt,WillOWisp,Protect||||||50|]Sneasler||FocusSash|Unburden|DireClaw,CloseCombat,RockTomb,Protect|||M|||50|]Kingambit||ChopleBerry|Defiant|KowtowCleave,IronHead,SuckerPunch,Protect|||F|||50|]Altaria||Altarianite|CloudNine|HyperVoice,DragonPulse,Flamethrower,Protect|||F|||50|]Arcanine||Leftovers|Intimidate|FlareBlitz,PsychicFangs,ExtremeSpeed,Protect|||M|||50|]Farigiraf||ColburBerry|ArmorTail|Psychic,HyperVoice,HelpingHand,TrickRoom|||F|||50|\n|showteam|p2|Gardevoir||Gardevoirite|Trace|Psychic,HyperVoice,CalmMind,Protect|||M|||50|]Aegislash||MentalHerb|StanceChange|IronHead,Poltergeist,SacredSword,KingsShield|||F|||50|]Incineroar||SitrusBerry|Intimidate|FlareBlitz,Snarl,PartingShot,FakeOut|||M|||50|]Vivillon-Garden||FocusSash|CompoundEyes|SleepPowder,RagePowder,Hurricane,Protect|||M|||50|]Sneasler||WhiteHerb|Pressure|CloseCombat,DireClaw,RockSlide,FakeOut|||M|||50|]Hydreigon||LumBerry|Levitate|DracoMeteor,Tailwind,Protect,DarkPulse|||F|||50|\ntest for tour v15 has agreed to open team sheets.\n|inactive|Battle timer is ON: inactive players will automatically lose when time's up. (requested by test for tour v15)\n|inactive|Zordor has 60 seconds left.\n|\n|t:|1776189566\n|teamsize|p1|4\n|teamsize|p2|4\n|start\n|switch|p1a: Sneasler|Sneasler, L50, M|100/100\n|switch|p1b: Kingambit|Kingambit, L50, F|100/100\n|switch|p2a: Vivillon|Vivillon-Garden, L50, M|100/100\n|switch|p2b: Hydreigon|Hydreigon, L50, F|100/100\n|turn|1\n|\n|t:|1776189580\n|move|p2b: Hydreigon|Protect|p2b: Hydreigon\n|-singleturn|p2b: Hydreigon|Protect\n|move|p1a: Sneasler|Rock Tomb|p2a: Vivillon\n|-supereffective|p2a: Vivillon|2\n|-enditem|p2a: Vivillon|Focus Sash\n|-damage|p2a: Vivillon|1/100\n|-unboost|p2a: Vivillon|spe|1\n|move|p2a: Vivillon|Sleep Powder|p1a: Sneasler\n|-status|p1a: Sneasler|slp|[from] move: Sleep Powder\n|move|p1b: Kingambit|Iron Head|p2b: Hydreigon\n|-activate|p2b: Hydreigon|move: Protect\n|\n|upkeep\n|turn|2\n|\n|t:|1776189597\n|cant|p1a: Sneasler|slp\n|move|p2b: Hydreigon|Tailwind|p2b: Hydreigon\n|-sidestart|p2: test for tour v15|move: Tailwind\n|move|p2a: Vivillon|Sleep Powder|p1b: Kingambit\n|-status|p1b: Kingambit|slp|[from] move: Sleep Powder\n|cant|p1b: Kingambit|slp\n|\n|upkeep\n|turn|3\n|\n|t:|1776189620\n|switch|p2a: Incineroar|Incineroar, L50, M|100/100\n|-ability|p2a: Incineroar|Intimidate|boost\n|-unboost|p1a: Sneasler|atk|1\n|-unboost|p1b: Kingambit|atk|1\n|-ability|p1b: Kingambit|Defiant|boost\n|-boost|p1b: Kingambit|atk|2\n|cant|p1b: Kingambit|slp\n|move|p2b: Hydreigon|Draco Meteor|p1a: Sneasler\n|-damage|p1a: Sneasler|19/100 slp\n|-unboost|p2b: Hydreigon|spa|2\n|cant|p1a: Sneasler|slp\n|\n|upkeep\n|turn|4\n|inactive|Zordor has 30 seconds left.\n|inactive|Zordor has 20 seconds left.\n|\n|t:|1776189656\n|switch|p1a: Farigiraf|Farigiraf, L50, F|100/100\n|move|p2b: Hydreigon|Dark Pulse|p1a: Farigiraf\n|-supereffective|p1a: Farigiraf|1\n|-enditem|p1a: Farigiraf|Colbur Berry|[eat]\n|-enditem|p1a: Farigiraf|Colbur Berry|[weaken]\n|-damage|p1a: Farigiraf|79/100\n|move|p2a: Incineroar|Flare Blitz|p1b: Kingambit\n|-supereffective|p1b: Kingambit|1\n|-damage|p1b: Kingambit|39/100 slp\n|-damage|p2a: Incineroar|80/100|[from] Recoil\n|-curestatus|p1b: Kingambit|slp|[msg]\n|move|p1b: Kingambit|Kowtow Cleave|p2a: Incineroar\n|-resisted|p2a: Incineroar|1\n|-damage|p2a: Incineroar|53/100\n|\n|upkeep\n|turn|5\n|\n|t:|1776189669\n|switch|p2b: Vivillon|Vivillon-Garden, L50, M|1/100\n|move|p1b: Kingambit|Protect|p1b: Kingambit\n|-singleturn|p1b: Kingambit|Protect\n|move|p2a: Incineroar|Flare Blitz|p1b: Kingambit\n|-activate|p1b: Kingambit|move: Protect\n|move|p1a: Farigiraf|Trick Room|p1a: Farigiraf\n|-fieldstart|move: Trick Room|[of] p1a: Farigiraf\n|\n|-sideend|p2: test for tour v15|move: Tailwind\n|upkeep\n|turn|6\n|\n|t:|1776189683\n|move|p2b: Vivillon|Rage Powder|p2b: Vivillon\n|-singleturn|p2b: Vivillon|move: Rage Powder\n|move|p1b: Kingambit|Kowtow Cleave|p2b: Vivillon\n|-damage|p2b: Vivillon|0 fnt\n|faint|p2b: Vivillon\n|move|p1a: Farigiraf|Hyper Voice|p2a: Incineroar\n|-damage|p2a: Incineroar|20/100\n|-enditem|p2a: Incineroar|Sitrus Berry|[eat]\n|-heal|p2a: Incineroar|45/100|[from] item: Sitrus Berry\n|move|p2a: Incineroar|Flare Blitz|p1b: Kingambit\n|-supereffective|p1b: Kingambit|1\n|-damage|p1b: Kingambit|0 fnt\n|faint|p1b: Kingambit\n|-damage|p2a: Incineroar|32/100|[from] Recoil\n|\n|upkeep\n|\n|t:|1776189703\n|switch|p1b: Arcanine|Arcanine, L50, M|100/100\n|switch|p2b: Sneasler|Sneasler, L50, M|100/100\n|-ability|p1b: Arcanine|Intimidate|boost\n|-unboost|p2a: Incineroar|atk|1\n|-unboost|p2b: Sneasler|atk|1\n|-ability|p2b: Sneasler|Pressure\n|-enditem|p2b: Sneasler|White Herb\n|-clearnegativeboost|p2b: Sneasler|[silent]\n|turn|7\n|\n|t:|1776189727\n|move|p1a: Farigiraf|Hyper Voice|p2b: Sneasler|[spread] p2a,p2b\n|-damage|p2a: Incineroar|8/100\n|-damage|p2b: Sneasler|58/100\n|move|p2a: Incineroar|Parting Shot|p1b: Arcanine\n|-unboost|p1b: Arcanine|atk|1\n|-unboost|p1b: Arcanine|spa|1\n|\n|t:|1776189733\n|switch|p2a: Hydreigon|Hydreigon, L50, F|100/100|[from] Parting Shot\n|move|p1b: Arcanine|Flare Blitz|p2b: Sneasler\n|-damage|p2b: Sneasler|0 fnt\n|faint|p2b: Sneasler\n|-damage|p1b: Arcanine|85/100|[from] Recoil\n|\n|-heal|p1b: Arcanine|91/100|[from] item: Leftovers\n|upkeep\n|\n|t:|1776189739\n|switch|p2b: Incineroar|Incineroar, L50, M|8/100\n|-ability|p2b: Incineroar|Intimidate|boost\n|-unboost|p1a: Farigiraf|atk|1\n|-unboost|p1b: Arcanine|atk|1\n|turn|8\n|\n|t:|1776189763\n|move|p1b: Arcanine|Extreme Speed|p2b: Incineroar\n|-damage|p2b: Incineroar|0 fnt\n|faint|p2b: Incineroar\n|move|p1a: Farigiraf|Hyper Voice|p2a: Hydreigon\n|-damage|p2a: Hydreigon|58/100\n|move|p2a: Hydreigon|Dark Pulse|p1b: Arcanine\n|-damage|p1b: Arcanine|46/100\n|\n|-heal|p1b: Arcanine|52/100|[from] item: Leftovers\n|upkeep\n|turn|9\n|\n|t:|1776189775\n|switch|p1b: Sneasler|Sneasler, L50, M|19/100 slp\n|move|p2a: Hydreigon|Protect|p2a: Hydreigon\n|-singleturn|p2a: Hydreigon|Protect\n|move|p1a: Farigiraf|Hyper Voice|p2a: Hydreigon\n|-activate|p2a: Hydreigon|move: Protect\n|\n|-fieldend|move: Trick Room\n|upkeep\n|turn|10\n|\n|t:|1776189785\n|-curestatus|p1b: Sneasler|slp|[msg]\n|move|p1b: Sneasler|Close Combat|p2a: Hydreigon\n|-supereffective|p2a: Hydreigon|1\n|-damage|p2a: Hydreigon|0 fnt\n|-unboost|p1b: Sneasler|def|1\n|-unboost|p1b: Sneasler|spd|1\n|faint|p2a: Hydreigon\n|\n|win|Zordor\n|l|\u2606test for tour v15\n|player|p2|\n",
  "uploadtime": 1776189798,
  "views": 22,
  "formatid": "gen9championsvgc2026regma",
  "rating": null,
  "private": 0,
  "password": null
}