{
  "id": "gen9championsvgc2026regma-2585933342",
  "format": "[Gen 9 Champions] VGC 2026 Reg M-A",
  "players": [
    "theyoler",
    "XcRunner"
  ],
  "log": "|j|\u2606theyoler\n|j|\u2606XcRunner\n|t:|1776382747\n|gametype|doubles\n|player|p1|theyoler|lucas|1331\n|player|p2|XcRunner|ethan|1340\n|gen|9\n|tier|[Gen 9 Champions] VGC 2026 Reg M-A\n|rated|\n|rule|Species Clause: Limit one of each Pok\u00e9mon\n|rule|Item Clause: Limit 1 of each item\n|clearpoke\n|poke|p1|Kingambit, L50, F|\n|poke|p1|Dragonite, L50, F|\n|poke|p1|Sneasler, L50, F|\n|poke|p1|Incineroar, L50, F|\n|poke|p1|Venusaur, L50, M|\n|poke|p1|Basculegion, L50, M|\n|poke|p2|Floette-Eternal, L50, F|\n|poke|p2|Garchomp, L50, M|\n|poke|p2|Talonflame, L50, F|\n|poke|p2|Rotom-Wash, L50|\n|poke|p2|Sableye, L50, M|\n|poke|p2|Glimmora, L50, M|\n|teampreview|4\nXcRunner rejected open team sheets.\n|inactive|Battle timer is ON: inactive players will automatically lose when time's up. (requested by XcRunner)\n|inactive|XcRunner has 60 seconds left.\n|\n|t:|1776382788\n|teamsize|p1|4\n|teamsize|p2|4\n|start\n|switch|p1a: Basculegion|Basculegion, L50, M|100/100\n|switch|p1b: Sneasler|Sneasler, L50, F|100/100\n|switch|p2a: Sableye|Sableye, L50, M|100/100\n|switch|p2b: Talonflame|Talonflame, L50, F|100/100\n|turn|1\n|\n|t:|1776382810\n|move|p2b: Talonflame|Protect|p2b: Talonflame\n|-singleturn|p2b: Talonflame|Protect\n|move|p1b: Sneasler|Protect|p1b: Sneasler\n|-singleturn|p1b: Sneasler|Protect\n|move|p2a: Sableye|Will-O-Wisp|p1a: Basculegion\n|-status|p1a: Basculegion|brn\n|move|p1a: Basculegion|Wave Crash|p2b: Talonflame\n|-activate|p2b: Talonflame|move: Protect\n|\n|-damage|p1a: Basculegion|94/100 brn|[from] brn\n|upkeep\n|turn|2\n|\n|t:|1776382827\n|move|p2b: Talonflame|Acrobatics|p1b: Sneasler\n|-supereffective|p1b: Sneasler|1\n|-enditem|p1b: Sneasler|Focus Sash\n|-damage|p1b: Sneasler|1/100\n|move|p2a: Sableye|Disable|p1a: Basculegion\n|-start|p1a: Basculegion|Disable|Wave Crash\n|move|p1b: Sneasler|Rock Tomb|p2b: Talonflame\n|-supereffective|p2b: Talonflame|2\n|-damage|p2b: Talonflame|0 fnt\n|faint|p2b: Talonflame\n|cant|p1a: Basculegion|Disable|Wave Crash\n|\n|-damage|p1a: Basculegion|88/100 brn|[from] brn\n|upkeep\n|\n|t:|1776382846\n|switch|p2b: Floette|Floette-Eternal, L50, F|100/100\n|turn|3\n|\n|t:|1776382863\n|switch|p1a: Kingambit|Kingambit, L50, F|100/100\n|detailschange|p2b: Floette|Floette-Mega, L50, F\n|-mega|p2b: Floette|Floette|Floettite\n|-ability|p2b: Floette|Fairy Aura\n|move|p1b: Sneasler|Protect|p1b: Sneasler\n|-singleturn|p1b: Sneasler|Protect\n|move|p2b: Floette|Protect|p2b: Floette\n|-singleturn|p2b: Floette|Protect\n|move|p2a: Sableye|Will-O-Wisp|p1b: Sneasler\n|-activate|p1b: Sneasler|move: Protect\n|\n|upkeep\n|turn|4\n|\n|t:|1776382883\n|move|p1a: Kingambit|Sucker Punch|p2b: Floette\n|-resisted|p2b: Floette|1\n|-damage|p2b: Floette|73/100\n|move|p2a: Sableye|Encore|p1b: Sneasler\n|-start|p1b: Sneasler|Encore\n|move|p1b: Sneasler|Protect||[still]\n|-fail|p1b: Sneasler\n|move|p2b: Floette|Light of Ruin|p1a: Kingambit\n|-damage|p1a: Kingambit|0 fnt\n|faint|p1a: Kingambit\n|-damage|p2b: Floette|4/100|[from] Recoil\n|\n|upkeep\n|\n|t:|1776382902\n|switch|p1a: Basculegion|Basculegion, L50, M|88/100 brn\n|turn|5\n|\n|t:|1776382910\n|move|p2a: Sableye|Protect|p2a: Sableye\n|-singleturn|p2a: Sableye|Protect\n|move|p1b: Sneasler|Protect|p1b: Sneasler\n|-singleturn|p1b: Sneasler|Protect\n|move|p2b: Floette|Protect|p2b: Floette\n|-singleturn|p2b: Floette|Protect\n|move|p1a: Basculegion|Aqua Jet|p2b: Floette\n|-activate|p2b: Floette|move: Protect\n|\n|-damage|p1a: Basculegion|82/100 brn|[from] brn\n|upkeep\n|turn|6\n|\n|t:|1776382928\n|switch|p1b: Dragonite|Dragonite, L50, F|100/100\n|switch|p2b: Garchomp|Garchomp, L50, M|100/100\n|move|p1a: Basculegion|Aqua Jet|p2b: Garchomp\n|-damage|p2b: Garchomp|87/100\n|-damage|p1a: Basculegion|70/100 brn|[from] ability: Rough Skin|[of] p2b: Garchomp\n|move|p2a: Sableye|Will-O-Wisp|p1b: Dragonite\n|-status|p1b: Dragonite|brn\n|\n|-damage|p1a: Basculegion|64/100 brn|[from] brn\n|-damage|p1b: Dragonite|94/100 brn|[from] brn\n|upkeep\n|turn|7\n|\n|t:|1776382950\n|switch|p1a: Sneasler|Sneasler, L50, F|1/100\n|detailschange|p1b: Dragonite|Dragonite-Mega, L50, F\n|-mega|p1b: Dragonite|Dragonite|Dragoninite\n|move|p2a: Sableye|Protect|p2a: Sableye\n|-singleturn|p2a: Sableye|Protect\n|move|p2b: Garchomp|Rock Slide|p1a: Sneasler|[spread] p1a,p1b\n|-resisted|p1a: Sneasler|1\n|-supereffective|p1b: Dragonite|1\n|-damage|p1a: Sneasler|0 fnt\n|-damage|p1b: Dragonite|60/100 brn\n|faint|p1a: Sneasler\n|move|p1b: Dragonite|Dragon Pulse|p2b: Garchomp\n|-supereffective|p2b: Garchomp|1\n|-damage|p2b: Garchomp|0 fnt\n|faint|p2b: Garchomp\n|\n|-damage|p1b: Dragonite|54/100 brn|[from] brn\n|upkeep\n|\n|t:|1776382967\n|switch|p1a: Basculegion|Basculegion, L50, M|64/100 brn\n|switch|p2b: Floette|Floette-Mega, L50, F|4/100\n|-ability|p2b: Floette|Fairy Aura\n|turn|8\n|\n|t:|1776382978\n|move|p1b: Dragonite|Protect|p1b: Dragonite\n|-singleturn|p1b: Dragonite|Protect\n|move|p1a: Basculegion|Aqua Jet|p2b: Floette\n|-damage|p2b: Floette|0 fnt\n|faint|p2b: Floette\n|move|p2a: Sableye|Disable|p1b: Dragonite\n|-activate|p1b: Dragonite|move: Protect\n|\n|-damage|p1a: Basculegion|57/100 brn|[from] brn\n|-damage|p1b: Dragonite|48/100 brn|[from] brn\n|upkeep\n|turn|9\n|\n|t:|1776382992\n|move|p1a: Basculegion|Aqua Jet|p2a: Sableye\n|-damage|p2a: Sableye|83/100\n|move|p2a: Sableye|Encore|p1b: Dragonite\n|-start|p1b: Dragonite|Encore\n|move|p1b: Dragonite|Protect||[still]\n|-fail|p1b: Dragonite\n|\n|-damage|p1a: Basculegion|51/100 brn|[from] brn\n|-damage|p1b: Dragonite|42/100 brn|[from] brn\n|upkeep\n|turn|10\n|\n|t:|1776383003\n|move|p1b: Dragonite|Protect|p1b: Dragonite\n|-singleturn|p1b: Dragonite|Protect\n|move|p1a: Basculegion|Aqua Jet|p2a: Sableye\n|-damage|p2a: Sableye|67/100\n|move|p2a: Sableye|Disable|p1a: Basculegion\n|-start|p1a: Basculegion|Disable|Aqua Jet\n|\n|-damage|p1a: Basculegion|45/100 brn|[from] brn\n|-damage|p1b: Dragonite|36/100 brn|[from] brn\n|upkeep\n|turn|11\n|\n|t:|1776383018\n|move|p1b: Dragonite|Protect||[still]\n|-fail|p1b: Dragonite\n|move|p2a: Sableye|Disable|p1b: Dragonite\n|-start|p1b: Dragonite|Disable|Protect\n|-activate|p1a: Basculegion|move: Struggle\n|move|p1a: Basculegion|Struggle|p2a: Sableye\n|-damage|p2a: Sableye|57/100\n|-damage|p1a: Basculegion|20/100 brn|[from] recoil\n|\n|-damage|p1a: Basculegion|14/100 brn|[from] brn\n|-damage|p1b: Dragonite|30/100 brn|[from] brn\n|-end|p1b: Dragonite|Encore\n|upkeep\n|turn|12\n|\n|t:|1776383033\n|move|p2a: Sableye|Encore|p1b: Dragonite\n|-start|p1b: Dragonite|Encore\n|cant|p1b: Dragonite|Disable|Protect\n|-activate|p1a: Basculegion|move: Struggle\n|move|p1a: Basculegion|Struggle|p2a: Sableye\n|-damage|p2a: Sableye|47/100\n|-damage|p1a: Basculegion|0 fnt|[from] recoil\n|faint|p1a: Basculegion\n|\n|-damage|p1b: Dragonite|24/100 brn|[from] brn\n|upkeep\n|turn|13\n|\n|t:|1776383043\n|move|p2a: Sableye|Protect|p2a: Sableye\n|-singleturn|p2a: Sableye|Protect\n|-activate|p1b: Dragonite|move: Struggle\n|move|p1b: Dragonite|Struggle|p2a: Sableye\n|-activate|p2a: Sableye|move: Protect\n|\n|-damage|p1b: Dragonite|18/100 brn|[from] brn\n|upkeep\n|turn|14\n|\n|t:|1776383051\n|move|p2a: Sableye|Encore||[still]\n|-fail|p2a: Sableye\n|-activate|p1b: Dragonite|move: Struggle\n|move|p1b: Dragonite|Struggle|p2a: Sableye\n|-damage|p2a: Sableye|39/100\n|-damage|p1b: Dragonite|0 fnt|[from] recoil\n|faint|p1b: Dragonite\n|\n|win|XcRunner\n|raw|theyoler's rating: 1331 &rarr; <strong>1312</strong><br />(-19 for losing)\n|raw|XcRunner's rating: 1340 &rarr; <strong>1359</strong><br />(+19 for winning)\n|l|\u2606theyoler\n|player|p1|\n",
  "uploadtime": 1776383059,
  "views": 45,
  "formatid": "gen9championsvgc2026regma",
  "rating": 1312,
  "private": 0,
  "password": null
}