{
  "id": "gen9championsvgc2026regma-2581637740",
  "format": "[Gen 9 Champions] VGC 2026 Reg M-A",
  "players": [
    "fewofiwjwg",
    "CeladonBlue"
  ],
  "log": "|j|\u203dfewofiwjwg\n|j|\u2606CeladonBlue\n|t:|1776017018\n|gametype|doubles\n|player|p1|fewofiwjwg|266|1081\n|player|p2|CeladonBlue|harlequin|1000\n|gen|9\n|tier|[Gen 9 Champions] VGC 2026 Reg M-A\n|rated|\n|rule|Species Clause: Limit one of each Pok\u00e9mon\n|rule|Item Clause: Limit 1 of each item\n|clearpoke\n|poke|p1|Abomasnow, L50, M|\n|poke|p1|Oranguru, L50, M|\n|poke|p1|Maushold, L50|\n|poke|p1|Floette-Eternal, L50, F|\n|poke|p1|Talonflame, L50, F|\n|poke|p1|Camerupt, L50, M|\n|poke|p2|Tyranitar, L50, M|\n|poke|p2|Klefki, L50, F|\n|poke|p2|Conkeldurr, L50, F|\n|poke|p2|Floette-Eternal, L50, F|\n|poke|p2|Sneasler, L50, M|\n|poke|p2|Orthworm, L50, F|\n|teampreview|4\n|inactive|Battle timer is ON: inactive players will automatically lose when time's up. (requested by fewofiwjwg)\n|inactive|CeladonBlue has 60 seconds left.\n|\n|t:|1776017067\n|teamsize|p1|4\n|teamsize|p2|4\n|start\n|switch|p1a: Oranguru|Oranguru, L50, M|100/100\n|switch|p1b: Maushold|Maushold, L50|100/100\n|switch|p2a: Tyranitar|Tyranitar, L50, M, shiny|100/100\n|switch|p2b: Orthworm|Orthworm, L50, F, shiny|100/100\n|-weather|Sandstorm|[from] ability: Sand Stream|[of] p2a: Tyranitar\n|turn|1\n|\n|t:|1776017085\n|move|p1b: Maushold|Taunt|p2b: Orthworm\n|-start|p2b: Orthworm|move: Taunt\n|move|p2a: Tyranitar|Curse|p2a: Tyranitar\n|-unboost|p2a: Tyranitar|spe|1\n|-boost|p2a: Tyranitar|atk|1\n|-boost|p2a: Tyranitar|def|1\n|cant|p2b: Orthworm|move: Taunt|Shed Tail\n|move|p1a: Oranguru|Trick Room|p1a: Oranguru\n|-fieldstart|move: Trick Room|[of] p1a: Oranguru\n|\n|-weather|Sandstorm|[upkeep]\n|-damage|p1a: Oranguru|94/100|[from] Sandstorm\n|-damage|p1b: Maushold|94/100|[from] Sandstorm\n|upkeep\n|turn|2\n|\n|t:|1776017103\n|move|p2a: Tyranitar|Earthquake|p1a: Oranguru|[spread] p1a,p1b\n|-immune|p2b: Orthworm|[from] ability: Earth Eater\n|-damage|p1a: Oranguru|65/100\n|-damage|p1b: Maushold|34/100\n|move|p2b: Orthworm|Body Press|p1b: Maushold\n|-supereffective|p1b: Maushold|1\n|-enditem|p1b: Maushold|Chople Berry|[eat]\n|-enditem|p1b: Maushold|Chople Berry|[weaken]\n|-damage|p1b: Maushold|0 fnt\n|faint|p1b: Maushold\n|move|p1a: Oranguru|Reflect|p1a: Oranguru\n|-sidestart|p1: fewofiwjwg|Reflect\n|\n|-weather|Sandstorm|[upkeep]\n|-damage|p1a: Oranguru|59/100|[from] Sandstorm\n|upkeep\n|\n|t:|1776017117\n|switch|p1b: Floette|Floette-Eternal, L50, F|100/100\n|turn|3\n|\n|t:|1776017138\n|switch|p2b: Klefki|Klefki, L50, F|100/100\n|detailschange|p1b: Floette|Floette-Mega, L50, F\n|-mega|p1b: Floette|Floette|Floettite\n|-ability|p1b: Floette|Fairy Aura\n|move|p2a: Tyranitar|Protect|p2a: Tyranitar\n|-singleturn|p2a: Tyranitar|Protect\n|move|p1b: Floette|Dazzling Gleam|p2b: Klefki|[spread] p2b\n|-activate|p2a: Tyranitar|move: Protect\n|-resisted|p2b: Klefki|1\n|-damage|p2b: Klefki|75/100\n|move|p1a: Oranguru|Instruct|p1b: Floette\n|-singleturn|p1b: Floette|move: Instruct|[of] p1a: Oranguru\n|move|p1b: Floette|Dazzling Gleam|p2b: Klefki|[spread] p2b\n|-activate|p2a: Tyranitar|move: Protect\n|-resisted|p2b: Klefki|1\n|-crit|p2b: Klefki\n|-damage|p2b: Klefki|36/100\n|\n|-weather|Sandstorm|[upkeep]\n|-damage|p1b: Floette|94/100|[from] Sandstorm\n|-damage|p1a: Oranguru|53/100|[from] Sandstorm\n|upkeep\n|turn|4\n|inactive|CeladonBlue has 30 seconds left.\n|inactive|CeladonBlue has 20 seconds left.\n|inactive|CeladonBlue has 15 seconds left.\n|inactive|CeladonBlue has 10 seconds left.\n|inactive|CeladonBlue has 5 seconds left.\n|\n|t:|1776017189\n|move|p2a: Tyranitar|Protect|p2a: Tyranitar\n|-singleturn|p2a: Tyranitar|Protect\n|move|p2b: Klefki|Steel Beam|p1b: Floette\n|-supereffective|p1b: Floette|1\n|-damage|p1b: Floette|38/100\n|-damage|p2b: Klefki|0 fnt|[from] steelbeam\n|faint|p2b: Klefki\n|move|p1b: Floette|Dazzling Gleam|p2a: Tyranitar\n|-activate|p2a: Tyranitar|move: Protect\n|move|p1a: Oranguru|Instruct|p1b: Floette\n|-singleturn|p1b: Floette|move: Instruct|[of] p1a: Oranguru\n|move|p1b: Floette|Dazzling Gleam|p2a: Tyranitar\n|-activate|p2a: Tyranitar|move: Protect\n|\n|-weather|Sandstorm|[upkeep]\n|-damage|p1b: Floette|32/100|[from] Sandstorm\n|-damage|p1a: Oranguru|47/100|[from] Sandstorm\n|upkeep\n|inactive|CeladonBlue has 30 seconds left.\n|\n|t:|1776017217\n|switch|p2b: Orthworm|Orthworm, L50, F, shiny|100/100\n|turn|5\n|\n|t:|1776017230\n|move|p2a: Tyranitar|Earthquake|p1a: Oranguru|[spread] p1a,p1b\n|-immune|p2b: Orthworm|[from] ability: Earth Eater\n|-damage|p1a: Oranguru|21/100\n|-damage|p1b: Floette|2/100\n|move|p2b: Orthworm|Shed Tail|p2b: Orthworm\n|-start|p2b: Orthworm|Substitute|[from] move: Shed Tail\n|-damage|p2b: Orthworm|50/100\n|\n|t:|1776017235\n|switch|p2b: Floette|Floette-Eternal, L50, F, shiny|100/100|[from] Shed Tail\n|move|p1b: Floette|Draining Kiss|p2a: Tyranitar\n|-supereffective|p2a: Tyranitar|1\n|-damage|p2a: Tyranitar|43/100\n|-heal|p1b: Floette|46/100|[from] drain|[of] p2a: Tyranitar\n|move|p1a: Oranguru|Encore|p2a: Tyranitar\n|-start|p2a: Tyranitar|Encore\n|\n|-weather|none\n|-heal|p2a: Tyranitar|49/100|[from] item: Leftovers\n|-fieldend|move: Trick Room\n|upkeep\n|turn|6\n|\n|t:|1776017249\n|detailschange|p2b: Floette|Floette-Mega, L50, F, shiny\n|-mega|p2b: Floette|Floette|Floettite\n|-ability|p2b: Floette|Fairy Aura\n|move|p1b: Floette|Protect|p1b: Floette\n|-singleturn|p1b: Floette|Protect\n|move|p2b: Floette|Calm Mind|p2b: Floette\n|-boost|p2b: Floette|spa|1\n|-boost|p2b: Floette|spd|1\n|move|p2a: Tyranitar|Earthquake|p1a: Oranguru|[spread] p2b,p1a\n|-activate|p1b: Floette|move: Protect\n|-end|p2b: Floette|Substitute\n|-damage|p1a: Oranguru|0 fnt\n|faint|p1a: Oranguru\n|\n|-heal|p2a: Tyranitar|55/100|[from] item: Leftovers\n|-sideend|p1: fewofiwjwg|Reflect\n|upkeep\n|\n|t:|1776017252\n|switch|p1a: Camerupt|Camerupt, L50, M|100/100\n|turn|7\n|\n|t:|1776017272\n|move|p2b: Floette|Moonblast|p1b: Floette\n|-damage|p1b: Floette|0 fnt\n|faint|p1b: Floette\n|move|p2a: Tyranitar|Earthquake|p1a: Camerupt|[spread] p2b,p1a\n|-supereffective|p1a: Camerupt|1\n|-damage|p2b: Floette|61/100\n|-damage|p1a: Camerupt|17/100\n|move|p1a: Camerupt|Heat Wave|p2a: Tyranitar|[spread] p2a,p2b\n|-resisted|p2a: Tyranitar|1\n|-damage|p2a: Tyranitar|38/100\n|-damage|p2b: Floette|45/100\n|-status|p2b: Floette|brn\n|\n|-heal|p2a: Tyranitar|44/100|[from] item: Leftovers\n|-damage|p2b: Floette|39/100 brn|[from] brn\n|upkeep\n|turn|8\n|-message|fewofiwjwg forfeited.\n|\n|win|CeladonBlue\n|raw|fewofiwjwg's rating: 1081 &rarr; <strong>1054</strong><br />(-27 for losing)\n|raw|CeladonBlue's rating: 1000 &rarr; <strong>1049</strong><br />(+49 for winning)\n|l|\u203dfewofiwjwg\n|player|p1|\n",
  "uploadtime": 1776017285,
  "views": 16,
  "formatid": "gen9championsvgc2026regma",
  "rating": 1049,
  "private": 0,
  "password": null
}