{
  "id": "gen9championsvgc2026regma-2580584788",
  "format": "[Gen 9 Champions] VGC 2026 Reg M-A",
  "players": [
    "Mence",
    "LancelotFaberge"
  ],
  "log": "|j|\u2606Mence\n|j|\u2606LancelotFaberge\n|t:|1775915423\n|gametype|doubles\n|player|p1|Mence|1|\n|player|p2|LancelotFaberge|265|\n|gen|9\n|tier|[Gen 9 Champions] VGC 2026 Reg M-A\n|rule|Species Clause: Limit one of each Pok\u00e9mon\n|rule|Item Clause: Limit 1 of each item\n|clearpoke\n|poke|p1|Incineroar, L50, M|\n|poke|p1|Sinistcha, L50|\n|poke|p1|Archaludon, L50, M|\n|poke|p1|Pelipper, L50, M|\n|poke|p1|Basculegion, L50, M|\n|poke|p1|Gardevoir, L50, F|\n|poke|p2|Froslass, L50, F|\n|poke|p2|Rotom-Wash, L50|\n|poke|p2|Sneasler, L50, M|\n|poke|p2|Arcanine-Hisui, L50, M|\n|poke|p2|Glaceon, L50, F|\n|poke|p2|Garchomp, L50, F|\n|teampreview|4\n|\n|t:|1775915506\n|teamsize|p1|4\n|teamsize|p2|4\n|start\n|switch|p1a: Pelipper|Pelipper, L50, M|100/100\n|switch|p1b: Incineroar|Incineroar, L50, M, shiny|100/100\n|switch|p2a: Ross|Rotom-Wash, L50, shiny|100/100\n|switch|p2b: Skyler|Sneasler, L50, M|100/100\n|-weather|RainDance|[from] ability: Drizzle|[of] p1a: Pelipper\n|-ability|p1b: Incineroar|Intimidate|boost\n|-unboost|p2a: Ross|atk|1\n|-unboost|p2b: Skyler|atk|1\n|turn|1\n|\n|t:|1775915592\n|move|p2b: Skyler|Fake Out|p1b: Incineroar\n|-damage|p1b: Incineroar|92/100\n|cant|p1b: Incineroar|flinch\n|move|p1a: Pelipper|Tailwind|p1a: Pelipper\n|-sidestart|p1: Mence|move: Tailwind\n|move|p2a: Ross|Hydro Pump|p1b: Incineroar\n|-supereffective|p1b: Incineroar|1\n|-damage|p1b: Incineroar|0 fnt\n|faint|p1b: Incineroar\n|\n|-weather|RainDance|[upkeep]\n|upkeep\n|\n|t:|1775915629\n|switch|p1b: Geodon MK II|Archaludon, L50, M, shiny|100/100\n|turn|2\n|\n|t:|1775915669\n|move|p2a: Ross|Helping Hand|p2b: Skyler\n|-singleturn|p2b: Skyler|Helping Hand|[of] p2a: Ross\n|move|p1b: Geodon MK II|Electro Shot||[still]\n|-prepare|p1b: Geodon MK II|Electro Shot\n|-boost|p1b: Geodon MK II|spa|1\n|-anim|p1b: Geodon MK II|Electro Shot|p2a: Ross\n|-damage|p2a: Ross|21/100\n|-enditem|p2a: Ross|Sitrus Berry|[eat]\n|-heal|p2a: Ross|46/100|[from] item: Sitrus Berry\n|move|p1a: Pelipper|Hurricane|p2a: Ross\n|-resisted|p2a: Ross|1\n|-damage|p2a: Ross|19/100\n|-start|p2a: Ross|confusion\n|move|p2b: Skyler|Close Combat|p1b: Geodon MK II\n|-supereffective|p1b: Geodon MK II|1\n|-damage|p1b: Geodon MK II|2/100\n|-unboost|p2b: Skyler|def|1\n|-unboost|p2b: Skyler|spd|1\n|-ability|p1b: Geodon MK II|Stamina|boost\n|-boost|p1b: Geodon MK II|def|1\n|\n|-weather|RainDance|[upkeep]\n|upkeep\n|turn|3\n|\n|t:|1775915758\n|switch|p1a: Basculegion|Basculegion, L50, M|100/100\n|move|p1b: Geodon MK II|Protect|p1b: Geodon MK II\n|-singleturn|p1b: Geodon MK II|Protect\n|move|p2b: Skyler|Close Combat|p1b: Geodon MK II\n|-activate|p1b: Geodon MK II|move: Protect\n|-activate|p2a: Ross|confusion\n|move|p2a: Ross|Thunderbolt|p1a: Basculegion\n|-supereffective|p1a: Basculegion|1\n|-crit|p1a: Basculegion\n|-damage|p1a: Basculegion|0 fnt\n|faint|p1a: Basculegion\n|\n|-weather|RainDance|[upkeep]\n|upkeep\n|\n|t:|1775915771\n|switch|p1a: Pelipper|Pelipper, L50, M|100/100\n|turn|4\n|\n|t:|1775915857\n|move|p1b: Geodon MK II|Electro Shot||[still]\n|-prepare|p1b: Geodon MK II|Electro Shot\n|-boost|p1b: Geodon MK II|spa|1\n|-anim|p1b: Geodon MK II|Electro Shot|p2b: Skyler\n|-enditem|p2b: Skyler|Focus Sash\n|-damage|p2b: Skyler|1/100\n|move|p1a: Pelipper|Weather Ball|p2a: Ross\n|-resisted|p2a: Ross|1\n|-damage|p2a: Ross|0 fnt\n|faint|p2a: Ross\n|move|p2b: Skyler|Close Combat|p1b: Geodon MK II\n|-supereffective|p1b: Geodon MK II|1\n|-damage|p1b: Geodon MK II|0 fnt\n|-unboost|p2b: Skyler|def|1\n|-unboost|p2b: Skyler|spd|1\n|faint|p1b: Geodon MK II\n|\n|-weather|RainDance|[upkeep]\n|-sideend|p1: Mence|move: Tailwind\n|upkeep\n|\n|t:|1775915874\n|switch|p2a: Dana|Garchomp, L50, F, shiny|100/100\n|turn|5\n|\n|t:|1775915888\n|move|p2a: Dana|Rock Slide|p1a: Pelipper\n|-supereffective|p1a: Pelipper|1\n|-damage|p1a: Pelipper|29/100\n|move|p2b: Skyler|Dire Claw|p1a: Pelipper\n|-damage|p1a: Pelipper|0 fnt\n|faint|p1a: Pelipper\n|\n|win|LancelotFaberge\n",
  "uploadtime": 1775915896,
  "views": 10,
  "formatid": "gen9championsvgc2026regma",
  "rating": null,
  "private": 0,
  "password": null
}