{
  "id": "gen9championsvgc2026regma-2584600894",
  "format": "[Gen 9 Champions] VGC 2026 Reg M-A",
  "players": [
    "thepeasent",
    "Dampeons"
  ],
  "log": "|j|\u2606thepeasent\n|j|\u2606Dampeons\n|t:|1776271364\n|gametype|doubles\n|player|p1|thepeasent|gloria-dojo|1323\n|player|p2|Dampeons|101|1438\n|gen|9\n|tier|[Gen 9 Champions] VGC 2026 Reg M-A\n|rated|\n|rule|Species Clause: Limit one of each Pok\u00e9mon\n|rule|Item Clause: Limit 1 of each item\n|clearpoke\n|poke|p1|Glimmora, L50, F|\n|poke|p1|Tyranitar, L50, M|\n|poke|p1|Excadrill, L50, F|\n|poke|p1|Milotic, L50, M|\n|poke|p1|Sneasler, L50, M|\n|poke|p1|Rotom-Wash, L50|\n|poke|p2|Meganium, L50, F|\n|poke|p2|Pelipper, L50, M|\n|poke|p2|Sneasler, L50, M|\n|poke|p2|Basculegion, L50, M|\n|poke|p2|Heliolisk, L50, F|\n|poke|p2|Kingambit, L50, M|\n|teampreview|4\n|inactive|Battle timer is ON: inactive players will automatically lose when time's up. (requested by thepeasent)\n|j| H4irashi\n|inactive|Dampeons has 60 seconds left.\n|inactive|Dampeons has 30 seconds left.\n|inactive|Dampeons has 20 seconds left.\n|inactive|Dampeons has 15 seconds left.\n|\n|t:|1776271440\n|teamsize|p1|4\n|teamsize|p2|4\n|start\n|switch|p1a: Excadrill|Excadrill, L50, F|100/100\n|switch|p1b: Rotom|Rotom-Wash, L50|100/100\n|switch|p2a: Basculegion|Basculegion, L50, M|100/100\n|switch|p2b: Sneasler|Sneasler, L50, M|100/100\n|turn|1\n|\n|t:|1776271459\n|move|p1a: Excadrill|Protect|p1a: Excadrill\n|-singleturn|p1a: Excadrill|Protect\n|move|p2a: Basculegion|Wave Crash|p1a: Excadrill\n|-activate|p1a: Excadrill|move: Protect\n|move|p2b: Sneasler|Close Combat|p1b: Rotom\n|-damage|p1b: Rotom|48/100\n|-unboost|p2b: Sneasler|def|1\n|-unboost|p2b: Sneasler|spd|1\n|-enditem|p1b: Rotom|Sitrus Berry|[eat]\n|-heal|p1b: Rotom|73/100|[from] item: Sitrus Berry\n|move|p1b: Rotom|Electroweb|p2a: Basculegion|[spread] p2a,p2b\n|-supereffective|p2a: Basculegion|1\n|-damage|p2a: Basculegion|67/100\n|-damage|p2b: Sneasler|68/100\n|-unboost|p2a: Basculegion|spe|1\n|-unboost|p2b: Sneasler|spe|1\n|\n|upkeep\n|turn|2\n|inactive|Dampeons has 30 seconds left.\n|inactive|Dampeons has 20 seconds left.\n|inactive|Dampeons has 15 seconds left.\n|inactive|Dampeons has 10 seconds left.\n|inactive|Dampeons has 5 seconds left.\n|\n|t:|1776271512\n|move|p1a: Excadrill|Earthquake|p2b: Sneasler|[spread] p2a,p2b\n|-immune|p1b: Rotom|[from] ability: Levitate\n|-supereffective|p2b: Sneasler|1\n|-damage|p2a: Basculegion|8/100\n|-damage|p2b: Sneasler|0 fnt\n|faint|p2b: Sneasler\n|move|p2a: Basculegion|Wave Crash|p1a: Excadrill\n|-supereffective|p1a: Excadrill|1\n|-enditem|p1a: Excadrill|Focus Sash\n|-damage|p1a: Excadrill|1/100\n|-damage|p2a: Basculegion|0 fnt|[from] Recoil\n|faint|p2a: Basculegion\n|move|p1b: Rotom|Volt Switch|p2: Basculegion|[notarget]\n|-fail|p1b: Rotom\n|\n|upkeep\n|\n|t:|1776271523\n|switch|p2b: Meganium|Meganium, L50, F|100/100\n|switch|p2a: Pelipper|Pelipper, L50, M|100/100\n|-weather|RainDance|[from] ability: Drizzle|[of] p2a: Pelipper\n|turn|3\n|inactive|Dampeons has 30 seconds left.\n|\n|t:|1776271558\n|detailschange|p2b: Meganium|Meganium-Mega, L50, F\n|-mega|p2b: Meganium|Meganium|Meganiumite\n|move|p1a: Excadrill|Protect|p1a: Excadrill\n|-singleturn|p1a: Excadrill|Protect\n|move|p2a: Pelipper|Protect|p2a: Pelipper\n|-singleturn|p2a: Pelipper|Protect\n|move|p1b: Rotom|Electroweb|p2b: Meganium|[spread] \n|-activate|p2a: Pelipper|move: Protect\n|-miss|p1b: Rotom|p2b: Meganium\n|move|p2b: Meganium|Dazzling Gleam|p1b: Rotom|[spread] p1b\n|-activate|p1a: Excadrill|move: Protect\n|-damage|p1b: Rotom|36/100\n|\n|-weather|RainDance|[upkeep]\n|upkeep\n|turn|4\n|\n|t:|1776271580\n|move|p1a: Excadrill|Rock Slide|p2b: Meganium|[spread] p2a,p2b\n|-supereffective|p2a: Pelipper|1\n|-crit|p2a: Pelipper\n|-damage|p2a: Pelipper|31/100\n|-damage|p2b: Meganium|80/100\n|move|p1b: Rotom|Electroweb|p2b: Meganium|[spread] p2a,p2b\n|-supereffective|p2a: Pelipper|2\n|-resisted|p2b: Meganium|1\n|-damage|p2a: Pelipper|0 fnt\n|-damage|p2b: Meganium|73/100\n|-unboost|p2b: Meganium|spe|1\n|faint|p2a: Pelipper\n|move|p2b: Meganium|Solar Beam||[still]\n|-prepare|p2b: Meganium|Solar Beam\n|-activate|p2b: Meganium|ability: Mega Sol\n|-anim|p2b: Meganium|Solar Beam|p1b: Rotom\n|-supereffective|p1b: Rotom|1\n|-damage|p1b: Rotom|0 fnt\n|faint|p1b: Rotom\n|\n|-weather|RainDance|[upkeep]\n|upkeep\n|\n|t:|1776271590\n|switch|p1b: Glimmora|Glimmora, L50, F|100/100\n|turn|5\n|c|\u2606Dampeons|yeah i picked a bad set of 4 gg\n|\n|t:|1776271612\n|detailschange|p1b: Glimmora|Glimmora-Mega, L50, F\n|-mega|p1b: Glimmora|Glimmora|Glimmoranite\n|move|p1b: Glimmora|Sludge Bomb|p2b: Meganium\n|-supereffective|p2b: Meganium|2\n|-damage|p2b: Meganium|0 fnt\n|faint|p2b: Meganium\n|\n|win|thepeasent\n|raw|thepeasent's rating: 1323 &rarr; <strong>1349</strong><br />(+26 for winning)\n|raw|Dampeons's rating: 1438 &rarr; <strong>1412</strong><br />(-26 for losing)\n|l|\u2606Dampeons\n|player|p2|\n",
  "uploadtime": 1776271619,
  "views": 54,
  "formatid": "gen9championsvgc2026regma",
  "rating": 1349,
  "private": 0,
  "password": null
}