{
  "id": "gen9championsvgc2026regma-2588707798",
  "format": "[Gen 9 Champions] VGC 2026 Reg M-A",
  "players": [
    "pabilisco",
    "miseria010"
  ],
  "log": "|j|\u2606pabilisco\n|j|\u2606miseria010\n|t:|1776660219\n|gametype|doubles\n|player|p1|pabilisco|rosa-masters3|1252\n|player|p2|miseria010|unknown|1324\n|gen|9\n|tier|[Gen 9 Champions] VGC 2026 Reg M-A\n|rated|\n|rule|Species Clause: Limit one of each Pok\u00e9mon\n|rule|Item Clause: Limit 1 of each item\n|clearpoke\n|poke|p1|Drampa, L50, M|\n|poke|p1|Sinistcha, L50|\n|poke|p1|Araquanid, L50, F|\n|poke|p1|Incineroar, L50, M|\n|poke|p1|Meowstic, L50, M|\n|poke|p1|Crabominable, L50, F|\n|poke|p2|Charizard, L50, M, shiny|\n|poke|p2|Venusaur, L50, M|\n|poke|p2|Garchomp, L50, M|\n|poke|p2|Incineroar, L50, M, shiny|\n|poke|p2|Conkeldurr, L50, M|\n|poke|p2|Whimsicott, L50, F|\n|teampreview|4\n|inactive|Battle timer is ON: inactive players will automatically lose when time's up. (requested by pabilisco)\n|inactive|pabilisco has 60 seconds left.\n|\n|t:|1776660281\n|teamsize|p1|4\n|teamsize|p2|4\n|start\n|switch|p1a: Drampa|Drampa, L50, M|100/100\n|switch|p1b: Meowstic|Meowstic, L50, M|100/100\n|switch|p2a: Charizard|Charizard, L50, M, shiny|100/100\n|switch|p2b: Garchomp|Garchomp, L50, M|100/100\n|turn|1\n|\n|t:|1776660291\n|detailschange|p2a: Charizard|Charizard-Mega-Y, L50, M, shiny\n|-mega|p2a: Charizard|Charizard|Charizardite Y\n|-weather|SunnyDay|[from] ability: Drought|[of] p2a: Charizard\n|move|p1a: Drampa|Protect|p1a: Drampa\n|-singleturn|p1a: Drampa|Protect\n|move|p2b: Garchomp|Dragon Claw|p1a: Drampa\n|-activate|p1a: Drampa|move: Protect\n|move|p2a: Charizard|Heat Wave|p1a: Drampa|[spread] p1b\n|-activate|p1a: Drampa|move: Protect\n|-damage|p1b: Meowstic|29/100\n|move|p1b: Meowstic|Trick Room|p1b: Meowstic\n|-fieldstart|move: Trick Room|[of] p1b: Meowstic\n|\n|-weather|SunnyDay|[upkeep]\n|upkeep\n|turn|2\n|\n|t:|1776660312\n|switch|p2b: Incineroar|Incineroar, L50, M, shiny|100/100\n|-ability|p2b: Incineroar|Intimidate|boost\n|-unboost|p1a: Drampa|atk|1\n|-unboost|p1b: Meowstic|atk|1\n|detailschange|p1a: Drampa|Drampa-Mega, L50, M\n|-mega|p1a: Drampa|Drampa|Drampanite\n|move|p1b: Meowstic|Light Screen|p1b: Meowstic\n|-sidestart|p1: pabilisco|move: Light Screen\n|move|p1a: Drampa|Dragon Pulse|p2b: Incineroar\n|-damage|p2b: Incineroar|61/100\n|move|p2a: Charizard|Heat Wave|p1b: Meowstic|[spread] p1a,p1b\n|-resisted|p1a: Drampa|1\n|-damage|p1a: Drampa|82/100\n|-damage|p1b: Meowstic|0 fnt\n|faint|p1b: Meowstic\n|\n|-weather|SunnyDay|[upkeep]\n|upkeep\n|\n|t:|1776660317\n|switch|p1b: Araquanid|Araquanid, L50, F|100/100\n|turn|3\n|\n|t:|1776660339\n|move|p2b: Incineroar|Fake Out|p1b: Araquanid\n|-damage|p1b: Araquanid|89/100\n|move|p1a: Drampa|Hyper Voice|p2b: Incineroar|[spread] p2a,p2b\n|-damage|p2a: Charizard|60/100\n|-damage|p2b: Incineroar|24/100\n|-enditem|p2b: Incineroar|Sitrus Berry|[eat]\n|-heal|p2b: Incineroar|49/100|[from] item: Sitrus Berry\n|cant|p1b: Araquanid|flinch\n|move|p2a: Charizard|Solar Beam||[still]\n|-prepare|p2a: Charizard|Solar Beam\n|-anim|p2a: Charizard|Solar Beam|p1b: Araquanid\n|-damage|p1b: Araquanid|60/100\n|\n|-weather|SunnyDay|[upkeep]\n|upkeep\n|turn|4\n|\n|t:|1776660364\n|move|p2a: Charizard|Protect|p2a: Charizard\n|-singleturn|p2a: Charizard|Protect\n|move|p1a: Drampa|Hyper Voice|p2a: Charizard|[spread] p2b\n|-activate|p2a: Charizard|move: Protect\n|-damage|p2b: Incineroar|14/100\n|move|p1b: Araquanid|Liquidation|p2a: Charizard\n|-activate|p2a: Charizard|move: Protect\n|move|p2b: Incineroar|Parting Shot|p1a: Drampa\n|-unboost|p1a: Drampa|atk|1\n|-unboost|p1a: Drampa|spa|1\n|\n|t:|1776660388\n|switch|p2b: Conkeldurr|Conkeldurr, L50, M|100/100|[from] Parting Shot\n|\n|-weather|SunnyDay|[upkeep]\n|upkeep\n|turn|5\n|\n|t:|1776660401\n|switch|p2a: Incineroar|Incineroar, L50, M, shiny|14/100\n|-ability|p2a: Incineroar|Intimidate|boost\n|-unboost|p1a: Drampa|atk|1\n|-unboost|p1b: Araquanid|atk|1\n|move|p1a: Drampa|Roost|p1a: Drampa\n|-heal|p1a: Drampa|100/100\n|-singleturn|p1a: Drampa|move: Roost\n|move|p1b: Araquanid|Liquidation|p2a: Incineroar\n|-supereffective|p2a: Incineroar|1\n|-damage|p2a: Incineroar|0 fnt\n|faint|p2a: Incineroar\n|move|p2b: Conkeldurr|Drain Punch|p1a: Drampa\n|-supereffective|p1a: Drampa|1\n|-damage|p1a: Drampa|10/100\n|-ability|p1a: Drampa|Berserk|boost\n|-boost|p1a: Drampa|spa|1\n|\n|-weather|none\n|-fieldend|move: Trick Room\n|upkeep\n|\n|t:|1776660421\n|switch|p2a: Garchomp|Garchomp, L50, M|100/100\n|turn|6\n|\n|t:|1776660427\n|switch|p1b: Sinistcha|Sinistcha, L50|100/100\n|-heal|p1a: Drampa|35/100|[from] ability: Hospitality|[of] p1b: Sinistcha\n|move|p1a: Drampa|Protect|p1a: Drampa\n|-singleturn|p1a: Drampa|Protect\n|move|p2b: Conkeldurr|Mach Punch|p1a: Drampa\n|-activate|p1a: Drampa|move: Protect\n|move|p2a: Garchomp|Rock Slide|p1a: Drampa|[spread] p1b\n|-activate|p1a: Drampa|move: Protect\n|-damage|p1b: Sinistcha|86/100\n|\n|-sideend|p1: pabilisco|move: Light Screen\n|upkeep\n|turn|7\n|\n|t:|1776660446\n|move|p1b: Sinistcha|Rage Powder|p1b: Sinistcha\n|-singleturn|p1b: Sinistcha|move: Rage Powder\n|move|p2a: Garchomp|Dragon Claw|p1b: Sinistcha\n|-damage|p1b: Sinistcha|57/100\n|move|p2b: Conkeldurr|Ice Punch|p1b: Sinistcha\n|-supereffective|p1b: Sinistcha|1\n|-damage|p1b: Sinistcha|8/100\n|move|p1a: Drampa|Roost|p1a: Drampa\n|-heal|p1a: Drampa|85/100\n|-singleturn|p1a: Drampa|move: Roost\n|\n|upkeep\n|turn|8\n|\n|t:|1776660465\n|move|p1b: Sinistcha|Rage Powder|p1b: Sinistcha\n|-singleturn|p1b: Sinistcha|move: Rage Powder\n|move|p2a: Garchomp|Rock Slide|p1a: Drampa|[spread] p1a,p1b\n|-damage|p1a: Drampa|67/100\n|-damage|p1b: Sinistcha|0 fnt\n|faint|p1b: Sinistcha\n|move|p2b: Conkeldurr|Drain Punch|p1a: Drampa\n|-supereffective|p1a: Drampa|1\n|-damage|p1a: Drampa|0 fnt\n|faint|p1a: Drampa\n|\n|upkeep\n|\n|t:|1776660471\n|switch|p1b: Araquanid|Araquanid, L50, F|60/100\n|turn|9\n|\n|t:|1776660481\n|move|p2a: Garchomp|Rock Slide|p1b: Araquanid\n|-supereffective|p1b: Araquanid|1\n|-damage|p1b: Araquanid|13/100\n|move|p2b: Conkeldurr|Drain Punch|p1b: Araquanid\n|-resisted|p1b: Araquanid|1\n|-damage|p1b: Araquanid|0 fnt\n|faint|p1b: Araquanid\n|\n|win|miseria010\n|raw|pabilisco's rating: 1252 &rarr; <strong>1232</strong><br />(-20 for losing)\n|raw|miseria010's rating: 1324 &rarr; <strong>1340</strong><br />(+16 for winning)\n|c|\u2606pabilisco|Gg\n",
  "uploadtime": 1776660493,
  "views": 7,
  "formatid": "gen9championsvgc2026regma",
  "rating": 1232,
  "private": 0,
  "password": null
}