{
  "id": "gen9championsvgc2026regma-2582171888",
  "format": "[Gen 9 Champions] VGC 2026 Reg M-A",
  "players": [
    "DoctorGrizzman",
    "Dragon Vibes"
  ],
  "log": "|j|\u2606DoctorGrizzman\n|j|\u2606Dragon Vibes\n|t:|1776067115\n|gametype|doubles\n|player|p1|DoctorGrizzman|cynthia|1092\n|player|p2|Dragon Vibes|n|1106\n|gen|9\n|tier|[Gen 9 Champions] VGC 2026 Reg M-A\n|rated|\n|rule|Species Clause: Limit one of each Pok\u00e9mon\n|rule|Item Clause: Limit 1 of each item\n|clearpoke\n|poke|p1|Slowbro, L50, M|\n|poke|p1|Meowstic, L50, M|\n|poke|p1|Houndoom, L50, M|\n|poke|p1|Whimsicott, L50, M|\n|poke|p1|Heliolisk, L50, M|\n|poke|p1|Incineroar, L50, F|\n|poke|p2|Charizard, L50, F|\n|poke|p2|Whimsicott, L50, F|\n|poke|p2|Garchomp, L50, F|\n|poke|p2|Gardevoir, L50, M|\n|poke|p2|Typhlosion-Hisui, L50, M|\n|poke|p2|Sneasler, L50, F|\n|teampreview|4\n|inactive|Battle timer is ON: inactive players will automatically lose when time's up. (requested by Dragon Vibes)\n|\n|t:|1776067139\n|teamsize|p1|4\n|teamsize|p2|4\n|start\n|switch|p1a: Meowstic|Meowstic, L50, M|100/100\n|switch|p1b: Slowbro|Slowbro, L50, M|100/100\n|switch|p2a: Typhlosion|Typhlosion-Hisui, L50, M|100/100\n|switch|p2b: Whimsicott|Whimsicott, L50, F|100/100\n|-item|p1a: Meowstic|Colbur Berry|[from] ability: Frisk|[of] p2a: Typhlosion\n|-item|p1b: Slowbro|Slowbronite|[from] ability: Frisk|[of] p2a: Typhlosion\n|turn|1\n|\n|t:|1776067148\n|detailschange|p1b: Slowbro|Slowbro-Mega, L50, M\n|-mega|p1b: Slowbro|Slowbro|Slowbronite\n|move|p2b: Whimsicott|Sunny Day|p2b: Whimsicott\n|-weather|SunnyDay\n|move|p1a: Meowstic|Light Screen|p1a: Meowstic\n|-sidestart|p1: DoctorGrizzman|move: Light Screen\n|move|p2a: Typhlosion|Eruption|p1a: Meowstic|[spread] p1a,p1b\n|-resisted|p1b: Slowbro|1\n|-damage|p1a: Meowstic|29/100\n|-damage|p1b: Slowbro|66/100\n|move|p1b: Slowbro|Trick Room|p1b: Slowbro\n|-fieldstart|move: Trick Room|[of] p1b: Slowbro\n|\n|-weather|SunnyDay|[upkeep]\n|upkeep\n|turn|2\n|\n|t:|1776067162\n|move|p1a: Meowstic|Psychic Terrain|p1a: Meowstic\n|-fieldstart|move: Psychic Terrain\n|move|p2b: Whimsicott|Encore|p1b: Slowbro\n|-activate|p1b: Slowbro|move: Psychic Terrain\n|move|p1b: Slowbro|Expanding Force|p2a: Typhlosion|[spread] p2a,p2b\n|-damage|p2a: Typhlosion|10/100\n|-damage|p2b: Whimsicott|35/100\n|move|p2a: Typhlosion|Eruption|p1a: Meowstic|[spread] p1a,p1b\n|-resisted|p1b: Slowbro|1\n|-damage|p1a: Meowstic|20/100\n|-damage|p1b: Slowbro|62/100\n|\n|-weather|SunnyDay|[upkeep]\n|upkeep\n|turn|3\n|\n|t:|1776067177\n|move|p1b: Slowbro|Expanding Force|p2b: Whimsicott|[spread] p2a,p2b\n|-damage|p2a: Typhlosion|0 fnt\n|-damage|p2b: Whimsicott|0 fnt\n|faint|p2a: Typhlosion\n|faint|p2b: Whimsicott\n|move|p1a: Meowstic|Psychic|p2: Typhlosion|[notarget]\n|-fail|p1a: Meowstic\n|\n|-weather|SunnyDay|[upkeep]\n|upkeep\n|\n|t:|1776067183\n|switch|p2b: Garchomp|Garchomp, L50, F|100/100\n|switch|p2a: Sneasler|Sneasler, L50, F|100/100\n|turn|4\n|\n|t:|1776067198\n|switch|p1a: Incineroar|Incineroar, L50, F|100/100\n|-ability|p1a: Incineroar|Intimidate|boost\n|-unboost|p2a: Sneasler|atk|1\n|-unboost|p2b: Garchomp|atk|1\n|-enditem|p2a: Sneasler|White Herb\n|-clearnegativeboost|p2a: Sneasler|[silent]\n|move|p1b: Slowbro|Expanding Force|p2a: Sneasler|[spread] p2a,p2b\n|-supereffective|p2a: Sneasler|2\n|-damage|p2a: Sneasler|0 fnt\n|-damage|p2b: Garchomp|34/100\n|faint|p2a: Sneasler\n|move|p2b: Garchomp|Earthquake|p1a: Incineroar|[spread] p1a,p1b\n|-supereffective|p1a: Incineroar|1\n|-damage|p1a: Incineroar|53/100\n|-damage|p1b: Slowbro|49/100\n|\n|-weather|SunnyDay|[upkeep]\n|upkeep\n|turn|5\n|\n|t:|1776067214\n|move|p1b: Slowbro|Expanding Force|p2b: Garchomp\n|-damage|p2b: Garchomp|0 fnt\n|faint|p2b: Garchomp\n|\n|win|DoctorGrizzman\n|raw|DoctorGrizzman's rating: 1092 &rarr; <strong>1121</strong><br />(+29 for winning)\n|raw|Dragon Vibes's rating: 1130 &rarr; <strong>1102</strong><br />(-28 for losing)\n",
  "uploadtime": 1776067216,
  "views": 18,
  "formatid": "gen9championsvgc2026regma",
  "rating": 1102,
  "private": 0,
  "password": null
}