{
  "id": "gen9championsvgc2026regma-2585048257",
  "format": "[Gen 9 Champions] VGC 2026 Reg M-A",
  "players": [
    "jontar gurning",
    "vital johann"
  ],
  "log": "|j|\u2606jontar gurning\n|j|\u2606vital johann\n|t:|1776306603\n|gametype|doubles\n|player|p1|jontar gurning|swimmerf-gen4dp|1179\n|player|p2|vital johann|roxie|1272\n|gen|9\n|tier|[Gen 9 Champions] VGC 2026 Reg M-A\n|rated|\n|rule|Species Clause: Limit one of each Pok\u00e9mon\n|rule|Item Clause: Limit 1 of each item\n|clearpoke\n|poke|p1|Gengar, L50, F|\n|poke|p1|Archaludon, L50, F|\n|poke|p1|Incineroar, L50, F|\n|poke|p1|Gardevoir, L50, F|\n|poke|p1|Whimsicott, L50, F|\n|poke|p1|Politoed, L50, M|\n|poke|p2|Aerodactyl, L50, F|\n|poke|p2|Kangaskhan, L50, F|\n|poke|p2|Basculegion, L50, M|\n|poke|p2|Scizor, L50, M|\n|poke|p2|Meganium, L50, F|\n|poke|p2|Pelipper, L50, F|\n|teampreview|4\n|inactive|Battle timer is ON: inactive players will automatically lose when time's up. (requested by vital johann)\n|\n|t:|1776306649\n|teamsize|p1|4\n|teamsize|p2|4\n|start\n|switch|p1a: Politoed|Politoed, L50, M|100/100\n|switch|p1b: Archaludon|Archaludon, L50, F|100/100\n|switch|p2a: Aerodactyl|Aerodactyl, L50, F|100/100\n|switch|p2b: Kangaskhan|Kangaskhan, L50, F|100/100\n|-ability|p2a: Aerodactyl|Unnerve\n|-weather|RainDance|[from] ability: Drizzle|[of] p1a: Politoed\n|turn|1\n|\n|t:|1776306665\n|switch|p1a: Whimsicott|Whimsicott, L50, F|100/100\n|detailschange|p2b: Kangaskhan|Kangaskhan-Mega, L50, F\n|-mega|p2b: Kangaskhan|Kangaskhan|Kangaskhanite\n|move|p1b: Archaludon|Protect|p1b: Archaludon\n|-singleturn|p1b: Archaludon|Protect\n|move|p2b: Kangaskhan|Fake Out|p1a: Whimsicott\n|-damage|p1a: Whimsicott|67/100\n|-damage|p1a: Whimsicott|60/100\n|-hitcount|p1a: Whimsicott|2\n|move|p2a: Aerodactyl|Tailwind|p2a: Aerodactyl\n|-sidestart|p2: vital johann|move: Tailwind\n|\n|-weather|RainDance|[upkeep]\n|upkeep\n|turn|2\n|inactive|vital johann has 30 seconds left.\n|\n|t:|1776306691\n|switch|p2b: Scizor|Scizor, L50, M|100/100\n|move|p1a: Whimsicott|Tailwind|p1a: Whimsicott\n|-sidestart|p1: jontar gurning|move: Tailwind\n|move|p2a: Aerodactyl|Dual Wingbeat|p1a: Whimsicott\n|-supereffective|p1a: Whimsicott|1\n|-damage|p1a: Whimsicott|7/100\n|-supereffective|p1a: Whimsicott|1\n|-damage|p1a: Whimsicott|0 fnt\n|faint|p1a: Whimsicott\n|-hitcount|p1: Whimsicott|2\n|move|p1b: Archaludon|Electro Shot||[still]\n|-prepare|p1b: Archaludon|Electro Shot\n|-boost|p1b: Archaludon|spa|1\n|-anim|p1b: Archaludon|Electro Shot|p2a: Aerodactyl\n|-supereffective|p2a: Aerodactyl|1\n|-enditem|p2a: Aerodactyl|Focus Sash\n|-damage|p2a: Aerodactyl|1/100\n|\n|-weather|RainDance|[upkeep]\n|upkeep\n|\n|t:|1776306710\n|switch|p1a: Gengar|Gengar, L50, F|100/100\n|turn|3\n|inactive|jontar gurning has 30 seconds left.\n|inactive|jontar gurning has 20 seconds left.\n|\n|t:|1776306748\n|detailschange|p1a: Gengar|Gengar-Mega, L50, F\n|-mega|p1a: Gengar|Gengar|Gengarite\n|move|p2a: Aerodactyl|Protect|p2a: Aerodactyl\n|-singleturn|p2a: Aerodactyl|Protect\n|move|p1a: Gengar|Perish Song|p1a: Gengar\n|-start|p1a: Gengar|perish3|[silent]\n|-start|p1b: Archaludon|perish3|[silent]\n|-start|p2a: Aerodactyl|perish3|[silent]\n|-start|p2b: Scizor|perish3|[silent]\n|-fieldactivate|move: Perish Song\n|move|p1b: Archaludon|Electro Shot||[still]\n|-prepare|p1b: Archaludon|Electro Shot\n|-boost|p1b: Archaludon|spa|1\n|-anim|p1b: Archaludon|Electro Shot|p2b: Scizor\n|-damage|p2b: Scizor|0 fnt\n|faint|p2b: Scizor\n|\n|-weather|RainDance|[upkeep]\n|-start|p2a: Aerodactyl|perish3\n|-start|p1a: Gengar|perish3\n|-start|p1b: Archaludon|perish3\n|upkeep\n|\n|t:|1776306765\n|switch|p2b: Basculegion|Basculegion, L50, M|100/100\n|turn|4\n|\n|t:|1776306776\n|move|p2a: Aerodactyl|Protect|p2a: Aerodactyl\n|-singleturn|p2a: Aerodactyl|Protect\n|move|p2b: Basculegion|Last Respects|p1a: Gengar\n|-supereffective|p1a: Gengar|1\n|-damage|p1a: Gengar|0 fnt\n|faint|p1a: Gengar\n|move|p1b: Archaludon|Electro Shot||[still]\n|-prepare|p1b: Archaludon|Electro Shot\n|-boost|p1b: Archaludon|spa|1\n|-anim|p1b: Archaludon|Electro Shot|p2b: Basculegion\n|-supereffective|p2b: Basculegion|1\n|-damage|p2b: Basculegion|0 fnt\n|faint|p2b: Basculegion\n|\n|-weather|RainDance|[upkeep]\n|-start|p2a: Aerodactyl|perish2\n|-start|p1b: Archaludon|perish2\n|-sideend|p2: vital johann|move: Tailwind\n|upkeep\n|\n|t:|1776306790\n|switch|p1a: Politoed|Politoed, L50, M|100/100\n|switch|p2b: Kangaskhan|Kangaskhan-Mega, L50, F|100/100\n|turn|5\n|\n|t:|1776306809\n|move|p2b: Kangaskhan|Fake Out|p1b: Archaludon\n|-resisted|p1b: Archaludon|1\n|-damage|p1b: Archaludon|91/100\n|-resisted|p1b: Archaludon|1\n|-damage|p1b: Archaludon|89/100\n|-hitcount|p1b: Archaludon|2\n|cant|p1b: Archaludon|flinch\n|move|p1a: Politoed|Encore|p2b: Kangaskhan\n|-start|p2b: Kangaskhan|Encore\n|move|p2a: Aerodactyl|Tailwind|p2a: Aerodactyl\n|-sidestart|p2: vital johann|move: Tailwind\n|\n|-weather|none\n|-start|p2a: Aerodactyl|perish1\n|-start|p1b: Archaludon|perish1\n|-sideend|p1: jontar gurning|move: Tailwind\n|upkeep\n|turn|6\n|inactive|jontar gurning has 30 seconds left.\n|\n|t:|1776306842\n|move|p2a: Aerodactyl|Protect|p2a: Aerodactyl\n|-singleturn|p2a: Aerodactyl|Protect\n|move|p2b: Kangaskhan|Fake Out||[still]\n|-hint|Fake Out only works on your first turn out.\n|-fail|p2b: Kangaskhan\n|move|p1b: Archaludon|Dragon Pulse|p2a: Aerodactyl\n|-activate|p2a: Aerodactyl|move: Protect\n|move|p1a: Politoed|Perish Song|p1a: Politoed\n|-start|p1a: Politoed|perish3|[silent]\n|-start|p2b: Kangaskhan|perish3|[silent]\n|-fieldactivate|move: Perish Song\n|\n|-start|p2a: Aerodactyl|perish0\n|-start|p2b: Kangaskhan|perish3\n|faint|p2a: Aerodactyl\n|-start|p1b: Archaludon|perish0\n|-start|p1a: Politoed|perish3\n|faint|p1b: Archaludon\n|upkeep\n|turn|7\n|\n|t:|1776306851\n|-activate|p2b: Kangaskhan|move: Struggle\n|move|p2b: Kangaskhan|Struggle|p1a: Politoed\n|-damage|p1a: Politoed|81/100\n|-damage|p1a: Politoed|77/100\n|-hitcount|p1a: Politoed|2\n|-damage|p2b: Kangaskhan|75/100|[from] recoil\n|move|p1a: Politoed|Weather Ball|p2b: Kangaskhan\n|-damage|p2b: Kangaskhan|66/100\n|\n|-start|p2b: Kangaskhan|perish2\n|-start|p1a: Politoed|perish2\n|upkeep\n|turn|8\n|-message|vital johann forfeited.\n|\n|win|jontar gurning\n|raw|jontar gurning's rating: 1179 &rarr; <strong>1211</strong><br />(+32 for winning)\n|raw|vital johann's rating: 1272 &rarr; <strong>1240</strong><br />(-32 for losing)\n|l|\u2606vital johann\n|player|p2|\n",
  "uploadtime": 1776306866,
  "views": 36,
  "formatid": "gen9championsvgc2026regma",
  "rating": 1211,
  "private": 0,
  "password": null
}