{
  "id": "gen9championsvgc2026regma-2588723271",
  "format": "[Gen 9 Champions] VGC 2026 Reg M-A",
  "players": [
    "ScoutFlower",
    "pevere1l"
  ],
  "log": "|j|\u2606ScoutFlower\n|j|\u203dpevere1l\n|t:|1776662176\n|gametype|doubles\n|player|p1|ScoutFlower|elesa-masters3|1351\n|player|p2|pevere1l|steven|1364\n|gen|9\n|tier|[Gen 9 Champions] VGC 2026 Reg M-A\n|rated|\n|rule|Species Clause: Limit one of each Pok\u00e9mon\n|rule|Item Clause: Limit 1 of each item\n|clearpoke\n|poke|p1|Espathra, L50, F|\n|poke|p1|Volcarona, L50, M|\n|poke|p1|Lucario, L50, M|\n|poke|p1|Gyarados, L50, F|\n|poke|p1|Sneasler, L50, M|\n|poke|p1|Floette-Eternal, L50, F|\n|poke|p2|Farigiraf, L50, F|\n|poke|p2|Excadrill, L50, M|\n|poke|p2|Aerodactyl, L50, M|\n|poke|p2|Floette-Eternal, L50, F|\n|poke|p2|Sinistcha, L50|\n|poke|p2|Gyarados, L50, M|\n|teampreview|4\n|inactive|Battle timer is ON: inactive players will automatically lose when time's up. (requested by pevere1l)\n|inactive|ScoutFlower has 60 seconds left.\n|\n|t:|1776662225\n|teamsize|p1|4\n|teamsize|p2|4\n|start\n|switch|p1a: Volcarona|Volcarona, L50, M|100/100\n|switch|p1b: Lucario|Lucario, L50, M|100/100\n|switch|p2a: Aerodactyl|Aerodactyl, L50, M|100/100\n|switch|p2b: Excadrill|Excadrill, L50, M|100/100\n|-ability|p2a: Aerodactyl|Unnerve\n|-ability|p2b: Excadrill|Mold Breaker\n|turn|1\n|inactive|ScoutFlower has 30 seconds left.\n|\n|t:|1776662252\n|detailschange|p1b: Lucario|Lucario-Mega, L50, M\n|-mega|p1b: Lucario|Lucario|Lucarionite\n|move|p1a: Volcarona|Rage Powder|p1a: Volcarona\n|-singleturn|p1a: Volcarona|move: Rage Powder\n|move|p2b: Excadrill|High Horsepower|p1a: Volcarona\n|-damage|p1a: Volcarona|53/100\n|-status|p2b: Excadrill|brn|[from] ability: Flame Body|[of] p1a: Volcarona\n|move|p2a: Aerodactyl|Rock Slide|p1b: Lucario|[spread] p1a,p1b\n|-supereffective|p1a: Volcarona|2\n|-resisted|p1b: Lucario|2\n|-damage|p1a: Volcarona|0 fnt\n|-damage|p1b: Lucario|92/100\n|faint|p1a: Volcarona\n|move|p1b: Lucario|Aura Sphere|p2b: Excadrill\n|-supereffective|p2b: Excadrill|1\n|-damage|p2b: Excadrill|0 fnt\n|faint|p2b: Excadrill\n|\n|upkeep\n|\n|t:|1776662267\n|switch|p2b: Gyarados|Gyarados, L50, M|100/100\n|switch|p1a: Sneasler|Sneasler, L50, M|100/100\n|-ability|p2b: Gyarados|Intimidate|boost\n|-unboost|p1a: Sneasler|atk|1\n|-unboost|p1b: Lucario|atk|1\n|-enditem|p1a: Sneasler|White Herb\n|-clearnegativeboost|p1a: Sneasler|[silent]\n|turn|2\n|\n|t:|1776662280\n|move|p1a: Sneasler|Fake Out|p2a: Aerodactyl\n|-resisted|p2a: Aerodactyl|1\n|-damage|p2a: Aerodactyl|88/100\n|cant|p2a: Aerodactyl|flinch\n|move|p1b: Lucario|Flash Cannon|p2a: Aerodactyl\n|-supereffective|p2a: Aerodactyl|1\n|-damage|p2a: Aerodactyl|0 fnt\n|faint|p2a: Aerodactyl\n|move|p2b: Gyarados|Thunder Wave|p1b: Lucario\n|-status|p1b: Lucario|par\n|\n|upkeep\n|\n|t:|1776662296\n|switch|p2a: Floette|Floette-Eternal, L50, F|100/100\n|turn|3\n|\n|t:|1776662313\n|detailschange|p2a: Floette|Floette-Mega, L50, F\n|-mega|p2a: Floette|Floette|Floettite\n|-ability|p2a: Floette|Fairy Aura\n|move|p1a: Sneasler|Protect|p1a: Sneasler\n|-singleturn|p1a: Sneasler|Protect\n|move|p2a: Floette|Protect|p2a: Floette\n|-singleturn|p2a: Floette|Protect\n|move|p1b: Lucario|Protect|p1b: Lucario\n|-singleturn|p1b: Lucario|Protect\n|move|p2b: Gyarados|Thunder Wave|p1a: Sneasler\n|-activate|p1a: Sneasler|move: Protect\n|\n|upkeep\n|turn|4\n|\n|t:|1776662331\n|move|p1a: Sneasler|Dire Claw|p2a: Floette\n|-supereffective|p2a: Floette|1\n|-damage|p2a: Floette|17/100\n|move|p2b: Gyarados|Waterfall|p1a: Sneasler\n|-damage|p1a: Sneasler|29/100\n|move|p2a: Floette|Moonblast|p1a: Sneasler\n|-damage|p1a: Sneasler|0 fnt\n|faint|p1a: Sneasler\n|move|p1b: Lucario|Flash Cannon|p2a: Floette\n|-supereffective|p2a: Floette|1\n|-damage|p2a: Floette|0 fnt\n|faint|p2a: Floette\n|\n|upkeep\n|\n|t:|1776662342\n|switch|p1a: Gyarados|Gyarados, L50, F|100/100\n|-ability|p1a: Gyarados|Intimidate|boost\n|-unboost|p2b: Gyarados|atk|1\n|turn|5\n|-message|pevere1l forfeited.\n|\n|win|ScoutFlower\n|raw|ScoutFlower's rating: 1351 &rarr; <strong>1372</strong><br />(+21 for winning)\n|raw|pevere1l's rating: 1364 &rarr; <strong>1343</strong><br />(-21 for losing)\n|l|\u203dpevere1l\n|player|p2|\n",
  "uploadtime": 1776662437,
  "views": 7,
  "formatid": "gen9championsvgc2026regma",
  "rating": 1343,
  "private": 0,
  "password": null
}