{
  "id": "gen9championsvgc2026regma-2581839679",
  "format": "[Gen 9 Champions] VGC 2026 Reg M-A",
  "players": [
    "CBKreme",
    "justsilvxr"
  ],
  "log": "|j|\u2606CBKreme\n|j|\u2606justsilvxr\n|t:|1776032688\n|gametype|doubles\n|player|p1|CBKreme|interviewers|1000\n|player|p2|justsilvxr|iris-gen5bw2|1000\n|gen|9\n|tier|[Gen 9 Champions] VGC 2026 Reg M-A\n|rated|\n|rule|Species Clause: Limit one of each Pok\u00e9mon\n|rule|Item Clause: Limit 1 of each item\n|clearpoke\n|poke|p1|Gardevoir, L50, F|\n|poke|p1|Ninetales-Alola, L50, F|\n|poke|p1|Froslass, L50, F|\n|poke|p1|Hatterene, L50, F|\n|poke|p1|Flapple, L50, F|\n|poke|p1|Gyarados, L50, M|\n|poke|p2|Scovillain, L50, F|\n|poke|p2|Garchomp, L50, M|\n|poke|p2|Sneasler, L50, M|\n|poke|p2|Kingambit, L50, F|\n|poke|p2|Dragonite, L50, M|\n|poke|p2|Primarina, L50, F|\n|teampreview|4\n|inactive|Battle timer is ON: inactive players will automatically lose when time's up. (requested by CBKreme)\n|inactive|CBKreme has 60 seconds left.\n|inactive|justsilvxr has 60 seconds left.\n|inactive|CBKreme has 30 seconds left.\n|\n|t:|1776032754\n|teamsize|p1|4\n|teamsize|p2|4\n|start\n|switch|p1a: Gardevoir|Gardevoir, L50, F, shiny|100/100\n|switch|p1b: Ninetales|Ninetales-Alola, L50, F|100/100\n|switch|p2a: Kingambit|Kingambit, L50, F|100/100\n|switch|p2b: Sneasler|Sneasler, L50, M, shiny|100/100\n|-weather|Snowscape|[from] ability: Snow Warning|[of] p1b: Ninetales\n|-ability|p1a: Gardevoir|Defiant|Trace|[from] ability: Trace|[of] p2a: Kingambit\n|turn|1\n|inactive|justsilvxr has 30 seconds left.\n|\n|t:|1776032787\n|switch|p2a: Primarina|Primarina, L50, F|100/100\n|detailschange|p1a: Gardevoir|Gardevoir-Mega, L50, F, shiny\n|-mega|p1a: Gardevoir|Gardevoir|Gardevoirite\n|move|p2b: Sneasler|Fake Out|p1b: Ninetales\n|-damage|p1b: Ninetales|89/100\n|cant|p1b: Ninetales|flinch\n|move|p1a: Gardevoir|Focus Blast|p2a: Primarina\n|-resisted|p2a: Primarina|1\n|-damage|p2a: Primarina|78/100\n|\n|-weather|Snowscape|[upkeep]\n|-heal|p2a: Primarina|84/100|[from] item: Leftovers\n|upkeep\n|turn|2\n|inactive|CBKreme has 30 seconds left.\n|\n|t:|1776032817\n|move|p1a: Gardevoir|Protect|p1a: Gardevoir\n|-singleturn|p1a: Gardevoir|Protect\n|move|p2b: Sneasler|Dire Claw|p1b: Ninetales\n|-supereffective|p1b: Ninetales|1\n|-damage|p1b: Ninetales|23/100\n|move|p1b: Ninetales|Aurora Veil|p1b: Ninetales\n|-sidestart|p1: CBKreme|move: Aurora Veil\n|move|p2a: Primarina|Calm Mind|p2a: Primarina\n|-boost|p2a: Primarina|spa|1\n|-boost|p2a: Primarina|spd|1\n|\n|-weather|Snowscape|[upkeep]\n|-heal|p2a: Primarina|90/100|[from] item: Leftovers\n|upkeep\n|turn|3\n|\n|t:|1776032834\n|move|p2b: Sneasler|Dire Claw|p1a: Gardevoir\n|-supereffective|p1a: Gardevoir|1\n|-damage|p1a: Gardevoir|4/100\n|move|p1b: Ninetales|Encore|p2a: Primarina\n|-start|p2a: Primarina|Encore\n|move|p1a: Gardevoir|Psyshock|p2b: Sneasler\n|-supereffective|p2b: Sneasler|2\n|-enditem|p2b: Sneasler|Focus Sash\n|-damage|p2b: Sneasler|1/100\n|move|p2a: Primarina|Calm Mind|p2a: Primarina\n|-boost|p2a: Primarina|spa|1\n|-boost|p2a: Primarina|spd|1\n|\n|-weather|Snowscape|[upkeep]\n|-heal|p2a: Primarina|96/100|[from] item: Leftovers\n|upkeep\n|turn|4\n|inactive|justsilvxr has 30 seconds left.\n|\n|t:|1776032861\n|switch|p1b: Gyarados|Gyarados, L50, M, shiny|100/100\n|-ability|p1b: Gyarados|Intimidate|boost\n|-unboost|p2a: Primarina|atk|1\n|-unboost|p2b: Sneasler|atk|1\n|switch|p2a: Kingambit|Kingambit, L50, F|100/100\n|move|p1a: Gardevoir|Protect|p1a: Gardevoir\n|-singleturn|p1a: Gardevoir|Protect\n|move|p2b: Sneasler|Dire Claw|p1b: Gyarados\n|-damage|p1b: Gyarados|81/100\n|\n|-weather|Snowscape|[upkeep]\n|upkeep\n|turn|5\n|inactive|CBKreme has 30 seconds left.\n|\n|t:|1776032892\n|switch|p1a: Flapple|Flapple, L50, F, shiny|100/100\n|move|p2a: Kingambit|Sucker Punch||[still]\n|-fail|p2a: Kingambit\n|move|p2b: Sneasler|Dire Claw|p1b: Gyarados\n|-damage|p1b: Gyarados|60/100\n|-status|p1b: Gyarados|psn\n|move|p1b: Gyarados|Waterfall|p2b: Sneasler\n|-damage|p2b: Sneasler|0 fnt\n|faint|p2b: Sneasler\n|\n|-weather|none\n|-damage|p1b: Gyarados|48/100 psn|[from] psn\n|upkeep\n|\n|t:|1776032903\n|switch|p2b: Scovillain|Scovillain, L50, F|100/100\n|turn|6\n|inactive|CBKreme has 30 seconds left.\n|\n|t:|1776032937\n|detailschange|p2b: Scovillain|Scovillain-Mega, L50, F\n|-mega|p2b: Scovillain|Scovillain|Scovillainite\n|move|p2b: Scovillain|Rage Powder|p2b: Scovillain\n|-singleturn|p2b: Scovillain|move: Rage Powder\n|move|p1b: Gyarados|Thunder Wave|p2b: Scovillain\n|-status|p2b: Scovillain|par\n|move|p1a: Flapple|Grav Apple|p2a: Kingambit|[miss]\n|-miss|p1a: Flapple|p2a: Kingambit\n|move|p2a: Kingambit|Swords Dance|p2a: Kingambit\n|-boost|p2a: Kingambit|atk|2\n|\n|-damage|p1b: Gyarados|35/100 psn|[from] psn\n|-sideend|p1: CBKreme|move: Aurora Veil\n|upkeep\n|turn|7\n|inactive|CBKreme has 30 seconds left.\n|inactive|justsilvxr has 30 seconds left.\n|\n|t:|1776032970\n|move|p1a: Flapple|Protect|p1a: Flapple\n|-singleturn|p1a: Flapple|Protect\n|move|p2a: Kingambit|Sucker Punch||[still]\n|-fail|p2a: Kingambit\n|move|p2b: Scovillain|Flamethrower|p1a: Flapple\n|-activate|p1a: Flapple|move: Protect\n|move|p1b: Gyarados|Roar|p2a: Kingambit\n|drag|p2a: Primarina|Primarina, L50, F|96/100\n|\n|-heal|p2a: Primarina|100/100|[from] item: Leftovers\n|-damage|p1b: Gyarados|23/100 psn|[from] psn\n|upkeep\n|turn|8\n|\n|t:|1776032990\n|move|p1b: Gyarados|Taunt|p2b: Scovillain\n|-start|p2b: Scovillain|move: Taunt\n|move|p1a: Flapple|Grav Apple|p2a: Primarina\n|-supereffective|p2a: Primarina|1\n|-damage|p2a: Primarina|0 fnt\n|faint|p2a: Primarina\n|move|p2b: Scovillain|Giga Drain|p1b: Gyarados\n|-damage|p1b: Gyarados|0 fnt\n|faint|p1b: Gyarados\n|\n|upkeep\n|\n|t:|1776033001\n|switch|p1b: Ninetales|Ninetales-Alola, L50, F|23/100\n|switch|p2a: Kingambit|Kingambit, L50, F|100/100\n|-weather|Snowscape|[from] ability: Snow Warning|[of] p1b: Ninetales\n|turn|9\n|\n|t:|1776033024\n|move|p1b: Ninetales|Aurora Veil|p1b: Ninetales\n|-sidestart|p1: CBKreme|move: Aurora Veil\n|move|p1a: Flapple|Acrobatics|p2b: Scovillain\n|-supereffective|p2b: Scovillain|1\n|-damage|p2b: Scovillain|46/100 par\n|-status|p1a: Flapple|brn|[from] ability: Spicy Spray|[of] p2b: Scovillain\n|move|p2a: Kingambit|Kowtow Cleave|p1a: Flapple\n|-damage|p1a: Flapple|43/100 brn\n|-enditem|p1a: Flapple|Sitrus Berry|[eat]\n|-heal|p1a: Flapple|67/100 brn|[from] item: Sitrus Berry\n|move|p2b: Scovillain|Flamethrower|p1b: Ninetales\n|-supereffective|p1b: Ninetales|1\n|-damage|p1b: Ninetales|0 fnt\n|faint|p1b: Ninetales\n|\n|-weather|Snowscape|[upkeep]\n|-damage|p1a: Flapple|61/100 brn|[from] brn\n|upkeep\n|\n|t:|1776033037\n|switch|p1b: Gardevoir|Gardevoir-Mega, L50, F, shiny|4/100\n|turn|10\n|inactive|justsilvxr has 30 seconds left.\n|inactive|justsilvxr has 20 seconds left.\n|inactive|justsilvxr has 15 seconds left.\n|inactive|justsilvxr has 10 seconds left.\n|inactive|justsilvxr has 5 seconds left.\n|\n|t:|1776033092\n|move|p1b: Gardevoir|Focus Blast|p2a: Kingambit\n|-supereffective|p2a: Kingambit|2\n|-damage|p2a: Kingambit|0 fnt\n|faint|p2a: Kingambit\n|move|p1a: Flapple|Acrobatics|p2b: Scovillain\n|-supereffective|p2b: Scovillain|1\n|-damage|p2b: Scovillain|0 fnt\n|faint|p2b: Scovillain\n|\n|win|CBKreme\n|raw|CBKreme's rating: 1000 &rarr; <strong>1040</strong><br />(+40 for winning)\n|raw|justsilvxr's rating: 1000 &rarr; <strong>1000</strong><br />(+0 for losing)\n",
  "uploadtime": 1776033150,
  "views": 15,
  "formatid": "gen9championsvgc2026regma",
  "rating": 1000,
  "private": 0,
  "password": null
}