{
  "id": "gen9championsvgc2026regma-2588521833",
  "format": "[Gen 9 Champions] VGC 2026 Reg M-A",
  "players": [
    "kidberlinjr",
    "xmati"
  ],
  "log": "|j|\u2606kidberlinjr\n|j|\u2606xmati\n|t:|1776641270\n|gametype|doubles\n|player|p1|kidberlinjr|drayden|1116\n|player|p2|xmati|wallace|1059\n|gen|9\n|tier|[Gen 9 Champions] VGC 2026 Reg M-A\n|rated|\n|rule|Species Clause: Limit one of each Pok\u00e9mon\n|rule|Item Clause: Limit 1 of each item\n|clearpoke\n|poke|p1|Empoleon, L50, F|\n|poke|p1|Pelipper, L50, F|\n|poke|p1|Incineroar, L50, F|\n|poke|p1|Meganium, L50, M|\n|poke|p1|Farigiraf, L50, F|\n|poke|p1|Drampa, L50, M|\n|poke|p2|Camerupt, L50, M|\n|poke|p2|Oranguru, L50, F|\n|poke|p2|Sinistcha-Masterpiece, L50|\n|poke|p2|Blastoise, L50, M|\n|poke|p2|Rhyperior, L50, M|\n|poke|p2|Kingambit, L50, F|\n|teampreview|4\nkidberlinjr has agreed to open team sheets.\n|inactive|Battle timer is ON: inactive players will automatically lose when time's up. (requested by xmati)\nxmati rejected open team sheets.\n|\n|t:|1776641328\n|teamsize|p1|4\n|teamsize|p2|4\n|start\n|switch|p1a: Empoleon|Empoleon, L50, F|100/100\n|switch|p1b: Pelipper|Pelipper, L50, F|100/100\n|switch|p2a: Oranguru|Oranguru, L50, F|100/100\n|switch|p2b: Blastoise|Blastoise, L50, M|100/100\n|-weather|RainDance|[from] ability: Drizzle|[of] p1b: Pelipper\n|turn|1\n|\n|t:|1776641351\n|detailschange|p2b: Blastoise|Blastoise-Mega, L50, M\n|-mega|p2b: Blastoise|Blastoise|Blastoisinite\n|move|p1b: Pelipper|Hurricane|p2a: Oranguru\n|-damage|p2a: Oranguru|66/100\n|move|p2b: Blastoise|Aura Sphere|p1a: Empoleon\n|-supereffective|p1a: Empoleon|1\n|-enditem|p1a: Empoleon|Chople Berry|[eat]\n|-enditem|p1a: Empoleon|Chople Berry|[weaken]\n|-damage|p1a: Empoleon|55/100\n|move|p1a: Empoleon|Hydro Pump|p2a: Oranguru\n|-damage|p2a: Oranguru|0 fnt\n|faint|p2a: Oranguru\n|\n|-weather|RainDance|[upkeep]\n|upkeep\n|\n|t:|1776641363\n|switch|p2a: Sinistcha|Sinistcha-Masterpiece, L50|100/100\n|turn|2\n|\n|t:|1776641373\n|move|p1a: Empoleon|Protect|p1a: Empoleon\n|-singleturn|p1a: Empoleon|Protect\n|move|p2a: Sinistcha|Rage Powder|p2a: Sinistcha\n|-singleturn|p2a: Sinistcha|move: Rage Powder\n|move|p1b: Pelipper|Tailwind|p1b: Pelipper\n|-sidestart|p1: kidberlinjr|move: Tailwind\n|move|p2b: Blastoise|Water Spout|p1a: Empoleon|[spread] p1b\n|-activate|p1a: Empoleon|move: Protect\n|-resisted|p1b: Pelipper|1\n|-damage|p1b: Pelipper|20/100\n|\n|-weather|RainDance|[upkeep]\n|upkeep\n|turn|3\n|\n|t:|1776641396\n|move|p2a: Sinistcha|Rage Powder|p2a: Sinistcha\n|-singleturn|p2a: Sinistcha|move: Rage Powder\n|move|p1b: Pelipper|Hurricane|p2a: Sinistcha\n|-supereffective|p2a: Sinistcha|1\n|-damage|p2a: Sinistcha|5/100\n|-start|p2a: Sinistcha|confusion\n|move|p1a: Empoleon|Ice Beam|p2a: Sinistcha\n|-supereffective|p2a: Sinistcha|1\n|-damage|p2a: Sinistcha|0 fnt\n|faint|p2a: Sinistcha\n|move|p2b: Blastoise|Water Spout|p1b: Pelipper|[spread] p1a,p1b\n|-resisted|p1a: Empoleon|1\n|-resisted|p1b: Pelipper|1\n|-damage|p1a: Empoleon|3/100\n|-damage|p1b: Pelipper|0 fnt\n|faint|p1b: Pelipper\n|\n|-weather|RainDance|[upkeep]\n|upkeep\n|\n|t:|1776641406\n|switch|p1b: Meganium|Meganium, L50, M|100/100\n|switch|p2a: Rhyperior|Rhyperior, L50, M|100/100\n|turn|4\n|\n|t:|1776641419\n|detailschange|p1b: Meganium|Meganium-Mega, L50, M\n|-mega|p1b: Meganium|Meganium|Meganiumite\n|move|p2a: Rhyperior|Protect|p2a: Rhyperior\n|-singleturn|p2a: Rhyperior|Protect\n|move|p1b: Meganium|Solar Beam||[still]\n|-prepare|p1b: Meganium|Solar Beam\n|-activate|p1b: Meganium|ability: Mega Sol\n|-anim|p1b: Meganium|Solar Beam|p2b: Blastoise\n|-supereffective|p2b: Blastoise|1\n|-damage|p2b: Blastoise|0 fnt\n|faint|p2b: Blastoise\n|move|p1a: Empoleon|Hydro Pump|p2a: Rhyperior\n|-activate|p2a: Rhyperior|move: Protect\n|\n|-weather|RainDance|[upkeep]\n|upkeep\n|turn|5\n|-message|xmati forfeited.\n|\n|win|kidberlinjr\n|raw|kidberlinjr's rating: 1116 &rarr; <strong>1137</strong><br />(+21 for winning)\n|raw|xmati's rating: 1059 &rarr; <strong>1043</strong><br />(-16 for losing)\n|l|\u2606xmati\n|player|p2|\n",
  "uploadtime": 1776641443,
  "views": 11,
  "formatid": "gen9championsvgc2026regma",
  "rating": 1043,
  "private": 0,
  "password": null
}