{
  "id": "gen9championsvgc2026regma-2585438773",
  "format": "[Gen 9 Champions] VGC 2026 Reg M-A",
  "players": [
    "Pokeventurer",
    "Lilmoose01"
  ],
  "log": "|j|\u2606Pokeventurer\n|j|\u2606Lilmoose01\n|t:|1776347342\n|gametype|doubles\n|player|p1|Pokeventurer|265|1278\n|player|p2|Lilmoose01|red|1247\n|gen|9\n|tier|[Gen 9 Champions] VGC 2026 Reg M-A\n|rated|\n|rule|Species Clause: Limit one of each Pok\u00e9mon\n|rule|Item Clause: Limit 1 of each item\n|clearpoke\n|poke|p1|Basculegion, L50, M|\n|poke|p1|Kingambit, L50, F|\n|poke|p1|Mamoswine, L50, F|\n|poke|p1|Aerodactyl, L50, M|\n|poke|p1|Tsareena, L50, F|\n|poke|p1|Talonflame, L50, F|\n|poke|p2|Charizard, L50, F|\n|poke|p2|Venusaur, L50, F|\n|poke|p2|Sneasler, L50, F|\n|poke|p2|Rotom-Wash, L50|\n|poke|p2|Incineroar, L50, F|\n|poke|p2|Garchomp, L50, F|\n|teampreview|4\n|inactive|Battle timer is ON: inactive players will automatically lose when time's up. (requested by Pokeventurer)\n|inactive|Lilmoose01 has 60 seconds left.\n|inactive|Lilmoose01 has 30 seconds left.\n|\n|t:|1776347409\n|teamsize|p1|4\n|teamsize|p2|4\n|start\n|switch|p1a: Talonflame|Talonflame, L50, F|100/100\n|switch|p1b: Mamoswine|Mamoswine, L50, F|100/100\n|switch|p2a: Rotom|Rotom-Wash, L50|100/100\n|switch|p2b: Charizard|Charizard, L50, F|100/100\n|turn|1\n|j| 1#MiraidonHater\n|\n|t:|1776347434\n|detailschange|p2b: Charizard|Charizard-Mega-Y, L50, F\n|-mega|p2b: Charizard|Charizard|Charizardite Y\n|-weather|SunnyDay|[from] ability: Drought|[of] p2b: Charizard\n|move|p1a: Talonflame|Taunt|p2a: Rotom\n|-start|p2a: Rotom|move: Taunt\n|move|p2b: Charizard|Heat Wave|p1b: Mamoswine|[spread] p1a,p1b\n|-resisted|p1a: Talonflame|1\n|-supereffective|p1b: Mamoswine|1\n|-damage|p1a: Talonflame|51/100\n|-enditem|p1b: Mamoswine|Focus Sash\n|-damage|p1b: Mamoswine|1/100\n|move|p1b: Mamoswine|Rock Slide|p2b: Charizard|[spread] p2a,p2b\n|-supereffective|p2b: Charizard|2\n|-crit|p2b: Charizard\n|-damage|p2a: Rotom|81/100\n|-damage|p2b: Charizard|0 fnt\n|faint|p2b: Charizard\n|cant|p2a: Rotom|move: Taunt|Will-O-Wisp\n|\n|-weather|SunnyDay|[upkeep]\n|-heal|p2a: Rotom|86/100|[from] item: Leftovers\n|upkeep\n|\n|t:|1776347451\n|switch|p2b: Venusaur|Venusaur, L50, F|100/100\n|turn|2\n|\n|t:|1776347462\n|move|p1b: Mamoswine|Protect|p1b: Mamoswine\n|-singleturn|p1b: Mamoswine|Protect\n|move|p2b: Venusaur|Sludge Bomb|p1b: Mamoswine\n|-activate|p1b: Mamoswine|move: Protect\n|move|p1a: Talonflame|Tailwind|p1a: Talonflame\n|-sidestart|p1: Pokeventurer|move: Tailwind\n|move|p2a: Rotom|Thunderbolt|p1a: Talonflame\n|-supereffective|p1a: Talonflame|1\n|-damage|p1a: Talonflame|0 fnt\n|faint|p1a: Talonflame\n|\n|-weather|SunnyDay|[upkeep]\n|-heal|p2a: Rotom|92/100|[from] item: Leftovers\n|upkeep\n|\n|t:|1776347471\n|switch|p1a: Tsareena|Tsareena, L50, F|100/100\n|turn|3\n|\n|t:|1776347490\n|move|p2b: Venusaur|Sludge Bomb|p1a: Tsareena\n|-supereffective|p1a: Tsareena|1\n|-damage|p1a: Tsareena|3/100\n|move|p1b: Mamoswine|Icicle Crash|p2b: Venusaur\n|-supereffective|p2b: Venusaur|1\n|-enditem|p2b: Venusaur|Focus Sash\n|-damage|p2b: Venusaur|1/100\n|move|p1a: Tsareena|Trop Kick|p2a: Rotom\n|-supereffective|p2a: Rotom|1\n|-damage|p2a: Rotom|4/100\n|-unboost|p2a: Rotom|atk|1\n|move|p2a: Rotom|Hydro Pump|p1b: Mamoswine\n|-supereffective|p1b: Mamoswine|1\n|-damage|p1b: Mamoswine|0 fnt\n|faint|p1b: Mamoswine\n|\n|-weather|SunnyDay|[upkeep]\n|-heal|p2a: Rotom|10/100|[from] item: Leftovers\n|-end|p2a: Rotom|move: Taunt\n|upkeep\n|\n|t:|1776347503\n|switch|p1b: Basculegion|Basculegion, L50, M|100/100\n|turn|4\n|\n|t:|1776347516\n|move|p1b: Basculegion|Last Respects|p2b: Venusaur\n|-damage|p2b: Venusaur|0 fnt\n|faint|p2b: Venusaur\n|move|p1a: Tsareena|Trop Kick|p2a: Rotom\n|-supereffective|p2a: Rotom|1\n|-damage|p2a: Rotom|0 fnt\n|faint|p2a: Rotom\n|\n|-weather|SunnyDay|[upkeep]\n|upkeep\n|\n|t:|1776347520\n|switch|p2b: Sneasler|Sneasler, L50, F|100/100\n|turn|5\n|\n|t:|1776347529\n|move|p1b: Basculegion|Last Respects|p2b: Sneasler\n|-damage|p2b: Sneasler|0 fnt\n|faint|p2b: Sneasler\n|\n|win|Pokeventurer\n|raw|Pokeventurer's rating: 1278 &rarr; <strong>1301</strong><br />(+23 for winning)\n|raw|Lilmoose01's rating: 1247 &rarr; <strong>1224</strong><br />(-23 for losing)\n|l|\u2606Lilmoose01\n|player|p2|\n|l| 1#MiraidonHater\n|j| 1#MiraidonHater\n",
  "uploadtime": 1776347426,
  "views": 46,
  "formatid": "gen9championsvgc2026regma",
  "rating": 1224,
  "private": 0,
  "password": null
}