{
  "id": "gen9championsvgc2026regma-2588133326",
  "format": "[Gen 9 Champions] VGC 2026 Reg M-A",
  "players": [
    "wilduce",
    "treeshhhh"
  ],
  "log": "|j|\u2606wilduce\n|j|\u2606treeshhhh\n|t:|1776607751\n|gametype|doubles\n|player|p1|wilduce|n|1247\n|player|p2|treeshhhh|101|1289\n|gen|9\n|tier|[Gen 9 Champions] VGC 2026 Reg M-A\n|rated|\n|rule|Species Clause: Limit one of each Pok\u00e9mon\n|rule|Item Clause: Limit 1 of each item\n|clearpoke\n|poke|p1|Sneasler, L50, M|\n|poke|p1|Tauros-Paldea-Aqua, L50, M|\n|poke|p1|Basculegion, L50, M|\n|poke|p1|Froslass, L50, F|\n|poke|p1|Aerodactyl, L50, F|\n|poke|p1|Archaludon, L50, F|\n|poke|p2|Lucario, L50, M, shiny|\n|poke|p2|Dragonite, L50, M, shiny|\n|poke|p2|Archaludon, L50, F, shiny|\n|poke|p2|Kingambit, L50, M, shiny|\n|poke|p2|Basculegion, L50, M, shiny|\n|poke|p2|Pelipper, L50, F, shiny|\n|teampreview|4\n|\n|t:|1776607798\n|teamsize|p1|4\n|teamsize|p2|4\n|start\n|switch|p1a: Aerodactyl|Aerodactyl, L50, F|100/100\n|switch|p1b: Archaludon|Archaludon, L50, F|100/100\n|switch|p2a: Archaludon|Archaludon, L50, F, shiny|100/100\n|switch|p2b: Basculegion|Basculegion, L50, M, shiny|100/100\n|-ability|p1a: Aerodactyl|Unnerve\n|turn|1\n|inactive|Battle timer is ON: inactive players will automatically lose when time's up. (requested by wilduce)\n|\n|t:|1776607814\n|move|p2b: Basculegion|Flip Turn|p1b: Archaludon\n|-resisted|p1b: Archaludon|1\n|-damage|p1b: Archaludon|88/100\n|\n|t:|1776607818\n|switch|p2b: Pelipper|Pelipper, L50, F, shiny|100/100|[from] Flip Turn\n|-weather|RainDance|[from] ability: Drizzle|[of] p2b: Pelipper\n|move|p1a: Aerodactyl|Tailwind|p1a: Aerodactyl\n|-sidestart|p1: wilduce|move: Tailwind\n|move|p1b: Archaludon|Aura Sphere|p2a: Archaludon\n|-supereffective|p2a: Archaludon|1\n|-damage|p2a: Archaludon|45/100\n|-ability|p2a: Archaludon|Stamina|boost\n|-boost|p2a: Archaludon|def|1\n|move|p2a: Archaludon|Electro Shot||[still]\n|-prepare|p2a: Archaludon|Electro Shot\n|-boost|p2a: Archaludon|spa|1\n|-anim|p2a: Archaludon|Electro Shot|p1a: Aerodactyl\n|-supereffective|p1a: Aerodactyl|1\n|-enditem|p1a: Aerodactyl|Focus Sash\n|-damage|p1a: Aerodactyl|1/100\n|\n|-weather|RainDance|[upkeep]\n|-heal|p1b: Archaludon|94/100|[from] item: Leftovers\n|-heal|p2a: Archaludon|51/100|[from] item: Leftovers\n|upkeep\n|turn|2\n|inactive|treeshhhh has 30 seconds left.\n|\n|t:|1776607849\n|switch|p2a: Basculegion|Basculegion, L50, M, shiny|100/100\n|move|p2b: Pelipper|Protect|p2b: Pelipper\n|-singleturn|p2b: Pelipper|Protect\n|move|p1a: Aerodactyl|Rock Slide|p2a: Basculegion|[spread] p2a\n|-activate|p2b: Pelipper|move: Protect\n|-damage|p2a: Basculegion|70/100\n|move|p1b: Archaludon|Thunderbolt|p2b: Pelipper\n|-activate|p2b: Pelipper|move: Protect\n|\n|-weather|RainDance|[upkeep]\n|-heal|p1b: Archaludon|99/100|[from] item: Leftovers\n|upkeep\n|turn|3\n|\n|t:|1776607877\n|switch|p2b: Kingambit|Kingambit, L50, M, shiny|100/100\n|move|p2a: Basculegion|Aqua Jet|p1a: Aerodactyl\n|-supereffective|p1a: Aerodactyl|1\n|-damage|p1a: Aerodactyl|0 fnt\n|faint|p1a: Aerodactyl\n|move|p1b: Archaludon|Dragon Pulse|p2a: Basculegion\n|-damage|p2a: Basculegion|18/100\n|\n|-weather|RainDance|[upkeep]\n|-heal|p1b: Archaludon|100/100|[from] item: Leftovers\n|upkeep\n|\n|t:|1776607890\n|switch|p1a: Froslass|Froslass, L50, F|100/100\n|turn|4\n|\n|t:|1776607903\n|move|p1a: Froslass|Protect|p1a: Froslass\n|-singleturn|p1a: Froslass|Protect\n|move|p2a: Basculegion|Aqua Jet|p1a: Froslass\n|-activate|p1a: Froslass|move: Protect\n|move|p1b: Archaludon|Aura Sphere|p2b: Kingambit\n|-supereffective|p2b: Kingambit|2\n|-enditem|p2b: Kingambit|Chople Berry|[eat]\n|-enditem|p2b: Kingambit|Chople Berry|[weaken]\n|-damage|p2b: Kingambit|43/100\n|move|p2b: Kingambit|Low Kick|p1b: Archaludon\n|-supereffective|p1b: Archaludon|1\n|-damage|p1b: Archaludon|57/100\n|\n|-weather|RainDance|[upkeep]\n|-heal|p1b: Archaludon|63/100|[from] item: Leftovers\n|-sideend|p1: wilduce|move: Tailwind\n|upkeep\n|turn|5\n|\n|t:|1776607932\n|detailschange|p1a: Froslass|Froslass-Mega, L50, F\n|-mega|p1a: Froslass|Froslass|Froslassite\n|-weather|Snowscape|[from] ability: Snow Warning|[of] p1a: Froslass\n|move|p2b: Kingambit|Protect|p2b: Kingambit\n|-singleturn|p2b: Kingambit|Protect\n|move|p2a: Basculegion|Aqua Jet|p1a: Froslass\n|-damage|p1a: Froslass|77/100\n|move|p1a: Froslass|Blizzard|p2b: Kingambit|[spread] p2a\n|-activate|p2b: Kingambit|move: Protect\n|-resisted|p2a: Basculegion|1\n|-damage|p2a: Basculegion|0 fnt\n|faint|p2a: Basculegion\n|move|p1b: Archaludon|Dragon Pulse|p2b: Kingambit\n|-activate|p2b: Kingambit|move: Protect\n|\n|-weather|Snowscape|[upkeep]\n|-heal|p1b: Archaludon|69/100|[from] item: Leftovers\n|upkeep\n|\n|t:|1776607944\n|switch|p2a: Pelipper|Pelipper, L50, F, shiny|100/100\n|-weather|RainDance|[from] ability: Drizzle|[of] p2a: Pelipper\n|turn|6\n|\n|t:|1776607958\n|move|p1a: Froslass|Protect|p1a: Froslass\n|-singleturn|p1a: Froslass|Protect\n|move|p2b: Kingambit|Sucker Punch|p1b: Archaludon\n|-damage|p1b: Archaludon|39/100\n|move|p2a: Pelipper|Weather Ball|p1b: Archaludon\n|-resisted|p1b: Archaludon|1\n|-damage|p1b: Archaludon|0 fnt\n|faint|p1b: Archaludon\n|\n|-weather|RainDance|[upkeep]\n|upkeep\n|\n|t:|1776607965\n|switch|p1b: Basculegion|Basculegion, L50, M|100/100\n|turn|7\n|\n|t:|1776607972\n|move|p2b: Kingambit|Sucker Punch|p1b: Basculegion\n|-supereffective|p1b: Basculegion|1\n|-damage|p1b: Basculegion|0 fnt\n|faint|p1b: Basculegion\n|move|p1a: Froslass|Blizzard|p2a: Pelipper|[spread] p2a,p2b\n|-resisted|p2b: Kingambit|1\n|-damage|p2a: Pelipper|26/100\n|-damage|p2b: Kingambit|20/100\n|move|p2a: Pelipper|Weather Ball|p1a: Froslass\n|-damage|p1a: Froslass|0 fnt\n|faint|p1a: Froslass\n|\n|win|treeshhhh\n|raw|wilduce's rating: 1247 &rarr; <strong>1225</strong><br />(-22 for losing)\n|raw|treeshhhh's rating: 1289 &rarr; <strong>1311</strong><br />(+22 for winning)\n|l|\u2606wilduce\n|player|p1|\n",
  "uploadtime": 1776607982,
  "views": 14,
  "formatid": "gen9championsvgc2026regma",
  "rating": 1225,
  "private": 0,
  "password": null
}