{
  "id": "gen9championsvgc2026regma-2581245246",
  "format": "[Gen 9 Champions] VGC 2026 Reg M-A",
  "players": [
    "IXx Cuda xXI",
    "XungLao"
  ],
  "log": "|j|\u2606IXx Cuda xXI\n|j|\u2606XungLao\n|t:|1775975634\n|gametype|doubles\n|player|p1|IXx Cuda xXI|170|1080\n|player|p2|XungLao|rood|1129\n|gen|9\n|tier|[Gen 9 Champions] VGC 2026 Reg M-A\n|rated|\n|rule|Species Clause: Limit one of each Pok\u00e9mon\n|rule|Item Clause: Limit 1 of each item\n|clearpoke\n|poke|p1|Kommo-o, L50, M|\n|poke|p1|Scizor, L50, F|\n|poke|p1|Incineroar, L50, F|\n|poke|p1|Clefable, L50, F|\n|poke|p1|Slowbro, L50, F|\n|poke|p1|Sinistcha, L50|\n|poke|p2|Froslass, L50, F|\n|poke|p2|Aerodactyl, L50, M|\n|poke|p2|Maushold, L50|\n|poke|p2|Sneasler, L50, M|\n|poke|p2|Farigiraf, L50, M|\n|poke|p2|Kingambit, L50, M|\n|teampreview|4\n|inactive|Battle timer is ON: inactive players will automatically lose when time's up. (requested by XungLao)\n|\n|t:|1775975716\n|teamsize|p1|4\n|teamsize|p2|4\n|start\n|switch|p1a: Kommo-o|Kommo-o, L50, M|100/100\n|switch|p1b: Clefable|Clefable, L50, F|100/100\n|switch|p2a: Froslass|Froslass, L50, F|100/100\n|switch|p2b: Sneasler|Sneasler, L50, M|100/100\n|turn|1\n|\n|t:|1775975735\n|switch|p1a: Incineroar|Incineroar, L50, F|100/100\n|-ability|p1a: Incineroar|Intimidate|boost\n|-unboost|p2a: Froslass|atk|1\n|-unboost|p2b: Sneasler|atk|1\n|-enditem|p2b: Sneasler|White Herb\n|-clearnegativeboost|p2b: Sneasler|[silent]\n|switch|p1b: Scizor|Scizor, L50, F|100/100\n|move|p2b: Sneasler|Fake Out|p1a: Incineroar\n|-damage|p1a: Incineroar|87/100\n|move|p2a: Froslass|Nasty Plot|p2a: Froslass\n|-boost|p2a: Froslass|spa|2\n|\n|upkeep\n|turn|2\n|inactive|IXx Cuda xXI has 30 seconds left.\n|inactive|XungLao has 30 seconds left.\n|inactive|IXx Cuda xXI has 20 seconds left.\n|inactive|XungLao has 20 seconds left.\n|inactive|IXx Cuda xXI has 15 seconds left.\n|inactive|XungLao has 15 seconds left.\n|inactive|IXx Cuda xXI has 10 seconds left.\n|inactive|XungLao has 10 seconds left.\n|\n|t:|1775975788\n|switch|p2b: Maushold|Maushold, L50|100/100\n|move|p2a: Froslass|Protect|p2a: Froslass\n|-singleturn|p2a: Froslass|Protect\n|move|p1b: Scizor|Bullet Punch|p2a: Froslass\n|-activate|p2a: Froslass|move: Protect\n|move|p1a: Incineroar|Flare Blitz|p2a: Froslass\n|-activate|p2a: Froslass|move: Protect\n|\n|upkeep\n|turn|3\n|\n|t:|1775975810\n|detailschange|p2a: Froslass|Froslass-Mega, L50, F\n|-mega|p2a: Froslass|Froslass|Froslassite\n|-weather|Snowscape|[from] ability: Snow Warning|[of] p2a: Froslass\n|move|p2b: Maushold|Follow Me|p2b: Maushold\n|-singleturn|p2b: Maushold|move: Follow Me\n|move|p1b: Scizor|Bullet Punch|p2b: Maushold\n|-damage|p2b: Maushold|56/100\n|move|p2a: Froslass|Shadow Ball|p1b: Scizor\n|-damage|p1b: Scizor|0 fnt\n|faint|p1b: Scizor\n|move|p1a: Incineroar|Flare Blitz|p2b: Maushold\n|-damage|p2b: Maushold|0 fnt\n|faint|p2b: Maushold\n|-damage|p1a: Incineroar|70/100|[from] Recoil\n|\n|-weather|Snowscape|[upkeep]\n|upkeep\n|\n|t:|1775975832\n|switch|p2b: Sneasler|Sneasler, L50, M|100/100\n|switch|p1b: Kommo-o|Kommo-o, L50, M|100/100\n|turn|4\n|\n|t:|1775975839\n|switch|p1a: Clefable|Clefable, L50, F|100/100\n|move|p1b: Kommo-o|Protect|p1b: Kommo-o\n|-singleturn|p1b: Kommo-o|Protect\n|move|p2b: Sneasler|Fake Out|p1a: Clefable\n|-damage|p1a: Clefable|88/100\n|move|p2a: Froslass|Blizzard|p1b: Kommo-o|[spread] p1a\n|-activate|p1b: Kommo-o|move: Protect\n|-crit|p1a: Clefable\n|-damage|p1a: Clefable|28/100\n|\n|-weather|Snowscape|[upkeep]\n|-heal|p1a: Clefable|34/100|[from] item: Leftovers\n|upkeep\n|turn|5\n|-message|IXx Cuda xXI forfeited.\n|\n|win|XungLao\n|raw|IXx Cuda xXI's rating: 1080 &rarr; <strong>1061</strong><br />(-19 for losing)\n|raw|XungLao's rating: 1129 &rarr; <strong>1150</strong><br />(+21 for winning)\n|l|\u2606IXx Cuda xXI\n|player|p1|\n",
  "uploadtime": 1775975855,
  "views": 21,
  "formatid": "gen9championsvgc2026regma",
  "rating": 1061,
  "private": 0,
  "password": null
}