{
  "id": "gen9championsvgc2026regma-2587109895",
  "format": "[Gen 9 Champions] VGC 2026 Reg M-A",
  "players": [
    "cakesgalore3",
    "iwantacoolname"
  ],
  "log": "|j|\u2606cakesgalore3\n|j|\u2606iwantacoolname\n|t:|1776494762\n|gametype|doubles\n|player|p1|cakesgalore3|101|1469\n|player|p2|iwantacoolname|1|1425\n|gen|9\n|tier|[Gen 9 Champions] VGC 2026 Reg M-A\n|rated|\n|rule|Species Clause: Limit one of each Pok\u00e9mon\n|rule|Item Clause: Limit 1 of each item\n|clearpoke\n|poke|p1|Floette-Eternal, L50, F|\n|poke|p1|Incineroar, L50, F|\n|poke|p1|Sinistcha, L50|\n|poke|p1|Aerodactyl, L50, F|\n|poke|p1|Scizor, L50, F|\n|poke|p1|Pelipper, L50, M|\n|poke|p2|Scovillain, L50, M|\n|poke|p2|Aerodactyl, L50, F|\n|poke|p2|Sneasler, L50, M|\n|poke|p2|Primarina, L50, M|\n|poke|p2|Kingambit, L50, M|\n|poke|p2|Rotom-Wash, L50|\n|teampreview|4\n|inactive|Battle timer is ON: inactive players will automatically lose when time's up. (requested by cakesgalore3)\n|\n|t:|1776494814\n|teamsize|p1|4\n|teamsize|p2|4\n|start\n|switch|p1a: Floette|Floette-Eternal, L50, F|100/100\n|switch|p1b: Aerodactyl|Aerodactyl, L50, F|100/100\n|switch|p2a: Scovillain|Scovillain, L50, M|100/100\n|switch|p2b: Primarina|Primarina, L50, M|100/100\n|-ability|p1b: Aerodactyl|Unnerve\n|turn|1\n|\n|t:|1776494835\n|detailschange|p1a: Floette|Floette-Mega, L50, F\n|-mega|p1a: Floette|Floette|Floettite\n|-ability|p1a: Floette|Fairy Aura\n|detailschange|p2a: Scovillain|Scovillain-Mega, L50, M\n|-mega|p2a: Scovillain|Scovillain|Scovillainite\n|move|p1b: Aerodactyl|Rock Slide|p2a: Scovillain|[spread] p2a,p2b\n|-supereffective|p2a: Scovillain|1\n|-damage|p2a: Scovillain|55/100\n|-damage|p2b: Primarina|71/100\n|-status|p1b: Aerodactyl|brn|[from] ability: Spicy Spray|[of] p2a: Scovillain\n|move|p1a: Floette|Calm Mind|p1a: Floette\n|-boost|p1a: Floette|spa|1\n|-boost|p1a: Floette|spd|1\n|move|p2b: Primarina|Calm Mind|p2b: Primarina\n|-boost|p2b: Primarina|spa|1\n|-boost|p2b: Primarina|spd|1\n|move|p2a: Scovillain|Leech Seed|p1a: Floette\n|-start|p1a: Floette|move: Leech Seed\n|\n|-heal|p2b: Primarina|77/100|[from] item: Leftovers\n|-damage|p1a: Floette|88/100|[from] Leech Seed|[of] p2a: Scovillain\n|-heal|p2a: Scovillain|68/100|[silent]\n|-damage|p1b: Aerodactyl|95/100 brn|[from] brn\n|upkeep\n|turn|2\n|inactive|iwantacoolname has 30 seconds left.\n|\n|t:|1776494864\n|move|p1b: Aerodactyl|Rock Slide|p2b: Primarina|[spread] p2a,p2b\n|-supereffective|p2a: Scovillain|1\n|-damage|p2a: Scovillain|45/100\n|-damage|p2b: Primarina|62/100\n|move|p1a: Floette|Moonblast|p2b: Primarina\n|-damage|p2b: Primarina|3/100\n|move|p2b: Primarina|Hyper Voice|p1b: Aerodactyl|[spread] p1a,p1b\n|-supereffective|p1b: Aerodactyl|1\n|-damage|p1a: Floette|63/100\n|-damage|p1b: Aerodactyl|0 fnt\n|faint|p1b: Aerodactyl\n|move|p2a: Scovillain|Flamethrower|p1a: Floette\n|-damage|p1a: Floette|45/100\n|\n|-heal|p2b: Primarina|10/100|[from] item: Leftovers\n|-damage|p1a: Floette|33/100|[from] Leech Seed|[of] p2a: Scovillain\n|-heal|p2a: Scovillain|57/100|[silent]\n|upkeep\n|\n|t:|1776494877\n|switch|p1b: Sinistcha|Sinistcha, L50|100/100\n|-heal|p1a: Floette|57/100|[from] ability: Hospitality|[of] p1b: Sinistcha\n|turn|3\n|\n|t:|1776494895\n|switch|p1b: Incineroar|Incineroar, L50, F|100/100\n|-ability|p1b: Incineroar|Intimidate|boost\n|-unboost|p2a: Scovillain|atk|1\n|-unboost|p2b: Primarina|atk|1\n|move|p2b: Primarina|Protect|p2b: Primarina\n|-singleturn|p2b: Primarina|Protect\n|move|p1a: Floette|Dazzling Gleam|p2b: Primarina|[spread] p2a\n|-activate|p2b: Primarina|move: Protect\n|-resisted|p2a: Scovillain|1\n|-damage|p2a: Scovillain|21/100\n|-status|p1a: Floette|brn|[from] ability: Spicy Spray|[of] p2a: Scovillain\n|move|p2a: Scovillain|Flamethrower|p1b: Incineroar\n|-resisted|p1b: Incineroar|1\n|-damage|p1b: Incineroar|84/100\n|\n|-heal|p2b: Primarina|16/100|[from] item: Leftovers\n|-damage|p1a: Floette|45/100 brn|[from] Leech Seed|[of] p2a: Scovillain\n|-heal|p2a: Scovillain|34/100|[silent]\n|-damage|p1a: Floette|39/100 brn|[from] brn\n|upkeep\n|turn|4\n|\n|t:|1776494917\n|switch|p1b: Sinistcha|Sinistcha, L50|100/100\n|-heal|p1a: Floette|64/100 brn|[from] ability: Hospitality|[of] p1b: Sinistcha\n|move|p2a: Scovillain|Protect|p2a: Scovillain\n|-singleturn|p2a: Scovillain|Protect\n|move|p1a: Floette|Dazzling Gleam|p2a: Scovillain|[spread] p2b\n|-activate|p2a: Scovillain|move: Protect\n|-damage|p2b: Primarina|0 fnt\n|faint|p2b: Primarina\n|\n|-damage|p1a: Floette|52/100 brn|[from] Leech Seed|[of] p2a: Scovillain\n|-heal|p2a: Scovillain|46/100|[silent]\n|-damage|p1a: Floette|46/100 brn|[from] brn\n|upkeep\n|\n|t:|1776494926\n|switch|p2b: Sneasler|Sneasler, L50, M|100/100\n|turn|5\n|\n|t:|1776494945\n|switch|p1b: Incineroar|Incineroar, L50, F|84/100\n|-ability|p1b: Incineroar|Intimidate|boost\n|-unboost|p2a: Scovillain|atk|1\n|-unboost|p2b: Sneasler|atk|1\n|-enditem|p2b: Sneasler|White Herb\n|-clearnegativeboost|p2b: Sneasler|[silent]\n|move|p1a: Floette|Protect|p1a: Floette\n|-singleturn|p1a: Floette|Protect\n|move|p2b: Sneasler|Dire Claw|p1a: Floette\n|-activate|p1a: Floette|move: Protect\n|move|p2a: Scovillain|Leech Seed|p1b: Incineroar\n|-start|p1b: Incineroar|move: Leech Seed\n|\n|-damage|p1a: Floette|34/100 brn|[from] Leech Seed|[of] p2a: Scovillain\n|-heal|p2a: Scovillain|59/100|[silent]\n|-damage|p1b: Incineroar|71/100|[from] Leech Seed|[of] p2a: Scovillain\n|-heal|p2a: Scovillain|74/100|[silent]\n|-damage|p1a: Floette|28/100 brn|[from] brn\n|upkeep\n|turn|6\n|\n|t:|1776494957\n|move|p2b: Sneasler|Protect|p2b: Sneasler\n|-singleturn|p2b: Sneasler|Protect\n|move|p2a: Scovillain|Protect|p2a: Scovillain\n|-singleturn|p2a: Scovillain|Protect\n|move|p1b: Incineroar|Fake Out|p2b: Sneasler\n|-activate|p2b: Sneasler|move: Protect\n|move|p1a: Floette|Calm Mind|p1a: Floette\n|-boost|p1a: Floette|spa|1\n|-boost|p1a: Floette|spd|1\n|\n|-damage|p1a: Floette|15/100 brn|[from] Leech Seed|[of] p2a: Scovillain\n|-heal|p2a: Scovillain|87/100|[silent]\n|-damage|p1b: Incineroar|59/100|[from] Leech Seed|[of] p2a: Scovillain\n|-heal|p2a: Scovillain|100/100|[silent]\n|-damage|p1a: Floette|9/100 brn|[from] brn\n|upkeep\n|turn|7\n|inactive|iwantacoolname has 30 seconds left.\n|inactive|iwantacoolname has 20 seconds left.\n|\n|t:|1776494994\n|switch|p1b: Sinistcha|Sinistcha, L50|100/100\n|-heal|p1a: Floette|34/100 brn|[from] ability: Hospitality|[of] p1b: Sinistcha\n|move|p2a: Scovillain|Rage Powder|p2a: Scovillain\n|-singleturn|p2a: Scovillain|move: Rage Powder\n|move|p2b: Sneasler|Dire Claw|p1a: Floette\n|-supereffective|p1a: Floette|1\n|-damage|p1a: Floette|0 fnt\n|faint|p1a: Floette\n|\n|upkeep\n|\n|t:|1776495002\n|switch|p1a: Incineroar|Incineroar, L50, F|59/100\n|-ability|p1a: Incineroar|Intimidate|boost\n|-unboost|p2a: Scovillain|atk|1\n|-unboost|p2b: Sneasler|atk|1\n|turn|8\n|\n|t:|1776495008\n|move|p2b: Sneasler|Protect|p2b: Sneasler\n|-singleturn|p2b: Sneasler|Protect\n|move|p2a: Scovillain|Protect|p2a: Scovillain\n|-singleturn|p2a: Scovillain|Protect\n|move|p1a: Incineroar|Fake Out|p2a: Scovillain\n|-activate|p2a: Scovillain|move: Protect\n|move|p1b: Sinistcha|Trick Room|p1b: Sinistcha\n|-fieldstart|move: Trick Room|[of] p1b: Sinistcha\n|\n|upkeep\n|turn|9\n|\n|t:|1776495022\n|move|p1a: Incineroar|Darkest Lariat|p2a: Scovillain\n|-crit|p2a: Scovillain\n|-damage|p2a: Scovillain|44/100\n|-immune|p1a: Incineroar\n|move|p1b: Sinistcha|Life Dew||[still]|[spread] p1a,p1b\n|-heal|p1a: Incineroar|84/100\n|-fail|p1b: Sinistcha|heal\n|move|p2a: Scovillain|Flamethrower|p1b: Sinistcha|[miss]\n|-miss|p2a: Scovillain|p1b: Sinistcha\n|move|p2b: Sneasler|Close Combat|p1a: Incineroar\n|-supereffective|p1a: Incineroar|1\n|-damage|p1a: Incineroar|3/100\n|-unboost|p2b: Sneasler|def|1\n|-unboost|p2b: Sneasler|spd|1\n|-enditem|p1a: Incineroar|Sitrus Berry|[eat]\n|-heal|p1a: Incineroar|28/100|[from] item: Sitrus Berry\n|\n|upkeep\n|turn|10\n|inactive|cakesgalore3 has 30 seconds left.\n|\n|t:|1776495050\n|move|p2a: Scovillain|Protect|p2a: Scovillain\n|-singleturn|p2a: Scovillain|Protect\n|move|p2b: Sneasler|Protect|p2b: Sneasler\n|-singleturn|p2b: Sneasler|Protect\n|move|p1b: Sinistcha|Rage Powder|p1b: Sinistcha\n|-singleturn|p1b: Sinistcha|move: Rage Powder\n|move|p1a: Incineroar|Darkest Lariat|p2a: Scovillain\n|-activate|p2a: Scovillain|move: Protect\n|\n|upkeep\n|turn|11\n|inactive|iwantacoolname has 30 seconds left.\n|\n|t:|1776495075\n|move|p1a: Incineroar|Darkest Lariat|p2a: Scovillain\n|-damage|p2a: Scovillain|7/100\n|-immune|p1a: Incineroar\n|move|p1b: Sinistcha|Matcha Gotcha|p2a: Scovillain|[spread] p2a,p2b\n|-resisted|p2a: Scovillain|2\n|-resisted|p2b: Sneasler|1\n|-damage|p2a: Scovillain|2/100\n|-damage|p2b: Sneasler|77/100\n|-status|p2b: Sneasler|brn\n|-status|p1b: Sinistcha|brn|[from] ability: Spicy Spray|[of] p2a: Scovillain\n|move|p2a: Scovillain|Flamethrower|p1b: Sinistcha|[miss]\n|-miss|p2a: Scovillain|p1b: Sinistcha\n|move|p2b: Sneasler|Throat Chop|p1b: Sinistcha\n|-supereffective|p1b: Sinistcha|1\n|-damage|p1b: Sinistcha|83/100 brn\n|-start|p1b: Sinistcha|Throat Chop|[silent]\n|\n|-damage|p1b: Sinistcha|76/100 brn|[from] brn\n|-damage|p2b: Sneasler|71/100 brn|[from] brn\n|upkeep\n|turn|12\n|inactive|cakesgalore3 has 30 seconds left.\n|inactive|iwantacoolname has 30 seconds left.\n|c|\u2606iwantacoolname|how dodge flanme thrower\n|\n|t:|1776495105\n|move|p1a: Incineroar|Darkest Lariat|p2a: Scovillain\n|-damage|p2a: Scovillain|0 fnt\n|-immune|p1a: Incineroar\n|faint|p2a: Scovillain\n|move|p1b: Sinistcha|Life Dew|p1b: Sinistcha|[spread] p1a,p1b\n|-heal|p1a: Incineroar|53/100\n|-heal|p1b: Sinistcha|100/100 brn\n|move|p2b: Sneasler|Close Combat|p1a: Incineroar\n|-supereffective|p1a: Incineroar|1\n|-damage|p1a: Incineroar|10/100\n|-unboost|p2b: Sneasler|def|1\n|-unboost|p2b: Sneasler|spd|1\n|\n|-damage|p1b: Sinistcha|94/100 brn|[from] brn\n|-damage|p2b: Sneasler|65/100 brn|[from] brn\n|-end|p1b: Sinistcha|Throat Chop|[silent]\n|-fieldend|move: Trick Room\n|upkeep\n|\n|t:|1776495108\n|switch|p2a: Aerodactyl|Aerodactyl, L50, F|100/100\n|-ability|p2a: Aerodactyl|Unnerve\n|turn|13\n|j| PurpleWhaleKING\n|inactive|iwantacoolname has 30 seconds left.\n|\n|t:|1776495134\n|move|p2b: Sneasler|Throat Chop|p1b: Sinistcha\n|-supereffective|p1b: Sinistcha|1\n|-damage|p1b: Sinistcha|78/100 brn\n|-start|p1b: Sinistcha|Throat Chop|[silent]\n|move|p2a: Aerodactyl|Rock Slide|p1a: Incineroar|[spread] p1a,p1b\n|-supereffective|p1a: Incineroar|1\n|-damage|p1a: Incineroar|0 fnt\n|-damage|p1b: Sinistcha|54/100 brn\n|faint|p1a: Incineroar\n|move|p1b: Sinistcha|Matcha Gotcha|p2b: Sneasler|[spread] p2a,p2b\n|-resisted|p2b: Sneasler|1\n|-damage|p2a: Aerodactyl|70/100\n|-heal|p1b: Sinistcha|67/100 brn|[from] drain|[of] p2a: Aerodactyl\n|-damage|p2b: Sneasler|37/100 brn\n|-heal|p1b: Sinistcha|80/100 brn|[from] drain|[of] p2b: Sneasler\n|\n|-damage|p2b: Sneasler|31/100 brn|[from] brn\n|-damage|p1b: Sinistcha|74/100 brn|[from] brn\n|upkeep\n|turn|14\n|\n|t:|1776495152\n|move|p2b: Sneasler|Throat Chop|p1b: Sinistcha\n|-supereffective|p1b: Sinistcha|1\n|-damage|p1b: Sinistcha|55/100 brn\n|move|p2a: Aerodactyl|Dual Wingbeat|p1b: Sinistcha|[miss]\n|-miss|p2a: Aerodactyl|p1b: Sinistcha\n|move|p1b: Sinistcha|Matcha Gotcha|p2b: Sneasler|[spread] p2a,p2b\n|-resisted|p2b: Sneasler|1\n|-damage|p2a: Aerodactyl|40/100\n|-heal|p1b: Sinistcha|68/100 brn|[from] drain|[of] p2a: Aerodactyl\n|-damage|p2b: Sneasler|0 fnt\n|-heal|p1b: Sinistcha|81/100 brn|[from] drain|[of] p2b: Sneasler\n|faint|p2b: Sneasler\n|\n|-damage|p1b: Sinistcha|75/100 brn|[from] brn\n|-end|p1b: Sinistcha|Throat Chop|[silent]\n|upkeep\n|turn|15\n|l| PurpleWhaleKING\n|\n|t:|1776495169\n|move|p2a: Aerodactyl|Dual Wingbeat|p1b: Sinistcha\n|-supereffective|p1b: Sinistcha|1\n|-damage|p1b: Sinistcha|44/100 brn\n|-supereffective|p1b: Sinistcha|1\n|-damage|p1b: Sinistcha|12/100 brn\n|-hitcount|p1b: Sinistcha|2\n|move|p1b: Sinistcha|Matcha Gotcha|p2a: Aerodactyl\n|-damage|p2a: Aerodactyl|0 fnt\n|-heal|p1b: Sinistcha|30/100 brn|[from] drain|[of] p2a: Aerodactyl\n|faint|p2a: Aerodactyl\n|\n|win|cakesgalore3\n|raw|cakesgalore3's rating: 1469 &rarr; <strong>1486</strong><br />(+17 for winning)\n|raw|iwantacoolname's rating: 1425 &rarr; <strong>1408</strong><br />(-17 for losing)\n|c|\u2606iwantacoolname|ahahah gg\n|l|\u2606iwantacoolname\n|player|p2|\n|c|\u2606cakesgalore3|O.g\n|l|\u2606cakesgalore3\n|player|p1|\n",
  "uploadtime": 1776495174,
  "views": 27,
  "formatid": "gen9championsvgc2026regma",
  "rating": 1408,
  "private": 0,
  "password": null
}