{
  "id": "gen9championsvgc2026regma-2585571635",
  "format": "[Gen 9 Champions] VGC 2026 Reg M-A",
  "players": [
    "jennytells",
    "Asteriorh"
  ],
  "log": "|j|\u2606jennytells\n|j|\u2606Asteriorh\n|t:|1776356278\n|gametype|doubles\n|player|p1|jennytells|skyla|1088\n|player|p2|Asteriorh|170|1076\n|gen|9\n|tier|[Gen 9 Champions] VGC 2026 Reg M-A\n|rated|\n|rule|Species Clause: Limit one of each Pok\u00e9mon\n|rule|Item Clause: Limit 1 of each item\n|clearpoke\n|poke|p1|Tyranitar, L50, F|\n|poke|p1|Excadrill, L50, F|\n|poke|p1|Whimsicott, L50, M|\n|poke|p1|Arcanine-Hisui, L50, M|\n|poke|p1|Meganium, L50, F|\n|poke|p1|Noivern, L50, M|\n|poke|p2|Aerodactyl, L50, F|\n|poke|p2|Basculegion, L50, M|\n|poke|p2|Kommo-o, L50, F|\n|poke|p2|Scizor, L50, M|\n|poke|p2|Scovillain, L50, M|\n|poke|p2|Sneasler, L50, M|\n|teampreview|4\n|\n|t:|1776356319\n|teamsize|p1|4\n|teamsize|p2|4\n|start\n|switch|p1a: Arcanine|Arcanine-Hisui, L50, M|100/100\n|switch|p1b: Noivern|Noivern, L50, M|100/100\n|switch|p2a: Scovillain|Scovillain, L50, M|100/100\n|switch|p2b: Sneasler|Sneasler, L50, M|100/100\n|-item|p2a: Scovillain|Scovillainite|[from] ability: Frisk|[of] p1b: Noivern\n|-item|p2b: Sneasler|White Herb|[from] ability: Frisk|[of] p1b: Noivern\n|-ability|p1a: Arcanine|Intimidate|boost\n|-unboost|p2a: Scovillain|atk|1\n|-unboost|p2b: Sneasler|atk|1\n|-enditem|p2b: Sneasler|White Herb\n|-clearnegativeboost|p2b: Sneasler|[silent]\n|turn|1\n|\n|t:|1776356342\n|move|p1a: Arcanine|Helping Hand|p1b: Noivern\n|-singleturn|p1b: Noivern|Helping Hand|[of] p1a: Arcanine\n|move|p2a: Scovillain|Protect|p2a: Scovillain\n|-singleturn|p2a: Scovillain|Protect\n|move|p2b: Sneasler|Fake Out|p1b: Noivern\n|-damage|p1b: Noivern|81/100\n|cant|p1b: Noivern|flinch\n|\n|-ability|p2a: Scovillain|Moody|boost\n|-boost|p2a: Scovillain|spd|2\n|-unboost|p2a: Scovillain|spa|1\n|upkeep\n|turn|2\n|\n|t:|1776356380\n|move|p1a: Arcanine|Helping Hand|p1b: Noivern\n|-singleturn|p1b: Noivern|Helping Hand|[of] p1a: Arcanine\n|move|p2b: Sneasler|Dire Claw|p1b: Noivern\n|-damage|p1b: Noivern|29/100\n|-status|p1b: Noivern|slp\n|cant|p1b: Noivern|slp\n|move|p2a: Scovillain|Leech Seed|p1a: Arcanine\n|-start|p1a: Arcanine|move: Leech Seed\n|\n|-damage|p1a: Arcanine|88/100|[from] Leech Seed|[of] p2a: Scovillain\n|-ability|p2a: Scovillain|Moody|boost\n|-boost|p2a: Scovillain|atk|2\n|-unboost|p2a: Scovillain|spe|1\n|upkeep\n|turn|3\n|\n|t:|1776356413\n|move|p2a: Scovillain|Protect|p2a: Scovillain\n|-singleturn|p2a: Scovillain|Protect\n|move|p2b: Sneasler|Close Combat|p1a: Arcanine\n|-supereffective|p1a: Arcanine|1\n|-damage|p1a: Arcanine|0 fnt\n|-unboost|p2b: Sneasler|def|1\n|-unboost|p2b: Sneasler|spd|1\n|faint|p1a: Arcanine\n|cant|p1b: Noivern|slp\n|\n|-ability|p2a: Scovillain|Moody|boost\n|-boost|p2a: Scovillain|spe|2\n|-unboost|p2a: Scovillain|spa|1\n|upkeep\n|\n|t:|1776356435\n|switch|p1a: Tyranitar|Tyranitar, L50, F|100/100\n|-weather|Sandstorm|[from] ability: Sand Stream|[of] p1a: Tyranitar\n|turn|4\n|\n|t:|1776356448\n|detailschange|p2a: Scovillain|Scovillain-Mega, L50, M\n|-mega|p2a: Scovillain|Scovillain|Scovillainite\n|move|p1a: Tyranitar|Protect|p1a: Tyranitar\n|-singleturn|p1a: Tyranitar|Protect\n|move|p2b: Sneasler|Dire Claw|p1b: Noivern\n|-damage|p1b: Noivern|0 fnt\n|faint|p1b: Noivern\n|move|p2a: Scovillain|Leech Seed|p1a: Tyranitar\n|-activate|p1a: Tyranitar|move: Protect\n|\n|-weather|Sandstorm|[upkeep]\n|-damage|p2b: Sneasler|95/100|[from] Sandstorm\n|-damage|p2a: Scovillain|95/100|[from] Sandstorm\n|upkeep\n|\n|t:|1776356469\n|switch|p1b: Meganium|Meganium, L50, F|100/100\n|turn|5\n|\n|t:|1776356477\n|detailschange|p1a: Tyranitar|Tyranitar-Mega, L50, F\n|-mega|p1a: Tyranitar|Tyranitar|Tyranitarite\n|move|p1b: Meganium|Protect|p1b: Meganium\n|-singleturn|p1b: Meganium|Protect\n|move|p2b: Sneasler|Close Combat|p1a: Tyranitar\n|-supereffective|p1a: Tyranitar|2\n|-damage|p1a: Tyranitar|0 fnt\n|-unboost|p2b: Sneasler|def|1\n|-unboost|p2b: Sneasler|spd|1\n|faint|p1a: Tyranitar\n|move|p2a: Scovillain|Flamethrower|p1b: Meganium\n|-activate|p1b: Meganium|move: Protect\n|\n|-weather|Sandstorm|[upkeep]\n|-damage|p2b: Sneasler|89/100|[from] Sandstorm\n|-damage|p1b: Meganium|95/100|[from] Sandstorm\n|-damage|p2a: Scovillain|89/100|[from] Sandstorm\n|upkeep\n|turn|6\n|\n|t:|1776356495\n|move|p2b: Sneasler|Dire Claw|p1b: Meganium\n|-supereffective|p1b: Meganium|1\n|-damage|p1b: Meganium|0 fnt\n|faint|p1b: Meganium\n|\n|win|Asteriorh\n|raw|jennytells's rating: 1088 &rarr; <strong>1064</strong><br />(-24 for losing)\n|raw|Asteriorh's rating: 1076 &rarr; <strong>1106</strong><br />(+30 for winning)\n|l|\u2606jennytells\n|player|p1|\n",
  "uploadtime": 1776356558,
  "views": 21,
  "formatid": "gen9championsvgc2026regma",
  "rating": 1064,
  "private": 0,
  "password": null
}