{
  "id": "gen9championsvgc2026regma-2584980335",
  "format": "[Gen 9 Champions] VGC 2026 Reg M-A",
  "players": [
    "heyitsmegiff",
    "jmariowo"
  ],
  "log": "|j|\u2606heyitsmegiff\n|j|\u2606jmariowo\n|t:|1776300233\n|gametype|doubles\n|player|p1|heyitsmegiff|hiker-gen4|1294\n|player|p2|jmariowo|170|1362\n|gen|9\n|tier|[Gen 9 Champions] VGC 2026 Reg M-A\n|rated|\n|rule|Species Clause: Limit one of each Pok\u00e9mon\n|rule|Item Clause: Limit 1 of each item\n|clearpoke\n|poke|p1|Aggron, L50, M|\n|poke|p1|Sinistcha, L50|\n|poke|p1|Pelipper, L50, F|\n|poke|p1|Incineroar, L50, M|\n|poke|p1|Sneasler, L50, M|\n|poke|p1|Farigiraf, L50, F|\n|poke|p2|Floette-Eternal, L50, F|\n|poke|p2|Aerodactyl, L50, F|\n|poke|p2|Sneasler, L50, M|\n|poke|p2|Sinistcha, L50|\n|poke|p2|Aegislash, L50, M|\n|poke|p2|Garchomp, L50, F|\n|teampreview|4\nheyitsmegiff has agreed to open team sheets.\n|\n|t:|1776300308\n|teamsize|p1|4\n|teamsize|p2|4\n|start\n|switch|p1a: Incineroar|Incineroar, L50, M|100/100\n|switch|p1b: Sneasler|Sneasler, L50, M|100/100\n|switch|p2a: Sneasler|Sneasler, L50, M|100/100\n|switch|p2b: Aerodactyl|Aerodactyl, L50, F|100/100\n|-ability|p2b: Aerodactyl|Unnerve\n|-ability|p1a: Incineroar|Intimidate|boost\n|-unboost|p2a: Sneasler|atk|1\n|-unboost|p2b: Aerodactyl|atk|1\n|-enditem|p2a: Sneasler|White Herb\n|-clearnegativeboost|p2a: Sneasler|[silent]\n|turn|1\n|inactive|Battle timer is ON: inactive players will automatically lose when time's up. (requested by jmariowo)\n|\n|t:|1776300355\n|move|p2a: Sneasler|Fake Out|p1a: Incineroar\n|-damage|p1a: Incineroar|87/100\n|move|p1b: Sneasler|Fake Out|p2b: Aerodactyl\n|-resisted|p2b: Aerodactyl|1\n|-damage|p2b: Aerodactyl|88/100\n|cant|p2b: Aerodactyl|flinch\n|cant|p1a: Incineroar|flinch\n|\n|upkeep\n|turn|2\n|inactive|heyitsmegiff has 30 seconds left.\n|\n|t:|1776300386\n|switch|p1b: Aggron|Aggron, L50, M|100/100\n|move|p2a: Sneasler|Close Combat|p1a: Incineroar\n|-supereffective|p1a: Incineroar|1\n|-crit|p1a: Incineroar\n|-damage|p1a: Incineroar|0 fnt\n|-unboost|p2a: Sneasler|def|1\n|-unboost|p2a: Sneasler|spd|1\n|faint|p1a: Incineroar\n|move|p2b: Aerodactyl|Dual Wingbeat|p1b: Aggron\n|-resisted|p1b: Aggron|2\n|-damage|p1b: Aggron|99/100\n|-resisted|p1b: Aggron|2\n|-damage|p1b: Aggron|97/100\n|-hitcount|p1b: Aggron|2\n|\n|upkeep\n|\n|t:|1776300398\n|switch|p1a: Sneasler|Sneasler, L50, M|100/100\n|turn|3\n|\n|t:|1776300411\n|detailschange|p1b: Aggron|Aggron-Mega, L50, M\n|-mega|p1b: Aggron|Aggron|Aggronite\n|move|p1a: Sneasler|Fake Out|p2b: Aerodactyl\n|-resisted|p2b: Aerodactyl|1\n|-damage|p2b: Aerodactyl|76/100\n|move|p2a: Sneasler|Close Combat|p1b: Aggron\n|-supereffective|p1b: Aggron|1\n|-damage|p1b: Aggron|53/100\n|-unboost|p2a: Sneasler|def|1\n|-unboost|p2a: Sneasler|spd|1\n|cant|p2b: Aerodactyl|flinch\n|move|p1b: Aggron|Iron Defense|p1b: Aggron\n|-boost|p1b: Aggron|def|2\n|\n|upkeep\n|turn|4\n|\n|t:|1776300433\n|switch|p1a: Sinistcha|Sinistcha, L50|100/100\n|-heal|p1b: Aggron|78/100|[from] ability: Hospitality|[of] p1a: Sinistcha\n|move|p2a: Sneasler|Close Combat|p1b: Aggron\n|-supereffective|p1b: Aggron|1\n|-damage|p1b: Aggron|52/100\n|-unboost|p2a: Sneasler|def|1\n|-unboost|p2a: Sneasler|spd|1\n|move|p2b: Aerodactyl|Tailwind|p2b: Aerodactyl\n|-sidestart|p2: jmariowo|move: Tailwind\n|move|p1b: Aggron|Heavy Slam|p2b: Aerodactyl\n|-supereffective|p2b: Aerodactyl|1\n|-damage|p2b: Aerodactyl|0 fnt\n|faint|p2b: Aerodactyl\n|\n|upkeep\n|\n|t:|1776300446\n|switch|p2b: Garchomp|Garchomp, L50, F|100/100\n|turn|5\n|\n|t:|1776300458\n|move|p2a: Sneasler|Dire Claw|p1a: Sinistcha\n|-damage|p1a: Sinistcha|58/100\n|move|p2b: Garchomp|Stomping Tantrum|p1b: Aggron\n|-supereffective|p1b: Aggron|1\n|-damage|p1b: Aggron|34/100\n|move|p1a: Sinistcha|Life Dew|p1a: Sinistcha|[spread] p1a,p1b\n|-heal|p1a: Sinistcha|83/100\n|-heal|p1b: Aggron|59/100\n|move|p1b: Aggron|Iron Defense|p1b: Aggron\n|-boost|p1b: Aggron|def|2\n|\n|-heal|p1a: Sinistcha|89/100|[from] item: Leftovers\n|upkeep\n|turn|6\n|\n|t:|1776300478\n|move|p1a: Sinistcha|Rage Powder|p1a: Sinistcha\n|-singleturn|p1a: Sinistcha|move: Rage Powder\n|move|p2a: Sneasler|Dire Claw|p1a: Sinistcha\n|-damage|p1a: Sinistcha|47/100\n|move|p2b: Garchomp|Stomping Tantrum|p1a: Sinistcha\n|-resisted|p1a: Sinistcha|1\n|-damage|p1a: Sinistcha|24/100\n|move|p1b: Aggron|Heavy Slam|p2a: Sneasler\n|-damage|p2a: Sneasler|0 fnt\n|faint|p2a: Sneasler\n|\n|-heal|p1a: Sinistcha|30/100|[from] item: Leftovers\n|upkeep\n|\n|t:|1776300487\n|switch|p2a: Floette|Floette-Eternal, L50, F|100/100\n|turn|7\n|inactive|heyitsmegiff has 30 seconds left.\n|\n|t:|1776300515\n|switch|p1a: Sneasler|Sneasler, L50, M|100/100\n|detailschange|p2a: Floette|Floette-Mega, L50, F\n|-mega|p2a: Floette|Floette|Floettite\n|-ability|p2a: Floette|Fairy Aura\n|move|p2b: Garchomp|Stomping Tantrum|p1b: Aggron\n|-supereffective|p1b: Aggron|1\n|-damage|p1b: Aggron|46/100\n|move|p2a: Floette|Dazzling Gleam|p1b: Aggron|[spread] p1a,p1b\n|-resisted|p1b: Aggron|1\n|-damage|p1a: Sneasler|33/100\n|-damage|p1b: Aggron|24/100\n|move|p1b: Aggron|Heavy Slam|p2a: Floette\n|-supereffective|p2a: Floette|1\n|-damage|p2a: Floette|23/100\n|\n|-sideend|p2: jmariowo|move: Tailwind\n|upkeep\n|turn|8\n|inactive|heyitsmegiff has 30 seconds left.\n|inactive|heyitsmegiff has 20 seconds left.\n|inactive|heyitsmegiff has 15 seconds left.\n|inactive|heyitsmegiff has 10 seconds left.\n|\n|t:|1776300565\n|move|p2a: Floette|Protect|p2a: Floette\n|-singleturn|p2a: Floette|Protect\n|move|p1b: Aggron|Protect|p1b: Aggron\n|-singleturn|p1b: Aggron|Protect\n|move|p1a: Sneasler|Dire Claw|p2a: Floette\n|-activate|p2a: Floette|move: Protect\n|move|p2b: Garchomp|Earthquake|p1a: Sneasler|[spread] p1a\n|-activate|p2a: Floette|move: Protect\n|-activate|p1b: Aggron|move: Protect\n|-supereffective|p1a: Sneasler|1\n|-damage|p1a: Sneasler|0 fnt\n|faint|p1a: Sneasler\n|\n|upkeep\n|\n|t:|1776300567\n|switch|p1a: Sinistcha|Sinistcha, L50|30/100\n|-heal|p1b: Aggron|49/100|[from] ability: Hospitality|[of] p1a: Sinistcha\n|turn|9\n|\n|t:|1776300586\n|move|p1a: Sinistcha|Protect|p1a: Sinistcha\n|-singleturn|p1a: Sinistcha|Protect\n|move|p2b: Garchomp|Stomping Tantrum|p1b: Aggron\n|-supereffective|p1b: Aggron|1\n|-damage|p1b: Aggron|37/100\n|move|p2a: Floette|Moonblast|p1b: Aggron\n|-resisted|p1b: Aggron|1\n|-damage|p1b: Aggron|6/100\n|-unboost|p1b: Aggron|spa|1\n|move|p1b: Aggron|Heavy Slam|p2a: Floette\n|-supereffective|p2a: Floette|1\n|-damage|p2a: Floette|0 fnt\n|faint|p2a: Floette\n|\n|-heal|p1a: Sinistcha|36/100|[from] item: Leftovers\n|upkeep\n|turn|10\n|\n|t:|1776300600\n|move|p1b: Aggron|Protect|p1b: Aggron\n|-singleturn|p1b: Aggron|Protect\n|move|p2b: Garchomp|Earthquake|p1b: Aggron|[spread] p1a\n|-activate|p1b: Aggron|move: Protect\n|-resisted|p1a: Sinistcha|1\n|-damage|p1a: Sinistcha|14/100\n|move|p1a: Sinistcha|Life Dew|p1a: Sinistcha|[spread] p1a,p1b\n|-heal|p1a: Sinistcha|39/100\n|-heal|p1b: Aggron|31/100\n|\n|-heal|p1a: Sinistcha|45/100|[from] item: Leftovers\n|upkeep\n|turn|11\n|\n|t:|1776300611\n|move|p2b: Garchomp|Earthquake|p1a: Sinistcha|[spread] p1a,p1b\n|-resisted|p1a: Sinistcha|1\n|-supereffective|p1b: Aggron|1\n|-damage|p1a: Sinistcha|25/100\n|-damage|p1b: Aggron|20/100\n|move|p1a: Sinistcha|Life Dew|p1a: Sinistcha|[spread] p1a,p1b\n|-heal|p1a: Sinistcha|50/100\n|-heal|p1b: Aggron|45/100\n|move|p1b: Aggron|Iron Defense|p1b: Aggron\n|-boost|p1b: Aggron|def|2\n|\n|-heal|p1a: Sinistcha|56/100|[from] item: Leftovers\n|upkeep\n|turn|12\n|\n|t:|1776300617\n|move|p1b: Aggron|Protect|p1b: Aggron\n|-singleturn|p1b: Aggron|Protect\n|move|p2b: Garchomp|Earthquake|p1a: Sinistcha|[spread] p1a\n|-activate|p1b: Aggron|move: Protect\n|-resisted|p1a: Sinistcha|1\n|-damage|p1a: Sinistcha|35/100\n|move|p1a: Sinistcha|Life Dew|p1a: Sinistcha|[spread] p1a,p1b\n|-heal|p1a: Sinistcha|60/100\n|-heal|p1b: Aggron|70/100\n|\n|-heal|p1a: Sinistcha|66/100|[from] item: Leftovers\n|upkeep\n|turn|13\n|\n|t:|1776300626\n|move|p2b: Garchomp|Earthquake|p1a: Sinistcha|[spread] p1a,p1b\n|-resisted|p1a: Sinistcha|1\n|-supereffective|p1b: Aggron|1\n|-damage|p1a: Sinistcha|44/100\n|-damage|p1b: Aggron|63/100\n|move|p1a: Sinistcha|Matcha Gotcha|p2b: Garchomp\n|-damage|p2b: Garchomp|62/100\n|-heal|p1a: Sinistcha|65/100|[from] drain|[of] p2b: Garchomp\n|-status|p2b: Garchomp|brn\n|move|p1b: Aggron|Body Press|p2b: Garchomp\n|-damage|p2b: Garchomp|0 fnt\n|-damage|p1b: Aggron|50/100|[from] ability: Rough Skin|[of] p2b: Garchomp\n|faint|p2b: Garchomp\n|\n|win|heyitsmegiff\n|raw|heyitsmegiff's rating: 1294 &rarr; <strong>1324</strong><br />(+30 for winning)\n|raw|jmariowo's rating: 1362 &rarr; <strong>1338</strong><br />(-24 for losing)\n|l|\u2606jmariowo\n|player|p2|\n",
  "uploadtime": 1776300637,
  "views": 29,
  "formatid": "gen9championsvgc2026regma",
  "rating": 1324,
  "private": 0,
  "password": null
}