{
  "id": "gen9championsvgc2026regma-2587904236",
  "format": "[Gen 9 Champions] VGC 2026 Reg M-A",
  "players": [
    "VesselofShovels",
    "babulbi"
  ],
  "log": "|j|\u2606VesselofShovels\n|j|\u2606babulbi\n|t:|1776576987\n|gametype|doubles\n|player|p1|VesselofShovels|265|1260\n|player|p2|babulbi|169|1212\n|gen|9\n|tier|[Gen 9 Champions] VGC 2026 Reg M-A\n|rated|\n|rule|Species Clause: Limit one of each Pok\u00e9mon\n|rule|Item Clause: Limit 1 of each item\n|clearpoke\n|poke|p1|Dragonite, L50, F|\n|poke|p1|Basculegion, L50, M|\n|poke|p1|Archaludon, L50, F|\n|poke|p1|Pelipper, L50, M|\n|poke|p1|Sinistcha-Masterpiece, L50|\n|poke|p1|Meganium, L50, F|\n|poke|p2|Tinkaton, L50, F|\n|poke|p2|Glimmora, L50, M|\n|poke|p2|Tyranitar, L50, M|\n|poke|p2|Garchomp, L50, F|\n|poke|p2|Incineroar, L50, M|\n|poke|p2|Corviknight, L50, M|\n|teampreview|4\n|inactive|Battle timer is ON: inactive players will automatically lose when time's up. (requested by babulbi)\n|inactive|babulbi has 60 seconds left.\n|\n|t:|1776577038\n|teamsize|p1|4\n|teamsize|p2|4\n|start\n|switch|p1a: Archaludon|Archaludon, L50, F|100/100\n|switch|p1b: Basculegion|Basculegion, L50, M|100/100\n|switch|p2a: Tinkaton|Tinkaton, L50, F|100/100\n|switch|p2b: Garchomp|Garchomp, L50, F|100/100\n|-ability|p2a: Tinkaton|Mold Breaker\n|turn|1\n|\n|t:|1776577056\n|move|p2b: Garchomp|Protect|p2b: Garchomp\n|-singleturn|p2b: Garchomp|Protect\n|move|p1b: Basculegion|Flip Turn|p2a: Tinkaton\n|-damage|p2a: Tinkaton|60/100\n|\n|t:|1776577063\n|switch|p1b: Pelipper|Pelipper, L50, M|100/100|[from] Flip Turn\n|-weather|RainDance|[from] ability: Drizzle|[of] p1b: Pelipper\n|move|p2a: Tinkaton|Thunder Wave|p1b: Pelipper\n|-status|p1b: Pelipper|par\n|move|p1a: Archaludon|Reflect|p1a: Archaludon\n|-sidestart|p1: VesselofShovels|Reflect\n|\n|-weather|RainDance|[upkeep]\n|upkeep\n|turn|2\n|\n|t:|1776577085\n|switch|p2b: Tyranitar|Tyranitar, L50, M|100/100\n|-weather|Sandstorm|[from] ability: Sand Stream|[of] p2b: Tyranitar\n|move|p2a: Tinkaton|Thunder Wave|p1a: Archaludon\n|-status|p1a: Archaludon|par\n|cant|p1b: Pelipper|par\n|cant|p1a: Archaludon|par\n|\n|-weather|Sandstorm|[upkeep]\n|-damage|p1b: Pelipper|95/100 par|[from] Sandstorm\n|upkeep\n|turn|3\n|c|\u2606VesselofShovels|.... isnt that a 12.5% chance now\n|inactive|VesselofShovels has 30 seconds left.\n|\n|t:|1776577113\n|move|p2a: Tinkaton|Helping Hand|p2b: Tyranitar\n|-singleturn|p2b: Tyranitar|Helping Hand|[of] p2a: Tinkaton\n|move|p2b: Tyranitar|Knock Off|p1b: Pelipper\n|-damage|p1b: Pelipper|36/100 par\n|-enditem|p1b: Pelipper|Focus Sash|[from] move: Knock Off|[of] p2b: Tyranitar\n|move|p1b: Pelipper|Tailwind|p1b: Pelipper\n|-sidestart|p1: VesselofShovels|move: Tailwind\n|move|p1a: Archaludon|Flash Cannon|p2b: Tyranitar\n|-supereffective|p2b: Tyranitar|1\n|-damage|p2b: Tyranitar|54/100\n|\n|-weather|Sandstorm|[upkeep]\n|-damage|p1b: Pelipper|30/100 par|[from] Sandstorm\n|upkeep\n|turn|4\n|\n|t:|1776577134\n|switch|p1b: Basculegion|Basculegion, L50, M|100/100\n|switch|p2b: Garchomp|Garchomp, L50, F|100/100\n|move|p2a: Tinkaton|Gigaton Hammer|p1b: Basculegion\n|-resisted|p1b: Basculegion|1\n|-damage|p1b: Basculegion|78/100\n|cant|p1a: Archaludon|par\n|\n|-weather|Sandstorm|[upkeep]\n|-damage|p1b: Basculegion|72/100|[from] Sandstorm\n|upkeep\n|turn|5\n|\n|t:|1776577151\n|move|p1a: Archaludon|Protect|p1a: Archaludon\n|-singleturn|p1a: Archaludon|Protect\n|move|p1b: Basculegion|Flip Turn|p2a: Tinkaton\n|-damage|p2a: Tinkaton|12/100\n|-enditem|p2a: Tinkaton|Sitrus Berry|[eat]\n|-heal|p2a: Tinkaton|37/100|[from] item: Sitrus Berry\n|\n|t:|1776577158\n|switch|p1b: Pelipper|Pelipper, L50, M|30/100 par|[from] Flip Turn\n|-weather|RainDance|[from] ability: Drizzle|[of] p1b: Pelipper\n|move|p2b: Garchomp|Dragon Claw|p1b: Pelipper\n|-damage|p1b: Pelipper|0 fnt\n|faint|p1b: Pelipper\n|move|p2a: Tinkaton|Thunder Wave|p1a: Archaludon\n|-activate|p1a: Archaludon|move: Protect\n|\n|-weather|RainDance|[upkeep]\n|-sideend|p1: VesselofShovels|Reflect\n|upkeep\n|\n|t:|1776577169\n|switch|p1b: Meganium|Meganium, L50, F|100/100\n|turn|6\n|\n|t:|1776577182\n|switch|p2a: Tyranitar|Tyranitar, L50, M|54/100\n|-weather|Sandstorm|[from] ability: Sand Stream|[of] p2a: Tyranitar\n|detailschange|p1b: Meganium|Meganium-Mega, L50, F\n|-mega|p1b: Meganium|Meganium|Meganiumite\n|move|p2b: Garchomp|Protect|p2b: Garchomp\n|-singleturn|p2b: Garchomp|Protect\n|move|p1b: Meganium|Weather Ball|p2a: Tyranitar\n|-resisted|p2a: Tyranitar|1\n|-damage|p2a: Tyranitar|33/100\n|move|p1a: Archaludon|Reflect|p1a: Archaludon\n|-sidestart|p1: VesselofShovels|Reflect\n|\n|-weather|Sandstorm|[upkeep]\n|-damage|p1b: Meganium|95/100|[from] Sandstorm\n|-sideend|p1: VesselofShovels|move: Tailwind\n|upkeep\n|turn|7\n|\n|t:|1776577206\n|move|p2b: Garchomp|Rock Slide|p1a: Archaludon|[spread] p1a,p1b\n|-resisted|p1a: Archaludon|1\n|-crit|p1a: Archaludon\n|-damage|p1a: Archaludon|89/100 par\n|-damage|p1b: Meganium|85/100\n|-ability|p1a: Archaludon|Stamina|boost\n|-boost|p1a: Archaludon|def|1\n|move|p1b: Meganium|Solar Beam||[still]\n|-prepare|p1b: Meganium|Solar Beam\n|-activate|p1b: Meganium|ability: Mega Sol\n|-anim|p1b: Meganium|Solar Beam|p2b: Garchomp\n|-damage|p2b: Garchomp|35/100\n|move|p2a: Tyranitar|Knock Off|p1a: Archaludon\n|-damage|p1a: Archaludon|71/100 par\n|-ability|p1a: Archaludon|Stamina|boost\n|-boost|p1a: Archaludon|def|1\n|-enditem|p1a: Archaludon|Leftovers|[from] move: Knock Off|[of] p2a: Tyranitar\n|move|p1a: Archaludon|Flash Cannon|p2a: Tyranitar|[miss]\n|-miss|p1a: Archaludon|p2a: Tyranitar\n|\n|-weather|Sandstorm|[upkeep]\n|-damage|p1b: Meganium|79/100|[from] Sandstorm\n|upkeep\n|turn|8\n|\n|t:|1776577227\n|move|p2b: Garchomp|Rock Slide|p1a: Archaludon|[spread] p1a,p1b\n|-resisted|p1a: Archaludon|1\n|-damage|p1a: Archaludon|68/100 par\n|-damage|p1b: Meganium|70/100\n|-ability|p1a: Archaludon|Stamina|boost\n|-boost|p1a: Archaludon|def|1\n|move|p1b: Meganium|Solar Beam||[still]\n|-prepare|p1b: Meganium|Solar Beam\n|-activate|p1b: Meganium|ability: Mega Sol\n|-anim|p1b: Meganium|Solar Beam|p2b: Garchomp\n|-damage|p2b: Garchomp|0 fnt\n|faint|p2b: Garchomp\n|move|p2a: Tyranitar|Rock Slide|p1a: Archaludon|[spread] p1a,p1b\n|-resisted|p1a: Archaludon|1\n|-damage|p1a: Archaludon|65/100 par\n|-damage|p1b: Meganium|54/100\n|-ability|p1a: Archaludon|Stamina|boost\n|-boost|p1a: Archaludon|def|1\n|cant|p1a: Archaludon|flinch\n|\n|-weather|Sandstorm|[upkeep]\n|-damage|p1b: Meganium|48/100|[from] Sandstorm\n|upkeep\n|\n|t:|1776577252\n|switch|p2b: Glimmora|Glimmora, L50, M|100/100\n|turn|9\n|\n|t:|1776577261\n|switch|p2a: Tinkaton|Tinkaton, L50, F|37/100\n|-ability|p2a: Tinkaton|Mold Breaker\n|detailschange|p2b: Glimmora|Glimmora-Mega, L50, M\n|-mega|p2b: Glimmora|Glimmora|Glimmoranite\n|move|p2b: Glimmora|Spiky Shield|p2b: Glimmora\n|-singleturn|p2b: Glimmora|move: Protect\n|move|p1b: Meganium|Leech Seed|p2b: Glimmora\n|-activate|p2b: Glimmora|move: Protect\n|move|p1a: Archaludon|Flash Cannon|p2a: Tinkaton\n|-damage|p2a: Tinkaton|0 fnt\n|faint|p2a: Tinkaton\n|\n|-weather|Sandstorm|[upkeep]\n|-damage|p1b: Meganium|42/100|[from] Sandstorm\n|upkeep\n|\n|t:|1776577274\n|switch|p2a: Tyranitar|Tyranitar, L50, M|33/100\n|turn|10\n|\n|t:|1776577293\n|move|p2b: Glimmora|Earth Power|p1a: Archaludon\n|-supereffective|p1a: Archaludon|1\n|-damage|p1a: Archaludon|0 fnt\n|faint|p1a: Archaludon\n|move|p1b: Meganium|Leech Seed|p2b: Glimmora\n|-start|p2b: Glimmora|move: Leech Seed\n|move|p2a: Tyranitar|Ice Punch|p1b: Meganium\n|-supereffective|p1b: Meganium|1\n|-damage|p1b: Meganium|17/100\n|-status|p1b: Meganium|frz\n|\n|-weather|none\n|-damage|p2b: Glimmora|89/100|[from] Leech Seed|[of] p1b: Meganium\n|-heal|p1b: Meganium|28/100 frz|[silent]\n|-sideend|p1: VesselofShovels|Reflect\n|upkeep\n|\n|t:|1776577304\n|switch|p1a: Basculegion|Basculegion, L50, M|72/100\n|turn|11\n|\n|t:|1776577313\n|move|p1a: Basculegion|Wave Crash|p2a: Tyranitar\n|-supereffective|p2a: Tyranitar|1\n|-damage|p2a: Tyranitar|0 fnt\n|faint|p2a: Tyranitar\n|-damage|p1a: Basculegion|61/100|[from] Recoil\n|move|p2b: Glimmora|Sludge Wave|p1a: Basculegion|[spread] p1a,p1b\n|-resisted|p1a: Basculegion|1\n|-supereffective|p1b: Meganium|2\n|-damage|p1a: Basculegion|26/100\n|-damage|p1b: Meganium|0 fnt\n|faint|p1b: Meganium\n|\n|upkeep\n|turn|12\n|\n|t:|1776577324\n|move|p2b: Glimmora|Spiky Shield|p2b: Glimmora\n|-singleturn|p2b: Glimmora|move: Protect\n|move|p1a: Basculegion|Wave Crash|p2b: Glimmora\n|-activate|p2b: Glimmora|move: Protect\n|-damage|p1a: Basculegion|14/100|[from] Spiky Shield|[of] p2b: Glimmora\n|\n|upkeep\n|turn|13\n|\n|t:|1776577330\n|move|p2b: Glimmora|Spiky Shield||[still]\n|-fail|p2b: Glimmora\n|move|p1a: Basculegion|Wave Crash|p2b: Glimmora\n|-supereffective|p2b: Glimmora|1\n|-crit|p2b: Glimmora\n|-damage|p2b: Glimmora|0 fnt\n|faint|p2b: Glimmora\n|-damage|p1a: Basculegion|0 fnt|[from] Recoil\n|faint|p1a: Basculegion\n|\n|win|VesselofShovels\n|raw|VesselofShovels's rating: 1260 &rarr; <strong>1282</strong><br />(+22 for winning)\n|raw|babulbi's rating: 1212 &rarr; <strong>1190</strong><br />(-22 for losing)\n|c|\u2606babulbi|gg\n|c|\u2606VesselofShovels|ggs\n|l|\u2606babulbi\n|player|p2|\n|c|\u2606VesselofShovels|holy status lol\n",
  "uploadtime": 1776577362,
  "views": 23,
  "formatid": "gen9championsvgc2026regma",
  "rating": 1190,
  "private": 0,
  "password": null
}