{
  "id": "gen9championsvgc2026regma-2582432387",
  "format": "[Gen 9 Champions] VGC 2026 Reg M-A",
  "players": [
    "samerius",
    "porygon-epilepz"
  ],
  "log": "|j|\u2606samerius\n|j|\u2606porygon-epilepz\n|t:|1776091315\n|gametype|doubles\n|player|p1|samerius|102|1094\n|player|p2|porygon-epilepz|hiker-gen4|1153\n|gen|9\n|tier|[Gen 9 Champions] VGC 2026 Reg M-A\n|rated|\n|rule|Species Clause: Limit one of each Pok\u00e9mon\n|rule|Item Clause: Limit 1 of each item\n|clearpoke\n|poke|p1|Pelipper, L50, M|\n|poke|p1|Archaludon, L50, M|\n|poke|p1|Greninja-*, L50, M|\n|poke|p1|Wyrdeer, L50, M|\n|poke|p1|Meganium, L50, M|\n|poke|p1|Araquanid, L50, M|\n|poke|p2|Kommo-o, L50, F|\n|poke|p2|Incineroar, L50, M|\n|poke|p2|Glimmora, L50, M|\n|poke|p2|Sinistcha, L50|\n|poke|p2|Talonflame, L50, M|\n|poke|p2|Palafin, L50, M|\n|teampreview|4\n|\n|t:|1776091336\n|teamsize|p1|4\n|teamsize|p2|4\n|start\n|switch|p1a: Pelipper|Pelipper, L50, M|100/100\n|switch|p1b: Archaludon|Archaludon, L50, M|100/100\n|switch|p2a: Kommo-o|Kommo-o, L50, F|100/100\n|switch|p2b: Incineroar|Incineroar, L50, M|100/100\n|-weather|RainDance|[from] ability: Drizzle|[of] p1a: Pelipper\n|-ability|p2b: Incineroar|Intimidate|boost\n|-unboost|p1a: Pelipper|atk|1\n|-unboost|p1b: Archaludon|atk|1\n|turn|1\n|\n|t:|1776091347\n|move|p2b: Incineroar|Fake Out|p1b: Archaludon\n|-resisted|p1b: Archaludon|1\n|-damage|p1b: Archaludon|96/100\n|move|p1a: Pelipper|Tailwind|p1a: Pelipper\n|-sidestart|p1: samerius|move: Tailwind\n|cant|p1b: Archaludon|flinch\n|move|p2a: Kommo-o|Clangorous Soul|p2a: Kommo-o\n|-boost|p2a: Kommo-o|atk|1\n|-boost|p2a: Kommo-o|def|1\n|-boost|p2a: Kommo-o|spa|1\n|-boost|p2a: Kommo-o|spd|1\n|-boost|p2a: Kommo-o|spe|1\n|-damage|p2a: Kommo-o|68/100\n|\n|-weather|RainDance|[upkeep]\n|-heal|p2a: Kommo-o|74/100|[from] item: Leftovers\n|upkeep\n|turn|2\n|\n|t:|1776091365\n|switch|p1a: Araquanid|Araquanid, L50, M|100/100\n|move|p1b: Archaludon|Electro Shot||[still]\n|-prepare|p1b: Archaludon|Electro Shot\n|-boost|p1b: Archaludon|spa|1\n|-anim|p1b: Archaludon|Electro Shot|p2b: Incineroar\n|-damage|p2b: Incineroar|46/100\n|move|p2a: Kommo-o|Clanging Scales|p1a: Araquanid|[spread] p1a,p1b\n|-damage|p1a: Araquanid|61/100\n|-damage|p1b: Archaludon|11/100\n|-enditem|p1b: Archaludon|Sitrus Berry|[eat]\n|-heal|p1b: Archaludon|36/100|[from] item: Sitrus Berry\n|-unboost|p2a: Kommo-o|def|1\n|move|p2b: Incineroar|Parting Shot|p1a: Araquanid\n|-unboost|p1a: Araquanid|atk|1\n|-unboost|p1a: Araquanid|spa|1\n|\n|t:|1776091376\n|switch|p2b: Talonflame|Talonflame, L50, M|100/100|[from] Parting Shot\n|\n|-weather|RainDance|[upkeep]\n|-heal|p2a: Kommo-o|80/100|[from] item: Leftovers\n|upkeep\n|turn|3\n|\n|t:|1776091384\n|move|p1a: Araquanid|Wide Guard|p1a: Araquanid\n|-singleturn|p1a: Araquanid|Wide Guard\n|move|p2b: Talonflame|Tailwind|p2b: Talonflame\n|-sidestart|p2: porygon-epilepz|move: Tailwind\n|move|p2a: Kommo-o|Aura Sphere|p1b: Archaludon\n|-supereffective|p1b: Archaludon|1\n|-damage|p1b: Archaludon|0 fnt\n|faint|p1b: Archaludon\n|\n|-weather|RainDance|[upkeep]\n|-heal|p2a: Kommo-o|86/100|[from] item: Leftovers\n|upkeep\n|\n|t:|1776091392\n|switch|p1b: Greninja|Greninja, L50, M|100/100\n|turn|4\n|\n|t:|1776091399\n|detailschange|p1b: Greninja|Greninja-Mega, L50, M\n|-mega|p1b: Greninja|Greninja|Greninjite\n|move|p2b: Talonflame|Dual Wingbeat|p1a: Araquanid\n|-supereffective|p1a: Araquanid|1\n|-damage|p1a: Araquanid|29/100\n|-supereffective|p1a: Araquanid|1\n|-damage|p1a: Araquanid|0 fnt\n|faint|p1a: Araquanid\n|-hitcount|p1: Araquanid|2\n|move|p1b: Greninja|Water Shuriken|p2b: Talonflame\n|-start|p1b: Greninja|typechange|Water|[from] ability: Protean\n|-supereffective|p2b: Talonflame|1\n|-damage|p2b: Talonflame|62/100\n|-supereffective|p2b: Talonflame|1\n|-damage|p2b: Talonflame|21/100\n|-supereffective|p2b: Talonflame|1\n|-damage|p2b: Talonflame|0 fnt\n|faint|p2b: Talonflame\n|-hitcount|p2: Talonflame|3\n|move|p2a: Kommo-o|Aura Sphere|p1b: Greninja\n|-damage|p1b: Greninja|34/100\n|\n|-weather|RainDance|[upkeep]\n|-heal|p2a: Kommo-o|93/100|[from] item: Leftovers\n|-sideend|p1: samerius|move: Tailwind\n|upkeep\n|\n|t:|1776091413\n|switch|p2b: Incineroar|Incineroar, L50, M|46/100\n|switch|p1a: Pelipper|Pelipper, L50, M|100/100\n|-ability|p2b: Incineroar|Intimidate|boost\n|-unboost|p1a: Pelipper|atk|1\n|-unboost|p1b: Greninja|atk|1\n|turn|5\n|\n|t:|1776091425\n|move|p1b: Greninja|Protect|p1b: Greninja\n|-singleturn|p1b: Greninja|Protect\n|move|p2b: Incineroar|Fake Out|p1b: Greninja\n|-activate|p1b: Greninja|move: Protect\n|move|p2a: Kommo-o|Clanging Scales|p1b: Greninja|[spread] p1a\n|-activate|p1b: Greninja|move: Protect\n|-damage|p1a: Pelipper|25/100\n|-unboost|p2a: Kommo-o|def|1\n|move|p1a: Pelipper|Hurricane|p2a: Kommo-o\n|-supereffective|p2a: Kommo-o|1\n|-damage|p2a: Kommo-o|47/100\n|\n|-weather|none\n|-heal|p2a: Kommo-o|53/100|[from] item: Leftovers\n|upkeep\n|turn|6\n|\n|t:|1776091446\n|move|p1b: Greninja|Water Shuriken|p2a: Kommo-o\n|-resisted|p2a: Kommo-o|1\n|-damage|p2a: Kommo-o|50/100\n|-resisted|p2a: Kommo-o|1\n|-damage|p2a: Kommo-o|48/100\n|-resisted|p2a: Kommo-o|1\n|-damage|p2a: Kommo-o|45/100\n|-resisted|p2a: Kommo-o|1\n|-damage|p2a: Kommo-o|42/100\n|-resisted|p2a: Kommo-o|1\n|-damage|p2a: Kommo-o|39/100\n|-hitcount|p2a: Kommo-o|5\n|move|p2a: Kommo-o|Clanging Scales|p1a: Pelipper|[spread] p1a,p1b\n|-damage|p1a: Pelipper|0 fnt\n|-damage|p1b: Greninja|0 fnt\n|faint|p1a: Pelipper\n|faint|p1b: Greninja\n|\n|win|porygon-epilepz\n|raw|samerius's rating: 1094 &rarr; <strong>1074</strong><br />(-20 for losing)\n|raw|porygon-epilepz's rating: 1153 &rarr; <strong>1174</strong><br />(+21 for winning)\n|l|\u2606samerius\n|player|p1|\n",
  "uploadtime": 1776091319,
  "views": 17,
  "formatid": "gen9championsvgc2026regma",
  "rating": 1074,
  "private": 0,
  "password": null
}