{
  "id": "gen9championsvgc2026regma-2584476516",
  "format": "[Gen 9 Champions] VGC 2026 Reg M-A",
  "players": [
    "Siff22",
    "Anipeka"
  ],
  "log": "|j|\u2606Siff22\n|j|\u2606Anipeka\n|t:|1776263429\n|gametype|doubles\n|player|p1|Siff22|hilbert|1016\n|player|p2|Anipeka|102|1114\n|gen|9\n|tier|[Gen 9 Champions] VGC 2026 Reg M-A\n|rated|\n|rule|Species Clause: Limit one of each Pok\u00e9mon\n|rule|Item Clause: Limit 1 of each item\n|clearpoke\n|poke|p1|Whimsicott, L50, F|\n|poke|p1|Incineroar, L50, F|\n|poke|p1|Garchomp, L50, M|\n|poke|p1|Archaludon, L50, F|\n|poke|p1|Charizard, L50, M|\n|poke|p1|Sneasler, L50, M|\n|poke|p2|Tyranitar, L50, F|\n|poke|p2|Gardevoir, L50, F|\n|poke|p2|Arcanine, L50, F|\n|poke|p2|Corviknight, L50, F|\n|poke|p2|Garchomp, L50, M|\n|poke|p2|Rotom-Wash, L50|\n|teampreview|4\n|\n|t:|1776263459\n|teamsize|p1|4\n|teamsize|p2|4\n|start\n|switch|p1a: Incineroar|Incineroar, L50, F|100/100\n|switch|p1b: Whimsicott|Whimsicott, L50, F|100/100\n|switch|p2a: Tyranitar|Tyranitar, L50, F|100/100\n|switch|p2b: Corviknight|Corviknight, L50, F|100/100\n|-weather|Sandstorm|[from] ability: Sand Stream|[of] p2a: Tyranitar\n|-ability|p1a: Incineroar|Intimidate|boost\n|-unboost|p2a: Tyranitar|atk|1\n|-ability|p2b: Corviknight|Mirror Armor\n|-unboost|p1a: Incineroar|atk|1\n|turn|1\n|\n|t:|1776263484\n|move|p1b: Whimsicott|Protect|p1b: Whimsicott\n|-singleturn|p1b: Whimsicott|Protect\n|move|p2b: Corviknight|Tailwind|p2b: Corviknight\n|-sidestart|p2: Anipeka|move: Tailwind\n|move|p2a: Tyranitar|Rock Slide|p1a: Incineroar|[spread] p1a\n|-activate|p1b: Whimsicott|move: Protect\n|-supereffective|p1a: Incineroar|1\n|-damage|p1a: Incineroar|67/100\n|move|p1a: Incineroar|Flare Blitz|p2b: Corviknight\n|-supereffective|p2b: Corviknight|1\n|-damage|p2b: Corviknight|32/100\n|-damage|p1a: Incineroar|44/100|[from] Recoil\n|\n|-weather|Sandstorm|[upkeep]\n|-damage|p1b: Whimsicott|95/100|[from] Sandstorm\n|-damage|p1a: Incineroar|38/100|[from] Sandstorm\n|-heal|p2b: Corviknight|38/100|[from] item: Leftovers\n|upkeep\n|turn|2\n|\n|t:|1776263529\n|switch|p1a: Archaludon|Archaludon, L50, F|100/100\n|move|p2b: Corviknight|Protect|p2b: Corviknight\n|-singleturn|p2b: Corviknight|Protect\n|move|p1b: Whimsicott|Tailwind|p1b: Whimsicott\n|-sidestart|p1: Siff22|move: Tailwind\n|move|p2a: Tyranitar|Rock Slide|p1a: Archaludon|[spread] p1a,p1b\n|-resisted|p1a: Archaludon|1\n|-damage|p1a: Archaludon|95/100\n|-damage|p1b: Whimsicott|72/100\n|-ability|p1a: Archaludon|Stamina|boost\n|-boost|p1a: Archaludon|def|1\n|\n|-weather|Sandstorm|[upkeep]\n|-damage|p1b: Whimsicott|66/100|[from] Sandstorm\n|-heal|p2b: Corviknight|44/100|[from] item: Leftovers\n|upkeep\n|turn|3\n|\n|t:|1776263563\n|switch|p2a: Arcanine|Arcanine, L50, F|100/100\n|-ability|p2a: Arcanine|Intimidate|boost\n|-unboost|p1a: Archaludon|atk|1\n|-unboost|p1b: Whimsicott|atk|1\n|move|p1b: Whimsicott|Protect|p1b: Whimsicott\n|-singleturn|p1b: Whimsicott|Protect\n|move|p2b: Corviknight|Iron Head|p1b: Whimsicott\n|-activate|p1b: Whimsicott|move: Protect\n|move|p1a: Archaludon|Electro Shot||[still]\n|-prepare|p1a: Archaludon|Electro Shot\n|-boost|p1a: Archaludon|spa|1\n|\n|-weather|Sandstorm|[upkeep]\n|-damage|p2a: Arcanine|94/100|[from] Sandstorm\n|-damage|p1b: Whimsicott|60/100|[from] Sandstorm\n|-heal|p2b: Corviknight|50/100|[from] item: Leftovers\n|upkeep\n|turn|4\n|\n|t:|1776263589\n|switch|p1b: Charizard|Charizard, L50, M, shiny|100/100\n|move|p2b: Corviknight|Protect|p2b: Corviknight\n|-singleturn|p2b: Corviknight|Protect\n|move|p2a: Arcanine|Will-O-Wisp|p1a: Archaludon\n|-status|p1a: Archaludon|brn\n|move|p1a: Archaludon|Electro Shot|p2b: Corviknight|[from] lockedmove\n|-activate|p2b: Corviknight|move: Protect\n|\n|-weather|Sandstorm|[upkeep]\n|-damage|p2a: Arcanine|88/100|[from] Sandstorm\n|-damage|p1b: Charizard|95/100|[from] Sandstorm\n|-heal|p2b: Corviknight|56/100|[from] item: Leftovers\n|-damage|p1a: Archaludon|89/100 brn|[from] brn\n|-sideend|p2: Anipeka|move: Tailwind\n|upkeep\n|turn|5\n|\n|t:|1776263627\n|switch|p2b: Garchomp|Garchomp, L50, M|100/100\n|detailschange|p1b: Charizard|Charizard-Mega-Y, L50, M, shiny\n|-mega|p1b: Charizard|Charizard|Charizardite Y\n|-weather|SunnyDay|[from] ability: Drought|[of] p1b: Charizard\n|move|p1b: Charizard|Weather Ball|p2b: Garchomp\n|-resisted|p2b: Garchomp|1\n|-damage|p2b: Garchomp|53/100\n|move|p1a: Archaludon|Electro Shot||[still]\n|-prepare|p1a: Archaludon|Electro Shot\n|-boost|p1a: Archaludon|spa|1\n|move|p2a: Arcanine|Snarl|p1b: Charizard|[spread] p1a,p1b\n|-damage|p1a: Archaludon|80/100 brn\n|-damage|p1b: Charizard|84/100\n|-unboost|p1a: Archaludon|spa|1\n|-unboost|p1b: Charizard|spa|1\n|-ability|p1a: Archaludon|Stamina|boost\n|-boost|p1a: Archaludon|def|1\n|\n|-weather|SunnyDay|[upkeep]\n|-damage|p1a: Archaludon|74/100 brn|[from] brn\n|-sideend|p1: Siff22|move: Tailwind\n|upkeep\n|turn|6\n|\n|t:|1776263660\n|switch|p2a: Tyranitar|Tyranitar, L50, F|100/100\n|-weather|Sandstorm|[from] ability: Sand Stream|[of] p2a: Tyranitar\n|switch|p1b: Whimsicott|Whimsicott, L50, F|60/100\n|move|p2b: Garchomp|Rock Slide|p1a: Archaludon|[spread] \n|-miss|p2b: Garchomp|p1a: Archaludon\n|-miss|p2b: Garchomp|p1b: Whimsicott\n|move|p1a: Archaludon|Electro Shot|p2b: Garchomp|[from] lockedmove\n|-immune|p2b: Garchomp\n|\n|-weather|Sandstorm|[upkeep]\n|-damage|p1b: Whimsicott|54/100|[from] Sandstorm\n|-damage|p1a: Archaludon|68/100 brn|[from] brn\n|upkeep\n|turn|7\n|\n|t:|1776263690\n|move|p2a: Tyranitar|Protect|p2a: Tyranitar\n|-singleturn|p2a: Tyranitar|Protect\n|move|p1b: Whimsicott|Tailwind|p1b: Whimsicott\n|-sidestart|p1: Siff22|move: Tailwind\n|move|p1a: Archaludon|Dragon Pulse|p2b: Garchomp\n|-supereffective|p2b: Garchomp|1\n|-damage|p2b: Garchomp|0 fnt\n|faint|p2b: Garchomp\n|\n|-weather|Sandstorm|[upkeep]\n|-damage|p1b: Whimsicott|48/100|[from] Sandstorm\n|-damage|p1a: Archaludon|61/100 brn|[from] brn\n|upkeep\n|\n|t:|1776263703\n|switch|p2b: Arcanine|Arcanine, L50, F|88/100\n|-ability|p2b: Arcanine|Intimidate|boost\n|-unboost|p1a: Archaludon|atk|1\n|-unboost|p1b: Whimsicott|atk|1\n|turn|8\n|\n|t:|1776263713\n|move|p1b: Whimsicott|Protect|p1b: Whimsicott\n|-singleturn|p1b: Whimsicott|Protect\n|move|p1a: Archaludon|Flash Cannon|p2a: Tyranitar\n|-supereffective|p2a: Tyranitar|1\n|-damage|p2a: Tyranitar|39/100\n|move|p2b: Arcanine|Snarl|p1a: Archaludon|[spread] p1a\n|-activate|p1b: Whimsicott|move: Protect\n|-damage|p1a: Archaludon|52/100 brn\n|-unboost|p1a: Archaludon|spa|1\n|-ability|p1a: Archaludon|Stamina|boost\n|-boost|p1a: Archaludon|def|1\n|move|p2a: Tyranitar|Low Kick|p1a: Archaludon\n|-supereffective|p1a: Archaludon|1\n|-damage|p1a: Archaludon|40/100 brn\n|-ability|p1a: Archaludon|Stamina|boost\n|-boost|p1a: Archaludon|def|1\n|\n|-weather|Sandstorm|[upkeep]\n|-damage|p1b: Whimsicott|42/100|[from] Sandstorm\n|-damage|p2b: Arcanine|82/100|[from] Sandstorm\n|-damage|p1a: Archaludon|34/100 brn|[from] brn\n|upkeep\n|turn|9\n|\n|t:|1776263753\n|switch|p2b: Corviknight|Corviknight, L50, F|56/100\n|move|p2a: Tyranitar|Protect|p2a: Tyranitar\n|-singleturn|p2a: Tyranitar|Protect\n|move|p1b: Whimsicott|Moonblast|p2a: Tyranitar\n|-activate|p2a: Tyranitar|move: Protect\n|move|p1a: Archaludon|Electro Shot||[still]\n|-prepare|p1a: Archaludon|Electro Shot\n|-boost|p1a: Archaludon|spa|1\n|\n|-weather|Sandstorm|[upkeep]\n|-damage|p1b: Whimsicott|36/100|[from] Sandstorm\n|-heal|p2b: Corviknight|61/100|[from] item: Leftovers\n|-damage|p1a: Archaludon|28/100 brn|[from] brn\n|upkeep\n|turn|10\n|\n|t:|1776263772\n|switch|p1b: Incineroar|Incineroar, L50, F|38/100\n|-ability|p1b: Incineroar|Intimidate|boost\n|-unboost|p2a: Tyranitar|atk|1\n|-ability|p2b: Corviknight|Mirror Armor\n|-unboost|p1b: Incineroar|atk|1\n|switch|p2a: Arcanine|Arcanine, L50, F|82/100\n|-ability|p2a: Arcanine|Intimidate|boost\n|-unboost|p1a: Archaludon|atk|1\n|-unboost|p1b: Incineroar|atk|1\n|move|p1a: Archaludon|Electro Shot|p2b: Corviknight|[from] lockedmove\n|-supereffective|p2b: Corviknight|1\n|-damage|p2b: Corviknight|0 fnt\n|faint|p2b: Corviknight\n|\n|-weather|none\n|-damage|p1a: Archaludon|22/100 brn|[from] brn\n|-sideend|p1: Siff22|move: Tailwind\n|upkeep\n|\n|t:|1776263789\n|switch|p2b: Tyranitar|Tyranitar, L50, F|39/100\n|-weather|Sandstorm|[from] ability: Sand Stream|[of] p2b: Tyranitar\n|turn|11\n|\n|t:|1776263817\n|move|p2a: Arcanine|Protect|p2a: Arcanine\n|-singleturn|p2a: Arcanine|Protect\n|move|p1a: Archaludon|Protect|p1a: Archaludon\n|-singleturn|p1a: Archaludon|Protect\n|move|p2b: Tyranitar|Protect|p2b: Tyranitar\n|-singleturn|p2b: Tyranitar|Protect\n|move|p1b: Incineroar|Parting Shot|p2b: Tyranitar\n|-activate|p2b: Tyranitar|move: Protect\n|\n|-weather|Sandstorm|[upkeep]\n|-damage|p2a: Arcanine|76/100|[from] Sandstorm\n|-damage|p1b: Incineroar|32/100|[from] Sandstorm\n|-damage|p1a: Archaludon|16/100 brn|[from] brn\n|upkeep\n|turn|12\n|\n|t:|1776263841\n|move|p2a: Arcanine|Flare Blitz|p1a: Archaludon\n|-damage|p1a: Archaludon|5/100 brn\n|-ability|p1a: Archaludon|Stamina|boost\n|-boost|p1a: Archaludon|def|1\n|-damage|p2a: Arcanine|73/100|[from] Recoil\n|move|p1a: Archaludon|Flash Cannon|p2b: Tyranitar\n|-supereffective|p2b: Tyranitar|1\n|-damage|p2b: Tyranitar|0 fnt\n|faint|p2b: Tyranitar\n|move|p1b: Incineroar|Parting Shot|p2a: Arcanine\n|-unboost|p2a: Arcanine|atk|1\n|-unboost|p2a: Arcanine|spa|1\n|-message|Anipeka forfeited.\n|l|\u2606Anipeka\n|player|p2|\n|j|\u2606Anipeka\n|player|p2|Anipeka|102|\n|\n|win|Siff22\n|raw|Siff22's rating: 1016 &rarr; <strong>1064</strong><br />(+48 for winning)\n|raw|Anipeka's rating: 1114 &rarr; <strong>1082</strong><br />(-32 for losing)\n|l|\u2606Anipeka\n|player|p2|\n",
  "uploadtime": 1776263864,
  "views": 30,
  "formatid": "gen9championsvgc2026regma",
  "rating": 1064,
  "private": 0,
  "password": null
}