{
  "id": "gen9championsvgc2026regma-2582888021",
  "format": "[Gen 9 Champions] VGC 2026 Reg M-A",
  "players": [
    "Snowball_seer",
    "hdhsjsko"
  ],
  "log": "|j|\u2606Snowball_seer\n|j|\u2606hdhsjsko\n|t:|1776122226\n|gametype|doubles\n|player|p1|Snowball_seer|allister-masters|1149\n|player|p2|hdhsjsko|backpacker|1195\n|gen|9\n|tier|[Gen 9 Champions] VGC 2026 Reg M-A\n|rated|\n|rule|Species Clause: Limit one of each Pok\u00e9mon\n|rule|Item Clause: Limit 1 of each item\n|clearpoke\n|poke|p1|Delphox, L50, M|\n|poke|p1|Garchomp, L50, F|\n|poke|p1|Gyarados, L50, F|\n|poke|p1|Rotom-Wash, L50|\n|poke|p1|Whimsicott, L50, M|\n|poke|p1|Clefable, L50, F|\n|poke|p2|Dragonite, L50, F|\n|poke|p2|Dragapult, L50, F|\n|poke|p2|Gallade, L50, M|\n|poke|p2|Sableye, L50, F|\n|poke|p2|Rotom-Wash, L50|\n|poke|p2|Mamoswine, L50, F|\n|teampreview|4\n|inactive|Battle timer is ON: inactive players will automatically lose when time's up. (requested by Snowball_seer)\n|inactive|Snowball_seer has 60 seconds left.\n|inactive|Snowball_seer has 30 seconds left.\n|\n|t:|1776122289\n|teamsize|p1|4\n|teamsize|p2|4\n|start\n|switch|p1a: Garchomp|Garchomp, L50, F|100/100\n|switch|p1b: Rotom|Rotom-Wash, L50|100/100\n|switch|p2a: Sableye|Sableye, L50, F|100/100\n|switch|p2b: Rotom|Rotom-Wash, L50|100/100\n|turn|1\n|\n|t:|1776122298\n|move|p1a: Garchomp|Protect|p1a: Garchomp\n|-singleturn|p1a: Garchomp|Protect\n|move|p2a: Sableye|Rain Dance|p2a: Sableye\n|-weather|RainDance\n|move|p1b: Rotom|Thunderbolt|p2b: Rotom\n|-damage|p2b: Rotom|53/100\n|move|p2b: Rotom|Hydro Pump|p1a: Garchomp\n|-activate|p1a: Garchomp|move: Protect\n|\n|-weather|RainDance|[upkeep]\n|upkeep\n|turn|2\n|\n|t:|1776122310\n|switch|p1a: Clefable|Clefable, L50, F|100/100\n|move|p2a: Sableye|Encore||[still]\n|-fail|p2a: Sableye\n|move|p1b: Rotom|Thunderbolt|p2b: Rotom\n|-damage|p2b: Rotom|3/100\n|-enditem|p2b: Rotom|Sitrus Berry|[eat]\n|-heal|p2b: Rotom|27/100|[from] item: Sitrus Berry\n|move|p2b: Rotom|Volt Switch|p1b: Rotom\n|-damage|p1b: Rotom|62/100\n|\n|t:|1776122324\n|switch|p2b: Dragonite|Dragonite, L50, F|100/100|[from] Volt Switch\n|\n|-weather|RainDance|[upkeep]\n|upkeep\n|turn|3\n|\n|t:|1776122343\n|switch|p1b: Garchomp|Garchomp, L50, F|100/100\n|detailschange|p2b: Dragonite|Dragonite-Mega, L50, F\n|-mega|p2b: Dragonite|Dragonite|Dragoninite\n|move|p2a: Sableye|Thunder Wave|p1a: Clefable\n|-status|p1a: Clefable|par\n|move|p2b: Dragonite|Hurricane|p1a: Clefable\n|-damage|p1a: Clefable|43/100 par\n|-start|p1a: Clefable|confusion\n|-enditem|p1a: Clefable|Sitrus Berry|[eat]\n|-heal|p1a: Clefable|67/100 par|[from] item: Sitrus Berry\n|-activate|p1a: Clefable|confusion\n|-damage|p1a: Clefable|62/100 par|[from] confusion\n|\n|-weather|RainDance|[upkeep]\n|upkeep\n|turn|4\n|inactive|Snowball_seer has 30 seconds left.\n|inactive|hdhsjsko has 30 seconds left.\n|inactive|Snowball_seer has 20 seconds left.\n|\n|t:|1776122380\n|switch|p2a: Dragapult|Dragapult, L50, F|100/100\n|move|p1b: Garchomp|Dragon Claw|p2b: Dragonite\n|-supereffective|p2b: Dragonite|1\n|-damage|p2b: Dragonite|59/100\n|move|p2b: Dragonite|Draco Meteor|p1b: Garchomp\n|-supereffective|p1b: Garchomp|1\n|-damage|p1b: Garchomp|0 fnt\n|-unboost|p2b: Dragonite|spa|2\n|faint|p1b: Garchomp\n|-end|p1a: Clefable|confusion\n|move|p1a: Clefable|Moonblast|p2b: Dragonite\n|-supereffective|p2b: Dragonite|1\n|-damage|p2b: Dragonite|0 fnt\n|faint|p2b: Dragonite\n|\n|-weather|RainDance|[upkeep]\n|upkeep\n|\n|t:|1776122403\n|switch|p1b: Delphox|Delphox, L50, M, shiny|100/100\n|switch|p2b: Rotom|Rotom-Wash, L50|27/100\n|turn|5\n|\n|t:|1776122420\n|detailschange|p1b: Delphox|Delphox-Mega, L50, M, shiny\n|-mega|p1b: Delphox|Delphox|Delphoxite\n|move|p1a: Clefable|Follow Me|p1a: Clefable\n|-singleturn|p1a: Clefable|move: Follow Me\n|move|p2a: Dragapult|U-turn|p1a: Clefable\n|-resisted|p1a: Clefable|1\n|-damage|p1a: Clefable|53/100 par\n|\n|t:|1776122425\n|switch|p2a: Sableye|Sableye, L50, F|100/100|[from] U-turn\n|move|p1b: Delphox|Psychic|p2a: Sableye\n|-immune|p2a: Sableye\n|move|p2b: Rotom|Electroweb|p1b: Delphox|[spread] p1a,p1b\n|-damage|p1a: Clefable|35/100 par\n|-damage|p1b: Delphox|81/100\n|-unboost|p1a: Clefable|spe|1\n|-unboost|p1b: Delphox|spe|1\n|\n|-weather|none\n|upkeep\n|turn|6\n|\n|t:|1776122434\n|switch|p1b: Rotom|Rotom-Wash, L50|62/100\n|move|p1a: Clefable|Protect|p1a: Clefable\n|-singleturn|p1a: Clefable|Protect\n|move|p2b: Rotom|Hydro Pump|p1b: Rotom|[miss]\n|-miss|p2b: Rotom|p1b: Rotom\n|move|p2a: Sableye|Foul Play|p1b: Rotom\n|-damage|p1b: Rotom|39/100\n|\n|upkeep\n|turn|7\n|\n|t:|1776122450\n|switch|p2b: Dragapult|Dragapult, L50, F|100/100\n|switch|p1a: Delphox|Delphox-Mega, L50, M, shiny|81/100\n|move|p2a: Sableye|Encore||[still]\n|-fail|p2a: Sableye\n|move|p1b: Rotom|Thunderbolt|p2b: Dragapult\n|-resisted|p2b: Dragapult|1\n|-damage|p2b: Dragapult|76/100\n|\n|upkeep\n|turn|8\n|inactive|Snowball_seer has 30 seconds left.\n|\n|t:|1776122478\n|move|p2a: Sableye|Thunder Wave|p1a: Delphox\n|-status|p1a: Delphox|par\n|move|p2b: Dragapult|Dragon Darts|p1a: Delphox\n|-damage|p1a: Delphox|43/100 par\n|-anim|p2b: Dragapult|Dragon Darts|p1b: Rotom\n|-damage|p1b: Rotom|13/100\n|move|p1b: Rotom|Thunderbolt|p2a: Sableye\n|-damage|p2a: Sableye|58/100\n|move|p1a: Delphox|Psychic|p2b: Dragapult\n|-damage|p2b: Dragapult|3/100\n|\n|-heal|p2a: Sableye|64/100|[from] item: Leftovers\n|upkeep\n|turn|9\n|inactive|hdhsjsko has 30 seconds left.\n|\n|t:|1776122506\n|move|p2b: Dragapult|Dragon Darts|p1a: Delphox\n|-damage|p1a: Delphox|2/100 par\n|-anim|p2b: Dragapult|Dragon Darts|p1b: Rotom\n|-damage|p1b: Rotom|0 fnt\n|faint|p1b: Rotom\n|move|p1a: Delphox|Heat Wave|p2a: Sableye|[spread] p2a,p2b\n|-resisted|p2b: Dragapult|1\n|-damage|p2a: Sableye|16/100\n|-damage|p2b: Dragapult|0 fnt\n|faint|p2b: Dragapult\n|move|p2a: Sableye|Foul Play|p1a: Delphox\n|-supereffective|p1a: Delphox|1\n|-crit|p1a: Delphox\n|-damage|p1a: Delphox|0 fnt\n|faint|p1a: Delphox\n|\n|-heal|p2a: Sableye|22/100|[from] item: Leftovers\n|upkeep\n|-message|Snowball_seer forfeited.\n|\n|win|hdhsjsko\n|raw|Snowball_seer's rating: 1149 &rarr; <strong>1127</strong><br />(-22 for losing)\n|raw|hdhsjsko's rating: 1195 &rarr; <strong>1217</strong><br />(+22 for winning)\n",
  "uploadtime": 1776122514,
  "views": 12,
  "formatid": "gen9championsvgc2026regma",
  "rating": 1127,
  "private": 0,
  "password": null
}