{
  "id": "gen9championsvgc2026regma-2585755183",
  "format": "[Gen 9 Champions] VGC 2026 Reg M-A",
  "players": [
    "Mudsdalian",
    "Nytter877"
  ],
  "log": "|j|\u2606Mudsdalian\n|j|\u2606Nytter877\n|t:|1776368343\n|gametype|doubles\n|player|p1|Mudsdalian|gardenia-masters|\n|player|p2|Nytter877|hooligans|\n|gen|9\n|tier|[Gen 9 Champions] VGC 2026 Reg M-A\n|rated|Tournament battle\n|rule|Species Clause: Limit one of each Pok\u00e9mon\n|rule|Item Clause: Limit 1 of each item\n|raw|<div class=\"infobox\"><details class=\"readmore\" open><summary><strong>1 custom rule:</strong></summary> !open team sheets</details></div>\n|clearpoke\n|poke|p1|Charizard, L50, M|\n|poke|p1|Garchomp, L50, M|\n|poke|p1|Kingambit, L50, F|\n|poke|p1|Sneasler, L50, F|\n|poke|p1|Whimsicott, L50, M|\n|poke|p1|Rotom-Wash, L50|\n|poke|p2|Sableye, L50, M|\n|poke|p2|Arcanine-Hisui, L50, F|\n|poke|p2|Farigiraf, L50, F|\n|poke|p2|Kingambit, L50, F|\n|poke|p2|Crabominable, L50, M|\n|poke|p2|Camerupt, L50, F|\n|teampreview|4\n|inactive|Battle timer is ON: inactive players will automatically lose when time's up. (requested by Mudsdalian)\n|j| porygon-epilepz\n|j| Jamstiffer\n|inactive|Mudsdalian has 60 seconds left.\n|inactive|Nytter877 has 60 seconds left.\n|l| Jamstiffer\n|\n|t:|1776368389\n|teamsize|p1|4\n|teamsize|p2|4\n|start\n|switch|p1a: Kingambit|Kingambit, L50, F|100/100\n|switch|p1b: Charizard|Charizard, L50, M, shiny|100/100\n|switch|p2a: no fake out for u|Farigiraf, L50, F|100/100\n|switch|p2b: Charizard hunter|Arcanine-Hisui, L50, F, shiny|100/100\n|-ability|p2b: Charizard hunter|Intimidate|boost\n|-unboost|p1a: Kingambit|atk|1\n|-ability|p1a: Kingambit|Defiant|boost\n|-boost|p1a: Kingambit|atk|2\n|-unboost|p1b: Charizard|atk|1\n|turn|1\n|\n|t:|1776368406\n|switch|p1b: Rotom|Rotom-Wash, L50, shiny|100/100\n|move|p2b: Charizard hunter|Rock Slide|p1a: Kingambit|[spread] p1a,p1b\n|-resisted|p1a: Kingambit|1\n|-crit|p1a: Kingambit\n|-damage|p1a: Kingambit|84/100\n|-damage|p1b: Rotom|72/100\n|cant|p1a: Kingambit|flinch\n|move|p2a: no fake out for u|Trick Room|p2a: no fake out for u\n|-fieldstart|move: Trick Room|[of] p2a: no fake out for u\n|\n|upkeep\n|turn|2\n|j| Jamstiffer\n|c|\u2606Nytter877|yoo w luck\n|inactive|Nytter877 has 30 seconds left.\n|\n|t:|1776368437\n|move|p2a: no fake out for u|Hyper Voice|p1a: Kingambit|[spread] p1a,p1b\n|-resisted|p1a: Kingambit|1\n|-crit|p1a: Kingambit\n|-damage|p1a: Kingambit|58/100\n|-damage|p1b: Rotom|37/100\n|-enditem|p1b: Rotom|Sitrus Berry|[eat]\n|-heal|p1b: Rotom|62/100|[from] item: Sitrus Berry\n|move|p1a: Kingambit|Low Kick|p2b: Charizard hunter\n|-supereffective|p2b: Charizard hunter|1\n|-enditem|p2b: Charizard hunter|Focus Sash\n|-damage|p2b: Charizard hunter|1/100\n|move|p1b: Rotom|Thunderbolt|p2a: no fake out for u\n|-crit|p2a: no fake out for u\n|-damage|p2a: no fake out for u|47/100\n|move|p2b: Charizard hunter|Flare Blitz|p1a: Kingambit\n|-supereffective|p1a: Kingambit|1\n|-damage|p1a: Kingambit|0 fnt\n|faint|p1a: Kingambit\n|-damage|p2b: Charizard hunter|0 fnt|[from] Recoil\n|faint|p2b: Charizard hunter\n|\n|upkeep\n|l| Jamstiffer\n|inactive|Nytter877 has 30 seconds left.\n|\n|t:|1776368463\n|switch|p1a: Charizard|Charizard, L50, M, shiny|100/100\n|switch|p2b: KSI THE NIGHTMARE|Crabominable, L50, M, shiny|100/100\n|turn|3\n|j| ido1234567890\n|j| m3dic\n|\n|t:|1776368480\n|detailschange|p2b: KSI THE NIGHTMARE|Crabominable-Mega, L50, M, shiny\n|-mega|p2b: KSI THE NIGHTMARE|Crabominable|Crabominite\n|move|p1b: Rotom|Protect|p1b: Rotom\n|-singleturn|p1b: Rotom|Protect\n|move|p1a: Charizard|Protect|p1a: Charizard\n|-singleturn|p1a: Charizard|Protect\n|move|p2b: KSI THE NIGHTMARE|Crabhammer|p1a: Charizard\n|-activate|p1a: Charizard|move: Protect\n|move|p2a: no fake out for u|Hyper Voice|p1a: Charizard|[spread] \n|-activate|p1a: Charizard|move: Protect\n|-activate|p1b: Rotom|move: Protect\n|\n|upkeep\n|turn|4\n|\n|t:|1776368500\n|detailschange|p1a: Charizard|Charizard-Mega-Y, L50, M, shiny\n|-mega|p1a: Charizard|Charizard|Charizardite Y\n|-weather|SunnyDay|[from] ability: Drought|[of] p1a: Charizard\n|move|p2b: KSI THE NIGHTMARE|Ice Hammer|p1a: Charizard\n|-crit|p1a: Charizard\n|-damage|p1a: Charizard|0 fnt\n|-unboost|p2b: KSI THE NIGHTMARE|spe|1\n|faint|p1a: Charizard\n|move|p2a: no fake out for u|Hyper Voice|p1b: Rotom\n|-damage|p1b: Rotom|19/100\n|move|p1b: Rotom|Will-O-Wisp|p2b: KSI THE NIGHTMARE\n|-status|p2b: KSI THE NIGHTMARE|brn\n|\n|-weather|SunnyDay|[upkeep]\n|-damage|p2b: KSI THE NIGHTMARE|95/100 brn|[from] brn\n|upkeep\n|\n|t:|1776368506\n|switch|p1a: Sneasler|Sneasler, L50, F|100/100\n|turn|5\n|\n|t:|1776368521\n|move|p1b: Rotom|Protect|p1b: Rotom\n|-singleturn|p1b: Rotom|Protect\n|move|p1a: Sneasler|Protect|p1a: Sneasler\n|-singleturn|p1a: Sneasler|Protect\n|move|p2b: KSI THE NIGHTMARE|Drain Punch|p1b: Rotom\n|-activate|p1b: Rotom|move: Protect\n|move|p2a: no fake out for u|Twin Beam|p1a: Sneasler\n|-activate|p1a: Sneasler|move: Protect\n|\n|-weather|SunnyDay|[upkeep]\n|-damage|p2b: KSI THE NIGHTMARE|89/100 brn|[from] brn\n|-fieldend|move: Trick Room\n|upkeep\n|turn|6\n|\n|t:|1776368539\n|switch|p2b: lil jit|Sableye, L50, M, shiny|100/100\n|move|p2a: no fake out for u|Protect|p2a: no fake out for u\n|-singleturn|p2a: no fake out for u|Protect\n|move|p1a: Sneasler|Close Combat|p2a: no fake out for u\n|-activate|p2a: no fake out for u|move: Protect\n|move|p1b: Rotom|Thunderbolt|p2b: lil jit\n|-damage|p2b: lil jit|66/100\n|\n|-weather|SunnyDay|[upkeep]\n|upkeep\n|turn|7\n|j| Kommunikation\n|\n|t:|1776368553\n|move|p2b: lil jit|Quash|p1a: Sneasler\n|-activate|p1a: Sneasler|move: Quash\n|move|p1b: Rotom|Thunderbolt|p2a: no fake out for u\n|-damage|p2a: no fake out for u|12/100\n|move|p2a: no fake out for u|Twin Beam|p1a: Sneasler\n|-supereffective|p1a: Sneasler|2\n|-damage|p1a: Sneasler|0 fnt\n|faint|p1a: Sneasler\n|-hitcount|p1: Sneasler|1\n|\n|-weather|SunnyDay|[upkeep]\n|upkeep\n|turn|8\n|l| m3dic\n|-message|Mudsdalian forfeited.\n|\n|win|Nytter877\n|n|\u2606Mudsdalian|mudsdalian\n|n|\u2606Nytter877|nytter877\n|n| porygon-epilepz|porygonepilepz\n|n| ido1234567890|ido1234567890\n|n| Kommunikation|kommunikation\n|l|\u2606Mudsdalian\n|player|p1|\n",
  "uploadtime": 1776368349,
  "views": 27,
  "formatid": "gen9championsvgc2026regma",
  "rating": null,
  "private": 0,
  "password": null
}