{
  "id": "gen9championsvgc2026regma-2583445301",
  "format": "[Gen 9 Champions] VGC 2026 Reg M-A",
  "players": [
    "Dag291",
    "regufe"
  ],
  "log": "|j|\u203dDag291\n|j|\u2606regufe\n|t:|1776176120\n|gametype|doubles\n|player|p1|Dag291|102|1102\n|player|p2|regufe|pokemonbreeder|1138\n|gen|9\n|tier|[Gen 9 Champions] VGC 2026 Reg M-A\n|rated|\n|rule|Species Clause: Limit one of each Pok\u00e9mon\n|rule|Item Clause: Limit 1 of each item\n|clearpoke\n|poke|p1|Decidueye-Hisui, L50, F|\n|poke|p1|Incineroar, L50, F|\n|poke|p1|Gengar, L50, F|\n|poke|p1|Glimmora, L50, F|\n|poke|p1|Primarina, L50, M|\n|poke|p1|Corviknight, L50, F|\n|poke|p2|Lopunny, L50, F|\n|poke|p2|Aerodactyl, L50, F|\n|poke|p2|Zoroark-Hisui, L50, F|\n|poke|p2|Sableye, L50, F|\n|poke|p2|Weavile, L50, F|\n|poke|p2|Kommo-o, L50, F|\n|teampreview|4\n|inactive|Battle timer is ON: inactive players will automatically lose when time's up. (requested by Dag291)\n|inactive|regufe has 60 seconds left.\n|inactive|regufe has 30 seconds left.\n|inactive|regufe has 20 seconds left.\n|inactive|regufe has 15 seconds left.\n|\n|t:|1776176197\n|teamsize|p1|4\n|teamsize|p2|4\n|start\n|switch|p1a: Decidueye|Decidueye-Hisui, L50, F|100/100\n|switch|p1b: Gengar|Gengar, L50, F|100/100\n|switch|p2a: Sableye|Sableye, L50, F|100/100\n|switch|p2b: Kommo-o|Kommo-o, L50, F|100/100\n|turn|1\n|inactive|regufe has 30 seconds left.\n|\n|t:|1776176224\n|detailschange|p1b: Gengar|Gengar-Mega, L50, F\n|-mega|p1b: Gengar|Gengar|Gengarite\n|move|p2a: Sableye|Fake Out|p1a: Decidueye\n|-damage|p1a: Decidueye|92/100\n|move|p1b: Gengar|Perish Song|p1b: Gengar\n|-start|p1a: Decidueye|perish3|[silent]\n|-start|p1b: Gengar|perish3|[silent]\n|-start|p2a: Sableye|perish3|[silent]\n|-immune|p2b: Kommo-o|[from] ability: Soundproof\n|-fieldactivate|move: Perish Song\n|move|p2b: Kommo-o|Clangorous Soul|p2b: Kommo-o\n|-boost|p2b: Kommo-o|atk|1\n|-boost|p2b: Kommo-o|def|1\n|-boost|p2b: Kommo-o|spa|1\n|-boost|p2b: Kommo-o|spd|1\n|-boost|p2b: Kommo-o|spe|1\n|-damage|p2b: Kommo-o|68/100\n|cant|p1a: Decidueye|flinch\n|\n|-start|p1b: Gengar|perish3\n|-start|p1a: Decidueye|perish3\n|-start|p2a: Sableye|perish3\n|upkeep\n|turn|2\n|inactive|regufe has 30 seconds left.\n|inactive|regufe has 20 seconds left.\n|inactive|regufe has 15 seconds left.\n|\n|t:|1776176265\n|switch|p1b: Incineroar|Incineroar, L50, F|100/100\n|-ability|p1b: Incineroar|Intimidate|boost\n|-unboost|p2a: Sableye|atk|1\n|-unboost|p2b: Kommo-o|atk|1\n|move|p2a: Sableye|Protect|p2a: Sableye\n|-singleturn|p2a: Sableye|Protect\n|move|p2b: Kommo-o|Clanging Scales|p1b: Incineroar|[spread] p1a,p1b\n|-damage|p1a: Decidueye|36/100\n|-damage|p1b: Incineroar|46/100\n|-enditem|p1b: Incineroar|Sitrus Berry|[eat]\n|-heal|p1b: Incineroar|71/100|[from] item: Sitrus Berry\n|-unboost|p2b: Kommo-o|def|1\n|move|p1a: Decidueye|Triple Arrows|p2a: Sableye\n|-activate|p2a: Sableye|move: Protect\n|\n|-start|p1a: Decidueye|perish2\n|-start|p2a: Sableye|perish2\n|upkeep\n|turn|3\n|inactive|regufe has 30 seconds left.\n|inactive|regufe has 20 seconds left.\n|inactive|regufe has 15 seconds left.\n|inactive|regufe has 10 seconds left.\n|\n|t:|1776176314\n|switch|p2a: Lopunny|Lopunny, L50, F|100/100\n|move|p1b: Incineroar|Fake Out|p2b: Kommo-o\n|-damage|p2b: Kommo-o|56/100\n|cant|p2b: Kommo-o|flinch\n|move|p1a: Decidueye|Triple Arrows|p2a: Lopunny\n|-supereffective|p2a: Lopunny|1\n|-damage|p2a: Lopunny|0 fnt\n|faint|p2a: Lopunny\n|\n|-start|p1a: Decidueye|perish1\n|upkeep\n|\n|t:|1776176326\n|switch|p2a: Weavile|Weavile, L50, F|100/100\n|turn|4\n|\n|t:|1776176346\n|switch|p1b: Primarina|Primarina, L50, M|100/100\n|move|p1a: Decidueye|Protect|p1a: Decidueye\n|-singleturn|p1a: Decidueye|Protect\n|move|p2a: Weavile|Fake Out|p1b: Primarina\n|-damage|p1b: Primarina|87/100\n|move|p2b: Kommo-o|Clangorous Soul|p2b: Kommo-o\n|-boost|p2b: Kommo-o|atk|1\n|-boost|p2b: Kommo-o|def|1\n|-boost|p2b: Kommo-o|spa|1\n|-boost|p2b: Kommo-o|spd|1\n|-boost|p2b: Kommo-o|spe|1\n|-damage|p2b: Kommo-o|24/100\n|\n|-start|p1a: Decidueye|perish0\n|faint|p1a: Decidueye\n|upkeep\n|\n|t:|1776176355\n|switch|p1a: Incineroar|Incineroar, L50, F|71/100\n|-ability|p1a: Incineroar|Intimidate|boost\n|-unboost|p2a: Weavile|atk|1\n|-unboost|p2b: Kommo-o|atk|1\n|turn|5\n|\n|t:|1776176374\n|move|p2b: Kommo-o|Protect|p2b: Kommo-o\n|-singleturn|p2b: Kommo-o|Protect\n|move|p1a: Incineroar|Fake Out|p2b: Kommo-o\n|-activate|p2b: Kommo-o|move: Protect\n|move|p2a: Weavile|Fling|p1b: Primarina\n|-resisted|p1b: Primarina|1\n|-damage|p1b: Primarina|83/100\n|-enditem|p2a: Weavile|King's Rock|[from] move: Fling\n|cant|p1b: Primarina|flinch\n|\n|upkeep\n|turn|6\n|inactive|regufe has 30 seconds left.\n|\n|t:|1776176402\n|switch|p1a: Gengar|Gengar-Mega, L50, F|100/100\n|move|p2b: Kommo-o|Flash Cannon|p1b: Primarina\n|-damage|p1b: Primarina|38/100\n|-unboost|p1b: Primarina|spd|1\n|move|p2a: Weavile|Triple Axel|p1b: Primarina\n|-resisted|p1b: Primarina|1\n|-damage|p1b: Primarina|34/100\n|-resisted|p1b: Primarina|1\n|-damage|p1b: Primarina|28/100\n|-resisted|p1b: Primarina|1\n|-damage|p1b: Primarina|19/100\n|-hitcount|p1b: Primarina|3\n|move|p1b: Primarina|Moonblast|p2b: Kommo-o\n|-supereffective|p2b: Kommo-o|2\n|-damage|p2b: Kommo-o|0 fnt\n|faint|p2b: Kommo-o\n|\n|upkeep\n|\n|t:|1776176417\n|switch|p2b: Sableye|Sableye, L50, F|100/100\n|turn|7\n|inactive|regufe has 30 seconds left.\n|\n|t:|1776176443\n|switch|p1b: Incineroar|Incineroar, L50, F|71/100\n|-ability|p1b: Incineroar|Intimidate|boost\n|-unboost|p2a: Weavile|atk|1\n|-unboost|p2b: Sableye|atk|1\n|move|p1a: Gengar|Protect|p1a: Gengar\n|-singleturn|p1a: Gengar|Protect\n|move|p2b: Sableye|Fake Out|p1b: Incineroar\n|-damage|p1b: Incineroar|66/100\n|move|p2a: Weavile|Triple Axel|p1a: Gengar\n|-activate|p1a: Gengar|move: Protect\n|\n|upkeep\n|turn|8\n|\n|t:|1776176463\n|move|p1b: Incineroar|Fake Out|p2a: Weavile\n|-damage|p2a: Weavile|83/100\n|move|p2b: Sableye|Encore|p1a: Gengar\n|-start|p1a: Gengar|Encore\n|move|p1a: Gengar|Protect||[still]\n|-fail|p1a: Gengar\n|cant|p2a: Weavile|flinch\n|\n|upkeep\n|turn|9\n|\n|t:|1776176481\n|move|p2b: Sableye|Protect|p2b: Sableye\n|-singleturn|p2b: Sableye|Protect\n|move|p1a: Gengar|Protect|p1a: Gengar\n|-singleturn|p1a: Gengar|Protect\n|move|p2a: Weavile|Triple Axel|p1b: Incineroar\n|-resisted|p1b: Incineroar|1\n|-damage|p1b: Incineroar|64/100\n|-hitcount|p1b: Incineroar|1\n|move|p1b: Incineroar|Throat Chop|p2b: Sableye\n|-activate|p2b: Sableye|move: Protect\n|\n|upkeep\n|turn|10\n|\n|t:|1776176501\n|switch|p1a: Primarina|Primarina, L50, M|19/100\n|move|p2b: Sableye|Disable||[still]\n|-fail|p2b: Sableye\n|move|p2a: Weavile|Icy Wind|p1a: Primarina|[spread] p1a,p1b\n|-resisted|p1a: Primarina|1\n|-resisted|p1b: Incineroar|1\n|-damage|p1a: Primarina|16/100\n|-damage|p1b: Incineroar|61/100\n|-unboost|p1a: Primarina|spe|1\n|-unboost|p1b: Incineroar|spe|1\n|move|p1b: Incineroar|Throat Chop|p2b: Sableye\n|-damage|p2b: Sableye|56/100\n|-start|p2b: Sableye|Throat Chop|[silent]\n|\n|upkeep\n|turn|11\n|\n|t:|1776176518\n|move|p2b: Sableye|Protect|p2b: Sableye\n|-singleturn|p2b: Sableye|Protect\n|move|p1a: Primarina|Protect|p1a: Primarina\n|-singleturn|p1a: Primarina|Protect\n|move|p2a: Weavile|Icy Wind|p1b: Incineroar|[spread] p1b\n|-activate|p1a: Primarina|move: Protect\n|-resisted|p1b: Incineroar|1\n|-damage|p1b: Incineroar|58/100\n|-unboost|p1b: Incineroar|spe|1\n|move|p1b: Incineroar|Parting Shot|p2a: Weavile\n|-unboost|p2a: Weavile|atk|1\n|-unboost|p2a: Weavile|spa|1\n|\n|t:|1776176522\n|switch|p1b: Gengar|Gengar-Mega, L50, F|100/100|[from] Parting Shot\n|\n|-end|p2b: Sableye|Throat Chop|[silent]\n|upkeep\n|turn|12\n|-message|regufe forfeited.\n|\n|win|Dag291\n|raw|Dag291's rating: 1102 &rarr; <strong>1130</strong><br />(+28 for winning)\n|raw|regufe's rating: 1138 &rarr; <strong>1110</strong><br />(-28 for losing)\n|l|\u2606regufe\n|player|p2|\n",
  "uploadtime": 1776176541,
  "views": 14,
  "formatid": "gen9championsvgc2026regma",
  "rating": 1110,
  "private": 0,
  "password": null
}