{
  "id": "gen9championsvgc2026regma-2588495282",
  "format": "[Gen 9 Champions] VGC 2026 Reg M-A",
  "players": [
    "Pikle1960",
    "farangjake"
  ],
  "log": "|j|\u2606Pikle1960\n|j|\u2606farangjake\n|t:|1776638702\n|gametype|doubles\n|player|p1|Pikle1960|steven|1133\n|player|p2|farangjake|hilbert|1049\n|gen|9\n|tier|[Gen 9 Champions] VGC 2026 Reg M-A\n|rated|\n|rule|Species Clause: Limit one of each Pok\u00e9mon\n|rule|Item Clause: Limit 1 of each item\n|clearpoke\n|poke|p1|Sylveon, L50, M|\n|poke|p1|Orthworm, L50, M, shiny|\n|poke|p1|Garchomp, L50, F, shiny|\n|poke|p1|Tyranitar, L50, F|\n|poke|p1|Delphox, L50, M, shiny|\n|poke|p1|Talonflame, L50, F|\n|poke|p2|Floette-Eternal, L50, F|\n|poke|p2|Sneasler, L50, F|\n|poke|p2|Garchomp, L50, M|\n|poke|p2|Aerodactyl, L50, M|\n|poke|p2|Basculegion, L50, M|\n|poke|p2|Incineroar, L50, M|\n|teampreview|4\n|inactive|Battle timer is ON: inactive players will automatically lose when time's up. (requested by farangjake)\n|inactive|Pikle1960 has 60 seconds left.\n|\n|t:|1776638780\n|teamsize|p1|4\n|teamsize|p2|4\n|start\n|switch|p1a: Talonflame|Talonflame, L50, F|100/100\n|switch|p1b: Orthworm|Orthworm, L50, M, shiny|100/100\n|switch|p2a: Aerodactyl|Aerodactyl, L50, M|100/100\n|switch|p2b: Basculegion|Basculegion, L50, M|100/100\n|-ability|p2a: Aerodactyl|Unnerve\n|turn|1\n|inactive|farangjake has 30 seconds left.\n|\n|t:|1776638807\n|move|p1a: Talonflame|Tailwind|p1a: Talonflame\n|-sidestart|p1: Pikle1960|move: Tailwind\n|move|p2b: Basculegion|Wave Crash|p1b: Orthworm\n|-crit|p1b: Orthworm\n|-damage|p1b: Orthworm|11/100\n|-damage|p2b: Basculegion|75/100|[from] Recoil\n|move|p1b: Orthworm|Shed Tail|p1b: Orthworm\n|-fail|p1b: Orthworm|move: Shed Tail|[weak]\n|move|p2a: Aerodactyl|Tailwind|p2a: Aerodactyl\n|-sidestart|p2: farangjake|move: Tailwind\n|\n|upkeep\n|turn|2\n|\n|t:|1776638824\n|move|p1b: Orthworm|Protect|p1b: Orthworm\n|-singleturn|p1b: Orthworm|Protect\n|move|p1a: Talonflame|Brave Bird|p2b: Basculegion\n|-damage|p2b: Basculegion|13/100\n|-damage|p1a: Talonflame|79/100|[from] Recoil\n|move|p2b: Basculegion|Wave Crash|p1a: Talonflame\n|-supereffective|p1a: Talonflame|1\n|-damage|p1a: Talonflame|0 fnt\n|faint|p1a: Talonflame\n|-damage|p2b: Basculegion|0 fnt|[from] Recoil\n|faint|p2b: Basculegion\n|move|p2a: Aerodactyl|Rock Slide|p1b: Orthworm\n|-activate|p1b: Orthworm|move: Protect\n|\n|upkeep\n|\n|t:|1776638839\n|switch|p1a: Garchomp|Garchomp, L50, F, shiny|100/100\n|switch|p2b: Sneasler|Sneasler, L50, F|100/100\n|turn|3\n|\n|t:|1776638850\n|move|p1a: Garchomp|Protect|p1a: Garchomp\n|-singleturn|p1a: Garchomp|Protect\n|move|p2a: Aerodactyl|Rock Slide|p1a: Garchomp|[spread] p1b\n|-activate|p1a: Garchomp|move: Protect\n|-resisted|p1b: Orthworm|1\n|-damage|p1b: Orthworm|2/100\n|move|p2b: Sneasler|Close Combat|p1b: Orthworm\n|-supereffective|p1b: Orthworm|1\n|-damage|p1b: Orthworm|0 fnt\n|-unboost|p2b: Sneasler|def|1\n|-unboost|p2b: Sneasler|spd|1\n|faint|p1b: Orthworm\n|-enditem|p2b: Sneasler|White Herb\n|-clearnegativeboost|p2b: Sneasler|[silent]\n|\n|upkeep\n|\n|t:|1776638863\n|switch|p1b: Sylveon|Sylveon, L50, M|100/100\n|turn|4\n|\n|t:|1776638886\n|move|p2b: Sneasler|Close Combat|p1a: Garchomp\n|-damage|p1a: Garchomp|40/100\n|-unboost|p2b: Sneasler|def|1\n|-unboost|p2b: Sneasler|spd|1\n|-damage|p2b: Sneasler|88/100|[from] ability: Rough Skin|[of] p1a: Garchomp\n|move|p2a: Aerodactyl|Rock Slide|p1a: Garchomp|[spread] p1b\n|-miss|p2a: Aerodactyl|p1a: Garchomp\n|-damage|p1b: Sylveon|66/100\n|move|p1a: Garchomp|Swords Dance|p1a: Garchomp\n|-boost|p1a: Garchomp|atk|2\n|move|p1b: Sylveon|Hyper Voice|p2a: Aerodactyl|[spread] p2a,p2b\n|-crit|p2b: Sneasler\n|-damage|p2a: Aerodactyl|34/100\n|-damage|p2b: Sneasler|0 fnt\n|faint|p2b: Sneasler\n|\n|-sideend|p1: Pikle1960|move: Tailwind\n|-sideend|p2: farangjake|move: Tailwind\n|upkeep\n|\n|t:|1776638888\n|switch|p2b: Floette|Floette-Eternal, L50, F|100/100\n|turn|5\n|\n|t:|1776638913\n|detailschange|p2b: Floette|Floette-Mega, L50, F\n|-mega|p2b: Floette|Floette|Floettite\n|-ability|p2b: Floette|Fairy Aura\n|move|p1a: Garchomp|Protect|p1a: Garchomp\n|-singleturn|p1a: Garchomp|Protect\n|move|p2a: Aerodactyl|Tailwind|p2a: Aerodactyl\n|-sidestart|p2: farangjake|move: Tailwind\n|move|p2b: Floette|Dazzling Gleam|p1a: Garchomp|[spread] p1b\n|-activate|p1a: Garchomp|move: Protect\n|-damage|p1b: Sylveon|34/100\n|move|p1b: Sylveon|Yawn|p2b: Floette\n|-start|p2b: Floette|move: Yawn|[of] p1b: Sylveon\n|\n|upkeep\n|turn|6\n|\n|t:|1776638928\n|move|p1a: Garchomp|Protect||[still]\n|-fail|p1a: Garchomp\n|move|p1b: Sylveon|Protect|p1b: Sylveon\n|-singleturn|p1b: Sylveon|Protect\n|move|p2a: Aerodactyl|Rock Slide|p1a: Garchomp|[spread] p1a\n|-activate|p1b: Sylveon|move: Protect\n|-resisted|p1a: Garchomp|1\n|-damage|p1a: Garchomp|27/100\n|move|p2b: Floette|Dazzling Gleam|p1a: Garchomp|[spread] p1a\n|-activate|p1b: Sylveon|move: Protect\n|-supereffective|p1a: Garchomp|1\n|-damage|p1a: Garchomp|0 fnt\n|faint|p1a: Garchomp\n|\n|-end|p2b: Floette|move: Yawn|[silent]\n|-status|p2b: Floette|slp\n|upkeep\n|turn|7\n|\n|t:|1776638942\n|move|p2a: Aerodactyl|Protect|p2a: Aerodactyl\n|-singleturn|p2a: Aerodactyl|Protect\n|cant|p2b: Floette|slp\n|move|p1b: Sylveon|Hyper Voice|p2a: Aerodactyl|[spread] p2b\n|-activate|p2a: Aerodactyl|move: Protect\n|-damage|p2b: Floette|49/100 slp\n|\n|upkeep\n|turn|8\n|\n|t:|1776638951\n|move|p2a: Aerodactyl|Rock Slide|p1b: Sylveon\n|-damage|p1b: Sylveon|0 fnt\n|faint|p1b: Sylveon\n|\n|win|farangjake\n|raw|Pikle1960's rating: 1133 &rarr; <strong>1102</strong><br />(-31 for losing)\n|raw|farangjake's rating: 1049 &rarr; <strong>1089</strong><br />(+40 for winning)\n",
  "uploadtime": 1776638955,
  "views": 11,
  "formatid": "gen9championsvgc2026regma",
  "rating": 1089,
  "private": 0,
  "password": null
}