{
  "id": "gen9championsvgc2026regma-2585179703",
  "format": "[Gen 9 Champions] VGC 2026 Reg M-A",
  "players": [
    "kooolk6 t 7",
    "darkslegend"
  ],
  "log": "|j|\u2606kooolk6 t 7\n|j|\u2606darkslegend\n|t:|1776321707\n|gametype|doubles\n|player|p1|kooolk6 t 7|elesa|1102\n|player|p2|darkslegend|2|1000\n|gen|9\n|tier|[Gen 9 Champions] VGC 2026 Reg M-A\n|rated|\n|rule|Species Clause: Limit one of each Pok\u00e9mon\n|rule|Item Clause: Limit 1 of each item\n|clearpoke\n|poke|p1|Avalugg, L50, F|\n|poke|p1|Slowking, L50, M|\n|poke|p1|Drampa, L50, F|\n|poke|p1|Froslass, L50, F|\n|poke|p1|Tauros-Paldea-Aqua, L50, M|\n|poke|p1|Mamoswine, L50, F|\n|poke|p2|Charizard, L50, M|\n|poke|p2|Sneasler, L50, M|\n|poke|p2|Basculegion, L50, M|\n|poke|p2|Garchomp, L50, F|\n|poke|p2|Incineroar, L50, M|\n|poke|p2|Venusaur, L50, F|\n|teampreview|4\n|\n|t:|1776321754\n|teamsize|p1|4\n|teamsize|p2|4\n|start\n|switch|p1a: Slowking|Slowking, L50, M|100/100\n|switch|p1b: Froslass|Froslass, L50, F|100/100\n|switch|p2a: Basculegion|Basculegion, L50, M|100/100\n|switch|p2b: Incineroar|Incineroar, L50, M|100/100\n|-ability|p2b: Incineroar|Intimidate|boost\n|-fail|p1a: Slowking|unboost|Attack|[from] ability: Oblivious|[of] p1a: Slowking\n|-unboost|p1b: Froslass|atk|1\n|turn|1\n|\n|t:|1776321785\n|switch|p1a: Tauros|Tauros-Paldea-Aqua, L50, M|100/100\n|-ability|p1a: Tauros|Intimidate|boost\n|-unboost|p2a: Basculegion|atk|1\n|-unboost|p2b: Incineroar|atk|1\n|detailschange|p1b: Froslass|Froslass-Mega, L50, F\n|-mega|p1b: Froslass|Froslass|Froslassite\n|-weather|Snowscape|[from] ability: Snow Warning|[of] p1b: Froslass\n|move|p2b: Incineroar|Fake Out|p1a: Tauros\n|-damage|p1a: Tauros|91/100\n|move|p2a: Basculegion|Last Respects|p1b: Froslass\n|-supereffective|p1b: Froslass|1\n|-damage|p1b: Froslass|54/100\n|move|p1b: Froslass|Aurora Veil|p1b: Froslass\n|-sidestart|p1: kooolk6 t 7|move: Aurora Veil\n|\n|-weather|Snowscape|[upkeep]\n|upkeep\n|turn|2\n|\n|t:|1776321827\n|switch|p2a: Sneasler|Sneasler, L50, M|100/100\n|move|p1b: Froslass|Blizzard|p2a: Sneasler|[spread] p2a,p2b\n|-resisted|p2b: Incineroar|1\n|-damage|p2a: Sneasler|36/100\n|-damage|p2b: Incineroar|82/100\n|move|p1a: Tauros|Wave Crash|p2b: Incineroar\n|-supereffective|p2b: Incineroar|1\n|-damage|p2b: Incineroar|0 fnt\n|faint|p2b: Incineroar\n|-damage|p1a: Tauros|55/100|[from] Recoil\n|\n|-weather|Snowscape|[upkeep]\n|upkeep\n|\n|t:|1776321841\n|switch|p2b: Charizard|Charizard, L50, M|100/100\n|turn|3\n|\n|t:|1776321867\n|switch|p1a: Slowking|Slowking, L50, M|100/100\n|detailschange|p2b: Charizard|Charizard-Mega-Y, L50, M\n|-mega|p2b: Charizard|Charizard|Charizardite Y\n|-weather|SunnyDay|[from] ability: Drought|[of] p2b: Charizard\n|move|p1b: Froslass|Protect|p1b: Froslass\n|-singleturn|p1b: Froslass|Protect\n|move|p2a: Sneasler|Close Combat|p1a: Slowking\n|-resisted|p1a: Slowking|1\n|-damage|p1a: Slowking|79/100\n|-unboost|p2a: Sneasler|def|1\n|-unboost|p2a: Sneasler|spd|1\n|-enditem|p2a: Sneasler|White Herb\n|-clearnegativeboost|p2a: Sneasler|[silent]\n|move|p2b: Charizard|Heat Wave|p1a: Slowking|[spread] \n|-activate|p1b: Froslass|move: Protect\n|-miss|p2b: Charizard|p1a: Slowking\n|\n|-weather|SunnyDay|[upkeep]\n|upkeep\n|turn|4\n|\n|t:|1776321907\n|switch|p1b: Tauros|Tauros-Paldea-Aqua, L50, M|55/100\n|-ability|p1b: Tauros|Intimidate|boost\n|-unboost|p2a: Sneasler|atk|1\n|-unboost|p2b: Charizard|atk|1\n|move|p2a: Sneasler|Dire Claw|p1a: Slowking\n|-damage|p1a: Slowking|59/100\n|move|p2b: Charizard|Heat Wave|p1a: Slowking|[spread] p1a,p1b\n|-resisted|p1a: Slowking|1\n|-resisted|p1b: Tauros|1\n|-damage|p1a: Slowking|43/100\n|-damage|p1b: Tauros|15/100\n|move|p1a: Slowking|Trick Room|p1a: Slowking\n|-fieldstart|move: Trick Room|[of] p1a: Slowking\n|\n|-weather|SunnyDay|[upkeep]\n|upkeep\n|turn|5\n|\n|t:|1776321942\n|move|p2a: Sneasler|Protect|p2a: Sneasler\n|-singleturn|p2a: Sneasler|Protect\n|move|p1a: Slowking|Slack Off|p1a: Slowking\n|-heal|p1a: Slowking|93/100\n|move|p2b: Charizard|Heat Wave|p1b: Tauros|[spread] p1a,p1b\n|-resisted|p1a: Slowking|1\n|-resisted|p1b: Tauros|1\n|-damage|p1a: Slowking|78/100\n|-damage|p1b: Tauros|0 fnt\n|faint|p1b: Tauros\n|\n|-weather|SunnyDay|[upkeep]\n|-sideend|p1: kooolk6 t 7|move: Aurora Veil\n|upkeep\n|\n|t:|1776321960\n|switch|p1b: Froslass|Froslass-Mega, L50, F|54/100\n|-weather|Snowscape|[from] ability: Snow Warning|[of] p1b: Froslass\n|turn|6\n|\n|t:|1776321974\n|switch|p2b: Basculegion|Basculegion, L50, M|100/100\n|move|p1b: Froslass|Protect|p1b: Froslass\n|-singleturn|p1b: Froslass|Protect\n|move|p1a: Slowking|Muddy Water|p2a: Sneasler|[spread] p2a,p2b\n|-resisted|p2b: Basculegion|1\n|-damage|p2a: Sneasler|3/100\n|-damage|p2b: Basculegion|87/100\n|move|p2a: Sneasler|Rock Slide|p1b: Froslass|[spread] p1a\n|-activate|p1b: Froslass|move: Protect\n|-damage|p1a: Slowking|64/100\n|\n|-weather|Snowscape|[upkeep]\n|upkeep\n|turn|7\n|inactive|Battle timer is ON: inactive players will automatically lose when time's up. (requested by darkslegend)\n|\n|t:|1776322058\n|move|p2a: Sneasler|Protect|p2a: Sneasler\n|-singleturn|p2a: Sneasler|Protect\n|move|p1a: Slowking|Muddy Water|p2b: Basculegion|[spread] p2b\n|-activate|p2a: Sneasler|move: Protect\n|-resisted|p2b: Basculegion|1\n|-damage|p2b: Basculegion|73/100\n|move|p1b: Froslass|Destiny Bond|p1b: Froslass\n|-singlemove|p1b: Froslass|Destiny Bond\n|move|p2b: Basculegion|Last Respects|p1a: Slowking\n|-supereffective|p1a: Slowking|1\n|-damage|p1a: Slowking|0 fnt\n|faint|p1a: Slowking\n|\n|-weather|Snowscape|[upkeep]\n|upkeep\n|\n|t:|1776322071\n|switch|p1a: Avalugg|Avalugg, L50, F|100/100\n|turn|8\n|\n|t:|1776322092\n|switch|p2a: Charizard|Charizard-Mega-Y, L50, M|100/100\n|-weather|SunnyDay|[from] ability: Drought|[of] p2a: Charizard\n|move|p1a: Avalugg|High Horsepower|p2b: Basculegion\n|-damage|p2b: Basculegion|32/100\n|move|p1b: Froslass|Blizzard|p2a: Charizard|[spread] p2a,p2b\n|-resisted|p2b: Basculegion|1\n|-damage|p2a: Charizard|53/100\n|-damage|p2b: Basculegion|6/100\n|move|p2b: Basculegion|Last Respects|p1b: Froslass\n|-supereffective|p1b: Froslass|1\n|-damage|p1b: Froslass|0 fnt\n|faint|p1b: Froslass\n|\n|-weather|SunnyDay|[upkeep]\n|-fieldend|move: Trick Room\n|upkeep\n|turn|9\n|\n|t:|1776322113\n|move|p1a: Avalugg|Wide Guard|p1a: Avalugg\n|-singleturn|p1a: Avalugg|Wide Guard\n|move|p2b: Basculegion|Last Respects|p1a: Avalugg\n|-crit|p1a: Avalugg\n|-damage|p1a: Avalugg|45/100\n|-enditem|p1a: Avalugg|Sitrus Berry|[eat]\n|-heal|p1a: Avalugg|70/100|[from] item: Sitrus Berry\n|move|p2a: Charizard|Weather Ball|p1a: Avalugg\n|-supereffective|p1a: Avalugg|1\n|-damage|p1a: Avalugg|0 fnt\n|faint|p1a: Avalugg\n|\n|win|darkslegend\n|raw|kooolk6 t 7's rating: 1102 &rarr; <strong>1070</strong><br />(-32 for losing)\n|raw|darkslegend's rating: 1000 &rarr; <strong>1051</strong><br />(+51 for winning)\n|l|\u2606kooolk6 t 7\n|player|p1|\n",
  "uploadtime": 1776322126,
  "views": 19,
  "formatid": "gen9championsvgc2026regma",
  "rating": 1051,
  "private": 0,
  "password": null
}