{
  "id": "gen9championsvgc2026regma-2584802563",
  "format": "[Gen 9 Champions] VGC 2026 Reg M-A",
  "players": [
    "isabellissima",
    "pingu79abc"
  ],
  "log": "|j|\u2606isabellissima\n|j|\u2606pingu79abc\n|t:|1776284761\n|gametype|doubles\n|player|p1|isabellissima|2|1107\n|player|p2|pingu79abc|hiker-gen4|1008\n|gen|9\n|tier|[Gen 9 Champions] VGC 2026 Reg M-A\n|rated|\n|rule|Species Clause: Limit one of each Pok\u00e9mon\n|rule|Item Clause: Limit 1 of each item\n|clearpoke\n|poke|p1|Incineroar, L50, F|\n|poke|p1|Gengar, L50, F|\n|poke|p1|Sneasler, L50, M|\n|poke|p1|Maushold-Four, L50|\n|poke|p1|Kommo-o, L50, F|\n|poke|p1|Politoed, L50, M|\n|poke|p2|Crabominable, L50, F|\n|poke|p2|Froslass, L50, F|\n|poke|p2|Avalugg-Hisui, L50, F|\n|poke|p2|Mr. Rime, L50, F|\n|poke|p2|Weavile, L50, M|\n|poke|p2|Rotom-Frost, L50|\n|teampreview|4\n|inactive|Battle timer is ON: inactive players will automatically lose when time's up. (requested by pingu79abc)\n|\n|t:|1776284776\n|teamsize|p1|4\n|teamsize|p2|4\n|start\n|switch|p1a: Incineroar|Incineroar, L50, F, shiny|100/100\n|switch|p1b: Gengar|Gengar, L50, F, shiny|100/100\n|switch|p2a: Mr. Rime|Mr. Rime, L50, F|100/100\n|switch|p2b: Froslass|Froslass, L50, F|100/100\n|-ability|p1a: Incineroar|Intimidate|boost\n|-unboost|p2a: Mr. Rime|atk|1\n|-unboost|p2b: Froslass|atk|1\n|turn|1\n|\n|t:|1776284797\n|detailschange|p1b: Gengar|Gengar-Mega, L50, F, shiny\n|-mega|p1b: Gengar|Gengar|Gengarite\n|move|p2a: Mr. Rime|Fake Out|p1a: Incineroar\n|-damage|p1a: Incineroar|97/100\n|move|p2b: Froslass|Shadow Ball|p1b: Gengar\n|-supereffective|p1b: Gengar|1\n|-damage|p1b: Gengar|29/100\n|-unboost|p1b: Gengar|spd|1\n|move|p1b: Gengar|Shadow Ball|p2b: Froslass\n|-supereffective|p2b: Froslass|1\n|-damage|p2b: Froslass|0 fnt\n|faint|p2b: Froslass\n|cant|p1a: Incineroar|flinch\n|\n|upkeep\n|\n|t:|1776284814\n|switch|p2b: Weavile|Weavile, L50, M|100/100\n|turn|2\n|\n|t:|1776284831\n|switch|p1b: Politoed|Politoed, L50, M, shiny|100/100\n|-weather|RainDance|[from] ability: Drizzle|[of] p1b: Politoed\n|move|p2b: Weavile|Knock Off|p1b: Politoed\n|-damage|p1b: Politoed|60/100\n|-enditem|p1b: Politoed|Leftovers|[from] move: Knock Off|[of] p2b: Weavile\n|move|p1a: Incineroar|Throat Chop|p2a: Mr. Rime\n|-supereffective|p2a: Mr. Rime|1\n|-damage|p2a: Mr. Rime|30/100\n|-start|p2a: Mr. Rime|Throat Chop|[silent]\n|move|p2a: Mr. Rime|Trick Room|p2a: Mr. Rime\n|-fieldstart|move: Trick Room|[of] p2a: Mr. Rime\n|\n|-weather|RainDance|[upkeep]\n|-heal|p2a: Mr. Rime|36/100|[from] item: Leftovers\n|upkeep\n|turn|3\n|\n|t:|1776284855\n|switch|p2a: Crabominable|Crabominable, L50, F|100/100\n|move|p1a: Incineroar|Throat Chop|p2a: Crabominable\n|-resisted|p2a: Crabominable|1\n|-damage|p2a: Crabominable|83/100\n|-start|p2a: Crabominable|Throat Chop|[silent]\n|move|p1b: Politoed|Weather Ball|p2b: Weavile\n|-damage|p2b: Weavile|35/100\n|move|p2b: Weavile|Knock Off|p1a: Incineroar\n|-resisted|p1a: Incineroar|1\n|-damage|p1a: Incineroar|81/100\n|-enditem|p1a: Incineroar|Sitrus Berry|[from] move: Knock Off|[of] p2b: Weavile\n|\n|-weather|RainDance|[upkeep]\n|upkeep\n|turn|4\n|inactive|isabellissima has 30 seconds left.\n|inactive|pingu79abc has 30 seconds left.\n|\n|t:|1776284883\n|detailschange|p2a: Crabominable|Crabominable-Mega, L50, F\n|-mega|p2a: Crabominable|Crabominable|Crabominite\n|move|p1a: Incineroar|Protect|p1a: Incineroar\n|-singleturn|p1a: Incineroar|Protect\n|move|p1b: Politoed|Protect|p1b: Politoed\n|-singleturn|p1b: Politoed|Protect\n|move|p2a: Crabominable|Drain Punch|p1a: Incineroar\n|-activate|p1a: Incineroar|move: Protect\n|move|p2b: Weavile|Knock Off|p1b: Politoed\n|-activate|p1b: Politoed|move: Protect\n|\n|-weather|RainDance|[upkeep]\n|-end|p2a: Crabominable|Throat Chop|[silent]\n|upkeep\n|turn|5\n|\n|t:|1776284903\n|switch|p1a: Gengar|Gengar-Mega, L50, F, shiny|29/100\n|move|p2a: Crabominable|Drain Punch|p1b: Politoed\n|-damage|p1b: Politoed|10/100\n|-heal|p2a: Crabominable|100/100|[from] drain|[of] p1b: Politoed\n|move|p1b: Politoed|Perish Song|p1b: Politoed\n|-start|p1a: Gengar|perish3|[silent]\n|-start|p1b: Politoed|perish3|[silent]\n|-start|p2a: Crabominable|perish3|[silent]\n|-start|p2b: Weavile|perish3|[silent]\n|-fieldactivate|move: Perish Song\n|move|p2b: Weavile|Knock Off|p1a: Gengar\n|-supereffective|p1a: Gengar|1\n|-damage|p1a: Gengar|0 fnt\n|faint|p1a: Gengar\n|\n|-weather|RainDance|[upkeep]\n|-start|p2a: Crabominable|perish3\n|-start|p1b: Politoed|perish3\n|-start|p2b: Weavile|perish3\n|upkeep\n|\n|t:|1776284918\n|switch|p1a: Maushold|Maushold-Four, L50|100/100\n|turn|6\n|\n|t:|1776284942\n|switch|p2b: Mr. Rime|Mr. Rime, L50, F|36/100\n|move|p1b: Politoed|Protect|p1b: Politoed\n|-singleturn|p1b: Politoed|Protect\n|move|p1a: Maushold|Protect|p1a: Maushold\n|-singleturn|p1a: Maushold|Protect\n|move|p2a: Crabominable|Drain Punch|p1a: Maushold\n|-activate|p1a: Maushold|move: Protect\n|\n|-weather|none\n|-heal|p2b: Mr. Rime|42/100|[from] item: Leftovers\n|-start|p2a: Crabominable|perish2\n|-start|p1b: Politoed|perish2\n|-fieldend|move: Trick Room\n|upkeep\n|turn|7\n|inactive|isabellissima has 30 seconds left.\n|inactive|pingu79abc has 30 seconds left.\n|\n|t:|1776284969\n|switch|p1b: Incineroar|Incineroar, L50, F, shiny|81/100\n|-ability|p1b: Incineroar|Intimidate|boost\n|-unboost|p2a: Crabominable|atk|1\n|-unboost|p2b: Mr. Rime|atk|1\n|switch|p2a: Weavile|Weavile, L50, M|35/100\n|move|p2b: Mr. Rime|Fake Out|p1a: Maushold\n|-damage|p1a: Maushold|93/100\n|cant|p1a: Maushold|flinch\n|\n|-heal|p2b: Mr. Rime|48/100|[from] item: Leftovers\n|upkeep\n|turn|8\n|inactive|isabellissima has 30 seconds left.\n|\n|t:|1776285000\n|move|p2a: Weavile|Fake Out|p1b: Incineroar\n|-damage|p1b: Incineroar|74/100\n|move|p1a: Maushold|Super Fang|p2a: Weavile\n|-damage|p2a: Weavile|18/100\n|cant|p1b: Incineroar|flinch\n|move|p2b: Mr. Rime|Trick Room|p2b: Mr. Rime\n|-fieldstart|move: Trick Room|[of] p2b: Mr. Rime\n|\n|-heal|p2b: Mr. Rime|53/100|[from] item: Leftovers\n|upkeep\n|turn|9\n|\n|t:|1776285024\n|switch|p2b: Crabominable|Crabominable-Mega, L50, F|100/100\n|move|p1b: Incineroar|Parting Shot|p2a: Weavile\n|-unboost|p2a: Weavile|atk|1\n|-unboost|p2a: Weavile|spa|1\n|\n|t:|1776285029\n|switch|p1b: Politoed|Politoed, L50, M, shiny|10/100|[from] Parting Shot\n|-enditem|p2a: Weavile|White Herb\n|-clearnegativeboost|p2a: Weavile|[silent]\n|-weather|RainDance|[from] ability: Drizzle|[of] p1b: Politoed\n|move|p1a: Maushold|Super Fang|p2a: Weavile\n|-damage|p2a: Weavile|9/100\n|-enditem|p1a: Maushold|Chople Berry|[silent]|[from] ability: Pickpocket|[of] p1a: Maushold\n|-item|p2a: Weavile|Chople Berry|[from] ability: Pickpocket|[of] p1a: Maushold\n|move|p2a: Weavile|Knock Off|p1a: Maushold\n|-damage|p1a: Maushold|54/100\n|\n|-weather|RainDance|[upkeep]\n|upkeep\n|turn|10\n|\n|t:|1776285051\n|move|p1a: Maushold|Follow Me|p1a: Maushold\n|-singleturn|p1a: Maushold|move: Follow Me\n|move|p2b: Crabominable|Drain Punch|p1a: Maushold\n|-supereffective|p1a: Maushold|1\n|-damage|p1a: Maushold|0 fnt\n|faint|p1a: Maushold\n|move|p1b: Politoed|Weather Ball|p2a: Weavile\n|-damage|p2a: Weavile|0 fnt\n|faint|p2a: Weavile\n|\n|-weather|RainDance|[upkeep]\n|upkeep\n|\n|t:|1776285063\n|switch|p1a: Incineroar|Incineroar, L50, F, shiny|74/100\n|switch|p2a: Mr. Rime|Mr. Rime, L50, F|53/100\n|-ability|p1a: Incineroar|Intimidate|boost\n|-unboost|p2a: Mr. Rime|atk|1\n|-unboost|p2b: Crabominable|atk|1\n|turn|11\n|\n|t:|1776285075\n|move|p1a: Incineroar|Fake Out|p2b: Crabominable\n|-damage|p2b: Crabominable|93/100\n|move|p2a: Mr. Rime|Fake Out|p1b: Politoed\n|-damage|p1b: Politoed|5/100\n|cant|p2b: Crabominable|flinch\n|cant|p1b: Politoed|flinch\n|\n|-weather|RainDance|[upkeep]\n|-heal|p2a: Mr. Rime|59/100|[from] item: Leftovers\n|upkeep\n|turn|12\n|\n|t:|1776285092\n|move|p1a: Incineroar|Protect|p1a: Incineroar\n|-singleturn|p1a: Incineroar|Protect\n|move|p1b: Politoed|Protect|p1b: Politoed\n|-singleturn|p1b: Politoed|Protect\n|move|p2b: Crabominable|Drain Punch|p1a: Incineroar\n|-activate|p1a: Incineroar|move: Protect\n|move|p2a: Mr. Rime|Psychic|p1b: Politoed\n|-activate|p1b: Politoed|move: Protect\n|\n|-weather|RainDance|[upkeep]\n|-heal|p2a: Mr. Rime|65/100|[from] item: Leftovers\n|-fieldend|move: Trick Room\n|upkeep\n|turn|13\n|\n|t:|1776285110\n|move|p2b: Crabominable|Protect|p2b: Crabominable\n|-singleturn|p2b: Crabominable|Protect\n|move|p1b: Politoed|Weather Ball|p2b: Crabominable\n|-activate|p2b: Crabominable|move: Protect\n|move|p2a: Mr. Rime|Psychic|p1b: Politoed\n|-damage|p1b: Politoed|0 fnt\n|faint|p1b: Politoed\n|move|p1a: Incineroar|Throat Chop|p2b: Crabominable\n|-activate|p2b: Crabominable|move: Protect\n|\n|-weather|none\n|-heal|p2a: Mr. Rime|71/100|[from] item: Leftovers\n|upkeep\n|turn|14\n|\n|t:|1776285127\n|move|p1a: Incineroar|Throat Chop|p2a: Mr. Rime\n|-supereffective|p2a: Mr. Rime|1\n|-damage|p2a: Mr. Rime|0 fnt\n|faint|p2a: Mr. Rime\n|move|p2b: Crabominable|Drain Punch|p1a: Incineroar\n|-supereffective|p1a: Incineroar|1\n|-damage|p1a: Incineroar|21/100\n|-heal|p2b: Crabominable|100/100|[from] drain|[of] p1a: Incineroar\n|\n|upkeep\n|turn|15\n|\n|t:|1776285137\n|move|p2b: Crabominable|Mach Punch|p1a: Incineroar\n|-supereffective|p1a: Incineroar|1\n|-damage|p1a: Incineroar|0 fnt\n|faint|p1a: Incineroar\n|\n|win|pingu79abc\n|raw|isabellissima's rating: 1107 &rarr; <strong>1075</strong><br />(-32 for losing)\n|raw|pingu79abc's rating: 1008 &rarr; <strong>1058</strong><br />(+50 for winning)\n",
  "uploadtime": 1776285141,
  "views": 45,
  "formatid": "gen9championsvgc2026regma",
  "rating": 1058,
  "private": 0,
  "password": null
}