{
  "id": "gen9championsvgc2026regma-2582678877",
  "format": "[Gen 9 Champions] VGC 2026 Reg M-A",
  "players": [
    "Woop1884",
    "No Eggs Discovered"
  ],
  "log": "|j|\u2606Woop1884\n|j|\u2606No Eggs Discovered\n|t:|1776106763\n|gametype|doubles\n|player|p1|Woop1884|1|1110\n|player|p2|No Eggs Discovered|2|1148\n|gen|9\n|tier|[Gen 9 Champions] VGC 2026 Reg M-A\n|rated|\n|rule|Species Clause: Limit one of each Pok\u00e9mon\n|rule|Item Clause: Limit 1 of each item\n|clearpoke\n|poke|p1|Arcanine, L50, M|\n|poke|p1|Dragonite, L50, M|\n|poke|p1|Clefable, L50, F|\n|poke|p1|Archaludon, L50, F|\n|poke|p1|Politoed, L50, F|\n|poke|p1|Kangaskhan, L50, F|\n|poke|p2|Tyranitar, L50, M|\n|poke|p2|Excadrill, L50, F|\n|poke|p2|Floette-Eternal, L50, F|\n|poke|p2|Incineroar, L50, M|\n|poke|p2|Rotom-Wash, L50|\n|poke|p2|Sinistcha, L50|\n|teampreview|4\n|\n|t:|1776106803\n|teamsize|p1|4\n|teamsize|p2|4\n|start\n|switch|p1a: Kangaskhan|Kangaskhan, L50, F|100/100\n|switch|p1b: Archaludon|Archaludon, L50, F|100/100\n|switch|p2a: Floette|Floette-Eternal, L50, F|100/100\n|switch|p2b: Rotom|Rotom-Wash, L50|100/100\n|turn|1\n|\n|t:|1776106833\n|detailschange|p1a: Kangaskhan|Kangaskhan-Mega, L50, F\n|-mega|p1a: Kangaskhan|Kangaskhan|Kangaskhanite\n|move|p2a: Floette|Protect|p2a: Floette\n|-singleturn|p2a: Floette|Protect\n|move|p1a: Kangaskhan|Fake Out|p2b: Rotom\n|-damage|p2b: Rotom|79/100\n|-damage|p2b: Rotom|75/100\n|-hitcount|p2b: Rotom|2\n|move|p1b: Archaludon|Flash Cannon|p2a: Floette\n|-activate|p2a: Floette|move: Protect\n|cant|p2b: Rotom|flinch\n|\n|-heal|p2b: Rotom|81/100|[from] item: Leftovers\n|upkeep\n|turn|2\n|\n|t:|1776106851\n|detailschange|p2a: Floette|Floette-Mega, L50, F\n|-mega|p2a: Floette|Floette|Floettite\n|-ability|p2a: Floette|Fairy Aura\n|move|p1b: Archaludon|Flash Cannon|p2a: Floette\n|-supereffective|p2a: Floette|1\n|-damage|p2a: Floette|28/100\n|move|p2a: Floette|Light of Ruin|p1b: Archaludon\n|-ability|p1b: Archaludon|Sturdy\n|-damage|p1b: Archaludon|1/100\n|-damage|p2a: Floette|0 fnt|[from] Recoil\n|faint|p2a: Floette\n|move|p1a: Kangaskhan|Body Slam|p2b: Rotom\n|-damage|p2b: Rotom|39/100\n|-damage|p2b: Rotom|27/100\n|-hitcount|p2b: Rotom|2\n|move|p2b: Rotom|Will-O-Wisp|p1a: Kangaskhan\n|-status|p1a: Kangaskhan|brn\n|\n|-heal|p2b: Rotom|33/100|[from] item: Leftovers\n|-damage|p1a: Kangaskhan|94/100 brn|[from] brn\n|upkeep\n|\n|t:|1776106865\n|switch|p2a: Excadrill|Excadrill, L50, F|100/100\n|turn|3\n|\n|t:|1776106879\n|move|p2b: Rotom|Protect|p2b: Rotom\n|-singleturn|p2b: Rotom|Protect\n|move|p1b: Archaludon|Flash Cannon|p2b: Rotom\n|-activate|p2b: Rotom|move: Protect\n|move|p2a: Excadrill|Earthquake|p1b: Archaludon|[spread] p1a,p1b\n|-activate|p2b: Rotom|move: Protect\n|-supereffective|p1b: Archaludon|1\n|-crit|p1b: Archaludon\n|-damage|p1a: Kangaskhan|53/100 brn\n|-damage|p1b: Archaludon|0 fnt\n|faint|p1b: Archaludon\n|move|p1a: Kangaskhan|Drain Punch|p2a: Excadrill\n|-supereffective|p2a: Excadrill|1\n|-damage|p2a: Excadrill|64/100\n|-heal|p1a: Kangaskhan|72/100 brn|[from] drain|[of] p2a: Excadrill\n|-supereffective|p2a: Excadrill|1\n|-damage|p2a: Excadrill|56/100\n|-heal|p1a: Kangaskhan|76/100 brn|[from] drain|[of] p2a: Excadrill\n|-hitcount|p2a: Excadrill|2\n|\n|-heal|p2b: Rotom|39/100|[from] item: Leftovers\n|-damage|p1a: Kangaskhan|70/100 brn|[from] brn\n|upkeep\n|\n|t:|1776106906\n|switch|p1b: Arcanine|Arcanine, L50, M|100/100\n|-ability|p1b: Arcanine|Intimidate|boost\n|-unboost|p2a: Excadrill|atk|1\n|-unboost|p2b: Rotom|atk|1\n|turn|4\n|\n|t:|1776106934\n|switch|p2b: Tyranitar|Tyranitar, L50, M|100/100\n|-weather|Sandstorm|[from] ability: Sand Stream|[of] p2b: Tyranitar\n|move|p2a: Excadrill|Protect|p2a: Excadrill\n|-singleturn|p2a: Excadrill|Protect\n|move|p1b: Arcanine|Howl|p1b: Arcanine|[spread] p1a,p1b\n|-boost|p1a: Kangaskhan|atk|1\n|-boost|p1b: Arcanine|atk|1\n|move|p1a: Kangaskhan|Body Slam|p2b: Tyranitar\n|-resisted|p2b: Tyranitar|1\n|-damage|p2b: Tyranitar|88/100\n|-status|p2b: Tyranitar|par\n|-resisted|p2b: Tyranitar|1\n|-damage|p2b: Tyranitar|86/100 par\n|-hitcount|p2b: Tyranitar|2\n|\n|-weather|Sandstorm|[upkeep]\n|-damage|p1b: Arcanine|94/100|[from] Sandstorm\n|-damage|p1a: Kangaskhan|64/100 brn|[from] Sandstorm\n|-damage|p1a: Kangaskhan|58/100 brn|[from] brn\n|upkeep\n|turn|5\n|\n|t:|1776106972\n|switch|p2a: Rotom|Rotom-Wash, L50|39/100\n|move|p1b: Arcanine|Flare Blitz|p2a: Rotom\n|-resisted|p2a: Rotom|1\n|-damage|p2a: Rotom|5/100\n|-damage|p1b: Arcanine|86/100|[from] Recoil\n|move|p1a: Kangaskhan|Drain Punch|p2b: Tyranitar\n|-supereffective|p2b: Tyranitar|2\n|-damage|p2b: Tyranitar|28/100 par\n|-heal|p1a: Kangaskhan|91/100 brn|[from] drain|[of] p2b: Tyranitar\n|-supereffective|p2b: Tyranitar|2\n|-damage|p2b: Tyranitar|13/100 par\n|-heal|p1a: Kangaskhan|99/100 brn|[from] drain|[of] p2b: Tyranitar\n|-hitcount|p2b: Tyranitar|2\n|move|p2b: Tyranitar|Rock Slide|p1a: Kangaskhan|[spread] p1a,p1b\n|-supereffective|p1b: Arcanine|1\n|-damage|p1a: Kangaskhan|64/100 brn\n|-damage|p1b: Arcanine|13/100\n|\n|-weather|Sandstorm|[upkeep]\n|-damage|p1b: Arcanine|7/100|[from] Sandstorm\n|-damage|p1a: Kangaskhan|58/100 brn|[from] Sandstorm\n|-damage|p2a: Rotom|0 fnt|[from] Sandstorm\n|faint|p2a: Rotom\n|-damage|p1a: Kangaskhan|52/100 brn|[from] brn\n|upkeep\n|\n|t:|1776106989\n|switch|p2a: Excadrill|Excadrill, L50, F|56/100\n|turn|6\n|inactive|Battle timer is ON: inactive players will automatically lose when time's up. (requested by No Eggs Discovered)\n|\n|t:|1776107026\n|switch|p1a: Politoed|Politoed, L50, F|100/100\n|-weather|RainDance|[from] ability: Drizzle|[of] p1a: Politoed\n|move|p2b: Tyranitar|Protect|p2b: Tyranitar\n|-singleturn|p2b: Tyranitar|Protect\n|move|p1b: Arcanine|Flare Blitz|p2a: Excadrill\n|-supereffective|p2a: Excadrill|1\n|-damage|p2a: Excadrill|0 fnt\n|faint|p2a: Excadrill\n|-damage|p1b: Arcanine|0 fnt|[from] Recoil\n|faint|p1b: Arcanine\n|\n|-weather|RainDance|[upkeep]\n|upkeep\n|-message|No Eggs Discovered forfeited.\n|\n|win|Woop1884\n|raw|Woop1884's rating: 1110 &rarr; <strong>1138</strong><br />(+28 for winning)\n|raw|No Eggs Discovered's rating: 1148 &rarr; <strong>1120</strong><br />(-28 for losing)\n|l|\u2606No Eggs Discovered\n|player|p2|\n",
  "uploadtime": 1776107749,
  "views": 23,
  "formatid": "gen9championsvgc2026regma",
  "rating": 1120,
  "private": 0,
  "password": null
}