{
  "id": "gen9championsvgc2026regma-2586806048",
  "format": "[Gen 9 Champions] VGC 2026 Reg M-A",
  "players": [
    "SimMikaze",
    "JoeFlowDD"
  ],
  "log": "|j|\u2606SimMikaze\n|j|\u2606JoeFlowDD\n|t:|1776461402\n|gametype|doubles\n|player|p1|SimMikaze|miku-ghost|1338\n|player|p2|JoeFlowDD|palmer|1347\n|gen|9\n|tier|[Gen 9 Champions] VGC 2026 Reg M-A\n|rated|\n|rule|Species Clause: Limit one of each Pok\u00e9mon\n|rule|Item Clause: Limit 1 of each item\n|clearpoke\n|poke|p1|Floette-Eternal, L50, F|\n|poke|p1|Garchomp, L50, F|\n|poke|p1|Incineroar, L50, M|\n|poke|p1|Sneasler, L50, F|\n|poke|p1|Corviknight, L50, M|\n|poke|p1|Sinistcha, L50|\n|poke|p2|Aggron, L50, F|\n|poke|p2|Sinistcha, L50|\n|poke|p2|Incineroar, L50, F|\n|poke|p2|Milotic, L50, F|\n|poke|p2|Farigiraf, L50, F|\n|poke|p2|Hydreigon, L50, F|\n|teampreview|4\n|inactive|Battle timer is ON: inactive players will automatically lose when time's up. (requested by JoeFlowDD)\n|\n|t:|1776461483\n|teamsize|p1|4\n|teamsize|p2|4\n|start\n|switch|p1a: Floette|Floette-Eternal, L50, F|100/100\n|switch|p1b: Sinistcha|Sinistcha, L50, shiny|100/100\n|switch|p2a: Aggron|Aggron, L50, F|100/100\n|switch|p2b: Milotic|Milotic, L50, F|100/100\n|turn|1\n|inactive|SimMikaze has 30 seconds left.\n|\n|t:|1776461517\n|detailschange|p1a: Floette|Floette-Mega, L50, F\n|-mega|p1a: Floette|Floette|Floettite\n|-ability|p1a: Floette|Fairy Aura\n|detailschange|p2a: Aggron|Aggron-Mega, L50, F\n|-mega|p2a: Aggron|Aggron|Aggronite\n|move|p1b: Sinistcha|Rage Powder|p1b: Sinistcha\n|-singleturn|p1b: Sinistcha|move: Rage Powder\n|move|p1a: Floette|Dazzling Gleam|p2a: Aggron|[spread] p2a,p2b\n|-resisted|p2a: Aggron|1\n|-damage|p2a: Aggron|81/100\n|-damage|p2b: Milotic|65/100\n|move|p2b: Milotic|Coil|p2b: Milotic\n|-boost|p2b: Milotic|atk|1\n|-boost|p2b: Milotic|def|1\n|-boost|p2b: Milotic|accuracy|1\n|move|p2a: Aggron|Heavy Slam|p1b: Sinistcha\n|-damage|p1b: Sinistcha|58/100\n|\n|upkeep\n|turn|2\n|inactive|SimMikaze has 30 seconds left.\n|\n|t:|1776461543\n|switch|p2a: Sinistcha|Sinistcha, L50|100/100\n|-heal|p2b: Milotic|90/100|[from] ability: Hospitality|[of] p2a: Sinistcha\n|move|p1b: Sinistcha|Rage Powder|p1b: Sinistcha\n|-singleturn|p1b: Sinistcha|move: Rage Powder\n|move|p1a: Floette|Moonblast|p2b: Milotic\n|-damage|p2b: Milotic|36/100\n|-unboost|p2b: Milotic|spa|1\n|-ability|p2b: Milotic|Competitive|boost\n|-boost|p2b: Milotic|spa|2\n|-enditem|p2b: Milotic|Sitrus Berry|[eat]\n|-heal|p2b: Milotic|60/100|[from] item: Sitrus Berry\n|move|p2b: Milotic|Hypnosis|p1b: Sinistcha\n|-status|p1b: Sinistcha|slp|[from] move: Hypnosis\n|\n|upkeep\n|turn|3\n|inactive|SimMikaze has 30 seconds left.\n|inactive|SimMikaze has 20 seconds left.\n|\n|t:|1776461579\n|move|p2a: Sinistcha|Rage Powder|p2a: Sinistcha\n|-singleturn|p2a: Sinistcha|move: Rage Powder\n|move|p1a: Floette|Calm Mind|p1a: Floette\n|-boost|p1a: Floette|spa|1\n|-boost|p1a: Floette|spd|1\n|move|p2b: Milotic|Hypnosis|p1a: Floette\n|-status|p1a: Floette|slp|[from] move: Hypnosis\n|cant|p1b: Sinistcha|slp\n|\n|upkeep\n|turn|4\n|\n|t:|1776461602\n|switch|p2a: Aggron|Aggron-Mega, L50, F|81/100\n|cant|p1a: Floette|slp\n|move|p2b: Milotic|Muddy Water|p1b: Sinistcha|[spread] p1a,p1b\n|-resisted|p1b: Sinistcha|1\n|-damage|p1a: Floette|84/100 slp\n|-damage|p1b: Sinistcha|37/100 slp\n|-enditem|p1b: Sinistcha|Sitrus Berry|[eat]\n|-heal|p1b: Sinistcha|62/100 slp|[from] item: Sitrus Berry\n|-curestatus|p1b: Sinistcha|slp|[msg]\n|move|p1b: Sinistcha|Matcha Gotcha|p2a: Aggron|[spread] p2a\n|-miss|p1b: Sinistcha|p2b: Milotic\n|-resisted|p2a: Aggron|1\n|-damage|p2a: Aggron|69/100\n|-heal|p1b: Sinistcha|68/100|[from] drain|[of] p2a: Aggron\n|-status|p2a: Aggron|brn\n|\n|-damage|p2a: Aggron|63/100 brn|[from] brn\n|upkeep\n|turn|5\n|inactive|SimMikaze has 30 seconds left.\n|inactive|SimMikaze has 20 seconds left.\n|\n|t:|1776461640\n|switch|p2a: Hydreigon|Hydreigon, L50, F|100/100\n|move|p1b: Sinistcha|Rage Powder|p1b: Sinistcha\n|-singleturn|p1b: Sinistcha|move: Rage Powder\n|-curestatus|p1a: Floette|slp|[msg]\n|move|p1a: Floette|Dazzling Gleam|p2b: Milotic|[spread] p2a,p2b\n|-supereffective|p2a: Hydreigon|2\n|-damage|p2a: Hydreigon|0 fnt\n|-damage|p2b: Milotic|10/100\n|faint|p2a: Hydreigon\n|move|p2b: Milotic|Hypnosis|p1b: Sinistcha\n|-status|p1b: Sinistcha|slp|[from] move: Hypnosis\n|\n|upkeep\n|\n|t:|1776461649\n|switch|p2a: Sinistcha|Sinistcha, L50|100/100\n|-heal|p2b: Milotic|35/100|[from] ability: Hospitality|[of] p2a: Sinistcha\n|turn|6\n|\n|t:|1776461669\n|move|p2b: Milotic|Protect|p2b: Milotic\n|-singleturn|p2b: Milotic|Protect\n|move|p1a: Floette|Dazzling Gleam|p2b: Milotic|[spread] p2a\n|-activate|p2b: Milotic|move: Protect\n|-damage|p2a: Sinistcha|15/100\n|cant|p1b: Sinistcha|slp\n|move|p2a: Sinistcha|Trick Room|p2a: Sinistcha\n|-fieldstart|move: Trick Room|[of] p2a: Sinistcha\n|\n|-heal|p2a: Sinistcha|21/100|[from] item: Leftovers\n|upkeep\n|turn|7\n|\n|t:|1776461684\n|move|p2a: Sinistcha|Matcha Gotcha|p1b: Sinistcha|[spread] p1b\n|-miss|p2a: Sinistcha|p1a: Floette\n|-resisted|p1b: Sinistcha|1\n|-damage|p1b: Sinistcha|53/100 slp\n|-heal|p2a: Sinistcha|28/100|[from] drain|[of] p1b: Sinistcha\n|move|p2b: Milotic|Hypnosis|p1a: Floette\n|-status|p1a: Floette|slp|[from] move: Hypnosis\n|cant|p1a: Floette|slp\n|-curestatus|p1b: Sinistcha|slp|[msg]\n|move|p1b: Sinistcha|Trick Room|p1b: Sinistcha\n|-fieldend|move: Trick Room\n|\n|-heal|p2a: Sinistcha|34/100|[from] item: Leftovers\n|upkeep\n|turn|8\n|inactive|SimMikaze has 30 seconds left.\n|inactive|JoeFlowDD has 30 seconds left.\n|\n|t:|1776461712\n|switch|p2a: Aggron|Aggron-Mega, L50, F|63/100 brn\n|cant|p1a: Floette|slp\n|move|p2b: Milotic|Hypnosis|p1b: Sinistcha\n|-status|p1b: Sinistcha|slp|[from] move: Hypnosis\n|cant|p1b: Sinistcha|slp\n|\n|-damage|p2a: Aggron|57/100 brn|[from] brn\n|upkeep\n|turn|9\n|\n|t:|1776461736\n|-curestatus|p1a: Floette|slp|[msg]\n|move|p1a: Floette|Protect|p1a: Floette\n|-singleturn|p1a: Floette|Protect\n|cant|p1b: Sinistcha|slp\n|move|p2b: Milotic|Muddy Water|p1a: Floette|[spread] p1b\n|-activate|p1a: Floette|move: Protect\n|-resisted|p1b: Sinistcha|1\n|-damage|p1b: Sinistcha|35/100 slp\n|move|p2a: Aggron|Heavy Slam|p1a: Floette\n|-activate|p1a: Floette|move: Protect\n|\n|-damage|p2a: Aggron|51/100 brn|[from] brn\n|upkeep\n|turn|10\n|\n|t:|1776461750\n|switch|p2a: Sinistcha|Sinistcha, L50|34/100\n|-heal|p2b: Milotic|59/100|[from] ability: Hospitality|[of] p2a: Sinistcha\n|-curestatus|p1b: Sinistcha|slp|[msg]\n|move|p1b: Sinistcha|Rage Powder|p1b: Sinistcha\n|-singleturn|p1b: Sinistcha|move: Rage Powder\n|move|p1a: Floette|Dazzling Gleam|p2b: Milotic|[spread] p2a,p2b\n|-damage|p2a: Sinistcha|0 fnt\n|-damage|p2b: Milotic|9/100\n|faint|p2a: Sinistcha\n|move|p2b: Milotic|Hypnosis|p1b: Sinistcha\n|-status|p1b: Sinistcha|slp|[from] move: Hypnosis\n|\n|upkeep\n|-message|JoeFlowDD forfeited.\n|\n|win|SimMikaze\n|raw|SimMikaze's rating: 1338 &rarr; <strong>1359</strong><br />(+21 for winning)\n|raw|JoeFlowDD's rating: 1347 &rarr; <strong>1326</strong><br />(-21 for losing)\n|l|\u2606JoeFlowDD\n|player|p2|\n",
  "uploadtime": 1776461766,
  "views": 32,
  "formatid": "gen9championsvgc2026regma",
  "rating": 1326,
  "private": 0,
  "password": null
}