{
  "id": "gen9championsvgc2026regma-2583544255",
  "format": "[Gen 9 Champions] VGC 2026 Reg M-A",
  "players": [
    "lizardon0516",
    "Serperiorater"
  ],
  "log": "|j|\u2606lizardon0516\n|j|\u2606Serperiorater\n|t:|1776182343\n|gametype|doubles\n|player|p1|lizardon0516|265|1153\n|player|p2|Serperiorater|102|1130\n|gen|9\n|tier|[Gen 9 Champions] VGC 2026 Reg M-A\n|rated|\n|rule|Species Clause: Limit one of each Pok\u00e9mon\n|rule|Item Clause: Limit 1 of each item\n|clearpoke\n|poke|p1|Charizard, L50, M|\n|poke|p1|Milotic, L50, F|\n|poke|p1|Sinistcha, L50|\n|poke|p1|Incineroar, L50, M|\n|poke|p1|Sneasler, L50, M|\n|poke|p1|Tyranitar, L50, M|\n|poke|p2|Dragonite, L50, F|\n|poke|p2|Pelipper, L50, M|\n|poke|p2|Sinistcha, L50|\n|poke|p2|Basculegion, L50, M|\n|poke|p2|Kingambit, L50, F|\n|poke|p2|Ampharos, L50, M|\n|teampreview|4\n|inactive|Battle timer is ON: inactive players will automatically lose when time's up. (requested by Serperiorater)\n|inactive|lizardon0516 has 60 seconds left.\n|inactive|lizardon0516 has 30 seconds left.\n|\n|t:|1776182449\n|teamsize|p1|4\n|teamsize|p2|4\n|start\n|switch|p1a: Sneasler|Sneasler, L50, M|100/100\n|switch|p1b: Tyranitar|Tyranitar, L50, M|100/100\n|switch|p2a: Basculegion|Basculegion, L50, M|100/100\n|switch|p2b: Sinistcha|Sinistcha, L50|100/100\n|-weather|Sandstorm|[from] ability: Sand Stream|[of] p1b: Tyranitar\n|turn|1\n|inactive|Serperiorater has 30 seconds left.\n|\n|t:|1776182476\n|switch|p1a: Sinistcha|Sinistcha, L50|100/100\n|move|p1b: Tyranitar|Protect|p1b: Tyranitar\n|-singleturn|p1b: Tyranitar|Protect\n|move|p2a: Basculegion|Wave Crash|p1b: Tyranitar\n|-activate|p1b: Tyranitar|move: Protect\n|move|p2b: Sinistcha|Trick Room|p2b: Sinistcha\n|-fieldstart|move: Trick Room|[of] p2b: Sinistcha\n|\n|-weather|Sandstorm|[upkeep]\n|-damage|p2b: Sinistcha|94/100|[from] Sandstorm\n|-damage|p1a: Sinistcha|94/100|[from] Sandstorm\n|-damage|p2a: Basculegion|94/100|[from] Sandstorm\n|upkeep\n|turn|2\n|inactive|lizardon0516 has 30 seconds left.\n|\n|t:|1776182503\n|move|p1a: Sinistcha|Rage Powder|p1a: Sinistcha\n|-singleturn|p1a: Sinistcha|move: Rage Powder\n|move|p2b: Sinistcha|Strength Sap|p1b: Tyranitar\n|-unboost|p1b: Tyranitar|atk|1\n|-heal|p2b: Sinistcha|100/100\n|move|p1b: Tyranitar|Knock Off|p2b: Sinistcha\n|-supereffective|p2b: Sinistcha|1\n|-damage|p2b: Sinistcha|32/100\n|-enditem|p2b: Sinistcha|Sitrus Berry|[from] move: Knock Off|[of] p1b: Tyranitar\n|move|p2a: Basculegion|Wave Crash|p1a: Sinistcha\n|-resisted|p1a: Sinistcha|1\n|-damage|p1a: Sinistcha|69/100\n|-damage|p2a: Basculegion|87/100|[from] Recoil\n|\n|-weather|Sandstorm|[upkeep]\n|-damage|p2b: Sinistcha|26/100|[from] Sandstorm\n|-damage|p1a: Sinistcha|63/100|[from] Sandstorm\n|-damage|p2a: Basculegion|81/100|[from] Sandstorm\n|upkeep\n|turn|3\n|inactive|Serperiorater has 30 seconds left.\n|\n|t:|1776182535\n|switch|p2b: Kingambit|Kingambit, L50, F|100/100\n|move|p1b: Tyranitar|Protect|p1b: Tyranitar\n|-singleturn|p1b: Tyranitar|Protect\n|move|p2a: Basculegion|Wave Crash|p1b: Tyranitar\n|-activate|p1b: Tyranitar|move: Protect\n|move|p1a: Sinistcha|Trick Room|p1a: Sinistcha\n|-fieldend|move: Trick Room\n|\n|-weather|Sandstorm|[upkeep]\n|-damage|p2a: Basculegion|75/100|[from] Sandstorm\n|-damage|p1a: Sinistcha|57/100|[from] Sandstorm\n|upkeep\n|turn|4\n|\n|t:|1776182558\n|switch|p2a: Sinistcha|Sinistcha, L50|26/100\n|move|p1a: Sinistcha|Rage Powder|p1a: Sinistcha\n|-singleturn|p1a: Sinistcha|move: Rage Powder\n|move|p1b: Tyranitar|Knock Off|p2a: Sinistcha\n|-supereffective|p2a: Sinistcha|1\n|-damage|p2a: Sinistcha|0 fnt\n|faint|p2a: Sinistcha\n|move|p2b: Kingambit|Kowtow Cleave|p1a: Sinistcha\n|-supereffective|p1a: Sinistcha|1\n|-damage|p1a: Sinistcha|0 fnt\n|faint|p1a: Sinistcha\n|\n|-weather|Sandstorm|[upkeep]\n|upkeep\n|\n|t:|1776182573\n|switch|p1a: Sneasler|Sneasler, L50, M|100/100\n|switch|p2a: Basculegion|Basculegion, L50, M|75/100\n|turn|5\n|\n|t:|1776182588\n|switch|p1b: Incineroar|Incineroar, L50, M, shiny|100/100\n|-ability|p1b: Incineroar|Intimidate|boost\n|-unboost|p2a: Basculegion|atk|1\n|-unboost|p2b: Kingambit|atk|1\n|-ability|p2b: Kingambit|Defiant|boost\n|-boost|p2b: Kingambit|atk|2\n|move|p2b: Kingambit|Protect|p2b: Kingambit\n|-singleturn|p2b: Kingambit|Protect\n|move|p2a: Basculegion|Psychic Fangs|p1a: Sneasler\n|-supereffective|p1a: Sneasler|2\n|-damage|p1a: Sneasler|0 fnt\n|faint|p1a: Sneasler\n|\n|-weather|none\n|upkeep\n|\n|t:|1776182605\n|switch|p1a: Tyranitar|Tyranitar, L50, M|100/100\n|-weather|Sandstorm|[from] ability: Sand Stream|[of] p1a: Tyranitar\n|turn|6\n|\n|t:|1776182626\n|switch|p2a: Ampharos|Ampharos, L50, M|100/100\n|move|p1a: Tyranitar|Low Kick|p2b: Kingambit\n|-supereffective|p2b: Kingambit|2\n|-damage|p2b: Kingambit|0 fnt\n|faint|p2b: Kingambit\n|move|p1b: Incineroar|Throat Chop|p2a: Ampharos\n|-damage|p2a: Ampharos|70/100\n|-start|p2a: Ampharos|Throat Chop|[silent]\n|-status|p1b: Incineroar|par|[from] ability: Static|[of] p2a: Ampharos\n|\n|-weather|Sandstorm|[upkeep]\n|-damage|p2a: Ampharos|63/100|[from] Sandstorm\n|-damage|p1b: Incineroar|94/100 par|[from] Sandstorm\n|upkeep\n|\n|t:|1776182639\n|switch|p2b: Basculegion|Basculegion, L50, M|75/100\n|turn|7\n|inactive|lizardon0516 has 30 seconds left.\n|inactive|Serperiorater has 30 seconds left.\n|inactive|lizardon0516 has 20 seconds left.\n|inactive|lizardon0516 has 15 seconds left.\n|inactive|lizardon0516 has 10 seconds left.\n|inactive|lizardon0516 has 5 seconds left.\n|\n|t:|1776182689\n|detailschange|p2a: Ampharos|Ampharos-Mega, L50, M\n|-mega|p2a: Ampharos|Ampharos|Ampharosite\n|-ability|p2a: Ampharos|Mold Breaker\n|move|p1a: Tyranitar|Protect|p1a: Tyranitar\n|-singleturn|p1a: Tyranitar|Protect\n|move|p2b: Basculegion|Wave Crash|p1a: Tyranitar\n|-activate|p1a: Tyranitar|move: Protect\n|move|p2a: Ampharos|Dazzling Gleam|p1a: Tyranitar|[spread] p1b\n|-activate|p1a: Tyranitar|move: Protect\n|-damage|p1b: Incineroar|66/100 par\n|move|p1b: Incineroar|Throat Chop|p2b: Basculegion\n|-supereffective|p2b: Basculegion|1\n|-damage|p2b: Basculegion|0 fnt\n|faint|p2b: Basculegion\n|\n|-weather|Sandstorm|[upkeep]\n|-damage|p2a: Ampharos|57/100|[from] Sandstorm\n|-damage|p1b: Incineroar|60/100 par|[from] Sandstorm\n|-end|p2a: Ampharos|Throat Chop|[silent]\n|upkeep\n|turn|8\n|inactive|lizardon0516 has 30 seconds left.\n|\n|t:|1776182720\n|move|p1a: Tyranitar|Rock Slide|p2a: Ampharos\n|-damage|p2a: Ampharos|25/100\n|move|p2a: Ampharos|Thunderbolt|p1b: Incineroar\n|-crit|p1b: Incineroar\n|-damage|p1b: Incineroar|0 fnt\n|faint|p1b: Incineroar\n|\n|-weather|Sandstorm|[upkeep]\n|-damage|p2a: Ampharos|19/100|[from] Sandstorm\n|upkeep\n|turn|9\n|\n|t:|1776182733\n|move|p2a: Ampharos|Protect|p2a: Ampharos\n|-singleturn|p2a: Ampharos|Protect\n|move|p1a: Tyranitar|Knock Off|p2a: Ampharos\n|-activate|p2a: Ampharos|move: Protect\n|\n|-weather|Sandstorm|[upkeep]\n|-damage|p2a: Ampharos|13/100|[from] Sandstorm\n|upkeep\n|turn|10\n|\n|t:|1776182745\n|move|p1a: Tyranitar|Knock Off|p2a: Ampharos\n|-damage|p2a: Ampharos|0 fnt\n|faint|p2a: Ampharos\n|\n|win|lizardon0516\n|raw|lizardon0516's rating: 1153 &rarr; <strong>1176</strong><br />(+23 for winning)\n|raw|Serperiorater's rating: 1130 &rarr; <strong>1107</strong><br />(-23 for losing)\n|l|\u2606Serperiorater\n|player|p2|\n",
  "uploadtime": 1776182750,
  "views": 18,
  "formatid": "gen9championsvgc2026regma",
  "rating": 1107,
  "private": 0,
  "password": null
}