{
  "id": "gen9championsvgc2026regma-2588951485",
  "format": "[Gen 9 Champions] VGC 2026 Reg M-A",
  "players": [
    "zoidfarb",
    "Tamejo"
  ],
  "log": "|j|\u2606zoidfarb\n|j|\u2606Tamejo\n|t:|1776688886\n|gametype|doubles\n|player|p1|zoidfarb|clown|1399\n|player|p2|Tamejo|caitlin|1413\n|gen|9\n|tier|[Gen 9 Champions] VGC 2026 Reg M-A\n|rated|\n|rule|Species Clause: Limit one of each Pok\u00e9mon\n|rule|Item Clause: Limit 1 of each item\n|clearpoke\n|poke|p1|Gengar, L50, F|\n|poke|p1|Sinistcha, L50|\n|poke|p1|Whimsicott, L50, M|\n|poke|p1|Volcarona, L50, F|\n|poke|p1|Rotom-Wash, L50|\n|poke|p1|Garchomp, L50, M|\n|poke|p2|Dragapult, L50, F|\n|poke|p2|Sylveon, L50, F|\n|poke|p2|Whimsicott, L50, M|\n|poke|p2|Glimmora, L50, F|\n|poke|p2|Charizard, L50, F|\n|poke|p2|Kingambit, L50, F|\n|teampreview|4\n|inactive|Battle timer is ON: inactive players will automatically lose when time's up. (requested by zoidfarb)\n|inactive|zoidfarb has 60 seconds left.\n|inactive|Tamejo has 60 seconds left.\n|\n|t:|1776688942\n|teamsize|p1|4\n|teamsize|p2|4\n|start\n|switch|p1a: Gengar|Gengar, L50, F|100/100\n|switch|p1b: Whimsicott|Whimsicott, L50, M|100/100\n|switch|p2a: Whimsicott|Whimsicott, L50, M|100/100\n|switch|p2b: Dragapult|Dragapult, L50, F|100/100\n|turn|1\n|\n|t:|1776688963\n|detailschange|p1a: Gengar|Gengar-Mega, L50, F\n|-mega|p1a: Gengar|Gengar|Gengarite\n|move|p1b: Whimsicott|Tailwind|p1b: Whimsicott\n|-sidestart|p1: zoidfarb|move: Tailwind\n|move|p2a: Whimsicott|Tailwind|p2a: Whimsicott\n|-sidestart|p2: Tamejo|move: Tailwind\n|move|p2b: Dragapult|Phantom Force||[still]\n|-prepare|p2b: Dragapult|Phantom Force\n|move|p1a: Gengar|Shadow Ball|p2b: Dragapult|[miss]\n|-miss|p1a: Gengar|p2b: Dragapult\n|\n|upkeep\n|turn|2\n|\n|t:|1776688981\n|move|p1a: Gengar|Protect|p1a: Gengar\n|-singleturn|p1a: Gengar|Protect\n|move|p1b: Whimsicott|Encore|p2a: Whimsicott\n|-start|p2a: Whimsicott|Encore\n|move|p2a: Whimsicott|Tailwind||[still]\n|-fail|p2a: Whimsicott\n|move|p2b: Dragapult|Phantom Force|p1a: Gengar|[from] lockedmove\n|-activate|p1a: Gengar|move: Phantom Force|[broken]\n|-supereffective|p1a: Gengar|1\n|-damage|p1a: Gengar|0 fnt\n|faint|p1a: Gengar\n|\n|upkeep\n|\n|t:|1776688992\n|switch|p1a: Garchomp|Garchomp, L50, M|100/100\n|turn|3\n|inactive|Tamejo has 30 seconds left.\n|\n|t:|1776689026\n|switch|p2a: Kingambit|Kingambit, L50, F|100/100\n|move|p2b: Dragapult|Phantom Force||[still]\n|-prepare|p2b: Dragapult|Phantom Force\n|move|p1b: Whimsicott|Moonblast|p2b: Dragapult|[miss]\n|-miss|p1b: Whimsicott|p2b: Dragapult\n|move|p1a: Garchomp|Breaking Swipe|p2a: Kingambit|[spread] p2a\n|-miss|p1a: Garchomp|p2b: Dragapult\n|-resisted|p2a: Kingambit|1\n|-damage|p2a: Kingambit|90/100\n|-unboost|p2a: Kingambit|atk|1\n|-ability|p2a: Kingambit|Defiant|boost\n|-boost|p2a: Kingambit|atk|2\n|\n|upkeep\n|turn|4\n|inactive|Tamejo has 30 seconds left.\n|\n|t:|1776689055\n|move|p2b: Dragapult|Phantom Force|p1a: Garchomp|[from] lockedmove\n|-damage|p1a: Garchomp|52/100\n|-damage|p2b: Dragapult|88/100|[from] ability: Rough Skin|[of] p1a: Garchomp\n|move|p1b: Whimsicott|Moonblast|p2b: Dragapult\n|-supereffective|p2b: Dragapult|1\n|-damage|p2b: Dragapult|18/100\n|move|p1a: Garchomp|Earthquake|p2a: Kingambit|[spread] p1b,p2a,p2b\n|-resisted|p1b: Whimsicott|1\n|-supereffective|p2a: Kingambit|1\n|-damage|p1b: Whimsicott|72/100\n|-damage|p2a: Kingambit|19/100\n|-damage|p2b: Dragapult|0 fnt\n|faint|p2b: Dragapult\n|move|p2a: Kingambit|Iron Head|p1b: Whimsicott\n|-supereffective|p1b: Whimsicott|1\n|-damage|p1b: Whimsicott|0 fnt\n|faint|p1b: Whimsicott\n|\n|-sideend|p1: zoidfarb|move: Tailwind\n|-sideend|p2: Tamejo|move: Tailwind\n|upkeep\n|inactive|Tamejo has 30 seconds left.\n|\n|t:|1776689081\n|switch|p2b: Whimsicott|Whimsicott, L50, M|100/100\n|switch|p1b: Rotom|Rotom-Wash, L50|100/100\n|turn|5\n|\n|t:|1776689096\n|move|p2b: Whimsicott|Tailwind|p2b: Whimsicott\n|-sidestart|p2: Tamejo|move: Tailwind\n|move|p2a: Kingambit|Sucker Punch|p1a: Garchomp\n|-damage|p1a: Garchomp|0 fnt\n|-damage|p2a: Kingambit|7/100|[from] ability: Rough Skin|[of] p1a: Garchomp\n|faint|p1a: Garchomp\n|move|p1b: Rotom|Thunderbolt|p2b: Whimsicott\n|-resisted|p2b: Whimsicott|1\n|-damage|p2b: Whimsicott|71/100\n|\n|upkeep\n|turn|6\n|-message|zoidfarb forfeited.\n|\n|win|Tamejo\n|raw|zoidfarb's rating: 1399 &rarr; <strong>1381</strong><br />(-18 for losing)\n|raw|Tamejo's rating: 1428 &rarr; <strong>1446</strong><br />(+18 for winning)\n|l|\u2606zoidfarb\n|player|p1|\n|c|\u2606Tamejo|Gg\n",
  "uploadtime": 1776689116,
  "views": 7,
  "formatid": "gen9championsvgc2026regma",
  "rating": 1381,
  "private": 0,
  "password": null
}