{
  "id": "gen9championsvgc2026regma-2585465500",
  "format": "[Gen 9 Champions] VGC 2026 Reg M-A",
  "players": [
    "shiro_249",
    "Monkeyboy014"
  ],
  "log": "|j|\u2606shiro_249\n|j|\u2606Monkeyboy014\n|t:|1776349120\n|gametype|doubles\n|player|p1|shiro_249|ghetsis-gen5bw|1075\n|player|p2|Monkeyboy014|169|1103\n|gen|9\n|tier|[Gen 9 Champions] VGC 2026 Reg M-A\n|rated|\n|rule|Species Clause: Limit one of each Pok\u00e9mon\n|rule|Item Clause: Limit 1 of each item\n|clearpoke\n|poke|p1|Garchomp, L50, M|\n|poke|p1|Talonflame, L50, M|\n|poke|p1|Rotom-Wash, L50|\n|poke|p1|Farigiraf, L50, M|\n|poke|p1|Froslass, L50, F|\n|poke|p1|Incineroar, L50, M|\n|poke|p2|Flapple, L50, M|\n|poke|p2|Sableye, L50, F|\n|poke|p2|Tyranitar, L50, F|\n|poke|p2|Farigiraf, L50, M|\n|poke|p2|Sneasler, L50, M|\n|poke|p2|Talonflame, L50, M|\n|teampreview|4\n|inactive|Battle timer is ON: inactive players will automatically lose when time's up. (requested by shiro_249)\n|\n|t:|1776349152\n|teamsize|p1|4\n|teamsize|p2|4\n|start\n|switch|p1a: Rotom|Rotom-Wash, L50|100/100\n|switch|p1b: Garchomp|Garchomp, L50, M|100/100\n|switch|p2a: Farigiraf|Farigiraf, L50, M|100/100\n|switch|p2b: Flapple|Flapple, L50, M|100/100\n|turn|1\n|inactive|Monkeyboy014 has 30 seconds left.\n|\n|t:|1776349181\n|move|p2b: Flapple|Protect|p2b: Flapple\n|-singleturn|p2b: Flapple|Protect\n|move|p1b: Garchomp|Earthquake|p2a: Farigiraf|[spread] p2a\n|-activate|p2b: Flapple|move: Protect\n|-immune|p1a: Rotom|[from] ability: Levitate\n|-damage|p2a: Farigiraf|60/100\n|move|p1a: Rotom|Will-O-Wisp|p2b: Flapple\n|-activate|p2b: Flapple|move: Protect\n|move|p2a: Farigiraf|Trick Room|p2a: Farigiraf\n|-fieldstart|move: Trick Room|[of] p2a: Farigiraf\n|\n|upkeep\n|turn|2\n|\n|t:|1776349203\n|move|p2a: Farigiraf|Gravity|p2a: Farigiraf\n|-fieldstart|move: Gravity\n|move|p1a: Rotom|Will-O-Wisp|p2b: Flapple\n|-status|p2b: Flapple|brn\n|move|p2b: Flapple|Grav Apple|p1a: Rotom\n|-supereffective|p1a: Rotom|1\n|-damage|p1a: Rotom|15/100\n|-unboost|p1a: Rotom|def|1\n|move|p1b: Garchomp|Earthquake|p2a: Farigiraf|[spread] p1a,p2a,p2b\n|-supereffective|p1a: Rotom|1\n|-resisted|p2b: Flapple|1\n|-damage|p1a: Rotom|0 fnt\n|-damage|p2a: Farigiraf|23/100\n|-damage|p2b: Flapple|72/100 brn\n|-enditem|p2a: Farigiraf|Sitrus Berry|[eat]\n|-heal|p2a: Farigiraf|47/100|[from] item: Sitrus Berry\n|faint|p1a: Rotom\n|\n|-damage|p2b: Flapple|66/100 brn|[from] brn\n|upkeep\n|\n|t:|1776349218\n|switch|p1a: Froslass|Froslass, L50, F|100/100\n|turn|3\n|\n|t:|1776349239\n|detailschange|p1a: Froslass|Froslass-Mega, L50, F\n|-mega|p1a: Froslass|Froslass|Froslassite\n|-weather|Snowscape|[from] ability: Snow Warning|[of] p1a: Froslass\n|move|p2a: Farigiraf|Ally Switch|p2a: Farigiraf\n|swap|p2a: Farigiraf|1|[from] move: Ally Switch\n|move|p2a: Flapple|Dragon Rush|p1b: Garchomp\n|-supereffective|p1b: Garchomp|1\n|-damage|p1b: Garchomp|18/100\n|-damage|p2a: Flapple|54/100 brn|[from] ability: Rough Skin|[of] p1b: Garchomp\n|-enditem|p1b: Garchomp|Sitrus Berry|[eat]\n|-heal|p1b: Garchomp|43/100|[from] item: Sitrus Berry\n|cant|p1b: Garchomp|flinch\n|move|p1a: Froslass|Aurora Veil|p1a: Froslass\n|-sidestart|p1: shiro_249|move: Aurora Veil\n|\n|-weather|Snowscape|[upkeep]\n|-damage|p2a: Flapple|47/100 brn|[from] brn\n|upkeep\n|turn|4\n|inactive|Monkeyboy014 has 30 seconds left.\n|\n|t:|1776349266\n|move|p2b: Farigiraf|Hyper Voice|p1b: Garchomp|[spread] p1b\n|-immune|p1a: Froslass\n|-damage|p1b: Garchomp|18/100\n|move|p2a: Flapple|Dragon Rush|p1b: Garchomp\n|-supereffective|p1b: Garchomp|1\n|-damage|p1b: Garchomp|0 fnt\n|-damage|p2a: Flapple|35/100 brn|[from] ability: Rough Skin|[of] p1b: Garchomp\n|faint|p1b: Garchomp\n|move|p1a: Froslass|Ice Beam|p2b: Farigiraf\n|-damage|p2b: Farigiraf|0 fnt\n|faint|p2b: Farigiraf\n|\n|-weather|Snowscape|[upkeep]\n|-damage|p2a: Flapple|29/100 brn|[from] brn\n|upkeep\n|\n|t:|1776349280\n|switch|p2b: Tyranitar|Tyranitar, L50, F|100/100\n|switch|p1b: Farigiraf|Farigiraf, L50, M|100/100\n|-weather|Sandstorm|[from] ability: Sand Stream|[of] p2b: Tyranitar\n|turn|5\n|inactive|Monkeyboy014 has 30 seconds left.\n|\n|t:|1776349305\n|detailschange|p2b: Tyranitar|Tyranitar-Mega, L50, F\n|-mega|p2b: Tyranitar|Tyranitar|Tyranitarite\n|move|p1b: Farigiraf|Foul Play|p2a: Flapple\n|-damage|p2a: Flapple|0 fnt\n|faint|p2a: Flapple\n|move|p2b: Tyranitar|Dragon Dance|p2b: Tyranitar\n|-boost|p2b: Tyranitar|atk|1\n|-boost|p2b: Tyranitar|spe|1\n|move|p1a: Froslass|Ice Beam|p2b: Tyranitar\n|-crit|p2b: Tyranitar\n|-damage|p2b: Tyranitar|58/100\n|\n|-weather|Sandstorm|[upkeep]\n|-damage|p1b: Farigiraf|94/100|[from] Sandstorm\n|-damage|p1a: Froslass|94/100|[from] Sandstorm\n|-fieldend|move: Trick Room\n|upkeep\n|\n|t:|1776349312\n|switch|p2a: Sableye|Sableye, L50, F|100/100\n|turn|6\n|inactive|Monkeyboy014 has 30 seconds left.\n|inactive|Monkeyboy014 has 20 seconds left.\n|\n|t:|1776349349\n|move|p1b: Farigiraf|Helping Hand|p1a: Froslass\n|-singleturn|p1a: Froslass|Helping Hand|[of] p1b: Farigiraf\n|move|p2a: Sableye|Thunder Wave||[still]\n|cant|p1b: Farigiraf|ability: Armor Tail|Thunder Wave|[of] p2a: Sableye\n|move|p1a: Froslass|Ice Beam|p2b: Tyranitar\n|-damage|p2b: Tyranitar|17/100\n|move|p2b: Tyranitar|Knock Off|p1b: Farigiraf\n|-supereffective|p1b: Farigiraf|1\n|-damage|p1b: Farigiraf|0 fnt\n|-enditem|p1b: Farigiraf|Babiri Berry|[from] move: Knock Off|[of] p2b: Tyranitar\n|faint|p1b: Farigiraf\n|\n|-weather|Sandstorm|[upkeep]\n|-damage|p1a: Froslass|88/100|[from] Sandstorm\n|-damage|p2a: Sableye|95/100|[from] Sandstorm\n|-fieldend|move: Gravity\n|upkeep\n|turn|7\n|\n|t:|1776349366\n|move|p2a: Sableye|Thunder Wave|p1a: Froslass\n|-status|p1a: Froslass|par\n|move|p2b: Tyranitar|Knock Off|p1a: Froslass\n|-supereffective|p1a: Froslass|1\n|-damage|p1a: Froslass|0 fnt\n|faint|p1a: Froslass\n|\n|win|Monkeyboy014\n|raw|shiro_249's rating: 1075 &rarr; <strong>1055</strong><br />(-20 for losing)\n|raw|Monkeyboy014's rating: 1103 &rarr; <strong>1126</strong><br />(+23 for winning)\n|l|\u2606shiro_249\n|player|p1|\n",
  "uploadtime": 1776349373,
  "views": 38,
  "formatid": "gen9championsvgc2026regma",
  "rating": 1055,
  "private": 0,
  "password": null
}