{
  "id": "gen9championsvgc2026regma-2584549476",
  "format": "[Gen 9 Champions] VGC 2026 Reg M-A",
  "players": [
    "wholesale lumber",
    "khanhnguyen11"
  ],
  "log": "|j|\u2606wholesale lumber\n|j|\u2606khanhnguyen11\n|t:|1776268098\n|gametype|doubles\n|player|p1|wholesale lumber|101|1133\n|player|p2|khanhnguyen11|lance|1051\n|gen|9\n|tier|[Gen 9 Champions] VGC 2026 Reg M-A\n|rated|\n|rule|Species Clause: Limit one of each Pok\u00e9mon\n|rule|Item Clause: Limit 1 of each item\n|clearpoke\n|poke|p1|Glimmora, L50, M|\n|poke|p1|Orthworm, L50, M|\n|poke|p1|Sinistcha, L50|\n|poke|p1|Froslass, L50, F|\n|poke|p1|Araquanid, L50, F|\n|poke|p1|Incineroar, L50, F|\n|poke|p2|Aerodactyl, L50, M|\n|poke|p2|Incineroar, L50, M|\n|poke|p2|Floette-Eternal, L50, F|\n|poke|p2|Basculegion, L50, M|\n|poke|p2|Garchomp, L50, F|\n|poke|p2|Sneasler, L50, F|\n|teampreview|4\n|inactive|Battle timer is ON: inactive players will automatically lose when time's up. (requested by khanhnguyen11)\nkhanhnguyen11 rejected open team sheets.\n|\n|t:|1776268129\n|teamsize|p1|4\n|teamsize|p2|4\n|start\n|switch|p1a: Glimmora|Glimmora, L50, M|100/100\n|switch|p1b: Orthworm|Orthworm, L50, M|100/100\n|switch|p2a: Basculegion|Basculegion, L50, M|100/100\n|switch|p2b: Aerodactyl|Aerodactyl, L50, M|100/100\n|-ability|p2b: Aerodactyl|Unnerve\n|turn|1\n|inactive|wholesale lumber has 30 seconds left.\n|c|\u2606khanhnguyen11|!dt orthworm\n|c|\u2606khanhnguyen11|/raw <div class=\"message\"><ul class=\"utilichart\"><li class=\"result\"><span class=\"col numcol\">OU</span> <span class=\"col iconcol\"><psicon pokemon=\"orthworm\"/></span> <span class=\"col pokemonnamecol\" style=\"white-space:nowrap\"><a href=\"https://dex.pokemonshowdown.com/pokemon/orthworm\" target=\"_blank\">Orthworm</a></span> <span class=\"col typecol\"><img src=\"https://play.pokemonshowdown.com/sprites/types/Steel.png\" alt=\"Steel\" height=\"14\" width=\"32\"></span> <span style=\"float:left;min-height:26px\"><span class=\"col abilitycol\">Earth Eater</span><span class=\"col abilitycol\"><em>Sand Veil</em></span></span><span style=\"float:left;min-height:26px\"><span class=\"col statcol\"><em>HP</em><br />70</span> <span class=\"col statcol\"><em>Atk</em><br />85</span> <span class=\"col statcol\"><em>Def</em><br />145</span> <span class=\"col statcol\"><em>SpA</em><br />60</span> <span class=\"col statcol\"><em>SpD</em><br />55</span> <span class=\"col statcol\"><em>Spe</em><br />65</span> <span class=\"col bstcol\"><em>BST<br />480</em></span> </span></li><li style=\"clear:both\"></li></ul></div>\n|c|\u2606khanhnguyen11|/raw <font size=\"1\"><font color=\"#686868\">Dex#:</font> 968&nbsp;|&ThickSpace;<font color=\"#686868\">Gen:</font> 9&nbsp;|&ThickSpace;<font color=\"#686868\">Height:</font> 2.5 m&nbsp;|&ThickSpace;<font color=\"#686868\">Weight:</font> 310 kg <em>(120 BP)</em>&nbsp;|&ThickSpace;<font color=\"#686868\">Dex Colour:</font> Pink&nbsp;|&ThickSpace;<font color=\"#686868\">Egg Group(s):</font> Field&nbsp;|&ThickSpace;<font color=\"#686868\">Does Not Evolve</font></font>\n\n|\n|t:|1776268159\n|move|p1a: Glimmora|Spiky Shield|p1a: Glimmora\n|-singleturn|p1a: Glimmora|move: Protect\n|move|p2a: Basculegion|Wave Crash|p1a: Glimmora\n|-activate|p1a: Glimmora|move: Protect\n|-damage|p2a: Basculegion|88/100|[from] Spiky Shield|[of] p1a: Glimmora\n|move|p2b: Aerodactyl|Tailwind|p2b: Aerodactyl\n|-sidestart|p2: khanhnguyen11|move: Tailwind\n|move|p1b: Orthworm|Shed Tail|p1b: Orthworm\n|-start|p1b: Orthworm|Substitute|[from] move: Shed Tail\n|-damage|p1b: Orthworm|50/100\n|c|\u2606khanhnguyen11|Oh\n|\n|t:|1776268170\n|switch|p1b: Incineroar|Incineroar, L50, F|100/100|[from] Shed Tail\n|-ability|p1b: Incineroar|Intimidate|boost\n|-unboost|p2a: Basculegion|atk|1\n|-unboost|p2b: Aerodactyl|atk|1\n|\n|upkeep\n|turn|2\n|inactive|wholesale lumber has 30 seconds left.\n|\n|t:|1776268197\n|move|p2a: Basculegion|Wave Crash|p1a: Glimmora\n|-supereffective|p1a: Glimmora|1\n|-enditem|p1a: Glimmora|Focus Sash\n|-damage|p1a: Glimmora|1/100\n|-activate|p1a: Glimmora|ability: Toxic Debris\n|-sidestart|p2: khanhnguyen11|move: Toxic Spikes\n|-damage|p2a: Basculegion|62/100|[from] Recoil\n|move|p2b: Aerodactyl|Rock Slide|p1b: Incineroar|[spread] p1a,p1b\n|-supereffective|p1b: Incineroar|1\n|-end|p1b: Incineroar|Substitute\n|-damage|p1a: Glimmora|0 fnt\n|-activate|p1a: Glimmora|ability: Toxic Debris\n|-sidestart|p2: khanhnguyen11|move: Toxic Spikes\n|faint|p1a: Glimmora\n|move|p1b: Incineroar|Darkest Lariat|p2a: Basculegion\n|-supereffective|p2a: Basculegion|1\n|-damage|p2a: Basculegion|0 fnt\n|faint|p2a: Basculegion\n|\n|upkeep\n|\n|t:|1776268216\n|switch|p1a: Froslass|Froslass, L50, F|100/100\n|switch|p2a: Sneasler|Sneasler, L50, F|100/100\n|-sideend|p2: khanhnguyen11|move: Toxic Spikes|[of] p2a: Sneasler\n|turn|3\n|\n|t:|1776268232\n|switch|p1b: Orthworm|Orthworm, L50, M|50/100\n|move|p1a: Froslass|Protect|p1a: Froslass\n|-singleturn|p1a: Froslass|Protect\n|move|p2b: Aerodactyl|Rock Slide|p1a: Froslass|[spread] p1b\n|-activate|p1a: Froslass|move: Protect\n|-resisted|p1b: Orthworm|1\n|-damage|p1b: Orthworm|45/100\n|move|p2a: Sneasler|Close Combat|p1b: Orthworm\n|-supereffective|p1b: Orthworm|1\n|-damage|p1b: Orthworm|0 fnt\n|-unboost|p2a: Sneasler|def|1\n|-unboost|p2a: Sneasler|spd|1\n|faint|p1b: Orthworm\n|-enditem|p2a: Sneasler|White Herb\n|-clearnegativeboost|p2a: Sneasler|[silent]\n|\n|upkeep\n|\n|t:|1776268243\n|switch|p1b: Incineroar|Incineroar, L50, F|100/100\n|-ability|p1b: Incineroar|Intimidate|boost\n|-unboost|p2a: Sneasler|atk|1\n|-unboost|p2b: Aerodactyl|atk|1\n|turn|4\n|\n|t:|1776268261\n|detailschange|p1a: Froslass|Froslass-Mega, L50, F\n|-mega|p1a: Froslass|Froslass|Froslassite\n|-weather|Snowscape|[from] ability: Snow Warning|[of] p1a: Froslass\n|move|p1b: Incineroar|Fake Out|p2a: Sneasler\n|-damage|p2a: Sneasler|75/100\n|cant|p2a: Sneasler|flinch\n|move|p2b: Aerodactyl|Rock Slide|p1b: Incineroar|[spread] p1b\n|-miss|p2b: Aerodactyl|p1a: Froslass\n|-supereffective|p1b: Incineroar|1\n|-damage|p1b: Incineroar|75/100\n|move|p1a: Froslass|Blizzard|p2b: Aerodactyl|[spread] p2a,p2b\n|-supereffective|p2b: Aerodactyl|1\n|-damage|p2a: Sneasler|14/100\n|-enditem|p2b: Aerodactyl|Focus Sash\n|-damage|p2b: Aerodactyl|1/100\n|\n|-weather|Snowscape|[upkeep]\n|-sideend|p2: khanhnguyen11|move: Tailwind\n|upkeep\n|turn|5\n|inactive|wholesale lumber has 30 seconds left.\n|inactive|khanhnguyen11 has 30 seconds left.\n|inactive|wholesale lumber has 20 seconds left.\n|\n|t:|1776268299\n|move|p2a: Sneasler|Protect|p2a: Sneasler\n|-singleturn|p2a: Sneasler|Protect\n|move|p2b: Aerodactyl|Tailwind|p2b: Aerodactyl\n|-sidestart|p2: khanhnguyen11|move: Tailwind\n|move|p1a: Froslass|Blizzard|p2b: Aerodactyl|[spread] p2b\n|-activate|p2a: Sneasler|move: Protect\n|-supereffective|p2b: Aerodactyl|1\n|-damage|p2b: Aerodactyl|0 fnt\n|faint|p2b: Aerodactyl\n|move|p1b: Incineroar|Darkest Lariat|p2a: Sneasler\n|-activate|p2a: Sneasler|move: Protect\n|\n|-weather|Snowscape|[upkeep]\n|upkeep\n|\n|t:|1776268311\n|switch|p2b: Floette|Floette-Eternal, L50, F|100/100\n|turn|6\n|\n|t:|1776268319\n|detailschange|p2b: Floette|Floette-Mega, L50, F\n|-mega|p2b: Floette|Floette|Floettite\n|-ability|p2b: Floette|Fairy Aura\n|move|p2a: Sneasler|Close Combat|p1b: Incineroar\n|-supereffective|p1b: Incineroar|1\n|-damage|p1b: Incineroar|0 fnt\n|-unboost|p2a: Sneasler|def|1\n|-unboost|p2a: Sneasler|spd|1\n|faint|p1b: Incineroar\n|move|p2b: Floette|Light of Ruin|p1a: Froslass|[miss]\n|-miss|p2b: Floette|p1a: Froslass\n|move|p1a: Froslass|Blizzard|p2a: Sneasler|[spread] p2a,p2b\n|-damage|p2a: Sneasler|0 fnt\n|-damage|p2b: Floette|60/100\n|faint|p2a: Sneasler\n|\n|-weather|Snowscape|[upkeep]\n|upkeep\n|turn|7\n|\n|t:|1776268336\n|move|p1a: Froslass|Protect|p1a: Froslass\n|-singleturn|p1a: Froslass|Protect\n|move|p2b: Floette|Moonblast|p1a: Froslass\n|-activate|p1a: Froslass|move: Protect\n|\n|-weather|Snowscape|[upkeep]\n|upkeep\n|turn|8\n|\n|t:|1776268354\n|move|p2b: Floette|Moonblast|p1a: Froslass\n|-damage|p1a: Froslass|0 fnt\n|faint|p1a: Froslass\n|\n|win|khanhnguyen11\n|raw|wholesale lumber's rating: 1133 &rarr; <strong>1102</strong><br />(-31 for losing)\n|raw|khanhnguyen11's rating: 1051 &rarr; <strong>1091</strong><br />(+40 for winning)\n|c|\u2606khanhnguyen11|GG\n|l|\u2606wholesale lumber\n|player|p1|\n",
  "uploadtime": 1776268380,
  "views": 22,
  "formatid": "gen9championsvgc2026regma",
  "rating": 1091,
  "private": 0,
  "password": null
}