{
  "id": "gen9championsvgc2026regma-2585956378",
  "format": "[Gen 9 Champions] VGC 2026 Reg M-A",
  "players": [
    "dem0n2011",
    "TridungTang"
  ],
  "log": "|j|\u203ddem0n2011\n|j|\u2606TridungTang\n|t:|1776384917\n|gametype|doubles\n|player|p1|dem0n2011|benga|1103\n|player|p2|TridungTang|n|1121\n|gen|9\n|tier|[Gen 9 Champions] VGC 2026 Reg M-A\n|rated|\n|rule|Species Clause: Limit one of each Pok\u00e9mon\n|rule|Item Clause: Limit 1 of each item\n|clearpoke\n|poke|p1|Abomasnow, L50, M|\n|poke|p1|Farigiraf, L50, F|\n|poke|p1|Gyarados, L50, M|\n|poke|p1|Feraligatr, L50, M|\n|poke|p1|Sneasler, L50, M|\n|poke|p1|Kingambit, L50, M|\n|poke|p2|Ninetales-Alola, L50, F|\n|poke|p2|Incineroar, L50, M|\n|poke|p2|Sinistcha, L50|\n|poke|p2|Farigiraf, L50, F|\n|poke|p2|Ampharos, L50, M|\n|poke|p2|Scizor, L50, M|\n|teampreview|4\n|inactive|Battle timer is ON: inactive players will automatically lose when time's up. (requested by TridungTang)\n|inactive|dem0n2011 has 60 seconds left.\n|inactive|dem0n2011 has 30 seconds left.\n|inactive|dem0n2011 has 20 seconds left.\n|\n|t:|1776385029\n|teamsize|p1|4\n|teamsize|p2|4\n|start\n|switch|p1a: Farigiraf|Farigiraf, L50, F|100/100\n|switch|p1b: Abomasnow|Abomasnow, L50, M, shiny|100/100\n|switch|p2a: Ninetales|Ninetales-Alola, L50, F, shiny|100/100\n|switch|p2b: Sinistcha|Sinistcha, L50, shiny|100/100\n|-weather|Snowscape|[from] ability: Snow Warning|[of] p2a: Ninetales\n|turn|1\n|\n|t:|1776385051\n|switch|p2b: Farigiraf|Farigiraf, L50, F|100/100\n|detailschange|p1b: Abomasnow|Abomasnow-Mega, L50, M, shiny\n|-mega|p1b: Abomasnow|Abomasnow|Abomasite\n|move|p2a: Ninetales|Aurora Veil|p2a: Ninetales\n|-sidestart|p2: TridungTang|move: Aurora Veil\n|move|p1b: Abomasnow|Blizzard|p2b: Farigiraf|[spread] p2a,p2b\n|-resisted|p2a: Ninetales|1\n|-damage|p2a: Ninetales|82/100\n|-damage|p2b: Farigiraf|74/100\n|move|p1a: Farigiraf|Trick Room|p1a: Farigiraf\n|-fieldstart|move: Trick Room|[of] p1a: Farigiraf\n|\n|-weather|Snowscape|[upkeep]\n|-heal|p2b: Farigiraf|80/100|[from] item: Leftovers\n|upkeep\n|turn|2\n|\n|t:|1776385071\n|move|p1b: Abomasnow|Protect|p1b: Abomasnow\n|-singleturn|p1b: Abomasnow|Protect\n|move|p1a: Farigiraf|Hyper Voice|p2a: Ninetales|[spread] p2a,p2b\n|-crit|p2b: Farigiraf\n|-damage|p2a: Ninetales|62/100\n|-damage|p2b: Farigiraf|45/100\n|move|p2b: Farigiraf|Psychic|p1b: Abomasnow\n|-activate|p1b: Abomasnow|move: Protect\n|move|p2a: Ninetales|Blizzard|p1a: Farigiraf|[spread] p1a\n|-activate|p1b: Abomasnow|move: Protect\n|-damage|p1a: Farigiraf|62/100\n|\n|-weather|Snowscape|[upkeep]\n|-heal|p2b: Farigiraf|51/100|[from] item: Leftovers\n|upkeep\n|turn|3\n|\n|t:|1776385094\n|move|p1b: Abomasnow|Earth Power|p2a: Ninetales\n|-damage|p2a: Ninetales|32/100\n|move|p1a: Farigiraf|Hyper Voice|p2a: Ninetales|[spread] p2a,p2b\n|-crit|p2a: Ninetales\n|-damage|p2a: Ninetales|0 fnt\n|-damage|p2b: Farigiraf|35/100\n|faint|p2a: Ninetales\n|move|p2b: Farigiraf|Trick Room|p2b: Farigiraf\n|-fieldend|move: Trick Room\n|\n|-weather|Snowscape|[upkeep]\n|-heal|p2b: Farigiraf|41/100|[from] item: Leftovers\n|upkeep\n|\n|t:|1776385106\n|switch|p2a: Ampharos|Ampharos, L50, M|100/100\n|turn|4\n|\n|t:|1776385129\n|move|p1a: Farigiraf|Helping Hand|p1b: Abomasnow\n|-singleturn|p1b: Abomasnow|Helping Hand|[of] p1a: Farigiraf\n|move|p2a: Ampharos|Thunderbolt|p1a: Farigiraf\n|-damage|p1a: Farigiraf|15/100\n|move|p1b: Abomasnow|Blizzard|p2b: Farigiraf|[spread] p2a,p2b\n|-crit|p2a: Ampharos\n|-damage|p2a: Ampharos|0 fnt\n|-damage|p2b: Farigiraf|0 fnt\n|faint|p2a: Ampharos\n|faint|p2b: Farigiraf\n|\n|-weather|Snowscape|[upkeep]\n|upkeep\n|\n|t:|1776385142\n|switch|p2b: Sinistcha|Sinistcha, L50, shiny|100/100\n|turn|5\n|\n|t:|1776385148\n|move|p1a: Farigiraf|Helping Hand|p1b: Abomasnow\n|-singleturn|p1b: Abomasnow|Helping Hand|[of] p1a: Farigiraf\n|move|p2b: Sinistcha|Matcha Gotcha|p1b: Abomasnow|[spread] p1a,p1b\n|-resisted|p1b: Abomasnow|1\n|-damage|p1a: Farigiraf|0 fnt\n|-damage|p1b: Abomasnow|90/100\n|faint|p1a: Farigiraf\n|move|p1b: Abomasnow|Blizzard|p2b: Sinistcha\n|-supereffective|p2b: Sinistcha|1\n|-damage|p2b: Sinistcha|0 fnt\n|faint|p2b: Sinistcha\n|\n|win|dem0n2011\n|raw|dem0n2011's rating: 1103 &rarr; <strong>1129</strong><br />(+26 for winning)\n|raw|TridungTang's rating: 1121 &rarr; <strong>1095</strong><br />(-26 for losing)\n|l|\u2606TridungTang\n|player|p2|\n",
  "uploadtime": 1776385156,
  "views": 16,
  "formatid": "gen9championsvgc2026regma",
  "rating": 1095,
  "private": 0,
  "password": null
}