{
  "id": "gen9championsvgc2026regma-2587219837",
  "format": "[Gen 9 Champions] VGC 2026 Reg M-A",
  "players": [
    "rajat1809",
    "Al Karpone"
  ],
  "log": "|j|\u2606rajat1809\n|j|\u2606Al Karpone\n|t:|1776510637\n|gametype|doubles\n|player|p1|rajat1809|169|1050\n|player|p2|Al Karpone|wallace|1144\n|gen|9\n|tier|[Gen 9 Champions] VGC 2026 Reg M-A\n|rated|\n|rule|Species Clause: Limit one of each Pok\u00e9mon\n|rule|Item Clause: Limit 1 of each item\n|clearpoke\n|poke|p1|Floette-Eternal, L50, F|\n|poke|p1|Incineroar, L50, F|\n|poke|p1|Tyranitar, L50, M|\n|poke|p1|Aerodactyl, L50, F|\n|poke|p1|Sneasler, L50, F|\n|poke|p1|Aegislash, L50, M|\n|poke|p2|Crabominable, L50, F|\n|poke|p2|Clawitzer, L50, F|\n|poke|p2|Gliscor, L50, M|\n|poke|p2|Machamp, L50, M|\n|poke|p2|Cofagrigus, L50, F|\n|poke|p2|Pinsir, L50, M|\n|teampreview|4\n|inactive|Battle timer is ON: inactive players will automatically lose when time's up. (requested by Al Karpone)\n|inactive|rajat1809 also wants the timer to be on.\n|inactive|rajat1809 has 60 seconds left.\n|\n|t:|1776510670\n|teamsize|p1|4\n|teamsize|p2|4\n|start\n|switch|p1a: Floette|Floette-Eternal, L50, F|100/100\n|switch|p1b: Aerodactyl|Aerodactyl, L50, F|100/100\n|switch|p2a: Dead Crab|Cofagrigus, L50, F|100/100\n|switch|p2b: Ugly Crab|Crabominable, L50, F|100/100\n|turn|1\n|inactive|rajat1809 has 30 seconds left.\n|\n|t:|1776510705\n|detailschange|p1a: Floette|Floette-Mega, L50, F\n|-mega|p1a: Floette|Floette|Floettite\n|-ability|p1a: Floette|Fairy Aura\n|move|p2b: Ugly Crab|Protect|p2b: Ugly Crab\n|-singleturn|p2b: Ugly Crab|Protect\n|move|p1b: Aerodactyl|Tailwind|p1b: Aerodactyl\n|-sidestart|p1: rajat1809|move: Tailwind\n|move|p1a: Floette|Light of Ruin|p2a: Dead Crab\n|-damage|p2a: Dead Crab|8/100\n|-damage|p1a: Floette|50/100|[from] Recoil\n|move|p2a: Dead Crab|Trick Room|p2a: Dead Crab\n|-fieldstart|move: Trick Room|[of] p2a: Dead Crab\n|\n|upkeep\n|turn|2\n|\n|t:|1776510729\n|switch|p1a: Aegislash|Aegislash, L50, M|100/100\n|move|p1b: Aerodactyl|Protect|p1b: Aerodactyl\n|-singleturn|p1b: Aerodactyl|Protect\n|move|p2a: Dead Crab|Shadow Ball|p1b: Aerodactyl\n|-activate|p1b: Aerodactyl|move: Protect\n|move|p2b: Ugly Crab|Ice Hammer|p1b: Aerodactyl\n|-activate|p1b: Aerodactyl|move: Protect\n|\n|upkeep\n|turn|3\n|inactive|rajat1809 has 30 seconds left.\n|inactive|Al Karpone has 30 seconds left.\n|c|\u2606rajat1809|!dt mummy\n|c|\u2606rajat1809|/raw <ul class=\"utilichart\"><li class=\"result\"><span class=\"col namecol\"><a href=\"https://dex.pokemonshowdown.com/abilities/mummy\">Mummy</a></span> <span class=\"col abilitydesccol\">Pokemon making contact with this Pokemon have their Ability changed to Mummy.</span> </li><li style=\"clear:both\"></li></ul>\n|c|\u2606rajat1809|/raw <font size=\"1\"><font color=\"#686868\">Gen:</font> 5</font>\n\n|inactive|rajat1809 has 20 seconds left.\n|inactive|rajat1809 has 15 seconds left.\n|inactive|rajat1809 has 10 seconds left.\n|\n|t:|1776510775\n|switch|p1b: Sneasler|Sneasler, L50, F|100/100\n|detailschange|p2b: Ugly Crab|Crabominable-Mega, L50, F\n|-mega|p2b: Ugly Crab|Crabominable|Crabominite\n|-formechange|p1a: Aegislash|Aegislash-Blade|\n|move|p1a: Aegislash|Shadow Sneak|p2a: Dead Crab\n|-supereffective|p2a: Dead Crab|1\n|-damage|p2a: Dead Crab|0 fnt\n|faint|p2a: Dead Crab\n|move|p2b: Ugly Crab|Ice Hammer|p1b: Sneasler\n|-damage|p1b: Sneasler|0 fnt\n|-unboost|p2b: Ugly Crab|spe|1\n|faint|p1b: Sneasler\n|\n|upkeep\n|\n|t:|1776510792\n|switch|p2a: Crab Gun|Clawitzer, L50, F|100/100\n|switch|p1b: Floette|Floette-Mega, L50, F|50/100\n|-ability|p1b: Floette|Fairy Aura\n|turn|4\n|\n|t:|1776510801\n|-formechange|p1a: Aegislash|Aegislash|\n|move|p1a: Aegislash|King's Shield|p1a: Aegislash\n|-singleturn|p1a: Aegislash|Protect\n|move|p1b: Floette|Protect|p1b: Floette\n|-singleturn|p1b: Floette|Protect\n|move|p2b: Ugly Crab|Ice Hammer|p1b: Floette\n|-activate|p1b: Floette|move: Protect\n|move|p2a: Crab Gun|Dark Pulse|p1a: Aegislash\n|-activate|p1a: Aegislash|move: Protect\n|\n|-sideend|p1: rajat1809|move: Tailwind\n|upkeep\n|turn|5\n|inactive|rajat1809 has 30 seconds left.\n|\n|t:|1776510827\n|switch|p1b: Aerodactyl|Aerodactyl, L50, F|100/100\n|move|p2b: Ugly Crab|Ice Hammer|p1b: Aerodactyl\n|-supereffective|p1b: Aerodactyl|1\n|-enditem|p1b: Aerodactyl|Focus Sash\n|-damage|p1b: Aerodactyl|1/100\n|-unboost|p2b: Ugly Crab|spe|1\n|move|p2a: Crab Gun|Dark Pulse|p1a: Aegislash\n|-supereffective|p1a: Aegislash|1\n|-damage|p1a: Aegislash|30/100\n|-formechange|p1a: Aegislash|Aegislash-Blade|\n|move|p1a: Aegislash|Poltergeist|p2b: Ugly Crab\n|-activate|p2b: Ugly Crab|move: Poltergeist|Crabominite\n|-damage|p2b: Ugly Crab|49/100\n|\n|-fieldend|move: Trick Room\n|upkeep\n|turn|6\n|\n|t:|1776510852\n|move|p2b: Ugly Crab|Mach Punch|p1b: Aerodactyl\n|-damage|p1b: Aerodactyl|0 fnt\n|faint|p1b: Aerodactyl\n|move|p1a: Aegislash|Poltergeist|p2b: Ugly Crab|[miss]\n|-miss|p1a: Aegislash|p2b: Ugly Crab\n|move|p2a: Crab Gun|Dark Pulse|p1a: Aegislash\n|-supereffective|p1a: Aegislash|1\n|-damage|p1a: Aegislash|0 fnt\n|faint|p1a: Aegislash\n|\n|upkeep\n|\n|t:|1776510864\n|switch|p1b: Floette|Floette-Mega, L50, F|50/100\n|-ability|p1b: Floette|Fairy Aura\n|turn|7\n|\n|t:|1776510871\n|move|p2b: Ugly Crab|Mach Punch|p1b: Floette\n|-resisted|p1b: Floette|1\n|-damage|p1b: Floette|27/100\n|move|p1b: Floette|Moonblast|p2b: Ugly Crab\n|-supereffective|p2b: Ugly Crab|1\n|-damage|p2b: Ugly Crab|0 fnt\n|faint|p2b: Ugly Crab\n|move|p2a: Crab Gun|Water Pulse|p1b: Floette\n|-damage|p1b: Floette|0 fnt\n|faint|p1b: Floette\n|\n|win|Al Karpone\n|raw|rajat1809's rating: 1050 &rarr; <strong>1037</strong><br />(-13 for losing)\n|raw|Al Karpone's rating: 1144 &rarr; <strong>1162</strong><br />(+18 for winning)\n|l|\u2606rajat1809\n|player|p1|\n",
  "uploadtime": 1776510915,
  "views": 16,
  "formatid": "gen9championsvgc2026regma",
  "rating": 1037,
  "private": 0,
  "password": null
}