{
  "id": "gen9championsvgc2026regma-2580788761",
  "format": "[Gen 9 Champions] VGC 2026 Reg M-A",
  "players": [
    "walking wake woat",
    "thc_byakugan"
  ],
  "log": "|j|\u2606walking wake woat\n|j|\u2606thc_byakugan\n|t:|1775932570\n|gametype|doubles\n|player|p1|walking wake woat|1|1048\n|player|p2|thc_byakugan|dancer|1042\n|gen|9\n|tier|[Gen 9 Champions] VGC 2026 Reg M-A\n|rated|\n|rule|Species Clause: Limit one of each Pok\u00e9mon\n|rule|Item Clause: Limit 1 of each item\n|clearpoke\n|poke|p1|Oranguru, L50, F|\n|poke|p1|Torkoal, L50, F|\n|poke|p1|Clefable, L50, M|\n|poke|p1|Kingambit, L50, F|\n|poke|p1|Tsareena, L50, F|\n|poke|p1|Incineroar, L50, M|\n|poke|p2|Infernape, L50, M|\n|poke|p2|Meganium, L50, M|\n|poke|p2|Vaporeon, L50, M|\n|poke|p2|Goodra, L50, F|\n|poke|p2|Mudsdale, L50, M|\n|poke|p2|Alakazam, L50, M|\n|teampreview|4\n|\n|t:|1775932613\n|teamsize|p1|4\n|teamsize|p2|4\n|start\n|switch|p1a: Oranguru|Oranguru, L50, F|100/100\n|switch|p1b: Torkoal|Torkoal, L50, F|100/100\n|switch|p2a: Infernape|Infernape, L50, M|100/100\n|switch|p2b: Alakazam|Alakazam, L50, M|100/100\n|-weather|SunnyDay|[from] ability: Drought|[of] p1b: Torkoal\n|turn|1\n|\n|t:|1775932645\n|detailschange|p2b: Alakazam|Alakazam-Mega, L50, M\n|-mega|p2b: Alakazam|Alakazam|Alakazite\n|-ability|p2b: Alakazam|Drought|Trace|[from] ability: Trace|[of] p1b: Torkoal\n|move|p1b: Torkoal|Protect|p1b: Torkoal\n|-singleturn|p1b: Torkoal|Protect\n|move|p2a: Infernape|Fake Out|p1b: Torkoal\n|-activate|p1b: Torkoal|move: Protect\n|move|p2b: Alakazam|Psychic|p1b: Torkoal\n|-activate|p1b: Torkoal|move: Protect\n|move|p1a: Oranguru|Trick Room|p1a: Oranguru\n|-fieldstart|move: Trick Room|[of] p1a: Oranguru\n|\n|-weather|SunnyDay|[upkeep]\n|upkeep\n|turn|2\n|\n|t:|1775932679\n|move|p2b: Alakazam|Protect|p2b: Alakazam\n|-singleturn|p2b: Alakazam|Protect\n|move|p1b: Torkoal|Eruption|p2a: Infernape|[spread] p2a\n|-activate|p2b: Alakazam|move: Protect\n|-resisted|p2a: Infernape|1\n|-damage|p2a: Infernape|36/100\n|move|p1a: Oranguru|Instruct|p1b: Torkoal\n|-singleturn|p1b: Torkoal|move: Instruct|[of] p1a: Oranguru\n|move|p1b: Torkoal|Eruption|p2b: Alakazam|[spread] p2a\n|-activate|p2b: Alakazam|move: Protect\n|-resisted|p2a: Infernape|1\n|-damage|p2a: Infernape|0 fnt\n|faint|p2a: Infernape\n|\n|-weather|SunnyDay|[upkeep]\n|upkeep\n|\n|t:|1775932699\n|switch|p2a: Mudsdale|Mudsdale, L50, M|100/100\n|turn|3\n|\n|t:|1775932722\n|move|p1b: Torkoal|Eruption|p2a: Mudsdale|[spread] p2a,p2b\n|-damage|p2a: Mudsdale|43/100\n|-damage|p2b: Alakazam|0 fnt\n|-ability|p2a: Mudsdale|Stamina|boost\n|-boost|p2a: Mudsdale|def|1\n|-enditem|p2a: Mudsdale|Sitrus Berry|[eat]\n|-heal|p2a: Mudsdale|67/100|[from] item: Sitrus Berry\n|faint|p2b: Alakazam\n|move|p2a: Mudsdale|High Horsepower|p1b: Torkoal\n|-supereffective|p1b: Torkoal|1\n|-damage|p1b: Torkoal|38/100\n|move|p1a: Oranguru|Instruct|p1b: Torkoal\n|-singleturn|p1b: Torkoal|move: Instruct|[of] p1a: Oranguru\n|move|p1b: Torkoal|Eruption|p2a: Mudsdale\n|-damage|p2a: Mudsdale|38/100\n|-ability|p2a: Mudsdale|Stamina|boost\n|-boost|p2a: Mudsdale|def|1\n|\n|-weather|SunnyDay|[upkeep]\n|upkeep\n|\n|t:|1775932741\n|switch|p2b: Meganium|Meganium, L50, M|100/100\n|turn|4\n|\n|t:|1775932749\n|move|p1b: Torkoal|Heat Wave|p2b: Meganium|[spread] p2b\n|-miss|p1b: Torkoal|p2a: Mudsdale\n|-supereffective|p2b: Meganium|1\n|-damage|p2b: Meganium|4/100\n|move|p2a: Mudsdale|High Horsepower|p1b: Torkoal\n|-supereffective|p1b: Torkoal|1\n|-damage|p1b: Torkoal|0 fnt\n|faint|p1b: Torkoal\n|move|p1a: Oranguru|Instruct|p1: Torkoal|[notarget]\n|-fail|p1a: Oranguru\n|move|p2b: Meganium|Heal Pulse|p2a: Mudsdale\n|-heal|p2a: Mudsdale|88/100\n|\n|-weather|SunnyDay|[upkeep]\n|upkeep\n|\n|t:|1775932757\n|switch|p1b: Tsareena|Tsareena, L50, F|100/100\n|turn|5\n|\n|t:|1775932782\n|move|p2a: Mudsdale|High Horsepower|p1a: Oranguru\n|-damage|p1a: Oranguru|71/100\n|move|p1a: Oranguru|Psychic|p2b: Meganium\n|-damage|p2b: Meganium|0 fnt\n|faint|p2b: Meganium\n|move|p1b: Tsareena|Solar Blade||[still]\n|-prepare|p1b: Tsareena|Solar Blade\n|-anim|p1b: Tsareena|Solar Blade|p2a: Mudsdale\n|-supereffective|p2a: Mudsdale|1\n|-damage|p2a: Mudsdale|24/100\n|-ability|p2a: Mudsdale|Stamina|boost\n|-boost|p2a: Mudsdale|def|1\n|\n|-weather|none\n|-fieldend|move: Trick Room\n|upkeep\n|turn|6\n|\n|t:|1775932798\n|move|p1b: Tsareena|Helping Hand|p1a: Oranguru\n|-singleturn|p1a: Oranguru|Helping Hand|[of] p1b: Tsareena\n|move|p1a: Oranguru|Psychic|p2a: Mudsdale\n|-damage|p2a: Mudsdale|0 fnt\n|faint|p2a: Mudsdale\n|\n|win|walking wake woat\n|raw|walking wake woat's rating: 1048 &rarr; <strong>1080</strong><br />(+32 for winning)\n|raw|thc_byakugan's rating: 1042 &rarr; <strong>1026</strong><br />(-16 for losing)\n",
  "uploadtime": 1775932805,
  "views": 11,
  "formatid": "gen9championsvgc2026regma",
  "rating": 1026,
  "private": 0,
  "password": null
}