{
  "id": "gen9championsvgc2026regma-2587786128",
  "format": "[Gen 9 Champions] VGC 2026 Reg M-A",
  "players": [
    "karmapolicevgc",
    "Fairy Juice Jay"
  ],
  "log": "|j|\u2606karmapolicevgc\n|j|\u2606Fairy Juice Jay\n|t:|1776563861\n|gametype|doubles\n|player|p1|karmapolicevgc|li|1495\n|player|p2|Fairy Juice Jay|burgh-masters|1397\n|gen|9\n|tier|[Gen 9 Champions] VGC 2026 Reg M-A\n|rated|\n|rule|Species Clause: Limit one of each Pok\u00e9mon\n|rule|Item Clause: Limit 1 of each item\n|clearpoke\n|poke|p1|Scovillain, L50, M|\n|poke|p1|Hippowdon, L50, M|\n|poke|p1|Dragonite, L50, F|\n|poke|p1|Milotic, L50, M|\n|poke|p1|Sneasler, L50, M|\n|poke|p1|Farigiraf, L50, F|\n|poke|p2|Tyranitar, L50, F|\n|poke|p2|Lopunny, L50, M|\n|poke|p2|Rotom-Wash, L50|\n|poke|p2|Aegislash, L50, F|\n|poke|p2|Clefable, L50, F|\n|poke|p2|Talonflame, L50, F|\n|teampreview|4\n|inactive|Battle timer is ON: inactive players will automatically lose when time's up. (requested by Fairy Juice Jay)\n|inactive|karmapolicevgc has 60 seconds left.\n|\n|t:|1776563895\n|teamsize|p1|4\n|teamsize|p2|4\n|start\n|switch|p1a: Hippowdon|Hippowdon, L50, M|100/100\n|switch|p1b: Farigiraf|Farigiraf, L50, F|100/100\n|switch|p2a: Talonflame|Talonflame, L50, F|100/100\n|switch|p2b: Zippy|Rotom-Wash, L50|100/100\n|-weather|Sandstorm|[from] ability: Sand Stream|[of] p1a: Hippowdon\n|turn|1\n|\n|t:|1776563906\n|switch|p2a: Stargal|Clefable, L50, F|100/100\n|move|p2b: Zippy|Will-O-Wisp|p1a: Hippowdon\n|-status|p1a: Hippowdon|brn\n|move|p1b: Farigiraf|Light Screen|p1b: Farigiraf\n|-sidestart|p1: karmapolicevgc|move: Light Screen\n|move|p1a: Hippowdon|Stone Edge|p2a: Stargal\n|-damage|p2a: Stargal|90/100\n|\n|-weather|Sandstorm|[upkeep]\n|-damage|p2b: Zippy|95/100|[from] Sandstorm\n|-damage|p1b: Farigiraf|94/100|[from] Sandstorm\n|-damage|p1a: Hippowdon|94/100 brn|[from] brn\n|upkeep\n|turn|2\n|\n|t:|1776563925\n|move|p2b: Zippy|Hydro Pump|p1b: Farigiraf\n|-damage|p1b: Farigiraf|73/100\n|move|p2a: Stargal|Moonblast|p1b: Farigiraf\n|-damage|p1b: Farigiraf|55/100\n|move|p1b: Farigiraf|Hyper Voice|p2b: Zippy|[spread] p2a,p2b\n|-damage|p2a: Stargal|66/100\n|-damage|p2b: Zippy|67/100\n|move|p1a: Hippowdon|Sand Tomb|p2a: Stargal\n|-damage|p2a: Stargal|60/100\n|-activate|p2a: Stargal|move: Sand Tomb|[of] p1a: Hippowdon\n|\n|-weather|Sandstorm|[upkeep]\n|-damage|p2b: Zippy|62/100|[from] Sandstorm\n|-damage|p1b: Farigiraf|49/100|[from] Sandstorm\n|-enditem|p1b: Farigiraf|Sitrus Berry|[eat]\n|-heal|p1b: Farigiraf|73/100|[from] item: Sitrus Berry\n|-damage|p1a: Hippowdon|88/100 brn|[from] brn\n|-activate|p1b: Farigiraf|ability: Cud Chew\n|-enditem|p1b: Farigiraf|Sitrus Berry|[eat]\n|-heal|p1b: Farigiraf|98/100|[from] item: Sitrus Berry\n|upkeep\n|turn|3\n|\n|t:|1776563950\n|move|p2b: Zippy|Hydro Pump|p1a: Hippowdon|[miss]\n|-miss|p2b: Zippy|p1a: Hippowdon\n|move|p1b: Farigiraf|Hyper Voice|p2a: Stargal|[spread] p2a,p2b\n|-damage|p2a: Stargal|38/100\n|-damage|p2b: Zippy|35/100\n|-enditem|p2b: Zippy|Sitrus Berry|[eat]\n|-heal|p2b: Zippy|60/100|[from] item: Sitrus Berry\n|move|p2a: Stargal|Life Dew|p2a: Stargal|[spread] p2a,p2b\n|-heal|p2a: Stargal|63/100\n|-heal|p2b: Zippy|85/100\n|move|p1a: Hippowdon|Stone Edge|p2b: Zippy|[miss]\n|-miss|p1a: Hippowdon|p2b: Zippy\n|\n|-weather|Sandstorm|[upkeep]\n|-damage|p2b: Zippy|79/100|[from] Sandstorm\n|-damage|p1b: Farigiraf|92/100|[from] Sandstorm\n|-damage|p1a: Hippowdon|82/100 brn|[from] brn\n|upkeep\n|turn|4\n|\n|t:|1776563964\n|move|p2b: Zippy|Hydro Pump|p1a: Hippowdon\n|-supereffective|p1a: Hippowdon|1\n|-enditem|p1a: Hippowdon|Passho Berry|[eat]\n|-enditem|p1a: Hippowdon|Passho Berry|[weaken]\n|-damage|p1a: Hippowdon|62/100 brn\n|move|p1b: Farigiraf|Hyper Voice|p2a: Stargal|[spread] p2a,p2b\n|-damage|p2a: Stargal|42/100\n|-damage|p2b: Zippy|52/100\n|move|p2a: Stargal|Life Dew|p2a: Stargal|[spread] p2a,p2b\n|-heal|p2a: Stargal|67/100\n|-heal|p2b: Zippy|77/100\n|move|p1a: Hippowdon|Stone Edge|p2b: Zippy\n|-damage|p2b: Zippy|65/100\n|\n|-weather|Sandstorm|[upkeep]\n|-damage|p2b: Zippy|59/100|[from] Sandstorm\n|-damage|p1b: Farigiraf|86/100|[from] Sandstorm\n|-damage|p1a: Hippowdon|56/100 brn|[from] brn\n|upkeep\n|turn|5\n|\n|t:|1776563979\n|switch|p1a: Scovillain|Scovillain, L50, M|100/100\n|move|p2b: Zippy|Hydro Pump|p1a: Scovillain\n|-damage|p1a: Scovillain|73/100\n|move|p2a: Stargal|Life Dew|p2a: Stargal|[spread] p2a,p2b\n|-heal|p2a: Stargal|93/100\n|-heal|p2b: Zippy|84/100\n|move|p1b: Farigiraf|Hyper Voice|p2b: Zippy|[spread] p2a,p2b\n|-damage|p2a: Stargal|70/100\n|-damage|p2b: Zippy|58/100\n|\n|-weather|none\n|-end|p2a: Stargal|Sand Tomb|[partiallytrapped]|[silent]\n|-sideend|p1: karmapolicevgc|move: Light Screen\n|-ability|p1a: Scovillain|Moody|boost\n|-boost|p1a: Scovillain|spd|2\n|-unboost|p1a: Scovillain|atk|1\n|upkeep\n|turn|6\n|inactive|karmapolicevgc has 30 seconds left.\n|\n|t:|1776564005\n|switch|p2b: Talonflame|Talonflame, L50, F|100/100\n|detailschange|p1a: Scovillain|Scovillain-Mega, L50, M\n|-mega|p1a: Scovillain|Scovillain|Scovillainite\n|move|p1a: Scovillain|Giga Drain|p2b: Talonflame\n|-resisted|p2b: Talonflame|2\n|-damage|p2b: Talonflame|88/100\n|-heal|p1a: Scovillain|79/100|[from] drain|[of] p2b: Talonflame\n|move|p1b: Farigiraf|Reflect|p1b: Farigiraf\n|-sidestart|p1: karmapolicevgc|Reflect\n|move|p2a: Stargal|Life Dew|p2a: Stargal|[spread] p2a,p2b\n|-heal|p2a: Stargal|96/100\n|-heal|p2b: Talonflame|100/100\n|\n|upkeep\n|turn|7\n|\n|t:|1776564020\n|move|p1a: Scovillain|Protect|p1a: Scovillain\n|-singleturn|p1a: Scovillain|Protect\n|move|p2b: Talonflame|Dual Wingbeat|p1a: Scovillain\n|-activate|p1a: Scovillain|move: Protect\n|move|p2a: Stargal|Moonblast|p1b: Farigiraf\n|-crit|p1b: Farigiraf\n|-damage|p1b: Farigiraf|52/100\n|move|p1b: Farigiraf|Twin Beam|p2b: Talonflame\n|-damage|p2b: Talonflame|79/100\n|-damage|p2b: Talonflame|55/100\n|-hitcount|p2b: Talonflame|2\n|\n|upkeep\n|turn|8\n|\n|t:|1776564031\n|move|p2b: Talonflame|Dual Wingbeat|p1a: Scovillain\n|-supereffective|p1a: Scovillain|1\n|-damage|p1a: Scovillain|56/100\n|-immune|p2b: Talonflame\n|-supereffective|p1a: Scovillain|1\n|-damage|p1a: Scovillain|32/100\n|-immune|p2b: Talonflame\n|-hitcount|p1a: Scovillain|2\n|move|p1a: Scovillain|Giga Drain|p2a: Stargal\n|-crit|p2a: Stargal\n|-damage|p2a: Stargal|48/100\n|-heal|p1a: Scovillain|60/100|[from] drain|[of] p2a: Stargal\n|move|p1b: Farigiraf|Hyper Voice|p2a: Stargal|[spread] p2a,p2b\n|-damage|p2a: Stargal|24/100\n|-damage|p2b: Talonflame|15/100\n|move|p2a: Stargal|Life Dew|p2a: Stargal|[spread] p2a,p2b\n|-heal|p2a: Stargal|50/100\n|-heal|p2b: Talonflame|40/100\n|\n|upkeep\n|turn|9\n|\n|t:|1776564048\n|move|p2b: Talonflame|Protect|p2b: Talonflame\n|-singleturn|p2b: Talonflame|Protect\n|move|p2a: Stargal|Protect|p2a: Stargal\n|-singleturn|p2a: Stargal|Protect\n|move|p1a: Scovillain|Giga Drain|p2a: Stargal\n|-activate|p2a: Stargal|move: Protect\n|move|p1b: Farigiraf|Hyper Voice|p2a: Stargal|[spread] \n|-activate|p2a: Stargal|move: Protect\n|-activate|p2b: Talonflame|move: Protect\n|\n|upkeep\n|turn|10\n|\n|t:|1776564055\n|move|p2b: Talonflame|Dual Wingbeat|p1a: Scovillain\n|-supereffective|p1a: Scovillain|1\n|-damage|p1a: Scovillain|34/100\n|-immune|p2b: Talonflame\n|-supereffective|p1a: Scovillain|1\n|-damage|p1a: Scovillain|7/100\n|-immune|p2b: Talonflame\n|-hitcount|p1a: Scovillain|2\n|move|p1a: Scovillain|Giga Drain|p2a: Stargal\n|-damage|p2a: Stargal|21/100\n|-heal|p1a: Scovillain|24/100|[from] drain|[of] p2a: Stargal\n|move|p2a: Stargal|Life Dew|p2a: Stargal|[spread] p2a,p2b\n|-heal|p2a: Stargal|46/100\n|-heal|p2b: Talonflame|66/100\n|move|p1b: Farigiraf|Hyper Voice|p2b: Talonflame|[spread] p2a,p2b\n|-damage|p2a: Stargal|23/100\n|-damage|p2b: Talonflame|28/100\n|\n|-sideend|p1: karmapolicevgc|Reflect\n|upkeep\n|turn|11\n|\n|t:|1776564072\n|switch|p1a: Hippowdon|Hippowdon, L50, M|56/100 brn\n|-weather|Sandstorm|[from] ability: Sand Stream|[of] p1a: Hippowdon\n|move|p2b: Talonflame|Dual Wingbeat|p1b: Farigiraf\n|-damage|p1b: Farigiraf|38/100\n|-damage|p1b: Farigiraf|22/100\n|-hitcount|p1b: Farigiraf|2\n|move|p2a: Stargal|Moonblast|p1b: Farigiraf\n|-damage|p1b: Farigiraf|0 fnt\n|faint|p1b: Farigiraf\n|\n|-weather|Sandstorm|[upkeep]\n|-damage|p2b: Talonflame|22/100|[from] Sandstorm\n|-damage|p1a: Hippowdon|50/100 brn|[from] brn\n|upkeep\n|\n|t:|1776564083\n|switch|p1b: Sneasler|Sneasler, L50, M|100/100\n|turn|12\n|\n|t:|1776564108\n|move|p2b: Talonflame|Protect|p2b: Talonflame\n|-singleturn|p2b: Talonflame|Protect\n|move|p1b: Sneasler|Fake Out|p2b: Talonflame\n|-activate|p2b: Talonflame|move: Protect\n|move|p2a: Stargal|Life Dew|p2a: Stargal|[spread] p2a,p2b\n|-heal|p2a: Stargal|49/100\n|-heal|p2b: Talonflame|48/100\n|move|p1a: Hippowdon|Stone Edge|p2b: Talonflame\n|-activate|p2b: Talonflame|move: Protect\n|\n|-weather|Sandstorm|[upkeep]\n|-damage|p2b: Talonflame|42/100|[from] Sandstorm\n|-damage|p1b: Sneasler|95/100|[from] Sandstorm\n|-damage|p1a: Hippowdon|44/100 brn|[from] brn\n|upkeep\n|turn|13\n|\n|t:|1776564121\n|move|p1b: Sneasler|Protect|p1b: Sneasler\n|-singleturn|p1b: Sneasler|Protect\n|move|p2b: Talonflame|Dual Wingbeat|p1b: Sneasler\n|-activate|p1b: Sneasler|move: Protect\n|move|p2a: Stargal|Life Dew|p2a: Stargal|[spread] p2a,p2b\n|-heal|p2a: Stargal|74/100\n|-heal|p2b: Talonflame|67/100\n|move|p1a: Hippowdon|Stone Edge|p2b: Talonflame\n|-supereffective|p2b: Talonflame|2\n|-damage|p2b: Talonflame|0 fnt\n|faint|p2b: Talonflame\n|\n|-weather|Sandstorm|[upkeep]\n|-damage|p1b: Sneasler|89/100|[from] Sandstorm\n|-damage|p1a: Hippowdon|38/100 brn|[from] brn\n|upkeep\n|\n|t:|1776564125\n|switch|p2b: Zippy|Rotom-Wash, L50|58/100\n|turn|14\n|\n|t:|1776564133\n|move|p1b: Sneasler|Dire Claw|p2a: Stargal\n|-supereffective|p2a: Stargal|1\n|-enditem|p2a: Stargal|Kebia Berry|[eat]\n|-enditem|p2a: Stargal|Kebia Berry|[weaken]\n|-damage|p2a: Stargal|41/100\n|-status|p2a: Stargal|psn|[from] ability: Poison Touch|[of] p1b: Sneasler\n|move|p2b: Zippy|Will-O-Wisp|p1b: Sneasler\n|-status|p1b: Sneasler|brn\n|move|p2a: Stargal|Life Dew|p2a: Stargal|[spread] p2a,p2b\n|-heal|p2a: Stargal|66/100 psn\n|-heal|p2b: Zippy|83/100\n|move|p1a: Hippowdon|Slack Off|p1a: Hippowdon\n|-heal|p1a: Hippowdon|88/100 brn\n|\n|-weather|Sandstorm|[upkeep]\n|-damage|p1b: Sneasler|83/100 brn|[from] Sandstorm\n|-damage|p2b: Zippy|78/100|[from] Sandstorm\n|-damage|p1b: Sneasler|77/100 brn|[from] brn\n|-damage|p1a: Hippowdon|82/100 brn|[from] brn\n|upkeep\n|turn|15\n|\n|t:|1776564153\n|move|p1b: Sneasler|Dire Claw|p2b: Zippy\n|-damage|p2b: Zippy|58/100\n|-status|p2b: Zippy|psn|[from] ability: Poison Touch|[of] p1b: Sneasler\n|move|p2b: Zippy|Hydro Pump|p1b: Sneasler\n|-damage|p1b: Sneasler|21/100 brn\n|move|p2a: Stargal|Life Dew|p2a: Stargal|[spread] p2a,p2b\n|-heal|p2a: Stargal|92/100 psn\n|-heal|p2b: Zippy|83/100 psn\n|move|p1a: Hippowdon|Stone Edge|p2b: Zippy\n|-damage|p2b: Zippy|70/100 psn\n|\n|-weather|none\n|-damage|p2b: Zippy|58/100 psn|[from] psn\n|-damage|p1b: Sneasler|15/100 brn|[from] brn\n|-damage|p1a: Hippowdon|76/100 brn|[from] brn\n|upkeep\n|turn|16\n|\n|t:|1776564173\n|move|p1b: Sneasler|Protect|p1b: Sneasler\n|-singleturn|p1b: Sneasler|Protect\n|move|p2b: Zippy|Hydro Pump|p1a: Hippowdon\n|-supereffective|p1a: Hippowdon|1\n|-damage|p1a: Hippowdon|14/100 brn\n|move|p2a: Stargal|Life Dew|p2a: Stargal|[spread] p2a,p2b\n|-heal|p2a: Stargal|100/100 psn\n|-heal|p2b: Zippy|83/100 psn\n|move|p1a: Hippowdon|Stone Edge|p2b: Zippy\n|-damage|p2b: Zippy|70/100 psn\n|\n|-damage|p2b: Zippy|58/100 psn|[from] psn\n|-damage|p1b: Sneasler|10/100 brn|[from] brn\n|-damage|p1a: Hippowdon|7/100 brn|[from] brn\n|upkeep\n|turn|17\n|\n|t:|1776564187\n|move|p1b: Sneasler|Dire Claw|p2a: Stargal\n|-supereffective|p2a: Stargal|1\n|-damage|p2a: Stargal|67/100 psn\n|move|p2b: Zippy|Electroweb|p1a: Hippowdon|[spread] p1b\n|-immune|p1a: Hippowdon\n|-damage|p1b: Sneasler|0 fnt\n|faint|p1b: Sneasler\n|move|p2a: Stargal|Life Dew|p2a: Stargal|[spread] p2a,p2b\n|-heal|p2a: Stargal|93/100 psn\n|-heal|p2b: Zippy|83/100 psn\n|move|p1a: Hippowdon|Slack Off|p1a: Hippowdon\n|-heal|p1a: Hippowdon|58/100 brn\n|\n|-damage|p2b: Zippy|71/100 psn|[from] psn\n|-damage|p1a: Hippowdon|52/100 brn|[from] brn\n|upkeep\n|\n|t:|1776564197\n|switch|p1b: Scovillain|Scovillain-Mega, L50, M|24/100\n|turn|18\n|\n|t:|1776564214\n|move|p2a: Stargal|Follow Me|p2a: Stargal\n|-singleturn|p2a: Stargal|move: Follow Me\n|move|p2b: Zippy|Hydro Pump|p1b: Scovillain|[miss]\n|-miss|p2b: Zippy|p1b: Scovillain\n|move|p1b: Scovillain|Giga Drain|p2a: Stargal\n|-damage|p2a: Stargal|61/100 psn\n|-heal|p1b: Scovillain|43/100|[from] drain|[of] p2a: Stargal\n|move|p1a: Hippowdon|Slack Off|p1a: Hippowdon\n|-heal|p1a: Hippowdon|100/100 brn\n|\n|-damage|p2b: Zippy|58/100 psn|[from] psn\n|-damage|p1a: Hippowdon|94/100 brn|[from] brn\n|upkeep\n|turn|19\n|\n|t:|1776564229\n|move|p2b: Zippy|Protect|p2b: Zippy\n|-singleturn|p2b: Zippy|Protect\n|move|p1b: Scovillain|Protect|p1b: Scovillain\n|-singleturn|p1b: Scovillain|Protect\n|move|p2a: Stargal|Moonblast|p1a: Hippowdon\n|-damage|p1a: Hippowdon|71/100 brn\n|-unboost|p1a: Hippowdon|spa|1\n|move|p1a: Hippowdon|Stone Edge|p2b: Zippy\n|-activate|p2b: Zippy|move: Protect\n|\n|-damage|p2b: Zippy|46/100 psn|[from] psn\n|-damage|p1a: Hippowdon|65/100 brn|[from] brn\n|upkeep\n|turn|20\n|\n|t:|1776564244\n|move|p2a: Stargal|Follow Me|p2a: Stargal\n|-singleturn|p2a: Stargal|move: Follow Me\n|move|p2b: Zippy|Hydro Pump|p1b: Scovillain|[miss]\n|-miss|p2b: Zippy|p1b: Scovillain\n|move|p1b: Scovillain|Giga Drain|p2a: Stargal\n|-damage|p2a: Stargal|28/100 psn\n|-heal|p1b: Scovillain|63/100|[from] drain|[of] p2a: Stargal\n|move|p1a: Hippowdon|Slack Off|p1a: Hippowdon\n|-heal|p1a: Hippowdon|100/100 brn\n|\n|-damage|p2b: Zippy|34/100 psn|[from] psn\n|-damage|p1a: Hippowdon|94/100 brn|[from] brn\n|upkeep\n|turn|21\n|\n|t:|1776564263\n|move|p2b: Zippy|Electroweb|p1b: Scovillain|[spread] p1b\n|-immune|p1a: Hippowdon\n|-resisted|p1b: Scovillain|1\n|-damage|p1b: Scovillain|56/100\n|-unboost|p1b: Scovillain|spe|1\n|move|p2a: Stargal|Moonblast|p1b: Scovillain\n|-resisted|p1b: Scovillain|1\n|-damage|p1b: Scovillain|44/100\n|move|p1a: Hippowdon|Sand Tomb|p2a: Stargal\n|-damage|p2a: Stargal|23/100 psn\n|-activate|p2a: Stargal|move: Sand Tomb|[of] p1a: Hippowdon\n|move|p1b: Scovillain|Giga Drain|p2b: Zippy\n|-supereffective|p2b: Zippy|1\n|-damage|p2b: Zippy|0 fnt\n|-heal|p1b: Scovillain|60/100|[from] drain|[of] p2b: Zippy\n|faint|p2b: Zippy\n|\n|-damage|p1a: Hippowdon|88/100 brn|[from] brn\n|upkeep\n|\n|t:|1776564270\n|switch|p2b: Biggie Sm\u00f6ls|Tyranitar, L50, F|100/100\n|-weather|Sandstorm|[from] ability: Sand Stream|[of] p2b: Biggie Sm\u00f6ls\n|turn|22\n|\n|t:|1776564278\n|detailschange|p2b: Biggie Sm\u00f6ls|Tyranitar-Mega, L50, F\n|-mega|p2b: Biggie Sm\u00f6ls|Tyranitar|Tyranitarite\n|move|p2a: Stargal|Follow Me|p2a: Stargal\n|-singleturn|p2a: Stargal|move: Follow Me\n|move|p2b: Biggie Sm\u00f6ls|Dragon Dance|p2b: Biggie Sm\u00f6ls\n|-boost|p2b: Biggie Sm\u00f6ls|atk|1\n|-boost|p2b: Biggie Sm\u00f6ls|spe|1\n|move|p1a: Hippowdon|Sand Tomb|p2a: Stargal|[miss]\n|-miss|p1a: Hippowdon|p2a: Stargal\n|move|p1b: Scovillain|Giga Drain|p2a: Stargal\n|-damage|p2a: Stargal|0 fnt\n|-heal|p1b: Scovillain|73/100|[from] drain|[of] p2a: Stargal\n|faint|p2a: Stargal\n|\n|-weather|Sandstorm|[upkeep]\n|-damage|p1b: Scovillain|67/100|[from] Sandstorm\n|-damage|p1a: Hippowdon|82/100 brn|[from] brn\n|upkeep\n|turn|23\n|\n|t:|1776564294\n|move|p1b: Scovillain|Protect|p1b: Scovillain\n|-singleturn|p1b: Scovillain|Protect\n|move|p2b: Biggie Sm\u00f6ls|Rock Slide|p1b: Scovillain|[spread] p1a\n|-activate|p1b: Scovillain|move: Protect\n|-resisted|p1a: Hippowdon|1\n|-damage|p1a: Hippowdon|66/100 brn\n|cant|p1a: Hippowdon|flinch\n|\n|-weather|Sandstorm|[upkeep]\n|-damage|p1b: Scovillain|62/100|[from] Sandstorm\n|-damage|p1a: Hippowdon|60/100 brn|[from] brn\n|upkeep\n|turn|24\n|\n|t:|1776564304\n|move|p2b: Biggie Sm\u00f6ls|Rock Slide|p1a: Hippowdon|[spread] p1a\n|-miss|p2b: Biggie Sm\u00f6ls|p1b: Scovillain\n|-resisted|p1a: Hippowdon|1\n|-damage|p1a: Hippowdon|43/100 brn\n|move|p1a: Hippowdon|Sand Tomb|p2b: Biggie Sm\u00f6ls\n|-supereffective|p2b: Biggie Sm\u00f6ls|1\n|-damage|p2b: Biggie Sm\u00f6ls|93/100\n|-activate|p2b: Biggie Sm\u00f6ls|move: Sand Tomb|[of] p1a: Hippowdon\n|move|p1b: Scovillain|Giga Drain|p2b: Biggie Sm\u00f6ls\n|-supereffective|p2b: Biggie Sm\u00f6ls|1\n|-damage|p2b: Biggie Sm\u00f6ls|57/100\n|-heal|p1b: Scovillain|83/100|[from] drain|[of] p2b: Biggie Sm\u00f6ls\n|\n|-weather|Sandstorm|[upkeep]\n|-damage|p1b: Scovillain|77/100|[from] Sandstorm\n|-damage|p1a: Hippowdon|37/100 brn|[from] brn\n|-damage|p2b: Biggie Sm\u00f6ls|45/100|[from] move: Sand Tomb|[partiallytrapped]\n|upkeep\n|turn|25\n|\n|t:|1776564310\n|move|p2b: Biggie Sm\u00f6ls|Rock Slide|p1b: Scovillain|[spread] p1a,p1b\n|-resisted|p1a: Hippowdon|1\n|-supereffective|p1b: Scovillain|1\n|-damage|p1a: Hippowdon|21/100 brn\n|-damage|p1b: Scovillain|0 fnt\n|-status|p2b: Biggie Sm\u00f6ls|brn|[from] ability: Spicy Spray|[of] p1b: Scovillain\n|faint|p1b: Scovillain\n|move|p1a: Hippowdon|Slack Off|p1a: Hippowdon\n|-heal|p1a: Hippowdon|71/100 brn\n|\n|-weather|Sandstorm|[upkeep]\n|-damage|p2b: Biggie Sm\u00f6ls|39/100 brn|[from] brn\n|-damage|p1a: Hippowdon|65/100 brn|[from] brn\n|-damage|p2b: Biggie Sm\u00f6ls|27/100 brn|[from] move: Sand Tomb|[partiallytrapped]\n|upkeep\n|turn|26\n|-message|Fairy Juice Jay forfeited.\n|\n|win|karmapolicevgc\n|raw|karmapolicevgc's rating: 1495 &rarr; <strong>1510</strong><br />(+15 for winning)\n|raw|Fairy Juice Jay's rating: 1397 &rarr; <strong>1382</strong><br />(-15 for losing)\n|l|\u2606Fairy Juice Jay\n|player|p2|\n|l|\u2606karmapolicevgc\n|player|p1|\n",
  "uploadtime": 1776564326,
  "views": 19,
  "formatid": "gen9championsvgc2026regma",
  "rating": 1382,
  "private": 0,
  "password": null
}