{
  "id": "gen9championsvgc2026regma-2581823153",
  "format": "[Gen 9 Champions] VGC 2026 Reg M-A",
  "players": [
    "prasp14",
    "TheBlondeChampion"
  ],
  "log": "|j|\u2606prasp14\n|j|\u2606TheBlondeChampion\n|t:|1776031292\n|gametype|doubles\n|player|p1|prasp14|102|1000\n|player|p2|TheBlondeChampion|102|1032\n|gen|9\n|tier|[Gen 9 Champions] VGC 2026 Reg M-A\n|rated|\n|rule|Species Clause: Limit one of each Pok\u00e9mon\n|rule|Item Clause: Limit 1 of each item\n|clearpoke\n|poke|p1|Gengar, L50, F|\n|poke|p1|Politoed, L50, M|\n|poke|p1|Basculegion, L50, M|\n|poke|p1|Incineroar, L50, F|\n|poke|p1|Sinistcha, L50|\n|poke|p1|Gallade, L50, M|\n|poke|p2|Froslass, L50, F|\n|poke|p2|Incineroar, L50, F|\n|poke|p2|Orthworm, L50, M|\n|poke|p2|Garchomp, L50, M|\n|poke|p2|Rotom-Frost, L50|\n|poke|p2|Basculegion, L50, M|\n|teampreview|4\n|c|\u2606prasp14|gl\n|\n|t:|1776031332\n|teamsize|p1|4\n|teamsize|p2|4\n|start\n|switch|p1a: Incineroar|Incineroar, L50, F, shiny|100/100\n|switch|p1b: Politoed|Politoed, L50, M, shiny|100/100\n|switch|p2a: Orthworm|Orthworm, L50, M|100/100\n|switch|p2b: Incineroar|Incineroar, L50, F|100/100\n|-weather|RainDance|[from] ability: Drizzle|[of] p1b: Politoed\n|-ability|p1a: Incineroar|Intimidate|boost\n|-unboost|p2a: Orthworm|atk|1\n|-unboost|p2b: Incineroar|atk|1\n|-ability|p2b: Incineroar|Intimidate|boost\n|-unboost|p1a: Incineroar|atk|1\n|-unboost|p1b: Politoed|atk|1\n|turn|1\n|\n|t:|1776031363\n|move|p1b: Politoed|Protect|p1b: Politoed\n|-singleturn|p1b: Politoed|Protect\n|move|p2b: Incineroar|Fake Out|p1a: Incineroar\n|-damage|p1a: Incineroar|93/100\n|cant|p1a: Incineroar|flinch\n|move|p2a: Orthworm|Shed Tail|p2a: Orthworm\n|-start|p2a: Orthworm|Substitute|[from] move: Shed Tail\n|-damage|p2a: Orthworm|50/100\n|-enditem|p2a: Orthworm|Sitrus Berry|[eat]\n|-heal|p2a: Orthworm|75/100|[from] item: Sitrus Berry\n|\n|t:|1776031378\n|switch|p2a: Froslass|Froslass, L50, F|100/100|[from] Shed Tail\n|\n|-weather|RainDance|[upkeep]\n|upkeep\n|turn|2\n|\n|t:|1776031395\n|detailschange|p2a: Froslass|Froslass-Mega, L50, F\n|-mega|p2a: Froslass|Froslass|Froslassite\n|-weather|Snowscape|[from] ability: Snow Warning|[of] p2a: Froslass\n|move|p1a: Incineroar|Protect|p1a: Incineroar\n|-singleturn|p1a: Incineroar|Protect\n|move|p2a: Froslass|Nasty Plot|p2a: Froslass\n|-boost|p2a: Froslass|spa|2\n|move|p1b: Politoed|Perish Song|p1b: Politoed\n|-start|p1a: Incineroar|perish3|[silent]\n|-start|p1b: Politoed|perish3|[silent]\n|-start|p2a: Froslass|perish3|[silent]\n|-start|p2b: Incineroar|perish3|[silent]\n|-fieldactivate|move: Perish Song\n|move|p2b: Incineroar|Parting Shot|p1a: Incineroar\n|-activate|p1a: Incineroar|move: Protect\n|\n|-weather|Snowscape|[upkeep]\n|-start|p2a: Froslass|perish3\n|-start|p1b: Politoed|perish3\n|-start|p2b: Incineroar|perish3\n|-start|p1a: Incineroar|perish3\n|upkeep\n|turn|3\n|\n|t:|1776031420\n|move|p1b: Politoed|Protect|p1b: Politoed\n|-singleturn|p1b: Politoed|Protect\n|move|p2a: Froslass|Blizzard|p1a: Incineroar|[spread] p1a\n|-activate|p1b: Politoed|move: Protect\n|-resisted|p1a: Incineroar|1\n|-damage|p1a: Incineroar|58/100\n|-status|p1a: Incineroar|frz\n|move|p2b: Incineroar|Throat Chop|p1a: Incineroar\n|-resisted|p1a: Incineroar|1\n|-damage|p1a: Incineroar|48/100 frz\n|-start|p1a: Incineroar|Throat Chop|[silent]\n|-enditem|p1a: Incineroar|Sitrus Berry|[eat]\n|-heal|p1a: Incineroar|72/100 frz|[from] item: Sitrus Berry\n|cant|p1a: Incineroar|frz\n|\n|-weather|Snowscape|[upkeep]\n|-start|p2a: Froslass|perish2\n|-start|p1b: Politoed|perish2\n|-start|p2b: Incineroar|perish2\n|-start|p1a: Incineroar|perish2\n|upkeep\n|turn|4\n|inactive|Battle timer is ON: inactive players will automatically lose when time's up. (requested by TheBlondeChampion)\n|\n|t:|1776031490\n|switch|p2a: Rotom|Rotom-Frost, L50|100/100\n|switch|p1b: Basculegion|Basculegion, L50, M, shiny|100/100\n|-curestatus|p1a: Incineroar|frz|[from] move: Flare Blitz\n|move|p1a: Incineroar|Flare Blitz|p2a: Rotom\n|-supereffective|p2a: Rotom|1\n|-crit|p2a: Rotom\n|-damage|p2a: Rotom|4/100\n|-damage|p1a: Incineroar|49/100|[from] Recoil\n|move|p2b: Incineroar|Parting Shot|p1a: Incineroar\n|-unboost|p1a: Incineroar|atk|1\n|-unboost|p1a: Incineroar|spa|1\n|inactive|TheBlondeChampion has 30 seconds left.\n|\n|t:|1776031521\n|switch|p2b: Orthworm|Orthworm, L50, M|75/100|[from] Parting Shot\n|\n|-weather|Snowscape|[upkeep]\n|-end|p1a: Incineroar|Throat Chop|[silent]\n|-start|p1a: Incineroar|perish1\n|upkeep\n|turn|5\n|inactive|prasp14 has 30 seconds left.\n|\n|t:|1776031554\n|switch|p1a: Gengar|Gengar, L50, F, shiny|100/100\n|move|p2a: Rotom|Protect|p2a: Rotom\n|-singleturn|p2a: Rotom|Protect\n|move|p1b: Basculegion|Aqua Jet|p2a: Rotom\n|-activate|p2a: Rotom|move: Protect\n|move|p2b: Orthworm|Shed Tail|p2b: Orthworm\n|-start|p2b: Orthworm|Substitute|[from] move: Shed Tail\n|-damage|p2b: Orthworm|25/100\n|\n|t:|1776031565\n|switch|p2b: Froslass|Froslass-Mega, L50, F|100/100|[from] Shed Tail\n|\n|-weather|Snowscape|[upkeep]\n|upkeep\n|turn|6\n|inactive|TheBlondeChampion has 30 seconds left.\n|inactive|TheBlondeChampion has 20 seconds left.\n|inactive|TheBlondeChampion has 15 seconds left.\n|inactive|TheBlondeChampion has 10 seconds left.\n|\n|t:|1776031612\n|detailschange|p1a: Gengar|Gengar-Mega, L50, F, shiny\n|-mega|p1a: Gengar|Gengar|Gengarite\n|move|p1a: Gengar|Protect|p1a: Gengar\n|-singleturn|p1a: Gengar|Protect\n|move|p2b: Froslass|Shadow Ball|p1a: Gengar\n|-activate|p1a: Gengar|move: Protect\n|move|p1b: Basculegion|Flip Turn|p2a: Rotom\n|-damage|p2a: Rotom|0 fnt\n|faint|p2a: Rotom\n|\n|t:|1776031628\n|switch|p1b: Politoed|Politoed, L50, M, shiny|100/100|[from] Flip Turn\n|-weather|RainDance|[from] ability: Drizzle|[of] p1b: Politoed\n|\n|-weather|RainDance|[upkeep]\n|upkeep\n|\n|t:|1776031634\n|switch|p2a: Incineroar|Incineroar, L50, F|100/100\n|-ability|p2a: Incineroar|Intimidate|boost\n|-unboost|p1a: Gengar|atk|1\n|-unboost|p1b: Politoed|atk|1\n|turn|7\n|\n|t:|1776031643\n|switch|p1a: Incineroar|Incineroar, L50, F, shiny|49/100\n|-ability|p1a: Incineroar|Intimidate|boost\n|-unboost|p2a: Incineroar|atk|1\n|-immune|p2b: Froslass\n|move|p2a: Incineroar|Fake Out|p1b: Politoed\n|-damage|p1b: Politoed|91/100\n|move|p2b: Froslass|Shadow Ball|p1a: Incineroar\n|-resisted|p1a: Incineroar|1\n|-damage|p1a: Incineroar|32/100\n|cant|p1b: Politoed|flinch\n|\n|-weather|RainDance|[upkeep]\n|upkeep\n|turn|8\n|\n|t:|1776031659\n|move|p1a: Incineroar|Fake Out|p2a: Incineroar\n|-damage|p2a: Incineroar|90/100\n|move|p2b: Froslass|Nasty Plot|p2b: Froslass\n|-boost|p2b: Froslass|spa|2\n|move|p1b: Politoed|Perish Song|p1b: Politoed\n|-start|p1a: Incineroar|perish3|[silent]\n|-start|p1b: Politoed|perish3|[silent]\n|-start|p2a: Incineroar|perish3|[silent]\n|-start|p2b: Froslass|perish3|[silent]\n|-fieldactivate|move: Perish Song\n|cant|p2a: Incineroar|flinch\n|\n|-weather|RainDance|[upkeep]\n|-start|p2b: Froslass|perish3\n|-start|p1b: Politoed|perish3\n|-start|p1a: Incineroar|perish3\n|-start|p2a: Incineroar|perish3\n|upkeep\n|turn|9\n|\n|t:|1776031677\n|move|p2b: Froslass|Nasty Plot|p2b: Froslass\n|-boost|p2b: Froslass|spa|2\n|move|p1b: Politoed|Weather Ball|p2a: Incineroar\n|-supereffective|p2a: Incineroar|1\n|-damage|p2a: Incineroar|4/100\n|move|p1a: Incineroar|Parting Shot|p2b: Froslass\n|-unboost|p2b: Froslass|atk|1\n|-unboost|p2b: Froslass|spa|1\n|\n|t:|1776031687\n|switch|p1a: Basculegion|Basculegion, L50, M, shiny|100/100|[from] Parting Shot\n|move|p2a: Incineroar|Throat Chop|p1a: Basculegion\n|-supereffective|p1a: Basculegion|1\n|-damage|p1a: Basculegion|34/100\n|-start|p1a: Basculegion|Throat Chop|[silent]\n|\n|-weather|RainDance|[upkeep]\n|-start|p2b: Froslass|perish2\n|-start|p1b: Politoed|perish2\n|-start|p2a: Incineroar|perish2\n|upkeep\n|turn|10\n|\n|t:|1776031703\n|move|p1b: Politoed|Protect|p1b: Politoed\n|-singleturn|p1b: Politoed|Protect\n|move|p1a: Basculegion|Aqua Jet|p2a: Incineroar\n|-supereffective|p2a: Incineroar|1\n|-damage|p2a: Incineroar|0 fnt\n|faint|p2a: Incineroar\n|move|p2b: Froslass|Shadow Ball|p1a: Basculegion\n|-supereffective|p1a: Basculegion|1\n|-damage|p1a: Basculegion|0 fnt\n|faint|p1a: Basculegion\n|\n|-weather|none\n|-start|p2b: Froslass|perish1\n|-start|p1b: Politoed|perish1\n|upkeep\n|\n|t:|1776031726\n|switch|p1a: Incineroar|Incineroar, L50, F, shiny|32/100\n|switch|p2a: Orthworm|Orthworm, L50, M|25/100\n|-ability|p1a: Incineroar|Intimidate|boost\n|-unboost|p2a: Orthworm|atk|1\n|-immune|p2b: Froslass\n|turn|11\n|-message|TheBlondeChampion forfeited.\n|\n|win|prasp14\n|raw|prasp14's rating: 1000 &rarr; <strong>1044</strong><br />(+44 for winning)\n|raw|TheBlondeChampion's rating: 1032 &rarr; <strong>1016</strong><br />(-16 for losing)\n|l|\u2606TheBlondeChampion\n|player|p2|\n",
  "uploadtime": 1776031739,
  "views": 14,
  "formatid": "gen9championsvgc2026regma",
  "rating": 1016,
  "private": 0,
  "password": null
}