{
  "id": "gen9championsvgc2026regma-2589566251",
  "format": "[Gen 9 Champions] VGC 2026 Reg M-A",
  "players": [
    "PokeMooch1",
    "Comrac"
  ],
  "log": "|j|\u2606PokeMooch1\n|j|\u2606Comrac\n|t:|1776734740\n|gametype|doubles\n|player|p1|PokeMooch1|1|1000\n|player|p2|Comrac|2|1000\n|gen|9\n|tier|[Gen 9 Champions] VGC 2026 Reg M-A\n|rated|\n|rule|Species Clause: Limit one of each Pok\u00e9mon\n|rule|Item Clause: Limit 1 of each item\n|clearpoke\n|poke|p1|Torkoal, L50, M, shiny|\n|poke|p1|Sinistcha, L50|\n|poke|p1|Incineroar, L50, F|\n|poke|p1|Venusaur, L50, F|\n|poke|p1|Lucario, L50, M, shiny|\n|poke|p1|Farigiraf, L50, F|\n|poke|p2|Tyranitar, L50, F|\n|poke|p2|Talonflame, L50, M|\n|poke|p2|Venusaur, L50, F|\n|poke|p2|Basculegion, L50, M|\n|poke|p2|Sneasler, L50, F|\n|poke|p2|Dragapult, L50, F|\n|teampreview|4\n|\n|t:|1776734806\n|teamsize|p1|4\n|teamsize|p2|4\n|start\n|switch|p1a: Sinistcha|Sinistcha, L50|100/100\n|switch|p1b: Incineroar|Incineroar, L50, F|100/100\n|switch|p2a: Tyranitar|Tyranitar, L50, F|100/100\n|switch|p2b: Basculegion|Basculegion, L50, M|100/100\n|-weather|Sandstorm|[from] ability: Sand Stream|[of] p2a: Tyranitar\n|-ability|p1b: Incineroar|Intimidate|boost\n|-unboost|p2a: Tyranitar|atk|1\n|-unboost|p2b: Basculegion|atk|1\n|turn|1\n|\n|t:|1776734839\n|move|p1b: Incineroar|Fake Out|p2b: Basculegion\n|-immune|p2b: Basculegion\n|move|p2b: Basculegion|Aqua Jet|p1b: Incineroar\n|-supereffective|p1b: Incineroar|1\n|-damage|p1b: Incineroar|75/100\n|move|p2a: Tyranitar|Rock Slide|p1a: Sinistcha|[spread] p1a,p1b\n|-supereffective|p1b: Incineroar|1\n|-damage|p1a: Sinistcha|86/100\n|-damage|p1b: Incineroar|47/100\n|move|p1a: Sinistcha|Trick Room|p1a: Sinistcha\n|-fieldstart|move: Trick Room|[of] p1a: Sinistcha\n|\n|-weather|Sandstorm|[upkeep]\n|-damage|p1b: Incineroar|41/100|[from] Sandstorm\n|-damage|p1a: Sinistcha|80/100|[from] Sandstorm\n|-damage|p2b: Basculegion|94/100|[from] Sandstorm\n|-heal|p1a: Sinistcha|86/100|[from] item: Leftovers\n|upkeep\n|turn|2\n|\n|t:|1776734873\n|switch|p2b: Venusaur|Venusaur, L50, F|100/100\n|move|p1b: Incineroar|Parting Shot|p2a: Tyranitar\n|-unboost|p2a: Tyranitar|atk|1\n|-unboost|p2a: Tyranitar|spa|1\n|\n|t:|1776734880\n|switch|p1b: Torkoal|Torkoal, L50, M, shiny|100/100|[from] Parting Shot\n|-weather|SunnyDay|[from] ability: Drought|[of] p1b: Torkoal\n|move|p1a: Sinistcha|Strength Sap|p2b: Venusaur\n|-unboost|p2b: Venusaur|atk|1\n|-heal|p1a: Sinistcha|100/100\n|move|p2a: Tyranitar|Rock Slide|p1a: Sinistcha|[spread] p1a,p1b\n|-supereffective|p1b: Torkoal|1\n|-damage|p1a: Sinistcha|89/100\n|-damage|p1b: Torkoal|76/100\n|\n|-weather|SunnyDay|[upkeep]\n|-heal|p1a: Sinistcha|95/100|[from] item: Leftovers\n|upkeep\n|turn|3\n|\n|t:|1776734932\n|switch|p1a: Farigiraf|Farigiraf, L50, F|100/100\n|switch|p2a: Dragapult|Dragapult, L50, F|100/100\n|switch|p2b: Basculegion|Basculegion, L50, M|94/100\n|move|p1b: Torkoal|Eruption|p2b: Basculegion|[spread] p2a,p2b\n|-resisted|p2a: Dragapult|1\n|-resisted|p2b: Basculegion|1\n|-damage|p2a: Dragapult|64/100\n|-damage|p2b: Basculegion|63/100\n|\n|-weather|SunnyDay|[upkeep]\n|upkeep\n|turn|4\n|\n|t:|1776734961\n|move|p1a: Farigiraf|Protect|p1a: Farigiraf\n|-singleturn|p1a: Farigiraf|Protect\n|move|p2b: Basculegion|Protect|p2b: Basculegion\n|-singleturn|p2b: Basculegion|Protect\n|move|p2a: Dragapult|Protect|p2a: Dragapult\n|-singleturn|p2a: Dragapult|Protect\n|move|p1b: Torkoal|Solar Beam||[still]\n|-prepare|p1b: Torkoal|Solar Beam\n|-anim|p1b: Torkoal|Solar Beam|p2b: Basculegion\n|-activate|p2b: Basculegion|move: Protect\n|\n|-weather|SunnyDay|[upkeep]\n|upkeep\n|turn|5\n|\n|t:|1776735007\n|switch|p1a: Incineroar|Incineroar, L50, F|41/100\n|-ability|p1a: Incineroar|Intimidate|boost\n|-fail|p2a: Dragapult|unboost|[from] ability: Clear Body|[of] p2a: Dragapult\n|-unboost|p2b: Basculegion|atk|1\n|switch|p2b: Venusaur|Venusaur, L50, F|100/100\n|move|p1b: Torkoal|Eruption|p2a: Dragapult|[spread] p2a,p2b\n|-resisted|p2a: Dragapult|1\n|-supereffective|p2b: Venusaur|1\n|-damage|p2a: Dragapult|27/100\n|-damage|p2b: Venusaur|0 fnt\n|faint|p2b: Venusaur\n|move|p2a: Dragapult|Dragon Darts|p1b: Torkoal\n|-damage|p1b: Torkoal|59/100\n|-anim|p2a: Dragapult|Dragon Darts|p1a: Incineroar\n|-damage|p1a: Incineroar|26/100\n|\n|-weather|SunnyDay|[upkeep]\n|-fieldend|move: Trick Room\n|upkeep\n|\n|t:|1776735024\n|switch|p2b: Basculegion|Basculegion, L50, M|63/100\n|turn|6\n|\n|t:|1776735051\n|switch|p1a: Farigiraf|Farigiraf, L50, F|100/100\n|move|p1b: Torkoal|Protect|p1b: Torkoal\n|-singleturn|p1b: Torkoal|Protect\n|move|p2b: Basculegion|Aqua Jet||[still]\n|cant|p1a: Farigiraf|ability: Armor Tail|Aqua Jet|[of] p2b: Basculegion\n|move|p2a: Dragapult|Dragon Darts|p1a: Farigiraf\n|-damage|p1a: Farigiraf|78/100\n|-anim|p2a: Dragapult|Dragon Darts|p1a: Farigiraf\n|-damage|p1a: Farigiraf|56/100\n|\n|-weather|none\n|upkeep\n|turn|7\n|\n|t:|1776735075\n|switch|p1b: Sinistcha|Sinistcha, L50|95/100\n|-heal|p1a: Farigiraf|81/100|[from] ability: Hospitality|[of] p1b: Sinistcha\n|move|p2a: Dragapult|Dragon Darts|p1b: Sinistcha\n|-damage|p1b: Sinistcha|80/100\n|-anim|p2a: Dragapult|Dragon Darts|p1a: Farigiraf\n|-damage|p1a: Farigiraf|59/100\n|move|p2b: Basculegion|Last Respects|p1a: Farigiraf\n|-immune|p1a: Farigiraf\n|move|p1a: Farigiraf|Trick Room|p1a: Farigiraf\n|-fieldstart|move: Trick Room|[of] p1a: Farigiraf\n|\n|-heal|p1b: Sinistcha|86/100|[from] item: Leftovers\n|upkeep\n|turn|8\n|\n|t:|1776735112\n|switch|p1a: Torkoal|Torkoal, L50, M, shiny|59/100\n|-weather|SunnyDay|[from] ability: Drought|[of] p1a: Torkoal\n|move|p1b: Sinistcha|Strength Sap|p2b: Basculegion\n|-unboost|p2b: Basculegion|atk|1\n|-heal|p1b: Sinistcha|100/100\n|move|p2b: Basculegion|Last Respects|p1b: Sinistcha\n|-supereffective|p1b: Sinistcha|1\n|-damage|p1b: Sinistcha|44/100\n|move|p2a: Dragapult|Dragon Darts|p1b: Sinistcha\n|-crit|p1b: Sinistcha\n|-damage|p1b: Sinistcha|22/100\n|-anim|p2a: Dragapult|Dragon Darts|p1a: Torkoal\n|-damage|p1a: Torkoal|43/100\n|\n|-weather|SunnyDay|[upkeep]\n|-heal|p1b: Sinistcha|28/100|[from] item: Leftovers\n|upkeep\n|turn|9\n|\n|t:|1776735143\n|switch|p1b: Incineroar|Incineroar, L50, F|26/100\n|-ability|p1b: Incineroar|Intimidate|boost\n|-fail|p2a: Dragapult|unboost|[from] ability: Clear Body|[of] p2a: Dragapult\n|-unboost|p2b: Basculegion|atk|1\n|move|p1a: Torkoal|Protect|p1a: Torkoal\n|-singleturn|p1a: Torkoal|Protect\n|move|p2b: Basculegion|Aqua Jet|p1a: Torkoal\n|-activate|p1a: Torkoal|move: Protect\n|move|p2a: Dragapult|Dragon Darts|p1b: Incineroar\n|-damage|p1b: Incineroar|10/100\n|-anim|p2a: Dragapult|Dragon Darts|p1b: Incineroar\n|-damage|p1b: Incineroar|0 fnt\n|faint|p1b: Incineroar\n|\n|-weather|SunnyDay|[upkeep]\n|upkeep\n|\n|t:|1776735158\n|switch|p1b: Farigiraf|Farigiraf, L50, F|59/100\n|turn|10\n|\n|t:|1776735195\n|switch|p2a: Tyranitar|Tyranitar, L50, F|100/100\n|-weather|Sandstorm|[from] ability: Sand Stream|[of] p2a: Tyranitar\n|move|p2b: Basculegion|Aqua Jet||[still]\n|cant|p1b: Farigiraf|ability: Armor Tail|Aqua Jet|[of] p2b: Basculegion\n|move|p1a: Torkoal|Solar Beam||[still]\n|-prepare|p1a: Torkoal|Solar Beam\n|move|p1b: Farigiraf|Psychic|p2b: Basculegion\n|-damage|p2b: Basculegion|28/100\n|\n|-weather|Sandstorm|[upkeep]\n|-damage|p1a: Torkoal|37/100|[from] Sandstorm\n|-damage|p1b: Farigiraf|52/100|[from] Sandstorm\n|-damage|p2b: Basculegion|22/100|[from] Sandstorm\n|upkeep\n|turn|11\n|\n|t:|1776735236\n|move|p1b: Farigiraf|Protect|p1b: Farigiraf\n|-singleturn|p1b: Farigiraf|Protect\n|move|p2b: Basculegion|Protect|p2b: Basculegion\n|-singleturn|p2b: Basculegion|Protect\n|move|p1a: Torkoal|Solar Beam|p2b: Basculegion|[from] lockedmove\n|-activate|p2b: Basculegion|move: Protect\n|move|p2a: Tyranitar|Knock Off|p1b: Farigiraf\n|-activate|p1b: Farigiraf|move: Protect\n|\n|-weather|Sandstorm|[upkeep]\n|-damage|p1a: Torkoal|30/100|[from] Sandstorm\n|-damage|p1b: Farigiraf|46/100|[from] Sandstorm\n|-damage|p2b: Basculegion|16/100|[from] Sandstorm\n|-enditem|p1b: Farigiraf|Sitrus Berry|[eat]\n|-heal|p1b: Farigiraf|71/100|[from] item: Sitrus Berry\n|-fieldend|move: Trick Room\n|upkeep\n|turn|12\n|\n|t:|1776735262\n|switch|p1b: Sinistcha|Sinistcha, L50|28/100\n|-heal|p1a: Torkoal|55/100|[from] ability: Hospitality|[of] p1b: Sinistcha\n|move|p1a: Torkoal|Protect|p1a: Torkoal\n|-singleturn|p1a: Torkoal|Protect\n|move|p2a: Tyranitar|Knock Off|p1b: Sinistcha\n|-supereffective|p1b: Sinistcha|1\n|-damage|p1b: Sinistcha|0 fnt\n|-enditem|p1b: Sinistcha|Leftovers|[from] move: Knock Off|[of] p2a: Tyranitar\n|faint|p1b: Sinistcha\n|move|p2b: Basculegion|Wave Crash|p1a: Torkoal\n|-activate|p1a: Torkoal|move: Protect\n|\n|-weather|Sandstorm|[upkeep]\n|-damage|p2b: Basculegion|9/100|[from] Sandstorm\n|-damage|p1a: Torkoal|49/100|[from] Sandstorm\n|upkeep\n|\n|t:|1776735277\n|switch|p1b: Farigiraf|Farigiraf, L50, F|71/100\n|turn|13\n|\n|t:|1776735291\n|move|p1a: Torkoal|Protect||[still]\n|-fail|p1a: Torkoal\n|move|p2a: Tyranitar|Knock Off|p1b: Farigiraf\n|-supereffective|p1b: Farigiraf|1\n|-damage|p1b: Farigiraf|0 fnt\n|faint|p1b: Farigiraf\n|move|p2b: Basculegion|Wave Crash|p1a: Torkoal\n|-supereffective|p1a: Torkoal|1\n|-damage|p1a: Torkoal|0 fnt\n|faint|p1a: Torkoal\n|-damage|p2b: Basculegion|0 fnt|[from] Recoil\n|faint|p2b: Basculegion\n|\n|win|Comrac\n|raw|PokeMooch1's rating: 1000 &rarr; <strong>1000</strong><br />(+0 for losing)\n|raw|Comrac's rating: 1000 &rarr; <strong>1040</strong><br />(+40 for winning)\n|c|\u2606PokeMooch1|gg\n|l|\u2606PokeMooch1\n|player|p1|\n",
  "uploadtime": 1776735307,
  "views": 2,
  "formatid": "gen9championsvgc2026regma",
  "rating": 1000,
  "private": 0,
  "password": null
}