{
  "id": "gen9championsvgc2026regma-2584075350",
  "format": "[Gen 9 Champions] VGC 2026 Reg M-A",
  "players": [
    "unstab1eb33",
    "galawal"
  ],
  "log": "|j|\u2606unstab1eb33\n|j|\u2606galawal\n|t:|1776222620\n|gametype|doubles\n|player|p1|unstab1eb33|ghetsis|1119\n|player|p2|galawal|170|1122\n|gen|9\n|tier|[Gen 9 Champions] VGC 2026 Reg M-A\n|rated|\n|rule|Species Clause: Limit one of each Pok\u00e9mon\n|rule|Item Clause: Limit 1 of each item\n|clearpoke\n|poke|p1|Venusaur, L50, M|\n|poke|p1|Charizard, L50, M|\n|poke|p1|Typhlosion-Hisui, L50, F|\n|poke|p1|Florges, L50, F|\n|poke|p1|Maushold-Four, L50|\n|poke|p1|Aggron, L50, F|\n|poke|p2|Meganium, L50, F|\n|poke|p2|Tyranitar, L50, M|\n|poke|p2|Excadrill, L50, M|\n|poke|p2|Rotom-Wash, L50|\n|poke|p2|Dragapult, L50, F|\n|poke|p2|Sneasler, L50, M|\n|teampreview|4\nunstab1eb33 has agreed to open team sheets.\n|\n|t:|1776222651\n|teamsize|p1|4\n|teamsize|p2|4\n|start\n|switch|p1a: Charizard|Charizard, L50, M, shiny|100/100\n|switch|p1b: Venusaur|Venusaur, L50, M|100/100\n|switch|p2a: Sneasler|Sneasler, L50, M|100/100\n|switch|p2b: Tyranitar|Tyranitar, L50, M|100/100\n|-weather|Sandstorm|[from] ability: Sand Stream|[of] p2b: Tyranitar\n|turn|1\n|\n|t:|1776222671\n|detailschange|p1a: Charizard|Charizard-Mega-Y, L50, M, shiny\n|-mega|p1a: Charizard|Charizard|Charizardite Y\n|-weather|SunnyDay|[from] ability: Drought|[of] p1a: Charizard\n|move|p1a: Charizard|Protect|p1a: Charizard\n|-singleturn|p1a: Charizard|Protect\n|move|p2a: Sneasler|Fake Out|p1b: Venusaur\n|-damage|p1b: Venusaur|83/100\n|cant|p1b: Venusaur|flinch\n|move|p2b: Tyranitar|Rock Slide|p1b: Venusaur|[spread] p1b\n|-activate|p1a: Charizard|move: Protect\n|-damage|p1b: Venusaur|36/100\n|\n|-weather|SunnyDay|[upkeep]\n|upkeep\n|turn|2\n|\n|t:|1776222709\n|move|p2b: Tyranitar|Protect|p2b: Tyranitar\n|-singleturn|p2b: Tyranitar|Protect\n|move|p1b: Venusaur|Solar Beam||[still]\n|-prepare|p1b: Venusaur|Solar Beam\n|-anim|p1b: Venusaur|Solar Beam|p2b: Tyranitar\n|-activate|p2b: Tyranitar|move: Protect\n|move|p2a: Sneasler|Close Combat|p1b: Venusaur\n|-resisted|p1b: Venusaur|1\n|-damage|p1b: Venusaur|0 fnt\n|-unboost|p2a: Sneasler|def|1\n|-unboost|p2a: Sneasler|spd|1\n|faint|p1b: Venusaur\n|-enditem|p2a: Sneasler|White Herb\n|-clearnegativeboost|p2a: Sneasler|[silent]\n|move|p1a: Charizard|Air Slash|p2a: Sneasler\n|-supereffective|p2a: Sneasler|1\n|-damage|p2a: Sneasler|0 fnt\n|faint|p2a: Sneasler\n|\n|-weather|SunnyDay|[upkeep]\n|upkeep\n|\n|t:|1776222735\n|switch|p2a: Excadrill|Excadrill, L50, M|100/100\n|switch|p1b: Florges|Florges, L50, F, shiny|100/100\n|turn|3\n|\n|t:|1776222754\n|move|p2a: Excadrill|Protect|p2a: Excadrill\n|-singleturn|p2a: Excadrill|Protect\n|move|p1a: Charizard|Protect|p1a: Charizard\n|-singleturn|p1a: Charizard|Protect\n|move|p2b: Tyranitar|Rock Slide|p1b: Florges|[spread] p1b\n|-activate|p1a: Charizard|move: Protect\n|-damage|p1b: Florges|61/100\n|move|p1b: Florges|Solar Beam||[still]\n|-prepare|p1b: Florges|Solar Beam\n|-anim|p1b: Florges|Solar Beam|p2b: Tyranitar\n|-supereffective|p2b: Tyranitar|1\n|-damage|p2b: Tyranitar|26/100\n|\n|-weather|SunnyDay|[upkeep]\n|-heal|p1b: Florges|67/100|[from] item: Leftovers\n|upkeep\n|turn|4\n|\n|t:|1776222781\n|switch|p2b: Meganium|Meganium, L50, F|100/100\n|move|p2a: Excadrill|Iron Head|p1b: Florges\n|-supereffective|p1b: Florges|1\n|-damage|p1b: Florges|0 fnt\n|faint|p1b: Florges\n|move|p1a: Charizard|Heat Wave|p2b: Meganium|[spread] p2a\n|-miss|p1a: Charizard|p2b: Meganium\n|-supereffective|p2a: Excadrill|1\n|-enditem|p2a: Excadrill|Focus Sash\n|-damage|p2a: Excadrill|1/100\n|\n|-weather|SunnyDay|[upkeep]\n|upkeep\n|\n|t:|1776222793\n|switch|p1b: Typhlosion|Typhlosion-Hisui, L50, F, shiny|100/100\n|-item|p2b: Meganium|Meganiumite|[from] ability: Frisk|[of] p1b: Typhlosion\n|turn|5\n|\n|t:|1776222861\n|move|p2a: Excadrill|Protect|p2a: Excadrill\n|-singleturn|p2a: Excadrill|Protect\n|move|p2b: Meganium|Protect|p2b: Meganium\n|-singleturn|p2b: Meganium|Protect\n|move|p1b: Typhlosion|Eruption|p2a: Excadrill|[spread] \n|-activate|p2a: Excadrill|move: Protect\n|-activate|p2b: Meganium|move: Protect\n|move|p1a: Charizard|Air Slash|p2b: Meganium\n|-activate|p2b: Meganium|move: Protect\n|\n|-weather|none\n|upkeep\n|turn|6\n|\n|t:|1776222888\n|switch|p2b: Tyranitar|Tyranitar, L50, M|26/100\n|-weather|Sandstorm|[from] ability: Sand Stream|[of] p2b: Tyranitar\n|move|p2a: Excadrill|High Horsepower|p1b: Typhlosion\n|-supereffective|p1b: Typhlosion|1\n|-crit|p1b: Typhlosion\n|-damage|p1b: Typhlosion|0 fnt\n|faint|p1b: Typhlosion\n|move|p1a: Charizard|Will-O-Wisp|p2b: Tyranitar\n|-status|p2b: Tyranitar|brn\n|\n|-weather|Sandstorm|[upkeep]\n|-damage|p1a: Charizard|95/100|[from] Sandstorm\n|-damage|p2b: Tyranitar|20/100 brn|[from] brn\n|upkeep\n|turn|7\n|\n|t:|1776222905\n|move|p1a: Charizard|Protect|p1a: Charizard\n|-singleturn|p1a: Charizard|Protect\n|move|p2a: Excadrill|Iron Head|p1a: Charizard\n|-activate|p1a: Charizard|move: Protect\n|move|p2b: Tyranitar|Rock Slide|p1a: Charizard\n|-activate|p1a: Charizard|move: Protect\n|\n|-weather|Sandstorm|[upkeep]\n|-damage|p1a: Charizard|89/100|[from] Sandstorm\n|-damage|p2b: Tyranitar|13/100 brn|[from] brn\n|upkeep\n|turn|8\n|\n|t:|1776222926\n|move|p2a: Excadrill|Iron Head|p1a: Charizard\n|-resisted|p1a: Charizard|1\n|-damage|p1a: Charizard|67/100\n|move|p1a: Charizard|Heat Wave|p2b: Tyranitar|[spread] p2a,p2b\n|-supereffective|p2a: Excadrill|1\n|-resisted|p2b: Tyranitar|1\n|-damage|p2a: Excadrill|0 fnt\n|-damage|p2b: Tyranitar|1/100 brn\n|faint|p2a: Excadrill\n|move|p2b: Tyranitar|Rock Slide|p1a: Charizard\n|-supereffective|p1a: Charizard|2\n|-damage|p1a: Charizard|0 fnt\n|faint|p1a: Charizard\n|\n|win|galawal\n|raw|unstab1eb33's rating: 1119 &rarr; <strong>1094</strong><br />(-25 for losing)\n|raw|galawal's rating: 1122 &rarr; <strong>1147</strong><br />(+25 for winning)\n",
  "uploadtime": 1776222939,
  "views": 14,
  "formatid": "gen9championsvgc2026regma",
  "rating": 1094,
  "private": 0,
  "password": null
}