{
  "id": "gen9championsvgc2026regma-2587968601",
  "format": "[Gen 9 Champions] VGC 2026 Reg M-A",
  "players": [
    "superG195",
    "Eesoch"
  ],
  "log": "|j|\u2606superG195\n|j|\u2606Eesoch\n|t:|1776586359\n|gametype|doubles\n|player|p1|superG195|brawly|1145\n|player|p2|Eesoch|102|1218\n|gen|9\n|tier|[Gen 9 Champions] VGC 2026 Reg M-A\n|rated|\n|rule|Species Clause: Limit one of each Pok\u00e9mon\n|rule|Item Clause: Limit 1 of each item\n|clearpoke\n|poke|p1|Aerodactyl, L50, F|\n|poke|p1|Garchomp, L50, M|\n|poke|p1|Scovillain, L50, M|\n|poke|p1|Tauros-Paldea-Aqua, L50, M|\n|poke|p1|Scizor, L50, F|\n|poke|p1|Rotom-Wash, L50|\n|poke|p2|Meganium, L50, F, shiny|\n|poke|p2|Aerodactyl, L50, M, shiny|\n|poke|p2|Sneasler, L50, F, shiny|\n|poke|p2|Scovillain, L50, M, shiny|\n|poke|p2|Basculegion, L50, M, shiny|\n|poke|p2|Kingambit, L50, M, shiny|\n|teampreview|4\n|\n|t:|1776586420\n|teamsize|p1|4\n|teamsize|p2|4\n|start\n|switch|p1a: Aerodactyl|Aerodactyl, L50, F|100/100\n|switch|p1b: Rotom|Rotom-Wash, L50|100/100\n|switch|p2a: Scovillain|Scovillain, L50, M, shiny|100/100\n|switch|p2b: Sneasler|Sneasler, L50, F, shiny|100/100\n|-ability|p1a: Aerodactyl|Unnerve\n|turn|1\n|inactive|Battle timer is ON: inactive players will automatically lose when time's up. (requested by Eesoch)\n|\n|t:|1776586432\n|detailschange|p2a: Scovillain|Scovillain-Mega, L50, M, shiny\n|-mega|p2a: Scovillain|Scovillain|Scovillainite\n|move|p1a: Aerodactyl|Protect|p1a: Aerodactyl\n|-singleturn|p1a: Aerodactyl|Protect\n|move|p2b: Sneasler|Fake Out|p1a: Aerodactyl\n|-activate|p1a: Aerodactyl|move: Protect\n|move|p1b: Rotom|Will-O-Wisp|p2b: Sneasler|[miss]\n|-miss|p1b: Rotom|p2b: Sneasler\n|move|p2a: Scovillain|Leech Seed|p1b: Rotom|[miss]\n|-miss|p2a: Scovillain|p1b: Rotom\n|\n|upkeep\n|turn|2\n|inactive|Eesoch has 30 seconds left.\n|\n|t:|1776586465\n|switch|p1b: Scovillain|Scovillain, L50, M|100/100\n|move|p2a: Scovillain|Rage Powder|p2a: Scovillain\n|-singleturn|p2a: Scovillain|move: Rage Powder\n|move|p1a: Aerodactyl|Tailwind|p1a: Aerodactyl\n|-sidestart|p1: superG195|move: Tailwind\n|move|p2b: Sneasler|Close Combat|p1a: Aerodactyl\n|-enditem|p1a: Aerodactyl|Focus Sash\n|-damage|p1a: Aerodactyl|1/100\n|-unboost|p2b: Sneasler|def|1\n|-unboost|p2b: Sneasler|spd|1\n|-enditem|p2b: Sneasler|White Herb\n|-clearnegativeboost|p2b: Sneasler|[silent]\n|\n|-ability|p1b: Scovillain|Moody|boost\n|-boost|p1b: Scovillain|spe|2\n|-unboost|p1b: Scovillain|spd|1\n|upkeep\n|turn|3\n|inactive|superG195 has 30 seconds left.\n|inactive|Eesoch has 30 seconds left.\n|inactive|Eesoch has 20 seconds left.\n|\n|t:|1776586503\n|detailschange|p1b: Scovillain|Scovillain-Mega, L50, M\n|-mega|p1b: Scovillain|Scovillain|Scovillainite\n|move|p1b: Scovillain|Rage Powder|p1b: Scovillain\n|-singleturn|p1b: Scovillain|move: Rage Powder\n|move|p1a: Aerodactyl|Dual Wingbeat|p2a: Scovillain\n|-supereffective|p2a: Scovillain|1\n|-damage|p2a: Scovillain|66/100\n|-status|p1a: Aerodactyl|brn|[from] ability: Spicy Spray|[of] p2a: Scovillain\n|-supereffective|p2a: Scovillain|1\n|-crit|p2a: Scovillain\n|-damage|p2a: Scovillain|38/100\n|-hitcount|p2a: Scovillain|2\n|move|p2b: Sneasler|Coaching|p2a: Scovillain\n|-boost|p2a: Scovillain|atk|1\n|-boost|p2a: Scovillain|def|1\n|move|p2a: Scovillain|Leech Seed|p1a: Aerodactyl\n|-start|p1a: Aerodactyl|move: Leech Seed\n|\n|-damage|p1a: Aerodactyl|0 fnt|[from] Leech Seed|[of] p2a: Scovillain\n|-heal|p2a: Scovillain|38/100|[silent]\n|faint|p1a: Aerodactyl\n|upkeep\n|\n|t:|1776586523\n|switch|p1a: Garchomp|Garchomp, L50, M|100/100\n|turn|4\n|\n|t:|1776586542\n|move|p2a: Scovillain|Rage Powder|p2a: Scovillain\n|-singleturn|p2a: Scovillain|move: Rage Powder\n|move|p1b: Scovillain|Flamethrower|p2b: Sneasler\n|-crit|p2b: Sneasler\n|-damage|p2b: Sneasler|23/100\n|-status|p2b: Sneasler|brn\n|move|p2b: Sneasler|Coaching|p2a: Scovillain\n|-boost|p2a: Scovillain|atk|1\n|-boost|p2a: Scovillain|def|1\n|move|p1a: Garchomp|Rock Slide|p2a: Scovillain|[spread] p2a,p2b\n|-supereffective|p2a: Scovillain|1\n|-crit|p2a: Scovillain\n|-resisted|p2b: Sneasler|1\n|-damage|p2a: Scovillain|0 fnt\n|-damage|p2b: Sneasler|7/100 brn\n|-status|p1a: Garchomp|brn|[from] ability: Spicy Spray|[of] p2a: Scovillain\n|faint|p2a: Scovillain\n|\n|-damage|p2b: Sneasler|1/100 brn|[from] brn\n|-damage|p1a: Garchomp|95/100 brn|[from] brn\n|upkeep\n|\n|t:|1776586564\n|switch|p2a: Aerodactyl|Aerodactyl, L50, M, shiny|100/100\n|turn|5\n|\n|t:|1776586580\n|switch|p1b: Rotom|Rotom-Wash, L50|100/100\n|move|p2b: Sneasler|Dire Claw|p1b: Rotom\n|-damage|p1b: Rotom|83/100\n|move|p1a: Garchomp|Rock Slide|p2b: Sneasler|[spread] p2a,p2b\n|-supereffective|p2a: Aerodactyl|1\n|-resisted|p2b: Sneasler|1\n|-damage|p2a: Aerodactyl|71/100\n|-damage|p2b: Sneasler|0 fnt\n|faint|p2b: Sneasler\n|move|p2a: Aerodactyl|Tailwind|p2a: Aerodactyl\n|-sidestart|p2: Eesoch|move: Tailwind\n|\n|-heal|p1b: Rotom|88/100|[from] item: Leftovers\n|-damage|p1a: Garchomp|89/100 brn|[from] brn\n|-sideend|p1: superG195|move: Tailwind\n|upkeep\n|\n|t:|1776586596\n|switch|p2b: Basculegion|Basculegion, L50, M, shiny|100/100\n|turn|6\n|\n|t:|1776586608\n|move|p2b: Basculegion|Last Respects|p1a: Garchomp\n|-damage|p1a: Garchomp|0 fnt\n|faint|p1a: Garchomp\n|move|p2a: Aerodactyl|Rock Slide|p1b: Rotom\n|-crit|p1b: Rotom\n|-damage|p1b: Rotom|45/100\n|move|p1b: Rotom|Will-O-Wisp|p2a: Aerodactyl\n|-status|p2a: Aerodactyl|brn\n|\n|-heal|p1b: Rotom|51/100|[from] item: Leftovers\n|-damage|p2a: Aerodactyl|65/100 brn|[from] brn\n|upkeep\n|\n|t:|1776586620\n|switch|p1a: Scovillain|Scovillain-Mega, L50, M|100/100\n|turn|7\n|inactive|superG195 has 30 seconds left.\n|\n|t:|1776586648\n|move|p1a: Scovillain|Rage Powder|p1a: Scovillain\n|-singleturn|p1a: Scovillain|move: Rage Powder\n|move|p2b: Basculegion|Last Respects|p1a: Scovillain\n|-damage|p1a: Scovillain|0 fnt\n|-status|p2b: Basculegion|brn|[from] ability: Spicy Spray|[of] p1a: Scovillain\n|faint|p1a: Scovillain\n|move|p2a: Aerodactyl|Rock Slide|p1b: Rotom\n|-damage|p1b: Rotom|36/100\n|move|p1b: Rotom|Thunderbolt|p2b: Basculegion\n|-supereffective|p2b: Basculegion|1\n|-damage|p2b: Basculegion|24/100 brn\n|\n|-heal|p1b: Rotom|42/100|[from] item: Leftovers\n|-damage|p2b: Basculegion|18/100 brn|[from] brn\n|-damage|p2a: Aerodactyl|59/100 brn|[from] brn\n|upkeep\n|turn|8\n|\n|t:|1776586667\n|move|p1b: Rotom|Protect|p1b: Rotom\n|-singleturn|p1b: Rotom|Protect\n|move|p2b: Basculegion|Last Respects|p1b: Rotom\n|-activate|p1b: Rotom|move: Protect\n|move|p2a: Aerodactyl|Rock Slide|p1b: Rotom\n|-activate|p1b: Rotom|move: Protect\n|\n|-heal|p1b: Rotom|48/100|[from] item: Leftovers\n|-damage|p2b: Basculegion|12/100 brn|[from] brn\n|-damage|p2a: Aerodactyl|53/100 brn|[from] brn\n|-sideend|p2: Eesoch|move: Tailwind\n|upkeep\n|turn|9\n|\n|t:|1776586680\n|move|p2b: Basculegion|Last Respects|p1b: Rotom\n|-damage|p1b: Rotom|12/100\n|move|p2a: Aerodactyl|Rock Slide|p1b: Rotom\n|-damage|p1b: Rotom|0 fnt\n|faint|p1b: Rotom\n|\n|win|Eesoch\n|raw|superG195's rating: 1145 &rarr; <strong>1125</strong><br />(-20 for losing)\n|raw|Eesoch's rating: 1218 &rarr; <strong>1238</strong><br />(+20 for winning)\n",
  "uploadtime": 1776586689,
  "views": 19,
  "formatid": "gen9championsvgc2026regma",
  "rating": 1125,
  "private": 0,
  "password": null
}