{
  "id": "gen9championsvgc2026regma-2584635720",
  "format": "[Gen 9 Champions] VGC 2026 Reg M-A",
  "players": [
    "N3verm0re",
    "MvillMpersonality"
  ],
  "log": "|j|\u2606N3verm0re\n|j|\u2606MvillMpersonality\n|t:|1776273554\n|gametype|doubles\n|player|p1|N3verm0re|101|1255\n|player|p2|MvillMpersonality|pokemaniac|1221\n|gen|9\n|tier|[Gen 9 Champions] VGC 2026 Reg M-A\n|rated|\n|rule|Species Clause: Limit one of each Pok\u00e9mon\n|rule|Item Clause: Limit 1 of each item\n|clearpoke\n|poke|p1|Runerigus, L50, F|\n|poke|p1|Meganium, L50, M|\n|poke|p1|Pelipper, L50, M|\n|poke|p1|Archaludon, L50, M|\n|poke|p1|Drampa, L50, F|\n|poke|p1|Basculegion, L50, M|\n|poke|p2|Scovillain, L50, M|\n|poke|p2|Sinistcha, L50|\n|poke|p2|Gallade, L50, M|\n|poke|p2|Kingambit, L50, M|\n|poke|p2|Rhyperior, L50, M|\n|poke|p2|Primarina, L50, M|\n|teampreview|4\n|inactive|Battle timer is ON: inactive players will automatically lose when time's up. (requested by N3verm0re)\n|\n|t:|1776273579\n|teamsize|p1|4\n|teamsize|p2|4\n|start\n|switch|p1a: Runerigus|Runerigus, L50, F|100/100\n|switch|p1b: Drampa|Drampa, L50, F|100/100\n|switch|p2a: Scovillain|Scovillain, L50, M|100/100\n|switch|p2b: Sinistcha|Sinistcha, L50|100/100\n|turn|1\n|inactive|MvillMpersonality has 30 seconds left.\n|\n|t:|1776273607\n|switch|p1a: Pelipper|Pelipper, L50, M|100/100\n|-weather|RainDance|[from] ability: Drizzle|[of] p1a: Pelipper\n|detailschange|p2a: Scovillain|Scovillain-Mega, L50, M\n|-mega|p2a: Scovillain|Scovillain|Scovillainite\n|detailschange|p1b: Drampa|Drampa-Mega, L50, F\n|-mega|p1b: Drampa|Drampa|Drampanite\n|move|p2a: Scovillain|Rage Powder|p2a: Scovillain\n|-singleturn|p2a: Scovillain|move: Rage Powder\n|move|p2b: Sinistcha|Matcha Gotcha|p1b: Drampa|[spread] p1a,p1b\n|-resisted|p1b: Drampa|1\n|-damage|p1a: Pelipper|68/100\n|-damage|p1b: Drampa|86/100\n|move|p1b: Drampa|Hurricane|p2a: Scovillain\n|-supereffective|p2a: Scovillain|1\n|-damage|p2a: Scovillain|8/100\n|-status|p1b: Drampa|brn|[from] ability: Spicy Spray|[of] p2a: Scovillain\n|\n|-weather|RainDance|[upkeep]\n|-damage|p1b: Drampa|80/100 brn|[from] brn\n|upkeep\n|turn|2\n|inactive|N3verm0re has 30 seconds left.\n|\n|t:|1776273635\n|move|p2a: Scovillain|Rage Powder|p2a: Scovillain\n|-singleturn|p2a: Scovillain|move: Rage Powder\n|move|p1a: Pelipper|Hurricane|p2a: Scovillain\n|-supereffective|p2a: Scovillain|1\n|-damage|p2a: Scovillain|0 fnt\n|-status|p1a: Pelipper|brn|[from] ability: Spicy Spray|[of] p2a: Scovillain\n|faint|p2a: Scovillain\n|move|p1b: Drampa|Hyper Voice|p2b: Sinistcha\n|-immune|p2b: Sinistcha\n|move|p2b: Sinistcha|Trick Room|p2b: Sinistcha\n|-fieldstart|move: Trick Room|[of] p2b: Sinistcha\n|\n|-weather|RainDance|[upkeep]\n|-damage|p1b: Drampa|74/100 brn|[from] brn\n|-damage|p1a: Pelipper|63/100 brn|[from] brn\n|upkeep\n|\n|t:|1776273657\n|switch|p2a: Kingambit|Kingambit, L50, M|100/100\n|turn|3\n|\n|t:|1776273674\n|move|p2a: Kingambit|Sucker Punch|p1a: Pelipper\n|-damage|p1a: Pelipper|5/100 brn\n|-enditem|p1a: Pelipper|Sitrus Berry|[eat]\n|-heal|p1a: Pelipper|30/100 brn|[from] item: Sitrus Berry\n|move|p1b: Drampa|Hurricane|p2a: Kingambit\n|-resisted|p2a: Kingambit|1\n|-damage|p2a: Kingambit|77/100\n|move|p2b: Sinistcha|Matcha Gotcha|p1b: Drampa|[spread] p1a,p1b\n|-resisted|p1b: Drampa|1\n|-damage|p1a: Pelipper|0 fnt\n|-damage|p1b: Drampa|59/100 brn\n|faint|p1a: Pelipper\n|\n|-weather|RainDance|[upkeep]\n|-damage|p1b: Drampa|53/100 brn|[from] brn\n|upkeep\n|\n|t:|1776273691\n|switch|p1a: Meganium|Meganium, L50, M|100/100\n|turn|4\n|inactive|MvillMpersonality has 30 seconds left.\n|\n|t:|1776273718\n|move|p1b: Drampa|Hurricane|p2b: Sinistcha\n|-supereffective|p2b: Sinistcha|1\n|-damage|p2b: Sinistcha|0 fnt\n|faint|p2b: Sinistcha\n|move|p2a: Kingambit|Iron Head|p1a: Meganium\n|-damage|p1a: Meganium|57/100\n|cant|p1a: Meganium|flinch\n|\n|-weather|RainDance|[upkeep]\n|-damage|p1b: Drampa|48/100 brn|[from] brn\n|upkeep\n|\n|t:|1776273728\n|switch|p2b: Gallade|Gallade, L50, M|100/100\n|turn|5\n|\n|t:|1776273753\n|move|p2a: Kingambit|Sucker Punch|p1a: Meganium\n|-damage|p1a: Meganium|7/100\n|move|p1b: Drampa|Hurricane|p2b: Gallade\n|-supereffective|p2b: Gallade|1\n|-damage|p2b: Gallade|11/100\n|move|p2b: Gallade|Sacred Sword|p1b: Drampa\n|-supereffective|p1b: Drampa|1\n|-damage|p1b: Drampa|0 fnt\n|faint|p1b: Drampa\n|move|p1a: Meganium|Weather Ball|p2a: Kingambit\n|-damage|p2a: Kingambit|35/100\n|\n|-weather|none\n|upkeep\n|\n|t:|1776273758\n|switch|p1b: Runerigus|Runerigus, L50, F|100/100\n|turn|6\n|inactive|MvillMpersonality has 30 seconds left.\n|inactive|MvillMpersonality has 20 seconds left.\n|\n|t:|1776273794\n|move|p1b: Runerigus|Ally Switch|p1b: Runerigus\n|swap|p1b: Runerigus|0|[from] move: Ally Switch\n|move|p2a: Kingambit|Swords Dance|p2a: Kingambit\n|-boost|p2a: Kingambit|atk|2\n|move|p2b: Gallade|Psycho Cut|p1a: Runerigus\n|-damage|p1a: Runerigus|57/100\n|move|p1b: Meganium|Dazzling Gleam|p2a: Kingambit|[spread] p2a,p2b\n|-supereffective|p2b: Gallade|1\n|-damage|p2a: Kingambit|18/100\n|-damage|p2b: Gallade|0 fnt\n|faint|p2b: Gallade\n|\n|-heal|p1a: Runerigus|63/100|[from] item: Leftovers\n|-fieldend|move: Trick Room\n|upkeep\n|turn|7\n|\n|t:|1776273813\n|move|p1b: Meganium|Protect|p1b: Meganium\n|-singleturn|p1b: Meganium|Protect\n|move|p2a: Kingambit|Sucker Punch|p1a: Runerigus\n|-supereffective|p1a: Runerigus|1\n|-damage|p1a: Runerigus|0 fnt\n|-activate|p2a: Kingambit|Skill Swap|Wandering Spirit|Defiant|[of] p1a: Runerigus\n|faint|p1a: Runerigus\n|\n|upkeep\n|turn|8\n|\n|t:|1776273827\n|move|p2a: Kingambit|Sucker Punch|p1b: Meganium\n|-damage|p1b: Meganium|0 fnt\n|faint|p1b: Meganium\n|\n|win|MvillMpersonality\n|raw|N3verm0re's rating: 1255 &rarr; <strong>1228</strong><br />(-27 for losing)\n|raw|MvillMpersonality's rating: 1221 &rarr; <strong>1248</strong><br />(+27 for winning)\n|l|\u2606N3verm0re\n|player|p1|\n",
  "uploadtime": 1776273831,
  "views": 28,
  "formatid": "gen9championsvgc2026regma",
  "rating": 1228,
  "private": 0,
  "password": null
}