{
  "id": "gen9championsvgc2026regma-2587149693",
  "format": "[Gen 9 Champions] VGC 2026 Reg M-A",
  "players": [
    "seabear2112",
    "AidzPlayz"
  ],
  "log": "|j|\u2606seabear2112\n|j|\u2606AidzPlayz\n|t:|1776500700\n|gametype|doubles\n|player|p1|seabear2112|guitarist|1338\n|player|p2|AidzPlayz|ghetsis-gen5bw|1340\n|gen|9\n|tier|[Gen 9 Champions] VGC 2026 Reg M-A\n|rated|\n|rule|Species Clause: Limit one of each Pok\u00e9mon\n|rule|Item Clause: Limit 1 of each item\n|clearpoke\n|poke|p1|Glimmora, L50, M|\n|poke|p1|Talonflame, L50, F, shiny|\n|poke|p1|Rotom-Wash, L50|\n|poke|p1|Garchomp, L50, M|\n|poke|p1|Floette-Eternal, L50, F|\n|poke|p1|Aegislash, L50, M|\n|poke|p2|Aerodactyl, L50, F|\n|poke|p2|Incineroar, L50, M|\n|poke|p2|Floette-Eternal, L50, F|\n|poke|p2|Basculegion, L50, M|\n|poke|p2|Garchomp, L50, F|\n|poke|p2|Sneasler, L50, M|\n|teampreview|4\n|inactive|Battle timer is ON: inactive players will automatically lose when time's up. (requested by AidzPlayz)\n|\n|t:|1776500742\n|teamsize|p1|4\n|teamsize|p2|4\n|start\n|switch|p1a: Diaz|Talonflame, L50, F, shiny|100/100\n|switch|p1b: Linetti|Floette-Eternal, L50, F|100/100\n|switch|p2a: Incineroar|Incineroar, L50, M|100/100\n|switch|p2b: Basculegion|Basculegion, L50, M|100/100\n|-ability|p2a: Incineroar|Intimidate|boost\n|-unboost|p1a: Diaz|atk|1\n|-unboost|p1b: Linetti|atk|1\n|turn|1\n|\n|t:|1776500755\n|detailschange|p1b: Linetti|Floette-Mega, L50, F\n|-mega|p1b: Linetti|Floette|Floettite\n|-ability|p1b: Linetti|Fairy Aura\n|move|p1a: Diaz|Protect|p1a: Diaz\n|-singleturn|p1a: Diaz|Protect\n|move|p1b: Linetti|Protect|p1b: Linetti\n|-singleturn|p1b: Linetti|Protect\n|move|p2a: Incineroar|Fake Out|p1a: Diaz\n|-activate|p1a: Diaz|move: Protect\n|move|p2b: Basculegion|Flip Turn|p1a: Diaz\n|-activate|p1a: Diaz|move: Protect\n|\n|upkeep\n|turn|2\n|inactive|seabear2112 has 30 seconds left.\n|\n|t:|1776500785\n|move|p1a: Diaz|Dual Wingbeat|p2b: Basculegion\n|-damage|p2b: Basculegion|85/100\n|-damage|p2b: Basculegion|69/100\n|-hitcount|p2b: Basculegion|2\n|move|p2b: Basculegion|Flip Turn|p1a: Diaz\n|-supereffective|p1a: Diaz|1\n|-damage|p1a: Diaz|0 fnt\n|faint|p1a: Diaz\n|\n|t:|1776500795\n|switch|p2b: Floette|Floette-Eternal, L50, F|100/100|[from] Flip Turn\n|move|p1b: Linetti|Dazzling Gleam|p2a: Incineroar|[spread] p2a,p2b\n|-damage|p2a: Incineroar|68/100\n|-damage|p2b: Floette|53/100\n|move|p2a: Incineroar|Flare Blitz|p1b: Linetti\n|-damage|p1b: Linetti|50/100\n|-damage|p2a: Incineroar|53/100|[from] Recoil\n|\n|upkeep\n|\n|t:|1776500806\n|switch|p1a: Holt|Rotom-Wash, L50|100/100\n|turn|3\n|\n|t:|1776500817\n|detailschange|p2b: Floette|Floette-Mega, L50, F\n|-mega|p2b: Floette|Floette|Floettite\n|-ability|p2b: Floette|Fairy Aura\n|move|p2a: Incineroar|Helping Hand|p2b: Floette\n|-singleturn|p2b: Floette|Helping Hand|[of] p2a: Incineroar\n|move|p1b: Linetti|Protect|p1b: Linetti\n|-singleturn|p1b: Linetti|Protect\n|move|p2b: Floette|Dazzling Gleam|p1a: Holt|[spread] p1a\n|-activate|p1b: Linetti|move: Protect\n|-damage|p1a: Holt|16/100\n|-enditem|p1a: Holt|Sitrus Berry|[eat]\n|-heal|p1a: Holt|41/100|[from] item: Sitrus Berry\n|move|p1a: Holt|Electroweb|p2b: Floette|[spread] p2a,p2b\n|-damage|p2a: Incineroar|40/100\n|-damage|p2b: Floette|38/100\n|-unboost|p2a: Incineroar|spe|1\n|-unboost|p2b: Floette|spe|1\n|-enditem|p2a: Incineroar|Sitrus Berry|[eat]\n|-heal|p2a: Incineroar|64/100|[from] item: Sitrus Berry\n|\n|upkeep\n|turn|4\n|inactive|seabear2112 has 30 seconds left.\n|\n|t:|1776500843\n|move|p2b: Floette|Protect|p2b: Floette\n|-singleturn|p2b: Floette|Protect\n|move|p1b: Linetti|Dazzling Gleam|p2a: Incineroar|[spread] p2a\n|-activate|p2b: Floette|move: Protect\n|-damage|p2a: Incineroar|30/100\n|move|p1a: Holt|Hydro Pump|p2a: Incineroar|[miss]\n|-miss|p1a: Holt|p2a: Incineroar\n|move|p2a: Incineroar|Flare Blitz|p1b: Linetti\n|-damage|p1b: Linetti|7/100\n|-damage|p2a: Incineroar|17/100|[from] Recoil\n|\n|upkeep\n|turn|5\n|inactive|AidzPlayz has 30 seconds left.\n|\n|t:|1776500870\n|move|p2b: Floette|Protect|p2b: Floette\n|-singleturn|p2b: Floette|Protect\n|move|p1a: Holt|Thunderbolt|p2b: Floette\n|-activate|p2b: Floette|move: Protect\n|move|p1b: Linetti|Dazzling Gleam|p2a: Incineroar|[spread] p2a\n|-activate|p2b: Floette|move: Protect\n|-damage|p2a: Incineroar|0 fnt\n|faint|p2a: Incineroar\n|\n|upkeep\n|\n|t:|1776500879\n|switch|p2a: Basculegion|Basculegion, L50, M|69/100\n|turn|6\n|\n|t:|1776500898\n|switch|p2b: Garchomp|Garchomp, L50, F|100/100\n|move|p2a: Basculegion|Last Respects|p1b: Linetti\n|-damage|p1b: Linetti|0 fnt\n|faint|p1b: Linetti\n|move|p1a: Holt|Thunderbolt|p2b: Garchomp\n|-immune|p2b: Garchomp\n|\n|upkeep\n|\n|t:|1776500910\n|switch|p1b: Peralta|Aegislash, L50, M|100/100\n|turn|7\n|\n|t:|1776500921\n|-formechange|p1b: Peralta|Aegislash-Blade|\n|move|p1b: Peralta|Shadow Sneak|p2a: Basculegion\n|-supereffective|p2a: Basculegion|1\n|-damage|p2a: Basculegion|0 fnt\n|faint|p2a: Basculegion\n|move|p2b: Garchomp|Dragon Claw|p1a: Holt\n|-damage|p1a: Holt|0 fnt\n|faint|p1a: Holt\n|\n|upkeep\n|\n|t:|1776500929\n|switch|p2a: Floette|Floette-Mega, L50, F|38/100\n|-ability|p2a: Floette|Fairy Aura\n|turn|8\n|\n|t:|1776500941\n|move|p2a: Floette|Protect|p2a: Floette\n|-singleturn|p2a: Floette|Protect\n|-formechange|p1b: Peralta|Aegislash|\n|move|p1b: Peralta|King's Shield|p1b: Peralta\n|-singleturn|p1b: Peralta|Protect\n|move|p2b: Garchomp|Earthquake|p1b: Peralta|[spread] \n|-activate|p2a: Floette|move: Protect\n|-activate|p1b: Peralta|move: Protect\n|\n|upkeep\n|turn|9\n|\n|t:|1776500954\n|move|p2a: Floette|Light of Ruin|p1b: Peralta\n|-resisted|p1b: Peralta|1\n|-damage|p1b: Peralta|50/100\n|-damage|p2a: Floette|10/100|[from] Recoil\n|move|p2b: Garchomp|Earthquake|p1b: Peralta|[spread] p2a,p1b\n|-supereffective|p1b: Peralta|1\n|-damage|p2a: Floette|0 fnt\n|-damage|p1b: Peralta|0 fnt\n|faint|p2a: Floette\n|faint|p1b: Peralta\n|\n|win|AidzPlayz\n|raw|seabear2112's rating: 1338 &rarr; <strong>1318</strong><br />(-20 for losing)\n|raw|AidzPlayz's rating: 1340 &rarr; <strong>1360</strong><br />(+20 for winning)\n",
  "uploadtime": 1776500955,
  "views": 21,
  "formatid": "gen9championsvgc2026regma",
  "rating": 1318,
  "private": 0,
  "password": null
}