{
  "id": "gen9championsvgc2026regma-2584440941",
  "format": "[Gen 9 Champions] VGC 2026 Reg M-A",
  "players": [
    "stan_stan_stan",
    "moartae"
  ],
  "log": "|j|\u2606stan_stan_stan\n|j|\u2606moartae\n|t:|1776261066\n|gametype|doubles\n|player|p1|stan_stan_stan|102|1090\n|player|p2|moartae|winona|1000\n|gen|9\n|tier|[Gen 9 Champions] VGC 2026 Reg M-A\n|rated|\n|rule|Species Clause: Limit one of each Pok\u00e9mon\n|rule|Item Clause: Limit 1 of each item\n|clearpoke\n|poke|p1|Pelipper, L50, M|\n|poke|p1|Meganium, L50, M|\n|poke|p1|Archaludon, L50, F|\n|poke|p1|Aerodactyl, L50, M|\n|poke|p1|Incineroar, L50, M|\n|poke|p1|Lopunny, L50, F|\n|poke|p2|Mimikyu, L50, F|\n|poke|p2|Primarina, L50, F|\n|poke|p2|Chimecho, L50, F|\n|poke|p2|Garchomp, L50, F|\n|poke|p2|Kingambit, L50, F|\n|poke|p2|Crabominable, L50, F|\n|teampreview|4\n|inactive|Battle timer is ON: inactive players will automatically lose when time's up. (requested by stan_stan_stan)\n|inactive|stan_stan_stan has 60 seconds left.\n|inactive|stan_stan_stan has 30 seconds left.\n|inactive|stan_stan_stan has 20 seconds left.\n|inactive|stan_stan_stan has 15 seconds left.\n|inactive|stan_stan_stan has 10 seconds left.\n|inactive|stan_stan_stan has 5 seconds left.\n|\n|t:|1776261155\n|teamsize|p1|4\n|teamsize|p2|4\n|start\n|switch|p1a: Incineroar|Incineroar, L50, M|100/100\n|switch|p1b: Archaludon|Archaludon, L50, F|100/100\n|switch|p2a: Herbrr|Crabominable, L50, F|100/100\n|switch|p2b: Kyukurarin|Mimikyu, L50, F, shiny|100/100\n|turn|1\n|inactive|stan_stan_stan has 30 seconds left.\n|inactive|stan_stan_stan has 20 seconds left.\n|inactive|stan_stan_stan has 15 seconds left.\n|inactive|stan_stan_stan has 10 seconds left.\n|inactive|stan_stan_stan has 5 seconds left.\n|\n|t:|1776261206\n|move|p2a: Herbrr|Protect|p2a: Herbrr\n|-singleturn|p2a: Herbrr|Protect\n|move|p1b: Archaludon|Draco Meteor|p2a: Herbrr\n|-activate|p2a: Herbrr|move: Protect\n|move|p1a: Incineroar|Flare Blitz|p2a: Herbrr\n|-activate|p2a: Herbrr|move: Protect\n|move|p2b: Kyukurarin|Trick Room|p2b: Kyukurarin\n|-fieldstart|move: Trick Room|[of] p2b: Kyukurarin\n|\n|upkeep\n|turn|2\n|inactive|stan_stan_stan has 30 seconds left.\n|inactive|stan_stan_stan has 20 seconds left.\n|inactive|moartae has 30 seconds left.\n|inactive|stan_stan_stan has 15 seconds left.\n|\n|t:|1776261248\n|detailschange|p2a: Herbrr|Crabominable-Mega, L50, F\n|-mega|p2a: Herbrr|Crabominable|Crabominite\n|move|p1b: Archaludon|Protect|p1b: Archaludon\n|-singleturn|p1b: Archaludon|Protect\n|move|p2a: Herbrr|Ice Hammer|p1b: Archaludon\n|-activate|p1b: Archaludon|move: Protect\n|move|p1a: Incineroar|Throat Chop|p2b: Kyukurarin\n|-activate|p2b: Kyukurarin|ability: Disguise\n|-damage|p2b: Kyukurarin|100/100\n|-start|p2b: Kyukurarin|Throat Chop|[silent]\n|detailschange|p2b: Kyukurarin|Mimikyu-Busted, L50, F, shiny\n|-damage|p2b: Kyukurarin|88/100|[from] pokemon: Mimikyu-Busted\n|move|p2b: Kyukurarin|Shadow Claw|p1b: Archaludon\n|-activate|p1b: Archaludon|move: Protect\n|\n|upkeep\n|turn|3\n|inactive|stan_stan_stan has 30 seconds left.\n|\n|t:|1776261281\n|switch|p1b: Lopunny|Lopunny, L50, F|100/100\n|move|p2a: Herbrr|Close Combat|p1a: Incineroar\n|-supereffective|p1a: Incineroar|1\n|-damage|p1a: Incineroar|0 fnt\n|-unboost|p2a: Herbrr|def|1\n|-unboost|p2a: Herbrr|spd|1\n|faint|p1a: Incineroar\n|move|p2b: Kyukurarin|Shadow Claw|p1b: Lopunny\n|-immune|p1b: Lopunny\n|\n|-end|p2b: Kyukurarin|Throat Chop|[silent]\n|upkeep\n|\n|t:|1776261296\n|switch|p1a: Pelipper|Pelipper, L50, M|100/100\n|turn|4\n|inactive|stan_stan_stan has 30 seconds left.\n|inactive|stan_stan_stan has 20 seconds left.\n|inactive|stan_stan_stan has 15 seconds left.\n|inactive|stan_stan_stan has 10 seconds left.\n|inactive|stan_stan_stan has 5 seconds left.\n|\n|t:|1776261351\n|move|p2a: Herbrr|Thunder Punch|p1a: Pelipper\n|-supereffective|p1a: Pelipper|2\n|-damage|p1a: Pelipper|0 fnt\n|faint|p1a: Pelipper\n|move|p2b: Kyukurarin|Play Rough|p1b: Lopunny\n|-damage|p1b: Lopunny|52/100\n|move|p1b: Lopunny|Triple Axel|p2a: Herbrr\n|-resisted|p2a: Herbrr|1\n|-damage|p2a: Herbrr|98/100\n|-resisted|p2a: Herbrr|1\n|-damage|p2a: Herbrr|91/100\n|-resisted|p2a: Herbrr|1\n|-damage|p2a: Herbrr|82/100\n|-hitcount|p2a: Herbrr|3\n|\n|upkeep\n|\n|t:|1776261360\n|switch|p1a: Archaludon|Archaludon, L50, F|100/100\n|turn|5\n|\n|t:|1776261382\n|move|p1a: Archaludon|Protect|p1a: Archaludon\n|-singleturn|p1a: Archaludon|Protect\n|move|p1b: Lopunny|Protect|p1b: Lopunny\n|-singleturn|p1b: Lopunny|Protect\n|move|p2a: Herbrr|Close Combat|p1a: Archaludon\n|-activate|p1a: Archaludon|move: Protect\n|move|p2b: Kyukurarin|Play Rough|p1b: Lopunny\n|-activate|p1b: Lopunny|move: Protect\n|\n|-fieldend|move: Trick Room\n|upkeep\n|turn|6\n|inactive|stan_stan_stan has 30 seconds left.\n|inactive|stan_stan_stan has 20 seconds left.\n|\n|t:|1776261417\n|detailschange|p1b: Lopunny|Lopunny-Mega, L50, F\n|-mega|p1b: Lopunny|Lopunny|Lopunnite\n|move|p2a: Herbrr|Protect|p2a: Herbrr\n|-singleturn|p2a: Herbrr|Protect\n|move|p1b: Lopunny|Triple Axel|p2b: Kyukurarin\n|-damage|p2b: Kyukurarin|78/100\n|-damage|p2b: Kyukurarin|57/100\n|-crit|p2b: Kyukurarin\n|-damage|p2b: Kyukurarin|9/100\n|-hitcount|p2b: Kyukurarin|3\n|move|p1a: Archaludon|Electro Shot||[still]\n|-prepare|p1a: Archaludon|Electro Shot\n|-boost|p1a: Archaludon|spa|1\n|move|p2b: Kyukurarin|Trick Room|p2b: Kyukurarin\n|-fieldstart|move: Trick Room|[of] p2b: Kyukurarin\n|\n|upkeep\n|turn|7\n|\n|t:|1776261440\n|move|p2a: Herbrr|Close Combat|p1a: Archaludon\n|-supereffective|p1a: Archaludon|1\n|-damage|p1a: Archaludon|0 fnt\n|-unboost|p2a: Herbrr|def|1\n|-unboost|p2a: Herbrr|spd|1\n|faint|p1a: Archaludon\n|move|p2b: Kyukurarin|Play Rough|p1b: Lopunny\n|-supereffective|p1b: Lopunny|1\n|-damage|p1b: Lopunny|0 fnt\n|faint|p1b: Lopunny\n|\n|win|moartae\n|raw|stan_stan_stan's rating: 1090 &rarr; <strong>1061</strong><br />(-29 for losing)\n|raw|moartae's rating: 1000 &rarr; <strong>1050</strong><br />(+50 for winning)\n|l|\u2606stan_stan_stan\n|player|p1|\n|c|\u2606moartae|ggs\n",
  "uploadtime": 1776261488,
  "views": 28,
  "formatid": "gen9championsvgc2026regma",
  "rating": 1050,
  "private": 0,
  "password": null
}