{
  "id": "gen9championsvgc2026regma-2585689864",
  "format": "[Gen 9 Champions] VGC 2026 Reg M-A",
  "players": [
    "Kyooby",
    "Tania Irochi"
  ],
  "log": "|j|\u2606Kyooby\n|j|\u2606Tania Irochi\n|t:|1776363941\n|gametype|doubles\n|player|p1|Kyooby|volkner|1050\n|player|p2|Tania Irochi|lady-gen6|1000\n|gen|9\n|tier|[Gen 9 Champions] VGC 2026 Reg M-A\n|rated|\n|rule|Species Clause: Limit one of each Pok\u00e9mon\n|rule|Item Clause: Limit 1 of each item\n|clearpoke\n|poke|p1|Maushold-Four, L50|\n|poke|p1|Gardevoir, L50, M|\n|poke|p1|Espathra, L50, M|\n|poke|p1|Kommo-o, L50, M|\n|poke|p1|Gyarados, L50, M|\n|poke|p1|Heliolisk, L50, M|\n|poke|p2|Watchog, L50, M|\n|poke|p2|Emboar, L50, M|\n|poke|p2|Dragapult, L50, F|\n|poke|p2|Drampa, L50, M|\n|poke|p2|Corviknight, L50, M|\n|poke|p2|Aerodactyl, L50, F|\n|teampreview|4\n|inactive|Battle timer is ON: inactive players will automatically lose when time's up. (requested by Kyooby)\n|\n|t:|1776363963\n|teamsize|p1|4\n|teamsize|p2|4\n|start\n|switch|p1a: Maushold|Maushold-Four, L50|100/100\n|switch|p1b: Gardevoir|Gardevoir, L50, M, shiny|100/100\n|switch|p2a: Watchog|Watchog, L50, M|100/100\n|switch|p2b: Dragapult|Dragapult, L50, F|100/100\n|-ability|p1b: Gardevoir|Illuminate|Trace|[from] ability: Trace|[of] p2a: Watchog\n|turn|1\n|inactive|Kyooby has 30 seconds left.\n|\n|t:|1776363994\n|detailschange|p1b: Gardevoir|Gardevoir-Mega, L50, M, shiny\n|-mega|p1b: Gardevoir|Gardevoir|Gardevoirite\n|move|p1a: Maushold|Follow Me|p1a: Maushold\n|-singleturn|p1a: Maushold|move: Follow Me\n|move|p2b: Dragapult|Shadow Ball|p1a: Maushold\n|-immune|p1a: Maushold\n|move|p1b: Gardevoir|Hyper Voice|p2a: Watchog|[spread] p2a,p2b\n|-supereffective|p2b: Dragapult|1\n|-crit|p2b: Dragapult\n|-damage|p2a: Watchog|41/100\n|-damage|p2b: Dragapult|0 fnt\n|faint|p2b: Dragapult\n|move|p2a: Watchog|Trailblaze|p1a: Maushold\n|-crit|p1a: Maushold\n|-damage|p1a: Maushold|80/100\n|-boost|p2a: Watchog|spe|1\n|\n|upkeep\n|\n|t:|1776364009\n|switch|p2b: Corviknight|Corviknight, L50, M|100/100\n|-ability|p2b: Corviknight|Unnerve\n|turn|2\n|\n|t:|1776364019\n|move|p1a: Maushold|Follow Me|p1a: Maushold\n|-singleturn|p1a: Maushold|move: Follow Me\n|move|p2a: Watchog|Baton Pass|p2a: Watchog\n|\n|t:|1776364023\n|switch|p2a: Emboar|Emboar, L50, M|100/100|[from] Baton Pass\n|move|p1b: Gardevoir|Hyper Voice|p2a: Emboar|[spread] p2a,p2b\n|-resisted|p2b: Corviknight|1\n|-damage|p2a: Emboar|32/100\n|-damage|p2b: Corviknight|78/100\n|move|p2b: Corviknight|Iron Head|p1a: Maushold\n|-damage|p1a: Maushold|47/100\n|\n|-heal|p2b: Corviknight|83/100|[from] item: Leftovers\n|upkeep\n|turn|3\n|\n|t:|1776364044\n|detailschange|p2a: Emboar|Emboar-Mega, L50, M\n|-mega|p2a: Emboar|Emboar|Emboarite\n|-ability|p2a: Emboar|Mold Breaker\n|move|p1a: Maushold|Follow Me|p1a: Maushold\n|-singleturn|p1a: Maushold|move: Follow Me\n|move|p2a: Emboar|Drain Punch|p1a: Maushold\n|-supereffective|p1a: Maushold|1\n|-damage|p1a: Maushold|0 fnt\n|-heal|p2a: Emboar|55/100|[from] drain|[of] p1a: Maushold\n|faint|p1a: Maushold\n|move|p1b: Gardevoir|Hyper Voice|p2b: Corviknight|[spread] p2a,p2b\n|-resisted|p2b: Corviknight|1\n|-damage|p2a: Emboar|12/100\n|-damage|p2b: Corviknight|62/100\n|move|p2b: Corviknight|Tailwind|p2b: Corviknight\n|-sidestart|p2: Tania Irochi|move: Tailwind\n|\n|-heal|p2b: Corviknight|68/100|[from] item: Leftovers\n|upkeep\n|\n|t:|1776364059\n|switch|p1a: Espathra|Espathra, L50, M|100/100\n|turn|4\n|\n|t:|1776364074\n|move|p1b: Gardevoir|Protect|p1b: Gardevoir\n|-singleturn|p1b: Gardevoir|Protect\n|move|p2a: Emboar|Flare Blitz|p1b: Gardevoir\n|-activate|p1b: Gardevoir|move: Protect\n|move|p2b: Corviknight|Iron Defense|p2b: Corviknight\n|-boost|p2b: Corviknight|def|2\n|move|p1a: Espathra|Lumina Crash|p2a: Emboar\n|-supereffective|p2a: Emboar|1\n|-damage|p2a: Emboar|0 fnt\n|faint|p2a: Emboar\n|\n|-heal|p2b: Corviknight|74/100|[from] item: Leftovers\n|-ability|p1a: Espathra|Speed Boost|boost\n|-boost|p1a: Espathra|spe|1\n|upkeep\n|\n|t:|1776364083\n|switch|p2a: Watchog|Watchog, L50, M|41/100\n|turn|5\n|\n|t:|1776364093\n|switch|p1b: Kommo-o|Kommo-o, L50, M|100/100\n|move|p1a: Espathra|Lumina Crash|p2b: Corviknight\n|-resisted|p2b: Corviknight|1\n|-damage|p2b: Corviknight|62/100\n|-unboost|p2b: Corviknight|spd|2\n|move|p2a: Watchog|Swords Dance|p2a: Watchog\n|-boost|p2a: Watchog|atk|2\n|move|p2b: Corviknight|Iron Head|p1b: Kommo-o\n|-damage|p1b: Kommo-o|77/100\n|\n|-heal|p2b: Corviknight|67/100|[from] item: Leftovers\n|-heal|p1b: Kommo-o|83/100|[from] item: Leftovers\n|-ability|p1a: Espathra|Speed Boost|boost\n|-boost|p1a: Espathra|spe|1\n|upkeep\n|turn|6\n|\n|t:|1776364112\n|move|p1a: Espathra|Protect|p1a: Espathra\n|-singleturn|p1a: Espathra|Protect\n|move|p1b: Kommo-o|Protect|p1b: Kommo-o\n|-singleturn|p1b: Kommo-o|Protect\n|move|p2a: Watchog|Trailblaze|p1a: Espathra\n|-activate|p1a: Espathra|move: Protect\n|move|p2b: Corviknight|Body Press|p1b: Kommo-o\n|-activate|p1b: Kommo-o|move: Protect\n|\n|-heal|p2b: Corviknight|73/100|[from] item: Leftovers\n|-heal|p1b: Kommo-o|89/100|[from] item: Leftovers\n|-sideend|p2: Tania Irochi|move: Tailwind\n|-ability|p1a: Espathra|Speed Boost|boost\n|-boost|p1a: Espathra|spe|1\n|upkeep\n|turn|7\n|inactive|Kyooby has 30 seconds left.\n|\n|t:|1776364140\n|move|p1a: Espathra|Lumina Crash|p2a: Watchog\n|-damage|p2a: Watchog|3/100\n|-unboost|p2a: Watchog|spd|2\n|move|p1b: Kommo-o|Clanging Scales|p2b: Corviknight|[spread] p2a,p2b\n|-resisted|p2b: Corviknight|1\n|-damage|p2a: Watchog|0 fnt\n|-damage|p2b: Corviknight|39/100\n|faint|p2a: Watchog\n|-unboost|p1b: Kommo-o|def|1\n|move|p2b: Corviknight|Body Press|p1b: Kommo-o\n|-damage|p1b: Kommo-o|17/100\n|\n|-heal|p1b: Kommo-o|22/100|[from] item: Leftovers\n|-heal|p2b: Corviknight|44/100|[from] item: Leftovers\n|-ability|p1a: Espathra|Speed Boost|boost\n|-boost|p1a: Espathra|spe|1\n|upkeep\n|turn|8\n|inactive|Tania Irochi has 30 seconds left.\n|-message|Tania Irochi forfeited.\n|\n|win|Kyooby\n|raw|Kyooby's rating: 1050 &rarr; <strong>1078</strong><br />(+28 for winning)\n|raw|Tania Irochi's rating: 1000 &rarr; <strong>1000</strong><br />(+0 for losing)\n",
  "uploadtime": 1776364167,
  "views": 20,
  "formatid": "gen9championsvgc2026regma",
  "rating": 1000,
  "private": 0,
  "password": null
}