{
  "id": "gen9championsvgc2026regma-2582596801",
  "format": "[Gen 9 Champions] VGC 2026 Reg M-A",
  "players": [
    "IGNOTUS1103",
    "retrojp"
  ],
  "log": "|j|\u2606IGNOTUS1103\n|j|\u2606retrojp\n|t:|1776101657\n|gametype|doubles\n|player|p1|IGNOTUS1103|lucas|1093\n|player|p2|retrojp|169|1070\n|gen|9\n|tier|[Gen 9 Champions] VGC 2026 Reg M-A\n|rated|\n|rule|Species Clause: Limit one of each Pok\u00e9mon\n|rule|Item Clause: Limit 1 of each item\n|clearpoke\n|poke|p1|Arcanine, L50, F|\n|poke|p1|Venusaur, L50, M|\n|poke|p1|Rotom-Wash, L50|\n|poke|p1|Garchomp, L50, F|\n|poke|p1|Corviknight, L50, M|\n|poke|p1|Sneasler, L50, F|\n|poke|p2|Tyranitar, L50, F|\n|poke|p2|Corviknight, L50, M|\n|poke|p2|Primarina, L50, M|\n|poke|p2|Incineroar, L50, F|\n|poke|p2|Excadrill, L50, M|\n|poke|p2|Sinistcha, L50|\n|teampreview|4\n|\n|t:|1776101686\n|teamsize|p1|4\n|teamsize|p2|4\n|start\n|switch|p1a: Arcanine|Arcanine, L50, F|100/100\n|switch|p1b: Sneasler|Sneasler, L50, F, shiny|100/100\n|switch|p2a: Tyranitar|Tyranitar, L50, F|100/100\n|switch|p2b: Excadrill|Excadrill, L50, M|100/100\n|-ability|p1a: Arcanine|Intimidate|boost\n|-unboost|p2a: Tyranitar|atk|1\n|-unboost|p2b: Excadrill|atk|1\n|-weather|Sandstorm|[from] ability: Sand Stream|[of] p2a: Tyranitar\n|turn|1\n|inactive|Battle timer is ON: inactive players will automatically lose when time's up. (requested by IGNOTUS1103)\n|\n|t:|1776101715\n|move|p2b: Excadrill|Protect|p2b: Excadrill\n|-singleturn|p2b: Excadrill|Protect\n|move|p1b: Sneasler|Fake Out|p2b: Excadrill\n|-activate|p2b: Excadrill|move: Protect\n|move|p1a: Arcanine|Flare Blitz|p2b: Excadrill\n|-activate|p2b: Excadrill|move: Protect\n|move|p2a: Tyranitar|Rock Slide|p1a: Arcanine|[spread] p1a,p1b\n|-supereffective|p1a: Arcanine|1\n|-resisted|p1b: Sneasler|1\n|-damage|p1a: Arcanine|55/100\n|-damage|p1b: Sneasler|84/100\n|\n|-weather|Sandstorm|[upkeep]\n|-damage|p1b: Sneasler|79/100|[from] Sandstorm\n|-damage|p1a: Arcanine|49/100|[from] Sandstorm\n|-enditem|p1a: Arcanine|Sitrus Berry|[eat]\n|-heal|p1a: Arcanine|74/100|[from] item: Sitrus Berry\n|upkeep\n|turn|2\n|inactive|IGNOTUS1103 has 30 seconds left.\n|inactive|retrojp has 30 seconds left.\n|inactive|retrojp has 20 seconds left.\n|inactive|retrojp has 15 seconds left.\n|inactive|retrojp has 10 seconds left.\n|\n|t:|1776101763\n|move|p2a: Tyranitar|Protect|p2a: Tyranitar\n|-singleturn|p2a: Tyranitar|Protect\n|move|p2b: Excadrill|Earthquake|p1b: Sneasler|[spread] p1a,p1b\n|-activate|p2a: Tyranitar|move: Protect\n|-supereffective|p1a: Arcanine|1\n|-supereffective|p1b: Sneasler|1\n|-damage|p1a: Arcanine|9/100\n|-damage|p1b: Sneasler|0 fnt\n|faint|p1b: Sneasler\n|move|p1a: Arcanine|Will-O-Wisp|p2b: Excadrill\n|-status|p2b: Excadrill|brn\n|\n|-weather|Sandstorm|[upkeep]\n|-damage|p1a: Arcanine|3/100|[from] Sandstorm\n|-damage|p2b: Excadrill|95/100 brn|[from] brn\n|upkeep\n|\n|t:|1776101776\n|switch|p1b: Venusaur|Venusaur, L50, M, shiny|100/100\n|turn|3\n|inactive|retrojp has 30 seconds left.\n|\n|t:|1776101808\n|switch|p2a: Primarina|Primarina, L50, M|100/100\n|detailschange|p1b: Venusaur|Venusaur-Mega, L50, M, shiny\n|-mega|p1b: Venusaur|Venusaur|Venusaurite\n|move|p2b: Excadrill|High Horsepower|p1b: Venusaur\n|-damage|p1b: Venusaur|86/100\n|move|p1a: Arcanine|Will-O-Wisp|p2a: Primarina\n|-status|p2a: Primarina|brn\n|move|p1b: Venusaur|Leech Seed|p2a: Primarina|[miss]\n|-miss|p1b: Venusaur|p2a: Primarina\n|\n|-weather|Sandstorm|[upkeep]\n|-damage|p1a: Arcanine|0 fnt|[from] Sandstorm\n|-damage|p1b: Venusaur|80/100|[from] Sandstorm\n|-damage|p2a: Primarina|95/100 brn|[from] Sandstorm\n|faint|p1a: Arcanine\n|-damage|p2b: Excadrill|89/100 brn|[from] brn\n|-damage|p2a: Primarina|89/100 brn|[from] brn\n|upkeep\n|\n|t:|1776101823\n|switch|p1a: Corviknight|Corviknight, L50, M, shiny|100/100\n|turn|4\n|inactive|retrojp has 30 seconds left.\n|inactive|retrojp has 20 seconds left.\n|inactive|retrojp has 15 seconds left.\n|\n|t:|1776101866\n|move|p2b: Excadrill|Iron Head|p1b: Venusaur\n|-damage|p1b: Venusaur|68/100\n|cant|p1b: Venusaur|flinch\n|move|p2a: Primarina|Hyper Voice|p1a: Corviknight|[spread] p1a,p1b\n|-resisted|p1b: Venusaur|1\n|-damage|p1a: Corviknight|69/100\n|-damage|p1b: Venusaur|57/100\n|move|p1a: Corviknight|Tailwind|p1a: Corviknight\n|-sidestart|p1: IGNOTUS1103|move: Tailwind\n|\n|-weather|Sandstorm|[upkeep]\n|-damage|p1b: Venusaur|51/100|[from] Sandstorm\n|-damage|p2a: Primarina|83/100 brn|[from] Sandstorm\n|-heal|p1a: Corviknight|75/100|[from] item: Leftovers\n|-damage|p2b: Excadrill|83/100 brn|[from] brn\n|-damage|p2a: Primarina|77/100 brn|[from] brn\n|upkeep\n|turn|5\n|inactive|retrojp has 30 seconds left.\n|\n|t:|1776101897\n|move|p2b: Excadrill|Iron Head|p1b: Venusaur\n|-damage|p1b: Venusaur|39/100\n|move|p1b: Venusaur|Giga Drain|p2a: Primarina\n|-supereffective|p2a: Primarina|1\n|-crit|p2a: Primarina\n|-damage|p2a: Primarina|0 fnt\n|-heal|p1b: Venusaur|78/100|[from] drain|[of] p2a: Primarina\n|faint|p2a: Primarina\n|move|p1a: Corviknight|Iron Head|p2b: Excadrill\n|-resisted|p2b: Excadrill|1\n|-damage|p2b: Excadrill|63/100 brn\n|\n|-weather|none\n|-heal|p1a: Corviknight|81/100|[from] item: Leftovers\n|-damage|p2b: Excadrill|57/100 brn|[from] brn\n|upkeep\n|\n|t:|1776101916\n|switch|p2a: Sinistcha|Sinistcha, L50|100/100\n|-heal|p2b: Excadrill|81/100 brn|[from] ability: Hospitality|[of] p2a: Sinistcha\n|turn|6\n|\n|t:|1776101927\n|move|p1b: Venusaur|Leech Seed|p2b: Excadrill\n|-start|p2b: Excadrill|move: Leech Seed\n|move|p1a: Corviknight|Brave Bird|p2a: Sinistcha\n|-supereffective|p2a: Sinistcha|1\n|-crit|p2a: Sinistcha\n|-damage|p2a: Sinistcha|0 fnt\n|faint|p2a: Sinistcha\n|-damage|p1a: Corviknight|53/100|[from] Recoil\n|move|p2b: Excadrill|Iron Head|p1b: Venusaur\n|-damage|p1b: Venusaur|65/100\n|\n|-heal|p1a: Corviknight|59/100|[from] item: Leftovers\n|-damage|p2b: Excadrill|69/100 brn|[from] Leech Seed|[of] p1b: Venusaur\n|-heal|p1b: Venusaur|78/100|[silent]\n|-damage|p2b: Excadrill|63/100 brn|[from] brn\n|upkeep\n|\n|t:|1776101943\n|switch|p2a: Tyranitar|Tyranitar, L50, F|100/100\n|-weather|Sandstorm|[from] ability: Sand Stream|[of] p2a: Tyranitar\n|turn|7\n|\n|t:|1776101956\n|detailschange|p2a: Tyranitar|Tyranitar-Mega, L50, F\n|-mega|p2a: Tyranitar|Tyranitar|Tyranitarite\n|move|p2b: Excadrill|Iron Head|p1b: Venusaur\n|-damage|p1b: Venusaur|64/100\n|move|p1b: Venusaur|Giga Drain|p2a: Tyranitar\n|-supereffective|p2a: Tyranitar|1\n|-damage|p2a: Tyranitar|67/100\n|-heal|p1b: Venusaur|82/100|[from] drain|[of] p2a: Tyranitar\n|move|p1a: Corviknight|Iron Head|p2a: Tyranitar\n|-supereffective|p2a: Tyranitar|1\n|-damage|p2a: Tyranitar|32/100\n|cant|p2a: Tyranitar|flinch\n|\n|-weather|Sandstorm|[upkeep]\n|-damage|p1b: Venusaur|76/100|[from] Sandstorm\n|-heal|p1a: Corviknight|64/100|[from] item: Leftovers\n|-damage|p2b: Excadrill|51/100 brn|[from] Leech Seed|[of] p1b: Venusaur\n|-heal|p1b: Venusaur|89/100|[silent]\n|-damage|p2b: Excadrill|45/100 brn|[from] brn\n|-sideend|p1: IGNOTUS1103|move: Tailwind\n|upkeep\n|turn|8\n|inactive|retrojp has 30 seconds left.\n|c|\u2606retrojp|Gg\n|inactive|retrojp has 20 seconds left.\n|-message|retrojp forfeited.\n|\n|win|IGNOTUS1103\n|raw|IGNOTUS1103's rating: 1093 &rarr; <strong>1117</strong><br />(+24 for winning)\n|raw|retrojp's rating: 1070 &rarr; <strong>1051</strong><br />(-19 for losing)\n",
  "uploadtime": 1776101998,
  "views": 14,
  "formatid": "gen9championsvgc2026regma",
  "rating": 1051,
  "private": 0,
  "password": null
}