{
  "id": "gen9championsvgc2026regma-2587776518",
  "format": "[Gen 9 Champions] VGC 2026 Reg M-A",
  "players": [
    "fudgemaster0",
    "koxicity"
  ],
  "log": "|j|\u2606fudgemaster0\n|j|\u2606koxicity\n|t:|1776562879\n|gametype|doubles\n|player|p1|fudgemaster0|169|1080\n|player|p2|koxicity|266|1081\n|gen|9\n|tier|[Gen 9 Champions] VGC 2026 Reg M-A\n|rated|\n|rule|Species Clause: Limit one of each Pok\u00e9mon\n|rule|Item Clause: Limit 1 of each item\n|clearpoke\n|poke|p1|Crabominable, L50, F|\n|poke|p1|Slowking, L50, M|\n|poke|p1|Beartic, L50, F|\n|poke|p1|Froslass, L50, F|\n|poke|p1|Tsareena, L50, F|\n|poke|p1|Incineroar, L50, F|\n|poke|p2|Kangaskhan, L50, F|\n|poke|p2|Sneasler, L50, M|\n|poke|p2|Oranguru, L50, F|\n|poke|p2|Ninetales-Alola, L50, F|\n|poke|p2|Maushold, L50|\n|poke|p2|Aggron, L50, F|\n|teampreview|4\n|\n|t:|1776562917\n|teamsize|p1|4\n|teamsize|p2|4\n|start\n|switch|p1a: Slowking|Slowking, L50, M|100/100\n|switch|p1b: Incineroar|Incineroar, L50, F|100/100\n|switch|p2a: Sneasler|Sneasler, L50, M|100/100\n|switch|p2b: Ninetales|Ninetales-Alola, L50, F|100/100\n|-weather|Snowscape|[from] ability: Snow Warning|[of] p2b: Ninetales\n|-ability|p1b: Incineroar|Intimidate|boost\n|-unboost|p2a: Sneasler|atk|1\n|-unboost|p2b: Ninetales|atk|1\n|turn|1\n|\n|t:|1776562945\n|move|p2a: Sneasler|Upper Hand|p1b: Incineroar\n|-supereffective|p1b: Incineroar|1\n|-damage|p1b: Incineroar|56/100\n|cant|p1b: Incineroar|flinch\n|move|p2b: Ninetales|Freeze-Dry|p1a: Slowking\n|-supereffective|p1a: Slowking|1\n|-damage|p1a: Slowking|64/100\n|move|p1a: Slowking|Psychic|p2a: Sneasler\n|-supereffective|p2a: Sneasler|2\n|-enditem|p2a: Sneasler|Focus Sash\n|-damage|p2a: Sneasler|1/100\n|\n|-weather|Snowscape|[upkeep]\n|upkeep\n|turn|2\n|\n|t:|1776562972\n|move|p2b: Ninetales|Blizzard|p1a: Slowking|[spread] p1a,p1b\n|-resisted|p1a: Slowking|1\n|-resisted|p1b: Incineroar|1\n|-damage|p1a: Slowking|52/100\n|-damage|p1b: Incineroar|43/100\n|move|p2a: Sneasler|Dire Claw|p1a: Slowking\n|-damage|p1a: Slowking|28/100\n|-status|p1a: Slowking|slp\n|move|p1b: Incineroar|Parting Shot|p2b: Ninetales\n|-unboost|p2b: Ninetales|atk|1\n|-unboost|p2b: Ninetales|spa|1\n|\n|t:|1776562981\n|switch|p1b: Froslass|Froslass, L50, F|100/100|[from] Parting Shot\n|cant|p1a: Slowking|slp\n|\n|-weather|Snowscape|[upkeep]\n|upkeep\n|turn|3\n|\n|t:|1776562994\n|switch|p1a: Beartic|Beartic, L50, F|100/100\n|move|p1b: Froslass|Blizzard|p2b: Ninetales|[spread] p2a,p2b\n|-resisted|p2b: Ninetales|1\n|-damage|p2a: Sneasler|0 fnt\n|-damage|p2b: Ninetales|85/100\n|faint|p2a: Sneasler\n|move|p2b: Ninetales|Aurora Veil|p2b: Ninetales\n|-sidestart|p2: koxicity|move: Aurora Veil\n|\n|-weather|Snowscape|[upkeep]\n|upkeep\n|\n|t:|1776563005\n|switch|p2a: Aggron|Aggron, L50, F|100/100\n|turn|4\n|\n|t:|1776563019\n|switch|p2b: Oranguru|Oranguru, L50, F|100/100\n|detailschange|p2a: Aggron|Aggron-Mega, L50, F\n|-mega|p2a: Aggron|Aggron|Aggronite\n|move|p1a: Beartic|Close Combat|p2a: Aggron\n|-supereffective|p2a: Aggron|1\n|-damage|p2a: Aggron|84/100\n|-unboost|p1a: Beartic|def|1\n|-unboost|p1a: Beartic|spd|1\n|move|p1b: Froslass|Shadow Ball|p2a: Aggron\n|-damage|p2a: Aggron|64/100\n|move|p2a: Aggron|Body Press|p1a: Beartic\n|-supereffective|p1a: Beartic|1\n|-damage|p1a: Beartic|0 fnt\n|faint|p1a: Beartic\n|\n|-weather|Snowscape|[upkeep]\n|upkeep\n|\n|t:|1776563034\n|switch|p1a: Incineroar|Incineroar, L50, F|43/100\n|-ability|p1a: Incineroar|Intimidate|boost\n|-unboost|p2a: Aggron|atk|1\n|-fail|p2b: Oranguru|unboost|Attack|[from] ability: Inner Focus|[of] p2b: Oranguru\n|turn|5\n|inactive|Battle timer is ON: inactive players will automatically lose when time's up. (requested by fudgemaster0)\n|\n|t:|1776563054\n|move|p2a: Aggron|Protect|p2a: Aggron\n|-singleturn|p2a: Aggron|Protect\n|move|p1a: Incineroar|Fake Out|p2a: Aggron\n|-activate|p2a: Aggron|move: Protect\n|move|p1b: Froslass|Shadow Ball|p2b: Oranguru\n|-immune|p2b: Oranguru\n|move|p2b: Oranguru|Light Screen|p2b: Oranguru\n|-sidestart|p2: koxicity|move: Light Screen\n|\n|-weather|none\n|upkeep\n|turn|6\n|\n|t:|1776563076\n|detailschange|p1b: Froslass|Froslass-Mega, L50, F\n|-mega|p1b: Froslass|Froslass|Froslassite\n|-weather|Snowscape|[from] ability: Snow Warning|[of] p1b: Froslass\n|move|p1b: Froslass|Shadow Ball|p2b: Oranguru\n|-immune|p2b: Oranguru\n|move|p1a: Incineroar|Flare Blitz|p2a: Aggron\n|-supereffective|p2a: Aggron|1\n|-damage|p2a: Aggron|38/100\n|-damage|p1a: Incineroar|35/100|[from] Recoil\n|move|p2b: Oranguru|Instruct|p2a: Aggron\n|-singleturn|p2a: Aggron|move: Instruct|[of] p2b: Oranguru\n|move|p2a: Aggron|Protect|p2a: Aggron\n|-singleturn|p2a: Aggron|Protect\n|move|p2a: Aggron|Body Press|p1b: Froslass\n|-immune|p1b: Froslass\n|\n|-weather|Snowscape|[upkeep]\n|upkeep\n|turn|7\n|inactive|koxicity has 30 seconds left.\n|\n|t:|1776563102\n|switch|p2a: Ninetales|Ninetales-Alola, L50, F|85/100\n|move|p1b: Froslass|Blizzard|p2b: Oranguru|[spread] p2a,p2b\n|-resisted|p2a: Ninetales|1\n|-damage|p2a: Ninetales|71/100\n|-damage|p2b: Oranguru|81/100\n|move|p1a: Incineroar|Flare Blitz|p2a: Ninetales\n|-supereffective|p2a: Ninetales|1\n|-enditem|p2a: Ninetales|Occa Berry|[eat]\n|-enditem|p2a: Ninetales|Occa Berry|[weaken]\n|-damage|p2a: Ninetales|27/100\n|-damage|p1a: Incineroar|25/100|[from] Recoil\n|move|p2b: Oranguru|Trick Room|p2b: Oranguru\n|-fieldstart|move: Trick Room|[of] p2b: Oranguru\n|\n|-weather|Snowscape|[upkeep]\n|-sideend|p2: koxicity|move: Aurora Veil\n|upkeep\n|turn|8\n|\n|t:|1776563126\n|move|p1a: Incineroar|Helping Hand|p1b: Froslass\n|-singleturn|p1b: Froslass|Helping Hand|[of] p1a: Incineroar\n|move|p2b: Oranguru|Reflect|p2b: Oranguru\n|-sidestart|p2: koxicity|Reflect\n|move|p2a: Ninetales|Aurora Veil|p2a: Ninetales\n|-sidestart|p2: koxicity|move: Aurora Veil\n|move|p1b: Froslass|Blizzard|p2a: Ninetales|[spread] p2a,p2b\n|-resisted|p2a: Ninetales|1\n|-damage|p2a: Ninetales|3/100\n|-damage|p2b: Oranguru|53/100\n|\n|-weather|Snowscape|[upkeep]\n|upkeep\n|turn|9\n|inactive|fudgemaster0 has 30 seconds left.\n|inactive|koxicity has 30 seconds left.\n|\n|t:|1776563161\n|move|p1a: Incineroar|Helping Hand|p1b: Froslass\n|-singleturn|p1b: Froslass|Helping Hand|[of] p1a: Incineroar\n|move|p2b: Oranguru|Instruct|p2a: Ninetales\n|-singleturn|p2a: Ninetales|move: Instruct|[of] p2b: Oranguru\n|move|p2a: Ninetales|Aurora Veil||[still]\n|-fail|p2a: Ninetales\n|move|p2a: Ninetales|Blizzard|p1a: Incineroar|[spread] p1a,p1b\n|-resisted|p1a: Incineroar|1\n|-resisted|p1b: Froslass|1\n|-damage|p1a: Incineroar|8/100\n|-damage|p1b: Froslass|80/100\n|move|p1b: Froslass|Blizzard|p2a: Ninetales|[spread] p2a,p2b\n|-resisted|p2a: Ninetales|1\n|-damage|p2a: Ninetales|0 fnt\n|-damage|p2b: Oranguru|25/100\n|faint|p2a: Ninetales\n|\n|-weather|Snowscape|[upkeep]\n|-sideend|p2: koxicity|move: Light Screen\n|upkeep\n|\n|t:|1776563179\n|switch|p2a: Aggron|Aggron-Mega, L50, F|38/100\n|turn|10\n|\n|t:|1776563192\n|move|p2a: Aggron|Rock Slide|p1b: Froslass|[spread] p1a,p1b\n|-supereffective|p1a: Incineroar|1\n|-supereffective|p1b: Froslass|1\n|-damage|p1a: Incineroar|0 fnt\n|-damage|p1b: Froslass|50/100\n|faint|p1a: Incineroar\n|move|p2b: Oranguru|Instruct|p2a: Aggron\n|-singleturn|p2a: Aggron|move: Instruct|[of] p2b: Oranguru\n|move|p2a: Aggron|Rock Slide|p1b: Froslass\n|-supereffective|p1b: Froslass|1\n|-damage|p1b: Froslass|12/100\n|move|p1b: Froslass|Blizzard|p2b: Oranguru|[spread] p2a,p2b\n|-resisted|p2a: Aggron|1\n|-damage|p2a: Aggron|25/100\n|-damage|p2b: Oranguru|6/100\n|\n|-weather|none\n|upkeep\n|\n|t:|1776563214\n|switch|p1a: Slowking|Slowking, L50, M|61/100 slp\n|turn|11\n|inactive|fudgemaster0 has 30 seconds left.\n|inactive|fudgemaster0 has 20 seconds left.\n|inactive|fudgemaster0 has 15 seconds left.\n|inactive|fudgemaster0 has 10 seconds left.\n|inactive|fudgemaster0 has 5 seconds left.\n|\n|t:|1776563267\n|-prepare|p1a: Slowking|Chilly Reception|[premajor]\n|-curestatus|p1a: Slowking|slp|[msg]\n|move|p1a: Slowking|Chilly Reception|p1a: Slowking\n|-weather|Snowscape\n|move|p2a: Aggron|Rock Slide|p1a: Slowking|[spread] p1a,p1b\n|-supereffective|p1b: Froslass|1\n|-damage|p1a: Slowking|48/100\n|-damage|p1b: Froslass|0 fnt\n|faint|p1b: Froslass\n|move|p2b: Oranguru|Instruct|p2a: Aggron\n|-singleturn|p2a: Aggron|move: Instruct|[of] p2b: Oranguru\n|move|p2a: Aggron|Rock Slide|p1a: Slowking\n|-damage|p1a: Slowking|30/100\n|\n|-weather|Snowscape|[upkeep]\n|-fieldend|move: Trick Room\n|upkeep\n|turn|12\n|\n|t:|1776563291\n|move|p2b: Oranguru|Instruct|p2a: Aggron\n|-singleturn|p2a: Aggron|move: Instruct|[of] p2b: Oranguru\n|move|p2a: Aggron|Rock Slide|p1a: Slowking\n|-crit|p1a: Slowking\n|-damage|p1a: Slowking|1/100\n|move|p2a: Aggron|Body Press|p1a: Slowking\n|-resisted|p1a: Slowking|1\n|-damage|p1a: Slowking|0 fnt\n|faint|p1a: Slowking\n|\n|win|koxicity\n|raw|fudgemaster0's rating: 1080 &rarr; <strong>1058</strong><br />(-22 for losing)\n|raw|koxicity's rating: 1081 &rarr; <strong>1109</strong><br />(+28 for winning)\n|l|\u2606fudgemaster0\n|player|p1|\n",
  "uploadtime": 1776563303,
  "views": 10,
  "formatid": "gen9championsvgc2026regma",
  "rating": 1058,
  "private": 0,
  "password": null
}