{
  "id": "gen9championsvgc2026regma-2583935343",
  "format": "[Gen 9 Champions] VGC 2026 Reg M-A",
  "players": [
    "jenzz2",
    "Kalaphant"
  ],
  "log": "|j|\u2606jenzz2\n|j|\u2606Kalaphant\n|t:|1776209721\n|gametype|doubles\n|player|p1|jenzz2|bruno|1279\n|player|p2|Kalaphant|1|1204\n|gen|9\n|tier|[Gen 9 Champions] VGC 2026 Reg M-A\n|rated|\n|rule|Species Clause: Limit one of each Pok\u00e9mon\n|rule|Item Clause: Limit 1 of each item\n|clearpoke\n|poke|p1|Meganium, L50, F|\n|poke|p1|Aerodactyl, L50, F|\n|poke|p1|Basculegion, L50, M|\n|poke|p1|Pelipper, L50, F|\n|poke|p1|Aegislash, L50, F|\n|poke|p1|Tyranitar, L50, M|\n|poke|p2|Floette-Eternal, L50, F|\n|poke|p2|Incineroar, L50, M|\n|poke|p2|Charizard, L50, F|\n|poke|p2|Sneasler, L50, F|\n|poke|p2|Sinistcha, L50|\n|poke|p2|Garchomp, L50, M|\n|teampreview|4\n|inactive|Battle timer is ON: inactive players will automatically lose when time's up. (requested by Kalaphant)\nKalaphant has agreed to open team sheets.\n|c|\u2606Kalaphant|glhf\n|inactive|jenzz2 has 60 seconds left.\n|\n|t:|1776209776\n|teamsize|p1|4\n|teamsize|p2|4\n|start\n|switch|p1a: Aerodactyl|Aerodactyl, L50, F|100/100\n|switch|p1b: Tyranitar|Tyranitar, L50, M|100/100\n|switch|p2a: Floette|Floette-Eternal, L50, F|100/100\n|switch|p2b: Incineroar|Incineroar, L50, M|100/100\n|-ability|p1a: Aerodactyl|Unnerve\n|-weather|Sandstorm|[from] ability: Sand Stream|[of] p1b: Tyranitar\n|-ability|p2b: Incineroar|Intimidate|boost\n|-unboost|p1a: Aerodactyl|atk|1\n|-unboost|p1b: Tyranitar|atk|1\n|turn|1\n|inactive|jenzz2 has 30 seconds left.\n|inactive|Kalaphant has 30 seconds left.\n|inactive|jenzz2 has 20 seconds left.\n|inactive|jenzz2 has 15 seconds left.\n|inactive|jenzz2 has 10 seconds left.\n|\n|t:|1776209822\n|switch|p1a: Basculegion|Basculegion, L50, M|100/100\n|switch|p1b: Pelipper|Pelipper, L50, F|100/100\n|-weather|RainDance|[from] ability: Drizzle|[of] p1b: Pelipper\n|detailschange|p2a: Floette|Floette-Mega, L50, F\n|-mega|p2a: Floette|Floette|Floettite\n|-ability|p2a: Floette|Fairy Aura\n|move|p2b: Incineroar|Fake Out|p1a: Basculegion\n|-immune|p1a: Basculegion\n|move|p2a: Floette|Dazzling Gleam|p1b: Pelipper|[spread] p1a,p1b\n|-damage|p1a: Basculegion|51/100\n|-damage|p1b: Pelipper|11/100\n|\n|-weather|RainDance|[upkeep]\n|upkeep\n|turn|2\n|\n|t:|1776209846\n|move|p2a: Floette|Protect|p2a: Floette\n|-singleturn|p2a: Floette|Protect\n|move|p1a: Basculegion|Wave Crash|p2a: Floette\n|-activate|p2a: Floette|move: Protect\n|move|p1b: Pelipper|Weather Ball|p2b: Incineroar\n|-supereffective|p2b: Incineroar|1\n|-damage|p2b: Incineroar|5/100\n|move|p2b: Incineroar|Parting Shot|p1a: Basculegion\n|-unboost|p1a: Basculegion|atk|1\n|-unboost|p1a: Basculegion|spa|1\n|\n|t:|1776209861\n|switch|p2b: Sinistcha|Sinistcha, L50|100/100|[from] Parting Shot\n|\n|-weather|RainDance|[upkeep]\n|upkeep\n|turn|3\n|inactive|jenzz2 has 30 seconds left.\n|inactive|jenzz2 has 20 seconds left.\n|inactive|jenzz2 has 15 seconds left.\n|\n|t:|1776209904\n|move|p2b: Sinistcha|Rage Powder|p2b: Sinistcha\n|-singleturn|p2b: Sinistcha|move: Rage Powder\n|move|p1a: Basculegion|Last Respects|p2b: Sinistcha\n|-supereffective|p2b: Sinistcha|1\n|-damage|p2b: Sinistcha|69/100\n|move|p1b: Pelipper|Weather Ball|p2b: Sinistcha\n|-resisted|p2b: Sinistcha|1\n|-damage|p2b: Sinistcha|40/100\n|-enditem|p2b: Sinistcha|Sitrus Berry|[eat]\n|-heal|p2b: Sinistcha|65/100|[from] item: Sitrus Berry\n|move|p2a: Floette|Dazzling Gleam|p1a: Basculegion|[spread] p1a,p1b\n|-damage|p1a: Basculegion|0 fnt\n|-damage|p1b: Pelipper|0 fnt\n|faint|p1a: Basculegion\n|faint|p1b: Pelipper\n|\n|-weather|RainDance|[upkeep]\n|upkeep\n|j| Chef204\n|l| Chef204\n|\n|t:|1776209921\n|switch|p1a: Tyranitar|Tyranitar, L50, M|100/100\n|switch|p1b: Aerodactyl|Aerodactyl, L50, F|100/100\n|-ability|p1b: Aerodactyl|Unnerve\n|-weather|Sandstorm|[from] ability: Sand Stream|[of] p1a: Tyranitar\n|turn|4\n|inactive|jenzz2 has 30 seconds left.\n|\n|t:|1776209953\n|detailschange|p1a: Tyranitar|Tyranitar-Mega, L50, M\n|-mega|p1a: Tyranitar|Tyranitar|Tyranitarite\n|move|p1b: Aerodactyl|Rock Slide|p2a: Floette|[spread] p2a,p2b\n|-damage|p2a: Floette|70/100\n|-damage|p2b: Sinistcha|45/100\n|move|p2a: Floette|Dazzling Gleam|p1a: Tyranitar|[spread] p1a,p1b\n|-supereffective|p1a: Tyranitar|1\n|-damage|p1a: Tyranitar|54/100\n|-damage|p1b: Aerodactyl|51/100\n|move|p1a: Tyranitar|Rock Slide|p2b: Sinistcha|[spread] p2a,p2b\n|-damage|p2a: Floette|24/100\n|-damage|p2b: Sinistcha|17/100\n|move|p2b: Sinistcha|Matcha Gotcha|p1b: Aerodactyl|[spread] p1a,p1b\n|-supereffective|p1a: Tyranitar|1\n|-damage|p1a: Tyranitar|31/100\n|-heal|p2b: Sinistcha|30/100|[from] drain|[of] p1a: Tyranitar\n|-damage|p1b: Aerodactyl|29/100\n|-heal|p2b: Sinistcha|39/100|[from] drain|[of] p1b: Aerodactyl\n|-status|p1a: Tyranitar|brn\n|\n|-weather|Sandstorm|[upkeep]\n|-damage|p2a: Floette|18/100|[from] Sandstorm\n|-damage|p2b: Sinistcha|33/100|[from] Sandstorm\n|-damage|p1a: Tyranitar|24/100 brn|[from] brn\n|upkeep\n|turn|5\n|inactive|jenzz2 has 30 seconds left.\n|inactive|Kalaphant has 30 seconds left.\n|\n|t:|1776209985\n|switch|p2b: Incineroar|Incineroar, L50, M|5/100\n|-ability|p2b: Incineroar|Intimidate|boost\n|-unboost|p1a: Tyranitar|atk|1\n|-unboost|p1b: Aerodactyl|atk|1\n|move|p1b: Aerodactyl|Tailwind|p1b: Aerodactyl\n|-sidestart|p1: jenzz2|move: Tailwind\n|move|p1a: Tyranitar|Knock Off|p2b: Incineroar\n|-resisted|p2b: Incineroar|1\n|-damage|p2b: Incineroar|0 fnt\n|-enditem|p2b: Incineroar|Chople Berry|[from] move: Knock Off|[of] p1a: Tyranitar\n|faint|p2b: Incineroar\n|move|p2a: Floette|Dazzling Gleam|p1a: Tyranitar|[spread] p1a,p1b\n|-supereffective|p1a: Tyranitar|1\n|-damage|p1a: Tyranitar|0 fnt\n|-damage|p1b: Aerodactyl|0 fnt\n|faint|p1a: Tyranitar\n|faint|p1b: Aerodactyl\n|\n|win|Kalaphant\n|raw|jenzz2's rating: 1279 &rarr; <strong>1249</strong><br />(-30 for losing)\n|raw|Kalaphant's rating: 1204 &rarr; <strong>1234</strong><br />(+30 for winning)\n",
  "uploadtime": 1776209985,
  "views": 23,
  "formatid": "gen9championsvgc2026regma",
  "rating": 1234,
  "private": 0,
  "password": null
}