{
  "id": "gen9championsvgc2026regma-2587807918",
  "format": "[Gen 9 Champions] VGC 2026 Reg M-A",
  "players": [
    "lOI0IOl",
    "zhz2021"
  ],
  "log": "|j|\u2606lOI0IOl\n|j|\u2606zhz2021\n|t:|1776566069\n|gametype|doubles\n|player|p1|lOI0IOl|169|1461\n|player|p2|zhz2021|marley|1580\n|gen|9\n|tier|[Gen 9 Champions] VGC 2026 Reg M-A\n|rated|\n|rule|Species Clause: Limit one of each Pok\u00e9mon\n|rule|Item Clause: Limit 1 of each item\n|clearpoke\n|poke|p1|Meowscarada, L50, M|\n|poke|p1|Talonflame, L50, M|\n|poke|p1|Floette-Eternal, L50, F|\n|poke|p1|Garchomp, L50, M|\n|poke|p1|Delphox, L50, M|\n|poke|p1|Raichu, L50, F|\n|poke|p2|Sableye, L50, F|\n|poke|p2|Archaludon, L50, F|\n|poke|p2|Scovillain, L50, F, shiny|\n|poke|p2|Basculegion-F, L50, F, shiny|\n|poke|p2|Pelipper, L50, F|\n|poke|p2|Mamoswine, L50, M|\n|teampreview|4\n|inactive|Battle timer is ON: inactive players will automatically lose when time's up. (requested by lOI0IOl)\n|inactive|lOI0IOl has 60 seconds left.\n|inactive|zhz2021 has 60 seconds left.\n|\n|t:|1776566103\n|teamsize|p1|4\n|teamsize|p2|4\n|start\n|switch|p1a: Talonflame|Talonflame, L50, M|100/100\n|switch|p1b: Floette|Floette-Eternal, L50, F|100/100\n|switch|p2a: Archaludon|Archaludon, L50, F|100/100\n|switch|p2b: Pelipper|Pelipper, L50, F|100/100\n|-weather|RainDance|[from] ability: Drizzle|[of] p2b: Pelipper\n|turn|1\n|inactive|zhz2021 has 30 seconds left.\n|\n|t:|1776566129\n|detailschange|p1b: Floette|Floette-Mega, L50, F\n|-mega|p1b: Floette|Floette|Floettite\n|-ability|p1b: Floette|Fairy Aura\n|move|p1a: Talonflame|Tailwind|p1a: Talonflame\n|-sidestart|p1: lOI0IOl|move: Tailwind\n|move|p1b: Floette|Light of Ruin|p2a: Archaludon\n|-damage|p2a: Archaludon|0 fnt\n|faint|p2a: Archaludon\n|-damage|p1b: Floette|37/100|[from] Recoil\n|move|p2b: Pelipper|Soak|p1b: Floette\n|-start|p1b: Floette|typechange|Water\n|\n|-weather|RainDance|[upkeep]\n|upkeep\n|\n|t:|1776566141\n|switch|p2a: Sableye|Sableye, L50, F|100/100\n|turn|2\n|\n|t:|1776566158\n|move|p1a: Talonflame|Acrobatics|p2b: Pelipper\n|-damage|p2b: Pelipper|50/100\n|move|p2a: Sableye|Encore|p1b: Floette\n|-start|p1b: Floette|Encore\n|move|p1b: Floette|Light of Ruin|p2a: Sableye|[miss]\n|-miss|p1b: Floette|p2a: Sableye\n|move|p2b: Pelipper|Tailwind|p2b: Pelipper\n|-sidestart|p2: zhz2021|move: Tailwind\n|\n|-weather|RainDance|[upkeep]\n|upkeep\n|turn|3\n|inactive|zhz2021 has 30 seconds left.\n|inactive|zhz2021 has 20 seconds left.\n|\n|t:|1776566194\n|move|p1a: Talonflame|Acrobatics|p2b: Pelipper\n|-damage|p2b: Pelipper|0 fnt\n|faint|p2b: Pelipper\n|move|p2a: Sableye|Disable|p1b: Floette\n|-start|p1b: Floette|Disable|Light of Ruin\n|cant|p1b: Floette|Disable|Light of Ruin\n|\n|-weather|RainDance|[upkeep]\n|upkeep\n|j| Choklit Milk\n|\n|t:|1776566196\n|switch|p2b: Scovillain|Scovillain, L50, F, shiny|100/100\n|turn|4\n|l| Choklit Milk\n|\n|t:|1776566211\n|switch|p1b: Garchomp|Garchomp, L50, M|100/100\n|move|p2b: Scovillain|Protect|p2b: Scovillain\n|-singleturn|p2b: Scovillain|Protect\n|move|p1a: Talonflame|Acrobatics|p2b: Scovillain\n|-activate|p2b: Scovillain|move: Protect\n|move|p2a: Sableye|Foul Play|p1a: Talonflame\n|-damage|p1a: Talonflame|44/100\n|\n|-weather|RainDance|[upkeep]\n|-sideend|p1: lOI0IOl|move: Tailwind\n|-ability|p2b: Scovillain|Moody|boost\n|-boost|p2b: Scovillain|spa|2\n|-unboost|p2b: Scovillain|spe|1\n|upkeep\n|turn|5\n|\n|t:|1776566227\n|detailschange|p2b: Scovillain|Scovillain-Mega, L50, F, shiny\n|-mega|p2b: Scovillain|Scovillain|Scovillainite\n|move|p2a: Sableye|Disable|p1a: Talonflame\n|-start|p1a: Talonflame|Disable|Acrobatics\n|cant|p1a: Talonflame|Disable|Acrobatics\n|move|p1b: Garchomp|Rock Slide|p2a: Sableye|[spread] p2a,p2b\n|-supereffective|p2b: Scovillain|1\n|-damage|p2a: Sableye|75/100\n|-damage|p2b: Scovillain|60/100\n|-status|p1b: Garchomp|brn|[from] ability: Spicy Spray|[of] p2b: Scovillain\n|move|p2b: Scovillain|Giga Drain|p1b: Garchomp\n|-damage|p1b: Garchomp|15/100 brn\n|-heal|p2b: Scovillain|100/100|[from] drain|[of] p1b: Garchomp\n|\n|-weather|none\n|-damage|p1b: Garchomp|9/100 brn|[from] brn\n|-sideend|p2: zhz2021|move: Tailwind\n|upkeep\n|turn|6\n|\n|t:|1776566251\n|move|p1a: Talonflame|Tailwind|p1a: Talonflame\n|-sidestart|p1: lOI0IOl|move: Tailwind\n|move|p1b: Garchomp|Rock Slide|p2b: Scovillain|[spread] p2a,p2b\n|-supereffective|p2b: Scovillain|1\n|-damage|p2a: Sableye|62/100\n|-damage|p2b: Scovillain|81/100\n|move|p2a: Sableye|Foul Play|p1a: Talonflame\n|-damage|p1a: Talonflame|0 fnt\n|faint|p1a: Talonflame\n|move|p2b: Scovillain|Giga Drain|p1b: Garchomp\n|-damage|p1b: Garchomp|0 fnt\n|-heal|p2b: Scovillain|85/100|[from] drain|[of] p1b: Garchomp\n|faint|p1b: Garchomp\n|\n|upkeep\n|\n|t:|1776566266\n|switch|p1a: Floette|Floette-Mega, L50, F|37/100\n|switch|p1b: Meowscarada|Meowscarada, L50, M|100/100\n|-ability|p1a: Floette|Fairy Aura\n|turn|7\n|\n|t:|1776566282\n|move|p1b: Meowscarada|Flower Trick|p2a: Sableye\n|-crit|p2a: Sableye\n|-damage|p2a: Sableye|0 fnt\n|faint|p2a: Sableye\n|move|p1a: Floette|Dazzling Gleam|p2b: Scovillain\n|-resisted|p2b: Scovillain|1\n|-damage|p2b: Scovillain|55/100\n|-status|p1a: Floette|brn|[from] ability: Spicy Spray|[of] p2b: Scovillain\n|move|p2b: Scovillain|Giga Drain|p1a: Floette\n|-damage|p1a: Floette|0 fnt\n|-heal|p2b: Scovillain|71/100|[from] drain|[of] p1a: Floette\n|faint|p1a: Floette\n|\n|upkeep\n|turn|8\n|\n|t:|1776566298\n|move|p1b: Meowscarada|Flower Trick|p2b: Scovillain\n|-resisted|p2b: Scovillain|2\n|-crit|p2b: Scovillain\n|-damage|p2b: Scovillain|58/100\n|-status|p1b: Meowscarada|brn|[from] ability: Spicy Spray|[of] p2b: Scovillain\n|move|p2b: Scovillain|Overheat|p1b: Meowscarada|[miss]\n|-miss|p2b: Scovillain|p1b: Meowscarada\n|\n|-damage|p1b: Meowscarada|95/100 brn|[from] brn\n|upkeep\n|turn|9\n|\n|t:|1776566321\n|move|p1b: Meowscarada|Sucker Punch|p2b: Scovillain\n|-damage|p2b: Scovillain|42/100\n|move|p2b: Scovillain|Overheat|p1b: Meowscarada\n|-supereffective|p1b: Meowscarada|1\n|-damage|p1b: Meowscarada|0 fnt\n|-unboost|p2b: Scovillain|spa|2\n|faint|p1b: Meowscarada\n|\n|win|zhz2021\n|raw|lOI0IOl's rating: 1461 &rarr; <strong>1448</strong><br />(-13 for losing)\n|raw|zhz2021's rating: 1594 &rarr; <strong>1607</strong><br />(+13 for winning)\n|l|\u2606lOI0IOl\n|player|p1|\n|l|\u2606zhz2021\n|player|p2|\n",
  "uploadtime": 1776566328,
  "views": 15,
  "formatid": "gen9championsvgc2026regma",
  "rating": 1448,
  "private": 0,
  "password": null
}