{
  "id": "gen9championsvgc2026regma-2583676775",
  "format": "[Gen 9 Champions] VGC 2026 Reg M-A",
  "players": [
    "doodlehed",
    "Kirbo5500"
  ],
  "log": "|j|\u2606doodlehed\n|j|\u2606Kirbo5500\n|t:|1776190410\n|gametype|doubles\n|player|p1|doodlehed|101|1061\n|player|p2|Kirbo5500|2|1063\n|gen|9\n|tier|[Gen 9 Champions] VGC 2026 Reg M-A\n|rated|\n|rule|Species Clause: Limit one of each Pok\u00e9mon\n|rule|Item Clause: Limit 1 of each item\n|clearpoke\n|poke|p1|Scizor, L50, M|\n|poke|p1|Azumarill, L50, M|\n|poke|p1|Maushold-Four, L50|\n|poke|p1|Garchomp, L50, F|\n|poke|p1|Weavile, L50, M|\n|poke|p1|Arcanine, L50, F|\n|poke|p2|Meganium, L50, F|\n|poke|p2|Primarina, L50, F|\n|poke|p2|Incineroar, L50, M|\n|poke|p2|Hawlucha, L50, M|\n|poke|p2|Garchomp, L50, M|\n|poke|p2|Vivillon-Sun, L50, F|\n|teampreview|4\n|inactive|Battle timer is ON: inactive players will automatically lose when time's up. (requested by doodlehed)\n|inactive|doodlehed has 60 seconds left.\n|inactive|Kirbo5500 has 60 seconds left.\n|\n|t:|1776190462\n|teamsize|p1|4\n|teamsize|p2|4\n|start\n|switch|p1a: Maushold|Maushold-Four, L50|100/100\n|switch|p1b: Azumarill|Azumarill, L50, M, shiny|100/100\n|switch|p2a: Hawlucha|Hawlucha, L50, M, shiny|100/100\n|switch|p2b: Vivillon|Vivillon-Sun, L50, F|100/100\n|-ability|p2a: Hawlucha|Mold Breaker\n|turn|1\n|\n|t:|1776190486\n|move|p2a: Hawlucha|Protect|p2a: Hawlucha\n|-singleturn|p2a: Hawlucha|Protect\n|move|p1a: Maushold|Encore|p2a: Hawlucha\n|-activate|p2a: Hawlucha|move: Protect\n|move|p2b: Vivillon|Sleep Powder|p1b: Azumarill\n|-status|p1b: Azumarill|slp|[from] move: Sleep Powder\n|cant|p1b: Azumarill|slp\n|\n|upkeep\n|turn|2\n|\n|t:|1776190504\n|cant|p1b: Azumarill|slp\n|move|p1a: Maushold|Follow Me|p1a: Maushold\n|-singleturn|p1a: Maushold|move: Follow Me\n|move|p2a: Hawlucha|High Jump Kick|p1a: Maushold\n|-supereffective|p1a: Maushold|1\n|-crit|p1a: Maushold\n|-enditem|p1a: Maushold|Focus Sash\n|-damage|p1a: Maushold|1/100\n|move|p2b: Vivillon|Tailwind|p2b: Vivillon\n|-sidestart|p2: Kirbo5500|move: Tailwind\n|\n|upkeep\n|turn|3\n|\n|t:|1776190528\n|switch|p1a: Arcanine|Arcanine, L50, F|100/100\n|move|p2a: Hawlucha|Stone Edge|p1b: Azumarill\n|-damage|p1b: Azumarill|73/100 slp\n|move|p2b: Vivillon|Hurricane|p1b: Azumarill\n|-damage|p1b: Azumarill|28/100 slp\n|-enditem|p1b: Azumarill|Sitrus Berry|[eat]\n|-heal|p1b: Azumarill|53/100 slp|[from] item: Sitrus Berry\n|-curestatus|p1b: Azumarill|slp|[msg]\n|move|p1b: Azumarill|Belly Drum|p1b: Azumarill\n|-damage|p1b: Azumarill|3/100\n|-setboost|p1b: Azumarill|atk|6|[from] move: Belly Drum\n|\n|upkeep\n|turn|4\n|inactive|doodlehed has 30 seconds left.\n|inactive|Kirbo5500 has 30 seconds left.\n|c|\u2606Kirbo5500|OH I NEVER MEGA LMFAO\n|inactive|Kirbo5500 has 20 seconds left.\n|inactive|Kirbo5500 has 15 seconds left.\n|\n|t:|1776190568\n|detailschange|p2a: Hawlucha|Hawlucha-Mega, L50, M, shiny\n|-mega|p2a: Hawlucha|Hawlucha|Hawluchanite\n|move|p2a: Hawlucha|Protect|p2a: Hawlucha\n|-singleturn|p2a: Hawlucha|Protect\n|move|p1b: Azumarill|Aqua Jet|p2b: Vivillon\n|-enditem|p2b: Vivillon|Focus Sash\n|-damage|p2b: Vivillon|1/100\n|move|p2b: Vivillon|Sleep Powder|p1a: Arcanine\n|-status|p1a: Arcanine|slp|[from] move: Sleep Powder\n|cant|p1a: Arcanine|slp\n|\n|upkeep\n|turn|5\n|\n|t:|1776190585\n|switch|p2b: Primarina|Primarina, L50, F|100/100\n|-curestatus|p1a: Arcanine|slp|[msg]\n|move|p1a: Arcanine|Extreme Speed|p2a: Hawlucha\n|-damage|p2a: Hawlucha|76/100\n|move|p1b: Azumarill|Aqua Jet|p2b: Primarina\n|-resisted|p2b: Primarina|1\n|-damage|p2b: Primarina|41/100\n|move|p2a: Hawlucha|High Jump Kick|p1b: Azumarill\n|-resisted|p1b: Azumarill|1\n|-damage|p1b: Azumarill|0 fnt\n|faint|p1b: Azumarill\n|\n|-sideend|p2: Kirbo5500|move: Tailwind\n|upkeep\n|\n|t:|1776190598\n|switch|p1b: Maushold|Maushold-Four, L50|1/100\n|turn|6\n|\n|t:|1776190611\n|move|p2a: Hawlucha|Stone Edge|p1a: Arcanine\n|-supereffective|p1a: Arcanine|1\n|-damage|p1a: Arcanine|48/100\n|move|p1b: Maushold|Beat Up|p1a: Arcanine\n|-damage|p1a: Arcanine|45/100\n|-ability|p1a: Arcanine|Justified|boost\n|-boost|p1a: Arcanine|atk|1\n|-damage|p1a: Arcanine|44/100\n|-ability|p1a: Arcanine|Justified|boost\n|-boost|p1a: Arcanine|atk|1\n|-damage|p1a: Arcanine|41/100\n|-ability|p1a: Arcanine|Justified|boost\n|-boost|p1a: Arcanine|atk|1\n|-hitcount|p1a: Arcanine|3\n|move|p1a: Arcanine|Wild Charge|p2b: Primarina\n|-supereffective|p2b: Primarina|1\n|-damage|p2b: Primarina|0 fnt\n|faint|p2b: Primarina\n|-damage|p1a: Arcanine|30/100|[from] Recoil\n|\n|-heal|p1a: Arcanine|36/100|[from] item: Leftovers\n|upkeep\n|\n|t:|1776190622\n|switch|p2b: Incineroar|Incineroar, L50, M|100/100\n|-ability|p2b: Incineroar|Intimidate|boost\n|-unboost|p1a: Arcanine|atk|1\n|-unboost|p1b: Maushold|atk|1\n|turn|7\n|\n|t:|1776190646\n|move|p2b: Incineroar|Fake Out|p1b: Maushold\n|-damage|p1b: Maushold|0 fnt\n|faint|p1b: Maushold\n|move|p1a: Arcanine|Extreme Speed|p2b: Incineroar\n|-damage|p2b: Incineroar|60/100\n|move|p2a: Hawlucha|High Jump Kick|p1a: Arcanine\n|-damage|p1a: Arcanine|0 fnt\n|faint|p1a: Arcanine\n|\n|upkeep\n|\n|t:|1776190657\n|switch|p1b: Weavile|Weavile, L50, M|100/100\n|-ability|p1b: Weavile|Pressure\n|turn|8\n|\n|t:|1776190667\n|move|p1b: Weavile|Icicle Crash|p2a: Hawlucha\n|-supereffective|p2a: Hawlucha|1\n|-damage|p2a: Hawlucha|0 fnt\n|faint|p2a: Hawlucha\n|move|p2b: Incineroar|Flare Blitz|p1b: Weavile\n|-supereffective|p1b: Weavile|1\n|-damage|p1b: Weavile|0 fnt\n|faint|p1b: Weavile\n|-damage|p2b: Incineroar|36/100|[from] Recoil\n|-enditem|p2b: Incineroar|Sitrus Berry|[eat]\n|-heal|p2b: Incineroar|61/100|[from] item: Sitrus Berry\n|\n|win|Kirbo5500\n|raw|doodlehed's rating: 1061 &rarr; <strong>1042</strong><br />(-19 for losing)\n|raw|Kirbo5500's rating: 1063 &rarr; <strong>1093</strong><br />(+30 for winning)\n",
  "uploadtime": 1776190671,
  "views": 17,
  "formatid": "gen9championsvgc2026regma",
  "rating": 1042,
  "private": 0,
  "password": null
}