{
  "id": "gen9championsvgc2026regma-2585740382",
  "format": "[Gen 9 Champions] VGC 2026 Reg M-A",
  "players": [
    "whaleslord",
    "Jorjjj"
  ],
  "log": "|j|\u2606whaleslord\n|j|\u2606Jorjjj\n|t:|1776367322\n|gametype|doubles\n|player|p1|whaleslord|marlon|1470\n|player|p2|Jorjjj|170|1384\n|gen|9\n|tier|[Gen 9 Champions] VGC 2026 Reg M-A\n|rated|\n|rule|Species Clause: Limit one of each Pok\u00e9mon\n|rule|Item Clause: Limit 1 of each item\n|clearpoke\n|poke|p1|Charizard, L50, M|\n|poke|p1|Venusaur, L50, M|\n|poke|p1|Garchomp, L50, M|\n|poke|p1|Mimikyu, L50, F|\n|poke|p1|Rotom-Wash, L50|\n|poke|p1|Skarmory, L50, F|\n|poke|p2|Pelipper, L50, F|\n|poke|p2|Sinistcha, L50|\n|poke|p2|Sylveon, L50, F|\n|poke|p2|Hydreigon, L50, F|\n|poke|p2|Basculegion, L50, M|\n|poke|p2|Aggron, L50, F|\n|teampreview|4\n|inactive|Battle timer is ON: inactive players will automatically lose when time's up. (requested by Jorjjj)\n|inactive|whaleslord has 60 seconds left.\n|\n|t:|1776367404\n|teamsize|p1|4\n|teamsize|p2|4\n|start\n|switch|p1a: Charizard|Charizard, L50, M|100/100\n|switch|p1b: Venusaur|Venusaur, L50, M|100/100\n|switch|p2a: Basculegion|Basculegion, L50, M|100/100\n|switch|p2b: Hydreigon|Hydreigon, L50, F|100/100\n|turn|1\n|\n|t:|1776367423\n|switch|p2a: Sinistcha|Sinistcha, L50|100/100\n|move|p1a: Charizard|Protect|p1a: Charizard\n|-singleturn|p1a: Charizard|Protect\n|move|p2b: Hydreigon|Snarl|p1a: Charizard|[spread] p1b\n|-activate|p1a: Charizard|move: Protect\n|-damage|p1b: Venusaur|79/100\n|-unboost|p1b: Venusaur|spa|1\n|move|p1b: Venusaur|Energy Ball|p2a: Sinistcha\n|-resisted|p2a: Sinistcha|1\n|-damage|p2a: Sinistcha|86/100\n|\n|upkeep\n|turn|2\n|\n|t:|1776367441\n|switch|p1b: Rotom|Rotom-Wash, L50|100/100\n|detailschange|p1a: Charizard|Charizard-Mega-Y, L50, M\n|-mega|p1a: Charizard|Charizard|Charizardite Y\n|-weather|SunnyDay|[from] ability: Drought|[of] p1a: Charizard\n|move|p2a: Sinistcha|Protect|p2a: Sinistcha\n|-singleturn|p2a: Sinistcha|Protect\n|move|p1a: Charizard|Weather Ball|p2a: Sinistcha\n|-activate|p2a: Sinistcha|move: Protect\n|move|p2b: Hydreigon|Snarl|p1a: Charizard|[spread] p1a,p1b\n|-damage|p1a: Charizard|81/100\n|-damage|p1b: Rotom|80/100\n|-unboost|p1a: Charizard|spa|1\n|-unboost|p1b: Rotom|spa|1\n|\n|-weather|SunnyDay|[upkeep]\n|upkeep\n|turn|3\n|inactive|whaleslord has 30 seconds left.\n|inactive|Jorjjj has 30 seconds left.\n|inactive|Jorjjj has 20 seconds left.\n|\n|t:|1776367481\n|switch|p1a: Mimikyu|Mimikyu, L50, F|100/100\n|switch|p2a: Pelipper|Pelipper, L50, F|100/100\n|-weather|RainDance|[from] ability: Drizzle|[of] p2a: Pelipper\n|move|p1b: Rotom|Volt Switch|p2b: Hydreigon\n|-resisted|p2b: Hydreigon|1\n|-damage|p2b: Hydreigon|92/100\n|\n|t:|1776367492\n|switch|p1b: Charizard|Charizard-Mega-Y, L50, M|81/100|[from] Volt Switch\n|-weather|SunnyDay|[from] ability: Drought|[of] p1b: Charizard\n|move|p2b: Hydreigon|Dark Pulse|p1b: Charizard\n|-damage|p1b: Charizard|47/100\n|\n|-weather|SunnyDay|[upkeep]\n|upkeep\n|turn|4\n|inactive|Jorjjj has 30 seconds left.\n|\n|t:|1776367522\n|move|p1b: Charizard|Protect|p1b: Charizard\n|-singleturn|p1b: Charizard|Protect\n|move|p2b: Hydreigon|Protect|p2b: Hydreigon\n|-singleturn|p2b: Hydreigon|Protect\n|move|p2a: Pelipper|Hurricane|p1b: Charizard\n|-activate|p1b: Charizard|move: Protect\n|move|p1a: Mimikyu|Trick Room|p1a: Mimikyu\n|-fieldstart|move: Trick Room|[of] p1a: Mimikyu\n|\n|-weather|SunnyDay|[upkeep]\n|upkeep\n|turn|5\n|\n|t:|1776367543\n|switch|p1b: Rotom|Rotom-Wash, L50|80/100\n|move|p1a: Mimikyu|Play Rough|p2b: Hydreigon\n|-supereffective|p2b: Hydreigon|2\n|-damage|p2b: Hydreigon|0 fnt\n|faint|p2b: Hydreigon\n|move|p2a: Pelipper|Hurricane|p1a: Mimikyu|[miss]\n|-miss|p2a: Pelipper|p1a: Mimikyu\n|\n|-weather|SunnyDay|[upkeep]\n|upkeep\n|\n|t:|1776367553\n|switch|p2b: Sinistcha|Sinistcha, L50|86/100\n|turn|6\n|\n|t:|1776367574\n|move|p2a: Pelipper|Protect|p2a: Pelipper\n|-singleturn|p2a: Pelipper|Protect\n|move|p2b: Sinistcha|Matcha Gotcha|p1b: Rotom|[spread] p1b\n|-miss|p2b: Sinistcha|p1a: Mimikyu\n|-supereffective|p1b: Rotom|1\n|-damage|p1b: Rotom|33/100\n|-heal|p2b: Sinistcha|100/100|[from] drain|[of] p1b: Rotom\n|-status|p1b: Rotom|brn\n|move|p1a: Mimikyu|Shadow Claw|p2b: Sinistcha\n|-supereffective|p2b: Sinistcha|1\n|-damage|p2b: Sinistcha|33/100\n|-enditem|p2b: Sinistcha|Sitrus Berry|[eat]\n|-heal|p2b: Sinistcha|58/100|[from] item: Sitrus Berry\n|move|p1b: Rotom|Volt Switch|p2a: Pelipper\n|-activate|p2a: Pelipper|move: Protect\n|\n|-weather|SunnyDay|[upkeep]\n|-damage|p1b: Rotom|27/100 brn|[from] brn\n|upkeep\n|turn|7\n|\n|t:|1776367595\n|switch|p2a: Basculegion|Basculegion, L50, M|100/100\n|switch|p1b: Venusaur|Venusaur, L50, M|79/100\n|move|p2b: Sinistcha|Matcha Gotcha|p1b: Venusaur|[spread] p1a,p1b\n|-resisted|p1b: Venusaur|2\n|-activate|p1a: Mimikyu|ability: Disguise\n|-damage|p1a: Mimikyu|100/100\n|-damage|p1b: Venusaur|72/100\n|-heal|p2b: Sinistcha|61/100|[from] drain|[of] p1b: Venusaur\n|detailschange|p1a: Mimikyu|Mimikyu-Busted, L50, F\n|-damage|p1a: Mimikyu|88/100|[from] pokemon: Mimikyu-Busted\n|move|p1a: Mimikyu|Shadow Claw|p2b: Sinistcha\n|-supereffective|p2b: Sinistcha|1\n|-damage|p2b: Sinistcha|0 fnt\n|faint|p2b: Sinistcha\n|\n|-weather|none\n|upkeep\n|\n|t:|1776367609\n|switch|p2b: Pelipper|Pelipper, L50, F|100/100\n|-weather|RainDance|[from] ability: Drizzle|[of] p2b: Pelipper\n|turn|8\n|\n|t:|1776367618\n|move|p1b: Venusaur|Protect|p1b: Venusaur\n|-singleturn|p1b: Venusaur|Protect\n|move|p1a: Mimikyu|Shadow Claw|p2b: Pelipper\n|-damage|p2b: Pelipper|50/100\n|move|p2b: Pelipper|Hurricane|p1b: Venusaur\n|-activate|p1b: Venusaur|move: Protect\n|move|p2a: Basculegion|Last Respects|p1a: Mimikyu\n|-supereffective|p1a: Mimikyu|1\n|-crit|p1a: Mimikyu\n|-damage|p1a: Mimikyu|0 fnt\n|faint|p1a: Mimikyu\n|\n|-weather|RainDance|[upkeep]\n|-fieldend|move: Trick Room\n|upkeep\n|\n|t:|1776367625\n|switch|p1a: Charizard|Charizard-Mega-Y, L50, M|47/100\n|-weather|SunnyDay|[from] ability: Drought|[of] p1a: Charizard\n|turn|9\n|\n|t:|1776367635\n|move|p1b: Venusaur|Energy Ball|p2a: Basculegion\n|-supereffective|p2a: Basculegion|1\n|-damage|p2a: Basculegion|5/100\n|move|p2a: Basculegion|Last Respects|p1a: Charizard\n|-damage|p1a: Charizard|0 fnt\n|faint|p1a: Charizard\n|move|p2b: Pelipper|Hurricane|p1b: Venusaur|[miss]\n|-miss|p2b: Pelipper|p1b: Venusaur\n|\n|-weather|SunnyDay|[upkeep]\n|upkeep\n|\n|t:|1776367642\n|switch|p1a: Rotom|Rotom-Wash, L50|27/100 brn\n|turn|10\n|\n|t:|1776367649\n|move|p1b: Venusaur|Energy Ball|p2a: Basculegion\n|-supereffective|p2a: Basculegion|1\n|-damage|p2a: Basculegion|0 fnt\n|faint|p2a: Basculegion\n|move|p1a: Rotom|Volt Switch|p2b: Pelipper\n|-supereffective|p2b: Pelipper|2\n|-damage|p2b: Pelipper|0 fnt\n|faint|p2b: Pelipper\n|\n|win|whaleslord\n|raw|whaleslord's rating: 1470 &rarr; <strong>1485</strong><br />(+15 for winning)\n|raw|Jorjjj's rating: 1384 &rarr; <strong>1369</strong><br />(-15 for losing)\n",
  "uploadtime": 1776367656,
  "views": 40,
  "formatid": "gen9championsvgc2026regma",
  "rating": 1369,
  "private": 0,
  "password": null
}