{
  "id": "gen9championsvgc2026regma-2582596512",
  "format": "[Gen 9 Champions] VGC 2026 Reg M-A",
  "players": [
    "DryIceBros",
    "frostexd"
  ],
  "log": "|j|\u2606DryIceBros\n|j|\u2606frostexd\n|t:|1776101639\n|gametype|doubles\n|player|p1|DryIceBros|102|1026\n|player|p2|frostexd|102|1058\n|gen|9\n|tier|[Gen 9 Champions] VGC 2026 Reg M-A\n|rated|\n|rule|Species Clause: Limit one of each Pok\u00e9mon\n|rule|Item Clause: Limit 1 of each item\n|clearpoke\n|poke|p1|Crabominable, L50, F|\n|poke|p1|Farigiraf, L50, M|\n|poke|p1|Ninetales-Alola, L50, M|\n|poke|p1|Kingambit, L50, F|\n|poke|p1|Incineroar, L50, M|\n|poke|p1|Rotom-Wash, L50|\n|poke|p2|Gengar, L50, M|\n|poke|p2|Vanilluxe, L50, M|\n|poke|p2|Sinistcha, L50|\n|poke|p2|Kommo-o, L50, M|\n|poke|p2|Incineroar, L50, F|\n|poke|p2|Whimsicott, L50, F|\n|teampreview|4\nDryIceBros has agreed to open team sheets.\n|\n|t:|1776101676\n|teamsize|p1|4\n|teamsize|p2|4\n|start\n|switch|p1a: Farigiraf|Farigiraf, L50, M|100/100\n|switch|p1b: Ninetales|Ninetales-Alola, L50, M|100/100\n|switch|p2a: Gengar|Gengar, L50, M, shiny|100/100\n|switch|p2b: Kommo-o|Kommo-o, L50, M|100/100\n|-weather|Snowscape|[from] ability: Snow Warning|[of] p1b: Ninetales\n|turn|1\n|inactive|Battle timer is ON: inactive players will automatically lose when time's up. (requested by frostexd)\n|\n|t:|1776101692\n|detailschange|p2a: Gengar|Gengar-Mega, L50, M, shiny\n|-mega|p2a: Gengar|Gengar|Gengarite\n|move|p2b: Kommo-o|Protect|p2b: Kommo-o\n|-singleturn|p2b: Kommo-o|Protect\n|move|p1b: Ninetales|Aurora Veil|p1b: Ninetales\n|-sidestart|p1: DryIceBros|move: Aurora Veil\n|move|p2a: Gengar|Perish Song|p2a: Gengar\n|-start|p1a: Farigiraf|perish3|[silent]\n|-start|p1b: Ninetales|perish3|[silent]\n|-start|p2a: Gengar|perish3|[silent]\n|-immune|p2b: Kommo-o|[from] ability: Soundproof\n|-fieldactivate|move: Perish Song\n|move|p1a: Farigiraf|Psychic|p2a: Gengar\n|-supereffective|p2a: Gengar|1\n|-damage|p2a: Gengar|29/100\n|\n|-weather|Snowscape|[upkeep]\n|-start|p1b: Ninetales|perish3\n|-start|p2a: Gengar|perish3\n|-start|p1a: Farigiraf|perish3\n|upkeep\n|turn|2\n|\n|t:|1776101716\n|switch|p2b: Sinistcha|Sinistcha, L50|100/100\n|-heal|p2a: Gengar|53/100|[from] ability: Hospitality|[of] p2b: Sinistcha\n|move|p2a: Gengar|Protect|p2a: Gengar\n|-singleturn|p2a: Gengar|Protect\n|move|p1b: Ninetales|Dazzling Gleam|p2b: Sinistcha|[spread] p2b\n|-activate|p2a: Gengar|move: Protect\n|-damage|p2b: Sinistcha|80/100\n|move|p1a: Farigiraf|Psychic|p2b: Sinistcha\n|-damage|p2b: Sinistcha|51/100\n|\n|-weather|Snowscape|[upkeep]\n|-start|p1b: Ninetales|perish2\n|-start|p2a: Gengar|perish2\n|-start|p1a: Farigiraf|perish2\n|upkeep\n|turn|3\n|\n|t:|1776101734\n|move|p1b: Ninetales|Blizzard|p2b: Sinistcha|[spread] p2a,p2b\n|-supereffective|p2b: Sinistcha|1\n|-damage|p2a: Gengar|17/100\n|-damage|p2b: Sinistcha|0 fnt\n|faint|p2b: Sinistcha\n|move|p2a: Gengar|Disable|p1a: Farigiraf\n|-start|p1a: Farigiraf|Disable|Psychic\n|cant|p1a: Farigiraf|Disable|Psychic\n|\n|-weather|Snowscape|[upkeep]\n|-start|p1b: Ninetales|perish1\n|-start|p2a: Gengar|perish1\n|-start|p1a: Farigiraf|perish1\n|upkeep\n|\n|t:|1776101745\n|switch|p2b: Kommo-o|Kommo-o, L50, M|100/100\n|turn|4\n|\n|t:|1776101758\n|switch|p2a: Incineroar|Incineroar, L50, F|100/100\n|-ability|p2a: Incineroar|Intimidate|boost\n|-unboost|p1a: Farigiraf|atk|1\n|-unboost|p1b: Ninetales|atk|1\n|move|p2b: Kommo-o|Protect|p2b: Kommo-o\n|-singleturn|p2b: Kommo-o|Protect\n|move|p1b: Ninetales|Dazzling Gleam|p2b: Kommo-o|[spread] p2a\n|-activate|p2b: Kommo-o|move: Protect\n|-damage|p2a: Incineroar|84/100\n|move|p1a: Farigiraf|Trick Room|p1a: Farigiraf\n|-fieldstart|move: Trick Room|[of] p1a: Farigiraf\n|\n|-weather|Snowscape|[upkeep]\n|-start|p1a: Farigiraf|perish0\n|-start|p1b: Ninetales|perish0\n|faint|p1a: Farigiraf\n|faint|p1b: Ninetales\n|upkeep\n|\n|t:|1776101762\n|switch|p1a: Crabominable|Crabominable, L50, F|100/100\n|switch|p1b: Incineroar|Incineroar, L50, M|100/100\n|-ability|p1b: Incineroar|Intimidate|boost\n|-unboost|p2a: Incineroar|atk|1\n|-unboost|p2b: Kommo-o|atk|1\n|turn|5\n|\n|t:|1776101783\n|detailschange|p1a: Crabominable|Crabominable-Mega, L50, F\n|-mega|p1a: Crabominable|Crabominable|Crabominite\n|move|p1a: Crabominable|Protect|p1a: Crabominable\n|-singleturn|p1a: Crabominable|Protect\n|move|p1b: Incineroar|Fake Out|p2b: Kommo-o\n|-damage|p2b: Kommo-o|91/100\n|move|p2a: Incineroar|Fake Out|p1a: Crabominable\n|-activate|p1a: Crabominable|move: Protect\n|cant|p2b: Kommo-o|flinch\n|\n|-weather|none\n|-heal|p2b: Kommo-o|97/100|[from] item: Leftovers\n|-sideend|p1: DryIceBros|move: Aurora Veil\n|upkeep\n|turn|6\n|\n|t:|1776101796\n|move|p2b: Kommo-o|Protect|p2b: Kommo-o\n|-singleturn|p2b: Kommo-o|Protect\n|move|p1a: Crabominable|Ice Hammer|p2b: Kommo-o\n|-activate|p2b: Kommo-o|move: Protect\n|move|p1b: Incineroar|Flare Blitz|p2b: Kommo-o\n|-activate|p2b: Kommo-o|move: Protect\n|move|p2a: Incineroar|Flare Blitz|p1a: Crabominable\n|-supereffective|p1a: Crabominable|1\n|-damage|p1a: Crabominable|50/100\n|-damage|p2a: Incineroar|67/100|[from] Recoil\n|\n|-heal|p2b: Kommo-o|100/100|[from] item: Leftovers\n|upkeep\n|turn|7\n|inactive|frostexd has 30 seconds left.\n|\n|t:|1776101823\n|switch|p2b: Gengar|Gengar-Mega, L50, M, shiny|17/100\n|move|p1a: Crabominable|Close Combat|p2a: Incineroar\n|-supereffective|p2a: Incineroar|1\n|-damage|p2a: Incineroar|0 fnt\n|-unboost|p1a: Crabominable|def|1\n|-unboost|p1a: Crabominable|spd|1\n|faint|p2a: Incineroar\n|move|p1b: Incineroar|Flare Blitz|p2b: Gengar\n|-crit|p2b: Gengar\n|-damage|p2b: Gengar|0 fnt\n|faint|p2b: Gengar\n|-damage|p1b: Incineroar|96/100|[from] Recoil\n|\n|upkeep\n|\n|t:|1776101834\n|switch|p2b: Kommo-o|Kommo-o, L50, M|100/100\n|turn|8\n|\n|t:|1776101849\n|move|p1a: Crabominable|Ice Hammer|p2b: Kommo-o\n|-supereffective|p2b: Kommo-o|1\n|-damage|p2b: Kommo-o|0 fnt\n|-unboost|p1a: Crabominable|spe|1\n|faint|p2b: Kommo-o\n|\n|win|DryIceBros\n|raw|DryIceBros's rating: 1026 &rarr; <strong>1065</strong><br />(+39 for winning)\n|raw|frostexd's rating: 1058 &rarr; <strong>1038</strong><br />(-20 for losing)\n|l|\u2606frostexd\n|player|p2|\n",
  "uploadtime": 1776101857,
  "views": 16,
  "formatid": "gen9championsvgc2026regma",
  "rating": 1038,
  "private": 0,
  "password": null
}