{
  "id": "gen9championsvgc2026regma-2585827442",
  "format": "[Gen 9 Champions] VGC 2026 Reg M-A",
  "players": [
    "Zokerh",
    "euwuj"
  ],
  "log": "|j|\u2606Zokerh\n|j|\u2606euwuj\n|t:|1776373608\n|gametype|doubles\n|player|p1|Zokerh|dragontamer|1037\n|player|p2|euwuj|170|1056\n|gen|9\n|tier|[Gen 9 Champions] VGC 2026 Reg M-A\n|rated|\n|rule|Species Clause: Limit one of each Pok\u00e9mon\n|rule|Item Clause: Limit 1 of each item\n|clearpoke\n|poke|p1|Tyranitar, L50, F|\n|poke|p1|Armarouge, L50, M|\n|poke|p1|Sableye, L50, M|\n|poke|p1|Excadrill, L50, M|\n|poke|p1|Orthworm, L50, M|\n|poke|p1|Sinistcha, L50|\n|poke|p2|Excadrill, L50, M|\n|poke|p2|Hawlucha, L50, M|\n|poke|p2|Tyranitar, L50, F|\n|poke|p2|Whimsicott, L50, F|\n|poke|p2|Kingambit, L50, F|\n|poke|p2|Altaria, L50, M|\n|teampreview|4\n|\n|t:|1776373646\n|teamsize|p1|4\n|teamsize|p2|4\n|start\n|switch|p1a: Tyranitar|Tyranitar, L50, F, shiny|100/100\n|switch|p1b: Orthworm|Orthworm, L50, M|100/100\n|switch|p2a: Hawlucha|Hawlucha, L50, M|100/100\n|switch|p2b: Excadrill|Excadrill, L50, M|100/100\n|-weather|Sandstorm|[from] ability: Sand Stream|[of] p1a: Tyranitar\n|turn|1\n|\n|t:|1776373670\n|detailschange|p2a: Hawlucha|Hawlucha-Mega, L50, M\n|-mega|p2a: Hawlucha|Hawlucha|Hawluchanite\n|move|p1a: Tyranitar|Protect|p1a: Tyranitar\n|-singleturn|p1a: Tyranitar|Protect\n|move|p2b: Excadrill|Rock Slide|p1b: Orthworm|[spread] p1b\n|-activate|p1a: Tyranitar|move: Protect\n|-resisted|p1b: Orthworm|1\n|-damage|p1b: Orthworm|95/100\n|move|p2a: Hawlucha|Entrainment|p2b: Excadrill\n|-ability|p2b: Excadrill|No Guard|Sand Rush|[from] move: Entrainment|[of] p2a: Hawlucha\n|move|p1b: Orthworm|Iron Defense|p1b: Orthworm\n|-boost|p1b: Orthworm|def|2\n|\n|-weather|Sandstorm|[upkeep]\n|-damage|p2a: Hawlucha|95/100|[from] Sandstorm\n|upkeep\n|turn|2\n|\n|t:|1776373708\n|detailschange|p1a: Tyranitar|Tyranitar-Mega, L50, F, shiny\n|-mega|p1a: Tyranitar|Tyranitar|Tyranitarite\n|move|p2a: Hawlucha|High Jump Kick|p1a: Tyranitar\n|-supereffective|p1a: Tyranitar|2\n|-crit|p1a: Tyranitar\n|-damage|p1a: Tyranitar|0 fnt\n|faint|p1a: Tyranitar\n|move|p2b: Excadrill|Horn Drill|p1b: Orthworm\n|-damage|p1b: Orthworm|0 fnt\n|faint|p1b: Orthworm\n|-ohko\n|\n|-weather|Sandstorm|[upkeep]\n|-damage|p2a: Hawlucha|89/100|[from] Sandstorm\n|upkeep\n|\n|t:|1776373720\n|switch|p1a: Excadrill|Excadrill, L50, M|100/100\n|switch|p1b: Armarouge|Armarouge, L50, M|100/100\n|turn|3\n|\n|t:|1776373735\n|move|p1b: Armarouge|Protect|p1b: Armarouge\n|-singleturn|p1b: Armarouge|Protect\n|move|p1a: Excadrill|Earthquake|p2a: Hawlucha|[spread] p2b\n|-activate|p1b: Armarouge|move: Protect\n|-immune|p2a: Hawlucha\n|-supereffective|p2b: Excadrill|1\n|-enditem|p2b: Excadrill|Focus Sash\n|-damage|p2b: Excadrill|1/100\n|move|p2a: Hawlucha|High Jump Kick|p1a: Excadrill\n|-supereffective|p1a: Excadrill|1\n|-enditem|p1a: Excadrill|Focus Sash\n|-damage|p1a: Excadrill|1/100\n|move|p2b: Excadrill|Horn Drill|p1b: Armarouge\n|-activate|p1b: Armarouge|move: Protect\n|\n|-weather|Sandstorm|[upkeep]\n|-damage|p2a: Hawlucha|83/100|[from] Sandstorm\n|-damage|p1b: Armarouge|94/100|[from] Sandstorm\n|upkeep\n|turn|4\n|\n|t:|1776373773\n|move|p2b: Excadrill|Protect|p2b: Excadrill\n|-singleturn|p2b: Excadrill|Protect\n|move|p1a: Excadrill|Rock Slide|p2b: Excadrill|[spread] p2a\n|-activate|p2b: Excadrill|move: Protect\n|-damage|p2a: Hawlucha|56/100\n|move|p2a: Hawlucha|Brave Bird|p1b: Armarouge\n|-damage|p1b: Armarouge|20/100\n|-damage|p2a: Hawlucha|30/100|[from] Recoil\n|move|p1b: Armarouge|Psychic|p2a: Hawlucha\n|-supereffective|p2a: Hawlucha|1\n|-damage|p2a: Hawlucha|0 fnt\n|faint|p2a: Hawlucha\n|\n|-weather|Sandstorm|[upkeep]\n|-damage|p1b: Armarouge|14/100|[from] Sandstorm\n|upkeep\n|\n|t:|1776373800\n|switch|p2a: Kingambit|Kingambit, L50, F|100/100\n|turn|5\n|\n|t:|1776373807\n|move|p1b: Armarouge|Protect|p1b: Armarouge\n|-singleturn|p1b: Armarouge|Protect\n|move|p2a: Kingambit|Sucker Punch|p1a: Excadrill\n|-damage|p1a: Excadrill|0 fnt\n|faint|p1a: Excadrill\n|move|p2b: Excadrill|Horn Drill|p1b: Armarouge\n|-activate|p1b: Armarouge|move: Protect\n|\n|-weather|none\n|upkeep\n|turn|6\n|\n|t:|1776373819\n|switch|p2a: Tyranitar|Tyranitar, L50, F|100/100\n|-weather|Sandstorm|[from] ability: Sand Stream|[of] p2a: Tyranitar\n|move|p2b: Excadrill|Horn Drill|p1b: Armarouge\n|-damage|p1b: Armarouge|0 fnt\n|faint|p1b: Armarouge\n|-ohko\n|\n|win|euwuj\n|raw|Zokerh's rating: 1037 &rarr; <strong>1022</strong><br />(-15 for losing)\n|raw|euwuj's rating: 1056 &rarr; <strong>1086</strong><br />(+30 for winning)\n|l|\u2606Zokerh\n|player|p1|\n",
  "uploadtime": 1776373828,
  "views": 15,
  "formatid": "gen9championsvgc2026regma",
  "rating": 1022,
  "private": 0,
  "password": null
}