{
  "id": "gen9championsvgc2026regma-2583084829",
  "format": "[Gen 9 Champions] VGC 2026 Reg M-A",
  "players": [
    "A5ianMan",
    "Vienna Vaporeons"
  ],
  "log": "|j|\u2606A5ianMan\n|j|\u2606Vienna Vaporeons\n|t:|1776140240\n|gametype|doubles\n|player|p1|A5ianMan|265|1160\n|player|p2|Vienna Vaporeons|170|1211\n|gen|9\n|tier|[Gen 9 Champions] VGC 2026 Reg M-A\n|rated|\n|rule|Species Clause: Limit one of each Pok\u00e9mon\n|rule|Item Clause: Limit 1 of each item\n|clearpoke\n|poke|p1|Delphox, L50, F|\n|poke|p1|Incineroar, L50, M|\n|poke|p1|Garchomp, L50, M|\n|poke|p1|Excadrill, L50, M|\n|poke|p1|Tyranitar, L50, M|\n|poke|p1|Talonflame, L50, M|\n|poke|p2|Froslass, L50, F|\n|poke|p2|Kingambit, L50, F|\n|poke|p2|Arcanine-Hisui, L50, F|\n|poke|p2|Palafin, L50, F|\n|poke|p2|Sinistcha, L50|\n|poke|p2|Sneasler, L50, M|\n|teampreview|4\n|inactive|Battle timer is ON: inactive players will automatically lose when time's up. (requested by A5ianMan)\n|inactive|Vienna Vaporeons has 60 seconds left.\n|\n|t:|1776140273\n|teamsize|p1|4\n|teamsize|p2|4\n|start\n|switch|p1a: Delphox|Delphox, L50, F|100/100\n|switch|p1b: Excadrill|Excadrill, L50, M|100/100\n|switch|p2a: Froslass|Froslass, L50, F, shiny|100/100\n|switch|p2b: Palafin|Palafin, L50, F, shiny|100/100\n|turn|1\n|\n|t:|1776140289\n|detailschange|p2b: Palafin|Palafin-Hero, L50, F, shiny\n|switch|p2b: Sinistcha|Sinistcha, L50, shiny|100/100\n|detailschange|p1a: Delphox|Delphox-Mega, L50, F\n|-mega|p1a: Delphox|Delphox|Delphoxite\n|move|p2a: Froslass|Protect|p2a: Froslass\n|-singleturn|p2a: Froslass|Protect\n|move|p1a: Delphox|Overheat|p2a: Froslass\n|-activate|p2a: Froslass|move: Protect\n|move|p1b: Excadrill|Swords Dance|p1b: Excadrill\n|-boost|p1b: Excadrill|atk|2\n|\n|upkeep\n|turn|2\n|\n|t:|1776140301\n|detailschange|p2a: Froslass|Froslass-Mega, L50, F, shiny\n|-mega|p2a: Froslass|Froslass|Froslassite\n|-weather|Snowscape|[from] ability: Snow Warning|[of] p2a: Froslass\n|move|p1b: Excadrill|Protect|p1b: Excadrill\n|-singleturn|p1b: Excadrill|Protect\n|move|p2b: Sinistcha|Rage Powder|p2b: Sinistcha\n|-singleturn|p2b: Sinistcha|move: Rage Powder\n|move|p1a: Delphox|Heat Wave|p2a: Froslass|[spread] p2a\n|-miss|p1a: Delphox|p2b: Sinistcha\n|-supereffective|p2a: Froslass|1\n|-damage|p2a: Froslass|0 fnt\n|faint|p2a: Froslass\n|\n|-weather|Snowscape|[upkeep]\n|upkeep\n|\n|t:|1776140311\n|switch|p2a: Palafin|Palafin-Hero, L50, F, shiny|100/100\n|-activate|p2a: Palafin|ability: Zero to Hero\n|turn|3\n|\n|t:|1776140323\n|switch|p1a: Tyranitar|Tyranitar, L50, M|100/100\n|-weather|Sandstorm|[from] ability: Sand Stream|[of] p1a: Tyranitar\n|move|p2a: Palafin|Jet Punch|p1b: Excadrill\n|-supereffective|p1b: Excadrill|1\n|-enditem|p1b: Excadrill|Focus Sash\n|-damage|p1b: Excadrill|1/100\n|move|p1b: Excadrill|Iron Head|p2b: Sinistcha\n|-damage|p2b: Sinistcha|21/100\n|-enditem|p2b: Sinistcha|Sitrus Berry|[eat]\n|-heal|p2b: Sinistcha|45/100|[from] item: Sitrus Berry\n|move|p2b: Sinistcha|Matcha Gotcha|p1b: Excadrill|[spread] p1a\n|-miss|p2b: Sinistcha|p1b: Excadrill\n|-supereffective|p1a: Tyranitar|1\n|-damage|p1a: Tyranitar|71/100\n|-heal|p2b: Sinistcha|63/100|[from] drain|[of] p1a: Tyranitar\n|\n|-weather|Sandstorm|[upkeep]\n|-damage|p2a: Palafin|94/100|[from] Sandstorm\n|-damage|p2b: Sinistcha|57/100|[from] Sandstorm\n|upkeep\n|turn|4\n|\n|t:|1776140348\n|switch|p1b: Garchomp|Garchomp, L50, M|100/100\n|move|p2a: Palafin|Jet Punch|p1a: Tyranitar\n|-supereffective|p1a: Tyranitar|1\n|-damage|p1a: Tyranitar|0 fnt\n|faint|p1a: Tyranitar\n|move|p2b: Sinistcha|Matcha Gotcha|p1b: Garchomp\n|-damage|p1b: Garchomp|68/100\n|-heal|p2b: Sinistcha|74/100|[from] drain|[of] p1b: Garchomp\n|-status|p1b: Garchomp|brn\n|\n|-weather|Sandstorm|[upkeep]\n|-damage|p2a: Palafin|88/100|[from] Sandstorm\n|-damage|p2b: Sinistcha|68/100|[from] Sandstorm\n|-damage|p1b: Garchomp|62/100 brn|[from] brn\n|upkeep\n|\n|t:|1776140356\n|switch|p1a: Delphox|Delphox-Mega, L50, F|100/100\n|turn|5\n|-message|A5ianMan forfeited.\n|\n|win|Vienna Vaporeons\n|raw|A5ianMan's rating: 1160 &rarr; <strong>1139</strong><br />(-21 for losing)\n|raw|Vienna Vaporeons's rating: 1211 &rarr; <strong>1232</strong><br />(+21 for winning)\n|l|\u2606A5ianMan\n|player|p1|\n",
  "uploadtime": 1776140376,
  "views": 13,
  "formatid": "gen9championsvgc2026regma",
  "rating": 1139,
  "private": 0,
  "password": null
}