{
  "id": "gen9championsvgc2026regma-2580581278",
  "format": "[Gen 9 Champions] VGC 2026 Reg M-A",
  "players": [
    "telegraphgo",
    "Blackbird230"
  ],
  "log": "|j|\u2606telegraphgo\n|j|\u2606Blackbird230\n|t:|1775915085\n|gametype|doubles\n|player|p1|telegraphgo|101|1114\n|player|p2|Blackbird230|102|1040\n|gen|9\n|tier|[Gen 9 Champions] VGC 2026 Reg M-A\n|rated|\n|rule|Species Clause: Limit one of each Pok\u00e9mon\n|rule|Item Clause: Limit 1 of each item\n|clearpoke\n|poke|p1|Farigiraf, L50, F|\n|poke|p1|Palafin, L50, M|\n|poke|p1|Incineroar, L50, F|\n|poke|p1|Meganium, L50, M|\n|poke|p1|Aerodactyl, L50, M|\n|poke|p1|Garchomp, L50, F|\n|poke|p2|Charizard, L50, M|\n|poke|p2|Krookodile, L50, M|\n|poke|p2|Venusaur, L50, M|\n|poke|p2|Aerodactyl, L50, M|\n|poke|p2|Torkoal, L50, M|\n|poke|p2|Farigiraf, L50, M|\n|teampreview|4\n|inactive|Battle timer is ON: inactive players will automatically lose when time's up. (requested by telegraphgo)\n|inactive|telegraphgo has 60 seconds left.\n|inactive|Blackbird230 has 60 seconds left.\ntelegraphgo has agreed to open team sheets.\n|inactive|Blackbird230 has 30 seconds left.\n|\n|t:|1775915149\n|teamsize|p1|4\n|teamsize|p2|4\n|start\n|switch|p1a: Aerodactyl|Aerodactyl, L50, M|100/100\n|switch|p1b: Garchomp|Garchomp, L50, F|100/100\n|switch|p2a: Krookodile|Krookodile, L50, M|100/100\n|switch|p2b: Charizard|Charizard, L50, M|100/100\n|-ability|p1a: Aerodactyl|Unnerve\n|-ability|p2a: Krookodile|Intimidate|boost\n|-unboost|p1a: Aerodactyl|atk|1\n|-unboost|p1b: Garchomp|atk|1\n|turn|1\n|inactive|Blackbird230 has 30 seconds left.\n|\n|t:|1775915178\n|switch|p2b: Aerodactyl|Aerodactyl, L50, M|100/100\n|move|p2a: Krookodile|Earthquake|p1b: Garchomp|[spread] p1b\n|-immune|p2b: Aerodactyl\n|-immune|p1a: Aerodactyl\n|-damage|p1b: Garchomp|69/100\n|move|p1b: Garchomp|Earthquake|p2a: Krookodile|[spread] p2a\n|-immune|p1a: Aerodactyl\n|-immune|p2b: Aerodactyl\n|-damage|p2a: Krookodile|65/100\n|move|p1a: Aerodactyl|Tailwind|p1a: Aerodactyl\n|-sidestart|p1: telegraphgo|move: Tailwind\n|\n|upkeep\n|turn|2\n|inactive|telegraphgo has 30 seconds left.\n|inactive|telegraphgo has 20 seconds left.\n|inactive|telegraphgo has 15 seconds left.\n|\n|t:|1775915222\n|move|p2b: Aerodactyl|Wide Guard|p2b: Aerodactyl\n|-singleturn|p2b: Aerodactyl|Wide Guard\n|move|p1b: Garchomp|Earthquake|p2b: Aerodactyl|[spread] \n|-activate|p2a: Krookodile|move: Wide Guard\n|-activate|p2b: Aerodactyl|move: Wide Guard\n|-immune|p1a: Aerodactyl\n|move|p1a: Aerodactyl|Rock Slide|p2b: Aerodactyl|[spread] \n|-activate|p2a: Krookodile|move: Wide Guard\n|-activate|p2b: Aerodactyl|move: Wide Guard\n|move|p2a: Krookodile|Earthquake|p1a: Aerodactyl|[spread] p1b\n|-activate|p2b: Aerodactyl|move: Wide Guard\n|-immune|p1a: Aerodactyl\n|-damage|p1b: Garchomp|37/100\n|\n|upkeep\n|turn|3\n|inactive|telegraphgo has 30 seconds left.\n|inactive|telegraphgo has 20 seconds left.\n|inactive|telegraphgo has 15 seconds left.\n|inactive|telegraphgo has 10 seconds left.\n|\n|t:|1775915269\n|switch|p1b: Incineroar|Incineroar, L50, F|100/100\n|-ability|p1b: Incineroar|Intimidate|boost\n|-unboost|p2a: Krookodile|atk|1\n|-unboost|p2b: Aerodactyl|atk|1\n|move|p2b: Aerodactyl|Wide Guard|p2b: Aerodactyl\n|-singleturn|p2b: Aerodactyl|Wide Guard\n|move|p1a: Aerodactyl|Rock Slide|p2b: Aerodactyl|[spread] \n|-activate|p2a: Krookodile|move: Wide Guard\n|-activate|p2b: Aerodactyl|move: Wide Guard\n|move|p2a: Krookodile|Earthquake|p1a: Aerodactyl|[spread] p1b\n|-activate|p2b: Aerodactyl|move: Wide Guard\n|-immune|p1a: Aerodactyl\n|-supereffective|p1b: Incineroar|1\n|-damage|p1b: Incineroar|68/100\n|\n|upkeep\n|turn|4\n|\n|t:|1775915293\n|move|p1b: Incineroar|Fake Out|p2a: Krookodile\n|-damage|p2a: Krookodile|50/100\n|move|p1a: Aerodactyl|Dual Wingbeat|p2a: Krookodile\n|-damage|p2a: Krookodile|36/100\n|-damage|p2a: Krookodile|21/100\n|-hitcount|p2a: Krookodile|2\n|cant|p2a: Krookodile|flinch\n|move|p2b: Aerodactyl|Tailwind|p2b: Aerodactyl\n|-sidestart|p2: Blackbird230|move: Tailwind\n|\n|-sideend|p1: telegraphgo|move: Tailwind\n|upkeep\n|turn|5\n|inactive|telegraphgo has 30 seconds left.\n|\n|t:|1775915319\n|switch|p1b: Garchomp|Garchomp, L50, F|37/100\n|move|p1a: Aerodactyl|Protect|p1a: Aerodactyl\n|-singleturn|p1a: Aerodactyl|Protect\n|move|p2a: Krookodile|Earthquake|p1a: Aerodactyl|[spread] p1b\n|-activate|p1a: Aerodactyl|move: Protect\n|-immune|p2b: Aerodactyl\n|-damage|p1b: Garchomp|15/100\n|move|p2b: Aerodactyl|Rock Slide|p1a: Aerodactyl|[spread] p1b\n|-activate|p1a: Aerodactyl|move: Protect\n|-resisted|p1b: Garchomp|1\n|-damage|p1b: Garchomp|6/100\n|\n|upkeep\n|turn|6\n|inactive|telegraphgo has 30 seconds left.\n|\n|t:|1775915349\n|switch|p1a: Incineroar|Incineroar, L50, F|68/100\n|-ability|p1a: Incineroar|Intimidate|boost\n|-unboost|p2a: Krookodile|atk|1\n|-unboost|p2b: Aerodactyl|atk|1\n|move|p2a: Krookodile|Earthquake|p1b: Garchomp|[spread] p1a,p1b\n|-immune|p2b: Aerodactyl\n|-supereffective|p1a: Incineroar|1\n|-damage|p1a: Incineroar|44/100\n|-damage|p1b: Garchomp|0 fnt\n|-enditem|p1a: Incineroar|Sitrus Berry|[eat]\n|-heal|p1a: Incineroar|69/100|[from] item: Sitrus Berry\n|faint|p1b: Garchomp\n|move|p2b: Aerodactyl|Rock Slide|p1a: Incineroar\n|-supereffective|p1a: Incineroar|1\n|-damage|p1a: Incineroar|42/100\n|\n|upkeep\n|\n|t:|1775915364\n|switch|p1b: Aerodactyl|Aerodactyl, L50, M|100/100\n|-ability|p1b: Aerodactyl|Unnerve\n|turn|7\n|inactive|Blackbird230 has 30 seconds left.\n|\n|t:|1775915394\n|move|p1a: Incineroar|Fake Out|p2b: Aerodactyl\n|-resisted|p2b: Aerodactyl|1\n|-damage|p2b: Aerodactyl|92/100\n|move|p2a: Krookodile|Earthquake|p1b: Aerodactyl|[spread] p1a\n|-immune|p2b: Aerodactyl\n|-immune|p1b: Aerodactyl\n|-supereffective|p1a: Incineroar|1\n|-damage|p1a: Incineroar|18/100\n|cant|p2b: Aerodactyl|flinch\n|move|p1b: Aerodactyl|Rock Slide|p2b: Aerodactyl|[spread] p2a,p2b\n|-resisted|p2a: Krookodile|1\n|-supereffective|p2b: Aerodactyl|1\n|-damage|p2a: Krookodile|5/100\n|-damage|p2b: Aerodactyl|15/100\n|\n|-sideend|p2: Blackbird230|move: Tailwind\n|upkeep\n|turn|8\n|inactive|Blackbird230 has 30 seconds left.\n|\n|t:|1775915420\n|switch|p2b: Farigiraf|Farigiraf, L50, M|100/100\n|switch|p1a: Farigiraf|Farigiraf, L50, F|100/100\n|move|p2a: Krookodile|Earthquake|p1b: Aerodactyl|[spread] p2b,p1a\n|-immune|p1b: Aerodactyl\n|-damage|p2b: Farigiraf|83/100\n|-damage|p1a: Farigiraf|83/100\n|move|p1b: Aerodactyl|Rock Slide|p2b: Farigiraf|[spread] p2a,p2b\n|-resisted|p2a: Krookodile|1\n|-damage|p2a: Krookodile|0 fnt\n|-damage|p2b: Farigiraf|60/100\n|faint|p2a: Krookodile\n|\n|-heal|p1a: Farigiraf|89/100|[from] item: Leftovers\n|upkeep\n|\n|t:|1775915442\n|switch|p2a: Charizard|Charizard, L50, M|100/100\n|turn|9\n|inactive|telegraphgo has 30 seconds left.\n|inactive|Blackbird230 has 30 seconds left.\n|inactive|Blackbird230 has 20 seconds left.\n|\n|t:|1775915479\n|move|p2a: Charizard|Protect|p2a: Charizard\n|-singleturn|p2a: Charizard|Protect\n|move|p1b: Aerodactyl|Rock Slide|p2b: Farigiraf|[spread] p2b\n|-activate|p2a: Charizard|move: Protect\n|-damage|p2b: Farigiraf|39/100\n|move|p2b: Farigiraf|Psychic|p1b: Aerodactyl\n|-damage|p1b: Aerodactyl|52/100\n|move|p1a: Farigiraf|Trick Room|p1a: Farigiraf\n|-fieldstart|move: Trick Room|[of] p1a: Farigiraf\n|\n|-heal|p1a: Farigiraf|96/100|[from] item: Leftovers\n|upkeep\n|turn|10\n|\n|t:|1775915503\n|move|p1b: Aerodactyl|Protect|p1b: Aerodactyl\n|-singleturn|p1b: Aerodactyl|Protect\n|move|p2b: Farigiraf|Psychic|p1b: Aerodactyl\n|-activate|p1b: Aerodactyl|move: Protect\n|move|p2a: Charizard|Heat Wave|p1a: Farigiraf|[spread] p1a\n|-activate|p1b: Aerodactyl|move: Protect\n|-damage|p1a: Farigiraf|68/100\n|move|p1a: Farigiraf|Trick Room|p1a: Farigiraf\n|-fieldend|move: Trick Room\n|\n|-heal|p1a: Farigiraf|74/100|[from] item: Leftovers\n|upkeep\n|turn|11\n|inactive|Blackbird230 has 30 seconds left.\n|\n|t:|1775915529\n|switch|p1b: Incineroar|Incineroar, L50, F|18/100\n|-enditem|p2b: Farigiraf|Sitrus Berry|[eat]\n|-heal|p2b: Farigiraf|64/100|[from] item: Sitrus Berry\n|-ability|p1b: Incineroar|Intimidate|boost\n|-unboost|p2a: Charizard|atk|1\n|-unboost|p2b: Farigiraf|atk|1\n|move|p2a: Charizard|Protect|p2a: Charizard\n|-singleturn|p2a: Charizard|Protect\n|move|p1a: Farigiraf|Psychic|p2a: Charizard\n|-activate|p2a: Charizard|move: Protect\n|move|p2b: Farigiraf|Trick Room|p2b: Farigiraf\n|-fieldstart|move: Trick Room|[of] p2b: Farigiraf\n|\n|-heal|p1a: Farigiraf|80/100|[from] item: Leftovers\n|upkeep\n|turn|12\n|inactive|telegraphgo has 30 seconds left.\n|inactive|Blackbird230 has 30 seconds left.\n|inactive|Blackbird230 has 20 seconds left.\n|inactive|Blackbird230 has 15 seconds left.\n|inactive|Blackbird230 has 10 seconds left.\n|\n|t:|1775915575\n|move|p1b: Incineroar|Darkest Lariat|p2b: Farigiraf\n|-supereffective|p2b: Farigiraf|1\n|-damage|p2b: Farigiraf|8/100\n|move|p2b: Farigiraf|Hyper Voice|p1b: Incineroar|[spread] p1a,p1b\n|-damage|p1a: Farigiraf|60/100\n|-damage|p1b: Incineroar|0 fnt\n|faint|p1b: Incineroar\n|move|p2a: Charizard|Heat Wave|p1a: Farigiraf\n|-damage|p1a: Farigiraf|21/100\n|move|p1a: Farigiraf|Trick Room|p1a: Farigiraf\n|-fieldend|move: Trick Room\n|\n|-heal|p1a: Farigiraf|27/100|[from] item: Leftovers\n|upkeep\n|\n|t:|1775915578\n|switch|p1b: Aerodactyl|Aerodactyl, L50, M|52/100\n|-ability|p1b: Aerodactyl|Unnerve\n|turn|13\n|\n|t:|1775915607\n|move|p2a: Charizard|Protect|p2a: Charizard\n|-singleturn|p2a: Charizard|Protect\n|move|p1b: Aerodactyl|Rock Slide|p2a: Charizard|[spread] \n|-activate|p2a: Charizard|move: Protect\n|-miss|p1b: Aerodactyl|p2b: Farigiraf\n|move|p2b: Farigiraf|Psychic|p1b: Aerodactyl\n|-damage|p1b: Aerodactyl|4/100\n|move|p1a: Farigiraf|Psychic|p2b: Farigiraf\n|-resisted|p2b: Farigiraf|1\n|-damage|p2b: Farigiraf|0 fnt\n|faint|p2b: Farigiraf\n|\n|-heal|p1a: Farigiraf|34/100|[from] item: Leftovers\n|upkeep\n|\n|t:|1775915619\n|switch|p2b: Aerodactyl|Aerodactyl, L50, M|15/100\n|turn|14\n|inactive|telegraphgo has 30 seconds left.\n|\n|t:|1775915645\n|detailschange|p2a: Charizard|Charizard-Mega-Y, L50, M\n|-mega|p2a: Charizard|Charizard|Charizardite Y\n|-weather|SunnyDay|[from] ability: Drought|[of] p2a: Charizard\n|move|p2b: Aerodactyl|Wide Guard|p2b: Aerodactyl\n|-singleturn|p2b: Aerodactyl|Wide Guard\n|move|p1b: Aerodactyl|Rock Slide|p2b: Aerodactyl|[spread] \n|-activate|p2a: Charizard|move: Wide Guard\n|-activate|p2b: Aerodactyl|move: Wide Guard\n|move|p2a: Charizard|Heat Wave|p1a: Farigiraf|[spread] p1a,p1b\n|-resisted|p1b: Aerodactyl|1\n|-damage|p1a: Farigiraf|0 fnt\n|-damage|p1b: Aerodactyl|0 fnt\n|faint|p1a: Farigiraf\n|faint|p1b: Aerodactyl\n|\n|win|Blackbird230\n|raw|telegraphgo's rating: 1114 &rarr; <strong>1084</strong><br />(-30 for losing)\n|raw|Blackbird230's rating: 1040 &rarr; <strong>1081</strong><br />(+41 for winning)\n|l|\u2606telegraphgo\n|player|p1|\n",
  "uploadtime": 1775915663,
  "views": 12,
  "formatid": "gen9championsvgc2026regma",
  "rating": 1081,
  "private": 0,
  "password": null
}