{
  "id": "gen9championsvgc2026regma-2580508146",
  "format": "[Gen 9 Champions] VGC 2026 Reg M-A",
  "players": [
    "Azreal29",
    "Fawktard"
  ],
  "log": "|j|\u2606Azreal29\n|j|\u2606Fawktard\n|t:|1775906539\n|gametype|doubles\n|player|p1|Azreal29|pokemaniac|1014\n|player|p2|Fawktard|169|1000\n|gen|9\n|tier|[Gen 9 Champions] VGC 2026 Reg M-A\n|rated|\n|rule|Species Clause: Limit one of each Pok\u00e9mon\n|rule|Item Clause: Limit 1 of each item\n|clearpoke\n|poke|p1|Scovillain, L50, F|\n|poke|p1|Sneasler, L50, F|\n|poke|p1|Primarina, L50, F|\n|poke|p1|Kingambit, L50, M|\n|poke|p1|Aerodactyl, L50, F|\n|poke|p1|Garchomp, L50, F|\n|poke|p2|Watchog, L50, M|\n|poke|p2|Talonflame, L50, F|\n|poke|p2|Sneasler, L50, F|\n|poke|p2|Primarina, L50, F|\n|poke|p2|Manectric, L50, M|\n|poke|p2|Greninja-*, L50, M|\n|teampreview|4\n|inactive|Battle timer is ON: inactive players will automatically lose when time's up. (requested by Azreal29)\n|inactive|Azreal29 has 60 seconds left.\n|\n|t:|1775906587\n|teamsize|p1|4\n|teamsize|p2|4\n|start\n|switch|p1a: Primarina|Primarina, L50, F|100/100\n|switch|p1b: Aerodactyl|Aerodactyl, L50, F|100/100\n|switch|p2a: Talonflame|Talonflame, L50, F, shiny|100/100\n|switch|p2b: Watchog|Watchog, L50, M, shiny|100/100\n|-ability|p1b: Aerodactyl|Unnerve\n|turn|1\n|\n|t:|1775906599\n|move|p2a: Talonflame|Tailwind|p2a: Talonflame\n|-sidestart|p2: Fawktard|move: Tailwind\n|move|p2b: Watchog|Light Screen|p2b: Watchog\n|-sidestart|p2: Fawktard|move: Light Screen\n|move|p1b: Aerodactyl|Tailwind|p1b: Aerodactyl\n|-sidestart|p1: Azreal29|move: Tailwind\n|move|p1a: Primarina|Calm Mind|p1a: Primarina\n|-boost|p1a: Primarina|spa|1\n|-boost|p1a: Primarina|spd|1\n|\n|upkeep\n|turn|2\n|\n|t:|1775906614\n|move|p1b: Aerodactyl|Rock Slide|p2a: Talonflame|[spread] p2a,p2b\n|-supereffective|p2a: Talonflame|2\n|-damage|p2a: Talonflame|0 fnt\n|-damage|p2b: Watchog|66/100\n|faint|p2a: Talonflame\n|move|p2b: Watchog|Super Fang|p1a: Primarina\n|-damage|p1a: Primarina|51/100\n|move|p1a: Primarina|Hyper Voice|p2b: Watchog\n|-damage|p2b: Watchog|0 fnt\n|faint|p2b: Watchog\n|\n|-heal|p1a: Primarina|57/100|[from] item: Leftovers\n|upkeep\n|\n|t:|1775906621\n|switch|p2a: Sneasler|Sneasler, L50, F|100/100\n|switch|p2b: Primarina|Primarina, L50, F|100/100\n|turn|3\n|\n|t:|1775906630\n|move|p2a: Sneasler|Fake Out|p1b: Aerodactyl\n|-resisted|p1b: Aerodactyl|1\n|-damage|p1b: Aerodactyl|88/100\n|cant|p1b: Aerodactyl|flinch\n|move|p1a: Primarina|Hyper Voice|p2a: Sneasler|[spread] p2a,p2b\n|-resisted|p2b: Primarina|1\n|-damage|p2a: Sneasler|55/100\n|-damage|p2b: Primarina|85/100\n|move|p2b: Primarina|Hyper Voice|p1b: Aerodactyl|[spread] p1a,p1b\n|-resisted|p1a: Primarina|1\n|-supereffective|p1b: Aerodactyl|1\n|-crit|p1b: Aerodactyl\n|-damage|p1a: Primarina|45/100\n|-damage|p1b: Aerodactyl|0 fnt\n|faint|p1b: Aerodactyl\n|\n|-heal|p1a: Primarina|51/100|[from] item: Leftovers\n|upkeep\n|\n|t:|1775906634\n|switch|p1b: Scovillain|Scovillain, L50, F|100/100\n|turn|4\n|\n|t:|1775906653\n|detailschange|p1b: Scovillain|Scovillain-Mega, L50, F\n|-mega|p1b: Scovillain|Scovillain|Scovillainite\n|move|p2a: Sneasler|Dire Claw|p1b: Scovillain\n|-supereffective|p1b: Scovillain|1\n|-damage|p1b: Scovillain|23/100\n|-status|p2a: Sneasler|brn|[from] ability: Spicy Spray|[of] p1b: Scovillain\n|move|p1b: Scovillain|Leech Seed|p2b: Primarina\n|-start|p2b: Primarina|move: Leech Seed\n|move|p1a: Primarina|Moonblast|p2a: Sneasler\n|-damage|p2a: Sneasler|0 fnt\n|faint|p2a: Sneasler\n|move|p2b: Primarina|Moonblast|p1a: Primarina\n|-damage|p1a: Primarina|22/100\n|\n|-heal|p1a: Primarina|28/100|[from] item: Leftovers\n|-damage|p2b: Primarina|73/100|[from] Leech Seed|[of] p1b: Scovillain\n|-heal|p1b: Scovillain|35/100|[silent]\n|-sideend|p2: Fawktard|move: Tailwind\n|-sideend|p1: Azreal29|move: Tailwind\n|upkeep\n|turn|5\n|\n|t:|1775906672\n|move|p1b: Scovillain|Protect|p1b: Scovillain\n|-singleturn|p1b: Scovillain|Protect\n|move|p1a: Primarina|Moonblast|p2b: Primarina\n|-damage|p2b: Primarina|30/100\n|move|p2b: Primarina|Hyper Voice|p1a: Primarina|[spread] p1a\n|-activate|p1b: Scovillain|move: Protect\n|-resisted|p1a: Primarina|1\n|-damage|p1a: Primarina|15/100\n|\n|-heal|p1a: Primarina|21/100|[from] item: Leftovers\n|-damage|p2b: Primarina|17/100|[from] Leech Seed|[of] p1b: Scovillain\n|-heal|p1b: Scovillain|47/100|[silent]\n|-sideend|p2: Fawktard|move: Light Screen\n|upkeep\n|turn|6\n|\n|t:|1775906697\n|move|p1b: Scovillain|Flamethrower|p2b: Primarina\n|-resisted|p2b: Primarina|1\n|-damage|p2b: Primarina|0 fnt\n|faint|p2b: Primarina\n|\n|win|Azreal29\n|raw|Azreal29's rating: 1014 &rarr; <strong>1050</strong><br />(+36 for winning)\n|raw|Fawktard's rating: 1000 &rarr; <strong>1000</strong><br />(+0 for losing)\n|c|\u2606Fawktard|gg\n|l|\u2606Fawktard\n|player|p2|\n",
  "uploadtime": 1775906704,
  "views": 15,
  "formatid": "gen9championsvgc2026regma",
  "rating": 1000,
  "private": 0,
  "password": null
}