{
  "id": "gen9championsvgc2026regma-2588481572",
  "format": "[Gen 9 Champions] VGC 2026 Reg M-A",
  "players": [
    "Malk2x",
    "Pokeventurer"
  ],
  "log": "|j|\u2606Malk2x\n|j|\u2606Pokeventurer\n|t:|1776637418\n|gametype|doubles\n|player|p1|Malk2x|iris-gen5bw2|1490\n|player|p2|Pokeventurer|1|1523\n|gen|9\n|tier|[Gen 9 Champions] VGC 2026 Reg M-A\n|rated|\n|rule|Species Clause: Limit one of each Pok\u00e9mon\n|rule|Item Clause: Limit 1 of each item\n|clearpoke\n|poke|p1|Dragonite, L50, F, shiny|\n|poke|p1|Politoed, L50, M, shiny|\n|poke|p1|Ninetales-Alola, L50, F|\n|poke|p1|Incineroar, L50, M, shiny|\n|poke|p1|Venusaur, L50, F, shiny|\n|poke|p1|Sneasler, L50, M|\n|poke|p2|Talonflame, L50, F|\n|poke|p2|Kingambit, L50, F|\n|poke|p2|Garchomp, L50, F|\n|poke|p2|Basculegion, L50, M|\n|poke|p2|Floette-Eternal, L50, F|\n|poke|p2|Corviknight, L50, M|\n|teampreview|4\n|inactive|Battle timer is ON: inactive players will automatically lose when time's up. (requested by Malk2x)\n|inactive|Malk2x has 60 seconds left.\n|\n|t:|1776637477\n|teamsize|p1|4\n|teamsize|p2|4\n|start\n|switch|p1a: Silk|Ninetales-Alola, L50, F|100/100\n|switch|p1b: Swirl|Politoed, L50, M, shiny|100/100\n|switch|p2a: Talonflame|Talonflame, L50, F|100/100\n|switch|p2b: Kingambit|Kingambit, L50, F|100/100\n|-weather|Snowscape|[from] ability: Snow Warning|[of] p1a: Silk\n|-weather|RainDance|[from] ability: Drizzle|[of] p1b: Swirl\n|turn|1\n|\n|t:|1776637502\n|switch|p1a: Saphe|Venusaur, L50, F, shiny|100/100\n|move|p2a: Talonflame|Brave Bird|p1b: Swirl\n|-damage|p1b: Swirl|44/100\n|-enditem|p1b: Swirl|Sitrus Berry|[eat]\n|-heal|p1b: Swirl|69/100|[from] item: Sitrus Berry\n|-damage|p2a: Talonflame|77/100|[from] Recoil\n|move|p1b: Swirl|Weather Ball|p2a: Talonflame\n|-supereffective|p2a: Talonflame|1\n|-damage|p2a: Talonflame|0 fnt\n|faint|p2a: Talonflame\n|move|p2b: Kingambit|Kowtow Cleave|p1b: Swirl\n|-damage|p1b: Swirl|16/100\n|\n|-weather|RainDance|[upkeep]\n|upkeep\n|\n|t:|1776637510\n|switch|p2a: Floette|Floette-Eternal, L50, F|100/100\n|turn|2\n|\n|t:|1776637522\n|detailschange|p2a: Floette|Floette-Mega, L50, F\n|-mega|p2a: Floette|Floette|Floettite\n|-ability|p2a: Floette|Fairy Aura\n|detailschange|p1a: Saphe|Venusaur-Mega, L50, F, shiny\n|-mega|p1a: Saphe|Venusaur|Venusaurite\n|move|p2a: Floette|Psychic|p1a: Saphe\n|-supereffective|p1a: Saphe|1\n|-damage|p1a: Saphe|46/100\n|move|p1b: Swirl|Weather Ball|p2b: Kingambit\n|-damage|p2b: Kingambit|45/100\n|move|p2b: Kingambit|Kowtow Cleave|p1a: Saphe\n|-damage|p1a: Saphe|14/100\n|move|p1a: Saphe|Leech Seed|p2b: Kingambit\n|-start|p2b: Kingambit|move: Leech Seed\n|\n|-weather|RainDance|[upkeep]\n|-damage|p2b: Kingambit|33/100|[from] Leech Seed|[of] p1a: Saphe\n|-heal|p1a: Saphe|26/100|[silent]\n|upkeep\n|turn|3\n|\n|t:|1776637543\n|switch|p1b: Silk|Ninetales-Alola, L50, F|100/100\n|-weather|Snowscape|[from] ability: Snow Warning|[of] p1b: Silk\n|switch|p2b: Basculegion|Basculegion, L50, M|100/100\n|move|p1a: Saphe|Protect|p1a: Saphe\n|-singleturn|p1a: Saphe|Protect\n|move|p2a: Floette|Dazzling Gleam|p1b: Silk|[spread] p1b\n|-activate|p1a: Saphe|move: Protect\n|-damage|p1b: Silk|52/100\n|\n|-weather|Snowscape|[upkeep]\n|upkeep\n|turn|4\n|inactive|Malk2x has 30 seconds left.\n|\n|t:|1776637576\n|move|p2b: Basculegion|Last Respects|p1a: Saphe\n|-damage|p1a: Saphe|0 fnt\n|faint|p1a: Saphe\n|move|p1b: Silk|Icy Wind|p2a: Floette|[spread] p2a,p2b\n|-resisted|p2b: Basculegion|1\n|-damage|p2a: Floette|92/100\n|-damage|p2b: Basculegion|93/100\n|-unboost|p2a: Floette|spe|1\n|-unboost|p2b: Basculegion|spe|1\n|move|p2a: Floette|Moonblast|p1b: Silk\n|-damage|p1b: Silk|0 fnt\n|faint|p1b: Silk\n|\n|-weather|Snowscape|[upkeep]\n|upkeep\n|\n|t:|1776637579\n|switch|p1b: Swirl|Politoed, L50, M, shiny|16/100\n|switch|p1a: Swiper|Sneasler, L50, M|100/100\n|-weather|RainDance|[from] ability: Drizzle|[of] p1b: Swirl\n|turn|5\n|\n|t:|1776637590\n|switch|p2b: Kingambit|Kingambit, L50, F|33/100\n|move|p1a: Swiper|Protect|p1a: Swiper\n|-singleturn|p1a: Swiper|Protect\n|move|p1b: Swirl|Weather Ball|p2b: Kingambit\n|-damage|p2b: Kingambit|0 fnt\n|faint|p2b: Kingambit\n|move|p2a: Floette|Dazzling Gleam|p1a: Swiper|[spread] p1b\n|-activate|p1a: Swiper|move: Protect\n|-damage|p1b: Swirl|0 fnt\n|faint|p1b: Swirl\n|\n|-weather|RainDance|[upkeep]\n|upkeep\n|\n|t:|1776637597\n|switch|p2b: Basculegion|Basculegion, L50, M|93/100\n|turn|6\n|\n|t:|1776637605\n|move|p2b: Basculegion|Wave Crash|p1a: Swiper\n|-enditem|p1a: Swiper|Focus Sash\n|-damage|p1a: Swiper|1/100\n|-damage|p2b: Basculegion|67/100|[from] Recoil\n|move|p1a: Swiper|Dire Claw|p2a: Floette\n|-supereffective|p2a: Floette|1\n|-damage|p2a: Floette|0 fnt\n|faint|p2a: Floette\n|\n|-weather|RainDance|[upkeep]\n|upkeep\n|turn|7\n|\n|t:|1776637613\n|move|p1a: Swiper|Dire Claw|p2b: Basculegion\n|-resisted|p2b: Basculegion|1\n|-damage|p2b: Basculegion|40/100\n|-status|p2b: Basculegion|slp\n|cant|p2b: Basculegion|slp\n|\n|-weather|RainDance|[upkeep]\n|upkeep\n|turn|8\n|\n|t:|1776637627\n|move|p1a: Swiper|Dire Claw|p2b: Basculegion\n|-resisted|p2b: Basculegion|1\n|-damage|p2b: Basculegion|13/100 slp\n|cant|p2b: Basculegion|slp\n|\n|-weather|RainDance|[upkeep]\n|upkeep\n|turn|9\n|\n|t:|1776637632\n|move|p1a: Swiper|Dire Claw|p2b: Basculegion\n|-resisted|p2b: Basculegion|1\n|-damage|p2b: Basculegion|0 fnt\n|faint|p2b: Basculegion\n|\n|win|Malk2x\n|raw|Malk2x's rating: 1490 &rarr; <strong>1512</strong><br />(+22 for winning)\n|raw|Pokeventurer's rating: 1523 &rarr; <strong>1501</strong><br />(-22 for losing)\n|l|\u2606Pokeventurer\n|player|p2|\n|l|\u2606Malk2x\n|player|p1|\n",
  "uploadtime": 1776637634,
  "views": 14,
  "formatid": "gen9championsvgc2026regma",
  "rating": 1501,
  "private": 0,
  "password": null
}