{
  "id": "gen9championsvgc2026regma-2583108499",
  "format": "[Gen 9 Champions] VGC 2026 Reg M-A",
  "players": [
    "zekstr",
    "viaaaaaan"
  ],
  "log": "|j|\u2606zekstr\n|j|\u2606viaaaaaan\n|t:|1776142970\n|gametype|doubles\n|player|p1|zekstr|roxie|\n|player|p2|viaaaaaan|miku-ghost|\n|gen|9\n|tier|[Gen 9 Champions] VGC 2026 Reg M-A\n|rated|Tournament battle\n|rule|Species Clause: Limit one of each Pok\u00e9mon\n|rule|Item Clause: Limit 1 of each item\n|clearpoke\n|poke|p1|Meganium, L50, F|\n|poke|p1|Pelipper, L50, F|\n|poke|p1|Basculegion, L50, M|\n|poke|p1|Clawitzer, L50, M|\n|poke|p1|Archaludon, L50, F|\n|poke|p1|Chimecho, L50, M|\n|poke|p2|Greninja-*, L50, F|\n|poke|p2|Aegislash, L50, M|\n|poke|p2|Incineroar, L50, M|\n|poke|p2|Gardevoir, L50, F|\n|poke|p2|Aerodactyl, L50, M|\n|poke|p2|Garchomp, L50, M|\n|teampreview|4\n|inactive|Battle timer is ON: inactive players will automatically lose when time's up. (requested by zekstr)\n|j| OnToTheOther\n|j| chumba03mmm\n|inactive|zekstr has 60 seconds left.\n|inactive|viaaaaaan has 60 seconds left.\n|j| knoxxzeta\n|\n|t:|1776143016\n|teamsize|p1|4\n|teamsize|p2|4\n|start\n|switch|p1a: Pelipper|Pelipper, L50, F|100/100\n|switch|p1b: Basculegion|Basculegion, L50, M|100/100\n|switch|p2a: Aerodactyl|Aerodactyl, L50, M|100/100\n|switch|p2b: Garchomp|Garchomp, L50, M|100/100\n|-ability|p2a: Aerodactyl|Unnerve\n|-weather|RainDance|[from] ability: Drizzle|[of] p1a: Pelipper\n|turn|1\n|j| matrod\n|j| xielt\n|inactive|zekstr has 30 seconds left.\n|\n|t:|1776143043\n|move|p1a: Pelipper|Wide Guard|p1a: Pelipper\n|-singleturn|p1a: Pelipper|Wide Guard\n|move|p1b: Basculegion|Wave Crash|p2a: Aerodactyl\n|-supereffective|p2a: Aerodactyl|1\n|-enditem|p2a: Aerodactyl|Focus Sash\n|-damage|p2a: Aerodactyl|1/100\n|-damage|p1b: Basculegion|75/100|[from] Recoil\n|move|p2a: Aerodactyl|Rock Slide|p1a: Pelipper|[spread] \n|-activate|p1a: Pelipper|move: Wide Guard\n|-activate|p1b: Basculegion|move: Wide Guard\n|move|p2b: Garchomp|Earthquake|p1a: Pelipper|[spread] \n|-activate|p1a: Pelipper|move: Wide Guard\n|-activate|p1b: Basculegion|move: Wide Guard\n|-immune|p2a: Aerodactyl\n|\n|-weather|RainDance|[upkeep]\n|upkeep\n|turn|2\n|c|\u2606viaaaaaan|lmao\n|j|+holdingb\n|inactive|zekstr has 30 seconds left.\n|inactive|viaaaaaan has 30 seconds left.\n|\n|t:|1776143072\n|move|p1b: Basculegion|Flip Turn|p2a: Aerodactyl\n|-supereffective|p2a: Aerodactyl|1\n|-damage|p2a: Aerodactyl|0 fnt\n|faint|p2a: Aerodactyl\n|j| magicalarcher57\n|\n|t:|1776143082\n|switch|p1b: Meganium|Meganium, L50, F, shiny|100/100|[from] Flip Turn\n|move|p2b: Garchomp|Stomping Tantrum|p1a: Pelipper\n|-immune|p1a: Pelipper\n|move|p1a: Pelipper|Tailwind|p1a: Pelipper\n|-sidestart|p1: zekstr|move: Tailwind\n|\n|-weather|RainDance|[upkeep]\n|upkeep\n|c|\u2606viaaaaaan|wait what\n|c|\u2606viaaaaaan|i thought i clicked d claw\n|l| xielt\n|c|\u2606viaaaaaan|:(\n|j| venson04\n|c| chumba03mmm|r.i.p\n|j| Jim's Esports\n|\n|t:|1776143103\n|switch|p2a: Gardevoir|Gardevoir, L50, F|100/100\n|turn|3\n|l| Jim's Esports\n|l| magicalarcher57\n|j|%Tb0lt\n|\n|t:|1776143121\n|switch|p2b: Aegislash|Aegislash, L50, M|100/100\n|detailschange|p1b: Meganium|Meganium-Mega, L50, F, shiny\n|-mega|p1b: Meganium|Meganium|Meganiumite\n|detailschange|p2a: Gardevoir|Gardevoir-Mega, L50, F\n|-mega|p2a: Gardevoir|Gardevoir|Gardevoirite\n|move|p1a: Pelipper|Hurricane|p2a: Gardevoir\n|-damage|p2a: Gardevoir|50/100\n|-start|p2a: Gardevoir|confusion\n|move|p1b: Meganium|Solar Beam||[still]\n|-prepare|p1b: Meganium|Solar Beam\n|-activate|p1b: Meganium|ability: Mega Sol\n|-anim|p1b: Meganium|Solar Beam|p2b: Aegislash\n|-resisted|p2b: Aegislash|1\n|-damage|p2b: Aegislash|73/100\n|-activate|p2a: Gardevoir|confusion\n|move|p2a: Gardevoir|Calm Mind|p2a: Gardevoir\n|-boost|p2a: Gardevoir|spa|1\n|-boost|p2a: Gardevoir|spd|1\n|\n|-weather|RainDance|[upkeep]\n|upkeep\n|turn|4\n|inactive|zekstr has 30 seconds left.\n|j| SH0CKING BLUE\n|\n|t:|1776143150\n|-activate|p2a: Gardevoir|confusion\n|move|p2a: Gardevoir|Protect|p2a: Gardevoir\n|-singleturn|p2a: Gardevoir|Protect\n|move|p1a: Pelipper|Wide Guard|p1a: Pelipper\n|-singleturn|p1a: Pelipper|Wide Guard\n|move|p1b: Meganium|Weather Ball|p2b: Aegislash\n|-supereffective|p2b: Aegislash|1\n|-damage|p2b: Aegislash|0 fnt\n|faint|p2b: Aegislash\n|\n|-weather|RainDance|[upkeep]\n|upkeep\n|c|\u2606viaaaaaan|ah well\n|c|\u2606viaaaaaan|gg wp\n|\n|t:|1776143166\n|switch|p2b: Garchomp|Garchomp, L50, M|100/100\n|turn|5\n|\n|t:|1776143178\n|move|p1a: Pelipper|Hurricane|p2a: Gardevoir\n|-damage|p2a: Gardevoir|14/100\n|move|p1b: Meganium|Solar Beam||[still]\n|-prepare|p1b: Meganium|Solar Beam\n|-activate|p1b: Meganium|ability: Mega Sol\n|-anim|p1b: Meganium|Solar Beam|p2b: Garchomp\n|-damage|p2b: Garchomp|32/100\n|move|p2b: Garchomp|Dragon Claw|p1a: Pelipper\n|-damage|p1a: Pelipper|40/100\n|-activate|p2a: Gardevoir|confusion\n|move|p2a: Gardevoir|Psyshock|p1a: Pelipper\n|-damage|p1a: Pelipper|0 fnt\n|faint|p1a: Pelipper\n|\n|-weather|none\n|-sideend|p1: zekstr|move: Tailwind\n|upkeep\n|j| mynamegrassgreen\n|j| Andrueninja\n|j| xalviss\n|l| knoxxzeta\n|\n|t:|1776143200\n|switch|p1a: Archaludon|Archaludon, L50, F|100/100\n|turn|6\n|j| knoxxzeta\n|l| xalviss\n|\n|t:|1776143223\n|move|p2b: Garchomp|Stomping Tantrum|p1b: Meganium\n|-resisted|p1b: Meganium|1\n|-damage|p1b: Meganium|84/100\n|-activate|p2a: Gardevoir|confusion\n|-damage|p2a: Gardevoir|2/100|[from] confusion\n|move|p1a: Archaludon|Flash Cannon|p2a: Gardevoir\n|-supereffective|p2a: Gardevoir|1\n|-damage|p2a: Gardevoir|0 fnt\n|faint|p2a: Gardevoir\n|move|p1b: Meganium|Solar Beam||[still]\n|-prepare|p1b: Meganium|Solar Beam\n|-activate|p1b: Meganium|ability: Mega Sol\n|-anim|p1b: Meganium|Solar Beam|p2b: Garchomp\n|-damage|p2b: Garchomp|0 fnt\n|faint|p2b: Garchomp\n|\n|win|zekstr\n|n|\u2606zekstr|zekstr\n|n|\u2606viaaaaaan|viaaaaaan\n|n| OnToTheOther|ontotheother\n|n| chumba03mmm|chumba03mmm\n|n| matrod|matrod\n|n| holdingb|holdingb\n|n| venson04|venson04\n|n|%Tb0lt|tb0lt\n|n| SH0CKING BLUE|sh0ckingblue\n|n| mynamegrassgreen|mynamegrassgreen\n|n| Andrueninja|andrueninja\n|n| knoxxzeta|knoxxzeta\n",
  "uploadtime": 1776143223,
  "views": 11,
  "formatid": "gen9championsvgc2026regma",
  "rating": null,
  "private": 0,
  "password": null
}