{
  "id": "gen9championsvgc2026regma-2587115736",
  "format": "[Gen 9 Champions] VGC 2026 Reg M-A",
  "players": [
    "Loudflamingo",
    "JoJoASM"
  ],
  "log": "|j|\u2606Loudflamingo\n|j|\u2606JoJoASM\n|t:|1776495601\n|gametype|doubles\n|player|p1|Loudflamingo|1|1302\n|player|p2|JoJoASM|hilda-wonderlauncher|1340\n|gen|9\n|tier|[Gen 9 Champions] VGC 2026 Reg M-A\n|rated|\n|rule|Species Clause: Limit one of each Pok\u00e9mon\n|rule|Item Clause: Limit 1 of each item\n|clearpoke\n|poke|p1|Sableye, L50, M|\n|poke|p1|Espathra, L50, F|\n|poke|p1|Milotic, L50, M|\n|poke|p1|Mimikyu, L50, M|\n|poke|p1|Garchomp, L50, F|\n|poke|p1|Maushold-Four, L50|\n|poke|p2|Delphox, L50, M|\n|poke|p2|Aerodactyl, L50, F|\n|poke|p2|Milotic, L50, F|\n|poke|p2|Sneasler, L50, M|\n|poke|p2|Kingambit, L50, M|\n|poke|p2|Clefable, L50, M|\n|teampreview|4\n|\n|t:|1776495629\n|teamsize|p1|4\n|teamsize|p2|4\n|start\n|switch|p1a: Sableye|Sableye, L50, M|100/100\n|switch|p1b: Espathra|Espathra, L50, F|100/100\n|switch|p2a: Clefable|Clefable, L50, M|100/100\n|switch|p2b: Imani|Milotic, L50, F|100/100\n|turn|1\n|\n|t:|1776495657\n|move|p2a: Clefable|Follow Me|p2a: Clefable\n|-singleturn|p2a: Clefable|move: Follow Me\n|move|p1a: Sableye|Taunt|p2a: Clefable\n|-start|p2a: Clefable|move: Taunt\n|move|p1b: Espathra|Hypnosis|p2a: Clefable|[miss]\n|-miss|p1b: Espathra|p2a: Clefable\n|move|p2b: Imani|Scald|p1a: Sableye\n|-damage|p1a: Sableye|45/100\n|\n|-ability|p1b: Espathra|Speed Boost|boost\n|-boost|p1b: Espathra|spe|1\n|upkeep\n|turn|2\n|\n|t:|1776495670\n|move|p2b: Imani|Protect|p2b: Imani\n|-singleturn|p2b: Imani|Protect\n|move|p1a: Sableye|Gravity|p1a: Sableye\n|-fieldstart|move: Gravity\n|move|p1b: Espathra|Hypnosis|p2b: Imani\n|-activate|p2b: Imani|move: Protect\n|move|p2a: Clefable|Moonblast|p1a: Sableye\n|-supereffective|p1a: Sableye|1\n|-damage|p1a: Sableye|0 fnt\n|faint|p1a: Sableye\n|\n|-ability|p1b: Espathra|Speed Boost|boost\n|-boost|p1b: Espathra|spe|1\n|upkeep\n|\n|t:|1776495685\n|switch|p1a: Maushold|Maushold-Four, L50|100/100\n|turn|3\n|\n|t:|1776495693\n|move|p1b: Espathra|Hypnosis|p2b: Imani\n|-status|p2b: Imani|slp|[from] move: Hypnosis\n|move|p1a: Maushold|Population Bomb|p2a: Clefable\n|-damage|p2a: Clefable|89/100\n|-damage|p2a: Clefable|78/100\n|-damage|p2a: Clefable|67/100\n|-damage|p2a: Clefable|54/100\n|-damage|p2a: Clefable|43/100\n|-enditem|p2a: Clefable|Sitrus Berry|[eat]\n|-heal|p2a: Clefable|67/100|[from] item: Sitrus Berry\n|-damage|p2a: Clefable|56/100\n|-damage|p2a: Clefable|45/100\n|-damage|p2a: Clefable|34/100\n|-damage|p2a: Clefable|24/100\n|-damage|p2a: Clefable|13/100\n|-hitcount|p2a: Clefable|10\n|cant|p2b: Imani|slp\n|move|p2a: Clefable|Moonblast|p1b: Espathra\n|-damage|p1b: Espathra|63/100\n|\n|-ability|p1b: Espathra|Speed Boost|boost\n|-boost|p1b: Espathra|spe|1\n|upkeep\n|turn|4\n|\n|t:|1776495722\n|move|p1b: Espathra|Lumina Crash|p2a: Clefable\n|-damage|p2a: Clefable|0 fnt\n|faint|p2a: Clefable\n|move|p1a: Maushold|Population Bomb|p2b: Imani\n|-damage|p2b: Imani|86/100 slp\n|-damage|p2b: Imani|75/100 slp\n|-damage|p2b: Imani|63/100 slp\n|-crit|p2b: Imani\n|-damage|p2b: Imani|45/100 slp\n|-damage|p2b: Imani|32/100 slp\n|-damage|p2b: Imani|20/100 slp\n|-damage|p2b: Imani|7/100 slp\n|-damage|p2b: Imani|0 fnt\n|faint|p2b: Imani\n|-hitcount|p2: Imani|8\n|\n|-ability|p1b: Espathra|Speed Boost|boost\n|-boost|p1b: Espathra|spe|1\n|upkeep\n|\n|t:|1776495739\n|switch|p2b: Kingambit|Kingambit, L50, M|100/100\n|switch|p2a: Sneasler|Sneasler, L50, M|100/100\n|turn|5\n|\n|t:|1776495751\n|move|p1b: Espathra|Hypnosis|p2b: Kingambit\n|-status|p2b: Kingambit|slp|[from] move: Hypnosis\n|move|p1a: Maushold|Population Bomb|p2a: Sneasler\n|-damage|p2a: Sneasler|79/100\n|-damage|p2a: Sneasler|57/100\n|-damage|p2a: Sneasler|34/100\n|-crit|p2a: Sneasler\n|-damage|p2a: Sneasler|3/100\n|-damage|p2a: Sneasler|0 fnt\n|faint|p2a: Sneasler\n|-hitcount|p2: Sneasler|5\n|cant|p2b: Kingambit|slp\n|\n|-ability|p1b: Espathra|Speed Boost|boost\n|-boost|p1b: Espathra|spe|1\n|upkeep\n|turn|6\n|\n|t:|1776495771\n|-curestatus|p2b: Kingambit|slp|[msg]\n|move|p2b: Kingambit|Sucker Punch||[still]\n|-fail|p2b: Kingambit\n|move|p1b: Espathra|Baton Pass|p1b: Espathra\n|\n|t:|1776495777\n|switch|p1b: Garchomp|Garchomp, L50, F|100/100|[from] Baton Pass\n|move|p1a: Maushold|Population Bomb|p2b: Kingambit\n|-resisted|p2b: Kingambit|1\n|-damage|p2b: Kingambit|97/100\n|-resisted|p2b: Kingambit|1\n|-damage|p2b: Kingambit|92/100\n|-resisted|p2b: Kingambit|1\n|-damage|p2b: Kingambit|88/100\n|-resisted|p2b: Kingambit|1\n|-damage|p2b: Kingambit|84/100\n|-resisted|p2b: Kingambit|1\n|-damage|p2b: Kingambit|80/100\n|-resisted|p2b: Kingambit|1\n|-damage|p2b: Kingambit|75/100\n|-resisted|p2b: Kingambit|1\n|-damage|p2b: Kingambit|71/100\n|-resisted|p2b: Kingambit|1\n|-damage|p2b: Kingambit|67/100\n|-resisted|p2b: Kingambit|1\n|-damage|p2b: Kingambit|63/100\n|-resisted|p2b: Kingambit|1\n|-damage|p2b: Kingambit|59/100\n|-hitcount|p2b: Kingambit|10\n|\n|-fieldend|move: Gravity\n|upkeep\n|turn|7\n|c|\u2606JoJoASM|this is the most obnoxious thing ive ever played against congrats\n|\n|t:|1776495801\n|move|p1b: Garchomp|Stomping Tantrum|p2b: Kingambit\n|-supereffective|p2b: Kingambit|1\n|-damage|p2b: Kingambit|0 fnt\n|faint|p2b: Kingambit\n|\n|win|Loudflamingo\n|raw|Loudflamingo's rating: 1302 &rarr; <strong>1324</strong><br />(+22 for winning)\n|raw|JoJoASM's rating: 1340 &rarr; <strong>1318</strong><br />(-22 for losing)\n|c|\u2606Loudflamingo|Lmao ty\n|c|\u2606Loudflamingo|I mean\n|c|\u2606Loudflamingo|I\u2019m using gravity\n|c|\u2606JoJoASM|i just wasnt expecting that im ngl\n|c|\u2606Loudflamingo|so I think it\u2019s a moral grey area\n|c|\u2606JoJoASM|gg though LOL\n|c|\u2606Loudflamingo|Gg\n|l|\u2606JoJoASM\n|player|p2|\n",
  "uploadtime": 1776495843,
  "views": 43,
  "formatid": "gen9championsvgc2026regma",
  "rating": 1318,
  "private": 0,
  "password": null
}