{
  "id": "gen9championsvgc2026regma-2585871461",
  "format": "[Gen 9 Champions] VGC 2026 Reg M-A",
  "players": [
    "iliasdelm",
    "piedi nei piedi"
  ],
  "log": "|j|\u2606iliasdelm\n|j|\u2606piedi nei piedi\n|t:|1776377181\n|gametype|doubles\n|player|p1|iliasdelm|gambler|1352\n|player|p2|piedi nei piedi|beni-ninja|1441\n|gen|9\n|tier|[Gen 9 Champions] VGC 2026 Reg M-A\n|rated|\n|rule|Species Clause: Limit one of each Pok\u00e9mon\n|rule|Item Clause: Limit 1 of each item\n|clearpoke\n|poke|p1|Heracross, L50, M|\n|poke|p1|Politoed, L50, M|\n|poke|p1|Archaludon, L50, M|\n|poke|p1|Sneasler, L50, M|\n|poke|p1|Basculegion, L50, M|\n|poke|p1|Kingambit, L50, M|\n|poke|p2|Hawlucha, L50, F|\n|poke|p2|Vanilluxe, L50, M|\n|poke|p2|Aegislash, L50, M|\n|poke|p2|Gliscor, L50, M|\n|poke|p2|Hydreigon, L50, F|\n|poke|p2|Charizard, L50, M|\n|teampreview|4\n|\n|t:|1776377220\n|teamsize|p1|4\n|teamsize|p2|4\n|start\n|switch|p1a: Archaludon|Archaludon, L50, M|100/100\n|switch|p1b: Basculegion|Basculegion, L50, M|100/100\n|switch|p2a: Hawlucha|Hawlucha, L50, F|100/100\n|switch|p2b: Hydreigon|Hydreigon, L50, F|100/100\n|turn|1\n|\n|t:|1776377232\n|detailschange|p2a: Hawlucha|Hawlucha-Mega, L50, F\n|-mega|p2a: Hawlucha|Hawlucha|Hawluchanite\n|move|p1b: Basculegion|Flip Turn|p2a: Hawlucha\n|-damage|p2a: Hawlucha|55/100\n|\n|t:|1776377237\n|switch|p1b: Politoed|Politoed, L50, M|100/100|[from] Flip Turn\n|-weather|RainDance|[from] ability: Drizzle|[of] p1b: Politoed\n|move|p2a: Hawlucha|Cross Chop|p1a: Archaludon\n|-supereffective|p1a: Archaludon|1\n|-damage|p1a: Archaludon|21/100\n|-ability|p1a: Archaludon|Stamina|boost\n|-boost|p1a: Archaludon|def|1\n|-enditem|p1a: Archaludon|Sitrus Berry|[eat]\n|-heal|p1a: Archaludon|46/100|[from] item: Sitrus Berry\n|move|p2b: Hydreigon|Dark Pulse|p1b: Politoed\n|-damage|p1b: Politoed|66/100\n|move|p1a: Archaludon|Electro Shot||[still]\n|-prepare|p1a: Archaludon|Electro Shot\n|-boost|p1a: Archaludon|spa|1\n|-anim|p1a: Archaludon|Electro Shot|p2a: Hawlucha\n|-supereffective|p2a: Hawlucha|1\n|-damage|p2a: Hawlucha|0 fnt\n|faint|p2a: Hawlucha\n|\n|-weather|RainDance|[upkeep]\n|-heal|p1b: Politoed|73/100|[from] item: Leftovers\n|upkeep\n|\n|t:|1776377254\n|switch|p2a: Vanilluxe|Vanilluxe, L50, M|100/100\n|-weather|Snowscape|[from] ability: Snow Warning|[of] p2a: Vanilluxe\n|turn|2\n|\n|t:|1776377266\n|move|p1a: Archaludon|Protect|p1a: Archaludon\n|-singleturn|p1a: Archaludon|Protect\n|move|p2b: Hydreigon|Dark Pulse|p1b: Politoed\n|-damage|p1b: Politoed|38/100\n|move|p2a: Vanilluxe|Blizzard|p1b: Politoed|[spread] p1b\n|-activate|p1a: Archaludon|move: Protect\n|-resisted|p1b: Politoed|1\n|-crit|p1b: Politoed\n|-damage|p1b: Politoed|13/100\n|move|p1b: Politoed|Icy Wind|p2a: Vanilluxe|[spread] p2a,p2b\n|-resisted|p2a: Vanilluxe|1\n|-supereffective|p2b: Hydreigon|1\n|-damage|p2a: Vanilluxe|95/100\n|-damage|p2b: Hydreigon|79/100\n|-unboost|p2a: Vanilluxe|spe|1\n|-unboost|p2b: Hydreigon|spe|1\n|\n|-weather|Snowscape|[upkeep]\n|-heal|p1b: Politoed|19/100|[from] item: Leftovers\n|upkeep\n|turn|3\n|\n|t:|1776377283\n|switch|p1b: Basculegion|Basculegion, L50, M|100/100\n|move|p2b: Hydreigon|Dark Pulse|p1a: Archaludon\n|-crit|p1a: Archaludon\n|-damage|p1a: Archaludon|0 fnt\n|faint|p1a: Archaludon\n|move|p2a: Vanilluxe|Blizzard|p1b: Basculegion\n|-resisted|p1b: Basculegion|1\n|-damage|p1b: Basculegion|72/100\n|\n|-weather|Snowscape|[upkeep]\n|upkeep\n|\n|t:|1776377292\n|switch|p1a: Heracross|Heracross, L50, M|100/100\n|turn|4\n|\n|t:|1776377304\n|switch|p2b: Gliscor|Gliscor, L50, M|100/100\n|detailschange|p1a: Heracross|Heracross-Mega, L50, M\n|-mega|p1a: Heracross|Heracross|Heracronite\n|move|p2a: Vanilluxe|Protect|p2a: Vanilluxe\n|-singleturn|p2a: Vanilluxe|Protect\n|move|p1b: Basculegion|Flip Turn|p2a: Vanilluxe\n|-activate|p2a: Vanilluxe|move: Protect\n|move|p1a: Heracross|Pin Missile|p2b: Gliscor\n|-resisted|p2b: Gliscor|1\n|-damage|p2b: Gliscor|91/100\n|-resisted|p2b: Gliscor|1\n|-damage|p2b: Gliscor|82/100\n|-resisted|p2b: Gliscor|1\n|-damage|p2b: Gliscor|73/100\n|-resisted|p2b: Gliscor|1\n|-damage|p2b: Gliscor|65/100\n|-resisted|p2b: Gliscor|1\n|-damage|p2b: Gliscor|57/100\n|-hitcount|p2b: Gliscor|5\n|\n|-weather|Snowscape|[upkeep]\n|upkeep\n|turn|5\n|\n|t:|1776377322\n|switch|p2a: Hydreigon|Hydreigon, L50, F|79/100\n|move|p2b: Gliscor|Protect|p2b: Gliscor\n|-singleturn|p2b: Gliscor|Protect\n|move|p1b: Basculegion|Flip Turn|p2b: Gliscor\n|-activate|p2b: Gliscor|move: Protect\n|move|p1a: Heracross|Rock Blast|p2a: Hydreigon\n|-damage|p2a: Hydreigon|65/100\n|-damage|p2a: Hydreigon|51/100\n|-crit|p2a: Hydreigon\n|-damage|p2a: Hydreigon|30/100\n|-damage|p2a: Hydreigon|15/100\n|-damage|p2a: Hydreigon|1/100\n|-hitcount|p2a: Hydreigon|5\n|\n|-weather|Snowscape|[upkeep]\n|upkeep\n|turn|6\n|\n|t:|1776377340\n|move|p1a: Heracross|Protect|p1a: Heracross\n|-singleturn|p1a: Heracross|Protect\n|move|p1b: Basculegion|Flip Turn|p2a: Hydreigon\n|-resisted|p2a: Hydreigon|1\n|-damage|p2a: Hydreigon|0 fnt\n|faint|p2a: Hydreigon\n|\n|t:|1776377344\n|switch|p1b: Politoed|Politoed, L50, M|19/100|[from] Flip Turn\n|-weather|RainDance|[from] ability: Drizzle|[of] p1b: Politoed\n|move|p2b: Gliscor|Dual Wingbeat|p1a: Heracross\n|-activate|p1a: Heracross|move: Protect\n|\n|-weather|RainDance|[upkeep]\n|-heal|p1b: Politoed|25/100|[from] item: Leftovers\n|upkeep\n|\n|t:|1776377347\n|switch|p2a: Vanilluxe|Vanilluxe, L50, M|95/100\n|-weather|Snowscape|[from] ability: Snow Warning|[of] p2a: Vanilluxe\n|turn|7\n|\n|t:|1776377364\n|switch|p1a: Basculegion|Basculegion, L50, M|72/100\n|move|p1b: Politoed|Protect|p1b: Politoed\n|-singleturn|p1b: Politoed|Protect\n|move|p2b: Gliscor|Dual Wingbeat|p1a: Basculegion\n|-damage|p1a: Basculegion|51/100\n|-crit|p1a: Basculegion\n|-damage|p1a: Basculegion|18/100\n|-hitcount|p1a: Basculegion|2\n|move|p2a: Vanilluxe|Freeze-Dry|p1b: Politoed\n|-activate|p1b: Politoed|move: Protect\n|\n|-weather|Snowscape|[upkeep]\n|-heal|p1b: Politoed|31/100|[from] item: Leftovers\n|upkeep\n|turn|8\n|\n|t:|1776377385\n|switch|p1b: Heracross|Heracross-Mega, L50, M|100/100\n|move|p1a: Basculegion|Aqua Jet|p2b: Gliscor\n|-supereffective|p2b: Gliscor|1\n|-enditem|p2b: Gliscor|Passho Berry|[eat]\n|-enditem|p2b: Gliscor|Passho Berry|[weaken]\n|-damage|p2b: Gliscor|29/100\n|move|p2b: Gliscor|Tailwind|p2b: Gliscor\n|-sidestart|p2: piedi nei piedi|move: Tailwind\n|move|p2a: Vanilluxe|Blizzard|p1a: Basculegion|[spread] p1a,p1b\n|-resisted|p1a: Basculegion|1\n|-damage|p1a: Basculegion|0 fnt\n|-damage|p1b: Heracross|68/100\n|-status|p1b: Heracross|frz\n|faint|p1a: Basculegion\n|\n|-weather|Snowscape|[upkeep]\n|upkeep\n|\n|t:|1776377392\n|switch|p1a: Politoed|Politoed, L50, M|31/100\n|-weather|RainDance|[from] ability: Drizzle|[of] p1a: Politoed\n|turn|9\n|\n|t:|1776377402\n|move|p2b: Gliscor|Dual Wingbeat|p1b: Heracross\n|-supereffective|p1b: Heracross|2\n|-crit|p1b: Heracross\n|-damage|p1b: Heracross|0 fnt\n|faint|p1b: Heracross\n|-hitcount|p1: Heracross|1\n|move|p2a: Vanilluxe|Freeze-Dry|p1a: Politoed\n|-supereffective|p1a: Politoed|1\n|-damage|p1a: Politoed|0 fnt\n|faint|p1a: Politoed\n|\n|win|piedi nei piedi\n|raw|iliasdelm's rating: 1352 &rarr; <strong>1337</strong><br />(-15 for losing)\n|raw|piedi nei piedi's rating: 1441 &rarr; <strong>1456</strong><br />(+15 for winning)\n",
  "uploadtime": 1776377402,
  "views": 29,
  "formatid": "gen9championsvgc2026regma",
  "rating": 1337,
  "private": 0,
  "password": null
}