{
  "id": "gen9championsvgc2026regma-2589458613",
  "format": "[Gen 9 Champions] VGC 2026 Reg M-A",
  "players": [
    "Kaazarav",
    "bretee"
  ],
  "log": "|j|\u2606Kaazarav\n|j|\u2606bretee\n|t:|1776724774\n|gametype|doubles\n|player|p1|Kaazarav|veteran|1214\n|player|p2|bretee|2|1174\n|gen|9\n|tier|[Gen 9 Champions] VGC 2026 Reg M-A\n|rated|\n|rule|Species Clause: Limit one of each Pok\u00e9mon\n|rule|Item Clause: Limit 1 of each item\n|clearpoke\n|poke|p1|Gengar, L50, F|\n|poke|p1|Incineroar, L50, F|\n|poke|p1|Kommo-o, L50, F|\n|poke|p1|Basculegion, L50, M|\n|poke|p1|Maushold, L50|\n|poke|p1|Rotom-Wash, L50|\n|poke|p2|Sneasler, L50, F|\n|poke|p2|Kingambit, L50, F|\n|poke|p2|Floette-Eternal, L50, F|\n|poke|p2|Basculegion, L50, M|\n|poke|p2|Froslass, L50, F|\n|poke|p2|Garchomp, L50, M|\n|teampreview|4\n|inactive|Battle timer is ON: inactive players will automatically lose when time's up. (requested by Kaazarav)\n|\n|t:|1776724800\n|teamsize|p1|4\n|teamsize|p2|4\n|start\n|switch|p1a: Rotom|Rotom-Wash, L50|100/100\n|switch|p1b: Maushold|Maushold, L50|100/100\n|switch|p2a: Sneasler|Sneasler, L50, F|100/100\n|switch|p2b: Floette|Floette-Eternal, L50, F|100/100\n|turn|1\n|\n|t:|1776724810\n|detailschange|p2b: Floette|Floette-Mega, L50, F\n|-mega|p2b: Floette|Floette|Floettite\n|-ability|p2b: Floette|Fairy Aura\n|move|p1b: Maushold|Protect|p1b: Maushold\n|-singleturn|p1b: Maushold|Protect\n|move|p2a: Sneasler|Fake Out|p1b: Maushold\n|-activate|p1b: Maushold|move: Protect\n|move|p2b: Floette|Dazzling Gleam|p1b: Maushold|[spread] p1a\n|-activate|p1b: Maushold|move: Protect\n|-damage|p1a: Rotom|65/100\n|move|p1a: Rotom|Will-O-Wisp|p2a: Sneasler|[miss]\n|-miss|p1a: Rotom|p2a: Sneasler\n|\n|upkeep\n|turn|2\n|inactive|Kaazarav has 30 seconds left.\n|\n|t:|1776724837\n|move|p2a: Sneasler|Close Combat|p1b: Maushold\n|-supereffective|p1b: Maushold|1\n|-enditem|p1b: Maushold|Focus Sash\n|-damage|p1b: Maushold|1/100\n|-unboost|p2a: Sneasler|def|1\n|-unboost|p2a: Sneasler|spd|1\n|move|p1b: Maushold|Encore|p2a: Sneasler\n|-start|p2a: Sneasler|Encore\n|move|p2b: Floette|Dazzling Gleam|p1a: Rotom|[spread] p1a,p1b\n|-damage|p1a: Rotom|24/100\n|-damage|p1b: Maushold|0 fnt\n|-enditem|p1a: Rotom|Sitrus Berry|[eat]\n|-heal|p1a: Rotom|49/100|[from] item: Sitrus Berry\n|faint|p1b: Maushold\n|move|p1a: Rotom|Hydro Pump|p2b: Floette\n|-damage|p2b: Floette|67/100\n|\n|upkeep\n|\n|t:|1776724850\n|switch|p1b: Gengar|Gengar, L50, F|100/100\n|turn|3\n|\n|t:|1776724862\n|detailschange|p1b: Gengar|Gengar-Mega, L50, F\n|-mega|p1b: Gengar|Gengar|Gengarite\n|move|p2a: Sneasler|Close Combat|p1a: Rotom\n|-damage|p1a: Rotom|0 fnt\n|-unboost|p2a: Sneasler|def|1\n|-unboost|p2a: Sneasler|spd|1\n|faint|p1a: Rotom\n|move|p1b: Gengar|Icy Wind|p2a: Sneasler|[spread] p2a,p2b\n|-damage|p2a: Sneasler|53/100\n|-damage|p2b: Floette|53/100\n|-unboost|p2a: Sneasler|spe|1\n|-unboost|p2b: Floette|spe|1\n|move|p2b: Floette|Light of Ruin|p1b: Gengar\n|-resisted|p1b: Gengar|1\n|-damage|p1b: Gengar|31/100\n|-damage|p2b: Floette|20/100|[from] Recoil\n|\n|upkeep\n|\n|t:|1776724872\n|switch|p1a: Basculegion|Basculegion, L50, M|100/100\n|turn|4\n|\n|t:|1776724884\n|move|p1a: Basculegion|Last Respects|p2a: Sneasler\n|-damage|p2a: Sneasler|0 fnt\n|faint|p2a: Sneasler\n|move|p1b: Gengar|Sludge Bomb|p2b: Floette\n|-supereffective|p2b: Floette|1\n|-damage|p2b: Floette|0 fnt\n|faint|p2b: Floette\n|\n|upkeep\n|\n|t:|1776724891\n|switch|p2a: Garchomp|Garchomp, L50, M|100/100\n|switch|p2b: Basculegion|Basculegion, L50, M|100/100\n|turn|5\n|\n|t:|1776724904\n|move|p1a: Basculegion|Last Respects|p2b: Basculegion\n|-supereffective|p2b: Basculegion|1\n|-damage|p2b: Basculegion|0 fnt\n|faint|p2b: Basculegion\n|move|p1b: Gengar|Icy Wind|p2a: Garchomp\n|-supereffective|p2a: Garchomp|2\n|-damage|p2a: Garchomp|11/100\n|-unboost|p2a: Garchomp|spe|1\n|move|p2a: Garchomp|Rock Slide|p1a: Basculegion|[spread] p1a,p1b\n|-damage|p1a: Basculegion|75/100\n|-damage|p1b: Gengar|10/100\n|\n|upkeep\n|turn|6\n|\n|t:|1776724913\n|move|p1a: Basculegion|Last Respects|p2a: Garchomp\n|-damage|p2a: Garchomp|0 fnt\n|faint|p2a: Garchomp\n|\n|win|Kaazarav\n|raw|Kaazarav's rating: 1214 &rarr; <strong>1236</strong><br />(+22 for winning)\n|raw|bretee's rating: 1174 &rarr; <strong>1152</strong><br />(-22 for losing)\n",
  "uploadtime": 1776724916,
  "views": 3,
  "formatid": "gen9championsvgc2026regma",
  "rating": 1152,
  "private": 0,
  "password": null
}