{
  "id": "gen9championsvgc2026regma-2588074442",
  "format": "[Gen 9 Champions] VGC 2026 Reg M-A",
  "players": [
    "Melee_Wolf",
    "farangjake"
  ],
  "log": "|j|\u2606Melee_Wolf\n|j|\u2606farangjake\n|t:|1776601255\n|gametype|doubles\n|player|p1|Melee_Wolf|red-gen1main|1082\n|player|p2|farangjake|hilbert|1000\n|gen|9\n|tier|[Gen 9 Champions] VGC 2026 Reg M-A\n|rated|\n|rule|Species Clause: Limit one of each Pok\u00e9mon\n|rule|Item Clause: Limit 1 of each item\n|clearpoke\n|poke|p1|Tinkaton, L50, F|\n|poke|p1|Milotic, L50, F|\n|poke|p1|Pelipper, L50, M|\n|poke|p1|Sableye, L50, F|\n|poke|p1|Sneasler, L50, M|\n|poke|p1|Dragonite, L50, M|\n|poke|p2|Floette-Eternal, L50, F|\n|poke|p2|Sneasler, L50, F|\n|poke|p2|Garchomp, L50, F|\n|poke|p2|Aerodactyl, L50, M|\n|poke|p2|Basculegion, L50, M|\n|poke|p2|Incineroar, L50, F|\n|teampreview|4\n|inactive|Battle timer is ON: inactive players will automatically lose when time's up. (requested by Melee_Wolf)\n|inactive|farangjake has 60 seconds left.\n|\n|t:|1776601313\n|teamsize|p1|4\n|teamsize|p2|4\n|start\n|switch|p1a: Sableye|Sableye, L50, F|100/100\n|switch|p1b: Sneasler|Sneasler, L50, M|100/100\n|switch|p2a: Aerodactyl|Aerodactyl, L50, M|100/100\n|switch|p2b: Basculegion|Basculegion, L50, M|100/100\n|-ability|p2a: Aerodactyl|Unnerve\n|turn|1\n|\n|t:|1776601333\n|move|p2a: Aerodactyl|Protect|p2a: Aerodactyl\n|-singleturn|p2a: Aerodactyl|Protect\n|move|p1b: Sneasler|Fake Out|p2a: Aerodactyl\n|-activate|p2a: Aerodactyl|move: Protect\n|move|p2b: Basculegion|Wave Crash|p1b: Sneasler\n|-damage|p1b: Sneasler|0 fnt\n|faint|p1b: Sneasler\n|-damage|p2b: Basculegion|74/100|[from] Recoil\n|move|p1a: Sableye|Foul Play|p2b: Basculegion\n|-supereffective|p2b: Basculegion|1\n|-damage|p2b: Basculegion|0 fnt\n|faint|p2b: Basculegion\n|\n|upkeep\n|\n|t:|1776601351\n|switch|p1b: Bubblegum|Tinkaton, L50, F|100/100\n|switch|p2b: Sneasler|Sneasler, L50, F|100/100\n|turn|2\n|\n|t:|1776601368\n|move|p2b: Sneasler|Fake Out|p1b: Bubblegum\n|-resisted|p1b: Bubblegum|1\n|-damage|p1b: Bubblegum|92/100\n|move|p1a: Sableye|Swagger|p1b: Bubblegum\n|-boost|p1b: Bubblegum|atk|2\n|-immune|p1b: Bubblegum|confusion|[from] ability: Own Tempo\n|move|p2a: Aerodactyl|Rock Slide|p1a: Sableye|[spread] p1a\n|-miss|p2a: Aerodactyl|p1b: Bubblegum\n|-damage|p1a: Sableye|77/100\n|cant|p1b: Bubblegum|flinch\n|\n|upkeep\n|turn|3\n|c|\u2606farangjake|thats some wild tech\n|\n|t:|1776601383\n|move|p1a: Sableye|Encore|p2b: Sneasler\n|-start|p2b: Sneasler|Encore\n|move|p2b: Sneasler|Fake Out||[still]\n|-hint|Fake Out only works on your first turn out.\n|-fail|p2b: Sneasler\n|move|p2a: Aerodactyl|Rock Slide|p1a: Sableye|[spread] p1a,p1b\n|-resisted|p1b: Bubblegum|1\n|-damage|p1a: Sableye|52/100\n|-damage|p1b: Bubblegum|77/100\n|move|p1b: Bubblegum|Gigaton Hammer|p2a: Aerodactyl\n|-supereffective|p2a: Aerodactyl|1\n|-enditem|p2a: Aerodactyl|Focus Sash\n|-damage|p2a: Aerodactyl|1/100\n|\n|upkeep\n|turn|4\n|\n|t:|1776601400\n|move|p2a: Aerodactyl|Rock Slide|p1b: Bubblegum|[spread] p1a,p1b\n|-resisted|p1b: Bubblegum|1\n|-damage|p1a: Sableye|29/100\n|-damage|p1b: Bubblegum|61/100\n|-activate|p2b: Sneasler|move: Struggle\n|move|p2b: Sneasler|Struggle|p1a: Sableye\n|-damage|p1a: Sableye|10/100\n|-damage|p2b: Sneasler|76/100|[from] recoil\n|move|p1b: Bubblegum|Play Rough|p2b: Sneasler\n|-damage|p2b: Sneasler|0 fnt\n|faint|p2b: Sneasler\n|cant|p1a: Sableye|flinch\n|\n|upkeep\n|\n|t:|1776601402\n|switch|p2b: Floette|Floette-Eternal, L50, F|100/100\n|turn|5\n|\n|t:|1776601422\n|switch|p1a: Biggs|Pelipper, L50, M|100/100\n|-weather|RainDance|[from] ability: Drizzle|[of] p1a: Biggs\n|detailschange|p2b: Floette|Floette-Mega, L50, F\n|-mega|p2b: Floette|Floette|Floettite\n|-ability|p2b: Floette|Fairy Aura\n|move|p2a: Aerodactyl|Rock Slide|p1a: Biggs|[spread] p1a,p1b\n|-supereffective|p1a: Biggs|1\n|-resisted|p1b: Bubblegum|1\n|-damage|p1a: Biggs|60/100\n|-damage|p1b: Bubblegum|47/100\n|move|p2b: Floette|Moonblast|p1b: Bubblegum\n|-resisted|p1b: Bubblegum|1\n|-damage|p1b: Bubblegum|17/100\n|move|p1b: Bubblegum|Gigaton Hammer|p2b: Floette\n|-supereffective|p2b: Floette|1\n|-damage|p2b: Floette|0 fnt\n|faint|p2b: Floette\n|\n|-weather|RainDance|[upkeep]\n|upkeep\n|turn|6\n|\n|t:|1776601439\n|move|p1a: Biggs|Wide Guard|p1a: Biggs\n|-singleturn|p1a: Biggs|Wide Guard\n|move|p2a: Aerodactyl|Rock Slide|p1b: Bubblegum|[spread] \n|-activate|p1a: Biggs|move: Wide Guard\n|-activate|p1b: Bubblegum|move: Wide Guard\n|move|p1b: Bubblegum|Play Rough|p2a: Aerodactyl\n|-damage|p2a: Aerodactyl|0 fnt\n|faint|p2a: Aerodactyl\n|\n|win|Melee_Wolf\n|raw|Melee_Wolf's rating: 1082 &rarr; <strong>1103</strong><br />(+21 for winning)\n|raw|farangjake's rating: 1000 &rarr; <strong>1000</strong><br />(+0 for losing)\n",
  "uploadtime": 1776601442,
  "views": 15,
  "formatid": "gen9championsvgc2026regma",
  "rating": 1000,
  "private": 0,
  "password": null
}