{
  "id": "gen9championsvgc2026regma-2585035467",
  "format": "[Gen 9 Champions] VGC 2026 Reg M-A",
  "players": [
    "godfocker",
    "1Anything"
  ],
  "log": "|j|\u2606godfocker\n|j|\u26061Anything\n|t:|1776305402\n|gametype|doubles\n|player|p1|godfocker|1|1389\n|player|p2|1Anything|1|1382\n|gen|9\n|tier|[Gen 9 Champions] VGC 2026 Reg M-A\n|rated|\n|rule|Species Clause: Limit one of each Pok\u00e9mon\n|rule|Item Clause: Limit 1 of each item\n|clearpoke\n|poke|p1|Kingambit, L50, F|\n|poke|p1|Gengar, L50, F|\n|poke|p1|Pelipper, L50, M|\n|poke|p1|Sinistcha, L50|\n|poke|p1|Kommo-o, L50, M|\n|poke|p1|Incineroar, L50, F|\n|poke|p2|Charizard, L50, F|\n|poke|p2|Whimsicott, L50, M|\n|poke|p2|Basculegion, L50, M|\n|poke|p2|Farigiraf, L50, F|\n|poke|p2|Kangaskhan, L50, F|\n|poke|p2|Sneasler, L50, F|\n|teampreview|4\n|inactive|Battle timer is ON: inactive players will automatically lose when time's up. (requested by godfocker)\n|\n|t:|1776305462\n|teamsize|p1|4\n|teamsize|p2|4\n|start\n|switch|p1a: Gengar|Gengar, L50, F|100/100\n|switch|p1b: Kingambit|Kingambit, L50, F|100/100\n|switch|p2a: Sneasler|Sneasler, L50, F|100/100\n|switch|p2b: Kangaskhan|Kangaskhan, L50, F|100/100\n|turn|1\n|\n|t:|1776305481\n|switch|p1b: Sinistcha|Sinistcha, L50|100/100\n|detailschange|p1a: Gengar|Gengar-Mega, L50, F\n|-mega|p1a: Gengar|Gengar|Gengarite\n|move|p1a: Gengar|Protect|p1a: Gengar\n|-singleturn|p1a: Gengar|Protect\n|move|p2b: Kangaskhan|Fake Out|p1a: Gengar\n|-activate|p1a: Gengar|move: Protect\n|move|p2a: Sneasler|Close Combat|p1b: Sinistcha\n|-immune|p1b: Sinistcha\n|\n|upkeep\n|turn|2\n|inactive|1Anything has 30 seconds left.\n|\n|t:|1776305511\n|detailschange|p2b: Kangaskhan|Kangaskhan-Mega, L50, F\n|-mega|p2b: Kangaskhan|Kangaskhan|Kangaskhanite\n|move|p1b: Sinistcha|Rage Powder|p1b: Sinistcha\n|-singleturn|p1b: Sinistcha|move: Rage Powder\n|move|p2b: Kangaskhan|Sucker Punch||[still]\n|-fail|p2b: Kangaskhan\n|move|p1a: Gengar|Perish Song|p1a: Gengar\n|-start|p1a: Gengar|perish3|[silent]\n|-start|p1b: Sinistcha|perish3|[silent]\n|-start|p2a: Sneasler|perish3|[silent]\n|-start|p2b: Kangaskhan|perish3|[silent]\n|-fieldactivate|move: Perish Song\n|move|p2a: Sneasler|Throat Chop|p1b: Sinistcha\n|-supereffective|p1b: Sinistcha|1\n|-damage|p1b: Sinistcha|54/100\n|-start|p1b: Sinistcha|Throat Chop|[silent]\n|\n|-start|p1a: Gengar|perish3\n|-start|p2a: Sneasler|perish3\n|-start|p2b: Kangaskhan|perish3\n|-start|p1b: Sinistcha|perish3\n|upkeep\n|turn|3\n|inactive|1Anything has 30 seconds left.\n|inactive|godfocker has 30 seconds left.\n|\n|t:|1776305554\n|move|p1a: Gengar|Protect|p1a: Gengar\n|-singleturn|p1a: Gengar|Protect\n|move|p1b: Sinistcha|Protect|p1b: Sinistcha\n|-singleturn|p1b: Sinistcha|Protect\n|move|p2b: Kangaskhan|Sucker Punch||[still]\n|-fail|p2b: Kangaskhan\n|move|p2a: Sneasler|Throat Chop|p1b: Sinistcha\n|-activate|p1b: Sinistcha|move: Protect\n|\n|-end|p1b: Sinistcha|Throat Chop|[silent]\n|-start|p1a: Gengar|perish2\n|-start|p2a: Sneasler|perish2\n|-start|p2b: Kangaskhan|perish2\n|-start|p1b: Sinistcha|perish2\n|upkeep\n|turn|4\n|\n|t:|1776305572\n|switch|p1b: Kingambit|Kingambit, L50, F|100/100\n|move|p2b: Kangaskhan|Sucker Punch||[still]\n|-fail|p2b: Kangaskhan\n|move|p1a: Gengar|Substitute|p1a: Gengar\n|-start|p1a: Gengar|Substitute\n|-damage|p1a: Gengar|76/100\n|move|p2a: Sneasler|Throat Chop|p1a: Gengar\n|-supereffective|p1a: Gengar|1\n|-end|p1a: Gengar|Substitute\n|\n|-start|p1a: Gengar|perish1\n|-start|p2a: Sneasler|perish1\n|-start|p2b: Kangaskhan|perish1\n|upkeep\n|turn|5\n|inactive|1Anything has 30 seconds left.\n|inactive|1Anything has 20 seconds left.\n|\n|t:|1776305609\n|switch|p1a: Sinistcha|Sinistcha, L50|54/100\n|move|p1b: Kingambit|Protect|p1b: Kingambit\n|-singleturn|p1b: Kingambit|Protect\n|move|p2a: Sneasler|Throat Chop|p1a: Sinistcha\n|-supereffective|p1a: Sinistcha|1\n|-damage|p1a: Sinistcha|9/100\n|-start|p1a: Sinistcha|Throat Chop|[silent]\n|-enditem|p1a: Sinistcha|Sitrus Berry|[eat]\n|-heal|p1a: Sinistcha|34/100|[from] item: Sitrus Berry\n|move|p2b: Kangaskhan|Drain Punch|p1b: Kingambit\n|-activate|p1b: Kingambit|move: Protect\n|\n|-start|p2a: Sneasler|perish0\n|-start|p2b: Kangaskhan|perish0\n|faint|p2a: Sneasler\n|faint|p2b: Kangaskhan\n|upkeep\n|\n|t:|1776305623\n|switch|p2a: Charizard|Charizard, L50, F|100/100\n|switch|p2b: Basculegion|Basculegion, L50, M|100/100\n|turn|6\n|\n|t:|1776305643\n|switch|p1b: Pelipper|Pelipper, L50, M|100/100\n|-weather|RainDance|[from] ability: Drizzle|[of] p1b: Pelipper\n|move|p1a: Sinistcha|Protect|p1a: Sinistcha\n|-singleturn|p1a: Sinistcha|Protect\n|move|p2b: Basculegion|Last Respects|p1b: Pelipper\n|-damage|p1b: Pelipper|29/100\n|move|p2a: Charizard|Heat Wave|p1a: Sinistcha|[spread] \n|-activate|p1a: Sinistcha|move: Protect\n|-miss|p2a: Charizard|p1b: Pelipper\n|\n|-weather|RainDance|[upkeep]\n|-end|p1a: Sinistcha|Throat Chop|[silent]\n|upkeep\n|turn|7\n|inactive|godfocker has 30 seconds left.\n|inactive|1Anything has 30 seconds left.\n|\n|t:|1776305678\n|move|p2a: Charizard|Protect|p2a: Charizard\n|-singleturn|p2a: Charizard|Protect\n|move|p1a: Sinistcha|Rage Powder|p1a: Sinistcha\n|-singleturn|p1a: Sinistcha|move: Rage Powder\n|move|p2b: Basculegion|Last Respects|p1a: Sinistcha\n|-supereffective|p1a: Sinistcha|1\n|-crit|p1a: Sinistcha\n|-damage|p1a: Sinistcha|0 fnt\n|faint|p1a: Sinistcha\n|move|p1b: Pelipper|Weather Ball|p2a: Charizard\n|-activate|p2a: Charizard|move: Protect\n|\n|-weather|RainDance|[upkeep]\n|upkeep\n|\n|t:|1776305684\n|switch|p1a: Kingambit|Kingambit, L50, F|100/100\n|turn|8\n|\n|t:|1776305696\n|move|p1a: Kingambit|Sucker Punch|p2b: Basculegion\n|-supereffective|p2b: Basculegion|1\n|-crit|p2b: Basculegion\n|-damage|p2b: Basculegion|0 fnt\n|faint|p2b: Basculegion\n|move|p2a: Charizard|Heat Wave|p1a: Kingambit|[spread] p1a,p1b\n|-supereffective|p1a: Kingambit|1\n|-resisted|p1b: Pelipper|1\n|-damage|p1a: Kingambit|73/100\n|-damage|p1b: Pelipper|20/100\n|move|p1b: Pelipper|Weather Ball|p2a: Charizard\n|-supereffective|p2a: Charizard|1\n|-damage|p2a: Charizard|0 fnt\n|faint|p2a: Charizard\n|\n|win|godfocker\n|raw|godfocker's rating: 1389 &rarr; <strong>1409</strong><br />(+20 for winning)\n|raw|1Anything's rating: 1382 &rarr; <strong>1362</strong><br />(-20 for losing)\n|l|\u26061Anything\n|player|p2|\n",
  "uploadtime": 1776305705,
  "views": 32,
  "formatid": "gen9championsvgc2026regma",
  "rating": 1362,
  "private": 0,
  "password": null
}