{
  "id": "gen9championsvgc2026regma-2583395236",
  "format": "[Gen 9 Champions] VGC 2026 Reg M-A",
  "players": [
    "confi_amc",
    "NegaiFreak"
  ],
  "log": "|j|\u2606confi_amc\n|j|\u2606NegaiFreak\n|t:|1776172714\n|gametype|doubles\n|player|p1|confi_amc|101|1205\n|player|p2|NegaiFreak|266|1262\n|gen|9\n|tier|[Gen 9 Champions] VGC 2026 Reg M-A\n|rated|\n|rule|Species Clause: Limit one of each Pok\u00e9mon\n|rule|Item Clause: Limit 1 of each item\n|clearpoke\n|poke|p1|Floette-Eternal, L50, F|\n|poke|p1|Maushold, L50|\n|poke|p1|Garchomp, L50, M|\n|poke|p1|Rotom-Wash, L50|\n|poke|p1|Talonflame, L50, F|\n|poke|p1|Aegislash, L50, M|\n|poke|p2|Archaludon, L50, F|\n|poke|p2|Pelipper, L50, F|\n|poke|p2|Basculegion, L50, M|\n|poke|p2|Meganium, L50, F|\n|poke|p2|Maushold-Four, L50|\n|poke|p2|Farigiraf, L50, F|\n|teampreview|4\n|inactive|Battle timer is ON: inactive players will automatically lose when time's up. (requested by NegaiFreak)\n|c|\u2606NegaiFreak|GLHF\n|inactive|confi_amc has 60 seconds left.\n|inactive|confi_amc has 30 seconds left.\n|inactive|confi_amc has 20 seconds left.\n|inactive|confi_amc has 15 seconds left.\n|inactive|confi_amc has 10 seconds left.\n|inactive|confi_amc has 5 seconds left.\n|\n|t:|1776172801\n|teamsize|p1|4\n|teamsize|p2|4\n|start\n|switch|p1a: Talonflame|Talonflame, L50, F|100/100\n|switch|p1b: Rotom|Rotom-Wash, L50|100/100\n|switch|p2a: Pelipper|Pelipper, L50, F|100/100\n|switch|p2b: Basculegion|Basculegion, L50, M|100/100\n|-weather|RainDance|[from] ability: Drizzle|[of] p2a: Pelipper\n|turn|1\n|inactive|confi_amc has 30 seconds left.\n|inactive|confi_amc has 20 seconds left.\n|\n|t:|1776172840\n|move|p1a: Talonflame|Tailwind|p1a: Talonflame\n|-sidestart|p1: confi_amc|move: Tailwind\n|move|p2b: Basculegion|Flip Turn|p1a: Talonflame\n|-supereffective|p1a: Talonflame|1\n|-damage|p1a: Talonflame|0 fnt\n|faint|p1a: Talonflame\n|\n|t:|1776172852\n|switch|p2b: Archaludon|Archaludon, L50, F|100/100|[from] Flip Turn\n|move|p1b: Rotom|Thunderbolt|p2a: Pelipper\n|-supereffective|p2a: Pelipper|2\n|-enditem|p2a: Pelipper|Focus Sash\n|-damage|p2a: Pelipper|1/100\n|move|p2a: Pelipper|Tailwind|p2a: Pelipper\n|-sidestart|p2: NegaiFreak|move: Tailwind\n|\n|-weather|RainDance|[upkeep]\n|upkeep\n|\n|t:|1776172869\n|switch|p1a: Floette|Floette-Eternal, L50, F|100/100\n|turn|2\n|inactive|confi_amc has 30 seconds left.\n|\n|t:|1776172897\n|detailschange|p1a: Floette|Floette-Mega, L50, F\n|-mega|p1a: Floette|Floette|Floettite\n|-ability|p1a: Floette|Fairy Aura\n|move|p1b: Rotom|Helping Hand|p1a: Floette\n|-singleturn|p1a: Floette|Helping Hand|[of] p1b: Rotom\n|move|p2a: Pelipper|Protect|p2a: Pelipper\n|-singleturn|p2a: Pelipper|Protect\n|move|p2b: Archaludon|Electro Shot||[still]\n|-prepare|p2b: Archaludon|Electro Shot\n|-boost|p2b: Archaludon|spa|1\n|-anim|p2b: Archaludon|Electro Shot|p1a: Floette\n|-crit|p1a: Floette\n|-damage|p1a: Floette|18/100\n|move|p1a: Floette|Dazzling Gleam|p2a: Pelipper|[spread] p2b\n|-activate|p2a: Pelipper|move: Protect\n|-ability|p2b: Archaludon|Sturdy\n|-damage|p2b: Archaludon|1/100\n|\n|-weather|RainDance|[upkeep]\n|upkeep\n|turn|3\n|inactive|confi_amc has 30 seconds left.\n|inactive|NegaiFreak has 30 seconds left.\n|inactive|confi_amc has 20 seconds left.\n|inactive|NegaiFreak has 20 seconds left.\n|inactive|confi_amc has 15 seconds left.\n|inactive|NegaiFreak has 15 seconds left.\n|inactive|confi_amc has 10 seconds left.\n|inactive|NegaiFreak has 10 seconds left.\n|inactive|confi_amc has 5 seconds left.\n|inactive|NegaiFreak has 5 seconds left.\n|\n|t:|1776172950\n|move|p1a: Floette|Protect|p1a: Floette\n|-singleturn|p1a: Floette|Protect\n|move|p2b: Archaludon|Electro Shot||[still]\n|-prepare|p2b: Archaludon|Electro Shot\n|-boost|p2b: Archaludon|spa|1\n|-anim|p2b: Archaludon|Electro Shot|p1b: Rotom\n|-damage|p1b: Rotom|0 fnt\n|faint|p1b: Rotom\n|move|p2a: Pelipper|Weather Ball|p1a: Floette\n|-activate|p1a: Floette|move: Protect\n|\n|-weather|RainDance|[upkeep]\n|upkeep\n|\n|t:|1776172961\n|switch|p1b: Aegislash|Aegislash, L50, M|100/100\n|turn|4\n|\n|t:|1776172978\n|-formechange|p1b: Aegislash|Aegislash-Blade|\n|move|p1b: Aegislash|Shadow Sneak|p2b: Archaludon\n|-damage|p2b: Archaludon|0 fnt\n|faint|p2b: Archaludon\n|move|p1a: Floette|Calm Mind|p1a: Floette\n|-boost|p1a: Floette|spa|1\n|-boost|p1a: Floette|spd|1\n|move|p2a: Pelipper|Weather Ball|p1a: Floette\n|-damage|p1a: Floette|0 fnt\n|faint|p1a: Floette\n|\n|-weather|RainDance|[upkeep]\n|-sideend|p2: NegaiFreak|move: Tailwind\n|-sideend|p1: confi_amc|move: Tailwind\n|upkeep\n|\n|t:|1776172993\n|switch|p2b: Meganium|Meganium, L50, F|100/100\n|turn|5\n|\n|t:|1776173010\n|switch|p2a: Basculegion|Basculegion, L50, M|100/100\n|move|p2b: Meganium|Protect|p2b: Meganium\n|-singleturn|p2b: Meganium|Protect\n|move|p1b: Aegislash|Poltergeist|p2b: Meganium\n|-activate|p2b: Meganium|move: Protect\n|\n|-weather|none\n|upkeep\n|turn|6\n|\n|t:|1776173028\n|switch|p2a: Pelipper|Pelipper, L50, F|1/100\n|-weather|RainDance|[from] ability: Drizzle|[of] p2a: Pelipper\n|detailschange|p2b: Meganium|Meganium-Mega, L50, F\n|-mega|p2b: Meganium|Meganium|Meganiumite\n|move|p2b: Meganium|Weather Ball|p1b: Aegislash\n|-supereffective|p1b: Aegislash|1\n|-damage|p1b: Aegislash|0 fnt\n|faint|p1b: Aegislash\n|\n|win|NegaiFreak\n|raw|confi_amc's rating: 1205 &rarr; <strong>1184</strong><br />(-21 for losing)\n|raw|NegaiFreak's rating: 1262 &rarr; <strong>1283</strong><br />(+21 for winning)\n|c|\u2606NegaiFreak|GG, WP\n",
  "uploadtime": 1776173054,
  "views": 16,
  "formatid": "gen9championsvgc2026regma",
  "rating": 1184,
  "private": 0,
  "password": null
}