{
  "id": "gen9championsvgc2026regma-2584473215",
  "format": "[Gen 9 Champions] VGC 2026 Reg M-A",
  "players": [
    "MediocreCook",
    "AdrinVGC"
  ],
  "log": "|j|\u2606MediocreCook\n|j|\u2606AdrinVGC\n|t:|1776263216\n|gametype|doubles\n|player|p1|MediocreCook|alder|1136\n|player|p2|AdrinVGC|1|1078\n|gen|9\n|tier|[Gen 9 Champions] VGC 2026 Reg M-A\n|rated|\n|rule|Species Clause: Limit one of each Pok\u00e9mon\n|rule|Item Clause: Limit 1 of each item\n|clearpoke\n|poke|p1|Basculegion, L50, M|\n|poke|p1|Pelipper, L50, M|\n|poke|p1|Sableye, L50, M|\n|poke|p1|Meganium, L50, M|\n|poke|p1|Starmie, L50|\n|poke|p1|Archaludon, L50, M|\n|poke|p2|Charizard, L50, M|\n|poke|p2|Venusaur, L50, F|\n|poke|p2|Basculegion-F, L50, F|\n|poke|p2|Garchomp, L50, F|\n|poke|p2|Sneasler, L50, M|\n|poke|p2|Incineroar, L50, M|\n|teampreview|4\n|inactive|Battle timer is ON: inactive players will automatically lose when time's up. (requested by MediocreCook)\n|j| eclipsesucks\n|\n|t:|1776263235\n|teamsize|p1|4\n|teamsize|p2|4\n|start\n|switch|p1a: Starmie|Starmie, L50, shiny|100/100\n|switch|p1b: Sableye|Sableye, L50, M, shiny|100/100\n|switch|p2a: Charizard|Charizard, L50, M, shiny|100/100\n|switch|p2b: Incineroar|Incineroar, L50, M, shiny|100/100\n|-ability|p2b: Incineroar|Intimidate|boost\n|-unboost|p1a: Starmie|atk|1\n|-unboost|p1b: Sableye|atk|1\n|turn|1\n|inactive|AdrinVGC has 30 seconds left.\n|\n|t:|1776263266\n|detailschange|p1a: Starmie|Starmie-Mega, L50, shiny\n|-mega|p1a: Starmie|Starmie|Starminite\n|detailschange|p2a: Charizard|Charizard-Mega-Y, L50, M, shiny\n|-mega|p2a: Charizard|Charizard|Charizardite Y\n|-weather|SunnyDay|[from] ability: Drought|[of] p2a: Charizard\n|move|p2b: Incineroar|Fake Out|p1a: Starmie\n|-damage|p1a: Starmie|84/100\n|move|p1b: Sableye|Fake Out|p2a: Charizard\n|-damage|p2a: Charizard|92/100\n|cant|p1a: Starmie|flinch\n|cant|p2a: Charizard|flinch\n|\n|-weather|SunnyDay|[upkeep]\n|upkeep\n|turn|2\n|\n|t:|1776263291\n|switch|p2b: Venusaur|Venusaur, L50, F, shiny|100/100\n|move|p2a: Charizard|Protect|p2a: Charizard\n|-singleturn|p2a: Charizard|Protect\n|move|p1b: Sableye|Rain Dance|p1b: Sableye\n|-weather|RainDance\n|move|p1a: Starmie|Flip Turn|p2b: Venusaur\n|-resisted|p2b: Venusaur|1\n|-damage|p2b: Venusaur|74/100\n|\n|t:|1776263302\n|switch|p1a: Basculegion|Basculegion, L50, M, shiny|100/100|[from] Flip Turn\n|\n|-weather|RainDance|[upkeep]\n|-heal|p2b: Venusaur|80/100|[from] item: Leftovers\n|upkeep\n|turn|3\n|\n|t:|1776263324\n|switch|p2a: Sneasler|Sneasler, L50, M, shiny|100/100\n|move|p1b: Sableye|Taunt|p2b: Venusaur\n|-start|p2b: Venusaur|move: Taunt\n|move|p1a: Basculegion|Flip Turn|p2a: Sneasler\n|-damage|p2a: Sneasler|8/100\n|\n|t:|1776263336\n|switch|p1a: Pelipper|Pelipper, L50, M, shiny|100/100|[from] Flip Turn\n|move|p2b: Venusaur|Giga Drain|p1a: Pelipper\n|-damage|p1a: Pelipper|68/100\n|-heal|p2b: Venusaur|95/100|[from] drain|[of] p1a: Pelipper\n|\n|-weather|RainDance|[upkeep]\n|-heal|p2b: Venusaur|100/100|[from] item: Leftovers\n|upkeep\n|turn|4\n|inactive|AdrinVGC has 30 seconds left.\n|inactive|AdrinVGC has 20 seconds left.\n|inactive|MediocreCook has 30 seconds left.\n|\n|t:|1776263382\n|switch|p2b: Charizard|Charizard-Mega-Y, L50, M, shiny|92/100\n|-weather|SunnyDay|[from] ability: Drought|[of] p2b: Charizard\n|switch|p1b: Starmie|Starmie-Mega, L50, shiny|84/100\n|move|p2a: Sneasler|Protect|p2a: Sneasler\n|-singleturn|p2a: Sneasler|Protect\n|move|p1a: Pelipper|Tailwind|p1a: Pelipper\n|-sidestart|p1: MediocreCook|move: Tailwind\n|\n|-weather|SunnyDay|[upkeep]\n|upkeep\n|turn|5\n|inactive|AdrinVGC has 30 seconds left.\n|\n|t:|1776263413\n|switch|p2a: Venusaur|Venusaur, L50, F, shiny|100/100\n|move|p2b: Charizard|Protect|p2b: Charizard\n|-singleturn|p2b: Charizard|Protect\n|move|p1b: Starmie|Liquidation|p2b: Charizard\n|-activate|p2b: Charizard|move: Protect\n|move|p1a: Pelipper|Weather Ball|p2a: Venusaur\n|-supereffective|p2a: Venusaur|1\n|-damage|p2a: Venusaur|37/100\n|\n|-weather|SunnyDay|[upkeep]\n|-heal|p2a: Venusaur|43/100|[from] item: Leftovers\n|upkeep\n|turn|6\n|inactive|MediocreCook has 30 seconds left.\n|\n|t:|1776263443\n|switch|p2b: Incineroar|Incineroar, L50, M, shiny|100/100\n|-ability|p2b: Incineroar|Intimidate|boost\n|-unboost|p1a: Pelipper|atk|1\n|-unboost|p1b: Starmie|atk|1\n|move|p2a: Venusaur|Protect|p2a: Venusaur\n|-singleturn|p2a: Venusaur|Protect\n|move|p1b: Starmie|Flip Turn|p2b: Incineroar\n|-supereffective|p2b: Incineroar|1\n|-damage|p2b: Incineroar|65/100\n|\n|t:|1776263447\n|switch|p1b: Sableye|Sableye, L50, M, shiny|100/100|[from] Flip Turn\n|move|p1a: Pelipper|Weather Ball|p2a: Venusaur\n|-activate|p2a: Venusaur|move: Protect\n|\n|-weather|SunnyDay|[upkeep]\n|-heal|p2a: Venusaur|49/100|[from] item: Leftovers\n|upkeep\n|turn|7\n|inactive|AdrinVGC has 30 seconds left.\n|inactive|AdrinVGC has 20 seconds left.\n|inactive|AdrinVGC has 15 seconds left.\n|\n|t:|1776263492\n|switch|p1a: Basculegion|Basculegion, L50, M, shiny|100/100\n|move|p1b: Sableye|Fake Out|p2a: Venusaur\n|-damage|p2a: Venusaur|41/100\n|cant|p2a: Venusaur|flinch\n|move|p2b: Incineroar|Parting Shot|p1a: Basculegion\n|-unboost|p1a: Basculegion|atk|1\n|-unboost|p1a: Basculegion|spa|1\n|\n|t:|1776263503\n|switch|p2b: Charizard|Charizard-Mega-Y, L50, M, shiny|92/100|[from] Parting Shot\n|\n|-weather|SunnyDay|[upkeep]\n|-heal|p2a: Venusaur|47/100|[from] item: Leftovers\n|-sideend|p1: MediocreCook|move: Tailwind\n|upkeep\n|turn|8\n|\n|t:|1776263515\n|move|p2b: Charizard|Protect|p2b: Charizard\n|-singleturn|p2b: Charizard|Protect\n|move|p1b: Sableye|Rain Dance|p1b: Sableye\n|-weather|RainDance\n|move|p1a: Basculegion|Phantom Force||[still]\n|-prepare|p1a: Basculegion|Phantom Force\n|move|p2a: Venusaur|Giga Drain|p1a: Basculegion|[miss]\n|-miss|p2a: Venusaur|p1a: Basculegion\n|\n|-weather|RainDance|[upkeep]\n|-heal|p2a: Venusaur|53/100|[from] item: Leftovers\n|upkeep\n|turn|9\n|\n|t:|1776263533\n|switch|p2b: Sneasler|Sneasler, L50, M, shiny|8/100\n|switch|p2a: Incineroar|Incineroar, L50, M, shiny|65/100\n|-ability|p2a: Incineroar|Intimidate|boost\n|-unboost|p1a: Basculegion|atk|1\n|-unboost|p1b: Sableye|atk|1\n|move|p1b: Sableye|Taunt|p2b: Sneasler\n|-start|p2b: Sneasler|move: Taunt\n|move|p1a: Basculegion|Phantom Force|p2a: Incineroar|[from] lockedmove\n|-resisted|p2a: Incineroar|1\n|-damage|p2a: Incineroar|52/100\n|\n|-weather|RainDance|[upkeep]\n|upkeep\n|turn|10\n|inactive|AdrinVGC has 30 seconds left.\n|\n|t:|1776263561\n|switch|p2b: Charizard|Charizard-Mega-Y, L50, M, shiny|92/100\n|-weather|SunnyDay|[from] ability: Drought|[of] p2b: Charizard\n|switch|p2a: Venusaur|Venusaur, L50, F, shiny|53/100\n|switch|p1b: Starmie|Starmie-Mega, L50, shiny|84/100\n|move|p1a: Basculegion|Phantom Force||[still]\n|-prepare|p1a: Basculegion|Phantom Force\n|\n|-weather|SunnyDay|[upkeep]\n|-heal|p2a: Venusaur|59/100|[from] item: Leftovers\n|upkeep\n|turn|11\n|inactive|AdrinVGC has 30 seconds left.\n|inactive|AdrinVGC has 20 seconds left.\n|\n|t:|1776263596\n|move|p1b: Starmie|Protect|p1b: Starmie\n|-singleturn|p1b: Starmie|Protect\n|move|p1a: Basculegion|Phantom Force|p2b: Charizard|[from] lockedmove\n|-damage|p2b: Charizard|48/100\n|move|p2a: Venusaur|Giga Drain|p1b: Starmie\n|-activate|p1b: Starmie|move: Protect\n|move|p2b: Charizard|Air Slash|p1b: Starmie\n|-activate|p1b: Starmie|move: Protect\n|\n|-weather|SunnyDay|[upkeep]\n|-heal|p2a: Venusaur|65/100|[from] item: Leftovers\n|upkeep\n|turn|12\n|inactive|AdrinVGC has 30 seconds left.\n|\n|t:|1776263622\n|switch|p1b: Pelipper|Pelipper, L50, M, shiny|68/100\n|-weather|RainDance|[from] ability: Drizzle|[of] p1b: Pelipper\n|switch|p2b: Sneasler|Sneasler, L50, M, shiny|8/100\n|move|p1a: Basculegion|Phantom Force||[still]\n|-prepare|p1a: Basculegion|Phantom Force\n|move|p2a: Venusaur|Giga Drain|p1b: Pelipper\n|-damage|p1b: Pelipper|35/100\n|-heal|p2a: Venusaur|80/100|[from] drain|[of] p1b: Pelipper\n|\n|-weather|RainDance|[upkeep]\n|-heal|p2a: Venusaur|86/100|[from] item: Leftovers\n|upkeep\n|turn|13\n|\n|t:|1776263645\n|switch|p1b: Sableye|Sableye, L50, M, shiny|100/100\n|move|p2b: Sneasler|Protect|p2b: Sneasler\n|-singleturn|p2b: Sneasler|Protect\n|move|p1a: Basculegion|Phantom Force|p2b: Sneasler|[from] lockedmove\n|-activate|p2b: Sneasler|move: Phantom Force|[broken]\n|-damage|p2b: Sneasler|0 fnt\n|faint|p2b: Sneasler\n|move|p2a: Venusaur|Sleep Powder|p1b: Sableye\n|-status|p1b: Sableye|slp|[from] move: Sleep Powder\n|\n|-weather|RainDance|[upkeep]\n|-heal|p2a: Venusaur|92/100|[from] item: Leftovers\n|upkeep\n|\n|t:|1776263661\n|switch|p2b: Charizard|Charizard-Mega-Y, L50, M, shiny|48/100\n|-weather|SunnyDay|[from] ability: Drought|[of] p2b: Charizard\n|turn|14\n|\n|t:|1776263673\n|switch|p1a: Pelipper|Pelipper, L50, M, shiny|35/100\n|-weather|RainDance|[from] ability: Drizzle|[of] p1a: Pelipper\n|cant|p1b: Sableye|slp\n|move|p2b: Charizard|Weather Ball|p1b: Sableye\n|-damage|p1b: Sableye|38/100 slp\n|-enditem|p1b: Sableye|Sitrus Berry|[eat]\n|-heal|p1b: Sableye|63/100 slp|[from] item: Sitrus Berry\n|move|p2a: Venusaur|Leech Seed|p1b: Sableye\n|-start|p1b: Sableye|move: Leech Seed\n|\n|-weather|RainDance|[upkeep]\n|-heal|p2a: Venusaur|98/100|[from] item: Leftovers\n|-damage|p1b: Sableye|51/100 slp|[from] Leech Seed|[of] p2a: Venusaur\n|-heal|p2a: Venusaur|100/100|[silent]\n|upkeep\n|turn|15\n|\n|t:|1776263695\n|move|p2b: Charizard|Protect|p2b: Charizard\n|-singleturn|p2b: Charizard|Protect\n|cant|p1b: Sableye|slp\n|move|p2a: Venusaur|Sleep Powder|p1a: Pelipper\n|-status|p1a: Pelipper|slp|[from] move: Sleep Powder\n|cant|p1a: Pelipper|slp\n|\n|-weather|RainDance|[upkeep]\n|-damage|p1b: Sableye|39/100 slp|[from] Leech Seed|[of] p2a: Venusaur\n|upkeep\n|turn|16\n|\n|t:|1776263714\n|-curestatus|p1b: Sableye|slp|[msg]\n|move|p1b: Sableye|Quash|p2b: Charizard\n|-activate|p2b: Charizard|move: Quash\n|move|p2a: Venusaur|Giga Drain|p1a: Pelipper\n|-damage|p1a: Pelipper|4/100 slp\n|-curestatus|p1a: Pelipper|slp|[msg]\n|move|p1a: Pelipper|Weather Ball|p2b: Charizard\n|-supereffective|p2b: Charizard|1\n|-damage|p2b: Charizard|0 fnt\n|faint|p2b: Charizard\n|\n|-weather|RainDance|[upkeep]\n|-damage|p1b: Sableye|27/100|[from] Leech Seed|[of] p2a: Venusaur\n|upkeep\n|inactive|AdrinVGC has 30 seconds left.\n|inactive|AdrinVGC has 20 seconds left.\n|\n|t:|1776263730\n|switch|p2b: Incineroar|Incineroar, L50, M, shiny|52/100\n|-ability|p2b: Incineroar|Intimidate|boost\n|-unboost|p1a: Pelipper|atk|1\n|-unboost|p1b: Sableye|atk|1\n|turn|17\n|inactive|AdrinVGC has 20 seconds left this turn.\n|inactive|AdrinVGC has 15 seconds left.\n|inactive|AdrinVGC has 10 seconds left.\n|\n|t:|1776263753\n|move|p1a: Pelipper|Protect|p1a: Pelipper\n|-singleturn|p1a: Pelipper|Protect\n|move|p2b: Incineroar|Fake Out|p1a: Pelipper\n|-activate|p1a: Pelipper|move: Protect\n|move|p1b: Sableye|Taunt|p2a: Venusaur\n|-start|p2a: Venusaur|move: Taunt\n|move|p2a: Venusaur|Giga Drain|p1b: Sableye\n|-damage|p1b: Sableye|0 fnt\n|faint|p1b: Sableye\n|\n|-weather|RainDance|[upkeep]\n|upkeep\n|\n|t:|1776263764\n|switch|p1b: Starmie|Starmie-Mega, L50, shiny|84/100\n|turn|18\n|inactive|AdrinVGC has 10 seconds left this turn.\n|inactive|AdrinVGC has 5 seconds left.\n|\n|t:|1776263772\n|move|p1b: Starmie|Psycho Cut|p2a: Venusaur\n|-supereffective|p2a: Venusaur|1\n|-damage|p2a: Venusaur|0 fnt\n|faint|p2a: Venusaur\n|move|p2b: Incineroar|Flare Blitz|p1b: Starmie\n|-resisted|p1b: Starmie|1\n|-damage|p1b: Starmie|67/100\n|-damage|p2b: Incineroar|47/100|[from] Recoil\n|-enditem|p2b: Incineroar|Sitrus Berry|[eat]\n|-heal|p2b: Incineroar|72/100|[from] item: Sitrus Berry\n|move|p1a: Pelipper|Weather Ball|p2b: Incineroar\n|-supereffective|p2b: Incineroar|1\n|-damage|p2b: Incineroar|0 fnt\n|faint|p2b: Incineroar\n|\n|win|MediocreCook\n|raw|MediocreCook's rating: 1136 &rarr; <strong>1157</strong><br />(+21 for winning)\n|raw|AdrinVGC's rating: 1078 &rarr; <strong>1060</strong><br />(-18 for losing)\n",
  "uploadtime": 1776263782,
  "views": 23,
  "formatid": "gen9championsvgc2026regma",
  "rating": 1060,
  "private": 0,
  "password": null
}