{
  "id": "gen9championsvgc2026regma-2588243014",
  "format": "[Gen 9 Champions] VGC 2026 Reg M-A",
  "players": [
    "TTT x",
    "idkwhattodo23"
  ],
  "log": "|j|\u2606TTT x\n|j|\u2606idkwhattodo23\n|html|<table width=\"100%\"><tr><td align=\"left\">TTT x</td><td align=\"right\">idkwhattodo23</tr><tr><td align=\"left\"><i class=\"fa fa-circle-o\"></i> <i class=\"fa fa-circle-o\"></i> </td><td align=\"right\"><i class=\"fa fa-circle-o\"></i> <i class=\"fa fa-circle-o\"></i> </tr></table>\n|uhtml|bestof|<h2><strong>Game 1</strong> of <a href=\"/game-bestof3-gen9championsvgc2026regma-2588243013\">a best-of-3</a></h2>\n|t:|1776617458\n|gametype|doubles\n|player|p1|TTT x|#smogonxnpa2025draftee|\n|player|p2|idkwhattodo23|red|\n|gen|9\n|tier|[Gen 9 Champions] VGC 2026 Reg M-A\n|rated|Tournament battle\n|rule|Species Clause: Limit one of each Pok\u00e9mon\n|rule|Item Clause: Limit 1 of each item\n|raw|<div class=\"infobox\"><details class=\"readmore\" open><summary><strong>1 custom rule:</strong></summary> Best of = 3</details></div>\n|clearpoke\n|poke|p1|Archaludon, L50, M|\n|poke|p1|Scovillain, L50, M|\n|poke|p1|Sinistcha, L50|\n|poke|p1|Pelipper, L50, F|\n|poke|p1|Scizor, L50, F|\n|poke|p1|Incineroar, L50, F|\n|poke|p2|Garchomp, L50, F|\n|poke|p2|Floette-Eternal, L50, F|\n|poke|p2|Aerodactyl, L50, F|\n|poke|p2|Incineroar, L50, M|\n|poke|p2|Sneasler, L50, M|\n|poke|p2|Basculegion, L50, M|\n|teampreview|4\n|j|+Hasayo\n|inactive|Battle timer is ON: inactive players will automatically lose when time's up. (requested by idkwhattodo23)\n|j| Sun and Moon Rock\n|\n|t:|1776617495\n|teamsize|p1|4\n|teamsize|p2|4\n|start\n|switch|p1a: Scovillain|Scovillain, L50, M|100/100\n|switch|p1b: Incineroar|Incineroar, L50, F|100/100\n|switch|p2a: Floette|Floette-Eternal, L50, F|100/100\n|switch|p2b: Aerodactyl|Aerodactyl, L50, F|100/100\n|-ability|p2b: Aerodactyl|Unnerve\n|-ability|p1b: Incineroar|Intimidate|boost\n|-unboost|p2a: Floette|atk|1\n|-unboost|p2b: Aerodactyl|atk|1\n|turn|1\n|\n|t:|1776617502\n|detailschange|p1a: Scovillain|Scovillain-Mega, L50, M\n|-mega|p1a: Scovillain|Scovillain|Scovillainite\n|move|p2b: Aerodactyl|Protect|p2b: Aerodactyl\n|-singleturn|p2b: Aerodactyl|Protect\n|move|p2a: Floette|Protect|p2a: Floette\n|-singleturn|p2a: Floette|Protect\n|move|p1b: Incineroar|Fake Out|p2b: Aerodactyl\n|-activate|p2b: Aerodactyl|move: Protect\n|move|p1a: Scovillain|Leech Seed|p2a: Floette\n|-activate|p2a: Floette|move: Protect\n|\n|upkeep\n|turn|2\n|\n|t:|1776617519\n|detailschange|p2a: Floette|Floette-Mega, L50, F\n|-mega|p2a: Floette|Floette|Floettite\n|-ability|p2a: Floette|Fairy Aura\n|move|p2b: Aerodactyl|Rock Slide|p1a: Scovillain|[spread] p1a,p1b\n|-supereffective|p1a: Scovillain|1\n|-supereffective|p1b: Incineroar|1\n|-damage|p1a: Scovillain|64/100\n|-damage|p1b: Incineroar|67/100\n|-status|p2b: Aerodactyl|brn|[from] ability: Spicy Spray|[of] p1a: Scovillain\n|move|p2a: Floette|Dazzling Gleam|p1a: Scovillain|[spread] p1a,p1b\n|-resisted|p1a: Scovillain|1\n|-damage|p1a: Scovillain|35/100\n|-damage|p1b: Incineroar|32/100\n|-status|p2a: Floette|brn|[from] ability: Spicy Spray|[of] p1a: Scovillain\n|move|p1a: Scovillain|Leech Seed|p2a: Floette\n|-start|p2a: Floette|move: Leech Seed\n|cant|p1b: Incineroar|flinch\n|\n|-damage|p2a: Floette|88/100 brn|[from] Leech Seed|[of] p1a: Scovillain\n|-heal|p1a: Scovillain|46/100|[silent]\n|-damage|p2b: Aerodactyl|95/100 brn|[from] brn\n|-damage|p2a: Floette|82/100 brn|[from] brn\n|upkeep\n|turn|3\n|\n|t:|1776617539\n|switch|p1b: Scizor|Scizor, L50, F|100/100\n|move|p1a: Scovillain|Protect|p1a: Scovillain\n|-singleturn|p1a: Scovillain|Protect\n|move|p2b: Aerodactyl|Rock Slide|p1a: Scovillain|[spread] p1b\n|-activate|p1a: Scovillain|move: Protect\n|-damage|p1b: Scizor|92/100\n|move|p2a: Floette|Light of Ruin|p1a: Scovillain\n|-activate|p1a: Scovillain|move: Protect\n|\n|-damage|p2a: Floette|70/100 brn|[from] Leech Seed|[of] p1a: Scovillain\n|-heal|p1a: Scovillain|57/100|[silent]\n|-damage|p2b: Aerodactyl|89/100 brn|[from] brn\n|-damage|p2a: Floette|64/100 brn|[from] brn\n|upkeep\n|turn|4\n|\n|t:|1776617558\n|switch|p1a: Incineroar|Incineroar, L50, F|32/100\n|-ability|p1a: Incineroar|Intimidate|boost\n|-unboost|p2a: Floette|atk|1\n|-unboost|p2b: Aerodactyl|atk|1\n|move|p2b: Aerodactyl|Rock Slide|p1b: Scizor|[spread] p1a,p1b\n|-supereffective|p1a: Incineroar|1\n|-damage|p1a: Incineroar|18/100\n|-damage|p1b: Scizor|85/100\n|move|p2a: Floette|Light of Ruin|p1a: Incineroar\n|-damage|p1a: Incineroar|0 fnt\n|faint|p1a: Incineroar\n|-damage|p2a: Floette|52/100 brn|[from] Recoil\n|cant|p1b: Scizor|flinch\n|\n|-damage|p2b: Aerodactyl|83/100 brn|[from] brn\n|-damage|p2a: Floette|46/100 brn|[from] brn\n|upkeep\n|\n|t:|1776617568\n|switch|p1a: Scovillain|Scovillain-Mega, L50, M|57/100\n|turn|5\n|\n|t:|1776617578\n|switch|p2b: Incineroar|Incineroar, L50, M|100/100\n|-ability|p2b: Incineroar|Intimidate|boost\n|-unboost|p1a: Scovillain|atk|1\n|-unboost|p1b: Scizor|atk|1\n|move|p1a: Scovillain|Protect|p1a: Scovillain\n|-singleturn|p1a: Scovillain|Protect\n|move|p2a: Floette|Light of Ruin|p1a: Scovillain\n|-activate|p1a: Scovillain|move: Protect\n|move|p1b: Scizor|Swords Dance|p1b: Scizor\n|-boost|p1b: Scizor|atk|2\n|\n|-damage|p2a: Floette|34/100 brn|[from] Leech Seed|[of] p1a: Scovillain\n|-heal|p1a: Scovillain|68/100|[silent]\n|-damage|p2a: Floette|28/100 brn|[from] brn\n|upkeep\n|turn|6\n|\n|t:|1776617595\n|move|p2b: Incineroar|Fake Out|p1b: Scizor\n|-resisted|p1b: Scizor|1\n|-damage|p1b: Scizor|79/100\n|move|p2a: Floette|Light of Ruin|p1a: Scovillain\n|-resisted|p1a: Scovillain|1\n|-damage|p1a: Scovillain|0 fnt\n|faint|p1a: Scovillain\n|-damage|p2a: Floette|0 fnt|[from] Recoil\n|faint|p2a: Floette\n|cant|p1b: Scizor|flinch\n|\n|upkeep\n|\n|t:|1776617606\n|switch|p2a: Basculegion|Basculegion, L50, M|100/100\n|switch|p1a: Archaludon|Archaludon, L50, M|100/100\n|turn|7\n|\n|t:|1776617614\n|move|p1b: Scizor|Protect|p1b: Scizor\n|-singleturn|p1b: Scizor|Protect\n|move|p2a: Basculegion|Last Respects|p1a: Archaludon\n|-damage|p1a: Archaludon|56/100\n|-ability|p1a: Archaludon|Stamina|boost\n|-boost|p1a: Archaludon|def|1\n|move|p1a: Archaludon|Dragon Pulse|p2b: Incineroar\n|-damage|p2b: Incineroar|72/100\n|move|p2b: Incineroar|Flare Blitz|p1b: Scizor\n|-activate|p1b: Scizor|move: Protect\n|\n|-heal|p1a: Archaludon|62/100|[from] item: Leftovers\n|upkeep\n|turn|8\n|\n|t:|1776617631\n|move|p2a: Basculegion|Last Respects|p1a: Archaludon\n|-damage|p1a: Archaludon|27/100\n|-ability|p1a: Archaludon|Stamina|boost\n|-boost|p1a: Archaludon|def|1\n|move|p1a: Archaludon|Dragon Pulse|p2b: Incineroar\n|-damage|p2b: Incineroar|48/100\n|-enditem|p2b: Incineroar|Sitrus Berry|[eat]\n|-heal|p2b: Incineroar|73/100|[from] item: Sitrus Berry\n|move|p1b: Scizor|Bug Bite|p2b: Incineroar\n|-crit|p2b: Incineroar\n|-damage|p2b: Incineroar|0 fnt\n|faint|p2b: Incineroar\n|\n|-heal|p1a: Archaludon|33/100|[from] item: Leftovers\n|upkeep\n|\n|t:|1776617641\n|switch|p2b: Aerodactyl|Aerodactyl, L50, F|83/100 brn\n|-ability|p2b: Aerodactyl|Unnerve\n|turn|9\n|\n|t:|1776617647\n|move|p1a: Archaludon|Protect|p1a: Archaludon\n|-singleturn|p1a: Archaludon|Protect\n|move|p2a: Basculegion|Last Respects|p1a: Archaludon\n|-activate|p1a: Archaludon|move: Protect\n|move|p2b: Aerodactyl|Rock Slide|p1a: Archaludon|[spread] p1b\n|-activate|p1a: Archaludon|move: Protect\n|-damage|p1b: Scizor|66/100\n|move|p1b: Scizor|Bug Bite|p2a: Basculegion\n|-resisted|p2a: Basculegion|1\n|-damage|p2a: Basculegion|56/100\n|\n|-heal|p1a: Archaludon|39/100|[from] item: Leftovers\n|-damage|p2b: Aerodactyl|77/100 brn|[from] brn\n|upkeep\n|turn|10\n|\n|t:|1776617662\n|move|p1b: Scizor|Bullet Punch|p2a: Basculegion\n|-resisted|p2a: Basculegion|1\n|-damage|p2a: Basculegion|28/100\n|move|p2a: Basculegion|Last Respects|p1a: Archaludon\n|-damage|p1a: Archaludon|3/100\n|-ability|p1a: Archaludon|Stamina|boost\n|-boost|p1a: Archaludon|def|1\n|move|p2b: Aerodactyl|Rock Slide|p1a: Archaludon|[spread] p1a,p1b\n|-resisted|p1a: Archaludon|1\n|-damage|p1a: Archaludon|1/100\n|-damage|p1b: Scizor|53/100\n|-ability|p1a: Archaludon|Stamina|boost\n|-boost|p1a: Archaludon|def|1\n|move|p1a: Archaludon|Dragon Pulse|p2a: Basculegion\n|-damage|p2a: Basculegion|0 fnt\n|faint|p2a: Basculegion\n|\n|-heal|p1a: Archaludon|7/100|[from] item: Leftovers\n|-damage|p2b: Aerodactyl|71/100 brn|[from] brn\n|upkeep\n|turn|11\n|\n|t:|1776617677\n|move|p1b: Scizor|Bullet Punch|p2b: Aerodactyl\n|-supereffective|p2b: Aerodactyl|1\n|-damage|p2b: Aerodactyl|0 fnt\n|faint|p2b: Aerodactyl\n|\n|win|TTT x\n|l|\u2606TTT x\n|player|p1|\n||idkwhattodo23 is ready for game 2.\n||TTT x is ready for game 2.\n|uhtml|next|Next: <a href=\"/battle-gen9championsvgc2026regma-2588245704\"><strong>Game 2 of 3</strong></a>\n|l| Sun and Moon Rock\n|l|\u2606idkwhattodo23\n|player|p2|\n|j| holysign\n",
  "uploadtime": 1776617921,
  "views": 26,
  "formatid": "gen9championsvgc2026regma",
  "rating": null,
  "private": 0,
  "password": null
}