{
  "id": "gen9championsvgc2026regma-2584385949",
  "format": "[Gen 9 Champions] VGC 2026 Reg M-A",
  "players": [
    "Manpreet Squidwho",
    "Dog313"
  ],
  "log": "|j|\u2606Manpreet Squidwho\n|j|\u2606Dog313\n|t:|1776256960\n|gametype|doubles\n|player|p1|Manpreet Squidwho|169|1080\n|player|p2|Dog313|169|1031\n|gen|9\n|tier|[Gen 9 Champions] VGC 2026 Reg M-A\n|rated|\n|rule|Species Clause: Limit one of each Pok\u00e9mon\n|rule|Item Clause: Limit 1 of each item\n|clearpoke\n|poke|p1|Slowbro, L50, M|\n|poke|p1|Alcremie, L50, F|\n|poke|p1|Sinistcha, L50|\n|poke|p1|Incineroar, L50, M|\n|poke|p1|Sneasler, L50, M|\n|poke|p1|Skarmory, L50, F|\n|poke|p2|Pelipper, L50, M|\n|poke|p2|Dragonite, L50, F|\n|poke|p2|Basculegion, L50, M|\n|poke|p2|Sneasler, L50, M|\n|poke|p2|Sinistcha-Masterpiece, L50|\n|poke|p2|Primarina, L50, F|\n|teampreview|4\n|\n|t:|1776257007\n|teamsize|p1|4\n|teamsize|p2|4\n|start\n|switch|p1a: Skarmory|Skarmory, L50, F|100/100\n|switch|p1b: Sneasler|Sneasler, L50, M|100/100\n|switch|p2a: Pelipper|Pelipper, L50, M, shiny|100/100\n|switch|p2b: Dragonite|Dragonite, L50, F, shiny|100/100\n|-weather|RainDance|[from] ability: Drizzle|[of] p2a: Pelipper\n|turn|1\n|\n|t:|1776257024\n|detailschange|p1a: Skarmory|Skarmory-Mega, L50, F\n|-mega|p1a: Skarmory|Skarmory|Skarmorite\n|detailschange|p2b: Dragonite|Dragonite-Mega, L50, F, shiny\n|-mega|p2b: Dragonite|Dragonite|Dragoninite\n|move|p1b: Sneasler|Fake Out|p2a: Pelipper\n|-damage|p2a: Pelipper|85/100\n|move|p1a: Skarmory|Dual Wingbeat|p2b: Dragonite\n|-damage|p2b: Dragonite|91/100\n|-crit|p2b: Dragonite\n|-damage|p2b: Dragonite|64/100\n|-hitcount|p2b: Dragonite|2\n|move|p2b: Dragonite|Thunder|p1a: Skarmory\n|-supereffective|p1a: Skarmory|1\n|-damage|p1a: Skarmory|0 fnt\n|faint|p1a: Skarmory\n|cant|p2a: Pelipper|flinch\n|\n|-weather|RainDance|[upkeep]\n|upkeep\n|\n|t:|1776257034\n|switch|p1a: Alcremie|Alcremie, L50, F|100/100\n|turn|2\n|\n|t:|1776257050\n|move|p2b: Dragonite|Protect|p2b: Dragonite\n|-singleturn|p2b: Dragonite|Protect\n|move|p1b: Sneasler|Dire Claw|p2a: Pelipper\n|-damage|p2a: Pelipper|40/100\n|-status|p2a: Pelipper|par\n|move|p1a: Alcremie|Dazzling Gleam|p2a: Pelipper|[spread] p2a\n|-activate|p2b: Dragonite|move: Protect\n|-damage|p2a: Pelipper|17/100 par\n|move|p2a: Pelipper|Tailwind|p2a: Pelipper\n|-sidestart|p2: Dog313|move: Tailwind\n|\n|-weather|RainDance|[upkeep]\n|upkeep\n|turn|3\n|\n|t:|1776257071\n|move|p2b: Dragonite|Thunder|p1a: Alcremie\n|-damage|p1a: Alcremie|64/100\n|move|p1b: Sneasler|Dire Claw|p2b: Dragonite\n|-damage|p2b: Dragonite|23/100\n|-status|p2b: Dragonite|psn\n|move|p1a: Alcremie|Dazzling Gleam|p2b: Dragonite|[spread] p2a,p2b\n|-supereffective|p2b: Dragonite|1\n|-damage|p2a: Pelipper|0 fnt\n|-damage|p2b: Dragonite|0 fnt\n|faint|p2a: Pelipper\n|faint|p2b: Dragonite\n|\n|-weather|RainDance|[upkeep]\n|-heal|p1a: Alcremie|70/100|[from] item: Leftovers\n|upkeep\n|\n|t:|1776257087\n|switch|p2b: Primarina|Primarina, L50, F, shiny|100/100\n|switch|p2a: Sinistcha|Sinistcha-Masterpiece, L50, shiny|100/100\n|turn|4\n|\n|t:|1776257101\n|move|p2a: Sinistcha|Rage Powder|p2a: Sinistcha\n|-singleturn|p2a: Sinistcha|move: Rage Powder\n|move|p1b: Sneasler|Dire Claw|p2a: Sinistcha\n|-damage|p2a: Sinistcha|59/100\n|-status|p2a: Sinistcha|slp\n|move|p2b: Primarina|Hyper Voice|p1a: Alcremie|[spread] p1a,p1b\n|-damage|p1a: Alcremie|28/100\n|-damage|p1b: Sneasler|34/100\n|move|p1a: Alcremie|Dazzling Gleam|p2b: Primarina|[spread] p2a,p2b\n|-damage|p2a: Sinistcha|40/100 slp\n|-damage|p2b: Primarina|79/100\n|-enditem|p2a: Sinistcha|Sitrus Berry|[eat]\n|-heal|p2a: Sinistcha|65/100 slp|[from] item: Sitrus Berry\n|\n|-weather|RainDance|[upkeep]\n|-heal|p2b: Primarina|85/100|[from] item: Leftovers\n|-heal|p1a: Alcremie|34/100|[from] item: Leftovers\n|upkeep\n|turn|5\n|\n|t:|1776257126\n|cant|p2a: Sinistcha|slp\n|move|p1b: Sneasler|Dire Claw|p2b: Primarina\n|-supereffective|p2b: Primarina|1\n|-damage|p2b: Primarina|0 fnt\n|faint|p2b: Primarina\n|move|p1a: Alcremie|Dazzling Gleam|p2a: Sinistcha\n|-damage|p2a: Sinistcha|36/100 slp\n|\n|-weather|none\n|-heal|p1a: Alcremie|39/100|[from] item: Leftovers\n|-sideend|p2: Dog313|move: Tailwind\n|upkeep\n|turn|6\n|\n|t:|1776257138\n|move|p1b: Sneasler|Dire Claw|p2a: Sinistcha\n|-damage|p2a: Sinistcha|0 fnt\n|faint|p2a: Sinistcha\n|\n|win|Manpreet Squidwho\n|raw|Manpreet Squidwho's rating: 1080 &rarr; <strong>1104</strong><br />(+24 for winning)\n|raw|Dog313's rating: 1031 &rarr; <strong>1018</strong><br />(-13 for losing)\n",
  "uploadtime": 1776257143,
  "views": 28,
  "formatid": "gen9championsvgc2026regma",
  "rating": 1018,
  "private": 0,
  "password": null
}