{
  "id": "gen9championsvgc2026regma-2583180207",
  "format": "[Gen 9 Champions] VGC 2026 Reg M-A",
  "players": [
    "yousodfusoh",
    "drake78976"
  ],
  "log": "|j|\u2606yousodfusoh\n|j|\u2606drake78976\n|t:|1776151703\n|gametype|doubles\n|player|p1|yousodfusoh|266|1231\n|player|p2|drake78976|li|1137\n|gen|9\n|tier|[Gen 9 Champions] VGC 2026 Reg M-A\n|rated|\n|rule|Species Clause: Limit one of each Pok\u00e9mon\n|rule|Item Clause: Limit 1 of each item\n|clearpoke\n|poke|p1|Delphox, L50, M|\n|poke|p1|Basculegion, L50, M|\n|poke|p1|Clefable, L50, M|\n|poke|p1|Kingambit, L50, M|\n|poke|p1|Dragonite, L50, F|\n|poke|p1|Sneasler, L50, M|\n|poke|p2|Kingambit, L50, M|\n|poke|p2|Froslass, L50, F|\n|poke|p2|Kommo-o, L50, F|\n|poke|p2|Incineroar, L50, F|\n|poke|p2|Glimmora, L50, M|\n|poke|p2|Whimsicott, L50, F|\n|teampreview|4\n|\n|t:|1776151745\n|teamsize|p1|4\n|teamsize|p2|4\n|start\n|switch|p1a: Delphox|Delphox, L50, M|100/100\n|switch|p1b: Basculegion|Basculegion, L50, M|100/100\n|switch|p2a: Whimsicott|Whimsicott, L50, F|100/100\n|switch|p2b: Incineroar|Incineroar, L50, F|100/100\n|-ability|p2b: Incineroar|Intimidate|boost\n|-unboost|p1a: Delphox|atk|1\n|-unboost|p1b: Basculegion|atk|1\n|turn|1\n|\n|t:|1776151762\n|detailschange|p1a: Delphox|Delphox-Mega, L50, M\n|-mega|p1a: Delphox|Delphox|Delphoxite\n|move|p1a: Delphox|Protect|p1a: Delphox\n|-singleturn|p1a: Delphox|Protect\n|move|p2b: Incineroar|Fake Out|p1a: Delphox\n|-activate|p1a: Delphox|move: Protect\n|move|p2a: Whimsicott|Tailwind|p2a: Whimsicott\n|-sidestart|p2: drake78976|move: Tailwind\n|move|p1b: Basculegion|Flip Turn|p2b: Incineroar\n|-supereffective|p2b: Incineroar|1\n|-damage|p2b: Incineroar|47/100\n|-enditem|p2b: Incineroar|Sitrus Berry|[eat]\n|-heal|p2b: Incineroar|72/100|[from] item: Sitrus Berry\n|\n|t:|1776151783\n|switch|p1b: Clefable|Clefable, L50, M|100/100|[from] Flip Turn\n|\n|upkeep\n|turn|2\n|\n|t:|1776151796\n|move|p1b: Clefable|Helping Hand|p1a: Delphox\n|-singleturn|p1a: Delphox|Helping Hand|[of] p1b: Clefable\n|move|p2a: Whimsicott|Encore|p1a: Delphox\n|-start|p1a: Delphox|Encore\n|move|p1a: Delphox|Protect||[still]\n|-fail|p1a: Delphox\n|move|p2b: Incineroar|Flare Blitz|p1b: Clefable\n|-damage|p1b: Clefable|62/100\n|-damage|p2b: Incineroar|59/100|[from] Recoil\n|\n|upkeep\n|turn|3\n|\n|t:|1776151814\n|switch|p1b: Basculegion|Basculegion, L50, M|100/100\n|move|p1a: Delphox|Protect|p1a: Delphox\n|-singleturn|p1a: Delphox|Protect\n|move|p2a: Whimsicott|Encore||[still]\n|-fail|p2a: Whimsicott\n|move|p2b: Incineroar|Parting Shot|p1a: Delphox\n|-activate|p1a: Delphox|move: Protect\n|\n|upkeep\n|turn|4\n|\n|t:|1776151835\n|switch|p1a: Clefable|Clefable, L50, M|62/100\n|move|p2a: Whimsicott|Moonblast|p1b: Basculegion\n|-damage|p1b: Basculegion|71/100\n|move|p1b: Basculegion|Flip Turn|p2b: Incineroar\n|-supereffective|p2b: Incineroar|1\n|-damage|p2b: Incineroar|0 fnt\n|faint|p2b: Incineroar\n|\n|t:|1776151844\n|switch|p1b: Delphox|Delphox-Mega, L50, M|100/100|[from] Flip Turn\n|\n|-sideend|p2: drake78976|move: Tailwind\n|upkeep\n|\n|t:|1776151849\n|switch|p2b: Glimmora|Glimmora, L50, M|100/100\n|turn|5\n|\n|t:|1776151862\n|move|p1a: Clefable|Follow Me|p1a: Clefable\n|-singleturn|p1a: Clefable|move: Follow Me\n|move|p2a: Whimsicott|Tailwind|p2a: Whimsicott\n|-sidestart|p2: drake78976|move: Tailwind\n|move|p2b: Glimmora|Sludge Wave|p1b: Delphox|[spread] p2a,p1a,p1b\n|-supereffective|p2a: Whimsicott|2\n|-supereffective|p1a: Clefable|1\n|-damage|p2a: Whimsicott|0 fnt\n|-damage|p1a: Clefable|0 fnt\n|-damage|p1b: Delphox|58/100\n|faint|p2a: Whimsicott\n|faint|p1a: Clefable\n|move|p1b: Delphox|Heat Wave|p2b: Glimmora\n|-resisted|p2b: Glimmora|1\n|-damage|p2b: Glimmora|60/100\n|\n|upkeep\n|\n|t:|1776151877\n|switch|p2a: Froslass|Froslass, L50, F|100/100\n|switch|p1a: Basculegion|Basculegion, L50, M|71/100\n|turn|6\n|\n|t:|1776151895\n|detailschange|p2a: Froslass|Froslass-Mega, L50, F\n|-mega|p2a: Froslass|Froslass|Froslassite\n|-weather|Snowscape|[from] ability: Snow Warning|[of] p2a: Froslass\n|move|p1a: Basculegion|Aqua Jet|p2b: Glimmora\n|-supereffective|p2b: Glimmora|1\n|-damage|p2b: Glimmora|0 fnt\n|-activate|p2b: Glimmora|ability: Toxic Debris\n|-sidestart|p1: yousodfusoh|move: Toxic Spikes\n|faint|p2b: Glimmora\n|move|p2a: Froslass|Shadow Ball|p1a: Basculegion\n|-supereffective|p1a: Basculegion|1\n|-damage|p1a: Basculegion|0 fnt\n|faint|p1a: Basculegion\n|move|p1b: Delphox|Heat Wave|p2a: Froslass\n|-supereffective|p2a: Froslass|1\n|-damage|p2a: Froslass|0 fnt\n|faint|p2a: Froslass\n|\n|win|yousodfusoh\n|raw|yousodfusoh's rating: 1231 &rarr; <strong>1249</strong><br />(+18 for winning)\n|raw|drake78976's rating: 1137 &rarr; <strong>1119</strong><br />(-18 for losing)\n|c|\u2606yousodfusoh|gg\n|l|\u2606drake78976\n|player|p2|\n",
  "uploadtime": 1776151914,
  "views": 16,
  "formatid": "gen9championsvgc2026regma",
  "rating": 1119,
  "private": 0,
  "password": null
}