{
  "id": "gen9championsvgc2026regma-2588180740",
  "format": "[Gen 9 Champions] VGC 2026 Reg M-A",
  "players": [
    "HappyPill426",
    "araaaaaark"
  ],
  "log": "|j|\u2606HappyPill426\n|j|\u2606araaaaaark\n|t:|1776612076\n|gametype|doubles\n|player|p1|HappyPill426|1|1000\n|player|p2|araaaaaark|101|1051\n|gen|9\n|tier|[Gen 9 Champions] VGC 2026 Reg M-A\n|rated|\n|rule|Species Clause: Limit one of each Pok\u00e9mon\n|rule|Item Clause: Limit 1 of each item\n|clearpoke\n|poke|p1|Gengar, L50, F|\n|poke|p1|Starmie, L50|\n|poke|p1|Dragapult, L50, F|\n|poke|p1|Incineroar, L50, F|\n|poke|p1|Kingambit, L50, F|\n|poke|p1|Whimsicott, L50, F|\n|poke|p2|Milotic, L50, M|\n|poke|p2|Hydreigon, L50, F|\n|poke|p2|Crabominable, L50, F|\n|poke|p2|Farigiraf, L50, F|\n|poke|p2|Incineroar, L50, M|\n|poke|p2|Sinistcha-Masterpiece, L50|\n|teampreview|4\n|\n|t:|1776612103\n|teamsize|p1|4\n|teamsize|p2|4\n|start\n|switch|p1a: Dragapult|Dragapult, L50, F|100/100\n|switch|p1b: Whimsicott|Whimsicott, L50, F|100/100\n|switch|p2a: Milotic|Milotic, L50, M|100/100\n|switch|p2b: Hydreigon|Hydreigon, L50, F|100/100\n|turn|1\n|\n|t:|1776612132\n|switch|p2b: Farigiraf|Farigiraf, L50, F|100/100\n|move|p1b: Whimsicott|Tailwind|p1b: Whimsicott\n|-sidestart|p1: HappyPill426|move: Tailwind\n|move|p1a: Dragapult|Dragon Darts|p2b: Farigiraf\n|-damage|p2b: Farigiraf|79/100\n|-anim|p1a: Dragapult|Dragon Darts|p2a: Milotic\n|-damage|p2a: Milotic|66/100\n|move|p2a: Milotic|Scald|p1a: Dragapult\n|-resisted|p1a: Dragapult|1\n|-damage|p1a: Dragapult|79/100\n|\n|-heal|p2a: Milotic|72/100|[from] item: Leftovers\n|upkeep\n|turn|2\n|inactive|Battle timer is ON: inactive players will automatically lose when time's up. (requested by araaaaaark)\n|\n|t:|1776612160\n|switch|p2a: Crabominable|Crabominable, L50, F|100/100\n|move|p1b: Whimsicott|Encore||[still]\n|cant|p2b: Farigiraf|ability: Armor Tail|Encore|[of] p1b: Whimsicott\n|move|p1a: Dragapult|Dragon Darts|p2b: Farigiraf\n|-damage|p2b: Farigiraf|56/100\n|-anim|p1a: Dragapult|Dragon Darts|p2a: Crabominable\n|-damage|p2a: Crabominable|64/100\n|move|p2b: Farigiraf|Trick Room|p2b: Farigiraf\n|-fieldstart|move: Trick Room|[of] p2b: Farigiraf\n|\n|upkeep\n|turn|3\n|inactive|araaaaaark has 30 seconds left.\n|inactive|araaaaaark has 20 seconds left.\n|\n|t:|1776612200\n|move|p2a: Crabominable|Ice Hammer|p1b: Whimsicott|[miss]\n|-miss|p2a: Crabominable|p1b: Whimsicott\n|move|p2b: Farigiraf|Twin Beam|p1b: Whimsicott\n|-damage|p1b: Whimsicott|79/100\n|-damage|p1b: Whimsicott|59/100\n|-hitcount|p1b: Whimsicott|2\n|move|p1b: Whimsicott|Moonblast|p2a: Crabominable\n|-supereffective|p2a: Crabominable|1\n|-damage|p2a: Crabominable|0 fnt\n|faint|p2a: Crabominable\n|move|p1a: Dragapult|Dragon Darts|p2b: Farigiraf\n|-damage|p2b: Farigiraf|32/100\n|-anim|p1a: Dragapult|Dragon Darts|p2b: Farigiraf\n|-damage|p2b: Farigiraf|8/100\n|\n|upkeep\n|\n|t:|1776612213\n|switch|p2a: Milotic|Milotic, L50, M|72/100\n|turn|4\n|\n|t:|1776612225\n|move|p2b: Farigiraf|Helping Hand|p2a: Milotic\n|-singleturn|p2a: Milotic|Helping Hand|[of] p2b: Farigiraf\n|move|p2a: Milotic|Icy Wind|p1b: Whimsicott|[spread] p1a,p1b\n|-supereffective|p1a: Dragapult|1\n|-supereffective|p1b: Whimsicott|1\n|-damage|p1a: Dragapult|31/100\n|-damage|p1b: Whimsicott|13/100\n|-unboost|p1b: Whimsicott|spe|1\n|move|p1b: Whimsicott|Moonblast|p2a: Milotic\n|-damage|p2a: Milotic|47/100\n|move|p1a: Dragapult|Dragon Darts|p2b: Farigiraf\n|-damage|p2b: Farigiraf|0 fnt\n|-anim|p1a: Dragapult|Dragon Darts|p2a: Milotic\n|-damage|p2a: Milotic|14/100\n|faint|p2b: Farigiraf\n|\n|-heal|p2a: Milotic|20/100|[from] item: Leftovers\n|-sideend|p1: HappyPill426|move: Tailwind\n|upkeep\n|\n|t:|1776612240\n|switch|p2b: Hydreigon|Hydreigon, L50, F|100/100\n|turn|5\n|\n|t:|1776612253\n|move|p1a: Dragapult|Sucker Punch||[still]\n|-fail|p1a: Dragapult\n|move|p2b: Hydreigon|Draco Meteor|p1a: Dragapult\n|-supereffective|p1a: Dragapult|1\n|-damage|p1a: Dragapult|0 fnt\n|-unboost|p2b: Hydreigon|spa|2\n|faint|p1a: Dragapult\n|move|p2a: Milotic|Dragon Cheer|p2b: Hydreigon\n|-start|p2b: Hydreigon|move: Dragon Cheer\n|move|p1b: Whimsicott|Moonblast|p2b: Hydreigon\n|-supereffective|p2b: Hydreigon|2\n|-damage|p2b: Hydreigon|0 fnt\n|faint|p2b: Hydreigon\n|\n|-heal|p2a: Milotic|26/100|[from] item: Leftovers\n|upkeep\n|\n|t:|1776612262\n|switch|p1a: Starmie|Starmie, L50|100/100\n|turn|6\n|-message|araaaaaark forfeited.\n|\n|win|HappyPill426\n|raw|HappyPill426's rating: 1000 &rarr; <strong>1046</strong><br />(+46 for winning)\n|raw|araaaaaark's rating: 1051 &rarr; <strong>1031</strong><br />(-20 for losing)\n|l|\u2606araaaaaark\n|player|p2|\n",
  "uploadtime": 1776612268,
  "views": 6,
  "formatid": "gen9championsvgc2026regma",
  "rating": 1031,
  "private": 0,
  "password": null
}