{
  "id": "gen9championsvgc2026regma-2587331788",
  "format": "[Gen 9 Champions] VGC 2026 Reg M-A",
  "players": [
    "Ikeamp88",
    "pevere1l"
  ],
  "log": "|j|\u2606Ikeamp88\n|j|\u2606pevere1l\n|t:|1776522757\n|gametype|doubles\n|player|p1|Ikeamp88|2|1369\n|player|p2|pevere1l|steven|1405\n|gen|9\n|tier|[Gen 9 Champions] VGC 2026 Reg M-A\n|rated|\n|rule|Species Clause: Limit one of each Pok\u00e9mon\n|rule|Item Clause: Limit 1 of each item\n|clearpoke\n|poke|p1|Zoroark-Hisui, L50, F|\n|poke|p1|Passimian, L50, M|\n|poke|p1|Delphox, L50, M|\n|poke|p1|Tsareena, L50, F|\n|poke|p1|Rotom-Wash, L50|\n|poke|p1|Aerodactyl, L50, M|\n|poke|p2|Farigiraf, L50, M|\n|poke|p2|Excadrill, L50, M|\n|poke|p2|Aerodactyl, L50, F|\n|poke|p2|Floette-Eternal, L50, F|\n|poke|p2|Maushold, L50|\n|poke|p2|Gyarados, L50, M|\n|teampreview|4\n|inactive|Battle timer is ON: inactive players will automatically lose when time's up. (requested by pevere1l)\n|inactive|Ikeamp88 has 60 seconds left.\n|inactive|pevere1l has 60 seconds left.\n|inactive|Ikeamp88 has 30 seconds left.\n|\n|t:|1776522823\n|teamsize|p1|4\n|teamsize|p2|4\n|start\n|switch|p1a: Aerodactyl|Aerodactyl, L50, M|100/100\n|switch|p1b: Rotom|Rotom-Wash, L50|100/100\n|switch|p2a: Aerodactyl|Aerodactyl, L50, F|100/100\n|switch|p2b: Floette|Floette-Eternal, L50, F|100/100\n|-ability|p2a: Aerodactyl|Unnerve\n|-ability|p1a: Aerodactyl|Unnerve\n|turn|1\n|\n|t:|1776522839\n|detailschange|p1a: Aerodactyl|Aerodactyl-Mega, L50, M\n|-mega|p1a: Aerodactyl|Aerodactyl|Aerodactylite\n|move|p1a: Aerodactyl|Rock Slide|p2b: Floette|[spread] p2a,p2b\n|-supereffective|p2a: Aerodactyl|1\n|-crit|p2a: Aerodactyl\n|-enditem|p2a: Aerodactyl|Focus Sash\n|-damage|p2a: Aerodactyl|1/100\n|-damage|p2b: Floette|72/100\n|cant|p2a: Aerodactyl|flinch\n|move|p1b: Rotom|Electroweb|p2a: Aerodactyl|[spread] p2a,p2b\n|-supereffective|p2a: Aerodactyl|1\n|-damage|p2a: Aerodactyl|0 fnt\n|-damage|p2b: Floette|57/100\n|-unboost|p2b: Floette|spe|1\n|faint|p2a: Aerodactyl\n|move|p2b: Floette|Calm Mind|p2b: Floette\n|-boost|p2b: Floette|spa|1\n|-boost|p2b: Floette|spd|1\n|\n|upkeep\n|\n|t:|1776522859\n|switch|p2a: Excadrill|Excadrill, L50, M|100/100\n|-ability|p2a: Excadrill|Mold Breaker\n|turn|2\n|\n|t:|1776522868\n|move|p1a: Aerodactyl|Protect|p1a: Aerodactyl\n|-singleturn|p1a: Aerodactyl|Protect\n|move|p2a: Excadrill|Rock Slide|p1a: Aerodactyl|[spread] p1b\n|-activate|p1a: Aerodactyl|move: Protect\n|-damage|p1b: Rotom|72/100\n|cant|p1b: Rotom|flinch\n|move|p2b: Floette|Dazzling Gleam|p1a: Aerodactyl|[spread] p1b\n|-activate|p1a: Aerodactyl|move: Protect\n|-damage|p1b: Rotom|20/100\n|-enditem|p1b: Rotom|Sitrus Berry|[eat]\n|-heal|p1b: Rotom|45/100|[from] item: Sitrus Berry\n|\n|upkeep\n|turn|3\n|\n|t:|1776522884\n|move|p2a: Excadrill|Rock Slide|p1b: Rotom|[spread] p1a,p1b\n|-supereffective|p1a: Aerodactyl|1\n|-damage|p1a: Aerodactyl|44/100\n|-damage|p1b: Rotom|18/100\n|cant|p1a: Aerodactyl|flinch\n|cant|p1b: Rotom|flinch\n|move|p2b: Floette|Dazzling Gleam|p1a: Aerodactyl|[spread] p1a,p1b\n|-damage|p1a: Aerodactyl|0 fnt\n|-damage|p1b: Rotom|0 fnt\n|faint|p1a: Aerodactyl\n|faint|p1b: Rotom\n|\n|upkeep\n|\n|t:|1776522893\n|switch|p1a: Passimian|Passimian, L50, M|100/100\n|switch|p1b: Delphox|Delphox, L50, M|100/100\n|turn|4\n|\n|t:|1776522908\n|switch|p2a: Gyarados|Gyarados, L50, M|100/100\n|-ability|p2a: Gyarados|Intimidate|boost\n|-unboost|p1a: Passimian|atk|1\n|-ability|p1a: Passimian|Defiant|boost\n|-boost|p1a: Passimian|atk|2\n|-unboost|p1b: Delphox|atk|1\n|move|p1a: Passimian|Close Combat|p2a: Gyarados\n|-resisted|p2a: Gyarados|1\n|-damage|p2a: Gyarados|48/100\n|-unboost|p1a: Passimian|def|1\n|-unboost|p1a: Passimian|spd|1\n|move|p1b: Delphox|Psyshock|p2b: Floette\n|-damage|p2b: Floette|19/100\n|move|p2b: Floette|Moonblast|p1a: Passimian\n|-supereffective|p1a: Passimian|1\n|-damage|p1a: Passimian|0 fnt\n|faint|p1a: Passimian\n|\n|upkeep\n|turn|5\n|\n|t:|1776522929\n|move|p1b: Delphox|Heat Wave|p2b: Floette|[spread] p2a,p2b\n|-resisted|p2a: Gyarados|1\n|-damage|p2a: Gyarados|33/100\n|-damage|p2b: Floette|0 fnt\n|faint|p2b: Floette\n|move|p2a: Gyarados|Waterfall|p1b: Delphox\n|-supereffective|p1b: Delphox|1\n|-damage|p1b: Delphox|0 fnt\n|faint|p1b: Delphox\n|\n|win|pevere1l\n|raw|Ikeamp88's rating: 1369 &rarr; <strong>1351</strong><br />(-18 for losing)\n|raw|pevere1l's rating: 1405 &rarr; <strong>1423</strong><br />(+18 for winning)\n",
  "uploadtime": 1776522940,
  "views": 36,
  "formatid": "gen9championsvgc2026regma",
  "rating": 1351,
  "private": 0,
  "password": null
}