{
  "id": "gen9championsvgc2026regma-2587015265",
  "format": "[Gen 9 Champions] VGC 2026 Reg M-A",
  "players": [
    "ChainsPkmn",
    "CJG727_"
  ],
  "log": "|j|\u2606ChainsPkmn\n|j|\u2606CJG727_\n|html|<table width=\"100%\"><tr><td align=\"left\">ChainsPkmn</td><td align=\"right\">CJG727_</tr><tr><td align=\"left\"><i class=\"fa fa-circle-o\"></i> <i class=\"fa fa-circle-o\"></i> </td><td align=\"right\"><i class=\"fa fa-circle-o\"></i> <i class=\"fa fa-circle-o\"></i> </tr></table>\n|uhtml|bestof|<h2><strong>Game 1</strong> of <a href=\"/game-bestof3-gen9championsvgc2026regma-2587015264\">a best-of-3</a></h2>\n|t:|1776481436\n|gametype|doubles\n|player|p1|ChainsPkmn|miku-water|\n|player|p2|CJG727_|acetrainerf-gen4|\n|gen|9\n|tier|[Gen 9 Champions] VGC 2026 Reg M-A\n|rule|Species Clause: Limit one of each Pok\u00e9mon\n|rule|Item Clause: Limit 1 of each item\n|raw|<div class=\"infobox\"><details class=\"readmore\" open><summary><strong>1 custom rule:</strong></summary> Best of = 3</details></div>\n|clearpoke\n|poke|p1|Gengar, L50, F|\n|poke|p1|Palafin, L50, F|\n|poke|p1|Politoed, L50, M|\n|poke|p1|Rotom-Mow, L50|\n|poke|p1|Kommo-o, L50, M|\n|poke|p1|Sableye, L50, M|\n|poke|p2|Archaludon, L50, F|\n|poke|p2|Pelipper, L50, F|\n|poke|p2|Roserade, L50, M|\n|poke|p2|Basculegion, L50, M|\n|poke|p2|Kangaskhan, L50, F|\n|poke|p2|Gallade, L50, M|\n|teampreview|4\nCJG727_ rejected open team sheets.\n|inactive|Battle timer is ON: inactive players will automatically lose when time's up. (requested by ChainsPkmn)\n|c|\u2606CJG727_|Glhf\n|c|\u2606ChainsPkmn|u2\n|inactive|ChainsPkmn has 60 seconds left.\n|\n|t:|1776481481\n|teamsize|p1|4\n|teamsize|p2|4\n|start\n|switch|p1a: Palafin|Palafin, L50, F|100/100\n|switch|p1b: Sableye|Sableye, L50, M|100/100\n|switch|p2a: Gallade|Gallade, L50, M|100/100\n|switch|p2b: Kangaskhan|Kangaskhan, L50, F|100/100\n|turn|1\n|l|\u2606CJG727_\n|inactive|CJG727_ disconnected and has 300 seconds to reconnect!\n|player|p2|\n|j|\u2606CJG727_\n|inactive|CJG727_ reconnected and has 55 seconds left.\n|player|p2|CJG727_|acetrainerf-gen4|\n|\n|t:|1776481519\n|detailschange|p1a: Palafin|Palafin-Hero, L50, F\n|switch|p1a: Rotom|Rotom-Mow, L50|100/100\n|move|p2b: Kangaskhan|Fake Out|p1b: Sableye\n|-damage|p1b: Sableye|83/100\n|cant|p1b: Sableye|flinch\n|move|p2a: Gallade|Taunt|p1b: Sableye\n|-start|p1b: Sableye|move: Taunt\n|\n|upkeep\n|turn|2\n|inactive|ChainsPkmn has 30 seconds left.\n|\n|t:|1776481551\n|switch|p1b: Palafin|Palafin-Hero, L50, F|100/100\n|-activate|p1b: Palafin|ability: Zero to Hero\n|detailschange|p2b: Kangaskhan|Kangaskhan-Mega, L50, F\n|-mega|p2b: Kangaskhan|Kangaskhan|Kangaskhanite\n|move|p1a: Rotom|Shadow Ball|p2a: Gallade\n|-supereffective|p2a: Gallade|1\n|-damage|p2a: Gallade|54/100\n|move|p2b: Kangaskhan|Double-Edge|p1a: Rotom\n|-damage|p1a: Rotom|15/100\n|-damage|p1a: Rotom|0 fnt\n|faint|p1a: Rotom\n|-hitcount|p1: Rotom|2\n|-damage|p2b: Kangaskhan|76/100|[from] Recoil\n|move|p2a: Gallade|Thunder Punch|p1b: Palafin\n|-supereffective|p1b: Palafin|1\n|-enditem|p1b: Palafin|Wacan Berry|[eat]\n|-enditem|p1b: Palafin|Wacan Berry|[weaken]\n|-damage|p1b: Palafin|81/100\n|\n|upkeep\n|\n|t:|1776481564\n|switch|p1a: Sableye|Sableye, L50, M|83/100\n|turn|3\n|inactive|CJG727_ has 30 seconds left.\n|\n|t:|1776481590\n|move|p1a: Sableye|Reflect|p1a: Sableye\n|-sidestart|p1: ChainsPkmn|Reflect\n|move|p1b: Palafin|Wave Crash|p2a: Gallade\n|-damage|p2a: Gallade|0 fnt\n|faint|p2a: Gallade\n|-damage|p1b: Palafin|69/100|[from] Recoil\n|move|p2b: Kangaskhan|Double-Edge|p1b: Palafin\n|-damage|p1b: Palafin|27/100\n|-damage|p1b: Palafin|18/100\n|-hitcount|p1b: Palafin|2\n|-damage|p2b: Kangaskhan|57/100|[from] Recoil\n|\n|upkeep\n|\n|t:|1776481597\n|switch|p2a: Archaludon|Archaludon, L50, F|100/100\n|turn|4\n|\n|t:|1776481616\n|switch|p2b: Pelipper|Pelipper, L50, F|100/100\n|-weather|RainDance|[from] ability: Drizzle|[of] p2b: Pelipper\n|move|p1b: Palafin|Protect|p1b: Palafin\n|-singleturn|p1b: Palafin|Protect\n|move|p2a: Archaludon|Electro Shot||[still]\n|-prepare|p2a: Archaludon|Electro Shot\n|-boost|p2a: Archaludon|spa|1\n|-anim|p2a: Archaludon|Electro Shot|p1a: Sableye\n|-damage|p1a: Sableye|0 fnt\n|faint|p1a: Sableye\n|\n|-weather|RainDance|[upkeep]\n|upkeep\n|\n|t:|1776481620\n|switch|p1a: Gengar|Gengar, L50, F|100/100\n|turn|5\n|\n|t:|1776481643\n|detailschange|p1a: Gengar|Gengar-Mega, L50, F\n|-mega|p1a: Gengar|Gengar|Gengarite\n|move|p1a: Gengar|Thunder|p2b: Pelipper\n|-supereffective|p2b: Pelipper|2\n|-enditem|p2b: Pelipper|Focus Sash\n|-damage|p2b: Pelipper|1/100\n|move|p1b: Palafin|Close Combat|p2a: Archaludon\n|-supereffective|p2a: Archaludon|1\n|-enditem|p2a: Archaludon|Chople Berry|[eat]\n|-enditem|p2a: Archaludon|Chople Berry|[weaken]\n|-damage|p2a: Archaludon|69/100\n|-unboost|p1b: Palafin|def|1\n|-unboost|p1b: Palafin|spd|1\n|move|p2a: Archaludon|Electro Shot||[still]\n|-prepare|p2a: Archaludon|Electro Shot\n|-boost|p2a: Archaludon|spa|1\n|-anim|p2a: Archaludon|Electro Shot|p1a: Gengar\n|-damage|p1a: Gengar|5/100\n|move|p2b: Pelipper|Tailwind|p2b: Pelipper\n|-sidestart|p2: CJG727_|move: Tailwind\n|\n|-weather|RainDance|[upkeep]\n|upkeep\n|turn|6\n|inactive|CJG727_ has 30 seconds left.\n|\n|t:|1776481671\n|move|p2b: Pelipper|Protect|p2b: Pelipper\n|-singleturn|p2b: Pelipper|Protect\n|move|p2a: Archaludon|Flash Cannon|p1b: Palafin\n|-resisted|p1b: Palafin|1\n|-damage|p1b: Palafin|0 fnt\n|faint|p1b: Palafin\n|move|p1a: Gengar|Focus Blast|p2a: Archaludon\n|-supereffective|p2a: Archaludon|1\n|-damage|p2a: Archaludon|0 fnt\n|faint|p2a: Archaludon\n|\n|-weather|RainDance|[upkeep]\n|upkeep\n|\n|t:|1776481678\n|switch|p2a: Kangaskhan|Kangaskhan-Mega, L50, F|57/100\n|turn|7\n|\n|t:|1776481683\n|move|p1a: Gengar|Protect|p1a: Gengar\n|-singleturn|p1a: Gengar|Protect\n|move|p2a: Kangaskhan|Crunch|p1a: Gengar\n|-activate|p1a: Gengar|move: Protect\n|move|p2b: Pelipper|Weather Ball|p1a: Gengar\n|-activate|p1a: Gengar|move: Protect\n|\n|-weather|RainDance|[upkeep]\n|-sideend|p1: ChainsPkmn|Reflect\n|upkeep\n|turn|8\n|\n|t:|1776481692\n|move|p1a: Gengar|Protect||[still]\n|-fail|p1a: Gengar\n|move|p2a: Kangaskhan|Crunch|p1a: Gengar\n|-supereffective|p1a: Gengar|1\n|-damage|p1a: Gengar|0 fnt\n|faint|p1a: Gengar\n|-hitcount|p1: Gengar|1\n|\n|win|CJG727_\n||ChainsPkmn is ready for game 2.\n||CJG727_ is ready for game 2.\n|uhtml|next|Next: <a href=\"/battle-gen9championsvgc2026regma-2587017759\"><strong>Game 2 of 3</strong></a>\n",
  "uploadtime": 1776482394,
  "views": 28,
  "formatid": "gen9championsvgc2026regma",
  "rating": null,
  "private": 0,
  "password": null
}