{
  "id": "gen9championsvgc2026regma-2586701688",
  "format": "[Gen 9 Champions] VGC 2026 Reg M-A",
  "players": [
    "sirae",
    "willumpaloompa"
  ],
  "log": "|j|\u2606sirae\n|j|\u2606willumpaloompa\n|t:|1776453301\n|gametype|doubles\n|player|p1|sirae|caitlin|1114\n|player|p2|willumpaloompa|2|1192\n|gen|9\n|tier|[Gen 9 Champions] VGC 2026 Reg M-A\n|rated|\n|rule|Species Clause: Limit one of each Pok\u00e9mon\n|rule|Item Clause: Limit 1 of each item\n|clearpoke\n|poke|p1|Gengar, L50, F|\n|poke|p1|Farigiraf, L50, F|\n|poke|p1|Incineroar, L50, F|\n|poke|p1|Sylveon, L50, F|\n|poke|p1|Sinistcha, L50|\n|poke|p1|Feraligatr, L50, M|\n|poke|p2|Glimmora, L50, M|\n|poke|p2|Corviknight, L50, F|\n|poke|p2|Incineroar, L50, M|\n|poke|p2|Gyarados, L50, M|\n|poke|p2|Garchomp, L50, F|\n|poke|p2|Ninetales-Alola, L50, M|\n|teampreview|4\n|inactive|Battle timer is ON: inactive players will automatically lose when time's up. (requested by sirae)\n|inactive|sirae has 60 seconds left.\n|inactive|willumpaloompa has 60 seconds left.\n|\n|t:|1776453353\n|teamsize|p1|4\n|teamsize|p2|4\n|start\n|switch|p1a: Gengar|Gengar, L50, F|100/100\n|switch|p1b: Incineroar|Incineroar, L50, F|100/100\n|switch|p2a: Garchomp|Garchomp, L50, F|100/100\n|switch|p2b: Glimmora|Glimmora, L50, M|100/100\n|-ability|p1b: Incineroar|Intimidate|boost\n|-unboost|p2a: Garchomp|atk|1\n|-unboost|p2b: Glimmora|atk|1\n|turn|1\n|\n|t:|1776453369\n|detailschange|p2b: Glimmora|Glimmora-Mega, L50, M\n|-mega|p2b: Glimmora|Glimmora|Glimmoranite\n|detailschange|p1a: Gengar|Gengar-Mega, L50, F\n|-mega|p1a: Gengar|Gengar|Gengarite\n|move|p1b: Incineroar|Fake Out|p2a: Garchomp\n|-crit|p2a: Garchomp\n|-damage|p2a: Garchomp|83/100\n|-damage|p1b: Incineroar|88/100|[from] ability: Rough Skin|[of] p2a: Garchomp\n|cant|p2a: Garchomp|flinch\n|move|p1a: Gengar|Perish Song|p1a: Gengar\n|-start|p1a: Gengar|perish3|[silent]\n|-start|p1b: Incineroar|perish3|[silent]\n|-start|p2a: Garchomp|perish3|[silent]\n|-start|p2b: Glimmora|perish3|[silent]\n|-fieldactivate|move: Perish Song\n|move|p2b: Glimmora|Power Gem|p1a: Gengar\n|-damage|p1a: Gengar|32/100\n|\n|-start|p2a: Garchomp|perish3\n|-start|p1a: Gengar|perish3\n|-start|p2b: Glimmora|perish3\n|-start|p1b: Incineroar|perish3\n|upkeep\n|turn|2\n|inactive|willumpaloompa has 30 seconds left.\n|inactive|willumpaloompa has 20 seconds left.\n|\n|t:|1776453406\n|switch|p1a: Farigiraf|Farigiraf, L50, F|100/100\n|move|p2a: Garchomp|Stomping Tantrum|p1a: Farigiraf\n|-damage|p1a: Farigiraf|44/100\n|move|p2b: Glimmora|Substitute|p2b: Glimmora\n|-start|p2b: Glimmora|Substitute\n|-damage|p2b: Glimmora|75/100\n|move|p1b: Incineroar|Parting Shot|p2a: Garchomp\n|-unboost|p2a: Garchomp|atk|1\n|-unboost|p2a: Garchomp|spa|1\n|\n|t:|1776453418\n|switch|p1b: Gengar|Gengar-Mega, L50, F|32/100|[from] Parting Shot\n|\n|-start|p2a: Garchomp|perish2\n|-start|p2b: Glimmora|perish2\n|upkeep\n|turn|3\n|\n|t:|1776453431\n|move|p1b: Gengar|Protect|p1b: Gengar\n|-singleturn|p1b: Gengar|Protect\n|move|p2a: Garchomp|Stomping Tantrum|p1a: Farigiraf\n|-damage|p1a: Farigiraf|24/100\n|move|p2b: Glimmora|Power Gem|p1b: Gengar\n|-activate|p1b: Gengar|move: Protect\n|move|p1a: Farigiraf|Trick Room|p1a: Farigiraf\n|-fieldstart|move: Trick Room|[of] p1a: Farigiraf\n|\n|-start|p2b: Glimmora|perish1\n|-start|p2a: Garchomp|perish1\n|upkeep\n|turn|4\n|\n|t:|1776453454\n|switch|p1b: Sylveon|Sylveon, L50, F|100/100\n|move|p1a: Farigiraf|Protect|p1a: Farigiraf\n|-singleturn|p1a: Farigiraf|Protect\n|move|p2b: Glimmora|Power Gem|p1a: Farigiraf\n|-activate|p1a: Farigiraf|move: Protect\n|move|p2a: Garchomp|Stomping Tantrum|p1b: Sylveon\n|-damage|p1b: Sylveon|69/100\n|\n|-start|p2b: Glimmora|perish0\n|-start|p2a: Garchomp|perish0\n|faint|p2b: Glimmora\n|faint|p2a: Garchomp\n|upkeep\n|\n|t:|1776453467\n|switch|p2a: Corviknight|Corviknight, L50, F|100/100\n|switch|p2b: Incineroar|Incineroar, L50, M|100/100\n|-ability|p2b: Incineroar|Intimidate|boost\n|-unboost|p1a: Farigiraf|atk|1\n|-unboost|p1b: Sylveon|atk|1\n|turn|5\n|\n|t:|1776453485\n|move|p2b: Incineroar|Flare Blitz|p1b: Sylveon\n|-damage|p1b: Sylveon|2/100\n|-damage|p2b: Incineroar|82/100|[from] Recoil\n|move|p2a: Corviknight|Iron Defense|p2a: Corviknight\n|-boost|p2a: Corviknight|def|2\n|move|p1b: Sylveon|Hyper Beam|p2b: Incineroar\n|-damage|p2b: Incineroar|16/100\n|-mustrecharge|p1b: Sylveon\n|-enditem|p2b: Incineroar|Sitrus Berry|[eat]\n|-heal|p2b: Incineroar|41/100|[from] item: Sitrus Berry\n|move|p1a: Farigiraf|Trick Room|p1a: Farigiraf\n|-fieldend|move: Trick Room\n|\n|upkeep\n|turn|6\n|inactive|willumpaloompa has 30 seconds left.\n|\n|t:|1776453518\n|switch|p1a: Incineroar|Incineroar, L50, F|88/100\n|-ability|p1a: Incineroar|Intimidate|boost\n|-ability|p2a: Corviknight|Mirror Armor\n|-unboost|p1a: Incineroar|atk|1\n|-unboost|p2b: Incineroar|atk|1\n|cant|p1b: Sylveon|recharge\n|move|p2a: Corviknight|Body Press|p1b: Sylveon\n|-resisted|p1b: Sylveon|1\n|-damage|p1b: Sylveon|0 fnt\n|faint|p1b: Sylveon\n|move|p2b: Incineroar|Flare Blitz|p1a: Incineroar\n|-resisted|p1a: Incineroar|1\n|-damage|p1a: Incineroar|73/100\n|-damage|p2b: Incineroar|36/100|[from] Recoil\n|\n|upkeep\n|\n|t:|1776453531\n|switch|p1b: Gengar|Gengar-Mega, L50, F|32/100\n|turn|7\n|\n|t:|1776453540\n|move|p2b: Incineroar|Protect|p2b: Incineroar\n|-singleturn|p2b: Incineroar|Protect\n|move|p1a: Incineroar|Fake Out|p2a: Corviknight\n|-resisted|p2a: Corviknight|1\n|-damage|p2a: Corviknight|99/100\n|move|p1b: Gengar|Disable|p2b: Incineroar\n|-activate|p2b: Incineroar|move: Protect\n|cant|p2a: Corviknight|flinch\n|\n|-heal|p2a: Corviknight|100/100|[from] item: Leftovers\n|upkeep\n|turn|8\n|\n|t:|1776453554\n|move|p1b: Gengar|Perish Song|p1b: Gengar\n|-start|p1a: Incineroar|perish3|[silent]\n|-start|p1b: Gengar|perish3|[silent]\n|-start|p2a: Corviknight|perish3|[silent]\n|-start|p2b: Incineroar|perish3|[silent]\n|-fieldactivate|move: Perish Song\n|move|p1a: Incineroar|Parting Shot|p2b: Incineroar\n|-unboost|p2b: Incineroar|atk|1\n|-unboost|p2b: Incineroar|spa|1\n|\n|t:|1776453565\n|switch|p1a: Farigiraf|Farigiraf, L50, F|24/100|[from] Parting Shot\n|move|p2a: Corviknight|Body Press|p1a: Farigiraf\n|-damage|p1a: Farigiraf|0 fnt\n|faint|p1a: Farigiraf\n|move|p2b: Incineroar|Flare Blitz|p1b: Gengar\n|-damage|p1b: Gengar|7/100\n|-damage|p2b: Incineroar|30/100|[from] Recoil\n|\n|-start|p1b: Gengar|perish3\n|-start|p2a: Corviknight|perish3\n|-start|p2b: Incineroar|perish3\n|upkeep\n|\n|t:|1776453577\n|switch|p1a: Incineroar|Incineroar, L50, F|73/100\n|-ability|p1a: Incineroar|Intimidate|boost\n|-ability|p2a: Corviknight|Mirror Armor\n|-unboost|p1a: Incineroar|atk|1\n|-unboost|p2b: Incineroar|atk|1\n|turn|9\n|\n|t:|1776453590\n|move|p1a: Incineroar|Fake Out|p2b: Incineroar\n|-damage|p2b: Incineroar|23/100\n|move|p1b: Gengar|Disable|p2a: Corviknight\n|-start|p2a: Corviknight|Disable|Body Press\n|move|p2a: Corviknight|Iron Defense|p2a: Corviknight\n|-boost|p2a: Corviknight|def|2\n|cant|p2b: Incineroar|flinch\n|\n|-start|p1b: Gengar|perish2\n|-start|p2a: Corviknight|perish2\n|-start|p2b: Incineroar|perish2\n|upkeep\n|turn|10\n|inactive|willumpaloompa has 30 seconds left.\n|\n|t:|1776453616\n|move|p1b: Gengar|Protect|p1b: Gengar\n|-singleturn|p1b: Gengar|Protect\n|move|p2b: Incineroar|Protect|p2b: Incineroar\n|-singleturn|p2b: Incineroar|Protect\n|move|p1a: Incineroar|Darkest Lariat|p2a: Corviknight\n|-damage|p2a: Corviknight|81/100\n|move|p2a: Corviknight|Iron Defense|p2a: Corviknight\n|-boost|p2a: Corviknight|def|2\n|\n|-heal|p2a: Corviknight|87/100|[from] item: Leftovers\n|-start|p1b: Gengar|perish1\n|-start|p2a: Corviknight|perish1\n|-start|p2b: Incineroar|perish1\n|upkeep\n|turn|11\n|-message|willumpaloompa forfeited.\n|\n|win|sirae\n|raw|sirae's rating: 1114 &rarr; <strong>1145</strong><br />(+31 for winning)\n|raw|willumpaloompa's rating: 1192 &rarr; <strong>1161</strong><br />(-31 for losing)\n|l|\u2606willumpaloompa\n|player|p2|\n",
  "uploadtime": 1776453631,
  "views": 36,
  "formatid": "gen9championsvgc2026regma",
  "rating": 1145,
  "private": 0,
  "password": null
}