{
  "id": "gen9championsvgc2026regma-2586052201",
  "format": "[Gen 9 Champions] VGC 2026 Reg M-A",
  "players": [
    "Machete521",
    "Drcheems19"
  ],
  "log": "|j|\u2606Machete521\n|j|\u2606Drcheems19\n|t:|1776394005\n|gametype|doubles\n|player|p1|Machete521|170|1066\n|player|p2|Drcheems19|101|1010\n|gen|9\n|tier|[Gen 9 Champions] VGC 2026 Reg M-A\n|rated|\n|rule|Species Clause: Limit one of each Pok\u00e9mon\n|rule|Item Clause: Limit 1 of each item\n|clearpoke\n|poke|p1|Sinistcha, L50|\n|poke|p1|Farigiraf, L50, M|\n|poke|p1|Victreebel, L50, M|\n|poke|p1|Golurk, L50|\n|poke|p1|Kingambit, L50, F|\n|poke|p1|Gyarados, L50, F|\n|poke|p2|Diggersby, L50, F|\n|poke|p2|Heracross, L50, F|\n|poke|p2|Spiritomb, L50, F|\n|poke|p2|Kingambit, L50, M|\n|poke|p2|Torkoal, L50, M|\n|poke|p2|Greninja-*, L50, F|\n|teampreview|4\n|\n|t:|1776394028\n|teamsize|p1|4\n|teamsize|p2|4\n|start\n|switch|p1a: Farigiraf|Farigiraf, L50, M|100/100\n|switch|p1b: Victreebel|Victreebel, L50, M, shiny|100/100\n|switch|p2a: Diggersby|Diggersby, L50, F|100/100\n|switch|p2b: Spiritomb|Spiritomb, L50, F|100/100\n|-ability|p2b: Spiritomb|Pressure\n|turn|1\n|\n|t:|1776394045\n|detailschange|p1b: Victreebel|Victreebel-Mega, L50, M, shiny\n|-mega|p1b: Victreebel|Victreebel|Victreebelite\n|move|p2a: Diggersby|Protect|p2a: Diggersby\n|-singleturn|p2a: Diggersby|Protect\n|move|p1b: Victreebel|Sleep Powder|p2a: Diggersby\n|-activate|p2a: Diggersby|move: Protect\n|move|p2b: Spiritomb|Foul Play|p1a: Farigiraf\n|-supereffective|p1a: Farigiraf|1\n|-damage|p1a: Farigiraf|45/100\n|-enditem|p1a: Farigiraf|Sitrus Berry|[eat]\n|-heal|p1a: Farigiraf|70/100|[from] item: Sitrus Berry\n|move|p1a: Farigiraf|Trick Room|p1a: Farigiraf\n|-fieldstart|move: Trick Room|[of] p1a: Farigiraf\n|\n|upkeep\n|turn|2\n|\n|t:|1776394064\n|move|p2b: Spiritomb|Will-O-Wisp|p2a: Diggersby\n|-status|p2a: Diggersby|brn\n|move|p1a: Farigiraf|Psychic|p2a: Diggersby\n|-damage|p2a: Diggersby|56/100 brn\n|move|p1b: Victreebel|Sleep Powder|p2b: Spiritomb\n|-status|p2b: Spiritomb|slp|[from] move: Sleep Powder\n|move|p2a: Diggersby|Facade|p1b: Victreebel\n|-damage|p1b: Victreebel|0 fnt\n|-damage|p2a: Diggersby|0 fnt|[from] ability: Innards Out|[of] p1b: Victreebel\n|faint|p1b: Victreebel\n|faint|p2a: Diggersby\n|\n|upkeep\n|\n|t:|1776394082\n|switch|p1b: Sinistcha|Sinistcha, L50, shiny|100/100\n|switch|p2a: Torkoal|Torkoal, L50, M|100/100\n|-weather|SunnyDay|[from] ability: Drought|[of] p2a: Torkoal\n|-heal|p1a: Farigiraf|94/100|[from] ability: Hospitality|[of] p1b: Sinistcha\n|turn|3\n|\n|t:|1776394098\n|switch|p1b: Gyarados|Gyarados, L50, F, shiny|100/100\n|-ability|p1b: Gyarados|Intimidate|boost\n|-unboost|p2a: Torkoal|atk|1\n|-unboost|p2b: Spiritomb|atk|1\n|move|p2a: Torkoal|Eruption|p1b: Gyarados|[spread] p1a,p1b\n|-resisted|p1b: Gyarados|1\n|-damage|p1a: Farigiraf|11/100\n|-damage|p1b: Gyarados|62/100\n|cant|p2b: Spiritomb|slp\n|move|p1a: Farigiraf|Trick Room|p1a: Farigiraf\n|-fieldend|move: Trick Room\n|\n|-weather|SunnyDay|[upkeep]\n|upkeep\n|turn|4\n|\n|t:|1776394121\n|move|p1a: Farigiraf|Protect|p1a: Farigiraf\n|-singleturn|p1a: Farigiraf|Protect\n|move|p2a: Torkoal|Protect|p2a: Torkoal\n|-singleturn|p2a: Torkoal|Protect\n|move|p1b: Gyarados|Aqua Tail|p2a: Torkoal\n|-activate|p2a: Torkoal|move: Protect\n|-curestatus|p2b: Spiritomb|slp|[msg]\n|move|p2b: Spiritomb|Trick Room|p2b: Spiritomb\n|-fieldstart|move: Trick Room|[of] p2b: Spiritomb\n|\n|-weather|SunnyDay|[upkeep]\n|upkeep\n|turn|5\n|\n|t:|1776394138\n|move|p1a: Farigiraf|Protect||[still]\n|-fail|p1a: Farigiraf\n|move|p2a: Torkoal|Eruption|p1b: Gyarados|[spread] p1a,p1b\n|-resisted|p1b: Gyarados|1\n|-damage|p1a: Farigiraf|0 fnt\n|-damage|p1b: Gyarados|23/100\n|faint|p1a: Farigiraf\n|move|p2b: Spiritomb|Foul Play|p1b: Gyarados\n|-damage|p1b: Gyarados|0 fnt\n|faint|p1b: Gyarados\n|\n|-weather|SunnyDay|[upkeep]\n|upkeep\n|\n|t:|1776394150\n|switch|p1b: Sinistcha|Sinistcha, L50, shiny|100/100\n|turn|6\n|-message|Machete521 forfeited.\n|\n|win|Drcheems19\n|raw|Machete521's rating: 1066 &rarr; <strong>1043</strong><br />(-23 for losing)\n|raw|Drcheems19's rating: 1010 &rarr; <strong>1055</strong><br />(+45 for winning)\n|l|\u2606Machete521\n|player|p1|\n",
  "uploadtime": 1776394167,
  "views": 26,
  "formatid": "gen9championsvgc2026regma",
  "rating": 1043,
  "private": 0,
  "password": null
}