{
  "id": "gen9championsvgc2026regma-2587809302",
  "format": "[Gen 9 Champions] VGC 2026 Reg M-A",
  "players": [
    "LetHimSleep",
    "Danievania"
  ],
  "log": "|j|\u2606LetHimSleep\n|j|\u2606Danievania\n|t:|1776566212\n|gametype|doubles\n|player|p1|LetHimSleep|boarder|1413\n|player|p2|Danievania|byron|1492\n|gen|9\n|tier|[Gen 9 Champions] VGC 2026 Reg M-A\n|rated|\n|rule|Species Clause: Limit one of each Pok\u00e9mon\n|rule|Item Clause: Limit 1 of each item\n|clearpoke\n|poke|p1|Delphox, L50, M|\n|poke|p1|Garchomp, L50, F|\n|poke|p1|Clefable, L50, F|\n|poke|p1|Tyranitar, L50, M|\n|poke|p1|Farigiraf, L50, M|\n|poke|p1|Rotom-Wash, L50|\n|poke|p2|Delphox, L50, M, shiny|\n|poke|p2|Sneasler, L50, F, shiny|\n|poke|p2|Garchomp, L50, M, shiny|\n|poke|p2|Aerodactyl, L50, F|\n|poke|p2|Kingambit, L50, F|\n|poke|p2|Sinistcha, L50|\n|teampreview|4\nDanievania rejected open team sheets.\n|inactive|Battle timer is ON: inactive players will automatically lose when time's up. (requested by LetHimSleep)\n|inactive|Danievania has 60 seconds left.\n|\n|t:|1776566278\n|teamsize|p1|4\n|teamsize|p2|4\n|start\n|switch|p1a: Delphox|Delphox, L50, M|100/100\n|switch|p1b: Garchomp|Garchomp, L50, F|100/100\n|switch|p2a: Garchomp|Garchomp, L50, M, shiny|100/100\n|switch|p2b: Aerodactyl|Aerodactyl, L50, F|100/100\n|turn|1\n|j| Choklit Milk\n|l| Choklit Milk\n|inactive|LetHimSleep has 30 seconds left.\n|\n|t:|1776566307\n|detailschange|p2b: Aerodactyl|Aerodactyl-Mega, L50, F\n|-mega|p2b: Aerodactyl|Aerodactyl|Aerodactylite\n|detailschange|p1a: Delphox|Delphox-Mega, L50, M\n|-mega|p1a: Delphox|Delphox|Delphoxite\n|move|p1b: Garchomp|Rock Slide|p2b: Aerodactyl|[spread] p2a,p2b\n|-resisted|p2a: Garchomp|1\n|-supereffective|p2b: Aerodactyl|1\n|-damage|p2a: Garchomp|91/100\n|-damage|p2b: Aerodactyl|52/100\n|cant|p2b: Aerodactyl|flinch\n|move|p1a: Delphox|Psychic|p2a: Garchomp\n|-damage|p2a: Garchomp|28/100\n|cant|p2a: Garchomp|flinch\n|\n|upkeep\n|turn|2\n|c|\u2606LetHimSleep|brutal\n|c|\u2606Danievania|si, brutal\n|inactive|Danievania has 30 seconds left.\n|c|\u2606LetHimSleep|i hate how rockslide dependent this format is\n|inactive|Danievania has 20 seconds left.\n|\n|t:|1776566342\n|switch|p2a: Sinistcha|Sinistcha, L50|100/100\n|-heal|p2b: Aerodactyl|77/100|[from] ability: Hospitality|[of] p2a: Sinistcha\n|move|p1b: Garchomp|Rock Slide|p2b: Aerodactyl|[spread] p2a,p2b\n|-supereffective|p2b: Aerodactyl|1\n|-damage|p2a: Sinistcha|84/100\n|-damage|p2b: Aerodactyl|21/100\n|move|p2b: Aerodactyl|Rock Slide|p1a: Delphox|[spread] p1a,p1b\n|-supereffective|p1a: Delphox|1\n|-resisted|p1b: Garchomp|1\n|-damage|p1a: Delphox|4/100\n|-damage|p1b: Garchomp|85/100\n|cant|p1a: Delphox|flinch\n|\n|upkeep\n|turn|3\n|inactive|Danievania has 30 seconds left.\n|\n|t:|1776566368\n|move|p2a: Sinistcha|Protect|p2a: Sinistcha\n|-singleturn|p2a: Sinistcha|Protect\n|move|p1b: Garchomp|Rock Slide|p2a: Sinistcha|[spread] p2b\n|-activate|p2a: Sinistcha|move: Protect\n|-supereffective|p2b: Aerodactyl|1\n|-crit|p2b: Aerodactyl\n|-damage|p2b: Aerodactyl|0 fnt\n|faint|p2b: Aerodactyl\n|move|p1a: Delphox|Heat Wave|p2a: Sinistcha\n|-activate|p2a: Sinistcha|move: Protect\n|\n|upkeep\n|\n|t:|1776566380\n|switch|p2b: Kingambit|Kingambit, L50, F|100/100\n|turn|4\n|\n|t:|1776566391\n|switch|p1b: Farigiraf|Farigiraf, L50, M|100/100\n|move|p2b: Kingambit|Sucker Punch||[still]\n|cant|p1b: Farigiraf|ability: Armor Tail|Sucker Punch|[of] p2b: Kingambit\n|move|p1a: Delphox|Heat Wave|p2b: Kingambit|[spread] p2a,p2b\n|-supereffective|p2a: Sinistcha|1\n|-supereffective|p2b: Kingambit|1\n|-damage|p2a: Sinistcha|9/100\n|-damage|p2b: Kingambit|21/100\n|-enditem|p2a: Sinistcha|Sitrus Berry|[eat]\n|-heal|p2a: Sinistcha|34/100|[from] item: Sitrus Berry\n|move|p2a: Sinistcha|Trick Room|p2a: Sinistcha\n|-fieldstart|move: Trick Room|[of] p2a: Sinistcha\n|\n|upkeep\n|turn|5\n|\n|t:|1776566415\n|switch|p1a: Tyranitar|Tyranitar, L50, M|100/100\n|-weather|Sandstorm|[from] ability: Sand Stream|[of] p1a: Tyranitar\n|move|p2b: Kingambit|Kowtow Cleave|p1b: Farigiraf\n|-supereffective|p1b: Farigiraf|1\n|-damage|p1b: Farigiraf|0 fnt\n|faint|p1b: Farigiraf\n|move|p2a: Sinistcha|Matcha Gotcha|p1a: Tyranitar|[miss]\n|-miss|p2a: Sinistcha|p1a: Tyranitar\n|\n|-weather|Sandstorm|[upkeep]\n|-damage|p2a: Sinistcha|28/100|[from] Sandstorm\n|upkeep\n|\n|t:|1776566433\n|switch|p1b: Delphox|Delphox-Mega, L50, M|4/100\n|turn|6\n|\n|t:|1776566452\n|switch|p1b: Garchomp|Garchomp, L50, F|85/100\n|move|p2b: Kingambit|Protect|p2b: Kingambit\n|-singleturn|p2b: Kingambit|Protect\n|move|p1a: Tyranitar|Rock Slide|p2a: Sinistcha|[spread] p2a\n|-activate|p2b: Kingambit|move: Protect\n|-damage|p2a: Sinistcha|0 fnt\n|faint|p2a: Sinistcha\n|\n|-weather|Sandstorm|[upkeep]\n|upkeep\n|\n|t:|1776566462\n|switch|p2a: Garchomp|Garchomp, L50, M, shiny|28/100\n|turn|7\n|\n|t:|1776566476\n|move|p2b: Kingambit|Iron Head|p1a: Tyranitar\n|-supereffective|p1a: Tyranitar|1\n|-damage|p1a: Tyranitar|13/100\n|move|p1a: Tyranitar|Low Kick|p2b: Kingambit\n|-supereffective|p2b: Kingambit|2\n|-damage|p2b: Kingambit|0 fnt\n|faint|p2b: Kingambit\n|move|p2a: Garchomp|Dragon Claw|p1b: Garchomp|[miss]\n|-miss|p2a: Garchomp|p1b: Garchomp\n|move|p1b: Garchomp|Stomping Tantrum|p2a: Garchomp\n|-damage|p2a: Garchomp|0 fnt\n|-damage|p1b: Garchomp|73/100|[from] ability: Rough Skin|[of] p2a: Garchomp\n|faint|p2a: Garchomp\n|\n|win|LetHimSleep\n|raw|LetHimSleep's rating: 1413 &rarr; <strong>1437</strong><br />(+24 for winning)\n|raw|Danievania's rating: 1492 &rarr; <strong>1468</strong><br />(-24 for losing)\n|c|\u2606LetHimSleep|gg\n|l|\u2606Danievania\n|player|p2|\n|l|\u2606LetHimSleep\n|player|p1|\n",
  "uploadtime": 1776566632,
  "views": 17,
  "formatid": "gen9championsvgc2026regma",
  "rating": 1437,
  "private": 0,
  "password": null
}