{
  "id": "gen9championsvgc2026regma-2584041529",
  "format": "[Gen 9 Champions] VGC 2026 Reg M-A",
  "players": [
    "thealex610",
    "twiggis1"
  ],
  "log": "|j|\u2606thealex610\n|j|\u2606twiggis1\n|t:|1776219376\n|gametype|doubles\n|player|p1|thealex610|265|1114\n|player|p2|twiggis1|169|1200\n|gen|9\n|tier|[Gen 9 Champions] VGC 2026 Reg M-A\n|rated|\n|rule|Species Clause: Limit one of each Pok\u00e9mon\n|rule|Item Clause: Limit 1 of each item\n|clearpoke\n|poke|p1|Sneasler, L50, M|\n|poke|p1|Talonflame, L50, F|\n|poke|p1|Milotic, L50, F|\n|poke|p1|Aegislash, L50, F|\n|poke|p1|Scizor, L50, F|\n|poke|p1|Tyranitar, L50, F|\n|poke|p2|Chimecho, L50, M|\n|poke|p2|Sinistcha, L50|\n|poke|p2|Farigiraf, L50, F|\n|poke|p2|Incineroar, L50, F|\n|poke|p2|Tauros-Paldea-Aqua, L50, M|\n|poke|p2|Tyranitar, L50, M|\n|teampreview|4\n|inactive|Battle timer is ON: inactive players will automatically lose when time's up. (requested by twiggis1)\n|inactive|thealex610 has 60 seconds left.\n|\n|t:|1776219412\n|teamsize|p1|4\n|teamsize|p2|4\n|start\n|switch|p1a: Tyranitar|Tyranitar, L50, F|100/100\n|switch|p1b: Sneasler|Sneasler, L50, M|100/100\n|switch|p2a: Chimecho|Chimecho, L50, M|100/100\n|switch|p2b: Tyranitar|Tyranitar, L50, M|100/100\n|-weather|Sandstorm|[from] ability: Sand Stream|[of] p1a: Tyranitar\n|turn|1\n|inactive|twiggis1 has 30 seconds left.\n|\n|t:|1776219444\n|switch|p2b: Tauros|Tauros-Paldea-Aqua, L50, M|100/100\n|-ability|p2b: Tauros|Intimidate|boost\n|-unboost|p1a: Tyranitar|atk|1\n|-unboost|p1b: Sneasler|atk|1\n|-enditem|p1b: Sneasler|White Herb\n|-clearnegativeboost|p1b: Sneasler|[silent]\n|move|p2a: Chimecho|Protect|p2a: Chimecho\n|-singleturn|p2a: Chimecho|Protect\n|move|p1b: Sneasler|Close Combat|p2b: Tauros\n|-damage|p2b: Tauros|17/100\n|-unboost|p1b: Sneasler|def|1\n|-unboost|p1b: Sneasler|spd|1\n|move|p1a: Tyranitar|Knock Off|p2a: Chimecho\n|-activate|p2a: Chimecho|move: Protect\n|\n|-weather|Sandstorm|[upkeep]\n|-damage|p1b: Sneasler|95/100|[from] Sandstorm\n|-damage|p2b: Tauros|11/100|[from] Sandstorm\n|-damage|p2a: Chimecho|94/100|[from] Sandstorm\n|upkeep\n|turn|2\n|inactive|thealex610 has 30 seconds left.\n|inactive|twiggis1 has 30 seconds left.\n|inactive|twiggis1 has 20 seconds left.\n|\n|t:|1776219481\n|switch|p2b: Farigiraf|Farigiraf, L50, F|100/100\n|detailschange|p2a: Chimecho|Chimecho-Mega, L50, M\n|-mega|p2a: Chimecho|Chimecho|Chimechite\n|move|p1b: Sneasler|Dire Claw|p2b: Farigiraf\n|-damage|p2b: Farigiraf|54/100\n|-status|p2b: Farigiraf|par\n|move|p1a: Tyranitar|Dragon Dance|p1a: Tyranitar\n|-boost|p1a: Tyranitar|atk|1\n|-boost|p1a: Tyranitar|spe|1\n|move|p2a: Chimecho|Calm Mind|p2a: Chimecho\n|-boost|p2a: Chimecho|spa|1\n|-boost|p2a: Chimecho|spd|1\n|\n|-weather|Sandstorm|[upkeep]\n|-damage|p1b: Sneasler|89/100|[from] Sandstorm\n|-damage|p2b: Farigiraf|48/100 par|[from] Sandstorm\n|upkeep\n|turn|3\n|\n|t:|1776219504\n|switch|p2b: Tauros|Tauros-Paldea-Aqua, L50, M|11/100\n|-ability|p2b: Tauros|Intimidate|boost\n|-unboost|p1a: Tyranitar|atk|1\n|-unboost|p1b: Sneasler|atk|1\n|move|p1b: Sneasler|Dire Claw|p2b: Tauros\n|-damage|p2b: Tauros|0 fnt\n|faint|p2b: Tauros\n|move|p1a: Tyranitar|Knock Off|p2a: Chimecho\n|-supereffective|p2a: Chimecho|1\n|-damage|p2a: Chimecho|61/100\n|move|p2a: Chimecho|Flash Cannon|p1a: Tyranitar\n|-supereffective|p1a: Tyranitar|1\n|-damage|p1a: Tyranitar|27/100\n|-unboost|p1a: Tyranitar|spd|1\n|\n|-weather|Sandstorm|[upkeep]\n|-damage|p1b: Sneasler|83/100|[from] Sandstorm\n|upkeep\n|\n|t:|1776219517\n|switch|p2b: Farigiraf|Farigiraf, L50, F|48/100 par\n|turn|4\n|\n|t:|1776219544\n|move|p1b: Sneasler|Dire Claw|p2b: Farigiraf\n|-damage|p2b: Farigiraf|19/100 par\n|move|p1a: Tyranitar|Knock Off|p2a: Chimecho\n|-supereffective|p2a: Chimecho|1\n|-damage|p2a: Chimecho|24/100\n|move|p2a: Chimecho|Psychic|p1b: Sneasler\n|-supereffective|p1b: Sneasler|2\n|-damage|p1b: Sneasler|0 fnt\n|faint|p1b: Sneasler\n|cant|p2b: Farigiraf|par\n|\n|-weather|Sandstorm|[upkeep]\n|-damage|p2b: Farigiraf|12/100 par|[from] Sandstorm\n|upkeep\n|\n|t:|1776219557\n|switch|p1b: Scizor|Scizor, L50, F, shiny|100/100\n|turn|5\n|\n|t:|1776219577\n|switch|p2b: Tyranitar|Tyranitar, L50, M|100/100\n|detailschange|p1b: Scizor|Scizor-Mega, L50, F, shiny\n|-mega|p1b: Scizor|Scizor|Scizorite\n|move|p2a: Chimecho|Protect|p2a: Chimecho\n|-singleturn|p2a: Chimecho|Protect\n|move|p1a: Tyranitar|Knock Off|p2a: Chimecho\n|-activate|p2a: Chimecho|move: Protect\n|move|p1b: Scizor|Dual Wingbeat|p2b: Tyranitar\n|-resisted|p2b: Tyranitar|1\n|-damage|p2b: Tyranitar|91/100\n|-resisted|p2b: Tyranitar|1\n|-damage|p2b: Tyranitar|82/100\n|-hitcount|p2b: Tyranitar|2\n|\n|-weather|none\n|-heal|p2b: Tyranitar|88/100|[from] item: Leftovers\n|upkeep\n|turn|6\n|inactive|thealex610 has 30 seconds left.\n|inactive|twiggis1 has 30 seconds left.\n|\n|t:|1776219608\n|switch|p1b: Aegislash|Aegislash, L50, F|100/100\n|switch|p2a: Farigiraf|Farigiraf, L50, F|12/100 par\n|move|p1a: Tyranitar|Protect|p1a: Tyranitar\n|-singleturn|p1a: Tyranitar|Protect\n|move|p2b: Tyranitar|Rock Slide|p1a: Tyranitar|[spread] \n|-activate|p1a: Tyranitar|move: Protect\n|-miss|p2b: Tyranitar|p1b: Aegislash\n|\n|-heal|p2b: Tyranitar|94/100|[from] item: Leftovers\n|upkeep\n|turn|7\n|inactive|thealex610 has 30 seconds left.\n|\n|t:|1776219634\n|move|p1a: Tyranitar|Rock Slide|p2b: Tyranitar|[spread] p2a,p2b\n|-crit|p2b: Tyranitar\n|-damage|p2a: Farigiraf|0 fnt\n|-damage|p2b: Tyranitar|57/100\n|faint|p2a: Farigiraf\n|cant|p2b: Tyranitar|flinch\n|-formechange|p1b: Aegislash|Aegislash-Blade|\n|move|p1b: Aegislash|Sacred Sword|p2b: Tyranitar\n|-supereffective|p2b: Tyranitar|2\n|-damage|p2b: Tyranitar|0 fnt\n|faint|p2b: Tyranitar\n|\n|upkeep\n|-message|twiggis1 forfeited.\n|\n|win|thealex610\n|raw|thealex610's rating: 1114 &rarr; <strong>1145</strong><br />(+31 for winning)\n|raw|twiggis1's rating: 1200 &rarr; <strong>1169</strong><br />(-31 for losing)\n|l|\u2606twiggis1\n|player|p2|\n",
  "uploadtime": 1776219649,
  "views": 28,
  "formatid": "gen9championsvgc2026regma",
  "rating": 1145,
  "private": 0,
  "password": null
}