{
  "id": "gen9championsvgc2026regma-2588043203",
  "format": "[Gen 9 Champions] VGC 2026 Reg M-A",
  "players": [
    "XungLao",
    "W0kMeDed"
  ],
  "log": "|j|\u2606XungLao\n|j|\u2606W0kMeDed\n|t:|1776597175\n|gametype|doubles\n|player|p1|XungLao|rood|1338\n|player|p2|W0kMeDed|palmer|1446\n|gen|9\n|tier|[Gen 9 Champions] VGC 2026 Reg M-A\n|rated|\n|rule|Species Clause: Limit one of each Pok\u00e9mon\n|rule|Item Clause: Limit 1 of each item\n|clearpoke\n|poke|p1|Froslass, L50, F|\n|poke|p1|Aerodactyl, L50, F|\n|poke|p1|Maushold, L50|\n|poke|p1|Sneasler, L50, M|\n|poke|p1|Kingambit, L50, M|\n|poke|p1|Rotom-Wash, L50|\n|poke|p2|Meganium, L50, M|\n|poke|p2|Tyranitar, L50, M|\n|poke|p2|Excadrill, L50, F|\n|poke|p2|Dragapult, L50, M|\n|poke|p2|Sneasler, L50, M|\n|poke|p2|Rotom-Wash, L50|\n|teampreview|4\n|\n|t:|1776597217\n|teamsize|p1|4\n|teamsize|p2|4\n|start\n|switch|p1a: Sneasler|Sneasler, L50, M|100/100\n|switch|p1b: JYP|Rotom-Wash, L50|100/100\n|switch|p2a: Mishima H.|Dragapult, L50, M|100/100\n|switch|p2b: Wise|Sneasler, L50, M|100/100\n|turn|1\n|inactive|Battle timer is ON: inactive players will automatically lose when time's up. (requested by XungLao)\n|\n|t:|1776597249\n|move|p2b: Wise|Protect|p2b: Wise\n|-singleturn|p2b: Wise|Protect\n|move|p1a: Sneasler|Protect|p1a: Sneasler\n|-singleturn|p1a: Sneasler|Protect\n|move|p2a: Mishima H.|Will-O-Wisp|p1a: Sneasler\n|-activate|p1a: Sneasler|move: Protect\n|move|p1b: JYP|Electroweb|p2a: Mishima H.|[spread] p2a\n|-activate|p2b: Wise|move: Protect\n|-resisted|p2a: Mishima H.|1\n|-damage|p2a: Mishima H.|86/100\n|\n|upkeep\n|turn|2\n|inactive|XungLao has 30 seconds left.\n|\n|t:|1776597275\n|switch|p1a: Froslass|Froslass, L50, F|100/100\n|move|p2a: Mishima H.|Dragon Darts|p1b: JYP\n|-damage|p1b: JYP|74/100\n|-anim|p2a: Mishima H.|Dragon Darts|p1a: Froslass\n|-damage|p1a: Froslass|60/100\n|move|p2b: Wise|Dire Claw|p1b: JYP\n|-damage|p1b: JYP|27/100\n|-status|p1b: JYP|psn\n|move|p1b: JYP|Hydro Pump|p2b: Wise|[miss]\n|-miss|p1b: JYP|p2b: Wise\n|\n|-heal|p1b: JYP|33/100 psn|[from] item: Leftovers\n|-damage|p1b: JYP|21/100 psn|[from] psn\n|upkeep\n|turn|3\n|inactive|XungLao has 30 seconds left.\n|\n|t:|1776597308\n|switch|p1b: Sneasler|Sneasler, L50, M|100/100\n|detailschange|p1a: Froslass|Froslass-Mega, L50, F\n|-mega|p1a: Froslass|Froslass|Froslassite\n|-weather|Snowscape|[from] ability: Snow Warning|[of] p1a: Froslass\n|move|p2b: Wise|Protect|p2b: Wise\n|-singleturn|p2b: Wise|Protect\n|move|p2a: Mishima H.|Phantom Force||[still]\n|-prepare|p2a: Mishima H.|Phantom Force\n|move|p1a: Froslass|Blizzard|p2a: Mishima H.|[spread] \n|-miss|p1a: Froslass|p2a: Mishima H.\n|-activate|p2b: Wise|move: Protect\n|\n|-weather|Snowscape|[upkeep]\n|upkeep\n|turn|4\n|\n|t:|1776597326\n|switch|p2b: Hakai|Tyranitar, L50, M|100/100\n|-weather|Sandstorm|[from] ability: Sand Stream|[of] p2b: Hakai\n|switch|p1a: Kingambit|Kingambit, L50, M|100/100\n|move|p2a: Mishima H.|Phantom Force|p1a: Kingambit|[from] lockedmove\n|-resisted|p1a: Kingambit|1\n|-damage|p1a: Kingambit|85/100\n|move|p1b: Sneasler|Close Combat|p2b: Hakai\n|-supereffective|p2b: Hakai|2\n|-damage|p2b: Hakai|0 fnt\n|-unboost|p1b: Sneasler|def|1\n|-unboost|p1b: Sneasler|spd|1\n|faint|p2b: Hakai\n|-enditem|p1b: Sneasler|White Herb\n|-clearnegativeboost|p1b: Sneasler|[silent]\n|\n|-weather|Sandstorm|[upkeep]\n|-damage|p1b: Sneasler|95/100|[from] Sandstorm\n|-damage|p2a: Mishima H.|80/100|[from] Sandstorm\n|upkeep\n|\n|t:|1776597343\n|switch|p2b: Wise|Sneasler, L50, M|100/100\n|turn|5\n|\n|t:|1776597365\n|move|p1b: Sneasler|Protect|p1b: Sneasler\n|-singleturn|p1b: Sneasler|Protect\n|move|p1a: Kingambit|Protect|p1a: Kingambit\n|-singleturn|p1a: Kingambit|Protect\n|move|p2a: Mishima H.|Will-O-Wisp|p1a: Kingambit\n|-activate|p1a: Kingambit|move: Protect\n|move|p2b: Wise|Close Combat|p1b: Sneasler\n|-activate|p1b: Sneasler|move: Protect\n|\n|-weather|Sandstorm|[upkeep]\n|-damage|p1b: Sneasler|89/100|[from] Sandstorm\n|-damage|p2a: Mishima H.|74/100|[from] Sandstorm\n|-damage|p2b: Wise|95/100|[from] Sandstorm\n|upkeep\n|turn|6\n|inactive|XungLao has 30 seconds left.\n|\n|t:|1776597396\n|switch|p1a: JYP|Rotom-Wash, L50|21/100 psn\n|move|p1b: Sneasler|Dire Claw|p2a: Mishima H.\n|-resisted|p2a: Mishima H.|1\n|-damage|p2a: Mishima H.|47/100\n|move|p2a: Mishima H.|Will-O-Wisp|p1b: Sneasler|[miss]\n|-miss|p2a: Mishima H.|p1b: Sneasler\n|move|p2b: Wise|Close Combat|p1a: JYP\n|-damage|p1a: JYP|0 fnt\n|-unboost|p2b: Wise|def|1\n|-unboost|p2b: Wise|spd|1\n|faint|p1a: JYP\n|-enditem|p2b: Wise|White Herb\n|-clearnegativeboost|p2b: Wise|[silent]\n|\n|-weather|Sandstorm|[upkeep]\n|-damage|p2b: Wise|89/100|[from] Sandstorm\n|-damage|p1b: Sneasler|83/100|[from] Sandstorm\n|-damage|p2a: Mishima H.|41/100|[from] Sandstorm\n|upkeep\n|\n|t:|1776597412\n|switch|p1a: Froslass|Froslass-Mega, L50, F|60/100\n|-weather|Snowscape|[from] ability: Snow Warning|[of] p1a: Froslass\n|turn|7\n|\n|t:|1776597426\n|move|p2b: Wise|Protect|p2b: Wise\n|-singleturn|p2b: Wise|Protect\n|move|p1b: Sneasler|Close Combat|p2b: Wise\n|-activate|p2b: Wise|move: Protect\n|move|p2a: Mishima H.|Phantom Force||[still]\n|-prepare|p2a: Mishima H.|Phantom Force\n|move|p1a: Froslass|Blizzard|p2a: Mishima H.|[spread] \n|-miss|p1a: Froslass|p2a: Mishima H.\n|-activate|p2b: Wise|move: Protect\n|\n|-weather|Snowscape|[upkeep]\n|upkeep\n|turn|8\n|\n|t:|1776597448\n|switch|p1a: Kingambit|Kingambit, L50, M|85/100\n|move|p1b: Sneasler|Close Combat|p2b: Wise\n|-resisted|p2b: Wise|1\n|-damage|p2b: Wise|35/100\n|-unboost|p1b: Sneasler|def|1\n|-unboost|p1b: Sneasler|spd|1\n|move|p2b: Wise|Close Combat|p1a: Kingambit\n|-supereffective|p1a: Kingambit|2\n|-damage|p1a: Kingambit|0 fnt\n|-unboost|p2b: Wise|def|1\n|-unboost|p2b: Wise|spd|1\n|faint|p1a: Kingambit\n|move|p2a: Mishima H.|Phantom Force|p1b: Sneasler|[from] lockedmove\n|-damage|p1b: Sneasler|0 fnt\n|faint|p1b: Sneasler\n|\n|-weather|Snowscape|[upkeep]\n|upkeep\n|\n|t:|1776597464\n|switch|p1b: Froslass|Froslass-Mega, L50, F|60/100\n|turn|9\n|\n|t:|1776597480\n|move|p2b: Wise|Protect|p2b: Wise\n|-singleturn|p2b: Wise|Protect\n|move|p2a: Mishima H.|Phantom Force||[still]\n|-prepare|p2a: Mishima H.|Phantom Force\n|move|p1b: Froslass|Blizzard|p2a: Mishima H.|[spread] \n|-miss|p1b: Froslass|p2a: Mishima H.\n|-activate|p2b: Wise|move: Protect\n|\n|-weather|Snowscape|[upkeep]\n|upkeep\n|turn|10\n|\n|t:|1776597489\n|move|p2b: Wise|Dire Claw|p1b: Froslass\n|-resisted|p1b: Froslass|1\n|-damage|p1b: Froslass|39/100\n|move|p2a: Mishima H.|Phantom Force|p1b: Froslass|[from] lockedmove\n|-supereffective|p1b: Froslass|1\n|-damage|p1b: Froslass|0 fnt\n|faint|p1b: Froslass\n|\n|win|W0kMeDed\n|raw|XungLao's rating: 1338 &rarr; <strong>1324</strong><br />(-14 for losing)\n|raw|W0kMeDed's rating: 1446 &rarr; <strong>1460</strong><br />(+14 for winning)\n|c|\u2606XungLao|gg wp\n|c|\u2606W0kMeDed|gg\n|l|\u2606W0kMeDed\n|player|p2|\n",
  "uploadtime": 1776597507,
  "views": 15,
  "formatid": "gen9championsvgc2026regma",
  "rating": 1324,
  "private": 0,
  "password": null
}