{
  "id": "gen9championsvgc2026regma-2582879916",
  "format": "[Gen 9 Champions] VGC 2026 Reg M-A",
  "players": [
    "everlol",
    "cactusdestroyer"
  ],
  "log": "|j|\u2606everlol\n|j|\u2606cactusdestroyer\n|t:|1776121525\n|gametype|doubles\n|player|p1|everlol|265|1185\n|player|p2|cactusdestroyer|170|1250\n|gen|9\n|tier|[Gen 9 Champions] VGC 2026 Reg M-A\n|rated|\n|rule|Species Clause: Limit one of each Pok\u00e9mon\n|rule|Item Clause: Limit 1 of each item\n|clearpoke\n|poke|p1|Sneasler, L50, F|\n|poke|p1|Gardevoir, L50, M|\n|poke|p1|Garchomp, L50, F|\n|poke|p1|Whimsicott, L50, M|\n|poke|p1|Charizard, L50, F|\n|poke|p1|Kingambit, L50, M|\n|poke|p2|Garchomp, L50, F|\n|poke|p2|Pelipper, L50, M|\n|poke|p2|Archaludon, L50, M|\n|poke|p2|Basculegion, L50, M|\n|poke|p2|Liepard, L50, M|\n|poke|p2|Floette-Eternal, L50, F|\n|teampreview|4\n|inactive|Battle timer is ON: inactive players will automatically lose when time's up. (requested by everlol)\n|inactive|everlol has 60 seconds left.\n|inactive|cactusdestroyer has 60 seconds left.\n|\n|t:|1776121570\n|teamsize|p1|4\n|teamsize|p2|4\n|start\n|switch|p1a: Sneasler|Sneasler, L50, F|100/100\n|switch|p1b: Whimsicott|Whimsicott, L50, M|100/100\n|switch|p2a: Pelipper|Pelipper, L50, M|100/100\n|switch|p2b: Garchomp|Garchomp, L50, F|100/100\n|-weather|RainDance|[from] ability: Drizzle|[of] p2a: Pelipper\n|turn|1\n|\n|t:|1776121585\n|move|p1a: Sneasler|Fake Out|p2a: Pelipper\n|-damage|p2a: Pelipper|84/100\n|move|p1b: Whimsicott|Moonblast|p2a: Pelipper\n|-damage|p2a: Pelipper|36/100\n|-unboost|p2a: Pelipper|spa|1\n|-enditem|p2a: Pelipper|Sitrus Berry|[eat]\n|-heal|p2a: Pelipper|61/100|[from] item: Sitrus Berry\n|move|p2b: Garchomp|Stomping Tantrum|p1a: Sneasler\n|-supereffective|p1a: Sneasler|1\n|-damage|p1a: Sneasler|0 fnt\n|faint|p1a: Sneasler\n|cant|p2a: Pelipper|flinch\n|\n|-weather|RainDance|[upkeep]\n|upkeep\n|\n|t:|1776121600\n|switch|p1a: Garchomp|Garchomp, L50, F|100/100\n|turn|2\n|inactive|cactusdestroyer has 30 seconds left.\n|\n|t:|1776121631\n|move|p1a: Garchomp|Rock Slide|p2b: Garchomp|[spread] p2a,p2b\n|-supereffective|p2a: Pelipper|1\n|-resisted|p2b: Garchomp|1\n|-damage|p2a: Pelipper|16/100\n|-damage|p2b: Garchomp|91/100\n|move|p1b: Whimsicott|Moonblast|p2b: Garchomp\n|-supereffective|p2b: Garchomp|1\n|-enditem|p2b: Garchomp|Roseli Berry|[eat]\n|-enditem|p2b: Garchomp|Roseli Berry|[weaken]\n|-damage|p2b: Garchomp|58/100\n|move|p2b: Garchomp|Dragon Claw|p1a: Garchomp\n|-supereffective|p1a: Garchomp|1\n|-damage|p1a: Garchomp|6/100\n|-damage|p2b: Garchomp|45/100|[from] ability: Rough Skin|[of] p1a: Garchomp\n|move|p2a: Pelipper|Tailwind|p2a: Pelipper\n|-sidestart|p2: cactusdestroyer|move: Tailwind\n|\n|-weather|RainDance|[upkeep]\n|upkeep\n|turn|3\n|\n|t:|1776121655\n|switch|p1a: Gardevoir|Gardevoir, L50, M|100/100\n|-ability|p1a: Gardevoir|Rough Skin|Trace|[from] ability: Trace|[of] p2b: Garchomp\n|switch|p2a: Floette|Floette-Eternal, L50, F|100/100\n|move|p1b: Whimsicott|Encore|p2b: Garchomp\n|-start|p2b: Garchomp|Encore\n|move|p2b: Garchomp|Dragon Claw|p1b: Whimsicott\n|-immune|p1b: Whimsicott\n|\n|-weather|RainDance|[upkeep]\n|upkeep\n|turn|4\n|\n|t:|1776121680\n|switch|p2b: Archaludon|Archaludon, L50, M|100/100\n|detailschange|p2a: Floette|Floette-Mega, L50, F\n|-mega|p2a: Floette|Floette|Floettite\n|-ability|p2a: Floette|Fairy Aura\n|detailschange|p1a: Gardevoir|Gardevoir-Mega, L50, M\n|-mega|p1a: Gardevoir|Gardevoir|Gardevoirite\n|move|p1b: Whimsicott|Protect|p1b: Whimsicott\n|-singleturn|p1b: Whimsicott|Protect\n|move|p2a: Floette|Dazzling Gleam|p1a: Gardevoir|[spread] p1a\n|-activate|p1b: Whimsicott|move: Protect\n|-damage|p1a: Gardevoir|48/100\n|move|p1a: Gardevoir|Hyper Voice|p2b: Archaludon|[spread] p2a,p2b\n|-damage|p2a: Floette|43/100\n|-damage|p2b: Archaludon|22/100\n|-ability|p2b: Archaludon|Stamina|boost\n|-boost|p2b: Archaludon|def|1\n|\n|-weather|RainDance|[upkeep]\n|upkeep\n|turn|5\n|inactive|everlol has 30 seconds left.\n|\n|t:|1776121705\n|move|p1b: Whimsicott|Tailwind|p1b: Whimsicott\n|-sidestart|p1: everlol|move: Tailwind\n|move|p1a: Gardevoir|Hyper Voice|p2b: Archaludon|[spread] p2a,p2b\n|-damage|p2a: Floette|0 fnt\n|-damage|p2b: Archaludon|0 fnt\n|faint|p2a: Floette\n|faint|p2b: Archaludon\n|\n|-weather|none\n|-sideend|p2: cactusdestroyer|move: Tailwind\n|upkeep\n|-message|cactusdestroyer forfeited.\n|\n|win|everlol\n|raw|everlol's rating: 1185 &rarr; <strong>1215</strong><br />(+30 for winning)\n|raw|cactusdestroyer's rating: 1250 &rarr; <strong>1220</strong><br />(-30 for losing)\n|l|\u2606cactusdestroyer\n|player|p2|\n",
  "uploadtime": 1776121721,
  "views": 31,
  "formatid": "gen9championsvgc2026regma",
  "rating": 1215,
  "private": 0,
  "password": null
}