{
  "id": "gen9championsvgc2026regma-2589478187",
  "format": "[Gen 9 Champions] VGC 2026 Reg M-A",
  "players": [
    "MurkrowFan1",
    "godfocker"
  ],
  "log": "|j|\u2606MurkrowFan1\n|j|\u2606godfocker\n|t:|1776726568\n|gametype|doubles\n|player|p1|MurkrowFan1|101|1328\n|player|p2|godfocker|101|1351\n|gen|9\n|tier|[Gen 9 Champions] VGC 2026 Reg M-A\n|rated|\n|rule|Species Clause: Limit one of each Pok\u00e9mon\n|rule|Item Clause: Limit 1 of each item\n|clearpoke\n|poke|p1|Scovillain, L50, F|\n|poke|p1|Primarina, L50, F|\n|poke|p1|Garchomp, L50, M|\n|poke|p1|Aerodactyl, L50, M|\n|poke|p1|Sneasler, L50, M|\n|poke|p1|Maushold-Four, L50|\n|poke|p2|Blastoise, L50, F|\n|poke|p2|Sinistcha, L50|\n|poke|p2|Sneasler, L50, M|\n|poke|p2|Garchomp, L50, M|\n|poke|p2|Aerodactyl, L50, F|\n|poke|p2|Sylveon, L50, F|\n|teampreview|4\n|inactive|Battle timer is ON: inactive players will automatically lose when time's up. (requested by MurkrowFan1)\n|inactive|MurkrowFan1 has 60 seconds left.\n|inactive|godfocker has 60 seconds left.\n|\n|t:|1776726607\n|teamsize|p1|4\n|teamsize|p2|4\n|start\n|switch|p1a: Aerodactyl|Aerodactyl, L50, M|100/100\n|switch|p1b: Garchomp|Garchomp, L50, M|100/100\n|switch|p2a: Aerodactyl|Aerodactyl, L50, F|100/100\n|switch|p2b: Blastoise|Blastoise, L50, F|100/100\n|-ability|p1a: Aerodactyl|Unnerve\n|-ability|p2a: Aerodactyl|Unnerve\n|turn|1\n|inactive|MurkrowFan1 has 30 seconds left.\n|inactive|MurkrowFan1 has 20 seconds left.\n|inactive|MurkrowFan1 has 15 seconds left.\n|\n|t:|1776726649\n|detailschange|p2b: Blastoise|Blastoise-Mega, L50, F\n|-mega|p2b: Blastoise|Blastoise|Blastoisinite\n|move|p2a: Aerodactyl|Tailwind|p2a: Aerodactyl\n|-sidestart|p2: godfocker|move: Tailwind\n|move|p2b: Blastoise|Shell Smash|p2b: Blastoise\n|-unboost|p2b: Blastoise|def|1\n|-unboost|p2b: Blastoise|spd|1\n|-boost|p2b: Blastoise|atk|2\n|-boost|p2b: Blastoise|spa|2\n|-boost|p2b: Blastoise|spe|2\n|move|p1a: Aerodactyl|Tailwind|p1a: Aerodactyl\n|-sidestart|p1: MurkrowFan1|move: Tailwind\n|move|p1b: Garchomp|Earthquake|p2a: Aerodactyl|[spread] p2b\n|-immune|p1a: Aerodactyl\n|-immune|p2a: Aerodactyl\n|-damage|p2b: Blastoise|50/100\n|\n|upkeep\n|turn|2\n|j| Destructosaurio\n|inactive|MurkrowFan1 has 30 seconds left.\n|\n|t:|1776726677\n|move|p2b: Blastoise|Protect|p2b: Blastoise\n|-singleturn|p2b: Blastoise|Protect\n|move|p2a: Aerodactyl|Rock Slide|p1b: Garchomp|[spread] p1a,p1b\n|-supereffective|p1a: Aerodactyl|1\n|-resisted|p1b: Garchomp|1\n|-damage|p1a: Aerodactyl|19/100\n|-damage|p1b: Garchomp|89/100\n|move|p1a: Aerodactyl|Rock Slide|p2a: Aerodactyl|[spread] p2a\n|-activate|p2b: Blastoise|move: Protect\n|-supereffective|p2a: Aerodactyl|1\n|-damage|p2a: Aerodactyl|15/100\n|cant|p1b: Garchomp|flinch\n|\n|upkeep\n|turn|3\n|inactive|MurkrowFan1 has 30 seconds left.\n|inactive|MurkrowFan1 has 20 seconds left.\n|\n|t:|1776726716\n|switch|p2a: Sinistcha|Sinistcha, L50|100/100\n|-heal|p2b: Blastoise|75/100|[from] ability: Hospitality|[of] p2a: Sinistcha\n|move|p2b: Blastoise|Water Spout|p1a: Aerodactyl|[spread] p1a,p1b\n|-supereffective|p1a: Aerodactyl|1\n|-damage|p1a: Aerodactyl|0 fnt\n|-damage|p1b: Garchomp|0 fnt\n|faint|p1a: Aerodactyl\n|faint|p1b: Garchomp\n|\n|upkeep\n|\n|t:|1776726726\n|switch|p1a: Scovillain|Scovillain, L50, F|100/100\n|switch|p1b: Primarina|Primarina, L50, F|100/100\n|turn|4\n|inactive|MurkrowFan1 has 30 seconds left.\n|\n|t:|1776726754\n|detailschange|p1a: Scovillain|Scovillain-Mega, L50, F\n|-mega|p1a: Scovillain|Scovillain|Scovillainite\n|move|p2b: Blastoise|Water Spout|p1b: Primarina|[spread] p1a,p1b\n|-resisted|p1b: Primarina|1\n|-damage|p1a: Scovillain|2/100\n|-damage|p1b: Primarina|57/100\n|-status|p2b: Blastoise|brn|[from] ability: Spicy Spray|[of] p1a: Scovillain\n|move|p1b: Primarina|Calm Mind|p1b: Primarina\n|-boost|p1b: Primarina|spa|1\n|-boost|p1b: Primarina|spd|1\n|move|p1a: Scovillain|Flamethrower|p2a: Sinistcha\n|-supereffective|p2a: Sinistcha|1\n|-damage|p2a: Sinistcha|20/100\n|-enditem|p2a: Sinistcha|Sitrus Berry|[eat]\n|-heal|p2a: Sinistcha|44/100|[from] item: Sitrus Berry\n|move|p2a: Sinistcha|Matcha Gotcha|p1b: Primarina|[spread] p1a,p1b\n|-resisted|p1a: Scovillain|2\n|-supereffective|p1b: Primarina|1\n|-damage|p1a: Scovillain|0 fnt\n|-heal|p2a: Sinistcha|45/100|[from] drain|[of] p1a: Scovillain\n|-damage|p1b: Primarina|26/100\n|-heal|p2a: Sinistcha|61/100|[from] drain|[of] p1b: Primarina\n|-status|p1b: Primarina|brn\n|-status|p2a: Sinistcha|brn|[from] ability: Spicy Spray|[of] p1a: Scovillain\n|faint|p1a: Scovillain\n|\n|-heal|p1b: Primarina|32/100 brn|[from] item: Leftovers\n|-damage|p2b: Blastoise|69/100 brn|[from] brn\n|-damage|p1b: Primarina|26/100 brn|[from] brn\n|-damage|p2a: Sinistcha|54/100 brn|[from] brn\n|-sideend|p1: MurkrowFan1|move: Tailwind\n|-sideend|p2: godfocker|move: Tailwind\n|upkeep\n|turn|5\n|\n|t:|1776726771\n|move|p2b: Blastoise|Water Spout|p1b: Primarina\n|-resisted|p1b: Primarina|1\n|-damage|p1b: Primarina|0 fnt\n|faint|p1b: Primarina\n|\n|win|godfocker\n|raw|MurkrowFan1's rating: 1328 &rarr; <strong>1309</strong><br />(-19 for losing)\n|raw|godfocker's rating: 1351 &rarr; <strong>1370</strong><br />(+19 for winning)\n|l|\u2606MurkrowFan1\n|player|p1|\n",
  "uploadtime": 1776726779,
  "views": 8,
  "formatid": "gen9championsvgc2026regma",
  "rating": 1309,
  "private": 0,
  "password": null
}