{
  "id": "gen9championsvgc2026regma-2580353765",
  "format": "[Gen 9 Champions] VGC 2026 Reg M-A",
  "players": [
    "xythas",
    "SaioSeli"
  ],
  "log": "|j|\u2606xythas\n|j|\u2606SaioSeli\n|t:|1775884273\n|gametype|doubles\n|player|p1|xythas|169|1055\n|player|p2|SaioSeli|selene|1044\n|gen|9\n|tier|[Gen 9 Champions] VGC 2026 Reg M-A\n|rated|\n|rule|Species Clause: Limit one of each Pok\u00e9mon\n|rule|Item Clause: Limit 1 of each item\n|clearpoke\n|poke|p1|Pinsir, L50, M|\n|poke|p1|Aerodactyl, L50, F|\n|poke|p1|Rotom-Wash, L50|\n|poke|p1|Aegislash, L50, F|\n|poke|p1|Garchomp, L50, M|\n|poke|p1|Ninetales-Alola, L50, M|\n|poke|p2|Slurpuff, L50, M|\n|poke|p2|Aerodactyl, L50, M|\n|poke|p2|Raichu, L50, M|\n|poke|p2|Sneasler, L50, F|\n|poke|p2|Charizard, L50, M|\n|poke|p2|Whimsicott, L50, F|\n|teampreview|4\n|inactive|Battle timer is ON: inactive players will automatically lose when time's up. (requested by xythas)\n|inactive|xythas has 60 seconds left.\n|\n|t:|1775884328\n|teamsize|p1|4\n|teamsize|p2|4\n|start\n|switch|p1a: Pinsir|Pinsir, L50, M|100/100\n|switch|p1b: Aerodactyl|Aerodactyl, L50, F|100/100\n|switch|p2a: Slurpuff|Slurpuff, L50, M|100/100\n|switch|p2b: Whimsicott|Whimsicott, L50, F|100/100\n|-ability|p1b: Aerodactyl|Unnerve\n|turn|1\n|\n|t:|1775884348\n|detailschange|p1a: Pinsir|Pinsir-Mega, L50, M\n|-mega|p1a: Pinsir|Pinsir|Pinsirite\n|move|p2b: Whimsicott|Taunt|p1b: Aerodactyl\n|-start|p1b: Aerodactyl|move: Taunt\n|cant|p1b: Aerodactyl|move: Taunt|Tailwind\n|move|p1a: Pinsir|Body Slam|p2b: Whimsicott\n|-supereffective|p2b: Whimsicott|1\n|-enditem|p2b: Whimsicott|Focus Sash\n|-damage|p2b: Whimsicott|1/100\n|-status|p2b: Whimsicott|par\n|move|p2a: Slurpuff|Sticky Web|p1a: Pinsir\n|-sidestart|p1: xythas|move: Sticky Web\n|\n|upkeep\n|turn|2\n|\n|t:|1775884366\n|move|p1a: Pinsir|Quick Attack|p2b: Whimsicott\n|-supereffective|p2b: Whimsicott|1\n|-damage|p2b: Whimsicott|0 fnt\n|faint|p2b: Whimsicott\n|move|p1b: Aerodactyl|Rock Slide|p2a: Slurpuff\n|-damage|p2a: Slurpuff|70/100\n|move|p2a: Slurpuff|Yawn|p1a: Pinsir\n|-start|p1a: Pinsir|move: Yawn|[of] p2a: Slurpuff\n|\n|upkeep\n|inactive|SaioSeli has 30 seconds left.\n|\n|t:|1775884397\n|switch|p2b: Charizard|Charizard, L50, M|100/100\n|turn|3\n|\n|t:|1775884415\n|detailschange|p2b: Charizard|Charizard-Mega-Y, L50, M\n|-mega|p2b: Charizard|Charizard|Charizardite Y\n|-weather|SunnyDay|[from] ability: Drought|[of] p2b: Charizard\n|move|p1a: Pinsir|Detect|p1a: Pinsir\n|-singleturn|p1a: Pinsir|Protect\n|move|p1b: Aerodactyl|Rock Slide|p2b: Charizard|[spread] p2a,p2b\n|-supereffective|p2b: Charizard|2\n|-damage|p2a: Slurpuff|48/100\n|-damage|p2b: Charizard|0 fnt\n|faint|p2b: Charizard\n|move|p2a: Slurpuff|Yawn|p1b: Aerodactyl\n|-start|p1b: Aerodactyl|move: Yawn|[of] p2a: Slurpuff\n|\n|-weather|SunnyDay|[upkeep]\n|-end|p1b: Aerodactyl|move: Taunt\n|-end|p1a: Pinsir|move: Yawn|[silent]\n|-status|p1a: Pinsir|slp\n|upkeep\n|\n|t:|1775884423\n|switch|p2b: Sneasler|Sneasler, L50, F|100/100\n|turn|4\n|\n|t:|1775884437\n|move|p2b: Sneasler|Fake Out|p1b: Aerodactyl\n|-resisted|p1b: Aerodactyl|1\n|-damage|p1b: Aerodactyl|89/100\n|cant|p1b: Aerodactyl|flinch\n|cant|p1a: Pinsir|slp\n|move|p2a: Slurpuff|Dazzling Gleam|p1a: Pinsir|[spread] p1a,p1b\n|-damage|p1a: Pinsir|70/100 slp\n|-damage|p1b: Aerodactyl|56/100\n|\n|-weather|SunnyDay|[upkeep]\n|-end|p1b: Aerodactyl|move: Yawn|[silent]\n|-status|p1b: Aerodactyl|slp\n|upkeep\n|turn|5\n|\n|t:|1775884453\n|cant|p1a: Pinsir|slp\n|cant|p1b: Aerodactyl|slp\n|move|p2b: Sneasler|Close Combat|p1b: Aerodactyl\n|-damage|p1b: Aerodactyl|0 fnt\n|-unboost|p2b: Sneasler|def|1\n|-unboost|p2b: Sneasler|spd|1\n|-enditem|p2a: Slurpuff|Sitrus Berry|[eat]\n|-heal|p2a: Slurpuff|73/100|[from] item: Sitrus Berry\n|faint|p1b: Aerodactyl\n|-enditem|p2b: Sneasler|White Herb\n|-clearnegativeboost|p2b: Sneasler|[silent]\n|move|p2a: Slurpuff|Dazzling Gleam|p1a: Pinsir\n|-damage|p1a: Pinsir|30/100 slp\n|\n|-weather|SunnyDay|[upkeep]\n|upkeep\n|\n|t:|1775884469\n|switch|p1b: Aegislash|Aegislash, L50, F|100/100\n|-activate|p1b: Aegislash|move: Sticky Web\n|-unboost|p1b: Aegislash|spe|1\n|turn|6\n|inactive|SaioSeli has 30 seconds left.\n|inactive|SaioSeli has 20 seconds left.\n|\n|t:|1775884506\n|-curestatus|p1a: Pinsir|slp|[msg]\n|move|p1a: Pinsir|Quick Attack|p2b: Sneasler\n|-supereffective|p2b: Sneasler|1\n|-damage|p2b: Sneasler|0 fnt\n|faint|p2b: Sneasler\n|move|p2a: Slurpuff|Yawn|p1b: Aegislash\n|-start|p1b: Aegislash|move: Yawn|[of] p2a: Slurpuff\n|-formechange|p1b: Aegislash|Aegislash-Blade|\n|move|p1b: Aegislash|Flash Cannon|p2a: Slurpuff\n|-supereffective|p2a: Slurpuff|1\n|-crit|p2a: Slurpuff\n|-damage|p2a: Slurpuff|0 fnt\n|faint|p2a: Slurpuff\n|\n|win|xythas\n|raw|xythas's rating: 1055 &rarr; <strong>1086</strong><br />(+31 for winning)\n|raw|SaioSeli's rating: 1044 &rarr; <strong>1028</strong><br />(-16 for losing)\n|l|\u2606xythas\n|player|p1|\n",
  "uploadtime": 1775884578,
  "views": 18,
  "formatid": "gen9championsvgc2026regma",
  "rating": 1028,
  "private": 0,
  "password": null
}