{
  "id": "gen9championsvgc2026regma-2584199284",
  "format": "[Gen 9 Champions] VGC 2026 Reg M-A",
  "players": [
    "Rigel10",
    "25th_mang"
  ],
  "log": "|j|\u2606Rigel10\n|j|\u260625th_mang\n|t:|1776237301\n|gametype|doubles\n|player|p1|Rigel10|169|1229\n|player|p2|25th_mang|ballguy|1247\n|gen|9\n|tier|[Gen 9 Champions] VGC 2026 Reg M-A\n|rated|\n|rule|Species Clause: Limit one of each Pok\u00e9mon\n|rule|Item Clause: Limit 1 of each item\n|clearpoke\n|poke|p1|Incineroar, L50, F|\n|poke|p1|Chesnaught, L50, M|\n|poke|p1|Farigiraf, L50, M|\n|poke|p1|Primarina, L50, M|\n|poke|p1|Kingambit, L50, M|\n|poke|p1|Pelipper, L50, F|\n|poke|p2|Crabominable, L50, M|\n|poke|p2|Farigiraf, L50, F|\n|poke|p2|Incineroar, L50, M|\n|poke|p2|Archaludon, L50, M|\n|poke|p2|Pelipper, L50, F|\n|poke|p2|Sinistcha, L50|\n|teampreview|4\n|inactive|Battle timer is ON: inactive players will automatically lose when time's up. (requested by 25th_mang)\n|inactive|Rigel10 has 60 seconds left.\n|inactive|25th_mang has 60 seconds left.\n|inactive|Rigel10 has 30 seconds left.\n|inactive|25th_mang has 30 seconds left.\n|\n|t:|1776237374\n|teamsize|p1|4\n|teamsize|p2|4\n|start\n|switch|p1a: Incineroar|Incineroar, L50, F, shiny|100/100\n|switch|p1b: Farigiraf|Farigiraf, L50, M, shiny|100/100\n|switch|p2a: Roar|Incineroar, L50, M|100/100\n|switch|p2b: My Direction|Sinistcha, L50|100/100\n|-ability|p2a: Roar|Intimidate|boost\n|-unboost|p1a: Incineroar|atk|1\n|-unboost|p1b: Farigiraf|atk|1\n|-ability|p1a: Incineroar|Intimidate|boost\n|-unboost|p2a: Roar|atk|1\n|-unboost|p2b: My Direction|atk|1\n|turn|1\n|inactive|25th_mang has 30 seconds left.\n|\n|t:|1776237403\n|switch|p2a: Hockey Reference|Crabominable, L50, M|100/100\n|move|p2b: My Direction|Rage Powder|p2b: My Direction\n|-singleturn|p2b: My Direction|move: Rage Powder\n|move|p1a: Incineroar|Flare Blitz|p2b: My Direction\n|-supereffective|p2b: My Direction|1\n|-damage|p2b: My Direction|42/100\n|-status|p2b: My Direction|brn\n|-enditem|p2b: My Direction|Sitrus Berry|[eat]\n|-heal|p2b: My Direction|67/100 brn|[from] item: Sitrus Berry\n|-damage|p1a: Incineroar|84/100|[from] Recoil\n|move|p1b: Farigiraf|Trick Room|p1b: Farigiraf\n|-fieldstart|move: Trick Room|[of] p1b: Farigiraf\n|\n|-damage|p2b: My Direction|61/100 brn|[from] brn\n|upkeep\n|turn|2\n|inactive|Rigel10 has 30 seconds left.\n|inactive|Rigel10 has 20 seconds left.\n|inactive|Rigel10 has 15 seconds left.\n|\n|t:|1776237444\n|switch|p1a: Chesnaught|Chesnaught, L50, M|100/100\n|detailschange|p2a: Hockey Reference|Crabominable-Mega, L50, M\n|-mega|p2a: Hockey Reference|Crabominable|Crabominite\n|move|p2b: My Direction|Rage Powder|p2b: My Direction\n|-singleturn|p2b: My Direction|move: Rage Powder\n|move|p2a: Hockey Reference|Drain Punch|p1a: Chesnaught\n|-damage|p1a: Chesnaught|53/100\n|move|p1b: Farigiraf|Dazzling Gleam|p2b: My Direction|[spread] p2a,p2b\n|-supereffective|p2a: Hockey Reference|1\n|-crit|p2b: My Direction\n|-damage|p2a: Hockey Reference|67/100\n|-damage|p2b: My Direction|31/100 brn\n|\n|-damage|p2b: My Direction|25/100 brn|[from] brn\n|upkeep\n|turn|3\n|inactive|Rigel10 has 30 seconds left.\n|inactive|Rigel10 has 20 seconds left.\n|inactive|Rigel10 has 15 seconds left.\n|\n|t:|1776237484\n|detailschange|p1a: Chesnaught|Chesnaught-Mega, L50, M\n|-mega|p1a: Chesnaught|Chesnaught|Chesnaughtite\n|move|p2a: Hockey Reference|Ice Hammer|p1a: Chesnaught\n|-supereffective|p1a: Chesnaught|1\n|-damage|p1a: Chesnaught|0 fnt\n|-unboost|p2a: Hockey Reference|spe|1\n|faint|p1a: Chesnaught\n|move|p1b: Farigiraf|Dazzling Gleam|p2a: Hockey Reference|[spread] p2a,p2b\n|-supereffective|p2a: Hockey Reference|1\n|-damage|p2a: Hockey Reference|35/100\n|-damage|p2b: My Direction|5/100 brn\n|move|p2b: My Direction|Life Dew|p2b: My Direction|[spread] p2a,p2b\n|-heal|p2a: Hockey Reference|60/100\n|-heal|p2b: My Direction|30/100 brn\n|\n|-damage|p2b: My Direction|24/100 brn|[from] brn\n|upkeep\n|\n|t:|1776237500\n|switch|p1a: Incineroar|Incineroar, L50, F, shiny|84/100\n|-ability|p1a: Incineroar|Intimidate|boost\n|-unboost|p2a: Hockey Reference|atk|1\n|-unboost|p2b: My Direction|atk|1\n|turn|4\n|\n|t:|1776237524\n|switch|p2b: Roar|Incineroar, L50, M|100/100\n|-ability|p2b: Roar|Intimidate|boost\n|-unboost|p1a: Incineroar|atk|1\n|-unboost|p1b: Farigiraf|atk|1\n|move|p2a: Hockey Reference|Protect|p2a: Hockey Reference\n|-singleturn|p2a: Hockey Reference|Protect\n|move|p1a: Incineroar|Fake Out|p2a: Hockey Reference\n|-activate|p2a: Hockey Reference|move: Protect\n|move|p1b: Farigiraf|Psychic|p2b: Roar\n|-immune|p2b: Roar\n|\n|upkeep\n|turn|5\n|\n|t:|1776237549\n|switch|p2b: My Direction|Sinistcha, L50|24/100 brn\n|-heal|p2a: Hockey Reference|85/100|[from] ability: Hospitality|[of] p2b: My Direction\n|move|p2a: Hockey Reference|Drain Punch|p1a: Incineroar\n|-supereffective|p1a: Incineroar|1\n|-damage|p1a: Incineroar|5/100\n|-heal|p2a: Hockey Reference|100/100|[from] drain|[of] p1a: Incineroar\n|-enditem|p1a: Incineroar|Sitrus Berry|[eat]\n|-heal|p1a: Incineroar|30/100|[from] item: Sitrus Berry\n|move|p1b: Farigiraf|Dazzling Gleam|p2a: Hockey Reference|[spread] p2a,p2b\n|-supereffective|p2a: Hockey Reference|1\n|-damage|p2a: Hockey Reference|68/100\n|-damage|p2b: My Direction|2/100 brn\n|move|p1a: Incineroar|Flare Blitz|p2a: Hockey Reference\n|-supereffective|p2a: Hockey Reference|1\n|-damage|p2a: Hockey Reference|7/100\n|-damage|p1a: Incineroar|10/100|[from] Recoil\n|\n|-damage|p2b: My Direction|0 fnt|[from] brn\n|faint|p2b: My Direction\n|-fieldend|move: Trick Room\n|upkeep\n|inactive|25th_mang has 30 seconds left.\n|\n|t:|1776237575\n|switch|p2b: Doomscroll|Archaludon, L50, M|100/100\n|turn|6\n|inactive|Rigel10 has 30 seconds left.\n|inactive|Rigel10 has 20 seconds left.\n|inactive|Rigel10 has 15 seconds left.\n|inactive|Rigel10 has 10 seconds left.\n|inactive|Rigel10 has 5 seconds left.\n|\n|t:|1776237627\n|switch|p2a: Roar|Incineroar, L50, M|100/100\n|-ability|p2a: Roar|Intimidate|boost\n|-unboost|p1a: Incineroar|atk|1\n|-unboost|p1b: Farigiraf|atk|1\n|move|p2b: Doomscroll|Flash Cannon|p1a: Incineroar\n|-resisted|p1a: Incineroar|1\n|-crit|p1a: Incineroar\n|-damage|p1a: Incineroar|0 fnt\n|faint|p1a: Incineroar\n|move|p1b: Farigiraf|Dazzling Gleam|p2a: Roar|[spread] p2a,p2b\n|-damage|p2a: Roar|82/100\n|-damage|p2b: Doomscroll|75/100\n|\n|upkeep\n|\n|t:|1776237639\n|switch|p1a: Pelipper|Pelipper, L50, F|100/100\n|-weather|RainDance|[from] ability: Drizzle|[of] p1a: Pelipper\n|turn|7\n|\n|t:|1776237663\n|move|p2b: Doomscroll|Electro Shot||[still]\n|-prepare|p2b: Doomscroll|Electro Shot\n|-boost|p2b: Doomscroll|spa|1\n|-anim|p2b: Doomscroll|Electro Shot|p1a: Pelipper\n|-supereffective|p1a: Pelipper|2\n|-enditem|p1a: Pelipper|Focus Sash\n|-damage|p1a: Pelipper|1/100\n|move|p1a: Pelipper|Hurricane|p2b: Doomscroll\n|-resisted|p2b: Doomscroll|1\n|-damage|p2b: Doomscroll|46/100\n|-start|p2b: Doomscroll|confusion\n|move|p2a: Roar|Snarl|p1a: Pelipper|[spread] p1a,p1b\n|-supereffective|p1b: Farigiraf|1\n|-damage|p1a: Pelipper|0 fnt\n|-damage|p1b: Farigiraf|75/100\n|-unboost|p1b: Farigiraf|spa|1\n|faint|p1a: Pelipper\n|move|p1b: Farigiraf|Dazzling Gleam|p2b: Doomscroll|[spread] p2a,p2b\n|-damage|p2a: Roar|70/100\n|-damage|p2b: Doomscroll|29/100\n|\n|-weather|RainDance|[upkeep]\n|upkeep\n|turn|8\n|-message|Rigel10 forfeited.\n|\n|win|25th_mang\n|raw|Rigel10's rating: 1229 &rarr; <strong>1205</strong><br />(-24 for losing)\n|raw|25th_mang's rating: 1247 &rarr; <strong>1271</strong><br />(+24 for winning)\n|l|\u2606Rigel10\n|player|p1|\n",
  "uploadtime": 1776237699,
  "views": 26,
  "formatid": "gen9championsvgc2026regma",
  "rating": 1205,
  "private": 0,
  "password": null
}