{
  "id": "gen9championsvgc2026regma-2588388468",
  "format": "[Gen 9 Champions] VGC 2026 Reg M-A",
  "players": [
    "ShadowS3raph",
    "VanQuann"
  ],
  "log": "|j|\u2606ShadowS3raph\n|j|\u2606VanQuann\n|t:|1776629358\n|gametype|doubles\n|player|p1|ShadowS3raph|102|1154\n|player|p2|VanQuann|iris-gen5bw2|1125\n|gen|9\n|tier|[Gen 9 Champions] VGC 2026 Reg M-A\n|rated|\n|rule|Species Clause: Limit one of each Pok\u00e9mon\n|rule|Item Clause: Limit 1 of each item\n|clearpoke\n|poke|p1|Archaludon, L50, M|\n|poke|p1|Pelipper, L50, F|\n|poke|p1|Gyarados, L50, M|\n|poke|p1|Heliolisk, L50, M|\n|poke|p1|Sinistcha, L50|\n|poke|p1|Scizor, L50, F|\n|poke|p2|Incineroar, L50, M|\n|poke|p2|Sylveon, L50, M|\n|poke|p2|Starmie, L50|\n|poke|p2|Kingambit, L50, M|\n|poke|p2|Sneasler, L50, F|\n|poke|p2|Sinistcha, L50|\n|teampreview|4\n|inactive|Battle timer is ON: inactive players will automatically lose when time's up. (requested by VanQuann)\n|\n|t:|1776629385\n|teamsize|p1|4\n|teamsize|p2|4\n|start\n|switch|p1a: Scizor|Scizor, L50, F|100/100\n|switch|p1b: Pelipper|Pelipper, L50, F|100/100\n|switch|p2a: Sneasler|Sneasler, L50, F|100/100\n|switch|p2b: Starmie|Starmie, L50|100/100\n|-weather|RainDance|[from] ability: Drizzle|[of] p1b: Pelipper\n|turn|1\n|inactive|VanQuann has 30 seconds left.\n|\n|t:|1776629412\n|detailschange|p1a: Scizor|Scizor-Mega, L50, F\n|-mega|p1a: Scizor|Scizor|Scizorite\n|move|p1b: Pelipper|Protect|p1b: Pelipper\n|-singleturn|p1b: Pelipper|Protect\n|move|p2a: Sneasler|Coaching|p2b: Starmie\n|-boost|p2b: Starmie|atk|1\n|-boost|p2b: Starmie|def|1\n|move|p2b: Starmie|Substitute|p2b: Starmie\n|-start|p2b: Starmie|Substitute\n|-damage|p2b: Starmie|75/100\n|move|p1a: Scizor|Bug Bite|p2b: Starmie\n|-supereffective|p2b: Starmie|1\n|-end|p2b: Starmie|Substitute\n|\n|-weather|RainDance|[upkeep]\n|upkeep\n|turn|2\n|\n|t:|1776629436\n|detailschange|p2b: Starmie|Starmie-Mega, L50\n|-mega|p2b: Starmie|Starmie|Starminite\n|move|p2b: Starmie|Protect|p2b: Starmie\n|-singleturn|p2b: Starmie|Protect\n|move|p2a: Sneasler|Coaching|p2b: Starmie\n|-boost|p2b: Starmie|atk|1\n|-boost|p2b: Starmie|def|1\n|move|p1a: Scizor|Bug Bite|p2b: Starmie\n|-activate|p2b: Starmie|move: Protect\n|move|p1b: Pelipper|Tailwind|p1b: Pelipper\n|-sidestart|p1: ShadowS3raph|move: Tailwind\n|\n|-weather|RainDance|[upkeep]\n|upkeep\n|turn|3\n|\n|t:|1776629456\n|switch|p2a: Incineroar|Incineroar, L50, M|100/100\n|-ability|p2a: Incineroar|Intimidate|boost\n|-unboost|p1a: Scizor|atk|1\n|-unboost|p1b: Pelipper|atk|1\n|move|p1b: Pelipper|Protect|p1b: Pelipper\n|-singleturn|p1b: Pelipper|Protect\n|move|p1a: Scizor|Bug Bite|p2b: Starmie\n|-supereffective|p2b: Starmie|1\n|-damage|p2b: Starmie|25/100\n|move|p2b: Starmie|Liquidation|p1a: Scizor\n|-crit|p1a: Scizor\n|-damage|p1a: Scizor|0 fnt\n|faint|p1a: Scizor\n|\n|-weather|RainDance|[upkeep]\n|upkeep\n|\n|t:|1776629474\n|switch|p1a: Archaludon|Archaludon, L50, M|100/100\n|turn|4\n|\n|t:|1776629484\n|move|p2b: Starmie|Protect|p2b: Starmie\n|-singleturn|p2b: Starmie|Protect\n|move|p1a: Archaludon|Electro Shot||[still]\n|-prepare|p1a: Archaludon|Electro Shot\n|-boost|p1a: Archaludon|spa|1\n|-anim|p1a: Archaludon|Electro Shot|p2b: Starmie\n|-activate|p2b: Starmie|move: Protect\n|move|p1b: Pelipper|Surf|p2b: Starmie|[spread] p1a,p2a\n|-activate|p2b: Starmie|move: Protect\n|-resisted|p1a: Archaludon|1\n|-supereffective|p2a: Incineroar|1\n|-damage|p1a: Archaludon|81/100\n|-damage|p2a: Incineroar|31/100\n|-ability|p1a: Archaludon|Stamina|boost\n|-boost|p1a: Archaludon|def|1\n|-enditem|p2a: Incineroar|Sitrus Berry|[eat]\n|-heal|p2a: Incineroar|56/100|[from] item: Sitrus Berry\n|move|p2a: Incineroar|Parting Shot|p1a: Archaludon\n|-unboost|p1a: Archaludon|atk|1\n|-unboost|p1a: Archaludon|spa|1\n|\n|t:|1776629500\n|switch|p2a: Sinistcha|Sinistcha, L50|100/100|[from] Parting Shot\n|-heal|p2b: Starmie|50/100|[from] ability: Hospitality|[of] p2a: Sinistcha\n|\n|-weather|RainDance|[upkeep]\n|-heal|p1a: Archaludon|87/100|[from] item: Leftovers\n|upkeep\n|turn|5\n|inactive|VanQuann has 30 seconds left.\n|inactive|VanQuann has 20 seconds left.\n|inactive|VanQuann has 15 seconds left.\n|inactive|VanQuann has 10 seconds left.\n|\n|t:|1776629547\n|switch|p2b: Incineroar|Incineroar, L50, M|56/100\n|-ability|p2b: Incineroar|Intimidate|boost\n|-unboost|p1a: Archaludon|atk|1\n|-unboost|p1b: Pelipper|atk|1\n|move|p1a: Archaludon|Electro Shot||[still]\n|-prepare|p1a: Archaludon|Electro Shot\n|-boost|p1a: Archaludon|spa|1\n|-anim|p1a: Archaludon|Electro Shot|p2b: Incineroar\n|-damage|p2b: Incineroar|0 fnt\n|faint|p2b: Incineroar\n|move|p1b: Pelipper|Hurricane|p2a: Sinistcha\n|-supereffective|p2a: Sinistcha|1\n|-damage|p2a: Sinistcha|29/100\n|move|p2a: Sinistcha|Shadow Ball|p1a: Archaludon\n|-damage|p1a: Archaludon|53/100\n|-ability|p1a: Archaludon|Stamina|boost\n|-boost|p1a: Archaludon|def|1\n|\n|-weather|none\n|-heal|p1a: Archaludon|59/100|[from] item: Leftovers\n|-heal|p2a: Sinistcha|36/100|[from] item: Leftovers\n|-sideend|p1: ShadowS3raph|move: Tailwind\n|upkeep\n|\n|t:|1776629556\n|switch|p2b: Sneasler|Sneasler, L50, F|100/100\n|turn|6\n|\n|t:|1776629572\n|switch|p1b: Sinistcha|Sinistcha, L50|100/100\n|-heal|p1a: Archaludon|84/100|[from] ability: Hospitality|[of] p1b: Sinistcha\n|move|p1a: Archaludon|Protect|p1a: Archaludon\n|-singleturn|p1a: Archaludon|Protect\n|move|p2b: Sneasler|Close Combat|p1a: Archaludon\n|-activate|p1a: Archaludon|move: Protect\n|move|p2a: Sinistcha|Matcha Gotcha|p1a: Archaludon|[spread] p1b\n|-activate|p1a: Archaludon|move: Protect\n|-resisted|p1b: Sinistcha|1\n|-damage|p1b: Sinistcha|90/100\n|-heal|p2a: Sinistcha|41/100|[from] drain|[of] p1b: Sinistcha\n|\n|-heal|p1a: Archaludon|90/100|[from] item: Leftovers\n|-heal|p2a: Sinistcha|47/100|[from] item: Leftovers\n|upkeep\n|turn|7\n|\n|t:|1776629592\n|switch|p1b: Pelipper|Pelipper, L50, F|100/100\n|-weather|RainDance|[from] ability: Drizzle|[of] p1b: Pelipper\n|move|p2a: Sinistcha|Rage Powder|p2a: Sinistcha\n|-singleturn|p2a: Sinistcha|move: Rage Powder\n|move|p2b: Sneasler|Close Combat|p1a: Archaludon\n|-supereffective|p1a: Archaludon|1\n|-damage|p1a: Archaludon|28/100\n|-unboost|p2b: Sneasler|def|1\n|-unboost|p2b: Sneasler|spd|1\n|-ability|p1a: Archaludon|Stamina|boost\n|-boost|p1a: Archaludon|def|1\n|move|p1a: Archaludon|Electro Shot||[still]\n|-prepare|p1a: Archaludon|Electro Shot\n|-boost|p1a: Archaludon|spa|1\n|-anim|p1a: Archaludon|Electro Shot|p2a: Sinistcha\n|-resisted|p2a: Sinistcha|1\n|-damage|p2a: Sinistcha|8/100\n|\n|-weather|RainDance|[upkeep]\n|-heal|p1a: Archaludon|34/100|[from] item: Leftovers\n|-heal|p2a: Sinistcha|15/100|[from] item: Leftovers\n|upkeep\n|turn|8\n|inactive|VanQuann has 30 seconds left.\n|\n|t:|1776629626\n|move|p1a: Archaludon|Protect|p1a: Archaludon\n|-singleturn|p1a: Archaludon|Protect\n|move|p2b: Sneasler|Rock Slide|p1b: Pelipper|[spread] \n|-activate|p1a: Archaludon|move: Protect\n|-miss|p2b: Sneasler|p1b: Pelipper\n|move|p2a: Sinistcha|Matcha Gotcha|p1a: Archaludon|[spread] p1b\n|-activate|p1a: Archaludon|move: Protect\n|-damage|p1b: Pelipper|74/100\n|-heal|p2a: Sinistcha|26/100|[from] drain|[of] p1b: Pelipper\n|move|p1b: Pelipper|Tailwind|p1b: Pelipper\n|-sidestart|p1: ShadowS3raph|move: Tailwind\n|\n|-weather|RainDance|[upkeep]\n|-heal|p1a: Archaludon|40/100|[from] item: Leftovers\n|-heal|p2a: Sinistcha|32/100|[from] item: Leftovers\n|upkeep\n|turn|9\n|inactive|ShadowS3raph has 30 seconds left.\n|\n|t:|1776629654\n|switch|p1b: Sinistcha|Sinistcha, L50|90/100\n|-heal|p1a: Archaludon|65/100|[from] ability: Hospitality|[of] p1b: Sinistcha\n|move|p1a: Archaludon|Electro Shot||[still]\n|-prepare|p1a: Archaludon|Electro Shot\n|-boost|p1a: Archaludon|spa|1\n|-anim|p1a: Archaludon|Electro Shot|p2b: Sneasler\n|-enditem|p2b: Sneasler|Focus Sash\n|-damage|p2b: Sneasler|1/100\n|move|p2b: Sneasler|Rock Slide|p1a: Archaludon|[spread] p1a,p1b\n|-resisted|p1a: Archaludon|1\n|-damage|p1a: Archaludon|62/100\n|-damage|p1b: Sinistcha|73/100\n|-ability|p1a: Archaludon|Stamina|boost\n|-boost|p1a: Archaludon|def|1\n|move|p2a: Sinistcha|Trick Room|p2a: Sinistcha\n|-fieldstart|move: Trick Room|[of] p2a: Sinistcha\n|\n|-weather|RainDance|[upkeep]\n|-heal|p2a: Sinistcha|38/100|[from] item: Leftovers\n|-heal|p1a: Archaludon|68/100|[from] item: Leftovers\n|upkeep\n|turn|10\n|\n|t:|1776629674\n|move|p1a: Archaludon|Protect|p1a: Archaludon\n|-singleturn|p1a: Archaludon|Protect\n|move|p2a: Sinistcha|Shadow Ball|p1b: Sinistcha\n|-supereffective|p1b: Sinistcha|1\n|-damage|p1b: Sinistcha|14/100\n|move|p1b: Sinistcha|Matcha Gotcha|p2a: Sinistcha|[spread] p2a,p2b\n|-resisted|p2a: Sinistcha|1\n|-resisted|p2b: Sneasler|1\n|-damage|p2a: Sinistcha|27/100\n|-heal|p1b: Sinistcha|19/100|[from] drain|[of] p2a: Sinistcha\n|-damage|p2b: Sneasler|0 fnt\n|-heal|p1b: Sinistcha|20/100|[from] drain|[of] p2b: Sneasler\n|faint|p2b: Sneasler\n|\n|-weather|RainDance|[upkeep]\n|-heal|p2a: Sinistcha|33/100|[from] item: Leftovers\n|-heal|p1a: Archaludon|74/100|[from] item: Leftovers\n|upkeep\n|\n|t:|1776629690\n|switch|p2b: Starmie|Starmie-Mega, L50|50/100\n|turn|11\n|\n|t:|1776629695\n|move|p2b: Starmie|Protect|p2b: Starmie\n|-singleturn|p2b: Starmie|Protect\n|move|p1b: Sinistcha|Rage Powder|p1b: Sinistcha\n|-singleturn|p1b: Sinistcha|move: Rage Powder\n|move|p2a: Sinistcha|Shadow Ball|p1b: Sinistcha\n|-supereffective|p1b: Sinistcha|1\n|-damage|p1b: Sinistcha|0 fnt\n|faint|p1b: Sinistcha\n|move|p1a: Archaludon|Electro Shot||[still]\n|-prepare|p1a: Archaludon|Electro Shot\n|-boost|p1a: Archaludon|spa|1\n|-anim|p1a: Archaludon|Electro Shot|p2b: Starmie\n|-activate|p2b: Starmie|move: Protect\n|\n|-weather|none\n|-heal|p2a: Sinistcha|39/100|[from] item: Leftovers\n|-heal|p1a: Archaludon|80/100|[from] item: Leftovers\n|-sideend|p1: ShadowS3raph|move: Tailwind\n|upkeep\n|\n|t:|1776629699\n|switch|p1b: Pelipper|Pelipper, L50, F|74/100\n|-weather|RainDance|[from] ability: Drizzle|[of] p1b: Pelipper\n|turn|12\n|\n|t:|1776629713\n|move|p1b: Pelipper|Hurricane|p2a: Sinistcha\n|-supereffective|p2a: Sinistcha|1\n|-damage|p2a: Sinistcha|0 fnt\n|faint|p2a: Sinistcha\n|move|p1a: Archaludon|Electro Shot||[still]\n|-prepare|p1a: Archaludon|Electro Shot\n|-boost|p1a: Archaludon|spa|1\n|-anim|p1a: Archaludon|Electro Shot|p2b: Starmie\n|-supereffective|p2b: Starmie|1\n|-damage|p2b: Starmie|0 fnt\n|faint|p2b: Starmie\n|\n|win|ShadowS3raph\n|raw|ShadowS3raph's rating: 1154 &rarr; <strong>1177</strong><br />(+23 for winning)\n|raw|VanQuann's rating: 1125 &rarr; <strong>1102</strong><br />(-23 for losing)\n|l|\u2606VanQuann\n|player|p2|\n",
  "uploadtime": 1776629727,
  "views": 18,
  "formatid": "gen9championsvgc2026regma",
  "rating": 1102,
  "private": 0,
  "password": null
}