{
  "id": "gen9championsvgc2026regma-2587626035",
  "format": "[Gen 9 Champions] VGC 2026 Reg M-A",
  "players": [
    "PM77Switch",
    "tankiton"
  ],
  "log": "|j|\u2606PM77Switch\n|j|\u2606tankiton\n|t:|1776548146\n|gametype|doubles\n|player|p1|PM77Switch|may-masters3|1317\n|player|p2|tankiton|266|1408\n|gen|9\n|tier|[Gen 9 Champions] VGC 2026 Reg M-A\n|rated|\n|rule|Species Clause: Limit one of each Pok\u00e9mon\n|rule|Item Clause: Limit 1 of each item\n|clearpoke\n|poke|p1|Blastoise, L50, M|\n|poke|p1|Kingambit, L50, M|\n|poke|p1|Sneasler, L50, F|\n|poke|p1|Aerodactyl, L50, F|\n|poke|p1|Sinistcha, L50|\n|poke|p1|Incineroar, L50, M|\n|poke|p2|Whimsicott, L50, M|\n|poke|p2|Charizard, L50, F|\n|poke|p2|Sneasler, L50, M|\n|poke|p2|Basculegion, L50, M|\n|poke|p2|Garchomp, L50, F|\n|poke|p2|Kingambit, L50, F|\n|teampreview|4\n|inactive|Battle timer is ON: inactive players will automatically lose when time's up. (requested by PM77Switch)\n|inactive|PM77Switch has 60 seconds left.\n|inactive|tankiton has 60 seconds left.\n|\n|t:|1776548190\n|teamsize|p1|4\n|teamsize|p2|4\n|start\n|switch|p1a: Aerodactyl|Aerodactyl, L50, F|100/100\n|switch|p1b: Blastoise|Blastoise, L50, M|100/100\n|switch|p2a: Basculegion|Basculegion, L50, M|100/100\n|switch|p2b: Kingambit|Kingambit, L50, F|100/100\n|-ability|p1a: Aerodactyl|Unnerve\n|turn|1\n|inactive|tankiton has 30 seconds left.\n|inactive|tankiton has 20 seconds left.\n|\n|t:|1776548229\n|switch|p1b: Kingambit|Kingambit, L50, M|100/100\n|move|p1a: Aerodactyl|Protect|p1a: Aerodactyl\n|-singleturn|p1a: Aerodactyl|Protect\n|move|p2a: Basculegion|Flip Turn|p1a: Aerodactyl\n|-activate|p1a: Aerodactyl|move: Protect\n|move|p2b: Kingambit|Iron Head|p1a: Aerodactyl\n|-activate|p1a: Aerodactyl|move: Protect\n|\n|upkeep\n|turn|2\n|\n|t:|1776548247\n|switch|p1a: Blastoise|Blastoise, L50, M|100/100\n|move|p2b: Kingambit|Protect|p2b: Kingambit\n|-singleturn|p2b: Kingambit|Protect\n|move|p2a: Basculegion|Flip Turn|p1a: Blastoise\n|-resisted|p1a: Blastoise|1\n|-damage|p1a: Blastoise|82/100\n|\n|t:|1776548254\n|switch|p2a: Whimsicott|Whimsicott, L50, M|100/100|[from] Flip Turn\n|move|p1b: Kingambit|Iron Head|p2a: Whimsicott\n|-supereffective|p2a: Whimsicott|1\n|-enditem|p2a: Whimsicott|Focus Sash\n|-damage|p2a: Whimsicott|1/100\n|\n|upkeep\n|turn|3\n|inactive|PM77Switch has 30 seconds left.\n|inactive|PM77Switch has 20 seconds left.\n|inactive|PM77Switch has 15 seconds left.\n|\n|t:|1776548295\n|detailschange|p1a: Blastoise|Blastoise-Mega, L50, M\n|-mega|p1a: Blastoise|Blastoise|Blastoisinite\n|move|p2a: Whimsicott|Tailwind|p2a: Whimsicott\n|-sidestart|p2: tankiton|move: Tailwind\n|move|p2b: Kingambit|Kowtow Cleave|p1a: Blastoise\n|-damage|p1a: Blastoise|37/100\n|move|p1a: Blastoise|Aura Sphere|p2b: Kingambit\n|-supereffective|p2b: Kingambit|2\n|-damage|p2b: Kingambit|0 fnt\n|faint|p2b: Kingambit\n|move|p1b: Kingambit|Iron Head|p2a: Whimsicott\n|-supereffective|p2a: Whimsicott|1\n|-damage|p2a: Whimsicott|0 fnt\n|faint|p2a: Whimsicott\n|\n|upkeep\n|\n|t:|1776548304\n|switch|p2a: Charizard|Charizard, L50, F|100/100\n|switch|p2b: Basculegion|Basculegion, L50, M|100/100\n|turn|4\n|\n|t:|1776548325\n|switch|p1a: Incineroar|Incineroar, L50, M|100/100\n|-ability|p1a: Incineroar|Intimidate|boost\n|-unboost|p2a: Charizard|atk|1\n|-unboost|p2b: Basculegion|atk|1\n|detailschange|p2a: Charizard|Charizard-Mega-Y, L50, F\n|-mega|p2a: Charizard|Charizard|Charizardite Y\n|-weather|SunnyDay|[from] ability: Drought|[of] p2a: Charizard\n|move|p1b: Kingambit|Protect|p1b: Kingambit\n|-singleturn|p1b: Kingambit|Protect\n|move|p2b: Basculegion|Last Respects|p1a: Incineroar\n|-resisted|p1a: Incineroar|1\n|-damage|p1a: Incineroar|73/100\n|move|p2a: Charizard|Heat Wave|p1b: Kingambit|[spread] p1a\n|-activate|p1b: Kingambit|move: Protect\n|-resisted|p1a: Incineroar|1\n|-damage|p1a: Incineroar|44/100\n|\n|-weather|SunnyDay|[upkeep]\n|upkeep\n|turn|5\n|\n|t:|1776548346\n|move|p2a: Charizard|Protect|p2a: Charizard\n|-singleturn|p2a: Charizard|Protect\n|move|p1a: Incineroar|Fake Out|p2a: Charizard\n|-activate|p2a: Charizard|move: Protect\n|move|p1b: Kingambit|Sucker Punch|p2b: Basculegion\n|-supereffective|p2b: Basculegion|1\n|-damage|p2b: Basculegion|0 fnt\n|faint|p2b: Basculegion\n|\n|-weather|SunnyDay|[upkeep]\n|upkeep\n|turn|6\n|\n|t:|1776548359\n|move|p1b: Kingambit|Sucker Punch|p2a: Charizard\n|-damage|p2a: Charizard|53/100\n|move|p2a: Charizard|Heat Wave|p1b: Kingambit|[spread] p1a,p1b\n|-resisted|p1a: Incineroar|1\n|-supereffective|p1b: Kingambit|1\n|-damage|p1a: Incineroar|15/100\n|-damage|p1b: Kingambit|0 fnt\n|faint|p1b: Kingambit\n|move|p1a: Incineroar|Parting Shot|p2a: Charizard\n|-unboost|p2a: Charizard|atk|1\n|-unboost|p2a: Charizard|spa|1\n|\n|t:|1776548366\n|switch|p1a: Aerodactyl|Aerodactyl, L50, F|100/100|[from] Parting Shot\n|-ability|p1a: Aerodactyl|Unnerve\n|\n|-weather|SunnyDay|[upkeep]\n|-sideend|p2: tankiton|move: Tailwind\n|upkeep\n|\n|t:|1776548368\n|switch|p1b: Incineroar|Incineroar, L50, M|15/100\n|-ability|p1b: Incineroar|Intimidate|boost\n|-unboost|p2a: Charizard|atk|1\n|turn|7\n|-message|tankiton forfeited.\n|\n|win|PM77Switch\n|raw|PM77Switch's rating: 1317 &rarr; <strong>1342</strong><br />(+25 for winning)\n|raw|tankiton's rating: 1408 &rarr; <strong>1383</strong><br />(-25 for losing)\n|l|\u2606tankiton\n|player|p2|\n",
  "uploadtime": 1776548373,
  "views": 18,
  "formatid": "gen9championsvgc2026regma",
  "rating": 1342,
  "private": 0,
  "password": null
}