{
  "id": "gen9championsvgc2026regma-2587684110",
  "format": "[Gen 9 Champions] VGC 2026 Reg M-A",
  "players": [
    "RookBC",
    "steezup"
  ],
  "log": "|j|\u2606RookBC\n|j|\u2606steezup\n|t:|1776553624\n|gametype|doubles\n|player|p1|RookBC|266|1000\n|player|p2|steezup|2|1051\n|gen|9\n|tier|[Gen 9 Champions] VGC 2026 Reg M-A\n|rated|\n|rule|Species Clause: Limit one of each Pok\u00e9mon\n|rule|Item Clause: Limit 1 of each item\n|clearpoke\n|poke|p1|Torkoal, L50, M|\n|poke|p1|Houndoom, L50, M|\n|poke|p1|Aerodactyl, L50, M|\n|poke|p1|Heliolisk, L50, F|\n|poke|p1|Sneasler, L50, M|\n|poke|p1|Mamoswine, L50, F|\n|poke|p2|Excadrill, L50, M|\n|poke|p2|Incineroar, L50, M|\n|poke|p2|Rotom-Wash, L50|\n|poke|p2|Aerodactyl, L50, F|\n|poke|p2|Venusaur, L50, F|\n|poke|p2|Tyranitar, L50, F|\n|teampreview|4\nsteezup rejected open team sheets.\n|inactive|Battle timer is ON: inactive players will automatically lose when time's up. (requested by steezup)\n|\n|t:|1776553658\n|teamsize|p1|4\n|teamsize|p2|4\n|start\n|switch|p1a: Aerodactyl|Aerodactyl, L50, M|100/100\n|switch|p1b: Sneasler|Sneasler, L50, M|100/100\n|switch|p2a: Rotom|Rotom-Wash, L50|100/100\n|switch|p2b: Venusaur|Venusaur, L50, F|100/100\n|-ability|p1a: Aerodactyl|Unnerve\n|turn|1\n|inactive|RookBC has 30 seconds left.\n|inactive|RookBC has 20 seconds left.\n|\n|t:|1776553697\n|detailschange|p2b: Venusaur|Venusaur-Mega, L50, F\n|-mega|p2b: Venusaur|Venusaur|Venusaurite\n|move|p1b: Sneasler|Fake Out|p2a: Rotom\n|-damage|p2a: Rotom|82/100\n|move|p1a: Aerodactyl|Tailwind|p1a: Aerodactyl\n|-sidestart|p1: RookBC|move: Tailwind\n|cant|p2a: Rotom|flinch\n|move|p2b: Venusaur|Sleep Powder|p1a: Aerodactyl\n|-status|p1a: Aerodactyl|slp|[from] move: Sleep Powder\n|\n|upkeep\n|turn|2\n|inactive|RookBC has 30 seconds left.\n|inactive|RookBC has 20 seconds left.\n|\n|t:|1776553734\n|switch|p1a: Heliolisk|Heliolisk, L50, F|100/100\n|move|p1b: Sneasler|Dire Claw|p2b: Venusaur\n|-crit|p2b: Venusaur\n|-damage|p2b: Venusaur|54/100\n|-status|p2b: Venusaur|slp\n|move|p2a: Rotom|Hydro Pump|p1b: Sneasler\n|-damage|p1b: Sneasler|24/100\n|cant|p2b: Venusaur|slp\n|\n|upkeep\n|turn|3\n|inactive|RookBC has 30 seconds left.\n|inactive|RookBC has 20 seconds left.\n|\n|t:|1776553772\n|switch|p1b: Torkoal|Torkoal, L50, M|100/100\n|-weather|SunnyDay|[from] ability: Drought|[of] p1b: Torkoal\n|move|p1a: Heliolisk|Thunderbolt|p2a: Rotom\n|-damage|p2a: Rotom|0 fnt\n|faint|p2a: Rotom\n|cant|p2b: Venusaur|slp\n|\n|-weather|SunnyDay|[upkeep]\n|-damage|p1a: Heliolisk|88/100|[from] ability: Solar Power|[of] p1a: Heliolisk\n|upkeep\n|\n|t:|1776553787\n|switch|p2a: Aerodactyl|Aerodactyl, L50, F|100/100\n|-ability|p2a: Aerodactyl|Unnerve\n|turn|4\n|inactive|RookBC has 30 seconds left.\n|\n|t:|1776553814\n|-curestatus|p2b: Venusaur|slp|[msg]\n|move|p2b: Venusaur|Protect|p2b: Venusaur\n|-singleturn|p2b: Venusaur|Protect\n|move|p1a: Heliolisk|Thunderbolt|p2a: Aerodactyl\n|-supereffective|p2a: Aerodactyl|1\n|-enditem|p2a: Aerodactyl|Focus Sash\n|-damage|p2a: Aerodactyl|1/100\n|move|p2a: Aerodactyl|Rock Slide|p1a: Heliolisk|[spread] p1a,p1b\n|-supereffective|p1b: Torkoal|1\n|-damage|p1a: Heliolisk|39/100\n|-damage|p1b: Torkoal|60/100\n|move|p1b: Torkoal|Flare Blitz|p2b: Venusaur\n|-activate|p2b: Venusaur|move: Protect\n|\n|-weather|SunnyDay|[upkeep]\n|-damage|p1a: Heliolisk|26/100|[from] ability: Solar Power|[of] p1a: Heliolisk\n|-sideend|p1: RookBC|move: Tailwind\n|upkeep\n|turn|5\n|inactive|RookBC has 30 seconds left.\n|\n|t:|1776553845\n|move|p1a: Heliolisk|Protect|p1a: Heliolisk\n|-singleturn|p1a: Heliolisk|Protect\n|move|p2b: Venusaur|Protect|p2b: Venusaur\n|-singleturn|p2b: Venusaur|Protect\n|move|p2a: Aerodactyl|Rock Slide|p1a: Heliolisk|[spread] p1b\n|-activate|p1a: Heliolisk|move: Protect\n|-supereffective|p1b: Torkoal|1\n|-damage|p1b: Torkoal|23/100\n|move|p1b: Torkoal|Flare Blitz|p2b: Venusaur\n|-activate|p2b: Venusaur|move: Protect\n|\n|-weather|SunnyDay|[upkeep]\n|-damage|p1a: Heliolisk|14/100|[from] ability: Solar Power|[of] p1a: Heliolisk\n|upkeep\n|turn|6\n|inactive|RookBC has 30 seconds left.\n|\n|t:|1776553876\n|move|p2b: Venusaur|Protect||[still]\n|-fail|p2b: Venusaur\n|move|p2a: Aerodactyl|Rock Slide|p1b: Torkoal|[spread] p1a,p1b\n|-supereffective|p1b: Torkoal|1\n|-crit|p1b: Torkoal\n|-damage|p1a: Heliolisk|0 fnt\n|-damage|p1b: Torkoal|0 fnt\n|faint|p1a: Heliolisk\n|faint|p1b: Torkoal\n|\n|-weather|SunnyDay|[upkeep]\n|upkeep\n|\n|t:|1776553886\n|switch|p1a: Sneasler|Sneasler, L50, M|24/100\n|switch|p1b: Aerodactyl|Aerodactyl, L50, M|100/100 slp\n|-ability|p1b: Aerodactyl|Unnerve\n|turn|7\n|\n|t:|1776553902\n|move|p2a: Aerodactyl|Protect|p2a: Aerodactyl\n|-singleturn|p2a: Aerodactyl|Protect\n|move|p1a: Sneasler|Fake Out|p2a: Aerodactyl\n|-activate|p2a: Aerodactyl|move: Protect\n|cant|p1b: Aerodactyl|slp\n|move|p2b: Venusaur|Sleep Powder|p1a: Sneasler\n|-status|p1a: Sneasler|slp|[from] move: Sleep Powder\n|\n|-weather|none\n|upkeep\n|turn|8\n|\n|t:|1776553918\n|cant|p1a: Sneasler|slp\n|move|p2a: Aerodactyl|Rock Slide|p1a: Sneasler|[spread] p1a,p1b\n|-resisted|p1a: Sneasler|1\n|-supereffective|p1b: Aerodactyl|1\n|-damage|p1a: Sneasler|2/100 slp\n|-damage|p1b: Aerodactyl|15/100 slp\n|cant|p1b: Aerodactyl|slp\n|move|p2b: Venusaur|Giga Drain|p1a: Sneasler\n|-resisted|p1a: Sneasler|1\n|-damage|p1a: Sneasler|0 fnt\n|-heal|p2b: Venusaur|55/100|[from] drain|[of] p1a: Sneasler\n|faint|p1a: Sneasler\n|\n|upkeep\n|turn|9\n|c|\u2606steezup|lol\n|\n|t:|1776553939\n|-curestatus|p1b: Aerodactyl|slp|[msg]\n|move|p1b: Aerodactyl|Dual Wingbeat|p2b: Venusaur\n|-supereffective|p2b: Venusaur|1\n|-damage|p2b: Venusaur|26/100\n|-supereffective|p2b: Venusaur|1\n|-damage|p2b: Venusaur|0 fnt\n|faint|p2b: Venusaur\n|-hitcount|p2: Venusaur|2\n|move|p2a: Aerodactyl|Rock Slide|p1b: Aerodactyl\n|-supereffective|p1b: Aerodactyl|1\n|-damage|p1b: Aerodactyl|0 fnt\n|faint|p1b: Aerodactyl\n|\n|win|steezup\n|raw|RookBC's rating: 1000 &rarr; <strong>1000</strong><br />(+0 for losing)\n|raw|steezup's rating: 1051 &rarr; <strong>1079</strong><br />(+28 for winning)\n|l|\u2606RookBC\n|player|p1|\n",
  "uploadtime": 1776553961,
  "views": 15,
  "formatid": "gen9championsvgc2026regma",
  "rating": 1000,
  "private": 0,
  "password": null
}