{
  "id": "gen9championsvgc2026regma-2582141541",
  "format": "[Gen 9 Champions] VGC 2026 Reg M-A",
  "players": [
    "Ahriman Angru",
    "Golurk365"
  ],
  "log": "|j|\u2606Ahriman Angru\n|j|\u2606Golurk365\n|t:|1776063343\n|gametype|doubles\n|player|p1|Ahriman Angru|2|1093\n|player|p2|Golurk365|hugh|1124\n|gen|9\n|tier|[Gen 9 Champions] VGC 2026 Reg M-A\n|rated|\n|rule|Species Clause: Limit one of each Pok\u00e9mon\n|rule|Item Clause: Limit 1 of each item\n|clearpoke\n|poke|p1|Tyranitar, L50, M|\n|poke|p1|Steelix, L50, F|\n|poke|p1|Mimikyu, L50, F|\n|poke|p1|Farigiraf, L50, F|\n|poke|p1|Meganium, L50, F|\n|poke|p1|Excadrill, L50, F|\n|poke|p2|Golurk, L50|\n|poke|p2|Whimsicott, L50, F|\n|poke|p2|Basculegion, L50, M|\n|poke|p2|Milotic, L50, F|\n|poke|p2|Incineroar, L50, F|\n|poke|p2|Tyranitar, L50, F|\n|teampreview|4\n|inactive|Battle timer is ON: inactive players will automatically lose when time's up. (requested by Golurk365)\nAhriman Angru has agreed to open team sheets.\n|\n|t:|1776063365\n|teamsize|p1|4\n|teamsize|p2|4\n|start\n|switch|p1a: Tyranitar|Tyranitar, L50, M|100/100\n|switch|p1b: Farigiraf|Farigiraf, L50, F|100/100\n|switch|p2a: Whimsicott|Whimsicott, L50, F|100/100\n|switch|p2b: Incineroar|Incineroar, L50, F|100/100\n|-weather|Sandstorm|[from] ability: Sand Stream|[of] p1a: Tyranitar\n|-ability|p2b: Incineroar|Intimidate|boost\n|-unboost|p1a: Tyranitar|atk|1\n|-unboost|p1b: Farigiraf|atk|1\n|turn|1\n|j| ShinksVGC\n|inactive|Golurk365 has 30 seconds left.\n|\n|t:|1776063399\n|switch|p1a: Steelix|Steelix, L50, F|100/100\n|move|p2a: Whimsicott|Moonblast|p1a: Steelix\n|-resisted|p1a: Steelix|1\n|-damage|p1a: Steelix|78/100\n|move|p2b: Incineroar|Will-O-Wisp|p1a: Steelix\n|-status|p1a: Steelix|brn\n|move|p1b: Farigiraf|Trick Room|p1b: Farigiraf\n|-fieldstart|move: Trick Room|[of] p1b: Farigiraf\n|\n|-weather|Sandstorm|[upkeep]\n|-damage|p1b: Farigiraf|94/100|[from] Sandstorm\n|-damage|p2b: Incineroar|94/100|[from] Sandstorm\n|-damage|p2a: Whimsicott|95/100|[from] Sandstorm\n|-heal|p1b: Farigiraf|100/100|[from] item: Leftovers\n|-heal|p2b: Incineroar|100/100|[from] item: Leftovers\n|-damage|p1a: Steelix|72/100 brn|[from] brn\n|upkeep\n|turn|2\n|inactive|Golurk365 has 30 seconds left.\n|\n|t:|1776063431\n|switch|p2b: Golurk|Golurk, L50|100/100\n|detailschange|p1a: Steelix|Steelix-Mega, L50, F\n|-mega|p1a: Steelix|Steelix|Steelixite\n|move|p1a: Steelix|Body Press|p2b: Golurk\n|-immune|p2b: Golurk\n|move|p1b: Farigiraf|Psyshock|p2a: Whimsicott\n|-damage|p2a: Whimsicott|63/100\n|move|p2a: Whimsicott|Moonblast|p1b: Farigiraf\n|-damage|p1b: Farigiraf|79/100\n|\n|-weather|Sandstorm|[upkeep]\n|-damage|p1b: Farigiraf|73/100|[from] Sandstorm\n|-damage|p2a: Whimsicott|57/100|[from] Sandstorm\n|-heal|p1b: Farigiraf|79/100|[from] item: Leftovers\n|-damage|p1a: Steelix|66/100 brn|[from] brn\n|upkeep\n|turn|3\n|inactive|Golurk365 has 30 seconds left.\n|\n|t:|1776063462\n|switch|p1a: Tyranitar|Tyranitar, L50, M|100/100\n|switch|p1b: Excadrill|Excadrill, L50, F|100/100\n|detailschange|p2b: Golurk|Golurk-Mega, L50\n|-mega|p2b: Golurk|Golurk|Golurkite\n|move|p2b: Golurk|Drain Punch|p1a: Tyranitar\n|-supereffective|p1a: Tyranitar|2\n|-enditem|p1a: Tyranitar|Chople Berry|[eat]\n|-enditem|p1a: Tyranitar|Chople Berry|[weaken]\n|-damage|p1a: Tyranitar|54/100\n|move|p2a: Whimsicott|Moonblast|p1a: Tyranitar\n|-supereffective|p1a: Tyranitar|1\n|-damage|p1a: Tyranitar|25/100\n|\n|-weather|Sandstorm|[upkeep]\n|-damage|p2a: Whimsicott|51/100|[from] Sandstorm\n|upkeep\n|turn|4\n|inactive|Golurk365 has 30 seconds left.\n|\n|t:|1776063491\n|switch|p2a: Incineroar|Incineroar, L50, F|100/100\n|-ability|p2a: Incineroar|Intimidate|boost\n|-unboost|p1a: Tyranitar|atk|1\n|-unboost|p1b: Excadrill|atk|1\n|move|p1a: Tyranitar|Protect|p1a: Tyranitar\n|-singleturn|p1a: Tyranitar|Protect\n|move|p2b: Golurk|Drain Punch|p1b: Excadrill\n|-supereffective|p1b: Excadrill|1\n|-damage|p1b: Excadrill|10/100\n|move|p1b: Excadrill|Iron Head|p2a: Incineroar\n|-resisted|p2a: Incineroar|1\n|-crit|p2a: Incineroar\n|-damage|p2a: Incineroar|62/100\n|\n|-weather|Sandstorm|[upkeep]\n|-damage|p2a: Incineroar|56/100|[from] Sandstorm\n|-heal|p2a: Incineroar|62/100|[from] item: Leftovers\n|upkeep\n|turn|5\n|\n|t:|1776063515\n|move|p2a: Incineroar|Darkest Lariat|p1b: Excadrill\n|-damage|p1b: Excadrill|0 fnt\n|faint|p1b: Excadrill\n|move|p1a: Tyranitar|Rock Slide|p2a: Incineroar|[spread] p2a,p2b\n|-supereffective|p2a: Incineroar|1\n|-resisted|p2b: Golurk|1\n|-damage|p2a: Incineroar|25/100\n|-damage|p2b: Golurk|89/100\n|move|p2b: Golurk|Drain Punch|p1a: Tyranitar\n|-supereffective|p1a: Tyranitar|2\n|-damage|p1a: Tyranitar|0 fnt\n|-heal|p2b: Golurk|100/100|[from] drain|[of] p1a: Tyranitar\n|faint|p1a: Tyranitar\n|\n|-weather|none\n|-heal|p2a: Incineroar|32/100|[from] item: Leftovers\n|-fieldend|move: Trick Room\n|upkeep\n|\n|t:|1776063525\n|switch|p1b: Steelix|Steelix-Mega, L50, F|66/100 brn\n|switch|p1a: Farigiraf|Farigiraf, L50, F|79/100\n|turn|6\n|\n|t:|1776063537\n|move|p2b: Golurk|Headlong Rush|p1b: Steelix\n|-supereffective|p1b: Steelix|1\n|-damage|p1b: Steelix|0 fnt\n|-unboost|p2b: Golurk|def|1\n|-unboost|p2b: Golurk|spd|1\n|faint|p1b: Steelix\n|move|p2a: Incineroar|Darkest Lariat|p1a: Farigiraf\n|-supereffective|p1a: Farigiraf|1\n|-damage|p1a: Farigiraf|4/100\n|move|p1a: Farigiraf|Trick Room|p1a: Farigiraf\n|-fieldstart|move: Trick Room|[of] p1a: Farigiraf\n|\n|-heal|p1a: Farigiraf|10/100|[from] item: Leftovers\n|-heal|p2a: Incineroar|38/100|[from] item: Leftovers\n|upkeep\n|turn|7\n|\n|t:|1776063550\n|move|p1a: Farigiraf|Hyper Voice|p2a: Incineroar|[spread] p2a\n|-immune|p2b: Golurk\n|-damage|p2a: Incineroar|12/100\n|move|p2a: Incineroar|Darkest Lariat|p1a: Farigiraf\n|-supereffective|p1a: Farigiraf|1\n|-damage|p1a: Farigiraf|0 fnt\n|faint|p1a: Farigiraf\n|\n|win|Golurk365\n|raw|Ahriman Angru's rating: 1093 &rarr; <strong>1071</strong><br />(-22 for losing)\n|raw|Golurk365's rating: 1124 &rarr; <strong>1147</strong><br />(+23 for winning)\n",
  "uploadtime": 1776063561,
  "views": 21,
  "formatid": "gen9championsvgc2026regma",
  "rating": 1071,
  "private": 0,
  "password": null
}