{
  "id": "gen9championsvgc2026regma-2584530036",
  "format": "[Gen 9 Champions] VGC 2026 Reg M-A",
  "players": [
    "theilldigi",
    "96VAAN"
  ],
  "log": "|j|\u2606theilldigi\n|j|\u260696VAAN\n|t:|1776266874\n|gametype|doubles\n|player|p1|theilldigi|170|1042\n|player|p2|96VAAN|shadowtriad|1053\n|gen|9\n|tier|[Gen 9 Champions] VGC 2026 Reg M-A\n|rated|\n|rule|Species Clause: Limit one of each Pok\u00e9mon\n|rule|Item Clause: Limit 1 of each item\n|clearpoke\n|poke|p1|Meganium, L50, M|\n|poke|p1|Archaludon, L50, F|\n|poke|p1|Aerodactyl, L50, M|\n|poke|p1|Tauros-Paldea-Aqua, L50, M|\n|poke|p1|Typhlosion-Hisui, L50, F|\n|poke|p1|Kangaskhan, L50, F|\n|poke|p2|Aggron, L50, M|\n|poke|p2|Rotom-Mow, L50|\n|poke|p2|Sableye, L50, M|\n|poke|p2|Politoed, L50, M|\n|poke|p2|Kangaskhan, L50, F|\n|poke|p2|Sinistcha, L50|\n|teampreview|4\n|inactive|Battle timer is ON: inactive players will automatically lose when time's up. (requested by 96VAAN)\n|inactive|theilldigi has 60 seconds left.\n|\n|t:|1776266934\n|teamsize|p1|4\n|teamsize|p2|4\n|start\n|switch|p1a: Kangaskhan|Kangaskhan, L50, F|100/100\n|switch|p1b: Aerodactyl|Aerodactyl, L50, M, shiny|100/100\n|switch|p2a: Kangaskhan|Kangaskhan, L50, F|100/100\n|switch|p2b: Politoed|Politoed, L50, M|100/100\n|-ability|p1b: Aerodactyl|Unnerve\n|-weather|RainDance|[from] ability: Drizzle|[of] p2b: Politoed\n|turn|1\n|inactive|theilldigi has 30 seconds left.\n|inactive|96VAAN has 30 seconds left.\n|inactive|theilldigi has 20 seconds left.\n|inactive|96VAAN has 20 seconds left.\n|inactive|theilldigi has 15 seconds left.\n|inactive|96VAAN has 15 seconds left.\n|\n|t:|1776266980\n|move|p2a: Kangaskhan|Fake Out|p1b: Aerodactyl\n|-resisted|p1b: Aerodactyl|1\n|-damage|p1b: Aerodactyl|82/100\n|cant|p1b: Aerodactyl|flinch\n|move|p1a: Kangaskhan|Double-Edge|p2b: Politoed\n|-damage|p2b: Politoed|35/100\n|-damage|p1a: Kangaskhan|82/100|[from] Recoil\n|move|p2b: Politoed|Weather Ball|p1b: Aerodactyl\n|-supereffective|p1b: Aerodactyl|1\n|-damage|p1b: Aerodactyl|0 fnt\n|-enditem|p2b: Politoed|Sitrus Berry|[eat]\n|-heal|p2b: Politoed|60/100|[from] item: Sitrus Berry\n|faint|p1b: Aerodactyl\n|\n|-weather|RainDance|[upkeep]\n|upkeep\n|\n|t:|1776266991\n|switch|p1b: Meganium|Meganium, L50, M|100/100\n|turn|2\n|\n|t:|1776267009\n|switch|p2b: Rotom|Rotom-Mow, L50|100/100\n|detailschange|p1b: Meganium|Meganium-Mega, L50, M\n|-mega|p1b: Meganium|Meganium|Meganiumite\n|move|p2a: Kangaskhan|Hammer Arm|p1a: Kangaskhan\n|-supereffective|p1a: Kangaskhan|1\n|-damage|p1a: Kangaskhan|17/100\n|-unboost|p2a: Kangaskhan|spe|1\n|move|p1a: Kangaskhan|Low Kick|p2a: Kangaskhan\n|-supereffective|p2a: Kangaskhan|1\n|-damage|p2a: Kangaskhan|47/100\n|move|p1b: Meganium|Solar Beam||[still]\n|-prepare|p1b: Meganium|Solar Beam\n|-activate|p1b: Meganium|ability: Mega Sol\n|-anim|p1b: Meganium|Solar Beam|p2b: Rotom\n|-resisted|p2b: Rotom|1\n|-damage|p2b: Rotom|53/100\n|\n|-weather|RainDance|[upkeep]\n|upkeep\n|turn|3\n|inactive|theilldigi has 30 seconds left.\n|inactive|96VAAN has 30 seconds left.\n|\n|t:|1776267041\n|move|p2b: Rotom|Thunder|p1a: Kangaskhan\n|-crit|p1a: Kangaskhan\n|-damage|p1a: Kangaskhan|0 fnt\n|faint|p1a: Kangaskhan\n|move|p1b: Meganium|Weather Ball|p2a: Kangaskhan\n|-damage|p2a: Kangaskhan|0 fnt\n|faint|p2a: Kangaskhan\n|\n|-weather|RainDance|[upkeep]\n|upkeep\n|\n|t:|1776267055\n|switch|p2a: Aggron|Aggron, L50, M, shiny|100/100\n|switch|p1a: Tauros|Tauros-Paldea-Aqua, L50, M, shiny|100/100\n|-ability|p1a: Tauros|Intimidate|boost\n|-unboost|p2a: Aggron|atk|1\n|-unboost|p2b: Rotom|atk|1\n|turn|4\n|\n|t:|1776267079\n|detailschange|p2a: Aggron|Aggron-Mega, L50, M, shiny\n|-mega|p2a: Aggron|Aggron|Aggronite\n|move|p2b: Rotom|Thunder|p1a: Tauros\n|-supereffective|p1a: Tauros|1\n|-damage|p1a: Tauros|0 fnt\n|faint|p1a: Tauros\n|move|p1b: Meganium|Weather Ball|p2b: Rotom\n|-supereffective|p2b: Rotom|1\n|-damage|p2b: Rotom|0 fnt\n|faint|p2b: Rotom\n|move|p2a: Aggron|Heavy Slam|p1b: Meganium\n|-supereffective|p1b: Meganium|1\n|-damage|p1b: Meganium|73/100\n|\n|-weather|RainDance|[upkeep]\n|upkeep\n|\n|t:|1776267091\n|switch|p2b: Politoed|Politoed, L50, M|60/100\n|turn|5\n|\n|t:|1776267111\n|move|p1b: Meganium|Weather Ball|p2a: Aggron\n|-supereffective|p2a: Aggron|1\n|-crit|p2a: Aggron\n|-damage|p2a: Aggron|0 fnt\n|faint|p2a: Aggron\n|move|p2b: Politoed|Icy Wind|p1b: Meganium\n|-supereffective|p1b: Meganium|1\n|-damage|p1b: Meganium|47/100\n|-unboost|p1b: Meganium|spe|1\n|\n|-weather|none\n|upkeep\n|turn|6\n|-message|96VAAN forfeited.\n|\n|win|theilldigi\n",
  "uploadtime": 1776266876,
  "views": 19,
  "formatid": "gen9championsvgc2026regma",
  "rating": null,
  "private": 0,
  "password": null
}