{
  "id": "gen9championsvgc2026regma-2587443990",
  "format": "[Gen 9 Champions] VGC 2026 Reg M-A",
  "players": [
    "Sheepsoft",
    "Husbanndo"
  ],
  "log": "|j|\u2606Sheepsoft\n|j|\u2606Husbanndo\n|t:|1776532302\n|gametype|doubles\n|player|p1|Sheepsoft|maid|1265\n|player|p2|Husbanndo|101|1176\n|gen|9\n|tier|[Gen 9 Champions] VGC 2026 Reg M-A\n|rated|\n|rule|Species Clause: Limit one of each Pok\u00e9mon\n|rule|Item Clause: Limit 1 of each item\n|clearpoke\n|poke|p1|Hydreigon, L50, F|\n|poke|p1|Aegislash, L50, M|\n|poke|p1|Whimsicott, L50, F|\n|poke|p1|Mamoswine, L50, F|\n|poke|p1|Delphox, L50, F|\n|poke|p1|Sneasler, L50, M|\n|poke|p2|Abomasnow, L50, F|\n|poke|p2|Conkeldurr, L50, M|\n|poke|p2|Hatterene, L50, F|\n|poke|p2|Ninetales-Alola, L50, M|\n|poke|p2|Jolteon, L50, F|\n|poke|p2|Sinistcha-Masterpiece, L50|\n|teampreview|4\n|inactive|Battle timer is ON: inactive players will automatically lose when time's up. (requested by Husbanndo)\n|\n|t:|1776532349\n|teamsize|p1|4\n|teamsize|p2|4\n|start\n|switch|p1a: Aegislash|Aegislash, L50, M|100/100\n|switch|p1b: Delphox|Delphox, L50, F|100/100\n|switch|p2a: Hatterene|Hatterene, L50, F|100/100\n|switch|p2b: Ninetales|Ninetales-Alola, L50, M|100/100\n|-weather|Snowscape|[from] ability: Snow Warning|[of] p2b: Ninetales\n|turn|1\n|inactive|Sheepsoft has 30 seconds left.\n|\n|t:|1776532375\n|detailschange|p1b: Delphox|Delphox-Mega, L50, F\n|-mega|p1b: Delphox|Delphox|Delphoxite\n|move|p1b: Delphox|Calm Mind|p1b: Delphox\n|-boost|p1b: Delphox|spa|1\n|-boost|p1b: Delphox|spd|1\n|move|p2b: Ninetales|Aurora Veil|p2b: Ninetales\n|-sidestart|p2: Husbanndo|move: Aurora Veil\n|-formechange|p1a: Aegislash|Aegislash-Blade|\n|move|p1a: Aegislash|Iron Head|p2a: Hatterene\n|-supereffective|p2a: Hatterene|1\n|-damage|p2a: Hatterene|31/100\n|move|p2a: Hatterene|Trick Room|p2a: Hatterene\n|-fieldstart|move: Trick Room|[of] p2a: Hatterene\n|\n|-weather|Snowscape|[upkeep]\n|upkeep\n|turn|2\n|inactive|Husbanndo has 30 seconds left.\n|\n|t:|1776532407\n|-formechange|p1a: Aegislash|Aegislash|\n|move|p1a: Aegislash|King's Shield|p1a: Aegislash\n|-singleturn|p1a: Aegislash|Protect\n|move|p2a: Hatterene|Psychic Noise|p1b: Delphox\n|-resisted|p1b: Delphox|1\n|-damage|p1b: Delphox|85/100\n|-start|p1b: Delphox|move: Heal Block\n|move|p2b: Ninetales|Encore|p1b: Delphox\n|-start|p1b: Delphox|Encore\n|move|p1b: Delphox|Calm Mind|p1b: Delphox\n|-boost|p1b: Delphox|spa|1\n|-boost|p1b: Delphox|spd|1\n|\n|-weather|Snowscape|[upkeep]\n|upkeep\n|turn|3\n|\n|t:|1776532423\n|switch|p2a: Abomasnow|Abomasnow, L50, F|100/100\n|-formechange|p1a: Aegislash|Aegislash-Blade|\n|move|p1a: Aegislash|Iron Head|p2b: Ninetales\n|-supereffective|p2b: Ninetales|2\n|-damage|p2b: Ninetales|0 fnt\n|faint|p2b: Ninetales\n|move|p1b: Delphox|Calm Mind|p1b: Delphox\n|-boost|p1b: Delphox|spa|1\n|-boost|p1b: Delphox|spd|1\n|\n|-weather|Snowscape|[upkeep]\n|-end|p1b: Delphox|move: Heal Block\n|upkeep\n|\n|t:|1776532433\n|switch|p2b: Conkeldurr|Conkeldurr, L50, M|100/100\n|turn|4\n|\n|t:|1776532441\n|detailschange|p2a: Abomasnow|Abomasnow-Mega, L50, F\n|-mega|p2a: Abomasnow|Abomasnow|Abomasite\n|-formechange|p1a: Aegislash|Aegislash|\n|move|p1a: Aegislash|King's Shield|p1a: Aegislash\n|-singleturn|p1a: Aegislash|Protect\n|move|p2a: Abomasnow|Rock Tomb|p1b: Delphox\n|-supereffective|p1b: Delphox|1\n|-damage|p1b: Delphox|19/100\n|-unboost|p1b: Delphox|spe|1\n|move|p2b: Conkeldurr|Fire Punch|p1a: Aegislash\n|-activate|p1a: Aegislash|move: Protect\n|-unboost|p2b: Conkeldurr|atk|1\n|move|p1b: Delphox|Calm Mind|p1b: Delphox\n|-boost|p1b: Delphox|spa|1\n|-boost|p1b: Delphox|spd|1\n|\n|-weather|Snowscape|[upkeep]\n|-end|p1b: Delphox|Encore\n|upkeep\n|turn|5\n|inactive|Sheepsoft has 30 seconds left.\n|inactive|Sheepsoft has 20 seconds left.\n|\n|t:|1776532477\n|move|p1b: Delphox|Protect|p1b: Delphox\n|-singleturn|p1b: Delphox|Protect\n|move|p2a: Abomasnow|Rock Tomb|p1b: Delphox\n|-activate|p1b: Delphox|move: Protect\n|move|p2b: Conkeldurr|Fire Punch|p1a: Aegislash\n|-supereffective|p1a: Aegislash|1\n|-damage|p1a: Aegislash|57/100\n|move|p1a: Aegislash|Substitute|p1a: Aegislash\n|-start|p1a: Aegislash|Substitute\n|-damage|p1a: Aegislash|32/100\n|-enditem|p1a: Aegislash|Sitrus Berry|[eat]\n|-heal|p1a: Aegislash|57/100|[from] item: Sitrus Berry\n|\n|-weather|none\n|-sideend|p2: Husbanndo|move: Aurora Veil\n|-fieldend|move: Trick Room\n|upkeep\n|turn|6\n|\n|t:|1776532496\n|move|p2b: Conkeldurr|Wide Guard|p2b: Conkeldurr\n|-singleturn|p2b: Conkeldurr|Wide Guard\n|move|p1b: Delphox|Heat Wave|p2a: Abomasnow|[spread] \n|-activate|p2a: Abomasnow|move: Wide Guard\n|-activate|p2b: Conkeldurr|move: Wide Guard\n|-formechange|p1a: Aegislash|Aegislash-Blade|\n|move|p1a: Aegislash|Poltergeist|p2b: Conkeldurr\n|-activate|p2b: Conkeldurr|move: Poltergeist|Black Belt\n|-damage|p2b: Conkeldurr|37/100\n|move|p2a: Abomasnow|Rock Tomb|p1b: Delphox\n|-supereffective|p1b: Delphox|1\n|-damage|p1b: Delphox|0 fnt\n|faint|p1b: Delphox\n|\n|upkeep\n|\n|t:|1776532511\n|switch|p1b: Sneasler|Sneasler, L50, M|100/100\n|turn|7\n|\n|t:|1776532525\n|-formechange|p1a: Aegislash|Aegislash|\n|move|p1a: Aegislash|King's Shield|p1a: Aegislash\n|-singleturn|p1a: Aegislash|Protect\n|move|p1b: Sneasler|Fake Out|p2a: Abomasnow\n|-damage|p2a: Abomasnow|88/100\n|move|p2b: Conkeldurr|Fire Punch|p1a: Aegislash\n|-activate|p1a: Aegislash|move: Protect\n|-unboost|p2b: Conkeldurr|atk|1\n|cant|p2a: Abomasnow|flinch\n|\n|upkeep\n|turn|8\n|\n|t:|1776532546\n|move|p1b: Sneasler|Dire Claw|p2a: Abomasnow\n|-supereffective|p2a: Abomasnow|1\n|-damage|p2a: Abomasnow|18/100\n|-formechange|p1a: Aegislash|Aegislash-Blade|\n|move|p1a: Aegislash|Iron Head|p2a: Abomasnow\n|-supereffective|p2a: Abomasnow|1\n|-damage|p2a: Abomasnow|0 fnt\n|faint|p2a: Abomasnow\n|move|p2b: Conkeldurr|Fire Punch|p1b: Sneasler\n|-damage|p1b: Sneasler|67/100\n|\n|upkeep\n|inactive|Husbanndo has 30 seconds left.\n|inactive|Husbanndo has 20 seconds left.\n|inactive|Husbanndo has 15 seconds left.\n|inactive|Husbanndo has 10 seconds left.\n|l|\u2606Husbanndo\n|inactive|Husbanndo disconnected and has a minute to reconnect!\n|player|p2|\n|inactive|Husbanndo has 5 seconds left.\n|-message|Husbanndo lost due to inactivity.\n|\n|win|Sheepsoft\n|raw|Sheepsoft's rating: 1265 &rarr; <strong>1284</strong><br />(+19 for winning)\n|raw|Husbanndo's rating: 1176 &rarr; <strong>1157</strong><br />(-19 for losing)\n",
  "uploadtime": 1776532605,
  "views": 20,
  "formatid": "gen9championsvgc2026regma",
  "rating": 1157,
  "private": 0,
  "password": null
}