{
  "id": "gen9championsvgc2026regma-2583948200",
  "format": "[Gen 9 Champions] VGC 2026 Reg M-A",
  "players": [
    "ippsy_436",
    "ye979166426"
  ],
  "log": "|j|\u2606ippsy_436\n|j|\u2606ye979166426\n|t:|1776210868\n|gametype|doubles\n|player|p1|ippsy_436|bugcatcher-gen4dp|1452\n|player|p2|ye979166426|giovanni|1574\n|gen|9\n|tier|[Gen 9 Champions] VGC 2026 Reg M-A\n|rated|\n|rule|Species Clause: Limit one of each Pok\u00e9mon\n|rule|Item Clause: Limit 1 of each item\n|clearpoke\n|poke|p1|Kingambit, L50, F|\n|poke|p1|Sneasler, L50, M|\n|poke|p1|Talonflame, L50, M|\n|poke|p1|Garchomp, L50, F|\n|poke|p1|Froslass, L50, F|\n|poke|p1|Milotic, L50, M|\n|poke|p2|Tyranitar, L50, F|\n|poke|p2|Sinistcha, L50|\n|poke|p2|Corviknight, L50, M|\n|poke|p2|Rotom-Wash, L50|\n|poke|p2|Garchomp, L50, F|\n|poke|p2|Sneasler, L50, M|\n|teampreview|4\n|inactive|Battle timer is ON: inactive players will automatically lose when time's up. (requested by ippsy_436)\n|j| dmitriverdant\n|inactive|ippsy_436 has 60 seconds left.\n|inactive|ye979166426 has 60 seconds left.\n|inactive|ye979166426 has 30 seconds left.\n|\n|t:|1776210930\n|teamsize|p1|4\n|teamsize|p2|4\n|start\n|switch|p1a: Talonflame|Talonflame, L50, M|100/100\n|switch|p1b: Garchomp|Garchomp, L50, F|100/100\n|switch|p2a: Rotom|Rotom-Wash, L50, shiny|100/100\n|switch|p2b: Corviknight|Corviknight, L50, M, shiny|100/100\n|turn|1\n|j| GoodraSweetheart76\n|inactive|ippsy_436 has 30 seconds left.\n|\n|t:|1776210956\n|move|p1a: Talonflame|Tailwind|p1a: Talonflame\n|-sidestart|p1: ippsy_436|move: Tailwind\n|move|p1b: Garchomp|Rock Slide|p2a: Rotom|[spread] p2a,p2b\n|-damage|p2a: Rotom|76/100\n|-damage|p2b: Corviknight|87/100\n|cant|p2a: Rotom|flinch\n|move|p2b: Corviknight|Brave Bird|p1a: Talonflame\n|-damage|p1a: Talonflame|46/100\n|-damage|p2b: Corviknight|73/100|[from] Recoil\n|\n|upkeep\n|turn|2\n|\n|t:|1776210977\n|switch|p2b: Garchomp|Garchomp, L50, F, shiny|100/100\n|move|p1a: Talonflame|Flare Blitz|p2b: Garchomp\n|-resisted|p2b: Garchomp|1\n|-damage|p2b: Garchomp|79/100\n|-status|p2b: Garchomp|brn\n|-damage|p1a: Talonflame|34/100|[from] ability: Rough Skin|[of] p2b: Garchomp\n|-damage|p1a: Talonflame|25/100|[from] Recoil\n|move|p1b: Garchomp|Rock Slide|p2a: Rotom|[spread] p2a,p2b\n|-resisted|p2b: Garchomp|1\n|-damage|p2a: Rotom|52/100\n|-damage|p2b: Garchomp|69/100 brn\n|cant|p2a: Rotom|flinch\n|\n|-damage|p2b: Garchomp|63/100 brn|[from] brn\n|upkeep\n|turn|3\n|inactive|ippsy_436 has 30 seconds left.\n|inactive|ye979166426 has 30 seconds left.\n|inactive|ippsy_436 has 20 seconds left.\n|\n|t:|1776211013\n|move|p1b: Garchomp|Protect|p1b: Garchomp\n|-singleturn|p1b: Garchomp|Protect\n|move|p1a: Talonflame|Flare Blitz|p2a: Rotom\n|-resisted|p2a: Rotom|1\n|-damage|p2a: Rotom|29/100\n|-enditem|p2a: Rotom|Sitrus Berry|[eat]\n|-heal|p2a: Rotom|53/100|[from] item: Sitrus Berry\n|-damage|p1a: Talonflame|17/100|[from] Recoil\n|move|p2b: Garchomp|Rock Slide|p1b: Garchomp|[spread] \n|-activate|p1b: Garchomp|move: Protect\n|-miss|p2b: Garchomp|p1a: Talonflame\n|move|p2a: Rotom|Discharge|p1b: Garchomp|[spread] p1a\n|-activate|p1b: Garchomp|move: Protect\n|-immune|p2b: Garchomp\n|-supereffective|p1a: Talonflame|1\n|-damage|p1a: Talonflame|0 fnt\n|faint|p1a: Talonflame\n|\n|-damage|p2b: Garchomp|57/100 brn|[from] brn\n|upkeep\n|\n|t:|1776211029\n|switch|p1a: Froslass|Froslass, L50, F|100/100\n|turn|4\n|\n|t:|1776211044\n|detailschange|p1a: Froslass|Froslass-Mega, L50, F\n|-mega|p1a: Froslass|Froslass|Froslassite\n|-weather|Snowscape|[from] ability: Snow Warning|[of] p1a: Froslass\n|move|p1a: Froslass|Blizzard|p2b: Garchomp|[spread] p2a,p2b\n|-resisted|p2a: Rotom|1\n|-supereffective|p2b: Garchomp|2\n|-damage|p2a: Rotom|30/100\n|-damage|p2b: Garchomp|0 fnt\n|faint|p2b: Garchomp\n|move|p1b: Garchomp|Rock Slide|p2a: Rotom\n|-crit|p2a: Rotom\n|-damage|p2a: Rotom|0 fnt\n|faint|p2a: Rotom\n|\n|-weather|Snowscape|[upkeep]\n|-sideend|p1: ippsy_436|move: Tailwind\n|upkeep\n|\n|t:|1776211057\n|switch|p2b: Corviknight|Corviknight, L50, M, shiny|73/100\n|switch|p2a: Tyranitar|Tyranitar, L50, F|100/100\n|-weather|Sandstorm|[from] ability: Sand Stream|[of] p2a: Tyranitar\n|turn|5\n|inactive|ye979166426 has 30 seconds left.\n|\n|t:|1776211086\n|detailschange|p2a: Tyranitar|Tyranitar-Mega, L50, F\n|-mega|p2a: Tyranitar|Tyranitar|Tyranitarite\n|move|p1a: Froslass|Protect|p1a: Froslass\n|-singleturn|p1a: Froslass|Protect\n|move|p1b: Garchomp|Stomping Tantrum|p2a: Tyranitar\n|-supereffective|p2a: Tyranitar|1\n|-damage|p2a: Tyranitar|32/100\n|move|p2b: Corviknight|Tailwind|p2b: Corviknight\n|-sidestart|p2: ye979166426|move: Tailwind\n|move|p2a: Tyranitar|Knock Off|p1b: Garchomp\n|-damage|p1b: Garchomp|37/100\n|-damage|p2a: Tyranitar|20/100|[from] ability: Rough Skin|[of] p1b: Garchomp\n|-enditem|p1b: Garchomp|Soft Sand|[from] move: Knock Off|[of] p2a: Tyranitar\n|\n|-weather|Sandstorm|[upkeep]\n|-damage|p1a: Froslass|94/100|[from] Sandstorm\n|upkeep\n|turn|6\n|inactive|ippsy_436 has 30 seconds left.\n|\n|t:|1776211112\n|switch|p1a: Kingambit|Kingambit, L50, F|100/100\n|move|p2b: Corviknight|Brave Bird|p1b: Garchomp\n|-damage|p1b: Garchomp|0 fnt\n|-damage|p2b: Corviknight|61/100|[from] ability: Rough Skin|[of] p1b: Garchomp\n|faint|p1b: Garchomp\n|-damage|p2b: Corviknight|50/100|[from] Recoil\n|move|p2a: Tyranitar|Knock Off|p1a: Kingambit\n|-resisted|p1a: Kingambit|1\n|-damage|p1a: Kingambit|75/100\n|-enditem|p1a: Kingambit|Black Glasses|[from] move: Knock Off|[of] p2a: Tyranitar\n|\n|-weather|Sandstorm|[upkeep]\n|upkeep\n|\n|t:|1776211117\n|switch|p1b: Froslass|Froslass-Mega, L50, F|94/100\n|-weather|Snowscape|[from] ability: Snow Warning|[of] p1b: Froslass\n|turn|7\n|\n|t:|1776211131\n|move|p1b: Froslass|Protect|p1b: Froslass\n|-singleturn|p1b: Froslass|Protect\n|move|p1a: Kingambit|Sucker Punch|p2a: Tyranitar\n|-resisted|p2a: Tyranitar|1\n|-damage|p2a: Tyranitar|7/100\n|move|p2b: Corviknight|Roost|p2b: Corviknight\n|-heal|p2b: Corviknight|100/100\n|-singleturn|p2b: Corviknight|move: Roost\n|move|p2a: Tyranitar|Low Kick|p1a: Kingambit\n|-supereffective|p1a: Kingambit|2\n|-damage|p1a: Kingambit|0 fnt\n|faint|p1a: Kingambit\n|\n|-weather|Snowscape|[upkeep]\n|upkeep\n|turn|8\n|\n|t:|1776211148\n|move|p1b: Froslass|Protect|p1b: Froslass\n|-singleturn|p1b: Froslass|Protect\n|move|p2b: Corviknight|Brave Bird|p1b: Froslass\n|-activate|p1b: Froslass|move: Protect\n|move|p2a: Tyranitar|Knock Off|p1b: Froslass\n|-activate|p1b: Froslass|move: Protect\n|\n|-weather|Snowscape|[upkeep]\n|-sideend|p2: ye979166426|move: Tailwind\n|upkeep\n|turn|9\n|\n|t:|1776211154\n|move|p2a: Tyranitar|Protect|p2a: Tyranitar\n|-singleturn|p2a: Tyranitar|Protect\n|move|p1b: Froslass|Blizzard|p2b: Corviknight|[spread] p2b\n|-activate|p2a: Tyranitar|move: Protect\n|-damage|p2b: Corviknight|54/100\n|move|p2b: Corviknight|Tailwind|p2b: Corviknight\n|-sidestart|p2: ye979166426|move: Tailwind\n|\n|-weather|Snowscape|[upkeep]\n|upkeep\n|turn|10\n|\n|t:|1776211167\n|move|p1b: Froslass|Protect|p1b: Froslass\n|-singleturn|p1b: Froslass|Protect\n|move|p2b: Corviknight|Brave Bird|p1b: Froslass\n|-activate|p1b: Froslass|move: Protect\n|move|p2a: Tyranitar|Knock Off|p1b: Froslass\n|-activate|p1b: Froslass|move: Protect\n|\n|-weather|Snowscape|[upkeep]\n|upkeep\n|turn|11\n|\n|t:|1776211176\n|move|p2b: Corviknight|Brave Bird|p1b: Froslass\n|-damage|p1b: Froslass|55/100\n|-damage|p2b: Corviknight|44/100|[from] Recoil\n|move|p2a: Tyranitar|Knock Off|p1b: Froslass\n|-supereffective|p1b: Froslass|1\n|-damage|p1b: Froslass|0 fnt\n|faint|p1b: Froslass\n|\n|win|ye979166426\n|raw|ippsy_436's rating: 1452 &rarr; <strong>1439</strong><br />(-13 for losing)\n|raw|ye979166426's rating: 1574 &rarr; <strong>1587</strong><br />(+13 for winning)\n|l| dmitriverdant\n",
  "uploadtime": 1776211189,
  "views": 52,
  "formatid": "gen9championsvgc2026regma",
  "rating": 1439,
  "private": 0,
  "password": null
}