{
  "id": "gen9championsvgc2026regma-2587533257",
  "format": "[Gen 9 Champions] VGC 2026 Reg M-A",
  "players": [
    "diogguito",
    "Mochi Shirou"
  ],
  "log": "|j|\u2606diogguito\n|j|\u2606Mochi Shirou\n|t:|1776539976\n|gametype|doubles\n|player|p1|diogguito|102|1048\n|player|p2|Mochi Shirou|n|1111\n|gen|9\n|tier|[Gen 9 Champions] VGC 2026 Reg M-A\n|rated|\n|rule|Species Clause: Limit one of each Pok\u00e9mon\n|rule|Item Clause: Limit 1 of each item\n|clearpoke\n|poke|p1|Charizard, L50, F|\n|poke|p1|Milotic, L50, F|\n|poke|p1|Sinistcha, L50|\n|poke|p1|Sneasler, L50, F|\n|poke|p1|Incineroar, L50, F|\n|poke|p1|Garchomp, L50, M|\n|poke|p2|Incineroar, L50, M, shiny|\n|poke|p2|Gengar, L50, M, shiny|\n|poke|p2|Sinistcha, L50, shiny|\n|poke|p2|Kingambit, L50, F|\n|poke|p2|Tyranitar, L50, F, shiny|\n|poke|p2|Kommo-o, L50, F|\n|teampreview|4\n|\n|t:|1776539998\n|teamsize|p1|4\n|teamsize|p2|4\n|start\n|switch|p1a: Charizard|Charizard, L50, F|100/100\n|switch|p1b: Milotic|Milotic, L50, F|100/100\n|switch|p2a: Incineroar|Incineroar, L50, M, shiny|100/100\n|switch|p2b: Gengar|Gengar, L50, M, shiny|100/100\n|-ability|p2a: Incineroar|Intimidate|boost\n|-unboost|p1a: Charizard|atk|1\n|-unboost|p1b: Milotic|atk|1\n|turn|1\n|\n|t:|1776540028\n|detailschange|p2b: Gengar|Gengar-Mega, L50, M, shiny\n|-mega|p2b: Gengar|Gengar|Gengarite\n|detailschange|p1a: Charizard|Charizard-Mega-Y, L50, F\n|-mega|p1a: Charizard|Charizard|Charizardite Y\n|-weather|SunnyDay|[from] ability: Drought|[of] p1a: Charizard\n|move|p2a: Incineroar|Fake Out|p1a: Charizard\n|-damage|p1a: Charizard|84/100\n|move|p2b: Gengar|Perish Song|p2b: Gengar\n|-start|p1a: Charizard|perish3|[silent]\n|-start|p1b: Milotic|perish3|[silent]\n|-start|p2a: Incineroar|perish3|[silent]\n|-start|p2b: Gengar|perish3|[silent]\n|-fieldactivate|move: Perish Song\n|cant|p1a: Charizard|flinch\n|move|p1b: Milotic|Ice Beam|p2b: Gengar\n|-damage|p2b: Gengar|75/100\n|\n|-weather|SunnyDay|[upkeep]\n|-start|p2b: Gengar|perish3\n|-start|p1a: Charizard|perish3\n|-start|p1b: Milotic|perish3\n|-start|p2a: Incineroar|perish3\n|upkeep\n|turn|2\n|\n|t:|1776540055\n|move|p2b: Gengar|Protect|p2b: Gengar\n|-singleturn|p2b: Gengar|Protect\n|move|p2a: Incineroar|Protect|p2a: Incineroar\n|-singleturn|p2a: Incineroar|Protect\n|move|p1a: Charizard|Heat Wave|p2a: Incineroar|[spread] \n|-activate|p2a: Incineroar|move: Protect\n|-activate|p2b: Gengar|move: Protect\n|move|p1b: Milotic|Scald|p2a: Incineroar\n|-activate|p2a: Incineroar|move: Protect\n|\n|-weather|SunnyDay|[upkeep]\n|-start|p2b: Gengar|perish2\n|-start|p1a: Charizard|perish2\n|-start|p1b: Milotic|perish2\n|-start|p2a: Incineroar|perish2\n|upkeep\n|turn|3\n|\n|t:|1776540092\n|move|p2b: Gengar|Substitute|p2b: Gengar\n|-start|p2b: Gengar|Substitute\n|-damage|p2b: Gengar|51/100\n|move|p1a: Charizard|Heat Wave|p2b: Gengar|[spread] p2b\n|-miss|p1a: Charizard|p2a: Incineroar\n|-end|p2b: Gengar|Substitute\n|move|p1b: Milotic|Scald|p2a: Incineroar\n|-supereffective|p2a: Incineroar|1\n|-damage|p2a: Incineroar|83/100\n|move|p2a: Incineroar|Parting Shot|p1a: Charizard\n|-unboost|p1a: Charizard|atk|1\n|-unboost|p1a: Charizard|spa|1\n|\n|t:|1776540110\n|switch|p2a: Sinistcha|Sinistcha, L50, shiny|100/100|[from] Parting Shot\n|-heal|p2b: Gengar|75/100|[from] ability: Hospitality|[of] p2a: Sinistcha\n|\n|-weather|SunnyDay|[upkeep]\n|-start|p2b: Gengar|perish1\n|-start|p1a: Charizard|perish1\n|-start|p1b: Milotic|perish1\n|upkeep\n|turn|4\n|\n|t:|1776540166\n|switch|p2b: Tyranitar|Tyranitar, L50, F, shiny|100/100\n|-weather|Sandstorm|[from] ability: Sand Stream|[of] p2b: Tyranitar\n|switch|p2a: Incineroar|Incineroar, L50, M, shiny|83/100\n|-ability|p2a: Incineroar|Intimidate|boost\n|-unboost|p1a: Charizard|atk|1\n|-unboost|p1b: Milotic|atk|1\n|move|p1a: Charizard|Heat Wave|p2a: Incineroar|[spread] p2a,p2b\n|-resisted|p2a: Incineroar|1\n|-resisted|p2b: Tyranitar|1\n|-damage|p2a: Incineroar|72/100\n|-damage|p2b: Tyranitar|91/100\n|move|p1b: Milotic|Ice Beam|p2a: Incineroar\n|-resisted|p2a: Incineroar|1\n|-damage|p2a: Incineroar|65/100\n|\n|-weather|Sandstorm|[upkeep]\n|-damage|p1a: Charizard|78/100|[from] Sandstorm\n|-damage|p1b: Milotic|95/100|[from] Sandstorm\n|-damage|p2a: Incineroar|59/100|[from] Sandstorm\n|-heal|p1b: Milotic|100/100|[from] item: Leftovers\n|-start|p1a: Charizard|perish0\n|-start|p1b: Milotic|perish0\n|upkeep\n|faint|p1a: Charizard\n|faint|p1b: Milotic\n|\n|t:|1776540188\n|switch|p1a: Sneasler|Sneasler, L50, F|100/100\n|switch|p1b: Sinistcha|Sinistcha, L50|100/100\n|turn|5\n|\n|t:|1776540211\n|move|p2a: Incineroar|Protect|p2a: Incineroar\n|-singleturn|p2a: Incineroar|Protect\n|move|p2b: Tyranitar|Ice Punch|p1b: Sinistcha\n|-supereffective|p1b: Sinistcha|1\n|-damage|p1b: Sinistcha|49/100\n|move|p1a: Sneasler|Close Combat|p2b: Tyranitar\n|-supereffective|p2b: Tyranitar|2\n|-damage|p2b: Tyranitar|0 fnt\n|-unboost|p1a: Sneasler|def|1\n|-unboost|p1a: Sneasler|spd|1\n|faint|p2b: Tyranitar\n|move|p1b: Sinistcha|Matcha Gotcha|p2a: Incineroar\n|-activate|p2a: Incineroar|move: Protect\n|\n|-weather|Sandstorm|[upkeep]\n|-damage|p1a: Sneasler|95/100|[from] Sandstorm\n|-damage|p1b: Sinistcha|43/100|[from] Sandstorm\n|-damage|p2a: Incineroar|53/100|[from] Sandstorm\n|upkeep\n|\n|t:|1776540238\n|switch|p2b: Gengar|Gengar-Mega, L50, M, shiny|75/100\n|turn|6\n|\n|t:|1776540256\n|move|p1b: Sinistcha|Rage Powder|p1b: Sinistcha\n|-singleturn|p1b: Sinistcha|move: Rage Powder\n|move|p2b: Gengar|Perish Song|p2b: Gengar\n|-start|p1a: Sneasler|perish3|[silent]\n|-start|p1b: Sinistcha|perish3|[silent]\n|-start|p2a: Incineroar|perish3|[silent]\n|-start|p2b: Gengar|perish3|[silent]\n|-fieldactivate|move: Perish Song\n|move|p1a: Sneasler|Close Combat|p2a: Incineroar\n|-supereffective|p2a: Incineroar|1\n|-damage|p2a: Incineroar|0 fnt\n|-unboost|p1a: Sneasler|def|1\n|-unboost|p1a: Sneasler|spd|1\n|faint|p2a: Incineroar\n|\n|-weather|Sandstorm|[upkeep]\n|-damage|p2b: Gengar|69/100|[from] Sandstorm\n|-damage|p1a: Sneasler|89/100|[from] Sandstorm\n|-damage|p1b: Sinistcha|37/100|[from] Sandstorm\n|-start|p2b: Gengar|perish3\n|-start|p1a: Sneasler|perish3\n|-start|p1b: Sinistcha|perish3\n|upkeep\n|\n|t:|1776540271\n|switch|p2a: Sinistcha|Sinistcha, L50, shiny|100/100\n|-heal|p2b: Gengar|94/100|[from] ability: Hospitality|[of] p2a: Sinistcha\n|turn|7\n|\n|t:|1776540283\n|move|p2b: Gengar|Protect|p2b: Gengar\n|-singleturn|p2b: Gengar|Protect\n|move|p2a: Sinistcha|Protect|p2a: Sinistcha\n|-singleturn|p2a: Sinistcha|Protect\n|move|p1b: Sinistcha|Rage Powder|p1b: Sinistcha\n|-singleturn|p1b: Sinistcha|move: Rage Powder\n|move|p1a: Sneasler|Dire Claw|p2a: Sinistcha\n|-activate|p2a: Sinistcha|move: Protect\n|\n|-weather|Sandstorm|[upkeep]\n|-damage|p2b: Gengar|88/100|[from] Sandstorm\n|-damage|p1a: Sneasler|83/100|[from] Sandstorm\n|-damage|p2a: Sinistcha|94/100|[from] Sandstorm\n|-damage|p1b: Sinistcha|31/100|[from] Sandstorm\n|-start|p2b: Gengar|perish2\n|-start|p1a: Sneasler|perish2\n|-start|p1b: Sinistcha|perish2\n|upkeep\n|turn|8\n|\n|t:|1776540306\n|move|p1b: Sinistcha|Rage Powder|p1b: Sinistcha\n|-singleturn|p1b: Sinistcha|move: Rage Powder\n|move|p2b: Gengar|Shadow Ball|p1b: Sinistcha\n|-supereffective|p1b: Sinistcha|1\n|-damage|p1b: Sinistcha|0 fnt\n|faint|p1b: Sinistcha\n|move|p1a: Sneasler|Dire Claw|p2a: Sinistcha\n|-damage|p2a: Sinistcha|58/100\n|move|p2a: Sinistcha|Life Dew|p2a: Sinistcha|[spread] p2a,p2b\n|-heal|p2a: Sinistcha|83/100\n|-heal|p2b: Gengar|100/100\n|\n|-weather|none\n|-start|p2b: Gengar|perish1\n|-start|p1a: Sneasler|perish1\n|upkeep\n|turn|9\n|c|\u2606Mochi Shirou|gg\n|\n|t:|1776540325\n|move|p2b: Gengar|Protect|p2b: Gengar\n|-singleturn|p2b: Gengar|Protect\n|move|p2a: Sinistcha|Protect|p2a: Sinistcha\n|-singleturn|p2a: Sinistcha|Protect\n|move|p1a: Sneasler|Dire Claw|p2a: Sinistcha\n|-activate|p2a: Sinistcha|move: Protect\n|\n|-start|p2b: Gengar|perish0\n|-start|p1a: Sneasler|perish0\n|faint|p2b: Gengar\n|faint|p1a: Sneasler\n|\n|win|Mochi Shirou\n|raw|diogguito's rating: 1048 &rarr; <strong>1034</strong><br />(-14 for losing)\n|raw|Mochi Shirou's rating: 1111 &rarr; <strong>1132</strong><br />(+21 for winning)\n",
  "uploadtime": 1776540341,
  "views": 15,
  "formatid": "gen9championsvgc2026regma",
  "rating": 1034,
  "private": 0,
  "password": null
}