{
  "id": "gen9championsvgc2026regma-2584872759",
  "format": "[Gen 9 Champions] VGC 2026 Reg M-A",
  "players": [
    "iiuutt",
    "SpecialEggs"
  ],
  "log": "|j|\u2606iiuutt\n|j|\u2606SpecialEggs\n|t:|1776290416\n|gametype|doubles\n|player|p1|iiuutt|1|1180\n|player|p2|SpecialEggs|1|1231\n|gen|9\n|tier|[Gen 9 Champions] VGC 2026 Reg M-A\n|rated|\n|rule|Species Clause: Limit one of each Pok\u00e9mon\n|rule|Item Clause: Limit 1 of each item\n|clearpoke\n|poke|p1|Excadrill, L50, M|\n|poke|p1|Tyranitar, L50, M|\n|poke|p1|Dragapult, L50, F|\n|poke|p1|Sinistcha, L50|\n|poke|p1|Milotic, L50, M|\n|poke|p1|Floette-Eternal, L50, F|\n|poke|p2|Ninetales-Alola, L50, M|\n|poke|p2|Floette-Eternal, L50, F|\n|poke|p2|Incineroar, L50, F|\n|poke|p2|Aerodactyl, L50, M|\n|poke|p2|Sinistcha, L50|\n|poke|p2|Palafin, L50, M|\n|teampreview|4\n|inactive|Battle timer is ON: inactive players will automatically lose when time's up. (requested by iiuutt)\n|inactive|iiuutt has 60 seconds left.\n|inactive|SpecialEggs has 60 seconds left.\n|\n|t:|1776290462\n|teamsize|p1|4\n|teamsize|p2|4\n|start\n|switch|p1a: Excadrill|Excadrill, L50, M|100/100\n|switch|p1b: Dragapult|Dragapult, L50, F|100/100\n|switch|p2a: Palafin|Palafin, L50, M|100/100\n|switch|p2b: Sinistcha|Sinistcha, L50|100/100\n|turn|1\n|\n|t:|1776290477\n|detailschange|p2a: Palafin|Palafin-Hero, L50, M\n|switch|p2a: Incineroar|Incineroar, L50, F|100/100\n|-ability|p2a: Incineroar|Intimidate|boost\n|-unboost|p1a: Excadrill|atk|1\n|-fail|p1b: Dragapult|unboost|[from] ability: Clear Body|[of] p1b: Dragapult\n|move|p1a: Excadrill|Protect|p1a: Excadrill\n|-singleturn|p1a: Excadrill|Protect\n|move|p1b: Dragapult|Thunder Wave|p2b: Sinistcha\n|-status|p2b: Sinistcha|par\n|move|p2b: Sinistcha|Trick Room|p2b: Sinistcha\n|-fieldstart|move: Trick Room|[of] p2b: Sinistcha\n|\n|upkeep\n|turn|2\n|inactive|iiuutt has 30 seconds left.\n|\n|t:|1776290505\n|switch|p2b: Floette|Floette-Eternal, L50, F|100/100\n|switch|p1a: Tyranitar|Tyranitar, L50, M|100/100\n|-weather|Sandstorm|[from] ability: Sand Stream|[of] p1a: Tyranitar\n|move|p2a: Incineroar|Flare Blitz|p1a: Tyranitar\n|-resisted|p1a: Tyranitar|1\n|-damage|p1a: Tyranitar|79/100\n|-damage|p2a: Incineroar|93/100|[from] Recoil\n|move|p1b: Dragapult|Hex|p2b: Floette\n|-damage|p2b: Floette|79/100\n|\n|-weather|Sandstorm|[upkeep]\n|-damage|p2a: Incineroar|87/100|[from] Sandstorm\n|-damage|p2b: Floette|74/100|[from] Sandstorm\n|-damage|p1b: Dragapult|94/100|[from] Sandstorm\n|upkeep\n|turn|3\n|inactive|iiuutt has 30 seconds left.\n|\n|t:|1776290532\n|detailschange|p2b: Floette|Floette-Mega, L50, F\n|-mega|p2b: Floette|Floette|Floettite\n|-ability|p2b: Floette|Fairy Aura\n|move|p1b: Dragapult|Protect|p1b: Dragapult\n|-singleturn|p1b: Dragapult|Protect\n|move|p1a: Tyranitar|Rock Slide|p2a: Incineroar|[spread] p2a\n|-miss|p1a: Tyranitar|p2b: Floette\n|-supereffective|p2a: Incineroar|1\n|-damage|p2a: Incineroar|28/100\n|-enditem|p2a: Incineroar|Sitrus Berry|[eat]\n|-heal|p2a: Incineroar|52/100|[from] item: Sitrus Berry\n|move|p2a: Incineroar|Parting Shot|p1a: Tyranitar\n|-unboost|p1a: Tyranitar|atk|1\n|-unboost|p1a: Tyranitar|spa|1\n|\n|t:|1776290546\n|switch|p2a: Sinistcha|Sinistcha, L50|100/100 par|[from] Parting Shot\n|-heal|p2b: Floette|98/100|[from] ability: Hospitality|[of] p2a: Sinistcha\n|move|p2b: Floette|Calm Mind|p2b: Floette\n|-boost|p2b: Floette|spa|1\n|-boost|p2b: Floette|spd|1\n|\n|-weather|Sandstorm|[upkeep]\n|-damage|p2a: Sinistcha|94/100 par|[from] Sandstorm\n|-damage|p2b: Floette|92/100|[from] Sandstorm\n|-damage|p1b: Dragapult|88/100|[from] Sandstorm\n|upkeep\n|turn|4\n|\n|t:|1776290562\n|switch|p1b: Milotic|Milotic, L50, M|100/100\n|move|p2a: Sinistcha|Rage Powder|p2a: Sinistcha\n|-singleturn|p2a: Sinistcha|move: Rage Powder\n|move|p1a: Tyranitar|Knock Off|p2a: Sinistcha\n|-supereffective|p2a: Sinistcha|1\n|-enditem|p2a: Sinistcha|Colbur Berry|[eat]\n|-enditem|p2a: Sinistcha|Colbur Berry|[weaken]\n|-damage|p2a: Sinistcha|58/100 par\n|move|p2b: Floette|Dazzling Gleam|p1b: Milotic|[spread] p1a,p1b\n|-supereffective|p1a: Tyranitar|1\n|-damage|p1a: Tyranitar|5/100\n|-damage|p1b: Milotic|46/100\n|\n|-weather|Sandstorm|[upkeep]\n|-damage|p2a: Sinistcha|52/100 par|[from] Sandstorm\n|-damage|p1b: Milotic|40/100|[from] Sandstorm\n|-damage|p2b: Floette|86/100|[from] Sandstorm\n|-heal|p1b: Milotic|46/100|[from] item: Leftovers\n|upkeep\n|turn|5\n|\n|t:|1776290577\n|switch|p2a: Palafin|Palafin-Hero, L50, M|100/100\n|-activate|p2a: Palafin|ability: Zero to Hero\n|move|p1b: Milotic|Protect|p1b: Milotic\n|-singleturn|p1b: Milotic|Protect\n|move|p1a: Tyranitar|Knock Off|p2a: Palafin\n|-damage|p2a: Palafin|65/100\n|-enditem|p2a: Palafin|Mystic Water|[from] move: Knock Off|[of] p1a: Tyranitar\n|move|p2b: Floette|Dazzling Gleam|p1b: Milotic|[spread] p1a\n|-activate|p1b: Milotic|move: Protect\n|-supereffective|p1a: Tyranitar|1\n|-crit|p1a: Tyranitar\n|-damage|p1a: Tyranitar|0 fnt\n|faint|p1a: Tyranitar\n|\n|-weather|Sandstorm|[upkeep]\n|-damage|p1b: Milotic|40/100|[from] Sandstorm\n|-damage|p2a: Palafin|59/100|[from] Sandstorm\n|-damage|p2b: Floette|81/100|[from] Sandstorm\n|-heal|p1b: Milotic|46/100|[from] item: Leftovers\n|-fieldend|move: Trick Room\n|upkeep\n|\n|t:|1776290589\n|switch|p1a: Excadrill|Excadrill, L50, M|100/100\n|turn|6\n|\n|t:|1776290604\n|switch|p2a: Incineroar|Incineroar, L50, F|52/100\n|-ability|p2a: Incineroar|Intimidate|boost\n|-unboost|p1a: Excadrill|atk|1\n|-unboost|p1b: Milotic|atk|1\n|-ability|p1b: Milotic|Competitive|boost\n|-boost|p1b: Milotic|spa|2\n|move|p1a: Excadrill|Iron Head|p2b: Floette\n|-supereffective|p2b: Floette|1\n|-damage|p2b: Floette|16/100\n|move|p2b: Floette|Dazzling Gleam|p1a: Excadrill|[spread] p1a,p1b\n|-resisted|p1a: Excadrill|1\n|-crit|p1b: Milotic\n|-damage|p1a: Excadrill|52/100\n|-damage|p1b: Milotic|0 fnt\n|faint|p1b: Milotic\n|\n|-weather|none\n|upkeep\n|\n|t:|1776290615\n|switch|p1b: Dragapult|Dragapult, L50, F|88/100\n|turn|7\n|\n|t:|1776290624\n|move|p1a: Excadrill|Protect|p1a: Excadrill\n|-singleturn|p1a: Excadrill|Protect\n|move|p2b: Floette|Protect|p2b: Floette\n|-singleturn|p2b: Floette|Protect\n|move|p1b: Dragapult|Hex|p2b: Floette\n|-activate|p2b: Floette|move: Protect\n|move|p2a: Incineroar|Parting Shot|p1a: Excadrill\n|-activate|p1a: Excadrill|move: Protect\n|\n|upkeep\n|turn|8\n|\n|t:|1776290646\n|detailschange|p1a: Excadrill|Excadrill-Mega, L50, M\n|-mega|p1a: Excadrill|Excadrill|Excadrite\n|move|p1b: Dragapult|Hex|p2a: Incineroar\n|-resisted|p2a: Incineroar|1\n|-damage|p2a: Incineroar|43/100\n|move|p1a: Excadrill|Rock Slide|p2b: Floette|[spread] p2a,p2b\n|-supereffective|p2a: Incineroar|1\n|-damage|p2a: Incineroar|12/100\n|-damage|p2b: Floette|0 fnt\n|faint|p2b: Floette\n|move|p2a: Incineroar|Throat Chop|p1b: Dragapult\n|-supereffective|p1b: Dragapult|1\n|-damage|p1b: Dragapult|7/100\n|-start|p1b: Dragapult|Throat Chop|[silent]\n|\n|upkeep\n|\n|t:|1776290660\n|switch|p2b: Palafin|Palafin-Hero, L50, M|59/100\n|turn|9\n|\n|t:|1776290672\n|switch|p2a: Sinistcha|Sinistcha, L50|52/100 par\n|-heal|p2b: Palafin|84/100|[from] ability: Hospitality|[of] p2a: Sinistcha\n|move|p1b: Dragapult|Protect|p1b: Dragapult\n|-singleturn|p1b: Dragapult|Protect\n|move|p2b: Palafin|Protect|p2b: Palafin\n|-singleturn|p2b: Palafin|Protect\n|move|p1a: Excadrill|High Horsepower|p2b: Palafin\n|-ability|p1a: Excadrill|Piercing Drill\n|-zbroken|p2b: Palafin\n|-damage|p2b: Palafin|75/100\n|\n|-end|p1b: Dragapult|Throat Chop|[silent]\n|upkeep\n|turn|10\n|\n|t:|1776290685\n|move|p2a: Sinistcha|Rage Powder|p2a: Sinistcha\n|-singleturn|p2a: Sinistcha|move: Rage Powder\n|move|p2b: Palafin|Jet Punch|p1b: Dragapult\n|-resisted|p1b: Dragapult|1\n|-damage|p1b: Dragapult|0 fnt\n|faint|p1b: Dragapult\n|move|p1a: Excadrill|Rock Slide|p2b: Palafin|[spread] p2a,p2b\n|-damage|p2a: Sinistcha|36/100 par\n|-damage|p2b: Palafin|60/100\n|\n|upkeep\n|turn|11\n|-message|iiuutt forfeited.\n|\n|win|SpecialEggs\n|raw|iiuutt's rating: 1180 &rarr; <strong>1159</strong><br />(-21 for losing)\n|raw|SpecialEggs's rating: 1231 &rarr; <strong>1252</strong><br />(+21 for winning)\n|l|\u2606iiuutt\n|player|p1|\n",
  "uploadtime": 1776290702,
  "views": 30,
  "formatid": "gen9championsvgc2026regma",
  "rating": 1159,
  "private": 0,
  "password": null
}