{
  "id": "gen9championsvgc2026regma-2581728226",
  "format": "[Gen 9 Champions] VGC 2026 Reg M-A",
  "players": [
    "Wearied",
    "Ghastomight"
  ],
  "log": "|j|\u2606Wearied\n|j|\u2606Ghastomight\n|t:|1776023851\n|gametype|doubles\n|player|p1|Wearied|169|\n|player|p2|Ghastomight|pokemaniac|\n|gen|9\n|tier|[Gen 9 Champions] VGC 2026 Reg M-A\n|rule|Species Clause: Limit one of each Pok\u00e9mon\n|rule|Item Clause: Limit 1 of each item\n|clearpoke\n|poke|p1|Aerodactyl, L50, M|\n|poke|p1|Arcanine-Hisui, L50, M|\n|poke|p1|Kleavor, L50, F|\n|poke|p1|Aggron, L50, F|\n|poke|p1|Glimmora, L50, F|\n|poke|p1|Garganacl, L50, F|\n|poke|p2|Empoleon, L50, F|\n|poke|p2|Archaludon, L50, F|\n|poke|p2|Aegislash, L50, M|\n|poke|p2|Klefki, L50, M|\n|poke|p2|Skarmory, L50, M|\n|poke|p2|Kingambit, L50, F|\n|teampreview|4\n|inactive|Battle timer is ON: inactive players will automatically lose when time's up. (requested by Ghastomight)\n|j| yuxers\n|inactive|Ghastomight has 60 seconds left.\n|\n|t:|1776023883\n|teamsize|p1|4\n|teamsize|p2|4\n|start\n|switch|p1a: Aerodactyl|Aerodactyl, L50, M, shiny|100/100\n|switch|p1b: Garganacl|Garganacl, L50, F, shiny|100/100\n|switch|p2a: Klefki|Klefki, L50, M|100/100\n|switch|p2b: Kingambit|Kingambit, L50, F|100/100\n|-ability|p1a: Aerodactyl|Unnerve\n|turn|1\n|\n|t:|1776023896\n|move|p1a: Aerodactyl|Tailwind|p1a: Aerodactyl\n|-sidestart|p1: Wearied|move: Tailwind\n|move|p2a: Klefki|Foul Play|p1b: Garganacl\n|-damage|p1b: Garganacl|88/100\n|move|p1b: Garganacl|Iron Defense|p1b: Garganacl\n|-boost|p1b: Garganacl|def|2\n|move|p2b: Kingambit|Swords Dance|p2b: Kingambit\n|-boost|p2b: Kingambit|atk|2\n|\n|-heal|p1b: Garganacl|94/100|[from] item: Leftovers\n|upkeep\n|turn|2\n|\n|t:|1776023921\n|move|p2a: Klefki|Reflect|p2a: Klefki\n|-sidestart|p2: Ghastomight|Reflect\n|move|p1a: Aerodactyl|Rock Slide|p2b: Kingambit|[spread] p2a,p2b\n|-resisted|p2a: Klefki|1\n|-resisted|p2b: Kingambit|1\n|-damage|p2a: Klefki|90/100\n|-damage|p2b: Kingambit|93/100\n|move|p1b: Garganacl|Iron Defense|p1b: Garganacl\n|-boost|p1b: Garganacl|def|2\n|cant|p2b: Kingambit|flinch\n|\n|-heal|p1b: Garganacl|99/100|[from] item: Leftovers\n|upkeep\n|turn|3\n|inactive|Wearied has 30 seconds left.\n|\n|t:|1776023946\n|move|p2a: Klefki|Thunder Wave|p1a: Aerodactyl\n|-status|p1a: Aerodactyl|par\n|move|p1a: Aerodactyl|Rock Slide|p2a: Klefki|[spread] p2a,p2b\n|-resisted|p2a: Klefki|1\n|-resisted|p2b: Kingambit|1\n|-damage|p2a: Klefki|78/100\n|-damage|p2b: Kingambit|86/100\n|move|p1b: Garganacl|Body Press|p2b: Kingambit\n|-supereffective|p2b: Kingambit|2\n|-damage|p2b: Kingambit|0 fnt\n|faint|p2b: Kingambit\n|\n|-heal|p1b: Garganacl|100/100|[from] item: Leftovers\n|upkeep\n|\n|t:|1776023958\n|switch|p2b: Empoleon|Empoleon, L50, F|100/100\n|turn|4\n|\n|t:|1776023966\n|switch|p2a: Skarmory|Skarmory, L50, M|100/100\n|move|p1a: Aerodactyl|Rock Slide|p2a: Skarmory|[spread] p2a,p2b\n|-resisted|p2b: Empoleon|1\n|-damage|p2a: Skarmory|86/100\n|-damage|p2b: Empoleon|90/100\n|move|p1b: Garganacl|Body Press|p2b: Empoleon\n|-supereffective|p2b: Empoleon|1\n|-damage|p2b: Empoleon|0 fnt\n|faint|p2b: Empoleon\n|\n|-sideend|p1: Wearied|move: Tailwind\n|upkeep\n|\n|t:|1776023977\n|switch|p2b: Klefki|Klefki, L50, M|78/100\n|turn|5\n|\n|t:|1776023987\n|detailschange|p2a: Skarmory|Skarmory-Mega, L50, M\n|-mega|p2a: Skarmory|Skarmory|Skarmorite\n|move|p1b: Garganacl|Protect|p1b: Garganacl\n|-singleturn|p1b: Garganacl|Protect\n|move|p2b: Klefki|Foul Play|p1b: Garganacl\n|-activate|p1b: Garganacl|move: Protect\n|move|p2a: Skarmory|Iron Head|p1b: Garganacl\n|-activate|p1b: Garganacl|move: Protect\n|move|p1a: Aerodactyl|Tailwind|p1a: Aerodactyl\n|-sidestart|p1: Wearied|move: Tailwind\n|\n|upkeep\n|turn|6\n|-message|Ghastomight forfeited.\n|\n|win|Wearied\n|l|\u2606Ghastomight\n|player|p2|\n|l| yuxers\n",
  "uploadtime": 1776024215,
  "views": 15,
  "formatid": "gen9championsvgc2026regma",
  "rating": null,
  "private": 0,
  "password": null
}