{
  "id": "gen9championsvgc2026regma-2581778655",
  "format": "[Gen 9 Champions] VGC 2026 Reg M-A",
  "players": [
    "GridVGC",
    "injuryreserv3"
  ],
  "log": "|j|\u2606GridVGC\n|j|\u2606injuryreserv3\n|t:|1776027703\n|gametype|doubles\n|player|p1|GridVGC|acetrainerf-gen4|1219\n|player|p2|injuryreserv3|sabrina|1277\n|gen|9\n|tier|[Gen 9 Champions] VGC 2026 Reg M-A\n|rated|\n|rule|Species Clause: Limit one of each Pok\u00e9mon\n|rule|Item Clause: Limit 1 of each item\n|clearpoke\n|poke|p1|Froslass, L50, F|\n|poke|p1|Sneasler, L50, M|\n|poke|p1|Rotom-Wash, L50|\n|poke|p1|Aerodactyl, L50, M|\n|poke|p1|Whimsicott, L50, F|\n|poke|p1|Ninetales-Alola, L50, M|\n|poke|p2|Whimsicott, L50, F|\n|poke|p2|Charizard, L50, M|\n|poke|p2|Sneasler, L50, M|\n|poke|p2|Basculegion, L50, M|\n|poke|p2|Floette-Eternal, L50, F|\n|poke|p2|Incineroar, L50, M|\n|teampreview|4\n|inactive|Battle timer is ON: inactive players will automatically lose when time's up. (requested by GridVGC)\n|\n|t:|1776027751\n|teamsize|p1|4\n|teamsize|p2|4\n|start\n|switch|p1a: Sneasler|Sneasler, L50, M|100/100\n|switch|p1b: Froslass|Froslass, L50, F|100/100\n|switch|p2a: Sneasler|Sneasler, L50, M|100/100\n|switch|p2b: Basculegion|Basculegion, L50, M|100/100\n|turn|1\n|\n|t:|1776027774\n|switch|p1b: Rotom|Rotom-Wash, L50|100/100\n|move|p2a: Sneasler|Fake Out|p1a: Sneasler\n|-damage|p1a: Sneasler|76/100\n|move|p2b: Basculegion|Last Respects|p1b: Rotom\n|-damage|p1b: Rotom|60/100\n|cant|p1a: Sneasler|flinch\n|\n|upkeep\n|turn|2\n|\n|t:|1776027797\n|switch|p2a: Whimsicott|Whimsicott, L50, F|100/100\n|move|p2b: Basculegion|Last Respects|p1b: Rotom\n|-damage|p1b: Rotom|19/100\n|-enditem|p1b: Rotom|Sitrus Berry|[eat]\n|-heal|p1b: Rotom|44/100|[from] item: Sitrus Berry\n|move|p1a: Sneasler|Fling|p2a: Whimsicott\n|-resisted|p2a: Whimsicott|1\n|-damage|p2a: Whimsicott|93/100\n|-enditem|p1a: Sneasler|King's Rock|[from] move: Fling\n|move|p1b: Rotom|Thunderbolt|p2b: Basculegion\n|-supereffective|p2b: Basculegion|1\n|-damage|p2b: Basculegion|8/100\n|-status|p2b: Basculegion|par\n|\n|upkeep\n|turn|3\n|inactive|GridVGC has 30 seconds left.\n|inactive|injuryreserv3 has 30 seconds left.\n|\n|t:|1776027831\n|move|p2a: Whimsicott|Protect|p2a: Whimsicott\n|-singleturn|p2a: Whimsicott|Protect\n|move|p1a: Sneasler|Dire Claw|p2a: Whimsicott\n|-activate|p2a: Whimsicott|move: Protect\n|move|p1b: Rotom|Thunderbolt|p2b: Basculegion\n|-supereffective|p2b: Basculegion|1\n|-damage|p2b: Basculegion|0 fnt\n|faint|p2b: Basculegion\n|\n|upkeep\n|\n|t:|1776027848\n|switch|p2b: Charizard|Charizard, L50, M|100/100\n|turn|4\n|\n|t:|1776027861\n|switch|p2a: Sneasler|Sneasler, L50, M|100/100\n|detailschange|p2b: Charizard|Charizard-Mega-Y, L50, M\n|-mega|p2b: Charizard|Charizard|Charizardite Y\n|-weather|SunnyDay|[from] ability: Drought|[of] p2b: Charizard\n|move|p1a: Sneasler|Dire Claw|p2b: Charizard\n|-damage|p2b: Charizard|32/100\n|move|p2b: Charizard|Heat Wave|p1a: Sneasler|[spread] p1b\n|-miss|p2b: Charizard|p1a: Sneasler\n|-resisted|p1b: Rotom|1\n|-damage|p1b: Rotom|14/100\n|-status|p1b: Rotom|brn\n|move|p1b: Rotom|Thunderbolt|p2b: Charizard\n|-supereffective|p2b: Charizard|1\n|-damage|p2b: Charizard|0 fnt\n|faint|p2b: Charizard\n|\n|-weather|SunnyDay|[upkeep]\n|-damage|p1b: Rotom|8/100 brn|[from] brn\n|upkeep\n|\n|t:|1776027875\n|switch|p2b: Whimsicott|Whimsicott, L50, F|93/100\n|turn|5\n|\n|t:|1776027896\n|move|p2a: Sneasler|Fake Out|p1a: Sneasler\n|-damage|p1a: Sneasler|50/100\n|cant|p1a: Sneasler|flinch\n|move|p2b: Whimsicott|Moonblast|p1b: Rotom\n|-crit|p1b: Rotom\n|-damage|p1b: Rotom|0 fnt\n|faint|p1b: Rotom\n|\n|-weather|SunnyDay|[upkeep]\n|upkeep\n|\n|t:|1776027909\n|switch|p1b: Froslass|Froslass, L50, F|100/100\n|turn|6\n|inactive|injuryreserv3 has 30 seconds left.\n|\n|t:|1776027938\n|detailschange|p1b: Froslass|Froslass-Mega, L50, F\n|-mega|p1b: Froslass|Froslass|Froslassite\n|-weather|Snowscape|[from] ability: Snow Warning|[of] p1b: Froslass\n|move|p2b: Whimsicott|Tailwind|p2b: Whimsicott\n|-sidestart|p2: injuryreserv3|move: Tailwind\n|move|p1a: Sneasler|Dire Claw|p2b: Whimsicott\n|-supereffective|p2b: Whimsicott|2\n|-damage|p2b: Whimsicott|0 fnt\n|faint|p2b: Whimsicott\n|move|p2a: Sneasler|Dire Claw|p1b: Froslass\n|-resisted|p1b: Froslass|1\n|-damage|p1b: Froslass|78/100\n|move|p1b: Froslass|Blizzard|p2a: Sneasler\n|-damage|p2a: Sneasler|23/100\n|\n|-weather|Snowscape|[upkeep]\n|upkeep\n|turn|7\n|\n|t:|1776027955\n|move|p1a: Sneasler|Dire Claw|p2a: Sneasler\n|-resisted|p2a: Sneasler|1\n|-damage|p2a: Sneasler|0 fnt\n|faint|p2a: Sneasler\n|\n|win|GridVGC\n|raw|GridVGC's rating: 1219 &rarr; <strong>1248</strong><br />(+29 for winning)\n|raw|injuryreserv3's rating: 1277 &rarr; <strong>1248</strong><br />(-29 for losing)\n|c|\u2606injuryreserv3|gg\n|l|\u2606injuryreserv3\n|player|p2|\n|c|\u2606GridVGC|gg\n|j|\u2606injuryreserv3\n|player|p2|injuryreserv3|sabrina|\n|l|\u2606GridVGC\n|player|p1|\n",
  "uploadtime": 1776027967,
  "views": 28,
  "formatid": "gen9championsvgc2026regma",
  "rating": 1248,
  "private": 0,
  "password": null
}