{
  "id": "gen9championsvgc2026regma-2589533557",
  "format": "[Gen 9 Champions] VGC 2026 Reg M-A",
  "players": [
    "bakublade",
    "1greed9"
  ],
  "log": "|j|\u2606bakublade\n|j|\u26061greed9\n|t:|1776731686\n|gametype|doubles\n|player|p1|bakublade|lucas-gen4pt|1000\n|player|p2|1greed9|266|1063\n|gen|9\n|tier|[Gen 9 Champions] VGC 2026 Reg M-A\n|rated|\n|rule|Species Clause: Limit one of each Pok\u00e9mon\n|rule|Item Clause: Limit 1 of each item\n|clearpoke\n|poke|p1|Charizard, L50, F|\n|poke|p1|Aerodactyl, L50, M, shiny|\n|poke|p1|Scizor, L50, F|\n|poke|p1|Milotic, L50, F|\n|poke|p1|Sneasler, L50, M, shiny|\n|poke|p1|Sinistcha, L50, shiny|\n|poke|p2|Sneasler, L50, M|\n|poke|p2|Dragapult, L50, M|\n|poke|p2|Kingambit, L50, M|\n|poke|p2|Milotic, L50, M|\n|poke|p2|Scovillain, L50, F|\n|poke|p2|Reuniclus, L50, M|\n|teampreview|4\n|inactive|Battle timer is ON: inactive players will automatically lose when time's up. (requested by 1greed9)\n|inactive|bakublade has 60 seconds left.\n|inactive|1greed9 has 60 seconds left.\n|inactive|1greed9 has 30 seconds left.\n|\n|t:|1776731754\n|teamsize|p1|4\n|teamsize|p2|4\n|start\n|switch|p1a: Charizard|Charizard, L50, F|100/100\n|switch|p1b: Sinistcha|Sinistcha, L50, shiny|100/100\n|switch|p2a: Dragapult|Dragapult, L50, M|100/100\n|switch|p2b: Scovillain|Scovillain, L50, F|100/100\n|turn|1\n|\n|t:|1776731778\n|detailschange|p1a: Charizard|Charizard-Mega-X, L50, F\n|-mega|p1a: Charizard|Charizard|Charizardite X\n|move|p2b: Scovillain|Protect|p2b: Scovillain\n|-singleturn|p2b: Scovillain|Protect\n|move|p1b: Sinistcha|Rage Powder|p1b: Sinistcha\n|-singleturn|p1b: Sinistcha|move: Rage Powder\n|move|p2a: Dragapult|Thunder Wave|p1b: Sinistcha\n|-status|p1b: Sinistcha|par\n|move|p1a: Charizard|Dragon Dance|p1a: Charizard\n|-boost|p1a: Charizard|atk|1\n|-boost|p1a: Charizard|spe|1\n|\n|-ability|p2b: Scovillain|Moody|boost\n|-boost|p2b: Scovillain|spd|2\n|-unboost|p2b: Scovillain|def|1\n|upkeep\n|turn|2\n|inactive|bakublade has 30 seconds left.\n|inactive|1greed9 has 30 seconds left.\n|inactive|1greed9 has 20 seconds left.\n|inactive|1greed9 has 15 seconds left.\n|inactive|1greed9 has 10 seconds left.\n|\n|t:|1776731826\n|switch|p2a: Milotic|Milotic, L50, M|100/100\n|move|p1b: Sinistcha|Rage Powder|p1b: Sinistcha\n|-singleturn|p1b: Sinistcha|move: Rage Powder\n|move|p1a: Charizard|Dragon Claw|p2b: Scovillain\n|-damage|p2b: Scovillain|0 fnt\n|faint|p2b: Scovillain\n|\n|upkeep\n|\n|t:|1776731837\n|switch|p2b: Sneasler|Sneasler, L50, M|100/100\n|turn|3\n|inactive|bakublade has 30 seconds left.\n|\n|t:|1776731866\n|move|p1a: Charizard|Protect|p1a: Charizard\n|-singleturn|p1a: Charizard|Protect\n|move|p2b: Sneasler|Dire Claw|p1a: Charizard\n|-activate|p1a: Charizard|move: Protect\n|move|p2a: Milotic|Coil|p2a: Milotic\n|-boost|p2a: Milotic|atk|1\n|-boost|p2a: Milotic|def|1\n|-boost|p2a: Milotic|accuracy|1\n|move|p1b: Sinistcha|Matcha Gotcha|p2a: Milotic|[spread] p2a,p2b\n|-supereffective|p2a: Milotic|1\n|-resisted|p2b: Sneasler|1\n|-damage|p2a: Milotic|71/100\n|-damage|p2b: Sneasler|84/100\n|\n|-heal|p2a: Milotic|77/100|[from] item: Leftovers\n|upkeep\n|turn|4\n|inactive|bakublade has 30 seconds left.\n|inactive|1greed9 has 30 seconds left.\n|inactive|bakublade has 20 seconds left.\n|inactive|bakublade has 15 seconds left.\n|\n|t:|1776731907\n|switch|p1b: Sneasler|Sneasler, L50, M, shiny|100/100\n|move|p1a: Charizard|Dragon Claw|p2b: Sneasler\n|-damage|p2b: Sneasler|0 fnt\n|faint|p2b: Sneasler\n|move|p2a: Milotic|Muddy Water|p1a: Charizard|[spread] p1a,p1b\n|-damage|p1a: Charizard|74/100\n|-damage|p1b: Sneasler|64/100\n|\n|-heal|p2a: Milotic|83/100|[from] item: Leftovers\n|upkeep\n|\n|t:|1776731919\n|switch|p2b: Dragapult|Dragapult, L50, M|100/100\n|turn|5\n|\n|t:|1776731928\n|move|p2a: Milotic|Protect|p2a: Milotic\n|-singleturn|p2a: Milotic|Protect\n|move|p1b: Sneasler|Fake Out|p2a: Milotic\n|-activate|p2a: Milotic|move: Protect\n|move|p1a: Charizard|Dragon Claw|p2b: Dragapult\n|-supereffective|p2b: Dragapult|1\n|-damage|p2b: Dragapult|0 fnt\n|faint|p2b: Dragapult\n|\n|-heal|p2a: Milotic|89/100|[from] item: Leftovers\n|upkeep\n|turn|6\n|\n|t:|1776731947\n|move|p1a: Charizard|Dragon Claw|p2a: Milotic\n|-damage|p2a: Milotic|36/100\n|move|p1b: Sneasler|Dire Claw|p2a: Milotic\n|-damage|p2a: Milotic|7/100\n|move|p2a: Milotic|Coil|p2a: Milotic\n|-boost|p2a: Milotic|atk|1\n|-boost|p2a: Milotic|def|1\n|-boost|p2a: Milotic|accuracy|1\n|\n|-heal|p2a: Milotic|13/100|[from] item: Leftovers\n|upkeep\n|turn|7\n|\n|t:|1776731963\n|move|p2a: Milotic|Protect|p2a: Milotic\n|-singleturn|p2a: Milotic|Protect\n|move|p1b: Sneasler|Feint|p2a: Milotic\n|-activate|p2a: Milotic|move: Feint\n|-damage|p2a: Milotic|8/100\n|move|p1a: Charizard|Dragon Claw|p2a: Milotic\n|-damage|p2a: Milotic|0 fnt\n|faint|p2a: Milotic\n|\n|win|bakublade\n|raw|bakublade's rating: 1000 &rarr; <strong>1047</strong><br />(+47 for winning)\n|raw|1greed9's rating: 1063 &rarr; <strong>1040</strong><br />(-23 for losing)\n|c|\u2606bakublade|gg\n|c|\u26061greed9|Gg\n|c|\u26061greed9|But\n",
  "uploadtime": 1776731978,
  "views": 15,
  "formatid": "gen9championsvgc2026regma",
  "rating": 1040,
  "private": 0,
  "password": null
}