{
  "id": "gen9championsvgc2026regma-2583968679",
  "format": "[Gen 9 Champions] VGC 2026 Reg M-A",
  "players": [
    "Poop Break",
    "Luigi10106"
  ],
  "log": "|j|\u2606Poop Break\n|j|\u2606Luigi10106\n|t:|1776212751\n|gametype|doubles\n|player|p1|Poop Break|1|1134\n|player|p2|Luigi10106|266|1203\n|gen|9\n|tier|[Gen 9 Champions] VGC 2026 Reg M-A\n|rated|\n|rule|Species Clause: Limit one of each Pok\u00e9mon\n|rule|Item Clause: Limit 1 of each item\n|clearpoke\n|poke|p1|Politoed, L50, F|\n|poke|p1|Meganium, L50, F|\n|poke|p1|Sinistcha, L50|\n|poke|p1|Mimikyu, L50, M|\n|poke|p1|Aegislash, L50, M|\n|poke|p1|Incineroar, L50, M|\n|poke|p2|Floette-Eternal, L50, F|\n|poke|p2|Aerodactyl, L50, M|\n|poke|p2|Incineroar, L50, M|\n|poke|p2|Garchomp, L50, F|\n|poke|p2|Sneasler, L50, F|\n|poke|p2|Basculegion, L50, M|\n|teampreview|4\n|inactive|Battle timer is ON: inactive players will automatically lose when time's up. (requested by Luigi10106)\n|inactive|Luigi10106 has 60 seconds left.\n|inactive|Poop Break has 60 seconds left.\n|\n|t:|1776212791\n|teamsize|p1|4\n|teamsize|p2|4\n|start\n|switch|p1a: Mimikyu|Mimikyu, L50, M|100/100\n|switch|p1b: Sinistcha|Sinistcha, L50|100/100\n|switch|p2a: Aerodactyl|Aerodactyl, L50, M|100/100\n|switch|p2b: Incineroar|Incineroar, L50, M|100/100\n|-ability|p2a: Aerodactyl|Unnerve\n|-ability|p2b: Incineroar|Intimidate|boost\n|-unboost|p1a: Mimikyu|atk|1\n|-unboost|p1b: Sinistcha|atk|1\n|-enditem|p1a: Mimikyu|White Herb\n|-clearnegativeboost|p1a: Mimikyu|[silent]\n|turn|1\n|\n|t:|1776212809\n|move|p2a: Aerodactyl|Tailwind|p2a: Aerodactyl\n|-sidestart|p2: Luigi10106|move: Tailwind\n|move|p2b: Incineroar|Throat Chop|p1a: Mimikyu\n|-activate|p1a: Mimikyu|ability: Disguise\n|-damage|p1a: Mimikyu|100/100\n|-start|p1a: Mimikyu|Throat Chop|[silent]\n|detailschange|p1a: Mimikyu|Mimikyu-Busted, L50, M\n|-damage|p1a: Mimikyu|88/100|[from] pokemon: Mimikyu-Busted\n|move|p1a: Mimikyu|Swords Dance|p1a: Mimikyu\n|-boost|p1a: Mimikyu|atk|2\n|move|p1b: Sinistcha|Trick Room|p1b: Sinistcha\n|-fieldstart|move: Trick Room|[of] p1b: Sinistcha\n|\n|upkeep\n|turn|2\n|\n|t:|1776212828\n|move|p1b: Sinistcha|Matcha Gotcha|p2a: Aerodactyl|[spread] p2a,p2b\n|-resisted|p2b: Incineroar|1\n|-damage|p2a: Aerodactyl|68/100\n|-damage|p2b: Incineroar|91/100\n|move|p1a: Mimikyu|Shadow Claw|p2a: Aerodactyl\n|-damage|p2a: Aerodactyl|0 fnt\n|faint|p2a: Aerodactyl\n|move|p2b: Incineroar|Flare Blitz|p1a: Mimikyu\n|-damage|p1a: Mimikyu|25/100\n|-damage|p2b: Incineroar|74/100|[from] Recoil\n|\n|-end|p1a: Mimikyu|Throat Chop|[silent]\n|upkeep\n|\n|t:|1776212842\n|switch|p2a: Sneasler|Sneasler, L50, F, shiny|100/100\n|-ability|p2a: Sneasler|Pressure\n|turn|3\n|\n|t:|1776212857\n|move|p1b: Sinistcha|Rage Powder|p1b: Sinistcha\n|-singleturn|p1b: Sinistcha|move: Rage Powder\n|move|p1a: Mimikyu|Play Rough|p2a: Sneasler\n|-damage|p2a: Sneasler|0 fnt\n|faint|p2a: Sneasler\n|move|p2b: Incineroar|Flare Blitz|p1b: Sinistcha\n|-supereffective|p1b: Sinistcha|1\n|-damage|p1b: Sinistcha|20/100\n|-damage|p2b: Incineroar|50/100|[from] Recoil\n|-enditem|p2b: Incineroar|Sitrus Berry|[eat]\n|-heal|p2b: Incineroar|75/100|[from] item: Sitrus Berry\n|\n|-heal|p1b: Sinistcha|26/100|[from] item: Leftovers\n|upkeep\n|\n|t:|1776212865\n|switch|p2a: Floette|Floette-Eternal, L50, F|100/100\n|turn|4\n|\n|t:|1776212879\n|detailschange|p2a: Floette|Floette-Mega, L50, F\n|-mega|p2a: Floette|Floette|Floettite\n|-ability|p2a: Floette|Fairy Aura\n|move|p1b: Sinistcha|Life Dew|p1b: Sinistcha|[spread] p1a,p1b\n|-heal|p1a: Mimikyu|50/100\n|-heal|p1b: Sinistcha|51/100\n|move|p1a: Mimikyu|Play Rough|p2b: Incineroar\n|-damage|p2b: Incineroar|0 fnt\n|faint|p2b: Incineroar\n|move|p2a: Floette|Dazzling Gleam|p1b: Sinistcha|[spread] p1a,p1b\n|-crit|p1b: Sinistcha\n|-damage|p1a: Mimikyu|0 fnt\n|-damage|p1b: Sinistcha|0 fnt\n|faint|p1a: Mimikyu\n|faint|p1b: Sinistcha\n|\n|-sideend|p2: Luigi10106|move: Tailwind\n|upkeep\n|\n|t:|1776212898\n|switch|p1b: Aegislash|Aegislash, L50, M|100/100\n|switch|p1a: Meganium|Meganium, L50, F|100/100\n|turn|5\n|\n|t:|1776212906\n|-formechange|p1b: Aegislash|Aegislash-Blade|\n|move|p1b: Aegislash|Flash Cannon|p2a: Floette\n|-supereffective|p2a: Floette|1\n|-damage|p2a: Floette|12/100\n|move|p1a: Meganium|Solar Beam||[still]\n|-prepare|p1a: Meganium|Solar Beam\n|move|p2a: Floette|Light of Ruin|p1a: Meganium|[miss]\n|-miss|p2a: Floette|p1a: Meganium\n|\n|-fieldend|move: Trick Room\n|upkeep\n|turn|6\n|-message|Luigi10106 forfeited.\n|\n|win|Poop Break\n|raw|Poop Break's rating: 1134 &rarr; <strong>1164</strong><br />(+30 for winning)\n|raw|Luigi10106's rating: 1203 &rarr; <strong>1173</strong><br />(-30 for losing)\n|l|\u2606Luigi10106\n|player|p2|\n",
  "uploadtime": 1776212930,
  "views": 15,
  "formatid": "gen9championsvgc2026regma",
  "rating": 1164,
  "private": 0,
  "password": null
}