{
  "id": "gen9championsvgc2026regma-2580783872",
  "format": "[Gen 9 Champions] VGC 2026 Reg M-A",
  "players": [
    "d4ntez",
    "liartherapist"
  ],
  "log": "|j|\u2606d4ntez\n|j|\u2606liartherapist\n|t:|1775932176\n|gametype|doubles\n|player|p1|d4ntez|170|1000\n|player|p2|liartherapist|101|1027\n|gen|9\n|tier|[Gen 9 Champions] VGC 2026 Reg M-A\n|rated|\n|rule|Species Clause: Limit one of each Pok\u00e9mon\n|rule|Item Clause: Limit 1 of each item\n|clearpoke\n|poke|p1|Alcremie, L50, F|\n|poke|p1|Camerupt, L50, M|\n|poke|p1|Gourgeist-*, L50, M|\n|poke|p1|Torkoal, L50, F|\n|poke|p1|Leafeon, L50, F|\n|poke|p1|Sneasler, L50, M|\n|poke|p2|Aggron, L50, F|\n|poke|p2|Torkoal, L50, M|\n|poke|p2|Conkeldurr, L50, M|\n|poke|p2|Gallade, L50, M|\n|poke|p2|Mimikyu, L50, F|\n|poke|p2|Primarina, L50, M|\n|teampreview|4\n|\n|t:|1775932205\n|teamsize|p1|4\n|teamsize|p2|4\n|start\n|switch|p1a: Gourgeist|Gourgeist-Large, L50, M, shiny|100/100\n|switch|p1b: Camerupt|Camerupt, L50, M, shiny|100/100\n|switch|p2a: Torkoal|Torkoal, L50, M|100/100\n|switch|p2b: Gallade|Gallade, L50, M|100/100\n|-weather|SunnyDay|[from] ability: Drought|[of] p2a: Torkoal\n|turn|1\n|\n|t:|1775932235\n|detailschange|p1b: Camerupt|Camerupt-Mega, L50, M, shiny\n|-mega|p1b: Camerupt|Camerupt|Cameruptite\n|move|p1b: Camerupt|Earth Power|p2a: Torkoal\n|-supereffective|p2a: Torkoal|1\n|-damage|p2a: Torkoal|0 fnt\n|faint|p2a: Torkoal\n|move|p2b: Gallade|Trick Room|p2b: Gallade\n|-fieldstart|move: Trick Room|[of] p2b: Gallade\n|move|p1a: Gourgeist|Trick Room|p1a: Gourgeist\n|-fieldend|move: Trick Room\n|\n|-weather|SunnyDay|[upkeep]\n|upkeep\n|\n|t:|1775932254\n|switch|p2a: Aggron|Aggron, L50, F|100/100\n|turn|2\n|\n|t:|1775932268\n|detailschange|p2a: Aggron|Aggron-Mega, L50, F\n|-mega|p2a: Aggron|Aggron|Aggronite\n|move|p2b: Gallade|Night Slash|p1a: Gourgeist\n|-supereffective|p1a: Gourgeist|1\n|-damage|p1a: Gourgeist|54/100\n|move|p1a: Gourgeist|Power Whip|p2b: Gallade|[miss]\n|-miss|p1a: Gourgeist|p2b: Gallade\n|move|p2a: Aggron|Earthquake|p1a: Gourgeist|[spread] p2b,p1a,p1b\n|-resisted|p1a: Gourgeist|1\n|-supereffective|p1b: Camerupt|1\n|-damage|p2b: Gallade|66/100\n|-damage|p1a: Gourgeist|47/100\n|-damage|p1b: Camerupt|58/100\n|move|p1b: Camerupt|Eruption|p2b: Gallade|[spread] p2a,p2b\n|-supereffective|p2a: Aggron|1\n|-damage|p2a: Aggron|0 fnt\n|-damage|p2b: Gallade|11/100\n|faint|p2a: Aggron\n|\n|-weather|SunnyDay|[upkeep]\n|upkeep\n|\n|t:|1775932285\n|switch|p2a: Conkeldurr|Conkeldurr, L50, M|100/100\n|turn|3\n|\n|t:|1775932317\n|move|p1b: Camerupt|Protect|p1b: Camerupt\n|-singleturn|p1b: Camerupt|Protect\n|move|p2b: Gallade|Night Slash|p1a: Gourgeist\n|-supereffective|p1a: Gourgeist|1\n|-damage|p1a: Gourgeist|0 fnt\n|faint|p1a: Gourgeist\n|move|p2a: Conkeldurr|Close Combat|p1b: Camerupt\n|-activate|p1b: Camerupt|move: Protect\n|\n|-weather|SunnyDay|[upkeep]\n|upkeep\n|\n|t:|1775932330\n|switch|p1a: Sneasler|Sneasler, L50, M|100/100\n|turn|4\n|\n|t:|1775932348\n|move|p1a: Sneasler|Dire Claw|p2b: Gallade\n|-damage|p2b: Gallade|0 fnt\n|faint|p2b: Gallade\n|move|p2a: Conkeldurr|Close Combat|p1b: Camerupt\n|-damage|p1b: Camerupt|0 fnt\n|-unboost|p2a: Conkeldurr|def|1\n|-unboost|p2a: Conkeldurr|spd|1\n|faint|p1b: Camerupt\n|\n|-weather|SunnyDay|[upkeep]\n|upkeep\n|\n|t:|1775932360\n|switch|p1b: Alcremie|Alcremie, L50, F, shiny|100/100\n|turn|5\n|\n|t:|1775932377\n|move|p2a: Conkeldurr|Protect|p2a: Conkeldurr\n|-singleturn|p2a: Conkeldurr|Protect\n|move|p1a: Sneasler|Acrobatics|p2a: Conkeldurr\n|-activate|p2a: Conkeldurr|move: Protect\n|move|p1b: Alcremie|Decorate|p1a: Sneasler\n|-boost|p1a: Sneasler|atk|2\n|-boost|p1a: Sneasler|spa|2\n|\n|-weather|none\n|upkeep\n|turn|6\n|\n|t:|1775932392\n|move|p1b: Alcremie|Helping Hand|p1a: Sneasler\n|-singleturn|p1a: Sneasler|Helping Hand|[of] p1b: Alcremie\n|move|p1a: Sneasler|Acrobatics|p2a: Conkeldurr\n|-supereffective|p2a: Conkeldurr|1\n|-damage|p2a: Conkeldurr|0 fnt\n|faint|p2a: Conkeldurr\n|\n|win|d4ntez\n|raw|d4ntez's rating: 1000 &rarr; <strong>1043</strong><br />(+43 for winning)\n|raw|liartherapist's rating: 1027 &rarr; <strong>1012</strong><br />(-15 for losing)\n|c|\u2606liartherapist|gg\n|l|\u2606liartherapist\n|player|p2|\n",
  "uploadtime": 1775932401,
  "views": 17,
  "formatid": "gen9championsvgc2026regma",
  "rating": 1012,
  "private": 0,
  "password": null
}