{
  "id": "gen9championsvgc2026regma-2588194353",
  "format": "[Gen 9 Champions] VGC 2026 Reg M-A",
  "players": [
    "paquetty",
    "tyneham"
  ],
  "log": "|j|\u2606paquetty\n|j|\u2606tyneham\n|t:|1776613290\n|gametype|doubles\n|player|p1|paquetty|ethan|1113\n|player|p2|tyneham|akari|1058\n|gen|9\n|tier|[Gen 9 Champions] VGC 2026 Reg M-A\n|rated|\n|rule|Species Clause: Limit one of each Pok\u00e9mon\n|rule|Item Clause: Limit 1 of each item\n|clearpoke\n|poke|p1|Gardevoir, L50, F|\n|poke|p1|Aegislash, L50, M|\n|poke|p1|Incineroar, L50, M|\n|poke|p1|Vivillon, L50, M|\n|poke|p1|Hydreigon, L50, M|\n|poke|p1|Tauros-Paldea-Aqua, L50, M|\n|poke|p2|Farigiraf, L50, M|\n|poke|p2|Torkoal, L50, F|\n|poke|p2|Incineroar, L50, F|\n|poke|p2|Drampa, L50, F|\n|poke|p2|Rampardos, L50, F|\n|poke|p2|Heracross, L50, F|\n|teampreview|4\n|\n|t:|1776613319\n|teamsize|p1|4\n|teamsize|p2|4\n|start\n|switch|p1a: Vivillon|Vivillon, L50, M|100/100\n|switch|p1b: Gardevoir|Gardevoir, L50, F|100/100\n|switch|p2a: Farigiraf|Farigiraf, L50, M|100/100\n|switch|p2b: Incineroar|Incineroar, L50, F|100/100\n|-ability|p1b: Gardevoir|Armor Tail|Trace|[from] ability: Trace|[of] p2a: Farigiraf\n|-ability|p2b: Incineroar|Intimidate|boost\n|-unboost|p1a: Vivillon|atk|1\n|-unboost|p1b: Gardevoir|atk|1\n|turn|1\n|\n|t:|1776613340\n|detailschange|p1b: Gardevoir|Gardevoir-Mega, L50, F\n|-mega|p1b: Gardevoir|Gardevoir|Gardevoirite\n|move|p2b: Incineroar|Fake Out|p1a: Vivillon\n|-damage|p1a: Vivillon|73/100\n|cant|p1a: Vivillon|flinch\n|move|p1b: Gardevoir|Calm Mind|p1b: Gardevoir\n|-boost|p1b: Gardevoir|spa|1\n|-boost|p1b: Gardevoir|spd|1\n|move|p2a: Farigiraf|Trick Room|p2a: Farigiraf\n|-fieldstart|move: Trick Room|[of] p2a: Farigiraf\n|\n|upkeep\n|turn|2\n|\n|t:|1776613363\n|move|p1a: Vivillon|Rage Powder|p1a: Vivillon\n|-singleturn|p1a: Vivillon|move: Rage Powder\n|move|p2a: Farigiraf|Hyper Voice|p1a: Vivillon|[spread] p1a,p1b\n|-damage|p1a: Vivillon|13/100\n|-damage|p1b: Gardevoir|85/100\n|move|p2b: Incineroar|Parting Shot|p1a: Vivillon\n|-unboost|p1a: Vivillon|atk|1\n|-unboost|p1a: Vivillon|spa|1\n|\n|t:|1776613372\n|switch|p2b: Heracross|Heracross, L50, F|100/100|[from] Parting Shot\n|move|p1b: Gardevoir|Hyper Voice|p2a: Farigiraf|[spread] p2a,p2b\n|-supereffective|p2b: Heracross|1\n|-damage|p2a: Farigiraf|33/100\n|-damage|p2b: Heracross|0 fnt\n|-enditem|p2a: Farigiraf|Sitrus Berry|[eat]\n|-heal|p2a: Farigiraf|57/100|[from] item: Sitrus Berry\n|faint|p2b: Heracross\n|\n|upkeep\n|\n|t:|1776613377\n|switch|p2b: Drampa|Drampa, L50, F|100/100\n|-ability|p2b: Drampa|Cloud Nine\n|turn|3\n|\n|t:|1776613392\n|detailschange|p2b: Drampa|Drampa-Mega, L50, F\n|-mega|p2b: Drampa|Drampa|Drampanite\n|move|p1a: Vivillon|Protect|p1a: Vivillon\n|-singleturn|p1a: Vivillon|Protect\n|move|p2b: Drampa|Hyper Voice|p1a: Vivillon|[spread] p1b\n|-activate|p1a: Vivillon|move: Protect\n|-damage|p1b: Gardevoir|61/100\n|move|p2a: Farigiraf|Hyper Voice|p1b: Gardevoir|[spread] p1b\n|-activate|p1a: Vivillon|move: Protect\n|-crit|p1b: Gardevoir\n|-damage|p1b: Gardevoir|20/100\n|move|p1b: Gardevoir|Hyper Voice|p2b: Drampa|[spread] p2a,p2b\n|-supereffective|p2b: Drampa|1\n|-damage|p2a: Farigiraf|0 fnt\n|-damage|p2b: Drampa|0 fnt\n|faint|p2a: Farigiraf\n|faint|p2b: Drampa\n|\n|upkeep\n|\n|t:|1776613409\n|switch|p2a: Incineroar|Incineroar, L50, F|100/100\n|-ability|p2a: Incineroar|Intimidate|boost\n|-unboost|p1a: Vivillon|atk|1\n|-unboost|p1b: Gardevoir|atk|1\n|turn|4\n|\n|t:|1776613418\n|move|p2a: Incineroar|Fake Out|p1b: Gardevoir\n|-damage|p1b: Gardevoir|4/100\n|cant|p1b: Gardevoir|flinch\n|move|p1a: Vivillon|Sleep Powder|p2a: Incineroar\n|-status|p2a: Incineroar|slp|[from] move: Sleep Powder\n|-enditem|p2a: Incineroar|Lum Berry|[eat]\n|-curestatus|p2a: Incineroar|slp|[msg]\n|\n|upkeep\n|turn|5\n|\n|t:|1776613428\n|move|p1b: Gardevoir|Protect|p1b: Gardevoir\n|-singleturn|p1b: Gardevoir|Protect\n|move|p2a: Incineroar|Flare Blitz|p1b: Gardevoir\n|-activate|p1b: Gardevoir|move: Protect\n|move|p1a: Vivillon|Sleep Powder|p2a: Incineroar\n|-status|p2a: Incineroar|slp|[from] move: Sleep Powder\n|\n|-fieldend|move: Trick Room\n|upkeep\n|turn|6\n|\n|t:|1776613436\n|move|p1a: Vivillon|Hurricane|p2a: Incineroar\n|-damage|p2a: Incineroar|75/100 slp\n|move|p1b: Gardevoir|Hyper Voice|p2a: Incineroar\n|-damage|p2a: Incineroar|0 fnt\n|faint|p2a: Incineroar\n|\n|win|paquetty\n|raw|paquetty's rating: 1113 &rarr; <strong>1134</strong><br />(+21 for winning)\n|raw|tyneham's rating: 1058 &rarr; <strong>1042</strong><br />(-16 for losing)\n|l|\u2606paquetty\n|player|p1|\n",
  "uploadtime": 1776613443,
  "views": 10,
  "formatid": "gen9championsvgc2026regma",
  "rating": 1042,
  "private": 0,
  "password": null
}