{
  "id": "gen9championsvgc2026regma-2585170714",
  "format": "[Gen 9 Champions] VGC 2026 Reg M-A",
  "players": [
    "HamsterBol",
    "Monkeyboy014"
  ],
  "log": "|j|\u2606HamsterBol\n|j|\u2606Monkeyboy014\n|t:|1776320593\n|gametype|doubles\n|player|p1|HamsterBol|pokemaniac|1104\n|player|p2|Monkeyboy014|170|1057\n|gen|9\n|tier|[Gen 9 Champions] VGC 2026 Reg M-A\n|rated|\n|rule|Species Clause: Limit one of each Pok\u00e9mon\n|rule|Item Clause: Limit 1 of each item\n|clearpoke\n|poke|p1|Golurk, L50|\n|poke|p1|Venusaur, L50, M|\n|poke|p1|Farigiraf, L50, F|\n|poke|p1|Sneasler, L50, M|\n|poke|p1|Torkoal, L50, F|\n|poke|p1|Incineroar, L50, M|\n|poke|p2|Flapple, L50, M|\n|poke|p2|Sableye, L50, F|\n|poke|p2|Tyranitar, L50, F|\n|poke|p2|Farigiraf, L50, M|\n|poke|p2|Sneasler, L50, F|\n|poke|p2|Talonflame, L50, M|\n|teampreview|4\nMonkeyboy014 has agreed to open team sheets.\n|inactive|Battle timer is ON: inactive players will automatically lose when time's up. (requested by HamsterBol)\n|\n|t:|1776320620\n|teamsize|p1|4\n|teamsize|p2|4\n|start\n|switch|p1a: Sneasler|Sneasler, L50, M|100/100\n|switch|p1b: Golurk|Golurk, L50, shiny|100/100\n|switch|p2a: Flapple|Flapple, L50, M|100/100\n|switch|p2b: Sableye|Sableye, L50, F|100/100\n|turn|1\n|\n|t:|1776320633\n|detailschange|p1b: Golurk|Golurk-Mega, L50, shiny\n|-mega|p1b: Golurk|Golurk|Golurkite\n|move|p2a: Flapple|Protect|p2a: Flapple\n|-singleturn|p2a: Flapple|Protect\n|move|p1b: Golurk|Protect|p1b: Golurk\n|-singleturn|p1b: Golurk|Protect\n|move|p2b: Sableye|Gravity|p2b: Sableye\n|-fieldstart|move: Gravity\n|move|p1a: Sneasler|Coaching|p1b: Golurk\n|-boost|p1b: Golurk|atk|1\n|-boost|p1b: Golurk|def|1\n|\n|upkeep\n|turn|2\n|inactive|Monkeyboy014 has 30 seconds left.\n|\n|t:|1776320667\n|move|p2a: Flapple|Protect||[still]\n|-fail|p2a: Flapple\n|move|p1a: Sneasler|Dire Claw|p2b: Sableye\n|-resisted|p2b: Sableye|1\n|-damage|p2b: Sableye|79/100\n|move|p1b: Golurk|Ice Punch|p2a: Flapple\n|-supereffective|p2a: Flapple|2\n|-damage|p2a: Flapple|0 fnt\n|faint|p2a: Flapple\n|move|p2b: Sableye|Foul Play|p1b: Golurk\n|-supereffective|p1b: Golurk|1\n|-damage|p1b: Golurk|0 fnt\n|faint|p1b: Golurk\n|\n|upkeep\n|\n|t:|1776320691\n|switch|p2a: Sneasler|Sneasler, L50, F|100/100\n|switch|p1b: Torkoal|Torkoal, L50, F|100/100\n|-weather|SunnyDay|[from] ability: Drought|[of] p1b: Torkoal\n|turn|3\n|inactive|Monkeyboy014 has 30 seconds left.\n|inactive|HamsterBol has 30 seconds left.\n|inactive|Monkeyboy014 has 20 seconds left.\n|\n|t:|1776320728\n|move|p2a: Sneasler|Fake Out|p1b: Torkoal\n|-damage|p1b: Torkoal|87/100\n|move|p2b: Sableye|Thunder Wave|p1a: Sneasler\n|-status|p1a: Sneasler|par\n|move|p1a: Sneasler|Close Combat|p2a: Sneasler\n|-resisted|p2a: Sneasler|1\n|-damage|p2a: Sneasler|43/100\n|-unboost|p1a: Sneasler|def|1\n|-unboost|p1a: Sneasler|spd|1\n|-enditem|p1a: Sneasler|White Herb\n|-clearnegativeboost|p1a: Sneasler|[silent]\n|cant|p1b: Torkoal|flinch\n|\n|-weather|SunnyDay|[upkeep]\n|upkeep\n|turn|4\n|inactive|HamsterBol has 30 seconds left.\n|\n|t:|1776320756\n|move|p2b: Sableye|Swagger|p1a: Sneasler\n|-boost|p1a: Sneasler|atk|2\n|-start|p1a: Sneasler|confusion\n|-activate|p1a: Sneasler|confusion\n|-damage|p1a: Sneasler|42/100 par|[from] confusion\n|move|p2a: Sneasler|Dire Claw|p1b: Torkoal\n|-damage|p1b: Torkoal|44/100\n|-status|p1b: Torkoal|par\n|move|p1b: Torkoal|Heat Wave|p2b: Sableye|[spread] p2a,p2b\n|-damage|p2a: Sneasler|0 fnt\n|-damage|p2b: Sableye|0 fnt\n|faint|p2a: Sneasler\n|faint|p2b: Sableye\n|\n|-weather|SunnyDay|[upkeep]\n|upkeep\n|\n|t:|1776320767\n|switch|p2b: Tyranitar|Tyranitar, L50, F|100/100\n|-weather|Sandstorm|[from] ability: Sand Stream|[of] p2b: Tyranitar\n|turn|5\n|inactive|Monkeyboy014 has 30 seconds left.\n|inactive|Monkeyboy014 has 20 seconds left.\n|\n|t:|1776320805\n|switch|p1b: Venusaur|Venusaur, L50, M|100/100\n|detailschange|p2b: Tyranitar|Tyranitar-Mega, L50, F\n|-mega|p2b: Tyranitar|Tyranitar|Tyranitarite\n|-activate|p1a: Sneasler|confusion\n|-damage|p1a: Sneasler|0 fnt|[from] confusion\n|faint|p1a: Sneasler\n|move|p2b: Tyranitar|Stone Edge|p1b: Venusaur\n|-damage|p1b: Venusaur|4/100\n|\n|-weather|Sandstorm|[upkeep]\n|-damage|p1b: Venusaur|0 fnt|[from] Sandstorm\n|faint|p1b: Venusaur\n|-fieldend|move: Gravity\n|upkeep\n|\n|t:|1776320813\n|switch|p1b: Torkoal|Torkoal, L50, F|44/100 par\n|-weather|SunnyDay|[from] ability: Drought|[of] p1b: Torkoal\n|turn|6\n|\n|t:|1776320819\n|move|p2b: Tyranitar|Crunch|p1b: Torkoal\n|-damage|p1b: Torkoal|0 fnt\n|faint|p1b: Torkoal\n|\n|win|Monkeyboy014\n|raw|HamsterBol's rating: 1104 &rarr; <strong>1076</strong><br />(-28 for losing)\n|raw|Monkeyboy014's rating: 1057 &rarr; <strong>1093</strong><br />(+36 for winning)\n|l|\u2606HamsterBol\n|player|p1|\n",
  "uploadtime": 1776320827,
  "views": 16,
  "formatid": "gen9championsvgc2026regma",
  "rating": 1076,
  "private": 0,
  "password": null
}