{
  "id": "gen9championsvgc2026regma-2583697385",
  "format": "[Gen 9 Champions] VGC 2026 Reg M-A",
  "players": [
    "Demonroo",
    "ivanchur"
  ],
  "log": "|j|\u2606Demonroo\n|j|\u2606ivanchur\n|t:|1776191681\n|gametype|doubles\n|player|p1|Demonroo|flannery|1206\n|player|p2|ivanchur|102|1116\n|gen|9\n|tier|[Gen 9 Champions] VGC 2026 Reg M-A\n|rated|\n|rule|Species Clause: Limit one of each Pok\u00e9mon\n|rule|Item Clause: Limit 1 of each item\n|clearpoke\n|poke|p1|Hatterene, L50, F|\n|poke|p1|Aegislash, L50, M|\n|poke|p1|Hydreigon, L50, F|\n|poke|p1|Farigiraf, L50, F|\n|poke|p1|Conkeldurr, L50, F|\n|poke|p1|Scovillain, L50, F|\n|poke|p2|Glimmora, L50, F|\n|poke|p2|Meganium, L50, F|\n|poke|p2|Corviknight, L50, M|\n|poke|p2|Volcarona, L50, F|\n|poke|p2|Gliscor, L50, F|\n|poke|p2|Rotom-Wash, L50|\n|teampreview|4\n|j| cyusontheinternet\n|l| cyusontheinternet\n|inactive|Battle timer is ON: inactive players will automatically lose when time's up. (requested by ivanchur)\n|\n|t:|1776191714\n|teamsize|p1|4\n|teamsize|p2|4\n|start\n|switch|p1a: Scovillain|Scovillain, L50, F|100/100\n|switch|p1b: Conkeldurr|Conkeldurr, L50, F|100/100\n|switch|p2a: Volcarona|Volcarona, L50, F|100/100\n|switch|p2b: Glimmora|Glimmora, L50, F|100/100\n|turn|1\n|\n|t:|1776191733\n|detailschange|p2b: Glimmora|Glimmora-Mega, L50, F\n|-mega|p2b: Glimmora|Glimmora|Glimmoranite\n|detailschange|p1a: Scovillain|Scovillain-Mega, L50, F\n|-mega|p1a: Scovillain|Scovillain|Scovillainite\n|move|p1a: Scovillain|Rage Powder|p1a: Scovillain\n|-singleturn|p1a: Scovillain|move: Rage Powder\n|move|p2b: Glimmora|Sludge Bomb|p1a: Scovillain\n|-supereffective|p1a: Scovillain|1\n|-damage|p1a: Scovillain|0 fnt\n|-status|p2b: Glimmora|brn|[from] ability: Spicy Spray|[of] p1a: Scovillain\n|faint|p1a: Scovillain\n|move|p2a: Volcarona|Tailwind|p2a: Volcarona\n|-sidestart|p2: ivanchur|move: Tailwind\n|move|p1b: Conkeldurr|Earthquake|p2b: Glimmora|[spread] p2a,p2b\n|-supereffective|p2b: Glimmora|2\n|-damage|p2a: Volcarona|70/100\n|-damage|p2b: Glimmora|0 fnt\n|faint|p2b: Glimmora\n|\n|upkeep\n|\n|t:|1776191753\n|switch|p2b: Corviknight|Corviknight, L50, M|100/100\n|switch|p1a: Hydreigon|Hydreigon, L50, F|100/100\n|turn|2\n|\n|t:|1776191776\n|move|p2a: Volcarona|Rage Powder|p2a: Volcarona\n|-singleturn|p2a: Volcarona|move: Rage Powder\n|move|p2b: Corviknight|Iron Defense|p2b: Corviknight\n|-boost|p2b: Corviknight|def|2\n|move|p1a: Hydreigon|Earth Power|p2a: Volcarona\n|-damage|p2a: Volcarona|39/100\n|-unboost|p2a: Volcarona|spd|1\n|-enditem|p2a: Volcarona|Sitrus Berry|[eat]\n|-heal|p2a: Volcarona|64/100|[from] item: Sitrus Berry\n|move|p1b: Conkeldurr|Drain Punch|p2a: Volcarona\n|-resisted|p2a: Volcarona|1\n|-damage|p2a: Volcarona|34/100\n|\n|upkeep\n|turn|3\n|inactive|Demonroo has 30 seconds left.\n|\n|t:|1776191812\n|move|p2a: Volcarona|Fiery Dance|p1b: Conkeldurr\n|-damage|p1b: Conkeldurr|61/100\n|move|p2b: Corviknight|Body Press|p1a: Hydreigon\n|-supereffective|p1a: Hydreigon|1\n|-damage|p1a: Hydreigon|0 fnt\n|faint|p1a: Hydreigon\n|move|p1b: Conkeldurr|Earthquake|p2b: Corviknight|[spread] p2a\n|-immune|p2b: Corviknight\n|-damage|p2a: Volcarona|5/100\n|\n|upkeep\n|\n|t:|1776191823\n|switch|p1a: Aegislash|Aegislash, L50, M|100/100\n|turn|4\n|\n|t:|1776191848\n|move|p2a: Volcarona|Protect|p2a: Volcarona\n|-singleturn|p2a: Volcarona|Protect\n|move|p2b: Corviknight|Brave Bird|p1b: Conkeldurr\n|-supereffective|p1b: Conkeldurr|1\n|-damage|p1b: Conkeldurr|0 fnt\n|faint|p1b: Conkeldurr\n|-damage|p2b: Corviknight|80/100|[from] Recoil\n|-formechange|p1a: Aegislash|Aegislash-Blade|\n|move|p1a: Aegislash|Iron Head|p2a: Volcarona\n|-activate|p2a: Volcarona|move: Protect\n|\n|-heal|p2b: Corviknight|86/100|[from] item: Leftovers\n|-sideend|p2: ivanchur|move: Tailwind\n|upkeep\n|turn|5\n|\n|t:|1776191868\n|move|p2a: Volcarona|Fiery Dance|p1a: Aegislash\n|-supereffective|p1a: Aegislash|1\n|-damage|p1a: Aegislash|0 fnt\n|faint|p1a: Aegislash\n|\n|win|ivanchur\n|raw|Demonroo's rating: 1206 &rarr; <strong>1175</strong><br />(-31 for losing)\n|raw|ivanchur's rating: 1116 &rarr; <strong>1147</strong><br />(+31 for winning)\n|l|\u2606ivanchur\n|player|p2|\n",
  "uploadtime": 1776191876,
  "views": 21,
  "formatid": "gen9championsvgc2026regma",
  "rating": 1147,
  "private": 0,
  "password": null
}