{
  "id": "gen9championsvgc2026regma-2580735338",
  "format": "[Gen 9 Champions] VGC 2026 Reg M-A",
  "players": [
    "Sam78235",
    "Tempy's Sharky"
  ],
  "log": "|j|\u2606Sam78235\n|j|\u2606Tempy's Sharky\n|t:|1775928207\n|gametype|doubles\n|player|p1|Sam78235|hilbert|1000\n|player|p2|Tempy's Sharky|shauntal|1066\n|gen|9\n|tier|[Gen 9 Champions] VGC 2026 Reg M-A\n|rated|\n|rule|Species Clause: Limit one of each Pok\u00e9mon\n|rule|Item Clause: Limit 1 of each item\n|clearpoke\n|poke|p1|Excadrill, L50, F|\n|poke|p1|Hawlucha, L50, F|\n|poke|p1|Tyranitar, L50, M|\n|poke|p1|Absol, L50, M|\n|poke|p1|Incineroar, L50, F|\n|poke|p1|Sinistcha, L50|\n|poke|p2|Delphox, L50, F|\n|poke|p2|Orthworm, L50, M|\n|poke|p2|Garchomp, L50, M|\n|poke|p2|Aerodactyl, L50, F|\n|poke|p2|Basculegion, L50, M|\n|poke|p2|Incineroar, L50, M|\n|teampreview|4\n|inactive|Battle timer is ON: inactive players will automatically lose when time's up. (requested by Tempy's Sharky)\nTempy's Sharky has agreed to open team sheets.\n|inactive|Tempy's Sharky has 60 seconds left.\n|\n|t:|1775928242\n|teamsize|p1|4\n|teamsize|p2|4\n|start\n|switch|p1a: Hawlucha|Hawlucha, L50, F|100/100\n|switch|p1b: Excadrill|Excadrill, L50, F|100/100\n|switch|p2a: Aerodactyl|Aerodactyl, L50, F|100/100\n|switch|p2b: Garchomp|Garchomp, L50, M|100/100\n|-ability|p2a: Aerodactyl|Unnerve\n|turn|1\n|inactive|Sam78235 has 30 seconds left.\n|inactive|Tempy's Sharky has 30 seconds left.\n|inactive|Sam78235 has 20 seconds left.\n|\n|t:|1775928278\n|detailschange|p1a: Hawlucha|Hawlucha-Mega, L50, F\n|-mega|p1a: Hawlucha|Hawlucha|Hawluchanite\n|move|p2a: Aerodactyl|Taunt|p1a: Hawlucha\n|-start|p1a: Hawlucha|move: Taunt\n|cant|p1a: Hawlucha|move: Taunt|Entrainment\n|move|p2b: Garchomp|Earthquake|p1b: Excadrill|[spread] p1b\n|-immune|p2a: Aerodactyl\n|-immune|p1a: Hawlucha\n|-supereffective|p1b: Excadrill|1\n|-damage|p1b: Excadrill|0 fnt\n|faint|p1b: Excadrill\n|\n|upkeep\n|\n|t:|1775928292\n|switch|p1b: Incineroar|Incineroar, L50, F|100/100\n|-ability|p1b: Incineroar|Intimidate|boost\n|-unboost|p2a: Aerodactyl|atk|1\n|-unboost|p2b: Garchomp|atk|1\n|turn|2\n|\n|t:|1775928307\n|move|p2a: Aerodactyl|Rock Slide|p1b: Incineroar|[spread] p1a,p1b\n|-supereffective|p1b: Incineroar|1\n|-damage|p1a: Hawlucha|82/100\n|-damage|p1b: Incineroar|60/100\n|cant|p1a: Hawlucha|flinch\n|move|p2b: Garchomp|Rock Slide|p1b: Incineroar|[spread] p1a,p1b\n|-supereffective|p1b: Incineroar|1\n|-damage|p1a: Hawlucha|68/100\n|-damage|p1b: Incineroar|29/100\n|cant|p1b: Incineroar|flinch\n|\n|upkeep\n|turn|3\n|\n|t:|1775928324\n|move|p2a: Aerodactyl|Tailwind|p2a: Aerodactyl\n|-sidestart|p2: Tempy's Sharky|move: Tailwind\n|move|p2b: Garchomp|Rock Slide|p1b: Incineroar|[spread] p1a,p1b\n|-supereffective|p1b: Incineroar|1\n|-damage|p1a: Hawlucha|54/100\n|-damage|p1b: Incineroar|0 fnt\n|faint|p1b: Incineroar\n|move|p1a: Hawlucha|Dual Wingbeat|p2b: Garchomp\n|-damage|p2b: Garchomp|77/100\n|-damage|p1a: Hawlucha|42/100|[from] ability: Rough Skin|[of] p2b: Garchomp\n|-damage|p2b: Garchomp|55/100\n|-damage|p1a: Hawlucha|29/100|[from] ability: Rough Skin|[of] p2b: Garchomp\n|-hitcount|p2b: Garchomp|2\n|\n|-end|p1a: Hawlucha|move: Taunt\n|upkeep\n|\n|t:|1775928339\n|switch|p1b: Tyranitar|Tyranitar, L50, M|100/100\n|-weather|Sandstorm|[from] ability: Sand Stream|[of] p1b: Tyranitar\n|turn|4\n|\n|t:|1775928352\n|move|p2a: Aerodactyl|Taunt|p1a: Hawlucha\n|-start|p1a: Hawlucha|move: Taunt\n|move|p2b: Garchomp|Earthquake|p1b: Tyranitar|[spread] p1b\n|-immune|p2a: Aerodactyl\n|-immune|p1a: Hawlucha\n|-supereffective|p1b: Tyranitar|1\n|-damage|p1b: Tyranitar|50/100\n|move|p1a: Hawlucha|Drain Punch|p2a: Aerodactyl\n|-damage|p2a: Aerodactyl|32/100\n|-heal|p1a: Hawlucha|65/100|[from] drain|[of] p2a: Aerodactyl\n|move|p1b: Tyranitar|Iron Defense|p1b: Tyranitar\n|-boost|p1b: Tyranitar|def|2\n|\n|-weather|Sandstorm|[upkeep]\n|-damage|p1a: Hawlucha|59/100|[from] Sandstorm\n|upkeep\n|turn|5\n|\n|t:|1775928376\n|move|p2a: Aerodactyl|Rock Slide|p1b: Tyranitar|[spread] p1a,p1b\n|-damage|p1a: Hawlucha|40/100\n|-damage|p1b: Tyranitar|44/100\n|move|p2b: Garchomp|Rock Slide|p1b: Tyranitar|[spread] p1a\n|-miss|p2b: Garchomp|p1b: Tyranitar\n|-damage|p1a: Hawlucha|26/100\n|cant|p1a: Hawlucha|flinch\n|move|p1b: Tyranitar|Body Press|p2b: Garchomp\n|-damage|p2b: Garchomp|4/100\n|-damage|p1b: Tyranitar|32/100|[from] ability: Rough Skin|[of] p2b: Garchomp\n|\n|-weather|Sandstorm|[upkeep]\n|-damage|p1a: Hawlucha|20/100|[from] Sandstorm\n|upkeep\n|turn|6\n|\n|t:|1775928396\n|move|p2a: Aerodactyl|Rock Slide|p1a: Hawlucha|[spread] p1a,p1b\n|-damage|p1a: Hawlucha|0 fnt\n|-damage|p1b: Tyranitar|25/100\n|faint|p1a: Hawlucha\n|move|p2b: Garchomp|Earthquake|p1b: Tyranitar|[spread] p1b\n|-immune|p2a: Aerodactyl\n|-supereffective|p1b: Tyranitar|1\n|-damage|p1b: Tyranitar|0 fnt\n|faint|p1b: Tyranitar\n|\n|win|Tempy's Sharky\n|raw|Sam78235's rating: 1000 &rarr; <strong>1000</strong><br />(+0 for losing)\n|raw|Tempy&apos;s Sharky's rating: 1066 &rarr; <strong>1090</strong><br />(+24 for winning)\n",
  "uploadtime": 1775928404,
  "views": 16,
  "formatid": "gen9championsvgc2026regma",
  "rating": 1000,
  "private": 0,
  "password": null
}