{
  "id": "gen9championsvgc2026regma-2580998923",
  "format": "[Gen 9 Champions] VGC 2026 Reg M-A",
  "players": [
    "Ombix",
    "JohnBuck2"
  ],
  "log": "|j|\u2606Ombix\n|j|\u2606JohnBuck2\n|t:|1775950368\n|gametype|doubles\n|player|p1|Ombix|2|1000\n|player|p2|JohnBuck2|hilbert-wonderlauncher|1000\n|gen|9\n|tier|[Gen 9 Champions] VGC 2026 Reg M-A\n|rated|\n|rule|Species Clause: Limit one of each Pok\u00e9mon\n|rule|Item Clause: Limit 1 of each item\n|clearpoke\n|poke|p1|Incineroar, L50, M|\n|poke|p1|Hatterene, L50, F|\n|poke|p1|Farigiraf, L50, M|\n|poke|p1|Torkoal, L50, F|\n|poke|p1|Kingambit, L50, M|\n|poke|p1|Charizard, L50, M|\n|poke|p2|Hawlucha, L50, F|\n|poke|p2|Sinistcha, L50|\n|poke|p2|Crabominable, L50, M|\n|poke|p2|Mimikyu, L50, M|\n|poke|p2|Incineroar, L50, F|\n|poke|p2|Kingambit, L50, M|\n|teampreview|4\n|inactive|Battle timer is ON: inactive players will automatically lose when time's up. (requested by Ombix)\n|\n|t:|1775950410\n|teamsize|p1|4\n|teamsize|p2|4\n|start\n|switch|p1a: Incineroar|Incineroar, L50, M|100/100\n|switch|p1b: Hatterene|Hatterene, L50, F, shiny|100/100\n|switch|p2a: Kingambit|Kingambit, L50, M|100/100\n|switch|p2b: Hawlucha|Hawlucha, L50, F|100/100\n|-ability|p1a: Incineroar|Intimidate|boost\n|-unboost|p2a: Kingambit|atk|1\n|-ability|p2a: Kingambit|Defiant|boost\n|-boost|p2a: Kingambit|atk|2\n|-unboost|p2b: Hawlucha|atk|1\n|turn|1\n|inactive|Ombix has 30 seconds left.\n|inactive|Ombix has 20 seconds left.\n|inactive|Ombix has 15 seconds left.\n|inactive|Ombix has 10 seconds left.\n|\n|t:|1775950456\n|detailschange|p2b: Hawlucha|Hawlucha-Mega, L50, F\n|-mega|p2b: Hawlucha|Hawlucha|Hawluchanite\n|move|p1a: Incineroar|Fake Out|p2a: Kingambit\n|-resisted|p2a: Kingambit|1\n|-damage|p2a: Kingambit|96/100\n|move|p2b: Hawlucha|Entrainment|p2a: Kingambit\n|-ability|p2a: Kingambit|No Guard|Defiant|[from] move: Entrainment|[of] p2b: Hawlucha\n|cant|p2a: Kingambit|flinch\n|move|p1b: Hatterene|Trick Room|p1b: Hatterene\n|-fieldstart|move: Trick Room|[of] p1b: Hatterene\n|\n|-heal|p2a: Kingambit|100/100|[from] item: Leftovers\n|upkeep\n|turn|2\n|\n|t:|1775950475\n|move|p1b: Hatterene|Dazzling Gleam|p2a: Kingambit|[spread] p2a,p2b\n|-supereffective|p2b: Hawlucha|1\n|-damage|p2a: Kingambit|60/100\n|-damage|p2b: Hawlucha|0 fnt\n|faint|p2b: Hawlucha\n|move|p2a: Kingambit|Guillotine|p1a: Incineroar\n|-damage|p1a: Incineroar|0 fnt\n|faint|p1a: Incineroar\n|-ohko\n|\n|-heal|p2a: Kingambit|66/100|[from] item: Leftovers\n|upkeep\n|\n|t:|1775950483\n|switch|p1a: Torkoal|Torkoal, L50, F|100/100\n|switch|p2b: Incineroar|Incineroar, L50, F|100/100\n|-weather|SunnyDay|[from] ability: Drought|[of] p1a: Torkoal\n|-ability|p2b: Incineroar|Intimidate|boost\n|-unboost|p1a: Torkoal|atk|1\n|-unboost|p1b: Hatterene|atk|1\n|turn|3\n|\n|t:|1775950503\n|move|p1a: Torkoal|Protect|p1a: Torkoal\n|-singleturn|p1a: Torkoal|Protect\n|move|p2b: Incineroar|Fake Out|p1a: Torkoal\n|-activate|p1a: Torkoal|move: Protect\n|move|p1b: Hatterene|Dazzling Gleam|p2a: Kingambit|[spread] p2a,p2b\n|-damage|p2a: Kingambit|25/100\n|-damage|p2b: Incineroar|66/100\n|move|p2a: Kingambit|Guillotine|p1b: Hatterene\n|-damage|p1b: Hatterene|0 fnt\n|faint|p1b: Hatterene\n|-ohko\n|\n|-weather|SunnyDay|[upkeep]\n|-heal|p2a: Kingambit|31/100|[from] item: Leftovers\n|upkeep\n|\n|t:|1775950511\n|switch|p1b: Charizard|Charizard, L50, M|100/100\n|turn|4\n|\n|t:|1775950521\n|move|p1b: Charizard|Protect|p1b: Charizard\n|-singleturn|p1b: Charizard|Protect\n|move|p2a: Kingambit|Sucker Punch|p1a: Torkoal\n|-damage|p1a: Torkoal|52/100\n|move|p1a: Torkoal|Eruption|p2b: Incineroar|[spread] p2a,p2b\n|-supereffective|p2a: Kingambit|1\n|-resisted|p2b: Incineroar|1\n|-damage|p2a: Kingambit|0 fnt\n|-damage|p2b: Incineroar|47/100\n|-enditem|p2b: Incineroar|Sitrus Berry|[eat]\n|-heal|p2b: Incineroar|72/100|[from] item: Sitrus Berry\n|faint|p2a: Kingambit\n|move|p2b: Incineroar|Flare Blitz|p1b: Charizard\n|-activate|p1b: Charizard|move: Protect\n|\n|-weather|SunnyDay|[upkeep]\n|-damage|p1b: Charizard|88/100|[from] ability: Solar Power|[of] p1b: Charizard\n|upkeep\n|\n|t:|1775950528\n|switch|p2a: Sinistcha|Sinistcha, L50|100/100\n|-heal|p2b: Incineroar|97/100|[from] ability: Hospitality|[of] p2a: Sinistcha\n|turn|5\n|\n|t:|1775950549\n|detailschange|p1b: Charizard|Charizard-Mega-Y, L50, M\n|-mega|p1b: Charizard|Charizard|Charizardite Y\n|move|p1a: Torkoal|Eruption|p2a: Sinistcha|[spread] p2a,p2b\n|-supereffective|p2a: Sinistcha|1\n|-enditem|p2a: Sinistcha|Occa Berry|[eat]\n|-enditem|p2a: Sinistcha|Occa Berry|[weaken]\n|-resisted|p2b: Incineroar|1\n|-damage|p2a: Sinistcha|44/100\n|-damage|p2b: Incineroar|78/100\n|move|p2b: Incineroar|Flare Blitz|p1b: Charizard\n|-resisted|p1b: Charizard|1\n|-damage|p1b: Charizard|28/100\n|-damage|p2b: Incineroar|63/100|[from] Recoil\n|move|p2a: Sinistcha|Matcha Gotcha|p1b: Charizard|[spread] p1a,p1b\n|-resisted|p1a: Torkoal|1\n|-resisted|p1b: Charizard|2\n|-damage|p1a: Torkoal|36/100\n|-heal|p2a: Sinistcha|53/100|[from] drain|[of] p1a: Torkoal\n|-damage|p1b: Charizard|22/100\n|-heal|p2a: Sinistcha|56/100|[from] drain|[of] p1b: Charizard\n|move|p1b: Charizard|Heat Wave|p2b: Incineroar|[spread] p2a,p2b\n|-supereffective|p2a: Sinistcha|1\n|-resisted|p2b: Incineroar|1\n|-damage|p2a: Sinistcha|0 fnt\n|-damage|p2b: Incineroar|37/100\n|faint|p2a: Sinistcha\n|\n|-weather|SunnyDay|[upkeep]\n|-fieldend|move: Trick Room\n|upkeep\n|turn|6\n|-message|JohnBuck2 forfeited.\n|\n|win|Ombix\n|raw|Ombix's rating: 1000 &rarr; <strong>1040</strong><br />(+40 for winning)\n|raw|JohnBuck2's rating: 1000 &rarr; <strong>1000</strong><br />(+0 for losing)\n",
  "uploadtime": 1775950562,
  "views": 9,
  "formatid": "gen9championsvgc2026regma",
  "rating": 1000,
  "private": 0,
  "password": null
}