{
  "id": "gen9championsvgc2026regma-2586147460",
  "format": "[Gen 9 Champions] VGC 2026 Reg M-A",
  "players": [
    "potentvapors",
    "duragon312"
  ],
  "log": "|j|\u2606potentvapors\n|j|\u2606duragon312\n|t:|1776404980\n|gametype|doubles\n|player|p1|potentvapors|flannery|1096\n|player|p2|duragon312|102|1044\n|gen|9\n|tier|[Gen 9 Champions] VGC 2026 Reg M-A\n|rated|\n|rule|Species Clause: Limit one of each Pok\u00e9mon\n|rule|Item Clause: Limit 1 of each item\n|clearpoke\n|poke|p1|Manectric, L50, M|\n|poke|p1|Jolteon, L50, M|\n|poke|p1|Slowking-Galar, L50, F|\n|poke|p1|Umbreon, L50, M|\n|poke|p1|Typhlosion, L50, M|\n|poke|p1|Raichu, L50, M|\n|poke|p2|Aerodactyl, L50, M|\n|poke|p2|Charizard, L50, F|\n|poke|p2|Venusaur, L50, M|\n|poke|p2|Clefable, L50, F|\n|poke|p2|Dragonite, L50, M|\n|poke|p2|Gyarados, L50, F|\n|teampreview|4\n|inactive|Battle timer is ON: inactive players will automatically lose when time's up. (requested by potentvapors)\n|inactive|duragon312 has 60 seconds left.\n|\n|t:|1776405035\n|teamsize|p1|4\n|teamsize|p2|4\n|start\n|switch|p1a: Manectric|Manectric, L50, M, shiny|100/100\n|switch|p1b: Raichu|Raichu, L50, M|100/100\n|switch|p2a: Aerodactyl|Aerodactyl, L50, M|100/100\n|switch|p2b: Dragonite|Dragonite, L50, M|100/100\n|-ability|p2a: Aerodactyl|Unnerve\n|turn|1\n|\n|t:|1776405059\n|detailschange|p1a: Manectric|Manectric-Mega, L50, M, shiny\n|-mega|p1a: Manectric|Manectric|Manectite\n|-ability|p1a: Manectric|Intimidate|boost\n|-unboost|p2a: Aerodactyl|atk|1\n|-fail|p2b: Dragonite|unboost|Attack|[from] ability: Inner Focus|[of] p2b: Dragonite\n|move|p2a: Aerodactyl|Protect|p2a: Aerodactyl\n|-singleturn|p2a: Aerodactyl|Protect\n|move|p1a: Manectric|Discharge|p2b: Dragonite|[spread] p2b\n|-activate|p2a: Aerodactyl|move: Protect\n|-ability|p1b: Raichu|Lightning Rod|boost\n|-boost|p1b: Raichu|spa|1\n|-crit|p2b: Dragonite\n|-damage|p2b: Dragonite|47/100\n|move|p1b: Raichu|Thunderbolt|p2b: Dragonite\n|-damage|p2b: Dragonite|0 fnt\n|faint|p2b: Dragonite\n|\n|upkeep\n|\n|t:|1776405081\n|switch|p2b: Venusaur|Venusaur, L50, M|100/100\n|turn|2\n|\n|t:|1776405100\n|move|p2b: Venusaur|Protect|p2b: Venusaur\n|-singleturn|p2b: Venusaur|Protect\n|move|p2a: Aerodactyl|Tailwind|p2a: Aerodactyl\n|-sidestart|p2: duragon312|move: Tailwind\n|move|p1a: Manectric|Discharge|p2a: Aerodactyl|[spread] p2a\n|-activate|p2b: Venusaur|move: Protect\n|-ability|p1b: Raichu|Lightning Rod|boost\n|-boost|p1b: Raichu|spa|1\n|-supereffective|p2a: Aerodactyl|1\n|-damage|p2a: Aerodactyl|4/100\n|move|p1b: Raichu|Thunderbolt|p2a: Aerodactyl\n|-supereffective|p2a: Aerodactyl|1\n|-damage|p2a: Aerodactyl|0 fnt\n|faint|p2a: Aerodactyl\n|\n|upkeep\n|\n|t:|1776405115\n|switch|p2a: Charizard|Charizard, L50, F|100/100\n|turn|3\n|\n|t:|1776405139\n|detailschange|p2a: Charizard|Charizard-Mega-Y, L50, F\n|-mega|p2a: Charizard|Charizard|Charizardite Y\n|-weather|SunnyDay|[from] ability: Drought|[of] p2a: Charizard\n|move|p2b: Venusaur|Sludge Bomb|p1b: Raichu\n|-damage|p1b: Raichu|22/100\n|move|p2a: Charizard|Heat Wave|p1a: Manectric|[spread] p1a,p1b\n|-damage|p1a: Manectric|0 fnt\n|-damage|p1b: Raichu|0 fnt\n|faint|p1a: Manectric\n|faint|p1b: Raichu\n|\n|-weather|SunnyDay|[upkeep]\n|upkeep\n|\n|t:|1776405158\n|switch|p1a: Typhlosion|Typhlosion, L50, M, shiny|100/100\n|switch|p1b: Slowking|Slowking-Galar, L50, F|100/100\n|turn|4\n|\n|t:|1776405165\n|move|p2b: Venusaur|Acid Spray|p1a: Typhlosion\n|-damage|p1a: Typhlosion|70/100\n|-unboost|p1a: Typhlosion|spd|2\n|move|p2a: Charizard|Heat Wave|p1a: Typhlosion|[spread] p1b\n|-start|p1a: Typhlosion|ability: Flash Fire\n|-damage|p1b: Slowking|63/100\n|move|p1a: Typhlosion|Eruption|p2b: Venusaur|[spread] p2a,p2b\n|-resisted|p2a: Charizard|1\n|-supereffective|p2b: Venusaur|1\n|-damage|p2a: Charizard|54/100\n|-damage|p2b: Venusaur|0 fnt\n|faint|p2b: Venusaur\n|move|p1b: Slowking|Yawn|p2a: Charizard\n|-start|p2a: Charizard|move: Yawn|[of] p1b: Slowking\n|\n|-weather|SunnyDay|[upkeep]\n|-heal|p1b: Slowking|69/100|[from] item: Leftovers\n|upkeep\n|turn|5\n|\n|t:|1776405188\n|move|p2a: Charizard|Air Slash|p1a: Typhlosion\n|-damage|p1a: Typhlosion|0 fnt\n|faint|p1a: Typhlosion\n|move|p1b: Slowking|Power Gem|p2a: Charizard\n|-supereffective|p2a: Charizard|2\n|-damage|p2a: Charizard|0 fnt\n|faint|p2a: Charizard\n|\n|win|potentvapors\n|raw|potentvapors's rating: 1096 &rarr; <strong>1118</strong><br />(+22 for winning)\n|raw|duragon312's rating: 1044 &rarr; <strong>1030</strong><br />(-14 for losing)\n",
  "uploadtime": 1776405196,
  "views": 22,
  "formatid": "gen9championsvgc2026regma",
  "rating": 1030,
  "private": 0,
  "password": null
}