{
  "id": "gen9championsvgc2026regma-2585370545",
  "format": "[Gen 9 Champions] VGC 2026 Reg M-A",
  "players": [
    "lauj06",
    "argentinosocialist"
  ],
  "log": "|j|\u2606lauj06\n|j|\u2606argentinosocialist\n|t:|1776342117\n|gametype|doubles\n|player|p1|lauj06|dawn|1211\n|player|p2|argentinosocialist|170|1181\n|gen|9\n|tier|[Gen 9 Champions] VGC 2026 Reg M-A\n|rated|\n|rule|Species Clause: Limit one of each Pok\u00e9mon\n|rule|Item Clause: Limit 1 of each item\n|clearpoke\n|poke|p1|Meganium, L50, F|\n|poke|p1|Hatterene, L50, F|\n|poke|p1|Arcanine, L50, M|\n|poke|p1|Sableye, L50, F|\n|poke|p1|Archaludon, L50, F|\n|poke|p1|Pelipper, L50, M|\n|poke|p2|Sylveon, L50, M|\n|poke|p2|Farigiraf, L50, F|\n|poke|p2|Aegislash, L50, F|\n|poke|p2|Palafin, L50, M|\n|poke|p2|Politoed, L50, F|\n|poke|p2|Dragonite, L50, F|\n|teampreview|4\n|\n|t:|1776342155\n|teamsize|p1|4\n|teamsize|p2|4\n|start\n|switch|p1a: Archaludon|Archaludon, L50, F|100/100\n|switch|p1b: Pelipper|Pelipper, L50, M|100/100\n|switch|p2a: Palafin|Palafin, L50, M|100/100\n|switch|p2b: Aegislash|Aegislash, L50, F|100/100\n|-weather|RainDance|[from] ability: Drizzle|[of] p1b: Pelipper\n|turn|1\n|\n|t:|1776342181\n|move|p2a: Palafin|Protect|p2a: Palafin\n|-singleturn|p2a: Palafin|Protect\n|move|p1a: Archaludon|Protect|p1a: Archaludon\n|-singleturn|p1a: Archaludon|Protect\n|-formechange|p2b: Aegislash|Aegislash-Blade|\n|move|p2b: Aegislash|Poltergeist|p1a: Archaludon\n|-activate|p1a: Archaludon|move: Protect\n|move|p1b: Pelipper|Tailwind|p1b: Pelipper\n|-sidestart|p1: lauj06|move: Tailwind\n|\n|-weather|RainDance|[upkeep]\n|upkeep\n|turn|2\n|\n|t:|1776342200\n|detailschange|p2a: Palafin|Palafin-Hero, L50, M\n|switch|p2a: Dragonite|Dragonite, L50, F|100/100\n|-formechange|p2b: Aegislash|Aegislash|\n|move|p2b: Aegislash|King's Shield|p2b: Aegislash\n|-singleturn|p2b: Aegislash|Protect\n|move|p1a: Archaludon|Electro Shot||[still]\n|-prepare|p1a: Archaludon|Electro Shot\n|-boost|p1a: Archaludon|spa|1\n|-anim|p1a: Archaludon|Electro Shot|p2a: Dragonite\n|-damage|p2a: Dragonite|70/100\n|move|p1b: Pelipper|Weather Ball|p2b: Aegislash\n|-activate|p2b: Aegislash|move: Protect\n|\n|-weather|RainDance|[upkeep]\n|upkeep\n|turn|3\n|\n|t:|1776342222\n|switch|p2a: Sylveon|Sylveon, L50, M|100/100\n|move|p1a: Archaludon|Electro Shot||[still]\n|-prepare|p1a: Archaludon|Electro Shot\n|-boost|p1a: Archaludon|spa|1\n|-anim|p1a: Archaludon|Electro Shot|p2a: Sylveon\n|-damage|p2a: Sylveon|34/100\n|move|p1b: Pelipper|Weather Ball|p2b: Aegislash\n|-damage|p2b: Aegislash|54/100\n|-formechange|p2b: Aegislash|Aegislash-Blade|\n|move|p2b: Aegislash|Poltergeist|p1b: Pelipper\n|-activate|p1b: Pelipper|move: Poltergeist|Sitrus Berry\n|-damage|p1b: Pelipper|36/100\n|-enditem|p1b: Pelipper|Sitrus Berry|[eat]\n|-heal|p1b: Pelipper|60/100|[from] item: Sitrus Berry\n|\n|-weather|RainDance|[upkeep]\n|upkeep\n|turn|4\n|\n|t:|1776342261\n|switch|p2b: Palafin|Palafin-Hero, L50, M|100/100\n|-activate|p2b: Palafin|ability: Zero to Hero\n|move|p2a: Sylveon|Protect|p2a: Sylveon\n|-singleturn|p2a: Sylveon|Protect\n|move|p1a: Archaludon|Electro Shot||[still]\n|-prepare|p1a: Archaludon|Electro Shot\n|-boost|p1a: Archaludon|spa|1\n|-anim|p1a: Archaludon|Electro Shot|p2a: Sylveon\n|-activate|p2a: Sylveon|move: Protect\n|move|p1b: Pelipper|Weather Ball|p2b: Palafin\n|-resisted|p2b: Palafin|1\n|-damage|p2b: Palafin|75/100\n|\n|-weather|RainDance|[upkeep]\n|-sideend|p1: lauj06|move: Tailwind\n|upkeep\n|turn|5\n|\n|t:|1776342281\n|move|p1a: Archaludon|Protect|p1a: Archaludon\n|-singleturn|p1a: Archaludon|Protect\n|move|p2a: Sylveon|Quick Attack|p1b: Pelipper\n|-damage|p1b: Pelipper|48/100\n|move|p2b: Palafin|Wave Crash|p1b: Pelipper\n|-resisted|p1b: Pelipper|1\n|-damage|p1b: Pelipper|0 fnt\n|faint|p1b: Pelipper\n|-damage|p2b: Palafin|62/100|[from] Recoil\n|\n|-weather|none\n|upkeep\n|\n|t:|1776342290\n|switch|p1b: Sableye|Sableye, L50, F|100/100\n|turn|6\n|\n|t:|1776342299\n|move|p1b: Sableye|Will-O-Wisp|p2b: Palafin\n|-status|p2b: Palafin|brn\n|move|p2b: Palafin|Close Combat|p1a: Archaludon\n|-supereffective|p1a: Archaludon|1\n|-damage|p1a: Archaludon|63/100\n|-unboost|p2b: Palafin|def|1\n|-unboost|p2b: Palafin|spd|1\n|-ability|p1a: Archaludon|Stamina|boost\n|-boost|p1a: Archaludon|def|1\n|move|p1a: Archaludon|Flash Cannon|p2a: Sylveon\n|-supereffective|p2a: Sylveon|1\n|-damage|p2a: Sylveon|0 fnt\n|faint|p2a: Sylveon\n|\n|-heal|p1a: Archaludon|69/100|[from] item: Leftovers\n|-damage|p2b: Palafin|56/100 brn|[from] brn\n|upkeep\n|\n|t:|1776342314\n|switch|p2a: Dragonite|Dragonite, L50, F|70/100\n|turn|7\n|\n|t:|1776342334\n|detailschange|p2a: Dragonite|Dragonite-Mega, L50, F\n|-mega|p2a: Dragonite|Dragonite|Dragoninite\n|move|p2a: Dragonite|Protect|p2a: Dragonite\n|-singleturn|p2a: Dragonite|Protect\n|move|p1b: Sableye|Rain Dance|p1b: Sableye\n|-weather|RainDance\n|move|p2b: Palafin|Wave Crash|p1b: Sableye\n|-crit|p1b: Sableye\n|-damage|p1b: Sableye|0 fnt\n|faint|p1b: Sableye\n|-damage|p2b: Palafin|30/100 brn|[from] Recoil\n|move|p1a: Archaludon|Electro Shot||[still]\n|-prepare|p1a: Archaludon|Electro Shot\n|-boost|p1a: Archaludon|spa|1\n|-anim|p1a: Archaludon|Electro Shot|p2b: Palafin\n|-supereffective|p2b: Palafin|1\n|-damage|p2b: Palafin|0 fnt\n|faint|p2b: Palafin\n|\n|-weather|RainDance|[upkeep]\n|-heal|p1a: Archaludon|75/100|[from] item: Leftovers\n|upkeep\n|\n|t:|1776342351\n|switch|p2b: Aegislash|Aegislash, L50, F|54/100\n|switch|p1b: Zoltraak|Meganium, L50, F|100/100\n|turn|8\n|\n|t:|1776342380\n|detailschange|p1b: Zoltraak|Meganium-Mega, L50, F\n|-mega|p1b: Zoltraak|Meganium|Meganiumite\n|move|p2a: Dragonite|Draco Meteor|p1a: Archaludon\n|-damage|p1a: Archaludon|0 fnt\n|-unboost|p2a: Dragonite|spa|2\n|faint|p1a: Archaludon\n|-formechange|p2b: Aegislash|Aegislash-Blade|\n|move|p2b: Aegislash|Poltergeist|p1b: Zoltraak\n|-activate|p1b: Zoltraak|move: Poltergeist|Meganiumite\n|-damage|p1b: Zoltraak|53/100\n|move|p1b: Zoltraak|Weather Ball|p2b: Aegislash\n|-supereffective|p2b: Aegislash|1\n|-damage|p2b: Aegislash|0 fnt\n|faint|p2b: Aegislash\n|\n|-weather|RainDance|[upkeep]\n|upkeep\n|turn|9\n|\n|t:|1776342398\n|move|p2a: Dragonite|Hurricane|p1b: Zoltraak\n|-supereffective|p1b: Zoltraak|1\n|-damage|p1b: Zoltraak|0 fnt\n|faint|p1b: Zoltraak\n|\n|win|argentinosocialist\n|raw|lauj06's rating: 1211 &rarr; <strong>1184</strong><br />(-27 for losing)\n|raw|argentinosocialist's rating: 1181 &rarr; <strong>1208</strong><br />(+27 for winning)\n|l|\u2606lauj06\n|player|p1|\n",
  "uploadtime": 1776342405,
  "views": 31,
  "formatid": "gen9championsvgc2026regma",
  "rating": 1184,
  "private": 0,
  "password": null
}