{
  "id": "gen9championsvgc2026regma-2581553754",
  "format": "[Gen 9 Champions] VGC 2026 Reg M-A",
  "players": [
    "yuriimon",
    "Risadinha123"
  ],
  "log": "|j|\u2606yuriimon\n|j|\u2606Risadinha123\n|t:|1776010489\n|gametype|doubles\n|player|p1|yuriimon|waitress-gen4|1028\n|player|p2|Risadinha123|ghetsis|1047\n|gen|9\n|tier|[Gen 9 Champions] VGC 2026 Reg M-A\n|rated|\n|rule|Species Clause: Limit one of each Pok\u00e9mon\n|rule|Item Clause: Limit 1 of each item\n|clearpoke\n|poke|p1|Feraligatr, L50, M|\n|poke|p1|Chesnaught, L50, F|\n|poke|p1|Raichu, L50, F|\n|poke|p1|Arcanine-Hisui, L50, M|\n|poke|p1|Whimsicott, L50, M|\n|poke|p1|Farigiraf, L50, F|\n|poke|p2|Lopunny, L50, F|\n|poke|p2|Corviknight, L50, M|\n|poke|p2|Sneasler, L50, M|\n|poke|p2|Sinistcha-Masterpiece, L50|\n|poke|p2|Incineroar, L50, M|\n|poke|p2|Golurk, L50|\n|teampreview|4\n|inactive|Battle timer is ON: inactive players will automatically lose when time's up. (requested by yuriimon)\n|inactive|yuriimon has 60 seconds left.\n|\n|t:|1776010538\n|teamsize|p1|4\n|teamsize|p2|4\n|start\n|switch|p1a: Farigiraf|Farigiraf, L50, F|100/100\n|switch|p1b: Whimsicott|Whimsicott, L50, M|100/100\n|switch|p2a: Itachi|Corviknight, L50, M|100/100\n|switch|p2b: Incineroar|Incineroar, L50, M|100/100\n|-ability|p2a: Itachi|Unnerve\n|-ability|p2b: Incineroar|Intimidate|boost\n|-unboost|p1a: Farigiraf|atk|1\n|-unboost|p1b: Whimsicott|atk|1\n|turn|1\n|\n|t:|1776010562\n|move|p1b: Whimsicott|Taunt|p2a: Itachi\n|-start|p2a: Itachi|move: Taunt\n|move|p2a: Itachi|Iron Head|p1b: Whimsicott\n|-supereffective|p1b: Whimsicott|1\n|-damage|p1b: Whimsicott|29/100\n|move|p2b: Incineroar|Parting Shot|p1a: Farigiraf\n|-unboost|p1a: Farigiraf|atk|1\n|-unboost|p1a: Farigiraf|spa|1\n|\n|t:|1776010571\n|switch|p2b: Vega|Sneasler, L50, M|100/100|[from] Parting Shot\n|move|p1a: Farigiraf|Trick Room|p1a: Farigiraf\n|-fieldstart|move: Trick Room|[of] p1a: Farigiraf\n|\n|upkeep\n|turn|2\n|\n|t:|1776010593\n|switch|p2b: Incineroar|Incineroar, L50, M|100/100\n|-ability|p2b: Incineroar|Intimidate|boost\n|-unboost|p1a: Farigiraf|atk|1\n|-unboost|p1b: Whimsicott|atk|1\n|move|p1b: Whimsicott|Protect|p1b: Whimsicott\n|-singleturn|p1b: Whimsicott|Protect\n|move|p1a: Farigiraf|Psychic|p2b: Incineroar\n|-immune|p2b: Incineroar\n|move|p2a: Itachi|Iron Head|p1b: Whimsicott\n|-activate|p1b: Whimsicott|move: Protect\n|\n|upkeep\n|turn|3\n|\n|t:|1776010608\n|move|p1a: Farigiraf|Ally Switch|p1a: Farigiraf\n|swap|p1a: Farigiraf|1|[from] move: Ally Switch\n|move|p2b: Incineroar|Flare Blitz|p1a: Whimsicott\n|-supereffective|p1a: Whimsicott|1\n|-damage|p1a: Whimsicott|0 fnt\n|faint|p1a: Whimsicott\n|-damage|p2b: Incineroar|94/100|[from] Recoil\n|move|p2a: Itachi|Iron Head|p1b: Farigiraf\n|-damage|p1b: Farigiraf|76/100\n|\n|-end|p2a: Itachi|move: Taunt\n|upkeep\n|\n|t:|1776010620\n|switch|p1a: Arcanine|Arcanine-Hisui, L50, M|100/100\n|turn|4\n|\n|t:|1776010632\n|move|p1b: Farigiraf|Protect|p1b: Farigiraf\n|-singleturn|p1b: Farigiraf|Protect\n|move|p2a: Itachi|Protect|p2a: Itachi\n|-singleturn|p2a: Itachi|Protect\n|move|p2b: Incineroar|Parting Shot|p1a: Arcanine\n|-unboost|p1a: Arcanine|atk|1\n|-unboost|p1a: Arcanine|spa|1\n|\n|t:|1776010640\n|switch|p2b: Vega|Sneasler, L50, M|100/100|[from] Parting Shot\n|move|p1a: Arcanine|Head Smash|p2b: Vega\n|-resisted|p2b: Vega|1\n|-damage|p2b: Vega|49/100\n|\n|upkeep\n|turn|5\n|\n|t:|1776010654\n|move|p2b: Vega|Protect|p2b: Vega\n|-singleturn|p2b: Vega|Protect\n|move|p1b: Farigiraf|Psychic|p2b: Vega\n|-activate|p2b: Vega|move: Protect\n|move|p2a: Itachi|Iron Defense|p2a: Itachi\n|-boost|p2a: Itachi|def|2\n|move|p1a: Arcanine|Flare Blitz|p2a: Itachi\n|-supereffective|p2a: Itachi|1\n|-crit|p2a: Itachi\n|-damage|p2a: Itachi|0 fnt\n|faint|p2a: Itachi\n|\n|-fieldend|move: Trick Room\n|upkeep\n|\n|t:|1776010672\n|switch|p2a: Incineroar|Incineroar, L50, M|94/100\n|-ability|p2a: Incineroar|Intimidate|boost\n|-unboost|p1a: Arcanine|atk|1\n|-unboost|p1b: Farigiraf|atk|1\n|turn|6\n|\n|t:|1776010683\n|switch|p1a: Chesnaught|Chesnaught, L50, F|100/100\n|move|p2a: Incineroar|Protect|p2a: Incineroar\n|-singleturn|p2a: Incineroar|Protect\n|move|p1b: Farigiraf|Protect|p1b: Farigiraf\n|-singleturn|p1b: Farigiraf|Protect\n|move|p2b: Vega|Dire Claw|p1b: Farigiraf\n|-activate|p1b: Farigiraf|move: Protect\n|\n|upkeep\n|turn|7\n|\n|t:|1776010699\n|detailschange|p1a: Chesnaught|Chesnaught-Mega, L50, F\n|-mega|p1a: Chesnaught|Chesnaught|Chesnaughtite\n|move|p1a: Chesnaught|Spiky Shield|p1a: Chesnaught\n|-singleturn|p1a: Chesnaught|move: Protect\n|move|p2b: Vega|Dire Claw|p1b: Farigiraf\n|-damage|p1b: Farigiraf|32/100\n|-enditem|p1b: Farigiraf|Sitrus Berry|[eat]\n|-heal|p1b: Farigiraf|57/100|[from] item: Sitrus Berry\n|move|p2a: Incineroar|Parting Shot|p1a: Chesnaught\n|-activate|p1a: Chesnaught|move: Protect\n|move|p1b: Farigiraf|Trick Room|p1b: Farigiraf\n|-fieldstart|move: Trick Room|[of] p1b: Farigiraf\n|\n|upkeep\n|turn|8\n|\n|t:|1776010721\n|move|p1a: Chesnaught|Iron Defense|p1a: Chesnaught\n|-boost|p1a: Chesnaught|def|2\n|move|p1b: Farigiraf|Psychic|p2b: Vega\n|-supereffective|p2b: Vega|2\n|-damage|p2b: Vega|0 fnt\n|faint|p2b: Vega\n|move|p2a: Incineroar|Parting Shot|p1a: Chesnaught\n|-unboost|p1a: Chesnaught|atk|1\n|-unboost|p1a: Chesnaught|spa|1\n|\n|t:|1776010729\n|switch|p2a: Golurk|Golurk, L50, shiny|100/100|[from] Parting Shot\n|\n|upkeep\n|\n|t:|1776010732\n|switch|p2b: Incineroar|Incineroar, L50, M|94/100\n|-ability|p2b: Incineroar|Intimidate|boost\n|-unboost|p1a: Chesnaught|atk|1\n|-unboost|p1b: Farigiraf|atk|1\n|turn|9\n|\n|t:|1776010747\n|detailschange|p2a: Golurk|Golurk-Mega, L50, shiny\n|-mega|p2a: Golurk|Golurk|Golurkite\n|move|p2a: Golurk|Protect|p2a: Golurk\n|-singleturn|p2a: Golurk|Protect\n|move|p1b: Farigiraf|Ally Switch|p1b: Farigiraf\n|swap|p1b: Farigiraf|0|[from] move: Ally Switch\n|move|p1b: Chesnaught|Body Press|p2b: Incineroar\n|-supereffective|p2b: Incineroar|1\n|-crit|p2b: Incineroar\n|-damage|p2b: Incineroar|0 fnt\n|faint|p2b: Incineroar\n|\n|upkeep\n|turn|10\n|-message|Risadinha123 forfeited.\n|\n|win|yuriimon\n|raw|yuriimon's rating: 1028 &rarr; <strong>1066</strong><br />(+38 for winning)\n|raw|Risadinha123's rating: 1047 &rarr; <strong>1029</strong><br />(-18 for losing)\n|l|\u2606Risadinha123\n|player|p2|\n",
  "uploadtime": 1776010761,
  "views": 16,
  "formatid": "gen9championsvgc2026regma",
  "rating": 1029,
  "private": 0,
  "password": null
}