{
  "id": "gen9championsvgc2026regma-2586876158",
  "format": "[Gen 9 Champions] VGC 2026 Reg M-A",
  "players": [
    "NMIXXLETSGOOO",
    "gortexjacket"
  ],
  "log": "|j|\u2606NMIXXLETSGOOO\n|j|\u2606gortexjacket\n|t:|1776467599\n|gametype|doubles\n|player|p1|NMIXXLETSGOOO|1|1000\n|player|p2|gortexjacket|policeman-gen4|1000\n|gen|9\n|tier|[Gen 9 Champions] VGC 2026 Reg M-A\n|rated|\n|rule|Species Clause: Limit one of each Pok\u00e9mon\n|rule|Item Clause: Limit 1 of each item\n|clearpoke\n|poke|p1|Drampa, L50, F|\n|poke|p1|Pelipper, L50, M|\n|poke|p1|Alakazam, L50, M|\n|poke|p1|Basculegion, L50, M|\n|poke|p1|Scizor, L50, F|\n|poke|p1|Sinistcha-Masterpiece, L50|\n|poke|p2|Milotic, L50, F|\n|poke|p2|Incineroar, L50, F|\n|poke|p2|Banette, L50, M|\n|poke|p2|Jolteon, L50, M|\n|poke|p2|Sneasler, L50, F|\n|poke|p2|Hydreigon, L50, M|\n|teampreview|4\n|\n|t:|1776467647\n|teamsize|p1|4\n|teamsize|p2|4\n|start\n|switch|p1a: Haewon|Drampa, L50, F, shiny|100/100\n|switch|p1b: Kyujin|Alakazam, L50, M, shiny|100/100\n|switch|p2a: Jolteon|Jolteon, L50, M|100/100\n|switch|p2b: Hydreigon|Hydreigon, L50, M|100/100\n|-ability|p1a: Haewon|Cloud Nine\n|turn|1\n|\n|t:|1776467674\n|detailschange|p1a: Haewon|Drampa-Mega, L50, F, shiny\n|-mega|p1a: Haewon|Drampa|Drampanite\n|move|p1a: Haewon|Protect|p1a: Haewon\n|-singleturn|p1a: Haewon|Protect\n|move|p2b: Hydreigon|Dark Pulse|p1b: Kyujin\n|-supereffective|p1b: Kyujin|1\n|-damage|p1b: Kyujin|0 fnt\n|faint|p1b: Kyujin\n|move|p2a: Jolteon|Electroweb|p1a: Haewon\n|-activate|p1a: Haewon|move: Protect\n|\n|upkeep\n|\n|t:|1776467691\n|switch|p1b: Bae|Scizor, L50, F, shiny|100/100\n|turn|2\n|\n|t:|1776467712\n|switch|p2b: Milotic|Milotic, L50, F|100/100\n|move|p2a: Jolteon|Electroweb|p1b: Bae|[spread] p1a,p1b\n|-resisted|p1a: Haewon|1\n|-damage|p1a: Haewon|93/100\n|-damage|p1b: Bae|74/100\n|-unboost|p1a: Haewon|spe|1\n|-unboost|p1b: Bae|spe|1\n|move|p1b: Bae|U-turn|p2b: Milotic\n|-damage|p2b: Milotic|62/100\n|\n|t:|1776467723\n|switch|p1b: Jiwoo|Sinistcha-Masterpiece, L50, shiny|100/100|[from] U-turn\n|-heal|p1a: Haewon|100/100|[from] ability: Hospitality|[of] p1b: Jiwoo\n|move|p1a: Haewon|Earth Power|p2a: Jolteon\n|-supereffective|p2a: Jolteon|1\n|-enditem|p2a: Jolteon|Focus Sash\n|-damage|p2a: Jolteon|1/100\n|\n|-heal|p2b: Milotic|68/100|[from] item: Leftovers\n|upkeep\n|turn|3\n|\n|t:|1776467761\n|move|p2a: Jolteon|Light Screen|p2a: Jolteon\n|-sidestart|p2: gortexjacket|move: Light Screen\n|move|p1b: Jiwoo|Matcha Gotcha|p2a: Jolteon|[spread] p2a,p2b\n|-supereffective|p2b: Milotic|1\n|-damage|p2a: Jolteon|0 fnt\n|-damage|p2b: Milotic|46/100\n|faint|p2a: Jolteon\n|move|p2b: Milotic|Icy Wind|p1b: Jiwoo|[spread] p1a,p1b\n|-supereffective|p1a: Haewon|1\n|-supereffective|p1b: Jiwoo|1\n|-damage|p1a: Haewon|77/100\n|-damage|p1b: Jiwoo|70/100\n|-unboost|p1a: Haewon|spe|1\n|-unboost|p1b: Jiwoo|spe|1\n|move|p1a: Haewon|Calm Mind|p1a: Haewon\n|-boost|p1a: Haewon|spa|1\n|-boost|p1a: Haewon|spd|1\n|\n|-heal|p2b: Milotic|52/100|[from] item: Leftovers\n|upkeep\n|\n|t:|1776467783\n|switch|p2a: Banette|Banette, L50, M|100/100\n|-item|p1a: Haewon|Drampanite|[from] ability: Frisk|[of] p2a: Banette\n|-item|p1b: Jiwoo|Focus Sash|[from] ability: Frisk|[of] p2a: Banette\n|turn|4\n|\n|t:|1776467826\n|detailschange|p2a: Banette|Banette-Mega, L50, M\n|-mega|p2a: Banette|Banette|Banettite\n|move|p2b: Milotic|Protect|p2b: Milotic\n|-singleturn|p2b: Milotic|Protect\n|move|p1a: Haewon|Protect|p1a: Haewon\n|-singleturn|p1a: Haewon|Protect\n|move|p2a: Banette|Poltergeist|p1b: Jiwoo\n|-activate|p1b: Jiwoo|move: Poltergeist|Focus Sash\n|-supereffective|p1b: Jiwoo|1\n|-damage|p1b: Jiwoo|0 fnt\n|faint|p1b: Jiwoo\n|\n|-heal|p2b: Milotic|58/100|[from] item: Leftovers\n|upkeep\n|\n|t:|1776467843\n|switch|p1b: Bae|Scizor, L50, F, shiny|74/100\n|turn|5\n|\n|t:|1776467871\n|move|p2a: Banette|Will-O-Wisp|p1b: Bae\n|-status|p1b: Bae|brn\n|move|p1b: Bae|Swords Dance|p1b: Bae\n|-boost|p1b: Bae|atk|2\n|move|p2b: Milotic|Icy Wind|p1a: Haewon|[spread] p1a,p1b\n|-supereffective|p1a: Haewon|1\n|-resisted|p1b: Bae|1\n|-damage|p1a: Haewon|62/100\n|-damage|p1b: Bae|64/100 brn\n|-unboost|p1a: Haewon|spe|1\n|-unboost|p1b: Bae|spe|1\n|move|p1a: Haewon|Earth Power|p2a: Banette\n|-crit|p2a: Banette\n|-damage|p2a: Banette|0 fnt\n|faint|p2a: Banette\n|\n|-heal|p2b: Milotic|64/100|[from] item: Leftovers\n|-damage|p1b: Bae|58/100 brn|[from] brn\n|upkeep\n|\n|t:|1776467891\n|switch|p2a: Hydreigon|Hydreigon, L50, M|100/100\n|turn|6\n|\n|t:|1776467908\n|move|p1a: Haewon|Protect|p1a: Haewon\n|-singleturn|p1a: Haewon|Protect\n|move|p2a: Hydreigon|Draco Meteor|p1a: Haewon\n|-activate|p1a: Haewon|move: Protect\n|move|p2b: Milotic|Scald|p1b: Bae\n|-damage|p1b: Bae|5/100 brn\n|move|p1b: Bae|Lunge|p2a: Hydreigon\n|-supereffective|p2a: Hydreigon|1\n|-damage|p2a: Hydreigon|8/100\n|-unboost|p2a: Hydreigon|atk|1\n|\n|-heal|p2b: Milotic|70/100|[from] item: Leftovers\n|-damage|p1b: Bae|0 fnt|[from] brn\n|faint|p1b: Bae\n|upkeep\n|turn|7\n|\n|t:|1776467933\n|move|p2a: Hydreigon|Draco Meteor|p1a: Haewon\n|-supereffective|p1a: Haewon|1\n|-damage|p1a: Haewon|0 fnt\n|-unboost|p2a: Hydreigon|spa|2\n|faint|p1a: Haewon\n|\n|win|gortexjacket\n|raw|NMIXXLETSGOOO's rating: 1000 &rarr; <strong>1000</strong><br />(+0 for losing)\n|raw|gortexjacket's rating: 1000 &rarr; <strong>1040</strong><br />(+40 for winning)\n|l|\u2606NMIXXLETSGOOO\n|player|p1|\n",
  "uploadtime": 1776467943,
  "views": 27,
  "formatid": "gen9championsvgc2026regma",
  "rating": 1000,
  "private": 0,
  "password": null
}