{
  "id": "gen9championsvgc2026regma-2583878778",
  "format": "[Gen 9 Champions] VGC 2026 Reg M-A",
  "players": [
    "Qloser",
    "Ongalabong"
  ],
  "log": "|j|\u2606Qloser\n|j|\u2606Ongalabong\n|t:|1776204869\n|gametype|doubles\n|player|p1|Qloser|norman|1262\n|player|p2|Ongalabong|benga|1318\n|gen|9\n|tier|[Gen 9 Champions] VGC 2026 Reg M-A\n|rated|\n|rule|Species Clause: Limit one of each Pok\u00e9mon\n|rule|Item Clause: Limit 1 of each item\n|clearpoke\n|poke|p1|Charizard, L50, F|\n|poke|p1|Kingambit, L50, F|\n|poke|p1|Rotom-Wash, L50|\n|poke|p1|Tyranitar, L50, M|\n|poke|p1|Sinistcha, L50|\n|poke|p1|Excadrill, L50, M|\n|poke|p2|Tyranitar, L50, F|\n|poke|p2|Crabominable, L50, M|\n|poke|p2|Sinistcha, L50|\n|poke|p2|Runerigus, L50, M|\n|poke|p2|Tinkaton, L50, F|\n|poke|p2|Rotom-Heat, L50|\n|teampreview|4\n|inactive|Battle timer is ON: inactive players will automatically lose when time's up. (requested by Qloser)\n|inactive|Ongalabong has 60 seconds left.\n|\n|t:|1776204914\n|teamsize|p1|4\n|teamsize|p2|4\n|start\n|switch|p1a: Kingambit|Kingambit, L50, F|100/100\n|switch|p1b: Sinistcha|Sinistcha, L50|100/100\n|switch|p2a: Tyranitar|Tyranitar, L50, F|100/100\n|switch|p2b: Runerigus|Runerigus, L50, M|100/100\n|-weather|Sandstorm|[from] ability: Sand Stream|[of] p2a: Tyranitar\n|turn|1\n|\n|t:|1776204926\n|detailschange|p2a: Tyranitar|Tyranitar-Mega, L50, F\n|-mega|p2a: Tyranitar|Tyranitar|Tyranitarite\n|move|p1b: Sinistcha|Matcha Gotcha|p2b: Runerigus|[spread] p2b\n|-miss|p1b: Sinistcha|p2a: Tyranitar\n|-supereffective|p2b: Runerigus|1\n|-damage|p2b: Runerigus|52/100\n|move|p2a: Tyranitar|Low Kick|p1a: Kingambit\n|-supereffective|p1a: Kingambit|2\n|-damage|p1a: Kingambit|0 fnt\n|faint|p1a: Kingambit\n|move|p2b: Runerigus|Poltergeist|p1b: Sinistcha\n|-activate|p1b: Sinistcha|move: Poltergeist|Leftovers\n|-supereffective|p1b: Sinistcha|1\n|-damage|p1b: Sinistcha|19/100\n|\n|-weather|Sandstorm|[upkeep]\n|-damage|p1b: Sinistcha|12/100|[from] Sandstorm\n|-heal|p1b: Sinistcha|19/100|[from] item: Leftovers\n|upkeep\n|\n|t:|1776204937\n|switch|p1a: Tyranitar|Tyranitar, L50, M|100/100\n|turn|2\n|\n|t:|1776204960\n|move|p1a: Tyranitar|Low Kick|p2a: Tyranitar\n|-supereffective|p2a: Tyranitar|2\n|-damage|p2a: Tyranitar|0 fnt\n|faint|p2a: Tyranitar\n|move|p1b: Sinistcha|Matcha Gotcha|p2b: Runerigus\n|-supereffective|p2b: Runerigus|1\n|-damage|p2b: Runerigus|0 fnt\n|-heal|p1b: Sinistcha|43/100|[from] drain|[of] p2b: Runerigus\n|faint|p2b: Runerigus\n|\n|-weather|Sandstorm|[upkeep]\n|-damage|p1b: Sinistcha|37/100|[from] Sandstorm\n|-heal|p1b: Sinistcha|43/100|[from] item: Leftovers\n|upkeep\n|\n|t:|1776204964\n|switch|p2a: Sinistcha|Sinistcha, L50|100/100\n|switch|p2b: Rotom|Rotom-Heat, L50|100/100\n|turn|3\n|\n|t:|1776204978\n|switch|p1a: Excadrill|Excadrill, L50, M|100/100\n|move|p2b: Rotom|Will-O-Wisp|p1a: Excadrill\n|-status|p1a: Excadrill|brn\n|move|p1b: Sinistcha|Strength Sap|p2b: Rotom\n|-unboost|p2b: Rotom|atk|1\n|-heal|p1b: Sinistcha|86/100\n|move|p2a: Sinistcha|Matcha Gotcha|p1a: Excadrill|[spread] p1a,p1b\n|-resisted|p1b: Sinistcha|1\n|-damage|p1a: Excadrill|68/100 brn\n|-damage|p1b: Sinistcha|73/100\n|\n|-weather|Sandstorm|[upkeep]\n|-damage|p2b: Rotom|95/100|[from] Sandstorm\n|-damage|p1b: Sinistcha|66/100|[from] Sandstorm\n|-damage|p2a: Sinistcha|94/100|[from] Sandstorm\n|-heal|p2b: Rotom|100/100|[from] item: Leftovers\n|-heal|p1b: Sinistcha|73/100|[from] item: Leftovers\n|-damage|p1a: Excadrill|62/100 brn|[from] brn\n|upkeep\n|turn|4\n|inactive|Ongalabong has 30 seconds left.\n|\n|t:|1776205006\n|move|p1a: Excadrill|Rock Slide|p2b: Rotom|[spread] p2a,p2b\n|-supereffective|p2b: Rotom|1\n|-damage|p2a: Sinistcha|84/100\n|-damage|p2b: Rotom|76/100\n|cant|p2b: Rotom|flinch\n|move|p1b: Sinistcha|Matcha Gotcha|p2b: Rotom|[spread] p2a,p2b\n|-resisted|p2a: Sinistcha|1\n|-resisted|p2b: Rotom|1\n|-damage|p2a: Sinistcha|73/100\n|-heal|p1b: Sinistcha|78/100|[from] drain|[of] p2a: Sinistcha\n|-damage|p2b: Rotom|62/100\n|-heal|p1b: Sinistcha|85/100|[from] drain|[of] p2b: Rotom\n|move|p2a: Sinistcha|Matcha Gotcha|p1b: Sinistcha|[spread] p1a,p1b\n|-resisted|p1b: Sinistcha|1\n|-damage|p1a: Excadrill|29/100 brn\n|-heal|p2a: Sinistcha|90/100|[from] drain|[of] p1a: Excadrill\n|-damage|p1b: Sinistcha|72/100\n|-heal|p2a: Sinistcha|97/100|[from] drain|[of] p1b: Sinistcha\n|-status|p1b: Sinistcha|brn\n|\n|-weather|Sandstorm|[upkeep]\n|-damage|p2b: Rotom|57/100|[from] Sandstorm\n|-damage|p1b: Sinistcha|66/100 brn|[from] Sandstorm\n|-damage|p2a: Sinistcha|90/100|[from] Sandstorm\n|-heal|p2b: Rotom|62/100|[from] item: Leftovers\n|-heal|p1b: Sinistcha|72/100 brn|[from] item: Leftovers\n|-damage|p1a: Excadrill|23/100 brn|[from] brn\n|-damage|p1b: Sinistcha|66/100 brn|[from] brn\n|upkeep\n|turn|5\n|\n|t:|1776205021\n|move|p1a: Excadrill|Rock Slide|p2b: Rotom|[spread] p2a,p2b\n|-supereffective|p2b: Rotom|1\n|-damage|p2a: Sinistcha|80/100\n|-damage|p2b: Rotom|39/100\n|move|p2b: Rotom|Overheat|p1b: Sinistcha\n|-supereffective|p1b: Sinistcha|1\n|-damage|p1b: Sinistcha|0 fnt\n|-unboost|p2b: Rotom|spa|2\n|faint|p1b: Sinistcha\n|move|p2a: Sinistcha|Matcha Gotcha|p1a: Excadrill\n|-damage|p1a: Excadrill|0 fnt\n|-heal|p2a: Sinistcha|93/100|[from] drain|[of] p1a: Excadrill\n|faint|p1a: Excadrill\n|\n|-weather|none\n|-heal|p2b: Rotom|45/100|[from] item: Leftovers\n|upkeep\n|\n|t:|1776205025\n|switch|p1a: Tyranitar|Tyranitar, L50, M|100/100\n|-weather|Sandstorm|[from] ability: Sand Stream|[of] p1a: Tyranitar\n|turn|6\n|\n|t:|1776205043\n|move|p1a: Tyranitar|Knock Off|p2b: Rotom\n|-damage|p2b: Rotom|0 fnt\n|-enditem|p2b: Rotom|Leftovers|[from] move: Knock Off|[of] p1a: Tyranitar\n|faint|p2b: Rotom\n|move|p2a: Sinistcha|Matcha Gotcha|p1a: Tyranitar\n|-supereffective|p1a: Tyranitar|1\n|-damage|p1a: Tyranitar|56/100\n|-heal|p2a: Sinistcha|100/100|[from] drain|[of] p1a: Tyranitar\n|\n|-weather|Sandstorm|[upkeep]\n|-damage|p2a: Sinistcha|94/100|[from] Sandstorm\n|upkeep\n|turn|7\n|\n|t:|1776205054\n|move|p1a: Tyranitar|Knock Off|p2a: Sinistcha\n|-supereffective|p2a: Sinistcha|1\n|-damage|p2a: Sinistcha|0 fnt\n|-enditem|p2a: Sinistcha|Sitrus Berry|[from] move: Knock Off|[of] p1a: Tyranitar\n|faint|p2a: Sinistcha\n|\n|win|Qloser\n|raw|Qloser's rating: 1262 &rarr; <strong>1291</strong><br />(+29 for winning)\n|raw|Ongalabong's rating: 1318 &rarr; <strong>1295</strong><br />(-23 for losing)\n",
  "uploadtime": 1776205054,
  "views": 47,
  "formatid": "gen9championsvgc2026regma",
  "rating": 1291,
  "private": 0,
  "password": null
}