{
  "id": "gen9championsvgc2026regma-2588034437",
  "format": "[Gen 9 Champions] VGC 2026 Reg M-A",
  "players": [
    "lizardon0516",
    "LvisTempest"
  ],
  "log": "|j|\u2606lizardon0516\n|j|\u2606LvisTempest\n|t:|1776595932\n|gametype|doubles\n|player|p1|lizardon0516|169|1163\n|player|p2|LvisTempest|silver|1076\n|gen|9\n|tier|[Gen 9 Champions] VGC 2026 Reg M-A\n|rated|\n|rule|Species Clause: Limit one of each Pok\u00e9mon\n|rule|Item Clause: Limit 1 of each item\n|clearpoke\n|poke|p1|Charizard, L50, M, shiny|\n|poke|p1|Milotic, L50, F, shiny|\n|poke|p1|Sinistcha, L50|\n|poke|p1|Incineroar, L50, M, shiny|\n|poke|p1|Sneasler, L50, F|\n|poke|p1|Tyranitar, L50, M|\n|poke|p2|Raichu, L50, M, shiny|\n|poke|p2|Feraligatr, L50, M, shiny|\n|poke|p2|Pelipper, L50, M|\n|poke|p2|Sinistcha, L50|\n|poke|p2|Corviknight, L50, M, shiny|\n|poke|p2|Lucario, L50, M, shiny|\n|teampreview|4\n|\n|t:|1776595975\n|teamsize|p1|4\n|teamsize|p2|4\n|start\n|switch|p1a: Incineroar|Incineroar, L50, M, shiny|100/100\n|switch|p1b: Milotic|Milotic, L50, F, shiny|100/100\n|switch|p2a: Raichu|Raichu, L50, M, shiny|100/100\n|switch|p2b: Corviknight|Corviknight, L50, M, shiny|100/100\n|-ability|p1a: Incineroar|Intimidate|boost\n|-unboost|p2a: Raichu|atk|1\n|-ability|p2b: Corviknight|Mirror Armor\n|-unboost|p1a: Incineroar|atk|1\n|turn|1\n|inactive|Battle timer is ON: inactive players will automatically lose when time's up. (requested by lizardon0516)\n|\n|t:|1776595997\n|move|p2a: Raichu|Fake Out|p1a: Incineroar\n|-damage|p1a: Incineroar|96/100\n|cant|p1a: Incineroar|flinch\n|move|p1b: Milotic|Scald|p2a: Raichu\n|-damage|p2a: Raichu|55/100\n|move|p2b: Corviknight|Tailwind|p2b: Corviknight\n|-sidestart|p2: LvisTempest|move: Tailwind\n|\n|upkeep\n|turn|2\n|\n|t:|1776596013\n|switch|p2b: Pelipper|Pelipper, L50, M|100/100\n|-weather|RainDance|[from] ability: Drizzle|[of] p2b: Pelipper\n|move|p1b: Milotic|Protect|p1b: Milotic\n|-singleturn|p1b: Milotic|Protect\n|move|p2a: Raichu|Thunder|p1b: Milotic\n|-activate|p1b: Milotic|move: Protect\n|move|p1a: Incineroar|Flare Blitz|p2b: Pelipper\n|-resisted|p2b: Pelipper|1\n|-damage|p2b: Pelipper|95/100\n|-damage|p1a: Incineroar|94/100|[from] Recoil\n|\n|-weather|RainDance|[upkeep]\n|upkeep\n|turn|3\n|\n|t:|1776596034\n|switch|p1b: Tyranitar|Tyranitar, L50, M|100/100\n|-weather|Sandstorm|[from] ability: Sand Stream|[of] p1b: Tyranitar\n|move|p2a: Raichu|Thunder|p1b: Tyranitar|[miss]\n|-miss|p2a: Raichu|p1b: Tyranitar\n|move|p2b: Pelipper|Weather Ball|p1a: Incineroar\n|-supereffective|p1a: Incineroar|1\n|-damage|p1a: Incineroar|52/100\n|move|p1a: Incineroar|Parting Shot|p2b: Pelipper\n|-unboost|p2b: Pelipper|atk|1\n|-unboost|p2b: Pelipper|spa|1\n|\n|t:|1776596050\n|switch|p1a: Sneasler|Sneasler, L50, F|100/100|[from] Parting Shot\n|\n|-weather|Sandstorm|[upkeep]\n|-damage|p2a: Raichu|49/100|[from] Sandstorm\n|-damage|p2b: Pelipper|89/100|[from] Sandstorm\n|-damage|p1a: Sneasler|95/100|[from] Sandstorm\n|upkeep\n|turn|4\n|\n|t:|1776596070\n|switch|p2a: Corviknight|Corviknight, L50, M, shiny|100/100\n|move|p2b: Pelipper|U-turn|p1b: Tyranitar\n|-supereffective|p1b: Tyranitar|1\n|-damage|p1b: Tyranitar|91/100\n|\n|t:|1776596083\n|switch|p2b: Raichu|Raichu, L50, M, shiny|49/100|[from] U-turn\n|move|p1a: Sneasler|Dire Claw|p2b: Raichu\n|-damage|p2b: Raichu|0 fnt\n|faint|p2b: Raichu\n|move|p1b: Tyranitar|Rock Slide|p2a: Corviknight\n|-damage|p2a: Corviknight|77/100\n|\n|-weather|Sandstorm|[upkeep]\n|-damage|p1a: Sneasler|89/100|[from] Sandstorm\n|-sideend|p2: LvisTempest|move: Tailwind\n|upkeep\n|\n|t:|1776596085\n|switch|p2b: Pelipper|Pelipper, L50, M|89/100\n|-weather|RainDance|[from] ability: Drizzle|[of] p2b: Pelipper\n|turn|5\n|\n|t:|1776596110\n|detailschange|p1b: Tyranitar|Tyranitar-Mega, L50, M\n|-mega|p1b: Tyranitar|Tyranitar|Tyranitarite\n|-weather|Sandstorm|[from] ability: Sand Stream|[of] p1b: Tyranitar\n|move|p1a: Sneasler|Coaching|p1b: Tyranitar\n|-boost|p1b: Tyranitar|atk|1\n|-boost|p1b: Tyranitar|def|1\n|move|p1b: Tyranitar|Knock Off|p2a: Corviknight\n|-damage|p2a: Corviknight|25/100\n|-enditem|p2a: Corviknight|Sitrus Berry|[from] move: Knock Off|[of] p1b: Tyranitar\n|move|p2b: Pelipper|Weather Ball|p1a: Sneasler\n|-resisted|p1a: Sneasler|1\n|-damage|p1a: Sneasler|76/100\n|move|p2a: Corviknight|Body Press|p1b: Tyranitar\n|-supereffective|p1b: Tyranitar|2\n|-damage|p1b: Tyranitar|50/100\n|\n|-weather|Sandstorm|[upkeep]\n|-damage|p1a: Sneasler|70/100|[from] Sandstorm\n|-damage|p2b: Pelipper|83/100|[from] Sandstorm\n|upkeep\n|turn|6\n|inactive|LvisTempest has 30 seconds left.\n|\n|t:|1776596135\n|switch|p2b: Feraligatr|Feraligatr, L50, M, shiny|100/100\n|move|p1a: Sneasler|Dire Claw|p2b: Feraligatr\n|-damage|p2b: Feraligatr|53/100\n|-status|p2b: Feraligatr|slp\n|move|p1b: Tyranitar|Knock Off|p2a: Corviknight\n|-damage|p2a: Corviknight|0 fnt\n|faint|p2a: Corviknight\n|\n|-weather|Sandstorm|[upkeep]\n|-damage|p1a: Sneasler|65/100|[from] Sandstorm\n|-damage|p2b: Feraligatr|47/100 slp|[from] Sandstorm\n|upkeep\n|\n|t:|1776596140\n|switch|p2a: Pelipper|Pelipper, L50, M|83/100\n|-weather|RainDance|[from] ability: Drizzle|[of] p2a: Pelipper\n|turn|7\n|\n|t:|1776596158\n|detailschange|p2b: Feraligatr|Feraligatr-Mega, L50, M, shiny\n|-mega|p2b: Feraligatr|Feraligatr|Feraligite\n|move|p1b: Tyranitar|Protect|p1b: Tyranitar\n|-singleturn|p1b: Tyranitar|Protect\n|move|p1a: Sneasler|Dire Claw|p2b: Feraligatr\n|-damage|p2b: Feraligatr|7/100 slp\n|cant|p2b: Feraligatr|slp\n|move|p2a: Pelipper|Weather Ball|p1b: Tyranitar\n|-activate|p1b: Tyranitar|move: Protect\n|\n|-weather|RainDance|[upkeep]\n|upkeep\n|turn|8\n|\n|t:|1776596170\n|switch|p1b: Incineroar|Incineroar, L50, M, shiny|52/100\n|-ability|p1b: Incineroar|Intimidate|boost\n|-unboost|p2a: Pelipper|atk|1\n|-unboost|p2b: Feraligatr|atk|1\n|move|p1a: Sneasler|Dire Claw|p2b: Feraligatr\n|-damage|p2b: Feraligatr|0 fnt\n|faint|p2b: Feraligatr\n|move|p2a: Pelipper|Hurricane|p1a: Sneasler\n|-supereffective|p1a: Sneasler|1\n|-damage|p1a: Sneasler|0 fnt\n|faint|p1a: Sneasler\n|\n|-weather|RainDance|[upkeep]\n|upkeep\n|-message|LvisTempest forfeited.\n|\n|win|lizardon0516\n|raw|lizardon0516's rating: 1163 &rarr; <strong>1182</strong><br />(+19 for winning)\n|raw|LvisTempest's rating: 1076 &rarr; <strong>1060</strong><br />(-16 for losing)\n|l|\u2606LvisTempest\n|player|p2|\n",
  "uploadtime": 1776596186,
  "views": 11,
  "formatid": "gen9championsvgc2026regma",
  "rating": 1060,
  "private": 0,
  "password": null
}