{
  "id": "gen9championsvgc2026regma-2585196658",
  "format": "[Gen 9 Champions] VGC 2026 Reg M-A",
  "players": [
    "rgeee",
    "th3_ph4nt0m"
  ],
  "log": "|j|\u2606rgeee\n|j|\u2606th3_ph4nt0m\n|t:|1776323754\n|gametype|doubles\n|player|p1|rgeee|266|1126\n|player|p2|th3_ph4nt0m|fisherman-gen4|1146\n|gen|9\n|tier|[Gen 9 Champions] VGC 2026 Reg M-A\n|rated|\n|rule|Species Clause: Limit one of each Pok\u00e9mon\n|rule|Item Clause: Limit 1 of each item\n|clearpoke\n|poke|p1|Zoroark-Hisui, L50, M|\n|poke|p1|Torkoal, L50, F|\n|poke|p1|Incineroar, L50, F|\n|poke|p1|Farigiraf, L50, F|\n|poke|p1|Kommo-o, L50, F|\n|poke|p1|Audino, L50, F|\n|poke|p2|Crabominable, L50, F|\n|poke|p2|Sinistcha, L50|\n|poke|p2|Torkoal, L50, F|\n|poke|p2|Victreebel, L50, F|\n|poke|p2|Excadrill, L50, M|\n|poke|p2|Samurott-Hisui, L50, F|\n|teampreview|4\n|inactive|Battle timer is ON: inactive players will automatically lose when time's up. (requested by th3_ph4nt0m)\n|inactive|th3_ph4nt0m has 60 seconds left.\n|inactive|th3_ph4nt0m has 30 seconds left.\n|\n|t:|1776323842\n|teamsize|p1|4\n|teamsize|p2|4\n|start\n|switch|p1a: Incineroar|Incineroar, L50, F|100/100\n|switch|p1b: Kommo-o|Kommo-o, L50, F|100/100\n|switch|p2a: Crabominable|Crabominable, L50, F|100/100\n|switch|p2b: Sinistcha|Sinistcha, L50|100/100\n|-ability|p1a: Incineroar|Intimidate|boost\n|-fail|p2a: Crabominable|unboost|Attack|[from] ability: Hyper Cutter|[of] p2a: Crabominable\n|-unboost|p2b: Sinistcha|atk|1\n|turn|1\n|\n|t:|1776323863\n|switch|p1b: Farigiraf|Farigiraf, L50, F|100/100\n|move|p2a: Crabominable|Protect|p2a: Crabominable\n|-singleturn|p2a: Crabominable|Protect\n|move|p1a: Incineroar|Flare Blitz|p2b: Sinistcha\n|-supereffective|p2b: Sinistcha|1\n|-enditem|p2b: Sinistcha|Occa Berry|[eat]\n|-enditem|p2b: Sinistcha|Occa Berry|[weaken]\n|-damage|p2b: Sinistcha|45/100\n|-damage|p1a: Incineroar|85/100|[from] Recoil\n|move|p2b: Sinistcha|Trick Room|p2b: Sinistcha\n|-fieldstart|move: Trick Room|[of] p2b: Sinistcha\n|\n|upkeep\n|turn|2\n|inactive|th3_ph4nt0m has 30 seconds left.\n|\n|t:|1776323895\n|detailschange|p2a: Crabominable|Crabominable-Mega, L50, F\n|-mega|p2a: Crabominable|Crabominable|Crabominite\n|move|p2a: Crabominable|Drain Punch|p1b: Farigiraf\n|-damage|p1b: Farigiraf|42/100\n|move|p1a: Incineroar|Parting Shot|p2a: Crabominable\n|-unboost|p2a: Crabominable|atk|1\n|-unboost|p2a: Crabominable|spa|1\n|\n|t:|1776323903\n|switch|p1a: Torkoal|Torkoal, L50, F|100/100|[from] Parting Shot\n|-weather|SunnyDay|[from] ability: Drought|[of] p1a: Torkoal\n|move|p1b: Farigiraf|Psychic|p2a: Crabominable\n|-supereffective|p2a: Crabominable|1\n|-damage|p2a: Crabominable|33/100\n|move|p2b: Sinistcha|Shadow Ball|p1a: Torkoal\n|-damage|p1a: Torkoal|44/100\n|\n|-weather|SunnyDay|[upkeep]\n|-heal|p1b: Farigiraf|49/100|[from] item: Leftovers\n|upkeep\n|turn|3\n|inactive|th3_ph4nt0m has 30 seconds left.\n|\n|t:|1776323930\n|move|p1a: Torkoal|Heat Wave|p2b: Sinistcha|[spread] p2a,p2b\n|-supereffective|p2a: Crabominable|1\n|-supereffective|p2b: Sinistcha|1\n|-damage|p2a: Crabominable|0 fnt\n|-damage|p2b: Sinistcha|0 fnt\n|faint|p2a: Crabominable\n|faint|p2b: Sinistcha\n|move|p1b: Farigiraf|Psychic|p2: Crabominable|[notarget]\n|-fail|p1b: Farigiraf\n|\n|-weather|SunnyDay|[upkeep]\n|-heal|p1b: Farigiraf|55/100|[from] item: Leftovers\n|upkeep\n|\n|t:|1776323933\n|switch|p2a: Excadrill|Excadrill, L50, M|100/100\n|switch|p2b: Samurott|Samurott-Hisui, L50, F|100/100\n|-ability|p2a: Excadrill|Mold Breaker\n|turn|4\n|\n|t:|1776323949\n|move|p2b: Samurott|Protect|p2b: Samurott\n|-singleturn|p2b: Samurott|Protect\n|move|p1a: Torkoal|Earth Power|p2a: Excadrill\n|-supereffective|p2a: Excadrill|1\n|-damage|p2a: Excadrill|28/100\n|move|p1b: Farigiraf|Hyper Voice|p2a: Excadrill|[spread] p2a\n|-activate|p2b: Samurott|move: Protect\n|-resisted|p2a: Excadrill|1\n|-damage|p2a: Excadrill|7/100\n|move|p2a: Excadrill|Earthquake|p1a: Torkoal|[spread] p1a,p1b\n|-activate|p2b: Samurott|move: Protect\n|-supereffective|p1a: Torkoal|1\n|-damage|p1a: Torkoal|0 fnt\n|-damage|p1b: Farigiraf|15/100\n|faint|p1a: Torkoal\n|\n|-weather|SunnyDay|[upkeep]\n|-heal|p1b: Farigiraf|21/100|[from] item: Leftovers\n|upkeep\n|\n|t:|1776323962\n|switch|p1a: Kommo-o|Kommo-o, L50, F|100/100\n|turn|5\n|\n|t:|1776323981\n|move|p1b: Farigiraf|Hyper Voice|p2b: Samurott|[spread] p2a,p2b\n|-resisted|p2a: Excadrill|1\n|-damage|p2a: Excadrill|0 fnt\n|-damage|p2b: Samurott|56/100\n|faint|p2a: Excadrill\n|move|p2b: Samurott|Ceaseless Edge|p1b: Farigiraf\n|-supereffective|p1b: Farigiraf|1\n|-damage|p1b: Farigiraf|0 fnt\n|-sidestart|p1: rgeee|Spikes\n|faint|p1b: Farigiraf\n|move|p1a: Kommo-o|Clangorous Soul|p1a: Kommo-o\n|-boost|p1a: Kommo-o|atk|1\n|-boost|p1a: Kommo-o|def|1\n|-boost|p1a: Kommo-o|spa|1\n|-boost|p1a: Kommo-o|spd|1\n|-boost|p1a: Kommo-o|spe|1\n|-damage|p1a: Kommo-o|68/100\n|\n|-weather|SunnyDay|[upkeep]\n|-heal|p2b: Samurott|62/100|[from] item: Leftovers\n|-fieldend|move: Trick Room\n|upkeep\n|\n|t:|1776323986\n|switch|p1b: Incineroar|Incineroar, L50, F|85/100\n|-damage|p1b: Incineroar|73/100|[from] Spikes\n|-ability|p1b: Incineroar|Intimidate|boost\n|-unboost|p2b: Samurott|atk|1\n|turn|6\n|\n|t:|1776323996\n|move|p1b: Incineroar|Fake Out|p2b: Samurott\n|-damage|p2b: Samurott|50/100\n|move|p1a: Kommo-o|Vacuum Wave|p2b: Samurott\n|-supereffective|p2b: Samurott|1\n|-damage|p2b: Samurott|0 fnt\n|faint|p2b: Samurott\n|\n|win|rgeee\n|raw|rgeee's rating: 1126 &rarr; <strong>1152</strong><br />(+26 for winning)\n|raw|th3_ph4nt0m's rating: 1146 &rarr; <strong>1120</strong><br />(-26 for losing)\n",
  "uploadtime": 1776324002,
  "views": 21,
  "formatid": "gen9championsvgc2026regma",
  "rating": 1120,
  "private": 0,
  "password": null
}