{
  "id": "gen9championsvgc2026regma-2581399052",
  "format": "[Gen 9 Champions] VGC 2026 Reg M-A",
  "players": [
    "asd4g",
    "stardawm"
  ],
  "log": "|j|\u2606asd4g\n|j|\u2606stardawm\n|t:|1775996305\n|gametype|doubles\n|player|p1|asd4g|169|1078\n|player|p2|stardawm|miku-fire|1124\n|gen|9\n|tier|[Gen 9 Champions] VGC 2026 Reg M-A\n|rated|\n|rule|Species Clause: Limit one of each Pok\u00e9mon\n|rule|Item Clause: Limit 1 of each item\n|clearpoke\n|poke|p1|Pelipper, L50, M|\n|poke|p1|Blastoise, L50, M|\n|poke|p1|Zoroark-Hisui, L50, F|\n|poke|p1|Archaludon, L50, M|\n|poke|p1|Meganium, L50, F|\n|poke|p1|Sneasler, L50, M|\n|poke|p2|Tyranitar, L50, M|\n|poke|p2|Excadrill, L50, M|\n|poke|p2|Farigiraf, L50, F|\n|poke|p2|Oranguru, L50, F|\n|poke|p2|Crabominable, L50, F|\n|poke|p2|Hatterene, L50, F|\n|teampreview|4\n|inactive|Battle timer is ON: inactive players will automatically lose when time's up. (requested by stardawm)\n|inactive|asd4g has 60 seconds left.\n|\n|t:|1775996359\n|teamsize|p1|4\n|teamsize|p2|4\n|start\n|switch|p1a: Blastoise|Blastoise, L50, M, shiny|100/100\n|switch|p1b: Sneasler|Sneasler, L50, M, shiny|100/100\n|switch|p2a: Excadrill|Excadrill, L50, M|100/100\n|switch|p2b: Tyranitar|Tyranitar, L50, M|100/100\n|-ability|p1b: Sneasler|Pressure\n|-weather|Sandstorm|[from] ability: Sand Stream|[of] p2b: Tyranitar\n|turn|1\n|\n|t:|1775996381\n|move|p2a: Excadrill|Protect|p2a: Excadrill\n|-singleturn|p2a: Excadrill|Protect\n|move|p2b: Tyranitar|Protect|p2b: Tyranitar\n|-singleturn|p2b: Tyranitar|Protect\n|move|p1b: Sneasler|Fake Out|p2a: Excadrill\n|-activate|p2a: Excadrill|move: Protect\n|move|p1a: Blastoise|Brick Break|p2b: Tyranitar\n|-activate|p2b: Tyranitar|move: Protect\n|\n|-weather|Sandstorm|[upkeep]\n|-damage|p1b: Sneasler|95/100|[from] Sandstorm\n|-damage|p1a: Blastoise|94/100|[from] Sandstorm\n|upkeep\n|turn|2\n|\n|t:|1775996402\n|switch|p2b: Oranguru|Oranguru, L50, F|100/100\n|move|p2a: Excadrill|High Horsepower|p1a: Blastoise\n|-damage|p1a: Blastoise|0 fnt\n|replace|p1a: Zoroark|Zoroark-Hisui, L50, F, shiny\n|-end|p1a: Zoroark|Illusion\n|faint|p1a: Zoroark\n|move|p1b: Sneasler|Close Combat|p2b: Oranguru\n|-damage|p2b: Oranguru|37/100\n|-unboost|p1b: Sneasler|def|1\n|-unboost|p1b: Sneasler|spd|1\n|-enditem|p1b: Sneasler|White Herb\n|-clearnegativeboost|p1b: Sneasler|[silent]\n|\n|-weather|Sandstorm|[upkeep]\n|-damage|p1b: Sneasler|89/100|[from] Sandstorm\n|-damage|p2b: Oranguru|31/100|[from] Sandstorm\n|upkeep\n|\n|t:|1775996418\n|switch|p1a: Pelipper|Pelipper, L50, M, shiny|100/100\n|-weather|RainDance|[from] ability: Drizzle|[of] p1a: Pelipper\n|turn|3\n|\n|t:|1775996437\n|switch|p2a: Tyranitar|Tyranitar, L50, M|100/100\n|-weather|Sandstorm|[from] ability: Sand Stream|[of] p2a: Tyranitar\n|switch|p1a: Blastoise|Blastoise, L50, M, shiny|100/100\n|move|p1b: Sneasler|Throat Chop|p2b: Oranguru\n|-supereffective|p2b: Oranguru|1\n|-damage|p2b: Oranguru|0 fnt\n|faint|p2b: Oranguru\n|\n|-weather|Sandstorm|[upkeep]\n|-damage|p1b: Sneasler|83/100|[from] Sandstorm\n|-damage|p1a: Blastoise|94/100|[from] Sandstorm\n|upkeep\n|\n|t:|1775996440\n|switch|p2b: Excadrill|Excadrill, L50, M|100/100\n|turn|4\n|\n|t:|1775996460\n|switch|p1b: Pelipper|Pelipper, L50, M, shiny|100/100\n|-weather|RainDance|[from] ability: Drizzle|[of] p1b: Pelipper\n|detailschange|p1a: Blastoise|Blastoise-Mega, L50, M, shiny\n|-mega|p1a: Blastoise|Blastoise|Blastoisinite\n|move|p2b: Excadrill|High Horsepower|p1a: Blastoise\n|-damage|p1a: Blastoise|31/100\n|move|p1a: Blastoise|Water Spout|p2b: Excadrill|[spread] p2a,p2b\n|-supereffective|p2a: Tyranitar|1\n|-supereffective|p2b: Excadrill|1\n|-damage|p2a: Tyranitar|62/100\n|-damage|p2b: Excadrill|27/100\n|move|p2a: Tyranitar|Rock Slide|p1a: Blastoise|[spread] p1a,p1b\n|-supereffective|p1b: Pelipper|1\n|-damage|p1a: Blastoise|11/100\n|-damage|p1b: Pelipper|49/100\n|\n|-weather|RainDance|[upkeep]\n|upkeep\n|turn|5\n|\n|t:|1775996485\n|detailschange|p2a: Tyranitar|Tyranitar-Mega, L50, M\n|-mega|p2a: Tyranitar|Tyranitar|Tyranitarite\n|-weather|Sandstorm|[from] ability: Sand Stream|[of] p2a: Tyranitar\n|move|p1b: Pelipper|Wide Guard|p1b: Pelipper\n|-singleturn|p1b: Pelipper|Wide Guard\n|move|p1a: Blastoise|Aqua Jet|p2b: Excadrill\n|-supereffective|p2b: Excadrill|1\n|-crit|p2b: Excadrill\n|-damage|p2b: Excadrill|0 fnt\n|faint|p2b: Excadrill\n|move|p2a: Tyranitar|Rock Slide|p1b: Pelipper|[spread] \n|-activate|p1a: Blastoise|move: Wide Guard\n|-activate|p1b: Pelipper|move: Wide Guard\n|\n|-weather|Sandstorm|[upkeep]\n|-damage|p1a: Blastoise|5/100|[from] Sandstorm\n|-damage|p1b: Pelipper|43/100|[from] Sandstorm\n|upkeep\n|\n|t:|1775996491\n|switch|p2b: Crabominable|Crabominable, L50, F|100/100\n|turn|6\n|inactive|asd4g has 30 seconds left.\n|inactive|asd4g has 20 seconds left.\n|\n|t:|1775996526\n|move|p1a: Blastoise|Aqua Jet|p2a: Tyranitar\n|-supereffective|p2a: Tyranitar|1\n|-damage|p2a: Tyranitar|46/100\n|move|p2b: Crabominable|Mach Punch|p1a: Blastoise\n|-damage|p1a: Blastoise|0 fnt\n|faint|p1a: Blastoise\n|move|p1b: Pelipper|Hurricane|p2b: Crabominable|[miss]\n|-miss|p1b: Pelipper|p2b: Crabominable\n|move|p2a: Tyranitar|Knock Off|p1b: Pelipper\n|-damage|p1b: Pelipper|0 fnt\n|-enditem|p1b: Pelipper|Focus Sash|[from] move: Knock Off|[of] p2a: Tyranitar\n|faint|p1b: Pelipper\n|\n|-weather|Sandstorm|[upkeep]\n|-damage|p2b: Crabominable|95/100|[from] Sandstorm\n|upkeep\n|\n|t:|1775996539\n|switch|p1b: Sneasler|Sneasler, L50, M, shiny|83/100\n|-ability|p1b: Sneasler|Pressure\n|turn|7\n|inactive|stardawm has 30 seconds left.\n|\n|t:|1775996564\n|move|p1b: Sneasler|Close Combat|p2b: Crabominable\n|-supereffective|p2b: Crabominable|1\n|-damage|p2b: Crabominable|0 fnt\n|-unboost|p1b: Sneasler|def|1\n|-unboost|p1b: Sneasler|spd|1\n|faint|p2b: Crabominable\n|move|p2a: Tyranitar|Rock Slide|p1b: Sneasler|[miss]\n|-miss|p2a: Tyranitar|p1b: Sneasler\n|\n|-weather|Sandstorm|[upkeep]\n|-damage|p1b: Sneasler|78/100|[from] Sandstorm\n|upkeep\n|turn|8\n|\n|t:|1775996574\n|move|p1b: Sneasler|Close Combat|p2a: Tyranitar\n|-supereffective|p2a: Tyranitar|2\n|-damage|p2a: Tyranitar|0 fnt\n|-unboost|p1b: Sneasler|def|1\n|-unboost|p1b: Sneasler|spd|1\n|faint|p2a: Tyranitar\n|\n|win|asd4g\n|raw|asd4g's rating: 1078 &rarr; <strong>1110</strong><br />(+32 for winning)\n|raw|stardawm's rating: 1124 &rarr; <strong>1096</strong><br />(-28 for losing)\n|l|\u2606stardawm\n|player|p2|\n",
  "uploadtime": 1775996577,
  "views": 18,
  "formatid": "gen9championsvgc2026regma",
  "rating": 1096,
  "private": 0,
  "password": null
}