{
  "id": "gen9championsvgc2026regma-2587704428",
  "format": "[Gen 9 Champions] VGC 2026 Reg M-A",
  "players": [
    "blazke",
    "axelpogi13"
  ],
  "log": "|j|\u2606blazke\n|j|\u2606axelpogi13\n|t:|1776555637\n|gametype|doubles\n|player|p1|blazke|riley|\n|player|p2|axelpogi13|youngster-gen4dp|\n|gen|9\n|tier|[Gen 9 Champions] VGC 2026 Reg M-A\n|rule|Species Clause: Limit one of each Pok\u00e9mon\n|rule|Item Clause: Limit 1 of each item\n|clearpoke\n|poke|p1|Gengar, L50, F|\n|poke|p1|Morpeko, L50, M|\n|poke|p1|Maushold-Four, L50|\n|poke|p1|Incineroar, L50, F|\n|poke|p1|Kommo-o, L50, M|\n|poke|p1|Blastoise, L50, F|\n|poke|p2|Arcanine-Hisui, L50, M|\n|poke|p2|Basculegion, L50, M|\n|poke|p2|Froslass, L50, F|\n|poke|p2|Sneasler, L50, F|\n|poke|p2|Jolteon, L50, M|\n|poke|p2|Garchomp, L50, F|\n|teampreview|4\n|inactive|Battle timer is ON: inactive players will automatically lose when time's up. (requested by blazke)\n|inactive|blazke has 60 seconds left.\n|inactive|axelpogi13 has 60 seconds left.\n|inactive|blazke has 30 seconds left.\n|inactive|axelpogi13 has 30 seconds left.\n|inactiveoff|Battle timer is now OFF.\n|\n|t:|1776555728\n|teamsize|p1|4\n|teamsize|p2|4\n|start\n|switch|p1a: Gengar|Gengar, L50, F|100/100\n|switch|p1b: Morpeko|Morpeko, L50, M|100/100\n|switch|p2a: Sneasler|Sneasler, L50, F|100/100\n|switch|p2b: Arcanine|Arcanine-Hisui, L50, M|100/100\n|-ability|p2b: Arcanine|Intimidate|boost\n|-unboost|p1a: Gengar|atk|1\n|-unboost|p1b: Morpeko|atk|1\n|turn|1\n|\n|t:|1776555760\n|detailschange|p1a: Gengar|Gengar-Mega, L50, F\n|-mega|p1a: Gengar|Gengar|Gengarite\n|move|p1b: Morpeko|Fake Out|p2a: Sneasler\n|-damage|p2a: Sneasler|89/100\n|move|p1a: Gengar|Perish Song|p1a: Gengar\n|-start|p1a: Gengar|perish3|[silent]\n|-start|p1b: Morpeko|perish3|[silent]\n|-start|p2a: Sneasler|perish3|[silent]\n|-start|p2b: Arcanine|perish3|[silent]\n|-fieldactivate|move: Perish Song\n|cant|p2a: Sneasler|flinch\n|move|p2b: Arcanine|Rock Slide|p1b: Morpeko|[spread] p1a\n|-miss|p2b: Arcanine|p1b: Morpeko\n|-damage|p1a: Gengar|66/100\n|\n|-start|p1a: Gengar|perish3\n|-start|p2a: Sneasler|perish3\n|-start|p1b: Morpeko|perish3\n|-start|p2b: Arcanine|perish3\n|-formechange|p1b: Morpeko|Morpeko-Hangry|\n|upkeep\n|turn|2\n|\n|t:|1776555796\n|move|p1a: Gengar|Protect|p1a: Gengar\n|-singleturn|p1a: Gengar|Protect\n|move|p1b: Morpeko|Protect|p1b: Morpeko\n|-singleturn|p1b: Morpeko|Protect\n|move|p2a: Sneasler|Fake Out||[still]\n|-hint|Fake Out only works on your first turn out.\n|-fail|p2a: Sneasler\n|move|p2b: Arcanine|Extreme Speed|p1b: Morpeko\n|-activate|p1b: Morpeko|move: Protect\n|\n|-start|p1a: Gengar|perish2\n|-start|p2a: Sneasler|perish2\n|-start|p1b: Morpeko|perish2\n|-start|p2b: Arcanine|perish2\n|-formechange|p1b: Morpeko|Morpeko|\n|upkeep\n|turn|3\n|\n|t:|1776555837\n|switch|p1b: Maushold|Maushold-Four, L50|100/100\n|move|p1a: Gengar|Reflect Type|p2a: Sneasler\n|-start|p1a: Gengar|typechange|[from] move: Reflect Type|[of] p2a: Sneasler\n|move|p2a: Sneasler|Close Combat|p1b: Maushold\n|-supereffective|p1b: Maushold|1\n|-enditem|p1b: Maushold|Chople Berry|[eat]\n|-enditem|p1b: Maushold|Chople Berry|[weaken]\n|-damage|p1b: Maushold|42/100\n|-unboost|p2a: Sneasler|def|1\n|-unboost|p2a: Sneasler|spd|1\n|-enditem|p2a: Sneasler|White Herb\n|-clearnegativeboost|p2a: Sneasler|[silent]\n|move|p2b: Arcanine|Flare Blitz|p1a: Gengar\n|-damage|p1a: Gengar|16/100\n|-damage|p2b: Arcanine|86/100|[from] Recoil\n|\n|-start|p2a: Sneasler|perish1\n|-start|p1a: Gengar|perish1\n|-start|p2b: Arcanine|perish1\n|upkeep\n|-start|p1a: Gengar|typechange|Fighting/Poison|[silent]\n|turn|4\n|\n|t:|1776555863\n|switch|p1a: Incineroar|Incineroar, L50, F|100/100\n|-ability|p1a: Incineroar|Intimidate|boost\n|-unboost|p2a: Sneasler|atk|1\n|-unboost|p2b: Arcanine|atk|1\n|move|p1b: Maushold|Protect|p1b: Maushold\n|-singleturn|p1b: Maushold|Protect\n|move|p2b: Arcanine|Extreme Speed|p1a: Incineroar\n|-damage|p1a: Incineroar|93/100\n|move|p2a: Sneasler|Close Combat|p1b: Maushold\n|-activate|p1b: Maushold|move: Protect\n|\n|-start|p2a: Sneasler|perish0\n|-start|p2b: Arcanine|perish0\n|faint|p2a: Sneasler\n|faint|p2b: Arcanine\n|upkeep\n|\n|t:|1776555880\n|switch|p2a: Garchomp|Garchomp, L50, F|100/100\n|switch|p2b: Basculegion|Basculegion, L50, M|100/100\n|turn|5\n|\n|t:|1776555904\n|move|p1b: Maushold|Follow Me|p1b: Maushold\n|-singleturn|p1b: Maushold|move: Follow Me\n|move|p2b: Basculegion|Wave Crash|p1b: Maushold\n|-damage|p1b: Maushold|0 fnt\n|faint|p1b: Maushold\n|-damage|p2b: Basculegion|88/100|[from] Recoil\n|move|p2a: Garchomp|Rock Slide|p1a: Incineroar\n|-supereffective|p1a: Incineroar|1\n|-damage|p1a: Incineroar|62/100\n|move|p1a: Incineroar|Parting Shot|p2a: Garchomp\n|-unboost|p2a: Garchomp|atk|1\n|-unboost|p2a: Garchomp|spa|1\n|\n|t:|1776555917\n|switch|p1a: Morpeko|Morpeko, L50, M|100/100|[from] Parting Shot\n|\n|-formechange|p1a: Morpeko|Morpeko-Hangry|\n|upkeep\n|\n|t:|1776555920\n|switch|p1b: Gengar|Gengar-Mega, L50, F|16/100\n|turn|6\n|\n|t:|1776555953\n|move|p1b: Gengar|Protect|p1b: Gengar\n|-singleturn|p1b: Gengar|Protect\n|move|p1a: Morpeko|Protect|p1a: Morpeko\n|-singleturn|p1a: Morpeko|Protect\n|move|p2b: Basculegion|Wave Crash|p1b: Gengar\n|-activate|p1b: Gengar|move: Protect\n|move|p2a: Garchomp|Stomping Tantrum|p1b: Gengar\n|-activate|p1b: Gengar|move: Protect\n|\n|-formechange|p1a: Morpeko|Morpeko|\n|upkeep\n|turn|7\n|\n|t:|1776555984\n|switch|p1a: Incineroar|Incineroar, L50, F|62/100\n|-ability|p1a: Incineroar|Intimidate|boost\n|-unboost|p2a: Garchomp|atk|1\n|-unboost|p2b: Basculegion|atk|1\n|move|p1b: Gengar|Shadow Ball|p2b: Basculegion\n|-supereffective|p2b: Basculegion|1\n|-damage|p2b: Basculegion|6/100\n|move|p2b: Basculegion|Wave Crash|p1b: Gengar\n|-damage|p1b: Gengar|0 fnt\n|faint|p1b: Gengar\n|-damage|p2b: Basculegion|2/100|[from] Recoil\n|move|p2a: Garchomp|Stomping Tantrum|p1a: Incineroar\n|-supereffective|p1a: Incineroar|1\n|-damage|p1a: Incineroar|35/100\n|-enditem|p1a: Incineroar|Sitrus Berry|[eat]\n|-heal|p1a: Incineroar|60/100|[from] item: Sitrus Berry\n|\n|upkeep\n|\n|t:|1776555992\n|switch|p1b: Morpeko|Morpeko, L50, M|100/100\n|turn|8\n|\n|t:|1776556017\n|move|p1a: Incineroar|Fake Out|p2a: Garchomp\n|-damage|p2a: Garchomp|91/100\n|-damage|p1a: Incineroar|48/100|[from] ability: Rough Skin|[of] p2a: Garchomp\n|move|p2b: Basculegion|Wave Crash|p1a: Incineroar\n|-supereffective|p1a: Incineroar|1\n|-damage|p1a: Incineroar|0 fnt\n|faint|p1a: Incineroar\n|-damage|p2b: Basculegion|0 fnt|[from] Recoil\n|faint|p2b: Basculegion\n|move|p1b: Morpeko|Aura Wheel|p2a: Garchomp\n|-immune|p2a: Garchomp\n|cant|p2a: Garchomp|flinch\n|\n|-formechange|p1b: Morpeko|Morpeko-Hangry|\n|upkeep\n|turn|9\n|\n|t:|1776556042\n|move|p1b: Morpeko|Aura Wheel|p2a: Garchomp\n|-crit|p2a: Garchomp\n|-damage|p2a: Garchomp|21/100\n|-boost|p1b: Morpeko|spe|1\n|move|p2a: Garchomp|Stomping Tantrum|p1b: Morpeko\n|-supereffective|p1b: Morpeko|1\n|-enditem|p1b: Morpeko|Focus Sash\n|-damage|p1b: Morpeko|1/100\n|\n|-formechange|p1b: Morpeko|Morpeko|\n|upkeep\n|turn|10\n|\n|t:|1776556067\n|move|p1b: Morpeko|Protect|p1b: Morpeko\n|-singleturn|p1b: Morpeko|Protect\n|move|p2a: Garchomp|Dragon Claw|p1b: Morpeko\n|-activate|p1b: Morpeko|move: Protect\n|\n|-formechange|p1b: Morpeko|Morpeko-Hangry|\n|upkeep\n|turn|11\n|\n|t:|1776556080\n|move|p1b: Morpeko|Aura Wheel|p2a: Garchomp\n|-damage|p2a: Garchomp|0 fnt\n|-boost|p1b: Morpeko|spe|1\n|faint|p2a: Garchomp\n|\n|win|blazke\n",
  "uploadtime": 1776556084,
  "views": 11,
  "formatid": "gen9championsvgc2026regma",
  "rating": null,
  "private": 0,
  "password": null
}