{
  "id": "gen9championsvgc2026regma-2581319976",
  "format": "[Gen 9 Champions] VGC 2026 Reg M-A",
  "players": [
    "fusesrt",
    "Flipsicle"
  ],
  "log": "|j|\u2606fusesrt\n|j|\u2606Flipsicle\n|t:|1775986162\n|gametype|doubles\n|player|p1|fusesrt|266|1281\n|player|p2|Flipsicle|elesa-masters|1368\n|gen|9\n|tier|[Gen 9 Champions] VGC 2026 Reg M-A\n|rated|\n|rule|Species Clause: Limit one of each Pok\u00e9mon\n|rule|Item Clause: Limit 1 of each item\n|clearpoke\n|poke|p1|Kingambit, L50, F|\n|poke|p1|Froslass, L50, F|\n|poke|p1|Glimmora, L50, M|\n|poke|p1|Sinistcha-Masterpiece, L50|\n|poke|p1|Garchomp, L50, F|\n|poke|p1|Rotom-Frost, L50|\n|poke|p2|Garchomp, L50, F|\n|poke|p2|Kingambit, L50, F|\n|poke|p2|Primarina, L50, F|\n|poke|p2|Sneasler, L50, M|\n|poke|p2|Dragonite, L50, F|\n|poke|p2|Scovillain, L50, M|\n|teampreview|4\n|inactive|Battle timer is ON: inactive players will automatically lose when time's up. (requested by fusesrt)\nFlipsicle rejected open team sheets.\n|c|\u2606Flipsicle|glhf\n|inactive|Flipsicle has 60 seconds left.\n|\n|t:|1775986203\n|teamsize|p1|4\n|teamsize|p2|4\n|start\n|switch|p1a: Glimmora|Glimmora, L50, M|100/100\n|switch|p1b: Garchomp|Garchomp, L50, F|100/100\n|switch|p2a: Kingambit|Kingambit, L50, F|100/100\n|switch|p2b: Sneasler|Sneasler, L50, M|100/100\n|turn|1\n|\n|t:|1775986215\n|switch|p1a: Rotom|Rotom-Frost, L50|100/100\n|move|p2b: Sneasler|Fake Out|p1b: Garchomp\n|-damage|p1b: Garchomp|87/100\n|-damage|p2b: Sneasler|88/100|[from] ability: Rough Skin|[of] p1b: Garchomp\n|cant|p1b: Garchomp|flinch\n|move|p2a: Kingambit|Swords Dance|p2a: Kingambit\n|-boost|p2a: Kingambit|atk|2\n|\n|-heal|p1b: Garchomp|94/100|[from] item: Leftovers\n|upkeep\n|turn|2\n|\n|t:|1775986227\n|move|p2a: Kingambit|Sucker Punch|p1b: Garchomp\n|-damage|p1b: Garchomp|15/100\n|-damage|p2a: Kingambit|88/100|[from] ability: Rough Skin|[of] p1b: Garchomp\n|move|p1a: Rotom|Trick|p2a: Kingambit\n|-activate|p1a: Rotom|move: Trick|[of] p2a: Kingambit\n|-item|p2a: Kingambit|Choice Scarf|[from] move: Trick\n|-item|p1a: Rotom|Black Glasses|[from] move: Trick\n|move|p2b: Sneasler|Close Combat|p1a: Rotom\n|-supereffective|p1a: Rotom|1\n|-crit|p1a: Rotom\n|-damage|p1a: Rotom|0 fnt\n|-unboost|p2b: Sneasler|def|1\n|-unboost|p2b: Sneasler|spd|1\n|faint|p1a: Rotom\n|move|p1b: Garchomp|Earthquake|p2b: Sneasler|[spread] p2a,p2b\n|-supereffective|p2a: Kingambit|1\n|-supereffective|p2b: Sneasler|1\n|-damage|p2a: Kingambit|44/100\n|-damage|p2b: Sneasler|0 fnt\n|faint|p2b: Sneasler\n|\n|-heal|p1b: Garchomp|21/100|[from] item: Leftovers\n|upkeep\n|j| gE1xjZRtuhW2DdT0AK\n|\n|t:|1775986251\n|switch|p2b: Dragonite|Dragonite, L50, F|100/100\n|switch|p1a: Glimmora|Glimmora, L50, M|100/100\n|turn|3\n|\n|t:|1775986260\n|move|p2b: Dragonite|Extreme Speed|p1b: Garchomp\n|-damage|p1b: Garchomp|0 fnt\n|-damage|p2b: Dragonite|88/100|[from] ability: Rough Skin|[of] p1b: Garchomp\n|faint|p1b: Garchomp\n|move|p2a: Kingambit|Sucker Punch|p1a: Glimmora\n|-enditem|p1a: Glimmora|Focus Sash\n|-damage|p1a: Glimmora|1/100\n|-activate|p1a: Glimmora|ability: Toxic Debris\n|-sidestart|p2: Flipsicle|move: Toxic Spikes\n|move|p1a: Glimmora|Power Gem|p2b: Dragonite\n|-supereffective|p2b: Dragonite|1\n|-damage|p2b: Dragonite|0 fnt\n|faint|p2b: Dragonite\n|\n|upkeep\n|\n|t:|1775986274\n|switch|p1b: Froslass|Froslass, L50, F|100/100\n|switch|p2b: Scovillain|Scovillain, L50, M|100/100\n|-status|p2b: Scovillain|psn\n|turn|4\n|\n|t:|1775986284\n|detailschange|p1b: Froslass|Froslass-Mega, L50, F\n|-mega|p1b: Froslass|Froslass|Froslassite\n|-weather|Snowscape|[from] ability: Snow Warning|[of] p1b: Froslass\n|detailschange|p2b: Scovillain|Scovillain-Mega, L50, M\n|-mega|p2b: Scovillain|Scovillain|Scovillainite\n|move|p2a: Kingambit|Sucker Punch||[still]\n|-fail|p2a: Kingambit\n|move|p1b: Froslass|Aurora Veil|p1b: Froslass\n|-sidestart|p1: fusesrt|move: Aurora Veil\n|move|p1a: Glimmora|Stealth Rock|p2a: Kingambit\n|-sidestart|p2: Flipsicle|move: Stealth Rock\n|move|p2b: Scovillain|Flamethrower|p1b: Froslass\n|-supereffective|p1b: Froslass|1\n|-damage|p1b: Froslass|32/100\n|\n|-weather|Snowscape|[upkeep]\n|-damage|p2b: Scovillain|88/100 psn|[from] psn\n|upkeep\n|turn|5\n|inactive|fusesrt has 30 seconds left.\n|\n|t:|1775986312\n|move|p2a: Kingambit|Sucker Punch|p1a: Glimmora\n|-damage|p1a: Glimmora|0 fnt\n|-activate|p1a: Glimmora|ability: Toxic Debris\n|-sidestart|p2: Flipsicle|move: Toxic Spikes\n|faint|p1a: Glimmora\n|move|p1b: Froslass|Blizzard|p2b: Scovillain|[spread] p2a,p2b\n|-resisted|p2a: Kingambit|1\n|-damage|p2a: Kingambit|23/100\n|-damage|p2b: Scovillain|43/100 psn\n|-status|p1b: Froslass|brn|[from] ability: Spicy Spray|[of] p2b: Scovillain\n|move|p2b: Scovillain|Flamethrower|p1b: Froslass\n|-supereffective|p1b: Froslass|1\n|-damage|p1b: Froslass|0 fnt\n|faint|p1b: Froslass\n|\n|win|Flipsicle\n|raw|fusesrt's rating: 1281 &rarr; <strong>1262</strong><br />(-19 for losing)\n|raw|Flipsicle's rating: 1368 &rarr; <strong>1383</strong><br />(+15 for winning)\n|l|\u2606fusesrt\n|player|p1|\n|l|\u2606Flipsicle\n|player|p2|\n",
  "uploadtime": 1775986361,
  "views": 24,
  "formatid": "gen9championsvgc2026regma",
  "rating": 1262,
  "private": 0,
  "password": null
}