{
  "id": "gen9championsvgc2026regma-2584109096",
  "format": "[Gen 9 Champions] VGC 2026 Reg M-A",
  "players": [
    "arneslotvgc",
    "NeuroticIslands"
  ],
  "log": "|j|\u2606arneslotvgc\n|j|\u2606NeuroticIslands\n|t:|1776226097\n|gametype|doubles\n|player|p1|arneslotvgc|266|1012\n|player|p2|NeuroticIslands|mira|1000\n|gen|9\n|tier|[Gen 9 Champions] VGC 2026 Reg M-A\n|rated|\n|rule|Species Clause: Limit one of each Pok\u00e9mon\n|rule|Item Clause: Limit 1 of each item\n|clearpoke\n|poke|p1|Farigiraf, L50, M|\n|poke|p1|Incineroar, L50, M|\n|poke|p1|Torkoal, L50, F|\n|poke|p1|Crabominable, L50, F|\n|poke|p1|Basculegion, L50, M|\n|poke|p1|Ninetales-Alola, L50, F|\n|poke|p2|Starmie, L50|\n|poke|p2|Aegislash, L50, F|\n|poke|p2|Sneasler, L50, F|\n|poke|p2|Pelipper, L50, M|\n|poke|p2|Archaludon, L50, F|\n|poke|p2|Maushold, L50|\n|teampreview|4\n|inactive|Battle timer is ON: inactive players will automatically lose when time's up. (requested by NeuroticIslands)\n|\n|t:|1776226129\n|teamsize|p1|4\n|teamsize|p2|4\n|start\n|switch|p1a: Farigiraf|Farigiraf, L50, M|100/100\n|switch|p1b: Crabominable|Crabominable, L50, F|100/100\n|switch|p2a: Sneasler|Sneasler, L50, F|100/100\n|switch|p2b: Pelipper|Pelipper, L50, M|100/100\n|-weather|RainDance|[from] ability: Drizzle|[of] p2b: Pelipper\n|turn|1\n|inactive|NeuroticIslands has 30 seconds left.\n|l|\u2606arneslotvgc\n|inactive|arneslotvgc disconnected and has a minute to reconnect!\n|player|p1|\n|inactive|NeuroticIslands has 20 seconds left.\n|inactive|NeuroticIslands has 15 seconds left.\n|inactive|NeuroticIslands has 10 seconds left.\n|\n|t:|1776226178\n|detailschange|p1b: Crabominable|Crabominable-Mega, L50, F\n|-mega|p1b: Crabominable|Crabominable|Crabominite\n|move|p2b: Pelipper|Protect|p2b: Pelipper\n|-singleturn|p2b: Pelipper|Protect\n|move|p1b: Crabominable|Protect|p1b: Crabominable\n|-singleturn|p1b: Crabominable|Protect\n|move|p2a: Sneasler|Dire Claw|p1a: Farigiraf\n|-damage|p1a: Farigiraf|73/100\n|move|p1a: Farigiraf|Trick Room|p1a: Farigiraf\n|-fieldstart|move: Trick Room|[of] p1a: Farigiraf\n|\n|-weather|RainDance|[upkeep]\n|upkeep\n|turn|2\n|j|\u2606arneslotvgc\n|inactive|arneslotvgc reconnected and has 50 seconds left.\n|player|p1|arneslotvgc|266|\n|\n|t:|1776226205\n|switch|p2a: Starmie|Starmie, L50|100/100\n|move|p1b: Crabominable|Ice Hammer|p2b: Pelipper\n|-damage|p2b: Pelipper|1/100\n|-unboost|p1b: Crabominable|spe|1\n|move|p1a: Farigiraf|Psychic|p2a: Starmie\n|-resisted|p2a: Starmie|1\n|-damage|p2a: Starmie|73/100\n|move|p2b: Pelipper|Hurricane|p1b: Crabominable\n|-supereffective|p1b: Crabominable|1\n|-damage|p1b: Crabominable|23/100\n|-start|p1b: Crabominable|confusion\n|\n|-weather|RainDance|[upkeep]\n|upkeep\n|turn|3\n|inactive|NeuroticIslands has 30 seconds left.\n|\n|t:|1776226231\n|switch|p1b: Torkoal|Torkoal, L50, F|100/100\n|-weather|SunnyDay|[from] ability: Drought|[of] p1b: Torkoal\n|detailschange|p2a: Starmie|Starmie-Mega, L50\n|-mega|p2a: Starmie|Starmie|Starminite\n|move|p2b: Pelipper|Protect|p2b: Pelipper\n|-singleturn|p2b: Pelipper|Protect\n|move|p1a: Farigiraf|Hyper Voice|p2b: Pelipper|[spread] p2a\n|-activate|p2b: Pelipper|move: Protect\n|-damage|p2a: Starmie|41/100\n|move|p2a: Starmie|Liquidation|p1b: Torkoal\n|-supereffective|p1b: Torkoal|1\n|-damage|p1b: Torkoal|36/100\n|\n|-weather|SunnyDay|[upkeep]\n|upkeep\n|turn|4\n|\n|t:|1776226250\n|switch|p2b: Sneasler|Sneasler, L50, F|100/100\n|move|p2a: Starmie|Protect|p2a: Starmie\n|-singleturn|p2a: Starmie|Protect\n|move|p1b: Torkoal|Heat Wave|p2a: Starmie|[spread] p2b\n|-activate|p2a: Starmie|move: Protect\n|-damage|p2b: Sneasler|20/100\n|move|p1a: Farigiraf|Hyper Voice|p2a: Starmie|[spread] p2b\n|-activate|p2a: Starmie|move: Protect\n|-damage|p2b: Sneasler|0 fnt\n|faint|p2b: Sneasler\n|\n|-weather|SunnyDay|[upkeep]\n|upkeep\n|\n|t:|1776226259\n|switch|p2b: Pelipper|Pelipper, L50, M|1/100\n|-weather|RainDance|[from] ability: Drizzle|[of] p2b: Pelipper\n|turn|5\n|\n|t:|1776226272\n|switch|p2a: Archaludon|Archaludon, L50, F|100/100\n|move|p1b: Torkoal|Heat Wave|p2b: Pelipper|[spread] p2a,p2b\n|-resisted|p2b: Pelipper|1\n|-damage|p2a: Archaludon|83/100\n|-damage|p2b: Pelipper|0 fnt\n|-ability|p2a: Archaludon|Stamina|boost\n|-boost|p2a: Archaludon|def|1\n|faint|p2b: Pelipper\n|move|p1a: Farigiraf|Hyper Voice|p2a: Archaludon\n|-resisted|p2a: Archaludon|1\n|-damage|p2a: Archaludon|67/100\n|-ability|p2a: Archaludon|Stamina|boost\n|-boost|p2a: Archaludon|def|1\n|\n|-weather|RainDance|[upkeep]\n|-heal|p2a: Archaludon|73/100|[from] item: Leftovers\n|-fieldend|move: Trick Room\n|upkeep\n|\n|t:|1776226281\n|switch|p2b: Starmie|Starmie-Mega, L50|41/100\n|turn|6\n|\n|t:|1776226294\n|switch|p1b: Basculegion|Basculegion, L50, M|100/100\n|move|p2b: Starmie|Liquidation|p1a: Farigiraf\n|-damage|p1a: Farigiraf|0 fnt\n|faint|p1a: Farigiraf\n|move|p2a: Archaludon|Electro Shot||[still]\n|-prepare|p2a: Archaludon|Electro Shot\n|-boost|p2a: Archaludon|spa|1\n|-anim|p2a: Archaludon|Electro Shot|p1b: Basculegion\n|-supereffective|p1b: Basculegion|1\n|-damage|p1b: Basculegion|0 fnt\n|faint|p1b: Basculegion\n|\n|-weather|RainDance|[upkeep]\n|-heal|p2a: Archaludon|79/100|[from] item: Leftovers\n|upkeep\n|l|\u2606arneslotvgc\n|inactive|arneslotvgc disconnected and has a minute to reconnect!\n|player|p1|\n|j|\u2606arneslotvgc\n|inactive|arneslotvgc reconnected and has 45 seconds left.\n|player|p1|arneslotvgc|266|\n|\n|t:|1776226310\n|switch|p1b: Crabominable|Crabominable-Mega, L50, F|23/100\n|switch|p1a: Torkoal|Torkoal, L50, F|36/100\n|-weather|SunnyDay|[from] ability: Drought|[of] p1a: Torkoal\n|turn|7\n|\n|t:|1776226325\n|move|p1b: Crabominable|Mach Punch|p2b: Starmie\n|-resisted|p2b: Starmie|1\n|-damage|p2b: Starmie|22/100\n|move|p2b: Starmie|Psycho Cut|p1b: Crabominable\n|-supereffective|p1b: Crabominable|1\n|-crit|p1b: Crabominable\n|-damage|p1b: Crabominable|0 fnt\n|faint|p1b: Crabominable\n|move|p2a: Archaludon|Draco Meteor|p1a: Torkoal\n|-damage|p1a: Torkoal|0 fnt\n|-unboost|p2a: Archaludon|spa|2\n|faint|p1a: Torkoal\n|\n|win|NeuroticIslands\n|raw|arneslotvgc's rating: 1012 &rarr; <strong>1000</strong><br />(-12 for losing)\n|raw|NeuroticIslands's rating: 1000 &rarr; <strong>1041</strong><br />(+41 for winning)\n|c|\u2606NeuroticIslands|gg\n|l|\u2606arneslotvgc\n|player|p1|\n",
  "uploadtime": 1776226338,
  "views": 31,
  "formatid": "gen9championsvgc2026regma",
  "rating": 1000,
  "private": 0,
  "password": null
}