{
  "id": "gen9championsvgc2026regma-2586688808",
  "format": "[Gen 9 Champions] VGC 2026 Reg M-A",
  "players": [
    "nakoharuno",
    "samtheworld"
  ],
  "log": "|j|\u2606nakoharuno\n|j|\u2606samtheworld\n|t:|1776452332\n|gametype|doubles\n|player|p1|nakoharuno|dawn|1075\n|player|p2|samtheworld|colress|1133\n|gen|9\n|tier|[Gen 9 Champions] VGC 2026 Reg M-A\n|rated|\n|rule|Species Clause: Limit one of each Pok\u00e9mon\n|rule|Item Clause: Limit 1 of each item\n|clearpoke\n|poke|p1|Kangaskhan, L50, F|\n|poke|p1|Oranguru, L50, F|\n|poke|p1|Torkoal, L50, F|\n|poke|p1|Decidueye-Hisui, L50, F|\n|poke|p1|Mimikyu, L50, M|\n|poke|p1|Blastoise, L50, F|\n|poke|p2|Dragonite, L50, M|\n|poke|p2|Clefable, L50, M|\n|poke|p2|Meganium, L50, F|\n|poke|p2|Pelipper, L50, F|\n|poke|p2|Archaludon, L50, F|\n|poke|p2|Incineroar, L50, M|\n|teampreview|4\n|\n|t:|1776452368\n|teamsize|p1|4\n|teamsize|p2|4\n|start\n|switch|p1a: Oranguru|Oranguru, L50, F, shiny|100/100\n|switch|p1b: Torkoal|Torkoal, L50, F|100/100\n|switch|p2a: Incineroar|Incineroar, L50, M|100/100\n|switch|p2b: Meganium|Meganium, L50, F|100/100\n|-ability|p2a: Incineroar|Intimidate|boost\n|-unboost|p1a: Oranguru|atk|1\n|-unboost|p1b: Torkoal|atk|1\n|-weather|SunnyDay|[from] ability: Drought|[of] p1b: Torkoal\n|turn|1\n|\n|t:|1776452388\n|switch|p2a: Pelipper|Pelipper, L50, F|100/100\n|-weather|RainDance|[from] ability: Drizzle|[of] p2a: Pelipper\n|move|p1b: Torkoal|Protect|p1b: Torkoal\n|-singleturn|p1b: Torkoal|Protect\n|move|p2b: Meganium|Weather Ball|p1b: Torkoal\n|-activate|p1b: Torkoal|move: Protect\n|move|p1a: Oranguru|Trick Room|p1a: Oranguru\n|-fieldstart|move: Trick Room|[of] p1a: Oranguru\n|\n|-weather|RainDance|[upkeep]\n|upkeep\n|turn|2\n|\n|t:|1776452415\n|move|p1b: Torkoal|Eruption|p2b: Meganium|[spread] p2a,p2b\n|-resisted|p2a: Pelipper|1\n|-supereffective|p2b: Meganium|1\n|-damage|p2a: Pelipper|76/100\n|-damage|p2b: Meganium|46/100\n|move|p1a: Oranguru|Sunny Day|p1a: Oranguru\n|-weather|SunnyDay\n|move|p2b: Meganium|Solar Beam||[still]\n|-prepare|p2b: Meganium|Solar Beam\n|-anim|p2b: Meganium|Solar Beam|p1b: Torkoal\n|-resisted|p1b: Torkoal|1\n|-damage|p1b: Torkoal|70/100\n|move|p2a: Pelipper|Hurricane|p1b: Torkoal|[miss]\n|-miss|p2a: Pelipper|p1b: Torkoal\n|\n|-weather|SunnyDay|[upkeep]\n|upkeep\n|turn|3\n|\n|t:|1776452432\n|move|p2b: Meganium|Protect|p2b: Meganium\n|-singleturn|p2b: Meganium|Protect\n|move|p1b: Torkoal|Eruption|p2b: Meganium|[spread] p2a\n|-activate|p2b: Meganium|move: Protect\n|-resisted|p2a: Pelipper|1\n|-damage|p2a: Pelipper|28/100\n|move|p1a: Oranguru|Instruct|p1b: Torkoal\n|-singleturn|p1b: Torkoal|move: Instruct|[of] p1a: Oranguru\n|move|p1b: Torkoal|Eruption|p2a: Pelipper|[spread] p2a\n|-activate|p2b: Meganium|move: Protect\n|-resisted|p2a: Pelipper|1\n|-damage|p2a: Pelipper|0 fnt\n|faint|p2a: Pelipper\n|\n|-weather|SunnyDay|[upkeep]\n|upkeep\n|\n|t:|1776452442\n|switch|p2a: Incineroar|Incineroar, L50, M|100/100\n|-ability|p2a: Incineroar|Intimidate|boost\n|-unboost|p1a: Oranguru|atk|1\n|-unboost|p1b: Torkoal|atk|1\n|turn|4\n|\n|t:|1776452459\n|detailschange|p2b: Meganium|Meganium-Mega, L50, F\n|-mega|p2b: Meganium|Meganium|Meganiumite\n|move|p1b: Torkoal|Protect|p1b: Torkoal\n|-singleturn|p1b: Torkoal|Protect\n|move|p1a: Oranguru|Protect|p1a: Oranguru\n|-singleturn|p1a: Oranguru|Protect\n|move|p2a: Incineroar|Fake Out|p1b: Torkoal\n|-activate|p1b: Torkoal|move: Protect\n|move|p2b: Meganium|Solar Beam||[still]\n|-prepare|p2b: Meganium|Solar Beam\n|-anim|p2b: Meganium|Solar Beam|p1b: Torkoal\n|-activate|p1b: Torkoal|move: Protect\n|\n|-weather|SunnyDay|[upkeep]\n|upkeep\n|turn|5\n|\n|t:|1776452480\n|move|p2b: Meganium|Protect|p2b: Meganium\n|-singleturn|p2b: Meganium|Protect\n|move|p1b: Torkoal|Earth Power|p2a: Incineroar\n|-supereffective|p2a: Incineroar|1\n|-damage|p2a: Incineroar|49/100\n|move|p2a: Incineroar|Darkest Lariat|p1a: Oranguru\n|-supereffective|p1a: Oranguru|1\n|-damage|p1a: Oranguru|42/100\n|move|p1a: Oranguru|Instruct|p1b: Torkoal\n|-singleturn|p1b: Torkoal|move: Instruct|[of] p1a: Oranguru\n|move|p1b: Torkoal|Earth Power|p2a: Incineroar\n|-supereffective|p2a: Incineroar|1\n|-damage|p2a: Incineroar|0 fnt\n|faint|p2a: Incineroar\n|\n|-weather|SunnyDay|[upkeep]\n|-fieldend|move: Trick Room\n|upkeep\n|\n|t:|1776452488\n|switch|p2a: Archaludon|Archaludon, L50, F|100/100\n|turn|6\n|\n|t:|1776452506\n|move|p1b: Torkoal|Protect|p1b: Torkoal\n|-singleturn|p1b: Torkoal|Protect\n|move|p2a: Archaludon|Draco Meteor|p1b: Torkoal\n|-activate|p1b: Torkoal|move: Protect\n|move|p2b: Meganium|Solar Beam||[still]\n|-prepare|p2b: Meganium|Solar Beam\n|-anim|p2b: Meganium|Solar Beam|p1a: Oranguru\n|-damage|p1a: Oranguru|0 fnt\n|faint|p1a: Oranguru\n|\n|-weather|none\n|upkeep\n|\n|t:|1776452525\n|switch|p1a: Mimikyu|Mimikyu, L50, M, shiny|100/100\n|turn|7\n|\n|t:|1776452542\n|move|p2a: Archaludon|Draco Meteor|p1b: Torkoal\n|-damage|p1b: Torkoal|0 fnt\n|-unboost|p2a: Archaludon|spa|2\n|faint|p1b: Torkoal\n|move|p1a: Mimikyu|Swords Dance|p1a: Mimikyu\n|-boost|p1a: Mimikyu|atk|2\n|move|p2b: Meganium|Solar Beam||[still]\n|-prepare|p2b: Meganium|Solar Beam\n|-activate|p2b: Meganium|ability: Mega Sol\n|-anim|p2b: Meganium|Solar Beam|p1a: Mimikyu\n|-activate|p1a: Mimikyu|ability: Disguise\n|-damage|p1a: Mimikyu|100/100\n|detailschange|p1a: Mimikyu|Mimikyu-Busted, L50, M, shiny\n|-damage|p1a: Mimikyu|89/100|[from] pokemon: Mimikyu-Busted\n|\n|upkeep\n|\n|t:|1776452560\n|switch|p1b: Kangaskhan|Kangaskhan, L50, F, shiny|100/100\n|turn|8\n|\n|t:|1776452578\n|detailschange|p1b: Kangaskhan|Kangaskhan-Mega, L50, F, shiny\n|-mega|p1b: Kangaskhan|Kangaskhan|Kangaskhanite\n|move|p1b: Kangaskhan|Fake Out|p2a: Archaludon\n|-resisted|p2a: Archaludon|1\n|-damage|p2a: Archaludon|92/100\n|-ability|p2a: Archaludon|Stamina|boost\n|-boost|p2a: Archaludon|def|1\n|-resisted|p2a: Archaludon|1\n|-damage|p2a: Archaludon|91/100\n|-ability|p2a: Archaludon|Stamina|boost\n|-boost|p2a: Archaludon|def|1\n|-hitcount|p2a: Archaludon|2\n|cant|p2a: Archaludon|flinch\n|move|p1a: Mimikyu|Play Rough|p2b: Meganium\n|-damage|p2b: Meganium|0 fnt\n|faint|p2b: Meganium\n|\n|upkeep\n|turn|9\n|\n|t:|1776452598\n|move|p2a: Archaludon|Flash Cannon|p1a: Mimikyu\n|-supereffective|p1a: Mimikyu|1\n|-damage|p1a: Mimikyu|42/100\n|-unboost|p1a: Mimikyu|spd|1\n|-enditem|p1a: Mimikyu|Sitrus Berry|[eat]\n|-heal|p1a: Mimikyu|67/100|[from] item: Sitrus Berry\n|move|p1b: Kangaskhan|Body Slam|p2a: Archaludon\n|-resisted|p2a: Archaludon|1\n|-damage|p2a: Archaludon|82/100\n|-ability|p2a: Archaludon|Stamina|boost\n|-boost|p2a: Archaludon|def|1\n|-resisted|p2a: Archaludon|1\n|-damage|p2a: Archaludon|81/100\n|-ability|p2a: Archaludon|Stamina|boost\n|-boost|p2a: Archaludon|def|1\n|-hitcount|p2a: Archaludon|2\n|move|p1a: Mimikyu|Play Rough|p2a: Archaludon\n|-damage|p2a: Archaludon|60/100\n|-ability|p2a: Archaludon|Stamina|boost\n|-boost|p2a: Archaludon|def|1\n|\n|upkeep\n|turn|10\n|\n|t:|1776452622\n|move|p2a: Archaludon|Flash Cannon|p1a: Mimikyu\n|-supereffective|p1a: Mimikyu|1\n|-damage|p1a: Mimikyu|0 fnt\n|faint|p1a: Mimikyu\n|move|p1b: Kangaskhan|Body Slam|p2a: Archaludon\n|-resisted|p2a: Archaludon|1\n|-damage|p2a: Archaludon|55/100\n|-ability|p2a: Archaludon|Stamina|boost\n|-boost|p2a: Archaludon|def|1\n|-resisted|p2a: Archaludon|1\n|-damage|p2a: Archaludon|55/100\n|-hitcount|p2a: Archaludon|2\n|\n|upkeep\n|turn|11\n|l|\u2606nakoharuno\n|player|p1|\n|j|\u2606nakoharuno\n|player|p1|nakoharuno|dawn|\n|inactive|Battle timer is ON: inactive players will automatically lose when time's up. (requested by samtheworld)\n|\n|t:|1776452634\n|move|p2a: Archaludon|Flash Cannon|p1b: Kangaskhan\n|-damage|p1b: Kangaskhan|84/100\n|-unboost|p1b: Kangaskhan|spd|1\n|move|p1b: Kangaskhan|Body Slam|p2a: Archaludon\n|-resisted|p2a: Archaludon|1\n|-damage|p2a: Archaludon|50/100\n|-resisted|p2a: Archaludon|1\n|-damage|p2a: Archaludon|50/100\n|-status|p2a: Archaludon|par\n|-hitcount|p2a: Archaludon|2\n|\n|upkeep\n|turn|12\n|\n|t:|1776452646\n|move|p1b: Kangaskhan|Crunch|p2a: Archaludon\n|-damage|p2a: Archaludon|44/100 par\n|-damage|p2a: Archaludon|43/100 par\n|-hitcount|p2a: Archaludon|2\n|cant|p2a: Archaludon|par\n|\n|upkeep\n|turn|13\n|\n|t:|1776452654\n|move|p1b: Kangaskhan|Crunch|p2a: Archaludon\n|-damage|p2a: Archaludon|37/100 par\n|-damage|p2a: Archaludon|36/100 par\n|-unboost|p2a: Archaludon|def|1\n|-ability|p2a: Archaludon|Stamina|boost\n|-boost|p2a: Archaludon|def|1\n|-hitcount|p2a: Archaludon|2\n|move|p2a: Archaludon|Flash Cannon|p1b: Kangaskhan\n|-damage|p1b: Kangaskhan|59/100\n|\n|upkeep\n|turn|14\n|\n|t:|1776452672\n|move|p1b: Kangaskhan|Crunch|p2a: Archaludon\n|-damage|p2a: Archaludon|30/100 par\n|-damage|p2a: Archaludon|28/100 par\n|-unboost|p2a: Archaludon|def|1\n|-ability|p2a: Archaludon|Stamina|boost\n|-boost|p2a: Archaludon|def|1\n|-hitcount|p2a: Archaludon|2\n|cant|p2a: Archaludon|par\n|\n|upkeep\n|turn|15\n|c|\u2606samtheworld|bruh\n|\n|t:|1776452683\n|move|p1b: Kangaskhan|Crunch|p2a: Archaludon\n|-damage|p2a: Archaludon|22/100 par\n|-damage|p2a: Archaludon|21/100 par\n|-hitcount|p2a: Archaludon|2\n|move|p2a: Archaludon|Flash Cannon|p1b: Kangaskhan\n|-damage|p1b: Kangaskhan|33/100\n|\n|upkeep\n|turn|16\n|c|\u2606samtheworld|they nerfed it LEAVE ME ALONE\n|\n|t:|1776452691\n|move|p1b: Kangaskhan|Crunch|p2a: Archaludon\n|-damage|p2a: Archaludon|15/100 par\n|-damage|p2a: Archaludon|13/100 par\n|-hitcount|p2a: Archaludon|2\n|move|p2a: Archaludon|Flash Cannon|p1b: Kangaskhan\n|-damage|p1b: Kangaskhan|7/100\n|\n|upkeep\n|turn|17\n|\n|t:|1776452699\n|move|p1b: Kangaskhan|Crunch|p2a: Archaludon\n|-damage|p2a: Archaludon|7/100 par\n|-damage|p2a: Archaludon|6/100 par\n|-hitcount|p2a: Archaludon|2\n|cant|p2a: Archaludon|par\n|\n|upkeep\n|turn|18\n|c|\u2606samtheworld|no way dude\n|\n|t:|1776452707\n|move|p1b: Kangaskhan|Crunch|p2a: Archaludon\n|-damage|p2a: Archaludon|0 fnt\n|faint|p2a: Archaludon\n|-hitcount|p2: Archaludon|1\n|\n|win|nakoharuno\n|raw|nakoharuno's rating: 1075 &rarr; <strong>1109</strong><br />(+34 for winning)\n|raw|samtheworld's rating: 1133 &rarr; <strong>1104</strong><br />(-29 for losing)\n|c|\u2606nakoharuno|GG\n|l|\u2606samtheworld\n|player|p2|\n",
  "uploadtime": 1776452726,
  "views": 44,
  "formatid": "gen9championsvgc2026regma",
  "rating": 1104,
  "private": 0,
  "password": null
}