{
  "id": "gen9championsvgc2026regma-2586192889",
  "format": "[Gen 9 Champions] VGC 2026 Reg M-A",
  "players": [
    "yamzinyobooty",
    "te11a"
  ],
  "log": "|j|\u2606yamzinyobooty\n|j|\u2606te11a\n|t:|1776410713\n|gametype|doubles\n|player|p1|yamzinyobooty|102|1054\n|player|p2|te11a|2|1005\n|gen|9\n|tier|[Gen 9 Champions] VGC 2026 Reg M-A\n|rated|\n|rule|Species Clause: Limit one of each Pok\u00e9mon\n|rule|Item Clause: Limit 1 of each item\n|clearpoke\n|poke|p1|Charizard, L50, F|\n|poke|p1|Venusaur, L50, F|\n|poke|p1|Garchomp, L50, F|\n|poke|p1|Incineroar, L50, M|\n|poke|p1|Gardevoir, L50, M|\n|poke|p1|Milotic, L50, F|\n|poke|p2|Crabominable, L50, M|\n|poke|p2|Slowking-Galar, L50, F|\n|poke|p2|Cofagrigus, L50, F|\n|poke|p2|Tsareena, L50, F|\n|poke|p2|Glimmora, L50, F|\n|poke|p2|Samurott-Hisui, L50, F|\n|teampreview|4\n|\n|t:|1776410740\n|teamsize|p1|4\n|teamsize|p2|4\n|start\n|switch|p1a: Charizard|Charizard, L50, F|100/100\n|switch|p1b: Garchomp|Garchomp, L50, F|100/100\n|switch|p2a: Tsareena|Tsareena, L50, F|100/100\n|switch|p2b: Slowking|Slowking-Galar, L50, F|100/100\n|turn|1\n|\n|t:|1776410771\n|detailschange|p1a: Charizard|Charizard-Mega-Y, L50, F\n|-mega|p1a: Charizard|Charizard|Charizardite Y\n|-weather|SunnyDay|[from] ability: Drought|[of] p1a: Charizard\n|move|p1b: Garchomp|Earthquake|p2b: Slowking|[spread] p2a,p2b\n|-immune|p1a: Charizard\n|-resisted|p2a: Tsareena|1\n|-supereffective|p2b: Slowking|1\n|-damage|p2a: Tsareena|75/100\n|-damage|p2b: Slowking|5/100\n|move|p1a: Charizard|Weather Ball|p2a: Tsareena\n|-supereffective|p2a: Tsareena|1\n|-damage|p2a: Tsareena|0 fnt\n|faint|p2a: Tsareena\n|move|p2b: Slowking|Trick Room|p2b: Slowking\n|-fieldstart|move: Trick Room|[of] p2b: Slowking\n|\n|-weather|SunnyDay|[upkeep]\n|upkeep\n|\n|t:|1776410784\n|switch|p2a: Crabominable|Crabominable, L50, M|100/100\n|turn|2\n|\n|t:|1776410808\n|detailschange|p2a: Crabominable|Crabominable-Mega, L50, M\n|-mega|p2a: Crabominable|Crabominable|Crabominite\n|move|p1a: Charizard|Protect|p1a: Charizard\n|-singleturn|p1a: Charizard|Protect\n|-prepare|p2b: Slowking|Chilly Reception|[premajor]\n|move|p2b: Slowking|Chilly Reception|p2b: Slowking\n|-weather|Snowscape\n|\n|t:|1776410814\n|switch|p2b: Cofagrigus|Cofagrigus, L50, F|100/100|[from] Chilly Reception\n|move|p2a: Crabominable|Ice Hammer|p1b: Garchomp\n|-supereffective|p1b: Garchomp|2\n|-enditem|p1b: Garchomp|Yache Berry|[eat]\n|-enditem|p1b: Garchomp|Yache Berry|[weaken]\n|-damage|p1b: Garchomp|0 fnt\n|-unboost|p2a: Crabominable|spe|1\n|-damage|p2a: Crabominable|88/100|[from] ability: Rough Skin|[of] p1b: Garchomp\n|faint|p1b: Garchomp\n|\n|-weather|Snowscape|[upkeep]\n|upkeep\n|\n|t:|1776410824\n|switch|p1b: Milotic|Milotic, L50, F|100/100\n|turn|3\n|\n|t:|1776410836\n|switch|p1a: Gardevoir|Gardevoir, L50, M|100/100\n|move|p2a: Crabominable|Crabhammer|p1a: Gardevoir\n|-damage|p1a: Gardevoir|20/100\n|move|p2b: Cofagrigus|Curse|p1b: Milotic\n|-start|p1b: Milotic|Curse|[of] p2b: Cofagrigus\n|-damage|p2b: Cofagrigus|51/100\n|move|p1b: Milotic|Scald|p2a: Crabominable\n|-damage|p2a: Crabominable|62/100\n|\n|-weather|Snowscape|[upkeep]\n|-heal|p2b: Cofagrigus|57/100|[from] item: Leftovers\n|-damage|p1b: Milotic|76/100|[from] Curse\n|upkeep\n|turn|4\n|\n|t:|1776410854\n|move|p2a: Crabominable|Ice Hammer|p1a: Gardevoir\n|-damage|p1a: Gardevoir|0 fnt\n|-unboost|p2a: Crabominable|spe|1\n|faint|p1a: Gardevoir\n|move|p2b: Cofagrigus|Rest|p2b: Cofagrigus\n|-status|p2b: Cofagrigus|slp|[from] move: Rest\n|-heal|p2b: Cofagrigus|100/100 slp|[silent]\n|move|p1b: Milotic|Scald|p2a: Crabominable\n|-damage|p2a: Crabominable|38/100\n|-status|p2a: Crabominable|brn\n|\n|-weather|Snowscape|[upkeep]\n|-heal|p1b: Milotic|82/100|[from] item: Leftovers\n|-damage|p2a: Crabominable|32/100 brn|[from] brn\n|-damage|p1b: Milotic|57/100|[from] Curse\n|upkeep\n|\n|t:|1776410867\n|switch|p1a: Charizard|Charizard-Mega-Y, L50, F|100/100\n|-weather|SunnyDay|[from] ability: Drought|[of] p1a: Charizard\n|turn|5\n|\n|t:|1776410875\n|move|p1b: Milotic|Protect|p1b: Milotic\n|-singleturn|p1b: Milotic|Protect\n|move|p1a: Charizard|Protect|p1a: Charizard\n|-singleturn|p1a: Charizard|Protect\n|move|p2a: Crabominable|Crabhammer|p1a: Charizard\n|-activate|p1a: Charizard|move: Protect\n|cant|p2b: Cofagrigus|slp\n|move|p2b: Cofagrigus|Sleep Talk|p2b: Cofagrigus\n|move|p2b: Cofagrigus|Rest||[from] move: Sleep Talk|[still]\n|-fail|p2b: Cofagrigus\n|\n|-weather|SunnyDay|[upkeep]\n|-heal|p1b: Milotic|63/100|[from] item: Leftovers\n|-damage|p2a: Crabominable|26/100 brn|[from] brn\n|-damage|p1b: Milotic|38/100|[from] Curse\n|-fieldend|move: Trick Room\n|upkeep\n|turn|6\n|\n|t:|1776410905\n|move|p1a: Charizard|Weather Ball|p2b: Cofagrigus\n|-damage|p2b: Cofagrigus|10/100 slp\n|move|p1b: Milotic|Scald|p2b: Cofagrigus\n|-crit|p2b: Cofagrigus\n|-damage|p2b: Cofagrigus|0 fnt\n|faint|p2b: Cofagrigus\n|move|p2a: Crabominable|Crabhammer|p1a: Charizard\n|-supereffective|p1a: Charizard|1\n|-damage|p1a: Charizard|67/100\n|\n|-weather|SunnyDay|[upkeep]\n|-heal|p1b: Milotic|44/100|[from] item: Leftovers\n|-damage|p2a: Crabominable|20/100 brn|[from] brn\n|-damage|p1b: Milotic|19/100|[from] Curse\n|upkeep\n|\n|t:|1776410918\n|switch|p2b: Slowking|Slowking-Galar, L50, F|38/100\n|turn|7\n|\n|t:|1776410933\n|move|p1a: Charizard|Weather Ball|p2b: Slowking\n|-crit|p2b: Slowking\n|-damage|p2b: Slowking|0 fnt\n|faint|p2b: Slowking\n|move|p1b: Milotic|Scald|p2a: Crabominable\n|-damage|p2a: Crabominable|9/100 brn\n|move|p2a: Crabominable|Drain Punch|p1b: Milotic\n|-damage|p1b: Milotic|0 fnt\n|-heal|p2a: Crabominable|20/100 brn|[from] drain|[of] p1b: Milotic\n|faint|p1b: Milotic\n|\n|-weather|SunnyDay|[upkeep]\n|-damage|p2a: Crabominable|14/100 brn|[from] brn\n|upkeep\n|turn|8\n|c|\u2606yamzinyobooty|ggs\n|\n|t:|1776410947\n|move|p1a: Charizard|Weather Ball|p2a: Crabominable\n|-supereffective|p2a: Crabominable|1\n|-damage|p2a: Crabominable|0 fnt\n|faint|p2a: Crabominable\n|\n|win|yamzinyobooty\n|raw|yamzinyobooty's rating: 1054 &rarr; <strong>1081</strong><br />(+27 for winning)\n|raw|te11a's rating: 1005 &rarr; <strong>1000</strong><br />(-5 for losing)\n",
  "uploadtime": 1776410947,
  "views": 16,
  "formatid": "gen9championsvgc2026regma",
  "rating": 1000,
  "private": 0,
  "password": null
}