{
  "id": "gen9championsvgc2026regma-2585991790",
  "format": "[Gen 9 Champions] VGC 2026 Reg M-A",
  "players": [
    "AAACompanyBtw",
    "skytreewow2"
  ],
  "log": "|j|\u2606AAACompanyBtw\n|j|\u2606skytreewow2\n|t:|1776388240\n|gametype|doubles\n|player|p1|AAACompanyBtw|265|1304\n|player|p2|skytreewow2|102|1340\n|gen|9\n|tier|[Gen 9 Champions] VGC 2026 Reg M-A\n|rated|\n|rule|Species Clause: Limit one of each Pok\u00e9mon\n|rule|Item Clause: Limit 1 of each item\n|clearpoke\n|poke|p1|Sinistcha, L50|\n|poke|p1|Pelipper, L50, M|\n|poke|p1|Rotom-Wash, L50|\n|poke|p1|Mamoswine, L50, M|\n|poke|p1|Orthworm, L50, F|\n|poke|p1|Dragonite, L50, F|\n|poke|p2|Klefki, L50, M|\n|poke|p2|Glimmora, L50, F|\n|poke|p2|Incineroar, L50, M|\n|poke|p2|Garchomp, L50, M|\n|poke|p2|Tyranitar, L50, F|\n|poke|p2|Excadrill, L50, F|\n|teampreview|4\n|j| Xcloutcobain\n|inactive|Battle timer is ON: inactive players will automatically lose when time's up. (requested by AAACompanyBtw)\n|\n|t:|1776388281\n|teamsize|p1|4\n|teamsize|p2|4\n|start\n|switch|p1a: Mamoswine|Mamoswine, L50, M|100/100\n|switch|p1b: Orthworm|Orthworm, L50, F|100/100\n|switch|p2a: Klefki|Klefki, L50, M|100/100\n|switch|p2b: Glimmora|Glimmora, L50, F|100/100\n|turn|1\n|inactive|AAACompanyBtw has 30 seconds left.\n|\n|t:|1776388308\n|move|p2b: Glimmora|Spiky Shield|p2b: Glimmora\n|-singleturn|p2b: Glimmora|move: Protect\n|move|p2a: Klefki|Reflect|p2a: Klefki\n|-sidestart|p2: skytreewow2|Reflect\n|move|p1a: Mamoswine|Earthquake|p2a: Klefki|[spread] p2a\n|-activate|p2b: Glimmora|move: Protect\n|-immune|p1b: Orthworm|[from] ability: Earth Eater\n|-supereffective|p2a: Klefki|1\n|-damage|p2a: Klefki|30/100\n|move|p1b: Orthworm|Shed Tail|p1b: Orthworm\n|-start|p1b: Orthworm|Substitute|[from] move: Shed Tail\n|-damage|p1b: Orthworm|50/100\n|-enditem|p1b: Orthworm|Sitrus Berry|[eat]\n|-heal|p1b: Orthworm|75/100|[from] item: Sitrus Berry\n|\n|t:|1776388326\n|switch|p1b: Pelipper|Pelipper, L50, M|100/100|[from] Shed Tail\n|-weather|RainDance|[from] ability: Drizzle|[of] p1b: Pelipper\n|\n|-weather|RainDance|[upkeep]\n|upkeep\n|turn|2\n|\n|t:|1776388344\n|detailschange|p2b: Glimmora|Glimmora-Mega, L50, F\n|-mega|p2b: Glimmora|Glimmora|Glimmoranite\n|move|p2a: Klefki|Light Screen|p2a: Klefki\n|-sidestart|p2: skytreewow2|move: Light Screen\n|move|p1b: Pelipper|Muddy Water|p2b: Glimmora|[spread] p2a,p2b\n|-supereffective|p2b: Glimmora|1\n|-damage|p2a: Klefki|2/100\n|-damage|p2b: Glimmora|43/100\n|move|p1a: Mamoswine|Earthquake|p2b: Glimmora|[spread] p2a,p2b\n|-immune|p1b: Pelipper\n|-supereffective|p2a: Klefki|1\n|-supereffective|p2b: Glimmora|2\n|-damage|p2a: Klefki|0 fnt\n|-damage|p2b: Glimmora|0 fnt\n|faint|p2a: Klefki\n|faint|p2b: Glimmora\n|\n|-weather|RainDance|[upkeep]\n|upkeep\n|\n|t:|1776388354\n|switch|p2b: Excadrill|Excadrill, L50, F|100/100\n|switch|p2a: Tyranitar|Tyranitar, L50, F|100/100\n|-weather|Sandstorm|[from] ability: Sand Stream|[of] p2a: Tyranitar\n|turn|3\n|\n|t:|1776388362\n|move|p1a: Mamoswine|Protect|p1a: Mamoswine\n|-singleturn|p1a: Mamoswine|Protect\n|move|p2b: Excadrill|Rock Slide|p1a: Mamoswine|[spread] p1b\n|-activate|p1a: Mamoswine|move: Protect\n|-supereffective|p1b: Pelipper|1\n|-end|p1b: Pelipper|Substitute\n|move|p1b: Pelipper|Muddy Water|p2b: Excadrill|[spread] p2a\n|-miss|p1b: Pelipper|p2b: Excadrill\n|-supereffective|p2a: Tyranitar|1\n|-damage|p2a: Tyranitar|81/100\n|move|p2a: Tyranitar|Rock Slide|p1b: Pelipper|[spread] p1b\n|-activate|p1a: Mamoswine|move: Protect\n|-supereffective|p1b: Pelipper|1\n|-damage|p1b: Pelipper|20/100\n|\n|-weather|Sandstorm|[upkeep]\n|-damage|p1b: Pelipper|14/100|[from] Sandstorm\n|upkeep\n|turn|4\n|\n|t:|1776388376\n|switch|p1b: Orthworm|Orthworm, L50, F|75/100\n|move|p2b: Excadrill|Rock Slide|p1a: Mamoswine|[spread] p1a,p1b\n|-resisted|p1b: Orthworm|1\n|-damage|p1a: Mamoswine|76/100\n|-damage|p1b: Orthworm|69/100\n|move|p1a: Mamoswine|Earthquake|p2a: Tyranitar|[spread] p2a,p2b\n|-heal|p1b: Orthworm|94/100|[from] ability: Earth Eater|[of] p1a: Mamoswine\n|-supereffective|p2a: Tyranitar|1\n|-supereffective|p2b: Excadrill|1\n|-crit|p2b: Excadrill\n|-damage|p2a: Tyranitar|32/100\n|-damage|p2b: Excadrill|0 fnt\n|faint|p2b: Excadrill\n|move|p2a: Tyranitar|Rock Slide|p1b: Orthworm|[spread] p1a\n|-miss|p2a: Tyranitar|p1b: Orthworm\n|-damage|p1a: Mamoswine|41/100\n|\n|-weather|Sandstorm|[upkeep]\n|upkeep\n|turn|5\n|-message|skytreewow2 forfeited.\n|\n|win|AAACompanyBtw\n|raw|AAACompanyBtw's rating: 1304 &rarr; <strong>1326</strong><br />(+22 for winning)\n|raw|skytreewow2's rating: 1340 &rarr; <strong>1318</strong><br />(-22 for losing)\n|l|\u2606skytreewow2\n|player|p2|\n",
  "uploadtime": 1776388389,
  "views": 40,
  "formatid": "gen9championsvgc2026regma",
  "rating": 1318,
  "private": 0,
  "password": null
}