{
  "id": "gen9championsvgc2026regma-2584769976",
  "format": "[Gen 9 Champions] VGC 2026 Reg M-A",
  "players": [
    "Dirt_W0man",
    "jasontbest"
  ],
  "log": "|j|\u2606Dirt_W0man\n|j|\u2606jasontbest\n|t:|1776282418\n|gametype|doubles\n|player|p1|Dirt_W0man|lady|1104\n|player|p2|jasontbest|li|1105\n|gen|9\n|tier|[Gen 9 Champions] VGC 2026 Reg M-A\n|rated|\n|rule|Species Clause: Limit one of each Pok\u00e9mon\n|rule|Item Clause: Limit 1 of each item\n|clearpoke\n|poke|p1|Talonflame, L50, F|\n|poke|p1|Sneasler, L50, F|\n|poke|p1|Rotom-Wash, L50|\n|poke|p1|Kingambit, L50, F|\n|poke|p1|Garchomp, L50, F|\n|poke|p1|Tyranitar, L50, F|\n|poke|p2|Blastoise, L50, F|\n|poke|p2|Scovillain, L50, M|\n|poke|p2|Araquanid, L50, M|\n|poke|p2|Scizor, L50, F|\n|poke|p2|Dragonite, L50, M|\n|poke|p2|Gardevoir, L50, F|\n|teampreview|4\n|\n|t:|1776282465\n|teamsize|p1|4\n|teamsize|p2|4\n|start\n|switch|p1a: Talonflame|Talonflame, L50, F|100/100\n|switch|p1b: Sneasler|Sneasler, L50, F, shiny|100/100\n|switch|p2a: Blastoise|Blastoise, L50, F|100/100\n|switch|p2b: Scovillain|Scovillain, L50, M|100/100\n|turn|1\n|\n|t:|1776282507\n|detailschange|p2b: Scovillain|Scovillain-Mega, L50, M\n|-mega|p2b: Scovillain|Scovillain|Scovillainite\n|move|p1b: Sneasler|Fake Out|p2a: Blastoise\n|-damage|p2a: Blastoise|84/100\n|move|p1a: Talonflame|Dual Wingbeat|p2b: Scovillain|[miss]\n|-miss|p1a: Talonflame|p2b: Scovillain\n|cant|p2a: Blastoise|flinch\n|move|p2b: Scovillain|Super Fang|p1a: Talonflame|[miss]\n|-miss|p2b: Scovillain|p1a: Talonflame\n|\n|upkeep\n|turn|2\n|\n|t:|1776282536\n|move|p2b: Scovillain|Rage Powder|p2b: Scovillain\n|-singleturn|p2b: Scovillain|move: Rage Powder\n|move|p1a: Talonflame|Dual Wingbeat|p2b: Scovillain\n|-supereffective|p2b: Scovillain|1\n|-damage|p2b: Scovillain|64/100\n|-immune|p1a: Talonflame\n|-supereffective|p2b: Scovillain|1\n|-damage|p2b: Scovillain|30/100\n|-immune|p1a: Talonflame\n|-hitcount|p2b: Scovillain|2\n|move|p1b: Sneasler|Close Combat|p2b: Scovillain\n|-damage|p2b: Scovillain|0 fnt\n|-unboost|p1b: Sneasler|def|1\n|-unboost|p1b: Sneasler|spd|1\n|-status|p1b: Sneasler|brn|[from] ability: Spicy Spray|[of] p2b: Scovillain\n|faint|p2b: Scovillain\n|-enditem|p1b: Sneasler|White Herb\n|-clearnegativeboost|p1b: Sneasler|[silent]\n|move|p2a: Blastoise|Shell Smash|p2a: Blastoise\n|-unboost|p2a: Blastoise|def|1\n|-unboost|p2a: Blastoise|spd|1\n|-boost|p2a: Blastoise|atk|2\n|-boost|p2a: Blastoise|spa|2\n|-boost|p2a: Blastoise|spe|2\n|-enditem|p2a: Blastoise|White Herb\n|-clearnegativeboost|p2a: Blastoise|[silent]\n|\n|-damage|p1b: Sneasler|95/100 brn|[from] brn\n|upkeep\n|\n|t:|1776282565\n|switch|p2b: Dragonite|Dragonite, L50, M|100/100\n|turn|3\n|\n|t:|1776282587\n|move|p2a: Blastoise|Protect|p2a: Blastoise\n|-singleturn|p2a: Blastoise|Protect\n|move|p1a: Talonflame|Protect|p1a: Talonflame\n|-singleturn|p1a: Talonflame|Protect\n|move|p1b: Sneasler|Close Combat|p2a: Blastoise\n|-activate|p2a: Blastoise|move: Protect\n|move|p2b: Dragonite|Tailwind|p2b: Dragonite\n|-sidestart|p2: jasontbest|move: Tailwind\n|\n|-damage|p1b: Sneasler|89/100 brn|[from] brn\n|upkeep\n|turn|4\n|\n|t:|1776282610\n|move|p1b: Sneasler|Protect|p1b: Sneasler\n|-singleturn|p1b: Sneasler|Protect\n|move|p1a: Talonflame|Tailwind|p1a: Talonflame\n|-sidestart|p1: Dirt_W0man|move: Tailwind\n|move|p2a: Blastoise|Water Spout|p1a: Talonflame|[spread] p1a\n|-activate|p1b: Sneasler|move: Protect\n|-supereffective|p1a: Talonflame|1\n|-damage|p1a: Talonflame|0 fnt\n|faint|p1a: Talonflame\n|move|p2b: Dragonite|Thunderbolt|p1b: Sneasler\n|-activate|p1b: Sneasler|move: Protect\n|\n|-damage|p1b: Sneasler|83/100 brn|[from] brn\n|upkeep\n|\n|t:|1776282625\n|switch|p1a: Rotom|Rotom-Wash, L50|100/100\n|turn|5\n|\n|t:|1776282643\n|move|p1b: Sneasler|Dire Claw|p2b: Dragonite\n|-damage|p2b: Dragonite|90/100\n|-status|p2b: Dragonite|psn\n|move|p2a: Blastoise|Water Spout|p1a: Rotom|[spread] p1a,p1b\n|-resisted|p1a: Rotom|1\n|-damage|p1a: Rotom|62/100\n|-damage|p1b: Sneasler|0 fnt\n|faint|p1b: Sneasler\n|move|p2b: Dragonite|Thunderbolt|p1a: Rotom\n|-damage|p1a: Rotom|33/100\n|move|p1a: Rotom|Thunderbolt|p2a: Blastoise\n|-supereffective|p2a: Blastoise|1\n|-damage|p2a: Blastoise|0 fnt\n|faint|p2a: Blastoise\n|\n|-damage|p2b: Dragonite|78/100 psn|[from] psn\n|upkeep\n|\n|t:|1776282662\n|switch|p1b: Garchomp|Garchomp, L50, F, shiny|100/100\n|switch|p2a: Gardevoir|Gardevoir, L50, F|100/100\n|-ability|p2a: Gardevoir|Levitate|Trace|[from] ability: Trace|[of] p1a: Rotom\n|turn|6\n|\n|t:|1776282687\n|detailschange|p1b: Garchomp|Garchomp-Mega, L50, F, shiny\n|-mega|p1b: Garchomp|Garchomp|Garchompite\n|move|p1b: Garchomp|Protect|p1b: Garchomp\n|-singleturn|p1b: Garchomp|Protect\n|move|p1a: Rotom|Protect|p1a: Rotom\n|-singleturn|p1a: Rotom|Protect\n|move|p2a: Gardevoir|Moonblast|p1a: Rotom\n|-activate|p1a: Rotom|move: Protect\n|move|p2b: Dragonite|Ice Beam|p1b: Garchomp\n|-activate|p1b: Garchomp|move: Protect\n|\n|-damage|p2b: Dragonite|66/100 psn|[from] psn\n|-sideend|p2: jasontbest|move: Tailwind\n|upkeep\n|turn|7\n|\n|t:|1776282731\n|move|p1b: Garchomp|Dragon Claw|p2b: Dragonite\n|-supereffective|p2b: Dragonite|1\n|-damage|p2b: Dragonite|0 fnt\n|faint|p2b: Dragonite\n|move|p1a: Rotom|Thunderbolt|p1b: Garchomp\n|-immune|p1b: Garchomp\n|move|p2a: Gardevoir|Moonblast|p1b: Garchomp\n|-supereffective|p1b: Garchomp|1\n|-damage|p1b: Garchomp|5/100\n|\n|-sideend|p1: Dirt_W0man|move: Tailwind\n|upkeep\n|turn|8\n|\n|t:|1776282763\n|move|p2a: Gardevoir|Vacuum Wave|p1b: Garchomp\n|-damage|p1b: Garchomp|0 fnt\n|faint|p1b: Garchomp\n|move|p1a: Rotom|Thunderbolt|p2a: Gardevoir\n|-damage|p2a: Gardevoir|54/100\n|\n|upkeep\n|turn|9\n|\n|t:|1776282774\n|move|p2a: Gardevoir|Moonblast|p1a: Rotom\n|-damage|p1a: Rotom|0 fnt\n|faint|p1a: Rotom\n|\n|win|jasontbest\n|raw|Dirt_W0man's rating: 1104 &rarr; <strong>1079</strong><br />(-25 for losing)\n|raw|jasontbest's rating: 1105 &rarr; <strong>1130</strong><br />(+25 for winning)\n|c|\u2606jasontbest|Gg\n|c|\u2606Dirt_W0man|wtf happened on turn 7\n|c|\u2606Dirt_W0man|dragonite died but used thunderbolt on my garchomp\n|c|\u2606Dirt_W0man|and then my rotom did nothing\n",
  "uploadtime": 1776282808,
  "views": 17,
  "formatid": "gen9championsvgc2026regma",
  "rating": 1079,
  "private": 0,
  "password": null
}