{
  "id": "gen9championsvgc2026regma-2587028436",
  "format": "[Gen 9 Champions] VGC 2026 Reg M-A",
  "players": [
    "kurow23",
    "Scrambledegg62"
  ],
  "log": "|j|\u2606kurow23\n|j|\u2606Scrambledegg62\n|t:|1776482849\n|gametype|doubles\n|player|p1|kurow23|plasmagrunt|1185\n|player|p2|Scrambledegg62|lance|1251\n|gen|9\n|tier|[Gen 9 Champions] VGC 2026 Reg M-A\n|rated|\n|rule|Species Clause: Limit one of each Pok\u00e9mon\n|rule|Item Clause: Limit 1 of each item\n|clearpoke\n|poke|p1|Sinistcha, L50|\n|poke|p1|Aerodactyl, L50, M|\n|poke|p1|Archaludon, L50, M|\n|poke|p1|Lopunny, L50, F|\n|poke|p1|Skarmory, L50, M|\n|poke|p1|Primarina, L50, F|\n|poke|p2|Sneasler, L50, F|\n|poke|p2|Aerodactyl, L50, M|\n|poke|p2|Floette-Eternal, L50, F|\n|poke|p2|Kingambit, L50, M|\n|poke|p2|Basculegion, L50, M|\n|poke|p2|Sinistcha, L50|\n|teampreview|4\n|inactive|Battle timer is ON: inactive players will automatically lose when time's up. (requested by Scrambledegg62)\n|inactive|Scrambledegg62 has 60 seconds left.\n|inactive|Scrambledegg62 has 30 seconds left.\n|inactive|Scrambledegg62 has 20 seconds left.\n|inactive|Scrambledegg62 has 15 seconds left.\n|\n|t:|1776482925\n|teamsize|p1|4\n|teamsize|p2|4\n|start\n|switch|p1a: Aerodactyl|Aerodactyl, L50, M|100/100\n|switch|p1b: Lopunny|Lopunny, L50, F|100/100\n|switch|p2a: Aerodactyl|Aerodactyl, L50, M, shiny|100/100\n|switch|p2b: Floette|Floette-Eternal, L50, F|100/100\n|-ability|p1a: Aerodactyl|Unnerve\n|-ability|p2a: Aerodactyl|Unnerve\n|turn|1\n|\n|t:|1776482938\n|detailschange|p2b: Floette|Floette-Mega, L50, F\n|-mega|p2b: Floette|Floette|Floettite\n|-ability|p2b: Floette|Fairy Aura\n|move|p2a: Aerodactyl|Protect|p2a: Aerodactyl\n|-singleturn|p2a: Aerodactyl|Protect\n|move|p2b: Floette|Protect|p2b: Floette\n|-singleturn|p2b: Floette|Protect\n|move|p1b: Lopunny|Fake Out|p2b: Floette\n|-activate|p2b: Floette|move: Protect\n|move|p1a: Aerodactyl|Tailwind|p1a: Aerodactyl\n|-sidestart|p1: kurow23|move: Tailwind\n|\n|upkeep\n|turn|2\n|\n|t:|1776482959\n|detailschange|p1b: Lopunny|Lopunny-Mega, L50, F\n|-mega|p1b: Lopunny|Lopunny|Lopunnite\n|move|p1a: Aerodactyl|Rock Slide|p2a: Aerodactyl|[spread] p2a\n|-miss|p1a: Aerodactyl|p2b: Floette\n|-supereffective|p2a: Aerodactyl|1\n|-damage|p2a: Aerodactyl|27/100\n|move|p1b: Lopunny|Facade|p2b: Floette\n|-damage|p2b: Floette|57/100\n|move|p2a: Aerodactyl|Tailwind|p2a: Aerodactyl\n|-sidestart|p2: Scrambledegg62|move: Tailwind\n|move|p2b: Floette|Dazzling Gleam|p1a: Aerodactyl|[spread] p1a,p1b\n|-supereffective|p1b: Lopunny|1\n|-damage|p1a: Aerodactyl|31/100\n|-damage|p1b: Lopunny|0 fnt\n|faint|p1b: Lopunny\n|\n|upkeep\n|\n|t:|1776482973\n|switch|p1b: Archaludon|Archaludon, L50, M|100/100\n|turn|3\n|\n|t:|1776482995\n|move|p1b: Archaludon|Flash Cannon|p2b: Floette\n|-supereffective|p2b: Floette|1\n|-damage|p2b: Floette|0 fnt\n|faint|p2b: Floette\n|move|p2a: Aerodactyl|Dual Wingbeat|p1a: Aerodactyl\n|-resisted|p1a: Aerodactyl|1\n|-damage|p1a: Aerodactyl|15/100\n|-resisted|p1a: Aerodactyl|1\n|-damage|p1a: Aerodactyl|2/100\n|-hitcount|p1a: Aerodactyl|2\n|move|p1a: Aerodactyl|Rock Slide|p2a: Aerodactyl\n|-supereffective|p2a: Aerodactyl|1\n|-damage|p2a: Aerodactyl|0 fnt\n|faint|p2a: Aerodactyl\n|\n|upkeep\n|\n|t:|1776483005\n|switch|p2a: Basculegion|Basculegion, L50, M, shiny|100/100\n|switch|p2b: Sneasler|Sneasler, L50, F|100/100\n|turn|4\n|\n|t:|1776483022\n|switch|p1b: Sinistcha|Sinistcha, L50|100/100\n|move|p1a: Aerodactyl|Protect|p1a: Aerodactyl\n|-singleturn|p1a: Aerodactyl|Protect\n|move|p2b: Sneasler|Fake Out|p1a: Aerodactyl\n|-activate|p1a: Aerodactyl|move: Protect\n|move|p2a: Basculegion|Last Respects|p1b: Sinistcha\n|-supereffective|p1b: Sinistcha|1\n|-damage|p1b: Sinistcha|0 fnt\n|faint|p1b: Sinistcha\n|\n|-sideend|p1: kurow23|move: Tailwind\n|upkeep\n|\n|t:|1776483033\n|switch|p1b: Archaludon|Archaludon, L50, M|100/100\n|turn|5\n|\n|t:|1776483047\n|move|p2a: Basculegion|Last Respects|p1a: Aerodactyl\n|-damage|p1a: Aerodactyl|0 fnt\n|faint|p1a: Aerodactyl\n|move|p2b: Sneasler|Close Combat|p1b: Archaludon\n|-supereffective|p1b: Archaludon|1\n|-ability|p1b: Archaludon|Sturdy\n|-damage|p1b: Archaludon|1/100\n|-unboost|p2b: Sneasler|def|1\n|-unboost|p2b: Sneasler|spd|1\n|-enditem|p2b: Sneasler|White Herb\n|-clearnegativeboost|p2b: Sneasler|[silent]\n|move|p1b: Archaludon|Thunderbolt|p2b: Sneasler\n|-damage|p2b: Sneasler|56/100\n|\n|-sideend|p2: Scrambledegg62|move: Tailwind\n|upkeep\n|turn|6\n|\n|t:|1776483061\n|move|p2b: Sneasler|Close Combat|p1b: Archaludon\n|-supereffective|p1b: Archaludon|1\n|-damage|p1b: Archaludon|0 fnt\n|-unboost|p2b: Sneasler|def|1\n|-unboost|p2b: Sneasler|spd|1\n|faint|p1b: Archaludon\n|\n|win|Scrambledegg62\n|raw|kurow23's rating: 1185 &rarr; <strong>1165</strong><br />(-20 for losing)\n|raw|Scrambledegg62's rating: 1251 &rarr; <strong>1271</strong><br />(+20 for winning)\n",
  "uploadtime": 1776483062,
  "views": 14,
  "formatid": "gen9championsvgc2026regma",
  "rating": 1165,
  "private": 0,
  "password": null
}