{
  "id": "gen9championsvgc2026regma-2586266362",
  "format": "[Gen 9 Champions] VGC 2026 Reg M-A",
  "players": [
    "AceeeVGC",
    "lapemaya"
  ],
  "log": "|j|\u2606AceeeVGC\n|j|\u2606lapemaya\n|t:|1776419214\n|gametype|doubles\n|player|p1|AceeeVGC|170|\n|player|p2|lapemaya|102|\n|gen|9\n|tier|[Gen 9 Champions] VGC 2026 Reg M-A\n|rated|Tournament battle\n|rule|Species Clause: Limit one of each Pok\u00e9mon\n|rule|Item Clause: Limit 1 of each item\n|raw|<div class=\"infobox\"><details class=\"readmore\" open><summary><strong>1 custom rule:</strong></summary> Force Open Team Sheets</details></div>\n|clearpoke\n|poke|p1|Maushold-Four, L50|\n|poke|p1|Whimsicott, L50, M|\n|poke|p1|Floette-Eternal, L50, F|\n|poke|p1|Charizard, L50, M|\n|poke|p1|Farigiraf, L50, F|\n|poke|p1|Garchomp, L50, M|\n|poke|p2|Gengar, L50, M|\n|poke|p2|Politoed, L50, F|\n|poke|p2|Meganium, L50, F|\n|poke|p2|Basculegion, L50, M|\n|poke|p2|Incineroar, L50, M|\n|poke|p2|Kingambit, L50, F|\n|teampreview|4\n|showteam|p1|Maushold-Four||ChopleBerry|FriendGuard|SuperFang,HelpingHand,FollowMe,Taunt||||||50|]Whimsicott||FocusSash|Prankster|Moonblast,Encore,Tailwind,Protect|||M|||50|]Floette-Eternal||Floettite|FlowerVeil|DazzlingGleam,DrainingKiss,CalmMind,Protect|||F|||50|]Charizard||CharizarditeY|Blaze|HeatWave,DragonPulse,SolarBeam,Protect|||M|||50|]Farigiraf||ColburBerry|ArmorTail|Psychic,TrickRoom,Imprison,Protect|||F|||50|]Garchomp||ChoiceScarf|RoughSkin|Earthquake,RockSlide,DragonClaw,IronHead|||M|||50|\n|showteam|p2|Gengar||Gengarite|CursedBody|ShadowBall,IcyWind,Protect,PerishSong|||M|||50|]Politoed||Leftovers|Drizzle|PerishSong,Protect,MuddyWater,IcyWind|||F|||50|]Meganium||Meganiumite|Overgrow|EnergyBall,WeatherBall,Protect,DazzlingGleam|||F|||50|]Basculegion||MysticWater|SwiftSwim|LastRespects,Protect,WaveCrash,FlipTurn|||M|||50|]Incineroar||SitrusBerry|Intimidate|FakeOut,PartingShot,Protect,DarkestLariat|||M|||50|]Kingambit||BlackGlasses|Defiant|KowtowCleave,SuckerPunch,Protect,IronHead|||F|||50|\n|j| yukki0207\n|inactive|Battle timer is ON: inactive players will automatically lose when time's up. (requested by lapemaya)\nlapemaya has agreed to open team sheets.\n|j| whytaylorissocold\n|j| giftedyew\n|l| whytaylorissocold\n|j| Glitch30\n|\n|t:|1776419247\n|teamsize|p1|4\n|teamsize|p2|4\n|start\n|switch|p1a: Whimsicott|Whimsicott, L50, M|100/100\n|switch|p1b: Charizard|Charizard, L50, M|100/100\n|switch|p2a: Incineroar|Incineroar, L50, M|100/100\n|switch|p2b: Gengar|Gengar, L50, M|100/100\n|-ability|p2a: Incineroar|Intimidate|boost\n|-unboost|p1a: Whimsicott|atk|1\n|-unboost|p1b: Charizard|atk|1\n|turn|1\n|inactive|AceeeVGC has 30 seconds left.\n|inactive|AceeeVGC has 20 seconds left.\n|inactive|AceeeVGC has 15 seconds left.\n|inactive|AceeeVGC has 10 seconds left.\n|inactive|AceeeVGC has 5 seconds left.\n|\n|t:|1776419299\n|detailschange|p2b: Gengar|Gengar-Mega, L50, M\n|-mega|p2b: Gengar|Gengar|Gengarite\n|detailschange|p1b: Charizard|Charizard-Mega-Y, L50, M\n|-mega|p1b: Charizard|Charizard|Charizardite Y\n|-weather|SunnyDay|[from] ability: Drought|[of] p1b: Charizard\n|move|p2a: Incineroar|Fake Out|p1b: Charizard\n|-damage|p1b: Charizard|85/100\n|move|p2b: Gengar|Perish Song|p2b: Gengar\n|-start|p1a: Whimsicott|perish3|[silent]\n|-start|p1b: Charizard|perish3|[silent]\n|-start|p2a: Incineroar|perish3|[silent]\n|-start|p2b: Gengar|perish3|[silent]\n|-fieldactivate|move: Perish Song\n|cant|p1b: Charizard|flinch\n|move|p1a: Whimsicott|Moonblast|p2b: Gengar\n|-resisted|p2b: Gengar|1\n|-crit|p2b: Gengar\n|-damage|p2b: Gengar|65/100\n|-unboost|p2b: Gengar|spa|1\n|\n|-weather|SunnyDay|[upkeep]\n|-start|p2b: Gengar|perish3\n|-start|p1b: Charizard|perish3\n|-start|p1a: Whimsicott|perish3\n|-start|p2a: Incineroar|perish3\n|upkeep\n|turn|2\n|inactive|lapemaya has 30 seconds left.\n|\n|t:|1776419325\n|move|p2b: Gengar|Protect|p2b: Gengar\n|-singleturn|p2b: Gengar|Protect\n|move|p1a: Whimsicott|Encore|p2b: Gengar\n|-activate|p2b: Gengar|move: Protect\n|move|p1b: Charizard|Heat Wave|p2b: Gengar|[spread] p2a\n|-activate|p2b: Gengar|move: Protect\n|-resisted|p2a: Incineroar|1\n|-damage|p2a: Incineroar|76/100\n|move|p2a: Incineroar|Parting Shot|p1b: Charizard\n|-unboost|p1b: Charizard|atk|1\n|-unboost|p1b: Charizard|spa|1\n|\n|t:|1776419338\n|switch|p2a: Basculegion|Basculegion, L50, M|100/100|[from] Parting Shot\n|\n|-weather|SunnyDay|[upkeep]\n|-start|p2b: Gengar|perish2\n|-start|p1b: Charizard|perish2\n|-start|p1a: Whimsicott|perish2\n|upkeep\n|turn|3\n|j| mishedngI\n|inactive|AceeeVGC has 30 seconds left.\n|j| zannara\n|inactive|AceeeVGC has 20 seconds left.\n|j| Hy3ll0\n|c|\u2606AceeeVGC|I lose especially cause I didn\u2019t lead farig idk wtf I was thinking\n|l| mishedngI\n|inactive|AceeeVGC has 15 seconds left.\n|inactive|AceeeVGC has 10 seconds left.\n|inactive|AceeeVGC has 5 seconds left.\n|\n|t:|1776419389\n|switch|p2b: Politoed|Politoed, L50, F|100/100\n|-weather|RainDance|[from] ability: Drizzle|[of] p2b: Politoed\n|move|p1a: Whimsicott|Tailwind|p1a: Whimsicott\n|-sidestart|p1: AceeeVGC|move: Tailwind\n|move|p1b: Charizard|Solar Beam||[still]\n|-prepare|p1b: Charizard|Solar Beam\n|move|p2a: Basculegion|Flip Turn|p1b: Charizard\n|-supereffective|p1b: Charizard|1\n|-damage|p1b: Charizard|0 fnt\n|faint|p1b: Charizard\n|c|\u2606lapemaya|if you want send me the request and lets make it bo3\n|\n|t:|1776419400\n|switch|p2a: Gengar|Gengar-Mega, L50, M|65/100|[from] Flip Turn\n|\n|-weather|RainDance|[upkeep]\n|-start|p1a: Whimsicott|perish1\n|upkeep\n|\n|t:|1776419412\n|switch|p1b: Garchomp|Garchomp, L50, M|100/100\n|turn|4\n|\n|t:|1776419432\n|move|p2a: Gengar|Protect|p2a: Gengar\n|-singleturn|p2a: Gengar|Protect\n|move|p1b: Garchomp|Earthquake|p2a: Gengar|[spread] p1a,p2b\n|-activate|p2a: Gengar|move: Protect\n|-resisted|p1a: Whimsicott|1\n|-damage|p1a: Whimsicott|75/100\n|-damage|p2b: Politoed|62/100\n|move|p1a: Whimsicott|Moonblast|p2a: Gengar\n|-activate|p2a: Gengar|move: Protect\n|move|p2b: Politoed|Icy Wind|p1a: Whimsicott|[spread] p1a,p1b\n|-supereffective|p1a: Whimsicott|1\n|-supereffective|p1b: Garchomp|2\n|-damage|p1a: Whimsicott|51/100\n|-damage|p1b: Garchomp|57/100\n|-unboost|p1a: Whimsicott|spe|1\n|-unboost|p1b: Garchomp|spe|1\n|\n|-weather|RainDance|[upkeep]\n|-heal|p2b: Politoed|68/100|[from] item: Leftovers\n|-start|p1a: Whimsicott|perish0\n|faint|p1a: Whimsicott\n|upkeep\n|inactive|AceeeVGC has 30 seconds left.\n|inactive|AceeeVGC has 20 seconds left.\n|j| onlyandre\n|c|\u2606AceeeVGC|The dub is yours for sure! But I\u2019d be up for a bo3 absolutely\n|inactive|AceeeVGC has 15 seconds left.\n|\n|t:|1776419472\n|switch|p1a: Maushold|Maushold-Four, L50|100/100\n|turn|5\n|\n|t:|1776419481\n|switch|p2a: Incineroar|Incineroar, L50, M|76/100\n|-ability|p2a: Incineroar|Intimidate|boost\n|-unboost|p1a: Maushold|atk|1\n|-unboost|p1b: Garchomp|atk|1\n|move|p1a: Maushold|Helping Hand|p1b: Garchomp\n|-singleturn|p1b: Garchomp|Helping Hand|[of] p1a: Maushold\n|move|p1b: Garchomp|Earthquake|p2a: Incineroar|[spread] p1a,p2a,p2b\n|-supereffective|p2a: Incineroar|1\n|-damage|p1a: Maushold|65/100\n|-damage|p2a: Incineroar|19/100\n|-damage|p2b: Politoed|32/100\n|-enditem|p2a: Incineroar|Sitrus Berry|[eat]\n|-heal|p2a: Incineroar|44/100|[from] item: Sitrus Berry\n|move|p2b: Politoed|Perish Song|p2b: Politoed\n|-start|p1a: Maushold|perish3|[silent]\n|-start|p1b: Garchomp|perish3|[silent]\n|-start|p2a: Incineroar|perish3|[silent]\n|-start|p2b: Politoed|perish3|[silent]\n|-fieldactivate|move: Perish Song\n|\n|-weather|RainDance|[upkeep]\n|-heal|p2b: Politoed|38/100|[from] item: Leftovers\n|-start|p1b: Garchomp|perish3\n|-start|p1a: Maushold|perish3\n|-start|p2b: Politoed|perish3\n|-start|p2a: Incineroar|perish3\n|upkeep\n|turn|6\n|\n|t:|1776419505\n|move|p1a: Maushold|Helping Hand|p1b: Garchomp\n|-singleturn|p1b: Garchomp|Helping Hand|[of] p1a: Maushold\n|move|p2a: Incineroar|Fake Out|p1b: Garchomp\n|-damage|p1b: Garchomp|49/100\n|-damage|p2a: Incineroar|31/100|[from] ability: Rough Skin|[of] p1b: Garchomp\n|cant|p1b: Garchomp|flinch\n|move|p2b: Politoed|Icy Wind|p1b: Garchomp|[spread] p1a,p1b\n|-supereffective|p1b: Garchomp|2\n|-damage|p1a: Maushold|56/100\n|-damage|p1b: Garchomp|18/100\n|-unboost|p1a: Maushold|spe|1\n|-unboost|p1b: Garchomp|spe|1\n|\n|-weather|RainDance|[upkeep]\n|-heal|p2b: Politoed|43/100|[from] item: Leftovers\n|-start|p1b: Garchomp|perish2\n|-start|p1a: Maushold|perish2\n|-start|p2b: Politoed|perish2\n|-start|p2a: Incineroar|perish2\n|-sideend|p1: AceeeVGC|move: Tailwind\n|upkeep\n|turn|7\n|c|\u2606lapemaya|ggs\n|inactive|AceeeVGC has 30 seconds left.\n|c|\u2606AceeeVGC|Ggs! Wp\n|\n|t:|1776419540\n|move|p2b: Politoed|Protect|p2b: Politoed\n|-singleturn|p2b: Politoed|Protect\n|move|p2a: Incineroar|Protect|p2a: Incineroar\n|-singleturn|p2a: Incineroar|Protect\n|move|p1a: Maushold|Follow Me|p1a: Maushold\n|-singleturn|p1a: Maushold|move: Follow Me\n|move|p1b: Garchomp|Earthquake|p2a: Incineroar|[spread] p1a\n|-activate|p2a: Incineroar|move: Protect\n|-activate|p2b: Politoed|move: Protect\n|-damage|p1a: Maushold|30/100\n|\n|-weather|none\n|-heal|p2b: Politoed|49/100|[from] item: Leftovers\n|-start|p1b: Garchomp|perish1\n|-start|p2b: Politoed|perish1\n|-start|p1a: Maushold|perish1\n|-start|p2a: Incineroar|perish1\n|upkeep\n|turn|8\n|l| giftedyew\n|c|\u2606lapemaya|y2\n|inactive|AceeeVGC has 30 seconds left.\n|c|\u2606lapemaya|i sent you the rematch\n|inactive|AceeeVGC has 20 seconds left.\n|inactive|AceeeVGC has 15 seconds left.\n|\n|t:|1776419581\n|move|p1a: Maushold|Helping Hand|p1b: Garchomp\n|-singleturn|p1b: Garchomp|Helping Hand|[of] p1a: Maushold\n|move|p2b: Politoed|Protect||[still]\n|-fail|p2b: Politoed\n|move|p2a: Incineroar|Protect||[still]\n|-fail|p2a: Incineroar\n|move|p1b: Garchomp|Earthquake|p2a: Incineroar|[spread] p1a,p2a,p2b\n|-supereffective|p2a: Incineroar|1\n|-damage|p1a: Maushold|0 fnt\n|-damage|p2a: Incineroar|0 fnt\n|-damage|p2b: Politoed|16/100\n|faint|p1a: Maushold\n|faint|p2a: Incineroar\n|\n|-heal|p2b: Politoed|22/100|[from] item: Leftovers\n|-start|p1b: Garchomp|perish0\n|-start|p2b: Politoed|perish0\n|upkeep\n|faint|p1b: Garchomp\n|faint|p2b: Politoed\n|\n|win|lapemaya\n|n|\u2606AceeeVGC|aceeevgc\n|n|\u2606lapemaya|lapemaya\n|n| yukki0207|yukki0207\n|n| Glitch30|glitch30\n|n| zannara|zannara\n|n| Hy3ll0|hy3ll0\n|n| onlyandre|onlyandre\n|j| porygon-epilepz\n|c|\u2606AceeeVGC|Okay bet\n",
  "uploadtime": 1776419581,
  "views": 17,
  "formatid": "gen9championsvgc2026regma",
  "rating": null,
  "private": 0,
  "password": null
}