{
  "id": "gen9championsvgc2026regma-2582123701",
  "format": "[Gen 9 Champions] VGC 2026 Reg M-A",
  "players": [
    "DreamPrince",
    "eren honyao"
  ],
  "log": "|j|\u2606DreamPrince\n|j|\u2606eren honyao\n|t:|1776060993\n|gametype|doubles\n|player|p1|DreamPrince|dahlia|\n|player|p2|eren honyao|steven|\n|gen|9\n|tier|[Gen 9 Champions] VGC 2026 Reg M-A\n|rated|Tournament battle\n|rule|Species Clause: Limit one of each Pok\u00e9mon\n|rule|Item Clause: Limit 1 of each item\n|raw|<div class=\"infobox\"><details class=\"readmore\" open><summary><strong>1 custom rule:</strong></summary> Force Open Team Sheets</details></div>\n|clearpoke\n|poke|p1|Mamoswine, L50, F|\n|poke|p1|Greninja-*, L50, M|\n|poke|p1|Altaria, L50, F|\n|poke|p1|Incineroar, L50, M|\n|poke|p1|Rotom-Wash, L50|\n|poke|p1|Aegislash, L50, M|\n|poke|p2|Charizard, L50, M|\n|poke|p2|Sneasler, L50, F|\n|poke|p2|Basculegion, L50, M|\n|poke|p2|Garchomp, L50, F|\n|poke|p2|Incineroar, L50, M|\n|poke|p2|Venusaur, L50, F|\n|teampreview|4\n|showteam|p1|Mamoswine||FocusSash|Oblivious|IcicleCrash,IceShard,Earthquake,Protect|||F|||50|]Greninja||Greninjite|Protean|HydroPump,SludgeWave,Extrasensory,Protect|||M|||50|]Altaria||Altarianite|CloudNine|Tailwind,HyperVoice,FireBlast,Protect|||F|||50|]Incineroar||SitrusBerry|Intimidate|FakeOut,FlareBlitz,PartingShot,Taunt|||M|||50|]Rotom-Wash||Leftovers|Levitate|Thunderbolt,WillOWisp,HydroPump,Protect||||||50|]Aegislash||SpellTag|StanceChange|ShadowSneak,Poltergeist,KingsShield,IronHead|||M|||50|\n|showteam|p2|Charizard||CharizarditeY|Blaze|HeatWave,WeatherBall,AirSlash,Protect|||M|||50|]Sneasler||WhiteHerb|Unburden|CloseCombat,DireClaw,RockSlide,Protect|||F|||50|]Basculegion||ChoiceScarf|Adaptability|WaveCrash,LastRespects,AquaJet,FlipTurn|||M|||50|]Garchomp||HabanBerry|RoughSkin|Earthquake,RockSlide,DragonClaw,Protect|||F|||50|]Incineroar||SitrusBerry|Intimidate|FakeOut,FlareBlitz,ThroatChop,PartingShot|||M|||50|]Venusaur||FocusSash|Chlorophyll|EnergyBall,SludgeBomb,EarthPower,SleepPowder|||F|||50|\n|j| owslabored\n|j| tastyfloop\n|j| sgrace\n|j| Easy L's\n|j| pipievgc103\n|\n|t:|1776061096\n|teamsize|p1|4\n|teamsize|p2|4\n|start\n|switch|p1a: Peaches|Mamoswine, L50, F|100/100\n|switch|p1b: Kermit|Greninja, L50, M|100/100\n|switch|p2a: Incineroar|Incineroar, L50, M, shiny|100/100\n|switch|p2b: Basculegion|Basculegion, L50, M, shiny|100/100\n|-ability|p2a: Incineroar|Intimidate|boost\n|-fail|p1a: Peaches|unboost|Attack|[from] ability: Oblivious|[of] p1a: Peaches\n|-unboost|p1b: Kermit|atk|1\n|turn|1\n|inactive|Battle timer is ON: inactive players will automatically lose when time's up. (requested by eren honyao)\n|l| pipievgc103\n|l| sgrace\n|j| sgrace\n|j| Teeam Rocket\n|inactive|eren honyao has 60 seconds left.\n|j| mysticmarshtomp\n|j| speedyturtle87\n|j| Thogi_\n|\n|t:|1776061149\n|switch|p1b: Danny|Rotom-Wash, L50, shiny|100/100\n|switch|p2a: Charizard|Charizard, L50, M, shiny|100/100\n|move|p1a: Peaches|Protect|p1a: Peaches\n|-singleturn|p1a: Peaches|Protect\n|move|p2b: Basculegion|Flip Turn|p1a: Peaches\n|-activate|p1a: Peaches|move: Protect\n|\n|upkeep\n|turn|2\n|j| pipievgc103\n|\n|t:|1776061169\n|switch|p1a: Allegra|Altaria, L50, F, shiny|100/100\n|-ability|p1a: Allegra|Cloud Nine\n|move|p2a: Charizard|Protect|p2a: Charizard\n|-singleturn|p2a: Charizard|Protect\n|move|p2b: Basculegion|Flip Turn|p1a: Allegra\n|-resisted|p1a: Allegra|1\n|-damage|p1a: Allegra|80/100\n|\n|t:|1776061183\n|switch|p2b: Incineroar|Incineroar, L50, M, shiny|100/100|[from] Flip Turn\n|-ability|p2b: Incineroar|Intimidate|boost\n|-unboost|p1a: Allegra|atk|1\n|-unboost|p1b: Danny|atk|1\n|move|p1b: Danny|Thunderbolt|p2b: Incineroar\n|-damage|p2b: Incineroar|74/100\n|\n|upkeep\n|turn|3\n|inactive|DreamPrince has 30 seconds left.\n|inactive|eren honyao has 30 seconds left.\n|\n|t:|1776061215\n|detailschange|p2a: Charizard|Charizard-Mega-Y, L50, M, shiny\n|-mega|p2a: Charizard|Charizard|Charizardite Y\n|-weather|SunnyDay|[from] ability: Drought|[of] p2a: Charizard\n|move|p1b: Danny|Protect|p1b: Danny\n|-singleturn|p1b: Danny|Protect\n|move|p1a: Allegra|Protect|p1a: Allegra\n|-singleturn|p1a: Allegra|Protect\n|move|p2b: Incineroar|Fake Out|p1b: Danny\n|-activate|p1b: Danny|move: Protect\n|move|p2a: Charizard|Air Slash|p1a: Allegra\n|-activate|p1a: Allegra|move: Protect\n|\n|-weather|SunnyDay|[upkeep]\n|upkeep\n|turn|4\n|\n|t:|1776061235\n|move|p2a: Charizard|Air Slash|p1a: Allegra\n|-damage|p1a: Allegra|34/100\n|move|p1b: Danny|Thunderbolt|p2a: Charizard\n|-supereffective|p2a: Charizard|1\n|-damage|p2a: Charizard|29/100\n|move|p1a: Allegra|Tailwind|p1a: Allegra\n|-sidestart|p1: DreamPrince|move: Tailwind\n|move|p2b: Incineroar|Parting Shot|p1b: Danny\n|-unboost|p1b: Danny|atk|1\n|-unboost|p1b: Danny|spa|1\n|\n|t:|1776061249\n|switch|p2b: Sneasler|Sneasler, L50, F, shiny|100/100|[from] Parting Shot\n|\n|-weather|SunnyDay|[upkeep]\n|upkeep\n|turn|5\n|\n|t:|1776061268\n|detailschange|p1a: Allegra|Altaria-Mega, L50, F, shiny\n|-mega|p1a: Allegra|Altaria|Altarianite\n|move|p1b: Danny|Will-O-Wisp|p2b: Sneasler\n|-status|p2b: Sneasler|brn\n|move|p1a: Allegra|Hyper Voice|p2b: Sneasler|[spread] p2a,p2b\n|-resisted|p2a: Charizard|1\n|-damage|p2a: Charizard|10/100\n|-damage|p2b: Sneasler|43/100 brn\n|move|p2b: Sneasler|Rock Slide|p1b: Danny|[spread] p1a,p1b\n|-crit|p1b: Danny\n|-damage|p1a: Allegra|25/100\n|-damage|p1b: Danny|84/100\n|move|p2a: Charizard|Heat Wave|p1b: Danny|[spread] p1a,p1b\n|-resisted|p1a: Allegra|1\n|-resisted|p1b: Danny|1\n|-damage|p1a: Allegra|0 fnt\n|-damage|p1b: Danny|47/100\n|-status|p1b: Danny|brn\n|faint|p1a: Allegra\n|\n|-weather|SunnyDay|[upkeep]\n|-heal|p1b: Danny|53/100 brn|[from] item: Leftovers\n|-damage|p1b: Danny|47/100 brn|[from] brn\n|-damage|p2b: Sneasler|37/100 brn|[from] brn\n|upkeep\n|\n|t:|1776061276\n|switch|p1a: Peaches|Mamoswine, L50, F|100/100\n|turn|6\n|l| sgrace\n|\n|t:|1776061294\n|move|p2b: Sneasler|Protect|p2b: Sneasler\n|-singleturn|p2b: Sneasler|Protect\n|move|p2a: Charizard|Protect|p2a: Charizard\n|-singleturn|p2a: Charizard|Protect\n|move|p1a: Peaches|Earthquake|p2b: Sneasler|[spread] \n|-activate|p2a: Charizard|move: Protect\n|-activate|p2b: Sneasler|move: Protect\n|-immune|p1b: Danny|[from] ability: Levitate\n|move|p1b: Danny|Hydro Pump|p2b: Sneasler\n|-activate|p2b: Sneasler|move: Protect\n|\n|-weather|SunnyDay|[upkeep]\n|-heal|p1b: Danny|53/100 brn|[from] item: Leftovers\n|-damage|p1b: Danny|47/100 brn|[from] brn\n|-damage|p2b: Sneasler|31/100 brn|[from] brn\n|upkeep\n|turn|7\n|l| pipievgc103\n|inactive|eren honyao has 30 seconds left.\n|\n|t:|1776061328\n|move|p2b: Sneasler|Protect||[still]\n|-fail|p2b: Sneasler\n|move|p1a: Peaches|Earthquake|p2a: Charizard|[spread] p2b\n|-immune|p1b: Danny|[from] ability: Levitate\n|-immune|p2a: Charizard\n|-supereffective|p2b: Sneasler|1\n|-damage|p2b: Sneasler|0 fnt\n|faint|p2b: Sneasler\n|move|p1b: Danny|Thunderbolt|p2a: Charizard\n|-supereffective|p2a: Charizard|1\n|-damage|p2a: Charizard|0 fnt\n|faint|p2a: Charizard\n|\n|-weather|none\n|-heal|p1b: Danny|53/100 brn|[from] item: Leftovers\n|-damage|p1b: Danny|47/100 brn|[from] brn\n|-sideend|p1: DreamPrince|move: Tailwind\n|upkeep\n|\n|t:|1776061337\n|switch|p2b: Incineroar|Incineroar, L50, M, shiny|74/100\n|switch|p2a: Basculegion|Basculegion, L50, M, shiny|100/100\n|-ability|p2b: Incineroar|Intimidate|boost\n|-fail|p1a: Peaches|unboost|Attack|[from] ability: Oblivious|[of] p1a: Peaches\n|-unboost|p1b: Danny|atk|1\n|turn|8\n|l| speedyturtle87\n|j| pr.iyanshu768500\n|\n|t:|1776061361\n|move|p1a: Peaches|Protect|p1a: Peaches\n|-singleturn|p1a: Peaches|Protect\n|move|p1b: Danny|Protect|p1b: Danny\n|-singleturn|p1b: Danny|Protect\n|move|p2b: Incineroar|Fake Out|p1a: Peaches\n|-activate|p1a: Peaches|move: Protect\n|move|p2a: Basculegion|Last Respects|p1b: Danny\n|-activate|p1b: Danny|move: Protect\n|\n|-heal|p1b: Danny|53/100 brn|[from] item: Leftovers\n|-damage|p1b: Danny|47/100 brn|[from] brn\n|upkeep\n|turn|9\n|\n|t:|1776061376\n|move|p2a: Basculegion|Last Respects|p1a: Peaches\n|-enditem|p1a: Peaches|Focus Sash\n|-damage|p1a: Peaches|1/100\n|move|p1a: Peaches|Earthquake|p2b: Incineroar|[spread] p2a,p2b\n|-immune|p1b: Danny|[from] ability: Levitate\n|-supereffective|p2b: Incineroar|1\n|-crit|p2b: Incineroar\n|-damage|p2a: Basculegion|46/100\n|-damage|p2b: Incineroar|0 fnt\n|faint|p2b: Incineroar\n|move|p1b: Danny|Thunderbolt|p2a: Basculegion\n|-supereffective|p2a: Basculegion|1\n|-damage|p2a: Basculegion|0 fnt\n|faint|p2a: Basculegion\n|\n|win|DreamPrince\n|n|\u2606DreamPrince|dreamprince\n|n|\u2606eren honyao|erenhonyao\n|n| owslabored|owslabored\n|n| tastyfloop|tastyfloop\n|n| Easy L's|easyls\n|n| Teeam Rocket|teeamrocket\n|n| mysticmarshtomp|mysticmarshtomp\n|n| Thogi_|thogi\n|n| pr.iyanshu768500|priyanshu768500\n",
  "uploadtime": 1776061376,
  "views": 23,
  "formatid": "gen9championsvgc2026regma",
  "rating": null,
  "private": 0,
  "password": null
}