{
  "id": "gen9championsvgc2026regma-2588621476",
  "format": "[Gen 9 Champions] VGC 2026 Reg M-A",
  "players": [
    "shangenb1",
    "Amigo do Joao"
  ],
  "log": "|j|\u2606shangenb1\n|j|\u2606Amigo do Joao\n|t:|1776650942\n|gametype|doubles\n|player|p1|shangenb1|1|1112\n|player|p2|Amigo do Joao|265|1138\n|gen|9\n|tier|[Gen 9 Champions] VGC 2026 Reg M-A\n|rated|\n|rule|Species Clause: Limit one of each Pok\u00e9mon\n|rule|Item Clause: Limit 1 of each item\n|clearpoke\n|poke|p1|Floette-Eternal, L50, F|\n|poke|p1|Garchomp, L50, F|\n|poke|p1|Sneasler, L50, F|\n|poke|p1|Basculegion-F, L50, F|\n|poke|p1|Aerodactyl, L50, M|\n|poke|p1|Incineroar, L50, F|\n|poke|p2|Froslass, L50, F|\n|poke|p2|Aerodactyl, L50, M|\n|poke|p2|Garchomp, L50, F|\n|poke|p2|Sneasler, L50, M|\n|poke|p2|Rotom-Wash, L50|\n|poke|p2|Kingambit, L50, M|\n|teampreview|4\n|inactive|Battle timer is ON: inactive players will automatically lose when time's up. (requested by shangenb1)\nAmigo do Joao has agreed to open team sheets.\n|inactive|Amigo do Joao has 60 seconds left.\n|\n|t:|1776650976\n|teamsize|p1|4\n|teamsize|p2|4\n|start\n|switch|p1a: Aerodactyl|Aerodactyl, L50, M|100/100\n|switch|p1b: Basculegion|Basculegion-F, L50, F|100/100\n|switch|p2a: Kingambit|Kingambit, L50, M|100/100\n|switch|p2b: Aerodactyl|Aerodactyl, L50, M|100/100\n|-ability|p1a: Aerodactyl|Unnerve\n|-ability|p2b: Aerodactyl|Unnerve\n|turn|1\n|\n|t:|1776651000\n|switch|p1b: Sneasler|Sneasler, L50, F|100/100\n|move|p2a: Kingambit|Sucker Punch||[still]\n|-fail|p2a: Kingambit\n|move|p2b: Aerodactyl|Tailwind|p2b: Aerodactyl\n|-sidestart|p2: Amigo do Joao|move: Tailwind\n|move|p1a: Aerodactyl|Tailwind|p1a: Aerodactyl\n|-sidestart|p1: shangenb1|move: Tailwind\n|\n|upkeep\n|turn|2\n|\n|t:|1776651014\n|switch|p2a: Froslass|Froslass, L50, F|100/100\n|move|p2b: Aerodactyl|Wide Guard|p2b: Aerodactyl\n|-singleturn|p2b: Aerodactyl|Wide Guard\n|move|p1a: Aerodactyl|Rock Slide|p2a: Froslass|[spread] \n|-activate|p2a: Froslass|move: Wide Guard\n|-activate|p2b: Aerodactyl|move: Wide Guard\n|move|p1b: Sneasler|Close Combat|p2b: Aerodactyl\n|-damage|p2b: Aerodactyl|4/100\n|-unboost|p1b: Sneasler|def|1\n|-unboost|p1b: Sneasler|spd|1\n|-enditem|p1b: Sneasler|White Herb\n|-clearnegativeboost|p1b: Sneasler|[silent]\n|\n|upkeep\n|turn|3\n|inactive|shangenb1 has 30 seconds left.\n|\n|t:|1776651046\n|detailschange|p2a: Froslass|Froslass-Mega, L50, F\n|-mega|p2a: Froslass|Froslass|Froslassite\n|-weather|Snowscape|[from] ability: Snow Warning|[of] p2a: Froslass\n|move|p1b: Sneasler|Dire Claw|p2b: Aerodactyl\n|-resisted|p2b: Aerodactyl|1\n|-damage|p2b: Aerodactyl|0 fnt\n|faint|p2b: Aerodactyl\n|move|p1a: Aerodactyl|Dual Wingbeat|p2a: Froslass|[miss]\n|-miss|p1a: Aerodactyl|p2a: Froslass\n|move|p2a: Froslass|Blizzard|p1b: Sneasler|[spread] p1a,p1b\n|-supereffective|p1a: Aerodactyl|1\n|-enditem|p1a: Aerodactyl|Focus Sash\n|-damage|p1a: Aerodactyl|1/100\n|-damage|p1b: Sneasler|31/100\n|\n|-weather|Snowscape|[upkeep]\n|upkeep\n|\n|t:|1776651061\n|switch|p2b: Kingambit|Kingambit, L50, M|100/100\n|turn|4\n|\n|t:|1776651069\n|move|p1a: Aerodactyl|Protect|p1a: Aerodactyl\n|-singleturn|p1a: Aerodactyl|Protect\n|move|p2b: Kingambit|Sucker Punch|p1b: Sneasler\n|-resisted|p1b: Sneasler|1\n|-damage|p1b: Sneasler|0 fnt\n|faint|p1b: Sneasler\n|move|p2a: Froslass|Blizzard|p1a: Aerodactyl\n|-activate|p1a: Aerodactyl|move: Protect\n|\n|-weather|Snowscape|[upkeep]\n|-sideend|p2: Amigo do Joao|move: Tailwind\n|-sideend|p1: shangenb1|move: Tailwind\n|upkeep\n|\n|t:|1776651081\n|switch|p1b: Floette|Floette-Eternal, L50, F|100/100\n|turn|5\n|\n|t:|1776651087\n|detailschange|p1b: Floette|Floette-Mega, L50, F\n|-mega|p1b: Floette|Floette|Floettite\n|-ability|p1b: Floette|Fairy Aura\n|move|p1a: Aerodactyl|Tailwind|p1a: Aerodactyl\n|-sidestart|p1: shangenb1|move: Tailwind\n|move|p1b: Floette|Light of Ruin|p2b: Kingambit\n|-damage|p2b: Kingambit|0 fnt\n|faint|p2b: Kingambit\n|-damage|p1b: Floette|40/100|[from] Recoil\n|move|p2a: Froslass|Aurora Veil|p2a: Froslass\n|-sidestart|p2: Amigo do Joao|move: Aurora Veil\n|\n|-weather|Snowscape|[upkeep]\n|upkeep\n|\n|t:|1776651096\n|switch|p2b: Rotom|Rotom-Wash, L50|100/100\n|turn|6\n|\n|t:|1776651109\n|move|p1a: Aerodactyl|Rock Slide|p2b: Rotom|[spread] p2a\n|-miss|p1a: Aerodactyl|p2b: Rotom\n|-supereffective|p2a: Froslass|1\n|-damage|p2a: Froslass|67/100\n|move|p1b: Floette|Light of Ruin|p2b: Rotom\n|-damage|p2b: Rotom|0 fnt\n|faint|p2b: Rotom\n|-damage|p1b: Floette|3/100|[from] Recoil\n|move|p2a: Froslass|Blizzard|p1b: Floette|[spread] p1a,p1b\n|-supereffective|p1a: Aerodactyl|1\n|-damage|p1a: Aerodactyl|0 fnt\n|-damage|p1b: Floette|0 fnt\n|faint|p1a: Aerodactyl\n|faint|p1b: Floette\n|\n|-weather|Snowscape|[upkeep]\n|upkeep\n|\n|t:|1776651128\n|switch|p1b: Basculegion|Basculegion-F, L50, F|100/100\n|turn|7\n|\n|t:|1776651132\n|move|p1b: Basculegion|Shadow Ball|p2a: Froslass\n|-supereffective|p2a: Froslass|1\n|-damage|p2a: Froslass|0 fnt\n|faint|p2a: Froslass\n|\n|win|shangenb1\n|raw|shangenb1's rating: 1112 &rarr; <strong>1139</strong><br />(+27 for winning)\n|raw|Amigo do Joao's rating: 1138 &rarr; <strong>1111</strong><br />(-27 for losing)\n|l|\u2606Amigo do Joao\n|player|p2|\n",
  "uploadtime": 1776651138,
  "views": 3,
  "formatid": "gen9championsvgc2026regma",
  "rating": 1111,
  "private": 0,
  "password": null
}