{
  "id": "gen9championsvgc2026regma-2586979868",
  "format": "[Gen 9 Champions] VGC 2026 Reg M-A",
  "players": [
    "radiantamber",
    "6898w_alt"
  ],
  "log": "|j|\u2606radiantamber\n|j|\u26066898w_alt\n|t:|1776477808\n|gametype|doubles\n|player|p1|radiantamber|skierf|1097\n|player|p2|6898w_alt|flannery|1026\n|gen|9\n|tier|[Gen 9 Champions] VGC 2026 Reg M-A\n|rated|\n|rule|Species Clause: Limit one of each Pok\u00e9mon\n|rule|Item Clause: Limit 1 of each item\n|clearpoke\n|poke|p1|Tyranitar, L50, F|\n|poke|p1|Aerodactyl, L50, F|\n|poke|p1|Excadrill, L50, M|\n|poke|p1|Incineroar, L50, M|\n|poke|p1|Farigiraf, L50, M|\n|poke|p1|Milotic, L50, F|\n|poke|p2|Heracross, L50, M|\n|poke|p2|Aerodactyl, L50, F|\n|poke|p2|Kingambit, L50, F|\n|poke|p2|Sinistcha, L50|\n|poke|p2|Maushold-Four, L50|\n|poke|p2|Ceruledge, L50, F|\n|teampreview|4\n|inactive|Battle timer is ON: inactive players will automatically lose when time's up. (requested by 6898w_alt)\n|\n|t:|1776477850\n|teamsize|p1|4\n|teamsize|p2|4\n|start\n|switch|p1a: Aerodactyl|Aerodactyl, L50, F|100/100\n|switch|p1b: Incineroar|Incineroar, L50, M|100/100\n|switch|p2a: Kingambit|Kingambit, L50, F|100/100\n|switch|p2b: Aerodactyl|Aerodactyl, L50, F|100/100\n|-ability|p2b: Aerodactyl|Unnerve\n|-ability|p1b: Incineroar|Intimidate|boost\n|-unboost|p2a: Kingambit|atk|1\n|-ability|p2a: Kingambit|Defiant|boost\n|-boost|p2a: Kingambit|atk|2\n|-unboost|p2b: Aerodactyl|atk|1\n|turn|1\n|inactive|radiantamber has 30 seconds left.\n|inactive|radiantamber has 20 seconds left.\n|\n|t:|1776477886\n|move|p1a: Aerodactyl|Tailwind|p1a: Aerodactyl\n|-sidestart|p1: radiantamber|move: Tailwind\n|move|p2b: Aerodactyl|Tailwind|p2b: Aerodactyl\n|-sidestart|p2: 6898w_alt|move: Tailwind\n|move|p2a: Kingambit|Iron Head|p1a: Aerodactyl\n|-supereffective|p1a: Aerodactyl|1\n|-damage|p1a: Aerodactyl|0 fnt\n|faint|p1a: Aerodactyl\n|move|p1b: Incineroar|Parting Shot|p2b: Aerodactyl\n|-unboost|p2b: Aerodactyl|atk|1\n|-unboost|p2b: Aerodactyl|spa|1\n|\n|t:|1776477898\n|switch|p1b: Excadrill|Excadrill, L50, M|100/100|[from] Parting Shot\n|\n|upkeep\n|\n|t:|1776477902\n|switch|p1a: Tyranitar|Tyranitar, L50, F|100/100\n|-weather|Sandstorm|[from] ability: Sand Stream|[of] p1a: Tyranitar\n|turn|2\n|inactive|radiantamber has 30 seconds left.\n|inactive|radiantamber has 20 seconds left.\n|\n|t:|1776477940\n|detailschange|p1a: Tyranitar|Tyranitar-Mega, L50, F\n|-mega|p1a: Tyranitar|Tyranitar|Tyranitarite\n|move|p1b: Excadrill|Iron Head|p2b: Aerodactyl\n|-supereffective|p2b: Aerodactyl|1\n|-enditem|p2b: Aerodactyl|Focus Sash\n|-damage|p2b: Aerodactyl|1/100\n|move|p2b: Aerodactyl|Rock Slide|p1a: Tyranitar|[spread] p1a,p1b\n|-resisted|p1b: Excadrill|2\n|-damage|p1a: Tyranitar|95/100\n|-damage|p1b: Excadrill|97/100\n|move|p2a: Kingambit|Iron Head|p1a: Tyranitar\n|-supereffective|p1a: Tyranitar|1\n|-damage|p1a: Tyranitar|22/100\n|cant|p1a: Tyranitar|flinch\n|\n|-weather|Sandstorm|[upkeep]\n|upkeep\n|turn|3\n|inactive|radiantamber has 30 seconds left.\n|inactive|6898w_alt has 30 seconds left.\n|inactive|radiantamber has 20 seconds left.\n|\n|t:|1776477977\n|move|p1a: Tyranitar|Protect|p1a: Tyranitar\n|-singleturn|p1a: Tyranitar|Protect\n|move|p1b: Excadrill|Iron Head|p2b: Aerodactyl\n|-supereffective|p2b: Aerodactyl|1\n|-damage|p2b: Aerodactyl|0 fnt\n|faint|p2b: Aerodactyl\n|move|p2a: Kingambit|Iron Head|p1a: Tyranitar\n|-activate|p1a: Tyranitar|move: Protect\n|\n|-weather|Sandstorm|[upkeep]\n|upkeep\n|\n|t:|1776477985\n|switch|p2b: Heracross|Heracross, L50, M|100/100\n|turn|4\n|inactive|radiantamber has 30 seconds left.\n|inactive|radiantamber has 20 seconds left.\n|inactive|radiantamber has 15 seconds left.\n|inactive|radiantamber has 10 seconds left.\n|\n|t:|1776478034\n|detailschange|p2b: Heracross|Heracross-Mega, L50, M\n|-mega|p2b: Heracross|Heracross|Heracronite\n|move|p1b: Excadrill|Earthquake|p2a: Kingambit|[spread] p1a,p2a,p2b\n|-supereffective|p1a: Tyranitar|1\n|-supereffective|p2a: Kingambit|1\n|-resisted|p2b: Heracross|1\n|-damage|p1a: Tyranitar|0 fnt\n|-damage|p2a: Kingambit|28/100\n|-damage|p2b: Heracross|83/100\n|faint|p1a: Tyranitar\n|move|p2a: Kingambit|Iron Head|p1b: Excadrill\n|-resisted|p1b: Excadrill|1\n|-damage|p1b: Excadrill|59/100\n|move|p2b: Heracross|Close Combat|p1b: Excadrill\n|-supereffective|p1b: Excadrill|1\n|-damage|p1b: Excadrill|0 fnt\n|-unboost|p2b: Heracross|def|1\n|-unboost|p2b: Heracross|spd|1\n|faint|p1b: Excadrill\n|\n|-weather|Sandstorm|[upkeep]\n|-damage|p2b: Heracross|77/100|[from] Sandstorm\n|-sideend|p2: 6898w_alt|move: Tailwind\n|-sideend|p1: radiantamber|move: Tailwind\n|upkeep\n|c|\u2606radiantamber|20% flinch...\n|c|\u2606radiantamber|gg\n|inactive|radiantamber has 30 seconds left.\n|\n|t:|1776478060\n|switch|p1b: Incineroar|Incineroar, L50, M|100/100\n|-ability|p1b: Incineroar|Intimidate|boost\n|-unboost|p2a: Kingambit|atk|1\n|-ability|p2a: Kingambit|Defiant|boost\n|-boost|p2a: Kingambit|atk|2\n|-unboost|p2b: Heracross|atk|1\n|turn|5\n|\n|t:|1776478075\n|move|p2a: Kingambit|Iron Head|p1b: Incineroar\n|-resisted|p1b: Incineroar|1\n|-damage|p1b: Incineroar|66/100\n|move|p2b: Heracross|Earthquake|p1b: Incineroar|[spread] p2a,p1b\n|-supereffective|p2a: Kingambit|1\n|-supereffective|p1b: Incineroar|1\n|-damage|p2a: Kingambit|0 fnt\n|-damage|p1b: Incineroar|26/100\n|-enditem|p1b: Incineroar|Sitrus Berry|[eat]\n|-heal|p1b: Incineroar|50/100|[from] item: Sitrus Berry\n|faint|p2a: Kingambit\n|move|p1b: Incineroar|Flare Blitz|p2b: Heracross\n|-supereffective|p2b: Heracross|1\n|-damage|p2b: Heracross|0 fnt\n|faint|p2b: Heracross\n|-damage|p1b: Incineroar|31/100|[from] Recoil\n|\n|-weather|Sandstorm|[upkeep]\n|-damage|p1b: Incineroar|25/100|[from] Sandstorm\n|upkeep\n|\n|t:|1776478092\n|switch|p2b: Sinistcha|Sinistcha, L50|100/100\n|turn|6\n|\n|t:|1776478106\n|move|p2b: Sinistcha|Shadow Ball|p1b: Incineroar\n|-resisted|p1b: Incineroar|1\n|-damage|p1b: Incineroar|12/100\n|move|p1b: Incineroar|Flare Blitz|p2b: Sinistcha\n|-supereffective|p2b: Sinistcha|1\n|-damage|p2b: Sinistcha|0 fnt\n|faint|p2b: Sinistcha\n|-damage|p1b: Incineroar|0 fnt|[from] Recoil\n|faint|p1b: Incineroar\n|\n|win|radiantamber\n|raw|radiantamber's rating: 1097 &rarr; <strong>1117</strong><br />(+20 for winning)\n|raw|6898w_alt's rating: 1026 &rarr; <strong>1015</strong><br />(-11 for losing)\n|c|\u2606radiantamber|nvm\n|l|\u26066898w_alt\n|player|p2|\n",
  "uploadtime": 1776478128,
  "views": 36,
  "formatid": "gen9championsvgc2026regma",
  "rating": 1015,
  "private": 0,
  "password": null
}