{
  "id": "gen9championsvgc2026regma-2582140221",
  "format": "[Gen 9 Champions] VGC 2026 Reg M-A",
  "players": [
    "It'sJustKen VGC",
    "Lorul"
  ],
  "log": "|j|\u2606It'sJustKen VGC\n|j|\u2606Lorul\n|t:|1776063172\n|gametype|doubles\n|player|p1|It'sJustKen VGC|265|\n|player|p2|Lorul|morty|\n|gen|9\n|tier|[Gen 9 Champions] VGC 2026 Reg M-A\n|rated|Tournament battle\n|rule|Species Clause: Limit one of each Pok\u00e9mon\n|rule|Item Clause: Limit 1 of each item\n|raw|<div class=\"infobox\"><details class=\"readmore\" open><summary><strong>1 custom rule:</strong></summary> Force Open Team Sheets</details></div>\n|clearpoke\n|poke|p1|Kingambit, L50, F|\n|poke|p1|Clefable, L50, M|\n|poke|p1|Chimecho, L50, F|\n|poke|p1|Golurk, L50|\n|poke|p1|Torkoal, L50, F|\n|poke|p1|Hawlucha, L50, M|\n|poke|p2|Maushold-Four, L50|\n|poke|p2|Floette-Eternal, L50, F|\n|poke|p2|Sneasler, L50, M|\n|poke|p2|Incineroar, L50, F|\n|poke|p2|Dragonite, L50, M|\n|poke|p2|Basculegion, L50, M|\n|teampreview|4\n|showteam|p1|Kingambit||SitrusBerry|Defiant|Protect,SuckerPunch,Guillotine,KowtowCleave|||F|||50|]Clefable||Leftovers|Unaware|Protect,FollowMe,Moonblast,HealPulse|||M|||50|]Chimecho||Chimechite|Levitate|Protect,SkillSwap,TrickRoom,Hypnosis|||F|||50|]Golurk||BrightPowder|NoGuard|DynamicPunch,Protect,Curse,Reflect||||||50|]Torkoal||Charcoal|Drought|Protect,Eruption,WeatherBall,Fissure|||F|||50|]Hawlucha||Hawluchanite|MoldBreaker|Protect,CloseCombat,Entrainment,BraveBird|||M|||50|\n|showteam|p2|Maushold-Four||FocusSash|FriendGuard|SuperFang,FollowMe,Taunt,Protect||||||50|]Floette-Eternal||Floettite|FlowerVeil|Moonblast,DazzlingGleam,CalmMind,Protect|||F|||50|]Sneasler||WhiteHerb|Unburden|CloseCombat,Acrobatics,DireClaw,Protect|||M|||50|]Incineroar||SitrusBerry|Intimidate|FakeOut,FlareBlitz,PartingShot,DarkestLariat|||F|||50|]Dragonite||LumBerry|Multiscale|ScaleShot,Tailwind,Haze,Protect|||M|||50|]Basculegion||ChoiceScarf|Adaptability|WaveCrash,FlipTurn,LastRespects,AquaJet|||M|||50|\n|inactive|Battle timer is ON: inactive players will automatically lose when time's up. (requested by It'sJustKen VGC)\n|inactive|It'sJustKen VGC has 60 seconds left.\n|\n|t:|1776063220\n|teamsize|p1|4\n|teamsize|p2|4\n|start\n|switch|p1a: Chimecho|Chimecho, L50, F|100/100\n|switch|p1b: Clefable|Clefable, L50, M|100/100\n|switch|p2a: Maushold|Maushold-Four, L50|100/100\n|switch|p2b: Floette|Floette-Eternal, L50, F|100/100\n|turn|1\n|\n|t:|1776063247\n|switch|p2b: Incineroar|Incineroar, L50, F|100/100\n|-ability|p2b: Incineroar|Intimidate|boost\n|-unboost|p1a: Chimecho|atk|1\n|-unboost|p1b: Clefable|atk|1\n|detailschange|p1a: Chimecho|Chimecho-Mega, L50, F\n|-mega|p1a: Chimecho|Chimecho|Chimechite\n|move|p1b: Clefable|Follow Me|p1b: Clefable\n|-singleturn|p1b: Clefable|move: Follow Me\n|move|p2a: Maushold|Taunt|p1b: Clefable\n|-start|p1b: Clefable|move: Taunt\n|move|p1a: Chimecho|Trick Room|p1a: Chimecho\n|-fieldstart|move: Trick Room|[of] p1a: Chimecho\n|\n|upkeep\n|turn|2\n|inactive|It'sJustKen VGC has 30 seconds left.\n|inactive|Lorul has 30 seconds left.\n|inactive|It'sJustKen VGC has 20 seconds left.\n|\n|t:|1776063287\n|switch|p1b: Golurk|Golurk, L50|100/100\n|move|p1a: Chimecho|Protect|p1a: Chimecho\n|-singleturn|p1a: Chimecho|Protect\n|move|p2b: Incineroar|Fake Out|p1a: Chimecho\n|-activate|p1a: Chimecho|move: Protect\n|move|p2a: Maushold|Taunt|p1a: Chimecho\n|-activate|p1a: Chimecho|move: Protect\n|\n|upkeep\n|turn|3\n|\n|t:|1776063304\n|move|p1b: Golurk|Reflect|p1b: Golurk\n|-sidestart|p1: It'sJustKen VGC|Reflect\n|move|p1a: Chimecho|Hypnosis|p2a: Maushold|[miss]\n|-miss|p1a: Chimecho|p2a: Maushold\n|move|p2b: Incineroar|Parting Shot|p1b: Golurk\n|-unboost|p1b: Golurk|atk|1\n|-unboost|p1b: Golurk|spa|1\n|\n|t:|1776063309\n|switch|p2b: Sneasler|Sneasler, L50, M|100/100|[from] Parting Shot\n|move|p2a: Maushold|Taunt|p1a: Chimecho\n|-start|p1a: Chimecho|move: Taunt\n|\n|upkeep\n|turn|4\n|\n|t:|1776063318\n|switch|p1a: Clefable|Clefable, L50, M|100/100\n|switch|p2b: Incineroar|Incineroar, L50, F|100/100\n|-ability|p2b: Incineroar|Intimidate|boost\n|-unboost|p1a: Clefable|atk|1\n|-unboost|p1b: Golurk|atk|1\n|move|p1b: Golurk|Dynamic Punch|p2a: Maushold\n|-supereffective|p2a: Maushold|1\n|-damage|p2a: Maushold|66/100\n|-start|p2a: Maushold|confusion\n|-activate|p2a: Maushold|confusion\n|move|p2a: Maushold|Super Fang|p1a: Clefable\n|-damage|p1a: Clefable|50/100\n|\n|-heal|p1a: Clefable|56/100|[from] item: Leftovers\n|upkeep\n|turn|5\n|\n|t:|1776063339\n|move|p1b: Golurk|Dynamic Punch|p2a: Maushold\n|-supereffective|p2a: Maushold|1\n|-damage|p2a: Maushold|31/100\n|move|p1a: Clefable|Moonblast|p2a: Maushold\n|-damage|p2a: Maushold|0 fnt\n|faint|p2a: Maushold\n|move|p2b: Incineroar|Flare Blitz|p1a: Clefable\n|-damage|p1a: Clefable|27/100\n|-damage|p2b: Incineroar|91/100|[from] Recoil\n|\n|-heal|p1a: Clefable|33/100|[from] item: Leftovers\n|-fieldend|move: Trick Room\n|upkeep\n|\n|t:|1776063345\n|switch|p2a: Floette|Floette-Eternal, L50, F|100/100\n|turn|6\n|\n|t:|1776063355\n|switch|p1a: Chimecho|Chimecho-Mega, L50, F|100/100\n|detailschange|p2a: Floette|Floette-Mega, L50, F\n|-mega|p2a: Floette|Floette|Floettite\n|-ability|p2a: Floette|Fairy Aura\n|move|p2a: Floette|Calm Mind|p2a: Floette\n|-boost|p2a: Floette|spa|1\n|-boost|p2a: Floette|spd|1\n|move|p2b: Incineroar|Parting Shot|p1b: Golurk\n|-unboost|p1b: Golurk|atk|1\n|-unboost|p1b: Golurk|spa|1\n|\n|t:|1776063361\n|switch|p2b: Sneasler|Sneasler, L50, M|100/100|[from] Parting Shot\n|move|p1b: Golurk|Dynamic Punch|p2b: Sneasler\n|-resisted|p2b: Sneasler|1\n|-damage|p2b: Sneasler|92/100\n|-start|p2b: Sneasler|confusion\n|\n|upkeep\n|turn|7\n|\n|t:|1776063368\n|-activate|p2b: Sneasler|confusion\n|-damage|p2b: Sneasler|64/100|[from] confusion\n|move|p2a: Floette|Moonblast|p1a: Chimecho\n|-resisted|p1a: Chimecho|1\n|-damage|p1a: Chimecho|52/100\n|move|p1b: Golurk|Curse|p2a: Floette\n|-start|p2a: Floette|Curse|[of] p1b: Golurk\n|-damage|p1b: Golurk|50/100\n|move|p1a: Chimecho|Trick Room|p1a: Chimecho\n|-fieldstart|move: Trick Room|[of] p1a: Chimecho\n|\n|-damage|p2a: Floette|76/100|[from] Curse\n|-sideend|p1: It'sJustKen VGC|Reflect\n|upkeep\n|turn|8\n|\n|t:|1776063387\n|switch|p2b: Incineroar|Incineroar, L50, F|91/100\n|-ability|p2b: Incineroar|Intimidate|boost\n|-unboost|p1a: Chimecho|atk|1\n|-unboost|p1b: Golurk|atk|1\n|move|p1b: Golurk|Reflect|p1b: Golurk\n|-sidestart|p1: It'sJustKen VGC|Reflect\n|move|p1a: Chimecho|Hypnosis|p2a: Floette\n|-status|p2a: Floette|slp|[from] move: Hypnosis\n|cant|p2a: Floette|slp\n|\n|-damage|p2a: Floette|51/100 slp|[from] Curse\n|upkeep\n|turn|9\n|\n|t:|1776063404\n|move|p2b: Incineroar|Fake Out|p1a: Chimecho\n|-resisted|p1a: Chimecho|1\n|-damage|p1a: Chimecho|49/100\n|move|p1b: Golurk|Dynamic Punch|p2b: Incineroar\n|-supereffective|p2b: Incineroar|1\n|-damage|p2b: Incineroar|75/100\n|-start|p2b: Incineroar|confusion\n|cant|p1a: Chimecho|flinch\n|cant|p2a: Floette|slp\n|\n|-damage|p2a: Floette|26/100 slp|[from] Curse\n|upkeep\n|turn|10\n|\n|t:|1776063417\n|switch|p2a: Sneasler|Sneasler, L50, M|64/100\n|move|p1b: Golurk|Dynamic Punch|p2a: Sneasler\n|-resisted|p2a: Sneasler|1\n|-damage|p2a: Sneasler|56/100\n|-start|p2a: Sneasler|confusion\n|move|p1a: Chimecho|Skill Swap|p1b: Golurk\n|-activate|p1a: Chimecho|Skill Swap|||[of] p1b: Golurk\n|-activate|p2b: Incineroar|confusion\n|move|p2b: Incineroar|Parting Shot|p1a: Chimecho\n|-unboost|p1a: Chimecho|atk|1\n|-unboost|p1a: Chimecho|spa|1\n|\n|t:|1776063420\n|switch|p2b: Floette|Floette-Mega, L50, F|26/100 slp|[from] Parting Shot\n|-ability|p2b: Floette|Fairy Aura\n|\n|upkeep\n|turn|11\n|\n|t:|1776063426\n|switch|p1b: Kingambit|Kingambit, L50, F|100/100\n|-curestatus|p2b: Floette|slp|[msg]\n|move|p2b: Floette|Protect|p2b: Floette\n|-singleturn|p2b: Floette|Protect\n|-activate|p2a: Sneasler|confusion\n|move|p2a: Sneasler|Protect|p2a: Sneasler\n|-singleturn|p2a: Sneasler|Protect\n|move|p1a: Chimecho|Skill Swap|p1b: Kingambit\n|-activate|p1a: Chimecho|Skill Swap|||[of] p1b: Kingambit\n|\n|-fieldend|move: Trick Room\n|upkeep\n|turn|12\n|\n|t:|1776063433\n|move|p1b: Kingambit|Protect|p1b: Kingambit\n|-singleturn|p1b: Kingambit|Protect\n|-activate|p2a: Sneasler|confusion\n|-damage|p2a: Sneasler|27/100|[from] confusion\n|move|p2b: Floette|Moonblast|p1b: Kingambit\n|-activate|p1b: Kingambit|move: Protect\n|move|p1a: Chimecho|Trick Room|p1a: Chimecho\n|-fieldstart|move: Trick Room|[of] p1a: Chimecho\n|\n|-sideend|p1: It'sJustKen VGC|Reflect\n|upkeep\n|turn|13\n|\n|t:|1776063443\n|move|p1a: Chimecho|Hypnosis|p2b: Floette\n|-status|p2b: Floette|slp|[from] move: Hypnosis\n|move|p1b: Kingambit|Guillotine|p2a: Sneasler\n|-damage|p2a: Sneasler|0 fnt\n|faint|p2a: Sneasler\n|-ohko\n|cant|p2b: Floette|slp\n|\n|upkeep\n|\n|t:|1776063447\n|switch|p2a: Incineroar|Incineroar, L50, F|75/100\n|-ability|p2a: Incineroar|Intimidate|boost\n|-unboost|p1a: Chimecho|atk|1\n|-ability|p1a: Chimecho|Defiant|boost\n|-boost|p1a: Chimecho|atk|2\n|-unboost|p1b: Kingambit|atk|1\n|turn|14\n|c|\u2606It'sJustKen VGC|this is a peak battle\n|c|\u2606It'sJustKen VGC|I'm loving this\n|c|\u2606It'sJustKen VGC|the repositions\n|c|\u2606It'sJustKen VGC|everything\n|\n|t:|1776063474\n|switch|p1a: Clefable|Clefable, L50, M|33/100\n|move|p1b: Kingambit|Guillotine|p2a: Incineroar\n|-damage|p2a: Incineroar|0 fnt\n|faint|p2a: Incineroar\n|-ohko\n|cant|p2b: Floette|slp\n|\n|-heal|p1a: Clefable|39/100|[from] item: Leftovers\n|upkeep\n|turn|15\n|\n|t:|1776063483\n|-curestatus|p2b: Floette|slp|[msg]\n|move|p2b: Floette|Protect|p2b: Floette\n|-singleturn|p2b: Floette|Protect\n|move|p1b: Kingambit|Guillotine|p2b: Floette\n|-activate|p2b: Floette|move: Protect\n|move|p1a: Clefable|Moonblast|p2b: Floette\n|-activate|p2b: Floette|move: Protect\n|\n|-heal|p1a: Clefable|45/100|[from] item: Leftovers\n|upkeep\n|turn|16\n|c|\u2606It'sJustKen VGC|gg wp\n|c|\u2606Lorul|gg\n|\n|t:|1776063504\n|move|p2b: Floette|Protect||[still]\n|-fail|p2b: Floette\n|move|p1b: Kingambit|Guillotine|p2b: Floette\n|-damage|p2b: Floette|0 fnt\n|faint|p2b: Floette\n|-ohko\n|\n|win|It'sJustKen VGC\n|n|\u2606It'sJustKen VGC|itsjustkenvgc\n|n|\u2606Lorul|lorul\n|l|\u2606Lorul\n|player|p2|\n",
  "uploadtime": 1776063508,
  "views": 12,
  "formatid": "gen9championsvgc2026regma",
  "rating": null,
  "private": 0,
  "password": null
}