{
  "id": "gen9championsvgc2026regma-2584339278",
  "format": "[Gen 9 Champions] VGC 2026 Reg M-A",
  "players": [
    "Bio_Hazz",
    "SpeedingSL0TH"
  ],
  "log": "|j|\u2606Bio_Hazz\n|j|\u2606SpeedingSL0TH\n|t:|1776252826\n|gametype|doubles\n|player|p1|Bio_Hazz|lucas|1163\n|player|p2|SpeedingSL0TH|169|1218\n|gen|9\n|tier|[Gen 9 Champions] VGC 2026 Reg M-A\n|rated|\n|rule|Species Clause: Limit one of each Pok\u00e9mon\n|rule|Item Clause: Limit 1 of each item\n|clearpoke\n|poke|p1|Crabominable, L50, F|\n|poke|p1|Slowking, L50, M|\n|poke|p1|Incineroar, L50, F|\n|poke|p1|Camerupt, L50, M|\n|poke|p1|Sneasler, L50, F|\n|poke|p1|Hatterene, L50, F|\n|poke|p2|Lopunny, L50, F|\n|poke|p2|Basculegion, L50, M|\n|poke|p2|Sinistcha, L50|\n|poke|p2|Incineroar, L50, M|\n|poke|p2|Sylveon, L50, F|\n|poke|p2|Corviknight, L50, M|\n|teampreview|4\n|\n|t:|1776252846\n|teamsize|p1|4\n|teamsize|p2|4\n|start\n|switch|p1a: Incineroar|Incineroar, L50, F|100/100\n|switch|p1b: Slowking|Slowking, L50, M|100/100\n|switch|p2a: Lopunny|Lopunny, L50, F|100/100\n|switch|p2b: Basculegion|Basculegion, L50, M|100/100\n|-ability|p1a: Incineroar|Intimidate|boost\n|-unboost|p2a: Lopunny|atk|1\n|-unboost|p2b: Basculegion|atk|1\n|turn|1\n|\n|t:|1776252865\n|detailschange|p2a: Lopunny|Lopunny-Mega, L50, F\n|-mega|p2a: Lopunny|Lopunny|Lopunnite\n|move|p1a: Incineroar|Fake Out|p2a: Lopunny\n|-damage|p2a: Lopunny|81/100\n|cant|p2a: Lopunny|flinch\n|move|p2b: Basculegion|Flip Turn|p1a: Incineroar\n|-supereffective|p1a: Incineroar|1\n|-damage|p1a: Incineroar|47/100\n|\n|t:|1776252878\n|switch|p2b: Incineroar|Incineroar, L50, M|100/100|[from] Flip Turn\n|-ability|p2b: Incineroar|Intimidate|boost\n|-unboost|p1a: Incineroar|atk|1\n|-fail|p1b: Slowking|unboost|Attack|[from] ability: Oblivious|[of] p1b: Slowking\n|move|p1b: Slowking|Trick Room|p1b: Slowking\n|-fieldstart|move: Trick Room|[of] p1b: Slowking\n|\n|upkeep\n|turn|2\n|inactive|Battle timer is ON: inactive players will automatically lose when time's up. (requested by Bio_Hazz)\n|\n|t:|1776252896\n|move|p2b: Incineroar|Fake Out|p1b: Slowking\n|-damage|p1b: Slowking|93/100\n|cant|p1b: Slowking|flinch\n|move|p1a: Incineroar|Parting Shot|p2b: Incineroar\n|-unboost|p2b: Incineroar|atk|1\n|-unboost|p2b: Incineroar|spa|1\n|\n|t:|1776252902\n|switch|p1a: Hatterene|Hatterene, L50, F|100/100|[from] Parting Shot\n|move|p2a: Lopunny|U-turn|p1b: Slowking\n|-supereffective|p1b: Slowking|1\n|-damage|p1b: Slowking|66/100\n|\n|t:|1776252910\n|switch|p2a: Sylveon|Sylveon, L50, F|100/100|[from] U-turn\n|\n|upkeep\n|turn|3\n|\n|t:|1776252920\n|move|p1a: Hatterene|Dazzling Gleam|p2a: Sylveon|[spread] p2a,p2b\n|-crit|p2b: Incineroar\n|-damage|p2a: Sylveon|71/100\n|-damage|p2b: Incineroar|45/100\n|move|p1b: Slowking|Psychic|p2a: Sylveon\n|-damage|p2a: Sylveon|50/100\n|move|p2a: Sylveon|Calm Mind|p2a: Sylveon\n|-boost|p2a: Sylveon|spa|1\n|-boost|p2a: Sylveon|spd|1\n|move|p2b: Incineroar|Parting Shot|p1a: Hatterene\n|move|p1a: Hatterene|Parting Shot|p2b: Incineroar|[from] ability: Magic Bounce\n|-unboost|p2b: Incineroar|atk|1\n|-unboost|p2b: Incineroar|spa|1\n|\n|t:|1776252931\n|switch|p1a: Crabominable|Crabominable, L50, F|100/100|[from] Parting Shot\n|\n|upkeep\n|turn|4\n|\n|t:|1776252943\n|detailschange|p1a: Crabominable|Crabominable-Mega, L50, F\n|-mega|p1a: Crabominable|Crabominable|Crabominite\n|move|p2a: Sylveon|Protect|p2a: Sylveon\n|-singleturn|p2a: Sylveon|Protect\n|move|p1a: Crabominable|Ice Hammer|p2a: Sylveon\n|-activate|p2a: Sylveon|move: Protect\n|move|p1b: Slowking|Scald|p2b: Incineroar\n|-supereffective|p2b: Incineroar|1\n|-damage|p2b: Incineroar|0 fnt\n|faint|p2b: Incineroar\n|\n|upkeep\n|\n|t:|1776252956\n|switch|p2b: Lopunny|Lopunny-Mega, L50, F|81/100\n|turn|5\n|\n|t:|1776252975\n|move|p1a: Crabominable|Protect|p1a: Crabominable\n|-singleturn|p1a: Crabominable|Protect\n|move|p2b: Lopunny|Fake Out|p1a: Crabominable\n|-activate|p1a: Crabominable|move: Protect\n|move|p1b: Slowking|Psychic|p2b: Lopunny\n|-supereffective|p2b: Lopunny|1\n|-damage|p2b: Lopunny|3/100\n|move|p2a: Sylveon|Hyper Voice|p1a: Crabominable|[spread] p1b\n|-activate|p1a: Crabominable|move: Protect\n|-damage|p1b: Slowking|28/100\n|\n|-fieldend|move: Trick Room\n|upkeep\n|turn|6\n|inactive|Bio_Hazz has 30 seconds left.\n|inactive|SpeedingSL0TH has 30 seconds left.\n|\n|t:|1776253004\n|switch|p1a: Hatterene|Hatterene, L50, F|100/100\n|move|p2b: Lopunny|Close Combat|p1a: Hatterene\n|-resisted|p1a: Hatterene|2\n|-crit|p1a: Hatterene\n|-damage|p1a: Hatterene|72/100\n|-unboost|p2b: Lopunny|def|1\n|-unboost|p2b: Lopunny|spd|1\n|move|p2a: Sylveon|Hyper Voice|p1b: Slowking|[spread] p1a,p1b\n|-damage|p1a: Hatterene|15/100\n|-damage|p1b: Slowking|0 fnt\n|faint|p1b: Slowking\n|\n|upkeep\n|\n|t:|1776253018\n|switch|p1b: Incineroar|Incineroar, L50, F|47/100\n|-ability|p1b: Incineroar|Intimidate|boost\n|-unboost|p2a: Sylveon|atk|1\n|-fail|p2b: Lopunny|unboost|Attack|[from] ability: Scrappy|[of] p2b: Lopunny\n|turn|7\n|\n|t:|1776253028\n|move|p1b: Incineroar|Fake Out|p2a: Sylveon\n|-damage|p2a: Sylveon|36/100\n|move|p2b: Lopunny|U-turn|p1b: Incineroar\n|-damage|p1b: Incineroar|24/100\n|\n|t:|1776253031\n|switch|p2b: Basculegion|Basculegion, L50, M|100/100|[from] U-turn\n|cant|p2a: Sylveon|flinch\n|move|p1a: Hatterene|Trick Room|p1a: Hatterene\n|-fieldstart|move: Trick Room|[of] p1a: Hatterene\n|\n|upkeep\n|turn|8\n|\n|t:|1776253041\n|move|p1a: Hatterene|Psychic|p2a: Sylveon\n|-damage|p2a: Sylveon|9/100\n|-unboost|p2a: Sylveon|spd|1\n|move|p1b: Incineroar|Darkest Lariat|p2b: Basculegion\n|-supereffective|p2b: Basculegion|1\n|-damage|p2b: Basculegion|0 fnt\n|faint|p2b: Basculegion\n|move|p2a: Sylveon|Hyper Voice|p1a: Hatterene|[spread] p1a,p1b\n|-damage|p1a: Hatterene|0 fnt\n|-damage|p1b: Incineroar|0 fnt\n|faint|p1a: Hatterene\n|faint|p1b: Incineroar\n|\n|upkeep\n|\n|t:|1776253049\n|switch|p1b: Crabominable|Crabominable-Mega, L50, F|100/100\n|switch|p2b: Lopunny|Lopunny-Mega, L50, F|3/100\n|turn|9\n|inactive|SpeedingSL0TH has 30 seconds left.\n|\n|t:|1776253081\n|move|p1b: Crabominable|Protect|p1b: Crabominable\n|-singleturn|p1b: Crabominable|Protect\n|move|p2a: Sylveon|Moonblast|p1b: Crabominable\n|-activate|p1b: Crabominable|move: Protect\n|move|p2b: Lopunny|Close Combat|p1b: Crabominable\n|-activate|p1b: Crabominable|move: Protect\n|\n|upkeep\n|turn|10\n|\n|t:|1776253090\n|move|p1b: Crabominable|Thunder Punch|p2a: Sylveon\n|-damage|p2a: Sylveon|0 fnt\n|faint|p2a: Sylveon\n|move|p2b: Lopunny|Close Combat|p1b: Crabominable\n|-supereffective|p1b: Crabominable|1\n|-damage|p1b: Crabominable|11/100\n|-unboost|p2b: Lopunny|def|1\n|-unboost|p2b: Lopunny|spd|1\n|\n|upkeep\n|turn|11\n|\n|t:|1776253103\n|move|p1b: Crabominable|Close Combat|p2b: Lopunny\n|-supereffective|p2b: Lopunny|1\n|-damage|p2b: Lopunny|0 fnt\n|-unboost|p1b: Crabominable|def|1\n|-unboost|p1b: Crabominable|spd|1\n|faint|p2b: Lopunny\n|\n|win|Bio_Hazz\n|raw|Bio_Hazz's rating: 1163 &rarr; <strong>1192</strong><br />(+29 for winning)\n|raw|SpeedingSL0TH's rating: 1218 &rarr; <strong>1189</strong><br />(-29 for losing)\n",
  "uploadtime": 1776253105,
  "views": 26,
  "formatid": "gen9championsvgc2026regma",
  "rating": 1189,
  "private": 0,
  "password": null
}