{
  "id": "gen9championsvgc2026regma-2580624792",
  "format": "[Gen 9 Champions] VGC 2026 Reg M-A",
  "players": [
    "daniix98x",
    "eatyourweetabix"
  ],
  "log": "|j|\u2606daniix98x\n|j|\u2606eatyourweetabix\n|t:|1775919143\n|gametype|doubles\n|player|p1|daniix98x|ethan|1064\n|player|p2|eatyourweetabix|byron|1067\n|gen|9\n|tier|[Gen 9 Champions] VGC 2026 Reg M-A\n|rated|\n|rule|Species Clause: Limit one of each Pok\u00e9mon\n|rule|Item Clause: Limit 1 of each item\n|clearpoke\n|poke|p1|Pelipper, L50, F|\n|poke|p1|Archaludon, L50, M|\n|poke|p1|Starmie, L50|\n|poke|p1|Garchomp, L50, M|\n|poke|p1|Sneasler, L50, F|\n|poke|p1|Incineroar, L50, M|\n|poke|p2|Sneasler, L50, F|\n|poke|p2|Aggron, L50, M|\n|poke|p2|Farigiraf, L50, F|\n|poke|p2|Sinistcha, L50|\n|poke|p2|Rhyperior, L50, M|\n|poke|p2|Hatterene, L50, F|\n|teampreview|4\n|\n|t:|1775919160\n|teamsize|p1|4\n|teamsize|p2|4\n|start\n|switch|p1a: Pelipper|Pelipper, L50, F|100/100\n|switch|p1b: Garchomp|Garchomp, L50, M|100/100\n|switch|p2a: Sneasler|Sneasler, L50, F|100/100\n|switch|p2b: Aggron|Aggron, L50, M|100/100\n|-weather|RainDance|[from] ability: Drizzle|[of] p1a: Pelipper\n|turn|1\n|inactive|Battle timer is ON: inactive players will automatically lose when time's up. (requested by daniix98x)\n|\n|t:|1775919174\n|detailschange|p2b: Aggron|Aggron-Mega, L50, M\n|-mega|p2b: Aggron|Aggron|Aggronite\n|move|p2a: Sneasler|Fake Out|p1a: Pelipper\n|-damage|p1a: Pelipper|85/100\n|move|p1b: Garchomp|Earthquake|p2b: Aggron|[spread] p2a,p2b\n|-immune|p1a: Pelipper\n|-supereffective|p2a: Sneasler|1\n|-supereffective|p2b: Aggron|1\n|-crit|p2b: Aggron\n|-enditem|p2a: Sneasler|Focus Sash\n|-damage|p2a: Sneasler|1/100\n|-damage|p2b: Aggron|59/100\n|cant|p1a: Pelipper|flinch\n|move|p2b: Aggron|Iron Defense|p2b: Aggron\n|-boost|p2b: Aggron|def|2\n|\n|-weather|RainDance|[upkeep]\n|upkeep\n|turn|2\n|\n|t:|1775919191\n|move|p2b: Aggron|Protect|p2b: Aggron\n|-singleturn|p2b: Aggron|Protect\n|move|p2a: Sneasler|Coaching|p2b: Aggron\n|-boost|p2b: Aggron|atk|1\n|-boost|p2b: Aggron|def|1\n|move|p1b: Garchomp|Earthquake|p2b: Aggron|[spread] p2a\n|-activate|p2b: Aggron|move: Protect\n|-immune|p1a: Pelipper\n|-supereffective|p2a: Sneasler|1\n|-damage|p2a: Sneasler|0 fnt\n|faint|p2a: Sneasler\n|move|p1a: Pelipper|Weather Ball|p2b: Aggron\n|-activate|p2b: Aggron|move: Protect\n|\n|-weather|RainDance|[upkeep]\n|upkeep\n|\n|t:|1775919205\n|switch|p2a: Sinistcha|Sinistcha, L50|100/100\n|-heal|p2b: Aggron|84/100|[from] ability: Hospitality|[of] p2a: Sinistcha\n|turn|3\n|\n|t:|1775919217\n|move|p2a: Sinistcha|Rage Powder|p2a: Sinistcha\n|-singleturn|p2a: Sinistcha|move: Rage Powder\n|move|p1b: Garchomp|Earthquake|p2b: Aggron|[spread] p2a,p2b\n|-immune|p1a: Pelipper\n|-resisted|p2a: Sinistcha|1\n|-supereffective|p2b: Aggron|1\n|-damage|p2a: Sinistcha|81/100\n|-damage|p2b: Aggron|72/100\n|move|p1a: Pelipper|Weather Ball|p2a: Sinistcha\n|-resisted|p2a: Sinistcha|1\n|-damage|p2a: Sinistcha|51/100\n|move|p2b: Aggron|Body Press|p1a: Pelipper\n|-resisted|p1a: Pelipper|1\n|-damage|p1a: Pelipper|28/100\n|-enditem|p1a: Pelipper|Sitrus Berry|[eat]\n|-heal|p1a: Pelipper|53/100|[from] item: Sitrus Berry\n|\n|-weather|RainDance|[upkeep]\n|upkeep\n|turn|4\n|\n|t:|1775919237\n|switch|p1b: Starmie|Starmie, L50|100/100\n|switch|p1a: Incineroar|Incineroar, L50, M|100/100\n|-ability|p1a: Incineroar|Intimidate|boost\n|-unboost|p2a: Sinistcha|atk|1\n|-unboost|p2b: Aggron|atk|1\n|move|p2a: Sinistcha|Life Dew|p2a: Sinistcha|[spread] p2a,p2b\n|-heal|p2a: Sinistcha|76/100\n|-heal|p2b: Aggron|97/100\n|move|p2b: Aggron|Body Press|p1a: Incineroar\n|-supereffective|p1a: Incineroar|1\n|-damage|p1a: Incineroar|0 fnt\n|faint|p1a: Incineroar\n|\n|-weather|RainDance|[upkeep]\n|upkeep\n|\n|t:|1775919245\n|switch|p1a: Pelipper|Pelipper, L50, F|53/100\n|turn|5\n|\n|t:|1775919258\n|detailschange|p1b: Starmie|Starmie-Mega, L50\n|-mega|p1b: Starmie|Starmie|Starminite\n|move|p2a: Sinistcha|Rage Powder|p2a: Sinistcha\n|-singleturn|p2a: Sinistcha|move: Rage Powder\n|move|p1b: Starmie|Liquidation|p2a: Sinistcha\n|-resisted|p2a: Sinistcha|1\n|-damage|p2a: Sinistcha|26/100\n|-unboost|p2a: Sinistcha|def|1\n|-enditem|p2a: Sinistcha|Sitrus Berry|[eat]\n|-heal|p2a: Sinistcha|51/100|[from] item: Sitrus Berry\n|move|p1a: Pelipper|Hurricane|p2a: Sinistcha\n|-supereffective|p2a: Sinistcha|1\n|-damage|p2a: Sinistcha|0 fnt\n|faint|p2a: Sinistcha\n|move|p2b: Aggron|Body Press|p1b: Starmie\n|-resisted|p1b: Starmie|1\n|-damage|p1b: Starmie|26/100\n|\n|-weather|none\n|upkeep\n|\n|t:|1775919270\n|switch|p2a: Farigiraf|Farigiraf, L50, F|100/100\n|turn|6\n|\n|t:|1775919275\n|switch|p1a: Garchomp|Garchomp, L50, M|100/100\n|move|p1b: Starmie|Liquidation|p2a: Farigiraf\n|-damage|p2a: Farigiraf|30/100\n|-unboost|p2a: Farigiraf|def|1\n|move|p2a: Farigiraf|Hyper Voice|p1a: Garchomp|[spread] p1a,p1b\n|-damage|p1a: Garchomp|75/100\n|-damage|p1b: Starmie|0 fnt\n|faint|p1b: Starmie\n|move|p2b: Aggron|Body Press|p1a: Garchomp\n|-damage|p1a: Garchomp|0 fnt\n|faint|p1a: Garchomp\n|\n|-heal|p2a: Farigiraf|36/100|[from] item: Leftovers\n|upkeep\n|\n|t:|1775919281\n|switch|p1b: Pelipper|Pelipper, L50, F|53/100\n|-weather|RainDance|[from] ability: Drizzle|[of] p1b: Pelipper\n|turn|7\n|\n|t:|1775919287\n|move|p1b: Pelipper|Weather Ball|p2b: Aggron\n|-damage|p2b: Aggron|43/100\n|move|p2a: Farigiraf|Psychic|p1b: Pelipper\n|-damage|p1b: Pelipper|21/100\n|move|p2b: Aggron|Body Press|p1b: Pelipper\n|-resisted|p1b: Pelipper|1\n|-damage|p1b: Pelipper|0 fnt\n|faint|p1b: Pelipper\n|\n|win|eatyourweetabix\n|raw|daniix98x's rating: 1064 &rarr; <strong>1045</strong><br />(-19 for losing)\n|raw|eatyourweetabix's rating: 1067 &rarr; <strong>1097</strong><br />(+30 for winning)\n|l|\u2606daniix98x\n|player|p1|\n",
  "uploadtime": 1775919294,
  "views": 12,
  "formatid": "gen9championsvgc2026regma",
  "rating": 1045,
  "private": 0,
  "password": null
}