{
  "id": "gen9championsvgc2026regma-2586067385",
  "format": "[Gen 9 Champions] VGC 2026 Reg M-A",
  "players": [
    "BrightpowderCorp",
    "RedVelvet99"
  ],
  "log": "|j|\u2606BrightpowderCorp\n|j|\u2606RedVelvet99\n|t:|1776395516\n|gametype|doubles\n|player|p1|BrightpowderCorp|265|1126\n|player|p2|RedVelvet99|backpackerf|1181\n|gen|9\n|tier|[Gen 9 Champions] VGC 2026 Reg M-A\n|rated|\n|rule|Species Clause: Limit one of each Pok\u00e9mon\n|rule|Item Clause: Limit 1 of each item\n|clearpoke\n|poke|p1|Tyranitar, L50, F|\n|poke|p1|Sinistcha, L50|\n|poke|p1|Garchomp, L50, F|\n|poke|p1|Rotom-Wash, L50|\n|poke|p1|Sneasler, L50, M|\n|poke|p1|Orthworm, L50, F|\n|poke|p2|Charizard, L50, M|\n|poke|p2|Venusaur, L50, F|\n|poke|p2|Primarina, L50, M|\n|poke|p2|Incineroar, L50, F|\n|poke|p2|Gliscor, L50, F|\n|poke|p2|Weavile, L50, F|\n|teampreview|4\n|\n|t:|1776395561\n|teamsize|p1|4\n|teamsize|p2|4\n|start\n|switch|p1a: Rotom|Rotom-Wash, L50, shiny|100/100\n|switch|p1b: Sneasler|Sneasler, L50, M|100/100\n|switch|p2a: Antonio|Incineroar, L50, F|100/100\n|switch|p2b: Gliscor|Gliscor, L50, F|100/100\n|-ability|p2a: Antonio|Intimidate|boost\n|-unboost|p1a: Rotom|atk|1\n|-unboost|p1b: Sneasler|atk|1\n|-enditem|p1b: Sneasler|White Herb\n|-clearnegativeboost|p1b: Sneasler|[silent]\n|turn|1\n|\n|t:|1776395603\n|move|p1b: Sneasler|Protect|p1b: Sneasler\n|-singleturn|p1b: Sneasler|Protect\n|move|p2b: Gliscor|Tailwind|p2b: Gliscor\n|-sidestart|p2: RedVelvet99|move: Tailwind\n|move|p2a: Antonio|Parting Shot|p1a: Rotom\n|-unboost|p1a: Rotom|atk|1\n|-unboost|p1a: Rotom|spa|1\n|\n|t:|1776395613\n|switch|p2a: Weavile|Weavile, L50, F|100/100|[from] Parting Shot\n|-ability|p2a: Weavile|Pressure\n|move|p1a: Rotom|Will-O-Wisp|p2b: Gliscor\n|-status|p2b: Gliscor|brn\n|\n|-damage|p2b: Gliscor|94/100 brn|[from] brn\n|upkeep\n|turn|2\n|\n|t:|1776395648\n|switch|p1b: Tyranitar|Tyranitar, L50, F|100/100\n|-weather|Sandstorm|[from] ability: Sand Stream|[of] p1b: Tyranitar\n|switch|p2b: Antonio|Incineroar, L50, F|100/100\n|-ability|p2b: Antonio|Intimidate|boost\n|-unboost|p1a: Rotom|atk|1\n|-unboost|p1b: Tyranitar|atk|1\n|move|p2a: Weavile|Fake Out|p1b: Tyranitar\n|-resisted|p1b: Tyranitar|1\n|-damage|p1b: Tyranitar|95/100\n|move|p1a: Rotom|Will-O-Wisp|p2a: Weavile\n|-status|p2a: Weavile|brn\n|\n|-weather|Sandstorm|[upkeep]\n|-damage|p2a: Weavile|94/100 brn|[from] Sandstorm\n|-damage|p2b: Antonio|95/100|[from] Sandstorm\n|-damage|p1a: Rotom|95/100|[from] Sandstorm\n|-damage|p2a: Weavile|88/100 brn|[from] brn\n|upkeep\n|turn|3\n|\n|t:|1776395693\n|switch|p2a: Primarina|Primarina, L50, M|100/100\n|move|p1a: Rotom|Protect|p1a: Rotom\n|-singleturn|p1a: Rotom|Protect\n|move|p1b: Tyranitar|Protect|p1b: Tyranitar\n|-singleturn|p1b: Tyranitar|Protect\n|move|p2b: Antonio|Fake Out|p1b: Tyranitar\n|-activate|p1b: Tyranitar|move: Protect\n|\n|-weather|Sandstorm|[upkeep]\n|-damage|p2b: Antonio|89/100|[from] Sandstorm\n|-damage|p2a: Primarina|95/100|[from] Sandstorm\n|-damage|p1a: Rotom|89/100|[from] Sandstorm\n|upkeep\n|turn|4\n|inactive|Battle timer is ON: inactive players will automatically lose when time's up. (requested by RedVelvet99)\n|\n|t:|1776395719\n|move|p2b: Antonio|Parting Shot|p1b: Tyranitar\n|-unboost|p1b: Tyranitar|atk|1\n|-unboost|p1b: Tyranitar|spa|1\n|\n|t:|1776395723\n|switch|p2b: Weavile|Weavile, L50, F|88/100 brn|[from] Parting Shot\n|-ability|p2b: Weavile|Pressure\n|move|p2a: Primarina|Dazzling Gleam|p1b: Tyranitar|[spread] p1a,p1b\n|-crit|p1a: Rotom\n|-supereffective|p1b: Tyranitar|1\n|-damage|p1a: Rotom|37/100\n|-damage|p1b: Tyranitar|57/100\n|move|p1a: Rotom|Volt Switch|p2a: Primarina\n|-supereffective|p2a: Primarina|1\n|-damage|p2a: Primarina|56/100\n|\n|t:|1776395737\n|switch|p1a: Sneasler|Sneasler, L50, M|100/100|[from] Volt Switch\n|move|p1b: Tyranitar|Rock Slide|p2a: Primarina|[spread] p2a,p2b\n|-supereffective|p2b: Weavile|1\n|-damage|p2a: Primarina|36/100\n|-damage|p2b: Weavile|35/100 brn\n|-enditem|p2a: Primarina|Sitrus Berry|[eat]\n|-heal|p2a: Primarina|61/100|[from] item: Sitrus Berry\n|\n|-weather|Sandstorm|[upkeep]\n|-damage|p2b: Weavile|29/100 brn|[from] Sandstorm\n|-damage|p1a: Sneasler|95/100|[from] Sandstorm\n|-damage|p2a: Primarina|55/100|[from] Sandstorm\n|-damage|p2b: Weavile|23/100 brn|[from] brn\n|-sideend|p2: RedVelvet99|move: Tailwind\n|upkeep\n|turn|5\n|inactive|RedVelvet99 has 30 seconds left.\n|\n|t:|1776395768\n|move|p1a: Sneasler|Protect|p1a: Sneasler\n|-singleturn|p1a: Sneasler|Protect\n|move|p1b: Tyranitar|Protect|p1b: Tyranitar\n|-singleturn|p1b: Tyranitar|Protect\n|move|p2b: Weavile|Fake Out|p1a: Sneasler\n|-activate|p1a: Sneasler|move: Protect\n|move|p2a: Primarina|Hyper Voice|p1b: Tyranitar|[spread] \n|-activate|p1a: Sneasler|move: Protect\n|-activate|p1b: Tyranitar|move: Protect\n|\n|-weather|Sandstorm|[upkeep]\n|-damage|p2b: Weavile|17/100 brn|[from] Sandstorm\n|-damage|p1a: Sneasler|89/100|[from] Sandstorm\n|-damage|p2a: Primarina|49/100|[from] Sandstorm\n|-damage|p2b: Weavile|11/100 brn|[from] brn\n|upkeep\n|turn|6\n|\n|t:|1776395791\n|switch|p2b: Gliscor|Gliscor, L50, F|94/100 brn\n|switch|p1b: Rotom|Rotom-Wash, L50, shiny|37/100\n|move|p2a: Primarina|Protect|p2a: Primarina\n|-singleturn|p2a: Primarina|Protect\n|move|p1a: Sneasler|Dire Claw|p2a: Primarina\n|-activate|p2a: Primarina|move: Protect\n|\n|-weather|none\n|-heal|p2b: Gliscor|100/100 brn|[from] item: Leftovers\n|-damage|p2b: Gliscor|94/100 brn|[from] brn\n|upkeep\n|turn|7\n|\n|t:|1776395814\n|switch|p1b: Garchomp|Garchomp, L50, F|100/100\n|switch|p2a: Antonio|Incineroar, L50, F|89/100\n|-ability|p2a: Antonio|Intimidate|boost\n|-unboost|p1a: Sneasler|atk|1\n|-unboost|p1b: Garchomp|atk|1\n|move|p1a: Sneasler|Dire Claw|p2a: Antonio\n|-damage|p2a: Antonio|64/100\n|move|p2b: Gliscor|Tailwind|p2b: Gliscor\n|-sidestart|p2: RedVelvet99|move: Tailwind\n|\n|-heal|p2b: Gliscor|100/100 brn|[from] item: Leftovers\n|-damage|p2b: Gliscor|94/100 brn|[from] brn\n|upkeep\n|turn|8\n|inactive|BrightpowderCorp has 30 seconds left.\n|inactive|RedVelvet99 has 30 seconds left.\n|inactive|BrightpowderCorp has 20 seconds left.\n|\n|t:|1776395850\n|switch|p1a: Rotom|Rotom-Wash, L50, shiny|37/100\n|detailschange|p1b: Garchomp|Garchomp-Mega, L50, F\n|-mega|p1b: Garchomp|Garchomp|Garchompite\n|move|p2a: Antonio|Fake Out|p1a: Rotom\n|-damage|p1a: Rotom|26/100\n|move|p2b: Gliscor|Knock Off|p1a: Rotom\n|-crit|p1a: Rotom\n|-damage|p1a: Rotom|8/100\n|-enditem|p1a: Rotom|Quick Claw|[from] move: Knock Off|[of] p2b: Gliscor\n|move|p1b: Garchomp|Stomping Tantrum|p2a: Antonio\n|-supereffective|p2a: Antonio|1\n|-damage|p2a: Antonio|1/100\n|\n|-heal|p2b: Gliscor|100/100 brn|[from] item: Leftovers\n|-damage|p2b: Gliscor|94/100 brn|[from] brn\n|upkeep\n|turn|9\n|inactive|BrightpowderCorp has 30 seconds left.\n|inactive|RedVelvet99 has 30 seconds left.\n|\n|t:|1776395882\n|switch|p1b: Sneasler|Sneasler, L50, M|89/100\n|switch|p1a: Tyranitar|Tyranitar, L50, F|57/100\n|-weather|Sandstorm|[from] ability: Sand Stream|[of] p1a: Tyranitar\n|move|p2a: Antonio|Protect|p2a: Antonio\n|-singleturn|p2a: Antonio|Protect\n|move|p2b: Gliscor|Earthquake|p1b: Sneasler|[spread] p1a,p1b\n|-activate|p2a: Antonio|move: Protect\n|-supereffective|p1a: Tyranitar|1\n|-supereffective|p1b: Sneasler|1\n|-damage|p1a: Tyranitar|39/100\n|-damage|p1b: Sneasler|49/100\n|\n|-weather|Sandstorm|[upkeep]\n|-damage|p1b: Sneasler|43/100|[from] Sandstorm\n|-damage|p2a: Antonio|0 fnt|[from] Sandstorm\n|faint|p2a: Antonio\n|-heal|p2b: Gliscor|100/100 brn|[from] item: Leftovers\n|-damage|p2b: Gliscor|94/100 brn|[from] brn\n|upkeep\n|\n|t:|1776395906\n|switch|p2a: Primarina|Primarina, L50, M|49/100\n|turn|10\n|inactive|BrightpowderCorp has 30 seconds left.\n|inactive|BrightpowderCorp has 20 seconds left.\n|inactive|BrightpowderCorp has 15 seconds left.\n|inactive|BrightpowderCorp has 10 seconds left.\n|\n|t:|1776395955\n|switch|p1a: Rotom|Rotom-Wash, L50, shiny|8/100\n|move|p1b: Sneasler|Protect|p1b: Sneasler\n|-singleturn|p1b: Sneasler|Protect\n|move|p2b: Gliscor|Knock Off|p1b: Sneasler\n|-activate|p1b: Sneasler|move: Protect\n|move|p2a: Primarina|Hyper Voice|p1a: Rotom|[spread] p1a\n|-activate|p1b: Sneasler|move: Protect\n|-resisted|p1a: Rotom|1\n|-damage|p1a: Rotom|0 fnt\n|faint|p1a: Rotom\n|\n|-weather|Sandstorm|[upkeep]\n|-damage|p1b: Sneasler|37/100|[from] Sandstorm\n|-damage|p2a: Primarina|43/100|[from] Sandstorm\n|-heal|p2b: Gliscor|100/100 brn|[from] item: Leftovers\n|-damage|p2b: Gliscor|94/100 brn|[from] brn\n|-sideend|p2: RedVelvet99|move: Tailwind\n|upkeep\n|\n|t:|1776395970\n|switch|p1a: Garchomp|Garchomp-Mega, L50, F|100/100\n|turn|11\n|\n|t:|1776395979\n|move|p2a: Primarina|Protect|p2a: Primarina\n|-singleturn|p2a: Primarina|Protect\n|move|p1b: Sneasler|Dire Claw|p2a: Primarina\n|-activate|p2a: Primarina|move: Protect\n|move|p2b: Gliscor|Tailwind|p2b: Gliscor\n|-sidestart|p2: RedVelvet99|move: Tailwind\n|move|p1a: Garchomp|Rock Slide|p2a: Primarina|[spread] p2b\n|-activate|p2a: Primarina|move: Protect\n|-damage|p2b: Gliscor|69/100 brn\n|\n|-weather|Sandstorm|[upkeep]\n|-damage|p1b: Sneasler|32/100|[from] Sandstorm\n|-damage|p2a: Primarina|37/100|[from] Sandstorm\n|-heal|p2b: Gliscor|75/100 brn|[from] item: Leftovers\n|-damage|p2b: Gliscor|69/100 brn|[from] brn\n|upkeep\n|turn|12\n|inactive|RedVelvet99 has 30 seconds left.\n|\n|t:|1776396004\n|move|p1b: Sneasler|Protect|p1b: Sneasler\n|-singleturn|p1b: Sneasler|Protect\n|move|p2b: Gliscor|Knock Off|p1a: Garchomp\n|-damage|p1a: Garchomp|95/100\n|move|p2a: Primarina|Dazzling Gleam|p1a: Garchomp|[spread] p1a\n|-activate|p1b: Sneasler|move: Protect\n|-supereffective|p1a: Garchomp|1\n|-damage|p1a: Garchomp|40/100\n|move|p1a: Garchomp|Stomping Tantrum|p2a: Primarina\n|-damage|p2a: Primarina|0 fnt\n|faint|p2a: Primarina\n|\n|-weather|Sandstorm|[upkeep]\n|-damage|p1b: Sneasler|26/100|[from] Sandstorm\n|-heal|p2b: Gliscor|75/100 brn|[from] item: Leftovers\n|-damage|p2b: Gliscor|69/100 brn|[from] brn\n|upkeep\n|\n|t:|1776396023\n|switch|p2a: Weavile|Weavile, L50, F|11/100 brn\n|-ability|p2a: Weavile|Pressure\n|turn|13\n|\n|t:|1776396034\n|switch|p1b: Tyranitar|Tyranitar, L50, F|39/100\n|move|p1a: Garchomp|Protect|p1a: Garchomp\n|-singleturn|p1a: Garchomp|Protect\n|move|p2a: Weavile|Ice Shard|p1a: Garchomp\n|-activate|p1a: Garchomp|move: Protect\n|move|p2b: Gliscor|Earthquake|p1b: Tyranitar|[spread] p2a,p1b\n|-activate|p1a: Garchomp|move: Protect\n|-supereffective|p1b: Tyranitar|1\n|-damage|p2a: Weavile|0 fnt\n|-damage|p1b: Tyranitar|20/100\n|faint|p2a: Weavile\n|\n|-weather|none\n|-heal|p2b: Gliscor|75/100 brn|[from] item: Leftovers\n|-damage|p2b: Gliscor|69/100 brn|[from] brn\n|upkeep\n|turn|14\n|\n|t:|1776396058\n|move|p2b: Gliscor|Earthquake|p1b: Tyranitar|[spread] p1a,p1b\n|-supereffective|p1b: Tyranitar|1\n|-damage|p1a: Garchomp|30/100\n|-damage|p1b: Tyranitar|0 fnt\n|faint|p1b: Tyranitar\n|move|p1a: Garchomp|Rock Slide|p2b: Gliscor\n|-damage|p2b: Gliscor|39/100 brn\n|\n|-heal|p2b: Gliscor|45/100 brn|[from] item: Leftovers\n|-damage|p2b: Gliscor|39/100 brn|[from] brn\n|-sideend|p2: RedVelvet99|move: Tailwind\n|upkeep\n|\n|t:|1776396065\n|switch|p1b: Sneasler|Sneasler, L50, M|26/100\n|turn|15\n|\n|t:|1776396073\n|move|p1b: Sneasler|Fake Out|p2b: Gliscor\n|-damage|p2b: Gliscor|27/100 brn\n|cant|p2b: Gliscor|flinch\n|move|p1a: Garchomp|Rock Slide|p2b: Gliscor\n|-damage|p2b: Gliscor|0 fnt\n|faint|p2b: Gliscor\n|\n|win|BrightpowderCorp\n|raw|BrightpowderCorp's rating: 1126 &rarr; <strong>1155</strong><br />(+29 for winning)\n|raw|RedVelvet99's rating: 1181 &rarr; <strong>1152</strong><br />(-29 for losing)\n",
  "uploadtime": 1776396078,
  "views": 15,
  "formatid": "gen9championsvgc2026regma",
  "rating": 1152,
  "private": 0,
  "password": null
}