{
  "id": "gen9championsvgc2026regma-2588568885",
  "format": "[Gen 9 Champions] VGC 2026 Reg M-A",
  "players": [
    "Master of Capture",
    "Emmannuelle"
  ],
  "log": "|j|\u2606Master of Capture\n|j|\u2606Emmannuelle\n|t:|1776645861\n|gametype|doubles\n|player|p1|Master of Capture|169|1423\n|player|p2|Emmannuelle|169|1525\n|gen|9\n|tier|[Gen 9 Champions] VGC 2026 Reg M-A\n|rated|\n|rule|Species Clause: Limit one of each Pok\u00e9mon\n|rule|Item Clause: Limit 1 of each item\n|clearpoke\n|poke|p1|Incineroar, L50, F|\n|poke|p1|Sinistcha, L50|\n|poke|p1|Floette-Eternal, L50, F|\n|poke|p1|Toxapex, L50, M|\n|poke|p1|Gengar, L50, F|\n|poke|p1|Altaria, L50, M|\n|poke|p2|Gengar, L50, M|\n|poke|p2|Blastoise, L50, M|\n|poke|p2|Ninetales-Alola, L50, M|\n|poke|p2|Corviknight, L50, F|\n|poke|p2|Kommo-o, L50, M|\n|poke|p2|Incineroar, L50, M|\n|teampreview|4\n|l|\u2606Emmannuelle\n|player|p2|\n|j|\u2606Emmannuelle\n|player|p2|Emmannuelle|169|\n|j| Scarret\n|\n|t:|1776645942\n|teamsize|p1|4\n|teamsize|p2|4\n|start\n|switch|p1a: Toxapex|Toxapex, L50, M|100/100\n|switch|p1b: Gengar|Gengar, L50, F|100/100\n|switch|p2a: Corviknight|Corviknight, L50, F|100/100\n|switch|p2b: Incineroar|Incineroar, L50, M|100/100\n|-ability|p2a: Corviknight|Unnerve\n|-ability|p2b: Incineroar|Intimidate|boost\n|-unboost|p1a: Toxapex|atk|1\n|-unboost|p1b: Gengar|atk|1\n|turn|1\n|\n|t:|1776645971\n|detailschange|p1b: Gengar|Gengar-Mega, L50, F\n|-mega|p1b: Gengar|Gengar|Gengarite\n|move|p1b: Gengar|Substitute|p1b: Gengar\n|-start|p1b: Gengar|Substitute\n|-damage|p1b: Gengar|76/100\n|move|p2a: Corviknight|Bulk Up|p2a: Corviknight\n|-boost|p2a: Corviknight|atk|1\n|-boost|p2a: Corviknight|def|1\n|move|p2b: Incineroar|Parting Shot|p1b: Gengar\n|-unboost|p1b: Gengar|atk|1\n|-unboost|p1b: Gengar|spa|1\n|\n|t:|1776646009\n|switch|p2b: Gengar|Gengar, L50, M|100/100|[from] Parting Shot\n|move|p1a: Toxapex|Infestation|p2a: Corviknight\n|-resisted|p2a: Corviknight|2\n|-damage|p2a: Corviknight|99/100\n|-activate|p2a: Corviknight|move: Infestation|[of] p1a: Toxapex\n|\n|-damage|p2a: Corviknight|88/100|[from] move: Infestation|[partiallytrapped]\n|upkeep\n|turn|2\n|\n|t:|1776646027\n|switch|p1a: Sinistcha|Sinistcha, L50|100/100\n|-heal|p1b: Gengar|100/100|[from] ability: Hospitality|[of] p1a: Sinistcha\n|detailschange|p2b: Gengar|Gengar-Mega, L50, M\n|-mega|p2b: Gengar|Gengar|Gengarite\n|move|p2b: Gengar|Shadow Ball|p1b: Gengar\n|-supereffective|p1b: Gengar|1\n|-end|p1b: Gengar|Substitute\n|move|p1b: Gengar|Perish Song|p1b: Gengar\n|-start|p1a: Sinistcha|perish3|[silent]\n|-start|p1b: Gengar|perish3|[silent]\n|-start|p2a: Corviknight|perish3|[silent]\n|-start|p2b: Gengar|perish3|[silent]\n|-fieldactivate|move: Perish Song\n|move|p2a: Corviknight|Bulk Up|p2a: Corviknight\n|-boost|p2a: Corviknight|atk|1\n|-boost|p2a: Corviknight|def|1\n|\n|-end|p2a: Corviknight|Infestation|[partiallytrapped]|[silent]\n|-start|p2b: Gengar|perish3\n|-start|p1b: Gengar|perish3\n|-start|p1a: Sinistcha|perish3\n|-start|p2a: Corviknight|perish3\n|upkeep\n|turn|3\n|\n|t:|1776646057\n|move|p1b: Gengar|Protect|p1b: Gengar\n|-singleturn|p1b: Gengar|Protect\n|move|p1a: Sinistcha|Protect|p1a: Sinistcha\n|-singleturn|p1a: Sinistcha|Protect\n|move|p2b: Gengar|Shadow Ball|p1a: Sinistcha\n|-activate|p1a: Sinistcha|move: Protect\n|move|p2a: Corviknight|Iron Head|p1b: Gengar\n|-activate|p1b: Gengar|move: Protect\n|\n|-start|p2b: Gengar|perish2\n|-start|p1b: Gengar|perish2\n|-start|p1a: Sinistcha|perish2\n|-start|p2a: Corviknight|perish2\n|upkeep\n|turn|4\n|\n|t:|1776646080\n|move|p2b: Gengar|Shadow Ball|p1b: Gengar\n|-supereffective|p1b: Gengar|1\n|-damage|p1b: Gengar|0 fnt\n|faint|p1b: Gengar\n|move|p1a: Sinistcha|Matcha Gotcha|p2a: Corviknight|[spread] p2a,p2b\n|-resisted|p2a: Corviknight|2\n|-resisted|p2b: Gengar|1\n|-damage|p2a: Corviknight|83/100\n|-damage|p2b: Gengar|87/100\n|move|p2a: Corviknight|Iron Head|p1a: Sinistcha\n|-damage|p1a: Sinistcha|56/100\n|\n|-start|p2b: Gengar|perish1\n|-start|p1a: Sinistcha|perish1\n|-start|p2a: Corviknight|perish1\n|upkeep\n|\n|t:|1776646093\n|switch|p1b: Toxapex|Toxapex, L50, M|100/100\n|turn|5\n|\n|t:|1776646117\n|switch|p2b: Blastoise|Blastoise, L50, M|100/100\n|switch|p1a: Incineroar|Incineroar, L50, F|100/100\n|-ability|p1a: Incineroar|Intimidate|boost\n|-unboost|p2a: Corviknight|atk|1\n|-unboost|p2b: Blastoise|atk|1\n|move|p2a: Corviknight|Iron Head|p1a: Incineroar\n|-resisted|p1a: Incineroar|1\n|-damage|p1a: Incineroar|86/100\n|move|p1b: Toxapex|Infestation|p2a: Corviknight\n|-resisted|p2a: Corviknight|2\n|-damage|p2a: Corviknight|83/100\n|-activate|p2a: Corviknight|move: Infestation|[of] p1b: Toxapex\n|\n|-damage|p2a: Corviknight|71/100|[from] move: Infestation|[partiallytrapped]\n|-start|p2a: Corviknight|perish0\n|upkeep\n|faint|p2a: Corviknight\n|\n|t:|1776646129\n|switch|p2a: Incineroar|Incineroar, L50, M|100/100\n|-ability|p2a: Incineroar|Intimidate|boost\n|-unboost|p1a: Incineroar|atk|1\n|-unboost|p1b: Toxapex|atk|1\n|turn|6\n|\n|t:|1776646180\n|move|p1a: Incineroar|Protect|p1a: Incineroar\n|-singleturn|p1a: Incineroar|Protect\n|move|p2a: Incineroar|Fake Out|p1b: Toxapex\n|-damage|p1b: Toxapex|93/100\n|move|p2b: Blastoise|Flip Turn|p1a: Incineroar\n|-activate|p1a: Incineroar|move: Protect\n|cant|p1b: Toxapex|flinch\n|\n|-heal|p1b: Toxapex|99/100|[from] item: Leftovers\n|upkeep\n|turn|7\n|\n|t:|1776646203\n|move|p2b: Blastoise|Yawn|p1b: Toxapex\n|-start|p1b: Toxapex|move: Yawn|[of] p2b: Blastoise\n|move|p1a: Incineroar|Parting Shot|p2b: Blastoise\n|-unboost|p2b: Blastoise|atk|1\n|-unboost|p2b: Blastoise|spa|1\n|\n|t:|1776646210\n|switch|p1a: Sinistcha|Sinistcha, L50|56/100|[from] Parting Shot\n|-heal|p1b: Toxapex|100/100|[from] ability: Hospitality|[of] p1a: Sinistcha\n|move|p2a: Incineroar|Parting Shot|p1a: Sinistcha\n|-unboost|p1a: Sinistcha|atk|1\n|-unboost|p1a: Sinistcha|spa|1\n|\n|t:|1776646212\n|switch|p2a: Gengar|Gengar-Mega, L50, M|87/100|[from] Parting Shot\n|move|p1b: Toxapex|Infestation|p2b: Blastoise\n|-damage|p2b: Blastoise|98/100\n|-activate|p2b: Blastoise|move: Infestation|[of] p1b: Toxapex\n|\n|-damage|p2b: Blastoise|85/100|[from] move: Infestation|[partiallytrapped]\n|upkeep\n|turn|8\n|\n|t:|1776646254\n|switch|p1a: Incineroar|Incineroar, L50, F|86/100\n|-ability|p1a: Incineroar|Intimidate|boost\n|-unboost|p2a: Gengar|atk|1\n|-unboost|p2b: Blastoise|atk|1\n|move|p2a: Gengar|Sludge Bomb|p1a: Incineroar\n|-damage|p1a: Incineroar|44/100\n|-status|p1a: Incineroar|psn\n|-enditem|p1a: Incineroar|Sitrus Berry|[eat]\n|-heal|p1a: Incineroar|69/100 psn|[from] item: Sitrus Berry\n|move|p2b: Blastoise|Yawn||[still]\n|-fail|p2b: Blastoise\n|move|p1b: Toxapex|Infestation|p2b: Blastoise\n|-damage|p2b: Blastoise|83/100\n|\n|-damage|p1a: Incineroar|56/100 psn|[from] psn\n|-damage|p2b: Blastoise|70/100|[from] move: Infestation|[partiallytrapped]\n|-end|p1b: Toxapex|move: Yawn|[silent]\n|-status|p1b: Toxapex|slp\n|upkeep\n|turn|9\n|\n|t:|1776646276\n|move|p1a: Incineroar|Protect|p1a: Incineroar\n|-singleturn|p1a: Incineroar|Protect\n|move|p2a: Gengar|Sludge Bomb|p1a: Incineroar\n|-activate|p1a: Incineroar|move: Protect\n|move|p2b: Blastoise|Flip Turn|p1a: Incineroar\n|-activate|p1a: Incineroar|move: Protect\n|cant|p1b: Toxapex|slp\n|\n|-damage|p1a: Incineroar|44/100 psn|[from] psn\n|-damage|p2b: Blastoise|58/100|[from] move: Infestation|[partiallytrapped]\n|upkeep\n|turn|10\n|\n|t:|1776646296\n|move|p2a: Gengar|Sludge Bomb|p1a: Incineroar\n|-damage|p1a: Incineroar|5/100 psn\n|move|p2b: Blastoise|Flip Turn|p1a: Incineroar\n|-supereffective|p1a: Incineroar|1\n|-damage|p1a: Incineroar|0 fnt\n|faint|p1a: Incineroar\n|-message|Master of Capture forfeited.\n|\n|win|Emmannuelle\n|raw|Master of Capture's rating: 1423 &rarr; <strong>1409</strong><br />(-14 for losing)\n|raw|Emmannuelle's rating: 1525 &rarr; <strong>1539</strong><br />(+14 for winning)\n|l|\u2606Master of Capture\n|player|p1|\n|l|\u2606Emmannuelle\n|player|p2|\n|j|\u2606Emmannuelle\n|player|p2|Emmannuelle|169|\n|l| Scarret\n|l|\u2606Emmannuelle\n|player|p2|\n",
  "uploadtime": 1776646960,
  "views": 9,
  "formatid": "gen9championsvgc2026regma",
  "rating": 1409,
  "private": 0,
  "password": null
}