{
  "id": "gen9championsvgc2026regma-2587640736",
  "format": "[Gen 9 Champions] VGC 2026 Reg M-A",
  "players": [
    "gholden go getters",
    "Elite Fource"
  ],
  "log": "|j|\u2606gholden go getters\n|j|\u2606Elite Fource\n|t:|1776549518\n|gametype|doubles\n|player|p1|gholden go getters|2|1090\n|player|p2|Elite Fource|infielder|1020\n|gen|9\n|tier|[Gen 9 Champions] VGC 2026 Reg M-A\n|rated|\n|rule|Species Clause: Limit one of each Pok\u00e9mon\n|rule|Item Clause: Limit 1 of each item\n|clearpoke\n|poke|p1|Tyranitar, L50, F|\n|poke|p1|Excadrill, L50, F|\n|poke|p1|Zoroark-Hisui, L50, F|\n|poke|p1|Rotom-Wash, L50|\n|poke|p1|Incineroar, L50, M|\n|poke|p1|Sneasler, L50, F|\n|poke|p2|Greninja, L50, F|\n|poke|p2|Mr. Rime, L50, F|\n|poke|p2|Victreebel, L50, M, shiny|\n|poke|p2|Flareon, L50, F|\n|poke|p2|Pinsir, L50, F, shiny|\n|poke|p2|Zoroark-Hisui, L50, F|\n|teampreview|4\n|inactive|Battle timer is ON: inactive players will automatically lose when time's up. (requested by Elite Fource)\n|inactive|gholden go getters has 60 seconds left.\n|\n|t:|1776549550\n|teamsize|p1|4\n|teamsize|p2|4\n|start\n|switch|p1a: Tyranitar|Tyranitar, L50, F|100/100\n|switch|p1b: Excadrill|Excadrill, L50, F|100/100\n|switch|p2a: In the courtyard|Greninja, L50, F|100/100\n|switch|p2b: Spoils Bag|Victreebel, L50, M, shiny|100/100\n|-weather|Sandstorm|[from] ability: Sand Stream|[of] p1a: Tyranitar\n|turn|1\n|inactive|Elite Fource has 30 seconds left.\n|\n|t:|1776549582\n|detailschange|p2b: Spoils Bag|Victreebel-Mega, L50, M, shiny\n|-mega|p2b: Spoils Bag|Victreebel|Victreebelite\n|detailschange|p1a: Tyranitar|Tyranitar-Mega, L50, F\n|-mega|p1a: Tyranitar|Tyranitar|Tyranitarite\n|move|p1b: Excadrill|High Horsepower|p2a: In the courtyard\n|-damage|p2a: In the courtyard|20/100\n|move|p2a: In the courtyard|Liquidation|p1a: Tyranitar\n|-start|p2a: In the courtyard|typechange|Water|[from] ability: Protean\n|-supereffective|p1a: Tyranitar|1\n|-damage|p1a: Tyranitar|43/100\n|-unboost|p1a: Tyranitar|def|1\n|move|p2b: Spoils Bag|Sleep Powder|p1b: Excadrill\n|-status|p1b: Excadrill|slp|[from] move: Sleep Powder\n|move|p1a: Tyranitar|Rock Slide|p2b: Spoils Bag|[spread] p2a,p2b\n|-damage|p2a: In the courtyard|0 fnt\n|-damage|p2b: Spoils Bag|60/100\n|faint|p2a: In the courtyard\n|\n|-weather|Sandstorm|[upkeep]\n|-damage|p2b: Spoils Bag|54/100|[from] Sandstorm\n|upkeep\n|\n|t:|1776549601\n|switch|p2a: No plan|Mr. Rime, L50, F|100/100\n|turn|2\n|\n|t:|1776549624\n|switch|p1a: Incineroar|Incineroar, L50, M|100/100\n|-ability|p1a: Incineroar|Intimidate|boost\n|-unboost|p2a: No plan|atk|1\n|-unboost|p2b: Spoils Bag|atk|1\n|cant|p1b: Excadrill|slp\n|move|p2a: No plan|Icy Wind|p1a: Incineroar|[spread] p1a,p1b\n|-resisted|p1a: Incineroar|1\n|-damage|p1a: Incineroar|95/100\n|-damage|p1b: Excadrill|83/100 slp\n|-unboost|p1a: Incineroar|spe|1\n|-unboost|p1b: Excadrill|spe|1\n|move|p2b: Spoils Bag|Giga Drain|p1a: Incineroar\n|-resisted|p1a: Incineroar|1\n|-damage|p1a: Incineroar|72/100\n|-heal|p2b: Spoils Bag|66/100|[from] drain|[of] p1a: Incineroar\n|\n|-weather|Sandstorm|[upkeep]\n|-damage|p2a: No plan|94/100|[from] Sandstorm\n|-damage|p2b: Spoils Bag|60/100|[from] Sandstorm\n|-damage|p1a: Incineroar|66/100|[from] Sandstorm\n|upkeep\n|turn|3\n|\n|t:|1776549637\n|move|p1a: Incineroar|Fake Out|p2b: Spoils Bag\n|-damage|p2b: Spoils Bag|45/100\n|cant|p1b: Excadrill|slp\n|move|p2a: No plan|Focus Blast|p1b: Excadrill\n|-supereffective|p1b: Excadrill|1\n|-damage|p1b: Excadrill|0 fnt\n|faint|p1b: Excadrill\n|cant|p2b: Spoils Bag|flinch\n|\n|-weather|Sandstorm|[upkeep]\n|-damage|p2a: No plan|88/100|[from] Sandstorm\n|-damage|p2b: Spoils Bag|39/100|[from] Sandstorm\n|-damage|p1a: Incineroar|60/100|[from] Sandstorm\n|upkeep\n|\n|t:|1776549648\n|switch|p1b: Rotom|Rotom-Wash, L50|100/100\n|turn|4\n|\n|t:|1776549670\n|move|p2a: No plan|Hyper Voice|p1a: Incineroar|[spread] p1a,p1b\n|-damage|p1a: Incineroar|27/100\n|-damage|p1b: Rotom|64/100\n|move|p1b: Rotom|Thunderbolt|p2a: No plan\n|-damage|p2a: No plan|0 fnt\n|replace|p2a: \"Zoroark\"|Zoroark-Hisui, L50, F\n|-end|p2a: \"Zoroark\"|Illusion\n|faint|p2a: \"Zoroark\"\n|move|p2b: Spoils Bag|Sleep Powder|p1a: Incineroar\n|-status|p1a: Incineroar|slp|[from] move: Sleep Powder\n|cant|p1a: Incineroar|slp\n|\n|-weather|Sandstorm|[upkeep]\n|-damage|p1b: Rotom|58/100|[from] Sandstorm\n|-damage|p2b: Spoils Bag|33/100|[from] Sandstorm\n|-damage|p1a: Incineroar|21/100 slp|[from] Sandstorm\n|upkeep\n|\n|t:|1776549678\n|switch|p2a: No plan|Mr. Rime, L50, F|100/100\n|turn|5\n|\n|t:|1776549685\n|move|p2a: No plan|Freeze-Dry|p1b: Rotom\n|-supereffective|p1b: Rotom|1\n|-damage|p1b: Rotom|0 fnt\n|faint|p1b: Rotom\n|move|p2b: Spoils Bag|Sludge Bomb|p1a: Incineroar\n|-damage|p1a: Incineroar|0 fnt\n|faint|p1a: Incineroar\n|\n|-weather|none\n|upkeep\n|\n|t:|1776549689\n|switch|p1b: Tyranitar|Tyranitar-Mega, L50, F|43/100\n|-weather|Sandstorm|[from] ability: Sand Stream|[of] p1b: Tyranitar\n|turn|6\n|\n|t:|1776549700\n|move|p2b: Spoils Bag|Protect|p2b: Spoils Bag\n|-singleturn|p2b: Spoils Bag|Protect\n|move|p2a: No plan|Freeze-Dry|p1b: Tyranitar\n|-damage|p1b: Tyranitar|27/100\n|move|p1b: Tyranitar|Rock Slide|p2a: No plan|[spread] \n|-activate|p2b: Spoils Bag|move: Protect\n|-miss|p1b: Tyranitar|p2a: No plan\n|\n|-weather|Sandstorm|[upkeep]\n|-damage|p2a: No plan|95/100|[from] Sandstorm\n|-damage|p2b: Spoils Bag|27/100|[from] Sandstorm\n|upkeep\n|turn|7\n|inactive|gholden go getters has 30 seconds left.\n|inactive|gholden go getters has 20 seconds left.\n|\n|t:|1776549736\n|move|p2a: No plan|Freeze-Dry|p1b: Tyranitar\n|-damage|p1b: Tyranitar|11/100\n|move|p2b: Spoils Bag|Giga Drain|p1b: Tyranitar\n|-supereffective|p1b: Tyranitar|1\n|-damage|p1b: Tyranitar|0 fnt\n|-heal|p2b: Spoils Bag|32/100|[from] drain|[of] p1b: Tyranitar\n|faint|p1b: Tyranitar\n|\n|win|Elite Fource\n|raw|gholden go getters's rating: 1090 &rarr; <strong>1062</strong><br />(-28 for losing)\n|raw|Elite Fource's rating: 1020 &rarr; <strong>1064</strong><br />(+44 for winning)\n|l|\u2606gholden go getters\n|player|p1|\n",
  "uploadtime": 1776549745,
  "views": 11,
  "formatid": "gen9championsvgc2026regma",
  "rating": 1062,
  "private": 0,
  "password": null
}