{
  "id": "gen9championsvgc2026regma-2585415958",
  "format": "[Gen 9 Champions] VGC 2026 Reg M-A",
  "players": [
    "kjsakjdkas",
    "Lyoi"
  ],
  "log": "|j|\u2606kjsakjdkas\n|j|\u2606Lyoi\n|t:|1776345734\n|gametype|doubles\n|player|p1|kjsakjdkas|266|1000\n|player|p2|Lyoi|miku-ghost|1065\n|gen|9\n|tier|[Gen 9 Champions] VGC 2026 Reg M-A\n|rated|\n|rule|Species Clause: Limit one of each Pok\u00e9mon\n|rule|Item Clause: Limit 1 of each item\n|clearpoke\n|poke|p1|Incineroar, L50, F|\n|poke|p1|Kommo-o, L50, M|\n|poke|p1|Skarmory, L50, M|\n|poke|p1|Glaceon, L50, M|\n|poke|p1|Palafin, L50, F|\n|poke|p1|Gardevoir, L50, F|\n|poke|p2|Sneasler, L50, M|\n|poke|p2|Starmie, L50|\n|poke|p2|Garchomp, L50, F|\n|poke|p2|Sinistcha, L50|\n|poke|p2|Goodra-Hisui, L50, M|\n|poke|p2|Rotom-Heat, L50|\n|teampreview|4\n|\n|t:|1776345778\n|teamsize|p1|4\n|teamsize|p2|4\n|start\n|switch|p1a: Incineroar|Incineroar, L50, F|100/100\n|switch|p1b: Skarmory|Skarmory, L50, M|100/100\n|switch|p2a: Rotom|Rotom-Heat, L50|100/100\n|switch|p2b: Sneasler|Sneasler, L50, M|100/100\n|-ability|p1a: Incineroar|Intimidate|boost\n|-unboost|p2a: Rotom|atk|1\n|-unboost|p2b: Sneasler|atk|1\n|turn|1\n|inactive|Battle timer is ON: inactive players will automatically lose when time's up. (requested by kjsakjdkas)\n|inactive|Lyoi has 60 seconds left.\n|\n|t:|1776345822\n|move|p2b: Sneasler|Fake Out|p1a: Incineroar\n|-damage|p1a: Incineroar|92/100\n|cant|p1a: Incineroar|flinch\n|move|p2a: Rotom|Overheat|p1b: Skarmory\n|-supereffective|p1b: Skarmory|1\n|-ability|p1b: Skarmory|Sturdy\n|-damage|p1b: Skarmory|1/100\n|-unboost|p2a: Rotom|spa|2\n|move|p1b: Skarmory|Tailwind|p1b: Skarmory\n|-sidestart|p1: kjsakjdkas|move: Tailwind\n|\n|upkeep\n|turn|2\n|\n|t:|1776345847\n|move|p2b: Sneasler|Close Combat|p1a: Incineroar\n|-supereffective|p1a: Incineroar|1\n|-damage|p1a: Incineroar|14/100\n|-unboost|p2b: Sneasler|def|1\n|-unboost|p2b: Sneasler|spd|1\n|-enditem|p1a: Incineroar|Sitrus Berry|[eat]\n|-heal|p1a: Incineroar|39/100|[from] item: Sitrus Berry\n|move|p1b: Skarmory|Brave Bird|p2b: Sneasler\n|-supereffective|p2b: Sneasler|1\n|-enditem|p2b: Sneasler|Focus Sash\n|-damage|p2b: Sneasler|1/100\n|-damage|p1b: Skarmory|0 fnt|[from] Recoil\n|faint|p1b: Skarmory\n|move|p1a: Incineroar|Flare Blitz|p2b: Sneasler\n|-damage|p2b: Sneasler|0 fnt\n|faint|p2b: Sneasler\n|-damage|p1a: Incineroar|38/100|[from] Recoil\n|move|p2a: Rotom|Thunderbolt|p1a: Incineroar\n|-damage|p1a: Incineroar|23/100\n|\n|upkeep\n|\n|t:|1776345872\n|switch|p2b: Starmie|Starmie, L50|100/100\n|switch|p1b: Gardevoir|Gardevoir, L50, F|100/100\n|-ability|p1b: Gardevoir|Levitate|Trace|[from] ability: Trace|[of] p2a: Rotom\n|turn|3\n|\n|t:|1776345890\n|detailschange|p1b: Gardevoir|Gardevoir-Mega, L50, F\n|-mega|p1b: Gardevoir|Gardevoir|Gardevoirite\n|move|p1b: Gardevoir|Protect|p1b: Gardevoir\n|-singleturn|p1b: Gardevoir|Protect\n|move|p2b: Starmie|Protect|p2b: Starmie\n|-singleturn|p2b: Starmie|Protect\n|move|p1a: Incineroar|Throat Chop|p2b: Starmie\n|-activate|p2b: Starmie|move: Protect\n|move|p2a: Rotom|Light Screen|p2a: Rotom\n|-sidestart|p2: Lyoi|move: Light Screen\n|\n|upkeep\n|turn|4\n|inactive|kjsakjdkas has 30 seconds left.\n|\n|t:|1776345915\n|switch|p1b: Glaceon|Glaceon, L50, M|100/100\n|switch|p2a: Garchomp|Garchomp, L50, F|100/100\n|detailschange|p2b: Starmie|Starmie-Mega, L50\n|-mega|p2b: Starmie|Starmie|Starminite\n|move|p2b: Starmie|Liquidation|p1a: Incineroar\n|-supereffective|p1a: Incineroar|1\n|-damage|p1a: Incineroar|0 fnt\n|faint|p1a: Incineroar\n|\n|-sideend|p1: kjsakjdkas|move: Tailwind\n|upkeep\n|\n|t:|1776345926\n|switch|p1a: Gardevoir|Gardevoir-Mega, L50, F|100/100\n|turn|5\n|\n|t:|1776345940\n|move|p2a: Garchomp|Rock Slide|p1a: Gardevoir|[spread] p1b\n|-miss|p2a: Garchomp|p1a: Gardevoir\n|-supereffective|p1b: Glaceon|1\n|-damage|p1b: Glaceon|50/100\n|move|p2b: Starmie|Liquidation|p1b: Glaceon\n|-damage|p1b: Glaceon|0 fnt\n|faint|p1b: Glaceon\n|move|p1a: Gardevoir|Hyper Voice|p2b: Starmie|[spread] p2a,p2b\n|-supereffective|p2a: Garchomp|1\n|-damage|p2a: Garchomp|31/100\n|-damage|p2b: Starmie|56/100\n|\n|upkeep\n|turn|6\n|\n|t:|1776345951\n|move|p2a: Garchomp|Rock Slide|p1a: Gardevoir|[miss]\n|-miss|p2a: Garchomp|p1a: Gardevoir\n|move|p2b: Starmie|Liquidation|p1a: Gardevoir\n|-damage|p1a: Gardevoir|12/100\n|-unboost|p1a: Gardevoir|def|1\n|move|p1a: Gardevoir|Hyper Voice|p2b: Starmie|[spread] p2a,p2b\n|-supereffective|p2a: Garchomp|1\n|-damage|p2a: Garchomp|0 fnt\n|-damage|p2b: Starmie|15/100\n|faint|p2a: Garchomp\n|\n|upkeep\n|\n|t:|1776345958\n|switch|p2a: Rotom|Rotom-Heat, L50|100/100\n|turn|7\n|-message|kjsakjdkas forfeited.\n|\n|win|Lyoi\n|raw|kjsakjdkas's rating: 1000 &rarr; <strong>1000</strong><br />(+0 for losing)\n|raw|Lyoi's rating: 1065 &rarr; <strong>1090</strong><br />(+25 for winning)\n|l|\u2606kjsakjdkas\n|player|p1|\n",
  "uploadtime": 1776345968,
  "views": 21,
  "formatid": "gen9championsvgc2026regma",
  "rating": 1000,
  "private": 0,
  "password": null
}