{
  "id": "gen9championsvgc2026regma-2586723342",
  "format": "[Gen 9 Champions] VGC 2026 Reg M-A",
  "players": [
    "el barbas dml",
    "Sceptilicious"
  ],
  "log": "|j|\u2606el barbas dml\n|j|\u2606Sceptilicious\n|t:|1776454919\n|gametype|doubles\n|player|p1|el barbas dml|1|1185\n|player|p2|Sceptilicious|266|1246\n|gen|9\n|tier|[Gen 9 Champions] VGC 2026 Reg M-A\n|rated|\n|rule|Species Clause: Limit one of each Pok\u00e9mon\n|rule|Item Clause: Limit 1 of each item\n|clearpoke\n|poke|p1|Gengar, L50, F|\n|poke|p1|Whimsicott, L50, M|\n|poke|p1|Dragonite, L50, F|\n|poke|p1|Incineroar, L50, F|\n|poke|p1|Politoed, L50, M|\n|poke|p1|Sneasler, L50, M|\n|poke|p2|Sinistcha, L50|\n|poke|p2|Incineroar, L50, M|\n|poke|p2|Gyarados, L50, M|\n|poke|p2|Kommo-o, L50, M|\n|poke|p2|Gengar, L50, F|\n|poke|p2|Tinkaton, L50, F|\n|teampreview|4\n|inactive|Battle timer is ON: inactive players will automatically lose when time's up. (requested by el barbas dml)\n|\n|t:|1776454975\n|teamsize|p1|4\n|teamsize|p2|4\n|start\n|switch|p1a: Whimsicott|Whimsicott, L50, M, shiny|100/100\n|switch|p1b: Dragonite|Dragonite, L50, F, shiny|100/100\n|switch|p2a: Incineroar|Incineroar, L50, M|100/100\n|switch|p2b: Gengar|Gengar, L50, F|100/100\n|-ability|p2a: Incineroar|Intimidate|boost\n|-unboost|p1a: Whimsicott|atk|1\n|-unboost|p1b: Dragonite|atk|1\n|turn|1\n|\n|t:|1776454997\n|move|p1b: Dragonite|Protect|p1b: Dragonite\n|-singleturn|p1b: Dragonite|Protect\n|move|p2a: Incineroar|Fake Out|p1b: Dragonite\n|-activate|p1b: Dragonite|move: Protect\n|move|p1a: Whimsicott|Tailwind|p1a: Whimsicott\n|-sidestart|p1: el barbas dml|move: Tailwind\n|move|p2b: Gengar|Sludge Bomb|p1a: Whimsicott\n|-supereffective|p1a: Whimsicott|2\n|-enditem|p1a: Whimsicott|Focus Sash\n|-damage|p1a: Whimsicott|1/100\n|\n|upkeep\n|turn|2\n|inactive|el barbas dml has 30 seconds left.\n|inactive|el barbas dml has 20 seconds left.\n|inactive|el barbas dml has 15 seconds left.\n|inactive|el barbas dml has 10 seconds left.\n|\n|t:|1776455046\n|move|p2b: Gengar|Protect|p2b: Gengar\n|-singleturn|p2b: Gengar|Protect\n|move|p1a: Whimsicott|Encore|p2a: Incineroar\n|-hint|Since gen 7, Dark is immune to Prankster moves.\n|-immune|p2a: Incineroar\n|move|p1b: Dragonite|Dragon Claw|p2b: Gengar\n|-activate|p2b: Gengar|move: Protect\n|move|p2a: Incineroar|Parting Shot|p1b: Dragonite\n|-unboost|p1b: Dragonite|atk|1\n|-unboost|p1b: Dragonite|spa|1\n|\n|t:|1776455067\n|switch|p2a: Gyarados|Gyarados, L50, M|100/100|[from] Parting Shot\n|-ability|p2a: Gyarados|Intimidate|boost\n|-unboost|p1a: Whimsicott|atk|1\n|-unboost|p1b: Dragonite|atk|1\n|\n|upkeep\n|turn|3\n|\n|t:|1776455082\n|move|p1a: Whimsicott|Encore|p2b: Gengar\n|-start|p2b: Gengar|Encore\n|move|p2b: Gengar|Protect||[still]\n|-fail|p2b: Gengar\n|move|p1b: Dragonite|Dragon Claw|p2a: Gyarados\n|-damage|p2a: Gyarados|80/100\n|move|p2a: Gyarados|Dragon Dance|p2a: Gyarados\n|-boost|p2a: Gyarados|atk|1\n|-boost|p2a: Gyarados|spe|1\n|\n|upkeep\n|turn|4\n|inactive|Sceptilicious has 30 seconds left.\n|\n|t:|1776455108\n|switch|p2b: Sinistcha|Sinistcha, L50|100/100\n|-heal|p2a: Gyarados|100/100|[from] ability: Hospitality|[of] p2b: Sinistcha\n|detailschange|p2a: Gyarados|Gyarados-Mega, L50, M\n|-mega|p2a: Gyarados|Gyarados|Gyaradosite\n|-ability|p2a: Gyarados|Mold Breaker\n|move|p1b: Dragonite|Extreme Speed|p2a: Gyarados\n|-damage|p2a: Gyarados|89/100\n|move|p1a: Whimsicott|Encore|p2a: Gyarados\n|-hint|Since gen 7, Dark is immune to Prankster moves.\n|-immune|p2a: Gyarados\n|move|p2a: Gyarados|Crunch|p1b: Dragonite\n|-damage|p1b: Dragonite|24/100\n|\n|-sideend|p1: el barbas dml|move: Tailwind\n|upkeep\n|turn|5\n|inactive|el barbas dml has 30 seconds left.\n|\n|t:|1776455141\n|move|p1b: Dragonite|Protect|p1b: Dragonite\n|-singleturn|p1b: Dragonite|Protect\n|move|p2a: Gyarados|Dragon Dance|p2a: Gyarados\n|-boost|p2a: Gyarados|atk|1\n|-boost|p2a: Gyarados|spe|1\n|move|p1a: Whimsicott|Moonblast|p2a: Gyarados\n|-supereffective|p2a: Gyarados|1\n|-damage|p2a: Gyarados|49/100\n|move|p2b: Sinistcha|Matcha Gotcha|p1b: Dragonite|[spread] p1a\n|-activate|p1b: Dragonite|move: Protect\n|-resisted|p1a: Whimsicott|1\n|-damage|p1a: Whimsicott|0 fnt\n|faint|p1a: Whimsicott\n|\n|upkeep\n|\n|t:|1776455164\n|switch|p1a: Politoed|Politoed, L50, M, shiny|100/100\n|-weather|RainDance|[from] ability: Drizzle|[of] p1a: Politoed\n|turn|6\n|\n|t:|1776455175\n|move|p1b: Dragonite|Extreme Speed|p2a: Gyarados\n|-damage|p2a: Gyarados|37/100\n|-heal|p1b: Dragonite|25/100|[from] item: Shell Bell|[of] p2a: Gyarados\n|move|p2a: Gyarados|Crunch|p1a: Politoed\n|-damage|p1a: Politoed|0 fnt\n|faint|p1a: Politoed\n|move|p2b: Sinistcha|Life Dew||[still]|[spread] p2a,p2b\n|-heal|p2a: Gyarados|62/100\n|-fail|p2b: Sinistcha|heal\n|\n|-weather|RainDance|[upkeep]\n|upkeep\n|\n|t:|1776455182\n|switch|p1a: Gengar|Gengar, L50, F, shiny|100/100\n|turn|7\n|\n|t:|1776455195\n|detailschange|p1a: Gengar|Gengar-Mega, L50, F, shiny\n|-mega|p1a: Gengar|Gengar|Gengarite\n|move|p1b: Dragonite|Extreme Speed|p2a: Gyarados\n|-damage|p2a: Gyarados|50/100\n|-heal|p1b: Dragonite|26/100|[from] item: Shell Bell|[of] p2a: Gyarados\n|move|p2a: Gyarados|Crunch|p1a: Gengar\n|-supereffective|p1a: Gengar|1\n|-damage|p1a: Gengar|0 fnt\n|faint|p1a: Gengar\n|move|p2b: Sinistcha|Matcha Gotcha|p1b: Dragonite\n|-resisted|p1b: Dragonite|2\n|-damage|p1b: Dragonite|16/100\n|\n|-weather|RainDance|[upkeep]\n|upkeep\n|turn|8\n|-message|el barbas dml forfeited.\n|\n|win|Sceptilicious\n|raw|el barbas dml's rating: 1185 &rarr; <strong>1164</strong><br />(-21 for losing)\n|raw|Sceptilicious's rating: 1246 &rarr; <strong>1267</strong><br />(+21 for winning)\n|l|\u2606el barbas dml\n|player|p1|\n",
  "uploadtime": 1776455213,
  "views": 29,
  "formatid": "gen9championsvgc2026regma",
  "rating": 1164,
  "private": 0,
  "password": null
}