{
  "id": "gen9championsvgc2026regma-2584888039",
  "format": "[Gen 9 Champions] VGC 2026 Reg M-A",
  "players": [
    "Jah_08",
    "igor1707"
  ],
  "log": "|j|\u2606Jah_08\n|j|\u2606igor1707\n|t:|1776291728\n|gametype|doubles\n|player|p1|Jah_08|alder|1206\n|player|p2|igor1707|169|1166\n|gen|9\n|tier|[Gen 9 Champions] VGC 2026 Reg M-A\n|rated|\n|rule|Species Clause: Limit one of each Pok\u00e9mon\n|rule|Item Clause: Limit 1 of each item\n|clearpoke\n|poke|p1|Excadrill, L50, M|\n|poke|p1|Whimsicott, L50, M|\n|poke|p1|Chandelure, L50, M|\n|poke|p1|Zoroark-Hisui, L50, M|\n|poke|p1|Basculegion, L50, M|\n|poke|p1|Hydreigon, L50, M|\n|poke|p2|Pelipper, L50, F|\n|poke|p2|Sneasler, L50, F|\n|poke|p2|Meganium, L50, M|\n|poke|p2|Basculegion, L50, M|\n|poke|p2|Dragonite, L50, F|\n|poke|p2|Meowstic, L50, M|\n|teampreview|4\n|inactive|Battle timer is ON: inactive players will automatically lose when time's up. (requested by Jah_08)\nJah_08 rejected open team sheets.\n|\n|t:|1776291774\n|teamsize|p1|4\n|teamsize|p2|4\n|start\n|switch|p1a: Whimsicott|Whimsicott, L50, M, shiny|100/100\n|switch|p1b: Excadrill|Excadrill, L50, M|100/100\n|switch|p2a: Pelipper|Pelipper, L50, F|100/100\n|switch|p2b: Sneasler|Sneasler, L50, F|100/100\n|-weather|RainDance|[from] ability: Drizzle|[of] p2a: Pelipper\n|turn|1\n|inactive|Jah_08 has 30 seconds left.\n|inactive|Jah_08 has 20 seconds left.\n|inactive|igor1707 has 30 seconds left.\n|inactive|Jah_08 has 15 seconds left.\n|\n|t:|1776291815\n|move|p1a: Whimsicott|Protect|p1a: Whimsicott\n|-singleturn|p1a: Whimsicott|Protect\n|move|p2b: Sneasler|Close Combat|p1b: Excadrill\n|-immune|p1b: Excadrill\n|move|p1b: Excadrill|Shadow Ball|p2a: Pelipper\n|-damage|p2a: Pelipper|9/100\n|-unboost|p2a: Pelipper|spd|1\n|move|p2a: Pelipper|Tailwind|p2a: Pelipper\n|-sidestart|p2: igor1707|move: Tailwind\n|\n|-weather|RainDance|[upkeep]\n|upkeep\n|turn|2\n|inactive|Jah_08 has 30 seconds left.\n|\n|t:|1776291845\n|move|p1b: Excadrill|Protect|p1b: Excadrill\n|-singleturn|p1b: Excadrill|Protect\n|move|p1a: Whimsicott|Encore|p2b: Sneasler\n|-start|p2b: Sneasler|Encore\n|move|p2b: Sneasler|Close Combat|p1a: Whimsicott\n|-resisted|p1a: Whimsicott|1\n|-damage|p1a: Whimsicott|61/100\n|-unboost|p2b: Sneasler|def|1\n|-unboost|p2b: Sneasler|spd|1\n|-enditem|p2b: Sneasler|White Herb\n|-clearnegativeboost|p2b: Sneasler|[silent]\n|move|p2a: Pelipper|Weather Ball|p1b: Excadrill\n|-activate|p1b: Excadrill|move: Protect\n|\n|-weather|RainDance|[upkeep]\n|upkeep\n|turn|3\n|inactive|igor1707 has 30 seconds left.\n|\n|t:|1776291875\n|switch|p2a: Meganium|Meganium, L50, M|100/100\n|move|p1a: Whimsicott|Tailwind|p1a: Whimsicott\n|-sidestart|p1: Jah_08|move: Tailwind\n|move|p2b: Sneasler|Close Combat|p1a: Whimsicott\n|-resisted|p1a: Whimsicott|1\n|-crit|p1a: Whimsicott\n|-damage|p1a: Whimsicott|0 fnt\n|-unboost|p2b: Sneasler|def|1\n|-unboost|p2b: Sneasler|spd|1\n|faint|p1a: Whimsicott\n|move|p1b: Excadrill|Icy Wind|p2a: Meganium|[spread] p2a,p2b\n|-supereffective|p2a: Meganium|1\n|-crit|p2a: Meganium\n|-damage|p2a: Meganium|60/100\n|-damage|p2b: Sneasler|71/100\n|-unboost|p2a: Meganium|spe|1\n|-unboost|p2b: Sneasler|spe|1\n|\n|-weather|RainDance|[upkeep]\n|upkeep\n|\n|t:|1776291895\n|switch|p1a: Basculegion|Basculegion, L50, M|100/100\n|turn|4\n|\n|t:|1776291912\n|switch|p2b: Pelipper|Pelipper, L50, F|9/100\n|move|p2a: Meganium|Protect|p2a: Meganium\n|-singleturn|p2a: Meganium|Protect\n|move|p1a: Basculegion|Last Respects|p2b: Pelipper\n|-damage|p2b: Pelipper|0 fnt\n|faint|p2b: Pelipper\n|move|p1b: Excadrill|Sludge Bomb|p2a: Meganium\n|-activate|p2a: Meganium|move: Protect\n|\n|-weather|RainDance|[upkeep]\n|-sideend|p2: igor1707|move: Tailwind\n|upkeep\n|\n|t:|1776291932\n|switch|p2b: Sneasler|Sneasler, L50, F|71/100\n|turn|5\n|\n|t:|1776291944\n|detailschange|p2a: Meganium|Meganium-Mega, L50, M\n|-mega|p2a: Meganium|Meganium|Meganiumite\n|move|p1a: Basculegion|Last Respects|p2b: Sneasler\n|-damage|p2b: Sneasler|0 fnt\n|faint|p2b: Sneasler\n|move|p1b: Excadrill|Sludge Bomb|p2a: Meganium\n|-supereffective|p2a: Meganium|2\n|-damage|p2a: Meganium|0 fnt\n|faint|p2a: Meganium\n|\n|-weather|none\n|upkeep\n|-message|igor1707 forfeited.\n|\n|win|Jah_08\n|raw|Jah_08's rating: 1206 &rarr; <strong>1228</strong><br />(+22 for winning)\n|raw|igor1707's rating: 1166 &rarr; <strong>1144</strong><br />(-22 for losing)\n|l|\u2606igor1707\n|player|p2|\n",
  "uploadtime": 1776291957,
  "views": 17,
  "formatid": "gen9championsvgc2026regma",
  "rating": 1144,
  "private": 0,
  "password": null
}