{
  "id": "gen9championsvgc2026regma-2580811688",
  "format": "[Gen 9 Champions] VGC 2026 Reg M-A",
  "players": [
    "Strawbs",
    "asdfasffteyhrnj"
  ],
  "log": "|j|\u2606Strawbs\n|j|\u2606asdfasffteyhrnj\n|t:|1775934435\n|gametype|doubles\n|player|p1|Strawbs|volkner|1069\n|player|p2|asdfasffteyhrnj|266|1065\n|gen|9\n|tier|[Gen 9 Champions] VGC 2026 Reg M-A\n|rated|\n|rule|Species Clause: Limit one of each Pok\u00e9mon\n|rule|Item Clause: Limit 1 of each item\n|clearpoke\n|poke|p1|Decidueye-Hisui, L50, M|\n|poke|p1|Gengar, L50, F|\n|poke|p1|Kingambit, L50, M|\n|poke|p1|Meowstic, L50, M|\n|poke|p1|Vivillon, L50, M|\n|poke|p1|Empoleon, L50, F|\n|poke|p2|Garchomp, L50, F|\n|poke|p2|Tyranitar, L50, M|\n|poke|p2|Gardevoir, L50, M|\n|poke|p2|Sinistcha, L50|\n|poke|p2|Excadrill, L50, M|\n|poke|p2|Volcarona, L50, F|\n|teampreview|4\n|\n|t:|1775934454\n|teamsize|p1|4\n|teamsize|p2|4\n|start\n|switch|p1a: Gengar|Gengar, L50, F|100/100\n|switch|p1b: Vivillon|Vivillon, L50, M|100/100\n|switch|p2a: Tyranitar|Tyranitar, L50, M|100/100\n|switch|p2b: Excadrill|Excadrill, L50, M|100/100\n|-weather|Sandstorm|[from] ability: Sand Stream|[of] p2a: Tyranitar\n|turn|1\n|\n|t:|1775934490\n|detailschange|p2b: Excadrill|Excadrill-Mega, L50, M\n|-mega|p2b: Excadrill|Excadrill|Excadrite\n|detailschange|p1a: Gengar|Gengar-Mega, L50, F\n|-mega|p1a: Gengar|Gengar|Gengarite\n|move|p1b: Vivillon|Rage Powder|p1b: Vivillon\n|-singleturn|p1b: Vivillon|move: Rage Powder\n|move|p2b: Excadrill|Rock Slide|p1b: Vivillon|[spread] p1a,p1b\n|-supereffective|p1b: Vivillon|2\n|-damage|p1a: Gengar|80/100\n|-enditem|p1b: Vivillon|Focus Sash\n|-damage|p1b: Vivillon|1/100\n|move|p2a: Tyranitar|Knock Off|p1b: Vivillon\n|-damage|p1b: Vivillon|0 fnt\n|faint|p1b: Vivillon\n|move|p1a: Gengar|Trick Room|p1a: Gengar\n|-fieldstart|move: Trick Room|[of] p1a: Gengar\n|\n|-weather|Sandstorm|[upkeep]\n|-damage|p1a: Gengar|74/100|[from] Sandstorm\n|upkeep\n|\n|t:|1775934505\n|switch|p1b: Decidueye|Decidueye-Hisui, L50, M|100/100\n|turn|2\n|\n|t:|1775934531\n|move|p2a: Tyranitar|Protect|p2a: Tyranitar\n|-singleturn|p2a: Tyranitar|Protect\n|move|p1b: Decidueye|Triple Arrows|p2a: Tyranitar\n|-activate|p2a: Tyranitar|move: Protect\n|move|p1a: Gengar|Shadow Ball|p2b: Excadrill\n|-damage|p2b: Excadrill|23/100\n|move|p2b: Excadrill|Earthquake|p1b: Decidueye|[spread] p1a,p1b\n|-activate|p2a: Tyranitar|move: Protect\n|-supereffective|p1a: Gengar|1\n|-resisted|p1b: Decidueye|1\n|-damage|p1a: Gengar|0 fnt\n|-damage|p1b: Decidueye|77/100\n|faint|p1a: Gengar\n|\n|-weather|Sandstorm|[upkeep]\n|-damage|p1b: Decidueye|71/100|[from] Sandstorm\n|upkeep\n|\n|t:|1775934546\n|switch|p1a: Empoleon|Empoleon, L50, F|100/100\n|turn|3\n|\n|t:|1775934555\n|switch|p2a: Sinistcha|Sinistcha, L50|100/100\n|-heal|p2b: Excadrill|48/100|[from] ability: Hospitality|[of] p2a: Sinistcha\n|move|p1b: Decidueye|Triple Arrows|p2a: Sinistcha\n|-damage|p2a: Sinistcha|63/100\n|move|p1a: Empoleon|Hydro Pump|p2b: Excadrill\n|-supereffective|p2b: Excadrill|1\n|-damage|p2b: Excadrill|0 fnt\n|faint|p2b: Excadrill\n|\n|-weather|Sandstorm|[upkeep]\n|-damage|p1b: Decidueye|65/100|[from] Sandstorm\n|-damage|p2a: Sinistcha|57/100|[from] Sandstorm\n|upkeep\n|\n|t:|1775934569\n|switch|p2b: Tyranitar|Tyranitar, L50, M|100/100\n|turn|4\n|\n|t:|1775934586\n|switch|p2b: Gardevoir|Gardevoir, L50, M, shiny|100/100\n|move|p1b: Decidueye|Shadow Claw|p2a: Sinistcha\n|-supereffective|p2a: Sinistcha|1\n|-damage|p2a: Sinistcha|21/100\n|-enditem|p2a: Sinistcha|Sitrus Berry|[eat]\n|-heal|p2a: Sinistcha|46/100|[from] item: Sitrus Berry\n|move|p1a: Empoleon|Hydro Pump|p2b: Gardevoir\n|-damage|p2b: Gardevoir|42/100\n|move|p2a: Sinistcha|Trick Room|p2a: Sinistcha\n|-fieldend|move: Trick Room\n|\n|-weather|Sandstorm|[upkeep]\n|-damage|p2b: Gardevoir|36/100|[from] Sandstorm\n|-damage|p2a: Sinistcha|40/100|[from] Sandstorm\n|-damage|p1b: Decidueye|59/100|[from] Sandstorm\n|upkeep\n|turn|5\n|\n|t:|1775934612\n|move|p2b: Gardevoir|Moonblast|p1b: Decidueye\n|-supereffective|p1b: Decidueye|1\n|-damage|p1b: Decidueye|0 fnt\n|faint|p1b: Decidueye\n|move|p2a: Sinistcha|Strength Sap|p1a: Empoleon\n|-unboost|p1a: Empoleon|atk|1\n|-ability|p1a: Empoleon|Competitive|boost\n|-boost|p1a: Empoleon|spa|2\n|-heal|p2a: Sinistcha|99/100\n|move|p1a: Empoleon|Flash Cannon|p2b: Gardevoir\n|-supereffective|p2b: Gardevoir|1\n|-damage|p2b: Gardevoir|0 fnt\n|faint|p2b: Gardevoir\n|\n|-weather|none\n|upkeep\n|\n|t:|1775934622\n|switch|p2b: Tyranitar|Tyranitar, L50, M|100/100\n|-weather|Sandstorm|[from] ability: Sand Stream|[of] p2b: Tyranitar\n|turn|6\n|\n|t:|1775934630\n|move|p2a: Sinistcha|Rage Powder|p2a: Sinistcha\n|-singleturn|p2a: Sinistcha|move: Rage Powder\n|move|p2b: Tyranitar|Low Kick|p1a: Empoleon\n|-supereffective|p1a: Empoleon|1\n|-damage|p1a: Empoleon|43/100\n|move|p1a: Empoleon|Ice Beam|p2a: Sinistcha\n|-supereffective|p2a: Sinistcha|1\n|-damage|p2a: Sinistcha|0 fnt\n|faint|p2a: Sinistcha\n|\n|-weather|Sandstorm|[upkeep]\n|-heal|p1a: Empoleon|49/100|[from] item: Leftovers\n|upkeep\n|turn|7\n|\n|t:|1775934643\n|move|p1a: Empoleon|Protect|p1a: Empoleon\n|-singleturn|p1a: Empoleon|Protect\n|move|p2b: Tyranitar|Low Kick|p1a: Empoleon\n|-activate|p1a: Empoleon|move: Protect\n|\n|-weather|Sandstorm|[upkeep]\n|-heal|p1a: Empoleon|55/100|[from] item: Leftovers\n|upkeep\n|turn|8\n|\n|t:|1775934651\n|move|p2b: Tyranitar|Low Kick|p1a: Empoleon\n|-supereffective|p1a: Empoleon|1\n|-damage|p1a: Empoleon|0 fnt\n|faint|p1a: Empoleon\n|\n|win|asdfasffteyhrnj\n|raw|Strawbs's rating: 1069 &rarr; <strong>1048</strong><br />(-21 for losing)\n|raw|asdfasffteyhrnj's rating: 1065 &rarr; <strong>1096</strong><br />(+31 for winning)\n",
  "uploadtime": 1775934665,
  "views": 12,
  "formatid": "gen9championsvgc2026regma",
  "rating": 1048,
  "private": 0,
  "password": null
}