{
  "id": "gen9championsvgc2026regma-2586137341",
  "format": "[Gen 9 Champions] VGC 2026 Reg M-A",
  "players": [
    "markybehr",
    "drackmast"
  ],
  "log": "|j|\u2606markybehr\n|j|\u2606drackmast\n|t:|1776403645\n|gametype|doubles\n|player|p1|markybehr|linebacker|1097\n|player|p2|drackmast|veteran|1112\n|gen|9\n|tier|[Gen 9 Champions] VGC 2026 Reg M-A\n|rated|\n|rule|Species Clause: Limit one of each Pok\u00e9mon\n|rule|Item Clause: Limit 1 of each item\n|clearpoke\n|poke|p1|Froslass, L50, F|\n|poke|p1|Avalugg, L50, F|\n|poke|p1|Farigiraf, L50, F|\n|poke|p1|Goodra-Hisui, L50, M|\n|poke|p1|Appletun, L50, M|\n|poke|p1|Kingambit, L50, M|\n|poke|p2|Pelipper, L50, F|\n|poke|p2|Incineroar, L50, F|\n|poke|p2|Archaludon, L50, M|\n|poke|p2|Sinistcha-Masterpiece, L50|\n|poke|p2|Kingambit, L50, M|\n|poke|p2|Milotic, L50, F|\n|teampreview|4\n|inactive|Battle timer is ON: inactive players will automatically lose when time's up. (requested by drackmast)\n|\n|t:|1776403670\n|teamsize|p1|4\n|teamsize|p2|4\n|start\n|switch|p1a: Froslass|Froslass, L50, F|100/100\n|switch|p1b: Avalugg|Avalugg, L50, F|100/100\n|switch|p2a: Moustake|Kingambit, L50, M, shiny|100/100\n|switch|p2b: El tikre|Incineroar, L50, F, shiny|100/100\n|-ability|p2b: El tikre|Intimidate|boost\n|-unboost|p1a: Froslass|atk|1\n|-unboost|p1b: Avalugg|atk|1\n|turn|1\n|\n|t:|1776403686\n|detailschange|p1a: Froslass|Froslass-Mega, L50, F\n|-mega|p1a: Froslass|Froslass|Froslassite\n|-weather|Snowscape|[from] ability: Snow Warning|[of] p1a: Froslass\n|move|p1a: Froslass|Aurora Veil|p1a: Froslass\n|-sidestart|p1: markybehr|move: Aurora Veil\n|move|p2b: El tikre|Parting Shot|p1a: Froslass\n|-unboost|p1a: Froslass|atk|1\n|-unboost|p1a: Froslass|spa|1\n|\n|t:|1776403692\n|switch|p2b: Don marisco|Pelipper, L50, F, shiny|100/100|[from] Parting Shot\n|-weather|RainDance|[from] ability: Drizzle|[of] p2b: Don marisco\n|move|p2a: Moustake|Low Kick|p1b: Avalugg\n|-supereffective|p1b: Avalugg|1\n|-damage|p1b: Avalugg|70/100\n|move|p1b: Avalugg|Iron Defense|p1b: Avalugg\n|-boost|p1b: Avalugg|def|2\n|\n|-weather|RainDance|[upkeep]\n|-heal|p1b: Avalugg|76/100|[from] item: Leftovers\n|upkeep\n|turn|2\n|\n|t:|1776403710\n|switch|p1a: Farigiraf|Farigiraf, L50, F|100/100\n|move|p2b: Don marisco|Weather Ball|p1b: Avalugg\n|-damage|p1b: Avalugg|30/100\n|move|p2a: Moustake|Iron Head|p1a: Farigiraf\n|-damage|p1a: Farigiraf|64/100\n|move|p1b: Avalugg|Substitute|p1b: Avalugg\n|-start|p1b: Avalugg|Substitute\n|-damage|p1b: Avalugg|5/100\n|\n|-weather|RainDance|[upkeep]\n|-heal|p1b: Avalugg|11/100|[from] item: Leftovers\n|upkeep\n|turn|3\n|c|\u2606markybehr|mfw body slam and now body press\n|inactive|markybehr has 30 seconds left.\n|\n|t:|1776403735\n|switch|p2b: ALEXA|Milotic, L50, F, shiny|100/100\n|move|p2a: Moustake|Kowtow Cleave|p1a: Farigiraf\n|-supereffective|p1a: Farigiraf|1\n|-crit|p1a: Farigiraf\n|-damage|p1a: Farigiraf|0 fnt\n|faint|p1a: Farigiraf\n|move|p1b: Avalugg|Rock Slide|p2a: Moustake|[spread] p2a,p2b\n|-resisted|p2a: Moustake|1\n|-damage|p2a: Moustake|97/100\n|-damage|p2b: ALEXA|90/100\n|\n|-weather|RainDance|[upkeep]\n|-heal|p1b: Avalugg|17/100|[from] item: Leftovers\n|upkeep\n|\n|t:|1776403740\n|switch|p1a: Froslass|Froslass-Mega, L50, F|100/100\n|-weather|Snowscape|[from] ability: Snow Warning|[of] p1a: Froslass\n|turn|4\n|\n|t:|1776403758\n|switch|p2b: Don marisco|Pelipper, L50, F, shiny|100/100\n|-weather|RainDance|[from] ability: Drizzle|[of] p2b: Don marisco\n|switch|p2a: El tikre|Incineroar, L50, F, shiny|100/100\n|-ability|p2a: El tikre|Intimidate|boost\n|-unboost|p1a: Froslass|atk|1\n|-immune|p1b: Avalugg\n|move|p1a: Froslass|Nasty Plot|p1a: Froslass\n|-boost|p1a: Froslass|spa|2\n|move|p1b: Avalugg|Body Slam|p2a: El tikre\n|-damage|p2a: El tikre|86/100\n|-status|p2a: El tikre|par\n|\n|-weather|RainDance|[upkeep]\n|-heal|p1b: Avalugg|23/100|[from] item: Leftovers\n|upkeep\n|turn|5\n|\n|t:|1776403779\n|move|p2b: Don marisco|Wide Guard|p2b: Don marisco\n|-singleturn|p2b: Don marisco|Wide Guard\n|move|p1a: Froslass|Shadow Ball|p2b: Don marisco\n|-enditem|p2b: Don marisco|Focus Sash\n|-damage|p2b: Don marisco|1/100\n|move|p1b: Avalugg|Rock Slide|p2b: Don marisco|[spread] \n|-activate|p2a: El tikre|move: Wide Guard\n|-activate|p2b: Don marisco|move: Wide Guard\n|move|p2a: El tikre|Parting Shot|p1a: Froslass\n|-unboost|p1a: Froslass|atk|1\n|-unboost|p1a: Froslass|spa|1\n|\n|t:|1776403792\n|switch|p2a: Moustake|Kingambit, L50, M, shiny|97/100|[from] Parting Shot\n|\n|-weather|RainDance|[upkeep]\n|-heal|p1b: Avalugg|29/100|[from] item: Leftovers\n|-sideend|p1: markybehr|move: Aurora Veil\n|upkeep\n|turn|6\n|\n|t:|1776403802\n|switch|p1a: Goodra|Goodra-Hisui, L50, M|100/100\n|move|p2b: Don marisco|Tailwind|p2b: Don marisco\n|-sidestart|p2: drackmast|move: Tailwind\n|move|p2a: Moustake|Iron Head|p1a: Goodra\n|-resisted|p1a: Goodra|1\n|-damage|p1a: Goodra|78/100\n|move|p1b: Avalugg|Rock Slide|p2a: Moustake|[spread] p2a,p2b\n|-resisted|p2a: Moustake|1\n|-supereffective|p2b: Don marisco|1\n|-damage|p2a: Moustake|93/100\n|-damage|p2b: Don marisco|0 fnt\n|faint|p2b: Don marisco\n|\n|-weather|RainDance|[upkeep]\n|-heal|p1b: Avalugg|35/100|[from] item: Leftovers\n|upkeep\n|\n|t:|1776403809\n|switch|p2b: ALEXA|Milotic, L50, F, shiny|90/100\n|turn|7\n|\n|t:|1776403828\n|move|p2b: ALEXA|Muddy Water|p1b: Avalugg|[spread] p1a,p1b\n|-end|p1b: Avalugg|Substitute\n|-resisted|p1a: Goodra|1\n|-crit|p1a: Goodra\n|-damage|p1a: Goodra|57/100\n|move|p2a: Moustake|Iron Head|p1a: Goodra\n|-resisted|p1a: Goodra|1\n|-damage|p1a: Goodra|35/100\n|move|p1a: Goodra|Shelter|p1a: Goodra\n|-boost|p1a: Goodra|def|2\n|move|p1b: Avalugg|Body Slam|p2b: ALEXA\n|-damage|p2b: ALEXA|74/100\n|\n|-weather|RainDance|[upkeep]\n|-heal|p1b: Avalugg|41/100|[from] item: Leftovers\n|upkeep\n|turn|8\n|\n|t:|1776403843\n|move|p2a: Moustake|Protect|p2a: Moustake\n|-singleturn|p2a: Moustake|Protect\n|move|p2b: ALEXA|Muddy Water|p1a: Goodra|[spread] p1b\n|-miss|p2b: ALEXA|p1a: Goodra\n|-damage|p1b: Avalugg|0 fnt\n|faint|p1b: Avalugg\n|move|p1a: Goodra|Body Press|p2a: Moustake\n|-activate|p2a: Moustake|move: Protect\n|\n|-weather|none\n|upkeep\n|\n|t:|1776403846\n|switch|p1b: Froslass|Froslass-Mega, L50, F|100/100\n|-weather|Snowscape|[from] ability: Snow Warning|[of] p1b: Froslass\n|turn|9\n|\n|t:|1776403857\n|switch|p2a: El tikre|Incineroar, L50, F, shiny|86/100 par\n|-ability|p2a: El tikre|Intimidate|boost\n|-unboost|p1a: Goodra|atk|1\n|-unboost|p1b: Froslass|atk|1\n|move|p2b: ALEXA|Muddy Water|p1a: Goodra|[spread] p1a,p1b\n|-resisted|p1a: Goodra|1\n|-damage|p1a: Goodra|26/100\n|-damage|p1b: Froslass|64/100\n|-unboost|p1b: Froslass|accuracy|1\n|move|p1b: Froslass|Aurora Veil|p1b: Froslass\n|-sidestart|p1: markybehr|move: Aurora Veil\n|move|p1a: Goodra|Body Press|p2a: El tikre\n|-supereffective|p2a: El tikre|1\n|-damage|p2a: El tikre|0 fnt\n|faint|p2a: El tikre\n|\n|-weather|Snowscape|[upkeep]\n|-sideend|p2: drackmast|move: Tailwind\n|upkeep\n|\n|t:|1776403869\n|switch|p2a: Moustake|Kingambit, L50, M, shiny|93/100\n|turn|10\n|\n|t:|1776403885\n|move|p2a: Moustake|Protect|p2a: Moustake\n|-singleturn|p2a: Moustake|Protect\n|move|p1b: Froslass|Nasty Plot|p1b: Froslass\n|-boost|p1b: Froslass|spa|2\n|move|p2b: ALEXA|Hypnosis|p1a: Goodra\n|-status|p1a: Goodra|slp|[from] move: Hypnosis\n|cant|p1a: Goodra|slp\n|\n|-weather|Snowscape|[upkeep]\n|upkeep\n|turn|11\n|\n|t:|1776403906\n|move|p1b: Froslass|Shadow Ball|p2b: ALEXA\n|-damage|p2b: ALEXA|7/100\n|-unboost|p2b: ALEXA|spd|1\n|-ability|p2b: ALEXA|Competitive|boost\n|-boost|p2b: ALEXA|spa|2\n|move|p2b: ALEXA|Hypnosis|p1b: Froslass|[miss]\n|-miss|p2b: ALEXA|p1b: Froslass\n|cant|p1a: Goodra|slp\n|move|p2a: Moustake|Iron Head|p1b: Froslass\n|-supereffective|p1b: Froslass|1\n|-damage|p1b: Froslass|0 fnt\n|faint|p1b: Froslass\n|\n|-weather|Snowscape|[upkeep]\n|upkeep\n|turn|12\n|inactive|drackmast has 30 seconds left.\n|\n|t:|1776403936\n|move|p2b: ALEXA|Recover|p2b: ALEXA\n|-heal|p2b: ALEXA|57/100\n|-curestatus|p1a: Goodra|slp|[msg]\n|move|p1a: Goodra|Body Press|p2a: Moustake\n|-supereffective|p2a: Moustake|2\n|-enditem|p2a: Moustake|Chople Berry|[eat]\n|-enditem|p2a: Moustake|Chople Berry|[weaken]\n|-damage|p2a: Moustake|27/100\n|move|p2a: Moustake|Low Kick|p1a: Goodra\n|-supereffective|p1a: Goodra|1\n|-damage|p1a: Goodra|0 fnt\n|faint|p1a: Goodra\n|\n|win|drackmast\n|raw|markybehr's rating: 1097 &rarr; <strong>1074</strong><br />(-23 for losing)\n|raw|drackmast's rating: 1112 &rarr; <strong>1136</strong><br />(+24 for winning)\n|l|\u2606markybehr\n|player|p1|\n",
  "uploadtime": 1776404302,
  "views": 19,
  "formatid": "gen9championsvgc2026regma",
  "rating": 1074,
  "private": 0,
  "password": null
}