{
  "id": "gen9championsvgc2026regma-2588272226",
  "format": "[Gen 9 Champions] VGC 2026 Reg M-A",
  "players": [
    "sdlt 2krl coolguy",
    "Ruggio VGC"
  ],
  "log": "|raw|<div class=\"broadcast-blue\"><strong>This battle is required to be public due to a player having a name starting with 'sdlt'.</div>\n|j|\u2606sdlt 2krl coolguy\n|j|\u2606Ruggio VGC\n|t:|1776619900\n|gametype|doubles\n|player|p1|sdlt 2krl coolguy|leon-masters2|1308\n|player|p2|Ruggio VGC|cynthia-gen4|1257\n|gen|9\n|tier|[Gen 9 Champions] VGC 2026 Reg M-A\n|rated|\n|rule|Species Clause: Limit one of each Pok\u00e9mon\n|rule|Item Clause: Limit 1 of each item\n|clearpoke\n|poke|p1|Floette-Eternal, L50, F|\n|poke|p1|Incineroar, L50, F|\n|poke|p1|Sinistcha, L50|\n|poke|p1|Garchomp, L50, F|\n|poke|p1|Sneasler, L50, M|\n|poke|p1|Kingambit, L50, M|\n|poke|p2|Kangaskhan, L50, F|\n|poke|p2|Aerodactyl, L50, M|\n|poke|p2|Archaludon, L50, M|\n|poke|p2|Tauros-Paldea-Aqua, L50, M|\n|poke|p2|Floette-Eternal, L50, F|\n|poke|p2|Typhlosion-Hisui, L50, M|\n|teampreview|4\n|inactive|Battle timer is ON: inactive players will automatically lose when time's up. (requested by Ruggio VGC)\n|inactive|sdlt 2krl coolguy also wants the timer to be on.\n|inactive|sdlt 2krl coolguy has 60 seconds left.\n|inactive|Ruggio VGC has 60 seconds left.\n|\n|t:|1776619938\n|teamsize|p1|4\n|teamsize|p2|4\n|start\n|switch|p1a: Floette|Floette-Eternal, L50, F|100/100\n|switch|p1b: Incineroar|Incineroar, L50, F|100/100\n|switch|p2a: Typhlosion|Typhlosion-Hisui, L50, M|100/100\n|switch|p2b: Archaludon|Archaludon, L50, M|100/100\n|-ability|p1b: Incineroar|Intimidate|boost\n|-unboost|p2a: Typhlosion|atk|1\n|-unboost|p2b: Archaludon|atk|1\n|turn|1\n|inactive|Ruggio VGC has 30 seconds left.\n|\n|t:|1776619969\n|switch|p2b: Floette|Floette-Eternal, L50, F|100/100\n|move|p1a: Floette|Protect|p1a: Floette\n|-singleturn|p1a: Floette|Protect\n|move|p2a: Typhlosion|Eruption|p1b: Incineroar|[spread] p1b\n|-activate|p1a: Floette|move: Protect\n|-resisted|p1b: Incineroar|1\n|-damage|p1b: Incineroar|74/100\n|move|p1b: Incineroar|Darkest Lariat|p2a: Typhlosion\n|-supereffective|p2a: Typhlosion|1\n|-damage|p2a: Typhlosion|4/100\n|\n|upkeep\n|turn|2\n|\n|t:|1776619993\n|switch|p2a: Archaludon|Archaludon, L50, M|100/100\n|detailschange|p2b: Floette|Floette-Mega, L50, F\n|-mega|p2b: Floette|Floette|Floettite\n|-ability|p2b: Floette|Fairy Aura\n|detailschange|p1a: Floette|Floette-Mega, L50, F\n|-mega|p1a: Floette|Floette|Floettite\n|-ability|p1a: Floette|Fairy Aura\n|move|p2b: Floette|Light of Ruin|p1a: Floette\n|-damage|p1a: Floette|19/100\n|-damage|p2b: Floette|51/100|[from] Recoil\n|move|p1a: Floette|Calm Mind|p1a: Floette\n|-boost|p1a: Floette|spa|1\n|-boost|p1a: Floette|spd|1\n|move|p1b: Incineroar|Parting Shot|p2b: Floette\n|-unboost|p2b: Floette|atk|1\n|-unboost|p2b: Floette|spa|1\n|\n|t:|1776620007\n|switch|p1b: Sneasler|Sneasler, L50, M|100/100|[from] Parting Shot\n|\n|upkeep\n|turn|3\n|\n|t:|1776620024\n|switch|p2b: Aerodactyl|Aerodactyl, L50, M|100/100\n|-ability|p2b: Aerodactyl|Unnerve\n|move|p1b: Sneasler|Fake Out|p2b: Aerodactyl\n|-resisted|p2b: Aerodactyl|1\n|-damage|p2b: Aerodactyl|90/100\n|move|p1a: Floette|Moonblast|p2a: Archaludon\n|-ability|p2a: Archaludon|Sturdy\n|-damage|p2a: Archaludon|1/100\n|move|p2a: Archaludon|Flash Cannon|p1a: Floette\n|-supereffective|p1a: Floette|1\n|-damage|p1a: Floette|0 fnt\n|faint|p1a: Floette\n|\n|-heal|p2a: Archaludon|7/100|[from] item: Leftovers\n|upkeep\n|\n|t:|1776620032\n|switch|p1a: Incineroar|Incineroar, L50, F|74/100\n|-ability|p1a: Incineroar|Intimidate|boost\n|-unboost|p2a: Archaludon|atk|1\n|-unboost|p2b: Aerodactyl|atk|1\n|turn|4\n|inactive|Ruggio VGC has 30 seconds left.\n|inactive|Ruggio VGC has 20 seconds left.\n|\n|t:|1776620068\n|move|p1a: Incineroar|Fake Out|p2b: Aerodactyl\n|-resisted|p2b: Aerodactyl|1\n|-damage|p2b: Aerodactyl|82/100\n|cant|p2b: Aerodactyl|flinch\n|move|p1b: Sneasler|Close Combat|p2b: Aerodactyl\n|-damage|p2b: Aerodactyl|0 fnt\n|-unboost|p1b: Sneasler|def|1\n|-unboost|p1b: Sneasler|spd|1\n|faint|p2b: Aerodactyl\n|-enditem|p1b: Sneasler|White Herb\n|-clearnegativeboost|p1b: Sneasler|[silent]\n|move|p2a: Archaludon|Dragon Pulse|p1b: Sneasler\n|-damage|p1b: Sneasler|33/100\n|\n|-heal|p2a: Archaludon|13/100|[from] item: Leftovers\n|upkeep\n|\n|t:|1776620072\n|switch|p2b: Floette|Floette-Mega, L50, F|51/100\n|-ability|p2b: Floette|Fairy Aura\n|turn|5\n|\n|t:|1776620095\n|move|p1b: Sneasler|Protect|p1b: Sneasler\n|-singleturn|p1b: Sneasler|Protect\n|move|p2b: Floette|Protect|p2b: Floette\n|-singleturn|p2b: Floette|Protect\n|move|p2a: Archaludon|Dragon Pulse|p1a: Incineroar\n|-damage|p1a: Incineroar|27/100\n|move|p1a: Incineroar|Flare Blitz|p2b: Floette\n|-activate|p2b: Floette|move: Protect\n|\n|-heal|p2a: Archaludon|19/100|[from] item: Leftovers\n|upkeep\n|turn|6\n|inactive|sdlt 2krl coolguy has 30 seconds left.\n|inactive|Ruggio VGC has 30 seconds left.\n|\n|t:|1776620127\n|switch|p2b: Typhlosion|Typhlosion-Hisui, L50, M|4/100\n|move|p1b: Sneasler|Dire Claw|p2b: Typhlosion\n|-resisted|p2b: Typhlosion|1\n|-damage|p2b: Typhlosion|0 fnt\n|faint|p2b: Typhlosion\n|move|p2a: Archaludon|Dragon Pulse|p1b: Sneasler\n|-damage|p1b: Sneasler|0 fnt\n|faint|p1b: Sneasler\n|move|p1a: Incineroar|Parting Shot|p2a: Archaludon\n|-unboost|p2a: Archaludon|atk|1\n|-unboost|p2a: Archaludon|spa|1\n|\n|t:|1776620131\n|switch|p1a: Kingambit|Kingambit, L50, M|100/100|[from] Parting Shot\n|\n|-heal|p2a: Archaludon|25/100|[from] item: Leftovers\n|upkeep\n|\n|t:|1776620145\n|switch|p1b: Incineroar|Incineroar, L50, F|27/100\n|switch|p2b: Floette|Floette-Mega, L50, F|51/100\n|-ability|p2b: Floette|Fairy Aura\n|-ability|p1b: Incineroar|Intimidate|boost\n|-unboost|p2a: Archaludon|atk|1\n|-unboost|p2b: Floette|atk|1\n|turn|7\n|\n|t:|1776620154\n|move|p2b: Floette|Protect|p2b: Floette\n|-singleturn|p2b: Floette|Protect\n|move|p2a: Archaludon|Protect|p2a: Archaludon\n|-singleturn|p2a: Archaludon|Protect\n|move|p1b: Incineroar|Fake Out|p2b: Floette\n|-activate|p2b: Floette|move: Protect\n|move|p1a: Kingambit|Kowtow Cleave|p2a: Archaludon\n|-activate|p2a: Archaludon|move: Protect\n|\n|-heal|p2a: Archaludon|31/100|[from] item: Leftovers\n|upkeep\n|turn|8\n|\n|t:|1776620169\n|move|p1a: Kingambit|Sucker Punch|p2a: Archaludon\n|-damage|p2a: Archaludon|0 fnt\n|faint|p2a: Archaludon\n|move|p2b: Floette|Light of Ruin|p1a: Kingambit\n|-damage|p1a: Kingambit|0 fnt\n|faint|p1a: Kingambit\n|-damage|p2b: Floette|0 fnt|[from] Recoil\n|faint|p2b: Floette\n|\n|win|sdlt 2krl coolguy\n|raw|sdlt 2krl coolguy's rating: 1308 &rarr; <strong>1325</strong><br />(+17 for winning)\n|raw|Ruggio VGC's rating: 1257 &rarr; <strong>1236</strong><br />(-21 for losing)\n",
  "uploadtime": 1776620169,
  "views": 11,
  "formatid": "gen9championsvgc2026regma",
  "rating": 1236,
  "private": 0,
  "password": null
}