{
  "id": "gen9championsvgc2026regma-2580940536",
  "format": "[Gen 9 Champions] VGC 2026 Reg M-A",
  "players": [
    "rrayudu",
    "Gigithegyarados"
  ],
  "log": "|j|\u2606rrayudu\n|j|\u2606Gigithegyarados\n|t:|1775945152\n|gametype|doubles\n|player|p1|rrayudu|169|1019\n|player|p2|Gigithegyarados|265|1048\n|gen|9\n|tier|[Gen 9 Champions] VGC 2026 Reg M-A\n|rated|\n|rule|Species Clause: Limit one of each Pok\u00e9mon\n|rule|Item Clause: Limit 1 of each item\n|clearpoke\n|poke|p1|Milotic, L50, M|\n|poke|p1|Zoroark-Hisui, L50, M|\n|poke|p1|Dragonite, L50, M|\n|poke|p1|Corviknight, L50, M|\n|poke|p1|Golurk, L50|\n|poke|p1|Skarmory, L50, F|\n|poke|p2|Sinistcha, L50|\n|poke|p2|Hawlucha, L50, M|\n|poke|p2|Snorlax, L50, F|\n|poke|p2|Incineroar, L50, F|\n|poke|p2|Glimmora, L50, M|\n|poke|p2|Glalie, L50, M|\n|teampreview|4\n|\n|t:|1775945165\n|teamsize|p1|4\n|teamsize|p2|4\n|start\n|switch|p1a: Skarmory|Skarmory, L50, F|100/100\n|switch|p1b: Dragonite|Dragonite, L50, M|100/100\n|switch|p2a: Glalie|Glalie, L50, M|100/100\n|switch|p2b: Hawlucha|Hawlucha, L50, M|100/100\n|turn|1\n|\n|t:|1775945184\n|detailschange|p2b: Hawlucha|Hawlucha-Mega, L50, M\n|-mega|p2b: Hawlucha|Hawlucha|Hawluchanite\n|move|p1b: Dragonite|Nasty Plot|p1b: Dragonite\n|-boost|p1b: Dragonite|spa|2\n|move|p2b: Hawlucha|Entrainment|p2a: Glalie\n|-ability|p2a: Glalie|No Guard|Inner Focus|[from] move: Entrainment|[of] p2b: Hawlucha\n|move|p2a: Glalie|Sheer Cold|p1b: Dragonite\n|-enditem|p1b: Dragonite|Focus Sash\n|-damage|p1b: Dragonite|1/100\n|replace|p1b: Zoroark|Zoroark-Hisui, L50, M\n|-end|p1b: Zoroark|Illusion\n|move|p1a: Skarmory|Tailwind|p1a: Skarmory\n|-sidestart|p1: rrayudu|move: Tailwind\n|\n|upkeep\n|turn|2\n|\n|t:|1775945213\n|move|p1b: Zoroark|Hyper Voice|p2a: Glalie|[spread] p2a,p2b\n|-damage|p2a: Glalie|35/100\n|-damage|p2b: Hawlucha|33/100\n|move|p1a: Skarmory|Iron Head|p2a: Glalie\n|-supereffective|p2a: Glalie|1\n|-crit|p2a: Glalie\n|-damage|p2a: Glalie|0 fnt\n|faint|p2a: Glalie\n|move|p2b: Hawlucha|Brave Bird|p1b: Zoroark\n|-damage|p1b: Zoroark|0 fnt\n|faint|p1b: Zoroark\n|-damage|p2b: Hawlucha|32/100|[from] Recoil\n|\n|upkeep\n|\n|t:|1775945230\n|switch|p1b: Dragonite|Dragonite, L50, M|100/100\n|switch|p2a: Incineroar|Incineroar, L50, F|100/100\n|-ability|p2a: Incineroar|Intimidate|boost\n|-unboost|p1a: Skarmory|atk|1\n|-fail|p1b: Dragonite|unboost|Attack|[from] ability: Inner Focus|[of] p1b: Dragonite\n|turn|3\n|\n|t:|1775945265\n|detailschange|p1b: Dragonite|Dragonite-Mega, L50, M\n|-mega|p1b: Dragonite|Dragonite|Dragoninite\n|move|p2b: Hawlucha|Protect|p2b: Hawlucha\n|-singleturn|p2b: Hawlucha|Protect\n|move|p1b: Dragonite|Dragon Dance|p1b: Dragonite\n|-boost|p1b: Dragonite|atk|1\n|-boost|p1b: Dragonite|spe|1\n|move|p1a: Skarmory|Taunt|p2a: Incineroar\n|-start|p2a: Incineroar|move: Taunt\n|cant|p2a: Incineroar|move: Taunt|Parting Shot\n|\n|upkeep\n|turn|4\n|\n|t:|1775945292\n|switch|p2a: Sinistcha|Sinistcha, L50|100/100\n|-heal|p2b: Hawlucha|57/100|[from] ability: Hospitality|[of] p2a: Sinistcha\n|move|p1b: Dragonite|Extreme Speed|p2b: Hawlucha\n|-damage|p2b: Hawlucha|14/100\n|move|p1a: Skarmory|Iron Head|p2a: Sinistcha\n|-damage|p2a: Sinistcha|85/100\n|move|p2b: Hawlucha|Brave Bird|p1b: Dragonite\n|-damage|p1b: Dragonite|71/100\n|-damage|p2b: Hawlucha|5/100|[from] Recoil\n|\n|-sideend|p1: rrayudu|move: Tailwind\n|upkeep\n|turn|5\n|\n|t:|1775945315\n|switch|p2b: Incineroar|Incineroar, L50, F|100/100\n|-ability|p2b: Incineroar|Intimidate|boost\n|-unboost|p1a: Skarmory|atk|1\n|-unboost|p1b: Dragonite|atk|1\n|move|p1b: Dragonite|Protect|p1b: Dragonite\n|-singleturn|p1b: Dragonite|Protect\n|move|p2a: Sinistcha|Strength Sap|p1b: Dragonite\n|-activate|p1b: Dragonite|move: Protect\n|move|p1a: Skarmory|Tailwind|p1a: Skarmory\n|-sidestart|p1: rrayudu|move: Tailwind\n|\n|upkeep\n|turn|6\n|\n|t:|1775945339\n|move|p1b: Dragonite|Dragon Claw|p2b: Incineroar\n|-damage|p2b: Incineroar|61/100\n|move|p1a: Skarmory|Taunt|p2a: Sinistcha\n|-start|p2a: Sinistcha|move: Taunt\n|move|p2b: Incineroar|Flare Blitz|p1a: Skarmory\n|-supereffective|p1a: Skarmory|1\n|-damage|p1a: Skarmory|47/100\n|-status|p1a: Skarmory|brn\n|-damage|p2b: Incineroar|46/100|[from] Recoil\n|cant|p2a: Sinistcha|move: Taunt|Trick Room\n|\n|-damage|p1a: Skarmory|41/100 brn|[from] brn\n|upkeep\n|turn|7\n|\n|t:|1775945362\n|move|p1b: Dragonite|Dragon Claw|p2b: Incineroar\n|-damage|p2b: Incineroar|9/100\n|move|p1a: Skarmory|Stealth Rock|p2b: Incineroar\n|-sidestart|p2: Gigithegyarados|move: Stealth Rock\n|move|p2a: Sinistcha|Matcha Gotcha|p1b: Dragonite|[spread] p1b\n|-miss|p2a: Sinistcha|p1a: Skarmory\n|-resisted|p1b: Dragonite|2\n|-damage|p1b: Dragonite|66/100\n|-heal|p2a: Sinistcha|88/100|[from] drain|[of] p1b: Dragonite\n|move|p2b: Incineroar|Parting Shot|p1b: Dragonite\n|-unboost|p1b: Dragonite|atk|1\n|-unboost|p1b: Dragonite|spa|1\n|\n|t:|1775945373\n|switch|p2b: Hawlucha|Hawlucha-Mega, L50, M|5/100|[from] Parting Shot\n|-damage|p2b: Hawlucha|0 fnt|[from] Stealth Rock\n|faint|p2b: Hawlucha\n|\n|-damage|p1a: Skarmory|35/100 brn|[from] brn\n|upkeep\n|\n|t:|1775945375\n|switch|p2b: Incineroar|Incineroar, L50, F|9/100\n|-damage|p2b: Incineroar|0 fnt|[from] Stealth Rock\n|faint|p2b: Incineroar\n|turn|8\n|c|\u2606rrayudu|lmfao\n|c|\u2606Gigithegyarados|rip\n|c|\u2606rrayudu|got lucky though\n|c|\u2606rrayudu|deffo a gamble\n|c|\u2606Gigithegyarados|yea]\n|\n|t:|1775945424\n|move|p1b: Dragonite|Dragon Claw|p2a: Sinistcha\n|-damage|p2a: Sinistcha|62/100\n|move|p1a: Skarmory|Iron Head|p2a: Sinistcha\n|-damage|p2a: Sinistcha|56/100\n|move|p2a: Sinistcha|Matcha Gotcha|p1b: Dragonite|[spread] p1a,p1b\n|-resisted|p1a: Skarmory|2\n|-resisted|p1b: Dragonite|2\n|-damage|p1a: Skarmory|27/100 brn\n|-heal|p2a: Sinistcha|61/100|[from] drain|[of] p1a: Skarmory\n|-damage|p1b: Dragonite|61/100\n|-heal|p2a: Sinistcha|63/100|[from] drain|[of] p1b: Dragonite\n|\n|-damage|p1a: Skarmory|21/100 brn|[from] brn\n|-end|p2a: Sinistcha|move: Taunt\n|-sideend|p1: rrayudu|move: Tailwind\n|upkeep\n|turn|9\n|c|\u2606Gigithegyarados|gg\n|c|\u2606rrayudu|gg\n|\n|t:|1775945451\n|move|p1b: Dragonite|Protect|p1b: Dragonite\n|-singleturn|p1b: Dragonite|Protect\n|move|p2a: Sinistcha|Strength Sap|p1b: Dragonite\n|-activate|p1b: Dragonite|move: Protect\n|move|p1a: Skarmory|Tailwind|p1a: Skarmory\n|-sidestart|p1: rrayudu|move: Tailwind\n|\n|-damage|p1a: Skarmory|15/100 brn|[from] brn\n|upkeep\n|turn|10\n|\n|t:|1775945462\n|move|p1b: Dragonite|Dragon Claw|p2a: Sinistcha\n|-damage|p2a: Sinistcha|39/100\n|-enditem|p2a: Sinistcha|Sitrus Berry|[eat]\n|-heal|p2a: Sinistcha|64/100|[from] item: Sitrus Berry\n|move|p1a: Skarmory|Taunt|p2a: Sinistcha\n|-start|p2a: Sinistcha|move: Taunt\n|move|p2a: Sinistcha|Matcha Gotcha|p1a: Skarmory|[spread] p1a,p1b\n|-resisted|p1a: Skarmory|2\n|-resisted|p1b: Dragonite|2\n|-damage|p1a: Skarmory|7/100 brn\n|-heal|p2a: Sinistcha|68/100|[from] drain|[of] p1a: Skarmory\n|-damage|p1b: Dragonite|55/100\n|-heal|p2a: Sinistcha|71/100|[from] drain|[of] p1b: Dragonite\n|-status|p1b: Dragonite|brn\n|\n|-damage|p1b: Dragonite|49/100 brn|[from] brn\n|-damage|p1a: Skarmory|1/100 brn|[from] brn\n|upkeep\n|turn|11\n|\n|t:|1775945483\n|move|p1b: Dragonite|Dragon Claw|p2a: Sinistcha\n|-damage|p2a: Sinistcha|59/100\n|move|p1a: Skarmory|Iron Head|p2a: Sinistcha\n|-damage|p2a: Sinistcha|52/100\n|move|p2a: Sinistcha|Matcha Gotcha|p1b: Dragonite|[spread] p1a,p1b\n|-resisted|p1a: Skarmory|2\n|-resisted|p1b: Dragonite|2\n|-damage|p1a: Skarmory|0 fnt\n|-heal|p2a: Sinistcha|53/100|[from] drain|[of] p1a: Skarmory\n|-damage|p1b: Dragonite|44/100 brn\n|-heal|p2a: Sinistcha|56/100|[from] drain|[of] p1b: Dragonite\n|faint|p1a: Skarmory\n|\n|-damage|p1b: Dragonite|38/100 brn|[from] brn\n|upkeep\n|\n|t:|1775945491\n|switch|p1a: Corviknight|Corviknight, L50, M|100/100\n|turn|12\n|\n|t:|1775945495\n|move|p1b: Dragonite|Dragon Claw|p2a: Sinistcha\n|-damage|p2a: Sinistcha|42/100\n|move|p1a: Corviknight|Brave Bird|p2a: Sinistcha\n|-supereffective|p2a: Sinistcha|1\n|-damage|p2a: Sinistcha|0 fnt\n|faint|p2a: Sinistcha\n|-damage|p1a: Corviknight|89/100|[from] Recoil\n|\n|win|rrayudu\n|raw|rrayudu's rating: 1019 &rarr; <strong>1059</strong><br />(+40 for winning)\n|raw|Gigithegyarados's rating: 1048 &rarr; <strong>1029</strong><br />(-19 for losing)\n|l|\u2606Gigithegyarados\n|player|p2|\n",
  "uploadtime": 1775945508,
  "views": 33,
  "formatid": "gen9championsvgc2026regma",
  "rating": 1029,
  "private": 0,
  "password": null
}