{
  "id": "gen9championsvgc2026regma-2582786056",
  "format": "[Gen 9 Champions] VGC 2026 Reg M-A",
  "players": [
    "yugomagic",
    "Relink007"
  ],
  "log": "|j|\u2606yugomagic\n|j|\u2606Relink007\n|t:|1776114019\n|gametype|doubles\n|player|p1|yugomagic|hugh|1127\n|player|p2|Relink007|266|1086\n|gen|9\n|tier|[Gen 9 Champions] VGC 2026 Reg M-A\n|rated|\n|rule|Species Clause: Limit one of each Pok\u00e9mon\n|rule|Item Clause: Limit 1 of each item\n|clearpoke\n|poke|p1|Tyranitar, L50, F|\n|poke|p1|Garchomp, L50, F|\n|poke|p1|Corviknight, L50, M|\n|poke|p1|Incineroar, L50, F|\n|poke|p1|Floette-Eternal, L50, F|\n|poke|p1|Rotom-Wash, L50|\n|poke|p2|Excadrill, L50, M|\n|poke|p2|Garchomp, L50, F|\n|poke|p2|Tyranitar, L50, M|\n|poke|p2|Corviknight, L50, F|\n|poke|p2|Sinistcha, L50|\n|poke|p2|Gyarados, L50, F|\n|teampreview|4\n|\n|t:|1776114063\n|teamsize|p1|4\n|teamsize|p2|4\n|start\n|switch|p1a: Garchomp|Garchomp, L50, F|100/100\n|switch|p1b: Corviknight|Corviknight, L50, M|100/100\n|switch|p2a: Garchomp|Garchomp, L50, F|100/100\n|switch|p2b: Gyarados|Gyarados, L50, F|100/100\n|-ability|p2b: Gyarados|Intimidate|boost\n|-unboost|p1a: Garchomp|atk|1\n|-ability|p1b: Corviknight|Mirror Armor\n|-unboost|p2b: Gyarados|atk|1\n|-enditem|p2b: Gyarados|White Herb\n|-clearnegativeboost|p2b: Gyarados|[silent]\n|turn|1\n|\n|t:|1776114088\n|move|p1a: Garchomp|Protect|p1a: Garchomp\n|-singleturn|p1a: Garchomp|Protect\n|move|p2a: Garchomp|Dragon Claw|p1a: Garchomp\n|-activate|p1a: Garchomp|move: Protect\n|move|p2b: Gyarados|Thunder Wave|p1b: Corviknight\n|-status|p1b: Corviknight|par\n|move|p1b: Corviknight|Tailwind|p1b: Corviknight\n|-sidestart|p1: yugomagic|move: Tailwind\n|\n|upkeep\n|turn|2\n|inactive|Battle timer is ON: inactive players will automatically lose when time's up. (requested by yugomagic)\n|\n|t:|1776114125\n|switch|p1b: Rotom|Rotom-Wash, L50|100/100\n|move|p1a: Garchomp|Dragon Claw|p2a: Garchomp\n|-supereffective|p2a: Garchomp|1\n|-crit|p2a: Garchomp\n|-damage|p2a: Garchomp|0 fnt\n|-damage|p1a: Garchomp|88/100|[from] ability: Rough Skin|[of] p2a: Garchomp\n|faint|p2a: Garchomp\n|move|p2b: Gyarados|Taunt|p1b: Rotom\n|-start|p1b: Rotom|move: Taunt\n|\n|-heal|p1a: Garchomp|94/100|[from] item: Leftovers\n|upkeep\n|\n|t:|1776114141\n|switch|p2a: Tyranitar|Tyranitar, L50, M|100/100\n|-weather|Sandstorm|[from] ability: Sand Stream|[of] p2a: Tyranitar\n|turn|3\n|\n|t:|1776114159\n|detailschange|p2a: Tyranitar|Tyranitar-Mega, L50, M\n|-mega|p2a: Tyranitar|Tyranitar|Tyranitarite\n|move|p1b: Rotom|Discharge|p2a: Tyranitar|[spread] p2a,p2b\n|-immune|p1a: Garchomp\n|-supereffective|p2b: Gyarados|2\n|-crit|p2b: Gyarados\n|-damage|p2a: Tyranitar|85/100\n|-damage|p2b: Gyarados|0 fnt\n|faint|p2b: Gyarados\n|move|p1a: Garchomp|Stomping Tantrum|p2a: Tyranitar\n|-supereffective|p2a: Tyranitar|1\n|-damage|p2a: Tyranitar|50/100\n|move|p2a: Tyranitar|Knock Off|p1b: Rotom\n|-damage|p1b: Rotom|28/100\n|-enditem|p1b: Rotom|Choice Scarf|[from] move: Knock Off|[of] p2a: Tyranitar\n|\n|-weather|Sandstorm|[upkeep]\n|-damage|p1b: Rotom|22/100|[from] Sandstorm\n|-heal|p1a: Garchomp|100/100|[from] item: Leftovers\n|upkeep\n|\n|t:|1776114177\n|switch|p2b: Corviknight|Corviknight, L50, F|100/100\n|turn|4\n|inactive|yugomagic has 30 seconds left.\n|\n|t:|1776114205\n|move|p1a: Garchomp|Dragon Claw|p2a: Tyranitar\n|-damage|p2a: Tyranitar|31/100\n|move|p1b: Rotom|Discharge|p2b: Corviknight|[spread] p2a,p2b\n|-immune|p1a: Garchomp\n|-supereffective|p2b: Corviknight|1\n|-damage|p2a: Tyranitar|16/100\n|-damage|p2b: Corviknight|51/100\n|move|p2a: Tyranitar|Rock Slide|p1b: Rotom|[spread] p1a,p1b\n|-resisted|p1a: Garchomp|1\n|-damage|p1a: Garchomp|85/100\n|-damage|p1b: Rotom|0 fnt\n|faint|p1b: Rotom\n|move|p2b: Corviknight|Bulk Up|p2b: Corviknight\n|-boost|p2b: Corviknight|atk|1\n|-boost|p2b: Corviknight|def|1\n|\n|-weather|Sandstorm|[upkeep]\n|-heal|p1a: Garchomp|91/100|[from] item: Leftovers\n|-sideend|p1: yugomagic|move: Tailwind\n|upkeep\n|\n|t:|1776114223\n|switch|p1b: Floette|Floette-Eternal, L50, F|100/100\n|turn|5\n|inactive|yugomagic has 30 seconds left.\n|\n|t:|1776114254\n|switch|p1b: Corviknight|Corviknight, L50, M|100/100 par\n|move|p1a: Garchomp|Stomping Tantrum|p2a: Tyranitar\n|-supereffective|p2a: Tyranitar|1\n|-damage|p2a: Tyranitar|0 fnt\n|faint|p2a: Tyranitar\n|move|p2b: Corviknight|Roost|p2b: Corviknight\n|-heal|p2b: Corviknight|100/100\n|-singleturn|p2b: Corviknight|move: Roost\n|\n|-weather|Sandstorm|[upkeep]\n|-heal|p1a: Garchomp|97/100|[from] item: Leftovers\n|upkeep\n|turn|6\n|\n|t:|1776114275\n|switch|p1a: Floette|Floette-Eternal, L50, F|100/100\n|move|p2b: Corviknight|Bulk Up|p2b: Corviknight\n|-boost|p2b: Corviknight|atk|1\n|-boost|p2b: Corviknight|def|1\n|move|p1b: Corviknight|Tailwind|p1b: Corviknight\n|-sidestart|p1: yugomagic|move: Tailwind\n|\n|-weather|Sandstorm|[upkeep]\n|-damage|p1a: Floette|94/100|[from] Sandstorm\n|upkeep\n|turn|7\n|inactive|yugomagic has 30 seconds left.\n|\n|t:|1776114303\n|detailschange|p1a: Floette|Floette-Mega, L50, F\n|-mega|p1a: Floette|Floette|Floettite\n|-ability|p1a: Floette|Fairy Aura\n|move|p1a: Floette|Draining Kiss|p2b: Corviknight\n|-resisted|p2b: Corviknight|1\n|-damage|p2b: Corviknight|82/100\n|-heal|p1a: Floette|100/100|[from] drain|[of] p2b: Corviknight\n|move|p1b: Corviknight|Iron Head|p2b: Corviknight\n|-resisted|p2b: Corviknight|1\n|-damage|p2b: Corviknight|76/100\n|cant|p2b: Corviknight|flinch\n|\n|-weather|none\n|upkeep\n|turn|8\n|\n|t:|1776114323\n|move|p1a: Floette|Draining Kiss|p2b: Corviknight\n|-resisted|p2b: Corviknight|1\n|-damage|p2b: Corviknight|58/100\n|move|p1b: Corviknight|Iron Head|p2b: Corviknight\n|-resisted|p2b: Corviknight|1\n|-damage|p2b: Corviknight|52/100\n|move|p2b: Corviknight|Bulk Up|p2b: Corviknight\n|-boost|p2b: Corviknight|atk|1\n|-boost|p2b: Corviknight|def|1\n|\n|upkeep\n|turn|9\n|\n|t:|1776114335\n|move|p1a: Floette|Draining Kiss|p2b: Corviknight\n|-resisted|p2b: Corviknight|1\n|-damage|p2b: Corviknight|32/100\n|cant|p1b: Corviknight|par\n|move|p2b: Corviknight|Roost|p2b: Corviknight\n|-heal|p2b: Corviknight|82/100\n|-singleturn|p2b: Corviknight|move: Roost\n|\n|-sideend|p1: yugomagic|move: Tailwind\n|upkeep\n|turn|10\n|inactive|Relink007 has 30 seconds left.\n|\n|t:|1776114361\n|move|p1a: Floette|Calm Mind|p1a: Floette\n|-boost|p1a: Floette|spa|1\n|-boost|p1a: Floette|spd|1\n|move|p2b: Corviknight|Bulk Up|p2b: Corviknight\n|-boost|p2b: Corviknight|atk|1\n|-boost|p2b: Corviknight|def|1\n|cant|p1b: Corviknight|par\n|\n|upkeep\n|turn|11\n|\n|t:|1776114381\n|move|p1a: Floette|Draining Kiss|p2b: Corviknight\n|-resisted|p2b: Corviknight|1\n|-damage|p2b: Corviknight|55/100\n|move|p2b: Corviknight|Brave Bird|p1a: Floette\n|-damage|p1a: Floette|0 fnt\n|faint|p1a: Floette\n|-damage|p2b: Corviknight|25/100|[from] Recoil\n|move|p1b: Corviknight|Tailwind|p1b: Corviknight\n|-sidestart|p1: yugomagic|move: Tailwind\n|\n|upkeep\n|\n|t:|1776114387\n|switch|p1a: Garchomp|Garchomp, L50, F|97/100\n|turn|12\n|\n|t:|1776114400\n|move|p1a: Garchomp|Liquidation|p2b: Corviknight\n|-damage|p2b: Corviknight|18/100\n|move|p1b: Corviknight|Iron Head|p2b: Corviknight\n|-resisted|p2b: Corviknight|1\n|-damage|p2b: Corviknight|15/100\n|move|p2b: Corviknight|Roost|p2b: Corviknight\n|-heal|p2b: Corviknight|65/100\n|-singleturn|p2b: Corviknight|move: Roost\n|\n|-heal|p1a: Garchomp|100/100|[from] item: Leftovers\n|upkeep\n|turn|13\n|\n|t:|1776114421\n|move|p1a: Garchomp|Dragon Claw|p2b: Corviknight\n|-resisted|p2b: Corviknight|1\n|-damage|p2b: Corviknight|60/100\n|move|p1b: Corviknight|Iron Head|p2b: Corviknight\n|-resisted|p2b: Corviknight|1\n|-damage|p2b: Corviknight|56/100\n|cant|p2b: Corviknight|flinch\n|\n|upkeep\n|turn|14\n|\n|t:|1776114440\n|move|p1a: Garchomp|Liquidation|p2b: Corviknight\n|-damage|p2b: Corviknight|49/100\n|-ability|p2b: Corviknight|Mirror Armor\n|-unboost|p1a: Garchomp|def|1\n|move|p1b: Corviknight|Iron Head|p2b: Corviknight\n|-resisted|p2b: Corviknight|1\n|-damage|p2b: Corviknight|45/100\n|move|p2b: Corviknight|Roost|p2b: Corviknight\n|-heal|p2b: Corviknight|95/100\n|-singleturn|p2b: Corviknight|move: Roost\n|\n|-sideend|p1: yugomagic|move: Tailwind\n|upkeep\n|turn|15\n|\n|t:|1776114457\n|move|p1a: Garchomp|Stomping Tantrum|p2b: Corviknight\n|-immune|p2b: Corviknight\n|move|p2b: Corviknight|Body Press|p1a: Garchomp\n|-damage|p1a: Garchomp|5/100\n|move|p1b: Corviknight|Iron Head|p2b: Corviknight\n|-resisted|p2b: Corviknight|1\n|-damage|p2b: Corviknight|92/100\n|\n|-heal|p1a: Garchomp|11/100|[from] item: Leftovers\n|upkeep\n|turn|16\n|\n|t:|1776114478\n|move|p1a: Garchomp|Dragon Claw|p2b: Corviknight\n|-resisted|p2b: Corviknight|1\n|-damage|p2b: Corviknight|87/100\n|move|p2b: Corviknight|Body Press|p1a: Garchomp\n|-damage|p1a: Garchomp|0 fnt\n|faint|p1a: Garchomp\n|move|p1b: Corviknight|Iron Head|p2b: Corviknight\n|-resisted|p2b: Corviknight|1\n|-damage|p2b: Corviknight|83/100\n|\n|upkeep\n|turn|17\n|-message|yugomagic forfeited.\n|\n|win|Relink007\n|raw|yugomagic's rating: 1127 &rarr; <strong>1099</strong><br />(-28 for losing)\n|raw|Relink007's rating: 1086 &rarr; <strong>1116</strong><br />(+30 for winning)\n|l|\u2606yugomagic\n|player|p1|\n",
  "uploadtime": 1776114495,
  "views": 27,
  "formatid": "gen9championsvgc2026regma",
  "rating": 1099,
  "private": 0,
  "password": null
}