{
  "id": "gen9championsvgc2026regma-2581856006",
  "format": "[Gen 9 Champions] VGC 2026 Reg M-A",
  "players": [
    "slypig",
    "thr33zz"
  ],
  "log": "|j|\u2606slypig\n|j|\u2606thr33zz\n|t:|1776034083\n|gametype|doubles\n|player|p1|slypig|guitarist-gen4|1045\n|player|p2|thr33zz|1|1051\n|gen|9\n|tier|[Gen 9 Champions] VGC 2026 Reg M-A\n|rated|\n|rule|Species Clause: Limit one of each Pok\u00e9mon\n|rule|Item Clause: Limit 1 of each item\n|clearpoke\n|poke|p1|Charizard, L50, M|\n|poke|p1|Kingambit, L50, F|\n|poke|p1|Rotom-Wash, L50|\n|poke|p1|Sinistcha, L50|\n|poke|p1|Sneasler, L50, M|\n|poke|p1|Ninetales-Alola, L50, F|\n|poke|p2|Typhlosion-Hisui, L50, F|\n|poke|p2|Whimsicott, L50, F|\n|poke|p2|Charizard, L50, M|\n|poke|p2|Sneasler, L50, F|\n|poke|p2|Incineroar, L50, M|\n|poke|p2|Garganacl, L50, F|\n|teampreview|4\nslypig has agreed to open team sheets.\n|\n|t:|1776034123\n|teamsize|p1|4\n|teamsize|p2|4\n|start\n|switch|p1a: Sneasler|Sneasler, L50, M|100/100\n|switch|p1b: Charizard|Charizard, L50, M|100/100\n|switch|p2a: Typhlosion|Typhlosion-Hisui, L50, F|100/100\n|switch|p2b: Incineroar|Incineroar, L50, M|100/100\n|-item|p1a: Sneasler|White Herb|[from] ability: Frisk|[of] p2a: Typhlosion\n|-item|p1b: Charizard|Charizardite X|[from] ability: Frisk|[of] p2a: Typhlosion\n|-ability|p2b: Incineroar|Intimidate|boost\n|-unboost|p1a: Sneasler|atk|1\n|-unboost|p1b: Charizard|atk|1\n|-enditem|p1a: Sneasler|White Herb\n|-clearnegativeboost|p1a: Sneasler|[silent]\n|turn|1\n|\n|t:|1776034153\n|detailschange|p1b: Charizard|Charizard-Mega-X, L50, M\n|-mega|p1b: Charizard|Charizard|Charizardite X\n|move|p1a: Sneasler|Fake Out|p2b: Incineroar\n|-damage|p2b: Incineroar|86/100\n|cant|p2b: Incineroar|flinch\n|move|p2a: Typhlosion|Eruption|p1a: Sneasler|[spread] p1a,p1b\n|-resisted|p1b: Charizard|2\n|-damage|p1a: Sneasler|27/100\n|-damage|p1b: Charizard|85/100\n|move|p1b: Charizard|Dragon Dance|p1b: Charizard\n|-boost|p1b: Charizard|atk|1\n|-boost|p1b: Charizard|spe|1\n|\n|upkeep\n|turn|2\n|\n|t:|1776034186\n|switch|p2b: Charizard|Charizard, L50, M|100/100\n|move|p1a: Sneasler|Close Combat|p2b: Charizard\n|-resisted|p2b: Charizard|1\n|-damage|p2b: Charizard|55/100\n|-unboost|p1a: Sneasler|def|1\n|-unboost|p1a: Sneasler|spd|1\n|move|p2a: Typhlosion|Eruption|p1a: Sneasler|[spread] p1a,p1b\n|-resisted|p1b: Charizard|2\n|-damage|p1a: Sneasler|0 fnt\n|-damage|p1b: Charizard|70/100\n|faint|p1a: Sneasler\n|move|p1b: Charizard|Dragon Dance|p1b: Charizard\n|-boost|p1b: Charizard|atk|1\n|-boost|p1b: Charizard|spe|1\n|\n|upkeep\n|\n|t:|1776034201\n|switch|p1a: Sinistcha|Sinistcha, L50|100/100\n|-heal|p1b: Charizard|95/100|[from] ability: Hospitality|[of] p1a: Sinistcha\n|turn|3\n|\n|t:|1776034239\n|detailschange|p2b: Charizard|Charizard-Mega-Y, L50, M\n|-mega|p2b: Charizard|Charizard|Charizardite Y\n|-weather|SunnyDay|[from] ability: Drought|[of] p2b: Charizard\n|move|p1b: Charizard|Dragon Claw|p2b: Charizard\n|-damage|p2b: Charizard|0 fnt\n|faint|p2b: Charizard\n|move|p2a: Typhlosion|Eruption|p1a: Sinistcha|[spread] p1a,p1b\n|-supereffective|p1a: Sinistcha|1\n|-resisted|p1b: Charizard|2\n|-damage|p1a: Sinistcha|0 fnt\n|-damage|p1b: Charizard|69/100\n|faint|p1a: Sinistcha\n|\n|-weather|SunnyDay|[upkeep]\n|upkeep\n|\n|t:|1776034251\n|switch|p2b: Incineroar|Incineroar, L50, M|86/100\n|switch|p1a: Ninetales|Ninetales-Alola, L50, F|100/100\n|-weather|Snowscape|[from] ability: Snow Warning|[of] p1a: Ninetales\n|-ability|p2b: Incineroar|Intimidate|boost\n|-unboost|p1a: Ninetales|atk|1\n|-unboost|p1b: Charizard|atk|1\n|turn|4\n|\n|t:|1776034276\n|move|p1b: Charizard|Protect|p1b: Charizard\n|-singleturn|p1b: Charizard|Protect\n|move|p1a: Ninetales|Protect|p1a: Ninetales\n|-singleturn|p1a: Ninetales|Protect\n|move|p2b: Incineroar|Fake Out|p1b: Charizard\n|-activate|p1b: Charizard|move: Protect\n|move|p2a: Typhlosion|Eruption|p1a: Ninetales|[spread] \n|-activate|p1a: Ninetales|move: Protect\n|-activate|p1b: Charizard|move: Protect\n|\n|-weather|Snowscape|[upkeep]\n|upkeep\n|turn|5\n|\n|t:|1776034295\n|move|p1b: Charizard|Dragon Claw|p2a: Typhlosion\n|-damage|p2a: Typhlosion|32/100\n|move|p2a: Typhlosion|Eruption|p1b: Charizard|[spread] p1a,p1b\n|-supereffective|p1a: Ninetales|1\n|-resisted|p1b: Charizard|2\n|-damage|p1a: Ninetales|55/100\n|-damage|p1b: Charizard|64/100\n|move|p1a: Ninetales|Aurora Veil|p1a: Ninetales\n|-sidestart|p1: slypig|move: Aurora Veil\n|move|p2b: Incineroar|Darkest Lariat|p1b: Charizard\n|-damage|p1b: Charizard|40/100\n|\n|-weather|Snowscape|[upkeep]\n|upkeep\n|turn|6\n|\n|t:|1776034328\n|switch|p2a: Garganacl|Garganacl, L50, F|100/100\n|move|p1a: Ninetales|Protect|p1a: Ninetales\n|-singleturn|p1a: Ninetales|Protect\n|move|p1b: Charizard|Dragon Claw|p2b: Incineroar\n|-damage|p2b: Incineroar|37/100\n|-enditem|p2b: Incineroar|Sitrus Berry|[eat]\n|-heal|p2b: Incineroar|61/100|[from] item: Sitrus Berry\n|move|p2b: Incineroar|Parting Shot|p1b: Charizard\n|-unboost|p1b: Charizard|atk|1\n|-unboost|p1b: Charizard|spa|1\n|\n|t:|1776034341\n|switch|p2b: Typhlosion|Typhlosion-Hisui, L50, F|32/100|[from] Parting Shot\n|-item|p1a: Ninetales|Focus Sash|[from] ability: Frisk|[of] p2b: Typhlosion\n|-item|p1b: Charizard|Charizardite X|[from] ability: Frisk|[of] p2b: Typhlosion\n|\n|-weather|Snowscape|[upkeep]\n|upkeep\n|turn|7\n|\n|t:|1776034356\n|move|p1b: Charizard|Dragon Dance|p1b: Charizard\n|-boost|p1b: Charizard|atk|1\n|-boost|p1b: Charizard|spe|1\n|move|p2b: Typhlosion|Fire Blast|p1a: Ninetales\n|-supereffective|p1a: Ninetales|1\n|-damage|p1a: Ninetales|0 fnt\n|faint|p1a: Ninetales\n|move|p2a: Garganacl|Rock Slide|p1b: Charizard|[miss]\n|-miss|p2a: Garganacl|p1b: Charizard\n|\n|-weather|Snowscape|[upkeep]\n|upkeep\n|turn|8\n|\n|t:|1776034380\n|move|p2a: Garganacl|Protect|p2a: Garganacl\n|-singleturn|p2a: Garganacl|Protect\n|move|p1b: Charizard|Dragon Dance|p1b: Charizard\n|-boost|p1b: Charizard|atk|1\n|-boost|p1b: Charizard|spe|1\n|move|p2b: Typhlosion|Fire Blast|p1b: Charizard|[miss]\n|-miss|p2b: Typhlosion|p1b: Charizard\n|\n|-weather|none\n|upkeep\n|turn|9\n|\n|t:|1776034399\n|switch|p2a: Incineroar|Incineroar, L50, M|61/100\n|-ability|p2a: Incineroar|Intimidate|boost\n|-unboost|p1b: Charizard|atk|1\n|move|p1b: Charizard|Dragon Claw|p2b: Typhlosion\n|-damage|p2b: Typhlosion|0 fnt\n|faint|p2b: Typhlosion\n|\n|-sideend|p1: slypig|move: Aurora Veil\n|upkeep\n|\n|t:|1776034405\n|switch|p2b: Garganacl|Garganacl, L50, F|100/100\n|turn|10\n|\n|t:|1776034414\n|move|p1b: Charizard|Protect|p1b: Charizard\n|-singleturn|p1b: Charizard|Protect\n|move|p2a: Incineroar|Fake Out|p1b: Charizard\n|-activate|p1b: Charizard|move: Protect\n|move|p2b: Garganacl|Salt Cure|p1b: Charizard\n|-activate|p1b: Charizard|move: Protect\n|\n|upkeep\n|turn|11\n|\n|t:|1776034428\n|move|p1b: Charizard|Dragon Dance|p1b: Charizard\n|-boost|p1b: Charizard|atk|1\n|-boost|p1b: Charizard|spe|1\n|move|p2a: Incineroar|Darkest Lariat|p1b: Charizard\n|-damage|p1b: Charizard|4/100\n|move|p2b: Garganacl|Salt Cure|p1b: Charizard\n|-supereffective|p1b: Charizard|1\n|-damage|p1b: Charizard|0 fnt\n|faint|p1b: Charizard\n|\n|win|thr33zz\n|raw|slypig's rating: 1045 &rarr; <strong>1029</strong><br />(-16 for losing)\n|raw|thr33zz's rating: 1051 &rarr; <strong>1083</strong><br />(+32 for winning)\n|c|\u2606thr33zz|why dance\n",
  "uploadtime": 1776034440,
  "views": 12,
  "formatid": "gen9championsvgc2026regma",
  "rating": 1029,
  "private": 0,
  "password": null
}