{
  "id": "gen9championsvgc2026regma-2584643508",
  "format": "[Gen 9 Champions] VGC 2026 Reg M-A",
  "players": [
    "skywalkingchris",
    "meyownaze2"
  ],
  "log": "|j|\u2606skywalkingchris\n|j|\u2606meyownaze2\n|t:|1776274042\n|gametype|doubles\n|player|p1|skywalkingchris|2|1092\n|player|p2|meyownaze2|preschooler|1197\n|gen|9\n|tier|[Gen 9 Champions] VGC 2026 Reg M-A\n|rated|\n|rule|Species Clause: Limit one of each Pok\u00e9mon\n|rule|Item Clause: Limit 1 of each item\n|clearpoke\n|poke|p1|Froslass, L50, F|\n|poke|p1|Whimsicott, L50, M|\n|poke|p1|Maushold-Four, L50|\n|poke|p1|Kangaskhan, L50, F|\n|poke|p1|Weavile, L50, M|\n|poke|p1|Gallade, L50, M|\n|poke|p2|Aggron, L50, F|\n|poke|p2|Sinistcha-Masterpiece, L50|\n|poke|p2|Tyranitar, L50, M|\n|poke|p2|Aerodactyl, L50, F|\n|poke|p2|Sneasler, L50, F|\n|poke|p2|Primarina, L50, F|\n|teampreview|4\n|inactive|Battle timer is ON: inactive players will automatically lose when time's up. (requested by meyownaze2)\n|inactive|skywalkingchris has 60 seconds left.\n|inactive|meyownaze2 has 60 seconds left.\n|\n|t:|1776274105\n|teamsize|p1|4\n|teamsize|p2|4\n|start\n|switch|p1a: Weavile|Weavile, L50, M|100/100\n|switch|p1b: Froslass|Froslass, L50, F|100/100\n|switch|p2a: Ty Lawson|Tyranitar, L50, M|100/100\n|switch|p2b: Mike Sneasley|Sneasler, L50, F|100/100\n|-weather|Sandstorm|[from] ability: Sand Stream|[of] p2a: Ty Lawson\n|turn|1\n|inactive|skywalkingchris has 30 seconds left.\n|inactive|skywalkingchris has 20 seconds left.\n|\n|t:|1776274141\n|switch|p2a: Aggron James|Aggron, L50, F|100/100\n|move|p1a: Weavile|Protect|p1a: Weavile\n|-singleturn|p1a: Weavile|Protect\n|move|p1b: Froslass|Protect|p1b: Froslass\n|-singleturn|p1b: Froslass|Protect\n|move|p2b: Mike Sneasley|Fake Out|p1a: Weavile\n|-activate|p1a: Weavile|move: Protect\n|\n|-weather|Sandstorm|[upkeep]\n|-damage|p1a: Weavile|94/100|[from] Sandstorm\n|-damage|p2b: Mike Sneasley|95/100|[from] Sandstorm\n|-damage|p1b: Froslass|94/100|[from] Sandstorm\n|upkeep\n|turn|2\n|inactive|skywalkingchris has 30 seconds left.\n|inactive|meyownaze2 has 30 seconds left.\n|\n|t:|1776274169\n|detailschange|p2a: Aggron James|Aggron-Mega, L50, F\n|-mega|p2a: Aggron James|Aggron|Aggronite\n|move|p2a: Aggron James|Protect|p2a: Aggron James\n|-singleturn|p2a: Aggron James|Protect\n|move|p1a: Weavile|Triple Axel|p2b: Mike Sneasley\n|-damage|p2b: Mike Sneasley|77/100\n|-damage|p2b: Mike Sneasley|46/100\n|-damage|p2b: Mike Sneasley|0 fnt\n|faint|p2b: Mike Sneasley\n|-hitcount|p2: Mike Sneasley|3\n|move|p1b: Froslass|Shadow Ball|p2a: Aggron James\n|-activate|p2a: Aggron James|move: Protect\n|\n|-weather|Sandstorm|[upkeep]\n|-damage|p1a: Weavile|88/100|[from] Sandstorm\n|-damage|p1b: Froslass|88/100|[from] Sandstorm\n|upkeep\n|\n|t:|1776274187\n|switch|p2b: Ty Lawson|Tyranitar, L50, M|100/100\n|turn|3\n|\n|t:|1776274209\n|move|p1a: Weavile|Protect|p1a: Weavile\n|-singleturn|p1a: Weavile|Protect\n|move|p1b: Froslass|Aurora Veil||[still]\n|-fail|p1b: Froslass\n|move|p2b: Ty Lawson|Knock Off|p1b: Froslass\n|-supereffective|p1b: Froslass|1\n|-damage|p1b: Froslass|0 fnt\n|faint|p1b: Froslass\n|move|p2a: Aggron James|Iron Defense|p2a: Aggron James\n|-boost|p2a: Aggron James|def|2\n|\n|-weather|Sandstorm|[upkeep]\n|-damage|p1a: Weavile|82/100|[from] Sandstorm\n|upkeep\n|c|\u2606skywalkingchris|oops\n|\n|t:|1776274223\n|switch|p1b: Gallade|Gallade, L50, M|100/100\n|turn|4\n|c|\u2606meyownaze2|oh no\n|c|\u2606skywalkingchris|i forgot to mega lmao\n|inactive|meyownaze2 has 30 seconds left.\n|\n|t:|1776274256\n|detailschange|p1b: Gallade|Gallade-Mega, L50, M\n|-mega|p1b: Gallade|Gallade|Galladite\n|move|p1a: Weavile|Triple Axel|p2b: Ty Lawson\n|-damage|p2b: Ty Lawson|93/100\n|-damage|p2b: Ty Lawson|77/100\n|-damage|p2b: Ty Lawson|55/100\n|-hitcount|p2b: Ty Lawson|3\n|move|p1b: Gallade|Sacred Sword|p2a: Aggron James\n|-supereffective|p2a: Aggron James|1\n|-damage|p2a: Aggron James|60/100\n|move|p2b: Ty Lawson|Rock Slide|p1a: Weavile|[spread] \n|-miss|p2b: Ty Lawson|p1a: Weavile\n|-miss|p2b: Ty Lawson|p1b: Gallade\n|move|p2a: Aggron James|Iron Defense|p2a: Aggron James\n|-boost|p2a: Aggron James|def|2\n|\n|-weather|Sandstorm|[upkeep]\n|-damage|p1a: Weavile|76/100|[from] Sandstorm\n|-damage|p1b: Gallade|94/100|[from] Sandstorm\n|-heal|p2b: Ty Lawson|60/100|[from] item: Leftovers\n|upkeep\n|turn|5\n|inactive|skywalkingchris has 30 seconds left.\n|inactive|meyownaze2 has 30 seconds left.\n|c|\u2606meyownaze2|lmaoo happens to everyone\n|inactive|meyownaze2 has 20 seconds left.\n|inactive|meyownaze2 has 15 seconds left.\n|inactive|meyownaze2 has 10 seconds left.\n|\n|t:|1776274302\n|switch|p2b: Chawhi Leonard|Sinistcha-Masterpiece, L50|100/100\n|-heal|p2a: Aggron James|85/100|[from] ability: Hospitality|[of] p2b: Chawhi Leonard\n|move|p1a: Weavile|Triple Axel|p2b: Chawhi Leonard\n|-supereffective|p2b: Chawhi Leonard|1\n|-damage|p2b: Chawhi Leonard|86/100\n|-supereffective|p2b: Chawhi Leonard|1\n|-damage|p2b: Chawhi Leonard|55/100\n|-supereffective|p2b: Chawhi Leonard|1\n|-crit|p2b: Chawhi Leonard\n|-damage|p2b: Chawhi Leonard|0 fnt\n|faint|p2b: Chawhi Leonard\n|-hitcount|p2: Chawhi Leonard|3\n|move|p1b: Gallade|Sacred Sword|p2a: Aggron James\n|-supereffective|p2a: Aggron James|1\n|-damage|p2a: Aggron James|44/100\n|move|p2a: Aggron James|Body Press|p1b: Gallade\n|-resisted|p1b: Gallade|1\n|-damage|p1b: Gallade|18/100\n|\n|-weather|none\n|upkeep\n|inactive|meyownaze2 has 30 seconds left.\n|c|\u2606meyownaze2|Whyd sacred sword deal same dmg still\n|inactive|meyownaze2 has 20 seconds left.\n|inactive|meyownaze2 has 15 seconds left.\n|\n|t:|1776274344\n|switch|p2b: Ty Lawson|Tyranitar, L50, M|60/100\n|-weather|Sandstorm|[from] ability: Sand Stream|[of] p2b: Ty Lawson\n|turn|6\n|c|\u2606skywalkingchris|ignores defense boosts\n|c|\u2606skywalkingchris|scared sword does\n|c|\u2606meyownaze2|Ahh damn\n|inactive|meyownaze2 has 30 seconds left.\n|\n|t:|1776274385\n|switch|p1b: Kangaskhan|Kangaskhan, L50, F|100/100\n|move|p2a: Aggron James|Protect|p2a: Aggron James\n|-singleturn|p2a: Aggron James|Protect\n|move|p1a: Weavile|Triple Axel|p2b: Ty Lawson\n|-crit|p2b: Ty Lawson\n|-damage|p2b: Ty Lawson|49/100\n|-damage|p2b: Ty Lawson|31/100\n|-crit|p2b: Ty Lawson\n|-damage|p2b: Ty Lawson|0 fnt\n|faint|p2b: Ty Lawson\n|-hitcount|p2: Ty Lawson|3\n|\n|-weather|Sandstorm|[upkeep]\n|-damage|p1a: Weavile|69/100|[from] Sandstorm\n|-damage|p1b: Kangaskhan|94/100|[from] Sandstorm\n|-heal|p1b: Kangaskhan|100/100|[from] item: Leftovers\n|upkeep\n|turn|7\n|c|\u2606skywalkingchris|but filter is so good and i didnt built this max attack\n|c|\u2606meyownaze2|Still ggwp\n|inactive|meyownaze2 has 30 seconds left.\n|\n|t:|1776274418\n|move|p1b: Kangaskhan|Fake Out|p2a: Aggron James\n|-resisted|p2a: Aggron James|1\n|-damage|p2a: Aggron James|42/100\n|move|p1a: Weavile|Snowscape|p1a: Weavile\n|-weather|Snowscape\n|cant|p2a: Aggron James|flinch\n|\n|-weather|Snowscape|[upkeep]\n|upkeep\n|turn|8\n|\n|t:|1776274426\n|move|p1a: Weavile|Triple Axel|p2a: Aggron James\n|-resisted|p2a: Aggron James|1\n|-damage|p2a: Aggron James|42/100\n|-hitcount|p2a: Aggron James|1\n|move|p1b: Kangaskhan|Low Kick|p2a: Aggron James\n|-supereffective|p2a: Aggron James|1\n|-damage|p2a: Aggron James|33/100\n|move|p2a: Aggron James|Body Press|p1b: Kangaskhan\n|-supereffective|p1b: Kangaskhan|1\n|-damage|p1b: Kangaskhan|0 fnt\n|faint|p1b: Kangaskhan\n|\n|-weather|Snowscape|[upkeep]\n|upkeep\n|c|\u2606skywalkingchris|lmao holy crap\n|c|\u2606skywalkingchris|low kick did nothing i love that thing\n|\n|t:|1776274443\n|switch|p1b: Gallade|Gallade-Mega, L50, M|18/100\n|turn|9\n|c|\u2606meyownaze2|Dont let me hope lmao\n|c|\u2606skywalkingchris|sacred sword should do around 35%\n|c|\u2606meyownaze2|Oh na its byebye\n|inactive|meyownaze2 has 30 seconds left.\n|\n|t:|1776274469\n|move|p2a: Aggron James|Protect|p2a: Aggron James\n|-singleturn|p2a: Aggron James|Protect\n|move|p1a: Weavile|Triple Axel|p2a: Aggron James\n|-activate|p2a: Aggron James|move: Protect\n|move|p1b: Gallade|Sacred Sword|p2a: Aggron James\n|-activate|p2a: Aggron James|move: Protect\n|\n|-weather|Snowscape|[upkeep]\n|upkeep\n|turn|10\n|c|\u2606skywalkingchris|or last time it was 41%\n|\n|t:|1776274482\n|move|p1a: Weavile|Triple Axel|p2a: Aggron James|[miss]\n|-miss|p1a: Weavile|p2a: Aggron James\n|move|p1b: Gallade|Sacred Sword|p2a: Aggron James\n|-supereffective|p2a: Aggron James|1\n|-crit|p2a: Aggron James\n|-damage|p2a: Aggron James|0 fnt\n|faint|p2a: Aggron James\n|\n|win|skywalkingchris\n|raw|skywalkingchris's rating: 1092 &rarr; <strong>1126</strong><br />(+34 for winning)\n|raw|meyownaze2's rating: 1197 &rarr; <strong>1165</strong><br />(-32 for losing)\n|c|\u2606meyownaze2|40\n|c|\u2606meyownaze2|Ggwp\n|c|\u2606skywalkingchris|sheesh you too! what a beast\n",
  "uploadtime": 1776274496,
  "views": 30,
  "formatid": "gen9championsvgc2026regma",
  "rating": 1126,
  "private": 0,
  "password": null
}