{
  "id": "gen9championsvgc2026regma-2583788025",
  "format": "[Gen 9 Champions] VGC 2026 Reg M-A",
  "players": [
    "Deuvesiete",
    "MefShowdown0"
  ],
  "log": "|j|\u2606Deuvesiete\n|j|\u2606MefShowdown0\n|t:|1776197736\n|gametype|doubles\n|player|p1|Deuvesiete|n|1156\n|player|p2|MefShowdown0|selene-masters2|1238\n|gen|9\n|tier|[Gen 9 Champions] VGC 2026 Reg M-A\n|rated|\n|rule|Species Clause: Limit one of each Pok\u00e9mon\n|rule|Item Clause: Limit 1 of each item\n|clearpoke\n|poke|p1|Incineroar, L50, M|\n|poke|p1|Tyranitar, L50, M|\n|poke|p1|Rotom-Wash, L50|\n|poke|p1|Venusaur, L50, M|\n|poke|p1|Corviknight, L50, F|\n|poke|p1|Sneasler, L50, M|\n|poke|p2|Floette-Eternal, L50, F|\n|poke|p2|Aerodactyl, L50, F|\n|poke|p2|Sneasler, L50, F|\n|poke|p2|Garchomp, L50, F|\n|poke|p2|Incineroar, L50, M|\n|poke|p2|Sinistcha, L50|\n|teampreview|4\n|\n|t:|1776197799\n|teamsize|p1|4\n|teamsize|p2|4\n|start\n|switch|p1a: Sneasler|Sneasler, L50, M|100/100\n|switch|p1b: Corviknight|Corviknight, L50, F|100/100\n|switch|p2a: Aerodactyl|Aerodactyl, L50, F|100/100\n|switch|p2b: Garchomp|Garchomp, L50, F|100/100\n|-ability|p2a: Aerodactyl|Unnerve\n|turn|1\n|\n|t:|1776197845\n|move|p2b: Garchomp|Stomping Tantrum|p1a: Sneasler\n|-supereffective|p1a: Sneasler|1\n|-damage|p1a: Sneasler|0 fnt\n|faint|p1a: Sneasler\n|move|p2a: Aerodactyl|Tailwind|p2a: Aerodactyl\n|-sidestart|p2: MefShowdown0|move: Tailwind\n|move|p1b: Corviknight|Tailwind|p1b: Corviknight\n|-sidestart|p1: Deuvesiete|move: Tailwind\n|\n|upkeep\n|\n|t:|1776197853\n|switch|p1a: Rotom|Rotom-Wash, L50|100/100\n|turn|2\n|\n|t:|1776197872\n|switch|p2b: Incineroar|Incineroar, L50, M|100/100\n|-ability|p2b: Incineroar|Intimidate|boost\n|-unboost|p1a: Rotom|atk|1\n|-ability|p1b: Corviknight|Mirror Armor\n|-unboost|p2b: Incineroar|atk|1\n|move|p2a: Aerodactyl|Protect|p2a: Aerodactyl\n|-singleturn|p2a: Aerodactyl|Protect\n|move|p1a: Rotom|Will-O-Wisp|p2b: Incineroar\n|-immune|p2b: Incineroar\n|move|p1b: Corviknight|Brave Bird|p2a: Aerodactyl\n|-activate|p2a: Aerodactyl|move: Protect\n|\n|upkeep\n|turn|3\n|\n|t:|1776197911\n|switch|p1a: Venusaur|Venusaur, L50, M|100/100\n|move|p2a: Aerodactyl|Rock Slide|p1a: Venusaur|[spread] p1b\n|-miss|p2a: Aerodactyl|p1a: Venusaur\n|-damage|p1b: Corviknight|81/100\n|cant|p1b: Corviknight|flinch\n|move|p2b: Incineroar|Flare Blitz|p1b: Corviknight\n|-supereffective|p1b: Corviknight|1\n|-damage|p1b: Corviknight|34/100\n|-damage|p2b: Incineroar|85/100|[from] Recoil\n|\n|upkeep\n|turn|4\n|\n|t:|1776197938\n|detailschange|p1a: Venusaur|Venusaur-Mega, L50, M\n|-mega|p1a: Venusaur|Venusaur|Venusaurite\n|move|p2a: Aerodactyl|Rock Slide|p1a: Venusaur|[spread] p1a\n|-miss|p2a: Aerodactyl|p1b: Corviknight\n|-damage|p1a: Venusaur|86/100\n|move|p1a: Venusaur|Leech Seed|p2b: Incineroar\n|-start|p2b: Incineroar|move: Leech Seed\n|move|p1b: Corviknight|Roost|p1b: Corviknight\n|-heal|p1b: Corviknight|84/100\n|-singleturn|p1b: Corviknight|move: Roost\n|move|p2b: Incineroar|Flare Blitz|p1b: Corviknight\n|-supereffective|p1b: Corviknight|1\n|-damage|p1b: Corviknight|34/100\n|-damage|p2b: Incineroar|68/100|[from] Recoil\n|\n|-damage|p2b: Incineroar|55/100|[from] Leech Seed|[of] p1a: Venusaur\n|-heal|p1a: Venusaur|99/100|[silent]\n|-sideend|p1: Deuvesiete|move: Tailwind\n|-sideend|p2: MefShowdown0|move: Tailwind\n|upkeep\n|turn|5\n|\n|t:|1776197982\n|switch|p2b: Garchomp|Garchomp, L50, F|100/100\n|move|p2a: Aerodactyl|Dual Wingbeat|p1a: Venusaur\n|-supereffective|p1a: Venusaur|1\n|-damage|p1a: Venusaur|73/100\n|-supereffective|p1a: Venusaur|1\n|-damage|p1a: Venusaur|51/100\n|-hitcount|p1a: Venusaur|2\n|move|p1a: Venusaur|Sludge Bomb|p2b: Garchomp\n|-resisted|p2b: Garchomp|1\n|-damage|p2b: Garchomp|83/100\n|move|p1b: Corviknight|Roost|p1b: Corviknight\n|-heal|p1b: Corviknight|84/100\n|-singleturn|p1b: Corviknight|move: Roost\n|\n|upkeep\n|turn|6\n|\n|t:|1776198006\n|move|p1a: Venusaur|Protect|p1a: Venusaur\n|-singleturn|p1a: Venusaur|Protect\n|move|p2b: Garchomp|Rock Slide|p1a: Venusaur|[spread] p1b\n|-activate|p1a: Venusaur|move: Protect\n|-damage|p1b: Corviknight|69/100\n|move|p2a: Aerodactyl|Dual Wingbeat|p1a: Venusaur\n|-activate|p1a: Venusaur|move: Protect\n|move|p1b: Corviknight|Body Press|p2a: Aerodactyl\n|-damage|p2a: Aerodactyl|62/100\n|\n|upkeep\n|turn|7\n|\n|t:|1776198026\n|switch|p1a: Rotom|Rotom-Wash, L50|100/100\n|move|p2b: Garchomp|Rock Slide|p1a: Rotom|[spread] p1a,p1b\n|-damage|p1a: Rotom|80/100\n|-damage|p1b: Corviknight|54/100\n|move|p2a: Aerodactyl|Dual Wingbeat|p1a: Rotom\n|-resisted|p1a: Rotom|1\n|-damage|p1a: Rotom|72/100\n|-resisted|p1a: Rotom|1\n|-damage|p1a: Rotom|64/100\n|-hitcount|p1a: Rotom|2\n|move|p1b: Corviknight|Body Press|p2a: Aerodactyl\n|-damage|p2a: Aerodactyl|24/100\n|\n|-heal|p1a: Rotom|70/100|[from] item: Leftovers\n|upkeep\n|turn|8\n|\n|t:|1776198051\n|move|p2b: Garchomp|Rock Slide|p1a: Rotom|[spread] p1a,p1b\n|-damage|p1a: Rotom|52/100\n|-damage|p1b: Corviknight|38/100\n|move|p2a: Aerodactyl|Rock Slide|p1a: Rotom|[spread] p1a,p1b\n|-damage|p1a: Rotom|27/100\n|-damage|p1b: Corviknight|21/100\n|move|p1a: Rotom|Hydro Pump|p2a: Aerodactyl|[miss]\n|-miss|p1a: Rotom|p2a: Aerodactyl\n|cant|p1b: Corviknight|flinch\n|\n|-heal|p1a: Rotom|33/100|[from] item: Leftovers\n|upkeep\n|turn|9\n|c|\u2606MefShowdown0|High IQ gaming right here\n|\n|t:|1776198071\n|switch|p1b: Venusaur|Venusaur-Mega, L50, M|51/100\n|move|p2b: Garchomp|Rock Slide|p1a: Rotom|[spread] p1a,p1b\n|-damage|p1a: Rotom|16/100\n|-damage|p1b: Venusaur|37/100\n|move|p2a: Aerodactyl|Rock Slide|p1b: Venusaur|[spread] p1a,p1b\n|-crit|p1b: Venusaur\n|-damage|p1a: Rotom|0 fnt\n|-damage|p1b: Venusaur|11/100\n|faint|p1a: Rotom\n|\n|upkeep\n|\n|t:|1776198083\n|switch|p1a: Corviknight|Corviknight, L50, F|21/100\n|turn|10\n|c|\u2606MefShowdown0|Bet you have NO IDEA what I'm about to click\n|\n|t:|1776198101\n|move|p1b: Venusaur|Protect|p1b: Venusaur\n|-singleturn|p1b: Venusaur|Protect\n|move|p2b: Garchomp|Rock Slide|p1b: Venusaur|[spread] p1a\n|-activate|p1b: Venusaur|move: Protect\n|-damage|p1a: Corviknight|5/100\n|move|p2a: Aerodactyl|Rock Slide|p1a: Corviknight|[spread] \n|-activate|p1b: Venusaur|move: Protect\n|-miss|p2a: Aerodactyl|p1a: Corviknight\n|move|p1a: Corviknight|Roost|p1a: Corviknight\n|-heal|p1a: Corviknight|55/100\n|-singleturn|p1a: Corviknight|move: Roost\n|\n|upkeep\n|turn|11\n|\n|t:|1776198121\n|move|p1b: Venusaur|Protect||[still]\n|-fail|p1b: Venusaur\n|move|p2b: Garchomp|Rock Slide|p1a: Corviknight|[spread] p1a,p1b\n|-damage|p1a: Corviknight|40/100\n|-damage|p1b: Venusaur|0 fnt\n|faint|p1b: Venusaur\n|move|p2a: Aerodactyl|Rock Slide|p1a: Corviknight\n|-crit|p1a: Corviknight\n|-damage|p1a: Corviknight|0 fnt\n|faint|p1a: Corviknight\n|\n|win|MefShowdown0\n|raw|Deuvesiete's rating: 1156 &rarr; <strong>1137</strong><br />(-19 for losing)\n|raw|MefShowdown0's rating: 1238 &rarr; <strong>1257</strong><br />(+19 for winning)\n",
  "uploadtime": 1776198121,
  "views": 17,
  "formatid": "gen9championsvgc2026regma",
  "rating": 1137,
  "private": 0,
  "password": null
}