{
  "id": "gen9championsvgc2026regma-2584540181",
  "format": "[Gen 9 Champions] VGC 2026 Reg M-A",
  "players": [
    "wholesale lumber",
    "puukeko"
  ],
  "log": "|j|\u2606wholesale lumber\n|j|\u2606puukeko\n|t:|1776267515\n|gametype|doubles\n|player|p1|wholesale lumber|101|1141\n|player|p2|puukeko|emmet|1112\n|gen|9\n|tier|[Gen 9 Champions] VGC 2026 Reg M-A\n|rated|\n|rule|Species Clause: Limit one of each Pok\u00e9mon\n|rule|Item Clause: Limit 1 of each item\n|clearpoke\n|poke|p1|Glimmora, L50, F|\n|poke|p1|Orthworm, L50, F|\n|poke|p1|Sinistcha, L50|\n|poke|p1|Froslass, L50, F|\n|poke|p1|Araquanid, L50, M|\n|poke|p1|Incineroar, L50, F|\n|poke|p2|Feraligatr, L50, M|\n|poke|p2|Sinistcha, L50|\n|poke|p2|Incineroar, L50, F|\n|poke|p2|Sneasler, L50, M|\n|poke|p2|Ninetales-Alola, L50, F|\n|poke|p2|Garchomp, L50, M|\n|teampreview|4\n|\n|t:|1776267563\n|teamsize|p1|4\n|teamsize|p2|4\n|start\n|switch|p1a: Orthworm|Orthworm, L50, F|100/100\n|switch|p1b: Araquanid|Araquanid, L50, M|100/100\n|switch|p2a: Ninetales|Ninetales-Alola, L50, F|100/100\n|switch|p2b: Incineroar|Incineroar, L50, F|100/100\n|-weather|Snowscape|[from] ability: Snow Warning|[of] p2a: Ninetales\n|-ability|p2b: Incineroar|Intimidate|boost\n|-unboost|p1a: Orthworm|atk|1\n|-unboost|p1b: Araquanid|atk|1\n|turn|1\n|\n|t:|1776267604\n|move|p2b: Incineroar|Fake Out|p1a: Orthworm\n|-resisted|p1a: Orthworm|1\n|-damage|p1a: Orthworm|96/100\n|move|p2a: Ninetales|Aurora Veil|p2a: Ninetales\n|-sidestart|p2: puukeko|move: Aurora Veil\n|cant|p1a: Orthworm|flinch\n|move|p1b: Araquanid|Liquidation|p2b: Incineroar\n|-supereffective|p2b: Incineroar|1\n|-damage|p2b: Incineroar|30/100\n|\n|-weather|Snowscape|[upkeep]\n|-heal|p2b: Incineroar|36/100|[from] item: Leftovers\n|upkeep\n|turn|2\n|\n|t:|1776267648\n|move|p1a: Orthworm|Protect|p1a: Orthworm\n|-singleturn|p1a: Orthworm|Protect\n|move|p2a: Ninetales|Icy Wind|p1a: Orthworm|[spread] p1b\n|-activate|p1a: Orthworm|move: Protect\n|-resisted|p1b: Araquanid|1\n|-damage|p1b: Araquanid|95/100\n|-unboost|p1b: Araquanid|spe|1\n|move|p2b: Incineroar|Parting Shot|p1a: Orthworm\n|-activate|p1a: Orthworm|move: Protect\n|move|p1b: Araquanid|Liquidation|p2b: Incineroar\n|-supereffective|p2b: Incineroar|1\n|-crit|p2b: Incineroar\n|-damage|p2b: Incineroar|0 fnt\n|faint|p2b: Incineroar\n|\n|-weather|Snowscape|[upkeep]\n|-heal|p1b: Araquanid|100/100|[from] item: Leftovers\n|upkeep\n|\n|t:|1776267655\n|switch|p2b: Garchomp|Garchomp, L50, M|100/100\n|turn|3\n|\n|t:|1776267681\n|move|p1b: Araquanid|Wide Guard|p1b: Araquanid\n|-singleturn|p1b: Araquanid|Wide Guard\n|move|p2b: Garchomp|Rock Slide|p1b: Araquanid|[spread] \n|-activate|p1a: Orthworm|move: Wide Guard\n|-activate|p1b: Araquanid|move: Wide Guard\n|move|p2a: Ninetales|Blizzard|p1a: Orthworm|[spread] \n|-activate|p1a: Orthworm|move: Wide Guard\n|-activate|p1b: Araquanid|move: Wide Guard\n|move|p1a: Orthworm|Shed Tail|p1a: Orthworm\n|-start|p1a: Orthworm|Substitute|[from] move: Shed Tail\n|-damage|p1a: Orthworm|46/100\n|-enditem|p1a: Orthworm|Sitrus Berry|[eat]\n|-heal|p1a: Orthworm|71/100|[from] item: Sitrus Berry\n|\n|t:|1776267700\n|switch|p1a: Froslass|Froslass, L50, F|100/100|[from] Shed Tail\n|\n|-weather|Snowscape|[upkeep]\n|upkeep\n|turn|4\n|\n|t:|1776267717\n|move|p1b: Araquanid|Wide Guard|p1b: Araquanid\n|-singleturn|p1b: Araquanid|Wide Guard\n|move|p2b: Garchomp|Rock Slide|p1a: Froslass|[spread] \n|-activate|p1a: Froslass|move: Wide Guard\n|-activate|p1b: Araquanid|move: Wide Guard\n|move|p1a: Froslass|Blizzard|p2b: Garchomp|[spread] p2a,p2b\n|-resisted|p2a: Ninetales|1\n|-supereffective|p2b: Garchomp|2\n|-damage|p2a: Ninetales|90/100\n|-damage|p2b: Garchomp|31/100\n|move|p2a: Ninetales|Moonblast|p1b: Araquanid\n|-crit|p1b: Araquanid\n|-damage|p1b: Araquanid|59/100\n|\n|-weather|Snowscape|[upkeep]\n|-heal|p1b: Araquanid|65/100|[from] item: Leftovers\n|upkeep\n|turn|5\n|\n|t:|1776267734\n|move|p1b: Araquanid|Wide Guard|p1b: Araquanid\n|-singleturn|p1b: Araquanid|Wide Guard\n|move|p2b: Garchomp|Rock Slide|p1b: Araquanid|[spread] \n|-activate|p1a: Froslass|move: Wide Guard\n|-activate|p1b: Araquanid|move: Wide Guard\n|move|p1a: Froslass|Aurora Veil|p1a: Froslass\n|-sidestart|p1: wholesale lumber|move: Aurora Veil\n|move|p2a: Ninetales|Moonblast|p1a: Froslass\n|-end|p1a: Froslass|Substitute\n|\n|-weather|none\n|-heal|p1b: Araquanid|71/100|[from] item: Leftovers\n|-sideend|p2: puukeko|move: Aurora Veil\n|upkeep\n|turn|6\n|\n|t:|1776267757\n|switch|p2b: Sneasler|Sneasler, L50, M|100/100\n|detailschange|p1a: Froslass|Froslass-Mega, L50, F\n|-mega|p1a: Froslass|Froslass|Froslassite\n|-weather|Snowscape|[from] ability: Snow Warning|[of] p1a: Froslass\n|move|p1a: Froslass|Blizzard|p2b: Sneasler|[spread] p2a,p2b\n|-resisted|p2a: Ninetales|1\n|-damage|p2a: Ninetales|68/100\n|-damage|p2b: Sneasler|34/100\n|move|p2a: Ninetales|Moonblast|p1b: Araquanid\n|-damage|p1b: Araquanid|52/100\n|move|p1b: Araquanid|Liquidation|p2a: Ninetales\n|-damage|p2a: Ninetales|34/100\n|\n|-weather|Snowscape|[upkeep]\n|-heal|p1b: Araquanid|58/100|[from] item: Leftovers\n|upkeep\n|turn|7\n|\n|t:|1776267789\n|move|p2b: Sneasler|Protect|p2b: Sneasler\n|-singleturn|p2b: Sneasler|Protect\n|move|p1a: Froslass|Blizzard|p2b: Sneasler|[spread] p2a\n|-activate|p2b: Sneasler|move: Protect\n|-resisted|p2a: Ninetales|1\n|-damage|p2a: Ninetales|11/100\n|move|p2a: Ninetales|Moonblast|p1b: Araquanid\n|-damage|p1b: Araquanid|40/100\n|-unboost|p1b: Araquanid|spa|1\n|move|p1b: Araquanid|Liquidation|p2b: Sneasler\n|-activate|p2b: Sneasler|move: Protect\n|\n|-weather|Snowscape|[upkeep]\n|-heal|p1b: Araquanid|46/100|[from] item: Leftovers\n|upkeep\n|turn|8\n|\n|t:|1776267810\n|switch|p1b: Orthworm|Orthworm, L50, F|71/100\n|move|p1a: Froslass|Blizzard|p2a: Ninetales|[spread] p2a,p2b\n|-resisted|p2a: Ninetales|1\n|-damage|p2a: Ninetales|0 fnt\n|-damage|p2b: Sneasler|0 fnt\n|faint|p2a: Ninetales\n|faint|p2b: Sneasler\n|\n|-weather|Snowscape|[upkeep]\n|upkeep\n|\n|t:|1776267818\n|switch|p2b: Garchomp|Garchomp, L50, M|31/100\n|turn|9\n|-message|puukeko forfeited.\n|\n|win|wholesale lumber\n|raw|wholesale lumber's rating: 1141 &rarr; <strong>1164</strong><br />(+23 for winning)\n|raw|puukeko's rating: 1112 &rarr; <strong>1089</strong><br />(-23 for losing)\n|l|\u2606puukeko\n|player|p2|\n",
  "uploadtime": 1776267826,
  "views": 19,
  "formatid": "gen9championsvgc2026regma",
  "rating": 1089,
  "private": 0,
  "password": null
}