{
  "id": "gen9championsvgc2026regma-2580407742",
  "format": "[Gen 9 Champions] VGC 2026 Reg M-A",
  "players": [
    "radstads",
    "Noobilio"
  ],
  "log": "|j|\u2606radstads\n|j|\u2606Noobilio\n|t:|1775891889\n|gametype|doubles\n|player|p1|radstads|101|1020\n|player|p2|Noobilio|nurse|1080\n|gen|9\n|tier|[Gen 9 Champions] VGC 2026 Reg M-A\n|rated|\n|rule|Species Clause: Limit one of each Pok\u00e9mon\n|rule|Item Clause: Limit 1 of each item\n|clearpoke\n|poke|p1|Manectric, L50, F|\n|poke|p1|Raichu, L50, M|\n|poke|p1|Pelipper, L50, F|\n|poke|p1|Archaludon, L50, M|\n|poke|p1|Meganium, L50, F|\n|poke|p1|Basculegion, L50, M|\n|poke|p2|Hawlucha, L50, F|\n|poke|p2|Floette-Eternal, L50, F|\n|poke|p2|Incineroar, L50, M|\n|poke|p2|Sinistcha, L50|\n|poke|p2|Snorlax, L50, F|\n|poke|p2|Rotom-Wash, L50|\n|teampreview|4\nradstads rejected open team sheets.\n|\n|t:|1775891916\n|teamsize|p1|4\n|teamsize|p2|4\n|start\n|switch|p1a: Manectric|Manectric, L50, F|100/100\n|switch|p1b: Raichu|Raichu, L50, M|100/100\n|switch|p2a: Hawlucha|Hawlucha, L50, F, shiny|100/100\n|switch|p2b: Snorlax|Snorlax, L50, F|100/100\n|turn|1\n|\n|t:|1775891939\n|detailschange|p2a: Hawlucha|Hawlucha-Mega, L50, F, shiny\n|-mega|p2a: Hawlucha|Hawlucha|Hawluchanite\n|move|p1b: Raichu|Fake Out|p2a: Hawlucha\n|-damage|p2a: Hawlucha|92/100\n|cant|p2a: Hawlucha|flinch\n|move|p1a: Manectric|Discharge|p2b: Snorlax|[spread] p2a,p2b\n|-ability|p1b: Raichu|Lightning Rod|boost\n|-boost|p1b: Raichu|spa|1\n|-supereffective|p2a: Hawlucha|1\n|-damage|p2a: Hawlucha|37/100\n|-damage|p2b: Snorlax|83/100\n|-status|p2b: Snorlax|par\n|move|p2b: Snorlax|Fissure|p1a: Manectric|[miss]\n|-miss|p2b: Snorlax|p1a: Manectric\n|\n|-heal|p2b: Snorlax|89/100 par|[from] item: Leftovers\n|upkeep\n|turn|2\n|\n|t:|1775891959\n|move|p2a: Hawlucha|Entrainment|p2b: Snorlax\n|-ability|p2b: Snorlax|No Guard|Thick Fat|[from] move: Entrainment|[of] p2a: Hawlucha\n|move|p1b: Raichu|Discharge|p2a: Hawlucha|[spread] p2a,p2b\n|-ability|p1a: Manectric|Lightning Rod|boost\n|-boost|p1a: Manectric|spa|1\n|-supereffective|p2a: Hawlucha|1\n|-damage|p2a: Hawlucha|0 fnt\n|-damage|p2b: Snorlax|61/100 par\n|faint|p2a: Hawlucha\n|move|p1a: Manectric|Discharge|p2b: Snorlax|[spread] p2b\n|-ability|p1b: Raichu|Lightning Rod|boost\n|-boost|p1b: Raichu|spa|1\n|-damage|p2b: Snorlax|33/100 par\n|move|p2b: Snorlax|Fissure|p1b: Raichu\n|-damage|p1b: Raichu|0 fnt\n|faint|p1b: Raichu\n|-ohko\n|\n|-heal|p2b: Snorlax|39/100 par|[from] item: Leftovers\n|upkeep\n|\n|t:|1775891979\n|switch|p2a: Incineroar|Incineroar, L50, M|100/100\n|switch|p1b: Pelipper|Pelipper, L50, F|100/100\n|-weather|RainDance|[from] ability: Drizzle|[of] p1b: Pelipper\n|-ability|p2a: Incineroar|Intimidate|boost\n|-unboost|p1a: Manectric|atk|1\n|-unboost|p1b: Pelipper|atk|1\n|turn|3\n|\n|t:|1775891987\n|switch|p2a: Sinistcha|Sinistcha, L50|100/100\n|-heal|p2b: Snorlax|64/100 par|[from] ability: Hospitality|[of] p2a: Sinistcha\n|move|p1a: Manectric|Protect|p1a: Manectric\n|-singleturn|p1a: Manectric|Protect\n|move|p1b: Pelipper|Surf|p2b: Snorlax|[spread] p2a,p2b\n|-activate|p1a: Manectric|move: Protect\n|-resisted|p2a: Sinistcha|1\n|-damage|p2a: Sinistcha|81/100\n|-damage|p2b: Snorlax|35/100 par\n|move|p2b: Snorlax|Fissure|p1a: Manectric\n|-activate|p1a: Manectric|move: Protect\n|\n|-weather|RainDance|[upkeep]\n|-heal|p2b: Snorlax|41/100 par|[from] item: Leftovers\n|upkeep\n|turn|4\n|\n|t:|1775892019\n|move|p2b: Snorlax|Protect|p2b: Snorlax\n|-singleturn|p2b: Snorlax|Protect\n|move|p1a: Manectric|Hyper Voice|p2a: Sinistcha|[spread] \n|-activate|p2b: Snorlax|move: Protect\n|-immune|p2a: Sinistcha\n|move|p1b: Pelipper|Hurricane|p2b: Snorlax\n|-activate|p2b: Snorlax|move: Protect\n|move|p2a: Sinistcha|Trick Room|p2a: Sinistcha\n|-fieldstart|move: Trick Room|[of] p2a: Sinistcha\n|\n|-weather|RainDance|[upkeep]\n|-heal|p2b: Snorlax|47/100 par|[from] item: Leftovers\n|upkeep\n|turn|5\n|\n|t:|1775892039\n|switch|p2a: Incineroar|Incineroar, L50, M|100/100\n|-ability|p2a: Incineroar|Intimidate|boost\n|-unboost|p1a: Manectric|atk|1\n|-unboost|p1b: Pelipper|atk|1\n|move|p1a: Manectric|Protect|p1a: Manectric\n|-singleturn|p1a: Manectric|Protect\n|move|p2b: Snorlax|Fissure|p1a: Manectric\n|-activate|p1a: Manectric|move: Protect\n|move|p1b: Pelipper|Hurricane|p2b: Snorlax\n|-damage|p2b: Snorlax|18/100 par\n|\n|-weather|RainDance|[upkeep]\n|-heal|p2b: Snorlax|24/100 par|[from] item: Leftovers\n|upkeep\n|turn|6\n|\n|t:|1775892057\n|move|p1a: Manectric|Protect|p1a: Manectric\n|-singleturn|p1a: Manectric|Protect\n|move|p2a: Incineroar|Fake Out|p1b: Pelipper\n|-damage|p1b: Pelipper|86/100\n|move|p2b: Snorlax|Fissure|p1a: Manectric\n|-activate|p1a: Manectric|move: Protect\n|cant|p1b: Pelipper|flinch\n|\n|-weather|RainDance|[upkeep]\n|-heal|p2b: Snorlax|30/100 par|[from] item: Leftovers\n|upkeep\n|turn|7\n|c|\u2606radstads|do you think it lands one more time\n|\n|t:|1775892076\n|switch|p2a: Sinistcha|Sinistcha, L50|81/100\n|-heal|p2b: Snorlax|55/100 par|[from] ability: Hospitality|[of] p2a: Sinistcha\n|move|p1a: Manectric|Protect||[still]\n|-fail|p1a: Manectric\n|move|p2b: Snorlax|Fissure|p1a: Manectric\n|-damage|p1a: Manectric|0 fnt\n|faint|p1a: Manectric\n|-ohko\n|move|p1b: Pelipper|Surf|p2a: Sinistcha|[spread] p2a,p2b\n|-resisted|p2a: Sinistcha|1\n|-damage|p2a: Sinistcha|62/100\n|-damage|p2b: Snorlax|28/100 par\n|\n|-weather|none\n|-heal|p2b: Snorlax|34/100 par|[from] item: Leftovers\n|upkeep\n|c|\u2606Noobilio|bro im no guard\n|c|\u2606radstads|i meant protect\n|c|\u2606Noobilio|ahh\n|c|\u2606radstads|brother I know your strategy LMFAO\n|c|\u2606radstads|we're both doing dumb shit it's okay\n|\n|t:|1775892100\n|switch|p1a: Archaludon|Archaludon, L50, M|100/100\n|turn|8\n|\n|t:|1775892120\n|switch|p2a: Incineroar|Incineroar, L50, M|100/100\n|-ability|p2a: Incineroar|Intimidate|boost\n|-unboost|p1a: Archaludon|atk|1\n|-unboost|p1b: Pelipper|atk|1\n|move|p1a: Archaludon|Protect|p1a: Archaludon\n|-singleturn|p1a: Archaludon|Protect\n|move|p2b: Snorlax|Body Slam|p1b: Pelipper\n|-damage|p1b: Pelipper|46/100\n|move|p1b: Pelipper|Hurricane|p2a: Incineroar|[miss]\n|-miss|p1b: Pelipper|p2a: Incineroar\n|\n|-heal|p2b: Snorlax|40/100 par|[from] item: Leftovers\n|-fieldend|move: Trick Room\n|upkeep\n|turn|9\n|c|\u2606radstads|??? does no guard make it so I can miss you LMFAO\n|c|\u2606radstads|my ass did not click incin\n|\n|t:|1775892164\n|switch|p2a: Sinistcha|Sinistcha, L50|62/100\n|-heal|p2b: Snorlax|65/100 par|[from] ability: Hospitality|[of] p2a: Sinistcha\n|move|p1b: Pelipper|Surf|p2a: Sinistcha|[spread] p1a,p2a,p2b\n|-resisted|p1a: Archaludon|1\n|-resisted|p2a: Sinistcha|1\n|-damage|p1a: Archaludon|79/100\n|-damage|p2a: Sinistcha|48/100\n|-damage|p2b: Snorlax|47/100 par\n|-ability|p1a: Archaludon|Stamina|boost\n|-boost|p1a: Archaludon|def|1\n|-enditem|p2a: Sinistcha|Sitrus Berry|[eat]\n|-heal|p2a: Sinistcha|73/100|[from] item: Sitrus Berry\n|move|p1a: Archaludon|Aura Sphere|p2b: Snorlax\n|-supereffective|p2b: Snorlax|1\n|-damage|p2b: Snorlax|10/100 par\n|move|p2b: Snorlax|Fissure|p1a: Archaludon\n|-damage|p1a: Archaludon|0 fnt\n|faint|p1a: Archaludon\n|-ohko\n|\n|-heal|p2b: Snorlax|16/100 par|[from] item: Leftovers\n|upkeep\n|turn|10\n|c|\u2606Noobilio|uhh prob misclick\n|\n|t:|1775892185\n|move|p1b: Pelipper|Surf|p2a: Sinistcha|[spread] p2a,p2b\n|-resisted|p2a: Sinistcha|1\n|-damage|p2a: Sinistcha|59/100\n|-damage|p2b: Snorlax|0 fnt\n|faint|p2b: Snorlax\n|move|p2a: Sinistcha|Shadow Ball|p1b: Pelipper\n|-crit|p1b: Pelipper\n|-damage|p1b: Pelipper|0 fnt\n|faint|p1b: Pelipper\n|\n|win|Noobilio\n|raw|radstads's rating: 1020 &rarr; <strong>1009</strong><br />(-11 for losing)\n|raw|Noobilio's rating: 1080 &rarr; <strong>1103</strong><br />(+23 for winning)\n|c|\u2606radstads|would've been a real difference maker...\n|l|\u2606radstads\n|player|p1|\n",
  "uploadtime": 1775892206,
  "views": 33,
  "formatid": "gen9championsvgc2026regma",
  "rating": 1009,
  "private": 0,
  "password": null
}