{
  "id": "gen9championsvgc2026regma-2583464121",
  "format": "[Gen 9 Champions] VGC 2026 Reg M-A",
  "players": [
    "miloshki11ee",
    "artturzini"
  ],
  "log": "|j|\u2606miloshki11ee\n|j|\u2606artturzini\n|t:|1776177324\n|gametype|doubles\n|player|p1|miloshki11ee|cyclist-gen4|1000\n|player|p2|artturzini|n|1000\n|gen|9\n|tier|[Gen 9 Champions] VGC 2026 Reg M-A\n|rated|\n|rule|Species Clause: Limit one of each Pok\u00e9mon\n|rule|Item Clause: Limit 1 of each item\n|clearpoke\n|poke|p1|Scizor, L50, M|\n|poke|p1|Ditto, L50|\n|poke|p1|Slowking, L50, M|\n|poke|p1|Crabominable, L50, M|\n|poke|p1|Incineroar, L50, F|\n|poke|p1|Aegislash, L50, M|\n|poke|p2|Spiritomb, L50, F|\n|poke|p2|Froslass, L50, F|\n|poke|p2|Glaceon, L50, F|\n|poke|p2|Aerodactyl, L50, F|\n|poke|p2|Milotic, L50, F|\n|poke|p2|Garchomp, L50, F|\n|teampreview|4\nmiloshki11ee has agreed to open team sheets.\n|inactive|Battle timer is ON: inactive players will automatically lose when time's up. (requested by artturzini)\n|\n|t:|1776177365\n|teamsize|p1|4\n|teamsize|p2|4\n|start\n|switch|p1a: Slowking|Slowking, L50, M|100/100\n|switch|p1b: Incineroar|Incineroar, L50, F|100/100\n|switch|p2a: Spiritomb|Spiritomb, L50, F|100/100\n|switch|p2b: Milotic|Milotic, L50, F|100/100\n|-ability|p1b: Incineroar|Intimidate|boost\n|-unboost|p2a: Spiritomb|atk|1\n|-unboost|p2b: Milotic|atk|1\n|-ability|p2b: Milotic|Competitive|boost\n|-boost|p2b: Milotic|spa|2\n|turn|1\n|\n|t:|1776177390\n|move|p1b: Incineroar|Fake Out|p2b: Milotic\n|-damage|p2b: Milotic|82/100\n|cant|p2b: Milotic|flinch\n|move|p2a: Spiritomb|Rock Tomb|p1b: Incineroar\n|-supereffective|p1b: Incineroar|1\n|-damage|p1b: Incineroar|78/100\n|-unboost|p1b: Incineroar|spe|1\n|move|p1a: Slowking|Trick Room|p1a: Slowking\n|-fieldstart|move: Trick Room|[of] p1a: Slowking\n|\n|upkeep\n|turn|2\n|inactive|artturzini has 30 seconds left.\n|inactive|artturzini has 20 seconds left.\n|inactive|artturzini has 15 seconds left.\n|inactive|artturzini has 10 seconds left.\n|\n|t:|1776177436\n|-prepare|p1a: Slowking|Chilly Reception|[premajor]\n|move|p1a: Slowking|Chilly Reception|p1a: Slowking\n|-weather|Snowscape\n|\n|t:|1776177442\n|switch|p1a: Crabominable|Crabominable, L50, M|100/100|[from] Chilly Reception\n|move|p1b: Incineroar|Darkest Lariat|p2a: Spiritomb\n|-damage|p2a: Spiritomb|51/100\n|move|p2a: Spiritomb|Curse|p1a: Crabominable\n|-start|p1a: Crabominable|Curse|[of] p2a: Spiritomb\n|-damage|p2a: Spiritomb|1/100\n|move|p2b: Milotic|Recover|p2b: Milotic\n|-heal|p2b: Milotic|100/100\n|\n|-weather|Snowscape|[upkeep]\n|-heal|p2a: Spiritomb|7/100|[from] item: Leftovers\n|-damage|p1a: Crabominable|75/100|[from] Curse\n|upkeep\n|turn|3\n|inactive|miloshki11ee has 30 seconds left.\n|inactive|artturzini has 30 seconds left.\n|inactive|miloshki11ee has 20 seconds left.\n|inactive|miloshki11ee has 15 seconds left.\n|\n|t:|1776177483\n|detailschange|p1a: Crabominable|Crabominable-Mega, L50, M\n|-mega|p1a: Crabominable|Crabominable|Crabominite\n|move|p2a: Spiritomb|Shadow Sneak|p1a: Crabominable\n|-damage|p1a: Crabominable|69/100\n|move|p1a: Crabominable|Drain Punch|p2b: Milotic\n|-damage|p2b: Milotic|38/100\n|-heal|p1a: Crabominable|99/100|[from] drain|[of] p2b: Milotic\n|move|p1b: Incineroar|Darkest Lariat|p2a: Spiritomb\n|-damage|p2a: Spiritomb|0 fnt\n|faint|p2a: Spiritomb\n|move|p2b: Milotic|Draining Kiss|p1b: Incineroar\n|-damage|p1b: Incineroar|50/100\n|-heal|p2b: Milotic|63/100|[from] drain|[of] p1b: Incineroar\n|-enditem|p1b: Incineroar|Sitrus Berry|[eat]\n|-heal|p1b: Incineroar|74/100|[from] item: Sitrus Berry\n|\n|-weather|Snowscape|[upkeep]\n|-damage|p1a: Crabominable|75/100|[from] Curse\n|upkeep\n|inactive|artturzini has 30 seconds left.\n|\n|t:|1776177511\n|switch|p2a: Garchomp|Garchomp, L50, F|100/100\n|turn|4\n|\n|t:|1776177527\n|move|p2a: Garchomp|Protect|p2a: Garchomp\n|-singleturn|p2a: Garchomp|Protect\n|move|p1a: Crabominable|Ice Hammer|p2a: Garchomp\n|-activate|p2a: Garchomp|move: Protect\n|move|p1b: Incineroar|Darkest Lariat|p2b: Milotic\n|-damage|p2b: Milotic|6/100\n|move|p2b: Milotic|Surf|p1b: Incineroar|[spread] p1a,p1b\n|-activate|p2a: Garchomp|move: Protect\n|-supereffective|p1b: Incineroar|1\n|-damage|p1a: Crabominable|33/100\n|-damage|p1b: Incineroar|0 fnt\n|faint|p1b: Incineroar\n|\n|-weather|Snowscape|[upkeep]\n|-damage|p1a: Crabominable|8/100|[from] Curse\n|upkeep\n|\n|t:|1776177539\n|switch|p1b: The Backup|Ditto, L50, shiny|100/100\n|turn|5\n|\n|t:|1776177558\n|switch|p2a: Aerodactyl|Aerodactyl, L50, F|100/100\n|move|p1a: Crabominable|Ice Hammer|p2a: Aerodactyl\n|-supereffective|p2a: Aerodactyl|1\n|-damage|p2a: Aerodactyl|0 fnt\n|-unboost|p1a: Crabominable|spe|1\n|faint|p2a: Aerodactyl\n|move|p1b: The Backup|Transform|p1a: Crabominable\n|-transform|p1b: The Backup|p1a: Crabominable\n|move|p2b: Milotic|Recover|p2b: Milotic\n|-heal|p2b: Milotic|56/100\n|\n|-weather|Snowscape|[upkeep]\n|-damage|p1a: Crabominable|0 fnt|[from] Curse\n|faint|p1a: Crabominable\n|-fieldend|move: Trick Room\n|upkeep\n|\n|t:|1776177577\n|switch|p2a: Garchomp|Garchomp, L50, F|100/100\n|switch|p1a: Slowking|Slowking, L50, M|100/100\n|turn|6\n|\n|t:|1776177595\n|move|p2a: Garchomp|Rock Slide|p1b: The Backup|[spread] p1a,p1b\n|-damage|p1a: Slowking|75/100\n|-damage|p1b: The Backup|89/100\n|move|p2b: Milotic|Draining Kiss|p1b: The Backup\n|-supereffective|p1b: The Backup|1\n|-damage|p1b: The Backup|40/100\n|-heal|p2b: Milotic|89/100|[from] drain|[of] p1b: The Backup\n|move|p1b: The Backup|Ice Hammer|p2a: Garchomp\n|-supereffective|p2a: Garchomp|2\n|-enditem|p2a: Garchomp|Focus Sash\n|-damage|p2a: Garchomp|1/100\n|-unboost|p1b: The Backup|spe|1\n|-damage|p1b: The Backup|28/100|[from] ability: Rough Skin|[of] p2a: Garchomp\n|cant|p1a: Slowking|flinch\n|\n|-weather|none\n|-heal|p1b: The Backup|33/100|[from] item: Leftovers\n|upkeep\n|turn|7\n|\n|t:|1776177616\n|move|p2a: Garchomp|Protect|p2a: Garchomp\n|-singleturn|p2a: Garchomp|Protect\n|move|p2b: Milotic|Draining Kiss|p1b: The Backup\n|-supereffective|p1b: The Backup|1\n|-damage|p1b: The Backup|0 fnt\n|-heal|p2b: Milotic|100/100|[from] drain|[of] p1b: The Backup\n|faint|p1b: The Backup\n|move|p1a: Slowking|Trick Room|p1a: Slowking\n|-fieldstart|move: Trick Room|[of] p1a: Slowking\n|\n|upkeep\n|turn|8\n|\n|t:|1776177633\n|move|p1a: Slowking|Blizzard|p2a: Garchomp|[spread] p2a,p2b\n|-supereffective|p2a: Garchomp|2\n|-resisted|p2b: Milotic|1\n|-damage|p2a: Garchomp|0 fnt\n|-damage|p2b: Milotic|92/100\n|faint|p2a: Garchomp\n|move|p2b: Milotic|Draining Kiss|p1a: Slowking\n|-damage|p1a: Slowking|45/100\n|-heal|p2b: Milotic|100/100|[from] drain|[of] p1a: Slowking\n|\n|upkeep\n|turn|9\n|\n|t:|1776177644\n|move|p1a: Slowking|Psychic|p2b: Milotic\n|-damage|p2b: Milotic|72/100\n|move|p2b: Milotic|Draining Kiss|p1a: Slowking\n|-damage|p1a: Slowking|19/100\n|-heal|p2b: Milotic|92/100|[from] drain|[of] p1a: Slowking\n|\n|upkeep\n|turn|10\n|\n|t:|1776177653\n|move|p1a: Slowking|Psychic|p2b: Milotic\n|-damage|p2b: Milotic|66/100\n|-unboost|p2b: Milotic|spd|1\n|-ability|p2b: Milotic|Competitive|boost\n|-boost|p2b: Milotic|spa|2\n|move|p2b: Milotic|Draining Kiss|p1a: Slowking\n|-damage|p1a: Slowking|0 fnt\n|-heal|p2b: Milotic|79/100|[from] drain|[of] p1a: Slowking\n|faint|p1a: Slowking\n|\n|win|artturzini\n|raw|miloshki11ee's rating: 1000 &rarr; <strong>1000</strong><br />(+0 for losing)\n|raw|artturzini's rating: 1000 &rarr; <strong>1040</strong><br />(+40 for winning)\n",
  "uploadtime": 1776177668,
  "views": 16,
  "formatid": "gen9championsvgc2026regma",
  "rating": 1000,
  "private": 0,
  "password": null
}