{
  "id": "gen9championsvgc2026regma-2587863503",
  "format": "[Gen 9 Champions] VGC 2026 Reg M-A",
  "players": [
    "ryanline97",
    "Anicredible"
  ],
  "log": "|j|\u2606ryanline97\n|j|\u2606Anicredible\n|t:|1776571975\n|gametype|doubles\n|player|p1|ryanline97|sage|1173\n|player|p2|Anicredible|schoolkid-gen4|1115\n|gen|9\n|tier|[Gen 9 Champions] VGC 2026 Reg M-A\n|rated|\n|rule|Species Clause: Limit one of each Pok\u00e9mon\n|rule|Item Clause: Limit 1 of each item\n|clearpoke\n|poke|p1|Chandelure, L50, F|\n|poke|p1|Basculegion, L50, M|\n|poke|p1|Serperior, L50, F|\n|poke|p1|Mamoswine, L50, M|\n|poke|p1|Orthworm, L50, M|\n|poke|p1|Kingambit, L50, F|\n|poke|p2|Kangaskhan, L50, F|\n|poke|p2|Sinistcha, L50|\n|poke|p2|Sneasler, L50, M|\n|poke|p2|Whimsicott, L50, M|\n|poke|p2|Corviknight, L50, F|\n|poke|p2|Primarina, L50, F|\n|teampreview|4\n|inactive|Battle timer is ON: inactive players will automatically lose when time's up. (requested by Anicredible)\nAnicredible rejected open team sheets.\n|inactive|ryanline97 has 60 seconds left.\n|inactive|Anicredible has 60 seconds left.\n|inactive|Anicredible has 30 seconds left.\n|inactive|Anicredible has 20 seconds left.\n|inactive|Anicredible has 15 seconds left.\n|inactive|Anicredible has 10 seconds left.\n|\n|t:|1776572057\n|teamsize|p1|4\n|teamsize|p2|4\n|start\n|switch|p1a: Mamoswine|Mamoswine, L50, M|100/100\n|switch|p1b: Orthworm|Orthworm, L50, M|100/100\n|switch|p2a: Sneasler|Sneasler, L50, M|100/100\n|switch|p2b: Primarina|Primarina, L50, F|100/100\n|turn|1\n|\n|t:|1776572076\n|move|p1a: Mamoswine|Protect|p1a: Mamoswine\n|-singleturn|p1a: Mamoswine|Protect\n|move|p1b: Orthworm|Protect|p1b: Orthworm\n|-singleturn|p1b: Orthworm|Protect\n|move|p2a: Sneasler|Close Combat|p1b: Orthworm\n|-activate|p1b: Orthworm|move: Protect\n|move|p2b: Primarina|Calm Mind|p2b: Primarina\n|-boost|p2b: Primarina|spa|1\n|-boost|p2b: Primarina|spd|1\n|\n|upkeep\n|turn|2\n|inactive|Anicredible has 30 seconds left.\n|\n|t:|1776572105\n|switch|p1b: Basculegion|Basculegion, L50, M|100/100\n|move|p2a: Sneasler|Close Combat|p1a: Mamoswine\n|-supereffective|p1a: Mamoswine|1\n|-enditem|p1a: Mamoswine|Focus Sash\n|-damage|p1a: Mamoswine|1/100\n|-unboost|p2a: Sneasler|def|1\n|-unboost|p2a: Sneasler|spd|1\n|-enditem|p2a: Sneasler|White Herb\n|-clearnegativeboost|p2a: Sneasler|[silent]\n|move|p1a: Mamoswine|Earthquake|p2a: Sneasler|[spread] p1b,p2a,p2b\n|-supereffective|p2a: Sneasler|1\n|-damage|p1b: Basculegion|48/100\n|-damage|p2a: Sneasler|0 fnt\n|-damage|p2b: Primarina|50/100\n|faint|p2a: Sneasler\n|move|p2b: Primarina|Hyper Voice|p1a: Mamoswine|[spread] p1a,p1b\n|-supereffective|p1a: Mamoswine|1\n|-resisted|p1b: Basculegion|1\n|-damage|p1a: Mamoswine|0 fnt\n|-damage|p1b: Basculegion|18/100\n|faint|p1a: Mamoswine\n|\n|upkeep\n|\n|t:|1776572127\n|switch|p2a: Whimsicott|Whimsicott, L50, M|100/100\n|switch|p1a: Orthworm|Orthworm, L50, M|100/100\n|turn|3\n|\n|t:|1776572147\n|move|p2b: Primarina|Protect|p2b: Primarina\n|-singleturn|p2b: Primarina|Protect\n|move|p2a: Whimsicott|Taunt|p1a: Orthworm\n|-start|p1a: Orthworm|move: Taunt\n|move|p1b: Basculegion|Last Respects|p2b: Primarina\n|-activate|p2b: Primarina|move: Protect\n|cant|p1a: Orthworm|move: Taunt|Shed Tail\n|\n|upkeep\n|turn|4\n|\n|t:|1776572165\n|move|p2a: Whimsicott|Tailwind|p2a: Whimsicott\n|-sidestart|p2: Anicredible|move: Tailwind\n|move|p2b: Primarina|Hyper Voice|p1b: Basculegion|[spread] p1a,p1b\n|-resisted|p1b: Basculegion|1\n|-damage|p1a: Orthworm|38/100\n|-damage|p1b: Basculegion|0 fnt\n|faint|p1b: Basculegion\n|move|p1a: Orthworm|Bulldoze|p2a: Whimsicott|[spread] p2a,p2b\n|-resisted|p2a: Whimsicott|1\n|-damage|p2a: Whimsicott|94/100\n|-damage|p2b: Primarina|40/100\n|-unboost|p2a: Whimsicott|spe|1\n|-unboost|p2b: Primarina|spe|1\n|\n|-heal|p1a: Orthworm|44/100|[from] item: Leftovers\n|upkeep\n|\n|t:|1776572178\n|switch|p1b: Chandelure|Chandelure, L50, F|100/100\n|turn|5\n|c|\u2606Anicredible|ggwp\n|\n|t:|1776572196\n|detailschange|p1b: Chandelure|Chandelure-Mega, L50, F\n|-mega|p1b: Chandelure|Chandelure|Chandelurite\n|move|p2a: Whimsicott|Moonblast|p1b: Chandelure\n|-resisted|p1b: Chandelure|1\n|-damage|p1b: Chandelure|78/100\n|move|p2b: Primarina|Hyper Voice|p1b: Chandelure|[spread] p1a,p1b\n|-supereffective|p1b: Chandelure|1\n|-damage|p1a: Orthworm|0 fnt\n|-damage|p1b: Chandelure|0 fnt\n|faint|p1a: Orthworm\n|faint|p1b: Chandelure\n|\n|win|Anicredible\n|raw|ryanline97's rating: 1173 &rarr; <strong>1144</strong><br />(-29 for losing)\n|raw|Anicredible's rating: 1115 &rarr; <strong>1144</strong><br />(+29 for winning)\n|l|\u2606ryanline97\n|player|p1|\n",
  "uploadtime": 1776572207,
  "views": 7,
  "formatid": "gen9championsvgc2026regma",
  "rating": 1144,
  "private": 0,
  "password": null
}