{
  "id": "gen9championsvgc2026regma-2586217421",
  "format": "[Gen 9 Champions] VGC 2026 Reg M-A",
  "players": [
    "laesl",
    "dfcgvhbjknl"
  ],
  "log": "|j|\u2606laesl\n|j|\u2606dfcgvhbjknl\n|t:|1776413633\n|gametype|doubles\n|player|p1|laesl|266|1103\n|player|p2|dfcgvhbjknl|gentleman-gen4|1000\n|gen|9\n|tier|[Gen 9 Champions] VGC 2026 Reg M-A\n|rated|\n|rule|Species Clause: Limit one of each Pok\u00e9mon\n|rule|Item Clause: Limit 1 of each item\n|clearpoke\n|poke|p1|Aggron, L50, F|\n|poke|p1|Sinistcha-Masterpiece, L50|\n|poke|p1|Kingambit, L50, M|\n|poke|p1|Whimsicott, L50, M|\n|poke|p1|Froslass, L50, F|\n|poke|p1|Sneasler, L50, F|\n|poke|p2|Tsareena, L50, F|\n|poke|p2|Sableye, L50, M|\n|poke|p2|Gardevoir, L50, F|\n|poke|p2|Milotic, L50, M|\n|poke|p2|Glalie, L50, F|\n|poke|p2|Noivern, L50, F|\n|teampreview|4\n|\n|t:|1776413676\n|teamsize|p1|4\n|teamsize|p2|4\n|start\n|switch|p1a: Blizzard|Froslass, L50, F|100/100\n|switch|p1b: Fake out|Sneasler, L50, F|100/100\n|switch|p2a: Noivern|Noivern, L50, F|100/100\n|switch|p2b: Glalie|Glalie, L50, F, shiny|100/100\n|turn|1\n|\n|t:|1776413696\n|detailschange|p1a: Blizzard|Froslass-Mega, L50, F\n|-mega|p1a: Blizzard|Froslass|Froslassite\n|-weather|Snowscape|[from] ability: Snow Warning|[of] p1a: Blizzard\n|move|p2b: Glalie|Protect|p2b: Glalie\n|-singleturn|p2b: Glalie|Protect\n|move|p1b: Fake out|Fake Out|p2b: Glalie\n|-activate|p2b: Glalie|move: Protect\n|move|p2a: Noivern|Tailwind|p2a: Noivern\n|-sidestart|p2: dfcgvhbjknl|move: Tailwind\n|move|p1a: Blizzard|Blizzard|p2a: Noivern|[spread] p2a\n|-activate|p2b: Glalie|move: Protect\n|-supereffective|p2a: Noivern|2\n|-enditem|p2a: Noivern|Focus Sash\n|-damage|p2a: Noivern|1/100\n|\n|-weather|Snowscape|[upkeep]\n|upkeep\n|turn|2\n|\n|t:|1776413726\n|detailschange|p2b: Glalie|Glalie-Mega, L50, F, shiny\n|-mega|p2b: Glalie|Glalie|Glalitite\n|move|p1a: Blizzard|Protect|p1a: Blizzard\n|-singleturn|p1a: Blizzard|Protect\n|move|p2a: Noivern|Hurricane|p1b: Fake out|[miss]\n|-miss|p2a: Noivern|p1b: Fake out\n|move|p2b: Glalie|Explosion|p1a: Blizzard|[spread] p1b\n|-activate|p1a: Blizzard|move: Protect\n|-activate|p2a: Noivern|ability: Telepathy\n|-damage|p1b: Fake out|0 fnt\n|faint|p2b: Glalie\n|faint|p1b: Fake out\n|\n|-weather|Snowscape|[upkeep]\n|upkeep\n|\n|t:|1776413744\n|switch|p1b: Tailwind|Whimsicott, L50, M|100/100\n|switch|p2b: Gardevoir|Gardevoir, L50, F|100/100\n|turn|3\n|\n|t:|1776413756\n|move|p1b: Tailwind|Tailwind|p1b: Tailwind\n|-sidestart|p1: laesl|move: Tailwind\n|move|p2b: Gardevoir|Dazzling Gleam|p1a: Blizzard|[spread] p1a,p1b\n|-damage|p1a: Blizzard|59/100\n|-damage|p1b: Tailwind|48/100\n|move|p2a: Noivern|Draco Meteor|p1a: Blizzard\n|-damage|p1a: Blizzard|0 fnt\n|-unboost|p2a: Noivern|spa|2\n|faint|p1a: Blizzard\n|\n|-weather|Snowscape|[upkeep]\n|upkeep\n|\n|t:|1776413766\n|switch|p1a: Sucker Punch|Kingambit, L50, M|100/100\n|turn|4\n|\n|t:|1776413777\n|switch|p2b: Tsareena|Tsareena, L50, F|100/100\n|move|p1a: Sucker Punch|Sucker Punch||[still]\n|cant|p2b: Tsareena|ability: Queenly Majesty|Sucker Punch|[of] p1a: Sucker Punch\n|move|p2a: Noivern|Hurricane|p1b: Tailwind\n|-supereffective|p1b: Tailwind|1\n|-damage|p1b: Tailwind|0 fnt\n|faint|p1b: Tailwind\n|\n|-weather|Snowscape|[upkeep]\n|-sideend|p2: dfcgvhbjknl|move: Tailwind\n|upkeep\n|turn|5\n|\n|t:|1776413789\n|move|p2a: Noivern|Hurricane|p1a: Sucker Punch\n|-resisted|p1a: Sucker Punch|1\n|-damage|p1a: Sucker Punch|90/100\n|-start|p1a: Sucker Punch|confusion\n|-activate|p1a: Sucker Punch|confusion\n|move|p1a: Sucker Punch|Kowtow Cleave|p2a: Noivern\n|-damage|p2a: Noivern|0 fnt\n|faint|p2a: Noivern\n|move|p2b: Tsareena|High Jump Kick|p1a: Sucker Punch\n|-supereffective|p1a: Sucker Punch|2\n|-damage|p1a: Sucker Punch|0 fnt\n|faint|p1a: Sucker Punch\n|\n|win|dfcgvhbjknl\n|raw|laesl's rating: 1103 &rarr; <strong>1071</strong><br />(-32 for losing)\n|raw|dfcgvhbjknl's rating: 1000 &rarr; <strong>1052</strong><br />(+52 for winning)\n|l|\u2606laesl\n|player|p1|\n",
  "uploadtime": 1776413800,
  "views": 33,
  "formatid": "gen9championsvgc2026regma",
  "rating": 1052,
  "private": 0,
  "password": null
}