{
  "id": "gen9championsvgc2026regma-2584499797",
  "format": "[Gen 9 Champions] VGC 2026 Reg M-A",
  "players": [
    "FictionFactory",
    "Jmoneyzzzzz"
  ],
  "log": "|j|\u2606FictionFactory\n|j|\u2606Jmoneyzzzzz\n|t:|1776264926\n|gametype|doubles\n|player|p1|FictionFactory|102|1159\n|player|p2|Jmoneyzzzzz|2|1220\n|gen|9\n|tier|[Gen 9 Champions] VGC 2026 Reg M-A\n|rated|\n|rule|Species Clause: Limit one of each Pok\u00e9mon\n|rule|Item Clause: Limit 1 of each item\n|clearpoke\n|poke|p1|Floette-Eternal, L50, F|\n|poke|p1|Aerodactyl, L50, F|\n|poke|p1|Incineroar, L50, F|\n|poke|p1|Garchomp, L50, M|\n|poke|p1|Charizard, L50, F|\n|poke|p1|Venusaur, L50, F|\n|poke|p2|Pelipper, L50, M|\n|poke|p2|Archaludon, L50, F|\n|poke|p2|Basculegion, L50, M|\n|poke|p2|Toxicroak, L50, F|\n|poke|p2|Gengar, L50, M|\n|poke|p2|Incineroar, L50, M|\n|teampreview|4\n|inactive|Battle timer is ON: inactive players will automatically lose when time's up. (requested by FictionFactory)\n|inactive|Jmoneyzzzzz has 60 seconds left.\n|\n|t:|1776264979\n|teamsize|p1|4\n|teamsize|p2|4\n|start\n|switch|p1a: Charizard|Charizard, L50, F|100/100\n|switch|p1b: Venusaur|Venusaur, L50, F|100/100\n|switch|p2a: Toxicroak|Toxicroak, L50, F|100/100\n|switch|p2b: Gengar|Gengar, L50, M|100/100\n|turn|1\n|inactive|Jmoneyzzzzz has 30 seconds left.\n|inactive|Jmoneyzzzzz has 20 seconds left.\n|inactive|Jmoneyzzzzz has 15 seconds left.\n|inactive|Jmoneyzzzzz has 10 seconds left.\n|\n|t:|1776265024\n|detailschange|p2b: Gengar|Gengar-Mega, L50, M\n|-mega|p2b: Gengar|Gengar|Gengarite\n|detailschange|p1a: Charizard|Charizard-Mega-Y, L50, F\n|-mega|p1a: Charizard|Charizard|Charizardite Y\n|-weather|SunnyDay|[from] ability: Drought|[of] p1a: Charizard\n|move|p2a: Toxicroak|Fake Out|p1b: Venusaur\n|-damage|p1b: Venusaur|85/100\n|cant|p1b: Venusaur|flinch\n|move|p2b: Gengar|Perish Song|p2b: Gengar\n|-start|p1a: Charizard|perish3|[silent]\n|-start|p1b: Venusaur|perish3|[silent]\n|-start|p2a: Toxicroak|perish3|[silent]\n|-start|p2b: Gengar|perish3|[silent]\n|-fieldactivate|move: Perish Song\n|move|p1a: Charizard|Heat Wave|p2b: Gengar|[spread] p2a,p2b\n|-damage|p2a: Toxicroak|0 fnt\n|-damage|p2b: Gengar|26/100\n|faint|p2a: Toxicroak\n|\n|-weather|SunnyDay|[upkeep]\n|-start|p1b: Venusaur|perish3\n|-start|p2b: Gengar|perish3\n|-start|p1a: Charizard|perish3\n|upkeep\n|\n|t:|1776265034\n|switch|p2a: Pelipper|Pelipper, L50, M|100/100\n|-weather|RainDance|[from] ability: Drizzle|[of] p2a: Pelipper\n|turn|2\n|\n|t:|1776265058\n|move|p2b: Gengar|Protect|p2b: Gengar\n|-singleturn|p2b: Gengar|Protect\n|move|p1a: Charizard|Weather Ball|p2b: Gengar\n|-activate|p2b: Gengar|move: Protect\n|move|p1b: Venusaur|Sludge Bomb|p2a: Pelipper\n|-damage|p2a: Pelipper|57/100\n|-status|p2a: Pelipper|psn\n|move|p2a: Pelipper|Surf|p1b: Venusaur|[spread] p1a,p1b\n|-activate|p2b: Gengar|move: Protect\n|-supereffective|p1a: Charizard|1\n|-resisted|p1b: Venusaur|1\n|-damage|p1a: Charizard|29/100\n|-damage|p1b: Venusaur|65/100\n|\n|-weather|RainDance|[upkeep]\n|-damage|p2a: Pelipper|45/100 psn|[from] psn\n|-start|p2b: Gengar|perish2\n|-start|p1a: Charizard|perish2\n|-start|p1b: Venusaur|perish2\n|upkeep\n|turn|3\n|\n|t:|1776265082\n|move|p2a: Pelipper|Protect|p2a: Pelipper\n|-singleturn|p2a: Pelipper|Protect\n|move|p2b: Gengar|Substitute|p2b: Gengar\n|-start|p2b: Gengar|Substitute\n|-damage|p2b: Gengar|2/100\n|move|p1a: Charizard|Weather Ball|p2b: Gengar\n|-end|p2b: Gengar|Substitute\n|move|p1b: Venusaur|Sludge Bomb|p2a: Pelipper\n|-activate|p2a: Pelipper|move: Protect\n|\n|-weather|RainDance|[upkeep]\n|-damage|p2a: Pelipper|33/100 psn|[from] psn\n|-start|p2b: Gengar|perish1\n|-start|p1a: Charizard|perish1\n|-start|p1b: Venusaur|perish1\n|upkeep\n|turn|4\n|inactive|Jmoneyzzzzz has 30 seconds left.\n|\n|t:|1776265114\n|switch|p2b: Archaludon|Archaludon, L50, F|100/100\n|move|p1a: Charizard|Weather Ball|p2a: Pelipper\n|-resisted|p2a: Pelipper|1\n|-damage|p2a: Pelipper|0 fnt\n|faint|p2a: Pelipper\n|move|p1b: Venusaur|Earth Power|p2b: Archaludon\n|-supereffective|p2b: Archaludon|1\n|-enditem|p2b: Archaludon|Shuca Berry|[eat]\n|-enditem|p2b: Archaludon|Shuca Berry|[weaken]\n|-damage|p2b: Archaludon|77/100\n|-ability|p2b: Archaludon|Stamina|boost\n|-boost|p2b: Archaludon|def|1\n|\n|-weather|RainDance|[upkeep]\n|-start|p1a: Charizard|perish0\n|-start|p1b: Venusaur|perish0\n|upkeep\n|faint|p1a: Charizard\n|faint|p1b: Venusaur\n|\n|t:|1776265126\n|switch|p1a: Incineroar|Incineroar, L50, F|100/100\n|switch|p1b: Garchomp|Garchomp, L50, M|100/100\n|switch|p2a: Gengar|Gengar-Mega, L50, M|2/100\n|-ability|p1a: Incineroar|Intimidate|boost\n|-unboost|p2a: Gengar|atk|1\n|-unboost|p2b: Archaludon|atk|1\n|turn|5\n|inactive|Jmoneyzzzzz has 30 seconds left.\n|inactive|Jmoneyzzzzz has 20 seconds left.\n|inactive|Jmoneyzzzzz has 15 seconds left.\n|\n|t:|1776265177\n|move|p2a: Gengar|Protect|p2a: Gengar\n|-singleturn|p2a: Gengar|Protect\n|move|p1b: Garchomp|Earthquake|p2a: Gengar|[spread] p1a,p2b\n|-activate|p2a: Gengar|move: Protect\n|-supereffective|p1a: Incineroar|1\n|-supereffective|p2b: Archaludon|1\n|-damage|p1a: Incineroar|28/100\n|-damage|p2b: Archaludon|40/100\n|-ability|p2b: Archaludon|Stamina|boost\n|-boost|p2b: Archaludon|def|1\n|-enditem|p1a: Incineroar|Sitrus Berry|[eat]\n|-heal|p1a: Incineroar|53/100|[from] item: Sitrus Berry\n|move|p2b: Archaludon|Draco Meteor|p1b: Garchomp\n|-supereffective|p1b: Garchomp|1\n|-damage|p1b: Garchomp|0 fnt\n|-unboost|p2b: Archaludon|spa|2\n|faint|p1b: Garchomp\n|move|p1a: Incineroar|Parting Shot|p2b: Archaludon\n|-unboost|p2b: Archaludon|atk|1\n|-unboost|p2b: Archaludon|spa|1\n|\n|-weather|RainDance|[upkeep]\n|upkeep\n|turn|6\n|\n|t:|1776265199\n|move|p2a: Gengar|Shadow Ball|p1a: Incineroar\n|-resisted|p1a: Incineroar|1\n|-damage|p1a: Incineroar|32/100\n|move|p2b: Archaludon|Electro Shot||[still]\n|-prepare|p2b: Archaludon|Electro Shot\n|-boost|p2b: Archaludon|spa|1\n|-anim|p2b: Archaludon|Electro Shot|p1a: Incineroar\n|-damage|p1a: Incineroar|14/100\n|move|p1a: Incineroar|Throat Chop|p2a: Gengar\n|-supereffective|p2a: Gengar|1\n|-damage|p2a: Gengar|0 fnt\n|faint|p2a: Gengar\n|\n|-weather|none\n|upkeep\n|turn|7\n|\n|t:|1776265212\n|move|p2b: Archaludon|Draco Meteor|p1a: Incineroar\n|-damage|p1a: Incineroar|0 fnt\n|-unboost|p2b: Archaludon|spa|2\n|faint|p1a: Incineroar\n|\n|win|Jmoneyzzzzz\n|raw|FictionFactory's rating: 1159 &rarr; <strong>1138</strong><br />(-21 for losing)\n|raw|Jmoneyzzzzz's rating: 1220 &rarr; <strong>1241</strong><br />(+21 for winning)\n|l|\u2606FictionFactory\n|player|p1|\n",
  "uploadtime": 1776265225,
  "views": 26,
  "formatid": "gen9championsvgc2026regma",
  "rating": 1138,
  "private": 0,
  "password": null
}