{
  "id": "gen9championsvgc2026regma-2588775151",
  "format": "[Gen 9 Champions] VGC 2026 Reg M-A",
  "players": [
    "bio2.0",
    "leolc0926"
  ],
  "log": "|j|\u2606bio2.0\n|j|\u2606leolc0926\n|t:|1776669188\n|gametype|doubles\n|player|p1|bio2.0|102|1216\n|player|p2|leolc0926|steven|1235\n|gen|9\n|tier|[Gen 9 Champions] VGC 2026 Reg M-A\n|rated|\n|rule|Species Clause: Limit one of each Pok\u00e9mon\n|rule|Item Clause: Limit 1 of each item\n|clearpoke\n|poke|p1|Espathra, L50, F|\n|poke|p1|Blastoise, L50, F|\n|poke|p1|Archaludon, L50, F|\n|poke|p1|Pelipper, L50, M|\n|poke|p1|Sinistcha, L50|\n|poke|p1|Incineroar, L50, M|\n|poke|p2|Gardevoir, L50, M|\n|poke|p2|Incineroar, L50, M|\n|poke|p2|Garchomp, L50, M|\n|poke|p2|Maushold, L50|\n|poke|p2|Kingambit, L50, F|\n|poke|p2|Sneasler, L50, F|\n|teampreview|4\n|\n|t:|1776669215\n|teamsize|p1|4\n|teamsize|p2|4\n|start\n|switch|p1a: Espathra|Espathra, L50, F|100/100\n|switch|p1b: Pelipper|Pelipper, L50, M|100/100\n|switch|p2a: Maushold|Maushold, L50|100/100\n|switch|p2b: Gardevoir|Gardevoir, L50, M|100/100\n|-weather|RainDance|[from] ability: Drizzle|[of] p1b: Pelipper\n|-ability|p2b: Gardevoir|Drizzle|Trace|[from] ability: Trace|[of] p1b: Pelipper\n|turn|1\n|inactive|Battle timer is ON: inactive players will automatically lose when time's up. (requested by bio2.0)\n|inactive|bio2.0 has 60 seconds left.\n|\n|t:|1776669252\n|detailschange|p2b: Gardevoir|Gardevoir-Mega, L50, M\n|-mega|p2b: Gardevoir|Gardevoir|Gardevoirite\n|move|p1b: Pelipper|Icy Wind|p2a: Maushold|[spread] p2a,p2b\n|-damage|p2a: Maushold|87/100\n|-damage|p2b: Gardevoir|94/100\n|-unboost|p2a: Maushold|spe|1\n|-unboost|p2b: Gardevoir|spe|1\n|move|p1a: Espathra|Calm Mind|p1a: Espathra\n|-boost|p1a: Espathra|spa|1\n|-boost|p1a: Espathra|spd|1\n|move|p2a: Maushold|Super Fang|p1b: Pelipper|[miss]\n|-miss|p2a: Maushold|p1b: Pelipper\n|move|p2b: Gardevoir|Hyper Voice|p1b: Pelipper|[spread] p1a,p1b\n|-damage|p1a: Espathra|46/100\n|-damage|p1b: Pelipper|14/100\n|\n|-weather|RainDance|[upkeep]\n|-ability|p1a: Espathra|Speed Boost|boost\n|-boost|p1a: Espathra|spe|1\n|upkeep\n|turn|2\n|\n|t:|1776669276\n|switch|p1b: Sinistcha|Sinistcha, L50|100/100\n|-heal|p1a: Espathra|70/100|[from] ability: Hospitality|[of] p1b: Sinistcha\n|move|p1a: Espathra|Protect|p1a: Espathra\n|-singleturn|p1a: Espathra|Protect\n|move|p2a: Maushold|Super Fang|p1a: Espathra\n|-activate|p1a: Espathra|move: Protect\n|move|p2b: Gardevoir|Hyper Voice|p1a: Espathra|[spread] p1b\n|-activate|p1a: Espathra|move: Protect\n|-damage|p1b: Sinistcha|49/100\n|\n|-weather|RainDance|[upkeep]\n|-ability|p1a: Espathra|Speed Boost|boost\n|-boost|p1a: Espathra|spe|1\n|upkeep\n|turn|3\n|inactive|leolc0926 has 30 seconds left.\n|\n|t:|1776669303\n|move|p1b: Sinistcha|Rage Powder|p1b: Sinistcha\n|-singleturn|p1b: Sinistcha|move: Rage Powder\n|move|p1a: Espathra|Baton Pass|p1a: Espathra\n|\n|t:|1776669305\n|switch|p1a: Blastoise|Blastoise, L50, F|100/100|[from] Baton Pass\n|move|p2a: Maushold|Super Fang|p1b: Sinistcha\n|-immune|p1b: Sinistcha\n|move|p2b: Gardevoir|Trick Room|p2b: Gardevoir\n|-fieldstart|move: Trick Room|[of] p2b: Gardevoir\n|\n|-weather|RainDance|[upkeep]\n|upkeep\n|turn|4\n|\n|t:|1776669324\n|detailschange|p1a: Blastoise|Blastoise-Mega, L50, F\n|-mega|p1a: Blastoise|Blastoise|Blastoisinite\n|move|p2a: Maushold|Helping Hand|p2b: Gardevoir\n|-singleturn|p2b: Gardevoir|Helping Hand|[of] p2a: Maushold\n|move|p2b: Gardevoir|Hyper Voice|p1b: Sinistcha|[spread] p1a,p1b\n|-damage|p1a: Blastoise|60/100\n|-damage|p1b: Sinistcha|0 fnt\n|faint|p1b: Sinistcha\n|move|p1a: Blastoise|Flash Cannon|p2b: Gardevoir\n|-supereffective|p2b: Gardevoir|1\n|-damage|p2b: Gardevoir|40/100\n|\n|-weather|RainDance|[upkeep]\n|upkeep\n|\n|t:|1776669333\n|switch|p1b: Espathra|Espathra, L50, F|70/100\n|turn|5\n|\n|t:|1776669345\n|move|p2a: Maushold|Helping Hand|p2b: Gardevoir\n|-singleturn|p2b: Gardevoir|Helping Hand|[of] p2a: Maushold\n|move|p1b: Espathra|Protect|p1b: Espathra\n|-singleturn|p1b: Espathra|Protect\n|move|p1a: Blastoise|Protect|p1a: Blastoise\n|-singleturn|p1a: Blastoise|Protect\n|move|p2b: Gardevoir|Hyper Voice|p1b: Espathra|[spread] \n|-activate|p1a: Blastoise|move: Protect\n|-activate|p1b: Espathra|move: Protect\n|\n|-weather|none\n|-ability|p1b: Espathra|Speed Boost|boost\n|-boost|p1b: Espathra|spe|1\n|upkeep\n|turn|6\n|\n|t:|1776669361\n|move|p2a: Maushold|Helping Hand|p2b: Gardevoir\n|-singleturn|p2b: Gardevoir|Helping Hand|[of] p2a: Maushold\n|move|p2b: Gardevoir|Hyper Voice|p1a: Blastoise|[spread] p1a,p1b\n|-damage|p1a: Blastoise|20/100\n|-damage|p1b: Espathra|0 fnt\n|faint|p1b: Espathra\n|move|p1a: Blastoise|Flash Cannon|p2b: Gardevoir\n|-supereffective|p2b: Gardevoir|1\n|-damage|p2b: Gardevoir|0 fnt\n|faint|p2b: Gardevoir\n|\n|upkeep\n|\n|t:|1776669383\n|switch|p2b: Kingambit|Kingambit, L50, F|100/100\n|switch|p1b: Pelipper|Pelipper, L50, M|14/100\n|-weather|RainDance|[from] ability: Drizzle|[of] p1b: Pelipper\n|turn|7\n|\n|t:|1776669395\n|move|p2a: Maushold|Follow Me|p2a: Maushold\n|-singleturn|p2a: Maushold|move: Follow Me\n|move|p2b: Kingambit|Sucker Punch|p1a: Blastoise\n|-damage|p1a: Blastoise|0 fnt\n|faint|p1a: Blastoise\n|move|p1b: Pelipper|Weather Ball|p2a: Maushold\n|-damage|p2a: Maushold|18/100\n|\n|-weather|RainDance|[upkeep]\n|-fieldend|move: Trick Room\n|upkeep\n|turn|8\n|\n|t:|1776669409\n|move|p2a: Maushold|Follow Me|p2a: Maushold\n|-singleturn|p2a: Maushold|move: Follow Me\n|move|p1b: Pelipper|Weather Ball|p2a: Maushold\n|-damage|p2a: Maushold|0 fnt\n|faint|p2a: Maushold\n|move|p2b: Kingambit|Kowtow Cleave|p1b: Pelipper\n|-damage|p1b: Pelipper|0 fnt\n|faint|p1b: Pelipper\n|\n|win|leolc0926\n|raw|bio2.0's rating: 1216 &rarr; <strong>1192</strong><br />(-24 for losing)\n|raw|leolc0926's rating: 1235 &rarr; <strong>1259</strong><br />(+24 for winning)\n|c|\u2606leolc0926|gg\n",
  "uploadtime": 1776669419,
  "views": 20,
  "formatid": "gen9championsvgc2026regma",
  "rating": 1192,
  "private": 0,
  "password": null
}