{
  "id": "gen9championsvgc2026regma-2586319930",
  "format": "[Gen 9 Champions] VGC 2026 Reg M-A",
  "players": [
    "sisi1",
    "ORANGE95ORANGE95"
  ],
  "log": "|j|\u2606sisi1\n|j|\u2606ORANGE95ORANGE95\n|t:|1776424925\n|gametype|doubles\n|player|p1|sisi1|dawn|1111\n|player|p2|ORANGE95ORANGE95|lucas-gen4pt|1041\n|gen|9\n|tier|[Gen 9 Champions] VGC 2026 Reg M-A\n|rated|\n|rule|Species Clause: Limit one of each Pok\u00e9mon\n|rule|Item Clause: Limit 1 of each item\n|clearpoke\n|poke|p1|Maushold, L50|\n|poke|p1|Meowstic, L50, M|\n|poke|p1|Basculegion, L50, M|\n|poke|p1|Talonflame, L50, F|\n|poke|p1|Alakazam, L50, F|\n|poke|p1|Gallade, L50, M|\n|poke|p2|Charizard, L50, M|\n|poke|p2|Whimsicott, L50, M|\n|poke|p2|Ceruledge, L50, M|\n|poke|p2|Venusaur, L50, M|\n|poke|p2|Dragonite, L50, M|\n|poke|p2|Sneasler, L50, F|\n|teampreview|4\n|inactive|Battle timer is ON: inactive players will automatically lose when time's up. (requested by ORANGE95ORANGE95)\n|inactive|sisi1 has 60 seconds left.\n|inactive|ORANGE95ORANGE95 has 60 seconds left.\n|inactive|sisi1 has 30 seconds left.\n|inactive|ORANGE95ORANGE95 has 30 seconds left.\n|inactive|ORANGE95ORANGE95 has 20 seconds left.\n|\n|t:|1776424997\n|teamsize|p1|4\n|teamsize|p2|4\n|start\n|switch|p1a: Talonflame|Talonflame, L50, F|100/100\n|switch|p1b: Gallade|Gallade, L50, M|100/100\n|switch|p2a: Ceruledge|Ceruledge, L50, M|100/100\n|switch|p2b: Charizard|Charizard, L50, M, shiny|100/100\n|turn|1\n|\n|t:|1776425024\n|detailschange|p2b: Charizard|Charizard-Mega-Y, L50, M, shiny\n|-mega|p2b: Charizard|Charizard|Charizardite Y\n|-weather|SunnyDay|[from] ability: Drought|[of] p2b: Charizard\n|move|p1b: Gallade|Wide Guard|p1b: Gallade\n|-singleturn|p1b: Gallade|Wide Guard\n|move|p1a: Talonflame|Tailwind|p1a: Talonflame\n|-sidestart|p1: sisi1|move: Tailwind\n|move|p2a: Ceruledge|Shadow Claw|p1b: Gallade\n|-supereffective|p1b: Gallade|1\n|-damage|p1b: Gallade|0 fnt\n|faint|p1b: Gallade\n|move|p2b: Charizard|Air Slash|p1a: Talonflame\n|-damage|p1a: Talonflame|29/100\n|\n|-weather|SunnyDay|[upkeep]\n|upkeep\n|\n|t:|1776425039\n|switch|p1b: Meowstic|Meowstic, L50, M|100/100\n|turn|2\n|\n|t:|1776425052\n|move|p1b: Meowstic|Fake Out|p2b: Charizard\n|-damage|p2b: Charizard|95/100\n|move|p1a: Talonflame|Brave Bird|p2a: Ceruledge\n|-damage|p2a: Ceruledge|20/100\n|-ability|p2a: Ceruledge|Weak Armor|boost\n|-unboost|p2a: Ceruledge|def|1\n|-boost|p2a: Ceruledge|spe|2\n|-enditem|p2a: Ceruledge|Sitrus Berry|[eat]\n|-heal|p2a: Ceruledge|44/100|[from] item: Sitrus Berry\n|-damage|p1a: Talonflame|3/100|[from] Recoil\n|move|p2a: Ceruledge|Shadow Claw|p1b: Meowstic\n|-supereffective|p1b: Meowstic|1\n|-damage|p1b: Meowstic|18/100\n|cant|p2b: Charizard|flinch\n|\n|-weather|SunnyDay|[upkeep]\n|upkeep\n|turn|3\n|\n|t:|1776425082\n|move|p1b: Meowstic|Psychic Terrain|p1b: Meowstic\n|-fieldstart|move: Psychic Terrain\n|move|p1a: Talonflame|Brave Bird|p2b: Charizard\n|-damage|p2b: Charizard|29/100\n|-damage|p1a: Talonflame|0 fnt|[from] Recoil\n|faint|p1a: Talonflame\n|move|p2a: Ceruledge|Solar Blade||[still]\n|-prepare|p2a: Ceruledge|Solar Blade\n|-anim|p2a: Ceruledge|Solar Blade|p1b: Meowstic\n|-damage|p1b: Meowstic|0 fnt\n|faint|p1b: Meowstic\n|move|p2b: Charizard|Air Slash|p1: Talonflame|[notarget]\n|-fail|p2b: Charizard\n|\n|-weather|SunnyDay|[upkeep]\n|upkeep\n|\n|t:|1776425096\n|switch|p1a: Alakazam|Alakazam, L50, F|100/100\n|turn|4\n|\n|t:|1776425111\n|detailschange|p1a: Alakazam|Alakazam-Mega, L50, F\n|-mega|p1a: Alakazam|Alakazam|Alakazite\n|-ability|p1a: Alakazam|Weak Armor|Trace|[from] ability: Trace|[of] p2a: Ceruledge\n|move|p1a: Alakazam|Expanding Force|p2b: Charizard|[spread] p2a,p2b\n|-damage|p2a: Ceruledge|0 fnt\n|-damage|p2b: Charizard|0 fnt\n|faint|p2a: Ceruledge\n|faint|p2b: Charizard\n|\n|-weather|SunnyDay|[upkeep]\n|-sideend|p1: sisi1|move: Tailwind\n|upkeep\n|\n|t:|1776425122\n|switch|p2a: Dragonite|Dragonite, L50, M, shiny|100/100\n|switch|p2b: Venusaur|Venusaur, L50, M|100/100\n|turn|5\n|\n|t:|1776425144\n|move|p1a: Alakazam|Protect|p1a: Alakazam\n|-singleturn|p1a: Alakazam|Protect\n|move|p2b: Venusaur|Sleep Powder|p1a: Alakazam\n|-activate|p1a: Alakazam|move: Protect\n|move|p2a: Dragonite|Draco Meteor|p1a: Alakazam\n|-activate|p1a: Alakazam|move: Protect\n|\n|-weather|none\n|upkeep\n|turn|6\n|\n|t:|1776425157\n|move|p1a: Alakazam|Expanding Force|p2a: Dragonite|[spread] p2a,p2b\n|-supereffective|p2b: Venusaur|1\n|-crit|p2b: Venusaur\n|-damage|p2a: Dragonite|12/100\n|-damage|p2b: Venusaur|0 fnt\n|faint|p2b: Venusaur\n|move|p2a: Dragonite|Draco Meteor|p1a: Alakazam\n|-damage|p1a: Alakazam|24/100\n|-unboost|p2a: Dragonite|spa|2\n|\n|upkeep\n|turn|7\n|\n|t:|1776425168\n|move|p1a: Alakazam|Expanding Force|p2a: Dragonite\n|-damage|p2a: Dragonite|0 fnt\n|faint|p2a: Dragonite\n|\n|win|sisi1\n|raw|sisi1's rating: 1111 &rarr; <strong>1131</strong><br />(+20 for winning)\n|raw|ORANGE95ORANGE95's rating: 1041 &rarr; <strong>1028</strong><br />(-13 for losing)\n",
  "uploadtime": 1776425173,
  "views": 45,
  "formatid": "gen9championsvgc2026regma",
  "rating": 1028,
  "private": 0,
  "password": null
}