{
  "id": "gen9championsvgc2026regma-2588444670",
  "format": "[Gen 9 Champions] VGC 2026 Reg M-A",
  "players": [
    "Heartway",
    "Ken084"
  ],
  "log": "|j|\u2606Heartway\n|j|\u2606Ken084\n|t:|1776634107\n|gametype|doubles\n|player|p1|Heartway|169|1083\n|player|p2|Ken084|n|1111\n|gen|9\n|tier|[Gen 9 Champions] VGC 2026 Reg M-A\n|rated|\n|rule|Species Clause: Limit one of each Pok\u00e9mon\n|rule|Item Clause: Limit 1 of each item\n|clearpoke\n|poke|p1|Ariados, L50, M|\n|poke|p1|Gengar, L50, M|\n|poke|p1|Sneasler, L50, F|\n|poke|p1|Glimmora, L50, F|\n|poke|p1|Beedrill, L50, M|\n|poke|p1|Slowbro-Galar, L50, M|\n|poke|p2|Scizor, L50, F|\n|poke|p2|Sableye, L50, F|\n|poke|p2|Basculegion, L50, M|\n|poke|p2|Archaludon, L50, F|\n|poke|p2|Sneasler, L50, F|\n|poke|p2|Aerodactyl, L50, M|\n|teampreview|4\n|\n|t:|1776634135\n|teamsize|p1|4\n|teamsize|p2|4\n|start\n|switch|p1a: Sneasler|Sneasler, L50, F|100/100\n|switch|p1b: Beedrill|Beedrill, L50, M|100/100\n|switch|p2a: Scizor|Scizor, L50, F|100/100\n|switch|p2b: Basculegion|Basculegion, L50, M|100/100\n|turn|1\n|\n|t:|1776634147\n|detailschange|p1b: Beedrill|Beedrill-Mega, L50, M\n|-mega|p1b: Beedrill|Beedrill|Beedrillite\n|detailschange|p2a: Scizor|Scizor-Mega, L50, F\n|-mega|p2a: Scizor|Scizor|Scizorite\n|move|p1a: Sneasler|Fake Out|p2a: Scizor\n|-resisted|p2a: Scizor|1\n|-damage|p2a: Scizor|95/100\n|move|p1b: Beedrill|Knock Off|p2b: Basculegion\n|-supereffective|p2b: Basculegion|1\n|-damage|p2b: Basculegion|2/100\n|-enditem|p2b: Basculegion|Choice Scarf|[from] move: Knock Off|[of] p1b: Beedrill\n|move|p2b: Basculegion|Flip Turn|p1a: Sneasler\n|-damage|p1a: Sneasler|34/100\n|\n|t:|1776634163\n|switch|p2b: Sableye|Sableye, L50, F|100/100|[from] Flip Turn\n|cant|p2a: Scizor|flinch\n|\n|upkeep\n|turn|2\n|l|\u2606Heartway\n|player|p1|\n|j|\u2606Heartway\n|player|p1|Heartway|169|\n|\n|t:|1776634200\n|move|p1b: Beedrill|X-Scissor|p2b: Sableye\n|-damage|p2b: Sableye|22/100\n|move|p1a: Sneasler|Dire Claw|p2b: Sableye\n|-resisted|p2b: Sableye|1\n|-damage|p2b: Sableye|0 fnt\n|faint|p2b: Sableye\n|move|p2a: Scizor|Swords Dance|p2a: Scizor\n|-boost|p2a: Scizor|atk|2\n|\n|upkeep\n|\n|t:|1776634211\n|switch|p2b: Basculegion|Basculegion, L50, M|2/100\n|turn|3\n|inactive|Battle timer is ON: inactive players will automatically lose when time's up. (requested by Heartway)\n|\n|t:|1776634239\n|move|p2a: Scizor|Bullet Punch|p1b: Beedrill\n|-damage|p1b: Beedrill|0 fnt\n|faint|p1b: Beedrill\n|move|p1a: Sneasler|Close Combat|p2a: Scizor\n|-damage|p2a: Scizor|45/100\n|-unboost|p1a: Sneasler|def|1\n|-unboost|p1a: Sneasler|spd|1\n|-enditem|p1a: Sneasler|White Herb\n|-clearnegativeboost|p1a: Sneasler|[silent]\n|move|p2b: Basculegion|Flip Turn|p1a: Sneasler\n|-damage|p1a: Sneasler|0 fnt\n|faint|p1a: Sneasler\n|\n|t:|1776634250\n|switch|p2b: Archaludon|Archaludon, L50, F|100/100|[from] Flip Turn\n|\n|upkeep\n|\n|t:|1776634254\n|switch|p1b: Slowbro|Slowbro-Galar, L50, M|100/100\n|switch|p1a: Glimmora|Glimmora, L50, F|100/100\n|turn|4\n|inactive|Ken084 has 30 seconds left.\n|\n|t:|1776634284\n|move|p1a: Glimmora|Spiky Shield|p1a: Glimmora\n|-singleturn|p1a: Glimmora|move: Protect\n|move|p2a: Scizor|Bullet Punch|p1a: Glimmora\n|-activate|p1a: Glimmora|move: Protect\n|-damage|p2a: Scizor|33/100|[from] Spiky Shield|[of] p1a: Glimmora\n|move|p2b: Archaludon|Aura Sphere|p1a: Glimmora\n|-activate|p1a: Glimmora|move: Protect\n|move|p1b: Slowbro|Flamethrower|p2a: Scizor\n|-supereffective|p2a: Scizor|2\n|-damage|p2a: Scizor|0 fnt\n|faint|p2a: Scizor\n|\n|upkeep\n|\n|t:|1776634291\n|switch|p2a: Basculegion|Basculegion, L50, M|2/100\n|turn|5\n|\n|t:|1776634301\n|move|p1a: Glimmora|Earth Power|p2b: Archaludon\n|-supereffective|p2b: Archaludon|1\n|-damage|p2b: Archaludon|27/100\n|-ability|p2b: Archaludon|Stamina|boost\n|-boost|p2b: Archaludon|def|1\n|move|p2a: Basculegion|Last Respects|p1b: Slowbro\n|-supereffective|p1b: Slowbro|1\n|-damage|p1b: Slowbro|0 fnt\n|faint|p1b: Slowbro\n|move|p2b: Archaludon|Aura Sphere|p1a: Glimmora\n|-damage|p1a: Glimmora|62/100\n|\n|-heal|p2b: Archaludon|33/100|[from] item: Leftovers\n|upkeep\n|turn|6\n|\n|t:|1776634321\n|move|p1a: Glimmora|Spiky Shield|p1a: Glimmora\n|-singleturn|p1a: Glimmora|move: Protect\n|move|p2a: Basculegion|Last Respects|p1a: Glimmora\n|-activate|p1a: Glimmora|move: Protect\n|move|p2b: Archaludon|Draco Meteor|p1a: Glimmora\n|-activate|p1a: Glimmora|move: Protect\n|\n|-heal|p2b: Archaludon|39/100|[from] item: Leftovers\n|upkeep\n|turn|7\n|\n|t:|1776634334\n|move|p1a: Glimmora|Venoshock|p2a: Basculegion\n|-resisted|p2a: Basculegion|1\n|-damage|p2a: Basculegion|0 fnt\n|faint|p2a: Basculegion\n|move|p2b: Archaludon|Draco Meteor|p1a: Glimmora|[miss]\n|-miss|p2b: Archaludon|p1a: Glimmora\n|\n|-heal|p2b: Archaludon|45/100|[from] item: Leftovers\n|upkeep\n|turn|8\n|c|\u2606Ken084|...\n|\n|t:|1776634345\n|move|p2b: Archaludon|Protect|p2b: Archaludon\n|-singleturn|p2b: Archaludon|Protect\n|move|p1a: Glimmora|Earth Power|p2b: Archaludon\n|-activate|p2b: Archaludon|move: Protect\n|\n|-heal|p2b: Archaludon|52/100|[from] item: Leftovers\n|upkeep\n|turn|9\n|\n|t:|1776634366\n|move|p2b: Archaludon|Protect||[still]\n|-fail|p2b: Archaludon\n|move|p1a: Glimmora|Earth Power|p2b: Archaludon\n|-supereffective|p2b: Archaludon|1\n|-crit|p2b: Archaludon\n|-damage|p2b: Archaludon|0 fnt\n|faint|p2b: Archaludon\n|\n|win|Heartway\n|raw|Heartway's rating: 1083 &rarr; <strong>1113</strong><br />(+30 for winning)\n|raw|Ken084's rating: 1111 &rarr; <strong>1084</strong><br />(-27 for losing)\n|c|\u2606Ken084|bruah\n",
  "uploadtime": 1776634376,
  "views": 12,
  "formatid": "gen9championsvgc2026regma",
  "rating": 1084,
  "private": 0,
  "password": null
}