{
  "id": "gen9championsvgc2026regma-2583363977",
  "format": "[Gen 9 Champions] VGC 2026 Reg M-A",
  "players": [
    "Anonimo 3075",
    "DavidEXE"
  ],
  "log": "|j|\u2606Anonimo 3075\n|j|\u2606DavidEXE\n|t:|1776170341\n|gametype|doubles\n|player|p1|Anonimo 3075|cynthia|1056\n|player|p2|DavidEXE|266|1056\n|gen|9\n|tier|[Gen 9 Champions] VGC 2026 Reg M-A\n|rated|\n|rule|Species Clause: Limit one of each Pok\u00e9mon\n|rule|Item Clause: Limit 1 of each item\n|clearpoke\n|poke|p1|Lopunny, L50, F|\n|poke|p1|Aegislash, L50, M|\n|poke|p1|Krookodile, L50, M|\n|poke|p1|Whimsicott, L50, F|\n|poke|p1|Milotic, L50, M|\n|poke|p1|Ditto, L50|\n|poke|p2|Hawlucha, L50, M|\n|poke|p2|Vanilluxe, L50, M|\n|poke|p2|Froslass, L50, F|\n|poke|p2|Incineroar, L50, M|\n|poke|p2|Avalugg-Hisui, L50, M|\n|poke|p2|Greninja-*, L50, M|\n|teampreview|4\n|inactive|Battle timer is ON: inactive players will automatically lose when time's up. (requested by Anonimo 3075)\n|\n|t:|1776170365\n|teamsize|p1|4\n|teamsize|p2|4\n|start\n|switch|p1a: Lopunny|Lopunny, L50, F|100/100\n|switch|p1b: Milotic|Milotic, L50, M|100/100\n|switch|p2a: Hawlucha|Hawlucha, L50, M|100/100\n|switch|p2b: Vanilluxe|Vanilluxe, L50, M|100/100\n|-weather|Snowscape|[from] ability: Snow Warning|[of] p2b: Vanilluxe\n|-ability|p2a: Hawlucha|Mold Breaker\n|turn|1\n|inactive|Anonimo 3075 has 30 seconds left.\n|\n|t:|1776170393\n|detailschange|p2a: Hawlucha|Hawlucha-Mega, L50, M\n|-mega|p2a: Hawlucha|Hawlucha|Hawluchanite\n|detailschange|p1a: Lopunny|Lopunny-Mega, L50, F\n|-mega|p1a: Lopunny|Lopunny|Lopunnite\n|move|p1a: Lopunny|Fake Out|p2a: Hawlucha\n|-damage|p2a: Hawlucha|75/100\n|move|p2b: Vanilluxe|Sheer Cold|p1a: Lopunny|[miss]\n|-miss|p2b: Vanilluxe|p1a: Lopunny\n|cant|p2a: Hawlucha|flinch\n|move|p1b: Milotic|Ice Beam|p2a: Hawlucha\n|-supereffective|p2a: Hawlucha|1\n|-damage|p2a: Hawlucha|10/100\n|\n|-weather|Snowscape|[upkeep]\n|upkeep\n|turn|2\n|\n|t:|1776170411\n|move|p2b: Vanilluxe|Sheer Cold|p1a: Lopunny\n|-damage|p1a: Lopunny|0 fnt\n|faint|p1a: Lopunny\n|-ohko\n|move|p2a: Hawlucha|Entrainment|p2b: Vanilluxe\n|-ability|p2b: Vanilluxe|No Guard|Snow Warning|[from] move: Entrainment|[of] p2a: Hawlucha\n|move|p1b: Milotic|Scald|p2b: Vanilluxe\n|-damage|p2b: Vanilluxe|51/100\n|\n|-weather|Snowscape|[upkeep]\n|upkeep\n|\n|t:|1776170423\n|switch|p1a: Ditto|Ditto, L50|100/100\n|-transform|p1a: Ditto|p2b: Vanilluxe|[from] ability: Imposter\n|turn|3\n|\n|t:|1776170439\n|move|p2b: Vanilluxe|Sheer Cold|p1a: Ditto\n|-immune|p1a: Ditto|[ohko]\n|move|p2a: Hawlucha|Flying Press|p1a: Ditto\n|-supereffective|p1a: Ditto|1\n|-damage|p1a: Ditto|11/100\n|move|p1a: Ditto|Blizzard|p2b: Vanilluxe|[spread] p2a,p2b\n|-supereffective|p2a: Hawlucha|1\n|-resisted|p2b: Vanilluxe|1\n|-damage|p2a: Hawlucha|0 fnt\n|-damage|p2b: Vanilluxe|25/100\n|faint|p2a: Hawlucha\n|move|p1b: Milotic|Scald|p2b: Vanilluxe\n|-damage|p2b: Vanilluxe|0 fnt\n|faint|p2b: Vanilluxe\n|\n|-weather|Snowscape|[upkeep]\n|upkeep\n|\n|t:|1776170450\n|switch|p2a: Froslass|Froslass, L50, F|100/100\n|switch|p2b: Greninja|Greninja, L50, M|100/100\n|turn|4\n|\n|t:|1776170462\n|move|p2b: Greninja|Dark Pulse|p1b: Milotic\n|-start|p2b: Greninja|typechange|Dark|[from] ability: Protean\n|-damage|p1b: Milotic|73/100\n|move|p2a: Froslass|Blizzard|p1a: Ditto|[spread] p1a,p1b\n|-resisted|p1a: Ditto|1\n|-resisted|p1b: Milotic|1\n|-damage|p1a: Ditto|0 fnt\n|-damage|p1b: Milotic|63/100\n|faint|p1a: Ditto\n|move|p1b: Milotic|Draining Kiss|p2b: Greninja\n|-supereffective|p2b: Greninja|1\n|-damage|p2b: Greninja|45/100\n|-heal|p1b: Milotic|94/100|[from] drain|[of] p2b: Greninja\n|\n|-weather|Snowscape|[upkeep]\n|upkeep\n|\n|t:|1776170468\n|switch|p1a: Krookodile|Krookodile, L50, M|100/100\n|-ability|p1a: Krookodile|Intimidate|boost\n|-unboost|p2a: Froslass|atk|1\n|-unboost|p2b: Greninja|atk|1\n|turn|5\n|\n|t:|1776170477\n|move|p2b: Greninja|Water Shuriken|p1a: Krookodile\n|-supereffective|p1a: Krookodile|1\n|-damage|p1a: Krookodile|89/100\n|-supereffective|p1a: Krookodile|1\n|-damage|p1a: Krookodile|78/100\n|-hitcount|p1a: Krookodile|2\n|move|p2a: Froslass|Blizzard|p1b: Milotic|[spread] p1a,p1b\n|-supereffective|p1a: Krookodile|1\n|-resisted|p1b: Milotic|1\n|-damage|p1a: Krookodile|0 fnt\n|-damage|p1b: Milotic|82/100\n|faint|p1a: Krookodile\n|move|p1b: Milotic|Draining Kiss|p2b: Greninja\n|-supereffective|p2b: Greninja|1\n|-damage|p2b: Greninja|0 fnt\n|-heal|p1b: Milotic|100/100|[from] drain|[of] p2b: Greninja\n|faint|p2b: Greninja\n|\n|-weather|none\n|upkeep\n|turn|6\n|\n|t:|1776170491\n|move|p2a: Froslass|Nasty Plot|p2a: Froslass\n|-boost|p2a: Froslass|spa|2\n|move|p1b: Milotic|Scald|p2a: Froslass\n|-damage|p2a: Froslass|32/100\n|\n|upkeep\n|turn|7\n|\n|t:|1776170502\n|move|p2a: Froslass|Shadow Ball|p1b: Milotic\n|-damage|p1b: Milotic|54/100\n|-unboost|p1b: Milotic|spd|1\n|-ability|p1b: Milotic|Competitive|boost\n|-boost|p1b: Milotic|spa|2\n|move|p1b: Milotic|Scald|p2a: Froslass\n|-damage|p2a: Froslass|0 fnt\n|faint|p2a: Froslass\n|\n|win|Anonimo 3075\n|raw|Anonimo 3075's rating: 1056 &rarr; <strong>1088</strong><br />(+32 for winning)\n|raw|DavidEXE's rating: 1056 &rarr; <strong>1038</strong><br />(-18 for losing)\n|l|\u2606DavidEXE\n|player|p2|\n",
  "uploadtime": 1776170507,
  "views": 20,
  "formatid": "gen9championsvgc2026regma",
  "rating": 1038,
  "private": 0,
  "password": null
}