{
  "id": "gen9championsvgc2026regma-2586009286",
  "format": "[Gen 9 Champions] VGC 2026 Reg M-A",
  "players": [
    "akechi_c",
    "Gobloney"
  ],
  "log": "|j|\u2606akechi_c\n|j|\u2606Gobloney\n|t:|1776389876\n|gametype|doubles\n|player|p1|akechi_c|169|1076\n|player|p2|Gobloney|pokemaniac-gen3rs|1125\n|gen|9\n|tier|[Gen 9 Champions] VGC 2026 Reg M-A\n|rated|\n|rule|Species Clause: Limit one of each Pok\u00e9mon\n|rule|Item Clause: Limit 1 of each item\n|clearpoke\n|poke|p1|Aurorus, L50, F|\n|poke|p1|Froslass, L50, F|\n|poke|p1|Cofagrigus, L50, M|\n|poke|p1|Whimsicott, L50, M|\n|poke|p1|Samurott-Hisui, L50, F|\n|poke|p1|Zoroark-Hisui, L50, M|\n|poke|p2|Tyranitar, L50, F|\n|poke|p2|Garchomp, L50, F|\n|poke|p2|Starmie, L50|\n|poke|p2|Aegislash, L50, M|\n|poke|p2|Aerodactyl, L50, M|\n|poke|p2|Rotom-Heat, L50|\n|teampreview|4\n|inactive|Battle timer is ON: inactive players will automatically lose when time's up. (requested by akechi_c)\nakechi_c rejected open team sheets.\n|\n|t:|1776389909\n|teamsize|p1|4\n|teamsize|p2|4\n|start\n|switch|p1a: Cofagrigus|Cofagrigus, L50, M|100/100\n|switch|p1b: Froslass|Froslass, L50, F|100/100\n|switch|p2a: Mog Champ|Aerodactyl, L50, M, shiny|100/100\n|switch|p2b: Conqueror Starro|Starmie, L50, shiny|100/100\n|-ability|p2a: Mog Champ|Unnerve\n|turn|1\n|\n|t:|1776389931\n|detailschange|p2b: Conqueror Starro|Starmie-Mega, L50, shiny\n|-mega|p2b: Conqueror Starro|Starmie|Starminite\n|move|p2b: Conqueror Starro|Protect|p2b: Conqueror Starro\n|-singleturn|p2b: Conqueror Starro|Protect\n|move|p2a: Mog Champ|Tailwind|p2a: Mog Champ\n|-sidestart|p2: Gobloney|move: Tailwind\n|move|p1b: Froslass|Bitter Malice|p2b: Conqueror Starro\n|-activate|p2b: Conqueror Starro|move: Protect\n|move|p1a: Cofagrigus|Will-O-Wisp|p2b: Conqueror Starro\n|-activate|p2b: Conqueror Starro|move: Protect\n|\n|upkeep\n|turn|2\n|inactive|Gobloney has 30 seconds left.\n|inactive|Gobloney has 20 seconds left.\n|inactive|Gobloney has 15 seconds left.\n|inactive|Gobloney has 10 seconds left.\n|\n|t:|1776389980\n|switch|p2b: One-Armed Wolf|Aegislash, L50, M, shiny|100/100\n|move|p2a: Mog Champ|Rock Slide|p1b: Froslass|[spread] p1a,p1b\n|-damage|p1a: Cofagrigus|84/100\n|-damage|p1b: Froslass|46/100\n|replace|p1b: Zoroark|Zoroark-Hisui, L50, M, shiny\n|-end|p1b: Zoroark|Illusion\n|move|p1b: Zoroark|Bitter Malice|p2b: One-Armed Wolf\n|-supereffective|p2b: One-Armed Wolf|1\n|-damage|p2b: One-Armed Wolf|36/100\n|-unboost|p2b: One-Armed Wolf|atk|1\n|move|p1a: Cofagrigus|Destiny Bond|p1a: Cofagrigus\n|-singlemove|p1a: Cofagrigus|Destiny Bond\n|\n|-heal|p2b: One-Armed Wolf|42/100|[from] item: Leftovers\n|upkeep\n|turn|3\n|inactive|akechi_c has 30 seconds left.\n|\n|t:|1776390012\n|move|p1b: Zoroark|Protect|p1b: Zoroark\n|-singleturn|p1b: Zoroark|Protect\n|move|p2a: Mog Champ|Rock Slide|p1a: Cofagrigus|[spread] p1a\n|-activate|p1b: Zoroark|move: Protect\n|-crit|p1a: Cofagrigus\n|-damage|p1a: Cofagrigus|59/100\n|-formechange|p2b: One-Armed Wolf|Aegislash-Blade|\n|move|p2b: One-Armed Wolf|Shadow Ball|p1a: Cofagrigus\n|-supereffective|p1a: Cofagrigus|1\n|-damage|p1a: Cofagrigus|0 fnt\n|faint|p1a: Cofagrigus\n|-activate|p1a: Cofagrigus|move: Destiny Bond\n|faint|p2b: One-Armed Wolf\n|\n|upkeep\n|\n|t:|1776390031\n|switch|p2b: Conqueror Starro|Starmie-Mega, L50, shiny|100/100\n|switch|p1a: Froslass|Froslass, L50, F|100/100\n|turn|4\n|\n|t:|1776390048\n|move|p1a: Froslass|Protect|p1a: Froslass\n|-singleturn|p1a: Froslass|Protect\n|move|p2a: Mog Champ|Rock Slide|p1a: Froslass|[spread] p1b\n|-activate|p1a: Froslass|move: Protect\n|-damage|p1b: Zoroark|0 fnt\n|faint|p1b: Zoroark\n|move|p2b: Conqueror Starro|Liquidation|p1a: Froslass\n|-activate|p1a: Froslass|move: Protect\n|\n|-sideend|p2: Gobloney|move: Tailwind\n|upkeep\n|\n|t:|1776390063\n|switch|p1b: Aurorus|Aurorus, L50, F, shiny|100/100\n|turn|5\n|\n|t:|1776390071\n|detailschange|p1a: Froslass|Froslass-Mega, L50, F\n|-mega|p1a: Froslass|Froslass|Froslassite\n|-weather|Snowscape|[from] ability: Snow Warning|[of] p1a: Froslass\n|move|p2b: Conqueror Starro|Protect|p2b: Conqueror Starro\n|-singleturn|p2b: Conqueror Starro|Protect\n|move|p2a: Mog Champ|Tailwind|p2a: Mog Champ\n|-sidestart|p2: Gobloney|move: Tailwind\n|move|p1a: Froslass|Aurora Veil|p1a: Froslass\n|-sidestart|p1: akechi_c|move: Aurora Veil\n|move|p1b: Aurorus|Hyper Voice|p2a: Mog Champ|[spread] p2a\n|-activate|p2b: Conqueror Starro|move: Protect\n|-supereffective|p2a: Mog Champ|1\n|-enditem|p2a: Mog Champ|Focus Sash\n|-damage|p2a: Mog Champ|1/100\n|\n|-weather|Snowscape|[upkeep]\n|upkeep\n|turn|6\n|inactive|Gobloney has 30 seconds left.\n|\n|t:|1776390096\n|move|p2a: Mog Champ|Rock Slide|p1a: Froslass|[spread] p1a,p1b\n|-supereffective|p1a: Froslass|1\n|-supereffective|p1b: Aurorus|1\n|-damage|p1a: Froslass|68/100\n|-damage|p1b: Aurorus|76/100\n|move|p2b: Conqueror Starro|Liquidation|p1b: Aurorus\n|-supereffective|p1b: Aurorus|1\n|-damage|p1b: Aurorus|0 fnt\n|faint|p1b: Aurorus\n|cant|p1a: Froslass|flinch\n|\n|-weather|Snowscape|[upkeep]\n|upkeep\n|turn|7\n|c|\u2606Gobloney|Gambling always works\n|-message|akechi_c forfeited.\n|\n|win|Gobloney\n|raw|akechi_c's rating: 1076 &rarr; <strong>1058</strong><br />(-18 for losing)\n|raw|Gobloney's rating: 1125 &rarr; <strong>1146</strong><br />(+21 for winning)\n|l|\u2606akechi_c\n|player|p1|\n",
  "uploadtime": 1776390132,
  "views": 30,
  "formatid": "gen9championsvgc2026regma",
  "rating": 1058,
  "private": 0,
  "password": null
}