{
  "id": "gen9championsvgc2026regma-2583188379",
  "format": "[Gen 9 Champions] VGC 2026 Reg M-A",
  "players": [
    "do something babe",
    "michel277"
  ],
  "log": "|j|\u2606do something babe\n|j|\u2606michel277\n|t:|1776152639\n|gametype|doubles\n|player|p1|do something babe|unknown|1194\n|player|p2|michel277|cilan|1234\n|gen|9\n|tier|[Gen 9 Champions] VGC 2026 Reg M-A\n|rated|\n|rule|Species Clause: Limit one of each Pok\u00e9mon\n|rule|Item Clause: Limit 1 of each item\n|clearpoke\n|poke|p1|Kommo-o, L50, M|\n|poke|p1|Azumarill, L50, F|\n|poke|p1|Corviknight, L50, F|\n|poke|p1|Kangaskhan, L50, F|\n|poke|p1|Chandelure, L50, F|\n|poke|p1|Sinistcha, L50|\n|poke|p2|Golurk, L50|\n|poke|p2|Farigiraf, L50, F|\n|poke|p2|Venusaur, L50, F|\n|poke|p2|Sneasler, L50, F|\n|poke|p2|Torkoal, L50, M|\n|poke|p2|Incineroar, L50, M|\n|teampreview|4\n|inactive|Battle timer is ON: inactive players will automatically lose when time's up. (requested by michel277)\n|inactive|do something babe has 60 seconds left.\n|\n|t:|1776152689\n|teamsize|p1|4\n|teamsize|p2|4\n|start\n|switch|p1a: Kangaskhan|Kangaskhan, L50, F|100/100\n|switch|p1b: Chandelure|Chandelure, L50, F|100/100\n|switch|p2a: Farigiraf|Farigiraf, L50, F|100/100\n|switch|p2b: Incineroar|Incineroar, L50, M|100/100\n|-ability|p2b: Incineroar|Intimidate|boost\n|-fail|p1a: Kangaskhan|unboost|Attack|[from] ability: Inner Focus|[of] p1a: Kangaskhan\n|-unboost|p1b: Chandelure|atk|1\n|turn|1\n|inactive|do something babe has 30 seconds left.\n|inactive|michel277 has 30 seconds left.\n|inactive|do something babe has 20 seconds left.\n|inactive|michel277 has 20 seconds left.\n|inactive|do something babe has 15 seconds left.\n|inactive|michel277 has 15 seconds left.\n|\n|t:|1776152732\n|switch|p2a: Golurk|Golurk, L50|100/100\n|move|p1a: Kangaskhan|Double-Edge|p2a: Golurk\n|-immune|p2a: Golurk\n|move|p1b: Chandelure|Heat Wave|p2b: Incineroar|[spread] p2a,p2b\n|-resisted|p2b: Incineroar|1\n|-damage|p2a: Golurk|54/100\n|-damage|p2b: Incineroar|82/100\n|move|p2b: Incineroar|Parting Shot|p1a: Kangaskhan\n|-unboost|p1a: Kangaskhan|atk|1\n|-unboost|p1a: Kangaskhan|spa|1\n|\n|t:|1776152745\n|switch|p2b: Farigiraf|Farigiraf, L50, F|100/100|[from] Parting Shot\n|\n|upkeep\n|turn|2\n|\n|t:|1776152758\n|detailschange|p2a: Golurk|Golurk-Mega, L50\n|-mega|p2a: Golurk|Golurk|Golurkite\n|move|p2a: Golurk|Protect|p2a: Golurk\n|-singleturn|p2a: Golurk|Protect\n|move|p1a: Kangaskhan|Double-Edge|p2b: Farigiraf\n|-damage|p2b: Farigiraf|65/100\n|-damage|p1a: Kangaskhan|90/100|[from] Recoil\n|move|p1b: Chandelure|Shadow Ball|p2a: Golurk\n|-activate|p2a: Golurk|move: Protect\n|move|p2b: Farigiraf|Trick Room|p2b: Farigiraf\n|-fieldstart|move: Trick Room|[of] p2b: Farigiraf\n|\n|upkeep\n|turn|3\n|inactive|do something babe has 30 seconds left.\n|inactive|michel277 has 30 seconds left.\n|\n|t:|1776152791\n|detailschange|p1a: Kangaskhan|Kangaskhan-Mega, L50, F\n|-mega|p1a: Kangaskhan|Kangaskhan|Kangaskhanite\n|move|p2a: Golurk|Headlong Rush|p1b: Chandelure\n|-supereffective|p1b: Chandelure|1\n|-enditem|p1b: Chandelure|Focus Sash\n|-damage|p1b: Chandelure|1/100\n|-unboost|p2a: Golurk|def|1\n|-unboost|p2a: Golurk|spd|1\n|move|p2b: Farigiraf|Psychic|p1a: Kangaskhan\n|-damage|p1a: Kangaskhan|53/100\n|-unboost|p1a: Kangaskhan|spd|1\n|move|p1b: Chandelure|Shadow Ball|p2a: Golurk\n|-supereffective|p2a: Golurk|1\n|-damage|p2a: Golurk|0 fnt\n|faint|p2a: Golurk\n|move|p1a: Kangaskhan|Double-Edge|p2b: Farigiraf\n|-damage|p2b: Farigiraf|21/100\n|-enditem|p2b: Farigiraf|Sitrus Berry|[eat]\n|-heal|p2b: Farigiraf|46/100|[from] item: Sitrus Berry\n|-damage|p2b: Farigiraf|36/100\n|-hitcount|p2b: Farigiraf|2\n|-damage|p1a: Kangaskhan|37/100|[from] Recoil\n|\n|upkeep\n|\n|t:|1776152807\n|switch|p2a: Torkoal|Torkoal, L50, M|100/100\n|-weather|SunnyDay|[from] ability: Drought|[of] p2a: Torkoal\n|turn|4\n|\n|t:|1776152831\n|move|p2a: Torkoal|Eruption|p1a: Kangaskhan|[spread] p1a\n|-start|p1b: Chandelure|ability: Flash Fire\n|-damage|p1a: Kangaskhan|0 fnt\n|faint|p1a: Kangaskhan\n|move|p2b: Farigiraf|Psychic|p1b: Chandelure\n|-damage|p1b: Chandelure|0 fnt\n|faint|p1b: Chandelure\n|\n|-weather|SunnyDay|[upkeep]\n|upkeep\n|\n|t:|1776152837\n|switch|p1b: Azumarill|Azumarill, L50, F|100/100\n|switch|p1a: Kommo-o|Kommo-o, L50, M|100/100\n|turn|5\n|\n|t:|1776152857\n|move|p2b: Farigiraf|Helping Hand|p2a: Torkoal\n|-singleturn|p2a: Torkoal|Helping Hand|[of] p2b: Farigiraf\n|move|p1b: Azumarill|Protect|p1b: Azumarill\n|-singleturn|p1b: Azumarill|Protect\n|move|p1a: Kommo-o|Protect|p1a: Kommo-o\n|-singleturn|p1a: Kommo-o|Protect\n|move|p2a: Torkoal|Eruption|p1b: Azumarill|[spread] \n|-activate|p1a: Kommo-o|move: Protect\n|-activate|p1b: Azumarill|move: Protect\n|\n|-weather|SunnyDay|[upkeep]\n|upkeep\n|turn|6\n|\n|t:|1776152874\n|move|p2b: Farigiraf|Helping Hand|p2a: Torkoal\n|-singleturn|p2a: Torkoal|Helping Hand|[of] p2b: Farigiraf\n|move|p2a: Torkoal|Eruption|p1a: Kommo-o|[spread] p1a,p1b\n|-resisted|p1a: Kommo-o|1\n|-resisted|p1b: Azumarill|1\n|-damage|p1a: Kommo-o|37/100\n|-damage|p1b: Azumarill|69/100\n|move|p1b: Azumarill|Play Rough|p2b: Farigiraf\n|-damage|p2b: Farigiraf|10/100\n|move|p1a: Kommo-o|Clanging Scales|p2b: Farigiraf|[spread] p2a,p2b\n|-damage|p2a: Torkoal|45/100\n|-damage|p2b: Farigiraf|0 fnt\n|faint|p2b: Farigiraf\n|-unboost|p1a: Kommo-o|def|1\n|\n|-weather|SunnyDay|[upkeep]\n|-fieldend|move: Trick Room\n|upkeep\n|\n|t:|1776152893\n|switch|p2b: Incineroar|Incineroar, L50, M|82/100\n|-ability|p2b: Incineroar|Intimidate|boost\n|-unboost|p1a: Kommo-o|atk|1\n|-unboost|p1b: Azumarill|atk|1\n|turn|7\n|\n|t:|1776152915\n|move|p1a: Kommo-o|Protect|p1a: Kommo-o\n|-singleturn|p1a: Kommo-o|Protect\n|move|p1b: Azumarill|Protect|p1b: Azumarill\n|-singleturn|p1b: Azumarill|Protect\n|move|p2b: Incineroar|Fake Out|p1b: Azumarill\n|-activate|p1b: Azumarill|move: Protect\n|move|p2a: Torkoal|Heat Wave|p1b: Azumarill|[spread] \n|-activate|p1a: Kommo-o|move: Protect\n|-activate|p1b: Azumarill|move: Protect\n|\n|-weather|SunnyDay|[upkeep]\n|upkeep\n|turn|8\n|inactive|do something babe has 30 seconds left.\n|inactive|michel277 has 30 seconds left.\n|inactive|do something babe has 20 seconds left.\n|inactive|michel277 has 20 seconds left.\n|inactive|do something babe has 15 seconds left.\n|inactive|michel277 has 15 seconds left.\n|inactive|michel277 has 10 seconds left.\n|\n|t:|1776152961\n|move|p1a: Kommo-o|Clanging Scales|p2a: Torkoal|[spread] p2a,p2b\n|-crit|p2b: Incineroar\n|-damage|p2a: Torkoal|0 fnt\n|-damage|p2b: Incineroar|27/100\n|faint|p2a: Torkoal\n|-unboost|p1a: Kommo-o|def|1\n|move|p2b: Incineroar|Darkest Lariat|p1b: Azumarill\n|-resisted|p1b: Azumarill|1\n|-damage|p1b: Azumarill|50/100\n|move|p1b: Azumarill|Liquidation|p2b: Incineroar\n|-supereffective|p2b: Incineroar|1\n|-damage|p2b: Incineroar|7/100\n|\n|-weather|none\n|upkeep\n|turn|9\n|\n|t:|1776152974\n|move|p1b: Azumarill|Aqua Jet|p2b: Incineroar\n|-supereffective|p2b: Incineroar|1\n|-damage|p2b: Incineroar|0 fnt\n|faint|p2b: Incineroar\n|\n|win|do something babe\n|raw|do something babe's rating: 1194 &rarr; <strong>1222</strong><br />(+28 for winning)\n|raw|michel277's rating: 1234 &rarr; <strong>1206</strong><br />(-28 for losing)\n|l|\u2606do something babe\n|player|p1|\n",
  "uploadtime": 1776153005,
  "views": 30,
  "formatid": "gen9championsvgc2026regma",
  "rating": 1206,
  "private": 0,
  "password": null
}