{
  "id": "gen9championsvgc2026regma-2586109126",
  "format": "[Gen 9 Champions] VGC 2026 Reg M-A",
  "players": [
    "airpodjuniors",
    "ChampionsmatchVGC"
  ],
  "log": "|j|\u2606airpodjuniors\n|j|\u2606ChampionsmatchVGC\n|t:|1776400058\n|gametype|doubles\n|player|p1|airpodjuniors|102|1345\n|player|p2|ChampionsmatchVGC|gardenia|1465\n|gen|9\n|tier|[Gen 9 Champions] VGC 2026 Reg M-A\n|rated|\n|rule|Species Clause: Limit one of each Pok\u00e9mon\n|rule|Item Clause: Limit 1 of each item\n|clearpoke\n|poke|p1|Tyranitar, L50, F|\n|poke|p1|Excadrill, L50, F|\n|poke|p1|Primarina, L50, F|\n|poke|p1|Incineroar, L50, F|\n|poke|p1|Gardevoir, L50, F|\n|poke|p1|Sinistcha-Masterpiece, L50|\n|poke|p2|Garchomp, L50, F|\n|poke|p2|Delphox, L50, F|\n|poke|p2|Floette-Eternal, L50, F|\n|poke|p2|Kingambit, L50, F|\n|poke|p2|Basculegion, L50, M|\n|poke|p2|Rotom-Wash, L50|\n|teampreview|4\n|inactive|Battle timer is ON: inactive players will automatically lose when time's up. (requested by ChampionsmatchVGC)\n|j| Saachan46\n|\n|t:|1776400110\n|teamsize|p1|4\n|teamsize|p2|4\n|start\n|switch|p1a: Primarina|Primarina, L50, F|100/100\n|switch|p1b: Sinistcha|Sinistcha-Masterpiece, L50|100/100\n|switch|p2a: Garchomp|Garchomp, L50, F|100/100\n|switch|p2b: Rotom|Rotom-Wash, L50|100/100\n|turn|1\n|\n|t:|1776400131\n|move|p2a: Garchomp|Protect|p2a: Garchomp\n|-singleturn|p2a: Garchomp|Protect\n|move|p1a: Primarina|Protect|p1a: Primarina\n|-singleturn|p1a: Primarina|Protect\n|move|p2b: Rotom|Electroweb|p1a: Primarina|[spread] p1b\n|-activate|p1a: Primarina|move: Protect\n|-resisted|p1b: Sinistcha|1\n|-damage|p1b: Sinistcha|94/100\n|-unboost|p1b: Sinistcha|spe|1\n|move|p1b: Sinistcha|Matcha Gotcha|p2a: Garchomp|[spread] p2b\n|-activate|p2a: Garchomp|move: Protect\n|-supereffective|p2b: Rotom|1\n|-damage|p2b: Rotom|43/100\n|-heal|p1b: Sinistcha|100/100|[from] drain|[of] p2b: Rotom\n|\n|upkeep\n|turn|2\n|\n|t:|1776400155\n|move|p2b: Rotom|Electroweb|p1b: Sinistcha|[spread] p1a,p1b\n|-supereffective|p1a: Primarina|1\n|-resisted|p1b: Sinistcha|1\n|-damage|p1a: Primarina|74/100\n|-damage|p1b: Sinistcha|94/100\n|-unboost|p1a: Primarina|spe|1\n|-unboost|p1b: Sinistcha|spe|1\n|move|p2a: Garchomp|Earthquake|p1b: Sinistcha|[spread] p1a,p1b\n|-immune|p2b: Rotom|[from] ability: Levitate\n|-resisted|p1b: Sinistcha|1\n|-crit|p1b: Sinistcha\n|-damage|p1a: Primarina|26/100\n|-damage|p1b: Sinistcha|65/100\n|move|p1a: Primarina|Moonblast|p2a: Garchomp\n|-supereffective|p2a: Garchomp|1\n|-damage|p2a: Garchomp|3/100\n|-enditem|p2a: Garchomp|Sitrus Berry|[eat]\n|-heal|p2a: Garchomp|27/100|[from] item: Sitrus Berry\n|move|p1b: Sinistcha|Matcha Gotcha|p2b: Rotom|[spread] p2a,p2b\n|-supereffective|p2b: Rotom|1\n|-damage|p2a: Garchomp|6/100\n|-heal|p1b: Sinistcha|78/100|[from] drain|[of] p2a: Garchomp\n|-damage|p2b: Rotom|0 fnt\n|-heal|p1b: Sinistcha|97/100|[from] drain|[of] p2b: Rotom\n|faint|p2b: Rotom\n|\n|-heal|p1b: Sinistcha|100/100|[from] item: Leftovers\n|upkeep\n|\n|t:|1776400175\n|switch|p2b: Basculegion|Basculegion, L50, M|100/100\n|turn|3\n|\n|t:|1776400182\n|move|p1a: Primarina|Protect|p1a: Primarina\n|-singleturn|p1a: Primarina|Protect\n|move|p2b: Basculegion|Last Respects|p1b: Sinistcha\n|-supereffective|p1b: Sinistcha|1\n|-damage|p1b: Sinistcha|0 fnt\n|faint|p1b: Sinistcha\n|move|p2a: Garchomp|Stomping Tantrum|p1a: Primarina\n|-activate|p1a: Primarina|move: Protect\n|\n|upkeep\n|\n|t:|1776400195\n|switch|p1b: Tyranitar|Tyranitar, L50, F|100/100\n|-weather|Sandstorm|[from] ability: Sand Stream|[of] p1b: Tyranitar\n|turn|4\n|\n|t:|1776400210\n|detailschange|p1b: Tyranitar|Tyranitar-Mega, L50, F\n|-mega|p1b: Tyranitar|Tyranitar|Tyranitarite\n|move|p2b: Basculegion|Protect|p2b: Basculegion\n|-singleturn|p2b: Basculegion|Protect\n|move|p2a: Garchomp|Earthquake|p1b: Tyranitar|[spread] p1a,p1b\n|-activate|p2b: Basculegion|move: Protect\n|-supereffective|p1b: Tyranitar|1\n|-damage|p1a: Primarina|0 fnt\n|-damage|p1b: Tyranitar|50/100\n|faint|p1a: Primarina\n|move|p1b: Tyranitar|Dragon Dance|p1b: Tyranitar\n|-boost|p1b: Tyranitar|atk|1\n|-boost|p1b: Tyranitar|spe|1\n|\n|-weather|Sandstorm|[upkeep]\n|-damage|p2b: Basculegion|94/100|[from] Sandstorm\n|upkeep\n|\n|t:|1776400223\n|switch|p1a: Excadrill|Excadrill, L50, F|100/100\n|turn|5\n|\n|t:|1776400244\n|switch|p2b: Kingambit|Kingambit, L50, F|100/100\n|move|p1a: Excadrill|High Horsepower|p2b: Kingambit\n|-supereffective|p2b: Kingambit|1\n|-crit|p2b: Kingambit\n|-damage|p2b: Kingambit|0 fnt\n|faint|p2b: Kingambit\n|move|p1b: Tyranitar|Rock Slide|p2a: Garchomp\n|-resisted|p2a: Garchomp|1\n|-damage|p2a: Garchomp|0 fnt\n|faint|p2a: Garchomp\n|\n|-weather|Sandstorm|[upkeep]\n|upkeep\n|-message|ChampionsmatchVGC forfeited.\n|\n|win|airpodjuniors\n|raw|airpodjuniors's rating: 1345 &rarr; <strong>1372</strong><br />(+27 for winning)\n|raw|ChampionsmatchVGC's rating: 1465 &rarr; <strong>1438</strong><br />(-27 for losing)\n|l|\u2606ChampionsmatchVGC\n|player|p2|\n",
  "uploadtime": 1776400257,
  "views": 75,
  "formatid": "gen9championsvgc2026regma",
  "rating": 1372,
  "private": 0,
  "password": null
}