{
  "id": "gen9championsvgc2026regma-2585875155",
  "format": "[Gen 9 Champions] VGC 2026 Reg M-A",
  "players": [
    "pepedez323",
    "Cyleal"
  ],
  "log": "|j|\u2606pepedez323\n|j|\u2606Cyleal\n|t:|1776377496\n|gametype|doubles\n|player|p1|pepedez323|170|1036\n|player|p2|Cyleal|silver|1049\n|gen|9\n|tier|[Gen 9 Champions] VGC 2026 Reg M-A\n|rated|\n|rule|Species Clause: Limit one of each Pok\u00e9mon\n|rule|Item Clause: Limit 1 of each item\n|clearpoke\n|poke|p1|Meganium, L50, F|\n|poke|p1|Aerodactyl, L50, M|\n|poke|p1|Tauros-Paldea-Aqua, L50, M|\n|poke|p1|Archaludon, L50, M|\n|poke|p1|Typhlosion-Hisui, L50, M|\n|poke|p1|Kangaskhan, L50, F|\n|poke|p2|Alcremie, L50, F|\n|poke|p2|Espathra, L50, M|\n|poke|p2|Charizard, L50, M|\n|poke|p2|Glimmora, L50, M|\n|poke|p2|Zoroark-Hisui, L50, M|\n|poke|p2|Tinkaton, L50, F|\n|teampreview|4\n|inactive|Battle timer is ON: inactive players will automatically lose when time's up. (requested by Cyleal)\n|inactive|pepedez323 has 60 seconds left.\n|\n|t:|1776377530\n|teamsize|p1|4\n|teamsize|p2|4\n|start\n|switch|p1a: Benny|Tauros-Paldea-Aqua, L50, M|100/100\n|switch|p1b: The Machine|Archaludon, L50, M, shiny|100/100\n|switch|p2a: Espathra|Espathra, L50, M|100/100\n|switch|p2b: Alcremie|Alcremie, L50, F|100/100\n|-ability|p1a: Benny|Intimidate|boost\n|-unboost|p2a: Espathra|atk|1\n|-unboost|p2b: Alcremie|atk|1\n|turn|1\n|inactive|pepedez323 has 30 seconds left.\n|\n|t:|1776377561\n|move|p2a: Espathra|Calm Mind|p2a: Espathra\n|-boost|p2a: Espathra|spa|1\n|-boost|p2a: Espathra|spd|1\n|move|p1a: Benny|Rain Dance|p1a: Benny\n|-weather|RainDance\n|move|p1b: The Machine|Electro Shot||[still]\n|-prepare|p1b: The Machine|Electro Shot\n|-boost|p1b: The Machine|spa|1\n|-anim|p1b: The Machine|Electro Shot|p2a: Espathra\n|-damage|p2a: Espathra|54/100\n|move|p2b: Alcremie|Decorate|p2a: Espathra\n|-boost|p2a: Espathra|atk|2\n|-boost|p2a: Espathra|spa|2\n|\n|-weather|RainDance|[upkeep]\n|-ability|p2a: Espathra|Speed Boost|boost\n|-boost|p2a: Espathra|spe|1\n|upkeep\n|turn|2\n|inactive|pepedez323 has 30 seconds left.\n|\n|t:|1776377589\n|move|p2a: Espathra|Protect|p2a: Espathra\n|-singleturn|p2a: Espathra|Protect\n|move|p1a: Benny|Wave Crash|p2b: Alcremie\n|-damage|p2b: Alcremie|36/100\n|-damage|p1a: Benny|76/100|[from] Recoil\n|move|p1b: The Machine|Electro Shot||[still]\n|-prepare|p1b: The Machine|Electro Shot\n|-boost|p1b: The Machine|spa|1\n|-anim|p1b: The Machine|Electro Shot|p2a: Espathra\n|-activate|p2a: Espathra|move: Protect\n|move|p2b: Alcremie|Psych Up|p2a: Espathra\n|-copyboost|p2b: Alcremie|p2a: Espathra|[from] move: Psych Up\n|\n|-weather|RainDance|[upkeep]\n|-ability|p2a: Espathra|Speed Boost|boost\n|-boost|p2a: Espathra|spe|1\n|upkeep\n|turn|3\n|inactive|Cyleal has 30 seconds left.\n|inactive|Cyleal has 20 seconds left.\n|inactive|Cyleal has 15 seconds left.\n|inactive|Cyleal has 10 seconds left.\n|inactive|Cyleal has 5 seconds left.\n|\n|t:|1776377641\n|move|p2a: Espathra|Stored Power|p1b: The Machine\n|-resisted|p1b: The Machine|1\n|-damage|p1b: The Machine|16/100\n|move|p1a: Benny|Wave Crash|p2a: Espathra\n|-damage|p2a: Espathra|0 fnt\n|faint|p2a: Espathra\n|-damage|p1a: Benny|52/100|[from] Recoil\n|move|p1b: The Machine|Electro Shot||[still]\n|-prepare|p1b: The Machine|Electro Shot\n|-boost|p1b: The Machine|spa|1\n|-anim|p1b: The Machine|Electro Shot|p2b: Alcremie\n|-damage|p2b: Alcremie|0 fnt\n|faint|p2b: Alcremie\n|\n|-weather|RainDance|[upkeep]\n|upkeep\n|\n|t:|1776377658\n|switch|p2a: Charizard|Charizard, L50, M|100/100\n|switch|p2b: Charizard|Charizard, L50, M|100/100\n|turn|4\n|inactive|pepedez323 has 30 seconds left.\n|\n|t:|1776377685\n|detailschange|p2b: Charizard|Charizard-Mega-Y, L50, M\n|-mega|p2b: Charizard|Charizard|Charizardite Y\n|-weather|SunnyDay|[from] ability: Drought|[of] p2b: Charizard\n|move|p1a: Benny|Protect|p1a: Benny\n|-singleturn|p1a: Benny|Protect\n|move|p1b: The Machine|Protect|p1b: The Machine\n|-singleturn|p1b: The Machine|Protect\n|move|p2a: Charizard|Hyper Voice|p1b: The Machine|[spread] \n|-activate|p1a: Benny|move: Protect\n|-activate|p1b: The Machine|move: Protect\n|move|p2b: Charizard|Heat Wave|p1b: The Machine|[spread] \n|-activate|p1a: Benny|move: Protect\n|-activate|p1b: The Machine|move: Protect\n|\n|-weather|SunnyDay|[upkeep]\n|upkeep\n|turn|5\n|inactive|pepedez323 has 30 seconds left.\n|inactive|Cyleal has 30 seconds left.\n|\n|t:|1776377712\n|move|p2a: Charizard|Shadow Ball|p1b: The Machine\n|-damage|p1b: The Machine|0 fnt\n|faint|p1b: The Machine\n|move|p2b: Charizard|Heat Wave|p1a: Benny\n|-resisted|p1a: Benny|1\n|-damage|p1a: Benny|0 fnt\n|faint|p1a: Benny\n|\n|-weather|SunnyDay|[upkeep]\n|upkeep\n|\n|t:|1776377721\n|switch|p1a: Cvnt Era|Typhlosion-Hisui, L50, M|100/100\n|switch|p1b: Mother|Kangaskhan, L50, F|100/100\n|-item|p2a: Charizard|Silk Scarf|[from] ability: Frisk|[of] p1a: Cvnt Era\n|-item|p2b: Charizard|Charizardite Y|[from] ability: Frisk|[of] p1a: Cvnt Era\n|turn|6\n|\n|t:|1776377745\n|move|p2b: Charizard|Protect|p2b: Charizard\n|-singleturn|p2b: Charizard|Protect\n|move|p1b: Mother|Fake Out|p2b: Charizard\n|-activate|p2b: Charizard|move: Protect\n|move|p2a: Charizard|Focus Blast|p1b: Mother\n|-supereffective|p1b: Mother|1\n|-damage|p1b: Mother|4/100\n|move|p1a: Cvnt Era|Shadow Ball|p2a: Charizard\n|-immune|p2a: Charizard\n|\n|-weather|SunnyDay|[upkeep]\n|upkeep\n|turn|7\n|inactive|pepedez323 has 30 seconds left.\n|inactive|Cyleal has 30 seconds left.\n|\n|t:|1776377772\n|detailschange|p1b: Mother|Kangaskhan-Mega, L50, F\n|-mega|p1b: Mother|Kangaskhan|Kangaskhanite\n|move|p1b: Mother|Sucker Punch|p2a: Charizard\n|-supereffective|p2a: Charizard|1\n|-damage|p2a: Charizard|10/100\n|replace|p2a: Zoroark|Zoroark-Hisui, L50, M\n|-end|p2a: Zoroark|Illusion\n|-supereffective|p2a: Zoroark|1\n|-damage|p2a: Zoroark|0 fnt\n|faint|p2a: Zoroark\n|-hitcount|p2: Zoroark|2\n|move|p2b: Charizard|Heat Wave|p1a: Cvnt Era|[spread] p1b\n|-miss|p2b: Charizard|p1a: Cvnt Era\n|-damage|p1b: Mother|0 fnt\n|faint|p1b: Mother\n|move|p1a: Cvnt Era|Eruption|p2b: Charizard\n|-resisted|p2b: Charizard|1\n|-damage|p2b: Charizard|49/100\n|\n|-weather|SunnyDay|[upkeep]\n|upkeep\n|turn|8\n|\n|t:|1776377791\n|move|p2b: Charizard|Ancient Power|p1a: Cvnt Era\n|-supereffective|p1a: Cvnt Era|1\n|-damage|p1a: Cvnt Era|37/100\n|-boost|p2b: Charizard|atk|1\n|-boost|p2b: Charizard|def|1\n|-boost|p2b: Charizard|spa|1\n|-boost|p2b: Charizard|spd|1\n|-boost|p2b: Charizard|spe|1\n|move|p1a: Cvnt Era|Eruption|p2b: Charizard\n|-resisted|p2b: Charizard|1\n|-damage|p2b: Charizard|35/100\n|\n|-weather|none\n|upkeep\n|turn|9\n|\n|t:|1776377805\n|move|p2b: Charizard|Ancient Power|p1a: Cvnt Era\n|-supereffective|p1a: Cvnt Era|1\n|-damage|p1a: Cvnt Era|0 fnt\n|-boost|p2b: Charizard|atk|1\n|-boost|p2b: Charizard|def|1\n|-boost|p2b: Charizard|spa|1\n|-boost|p2b: Charizard|spd|1\n|-boost|p2b: Charizard|spe|1\n|faint|p1a: Cvnt Era\n|\n|win|Cyleal\n|raw|pepedez323's rating: 1036 &rarr; <strong>1021</strong><br />(-15 for losing)\n|raw|Cyleal's rating: 1049 &rarr; <strong>1080</strong><br />(+31 for winning)\n|l|\u2606pepedez323\n|player|p1|\n",
  "uploadtime": 1776377818,
  "views": 15,
  "formatid": "gen9championsvgc2026regma",
  "rating": 1021,
  "private": 0,
  "password": null
}