{
  "id": "gen9championsvgc2026regma-2584828265",
  "format": "[Gen 9 Champions] VGC 2026 Reg M-A",
  "players": [
    "geuxsage",
    "alvarriderr"
  ],
  "log": "|j|\u2606geuxsage\n|j|\u2606alvarriderr\n|t:|1776286770\n|gametype|doubles\n|player|p1|geuxsage|sage|1168\n|player|p2|alvarriderr|hilbert-wonderlauncher|1171\n|gen|9\n|tier|[Gen 9 Champions] VGC 2026 Reg M-A\n|rated|\n|rule|Species Clause: Limit one of each Pok\u00e9mon\n|rule|Item Clause: Limit 1 of each item\n|clearpoke\n|poke|p1|Avalugg-Hisui, L50, F|\n|poke|p1|Drampa, L50, F|\n|poke|p1|Sinistcha-Masterpiece, L50|\n|poke|p1|Oranguru, L50, F|\n|poke|p1|Camerupt, L50, F|\n|poke|p1|Incineroar, L50, F|\n|poke|p2|Hawlucha, L50, F|\n|poke|p2|Excadrill, L50, M|\n|poke|p2|Tyranitar, L50, F|\n|poke|p2|Sinistcha, L50|\n|poke|p2|Rotom-Wash, L50|\n|poke|p2|Volcarona, L50, F|\n|teampreview|4\nalvarriderr has agreed to open team sheets.\n|inactive|Battle timer is ON: inactive players will automatically lose when time's up. (requested by geuxsage)\n|\n|t:|1776286826\n|teamsize|p1|4\n|teamsize|p2|4\n|start\n|switch|p1a: Oranguru|Oranguru, L50, F|100/100\n|switch|p1b: Incineroar|Incineroar, L50, F|100/100\n|switch|p2a: Sinistcha|Sinistcha, L50|100/100\n|switch|p2b: Tyranitar|Tyranitar, L50, F|100/100\n|-weather|Sandstorm|[from] ability: Sand Stream|[of] p2b: Tyranitar\n|-ability|p1b: Incineroar|Intimidate|boost\n|-unboost|p2a: Sinistcha|atk|1\n|-unboost|p2b: Tyranitar|atk|1\n|-enditem|p2b: Tyranitar|White Herb\n|-clearnegativeboost|p2b: Tyranitar|[silent]\n|turn|1\n|\n|t:|1776286851\n|switch|p1a: Camerupt|Camerupt, L50, F|100/100\n|move|p2b: Tyranitar|Knock Off|p1a: Camerupt\n|-damage|p1a: Camerupt|51/100\n|move|p1b: Incineroar|Will-O-Wisp|p2b: Tyranitar|[miss]\n|-miss|p1b: Incineroar|p2b: Tyranitar\n|move|p2a: Sinistcha|Trick Room|p2a: Sinistcha\n|-fieldstart|move: Trick Room|[of] p2a: Sinistcha\n|\n|-weather|Sandstorm|[upkeep]\n|-damage|p1b: Incineroar|95/100|[from] Sandstorm\n|-damage|p2a: Sinistcha|94/100|[from] Sandstorm\n|upkeep\n|turn|2\n|inactive|geuxsage has 30 seconds left.\n|\n|t:|1776286880\n|move|p1a: Camerupt|Protect|p1a: Camerupt\n|-singleturn|p1a: Camerupt|Protect\n|move|p1b: Incineroar|Will-O-Wisp|p2b: Tyranitar\n|-status|p2b: Tyranitar|brn\n|move|p2b: Tyranitar|Rock Slide|p1a: Camerupt|[spread] p1b\n|-activate|p1a: Camerupt|move: Protect\n|-supereffective|p1b: Incineroar|1\n|-damage|p1b: Incineroar|75/100\n|move|p2a: Sinistcha|Trick Room|p2a: Sinistcha\n|-fieldend|move: Trick Room\n|\n|-weather|Sandstorm|[upkeep]\n|-damage|p2a: Sinistcha|88/100|[from] Sandstorm\n|-damage|p1b: Incineroar|69/100|[from] Sandstorm\n|-damage|p2b: Tyranitar|95/100 brn|[from] brn\n|upkeep\n|turn|3\n|inactive|alvarriderr has 30 seconds left.\n|inactive|geuxsage has 30 seconds left.\n|inactive|alvarriderr has 20 seconds left.\n|inactive|geuxsage has 20 seconds left.\n|inactive|alvarriderr has 15 seconds left.\n|inactive|geuxsage has 15 seconds left.\n|inactive|alvarriderr has 10 seconds left.\n|\n|t:|1776286926\n|switch|p2b: Hawlucha|Hawlucha, L50, F|100/100\n|switch|p1b: Sinistcha|Sinistcha-Masterpiece, L50|100/100\n|-heal|p1a: Camerupt|76/100|[from] ability: Hospitality|[of] p1b: Sinistcha\n|detailschange|p1a: Camerupt|Camerupt-Mega, L50, F\n|-mega|p1a: Camerupt|Camerupt|Cameruptite\n|move|p2a: Sinistcha|Life Dew||[still]|[spread] p2a,p2b\n|-heal|p2a: Sinistcha|100/100\n|-fail|p2b: Hawlucha|heal\n|move|p1a: Camerupt|Fire Spin|p2a: Sinistcha|[miss]\n|-miss|p1a: Camerupt|p2a: Sinistcha\n|\n|-weather|Sandstorm|[upkeep]\n|-damage|p2b: Hawlucha|95/100|[from] Sandstorm\n|-damage|p2a: Sinistcha|94/100|[from] Sandstorm\n|-damage|p1b: Sinistcha|94/100|[from] Sandstorm\n|upkeep\n|turn|4\n|inactive|geuxsage has 30 seconds left.\n|inactive|alvarriderr has 30 seconds left.\n|inactive|alvarriderr has 20 seconds left.\n|inactive|alvarriderr has 15 seconds left.\n|inactive|alvarriderr has 10 seconds left.\n|\n|t:|1776286975\n|switch|p2a: Excadrill|Excadrill, L50, M|100/100\n|detailschange|p2b: Hawlucha|Hawlucha-Mega, L50, F\n|-mega|p2b: Hawlucha|Hawlucha|Hawluchanite\n|move|p2b: Hawlucha|Entrainment|p2a: Excadrill\n|-ability|p2a: Excadrill|No Guard|Sand Rush|[from] move: Entrainment|[of] p2b: Hawlucha\n|move|p1a: Camerupt|Eruption|p2b: Hawlucha|[spread] p2a,p2b\n|-supereffective|p2a: Excadrill|1\n|-enditem|p2a: Excadrill|Focus Sash\n|-damage|p2a: Excadrill|1/100\n|-damage|p2b: Hawlucha|41/100\n|move|p1b: Sinistcha|Trick Room|p1b: Sinistcha\n|-fieldstart|move: Trick Room|[of] p1b: Sinistcha\n|\n|-weather|Sandstorm|[upkeep]\n|-damage|p1b: Sinistcha|88/100|[from] Sandstorm\n|-damage|p2b: Hawlucha|35/100|[from] Sandstorm\n|upkeep\n|turn|5\n|inactive|alvarriderr has 30 seconds left.\n|\n|t:|1776287004\n|move|p2a: Excadrill|Protect|p2a: Excadrill\n|-singleturn|p2a: Excadrill|Protect\n|move|p1a: Camerupt|Eruption|p2b: Hawlucha|[spread] p2b\n|-activate|p2a: Excadrill|move: Protect\n|-damage|p2b: Hawlucha|0 fnt\n|faint|p2b: Hawlucha\n|move|p1b: Sinistcha|Life Dew|p1b: Sinistcha|[spread] p1a,p1b\n|-heal|p1a: Camerupt|100/100\n|-heal|p1b: Sinistcha|100/100\n|\n|-weather|none\n|upkeep\n|\n|t:|1776287021\n|switch|p2b: Sinistcha|Sinistcha, L50|94/100\n|-heal|p2a: Excadrill|26/100|[from] ability: Hospitality|[of] p2b: Sinistcha\n|turn|6\n|inactive|alvarriderr has 30 seconds left.\n|\n|t:|1776287051\n|move|p2a: Excadrill|Protect||[still]\n|-fail|p2a: Excadrill\n|move|p1a: Camerupt|Eruption|p2a: Excadrill|[spread] p2a,p2b\n|-supereffective|p2a: Excadrill|1\n|-supereffective|p2b: Sinistcha|1\n|-damage|p2a: Excadrill|0 fnt\n|-damage|p2b: Sinistcha|0 fnt\n|faint|p2a: Excadrill\n|faint|p2b: Sinistcha\n|move|p1b: Sinistcha|Matcha Gotcha|p2: Excadrill|[notarget]\n|-fail|p1b: Sinistcha\n|\n|upkeep\n|\n|t:|1776287063\n|switch|p2b: Tyranitar|Tyranitar, L50, F|95/100 brn\n|-weather|Sandstorm|[from] ability: Sand Stream|[of] p2b: Tyranitar\n|turn|7\n|\n|t:|1776287067\n|move|p1a: Camerupt|Earth Power|p2b: Tyranitar\n|-supereffective|p2b: Tyranitar|1\n|-damage|p2b: Tyranitar|16/100 brn\n|move|p1b: Sinistcha|Matcha Gotcha|p2b: Tyranitar\n|-supereffective|p2b: Tyranitar|1\n|-damage|p2b: Tyranitar|0 fnt\n|faint|p2b: Tyranitar\n|\n|win|geuxsage\n|raw|geuxsage's rating: 1168 &rarr; <strong>1193</strong><br />(+25 for winning)\n|raw|alvarriderr's rating: 1171 &rarr; <strong>1146</strong><br />(-25 for losing)\n|c|\u2606alvarriderr|gg\n|c|\u2606geuxsage|Gg\n",
  "uploadtime": 1776287081,
  "views": 30,
  "formatid": "gen9championsvgc2026regma",
  "rating": 1146,
  "private": 0,
  "password": null
}