{
  "id": "gen9championsvgc2026regma-2585780698",
  "format": "[Gen 9 Champions] VGC 2026 Reg M-A",
  "players": [
    "bert55",
    "Govek314"
  ],
  "log": "|j|\u2606bert55\n|j|\u2606Govek314\n|t:|1776370140\n|gametype|doubles\n|player|p1|bert55|102|1167\n|player|p2|Govek314|266|1251\n|gen|9\n|tier|[Gen 9 Champions] VGC 2026 Reg M-A\n|rated|\n|rule|Species Clause: Limit one of each Pok\u00e9mon\n|rule|Item Clause: Limit 1 of each item\n|clearpoke\n|poke|p1|Camerupt, L50, F|\n|poke|p1|Farigiraf, L50, F|\n|poke|p1|Mimikyu, L50, F|\n|poke|p1|Crabominable, L50, M|\n|poke|p1|Torkoal, L50, F|\n|poke|p1|Primarina, L50, F|\n|poke|p2|Tyranitar, L50, M|\n|poke|p2|Excadrill, L50, F|\n|poke|p2|Meganium, L50, F|\n|poke|p2|Sneasler, L50, M|\n|poke|p2|Dragapult, L50, F|\n|poke|p2|Rotom-Wash, L50|\n|teampreview|4\n|\n|t:|1776370193\n|teamsize|p1|4\n|teamsize|p2|4\n|start\n|switch|p1a: Mimikyu|Mimikyu, L50, F|100/100\n|switch|p1b: Primarina|Primarina, L50, F|100/100\n|switch|p2a: Tyranitar|Tyranitar, L50, M|100/100\n|switch|p2b: Excadrill|Excadrill, L50, F|100/100\n|-weather|Sandstorm|[from] ability: Sand Stream|[of] p2a: Tyranitar\n|turn|1\n|\n|t:|1776370221\n|move|p2b: Excadrill|Iron Head|p1a: Mimikyu\n|-activate|p1a: Mimikyu|ability: Disguise\n|-damage|p1a: Mimikyu|100/100\n|detailschange|p1a: Mimikyu|Mimikyu-Busted, L50, F\n|-damage|p1a: Mimikyu|88/100|[from] pokemon: Mimikyu-Busted\n|move|p2a: Tyranitar|Rock Slide|p1a: Mimikyu|[spread] p1a,p1b\n|-damage|p1a: Mimikyu|57/100\n|-damage|p1b: Primarina|63/100\n|move|p1b: Primarina|Hyper Voice|p2b: Excadrill|[spread] p2a,p2b\n|-supereffective|p2a: Tyranitar|1\n|-supereffective|p2b: Excadrill|1\n|-damage|p2a: Tyranitar|44/100\n|-enditem|p2b: Excadrill|Focus Sash\n|-damage|p2b: Excadrill|1/100\n|cant|p1a: Mimikyu|flinch\n|\n|-weather|Sandstorm|[upkeep]\n|-damage|p1a: Mimikyu|50/100|[from] Sandstorm\n|-damage|p1b: Primarina|57/100|[from] Sandstorm\n|upkeep\n|turn|2\n|\n|t:|1776370264\n|detailschange|p2a: Tyranitar|Tyranitar-Mega, L50, M\n|-mega|p2a: Tyranitar|Tyranitar|Tyranitarite\n|move|p1b: Primarina|Aqua Jet|p2b: Excadrill\n|-supereffective|p2b: Excadrill|1\n|-damage|p2b: Excadrill|0 fnt\n|faint|p2b: Excadrill\n|move|p2a: Tyranitar|Rock Slide|p1b: Primarina|[spread] p1b\n|-miss|p2a: Tyranitar|p1a: Mimikyu\n|-damage|p1b: Primarina|19/100\n|move|p1a: Mimikyu|Trick Room|p1a: Mimikyu\n|-fieldstart|move: Trick Room|[of] p1a: Mimikyu\n|\n|-weather|Sandstorm|[upkeep]\n|-damage|p1b: Primarina|13/100|[from] Sandstorm\n|-damage|p1a: Mimikyu|44/100|[from] Sandstorm\n|upkeep\n|c|\u2606Govek314|WHO TF RUNS AQUA JET ON FUCKING PRIMARINA\n|c|\u2606Govek314|CAN'T I JUST GO AGAINST NORMAQL HUMAN BEINGS\n|\n|t:|1776370330\n|switch|p2b: Sneasler|Sneasler, L50, M|100/100\n|turn|3\n|\n|t:|1776370353\n|move|p2b: Sneasler|Fake Out|p1b: Primarina\n|-damage|p1b: Primarina|0 fnt\n|faint|p1b: Primarina\n|move|p1a: Mimikyu|Play Rough|p2a: Tyranitar\n|-supereffective|p2a: Tyranitar|1\n|-damage|p2a: Tyranitar|0 fnt\n|faint|p2a: Tyranitar\n|\n|-weather|Sandstorm|[upkeep]\n|-damage|p1a: Mimikyu|38/100|[from] Sandstorm\n|-damage|p2b: Sneasler|95/100|[from] Sandstorm\n|upkeep\n|\n|t:|1776370363\n|switch|p1b: Farigiraf|Farigiraf, L50, F|100/100\n|switch|p2a: Rotom|Rotom-Wash, L50|100/100\n|turn|4\n|\n|t:|1776370376\n|move|p1b: Farigiraf|Psychic|p2b: Sneasler\n|-supereffective|p2b: Sneasler|2\n|-damage|p2b: Sneasler|0 fnt\n|faint|p2b: Sneasler\n|move|p1a: Mimikyu|Wood Hammer|p2a: Rotom\n|-supereffective|p2a: Rotom|1\n|-damage|p2a: Rotom|8/100\n|-damage|p1a: Mimikyu|14/100|[from] Recoil\n|move|p2a: Rotom|Thunderbolt|p1b: Farigiraf\n|-damage|p1b: Farigiraf|61/100\n|-status|p1b: Farigiraf|par\n|\n|-weather|Sandstorm|[upkeep]\n|-damage|p1b: Farigiraf|55/100 par|[from] Sandstorm\n|-damage|p1a: Mimikyu|8/100|[from] Sandstorm\n|-damage|p2a: Rotom|2/100|[from] Sandstorm\n|upkeep\n|turn|5\n|\n|t:|1776370392\n|move|p1a: Mimikyu|Shadow Sneak|p2a: Rotom\n|-damage|p2a: Rotom|0 fnt\n|faint|p2a: Rotom\n|\n|win|bert55\n|raw|bert55's rating: 1167 &rarr; <strong>1198</strong><br />(+31 for winning)\n|raw|Govek314's rating: 1251 &rarr; <strong>1220</strong><br />(-31 for losing)\n|l|\u2606bert55\n|player|p1|\n",
  "uploadtime": 1776370398,
  "views": 21,
  "formatid": "gen9championsvgc2026regma",
  "rating": 1198,
  "private": 0,
  "password": null
}