{
  "id": "gen9championsvgc2026regma-2587624170",
  "format": "[Gen 9 Champions] VGC 2026 Reg M-A",
  "players": [
    "tism VGC",
    "Ryderrrrr"
  ],
  "log": "|j|\u2606tism VGC\n|j|\u2606Ryderrrrr\n|t:|1776547976\n|gametype|doubles\n|player|p1|tism VGC|clown|1340\n|player|p2|Ryderrrrr|wallace|1338\n|gen|9\n|tier|[Gen 9 Champions] VGC 2026 Reg M-A\n|rated|\n|rule|Species Clause: Limit one of each Pok\u00e9mon\n|rule|Item Clause: Limit 1 of each item\n|clearpoke\n|poke|p1|Gyarados, L50, F|\n|poke|p1|Corviknight, L50, F|\n|poke|p1|Garchomp, L50, F|\n|poke|p1|Delphox, L50, M|\n|poke|p1|Sinistcha, L50|\n|poke|p1|Incineroar, L50, M|\n|poke|p2|Floette-Eternal, L50, F|\n|poke|p2|Sneasler, L50, M|\n|poke|p2|Garchomp, L50, F|\n|poke|p2|Sinistcha, L50|\n|poke|p2|Rotom-Heat, L50|\n|poke|p2|Aerodactyl, L50, F|\n|teampreview|4\n|inactive|Battle timer is ON: inactive players will automatically lose when time's up. (requested by Ryderrrrr)\n|j| 1#MiraidonHater\n|l| 1#MiraidonHater\n|inactive|tism VGC has 60 seconds left.\n|inactive|Ryderrrrr has 60 seconds left.\n|inactive|tism VGC has 30 seconds left.\n|inactive|tism VGC has 20 seconds left.\n|inactive|tism VGC has 15 seconds left.\n|inactive|tism VGC has 10 seconds left.\n|inactive|tism VGC has 5 seconds left.\n|\n|t:|1776548066\n|teamsize|p1|4\n|teamsize|p2|4\n|start\n|switch|p1a: Gyarados|Gyarados, L50, F|100/100\n|switch|p1b: Corviknight|Corviknight, L50, F|100/100\n|switch|p2a: Aerodactyl|Aerodactyl, L50, F|100/100\n|switch|p2b: Garchomp|Garchomp, L50, F|100/100\n|-ability|p2a: Aerodactyl|Unnerve\n|-ability|p1a: Gyarados|Intimidate|boost\n|-unboost|p2a: Aerodactyl|atk|1\n|-unboost|p2b: Garchomp|atk|1\n|turn|1\n|inactive|tism VGC has 30 seconds left.\n|j| marimlol23\n|inactive|tism VGC has 20 seconds left.\n|inactive|tism VGC has 15 seconds left.\n|inactive|tism VGC has 10 seconds left.\n|\n|t:|1776548113\n|detailschange|p1a: Gyarados|Gyarados-Mega, L50, F\n|-mega|p1a: Gyarados|Gyarados|Gyaradosite\n|-ability|p1a: Gyarados|Mold Breaker\n|move|p2b: Garchomp|Rock Slide|p1a: Gyarados|[spread] p1a,p1b\n|-damage|p1a: Gyarados|87/100\n|-damage|p1b: Corviknight|88/100\n|move|p2a: Aerodactyl|Tailwind|p2a: Aerodactyl\n|-sidestart|p2: Ryderrrrr|move: Tailwind\n|move|p1a: Gyarados|Dragon Dance|p1a: Gyarados\n|-boost|p1a: Gyarados|atk|1\n|-boost|p1a: Gyarados|spe|1\n|move|p1b: Corviknight|Tailwind|p1b: Corviknight\n|-sidestart|p1: tism VGC|move: Tailwind\n|\n|-heal|p1b: Corviknight|94/100|[from] item: Leftovers\n|upkeep\n|turn|2\n|inactive|tism VGC has 30 seconds left.\n|inactive|tism VGC has 20 seconds left.\n|\n|t:|1776548150\n|switch|p2b: Sneasler|Sneasler, L50, M|100/100\n|move|p2a: Aerodactyl|Rock Slide|p1b: Corviknight|[spread] p1a,p1b\n|-damage|p1a: Gyarados|75/100\n|-damage|p1b: Corviknight|79/100\n|move|p1a: Gyarados|Dragon Dance|p1a: Gyarados\n|-boost|p1a: Gyarados|atk|1\n|-boost|p1a: Gyarados|spe|1\n|move|p1b: Corviknight|Iron Defense|p1b: Corviknight\n|-boost|p1b: Corviknight|def|2\n|\n|-heal|p1b: Corviknight|85/100|[from] item: Leftovers\n|upkeep\n|turn|3\n|inactive|tism VGC has 30 seconds left.\n|inactive|Ryderrrrr has 30 seconds left.\n|inactive|tism VGC has 20 seconds left.\n|\n|t:|1776548189\n|switch|p2a: Garchomp|Garchomp, L50, F|100/100\n|move|p1a: Gyarados|Protect|p1a: Gyarados\n|-singleturn|p1a: Gyarados|Protect\n|move|p2b: Sneasler|Fake Out|p1b: Corviknight\n|-resisted|p1b: Corviknight|1\n|-damage|p1b: Corviknight|82/100\n|cant|p1b: Corviknight|flinch\n|\n|-heal|p1b: Corviknight|88/100|[from] item: Leftovers\n|upkeep\n|turn|4\n|inactive|tism VGC has 30 seconds left.\n|\n|t:|1776548218\n|move|p1a: Gyarados|Waterfall|p2a: Garchomp\n|-damage|p2a: Garchomp|4/100\n|-damage|p1a: Gyarados|62/100|[from] ability: Rough Skin|[of] p2a: Garchomp\n|move|p2a: Garchomp|Rock Slide|p1b: Corviknight|[spread] p1a,p1b\n|-crit|p1b: Corviknight\n|-damage|p1a: Gyarados|45/100\n|-damage|p1b: Corviknight|60/100\n|move|p2b: Sneasler|Close Combat|p1a: Gyarados\n|-supereffective|p1a: Gyarados|1\n|-damage|p1a: Gyarados|0 fnt\n|-unboost|p2b: Sneasler|def|1\n|-unboost|p2b: Sneasler|spd|1\n|faint|p1a: Gyarados\n|-enditem|p2b: Sneasler|White Herb\n|-clearnegativeboost|p2b: Sneasler|[silent]\n|move|p1b: Corviknight|Brave Bird|p2b: Sneasler\n|-supereffective|p2b: Sneasler|1\n|-crit|p2b: Sneasler\n|-damage|p2b: Sneasler|0 fnt\n|faint|p2b: Sneasler\n|-damage|p1b: Corviknight|35/100|[from] Recoil\n|\n|-heal|p1b: Corviknight|41/100|[from] item: Leftovers\n|-sideend|p2: Ryderrrrr|move: Tailwind\n|-sideend|p1: tism VGC|move: Tailwind\n|upkeep\n|\n|t:|1776548243\n|switch|p2b: Aerodactyl|Aerodactyl, L50, F|100/100\n|switch|p1a: Garchomp|Garchomp, L50, F|100/100\n|-ability|p2b: Aerodactyl|Unnerve\n|turn|5\n|inactive|Ryderrrrr has 30 seconds left.\n|\n|t:|1776548268\n|switch|p2a: Rotom|Rotom-Heat, L50|100/100\n|move|p2b: Aerodactyl|Tailwind|p2b: Aerodactyl\n|-sidestart|p2: Ryderrrrr|move: Tailwind\n|move|p1a: Garchomp|Earthquake|p2a: Rotom|[spread] \n|-immune|p1b: Corviknight\n|-immune|p2a: Rotom|[from] ability: Levitate\n|-immune|p2b: Aerodactyl\n|move|p1b: Corviknight|Tailwind|p1b: Corviknight\n|-sidestart|p1: tism VGC|move: Tailwind\n|\n|-heal|p1b: Corviknight|47/100|[from] item: Leftovers\n|upkeep\n|turn|6\n|j| LuizVentura\n|inactive|tism VGC has 30 seconds left.\n|inactive|tism VGC has 20 seconds left.\n|inactive|tism VGC has 15 seconds left.\n|inactive|tism VGC has 10 seconds left.\n|inactive|tism VGC has 5 seconds left.\n|\n|t:|1776548323\n|switch|p1b: Delphox|Delphox, L50, M|100/100\n|move|p2b: Aerodactyl|Protect|p2b: Aerodactyl\n|-singleturn|p2b: Aerodactyl|Protect\n|move|p1a: Garchomp|Stone Edge|p2a: Rotom\n|-supereffective|p2a: Rotom|1\n|-damage|p2a: Rotom|29/100\n|-enditem|p2a: Rotom|Sitrus Berry|[eat]\n|-heal|p2a: Rotom|54/100|[from] item: Sitrus Berry\n|move|p2a: Rotom|Overheat|p1b: Delphox\n|-resisted|p1b: Delphox|1\n|-damage|p1b: Delphox|71/100\n|-unboost|p2a: Rotom|spa|2\n|\n|upkeep\n|turn|7\n|inactive|tism VGC has 30 seconds left.\n|\n|t:|1776548350\n|move|p1b: Delphox|Protect|p1b: Delphox\n|-singleturn|p1b: Delphox|Protect\n|move|p2b: Aerodactyl|Rock Slide|p1b: Delphox|[spread] p1a\n|-activate|p1b: Delphox|move: Protect\n|-resisted|p1a: Garchomp|1\n|-damage|p1a: Garchomp|89/100\n|move|p1a: Garchomp|Stone Edge|p2a: Rotom\n|-supereffective|p2a: Rotom|1\n|-damage|p2a: Rotom|0 fnt\n|faint|p2a: Rotom\n|\n|upkeep\n|\n|t:|1776548359\n|switch|p2a: Garchomp|Garchomp, L50, F|4/100\n|turn|8\n|\n|t:|1776548371\n|switch|p1b: Corviknight|Corviknight, L50, F|47/100\n|move|p2a: Garchomp|Dragon Claw|p1a: Garchomp\n|-supereffective|p1a: Garchomp|1\n|-damage|p1a: Garchomp|0 fnt\n|-damage|p2a: Garchomp|0 fnt|[from] ability: Rough Skin|[of] p1a: Garchomp\n|faint|p1a: Garchomp\n|faint|p2a: Garchomp\n|move|p2b: Aerodactyl|Rock Slide|p1b: Corviknight\n|-damage|p1b: Corviknight|19/100\n|\n|-heal|p1b: Corviknight|24/100|[from] item: Leftovers\n|-sideend|p1: tism VGC|move: Tailwind\n|-sideend|p2: Ryderrrrr|move: Tailwind\n|upkeep\n|\n|t:|1776548384\n|switch|p1a: Delphox|Delphox, L50, M|71/100\n|turn|9\n|\n|t:|1776548399\n|move|p2b: Aerodactyl|Tailwind|p2b: Aerodactyl\n|-sidestart|p2: Ryderrrrr|move: Tailwind\n|move|p1a: Delphox|Psychic|p2b: Aerodactyl\n|-damage|p2b: Aerodactyl|37/100\n|move|p1b: Corviknight|Body Press|p2b: Aerodactyl\n|-damage|p2b: Aerodactyl|4/100\n|\n|-heal|p1b: Corviknight|30/100|[from] item: Leftovers\n|upkeep\n|turn|10\n|\n|t:|1776548417\n|move|p2b: Aerodactyl|Rock Slide|p1b: Corviknight|[spread] p1a,p1b\n|-supereffective|p1a: Delphox|1\n|-damage|p1a: Delphox|0 fnt\n|-damage|p1b: Corviknight|11/100\n|faint|p1a: Delphox\n|move|p1b: Corviknight|Body Press|p2b: Aerodactyl\n|-damage|p2b: Aerodactyl|0 fnt\n|faint|p2b: Aerodactyl\n|\n|win|tism VGC\n",
  "uploadtime": 1776547988,
  "views": 10,
  "formatid": "gen9championsvgc2026regma",
  "rating": null,
  "private": 0,
  "password": null
}