{
  "id": "gen9championsvgc2026regma-2588613041",
  "format": "[Gen 9 Champions] VGC 2026 Reg M-A",
  "players": [
    "Snow_Rob",
    "loquendrox"
  ],
  "log": "|j|\u2606Snow_Rob\n|j|\u2606loquendrox\n|t:|1776650121\n|gametype|doubles\n|player|p1|Snow_Rob|workerice|1099\n|player|p2|loquendrox|palmer|1101\n|gen|9\n|tier|[Gen 9 Champions] VGC 2026 Reg M-A\n|rated|\n|rule|Species Clause: Limit one of each Pok\u00e9mon\n|rule|Item Clause: Limit 1 of each item\n|clearpoke\n|poke|p1|Froslass, L50, F|\n|poke|p1|Ninetales-Alola, L50, F|\n|poke|p1|Basculegion, L50, M|\n|poke|p1|Garchomp, L50, M|\n|poke|p1|Sneasler, L50, M|\n|poke|p1|Talonflame, L50, M|\n|poke|p2|Excadrill, L50, F|\n|poke|p2|Tyranitar, L50, F, shiny|\n|poke|p2|Sneasler, L50, F|\n|poke|p2|Corviknight, L50, F, shiny|\n|poke|p2|Sinistcha-Masterpiece, L50|\n|poke|p2|Gyarados, L50, M|\n|teampreview|4\n|inactive|Battle timer is ON: inactive players will automatically lose when time's up. (requested by loquendrox)\n|\n|t:|1776650139\n|teamsize|p1|4\n|teamsize|p2|4\n|start\n|switch|p1a: Sneasler|Sneasler, L50, M|100/100\n|switch|p1b: Garchomp|Garchomp, L50, M|100/100\n|switch|p2a: Tyranitar|Tyranitar, L50, F, shiny|100/100\n|switch|p2b: Corviknight|Corviknight, L50, F, shiny|100/100\n|-weather|Sandstorm|[from] ability: Sand Stream|[of] p2a: Tyranitar\n|turn|1\n|inactive|Snow_Rob has 30 seconds left.\n|inactive|Snow_Rob has 20 seconds left.\n|inactive|Snow_Rob has 15 seconds left.\n|\n|t:|1776650182\n|move|p2a: Tyranitar|Protect|p2a: Tyranitar\n|-singleturn|p2a: Tyranitar|Protect\n|move|p1a: Sneasler|Fake Out|p2b: Corviknight\n|-resisted|p2b: Corviknight|1\n|-damage|p2b: Corviknight|94/100\n|move|p1b: Garchomp|Swords Dance|p1b: Garchomp\n|-boost|p1b: Garchomp|atk|2\n|cant|p2b: Corviknight|flinch\n|\n|-weather|Sandstorm|[upkeep]\n|-damage|p1a: Sneasler|95/100|[from] Sandstorm\n|-heal|p2b: Corviknight|100/100|[from] item: Leftovers\n|upkeep\n|turn|2\n|\n|t:|1776650206\n|switch|p2a: Sinistcha|Sinistcha-Masterpiece, L50|100/100\n|move|p1a: Sneasler|Close Combat|p2a: Sinistcha\n|-immune|p2a: Sinistcha\n|move|p1b: Garchomp|Rock Slide|p2b: Corviknight|[spread] p2a\n|-miss|p1b: Garchomp|p2b: Corviknight\n|-damage|p2a: Sinistcha|65/100\n|move|p2b: Corviknight|Brave Bird|p1a: Sneasler\n|-supereffective|p1a: Sneasler|1\n|-damage|p1a: Sneasler|0 fnt\n|faint|p1a: Sneasler\n|-damage|p2b: Corviknight|75/100|[from] Recoil\n|\n|-weather|Sandstorm|[upkeep]\n|-damage|p2a: Sinistcha|59/100|[from] Sandstorm\n|-heal|p2b: Corviknight|81/100|[from] item: Leftovers\n|upkeep\n|\n|t:|1776650217\n|switch|p1a: Ninetales|Ninetales-Alola, L50, F|100/100\n|-weather|Snowscape|[from] ability: Snow Warning|[of] p1a: Ninetales\n|turn|3\n|inactive|Snow_Rob has 30 seconds left.\n|\n|t:|1776650243\n|switch|p2a: Tyranitar|Tyranitar, L50, F, shiny|100/100\n|-weather|Sandstorm|[from] ability: Sand Stream|[of] p2a: Tyranitar\n|move|p1a: Ninetales|Blizzard|p2a: Tyranitar|[spread] p2b\n|-miss|p1a: Ninetales|p2a: Tyranitar\n|-damage|p2b: Corviknight|49/100\n|move|p1b: Garchomp|Stomping Tantrum|p2a: Tyranitar\n|-supereffective|p2a: Tyranitar|1\n|-damage|p2a: Tyranitar|0 fnt\n|faint|p2a: Tyranitar\n|move|p2b: Corviknight|Roost|p2b: Corviknight\n|-heal|p2b: Corviknight|99/100\n|-singleturn|p2b: Corviknight|move: Roost\n|\n|-weather|Sandstorm|[upkeep]\n|-damage|p1a: Ninetales|95/100|[from] Sandstorm\n|-heal|p2b: Corviknight|100/100|[from] item: Leftovers\n|upkeep\n|\n|t:|1776650260\n|switch|p2a: Sneasler|Sneasler, L50, F|100/100\n|turn|4\n|\n|t:|1776650268\n|move|p1a: Ninetales|Protect|p1a: Ninetales\n|-singleturn|p1a: Ninetales|Protect\n|move|p2a: Sneasler|Fake Out|p1b: Garchomp\n|-damage|p1b: Garchomp|89/100\n|-damage|p2a: Sneasler|88/100|[from] ability: Rough Skin|[of] p1b: Garchomp\n|cant|p1b: Garchomp|flinch\n|move|p2b: Corviknight|Body Press|p1a: Ninetales\n|-activate|p1a: Ninetales|move: Protect\n|\n|-weather|Sandstorm|[upkeep]\n|-damage|p2a: Sneasler|82/100|[from] Sandstorm\n|-damage|p1a: Ninetales|89/100|[from] Sandstorm\n|upkeep\n|turn|5\n|\n|t:|1776650283\n|move|p2a: Sneasler|Dire Claw|p1a: Ninetales\n|-supereffective|p1a: Ninetales|1\n|-damage|p1a: Ninetales|0 fnt\n|faint|p1a: Ninetales\n|move|p1b: Garchomp|Stomping Tantrum|p2a: Sneasler\n|-supereffective|p2a: Sneasler|1\n|-damage|p2a: Sneasler|0 fnt\n|faint|p2a: Sneasler\n|move|p2b: Corviknight|Bulk Up|p2b: Corviknight\n|-boost|p2b: Corviknight|atk|1\n|-boost|p2b: Corviknight|def|1\n|\n|-weather|Sandstorm|[upkeep]\n|upkeep\n|\n|t:|1776650292\n|switch|p2a: Sinistcha|Sinistcha-Masterpiece, L50|59/100\n|switch|p1a: Froslass|Froslass, L50, F|100/100\n|turn|6\n|\n|t:|1776650308\n|detailschange|p1a: Froslass|Froslass-Mega, L50, F\n|-mega|p1a: Froslass|Froslass|Froslassite\n|-weather|Snowscape|[from] ability: Snow Warning|[of] p1a: Froslass\n|move|p1a: Froslass|Blizzard|p2a: Sinistcha|[spread] p2a,p2b\n|-supereffective|p2a: Sinistcha|1\n|-damage|p2a: Sinistcha|0 fnt\n|-damage|p2b: Corviknight|67/100\n|faint|p2a: Sinistcha\n|move|p1b: Garchomp|Rock Slide|p2b: Corviknight\n|-damage|p2b: Corviknight|37/100\n|move|p2b: Corviknight|Body Press|p1b: Garchomp\n|-damage|p1b: Garchomp|65/100\n|-damage|p2b: Corviknight|24/100|[from] ability: Rough Skin|[of] p1b: Garchomp\n|\n|-weather|Snowscape|[upkeep]\n|-heal|p2b: Corviknight|30/100|[from] item: Leftovers\n|upkeep\n|turn|7\n|-message|loquendrox forfeited.\n|\n|win|Snow_Rob\n|raw|Snow_Rob's rating: 1099 &rarr; <strong>1124</strong><br />(+25 for winning)\n|raw|loquendrox's rating: 1101 &rarr; <strong>1076</strong><br />(-25 for losing)\n|l|\u2606loquendrox\n|player|p2|\n",
  "uploadtime": 1776650331,
  "views": 11,
  "formatid": "gen9championsvgc2026regma",
  "rating": 1076,
  "private": 0,
  "password": null
}