{
  "id": "gen9championsvgc2026regma-2588320432",
  "format": "[Gen 9 Champions] VGC 2026 Reg M-A",
  "players": [
    "SeanTheOrange",
    "emmesg"
  ],
  "log": "|j|\u2606SeanTheOrange\n|j|\u2606emmesg\n|t:|1776623842\n|gametype|doubles\n|player|p1|SeanTheOrange|101|1446\n|player|p2|emmesg|102|1560\n|gen|9\n|tier|[Gen 9 Champions] VGC 2026 Reg M-A\n|rated|\n|rule|Species Clause: Limit one of each Pok\u00e9mon\n|rule|Item Clause: Limit 1 of each item\n|clearpoke\n|poke|p1|Garchomp, L50, M|\n|poke|p1|Tyranitar, L50, M|\n|poke|p1|Sneasler, L50, F|\n|poke|p1|Rotom-Wash, L50|\n|poke|p1|Talonflame, L50, M|\n|poke|p1|Kingambit, L50, M|\n|poke|p2|Kingambit, L50, M|\n|poke|p2|Gengar, L50, M|\n|poke|p2|Incineroar, L50, M|\n|poke|p2|Palafin, L50, F|\n|poke|p2|Sableye, L50, M|\n|poke|p2|Politoed, L50, M|\n|teampreview|4\n|\n|t:|1776623890\n|teamsize|p1|4\n|teamsize|p2|4\n|start\n|switch|p1a: Kingambit|Kingambit, L50, M|100/100\n|switch|p1b: Sneasler|Sneasler, L50, F|100/100\n|switch|p2a: Gengar|Gengar, L50, M|100/100\n|switch|p2b: Kingambit|Kingambit, L50, M|100/100\n|turn|1\n|inactive|Battle timer is ON: inactive players will automatically lose when time's up. (requested by SeanTheOrange)\n|\n|t:|1776623907\n|detailschange|p2a: Gengar|Gengar-Mega, L50, M\n|-mega|p2a: Gengar|Gengar|Gengarite\n|move|p2a: Gengar|Protect|p2a: Gengar\n|-singleturn|p2a: Gengar|Protect\n|move|p1b: Sneasler|Fake Out|p2b: Kingambit\n|-resisted|p2b: Kingambit|1\n|-damage|p2b: Kingambit|94/100\n|move|p1a: Kingambit|Kowtow Cleave|p2a: Gengar\n|-activate|p2a: Gengar|move: Protect\n|cant|p2b: Kingambit|flinch\n|\n|upkeep\n|turn|2\n|\n|t:|1776623930\n|switch|p2b: Sableye|Sableye, L50, M|100/100\n|move|p2a: Gengar|Disable|p1a: Kingambit\n|-start|p1a: Kingambit|Disable|Kowtow Cleave\n|move|p1b: Sneasler|Coaching|p1a: Kingambit\n|-boost|p1a: Kingambit|atk|1\n|-boost|p1a: Kingambit|def|1\n|cant|p1a: Kingambit|Disable|Kowtow Cleave\n|\n|upkeep\n|turn|3\n|\n|t:|1776623950\n|move|p2b: Sableye|Encore|p1b: Sneasler\n|-start|p1b: Sneasler|Encore\n|move|p2a: Gengar|Perish Song|p2a: Gengar\n|-start|p1a: Kingambit|perish3|[silent]\n|-start|p1b: Sneasler|perish3|[silent]\n|-start|p2a: Gengar|perish3|[silent]\n|-start|p2b: Sableye|perish3|[silent]\n|-fieldactivate|move: Perish Song\n|move|p1b: Sneasler|Coaching|p1a: Kingambit\n|-boost|p1a: Kingambit|atk|1\n|-boost|p1a: Kingambit|def|1\n|move|p1a: Kingambit|Iron Head|p2b: Sableye\n|-damage|p2b: Sableye|0 fnt\n|faint|p2b: Sableye\n|\n|-start|p2a: Gengar|perish3\n|-start|p1b: Sneasler|perish3\n|-start|p1a: Kingambit|perish3\n|upkeep\n|\n|t:|1776623971\n|switch|p2b: Kingambit|Kingambit, L50, M|94/100\n|turn|4\n|\n|t:|1776623979\n|move|p2a: Gengar|Protect|p2a: Gengar\n|-singleturn|p2a: Gengar|Protect\n|move|p2b: Kingambit|Protect|p2b: Kingambit\n|-singleturn|p2b: Kingambit|Protect\n|move|p1b: Sneasler|Coaching|p1a: Kingambit\n|-boost|p1a: Kingambit|atk|1\n|-boost|p1a: Kingambit|def|1\n|move|p1a: Kingambit|Iron Head|p2a: Gengar\n|-activate|p2a: Gengar|move: Protect\n|\n|-start|p2a: Gengar|perish2\n|-start|p1b: Sneasler|perish2\n|-start|p1a: Kingambit|perish2\n|upkeep\n|turn|5\n|\n|t:|1776624000\n|switch|p2a: Politoed|Politoed, L50, M|100/100\n|-weather|RainDance|[from] ability: Drizzle|[of] p2a: Politoed\n|move|p1b: Sneasler|Coaching|p1a: Kingambit\n|-boost|p1a: Kingambit|atk|1\n|-boost|p1a: Kingambit|def|1\n|move|p1a: Kingambit|Iron Head|p2a: Politoed\n|-resisted|p2a: Politoed|1\n|-damage|p2a: Politoed|25/100\n|-enditem|p2a: Politoed|Sitrus Berry|[eat]\n|-heal|p2a: Politoed|50/100|[from] item: Sitrus Berry\n|move|p2b: Kingambit|Low Kick|p1b: Sneasler\n|-resisted|p1b: Sneasler|1\n|-damage|p1b: Sneasler|84/100\n|\n|-weather|RainDance|[upkeep]\n|-end|p1b: Sneasler|Encore\n|-end|p1a: Kingambit|Disable\n|-start|p1b: Sneasler|perish1\n|-start|p1a: Kingambit|perish1\n|upkeep\n|turn|6\n|-message|emmesg forfeited.\n|\n|win|SeanTheOrange\n|raw|SeanTheOrange's rating: 1446 &rarr; <strong>1472</strong><br />(+26 for winning)\n|raw|emmesg's rating: 1560 &rarr; <strong>1534</strong><br />(-26 for losing)\n|l|\u2606emmesg\n|player|p2|\n|l|\u2606SeanTheOrange\n|player|p1|\n",
  "uploadtime": 1776624056,
  "views": 10,
  "formatid": "gen9championsvgc2026regma",
  "rating": 1472,
  "private": 0,
  "password": null
}