{
  "id": "gen9championsvgc2026regma-2585898261",
  "format": "[Gen 9 Champions] VGC 2026 Reg M-A",
  "players": [
    "gazman3",
    "desrichards"
  ],
  "log": "|j|\u2606gazman3\n|j|\u2606desrichards\n|t:|1776379522\n|gametype|doubles\n|player|p1|gazman3|policeman-gen4|1074\n|player|p2|desrichards|hilbert|1064\n|gen|9\n|tier|[Gen 9 Champions] VGC 2026 Reg M-A\n|rated|\n|rule|Species Clause: Limit one of each Pok\u00e9mon\n|rule|Item Clause: Limit 1 of each item\n|clearpoke\n|poke|p1|Dragonite, L50, M|\n|poke|p1|Lucario, L50, F|\n|poke|p1|Incineroar, L50, M|\n|poke|p1|Corviknight, L50, M|\n|poke|p1|Rotom-Wash, L50|\n|poke|p1|Sneasler, L50, M|\n|poke|p2|Farigiraf, L50, F|\n|poke|p2|Empoleon, L50, M|\n|poke|p2|Camerupt, L50, F|\n|poke|p2|Torkoal, L50, F|\n|poke|p2|Venusaur, L50, M|\n|poke|p2|Lucario, L50, M|\n|teampreview|4\n|inactive|Battle timer is ON: inactive players will automatically lose when time's up. (requested by gazman3)\n|inactive|gazman3 has 60 seconds left.\n|\n|t:|1776379568\n|teamsize|p1|4\n|teamsize|p2|4\n|start\n|switch|p1a: Incineroar|Incineroar, L50, M|100/100\n|switch|p1b: Dragonite|Dragonite, L50, M|100/100\n|switch|p2a: Empoleon|Empoleon, L50, M|100/100\n|switch|p2b: Farigiraf|Farigiraf, L50, F|100/100\n|-ability|p1a: Incineroar|Intimidate|boost\n|-unboost|p2a: Empoleon|atk|1\n|-ability|p2a: Empoleon|Competitive|boost\n|-boost|p2a: Empoleon|spa|2\n|-unboost|p2b: Farigiraf|atk|1\n|turn|1\n|inactive|gazman3 has 30 seconds left.\n|\n|t:|1776379595\n|detailschange|p1b: Dragonite|Dragonite-Mega, L50, M\n|-mega|p1b: Dragonite|Dragonite|Dragoninite\n|move|p2b: Farigiraf|Protect|p2b: Farigiraf\n|-singleturn|p2b: Farigiraf|Protect\n|move|p1b: Dragonite|Air Slash|p2b: Farigiraf\n|-activate|p2b: Farigiraf|move: Protect\n|move|p1a: Incineroar|Taunt|p2b: Farigiraf\n|-activate|p2b: Farigiraf|move: Protect\n|move|p2a: Empoleon|Hydro Pump|p1a: Incineroar|[miss]\n|-miss|p2a: Empoleon|p1a: Incineroar\n|\n|upkeep\n|turn|2\n|inactive|gazman3 has 30 seconds left.\n|inactive|desrichards has 30 seconds left.\n|\n|t:|1776379621\n|move|p1b: Dragonite|Heat Wave|p2b: Farigiraf|[spread] p2a\n|-miss|p1b: Dragonite|p2b: Farigiraf\n|-damage|p2a: Empoleon|77/100\n|move|p1a: Incineroar|Darkest Lariat|p2b: Farigiraf\n|-supereffective|p2b: Farigiraf|1\n|-damage|p2b: Farigiraf|39/100\n|move|p2a: Empoleon|Hydro Pump|p1a: Incineroar\n|-supereffective|p1a: Incineroar|1\n|-damage|p1a: Incineroar|0 fnt\n|faint|p1a: Incineroar\n|move|p2b: Farigiraf|Trick Room|p2b: Farigiraf\n|-fieldstart|move: Trick Room|[of] p2b: Farigiraf\n|\n|upkeep\n|\n|t:|1776379632\n|switch|p1a: Rotom|Rotom-Wash, L50|100/100\n|turn|3\n|\n|t:|1776379659\n|move|p2a: Empoleon|Flash Cannon|p1b: Dragonite\n|-damage|p1b: Dragonite|71/100\n|move|p2b: Farigiraf|Psychic Noise|p1b: Dragonite\n|-damage|p1b: Dragonite|47/100\n|-start|p1b: Dragonite|move: Heal Block\n|move|p1a: Rotom|Volt Switch|p2a: Empoleon\n|-supereffective|p2a: Empoleon|1\n|-damage|p2a: Empoleon|0 fnt\n|faint|p2a: Empoleon\n|\n|t:|1776379669\n|switch|p1a: Sneasler|Sneasler, L50, M|100/100|[from] Volt Switch\n|move|p1b: Dragonite|Heat Wave|p2b: Farigiraf\n|-damage|p2b: Farigiraf|6/100\n|\n|upkeep\n|\n|t:|1776379673\n|switch|p2a: Camerupt|Camerupt, L50, F|100/100\n|turn|4\n|\n|t:|1776379691\n|switch|p1b: Rotom|Rotom-Wash, L50|100/100\n|detailschange|p2a: Camerupt|Camerupt-Mega, L50, F\n|-mega|p2a: Camerupt|Camerupt|Cameruptite\n|move|p2a: Camerupt|Eruption|p1a: Sneasler|[spread] p1a,p1b\n|-resisted|p1b: Rotom|1\n|-enditem|p1a: Sneasler|Focus Sash\n|-damage|p1a: Sneasler|1/100\n|-damage|p1b: Rotom|65/100\n|move|p2b: Farigiraf|Psychic Noise|p1a: Sneasler\n|-supereffective|p1a: Sneasler|2\n|-damage|p1a: Sneasler|0 fnt\n|faint|p1a: Sneasler\n|\n|upkeep\n|\n|t:|1776379704\n|switch|p1a: Dragonite|Dragonite-Mega, L50, M|47/100\n|turn|5\n|\n|t:|1776379717\n|move|p1b: Rotom|Protect|p1b: Rotom\n|-singleturn|p1b: Rotom|Protect\n|move|p2a: Camerupt|Eruption|p1a: Dragonite|[spread] p1a\n|-activate|p1b: Rotom|move: Protect\n|-resisted|p1a: Dragonite|1\n|-damage|p1a: Dragonite|20/100\n|move|p2b: Farigiraf|Psychic Noise|p1b: Rotom\n|-activate|p1b: Rotom|move: Protect\n|move|p1a: Dragonite|Roost|p1a: Dragonite\n|-heal|p1a: Dragonite|70/100\n|-singleturn|p1a: Dragonite|move: Roost\n|\n|upkeep\n|turn|6\n|\n|t:|1776379741\n|move|p2a: Camerupt|Eruption|p1a: Dragonite|[spread] p1a,p1b\n|-resisted|p1a: Dragonite|1\n|-resisted|p1b: Rotom|1\n|-damage|p1a: Dragonite|43/100\n|-damage|p1b: Rotom|24/100\n|move|p2b: Farigiraf|Psychic Noise|p1b: Rotom\n|-damage|p1b: Rotom|0 fnt\n|faint|p1b: Rotom\n|move|p1a: Dragonite|Roost|p1a: Dragonite\n|-heal|p1a: Dragonite|93/100\n|-singleturn|p1a: Dragonite|move: Roost\n|\n|-fieldend|move: Trick Room\n|upkeep\n|turn|7\n|inactive|gazman3 has 30 seconds left.\n|\n|t:|1776379775\n|move|p1a: Dragonite|Heat Wave|p2a: Camerupt|[spread] p2a,p2b\n|-resisted|p2a: Camerupt|1\n|-damage|p2a: Camerupt|89/100\n|-damage|p2b: Farigiraf|0 fnt\n|faint|p2b: Farigiraf\n|move|p2a: Camerupt|Heat Wave|p1a: Dragonite\n|-resisted|p1a: Dragonite|1\n|-damage|p1a: Dragonite|65/100\n|\n|upkeep\n|\n|t:|1776379778\n|switch|p2b: Venusaur|Venusaur, L50, M|100/100\n|turn|8\n|\n|t:|1776379787\n|move|p1a: Dragonite|Roost|p1a: Dragonite\n|-heal|p1a: Dragonite|100/100\n|-singleturn|p1a: Dragonite|move: Roost\n|move|p2b: Venusaur|Sleep Powder|p1a: Dragonite\n|-status|p1a: Dragonite|slp|[from] move: Sleep Powder\n|move|p2a: Camerupt|Heat Wave|p1a: Dragonite\n|-resisted|p1a: Dragonite|1\n|-damage|p1a: Dragonite|85/100 slp\n|\n|upkeep\n|turn|9\n|\n|t:|1776379801\n|cant|p1a: Dragonite|slp\n|move|p2b: Venusaur|Sludge Bomb|p1a: Dragonite\n|-damage|p1a: Dragonite|50/100 slp\n|move|p2a: Camerupt|Eruption|p1a: Dragonite\n|-resisted|p1a: Dragonite|1\n|-damage|p1a: Dragonite|16/100 slp\n|\n|upkeep\n|turn|10\n|\n|t:|1776379816\n|cant|p1a: Dragonite|slp\n|move|p2b: Venusaur|Sludge Bomb|p1a: Dragonite\n|-damage|p1a: Dragonite|0 fnt\n|faint|p1a: Dragonite\n|\n|win|desrichards\n|raw|gazman3's rating: 1074 &rarr; <strong>1052</strong><br />(-22 for losing)\n|raw|desrichards's rating: 1064 &rarr; <strong>1095</strong><br />(+31 for winning)\n|c|\u2606gazman3|gg\n|l|\u2606gazman3\n|player|p1|\n|c|\u2606desrichards|Gg\n",
  "uploadtime": 1776379833,
  "views": 22,
  "formatid": "gen9championsvgc2026regma",
  "rating": 1052,
  "private": 0,
  "password": null
}