{
  "id": "gen9championsvgc2026regma-2583710941",
  "format": "[Gen 9 Champions] VGC 2026 Reg M-A",
  "players": [
    "taimote",
    "cabrino"
  ],
  "log": "|j|\u2606taimote\n|j|\u2606cabrino\n|t:|1776192527\n|gametype|doubles\n|player|p1|taimote|101|1434\n|player|p2|cabrino|depotagent|1566\n|gen|9\n|tier|[Gen 9 Champions] VGC 2026 Reg M-A\n|rated|\n|rule|Species Clause: Limit one of each Pok\u00e9mon\n|rule|Item Clause: Limit 1 of each item\n|clearpoke\n|poke|p1|Incineroar, L50, M|\n|poke|p1|Floette-Eternal, L50, F|\n|poke|p1|Sneasler, L50, F|\n|poke|p1|Hydreigon, L50, M|\n|poke|p1|Basculegion, L50, M|\n|poke|p1|Pelipper, L50, M|\n|poke|p2|Aerodactyl, L50, F|\n|poke|p2|Sneasler, L50, M|\n|poke|p2|Kingambit, L50, M|\n|poke|p2|Floette-Eternal, L50, F|\n|poke|p2|Sinistcha, L50|\n|poke|p2|Garchomp, L50, M|\n|teampreview|4\n|inactive|Battle timer is ON: inactive players will automatically lose when time's up. (requested by taimote)\n|\n|t:|1776192561\n|teamsize|p1|4\n|teamsize|p2|4\n|start\n|switch|p1a: Sneasler|Sneasler, L50, F|100/100\n|switch|p1b: Basculegion|Basculegion, L50, M|100/100\n|switch|p2a: AeroNarfi|Aerodactyl, L50, F, shiny|100/100\n|switch|p2b: Garchalipe|Garchomp, L50, M|100/100\n|-ability|p2a: AeroNarfi|Unnerve\n|turn|1\n|\n|t:|1776192577\n|move|p2a: AeroNarfi|Protect|p2a: AeroNarfi\n|-singleturn|p2a: AeroNarfi|Protect\n|move|p1a: Sneasler|Fake Out|p2a: AeroNarfi\n|-activate|p2a: AeroNarfi|move: Protect\n|move|p2b: Garchalipe|Earthquake|p1a: Sneasler|[spread] p1a,p1b\n|-activate|p2a: AeroNarfi|move: Protect\n|-supereffective|p1a: Sneasler|1\n|-enditem|p1a: Sneasler|Focus Sash\n|-damage|p1a: Sneasler|1/100\n|-damage|p1b: Basculegion|44/100\n|move|p1b: Basculegion|Wave Crash|p2a: AeroNarfi\n|-activate|p2a: AeroNarfi|move: Protect\n|\n|upkeep\n|turn|2\n|\n|t:|1776192592\n|switch|p1a: Pelipper|Pelipper, L50, M|100/100\n|-weather|RainDance|[from] ability: Drizzle|[of] p1a: Pelipper\n|move|p1b: Basculegion|Wave Crash|p2a: AeroNarfi\n|-supereffective|p2a: AeroNarfi|1\n|-enditem|p2a: AeroNarfi|Focus Sash\n|-damage|p2a: AeroNarfi|1/100\n|-damage|p1b: Basculegion|19/100|[from] Recoil\n|move|p2b: Garchalipe|Earthquake|p1b: Basculegion|[spread] p1b\n|-immune|p2a: AeroNarfi\n|-immune|p1a: Pelipper\n|-damage|p1b: Basculegion|0 fnt\n|faint|p1b: Basculegion\n|move|p2a: AeroNarfi|Tailwind|p2a: AeroNarfi\n|-sidestart|p2: cabrino|move: Tailwind\n|\n|-weather|RainDance|[upkeep]\n|upkeep\n|\n|t:|1776192600\n|switch|p1b: Floette|Floette-Eternal, L50, F|100/100\n|turn|3\n|\n|t:|1776192616\n|detailschange|p1b: Floette|Floette-Mega, L50, F\n|-mega|p1b: Floette|Floette|Floettite\n|-ability|p1b: Floette|Fairy Aura\n|move|p1b: Floette|Protect|p1b: Floette\n|-singleturn|p1b: Floette|Protect\n|move|p2b: Garchalipe|Earthquake|p1b: Floette|[spread] \n|-activate|p1b: Floette|move: Protect\n|-immune|p2a: AeroNarfi\n|-immune|p1a: Pelipper\n|move|p2a: AeroNarfi|Dual Wingbeat|p1b: Floette\n|-activate|p1b: Floette|move: Protect\n|move|p1a: Pelipper|Tailwind|p1a: Pelipper\n|-sidestart|p1: taimote|move: Tailwind\n|\n|-weather|RainDance|[upkeep]\n|upkeep\n|turn|4\n|\n|t:|1776192637\n|move|p2b: Garchalipe|Earthquake|p1b: Floette|[spread] p1b\n|-immune|p2a: AeroNarfi\n|-immune|p1a: Pelipper\n|-damage|p1b: Floette|39/100\n|move|p2a: AeroNarfi|Rock Slide|p1b: Floette|[spread] p1a,p1b\n|-supereffective|p1a: Pelipper|1\n|-damage|p1a: Pelipper|57/100\n|-damage|p1b: Floette|6/100\n|move|p1b: Floette|Dazzling Gleam|p2b: Garchalipe|[spread] p2a,p2b\n|-supereffective|p2b: Garchalipe|1\n|-crit|p2b: Garchalipe\n|-damage|p2a: AeroNarfi|0 fnt\n|-damage|p2b: Garchalipe|0 fnt\n|faint|p2a: AeroNarfi\n|faint|p2b: Garchalipe\n|move|p1a: Pelipper|Weather Ball|p2: AeroNarfi|[notarget]\n|-fail|p1a: Pelipper\n|\n|-weather|RainDance|[upkeep]\n|upkeep\n|\n|t:|1776192654\n|switch|p2a: PablitoGames|Kingambit, L50, M, shiny|100/100\n|switch|p2b: 7Cryo|Floette-Eternal, L50, F|100/100\n|turn|5\n|\n|t:|1776192676\n|detailschange|p2b: 7Cryo|Floette-Mega, L50, F\n|-mega|p2b: 7Cryo|Floette|Floettite\n|-ability|p2b: 7Cryo|Fairy Aura\n|move|p1b: Floette|Protect|p1b: Floette\n|-singleturn|p1b: Floette|Protect\n|move|p2a: PablitoGames|Sucker Punch||[still]\n|-fail|p2a: PablitoGames\n|move|p2b: 7Cryo|Calm Mind|p2b: 7Cryo\n|-boost|p2b: 7Cryo|spa|1\n|-boost|p2b: 7Cryo|spd|1\n|move|p1a: Pelipper|Weather Ball|p2a: PablitoGames\n|-damage|p2a: PablitoGames|43/100\n|\n|-weather|RainDance|[upkeep]\n|-sideend|p2: cabrino|move: Tailwind\n|upkeep\n|turn|6\n|inactive|cabrino has 30 seconds left.\n|\n|t:|1776192706\n|move|p2a: PablitoGames|Protect|p2a: PablitoGames\n|-singleturn|p2a: PablitoGames|Protect\n|move|p1b: Floette|Moonblast|p2a: PablitoGames\n|-activate|p2a: PablitoGames|move: Protect\n|move|p1a: Pelipper|Weather Ball|p2a: PablitoGames\n|-activate|p2a: PablitoGames|move: Protect\n|move|p2b: 7Cryo|Dazzling Gleam|p1a: Pelipper|[spread] p1a,p1b\n|-damage|p1a: Pelipper|0 fnt\n|-damage|p1b: Floette|0 fnt\n|faint|p1a: Pelipper\n|faint|p1b: Floette\n|\n|-weather|none\n|-sideend|p1: taimote|move: Tailwind\n|upkeep\n|\n|t:|1776192709\n|switch|p1b: Sneasler|Sneasler, L50, F|1/100\n|turn|7\n|\n|t:|1776192726\n|move|p1b: Sneasler|Fake Out|p2b: 7Cryo\n|-damage|p2b: 7Cryo|85/100\n|cant|p2b: 7Cryo|flinch\n|move|p2a: PablitoGames|Kowtow Cleave|p1b: Sneasler\n|-resisted|p1b: Sneasler|1\n|-damage|p1b: Sneasler|0 fnt\n|faint|p1b: Sneasler\n|\n|win|cabrino\n|raw|taimote's rating: 1434 &rarr; <strong>1421</strong><br />(-13 for losing)\n|raw|cabrino's rating: 1566 &rarr; <strong>1579</strong><br />(+13 for winning)\n|l|\u2606taimote\n|player|p1|\n",
  "uploadtime": 1776192767,
  "views": 35,
  "formatid": "gen9championsvgc2026regma",
  "rating": 1421,
  "private": 0,
  "password": null
}