{
  "id": "gen9championsvgc2026regma-2582915697",
  "format": "[Gen 9 Champions] VGC 2026 Reg M-A",
  "players": [
    "anonymous_snorlax",
    "bat 46"
  ],
  "log": "|j|\u2606anonymous_snorlax\n|j|\u2606bat 46\n|t:|1776124665\n|gametype|doubles\n|player|p1|anonymous_snorlax|265|1174\n|player|p2|bat 46|medium|1149\n|gen|9\n|tier|[Gen 9 Champions] VGC 2026 Reg M-A\n|rated|\n|rule|Species Clause: Limit one of each Pok\u00e9mon\n|rule|Item Clause: Limit 1 of each item\n|clearpoke\n|poke|p1|Snorlax, L50, F|\n|poke|p1|Clefable, L50, F|\n|poke|p1|Rotom-Wash, L50|\n|poke|p1|Incineroar, L50, M|\n|poke|p1|Sinistcha, L50|\n|poke|p1|Sneasler, L50, F|\n|poke|p2|Chandelure, L50, M|\n|poke|p2|Weavile, L50, M|\n|poke|p2|Glimmora, L50, M|\n|poke|p2|Empoleon, L50, M|\n|poke|p2|Talonflame, L50, F|\n|poke|p2|Dragapult, L50, F|\n|teampreview|4\n|inactive|Battle timer is ON: inactive players will automatically lose when time's up. (requested by anonymous_snorlax)\n|inactive|anonymous_snorlax has 60 seconds left.\n|inactive|bat 46 has 60 seconds left.\n|\n|t:|1776124715\n|teamsize|p1|4\n|teamsize|p2|4\n|start\n|switch|p1a: Snorlax|Snorlax, L50, F|100/100\n|switch|p1b: Rotom|Rotom-Wash, L50|100/100\n|switch|p2a: Weavile|Weavile, L50, M|100/100\n|switch|p2b: Dragapult|Dragapult, L50, F|100/100\n|-ability|p2a: Weavile|Pressure\n|turn|1\n|\n|t:|1776124728\n|move|p2a: Weavile|Fake Out|p1b: Rotom\n|-damage|p1b: Rotom|83/100\n|cant|p1b: Rotom|flinch\n|move|p2b: Dragapult|Reflect|p2b: Dragapult\n|-sidestart|p2: bat 46|Reflect\n|move|p1a: Snorlax|Belly Drum|p1a: Snorlax\n|-damage|p1a: Snorlax|50/100\n|-setboost|p1a: Snorlax|atk|6|[from] move: Belly Drum\n|-enditem|p1a: Snorlax|Sitrus Berry|[eat]\n|-heal|p1a: Snorlax|75/100|[from] item: Sitrus Berry\n|\n|upkeep\n|turn|2\n|\n|t:|1776124745\n|move|p1b: Rotom|Helping Hand|p1a: Snorlax\n|-singleturn|p1a: Snorlax|Helping Hand|[of] p1b: Rotom\n|move|p2a: Weavile|Triple Axel|p1a: Snorlax\n|-damage|p1a: Snorlax|72/100\n|-damage|p1a: Snorlax|65/100\n|-damage|p1a: Snorlax|55/100\n|-hitcount|p1a: Snorlax|3\n|move|p2b: Dragapult|Light Screen|p2b: Dragapult\n|-sidestart|p2: bat 46|move: Light Screen\n|move|p1a: Snorlax|Earthquake|p2b: Dragapult|[spread] p2a,p2b\n|-immune|p1b: Rotom|[from] ability: Levitate\n|-enditem|p2a: Weavile|Focus Sash\n|-damage|p2a: Weavile|1/100\n|-damage|p2b: Dragapult|0 fnt\n|faint|p2b: Dragapult\n|\n|upkeep\n|\n|t:|1776124762\n|switch|p2b: Talonflame|Talonflame, L50, F|100/100\n|turn|3\n|\n|t:|1776124778\n|switch|p1b: Incineroar|Incineroar, L50, M|100/100\n|-ability|p1b: Incineroar|Intimidate|boost\n|-unboost|p2a: Weavile|atk|1\n|-unboost|p2b: Talonflame|atk|1\n|move|p2b: Talonflame|Dual Wingbeat|p1a: Snorlax\n|-damage|p1a: Snorlax|47/100\n|-damage|p1a: Snorlax|40/100\n|-hitcount|p1a: Snorlax|2\n|move|p2a: Weavile|Knock Off|p1b: Incineroar\n|-resisted|p1b: Incineroar|1\n|-damage|p1b: Incineroar|87/100\n|-enditem|p1b: Incineroar|Passho Berry|[from] move: Knock Off|[of] p2a: Weavile\n|move|p1a: Snorlax|Facade|p2b: Talonflame\n|-damage|p2b: Talonflame|0 fnt\n|faint|p2b: Talonflame\n|\n|upkeep\n|\n|t:|1776124780\n|switch|p2b: Chandelure|Chandelure, L50, M|100/100\n|turn|4\n|inactive|anonymous_snorlax has 30 seconds left.\n|\n|t:|1776124806\n|detailschange|p2b: Chandelure|Chandelure-Mega, L50, M\n|-mega|p2b: Chandelure|Chandelure|Chandelurite\n|move|p2a: Weavile|Knock Off|p1b: Incineroar\n|-resisted|p1b: Incineroar|1\n|-damage|p1b: Incineroar|78/100\n|move|p2b: Chandelure|Will-O-Wisp|p1a: Snorlax\n|-status|p1a: Snorlax|brn\n|move|p1b: Incineroar|Parting Shot|p2b: Chandelure\n|-unboost|p2b: Chandelure|atk|1\n|-unboost|p2b: Chandelure|spa|1\n|\n|t:|1776124815\n|switch|p1b: Rotom|Rotom-Wash, L50|83/100|[from] Parting Shot\n|move|p1a: Snorlax|Earthquake|p2a: Weavile|[spread] p2a,p2b\n|-immune|p1b: Rotom|[from] ability: Levitate\n|-supereffective|p2b: Chandelure|1\n|-damage|p2a: Weavile|0 fnt\n|-damage|p2b: Chandelure|37/100\n|faint|p2a: Weavile\n|\n|-damage|p1a: Snorlax|34/100 brn|[from] brn\n|upkeep\n|turn|5\n|-message|bat 46 forfeited.\n|\n|win|anonymous_snorlax\n|raw|anonymous_snorlax's rating: 1174 &rarr; <strong>1197</strong><br />(+23 for winning)\n|raw|bat 46's rating: 1149 &rarr; <strong>1126</strong><br />(-23 for losing)\n",
  "uploadtime": 1776124825,
  "views": 23,
  "formatid": "gen9championsvgc2026regma",
  "rating": 1126,
  "private": 0,
  "password": null
}