{
  "id": "gen9championsvgc2026regma-2585706633",
  "format": "[Gen 9 Champions] VGC 2026 Reg M-A",
  "players": [
    "MegaPoblano",
    "OtterlyOverIt"
  ],
  "log": "|j|\u203dMegaPoblano\n|j|\u2606OtterlyOverIt\n|t:|1776365035\n|gametype|doubles\n|player|p1|MegaPoblano|red|1328\n|player|p2|OtterlyOverIt|drayden|1326\n|gen|9\n|tier|[Gen 9 Champions] VGC 2026 Reg M-A\n|rated|\n|rule|Species Clause: Limit one of each Pok\u00e9mon\n|rule|Item Clause: Limit 1 of each item\n|clearpoke\n|poke|p1|Scovillain, L50, F|\n|poke|p1|Aerodactyl, L50, F|\n|poke|p1|Garchomp, L50, M|\n|poke|p1|Sneasler, L50, F|\n|poke|p1|Sinistcha, L50|\n|poke|p1|Primarina, L50, F|\n|poke|p2|Tyranitar, L50, F|\n|poke|p2|Excadrill, L50, M|\n|poke|p2|Incineroar, L50, M|\n|poke|p2|Milotic, L50, M|\n|poke|p2|Sinistcha, L50|\n|poke|p2|Corviknight, L50, M|\n|teampreview|4\n|\n|t:|1776365180\n|teamsize|p1|4\n|teamsize|p2|4\n|start\n|switch|p1a: Scovillain|Scovillain, L50, F|100/100\n|switch|p1b: Primarina|Primarina, L50, F|100/100\n|switch|p2a: Corviknight|Corviknight, L50, M|100/100\n|switch|p2b: Incineroar|Incineroar, L50, M|100/100\n|-ability|p2b: Incineroar|Intimidate|boost\n|-unboost|p1a: Scovillain|atk|1\n|-unboost|p1b: Primarina|atk|1\n|turn|1\n|\n|t:|1776365202\n|detailschange|p1a: Scovillain|Scovillain-Mega, L50, F\n|-mega|p1a: Scovillain|Scovillain|Scovillainite\n|move|p2b: Incineroar|Fake Out|p1b: Primarina\n|-damage|p1b: Primarina|87/100\n|cant|p1b: Primarina|flinch\n|move|p1a: Scovillain|Flamethrower|p2a: Corviknight\n|-supereffective|p2a: Corviknight|1\n|-damage|p2a: Corviknight|27/100\n|-status|p2a: Corviknight|brn\n|move|p2a: Corviknight|Tailwind|p2a: Corviknight\n|-sidestart|p2: OtterlyOverIt|move: Tailwind\n|\n|-heal|p2a: Corviknight|33/100 brn|[from] item: Leftovers\n|-heal|p1b: Primarina|93/100|[from] item: Leftovers\n|-damage|p2a: Corviknight|27/100 brn|[from] brn\n|upkeep\n|turn|2\n|\n|t:|1776365222\n|move|p1a: Scovillain|Rage Powder|p1a: Scovillain\n|-singleturn|p1a: Scovillain|move: Rage Powder\n|move|p2a: Corviknight|Brave Bird|p1a: Scovillain\n|-supereffective|p1a: Scovillain|1\n|-damage|p1a: Scovillain|67/100\n|-damage|p2a: Corviknight|18/100 brn|[from] Recoil\n|move|p2b: Incineroar|Parting Shot|p1a: Scovillain\n|-unboost|p1a: Scovillain|atk|1\n|-unboost|p1a: Scovillain|spa|1\n|\n|t:|1776365232\n|switch|p2b: Sinistcha|Sinistcha, L50|100/100|[from] Parting Shot\n|-heal|p2a: Corviknight|43/100 brn|[from] ability: Hospitality|[of] p2b: Sinistcha\n|move|p1b: Primarina|Calm Mind|p1b: Primarina\n|-boost|p1b: Primarina|spa|1\n|-boost|p1b: Primarina|spd|1\n|\n|-heal|p2a: Corviknight|49/100 brn|[from] item: Leftovers\n|-heal|p1b: Primarina|99/100|[from] item: Leftovers\n|-damage|p2a: Corviknight|43/100 brn|[from] brn\n|upkeep\n|turn|3\n|\n|t:|1776365257\n|move|p2b: Sinistcha|Matcha Gotcha|p1a: Scovillain|[spread] p1a,p1b\n|-resisted|p1a: Scovillain|2\n|-supereffective|p1b: Primarina|1\n|-damage|p1a: Scovillain|60/100\n|-damage|p1b: Primarina|71/100\n|-status|p2b: Sinistcha|brn|[from] ability: Spicy Spray|[of] p1a: Scovillain\n|move|p2a: Corviknight|Brave Bird|p1b: Primarina\n|-damage|p1b: Primarina|49/100\n|-damage|p2a: Corviknight|37/100 brn|[from] Recoil\n|move|p1b: Primarina|Moonblast|p2b: Sinistcha\n|-damage|p2b: Sinistcha|33/100 brn\n|move|p1a: Scovillain|Flamethrower|p2b: Sinistcha\n|-supereffective|p2b: Sinistcha|1\n|-enditem|p2b: Sinistcha|Occa Berry|[eat]\n|-enditem|p2b: Sinistcha|Occa Berry|[weaken]\n|-damage|p2b: Sinistcha|8/100 brn\n|\n|-heal|p2a: Corviknight|42/100 brn|[from] item: Leftovers\n|-heal|p1b: Primarina|56/100|[from] item: Leftovers\n|-damage|p2b: Sinistcha|2/100 brn|[from] brn\n|-damage|p2a: Corviknight|37/100 brn|[from] brn\n|upkeep\n|turn|4\n|\n|t:|1776365272\n|switch|p1a: Sinistcha|Sinistcha, L50|100/100\n|-heal|p1b: Primarina|81/100|[from] ability: Hospitality|[of] p1a: Sinistcha\n|move|p1b: Primarina|Protect|p1b: Primarina\n|-singleturn|p1b: Primarina|Protect\n|move|p2b: Sinistcha|Matcha Gotcha|p1a: Sinistcha|[spread] p1a\n|-activate|p1b: Primarina|move: Protect\n|-resisted|p1a: Sinistcha|1\n|-damage|p1a: Sinistcha|90/100\n|-heal|p2b: Sinistcha|7/100 brn|[from] drain|[of] p1a: Sinistcha\n|move|p2a: Corviknight|Brave Bird|p1b: Primarina\n|-activate|p1b: Primarina|move: Protect\n|\n|-heal|p2a: Corviknight|42/100 brn|[from] item: Leftovers\n|-heal|p1b: Primarina|87/100|[from] item: Leftovers\n|-damage|p2b: Sinistcha|1/100 brn|[from] brn\n|-damage|p2a: Corviknight|37/100 brn|[from] brn\n|-sideend|p2: OtterlyOverIt|move: Tailwind\n|upkeep\n|turn|5\n|\n|t:|1776365292\n|move|p1b: Primarina|Hyper Voice|p2b: Sinistcha|[spread] p2a,p2b\n|-resisted|p2b: Sinistcha|1\n|-damage|p2a: Corviknight|0 fnt\n|-damage|p2b: Sinistcha|0 fnt\n|faint|p2a: Corviknight\n|faint|p2b: Sinistcha\n|move|p1a: Sinistcha|Shadow Ball|p2: Corviknight|[notarget]\n|-fail|p1a: Sinistcha\n|\n|-heal|p1b: Primarina|93/100|[from] item: Leftovers\n|upkeep\n|\n|t:|1776365300\n|switch|p2b: Incineroar|Incineroar, L50, M|100/100\n|switch|p2a: Tyranitar|Tyranitar, L50, F|100/100\n|-weather|Sandstorm|[from] ability: Sand Stream|[of] p2a: Tyranitar\n|-ability|p2b: Incineroar|Intimidate|boost\n|-unboost|p1a: Sinistcha|atk|1\n|-unboost|p1b: Primarina|atk|1\n|turn|6\n|\n|t:|1776365315\n|detailschange|p2a: Tyranitar|Tyranitar-Mega, L50, F\n|-mega|p2a: Tyranitar|Tyranitar|Tyranitarite\n|move|p1b: Primarina|Protect|p1b: Primarina\n|-singleturn|p1b: Primarina|Protect\n|move|p2a: Tyranitar|Rock Slide|p1a: Sinistcha|[spread] \n|-activate|p1b: Primarina|move: Protect\n|-miss|p2a: Tyranitar|p1a: Sinistcha\n|move|p1a: Sinistcha|Strength Sap|p2a: Tyranitar\n|-unboost|p2a: Tyranitar|atk|1\n|-heal|p1a: Sinistcha|100/100\n|move|p2b: Incineroar|Flare Blitz|p1a: Sinistcha\n|-supereffective|p1a: Sinistcha|1\n|-damage|p1a: Sinistcha|18/100\n|-enditem|p1a: Sinistcha|Sitrus Berry|[eat]\n|-heal|p1a: Sinistcha|43/100|[from] item: Sitrus Berry\n|-damage|p2b: Incineroar|77/100|[from] Recoil\n|\n|-weather|Sandstorm|[upkeep]\n|-damage|p1b: Primarina|87/100|[from] Sandstorm\n|-damage|p1a: Sinistcha|37/100|[from] Sandstorm\n|-damage|p2b: Incineroar|71/100|[from] Sandstorm\n|-heal|p1b: Primarina|93/100|[from] item: Leftovers\n|upkeep\n|turn|7\n|\n|t:|1776365329\n|switch|p1a: Scovillain|Scovillain-Mega, L50, F|60/100\n|move|p1b: Primarina|Hyper Voice|p2b: Incineroar|[spread] p2a,p2b\n|-supereffective|p2a: Tyranitar|1\n|-supereffective|p2b: Incineroar|1\n|-damage|p2a: Tyranitar|45/100\n|-damage|p2b: Incineroar|0 fnt\n|faint|p2b: Incineroar\n|move|p2a: Tyranitar|Rock Slide|p1a: Scovillain|[spread] p1a,p1b\n|-supereffective|p1a: Scovillain|1\n|-damage|p1a: Scovillain|14/100\n|-damage|p1b: Primarina|64/100\n|-status|p2a: Tyranitar|brn|[from] ability: Spicy Spray|[of] p1a: Scovillain\n|\n|-weather|Sandstorm|[upkeep]\n|-damage|p1b: Primarina|58/100|[from] Sandstorm\n|-damage|p1a: Scovillain|9/100|[from] Sandstorm\n|-heal|p1b: Primarina|64/100|[from] item: Leftovers\n|-damage|p2a: Tyranitar|40/100 brn|[from] brn\n|upkeep\n|turn|8\n|\n|t:|1776365368\n|switch|p1a: Sinistcha|Sinistcha, L50|37/100\n|-heal|p1b: Primarina|89/100|[from] ability: Hospitality|[of] p1a: Sinistcha\n|move|p1b: Primarina|Protect|p1b: Primarina\n|-singleturn|p1b: Primarina|Protect\n|move|p2a: Tyranitar|Rock Slide|p1a: Sinistcha|[spread] p1a\n|-activate|p1b: Primarina|move: Protect\n|-damage|p1a: Sinistcha|25/100\n|\n|-weather|Sandstorm|[upkeep]\n|-damage|p1b: Primarina|83/100|[from] Sandstorm\n|-damage|p1a: Sinistcha|19/100|[from] Sandstorm\n|-heal|p1b: Primarina|89/100|[from] item: Leftovers\n|-damage|p2a: Tyranitar|34/100 brn|[from] brn\n|upkeep\n|turn|9\n|-message|OtterlyOverIt forfeited.\n|\n|win|MegaPoblano\n|raw|MegaPoblano's rating: 1328 &rarr; <strong>1348</strong><br />(+20 for winning)\n|raw|OtterlyOverIt's rating: 1326 &rarr; <strong>1306</strong><br />(-20 for losing)\n|l|\u2606OtterlyOverIt\n|player|p2|\n",
  "uploadtime": 1776365391,
  "views": 28,
  "formatid": "gen9championsvgc2026regma",
  "rating": 1306,
  "private": 0,
  "password": null
}