{
  "id": "gen9championsvgc2026regma-2586030405",
  "format": "[Gen 9 Champions] VGC 2026 Reg M-A",
  "players": [
    "dolphined",
    "craudiao"
  ],
  "log": "|j|\u2606dolphined\n|j|\u2606craudiao\n|t:|1776391902\n|gametype|doubles\n|player|p1|dolphined|101|1049\n|player|p2|craudiao|hoopster|1139\n|gen|9\n|tier|[Gen 9 Champions] VGC 2026 Reg M-A\n|rated|\n|rule|Species Clause: Limit one of each Pok\u00e9mon\n|rule|Item Clause: Limit 1 of each item\n|clearpoke\n|poke|p1|Tyranitar, L50, F|\n|poke|p1|Gardevoir, L50, F|\n|poke|p1|Gyarados, L50, F|\n|poke|p1|Excadrill, L50, M|\n|poke|p1|Sinistcha, L50|\n|poke|p1|Rotom-Heat, L50|\n|poke|p2|Delphox, L50, M|\n|poke|p2|Sneasler, L50, M|\n|poke|p2|Clefable, L50, M|\n|poke|p2|Kingambit, L50, M|\n|poke|p2|Basculegion, L50, M|\n|poke|p2|Ninetales-Alola, L50, M|\n|teampreview|4\n|\n|t:|1776391936\n|teamsize|p1|4\n|teamsize|p2|4\n|start\n|switch|p1a: Tyranitar|Tyranitar, L50, F|100/100\n|switch|p1b: Excadrill|Excadrill, L50, M|100/100\n|switch|p2a: Delphox|Delphox, L50, M|100/100\n|switch|p2b: Sneasler|Sneasler, L50, M|100/100\n|-weather|Sandstorm|[from] ability: Sand Stream|[of] p1a: Tyranitar\n|turn|1\n|\n|t:|1776391967\n|detailschange|p2a: Delphox|Delphox-Mega, L50, M\n|-mega|p2a: Delphox|Delphox|Delphoxite\n|move|p1b: Excadrill|Earthquake|p2a: Delphox|[spread] p1a,p2b\n|-immune|p2a: Delphox|[from] ability: Levitate\n|-supereffective|p1a: Tyranitar|1\n|-supereffective|p2b: Sneasler|1\n|-damage|p1a: Tyranitar|21/100\n|-enditem|p2b: Sneasler|Focus Sash\n|-damage|p2b: Sneasler|1/100\n|move|p2b: Sneasler|Close Combat|p1a: Tyranitar\n|-supereffective|p1a: Tyranitar|2\n|-damage|p1a: Tyranitar|0 fnt\n|-unboost|p2b: Sneasler|def|1\n|-unboost|p2b: Sneasler|spd|1\n|faint|p1a: Tyranitar\n|move|p2a: Delphox|Heat Wave|p1b: Excadrill\n|-supereffective|p1b: Excadrill|1\n|-enditem|p1b: Excadrill|Focus Sash\n|-damage|p1b: Excadrill|1/100\n|\n|-weather|Sandstorm|[upkeep]\n|-damage|p2b: Sneasler|0 fnt|[from] Sandstorm\n|-damage|p2a: Delphox|95/100|[from] Sandstorm\n|faint|p2b: Sneasler\n|upkeep\n|\n|t:|1776391989\n|switch|p2b: Clefable|Clefable, L50, M|100/100\n|switch|p1a: Gyarados|Gyarados, L50, F|100/100\n|-ability|p1a: Gyarados|Intimidate|boost\n|-unboost|p2a: Delphox|atk|1\n|-unboost|p2b: Clefable|atk|1\n|turn|2\n|\n|t:|1776392006\n|move|p2b: Clefable|Follow Me|p2b: Clefable\n|-singleturn|p2b: Clefable|move: Follow Me\n|move|p1b: Excadrill|Iron Head|p2b: Clefable\n|-supereffective|p2b: Clefable|1\n|-damage|p2b: Clefable|23/100\n|-enditem|p2b: Clefable|Sitrus Berry|[eat]\n|-heal|p2b: Clefable|48/100|[from] item: Sitrus Berry\n|move|p2a: Delphox|Thunder Punch|p1a: Gyarados\n|-supereffective|p1a: Gyarados|2\n|-crit|p1a: Gyarados\n|-damage|p1a: Gyarados|33/100\n|move|p1a: Gyarados|Waterfall|p2b: Clefable\n|-damage|p2b: Clefable|13/100\n|\n|-weather|Sandstorm|[upkeep]\n|-damage|p2a: Delphox|89/100|[from] Sandstorm\n|-damage|p1a: Gyarados|27/100|[from] Sandstorm\n|-damage|p2b: Clefable|7/100|[from] Sandstorm\n|-heal|p1a: Gyarados|33/100|[from] item: Leftovers\n|upkeep\n|turn|3\n|\n|t:|1776392040\n|move|p2b: Clefable|Follow Me|p2b: Clefable\n|-singleturn|p2b: Clefable|move: Follow Me\n|move|p1b: Excadrill|Iron Head|p2b: Clefable\n|-supereffective|p2b: Clefable|1\n|-damage|p2b: Clefable|0 fnt\n|faint|p2b: Clefable\n|move|p2a: Delphox|Heat Wave|p1a: Gyarados|[spread] p1a,p1b\n|-resisted|p1a: Gyarados|1\n|-supereffective|p1b: Excadrill|1\n|-damage|p1a: Gyarados|18/100\n|-damage|p1b: Excadrill|0 fnt\n|faint|p1b: Excadrill\n|move|p1a: Gyarados|Waterfall|p2a: Delphox\n|-supereffective|p2a: Delphox|1\n|-damage|p2a: Delphox|0 fnt\n|faint|p2a: Delphox\n|\n|-weather|Sandstorm|[upkeep]\n|-damage|p1a: Gyarados|12/100|[from] Sandstorm\n|-heal|p1a: Gyarados|18/100|[from] item: Leftovers\n|upkeep\n|\n|t:|1776392056\n|switch|p2a: Kingambit|Kingambit, L50, M|100/100\n|switch|p1b: Gardevoir|Gardevoir, L50, F|100/100\n|turn|4\n|\n|t:|1776392100\n|detailschange|p1b: Gardevoir|Gardevoir-Mega, L50, F\n|-mega|p1b: Gardevoir|Gardevoir|Gardevoirite\n|move|p1b: Gardevoir|Hyper Voice|p2a: Kingambit\n|-damage|p2a: Kingambit|37/100\n|move|p1a: Gyarados|Thunder Wave|p2a: Kingambit\n|-status|p2a: Kingambit|par\n|cant|p2a: Kingambit|par\n|\n|-weather|Sandstorm|[upkeep]\n|-damage|p1b: Gardevoir|95/100|[from] Sandstorm\n|-damage|p1a: Gyarados|12/100|[from] Sandstorm\n|-heal|p1a: Gyarados|18/100|[from] item: Leftovers\n|upkeep\n|turn|5\n|c|\u2606craudiao|show\n|\n|t:|1776392119\n|move|p1a: Gyarados|Protect|p1a: Gyarados\n|-singleturn|p1a: Gyarados|Protect\n|move|p2a: Kingambit|Sucker Punch||[still]\n|-fail|p2a: Kingambit\n|move|p1b: Gardevoir|Hyper Voice|p2a: Kingambit\n|-damage|p2a: Kingambit|0 fnt\n|faint|p2a: Kingambit\n|\n|win|dolphined\n|raw|dolphined's rating: 1049 &rarr; <strong>1090</strong><br />(+41 for winning)\n|raw|craudiao's rating: 1139 &rarr; <strong>1108</strong><br />(-31 for losing)\n|l|\u2606craudiao\n|player|p2|\n",
  "uploadtime": 1776392131,
  "views": 22,
  "formatid": "gen9championsvgc2026regma",
  "rating": 1090,
  "private": 0,
  "password": null
}