{
  "id": "gen9championsvgc2026regma-2584510155",
  "format": "[Gen 9 Champions] VGC 2026 Reg M-A",
  "players": [
    "Uncreative7452",
    "veguita"
  ],
  "log": "|j|\u2606Uncreative7452\n|j|\u2606veguita\n|t:|1776265605\n|gametype|doubles\n|player|p1|Uncreative7452|tuber|1168\n|player|p2|veguita|1|1167\n|gen|9\n|tier|[Gen 9 Champions] VGC 2026 Reg M-A\n|rated|\n|rule|Species Clause: Limit one of each Pok\u00e9mon\n|rule|Item Clause: Limit 1 of each item\n|clearpoke\n|poke|p1|Charizard, L50, M|\n|poke|p1|Venusaur, L50, M|\n|poke|p1|Sneasler, L50, M|\n|poke|p1|Dragonite, L50, F|\n|poke|p1|Incineroar, L50, F|\n|poke|p1|Rhyperior, L50, F|\n|poke|p2|Milotic, L50, F|\n|poke|p2|Chimecho, L50, M|\n|poke|p2|Hippowdon, L50, M|\n|poke|p2|Rotom-Heat, L50|\n|poke|p2|Orthworm, L50, M|\n|poke|p2|Sneasler, L50, M|\n|teampreview|4\n|inactive|Battle timer is ON: inactive players will automatically lose when time's up. (requested by veguita)\n|\n|t:|1776265622\n|teamsize|p1|4\n|teamsize|p2|4\n|start\n|switch|p1a: Rhyperior|Rhyperior, L50, F|100/100\n|switch|p1b: Sneasler|Sneasler, L50, M|100/100\n|switch|p2a: Sneasler|Sneasler, L50, M|100/100\n|switch|p2b: Chimecho|Chimecho, L50, M|100/100\n|turn|1\n|\n|t:|1776265646\n|detailschange|p2b: Chimecho|Chimecho-Mega, L50, M\n|-mega|p2b: Chimecho|Chimecho|Chimechite\n|move|p2a: Sneasler|Fake Out|p1b: Sneasler\n|-damage|p1b: Sneasler|74/100\n|cant|p1b: Sneasler|flinch\n|move|p1a: Rhyperior|Rock Slide|p2a: Sneasler|[spread] p2a,p2b\n|-resisted|p2a: Sneasler|1\n|-resisted|p2b: Chimecho|1\n|-damage|p2a: Sneasler|70/100\n|-damage|p2b: Chimecho|85/100\n|move|p2b: Chimecho|Trick Room|p2b: Chimecho\n|-fieldstart|move: Trick Room|[of] p2b: Chimecho\n|\n|upkeep\n|turn|2\n|\n|t:|1776265660\n|move|p1b: Sneasler|Protect|p1b: Sneasler\n|-singleturn|p1b: Sneasler|Protect\n|move|p1a: Rhyperior|High Horsepower|p2a: Sneasler\n|-supereffective|p2a: Sneasler|1\n|-damage|p2a: Sneasler|0 fnt\n|faint|p2a: Sneasler\n|move|p2b: Chimecho|Flash Cannon|p1a: Rhyperior\n|-supereffective|p1a: Rhyperior|1\n|-damage|p1a: Rhyperior|17/100\n|\n|upkeep\n|\n|t:|1776265667\n|switch|p2a: Hippowdon|Hippowdon, L50, M|100/100\n|-weather|Sandstorm|[from] ability: Sand Stream|[of] p2a: Hippowdon\n|turn|3\n|\n|t:|1776265683\n|move|p1a: Rhyperior|Rock Slide|p2a: Hippowdon|[spread] p2a,p2b\n|-resisted|p2a: Hippowdon|1\n|-resisted|p2b: Chimecho|1\n|-damage|p2a: Hippowdon|91/100\n|-damage|p2b: Chimecho|71/100\n|cant|p2a: Hippowdon|flinch\n|cant|p2b: Chimecho|flinch\n|move|p1b: Sneasler|Close Combat|p2b: Chimecho\n|-damage|p2b: Chimecho|5/100\n|-unboost|p1b: Sneasler|def|1\n|-unboost|p1b: Sneasler|spd|1\n|-enditem|p1b: Sneasler|White Herb\n|-clearnegativeboost|p1b: Sneasler|[silent]\n|\n|-weather|Sandstorm|[upkeep]\n|-damage|p1b: Sneasler|68/100|[from] Sandstorm\n|upkeep\n|turn|4\n|\n|t:|1776265697\n|move|p1b: Sneasler|Protect|p1b: Sneasler\n|-singleturn|p1b: Sneasler|Protect\n|move|p1a: Rhyperior|Rock Slide|p2b: Chimecho|[spread] p2a,p2b\n|-resisted|p2a: Hippowdon|1\n|-resisted|p2b: Chimecho|1\n|-damage|p2a: Hippowdon|80/100\n|-damage|p2b: Chimecho|0 fnt\n|faint|p2b: Chimecho\n|cant|p2a: Hippowdon|flinch\n|\n|-weather|Sandstorm|[upkeep]\n|-damage|p1b: Sneasler|62/100|[from] Sandstorm\n|upkeep\n|\n|t:|1776265702\n|switch|p2b: Orthworm|Orthworm, L50, M|100/100\n|turn|5\n|\n|t:|1776265714\n|move|p1a: Rhyperior|Rock Slide|p2a: Hippowdon|[spread] p2a,p2b\n|-resisted|p2a: Hippowdon|1\n|-resisted|p2b: Orthworm|1\n|-damage|p2a: Hippowdon|69/100\n|-damage|p2b: Orthworm|89/100\n|cant|p2a: Hippowdon|flinch\n|move|p2b: Orthworm|Iron Defense|p2b: Orthworm\n|-boost|p2b: Orthworm|def|2\n|move|p1b: Sneasler|Close Combat|p2b: Orthworm\n|-supereffective|p2b: Orthworm|1\n|-enditem|p2b: Orthworm|Chople Berry|[eat]\n|-enditem|p2b: Orthworm|Chople Berry|[weaken]\n|-damage|p2b: Orthworm|67/100\n|-unboost|p1b: Sneasler|def|1\n|-unboost|p1b: Sneasler|spd|1\n|\n|-weather|Sandstorm|[upkeep]\n|-damage|p1b: Sneasler|57/100|[from] Sandstorm\n|-fieldend|move: Trick Room\n|upkeep\n|turn|6\n|\n|t:|1776265730\n|move|p1b: Sneasler|Close Combat|p2b: Orthworm\n|-supereffective|p2b: Orthworm|1\n|-damage|p2b: Orthworm|19/100\n|-unboost|p1b: Sneasler|def|1\n|-unboost|p1b: Sneasler|spd|1\n|move|p2b: Orthworm|Iron Defense|p2b: Orthworm\n|-boost|p2b: Orthworm|def|2\n|move|p2a: Hippowdon|Earthquake|p1b: Sneasler|[spread] p1a,p1b\n|-heal|p2b: Orthworm|44/100|[from] ability: Earth Eater|[of] p2a: Hippowdon\n|-supereffective|p1a: Rhyperior|1\n|-supereffective|p1b: Sneasler|1\n|-damage|p1a: Rhyperior|0 fnt\n|-damage|p1b: Sneasler|0 fnt\n|faint|p1a: Rhyperior\n|faint|p1b: Sneasler\n|\n|-weather|Sandstorm|[upkeep]\n|upkeep\n|\n|t:|1776265741\n|switch|p1b: Charizard|Charizard, L50, M, shiny|100/100\n|switch|p1a: Venusaur|Venusaur, L50, M, shiny|100/100\n|turn|7\n|\n|t:|1776265748\n|detailschange|p1b: Charizard|Charizard-Mega-Y, L50, M, shiny\n|-mega|p1b: Charizard|Charizard|Charizardite Y\n|-weather|SunnyDay|[from] ability: Drought|[of] p1b: Charizard\n|move|p1a: Venusaur|Solar Beam||[still]\n|-prepare|p1a: Venusaur|Solar Beam\n|-anim|p1a: Venusaur|Solar Beam|p2a: Hippowdon\n|-supereffective|p2a: Hippowdon|1\n|-damage|p2a: Hippowdon|0 fnt\n|faint|p2a: Hippowdon\n|move|p1b: Charizard|Weather Ball|p2b: Orthworm\n|-supereffective|p2b: Orthworm|1\n|-damage|p2b: Orthworm|0 fnt\n|faint|p2b: Orthworm\n|\n|win|Uncreative7452\n|raw|Uncreative7452's rating: 1168 &rarr; <strong>1193</strong><br />(+25 for winning)\n|raw|veguita's rating: 1167 &rarr; <strong>1142</strong><br />(-25 for losing)\n",
  "uploadtime": 1776265750,
  "views": 27,
  "formatid": "gen9championsvgc2026regma",
  "rating": 1142,
  "private": 0,
  "password": null
}