{
  "id": "gen9championsvgc2026regma-2587126756",
  "format": "[Gen 9 Champions] VGC 2026 Reg M-A",
  "players": [
    "Isidino",
    "theson1909"
  ],
  "log": "|j|\u2606Isidino\n|j|\u2606theson1909\n|t:|1776497231\n|gametype|doubles\n|player|p1|Isidino|169|1321\n|player|p2|theson1909|102|1337\n|gen|9\n|tier|[Gen 9 Champions] VGC 2026 Reg M-A\n|rated|\n|rule|Species Clause: Limit one of each Pok\u00e9mon\n|rule|Item Clause: Limit 1 of each item\n|clearpoke\n|poke|p1|Pelipper, L50, M|\n|poke|p1|Basculegion-F, L50, F, shiny|\n|poke|p1|Starmie, L50, shiny|\n|poke|p1|Sneasler, L50, M|\n|poke|p1|Sableye, L50, M, shiny|\n|poke|p1|Kingambit, L50, M, shiny|\n|poke|p2|Glimmora, L50, F|\n|poke|p2|Incineroar, L50, F|\n|poke|p2|Ninetales-Alola, L50, F|\n|poke|p2|Aerodactyl, L50, M|\n|poke|p2|Dragapult, L50, M|\n|poke|p2|Sneasler, L50, F|\n|teampreview|4\n|inactive|Battle timer is ON: inactive players will automatically lose when time's up. (requested by Isidino)\n|inactive|Isidino has 60 seconds left.\n|inactive|theson1909 has 60 seconds left.\n|\n|t:|1776497281\n|teamsize|p1|4\n|teamsize|p2|4\n|start\n|switch|p1a: Sableye|Sableye, L50, M, shiny|100/100\n|switch|p1b: Basculegion|Basculegion-F, L50, F, shiny|100/100\n|switch|p2a: Incineroar|Incineroar, L50, F|100/100\n|switch|p2b: Sneasler|Sneasler, L50, F|100/100\n|-ability|p2a: Incineroar|Intimidate|boost\n|-unboost|p1a: Sableye|atk|1\n|-unboost|p1b: Basculegion|atk|1\n|turn|1\n|\n|t:|1776497293\n|move|p2b: Sneasler|Protect|p2b: Sneasler\n|-singleturn|p2b: Sneasler|Protect\n|move|p1a: Sableye|Fake Out|p2b: Sneasler\n|-activate|p2b: Sneasler|move: Protect\n|move|p1b: Basculegion|Muddy Water|p2a: Incineroar|[spread] p2a\n|-activate|p2b: Sneasler|move: Protect\n|-supereffective|p2a: Incineroar|1\n|-damage|p2a: Incineroar|47/100\n|-enditem|p2a: Incineroar|Sitrus Berry|[eat]\n|-heal|p2a: Incineroar|72/100|[from] item: Sitrus Berry\n|move|p2a: Incineroar|Darkest Lariat|p1b: Basculegion\n|-supereffective|p1b: Basculegion|1\n|-damage|p1b: Basculegion|11/100\n|\n|upkeep\n|turn|2\n|\n|t:|1776497312\n|move|p1b: Basculegion|Protect|p1b: Basculegion\n|-singleturn|p1b: Basculegion|Protect\n|move|p1a: Sableye|Encore|p2b: Sneasler\n|-start|p2b: Sneasler|Encore\n|move|p2b: Sneasler|Protect||[still]\n|-fail|p2b: Sneasler\n|move|p2a: Incineroar|Flare Blitz|p1a: Sableye\n|-damage|p1a: Sableye|40/100\n|-enditem|p1a: Sableye|Sitrus Berry|[eat]\n|-heal|p1a: Sableye|65/100|[from] item: Sitrus Berry\n|-damage|p2a: Incineroar|57/100|[from] Recoil\n|\n|upkeep\n|turn|3\n|\n|t:|1776497323\n|move|p2b: Sneasler|Protect|p2b: Sneasler\n|-singleturn|p2b: Sneasler|Protect\n|move|p1a: Sableye|Rain Dance|p1a: Sableye\n|-weather|RainDance\n|move|p1b: Basculegion|Muddy Water|p2a: Incineroar|[spread] p2a\n|-activate|p2b: Sneasler|move: Protect\n|-supereffective|p2a: Incineroar|1\n|-damage|p2a: Incineroar|0 fnt\n|faint|p2a: Incineroar\n|\n|-weather|RainDance|[upkeep]\n|upkeep\n|\n|t:|1776497330\n|switch|p2a: Dragapult|Dragapult, L50, M|100/100\n|turn|4\n|\n|t:|1776497342\n|move|p2b: Sneasler|Protect||[still]\n|-fail|p2b: Sneasler\n|move|p1a: Sableye|Quash|p2a: Dragapult\n|-activate|p2a: Dragapult|move: Quash\n|move|p1b: Basculegion|Shadow Ball|p2a: Dragapult\n|-supereffective|p2a: Dragapult|1\n|-enditem|p2a: Dragapult|Kasib Berry|[eat]\n|-enditem|p2a: Dragapult|Kasib Berry|[weaken]\n|-damage|p2a: Dragapult|52/100\n|move|p2a: Dragapult|Dragon Rush|p1b: Basculegion\n|-damage|p1b: Basculegion|0 fnt\n|faint|p1b: Basculegion\n|\n|-weather|RainDance|[upkeep]\n|-end|p2b: Sneasler|Encore\n|upkeep\n|\n|t:|1776497351\n|switch|p1b: Kingambit|Kingambit, L50, M, shiny|100/100\n|turn|5\n|\n|t:|1776497358\n|switch|p2b: Glimmora|Glimmora, L50, F|100/100\n|move|p1b: Kingambit|Sucker Punch||[still]\n|-fail|p1b: Kingambit\n|move|p1a: Sableye|Encore||[still]\n|-fail|p1a: Sableye\n|move|p2a: Dragapult|Will-O-Wisp|p1b: Kingambit\n|-status|p1b: Kingambit|brn\n|\n|-weather|RainDance|[upkeep]\n|-damage|p1b: Kingambit|95/100 brn|[from] brn\n|upkeep\n|turn|6\n|\n|t:|1776497381\n|detailschange|p2b: Glimmora|Glimmora-Mega, L50, F\n|-mega|p2b: Glimmora|Glimmora|Glimmoranite\n|move|p1a: Sableye|Encore|p2a: Dragapult\n|-start|p2a: Dragapult|Encore\n|move|p2a: Dragapult|Will-O-Wisp|p1b: Kingambit\n|-fail|p1b: Kingambit|brn\n|move|p2b: Glimmora|Earth Power|p1b: Kingambit\n|-supereffective|p1b: Kingambit|1\n|-damage|p1b: Kingambit|19/100 brn\n|move|p1b: Kingambit|Kowtow Cleave|p2b: Glimmora\n|-damage|p2b: Glimmora|72/100\n|\n|-weather|RainDance|[upkeep]\n|-damage|p1b: Kingambit|13/100 brn|[from] brn\n|upkeep\n|turn|7\n|\n|t:|1776497401\n|switch|p2a: Sneasler|Sneasler, L50, F|100/100\n|move|p1a: Sableye|Quash|p2b: Glimmora\n|-activate|p2b: Glimmora|move: Quash\n|move|p1b: Kingambit|Kowtow Cleave|p2a: Sneasler\n|-resisted|p2a: Sneasler|1\n|-damage|p2a: Sneasler|79/100\n|move|p2b: Glimmora|Earth Power|p1b: Kingambit\n|-supereffective|p1b: Kingambit|1\n|-damage|p1b: Kingambit|0 fnt\n|faint|p1b: Kingambit\n|\n|-weather|none\n|upkeep\n|\n|t:|1776497411\n|switch|p1b: Starmie|Starmie, L50, shiny|100/100\n|turn|8\n|\n|t:|1776497420\n|move|p1b: Starmie|Protect|p1b: Starmie\n|-singleturn|p1b: Starmie|Protect\n|move|p2a: Sneasler|Fake Out|p1b: Starmie\n|-activate|p1b: Starmie|move: Protect\n|move|p1a: Sableye|Encore|p2b: Glimmora\n|-start|p2b: Glimmora|Encore\n|move|p2b: Glimmora|Earth Power|p1a: Sableye\n|-damage|p1a: Sableye|25/100\n|\n|upkeep\n|turn|9\n|\n|t:|1776497434\n|switch|p2a: Dragapult|Dragapult, L50, M|52/100\n|detailschange|p1b: Starmie|Starmie-Mega, L50, shiny\n|-mega|p1b: Starmie|Starmie|Starminite\n|move|p1b: Starmie|Aqua Jet|p2a: Dragapult\n|-resisted|p2a: Dragapult|1\n|-damage|p2a: Dragapult|29/100\n|move|p1a: Sableye|Rain Dance|p1a: Sableye\n|-weather|RainDance\n|move|p2b: Glimmora|Earth Power|p1a: Sableye\n|-damage|p1a: Sableye|0 fnt\n|faint|p1a: Sableye\n|\n|-weather|RainDance|[upkeep]\n|upkeep\n|turn|10\n|\n|t:|1776497446\n|move|p1b: Starmie|Aqua Jet|p2b: Glimmora\n|-supereffective|p2b: Glimmora|1\n|-damage|p2b: Glimmora|0 fnt\n|faint|p2b: Glimmora\n|move|p2a: Dragapult|Phantom Force||[still]\n|-prepare|p2a: Dragapult|Phantom Force\n|\n|-weather|RainDance|[upkeep]\n|upkeep\n|\n|t:|1776497448\n|switch|p2b: Sneasler|Sneasler, L50, F|79/100\n|turn|11\n|\n|t:|1776497455\n|move|p2b: Sneasler|Fake Out|p1b: Starmie\n|-damage|p1b: Starmie|84/100\n|cant|p1b: Starmie|flinch\n|move|p2a: Dragapult|Phantom Force|p1b: Starmie|[from] lockedmove\n|-supereffective|p1b: Starmie|1\n|-crit|p1b: Starmie\n|-damage|p1b: Starmie|0 fnt\n|faint|p1b: Starmie\n|\n|win|theson1909\n|raw|Isidino's rating: 1321 &rarr; <strong>1302</strong><br />(-19 for losing)\n|raw|theson1909's rating: 1337 &rarr; <strong>1356</strong><br />(+19 for winning)\n",
  "uploadtime": 1776497457,
  "views": 35,
  "formatid": "gen9championsvgc2026regma",
  "rating": 1302,
  "private": 0,
  "password": null
}