{
  "id": "gen9championsvgc2026regma-2585890251",
  "format": "[Gen 9 Champions] VGC 2026 Reg M-A",
  "players": [
    "climinha",
    "willhoop"
  ],
  "log": "|j|\u2606climinha\n|j|\u2606willhoop\n|t:|1776378806\n|gametype|doubles\n|player|p1|climinha|ingo|1226\n|player|p2|willhoop|crasherwake|1309\n|gen|9\n|tier|[Gen 9 Champions] VGC 2026 Reg M-A\n|rated|\n|rule|Species Clause: Limit one of each Pok\u00e9mon\n|rule|Item Clause: Limit 1 of each item\n|clearpoke\n|poke|p1|Aerodactyl, L50, F|\n|poke|p1|Sneasler, L50, F|\n|poke|p1|Incineroar, L50, M|\n|poke|p1|Golurk, L50|\n|poke|p1|Aegislash, L50, F|\n|poke|p1|Maushold-Four, L50|\n|poke|p2|Dragapult, L50, F|\n|poke|p2|Aerodactyl, L50, M|\n|poke|p2|Rotom-Wash, L50|\n|poke|p2|Incineroar, L50, M|\n|poke|p2|Floette-Eternal, L50, F|\n|poke|p2|Kingambit, L50, F|\n|teampreview|4\n|\n|t:|1776378839\n|teamsize|p1|4\n|teamsize|p2|4\n|start\n|switch|p1a: Aerodactyl|Aerodactyl, L50, F|100/100\n|switch|p1b: Sneasler|Sneasler, L50, F|100/100\n|switch|p2a: Dragapult|Dragapult, L50, F|100/100\n|switch|p2b: Rotom|Rotom-Wash, L50|100/100\n|-ability|p1a: Aerodactyl|Unnerve\n|turn|1\n|inactive|Battle timer is ON: inactive players will automatically lose when time's up. (requested by willhoop)\n|\n|t:|1776378859\n|detailschange|p1a: Aerodactyl|Aerodactyl-Mega, L50, F\n|-mega|p1a: Aerodactyl|Aerodactyl|Aerodactylite\n|move|p1b: Sneasler|Fake Out|p2b: Rotom\n|-damage|p2b: Rotom|83/100\n|move|p1a: Aerodactyl|Tailwind|p1a: Aerodactyl\n|-sidestart|p1: climinha|move: Tailwind\n|cant|p2b: Rotom|flinch\n|move|p2a: Dragapult|Psychic Fangs|p1b: Sneasler\n|-supereffective|p1b: Sneasler|2\n|-damage|p1b: Sneasler|0 fnt\n|faint|p1b: Sneasler\n|\n|upkeep\n|\n|t:|1776378874\n|switch|p1b: Golurk|Golurk, L50|100/100\n|turn|2\n|\n|t:|1776378890\n|move|p1a: Aerodactyl|Rock Slide|p2a: Dragapult|[spread] p2a\n|-miss|p1a: Aerodactyl|p2b: Rotom\n|-damage|p2a: Dragapult|61/100\n|move|p2b: Rotom|Volt Switch|p1a: Aerodactyl\n|-supereffective|p1a: Aerodactyl|1\n|-damage|p1a: Aerodactyl|16/100\n|\n|t:|1776378904\n|switch|p2b: Floette|Floette-Eternal, L50, F|100/100|[from] Volt Switch\n|move|p2a: Dragapult|Phantom Force||[still]\n|-prepare|p2a: Dragapult|Phantom Force\n|move|p1b: Golurk|Poltergeist|p2a: Dragapult\n|-activate|p2a: Dragapult|move: Poltergeist|Dragon Fang\n|-supereffective|p2a: Dragapult|1\n|-damage|p2a: Dragapult|0 fnt\n|faint|p2a: Dragapult\n|\n|upkeep\n|\n|t:|1776378917\n|switch|p2a: Rotom|Rotom-Wash, L50|83/100\n|turn|3\n|\n|t:|1776378939\n|detailschange|p2b: Floette|Floette-Mega, L50, F\n|-mega|p2b: Floette|Floette|Floettite\n|-ability|p2b: Floette|Fairy Aura\n|move|p1a: Aerodactyl|Rock Slide|p2b: Floette|[spread] p2a,p2b\n|-damage|p2a: Rotom|45/100\n|-damage|p2b: Floette|67/100\n|move|p2a: Rotom|Hydro Pump|p1b: Golurk\n|-supereffective|p1b: Golurk|1\n|-damage|p1b: Golurk|0 fnt\n|faint|p1b: Golurk\n|cant|p2b: Floette|flinch\n|\n|upkeep\n|\n|t:|1776378950\n|switch|p1b: Aegislash|Aegislash, L50, F|100/100\n|turn|4\n|\n|t:|1776378973\n|switch|p2a: Aerodactyl|Aerodactyl, L50, M|100/100\n|-ability|p2a: Aerodactyl|Unnerve\n|move|p2b: Floette|Protect|p2b: Floette\n|-singleturn|p2b: Floette|Protect\n|move|p1a: Aerodactyl|Rock Slide|p2b: Floette|[spread] p2a\n|-activate|p2b: Floette|move: Protect\n|-supereffective|p2a: Aerodactyl|1\n|-damage|p2a: Aerodactyl|4/100\n|-formechange|p1b: Aegislash|Aegislash-Blade|\n|move|p1b: Aegislash|Flash Cannon|p2b: Floette\n|-activate|p2b: Floette|move: Protect\n|\n|-sideend|p1: climinha|move: Tailwind\n|upkeep\n|turn|5\n|inactive|willhoop has 30 seconds left.\n|\n|t:|1776379003\n|move|p1a: Aerodactyl|Rock Slide|p2b: Floette|[spread] p2a,p2b\n|-supereffective|p2a: Aerodactyl|1\n|-damage|p2a: Aerodactyl|0 fnt\n|-damage|p2b: Floette|31/100\n|faint|p2a: Aerodactyl\n|move|p2b: Floette|Dazzling Gleam|p1b: Aegislash|[spread] p1a,p1b\n|-crit|p1a: Aerodactyl\n|-resisted|p1b: Aegislash|1\n|-damage|p1a: Aerodactyl|0 fnt\n|-damage|p1b: Aegislash|52/100\n|faint|p1a: Aerodactyl\n|move|p1b: Aegislash|Flash Cannon|p2b: Floette\n|-supereffective|p2b: Floette|1\n|-damage|p2b: Floette|0 fnt\n|faint|p2b: Floette\n|\n|upkeep\n|\n|t:|1776379011\n|switch|p2a: Rotom|Rotom-Wash, L50|45/100\n|turn|6\n|\n|t:|1776379018\n|-formechange|p1b: Aegislash|Aegislash|\n|move|p1b: Aegislash|King's Shield|p1b: Aegislash\n|-singleturn|p1b: Aegislash|Protect\n|move|p2a: Rotom|Hydro Pump|p1b: Aegislash\n|-activate|p1b: Aegislash|move: Protect\n|\n|upkeep\n|turn|7\n|\n|t:|1776379028\n|move|p2a: Rotom|Hydro Pump|p1b: Aegislash|[miss]\n|-miss|p2a: Rotom|p1b: Aegislash\n|-formechange|p1b: Aegislash|Aegislash-Blade|\n|move|p1b: Aegislash|Shadow Ball|p2a: Rotom\n|-damage|p2a: Rotom|0 fnt\n|faint|p2a: Rotom\n|\n|win|climinha\n|raw|climinha's rating: 1226 &rarr; <strong>1257</strong><br />(+31 for winning)\n|raw|willhoop's rating: 1309 &rarr; <strong>1284</strong><br />(-25 for losing)\n|l|\u2606willhoop\n|player|p2|\n",
  "uploadtime": 1776379244,
  "views": 23,
  "formatid": "gen9championsvgc2026regma",
  "rating": 1257,
  "private": 0,
  "password": null
}