{
  "id": "gen9championsvgc2026regma-2587046973",
  "format": "[Gen 9 Champions] VGC 2026 Reg M-A",
  "players": [
    "inosely",
    "wuben"
  ],
  "log": "|j|\u2606inosely\n|j|\u2606wuben\n|t:|1776486443\n|gametype|doubles\n|player|p1|inosely|102|1164\n|player|p2|wuben|102|1188\n|gen|9\n|tier|[Gen 9 Champions] VGC 2026 Reg M-A\n|rated|\n|rule|Species Clause: Limit one of each Pok\u00e9mon\n|rule|Item Clause: Limit 1 of each item\n|clearpoke\n|poke|p1|Pinsir, L50, M, shiny|\n|poke|p1|Archaludon, L50, M|\n|poke|p1|Pelipper, L50, M|\n|poke|p1|Weavile, L50, F|\n|poke|p1|Basculegion, L50, M|\n|poke|p1|Gengar, L50, F|\n|poke|p2|Sneasler, L50, M|\n|poke|p2|Tyranitar, L50, M|\n|poke|p2|Incineroar, L50, M|\n|poke|p2|Gyarados, L50, F|\n|poke|p2|Floette-Eternal, L50, F|\n|poke|p2|Rotom-Mow, L50|\n|teampreview|4\n|\n|t:|1776486471\n|teamsize|p1|4\n|teamsize|p2|4\n|start\n|switch|p1a: Pelipper|Pelipper, L50, M|100/100\n|switch|p1b: Basculegion|Basculegion, L50, M|100/100\n|switch|p2a: Incineroar|Incineroar, L50, M|100/100\n|switch|p2b: Floette|Floette-Eternal, L50, F|100/100\n|-weather|RainDance|[from] ability: Drizzle|[of] p1a: Pelipper\n|-ability|p2a: Incineroar|Intimidate|boost\n|-unboost|p1a: Pelipper|atk|1\n|-unboost|p1b: Basculegion|atk|1\n|turn|1\n|inactive|Battle timer is ON: inactive players will automatically lose when time's up. (requested by inosely)\n|\n|t:|1776486496\n|detailschange|p2b: Floette|Floette-Mega, L50, F\n|-mega|p2b: Floette|Floette|Floettite\n|-ability|p2b: Floette|Fairy Aura\n|move|p2a: Incineroar|Fake Out|p1a: Pelipper\n|-damage|p1a: Pelipper|90/100\n|move|p1b: Basculegion|Flip Turn|p2b: Floette\n|-damage|p2b: Floette|68/100\n|\n|t:|1776486506\n|switch|p1b: Archaludon|Archaludon, L50, M|100/100|[from] Flip Turn\n|move|p2b: Floette|Dazzling Gleam|p1b: Archaludon|[spread] p1a,p1b\n|-damage|p1a: Pelipper|19/100\n|-damage|p1b: Archaludon|21/100\n|-ability|p1b: Archaludon|Stamina|boost\n|-boost|p1b: Archaludon|def|1\n|-enditem|p1b: Archaludon|Sitrus Berry|[eat]\n|-heal|p1b: Archaludon|45/100|[from] item: Sitrus Berry\n|cant|p1a: Pelipper|flinch\n|\n|-weather|RainDance|[upkeep]\n|-heal|p1a: Pelipper|25/100|[from] item: Leftovers\n|upkeep\n|turn|2\n|\n|t:|1776486527\n|switch|p2a: Tyranitar|Tyranitar, L50, M|100/100\n|-weather|Sandstorm|[from] ability: Sand Stream|[of] p2a: Tyranitar\n|move|p1b: Archaludon|Protect|p1b: Archaludon\n|-singleturn|p1b: Archaludon|Protect\n|move|p2b: Floette|Protect|p2b: Floette\n|-singleturn|p2b: Floette|Protect\n|move|p1a: Pelipper|Tailwind|p1a: Pelipper\n|-sidestart|p1: inosely|move: Tailwind\n|\n|-weather|Sandstorm|[upkeep]\n|-damage|p1a: Pelipper|19/100|[from] Sandstorm\n|-damage|p2b: Floette|62/100|[from] Sandstorm\n|-heal|p1a: Pelipper|25/100|[from] item: Leftovers\n|upkeep\n|turn|3\n|inactive|inosely has 30 seconds left.\n|\n|t:|1776486556\n|switch|p1b: Basculegion|Basculegion, L50, M|100/100\n|switch|p2b: Incineroar|Incineroar, L50, M|100/100\n|-ability|p2b: Incineroar|Intimidate|boost\n|-unboost|p1a: Pelipper|atk|1\n|-unboost|p1b: Basculegion|atk|1\n|move|p1a: Pelipper|Weather Ball|p2b: Incineroar\n|-supereffective|p2b: Incineroar|1\n|-damage|p2b: Incineroar|67/100\n|move|p2a: Tyranitar|High Horsepower|p1b: Basculegion\n|-damage|p1b: Basculegion|55/100\n|\n|-weather|Sandstorm|[upkeep]\n|-damage|p1b: Basculegion|49/100|[from] Sandstorm\n|-damage|p1a: Pelipper|19/100|[from] Sandstorm\n|-damage|p2b: Incineroar|61/100|[from] Sandstorm\n|-heal|p1a: Pelipper|25/100|[from] item: Leftovers\n|upkeep\n|turn|4\n|\n|t:|1776486576\n|move|p2b: Incineroar|Fake Out|p1a: Pelipper\n|-damage|p1a: Pelipper|14/100\n|move|p1b: Basculegion|Flip Turn|p2a: Tyranitar\n|-supereffective|p2a: Tyranitar|1\n|-crit|p2a: Tyranitar\n|-damage|p2a: Tyranitar|9/100\n|\n|t:|1776486580\n|switch|p1b: Pinsir|Pinsir, L50, M, shiny|100/100|[from] Flip Turn\n|cant|p1a: Pelipper|flinch\n|move|p2a: Tyranitar|High Horsepower|p1b: Pinsir\n|-resisted|p1b: Pinsir|1\n|-damage|p1b: Pinsir|76/100\n|\n|-weather|Sandstorm|[upkeep]\n|-damage|p1b: Pinsir|70/100|[from] Sandstorm\n|-damage|p1a: Pelipper|9/100|[from] Sandstorm\n|-damage|p2b: Incineroar|55/100|[from] Sandstorm\n|-heal|p1a: Pelipper|14/100|[from] item: Leftovers\n|upkeep\n|turn|5\n|\n|t:|1776486602\n|switch|p2a: Sneasler|Sneasler, L50, M|100/100\n|detailschange|p1b: Pinsir|Pinsir-Mega, L50, M, shiny\n|-mega|p1b: Pinsir|Pinsir|Pinsirite\n|move|p1b: Pinsir|Close Combat|p2b: Incineroar\n|-supereffective|p2b: Incineroar|1\n|-damage|p2b: Incineroar|0 fnt\n|-unboost|p1b: Pinsir|def|1\n|-unboost|p1b: Pinsir|spd|1\n|faint|p2b: Incineroar\n|move|p1a: Pelipper|Weather Ball|p2a: Sneasler\n|-resisted|p2a: Sneasler|1\n|-crit|p2a: Sneasler\n|-damage|p2a: Sneasler|78/100\n|\n|-weather|Sandstorm|[upkeep]\n|-damage|p1b: Pinsir|65/100|[from] Sandstorm\n|-damage|p2a: Sneasler|72/100|[from] Sandstorm\n|-damage|p1a: Pelipper|9/100|[from] Sandstorm\n|-heal|p1a: Pelipper|14/100|[from] item: Leftovers\n|-sideend|p1: inosely|move: Tailwind\n|upkeep\n|\n|t:|1776486610\n|switch|p2b: Tyranitar|Tyranitar, L50, M|9/100\n|turn|6\n|\n|t:|1776486625\n|move|p2a: Sneasler|Fake Out|p1b: Pinsir\n|-damage|p1b: Pinsir|40/100\n|cant|p1b: Pinsir|flinch\n|move|p2b: Tyranitar|Rock Slide|p1b: Pinsir|[spread] p1a,p1b\n|-supereffective|p1a: Pelipper|1\n|-supereffective|p1b: Pinsir|2\n|-crit|p1b: Pinsir\n|-damage|p1a: Pelipper|0 fnt\n|-damage|p1b: Pinsir|0 fnt\n|faint|p1a: Pelipper\n|faint|p1b: Pinsir\n|\n|-weather|none\n|upkeep\n|\n|t:|1776486629\n|switch|p1b: Archaludon|Archaludon, L50, M|45/100\n|switch|p1a: Basculegion|Basculegion, L50, M|49/100\n|turn|7\n|\n|t:|1776486645\n|move|p1a: Basculegion|Last Respects|p2a: Sneasler\n|-damage|p2a: Sneasler|0 fnt\n|faint|p2a: Sneasler\n|move|p2b: Tyranitar|Rock Slide|p1b: Archaludon|[spread] p1a,p1b\n|-resisted|p1b: Archaludon|1\n|-damage|p1a: Basculegion|6/100\n|-damage|p1b: Archaludon|33/100\n|-ability|p1b: Archaludon|Stamina|boost\n|-boost|p1b: Archaludon|def|1\n|move|p1b: Archaludon|Aura Sphere|p2b: Tyranitar\n|-supereffective|p2b: Tyranitar|2\n|-damage|p2b: Tyranitar|0 fnt\n|faint|p2b: Tyranitar\n|\n|upkeep\n|\n|t:|1776486652\n|switch|p2b: Floette|Floette-Mega, L50, F|62/100\n|-ability|p2b: Floette|Fairy Aura\n|turn|8\n|\n|t:|1776486664\n|move|p1a: Basculegion|Last Respects|p2b: Floette\n|-damage|p2b: Floette|0 fnt\n|faint|p2b: Floette\n|\n|win|inosely\n|raw|inosely's rating: 1164 &rarr; <strong>1191</strong><br />(+27 for winning)\n|raw|wuben's rating: 1188 &rarr; <strong>1161</strong><br />(-27 for losing)\n|l|\u2606wuben\n|player|p2|\n",
  "uploadtime": 1776486673,
  "views": 22,
  "formatid": "gen9championsvgc2026regma",
  "rating": 1161,
  "private": 0,
  "password": null
}