{
  "id": "gen9championsvgc2026regma-2587853574",
  "format": "[Gen 9 Champions] VGC 2026 Reg M-A",
  "players": [
    "Manbuze",
    "TheGamingMammoth"
  ],
  "log": "|j|\u2606Manbuze\n|j|\u2606TheGamingMammoth\n|t:|1776570856\n|gametype|doubles\n|player|p1|Manbuze|169|1000\n|player|p2|TheGamingMammoth|1|1043\n|gen|9\n|tier|[Gen 9 Champions] VGC 2026 Reg M-A\n|rated|\n|rule|Species Clause: Limit one of each Pok\u00e9mon\n|rule|Item Clause: Limit 1 of each item\n|clearpoke\n|poke|p1|Archaludon, L50, F|\n|poke|p1|Dragonite, L50, M|\n|poke|p1|Incineroar, L50, F|\n|poke|p1|Pelipper, L50, F|\n|poke|p1|Sinistcha-Masterpiece, L50|\n|poke|p1|Maushold-Four, L50|\n|poke|p2|Politoed, L50, M|\n|poke|p2|Abomasnow, L50, M|\n|poke|p2|Basculegion, L50, M|\n|poke|p2|Archaludon, L50, M|\n|poke|p2|Aerodactyl, L50, F|\n|poke|p2|Venusaur, L50, M|\n|teampreview|4\n|\n|t:|1776570911\n|teamsize|p1|4\n|teamsize|p2|4\n|start\n|switch|p1a: Dragonite|Dragonite, L50, M|100/100\n|switch|p1b: Pelipper|Pelipper, L50, F|100/100\n|switch|p2a: Venusaur|Venusaur, L50, M|100/100\n|switch|p2b: Aerodactyl|Aerodactyl, L50, F|100/100\n|-ability|p2b: Aerodactyl|Unnerve\n|-weather|RainDance|[from] ability: Drizzle|[of] p1b: Pelipper\n|turn|1\n|\n|t:|1776570950\n|detailschange|p1a: Dragonite|Dragonite-Mega, L50, M\n|-mega|p1a: Dragonite|Dragonite|Dragoninite\n|detailschange|p2a: Venusaur|Venusaur-Mega, L50, M\n|-mega|p2a: Venusaur|Venusaur|Venusaurite\n|move|p2b: Aerodactyl|Rock Slide|p1b: Pelipper|[spread] p1a,p1b\n|-supereffective|p1a: Dragonite|1\n|-supereffective|p1b: Pelipper|1\n|-damage|p1a: Dragonite|75/100\n|-damage|p1b: Pelipper|48/100\n|move|p1a: Dragonite|Hurricane|p2a: Venusaur\n|-supereffective|p2a: Venusaur|1\n|-damage|p2a: Venusaur|0 fnt\n|faint|p2a: Venusaur\n|move|p1b: Pelipper|Tailwind|p1b: Pelipper\n|-sidestart|p1: Manbuze|move: Tailwind\n|\n|-weather|RainDance|[upkeep]\n|upkeep\n|\n|t:|1776570969\n|switch|p2a: Archaludon|Archaludon, L50, M|100/100\n|turn|2\n|\n|t:|1776570992\n|switch|p1b: Archaludon|Archaludon, L50, F|100/100\n|move|p2a: Archaludon|Protect|p2a: Archaludon\n|-singleturn|p2a: Archaludon|Protect\n|move|p1a: Dragonite|Ice Beam|p2b: Aerodactyl\n|-supereffective|p2b: Aerodactyl|1\n|-damage|p2b: Aerodactyl|5/100\n|move|p2b: Aerodactyl|Tailwind|p2b: Aerodactyl\n|-sidestart|p2: TheGamingMammoth|move: Tailwind\n|\n|-weather|RainDance|[upkeep]\n|upkeep\n|turn|3\n|\n|t:|1776571046\n|move|p2b: Aerodactyl|Rock Slide|p1b: Archaludon|[spread] p1b\n|-miss|p2b: Aerodactyl|p1a: Dragonite\n|-resisted|p1b: Archaludon|1\n|-damage|p1b: Archaludon|90/100\n|-ability|p1b: Archaludon|Stamina|boost\n|-boost|p1b: Archaludon|def|1\n|move|p1a: Dragonite|Ice Beam|p2a: Archaludon\n|-damage|p2a: Archaludon|54/100\n|-status|p2a: Archaludon|frz\n|move|p1b: Archaludon|Electro Shot||[still]\n|-prepare|p1b: Archaludon|Electro Shot\n|-boost|p1b: Archaludon|spa|1\n|-anim|p1b: Archaludon|Electro Shot|p2b: Aerodactyl\n|-supereffective|p2b: Aerodactyl|1\n|-crit|p2b: Aerodactyl\n|-damage|p2b: Aerodactyl|0 fnt\n|faint|p2b: Aerodactyl\n|cant|p2a: Archaludon|frz\n|\n|-weather|RainDance|[upkeep]\n|upkeep\n|\n|t:|1776571062\n|switch|p2b: Politoed|Politoed, L50, M|100/100\n|turn|4\n|\n|t:|1776571079\n|move|p2b: Politoed|Muddy Water|p1a: Dragonite|[spread] p1a\n|-miss|p2b: Politoed|p1b: Archaludon\n|-resisted|p1a: Dragonite|1\n|-damage|p1a: Dragonite|58/100\n|move|p1a: Dragonite|Ice Beam|p2a: Archaludon\n|-damage|p2a: Archaludon|6/100 frz\n|move|p1b: Archaludon|Dragon Pulse|p2a: Archaludon\n|-damage|p2a: Archaludon|0 fnt\n|faint|p2a: Archaludon\n|\n|-weather|RainDance|[upkeep]\n|-sideend|p1: Manbuze|move: Tailwind\n|upkeep\n|turn|5\n|-message|TheGamingMammoth forfeited.\n|\n|win|Manbuze\n|raw|Manbuze's rating: 1000 &rarr; <strong>1045</strong><br />(+45 for winning)\n|raw|TheGamingMammoth's rating: 1043 &rarr; <strong>1025</strong><br />(-18 for losing)\n",
  "uploadtime": 1776571091,
  "views": 12,
  "formatid": "gen9championsvgc2026regma",
  "rating": 1025,
  "private": 0,
  "password": null
}