{
  "id": "gen9championsvgc2026regma-2584420281",
  "format": "[Gen 9 Champions] VGC 2026 Reg M-A",
  "players": [
    "Avoertioloko5",
    "plaweh"
  ],
  "log": "|j|\u2606Avoertioloko5\n|j|\u2606plaweh\n|t:|1776259608\n|gametype|doubles\n|player|p1|Avoertioloko5|riley|1163\n|player|p2|plaweh|2|1146\n|gen|9\n|tier|[Gen 9 Champions] VGC 2026 Reg M-A\n|rated|\n|rule|Species Clause: Limit one of each Pok\u00e9mon\n|rule|Item Clause: Limit 1 of each item\n|clearpoke\n|poke|p1|Gardevoir, L50, F|\n|poke|p1|Tyranitar, L50, M|\n|poke|p1|Excadrill, L50, M|\n|poke|p1|Farigiraf, L50, F|\n|poke|p1|Incineroar, L50, F|\n|poke|p1|Rotom-Wash, L50|\n|poke|p2|Basculegion, L50, M|\n|poke|p2|Pelipper, L50, F|\n|poke|p2|Archaludon, L50, F|\n|poke|p2|Incineroar, L50, F|\n|poke|p2|Venusaur, L50, F|\n|poke|p2|Farigiraf, L50, M|\n|teampreview|4\n|inactive|Battle timer is ON: inactive players will automatically lose when time's up. (requested by plaweh)\n|\n|t:|1776259636\n|teamsize|p1|4\n|teamsize|p2|4\n|start\n|switch|p1a: Excadrill|Excadrill, L50, M|100/100\n|switch|p1b: Rotom|Rotom-Wash, L50|100/100\n|switch|p2a: Archaludon|Archaludon, L50, F|100/100\n|switch|p2b: Venusaur|Venusaur, L50, F|100/100\n|turn|1\n|inactive|Avoertioloko5 has 30 seconds left.\n|\n|t:|1776259661\n|detailschange|p2b: Venusaur|Venusaur-Mega, L50, F\n|-mega|p2b: Venusaur|Venusaur|Venusaurite\n|move|p1a: Excadrill|Protect|p1a: Excadrill\n|-singleturn|p1a: Excadrill|Protect\n|move|p1b: Rotom|Protect|p1b: Rotom\n|-singleturn|p1b: Rotom|Protect\n|move|p2a: Archaludon|Protect|p2a: Archaludon\n|-singleturn|p2a: Archaludon|Protect\n|move|p2b: Venusaur|Sleep Powder|p1a: Excadrill\n|-activate|p1a: Excadrill|move: Protect\n|\n|upkeep\n|turn|2\n|inactive|Avoertioloko5 has 30 seconds left.\n|\n|t:|1776259687\n|switch|p1a: Farigiraf|Farigiraf, L50, F|100/100\n|switch|p2a: Pelipper|Pelipper, L50, F|100/100\n|-weather|RainDance|[from] ability: Drizzle|[of] p2a: Pelipper\n|move|p1b: Rotom|Will-O-Wisp|p2a: Pelipper\n|-status|p2a: Pelipper|brn\n|move|p2b: Venusaur|Giga Drain|p1b: Rotom\n|-supereffective|p1b: Rotom|1\n|-damage|p1b: Rotom|43/100\n|\n|-weather|RainDance|[upkeep]\n|-heal|p1b: Rotom|49/100|[from] item: Leftovers\n|-damage|p2a: Pelipper|95/100 brn|[from] brn\n|upkeep\n|turn|3\n|inactive|plaweh has 30 seconds left.\n|\n|t:|1776259713\n|switch|p2b: Archaludon|Archaludon, L50, F|100/100\n|move|p1b: Rotom|Protect|p1b: Rotom\n|-singleturn|p1b: Rotom|Protect\n|move|p2a: Pelipper|Tailwind|p2a: Pelipper\n|-sidestart|p2: plaweh|move: Tailwind\n|move|p1a: Farigiraf|Psychic|p2b: Archaludon\n|-resisted|p2b: Archaludon|1\n|-damage|p2b: Archaludon|80/100\n|-ability|p2b: Archaludon|Stamina|boost\n|-boost|p2b: Archaludon|def|1\n|\n|-weather|RainDance|[upkeep]\n|-heal|p2b: Archaludon|86/100|[from] item: Leftovers\n|-heal|p1b: Rotom|55/100|[from] item: Leftovers\n|-damage|p2a: Pelipper|89/100 brn|[from] brn\n|upkeep\n|turn|4\n|inactive|plaweh has 30 seconds left.\n|inactive|Avoertioloko5 has 30 seconds left.\n|\n|t:|1776259748\n|move|p2a: Pelipper|Hurricane|p1a: Farigiraf\n|-damage|p1a: Farigiraf|74/100\n|move|p2b: Archaludon|Dragon Pulse|p1b: Rotom\n|-damage|p1b: Rotom|16/100\n|move|p1b: Rotom|Thunderbolt|p2a: Pelipper\n|-supereffective|p2a: Pelipper|2\n|-damage|p2a: Pelipper|0 fnt\n|faint|p2a: Pelipper\n|move|p1a: Farigiraf|Trick Room|p1a: Farigiraf\n|-fieldstart|move: Trick Room|[of] p1a: Farigiraf\n|\n|-weather|RainDance|[upkeep]\n|-heal|p1b: Rotom|22/100|[from] item: Leftovers\n|-heal|p2b: Archaludon|92/100|[from] item: Leftovers\n|upkeep\n|\n|t:|1776259762\n|switch|p2a: Venusaur|Venusaur-Mega, L50, F|100/100\n|turn|5\n|\n|t:|1776259772\n|move|p2a: Venusaur|Protect|p2a: Venusaur\n|-singleturn|p2a: Venusaur|Protect\n|move|p1a: Farigiraf|Psychic|p2a: Venusaur\n|-activate|p2a: Venusaur|move: Protect\n|move|p1b: Rotom|Will-O-Wisp|p2b: Archaludon\n|-status|p2b: Archaludon|brn\n|move|p2b: Archaludon|Electro Shot||[still]\n|-prepare|p2b: Archaludon|Electro Shot\n|-boost|p2b: Archaludon|spa|1\n|-anim|p2b: Archaludon|Electro Shot|p1a: Farigiraf\n|-damage|p1a: Farigiraf|17/100\n|-enditem|p1a: Farigiraf|Sitrus Berry|[eat]\n|-heal|p1a: Farigiraf|42/100|[from] item: Sitrus Berry\n|\n|-weather|RainDance|[upkeep]\n|-heal|p1b: Rotom|27/100|[from] item: Leftovers\n|-heal|p2b: Archaludon|98/100 brn|[from] item: Leftovers\n|-damage|p2b: Archaludon|92/100 brn|[from] brn\n|upkeep\n|turn|6\n|inactive|plaweh has 30 seconds left.\n|inactive|plaweh has 20 seconds left.\n|inactive|plaweh has 15 seconds left.\n|\n|t:|1776259815\n|switch|p1b: Tyranitar|Tyranitar, L50, M|100/100\n|-weather|Sandstorm|[from] ability: Sand Stream|[of] p1b: Tyranitar\n|move|p1a: Farigiraf|Psychic|p2a: Venusaur\n|-supereffective|p2a: Venusaur|1\n|-damage|p2a: Venusaur|46/100\n|move|p2a: Venusaur|Giga Drain|p1b: Tyranitar\n|-supereffective|p1b: Tyranitar|1\n|-damage|p1b: Tyranitar|62/100\n|-heal|p2a: Venusaur|67/100|[from] drain|[of] p1b: Tyranitar\n|move|p2b: Archaludon|Dragon Pulse|p1a: Farigiraf\n|-damage|p1a: Farigiraf|0 fnt\n|faint|p1a: Farigiraf\n|\n|-weather|Sandstorm|[upkeep]\n|-damage|p2a: Venusaur|61/100|[from] Sandstorm\n|-heal|p2b: Archaludon|98/100 brn|[from] item: Leftovers\n|-damage|p2b: Archaludon|92/100 brn|[from] brn\n|-sideend|p2: plaweh|move: Tailwind\n|upkeep\n|\n|t:|1776259836\n|switch|p1a: Excadrill|Excadrill, L50, M|100/100\n|turn|7\n|\n|t:|1776259859\n|detailschange|p1b: Tyranitar|Tyranitar-Mega, L50, M\n|-mega|p1b: Tyranitar|Tyranitar|Tyranitarite\n|move|p2a: Venusaur|Protect|p2a: Venusaur\n|-singleturn|p2a: Venusaur|Protect\n|move|p2b: Archaludon|Protect|p2b: Archaludon\n|-singleturn|p2b: Archaludon|Protect\n|move|p1b: Tyranitar|Rock Slide|p2b: Archaludon|[spread] \n|-activate|p2a: Venusaur|move: Protect\n|-activate|p2b: Archaludon|move: Protect\n|move|p1a: Excadrill|High Horsepower|p2a: Venusaur\n|-activate|p2a: Venusaur|move: Protect\n|\n|-weather|Sandstorm|[upkeep]\n|-damage|p2a: Venusaur|56/100|[from] Sandstorm\n|-heal|p2b: Archaludon|98/100 brn|[from] item: Leftovers\n|-damage|p2b: Archaludon|92/100 brn|[from] brn\n|upkeep\n|turn|8\n|inactive|plaweh has 30 seconds left.\n|\n|t:|1776259888\n|move|p1b: Tyranitar|Protect|p1b: Tyranitar\n|-singleturn|p1b: Tyranitar|Protect\n|move|p1a: Excadrill|Protect|p1a: Excadrill\n|-singleturn|p1a: Excadrill|Protect\n|move|p2a: Venusaur|Giga Drain|p1a: Excadrill\n|-activate|p1a: Excadrill|move: Protect\n|move|p2b: Archaludon|Flash Cannon|p1b: Tyranitar\n|-activate|p1b: Tyranitar|move: Protect\n|\n|-weather|Sandstorm|[upkeep]\n|-damage|p2a: Venusaur|50/100|[from] Sandstorm\n|-heal|p2b: Archaludon|98/100 brn|[from] item: Leftovers\n|-damage|p2b: Archaludon|92/100 brn|[from] brn\n|-fieldend|move: Trick Room\n|upkeep\n|turn|9\n|\n|t:|1776259907\n|move|p1a: Excadrill|High Horsepower|p2a: Venusaur\n|-damage|p2a: Venusaur|18/100\n|move|p2b: Archaludon|Flash Cannon|p1b: Tyranitar\n|-supereffective|p1b: Tyranitar|1\n|-damage|p1b: Tyranitar|0 fnt\n|faint|p1b: Tyranitar\n|move|p2a: Venusaur|Giga Drain|p1a: Excadrill\n|-damage|p1a: Excadrill|51/100\n|-heal|p2a: Venusaur|43/100|[from] drain|[of] p1a: Excadrill\n|\n|-weather|Sandstorm|[upkeep]\n|-damage|p2a: Venusaur|37/100|[from] Sandstorm\n|-heal|p2b: Archaludon|98/100 brn|[from] item: Leftovers\n|-damage|p2b: Archaludon|92/100 brn|[from] brn\n|upkeep\n|\n|t:|1776259914\n|switch|p1b: Rotom|Rotom-Wash, L50|27/100\n|turn|10\n|\n|t:|1776259936\n|move|p1a: Excadrill|Rock Slide|p2a: Venusaur|[spread] p2a,p2b\n|-resisted|p2b: Archaludon|1\n|-damage|p2a: Venusaur|24/100\n|-damage|p2b: Archaludon|87/100 brn\n|-ability|p2b: Archaludon|Stamina|boost\n|-boost|p2b: Archaludon|def|1\n|move|p1b: Rotom|Thunderbolt|p2a: Venusaur\n|-resisted|p2a: Venusaur|1\n|-damage|p2a: Venusaur|11/100\n|move|p2b: Archaludon|Dragon Pulse|p1b: Rotom\n|-damage|p1b: Rotom|0 fnt\n|faint|p1b: Rotom\n|move|p2a: Venusaur|Giga Drain|p1a: Excadrill\n|-damage|p1a: Excadrill|6/100\n|-heal|p2a: Venusaur|34/100|[from] drain|[of] p1a: Excadrill\n|\n|-weather|none\n|-heal|p2b: Archaludon|93/100 brn|[from] item: Leftovers\n|-damage|p2b: Archaludon|87/100 brn|[from] brn\n|upkeep\n|turn|11\n|\n|t:|1776259957\n|move|p1a: Excadrill|High Horsepower|p2b: Archaludon\n|-supereffective|p2b: Archaludon|1\n|-damage|p2b: Archaludon|50/100 brn\n|-ability|p2b: Archaludon|Stamina|boost\n|-boost|p2b: Archaludon|def|1\n|move|p2b: Archaludon|Dragon Pulse|p1a: Excadrill\n|-resisted|p1a: Excadrill|1\n|-damage|p1a: Excadrill|0 fnt\n|faint|p1a: Excadrill\n|\n|win|plaweh\n|raw|Avoertioloko5's rating: 1163 &rarr; <strong>1137</strong><br />(-26 for losing)\n|raw|plaweh's rating: 1146 &rarr; <strong>1172</strong><br />(+26 for winning)\n|l|\u2606Avoertioloko5\n|player|p1|\n",
  "uploadtime": 1776259963,
  "views": 21,
  "formatid": "gen9championsvgc2026regma",
  "rating": 1137,
  "private": 0,
  "password": null
}