{
  "id": "gen9championsvgc2026regma-2582919178",
  "format": "[Gen 9 Champions] VGC 2026 Reg M-A",
  "players": [
    "Mr.0men",
    "corpseblooming"
  ],
  "log": "|j|\u2606Mr.0men\n|j|\u2606corpseblooming\n|t:|1776124969\n|gametype|doubles\n|player|p1|Mr.0men|allister|1045\n|player|p2|corpseblooming|giovanni|1040\n|gen|9\n|tier|[Gen 9 Champions] VGC 2026 Reg M-A\n|rated|\n|rule|Species Clause: Limit one of each Pok\u00e9mon\n|rule|Item Clause: Limit 1 of each item\n|clearpoke\n|poke|p1|Froslass, L50, F|\n|poke|p1|Alcremie, L50, F|\n|poke|p1|Sneasler, L50, F|\n|poke|p1|Skarmory, L50, M|\n|poke|p1|Excadrill, L50, M|\n|poke|p1|Gliscor, L50, F|\n|poke|p2|Charizard, L50, M|\n|poke|p2|Torkoal, L50, M|\n|poke|p2|Venusaur, L50, F|\n|poke|p2|Sneasler, L50, F|\n|poke|p2|Stunfisk-Galar, L50, M|\n|poke|p2|Heliolisk, L50, F|\n|teampreview|4\n|c|\u2606Mr.0men|Heyo\n|\n|t:|1776125030\n|teamsize|p1|4\n|teamsize|p2|4\n|start\n|switch|p1a: Froslass|Froslass, L50, F|100/100\n|switch|p1b: Alcremie|Alcremie, L50, F|100/100\n|switch|p2a: Charizard|Charizard, L50, M|100/100\n|switch|p2b: Stunfisk|Stunfisk-Galar, L50, M|100/100\n|turn|1\n|\n|t:|1776125064\n|switch|p1a: Skarmory|Skarmory, L50, M|100/100\n|detailschange|p2a: Charizard|Charizard-Mega-Y, L50, M\n|-mega|p2a: Charizard|Charizard|Charizardite Y\n|-weather|SunnyDay|[from] ability: Drought|[of] p2a: Charizard\n|move|p2b: Stunfisk|Protect|p2b: Stunfisk\n|-singleturn|p2b: Stunfisk|Protect\n|move|p2a: Charizard|Heat Wave|p1a: Skarmory|[spread] p1a,p1b\n|-supereffective|p1a: Skarmory|1\n|-damage|p1a: Skarmory|0 fnt\n|-damage|p1b: Alcremie|34/100\n|faint|p1a: Skarmory\n|move|p1b: Alcremie|Decorate|p1: Skarmory|[notarget]\n|-fail|p1b: Alcremie\n|\n|-weather|SunnyDay|[upkeep]\n|-heal|p1b: Alcremie|40/100|[from] item: Leftovers\n|upkeep\n|\n|t:|1776125077\n|switch|p1a: Froslass|Froslass, L50, F|100/100\n|turn|2\n|\n|t:|1776125093\n|switch|p2b: Venusaur|Venusaur, L50, F|100/100\n|detailschange|p1a: Froslass|Froslass-Mega, L50, F\n|-mega|p1a: Froslass|Froslass|Froslassite\n|-weather|Snowscape|[from] ability: Snow Warning|[of] p1a: Froslass\n|move|p1a: Froslass|Aurora Veil|p1a: Froslass\n|-sidestart|p1: Mr.0men|move: Aurora Veil\n|move|p2a: Charizard|Heat Wave|p1b: Alcremie|[spread] p1a,p1b\n|-supereffective|p1a: Froslass|1\n|-damage|p1a: Froslass|23/100\n|-damage|p1b: Alcremie|14/100\n|move|p1b: Alcremie|Decorate|p1a: Froslass\n|-boost|p1a: Froslass|atk|2\n|-boost|p1a: Froslass|spa|2\n|\n|-weather|Snowscape|[upkeep]\n|-heal|p1b: Alcremie|20/100|[from] item: Leftovers\n|upkeep\n|turn|3\n|\n|t:|1776125154\n|switch|p2b: Sneasler|Sneasler, L50, F|100/100\n|move|p1a: Froslass|Blizzard|p2b: Sneasler|[spread] p2a,p2b\n|-crit|p2b: Sneasler\n|-damage|p2a: Charizard|5/100\n|-enditem|p2b: Sneasler|Focus Sash\n|-damage|p2b: Sneasler|1/100\n|move|p2a: Charizard|Heat Wave|p1a: Froslass|[spread] p1a,p1b\n|-supereffective|p1a: Froslass|1\n|-damage|p1a: Froslass|0 fnt\n|-damage|p1b: Alcremie|0 fnt\n|faint|p1a: Froslass\n|faint|p1b: Alcremie\n|\n|-weather|Snowscape|[upkeep]\n|upkeep\n|\n|t:|1776125169\n|switch|p1a: Sneasler|Sneasler, L50, F|100/100\n|turn|4\n|\n|t:|1776125179\n|move|p2b: Sneasler|Fake Out|p1a: Sneasler\n|-damage|p1a: Sneasler|81/100\n|cant|p1a: Sneasler|flinch\n|move|p2a: Charizard|Heat Wave|p1a: Sneasler\n|-damage|p1a: Sneasler|23/100\n|\n|-weather|Snowscape|[upkeep]\n|upkeep\n|turn|5\n|\n|t:|1776125192\n|move|p2b: Sneasler|Close Combat|p1a: Sneasler\n|-resisted|p1a: Sneasler|1\n|-damage|p1a: Sneasler|0 fnt\n|-unboost|p2b: Sneasler|def|1\n|-unboost|p2b: Sneasler|spd|1\n|faint|p1a: Sneasler\n|\n|win|corpseblooming\n|raw|Mr.0men's rating: 1045 &rarr; <strong>1028</strong><br />(-17 for losing)\n|raw|corpseblooming's rating: 1040 &rarr; <strong>1074</strong><br />(+34 for winning)\n",
  "uploadtime": 1776125196,
  "views": 14,
  "formatid": "gen9championsvgc2026regma",
  "rating": 1028,
  "private": 0,
  "password": null
}