{
  "id": "gen9championsvgc2026regma-2580917867",
  "format": "[Gen 9 Champions] VGC 2026 Reg M-A",
  "players": [
    "Energoblock4th",
    "thelastravenpuff"
  ],
  "log": "|j|\u2606Energoblock4th\n|j|\u2606thelastravenpuff\n|t:|1775943217\n|gametype|doubles\n|player|p1|Energoblock4th|flannery|1167\n|player|p2|thelastravenpuff|allister-masters|1151\n|gen|9\n|tier|[Gen 9 Champions] VGC 2026 Reg M-A\n|rated|\n|rule|Species Clause: Limit one of each Pok\u00e9mon\n|rule|Item Clause: Limit 1 of each item\n|clearpoke\n|poke|p1|Sneasler, L50, F|\n|poke|p1|Pelipper, L50, M|\n|poke|p1|Archaludon, L50, M|\n|poke|p1|Basculegion-F, L50, F|\n|poke|p1|Meganium, L50, M|\n|poke|p1|Arcanine-Hisui, L50, F|\n|poke|p2|Floette-Eternal, L50, F|\n|poke|p2|Sylveon, L50, F|\n|poke|p2|Sinistcha, L50|\n|poke|p2|Sneasler, L50, M|\n|poke|p2|Blastoise, L50, F|\n|poke|p2|Corviknight, L50, F|\n|teampreview|4\nthelastravenpuff has agreed to open team sheets.\nEnergoblock4th has agreed to open team sheets.\n|showteam|p1|Sneasler||WhiteHerb|Unburden|CloseCombat,FakeOut,DireClaw,ShadowClaw|||F|||50|]Pelipper||FocusSash|Drizzle|Tailwind,Surf,Protect,Hurricane|||M|||50|]Archaludon||Leftovers|Stamina|Protect,HeavySlam,ElectroShot,DragonPulse|||M|||50|]Basculegion-F||ChoiceScarf|SwiftSwim|WaveCrash,LastRespects,PhantomForce,Crunch|||F|||50|]Meganium||Meganiumite|LeafGuard|SolarBeam,GigaDrain,DazzlingGleam,EarthPower|||M|||50|]Arcanine-Hisui||ScopeLens|Intimidate|HeadSmash,Crunch,Protect,FlareBlitz|||F|||50|\n|showteam|p2|Floette-Eternal||Floettite|FlowerVeil|Moonblast,DazzlingGleam,CalmMind,Protect|||F|||50|]Sylveon||ChoiceScarf|Pixilate|HyperBeam,HyperVoice,HelpingHand,Protect|||F|||50|]Sinistcha||Leftovers|Hospitality|MatchaGotcha,StrengthSap,ShadowBall,RagePowder||||||50|]Sneasler||FocusSash|Unburden|DireClaw,CloseCombat,FakeOut,Protect|||M|||50|]Blastoise||Blastoisinite|RainDish|MuddyWater,AuraSphere,ShellSmash,FakeOut|||F|||50|]Corviknight||OccaBerry|MirrorArmor|BodyPress,BraveBird,Tailwind,Protect|||F|||50|\n|\n|t:|1775943285\n|teamsize|p1|4\n|teamsize|p2|4\n|start\n|switch|p1a: Pelipper|Pelipper, L50, M|100/100\n|switch|p1b: Sneasler|Sneasler, L50, F|100/100\n|switch|p2a: Sinistcha|Sinistcha, L50|100/100\n|switch|p2b: Blastoise|Blastoise, L50, F|100/100\n|-weather|RainDance|[from] ability: Drizzle|[of] p1a: Pelipper\n|turn|1\n|\n|t:|1775943312\n|switch|p2a: Corviknight|Corviknight, L50, F|100/100\n|move|p1b: Sneasler|Fake Out|p2b: Blastoise\n|-damage|p2b: Blastoise|85/100\n|cant|p2b: Blastoise|flinch\n|move|p1a: Pelipper|Hurricane|p2a: Corviknight\n|-resisted|p2a: Corviknight|1\n|-damage|p2a: Corviknight|76/100\n|\n|-weather|RainDance|[upkeep]\n|-heal|p2b: Blastoise|91/100|[from] ability: Rain Dish\n|upkeep\n|turn|2\n|\n|t:|1775943334\n|detailschange|p2b: Blastoise|Blastoise-Mega, L50, F\n|-mega|p2b: Blastoise|Blastoise|Blastoisinite\n|move|p1b: Sneasler|Close Combat|p2a: Corviknight\n|-damage|p2a: Corviknight|32/100\n|-unboost|p1b: Sneasler|def|1\n|-unboost|p1b: Sneasler|spd|1\n|-enditem|p1b: Sneasler|White Herb\n|-clearnegativeboost|p1b: Sneasler|[silent]\n|move|p2b: Blastoise|Shell Smash|p2b: Blastoise\n|-unboost|p2b: Blastoise|def|1\n|-unboost|p2b: Blastoise|spd|1\n|-boost|p2b: Blastoise|atk|2\n|-boost|p2b: Blastoise|spa|2\n|-boost|p2b: Blastoise|spe|2\n|move|p1a: Pelipper|Hurricane|p2b: Blastoise\n|-damage|p2b: Blastoise|30/100\n|move|p2a: Corviknight|Tailwind|p2a: Corviknight\n|-sidestart|p2: thelastravenpuff|move: Tailwind\n|\n|-weather|RainDance|[upkeep]\n|upkeep\n|turn|3\n|\n|t:|1775943357\n|move|p2b: Blastoise|Muddy Water|p1b: Sneasler|[spread] p1a,p1b\n|-resisted|p1a: Pelipper|1\n|-damage|p1a: Pelipper|40/100\n|-damage|p1b: Sneasler|0 fnt\n|faint|p1b: Sneasler\n|move|p2a: Corviknight|Brave Bird|p1a: Pelipper\n|-damage|p1a: Pelipper|0 fnt\n|faint|p1a: Pelipper\n|-damage|p2a: Corviknight|21/100|[from] Recoil\n|\n|-weather|RainDance|[upkeep]\n|upkeep\n|\n|t:|1775943365\n|switch|p1b: Basculegion|Basculegion-F, L50, F|100/100\n|switch|p1a: Archaludon|Archaludon, L50, M|100/100\n|turn|4\n|\n|t:|1775943372\n|move|p2b: Blastoise|Aura Sphere|p1a: Archaludon\n|-supereffective|p1a: Archaludon|1\n|-damage|p1a: Archaludon|0 fnt\n|faint|p1a: Archaludon\n|move|p1b: Basculegion|Last Respects|p2b: Blastoise\n|-damage|p2b: Blastoise|0 fnt\n|faint|p2b: Blastoise\n|move|p2a: Corviknight|Brave Bird|p1b: Basculegion\n|-damage|p1b: Basculegion|57/100\n|-damage|p2a: Corviknight|7/100|[from] Recoil\n|\n|-weather|RainDance|[upkeep]\n|upkeep\n|\n|t:|1775943381\n|switch|p2b: Sinistcha|Sinistcha, L50|100/100\n|-heal|p2a: Corviknight|31/100|[from] ability: Hospitality|[of] p2b: Sinistcha\n|turn|5\n|\n|t:|1775943387\n|switch|p2b: Sylveon|Sylveon, L50, F|100/100\n|move|p1b: Basculegion|Last Respects|p2b: Sylveon\n|-damage|p2b: Sylveon|0 fnt\n|faint|p2b: Sylveon\n|move|p2a: Corviknight|Brave Bird|p1b: Basculegion\n|-damage|p1b: Basculegion|14/100\n|-damage|p2a: Corviknight|17/100|[from] Recoil\n|\n|-weather|none\n|-sideend|p2: thelastravenpuff|move: Tailwind\n|upkeep\n|\n|t:|1775943391\n|switch|p2b: Sinistcha|Sinistcha, L50|100/100\n|-heal|p2a: Corviknight|42/100|[from] ability: Hospitality|[of] p2b: Sinistcha\n|turn|6\n|\n|t:|1775943397\n|move|p2b: Sinistcha|Rage Powder|p2b: Sinistcha\n|-singleturn|p2b: Sinistcha|move: Rage Powder\n|move|p1b: Basculegion|Last Respects|p2b: Sinistcha\n|-supereffective|p2b: Sinistcha|1\n|-damage|p2b: Sinistcha|0 fnt\n|faint|p2b: Sinistcha\n|move|p2a: Corviknight|Brave Bird|p1b: Basculegion\n|-damage|p1b: Basculegion|0 fnt\n|faint|p1b: Basculegion\n|-damage|p2a: Corviknight|37/100|[from] Recoil\n|\n|win|thelastravenpuff\n|raw|Energoblock4th's rating: 1167 &rarr; <strong>1141</strong><br />(-26 for losing)\n|raw|thelastravenpuff's rating: 1151 &rarr; <strong>1177</strong><br />(+26 for winning)\n|l|\u2606Energoblock4th\n|player|p1|\n",
  "uploadtime": 1775943407,
  "views": 18,
  "formatid": "gen9championsvgc2026regma",
  "rating": 1141,
  "private": 0,
  "password": null
}