{
  "id": "gen9championsvgc2026regma-2589376078",
  "format": "[Gen 9 Champions] VGC 2026 Reg M-A",
  "players": [
    "doc lob",
    "Azuremoon7"
  ],
  "log": "|j|\u2606doc lob\n|j|\u2606Azuremoon7\n|t:|1776718057\n|gametype|doubles\n|player|p1|doc lob|hiker-gen4|1100\n|player|p2|Azuremoon7|blue|1133\n|gen|9\n|tier|[Gen 9 Champions] VGC 2026 Reg M-A\n|rated|\n|rule|Species Clause: Limit one of each Pok\u00e9mon\n|rule|Item Clause: Limit 1 of each item\n|clearpoke\n|poke|p1|Klefki, L50, M|\n|poke|p1|Garchomp, L50, F|\n|poke|p1|Tyranitar, L50, F|\n|poke|p1|Rotom-Heat, L50|\n|poke|p1|Gyarados, L50, M|\n|poke|p1|Sinistcha, L50|\n|poke|p2|Crabominable, L50, M, shiny|\n|poke|p2|Aerodactyl, L50, M, shiny|\n|poke|p2|Sinistcha-Masterpiece, L50, shiny|\n|poke|p2|Incineroar, L50, M, shiny|\n|poke|p2|Slowking-Galar, L50, M, shiny|\n|poke|p2|Armarouge, L50, M, shiny|\n|teampreview|4\n|\n|t:|1776718107\n|teamsize|p1|4\n|teamsize|p2|4\n|start\n|switch|p1a: Garchomp|Garchomp, L50, F|100/100\n|switch|p1b: Gyarados|Gyarados, L50, M|100/100\n|switch|p2a: Mr. Fist|Crabominable, L50, M, shiny|100/100\n|switch|p2b: Matchapop|Sinistcha-Masterpiece, L50, shiny|100/100\n|-ability|p1b: Gyarados|Intimidate|boost\n|-fail|p2a: Mr. Fist|unboost|Attack|[from] ability: Hyper Cutter|[of] p2a: Mr. Fist\n|-unboost|p2b: Matchapop|atk|1\n|turn|1\n|\n|t:|1776718148\n|switch|p1a: Rotom|Rotom-Heat, L50|100/100\n|move|p2a: Mr. Fist|Protect|p2a: Mr. Fist\n|-singleturn|p2a: Mr. Fist|Protect\n|move|p1b: Gyarados|Taunt|p2b: Matchapop\n|-start|p2b: Matchapop|move: Taunt\n|cant|p2b: Matchapop|move: Taunt|Trick Room\n|\n|upkeep\n|turn|2\n|\n|t:|1776718194\n|switch|p2b: Flex Seal|Incineroar, L50, M, shiny|100/100\n|-ability|p2b: Flex Seal|Intimidate|boost\n|-unboost|p1a: Rotom|atk|1\n|-unboost|p1b: Gyarados|atk|1\n|switch|p2a: Brian|Slowking-Galar, L50, M, shiny|100/100\n|move|p1b: Gyarados|Protect|p1b: Gyarados\n|-singleturn|p1b: Gyarados|Protect\n|move|p1a: Rotom|Overheat|p2a: Brian\n|-damage|p2a: Brian|55/100\n|-unboost|p1a: Rotom|spa|2\n|\n|-heal|p2a: Brian|61/100|[from] item: Leftovers\n|upkeep\n|turn|3\n|\n|t:|1776718210\n|switch|p1a: Tyranitar|Tyranitar, L50, F|100/100\n|-weather|Sandstorm|[from] ability: Sand Stream|[of] p1a: Tyranitar\n|move|p2b: Flex Seal|Fake Out|p1b: Gyarados\n|-damage|p1b: Gyarados|89/100\n|cant|p1b: Gyarados|flinch\n|move|p2a: Brian|Trick Room|p2a: Brian\n|-fieldstart|move: Trick Room|[of] p2a: Brian\n|\n|-weather|Sandstorm|[upkeep]\n|-damage|p2a: Brian|55/100|[from] Sandstorm\n|-damage|p2b: Flex Seal|94/100|[from] Sandstorm\n|-damage|p1b: Gyarados|83/100|[from] Sandstorm\n|-heal|p2a: Brian|61/100|[from] item: Leftovers\n|upkeep\n|turn|4\n|\n|t:|1776718226\n|detailschange|p1a: Tyranitar|Tyranitar-Mega, L50, F\n|-mega|p1a: Tyranitar|Tyranitar|Tyranitarite\n|-prepare|p2a: Brian|Chilly Reception|[premajor]\n|move|p2a: Brian|Chilly Reception|p2a: Brian\n|-weather|Snowscape\n|\n|t:|1776718236\n|switch|p2a: Matchapop|Sinistcha-Masterpiece, L50, shiny|100/100|[from] Chilly Reception\n|move|p2b: Flex Seal|Parting Shot|p1a: Tyranitar\n|-unboost|p1a: Tyranitar|atk|1\n|-unboost|p1a: Tyranitar|spa|1\n|\n|t:|1776718242\n|switch|p2b: Mr. Fist|Crabominable, L50, M, shiny|100/100|[from] Parting Shot\n|move|p1b: Gyarados|Waterfall|p2b: Mr. Fist\n|-crit|p2b: Mr. Fist\n|-damage|p2b: Mr. Fist|57/100\n|move|p1a: Tyranitar|Knock Off|p2a: Matchapop\n|-supereffective|p2a: Matchapop|1\n|-enditem|p2a: Matchapop|Colbur Berry|[eat]\n|-enditem|p2a: Matchapop|Colbur Berry|[weaken]\n|-damage|p2a: Matchapop|61/100\n|\n|-weather|Snowscape|[upkeep]\n|upkeep\n|turn|5\n|\n|t:|1776718276\n|detailschange|p2b: Mr. Fist|Crabominable-Mega, L50, M, shiny\n|-mega|p2b: Mr. Fist|Crabominable|Crabominite\n|move|p1a: Tyranitar|Protect|p1a: Tyranitar\n|-singleturn|p1a: Tyranitar|Protect\n|move|p2a: Matchapop|Rage Powder|p2a: Matchapop\n|-singleturn|p2a: Matchapop|move: Rage Powder\n|move|p2b: Mr. Fist|Drain Punch|p1a: Tyranitar\n|-activate|p1a: Tyranitar|move: Protect\n|move|p1b: Gyarados|Taunt|p2a: Matchapop\n|-start|p2a: Matchapop|move: Taunt\n|\n|-weather|Snowscape|[upkeep]\n|upkeep\n|turn|6\n|\n|t:|1776718297\n|switch|p1a: Rotom|Rotom-Heat, L50|100/100\n|move|p1b: Gyarados|Protect|p1b: Gyarados\n|-singleturn|p1b: Gyarados|Protect\n|move|p2b: Mr. Fist|Thunder Punch|p1b: Gyarados\n|-activate|p1b: Gyarados|move: Protect\n|move|p2a: Matchapop|Matcha Gotcha|p1a: Rotom|[spread] p1a\n|-activate|p1b: Gyarados|move: Protect\n|-resisted|p1a: Rotom|1\n|-damage|p1a: Rotom|81/100\n|-heal|p2a: Matchapop|68/100|[from] drain|[of] p1a: Rotom\n|\n|-weather|Snowscape|[upkeep]\n|upkeep\n|turn|7\n|\n|t:|1776718326\n|switch|p1b: Tyranitar|Tyranitar-Mega, L50, F|100/100\n|-weather|Sandstorm|[from] ability: Sand Stream|[of] p1b: Tyranitar\n|move|p1a: Rotom|Protect|p1a: Rotom\n|-singleturn|p1a: Rotom|Protect\n|move|p2b: Mr. Fist|Drain Punch|p1a: Rotom\n|-activate|p1a: Rotom|move: Protect\n|move|p2a: Matchapop|Matcha Gotcha|p1b: Tyranitar|[spread] p1b\n|-activate|p1a: Rotom|move: Protect\n|-supereffective|p1b: Tyranitar|1\n|-damage|p1b: Tyranitar|70/100\n|-heal|p2a: Matchapop|83/100|[from] drain|[of] p1b: Tyranitar\n|\n|-weather|Sandstorm|[upkeep]\n|-damage|p2b: Mr. Fist|51/100|[from] Sandstorm\n|-damage|p2a: Matchapop|77/100|[from] Sandstorm\n|-damage|p1a: Rotom|76/100|[from] Sandstorm\n|-fieldend|move: Trick Room\n|upkeep\n|turn|8\n|\n|t:|1776718353\n|switch|p2a: Brian|Slowking-Galar, L50, M, shiny|94/100\n|move|p2b: Mr. Fist|Protect|p2b: Mr. Fist\n|-singleturn|p2b: Mr. Fist|Protect\n|move|p1a: Rotom|Overheat|p2b: Mr. Fist\n|-activate|p2b: Mr. Fist|move: Protect\n|move|p1b: Tyranitar|Rock Slide|p2a: Brian|[spread] p2a\n|-activate|p2b: Mr. Fist|move: Protect\n|-damage|p2a: Brian|59/100\n|\n|-weather|Sandstorm|[upkeep]\n|-damage|p1a: Rotom|70/100|[from] Sandstorm\n|-damage|p2b: Mr. Fist|45/100|[from] Sandstorm\n|-damage|p2a: Brian|53/100|[from] Sandstorm\n|-heal|p2a: Brian|59/100|[from] item: Leftovers\n|upkeep\n|turn|9\n|\n|t:|1776718370\n|switch|p2b: Flex Seal|Incineroar, L50, M, shiny|94/100\n|-ability|p2b: Flex Seal|Intimidate|boost\n|-unboost|p1a: Rotom|atk|1\n|-unboost|p1b: Tyranitar|atk|1\n|move|p1a: Rotom|Volt Switch|p2b: Flex Seal\n|-damage|p2b: Flex Seal|70/100\n|\n|t:|1776718385\n|switch|p1a: Gyarados|Gyarados, L50, M|83/100|[from] Volt Switch\n|-ability|p1a: Gyarados|Intimidate|boost\n|-unboost|p2a: Brian|atk|1\n|-unboost|p2b: Flex Seal|atk|1\n|move|p1b: Tyranitar|Knock Off|p2a: Brian\n|-supereffective|p2a: Brian|1\n|-damage|p2a: Brian|0 fnt\n|-enditem|p2a: Brian|Leftovers|[from] move: Knock Off|[of] p1b: Tyranitar\n|faint|p2a: Brian\n|\n|-weather|Sandstorm|[upkeep]\n|-damage|p1a: Gyarados|77/100|[from] Sandstorm\n|-damage|p2b: Flex Seal|64/100|[from] Sandstorm\n|upkeep\n|\n|t:|1776718400\n|switch|p2a: Matchapop|Sinistcha-Masterpiece, L50, shiny|77/100\n|turn|10\n|\n|t:|1776718405\n|move|p1b: Tyranitar|Protect|p1b: Tyranitar\n|-singleturn|p1b: Tyranitar|Protect\n|move|p2b: Flex Seal|Fake Out|p1a: Gyarados\n|-damage|p1a: Gyarados|69/100\n|cant|p1a: Gyarados|flinch\n|move|p2a: Matchapop|Trick Room|p2a: Matchapop\n|-fieldstart|move: Trick Room|[of] p2a: Matchapop\n|\n|-weather|Sandstorm|[upkeep]\n|-damage|p2b: Flex Seal|58/100|[from] Sandstorm\n|-damage|p2a: Matchapop|71/100|[from] Sandstorm\n|-damage|p1a: Gyarados|63/100|[from] Sandstorm\n|upkeep\n|turn|11\n|\n|t:|1776718423\n|move|p2b: Flex Seal|Parting Shot|p1b: Tyranitar\n|-unboost|p1b: Tyranitar|atk|1\n|-unboost|p1b: Tyranitar|spa|1\n|\n|t:|1776718427\n|switch|p2b: Mr. Fist|Crabominable-Mega, L50, M, shiny|45/100|[from] Parting Shot\n|move|p2a: Matchapop|Matcha Gotcha|p1a: Gyarados|[spread] p1a,p1b\n|-supereffective|p1b: Tyranitar|1\n|-damage|p1a: Gyarados|42/100\n|-heal|p2a: Matchapop|83/100|[from] drain|[of] p1a: Gyarados\n|-damage|p1b: Tyranitar|35/100\n|-heal|p2a: Matchapop|99/100|[from] drain|[of] p1b: Tyranitar\n|-status|p1b: Tyranitar|brn\n|move|p1a: Gyarados|Waterfall|p2b: Mr. Fist\n|-damage|p2b: Mr. Fist|15/100\n|move|p1b: Tyranitar|Knock Off|p2a: Matchapop\n|-supereffective|p2a: Matchapop|1\n|-damage|p2a: Matchapop|81/100\n|\n|-weather|none\n|-damage|p1b: Tyranitar|30/100 brn|[from] brn\n|upkeep\n|turn|12\n|\n|t:|1776718453\n|move|p2b: Mr. Fist|Protect|p2b: Mr. Fist\n|-singleturn|p2b: Mr. Fist|Protect\n|move|p2a: Matchapop|Protect|p2a: Matchapop\n|-singleturn|p2a: Matchapop|Protect\n|move|p1a: Gyarados|Waterfall|p2b: Mr. Fist\n|-activate|p2b: Mr. Fist|move: Protect\n|move|p1b: Tyranitar|Rock Slide|p2a: Matchapop|[spread] \n|-activate|p2a: Matchapop|move: Protect\n|-activate|p2b: Mr. Fist|move: Protect\n|\n|-damage|p1b: Tyranitar|24/100 brn|[from] brn\n|upkeep\n|turn|13\n|\n|t:|1776718476\n|move|p1a: Gyarados|Protect|p1a: Gyarados\n|-singleturn|p1a: Gyarados|Protect\n|move|p1b: Tyranitar|Protect|p1b: Tyranitar\n|-singleturn|p1b: Tyranitar|Protect\n|move|p2b: Mr. Fist|Ice Hammer|p1a: Gyarados\n|-activate|p1a: Gyarados|move: Protect\n|move|p2a: Matchapop|Matcha Gotcha|p1a: Gyarados|[spread] \n|-activate|p1a: Gyarados|move: Protect\n|-activate|p1b: Tyranitar|move: Protect\n|\n|-damage|p1b: Tyranitar|18/100 brn|[from] brn\n|upkeep\n|turn|14\n|\n|t:|1776718527\n|switch|p1a: Rotom|Rotom-Heat, L50|70/100\n|move|p2b: Mr. Fist|Ice Hammer|p1a: Rotom\n|-resisted|p1a: Rotom|1\n|-damage|p1a: Rotom|21/100\n|-unboost|p2b: Mr. Fist|spe|1\n|move|p2a: Matchapop|Matcha Gotcha|p1b: Tyranitar|[spread] p1b\n|-miss|p2a: Matchapop|p1a: Rotom\n|-supereffective|p1b: Tyranitar|1\n|-damage|p1b: Tyranitar|0 fnt\n|-heal|p2a: Matchapop|90/100|[from] drain|[of] p1b: Tyranitar\n|faint|p1b: Tyranitar\n|\n|-fieldend|move: Trick Room\n|upkeep\n|\n|t:|1776718548\n|switch|p1b: Gyarados|Gyarados, L50, M|42/100\n|-ability|p1b: Gyarados|Intimidate|boost\n|-unboost|p2a: Matchapop|atk|1\n|-unboost|p2b: Mr. Fist|atk|1\n|turn|15\n|\n|t:|1776718552\n|switch|p2b: Flex Seal|Incineroar, L50, M, shiny|58/100\n|-ability|p2b: Flex Seal|Intimidate|boost\n|-unboost|p1a: Rotom|atk|1\n|-unboost|p1b: Gyarados|atk|1\n|move|p2a: Matchapop|Protect|p2a: Matchapop\n|-singleturn|p2a: Matchapop|Protect\n|move|p1a: Rotom|Overheat|p2a: Matchapop\n|-activate|p2a: Matchapop|move: Protect\n|move|p1b: Gyarados|Waterfall|p2b: Flex Seal\n|-supereffective|p2b: Flex Seal|1\n|-damage|p2b: Flex Seal|9/100\n|-enditem|p2b: Flex Seal|Sitrus Berry|[eat]\n|-heal|p2b: Flex Seal|33/100|[from] item: Sitrus Berry\n|\n|upkeep\n|turn|16\n|\n|t:|1776718581\n|move|p2b: Flex Seal|Fake Out|p1b: Gyarados\n|-damage|p1b: Gyarados|29/100\n|move|p1a: Rotom|Overheat|p2a: Matchapop\n|-supereffective|p2a: Matchapop|1\n|-damage|p2a: Matchapop|25/100\n|-unboost|p1a: Rotom|spa|2\n|cant|p1b: Gyarados|flinch\n|move|p2a: Matchapop|Trick Room|p2a: Matchapop\n|-fieldstart|move: Trick Room|[of] p2a: Matchapop\n|\n|upkeep\n|turn|17\n|\n|t:|1776718599\n|switch|p1a: Garchomp|Garchomp, L50, F|100/100\n|move|p2b: Flex Seal|Throat Chop|p1a: Garchomp\n|-damage|p1a: Garchomp|67/100\n|-start|p1a: Garchomp|Throat Chop|[silent]\n|-damage|p2b: Flex Seal|21/100|[from] ability: Rough Skin|[of] p1a: Garchomp\n|move|p2a: Matchapop|Matcha Gotcha|p1b: Gyarados|[spread] p1a,p1b\n|-damage|p1a: Garchomp|42/100\n|-heal|p2a: Matchapop|38/100|[from] drain|[of] p1a: Garchomp\n|-damage|p1b: Gyarados|6/100\n|-heal|p2a: Matchapop|51/100|[from] drain|[of] p1b: Gyarados\n|-status|p1b: Gyarados|brn\n|-enditem|p1b: Gyarados|Lum Berry|[eat]\n|-curestatus|p1b: Gyarados|brn|[msg]\n|move|p1b: Gyarados|Waterfall|p2b: Flex Seal\n|-supereffective|p2b: Flex Seal|1\n|-damage|p2b: Flex Seal|0 fnt\n|faint|p2b: Flex Seal\n|\n|upkeep\n|\n|t:|1776718618\n|switch|p2b: Mr. Fist|Crabominable-Mega, L50, M, shiny|15/100\n|turn|18\n|\n|t:|1776718656\n|move|p1b: Gyarados|Helping Hand|p1a: Garchomp\n|-singleturn|p1a: Garchomp|Helping Hand|[of] p1b: Gyarados\n|move|p2b: Mr. Fist|Drain Punch|p1a: Garchomp\n|-damage|p1a: Garchomp|0 fnt\n|-heal|p2b: Mr. Fist|35/100|[from] drain|[of] p1a: Garchomp\n|-damage|p2b: Mr. Fist|23/100|[from] ability: Rough Skin|[of] p1a: Garchomp\n|faint|p1a: Garchomp\n|move|p2a: Matchapop|Matcha Gotcha|p1b: Gyarados\n|-damage|p1b: Gyarados|0 fnt\n|-heal|p2a: Matchapop|54/100|[from] drain|[of] p1b: Gyarados\n|faint|p1b: Gyarados\n|\n|upkeep\n|\n|t:|1776718659\n|switch|p1b: Rotom|Rotom-Heat, L50|21/100\n|turn|19\n|\n|t:|1776718670\n|move|p1b: Rotom|Protect|p1b: Rotom\n|-singleturn|p1b: Rotom|Protect\n|move|p2a: Matchapop|Rage Powder|p2a: Matchapop\n|-singleturn|p2a: Matchapop|move: Rage Powder\n|move|p2b: Mr. Fist|Drain Punch|p1b: Rotom\n|-activate|p1b: Rotom|move: Protect\n|\n|upkeep\n|turn|20\n|\n|t:|1776718674\n|move|p1b: Rotom|Protect||[still]\n|-fail|p1b: Rotom\n|move|p2a: Matchapop|Rage Powder|p2a: Matchapop\n|-singleturn|p2a: Matchapop|move: Rage Powder\n|move|p2b: Mr. Fist|Drain Punch|p1b: Rotom\n|-damage|p1b: Rotom|0 fnt\n|-heal|p2b: Mr. Fist|30/100|[from] drain|[of] p1b: Rotom\n|faint|p1b: Rotom\n|\n|win|Azuremoon7\n|raw|doc lob's rating: 1100 &rarr; <strong>1077</strong><br />(-23 for losing)\n|raw|Azuremoon7's rating: 1133 &rarr; <strong>1156</strong><br />(+23 for winning)\n|c|\u2606Azuremoon7|ggs\n|l|\u2606doc lob\n|player|p1|\n",
  "uploadtime": 1776718681,
  "views": 12,
  "formatid": "gen9championsvgc2026regma",
  "rating": 1077,
  "private": 0,
  "password": null
}