{
  "id": "gen9championsvgc2026regma-2581127324",
  "format": "[Gen 9 Champions] VGC 2026 Reg M-A",
  "players": [
    "Marcio Lira",
    "SRTW1thered"
  ],
  "log": "|j|\u2606Marcio Lira\n|j|\u2606SRTW1thered\n|t:|1775962502\n|gametype|doubles\n|player|p1|Marcio Lira|bugcatcher-gen4dp|1135\n|player|p2|SRTW1thered|unknown|1073\n|gen|9\n|tier|[Gen 9 Champions] VGC 2026 Reg M-A\n|rated|\n|rule|Species Clause: Limit one of each Pok\u00e9mon\n|rule|Item Clause: Limit 1 of each item\n|clearpoke\n|poke|p1|Klefki, L50, M|\n|poke|p1|Golurk, L50|\n|poke|p1|Hatterene, L50, F|\n|poke|p1|Snorlax, L50, M|\n|poke|p1|Incineroar, L50, M|\n|poke|p1|Sinistcha, L50|\n|poke|p2|Kangaskhan, L50, F|\n|poke|p2|Sinistcha, L50|\n|poke|p2|Kommo-o, L50, M|\n|poke|p2|Incineroar, L50, F|\n|poke|p2|Volcarona, L50, F|\n|poke|p2|Milotic, L50, F|\n|teampreview|4\n|\n|t:|1775962580\n|teamsize|p1|4\n|teamsize|p2|4\n|start\n|switch|p1a: Golurk|Golurk, L50, shiny|100/100\n|switch|p1b: Sinistcha|Sinistcha, L50|100/100\n|switch|p2a: Incineroar|Incineroar, L50, F|100/100\n|switch|p2b: Kommo-o|Kommo-o, L50, M|100/100\n|-ability|p2a: Incineroar|Intimidate|boost\n|-unboost|p1a: Golurk|atk|1\n|-unboost|p1b: Sinistcha|atk|1\n|turn|1\n|\n|t:|1775962612\n|detailschange|p1a: Golurk|Golurk-Mega, L50, shiny\n|-mega|p1a: Golurk|Golurk|Golurkite\n|move|p1b: Sinistcha|Rage Powder|p1b: Sinistcha\n|-singleturn|p1b: Sinistcha|move: Rage Powder\n|move|p2b: Kommo-o|Clangorous Soul|p2b: Kommo-o\n|-boost|p2b: Kommo-o|atk|1\n|-boost|p2b: Kommo-o|def|1\n|-boost|p2b: Kommo-o|spa|1\n|-boost|p2b: Kommo-o|spd|1\n|-boost|p2b: Kommo-o|spe|1\n|-damage|p2b: Kommo-o|68/100\n|move|p2a: Incineroar|Flare Blitz|p1b: Sinistcha\n|-supereffective|p1b: Sinistcha|1\n|-damage|p1b: Sinistcha|0 fnt\n|faint|p1b: Sinistcha\n|-damage|p2a: Incineroar|71/100|[from] Recoil\n|move|p1a: Golurk|Headlong Rush|p2a: Incineroar\n|-supereffective|p2a: Incineroar|1\n|-damage|p2a: Incineroar|0 fnt\n|-unboost|p1a: Golurk|def|1\n|-unboost|p1a: Golurk|spd|1\n|faint|p2a: Incineroar\n|\n|-heal|p2b: Kommo-o|74/100|[from] item: Leftovers\n|upkeep\n|\n|t:|1775962636\n|switch|p2a: Sinistcha|Sinistcha, L50|100/100\n|switch|p1b: Klefki|Klefki, L50, M|100/100\n|-heal|p2b: Kommo-o|99/100|[from] ability: Hospitality|[of] p2a: Sinistcha\n|turn|2\n|\n|t:|1775962663\n|move|p1a: Golurk|Protect|p1a: Golurk\n|-singleturn|p1a: Golurk|Protect\n|move|p2a: Sinistcha|Rage Powder|p2a: Sinistcha\n|-singleturn|p2a: Sinistcha|move: Rage Powder\n|move|p2b: Kommo-o|Clanging Scales|p1a: Golurk|[spread] \n|-activate|p1a: Golurk|move: Protect\n|-immune|p1b: Klefki\n|move|p1b: Klefki|Trick Room|p1b: Klefki\n|-fieldstart|move: Trick Room|[of] p1b: Klefki\n|\n|-heal|p2b: Kommo-o|100/100|[from] item: Leftovers\n|upkeep\n|turn|3\n|\n|t:|1775962685\n|switch|p1a: Snorlax|Snorlax, L50, M|100/100\n|move|p2a: Sinistcha|Rage Powder|p2a: Sinistcha\n|-singleturn|p2a: Sinistcha|move: Rage Powder\n|move|p1b: Klefki|Imprison|p1b: Klefki\n|-start|p1b: Klefki|move: Imprison\n|move|p2b: Kommo-o|Clangorous Soul|p2b: Kommo-o\n|-boost|p2b: Kommo-o|atk|1\n|-boost|p2b: Kommo-o|def|1\n|-boost|p2b: Kommo-o|spa|1\n|-boost|p2b: Kommo-o|spd|1\n|-boost|p2b: Kommo-o|spe|1\n|-damage|p2b: Kommo-o|68/100\n|\n|-heal|p2b: Kommo-o|74/100|[from] item: Leftovers\n|upkeep\n|turn|4\n|\n|t:|1775962709\n|switch|p1a: Golurk|Golurk-Mega, L50, shiny|100/100\n|move|p2a: Sinistcha|Protect|p2a: Sinistcha\n|-singleturn|p2a: Sinistcha|Protect\n|move|p2b: Kommo-o|Protect|p2b: Kommo-o\n|-singleturn|p2b: Kommo-o|Protect\n|move|p1b: Klefki|Foul Play|p2a: Sinistcha\n|-activate|p2a: Sinistcha|move: Protect\n|\n|-heal|p2b: Kommo-o|80/100|[from] item: Leftovers\n|upkeep\n|turn|5\n|\n|t:|1775962743\n|move|p1a: Golurk|Protect|p1a: Golurk\n|-singleturn|p1a: Golurk|Protect\n|move|p1b: Klefki|Foul Play|p2a: Sinistcha\n|-supereffective|p2a: Sinistcha|1\n|-damage|p2a: Sinistcha|75/100\n|move|p2a: Sinistcha|Life Dew|p2a: Sinistcha|[spread] p2a,p2b\n|-heal|p2a: Sinistcha|99/100\n|-heal|p2b: Kommo-o|100/100\n|move|p2b: Kommo-o|Aura Sphere|p1b: Klefki\n|-damage|p1b: Klefki|16/100\n|\n|upkeep\n|turn|6\n|\n|t:|1775962781\n|switch|p1a: Snorlax|Snorlax, L50, M|100/100\n|move|p2a: Sinistcha|Protect|p2a: Sinistcha\n|-singleturn|p2a: Sinistcha|Protect\n|move|p2b: Kommo-o|Protect|p2b: Kommo-o\n|-singleturn|p2b: Kommo-o|Protect\n|move|p1b: Klefki|Foul Play|p2b: Kommo-o\n|-activate|p2b: Kommo-o|move: Protect\n|\n|-fieldend|move: Trick Room\n|upkeep\n|turn|7\n|\n|t:|1775962798\n|move|p2a: Sinistcha|Rage Powder|p2a: Sinistcha\n|-singleturn|p2a: Sinistcha|move: Rage Powder\n|move|p2b: Kommo-o|Aura Sphere|p1a: Snorlax\n|-supereffective|p1a: Snorlax|1\n|-damage|p1a: Snorlax|13/100\n|-enditem|p1a: Snorlax|Sitrus Berry|[eat]\n|-heal|p1a: Snorlax|37/100|[from] item: Sitrus Berry\n|move|p1a: Snorlax|Belly Drum||[still]\n|-fail|p1a: Snorlax\n|move|p1b: Klefki|Trick Room|p1b: Klefki\n|-fieldstart|move: Trick Room|[of] p1b: Klefki\n|\n|upkeep\n|turn|8\n|\n|t:|1775962827\n|move|p2a: Sinistcha|Rage Powder|p2a: Sinistcha\n|-singleturn|p2a: Sinistcha|move: Rage Powder\n|move|p1a: Snorlax|Crunch|p2a: Sinistcha\n|-supereffective|p2a: Sinistcha|1\n|-damage|p2a: Sinistcha|54/100\n|move|p1b: Klefki|Foul Play|p2a: Sinistcha\n|-supereffective|p2a: Sinistcha|1\n|-damage|p2a: Sinistcha|28/100\n|-enditem|p2a: Sinistcha|Sitrus Berry|[eat]\n|-heal|p2a: Sinistcha|53/100|[from] item: Sitrus Berry\n|move|p2b: Kommo-o|Clanging Scales|p1b: Klefki|[spread] p1a\n|-immune|p1b: Klefki\n|-damage|p1a: Snorlax|0 fnt\n|faint|p1a: Snorlax\n|-unboost|p2b: Kommo-o|def|1\n|\n|upkeep\n|\n|t:|1775962835\n|switch|p1a: Golurk|Golurk-Mega, L50, shiny|100/100\n|turn|9\n|\n|t:|1775962859\n|move|p2a: Sinistcha|Protect|p2a: Sinistcha\n|-singleturn|p2a: Sinistcha|Protect\n|move|p2b: Kommo-o|Protect|p2b: Kommo-o\n|-singleturn|p2b: Kommo-o|Protect\n|move|p1a: Golurk|Poltergeist||[still]\n|-fail|p1a: Golurk\n|move|p1b: Klefki|Foul Play|p2a: Sinistcha\n|-activate|p2a: Sinistcha|move: Protect\n|\n|upkeep\n|turn|10\n|\n|t:|1775962887\n|move|p2a: Sinistcha|Rage Powder|p2a: Sinistcha\n|-singleturn|p2a: Sinistcha|move: Rage Powder\n|move|p1a: Golurk|Headlong Rush|p2a: Sinistcha\n|-resisted|p2a: Sinistcha|1\n|-damage|p2a: Sinistcha|20/100\n|-unboost|p1a: Golurk|def|1\n|-unboost|p1a: Golurk|spd|1\n|move|p1b: Klefki|Foul Play|p2a: Sinistcha\n|-supereffective|p2a: Sinistcha|1\n|-damage|p2a: Sinistcha|0 fnt\n|faint|p2a: Sinistcha\n|move|p2b: Kommo-o|Aura Sphere|p1b: Klefki\n|-damage|p1b: Klefki|0 fnt\n|faint|p1b: Klefki\n|\n|upkeep\n|\n|t:|1775962903\n|switch|p2a: Kangaskhan|Kangaskhan, L50, F|100/100\n|turn|11\n|c|\u2606Marcio Lira|gg\n|\n|t:|1775962918\n|move|p2a: Kangaskhan|Fake Out|p1a: Golurk\n|-damage|p1a: Golurk|74/100\n|cant|p1a: Golurk|flinch\n|move|p2b: Kommo-o|Clanging Scales|p1a: Golurk\n|-damage|p1a: Golurk|0 fnt\n|faint|p1a: Golurk\n|\n|win|SRTW1thered\n|raw|Marcio Lira's rating: 1135 &rarr; <strong>1106</strong><br />(-29 for losing)\n|raw|SRTW1thered's rating: 1073 &rarr; <strong>1107</strong><br />(+34 for winning)\n|l|\u2606Marcio Lira\n|player|p1|\n",
  "uploadtime": 1775962933,
  "views": 21,
  "formatid": "gen9championsvgc2026regma",
  "rating": 1106,
  "private": 0,
  "password": null
}