{
  "id": "gen9championsvgc2026regma-2583007785",
  "format": "[Gen 9 Champions] VGC 2026 Reg M-A",
  "players": [
    "fr49",
    "Dess_O7"
  ],
  "log": "|j|\u2606fr49\n|j|\u2606Dess_O7\n|t:|1776132845\n|gametype|doubles\n|player|p1|fr49|170|1096\n|player|p2|Dess_O7|101|1134\n|gen|9\n|tier|[Gen 9 Champions] VGC 2026 Reg M-A\n|rated|\n|rule|Species Clause: Limit one of each Pok\u00e9mon\n|rule|Item Clause: Limit 1 of each item\n|clearpoke\n|poke|p1|Aggron, L50, F|\n|poke|p1|Incineroar, L50, F|\n|poke|p1|Sinistcha, L50|\n|poke|p1|Tyranitar, L50, M|\n|poke|p1|Rotom-Wash, L50|\n|poke|p1|Sneasler, L50, M|\n|poke|p2|Archaludon, L50, M|\n|poke|p2|Lycanroc-Dusk, L50, F|\n|poke|p2|Milotic, L50, M|\n|poke|p2|Talonflame, L50, M|\n|poke|p2|Froslass, L50, F|\n|poke|p2|Farigiraf, L50, F|\n|teampreview|4\n|inactive|Battle timer is ON: inactive players will automatically lose when time's up. (requested by fr49)\n|inactive|Dess_O7 has 60 seconds left.\n|\n|t:|1776132893\n|teamsize|p1|4\n|teamsize|p2|4\n|start\n|switch|p1a: Tamayo|Sneasler, L50, M, shiny|100/100\n|switch|p1b: Diar|Aggron, L50, F, shiny|100/100\n|switch|p2a: Milotic|Milotic, L50, M|100/100\n|switch|p2b: Farigiraf|Farigiraf, L50, F|100/100\n|turn|1\n|\n|t:|1776132914\n|detailschange|p1b: Diar|Aggron-Mega, L50, F, shiny\n|-mega|p1b: Diar|Aggron|Aggronite\n|move|p2b: Farigiraf|Helping Hand|p2a: Milotic\n|-singleturn|p2a: Milotic|Helping Hand|[of] p2b: Farigiraf\n|move|p1a: Tamayo|Dire Claw|p2b: Farigiraf\n|-damage|p2b: Farigiraf|70/100\n|-status|p2b: Farigiraf|psn\n|move|p2a: Milotic|Muddy Water|p1b: Diar|[spread] p1a,p1b\n|-damage|p1a: Tamayo|33/100\n|-damage|p1b: Diar|58/100\n|-unboost|p1a: Tamayo|accuracy|1\n|-enditem|p1a: Tamayo|White Herb\n|-clearnegativeboost|p1a: Tamayo|[silent]\n|move|p1b: Diar|Body Press|p2b: Farigiraf\n|-damage|p2b: Farigiraf|43/100 psn\n|-enditem|p2b: Farigiraf|Sitrus Berry|[eat]\n|-heal|p2b: Farigiraf|67/100 psn|[from] item: Sitrus Berry\n|\n|-damage|p2b: Farigiraf|55/100 psn|[from] psn\n|upkeep\n|turn|2\n|inactive|fr49 has 30 seconds left.\n|inactive|Dess_O7 has 30 seconds left.\n|\n|t:|1776132944\n|switch|p1b: TehMatcha|Sinistcha, L50, shiny|100/100\n|-heal|p1a: Tamayo|58/100|[from] ability: Hospitality|[of] p1b: TehMatcha\n|move|p1a: Tamayo|Dire Claw|p2a: Milotic\n|-damage|p2a: Milotic|53/100\n|move|p2a: Milotic|Muddy Water|p1a: Tamayo|[spread] p1a,p1b\n|-resisted|p1b: TehMatcha|1\n|-damage|p1a: Tamayo|21/100\n|-damage|p1b: TehMatcha|87/100\n|move|p2b: Farigiraf|Imprison|p2b: Farigiraf\n|-start|p2b: Farigiraf|move: Imprison\n|\n|-heal|p2a: Milotic|59/100|[from] item: Leftovers\n|-damage|p2b: Farigiraf|43/100 psn|[from] psn\n|upkeep\n|turn|3\n|\n|t:|1776132968\n|move|p1a: Tamayo|Dire Claw|p2a: Milotic\n|-damage|p2a: Milotic|17/100\n|move|p2a: Milotic|Muddy Water|p1b: TehMatcha|[spread] p1a,p1b\n|-resisted|p1b: TehMatcha|1\n|-damage|p1a: Tamayo|0 fnt\n|-damage|p1b: TehMatcha|75/100\n|faint|p1a: Tamayo\n|move|p1b: TehMatcha|Matcha Gotcha|p2a: Milotic|[spread] p2a,p2b\n|-supereffective|p2a: Milotic|1\n|-damage|p2a: Milotic|0 fnt\n|-heal|p1b: TehMatcha|84/100|[from] drain|[of] p2a: Milotic\n|-damage|p2b: Farigiraf|19/100 psn\n|-heal|p1b: TehMatcha|99/100|[from] drain|[of] p2b: Farigiraf\n|faint|p2a: Milotic\n|move|p2b: Farigiraf|Twin Beam|p1b: TehMatcha\n|-damage|p1b: TehMatcha|86/100\n|-damage|p1b: TehMatcha|72/100\n|-hitcount|p1b: TehMatcha|2\n|\n|-damage|p2b: Farigiraf|6/100 psn|[from] psn\n|upkeep\n|inactive|fr49 has 30 seconds left.\n|inactive|Dess_O7 has 30 seconds left.\n|\n|t:|1776133000\n|switch|p1a: Diar|Aggron-Mega, L50, F, shiny|58/100\n|switch|p2a: Archaludon|Archaludon, L50, M|100/100\n|turn|4\n|\n|t:|1776133024\n|move|p2b: Farigiraf|Helping Hand|p2a: Archaludon\n|-singleturn|p2a: Archaludon|Helping Hand|[of] p2b: Farigiraf\n|move|p1b: TehMatcha|Rage Powder|p1b: TehMatcha\n|-singleturn|p1b: TehMatcha|move: Rage Powder\n|move|p2a: Archaludon|Draco Meteor|p1b: TehMatcha\n|-damage|p1b: TehMatcha|0 fnt\n|-unboost|p2a: Archaludon|spa|2\n|faint|p1b: TehMatcha\n|-enditem|p2a: Archaludon|White Herb\n|-clearnegativeboost|p2a: Archaludon|[silent]\n|move|p1a: Diar|Iron Defense|p1a: Diar\n|-boost|p1a: Diar|def|2\n|\n|-damage|p2b: Farigiraf|0 fnt|[from] psn\n|faint|p2b: Farigiraf\n|upkeep\n|\n|t:|1776133041\n|switch|p1b: Trex|Tyranitar, L50, M, shiny|100/100\n|switch|p2b: Lycanroc|Lycanroc-Dusk, L50, F|100/100\n|-weather|Sandstorm|[from] ability: Sand Stream|[of] p1b: Trex\n|turn|5\n|\n|t:|1776133053\n|move|p1b: Trex|Protect|p1b: Trex\n|-singleturn|p1b: Trex|Protect\n|move|p2b: Lycanroc|Close Combat|p1b: Trex\n|-activate|p1b: Trex|move: Protect\n|move|p2a: Archaludon|Thunderbolt|p1a: Diar\n|-damage|p1a: Diar|30/100\n|move|p1a: Diar|Body Press|p2a: Archaludon\n|-supereffective|p2a: Archaludon|1\n|-damage|p2a: Archaludon|0 fnt\n|faint|p2a: Archaludon\n|\n|-weather|Sandstorm|[upkeep]\n|upkeep\n|turn|6\n|\n|t:|1776133076\n|move|p2b: Lycanroc|Close Combat|p1b: Trex\n|-supereffective|p1b: Trex|2\n|-enditem|p1b: Trex|Chople Berry|[eat]\n|-enditem|p1b: Trex|Chople Berry|[weaken]\n|-damage|p1b: Trex|19/100\n|-unboost|p2b: Lycanroc|def|1\n|-unboost|p2b: Lycanroc|spd|1\n|move|p1b: Trex|Knock Off|p2b: Lycanroc\n|-enditem|p2b: Lycanroc|Focus Sash\n|-damage|p2b: Lycanroc|1/100\n|move|p1a: Diar|Body Press|p2b: Lycanroc\n|-supereffective|p2b: Lycanroc|1\n|-damage|p2b: Lycanroc|0 fnt\n|faint|p2b: Lycanroc\n|\n|win|fr49\n|raw|fr49's rating: 1096 &rarr; <strong>1124</strong><br />(+28 for winning)\n|raw|Dess_O7's rating: 1134 &rarr; <strong>1106</strong><br />(-28 for losing)\n|l|\u2606Dess_O7\n|player|p2|\n",
  "uploadtime": 1776133097,
  "views": 16,
  "formatid": "gen9championsvgc2026regma",
  "rating": 1106,
  "private": 0,
  "password": null
}