{
  "id": "gen9championsvgc2026regma-2586275244",
  "format": "[Gen 9 Champions] VGC 2026 Reg M-A",
  "players": [
    "heartbreaker7",
    "dimasdns"
  ],
  "log": "|j|\u2606heartbreaker7\n|j|\u2606dimasdns\n|t:|1776420200\n|gametype|doubles\n|player|p1|heartbreaker7|red-masters2|1029\n|player|p2|dimasdns|170|1027\n|gen|9\n|tier|[Gen 9 Champions] VGC 2026 Reg M-A\n|rated|\n|rule|Species Clause: Limit one of each Pok\u00e9mon\n|rule|Item Clause: Limit 1 of each item\n|clearpoke\n|poke|p1|Kingambit, L50, F|\n|poke|p1|Gyarados, L50, F|\n|poke|p1|Venusaur, L50, M|\n|poke|p1|Alcremie-Rainbow-Swirl, L50, F|\n|poke|p1|Garchomp, L50, M|\n|poke|p1|Zoroark-Hisui, L50, F|\n|poke|p2|Starmie, L50|\n|poke|p2|Sneasler, L50, F|\n|poke|p2|Aerodactyl, L50, F|\n|poke|p2|Incineroar, L50, M|\n|poke|p2|Aegislash, L50, M|\n|poke|p2|Kangaskhan, L50, F|\n|teampreview|4\ndimasdns rejected open team sheets.\n|inactive|Battle timer is ON: inactive players will automatically lose when time's up. (requested by dimasdns)\n|\n|t:|1776420228\n|teamsize|p1|4\n|teamsize|p2|4\n|start\n|switch|p1a: Blitz|Gyarados, L50, F|100/100\n|switch|p1b: Hammerhead|Garchomp, L50, M|100/100\n|switch|p2a: Sneasler|Sneasler, L50, F|100/100\n|switch|p2b: Starmie|Starmie, L50|100/100\n|-ability|p1a: Blitz|Intimidate|boost\n|-unboost|p2a: Sneasler|atk|1\n|-unboost|p2b: Starmie|atk|1\n|-enditem|p2a: Sneasler|White Herb\n|-clearnegativeboost|p2a: Sneasler|[silent]\n|turn|1\n|inactive|dimasdns has 30 seconds left.\n|\n|t:|1776420258\n|detailschange|p2b: Starmie|Starmie-Mega, L50\n|-mega|p2b: Starmie|Starmie|Starminite\n|move|p1a: Blitz|Protect|p1a: Blitz\n|-singleturn|p1a: Blitz|Protect\n|move|p2a: Sneasler|Fake Out|p1b: Hammerhead\n|-damage|p1b: Hammerhead|84/100\n|-damage|p2a: Sneasler|88/100|[from] ability: Rough Skin|[of] p1b: Hammerhead\n|move|p2b: Starmie|Liquidation|p1b: Hammerhead\n|-damage|p1b: Hammerhead|30/100\n|-unboost|p1b: Hammerhead|def|1\n|-damage|p2b: Starmie|89/100|[from] ability: Rough Skin|[of] p1b: Hammerhead\n|cant|p1b: Hammerhead|flinch\n|\n|upkeep\n|turn|2\n|inactive|dimasdns has 30 seconds left.\n|\n|t:|1776420287\n|detailschange|p1a: Blitz|Gyarados-Mega, L50, F\n|-mega|p1a: Blitz|Gyarados|Gyaradosite\n|-ability|p1a: Blitz|Mold Breaker\n|move|p1b: Hammerhead|Protect|p1b: Hammerhead\n|-singleturn|p1b: Hammerhead|Protect\n|move|p2b: Starmie|Aqua Jet|p1b: Hammerhead\n|-activate|p1b: Hammerhead|move: Protect\n|move|p2a: Sneasler|Dire Claw|p1a: Blitz\n|-damage|p1a: Blitz|52/100\n|move|p1a: Blitz|Dragon Dance|p1a: Blitz\n|-boost|p1a: Blitz|atk|1\n|-boost|p1a: Blitz|spe|1\n|\n|upkeep\n|turn|3\n|inactive|heartbreaker7 has 30 seconds left.\n|\n|t:|1776420318\n|move|p1a: Blitz|Protect|p1a: Blitz\n|-singleturn|p1a: Blitz|Protect\n|move|p2b: Starmie|Protect|p2b: Starmie\n|-singleturn|p2b: Starmie|Protect\n|move|p2a: Sneasler|Close Combat|p1a: Blitz\n|-activate|p1a: Blitz|move: Protect\n|move|p1b: Hammerhead|Earthquake|p2b: Starmie|[spread] p2a\n|-activate|p1a: Blitz|move: Protect\n|-activate|p2b: Starmie|move: Protect\n|-supereffective|p2a: Sneasler|1\n|-damage|p2a: Sneasler|0 fnt\n|faint|p2a: Sneasler\n|\n|upkeep\n|\n|t:|1776420325\n|switch|p2a: Aerodactyl|Aerodactyl, L50, F|100/100\n|-ability|p2a: Aerodactyl|Unnerve\n|turn|4\n|\n|t:|1776420345\n|move|p1a: Blitz|Dragon Dance|p1a: Blitz\n|-boost|p1a: Blitz|atk|1\n|-boost|p1a: Blitz|spe|1\n|move|p2a: Aerodactyl|Tailwind|p2a: Aerodactyl\n|-sidestart|p2: dimasdns|move: Tailwind\n|move|p2b: Starmie|Liquidation|p1a: Blitz\n|-resisted|p1a: Blitz|1\n|-damage|p1a: Blitz|27/100\n|move|p1b: Hammerhead|Rock Slide|p2a: Aerodactyl|[spread] p2a,p2b\n|-supereffective|p2a: Aerodactyl|1\n|-damage|p2a: Aerodactyl|33/100\n|-damage|p2b: Starmie|63/100\n|\n|upkeep\n|turn|5\n|\n|t:|1776420360\n|move|p1a: Blitz|Protect|p1a: Blitz\n|-singleturn|p1a: Blitz|Protect\n|move|p2b: Starmie|Aqua Jet|p1b: Hammerhead\n|-damage|p1b: Hammerhead|0 fnt\n|-damage|p2b: Starmie|52/100|[from] ability: Rough Skin|[of] p1b: Hammerhead\n|faint|p1b: Hammerhead\n|move|p2a: Aerodactyl|Dual Wingbeat|p1a: Blitz\n|-activate|p1a: Blitz|move: Protect\n|\n|upkeep\n|\n|t:|1776420371\n|switch|p1b: Swishy|Alcremie-Rainbow-Swirl, L50, F|100/100\n|turn|6\n|\n|t:|1776420394\n|move|p2b: Starmie|Aqua Jet|p1a: Blitz\n|-resisted|p1a: Blitz|1\n|-damage|p1a: Blitz|14/100\n|move|p2a: Aerodactyl|Rock Slide|p1a: Blitz|[spread] p1a,p1b\n|-damage|p1a: Blitz|0 fnt\n|-damage|p1b: Swishy|40/100\n|replace|p1b: Daybreak|Zoroark-Hisui, L50, F\n|-end|p1b: Daybreak|Illusion\n|faint|p1a: Blitz\n|move|p1b: Daybreak|Shadow Ball|p2b: Starmie\n|-supereffective|p2b: Starmie|1\n|-crit|p2b: Starmie\n|-damage|p2b: Starmie|0 fnt\n|faint|p2b: Starmie\n|\n|upkeep\n|\n|t:|1776420406\n|switch|p2b: Aegislash|Aegislash, L50, M|100/100\n|switch|p1a: Swishy|Alcremie-Rainbow-Swirl, L50, F|100/100\n|turn|7\n|\n|t:|1776420421\n|move|p1a: Swishy|Helping Hand|p1b: Daybreak\n|-singleturn|p1b: Daybreak|Helping Hand|[of] p1a: Swishy\n|-formechange|p2b: Aegislash|Aegislash-Blade|\n|move|p2b: Aegislash|Shadow Sneak|p1b: Daybreak\n|-immune|p1b: Daybreak\n|move|p2a: Aerodactyl|Rock Slide|p1a: Swishy|[spread] \n|-miss|p2a: Aerodactyl|p1a: Swishy\n|-miss|p2a: Aerodactyl|p1b: Daybreak\n|move|p1b: Daybreak|Shadow Ball|p2b: Aegislash\n|-supereffective|p2b: Aegislash|1\n|-damage|p2b: Aegislash|0 fnt\n|faint|p2b: Aegislash\n|\n|-sideend|p2: dimasdns|move: Tailwind\n|upkeep\n|turn|8\n|\n|t:|1776420440\n|move|p1a: Swishy|Helping Hand|p1b: Daybreak\n|-singleturn|p1b: Daybreak|Helping Hand|[of] p1a: Swishy\n|move|p1b: Daybreak|Shadow Ball|p2a: Aerodactyl\n|-damage|p2a: Aerodactyl|0 fnt\n|faint|p2a: Aerodactyl\n|\n|win|heartbreaker7\n|raw|heartbreaker7's rating: 1029 &rarr; <strong>1064</strong><br />(+35 for winning)\n|raw|dimasdns's rating: 1027 &rarr; <strong>1013</strong><br />(-14 for losing)\n|c|\u2606heartbreaker7|gg\n|l|\u2606dimasdns\n|player|p2|\n",
  "uploadtime": 1776420455,
  "views": 22,
  "formatid": "gen9championsvgc2026regma",
  "rating": 1013,
  "private": 0,
  "password": null
}