{
  "id": "gen9championsvgc2026regma-2581913964",
  "format": "[Gen 9 Champions] VGC 2026 Reg M-A",
  "players": [
    "Vitalis24",
    "jjvhc27"
  ],
  "log": "|j|\u2606Vitalis24\n|j|\u2606jjvhc27\n|t:|1776039263\n|gametype|doubles\n|player|p1|Vitalis24|crasherwake|1229\n|player|p2|jjvhc27|170|1208\n|gen|9\n|tier|[Gen 9 Champions] VGC 2026 Reg M-A\n|rated|\n|rule|Species Clause: Limit one of each Pok\u00e9mon\n|rule|Item Clause: Limit 1 of each item\n|clearpoke\n|poke|p1|Manectric, L50, M|\n|poke|p1|Kingambit, L50, M|\n|poke|p1|Hatterene, L50, F|\n|poke|p1|Decidueye-Hisui, L50, M|\n|poke|p1|Pelipper, L50, F|\n|poke|p1|Basculegion, L50, M|\n|poke|p2|Venusaur, L50, F|\n|poke|p2|Tyranitar, L50, M|\n|poke|p2|Garchomp, L50, F|\n|poke|p2|Gardevoir, L50, F|\n|poke|p2|Rotom-Wash, L50|\n|poke|p2|Incineroar, L50, M|\n|teampreview|4\n|\n|t:|1776039311\n|teamsize|p1|4\n|teamsize|p2|4\n|start\n|switch|p1a: Decidueye|Decidueye-Hisui, L50, M|100/100\n|switch|p1b: Hatterene|Hatterene, L50, F|100/100\n|switch|p2a: Garchomp|Garchomp, L50, F|100/100\n|switch|p2b: Rotom|Rotom-Wash, L50|100/100\n|turn|1\n|\n|t:|1776039329\n|move|p2b: Rotom|Protect|p2b: Rotom\n|-singleturn|p2b: Rotom|Protect\n|move|p2a: Garchomp|Rock Slide|p1a: Decidueye|[spread] p1a,p1b\n|-resisted|p1a: Decidueye|1\n|-damage|p1a: Decidueye|91/100\n|-damage|p1b: Hatterene|81/100\n|move|p1a: Decidueye|Leaf Blade|p2b: Rotom\n|-activate|p2b: Rotom|move: Protect\n|move|p1b: Hatterene|Trick Room|p1b: Hatterene\n|-fieldstart|move: Trick Room|[of] p1b: Hatterene\n|\n|upkeep\n|turn|2\n|\n|t:|1776039349\n|move|p1b: Hatterene|Dazzling Gleam|p2b: Rotom|[spread] p2a,p2b\n|-supereffective|p2a: Garchomp|1\n|-damage|p2a: Garchomp|25/100\n|-damage|p2b: Rotom|67/100\n|move|p1a: Decidueye|Leaf Blade|p2b: Rotom\n|-supereffective|p2b: Rotom|1\n|-damage|p2b: Rotom|0 fnt\n|faint|p2b: Rotom\n|move|p2a: Garchomp|Earthquake|p1b: Hatterene|[spread] p1a,p1b\n|-resisted|p1a: Decidueye|1\n|-damage|p1a: Decidueye|69/100\n|-damage|p1b: Hatterene|40/100\n|-enditem|p1b: Hatterene|Sitrus Berry|[eat]\n|-heal|p1b: Hatterene|65/100|[from] item: Sitrus Berry\n|\n|upkeep\n|\n|t:|1776039358\n|switch|p2b: Venusaur|Venusaur, L50, F|100/100\n|turn|3\n|\n|t:|1776039378\n|detailschange|p2b: Venusaur|Venusaur-Mega, L50, F\n|-mega|p2b: Venusaur|Venusaur|Venusaurite\n|move|p2a: Garchomp|Protect|p2a: Garchomp\n|-singleturn|p2a: Garchomp|Protect\n|move|p1b: Hatterene|Psychic|p2b: Venusaur\n|-supereffective|p2b: Venusaur|1\n|-damage|p2b: Venusaur|32/100\n|move|p1a: Decidueye|Aerial Ace|p2a: Garchomp\n|-activate|p2a: Garchomp|move: Protect\n|move|p2b: Venusaur|Sludge Bomb|p1b: Hatterene\n|-supereffective|p1b: Hatterene|1\n|-damage|p1b: Hatterene|0 fnt\n|faint|p1b: Hatterene\n|\n|upkeep\n|\n|t:|1776039393\n|switch|p1b: Kingambit|Kingambit, L50, M|100/100\n|turn|4\n|\n|t:|1776039409\n|switch|p2a: Gardevoir|Gardevoir, L50, F|100/100\n|-ability|p2a: Gardevoir|Defiant|Trace|[from] ability: Trace|[of] p1b: Kingambit\n|move|p2b: Venusaur|Protect|p2b: Venusaur\n|-singleturn|p2b: Venusaur|Protect\n|move|p1b: Kingambit|Kowtow Cleave|p2a: Gardevoir\n|-damage|p2a: Gardevoir|0 fnt\n|faint|p2a: Gardevoir\n|move|p1a: Decidueye|Aerial Ace|p2b: Venusaur\n|-activate|p2b: Venusaur|move: Protect\n|\n|upkeep\n|\n|t:|1776039411\n|switch|p2a: Garchomp|Garchomp, L50, F|25/100\n|turn|5\n|\n|t:|1776039427\n|move|p2b: Venusaur|Protect||[still]\n|-fail|p2b: Venusaur\n|move|p2a: Garchomp|Protect|p2a: Garchomp\n|-singleturn|p2a: Garchomp|Protect\n|move|p1b: Kingambit|Kowtow Cleave|p2a: Garchomp\n|-activate|p2a: Garchomp|move: Protect\n|move|p1a: Decidueye|Aerial Ace|p2b: Venusaur\n|-supereffective|p2b: Venusaur|1\n|-damage|p2b: Venusaur|0 fnt\n|faint|p2b: Venusaur\n|\n|-fieldend|move: Trick Room\n|upkeep\n|turn|6\n|-message|jjvhc27 forfeited.\n|\n|win|Vitalis24\n|raw|Vitalis24's rating: 1229 &rarr; <strong>1252</strong><br />(+23 for winning)\n|raw|jjvhc27's rating: 1208 &rarr; <strong>1185</strong><br />(-23 for losing)\n|l|\u2606jjvhc27\n|player|p2|\n",
  "uploadtime": 1776039443,
  "views": 26,
  "formatid": "gen9championsvgc2026regma",
  "rating": 1185,
  "private": 0,
  "password": null
}