{
  "id": "gen9championsvgc2026regma-2585073650",
  "format": "[Gen 9 Champions] VGC 2026 Reg M-A",
  "players": [
    "Danwrench",
    "Rottennfeet"
  ],
  "log": "|j|\u2606Danwrench\n|j|\u2606Rottennfeet\n|t:|1776309029\n|gametype|doubles\n|player|p1|Danwrench|170|1069\n|player|p2|Rottennfeet|1|1047\n|gen|9\n|tier|[Gen 9 Champions] VGC 2026 Reg M-A\n|rated|\n|rule|Species Clause: Limit one of each Pok\u00e9mon\n|rule|Item Clause: Limit 1 of each item\n|clearpoke\n|poke|p1|Farigiraf, L50, F|\n|poke|p1|Mamoswine, L50, M|\n|poke|p1|Torkoal, L50, F|\n|poke|p1|Ampharos, L50, F|\n|poke|p1|Machamp, L50, M|\n|poke|p1|Milotic, L50, F|\n|poke|p2|Charizard, L50, F|\n|poke|p2|Incineroar, L50, M|\n|poke|p2|Aerodactyl, L50, F|\n|poke|p2|Archaludon, L50, M|\n|poke|p2|Palafin, L50, F|\n|poke|p2|Whimsicott, L50, F|\n|teampreview|4\n|inactive|Battle timer is ON: inactive players will automatically lose when time's up. (requested by Danwrench)\n|inactive|Danwrench has 60 seconds left.\n|\n|t:|1776309068\n|teamsize|p1|4\n|teamsize|p2|4\n|start\n|switch|p1a: Farigiraf|Farigiraf, L50, F|100/100\n|switch|p1b: Milotic|Milotic, L50, F|100/100\n|switch|p2a: Palafin|Palafin, L50, F|100/100\n|switch|p2b: Incineroar|Incineroar, L50, M|100/100\n|-ability|p2b: Incineroar|Intimidate|boost\n|-unboost|p1a: Farigiraf|atk|1\n|-unboost|p1b: Milotic|atk|1\n|-ability|p1b: Milotic|Competitive|boost\n|-boost|p1b: Milotic|spa|2\n|turn|1\n|inactive|Rottennfeet has 30 seconds left.\n|\n|t:|1776309102\n|detailschange|p2a: Palafin|Palafin-Hero, L50, F\n|switch|p2a: Archaludon|Archaludon, L50, M|100/100\n|move|p1b: Milotic|Scald|p2b: Incineroar\n|-supereffective|p2b: Incineroar|1\n|-damage|p2b: Incineroar|0 fnt\n|faint|p2b: Incineroar\n|move|p1a: Farigiraf|Trick Room|p1a: Farigiraf\n|-fieldstart|move: Trick Room|[of] p1a: Farigiraf\n|\n|upkeep\n|\n|t:|1776309119\n|switch|p2b: Charizard|Charizard, L50, F|100/100\n|turn|2\n|inactive|Danwrench has 30 seconds left.\n|\n|t:|1776309149\n|detailschange|p2b: Charizard|Charizard-Mega-Y, L50, F\n|-mega|p2b: Charizard|Charizard|Charizardite Y\n|-weather|SunnyDay|[from] ability: Drought|[of] p2b: Charizard\n|move|p2b: Charizard|Protect|p2b: Charizard\n|-singleturn|p2b: Charizard|Protect\n|move|p1a: Farigiraf|Hyper Voice|p2b: Charizard|[spread] p2a\n|-activate|p2b: Charizard|move: Protect\n|-resisted|p2a: Archaludon|1\n|-damage|p2a: Archaludon|77/100\n|move|p1b: Milotic|Scald|p2b: Charizard\n|-activate|p2b: Charizard|move: Protect\n|move|p2a: Archaludon|Thunderbolt|p1b: Milotic\n|-supereffective|p1b: Milotic|1\n|-damage|p1b: Milotic|51/100\n|\n|-weather|SunnyDay|[upkeep]\n|-heal|p1b: Milotic|57/100|[from] item: Leftovers\n|upkeep\n|turn|3\n|inactive|Danwrench has 30 seconds left.\n|\n|t:|1776309181\n|switch|p2b: Palafin|Palafin-Hero, L50, F|100/100\n|-activate|p2b: Palafin|ability: Zero to Hero\n|move|p1a: Farigiraf|Hyper Voice|p2a: Archaludon|[spread] p2a,p2b\n|-resisted|p2a: Archaludon|1\n|-damage|p2a: Archaludon|55/100\n|-damage|p2b: Palafin|66/100\n|move|p1b: Milotic|Scald|p2b: Palafin\n|-resisted|p2b: Palafin|1\n|-damage|p2b: Palafin|44/100\n|move|p2a: Archaludon|Thunderbolt|p1b: Milotic\n|-supereffective|p1b: Milotic|1\n|-crit|p1b: Milotic\n|-damage|p1b: Milotic|0 fnt\n|faint|p1b: Milotic\n|\n|-weather|SunnyDay|[upkeep]\n|upkeep\n|\n|t:|1776309199\n|switch|p1b: Ampharos|Ampharos, L50, F, shiny|100/100\n|turn|4\n|inactive|Danwrench has 30 seconds left.\n|inactive|Rottennfeet has 30 seconds left.\n|\n|t:|1776309231\n|move|p1b: Ampharos|Thunderbolt|p2b: Palafin\n|-supereffective|p2b: Palafin|1\n|-damage|p2b: Palafin|0 fnt\n|faint|p2b: Palafin\n|move|p1a: Farigiraf|Hyper Voice|p2a: Archaludon\n|-resisted|p2a: Archaludon|1\n|-crit|p2a: Archaludon\n|-damage|p2a: Archaludon|5/100\n|move|p2a: Archaludon|Dragon Pulse|p1b: Ampharos\n|-damage|p1b: Ampharos|55/100\n|\n|-weather|SunnyDay|[upkeep]\n|upkeep\n|\n|t:|1776309242\n|switch|p2b: Charizard|Charizard-Mega-Y, L50, F|100/100\n|turn|5\n|\n|t:|1776309255\n|move|p2a: Archaludon|Protect|p2a: Archaludon\n|-singleturn|p2a: Archaludon|Protect\n|move|p2b: Charizard|Protect|p2b: Charizard\n|-singleturn|p2b: Charizard|Protect\n|move|p1b: Ampharos|Power Gem|p2b: Charizard\n|-activate|p2b: Charizard|move: Protect\n|move|p1a: Farigiraf|Hyper Voice|p2b: Charizard|[spread] \n|-activate|p2a: Archaludon|move: Protect\n|-activate|p2b: Charizard|move: Protect\n|\n|-weather|SunnyDay|[upkeep]\n|-fieldend|move: Trick Room\n|upkeep\n|turn|6\n|\n|t:|1776309275\n|move|p1b: Ampharos|Protect|p1b: Ampharos\n|-singleturn|p1b: Ampharos|Protect\n|move|p2b: Charizard|Heat Wave|p1a: Farigiraf|[spread] \n|-activate|p1b: Ampharos|move: Protect\n|-miss|p2b: Charizard|p1a: Farigiraf\n|move|p2a: Archaludon|Dragon Pulse|p1a: Farigiraf\n|-damage|p1a: Farigiraf|57/100\n|move|p1a: Farigiraf|Trick Room|p1a: Farigiraf\n|-fieldstart|move: Trick Room|[of] p1a: Farigiraf\n|\n|-weather|none\n|upkeep\n|turn|7\n|c|\u2606Rottennfeet|your\n|n|!Rottennfeet|rottennfeet\n|inactive|Rottennfeet has 30 seconds left.\n|-message|Rottennfeet forfeited.\n|\n|win|Danwrench\n",
  "uploadtime": 1776309297,
  "views": 22,
  "formatid": "gen9championsvgc2026regma",
  "rating": null,
  "private": 0,
  "password": null
}