{
  "id": "gen9championsvgc2026regma-2582407447",
  "format": "[Gen 9 Champions] VGC 2026 Reg M-A",
  "players": [
    "catball 1500",
    "deadly ninja bees"
  ],
  "log": "|j|\u2606catball 1500\n|j|\u2606deadly ninja bees\n|t:|1776089668\n|gametype|doubles\n|player|p1|catball 1500|roughneck|1081\n|player|p2|deadly ninja bees|janine-gen2|1179\n|gen|9\n|tier|[Gen 9 Champions] VGC 2026 Reg M-A\n|rated|\n|rule|Species Clause: Limit one of each Pok\u00e9mon\n|rule|Item Clause: Limit 1 of each item\n|clearpoke\n|poke|p1|Scovillain, L50, M|\n|poke|p1|Aerodactyl, L50, M|\n|poke|p1|Kingambit, L50, F|\n|poke|p1|Rotom-Wash, L50|\n|poke|p1|Sinistcha, L50|\n|poke|p1|Sneasler, L50, M|\n|poke|p2|Tyranitar, L50, M|\n|poke|p2|Gardevoir, L50, M|\n|poke|p2|Gyarados, L50, F|\n|poke|p2|Excadrill, L50, F|\n|poke|p2|Sinistcha, L50|\n|poke|p2|Rotom-Heat, L50|\n|teampreview|4\n|inactive|Battle timer is ON: inactive players will automatically lose when time's up. (requested by catball 1500)\n|inactive|deadly ninja bees also wants the timer to be on.\ncatball 1500 has agreed to open team sheets.\n|inactive|deadly ninja bees has 60 seconds left.\n|\n|t:|1776089701\n|teamsize|p1|4\n|teamsize|p2|4\n|start\n|switch|p1a: Scovillain|Scovillain, L50, M|100/100\n|switch|p1b: Sneasler|Sneasler, L50, M|100/100\n|switch|p2a: Tyranitar|Tyranitar, L50, M|100/100\n|switch|p2b: Excadrill|Excadrill, L50, F|100/100\n|-weather|Sandstorm|[from] ability: Sand Stream|[of] p2a: Tyranitar\n|turn|1\n|inactive|catball 1500 has 30 seconds left.\n|\n|t:|1776089732\n|switch|p2b: Sinistcha|Sinistcha, L50|100/100\n|move|p2a: Tyranitar|Protect|p2a: Tyranitar\n|-singleturn|p2a: Tyranitar|Protect\n|move|p1a: Scovillain|Protect|p1a: Scovillain\n|-singleturn|p1a: Scovillain|Protect\n|move|p1b: Sneasler|Close Combat|p2a: Tyranitar\n|-activate|p2a: Tyranitar|move: Protect\n|\n|-weather|Sandstorm|[upkeep]\n|-damage|p1b: Sneasler|95/100|[from] Sandstorm\n|-damage|p1a: Scovillain|95/100|[from] Sandstorm\n|-damage|p2b: Sinistcha|94/100|[from] Sandstorm\n|-ability|p1a: Scovillain|Moody|boost\n|-boost|p1a: Scovillain|def|2\n|-unboost|p1a: Scovillain|spe|1\n|upkeep\n|turn|2\n|inactive|deadly ninja bees has 30 seconds left.\n|\n|t:|1776089765\n|switch|p2a: Excadrill|Excadrill, L50, F|100/100\n|move|p2b: Sinistcha|Rage Powder|p2b: Sinistcha\n|-singleturn|p2b: Sinistcha|move: Rage Powder\n|move|p1b: Sneasler|Close Combat|p2b: Sinistcha\n|-immune|p2b: Sinistcha\n|move|p1a: Scovillain|Flamethrower|p2b: Sinistcha\n|-supereffective|p2b: Sinistcha|1\n|-damage|p2b: Sinistcha|17/100\n|-enditem|p2b: Sinistcha|Sitrus Berry|[eat]\n|-heal|p2b: Sinistcha|42/100|[from] item: Sitrus Berry\n|\n|-weather|Sandstorm|[upkeep]\n|-damage|p1b: Sneasler|89/100|[from] Sandstorm\n|-damage|p2b: Sinistcha|35/100|[from] Sandstorm\n|-damage|p1a: Scovillain|89/100|[from] Sandstorm\n|-ability|p1a: Scovillain|Moody|boost\n|-boost|p1a: Scovillain|def|2\n|-unboost|p1a: Scovillain|spd|1\n|upkeep\n|turn|3\n|inactive|deadly ninja bees has 30 seconds left.\n|inactive|deadly ninja bees has 20 seconds left.\n|inactive|deadly ninja bees has 15 seconds left.\n|\n|t:|1776089806\n|switch|p2b: Gardevoir|Gardevoir, L50, M|100/100\n|detailschange|p1a: Scovillain|Scovillain-Mega, L50, M\n|-mega|p1a: Scovillain|Scovillain|Scovillainite\n|move|p2a: Excadrill|Earthquake|p1b: Sneasler|[spread] p1a,p1b\n|-activate|p2b: Gardevoir|ability: Telepathy\n|-supereffective|p1b: Sneasler|1\n|-damage|p1a: Scovillain|74/100\n|-damage|p1b: Sneasler|0 fnt\n|-status|p2a: Excadrill|brn|[from] ability: Spicy Spray|[of] p1a: Scovillain\n|faint|p1b: Sneasler\n|move|p1a: Scovillain|Flamethrower|p2b: Gardevoir\n|-damage|p2b: Gardevoir|56/100\n|\n|-weather|Sandstorm|[upkeep]\n|-damage|p2b: Gardevoir|50/100|[from] Sandstorm\n|-damage|p1a: Scovillain|69/100|[from] Sandstorm\n|-damage|p2a: Excadrill|95/100 brn|[from] brn\n|upkeep\n|inactive|catball 1500 has 30 seconds left.\n|\n|t:|1776089836\n|switch|p1b: Kingambit|Kingambit, L50, F|100/100\n|turn|4\n|inactive|deadly ninja bees has 30 seconds left.\n|\n|t:|1776089864\n|switch|p2a: Sinistcha|Sinistcha, L50|35/100\n|-heal|p2b: Gardevoir|75/100|[from] ability: Hospitality|[of] p2a: Sinistcha\n|detailschange|p2b: Gardevoir|Gardevoir-Mega, L50, M\n|-mega|p2b: Gardevoir|Gardevoir|Gardevoirite\n|move|p2b: Gardevoir|Protect|p2b: Gardevoir\n|-singleturn|p2b: Gardevoir|Protect\n|move|p1b: Kingambit|Iron Head|p2b: Gardevoir\n|-activate|p2b: Gardevoir|move: Protect\n|move|p1a: Scovillain|Flamethrower|p2a: Sinistcha\n|-supereffective|p2a: Sinistcha|1\n|-damage|p2a: Sinistcha|0 fnt\n|faint|p2a: Sinistcha\n|\n|-weather|Sandstorm|[upkeep]\n|-damage|p2b: Gardevoir|69/100|[from] Sandstorm\n|-damage|p1a: Scovillain|63/100|[from] Sandstorm\n|upkeep\n|\n|t:|1776089878\n|switch|p2a: Excadrill|Excadrill, L50, F|95/100 brn\n|turn|5\n|\n|t:|1776089891\n|move|p2a: Excadrill|High Horsepower|p1b: Kingambit\n|-supereffective|p1b: Kingambit|1\n|-damage|p1b: Kingambit|69/100\n|move|p2b: Gardevoir|Hyper Voice|p1a: Scovillain|[spread] p1a,p1b\n|-resisted|p1a: Scovillain|1\n|-damage|p1a: Scovillain|25/100\n|-damage|p1b: Kingambit|16/100\n|-status|p2b: Gardevoir|brn|[from] ability: Spicy Spray|[of] p1a: Scovillain\n|move|p1b: Kingambit|Iron Head|p2b: Gardevoir\n|-supereffective|p2b: Gardevoir|1\n|-damage|p2b: Gardevoir|0 fnt\n|faint|p2b: Gardevoir\n|move|p1a: Scovillain|Giga Drain|p2a: Excadrill\n|-damage|p2a: Excadrill|36/100 brn\n|-heal|p1a: Scovillain|57/100|[from] drain|[of] p2a: Excadrill\n|\n|-weather|none\n|-damage|p2a: Excadrill|30/100 brn|[from] brn\n|upkeep\n|\n|t:|1776089894\n|switch|p2b: Tyranitar|Tyranitar, L50, M|100/100\n|-weather|Sandstorm|[from] ability: Sand Stream|[of] p2b: Tyranitar\n|turn|6\n|inactive|deadly ninja bees has 30 seconds left.\n|\n|t:|1776089924\n|move|p1b: Kingambit|Sucker Punch|p2a: Excadrill\n|-damage|p2a: Excadrill|0 fnt\n|faint|p2a: Excadrill\n|move|p2b: Tyranitar|Dragon Dance|p2b: Tyranitar\n|-boost|p2b: Tyranitar|atk|1\n|-boost|p2b: Tyranitar|spe|1\n|move|p1a: Scovillain|Giga Drain|p2b: Tyranitar\n|-supereffective|p2b: Tyranitar|1\n|-damage|p2b: Tyranitar|46/100\n|-heal|p1a: Scovillain|85/100|[from] drain|[of] p2b: Tyranitar\n|\n|-weather|Sandstorm|[upkeep]\n|-damage|p1a: Scovillain|79/100|[from] Sandstorm\n|upkeep\n|turn|7\n|\n|t:|1776089942\n|move|p1b: Kingambit|Sucker Punch|p2b: Tyranitar\n|-resisted|p2b: Tyranitar|1\n|-damage|p2b: Tyranitar|29/100\n|move|p2b: Tyranitar|Rock Slide|p1b: Kingambit|[spread] p1b\n|-miss|p2b: Tyranitar|p1a: Scovillain\n|-resisted|p1b: Kingambit|1\n|-damage|p1b: Kingambit|1/100\n|move|p1a: Scovillain|Giga Drain|p2b: Tyranitar\n|-supereffective|p2b: Tyranitar|1\n|-damage|p2b: Tyranitar|0 fnt\n|-heal|p1a: Scovillain|94/100|[from] drain|[of] p2b: Tyranitar\n|faint|p2b: Tyranitar\n|\n|win|catball 1500\n|raw|catball 1500's rating: 1081 &rarr; <strong>1117</strong><br />(+36 for winning)\n|raw|deadly ninja bees's rating: 1179 &rarr; <strong>1147</strong><br />(-32 for losing)\n|l|\u2606deadly ninja bees\n|player|p2|\n",
  "uploadtime": 1776089962,
  "views": 17,
  "formatid": "gen9championsvgc2026regma",
  "rating": 1117,
  "private": 0,
  "password": null
}