{
  "id": "gen9championsvgc2026regma-2581364658",
  "format": "[Gen 9 Champions] VGC 2026 Reg M-A",
  "players": [
    "XungLao",
    "GODzdifi"
  ],
  "log": "|j|\u2606XungLao\n|j|\u2606GODzdifi\n|t:|1775992113\n|gametype|doubles\n|player|p1|XungLao|rood|1266\n|player|p2|GODzdifi|2|1196\n|gen|9\n|tier|[Gen 9 Champions] VGC 2026 Reg M-A\n|rated|\n|rule|Species Clause: Limit one of each Pok\u00e9mon\n|rule|Item Clause: Limit 1 of each item\n|clearpoke\n|poke|p1|Froslass, L50, F|\n|poke|p1|Aerodactyl, L50, M|\n|poke|p1|Maushold, L50|\n|poke|p1|Sneasler, L50, F|\n|poke|p1|Farigiraf, L50, F|\n|poke|p1|Kingambit, L50, F|\n|poke|p2|Basculegion, L50, M|\n|poke|p2|Garchomp, L50, M|\n|poke|p2|Rotom-Mow, L50|\n|poke|p2|Charizard, L50, M|\n|poke|p2|Whimsicott, L50, M|\n|poke|p2|Sneasler, L50, F|\n|teampreview|4\n|inactive|Battle timer is ON: inactive players will automatically lose when time's up. (requested by GODzdifi)\n|\n|t:|1775992138\n|teamsize|p1|4\n|teamsize|p2|4\n|start\n|switch|p1a: Aerodactyl|Aerodactyl, L50, M|100/100\n|switch|p1b: Sneasler|Sneasler, L50, F|100/100\n|switch|p2a: Garchomp|Garchomp, L50, M|100/100\n|switch|p2b: Rotom|Rotom-Mow, L50|100/100\n|-ability|p1a: Aerodactyl|Unnerve\n|turn|1\n|\n|t:|1775992153\n|move|p1a: Aerodactyl|Rock Slide|p2a: Garchomp|[spread] p2a,p2b\n|-resisted|p2a: Garchomp|1\n|-crit|p2a: Garchomp\n|-damage|p2a: Garchomp|83/100\n|-damage|p2b: Rotom|67/100\n|move|p1b: Sneasler|Dire Claw|p2b: Rotom\n|-supereffective|p2b: Rotom|1\n|-damage|p2b: Rotom|0 fnt\n|faint|p2b: Rotom\n|cant|p2a: Garchomp|flinch\n|\n|upkeep\n|\n|t:|1775992163\n|switch|p2b: Whimsicott|Whimsicott, L50, M|100/100\n|turn|2\n|\n|t:|1775992173\n|move|p2b: Whimsicott|Tailwind|p2b: Whimsicott\n|-sidestart|p2: GODzdifi|move: Tailwind\n|move|p2a: Garchomp|Rock Slide|p1b: Sneasler|[spread] p1a\n|-miss|p2a: Garchomp|p1b: Sneasler\n|-supereffective|p1a: Aerodactyl|1\n|-damage|p1a: Aerodactyl|32/100\n|cant|p1a: Aerodactyl|flinch\n|move|p1b: Sneasler|Dire Claw|p2b: Whimsicott\n|-supereffective|p2b: Whimsicott|2\n|-damage|p2b: Whimsicott|0 fnt\n|faint|p2b: Whimsicott\n|\n|upkeep\n|\n|t:|1775992181\n|switch|p2b: Charizard|Charizard, L50, M|100/100\n|turn|3\n|\n|t:|1775992192\n|detailschange|p2b: Charizard|Charizard-Mega-Y, L50, M\n|-mega|p2b: Charizard|Charizard|Charizardite Y\n|-weather|SunnyDay|[from] ability: Drought|[of] p2b: Charizard\n|move|p1b: Sneasler|Protect|p1b: Sneasler\n|-singleturn|p1b: Sneasler|Protect\n|move|p2b: Charizard|Heat Wave|p1a: Aerodactyl|[spread] p1a\n|-activate|p1b: Sneasler|move: Protect\n|-resisted|p1a: Aerodactyl|1\n|-damage|p1a: Aerodactyl|0 fnt\n|faint|p1a: Aerodactyl\n|move|p2a: Garchomp|Rock Slide|p1b: Sneasler\n|-activate|p1b: Sneasler|move: Protect\n|\n|-weather|SunnyDay|[upkeep]\n|upkeep\n|\n|t:|1775992214\n|switch|p1a: Kingambit|Kingambit, L50, F|100/100\n|turn|4\n|\n|t:|1775992220\n|move|p1a: Kingambit|Sucker Punch|p2b: Charizard\n|-damage|p2b: Charizard|25/100\n|move|p2b: Charizard|Heat Wave|p1a: Kingambit|[spread] p1a,p1b\n|-supereffective|p1a: Kingambit|1\n|-damage|p1a: Kingambit|0 fnt\n|-damage|p1b: Sneasler|9/100\n|faint|p1a: Kingambit\n|move|p2a: Garchomp|Earthquake|p1b: Sneasler|[spread] p1b\n|-immune|p2b: Charizard\n|-supereffective|p1b: Sneasler|1\n|-damage|p1b: Sneasler|0 fnt\n|faint|p1b: Sneasler\n|\n|-weather|SunnyDay|[upkeep]\n|upkeep\n|\n|t:|1775992232\n|switch|p1b: Froslass|Froslass, L50, F|100/100\n|turn|5\n|\n|t:|1775992238\n|move|p1b: Froslass|Protect|p1b: Froslass\n|-singleturn|p1b: Froslass|Protect\n|move|p2b: Charizard|Overheat|p1b: Froslass\n|-activate|p1b: Froslass|move: Protect\n|move|p2a: Garchomp|Rock Slide|p1b: Froslass\n|-activate|p1b: Froslass|move: Protect\n|\n|-weather|SunnyDay|[upkeep]\n|-sideend|p2: GODzdifi|move: Tailwind\n|upkeep\n|turn|6\n|\n|t:|1775992247\n|detailschange|p1b: Froslass|Froslass-Mega, L50, F\n|-mega|p1b: Froslass|Froslass|Froslassite\n|-weather|Snowscape|[from] ability: Snow Warning|[of] p1b: Froslass\n|move|p1b: Froslass|Blizzard|p2a: Garchomp|[spread] p2a,p2b\n|-supereffective|p2a: Garchomp|2\n|-damage|p2a: Garchomp|0 fnt\n|-damage|p2b: Charizard|0 fnt\n|faint|p2a: Garchomp\n|faint|p2b: Charizard\n|\n|win|XungLao\n|raw|XungLao's rating: 1266 &rarr; <strong>1286</strong><br />(+20 for winning)\n|raw|GODzdifi's rating: 1196 &rarr; <strong>1176</strong><br />(-20 for losing)\n|l|\u2606GODzdifi\n|player|p2|\n",
  "uploadtime": 1775992255,
  "views": 23,
  "formatid": "gen9championsvgc2026regma",
  "rating": 1176,
  "private": 0,
  "password": null
}