{
  "id": "gen9championsvgc2026regma-2583519758",
  "format": "[Gen 9 Champions] VGC 2026 Reg M-A",
  "players": [
    "chris466",
    "Zer0XI11"
  ],
  "log": "|j|\u2606chris466\n|j|\u2606Zer0XI11\n|t:|1776180812\n|gametype|doubles\n|player|p1|chris466|red|1116\n|player|p2|Zer0XI11|2|1156\n|gen|9\n|tier|[Gen 9 Champions] VGC 2026 Reg M-A\n|rated|\n|rule|Species Clause: Limit one of each Pok\u00e9mon\n|rule|Item Clause: Limit 1 of each item\n|clearpoke\n|poke|p1|Sneasler, L50, F|\n|poke|p1|Golurk, L50|\n|poke|p1|Ninetales-Alola, L50, F|\n|poke|p1|Incineroar, L50, F|\n|poke|p1|Archaludon, L50, M|\n|poke|p1|Primarina, L50, F|\n|poke|p2|Charizard, L50, M|\n|poke|p2|Garchomp, L50, F|\n|poke|p2|Pelipper, L50, M|\n|poke|p2|Incineroar, L50, F|\n|poke|p2|Basculegion, L50, M|\n|poke|p2|Dragonite, L50, F|\n|teampreview|4\n|inactive|Battle timer is ON: inactive players will automatically lose when time's up. (requested by Zer0XI11)\n|inactive|chris466 has 60 seconds left.\n|inactive|Zer0XI11 has 60 seconds left.\n|\n|t:|1776180861\n|teamsize|p1|4\n|teamsize|p2|4\n|start\n|switch|p1a: Incineroar|Incineroar, L50, F|100/100\n|switch|p1b: Ninetales|Ninetales-Alola, L50, F|100/100\n|switch|p2a: Pelipper|Pelipper, L50, M|100/100\n|switch|p2b: Incineroar|Incineroar, L50, F|100/100\n|-weather|Snowscape|[from] ability: Snow Warning|[of] p1b: Ninetales\n|-ability|p1a: Incineroar|Intimidate|boost\n|-unboost|p2a: Pelipper|atk|1\n|-unboost|p2b: Incineroar|atk|1\n|-weather|RainDance|[from] ability: Drizzle|[of] p2a: Pelipper\n|-ability|p2b: Incineroar|Intimidate|boost\n|-unboost|p1a: Incineroar|atk|1\n|-unboost|p1b: Ninetales|atk|1\n|turn|1\n|inactive|Zer0XI11 has 30 seconds left.\n|\n|t:|1776180896\n|move|p1a: Incineroar|Fake Out|p2a: Pelipper\n|-damage|p2a: Pelipper|92/100\n|move|p2b: Incineroar|Fake Out|p1a: Incineroar\n|-damage|p1a: Incineroar|91/100\n|move|p1b: Ninetales|Icy Wind|p2a: Pelipper|[spread] p2a,p2b\n|-resisted|p2b: Incineroar|1\n|-damage|p2a: Pelipper|78/100\n|-damage|p2b: Incineroar|96/100\n|-unboost|p2a: Pelipper|spe|1\n|-unboost|p2b: Incineroar|spe|1\n|cant|p2a: Pelipper|flinch\n|\n|-weather|RainDance|[upkeep]\n|upkeep\n|turn|2\n|inactive|Zer0XI11 has 30 seconds left.\n|inactive|Zer0XI11 has 20 seconds left.\n|\n|t:|1776180933\n|move|p1b: Ninetales|Icy Wind|p2a: Pelipper|[spread] p2a,p2b\n|-resisted|p2b: Incineroar|1\n|-damage|p2a: Pelipper|63/100\n|-damage|p2b: Incineroar|92/100\n|-unboost|p2a: Pelipper|spe|1\n|-unboost|p2b: Incineroar|spe|1\n|move|p1a: Incineroar|Parting Shot|p2a: Pelipper\n|-unboost|p2a: Pelipper|atk|1\n|-unboost|p2a: Pelipper|spa|1\n|\n|t:|1776180940\n|switch|p1a: Primarina|Primarina, L50, F|100/100|[from] Parting Shot\n|move|p2a: Pelipper|Tailwind|p2a: Pelipper\n|-sidestart|p2: Zer0XI11|move: Tailwind\n|move|p2b: Incineroar|Parting Shot|p1a: Primarina\n|-unboost|p1a: Primarina|atk|1\n|-unboost|p1a: Primarina|spa|1\n|\n|t:|1776180948\n|switch|p2b: Dragonite|Dragonite, L50, F, shiny|100/100|[from] Parting Shot\n|\n|-weather|RainDance|[upkeep]\n|upkeep\n|turn|3\n|\n|t:|1776180959\n|detailschange|p2b: Dragonite|Dragonite-Mega, L50, F, shiny\n|-mega|p2b: Dragonite|Dragonite|Dragoninite\n|move|p2a: Pelipper|Wide Guard|p2a: Pelipper\n|-singleturn|p2a: Pelipper|Wide Guard\n|move|p2b: Dragonite|Thunder|p1a: Primarina\n|-supereffective|p1a: Primarina|1\n|-damage|p1a: Primarina|30/100\n|-status|p1a: Primarina|par\n|move|p1b: Ninetales|Icy Wind|p2b: Dragonite|[spread] \n|-activate|p2a: Pelipper|move: Wide Guard\n|-activate|p2b: Dragonite|move: Wide Guard\n|move|p1a: Primarina|Moonblast|p2b: Dragonite\n|-supereffective|p2b: Dragonite|1\n|-damage|p2b: Dragonite|81/100\n|\n|-weather|RainDance|[upkeep]\n|-heal|p1a: Primarina|36/100 par|[from] item: Leftovers\n|upkeep\n|turn|4\n|\n|t:|1776180981\n|move|p1a: Primarina|Protect|p1a: Primarina\n|-singleturn|p1a: Primarina|Protect\n|move|p2a: Pelipper|Wide Guard|p2a: Pelipper\n|-singleturn|p2a: Pelipper|Wide Guard\n|move|p2b: Dragonite|Thunder|p1a: Primarina\n|-activate|p1a: Primarina|move: Protect\n|move|p1b: Ninetales|Encore|p2b: Dragonite\n|-start|p2b: Dragonite|Encore\n|\n|-weather|RainDance|[upkeep]\n|-heal|p1a: Primarina|42/100 par|[from] item: Leftovers\n|upkeep\n|turn|5\n|\n|t:|1776180993\n|switch|p1b: Incineroar|Incineroar, L50, F|91/100\n|-ability|p1b: Incineroar|Intimidate|boost\n|-unboost|p2a: Pelipper|atk|1\n|-unboost|p2b: Dragonite|atk|1\n|switch|p1a: Golurk|Golurk, L50|100/100\n|move|p2a: Pelipper|Wide Guard|p2a: Pelipper\n|-singleturn|p2a: Pelipper|Wide Guard\n|move|p2b: Dragonite|Thunder|p1a: Golurk\n|-immune|p1a: Golurk\n|\n|-weather|none\n|-sideend|p2: Zer0XI11|move: Tailwind\n|upkeep\n|turn|6\n|inactive|Zer0XI11 has 30 seconds left.\n|inactive|Zer0XI11 has 20 seconds left.\n|\n|t:|1776181028\n|switch|p2b: Basculegion|Basculegion, L50, M|100/100\n|switch|p2a: Incineroar|Incineroar, L50, F|92/100\n|-ability|p2a: Incineroar|Intimidate|boost\n|-unboost|p1a: Golurk|atk|1\n|-unboost|p1b: Incineroar|atk|1\n|detailschange|p1a: Golurk|Golurk-Mega, L50\n|-mega|p1a: Golurk|Golurk|Golurkite\n|move|p1b: Incineroar|Parting Shot|p2b: Basculegion\n|-unboost|p2b: Basculegion|atk|1\n|-unboost|p2b: Basculegion|spa|1\n|\n|t:|1776181039\n|switch|p1b: Ninetales|Ninetales-Alola, L50, F|100/100|[from] Parting Shot\n|-weather|Snowscape|[from] ability: Snow Warning|[of] p1b: Ninetales\n|move|p1a: Golurk|Poltergeist|p2b: Basculegion\n|-activate|p2b: Basculegion|move: Poltergeist|Mystic Water\n|-supereffective|p2b: Basculegion|1\n|-damage|p2b: Basculegion|0 fnt\n|faint|p2b: Basculegion\n|\n|-weather|Snowscape|[upkeep]\n|upkeep\n|\n|t:|1776181049\n|switch|p2b: Pelipper|Pelipper, L50, M|63/100\n|-weather|RainDance|[from] ability: Drizzle|[of] p2b: Pelipper\n|turn|7\n|inactive|Zer0XI11 has 30 seconds left.\n|\n|t:|1776181077\n|switch|p1b: Incineroar|Incineroar, L50, F|91/100\n|-ability|p1b: Incineroar|Intimidate|boost\n|-unboost|p2a: Incineroar|atk|1\n|-unboost|p2b: Pelipper|atk|1\n|move|p1a: Golurk|Protect|p1a: Golurk\n|-singleturn|p1a: Golurk|Protect\n|move|p2b: Pelipper|Wide Guard|p2b: Pelipper\n|-singleturn|p2b: Pelipper|Wide Guard\n|move|p2a: Incineroar|Throat Chop|p1a: Golurk\n|-activate|p1a: Golurk|move: Protect\n|\n|-weather|RainDance|[upkeep]\n|upkeep\n|turn|8\n|inactive|Zer0XI11 has 30 seconds left.\n|\n|t:|1776181104\n|switch|p2a: Dragonite|Dragonite-Mega, L50, F, shiny|81/100\n|switch|p1a: Ninetales|Ninetales-Alola, L50, F|100/100\n|-weather|Snowscape|[from] ability: Snow Warning|[of] p1a: Ninetales\n|move|p1b: Incineroar|Parting Shot|p2a: Dragonite\n|-unboost|p2a: Dragonite|atk|1\n|-unboost|p2a: Dragonite|spa|1\n|\n|t:|1776181112\n|switch|p1b: Primarina|Primarina, L50, F|42/100 par|[from] Parting Shot\n|move|p2b: Pelipper|Ice Beam|p1a: Ninetales\n|-resisted|p1a: Ninetales|1\n|-damage|p1a: Ninetales|91/100\n|\n|-weather|Snowscape|[upkeep]\n|-heal|p1b: Primarina|48/100 par|[from] item: Leftovers\n|upkeep\n|turn|9\n|\n|t:|1776181125\n|switch|p2b: Incineroar|Incineroar, L50, F|92/100\n|-ability|p2b: Incineroar|Intimidate|boost\n|-unboost|p1a: Ninetales|atk|1\n|-unboost|p1b: Primarina|atk|1\n|move|p2a: Dragonite|Protect|p2a: Dragonite\n|-singleturn|p2a: Dragonite|Protect\n|move|p1a: Ninetales|Aurora Veil|p1a: Ninetales\n|-sidestart|p1: chris466|move: Aurora Veil\n|move|p1b: Primarina|Moonblast|p2a: Dragonite\n|-activate|p2a: Dragonite|move: Protect\n|\n|-weather|Snowscape|[upkeep]\n|-heal|p1b: Primarina|53/100 par|[from] item: Leftovers\n|upkeep\n|turn|10\n|\n|t:|1776181144\n|switch|p2b: Pelipper|Pelipper, L50, M|63/100\n|-weather|RainDance|[from] ability: Drizzle|[of] p2b: Pelipper\n|move|p1a: Ninetales|Protect|p1a: Ninetales\n|-singleturn|p1a: Ninetales|Protect\n|cant|p1b: Primarina|par\n|move|p2a: Dragonite|Thunder|p1b: Primarina\n|-supereffective|p1b: Primarina|1\n|-damage|p1b: Primarina|18/100 par\n|\n|-weather|RainDance|[upkeep]\n|-heal|p1b: Primarina|23/100 par|[from] item: Leftovers\n|upkeep\n|turn|11\n|inactive|Zer0XI11 has 30 seconds left.\n|\n|t:|1776181174\n|switch|p1a: Incineroar|Incineroar, L50, F|91/100\n|-ability|p1a: Incineroar|Intimidate|boost\n|-unboost|p2a: Dragonite|atk|1\n|-unboost|p2b: Pelipper|atk|1\n|move|p1b: Primarina|Protect|p1b: Primarina\n|-singleturn|p1b: Primarina|Protect\n|move|p2a: Dragonite|Thunder|p1a: Incineroar\n|-damage|p1a: Incineroar|71/100\n|move|p2b: Pelipper|Hurricane|p1a: Incineroar\n|-damage|p1a: Incineroar|44/100\n|\n|-weather|RainDance|[upkeep]\n|-heal|p1b: Primarina|29/100 par|[from] item: Leftovers\n|upkeep\n|turn|12\n|inactive|Zer0XI11 has 30 seconds left.\n|\n|t:|1776181207\n|switch|p2a: Incineroar|Incineroar, L50, F|92/100\n|-ability|p2a: Incineroar|Intimidate|boost\n|-unboost|p1a: Incineroar|atk|1\n|-unboost|p1b: Primarina|atk|1\n|move|p1a: Incineroar|Rest|p1a: Incineroar\n|-status|p1a: Incineroar|slp|[from] move: Rest\n|-heal|p1a: Incineroar|100/100 slp|[silent]\n|-enditem|p1a: Incineroar|Chesto Berry|[eat]\n|-curestatus|p1a: Incineroar|slp|[msg]\n|move|p2b: Pelipper|Tailwind|p2b: Pelipper\n|-sidestart|p2: Zer0XI11|move: Tailwind\n|move|p1b: Primarina|Moonblast|p2a: Incineroar\n|-damage|p2a: Incineroar|60/100\n|\n|-weather|RainDance|[upkeep]\n|-heal|p1b: Primarina|35/100 par|[from] item: Leftovers\n|upkeep\n|turn|13\n|inactive|Zer0XI11 has 30 seconds left.\n|\n|t:|1776181234\n|move|p1b: Primarina|Protect|p1b: Primarina\n|-singleturn|p1b: Primarina|Protect\n|move|p2a: Incineroar|Fake Out|p1a: Incineroar\n|-damage|p1a: Incineroar|91/100\n|move|p2b: Pelipper|Hurricane|p1b: Primarina\n|-activate|p1b: Primarina|move: Protect\n|cant|p1a: Incineroar|flinch\n|\n|-weather|RainDance|[upkeep]\n|-heal|p1b: Primarina|41/100 par|[from] item: Leftovers\n|-sideend|p1: chris466|move: Aurora Veil\n|upkeep\n|turn|14\n|inactive|Zer0XI11 has 30 seconds left.\n|\n|t:|1776181261\n|switch|p2a: Dragonite|Dragonite-Mega, L50, F, shiny|81/100\n|switch|p1b: Ninetales|Ninetales-Alola, L50, F|91/100\n|-weather|Snowscape|[from] ability: Snow Warning|[of] p1b: Ninetales\n|move|p2b: Pelipper|Hurricane|p1a: Incineroar|[miss]\n|-miss|p2b: Pelipper|p1a: Incineroar\n|move|p1a: Incineroar|Parting Shot|p2b: Pelipper\n|-unboost|p2b: Pelipper|atk|1\n|-unboost|p2b: Pelipper|spa|1\n|\n|t:|1776181275\n|switch|p1a: Primarina|Primarina, L50, F|41/100 par|[from] Parting Shot\n|\n|-weather|Snowscape|[upkeep]\n|-heal|p1a: Primarina|47/100 par|[from] item: Leftovers\n|upkeep\n|turn|15\n|\n|t:|1776181291\n|switch|p2b: Incineroar|Incineroar, L50, F|60/100\n|-ability|p2b: Incineroar|Intimidate|boost\n|-unboost|p1a: Primarina|atk|1\n|-unboost|p1b: Ninetales|atk|1\n|move|p2a: Dragonite|Protect|p2a: Dragonite\n|-singleturn|p2a: Dragonite|Protect\n|move|p1a: Primarina|Protect|p1a: Primarina\n|-singleturn|p1a: Primarina|Protect\n|move|p1b: Ninetales|Icy Wind|p2a: Dragonite|[spread] p2b\n|-activate|p2a: Dragonite|move: Protect\n|-resisted|p2b: Incineroar|1\n|-damage|p2b: Incineroar|55/100\n|-unboost|p2b: Incineroar|spe|1\n|\n|-weather|Snowscape|[upkeep]\n|-heal|p1a: Primarina|53/100 par|[from] item: Leftovers\n|-sideend|p2: Zer0XI11|move: Tailwind\n|upkeep\n|turn|16\n|\n|t:|1776181315\n|switch|p2a: Pelipper|Pelipper, L50, M|63/100\n|-weather|RainDance|[from] ability: Drizzle|[of] p2a: Pelipper\n|switch|p1a: Incineroar|Incineroar, L50, F|91/100\n|-ability|p1a: Incineroar|Intimidate|boost\n|-unboost|p2a: Pelipper|atk|1\n|-unboost|p2b: Incineroar|atk|1\n|move|p1b: Ninetales|Protect|p1b: Ninetales\n|-singleturn|p1b: Ninetales|Protect\n|move|p2b: Incineroar|Flare Blitz|p1b: Ninetales\n|-activate|p1b: Ninetales|move: Protect\n|\n|-weather|RainDance|[upkeep]\n|upkeep\n|turn|17\n|inactive|Zer0XI11 has 30 seconds left.\n|\n|t:|1776181343\n|switch|p1b: Primarina|Primarina, L50, F|53/100 par\n|switch|p2b: Dragonite|Dragonite-Mega, L50, F, shiny|81/100\n|move|p1a: Incineroar|Parting Shot|p2b: Dragonite\n|-unboost|p2b: Dragonite|atk|1\n|-unboost|p2b: Dragonite|spa|1\n|\n|t:|1776181350\n|switch|p1a: Ninetales|Ninetales-Alola, L50, F|91/100|[from] Parting Shot\n|-weather|Snowscape|[from] ability: Snow Warning|[of] p1a: Ninetales\n|move|p2a: Pelipper|Hurricane|p1a: Ninetales\n|-damage|p1a: Ninetales|51/100\n|\n|-weather|Snowscape|[upkeep]\n|-heal|p1b: Primarina|59/100 par|[from] item: Leftovers\n|upkeep\n|turn|18\n|inactive|Zer0XI11 has 30 seconds left this turn.\n|inactive|Zer0XI11 has 20 seconds left.\n|inactive|Zer0XI11 has 15 seconds left.\n|\n|t:|1776181368\n|move|p2a: Pelipper|Wide Guard|p2a: Pelipper\n|-singleturn|p2a: Pelipper|Wide Guard\n|move|p1a: Ninetales|Aurora Veil|p1a: Ninetales\n|-sidestart|p1: chris466|move: Aurora Veil\n|move|p2b: Dragonite|Thunder|p1b: Primarina|[miss]\n|-miss|p2b: Dragonite|p1b: Primarina\n|move|p1b: Primarina|Moonblast|p2b: Dragonite\n|-supereffective|p2b: Dragonite|1\n|-damage|p2b: Dragonite|14/100\n|\n|-weather|Snowscape|[upkeep]\n|-heal|p1b: Primarina|65/100 par|[from] item: Leftovers\n|upkeep\n|turn|19\n|inactive|Zer0XI11 has 15 seconds left this turn.\n|inactive|Zer0XI11 has 10 seconds left.\n|inactive|Zer0XI11 has 5 seconds left.\n|-message|Zer0XI11 lost due to inactivity.\n|\n|win|chris466\n|raw|chris466's rating: 1116 &rarr; <strong>1144</strong><br />(+28 for winning)\n|raw|Zer0XI11's rating: 1156 &rarr; <strong>1128</strong><br />(-28 for losing)\n",
  "uploadtime": 1776181384,
  "views": 15,
  "formatid": "gen9championsvgc2026regma",
  "rating": 1128,
  "private": 0,
  "password": null
}