{
  "id": "gen9championsvgc2026regma-2588610879",
  "format": "[Gen 9 Champions] VGC 2026 Reg M-A",
  "players": [
    "mattyguy",
    "aroswing"
  ],
  "log": "|j|\u2606mattyguy\n|j|\u2606aroswing\n|t:|1776649910\n|gametype|doubles\n|player|p1|mattyguy|1|1236\n|player|p2|aroswing|marnie|1196\n|gen|9\n|tier|[Gen 9 Champions] VGC 2026 Reg M-A\n|rated|\n|rule|Species Clause: Limit one of each Pok\u00e9mon\n|rule|Item Clause: Limit 1 of each item\n|clearpoke\n|poke|p1|Dragonite, L50, F|\n|poke|p1|Pelipper, L50, F|\n|poke|p1|Basculegion, L50, M|\n|poke|p1|Incineroar, L50, M|\n|poke|p1|Sneasler, L50, F|\n|poke|p1|Kingambit, L50, F|\n|poke|p2|Toxicroak, L50, M|\n|poke|p2|Pelipper, L50, M|\n|poke|p2|Blastoise, L50, M|\n|poke|p2|Sinistcha, L50|\n|poke|p2|Archaludon, L50, M|\n|poke|p2|Dragonite, L50, F|\n|teampreview|4\n|inactive|Battle timer is ON: inactive players will automatically lose when time's up. (requested by aroswing)\n|inactive|aroswing has 60 seconds left.\n|\n|t:|1776649942\n|teamsize|p1|4\n|teamsize|p2|4\n|start\n|switch|p1a: Pelipper|Pelipper, L50, F|100/100\n|switch|p1b: Basculegion|Basculegion, L50, M|100/100\n|switch|p2a: Dragonite|Dragonite, L50, F|100/100\n|switch|p2b: Toxicroak|Toxicroak, L50, M|100/100\n|-weather|RainDance|[from] ability: Drizzle|[of] p1a: Pelipper\n|turn|1\n|inactive|mattyguy has 30 seconds left.\n|\n|t:|1776649976\n|detailschange|p2a: Dragonite|Dragonite-Mega, L50, F\n|-mega|p2a: Dragonite|Dragonite|Dragoninite\n|move|p2b: Toxicroak|Fake Out|p1a: Pelipper\n|-damage|p1a: Pelipper|84/100\n|move|p1b: Basculegion|Flip Turn|p2a: Dragonite\n|-resisted|p2a: Dragonite|1\n|-damage|p2a: Dragonite|86/100\n|\n|t:|1776649983\n|switch|p1b: Sneasler|Sneasler, L50, F|100/100|[from] Flip Turn\n|move|p2a: Dragonite|Hurricane|p1b: Sneasler\n|-supereffective|p1b: Sneasler|1\n|-damage|p1b: Sneasler|0 fnt\n|faint|p1b: Sneasler\n|cant|p1a: Pelipper|flinch\n|\n|-weather|RainDance|[upkeep]\n|upkeep\n|\n|t:|1776649994\n|switch|p1b: Dragonite|Dragonite, L50, F|100/100\n|turn|2\n|inactive|aroswing has 30 seconds left.\n|\n|t:|1776650024\n|switch|p2b: Sinistcha|Sinistcha, L50|100/100\n|-heal|p2a: Dragonite|100/100|[from] ability: Hospitality|[of] p2b: Sinistcha\n|detailschange|p1b: Dragonite|Dragonite-Mega, L50, F\n|-mega|p1b: Dragonite|Dragonite|Dragoninite\n|move|p2a: Dragonite|Draco Meteor|p1a: Pelipper\n|-damage|p1a: Pelipper|0 fnt\n|-unboost|p2a: Dragonite|spa|2\n|faint|p1a: Pelipper\n|move|p1b: Dragonite|Draco Meteor|p2a: Dragonite\n|-supereffective|p2a: Dragonite|1\n|-damage|p2a: Dragonite|34/100\n|-unboost|p1b: Dragonite|spa|2\n|\n|-weather|RainDance|[upkeep]\n|upkeep\n|\n|t:|1776650045\n|switch|p1a: Basculegion|Basculegion, L50, M|100/100\n|turn|3\n|\n|t:|1776650061\n|move|p2b: Sinistcha|Rage Powder|p2b: Sinistcha\n|-singleturn|p2b: Sinistcha|move: Rage Powder\n|move|p1a: Basculegion|Last Respects|p2b: Sinistcha\n|-supereffective|p2b: Sinistcha|1\n|-damage|p2b: Sinistcha|0 fnt\n|faint|p2b: Sinistcha\n|move|p2a: Dragonite|Tailwind|p2a: Dragonite\n|-sidestart|p2: aroswing|move: Tailwind\n|move|p1b: Dragonite|Draco Meteor|p2a: Dragonite\n|-supereffective|p2a: Dragonite|1\n|-damage|p2a: Dragonite|0 fnt\n|-unboost|p1b: Dragonite|spa|2\n|faint|p2a: Dragonite\n|\n|-weather|RainDance|[upkeep]\n|upkeep\n|\n|t:|1776650073\n|switch|p2a: Toxicroak|Toxicroak, L50, M|100/100\n|switch|p2b: Archaludon|Archaludon, L50, M|100/100\n|turn|4\n|inactive|mattyguy has 30 seconds left.\n|inactive|mattyguy has 20 seconds left.\n|inactive|mattyguy has 15 seconds left.\n|inactive|mattyguy has 10 seconds left.\n|inactive|mattyguy has 5 seconds left.\n|\n|t:|1776650128\n|move|p2a: Toxicroak|Fake Out|p1b: Dragonite\n|-crit|p1b: Dragonite\n|-damage|p1b: Dragonite|92/100\n|move|p2b: Archaludon|Electro Shot||[still]\n|-prepare|p2b: Archaludon|Electro Shot\n|-boost|p2b: Archaludon|spa|1\n|-anim|p2b: Archaludon|Electro Shot|p1a: Basculegion\n|-supereffective|p1a: Basculegion|1\n|-damage|p1a: Basculegion|0 fnt\n|faint|p1a: Basculegion\n|cant|p1b: Dragonite|flinch\n|\n|-weather|RainDance|[upkeep]\n|upkeep\n|turn|5\n|\n|t:|1776650142\n|move|p2b: Archaludon|Draco Meteor|p1b: Dragonite\n|-supereffective|p1b: Dragonite|1\n|-damage|p1b: Dragonite|0 fnt\n|-unboost|p2b: Archaludon|spa|2\n|faint|p1b: Dragonite\n|\n|win|aroswing\n|raw|mattyguy's rating: 1236 &rarr; <strong>1208</strong><br />(-28 for losing)\n|raw|aroswing's rating: 1196 &rarr; <strong>1224</strong><br />(+28 for winning)\n",
  "uploadtime": 1776650149,
  "views": 9,
  "formatid": "gen9championsvgc2026regma",
  "rating": 1208,
  "private": 0,
  "password": null
}