{
  "id": "gen9championsvgc2026regma-2589406846",
  "format": "[Gen 9 Champions] VGC 2026 Reg M-A",
  "players": [
    "Luuk_1511",
    "MorganaRoyal"
  ],
  "log": "|j|\u2606Luuk_1511\n|j|\u2606MorganaRoyal\n|t:|1776720385\n|gametype|doubles\n|player|p1|Luuk_1511|rancher|1177\n|player|p2|MorganaRoyal|morgan|1184\n|gen|9\n|tier|[Gen 9 Champions] VGC 2026 Reg M-A\n|rated|\n|rule|Species Clause: Limit one of each Pok\u00e9mon\n|rule|Item Clause: Limit 1 of each item\n|clearpoke\n|poke|p1|Basculegion, L50, M|\n|poke|p1|Kangaskhan, L50, F|\n|poke|p1|Tauros-Paldea-Aqua, L50, M|\n|poke|p1|Glimmora, L50, F, shiny|\n|poke|p1|Sinistcha, L50|\n|poke|p1|Meowscarada, L50, M|\n|poke|p2|Zoroark-Hisui, L50, M|\n|poke|p2|Kangaskhan, L50, F|\n|poke|p2|Aegislash, L50, M|\n|poke|p2|Talonflame, L50, F|\n|poke|p2|Sneasler, L50, F|\n|poke|p2|Sinistcha-Masterpiece, L50|\n|teampreview|4\n|inactive|Battle timer is ON: inactive players will automatically lose when time's up. (requested by Luuk_1511)\n|\n|t:|1776720435\n|teamsize|p1|4\n|teamsize|p2|4\n|start\n|switch|p1a: Meowscarada|Meowscarada, L50, M|100/100\n|switch|p1b: Kangaskhan|Kangaskhan, L50, F|100/100\n|switch|p2a: Kangaskhan|Kangaskhan, L50, F|100/100\n|switch|p2b: Aegislash|Aegislash, L50, M|100/100\n|turn|1\n|inactive|Luuk_1511 has 30 seconds left.\n|inactive|Luuk_1511 has 20 seconds left.\n|inactive|Luuk_1511 has 15 seconds left.\n|\n|t:|1776720475\n|detailschange|p1b: Kangaskhan|Kangaskhan-Mega, L50, F\n|-mega|p1b: Kangaskhan|Kangaskhan|Kangaskhanite\n|move|p2b: Aegislash|King's Shield|p2b: Aegislash\n|-singleturn|p2b: Aegislash|Protect\n|move|p1b: Kangaskhan|Fake Out|p2a: Kangaskhan\n|-immune|p2a: Kangaskhan\n|move|p1a: Meowscarada|Low Kick|p2a: Kangaskhan\n|-start|p1a: Meowscarada|typechange|Fighting|[from] ability: Protean\n|-immune|p2a: Kangaskhan\n|move|p2a: Kangaskhan|Will-O-Wisp|p1a: Meowscarada|[miss]\n|-miss|p2a: Kangaskhan|p1a: Meowscarada\n|\n|upkeep\n|turn|2\n|inactive|Luuk_1511 has 30 seconds left.\n|inactive|MorganaRoyal has 30 seconds left.\n|\n|t:|1776720509\n|move|p2a: Kangaskhan|Protect|p2a: Kangaskhan\n|-singleturn|p2a: Kangaskhan|Protect\n|move|p1b: Kangaskhan|Sucker Punch|p2b: Aegislash\n|-supereffective|p2b: Aegislash|1\n|-enditem|p2b: Aegislash|Colbur Berry|[eat]\n|-enditem|p2b: Aegislash|Colbur Berry|[weaken]\n|-damage|p2b: Aegislash|80/100\n|-supereffective|p2b: Aegislash|1\n|-damage|p2b: Aegislash|69/100\n|-hitcount|p2b: Aegislash|2\n|move|p1a: Meowscarada|Knock Off|p2a: Kangaskhan\n|-activate|p2a: Kangaskhan|move: Protect\n|-formechange|p2b: Aegislash|Aegislash-Blade|\n|move|p2b: Aegislash|Iron Head|p1a: Meowscarada\n|-damage|p1a: Meowscarada|24/100\n|\n|upkeep\n|turn|3\n|inactive|Luuk_1511 has 30 seconds left.\n|inactive|MorganaRoyal has 30 seconds left.\n|\n|t:|1776720542\n|switch|p2a: Talonflame|Talonflame, L50, F|100/100\n|-formechange|p2b: Aegislash|Aegislash|\n|move|p2b: Aegislash|King's Shield|p2b: Aegislash\n|-singleturn|p2b: Aegislash|Protect\n|move|p1b: Kangaskhan|Sucker Punch||[still]\n|-fail|p1b: Kangaskhan\n|move|p1a: Meowscarada|Knock Off|p2a: Talonflame\n|-damage|p2a: Talonflame|51/100\n|-enditem|p2a: Talonflame|Sharp Beak|[from] move: Knock Off|[of] p1a: Meowscarada\n|\n|upkeep\n|turn|4\n|inactive|Luuk_1511 has 30 seconds left.\n|\n|t:|1776720573\n|switch|p1a: Glimmora|Glimmora, L50, F, shiny|100/100\n|move|p1b: Kangaskhan|Sucker Punch||[still]\n|-fail|p1b: Kangaskhan\n|move|p2a: Talonflame|Tailwind|p2a: Talonflame\n|-sidestart|p2: MorganaRoyal|move: Tailwind\n|move|p2b: Aegislash|Swords Dance|p2b: Aegislash\n|-boost|p2b: Aegislash|atk|2\n|\n|upkeep\n|turn|5\n|inactive|Luuk_1511 has 30 seconds left.\n|inactive|MorganaRoyal has 30 seconds left.\n|\n|t:|1776720606\n|move|p2a: Talonflame|Protect|p2a: Talonflame\n|-singleturn|p2a: Talonflame|Protect\n|move|p1b: Kangaskhan|Sucker Punch|p2b: Aegislash\n|-supereffective|p2b: Aegislash|1\n|-damage|p2b: Aegislash|27/100\n|-supereffective|p2b: Aegislash|1\n|-damage|p2b: Aegislash|17/100\n|-hitcount|p2b: Aegislash|2\n|-formechange|p2b: Aegislash|Aegislash-Blade|\n|move|p2b: Aegislash|Iron Head|p1a: Glimmora\n|-supereffective|p1a: Glimmora|1\n|-damage|p1a: Glimmora|0 fnt\n|-activate|p1a: Glimmora|ability: Toxic Debris\n|-sidestart|p2: MorganaRoyal|move: Toxic Spikes\n|faint|p1a: Glimmora\n|\n|upkeep\n|\n|t:|1776720629\n|switch|p1a: Tauros|Tauros-Paldea-Aqua, L50, M|100/100\n|-ability|p1a: Tauros|Intimidate|boost\n|-unboost|p2a: Talonflame|atk|1\n|-unboost|p2b: Aegislash|atk|1\n|turn|6\n|\n|t:|1776720646\n|-formechange|p2b: Aegislash|Aegislash|\n|move|p2b: Aegislash|King's Shield|p2b: Aegislash\n|-singleturn|p2b: Aegislash|Protect\n|move|p1a: Tauros|Aqua Jet|p2a: Talonflame\n|-supereffective|p2a: Talonflame|1\n|-damage|p2a: Talonflame|0 fnt\n|faint|p2a: Talonflame\n|move|p1b: Kangaskhan|Sucker Punch||[still]\n|-fail|p1b: Kangaskhan\n|\n|upkeep\n|inactive|MorganaRoyal has 30 seconds left.\n|\n|t:|1776720675\n|switch|p2a: Kangaskhan|Kangaskhan, L50, F|100/100\n|-status|p2a: Kangaskhan|psn\n|turn|7\n|\n|t:|1776720691\n|detailschange|p2a: Kangaskhan|Kangaskhan-Mega, L50, F\n|-mega|p2a: Kangaskhan|Kangaskhan|Kangaskhanite\n|move|p1a: Tauros|Protect|p1a: Tauros\n|-singleturn|p1a: Tauros|Protect\n|move|p1b: Kangaskhan|Sucker Punch||[still]\n|-fail|p1b: Kangaskhan\n|move|p2a: Kangaskhan|Double-Edge|p1a: Tauros\n|-activate|p1a: Tauros|move: Protect\n|move|p2b: Aegislash|Swords Dance|p2b: Aegislash\n|-boost|p2b: Aegislash|atk|2\n|\n|-damage|p2a: Kangaskhan|88/100 psn|[from] psn\n|-sideend|p2: MorganaRoyal|move: Tailwind\n|upkeep\n|turn|8\n|inactive|Luuk_1511 has 30 seconds left.\n|\n|t:|1776720719\n|move|p2b: Aegislash|King's Shield|p2b: Aegislash\n|-singleturn|p2b: Aegislash|Protect\n|move|p1b: Kangaskhan|Sucker Punch||[still]\n|-fail|p1b: Kangaskhan\n|move|p1a: Tauros|Close Combat|p2a: Kangaskhan\n|-supereffective|p2a: Kangaskhan|1\n|-damage|p2a: Kangaskhan|0 fnt\n|-unboost|p1a: Tauros|def|1\n|-unboost|p1a: Tauros|spd|1\n|faint|p2a: Kangaskhan\n|-enditem|p1a: Tauros|White Herb\n|-clearnegativeboost|p1a: Tauros|[silent]\n|\n|upkeep\n|\n|t:|1776720724\n|switch|p2a: Aegislash|Aegislash, L50, M|100/100\n|-status|p2a: Aegislash|psn\n|turn|9\n|\n|t:|1776720742\n|move|p2b: Aegislash|King's Shield|p2b: Aegislash\n|-singleturn|p2b: Aegislash|Protect\n|move|p1b: Kangaskhan|Sucker Punch||[still]\n|-fail|p1b: Kangaskhan\n|move|p2a: Aegislash|Will-O-Wisp|p1a: Tauros\n|-status|p1a: Tauros|brn\n|move|p1a: Tauros|Wave Crash|p2a: Aegislash\n|-damage|p2a: Aegislash|46/100 psn\n|replace|p2a: Zoroark|Zoroark-Hisui, L50, M\n|-end|p2a: Zoroark|Illusion\n|-damage|p1a: Tauros|85/100 brn|[from] Recoil\n|\n|-damage|p2a: Zoroark|34/100 psn|[from] psn\n|-damage|p1a: Tauros|79/100 brn|[from] brn\n|upkeep\n|turn|10\n|inactive|Luuk_1511 has 30 seconds left.\n|inactive|Luuk_1511 has 20 seconds left.\n|inactive|Luuk_1511 has 15 seconds left.\n|inactive|MorganaRoyal has 30 seconds left.\n|inactive|Luuk_1511 has 10 seconds left.\n|inactive|Luuk_1511 has 5 seconds left.\n|inactive|MorganaRoyal has 20 seconds left.\n|\n|t:|1776720795\n|switch|p1b: Meowscarada|Meowscarada, L50, M|24/100\n|move|p1a: Tauros|Protect|p1a: Tauros\n|-singleturn|p1a: Tauros|Protect\n|move|p2a: Zoroark|Icy Wind|p1a: Tauros|[spread] p1b\n|-activate|p1a: Tauros|move: Protect\n|-supereffective|p1b: Meowscarada|1\n|-damage|p1b: Meowscarada|0 fnt\n|faint|p1b: Meowscarada\n|-formechange|p2b: Aegislash|Aegislash-Blade|\n|move|p2b: Aegislash|Sacred Sword|p1a: Tauros\n|-activate|p1a: Tauros|move: Protect\n|\n|-damage|p2a: Zoroark|22/100 psn|[from] psn\n|-damage|p1a: Tauros|73/100 brn|[from] brn\n|upkeep\n|\n|t:|1776720810\n|switch|p1b: Kangaskhan|Kangaskhan-Mega, L50, F|100/100\n|turn|11\n|\n|t:|1776720828\n|-formechange|p2b: Aegislash|Aegislash|\n|move|p2b: Aegislash|King's Shield|p2b: Aegislash\n|-singleturn|p2b: Aegislash|Protect\n|move|p1a: Tauros|Aqua Jet|p2b: Aegislash\n|-activate|p2b: Aegislash|move: Protect\n|-unboost|p1a: Tauros|atk|1\n|move|p2a: Zoroark|Icy Wind|p1a: Tauros|[spread] p1a,p1b\n|-resisted|p1a: Tauros|1\n|-damage|p1a: Tauros|63/100 brn\n|-damage|p1b: Kangaskhan|88/100\n|-unboost|p1a: Tauros|spe|1\n|-unboost|p1b: Kangaskhan|spe|1\n|move|p1b: Kangaskhan|Double-Edge|p2a: Zoroark\n|-immune|p2a: Zoroark\n|\n|-damage|p2a: Zoroark|10/100 psn|[from] psn\n|-damage|p1a: Tauros|57/100 brn|[from] brn\n|upkeep\n|turn|12\n|inactive|Luuk_1511 has 30 seconds left.\n|inactive|MorganaRoyal has 30 seconds left.\n|\n|t:|1776720858\n|move|p2a: Zoroark|Shadow Ball|p1a: Tauros\n|-damage|p1a: Tauros|0 fnt\n|faint|p1a: Tauros\n|move|p1b: Kangaskhan|Double-Edge|p2a: Zoroark\n|-immune|p2a: Zoroark\n|-formechange|p2b: Aegislash|Aegislash-Blade|\n|move|p2b: Aegislash|Sacred Sword|p1b: Kangaskhan\n|-supereffective|p1b: Kangaskhan|1\n|-damage|p1b: Kangaskhan|0 fnt\n|faint|p1b: Kangaskhan\n|\n|win|MorganaRoyal\n|raw|Luuk_1511's rating: 1177 &rarr; <strong>1153</strong><br />(-24 for losing)\n|raw|MorganaRoyal's rating: 1184 &rarr; <strong>1208</strong><br />(+24 for winning)\n|l|\u2606Luuk_1511\n|player|p1|\n|c|\u2606MorganaRoyal|gg\n",
  "uploadtime": 1776720878,
  "views": 6,
  "formatid": "gen9championsvgc2026regma",
  "rating": 1153,
  "private": 0,
  "password": null
}