{
  "id": "gen9championsvgc2026regma-2585045992",
  "format": "[Gen 9 Champions] VGC 2026 Reg M-A",
  "players": [
    "PJWQuantom",
    "rorbert"
  ],
  "log": "|j|\u2606PJWQuantom\n|j|\u2606rorbert\n|t:|1776306385\n|gametype|doubles\n|player|p1|PJWQuantom|170|1063\n|player|p2|rorbert|grimsley|1148\n|gen|9\n|tier|[Gen 9 Champions] VGC 2026 Reg M-A\n|rated|\n|rule|Species Clause: Limit one of each Pok\u00e9mon\n|rule|Item Clause: Limit 1 of each item\n|clearpoke\n|poke|p1|Zoroark-Hisui, L50, M|\n|poke|p1|Talonflame, L50, F|\n|poke|p1|Kangaskhan, L50, F|\n|poke|p1|Abomasnow, L50, F|\n|poke|p1|Beartic, L50, M|\n|poke|p1|Volcarona, L50, M|\n|poke|p2|Dragonite, L50, M|\n|poke|p2|Aggron, L50, F|\n|poke|p2|Pelipper, L50, M|\n|poke|p2|Sinistcha, L50|\n|poke|p2|Incineroar, L50, M|\n|poke|p2|Basculegion, L50, M|\n|teampreview|4\n|inactive|Battle timer is ON: inactive players will automatically lose when time's up. (requested by PJWQuantom)\n|\n|t:|1776306410\n|teamsize|p1|4\n|teamsize|p2|4\n|start\n|switch|p1a: Abomasnow|Abomasnow, L50, F|100/100\n|switch|p1b: Beartic|Beartic, L50, M|100/100\n|switch|p2a: Incineroar|Incineroar, L50, M|100/100\n|switch|p2b: Basculegion|Basculegion, L50, M|100/100\n|-ability|p2a: Incineroar|Intimidate|boost\n|-unboost|p1a: Abomasnow|atk|1\n|-unboost|p1b: Beartic|atk|1\n|-weather|Snowscape|[from] ability: Snow Warning|[of] p1a: Abomasnow\n|turn|1\n|inactive|PJWQuantom has 30 seconds left.\n|inactive|PJWQuantom has 20 seconds left.\n|\n|t:|1776306447\n|switch|p2b: Pelipper|Pelipper, L50, M|100/100\n|-weather|RainDance|[from] ability: Drizzle|[of] p2b: Pelipper\n|move|p1a: Abomasnow|Protect|p1a: Abomasnow\n|-singleturn|p1a: Abomasnow|Protect\n|move|p1b: Beartic|Crunch|p2b: Pelipper\n|-damage|p2b: Pelipper|77/100\n|move|p2a: Incineroar|Flare Blitz|p1a: Abomasnow\n|-activate|p1a: Abomasnow|move: Protect\n|\n|-weather|RainDance|[upkeep]\n|upkeep\n|turn|2\n|\n|t:|1776306470\n|detailschange|p1a: Abomasnow|Abomasnow-Mega, L50, F\n|-mega|p1a: Abomasnow|Abomasnow|Abomasite\n|-weather|Snowscape|[from] ability: Snow Warning|[of] p1a: Abomasnow\n|move|p1b: Beartic|Play Rough|p2a: Incineroar\n|-damage|p2a: Incineroar|82/100\n|move|p2b: Pelipper|Hurricane|p1a: Abomasnow\n|-supereffective|p1a: Abomasnow|1\n|-damage|p1a: Abomasnow|21/100\n|move|p2a: Incineroar|Parting Shot|p1a: Abomasnow\n|-unboost|p1a: Abomasnow|atk|1\n|-unboost|p1a: Abomasnow|spa|1\n|\n|t:|1776306482\n|switch|p2a: Dragonite|Dragonite, L50, M|100/100|[from] Parting Shot\n|move|p1a: Abomasnow|Blizzard|p2b: Pelipper|[spread] p2a,p2b\n|-supereffective|p2a: Dragonite|2\n|-crit|p2a: Dragonite\n|-damage|p2a: Dragonite|0 fnt\n|-damage|p2b: Pelipper|19/100\n|faint|p2a: Dragonite\n|\n|-weather|Snowscape|[upkeep]\n|upkeep\n|\n|t:|1776306487\n|switch|p2a: Incineroar|Incineroar, L50, M|82/100\n|-ability|p2a: Incineroar|Intimidate|boost\n|-unboost|p1a: Abomasnow|atk|1\n|-unboost|p1b: Beartic|atk|1\n|turn|3\n|\n|t:|1776306503\n|switch|p2b: Basculegion|Basculegion, L50, M|100/100\n|move|p1a: Abomasnow|Protect|p1a: Abomasnow\n|-singleturn|p1a: Abomasnow|Protect\n|move|p2a: Incineroar|Fake Out|p1a: Abomasnow\n|-activate|p1a: Abomasnow|move: Protect\n|move|p1b: Beartic|Icicle Crash|p2b: Basculegion\n|-resisted|p2b: Basculegion|1\n|-damage|p2b: Basculegion|82/100\n|\n|-weather|Snowscape|[upkeep]\n|upkeep\n|turn|4\n|inactive|rorbert has 30 seconds left.\n|inactive|rorbert has 20 seconds left.\n|inactive|rorbert has 15 seconds left.\n|inactive|rorbert has 10 seconds left.\n|\n|t:|1776306553\n|move|p1b: Beartic|Crunch|p2b: Basculegion\n|-supereffective|p2b: Basculegion|1\n|-damage|p2b: Basculegion|43/100\n|move|p2b: Basculegion|Last Respects|p1a: Abomasnow\n|-crit|p1a: Abomasnow\n|-damage|p1a: Abomasnow|0 fnt\n|faint|p1a: Abomasnow\n|move|p2a: Incineroar|Flare Blitz|p1b: Beartic\n|-supereffective|p1b: Beartic|1\n|-damage|p1b: Beartic|13/100\n|-damage|p2a: Incineroar|57/100|[from] Recoil\n|\n|-weather|Snowscape|[upkeep]\n|upkeep\n|\n|t:|1776306567\n|switch|p1a: Volcarona|Volcarona, L50, M|100/100\n|turn|5\n|\n|t:|1776306575\n|switch|p2b: Pelipper|Pelipper, L50, M|19/100\n|-weather|RainDance|[from] ability: Drizzle|[of] p2b: Pelipper\n|move|p1a: Volcarona|Focus Blast|p2a: Incineroar\n|-supereffective|p2a: Incineroar|1\n|-enditem|p2a: Incineroar|Chople Berry|[eat]\n|-enditem|p2a: Incineroar|Chople Berry|[weaken]\n|-damage|p2a: Incineroar|21/100\n|move|p1b: Beartic|Crunch|p2b: Pelipper\n|-damage|p2b: Pelipper|0 fnt\n|faint|p2b: Pelipper\n|move|p2a: Incineroar|Parting Shot|p1a: Volcarona\n|-unboost|p1a: Volcarona|atk|1\n|-unboost|p1a: Volcarona|spa|1\n|\n|t:|1776306588\n|switch|p2a: Basculegion|Basculegion, L50, M|43/100|[from] Parting Shot\n|\n|-weather|RainDance|[upkeep]\n|upkeep\n|\n|t:|1776306591\n|switch|p2b: Incineroar|Incineroar, L50, M|21/100\n|-ability|p2b: Incineroar|Intimidate|boost\n|-unboost|p1a: Volcarona|atk|1\n|-unboost|p1b: Beartic|atk|1\n|turn|6\n|\n|t:|1776306607\n|move|p2b: Incineroar|Fake Out|p1b: Beartic\n|-damage|p1b: Beartic|0 fnt\n|faint|p1b: Beartic\n|move|p2a: Basculegion|Wave Crash|p1a: Volcarona\n|-damage|p1a: Volcarona|0 fnt\n|replace|p1a: Zoroark|Zoroark-Hisui, L50, M\n|-end|p1a: Zoroark|Illusion\n|faint|p1a: Zoroark\n|-damage|p2a: Basculegion|20/100|[from] Recoil\n|\n|-weather|RainDance|[upkeep]\n|upkeep\n|\n|t:|1776306620\n|switch|p1b: Volcarona|Volcarona, L50, M|100/100\n|turn|7\n|inactive|rorbert has 30 seconds left.\n|inactive|rorbert has 20 seconds left.\n|inactive|rorbert has 15 seconds left.\n|\n|t:|1776306662\n|move|p2a: Basculegion|Wave Crash|p1b: Volcarona\n|-supereffective|p1b: Volcarona|1\n|-enditem|p1b: Volcarona|Focus Sash\n|-damage|p1b: Volcarona|1/100\n|-damage|p2a: Basculegion|0 fnt|[from] Recoil\n|faint|p2a: Basculegion\n|move|p1b: Volcarona|Giga Drain|p2b: Incineroar\n|-resisted|p2b: Incineroar|1\n|-damage|p2b: Incineroar|8/100\n|-heal|p1b: Volcarona|9/100|[from] drain|[of] p2b: Incineroar\n|move|p2b: Incineroar|Darkest Lariat|p1b: Volcarona\n|-damage|p1b: Volcarona|0 fnt\n|faint|p1b: Volcarona\n|\n|win|rorbert\n|raw|PJWQuantom's rating: 1063 &rarr; <strong>1048</strong><br />(-15 for losing)\n|raw|rorbert's rating: 1148 &rarr; <strong>1167</strong><br />(+19 for winning)\n|c|\u2606rorbert|gg\n|l|\u2606PJWQuantom\n|player|p1|\n",
  "uploadtime": 1776307234,
  "views": 59,
  "formatid": "gen9championsvgc2026regma",
  "rating": 1048,
  "private": 0,
  "password": null
}