{
  "id": "gen9championsvgc2026regma-2583689988",
  "format": "[Gen 9 Champions] VGC 2026 Reg M-A",
  "players": [
    "big guy big guy",
    "MRson777"
  ],
  "log": "|j|\u2606big guy big guy\n|j|\u2606MRson777\n|t:|1776191228\n|gametype|doubles\n|player|p1|big guy big guy|102|1057\n|player|p2|MRson777|1|1044\n|gen|9\n|tier|[Gen 9 Champions] VGC 2026 Reg M-A\n|rated|\n|rule|Species Clause: Limit one of each Pok\u00e9mon\n|rule|Item Clause: Limit 1 of each item\n|clearpoke\n|poke|p1|Aerodactyl, L50, F|\n|poke|p1|Alakazam, L50, M|\n|poke|p1|Meowstic, L50, M|\n|poke|p1|Heliolisk, L50, F|\n|poke|p1|Gardevoir, L50, M|\n|poke|p1|Blastoise, L50, F|\n|poke|p2|Gardevoir, L50, M|\n|poke|p2|Corviknight, L50, F|\n|poke|p2|Garchomp, L50, M|\n|poke|p2|Milotic, L50, F|\n|poke|p2|Incineroar, L50, M|\n|poke|p2|Tyranitar, L50, M|\n|teampreview|4\n|inactive|Battle timer is ON: inactive players will automatically lose when time's up. (requested by MRson777)\n|inactive|big guy big guy has 60 seconds left.\n|inactive|MRson777 has 60 seconds left.\n|inactive|big guy big guy has 30 seconds left.\n|inactive|MRson777 has 30 seconds left.\n|\n|t:|1776191297\n|teamsize|p1|4\n|teamsize|p2|4\n|start\n|switch|p1a: Meowstic|Meowstic, L50, M|100/100\n|switch|p1b: Aerodactyl|Aerodactyl, L50, F|100/100\n|switch|p2a: Tyranitar|Tyranitar, L50, M|100/100\n|switch|p2b: Gardevoir|Gardevoir, L50, M|100/100\n|-ability|p1b: Aerodactyl|Unnerve\n|-weather|Sandstorm|[from] ability: Sand Stream|[of] p2a: Tyranitar\n|turn|1\n|inactive|MRson777 has 30 seconds left.\n|inactive|MRson777 has 20 seconds left.\n|inactive|MRson777 has 15 seconds left.\n|\n|t:|1776191338\n|move|p2b: Gardevoir|Protect|p2b: Gardevoir\n|-singleturn|p2b: Gardevoir|Protect\n|move|p1a: Meowstic|Psychic Terrain|p1a: Meowstic\n|-fieldstart|move: Psychic Terrain\n|move|p1b: Aerodactyl|Tailwind|p1b: Aerodactyl\n|-sidestart|p1: big guy big guy|move: Tailwind\n|move|p2a: Tyranitar|Bulldoze|p1a: Meowstic|[spread] \n|-activate|p2b: Gardevoir|move: Protect\n|-immune|p1b: Aerodactyl\n|-miss|p2a: Tyranitar|p1a: Meowstic\n|\n|-weather|Sandstorm|[upkeep]\n|-damage|p1a: Meowstic|95/100|[from] Sandstorm\n|-damage|p2b: Gardevoir|95/100|[from] Sandstorm\n|upkeep\n|turn|2\n|inactive|MRson777 has 30 seconds left.\n|inactive|MRson777 has 20 seconds left.\n|inactive|MRson777 has 15 seconds left.\n|\n|t:|1776191381\n|switch|p2a: Milotic|Milotic, L50, F|100/100\n|detailschange|p2b: Gardevoir|Gardevoir-Mega, L50, M\n|-mega|p2b: Gardevoir|Gardevoir|Gardevoirite\n|move|p1a: Meowstic|Gravity|p1a: Meowstic\n|-fieldstart|move: Gravity\n|move|p1b: Aerodactyl|Rock Slide|p2b: Gardevoir|[spread] p2a,p2b\n|-damage|p2a: Milotic|73/100\n|-damage|p2b: Gardevoir|61/100\n|move|p2b: Gardevoir|Hyper Voice|p1b: Aerodactyl|[spread] p1a,p1b\n|-crit|p1a: Meowstic\n|-crit|p1b: Aerodactyl\n|-damage|p1a: Meowstic|0 fnt\n|-damage|p1b: Aerodactyl|23/100\n|faint|p1a: Meowstic\n|\n|-weather|Sandstorm|[upkeep]\n|-damage|p2b: Gardevoir|55/100|[from] Sandstorm\n|-damage|p2a: Milotic|67/100|[from] Sandstorm\n|upkeep\n|\n|t:|1776191395\n|switch|p1a: Alakazam|Alakazam, L50, M|100/100\n|turn|3\n|\n|t:|1776191417\n|detailschange|p1a: Alakazam|Alakazam-Mega, L50, M\n|-mega|p1a: Alakazam|Alakazam|Alakazite\n|-ability|p1a: Alakazam|Pixilate|Trace|[from] ability: Trace|[of] p2b: Gardevoir\n|move|p2b: Gardevoir|Protect|p2b: Gardevoir\n|-singleturn|p2b: Gardevoir|Protect\n|move|p1a: Alakazam|Expanding Force|p2a: Milotic|[spread] p2a\n|-activate|p2b: Gardevoir|move: Protect\n|-damage|p2a: Milotic|6/100\n|move|p1b: Aerodactyl|Rock Slide|p2a: Milotic|[spread] p2a\n|-activate|p2b: Gardevoir|move: Protect\n|-damage|p2a: Milotic|0 fnt\n|faint|p2a: Milotic\n|\n|-weather|Sandstorm|[upkeep]\n|-damage|p1a: Alakazam|94/100|[from] Sandstorm\n|-damage|p2b: Gardevoir|49/100|[from] Sandstorm\n|upkeep\n|\n|t:|1776191435\n|switch|p2a: Tyranitar|Tyranitar, L50, M|100/100\n|turn|4\n|\n|t:|1776191450\n|move|p1b: Aerodactyl|Protect|p1b: Aerodactyl\n|-singleturn|p1b: Aerodactyl|Protect\n|move|p1a: Alakazam|Focus Blast|p2a: Tyranitar\n|-supereffective|p2a: Tyranitar|2\n|-damage|p2a: Tyranitar|0 fnt\n|faint|p2a: Tyranitar\n|move|p2b: Gardevoir|Hyper Voice|p1b: Aerodactyl|[spread] p1a\n|-activate|p1b: Aerodactyl|move: Protect\n|-damage|p1a: Alakazam|30/100\n|\n|-weather|Sandstorm|[upkeep]\n|-damage|p1a: Alakazam|24/100|[from] Sandstorm\n|-damage|p2b: Gardevoir|44/100|[from] Sandstorm\n|-sideend|p1: big guy big guy|move: Tailwind\n|upkeep\n|\n|t:|1776191463\n|switch|p2a: Garchomp|Garchomp, L50, M|100/100\n|turn|5\n|\n|t:|1776191478\n|move|p1a: Alakazam|Expanding Force|p2b: Gardevoir|[spread] p2a,p2b\n|-resisted|p2b: Gardevoir|1\n|-damage|p2a: Garchomp|15/100\n|-damage|p2b: Gardevoir|12/100\n|move|p1b: Aerodactyl|Tailwind|p1b: Aerodactyl\n|-sidestart|p1: big guy big guy|move: Tailwind\n|move|p2a: Garchomp|Rock Slide|p1a: Alakazam|[spread] p1a,p1b\n|-supereffective|p1b: Aerodactyl|1\n|-damage|p1a: Alakazam|0 fnt\n|-damage|p1b: Aerodactyl|0 fnt\n|faint|p1a: Alakazam\n|faint|p1b: Aerodactyl\n|move|p2b: Gardevoir|Hyper Voice|p1: Alakazam|[notarget]\n|-fail|p2b: Gardevoir\n|\n|-weather|none\n|-fieldend|move: Psychic Terrain\n|upkeep\n|\n|t:|1776191483\n|switch|p1b: Gardevoir|Gardevoir, L50, M|100/100\n|turn|6\n|inactive|MRson777 has 30 seconds left.\n|\n|t:|1776191510\n|move|p2a: Garchomp|Protect|p2a: Garchomp\n|-singleturn|p2a: Garchomp|Protect\n|move|p1b: Gardevoir|Hyper Voice|p2a: Garchomp|[spread] p2b\n|-activate|p2a: Garchomp|move: Protect\n|-damage|p2b: Gardevoir|0 fnt\n|faint|p2b: Gardevoir\n|\n|-fieldend|move: Gravity\n|upkeep\n|turn|7\n|\n|t:|1776191523\n|move|p2a: Garchomp|Protect|p2a: Garchomp\n|-singleturn|p2a: Garchomp|Protect\n|move|p1b: Gardevoir|Hyper Voice|p2a: Garchomp\n|-activate|p2a: Garchomp|move: Protect\n|\n|upkeep\n|turn|8\n|\n|t:|1776191529\n|move|p2a: Garchomp|Protect|p2a: Garchomp\n|-singleturn|p2a: Garchomp|Protect\n|move|p1b: Gardevoir|Hyper Voice|p2a: Garchomp\n|-activate|p2a: Garchomp|move: Protect\n|\n|-sideend|p1: big guy big guy|move: Tailwind\n|upkeep\n|turn|9\n|\n|t:|1776191539\n|move|p2a: Garchomp|Earthquake|p1b: Gardevoir\n|-damage|p1b: Gardevoir|0 fnt\n|faint|p1b: Gardevoir\n|\n|win|MRson777\n|raw|big guy big guy's rating: 1057 &rarr; <strong>1038</strong><br />(-19 for losing)\n|raw|MRson777's rating: 1044 &rarr; <strong>1079</strong><br />(+35 for winning)\n|c|\u2606MRson777|I admit\n|c|\u2606MRson777|I\u2019m lucky\n|c|\u2606big guy big guy|there\u2019s no way\n|c|\u2606big guy big guy|gg\n|c|\u2606MRson777|I had to try\n|c|\u2606MRson777|Gg\n",
  "uploadtime": 1776191575,
  "views": 15,
  "formatid": "gen9championsvgc2026regma",
  "rating": 1038,
  "private": 0,
  "password": null
}