{
  "id": "gen9championsvgc2026regma-2584622872",
  "format": "[Gen 9 Champions] VGC 2026 Reg M-A",
  "players": [
    "mamanjeje",
    "Ph4npy"
  ],
  "log": "|j|\u2606mamanjeje\n|j|\u2606Ph4npy\n|t:|1776272744\n|gametype|doubles\n|player|p1|mamanjeje|102|1000\n|player|p2|Ph4npy|266|1094\n|gen|9\n|tier|[Gen 9 Champions] VGC 2026 Reg M-A\n|rated|\n|rule|Species Clause: Limit one of each Pok\u00e9mon\n|rule|Item Clause: Limit 1 of each item\n|clearpoke\n|poke|p1|Feraligatr, L50, F|\n|poke|p1|Pelipper, L50, F|\n|poke|p1|Archaludon, L50, M|\n|poke|p1|Sinistcha, L50|\n|poke|p1|Sneasler, L50, M|\n|poke|p1|Incineroar, L50, M|\n|poke|p2|Mamoswine, L50, M|\n|poke|p2|Farigiraf, L50, F|\n|poke|p2|Kleavor, L50, M|\n|poke|p2|Ampharos, L50, F|\n|poke|p2|Altaria, L50, F|\n|poke|p2|Beartic, L50, M|\n|teampreview|4\n|\n|t:|1776272771\n|teamsize|p1|4\n|teamsize|p2|4\n|start\n|switch|p1a: Pelipper|Pelipper, L50, F|100/100\n|switch|p1b: Feraligatr|Feraligatr, L50, F|100/100\n|switch|p2a: Farigiraf|Farigiraf, L50, F|100/100\n|switch|p2b: Ampharos|Ampharos, L50, F|100/100\n|-weather|RainDance|[from] ability: Drizzle|[of] p1a: Pelipper\n|turn|1\n|\n|t:|1776272791\n|detailschange|p1b: Feraligatr|Feraligatr-Mega, L50, F\n|-mega|p1b: Feraligatr|Feraligatr|Feraligite\n|move|p1b: Feraligatr|Protect|p1b: Feraligatr\n|-singleturn|p1b: Feraligatr|Protect\n|move|p1a: Pelipper|Tailwind|p1a: Pelipper\n|-sidestart|p1: mamanjeje|move: Tailwind\n|move|p2a: Farigiraf|Calm Mind|p2a: Farigiraf\n|-boost|p2a: Farigiraf|spa|1\n|-boost|p2a: Farigiraf|spd|1\n|move|p2b: Ampharos|Electroweb|p1a: Pelipper|[spread] p1a\n|-activate|p1b: Feraligatr|move: Protect\n|-supereffective|p1a: Pelipper|2\n|-enditem|p1a: Pelipper|Focus Sash\n|-damage|p1a: Pelipper|1/100\n|-unboost|p1a: Pelipper|spe|1\n|\n|-weather|RainDance|[upkeep]\n|upkeep\n|turn|2\n|inactive|Battle timer is ON: inactive players will automatically lose when time's up. (requested by mamanjeje)\n|\n|t:|1776272856\n|switch|p2b: Altaria|Altaria, L50, F|100/100\n|-ability|p2b: Altaria|Cloud Nine\n|move|p1a: Pelipper|Wide Guard|p1a: Pelipper\n|-singleturn|p1a: Pelipper|Wide Guard\n|move|p1b: Feraligatr|Liquidation|p2b: Altaria\n|-resisted|p2b: Altaria|1\n|-damage|p2b: Altaria|64/100\n|move|p2a: Farigiraf|Thunder|p1b: Feraligatr\n|-damage|p1b: Feraligatr|43/100\n|\n|-weather|RainDance|[upkeep]\n|upkeep\n|turn|3\n|inactive|mamanjeje has 30 seconds left.\n|\n|t:|1776272887\n|switch|p1a: Sinistcha|Sinistcha, L50|100/100\n|-heal|p1b: Feraligatr|68/100|[from] ability: Hospitality|[of] p1a: Sinistcha\n|move|p1b: Feraligatr|Facade|p2b: Altaria\n|-supereffective|p2b: Altaria|1\n|-damage|p2b: Altaria|0 fnt\n|faint|p2b: Altaria\n|move|p2a: Farigiraf|Twin Beam|p1b: Feraligatr\n|-damage|p1b: Feraligatr|40/100\n|-damage|p1b: Feraligatr|9/100\n|-hitcount|p1b: Feraligatr|2\n|\n|-weather|RainDance|[upkeep]\n|upkeep\n|\n|t:|1776272899\n|switch|p2b: Mamoswine|Mamoswine, L50, M|100/100\n|turn|4\n|inactive|Ph4npy has 30 seconds left.\n|\n|t:|1776272927\n|switch|p1b: Pelipper|Pelipper, L50, F|1/100\n|move|p2b: Mamoswine|Throat Chop|p1a: Sinistcha\n|-supereffective|p1a: Sinistcha|1\n|-damage|p1a: Sinistcha|56/100\n|-start|p1a: Sinistcha|Throat Chop|[silent]\n|move|p1a: Sinistcha|Matcha Gotcha|p2a: Farigiraf|[spread] p2a,p2b\n|-supereffective|p2b: Mamoswine|1\n|-damage|p2a: Farigiraf|85/100\n|-heal|p1a: Sinistcha|66/100|[from] drain|[of] p2a: Farigiraf\n|-damage|p2b: Mamoswine|26/100\n|-heal|p1a: Sinistcha|100/100|[from] drain|[of] p2b: Mamoswine\n|move|p2a: Farigiraf|Calm Mind|p2a: Farigiraf\n|-boost|p2a: Farigiraf|spa|1\n|-boost|p2a: Farigiraf|spd|1\n|\n|-weather|RainDance|[upkeep]\n|-sideend|p1: mamanjeje|move: Tailwind\n|upkeep\n|turn|5\n|inactive|mamanjeje has 30 seconds left.\n|\n|t:|1776272953\n|switch|p2b: Ampharos|Ampharos, L50, F|100/100\n|move|p1b: Pelipper|Weather Ball|p2b: Ampharos\n|-damage|p2b: Ampharos|60/100\n|move|p1a: Sinistcha|Stun Spore|p2a: Farigiraf\n|-status|p2a: Farigiraf|par\n|move|p2a: Farigiraf|Twin Beam|p1a: Sinistcha\n|-damage|p1a: Sinistcha|60/100\n|-damage|p1a: Sinistcha|17/100\n|-hitcount|p1a: Sinistcha|2\n|\n|-weather|none\n|-heal|p2b: Ampharos|66/100|[from] item: Leftovers\n|-end|p1a: Sinistcha|Throat Chop|[silent]\n|upkeep\n|turn|6\n|inactive|Ph4npy has 30 seconds left.\n|\n|t:|1776272981\n|move|p1b: Pelipper|Tailwind|p1b: Pelipper\n|-sidestart|p1: mamanjeje|move: Tailwind\n|move|p1a: Sinistcha|Matcha Gotcha|p2b: Ampharos|[spread] p2a,p2b\n|-damage|p2a: Farigiraf|72/100 par\n|-heal|p1a: Sinistcha|25/100|[from] drain|[of] p2a: Farigiraf\n|-damage|p2b: Ampharos|49/100\n|-heal|p1a: Sinistcha|35/100|[from] drain|[of] p2b: Ampharos\n|move|p2b: Ampharos|Electroweb|p1a: Sinistcha|[spread] p1a,p1b\n|-resisted|p1a: Sinistcha|1\n|-supereffective|p1b: Pelipper|2\n|-damage|p1a: Sinistcha|27/100\n|-damage|p1b: Pelipper|0 fnt\n|-unboost|p1a: Sinistcha|spe|1\n|faint|p1b: Pelipper\n|move|p2a: Farigiraf|Twin Beam|p1a: Sinistcha\n|-damage|p1a: Sinistcha|0 fnt\n|faint|p1a: Sinistcha\n|-hitcount|p1: Sinistcha|1\n|\n|-heal|p2b: Ampharos|55/100|[from] item: Leftovers\n|upkeep\n|\n|t:|1776273000\n|switch|p1b: Feraligatr|Feraligatr-Mega, L50, F|9/100\n|switch|p1a: Sneasler|Sneasler, L50, M|100/100\n|turn|7\n|\n|t:|1776273013\n|move|p1a: Sneasler|Fake Out|p2b: Ampharos\n|-damage|p2b: Ampharos|39/100\n|move|p1b: Feraligatr|Liquidation|p2a: Farigiraf\n|-damage|p2a: Farigiraf|8/100 par\n|-unboost|p2a: Farigiraf|def|1\n|-enditem|p2a: Farigiraf|Sitrus Berry|[eat]\n|-heal|p2a: Farigiraf|32/100 par|[from] item: Sitrus Berry\n|cant|p2b: Ampharos|flinch\n|move|p2a: Farigiraf|Twin Beam|p1a: Sneasler\n|-supereffective|p1a: Sneasler|2\n|-damage|p1a: Sneasler|0 fnt\n|faint|p1a: Sneasler\n|-hitcount|p1: Sneasler|1\n|\n|-heal|p2b: Ampharos|45/100|[from] item: Leftovers\n|upkeep\n|turn|8\n|\n|t:|1776273033\n|move|p1b: Feraligatr|Facade|p2b: Ampharos\n|-damage|p2b: Ampharos|0 fnt\n|faint|p2b: Ampharos\n|move|p2a: Farigiraf|Twin Beam|p1b: Feraligatr\n|-damage|p1b: Feraligatr|0 fnt\n|faint|p1b: Feraligatr\n|-hitcount|p1: Feraligatr|1\n|\n|win|Ph4npy\n|raw|mamanjeje's rating: 1000 &rarr; <strong>1000</strong><br />(+0 for losing)\n|raw|Ph4npy's rating: 1094 &rarr; <strong>1113</strong><br />(+19 for winning)\n|l|\u2606mamanjeje\n|player|p1|\n",
  "uploadtime": 1776273041,
  "views": 24,
  "formatid": "gen9championsvgc2026regma",
  "rating": 1000,
  "private": 0,
  "password": null
}