{
  "id": "gen9championsvgc2026regma-2589540565",
  "format": "[Gen 9 Champions] VGC 2026 Reg M-A",
  "players": [
    "Sjcivjtnsnsh",
    "Giuda"
  ],
  "log": "|j|\u2606Sjcivjtnsnsh\n|j|\u2606Giuda\n|t:|1776732347\n|gametype|doubles\n|player|p1|Sjcivjtnsnsh|101|1000\n|player|p2|Giuda|dawn|1079\n|gen|9\n|tier|[Gen 9 Champions] VGC 2026 Reg M-A\n|rated|\n|rule|Species Clause: Limit one of each Pok\u00e9mon\n|rule|Item Clause: Limit 1 of each item\n|clearpoke\n|poke|p1|Abomasnow, L50, M|\n|poke|p1|Vanilluxe, L50, F|\n|poke|p1|Mimikyu, L50, M|\n|poke|p1|Beartic, L50, M|\n|poke|p1|Arcanine, L50, F|\n|poke|p1|Hydrapple, L50, M|\n|poke|p2|Charizard, L50, M|\n|poke|p2|Venusaur, L50, M|\n|poke|p2|Garchomp, L50, M|\n|poke|p2|Whimsicott, L50, F|\n|poke|p2|Sneasler, L50, M|\n|poke|p2|Incineroar, L50, M|\n|teampreview|4\n|\n|t:|1776732383\n|teamsize|p1|4\n|teamsize|p2|4\n|start\n|switch|p1a: Mimikyu|Mimikyu, L50, M|100/100\n|switch|p1b: Vanilluxe|Vanilluxe, L50, F|100/100\n|switch|p2a: Charizard|Charizard, L50, M|100/100\n|switch|p2b: Incineroar|Incineroar, L50, M|100/100\n|-ability|p2b: Incineroar|Intimidate|boost\n|-unboost|p1a: Mimikyu|atk|1\n|-unboost|p1b: Vanilluxe|atk|1\n|turn|1\n|\n|t:|1776732404\n|switch|p1b: Arcanine|Arcanine, L50, F|100/100\n|detailschange|p2a: Charizard|Charizard-Mega-Y, L50, M\n|-mega|p2a: Charizard|Charizard|Charizardite Y\n|-weather|SunnyDay|[from] ability: Drought|[of] p2a: Charizard\n|move|p2b: Incineroar|Fake Out|p1b: Arcanine\n|-damage|p1b: Arcanine|83/100\n|move|p2a: Charizard|Heat Wave|p1b: Arcanine|[spread] p1a\n|-start|p1b: Arcanine|ability: Flash Fire\n|-activate|p1a: Mimikyu|ability: Disguise\n|-damage|p1a: Mimikyu|100/100\n|detailschange|p1a: Mimikyu|Mimikyu-Busted, L50, M\n|-damage|p1a: Mimikyu|88/100|[from] pokemon: Mimikyu-Busted\n|move|p1a: Mimikyu|Trick Room|p1a: Mimikyu\n|-fieldstart|move: Trick Room|[of] p1a: Mimikyu\n|\n|-weather|SunnyDay|[upkeep]\n|upkeep\n|turn|2\n|\n|t:|1776732446\n|switch|p1a: Abomasnow|Abomasnow, L50, M|100/100\n|-weather|Snowscape|[from] ability: Snow Warning|[of] p1a: Abomasnow\n|move|p2a: Charizard|Protect|p2a: Charizard\n|-singleturn|p2a: Charizard|Protect\n|move|p2b: Incineroar|Parting Shot|p1b: Arcanine\n|-unboost|p1b: Arcanine|atk|1\n|-unboost|p1b: Arcanine|spa|1\n|\n|t:|1776732457\n|switch|p2b: Sneasler|Sneasler, L50, M|100/100|[from] Parting Shot\n|move|p1b: Arcanine|Flare Blitz|p2a: Charizard\n|-activate|p2a: Charizard|move: Protect\n|\n|-weather|Snowscape|[upkeep]\n|upkeep\n|turn|3\n|\n|t:|1776732481\n|move|p1a: Abomasnow|Protect|p1a: Abomasnow\n|-singleturn|p1a: Abomasnow|Protect\n|move|p2b: Sneasler|Fake Out|p1b: Arcanine\n|-damage|p1b: Arcanine|67/100\n|move|p2a: Charizard|Heat Wave|p1b: Arcanine|[spread] \n|-activate|p1a: Abomasnow|move: Protect\n|-immune|p1b: Arcanine|[from] ability: Flash Fire\n|cant|p1b: Arcanine|flinch\n|\n|-weather|Snowscape|[upkeep]\n|upkeep\n|turn|4\n|\n|t:|1776732498\n|switch|p1a: Vanilluxe|Vanilluxe, L50, F|100/100\n|switch|p2a: Incineroar|Incineroar, L50, M|100/100\n|-ability|p2a: Incineroar|Intimidate|boost\n|-unboost|p1a: Vanilluxe|atk|1\n|-unboost|p1b: Arcanine|atk|1\n|move|p2b: Sneasler|Protect|p2b: Sneasler\n|-singleturn|p2b: Sneasler|Protect\n|move|p1b: Arcanine|Flare Blitz|p2b: Sneasler\n|-activate|p2b: Sneasler|move: Protect\n|\n|-weather|Snowscape|[upkeep]\n|upkeep\n|turn|5\n|\n|t:|1776732520\n|switch|p2b: Charizard|Charizard-Mega-Y, L50, M|100/100\n|-weather|SunnyDay|[from] ability: Drought|[of] p2b: Charizard\n|-end|p1b: Arcanine|ability: Flash Fire|[silent]\n|switch|p1b: Mimikyu|Mimikyu-Busted, L50, M|88/100\n|move|p2a: Incineroar|Flare Blitz|p1a: Vanilluxe\n|-supereffective|p1a: Vanilluxe|1\n|-damage|p1a: Vanilluxe|0 fnt\n|faint|p1a: Vanilluxe\n|-damage|p2a: Incineroar|71/100|[from] Recoil\n|\n|-weather|SunnyDay|[upkeep]\n|-fieldend|move: Trick Room\n|upkeep\n|\n|t:|1776732529\n|switch|p1a: Abomasnow|Abomasnow, L50, M|100/100\n|-weather|Snowscape|[from] ability: Snow Warning|[of] p1a: Abomasnow\n|turn|6\n|\n|t:|1776732547\n|switch|p1a: Arcanine|Arcanine, L50, F|67/100\n|move|p2b: Charizard|Heat Wave|p1a: Arcanine|[spread] p1b\n|-start|p1a: Arcanine|ability: Flash Fire\n|-damage|p1b: Mimikyu|27/100\n|move|p1b: Mimikyu|Play Rough|p2a: Incineroar\n|-damage|p2a: Incineroar|32/100\n|-unboost|p2a: Incineroar|atk|1\n|-enditem|p2a: Incineroar|Sitrus Berry|[eat]\n|-heal|p2a: Incineroar|57/100|[from] item: Sitrus Berry\n|move|p2a: Incineroar|Flare Blitz|p1b: Mimikyu|[miss]\n|-miss|p2a: Incineroar|p1b: Mimikyu\n|\n|-weather|Snowscape|[upkeep]\n|upkeep\n|turn|7\n|\n|t:|1776732577\n|move|p1b: Mimikyu|Shadow Sneak|p2b: Charizard\n|-damage|p2b: Charizard|75/100\n|move|p1a: Arcanine|Flare Blitz|p2b: Charizard\n|-resisted|p2b: Charizard|1\n|-damage|p2b: Charizard|6/100\n|-damage|p1a: Arcanine|48/100|[from] Recoil\n|move|p2b: Charizard|Heat Wave|p1b: Mimikyu|[spread] p1b\n|-immune|p1a: Arcanine|[from] ability: Flash Fire\n|-damage|p1b: Mimikyu|0 fnt\n|faint|p1b: Mimikyu\n|move|p2a: Incineroar|Parting Shot|p1a: Arcanine\n|-unboost|p1a: Arcanine|atk|1\n|-unboost|p1a: Arcanine|spa|1\n|\n|t:|1776732592\n|switch|p2a: Sneasler|Sneasler, L50, M|100/100|[from] Parting Shot\n|\n|-weather|Snowscape|[upkeep]\n|upkeep\n|\n|t:|1776732595\n|switch|p1b: Abomasnow|Abomasnow, L50, M|100/100\n|turn|8\n|\n|t:|1776732608\n|switch|p2b: Whimsicott|Whimsicott, L50, F|100/100\n|detailschange|p1b: Abomasnow|Abomasnow-Mega, L50, M\n|-mega|p1b: Abomasnow|Abomasnow|Abomasite\n|move|p2a: Sneasler|Fake Out|p1a: Arcanine\n|-damage|p1a: Arcanine|31/100\n|move|p1b: Abomasnow|Ice Shard|p2b: Whimsicott\n|-supereffective|p2b: Whimsicott|1\n|-damage|p2b: Whimsicott|51/100\n|cant|p1a: Arcanine|flinch\n|\n|-weather|Snowscape|[upkeep]\n|upkeep\n|turn|9\n|\n|t:|1776732636\n|move|p2b: Whimsicott|Encore|p1b: Abomasnow\n|-start|p1b: Abomasnow|Encore\n|move|p1b: Abomasnow|Ice Shard|p2a: Sneasler\n|-damage|p2a: Sneasler|75/100\n|move|p1a: Arcanine|Flare Blitz|p2a: Sneasler\n|-damage|p2a: Sneasler|0 fnt\n|faint|p2a: Sneasler\n|-damage|p1a: Arcanine|10/100|[from] Recoil\n|\n|-weather|Snowscape|[upkeep]\n|upkeep\n|\n|t:|1776732648\n|switch|p2a: Charizard|Charizard-Mega-Y, L50, M|6/100\n|-weather|SunnyDay|[from] ability: Drought|[of] p2a: Charizard\n|turn|10\n|\n|t:|1776732681\n|move|p2a: Charizard|Protect|p2a: Charizard\n|-singleturn|p2a: Charizard|Protect\n|move|p1b: Abomasnow|Ice Shard|p2a: Charizard\n|-activate|p2a: Charizard|move: Protect\n|move|p1a: Arcanine|Flare Blitz|p2b: Whimsicott\n|-supereffective|p2b: Whimsicott|1\n|-damage|p2b: Whimsicott|0 fnt\n|faint|p2b: Whimsicott\n|-damage|p1a: Arcanine|0 fnt|[from] Recoil\n|faint|p1a: Arcanine\n|\n|-weather|SunnyDay|[upkeep]\n|upkeep\n|\n|t:|1776732695\n|switch|p2b: Incineroar|Incineroar, L50, M|57/100\n|-ability|p2b: Incineroar|Intimidate|boost\n|-unboost|p1b: Abomasnow|atk|1\n|turn|11\n|\n|t:|1776732705\n|move|p2b: Incineroar|Fake Out|p1b: Abomasnow\n|-damage|p1b: Abomasnow|88/100\n|cant|p1b: Abomasnow|flinch\n|move|p2a: Charizard|Weather Ball|p1b: Abomasnow\n|-supereffective|p1b: Abomasnow|2\n|-damage|p1b: Abomasnow|0 fnt\n|faint|p1b: Abomasnow\n|\n|win|Giuda\n|raw|Sjcivjtnsnsh's rating: 1000 &rarr; <strong>1000</strong><br />(+0 for losing)\n|raw|Giuda's rating: 1079 &rarr; <strong>1101</strong><br />(+22 for winning)\n|l|\u2606Sjcivjtnsnsh\n|player|p1|\n|l|\u2606Giuda\n|player|p2|\n|j|\u2606Giuda\n|player|p2|Giuda|dawn|\n",
  "uploadtime": 1776732728,
  "views": 2,
  "formatid": "gen9championsvgc2026regma",
  "rating": 1000,
  "private": 0,
  "password": null
}