{
  "id": "gen9championsvgc2026regma-2582892089",
  "format": "[Gen 9 Champions] VGC 2026 Reg M-A",
  "players": [
    "ceci12331",
    "Emikuno"
  ],
  "log": "|j|\u2606ceci12331\n|j|\u2606Emikuno\n|t:|1776122584\n|gametype|doubles\n|player|p1|ceci12331|266|1052\n|player|p2|Emikuno|akari|1028\n|gen|9\n|tier|[Gen 9 Champions] VGC 2026 Reg M-A\n|rated|\n|rule|Species Clause: Limit one of each Pok\u00e9mon\n|rule|Item Clause: Limit 1 of each item\n|clearpoke\n|poke|p1|Serperior, L50, M|\n|poke|p1|Tyranitar, L50, F|\n|poke|p1|Garchomp, L50, F|\n|poke|p1|Raichu, L50, F|\n|poke|p1|Greninja-*, L50, F|\n|poke|p1|Incineroar, L50, F|\n|poke|p2|Sneasler, L50, M|\n|poke|p2|Whimsicott, L50, M|\n|poke|p2|Delphox, L50, F|\n|poke|p2|Incineroar, L50, M|\n|poke|p2|Garchomp, L50, F|\n|poke|p2|Orthworm, L50, M|\n|teampreview|4\n|inactive|Battle timer is ON: inactive players will automatically lose when time's up. (requested by Emikuno)\n|inactive|ceci12331 has 60 seconds left.\n|\n|t:|1776122621\n|teamsize|p1|4\n|teamsize|p2|4\n|start\n|switch|p1a: Greninja|Greninja, L50, F|100/100\n|switch|p1b: Raichu|Raichu, L50, F|100/100\n|switch|p2a: Garchomp|Garchomp, L50, F|100/100\n|switch|p2b: Orthworm|Orthworm, L50, M|100/100\n|turn|1\n|\n|t:|1776122637\n|detailschange|p1a: Greninja|Greninja-Mega, L50, F\n|-mega|p1a: Greninja|Greninja|Greninjite\n|move|p2a: Garchomp|Protect|p2a: Garchomp\n|-singleturn|p2a: Garchomp|Protect\n|move|p1b: Raichu|Fake Out|p2b: Orthworm\n|-resisted|p2b: Orthworm|1\n|-damage|p2b: Orthworm|98/100\n|move|p1a: Greninja|Ice Beam|p2a: Garchomp\n|-start|p1a: Greninja|typechange|Ice|[from] ability: Protean\n|-activate|p2a: Garchomp|move: Protect\n|cant|p2b: Orthworm|flinch\n|\n|upkeep\n|turn|2\n|inactive|ceci12331 has 30 seconds left.\n|inactive|Emikuno has 30 seconds left.\n|\n|t:|1776122680\n|switch|p2a: Incineroar|Incineroar, L50, M|100/100\n|-ability|p2a: Incineroar|Intimidate|boost\n|-unboost|p1a: Greninja|atk|1\n|-unboost|p1b: Raichu|atk|1\n|move|p1a: Greninja|Ice Beam|p2a: Incineroar\n|-resisted|p2a: Incineroar|1\n|-damage|p2a: Incineroar|80/100\n|move|p1b: Raichu|Nuzzle|p2b: Orthworm\n|-damage|p2b: Orthworm|94/100\n|-status|p2b: Orthworm|par\n|move|p2b: Orthworm|Shed Tail|p2b: Orthworm\n|-start|p2b: Orthworm|Substitute|[from] move: Shed Tail\n|-damage|p2b: Orthworm|44/100 par\n|\n|t:|1776122684\n|switch|p2b: Delphox|Delphox, L50, F|100/100|[from] Shed Tail\n|\n|-heal|p2a: Incineroar|86/100|[from] item: Leftovers\n|upkeep\n|turn|3\n|inactive|ceci12331 has 30 seconds left.\n|\n|t:|1776122710\n|detailschange|p2b: Delphox|Delphox-Mega, L50, F\n|-mega|p2b: Delphox|Delphox|Delphoxite\n|move|p2a: Incineroar|Fake Out|p1b: Raichu\n|-damage|p1b: Raichu|79/100\n|move|p1a: Greninja|Water Shuriken|p2a: Incineroar\n|-supereffective|p2a: Incineroar|1\n|-damage|p2a: Incineroar|76/100\n|-supereffective|p2a: Incineroar|1\n|-damage|p2a: Incineroar|66/100\n|-supereffective|p2a: Incineroar|1\n|-damage|p2a: Incineroar|56/100\n|-supereffective|p2a: Incineroar|1\n|-damage|p2a: Incineroar|48/100\n|-hitcount|p2a: Incineroar|4\n|move|p2b: Delphox|Flamethrower|p1b: Raichu\n|-damage|p1b: Raichu|9/100\n|cant|p1b: Raichu|flinch\n|\n|-heal|p2a: Incineroar|53/100|[from] item: Leftovers\n|upkeep\n|turn|4\n|inactive|ceci12331 has 30 seconds left.\n|inactive|Emikuno has 30 seconds left.\n|inactive|ceci12331 has 20 seconds left.\n|inactive|Emikuno has 20 seconds left.\n|inactive|Emikuno has 15 seconds left.\n|inactive|Emikuno has 10 seconds left.\n|\n|t:|1776122762\n|switch|p1a: Incineroar|Incineroar, L50, F|100/100\n|-ability|p1a: Incineroar|Intimidate|boost\n|-unboost|p2a: Incineroar|atk|1\n|-immune|p2b: Delphox\n|move|p2b: Delphox|Flamethrower|p1a: Incineroar\n|-resisted|p1a: Incineroar|1\n|-damage|p1a: Incineroar|79/100\n|move|p1b: Raichu|Volt Switch|p2b: Delphox\n|-activate|p2b: Delphox|move: Substitute|[damage]\n|\n|t:|1776122775\n|switch|p1b: Greninja|Greninja-Mega, L50, F|100/100|[from] Volt Switch\n|move|p2a: Incineroar|Throat Chop|p1b: Greninja\n|-resisted|p1b: Greninja|1\n|-damage|p1b: Greninja|84/100\n|-start|p1b: Greninja|Throat Chop|[silent]\n|\n|-heal|p2a: Incineroar|59/100|[from] item: Leftovers\n|upkeep\n|turn|5\n|\n|t:|1776122797\n|move|p2b: Delphox|Protect|p2b: Delphox\n|-singleturn|p2b: Delphox|Protect\n|move|p1a: Incineroar|Fake Out|p2a: Incineroar\n|-damage|p2a: Incineroar|51/100\n|move|p1b: Greninja|Water Shuriken|p2b: Delphox\n|-start|p1b: Greninja|typechange|Water|[from] ability: Protean\n|-activate|p2b: Delphox|move: Protect\n|cant|p2a: Incineroar|flinch\n|\n|-heal|p2a: Incineroar|57/100|[from] item: Leftovers\n|-end|p1b: Greninja|Throat Chop|[silent]\n|upkeep\n|turn|6\n|inactive|Emikuno has 30 seconds left.\n|\n|t:|1776122827\n|move|p1a: Incineroar|Protect|p1a: Incineroar\n|-singleturn|p1a: Incineroar|Protect\n|move|p1b: Greninja|Water Shuriken|p2b: Delphox\n|-supereffective|p2b: Delphox|1\n|-end|p2b: Delphox|Substitute\n|-supereffective|p2b: Delphox|1\n|-damage|p2b: Delphox|83/100\n|-hitcount|p2b: Delphox|2\n|move|p2b: Delphox|Psychic|p1b: Greninja\n|-damage|p1b: Greninja|10/100\n|move|p2a: Incineroar|Parting Shot|p1b: Greninja\n|-unboost|p1b: Greninja|atk|1\n|-unboost|p1b: Greninja|spa|1\n|\n|t:|1776122851\n|switch|p2a: Garchomp|Garchomp, L50, F|100/100|[from] Parting Shot\n|\n|upkeep\n|turn|7\n|\n|t:|1776122868\n|move|p2b: Delphox|Protect|p2b: Delphox\n|-singleturn|p2b: Delphox|Protect\n|move|p1b: Greninja|Ice Beam|p2a: Garchomp\n|-supereffective|p2a: Garchomp|2\n|-damage|p2a: Garchomp|1/100\n|-enditem|p2a: Garchomp|Sitrus Berry|[eat]\n|-heal|p2a: Garchomp|26/100|[from] item: Sitrus Berry\n|move|p2a: Garchomp|Earthquake|p1a: Incineroar|[spread] p1a,p1b\n|-activate|p2b: Delphox|move: Protect\n|-supereffective|p1a: Incineroar|1\n|-damage|p1a: Incineroar|19/100\n|-damage|p1b: Greninja|0 fnt\n|faint|p1b: Greninja\n|move|p1a: Incineroar|Parting Shot|p2b: Delphox\n|-activate|p2b: Delphox|move: Protect\n|\n|upkeep\n|\n|t:|1776122886\n|switch|p1b: Raichu|Raichu, L50, F|9/100\n|turn|8\n|\n|t:|1776122895\n|switch|p1a: Serperior|Serperior, L50, M|100/100\n|move|p2a: Garchomp|Protect|p2a: Garchomp\n|-singleturn|p2a: Garchomp|Protect\n|move|p1b: Raichu|Fake Out|p2b: Delphox\n|-damage|p2b: Delphox|72/100\n|cant|p2b: Delphox|flinch\n|\n|upkeep\n|turn|9\n|\n|t:|1776122913\n|move|p2b: Delphox|Flamethrower|p1a: Serperior\n|-supereffective|p1a: Serperior|1\n|-damage|p1a: Serperior|0 fnt\n|faint|p1a: Serperior\n|move|p1b: Raichu|Endeavor|p2a: Garchomp\n|-damage|p2a: Garchomp|7/100\n|move|p2a: Garchomp|Earthquake|p1b: Raichu|[spread] p1b\n|-immune|p2b: Delphox|[from] ability: Levitate\n|-supereffective|p1b: Raichu|1\n|-damage|p1b: Raichu|0 fnt\n|faint|p1b: Raichu\n|\n|upkeep\n|-message|ceci12331 forfeited.\n|\n|win|Emikuno\n|raw|ceci12331's rating: 1052 &rarr; <strong>1033</strong><br />(-19 for losing)\n|raw|Emikuno's rating: 1028 &rarr; <strong>1066</strong><br />(+38 for winning)\n|l|\u2606ceci12331\n|player|p1|\n",
  "uploadtime": 1776122929,
  "views": 18,
  "formatid": "gen9championsvgc2026regma",
  "rating": 1033,
  "private": 0,
  "password": null
}