{
  "id": "gen9championsvgc2026regma-2583579801",
  "format": "[Gen 9 Champions] VGC 2026 Reg M-A",
  "players": [
    "hagrid69",
    "davvo.wav"
  ],
  "log": "|j|\u2606hagrid69\n|j|\u2606davvo.wav\n|t:|1776184542\n|gametype|doubles\n|player|p1|hagrid69|265|1108\n|player|p2|davvo.wav|170|1178\n|gen|9\n|tier|[Gen 9 Champions] VGC 2026 Reg M-A\n|rated|\n|rule|Species Clause: Limit one of each Pok\u00e9mon\n|rule|Item Clause: Limit 1 of each item\n|clearpoke\n|poke|p1|Floette-Eternal, L50, F|\n|poke|p1|Aerodactyl, L50, M|\n|poke|p1|Sneasler, L50, M|\n|poke|p1|Incineroar, L50, M|\n|poke|p1|Sinistcha, L50|\n|poke|p1|Primarina, L50, M|\n|poke|p2|Aegislash, L50, M|\n|poke|p2|Milotic, L50, F|\n|poke|p2|Kommo-o, L50, M|\n|poke|p2|Aerodactyl, L50, M|\n|poke|p2|Glimmora, L50, M|\n|poke|p2|Tinkaton, L50, F|\n|teampreview|4\ndavvo.wav has agreed to open team sheets.\n|\n|t:|1776184577\n|teamsize|p1|4\n|teamsize|p2|4\n|start\n|switch|p1a: Aerodactyl|Aerodactyl, L50, M|100/100\n|switch|p1b: Incineroar|Incineroar, L50, M|100/100\n|switch|p2a: Glimmora|Glimmora, L50, M|100/100\n|switch|p2b: Tinkaton|Tinkaton, L50, F|100/100\n|-ability|p1b: Incineroar|Intimidate|boost\n|-unboost|p2a: Glimmora|atk|1\n|-fail|p2b: Tinkaton|unboost|Attack|[from] ability: Own Tempo|[of] p2b: Tinkaton\n|turn|1\n|inactive|Battle timer is ON: inactive players will automatically lose when time's up. (requested by hagrid69)\n|\n|t:|1776184602\n|move|p2b: Tinkaton|Fake Out|p1a: Aerodactyl\n|-resisted|p1a: Aerodactyl|1\n|-damage|p1a: Aerodactyl|92/100\n|cant|p1a: Aerodactyl|flinch\n|move|p2a: Glimmora|Power Gem|p1a: Aerodactyl\n|-supereffective|p1a: Aerodactyl|1\n|-damage|p1a: Aerodactyl|0 fnt\n|faint|p1a: Aerodactyl\n|move|p1b: Incineroar|Parting Shot|p2a: Glimmora\n|-unboost|p2a: Glimmora|atk|1\n|-unboost|p2a: Glimmora|spa|1\n|\n|t:|1776184615\n|switch|p1b: Sinistcha|Sinistcha, L50|100/100|[from] Parting Shot\n|\n|upkeep\n|\n|t:|1776184619\n|switch|p1a: Floette|Floette-Eternal, L50, F|100/100\n|turn|2\n|\n|t:|1776184634\n|detailschange|p2a: Glimmora|Glimmora-Mega, L50, M\n|-mega|p2a: Glimmora|Glimmora|Glimmoranite\n|move|p1a: Floette|Protect|p1a: Floette\n|-singleturn|p1a: Floette|Protect\n|move|p2a: Glimmora|Sludge Wave|p1b: Sinistcha|[spread] p1b\n|-activate|p1a: Floette|move: Protect\n|-immune|p2b: Tinkaton\n|-damage|p1b: Sinistcha|58/100\n|move|p2b: Tinkaton|Gigaton Hammer|p1a: Floette\n|-activate|p1a: Floette|move: Protect\n|move|p1b: Sinistcha|Strength Sap|p2b: Tinkaton\n|-unboost|p2b: Tinkaton|atk|1\n|-heal|p1b: Sinistcha|100/100\n|\n|upkeep\n|turn|3\n|inactive|hagrid69 has 30 seconds left.\n|\n|t:|1776184663\n|switch|p1a: Incineroar|Incineroar, L50, M|100/100\n|-ability|p1a: Incineroar|Intimidate|boost\n|-unboost|p2a: Glimmora|atk|1\n|-fail|p2b: Tinkaton|unboost|Attack|[from] ability: Own Tempo|[of] p2b: Tinkaton\n|move|p2b: Tinkaton|Helping Hand|p2a: Glimmora\n|-singleturn|p2a: Glimmora|Helping Hand|[of] p2b: Tinkaton\n|move|p2a: Glimmora|Sludge Wave|p1b: Sinistcha|[spread] p1a,p1b\n|-immune|p2b: Tinkaton\n|-damage|p1a: Incineroar|61/100\n|-damage|p1b: Sinistcha|42/100\n|-enditem|p1b: Sinistcha|Sitrus Berry|[eat]\n|-heal|p1b: Sinistcha|67/100|[from] item: Sitrus Berry\n|move|p1b: Sinistcha|Strength Sap|p2b: Tinkaton\n|-unboost|p2b: Tinkaton|atk|1\n|-heal|p1b: Sinistcha|100/100\n|\n|-heal|p1a: Incineroar|67/100|[from] item: Leftovers\n|upkeep\n|turn|4\n|\n|t:|1776184686\n|switch|p2b: Milotic|Milotic, L50, F|100/100\n|move|p2a: Glimmora|Spiky Shield|p2a: Glimmora\n|-singleturn|p2a: Glimmora|move: Protect\n|move|p1b: Sinistcha|Rage Powder|p1b: Sinistcha\n|-singleturn|p1b: Sinistcha|move: Rage Powder\n|move|p1a: Incineroar|Parting Shot|p2a: Glimmora\n|-activate|p2a: Glimmora|move: Protect\n|\n|-heal|p1a: Incineroar|73/100|[from] item: Leftovers\n|upkeep\n|turn|5\n|\n|t:|1776184706\n|switch|p2a: Tinkaton|Tinkaton, L50, F|100/100\n|move|p1b: Sinistcha|Rage Powder|p1b: Sinistcha\n|-singleturn|p1b: Sinistcha|move: Rage Powder\n|move|p2b: Milotic|Scald|p1b: Sinistcha\n|-resisted|p1b: Sinistcha|1\n|-damage|p1b: Sinistcha|84/100\n|-status|p1b: Sinistcha|brn\n|move|p1a: Incineroar|Parting Shot|p2a: Tinkaton\n|-unboost|p2a: Tinkaton|atk|1\n|-unboost|p2a: Tinkaton|spa|1\n|\n|t:|1776184717\n|switch|p1a: Floette|Floette-Eternal, L50, F|100/100|[from] Parting Shot\n|\n|-damage|p1b: Sinistcha|78/100 brn|[from] brn\n|upkeep\n|turn|6\n|\n|t:|1776184728\n|switch|p2b: Glimmora|Glimmora-Mega, L50, M|100/100\n|move|p1a: Floette|Protect|p1a: Floette\n|-singleturn|p1a: Floette|Protect\n|move|p2a: Tinkaton|Fake Out|p1a: Floette\n|-activate|p1a: Floette|move: Protect\n|move|p1b: Sinistcha|Strength Sap|p2a: Tinkaton\n|-unboost|p2a: Tinkaton|atk|1\n|-heal|p1b: Sinistcha|100/100 brn\n|\n|-damage|p1b: Sinistcha|94/100 brn|[from] brn\n|upkeep\n|turn|7\n|\n|t:|1776184749\n|detailschange|p1a: Floette|Floette-Mega, L50, F\n|-mega|p1a: Floette|Floette|Floettite\n|-ability|p1a: Floette|Fairy Aura\n|move|p2a: Tinkaton|Helping Hand|p2b: Glimmora\n|-singleturn|p2b: Glimmora|Helping Hand|[of] p2a: Tinkaton\n|move|p1b: Sinistcha|Rage Powder|p1b: Sinistcha\n|-singleturn|p1b: Sinistcha|move: Rage Powder\n|move|p2b: Glimmora|Sludge Wave|p1a: Floette|[spread] p1a,p1b\n|-immune|p2a: Tinkaton\n|-supereffective|p1a: Floette|1\n|-damage|p1a: Floette|0 fnt\n|-damage|p1b: Sinistcha|7/100 brn\n|faint|p1a: Floette\n|\n|-damage|p1b: Sinistcha|0 fnt|[from] brn\n|faint|p1b: Sinistcha\n|upkeep\n|-message|hagrid69 forfeited.\n|\n|win|davvo.wav\n|raw|hagrid69's rating: 1108 &rarr; <strong>1088</strong><br />(-20 for losing)\n|raw|davvo.wav's rating: 1178 &rarr; <strong>1198</strong><br />(+20 for winning)\n|l|\u2606hagrid69\n|player|p1|\n",
  "uploadtime": 1776184833,
  "views": 15,
  "formatid": "gen9championsvgc2026regma",
  "rating": 1088,
  "private": 0,
  "password": null
}