{
  "id": "gen9championsvgc2026regma-2583004436",
  "format": "[Gen 9 Champions] VGC 2026 Reg M-A",
  "players": [
    "Trick Room Tristan",
    "AmagicBlap"
  ],
  "log": "|j|\u2606Trick Room Tristan\n|j|\u2606AmagicBlap\n|t:|1776132551\n|gametype|doubles\n|player|p1|Trick Room Tristan|caitlin-masters|1126\n|player|p2|AmagicBlap|169|1047\n|gen|9\n|tier|[Gen 9 Champions] VGC 2026 Reg M-A\n|rated|\n|rule|Species Clause: Limit one of each Pok\u00e9mon\n|rule|Item Clause: Limit 1 of each item\n|clearpoke\n|poke|p1|Crabominable, L50, F|\n|poke|p1|Abomasnow, L50, M|\n|poke|p1|Farigiraf, L50, F|\n|poke|p1|Incineroar, L50, M|\n|poke|p1|Torkoal, L50, M|\n|poke|p1|Hatterene, L50, F|\n|poke|p2|Delphox, L50, M|\n|poke|p2|Kingambit, L50, F|\n|poke|p2|Sneasler, L50, F|\n|poke|p2|Basculegion, L50, M|\n|poke|p2|Meganium, L50, M|\n|poke|p2|Aerodactyl, L50, M|\n|teampreview|4\n|inactive|Battle timer is ON: inactive players will automatically lose when time's up. (requested by Trick Room Tristan)\n|inactive|AmagicBlap has 60 seconds left.\n|\n|t:|1776132583\n|teamsize|p1|4\n|teamsize|p2|4\n|start\n|switch|p1a: Incineroar|Incineroar, L50, M, shiny|100/100\n|switch|p1b: Farigiraf|Farigiraf, L50, F, shiny|100/100\n|switch|p2a: Delphox|Delphox, L50, M|100/100\n|switch|p2b: Aerodactyl|Aerodactyl, L50, M|100/100\n|-ability|p2b: Aerodactyl|Unnerve\n|-ability|p1a: Incineroar|Intimidate|boost\n|-unboost|p2a: Delphox|atk|1\n|-unboost|p2b: Aerodactyl|atk|1\n|turn|1\n|\n|t:|1776132601\n|move|p2a: Delphox|Protect|p2a: Delphox\n|-singleturn|p2a: Delphox|Protect\n|move|p1a: Incineroar|Fake Out|p2a: Delphox\n|-activate|p2a: Delphox|move: Protect\n|move|p2b: Aerodactyl|Tailwind|p2b: Aerodactyl\n|-sidestart|p2: AmagicBlap|move: Tailwind\n|move|p1b: Farigiraf|Trick Room|p1b: Farigiraf\n|-fieldstart|move: Trick Room|[of] p1b: Farigiraf\n|\n|upkeep\n|turn|2\n|inactive|AmagicBlap has 30 seconds left.\n|\n|t:|1776132631\n|switch|p2a: Sneasler|Sneasler, L50, F|100/100\n|move|p1b: Farigiraf|Helping Hand|p1a: Incineroar\n|-singleturn|p1a: Incineroar|Helping Hand|[of] p1b: Farigiraf\n|move|p1a: Incineroar|Throat Chop|p2a: Sneasler\n|-resisted|p2a: Sneasler|1\n|-damage|p2a: Sneasler|50/100\n|-start|p2a: Sneasler|Throat Chop|[silent]\n|move|p2b: Aerodactyl|Rock Slide|p1b: Farigiraf|[spread] p1a,p1b\n|-supereffective|p1a: Incineroar|1\n|-damage|p1a: Incineroar|74/100\n|-damage|p1b: Farigiraf|92/100\n|\n|upkeep\n|turn|3\n|\n|t:|1776132650\n|move|p2a: Sneasler|Protect|p2a: Sneasler\n|-singleturn|p2a: Sneasler|Protect\n|move|p1a: Incineroar|Parting Shot|p2b: Aerodactyl\n|-unboost|p2b: Aerodactyl|atk|1\n|-unboost|p2b: Aerodactyl|spa|1\n|\n|t:|1776132655\n|switch|p1a: Abomasnow|Abomasnow, L50, M|100/100|[from] Parting Shot\n|-weather|Snowscape|[from] ability: Snow Warning|[of] p1a: Abomasnow\n|move|p1b: Farigiraf|Psychic|p2a: Sneasler\n|-activate|p2a: Sneasler|move: Protect\n|move|p2b: Aerodactyl|Rock Slide|p1b: Farigiraf|[spread] p1a,p1b\n|-supereffective|p1a: Abomasnow|1\n|-damage|p1a: Abomasnow|82/100\n|-damage|p1b: Farigiraf|85/100\n|\n|-weather|Snowscape|[upkeep]\n|-end|p2a: Sneasler|Throat Chop|[silent]\n|upkeep\n|turn|4\n|inactive|Trick Room Tristan has 30 seconds left.\n|\n|t:|1776132680\n|detailschange|p1a: Abomasnow|Abomasnow-Mega, L50, M\n|-mega|p1a: Abomasnow|Abomasnow|Abomasite\n|move|p1a: Abomasnow|Aurora Veil|p1a: Abomasnow\n|-sidestart|p1: Trick Room Tristan|move: Aurora Veil\n|move|p1b: Farigiraf|Psychic|p2a: Sneasler\n|-supereffective|p2a: Sneasler|2\n|-damage|p2a: Sneasler|0 fnt\n|faint|p2a: Sneasler\n|move|p2b: Aerodactyl|Dual Wingbeat|p1a: Abomasnow\n|-supereffective|p1a: Abomasnow|1\n|-damage|p1a: Abomasnow|76/100\n|-supereffective|p1a: Abomasnow|1\n|-damage|p1a: Abomasnow|70/100\n|-hitcount|p1a: Abomasnow|2\n|\n|-weather|Snowscape|[upkeep]\n|-sideend|p2: AmagicBlap|move: Tailwind\n|upkeep\n|\n|t:|1776132700\n|switch|p2a: Basculegion|Basculegion, L50, M|100/100\n|turn|5\n|inactive|Trick Room Tristan has 30 seconds left.\n|inactive|Trick Room Tristan has 20 seconds left.\n|inactive|Trick Room Tristan has 15 seconds left.\n|\n|t:|1776132741\n|switch|p1b: Crabominable|Crabominable, L50, F|100/100\n|move|p1a: Abomasnow|Frost Breath|p1b: Crabominable\n|-resisted|p1b: Crabominable|1\n|-crit|p1b: Crabominable\n|-damage|p1b: Crabominable|81/100\n|-setboost|p1b: Crabominable|atk|6|[from] ability: Anger Point\n|move|p2b: Aerodactyl|Dual Wingbeat|p1a: Abomasnow\n|-supereffective|p1a: Abomasnow|1\n|-damage|p1a: Abomasnow|64/100\n|-supereffective|p1a: Abomasnow|1\n|-damage|p1a: Abomasnow|58/100\n|-hitcount|p1a: Abomasnow|2\n|move|p2a: Basculegion|Flip Turn|p1b: Crabominable\n|-damage|p1b: Crabominable|63/100\n|\n|t:|1776132756\n|switch|p2a: Delphox|Delphox, L50, M|100/100|[from] Flip Turn\n|\n|-weather|Snowscape|[upkeep]\n|-fieldend|move: Trick Room\n|upkeep\n|turn|6\n|\n|t:|1776132769\n|detailschange|p2a: Delphox|Delphox-Mega, L50, M\n|-mega|p2a: Delphox|Delphox|Delphoxite\n|move|p1a: Abomasnow|Helping Hand|p1b: Crabominable\n|-singleturn|p1b: Crabominable|Helping Hand|[of] p1a: Abomasnow\n|move|p1b: Crabominable|Mach Punch|p2a: Delphox\n|-resisted|p2a: Delphox|1\n|-damage|p2a: Delphox|27/100\n|move|p2a: Delphox|Heat Wave|p1b: Crabominable|[spread] p1b\n|-miss|p2a: Delphox|p1a: Abomasnow\n|-supereffective|p1b: Crabominable|1\n|-damage|p1b: Crabominable|9/100\n|move|p2b: Aerodactyl|Dual Wingbeat|p1a: Abomasnow\n|-supereffective|p1a: Abomasnow|1\n|-damage|p1a: Abomasnow|52/100\n|-supereffective|p1a: Abomasnow|1\n|-damage|p1a: Abomasnow|47/100\n|-hitcount|p1a: Abomasnow|2\n|\n|-weather|Snowscape|[upkeep]\n|upkeep\n|turn|7\n|inactive|Trick Room Tristan has 30 seconds left.\n|\n|t:|1776132800\n|move|p1a: Abomasnow|Helping Hand|p1b: Crabominable\n|-singleturn|p1b: Crabominable|Helping Hand|[of] p1a: Abomasnow\n|move|p2a: Delphox|Protect|p2a: Delphox\n|-singleturn|p2a: Delphox|Protect\n|move|p1b: Crabominable|Mach Punch|p2b: Aerodactyl\n|-enditem|p2b: Aerodactyl|Focus Sash\n|-damage|p2b: Aerodactyl|1/100\n|move|p2b: Aerodactyl|Tailwind|p2b: Aerodactyl\n|-sidestart|p2: AmagicBlap|move: Tailwind\n|\n|-weather|none\n|upkeep\n|turn|8\n|\n|t:|1776132821\n|move|p1b: Crabominable|Mach Punch|p2b: Aerodactyl\n|-damage|p2b: Aerodactyl|0 fnt\n|-enditem|p1b: Crabominable|Sitrus Berry|[eat]\n|-heal|p1b: Crabominable|34/100|[from] item: Sitrus Berry\n|faint|p2b: Aerodactyl\n|move|p2a: Delphox|Heat Wave|p1a: Abomasnow|[spread] p1a,p1b\n|-supereffective|p1a: Abomasnow|2\n|-supereffective|p1b: Crabominable|1\n|-damage|p1a: Abomasnow|0 fnt\n|-damage|p1b: Crabominable|0 fnt\n|faint|p1a: Abomasnow\n|faint|p1b: Crabominable\n|\n|-sideend|p1: Trick Room Tristan|move: Aurora Veil\n|upkeep\n|\n|t:|1776132834\n|switch|p2b: Basculegion|Basculegion, L50, M|100/100\n|switch|p1b: Farigiraf|Farigiraf, L50, F, shiny|85/100\n|switch|p1a: Incineroar|Incineroar, L50, M, shiny|74/100\n|-ability|p1a: Incineroar|Intimidate|boost\n|-unboost|p2a: Delphox|atk|1\n|-unboost|p2b: Basculegion|atk|1\n|turn|9\n|\n|t:|1776132855\n|move|p1a: Incineroar|Fake Out|p2a: Delphox\n|-damage|p2a: Delphox|8/100\n|move|p2b: Basculegion|Wave Crash|p1a: Incineroar\n|-supereffective|p1a: Incineroar|1\n|-damage|p1a: Incineroar|0 fnt\n|faint|p1a: Incineroar\n|-damage|p2b: Basculegion|75/100|[from] Recoil\n|cant|p2a: Delphox|flinch\n|move|p1b: Farigiraf|Trick Room|p1b: Farigiraf\n|-fieldstart|move: Trick Room|[of] p1b: Farigiraf\n|\n|upkeep\n|turn|10\n|\n|t:|1776132877\n|move|p2a: Delphox|Protect|p2a: Delphox\n|-singleturn|p2a: Delphox|Protect\n|move|p1b: Farigiraf|Psychic|p2b: Basculegion\n|-damage|p2b: Basculegion|35/100\n|move|p2b: Basculegion|Wave Crash|p1b: Farigiraf\n|-damage|p1b: Farigiraf|50/100\n|-damage|p2b: Basculegion|22/100|[from] Recoil\n|\n|-sideend|p2: AmagicBlap|move: Tailwind\n|upkeep\n|turn|11\n|\n|t:|1776132890\n|move|p1b: Farigiraf|Psychic|p2a: Delphox\n|-resisted|p2a: Delphox|1\n|-damage|p2a: Delphox|0 fnt\n|faint|p2a: Delphox\n|move|p2b: Basculegion|Wave Crash|p1b: Farigiraf\n|-damage|p1b: Farigiraf|15/100\n|-damage|p2b: Basculegion|9/100|[from] Recoil\n|\n|upkeep\n|turn|12\n|\n|t:|1776132899\n|move|p1b: Farigiraf|Psychic|p2b: Basculegion\n|-damage|p2b: Basculegion|0 fnt\n|faint|p2b: Basculegion\n|\n|win|Trick Room Tristan\n|raw|Trick Room Tristan's rating: 1126 &rarr; <strong>1145</strong><br />(+19 for winning)\n|raw|AmagicBlap's rating: 1047 &rarr; <strong>1034</strong><br />(-13 for losing)\n",
  "uploadtime": 1776132909,
  "views": 25,
  "formatid": "gen9championsvgc2026regma",
  "rating": 1034,
  "private": 0,
  "password": null
}