{
  "id": "gen9championsvgc2026regma-2584043156",
  "format": "[Gen 9 Champions] VGC 2026 Reg M-A",
  "players": [
    "olejdn the ancient",
    "Poppis10"
  ],
  "log": "|j|\u2606olejdn the ancient\n|j|\u2606Poppis10\n|t:|1776219530\n|gametype|doubles\n|player|p1|olejdn the ancient|rood|1098\n|player|p2|Poppis10|102|1183\n|gen|9\n|tier|[Gen 9 Champions] VGC 2026 Reg M-A\n|rated|\n|rule|Species Clause: Limit one of each Pok\u00e9mon\n|rule|Item Clause: Limit 1 of each item\n|clearpoke\n|poke|p1|Gardevoir, L50, M|\n|poke|p1|Farigiraf, L50, M|\n|poke|p1|Corviknight, L50, M|\n|poke|p1|Garchomp, L50, F|\n|poke|p1|Incineroar, L50, M|\n|poke|p1|Rotom-Wash, L50|\n|poke|p2|Aegislash, L50, F|\n|poke|p2|Blastoise, L50, F|\n|poke|p2|Incineroar, L50, F|\n|poke|p2|Sinistcha, L50|\n|poke|p2|Garchomp, L50, M|\n|poke|p2|Raichu, L50, M|\n|teampreview|4\n|\n|t:|1776219566\n|teamsize|p1|4\n|teamsize|p2|4\n|start\n|switch|p1a: Incineroar|Incineroar, L50, M|100/100\n|switch|p1b: Rotom|Rotom-Wash, L50|100/100\n|switch|p2a: Blastoise|Blastoise, L50, F|100/100\n|switch|p2b: Incineroar|Incineroar, L50, F|100/100\n|-ability|p1a: Incineroar|Intimidate|boost\n|-unboost|p2a: Blastoise|atk|1\n|-unboost|p2b: Incineroar|atk|1\n|-ability|p2b: Incineroar|Intimidate|boost\n|-unboost|p1a: Incineroar|atk|1\n|-unboost|p1b: Rotom|atk|1\n|turn|1\n|\n|t:|1776219584\n|detailschange|p2a: Blastoise|Blastoise-Mega, L50, F\n|-mega|p2a: Blastoise|Blastoise|Blastoisinite\n|move|p2a: Blastoise|Protect|p2a: Blastoise\n|-singleturn|p2a: Blastoise|Protect\n|move|p1a: Incineroar|Fake Out|p2a: Blastoise\n|-activate|p2a: Blastoise|move: Protect\n|move|p2b: Incineroar|Fake Out|p1b: Rotom\n|-damage|p1b: Rotom|91/100\n|cant|p1b: Rotom|flinch\n|\n|-heal|p1b: Rotom|96/100|[from] item: Leftovers\n|upkeep\n|turn|2\n|\n|t:|1776219610\n|move|p1b: Rotom|Volt Switch|p2a: Blastoise\n|-supereffective|p2a: Blastoise|1\n|-damage|p2a: Blastoise|42/100\n|\n|t:|1776219615\n|switch|p1b: Farigiraf|Farigiraf, L50, M|100/100|[from] Volt Switch\n|move|p2a: Blastoise|Aura Sphere|p1b: Farigiraf\n|-damage|p1b: Farigiraf|55/100\n|move|p1a: Incineroar|Parting Shot|p2a: Blastoise\n|-unboost|p2a: Blastoise|atk|1\n|-unboost|p2a: Blastoise|spa|1\n|\n|t:|1776219627\n|switch|p1a: Rotom|Rotom-Wash, L50|96/100|[from] Parting Shot\n|move|p2b: Incineroar|Darkest Lariat|p1b: Farigiraf\n|-supereffective|p1b: Farigiraf|1\n|-damage|p1b: Farigiraf|13/100\n|\n|-heal|p1a: Rotom|100/100|[from] item: Leftovers\n|upkeep\n|turn|3\n|\n|t:|1776219644\n|switch|p2a: Aegislash|Aegislash, L50, F|100/100\n|switch|p1b: Incineroar|Incineroar, L50, M|100/100\n|-ability|p1b: Incineroar|Intimidate|boost\n|-unboost|p2a: Aegislash|atk|1\n|-unboost|p2b: Incineroar|atk|1\n|move|p1a: Rotom|Volt Switch|p2a: Aegislash\n|-damage|p2a: Aegislash|73/100\n|\n|t:|1776219656\n|switch|p1a: Farigiraf|Farigiraf, L50, M|13/100|[from] Volt Switch\n|move|p2b: Incineroar|Darkest Lariat|p1b: Incineroar\n|-resisted|p1b: Incineroar|1\n|-damage|p1b: Incineroar|93/100\n|\n|upkeep\n|turn|4\n|\n|t:|1776219681\n|switch|p2b: Sinistcha|Sinistcha, L50|100/100\n|-heal|p2a: Aegislash|98/100|[from] ability: Hospitality|[of] p2b: Sinistcha\n|move|p1b: Incineroar|Fake Out|p2b: Sinistcha\n|-immune|p2b: Sinistcha\n|move|p2a: Aegislash|Swords Dance|p2a: Aegislash\n|-boost|p2a: Aegislash|atk|2\n|move|p1a: Farigiraf|Trick Room|p1a: Farigiraf\n|-fieldstart|move: Trick Room|[of] p1a: Farigiraf\n|\n|upkeep\n|turn|5\n|\n|t:|1776219705\n|move|p1a: Farigiraf|Protect|p1a: Farigiraf\n|-singleturn|p1a: Farigiraf|Protect\n|move|p2a: Aegislash|King's Shield|p2a: Aegislash\n|-singleturn|p2a: Aegislash|Protect\n|move|p1b: Incineroar|Parting Shot|p2a: Aegislash\n|-unboost|p2a: Aegislash|atk|1\n|-unboost|p2a: Aegislash|spa|1\n|\n|t:|1776219710\n|switch|p1b: Diana|Gardevoir, L50, M, shiny|100/100|[from] Parting Shot\n|move|p2b: Sinistcha|Matcha Gotcha|p1b: Diana|[spread] p1b\n|-activate|p1a: Farigiraf|move: Protect\n|-damage|p1b: Diana|78/100\n|\n|upkeep\n|turn|6\n|\n|t:|1776219736\n|switch|p1a: Incineroar|Incineroar, L50, M|93/100\n|-ability|p1a: Incineroar|Intimidate|boost\n|-unboost|p2a: Aegislash|atk|1\n|-unboost|p2b: Sinistcha|atk|1\n|detailschange|p1b: Diana|Gardevoir-Mega, L50, M, shiny\n|-mega|p1b: Diana|Gardevoir|Gardevoirite\n|move|p1b: Diana|Protect|p1b: Diana\n|-singleturn|p1b: Diana|Protect\n|-formechange|p2a: Aegislash|Aegislash-Blade|\n|move|p2a: Aegislash|Iron Head|p1b: Diana\n|-activate|p1b: Diana|move: Protect\n|move|p2b: Sinistcha|Matcha Gotcha|p1b: Diana|[spread] p1a\n|-activate|p1b: Diana|move: Protect\n|-resisted|p1a: Incineroar|1\n|-damage|p1a: Incineroar|83/100\n|\n|upkeep\n|turn|7\n|\n|t:|1776219765\n|switch|p2a: Incineroar|Incineroar, L50, F|100/100\n|-ability|p2a: Incineroar|Intimidate|boost\n|-unboost|p1a: Incineroar|atk|1\n|-unboost|p1b: Diana|atk|1\n|move|p1a: Incineroar|Flare Blitz|p2a: Incineroar\n|-resisted|p2a: Incineroar|1\n|-damage|p2a: Incineroar|87/100\n|-damage|p1a: Incineroar|79/100|[from] Recoil\n|move|p2b: Sinistcha|Matcha Gotcha|p1b: Diana|[spread] p1b\n|-miss|p2b: Sinistcha|p1a: Incineroar\n|-damage|p1b: Diana|56/100\n|move|p1b: Diana|Hyper Voice|p2b: Sinistcha|[spread] p2a,p2b\n|-damage|p2a: Incineroar|37/100\n|-damage|p2b: Sinistcha|58/100\n|\n|-heal|p2a: Incineroar|43/100|[from] item: Leftovers\n|upkeep\n|turn|8\n|\n|t:|1776219794\n|switch|p1b: Rotom|Rotom-Wash, L50|100/100\n|move|p2a: Incineroar|Fake Out|p1b: Rotom\n|-damage|p1b: Rotom|85/100\n|move|p1a: Incineroar|Flare Blitz|p2b: Sinistcha\n|-supereffective|p2b: Sinistcha|1\n|-damage|p2b: Sinistcha|0 fnt\n|faint|p2b: Sinistcha\n|-damage|p1a: Incineroar|62/100|[from] Recoil\n|\n|-heal|p2a: Incineroar|49/100|[from] item: Leftovers\n|-heal|p1b: Rotom|91/100|[from] item: Leftovers\n|-fieldend|move: Trick Room\n|upkeep\n|\n|t:|1776219805\n|switch|p2b: Aegislash|Aegislash, L50, F|98/100\n|turn|9\n|\n|t:|1776219827\n|move|p2b: Aegislash|King's Shield|p2b: Aegislash\n|-singleturn|p2b: Aegislash|Protect\n|move|p1b: Rotom|Hydro Pump|p2a: Incineroar\n|-supereffective|p2a: Incineroar|1\n|-damage|p2a: Incineroar|0 fnt\n|faint|p2a: Incineroar\n|move|p1a: Incineroar|Flare Blitz|p2b: Aegislash\n|-activate|p2b: Aegislash|move: Protect\n|-unboost|p1a: Incineroar|atk|1\n|\n|-heal|p1b: Rotom|96/100|[from] item: Leftovers\n|upkeep\n|\n|t:|1776219833\n|switch|p2a: Blastoise|Blastoise-Mega, L50, F|42/100\n|turn|10\n|\n|t:|1776219858\n|move|p1b: Rotom|Volt Switch|p2a: Blastoise\n|-supereffective|p2a: Blastoise|1\n|-damage|p2a: Blastoise|0 fnt\n|faint|p2a: Blastoise\n|\n|t:|1776219864\n|switch|p1b: Farigiraf|Farigiraf, L50, M|13/100|[from] Volt Switch\n|move|p1a: Incineroar|Taunt|p2b: Aegislash\n|-start|p2b: Aegislash|move: Taunt\n|cant|p2b: Aegislash|move: Taunt|Swords Dance\n|\n|upkeep\n|turn|11\n|\n|t:|1776219873\n|-formechange|p2b: Aegislash|Aegislash-Blade|\n|move|p2b: Aegislash|Shadow Sneak||[still]\n|cant|p1b: Farigiraf|ability: Armor Tail|Shadow Sneak|[of] p2b: Aegislash\n|move|p1a: Incineroar|Flare Blitz|p2b: Aegislash\n|-supereffective|p2b: Aegislash|1\n|-damage|p2b: Aegislash|6/100\n|-enditem|p2b: Aegislash|Sitrus Berry|[eat]\n|-heal|p2b: Aegislash|31/100|[from] item: Sitrus Berry\n|-damage|p1a: Incineroar|37/100|[from] Recoil\n|-enditem|p1a: Incineroar|Sitrus Berry|[eat]\n|-heal|p1a: Incineroar|62/100|[from] item: Sitrus Berry\n|move|p1b: Farigiraf|Trick Room|p1b: Farigiraf\n|-fieldstart|move: Trick Room|[of] p1b: Farigiraf\n|\n|upkeep\n|turn|12\n|\n|t:|1776219889\n|switch|p1b: Diana|Gardevoir-Mega, L50, M, shiny|56/100\n|move|p2b: Aegislash|Iron Head|p1a: Incineroar\n|-resisted|p1a: Incineroar|1\n|-damage|p1a: Incineroar|41/100\n|move|p1a: Incineroar|Flare Blitz|p2b: Aegislash\n|-supereffective|p2b: Aegislash|1\n|-damage|p2b: Aegislash|0 fnt\n|faint|p2b: Aegislash\n|-damage|p1a: Incineroar|33/100|[from] Recoil\n|\n|win|olejdn the ancient\n|raw|olejdn the ancient's rating: 1098 &rarr; <strong>1129</strong><br />(+31 for winning)\n|raw|Poppis10's rating: 1183 &rarr; <strong>1152</strong><br />(-31 for losing)\n|l|\u2606Poppis10\n|player|p2|\n",
  "uploadtime": 1776219899,
  "views": 22,
  "formatid": "gen9championsvgc2026regma",
  "rating": 1129,
  "private": 0,
  "password": null
}