{
  "id": "gen9championsvgc2026regma-2583064190",
  "format": "[Gen 9 Champions] VGC 2026 Reg M-A",
  "players": [
    "stick1780",
    "kuanyou"
  ],
  "log": "|j|\u2606stick1780\n|j|\u2606kuanyou\n|t:|1776138084\n|gametype|doubles\n|player|p1|stick1780|170|1297\n|player|p2|kuanyou|266|1290\n|gen|9\n|tier|[Gen 9 Champions] VGC 2026 Reg M-A\n|rated|\n|rule|Species Clause: Limit one of each Pok\u00e9mon\n|rule|Item Clause: Limit 1 of each item\n|clearpoke\n|poke|p1|Charizard, L50, F|\n|poke|p1|Venusaur, L50, F|\n|poke|p1|Incineroar, L50, M|\n|poke|p1|Garchomp, L50, F|\n|poke|p1|Rotom-Wash, L50|\n|poke|p1|Sneasler, L50, M|\n|poke|p2|Scovillain, L50, M|\n|poke|p2|Sneasler, L50, M|\n|poke|p2|Primarina, L50, F|\n|poke|p2|Kingambit, L50, M|\n|poke|p2|Aerodactyl, L50, F|\n|poke|p2|Garchomp, L50, M|\n|teampreview|4\nstick1780 rejected open team sheets.\n|\n|t:|1776138111\n|teamsize|p1|4\n|teamsize|p2|4\n|start\n|switch|p1a: Charizard|Charizard, L50, F|100/100\n|switch|p1b: Venusaur|Venusaur, L50, F|100/100\n|switch|p2a: Aerodactyl|Aerodactyl, L50, F|100/100\n|switch|p2b: Primarina|Primarina, L50, F|100/100\n|-ability|p2a: Aerodactyl|Unnerve\n|turn|1\n|\n|t:|1776138133\n|switch|p1a: Rotom|Rotom-Wash, L50|100/100\n|move|p2a: Aerodactyl|Rock Slide|p1a: Rotom|[spread] p1a,p1b\n|-damage|p1a: Rotom|72/100\n|-damage|p1b: Venusaur|68/100\n|move|p1b: Venusaur|Leaf Storm|p2b: Primarina\n|-supereffective|p2b: Primarina|1\n|-damage|p2b: Primarina|13/100\n|-unboost|p1b: Venusaur|spa|2\n|move|p2b: Primarina|Calm Mind|p2b: Primarina\n|-boost|p2b: Primarina|spa|1\n|-boost|p2b: Primarina|spd|1\n|\n|-heal|p1a: Rotom|78/100|[from] item: Leftovers\n|-heal|p2b: Primarina|19/100|[from] item: Leftovers\n|upkeep\n|turn|2\n|\n|t:|1776138156\n|move|p2b: Primarina|Protect|p2b: Primarina\n|-singleturn|p2b: Primarina|Protect\n|move|p2a: Aerodactyl|Rock Slide|p1a: Rotom|[spread] p1a,p1b\n|-damage|p1a: Rotom|49/100\n|-damage|p1b: Venusaur|33/100\n|cant|p1b: Venusaur|flinch\n|cant|p1a: Rotom|flinch\n|\n|-heal|p1a: Rotom|55/100|[from] item: Leftovers\n|-heal|p2b: Primarina|25/100|[from] item: Leftovers\n|upkeep\n|turn|3\n|\n|t:|1776138184\n|move|p2a: Aerodactyl|Rock Slide|p1b: Venusaur|[spread] p1a,p1b\n|-damage|p1a: Rotom|26/100\n|-damage|p1b: Venusaur|0 fnt\n|faint|p1b: Venusaur\n|move|p1a: Rotom|Hydro Pump|p2a: Aerodactyl|[miss]\n|-miss|p1a: Rotom|p2a: Aerodactyl\n|move|p2b: Primarina|Moonblast|p1a: Rotom\n|-damage|p1a: Rotom|0 fnt\n|faint|p1a: Rotom\n|\n|-heal|p2b: Primarina|30/100|[from] item: Leftovers\n|upkeep\n|\n|t:|1776138195\n|switch|p1b: Garchomp|Garchomp, L50, F|100/100\n|switch|p1a: Charizard|Charizard, L50, F|100/100\n|turn|4\n|\n|t:|1776138233\n|detailschange|p1a: Charizard|Charizard-Mega-Y, L50, F\n|-mega|p1a: Charizard|Charizard|Charizardite Y\n|-weather|SunnyDay|[from] ability: Drought|[of] p1a: Charizard\n|move|p1a: Charizard|Protect|p1a: Charizard\n|-singleturn|p1a: Charizard|Protect\n|move|p1b: Garchomp|Rock Slide|p2b: Primarina|[spread] p2a,p2b\n|-supereffective|p2a: Aerodactyl|1\n|-damage|p2a: Aerodactyl|36/100\n|-damage|p2b: Primarina|7/100\n|cant|p2a: Aerodactyl|flinch\n|move|p2b: Primarina|Moonblast|p1b: Garchomp\n|-supereffective|p1b: Garchomp|1\n|-damage|p1b: Garchomp|0 fnt\n|faint|p1b: Garchomp\n|\n|-weather|SunnyDay|[upkeep]\n|-heal|p2b: Primarina|13/100|[from] item: Leftovers\n|upkeep\n|turn|5\n|\n|t:|1776138256\n|move|p2a: Aerodactyl|Rock Slide|p1a: Charizard\n|-supereffective|p1a: Charizard|2\n|-damage|p1a: Charizard|0 fnt\n|faint|p1a: Charizard\n|\n|win|kuanyou\n|raw|stick1780's rating: 1297 &rarr; <strong>1271</strong><br />(-26 for losing)\n|raw|kuanyou's rating: 1290 &rarr; <strong>1316</strong><br />(+26 for winning)\n",
  "uploadtime": 1776138257,
  "views": 32,
  "formatid": "gen9championsvgc2026regma",
  "rating": 1271,
  "private": 0,
  "password": null
}