{
  "id": "gen9championsvgc2026regma-2582312107",
  "format": "[Gen 9 Champions] VGC 2026 Reg M-A",
  "players": [
    "Luxerna",
    "Tearamizuu"
  ],
  "log": "|j|\u2606Luxerna\n|j|\u2606Tearamizuu\n|t:|1776082331\n|gametype|doubles\n|player|p1|Luxerna|dawn-gen4pt|1182\n|player|p2|Tearamizuu|101|1082\n|gen|9\n|tier|[Gen 9 Champions] VGC 2026 Reg M-A\n|rated|\n|rule|Species Clause: Limit one of each Pok\u00e9mon\n|rule|Item Clause: Limit 1 of each item\n|clearpoke\n|poke|p1|Froslass, L50, F|\n|poke|p1|Arcanine-Hisui, L50, F|\n|poke|p1|Sneasler, L50, M|\n|poke|p1|Primarina, L50, F|\n|poke|p1|Kingambit, L50, M|\n|poke|p1|Dragonite, L50, M|\n|poke|p2|Espeon, L50, M|\n|poke|p2|Milotic, L50, F|\n|poke|p2|Farigiraf, L50, F|\n|poke|p2|Sneasler, L50, F|\n|poke|p2|Ninetales-Alola, L50, F|\n|poke|p2|Scizor, L50, M|\n|teampreview|4\n|inactive|Battle timer is ON: inactive players will automatically lose when time's up. (requested by Tearamizuu)\nTearamizuu has agreed to open team sheets.\n|inactive|Tearamizuu has 60 seconds left.\n|inactive|Tearamizuu has 30 seconds left.\n|inactive|Tearamizuu has 20 seconds left.\n|inactive|Tearamizuu has 15 seconds left.\n|inactive|Tearamizuu has 10 seconds left.\n|inactiveoff|Battle timer is now OFF.\n|inactive|Battle timer is ON: inactive players will automatically lose when time's up. (requested by Luxerna)\n|\n|t:|1776082448\n|teamsize|p1|4\n|teamsize|p2|4\n|start\n|switch|p1a: Dragonite|Dragonite, L50, M|100/100\n|switch|p1b: Kingambit|Kingambit, L50, M|100/100\n|switch|p2a: Espeon|Espeon, L50, M|100/100\n|switch|p2b: Ninetales|Ninetales-Alola, L50, F|100/100\n|-weather|Snowscape|[from] ability: Snow Warning|[of] p2b: Ninetales\n|turn|1\n|inactive|Luxerna has 30 seconds left.\n|\n|t:|1776082474\n|move|p1a: Dragonite|Protect|p1a: Dragonite\n|-singleturn|p1a: Dragonite|Protect\n|move|p2a: Espeon|Gravity|p2a: Espeon\n|-fieldstart|move: Gravity\n|move|p2b: Ninetales|Hypnosis|p1b: Kingambit\n|-status|p1b: Kingambit|slp|[from] move: Hypnosis\n|cant|p1b: Kingambit|slp\n|\n|-weather|Snowscape|[upkeep]\n|upkeep\n|turn|2\n|\n|t:|1776082497\n|switch|p2a: Sneasler|Sneasler, L50, F|100/100\n|switch|p1a: Primarina|Primarina, L50, F|100/100\n|move|p2b: Ninetales|Freeze-Dry|p1a: Primarina\n|-supereffective|p1a: Primarina|1\n|-damage|p1a: Primarina|50/100\n|cant|p1b: Kingambit|slp\n|\n|-weather|Snowscape|[upkeep]\n|upkeep\n|turn|3\n|inactive|Tearamizuu has 30 seconds left.\n|inactive|Tearamizuu has 20 seconds left.\n|\n|t:|1776082535\n|switch|p1b: Froslass|Froslass, L50, F|100/100\n|move|p1a: Primarina|Protect|p1a: Primarina\n|-singleturn|p1a: Primarina|Protect\n|move|p2a: Sneasler|Close Combat|p1b: Froslass\n|-immune|p1b: Froslass\n|move|p2b: Ninetales|Freeze-Dry|p1a: Primarina\n|-activate|p1a: Primarina|move: Protect\n|\n|-weather|Snowscape|[upkeep]\n|upkeep\n|turn|4\n|inactive|Luxerna has 30 seconds left.\n|inactive|Tearamizuu has 30 seconds left.\n|\n|t:|1776082568\n|switch|p1a: Kingambit|Kingambit, L50, M|100/100 slp\n|detailschange|p1b: Froslass|Froslass-Mega, L50, F\n|-mega|p1b: Froslass|Froslass|Froslassite\n|move|p1b: Froslass|Blizzard|p2b: Ninetales|[spread] p2a,p2b\n|-resisted|p2b: Ninetales|1\n|-damage|p2a: Sneasler|51/100\n|-damage|p2b: Ninetales|78/100\n|move|p2a: Sneasler|Gunk Shot|p1a: Kingambit\n|-immune|p1a: Kingambit\n|move|p2b: Ninetales|Hypnosis|p1b: Froslass\n|-status|p1b: Froslass|slp|[from] move: Hypnosis\n|\n|-weather|Snowscape|[upkeep]\n|upkeep\n|turn|5\n|inactive|Tearamizuu has 30 seconds left.\n|inactive|Luxerna has 30 seconds left.\n|inactive|Luxerna has 20 seconds left.\n|inactive|Luxerna has 15 seconds left.\n|inactive|Luxerna has 10 seconds left.\n|inactive|Luxerna has 5 seconds left.\n|\n|t:|1776082628\n|cant|p1b: Froslass|slp\n|-curestatus|p1a: Kingambit|slp|[msg]\n|move|p1a: Kingambit|Protect|p1a: Kingambit\n|-singleturn|p1a: Kingambit|Protect\n|move|p2a: Sneasler|Close Combat|p1a: Kingambit\n|-activate|p1a: Kingambit|move: Protect\n|move|p2b: Ninetales|Moonblast|p1b: Froslass\n|-damage|p1b: Froslass|57/100 slp\n|\n|-weather|none\n|-fieldend|move: Gravity\n|upkeep\n|turn|6\n|inactive|Luxerna has 30 seconds left.\n|inactive|Tearamizuu has 30 seconds left.\n|inactive|Tearamizuu has 20 seconds left.\n|inactive|Tearamizuu has 15 seconds left.\n|\n|t:|1776082669\n|switch|p2b: Espeon|Espeon, L50, M|100/100\n|move|p2a: Sneasler|Protect|p2a: Sneasler\n|-singleturn|p2a: Sneasler|Protect\n|move|p1a: Kingambit|Sucker Punch||[still]\n|-fail|p1a: Kingambit\n|-curestatus|p1b: Froslass|slp|[msg]\n|move|p1b: Froslass|Shadow Ball|p2a: Sneasler\n|-activate|p2a: Sneasler|move: Protect\n|\n|upkeep\n|turn|7\n|\n|t:|1776082692\n|move|p2a: Sneasler|Upper Hand|p1a: Kingambit\n|-supereffective|p1a: Kingambit|2\n|-damage|p1a: Kingambit|0 fnt\n|faint|p1a: Kingambit\n|move|p1b: Froslass|Blizzard|p2b: Espeon|[spread] p2a\n|-miss|p1b: Froslass|p2b: Espeon\n|-damage|p2a: Sneasler|0 fnt\n|faint|p2a: Sneasler\n|move|p2b: Espeon|Power Gem|p1b: Froslass\n|-supereffective|p1b: Froslass|1\n|-damage|p1b: Froslass|0 fnt\n|faint|p1b: Froslass\n|\n|upkeep\n|-message|Luxerna forfeited.\n|\n|win|Tearamizuu\n|raw|Luxerna's rating: 1182 &rarr; <strong>1150</strong><br />(-32 for losing)\n|raw|Tearamizuu's rating: 1082 &rarr; <strong>1117</strong><br />(+35 for winning)\n|l|\u2606Luxerna\n|player|p1|\n",
  "uploadtime": 1776082711,
  "views": 16,
  "formatid": "gen9championsvgc2026regma",
  "rating": 1117,
  "private": 0,
  "password": null
}