{
  "id": "gen9championsvgc2026regma-2587031641",
  "format": "[Gen 9 Champions] VGC 2026 Reg M-A",
  "players": [
    "Rtx_sebas",
    "FatKingkRool"
  ],
  "log": "|j|\u2606Rtx_sebas\n|j|\u2606FatKingkRool\n|t:|1776483207\n|gametype|doubles\n|player|p1|Rtx_sebas|266|1224\n|player|p2|FatKingkRool|blackbelt|1138\n|gen|9\n|tier|[Gen 9 Champions] VGC 2026 Reg M-A\n|rated|\n|rule|Species Clause: Limit one of each Pok\u00e9mon\n|rule|Item Clause: Limit 1 of each item\n|clearpoke\n|poke|p1|Charizard, L50, F|\n|poke|p1|Sneasler, L50, M|\n|poke|p1|Maushold, L50|\n|poke|p1|Venusaur, L50, M|\n|poke|p1|Sableye, L50, F|\n|poke|p1|Garchomp, L50, M|\n|poke|p2|Crabominable, L50, F|\n|poke|p2|Farigiraf, L50, F|\n|poke|p2|Golurk, L50|\n|poke|p2|Kingambit, L50, M|\n|poke|p2|Hatterene, L50, F|\n|poke|p2|Maushold, L50|\n|teampreview|4\n|inactive|Battle timer is ON: inactive players will automatically lose when time's up. (requested by FatKingkRool)\n|\n|t:|1776483232\n|teamsize|p1|4\n|teamsize|p2|4\n|start\n|switch|p1a: Charizard|Charizard, L50, F|100/100\n|switch|p1b: Maushold|Maushold, L50|100/100\n|switch|p2a: Hatterene|Hatterene, L50, F, shiny|100/100\n|switch|p2b: COME AT ME|Maushold, L50, shiny|100/100\n|turn|1\n|\n|t:|1776483250\n|detailschange|p1a: Charizard|Charizard-Mega-Y, L50, F\n|-mega|p1a: Charizard|Charizard|Charizardite Y\n|-weather|SunnyDay|[from] ability: Drought|[of] p1a: Charizard\n|move|p2b: COME AT ME|Follow Me|p2b: COME AT ME\n|-singleturn|p2b: COME AT ME|move: Follow Me\n|move|p1b: Maushold|Taunt|p2b: COME AT ME\n|-start|p2b: COME AT ME|move: Taunt\n|move|p1a: Charizard|Heat Wave|p2b: COME AT ME|[spread] p2a\n|-miss|p1a: Charizard|p2b: COME AT ME\n|-damage|p2a: Hatterene|54/100\n|move|p2a: Hatterene|Psychic Noise|p1b: Maushold\n|-damage|p1b: Maushold|50/100\n|-start|p1b: Maushold|move: Heal Block\n|\n|-weather|SunnyDay|[upkeep]\n|-heal|p2a: Hatterene|60/100|[from] item: Leftovers\n|upkeep\n|turn|2\n|inactive|Rtx_sebas has 30 seconds left.\n|inactive|Rtx_sebas has 20 seconds left.\n|\n|t:|1776483286\n|move|p2b: COME AT ME|Population Bomb|p1b: Maushold\n|-damage|p1b: Maushold|42/100\n|-damage|p1b: Maushold|34/100\n|-damage|p1b: Maushold|25/100\n|-damage|p1b: Maushold|17/100\n|-hitcount|p1b: Maushold|4\n|move|p1b: Maushold|Taunt|p2a: Hatterene\n|move|p2a: Hatterene|Taunt|p1b: Maushold|[from] ability: Magic Bounce\n|-start|p1b: Maushold|move: Taunt\n|move|p1a: Charizard|Heat Wave|p2a: Hatterene|[spread] p2a\n|-miss|p1a: Charizard|p2b: COME AT ME\n|-damage|p2a: Hatterene|15/100\n|move|p2a: Hatterene|Trick Room|p2a: Hatterene\n|-fieldstart|move: Trick Room|[of] p2a: Hatterene\n|\n|-weather|SunnyDay|[upkeep]\n|-heal|p2a: Hatterene|21/100|[from] item: Leftovers\n|-end|p1b: Maushold|move: Heal Block\n|upkeep\n|turn|3\n|inactive|Rtx_sebas has 30 seconds left.\n|\n|t:|1776483317\n|switch|p2b: Farigiraf|Farigiraf, L50, F, shiny|100/100\n|move|p1a: Charizard|Protect|p1a: Charizard\n|-singleturn|p1a: Charizard|Protect\n|move|p2a: Hatterene|Dazzling Gleam|p1b: Maushold|[spread] p1b\n|-activate|p1a: Charizard|move: Protect\n|-damage|p1b: Maushold|0 fnt\n|faint|p1b: Maushold\n|\n|-weather|SunnyDay|[upkeep]\n|-heal|p2a: Hatterene|27/100|[from] item: Leftovers\n|upkeep\n|\n|t:|1776483330\n|switch|p1b: Garchomp|Garchomp, L50, M|100/100\n|turn|4\n|\n|t:|1776483339\n|move|p1b: Garchomp|Protect|p1b: Garchomp\n|-singleturn|p1b: Garchomp|Protect\n|move|p2a: Hatterene|Dazzling Gleam|p1a: Charizard|[spread] p1a\n|-activate|p1b: Garchomp|move: Protect\n|-resisted|p1a: Charizard|1\n|-damage|p1a: Charizard|87/100\n|move|p2b: Farigiraf|Hyper Voice|p1a: Charizard|[spread] p1a\n|-activate|p1b: Garchomp|move: Protect\n|-damage|p1a: Charizard|58/100\n|move|p1a: Charizard|Heat Wave|p2a: Hatterene|[spread] p2a,p2b\n|-damage|p2a: Hatterene|0 fnt\n|-damage|p2b: Farigiraf|49/100\n|-status|p2b: Farigiraf|brn\n|faint|p2a: Hatterene\n|\n|-weather|SunnyDay|[upkeep]\n|-damage|p2b: Farigiraf|42/100 brn|[from] brn\n|upkeep\n|\n|t:|1776483349\n|switch|p2a: Mr.Krabs|Crabominable, L50, F, shiny|100/100\n|turn|5\n|inactive|Rtx_sebas has 30 seconds left.\n|\n|t:|1776483382\n|switch|p1b: Sableye|Sableye, L50, F|100/100\n|detailschange|p2a: Mr.Krabs|Crabominable-Mega, L50, F, shiny\n|-mega|p2a: Mr.Krabs|Crabominable|Crabominite\n|move|p2a: Mr.Krabs|Ice Hammer|p1b: Sableye\n|-damage|p1b: Sableye|0 fnt\n|-unboost|p2a: Mr.Krabs|spe|1\n|faint|p1b: Sableye\n|move|p2b: Farigiraf|Psychic|p1a: Charizard\n|-damage|p1a: Charizard|19/100\n|-unboost|p1a: Charizard|spd|1\n|move|p1a: Charizard|Overheat|p2a: Mr.Krabs\n|-supereffective|p2a: Mr.Krabs|1\n|-damage|p2a: Mr.Krabs|0 fnt\n|-unboost|p1a: Charizard|spa|2\n|faint|p2a: Mr.Krabs\n|\n|-weather|none\n|-damage|p2b: Farigiraf|36/100 brn|[from] brn\n|upkeep\n|\n|t:|1776483396\n|switch|p2a: COME AT ME|Maushold, L50, shiny|100/100\n|switch|p1b: Garchomp|Garchomp, L50, M|100/100\n|turn|6\n|\n|t:|1776483407\n|move|p1a: Charizard|Protect|p1a: Charizard\n|-singleturn|p1a: Charizard|Protect\n|move|p2a: COME AT ME|Follow Me|p2a: COME AT ME\n|-singleturn|p2a: COME AT ME|move: Follow Me\n|move|p2b: Farigiraf|Hyper Voice|p1b: Garchomp|[spread] p1b\n|-activate|p1a: Charizard|move: Protect\n|-damage|p1b: Garchomp|70/100\n|move|p1b: Garchomp|Rock Slide|p2b: Farigiraf|[spread] p2a,p2b\n|-damage|p2a: COME AT ME|66/100\n|-damage|p2b: Farigiraf|20/100 brn\n|\n|-damage|p2b: Farigiraf|14/100 brn|[from] brn\n|-fieldend|move: Trick Room\n|upkeep\n|turn|7\n|\n|t:|1776483426\n|move|p2b: Farigiraf|Protect|p2b: Farigiraf\n|-singleturn|p2b: Farigiraf|Protect\n|move|p2a: COME AT ME|Population Bomb|p1a: Charizard\n|-damage|p1a: Charizard|11/100\n|-hitcount|p1a: Charizard|1\n|move|p1b: Garchomp|Earthquake|p2b: Farigiraf|[spread] p2a\n|-activate|p2b: Farigiraf|move: Protect\n|-immune|p1a: Charizard\n|-damage|p2a: COME AT ME|0 fnt\n|faint|p2a: COME AT ME\n|move|p1a: Charizard|Heat Wave|p2b: Farigiraf\n|-activate|p2b: Farigiraf|move: Protect\n|\n|-damage|p2b: Farigiraf|8/100 brn|[from] brn\n|upkeep\n|turn|8\n|inactive|Rtx_sebas has 30 seconds left.\n|\n|t:|1776483455\n|move|p1a: Charizard|Protect|p1a: Charizard\n|-singleturn|p1a: Charizard|Protect\n|move|p1b: Garchomp|Scale Shot|p2b: Farigiraf\n|-damage|p2b: Farigiraf|0 fnt\n|faint|p2b: Farigiraf\n|-hitcount|p2: Farigiraf|1\n|\n|win|Rtx_sebas\n|raw|Rtx_sebas's rating: 1224 &rarr; <strong>1243</strong><br />(+19 for winning)\n|raw|FatKingkRool's rating: 1138 &rarr; <strong>1119</strong><br />(-19 for losing)\n|c|\u2606FatKingkRool|gg\n|l|\u2606FatKingkRool\n|player|p2|\n|c|\u2606Rtx_sebas|Gg\n",
  "uploadtime": 1776483481,
  "views": 28,
  "formatid": "gen9championsvgc2026regma",
  "rating": 1119,
  "private": 0,
  "password": null
}