{
  "id": "gen9championsvgc2026regma-2584279434",
  "format": "[Gen 9 Champions] VGC 2026 Reg M-A",
  "players": [
    "jontar gurning",
    "qrwrqewq"
  ],
  "log": "|j|\u2606jontar gurning\n|j|\u203dqrwrqewq\n|t:|1776246485\n|gametype|doubles\n|player|p1|jontar gurning|swimmerf-gen4dp|1180\n|player|p2|qrwrqewq|1|1092\n|gen|9\n|tier|[Gen 9 Champions] VGC 2026 Reg M-A\n|rated|\n|rule|Species Clause: Limit one of each Pok\u00e9mon\n|rule|Item Clause: Limit 1 of each item\n|clearpoke\n|poke|p1|Clefable, L50, F|\n|poke|p1|Incineroar, L50, F|\n|poke|p1|Charizard, L50, F|\n|poke|p1|Venusaur, L50, M|\n|poke|p1|Weavile, L50, M|\n|poke|p1|Sneasler, L50, F|\n|poke|p2|Maushold-Four, L50|\n|poke|p2|Farigiraf, L50, M|\n|poke|p2|Camerupt, L50, F|\n|poke|p2|Hatterene, L50, F|\n|poke|p2|Glaceon, L50, M|\n|poke|p2|Lopunny, L50, F|\n|teampreview|4\n|inactive|Battle timer is ON: inactive players will automatically lose when time's up. (requested by qrwrqewq)\n|\n|t:|1776246512\n|teamsize|p1|4\n|teamsize|p2|4\n|start\n|switch|p1a: Incineroar|Incineroar, L50, F|100/100\n|switch|p1b: Clefable|Clefable, L50, F|100/100\n|switch|p2a: Maushold|Maushold-Four, L50|100/100\n|switch|p2b: Farigiraf|Farigiraf, L50, M|100/100\n|-ability|p1a: Incineroar|Intimidate|boost\n|-unboost|p2a: Maushold|atk|1\n|-unboost|p2b: Farigiraf|atk|1\n|turn|1\n|\n|t:|1776246533\n|detailschange|p1b: Clefable|Clefable-Mega, L50, F\n|-mega|p1b: Clefable|Clefable|Clefablite\n|move|p2a: Maushold|Follow Me|p2a: Maushold\n|-singleturn|p2a: Maushold|move: Follow Me\n|move|p1b: Clefable|Cosmic Power|p1b: Clefable\n|-boost|p1b: Clefable|def|1\n|-boost|p1b: Clefable|spd|1\n|move|p1a: Incineroar|Darkest Lariat|p2a: Maushold\n|-damage|p2a: Maushold|61/100\n|move|p2b: Farigiraf|Imprison|p2b: Farigiraf\n|-start|p2b: Farigiraf|move: Imprison\n|\n|upkeep\n|turn|2\n|\n|t:|1776246551\n|move|p2a: Maushold|Follow Me|p2a: Maushold\n|-singleturn|p2a: Maushold|move: Follow Me\n|move|p1b: Clefable|Cosmic Power|p1b: Clefable\n|-boost|p1b: Clefable|def|1\n|-boost|p1b: Clefable|spd|1\n|move|p1a: Incineroar|Flare Blitz|p2a: Maushold\n|-damage|p2a: Maushold|5/100\n|-damage|p1a: Incineroar|85/100|[from] Recoil\n|move|p2b: Farigiraf|Trick Room|p2b: Farigiraf\n|-fieldstart|move: Trick Room|[of] p2b: Farigiraf\n|\n|upkeep\n|turn|3\n|\n|t:|1776246564\n|move|p2b: Farigiraf|Protect|p2b: Farigiraf\n|-singleturn|p2b: Farigiraf|Protect\n|move|p1a: Incineroar|Darkest Lariat|p2b: Farigiraf\n|-activate|p2b: Farigiraf|move: Protect\n|move|p1b: Clefable|Cosmic Power|p1b: Clefable\n|-boost|p1b: Clefable|def|1\n|-boost|p1b: Clefable|spd|1\n|move|p2a: Maushold|Super Fang|p1b: Clefable\n|-damage|p1b: Clefable|50/100\n|\n|upkeep\n|turn|4\n|inactive|qrwrqewq has 30 seconds left.\n|inactive|jontar gurning has 30 seconds left.\n|inactive|qrwrqewq has 20 seconds left.\n|\n|t:|1776246601\n|switch|p2b: Lopunny|Lopunny, L50, F|100/100\n|move|p1a: Incineroar|Flare Blitz|p2a: Maushold\n|-damage|p2a: Maushold|0 fnt\n|faint|p2a: Maushold\n|-damage|p1a: Incineroar|83/100|[from] Recoil\n|move|p1b: Clefable|Moonlight|p1b: Clefable\n|-heal|p1b: Clefable|100/100\n|\n|upkeep\n|\n|t:|1776246605\n|switch|p2a: Camerupt|Camerupt, L50, F|100/100\n|turn|5\n|\n|t:|1776246627\n|detailschange|p2a: Camerupt|Camerupt-Mega, L50, F\n|-mega|p2a: Camerupt|Camerupt|Cameruptite\n|move|p2b: Lopunny|Fake Out|p1b: Clefable\n|-damage|p1b: Clefable|95/100\n|move|p2a: Camerupt|Earth Power|p1a: Incineroar\n|-supereffective|p1a: Incineroar|1\n|-damage|p1a: Incineroar|0 fnt\n|faint|p1a: Incineroar\n|cant|p1b: Clefable|flinch\n|\n|upkeep\n|\n|t:|1776246635\n|switch|p1a: Weavile|Weavile, L50, M|100/100\n|-ability|p1a: Weavile|Pressure\n|turn|6\n|\n|t:|1776246640\n|move|p1a: Weavile|Fake Out|p2a: Camerupt\n|-damage|p2a: Camerupt|86/100\n|move|p2b: Lopunny|Mach Punch|p1a: Weavile\n|-supereffective|p1a: Weavile|2\n|-damage|p1a: Weavile|24/100\n|cant|p2a: Camerupt|flinch\n|move|p1b: Clefable|Cosmic Power|p1b: Clefable\n|-boost|p1b: Clefable|def|1\n|-boost|p1b: Clefable|spd|1\n|\n|-fieldend|move: Trick Room\n|upkeep\n|turn|7\n|\n|t:|1776246656\n|move|p2b: Lopunny|Mach Punch|p1a: Weavile\n|-supereffective|p1a: Weavile|2\n|-damage|p1a: Weavile|0 fnt\n|faint|p1a: Weavile\n|move|p1b: Clefable|Cosmic Power|p1b: Clefable\n|-boost|p1b: Clefable|def|1\n|-boost|p1b: Clefable|spd|1\n|move|p2a: Camerupt|Heat Wave|p1b: Clefable\n|-damage|p1b: Clefable|77/100\n|\n|upkeep\n|\n|t:|1776246661\n|switch|p1a: Sneasler|Sneasler, L50, F|100/100\n|turn|8\n|\n|t:|1776246676\n|move|p2a: Camerupt|Protect|p2a: Camerupt\n|-singleturn|p2a: Camerupt|Protect\n|move|p1a: Sneasler|Close Combat|p2b: Lopunny\n|-supereffective|p2b: Lopunny|1\n|-damage|p2b: Lopunny|0 fnt\n|-unboost|p1a: Sneasler|def|1\n|-unboost|p1a: Sneasler|spd|1\n|faint|p2b: Lopunny\n|-enditem|p1a: Sneasler|White Herb\n|-clearnegativeboost|p1a: Sneasler|[silent]\n|move|p1b: Clefable|Stored Power|p2a: Camerupt\n|-activate|p2a: Camerupt|move: Protect\n|\n|upkeep\n|\n|t:|1776246680\n|switch|p2b: Farigiraf|Farigiraf, L50, M|100/100\n|turn|9\n|\n|t:|1776246701\n|move|p1a: Sneasler|Dire Claw|p2b: Farigiraf\n|-damage|p2b: Farigiraf|50/100\n|move|p1b: Clefable|Stored Power|p2a: Camerupt\n|-damage|p2a: Camerupt|15/100\n|move|p2a: Camerupt|Earth Power|p1a: Sneasler\n|-supereffective|p1a: Sneasler|1\n|-damage|p1a: Sneasler|0 fnt\n|faint|p1a: Sneasler\n|move|p2b: Farigiraf|Trick Room|p2b: Farigiraf\n|-fieldstart|move: Trick Room|[of] p2b: Farigiraf\n|\n|upkeep\n|turn|10\n|inactive|jontar gurning has 30 seconds left.\n|\n|t:|1776246727\n|move|p2a: Camerupt|Heat Wave|p1b: Clefable\n|-damage|p1b: Clefable|57/100\n|move|p2b: Farigiraf|Hyper Voice|p1b: Clefable\n|-damage|p1b: Clefable|45/100\n|move|p1b: Clefable|Stored Power|p2b: Farigiraf\n|-resisted|p2b: Farigiraf|1\n|-damage|p2b: Farigiraf|12/100\n|\n|upkeep\n|turn|11\n|\n|t:|1776246739\n|move|p2a: Camerupt|Heat Wave|p1b: Clefable|[miss]\n|-miss|p2a: Camerupt|p1b: Clefable\n|move|p2b: Farigiraf|Hyper Voice|p1b: Clefable\n|-damage|p1b: Clefable|33/100\n|move|p1b: Clefable|Moonlight|p1b: Clefable\n|-heal|p1b: Clefable|83/100\n|\n|upkeep\n|turn|12\n|\n|t:|1776246751\n|move|p2a: Camerupt|Heat Wave|p1b: Clefable|[miss]\n|-miss|p2a: Camerupt|p1b: Clefable\n|move|p2b: Farigiraf|Hyper Voice|p1b: Clefable\n|-damage|p1b: Clefable|69/100\n|move|p1b: Clefable|Stored Power|p2a: Camerupt\n|-damage|p2a: Camerupt|0 fnt\n|faint|p2a: Camerupt\n|\n|upkeep\n|turn|13\n|\n|t:|1776246764\n|move|p2b: Farigiraf|Hyper Voice|p1b: Clefable\n|-damage|p1b: Clefable|55/100\n|move|p1b: Clefable|Cosmic Power|p1b: Clefable\n|-boost|p1b: Clefable|def|1\n|-boost|p1b: Clefable|spd|1\n|\n|-fieldend|move: Trick Room\n|upkeep\n|turn|14\n|\n|t:|1776246775\n|move|p1b: Clefable|Moonblast|p2b: Farigiraf\n|-damage|p2b: Farigiraf|0 fnt\n|faint|p2b: Farigiraf\n|\n|win|jontar gurning\n|raw|jontar gurning's rating: 1180 &rarr; <strong>1199</strong><br />(+19 for winning)\n|raw|qrwrqewq's rating: 1092 &rarr; <strong>1074</strong><br />(-18 for losing)\n|l|\u203dqrwrqewq\n|player|p2|\n",
  "uploadtime": 1776246783,
  "views": 42,
  "formatid": "gen9championsvgc2026regma",
  "rating": 1074,
  "private": 0,
  "password": null
}