{
  "id": "gen9championsvgc2026regma-2582176674",
  "format": "[Gen 9 Champions] VGC 2026 Reg M-A",
  "players": [
    "knotSkolas",
    "Kamad3va"
  ],
  "log": "|j|\u2606knotSkolas\n|j|\u2606Kamad3va\n|t:|1776067700\n|gametype|doubles\n|player|p1|knotSkolas|rocketgrunt|1100\n|player|p2|Kamad3va|cynthia|1108\n|gen|9\n|tier|[Gen 9 Champions] VGC 2026 Reg M-A\n|rated|\n|rule|Species Clause: Limit one of each Pok\u00e9mon\n|rule|Item Clause: Limit 1 of each item\n|clearpoke\n|poke|p1|Charizard, L50, M|\n|poke|p1|Incineroar, L50, F|\n|poke|p1|Venusaur, L50, M|\n|poke|p1|Dragapult, L50, M|\n|poke|p1|Farigiraf, L50, M|\n|poke|p1|Lycanroc, L50, M|\n|poke|p2|Archaludon, L50, M|\n|poke|p2|Pelipper, L50, F|\n|poke|p2|Farigiraf, L50, M|\n|poke|p2|Sinistcha, L50|\n|poke|p2|Dragonite, L50, M|\n|poke|p2|Basculegion, L50, M|\n|teampreview|4\n|inactive|Battle timer is ON: inactive players will automatically lose when time's up. (requested by knotSkolas)\n|\n|t:|1776067755\n|teamsize|p1|4\n|teamsize|p2|4\n|start\n|switch|p1a: Dragapult|Dragapult, L50, M|100/100\n|switch|p1b: Farigiraf|Farigiraf, L50, M|100/100\n|switch|p2a: Dragonite|Dragonite, L50, M|100/100\n|switch|p2b: Sinistcha|Sinistcha, L50|100/100\n|turn|1\n|inactive|Kamad3va has 30 seconds left.\n|inactive|Kamad3va has 20 seconds left.\n|inactive|Kamad3va has 15 seconds left.\n|\n|t:|1776067799\n|detailschange|p2a: Dragonite|Dragonite-Mega, L50, M\n|-mega|p2a: Dragonite|Dragonite|Dragoninite\n|move|p1a: Dragapult|U-turn|p2a: Dragonite\n|-resisted|p2a: Dragonite|1\n|-damage|p2a: Dragonite|97/100\n|\n|t:|1776067808\n|switch|p1a: Incineroar|Incineroar, L50, F|100/100|[from] U-turn\n|-ability|p1a: Incineroar|Intimidate|boost\n|-unboost|p2a: Dragonite|atk|1\n|-unboost|p2b: Sinistcha|atk|1\n|move|p2a: Dragonite|Draco Meteor|p1a: Incineroar|[miss]\n|-miss|p2a: Dragonite|p1a: Incineroar\n|move|p2b: Sinistcha|Matcha Gotcha|p1b: Farigiraf|[spread] p1a\n|-miss|p2b: Sinistcha|p1b: Farigiraf\n|-resisted|p1a: Incineroar|1\n|-damage|p1a: Incineroar|88/100\n|move|p1b: Farigiraf|Light Screen|p1b: Farigiraf\n|-sidestart|p1: knotSkolas|move: Light Screen\n|\n|upkeep\n|turn|2\n|inactive|Kamad3va has 30 seconds left.\n|inactive|Kamad3va has 20 seconds left.\n|inactive|Kamad3va has 15 seconds left.\n|\n|t:|1776067848\n|switch|p2b: Pelipper|Pelipper, L50, F|100/100\n|-weather|RainDance|[from] ability: Drizzle|[of] p2b: Pelipper\n|move|p1a: Incineroar|Fake Out|p2a: Dragonite\n|-damage|p2a: Dragonite|89/100\n|cant|p2a: Dragonite|flinch\n|move|p1b: Farigiraf|Hyper Voice|p2a: Dragonite|[spread] p2a,p2b\n|-crit|p2a: Dragonite\n|-damage|p2a: Dragonite|60/100\n|-damage|p2b: Pelipper|54/100\n|\n|-weather|RainDance|[upkeep]\n|upkeep\n|turn|3\n|inactive|Kamad3va has 30 seconds left.\n|inactive|Kamad3va has 20 seconds left.\n|inactive|Kamad3va has 15 seconds left.\n|\n|t:|1776067890\n|move|p2a: Dragonite|Draco Meteor|p1a: Incineroar\n|-damage|p1a: Incineroar|45/100\n|-unboost|p2a: Dragonite|spa|2\n|move|p2b: Pelipper|Weather Ball|p1b: Farigiraf\n|-damage|p1b: Farigiraf|67/100\n|move|p1b: Farigiraf|Hyper Voice|p2a: Dragonite|[spread] p2a,p2b\n|-damage|p2a: Dragonite|40/100\n|-damage|p2b: Pelipper|6/100\n|move|p1a: Incineroar|Parting Shot|p2a: Dragonite\n|-unboost|p2a: Dragonite|atk|1\n|-unboost|p2a: Dragonite|spa|1\n|\n|t:|1776067909\n|switch|p1a: Lycanroc|Lycanroc, L50, M|100/100|[from] Parting Shot\n|\n|-weather|RainDance|[upkeep]\n|-heal|p1b: Farigiraf|73/100|[from] item: Leftovers\n|upkeep\n|turn|4\n|\n|t:|1776067929\n|move|p2a: Dragonite|Protect|p2a: Dragonite\n|-singleturn|p2a: Dragonite|Protect\n|move|p1a: Lycanroc|Rock Slide|p2b: Pelipper|[spread] p2b\n|-activate|p2a: Dragonite|move: Protect\n|-supereffective|p2b: Pelipper|1\n|-damage|p2b: Pelipper|0 fnt\n|faint|p2b: Pelipper\n|move|p1b: Farigiraf|Hyper Voice|p2a: Dragonite\n|-activate|p2a: Dragonite|move: Protect\n|\n|-weather|RainDance|[upkeep]\n|-heal|p1b: Farigiraf|79/100|[from] item: Leftovers\n|upkeep\n|\n|t:|1776067936\n|switch|p2b: Sinistcha|Sinistcha, L50|100/100\n|-heal|p2a: Dragonite|65/100|[from] ability: Hospitality|[of] p2b: Sinistcha\n|turn|5\n|inactive|Kamad3va has 30 seconds left.\n|\n|t:|1776067962\n|switch|p2a: Basculegion|Basculegion, L50, M|100/100\n|move|p1a: Lycanroc|Accelerock|p2a: Basculegion\n|-damage|p2a: Basculegion|73/100\n|move|p2b: Sinistcha|Matcha Gotcha|p1a: Lycanroc|[spread] p1b\n|-miss|p2b: Sinistcha|p1a: Lycanroc\n|-damage|p1b: Farigiraf|67/100\n|move|p1b: Farigiraf|Hyper Voice|p2a: Basculegion|[spread] \n|-immune|p2a: Basculegion\n|-immune|p2b: Sinistcha\n|\n|-weather|RainDance|[upkeep]\n|-heal|p1b: Farigiraf|73/100|[from] item: Leftovers\n|-sideend|p1: knotSkolas|move: Light Screen\n|upkeep\n|turn|6\n|inactive|Kamad3va has 30 seconds left.\n|inactive|Kamad3va has 20 seconds left.\n|inactive|Kamad3va has 15 seconds left.\n|inactive|Kamad3va has 10 seconds left.\n|\n|t:|1776068010\n|switch|p1a: Incineroar|Incineroar, L50, F|45/100\n|-ability|p1a: Incineroar|Intimidate|boost\n|-unboost|p2a: Basculegion|atk|1\n|-unboost|p2b: Sinistcha|atk|1\n|move|p1b: Farigiraf|Protect|p1b: Farigiraf\n|-singleturn|p1b: Farigiraf|Protect\n|move|p2a: Basculegion|Flip Turn|p1a: Incineroar\n|-supereffective|p1a: Incineroar|1\n|-damage|p1a: Incineroar|2/100\n|\n|t:|1776068019\n|switch|p2a: Dragonite|Dragonite-Mega, L50, M|65/100|[from] Flip Turn\n|move|p2b: Sinistcha|Matcha Gotcha|p1a: Incineroar|[spread] p1a\n|-activate|p1b: Farigiraf|move: Protect\n|-resisted|p1a: Incineroar|1\n|-damage|p1a: Incineroar|0 fnt\n|faint|p1a: Incineroar\n|\n|-weather|none\n|-heal|p1b: Farigiraf|79/100|[from] item: Leftovers\n|upkeep\n|\n|t:|1776068032\n|switch|p1a: Lycanroc|Lycanroc, L50, M|100/100\n|turn|7\n|\n|t:|1776068052\n|move|p2a: Dragonite|Protect|p2a: Dragonite\n|-singleturn|p2a: Dragonite|Protect\n|move|p1a: Lycanroc|Rock Slide|p2b: Sinistcha|[spread] p2b\n|-activate|p2a: Dragonite|move: Protect\n|-damage|p2b: Sinistcha|78/100\n|move|p2b: Sinistcha|Matcha Gotcha|p1b: Farigiraf|[spread] p1b\n|-miss|p2b: Sinistcha|p1a: Lycanroc\n|-damage|p1b: Farigiraf|60/100\n|-heal|p2b: Sinistcha|91/100|[from] drain|[of] p1b: Farigiraf\n|move|p1b: Farigiraf|Light Screen|p1b: Farigiraf\n|-sidestart|p1: knotSkolas|move: Light Screen\n|\n|-heal|p2b: Sinistcha|96/100|[from] item: Leftovers\n|-heal|p1b: Farigiraf|66/100|[from] item: Leftovers\n|upkeep\n|turn|8\n|inactive|knotSkolas has 30 seconds left.\n|inactive|Kamad3va has 30 seconds left.\n|inactive|Kamad3va has 20 seconds left.\n|inactive|Kamad3va has 15 seconds left.\n|inactive|Kamad3va has 10 seconds left.\n|\n|t:|1776068099\n|move|p1a: Lycanroc|Rock Slide|p2a: Dragonite|[spread] p2a,p2b\n|-supereffective|p2a: Dragonite|1\n|-damage|p2a: Dragonite|21/100\n|-damage|p2b: Sinistcha|75/100\n|cant|p2a: Dragonite|flinch\n|move|p2b: Sinistcha|Matcha Gotcha|p1b: Farigiraf|[spread] p1a,p1b\n|-supereffective|p1a: Lycanroc|1\n|-damage|p1a: Lycanroc|42/100\n|-heal|p2b: Sinistcha|100/100|[from] drain|[of] p1a: Lycanroc\n|-damage|p1b: Farigiraf|53/100\n|move|p1b: Farigiraf|Psychic|p2a: Dragonite\n|-damage|p2a: Dragonite|0 fnt\n|faint|p2a: Dragonite\n|\n|-heal|p1b: Farigiraf|59/100|[from] item: Leftovers\n|upkeep\n|\n|t:|1776068109\n|switch|p2a: Basculegion|Basculegion, L50, M|73/100\n|turn|9\n|inactive|Kamad3va has 30 seconds left.\n|inactive|Kamad3va has 20 seconds left.\n|inactive|Kamad3va has 15 seconds left.\n|inactive|Kamad3va has 10 seconds left.\n|inactive|Kamad3va has 5 seconds left.\n|\n|t:|1776068159\n|move|p2b: Sinistcha|Rage Powder|p2b: Sinistcha\n|-singleturn|p2b: Sinistcha|move: Rage Powder\n|move|p2a: Basculegion|Wave Crash|p1a: Lycanroc\n|-supereffective|p1a: Lycanroc|1\n|-damage|p1a: Lycanroc|0 fnt\n|faint|p1a: Lycanroc\n|-damage|p2a: Basculegion|63/100|[from] Recoil\n|move|p1b: Farigiraf|Psychic|p2b: Sinistcha\n|-damage|p2b: Sinistcha|62/100\n|\n|-heal|p2b: Sinistcha|68/100|[from] item: Leftovers\n|-heal|p1b: Farigiraf|65/100|[from] item: Leftovers\n|upkeep\n|\n|t:|1776068169\n|switch|p1a: Dragapult|Dragapult, L50, M|100/100\n|turn|10\n|inactive|Kamad3va has 30 seconds left.\n|inactive|Kamad3va has 20 seconds left.\n|inactive|Kamad3va has 15 seconds left.\n|\n|t:|1776068213\n|move|p1a: Dragapult|Shadow Ball|p2a: Basculegion\n|-supereffective|p2a: Basculegion|1\n|-damage|p2a: Basculegion|0 fnt\n|faint|p2a: Basculegion\n|move|p2b: Sinistcha|Shadow Ball|p1a: Dragapult\n|-supereffective|p1a: Dragapult|1\n|-damage|p1a: Dragapult|36/100\n|-unboost|p1a: Dragapult|spd|1\n|move|p1b: Farigiraf|Psychic|p2b: Sinistcha\n|-damage|p2b: Sinistcha|31/100\n|\n|-heal|p2b: Sinistcha|36/100|[from] item: Leftovers\n|-heal|p1b: Farigiraf|71/100|[from] item: Leftovers\n|upkeep\n|turn|11\n|inactive|knotSkolas has 30 seconds left.\n|inactive|knotSkolas has 20 seconds left.\n|\n|t:|1776068249\n|move|p1a: Dragapult|Shadow Ball|p2b: Sinistcha\n|-supereffective|p2b: Sinistcha|1\n|-damage|p2b: Sinistcha|0 fnt\n|faint|p2b: Sinistcha\n|\n|win|knotSkolas\n|raw|knotSkolas's rating: 1100 &rarr; <strong>1126</strong><br />(+26 for winning)\n|raw|Kamad3va's rating: 1108 &rarr; <strong>1082</strong><br />(-26 for losing)\n|l|\u2606Kamad3va\n|player|p2|\n",
  "uploadtime": 1776068322,
  "views": 10,
  "formatid": "gen9championsvgc2026regma",
  "rating": 1082,
  "private": 0,
  "password": null
}