{
  "id": "gen9championsvgc2026regma-2582516611",
  "format": "[Gen 9 Champions] VGC 2026 Reg M-A",
  "players": [
    "CoolTrainerBu",
    "neuroaxial"
  ],
  "log": "|j|\u2606CoolTrainerBu\n|j|\u2606neuroaxial\n|t:|1776096697\n|gametype|doubles\n|player|p1|CoolTrainerBu|101|1045\n|player|p2|neuroaxial|266|1058\n|gen|9\n|tier|[Gen 9 Champions] VGC 2026 Reg M-A\n|rated|\n|rule|Species Clause: Limit one of each Pok\u00e9mon\n|rule|Item Clause: Limit 1 of each item\n|clearpoke\n|poke|p1|Charizard, L50, M|\n|poke|p1|Whimsicott, L50, M|\n|poke|p1|Garchomp, L50, M|\n|poke|p1|Sneasler, L50, F|\n|poke|p1|Maushold, L50|\n|poke|p1|Incineroar, L50, M|\n|poke|p2|Starmie, L50|\n|poke|p2|Aegislash, L50, F|\n|poke|p2|Sneasler, L50, M|\n|poke|p2|Pelipper, L50, M|\n|poke|p2|Archaludon, L50, M|\n|poke|p2|Maushold, L50|\n|teampreview|4\n|inactive|Battle timer is ON: inactive players will automatically lose when time's up. (requested by CoolTrainerBu)\n|inactive|CoolTrainerBu has 60 seconds left.\n|inactive|neuroaxial has 60 seconds left.\nCoolTrainerBu has agreed to open team sheets.\n|\n|t:|1776096751\n|teamsize|p1|4\n|teamsize|p2|4\n|start\n|switch|p1a: Incineroar|Incineroar, L50, M|100/100\n|switch|p1b: Whimsicott|Whimsicott, L50, M|100/100\n|switch|p2a: Sneasler|Sneasler, L50, M|100/100\n|switch|p2b: Pelipper|Pelipper, L50, M|100/100\n|-weather|RainDance|[from] ability: Drizzle|[of] p2b: Pelipper\n|-ability|p1a: Incineroar|Intimidate|boost\n|-unboost|p2a: Sneasler|atk|1\n|-unboost|p2b: Pelipper|atk|1\n|-enditem|p2a: Sneasler|White Herb\n|-clearnegativeboost|p2a: Sneasler|[silent]\n|turn|1\n|\n|t:|1776096773\n|move|p2a: Sneasler|Fake Out|p1b: Whimsicott\n|-damage|p1b: Whimsicott|79/100\n|move|p1a: Incineroar|Fake Out|p2b: Pelipper\n|-damage|p2b: Pelipper|85/100\n|cant|p1b: Whimsicott|flinch\n|cant|p2b: Pelipper|flinch\n|\n|-weather|RainDance|[upkeep]\n|upkeep\n|turn|2\n|inactive|CoolTrainerBu has 30 seconds left.\n|\n|t:|1776096807\n|move|p1b: Whimsicott|Encore|p2a: Sneasler\n|-start|p2a: Sneasler|Encore\n|move|p2a: Sneasler|Fake Out||[still]\n|-hint|Fake Out only works on your first turn out.\n|-fail|p2a: Sneasler\n|move|p2b: Pelipper|Tailwind|p2b: Pelipper\n|-sidestart|p2: neuroaxial|move: Tailwind\n|move|p1a: Incineroar|Parting Shot|p2b: Pelipper\n|-unboost|p2b: Pelipper|atk|1\n|-unboost|p2b: Pelipper|spa|1\n|\n|t:|1776096816\n|switch|p1a: Charizard|Charizard, L50, M|100/100|[from] Parting Shot\n|\n|-weather|RainDance|[upkeep]\n|upkeep\n|turn|3\n|\n|t:|1776096838\n|switch|p2a: Maushold|Maushold, L50|100/100\n|detailschange|p1a: Charizard|Charizard-Mega-Y, L50, M\n|-mega|p1a: Charizard|Charizard|Charizardite Y\n|-weather|SunnyDay|[from] ability: Drought|[of] p1a: Charizard\n|move|p2b: Pelipper|Protect|p2b: Pelipper\n|-singleturn|p2b: Pelipper|Protect\n|move|p1b: Whimsicott|Tailwind|p1b: Whimsicott\n|-sidestart|p1: CoolTrainerBu|move: Tailwind\n|move|p1a: Charizard|Heat Wave|p2b: Pelipper|[spread] p2a\n|-activate|p2b: Pelipper|move: Protect\n|-damage|p2a: Maushold|10/100\n|\n|-weather|SunnyDay|[upkeep]\n|upkeep\n|turn|4\n|inactive|CoolTrainerBu has 30 seconds left.\n|\n|t:|1776096864\n|switch|p2b: Sneasler|Sneasler, L50, M|100/100\n|move|p2a: Maushold|Protect|p2a: Maushold\n|-singleturn|p2a: Maushold|Protect\n|move|p1b: Whimsicott|Moonblast|p2b: Sneasler\n|-damage|p2b: Sneasler|67/100\n|move|p1a: Charizard|Heat Wave|p2a: Maushold|[spread] p2b\n|-activate|p2a: Maushold|move: Protect\n|-damage|p2b: Sneasler|0 fnt\n|faint|p2b: Sneasler\n|\n|-weather|SunnyDay|[upkeep]\n|upkeep\n|\n|t:|1776096877\n|switch|p2b: Starmie|Starmie, L50|100/100\n|turn|5\n|inactive|CoolTrainerBu has 30 seconds left.\n|\n|t:|1776096903\n|switch|p2a: Pelipper|Pelipper, L50, M|85/100\n|-weather|RainDance|[from] ability: Drizzle|[of] p2a: Pelipper\n|detailschange|p2b: Starmie|Starmie-Mega, L50\n|-mega|p2b: Starmie|Starmie|Starminite\n|move|p1b: Whimsicott|Sunny Day|p1b: Whimsicott\n|-weather|SunnyDay\n|move|p2b: Starmie|Psycho Cut|p1b: Whimsicott\n|-damage|p1b: Whimsicott|0 fnt\n|faint|p1b: Whimsicott\n|move|p1a: Charizard|Solar Beam||[still]\n|-prepare|p1a: Charizard|Solar Beam\n|-anim|p1a: Charizard|Solar Beam|p2b: Starmie\n|-supereffective|p2b: Starmie|1\n|-damage|p2b: Starmie|0 fnt\n|faint|p2b: Starmie\n|\n|-weather|SunnyDay|[upkeep]\n|-sideend|p2: neuroaxial|move: Tailwind\n|upkeep\n|\n|t:|1776096922\n|switch|p1b: Incineroar|Incineroar, L50, M|100/100\n|switch|p2b: Maushold|Maushold, L50|10/100\n|-ability|p1b: Incineroar|Intimidate|boost\n|-unboost|p2a: Pelipper|atk|1\n|-unboost|p2b: Maushold|atk|1\n|turn|6\n|\n|t:|1776096935\n|move|p2b: Maushold|Protect|p2b: Maushold\n|-singleturn|p2b: Maushold|Protect\n|move|p2a: Pelipper|Protect|p2a: Pelipper\n|-singleturn|p2a: Pelipper|Protect\n|move|p1b: Incineroar|Fake Out|p2a: Pelipper\n|-activate|p2a: Pelipper|move: Protect\n|move|p1a: Charizard|Heat Wave|p2b: Maushold|[spread] \n|-activate|p2a: Pelipper|move: Protect\n|-activate|p2b: Maushold|move: Protect\n|\n|-weather|SunnyDay|[upkeep]\n|-sideend|p1: CoolTrainerBu|move: Tailwind\n|upkeep\n|turn|7\n|\n|t:|1776096957\n|move|p2b: Maushold|Super Fang|p1b: Incineroar\n|-damage|p1b: Incineroar|50/100\n|move|p1a: Charizard|Heat Wave|p2a: Pelipper|[spread] p2a,p2b\n|-resisted|p2a: Pelipper|1\n|-damage|p2a: Pelipper|43/100\n|-damage|p2b: Maushold|0 fnt\n|faint|p2b: Maushold\n|move|p2a: Pelipper|Hurricane|p1a: Charizard\n|-damage|p1a: Charizard|57/100\n|-start|p1a: Charizard|confusion\n|move|p1b: Incineroar|Darkest Lariat|p2a: Pelipper\n|-damage|p2a: Pelipper|0 fnt\n|faint|p2a: Pelipper\n|\n|win|CoolTrainerBu\n|raw|CoolTrainerBu's rating: 1045 &rarr; <strong>1079</strong><br />(+34 for winning)\n|raw|neuroaxial's rating: 1058 &rarr; <strong>1039</strong><br />(-19 for losing)\n|l|\u2606neuroaxial\n|player|p2|\n",
  "uploadtime": 1776097005,
  "views": 14,
  "formatid": "gen9championsvgc2026regma",
  "rating": 1039,
  "private": 0,
  "password": null
}