{
  "id": "gen9championsvgc2026regma-2581758029",
  "format": "[Gen 9 Champions] VGC 2026 Reg M-A",
  "players": [
    "vitzilantis",
    "iuuwuuuquuqik"
  ],
  "log": "|j|\u2606vitzilantis\n|j|\u2606iuuwuuuquuqik\n|t:|1776026108\n|gametype|doubles\n|player|p1|vitzilantis|265|1130\n|player|p2|iuuwuuuquuqik|265|1047\n|gen|9\n|tier|[Gen 9 Champions] VGC 2026 Reg M-A\n|rated|\n|rule|Species Clause: Limit one of each Pok\u00e9mon\n|rule|Item Clause: Limit 1 of each item\n|clearpoke\n|poke|p1|Delphox, L50, M|\n|poke|p1|Farigiraf, L50, M|\n|poke|p1|Slowking, L50, F|\n|poke|p1|Hydrapple, L50, M|\n|poke|p1|Arcanine, L50, M|\n|poke|p1|Torkoal, L50, M|\n|poke|p2|Starmie, L50|\n|poke|p2|Pelipper, L50, M|\n|poke|p2|Whimsicott, L50, F|\n|poke|p2|Sneasler, L50, M|\n|poke|p2|Kingambit, L50, M|\n|poke|p2|Dragonite, L50, M|\n|teampreview|4\n|inactive|Battle timer is ON: inactive players will automatically lose when time's up. (requested by vitzilantis)\n|\n|t:|1776026132\n|teamsize|p1|4\n|teamsize|p2|4\n|start\n|switch|p1a: Arcanine|Arcanine, L50, M|100/100\n|switch|p1b: Farigiraf|Farigiraf, L50, M|100/100\n|switch|p2a: Dragonite|Dragonite, L50, M|100/100\n|switch|p2b: Kingambit|Kingambit, L50, M|100/100\n|-ability|p1a: Arcanine|Intimidate|boost\n|-unboost|p2a: Dragonite|atk|1\n|-unboost|p2b: Kingambit|atk|1\n|-ability|p2b: Kingambit|Defiant|boost\n|-boost|p2b: Kingambit|atk|2\n|turn|1\n|inactive|iuuwuuuquuqik has 30 seconds left.\n|\n|t:|1776026160\n|switch|p2b: Pelipper|Pelipper, L50, M|100/100\n|-weather|RainDance|[from] ability: Drizzle|[of] p2b: Pelipper\n|move|p2a: Dragonite|Dragon Pulse|p1b: Farigiraf\n|-damage|p1b: Farigiraf|66/100\n|move|p1a: Arcanine|Will-O-Wisp|p2b: Pelipper\n|-status|p2b: Pelipper|brn\n|move|p1b: Farigiraf|Psychic Terrain|p1b: Farigiraf\n|-fieldstart|move: Psychic Terrain\n|\n|-weather|RainDance|[upkeep]\n|-damage|p2b: Pelipper|95/100 brn|[from] brn\n|upkeep\n|turn|2\n|inactive|vitzilantis has 30 seconds left.\n|\n|t:|1776026188\n|switch|p1a: Torkoal|Torkoal, L50, M|100/100\n|-weather|SunnyDay|[from] ability: Drought|[of] p1a: Torkoal\n|move|p2a: Dragonite|Dragon Pulse|p1b: Farigiraf\n|-damage|p1b: Farigiraf|34/100\n|move|p1b: Farigiraf|Hyper Voice|p2a: Dragonite|[spread] p2a,p2b\n|-damage|p2a: Dragonite|84/100\n|-damage|p2b: Pelipper|60/100 brn\n|move|p2b: Pelipper|Hurricane|p1b: Farigiraf\n|-damage|p1b: Farigiraf|0 fnt\n|faint|p1b: Farigiraf\n|\n|-weather|SunnyDay|[upkeep]\n|-damage|p2b: Pelipper|54/100 brn|[from] brn\n|upkeep\n|\n|t:|1776026204\n|switch|p1b: Delphox|Delphox, L50, M|100/100\n|turn|3\n|\n|t:|1776026227\n|detailschange|p1b: Delphox|Delphox-Mega, L50, M\n|-mega|p1b: Delphox|Delphox|Delphoxite\n|move|p1b: Delphox|Heat Wave|p2b: Pelipper|[spread] p2a,p2b\n|-resisted|p2a: Dragonite|1\n|-resisted|p2b: Pelipper|1\n|-damage|p2a: Dragonite|57/100\n|-damage|p2b: Pelipper|23/100 brn\n|-enditem|p2b: Pelipper|Sitrus Berry|[eat]\n|-heal|p2b: Pelipper|48/100 brn|[from] item: Sitrus Berry\n|move|p2a: Dragonite|Dragon Pulse|p1a: Torkoal\n|-damage|p1a: Torkoal|58/100\n|move|p2b: Pelipper|U-turn|p1b: Delphox\n|-damage|p1b: Delphox|93/100\n|\n|t:|1776026242\n|switch|p2b: Starmie|Starmie, L50|100/100|[from] U-turn\n|move|p1a: Torkoal|Eruption|p2a: Dragonite|[spread] p2a,p2b\n|-resisted|p2a: Dragonite|1\n|-resisted|p2b: Starmie|1\n|-damage|p2a: Dragonite|36/100\n|-damage|p2b: Starmie|65/100\n|\n|-weather|SunnyDay|[upkeep]\n|upkeep\n|turn|4\n|inactive|iuuwuuuquuqik has 30 seconds left.\n|inactive|iuuwuuuquuqik has 20 seconds left.\n|\n|t:|1776026278\n|switch|p2b: Pelipper|Pelipper, L50, M|48/100 brn\n|-weather|RainDance|[from] ability: Drizzle|[of] p2b: Pelipper\n|switch|p1a: Arcanine|Arcanine, L50, M|100/100\n|-ability|p1a: Arcanine|Intimidate|boost\n|-unboost|p2a: Dragonite|atk|1\n|-unboost|p2b: Pelipper|atk|1\n|move|p1b: Delphox|Protect|p1b: Delphox\n|-singleturn|p1b: Delphox|Protect\n|move|p2a: Dragonite|Protect||[still]\n|-fail|p2a: Dragonite\n|\n|-weather|RainDance|[upkeep]\n|-damage|p2b: Pelipper|42/100 brn|[from] brn\n|upkeep\n|turn|5\n|inactive|iuuwuuuquuqik has 30 seconds left.\n|\n|t:|1776026304\n|move|p1b: Delphox|Heat Wave|p2b: Pelipper|[spread] p2a,p2b\n|-resisted|p2a: Dragonite|1\n|-resisted|p2b: Pelipper|1\n|-damage|p2a: Dragonite|26/100\n|-damage|p2b: Pelipper|32/100 brn\n|-status|p2a: Dragonite|brn\n|move|p2a: Dragonite|Hurricane|p1b: Delphox\n|-damage|p1b: Delphox|50/100\n|move|p1a: Arcanine|Snarl|p2a: Dragonite|[spread] p2a,p2b\n|-damage|p2a: Dragonite|16/100 brn\n|-damage|p2b: Pelipper|20/100 brn\n|-unboost|p2a: Dragonite|spa|1\n|-unboost|p2b: Pelipper|spa|1\n|move|p2b: Pelipper|Weather Ball|p1a: Arcanine\n|-supereffective|p1a: Arcanine|1\n|-damage|p1a: Arcanine|42/100\n|-enditem|p1a: Arcanine|Sitrus Berry|[eat]\n|-heal|p1a: Arcanine|66/100|[from] item: Sitrus Berry\n|\n|-weather|RainDance|[upkeep]\n|-damage|p2a: Dragonite|10/100 brn|[from] brn\n|-damage|p2b: Pelipper|14/100 brn|[from] brn\n|-fieldend|move: Psychic Terrain\n|upkeep\n|turn|6\n|inactive|vitzilantis has 30 seconds left.\n|inactive|iuuwuuuquuqik has 30 seconds left.\n|inactive|iuuwuuuquuqik has 20 seconds left.\n|inactive|iuuwuuuquuqik has 15 seconds left.\n|inactive|iuuwuuuquuqik has 10 seconds left.\n|inactive|iuuwuuuquuqik has 5 seconds left.\n|\n|t:|1776026355\n|switch|p1b: Torkoal|Torkoal, L50, M|58/100\n|-weather|SunnyDay|[from] ability: Drought|[of] p1b: Torkoal\n|move|p2a: Dragonite|Extreme Speed|p1b: Torkoal\n|-damage|p1b: Torkoal|55/100\n|move|p1a: Arcanine|Snarl|p2b: Pelipper|[spread] p2a,p2b\n|-damage|p2a: Dragonite|0 fnt\n|-damage|p2b: Pelipper|2/100 brn\n|-unboost|p2b: Pelipper|spa|1\n|faint|p2a: Dragonite\n|move|p2b: Pelipper|Weather Ball|p1a: Arcanine\n|-resisted|p1a: Arcanine|1\n|-damage|p1a: Arcanine|58/100\n|\n|-weather|SunnyDay|[upkeep]\n|-damage|p2b: Pelipper|0 fnt|[from] brn\n|faint|p2b: Pelipper\n|upkeep\n|\n|t:|1776026376\n|switch|p2a: Kingambit|Kingambit, L50, M|100/100\n|switch|p2b: Starmie|Starmie, L50|65/100\n|turn|7\n|\n|t:|1776026390\n|detailschange|p2b: Starmie|Starmie-Mega, L50\n|-mega|p2b: Starmie|Starmie|Starminite\n|move|p2a: Kingambit|Sucker Punch||[still]\n|-fail|p2a: Kingambit\n|move|p2b: Starmie|Liquidation|p1b: Torkoal\n|-supereffective|p1b: Torkoal|1\n|-damage|p1b: Torkoal|0 fnt\n|faint|p1b: Torkoal\n|move|p1a: Arcanine|Will-O-Wisp|p2b: Starmie\n|-status|p2b: Starmie|brn\n|\n|-weather|SunnyDay|[upkeep]\n|-damage|p2b: Starmie|60/100 brn|[from] brn\n|upkeep\n|\n|t:|1776026400\n|switch|p1b: Delphox|Delphox-Mega, L50, M|50/100\n|turn|8\n|\n|t:|1776026410\n|move|p2a: Kingambit|Sucker Punch||[still]\n|-fail|p2a: Kingambit\n|move|p1b: Delphox|Nasty Plot|p1b: Delphox\n|-boost|p1b: Delphox|spa|2\n|move|p2b: Starmie|Liquidation|p1a: Arcanine\n|-supereffective|p1a: Arcanine|1\n|-damage|p1a: Arcanine|15/100\n|-unboost|p1a: Arcanine|def|1\n|move|p1a: Arcanine|Will-O-Wisp|p2a: Kingambit\n|-status|p2a: Kingambit|brn\n|\n|-weather|SunnyDay|[upkeep]\n|-damage|p2b: Starmie|54/100 brn|[from] brn\n|-damage|p2a: Kingambit|95/100 brn|[from] brn\n|upkeep\n|turn|9\n|\n|t:|1776026428\n|move|p2b: Starmie|Aqua Jet|p1a: Arcanine\n|-supereffective|p1a: Arcanine|1\n|-damage|p1a: Arcanine|0 fnt\n|faint|p1a: Arcanine\n|move|p1b: Delphox|Heat Wave|p2b: Starmie|[spread] p2a,p2b\n|-supereffective|p2a: Kingambit|1\n|-resisted|p2b: Starmie|1\n|-damage|p2a: Kingambit|0 fnt\n|-damage|p2b: Starmie|0 fnt\n|faint|p2a: Kingambit\n|faint|p2b: Starmie\n|\n|win|vitzilantis\n|raw|vitzilantis's rating: 1130 &rarr; <strong>1149</strong><br />(+19 for winning)\n|raw|iuuwuuuquuqik's rating: 1047 &rarr; <strong>1034</strong><br />(-13 for losing)\n|l|\u2606iuuwuuuquuqik\n|player|p2|\n",
  "uploadtime": 1776026440,
  "views": 18,
  "formatid": "gen9championsvgc2026regma",
  "rating": 1034,
  "private": 0,
  "password": null
}