{
  "id": "gen9championsvgc2026regma-2583137304",
  "format": "[Gen 9 Champions] VGC 2026 Reg M-A",
  "players": [
    "rawsause w eggos",
    "spricatto"
  ],
  "log": "|j|\u2606rawsause w eggos\n|j|\u2606spricatto\n|t:|1776146528\n|gametype|doubles\n|player|p1|rawsause w eggos|red-masters2|\n|player|p2|spricatto|102|\n|gen|9\n|tier|[Gen 9 Champions] VGC 2026 Reg M-A\n|rated|Tournament battle\n|rule|Species Clause: Limit one of each Pok\u00e9mon\n|rule|Item Clause: Limit 1 of each item\n|raw|<div class=\"infobox\"><details class=\"readmore\" open><summary><strong>1 custom rule:</strong></summary> Force Open Team Sheets</details></div>\n|clearpoke\n|poke|p1|Meganium, L50, M|\n|poke|p1|Aerodactyl, L50, M|\n|poke|p1|Simipour, L50, F|\n|poke|p1|Incineroar, L50, M|\n|poke|p1|Aegislash, L50, F|\n|poke|p1|Farigiraf, L50, F|\n|poke|p2|Floette-Eternal, L50, F|\n|poke|p2|Maushold, L50|\n|poke|p2|Talonflame, L50, F|\n|poke|p2|Excadrill, L50, F|\n|poke|p2|Tyranitar, L50, M|\n|poke|p2|Basculegion, L50, M|\n|teampreview|4\n|showteam|p1|Meganium||Meganiumite|LeafGuard|SolarBeam,DazzlingGleam,WeatherBall,Protect|||M|||50|]Aerodactyl||FocusSash|Unnerve|RockSlide,DualWingbeat,Tailwind,Protect|||M|||50|]Simipour||MysticWater|Torrent|Scald,FlipTurn,IcyWind,FakeOut|||F|||50|]Incineroar||SitrusBerry|Intimidate|ThroatChop,PartingShot,FakeOut,FlareBlitz|||M|||50|]Aegislash||Leftovers|StanceChange|IronHead,Poltergeist,WideGuard,KingsShield|||F|||50|]Farigiraf||MentalHerb|ArmorTail|Psychic,HyperVoice,TrickRoom,HelpingHand|||F|||50|\n|showteam|p2|Floette-Eternal||Floettite|FlowerVeil|DazzlingGleam,Protect,Moonblast,CalmMind|||F|||50|]Maushold||ChopleBerry|FriendGuard|FollowMe,Taunt,SuperFang,Protect||||||50|]Talonflame|||GaleWings|Acrobatics,Tailwind,UpperHand,Protect|||F|||50|]Excadrill||FocusSash|SandRush|Earthquake,IronHead,SwordsDance,Protect|||F|||50|]Tyranitar||Tyranitarite|SandStream|RockSlide,KnockOff,IcePunch,Protect|||M|||50|]Basculegion||ChoiceScarf|Adaptability|LastRespects,WaveCrash,FlipTurn,PsychicFangs|||M|||50|\n|\n|t:|1776146558\n|teamsize|p1|4\n|teamsize|p2|4\n|start\n|switch|p1a: Incineroar|Incineroar, L50, M|100/100\n|switch|p1b: Meganium|Meganium, L50, M|100/100\n|switch|p2a: Maushold|Maushold, L50|100/100\n|switch|p2b: Floette|Floette-Eternal, L50, F|100/100\n|-ability|p1a: Incineroar|Intimidate|boost\n|-unboost|p2a: Maushold|atk|1\n|-unboost|p2b: Floette|atk|1\n|turn|1\n|\n|t:|1776146581\n|switch|p1a: Farigiraf|Farigiraf, L50, F|100/100\n|detailschange|p2b: Floette|Floette-Mega, L50, F\n|-mega|p2b: Floette|Floette|Floettite\n|-ability|p2b: Floette|Fairy Aura\n|detailschange|p1b: Meganium|Meganium-Mega, L50, M\n|-mega|p1b: Meganium|Meganium|Meganiumite\n|move|p2a: Maushold|Super Fang|p1a: Farigiraf|[miss]\n|-miss|p2a: Maushold|p1a: Farigiraf\n|move|p2b: Floette|Calm Mind|p2b: Floette\n|-boost|p2b: Floette|spa|1\n|-boost|p2b: Floette|spd|1\n|move|p1b: Meganium|Dazzling Gleam|p2b: Floette|[spread] p2a,p2b\n|-damage|p2a: Maushold|42/100\n|-damage|p2b: Floette|85/100\n|\n|upkeep\n|turn|2\n|inactive|Battle timer is ON: inactive players will automatically lose when time's up. (requested by spricatto)\n|\n|t:|1776146602\n|switch|p1a: Aegislash|Aegislash, L50, F|100/100\n|move|p1b: Meganium|Protect|p1b: Meganium\n|-singleturn|p1b: Meganium|Protect\n|move|p2a: Maushold|Super Fang|p1a: Aegislash\n|-immune|p1a: Aegislash\n|move|p2b: Floette|Dazzling Gleam|p1b: Meganium|[spread] p1a\n|-activate|p1b: Meganium|move: Protect\n|-resisted|p1a: Aegislash|1\n|-damage|p1a: Aegislash|67/100\n|\n|-heal|p1a: Aegislash|73/100|[from] item: Leftovers\n|upkeep\n|turn|3\n|\n|t:|1776146620\n|move|p2b: Floette|Protect|p2b: Floette\n|-singleturn|p2b: Floette|Protect\n|move|p2a: Maushold|Super Fang|p1b: Meganium|[miss]\n|-miss|p2a: Maushold|p1b: Meganium\n|move|p1b: Meganium|Solar Beam||[still]\n|-prepare|p1b: Meganium|Solar Beam\n|-activate|p1b: Meganium|ability: Mega Sol\n|-anim|p1b: Meganium|Solar Beam|p2a: Maushold\n|-damage|p2a: Maushold|0 fnt\n|faint|p2a: Maushold\n|-formechange|p1a: Aegislash|Aegislash-Blade|\n|move|p1a: Aegislash|Iron Head|p2b: Floette\n|-activate|p2b: Floette|move: Protect\n|\n|-heal|p1a: Aegislash|79/100|[from] item: Leftovers\n|upkeep\n|j| I\u2764\ufe0f\u5a1c\u7984Forever\n|l| I\u2764\ufe0f\u5a1c\u7984Forever\n|\n|t:|1776146641\n|switch|p2a: Talonflame|Talonflame, L50, F|100/100\n|turn|4\n|inactive|rawsause w eggos has 30 seconds left.\n|inactive|rawsause w eggos has 20 seconds left.\n|inactive|rawsause w eggos has 15 seconds left.\n|inactive|spricatto has 30 seconds left.\n|j| I\u2764\ufe0f\u5a1c\u7984Forever\n|\n|t:|1776146690\n|switch|p1b: Incineroar|Incineroar, L50, M|100/100\n|-ability|p1b: Incineroar|Intimidate|boost\n|-unboost|p2a: Talonflame|atk|1\n|-unboost|p2b: Floette|atk|1\n|-formechange|p1a: Aegislash|Aegislash|\n|move|p1a: Aegislash|King's Shield|p1a: Aegislash\n|-singleturn|p1a: Aegislash|Protect\n|move|p2a: Talonflame|Acrobatics|p1b: Incineroar\n|-damage|p1b: Incineroar|76/100\n|move|p2b: Floette|Moonblast|p1a: Aegislash\n|-activate|p1a: Aegislash|move: Protect\n|\n|-heal|p1a: Aegislash|85/100|[from] item: Leftovers\n|upkeep\n|turn|5\n|inactive|rawsause w eggos has 30 seconds left.\n|j| Limeeater\n|inactive|spricatto has 30 seconds left.\n|\n|t:|1776146728\n|switch|p1a: Farigiraf|Farigiraf, L50, F|100/100\n|move|p2b: Floette|Protect|p2b: Floette\n|-singleturn|p2b: Floette|Protect\n|move|p2a: Talonflame|Upper Hand||[still]\n|cant|p1a: Farigiraf|ability: Armor Tail|Upper Hand|[of] p2a: Talonflame\n|move|p1b: Incineroar|Parting Shot|p2b: Floette\n|-activate|p2b: Floette|move: Protect\n|\n|upkeep\n|turn|6\n|inactive|spricatto has 30 seconds left.\n|l| Limeeater\n|inactive|spricatto has 20 seconds left.\n|\n|t:|1776146771\n|switch|p2a: Tyranitar|Tyranitar, L50, M|100/100\n|-weather|Sandstorm|[from] ability: Sand Stream|[of] p2a: Tyranitar\n|switch|p1a: Aegislash|Aegislash, L50, F|85/100\n|move|p2b: Floette|Moonblast|p1a: Aegislash\n|-resisted|p1a: Aegislash|1\n|-damage|p1a: Aegislash|37/100\n|move|p1b: Incineroar|Parting Shot|p2b: Floette\n|-unboost|p2b: Floette|atk|1\n|-unboost|p2b: Floette|spa|1\n|\n|t:|1776146784\n|switch|p1b: Meganium|Meganium-Mega, L50, M|100/100|[from] Parting Shot\n|\n|-weather|Sandstorm|[upkeep]\n|-damage|p2b: Floette|79/100|[from] Sandstorm\n|-damage|p1b: Meganium|94/100|[from] Sandstorm\n|-heal|p1a: Aegislash|43/100|[from] item: Leftovers\n|upkeep\n|turn|7\n|inactive|spricatto has 30 seconds left.\n|inactive|spricatto has 20 seconds left.\n|\n|t:|1776146821\n|switch|p1a: Farigiraf|Farigiraf, L50, F|100/100\n|move|p2b: Floette|Calm Mind|p2b: Floette\n|-boost|p2b: Floette|spa|1\n|-boost|p2b: Floette|spd|1\n|move|p1b: Meganium|Solar Beam||[still]\n|-prepare|p1b: Meganium|Solar Beam\n|-activate|p1b: Meganium|ability: Mega Sol\n|-anim|p1b: Meganium|Solar Beam|p2a: Tyranitar\n|-supereffective|p2a: Tyranitar|1\n|-damage|p2a: Tyranitar|0 fnt\n|faint|p2a: Tyranitar\n|\n|-weather|Sandstorm|[upkeep]\n|-damage|p2b: Floette|73/100|[from] Sandstorm\n|-damage|p1b: Meganium|88/100|[from] Sandstorm\n|-damage|p1a: Farigiraf|95/100|[from] Sandstorm\n|upkeep\n|\n|t:|1776146830\n|switch|p2a: Talonflame|Talonflame, L50, F|100/100\n|turn|8\n|inactive|rawsause w eggos has 30 seconds left.\n|\n|t:|1776146859\n|move|p2a: Talonflame|Acrobatics||[still]\n|cant|p1a: Farigiraf|ability: Armor Tail|Acrobatics|[of] p2a: Talonflame\n|move|p2b: Floette|Moonblast|p1a: Farigiraf\n|-damage|p1a: Farigiraf|0 fnt\n|faint|p1a: Farigiraf\n|move|p1b: Meganium|Solar Beam||[still]\n|-prepare|p1b: Meganium|Solar Beam\n|-activate|p1b: Meganium|ability: Mega Sol\n|-anim|p1b: Meganium|Solar Beam|p2b: Floette\n|-damage|p2b: Floette|46/100\n|\n|-weather|Sandstorm|[upkeep]\n|-damage|p2a: Talonflame|95/100|[from] Sandstorm\n|-damage|p2b: Floette|40/100|[from] Sandstorm\n|-damage|p1b: Meganium|82/100|[from] Sandstorm\n|upkeep\n|\n|t:|1776146874\n|switch|p1a: Aegislash|Aegislash, L50, F|43/100\n|turn|9\n|inactive|spricatto has 30 seconds left.\n|j| SharkVGC\n|inactive|spricatto has 20 seconds left.\n|\n|t:|1776146909\n|move|p2b: Floette|Protect|p2b: Floette\n|-singleturn|p2b: Floette|Protect\n|move|p1a: Aegislash|King's Shield|p1a: Aegislash\n|-singleturn|p1a: Aegislash|Protect\n|move|p2a: Talonflame|Acrobatics|p1b: Meganium\n|-supereffective|p1b: Meganium|1\n|-damage|p1b: Meganium|5/100\n|move|p1b: Meganium|Solar Beam||[still]\n|-prepare|p1b: Meganium|Solar Beam\n|-activate|p1b: Meganium|ability: Mega Sol\n|-anim|p1b: Meganium|Solar Beam|p2b: Floette\n|-activate|p2b: Floette|move: Protect\n|\n|-weather|Sandstorm|[upkeep]\n|-damage|p2a: Talonflame|89/100|[from] Sandstorm\n|-damage|p2b: Floette|34/100|[from] Sandstorm\n|-damage|p1b: Meganium|0 fnt|[from] Sandstorm\n|faint|p1b: Meganium\n|-heal|p1a: Aegislash|49/100|[from] item: Leftovers\n|upkeep\n|\n|t:|1776146913\n|switch|p1b: Incineroar|Incineroar, L50, M|76/100\n|-ability|p1b: Incineroar|Intimidate|boost\n|-unboost|p2a: Talonflame|atk|1\n|-unboost|p2b: Floette|atk|1\n|turn|10\n|j| OnToTheOther\n|j| sille rovert\n|inactive|rawsause w eggos has 30 seconds left.\n|inactive|rawsause w eggos has 20 seconds left.\n|\n|t:|1776146950\n|move|p2a: Talonflame|Upper Hand||[still]\n|-fail|p2a: Talonflame\n|move|p2b: Floette|Moonblast|p1a: Aegislash\n|-resisted|p1a: Aegislash|1\n|-damage|p1a: Aegislash|0 fnt\n|faint|p1a: Aegislash\n|move|p1b: Incineroar|Flare Blitz|p2b: Floette\n|-damage|p2b: Floette|0 fnt\n|faint|p2b: Floette\n|-damage|p1b: Incineroar|66/100|[from] Recoil\n|\n|-weather|none\n|upkeep\n|turn|11\n|\n|t:|1776146960\n|move|p2a: Talonflame|Acrobatics|p1b: Incineroar\n|-damage|p1b: Incineroar|43/100\n|-enditem|p1b: Incineroar|Sitrus Berry|[eat]\n|-heal|p1b: Incineroar|68/100|[from] item: Sitrus Berry\n|move|p1b: Incineroar|Throat Chop|p2a: Talonflame\n|-damage|p2a: Talonflame|39/100\n|-start|p2a: Talonflame|Throat Chop|[silent]\n|\n|upkeep\n|turn|12\n|\n|t:|1776146966\n|move|p2a: Talonflame|Acrobatics|p1b: Incineroar\n|-damage|p1b: Incineroar|44/100\n|move|p1b: Incineroar|Throat Chop|p2a: Talonflame\n|-damage|p2a: Talonflame|0 fnt\n|faint|p2a: Talonflame\n|\n|win|rawsause w eggos\n|n|\u2606rawsause w eggos|rawsauseweggos\n|n|\u2606spricatto|spricatto\n|n| I\u2764\ufe0f\u5a1c\u7984Forever|iforever\n|n| SharkVGC|sharkvgc\n|n| OnToTheOther|ontotheother\n|n| sille rovert|sillerovert\n|c|\u2606spricatto|gg lol\n|c|\u2606rawsause w eggos|ggwp\n|l|\u2606spricatto\n|player|p2|\n|c|\u2606rawsause w eggos|floette is insane\n|l| SharkVGC\n",
  "uploadtime": 1776146975,
  "views": 18,
  "formatid": "gen9championsvgc2026regma",
  "rating": null,
  "private": 0,
  "password": null
}