{
  "id": "gen9championsvgc2026regma-2587646697",
  "format": "[Gen 9 Champions] VGC 2026 Reg M-A",
  "players": [
    "Flakenz",
    "guorongjia"
  ],
  "log": "|j|\u2606Flakenz\n|j|\u2606guorongjia\n|t:|1776550083\n|gametype|doubles\n|player|p1|Flakenz|boarder|1477\n|player|p2|guorongjia|miku-water|1498\n|gen|9\n|tier|[Gen 9 Champions] VGC 2026 Reg M-A\n|rated|\n|rule|Species Clause: Limit one of each Pok\u00e9mon\n|rule|Item Clause: Limit 1 of each item\n|clearpoke\n|poke|p1|Gengar, L50, F, shiny|\n|poke|p1|Kingambit, L50, M|\n|poke|p1|Blastoise, L50, M|\n|poke|p1|Talonflame, L50, M, shiny|\n|poke|p1|Sinistcha, L50|\n|poke|p1|Arcanine-Hisui, L50, F|\n|poke|p2|Gengar, L50, F, shiny|\n|poke|p2|Basculegion, L50, M, shiny|\n|poke|p2|Sneasler, L50, F, shiny|\n|poke|p2|Pelipper, L50, F, shiny|\n|poke|p2|Kingambit, L50, M, shiny|\n|poke|p2|Archaludon, L50, F, shiny|\n|teampreview|4\n|inactive|Battle timer is ON: inactive players will automatically lose when time's up. (requested by guorongjia)\n|\n|t:|1776550101\n|teamsize|p1|4\n|teamsize|p2|4\n|start\n|switch|p1a: Gengar|Gengar, L50, F, shiny|100/100\n|switch|p1b: Blastoise|Blastoise, L50, M|100/100\n|switch|p2a: Archaludon|Archaludon, L50, F, shiny|100/100\n|switch|p2b: Pelipper|Pelipper, L50, F, shiny|100/100\n|-weather|RainDance|[from] ability: Drizzle|[of] p2b: Pelipper\n|turn|1\n|\n|t:|1776550117\n|detailschange|p1b: Blastoise|Blastoise-Mega, L50, M\n|-mega|p1b: Blastoise|Blastoise|Blastoisinite\n|move|p1a: Gengar|Icy Wind|p2a: Archaludon|[spread] p2a,p2b\n|-damage|p2a: Archaludon|83/100\n|-damage|p2b: Pelipper|72/100\n|-unboost|p2a: Archaludon|spe|1\n|-unboost|p2b: Pelipper|spe|1\n|-ability|p2a: Archaludon|Stamina|boost\n|-boost|p2a: Archaludon|def|1\n|move|p1b: Blastoise|Aura Sphere|p2a: Archaludon\n|-supereffective|p2a: Archaludon|1\n|-enditem|p2a: Archaludon|Chople Berry|[eat]\n|-enditem|p2a: Archaludon|Chople Berry|[weaken]\n|-damage|p2a: Archaludon|27/100\n|-ability|p2a: Archaludon|Stamina|boost\n|-boost|p2a: Archaludon|def|1\n|move|p2b: Pelipper|Tailwind|p2b: Pelipper\n|-sidestart|p2: guorongjia|move: Tailwind\n|move|p2a: Archaludon|Electro Shot||[still]\n|-prepare|p2a: Archaludon|Electro Shot\n|-boost|p2a: Archaludon|spa|1\n|-anim|p2a: Archaludon|Electro Shot|p1b: Blastoise\n|-supereffective|p1b: Blastoise|1\n|-damage|p1b: Blastoise|0 fnt\n|faint|p1b: Blastoise\n|\n|-weather|RainDance|[upkeep]\n|upkeep\n|\n|t:|1776550141\n|switch|p1b: Kingambit|Kingambit, L50, M|100/100\n|turn|2\n|j| VGCChampionsBot \u2714\ufe0f\n|c| VGCChampionsBot \u2714\ufe0f|This battle is being recorded for analysis purposes. Further information can be found in our FAQ.\n|\n|t:|1776550155\n|move|p1b: Kingambit|Sucker Punch|p2b: Pelipper\n|-damage|p2b: Pelipper|13/100\n|move|p1a: Gengar|Icy Wind|p2a: Archaludon|[spread] p2a,p2b\n|-damage|p2a: Archaludon|8/100\n|-damage|p2b: Pelipper|0 fnt\n|-unboost|p2a: Archaludon|spe|1\n|-ability|p2a: Archaludon|Stamina|boost\n|-boost|p2a: Archaludon|def|1\n|faint|p2b: Pelipper\n|move|p2a: Archaludon|Electro Shot||[still]\n|-prepare|p2a: Archaludon|Electro Shot\n|-boost|p2a: Archaludon|spa|1\n|-anim|p2a: Archaludon|Electro Shot|p1b: Kingambit\n|-enditem|p1b: Kingambit|Focus Sash\n|-damage|p1b: Kingambit|1/100\n|\n|-weather|RainDance|[upkeep]\n|upkeep\n|\n|t:|1776550171\n|switch|p2b: Basculegion|Basculegion, L50, M, shiny|100/100\n|turn|3\n|inactive|guorongjia has 30 seconds left.\n|\n|t:|1776550198\n|switch|p1b: Sinistcha|Sinistcha, L50|100/100\n|move|p2b: Basculegion|Aqua Jet|p1a: Gengar\n|-crit|p1a: Gengar\n|-damage|p1a: Gengar|0 fnt\n|faint|p1a: Gengar\n|move|p2a: Archaludon|Electro Shot||[still]\n|-prepare|p2a: Archaludon|Electro Shot\n|-boost|p2a: Archaludon|spa|1\n|-anim|p2a: Archaludon|Electro Shot|p1b: Sinistcha\n|-resisted|p1b: Sinistcha|1\n|-damage|p1b: Sinistcha|47/100\n|-enditem|p1b: Sinistcha|Sitrus Berry|[eat]\n|-heal|p1b: Sinistcha|71/100|[from] item: Sitrus Berry\n|\n|-weather|RainDance|[upkeep]\n|upkeep\n|l| VGCChampionsBot \u2714\ufe0f\n|\n|t:|1776550215\n|switch|p1a: Kingambit|Kingambit, L50, M|1/100\n|turn|4\n|inactive|guorongjia has 30 seconds left.\n|\n|t:|1776550241\n|move|p1b: Sinistcha|Rage Powder|p1b: Sinistcha\n|-singleturn|p1b: Sinistcha|move: Rage Powder\n|move|p2b: Basculegion|Aqua Jet|p1b: Sinistcha\n|-resisted|p1b: Sinistcha|1\n|-damage|p1b: Sinistcha|55/100\n|move|p1a: Kingambit|Sucker Punch|p2a: Archaludon\n|-crit|p2a: Archaludon\n|-damage|p2a: Archaludon|0 fnt\n|faint|p2a: Archaludon\n|\n|-weather|RainDance|[upkeep]\n|-sideend|p2: guorongjia|move: Tailwind\n|upkeep\n|\n|t:|1776550245\n|switch|p2a: Gengar|Gengar, L50, F, shiny|100/100\n|turn|5\n|\n|t:|1776550263\n|detailschange|p2a: Gengar|Gengar-Mega, L50, F, shiny\n|-mega|p2a: Gengar|Gengar|Gengarite\n|move|p2a: Gengar|Protect|p2a: Gengar\n|-singleturn|p2a: Gengar|Protect\n|move|p1a: Kingambit|Protect|p1a: Kingambit\n|-singleturn|p1a: Kingambit|Protect\n|move|p2b: Basculegion|Aqua Jet|p1a: Kingambit\n|-activate|p1a: Kingambit|move: Protect\n|move|p1b: Sinistcha|Matcha Gotcha|p2b: Basculegion|[spread] p2b\n|-activate|p2a: Gengar|move: Protect\n|-supereffective|p2b: Basculegion|1\n|-damage|p2b: Basculegion|43/100\n|-heal|p1b: Sinistcha|87/100|[from] drain|[of] p2b: Basculegion\n|\n|-weather|none\n|upkeep\n|turn|6\n|inactive|Flakenz has 30 seconds left.\n|\n|t:|1776550293\n|move|p1b: Sinistcha|Rage Powder|p1b: Sinistcha\n|-singleturn|p1b: Sinistcha|move: Rage Powder\n|move|p2b: Basculegion|Aqua Jet|p1b: Sinistcha\n|-resisted|p1b: Sinistcha|1\n|-damage|p1b: Sinistcha|77/100\n|move|p1a: Kingambit|Sucker Punch|p2a: Gengar\n|-supereffective|p2a: Gengar|1\n|-damage|p2a: Gengar|0 fnt\n|faint|p2a: Gengar\n|\n|upkeep\n|turn|7\n|-message|guorongjia forfeited.\n|\n|win|Flakenz\n|raw|Flakenz's rating: 1477 &rarr; <strong>1498</strong><br />(+21 for winning)\n|raw|guorongjia's rating: 1498 &rarr; <strong>1477</strong><br />(-21 for losing)\n|l|\u2606guorongjia\n|player|p2|\n",
  "uploadtime": 1776550307,
  "views": 31,
  "formatid": "gen9championsvgc2026regma",
  "rating": 1477,
  "private": 0,
  "password": null
}