{
  "id": "gen9championsvgc2026regma-2587242845",
  "format": "[Gen 9 Champions] VGC 2026 Reg M-A",
  "players": [
    "jakeofonline",
    "Il Viper!"
  ],
  "log": "|j|\u2606jakeofonline\n|j|\u2606Il Viper!\n|t:|1776513516\n|gametype|doubles\n|player|p1|jakeofonline|brycenman|1212\n|player|p2|Il Viper!|red|1265\n|gen|9\n|tier|[Gen 9 Champions] VGC 2026 Reg M-A\n|rated|\n|rule|Species Clause: Limit one of each Pok\u00e9mon\n|rule|Item Clause: Limit 1 of each item\n|clearpoke\n|poke|p1|Drampa, L50, M|\n|poke|p1|Sinistcha, L50|\n|poke|p1|Farigiraf, L50, F|\n|poke|p1|Incineroar, L50, F|\n|poke|p1|Primarina, L50, M|\n|poke|p1|Orthworm, L50, F|\n|poke|p2|Charizard, L50, M|\n|poke|p2|Garchomp, L50, M|\n|poke|p2|Incineroar, L50, F|\n|poke|p2|Venusaur, L50, M, shiny|\n|poke|p2|Sneasler, L50, M|\n|poke|p2|Whimsicott, L50, M|\n|teampreview|4\n|inactive|Battle timer is ON: inactive players will automatically lose when time's up. (requested by Il Viper!)\n|inactive|jakeofonline also wants the timer to be on.\n|inactive|Il Viper! has 60 seconds left.\n|\n|t:|1776513552\n|teamsize|p1|4\n|teamsize|p2|4\n|start\n|switch|p1a: Farigiraf|Farigiraf, L50, F|100/100\n|switch|p1b: Orthworm|Orthworm, L50, F|100/100\n|switch|p2a: Charizard|Charizard, L50, M|100/100\n|switch|p2b: Garchomp|Garchomp, L50, M|100/100\n|turn|1\n|\n|t:|1776513570\n|detailschange|p2a: Charizard|Charizard-Mega-Y, L50, M\n|-mega|p2a: Charizard|Charizard|Charizardite Y\n|-weather|SunnyDay|[from] ability: Drought|[of] p2a: Charizard\n|move|p2b: Garchomp|Earthquake|p1a: Farigiraf|[spread] p1a\n|-immune|p1b: Orthworm|[from] ability: Earth Eater\n|-immune|p2a: Charizard\n|-damage|p1a: Farigiraf|63/100\n|move|p2a: Charizard|Heat Wave|p1a: Farigiraf|[spread] p1a,p1b\n|-supereffective|p1b: Orthworm|1\n|-damage|p1a: Farigiraf|13/100\n|-damage|p1b: Orthworm|0 fnt\n|-status|p1a: Farigiraf|brn\n|faint|p1b: Orthworm\n|move|p1a: Farigiraf|Trick Room|p1a: Farigiraf\n|-fieldstart|move: Trick Room|[of] p1a: Farigiraf\n|\n|-weather|SunnyDay|[upkeep]\n|-damage|p1a: Farigiraf|7/100 brn|[from] brn\n|upkeep\n|\n|t:|1776513588\n|switch|p1b: Primarina|Primarina, L50, M|100/100\n|turn|2\n|\n|t:|1776513601\n|switch|p2a: Whimsicott|Whimsicott, L50, M|100/100\n|move|p1b: Primarina|Hyper Voice|p2a: Whimsicott|[spread] p2a,p2b\n|-resisted|p2a: Whimsicott|1\n|-damage|p2a: Whimsicott|85/100\n|-damage|p2b: Garchomp|79/100\n|move|p1a: Farigiraf|Hyper Voice|p2a: Whimsicott|[spread] p2a,p2b\n|-damage|p2a: Whimsicott|41/100\n|-damage|p2b: Garchomp|52/100\n|move|p2b: Garchomp|Earthquake|p1b: Primarina|[spread] p2a,p1a,p1b\n|-resisted|p2a: Whimsicott|1\n|-damage|p2a: Whimsicott|11/100\n|-damage|p1a: Farigiraf|0 fnt\n|-damage|p1b: Primarina|48/100\n|faint|p1a: Farigiraf\n|\n|-weather|SunnyDay|[upkeep]\n|-heal|p1b: Primarina|54/100|[from] item: Leftovers\n|upkeep\n|\n|t:|1776513616\n|switch|p1a: Drampa|Drampa, L50, M|100/100\n|turn|3\n|\n|t:|1776513639\n|detailschange|p1a: Drampa|Drampa-Mega, L50, M\n|-mega|p1a: Drampa|Drampa|Drampanite\n|move|p2a: Whimsicott|Tailwind|p2a: Whimsicott\n|-sidestart|p2: Il Viper!|move: Tailwind\n|move|p1a: Drampa|Hyper Voice|p2b: Garchomp|[spread] p2a,p2b\n|-crit|p2a: Whimsicott\n|-damage|p2a: Whimsicott|0 fnt\n|-damage|p2b: Garchomp|3/100\n|faint|p2a: Whimsicott\n|move|p1b: Primarina|Hyper Voice|p2b: Garchomp\n|-damage|p2b: Garchomp|0 fnt\n|faint|p2b: Garchomp\n|\n|-weather|SunnyDay|[upkeep]\n|-heal|p1b: Primarina|60/100|[from] item: Leftovers\n|upkeep\n|\n|t:|1776513652\n|switch|p2b: Charizard|Charizard-Mega-Y, L50, M|100/100\n|switch|p2a: Venusaur|Venusaur, L50, M, shiny|100/100\n|turn|4\n|\n|t:|1776513669\n|move|p2b: Charizard|Protect|p2b: Charizard\n|-singleturn|p2b: Charizard|Protect\n|move|p1a: Drampa|Hyper Voice|p2a: Venusaur|[spread] p2a\n|-activate|p2b: Charizard|move: Protect\n|-damage|p2a: Venusaur|45/100\n|move|p1b: Primarina|Ice Beam|p2a: Venusaur\n|-supereffective|p2a: Venusaur|1\n|-damage|p2a: Venusaur|0 fnt\n|faint|p2a: Venusaur\n|\n|-weather|SunnyDay|[upkeep]\n|-heal|p1b: Primarina|66/100|[from] item: Leftovers\n|upkeep\n|turn|5\n|\n|t:|1776513682\n|move|p1a: Drampa|Hyper Voice|p2b: Charizard\n|-crit|p2b: Charizard\n|-damage|p2b: Charizard|15/100\n|move|p1b: Primarina|Hyper Voice|p2b: Charizard\n|-supereffective|p2b: Charizard|1\n|-damage|p2b: Charizard|0 fnt\n|faint|p2b: Charizard\n|\n|win|jakeofonline\n|raw|jakeofonline's rating: 1212 &rarr; <strong>1241</strong><br />(+29 for winning)\n|raw|Il Viper!'s rating: 1265 &rarr; <strong>1236</strong><br />(-29 for losing)\n|l|\u2606Il Viper!\n|player|p2|\n",
  "uploadtime": 1776513690,
  "views": 24,
  "formatid": "gen9championsvgc2026regma",
  "rating": 1236,
  "private": 0,
  "password": null
}