{
  "id": "gen9championsvgc2026regma-2581100996",
  "format": "[Gen 9 Champions] VGC 2026 Reg M-A",
  "players": [
    "loklastaji",
    "Vgc tester italy"
  ],
  "log": "|j|\u2606loklastaji\n|j|\u2606Vgc tester italy\n|t:|1775959931\n|gametype|doubles\n|player|p1|loklastaji|101|1090\n|player|p2|Vgc tester italy|1|1171\n|gen|9\n|tier|[Gen 9 Champions] VGC 2026 Reg M-A\n|rated|\n|rule|Species Clause: Limit one of each Pok\u00e9mon\n|rule|Item Clause: Limit 1 of each item\n|clearpoke\n|poke|p1|Samurott-Hisui, L50, M|\n|poke|p1|Mamoswine, L50, F|\n|poke|p1|Delphox, L50, F|\n|poke|p1|Clefable, L50, F|\n|poke|p1|Corviknight, L50, M|\n|poke|p1|Dragonite, L50, M|\n|poke|p2|Krookodile, L50, M|\n|poke|p2|Kingambit, L50, M|\n|poke|p2|Glimmora, L50, M|\n|poke|p2|Farigiraf, L50, M|\n|poke|p2|Corviknight, L50, M|\n|poke|p2|Primarina, L50, M|\n|teampreview|4\n|\n|t:|1775959978\n|teamsize|p1|4\n|teamsize|p2|4\n|start\n|switch|p1a: Samurott|Samurott-Hisui, L50, M|100/100\n|switch|p1b: Corviknight|Corviknight, L50, M|100/100\n|switch|p2a: Farigiraf|Farigiraf, L50, M, shiny|100/100\n|switch|p2b: Glimmora|Glimmora, L50, M, shiny|100/100\n|turn|1\n|\n|t:|1775960013\n|switch|p2a: Corviknight|Corviknight, L50, M, shiny|100/100\n|move|p2b: Glimmora|Spiky Shield|p2b: Glimmora\n|-singleturn|p2b: Glimmora|move: Protect\n|move|p1a: Samurott|Ceaseless Edge|p2a: Corviknight|[miss]\n|-miss|p1a: Samurott|p2a: Corviknight\n|move|p1b: Corviknight|Brave Bird|p2a: Corviknight\n|-resisted|p2a: Corviknight|1\n|-damage|p2a: Corviknight|85/100\n|-damage|p1b: Corviknight|94/100|[from] Recoil\n|\n|-heal|p1b: Corviknight|99/100|[from] item: Leftovers\n|-heal|p2a: Corviknight|91/100|[from] item: Leftovers\n|upkeep\n|turn|2\n|\n|t:|1775960045\n|detailschange|p2b: Glimmora|Glimmora-Mega, L50, M, shiny\n|-mega|p2b: Glimmora|Glimmora|Glimmoranite\n|move|p2b: Glimmora|Sludge Wave|p1b: Corviknight|[spread] p1a\n|-immune|p2a: Corviknight\n|-immune|p1b: Corviknight\n|-damage|p1a: Samurott|15/100\n|move|p1a: Samurott|Aqua Cutter|p2b: Glimmora\n|-supereffective|p2b: Glimmora|1\n|-crit|p2b: Glimmora\n|-damage|p2b: Glimmora|0 fnt\n|faint|p2b: Glimmora\n|move|p1b: Corviknight|Tailwind|p1b: Corviknight\n|-sidestart|p1: loklastaji|move: Tailwind\n|move|p2a: Corviknight|Body Press|p1a: Samurott\n|-supereffective|p1a: Samurott|1\n|-damage|p1a: Samurott|0 fnt\n|faint|p1a: Samurott\n|\n|-heal|p1b: Corviknight|100/100|[from] item: Leftovers\n|-heal|p2a: Corviknight|97/100|[from] item: Leftovers\n|upkeep\n|\n|t:|1775960067\n|switch|p2b: Farigiraf|Farigiraf, L50, M, shiny|100/100\n|switch|p1a: Dragonite|Dragonite, L50, M|100/100\n|turn|3\n|\n|t:|1775960088\n|detailschange|p1a: Dragonite|Dragonite-Mega, L50, M\n|-mega|p1a: Dragonite|Dragonite|Dragoninite\n|move|p1a: Dragonite|Air Slash|p2b: Farigiraf\n|-damage|p2b: Farigiraf|47/100\n|move|p1b: Corviknight|Brave Bird|p2b: Farigiraf\n|-damage|p2b: Farigiraf|0 fnt\n|faint|p2b: Farigiraf\n|-damage|p1b: Corviknight|83/100|[from] Recoil\n|move|p2a: Corviknight|Iron Defense|p2a: Corviknight\n|-boost|p2a: Corviknight|def|2\n|\n|-heal|p1b: Corviknight|89/100|[from] item: Leftovers\n|-heal|p2a: Corviknight|100/100|[from] item: Leftovers\n|upkeep\n|\n|t:|1775960103\n|switch|p2b: Primarina|Primarina, L50, M, shiny|100/100\n|turn|4\n|\n|t:|1775960122\n|move|p1a: Dragonite|Thunderbolt|p2b: Primarina\n|-supereffective|p2b: Primarina|1\n|-damage|p2b: Primarina|27/100\n|move|p1b: Corviknight|Brave Bird|p2b: Primarina\n|-damage|p2b: Primarina|0 fnt\n|faint|p2b: Primarina\n|-damage|p1b: Corviknight|81/100|[from] Recoil\n|move|p2a: Corviknight|Body Press|p1a: Dragonite\n|-resisted|p1a: Dragonite|1\n|-damage|p1a: Dragonite|88/100\n|\n|-heal|p1b: Corviknight|87/100|[from] item: Leftovers\n|upkeep\n|turn|5\n|\n|t:|1775960142\n|move|p1a: Dragonite|Thunderbolt|p2a: Corviknight\n|-supereffective|p2a: Corviknight|1\n|-damage|p2a: Corviknight|27/100\n|move|p1b: Corviknight|Iron Head|p2a: Corviknight\n|-resisted|p2a: Corviknight|1\n|-damage|p2a: Corviknight|21/100\n|move|p2a: Corviknight|Body Press|p1a: Dragonite\n|-resisted|p1a: Dragonite|1\n|-damage|p1a: Dragonite|66/100\n|\n|-heal|p1b: Corviknight|92/100|[from] item: Leftovers\n|-heal|p2a: Corviknight|27/100|[from] item: Leftovers\n|-sideend|p1: loklastaji|move: Tailwind\n|upkeep\n|turn|6\n|-message|Vgc tester italy forfeited.\n|\n|win|loklastaji\n|raw|loklastaji's rating: 1090 &rarr; <strong>1123</strong><br />(+33 for winning)\n|raw|Vgc tester italy's rating: 1171 &rarr; <strong>1140</strong><br />(-31 for losing)\n",
  "uploadtime": 1775960156,
  "views": 11,
  "formatid": "gen9championsvgc2026regma",
  "rating": 1123,
  "private": 0,
  "password": null
}