{
  "id": "gen9championsvgc2026regma-2586277429",
  "format": "[Gen 9 Champions] VGC 2026 Reg M-A",
  "players": [
    "soten soten",
    "rshawn"
  ],
  "log": "|j|\u2606soten soten\n|j|\u2606rshawn\n|t:|1776420438\n|gametype|doubles\n|player|p1|soten soten|hilbert|1301\n|player|p2|rshawn|2|1356\n|gen|9\n|tier|[Gen 9 Champions] VGC 2026 Reg M-A\n|rated|\n|rule|Species Clause: Limit one of each Pok\u00e9mon\n|rule|Item Clause: Limit 1 of each item\n|clearpoke\n|poke|p1|Gallade, L50, M|\n|poke|p1|Floette-Eternal, L50, F|\n|poke|p1|Incineroar, L50, F|\n|poke|p1|Sinistcha, L50|\n|poke|p1|Aegislash, L50, F|\n|poke|p1|Palafin, L50, F|\n|poke|p2|Sneasler, L50, F|\n|poke|p2|Araquanid, L50, F|\n|poke|p2|Farigiraf, L50, M|\n|poke|p2|Typhlosion-Hisui, L50, M|\n|poke|p2|Abomasnow, L50, F|\n|poke|p2|Incineroar, L50, F|\n|teampreview|4\n|inactive|Battle timer is ON: inactive players will automatically lose when time's up. (requested by soten soten)\n|inactive|rshawn has 60 seconds left.\n|\n|t:|1776420475\n|teamsize|p1|4\n|teamsize|p2|4\n|start\n|switch|p1a: Palafin|Palafin, L50, F|100/100\n|switch|p1b: Aegislash|Aegislash, L50, F|100/100\n|switch|p2a: Rainbow|Sneasler, L50, F|100/100\n|switch|p2b: Typhlosion|Typhlosion-Hisui, L50, M|100/100\n|-item|p1a: Palafin|Mystic Water|[from] ability: Frisk|[of] p2b: Typhlosion\n|-item|p1b: Aegislash|Spell Tag|[from] ability: Frisk|[of] p2b: Typhlosion\n|turn|1\n|\n|t:|1776420488\n|detailschange|p1a: Palafin|Palafin-Hero, L50, F\n|switch|p1a: Gallade|Gallade, L50, M|100/100\n|move|p2a: Rainbow|Fake Out|p1a: Gallade\n|-damage|p1a: Gallade|76/100\n|move|p1b: Aegislash|Wide Guard|p1b: Aegislash\n|-singleturn|p1b: Aegislash|Wide Guard\n|move|p2b: Typhlosion|Eruption|p1a: Gallade|[spread] \n|-activate|p1a: Gallade|move: Wide Guard\n|-activate|p1b: Aegislash|move: Wide Guard\n|\n|upkeep\n|turn|2\n|\n|t:|1776420500\n|switch|p2b: Farigiraf|Farigiraf, L50, M|100/100\n|detailschange|p1a: Gallade|Gallade-Mega, L50, M\n|-mega|p1a: Gallade|Gallade|Galladite\n|move|p2a: Rainbow|Protect|p2a: Rainbow\n|-singleturn|p2a: Rainbow|Protect\n|move|p1b: Aegislash|Wide Guard|p1b: Aegislash\n|-singleturn|p1b: Aegislash|Wide Guard\n|move|p1a: Gallade|Zen Headbutt|p2a: Rainbow\n|-activate|p2a: Rainbow|move: Protect\n|\n|upkeep\n|turn|3\n|\n|t:|1776420509\n|move|p2b: Farigiraf|Helping Hand|p2a: Rainbow\n|-singleturn|p2a: Rainbow|Helping Hand|[of] p2b: Farigiraf\n|move|p1a: Gallade|Zen Headbutt|p2a: Rainbow\n|-supereffective|p2a: Rainbow|2\n|-damage|p2a: Rainbow|0 fnt\n|faint|p2a: Rainbow\n|-formechange|p1b: Aegislash|Aegislash-Blade|\n|move|p1b: Aegislash|Poltergeist|p2b: Farigiraf\n|-immune|p2b: Farigiraf\n|\n|upkeep\n|\n|t:|1776420520\n|switch|p2a: Typhlosion|Typhlosion-Hisui, L50, M|100/100\n|-item|p1a: Gallade|Galladite|[from] ability: Frisk|[of] p2a: Typhlosion\n|-item|p1b: Aegislash|Spell Tag|[from] ability: Frisk|[of] p2a: Typhlosion\n|turn|4\n|\n|t:|1776420536\n|move|p2b: Farigiraf|Helping Hand|p2a: Typhlosion\n|-singleturn|p2a: Typhlosion|Helping Hand|[of] p2b: Farigiraf\n|move|p1a: Gallade|Protect|p1a: Gallade\n|-singleturn|p1a: Gallade|Protect\n|-formechange|p1b: Aegislash|Aegislash|\n|move|p1b: Aegislash|King's Shield|p1b: Aegislash\n|-singleturn|p1b: Aegislash|Protect\n|move|p2a: Typhlosion|Flamethrower|p1a: Gallade\n|-activate|p1a: Gallade|move: Protect\n|\n|upkeep\n|turn|5\n|\n|t:|1776420551\n|switch|p1b: Incineroar|Incineroar, L50, F|100/100\n|-ability|p1b: Incineroar|Intimidate|boost\n|-unboost|p2a: Typhlosion|atk|1\n|-unboost|p2b: Farigiraf|atk|1\n|move|p2a: Typhlosion|Flamethrower|p1b: Incineroar\n|-resisted|p1b: Incineroar|1\n|-damage|p1b: Incineroar|81/100\n|move|p1a: Gallade|Zen Headbutt|p2a: Typhlosion\n|-damage|p2a: Typhlosion|30/100\n|move|p2b: Farigiraf|Psychic|p1a: Gallade\n|-damage|p1a: Gallade|38/100\n|\n|upkeep\n|turn|6\n|-message|rshawn forfeited.\n|\n|win|soten soten\n|raw|soten soten's rating: 1301 &rarr; <strong>1324</strong><br />(+23 for winning)\n|raw|rshawn's rating: 1356 &rarr; <strong>1333</strong><br />(-23 for losing)\n|l|\u2606rshawn\n|player|p2|\n",
  "uploadtime": 1776420565,
  "views": 50,
  "formatid": "gen9championsvgc2026regma",
  "rating": 1324,
  "private": 0,
  "password": null
}