{
  "id": "gen9championsvgc2026regma-2585721626",
  "format": "[Gen 9 Champions] VGC 2026 Reg M-A",
  "players": [
    "fumbari 24",
    "EpicToxie"
  ],
  "log": "|j|\u2606fumbari 24\n|j|\u2606EpicToxie\n|t:|1776366040\n|gametype|doubles\n|player|p1|fumbari 24|ghetsis|1135\n|player|p2|EpicToxie|caitlin|1160\n|gen|9\n|tier|[Gen 9 Champions] VGC 2026 Reg M-A\n|rated|\n|rule|Species Clause: Limit one of each Pok\u00e9mon\n|rule|Item Clause: Limit 1 of each item\n|clearpoke\n|poke|p1|Blastoise, L50, M|\n|poke|p1|Pelipper, L50, M|\n|poke|p1|Raichu, L50, M|\n|poke|p1|Sinistcha, L50|\n|poke|p1|Archaludon, L50, M|\n|poke|p1|Lycanroc-Dusk, L50, M|\n|poke|p2|Floette-Eternal, L50, F|\n|poke|p2|Tyranitar, L50, M|\n|poke|p2|Maushold, L50|\n|poke|p2|Incineroar, L50, F|\n|poke|p2|Sneasler, L50, M|\n|poke|p2|Aerodactyl, L50, M|\n|teampreview|4\n|\n|t:|1776366063\n|teamsize|p1|4\n|teamsize|p2|4\n|start\n|switch|p1a: Pippins|Raichu, L50, M|100/100\n|switch|p1b: Harbor|Blastoise, L50, M|100/100\n|switch|p2a: Aerodactyl|Aerodactyl, L50, M|100/100\n|switch|p2b: Sneasler|Sneasler, L50, M|100/100\n|-ability|p2a: Aerodactyl|Unnerve\n|turn|1\n|inactive|Battle timer is ON: inactive players will automatically lose when time's up. (requested by fumbari 24)\n|\n|t:|1776366094\n|detailschange|p1b: Harbor|Blastoise-Mega, L50, M\n|-mega|p1b: Harbor|Blastoise|Blastoisinite\n|move|p2b: Sneasler|Fake Out|p1a: Pippins\n|-damage|p1a: Pippins|76/100\n|cant|p1a: Pippins|flinch\n|move|p2a: Aerodactyl|Tailwind|p2a: Aerodactyl\n|-sidestart|p2: EpicToxie|move: Tailwind\n|move|p1b: Harbor|Water Spout|p2a: Aerodactyl|[spread] p2a,p2b\n|-supereffective|p2a: Aerodactyl|1\n|-enditem|p2a: Aerodactyl|Focus Sash\n|-damage|p2a: Aerodactyl|1/100\n|-damage|p2b: Sneasler|22/100\n|\n|upkeep\n|turn|2\n|\n|t:|1776366116\n|move|p1b: Harbor|Protect|p1b: Harbor\n|-singleturn|p1b: Harbor|Protect\n|move|p2a: Aerodactyl|Wide Guard|p2a: Aerodactyl\n|-singleturn|p2a: Aerodactyl|Wide Guard\n|move|p1a: Pippins|Feint|p2a: Aerodactyl\n|-activate|p2a: Aerodactyl|move: Feint\n|-resisted|p2a: Aerodactyl|1\n|-damage|p2a: Aerodactyl|0 fnt\n|faint|p2a: Aerodactyl\n|move|p2b: Sneasler|Close Combat|p1a: Pippins\n|-damage|p1a: Pippins|0 fnt\n|-unboost|p2b: Sneasler|def|1\n|-unboost|p2b: Sneasler|spd|1\n|faint|p1a: Pippins\n|-enditem|p2b: Sneasler|White Herb\n|-clearnegativeboost|p2b: Sneasler|[silent]\n|\n|upkeep\n|\n|t:|1776366128\n|switch|p2a: Floette|Floette-Eternal, L50, F|100/100\n|switch|p1a: Tremor|Lycanroc-Dusk, L50, M|100/100\n|turn|3\n|\n|t:|1776366135\n|detailschange|p2a: Floette|Floette-Mega, L50, F\n|-mega|p2a: Floette|Floette|Floettite\n|-ability|p2a: Floette|Fairy Aura\n|move|p2b: Sneasler|Protect|p2b: Sneasler\n|-singleturn|p2b: Sneasler|Protect\n|move|p1a: Tremor|Accelerock|p2b: Sneasler\n|-activate|p2b: Sneasler|move: Protect\n|move|p2a: Floette|Dazzling Gleam|p1a: Tremor|[spread] p1a,p1b\n|-damage|p1a: Tremor|28/100\n|-damage|p1b: Harbor|57/100\n|move|p1b: Harbor|Shell Smash|p1b: Harbor\n|-unboost|p1b: Harbor|def|1\n|-unboost|p1b: Harbor|spd|1\n|-boost|p1b: Harbor|atk|2\n|-boost|p1b: Harbor|spa|2\n|-boost|p1b: Harbor|spe|2\n|\n|upkeep\n|turn|4\n|\n|t:|1776366155\n|move|p2b: Sneasler|Protect||[still]\n|-fail|p2b: Sneasler\n|move|p1b: Harbor|Protect|p1b: Harbor\n|-singleturn|p1b: Harbor|Protect\n|move|p1a: Tremor|Accelerock|p2b: Sneasler\n|-resisted|p2b: Sneasler|1\n|-damage|p2b: Sneasler|0 fnt\n|faint|p2b: Sneasler\n|move|p2a: Floette|Dazzling Gleam|p1b: Harbor|[spread] p1a\n|-activate|p1b: Harbor|move: Protect\n|-damage|p1a: Tremor|0 fnt\n|faint|p1a: Tremor\n|\n|-sideend|p2: EpicToxie|move: Tailwind\n|upkeep\n|\n|t:|1776366159\n|switch|p2b: Tyranitar|Tyranitar, L50, M|100/100\n|switch|p1a: MineMine|Pelipper, L50, M|100/100\n|-weather|Sandstorm|[from] ability: Sand Stream|[of] p2b: Tyranitar\n|-weather|RainDance|[from] ability: Drizzle|[of] p1a: MineMine\n|turn|5\n|\n|t:|1776366166\n|move|p2b: Tyranitar|Protect|p2b: Tyranitar\n|-singleturn|p2b: Tyranitar|Protect\n|move|p1a: MineMine|Wide Guard|p1a: MineMine\n|-singleturn|p1a: MineMine|Wide Guard\n|move|p1b: Harbor|Water Spout|p2b: Tyranitar|[spread] p2a\n|-activate|p2b: Tyranitar|move: Protect\n|-damage|p2a: Floette|6/100\n|move|p2a: Floette|Dazzling Gleam|p1b: Harbor|[spread] \n|-activate|p1a: MineMine|move: Wide Guard\n|-activate|p1b: Harbor|move: Wide Guard\n|\n|-weather|RainDance|[upkeep]\n|upkeep\n|turn|6\n|\n|t:|1776366180\n|move|p1a: MineMine|Wide Guard|p1a: MineMine\n|-singleturn|p1a: MineMine|Wide Guard\n|move|p1b: Harbor|Water Spout|p2b: Tyranitar|[spread] p2a,p2b\n|-supereffective|p2b: Tyranitar|1\n|-damage|p2a: Floette|0 fnt\n|-damage|p2b: Tyranitar|0 fnt\n|faint|p2a: Floette\n|faint|p2b: Tyranitar\n|\n|win|fumbari 24\n|raw|fumbari 24's rating: 1135 &rarr; <strong>1162</strong><br />(+27 for winning)\n|raw|EpicToxie's rating: 1160 &rarr; <strong>1133</strong><br />(-27 for losing)\n|l|\u2606EpicToxie\n|player|p2|\n",
  "uploadtime": 1776366189,
  "views": 21,
  "formatid": "gen9championsvgc2026regma",
  "rating": 1133,
  "private": 0,
  "password": null
}