{
  "id": "gen9championsvgc2026regma-2581579413",
  "format": "[Gen 9 Champions] VGC 2026 Reg M-A",
  "players": [
    "pressinblades",
    "Pickly_pancake"
  ],
  "log": "|j|\u2606pressinblades\n|j|\u2606Pickly_pancake\n|t:|1776012504\n|gametype|doubles\n|player|p1|pressinblades|steven|\n|player|p2|Pickly_pancake|ninjaboy|\n|gen|9\n|tier|[Gen 9 Champions] VGC 2026 Reg M-A\n|rated|Tournament battle\n|rule|Species Clause: Limit one of each Pok\u00e9mon\n|rule|Item Clause: Limit 1 of each item\n|raw|<div class=\"infobox\"><details class=\"readmore\" open><summary><strong>1 custom rule:</strong></summary> Force Open Team Sheets</details></div>\n|clearpoke\n|poke|p1|Weavile, L50, F|\n|poke|p1|Aerodactyl, L50, M|\n|poke|p1|Gardevoir, L50, M|\n|poke|p1|Garchomp, L50, M|\n|poke|p1|Kingambit, L50, M|\n|poke|p1|Rotom-Heat, L50|\n|poke|p2|Froslass, L50, F|\n|poke|p2|Sneasler, L50, F|\n|poke|p2|Whimsicott, L50, F|\n|poke|p2|Incineroar, L50, M|\n|poke|p2|Tinkaton, L50, F|\n|poke|p2|Milotic, L50, M|\n|teampreview|4\n|showteam|p1|Weavile||FocusSash|Pressure|FakeOut,IcicleCrash,LowKick,IcyWind|||F|||50|]Aerodactyl||WhiteHerb|Unnerve|Protect,Tailwind,RockSlide,DualWingbeat|||M|||50|]Gardevoir||Gardevoirite|Telepathy|Protect,TrickRoom,HyperVoice,Psychic|||M|||50|]Garchomp||HabanBerry|RoughSkin|Protect,DragonClaw,RockSlide,Earthquake|||M|||50|]Kingambit||ChopleBerry|Defiant|Protect,Assurance,SuckerPunch,IronHead|||M|||50|]Rotom-Heat||SitrusBerry|Levitate|Discharge,Overheat,WillOWisp,VoltSwitch||||||50|\n|showteam|p2|Froslass||Froslassite|CursedBody|AuroraVeil,Blizzard,ShadowBall,Protect|||F|||50|]Sneasler||WhiteHerb|Unburden|Protect,DireClaw,CloseCombat,RockTomb|||F|||50|]Whimsicott||FocusSash|Prankster|Protect,Tailwind,Encore,Moonblast|||F|||50|]Incineroar||ChopleBerry|Intimidate|FakeOut,Snarl,FlareBlitz,PartingShot|||M|||50|]Tinkaton||Leftovers|OwnTempo|GigatonHammer,FakeOut,PlayRough,HelpingHand|||F|||50|]Milotic||SitrusBerry|Competitive|IcyWind,LifeDew,Scald,Protect|||M|||50|\npressinblades has agreed to open team sheets.\n|c|\u2606Pickly_pancake|glhf\n|c|\u2606pressinblades|u2\n|\n|t:|1776012570\n|teamsize|p1|4\n|teamsize|p2|4\n|start\n|switch|p1a: Weavile|Weavile, L50, F, shiny|100/100\n|switch|p1b: Gardevoir|Gardevoir, L50, M|100/100\n|switch|p2a: Incineroar|Incineroar, L50, M|100/100\n|switch|p2b: Milotic|Milotic, L50, M|100/100\n|-ability|p1a: Weavile|Pressure\n|-ability|p2a: Incineroar|Intimidate|boost\n|-unboost|p1a: Weavile|atk|1\n|-unboost|p1b: Gardevoir|atk|1\n|turn|1\n|\n|t:|1776012604\n|detailschange|p1b: Gardevoir|Gardevoir-Mega, L50, M\n|-mega|p1b: Gardevoir|Gardevoir|Gardevoirite\n|move|p1a: Weavile|Fake Out|p2a: Incineroar\n|-damage|p2a: Incineroar|92/100\n|cant|p2a: Incineroar|flinch\n|move|p1b: Gardevoir|Hyper Voice|p2b: Milotic|[spread] p2a,p2b\n|-damage|p2a: Incineroar|48/100\n|-damage|p2b: Milotic|65/100\n|move|p2b: Milotic|Icy Wind|p1a: Weavile|[spread] p1a,p1b\n|-resisted|p1a: Weavile|1\n|-damage|p1a: Weavile|92/100\n|-damage|p1b: Gardevoir|90/100\n|-unboost|p1a: Weavile|spe|1\n|-unboost|p1b: Gardevoir|spe|1\n|\n|upkeep\n|turn|2\n|\n|t:|1776012626\n|switch|p1b: Kingambit|Kingambit, L50, M, shiny|100/100\n|move|p1a: Weavile|Low Kick|p2a: Incineroar\n|-supereffective|p2a: Incineroar|1\n|-enditem|p2a: Incineroar|Chople Berry|[eat]\n|-enditem|p2a: Incineroar|Chople Berry|[weaken]\n|-damage|p2a: Incineroar|34/100\n|move|p2b: Milotic|Life Dew|p2b: Milotic|[spread] p2a,p2b\n|-heal|p2a: Incineroar|59/100\n|-heal|p2b: Milotic|90/100\n|move|p2a: Incineroar|Parting Shot|p1b: Kingambit\n|-unboost|p1b: Kingambit|atk|1\n|-ability|p1b: Kingambit|Defiant|boost\n|-boost|p1b: Kingambit|atk|2\n|-unboost|p1b: Kingambit|spa|1\n|-ability|p1b: Kingambit|Defiant|boost\n|-boost|p1b: Kingambit|atk|2\n|\n|t:|1776012650\n|switch|p2a: Whimsicott|Whimsicott, L50, F|100/100|[from] Parting Shot\n|\n|upkeep\n|turn|3\n|\n|t:|1776012668\n|switch|p1a: Gardevoir|Gardevoir-Mega, L50, M|90/100\n|move|p2a: Whimsicott|Tailwind|p2a: Whimsicott\n|-sidestart|p2: Pickly_pancake|move: Tailwind\n|move|p2b: Milotic|Scald|p1b: Kingambit\n|-damage|p1b: Kingambit|68/100\n|move|p1b: Kingambit|Assurance|p2b: Milotic\n|-damage|p2b: Milotic|0 fnt\n|faint|p2b: Milotic\n|\n|upkeep\n|c|\u2606Pickly_pancake|damn thats not good\n|\n|t:|1776012682\n|switch|p2b: Froslass|Froslass, L50, F|100/100\n|turn|4\n|\n|t:|1776012700\n|move|p2b: Froslass|Protect|p2b: Froslass\n|-singleturn|p2b: Froslass|Protect\n|move|p1b: Kingambit|Sucker Punch||[still]\n|-fail|p1b: Kingambit\n|move|p2a: Whimsicott|Moonblast|p1b: Kingambit\n|-damage|p1b: Kingambit|37/100\n|move|p1a: Gardevoir|Trick Room|p1a: Gardevoir\n|-fieldstart|move: Trick Room|[of] p1a: Gardevoir\n|\n|upkeep\n|turn|5\n|\n|t:|1776012717\n|detailschange|p2b: Froslass|Froslass-Mega, L50, F\n|-mega|p2b: Froslass|Froslass|Froslassite\n|-weather|Snowscape|[from] ability: Snow Warning|[of] p2b: Froslass\n|move|p1b: Kingambit|Protect|p1b: Kingambit\n|-singleturn|p1b: Kingambit|Protect\n|move|p2a: Whimsicott|Encore|p1a: Gardevoir\n|-start|p1a: Gardevoir|Encore\n|move|p2b: Froslass|Aurora Veil|p2b: Froslass\n|-sidestart|p2: Pickly_pancake|move: Aurora Veil\n|move|p1a: Gardevoir|Trick Room|p1a: Gardevoir\n|-fieldend|move: Trick Room\n|\n|-weather|Snowscape|[upkeep]\n|upkeep\n|turn|6\n|\n|t:|1776012733\n|move|p1b: Kingambit|Sucker Punch|p2b: Froslass\n|-supereffective|p2b: Froslass|1\n|-damage|p2b: Froslass|0 fnt\n|faint|p2b: Froslass\n|move|p2a: Whimsicott|Moonblast|p1b: Kingambit\n|-damage|p1b: Kingambit|8/100\n|move|p1a: Gardevoir|Trick Room|p1a: Gardevoir\n|-fieldstart|move: Trick Room|[of] p1a: Gardevoir\n|\n|-weather|Snowscape|[upkeep]\n|-sideend|p2: Pickly_pancake|move: Tailwind\n|upkeep\n|\n|t:|1776012739\n|switch|p2b: Incineroar|Incineroar, L50, M|59/100\n|-ability|p2b: Incineroar|Intimidate|boost\n|-unboost|p1a: Gardevoir|atk|1\n|-unboost|p1b: Kingambit|atk|1\n|-ability|p1b: Kingambit|Defiant|boost\n|-boost|p1b: Kingambit|atk|2\n|turn|7\n|\n|t:|1776012756\n|switch|p1a: Weavile|Weavile, L50, F, shiny|92/100\n|-ability|p1a: Weavile|Pressure\n|move|p1b: Kingambit|Protect|p1b: Kingambit\n|-singleturn|p1b: Kingambit|Protect\n|move|p2b: Incineroar|Fake Out|p1b: Kingambit\n|-activate|p1b: Kingambit|move: Protect\n|move|p2a: Whimsicott|Moonblast|p1a: Weavile\n|-supereffective|p1a: Weavile|1\n|-damage|p1a: Weavile|10/100\n|\n|-weather|Snowscape|[upkeep]\n|upkeep\n|turn|8\n|inactive|Battle timer is ON: inactive players will automatically lose when time's up. (requested by pressinblades)\n|\n|t:|1776012810\n|move|p1a: Weavile|Fake Out|p2b: Incineroar\n|-damage|p2b: Incineroar|52/100\n|move|p1b: Kingambit|Iron Head|p2a: Whimsicott\n|-supereffective|p2a: Whimsicott|1\n|-enditem|p2a: Whimsicott|Focus Sash\n|-damage|p2a: Whimsicott|1/100\n|cant|p2b: Incineroar|flinch\n|move|p2a: Whimsicott|Moonblast|p1b: Kingambit\n|-damage|p1b: Kingambit|0 fnt\n|faint|p1b: Kingambit\n|\n|-weather|Snowscape|[upkeep]\n|upkeep\n|\n|t:|1776012828\n|switch|p1b: Gardevoir|Gardevoir-Mega, L50, M|90/100\n|turn|9\n|\n|t:|1776012846\n|move|p2a: Whimsicott|Protect|p2a: Whimsicott\n|-singleturn|p2a: Whimsicott|Protect\n|move|p2b: Incineroar|Flare Blitz|p1a: Weavile\n|-supereffective|p1a: Weavile|1\n|-damage|p1a: Weavile|0 fnt\n|faint|p1a: Weavile\n|-damage|p2b: Incineroar|49/100|[from] Recoil\n|move|p1b: Gardevoir|Hyper Voice|p2a: Whimsicott|[spread] p2b\n|-activate|p2a: Whimsicott|move: Protect\n|-damage|p2b: Incineroar|19/100\n|\n|-weather|none\n|-sideend|p2: Pickly_pancake|move: Aurora Veil\n|upkeep\n|\n|t:|1776012857\n|switch|p1a: Garchomp|Garchomp, L50, M, shiny|100/100\n|turn|10\n|c|\u2606pressinblades|ggwp\n|\n|t:|1776012873\n|move|p2b: Incineroar|Snarl|p1a: Garchomp|[spread] p1a,p1b\n|-damage|p1a: Garchomp|89/100\n|-damage|p1b: Gardevoir|81/100\n|-unboost|p1a: Garchomp|spa|1\n|-unboost|p1b: Gardevoir|spa|1\n|move|p1b: Gardevoir|Hyper Voice|p2b: Incineroar|[spread] p2a,p2b\n|-damage|p2a: Whimsicott|0 fnt\n|-damage|p2b: Incineroar|0 fnt\n|faint|p2a: Whimsicott\n|faint|p2b: Incineroar\n|\n|win|pressinblades\n|n|\u2606pressinblades|pressinblades\n|n|\u2606Pickly_pancake|picklypancake\n|c|\u2606Pickly_pancake|gg\n",
  "uploadtime": 1776012881,
  "views": 18,
  "formatid": "gen9championsvgc2026regma",
  "rating": null,
  "private": 0,
  "password": null
}