{
  "id": "gen9championsvgc2026regma-2586009378",
  "format": "[Gen 9 Champions] VGC 2026 Reg M-A",
  "players": [
    "Chenkeng",
    "Lax Machine"
  ],
  "log": "|j|\u2606Chenkeng\n|j|\u2606Lax Machine\n|t:|1776389886\n|gametype|doubles\n|player|p1|Chenkeng|dawn-gen4pt|1481\n|player|p2|Lax Machine|102|1615\n|gen|9\n|tier|[Gen 9 Champions] VGC 2026 Reg M-A\n|rated|\n|rule|Species Clause: Limit one of each Pok\u00e9mon\n|rule|Item Clause: Limit 1 of each item\n|clearpoke\n|poke|p1|Charizard, L50, M|\n|poke|p1|Incineroar, L50, F|\n|poke|p1|Kingambit, L50, M|\n|poke|p1|Garchomp, L50, M|\n|poke|p1|Sneasler, L50, M|\n|poke|p1|Sinistcha, L50|\n|poke|p2|Incineroar, L50, F|\n|poke|p2|Whimsicott, L50, M|\n|poke|p2|Blastoise, L50, M|\n|poke|p2|Farigiraf, L50, M|\n|poke|p2|Aegislash, L50, F|\n|poke|p2|Dragonite, L50, F|\n|teampreview|4\n|\n|t:|1776389936\n|teamsize|p1|4\n|teamsize|p2|4\n|start\n|switch|p1a: Garchomp|Garchomp, L50, M|100/100\n|switch|p1b: Charizard|Charizard, L50, M|100/100\n|switch|p2a: Incineroar|Incineroar, L50, F|100/100\n|switch|p2b: Dragonite|Dragonite, L50, F|100/100\n|-ability|p2a: Incineroar|Intimidate|boost\n|-unboost|p1a: Garchomp|atk|1\n|-unboost|p1b: Charizard|atk|1\n|turn|1\n|inactive|Battle timer is ON: inactive players will automatically lose when time's up. (requested by Lax Machine)\n|l|\u2606Chenkeng\n|inactive|Chenkeng disconnected and has a minute to reconnect!\n|player|p1|\n|j|\u2606Chenkeng\n|inactive|Chenkeng reconnected and has 70 seconds left.\n|player|p1|Chenkeng|dawn-gen4pt|\n|j| kanp\n|inactive|Chenkeng has 60 seconds left.\n|inactive|Chenkeng has 30 seconds left.\n|\n|t:|1776390009\n|switch|p1a: Sinistcha|Sinistcha, L50|100/100\n|detailschange|p1b: Charizard|Charizard-Mega-Y, L50, M\n|-mega|p1b: Charizard|Charizard|Charizardite Y\n|-weather|SunnyDay|[from] ability: Drought|[of] p1b: Charizard\n|move|p2a: Incineroar|Fake Out|p1b: Charizard\n|-damage|p1b: Charizard|82/100\n|cant|p1b: Charizard|flinch\n|move|p2b: Dragonite|Scale Shot|p1a: Sinistcha\n|-damage|p1a: Sinistcha|87/100\n|-damage|p1a: Sinistcha|73/100\n|-crit|p1a: Sinistcha\n|-damage|p1a: Sinistcha|53/100\n|-damage|p1a: Sinistcha|39/100\n|-damage|p1a: Sinistcha|24/100\n|-hitcount|p1a: Sinistcha|5\n|-unboost|p2b: Dragonite|def|1\n|-boost|p2b: Dragonite|spe|1\n|\n|-weather|SunnyDay|[upkeep]\n|-heal|p1a: Sinistcha|30/100|[from] item: Leftovers\n|upkeep\n|turn|2\n|inactive|Chenkeng has 30 seconds left.\n|inactive|Lax Machine has 30 seconds left.\n|inactive|Chenkeng has 20 seconds left.\n|inactive|Chenkeng has 15 seconds left.\n|\n|t:|1776390051\n|move|p1a: Sinistcha|Rage Powder|p1a: Sinistcha\n|-singleturn|p1a: Sinistcha|move: Rage Powder\n|move|p2b: Dragonite|Scale Shot|p1a: Sinistcha\n|-crit|p1a: Sinistcha\n|-damage|p1a: Sinistcha|10/100\n|-damage|p1a: Sinistcha|0 fnt\n|faint|p1a: Sinistcha\n|-hitcount|p1: Sinistcha|2\n|-unboost|p2b: Dragonite|def|1\n|-boost|p2b: Dragonite|spe|1\n|move|p1b: Charizard|Heat Wave|p2a: Incineroar|[spread] p2a,p2b\n|-resisted|p2a: Incineroar|1\n|-resisted|p2b: Dragonite|1\n|-damage|p2a: Incineroar|70/100\n|-damage|p2b: Dragonite|84/100\n|-status|p2b: Dragonite|brn\n|move|p2a: Incineroar|Flare Blitz|p1b: Charizard\n|-resisted|p1b: Charizard|1\n|-damage|p1b: Charizard|3/100\n|-damage|p2a: Incineroar|50/100|[from] Recoil\n|\n|-weather|SunnyDay|[upkeep]\n|-damage|p2b: Dragonite|78/100 brn|[from] brn\n|upkeep\n|\n|t:|1776390073\n|switch|p1a: Garchomp|Garchomp, L50, M|100/100\n|turn|3\n|inactive|Lax Machine has 30 seconds left.\n|\n|t:|1776390100\n|switch|p2a: Aegislash|Aegislash, L50, F|100/100\n|move|p1b: Charizard|Protect|p1b: Charizard\n|-singleturn|p1b: Charizard|Protect\n|move|p2b: Dragonite|Scale Shot|p1a: Garchomp\n|-supereffective|p1a: Garchomp|1\n|-damage|p1a: Garchomp|82/100\n|-supereffective|p1a: Garchomp|1\n|-damage|p1a: Garchomp|64/100\n|-hitcount|p1a: Garchomp|2\n|-unboost|p2b: Dragonite|def|1\n|-boost|p2b: Dragonite|spe|1\n|move|p1a: Garchomp|Rock Slide|p2b: Dragonite|[spread] p2a,p2b\n|-resisted|p2a: Aegislash|1\n|-supereffective|p2b: Dragonite|1\n|-damage|p2a: Aegislash|88/100\n|-damage|p2b: Dragonite|0 fnt\n|faint|p2b: Dragonite\n|\n|-weather|SunnyDay|[upkeep]\n|upkeep\n|\n|t:|1776390115\n|switch|p2b: Incineroar|Incineroar, L50, F|50/100\n|-ability|p2b: Incineroar|Intimidate|boost\n|-unboost|p1a: Garchomp|atk|1\n|-unboost|p1b: Charizard|atk|1\n|turn|4\n|\n|t:|1776390132\n|switch|p1b: Kingambit|Kingambit, L50, M|100/100\n|move|p2b: Incineroar|Fake Out|p1b: Kingambit\n|-resisted|p1b: Kingambit|1\n|-damage|p1b: Kingambit|96/100\n|move|p1a: Garchomp|Rock Slide|p2b: Incineroar|[spread] p2a,p2b\n|-resisted|p2a: Aegislash|1\n|-supereffective|p2b: Incineroar|1\n|-damage|p2a: Aegislash|80/100\n|-damage|p2b: Incineroar|21/100\n|-formechange|p2a: Aegislash|Aegislash-Blade|\n|move|p2a: Aegislash|Shadow Ball|p1a: Garchomp\n|-damage|p1a: Garchomp|3/100\n|\n|-weather|SunnyDay|[upkeep]\n|upkeep\n|turn|5\n|inactive|Chenkeng has 30 seconds left.\n|\n|t:|1776390167\n|move|p1a: Garchomp|Rock Slide|p2a: Aegislash|[spread] p2a,p2b\n|-resisted|p2a: Aegislash|1\n|-supereffective|p2b: Incineroar|1\n|-damage|p2a: Aegislash|64/100\n|-damage|p2b: Incineroar|0 fnt\n|faint|p2b: Incineroar\n|cant|p2a: Aegislash|flinch\n|move|p1b: Kingambit|Kowtow Cleave|p2a: Aegislash\n|-supereffective|p2a: Aegislash|1\n|-damage|p2a: Aegislash|0 fnt\n|faint|p2a: Aegislash\n|\n|-weather|none\n|upkeep\n|\n|t:|1776390174\n|switch|p2b: Me?RideOn|Blastoise, L50, M|100/100\n|turn|6\n|inactive|Chenkeng has 30 seconds left.\n|\n|t:|1776390201\n|switch|p1a: Charizard|Charizard-Mega-Y, L50, M|3/100\n|-weather|SunnyDay|[from] ability: Drought|[of] p1a: Charizard\n|detailschange|p2b: Me?RideOn|Blastoise-Mega, L50, M\n|-mega|p2b: Me?RideOn|Blastoise|Blastoisinite\n|move|p1b: Kingambit|Sucker Punch|p2b: Me?RideOn\n|-damage|p2b: Me?RideOn|58/100\n|move|p2b: Me?RideOn|Aura Sphere|p1b: Kingambit\n|-supereffective|p1b: Kingambit|2\n|-damage|p1b: Kingambit|0 fnt\n|faint|p1b: Kingambit\n|\n|-weather|SunnyDay|[upkeep]\n|upkeep\n|\n|t:|1776390216\n|switch|p1b: Garchomp|Garchomp, L50, M|3/100\n|turn|7\n|\n|t:|1776390223\n|move|p1b: Garchomp|Stomping Tantrum|p2b: Me?RideOn\n|-damage|p2b: Me?RideOn|13/100\n|move|p1a: Charizard|Weather Ball|p2b: Me?RideOn\n|-resisted|p2b: Me?RideOn|1\n|-damage|p2b: Me?RideOn|0 fnt\n|faint|p2b: Me?RideOn\n|\n|win|Chenkeng\n|raw|Chenkeng's rating: 1481 &rarr; <strong>1508</strong><br />(+27 for winning)\n|raw|Lax Machine's rating: 1615 &rarr; <strong>1588</strong><br />(-27 for losing)\n|l|\u2606Lax Machine\n|player|p2|\n",
  "uploadtime": 1776390233,
  "views": 58,
  "formatid": "gen9championsvgc2026regma",
  "rating": 1508,
  "private": 0,
  "password": null
}