{
  "id": "gen9championsvgc2026regma-2582784498",
  "format": "[Gen 9 Champions] VGC 2026 Reg M-A",
  "players": [
    "WaluigiVGC",
    "2401P"
  ],
  "log": "|j|\u2606WaluigiVGC\n|j|\u26062401P\n|t:|1776113902\n|gametype|doubles\n|player|p1|WaluigiVGC|102|1248\n|player|p2|2401P|1|1226\n|gen|9\n|tier|[Gen 9 Champions] VGC 2026 Reg M-A\n|rated|\n|rule|Species Clause: Limit one of each Pok\u00e9mon\n|rule|Item Clause: Limit 1 of each item\n|clearpoke\n|poke|p1|Archaludon, L50, F|\n|poke|p1|Pelipper, L50, F|\n|poke|p1|Sneasler, L50, F|\n|poke|p1|Incineroar, L50, M|\n|poke|p1|Basculegion, L50, M|\n|poke|p1|Gengar, L50, F|\n|poke|p2|Aerodactyl, L50, M|\n|poke|p2|Froslass, L50, F|\n|poke|p2|Rotom-Wash, L50|\n|poke|p2|Sneasler, L50, M|\n|poke|p2|Talonflame, L50, F|\n|poke|p2|Mamoswine, L50, M|\n|teampreview|4\n|inactive|Battle timer is ON: inactive players will automatically lose when time's up. (requested by 2401P)\n2401P rejected open team sheets.\n|\n|t:|1776113934\n|teamsize|p1|4\n|teamsize|p2|4\n|start\n|switch|p1a: Sneasler|Sneasler, L50, F|100/100\n|switch|p1b: Basculegion|Basculegion, L50, M|100/100\n|switch|p2a: Rotom|Rotom-Wash, L50|100/100\n|switch|p2b: Froslass|Froslass, L50, F|100/100\n|turn|1\n|\n|t:|1776113956\n|move|p2b: Froslass|Protect|p2b: Froslass\n|-singleturn|p2b: Froslass|Protect\n|move|p1b: Basculegion|Flip Turn|p2b: Froslass\n|-activate|p2b: Froslass|move: Protect\n|move|p1a: Sneasler|Dire Claw|p2a: Rotom\n|-damage|p2a: Rotom|51/100\n|move|p2a: Rotom|Electroweb|p1a: Sneasler|[spread] p1a\n|-miss|p2a: Rotom|p1b: Basculegion\n|-damage|p1a: Sneasler|81/100\n|-unboost|p1a: Sneasler|spe|1\n|-enditem|p1a: Sneasler|White Herb\n|-clearnegativeboost|p1a: Sneasler|[silent]\n|\n|upkeep\n|turn|2\n|\n|t:|1776113978\n|detailschange|p2b: Froslass|Froslass-Mega, L50, F\n|-mega|p2b: Froslass|Froslass|Froslassite\n|-weather|Snowscape|[from] ability: Snow Warning|[of] p2b: Froslass\n|move|p1a: Sneasler|Dire Claw|p2a: Rotom\n|-damage|p2a: Rotom|4/100\n|-enditem|p2a: Rotom|Sitrus Berry|[eat]\n|-heal|p2a: Rotom|29/100|[from] item: Sitrus Berry\n|move|p1b: Basculegion|Flip Turn|p2b: Froslass\n|-damage|p2b: Froslass|57/100\n|\n|t:|1776113989\n|switch|p1b: Pelipper|Pelipper, L50, F|100/100|[from] Flip Turn\n|-weather|RainDance|[from] ability: Drizzle|[of] p1b: Pelipper\n|move|p2b: Froslass|Shadow Ball|p1b: Pelipper\n|-damage|p1b: Pelipper|25/100\n|move|p2a: Rotom|Electroweb|p1a: Sneasler|[spread] p1a,p1b\n|-supereffective|p1b: Pelipper|2\n|-damage|p1a: Sneasler|58/100\n|-damage|p1b: Pelipper|0 fnt\n|-unboost|p1a: Sneasler|spe|1\n|faint|p1b: Pelipper\n|\n|-weather|RainDance|[upkeep]\n|upkeep\n|\n|t:|1776114005\n|switch|p1b: Archaludon|Archaludon, L50, F|100/100\n|turn|3\n|inactive|WaluigiVGC has 30 seconds left.\n|\n|t:|1776114033\n|move|p1a: Sneasler|Protect|p1a: Sneasler\n|-singleturn|p1a: Sneasler|Protect\n|move|p2b: Froslass|Protect|p2b: Froslass\n|-singleturn|p2b: Froslass|Protect\n|move|p2a: Rotom|Hydro Pump|p1a: Sneasler\n|-activate|p1a: Sneasler|move: Protect\n|move|p1b: Archaludon|Flash Cannon|p2b: Froslass\n|-activate|p2b: Froslass|move: Protect\n|\n|-weather|RainDance|[upkeep]\n|upkeep\n|turn|4\n|\n|t:|1776114054\n|switch|p1a: Basculegion|Basculegion, L50, M|100/100\n|switch|p2b: Sneasler|Sneasler, L50, M|100/100\n|move|p2a: Rotom|Volt Switch|p1a: Basculegion\n|-supereffective|p1a: Basculegion|1\n|-damage|p1a: Basculegion|42/100\n|\n|t:|1776114062\n|switch|p2a: Froslass|Froslass-Mega, L50, F|57/100|[from] Volt Switch\n|-weather|Snowscape|[from] ability: Snow Warning|[of] p2a: Froslass\n|move|p1b: Archaludon|Flash Cannon|p2b: Sneasler\n|-damage|p2b: Sneasler|52/100\n|\n|-weather|Snowscape|[upkeep]\n|upkeep\n|turn|5\n|\n|t:|1776114080\n|switch|p1b: Sneasler|Sneasler, L50, F|58/100\n|move|p1a: Basculegion|Last Respects|p2a: Froslass\n|-supereffective|p2a: Froslass|1\n|-damage|p2a: Froslass|0 fnt\n|faint|p2a: Froslass\n|move|p2b: Sneasler|Close Combat|p1b: Sneasler\n|-resisted|p1b: Sneasler|1\n|-damage|p1b: Sneasler|2/100\n|-unboost|p2b: Sneasler|def|1\n|-unboost|p2b: Sneasler|spd|1\n|-enditem|p2b: Sneasler|White Herb\n|-clearnegativeboost|p2b: Sneasler|[silent]\n|\n|-weather|Snowscape|[upkeep]\n|upkeep\n|\n|t:|1776114094\n|switch|p2a: Rotom|Rotom-Wash, L50|29/100\n|turn|6\n|\n|t:|1776114110\n|move|p2b: Sneasler|Dire Claw|p1b: Sneasler\n|-resisted|p1b: Sneasler|1\n|-damage|p1b: Sneasler|0 fnt\n|faint|p1b: Sneasler\n|move|p1a: Basculegion|Last Respects|p2a: Rotom\n|-damage|p2a: Rotom|0 fnt\n|faint|p2a: Rotom\n|\n|-weather|Snowscape|[upkeep]\n|upkeep\n|\n|t:|1776114120\n|switch|p1b: Archaludon|Archaludon, L50, F|100/100\n|switch|p2a: Mamoswine|Mamoswine, L50, M|100/100\n|turn|7\n|\n|t:|1776114139\n|move|p1b: Archaludon|Protect|p1b: Archaludon\n|-singleturn|p1b: Archaludon|Protect\n|move|p2b: Sneasler|Coaching|p2a: Mamoswine\n|-boost|p2a: Mamoswine|atk|1\n|-boost|p2a: Mamoswine|def|1\n|move|p1a: Basculegion|Last Respects|p2a: Mamoswine\n|-damage|p2a: Mamoswine|49/100\n|move|p2a: Mamoswine|Earthquake|p1a: Basculegion|[spread] p2b,p1a\n|-activate|p1b: Archaludon|move: Protect\n|-supereffective|p2b: Sneasler|1\n|-damage|p2b: Sneasler|0 fnt\n|-damage|p1a: Basculegion|0 fnt\n|faint|p2b: Sneasler\n|faint|p1a: Basculegion\n|\n|-weather|Snowscape|[upkeep]\n|upkeep\n|turn|8\n|\n|t:|1776114157\n|move|p2a: Mamoswine|High Horsepower|p1b: Archaludon\n|-supereffective|p1b: Archaludon|1\n|-damage|p1b: Archaludon|0 fnt\n|faint|p1b: Archaludon\n|\n|win|2401P\n|raw|WaluigiVGC's rating: 1248 &rarr; <strong>1221</strong><br />(-27 for losing)\n|raw|2401P's rating: 1226 &rarr; <strong>1253</strong><br />(+27 for winning)\n",
  "uploadtime": 1776114163,
  "views": 35,
  "formatid": "gen9championsvgc2026regma",
  "rating": 1221,
  "private": 0,
  "password": null
}