{
  "id": "gen9championsvgc2026regma-2583926388",
  "format": "[Gen 9 Champions] VGC 2026 Reg M-A",
  "players": [
    "Diogo69",
    "Don161"
  ],
  "log": "|j|\u2606Diogo69\n|j|\u2606Don161\n|html|<table width=\"100%\"><tr><td align=\"left\">Diogo69</td><td align=\"right\">Don161</tr><tr><td align=\"left\"><i class=\"fa fa-circle\"></i> <i class=\"fa fa-circle-o\"></i> </td><td align=\"right\"><i class=\"fa fa-circle-o\"></i> <i class=\"fa fa-circle\"></i> </tr></table>\n|uhtml|bestof|<h2><strong>Game 3</strong> of <a href=\"/game-bestof3-gen9championsvgc2026regma-2583919290\">a best-of-3</a></h2>\n|t:|1776208937\n|gametype|doubles\n|player|p1|Diogo69|bruno-gen1rb|\n|player|p2|Don161|koga-gen1rb|\n|gen|9\n|tier|[Gen 9 Champions] VGC 2026 Reg M-A\n|rule|Species Clause: Limit one of each Pok\u00e9mon\n|rule|Item Clause: Limit 1 of each item\n|raw|<div class=\"infobox\"><details class=\"readmore\" open><summary><strong>1 custom rule:</strong></summary> Best of = 3</details></div>\n|clearpoke\n|poke|p1|Charizard, L50, M|\n|poke|p1|Venusaur, L50, M|\n|poke|p1|Incineroar, L50, M|\n|poke|p1|Gardevoir, L50, F|\n|poke|p1|Garchomp, L50, M|\n|poke|p1|Milotic, L50, F|\n|poke|p2|Charizard, L50, M|\n|poke|p2|Whimsicott, L50, F|\n|poke|p2|Typhlosion-Hisui, L50, F|\n|poke|p2|Venusaur, L50, F|\n|poke|p2|Arcanine-Hisui, L50, F|\n|poke|p2|Sneasler, L50, F|\n|teampreview|4\n|inactive|Battle timer is ON: inactive players will automatically lose when time's up. (requested by Don161)\n|j| Leonellus_117\n|inactive|Diogo69 has 60 seconds left.\n|inactive|Don161 has 60 seconds left.\n|inactive|Diogo69 has 30 seconds left.\n|\n|t:|1776209002\n|teamsize|p1|4\n|teamsize|p2|4\n|start\n|switch|p1a: Milotic|Milotic, L50, F|100/100\n|switch|p1b: Incineroar|Incineroar, L50, M|100/100\n|switch|p2a: Charizard|Charizard, L50, M|100/100\n|switch|p2b: Whimsicott|Whimsicott, L50, F|100/100\n|-ability|p1b: Incineroar|Intimidate|boost\n|-unboost|p2a: Charizard|atk|1\n|-unboost|p2b: Whimsicott|atk|1\n|turn|1\n|\n|t:|1776209019\n|move|p2b: Whimsicott|Protect|p2b: Whimsicott\n|-singleturn|p2b: Whimsicott|Protect\n|move|p2a: Charizard|Protect|p2a: Charizard\n|-singleturn|p2a: Charizard|Protect\n|move|p1b: Incineroar|Fake Out|p2b: Whimsicott\n|-activate|p2b: Whimsicott|move: Protect\n|move|p1a: Milotic|Muddy Water|p2a: Charizard|[spread] \n|-activate|p2a: Charizard|move: Protect\n|-activate|p2b: Whimsicott|move: Protect\n|\n|upkeep\n|turn|2\n|inactive|Don161 has 30 seconds left.\n|\n|t:|1776209050\n|switch|p2b: Arcanine|Arcanine-Hisui, L50, F|100/100\n|-ability|p2b: Arcanine|Intimidate|boost\n|-unboost|p1a: Milotic|atk|1\n|-ability|p1a: Milotic|Competitive|boost\n|-boost|p1a: Milotic|spa|2\n|-unboost|p1b: Incineroar|atk|1\n|detailschange|p2a: Charizard|Charizard-Mega-Y, L50, M\n|-mega|p2a: Charizard|Charizard|Charizardite Y\n|-weather|SunnyDay|[from] ability: Drought|[of] p2a: Charizard\n|move|p1a: Milotic|Protect|p1a: Milotic\n|-singleturn|p1a: Milotic|Protect\n|move|p2a: Charizard|Solar Beam||[still]\n|-prepare|p2a: Charizard|Solar Beam\n|-anim|p2a: Charizard|Solar Beam|p1a: Milotic\n|-activate|p1a: Milotic|move: Protect\n|move|p1b: Incineroar|Parting Shot|p2a: Charizard\n|-unboost|p2a: Charizard|atk|1\n|-unboost|p2a: Charizard|spa|1\n|\n|t:|1776209072\n|switch|p1b: Garchomp|Garchomp, L50, M|100/100|[from] Parting Shot\n|\n|-weather|SunnyDay|[upkeep]\n|upkeep\n|turn|3\n|\n|t:|1776209092\n|switch|p2a: Whimsicott|Whimsicott, L50, F|100/100\n|move|p2b: Arcanine|Protect|p2b: Arcanine\n|-singleturn|p2b: Arcanine|Protect\n|move|p1b: Garchomp|Rock Slide|p2a: Whimsicott|[spread] p2a\n|-activate|p2b: Arcanine|move: Protect\n|-damage|p2a: Whimsicott|75/100\n|move|p1a: Milotic|Muddy Water|p2b: Arcanine|[spread] p2a\n|-activate|p2b: Arcanine|move: Protect\n|-resisted|p2a: Whimsicott|1\n|-damage|p2a: Whimsicott|55/100\n|\n|-weather|SunnyDay|[upkeep]\n|upkeep\n|turn|4\n|\n|t:|1776209105\n|move|p1b: Garchomp|Protect|p1b: Garchomp\n|-singleturn|p1b: Garchomp|Protect\n|move|p2a: Whimsicott|Tailwind|p2a: Whimsicott\n|-sidestart|p2: Don161|move: Tailwind\n|move|p2b: Arcanine|Rock Slide|p1b: Garchomp|[spread] p1a\n|-activate|p1b: Garchomp|move: Protect\n|-damage|p1a: Milotic|73/100\n|move|p1a: Milotic|Muddy Water|p2b: Arcanine|[spread] p2a\n|-miss|p1a: Milotic|p2b: Arcanine\n|-resisted|p2a: Whimsicott|1\n|-damage|p2a: Whimsicott|37/100\n|\n|-weather|SunnyDay|[upkeep]\n|-heal|p1a: Milotic|79/100|[from] item: Leftovers\n|upkeep\n|turn|5\n|\n|t:|1776209123\n|move|p1a: Milotic|Protect|p1a: Milotic\n|-singleturn|p1a: Milotic|Protect\n|move|p2a: Whimsicott|Moonblast|p1b: Garchomp\n|-supereffective|p1b: Garchomp|1\n|-damage|p1b: Garchomp|38/100\n|move|p2b: Arcanine|Rock Slide|p1b: Garchomp|[spread] p1b\n|-activate|p1a: Milotic|move: Protect\n|-resisted|p1b: Garchomp|1\n|-damage|p1b: Garchomp|22/100\n|move|p1b: Garchomp|Earthquake|p2b: Arcanine|[spread] p2a,p2b\n|-activate|p1a: Milotic|move: Protect\n|-resisted|p2a: Whimsicott|1\n|-supereffective|p2b: Arcanine|2\n|-damage|p2a: Whimsicott|12/100\n|-damage|p2b: Arcanine|0 fnt\n|faint|p2b: Arcanine\n|\n|-weather|SunnyDay|[upkeep]\n|-heal|p1a: Milotic|85/100|[from] item: Leftovers\n|upkeep\n|\n|t:|1776209134\n|switch|p2b: Sneasler|Sneasler, L50, F|100/100\n|turn|6\n|inactive|Diogo69 has 30 seconds left.\n|\n|t:|1776209166\n|switch|p1b: Incineroar|Incineroar, L50, M|100/100\n|-ability|p1b: Incineroar|Intimidate|boost\n|-unboost|p2a: Whimsicott|atk|1\n|-unboost|p2b: Sneasler|atk|1\n|-enditem|p2b: Sneasler|White Herb\n|-clearnegativeboost|p2b: Sneasler|[silent]\n|move|p2b: Sneasler|Dire Claw|p1a: Milotic\n|-crit|p1a: Milotic\n|-damage|p1a: Milotic|18/100\n|move|p2a: Whimsicott|Moonblast|p1b: Incineroar\n|-damage|p1b: Incineroar|75/100\n|-unboost|p1b: Incineroar|spa|1\n|move|p1a: Milotic|Muddy Water|p2b: Sneasler|[spread] p2a,p2b\n|-resisted|p2a: Whimsicott|1\n|-damage|p2a: Whimsicott|0 fnt\n|-damage|p2b: Sneasler|65/100\n|faint|p2a: Whimsicott\n|\n|-weather|none\n|-heal|p1a: Milotic|24/100|[from] item: Leftovers\n|upkeep\n|\n|t:|1776209178\n|switch|p2a: Charizard|Charizard-Mega-Y, L50, M|100/100\n|-weather|SunnyDay|[from] ability: Drought|[of] p2a: Charizard\n|turn|7\n|inactive|Diogo69 has 30 seconds left.\n|inactive|Diogo69 has 20 seconds left.\n|inactive|Diogo69 has 15 seconds left.\n|inactive|Diogo69 has 10 seconds left.\n|\n|t:|1776209227\n|move|p2b: Sneasler|Protect|p2b: Sneasler\n|-singleturn|p2b: Sneasler|Protect\n|move|p2a: Charizard|Protect|p2a: Charizard\n|-singleturn|p2a: Charizard|Protect\n|move|p1b: Incineroar|Fake Out|p2a: Charizard\n|-activate|p2a: Charizard|move: Protect\n|move|p1a: Milotic|Muddy Water|p2b: Sneasler|[spread] \n|-activate|p2a: Charizard|move: Protect\n|-activate|p2b: Sneasler|move: Protect\n|\n|-weather|SunnyDay|[upkeep]\n|-heal|p1a: Milotic|30/100|[from] item: Leftovers\n|-sideend|p2: Don161|move: Tailwind\n|upkeep\n|turn|8\n|\n|t:|1776209242\n|move|p2b: Sneasler|Close Combat|p1b: Incineroar\n|-supereffective|p1b: Incineroar|1\n|-damage|p1b: Incineroar|0 fnt\n|-unboost|p2b: Sneasler|def|1\n|-unboost|p2b: Sneasler|spd|1\n|faint|p1b: Incineroar\n|move|p2a: Charizard|Solar Beam||[still]\n|-prepare|p2a: Charizard|Solar Beam\n|-anim|p2a: Charizard|Solar Beam|p1a: Milotic\n|-supereffective|p1a: Milotic|1\n|-damage|p1a: Milotic|0 fnt\n|faint|p1a: Milotic\n|\n|-weather|SunnyDay|[upkeep]\n|upkeep\n|\n|t:|1776209253\n|switch|p1a: Garchomp|Garchomp, L50, M|22/100\n|switch|p1b: Gardevoir|Gardevoir, L50, F, shiny|100/100\n|turn|9\n|inactive|Don161 has 30 seconds left.\n|inactive|Don161 has 20 seconds left.\n|inactive|Don161 has 15 seconds left.\n|inactive|Don161 has 10 seconds left.\n|\n|t:|1776209300\n|move|p2b: Sneasler|Protect|p2b: Sneasler\n|-singleturn|p2b: Sneasler|Protect\n|move|p2a: Charizard|Protect|p2a: Charizard\n|-singleturn|p2a: Charizard|Protect\n|move|p1b: Gardevoir|Psychic|p2b: Sneasler\n|-activate|p2b: Sneasler|move: Protect\n|move|p1a: Garchomp|Rock Slide|p2b: Sneasler|[spread] \n|-activate|p2a: Charizard|move: Protect\n|-activate|p2b: Sneasler|move: Protect\n|\n|-weather|SunnyDay|[upkeep]\n|upkeep\n|turn|10\n|inactive|Don161 has 30 seconds left.\n|inactive|Don161 has 20 seconds left.\n|inactive|Don161 has 15 seconds left.\n|\n|t:|1776209342\n|move|p2b: Sneasler|Dire Claw|p1b: Gardevoir\n|-supereffective|p1b: Gardevoir|1\n|-damage|p1b: Gardevoir|0 fnt\n|faint|p1b: Gardevoir\n|move|p1a: Garchomp|Rock Slide|p2b: Sneasler|[spread] p2a,p2b\n|-supereffective|p2a: Charizard|2\n|-resisted|p2b: Sneasler|1\n|-damage|p2a: Charizard|0 fnt\n|-damage|p2b: Sneasler|42/100\n|faint|p2a: Charizard\n|\n|-weather|SunnyDay|[upkeep]\n|upkeep\n|turn|11\n|\n|t:|1776209353\n|move|p2b: Sneasler|Close Combat|p1a: Garchomp\n|-damage|p1a: Garchomp|0 fnt\n|-unboost|p2b: Sneasler|def|1\n|-unboost|p2b: Sneasler|spd|1\n|-damage|p2b: Sneasler|30/100|[from] ability: Rough Skin|[of] p1a: Garchomp\n|faint|p1a: Garchomp\n|\n|win|Don161\n|l|\u2606Diogo69\n|player|p1|\n",
  "uploadtime": 1776209400,
  "views": 12,
  "formatid": "gen9championsvgc2026regma",
  "rating": null,
  "private": 0,
  "password": null
}