{
  "id": "gen9championsvgc2026regma-2587348640",
  "format": "[Gen 9 Champions] VGC 2026 Reg M-A",
  "players": [
    "chroniclesofcheb",
    "cesarapp"
  ],
  "log": "|j|\u2606chroniclesofcheb\n|j|\u2606cesarapp\n|t:|1776524237\n|gametype|doubles\n|player|p1|chroniclesofcheb|2|1157\n|player|p2|cesarapp|1|1109\n|gen|9\n|tier|[Gen 9 Champions] VGC 2026 Reg M-A\n|rated|\n|rule|Species Clause: Limit one of each Pok\u00e9mon\n|rule|Item Clause: Limit 1 of each item\n|clearpoke\n|poke|p1|Aerodactyl, L50, F|\n|poke|p1|Crabominable, L50, M|\n|poke|p1|Farigiraf, L50, M|\n|poke|p1|Basculegion, L50, M|\n|poke|p1|Incineroar, L50, F|\n|poke|p1|Sinistcha, L50|\n|poke|p2|Gardevoir, L50, F, shiny|\n|poke|p2|Ariados, L50, F, shiny|\n|poke|p2|Garchomp, L50, M|\n|poke|p2|Whimsicott, L50, F|\n|poke|p2|Arcanine-Hisui, L50, F|\n|poke|p2|Gyarados, L50, M, shiny|\n|teampreview|4\n|inactive|Battle timer is ON: inactive players will automatically lose when time's up. (requested by chroniclesofcheb)\n|\n|t:|1776524259\n|teamsize|p1|4\n|teamsize|p2|4\n|start\n|switch|p1a: Incineroar|Incineroar, L50, F|100/100\n|switch|p1b: Farigiraf|Farigiraf, L50, M|100/100\n|switch|p2a: Whimsicott|Whimsicott, L50, F|100/100\n|switch|p2b: Garchomp|Garchomp, L50, M|100/100\n|-ability|p1a: Incineroar|Intimidate|boost\n|-unboost|p2a: Whimsicott|atk|1\n|-unboost|p2b: Garchomp|atk|1\n|turn|1\n|\n|t:|1776524277\n|switch|p2b: Arcanine|Arcanine-Hisui, L50, F|100/100\n|-ability|p2b: Arcanine|Intimidate|boost\n|-unboost|p1a: Incineroar|atk|1\n|-unboost|p1b: Farigiraf|atk|1\n|move|p1a: Incineroar|Fake Out|p2b: Arcanine\n|-resisted|p2b: Arcanine|1\n|-damage|p2b: Arcanine|96/100\n|move|p2a: Whimsicott|Taunt||[still]\n|cant|p1b: Farigiraf|ability: Armor Tail|Taunt|[of] p2a: Whimsicott\n|move|p1b: Farigiraf|Trick Room|p1b: Farigiraf\n|-fieldstart|move: Trick Room|[of] p1b: Farigiraf\n|\n|upkeep\n|turn|2\n|\n|t:|1776524300\n|move|p1b: Farigiraf|Twin Beam|p2a: Whimsicott\n|-damage|p2a: Whimsicott|78/100\n|-damage|p2a: Whimsicott|58/100\n|-hitcount|p2a: Whimsicott|2\n|move|p1a: Incineroar|Parting Shot|p2b: Arcanine\n|-unboost|p2b: Arcanine|atk|1\n|-unboost|p2b: Arcanine|spa|1\n|\n|t:|1776524309\n|switch|p1a: Crabominable|Crabominable, L50, M|100/100|[from] Parting Shot\n|move|p2a: Whimsicott|Dazzling Gleam|p1a: Crabominable|[spread] p1a,p1b\n|-supereffective|p1a: Crabominable|1\n|-damage|p1a: Crabominable|59/100\n|-damage|p1b: Farigiraf|84/100\n|move|p2b: Arcanine|Rock Slide|p1a: Crabominable|[spread] p1a,p1b\n|-damage|p1a: Crabominable|40/100\n|-damage|p1b: Farigiraf|67/100\n|\n|-heal|p1b: Farigiraf|73/100|[from] item: Leftovers\n|upkeep\n|turn|3\n|inactive|chroniclesofcheb has 30 seconds left.\n|inactive|cesarapp has 30 seconds left.\n|inactive|cesarapp has 20 seconds left.\n|\n|t:|1776524345\n|switch|p1b: Sinistcha|Sinistcha, L50|100/100\n|-heal|p1a: Crabominable|65/100|[from] ability: Hospitality|[of] p1b: Sinistcha\n|move|p1a: Crabominable|Protect|p1a: Crabominable\n|-singleturn|p1a: Crabominable|Protect\n|move|p2a: Whimsicott|Dazzling Gleam|p1a: Crabominable|[spread] p1b\n|-activate|p1a: Crabominable|move: Protect\n|-damage|p1b: Sinistcha|86/100\n|move|p2b: Arcanine|Rock Slide|p1a: Crabominable|[spread] p1b\n|-activate|p1a: Crabominable|move: Protect\n|-damage|p1b: Sinistcha|70/100\n|\n|upkeep\n|turn|4\n|inactive|cesarapp has 30 seconds left.\n|\n|t:|1776524372\n|detailschange|p1a: Crabominable|Crabominable-Mega, L50, M\n|-mega|p1a: Crabominable|Crabominable|Crabominite\n|move|p2a: Whimsicott|Encore|p1a: Crabominable\n|-start|p1a: Crabominable|Encore\n|move|p1a: Crabominable|Protect|p1a: Crabominable\n|-singleturn|p1a: Crabominable|Protect\n|move|p1b: Sinistcha|Scald|p2b: Arcanine\n|-supereffective|p2b: Arcanine|2\n|-damage|p2b: Arcanine|0 fnt\n|faint|p2b: Arcanine\n|\n|upkeep\n|\n|t:|1776524386\n|switch|p2b: Gardevoir|Gardevoir, L50, F, shiny|100/100\n|-ability|p2b: Gardevoir|Iron Fist|Trace|[from] ability: Trace|[of] p1a: Crabominable\n|turn|5\n|\n|t:|1776524405\n|switch|p1a: Incineroar|Incineroar, L50, F|100/100\n|-ability|p1a: Incineroar|Intimidate|boost\n|-unboost|p2a: Whimsicott|atk|1\n|-unboost|p2b: Gardevoir|atk|1\n|move|p2b: Gardevoir|Protect|p2b: Gardevoir\n|-singleturn|p2b: Gardevoir|Protect\n|move|p2a: Whimsicott|Taunt|p1b: Sinistcha\n|-start|p1b: Sinistcha|move: Taunt\n|move|p1b: Sinistcha|Matcha Gotcha|p2a: Whimsicott|[spread] p2a\n|-activate|p2b: Gardevoir|move: Protect\n|-resisted|p2a: Whimsicott|1\n|-damage|p2a: Whimsicott|43/100\n|-heal|p1b: Sinistcha|77/100|[from] drain|[of] p2a: Whimsicott\n|\n|-fieldend|move: Trick Room\n|upkeep\n|turn|6\n|\n|t:|1776524426\n|switch|p1b: Farigiraf|Farigiraf, L50, M|73/100\n|detailschange|p2b: Gardevoir|Gardevoir-Mega, L50, F, shiny\n|-mega|p2b: Gardevoir|Gardevoir|Gardevoirite\n|move|p1a: Incineroar|Fake Out|p2b: Gardevoir\n|-damage|p2b: Gardevoir|83/100\n|move|p2a: Whimsicott|Tailwind|p2a: Whimsicott\n|-sidestart|p2: cesarapp|move: Tailwind\n|cant|p2b: Gardevoir|flinch\n|\n|-heal|p1b: Farigiraf|79/100|[from] item: Leftovers\n|upkeep\n|turn|7\n|inactive|chroniclesofcheb has 30 seconds left.\n|inactive|chroniclesofcheb has 20 seconds left.\n|inactive|chroniclesofcheb has 15 seconds left.\n|\n|t:|1776524470\n|move|p2b: Gardevoir|Hyper Voice|p1b: Farigiraf|[spread] p1a,p1b\n|-damage|p1a: Incineroar|68/100\n|-damage|p1b: Farigiraf|33/100\n|move|p2a: Whimsicott|Dazzling Gleam|p1b: Farigiraf|[spread] p1a,p1b\n|-damage|p1a: Incineroar|56/100\n|-damage|p1b: Farigiraf|17/100\n|move|p1a: Incineroar|Parting Shot|p2b: Gardevoir\n|-unboost|p2b: Gardevoir|atk|1\n|-unboost|p2b: Gardevoir|spa|1\n|\n|t:|1776524482\n|switch|p1a: Crabominable|Crabominable-Mega, L50, M|65/100|[from] Parting Shot\n|move|p1b: Farigiraf|Trick Room|p1b: Farigiraf\n|-fieldstart|move: Trick Room|[of] p1b: Farigiraf\n|\n|-heal|p1b: Farigiraf|23/100|[from] item: Leftovers\n|upkeep\n|turn|8\n|\n|t:|1776524495\n|switch|p1b: Sinistcha|Sinistcha, L50|77/100\n|-heal|p1a: Crabominable|90/100|[from] ability: Hospitality|[of] p1b: Sinistcha\n|move|p2b: Gardevoir|Protect|p2b: Gardevoir\n|-singleturn|p2b: Gardevoir|Protect\n|move|p1a: Crabominable|Ice Hammer|p2a: Whimsicott\n|-supereffective|p2a: Whimsicott|1\n|-damage|p2a: Whimsicott|0 fnt\n|-unboost|p1a: Crabominable|spe|1\n|faint|p2a: Whimsicott\n|\n|upkeep\n|\n|t:|1776524507\n|switch|p2a: Garchomp|Garchomp, L50, M|100/100\n|turn|9\n|\n|t:|1776524514\n|switch|p1b: Incineroar|Incineroar, L50, F|56/100\n|-ability|p1b: Incineroar|Intimidate|boost\n|-unboost|p2a: Garchomp|atk|1\n|-unboost|p2b: Gardevoir|atk|1\n|move|p1a: Crabominable|Ice Hammer|p2b: Gardevoir\n|-damage|p2b: Gardevoir|0 fnt\n|-unboost|p1a: Crabominable|spe|1\n|faint|p2b: Gardevoir\n|move|p2a: Garchomp|Rock Slide|p1a: Crabominable|[spread] p1a,p1b\n|-supereffective|p1b: Incineroar|1\n|-damage|p1a: Crabominable|80/100\n|-damage|p1b: Incineroar|32/100\n|\n|-sideend|p2: cesarapp|move: Tailwind\n|upkeep\n|turn|10\n|\n|t:|1776524530\n|switch|p1b: Sinistcha|Sinistcha, L50|77/100\n|-heal|p1a: Crabominable|100/100|[from] ability: Hospitality|[of] p1b: Sinistcha\n|move|p1a: Crabominable|Ice Hammer|p2a: Garchomp\n|-supereffective|p2a: Garchomp|2\n|-crit|p2a: Garchomp\n|-damage|p2a: Garchomp|0 fnt\n|-unboost|p1a: Crabominable|spe|1\n|-damage|p1a: Crabominable|88/100|[from] ability: Rough Skin|[of] p2a: Garchomp\n|faint|p2a: Garchomp\n|\n|win|chroniclesofcheb\n|raw|chroniclesofcheb's rating: 1157 &rarr; <strong>1179</strong><br />(+22 for winning)\n|raw|cesarapp's rating: 1109 &rarr; <strong>1087</strong><br />(-22 for losing)\n|l|\u2606cesarapp\n|player|p2|\n",
  "uploadtime": 1776524547,
  "views": 30,
  "formatid": "gen9championsvgc2026regma",
  "rating": 1087,
  "private": 0,
  "password": null
}