{
  "id": "gen9championsvgc2026regma-2585902235",
  "format": "[Gen 9 Champions] VGC 2026 Reg M-A",
  "players": [
    "slothgameplay",
    "compulsic"
  ],
  "log": "|j|\u2606slothgameplay\n|j|\u2606compulsic\n|t:|1776379884\n|gametype|doubles\n|player|p1|slothgameplay|102|1233\n|player|p2|compulsic|170|1317\n|gen|9\n|tier|[Gen 9 Champions] VGC 2026 Reg M-A\n|rated|\n|rule|Species Clause: Limit one of each Pok\u00e9mon\n|rule|Item Clause: Limit 1 of each item\n|clearpoke\n|poke|p1|Gengar, L50, M|\n|poke|p1|Incineroar, L50, M|\n|poke|p1|Sinistcha-Masterpiece, L50|\n|poke|p1|Kingambit, L50, M|\n|poke|p1|Tyranitar, L50, M|\n|poke|p1|Kommo-o, L50, M|\n|poke|p2|Basculegion, L50, M|\n|poke|p2|Sneasler, L50, F|\n|poke|p2|Meganium, L50, M|\n|poke|p2|Pelipper, L50, F|\n|poke|p2|Archaludon, L50, F|\n|poke|p2|Garchomp, L50, M|\n|teampreview|4\n|inactive|Battle timer is ON: inactive players will automatically lose when time's up. (requested by compulsic)\n|inactive|slothgameplay has 60 seconds left.\n|inactive|compulsic has 60 seconds left.\n|\n|t:|1776379921\n|teamsize|p1|4\n|teamsize|p2|4\n|start\n|switch|p1a: Jigokudo|Gengar, L50, M, shiny|100/100\n|switch|p1b: Sinistcha|Sinistcha-Masterpiece, L50|100/100\n|switch|p2a: Basculegion|Basculegion, L50, M, shiny|100/100\n|switch|p2b: Sneasler|Sneasler, L50, F|100/100\n|turn|1\n|inactive|slothgameplay has 30 seconds left.\n|inactive|compulsic has 30 seconds left.\n|\n|t:|1776379960\n|switch|p2b: Pelipper|Pelipper, L50, F|100/100\n|-weather|RainDance|[from] ability: Drizzle|[of] p2b: Pelipper\n|move|p1a: Jigokudo|Protect|p1a: Jigokudo\n|-singleturn|p1a: Jigokudo|Protect\n|move|p2a: Basculegion|Flip Turn|p1a: Jigokudo\n|-activate|p1a: Jigokudo|move: Protect\n|move|p1b: Sinistcha|Trick Room|p1b: Sinistcha\n|-fieldstart|move: Trick Room|[of] p1b: Sinistcha\n|\n|-weather|RainDance|[upkeep]\n|upkeep\n|turn|2\n|inactive|slothgameplay has 30 seconds left.\n|\n|t:|1776379991\n|switch|p1b: Tyranitar|Tyranitar, L50, M|100/100\n|-weather|Sandstorm|[from] ability: Sand Stream|[of] p1b: Tyranitar\n|detailschange|p1a: Jigokudo|Gengar-Mega, L50, M, shiny\n|-mega|p1a: Jigokudo|Gengar|Gengarite\n|move|p2b: Pelipper|Hurricane|p1b: Tyranitar\n|-resisted|p1b: Tyranitar|1\n|-damage|p1b: Tyranitar|85/100\n|-start|p1b: Tyranitar|confusion\n|move|p1a: Jigokudo|Shadow Ball|p2a: Basculegion\n|-supereffective|p2a: Basculegion|1\n|-damage|p2a: Basculegion|8/100\n|move|p2a: Basculegion|Flip Turn|p1a: Jigokudo\n|-damage|p1a: Jigokudo|56/100\n|\n|t:|1776380012\n|switch|p2a: Sneasler|Sneasler, L50, F|100/100|[from] Flip Turn\n|\n|-weather|Sandstorm|[upkeep]\n|-damage|p2b: Pelipper|95/100|[from] Sandstorm\n|-damage|p2a: Sneasler|95/100|[from] Sandstorm\n|-damage|p1a: Jigokudo|50/100|[from] Sandstorm\n|upkeep\n|turn|3\n|\n|t:|1776380031\n|switch|p1a: Incineroar|Incineroar, L50, M|100/100\n|-ability|p1a: Incineroar|Intimidate|boost\n|-unboost|p2a: Sneasler|atk|1\n|-unboost|p2b: Pelipper|atk|1\n|-enditem|p2a: Sneasler|White Herb\n|-clearnegativeboost|p2a: Sneasler|[silent]\n|move|p2a: Sneasler|Fake Out|p1b: Tyranitar\n|-resisted|p1b: Tyranitar|1\n|-damage|p1b: Tyranitar|79/100\n|cant|p1b: Tyranitar|flinch\n|move|p2b: Pelipper|Weather Ball|p1a: Incineroar\n|-supereffective|p1a: Incineroar|1\n|-damage|p1a: Incineroar|56/100\n|\n|-weather|Sandstorm|[upkeep]\n|-damage|p1a: Incineroar|50/100|[from] Sandstorm\n|-damage|p2b: Pelipper|89/100|[from] Sandstorm\n|-damage|p2a: Sneasler|89/100|[from] Sandstorm\n|upkeep\n|turn|4\n|\n|t:|1776380051\n|move|p2a: Sneasler|Protect|p2a: Sneasler\n|-singleturn|p2a: Sneasler|Protect\n|move|p1a: Incineroar|Fake Out|p2a: Sneasler\n|-activate|p2a: Sneasler|move: Protect\n|-activate|p1b: Tyranitar|confusion\n|move|p1b: Tyranitar|Rock Slide|p2a: Sneasler|[spread] p2b\n|-activate|p2a: Sneasler|move: Protect\n|-supereffective|p2b: Pelipper|1\n|-damage|p2b: Pelipper|6/100\n|move|p2b: Pelipper|Weather Ball|p1a: Incineroar\n|-supereffective|p1a: Incineroar|1\n|-damage|p1a: Incineroar|3/100\n|\n|-weather|Sandstorm|[upkeep]\n|-damage|p1a: Incineroar|0 fnt|[from] Sandstorm\n|-damage|p2b: Pelipper|0 fnt|[from] Sandstorm\n|-damage|p2a: Sneasler|83/100|[from] Sandstorm\n|faint|p1a: Incineroar\n|faint|p2b: Pelipper\n|upkeep\n|\n|t:|1776380075\n|switch|p1a: Sinistcha|Sinistcha-Masterpiece, L50|100/100\n|switch|p2b: Meganium|Meganium, L50, M|100/100\n|-heal|p1b: Tyranitar|100/100|[from] ability: Hospitality|[of] p1a: Sinistcha\n|turn|5\n|\n|t:|1776380093\n|detailschange|p2b: Meganium|Meganium-Mega, L50, M\n|-mega|p2b: Meganium|Meganium|Meganiumite\n|move|p1a: Sinistcha|Rage Powder|p1a: Sinistcha\n|-singleturn|p1a: Sinistcha|move: Rage Powder\n|-activate|p1b: Tyranitar|confusion\n|move|p1b: Tyranitar|Rock Slide|p2a: Sneasler|[spread] p2a,p2b\n|-resisted|p2a: Sneasler|1\n|-damage|p2a: Sneasler|58/100\n|-damage|p2b: Meganium|72/100\n|move|p2b: Meganium|Weather Ball|p1a: Sinistcha\n|-supereffective|p1a: Sinistcha|1\n|-damage|p1a: Sinistcha|0 fnt\n|faint|p1a: Sinistcha\n|cant|p2a: Sneasler|flinch\n|\n|-weather|Sandstorm|[upkeep]\n|-damage|p2b: Meganium|66/100|[from] Sandstorm\n|-damage|p2a: Sneasler|52/100|[from] Sandstorm\n|-fieldend|move: Trick Room\n|upkeep\n|\n|t:|1776380108\n|switch|p1a: Jigokudo|Gengar-Mega, L50, M, shiny|50/100\n|turn|6\n|inactive|compulsic has 30 seconds left.\n|\n|t:|1776380134\n|move|p1a: Jigokudo|Protect|p1a: Jigokudo\n|-singleturn|p1a: Jigokudo|Protect\n|move|p2b: Meganium|Protect|p2b: Meganium\n|-singleturn|p2b: Meganium|Protect\n|-end|p1b: Tyranitar|confusion\n|move|p1b: Tyranitar|Protect|p1b: Tyranitar\n|-singleturn|p1b: Tyranitar|Protect\n|move|p2a: Sneasler|Close Combat|p1b: Tyranitar\n|-activate|p1b: Tyranitar|move: Protect\n|\n|-weather|none\n|upkeep\n|turn|7\n|\n|t:|1776380158\n|move|p2a: Sneasler|Close Combat|p1b: Tyranitar\n|-supereffective|p1b: Tyranitar|2\n|-damage|p1b: Tyranitar|0 fnt\n|-unboost|p2a: Sneasler|def|1\n|-unboost|p2a: Sneasler|spd|1\n|faint|p1b: Tyranitar\n|move|p1a: Jigokudo|Shadow Ball|p2a: Sneasler\n|-damage|p2a: Sneasler|0 fnt\n|faint|p2a: Sneasler\n|move|p2b: Meganium|Dazzling Gleam|p1a: Jigokudo\n|-resisted|p1a: Jigokudo|1\n|-damage|p1a: Jigokudo|23/100\n|\n|upkeep\n|\n|t:|1776380173\n|switch|p2a: Basculegion|Basculegion, L50, M, shiny|8/100\n|turn|8\n|\n|t:|1776380188\n|move|p2a: Basculegion|Last Respects|p1a: Jigokudo\n|-supereffective|p1a: Jigokudo|1\n|-damage|p1a: Jigokudo|0 fnt\n|faint|p1a: Jigokudo\n|\n|win|compulsic\n|raw|slothgameplay's rating: 1233 &rarr; <strong>1214</strong><br />(-19 for losing)\n|raw|compulsic's rating: 1317 &rarr; <strong>1332</strong><br />(+15 for winning)\n",
  "uploadtime": 1776380188,
  "views": 23,
  "formatid": "gen9championsvgc2026regma",
  "rating": 1214,
  "private": 0,
  "password": null
}