{
  "id": "gen9championsvgc2026regma-2582372721",
  "format": "[Gen 9 Champions] VGC 2026 Reg M-A",
  "players": [
    "toxapex_uchiha",
    "A New Way"
  ],
  "log": "|j|\u2606toxapex_uchiha\n|j|\u2606A New Way\n|t:|1776087243\n|gametype|doubles\n|player|p1|toxapex_uchiha|101|1064\n|player|p2|A New Way|giovanni-gen3|1120\n|gen|9\n|tier|[Gen 9 Champions] VGC 2026 Reg M-A\n|rated|\n|rule|Species Clause: Limit one of each Pok\u00e9mon\n|rule|Item Clause: Limit 1 of each item\n|clearpoke\n|poke|p1|Aerodactyl, L50, M|\n|poke|p1|Tyranitar, L50, F|\n|poke|p1|Garchomp, L50, M|\n|poke|p1|Sinistcha-Masterpiece, L50|\n|poke|p1|Rotom-Wash, L50|\n|poke|p1|Venusaur, L50, F|\n|poke|p2|Salazzle, L50, F|\n|poke|p2|Glimmora, L50, M|\n|poke|p2|Sinistcha, L50|\n|poke|p2|Aggron, L50, F|\n|poke|p2|Ninetales-Alola, L50, F|\n|poke|p2|Farigiraf, L50, F|\n|teampreview|4\n|inactive|Battle timer is ON: inactive players will automatically lose when time's up. (requested by A New Way)\n|inactive|toxapex_uchiha has 60 seconds left.\n|\n|t:|1776087283\n|teamsize|p1|4\n|teamsize|p2|4\n|start\n|switch|p1a: Aerodactyl|Aerodactyl, L50, M|100/100\n|switch|p1b: Tyranitar|Tyranitar, L50, F|100/100\n|switch|p2a: Salazzle|Salazzle, L50, F|100/100\n|switch|p2b: Glimmora|Glimmora, L50, M|100/100\n|-weather|Sandstorm|[from] ability: Sand Stream|[of] p1b: Tyranitar\n|turn|1\n|\n|t:|1776087298\n|detailschange|p1a: Aerodactyl|Aerodactyl-Mega, L50, M\n|-mega|p1a: Aerodactyl|Aerodactyl|Aerodactylite\n|move|p2a: Salazzle|Fake Out|p1a: Aerodactyl\n|-resisted|p1a: Aerodactyl|1\n|-crit|p1a: Aerodactyl\n|-damage|p1a: Aerodactyl|93/100\n|cant|p1a: Aerodactyl|flinch\n|move|p2b: Glimmora|Mortal Spin|p1b: Tyranitar|[spread] p1a,p1b\n|-resisted|p1a: Aerodactyl|1\n|-resisted|p1b: Tyranitar|1\n|-damage|p1a: Aerodactyl|91/100\n|-damage|p1b: Tyranitar|99/100\n|-status|p1a: Aerodactyl|psn\n|-status|p1b: Tyranitar|psn\n|-enditem|p1b: Tyranitar|Lum Berry|[eat]\n|-curestatus|p1b: Tyranitar|psn|[msg]\n|move|p1b: Tyranitar|Rock Slide|p2a: Salazzle|[spread] p2a,p2b\n|-supereffective|p2a: Salazzle|1\n|-damage|p2a: Salazzle|4/100\n|-damage|p2b: Glimmora|72/100\n|-activate|p2b: Glimmora|ability: Toxic Debris\n|-sidestart|p1: toxapex_uchiha|move: Toxic Spikes\n|\n|-weather|Sandstorm|[upkeep]\n|-damage|p2a: Salazzle|0 fnt|[from] Sandstorm\n|faint|p2a: Salazzle\n|-damage|p1a: Aerodactyl|79/100 psn|[from] psn\n|upkeep\n|\n|t:|1776087309\n|switch|p2a: Ninetales|Ninetales-Alola, L50, F|100/100\n|-weather|Snowscape|[from] ability: Snow Warning|[of] p2a: Ninetales\n|turn|2\n|\n|t:|1776087322\n|move|p1a: Aerodactyl|Rock Slide|p2b: Glimmora|[spread] p2a,p2b\n|-supereffective|p2a: Ninetales|1\n|-damage|p2a: Ninetales|47/100\n|-damage|p2b: Glimmora|40/100\n|-activate|p2b: Glimmora|ability: Toxic Debris\n|-sidestart|p1: toxapex_uchiha|move: Toxic Spikes\n|-enditem|p2a: Ninetales|Sitrus Berry|[eat]\n|-heal|p2a: Ninetales|72/100|[from] item: Sitrus Berry\n|move|p2a: Ninetales|Aurora Veil|p2a: Ninetales\n|-sidestart|p2: A New Way|move: Aurora Veil\n|move|p2b: Glimmora|Mortal Spin|p1b: Tyranitar|[spread] p1a,p1b\n|-resisted|p1a: Aerodactyl|1\n|-resisted|p1b: Tyranitar|1\n|-damage|p1a: Aerodactyl|76/100 psn\n|-damage|p1b: Tyranitar|98/100\n|-status|p1b: Tyranitar|psn\n|move|p1b: Tyranitar|Rock Slide|p2a: Ninetales|[spread] p2a,p2b\n|-supereffective|p2a: Ninetales|1\n|-damage|p2a: Ninetales|40/100\n|-damage|p2b: Glimmora|18/100\n|\n|-weather|Snowscape|[upkeep]\n|-damage|p1a: Aerodactyl|64/100 psn|[from] psn\n|-damage|p1b: Tyranitar|86/100 psn|[from] psn\n|upkeep\n|turn|3\n|\n|t:|1776087346\n|switch|p2b: Aggron|Aggron, L50, F|100/100\n|move|p1a: Aerodactyl|Tailwind|p1a: Aerodactyl\n|-sidestart|p1: toxapex_uchiha|move: Tailwind\n|move|p1b: Tyranitar|Rock Slide|p2a: Ninetales|[spread] p2a,p2b\n|-supereffective|p2a: Ninetales|1\n|-resisted|p2b: Aggron|1\n|-damage|p2a: Ninetales|4/100\n|-damage|p2b: Aggron|94/100\n|move|p2a: Ninetales|Blizzard|p1a: Aerodactyl|[spread] p1a,p1b\n|-supereffective|p1a: Aerodactyl|1\n|-damage|p1a: Aerodactyl|3/100 psn\n|-damage|p1b: Tyranitar|67/100 psn\n|\n|-weather|Snowscape|[upkeep]\n|-damage|p1a: Aerodactyl|0 fnt|[from] psn\n|faint|p1a: Aerodactyl\n|-damage|p1b: Tyranitar|55/100 psn|[from] psn\n|upkeep\n|\n|t:|1776087359\n|switch|p1a: Venusaur|Venusaur, L50, F|100/100\n|-sideend|p1: toxapex_uchiha|move: Toxic Spikes|[of] p1a: Venusaur\n|turn|4\n|\n|t:|1776087371\n|detailschange|p2b: Aggron|Aggron-Mega, L50, F\n|-mega|p2b: Aggron|Aggron|Aggronite\n|move|p1a: Venusaur|Earth Power|p2b: Aggron\n|-supereffective|p2b: Aggron|1\n|-damage|p2b: Aggron|70/100\n|move|p1b: Tyranitar|Low Kick|p2a: Ninetales\n|-damage|p2a: Ninetales|0 fnt\n|faint|p2a: Ninetales\n|move|p2b: Aggron|Iron Defense|p2b: Aggron\n|-boost|p2b: Aggron|def|2\n|\n|-weather|Snowscape|[upkeep]\n|-damage|p1b: Tyranitar|43/100 psn|[from] psn\n|upkeep\n|\n|t:|1776087378\n|switch|p2a: Glimmora|Glimmora, L50, M|18/100\n|turn|5\n|\n|t:|1776087389\n|move|p2b: Aggron|Protect|p2b: Aggron\n|-singleturn|p2b: Aggron|Protect\n|move|p1a: Venusaur|Earth Power|p2b: Aggron\n|-activate|p2b: Aggron|move: Protect\n|move|p1b: Tyranitar|Low Kick|p2a: Glimmora\n|-damage|p2a: Glimmora|3/100\n|-activate|p2a: Glimmora|ability: Toxic Debris\n|-sidestart|p1: toxapex_uchiha|move: Toxic Spikes\n|move|p2a: Glimmora|Power Gem|p1a: Venusaur\n|-damage|p1a: Venusaur|58/100\n|\n|-weather|Snowscape|[upkeep]\n|-damage|p1b: Tyranitar|30/100 psn|[from] psn\n|upkeep\n|turn|6\n|\n|t:|1776087407\n|move|p2a: Glimmora|Spiky Shield|p2a: Glimmora\n|-singleturn|p2a: Glimmora|move: Protect\n|move|p1a: Venusaur|Earth Power|p2b: Aggron\n|-supereffective|p2b: Aggron|1\n|-damage|p2b: Aggron|43/100\n|move|p1b: Tyranitar|Low Kick|p2a: Glimmora\n|-activate|p2a: Glimmora|move: Protect\n|-damage|p1b: Tyranitar|18/100 psn|[from] Spiky Shield|[of] p2a: Glimmora\n|move|p2b: Aggron|Body Press|p1a: Venusaur\n|-resisted|p1a: Venusaur|1\n|-damage|p1a: Venusaur|3/100\n|\n|-weather|none\n|-damage|p1b: Tyranitar|6/100 psn|[from] psn\n|-sideend|p1: toxapex_uchiha|move: Tailwind\n|-sideend|p2: A New Way|move: Aurora Veil\n|upkeep\n|turn|7\n|\n|t:|1776087422\n|move|p2b: Aggron|Protect|p2b: Aggron\n|-singleturn|p2b: Aggron|Protect\n|move|p2a: Glimmora|Dazzling Gleam|p1b: Tyranitar|[spread] p1a,p1b\n|-resisted|p1a: Venusaur|1\n|-supereffective|p1b: Tyranitar|1\n|-damage|p1a: Venusaur|0 fnt\n|-damage|p1b: Tyranitar|0 fnt\n|faint|p1a: Venusaur\n|faint|p1b: Tyranitar\n|\n|upkeep\n|\n|t:|1776087429\n|switch|p1b: Garchomp|Garchomp, L50, M|100/100\n|-status|p1b: Garchomp|psn\n|turn|8\n|\n|t:|1776087440\n|move|p1b: Garchomp|Earthquake|p2a: Glimmora|[spread] p2a,p2b\n|-supereffective|p2a: Glimmora|2\n|-enditem|p2a: Glimmora|Shuca Berry|[eat]\n|-enditem|p2a: Glimmora|Shuca Berry|[weaken]\n|-supereffective|p2b: Aggron|1\n|-damage|p2a: Glimmora|0 fnt\n|-damage|p2b: Aggron|30/100\n|-activate|p2a: Glimmora|ability: Toxic Debris\n|-sidestart|p1: toxapex_uchiha|move: Toxic Spikes\n|faint|p2a: Glimmora\n|move|p2b: Aggron|Body Press|p1b: Garchomp\n|-damage|p1b: Garchomp|16/100 psn\n|-damage|p2b: Aggron|17/100|[from] ability: Rough Skin|[of] p1b: Garchomp\n|\n|-damage|p1b: Garchomp|4/100 psn|[from] psn\n|upkeep\n|turn|9\n|\n|t:|1776087463\n|move|p2b: Aggron|Protect|p2b: Aggron\n|-singleturn|p2b: Aggron|Protect\n|move|p1b: Garchomp|Earthquake|p2b: Aggron\n|-activate|p2b: Aggron|move: Protect\n|\n|-damage|p1b: Garchomp|0 fnt|[from] psn\n|faint|p1b: Garchomp\n|\n|win|A New Way\n|raw|toxapex_uchiha's rating: 1064 &rarr; <strong>1048</strong><br />(-16 for losing)\n|raw|A New Way's rating: 1120 &rarr; <strong>1141</strong><br />(+21 for winning)\n|l|\u2606toxapex_uchiha\n|player|p1|\n",
  "uploadtime": 1776087633,
  "views": 18,
  "formatid": "gen9championsvgc2026regma",
  "rating": 1048,
  "private": 0,
  "password": null
}