{
  "id": "gen9championsvgc2026regma-2584519284",
  "format": "[Gen 9 Champions] VGC 2026 Reg M-A",
  "players": [
    "mpampismpampinos",
    "smile of heaven"
  ],
  "log": "|j|\u2606mpampismpampinos\n|j|\u2606smile of heaven\n|t:|1776266193\n|gametype|doubles\n|player|p1|mpampismpampinos|swimmerf|1095\n|player|p2|smile of heaven|hilbert|1070\n|gen|9\n|tier|[Gen 9 Champions] VGC 2026 Reg M-A\n|rated|\n|rule|Species Clause: Limit one of each Pok\u00e9mon\n|rule|Item Clause: Limit 1 of each item\n|clearpoke\n|poke|p1|Floette-Eternal, L50, F|\n|poke|p1|Incineroar, L50, F|\n|poke|p1|Alcremie-Rainbow-Swirl, L50, F|\n|poke|p1|Mimikyu, L50, F|\n|poke|p1|Garchomp, L50, M|\n|poke|p1|Gardevoir, L50, M|\n|poke|p2|Froslass, L50, F|\n|poke|p2|Rotom-Frost, L50|\n|poke|p2|Garchomp, L50, F|\n|poke|p2|Incineroar, L50, M|\n|poke|p2|Empoleon, L50, M|\n|poke|p2|Kingambit, L50, F|\n|teampreview|4\n|\n|t:|1776266281\n|teamsize|p1|4\n|teamsize|p2|4\n|start\n|switch|p1a: Alcremie|Alcremie-Rainbow-Swirl, L50, F, shiny|100/100\n|switch|p1b: Incineroar|Incineroar, L50, F|100/100\n|switch|p2a: Froslass|Froslass, L50, F|100/100\n|switch|p2b: Empoleon|Empoleon, L50, M|100/100\n|-ability|p1b: Incineroar|Intimidate|boost\n|-unboost|p2a: Froslass|atk|1\n|-unboost|p2b: Empoleon|atk|1\n|-ability|p2b: Empoleon|Competitive|boost\n|-boost|p2b: Empoleon|spa|2\n|turn|1\n|\n|t:|1776266345\n|move|p2a: Froslass|Protect|p2a: Froslass\n|-singleturn|p2a: Froslass|Protect\n|move|p2b: Empoleon|Protect|p2b: Empoleon\n|-singleturn|p2b: Empoleon|Protect\n|move|p1a: Alcremie|Dazzling Gleam|p2a: Froslass|[spread] \n|-activate|p2a: Froslass|move: Protect\n|-activate|p2b: Empoleon|move: Protect\n|move|p1b: Incineroar|Flare Blitz|p2a: Froslass\n|-activate|p2a: Froslass|move: Protect\n|\n|upkeep\n|turn|2\n|\n|t:|1776266378\n|detailschange|p2a: Froslass|Froslass-Mega, L50, F\n|-mega|p2a: Froslass|Froslass|Froslassite\n|-weather|Snowscape|[from] ability: Snow Warning|[of] p2a: Froslass\n|move|p2a: Froslass|Aurora Veil|p2a: Froslass\n|-sidestart|p2: smile of heaven|move: Aurora Veil\n|move|p2b: Empoleon|Water Pulse|p1b: Incineroar\n|-supereffective|p1b: Incineroar|1\n|-damage|p1b: Incineroar|0 fnt\n|faint|p1b: Incineroar\n|move|p1a: Alcremie|Dazzling Gleam|p2b: Empoleon|[spread] p2a,p2b\n|-resisted|p2b: Empoleon|1\n|-crit|p2b: Empoleon\n|-damage|p2a: Froslass|77/100\n|-damage|p2b: Empoleon|80/100\n|\n|-weather|Snowscape|[upkeep]\n|-heal|p2b: Empoleon|86/100|[from] item: Leftovers\n|upkeep\n|\n|t:|1776266406\n|switch|p1b: Mimikyu|Mimikyu, L50, F|100/100\n|turn|3\n|\n|t:|1776266462\n|move|p2a: Froslass|Protect|p2a: Froslass\n|-singleturn|p2a: Froslass|Protect\n|move|p1b: Mimikyu|Swords Dance|p1b: Mimikyu\n|-boost|p1b: Mimikyu|atk|2\n|move|p2b: Empoleon|Flash Cannon|p1b: Mimikyu\n|-activate|p1b: Mimikyu|ability: Disguise\n|-damage|p1b: Mimikyu|100/100\n|detailschange|p1b: Mimikyu|Mimikyu-Busted, L50, F\n|-damage|p1b: Mimikyu|88/100|[from] pokemon: Mimikyu-Busted\n|move|p1a: Alcremie|Energy Ball|p2a: Froslass\n|-activate|p2a: Froslass|move: Protect\n|\n|-weather|Snowscape|[upkeep]\n|-heal|p2b: Empoleon|92/100|[from] item: Leftovers\n|upkeep\n|turn|4\n|\n|t:|1776266509\n|move|p2a: Froslass|Shadow Ball|p1b: Mimikyu\n|-supereffective|p1b: Mimikyu|1\n|-damage|p1b: Mimikyu|0 fnt\n|faint|p1b: Mimikyu\n|move|p2b: Empoleon|Flash Cannon|p1a: Alcremie\n|-supereffective|p1a: Alcremie|1\n|-damage|p1a: Alcremie|0 fnt\n|faint|p1a: Alcremie\n|\n|-weather|Snowscape|[upkeep]\n|-heal|p2b: Empoleon|97/100|[from] item: Leftovers\n|upkeep\n|\n|t:|1776266533\n|switch|p1a: Floette|Floette-Eternal, L50, F, shiny|100/100\n|turn|5\n|\n|t:|1776266549\n|detailschange|p1a: Floette|Floette-Mega, L50, F, shiny\n|-mega|p1a: Floette|Floette|Floettite\n|-ability|p1a: Floette|Fairy Aura\n|move|p2a: Froslass|Blizzard|p1a: Floette\n|-damage|p1a: Floette|47/100\n|move|p1a: Floette|Light of Ruin|p2a: Froslass\n|-damage|p2a: Froslass|0 fnt\n|faint|p2a: Froslass\n|-damage|p1a: Floette|9/100|[from] Recoil\n|move|p2b: Empoleon|Flash Cannon|p1a: Floette\n|-supereffective|p1a: Floette|1\n|-damage|p1a: Floette|0 fnt\n|faint|p1a: Floette\n|\n|win|smile of heaven\n|raw|mpampismpampinos's rating: 1095 &rarr; <strong>1069</strong><br />(-26 for losing)\n|raw|smile of heaven's rating: 1070 &rarr; <strong>1102</strong><br />(+32 for winning)\n|c|\u2606smile of heaven|ggs\n|l|\u2606mpampismpampinos\n|player|p1|\n",
  "uploadtime": 1776266567,
  "views": 21,
  "formatid": "gen9championsvgc2026regma",
  "rating": 1069,
  "private": 0,
  "password": null
}