{
  "id": "gen9championsvgc2026regma-2589477727",
  "format": "[Gen 9 Champions] VGC 2026 Reg M-A",
  "players": [
    "scolipede44",
    "Six5Six"
  ],
  "log": "|j|\u2606scolipede44\n|j|\u2606Six5Six\n|t:|1776726527\n|gametype|doubles\n|player|p1|scolipede44|marshal|1104\n|player|p2|Six5Six|170|1122\n|gen|9\n|tier|[Gen 9 Champions] VGC 2026 Reg M-A\n|rated|\n|rule|Species Clause: Limit one of each Pok\u00e9mon\n|rule|Item Clause: Limit 1 of each item\n|clearpoke\n|poke|p1|Noivern, L50, M|\n|poke|p1|Dragapult, L50, F|\n|poke|p1|Incineroar, L50, F|\n|poke|p1|Lucario, L50, M|\n|poke|p1|Sinistcha, L50|\n|poke|p1|Milotic, L50, M|\n|poke|p2|Chesnaught, L50, F|\n|poke|p2|Sinistcha, L50|\n|poke|p2|Farigiraf, L50, M|\n|poke|p2|Incineroar, L50, F|\n|poke|p2|Kingambit, L50, F|\n|poke|p2|Azumarill, L50, F|\n|teampreview|4\n|inactive|Battle timer is ON: inactive players will automatically lose when time's up. (requested by scolipede44)\n|inactive|Six5Six has 60 seconds left.\n|\n|t:|1776726565\n|teamsize|p1|4\n|teamsize|p2|4\n|start\n|switch|p1a: Dragapult|Dragapult, L50, F|100/100\n|switch|p1b: Incineroar|Incineroar, L50, F|100/100\n|switch|p2a: Farigiraf|Farigiraf, L50, M|100/100\n|switch|p2b: Azumarill|Azumarill, L50, F|100/100\n|-ability|p1b: Incineroar|Intimidate|boost\n|-unboost|p2a: Farigiraf|atk|1\n|-unboost|p2b: Azumarill|atk|1\n|turn|1\n|\n|t:|1776726589\n|move|p1a: Dragapult|Draco Meteor|p2a: Farigiraf\n|-damage|p2a: Farigiraf|52/100\n|-unboost|p1a: Dragapult|spa|2\n|move|p1b: Incineroar|Parting Shot|p2b: Azumarill\n|-unboost|p2b: Azumarill|atk|1\n|-unboost|p2b: Azumarill|spa|1\n|\n|t:|1776726596\n|switch|p1b: Sinistcha|Sinistcha, L50|100/100|[from] Parting Shot\n|move|p2b: Azumarill|Liquidation|p1b: Sinistcha\n|-resisted|p1b: Sinistcha|1\n|-damage|p1b: Sinistcha|89/100\n|move|p2a: Farigiraf|Trick Room|p2a: Farigiraf\n|-fieldstart|move: Trick Room|[of] p2a: Farigiraf\n|\n|upkeep\n|turn|2\n|\n|t:|1776726616\n|switch|p2b: Chesnaught|Chesnaught, L50, F|100/100\n|move|p1a: Dragapult|Protect|p1a: Dragapult\n|-singleturn|p1a: Dragapult|Protect\n|move|p2a: Farigiraf|Psychic|p1b: Sinistcha\n|-damage|p1b: Sinistcha|51/100\n|move|p1b: Sinistcha|Matcha Gotcha|p2a: Farigiraf|[spread] p2a,p2b\n|-resisted|p2b: Chesnaught|1\n|-damage|p2a: Farigiraf|29/100\n|-heal|p1b: Sinistcha|69/100|[from] drain|[of] p2a: Farigiraf\n|-damage|p2b: Chesnaught|90/100\n|-heal|p1b: Sinistcha|77/100|[from] drain|[of] p2b: Chesnaught\n|\n|upkeep\n|turn|3\n|inactive|Six5Six has 30 seconds left.\n|\n|t:|1776726646\n|switch|p1a: Incineroar|Incineroar, L50, F|100/100\n|-ability|p1a: Incineroar|Intimidate|boost\n|-unboost|p2a: Farigiraf|atk|1\n|-unboost|p2b: Chesnaught|atk|1\n|detailschange|p2b: Chesnaught|Chesnaught-Mega, L50, F\n|-mega|p2b: Chesnaught|Chesnaught|Chesnaughtite\n|move|p2a: Farigiraf|Protect|p2a: Farigiraf\n|-singleturn|p2a: Farigiraf|Protect\n|move|p1b: Sinistcha|Protect|p1b: Sinistcha\n|-singleturn|p1b: Sinistcha|Protect\n|move|p2b: Chesnaught|Wood Hammer|p1a: Incineroar\n|-resisted|p1a: Incineroar|1\n|-damage|p1a: Incineroar|83/100\n|-damage|p2b: Chesnaught|84/100|[from] Recoil\n|\n|upkeep\n|turn|4\n|\n|t:|1776726669\n|switch|p2a: Sinistcha|Sinistcha, L50|100/100\n|-heal|p2b: Chesnaught|100/100|[from] ability: Hospitality|[of] p2a: Sinistcha\n|move|p2b: Chesnaught|Body Press|p1a: Incineroar\n|-supereffective|p1a: Incineroar|1\n|-enditem|p1a: Incineroar|Chople Berry|[eat]\n|-enditem|p1a: Incineroar|Chople Berry|[weaken]\n|-damage|p1a: Incineroar|38/100\n|move|p1a: Incineroar|Flare Blitz|p2b: Chesnaught\n|-supereffective|p2b: Chesnaught|1\n|-damage|p2b: Chesnaught|45/100\n|-damage|p1a: Incineroar|20/100|[from] Recoil\n|move|p1b: Sinistcha|Matcha Gotcha|p2b: Chesnaught|[spread] p2a,p2b\n|-resisted|p2a: Sinistcha|1\n|-resisted|p2b: Chesnaught|1\n|-damage|p2a: Sinistcha|89/100\n|-heal|p1b: Sinistcha|84/100|[from] drain|[of] p2a: Sinistcha\n|-damage|p2b: Chesnaught|37/100\n|-heal|p1b: Sinistcha|90/100|[from] drain|[of] p2b: Chesnaught\n|\n|upkeep\n|turn|5\n|\n|t:|1776726692\n|move|p1a: Incineroar|Protect|p1a: Incineroar\n|-singleturn|p1a: Incineroar|Protect\n|move|p2b: Chesnaught|Body Press|p1a: Incineroar\n|-activate|p1a: Incineroar|move: Protect\n|move|p2a: Sinistcha|Life Dew|p2a: Sinistcha|[spread] p2a,p2b\n|-heal|p2a: Sinistcha|100/100\n|-heal|p2b: Chesnaught|63/100\n|move|p1b: Sinistcha|Shadow Ball|p2a: Sinistcha\n|-supereffective|p2a: Sinistcha|1\n|-damage|p2a: Sinistcha|40/100\n|\n|-fieldend|move: Trick Room\n|upkeep\n|turn|6\n|\n|t:|1776726711\n|move|p2b: Chesnaught|Spiky Shield|p2b: Chesnaught\n|-singleturn|p2b: Chesnaught|move: Protect\n|move|p1b: Sinistcha|Matcha Gotcha|p2b: Chesnaught|[spread] p2a\n|-activate|p2b: Chesnaught|move: Protect\n|-resisted|p2a: Sinistcha|1\n|-damage|p2a: Sinistcha|29/100\n|-heal|p1b: Sinistcha|96/100|[from] drain|[of] p2a: Sinistcha\n|move|p2a: Sinistcha|Matcha Gotcha|p1b: Sinistcha|[spread] p1a,p1b\n|-resisted|p1a: Incineroar|1\n|-resisted|p1b: Sinistcha|1\n|-damage|p1a: Incineroar|12/100\n|-heal|p2a: Sinistcha|33/100|[from] drain|[of] p1a: Incineroar\n|-damage|p1b: Sinistcha|84/100\n|-heal|p2a: Sinistcha|38/100|[from] drain|[of] p1b: Sinistcha\n|-heal|p2a: Sinistcha|40/100|[from] item: Shell Bell|[of] p1b: Sinistcha\n|move|p1a: Incineroar|Parting Shot|p2b: Chesnaught\n|-activate|p2b: Chesnaught|move: Protect\n|\n|upkeep\n|turn|7\n|inactive|Six5Six has 30 seconds left.\n|\n|t:|1776726736\n|move|p2a: Sinistcha|Rage Powder|p2a: Sinistcha\n|-singleturn|p2a: Sinistcha|move: Rage Powder\n|move|p1b: Sinistcha|Shadow Ball|p2a: Sinistcha\n|-supereffective|p2a: Sinistcha|1\n|-damage|p2a: Sinistcha|0 fnt\n|faint|p2a: Sinistcha\n|move|p1a: Incineroar|Parting Shot|p2b: Chesnaught\n|-unboost|p2b: Chesnaught|atk|1\n|-unboost|p2b: Chesnaught|spa|1\n|-message|Six5Six forfeited.\n|\n|win|scolipede44\n|raw|scolipede44's rating: 1104 &rarr; <strong>1130</strong><br />(+26 for winning)\n|raw|Six5Six's rating: 1122 &rarr; <strong>1096</strong><br />(-26 for losing)\n|l|\u2606Six5Six\n|player|p2|\n",
  "uploadtime": 1776726747,
  "views": 9,
  "formatid": "gen9championsvgc2026regma",
  "rating": 1096,
  "private": 0,
  "password": null
}