{
  "id": "gen9championsvgc2026regma-2588932245",
  "format": "[Gen 9 Champions] VGC 2026 Reg M-A",
  "players": [
    "Clefamphetamine",
    "AstoriaXeno"
  ],
  "log": "|j|\u2606Clefamphetamine\n|j|\u2606AstoriaXeno\n|t:|1776687123\n|gametype|doubles\n|player|p1|Clefamphetamine|jacinthe|1044\n|player|p2|AstoriaXeno|266|1143\n|gen|9\n|tier|[Gen 9 Champions] VGC 2026 Reg M-A\n|rated|\n|rule|Species Clause: Limit one of each Pok\u00e9mon\n|rule|Item Clause: Limit 1 of each item\n|clearpoke\n|poke|p1|Abomasnow, L50, M|\n|poke|p1|Polteageist, L50|\n|poke|p1|Corviknight, L50, F|\n|poke|p1|Jolteon, L50, F|\n|poke|p1|Kommo-o, L50, M|\n|poke|p1|Toxapex, L50, F|\n|poke|p2|Drampa, L50, M|\n|poke|p2|Farigiraf, L50, M|\n|poke|p2|Kingambit, L50, F|\n|poke|p2|Sinistcha-Masterpiece, L50|\n|poke|p2|Volcarona, L50, F|\n|poke|p2|Gyarados, L50, M|\n|teampreview|4\nClefamphetamine has agreed to open team sheets.\n|inactive|Battle timer is ON: inactive players will automatically lose when time's up. (requested by AstoriaXeno)\n|\n|t:|1776687229\n|teamsize|p1|4\n|teamsize|p2|4\n|start\n|switch|p1a: Abomasnow|Abomasnow, L50, M|100/100\n|switch|p1b: Corviknight|Corviknight, L50, F|100/100\n|switch|p2a: Volcarona|Volcarona, L50, F|100/100\n|switch|p2b: Drampa|Drampa, L50, M|100/100\n|-ability|p1b: Corviknight|Pressure\n|-weather|Snowscape|[from] ability: Snow Warning|[of] p1a: Abomasnow\n|-ability|p2b: Drampa|Cloud Nine\n|turn|1\n|inactive|Clefamphetamine has 30 seconds left.\n|\n|t:|1776687257\n|switch|p1a: Toxapex|Toxapex, L50, F|100/100\n|detailschange|p2b: Drampa|Drampa-Mega, L50, M\n|-mega|p2b: Drampa|Drampa|Drampanite\n|move|p2a: Volcarona|Fiery Dance|p1a: Toxapex\n|-resisted|p1a: Toxapex|1\n|-damage|p1a: Toxapex|86/100\n|-boost|p2a: Volcarona|spa|1\n|move|p1b: Corviknight|Spite|p2a: Volcarona\n|-activate|p2a: Volcarona|move: Spite|Fiery Dance|4\n|move|p2b: Drampa|Calm Mind|p2b: Drampa\n|-boost|p2b: Drampa|spa|1\n|-boost|p2b: Drampa|spd|1\n|\n|-weather|Snowscape|[upkeep]\n|upkeep\n|turn|2\n|inactive|Clefamphetamine has 30 seconds left.\n|inactive|AstoriaXeno has 30 seconds left.\n|\n|t:|1776687287\n|move|p1a: Toxapex|Baneful Bunker|p1a: Toxapex\n|-singleturn|p1a: Toxapex|move: Protect\n|move|p2a: Volcarona|Fiery Dance|p1b: Corviknight\n|-supereffective|p1b: Corviknight|1\n|-enditem|p1b: Corviknight|Occa Berry|[eat]\n|-enditem|p1b: Corviknight|Occa Berry|[weaken]\n|-damage|p1b: Corviknight|39/100\n|move|p1b: Corviknight|Spite|p2a: Volcarona\n|-activate|p2a: Volcarona|move: Spite|Fiery Dance|4\n|move|p2b: Drampa|Thunderbolt|p1a: Toxapex\n|-activate|p1a: Toxapex|move: Protect\n|\n|-weather|Snowscape|[upkeep]\n|upkeep\n|turn|3\n|inactive|Clefamphetamine has 30 seconds left.\n|inactive|AstoriaXeno has 30 seconds left.\n|inactive|Clefamphetamine has 20 seconds left.\n|\n|t:|1776687325\n|switch|p1a: Abomasnow|Abomasnow, L50, M|100/100\n|move|p1b: Corviknight|Protect|p1b: Corviknight\n|-singleturn|p1b: Corviknight|Protect\n|move|p2a: Volcarona|Struggle Bug|p1a: Abomasnow|[spread] p1a\n|-activate|p1b: Corviknight|move: Protect\n|-supereffective|p1a: Abomasnow|1\n|-damage|p1a: Abomasnow|33/100\n|-unboost|p1a: Abomasnow|spa|1\n|move|p2b: Drampa|Thunderbolt|p1a: Abomasnow\n|-resisted|p1a: Abomasnow|1\n|-damage|p1a: Abomasnow|13/100\n|\n|-weather|Snowscape|[upkeep]\n|upkeep\n|turn|4\n|\n|t:|1776687350\n|switch|p1b: Toxapex|Toxapex, L50, F|100/100\n|detailschange|p1a: Abomasnow|Abomasnow-Mega, L50, M\n|-mega|p1a: Abomasnow|Abomasnow|Abomasite\n|move|p2a: Volcarona|Fiery Dance|p1b: Toxapex\n|-resisted|p1b: Toxapex|1\n|-damage|p1b: Toxapex|78/100\n|-boost|p2a: Volcarona|spa|1\n|move|p2b: Drampa|Dragon Pulse|p1a: Abomasnow\n|-damage|p1a: Abomasnow|0 fnt\n|faint|p1a: Abomasnow\n|\n|-weather|Snowscape|[upkeep]\n|upkeep\n|\n|t:|1776687363\n|switch|p1a: Kommo-o|Kommo-o, L50, M|100/100\n|turn|5\n|\n|t:|1776687376\n|move|p2a: Volcarona|Rage Powder|p2a: Volcarona\n|-singleturn|p2a: Volcarona|move: Rage Powder\n|move|p1a: Kommo-o|Body Press|p2a: Volcarona\n|-resisted|p2a: Volcarona|1\n|-damage|p2a: Volcarona|74/100\n|move|p1b: Toxapex|Toxic|p2a: Volcarona\n|-status|p2a: Volcarona|tox\n|move|p2b: Drampa|Dragon Pulse|p1a: Kommo-o\n|-supereffective|p1a: Kommo-o|1\n|-damage|p1a: Kommo-o|0 fnt\n|faint|p1a: Kommo-o\n|\n|-weather|none\n|-damage|p2a: Volcarona|68/100 tox|[from] psn\n|upkeep\n|\n|t:|1776687386\n|switch|p1a: Corviknight|Corviknight, L50, F|39/100\n|-ability|p1a: Corviknight|Pressure\n|turn|6\n|-message|Clefamphetamine forfeited.\n|\n|win|AstoriaXeno\n|raw|Clefamphetamine's rating: 1044 &rarr; <strong>1032</strong><br />(-12 for losing)\n|raw|AstoriaXeno's rating: 1143 &rarr; <strong>1161</strong><br />(+18 for winning)\n",
  "uploadtime": 1776687409,
  "views": 18,
  "formatid": "gen9championsvgc2026regma",
  "rating": 1032,
  "private": 0,
  "password": null
}