{
  "id": "gen9championsvgc2026regma-2584873860",
  "format": "[Gen 9 Champions] VGC 2026 Reg M-A",
  "players": [
    "Radagrass",
    "Drwer000"
  ],
  "log": "|j|\u2606Radagrass\n|j|\u2606Drwer000\n|t:|1776290508\n|gametype|doubles\n|player|p1|Radagrass|li|1048\n|player|p2|Drwer000|pryce|1026\n|gen|9\n|tier|[Gen 9 Champions] VGC 2026 Reg M-A\n|rated|\n|rule|Species Clause: Limit one of each Pok\u00e9mon\n|rule|Item Clause: Limit 1 of each item\n|clearpoke\n|poke|p1|Orthworm, L50, M|\n|poke|p1|Basculegion, L50, M|\n|poke|p1|Incineroar, L50, F|\n|poke|p1|Rotom-Frost, L50|\n|poke|p1|Froslass, L50, F|\n|poke|p1|Garchomp, L50, M|\n|poke|p2|Orthworm, L50, M|\n|poke|p2|Basculegion, L50, M|\n|poke|p2|Incineroar, L50, M|\n|poke|p2|Rotom-Frost, L50|\n|poke|p2|Froslass, L50, F|\n|poke|p2|Garchomp, L50, F|\n|teampreview|4\n|c|\u2606Radagrass|nice team\nRadagrass has agreed to open team sheets.\n|\n|t:|1776290560\n|teamsize|p1|4\n|teamsize|p2|4\n|start\n|switch|p1a: Incineroar|Incineroar, L50, F|100/100\n|switch|p1b: Orthworm|Orthworm, L50, M|100/100\n|switch|p2a: Basculegion|Basculegion, L50, M|100/100\n|switch|p2b: Incineroar|Incineroar, L50, M|100/100\n|-ability|p1a: Incineroar|Intimidate|boost\n|-unboost|p2a: Basculegion|atk|1\n|-unboost|p2b: Incineroar|atk|1\n|-ability|p2b: Incineroar|Intimidate|boost\n|-unboost|p1a: Incineroar|atk|1\n|-unboost|p1b: Orthworm|atk|1\n|turn|1\n|inactive|Battle timer is ON: inactive players will automatically lose when time's up. (requested by Radagrass)\n|\n|t:|1776290618\n|move|p1a: Incineroar|Fake Out|p2b: Incineroar\n|-damage|p2b: Incineroar|92/100\n|cant|p2b: Incineroar|flinch\n|move|p2a: Basculegion|Wave Crash|p1b: Orthworm\n|-damage|p1b: Orthworm|58/100\n|-damage|p2a: Basculegion|88/100|[from] Recoil\n|move|p1b: Orthworm|Shed Tail|p1b: Orthworm\n|-start|p1b: Orthworm|Substitute|[from] move: Shed Tail\n|-damage|p1b: Orthworm|7/100\n|-enditem|p1b: Orthworm|Sitrus Berry|[eat]\n|-heal|p1b: Orthworm|32/100|[from] item: Sitrus Berry\n|\n|t:|1776290630\n|switch|p1b: Froslass|Froslass, L50, F|100/100|[from] Shed Tail\n|\n|upkeep\n|turn|2\n|\n|t:|1776290651\n|move|p1b: Froslass|Protect|p1b: Froslass\n|-singleturn|p1b: Froslass|Protect\n|move|p2a: Basculegion|Wave Crash|p1a: Incineroar\n|-supereffective|p1a: Incineroar|1\n|-damage|p1a: Incineroar|0 fnt\n|faint|p1a: Incineroar\n|-damage|p2a: Basculegion|59/100|[from] Recoil\n|move|p2b: Incineroar|Parting Shot|p1b: Froslass\n|-activate|p1b: Froslass|move: Protect\n|\n|upkeep\n|\n|t:|1776290664\n|switch|p1a: Basculegion|Basculegion, L50, M|100/100\n|turn|3\n|inactive|Drwer000 has 30 seconds left.\n|inactive|Drwer000 has 20 seconds left.\n|\n|t:|1776290703\n|switch|p2a: Garchomp|Garchomp, L50, F|100/100\n|detailschange|p1b: Froslass|Froslass-Mega, L50, F\n|-mega|p1b: Froslass|Froslass|Froslassite\n|-weather|Snowscape|[from] ability: Snow Warning|[of] p1b: Froslass\n|move|p1a: Basculegion|Last Respects|p2a: Garchomp\n|-damage|p2a: Garchomp|36/100\n|move|p1b: Froslass|Nasty Plot|p1b: Froslass\n|-boost|p1b: Froslass|spa|2\n|move|p2b: Incineroar|Parting Shot|p1b: Froslass\n|-unboost|p1b: Froslass|atk|1\n|-unboost|p1b: Froslass|spa|1\n|inactive|Drwer000 has 30 seconds left.\n|\n|t:|1776290729\n|switch|p2b: Basculegion|Basculegion, L50, M|59/100|[from] Parting Shot\n|\n|-weather|Snowscape|[upkeep]\n|upkeep\n|turn|4\n|inactive|Drwer000 has 30 seconds left.\n|inactive|Drwer000 has 20 seconds left.\n|inactive|Drwer000 has 15 seconds left.\n|\n|t:|1776290773\n|move|p2a: Garchomp|Protect|p2a: Garchomp\n|-singleturn|p2a: Garchomp|Protect\n|move|p1a: Basculegion|Last Respects|p2b: Basculegion\n|-supereffective|p2b: Basculegion|1\n|-damage|p2b: Basculegion|0 fnt\n|faint|p2b: Basculegion\n|move|p1b: Froslass|Blizzard|p2a: Garchomp\n|-activate|p2a: Garchomp|move: Protect\n|\n|-weather|Snowscape|[upkeep]\n|upkeep\n|\n|t:|1776290782\n|switch|p2b: Incineroar|Incineroar, L50, M|92/100\n|-ability|p2b: Incineroar|Intimidate|boost\n|-unboost|p1a: Basculegion|atk|1\n|-immune|p1b: Froslass\n|turn|5\n|inactive|Radagrass has 30 seconds left.\n|inactive|Drwer000 has 30 seconds left.\n|inactive|Radagrass has 20 seconds left.\n|inactive|Radagrass has 15 seconds left.\n|\n|t:|1776290824\n|switch|p1a: Orthworm|Orthworm, L50, M|32/100\n|move|p1b: Froslass|Protect|p1b: Froslass\n|-singleturn|p1b: Froslass|Protect\n|move|p2b: Incineroar|Fake Out|p1b: Froslass\n|-activate|p1b: Froslass|move: Protect\n|move|p2a: Garchomp|Rock Slide|p1a: Orthworm|[spread] \n|-activate|p1b: Froslass|move: Protect\n|-miss|p2a: Garchomp|p1a: Orthworm\n|\n|-weather|Snowscape|[upkeep]\n|upkeep\n|turn|6\n|inactive|Radagrass has 30 seconds left.\n|inactive|Drwer000 has 30 seconds left.\n|\n|t:|1776290856\n|move|p2a: Garchomp|Protect|p2a: Garchomp\n|-singleturn|p2a: Garchomp|Protect\n|move|p1b: Froslass|Blizzard|p2b: Incineroar|[spread] p2b\n|-activate|p2a: Garchomp|move: Protect\n|-resisted|p2b: Incineroar|1\n|-damage|p2b: Incineroar|68/100\n|-status|p2b: Incineroar|frz\n|-enditem|p2b: Incineroar|Lum Berry|[eat]\n|-curestatus|p2b: Incineroar|frz|[msg]\n|move|p1a: Orthworm|Body Press|p2b: Incineroar\n|-supereffective|p2b: Incineroar|1\n|-damage|p2b: Incineroar|21/100\n|move|p2b: Incineroar|Flare Blitz|p1b: Froslass\n|-supereffective|p1b: Froslass|1\n|-end|p1b: Froslass|Substitute\n|-damage|p2b: Incineroar|14/100|[from] Recoil|[of] p1b: Froslass\n|\n|-weather|Snowscape|[upkeep]\n|upkeep\n|turn|7\n|inactive|Drwer000 has 30 seconds left.\n|inactive|Drwer000 has 20 seconds left.\n|inactive|Drwer000 has 15 seconds left.\n|inactive|Drwer000 has 10 seconds left.\n|inactive|Drwer000 has 5 seconds left.\n|\n|t:|1776290911\n|move|p2a: Garchomp|Protect|p2a: Garchomp\n|-singleturn|p2a: Garchomp|Protect\n|move|p1b: Froslass|Blizzard|p2b: Incineroar|[spread] p2b\n|-activate|p2a: Garchomp|move: Protect\n|-resisted|p2b: Incineroar|1\n|-damage|p2b: Incineroar|0 fnt\n|faint|p2b: Incineroar\n|move|p1a: Orthworm|Body Press|p2a: Garchomp\n|-activate|p2a: Garchomp|move: Protect\n|\n|-weather|none\n|upkeep\n|\n|t:|1776290921\n|switch|p2b: Froslass|Froslass, L50, F|100/100\n|turn|8\n|inactive|Radagrass has 30 seconds left.\n|inactive|Radagrass has 20 seconds left.\n|inactive|Radagrass has 15 seconds left.\n|inactive|Radagrass has 10 seconds left.\n|\n|t:|1776290967\n|detailschange|p2b: Froslass|Froslass-Mega, L50, F\n|-mega|p2b: Froslass|Froslass|Froslassite\n|-weather|Snowscape|[from] ability: Snow Warning|[of] p2b: Froslass\n|move|p1b: Froslass|Protect|p1b: Froslass\n|-singleturn|p1b: Froslass|Protect\n|move|p2b: Froslass|Blizzard|p1b: Froslass|[spread] p1a\n|-activate|p1b: Froslass|move: Protect\n|-resisted|p1a: Orthworm|1\n|-damage|p1a: Orthworm|10/100\n|move|p2a: Garchomp|Rock Slide|p1b: Froslass|[spread] p1a\n|-activate|p1b: Froslass|move: Protect\n|-resisted|p1a: Orthworm|1\n|-damage|p1a: Orthworm|3/100\n|cant|p1a: Orthworm|flinch\n|\n|-weather|Snowscape|[upkeep]\n|upkeep\n|turn|9\n|inactive|Radagrass has 30 seconds left.\n|\n|t:|1776290998\n|move|p1b: Froslass|Shadow Ball|p2b: Froslass\n|-supereffective|p2b: Froslass|1\n|-damage|p2b: Froslass|0 fnt\n|faint|p2b: Froslass\n|move|p2a: Garchomp|Rock Slide|p1b: Froslass|[spread] p1a,p1b\n|-resisted|p1a: Orthworm|1\n|-supereffective|p1b: Froslass|1\n|-damage|p1a: Orthworm|0 fnt\n|-damage|p1b: Froslass|55/100\n|faint|p1a: Orthworm\n|\n|-weather|Snowscape|[upkeep]\n|upkeep\n|\n|t:|1776291007\n|switch|p1a: Basculegion|Basculegion, L50, M|100/100\n|turn|10\n|c|\u2606Radagrass|gg\n|\n|t:|1776291017\n|move|p1a: Basculegion|Wave Crash|p2a: Garchomp\n|-damage|p2a: Garchomp|0 fnt\n|-damage|p1a: Basculegion|88/100|[from] ability: Rough Skin|[of] p2a: Garchomp\n|faint|p2a: Garchomp\n|-damage|p1a: Basculegion|77/100|[from] Recoil\n|\n|win|Radagrass\n|raw|Radagrass's rating: 1048 &rarr; <strong>1079</strong><br />(+31 for winning)\n|raw|Drwer000's rating: 1026 &rarr; <strong>1013</strong><br />(-13 for losing)\n|l|\u2606Radagrass\n|player|p1|\n",
  "uploadtime": 1776291033,
  "views": 19,
  "formatid": "gen9championsvgc2026regma",
  "rating": 1013,
  "private": 0,
  "password": null
}