{
  "id": "gen9championsvgc2026regma-2587281392",
  "format": "[Gen 9 Champions] VGC 2026 Reg M-A",
  "players": [
    "nk.luna",
    "Yamsman"
  ],
  "log": "|j|\u2606nk.luna\n|j|\u2606Yamsman\n|t:|1776517908\n|gametype|doubles\n|player|p1|nk.luna|marley|1124\n|player|p2|Yamsman|266|1049\n|gen|9\n|tier|[Gen 9 Champions] VGC 2026 Reg M-A\n|rated|\n|rule|Species Clause: Limit one of each Pok\u00e9mon\n|rule|Item Clause: Limit 1 of each item\n|clearpoke\n|poke|p1|Delphox, L50, F|\n|poke|p1|Garchomp, L50, M|\n|poke|p1|Whimsicott, L50, M|\n|poke|p1|Meowscarada, L50, M|\n|poke|p1|Sneasler, L50, F|\n|poke|p1|Aegislash, L50, F, shiny|\n|poke|p2|Pelipper, L50, M|\n|poke|p2|Dragonite, L50, F|\n|poke|p2|Politoed, L50, M|\n|poke|p2|Archaludon, L50, M|\n|poke|p2|Basculegion, L50, M|\n|poke|p2|Sneasler, L50, F|\n|teampreview|4\n|inactive|Battle timer is ON: inactive players will automatically lose when time's up. (requested by nk.luna)\n|\n|t:|1776517937\n|teamsize|p1|4\n|teamsize|p2|4\n|start\n|switch|p1a: whimsi|Whimsicott, L50, M|100/100\n|switch|p1b: Sneasler|Sneasler, L50, F|100/100\n|switch|p2a: Pelipper|Pelipper, L50, M|100/100\n|switch|p2b: Basculegion|Basculegion, L50, M|100/100\n|-weather|RainDance|[from] ability: Drizzle|[of] p2a: Pelipper\n|turn|1\n|\n|t:|1776517956\n|switch|p1b: meowmeow|Meowscarada, L50, M|100/100\n|move|p1a: whimsi|Sunny Day|p1a: whimsi\n|-weather|SunnyDay\n|move|p2b: Basculegion|Psychic Fangs|p1b: meowmeow\n|-immune|p1b: meowmeow\n|move|p2a: Pelipper|Tailwind|p2a: Pelipper\n|-sidestart|p2: Yamsman|move: Tailwind\n|\n|-weather|SunnyDay|[upkeep]\n|upkeep\n|turn|2\n|\n|t:|1776517969\n|switch|p2b: Dragonite|Dragonite, L50, F|100/100\n|switch|p2a: Politoed|Politoed, L50, M|100/100\n|-weather|RainDance|[from] ability: Drizzle|[of] p2a: Politoed\n|move|p1a: whimsi|Tailwind|p1a: whimsi\n|-sidestart|p1: nk.luna|move: Tailwind\n|move|p1b: meowmeow|Flower Trick|p2b: Dragonite\n|-start|p1b: meowmeow|typechange|Grass|[from] ability: Protean\n|-resisted|p2b: Dragonite|2\n|-crit|p2b: Dragonite\n|-damage|p2b: Dragonite|95/100\n|\n|-weather|RainDance|[upkeep]\n|upkeep\n|turn|3\n|\n|t:|1776517989\n|detailschange|p2b: Dragonite|Dragonite-Mega, L50, F\n|-mega|p2b: Dragonite|Dragonite|Dragoninite\n|move|p1a: whimsi|Sunny Day|p1a: whimsi\n|-weather|SunnyDay\n|move|p1b: meowmeow|Triple Axel|p2b: Dragonite\n|-supereffective|p2b: Dragonite|2\n|-damage|p2b: Dragonite|75/100\n|-supereffective|p2b: Dragonite|2\n|-crit|p2b: Dragonite\n|-damage|p2b: Dragonite|16/100\n|-supereffective|p2b: Dragonite|2\n|-damage|p2b: Dragonite|0 fnt\n|faint|p2b: Dragonite\n|-hitcount|p2: Dragonite|3\n|move|p2a: Politoed|Icy Wind|p1b: meowmeow|[spread] p1a,p1b\n|-supereffective|p1a: whimsi|1\n|-supereffective|p1b: meowmeow|1\n|-damage|p1a: whimsi|74/100\n|-damage|p1b: meowmeow|68/100\n|-unboost|p1a: whimsi|spe|1\n|-unboost|p1b: meowmeow|spe|1\n|\n|-weather|SunnyDay|[upkeep]\n|upkeep\n|\n|t:|1776518007\n|switch|p2b: Pelipper|Pelipper, L50, M|100/100\n|-weather|RainDance|[from] ability: Drizzle|[of] p2b: Pelipper\n|turn|4\n|\n|t:|1776518018\n|move|p1a: whimsi|Sunny Day|p1a: whimsi\n|-weather|SunnyDay\n|move|p1b: meowmeow|Flower Trick|p2a: Politoed\n|-supereffective|p2a: Politoed|1\n|-crit|p2a: Politoed\n|-damage|p2a: Politoed|0 fnt\n|faint|p2a: Politoed\n|move|p2b: Pelipper|U-turn|p1b: meowmeow\n|-supereffective|p1b: meowmeow|1\n|-crit|p1b: meowmeow\n|-damage|p1b: meowmeow|26/100\n|\n|t:|1776518027\n|switch|p2b: Basculegion|Basculegion, L50, M|100/100|[from] U-turn\n|\n|-weather|SunnyDay|[upkeep]\n|-sideend|p2: Yamsman|move: Tailwind\n|upkeep\n|\n|t:|1776518033\n|switch|p2a: Pelipper|Pelipper, L50, M|100/100\n|-weather|RainDance|[from] ability: Drizzle|[of] p2a: Pelipper\n|turn|5\n|\n|t:|1776518053\n|move|p1a: whimsi|Sunny Day|p1a: whimsi\n|-weather|SunnyDay\n|move|p1b: meowmeow|Flower Trick|p2b: Basculegion\n|-supereffective|p2b: Basculegion|1\n|-crit|p2b: Basculegion\n|-damage|p2b: Basculegion|0 fnt\n|faint|p2b: Basculegion\n|move|p2a: Pelipper|U-turn|p1b: meowmeow\n|-supereffective|p1b: meowmeow|1\n|-damage|p1b: meowmeow|1/100\n|\n|-weather|SunnyDay|[upkeep]\n|-sideend|p1: nk.luna|move: Tailwind\n|upkeep\n|turn|6\n|inactive|Yamsman has 30 seconds left.\n|inactive|Yamsman has 20 seconds left.\n|inactive|Yamsman has 15 seconds left.\n|inactive|Yamsman has 10 seconds left.\n|inactive|Yamsman has 5 seconds left.\n|\n|t:|1776518108\n|move|p1a: whimsi|Tailwind|p1a: whimsi\n|-sidestart|p1: nk.luna|move: Tailwind\n|move|p1b: meowmeow|Flower Trick|p2a: Pelipper\n|-crit|p2a: Pelipper\n|-damage|p2a: Pelipper|54/100\n|move|p2a: Pelipper|Tailwind|p2a: Pelipper\n|-sidestart|p2: Yamsman|move: Tailwind\n|\n|-weather|SunnyDay|[upkeep]\n|-heal|p2a: Pelipper|60/100|[from] item: Leftovers\n|upkeep\n|turn|7\n|inactive|Yamsman has 30 seconds left.\n|inactive|Yamsman has 20 seconds left.\n|inactive|Yamsman has 15 seconds left.\n|inactive|Yamsman has 10 seconds left.\n|inactive|Yamsman has 5 seconds left.\n|\n|t:|1776518164\n|move|p1b: meowmeow|Flower Trick|p2a: Pelipper\n|-crit|p2a: Pelipper\n|-damage|p2a: Pelipper|12/100\n|move|p1a: whimsi|Moonblast|p2a: Pelipper\n|-damage|p2a: Pelipper|0 fnt\n|faint|p2a: Pelipper\n|\n|win|nk.luna\n|raw|nk.luna's rating: 1124 &rarr; <strong>1144</strong><br />(+20 for winning)\n|raw|Yamsman's rating: 1049 &rarr; <strong>1035</strong><br />(-14 for losing)\n",
  "uploadtime": 1776518173,
  "views": 16,
  "formatid": "gen9championsvgc2026regma",
  "rating": 1035,
  "private": 0,
  "password": null
}