{
  "id": "gen9championsvgc2026regma-2589517374",
  "format": "[Gen 9 Champions] VGC 2026 Reg M-A",
  "players": [
    "Dwood8",
    "shadowninja0308"
  ],
  "log": "|j|\u2606Dwood8\n|j|\u2606shadowninja0308\n|t:|1776730186\n|gametype|doubles\n|player|p1|Dwood8|169|1232\n|player|p2|shadowninja0308|265|1270\n|gen|9\n|tier|[Gen 9 Champions] VGC 2026 Reg M-A\n|rated|\n|rule|Species Clause: Limit one of each Pok\u00e9mon\n|rule|Item Clause: Limit 1 of each item\n|clearpoke\n|poke|p1|Farigiraf, L50, F|\n|poke|p1|Sneasler, L50, M|\n|poke|p1|Gyarados, L50, M|\n|poke|p1|Talonflame, L50, M|\n|poke|p1|Excadrill, L50, F|\n|poke|p1|Floette-Eternal, L50, F|\n|poke|p2|Froslass, L50, F|\n|poke|p2|Sneasler, L50, F|\n|poke|p2|Maushold, L50|\n|poke|p2|Aegislash, L50, F|\n|poke|p2|Milotic, L50, M|\n|poke|p2|Rotom-Frost, L50|\n|teampreview|4\n|\n|t:|1776730233\n|teamsize|p1|4\n|teamsize|p2|4\n|start\n|switch|p1a: Farigiraf|Farigiraf, L50, F|100/100\n|switch|p1b: Sneasler|Sneasler, L50, M|100/100\n|switch|p2a: Aegislash|Aegislash, L50, F|100/100\n|switch|p2b: Maushold|Maushold, L50|100/100\n|turn|1\n|\n|t:|1776730266\n|switch|p2b: Froslass|Froslass, L50, F|100/100\n|move|p1b: Sneasler|Coaching|p1a: Farigiraf\n|-boost|p1a: Farigiraf|atk|1\n|-boost|p1a: Farigiraf|def|1\n|move|p1a: Farigiraf|Calm Mind|p1a: Farigiraf\n|-boost|p1a: Farigiraf|spa|1\n|-boost|p1a: Farigiraf|spd|1\n|move|p2a: Aegislash|Swords Dance|p2a: Aegislash\n|-boost|p2a: Aegislash|atk|2\n|\n|upkeep\n|turn|2\n|\n|t:|1776730294\n|detailschange|p2b: Froslass|Froslass-Mega, L50, F\n|-mega|p2b: Froslass|Froslass|Froslassite\n|-weather|Snowscape|[from] ability: Snow Warning|[of] p2b: Froslass\n|move|p1b: Sneasler|Dire Claw|p2b: Froslass\n|-resisted|p2b: Froslass|1\n|-damage|p2b: Froslass|79/100\n|move|p2b: Froslass|Aurora Veil|p2b: Froslass\n|-sidestart|p2: shadowninja0308|move: Aurora Veil\n|move|p1a: Farigiraf|Twin Beam|p2b: Froslass\n|-damage|p2b: Froslass|56/100\n|-damage|p2b: Froslass|29/100\n|-hitcount|p2b: Froslass|2\n|move|p2a: Aegislash|Swords Dance|p2a: Aegislash\n|-boost|p2a: Aegislash|atk|2\n|\n|-weather|Snowscape|[upkeep]\n|upkeep\n|turn|3\n|\n|t:|1776730314\n|move|p1b: Sneasler|Coaching|p1a: Farigiraf\n|-boost|p1a: Farigiraf|atk|1\n|-boost|p1a: Farigiraf|def|1\n|move|p2b: Froslass|Blizzard|p1a: Farigiraf|[spread] p1a,p1b\n|-damage|p1a: Farigiraf|70/100\n|-damage|p1b: Sneasler|42/100\n|move|p1a: Farigiraf|Twin Beam|p2b: Froslass\n|-damage|p2b: Froslass|3/100\n|-damage|p2b: Froslass|0 fnt\n|faint|p2b: Froslass\n|-hitcount|p2: Froslass|2\n|-formechange|p2a: Aegislash|Aegislash-Blade|\n|move|p2a: Aegislash|Iron Head|p1a: Farigiraf\n|-damage|p1a: Farigiraf|5/100\n|\n|-weather|Snowscape|[upkeep]\n|upkeep\n|\n|t:|1776730321\n|switch|p2b: Maushold|Maushold, L50|100/100\n|turn|4\n|\n|t:|1776730341\n|move|p1b: Sneasler|Close Combat|p2b: Maushold\n|-supereffective|p2b: Maushold|1\n|-enditem|p2b: Maushold|Focus Sash\n|-damage|p2b: Maushold|1/100\n|-unboost|p1b: Sneasler|def|1\n|-unboost|p1b: Sneasler|spd|1\n|-enditem|p1b: Sneasler|White Herb\n|-clearnegativeboost|p1b: Sneasler|[silent]\n|move|p2b: Maushold|Population Bomb|p1a: Farigiraf|[miss]\n|-miss|p2b: Maushold|p1a: Farigiraf\n|move|p1a: Farigiraf|Dazzling Gleam|p2b: Maushold|[spread] p2a,p2b\n|-resisted|p2a: Aegislash|1\n|-damage|p2a: Aegislash|90/100\n|-damage|p2b: Maushold|0 fnt\n|faint|p2b: Maushold\n|move|p2a: Aegislash|Poltergeist||[still]\n|-fail|p2a: Aegislash\n|\n|-weather|Snowscape|[upkeep]\n|upkeep\n|\n|t:|1776730355\n|switch|p2b: Rotom|Rotom-Frost, L50|100/100\n|turn|5\n|\n|t:|1776730381\n|move|p1a: Farigiraf|Protect|p1a: Farigiraf\n|-singleturn|p1a: Farigiraf|Protect\n|move|p1b: Sneasler|Close Combat|p2b: Rotom\n|-supereffective|p2b: Rotom|1\n|-damage|p2b: Rotom|24/100\n|-unboost|p1b: Sneasler|def|1\n|-unboost|p1b: Sneasler|spd|1\n|move|p2b: Rotom|Blizzard|p1a: Farigiraf|[spread] p1b\n|-activate|p1a: Farigiraf|move: Protect\n|-damage|p1b: Sneasler|0 fnt\n|faint|p1b: Sneasler\n|move|p2a: Aegislash|Iron Head|p1a: Farigiraf\n|-activate|p1a: Farigiraf|move: Protect\n|\n|-weather|Snowscape|[upkeep]\n|upkeep\n|\n|t:|1776730399\n|switch|p1b: Floette|Floette-Eternal, L50, F|100/100\n|turn|6\n|\n|t:|1776730433\n|-formechange|p2a: Aegislash|Aegislash|\n|move|p2a: Aegislash|King's Shield|p2a: Aegislash\n|-singleturn|p2a: Aegislash|Protect\n|move|p2b: Rotom|Blizzard|p1b: Floette|[spread] p1a,p1b\n|-damage|p1a: Farigiraf|0 fnt\n|-damage|p1b: Floette|70/100\n|faint|p1a: Farigiraf\n|move|p1b: Floette|Calm Mind|p1b: Floette\n|-boost|p1b: Floette|spa|1\n|-boost|p1b: Floette|spd|1\n|\n|-weather|none\n|-sideend|p2: shadowninja0308|move: Aurora Veil\n|upkeep\n|\n|t:|1776730446\n|switch|p1a: Excadrill|Excadrill, L50, F|100/100\n|-ability|p1a: Excadrill|Mold Breaker\n|turn|7\n|\n|t:|1776730462\n|move|p1b: Floette|Protect|p1b: Floette\n|-singleturn|p1b: Floette|Protect\n|move|p2b: Rotom|Blizzard|p1b: Floette|[spread] \n|-activate|p1b: Floette|move: Protect\n|-miss|p2b: Rotom|p1a: Excadrill\n|move|p1a: Excadrill|Earthquake|p2b: Rotom|[spread] p2a,p2b\n|-activate|p1b: Floette|move: Protect\n|-supereffective|p2a: Aegislash|1\n|-enditem|p2a: Aegislash|Shuca Berry|[eat]\n|-enditem|p2a: Aegislash|Shuca Berry|[weaken]\n|-supereffective|p2b: Rotom|1\n|-damage|p2a: Aegislash|58/100\n|-damage|p2b: Rotom|0 fnt\n|faint|p2b: Rotom\n|-formechange|p2a: Aegislash|Aegislash-Blade|\n|move|p2a: Aegislash|Iron Head|p1b: Floette\n|-activate|p1b: Floette|move: Protect\n|\n|upkeep\n|turn|8\n|\n|t:|1776730495\n|detailschange|p1b: Floette|Floette-Mega, L50, F\n|-mega|p1b: Floette|Floette|Floettite\n|-ability|p1b: Floette|Fairy Aura\n|move|p1a: Excadrill|Rock Slide|p2a: Aegislash|[miss]\n|-miss|p1a: Excadrill|p2a: Aegislash\n|move|p1b: Floette|Dazzling Gleam|p2a: Aegislash\n|-resisted|p2a: Aegislash|1\n|-damage|p2a: Aegislash|0 fnt\n|faint|p2a: Aegislash\n|\n|win|Dwood8\n|raw|Dwood8's rating: 1232 &rarr; <strong>1260</strong><br />(+28 for winning)\n|raw|shadowninja0308's rating: 1270 &rarr; <strong>1242</strong><br />(-28 for losing)\n|c|\u2606shadowninja0308|ggs\n|l|\u2606shadowninja0308\n|player|p2|\n",
  "uploadtime": 1776730523,
  "views": 16,
  "formatid": "gen9championsvgc2026regma",
  "rating": 1242,
  "private": 0,
  "password": null
}