{
  "id": "gen9championsvgc2026regma-2589496168",
  "format": "[Gen 9 Champions] VGC 2026 Reg M-A",
  "players": [
    "menenjoyer14",
    "sirsnipealot"
  ],
  "log": "|j|\u2606menenjoyer14\n|j|\u2606sirsnipealot\n|t:|1776728236\n|gametype|doubles\n|player|p1|menenjoyer14|1|\n|player|p2|sirsnipealot|102|\n|gen|9\n|tier|[Gen 9 Champions] VGC 2026 Reg M-A\n|rule|Species Clause: Limit one of each Pok\u00e9mon\n|rule|Item Clause: Limit 1 of each item\n|clearpoke\n|poke|p1|Froslass, L50, F|\n|poke|p1|Garchomp, L50, M|\n|poke|p1|Rotom-Frost, L50|\n|poke|p1|Empoleon, L50, F|\n|poke|p1|Incineroar, L50, F|\n|poke|p1|Kingambit, L50, M|\n|poke|p2|Blastoise, L50, M|\n|poke|p2|Garchomp, L50, F|\n|poke|p2|Sneasler, L50, F|\n|poke|p2|Aerodactyl, L50, F|\n|poke|p2|Sylveon, L50, F|\n|poke|p2|Sinistcha, L50|\n|teampreview|4\n|\n|t:|1776728307\n|teamsize|p1|4\n|teamsize|p2|4\n|start\n|switch|p1a: Rotom|Rotom-Frost, L50|100/100\n|switch|p1b: Froslass|Froslass, L50, F|100/100\n|switch|p2a: Sneasler|Sneasler, L50, F|100/100\n|switch|p2b: Aerodactyl|Aerodactyl, L50, F|100/100\n|-ability|p2b: Aerodactyl|Unnerve\n|turn|1\n|\n|t:|1776728345\n|detailschange|p1b: Froslass|Froslass-Mega, L50, F\n|-mega|p1b: Froslass|Froslass|Froslassite\n|-weather|Snowscape|[from] ability: Snow Warning|[of] p1b: Froslass\n|move|p2a: Sneasler|Fake Out|p1a: Rotom\n|-damage|p1a: Rotom|88/100\n|cant|p1a: Rotom|flinch\n|move|p2b: Aerodactyl|Tailwind|p2b: Aerodactyl\n|-sidestart|p2: sirsnipealot|move: Tailwind\n|move|p1b: Froslass|Aurora Veil|p1b: Froslass\n|-sidestart|p1: menenjoyer14|move: Aurora Veil\n|\n|-weather|Snowscape|[upkeep]\n|upkeep\n|turn|2\n|\n|t:|1776728368\n|switch|p1a: Garchomp|Garchomp, L50, M|100/100\n|move|p2b: Aerodactyl|Rock Slide|p1a: Garchomp|[spread] p1a,p1b\n|-resisted|p1a: Garchomp|1\n|-supereffective|p1b: Froslass|1\n|-damage|p1a: Garchomp|92/100\n|-damage|p1b: Froslass|62/100\n|move|p2a: Sneasler|Dire Claw|p1b: Froslass\n|-resisted|p1b: Froslass|1\n|-damage|p1b: Froslass|47/100\n|-status|p1b: Froslass|par\n|cant|p1b: Froslass|flinch\n|\n|-weather|Snowscape|[upkeep]\n|upkeep\n|turn|3\n|\n|t:|1776728408\n|move|p2b: Aerodactyl|Rock Slide|p1a: Garchomp|[spread] p1a,p1b\n|-resisted|p1a: Garchomp|1\n|-crit|p1a: Garchomp\n|-supereffective|p1b: Froslass|1\n|-damage|p1a: Garchomp|72/100\n|-damage|p1b: Froslass|11/100 par\n|move|p2a: Sneasler|Dire Claw|p1a: Garchomp\n|-resisted|p1a: Garchomp|1\n|-damage|p1a: Garchomp|58/100\n|-damage|p2a: Sneasler|88/100|[from] ability: Rough Skin|[of] p1a: Garchomp\n|cant|p1a: Garchomp|flinch\n|cant|p1b: Froslass|par\n|\n|-weather|Snowscape|[upkeep]\n|upkeep\n|turn|4\n|\n|t:|1776728426\n|move|p2b: Aerodactyl|Rock Slide|p1a: Garchomp|[spread] p1a\n|-miss|p2b: Aerodactyl|p1b: Froslass\n|-resisted|p1a: Garchomp|1\n|-damage|p1a: Garchomp|50/100\n|move|p2a: Sneasler|Dire Claw|p1a: Garchomp\n|-resisted|p1a: Garchomp|1\n|-damage|p1a: Garchomp|36/100\n|-status|p1a: Garchomp|slp\n|-damage|p2a: Sneasler|76/100|[from] ability: Rough Skin|[of] p1a: Garchomp\n|cant|p1a: Garchomp|slp\n|move|p1b: Froslass|Blizzard|p2a: Sneasler|[spread] p2a,p2b\n|-supereffective|p2b: Aerodactyl|1\n|-damage|p2a: Sneasler|16/100\n|-enditem|p2b: Aerodactyl|Focus Sash\n|-damage|p2b: Aerodactyl|1/100\n|\n|-weather|Snowscape|[upkeep]\n|-sideend|p2: sirsnipealot|move: Tailwind\n|upkeep\n|turn|5\n|\n|t:|1776728453\n|move|p1b: Froslass|Protect|p1b: Froslass\n|-singleturn|p1b: Froslass|Protect\n|move|p2b: Aerodactyl|Tailwind|p2b: Aerodactyl\n|-sidestart|p2: sirsnipealot|move: Tailwind\n|move|p2a: Sneasler|Dire Claw|p1b: Froslass\n|-activate|p1b: Froslass|move: Protect\n|-curestatus|p1a: Garchomp|slp|[msg]\n|move|p1a: Garchomp|Rock Slide|p2a: Sneasler|[spread] p2a,p2b\n|-resisted|p2a: Sneasler|1\n|-supereffective|p2b: Aerodactyl|1\n|-damage|p2a: Sneasler|0 fnt\n|-damage|p2b: Aerodactyl|0 fnt\n|faint|p2a: Sneasler\n|faint|p2b: Aerodactyl\n|\n|-weather|none\n|-sideend|p1: menenjoyer14|move: Aurora Veil\n|upkeep\n|\n|t:|1776728467\n|switch|p2b: Garchomp|Garchomp, L50, F|100/100\n|switch|p2a: Blastoise|Blastoise, L50, M|100/100\n|turn|6\n|\n|t:|1776728484\n|switch|p1b: Kingambit|Kingambit, L50, M|100/100\n|detailschange|p2a: Blastoise|Blastoise-Mega, L50, M\n|-mega|p2a: Blastoise|Blastoise|Blastoisinite\n|move|p1a: Garchomp|Protect|p1a: Garchomp\n|-singleturn|p1a: Garchomp|Protect\n|move|p2b: Garchomp|Dragon Claw|p1a: Garchomp\n|-activate|p1a: Garchomp|move: Protect\n|move|p2a: Blastoise|Water Spout|p1b: Kingambit|[spread] p1b\n|-activate|p1a: Garchomp|move: Protect\n|-damage|p1b: Kingambit|23/100\n|\n|upkeep\n|turn|7\n|\n|t:|1776728526\n|move|p2a: Blastoise|Protect|p2a: Blastoise\n|-singleturn|p2a: Blastoise|Protect\n|move|p1b: Kingambit|Sucker Punch||[still]\n|-fail|p1b: Kingambit\n|move|p2b: Garchomp|Dragon Claw|p1a: Garchomp\n|-supereffective|p1a: Garchomp|1\n|-damage|p1a: Garchomp|0 fnt\n|-damage|p2b: Garchomp|88/100|[from] ability: Rough Skin|[of] p1a: Garchomp\n|faint|p1a: Garchomp\n|\n|upkeep\n|\n|t:|1776728539\n|switch|p1a: Rotom|Rotom-Frost, L50|88/100\n|turn|8\n|\n|t:|1776728570\n|move|p1b: Kingambit|Sucker Punch|p2a: Blastoise\n|-damage|p2a: Blastoise|68/100\n|move|p2b: Garchomp|Dragon Claw|p1a: Rotom\n|-damage|p1a: Rotom|25/100\n|move|p1a: Rotom|Volt Switch|p2a: Blastoise\n|-supereffective|p2a: Blastoise|1\n|-damage|p2a: Blastoise|15/100\n|\n|t:|1776728578\n|switch|p1a: Froslass|Froslass-Mega, L50, F|11/100 par|[from] Volt Switch\n|-weather|Snowscape|[from] ability: Snow Warning|[of] p1a: Froslass\n|move|p2a: Blastoise|Water Spout|p1a: Froslass|[spread] p1a,p1b\n|-damage|p1a: Froslass|0 fnt\n|-damage|p1b: Kingambit|12/100\n|faint|p1a: Froslass\n|\n|-weather|Snowscape|[upkeep]\n|-sideend|p2: sirsnipealot|move: Tailwind\n|upkeep\n|\n|t:|1776728588\n|switch|p1a: Rotom|Rotom-Frost, L50|25/100\n|turn|9\n|\n|t:|1776728605\n|move|p1b: Kingambit|Sucker Punch|p2b: Garchomp\n|-damage|p2b: Garchomp|49/100\n|-damage|p1b: Kingambit|0 fnt|[from] ability: Rough Skin|[of] p2b: Garchomp\n|faint|p1b: Kingambit\n|move|p2b: Garchomp|Dragon Claw|p1a: Rotom\n|-damage|p1a: Rotom|0 fnt\n|faint|p1a: Rotom\n|\n|win|sirsnipealot\n",
  "uploadtime": 1776728605,
  "views": 2,
  "formatid": "gen9championsvgc2026regma",
  "rating": null,
  "private": 0,
  "password": null
}