{
  "id": "gen9championsvgc2026regma-2580583968",
  "format": "[Gen 9 Champions] VGC 2026 Reg M-A",
  "players": [
    "FukZamazenta917813",
    "Hongtao7"
  ],
  "log": "|j|\u2606FukZamazenta917813\n|j|\u2606Hongtao7\n|t:|1775915345\n|gametype|doubles\n|player|p1|FukZamazenta917813|101|1175\n|player|p2|Hongtao7|gambler|1254\n|gen|9\n|tier|[Gen 9 Champions] VGC 2026 Reg M-A\n|rated|\n|rule|Species Clause: Limit one of each Pok\u00e9mon\n|rule|Item Clause: Limit 1 of each item\n|clearpoke\n|poke|p1|Floette-Eternal, L50, F|\n|poke|p1|Incineroar, L50, F|\n|poke|p1|Charizard, L50, M|\n|poke|p1|Garchomp, L50, F|\n|poke|p1|Venusaur, L50, F|\n|poke|p1|Aerodactyl, L50, M|\n|poke|p2|Garchomp, L50, F|\n|poke|p2|Floette-Eternal, L50, F|\n|poke|p2|Aerodactyl, L50, M|\n|poke|p2|Incineroar, L50, M|\n|poke|p2|Ninetales-Alola, L50, M|\n|poke|p2|Maushold-Four, L50|\n|teampreview|4\n|j| darkrinorex\n|inactive|Battle timer is ON: inactive players will automatically lose when time's up. (requested by FukZamazenta917813)\n|inactive|Hongtao7 has 60 seconds left.\n|\n|t:|1775915388\n|teamsize|p1|4\n|teamsize|p2|4\n|start\n|switch|p1a: \u5316\u77f3\u7ffc\u9f99\u8001\u77e3\uff0c\u5c1a\u80fd\u996d\u5426?|Aerodactyl, L50, M|100/100\n|switch|p1b: \u60f3\u51ff\u82b1\u53f6\u8482|Floette-Eternal, L50, F|100/100\n|switch|p2a: Aerodactyl|Aerodactyl, L50, M|100/100\n|switch|p2b: Maushold|Maushold-Four, L50|100/100\n|-ability|p1a: \u5316\u77f3\u7ffc\u9f99\u8001\u77e3\uff0c\u5c1a\u80fd\u996d\u5426?|Unnerve\n|-ability|p2a: Aerodactyl|Unnerve\n|turn|1\n|\n|t:|1775915411\n|switch|p1b: \u795e\u7684\u4f1f\u5927\u65e0\u9700\u591a\u8a00|Incineroar, L50, F|100/100\n|-ability|p1b: \u795e\u7684\u4f1f\u5927\u65e0\u9700\u591a\u8a00|Intimidate|boost\n|-unboost|p2a: Aerodactyl|atk|1\n|-unboost|p2b: Maushold|atk|1\n|move|p2a: Aerodactyl|Rock Slide|p1b: \u795e\u7684\u4f1f\u5927\u65e0\u9700\u591a\u8a00|[spread] p1a,p1b\n|-supereffective|p1a: \u5316\u77f3\u7ffc\u9f99\u8001\u77e3\uff0c\u5c1a\u80fd\u996d\u5426?|1\n|-supereffective|p1b: \u795e\u7684\u4f1f\u5927\u65e0\u9700\u591a\u8a00|1\n|-damage|p1a: \u5316\u77f3\u7ffc\u9f99\u8001\u77e3\uff0c\u5c1a\u80fd\u996d\u5426?|45/100\n|-damage|p1b: \u795e\u7684\u4f1f\u5927\u65e0\u9700\u591a\u8a00|67/100\n|move|p1a: \u5316\u77f3\u7ffc\u9f99\u8001\u77e3\uff0c\u5c1a\u80fd\u996d\u5426?|Rock Slide|p2b: Maushold|[spread] p2a,p2b\n|-supereffective|p2a: Aerodactyl|1\n|-damage|p2a: Aerodactyl|42/100\n|-damage|p2b: Maushold|79/100\n|move|p2b: Maushold|Thunder Wave|p1b: \u795e\u7684\u4f1f\u5927\u65e0\u9700\u591a\u8a00\n|-status|p1b: \u795e\u7684\u4f1f\u5927\u65e0\u9700\u591a\u8a00|par\n|\n|-heal|p1b: \u795e\u7684\u4f1f\u5927\u65e0\u9700\u591a\u8a00|73/100 par|[from] item: Leftovers\n|upkeep\n|turn|2\n|\n|t:|1775915432\n|move|p2a: Aerodactyl|Protect|p2a: Aerodactyl\n|-singleturn|p2a: Aerodactyl|Protect\n|move|p1b: \u795e\u7684\u4f1f\u5927\u65e0\u9700\u591a\u8a00|Fake Out|p2a: Aerodactyl\n|-activate|p2a: Aerodactyl|move: Protect\n|move|p1a: \u5316\u77f3\u7ffc\u9f99\u8001\u77e3\uff0c\u5c1a\u80fd\u996d\u5426?|Tailwind|p1a: \u5316\u77f3\u7ffc\u9f99\u8001\u77e3\uff0c\u5c1a\u80fd\u996d\u5426?\n|-sidestart|p1: FukZamazenta917813|move: Tailwind\n|move|p2b: Maushold|Thunder Wave|p1a: \u5316\u77f3\u7ffc\u9f99\u8001\u77e3\uff0c\u5c1a\u80fd\u996d\u5426?\n|-status|p1a: \u5316\u77f3\u7ffc\u9f99\u8001\u77e3\uff0c\u5c1a\u80fd\u996d\u5426?|par\n|\n|-heal|p1b: \u795e\u7684\u4f1f\u5927\u65e0\u9700\u591a\u8a00|79/100 par|[from] item: Leftovers\n|upkeep\n|turn|3\n|\n|t:|1775915449\n|move|p2a: Aerodactyl|Tailwind|p2a: Aerodactyl\n|-sidestart|p2: Hongtao7|move: Tailwind\n|move|p2b: Maushold|Super Fang|p1b: \u795e\u7684\u4f1f\u5927\u65e0\u9700\u591a\u8a00\n|-damage|p1b: \u795e\u7684\u4f1f\u5927\u65e0\u9700\u591a\u8a00|40/100 par\n|move|p1a: \u5316\u77f3\u7ffc\u9f99\u8001\u77e3\uff0c\u5c1a\u80fd\u996d\u5426?|Rock Slide|p2a: Aerodactyl|[spread] p2a,p2b\n|-supereffective|p2a: Aerodactyl|1\n|-damage|p2a: Aerodactyl|0 fnt\n|-damage|p2b: Maushold|57/100\n|faint|p2a: Aerodactyl\n|move|p1b: \u795e\u7684\u4f1f\u5927\u65e0\u9700\u591a\u8a00|Flare Blitz|p2b: Maushold\n|-damage|p2b: Maushold|14/100\n|-damage|p1b: \u795e\u7684\u4f1f\u5927\u65e0\u9700\u591a\u8a00|27/100 par|[from] Recoil\n|\n|-heal|p1b: \u795e\u7684\u4f1f\u5927\u65e0\u9700\u591a\u8a00|33/100 par|[from] item: Leftovers\n|upkeep\n|\n|t:|1775915468\n|switch|p2a: Floette|Floette-Eternal, L50, F|100/100\n|turn|4\n|\n|t:|1775915481\n|detailschange|p2a: Floette|Floette-Mega, L50, F\n|-mega|p2a: Floette|Floette|Floettite\n|-ability|p2a: Floette|Fairy Aura\n|move|p2b: Maushold|Follow Me|p2b: Maushold\n|-singleturn|p2b: Maushold|move: Follow Me\n|move|p2a: Floette|Calm Mind|p2a: Floette\n|-boost|p2a: Floette|spa|1\n|-boost|p2a: Floette|spd|1\n|move|p1a: \u5316\u77f3\u7ffc\u9f99\u8001\u77e3\uff0c\u5c1a\u80fd\u996d\u5426?|Rock Slide|p2a: Floette|[spread] p2a,p2b\n|-damage|p2a: Floette|79/100\n|-damage|p2b: Maushold|0 fnt\n|faint|p2b: Maushold\n|move|p1b: \u795e\u7684\u4f1f\u5927\u65e0\u9700\u591a\u8a00|Parting Shot|p2a: Floette\n|-unboost|p2a: Floette|atk|1\n|-unboost|p2a: Floette|spa|1\n|\n|t:|1775915489\n|switch|p1b: \u55b7\u706b\u9f99\u4f60\u773c\u778e\u5417?!|Charizard, L50, M|100/100|[from] Parting Shot\n|\n|upkeep\n|\n|t:|1775915496\n|switch|p2b: Ninetales|Ninetales-Alola, L50, M|100/100\n|-weather|Snowscape|[from] ability: Snow Warning|[of] p2b: Ninetales\n|turn|5\n|\n|t:|1775915513\n|detailschange|p1b: \u55b7\u706b\u9f99\u4f60\u773c\u778e\u5417?!|Charizard-Mega-Y, L50, M\n|-mega|p1b: \u55b7\u706b\u9f99\u4f60\u773c\u778e\u5417?!|Charizard|Charizardite Y\n|-weather|SunnyDay|[from] ability: Drought|[of] p1b: \u55b7\u706b\u9f99\u4f60\u773c\u778e\u5417?!\n|move|p2b: Ninetales|Icy Wind|p1b: \u55b7\u706b\u9f99\u4f60\u773c\u778e\u5417?!|[spread] p1a,p1b\n|-supereffective|p1a: \u5316\u77f3\u7ffc\u9f99\u8001\u77e3\uff0c\u5c1a\u80fd\u996d\u5426?|1\n|-damage|p1a: \u5316\u77f3\u7ffc\u9f99\u8001\u77e3\uff0c\u5c1a\u80fd\u996d\u5426?|13/100 par\n|-damage|p1b: \u55b7\u706b\u9f99\u4f60\u773c\u778e\u5417?!|88/100\n|-unboost|p1a: \u5316\u77f3\u7ffc\u9f99\u8001\u77e3\uff0c\u5c1a\u80fd\u996d\u5426?|spe|1\n|-unboost|p1b: \u55b7\u706b\u9f99\u4f60\u773c\u778e\u5417?!|spe|1\n|move|p2a: Floette|Dazzling Gleam|p1b: \u55b7\u706b\u9f99\u4f60\u773c\u778e\u5417?!|[spread] p1a,p1b\n|-resisted|p1b: \u55b7\u706b\u9f99\u4f60\u773c\u778e\u5417?!|1\n|-damage|p1a: \u5316\u77f3\u7ffc\u9f99\u8001\u77e3\uff0c\u5c1a\u80fd\u996d\u5426?|0 fnt\n|-damage|p1b: \u55b7\u706b\u9f99\u4f60\u773c\u778e\u5417?!|66/100\n|faint|p1a: \u5316\u77f3\u7ffc\u9f99\u8001\u77e3\uff0c\u5c1a\u80fd\u996d\u5426?\n|move|p1b: \u55b7\u706b\u9f99\u4f60\u773c\u778e\u5417?!|Heat Wave|p2a: Floette|[spread] p2a,p2b\n|-supereffective|p2b: Ninetales|1\n|-damage|p2a: Floette|45/100\n|-damage|p2b: Ninetales|0 fnt\n|faint|p2b: Ninetales\n|\n|-weather|SunnyDay|[upkeep]\n|-sideend|p1: FukZamazenta917813|move: Tailwind\n|upkeep\n|\n|t:|1775915520\n|switch|p1a: \u795e\u7684\u4f1f\u5927\u65e0\u9700\u591a\u8a00|Incineroar, L50, F|33/100 par\n|-ability|p1a: \u795e\u7684\u4f1f\u5927\u65e0\u9700\u591a\u8a00|Intimidate|boost\n|-unboost|p2a: Floette|atk|1\n|turn|6\n|\n|t:|1775915530\n|move|p2a: Floette|Protect|p2a: Floette\n|-singleturn|p2a: Floette|Protect\n|move|p1a: \u795e\u7684\u4f1f\u5927\u65e0\u9700\u591a\u8a00|Fake Out|p2a: Floette\n|-activate|p2a: Floette|move: Protect\n|move|p1b: \u55b7\u706b\u9f99\u4f60\u773c\u778e\u5417?!|Substitute|p1b: \u55b7\u706b\u9f99\u4f60\u773c\u778e\u5417?!\n|-start|p1b: \u55b7\u706b\u9f99\u4f60\u773c\u778e\u5417?!|Substitute\n|-damage|p1b: \u55b7\u706b\u9f99\u4f60\u773c\u778e\u5417?!|41/100\n|\n|-weather|SunnyDay|[upkeep]\n|-heal|p1a: \u795e\u7684\u4f1f\u5927\u65e0\u9700\u591a\u8a00|39/100 par|[from] item: Leftovers\n|-sideend|p2: Hongtao7|move: Tailwind\n|upkeep\n|turn|7\n|\n|t:|1775915540\n|switch|p1a: \u60f3\u51ff\u82b1\u53f6\u8482|Floette-Eternal, L50, F|100/100\n|move|p2a: Floette|Dazzling Gleam|p1a: \u60f3\u51ff\u82b1\u53f6\u8482|[spread] p1a,p1b\n|-resisted|p1b: \u55b7\u706b\u9f99\u4f60\u773c\u778e\u5417?!|1\n|-activate|p1b: \u55b7\u706b\u9f99\u4f60\u773c\u778e\u5417?!|move: Substitute|[damage]\n|-damage|p1a: \u60f3\u51ff\u82b1\u53f6\u8482|48/100\n|move|p1b: \u55b7\u706b\u9f99\u4f60\u773c\u778e\u5417?!|Weather Ball|p2a: Floette\n|-damage|p2a: Floette|0 fnt\n|faint|p2a: Floette\n|\n|win|FukZamazenta917813\n|raw|FukZamazenta917813's rating: 1175 &rarr; <strong>1206</strong><br />(+31 for winning)\n|raw|Hongtao7's rating: 1254 &rarr; <strong>1223</strong><br />(-31 for losing)\n",
  "uploadtime": 1775915542,
  "views": 16,
  "formatid": "gen9championsvgc2026regma",
  "rating": 1206,
  "private": 0,
  "password": null
}