{
  "id": "gen9championsvgc2026regma-2583151437",
  "format": "[Gen 9 Champions] VGC 2026 Reg M-A",
  "players": [
    "Prohxy",
    "Il_Deca"
  ],
  "log": "|j|\u2606Prohxy\n|j|\u2606Il_Deca\n|t:|1776148277\n|gametype|doubles\n|player|p1|Prohxy|lorelei-lgpe|1101\n|player|p2|Il_Deca|lucas|1000\n|gen|9\n|tier|[Gen 9 Champions] VGC 2026 Reg M-A\n|rated|\n|rule|Species Clause: Limit one of each Pok\u00e9mon\n|rule|Item Clause: Limit 1 of each item\n|clearpoke\n|poke|p1|Alcremie, L50, F|\n|poke|p1|Sinistcha, L50|\n|poke|p1|Scizor, L50, F|\n|poke|p1|Politoed, L50, F|\n|poke|p1|Basculegion, L50, M|\n|poke|p1|Stunfisk, L50, F|\n|poke|p2|Gengar, L50, M|\n|poke|p2|Incineroar, L50, M|\n|poke|p2|Kommo-o, L50, F|\n|poke|p2|Whimsicott, L50, F|\n|poke|p2|Basculegion, L50, M|\n|poke|p2|Sylveon, L50, F|\n|teampreview|4\n|\n|t:|1776148332\n|teamsize|p1|4\n|teamsize|p2|4\n|start\n|switch|p1a: Politoed|Politoed, L50, F, shiny|100/100\n|switch|p1b: Stunfisk|Stunfisk, L50, F, shiny|100/100\n|switch|p2a: Whimsicott|Whimsicott, L50, F, shiny|100/100\n|switch|p2b: Incineroar|Incineroar, L50, M, shiny|100/100\n|-ability|p2b: Incineroar|Intimidate|boost\n|-unboost|p1a: Politoed|atk|1\n|-unboost|p1b: Stunfisk|atk|1\n|-weather|RainDance|[from] ability: Drizzle|[of] p1a: Politoed\n|turn|1\n|inactive|Battle timer is ON: inactive players will automatically lose when time's up. (requested by Prohxy)\n|\n|t:|1776148358\n|move|p2b: Incineroar|Fake Out|p1a: Politoed\n|-damage|p1a: Politoed|89/100\n|move|p2a: Whimsicott|Tailwind|p2a: Whimsicott\n|-sidestart|p2: Il_Deca|move: Tailwind\n|cant|p1a: Politoed|flinch\n|move|p1b: Stunfisk|Reflect Type|p2a: Whimsicott\n|-start|p1b: Stunfisk|typechange|[from] move: Reflect Type|[of] p2a: Whimsicott\n|\n|-weather|RainDance|[upkeep]\n|upkeep\n|-start|p1b: Stunfisk|typechange|Grass/Fairy|[silent]\n|turn|2\n|\n|t:|1776148378\n|move|p2a: Whimsicott|Encore|p1b: Stunfisk\n|-start|p1b: Stunfisk|Encore\n|move|p2b: Incineroar|Parting Shot|p1a: Politoed\n|-unboost|p1a: Politoed|atk|1\n|-unboost|p1a: Politoed|spa|1\n|\n|t:|1776148387\n|switch|p2b: Kommo-o|Kommo-o, L50, F, shiny|100/100|[from] Parting Shot\n|move|p1a: Politoed|Icy Wind|p2a: Whimsicott|[spread] p2a,p2b\n|-supereffective|p2a: Whimsicott|1\n|-supereffective|p2b: Kommo-o|1\n|-damage|p2a: Whimsicott|78/100\n|-damage|p2b: Kommo-o|86/100\n|-unboost|p2a: Whimsicott|spe|1\n|-unboost|p2b: Kommo-o|spe|1\n|move|p1b: Stunfisk|Reflect Type|p2b: Kommo-o\n|-start|p1b: Stunfisk|typechange|[from] move: Reflect Type|[of] p2b: Kommo-o\n|\n|-weather|RainDance|[upkeep]\n|-heal|p2b: Kommo-o|92/100|[from] item: Leftovers\n|upkeep\n|-start|p1b: Stunfisk|typechange|Dragon/Fighting|[silent]\n|turn|3\n|inactive|Prohxy has 30 seconds left.\n|\n|t:|1776148413\n|switch|p1b: Sinistcha|Sinistcha, L50|100/100\n|-heal|p1a: Politoed|100/100|[from] ability: Hospitality|[of] p1b: Sinistcha\n|move|p2a: Whimsicott|Moonblast|p1b: Sinistcha\n|-damage|p1b: Sinistcha|61/100\n|move|p2b: Kommo-o|Iron Defense|p2b: Kommo-o\n|-boost|p2b: Kommo-o|def|2\n|move|p1a: Politoed|Icy Wind|p2a: Whimsicott|[spread] p2a,p2b\n|-supereffective|p2a: Whimsicott|1\n|-supereffective|p2b: Kommo-o|1\n|-damage|p2a: Whimsicott|58/100\n|-damage|p2b: Kommo-o|76/100\n|-unboost|p2a: Whimsicott|spe|1\n|-unboost|p2b: Kommo-o|spe|1\n|\n|-weather|RainDance|[upkeep]\n|-heal|p2b: Kommo-o|82/100|[from] item: Leftovers\n|upkeep\n|turn|4\n|inactive|Il_Deca has 30 seconds left.\n|inactive|Il_Deca has 20 seconds left.\n|\n|t:|1776148452\n|move|p2a: Whimsicott|Memento|p1a: Politoed\n|-unboost|p1a: Politoed|atk|2\n|-unboost|p1a: Politoed|spa|2\n|faint|p2a: Whimsicott\n|move|p2b: Kommo-o|Flamethrower|p1b: Sinistcha\n|-supereffective|p1b: Sinistcha|1\n|-damage|p1b: Sinistcha|39/100\n|-enditem|p1b: Sinistcha|Sitrus Berry|[eat]\n|-heal|p1b: Sinistcha|63/100|[from] item: Sitrus Berry\n|move|p1b: Sinistcha|Strength Sap|p2b: Kommo-o\n|-unboost|p2b: Kommo-o|atk|1\n|-heal|p1b: Sinistcha|100/100\n|move|p1a: Politoed|Icy Wind|p2b: Kommo-o\n|-supereffective|p2b: Kommo-o|1\n|-crit|p2b: Kommo-o\n|-damage|p2b: Kommo-o|39/100\n|-unboost|p2b: Kommo-o|spe|1\n|\n|-weather|RainDance|[upkeep]\n|-heal|p2b: Kommo-o|45/100|[from] item: Leftovers\n|-sideend|p2: Il_Deca|move: Tailwind\n|upkeep\n|\n|t:|1776148473\n|switch|p2a: Incineroar|Incineroar, L50, M, shiny|100/100\n|-ability|p2a: Incineroar|Intimidate|boost\n|-unboost|p1a: Politoed|atk|1\n|-unboost|p1b: Sinistcha|atk|1\n|turn|5\n|\n|t:|1776148488\n|move|p2a: Incineroar|Fake Out|p1b: Sinistcha\n|-immune|p1b: Sinistcha\n|move|p1b: Sinistcha|Matcha Gotcha|p2b: Kommo-o|[spread] p2a,p2b\n|-resisted|p2a: Incineroar|1\n|-resisted|p2b: Kommo-o|1\n|-damage|p2a: Incineroar|85/100\n|-damage|p2b: Kommo-o|28/100\n|move|p1a: Politoed|Icy Wind|p2a: Incineroar|[spread] p2a,p2b\n|-resisted|p2a: Incineroar|1\n|-supereffective|p2b: Kommo-o|1\n|-damage|p2a: Incineroar|83/100\n|-damage|p2b: Kommo-o|20/100\n|-unboost|p2a: Incineroar|spe|1\n|-unboost|p2b: Kommo-o|spe|1\n|move|p2b: Kommo-o|Flamethrower|p1b: Sinistcha\n|-supereffective|p1b: Sinistcha|1\n|-damage|p1b: Sinistcha|79/100\n|\n|-weather|none\n|-heal|p2b: Kommo-o|26/100|[from] item: Leftovers\n|upkeep\n|turn|6\n|\n|t:|1776148512\n|move|p1b: Sinistcha|Strength Sap|p2a: Incineroar\n|-unboost|p2a: Incineroar|atk|1\n|-heal|p1b: Sinistcha|100/100\n|move|p2a: Incineroar|Flare Blitz|p1b: Sinistcha\n|-supereffective|p1b: Sinistcha|1\n|-damage|p1b: Sinistcha|20/100\n|-damage|p2a: Incineroar|55/100|[from] Recoil\n|move|p1a: Politoed|Icy Wind|p2a: Incineroar|[spread] p2a,p2b\n|-resisted|p2a: Incineroar|1\n|-supereffective|p2b: Kommo-o|1\n|-damage|p2a: Incineroar|53/100\n|-damage|p2b: Kommo-o|20/100\n|-unboost|p2a: Incineroar|spe|1\n|-unboost|p2b: Kommo-o|spe|1\n|move|p2b: Kommo-o|Flamethrower|p1b: Sinistcha\n|-supereffective|p1b: Sinistcha|1\n|-damage|p1b: Sinistcha|0 fnt\n|faint|p1b: Sinistcha\n|\n|-heal|p2b: Kommo-o|26/100|[from] item: Leftovers\n|upkeep\n|inactive|Prohxy has 30 seconds left.\n|\n|t:|1776148537\n|switch|p1b: Stunfisk|Stunfisk, L50, F, shiny|100/100\n|turn|7\n|\n|t:|1776148551\n|move|p2b: Kommo-o|Protect|p2b: Kommo-o\n|-singleturn|p2b: Kommo-o|Protect\n|move|p1a: Politoed|Icy Wind|p2a: Incineroar|[spread] p2a\n|-activate|p2b: Kommo-o|move: Protect\n|-resisted|p2a: Incineroar|1\n|-damage|p2a: Incineroar|50/100\n|-unboost|p2a: Incineroar|spe|1\n|move|p1b: Stunfisk|Scald|p2a: Incineroar\n|-supereffective|p2a: Incineroar|1\n|-damage|p2a: Incineroar|5/100\n|move|p2a: Incineroar|Parting Shot|p1b: Stunfisk\n|-unboost|p1b: Stunfisk|atk|1\n|-unboost|p1b: Stunfisk|spa|1\n|\n|t:|1776148566\n|switch|p2a: Gengar|Gengar, L50, M, shiny|100/100|[from] Parting Shot\n|\n|-heal|p2b: Kommo-o|32/100|[from] item: Leftovers\n|upkeep\n|turn|8\n|\n|t:|1776148585\n|detailschange|p2a: Gengar|Gengar-Mega, L50, M, shiny\n|-mega|p2a: Gengar|Gengar|Gengarite\n|move|p2a: Gengar|Shadow Ball|p1b: Stunfisk\n|-damage|p1b: Stunfisk|52/100\n|move|p1a: Politoed|Icy Wind|p2b: Kommo-o|[spread] p2a,p2b\n|-supereffective|p2b: Kommo-o|1\n|-damage|p2a: Gengar|96/100\n|-damage|p2b: Kommo-o|24/100\n|-unboost|p2a: Gengar|spe|1\n|-unboost|p2b: Kommo-o|spe|1\n|move|p1b: Stunfisk|Earth Power|p2a: Gengar\n|-supereffective|p2a: Gengar|1\n|-damage|p2a: Gengar|37/100\n|move|p2b: Kommo-o|Body Press|p1b: Stunfisk\n|-damage|p1b: Stunfisk|0 fnt\n|faint|p1b: Stunfisk\n|\n|-heal|p2b: Kommo-o|30/100|[from] item: Leftovers\n|upkeep\n|\n|t:|1776148601\n|switch|p1b: Basculegion|Basculegion, L50, M|100/100\n|turn|9\n|\n|t:|1776148614\n|switch|p2b: Incineroar|Incineroar, L50, M, shiny|5/100\n|-ability|p2b: Incineroar|Intimidate|boost\n|-unboost|p1a: Politoed|atk|1\n|-unboost|p1b: Basculegion|atk|1\n|move|p1b: Basculegion|Psychic Fangs|p2a: Gengar\n|-supereffective|p2a: Gengar|1\n|-damage|p2a: Gengar|0 fnt\n|faint|p2a: Gengar\n|move|p1a: Politoed|Icy Wind|p2b: Incineroar\n|-resisted|p2b: Incineroar|1\n|-damage|p2b: Incineroar|2/100\n|-unboost|p2b: Incineroar|spe|1\n|\n|upkeep\n|\n|t:|1776148622\n|switch|p2a: Kommo-o|Kommo-o, L50, F, shiny|30/100\n|turn|10\n|\n|t:|1776148634\n|move|p1b: Basculegion|Psychic Fangs|p2a: Kommo-o\n|-supereffective|p2a: Kommo-o|1\n|-damage|p2a: Kommo-o|0 fnt\n|faint|p2a: Kommo-o\n|move|p2b: Incineroar|Darkest Lariat|p1b: Basculegion\n|-supereffective|p1b: Basculegion|1\n|-damage|p1b: Basculegion|2/100\n|move|p1a: Politoed|Icy Wind|p2b: Incineroar\n|-resisted|p2b: Incineroar|1\n|-damage|p2b: Incineroar|0 fnt\n|faint|p2b: Incineroar\n|\n|win|Prohxy\n|raw|Prohxy's rating: 1101 &rarr; <strong>1119</strong><br />(+18 for winning)\n|raw|Il_Deca's rating: 1000 &rarr; <strong>1000</strong><br />(+0 for losing)\n|l|\u2606Il_Deca\n|player|p2|\n",
  "uploadtime": 1776148646,
  "views": 22,
  "formatid": "gen9championsvgc2026regma",
  "rating": 1000,
  "private": 0,
  "password": null
}