{
  "id": "gen9championsvgc2026regma-2584917291",
  "format": "[Gen 9 Champions] VGC 2026 Reg M-A",
  "players": [
    "ziosteven",
    "joej m"
  ],
  "log": "|j|\u2606ziosteven\n|j|\u2606joej m\n|t:|1776294333\n|gametype|doubles\n|player|p1|ziosteven|102|1379\n|player|p2|joej m|265|1494\n|gen|9\n|tier|[Gen 9 Champions] VGC 2026 Reg M-A\n|rated|\n|rule|Species Clause: Limit one of each Pok\u00e9mon\n|rule|Item Clause: Limit 1 of each item\n|clearpoke\n|poke|p1|Meganium, L50, M|\n|poke|p1|Sableye, L50, F|\n|poke|p1|Pelipper, L50, M|\n|poke|p1|Kingambit, L50, M|\n|poke|p1|Basculegion, L50, M|\n|poke|p1|Sneasler, L50, F|\n|poke|p2|Basculegion, L50, M|\n|poke|p2|Floette-Eternal, L50, F|\n|poke|p2|Rotom-Heat, L50|\n|poke|p2|Pelipper, L50, M|\n|poke|p2|Corviknight, L50, F|\n|poke|p2|Sinistcha, L50|\n|teampreview|4\n|inactive|Battle timer is ON: inactive players will automatically lose when time's up. (requested by ziosteven)\n|j| Summoner\n|inactive|ziosteven has 60 seconds left.\n|inactive|ziosteven has 30 seconds left.\n|inactive|ziosteven has 20 seconds left.\n|inactive|ziosteven has 15 seconds left.\n|inactive|ziosteven has 10 seconds left.\n|\n|t:|1776294418\n|teamsize|p1|4\n|teamsize|p2|4\n|start\n|switch|p1a: Kingambit|Kingambit, L50, M, shiny|100/100\n|switch|p1b: Pelipper|Pelipper, L50, M|100/100\n|switch|p2a: Rotom|Rotom-Heat, L50|100/100\n|switch|p2b: Sinistcha|Sinistcha, L50|100/100\n|-weather|RainDance|[from] ability: Drizzle|[of] p1b: Pelipper\n|turn|1\n|\n|t:|1776294439\n|switch|p1b: Meganium|Meganium, L50, M, shiny|100/100\n|move|p2a: Rotom|Electroweb|p1b: Meganium|[spread] p1a,p1b\n|-resisted|p1b: Meganium|1\n|-damage|p1a: Kingambit|82/100\n|-damage|p1b: Meganium|92/100\n|-unboost|p1a: Kingambit|spe|1\n|-ability|p1a: Kingambit|Defiant|boost\n|-boost|p1a: Kingambit|atk|2\n|-unboost|p1b: Meganium|spe|1\n|move|p2b: Sinistcha|Matcha Gotcha|p1b: Meganium|[spread] p1a,p1b\n|-resisted|p1a: Kingambit|1\n|-resisted|p1b: Meganium|1\n|-damage|p1a: Kingambit|69/100\n|-damage|p1b: Meganium|81/100\n|move|p1a: Kingambit|Swords Dance|p1a: Kingambit\n|-boost|p1a: Kingambit|atk|2\n|\n|-weather|RainDance|[upkeep]\n|-heal|p1a: Kingambit|75/100|[from] item: Leftovers\n|upkeep\n|turn|2\n|inactive|ziosteven has 30 seconds left.\n|inactive|joej m has 30 seconds left.\n|\n|t:|1776294473\n|detailschange|p1b: Meganium|Meganium-Mega, L50, M, shiny\n|-mega|p1b: Meganium|Meganium|Meganiumite\n|move|p2b: Sinistcha|Protect|p2b: Sinistcha\n|-singleturn|p2b: Sinistcha|Protect\n|move|p2a: Rotom|Overheat|p1a: Kingambit\n|-supereffective|p1a: Kingambit|1\n|-damage|p1a: Kingambit|25/100\n|-unboost|p2a: Rotom|spa|2\n|move|p1b: Meganium|Weather Ball|p2b: Sinistcha\n|-activate|p2b: Sinistcha|move: Protect\n|move|p1a: Kingambit|Kowtow Cleave|p2a: Rotom\n|-damage|p2a: Rotom|0 fnt\n|faint|p2a: Rotom\n|\n|-weather|RainDance|[upkeep]\n|-heal|p1a: Kingambit|30/100|[from] item: Leftovers\n|upkeep\n|\n|t:|1776294485\n|switch|p2a: Floette|Floette-Eternal, L50, F|100/100\n|turn|3\n|inactive|joej m has 30 seconds left.\n|\n|t:|1776294520\n|switch|p2b: Corviknight|Corviknight, L50, F|100/100\n|detailschange|p2a: Floette|Floette-Mega, L50, F\n|-mega|p2a: Floette|Floette|Floettite\n|-ability|p2a: Floette|Fairy Aura\n|move|p1a: Kingambit|Protect|p1a: Kingambit\n|-singleturn|p1a: Kingambit|Protect\n|move|p2a: Floette|Moonblast|p1b: Meganium\n|-damage|p1b: Meganium|17/100\n|move|p1b: Meganium|Weather Ball|p2b: Corviknight\n|-supereffective|p2b: Corviknight|1\n|-damage|p2b: Corviknight|0 fnt\n|faint|p2b: Corviknight\n|\n|-weather|RainDance|[upkeep]\n|-heal|p1a: Kingambit|36/100|[from] item: Leftovers\n|upkeep\n|\n|t:|1776294522\n|switch|p2b: Sinistcha|Sinistcha, L50|100/100\n|turn|4\n|inactive|ziosteven has 30 seconds left.\n|\n|t:|1776294548\n|move|p2b: Sinistcha|Rage Powder|p2b: Sinistcha\n|-singleturn|p2b: Sinistcha|move: Rage Powder\n|move|p2a: Floette|Dazzling Gleam|p1b: Meganium|[spread] p1a,p1b\n|-damage|p1a: Kingambit|0 fnt\n|-damage|p1b: Meganium|0 fnt\n|faint|p1a: Kingambit\n|faint|p1b: Meganium\n|\n|-weather|RainDance|[upkeep]\n|upkeep\n|\n|t:|1776294554\n|switch|p1b: Pelipper|Pelipper, L50, M|100/100\n|switch|p1a: Basculegion|Basculegion, L50, M|100/100\n|turn|5\n|inactive|joej m has 30 seconds left.\n|inactive|joej m has 20 seconds left.\n|\n|t:|1776294593\n|move|p2a: Floette|Protect|p2a: Floette\n|-singleturn|p2a: Floette|Protect\n|move|p1b: Pelipper|Wide Guard|p1b: Pelipper\n|-singleturn|p1b: Pelipper|Wide Guard\n|move|p1a: Basculegion|Last Respects|p2a: Floette\n|-activate|p2a: Floette|move: Protect\n|move|p2b: Sinistcha|Trick Room|p2b: Sinistcha\n|-fieldstart|move: Trick Room|[of] p2b: Sinistcha\n|\n|-weather|none\n|upkeep\n|turn|6\n|\n|t:|1776294612\n|move|p2b: Sinistcha|Rage Powder|p2b: Sinistcha\n|-singleturn|p2b: Sinistcha|move: Rage Powder\n|move|p1b: Pelipper|Hurricane|p2b: Sinistcha|[miss]\n|-miss|p1b: Pelipper|p2b: Sinistcha\n|move|p2a: Floette|Moonblast|p1a: Basculegion\n|-damage|p1a: Basculegion|15/100\n|-unboost|p1a: Basculegion|spa|1\n|move|p1a: Basculegion|Last Respects|p2b: Sinistcha\n|-supereffective|p2b: Sinistcha|1\n|-damage|p2b: Sinistcha|0 fnt\n|faint|p2b: Sinistcha\n|\n|upkeep\n|turn|7\n|\n|t:|1776294628\n|move|p1b: Pelipper|Hurricane|p2a: Floette|[miss]\n|-miss|p1b: Pelipper|p2a: Floette\n|move|p2a: Floette|Moonblast|p1a: Basculegion\n|-damage|p1a: Basculegion|0 fnt\n|faint|p1a: Basculegion\n|\n|upkeep\n|turn|8\n|\n|t:|1776294631\n|move|p1b: Pelipper|Hurricane|p2a: Floette\n|-damage|p2a: Floette|72/100\n|-start|p2a: Floette|confusion\n|-activate|p2a: Floette|confusion\n|-damage|p2a: Floette|63/100|[from] confusion\n|\n|upkeep\n|turn|9\n|\n|t:|1776294637\n|move|p1b: Pelipper|Hurricane|p2a: Floette\n|-crit|p2a: Floette\n|-damage|p2a: Floette|25/100\n|-end|p2a: Floette|confusion\n|move|p2a: Floette|Moonblast|p1b: Pelipper\n|-damage|p1b: Pelipper|22/100\n|\n|-fieldend|move: Trick Room\n|upkeep\n|turn|10\n|\n|t:|1776294645\n|move|p2a: Floette|Moonblast|p1b: Pelipper\n|-damage|p1b: Pelipper|0 fnt\n|faint|p1b: Pelipper\n|\n|win|joej m\n|raw|ziosteven's rating: 1379 &rarr; <strong>1365</strong><br />(-14 for losing)\n|raw|joej m's rating: 1494 &rarr; <strong>1508</strong><br />(+14 for winning)\n|l|\u2606ziosteven\n|player|p1|\n|l| Summoner\n",
  "uploadtime": 1776294654,
  "views": 42,
  "formatid": "gen9championsvgc2026regma",
  "rating": 1365,
  "private": 0,
  "password": null
}