{
  "id": "gen9championsvgc2026regma-2581121252",
  "format": "[Gen 9 Champions] VGC 2026 Reg M-A",
  "players": [
    "something123",
    "jyotsha"
  ],
  "log": "|j|\u2606something123\n|j|\u2606jyotsha\n|t:|1775961903\n|gametype|doubles\n|player|p1|something123|2|1242\n|player|p2|jyotsha|265|1209\n|gen|9\n|tier|[Gen 9 Champions] VGC 2026 Reg M-A\n|rated|\n|rule|Species Clause: Limit one of each Pok\u00e9mon\n|rule|Item Clause: Limit 1 of each item\n|clearpoke\n|poke|p1|Glimmora, L50, M|\n|poke|p1|Gardevoir, L50, F|\n|poke|p1|Garchomp, L50, F|\n|poke|p1|Corviknight, L50, F|\n|poke|p1|Rotom-Wash, L50|\n|poke|p1|Chesnaught, L50, M|\n|poke|p2|Aegislash, L50, M|\n|poke|p2|Aerodactyl, L50, F|\n|poke|p2|Incineroar, L50, M|\n|poke|p2|Lucario, L50, F|\n|poke|p2|Milotic, L50, M|\n|poke|p2|Rotom-Wash, L50|\n|teampreview|4\n|inactive|Battle timer is ON: inactive players will automatically lose when time's up. (requested by jyotsha)\n|\n|t:|1775961950\n|teamsize|p1|4\n|teamsize|p2|4\n|start\n|switch|p1a: Corviknight|Corviknight, L50, F|100/100\n|switch|p1b: Rotom|Rotom-Wash, L50|100/100\n|switch|p2a: Rotom|Rotom-Wash, L50|100/100\n|switch|p2b: Lucario|Lucario, L50, F|100/100\n|turn|1\n|inactive|jyotsha has 30 seconds left.\n|\n|t:|1775961975\n|switch|p1a: Chesnaught|Chesnaught, L50, M|100/100\n|move|p2b: Lucario|Protect|p2b: Lucario\n|-singleturn|p2b: Lucario|Protect\n|move|p2a: Rotom|Electroweb|p1b: Rotom|[spread] p1a,p1b\n|-resisted|p1a: Chesnaught|1\n|-damage|p1a: Chesnaught|88/100\n|-damage|p1b: Rotom|81/100\n|-unboost|p1a: Chesnaught|spe|1\n|-unboost|p1b: Rotom|spe|1\n|move|p1b: Rotom|Will-O-Wisp|p2b: Lucario\n|-activate|p2b: Lucario|move: Protect\n|\n|upkeep\n|turn|2\n|inactive|something123 has 30 seconds left.\n|inactive|jyotsha has 30 seconds left.\n|\n|t:|1775962009\n|switch|p2b: Milotic|Milotic, L50, M|100/100\n|detailschange|p1a: Chesnaught|Chesnaught-Mega, L50, M\n|-mega|p1a: Chesnaught|Chesnaught|Chesnaughtite\n|move|p1b: Rotom|Protect|p1b: Rotom\n|-singleturn|p1b: Rotom|Protect\n|move|p2a: Rotom|Electroweb|p1a: Chesnaught|[spread] p1a\n|-activate|p1b: Rotom|move: Protect\n|-resisted|p1a: Chesnaught|1\n|-damage|p1a: Chesnaught|80/100\n|-unboost|p1a: Chesnaught|spe|1\n|move|p1a: Chesnaught|Body Press|p2b: Milotic\n|-damage|p2b: Milotic|54/100\n|\n|-heal|p2b: Milotic|60/100|[from] item: Leftovers\n|upkeep\n|turn|3\n|\n|t:|1775962034\n|move|p2b: Milotic|Protect|p2b: Milotic\n|-singleturn|p2b: Milotic|Protect\n|move|p2a: Rotom|Electroweb|p1a: Chesnaught|[spread] p1a,p1b\n|-resisted|p1a: Chesnaught|1\n|-damage|p1a: Chesnaught|72/100\n|-damage|p1b: Rotom|61/100\n|-unboost|p1a: Chesnaught|spe|1\n|-unboost|p1b: Rotom|spe|1\n|move|p1b: Rotom|Thunderbolt|p2b: Milotic\n|-activate|p2b: Milotic|move: Protect\n|move|p1a: Chesnaught|Leech Seed|p2a: Rotom\n|-start|p2a: Rotom|move: Leech Seed\n|\n|-heal|p2b: Milotic|66/100|[from] item: Leftovers\n|-damage|p2a: Rotom|89/100|[from] Leech Seed|[of] p1a: Chesnaught\n|-heal|p1a: Chesnaught|79/100|[silent]\n|upkeep\n|turn|4\n|\n|t:|1775962050\n|switch|p2a: Aegislash|Aegislash, L50, M|100/100\n|move|p2b: Milotic|Ice Beam|p1a: Chesnaught\n|-supereffective|p1a: Chesnaught|1\n|-damage|p1a: Chesnaught|42/100\n|move|p1b: Rotom|Thunderbolt|p2b: Milotic\n|-supereffective|p2b: Milotic|1\n|-damage|p2b: Milotic|24/100\n|move|p1a: Chesnaught|Leech Seed|p2b: Milotic\n|-start|p2b: Milotic|move: Leech Seed\n|\n|-heal|p2b: Milotic|30/100|[from] item: Leftovers\n|-damage|p2b: Milotic|17/100|[from] Leech Seed|[of] p1a: Chesnaught\n|-heal|p1a: Chesnaught|54/100|[silent]\n|upkeep\n|turn|5\n|\n|t:|1775962072\n|switch|p2b: Rotom|Rotom-Wash, L50|89/100\n|move|p1a: Chesnaught|Spiky Shield|p1a: Chesnaught\n|-singleturn|p1a: Chesnaught|move: Protect\n|-formechange|p2a: Aegislash|Aegislash-Blade|\n|move|p2a: Aegislash|Poltergeist|p1b: Rotom\n|-activate|p1b: Rotom|move: Poltergeist|Sitrus Berry\n|-damage|p1b: Rotom|5/100\n|-enditem|p1b: Rotom|Sitrus Berry|[eat]\n|-heal|p1b: Rotom|30/100|[from] item: Sitrus Berry\n|move|p1b: Rotom|Will-O-Wisp|p2a: Aegislash\n|-status|p2a: Aegislash|brn\n|\n|-damage|p2a: Aegislash|95/100 brn|[from] brn\n|upkeep\n|turn|6\n|inactive|something123 has 30 seconds left.\n|\n|t:|1775962098\n|move|p1b: Rotom|Protect|p1b: Rotom\n|-singleturn|p1b: Rotom|Protect\n|move|p2b: Rotom|Thunderbolt|p1a: Chesnaught\n|-resisted|p1a: Chesnaught|1\n|-damage|p1a: Chesnaught|36/100\n|move|p2a: Aegislash|Poltergeist||[still]\n|-fail|p2a: Aegislash\n|move|p1a: Chesnaught|Leech Seed|p2a: Aegislash\n|-start|p2a: Aegislash|move: Leech Seed\n|\n|-damage|p2a: Aegislash|83/100 brn|[from] Leech Seed|[of] p1a: Chesnaught\n|-heal|p1a: Chesnaught|46/100|[silent]\n|-damage|p2a: Aegislash|77/100 brn|[from] brn\n|upkeep\n|turn|7\n|\n|t:|1775962118\n|switch|p2a: Lucario|Lucario, L50, F|100/100\n|switch|p1b: Gardevoir|Gardevoir, L50, F|100/100\n|move|p2b: Rotom|Thunderbolt|p1b: Gardevoir\n|-damage|p1b: Gardevoir|52/100\n|move|p1a: Chesnaught|Leech Seed|p2b: Rotom\n|-start|p2b: Rotom|move: Leech Seed\n|\n|-damage|p2b: Rotom|77/100|[from] Leech Seed|[of] p1a: Chesnaught\n|-heal|p1a: Chesnaught|54/100|[silent]\n|upkeep\n|turn|8\n|inactive|something123 has 30 seconds left.\n|\n|t:|1775962146\n|switch|p1b: Corviknight|Corviknight, L50, F|100/100\n|switch|p2a: Aegislash|Aegislash, L50, M|77/100 brn\n|move|p2b: Rotom|Thunderbolt|p1a: Chesnaught\n|-resisted|p1a: Chesnaught|1\n|-damage|p1a: Chesnaught|37/100\n|move|p1a: Chesnaught|Leech Seed||[still]\n|-fail|p1a: Chesnaught\n|\n|-damage|p2b: Rotom|65/100|[from] Leech Seed|[of] p1a: Chesnaught\n|-heal|p1a: Chesnaught|45/100|[silent]\n|-damage|p2a: Aegislash|71/100 brn|[from] brn\n|upkeep\n|turn|9\n|\n|t:|1775962167\n|move|p2b: Rotom|Thunderbolt|p1b: Corviknight\n|-supereffective|p1b: Corviknight|1\n|-damage|p1b: Corviknight|12/100\n|move|p1b: Corviknight|Roost|p1b: Corviknight\n|-heal|p1b: Corviknight|62/100\n|-singleturn|p1b: Corviknight|move: Roost\n|-formechange|p2a: Aegislash|Aegislash-Blade|\n|move|p2a: Aegislash|Poltergeist|p1a: Chesnaught\n|-activate|p1a: Chesnaught|move: Poltergeist|Chesnaughtite\n|-damage|p1a: Chesnaught|29/100\n|move|p1a: Chesnaught|Leech Seed|p2a: Aegislash\n|-start|p2a: Aegislash|move: Leech Seed\n|\n|-heal|p1b: Corviknight|68/100|[from] item: Leftovers\n|-damage|p2b: Rotom|53/100|[from] Leech Seed|[of] p1a: Chesnaught\n|-heal|p1a: Chesnaught|37/100|[silent]\n|-damage|p2a: Aegislash|59/100 brn|[from] Leech Seed|[of] p1a: Chesnaught\n|-heal|p1a: Chesnaught|47/100|[silent]\n|-damage|p2a: Aegislash|53/100 brn|[from] brn\n|upkeep\n|turn|10\n|inactive|something123 has 30 seconds left.\n|\n|t:|1775962193\n|switch|p1b: Rotom|Rotom-Wash, L50|30/100\n|switch|p2a: Milotic|Milotic, L50, M|17/100\n|move|p2b: Rotom|Thunderbolt|p1b: Rotom\n|-damage|p1b: Rotom|0 fnt\n|faint|p1b: Rotom\n|move|p1a: Chesnaught|Body Press|p2b: Rotom\n|-damage|p2b: Rotom|0 fnt\n|faint|p2b: Rotom\n|\n|-heal|p2a: Milotic|23/100|[from] item: Leftovers\n|upkeep\n|\n|t:|1775962211\n|switch|p2b: Lucario|Lucario, L50, F|100/100\n|switch|p1b: Gardevoir|Gardevoir, L50, F|52/100\n|turn|11\n|\n|t:|1775962232\n|switch|p2a: Aegislash|Aegislash, L50, M|53/100 brn\n|detailschange|p2b: Lucario|Lucario-Mega, L50, F\n|-mega|p2b: Lucario|Lucario|Lucarionite\n|move|p1b: Gardevoir|Moonblast|p2a: Aegislash\n|-resisted|p2a: Aegislash|1\n|-damage|p2a: Aegislash|33/100 brn\n|move|p2b: Lucario|Flash Cannon|p1a: Chesnaught\n|-crit|p1a: Chesnaught\n|-damage|p1a: Chesnaught|0 fnt\n|faint|p1a: Chesnaught\n|\n|-damage|p2a: Aegislash|27/100 brn|[from] brn\n|upkeep\n|\n|t:|1775962244\n|switch|p1a: Corviknight|Corviknight, L50, F|68/100\n|turn|12\n|\n|t:|1775962259\n|move|p1b: Gardevoir|Moonblast|p2b: Lucario\n|-damage|p2b: Lucario|21/100\n|move|p2b: Lucario|Aura Sphere|p1a: Corviknight\n|-crit|p1a: Corviknight\n|-damage|p1a: Corviknight|0 fnt\n|faint|p1a: Corviknight\n|-formechange|p2a: Aegislash|Aegislash-Blade|\n|move|p2a: Aegislash|Poltergeist|p1b: Gardevoir\n|-activate|p1b: Gardevoir|move: Poltergeist|Choice Scarf\n|-supereffective|p1b: Gardevoir|1\n|-damage|p1b: Gardevoir|0 fnt\n|faint|p1b: Gardevoir\n|\n|win|jyotsha\n|raw|something123's rating: 1242 &rarr; <strong>1215</strong><br />(-27 for losing)\n|raw|jyotsha's rating: 1209 &rarr; <strong>1236</strong><br />(+27 for winning)\n",
  "uploadtime": 1775962259,
  "views": 24,
  "formatid": "gen9championsvgc2026regma",
  "rating": 1215,
  "private": 0,
  "password": null
}