{
  "id": "gen9championsvgc2026regma-2582636948",
  "format": "[Gen 9 Champions] VGC 2026 Reg M-A",
  "players": [
    "rFaded",
    "Steeltrainer"
  ],
  "log": "|j|\u2606rFaded\n|j|\u2606Steeltrainer\n|t:|1776104130\n|gametype|doubles\n|player|p1|rFaded|hugh|1120\n|player|p2|Steeltrainer|170|1136\n|gen|9\n|tier|[Gen 9 Champions] VGC 2026 Reg M-A\n|rated|\n|rule|Species Clause: Limit one of each Pok\u00e9mon\n|rule|Item Clause: Limit 1 of each item\n|clearpoke\n|poke|p1|Crabominable, L50, M|\n|poke|p1|Farigiraf, L50, F|\n|poke|p1|Sinistcha, L50|\n|poke|p1|Sneasler, L50, F|\n|poke|p1|Incineroar, L50, M|\n|poke|p1|Basculegion, L50, M|\n|poke|p2|Delphox, L50, F|\n|poke|p2|Garchomp, L50, F|\n|poke|p2|Milotic, L50, F|\n|poke|p2|Aegislash, L50, M|\n|poke|p2|Sneasler, L50, M|\n|poke|p2|Sinistcha, L50|\n|teampreview|4\n|inactive|Battle timer is ON: inactive players will automatically lose when time's up. (requested by rFaded)\n|inactive|Steeltrainer has 60 seconds left.\n|\n|t:|1776104168\n|teamsize|p1|4\n|teamsize|p2|4\n|start\n|switch|p1a: Sneasler|Sneasler, L50, F|100/100\n|switch|p1b: Basculegion|Basculegion, L50, M|100/100\n|switch|p2a: Milotic|Milotic, L50, F|100/100\n|switch|p2b: Sinistcha|Sinistcha, L50|100/100\n|turn|1\n|inactive|rFaded has 30 seconds left.\n|\n|t:|1776104199\n|move|p2b: Sinistcha|Rage Powder|p2b: Sinistcha\n|-singleturn|p2b: Sinistcha|move: Rage Powder\n|move|p1a: Sneasler|Dire Claw|p2b: Sinistcha\n|-damage|p2b: Sinistcha|58/100\n|-status|p2b: Sinistcha|par\n|move|p1b: Basculegion|Flip Turn|p2b: Sinistcha\n|-resisted|p2b: Sinistcha|1\n|-damage|p2b: Sinistcha|43/100 par\n|-enditem|p2b: Sinistcha|Sitrus Berry|[eat]\n|-heal|p2b: Sinistcha|67/100 par|[from] item: Sitrus Berry\n|\n|t:|1776104215\n|switch|p1b: Farigiraf|Farigiraf, L50, F|100/100|[from] Flip Turn\n|move|p2a: Milotic|Coil|p2a: Milotic\n|-boost|p2a: Milotic|atk|1\n|-boost|p2a: Milotic|def|1\n|-boost|p2a: Milotic|accuracy|1\n|\n|upkeep\n|turn|2\n|\n|t:|1776104235\n|move|p1a: Sneasler|Dire Claw|p2b: Sinistcha\n|-damage|p2b: Sinistcha|27/100 par\n|move|p2a: Milotic|Hypnosis|p1b: Farigiraf\n|-status|p1b: Farigiraf|slp|[from] move: Hypnosis\n|move|p2b: Sinistcha|Matcha Gotcha|p1b: Farigiraf|[spread] p1b\n|-miss|p2b: Sinistcha|p1a: Sneasler\n|-damage|p1b: Farigiraf|83/100 slp\n|-heal|p2b: Sinistcha|38/100 par|[from] drain|[of] p1b: Farigiraf\n|cant|p1b: Farigiraf|slp\n|\n|-heal|p1b: Farigiraf|89/100 slp|[from] item: Leftovers\n|upkeep\n|turn|3\n|\n|t:|1776104255\n|move|p1a: Sneasler|Close Combat|p2a: Milotic\n|-damage|p2a: Milotic|60/100\n|-unboost|p1a: Sneasler|def|1\n|-unboost|p1a: Sneasler|spd|1\n|-enditem|p1a: Sneasler|White Herb\n|-clearnegativeboost|p1a: Sneasler|[silent]\n|move|p2a: Milotic|Muddy Water|p1b: Farigiraf|[spread] p1a,p1b\n|-damage|p1a: Sneasler|62/100\n|-damage|p1b: Farigiraf|69/100 slp\n|move|p2b: Sinistcha|Strength Sap|p1a: Sneasler\n|-unboost|p1a: Sneasler|atk|1\n|-heal|p2b: Sinistcha|100/100 par\n|cant|p1b: Farigiraf|slp\n|\n|-heal|p2a: Milotic|66/100|[from] item: Leftovers\n|-heal|p1b: Farigiraf|75/100 slp|[from] item: Leftovers\n|upkeep\n|turn|4\n|\n|t:|1776104278\n|switch|p1a: Crabominable|Crabominable, L50, M|100/100\n|move|p2a: Milotic|Coil|p2a: Milotic\n|-boost|p2a: Milotic|atk|1\n|-boost|p2a: Milotic|def|1\n|-boost|p2a: Milotic|accuracy|1\n|cant|p2b: Sinistcha|par\n|-curestatus|p1b: Farigiraf|slp|[msg]\n|move|p1b: Farigiraf|Trick Room|p1b: Farigiraf\n|-fieldstart|move: Trick Room|[of] p1b: Farigiraf\n|\n|-heal|p1b: Farigiraf|82/100|[from] item: Leftovers\n|-heal|p2a: Milotic|72/100|[from] item: Leftovers\n|upkeep\n|turn|5\n|\n|t:|1776104301\n|detailschange|p1a: Crabominable|Crabominable-Mega, L50, M\n|-mega|p1a: Crabominable|Crabominable|Crabominite\n|move|p2a: Milotic|Protect|p2a: Milotic\n|-singleturn|p2a: Milotic|Protect\n|move|p2b: Sinistcha|Strength Sap|p1a: Crabominable\n|-unboost|p1a: Crabominable|atk|1\n|move|p1a: Crabominable|Ice Punch|p2b: Sinistcha\n|-supereffective|p2b: Sinistcha|1\n|-damage|p2b: Sinistcha|36/100 par\n|move|p1b: Farigiraf|Psychic|p2a: Milotic\n|-activate|p2a: Milotic|move: Protect\n|\n|-heal|p1b: Farigiraf|88/100|[from] item: Leftovers\n|-heal|p2a: Milotic|78/100|[from] item: Leftovers\n|upkeep\n|turn|6\n|\n|t:|1776104322\n|switch|p2b: Aegislash|Aegislash, L50, M|100/100\n|move|p1a: Crabominable|Protect|p1a: Crabominable\n|-singleturn|p1a: Crabominable|Protect\n|move|p1b: Farigiraf|Psychic|p2b: Aegislash\n|-resisted|p2b: Aegislash|1\n|-damage|p2b: Aegislash|89/100\n|move|p2a: Milotic|Hypnosis|p1a: Crabominable\n|-activate|p1a: Crabominable|move: Protect\n|\n|-heal|p1b: Farigiraf|94/100|[from] item: Leftovers\n|-heal|p2a: Milotic|84/100|[from] item: Leftovers\n|upkeep\n|turn|7\n|inactive|rFaded has 30 seconds left.\n|inactive|rFaded has 20 seconds left.\n|\n|t:|1776104358\n|switch|p1a: Sneasler|Sneasler, L50, F|62/100\n|move|p1b: Farigiraf|Protect|p1b: Farigiraf\n|-singleturn|p1b: Farigiraf|Protect\n|-formechange|p2b: Aegislash|Aegislash-Blade|\n|move|p2b: Aegislash|Sacred Sword|p1a: Sneasler\n|-resisted|p1a: Sneasler|1\n|-damage|p1a: Sneasler|34/100\n|move|p2a: Milotic|Muddy Water|p1b: Farigiraf|[spread] p1a\n|-activate|p1b: Farigiraf|move: Protect\n|-damage|p1a: Sneasler|0 fnt\n|faint|p1a: Sneasler\n|\n|-heal|p1b: Farigiraf|99/100|[from] item: Leftovers\n|-heal|p2a: Milotic|90/100|[from] item: Leftovers\n|upkeep\n|\n|t:|1776104376\n|switch|p1a: Basculegion|Basculegion, L50, M|100/100\n|turn|8\n|\n|t:|1776104398\n|-formechange|p2b: Aegislash|Aegislash|\n|move|p2b: Aegislash|King's Shield|p2b: Aegislash\n|-singleturn|p2b: Aegislash|Protect\n|move|p1b: Farigiraf|Psychic|p2a: Milotic\n|-damage|p2a: Milotic|65/100\n|-unboost|p2a: Milotic|spd|1\n|-ability|p2a: Milotic|Competitive|boost\n|-boost|p2a: Milotic|spa|2\n|move|p2a: Milotic|Hypnosis|p1a: Basculegion\n|-status|p1a: Basculegion|slp|[from] move: Hypnosis\n|cant|p1a: Basculegion|slp\n|\n|-heal|p1b: Farigiraf|100/100|[from] item: Leftovers\n|-heal|p2a: Milotic|71/100|[from] item: Leftovers\n|-fieldend|move: Trick Room\n|upkeep\n|turn|9\n|\n|t:|1776104421\n|cant|p1a: Basculegion|slp\n|move|p2a: Milotic|Hypnosis|p1b: Farigiraf\n|-status|p1b: Farigiraf|slp|[from] move: Hypnosis\n|-formechange|p2b: Aegislash|Aegislash-Blade|\n|move|p2b: Aegislash|Poltergeist|p1a: Basculegion\n|-activate|p1a: Basculegion|move: Poltergeist|Mystic Water\n|-supereffective|p1a: Basculegion|1\n|-damage|p1a: Basculegion|0 fnt\n|faint|p1a: Basculegion\n|cant|p1b: Farigiraf|slp\n|\n|-heal|p2a: Milotic|77/100|[from] item: Leftovers\n|upkeep\n|\n|t:|1776104436\n|switch|p1a: Crabominable|Crabominable-Mega, L50, M|100/100\n|turn|10\n|\n|t:|1776104445\n|-formechange|p2b: Aegislash|Aegislash|\n|move|p2b: Aegislash|King's Shield|p2b: Aegislash\n|-singleturn|p2b: Aegislash|Protect\n|move|p1a: Crabominable|Protect|p1a: Crabominable\n|-singleturn|p1a: Crabominable|Protect\n|move|p2a: Milotic|Muddy Water|p1a: Crabominable|[spread] p1b\n|-activate|p1a: Crabominable|move: Protect\n|-damage|p1b: Farigiraf|62/100 slp\n|cant|p1b: Farigiraf|slp\n|\n|-heal|p2a: Milotic|83/100|[from] item: Leftovers\n|-heal|p1b: Farigiraf|68/100 slp|[from] item: Leftovers\n|upkeep\n|turn|11\n|inactive|rFaded has 30 seconds left.\n|\n|t:|1776104479\n|move|p2a: Milotic|Muddy Water|p1b: Farigiraf|[spread] p1a,p1b\n|-crit|p1a: Crabominable\n|-damage|p1a: Crabominable|35/100\n|-damage|p1b: Farigiraf|32/100 slp\n|-unboost|p1a: Crabominable|accuracy|1\n|-formechange|p2b: Aegislash|Aegislash-Blade|\n|move|p2b: Aegislash|Sacred Sword|p1a: Crabominable\n|-supereffective|p1a: Crabominable|1\n|-damage|p1a: Crabominable|0 fnt\n|faint|p1a: Crabominable\n|-curestatus|p1b: Farigiraf|slp|[msg]\n|move|p1b: Farigiraf|Psychic|p2a: Milotic\n|-crit|p2a: Milotic\n|-damage|p2a: Milotic|31/100\n|-unboost|p2a: Milotic|spd|1\n|-ability|p2a: Milotic|Competitive|boost\n|-boost|p2a: Milotic|spa|2\n|\n|-heal|p2a: Milotic|37/100|[from] item: Leftovers\n|-heal|p1b: Farigiraf|38/100|[from] item: Leftovers\n|upkeep\n|turn|12\n|-message|rFaded forfeited.\n|\n|win|Steeltrainer\n|raw|rFaded's rating: 1120 &rarr; <strong>1096</strong><br />(-24 for losing)\n|raw|Steeltrainer's rating: 1136 &rarr; <strong>1160</strong><br />(+24 for winning)\n|l|\u2606rFaded\n|player|p1|\n",
  "uploadtime": 1776104500,
  "views": 40,
  "formatid": "gen9championsvgc2026regma",
  "rating": 1096,
  "private": 0,
  "password": null
}