{
  "id": "gen9championsvgc2026regma-2581437900",
  "format": "[Gen 9 Champions] VGC 2026 Reg M-A",
  "players": [
    "Phoenix360X",
    "soulo333"
  ],
  "log": "|j|\u2606Phoenix360X\n|j|\u2606soulo333\n|t:|1776000388\n|gametype|doubles\n|player|p1|Phoenix360X|acetrainersnow|1171\n|player|p2|soulo333|2|1262\n|gen|9\n|tier|[Gen 9 Champions] VGC 2026 Reg M-A\n|rated|\n|rule|Species Clause: Limit one of each Pok\u00e9mon\n|rule|Item Clause: Limit 1 of each item\n|clearpoke\n|poke|p1|Scizor, L50, F|\n|poke|p1|Incineroar, L50, F|\n|poke|p1|Dragapult, L50, F|\n|poke|p1|Garchomp, L50, F|\n|poke|p1|Milotic, L50, F|\n|poke|p1|Meowscarada, L50, M|\n|poke|p2|Charizard, L50, F|\n|poke|p2|Kingambit, L50, M|\n|poke|p2|Rotom-Wash, L50|\n|poke|p2|Sinistcha, L50|\n|poke|p2|Ninetales-Alola, L50, M|\n|poke|p2|Sneasler, L50, M|\n|teampreview|4\n|\n|t:|1776000429\n|teamsize|p1|4\n|teamsize|p2|4\n|start\n|switch|p1a: Meowscarada|Meowscarada, L50, M|100/100\n|switch|p1b: Incineroar|Incineroar, L50, F|100/100\n|switch|p2a: Ninetales|Ninetales-Alola, L50, M|100/100\n|switch|p2b: Sneasler|Sneasler, L50, M|100/100\n|-weather|Snowscape|[from] ability: Snow Warning|[of] p2a: Ninetales\n|-ability|p1b: Incineroar|Intimidate|boost\n|-unboost|p2a: Ninetales|atk|1\n|-unboost|p2b: Sneasler|atk|1\n|-enditem|p2b: Sneasler|White Herb\n|-clearnegativeboost|p2b: Sneasler|[silent]\n|turn|1\n|\n|t:|1776000464\n|switch|p1a: Scizor|Scizor, L50, F|100/100\n|move|p2b: Sneasler|Fake Out|p1b: Incineroar\n|-damage|p1b: Incineroar|88/100\n|cant|p1b: Incineroar|flinch\n|move|p2a: Ninetales|Icy Wind|p1a: Scizor|[spread] p1a,p1b\n|-resisted|p1a: Scizor|1\n|-resisted|p1b: Incineroar|1\n|-damage|p1a: Scizor|93/100\n|-damage|p1b: Incineroar|82/100\n|-unboost|p1a: Scizor|spe|1\n|-unboost|p1b: Incineroar|spe|1\n|\n|-weather|Snowscape|[upkeep]\n|upkeep\n|turn|2\n|\n|t:|1776000490\n|move|p2b: Sneasler|Close Combat|p1b: Incineroar\n|-supereffective|p1b: Incineroar|1\n|-damage|p1b: Incineroar|0 fnt\n|-unboost|p2b: Sneasler|def|1\n|-unboost|p2b: Sneasler|spd|1\n|faint|p1b: Incineroar\n|move|p2a: Ninetales|Aurora Veil|p2a: Ninetales\n|-sidestart|p2: soulo333|move: Aurora Veil\n|move|p1a: Scizor|Swords Dance|p1a: Scizor\n|-boost|p1a: Scizor|atk|2\n|\n|-weather|Snowscape|[upkeep]\n|upkeep\n|\n|t:|1776000503\n|switch|p1b: Meowscarada|Meowscarada, L50, M|100/100\n|turn|3\n|\n|t:|1776000519\n|move|p1b: Meowscarada|Protect|p1b: Meowscarada\n|-start|p1b: Meowscarada|typechange|Normal|[from] ability: Protean\n|-singleturn|p1b: Meowscarada|Protect\n|move|p1a: Scizor|Bullet Punch|p2a: Ninetales\n|-supereffective|p2a: Ninetales|2\n|-enditem|p2a: Ninetales|Focus Sash\n|-damage|p2a: Ninetales|1/100\n|move|p2b: Sneasler|Close Combat|p1b: Meowscarada\n|-activate|p1b: Meowscarada|move: Protect\n|move|p2a: Ninetales|Icy Wind|p1a: Scizor|[spread] \n|-activate|p1b: Meowscarada|move: Protect\n|-miss|p2a: Ninetales|p1a: Scizor\n|\n|-weather|Snowscape|[upkeep]\n|upkeep\n|turn|4\n|\n|t:|1776000543\n|switch|p1b: Garchomp|Garchomp, L50, F|100/100\n|move|p1a: Scizor|Bullet Punch|p2a: Ninetales\n|-supereffective|p2a: Ninetales|2\n|-damage|p2a: Ninetales|0 fnt\n|faint|p2a: Ninetales\n|move|p2b: Sneasler|Close Combat|p1b: Garchomp\n|-damage|p1b: Garchomp|25/100\n|-unboost|p2b: Sneasler|def|1\n|-unboost|p2b: Sneasler|spd|1\n|-damage|p2b: Sneasler|88/100|[from] ability: Rough Skin|[of] p1b: Garchomp\n|\n|-weather|Snowscape|[upkeep]\n|upkeep\n|\n|t:|1776000550\n|switch|p2a: Rotom|Rotom-Wash, L50|100/100\n|turn|5\n|\n|t:|1776000560\n|switch|p1b: Meowscarada|Meowscarada, L50, M|100/100\n|move|p2b: Sneasler|Protect|p2b: Sneasler\n|-singleturn|p2b: Sneasler|Protect\n|move|p1a: Scizor|Bullet Punch|p2b: Sneasler\n|-activate|p2b: Sneasler|move: Protect\n|move|p2a: Rotom|Hydro Pump|p1b: Meowscarada|[miss]\n|-miss|p2a: Rotom|p1b: Meowscarada\n|\n|-weather|none\n|upkeep\n|turn|6\n|\n|t:|1776000575\n|switch|p2b: Charizard|Charizard, L50, F|100/100\n|move|p1b: Meowscarada|Protect|p1b: Meowscarada\n|-start|p1b: Meowscarada|typechange|Normal|[from] ability: Protean\n|-singleturn|p1b: Meowscarada|Protect\n|move|p1a: Scizor|Bullet Punch|p2b: Charizard\n|-resisted|p2b: Charizard|1\n|-damage|p2b: Charizard|77/100\n|move|p2a: Rotom|Will-O-Wisp|p1a: Scizor\n|-status|p1a: Scizor|brn\n|\n|-damage|p1a: Scizor|87/100 brn|[from] brn\n|-sideend|p2: soulo333|move: Aurora Veil\n|upkeep\n|turn|7\n|\n|t:|1776000599\n|detailschange|p2b: Charizard|Charizard-Mega-X, L50, F\n|-mega|p2b: Charizard|Charizard|Charizardite X\n|move|p1a: Scizor|Protect|p1a: Scizor\n|-singleturn|p1a: Scizor|Protect\n|move|p1b: Meowscarada|Flower Trick|p2b: Charizard\n|-resisted|p2b: Charizard|2\n|-crit|p2b: Charizard\n|-damage|p2b: Charizard|69/100\n|move|p2b: Charizard|Dragon Dance|p2b: Charizard\n|-boost|p2b: Charizard|atk|1\n|-boost|p2b: Charizard|spe|1\n|move|p2a: Rotom|Hydro Pump|p1b: Meowscarada\n|-damage|p1b: Meowscarada|37/100\n|\n|-damage|p1a: Scizor|81/100 brn|[from] brn\n|upkeep\n|turn|8\n|\n|t:|1776000617\n|move|p1a: Scizor|Bullet Punch|p2b: Charizard\n|-resisted|p2b: Charizard|1\n|-damage|p2b: Charizard|55/100\n|move|p2b: Charizard|Dragon Claw|p1b: Meowscarada\n|-damage|p1b: Meowscarada|0 fnt\n|faint|p1b: Meowscarada\n|move|p2a: Rotom|Hydro Pump|p1a: Scizor\n|-damage|p1a: Scizor|32/100 brn\n|\n|-damage|p1a: Scizor|26/100 brn|[from] brn\n|upkeep\n|\n|t:|1776000623\n|switch|p1b: Garchomp|Garchomp, L50, F|25/100\n|turn|9\n|\n|t:|1776000632\n|move|p1a: Scizor|Bullet Punch|p2b: Charizard\n|-resisted|p2b: Charizard|1\n|-crit|p2b: Charizard\n|-damage|p2b: Charizard|33/100\n|move|p1b: Garchomp|Dragon Claw|p2b: Charizard\n|-supereffective|p2b: Charizard|1\n|-damage|p2b: Charizard|0 fnt\n|faint|p2b: Charizard\n|move|p2a: Rotom|Thunderbolt|p1a: Scizor\n|-damage|p1a: Scizor|0 fnt\n|faint|p1a: Scizor\n|\n|upkeep\n|\n|t:|1776000637\n|switch|p2b: Sneasler|Sneasler, L50, M|88/100\n|turn|10\n|-message|Phoenix360X forfeited.\n|\n|win|soulo333\n|raw|Phoenix360X's rating: 1171 &rarr; <strong>1152</strong><br />(-19 for losing)\n|raw|soulo333's rating: 1262 &rarr; <strong>1281</strong><br />(+19 for winning)\n",
  "uploadtime": 1776000641,
  "views": 17,
  "formatid": "gen9championsvgc2026regma",
  "rating": 1152,
  "private": 0,
  "password": null
}