{
  "id": "gen9championsvgc2026regma-2584764083",
  "format": "[Gen 9 Champions] VGC 2026 Reg M-A",
  "players": [
    "breadstickslug",
    "WhimseyVGC"
  ],
  "log": "|j|\u2606breadstickslug\n|j|\u2606WhimseyVGC\n|t:|1776281991\n|gametype|doubles\n|player|p1|breadstickslug|lady-gen4|1106\n|player|p2|WhimseyVGC|101|1191\n|gen|9\n|tier|[Gen 9 Champions] VGC 2026 Reg M-A\n|rated|\n|rule|Species Clause: Limit one of each Pok\u00e9mon\n|rule|Item Clause: Limit 1 of each item\n|clearpoke\n|poke|p1|Skarmory, L50, F|\n|poke|p1|Dragapult, L50, F|\n|poke|p1|Samurott-Hisui, L50, M|\n|poke|p1|Tyranitar, L50, M|\n|poke|p1|Mimikyu, L50, F|\n|poke|p1|Salazzle, L50, F|\n|poke|p2|Dragonite, L50, M|\n|poke|p2|Vivillon, L50, F|\n|poke|p2|Garchomp, L50, F|\n|poke|p2|Kangaskhan, L50, F|\n|poke|p2|Incineroar, L50, F|\n|poke|p2|Aegislash, L50, M|\n|teampreview|4\n|\n|t:|1776282056\n|teamsize|p1|4\n|teamsize|p2|4\n|start\n|switch|p1a: frieza|Skarmory, L50, F|100/100\n|switch|p1b: lasertag pro|Dragapult, L50, F, shiny|100/100\n|switch|p2a: Kangaskhan|Kangaskhan, L50, F|100/100\n|switch|p2b: Dragonite|Dragonite, L50, M|100/100\n|turn|1\n|\n|t:|1776282079\n|switch|p1a: ramiel fan|Tyranitar, L50, M|100/100\n|-weather|Sandstorm|[from] ability: Sand Stream|[of] p1a: ramiel fan\n|move|p1b: lasertag pro|Protect|p1b: lasertag pro\n|-singleturn|p1b: lasertag pro|Protect\n|move|p2a: Kangaskhan|Fake Out|p1b: lasertag pro\n|-activate|p1b: lasertag pro|move: Protect\n|move|p2b: Dragonite|Draco Meteor|p1b: lasertag pro\n|-activate|p1b: lasertag pro|move: Protect\n|\n|-weather|Sandstorm|[upkeep]\n|-damage|p1b: lasertag pro|95/100|[from] Sandstorm\n|-damage|p2a: Kangaskhan|94/100|[from] Sandstorm\n|-damage|p2b: Dragonite|94/100|[from] Sandstorm\n|-heal|p2b: Dragonite|100/100|[from] item: Leftovers\n|upkeep\n|turn|2\n|\n|t:|1776282103\n|switch|p1b: frieza|Skarmory, L50, F|100/100\n|detailschange|p2a: Kangaskhan|Kangaskhan-Mega, L50, F\n|-mega|p2a: Kangaskhan|Kangaskhan|Kangaskhanite\n|move|p2a: Kangaskhan|Drain Punch|p1a: ramiel fan\n|-supereffective|p1a: ramiel fan|2\n|-damage|p1a: ramiel fan|12/100\n|-heal|p2a: Kangaskhan|100/100|[from] drain|[of] p1a: ramiel fan\n|-supereffective|p1a: ramiel fan|2\n|-damage|p1a: ramiel fan|0 fnt\n|faint|p1a: ramiel fan\n|-hitcount|p1: ramiel fan|2\n|move|p2b: Dragonite|Draco Meteor|p1b: frieza\n|-resisted|p1b: frieza|1\n|-damage|p1b: frieza|65/100\n|-unboost|p2b: Dragonite|spa|2\n|\n|-weather|Sandstorm|[upkeep]\n|-damage|p2a: Kangaskhan|94/100|[from] Sandstorm\n|-damage|p2b: Dragonite|94/100|[from] Sandstorm\n|-heal|p2b: Dragonite|100/100|[from] item: Leftovers\n|upkeep\n|\n|t:|1776282118\n|switch|p1a: punchbag bob|Mimikyu, L50, F, shiny|100/100\n|turn|3\n|\n|t:|1776282139\n|switch|p2a: Incineroar|Incineroar, L50, F|100/100\n|-ability|p2a: Incineroar|Intimidate|boost\n|-unboost|p1a: punchbag bob|atk|1\n|-unboost|p1b: frieza|atk|1\n|switch|p2b: Garchomp|Garchomp, L50, F|100/100\n|move|p1b: frieza|Tailwind|p1b: frieza\n|-sidestart|p1: breadstickslug|move: Tailwind\n|move|p1a: punchbag bob|Swords Dance|p1a: punchbag bob\n|-boost|p1a: punchbag bob|atk|2\n|\n|-weather|Sandstorm|[upkeep]\n|-damage|p1a: punchbag bob|94/100|[from] Sandstorm\n|-damage|p2a: Incineroar|95/100|[from] Sandstorm\n|-heal|p1a: punchbag bob|100/100|[from] item: Leftovers\n|upkeep\n|turn|4\n|\n|t:|1776282157\n|move|p2b: Garchomp|Protect|p2b: Garchomp\n|-singleturn|p2b: Garchomp|Protect\n|move|p1b: frieza|Body Press|p2a: Incineroar\n|-supereffective|p2a: Incineroar|1\n|-damage|p2a: Incineroar|45/100\n|-enditem|p2a: Incineroar|Sitrus Berry|[eat]\n|-heal|p2a: Incineroar|70/100|[from] item: Sitrus Berry\n|move|p1a: punchbag bob|Play Rough|p2b: Garchomp\n|-activate|p2b: Garchomp|move: Protect\n|move|p2a: Incineroar|Parting Shot|p1a: punchbag bob\n|-unboost|p1a: punchbag bob|atk|1\n|-unboost|p1a: punchbag bob|spa|1\n|\n|t:|1776282171\n|switch|p2a: Kangaskhan|Kangaskhan-Mega, L50, F|94/100|[from] Parting Shot\n|\n|-weather|Sandstorm|[upkeep]\n|-damage|p1a: punchbag bob|94/100|[from] Sandstorm\n|-damage|p2a: Kangaskhan|88/100|[from] Sandstorm\n|-heal|p1a: punchbag bob|100/100|[from] item: Leftovers\n|upkeep\n|turn|5\n|\n|t:|1776282189\n|switch|p2a: Incineroar|Incineroar, L50, F|70/100\n|-ability|p2a: Incineroar|Intimidate|boost\n|-unboost|p1a: punchbag bob|atk|1\n|-unboost|p1b: frieza|atk|1\n|move|p1b: frieza|Body Press|p2a: Incineroar\n|-supereffective|p2a: Incineroar|1\n|-damage|p2a: Incineroar|19/100\n|move|p1a: punchbag bob|Swords Dance|p1a: punchbag bob\n|-boost|p1a: punchbag bob|atk|2\n|move|p2b: Garchomp|Earthquake|p1b: frieza|[spread] p2a,p1a\n|-immune|p1b: frieza\n|-supereffective|p2a: Incineroar|1\n|-damage|p2a: Incineroar|0 fnt\n|-activate|p1a: punchbag bob|ability: Disguise\n|-damage|p1a: punchbag bob|100/100\n|detailschange|p1a: punchbag bob|Mimikyu-Busted, L50, F, shiny\n|-damage|p1a: punchbag bob|88/100|[from] pokemon: Mimikyu-Busted\n|faint|p2a: Incineroar\n|\n|-weather|none\n|-heal|p1a: punchbag bob|94/100|[from] item: Leftovers\n|upkeep\n|\n|t:|1776282206\n|switch|p2a: Dragonite|Dragonite, L50, M|100/100\n|turn|6\n|\n|t:|1776282229\n|move|p2b: Garchomp|Protect|p2b: Garchomp\n|-singleturn|p2b: Garchomp|Protect\n|move|p1b: frieza|Iron Head|p2b: Garchomp\n|-activate|p2b: Garchomp|move: Protect\n|move|p1a: punchbag bob|Play Rough|p2a: Dragonite\n|-supereffective|p2a: Dragonite|1\n|-damage|p2a: Dragonite|0 fnt\n|faint|p2a: Dragonite\n|\n|-heal|p1a: punchbag bob|100/100|[from] item: Leftovers\n|-sideend|p1: breadstickslug|move: Tailwind\n|upkeep\n|\n|t:|1776282236\n|switch|p2a: Kangaskhan|Kangaskhan-Mega, L50, F|88/100\n|turn|7\n|\n|t:|1776282251\n|move|p2a: Kangaskhan|Fake Out|p1b: frieza\n|-resisted|p1b: frieza|1\n|-damage|p1b: frieza|56/100\n|-resisted|p1b: frieza|1\n|-crit|p1b: frieza\n|-damage|p1b: frieza|53/100\n|-hitcount|p1b: frieza|2\n|move|p2b: Garchomp|Swords Dance|p2b: Garchomp\n|-boost|p2b: Garchomp|atk|2\n|cant|p1b: frieza|flinch\n|move|p1a: punchbag bob|Play Rough|p2b: Garchomp\n|-supereffective|p2b: Garchomp|1\n|-damage|p2b: Garchomp|0 fnt\n|-damage|p1a: punchbag bob|88/100|[from] ability: Rough Skin|[of] p2b: Garchomp\n|faint|p2b: Garchomp\n|\n|-heal|p1a: punchbag bob|94/100|[from] item: Leftovers\n|upkeep\n|turn|8\n|-message|WhimseyVGC forfeited.\n|\n|win|breadstickslug\n|raw|breadstickslug's rating: 1106 &rarr; <strong>1137</strong><br />(+31 for winning)\n|raw|WhimseyVGC's rating: 1191 &rarr; <strong>1160</strong><br />(-31 for losing)\n|l|\u2606WhimseyVGC\n|player|p2|\n",
  "uploadtime": 1776282294,
  "views": 27,
  "formatid": "gen9championsvgc2026regma",
  "rating": 1137,
  "private": 0,
  "password": null
}