{
  "id": "gen9championsvgc2026regma-2580902513",
  "format": "[Gen 9 Champions] VGC 2026 Reg M-A",
  "players": [
    "ppppoooo111",
    "miseria010"
  ],
  "log": "|j|\u2606ppppoooo111\n|j|\u2606miseria010\n|t:|1775941907\n|gametype|doubles\n|player|p1|ppppoooo111|skyla|1000\n|player|p2|miseria010|unknown|1000\n|gen|9\n|tier|[Gen 9 Champions] VGC 2026 Reg M-A\n|rated|\n|rule|Species Clause: Limit one of each Pok\u00e9mon\n|rule|Item Clause: Limit 1 of each item\n|clearpoke\n|poke|p1|Chandelure, L50, F|\n|poke|p1|Torkoal, L50, F|\n|poke|p1|Whimsicott, L50, F|\n|poke|p1|Venusaur, L50, M|\n|poke|p1|Talonflame, L50, F|\n|poke|p1|Meowscarada, L50, M|\n|poke|p2|Charizard, L50, M|\n|poke|p2|Venusaur, L50, M|\n|poke|p2|Garchomp, L50, M|\n|poke|p2|Incineroar, L50, M|\n|poke|p2|Conkeldurr, L50, M|\n|poke|p2|Whimsicott, L50, F|\n|teampreview|4\n|inactive|Battle timer is ON: inactive players will automatically lose when time's up. (requested by ppppoooo111)\n|inactive|ppppoooo111 has 60 seconds left.\n|\n|t:|1775941946\n|teamsize|p1|4\n|teamsize|p2|4\n|start\n|switch|p1a: Whimsicott|Whimsicott, L50, F, shiny|100/100\n|switch|p1b: Venusaur|Venusaur, L50, M|100/100\n|switch|p2a: Charizard|Charizard, L50, M, shiny|100/100\n|switch|p2b: Whimsicott|Whimsicott, L50, F|100/100\n|turn|1\n|\n|t:|1775941962\n|move|p1a: Whimsicott|Tailwind|p1a: Whimsicott\n|-sidestart|p1: ppppoooo111|move: Tailwind\n|move|p2b: Whimsicott|Tailwind|p2b: Whimsicott\n|-sidestart|p2: miseria010|move: Tailwind\n|move|p2a: Charizard|Heat Wave|p1b: Venusaur|[spread] p1a,p1b\n|-supereffective|p1a: Whimsicott|1\n|-supereffective|p1b: Venusaur|1\n|-enditem|p1a: Whimsicott|Focus Sash\n|-damage|p1a: Whimsicott|1/100\n|-damage|p1b: Venusaur|27/100\n|-status|p1b: Venusaur|brn\n|move|p1b: Venusaur|Sleep Powder|p2a: Charizard|[miss]\n|-miss|p1b: Venusaur|p2a: Charizard\n|\n|-damage|p1b: Venusaur|21/100 brn|[from] brn\n|upkeep\n|turn|2\n|inactive|ppppoooo111 has 30 seconds left.\n|\n|t:|1775941989\n|switch|p1a: Chandelure|Chandelure, L50, F, shiny|100/100\n|move|p2b: Whimsicott|Moonblast|p1a: Chandelure\n|-resisted|p1a: Chandelure|1\n|-damage|p1a: Chandelure|73/100\n|move|p2a: Charizard|Flamethrower|p1b: Venusaur\n|-supereffective|p1b: Venusaur|1\n|-crit|p1b: Venusaur\n|-damage|p1b: Venusaur|0 fnt\n|faint|p1b: Venusaur\n|\n|upkeep\n|\n|t:|1775941997\n|switch|p1b: Torkoal|Torkoal, L50, F|100/100\n|-weather|SunnyDay|[from] ability: Drought|[of] p1b: Torkoal\n|turn|3\n|\n|t:|1775942020\n|switch|p2b: Incineroar|Incineroar, L50, M, shiny|100/100\n|-ability|p2b: Incineroar|Intimidate|boost\n|-unboost|p1a: Chandelure|atk|1\n|-unboost|p1b: Torkoal|atk|1\n|detailschange|p2a: Charizard|Charizard-Mega-Y, L50, M, shiny\n|-mega|p2a: Charizard|Charizard|Charizardite Y\n|detailschange|p1a: Chandelure|Chandelure-Mega, L50, F, shiny\n|-mega|p1a: Chandelure|Chandelure|Chandelurite\n|move|p2a: Charizard|Flamethrower|p1b: Torkoal\n|-resisted|p1b: Torkoal|1\n|-damage|p1b: Torkoal|45/100\n|-enditem|p1b: Torkoal|Sitrus Berry|[eat]\n|-heal|p1b: Torkoal|70/100|[from] item: Sitrus Berry\n|move|p1a: Chandelure|Calm Mind|p1a: Chandelure\n|-boost|p1a: Chandelure|spa|1\n|-boost|p1a: Chandelure|spd|1\n|move|p1b: Torkoal|Ancient Power|p2a: Charizard\n|-supereffective|p2a: Charizard|2\n|-damage|p2a: Charizard|33/100\n|\n|-weather|SunnyDay|[upkeep]\n|upkeep\n|turn|4\n|inactive|ppppoooo111 has 30 seconds left.\n|inactive|ppppoooo111 has 20 seconds left.\n|inactive|ppppoooo111 has 15 seconds left.\n|\n|t:|1775942061\n|move|p2a: Charizard|Protect|p2a: Charizard\n|-singleturn|p2a: Charizard|Protect\n|move|p1a: Chandelure|Shadow Ball|p2b: Incineroar\n|-resisted|p2b: Incineroar|1\n|-damage|p2b: Incineroar|67/100\n|move|p2b: Incineroar|Throat Chop|p1a: Chandelure\n|-supereffective|p1a: Chandelure|1\n|-damage|p1a: Chandelure|0 fnt\n|faint|p1a: Chandelure\n|move|p1b: Torkoal|Ancient Power|p2a: Charizard\n|-activate|p2a: Charizard|move: Protect\n|\n|-weather|SunnyDay|[upkeep]\n|-sideend|p2: miseria010|move: Tailwind\n|-sideend|p1: ppppoooo111|move: Tailwind\n|upkeep\n|\n|t:|1775942070\n|switch|p1a: Whimsicott|Whimsicott, L50, F, shiny|1/100\n|turn|5\n|-message|ppppoooo111 forfeited.\n|\n|win|miseria010\n|raw|ppppoooo111's rating: 1000 &rarr; <strong>1000</strong><br />(+0 for losing)\n|raw|miseria010's rating: 1000 &rarr; <strong>1040</strong><br />(+40 for winning)\n|l|\u2606ppppoooo111\n|player|p1|\n",
  "uploadtime": 1775942184,
  "views": 34,
  "formatid": "gen9championsvgc2026regma",
  "rating": 1000,
  "private": 0,
  "password": null
}