{
  "id": "gen9championsvgc2026regma-2581268584",
  "format": "[Gen 9 Champions] VGC 2026 Reg M-A",
  "players": [
    "ElectroDrift111",
    "sdfgg"
  ],
  "log": "|j|\u2606ElectroDrift111\n|j|\u2606sdfgg\n|t:|1775978926\n|gametype|doubles\n|player|p1|ElectroDrift111|roxie|1081\n|player|p2|sdfgg|cynthia-gen4|1180\n|gen|9\n|tier|[Gen 9 Champions] VGC 2026 Reg M-A\n|rated|\n|rule|Species Clause: Limit one of each Pok\u00e9mon\n|rule|Item Clause: Limit 1 of each item\n|clearpoke\n|poke|p1|Maushold, L50|\n|poke|p1|Floette-Eternal, L50, F|\n|poke|p1|Garchomp, L50, F|\n|poke|p1|Talonflame, L50, M|\n|poke|p1|Rotom-Wash, L50|\n|poke|p1|Aegislash, L50, M|\n|poke|p2|Gengar, L50, F|\n|poke|p2|Dragapult, L50, M|\n|poke|p2|Milotic, L50, M|\n|poke|p2|Incineroar, L50, M|\n|poke|p2|Altaria, L50, M|\n|poke|p2|Sinistcha, L50|\n|teampreview|4\nsdfgg rejected open team sheets.\n|inactive|Battle timer is ON: inactive players will automatically lose when time's up. (requested by sdfgg)\n|\n|t:|1775978991\n|teamsize|p1|4\n|teamsize|p2|4\n|start\n|switch|p1a: Captain Sword|Aegislash, L50, M|100/100\n|switch|p1b: Lider|Maushold, L50|100/100\n|switch|p2a: Gengar|Gengar, L50, F|100/100\n|switch|p2b: Incineroar|Incineroar, L50, M|100/100\n|-ability|p2b: Incineroar|Intimidate|boost\n|-unboost|p1a: Captain Sword|atk|1\n|-unboost|p1b: Lider|atk|1\n|turn|1\n|inactiveoff|Battle timer is now OFF.\n|inactive|Battle timer is ON: inactive players will automatically lose when time's up. (requested by ElectroDrift111)\n|\n|t:|1775979039\n|detailschange|p2a: Gengar|Gengar-Mega, L50, F\n|-mega|p2a: Gengar|Gengar|Gengarite\n|move|p1b: Lider|Protect|p1b: Lider\n|-singleturn|p1b: Lider|Protect\n|move|p2a: Gengar|Protect|p2a: Gengar\n|-singleturn|p2a: Gengar|Protect\n|move|p1a: Captain Sword|King's Shield|p1a: Captain Sword\n|-singleturn|p1a: Captain Sword|Protect\n|move|p2b: Incineroar|Flare Blitz|p1a: Captain Sword\n|-activate|p1a: Captain Sword|move: Protect\n|-unboost|p2b: Incineroar|atk|1\n|\n|upkeep\n|turn|2\n|\n|t:|1775979060\n|switch|p2a: Milotic|Milotic, L50, M|100/100\n|move|p1b: Lider|Follow Me|p1b: Lider\n|-singleturn|p1b: Lider|move: Follow Me\n|-formechange|p1a: Captain Sword|Aegislash-Blade|\n|move|p1a: Captain Sword|Poltergeist|p2a: Milotic|[miss]\n|-miss|p1a: Captain Sword|p2a: Milotic\n|move|p2b: Incineroar|Parting Shot|p1b: Lider\n|-unboost|p1b: Lider|atk|1\n|-unboost|p1b: Lider|spa|1\n|\n|t:|1775979075\n|switch|p2b: Gengar|Gengar-Mega, L50, F|100/100|[from] Parting Shot\n|\n|upkeep\n|turn|3\n|\n|t:|1775979091\n|switch|p2b: Incineroar|Incineroar, L50, M|100/100\n|-ability|p2b: Incineroar|Intimidate|boost\n|-unboost|p1a: Captain Sword|atk|1\n|-unboost|p1b: Lider|atk|1\n|move|p1b: Lider|Protect|p1b: Lider\n|-singleturn|p1b: Lider|Protect\n|-formechange|p1a: Captain Sword|Aegislash|\n|move|p1a: Captain Sword|King's Shield|p1a: Captain Sword\n|-singleturn|p1a: Captain Sword|Protect\n|move|p2a: Milotic|Scald|p1b: Lider\n|-activate|p1b: Lider|move: Protect\n|\n|upkeep\n|turn|4\n|inactive|sdfgg has 30 seconds left.\n|\n|t:|1775979120\n|switch|p1a: Wash|Rotom-Wash, L50|100/100\n|move|p1b: Lider|Taunt|p2b: Incineroar\n|-start|p2b: Incineroar|move: Taunt\n|move|p2a: Milotic|Flip Turn|p1b: Lider\n|-damage|p1b: Lider|84/100\n|\n|t:|1775979127\n|switch|p2a: Gengar|Gengar-Mega, L50, F|100/100|[from] Flip Turn\n|move|p2b: Incineroar|Flare Blitz|p1a: Wash\n|-resisted|p1a: Wash|1\n|-damage|p1a: Wash|81/100\n|-damage|p2b: Incineroar|96/100|[from] Recoil\n|\n|upkeep\n|turn|5\n|\n|t:|1775979152\n|switch|p2b: Sinistcha|Sinistcha, L50|100/100\n|move|p2a: Gengar|Protect|p2a: Gengar\n|-singleturn|p2a: Gengar|Protect\n|move|p1b: Lider|Super Fang|p2b: Sinistcha\n|-immune|p2b: Sinistcha\n|move|p1a: Wash|Thunderbolt|p2a: Gengar\n|-activate|p2a: Gengar|move: Protect\n|\n|upkeep\n|turn|6\n|\n|t:|1775979167\n|move|p1b: Lider|Follow Me|p1b: Lider\n|-singleturn|p1b: Lider|move: Follow Me\n|move|p2b: Sinistcha|Rage Powder|p2b: Sinistcha\n|-singleturn|p2b: Sinistcha|move: Rage Powder\n|move|p2a: Gengar|Perish Song|p2a: Gengar\n|-start|p1a: Wash|perish3|[silent]\n|-start|p1b: Lider|perish3|[silent]\n|-start|p2a: Gengar|perish3|[silent]\n|-start|p2b: Sinistcha|perish3|[silent]\n|-fieldactivate|move: Perish Song\n|move|p1a: Wash|Volt Switch|p2b: Sinistcha\n|-resisted|p2b: Sinistcha|1\n|-damage|p2b: Sinistcha|84/100\n|\n|t:|1775979175\n|switch|p1a: Captain Sword|Aegislash, L50, M|100/100|[from] Volt Switch\n|\n|-start|p1b: Lider|perish3\n|-start|p2a: Gengar|perish3\n|-start|p2b: Sinistcha|perish3\n|upkeep\n|turn|7\n|inactive|ElectroDrift111 has 30 seconds left.\n|inactive|ElectroDrift111 has 20 seconds left.\n|inactive|ElectroDrift111 has 15 seconds left.\n|\n|t:|1775979217\n|switch|p2b: Incineroar|Incineroar, L50, M|96/100\n|-ability|p2b: Incineroar|Intimidate|boost\n|-unboost|p1a: Captain Sword|atk|1\n|-unboost|p1b: Lider|atk|1\n|move|p2a: Gengar|Protect|p2a: Gengar\n|-singleturn|p2a: Gengar|Protect\n|move|p1b: Lider|Taunt|p2b: Incineroar\n|-start|p2b: Incineroar|move: Taunt\n|-formechange|p1a: Captain Sword|Aegislash-Blade|\n|move|p1a: Captain Sword|Poltergeist|p2b: Incineroar\n|-activate|p2b: Incineroar|move: Poltergeist|Sitrus Berry\n|-resisted|p2b: Incineroar|1\n|-damage|p2b: Incineroar|71/100\n|\n|-start|p1b: Lider|perish2\n|-start|p2a: Gengar|perish2\n|upkeep\n|turn|8\n|inactive|sdfgg has 30 seconds left.\n|inactive|sdfgg has 20 seconds left.\n|inactive|sdfgg has 15 seconds left.\n|inactive|sdfgg has 10 seconds left.\n|inactive|sdfgg has 5 seconds left.\n|\n|t:|1775979270\n|move|p1b: Lider|Follow Me|p1b: Lider\n|-singleturn|p1b: Lider|move: Follow Me\n|move|p2a: Gengar|Disable|p1b: Lider\n|-start|p1b: Lider|Disable|Follow Me\n|move|p1a: Captain Sword|Poltergeist|p2a: Gengar|[miss]\n|-miss|p1a: Captain Sword|p2a: Gengar\n|move|p2b: Incineroar|Flare Blitz|p1b: Lider\n|-damage|p1b: Lider|23/100\n|-damage|p2b: Incineroar|53/100|[from] Recoil\n|\n|-start|p1b: Lider|perish1\n|-start|p2a: Gengar|perish1\n|upkeep\n|turn|9\n|inactive|ElectroDrift111 has 30 seconds left.\n|inactive|ElectroDrift111 has 20 seconds left.\n|\n|t:|1775979306\n|switch|p2a: Milotic|Milotic, L50, M|100/100\n|-formechange|p1a: Captain Sword|Aegislash|\n|move|p1a: Captain Sword|King's Shield|p1a: Captain Sword\n|-singleturn|p1a: Captain Sword|Protect\n|move|p1b: Lider|Super Fang|p2b: Incineroar\n|-damage|p2b: Incineroar|27/100\n|-enditem|p2b: Incineroar|Sitrus Berry|[eat]\n|-heal|p2b: Incineroar|51/100|[from] item: Sitrus Berry\n|move|p2b: Incineroar|Flare Blitz|p1a: Captain Sword\n|-activate|p1a: Captain Sword|move: Protect\n|-unboost|p2b: Incineroar|atk|1\n|\n|-end|p2b: Incineroar|move: Taunt\n|-start|p1b: Lider|perish0\n|faint|p1b: Lider\n|upkeep\n|\n|t:|1775979321\n|switch|p1b: Dolia|Floette-Eternal, L50, F|100/100\n|turn|10\n|\n|t:|1775979343\n|switch|p1a: Wash|Rotom-Wash, L50|81/100\n|detailschange|p1b: Dolia|Floette-Mega, L50, F\n|-mega|p1b: Dolia|Floette|Floettite\n|-ability|p1b: Dolia|Fairy Aura\n|move|p1b: Dolia|Protect|p1b: Dolia\n|-singleturn|p1b: Dolia|Protect\n|move|p2a: Milotic|Flip Turn|p1a: Wash\n|-resisted|p1a: Wash|1\n|-damage|p1a: Wash|74/100\n|\n|t:|1775979353\n|switch|p2a: Gengar|Gengar-Mega, L50, F|100/100|[from] Flip Turn\n|move|p2b: Incineroar|Parting Shot|p1b: Dolia\n|-activate|p1b: Dolia|move: Protect\n|\n|upkeep\n|turn|11\n|\n|t:|1775979369\n|switch|p2b: Sinistcha|Sinistcha, L50|84/100\n|move|p2a: Gengar|Protect|p2a: Gengar\n|-singleturn|p2a: Gengar|Protect\n|move|p1b: Dolia|Calm Mind|p1b: Dolia\n|-boost|p1b: Dolia|spa|1\n|-boost|p1b: Dolia|spd|1\n|move|p1a: Wash|Hydro Pump|p2b: Sinistcha\n|-resisted|p2b: Sinistcha|1\n|-damage|p2b: Sinistcha|58/100\n|\n|upkeep\n|turn|12\n|\n|t:|1775979388\n|move|p2b: Sinistcha|Rage Powder|p2b: Sinistcha\n|-singleturn|p2b: Sinistcha|move: Rage Powder\n|move|p2a: Gengar|Perish Song|p2a: Gengar\n|-start|p1a: Wash|perish3|[silent]\n|-start|p1b: Dolia|perish3|[silent]\n|-start|p2a: Gengar|perish3|[silent]\n|-start|p2b: Sinistcha|perish3|[silent]\n|-fieldactivate|move: Perish Song\n|move|p1b: Dolia|Moonblast|p2b: Sinistcha|[miss]\n|-miss|p1b: Dolia|p2b: Sinistcha\n|move|p1a: Wash|Volt Switch|p2b: Sinistcha\n|-resisted|p2b: Sinistcha|1\n|-damage|p2b: Sinistcha|40/100\n|\n|t:|1775979397\n|switch|p1a: Captain Sword|Aegislash, L50, M|100/100|[from] Volt Switch\n|\n|-start|p2a: Gengar|perish3\n|-start|p1b: Dolia|perish3\n|-start|p2b: Sinistcha|perish3\n|upkeep\n|turn|13\n|\n|t:|1775979427\n|move|p2a: Gengar|Protect|p2a: Gengar\n|-singleturn|p2a: Gengar|Protect\n|move|p1b: Dolia|Calm Mind|p1b: Dolia\n|-boost|p1b: Dolia|spa|1\n|-boost|p1b: Dolia|spd|1\n|move|p2b: Sinistcha|Strength Sap|p1a: Captain Sword\n|-unboost|p1a: Captain Sword|atk|1\n|-heal|p2b: Sinistcha|100/100\n|-formechange|p1a: Captain Sword|Aegislash-Blade|\n|move|p1a: Captain Sword|Poltergeist|p2b: Sinistcha|[miss]\n|-miss|p1a: Captain Sword|p2b: Sinistcha\n|\n|-start|p2a: Gengar|perish2\n|-start|p1b: Dolia|perish2\n|-start|p2b: Sinistcha|perish2\n|upkeep\n|turn|14\n|inactive|sdfgg has 30 seconds left.\n|inactive|sdfgg has 20 seconds left.\n|inactive|sdfgg has 15 seconds left.\n|inactive|sdfgg has 10 seconds left.\n|\n|t:|1775979473\n|move|p2b: Sinistcha|Rage Powder|p2b: Sinistcha\n|-singleturn|p2b: Sinistcha|move: Rage Powder\n|move|p2a: Gengar|Sludge Bomb|p1b: Dolia\n|-supereffective|p1b: Dolia|1\n|-damage|p1b: Dolia|64/100\n|-status|p1b: Dolia|psn\n|move|p1b: Dolia|Moonblast|p2b: Sinistcha\n|-damage|p2b: Sinistcha|0 fnt\n|faint|p2b: Sinistcha\n|move|p1a: Captain Sword|Poltergeist|p2a: Gengar\n|-activate|p2a: Gengar|move: Poltergeist|Gengarite\n|-supereffective|p2a: Gengar|1\n|-damage|p2a: Gengar|0 fnt\n|faint|p2a: Gengar\n|\n|-damage|p1b: Dolia|52/100 psn|[from] psn\n|-start|p1b: Dolia|perish1\n|upkeep\n|\n|t:|1775979485\n|switch|p2a: Milotic|Milotic, L50, M|100/100\n|switch|p2b: Incineroar|Incineroar, L50, M|51/100\n|-ability|p2b: Incineroar|Intimidate|boost\n|-unboost|p1a: Captain Sword|atk|1\n|-unboost|p1b: Dolia|atk|1\n|turn|15\n|\n|t:|1775979500\n|switch|p1a: Wash|Rotom-Wash, L50|74/100\n|move|p1b: Dolia|Protect|p1b: Dolia\n|-singleturn|p1b: Dolia|Protect\n|move|p2a: Milotic|Scald|p1b: Dolia\n|-activate|p1b: Dolia|move: Protect\n|move|p2b: Incineroar|Flare Blitz|p1a: Wash\n|-resisted|p1a: Wash|1\n|-damage|p1a: Wash|48/100\n|-enditem|p1a: Wash|Sitrus Berry|[eat]\n|-heal|p1a: Wash|73/100|[from] item: Sitrus Berry\n|-damage|p2b: Incineroar|45/100|[from] Recoil\n|\n|-damage|p1b: Dolia|40/100 psn|[from] psn\n|-start|p1b: Dolia|perish0\n|faint|p1b: Dolia\n|upkeep\n|\n|t:|1775979515\n|switch|p1b: Captain Sword|Aegislash, L50, M|100/100\n|turn|16\n|\n|t:|1775979530\n|move|p1b: Captain Sword|King's Shield|p1b: Captain Sword\n|-singleturn|p1b: Captain Sword|Protect\n|move|p1a: Wash|Thunderbolt|p2a: Milotic\n|-supereffective|p2a: Milotic|1\n|-damage|p2a: Milotic|35/100\n|move|p2a: Milotic|Life Dew|p2a: Milotic|[spread] p2a,p2b\n|-heal|p2a: Milotic|60/100\n|-heal|p2b: Incineroar|70/100\n|move|p2b: Incineroar|Parting Shot|p1a: Wash\n|-unboost|p1a: Wash|atk|1\n|-unboost|p1a: Wash|spa|1\n|\n|-heal|p2a: Milotic|66/100|[from] item: Leftovers\n|upkeep\n|turn|17\n|\n|t:|1775979554\n|move|p1a: Wash|Thunderbolt|p2a: Milotic\n|-supereffective|p2a: Milotic|1\n|-damage|p2a: Milotic|25/100\n|move|p2a: Milotic|Life Dew|p2a: Milotic|[spread] p2a,p2b\n|-heal|p2a: Milotic|50/100\n|-heal|p2b: Incineroar|95/100\n|-formechange|p1b: Captain Sword|Aegislash-Blade|\n|move|p1b: Captain Sword|Poltergeist|p2a: Milotic\n|-activate|p2a: Milotic|move: Poltergeist|Leftovers\n|-damage|p2a: Milotic|0 fnt\n|faint|p2a: Milotic\n|move|p2b: Incineroar|Flare Blitz|p1b: Captain Sword\n|-supereffective|p1b: Captain Sword|1\n|-damage|p1b: Captain Sword|0 fnt\n|faint|p1b: Captain Sword\n|-damage|p2b: Incineroar|68/100|[from] Recoil\n|\n|upkeep\n|turn|18\n|\n|t:|1775979573\n|move|p1a: Wash|Hydro Pump|p2b: Incineroar\n|-supereffective|p2b: Incineroar|1\n|-damage|p2b: Incineroar|16/100\n|move|p2b: Incineroar|Flare Blitz|p1a: Wash\n|-resisted|p1a: Wash|1\n|-crit|p1a: Wash\n|-damage|p1a: Wash|37/100\n|-damage|p2b: Incineroar|7/100|[from] Recoil\n|\n|upkeep\n|turn|19\n|\n|t:|1775979583\n|move|p1a: Wash|Thunderbolt|p2b: Incineroar\n|-damage|p2b: Incineroar|0 fnt\n|faint|p2b: Incineroar\n|\n|win|ElectroDrift111\n|raw|ElectroDrift111's rating: 1081 &rarr; <strong>1117</strong><br />(+36 for winning)\n|raw|sdfgg's rating: 1180 &rarr; <strong>1148</strong><br />(-32 for losing)\n|l|\u2606sdfgg\n|player|p2|\n",
  "uploadtime": 1775979597,
  "views": 18,
  "formatid": "gen9championsvgc2026regma",
  "rating": 1117,
  "private": 0,
  "password": null
}