{
  "id": "gen9championsvgc2026regma-2586762032",
  "format": "[Gen 9 Champions] VGC 2026 Reg M-A",
  "players": [
    "stargoggles",
    "xitem"
  ],
  "log": "|j|\u2606stargoggles\n|j|\u2606xitem\n|t:|1776457887\n|gametype|doubles\n|player|p1|stargoggles|170|1207\n|player|p2|xitem|baker|1152\n|gen|9\n|tier|[Gen 9 Champions] VGC 2026 Reg M-A\n|rated|\n|rule|Species Clause: Limit one of each Pok\u00e9mon\n|rule|Item Clause: Limit 1 of each item\n|clearpoke\n|poke|p1|Tyranitar, L50, F|\n|poke|p1|Delphox, L50, M|\n|poke|p1|Corviknight, L50, M|\n|poke|p1|Sneasler, L50, F|\n|poke|p1|Basculegion, L50, M|\n|poke|p1|Sinistcha, L50|\n|poke|p2|Starmie, L50|\n|poke|p2|Maushold, L50|\n|poke|p2|Incineroar, L50, M|\n|poke|p2|Rotom-Wash, L50|\n|poke|p2|Kingambit, L50, F|\n|poke|p2|Diggersby, L50, F|\n|teampreview|4\n|inactive|Battle timer is ON: inactive players will automatically lose when time's up. (requested by xitem)\n|\n|t:|1776457934\n|teamsize|p1|4\n|teamsize|p2|4\n|start\n|switch|p1a: Sneasler|Sneasler, L50, F|100/100\n|switch|p1b: Basculegion|Basculegion, L50, M|100/100\n|switch|p2a: Diggersby|Diggersby, L50, F|100/100\n|switch|p2b: Incineroar|Incineroar, L50, M|100/100\n|-ability|p2b: Incineroar|Intimidate|boost\n|-unboost|p1a: Sneasler|atk|1\n|-unboost|p1b: Basculegion|atk|1\n|-enditem|p1a: Sneasler|White Herb\n|-clearnegativeboost|p1a: Sneasler|[silent]\n|turn|1\n|inactive|stargoggles has 30 seconds left.\n|\n|t:|1776457962\n|switch|p1a: Corviknight|Corviknight, L50, M|100/100\n|move|p2b: Incineroar|Fake Out|p1a: Corviknight\n|-resisted|p1a: Corviknight|1\n|-damage|p1a: Corviknight|97/100\n|move|p1b: Basculegion|Flip Turn|p2a: Diggersby\n|-supereffective|p2a: Diggersby|1\n|-damage|p2a: Diggersby|34/100\n|\n|t:|1776457973\n|switch|p1b: Sneasler|Sneasler, L50, F|100/100|[from] Flip Turn\n|move|p2a: Diggersby|U-turn|p1b: Sneasler\n|-resisted|p1b: Sneasler|2\n|-damage|p1b: Sneasler|88/100\n|\n|t:|1776457980\n|switch|p2a: Starmie|Starmie, L50|100/100|[from] U-turn\n|\n|-heal|p1a: Corviknight|100/100|[from] item: Leftovers\n|upkeep\n|turn|2\n|\n|t:|1776458000\n|move|p2a: Starmie|Protect|p2a: Starmie\n|-singleturn|p2a: Starmie|Protect\n|move|p1b: Sneasler|Fake Out|p2a: Starmie\n|-activate|p2a: Starmie|move: Protect\n|move|p1a: Corviknight|Tailwind|p1a: Corviknight\n|-sidestart|p1: stargoggles|move: Tailwind\n|move|p2b: Incineroar|Will-O-Wisp|p1a: Corviknight|[miss]\n|-miss|p2b: Incineroar|p1a: Corviknight\n|\n|upkeep\n|turn|3\n|inactive|stargoggles has 30 seconds left.\n|inactive|xitem has 30 seconds left.\n|\n|t:|1776458027\n|detailschange|p2a: Starmie|Starmie-Mega, L50\n|-mega|p2a: Starmie|Starmie|Starminite\n|move|p1b: Sneasler|Close Combat|p2b: Incineroar\n|-supereffective|p2b: Incineroar|1\n|-damage|p2b: Incineroar|5/100\n|-unboost|p1b: Sneasler|def|1\n|-unboost|p1b: Sneasler|spd|1\n|-enditem|p2b: Incineroar|Sitrus Berry|[eat]\n|-heal|p2b: Incineroar|30/100|[from] item: Sitrus Berry\n|move|p2a: Starmie|Psycho Cut|p1b: Sneasler\n|-supereffective|p1b: Sneasler|2\n|-damage|p1b: Sneasler|0 fnt\n|faint|p1b: Sneasler\n|move|p1a: Corviknight|Brave Bird|p2a: Starmie\n|-damage|p2a: Starmie|57/100\n|-damage|p1a: Corviknight|89/100|[from] Recoil\n|move|p2b: Incineroar|Will-O-Wisp|p1a: Corviknight\n|-status|p1a: Corviknight|brn\n|\n|-heal|p1a: Corviknight|95/100 brn|[from] item: Leftovers\n|-damage|p1a: Corviknight|89/100 brn|[from] brn\n|upkeep\n|\n|t:|1776458042\n|switch|p1b: Sinistcha|Sinistcha, L50|100/100\n|-heal|p1a: Corviknight|100/100 brn|[from] ability: Hospitality|[of] p1b: Sinistcha\n|turn|4\n|\n|t:|1776458055\n|switch|p2a: Rotom|Rotom-Wash, L50|100/100\n|move|p1b: Sinistcha|Matcha Gotcha|p2a: Rotom|[spread] p2a,p2b\n|-supereffective|p2a: Rotom|1\n|-crit|p2a: Rotom\n|-resisted|p2b: Incineroar|1\n|-damage|p2a: Rotom|36/100\n|-damage|p2b: Incineroar|17/100\n|-status|p2a: Rotom|brn\n|move|p1a: Corviknight|Brave Bird|p2b: Incineroar\n|-damage|p2b: Incineroar|2/100\n|-damage|p1a: Corviknight|96/100 brn|[from] Recoil\n|move|p2b: Incineroar|Flare Blitz|p1b: Sinistcha\n|-supereffective|p1b: Sinistcha|1\n|-damage|p1b: Sinistcha|26/100\n|-damage|p2b: Incineroar|0 fnt|[from] Recoil\n|faint|p2b: Incineroar\n|\n|-heal|p1a: Corviknight|100/100 brn|[from] item: Leftovers\n|-heal|p2a: Rotom|41/100 brn|[from] item: Leftovers\n|-damage|p1a: Corviknight|95/100 brn|[from] brn\n|-damage|p2a: Rotom|36/100 brn|[from] brn\n|upkeep\n|\n|t:|1776458068\n|switch|p2b: Starmie|Starmie-Mega, L50|57/100\n|turn|5\n|\n|t:|1776458092\n|switch|p1b: Basculegion|Basculegion, L50, M|100/100\n|move|p2b: Starmie|Protect|p2b: Starmie\n|-singleturn|p2b: Starmie|Protect\n|move|p2a: Rotom|Protect|p2a: Rotom\n|-singleturn|p2a: Rotom|Protect\n|move|p1a: Corviknight|Brave Bird|p2a: Rotom\n|-activate|p2a: Rotom|move: Protect\n|\n|-heal|p1a: Corviknight|100/100 brn|[from] item: Leftovers\n|-heal|p2a: Rotom|41/100 brn|[from] item: Leftovers\n|-damage|p1a: Corviknight|95/100 brn|[from] brn\n|-damage|p2a: Rotom|36/100 brn|[from] brn\n|-sideend|p1: stargoggles|move: Tailwind\n|upkeep\n|turn|6\n|\n|t:|1776458115\n|move|p1b: Basculegion|Wave Crash|p2a: Rotom\n|-resisted|p2a: Rotom|1\n|-damage|p2a: Rotom|0 fnt\n|faint|p2a: Rotom\n|-damage|p1b: Basculegion|91/100|[from] Recoil\n|move|p2b: Starmie|Bulk Up|p2b: Starmie\n|-boost|p2b: Starmie|atk|1\n|-boost|p2b: Starmie|def|1\n|move|p1a: Corviknight|Tailwind|p1a: Corviknight\n|-sidestart|p1: stargoggles|move: Tailwind\n|\n|-heal|p1a: Corviknight|100/100 brn|[from] item: Leftovers\n|-damage|p1a: Corviknight|95/100 brn|[from] brn\n|upkeep\n|\n|t:|1776458123\n|switch|p2a: Diggersby|Diggersby, L50, F|34/100\n|turn|7\n|\n|t:|1776458143\n|switch|p1b: Sinistcha|Sinistcha, L50|26/100\n|-heal|p1a: Corviknight|100/100 brn|[from] ability: Hospitality|[of] p1b: Sinistcha\n|move|p2a: Diggersby|High Horsepower|p1b: Sinistcha\n|-resisted|p1b: Sinistcha|1\n|-damage|p1b: Sinistcha|0 fnt\n|faint|p1b: Sinistcha\n|move|p2b: Starmie|Psycho Cut|p1a: Corviknight\n|-resisted|p1a: Corviknight|1\n|-damage|p1a: Corviknight|77/100 brn\n|move|p1a: Corviknight|Brave Bird|p2a: Diggersby\n|-damage|p2a: Diggersby|8/100\n|-damage|p1a: Corviknight|70/100 brn|[from] Recoil\n|\n|-heal|p1a: Corviknight|76/100 brn|[from] item: Leftovers\n|-damage|p1a: Corviknight|70/100 brn|[from] brn\n|upkeep\n|\n|t:|1776458145\n|switch|p1b: Basculegion|Basculegion, L50, M|91/100\n|turn|8\n|\n|t:|1776458159\n|move|p1b: Basculegion|Last Respects|p2b: Starmie\n|-supereffective|p2b: Starmie|1\n|-damage|p2b: Starmie|0 fnt\n|faint|p2b: Starmie\n|move|p2a: Diggersby|High Horsepower|p1b: Basculegion\n|-damage|p1b: Basculegion|7/100\n|move|p1a: Corviknight|Brave Bird|p2a: Diggersby\n|-damage|p2a: Diggersby|0 fnt\n|faint|p2a: Diggersby\n|-damage|p1a: Corviknight|68/100 brn|[from] Recoil\n|\n|win|stargoggles\n|raw|stargoggles's rating: 1207 &rarr; <strong>1228</strong><br />(+21 for winning)\n|raw|xitem's rating: 1152 &rarr; <strong>1131</strong><br />(-21 for losing)\n|l|\u2606xitem\n|player|p2|\n",
  "uploadtime": 1776458172,
  "views": 27,
  "formatid": "gen9championsvgc2026regma",
  "rating": 1131,
  "private": 0,
  "password": null
}