{
  "id": "gen9championsvgc2026regma-2582218510",
  "format": "[Gen 9 Champions] VGC 2026 Reg M-A",
  "players": [
    "pmtang",
    "brunoalo"
  ],
  "log": "|j|\u2606pmtang\n|j|\u2606brunoalo\n|t:|1776072622\n|gametype|doubles\n|player|p1|pmtang|az|1090\n|player|p2|brunoalo|169|1040\n|gen|9\n|tier|[Gen 9 Champions] VGC 2026 Reg M-A\n|rated|\n|rule|Species Clause: Limit one of each Pok\u00e9mon\n|rule|Item Clause: Limit 1 of each item\n|clearpoke\n|poke|p1|Maushold, L50|\n|poke|p1|Incineroar, L50, M|\n|poke|p1|Sneasler, L50, M|\n|poke|p1|Gengar, L50, F|\n|poke|p1|Rotom-Wash, L50|\n|poke|p1|Froslass, L50, F|\n|poke|p2|Feraligatr, L50, M|\n|poke|p2|Pelipper, L50, M|\n|poke|p2|Basculegion, L50, M|\n|poke|p2|Raichu, L50, M|\n|poke|p2|Aegislash, L50, F|\n|poke|p2|Meowscarada, L50, M|\n|teampreview|4\n|\n|t:|1776072657\n|teamsize|p1|4\n|teamsize|p2|4\n|start\n|switch|p1a: Dishwasher|Rotom-Wash, L50, shiny|100/100\n|switch|p1b: Maushold|Maushold, L50, shiny|100/100\n|switch|p2a: Pelipper|Pelipper, L50, M|100/100\n|switch|p2b: Raichu|Raichu, L50, M|100/100\n|-weather|RainDance|[from] ability: Drizzle|[of] p2a: Pelipper\n|turn|1\n|\n|t:|1776072675\n|move|p2b: Raichu|Fake Out|p1a: Dishwasher\n|-damage|p1a: Dishwasher|88/100\n|move|p1b: Maushold|Population Bomb|p2b: Raichu\n|-damage|p2b: Raichu|74/100\n|-damage|p2b: Raichu|47/100\n|-damage|p2b: Raichu|23/100\n|-damage|p2b: Raichu|0 fnt\n|faint|p2b: Raichu\n|-hitcount|p2: Raichu|4\n|cant|p1a: Dishwasher|flinch\n|move|p2a: Pelipper|Tailwind|p2a: Pelipper\n|-sidestart|p2: brunoalo|move: Tailwind\n|\n|-weather|RainDance|[upkeep]\n|upkeep\n|\n|t:|1776072689\n|switch|p2b: Feraligatr|Feraligatr, L50, M|100/100\n|turn|2\n|\n|t:|1776072699\n|detailschange|p2b: Feraligatr|Feraligatr-Mega, L50, M\n|-mega|p2b: Feraligatr|Feraligatr|Feraligite\n|move|p2a: Pelipper|Wide Guard|p2a: Pelipper\n|-singleturn|p2a: Pelipper|Wide Guard\n|move|p2b: Feraligatr|Double-Edge|p1b: Maushold\n|-damage|p1b: Maushold|0 fnt\n|faint|p1b: Maushold\n|-damage|p2b: Feraligatr|70/100|[from] Recoil\n|move|p1a: Dishwasher|Thunderbolt|p2b: Feraligatr\n|-damage|p2b: Feraligatr|14/100\n|\n|-weather|RainDance|[upkeep]\n|upkeep\n|\n|t:|1776072717\n|switch|p1b: Sneasler|Sneasler, L50, M, shiny|100/100\n|turn|3\n|inactive|Battle timer is ON: inactive players will automatically lose when time's up. (requested by pmtang)\n|\n|t:|1776072734\n|move|p1b: Sneasler|Fake Out|p2b: Feraligatr\n|-damage|p2b: Feraligatr|0 fnt\n|faint|p2b: Feraligatr\n|move|p2a: Pelipper|Weather Ball|p1b: Sneasler\n|-damage|p1b: Sneasler|34/100\n|move|p1a: Dishwasher|Thunderbolt|p2a: Pelipper\n|-supereffective|p2a: Pelipper|2\n|-damage|p2a: Pelipper|0 fnt\n|faint|p2a: Pelipper\n|\n|-weather|RainDance|[upkeep]\n|upkeep\n|\n|t:|1776072747\n|switch|p2a: Meowscarada|Meowscarada, L50, M|100/100\n|turn|4\n|inactive|brunoalo has 30 seconds left.\n|\n|t:|1776072772\n|move|p1b: Sneasler|Protect|p1b: Sneasler\n|-singleturn|p1b: Sneasler|Protect\n|move|p2a: Meowscarada|Knock Off|p1b: Sneasler\n|-start|p2a: Meowscarada|typechange|Dark|[from] ability: Protean\n|-activate|p1b: Sneasler|move: Protect\n|move|p1a: Dishwasher|Will-O-Wisp|p2a: Meowscarada\n|-status|p2a: Meowscarada|brn\n|\n|-weather|RainDance|[upkeep]\n|-damage|p2a: Meowscarada|95/100 brn|[from] brn\n|-sideend|p2: brunoalo|move: Tailwind\n|upkeep\n|turn|5\n|c|\u2606brunoalo|gg\n|\n|t:|1776072789\n|move|p2a: Meowscarada|Knock Off|p1b: Sneasler\n|-resisted|p1b: Sneasler|1\n|-damage|p1b: Sneasler|11/100\n|-enditem|p1b: Sneasler|White Herb|[from] move: Knock Off|[of] p2a: Meowscarada\n|move|p1b: Sneasler|Close Combat|p2a: Meowscarada\n|-supereffective|p2a: Meowscarada|1\n|-damage|p2a: Meowscarada|0 fnt\n|-unboost|p1b: Sneasler|def|1\n|-unboost|p1b: Sneasler|spd|1\n|faint|p2a: Meowscarada\n|\n|win|pmtang\n|raw|pmtang's rating: 1090 &rarr; <strong>1113</strong><br />(+23 for winning)\n|raw|brunoalo's rating: 1040 &rarr; <strong>1026</strong><br />(-14 for losing)\n|l|\u2606brunoalo\n|player|p2|\n",
  "uploadtime": 1776072801,
  "views": 8,
  "formatid": "gen9championsvgc2026regma",
  "rating": 1026,
  "private": 0,
  "password": null
}