{
  "id": "gen9championsvgc2026regma-2584914624",
  "format": "[Gen 9 Champions] VGC 2026 Reg M-A",
  "players": [
    "Jah_08",
    "bondieman"
  ],
  "log": "|j|\u2606Jah_08\n|j|\u2606bondieman\n|t:|1776294087\n|gametype|doubles\n|player|p1|Jah_08|alder|1216\n|player|p2|bondieman|2|1185\n|gen|9\n|tier|[Gen 9 Champions] VGC 2026 Reg M-A\n|rated|\n|rule|Species Clause: Limit one of each Pok\u00e9mon\n|rule|Item Clause: Limit 1 of each item\n|clearpoke\n|poke|p1|Excadrill, L50, M|\n|poke|p1|Whimsicott, L50, M|\n|poke|p1|Chandelure, L50, M|\n|poke|p1|Zoroark-Hisui, L50, M|\n|poke|p1|Basculegion, L50, M|\n|poke|p1|Hydreigon, L50, M|\n|poke|p2|Glimmora, L50, M|\n|poke|p2|Whimsicott, L50, M|\n|poke|p2|Archaludon, L50, M|\n|poke|p2|Incineroar, L50, F|\n|poke|p2|Sinistcha, L50|\n|poke|p2|Sneasler, L50, F|\n|teampreview|4\n|inactive|Battle timer is ON: inactive players will automatically lose when time's up. (requested by bondieman)\n|\n|t:|1776294119\n|teamsize|p1|4\n|teamsize|p2|4\n|start\n|switch|p1a: Whimsicott|Whimsicott, L50, M, shiny|100/100\n|switch|p1b: Basculegion|Basculegion, L50, M|100/100\n|switch|p2a: Incineroar|Incineroar, L50, F|100/100\n|switch|p2b: Whimsicott|Whimsicott, L50, M|100/100\n|-ability|p2a: Incineroar|Intimidate|boost\n|-unboost|p1a: Whimsicott|atk|1\n|-unboost|p1b: Basculegion|atk|1\n|turn|1\n|\n|t:|1776294143\n|switch|p2a: Sinistcha|Sinistcha, L50|100/100\n|move|p1a: Whimsicott|Protect|p1a: Whimsicott\n|-singleturn|p1a: Whimsicott|Protect\n|move|p2b: Whimsicott|Tailwind|p2b: Whimsicott\n|-sidestart|p2: bondieman|move: Tailwind\n|move|p1b: Basculegion|Wave Crash|p2a: Sinistcha\n|-resisted|p2a: Sinistcha|1\n|-damage|p2a: Sinistcha|81/100\n|-damage|p1b: Basculegion|94/100|[from] Recoil\n|\n|upkeep\n|turn|2\n|inactive|Jah_08 has 30 seconds left.\n|\n|t:|1776294172\n|switch|p1b: Hydreigon|Hydreigon, L50, M|100/100\n|move|p2b: Whimsicott|Encore|p1a: Whimsicott\n|-start|p1a: Whimsicott|Encore\n|-enditem|p1a: Whimsicott|Mental Herb\n|-end|p1a: Whimsicott|Encore\n|move|p1a: Whimsicott|Tailwind|p1a: Whimsicott\n|-sidestart|p1: Jah_08|move: Tailwind\n|move|p2a: Sinistcha|Matcha Gotcha|p1a: Whimsicott|[spread] p1b\n|-miss|p2a: Sinistcha|p1a: Whimsicott\n|-resisted|p1b: Hydreigon|1\n|-damage|p1b: Hydreigon|86/100\n|-heal|p2a: Sinistcha|88/100|[from] drain|[of] p1b: Hydreigon\n|\n|upkeep\n|turn|3\n|inactive|Jah_08 has 30 seconds left.\n|inactive|Jah_08 has 20 seconds left.\n|inactive|Jah_08 has 15 seconds left.\n|inactive|Jah_08 has 10 seconds left.\n|inactive|Jah_08 has 5 seconds left.\n|\n|t:|1776294223\n|move|p1b: Hydreigon|Protect|p1b: Hydreigon\n|-singleturn|p1b: Hydreigon|Protect\n|move|p2a: Sinistcha|Protect|p2a: Sinistcha\n|-singleturn|p2a: Sinistcha|Protect\n|move|p1a: Whimsicott|Encore||[still]\n|-fail|p1a: Whimsicott\n|move|p2b: Whimsicott|Moonblast|p1b: Hydreigon\n|-activate|p1b: Hydreigon|move: Protect\n|\n|upkeep\n|turn|4\n|\n|t:|1776294247\n|switch|p1b: Basculegion|Basculegion, L50, M|94/100\n|switch|p2a: Incineroar|Incineroar, L50, F|100/100\n|-ability|p2a: Incineroar|Intimidate|boost\n|-unboost|p1a: Whimsicott|atk|1\n|-unboost|p1b: Basculegion|atk|1\n|move|p1a: Whimsicott|Encore|p2a: Incineroar\n|-hint|Since gen 7, Dark is immune to Prankster moves.\n|-immune|p2a: Incineroar\n|move|p2b: Whimsicott|Moonblast|p1b: Basculegion\n|-damage|p1b: Basculegion|49/100\n|\n|-sideend|p2: bondieman|move: Tailwind\n|upkeep\n|turn|5\n|inactive|Jah_08 has 30 seconds left.\n|inactive|bondieman has 30 seconds left.\n|inactive|Jah_08 has 20 seconds left.\n|inactive|Jah_08 has 15 seconds left.\n|\n|t:|1776294291\n|move|p1a: Whimsicott|Protect|p1a: Whimsicott\n|-singleturn|p1a: Whimsicott|Protect\n|move|p2a: Incineroar|Fake Out|p1a: Whimsicott\n|-activate|p1a: Whimsicott|move: Protect\n|move|p1b: Basculegion|Flip Turn|p2a: Incineroar\n|-supereffective|p2a: Incineroar|1\n|-damage|p2a: Incineroar|55/100\n|\n|t:|1776294301\n|switch|p1b: Excadrill|Excadrill, L50, M|100/100|[from] Flip Turn\n|-ability|p1b: Excadrill|Mold Breaker\n|move|p2b: Whimsicott|Moonblast|p1b: Excadrill\n|-resisted|p1b: Excadrill|1\n|-damage|p1b: Excadrill|76/100\n|\n|-sideend|p1: Jah_08|move: Tailwind\n|upkeep\n|turn|6\n|inactive|bondieman has 30 seconds left.\n|\n|t:|1776294328\n|move|p2b: Whimsicott|Tailwind|p2b: Whimsicott\n|-sidestart|p2: bondieman|move: Tailwind\n|move|p1a: Whimsicott|Tailwind|p1a: Whimsicott\n|-sidestart|p1: Jah_08|move: Tailwind\n|move|p1b: Excadrill|Iron Head|p2b: Whimsicott\n|-supereffective|p2b: Whimsicott|1\n|-enditem|p2b: Whimsicott|Focus Sash\n|-damage|p2b: Whimsicott|1/100\n|move|p2a: Incineroar|Will-O-Wisp|p1b: Excadrill\n|-status|p1b: Excadrill|brn\n|\n|-damage|p1b: Excadrill|70/100 brn|[from] brn\n|upkeep\n|turn|7\n|inactive|bondieman has 30 seconds left.\n|\n|t:|1776294353\n|move|p2b: Whimsicott|Encore|p1a: Whimsicott\n|-start|p1a: Whimsicott|Encore\n|move|p1a: Whimsicott|Tailwind||[still]\n|-fail|p1a: Whimsicott\n|move|p1b: Excadrill|Rock Slide|p2a: Incineroar|[spread] p2a,p2b\n|-supereffective|p2a: Incineroar|1\n|-damage|p2a: Incineroar|35/100\n|-damage|p2b: Whimsicott|0 fnt\n|-enditem|p2a: Incineroar|Sitrus Berry|[eat]\n|-heal|p2a: Incineroar|59/100|[from] item: Sitrus Berry\n|faint|p2b: Whimsicott\n|move|p2a: Incineroar|Parting Shot|p1b: Excadrill\n|-unboost|p1b: Excadrill|atk|1\n|-unboost|p1b: Excadrill|spa|1\n|\n|t:|1776294367\n|switch|p2a: Sinistcha|Sinistcha, L50|88/100|[from] Parting Shot\n|\n|-damage|p1b: Excadrill|64/100 brn|[from] brn\n|upkeep\n|\n|t:|1776294373\n|switch|p2b: Incineroar|Incineroar, L50, F|59/100\n|-ability|p2b: Incineroar|Intimidate|boost\n|-unboost|p1a: Whimsicott|atk|1\n|-unboost|p1b: Excadrill|atk|1\n|turn|8\n|\n|t:|1776294394\n|move|p1b: Excadrill|Protect|p1b: Excadrill\n|-singleturn|p1b: Excadrill|Protect\n|move|p1a: Whimsicott|Tailwind||[still]\n|-fail|p1a: Whimsicott\n|move|p2a: Sinistcha|Matcha Gotcha|p1b: Excadrill|[spread] p1a\n|-activate|p1b: Excadrill|move: Protect\n|-resisted|p1a: Whimsicott|1\n|-damage|p1a: Whimsicott|84/100\n|-heal|p2a: Sinistcha|96/100|[from] drain|[of] p1a: Whimsicott\n|move|p2b: Incineroar|Snarl|p1a: Whimsicott|[spread] p1a\n|-activate|p1b: Excadrill|move: Protect\n|-resisted|p1a: Whimsicott|1\n|-damage|p1a: Whimsicott|77/100\n|-unboost|p1a: Whimsicott|spa|1\n|\n|-damage|p1b: Excadrill|58/100 brn|[from] brn\n|upkeep\n|turn|9\n|inactive|bondieman has 30 seconds left.\n|\n|t:|1776294426\n|move|p1a: Whimsicott|Tailwind||[still]\n|-fail|p1a: Whimsicott\n|move|p1b: Excadrill|Rock Slide|p2a: Sinistcha|[spread] p2a,p2b\n|-supereffective|p2b: Incineroar|1\n|-damage|p2a: Sinistcha|92/100\n|-damage|p2b: Incineroar|49/100\n|cant|p2a: Sinistcha|flinch\n|move|p2b: Incineroar|Snarl|p1a: Whimsicott|[spread] p1a,p1b\n|-resisted|p1a: Whimsicott|1\n|-damage|p1a: Whimsicott|70/100\n|-damage|p1b: Excadrill|45/100 brn\n|-unboost|p1a: Whimsicott|spa|1\n|-unboost|p1b: Excadrill|spa|1\n|\n|-damage|p1b: Excadrill|39/100 brn|[from] brn\n|-end|p1a: Whimsicott|Encore\n|-sideend|p1: Jah_08|move: Tailwind\n|-sideend|p2: bondieman|move: Tailwind\n|upkeep\n|turn|10\n|inactive|Jah_08 has 30 seconds left.\n|\n|t:|1776294458\n|move|p1a: Whimsicott|Moonblast|p2b: Incineroar\n|-damage|p2b: Incineroar|37/100\n|move|p1b: Excadrill|High Horsepower|p2b: Incineroar\n|-supereffective|p2b: Incineroar|1\n|-damage|p2b: Incineroar|12/100\n|move|p2a: Sinistcha|Matcha Gotcha|p1b: Excadrill|[spread] p1b\n|-miss|p2a: Sinistcha|p1a: Whimsicott\n|-damage|p1b: Excadrill|6/100 brn\n|-heal|p2a: Sinistcha|100/100|[from] drain|[of] p1b: Excadrill\n|move|p2b: Incineroar|Snarl|p1b: Excadrill|[spread] p1a,p1b\n|-resisted|p1a: Whimsicott|1\n|-damage|p1a: Whimsicott|63/100\n|-damage|p1b: Excadrill|0 fnt\n|-unboost|p1a: Whimsicott|spa|1\n|faint|p1b: Excadrill\n|\n|upkeep\n|\n|t:|1776294479\n|switch|p1b: Hydreigon|Hydreigon, L50, M|86/100\n|turn|11\n|\n|t:|1776294499\n|move|p2a: Sinistcha|Rage Powder|p2a: Sinistcha\n|-singleturn|p2a: Sinistcha|move: Rage Powder\n|move|p1b: Hydreigon|Dark Pulse|p2a: Sinistcha\n|-supereffective|p2a: Sinistcha|1\n|-damage|p2a: Sinistcha|20/100\n|move|p1a: Whimsicott|Moonblast|p2b: Incineroar\n|-damage|p2b: Incineroar|1/100\n|-unboost|p2b: Incineroar|spa|1\n|move|p2b: Incineroar|Snarl|p1a: Whimsicott|[spread] p1a,p1b\n|-resisted|p1a: Whimsicott|1\n|-resisted|p1b: Hydreigon|1\n|-damage|p1a: Whimsicott|59/100\n|-damage|p1b: Hydreigon|81/100\n|-unboost|p1a: Whimsicott|spa|1\n|-unboost|p1b: Hydreigon|spa|1\n|\n|upkeep\n|turn|12\n|inactive|bondieman has 30 seconds left.\n|inactive|bondieman has 20 seconds left.\n|\n|t:|1776294538\n|move|p2a: Sinistcha|Protect|p2a: Sinistcha\n|-singleturn|p2a: Sinistcha|Protect\n|move|p1b: Hydreigon|Dark Pulse|p2a: Sinistcha\n|-activate|p2a: Sinistcha|move: Protect\n|move|p1a: Whimsicott|Moonblast|p2b: Incineroar\n|-damage|p2b: Incineroar|0 fnt\n|faint|p2b: Incineroar\n|\n|upkeep\n|\n|t:|1776294549\n|switch|p2b: Glimmora|Glimmora, L50, M|100/100\n|turn|13\n|\n|t:|1776294560\n|detailschange|p2b: Glimmora|Glimmora-Mega, L50, M\n|-mega|p2b: Glimmora|Glimmora|Glimmoranite\n|move|p2a: Sinistcha|Protect||[still]\n|-fail|p2a: Sinistcha\n|move|p1a: Whimsicott|Tailwind|p1a: Whimsicott\n|-sidestart|p1: Jah_08|move: Tailwind\n|move|p1b: Hydreigon|Earth Power|p2b: Glimmora\n|-supereffective|p2b: Glimmora|2\n|-damage|p2b: Glimmora|0 fnt\n|faint|p2b: Glimmora\n|\n|upkeep\n|turn|14\n|-message|bondieman forfeited.\n|\n|win|Jah_08\n|raw|Jah_08's rating: 1216 &rarr; <strong>1239</strong><br />(+23 for winning)\n|raw|bondieman's rating: 1185 &rarr; <strong>1162</strong><br />(-23 for losing)\n|l|\u2606bondieman\n|player|p2|\n",
  "uploadtime": 1776294575,
  "views": 19,
  "formatid": "gen9championsvgc2026regma",
  "rating": 1162,
  "private": 0,
  "password": null
}