{
  "id": "gen9championsvgc2026regma-2586727516",
  "format": "[Gen 9 Champions] VGC 2026 Reg M-A",
  "players": [
    "gabrielscb",
    "slimejrlegit"
  ],
  "log": "|j|\u203dgabrielscb\n|j|\u2606slimejrlegit\n|t:|1776455231\n|gametype|doubles\n|player|p1|gabrielscb|falkner|1158\n|player|p2|slimejrlegit|brawly|1098\n|gen|9\n|tier|[Gen 9 Champions] VGC 2026 Reg M-A\n|rated|\n|rule|Species Clause: Limit one of each Pok\u00e9mon\n|rule|Item Clause: Limit 1 of each item\n|clearpoke\n|poke|p1|Aerodactyl, L50, F|\n|poke|p1|Sneasler, L50, M|\n|poke|p1|Incineroar, L50, M|\n|poke|p1|Delphox, L50, M|\n|poke|p1|Rotom-Wash, L50|\n|poke|p1|Floette-Eternal, L50, F|\n|poke|p2|Sinistcha, L50|\n|poke|p2|Sableye, L50, F|\n|poke|p2|Pelipper, L50, F|\n|poke|p2|Greninja-*, L50, F|\n|poke|p2|Farigiraf, L50, F|\n|poke|p2|Toxicroak, L50, M|\n|teampreview|4\n|inactive|Battle timer is ON: inactive players will automatically lose when time's up. (requested by slimejrlegit)\n|\n|t:|1776455270\n|teamsize|p1|4\n|teamsize|p2|4\n|start\n|switch|p1a: Sneasler|Sneasler, L50, M|100/100\n|switch|p1b: Incineroar|Incineroar, L50, M|100/100\n|switch|p2a: Farigiraf|Farigiraf, L50, F|100/100\n|switch|p2b: Toxicroak|Toxicroak, L50, M|100/100\n|-ability|p1a: Sneasler|Pressure\n|-ability|p1b: Incineroar|Intimidate|boost\n|-unboost|p2a: Farigiraf|atk|1\n|-unboost|p2b: Toxicroak|atk|1\n|turn|1\n|\n|t:|1776455286\n|move|p2b: Toxicroak|Fake Out|p1b: Incineroar\n|-damage|p1b: Incineroar|96/100\n|move|p1a: Sneasler|Taunt|p2a: Farigiraf\n|-start|p2a: Farigiraf|move: Taunt\n|cant|p1b: Incineroar|flinch\n|cant|p2a: Farigiraf|move: Taunt|Nasty Plot\n|\n|upkeep\n|turn|2\n|\n|t:|1776455306\n|move|p1a: Sneasler|Protect|p1a: Sneasler\n|-singleturn|p1a: Sneasler|Protect\n|move|p2b: Toxicroak|Nasty Plot|p2b: Toxicroak\n|-boost|p2b: Toxicroak|spa|2\n|move|p1b: Incineroar|Parting Shot|p2b: Toxicroak\n|-unboost|p2b: Toxicroak|atk|1\n|-unboost|p2b: Toxicroak|spa|1\n|c|\u2606slimejrlegit|Bitch ass sneaslee\n|\n|t:|1776455316\n|switch|p1b: Delphox|Delphox, L50, M|100/100|[from] Parting Shot\n|move|p2a: Farigiraf|Psychic|p1a: Sneasler\n|-activate|p1a: Sneasler|move: Protect\n|\n|upkeep\n|turn|3\n|\n|t:|1776455334\n|detailschange|p1b: Delphox|Delphox-Mega, L50, M\n|-mega|p1b: Delphox|Delphox|Delphoxite\n|move|p1b: Delphox|Encore|p2b: Toxicroak\n|-start|p2b: Toxicroak|Encore\n|move|p1a: Sneasler|Close Combat|p2a: Farigiraf\n|-crit|p2a: Farigiraf\n|-damage|p2a: Farigiraf|27/100\n|-unboost|p1a: Sneasler|def|1\n|-unboost|p1a: Sneasler|spd|1\n|-enditem|p2a: Farigiraf|Sitrus Berry|[eat]\n|-heal|p2a: Farigiraf|52/100|[from] item: Sitrus Berry\n|-enditem|p1a: Sneasler|White Herb\n|-clearnegativeboost|p1a: Sneasler|[silent]\n|move|p2b: Toxicroak|Nasty Plot|p2b: Toxicroak\n|-boost|p2b: Toxicroak|spa|2\n|move|p2a: Farigiraf|Psychic|p1a: Sneasler\n|-supereffective|p1a: Sneasler|2\n|-damage|p1a: Sneasler|0 fnt\n|faint|p1a: Sneasler\n|\n|-end|p2a: Farigiraf|move: Taunt\n|upkeep\n|\n|t:|1776455356\n|switch|p1a: Incineroar|Incineroar, L50, M|96/100\n|-ability|p1a: Incineroar|Intimidate|boost\n|-unboost|p2a: Farigiraf|atk|1\n|-unboost|p2b: Toxicroak|atk|1\n|turn|4\n|\n|t:|1776455370\n|switch|p2a: Pelipper|Pelipper, L50, F|100/100\n|-weather|RainDance|[from] ability: Drizzle|[of] p2a: Pelipper\n|move|p1b: Delphox|Psychic|p2b: Toxicroak\n|-supereffective|p2b: Toxicroak|2\n|-damage|p2b: Toxicroak|0 fnt\n|faint|p2b: Toxicroak\n|move|p1a: Incineroar|Taunt|p2a: Pelipper\n|-start|p2a: Pelipper|move: Taunt\n|\n|-weather|RainDance|[upkeep]\n|upkeep\n|\n|t:|1776455378\n|switch|p2b: Greninja|Greninja, L50, F|100/100\n|turn|5\n|\n|t:|1776455396\n|detailschange|p2b: Greninja|Greninja-Mega, L50, F\n|-mega|p2b: Greninja|Greninja|Greninjite\n|move|p1b: Delphox|Protect|p1b: Delphox\n|-singleturn|p1b: Delphox|Protect\n|move|p2b: Greninja|Surf|p1a: Incineroar|[spread] p2a,p1a\n|-start|p2b: Greninja|typechange|Water|[from] ability: Protean\n|-activate|p1b: Delphox|move: Protect\n|-resisted|p2a: Pelipper|1\n|-supereffective|p1a: Incineroar|1\n|-damage|p2a: Pelipper|57/100\n|-damage|p1a: Incineroar|2/100\n|-enditem|p1a: Incineroar|Sitrus Berry|[eat]\n|-heal|p1a: Incineroar|27/100|[from] item: Sitrus Berry\n|move|p2a: Pelipper|U-turn|p1a: Incineroar\n|-damage|p1a: Incineroar|20/100\n|\n|t:|1776455408\n|switch|p2a: Farigiraf|Farigiraf, L50, F|52/100|[from] U-turn\n|move|p1a: Incineroar|Parting Shot|p2b: Greninja\n|-unboost|p2b: Greninja|atk|1\n|-unboost|p2b: Greninja|spa|1\n|\n|t:|1776455417\n|switch|p1a: Rotom|Rotom-Wash, L50|100/100|[from] Parting Shot\n|\n|-weather|RainDance|[upkeep]\n|upkeep\n|turn|6\n|\n|t:|1776455431\n|move|p2b: Greninja|Protect|p2b: Greninja\n|-singleturn|p2b: Greninja|Protect\n|move|p1b: Delphox|Psychic|p2a: Farigiraf\n|-resisted|p2a: Farigiraf|1\n|-damage|p2a: Farigiraf|23/100\n|move|p1a: Rotom|Thunderbolt|p2b: Greninja\n|-activate|p2b: Greninja|move: Protect\n|move|p2a: Farigiraf|Nasty Plot|p2a: Farigiraf\n|-boost|p2a: Farigiraf|spa|2\n|\n|-weather|RainDance|[upkeep]\n|upkeep\n|turn|7\n|\n|t:|1776455447\n|switch|p2b: Pelipper|Pelipper, L50, F|57/100\n|move|p1b: Delphox|Psychic|p2a: Farigiraf\n|-resisted|p2a: Farigiraf|1\n|-damage|p2a: Farigiraf|0 fnt\n|faint|p2a: Farigiraf\n|move|p1a: Rotom|Thunderbolt|p2b: Pelipper\n|-supereffective|p2b: Pelipper|2\n|-damage|p2b: Pelipper|0 fnt\n|faint|p2b: Pelipper\n|\n|-weather|RainDance|[upkeep]\n|upkeep\n|-message|slimejrlegit forfeited.\n|\n|win|gabrielscb\n",
  "uploadtime": 1776455308,
  "views": 26,
  "formatid": "gen9championsvgc2026regma",
  "rating": null,
  "private": 0,
  "password": null
}