{
  "id": "gen9championsvgc2026regma-2586458123",
  "format": "[Gen 9 Champions] VGC 2026 Reg M-A",
  "players": [
    "iheartskadi",
    "StarrySibyl"
  ],
  "log": "|j|\u2606iheartskadi\n|j|\u2606StarrySibyl\n|t:|1776436044\n|gametype|doubles\n|player|p1|iheartskadi|dawn-gen4pt|1081\n|player|p2|StarrySibyl|elesa|1176\n|gen|9\n|tier|[Gen 9 Champions] VGC 2026 Reg M-A\n|rated|\n|rule|Species Clause: Limit one of each Pok\u00e9mon\n|rule|Item Clause: Limit 1 of each item\n|clearpoke\n|poke|p1|Froslass, L50, F|\n|poke|p1|Kingambit, L50, F|\n|poke|p1|Garchomp, L50, F|\n|poke|p1|Sneasler, L50, M|\n|poke|p1|Primarina, L50, F|\n|poke|p1|Incineroar, L50, F|\n|poke|p2|Delphox, L50, F|\n|poke|p2|Garchomp, L50, F|\n|poke|p2|Rotom-Wash, L50|\n|poke|p2|Whimsicott, L50, M|\n|poke|p2|Clefable, L50, F|\n|poke|p2|Kingambit, L50, M|\n|teampreview|4\n|\n|t:|1776436062\n|teamsize|p1|4\n|teamsize|p2|4\n|start\n|switch|p1a: Elizabeth|Froslass, L50, F, shiny|100/100\n|switch|p1b: Twink|Sneasler, L50, M|100/100\n|switch|p2a: Delphox|Delphox, L50, F|100/100\n|switch|p2b: Clefable|Clefable, L50, F|100/100\n|turn|1\n|inactive|Battle timer is ON: inactive players will automatically lose when time's up. (requested by iheartskadi)\n|inactive|StarrySibyl has 60 seconds left.\n|\n|t:|1776436108\n|detailschange|p1a: Elizabeth|Froslass-Mega, L50, F, shiny\n|-mega|p1a: Elizabeth|Froslass|Froslassite\n|-weather|Snowscape|[from] ability: Snow Warning|[of] p1a: Elizabeth\n|detailschange|p2a: Delphox|Delphox-Mega, L50, F\n|-mega|p2a: Delphox|Delphox|Delphoxite\n|move|p1b: Twink|Fake Out|p2a: Delphox\n|-damage|p2a: Delphox|76/100\n|move|p2b: Clefable|Follow Me|p2b: Clefable\n|-singleturn|p2b: Clefable|move: Follow Me\n|cant|p2a: Delphox|flinch\n|move|p1a: Elizabeth|Aurora Veil|p1a: Elizabeth\n|-sidestart|p1: iheartskadi|move: Aurora Veil\n|\n|-weather|Snowscape|[upkeep]\n|upkeep\n|turn|2\n|\n|t:|1776436136\n|move|p2b: Clefable|Helping Hand|p2a: Delphox\n|-singleturn|p2a: Delphox|Helping Hand|[of] p2b: Clefable\n|move|p2a: Delphox|Heat Wave|p1b: Twink|[spread] p1a,p1b\n|-supereffective|p1a: Elizabeth|1\n|-crit|p1a: Elizabeth\n|-damage|p1a: Elizabeth|0 fnt\n|-damage|p1b: Twink|41/100\n|faint|p1a: Elizabeth\n|move|p1b: Twink|Dire Claw|p2b: Clefable\n|-supereffective|p2b: Clefable|1\n|-damage|p2b: Clefable|29/100\n|-enditem|p2b: Clefable|Sitrus Berry|[eat]\n|-heal|p2b: Clefable|54/100|[from] item: Sitrus Berry\n|\n|-weather|Snowscape|[upkeep]\n|upkeep\n|\n|t:|1776436151\n|switch|p1a: Queenie|Kingambit, L50, F|100/100\n|turn|3\n|\n|t:|1776436165\n|move|p2b: Clefable|Follow Me|p2b: Clefable\n|-singleturn|p2b: Clefable|move: Follow Me\n|move|p1a: Queenie|Sucker Punch||[still]\n|-fail|p1a: Queenie\n|move|p2a: Delphox|Nasty Plot|p2a: Delphox\n|-boost|p2a: Delphox|spa|2\n|move|p1b: Twink|Dire Claw|p2b: Clefable\n|-supereffective|p2b: Clefable|1\n|-damage|p2b: Clefable|0 fnt\n|faint|p2b: Clefable\n|\n|-weather|Snowscape|[upkeep]\n|upkeep\n|inactive|StarrySibyl has 30 seconds left.\n|\n|t:|1776436198\n|switch|p2b: Garchomp|Garchomp, L50, F|100/100\n|turn|4\n|inactive|iheartskadi has 30 seconds left.\n|inactive|StarrySibyl has 30 seconds left.\n|inactive|iheartskadi has 20 seconds left.\n|\n|t:|1776436238\n|move|p2a: Delphox|Protect|p2a: Delphox\n|-singleturn|p2a: Delphox|Protect\n|move|p1b: Twink|Protect|p1b: Twink\n|-singleturn|p1b: Twink|Protect\n|move|p1a: Queenie|Sucker Punch||[still]\n|-fail|p1a: Queenie\n|move|p2b: Garchomp|Earthquake|p1b: Twink|[spread] p1a\n|-activate|p2a: Delphox|move: Protect\n|-activate|p1b: Twink|move: Protect\n|-supereffective|p1a: Queenie|1\n|-damage|p1a: Queenie|65/100\n|\n|-weather|Snowscape|[upkeep]\n|upkeep\n|turn|5\n|inactive|StarrySibyl has 30 seconds left.\n|inactive|iheartskadi has 30 seconds left.\n|inactive|StarrySibyl has 20 seconds left.\n|inactive|StarrySibyl has 15 seconds left.\n|\n|t:|1776436280\n|move|p1a: Queenie|Sucker Punch|p2a: Delphox\n|-supereffective|p2a: Delphox|1\n|-damage|p2a: Delphox|0 fnt\n|faint|p2a: Delphox\n|move|p1b: Twink|Close Combat|p2b: Garchomp\n|-damage|p2b: Garchomp|33/100\n|-unboost|p1b: Twink|def|1\n|-unboost|p1b: Twink|spd|1\n|-damage|p1b: Twink|29/100|[from] ability: Rough Skin|[of] p2b: Garchomp\n|move|p2b: Garchomp|Earthquake|p1b: Twink|[spread] p1a,p1b\n|-supereffective|p1a: Queenie|1\n|-supereffective|p1b: Twink|1\n|-damage|p1a: Queenie|28/100\n|-damage|p1b: Twink|0 fnt\n|faint|p1b: Twink\n|\n|-weather|none\n|-sideend|p1: iheartskadi|move: Aurora Veil\n|upkeep\n|\n|t:|1776436300\n|switch|p2a: Kingambit|Kingambit, L50, M|100/100\n|switch|p1b: Cynthia|Garchomp, L50, F|100/100\n|turn|6\n|inactive|StarrySibyl has 30 seconds left.\n|\n|t:|1776436333\n|move|p2b: Garchomp|Protect|p2b: Garchomp\n|-singleturn|p2b: Garchomp|Protect\n|move|p1a: Queenie|Protect|p1a: Queenie\n|-singleturn|p1a: Queenie|Protect\n|move|p2a: Kingambit|Sucker Punch|p1b: Cynthia\n|-damage|p1b: Cynthia|55/100\n|move|p1b: Cynthia|Earthquake|p2a: Kingambit|[spread] p2a\n|-activate|p1a: Queenie|move: Protect\n|-activate|p2b: Garchomp|move: Protect\n|-supereffective|p2a: Kingambit|1\n|-damage|p2a: Kingambit|43/100\n|\n|upkeep\n|turn|7\n|\n|t:|1776436354\n|move|p1a: Queenie|Sucker Punch|p2b: Garchomp\n|-damage|p2b: Garchomp|0 fnt\n|-damage|p1a: Queenie|16/100|[from] ability: Rough Skin|[of] p2b: Garchomp\n|faint|p2b: Garchomp\n|move|p2a: Kingambit|Sucker Punch|p1b: Cynthia\n|-damage|p1b: Cynthia|8/100\n|move|p1b: Cynthia|Earthquake|p2a: Kingambit|[spread] p1a,p2a\n|-supereffective|p1a: Queenie|1\n|-supereffective|p2a: Kingambit|1\n|-damage|p1a: Queenie|0 fnt\n|-damage|p2a: Kingambit|0 fnt\n|faint|p1a: Queenie\n|faint|p2a: Kingambit\n|\n|win|iheartskadi\n|raw|iheartskadi's rating: 1081 &rarr; <strong>1116</strong><br />(+35 for winning)\n|raw|StarrySibyl's rating: 1176 &rarr; <strong>1144</strong><br />(-32 for losing)\n|l|\u2606StarrySibyl\n|player|p2|\n",
  "uploadtime": 1776436370,
  "views": 18,
  "formatid": "gen9championsvgc2026regma",
  "rating": 1116,
  "private": 0,
  "password": null
}