{
  "id": "gen9championsvgc2026regma-2580965674",
  "format": "[Gen 9 Champions] VGC 2026 Reg M-A",
  "players": [
    "ted7106061408",
    "issekhmet"
  ],
  "log": "|j|\u2606ted7106061408\n|j|\u2606issekhmet\n|t:|1775947343\n|gametype|doubles\n|player|p1|ted7106061408|266|1136\n|player|p2|issekhmet|hilda|1169\n|gen|9\n|tier|[Gen 9 Champions] VGC 2026 Reg M-A\n|rated|\n|rule|Species Clause: Limit one of each Pok\u00e9mon\n|rule|Item Clause: Limit 1 of each item\n|clearpoke\n|poke|p1|Tyranitar, L50, M|\n|poke|p1|Sneasler, L50, F|\n|poke|p1|Excadrill, L50, M|\n|poke|p1|Sinistcha, L50|\n|poke|p1|Gyarados, L50, F|\n|poke|p1|Whimsicott, L50, F|\n|poke|p2|Froslass, L50, F|\n|poke|p2|Ninetales-Alola, L50, F|\n|poke|p2|Milotic, L50, F|\n|poke|p2|Sneasler, L50, M|\n|poke|p2|Dragonite, L50, M|\n|poke|p2|Kingambit, L50, M|\n|teampreview|4\n|inactive|Battle timer is ON: inactive players will automatically lose when time's up. (requested by ted7106061408)\nted7106061408 has agreed to open team sheets.\n|inactive|issekhmet has 60 seconds left.\n|\n|t:|1775947391\n|teamsize|p1|4\n|teamsize|p2|4\n|start\n|switch|p1a: Excadrill|Excadrill, L50, M|100/100\n|switch|p1b: Tyranitar|Tyranitar, L50, M, shiny|100/100\n|switch|p2a: Kingambit|Kingambit, L50, M|100/100\n|switch|p2b: Sneasler|Sneasler, L50, M|100/100\n|-weather|Sandstorm|[from] ability: Sand Stream|[of] p1b: Tyranitar\n|turn|1\n|inactive|issekhmet has 30 seconds left.\n|\n|t:|1775947422\n|move|p1a: Excadrill|Protect|p1a: Excadrill\n|-singleturn|p1a: Excadrill|Protect\n|move|p1b: Tyranitar|Protect|p1b: Tyranitar\n|-singleturn|p1b: Tyranitar|Protect\n|move|p2b: Sneasler|Fake Out|p1a: Excadrill\n|-activate|p1a: Excadrill|move: Protect\n|move|p2a: Kingambit|Iron Head|p1b: Tyranitar\n|-activate|p1b: Tyranitar|move: Protect\n|\n|-weather|Sandstorm|[upkeep]\n|-damage|p2b: Sneasler|95/100|[from] Sandstorm\n|upkeep\n|turn|2\n|inactive|ted7106061408 has 30 seconds left.\n|inactive|issekhmet has 30 seconds left.\n|\n|t:|1775947450\n|move|p1a: Excadrill|Earthquake|p2a: Kingambit|[spread] p1b,p2a,p2b\n|-supereffective|p1b: Tyranitar|1\n|-supereffective|p2a: Kingambit|1\n|-supereffective|p2b: Sneasler|1\n|-damage|p1b: Tyranitar|25/100\n|-damage|p2a: Kingambit|37/100\n|-damage|p2b: Sneasler|0 fnt\n|faint|p2b: Sneasler\n|move|p1b: Tyranitar|Dragon Dance|p1b: Tyranitar\n|-boost|p1b: Tyranitar|atk|1\n|-boost|p1b: Tyranitar|spe|1\n|move|p2a: Kingambit|Low Kick|p1b: Tyranitar\n|-supereffective|p1b: Tyranitar|2\n|-damage|p1b: Tyranitar|0 fnt\n|faint|p1b: Tyranitar\n|\n|-weather|Sandstorm|[upkeep]\n|upkeep\n|\n|t:|1775947469\n|switch|p2b: Yuki|Froslass, L50, F, shiny|100/100\n|switch|p1b: Sneasler|Sneasler, L50, F|100/100\n|turn|3\n|\n|t:|1775947484\n|switch|p2a: Winry|Milotic, L50, F, shiny|100/100\n|detailschange|p2b: Yuki|Froslass-Mega, L50, F, shiny\n|-mega|p2b: Yuki|Froslass|Froslassite\n|-weather|Snowscape|[from] ability: Snow Warning|[of] p2b: Yuki\n|move|p2b: Yuki|Protect|p2b: Yuki\n|-singleturn|p2b: Yuki|Protect\n|move|p1b: Sneasler|Close Combat|p2a: Winry\n|-damage|p2a: Winry|33/100\n|-unboost|p1b: Sneasler|def|1\n|-unboost|p1b: Sneasler|spd|1\n|-enditem|p1b: Sneasler|White Herb\n|-clearnegativeboost|p1b: Sneasler|[silent]\n|move|p1a: Excadrill|Iron Head|p2b: Yuki\n|-activate|p2b: Yuki|move: Protect\n|\n|-weather|Snowscape|[upkeep]\n|-heal|p2a: Winry|39/100|[from] item: Leftovers\n|upkeep\n|turn|4\n|inactive|issekhmet has 30 seconds left.\n|inactive|ted7106061408 has 30 seconds left.\n|inactive|ted7106061408 has 20 seconds left.\n|\n|t:|1775947524\n|switch|p1b: Sinistcha|Sinistcha, L50|100/100\n|move|p2b: Yuki|Blizzard|p1b: Sinistcha|[spread] p1a,p1b\n|-supereffective|p1b: Sinistcha|1\n|-damage|p1a: Excadrill|41/100\n|-damage|p1b: Sinistcha|25/100\n|move|p1a: Excadrill|Earthquake|p2b: Yuki|[spread] p1b,p2a,p2b\n|-resisted|p1b: Sinistcha|1\n|-damage|p1b: Sinistcha|4/100\n|-damage|p2a: Winry|1/100\n|-damage|p2b: Yuki|65/100\n|move|p2a: Winry|Icy Wind|p1a: Excadrill|[spread] p1a,p1b\n|-supereffective|p1b: Sinistcha|1\n|-damage|p1a: Excadrill|25/100\n|-damage|p1b: Sinistcha|0 fnt\n|-unboost|p1a: Excadrill|spe|1\n|faint|p1b: Sinistcha\n|\n|-weather|Snowscape|[upkeep]\n|-heal|p2a: Winry|7/100|[from] item: Leftovers\n|upkeep\n|\n|t:|1775947537\n|switch|p1b: Sneasler|Sneasler, L50, F|100/100\n|turn|5\n|\n|t:|1775947552\n|move|p2b: Yuki|Protect|p2b: Yuki\n|-singleturn|p2b: Yuki|Protect\n|move|p2a: Winry|Protect|p2a: Winry\n|-singleturn|p2a: Winry|Protect\n|move|p1b: Sneasler|Dire Claw|p2a: Winry\n|-activate|p2a: Winry|move: Protect\n|move|p1a: Excadrill|Iron Head|p2b: Yuki\n|-activate|p2b: Yuki|move: Protect\n|\n|-weather|Snowscape|[upkeep]\n|-heal|p2a: Winry|13/100|[from] item: Leftovers\n|upkeep\n|turn|6\n|\n|t:|1775947577\n|move|p1a: Excadrill|Protect|p1a: Excadrill\n|-singleturn|p1a: Excadrill|Protect\n|move|p2b: Yuki|Blizzard|p1b: Sneasler|[spread] p1b\n|-activate|p1a: Excadrill|move: Protect\n|-damage|p1b: Sneasler|48/100\n|move|p1b: Sneasler|Dire Claw|p2b: Yuki\n|-resisted|p2b: Yuki|1\n|-damage|p2b: Yuki|46/100\n|move|p2a: Winry|Icy Wind|p1b: Sneasler|[spread] p1b\n|-activate|p1a: Excadrill|move: Protect\n|-damage|p1b: Sneasler|33/100\n|-unboost|p1b: Sneasler|spe|1\n|\n|-weather|Snowscape|[upkeep]\n|-heal|p2a: Winry|19/100|[from] item: Leftovers\n|upkeep\n|turn|7\n|\n|t:|1775947598\n|move|p2b: Yuki|Protect|p2b: Yuki\n|-singleturn|p2b: Yuki|Protect\n|move|p1b: Sneasler|Dire Claw|p2b: Yuki\n|-activate|p2b: Yuki|move: Protect\n|move|p2a: Winry|Scald|p1a: Excadrill\n|-supereffective|p1a: Excadrill|1\n|-damage|p1a: Excadrill|0 fnt\n|faint|p1a: Excadrill\n|\n|-weather|none\n|-heal|p2a: Winry|25/100|[from] item: Leftovers\n|upkeep\n|turn|8\n|-message|ted7106061408 forfeited.\n|\n|win|issekhmet\n|raw|ted7106061408's rating: 1136 &rarr; <strong>1113</strong><br />(-23 for losing)\n|raw|issekhmet's rating: 1169 &rarr; <strong>1192</strong><br />(+23 for winning)\n|l|\u2606ted7106061408\n|player|p1|\n",
  "uploadtime": 1775947617,
  "views": 17,
  "formatid": "gen9championsvgc2026regma",
  "rating": 1113,
  "private": 0,
  "password": null
}