{
  "id": "gen9championsvgc2026regma-2583206226",
  "format": "[Gen 9 Champions] VGC 2026 Reg M-A",
  "players": [
    "RandomGuyInSchool",
    "erPanse"
  ],
  "log": "|j|\u2606RandomGuyInSchool\n|j|\u2606erPanse\n|t:|1776154660\n|gametype|doubles\n|player|p1|RandomGuyInSchool|schoolkid-gen4|1079\n|player|p2|erPanse|266|1011\n|gen|9\n|tier|[Gen 9 Champions] VGC 2026 Reg M-A\n|rated|\n|rule|Species Clause: Limit one of each Pok\u00e9mon\n|rule|Item Clause: Limit 1 of each item\n|clearpoke\n|poke|p1|Rotom-Wash, L50|\n|poke|p1|Incineroar, L50, M|\n|poke|p1|Sinistcha, L50|\n|poke|p1|Drampa, L50, F|\n|poke|p1|Gallade, L50, M|\n|poke|p1|Aerodactyl, L50, M|\n|poke|p2|Dragonite, L50, F|\n|poke|p2|Pelipper, L50, F|\n|poke|p2|Archaludon, L50, F|\n|poke|p2|Basculegion, L50, M|\n|poke|p2|Incineroar, L50, F|\n|poke|p2|Sinistcha, L50|\n|teampreview|4\n|inactive|Battle timer is ON: inactive players will automatically lose when time's up. (requested by RandomGuyInSchool)\nRandomGuyInSchool rejected open team sheets.\n|inactive|RandomGuyInSchool has 60 seconds left.\n|\n|t:|1776154699\n|teamsize|p1|4\n|teamsize|p2|4\n|start\n|switch|p1a: Sinistcha|Sinistcha, L50|100/100\n|switch|p1b: Incineroar|Incineroar, L50, M|100/100\n|switch|p2a: Pelipper|Pelipper, L50, F|100/100\n|switch|p2b: Incineroar|Incineroar, L50, F|100/100\n|-weather|RainDance|[from] ability: Drizzle|[of] p2a: Pelipper\n|-ability|p2b: Incineroar|Intimidate|boost\n|-unboost|p1a: Sinistcha|atk|1\n|-unboost|p1b: Incineroar|atk|1\n|-ability|p1b: Incineroar|Intimidate|boost\n|-unboost|p2a: Pelipper|atk|1\n|-unboost|p2b: Incineroar|atk|1\n|turn|1\n|\n|t:|1776154724\n|move|p2a: Pelipper|Protect|p2a: Pelipper\n|-singleturn|p2a: Pelipper|Protect\n|move|p2b: Incineroar|Fake Out|p1a: Sinistcha\n|-immune|p1a: Sinistcha\n|move|p1b: Incineroar|Fake Out|p2a: Pelipper\n|-activate|p2a: Pelipper|move: Protect\n|move|p1a: Sinistcha|Trick Room|p1a: Sinistcha\n|-fieldstart|move: Trick Room|[of] p1a: Sinistcha\n|\n|-weather|RainDance|[upkeep]\n|upkeep\n|turn|2\n|\n|t:|1776154743\n|move|p1b: Incineroar|Parting Shot|p2a: Pelipper\n|-unboost|p2a: Pelipper|atk|1\n|-unboost|p2a: Pelipper|spa|1\n|\n|t:|1776154747\n|switch|p1b: Drampa|Drampa, L50, F|100/100|[from] Parting Shot\n|move|p1a: Sinistcha|Matcha Gotcha|p2a: Pelipper|[spread] p2a,p2b\n|-resisted|p2b: Incineroar|1\n|-damage|p2a: Pelipper|60/100\n|-damage|p2b: Incineroar|88/100\n|move|p2b: Incineroar|Parting Shot|p1a: Sinistcha\n|-unboost|p1a: Sinistcha|atk|1\n|-unboost|p1a: Sinistcha|spa|1\n|\n|t:|1776154760\n|switch|p2b: Archaludon|Archaludon, L50, F, shiny|100/100|[from] Parting Shot\n|move|p2a: Pelipper|Hurricane|p1a: Sinistcha\n|-supereffective|p1a: Sinistcha|1\n|-damage|p1a: Sinistcha|40/100\n|-enditem|p1a: Sinistcha|Sitrus Berry|[eat]\n|-heal|p1a: Sinistcha|65/100|[from] item: Sitrus Berry\n|\n|-weather|RainDance|[upkeep]\n|upkeep\n|turn|3\n|\n|t:|1776154781\n|detailschange|p1b: Drampa|Drampa-Mega, L50, F\n|-mega|p1b: Drampa|Drampa|Drampanite\n|move|p1a: Sinistcha|Rage Powder|p1a: Sinistcha\n|-singleturn|p1a: Sinistcha|move: Rage Powder\n|move|p1b: Drampa|Calm Mind|p1b: Drampa\n|-boost|p1b: Drampa|spa|1\n|-boost|p1b: Drampa|spd|1\n|move|p2a: Pelipper|Hurricane|p1a: Sinistcha\n|-supereffective|p1a: Sinistcha|1\n|-damage|p1a: Sinistcha|6/100\n|move|p2b: Archaludon|Electro Shot||[still]\n|-prepare|p2b: Archaludon|Electro Shot\n|-boost|p2b: Archaludon|spa|1\n|-anim|p2b: Archaludon|Electro Shot|p1a: Sinistcha\n|-resisted|p1a: Sinistcha|1\n|-damage|p1a: Sinistcha|0 fnt\n|faint|p1a: Sinistcha\n|\n|-weather|RainDance|[upkeep]\n|upkeep\n|\n|t:|1776154794\n|switch|p1a: Incineroar|Incineroar, L50, M|100/100\n|-ability|p1a: Incineroar|Intimidate|boost\n|-unboost|p2a: Pelipper|atk|1\n|-unboost|p2b: Archaludon|atk|1\n|turn|4\n|\n|t:|1776154810\n|move|p2b: Archaludon|Protect|p2b: Archaludon\n|-singleturn|p2b: Archaludon|Protect\n|move|p1a: Incineroar|Fake Out|p2b: Archaludon\n|-activate|p2b: Archaludon|move: Protect\n|move|p1b: Drampa|Calm Mind|p1b: Drampa\n|-boost|p1b: Drampa|spa|1\n|-boost|p1b: Drampa|spd|1\n|move|p2a: Pelipper|Weather Ball|p1a: Incineroar\n|-supereffective|p1a: Incineroar|1\n|-enditem|p1a: Incineroar|Passho Berry|[eat]\n|-enditem|p1a: Incineroar|Passho Berry|[weaken]\n|-damage|p1a: Incineroar|63/100\n|\n|-weather|RainDance|[upkeep]\n|upkeep\n|turn|5\n|\n|t:|1776154829\n|switch|p2b: Incineroar|Incineroar, L50, F|88/100\n|-ability|p2b: Incineroar|Intimidate|boost\n|-unboost|p1a: Incineroar|atk|1\n|-unboost|p1b: Drampa|atk|1\n|move|p1b: Drampa|Earth Power|p2b: Incineroar\n|-supereffective|p2b: Incineroar|1\n|-damage|p2b: Incineroar|0 fnt\n|faint|p2b: Incineroar\n|move|p1a: Incineroar|Darkest Lariat|p2a: Pelipper\n|-damage|p2a: Pelipper|31/100\n|move|p2a: Pelipper|Hurricane|p1b: Drampa\n|-damage|p1b: Drampa|85/100\n|\n|-weather|none\n|-fieldend|move: Trick Room\n|upkeep\n|\n|t:|1776154851\n|switch|p2b: Dragonite|Dragonite, L50, F, shiny|100/100\n|turn|6\n|\n|t:|1776154872\n|move|p2b: Dragonite|Protect|p2b: Dragonite\n|-singleturn|p2b: Dragonite|Protect\n|move|p1b: Drampa|Protect|p1b: Drampa\n|-singleturn|p1b: Drampa|Protect\n|move|p2a: Pelipper|Tailwind|p2a: Pelipper\n|-sidestart|p2: erPanse|move: Tailwind\n|move|p1a: Incineroar|Parting Shot|p2b: Dragonite\n|-activate|p2b: Dragonite|move: Protect\n|\n|upkeep\n|turn|7\n|\n|t:|1776154893\n|detailschange|p2b: Dragonite|Dragonite-Mega, L50, F, shiny\n|-mega|p2b: Dragonite|Dragonite|Dragoninite\n|move|p2b: Dragonite|Draco Meteor|p1b: Drampa\n|-supereffective|p1b: Drampa|1\n|-damage|p1b: Drampa|11/100\n|-unboost|p2b: Dragonite|spa|2\n|-ability|p1b: Drampa|Berserk|boost\n|-boost|p1b: Drampa|spa|1\n|move|p2a: Pelipper|Hurricane|p1b: Drampa\n|-damage|p1b: Drampa|0 fnt\n|faint|p1b: Drampa\n|move|p1a: Incineroar|Parting Shot|p2b: Dragonite\n|-unboost|p2b: Dragonite|atk|1\n|-unboost|p2b: Dragonite|spa|1\n|\n|t:|1776154904\n|switch|p1a: Rotom|Rotom-Wash, L50|100/100|[from] Parting Shot\n|\n|upkeep\n|\n|t:|1776154906\n|switch|p1b: Incineroar|Incineroar, L50, M|63/100\n|-ability|p1b: Incineroar|Intimidate|boost\n|-unboost|p2a: Pelipper|atk|1\n|-unboost|p2b: Dragonite|atk|1\n|turn|8\n|-message|RandomGuyInSchool forfeited.\n|\n|win|erPanse\n|raw|RandomGuyInSchool's rating: 1059 &rarr; <strong>1038</strong><br />(-21 for losing)\n|raw|erPanse's rating: 1011 &rarr; <strong>1055</strong><br />(+44 for winning)\n|l|\u2606erPanse\n|player|p2|\n",
  "uploadtime": 1776154933,
  "views": 24,
  "formatid": "gen9championsvgc2026regma",
  "rating": 1038,
  "private": 0,
  "password": null
}