{
  "id": "gen9championsvgc2026regma-2585971459",
  "format": "[Gen 9 Champions] VGC 2026 Reg M-A",
  "players": [
    "foreclosure",
    "bluejayx2"
  ],
  "log": "|j|\u2606foreclosure\n|j|\u203dbluejayx2\n|t:|1776386331\n|gametype|doubles\n|player|p1|foreclosure|1|1094\n|player|p2|bluejayx2|marley|1073\n|gen|9\n|tier|[Gen 9 Champions] VGC 2026 Reg M-A\n|rated|\n|rule|Species Clause: Limit one of each Pok\u00e9mon\n|rule|Item Clause: Limit 1 of each item\n|clearpoke\n|poke|p1|Gengar, L50, M|\n|poke|p1|Typhlosion-Hisui, L50, F|\n|poke|p1|Maushold-Four, L50|\n|poke|p1|Torkoal, L50, M|\n|poke|p1|Whimsicott, L50, M|\n|poke|p1|Venusaur, L50, M|\n|poke|p2|Pinsir, L50, F|\n|poke|p2|Clefable, L50, F|\n|poke|p2|Absol, L50, F|\n|poke|p2|Charizard, L50, F|\n|poke|p2|Politoed, L50, F|\n|poke|p2|Sableye, L50, F|\n|teampreview|4\n|inactive|Battle timer is ON: inactive players will automatically lose when time's up. (requested by bluejayx2)\nforeclosure rejected open team sheets.\n|inactive|foreclosure has 60 seconds left.\n|inactive|bluejayx2 has 60 seconds left.\n|\n|t:|1776386391\n|teamsize|p1|4\n|teamsize|p2|4\n|start\n|switch|p1a: Maushold|Maushold-Four, L50|100/100\n|switch|p1b: Torkoal|Torkoal, L50, M|100/100\n|switch|p2a: Sableye|Sableye, L50, F, shiny|100/100\n|switch|p2b: Absol|Absol, L50, F, shiny|100/100\n|-weather|SunnyDay|[from] ability: Drought|[of] p1b: Torkoal\n|turn|1\n|\n|t:|1776386411\n|move|p2a: Sableye|Fake Out|p1b: Torkoal\n|-damage|p1b: Torkoal|97/100\n|move|p1a: Maushold|Follow Me|p1a: Maushold\n|-singleturn|p1a: Maushold|move: Follow Me\n|move|p2b: Absol|Close Combat|p1a: Maushold\n|-supereffective|p1a: Maushold|1\n|-crit|p1a: Maushold\n|-damage|p1a: Maushold|0 fnt\n|-unboost|p2b: Absol|def|1\n|-unboost|p2b: Absol|spd|1\n|faint|p1a: Maushold\n|cant|p1b: Torkoal|flinch\n|\n|-weather|SunnyDay|[upkeep]\n|upkeep\n|\n|t:|1776386431\n|switch|p1a: Gengar|Gengar, L50, M|100/100\n|turn|2\n|\n|t:|1776386446\n|switch|p2a: Politoed|Politoed, L50, F|100/100\n|-weather|RainDance|[from] ability: Drizzle|[of] p2a: Politoed\n|detailschange|p1a: Gengar|Gengar-Mega, L50, M\n|-mega|p1a: Gengar|Gengar|Gengarite\n|move|p1a: Gengar|Protect|p1a: Gengar\n|-singleturn|p1a: Gengar|Protect\n|move|p2b: Absol|Night Slash|p1a: Gengar\n|-activate|p1a: Gengar|move: Protect\n|move|p1b: Torkoal|Eruption|p2b: Absol|[spread] p2a,p2b\n|-resisted|p2a: Politoed|1\n|-damage|p2a: Politoed|90/100\n|-damage|p2b: Absol|26/100\n|\n|-weather|RainDance|[upkeep]\n|upkeep\n|turn|3\n|inactive|foreclosure has 30 seconds left.\n|inactive|foreclosure has 20 seconds left.\n|inactive|foreclosure has 15 seconds left.\n|inactive|foreclosure has 10 seconds left.\n|\n|t:|1776386494\n|switch|p1a: Whimsicott|Whimsicott, L50, M|100/100\n|move|p2b: Absol|Sucker Punch||[still]\n|-fail|p2b: Absol\n|move|p2a: Politoed|Weather Ball|p1b: Torkoal\n|-supereffective|p1b: Torkoal|1\n|-damage|p1b: Torkoal|0 fnt\n|faint|p1b: Torkoal\n|\n|-weather|RainDance|[upkeep]\n|upkeep\n|\n|t:|1776386500\n|switch|p1b: Gengar|Gengar-Mega, L50, M|100/100\n|turn|4\n|inactive|foreclosure has 30 seconds left.\n|\n|t:|1776386533\n|move|p1b: Gengar|Protect|p1b: Gengar\n|-singleturn|p1b: Gengar|Protect\n|move|p2b: Absol|Detect|p2b: Absol\n|-singleturn|p2b: Absol|Protect\n|move|p2a: Politoed|Protect|p2a: Politoed\n|-singleturn|p2a: Politoed|Protect\n|move|p1a: Whimsicott|Substitute|p1a: Whimsicott\n|-start|p1a: Whimsicott|Substitute\n|-damage|p1a: Whimsicott|76/100\n|\n|-weather|RainDance|[upkeep]\n|-heal|p1a: Whimsicott|82/100|[from] item: Leftovers\n|upkeep\n|turn|5\n|inactive|foreclosure has 30 seconds left.\n|inactive|foreclosure has 20 seconds left.\n|\n|t:|1776386574\n|move|p2b: Absol|Sucker Punch||[still]\n|-fail|p2b: Absol\n|move|p1a: Whimsicott|Encore|p2b: Absol\n|-hint|Since gen 7, Dark is immune to Prankster moves.\n|-immune|p2b: Absol\n|move|p1b: Gengar|Nasty Plot|p1b: Gengar\n|-boost|p1b: Gengar|spa|2\n|move|p2a: Politoed|Perish Song|p2a: Politoed\n|-start|p1a: Whimsicott|perish3|[silent]\n|-start|p1b: Gengar|perish3|[silent]\n|-start|p2a: Politoed|perish3|[silent]\n|-start|p2b: Absol|perish3|[silent]\n|-fieldactivate|move: Perish Song\n|\n|-weather|RainDance|[upkeep]\n|-heal|p1a: Whimsicott|88/100|[from] item: Leftovers\n|-start|p1b: Gengar|perish3\n|-start|p2b: Absol|perish3\n|-start|p1a: Whimsicott|perish3\n|-start|p2a: Politoed|perish3\n|upkeep\n|turn|6\n|\n|t:|1776386596\n|move|p2b: Absol|Sucker Punch|p1b: Gengar\n|-supereffective|p1b: Gengar|1\n|-damage|p1b: Gengar|0 fnt\n|faint|p1b: Gengar\n|move|p1a: Whimsicott|Tailwind|p1a: Whimsicott\n|-sidestart|p1: foreclosure|move: Tailwind\n|move|p2a: Politoed|Icy Wind|p1a: Whimsicott\n|-supereffective|p1a: Whimsicott|1\n|-end|p1a: Whimsicott|Substitute\n|\n|-weather|none\n|-heal|p1a: Whimsicott|94/100|[from] item: Leftovers\n|-start|p1a: Whimsicott|perish2\n|-start|p2b: Absol|perish2\n|-start|p2a: Politoed|perish2\n|upkeep\n|turn|7\n|-message|foreclosure forfeited.\n|\n|win|bluejayx2\n|raw|foreclosure's rating: 1094 &rarr; <strong>1068</strong><br />(-26 for losing)\n|raw|bluejayx2's rating: 1073 &rarr; <strong>1104</strong><br />(+31 for winning)\n|l|\u2606foreclosure\n|player|p1|\n",
  "uploadtime": 1776386606,
  "views": 21,
  "formatid": "gen9championsvgc2026regma",
  "rating": 1068,
  "private": 0,
  "password": null
}