{
  "id": "gen9championsvgc2026regma-2582094897",
  "format": "[Gen 9 Champions] VGC 2026 Reg M-A",
  "players": [
    "busterhavoc",
    "lakeandbake"
  ],
  "log": "|j|\u2606busterhavoc\n|j|\u203dlakeandbake\n|t:|1776057202\n|gametype|doubles\n|player|p1|busterhavoc|2|1102\n|player|p2|lakeandbake|iono-masters|1194\n|gen|9\n|tier|[Gen 9 Champions] VGC 2026 Reg M-A\n|rated|\n|rule|Species Clause: Limit one of each Pok\u00e9mon\n|rule|Item Clause: Limit 1 of each item\n|clearpoke\n|poke|p1|Hawlucha, L50, F|\n|poke|p1|Delphox, L50, M|\n|poke|p1|Aerodactyl, L50, F|\n|poke|p1|Farigiraf, L50, F|\n|poke|p1|Maushold, L50|\n|poke|p1|Tauros-Paldea-Blaze, L50, M|\n|poke|p2|Aerodactyl, L50, M|\n|poke|p2|Rotom-Wash, L50|\n|poke|p2|Sneasler, L50, F|\n|poke|p2|Incineroar, L50, F|\n|poke|p2|Delphox, L50, M|\n|poke|p2|Garchomp, L50, F|\n|teampreview|4\n|inactive|Battle timer is ON: inactive players will automatically lose when time's up. (requested by lakeandbake)\n|inactive|lakeandbake has 60 seconds left.\n|\n|t:|1776057282\n|teamsize|p1|4\n|teamsize|p2|4\n|start\n|switch|p1a: Aerodactyl|Aerodactyl, L50, F|100/100\n|switch|p1b: Farigiraf|Farigiraf, L50, F|100/100\n|switch|p2a: Aerodactyl|Aerodactyl, L50, M|100/100\n|switch|p2b: Delphox|Delphox, L50, M|100/100\n|-ability|p1a: Aerodactyl|Pressure\n|-ability|p2a: Aerodactyl|Pressure\n|turn|1\n|inactive|busterhavoc has 30 seconds left.\n|inactive|lakeandbake has 30 seconds left.\n|inactive|busterhavoc has 20 seconds left.\n|inactive|busterhavoc has 15 seconds left.\n|inactive|busterhavoc has 10 seconds left.\n|inactive|busterhavoc has 5 seconds left.\n|\n|t:|1776057337\n|switch|p2b: Rotom|Rotom-Wash, L50|100/100\n|move|p1a: Aerodactyl|Taunt|p2a: Aerodactyl\n|-start|p2a: Aerodactyl|move: Taunt\n|move|p2a: Aerodactyl|Rock Slide|p1b: Farigiraf|[spread] p1a,p1b\n|-supereffective|p1a: Aerodactyl|1\n|-damage|p1a: Aerodactyl|19/100\n|-damage|p1b: Farigiraf|74/100\n|cant|p1b: Farigiraf|flinch\n|\n|upkeep\n|turn|2\n|inactive|lakeandbake has 30 seconds left.\n|\n|t:|1776057365\n|switch|p2b: Incineroar|Incineroar, L50, F|100/100\n|-ability|p2b: Incineroar|Intimidate|boost\n|-unboost|p1a: Aerodactyl|atk|1\n|-unboost|p1b: Farigiraf|atk|1\n|move|p1a: Aerodactyl|Tailwind|p1a: Aerodactyl\n|-sidestart|p1: busterhavoc|move: Tailwind\n|move|p2a: Aerodactyl|Rock Slide|p1a: Aerodactyl|[spread] p1a,p1b\n|-supereffective|p1a: Aerodactyl|1\n|-damage|p1a: Aerodactyl|0 fnt\n|-damage|p1b: Farigiraf|50/100\n|faint|p1a: Aerodactyl\n|cant|p1b: Farigiraf|flinch\n|\n|upkeep\n|\n|t:|1776057377\n|switch|p1a: Hawlucha|Hawlucha, L50, F|100/100\n|turn|3\n|\n|t:|1776057386\n|detailschange|p1a: Hawlucha|Hawlucha-Mega, L50, F\n|-mega|p1a: Hawlucha|Hawlucha|Hawluchanite\n|move|p1a: Hawlucha|Stone Edge|p2a: Aerodactyl\n|-supereffective|p2a: Aerodactyl|1\n|-enditem|p2a: Aerodactyl|Focus Sash\n|-damage|p2a: Aerodactyl|1/100\n|move|p2a: Aerodactyl|Rock Slide|p1a: Hawlucha|[spread] p1a,p1b\n|-damage|p1a: Hawlucha|70/100\n|-damage|p1b: Farigiraf|22/100\n|move|p1b: Farigiraf|Hyper Voice|p2a: Aerodactyl|[spread] p2a,p2b\n|-resisted|p2a: Aerodactyl|1\n|-damage|p2a: Aerodactyl|0 fnt\n|-damage|p2b: Incineroar|77/100\n|faint|p2a: Aerodactyl\n|move|p2b: Incineroar|Throat Chop|p1b: Farigiraf\n|-supereffective|p1b: Farigiraf|1\n|-damage|p1b: Farigiraf|0 fnt\n|faint|p1b: Farigiraf\n|\n|upkeep\n|\n|t:|1776057405\n|switch|p2a: Delphox|Delphox, L50, M|100/100\n|switch|p1b: Delphox|Delphox, L50, M|100/100\n|turn|4\n|\n|t:|1776057417\n|switch|p2b: Rotom|Rotom-Wash, L50|100/100\n|detailschange|p2a: Delphox|Delphox-Mega, L50, M\n|-mega|p2a: Delphox|Delphox|Delphoxite\n|move|p2a: Delphox|Protect|p2a: Delphox\n|-singleturn|p2a: Delphox|Protect\n|move|p1a: Hawlucha|Stone Edge|p2a: Delphox\n|-activate|p2a: Delphox|move: Protect\n|move|p1b: Delphox|Focus Blast|p2b: Rotom|[miss]\n|-miss|p1b: Delphox|p2b: Rotom\n|\n|upkeep\n|turn|5\n|\n|t:|1776057434\n|switch|p2a: Incineroar|Incineroar, L50, F|77/100\n|-ability|p2a: Incineroar|Intimidate|boost\n|-unboost|p1a: Hawlucha|atk|1\n|-unboost|p1b: Delphox|atk|1\n|move|p1a: Hawlucha|Stone Edge|p2a: Incineroar\n|-supereffective|p2a: Incineroar|1\n|-damage|p2a: Incineroar|31/100\n|-enditem|p2a: Incineroar|Sitrus Berry|[eat]\n|-heal|p2a: Incineroar|56/100|[from] item: Sitrus Berry\n|move|p1b: Delphox|Psychic Noise|p2b: Rotom\n|-damage|p2b: Rotom|64/100\n|-start|p2b: Rotom|move: Heal Block\n|move|p2b: Rotom|Will-O-Wisp|p1a: Hawlucha\n|-status|p1a: Hawlucha|brn\n|\n|-damage|p1a: Hawlucha|64/100 brn|[from] brn\n|-sideend|p1: busterhavoc|move: Tailwind\n|upkeep\n|turn|6\n|\n|t:|1776057456\n|move|p1a: Hawlucha|Protect|p1a: Hawlucha\n|-singleturn|p1a: Hawlucha|Protect\n|move|p2a: Incineroar|Fake Out|p1b: Delphox\n|-damage|p1b: Delphox|83/100\n|cant|p1b: Delphox|flinch\n|move|p2b: Rotom|Thunderbolt|p1a: Hawlucha\n|-activate|p1a: Hawlucha|move: Protect\n|\n|-damage|p1a: Hawlucha|58/100 brn|[from] brn\n|-end|p2b: Rotom|move: Heal Block\n|upkeep\n|turn|7\n|\n|t:|1776057471\n|move|p1a: Hawlucha|High Jump Kick|p2a: Incineroar\n|-supereffective|p2a: Incineroar|1\n|-damage|p2a: Incineroar|14/100\n|move|p1b: Delphox|Psychic Noise|p2b: Rotom\n|-damage|p2b: Rotom|22/100\n|-start|p2b: Rotom|move: Heal Block\n|move|p2b: Rotom|Thunderbolt|p1a: Hawlucha\n|-supereffective|p1a: Hawlucha|1\n|-damage|p1a: Hawlucha|0 fnt\n|faint|p1a: Hawlucha\n|move|p2a: Incineroar|Throat Chop|p1b: Delphox\n|-supereffective|p1b: Delphox|1\n|-damage|p1b: Delphox|0 fnt\n|faint|p1b: Delphox\n|\n|win|lakeandbake\n|raw|busterhavoc's rating: 1102 &rarr; <strong>1083</strong><br />(-19 for losing)\n|raw|lakeandbake's rating: 1194 &rarr; <strong>1213</strong><br />(+19 for winning)\n",
  "uploadtime": 1776057472,
  "views": 12,
  "formatid": "gen9championsvgc2026regma",
  "rating": 1083,
  "private": 0,
  "password": null
}