{
  "id": "gen9championsvgc2026regma-2583927801",
  "format": "[Gen 9 Champions] VGC 2026 Reg M-A",
  "players": [
    "SekianGg77",
    "deivao06"
  ],
  "log": "|j|\u2606SekianGg77\n|j|\u2606deivao06\n|t:|1776209057\n|gametype|doubles\n|player|p1|SekianGg77|170|1093\n|player|p2|deivao06|169|1000\n|gen|9\n|tier|[Gen 9 Champions] VGC 2026 Reg M-A\n|rated|\n|rule|Species Clause: Limit one of each Pok\u00e9mon\n|rule|Item Clause: Limit 1 of each item\n|clearpoke\n|poke|p1|Aerodactyl, L50, M|\n|poke|p1|Aegislash, L50, F|\n|poke|p1|Incineroar, L50, M|\n|poke|p1|Floette-Eternal, L50, F|\n|poke|p1|Rotom-Wash, L50|\n|poke|p1|Whimsicott, L50, M|\n|poke|p2|Gengar, L50, M|\n|poke|p2|Corviknight, L50, M|\n|poke|p2|Dragapult, L50, F|\n|poke|p2|Tinkaton, L50, F|\n|poke|p2|Clefable, L50, M|\n|poke|p2|Gyarados, L50, M|\n|teampreview|4\n|l|\u2606deivao06\n|player|p2|\n|j|\u2606deivao06\n|player|p2|deivao06|169|\n|\n|t:|1776209101\n|teamsize|p1|4\n|teamsize|p2|4\n|start\n|switch|p1a: Aerodactyl|Aerodactyl, L50, M|100/100\n|switch|p1b: Aegislash|Aegislash, L50, F, shiny|100/100\n|switch|p2a: Gengar|Gengar, L50, M, shiny|100/100\n|switch|p2b: Gyarados|Gyarados, L50, M|100/100\n|-ability|p1a: Aerodactyl|Unnerve\n|-ability|p2b: Gyarados|Intimidate|boost\n|-unboost|p1a: Aerodactyl|atk|1\n|-unboost|p1b: Aegislash|atk|1\n|turn|1\n|\n|t:|1776209119\n|detailschange|p2a: Gengar|Gengar-Mega, L50, M, shiny\n|-mega|p2a: Gengar|Gengar|Gengarite\n|move|p1a: Aerodactyl|Protect|p1a: Aerodactyl\n|-singleturn|p1a: Aerodactyl|Protect\n|move|p1b: Aegislash|King's Shield|p1b: Aegislash\n|-singleturn|p1b: Aegislash|Protect\n|move|p2a: Gengar|Perish Song|p2a: Gengar\n|-start|p1a: Aerodactyl|perish3|[silent]\n|-start|p1b: Aegislash|perish3|[silent]\n|-start|p2a: Gengar|perish3|[silent]\n|-start|p2b: Gyarados|perish3|[silent]\n|-fieldactivate|move: Perish Song\n|move|p2b: Gyarados|Thunder Wave|p1a: Aerodactyl\n|-activate|p1a: Aerodactyl|move: Protect\n|\n|-start|p2a: Gengar|perish3\n|-start|p1a: Aerodactyl|perish3\n|-start|p2b: Gyarados|perish3\n|-start|p1b: Aegislash|perish3\n|upkeep\n|turn|2\n|\n|t:|1776209135\n|switch|p2b: Clefable|Clefable, L50, M|100/100\n|detailschange|p1a: Aerodactyl|Aerodactyl-Mega, L50, M\n|-mega|p1a: Aerodactyl|Aerodactyl|Aerodactylite\n|move|p2a: Gengar|Protect|p2a: Gengar\n|-singleturn|p2a: Gengar|Protect\n|-formechange|p1b: Aegislash|Aegislash-Blade|\n|move|p1b: Aegislash|Shadow Sneak|p2a: Gengar\n|-activate|p2a: Gengar|move: Protect\n|move|p1a: Aerodactyl|Dual Wingbeat|p2a: Gengar\n|-activate|p2a: Gengar|move: Protect\n|\n|-start|p1a: Aerodactyl|perish2\n|-start|p2a: Gengar|perish2\n|-start|p1b: Aegislash|perish2\n|upkeep\n|turn|3\n|\n|t:|1776209157\n|move|p2b: Clefable|Follow Me|p2b: Clefable\n|-singleturn|p2b: Clefable|move: Follow Me\n|move|p1b: Aegislash|Shadow Sneak|p2b: Clefable\n|-damage|p2b: Clefable|83/100\n|move|p1a: Aerodactyl|Rock Slide|p2a: Gengar|[spread] p2a,p2b\n|-damage|p2a: Gengar|74/100\n|-damage|p2b: Clefable|55/100\n|move|p2a: Gengar|Disable|p1b: Aegislash\n|-start|p1b: Aegislash|Disable|Shadow Sneak\n|\n|-start|p1a: Aerodactyl|perish1\n|-start|p2a: Gengar|perish1\n|-start|p1b: Aegislash|perish1\n|upkeep\n|turn|4\n|\n|t:|1776209184\n|switch|p2a: Tinkaton|Tinkaton, L50, F|100/100\n|switch|p2b: Gyarados|Gyarados, L50, M|100/100\n|-ability|p2b: Gyarados|Intimidate|boost\n|-unboost|p1a: Aerodactyl|atk|1\n|-unboost|p1b: Aegislash|atk|1\n|move|p1a: Aerodactyl|Rock Slide|p2a: Tinkaton|[spread] p2a,p2b\n|-resisted|p2a: Tinkaton|1\n|-supereffective|p2b: Gyarados|1\n|-damage|p2a: Tinkaton|93/100\n|-damage|p2b: Gyarados|61/100\n|move|p1b: Aegislash|Iron Head|p2b: Gyarados\n|-resisted|p2b: Gyarados|1\n|-damage|p2b: Gyarados|46/100\n|\n|-start|p1a: Aerodactyl|perish0\n|-start|p1b: Aegislash|perish0\n|upkeep\n|faint|p1a: Aerodactyl\n|faint|p1b: Aegislash\n|\n|t:|1776209191\n|switch|p1a: Whimsicott|Whimsicott, L50, M|100/100\n|switch|p1b: Rotom|Rotom-Wash, L50|100/100\n|turn|5\n|\n|t:|1776209212\n|move|p1a: Whimsicott|Protect|p1a: Whimsicott\n|-singleturn|p1a: Whimsicott|Protect\n|move|p1b: Rotom|Protect|p1b: Rotom\n|-singleturn|p1b: Rotom|Protect\n|move|p2a: Tinkaton|Fake Out|p1a: Whimsicott\n|-activate|p1a: Whimsicott|move: Protect\n|move|p2b: Gyarados|Taunt|p1b: Rotom\n|-activate|p1b: Rotom|move: Protect\n|\n|upkeep\n|turn|6\n|\n|t:|1776209228\n|move|p2b: Gyarados|Protect|p2b: Gyarados\n|-singleturn|p2b: Gyarados|Protect\n|move|p1a: Whimsicott|Tailwind|p1a: Whimsicott\n|-sidestart|p1: SekianGg77|move: Tailwind\n|move|p1b: Rotom|Hydro Pump|p2a: Tinkaton\n|-damage|p2a: Tinkaton|42/100\n|move|p2a: Tinkaton|Encore|p1a: Whimsicott\n|-start|p1a: Whimsicott|Encore\n|\n|upkeep\n|turn|7\n|\n|t:|1776209263\n|move|p1a: Whimsicott|Tailwind||[still]\n|-fail|p1a: Whimsicott\n|move|p1b: Rotom|Hydro Pump|p2a: Tinkaton\n|-damage|p2a: Tinkaton|0 fnt\n|faint|p2a: Tinkaton\n|move|p2b: Gyarados|Taunt|p1b: Rotom\n|-start|p1b: Rotom|move: Taunt\n|\n|upkeep\n|\n|t:|1776209270\n|switch|p2a: Gengar|Gengar-Mega, L50, M, shiny|74/100\n|turn|8\n|\n|t:|1776209281\n|move|p2b: Gyarados|Protect|p2b: Gyarados\n|-singleturn|p2b: Gyarados|Protect\n|move|p1a: Whimsicott|Tailwind||[still]\n|-fail|p1a: Whimsicott\n|move|p1b: Rotom|Hydro Pump|p2a: Gengar|[miss]\n|-miss|p1b: Rotom|p2a: Gengar\n|move|p2a: Gengar|Perish Song|p2a: Gengar\n|-start|p1a: Whimsicott|perish3|[silent]\n|-start|p1b: Rotom|perish3|[silent]\n|-start|p2a: Gengar|perish3|[silent]\n|-start|p2b: Gyarados|perish3|[silent]\n|-fieldactivate|move: Perish Song\n|\n|-start|p1a: Whimsicott|perish3\n|-start|p1b: Rotom|perish3\n|-start|p2a: Gengar|perish3\n|-start|p2b: Gyarados|perish3\n|upkeep\n|turn|9\n|\n|t:|1776209306\n|switch|p2b: Clefable|Clefable, L50, M|55/100\n|move|p1a: Whimsicott|Tailwind||[still]\n|-fail|p1a: Whimsicott\n|move|p1b: Rotom|Thunderbolt|p2b: Clefable\n|-damage|p2b: Clefable|9/100\n|-enditem|p2b: Clefable|Sitrus Berry|[eat]\n|-heal|p2b: Clefable|34/100|[from] item: Sitrus Berry\n|move|p2a: Gengar|Disable|p1b: Rotom\n|-start|p1b: Rotom|Disable|Thunderbolt\n|\n|-end|p1a: Whimsicott|Encore\n|-start|p1b: Rotom|perish2\n|-start|p1a: Whimsicott|perish2\n|-start|p2a: Gengar|perish2\n|-sideend|p1: SekianGg77|move: Tailwind\n|upkeep\n|turn|10\n|\n|t:|1776209332\n|move|p1a: Whimsicott|Protect|p1a: Whimsicott\n|-singleturn|p1a: Whimsicott|Protect\n|move|p2a: Gengar|Protect|p2a: Gengar\n|-singleturn|p2a: Gengar|Protect\n|move|p2b: Clefable|Protect|p2b: Clefable\n|-singleturn|p2b: Clefable|Protect\n|move|p1b: Rotom|Hydro Pump|p2b: Clefable\n|-activate|p2b: Clefable|move: Protect\n|\n|-end|p1b: Rotom|move: Taunt\n|-start|p2a: Gengar|perish1\n|-start|p1a: Whimsicott|perish1\n|-start|p1b: Rotom|perish1\n|upkeep\n|turn|11\n|\n|t:|1776209350\n|switch|p2a: Gyarados|Gyarados, L50, M|46/100\n|-ability|p2a: Gyarados|Intimidate|boost\n|-unboost|p1a: Whimsicott|atk|1\n|-unboost|p1b: Rotom|atk|1\n|move|p1a: Whimsicott|Tailwind|p1a: Whimsicott\n|-sidestart|p1: SekianGg77|move: Tailwind\n|move|p1b: Rotom|Hydro Pump|p2b: Clefable\n|-damage|p2b: Clefable|0 fnt\n|faint|p2b: Clefable\n|\n|-start|p1a: Whimsicott|perish0\n|-start|p1b: Rotom|perish0\n|faint|p1a: Whimsicott\n|faint|p1b: Rotom\n|\n|win|deivao06\n|raw|SekianGg77's rating: 1093 &rarr; <strong>1063</strong><br />(-30 for losing)\n|raw|deivao06's rating: 1000 &rarr; <strong>1050</strong><br />(+50 for winning)\n|l|\u2606SekianGg77\n|player|p1|\n",
  "uploadtime": 1776209365,
  "views": 20,
  "formatid": "gen9championsvgc2026regma",
  "rating": 1050,
  "private": 0,
  "password": null
}