{
  "id": "gen9championsvgc2026regma-2580345823",
  "format": "[Gen 9 Champions] VGC 2026 Reg M-A",
  "players": [
    "bl4ze4444",
    "fooflybag"
  ],
  "log": "|j|\u2606bl4ze4444\n|j|\u2606fooflybag\n|t:|1775883228\n|gametype|doubles\n|player|p1|bl4ze4444|steven|1110\n|player|p2|fooflybag|acetrainerf|1111\n|gen|9\n|tier|[Gen 9 Champions] VGC 2026 Reg M-A\n|rated|\n|rule|Species Clause: Limit one of each Pok\u00e9mon\n|rule|Item Clause: Limit 1 of each item\n|clearpoke\n|poke|p1|Froslass, L50, F|\n|poke|p1|Kingambit, L50, M|\n|poke|p1|Whimsicott, L50, F|\n|poke|p1|Arcanine-Hisui, L50, M|\n|poke|p1|Garchomp, L50, M|\n|poke|p1|Rotom-Wash, L50|\n|poke|p2|Clefable, L50, M|\n|poke|p2|Talonflame, L50, M|\n|poke|p2|Sneasler, L50, M|\n|poke|p2|Primarina, L50, M|\n|poke|p2|Skarmory, L50, F|\n|poke|p2|Goodra-Hisui, L50, F|\n|teampreview|4\n|inactive|Battle timer is ON: inactive players will automatically lose when time's up. (requested by fooflybag)\n|c|\u2606fooflybag|glhf\nfooflybag rejected open team sheets.\n|c|\u2606bl4ze4444|glhf\n|inactive|bl4ze4444 has 60 seconds left.\n|inactive|fooflybag has 60 seconds left.\n|inactive|bl4ze4444 has 30 seconds left.\n|inactive|bl4ze4444 has 20 seconds left.\n|inactive|bl4ze4444 has 15 seconds left.\n|inactive|bl4ze4444 has 10 seconds left.\n|\n|t:|1775883312\n|teamsize|p1|4\n|teamsize|p2|4\n|start\n|switch|p1a: Rotom|Rotom-Wash, L50|100/100\n|switch|p1b: Whimsicott|Whimsicott, L50, F|100/100\n|switch|p2a: Talonflame|Talonflame, L50, M|100/100\n|switch|p2b: Skarmory|Skarmory, L50, F|100/100\n|turn|1\n|inactive|fooflybag has 30 seconds left.\n|inactive|fooflybag has 20 seconds left.\n|\n|t:|1775883347\n|switch|p2b: Goodra|Goodra-Hisui, L50, F|100/100\n|move|p2a: Talonflame|Acrobatics|p1b: Whimsicott\n|-supereffective|p1b: Whimsicott|1\n|-enditem|p1b: Whimsicott|Focus Sash\n|-damage|p1b: Whimsicott|1/100\n|move|p1b: Whimsicott|Tailwind|p1b: Whimsicott\n|-sidestart|p1: bl4ze4444|move: Tailwind\n|move|p1a: Rotom|Hydro Pump|p2a: Talonflame\n|-supereffective|p2a: Talonflame|1\n|-damage|p2a: Talonflame|0 fnt\n|faint|p2a: Talonflame\n|\n|upkeep\n|\n|t:|1775883359\n|switch|p2a: Primarina|Primarina, L50, M|100/100\n|turn|2\n|\n|t:|1775883373\n|move|p1b: Whimsicott|Protect|p1b: Whimsicott\n|-singleturn|p1b: Whimsicott|Protect\n|move|p1a: Rotom|Thunderbolt|p2a: Primarina\n|-supereffective|p2a: Primarina|1\n|-damage|p2a: Primarina|18/100\n|move|p2a: Primarina|Hyper Voice|p1b: Whimsicott|[spread] p1a\n|-activate|p1b: Whimsicott|move: Protect\n|-resisted|p1a: Rotom|1\n|-damage|p1a: Rotom|76/100\n|move|p2b: Goodra|Shelter|p2b: Goodra\n|-boost|p2b: Goodra|def|2\n|\n|upkeep\n|turn|3\n|inactive|bl4ze4444 has 30 seconds left.\n|inactive|fooflybag has 30 seconds left.\n|\n|t:|1775883409\n|move|p2a: Primarina|Protect|p2a: Primarina\n|-singleturn|p2a: Primarina|Protect\n|move|p1b: Whimsicott|Encore|p2b: Goodra\n|-start|p2b: Goodra|Encore\n|move|p1a: Rotom|Thunderbolt|p2a: Primarina\n|-activate|p2a: Primarina|move: Protect\n|move|p2b: Goodra|Shelter|p2b: Goodra\n|-boost|p2b: Goodra|def|2\n|\n|upkeep\n|turn|4\n|\n|t:|1775883429\n|move|p1b: Whimsicott|Moonblast|p2a: Primarina\n|-damage|p2a: Primarina|0 fnt\n|faint|p2a: Primarina\n|move|p1a: Rotom|Thunderbolt|p2b: Goodra\n|-resisted|p2b: Goodra|1\n|-damage|p2b: Goodra|83/100\n|move|p2b: Goodra|Shelter|p2b: Goodra\n|-boost|p2b: Goodra|def|2\n|\n|-sideend|p1: bl4ze4444|move: Tailwind\n|upkeep\n|\n|t:|1775883432\n|switch|p2a: Skarmory|Skarmory, L50, F|100/100\n|turn|5\n|\n|t:|1775883450\n|move|p1b: Whimsicott|Protect|p1b: Whimsicott\n|-singleturn|p1b: Whimsicott|Protect\n|move|p2a: Skarmory|Rock Slide|p1a: Rotom|[spread] \n|-activate|p1b: Whimsicott|move: Protect\n|-miss|p2a: Skarmory|p1a: Rotom\n|move|p1a: Rotom|Thunderbolt|p2a: Skarmory\n|-supereffective|p2a: Skarmory|1\n|-ability|p2a: Skarmory|Sturdy\n|-damage|p2a: Skarmory|1/100\n|move|p2b: Goodra|Shelter|p2b: Goodra\n|-boost|p2b: Goodra|def|0\n|\n|-end|p2b: Goodra|Encore\n|upkeep\n|turn|6\n|\n|t:|1775883471\n|detailschange|p2a: Skarmory|Skarmory-Mega, L50, F\n|-mega|p2a: Skarmory|Skarmory|Skarmorite\n|move|p2b: Goodra|Protect|p2b: Goodra\n|-singleturn|p2b: Goodra|Protect\n|move|p1b: Whimsicott|Encore|p2b: Goodra\n|-activate|p2b: Goodra|move: Protect\n|move|p2a: Skarmory|Rock Slide|p1a: Rotom|[spread] p1a\n|-miss|p2a: Skarmory|p1b: Whimsicott\n|-damage|p1a: Rotom|55/100\n|move|p1a: Rotom|Thunderbolt|p2a: Skarmory\n|-supereffective|p2a: Skarmory|1\n|-damage|p2a: Skarmory|0 fnt\n|faint|p2a: Skarmory\n|\n|upkeep\n|turn|7\n|c|\u2606fooflybag|rip\n|c|\u2606fooflybag|gg\n|-message|fooflybag forfeited.\n|\n|win|bl4ze4444\n|raw|bl4ze4444's rating: 1110 &rarr; <strong>1135</strong><br />(+25 for winning)\n|raw|fooflybag's rating: 1111 &rarr; <strong>1086</strong><br />(-25 for losing)\n|c|\u2606bl4ze4444|gg\n",
  "uploadtime": 1775883502,
  "views": 13,
  "formatid": "gen9championsvgc2026regma",
  "rating": 1086,
  "private": 0,
  "password": null
}