{
  "id": "gen9championsvgc2026regma-2580298230",
  "format": "[Gen 9 Champions] VGC 2026 Reg M-A",
  "players": [
    "Rulrus",
    "starburst48763"
  ],
  "log": "|j|\u2606Rulrus\n|j|\u2606starburst48763\n|t:|1775877430\n|gametype|doubles\n|player|p1|Rulrus|zinzolin|1070\n|player|p2|starburst48763|265|1135\n|gen|9\n|tier|[Gen 9 Champions] VGC 2026 Reg M-A\n|rated|\n|rule|Species Clause: Limit one of each Pok\u00e9mon\n|rule|Item Clause: Limit 1 of each item\n|clearpoke\n|poke|p1|Gengar, L50, F|\n|poke|p1|Incineroar, L50, F|\n|poke|p1|Palafin, L50, F|\n|poke|p1|Garchomp, L50, F|\n|poke|p1|Corviknight, L50, M|\n|poke|p1|Sneasler, L50, F|\n|poke|p2|Gardevoir, L50, M|\n|poke|p2|Incineroar, L50, M|\n|poke|p2|Sneasler, L50, M|\n|poke|p2|Sinistcha-Masterpiece, L50|\n|poke|p2|Rotom-Wash, L50|\n|poke|p2|Tyranitar, L50, M|\n|teampreview|4\n|inactive|Battle timer is ON: inactive players will automatically lose when time's up. (requested by Rulrus)\n|\n|t:|1775877453\n|teamsize|p1|4\n|teamsize|p2|4\n|start\n|switch|p1a: Palafin|Palafin, L50, F|100/100\n|switch|p1b: Corviknight|Corviknight, L50, M|100/100\n|switch|p2a: Rotom|Rotom-Wash, L50|100/100\n|switch|p2b: Gardevoir|Gardevoir, L50, M|100/100\n|-ability|p2b: Gardevoir|Mirror Armor|Trace|[from] ability: Trace|[of] p1b: Corviknight\n|turn|1\n|\n|t:|1775877468\n|detailschange|p2b: Gardevoir|Gardevoir-Mega, L50, M\n|-mega|p2b: Gardevoir|Gardevoir|Gardevoirite\n|move|p1a: Palafin|Flip Turn|p2a: Rotom\n|-resisted|p2a: Rotom|1\n|-damage|p2a: Rotom|90/100\n|\n|t:|1775877471\n|detailschange|p1a: Palafin|Palafin-Hero, L50, F\n|switch|p1a: Sneasler|Sneasler, L50, F|100/100|[from] Flip Turn\n|move|p2b: Gardevoir|Psyshock|p1a: Sneasler\n|-supereffective|p1a: Sneasler|2\n|-enditem|p1a: Sneasler|Focus Sash\n|-damage|p1a: Sneasler|1/100\n|move|p2a: Rotom|Thunderbolt|p1b: Corviknight\n|-supereffective|p1b: Corviknight|1\n|-damage|p1b: Corviknight|36/100\n|move|p1b: Corviknight|Tailwind|p1b: Corviknight\n|-sidestart|p1: Rulrus|move: Tailwind\n|\n|-heal|p1b: Corviknight|42/100|[from] item: Leftovers\n|upkeep\n|turn|2\n|\n|t:|1775877483\n|move|p2b: Gardevoir|Protect|p2b: Gardevoir\n|-singleturn|p2b: Gardevoir|Protect\n|move|p1a: Sneasler|Dire Claw|p2b: Gardevoir\n|-activate|p2b: Gardevoir|move: Protect\n|move|p1b: Corviknight|Roost|p1b: Corviknight\n|-heal|p1b: Corviknight|92/100\n|-singleturn|p1b: Corviknight|move: Roost\n|move|p2a: Rotom|Electroweb|p1b: Corviknight|[spread] p1a\n|-miss|p2a: Rotom|p1b: Corviknight\n|-crit|p1a: Sneasler\n|-damage|p1a: Sneasler|0 fnt\n|faint|p1a: Sneasler\n|\n|-heal|p1b: Corviknight|98/100|[from] item: Leftovers\n|upkeep\n|\n|t:|1775877488\n|switch|p1a: Palafin|Palafin-Hero, L50, F|100/100\n|-activate|p1a: Palafin|ability: Zero to Hero\n|turn|3\n|\n|t:|1775877508\n|switch|p1a: Incineroar|Incineroar, L50, F|100/100\n|-ability|p1a: Incineroar|Intimidate|boost\n|-unboost|p2a: Rotom|atk|1\n|-unboost|p2b: Gardevoir|atk|1\n|switch|p2b: Sinistcha|Sinistcha-Masterpiece, L50|100/100\n|-heal|p2a: Rotom|100/100|[from] ability: Hospitality|[of] p2b: Sinistcha\n|move|p1b: Corviknight|Brave Bird|p2a: Rotom\n|-resisted|p2a: Rotom|1\n|-damage|p2a: Rotom|79/100\n|-damage|p1b: Corviknight|93/100|[from] Recoil\n|move|p2a: Rotom|Thunderbolt|p1a: Incineroar\n|-damage|p1a: Incineroar|60/100\n|\n|-heal|p1b: Corviknight|99/100|[from] item: Leftovers\n|upkeep\n|turn|4\n|inactive|starburst48763 has 30 seconds left.\n|\n|t:|1775877543\n|switch|p2b: Sneasler|Sneasler, L50, M|100/100\n|move|p1a: Incineroar|Fake Out|p2a: Rotom\n|-damage|p2a: Rotom|66/100\n|move|p1b: Corviknight|Brave Bird|p2b: Sneasler\n|-supereffective|p2b: Sneasler|1\n|-damage|p2b: Sneasler|0 fnt\n|faint|p2b: Sneasler\n|-damage|p1b: Corviknight|74/100|[from] Recoil\n|cant|p2a: Rotom|flinch\n|\n|-heal|p1b: Corviknight|80/100|[from] item: Leftovers\n|-sideend|p1: Rulrus|move: Tailwind\n|upkeep\n|\n|t:|1775877549\n|switch|p2b: Gardevoir|Gardevoir-Mega, L50, M|100/100\n|turn|5\n|\n|t:|1775877566\n|move|p2b: Gardevoir|Hyper Voice|p1a: Incineroar|[spread] p1a,p1b\n|-resisted|p1b: Corviknight|1\n|-damage|p1a: Incineroar|17/100\n|-damage|p1b: Corviknight|60/100\n|move|p2a: Rotom|Thunderbolt|p1b: Corviknight\n|-supereffective|p1b: Corviknight|1\n|-damage|p1b: Corviknight|0 fnt\n|faint|p1b: Corviknight\n|move|p1a: Incineroar|Parting Shot|p2a: Rotom\n|-unboost|p2a: Rotom|atk|1\n|-unboost|p2a: Rotom|spa|1\n|\n|t:|1775877572\n|switch|p1a: Palafin|Palafin-Hero, L50, F|100/100|[from] Parting Shot\n|\n|upkeep\n|\n|t:|1775877574\n|switch|p1b: Incineroar|Incineroar, L50, F|17/100\n|-ability|p1b: Incineroar|Intimidate|boost\n|-unboost|p2a: Rotom|atk|1\n|-unboost|p2b: Gardevoir|atk|1\n|turn|6\n|\n|t:|1775877582\n|switch|p2a: Sinistcha|Sinistcha-Masterpiece, L50|100/100\n|move|p2b: Gardevoir|Protect|p2b: Gardevoir\n|-singleturn|p2b: Gardevoir|Protect\n|move|p1b: Incineroar|Fake Out|p2a: Sinistcha\n|-immune|p2a: Sinistcha\n|move|p1a: Palafin|Wave Crash|p2b: Gardevoir\n|-activate|p2b: Gardevoir|move: Protect\n|\n|upkeep\n|turn|7\n|\n|t:|1775877587\n|move|p2a: Sinistcha|Rage Powder|p2a: Sinistcha\n|-singleturn|p2a: Sinistcha|move: Rage Powder\n|move|p1a: Palafin|Wave Crash|p2a: Sinistcha\n|-resisted|p2a: Sinistcha|1\n|-damage|p2a: Sinistcha|70/100\n|-damage|p1a: Palafin|92/100|[from] Recoil\n|move|p2b: Gardevoir|Hyper Voice|p1b: Incineroar|[spread] p1a,p1b\n|-damage|p1a: Palafin|47/100\n|-damage|p1b: Incineroar|0 fnt\n|faint|p1b: Incineroar\n|\n|upkeep\n|turn|8\n|\n|t:|1775877591\n|move|p2a: Sinistcha|Rage Powder|p2a: Sinistcha\n|-singleturn|p2a: Sinistcha|move: Rage Powder\n|move|p1a: Palafin|Wave Crash|p2a: Sinistcha\n|-resisted|p2a: Sinistcha|1\n|-damage|p2a: Sinistcha|38/100\n|-enditem|p2a: Sinistcha|Sitrus Berry|[eat]\n|-heal|p2a: Sinistcha|62/100|[from] item: Sitrus Berry\n|-damage|p1a: Palafin|38/100|[from] Recoil\n|move|p2b: Gardevoir|Hyper Voice|p1a: Palafin\n|-damage|p1a: Palafin|0 fnt\n|faint|p1a: Palafin\n|\n|win|starburst48763\n|raw|Rulrus's rating: 1070 &rarr; <strong>1053</strong><br />(-17 for losing)\n|raw|starburst48763's rating: 1135 &rarr; <strong>1155</strong><br />(+20 for winning)\n|l|\u2606Rulrus\n|player|p1|\n",
  "uploadtime": 1775877596,
  "views": 25,
  "formatid": "gen9championsvgc2026regma",
  "rating": 1053,
  "private": 0,
  "password": null
}