{
  "id": "gen9championsvgc2026regma-2587633898",
  "format": "[Gen 9 Champions] VGC 2026 Reg M-A",
  "players": [
    "Mandarino111",
    "lolgz"
  ],
  "log": "|j|\u2606Mandarino111\n|j|\u2606lolgz\n|t:|1776548875\n|gametype|doubles\n|player|p1|Mandarino111|giovanni|1369\n|player|p2|lolgz|dawn|1475\n|gen|9\n|tier|[Gen 9 Champions] VGC 2026 Reg M-A\n|rated|\n|rule|Species Clause: Limit one of each Pok\u00e9mon\n|rule|Item Clause: Limit 1 of each item\n|clearpoke\n|poke|p1|Spiritomb, L50, M|\n|poke|p1|Camerupt, L50, F|\n|poke|p1|Torkoal, L50, F|\n|poke|p1|Alcremie, L50, F|\n|poke|p1|Sableye, L50, M|\n|poke|p1|Empoleon, L50, F|\n|poke|p2|Charizard, L50, F|\n|poke|p2|Basculegion, L50, M|\n|poke|p2|Garchomp, L50, M|\n|poke|p2|Floette-Eternal, L50, F|\n|poke|p2|Aerodactyl, L50, F|\n|poke|p2|Sinistcha, L50|\n|teampreview|4\n|inactive|Battle timer is ON: inactive players will automatically lose when time's up. (requested by Mandarino111)\n|\n|t:|1776548907\n|teamsize|p1|4\n|teamsize|p2|4\n|start\n|switch|p1a: Spiritomb|Spiritomb, L50, M|100/100\n|switch|p1b: Sableye|Sableye, L50, M|100/100\n|switch|p2a: Garchomp|Garchomp, L50, M|100/100\n|switch|p2b: Floette|Floette-Eternal, L50, F|100/100\n|turn|1\n|inactive|lolgz has 30 seconds left.\n|\n|t:|1776548937\n|detailschange|p2b: Floette|Floette-Mega, L50, F\n|-mega|p2b: Floette|Floette|Floettite\n|-ability|p2b: Floette|Fairy Aura\n|move|p1b: Sableye|Fake Out|p2b: Floette\n|-damage|p2b: Floette|90/100\n|cant|p2b: Floette|flinch\n|move|p2a: Garchomp|Stomping Tantrum|p1b: Sableye\n|-damage|p1b: Sableye|60/100\n|move|p1a: Spiritomb|Trick Room|p1a: Spiritomb\n|-fieldstart|move: Trick Room|[of] p1a: Spiritomb\n|\n|upkeep\n|turn|2\n|inactive|Mandarino111 has 30 seconds left.\n|\n|t:|1776548971\n|move|p1b: Sableye|Will-O-Wisp|p2a: Garchomp\n|-status|p2a: Garchomp|brn\n|move|p1a: Spiritomb|Dark Pulse|p2a: Garchomp\n|-damage|p2a: Garchomp|67/100 brn\n|cant|p2a: Garchomp|flinch\n|move|p2b: Floette|Dazzling Gleam|p1b: Sableye|[spread] p1a,p1b\n|-supereffective|p1a: Spiritomb|1\n|-supereffective|p1b: Sableye|1\n|-damage|p1a: Spiritomb|27/100\n|-damage|p1b: Sableye|0 fnt\n|faint|p1b: Sableye\n|\n|-damage|p2a: Garchomp|61/100 brn|[from] brn\n|upkeep\n|\n|t:|1776548981\n|switch|p1b: Alcremie|Alcremie, L50, F|100/100\n|turn|3\n|\n|t:|1776548993\n|move|p1a: Spiritomb|Helping Hand|p1b: Alcremie\n|-singleturn|p1b: Alcremie|Helping Hand|[of] p1a: Spiritomb\n|move|p1b: Alcremie|Dazzling Gleam|p2b: Floette|[spread] p2a,p2b\n|-supereffective|p2a: Garchomp|1\n|-crit|p2b: Floette\n|-damage|p2a: Garchomp|0 fnt\n|-damage|p2b: Floette|9/100\n|faint|p2a: Garchomp\n|move|p2b: Floette|Dazzling Gleam|p1b: Alcremie|[spread] p1a,p1b\n|-supereffective|p1a: Spiritomb|1\n|-damage|p1a: Spiritomb|0 fnt\n|-damage|p1b: Alcremie|56/100\n|faint|p1a: Spiritomb\n|\n|-heal|p1b: Alcremie|62/100|[from] item: Leftovers\n|upkeep\n|\n|t:|1776549008\n|switch|p1a: Camerupt|Camerupt, L50, F|100/100\n|switch|p2a: Basculegion|Basculegion, L50, M|100/100\n|turn|4\n|inactive|Mandarino111 has 30 seconds left.\n|\n|t:|1776549038\n|switch|p2b: Sinistcha|Sinistcha, L50|100/100\n|move|p1a: Camerupt|Protect|p1a: Camerupt\n|-singleturn|p1a: Camerupt|Protect\n|move|p2a: Basculegion|Aqua Jet|p1a: Camerupt\n|-activate|p1a: Camerupt|move: Protect\n|move|p1b: Alcremie|Dazzling Gleam|p2a: Basculegion|[spread] p2a,p2b\n|-damage|p2a: Basculegion|66/100\n|-damage|p2b: Sinistcha|66/100\n|\n|-heal|p1b: Alcremie|68/100|[from] item: Leftovers\n|upkeep\n|turn|5\n|\n|t:|1776549061\n|move|p2a: Basculegion|Aqua Jet|p1a: Camerupt\n|-supereffective|p1a: Camerupt|2\n|-damage|p1a: Camerupt|0 fnt\n|faint|p1a: Camerupt\n|move|p1b: Alcremie|Dazzling Gleam|p2a: Basculegion|[spread] p2a,p2b\n|-damage|p2a: Basculegion|32/100\n|-damage|p2b: Sinistcha|33/100\n|-enditem|p2b: Sinistcha|Sitrus Berry|[eat]\n|-heal|p2b: Sinistcha|57/100|[from] item: Sitrus Berry\n|move|p2b: Sinistcha|Matcha Gotcha|p1b: Alcremie\n|-damage|p1b: Alcremie|40/100\n|-heal|p2b: Sinistcha|71/100|[from] drain|[of] p1b: Alcremie\n|\n|-heal|p1b: Alcremie|46/100|[from] item: Leftovers\n|-fieldend|move: Trick Room\n|upkeep\n|turn|6\n|-message|Mandarino111 forfeited.\n|\n|win|lolgz\n|raw|Mandarino111's rating: 1369 &rarr; <strong>1354</strong><br />(-15 for losing)\n|raw|lolgz's rating: 1452 &rarr; <strong>1467</strong><br />(+15 for winning)\n",
  "uploadtime": 1776549068,
  "views": 16,
  "formatid": "gen9championsvgc2026regma",
  "rating": 1354,
  "private": 0,
  "password": null
}