{
  "id": "gen9championsvgc2026regma-2587658396",
  "format": "[Gen 9 Champions] VGC 2026 Reg M-A",
  "players": [
    "Chamalo",
    "ImHastur"
  ],
  "log": "|j|\u2606Chamalo\n|j|\u2606ImHastur\n|t:|1776551153\n|gametype|doubles\n|player|p1|Chamalo|caitlin|1105\n|player|p2|ImHastur|misty|1090\n|gen|9\n|tier|[Gen 9 Champions] VGC 2026 Reg M-A\n|rated|\n|rule|Species Clause: Limit one of each Pok\u00e9mon\n|rule|Item Clause: Limit 1 of each item\n|clearpoke\n|poke|p1|Pelipper, L50, F|\n|poke|p1|Basculegion, L50, M|\n|poke|p1|Archaludon, L50, M|\n|poke|p1|Scizor, L50, F|\n|poke|p1|Garchomp, L50, M|\n|poke|p1|Sinistcha, L50|\n|poke|p2|Chandelure, L50, M|\n|poke|p2|Aerodactyl, L50, F|\n|poke|p2|Sinistcha, L50|\n|poke|p2|Excadrill, L50, F|\n|poke|p2|Tyranitar, L50, F|\n|poke|p2|Incineroar, L50, F|\n|teampreview|4\n|\n|t:|1776551197\n|teamsize|p1|4\n|teamsize|p2|4\n|start\n|switch|p1a: Pelipper|Pelipper, L50, F|100/100\n|switch|p1b: Garchomp|Garchomp, L50, M|100/100\n|switch|p2a: Sinistcha|Sinistcha, L50|100/100\n|switch|p2b: Excadrill|Excadrill, L50, F|100/100\n|-weather|RainDance|[from] ability: Drizzle|[of] p1a: Pelipper\n|turn|1\n|inactive|Battle timer is ON: inactive players will automatically lose when time's up. (requested by ImHastur)\n|inactive|Chamalo has 60 seconds left.\n|inactive|ImHastur has 60 seconds left.\n|inactive|Chamalo has 30 seconds left.\n|\n|t:|1776551260\n|switch|p2b: Aerodactyl|Aerodactyl, L50, F|100/100\n|-ability|p2b: Aerodactyl|Unnerve\n|move|p2a: Sinistcha|Rage Powder|p2a: Sinistcha\n|-singleturn|p2a: Sinistcha|move: Rage Powder\n|move|p1b: Garchomp|Dragon Claw|p2a: Sinistcha\n|-damage|p2a: Sinistcha|59/100\n|move|p1a: Pelipper|Tailwind|p1a: Pelipper\n|-sidestart|p1: Chamalo|move: Tailwind\n|\n|-weather|RainDance|[upkeep]\n|upkeep\n|turn|2\n|inactive|Chamalo has 30 seconds left.\n|inactive|Chamalo has 20 seconds left.\n|inactive|Chamalo has 15 seconds left.\n|\n|t:|1776551302\n|move|p1b: Garchomp|Rock Slide|p2a: Sinistcha|[spread] p2a,p2b\n|-supereffective|p2b: Aerodactyl|1\n|-damage|p2a: Sinistcha|42/100\n|-damage|p2b: Aerodactyl|33/100\n|move|p2b: Aerodactyl|Tailwind|p2b: Aerodactyl\n|-sidestart|p2: ImHastur|move: Tailwind\n|move|p2a: Sinistcha|Matcha Gotcha|p1b: Garchomp|[spread] p1a,p1b\n|-damage|p1a: Pelipper|60/100\n|-heal|p2a: Sinistcha|58/100|[from] drain|[of] p1a: Pelipper\n|-damage|p1b: Garchomp|74/100\n|-heal|p2a: Sinistcha|72/100|[from] drain|[of] p1b: Garchomp\n|-status|p1a: Pelipper|brn\n|move|p1a: Pelipper|Hurricane|p2a: Sinistcha\n|-supereffective|p2a: Sinistcha|1\n|-damage|p2a: Sinistcha|0 fnt\n|faint|p2a: Sinistcha\n|\n|-weather|RainDance|[upkeep]\n|-damage|p1a: Pelipper|55/100 brn|[from] brn\n|upkeep\n|\n|t:|1776551322\n|switch|p2a: Tyranitar|Tyranitar, L50, F|100/100\n|-weather|Sandstorm|[from] ability: Sand Stream|[of] p2a: Tyranitar\n|turn|3\n|\n|t:|1776551333\n|switch|p1a: Sinistcha|Sinistcha, L50|100/100\n|-heal|p1b: Garchomp|99/100|[from] ability: Hospitality|[of] p1a: Sinistcha\n|detailschange|p2a: Tyranitar|Tyranitar-Mega, L50, F\n|-mega|p2a: Tyranitar|Tyranitar|Tyranitarite\n|move|p2b: Aerodactyl|Wide Guard|p2b: Aerodactyl\n|-singleturn|p2b: Aerodactyl|Wide Guard\n|move|p1b: Garchomp|Stomping Tantrum|p2a: Tyranitar\n|-supereffective|p2a: Tyranitar|1\n|-damage|p2a: Tyranitar|45/100\n|move|p2a: Tyranitar|Ice Punch|p1b: Garchomp\n|-supereffective|p1b: Garchomp|2\n|-damage|p1b: Garchomp|0 fnt\n|-damage|p2a: Tyranitar|33/100|[from] ability: Rough Skin|[of] p1b: Garchomp\n|faint|p1b: Garchomp\n|\n|-weather|Sandstorm|[upkeep]\n|-damage|p1a: Sinistcha|94/100|[from] Sandstorm\n|upkeep\n|inactive|Chamalo has 30 seconds left.\n|\n|t:|1776551359\n|switch|p1b: Basculegion|Basculegion, L50, M|100/100\n|turn|4\n|\n|t:|1776551370\n|move|p2a: Tyranitar|Protect|p2a: Tyranitar\n|-singleturn|p2a: Tyranitar|Protect\n|move|p1a: Sinistcha|Rage Powder|p1a: Sinistcha\n|-singleturn|p1a: Sinistcha|move: Rage Powder\n|move|p2b: Aerodactyl|Rock Slide|p1a: Sinistcha|[spread] p1a,p1b\n|-damage|p1a: Sinistcha|76/100\n|-damage|p1b: Basculegion|70/100\n|cant|p1b: Basculegion|flinch\n|\n|-weather|Sandstorm|[upkeep]\n|-damage|p1b: Basculegion|64/100|[from] Sandstorm\n|-damage|p1a: Sinistcha|70/100|[from] Sandstorm\n|-sideend|p1: Chamalo|move: Tailwind\n|upkeep\n|turn|5\n|\n|t:|1776551388\n|move|p1a: Sinistcha|Rage Powder|p1a: Sinistcha\n|-singleturn|p1a: Sinistcha|move: Rage Powder\n|move|p2b: Aerodactyl|Rock Slide|p1a: Sinistcha|[spread] p1b\n|-miss|p2b: Aerodactyl|p1a: Sinistcha\n|-damage|p1b: Basculegion|33/100\n|move|p2a: Tyranitar|Crunch|p1a: Sinistcha\n|-supereffective|p1a: Sinistcha|1\n|-damage|p1a: Sinistcha|11/100\n|cant|p1b: Basculegion|flinch\n|\n|-weather|Sandstorm|[upkeep]\n|-damage|p1b: Basculegion|27/100|[from] Sandstorm\n|-damage|p1a: Sinistcha|5/100|[from] Sandstorm\n|-sideend|p2: ImHastur|move: Tailwind\n|upkeep\n|turn|6\n|\n|t:|1776551405\n|move|p1b: Basculegion|Aqua Jet|p2a: Tyranitar\n|-supereffective|p2a: Tyranitar|1\n|-damage|p2a: Tyranitar|1/100\n|move|p2b: Aerodactyl|Rock Slide|p1a: Sinistcha|[spread] p1a,p1b\n|-damage|p1a: Sinistcha|0 fnt\n|-damage|p1b: Basculegion|0 fnt\n|faint|p1a: Sinistcha\n|faint|p1b: Basculegion\n|move|p2a: Tyranitar|Rock Slide|p1: Sinistcha|[notarget]\n|-fail|p2a: Tyranitar\n|\n|-weather|Sandstorm|[upkeep]\n|upkeep\n|\n|t:|1776551409\n|switch|p1b: Pelipper|Pelipper, L50, F|55/100 brn\n|-weather|RainDance|[from] ability: Drizzle|[of] p1b: Pelipper\n|turn|7\n|\n|t:|1776551424\n|switch|p2a: Excadrill|Excadrill, L50, F|100/100\n|move|p2b: Aerodactyl|Rock Slide|p1b: Pelipper\n|-supereffective|p1b: Pelipper|1\n|-damage|p1b: Pelipper|0 fnt\n|faint|p1b: Pelipper\n|\n|win|ImHastur\n|raw|Chamalo's rating: 1105 &rarr; <strong>1079</strong><br />(-26 for losing)\n|raw|ImHastur's rating: 1090 &rarr; <strong>1118</strong><br />(+28 for winning)\n|l|\u2606Chamalo\n|player|p1|\n",
  "uploadtime": 1776551433,
  "views": 33,
  "formatid": "gen9championsvgc2026regma",
  "rating": 1079,
  "private": 0,
  "password": null
}