{
  "id": "gen9championsvgc2026regma-2586079734",
  "format": "[Gen 9 Champions] VGC 2026 Reg M-A",
  "players": [
    "dffortini",
    "windowc"
  ],
  "log": "|j|\u2606dffortini\n|j|\u2606windowc\n|t:|1776396780\n|gametype|doubles\n|player|p1|dffortini|gentleman-gen4|1137\n|player|p2|windowc|rosa-pokestar2|1078\n|gen|9\n|tier|[Gen 9 Champions] VGC 2026 Reg M-A\n|rated|\n|rule|Species Clause: Limit one of each Pok\u00e9mon\n|rule|Item Clause: Limit 1 of each item\n|clearpoke\n|poke|p1|Chesnaught, L50, M|\n|poke|p1|Pelipper, L50, M|\n|poke|p1|Archaludon, L50, F|\n|poke|p1|Dragonite, L50, M|\n|poke|p1|Basculegion, L50, M|\n|poke|p1|Raichu, L50, F|\n|poke|p2|Charizard, L50, F|\n|poke|p2|Sinistcha, L50|\n|poke|p2|Milotic, L50, M|\n|poke|p2|Chimecho, L50, F|\n|poke|p2|Corviknight, L50, M|\n|poke|p2|Tyranitar, L50, M|\n|teampreview|4\n|\n|t:|1776396832\n|teamsize|p1|4\n|teamsize|p2|4\n|start\n|switch|p1a: Pelipper|Pelipper, L50, M|100/100\n|switch|p1b: Archaludon|Archaludon, L50, F|100/100\n|switch|p2a: Charliezard|Charizard, L50, F|100/100\n|switch|p2b: Milotic|Milotic, L50, M|100/100\n|-weather|RainDance|[from] ability: Drizzle|[of] p1a: Pelipper\n|turn|1\n|\n|t:|1776396885\n|switch|p2b: Tyranocif|Tyranitar, L50, M|100/100\n|-weather|Sandstorm|[from] ability: Sand Stream|[of] p2b: Tyranocif\n|detailschange|p2a: Charliezard|Charizard-Mega-X, L50, F\n|-mega|p2a: Charliezard|Charizard|Charizardite X\n|move|p1b: Archaludon|Protect|p1b: Archaludon\n|-singleturn|p1b: Archaludon|Protect\n|move|p2a: Charliezard|Dragon Claw|p1a: Pelipper\n|-damage|p1a: Pelipper|43/100\n|move|p1a: Pelipper|Rain Dance|p1a: Pelipper\n|-weather|RainDance\n|\n|-weather|RainDance|[upkeep]\n|upkeep\n|turn|2\n|\n|t:|1776396934\n|switch|p2b: Juicy James|Corviknight, L50, M|100/100\n|-ability|p2b: Juicy James|Pressure\n|move|p2a: Charliezard|Protect|p2a: Charliezard\n|-singleturn|p2a: Charliezard|Protect\n|move|p1b: Archaludon|Draco Meteor|p2a: Charliezard\n|-activate|p2a: Charliezard|move: Protect\n|move|p1a: Pelipper|Tailwind|p1a: Pelipper\n|-sidestart|p1: dffortini|move: Tailwind\n|\n|-weather|RainDance|[upkeep]\n|upkeep\n|turn|3\n|-activate|p1a: Pelipper|item: Quick Claw\n|\n|t:|1776396956\n|switch|p2a: Tyranocif|Tyranitar, L50, M|100/100\n|-weather|Sandstorm|[from] ability: Sand Stream|[of] p2a: Tyranocif\n|move|p1a: Pelipper|Weather Ball|p2b: Juicy James\n|-damage|p2b: Juicy James|75/100\n|move|p1b: Archaludon|Draco Meteor|p2a: Tyranocif\n|-damage|p2a: Tyranocif|56/100\n|-unboost|p1b: Archaludon|spa|2\n|move|p2b: Juicy James|Tailwind|p2b: Juicy James\n|-sidestart|p2: windowc|move: Tailwind\n|\n|-weather|Sandstorm|[upkeep]\n|-damage|p1a: Pelipper|37/100|[from] Sandstorm\n|upkeep\n|turn|4\n|\n|t:|1776396981\n|switch|p1b: Chesnaught|Chesnaught, L50, M|100/100\n|move|p2a: Tyranocif|Rock Slide|p1b: Chesnaught|[spread] p1a,p1b\n|-supereffective|p1a: Pelipper|1\n|-resisted|p1b: Chesnaught|1\n|-damage|p1a: Pelipper|0 fnt\n|-damage|p1b: Chesnaught|90/100\n|faint|p1a: Pelipper\n|move|p2b: Juicy James|Bulk Up|p2b: Juicy James\n|-boost|p2b: Juicy James|atk|1\n|-boost|p2b: Juicy James|def|1\n|\n|-weather|Sandstorm|[upkeep]\n|-damage|p1b: Chesnaught|84/100|[from] Sandstorm\n|upkeep\n|\n|t:|1776396994\n|switch|p1a: Raichu|Raichu, L50, F|100/100\n|turn|5\n|\n|t:|1776397045\n|switch|p2b: Charliezard|Charizard-Mega-X, L50, F|100/100\n|detailschange|p1b: Chesnaught|Chesnaught-Mega, L50, M\n|-mega|p1b: Chesnaught|Chesnaught|Chesnaughtite\n|move|p2a: Tyranocif|Protect|p2a: Tyranocif\n|-singleturn|p2a: Tyranocif|Protect\n|move|p1a: Raichu|Encore||[still]\n|-fail|p1a: Raichu\n|move|p1b: Chesnaught|Body Press|p2a: Tyranocif\n|-activate|p2a: Tyranocif|move: Protect\n|\n|-weather|Sandstorm|[upkeep]\n|-damage|p1a: Raichu|95/100|[from] Sandstorm\n|-damage|p2b: Charliezard|95/100|[from] Sandstorm\n|-damage|p1b: Chesnaught|77/100|[from] Sandstorm\n|-sideend|p1: dffortini|move: Tailwind\n|upkeep\n|turn|6\n|\n|t:|1776397074\n|move|p1b: Chesnaught|Wide Guard|p1b: Chesnaught\n|-singleturn|p1b: Chesnaught|Wide Guard\n|move|p2b: Charliezard|Flare Blitz|p1b: Chesnaught\n|-supereffective|p1b: Chesnaught|1\n|-damage|p1b: Chesnaught|0 fnt\n|faint|p1b: Chesnaught\n|-damage|p2b: Charliezard|68/100|[from] Recoil\n|move|p2a: Tyranocif|Knock Off|p1a: Raichu\n|-damage|p1a: Raichu|0 fnt\n|-enditem|p1a: Raichu|Focus Sash|[from] move: Knock Off|[of] p2a: Tyranocif\n|faint|p1a: Raichu\n|\n|-weather|Sandstorm|[upkeep]\n|-damage|p2b: Charliezard|62/100|[from] Sandstorm\n|-sideend|p2: windowc|move: Tailwind\n|upkeep\n|-message|dffortini forfeited.\n|\n|win|windowc\n|raw|dffortini's rating: 1137 &rarr; <strong>1108</strong><br />(-29 for losing)\n|raw|windowc's rating: 1078 &rarr; <strong>1111</strong><br />(+33 for winning)\n|l|\u2606dffortini\n|player|p1|\n",
  "uploadtime": 1776397086,
  "views": 17,
  "formatid": "gen9championsvgc2026regma",
  "rating": 1108,
  "private": 0,
  "password": null
}