{
  "id": "gen9championsvgc2026regma-2586146288",
  "format": "[Gen 9 Champions] VGC 2026 Reg M-A",
  "players": [
    "T\u67e5\u723e\u65af\u7684\u52dd\u5229Bonezz",
    "shadowbtl"
  ],
  "log": "|j|\u2606T\u67e5\u723e\u65af\u7684\u52dd\u5229Bonezz\n|j|\u2606shadowbtl\n|t:|1776404832\n|gametype|doubles\n|player|p1|T\u67e5\u723e\u65af\u7684\u52dd\u5229Bonezz|169|1000\n|player|p2|shadowbtl|roxie|1061\n|gen|9\n|tier|[Gen 9 Champions] VGC 2026 Reg M-A\n|rated|\n|rule|Species Clause: Limit one of each Pok\u00e9mon\n|rule|Item Clause: Limit 1 of each item\n|clearpoke\n|poke|p1|Ceruledge, L50, F|\n|poke|p1|Arbok, L50, M|\n|poke|p1|Whimsicott, L50, M|\n|poke|p1|Charizard, L50, M|\n|poke|p1|Scovillain, L50, M|\n|poke|p1|Tauros-Paldea-Aqua, L50, M|\n|poke|p2|Scovillain, L50, M|\n|poke|p2|Dragapult, L50, F|\n|poke|p2|Gyarados, L50, F|\n|poke|p2|Tyranitar, L50, F|\n|poke|p2|Garchomp, L50, M|\n|poke|p2|Corviknight, L50, M|\n|teampreview|4\n|inactive|Battle timer is ON: inactive players will automatically lose when time's up. (requested by shadowbtl)\n|\n|t:|1776404865\n|teamsize|p1|4\n|teamsize|p2|4\n|start\n|switch|p1a: \u5927\u86c7|Arbok, L50, M|100/100\n|switch|p1b: \u61a4\u6012\u7684\u66b9\u7f85\u8fa3\u6912\u602a|Scovillain, L50, M|100/100\n|switch|p2a: Gyarados|Gyarados, L50, F|100/100\n|switch|p2b: Tyranitar|Tyranitar, L50, F|100/100\n|-ability|p2a: Gyarados|Intimidate|boost\n|-unboost|p1a: \u5927\u86c7|atk|1\n|-unboost|p1b: \u61a4\u6012\u7684\u66b9\u7f85\u8fa3\u6912\u602a|atk|1\n|-ability|p1a: \u5927\u86c7|Intimidate|boost\n|-unboost|p2a: Gyarados|atk|1\n|-unboost|p2b: Tyranitar|atk|1\n|-weather|Sandstorm|[from] ability: Sand Stream|[of] p2b: Tyranitar\n|turn|1\n|inactive|shadowbtl has 30 seconds left.\n|\n|t:|1776404894\n|switch|p2b: Scovillain|Scovillain, L50, M|100/100\n|detailschange|p1b: \u61a4\u6012\u7684\u66b9\u7f85\u8fa3\u6912\u602a|Scovillain-Mega, L50, M\n|-mega|p1b: \u61a4\u6012\u7684\u66b9\u7f85\u8fa3\u6912\u602a|Scovillain|Scovillainite\n|move|p2a: Gyarados|Thunder Wave|p1b: \u61a4\u6012\u7684\u66b9\u7f85\u8fa3\u6912\u602a\n|-status|p1b: \u61a4\u6012\u7684\u66b9\u7f85\u8fa3\u6912\u602a|par\n|move|p1a: \u5927\u86c7|Coil|p1a: \u5927\u86c7\n|-boost|p1a: \u5927\u86c7|atk|1\n|-boost|p1a: \u5927\u86c7|def|1\n|-boost|p1a: \u5927\u86c7|accuracy|1\n|move|p1b: \u61a4\u6012\u7684\u66b9\u7f85\u8fa3\u6912\u602a|Leech Seed|p2a: Gyarados\n|-start|p2a: Gyarados|move: Leech Seed\n|\n|-weather|Sandstorm|[upkeep]\n|-damage|p2a: Gyarados|95/100|[from] Sandstorm\n|-damage|p1a: \u5927\u86c7|95/100|[from] Sandstorm\n|-damage|p2b: Scovillain|95/100|[from] Sandstorm\n|-damage|p1b: \u61a4\u6012\u7684\u66b9\u7f85\u8fa3\u6912\u602a|95/100 par|[from] Sandstorm\n|-heal|p1a: \u5927\u86c7|100/100|[from] item: Leftovers\n|-damage|p2a: Gyarados|82/100|[from] Leech Seed|[of] p1b: \u61a4\u6012\u7684\u66b9\u7f85\u8fa3\u6912\u602a\n|-heal|p1b: \u61a4\u6012\u7684\u66b9\u7f85\u8fa3\u6912\u602a|100/100 par|[silent]\n|-ability|p2b: Scovillain|Moody|boost\n|-boost|p2b: Scovillain|def|2\n|-unboost|p2b: Scovillain|spe|1\n|upkeep\n|turn|2\n|inactive|T\u67e5\u723e\u65af\u7684\u52dd\u5229Bonezz has 30 seconds left.\n|inactive|shadowbtl has 30 seconds left.\n|inactive|shadowbtl has 20 seconds left.\n|\n|t:|1776404932\n|switch|p2a: Garchomp|Garchomp, L50, M|100/100\n|detailschange|p2b: Scovillain|Scovillain-Mega, L50, M\n|-mega|p2b: Scovillain|Scovillain|Scovillainite\n|move|p1a: \u5927\u86c7|Coil|p1a: \u5927\u86c7\n|-boost|p1a: \u5927\u86c7|atk|1\n|-boost|p1a: \u5927\u86c7|def|1\n|-boost|p1a: \u5927\u86c7|accuracy|1\n|move|p2b: Scovillain|Spicy Extract|p1b: \u61a4\u6012\u7684\u66b9\u7f85\u8fa3\u6912\u602a\n|-boost|p1b: \u61a4\u6012\u7684\u66b9\u7f85\u8fa3\u6912\u602a|atk|2\n|-unboost|p1b: \u61a4\u6012\u7684\u66b9\u7f85\u8fa3\u6912\u602a|def|2\n|move|p1b: \u61a4\u6012\u7684\u66b9\u7f85\u8fa3\u6912\u602a|Flamethrower|p2b: Scovillain\n|-damage|p2b: Scovillain|45/100\n|\n|-weather|Sandstorm|[upkeep]\n|-damage|p1a: \u5927\u86c7|95/100|[from] Sandstorm\n|-damage|p2b: Scovillain|39/100|[from] Sandstorm\n|-damage|p1b: \u61a4\u6012\u7684\u66b9\u7f85\u8fa3\u6912\u602a|95/100 par|[from] Sandstorm\n|-heal|p1a: \u5927\u86c7|100/100|[from] item: Leftovers\n|upkeep\n|turn|3\n|inactive|shadowbtl has 30 seconds left.\n|\n|t:|1776404959\n|switch|p2b: Gyarados|Gyarados, L50, F|82/100\n|-ability|p2b: Gyarados|Intimidate|boost\n|-unboost|p1a: \u5927\u86c7|atk|1\n|-unboost|p1b: \u61a4\u6012\u7684\u66b9\u7f85\u8fa3\u6912\u602a|atk|1\n|move|p2a: Garchomp|Earthquake|p1b: \u61a4\u6012\u7684\u66b9\u7f85\u8fa3\u6912\u602a|[spread] p1a,p1b\n|-immune|p2b: Gyarados\n|-supereffective|p1a: \u5927\u86c7|1\n|-damage|p1a: \u5927\u86c7|42/100\n|-damage|p1b: \u61a4\u6012\u7684\u66b9\u7f85\u8fa3\u6912\u602a|0 fnt\n|-status|p2a: Garchomp|brn|[from] ability: Spicy Spray|[of] p1b: \u61a4\u6012\u7684\u66b9\u7f85\u8fa3\u6912\u602a\n|faint|p1b: \u61a4\u6012\u7684\u66b9\u7f85\u8fa3\u6912\u602a\n|move|p1a: \u5927\u86c7|Coil|p1a: \u5927\u86c7\n|-boost|p1a: \u5927\u86c7|atk|1\n|-boost|p1a: \u5927\u86c7|def|1\n|-boost|p1a: \u5927\u86c7|accuracy|1\n|\n|-weather|Sandstorm|[upkeep]\n|-damage|p2b: Gyarados|76/100|[from] Sandstorm\n|-damage|p1a: \u5927\u86c7|36/100|[from] Sandstorm\n|-heal|p1a: \u5927\u86c7|42/100|[from] item: Leftovers\n|-damage|p2a: Garchomp|94/100 brn|[from] brn\n|upkeep\n|\n|t:|1776404979\n|switch|p1b: \u6c34\u6c6a\u6c6a\u7684\u843d\u78ef\u5c71\u7261\u8823|Tauros-Paldea-Aqua, L50, M|100/100\n|-ability|p1b: \u6c34\u6c6a\u6c6a\u7684\u843d\u78ef\u5c71\u7261\u8823|Intimidate|boost\n|-unboost|p2a: Garchomp|atk|1\n|-unboost|p2b: Gyarados|atk|1\n|turn|4\n|inactive|T\u67e5\u723e\u65af\u7684\u52dd\u5229Bonezz has 30 seconds left.\n|inactive|shadowbtl has 30 seconds left.\n|inactive|T\u67e5\u723e\u65af\u7684\u52dd\u5229Bonezz has 20 seconds left.\n|inactive|T\u67e5\u723e\u65af\u7684\u52dd\u5229Bonezz has 15 seconds left.\n|inactive|T\u67e5\u723e\u65af\u7684\u52dd\u5229Bonezz has 10 seconds left.\n|\n|t:|1776405027\n|switch|p2a: Scovillain|Scovillain-Mega, L50, M|39/100\n|move|p1b: \u6c34\u6c6a\u6c6a\u7684\u843d\u78ef\u5c71\u7261\u8823|Protect|p1b: \u6c34\u6c6a\u6c6a\u7684\u843d\u78ef\u5c71\u7261\u8823\n|-singleturn|p1b: \u6c34\u6c6a\u6c6a\u7684\u843d\u78ef\u5c71\u7261\u8823|Protect\n|move|p2b: Gyarados|Protect|p2b: Gyarados\n|-singleturn|p2b: Gyarados|Protect\n|move|p1a: \u5927\u86c7|Sucker Punch||[still]\n|-fail|p1a: \u5927\u86c7\n|\n|-weather|Sandstorm|[upkeep]\n|-damage|p1b: \u6c34\u6c6a\u6c6a\u7684\u843d\u78ef\u5c71\u7261\u8823|94/100|[from] Sandstorm\n|-damage|p2b: Gyarados|70/100|[from] Sandstorm\n|-damage|p1a: \u5927\u86c7|36/100|[from] Sandstorm\n|-damage|p2a: Scovillain|34/100|[from] Sandstorm\n|-heal|p1a: \u5927\u86c7|42/100|[from] item: Leftovers\n|upkeep\n|turn|5\n|inactive|T\u67e5\u723e\u65af\u7684\u52dd\u5229Bonezz has 30 seconds left.\n|\n|t:|1776405052\n|switch|p2b: Garchomp|Garchomp, L50, M|94/100 brn\n|move|p1b: \u6c34\u6c6a\u6c6a\u7684\u843d\u78ef\u5c71\u7261\u8823|Raging Bull|p2a: Scovillain\n|-damage|p2a: Scovillain|0 fnt\n|-status|p1b: \u6c34\u6c6a\u6c6a\u7684\u843d\u78ef\u5c71\u7261\u8823|brn|[from] ability: Spicy Spray|[of] p2a: Scovillain\n|faint|p2a: Scovillain\n|move|p1a: \u5927\u86c7|Glare||[still]\n|-fail|p1a: \u5927\u86c7\n|\n|-weather|none\n|-heal|p1a: \u5927\u86c7|48/100|[from] item: Leftovers\n|-damage|p2b: Garchomp|88/100 brn|[from] brn\n|-damage|p1b: \u6c34\u6c6a\u6c6a\u7684\u843d\u78ef\u5c71\u7261\u8823|88/100 brn|[from] brn\n|upkeep\n|\n|t:|1776405067\n|switch|p2a: Gyarados|Gyarados, L50, F|70/100\n|-ability|p2a: Gyarados|Intimidate|boost\n|-unboost|p1a: \u5927\u86c7|atk|1\n|-unboost|p1b: \u6c34\u6c6a\u6c6a\u7684\u843d\u78ef\u5c71\u7261\u8823|atk|1\n|turn|6\n|inactive|T\u67e5\u723e\u65af\u7684\u52dd\u5229Bonezz has 30 seconds left.\n|inactive|T\u67e5\u723e\u65af\u7684\u52dd\u5229Bonezz has 20 seconds left.\n|\n|t:|1776405103\n|move|p1a: \u5927\u86c7|Sucker Punch|p2a: Gyarados\n|-damage|p2a: Gyarados|54/100\n|move|p2b: Garchomp|Earthquake|p1a: \u5927\u86c7|[spread] p1a,p1b\n|-immune|p2a: Gyarados\n|-supereffective|p1a: \u5927\u86c7|1\n|-damage|p1a: \u5927\u86c7|24/100\n|-damage|p1b: \u6c34\u6c6a\u6c6a\u7684\u843d\u78ef\u5c71\u7261\u8823|70/100 brn\n|move|p1b: \u6c34\u6c6a\u6c6a\u7684\u843d\u78ef\u5c71\u7261\u8823|Close Combat|p2b: Garchomp\n|-damage|p2b: Garchomp|70/100 brn\n|-unboost|p1b: \u6c34\u6c6a\u6c6a\u7684\u843d\u78ef\u5c71\u7261\u8823|def|1\n|-unboost|p1b: \u6c34\u6c6a\u6c6a\u7684\u843d\u78ef\u5c71\u7261\u8823|spd|1\n|-damage|p1b: \u6c34\u6c6a\u6c6a\u7684\u843d\u78ef\u5c71\u7261\u8823|58/100 brn|[from] ability: Rough Skin|[of] p2b: Garchomp\n|move|p2a: Gyarados|Waterfall|p1a: \u5927\u86c7\n|-damage|p1a: \u5927\u86c7|5/100\n|\n|-heal|p1a: \u5927\u86c7|11/100|[from] item: Leftovers\n|-damage|p2b: Garchomp|64/100 brn|[from] brn\n|-damage|p1b: \u6c34\u6c6a\u6c6a\u7684\u843d\u78ef\u5c71\u7261\u8823|52/100 brn|[from] brn\n|upkeep\n|turn|7\n|inactive|T\u67e5\u723e\u65af\u7684\u52dd\u5229Bonezz has 30 seconds left.\n|inactive|shadowbtl has 30 seconds left.\n|\n|t:|1776405134\n|move|p1b: \u6c34\u6c6a\u6c6a\u7684\u843d\u78ef\u5c71\u7261\u8823|Protect|p1b: \u6c34\u6c6a\u6c6a\u7684\u843d\u78ef\u5c71\u7261\u8823\n|-singleturn|p1b: \u6c34\u6c6a\u6c6a\u7684\u843d\u78ef\u5c71\u7261\u8823|Protect\n|move|p2b: Garchomp|Earthquake|p1a: \u5927\u86c7|[spread] p1a\n|-activate|p1b: \u6c34\u6c6a\u6c6a\u7684\u843d\u78ef\u5c71\u7261\u8823|move: Protect\n|-immune|p2a: Gyarados\n|-supereffective|p1a: \u5927\u86c7|1\n|-damage|p1a: \u5927\u86c7|0 fnt\n|faint|p1a: \u5927\u86c7\n|move|p2a: Gyarados|Waterfall|p1b: \u6c34\u6c6a\u6c6a\u7684\u843d\u78ef\u5c71\u7261\u8823\n|-activate|p1b: \u6c34\u6c6a\u6c6a\u7684\u843d\u78ef\u5c71\u7261\u8823|move: Protect\n|\n|-damage|p2b: Garchomp|58/100 brn|[from] brn\n|-damage|p1b: \u6c34\u6c6a\u6c6a\u7684\u843d\u78ef\u5c71\u7261\u8823|46/100 brn|[from] brn\n|upkeep\n|-enditem|p1b: \u6c34\u6c6a\u6c6a\u7684\u843d\u78ef\u5c71\u7261\u8823|Sitrus Berry|[eat]\n|-heal|p1b: \u6c34\u6c6a\u6c6a\u7684\u843d\u78ef\u5c71\u7261\u8823|71/100 brn|[from] item: Sitrus Berry\n|\n|t:|1776405148\n|switch|p1a: \u90aa\u60e1\u7684\u96d9\u6301\u5e7d\u9748\u7537|Ceruledge, L50, F|100/100\n|turn|8\n|inactive|T\u67e5\u723e\u65af\u7684\u52dd\u5229Bonezz has 30 seconds left.\n|\n|t:|1776405179\n|switch|p2b: Tyranitar|Tyranitar, L50, F|100/100\n|-weather|Sandstorm|[from] ability: Sand Stream|[of] p2b: Tyranitar\n|move|p1b: \u6c34\u6c6a\u6c6a\u7684\u843d\u78ef\u5c71\u7261\u8823|Raging Bull|p2b: Tyranitar\n|-supereffective|p2b: Tyranitar|1\n|-damage|p2b: Tyranitar|75/100\n|move|p1a: \u90aa\u60e1\u7684\u96d9\u6301\u5e7d\u9748\u7537|Bulk Up|p1a: \u90aa\u60e1\u7684\u96d9\u6301\u5e7d\u9748\u7537\n|-boost|p1a: \u90aa\u60e1\u7684\u96d9\u6301\u5e7d\u9748\u7537|atk|1\n|-boost|p1a: \u90aa\u60e1\u7684\u96d9\u6301\u5e7d\u9748\u7537|def|1\n|move|p2a: Gyarados|Waterfall|p1a: \u90aa\u60e1\u7684\u96d9\u6301\u5e7d\u9748\u7537\n|-supereffective|p1a: \u90aa\u60e1\u7684\u96d9\u6301\u5e7d\u9748\u7537|1\n|-damage|p1a: \u90aa\u60e1\u7684\u96d9\u6301\u5e7d\u9748\u7537|51/100\n|\n|-weather|Sandstorm|[upkeep]\n|-damage|p1b: \u6c34\u6c6a\u6c6a\u7684\u843d\u78ef\u5c71\u7261\u8823|65/100 brn|[from] Sandstorm\n|-damage|p1a: \u90aa\u60e1\u7684\u96d9\u6301\u5e7d\u9748\u7537|45/100|[from] Sandstorm\n|-damage|p2a: Gyarados|49/100|[from] Sandstorm\n|-enditem|p2a: Gyarados|Sitrus Berry|[eat]\n|-heal|p2a: Gyarados|73/100|[from] item: Sitrus Berry\n|-damage|p1b: \u6c34\u6c6a\u6c6a\u7684\u843d\u78ef\u5c71\u7261\u8823|59/100 brn|[from] brn\n|upkeep\n|turn|9\n|inactive|T\u67e5\u723e\u65af\u7684\u52dd\u5229Bonezz has 30 seconds left.\n|inactive|shadowbtl has 30 seconds left.\n|inactive|T\u67e5\u723e\u65af\u7684\u52dd\u5229Bonezz has 20 seconds left.\n|\n|t:|1776405218\n|move|p1b: \u6c34\u6c6a\u6c6a\u7684\u843d\u78ef\u5c71\u7261\u8823|Close Combat|p2b: Tyranitar\n|-supereffective|p2b: Tyranitar|2\n|-enditem|p2b: Tyranitar|Chople Berry|[eat]\n|-enditem|p2b: Tyranitar|Chople Berry|[weaken]\n|-damage|p2b: Tyranitar|43/100\n|-unboost|p1b: \u6c34\u6c6a\u6c6a\u7684\u843d\u78ef\u5c71\u7261\u8823|def|1\n|-unboost|p1b: \u6c34\u6c6a\u6c6a\u7684\u843d\u78ef\u5c71\u7261\u8823|spd|1\n|move|p1a: \u90aa\u60e1\u7684\u96d9\u6301\u5e7d\u9748\u7537|Bulk Up|p1a: \u90aa\u60e1\u7684\u96d9\u6301\u5e7d\u9748\u7537\n|-boost|p1a: \u90aa\u60e1\u7684\u96d9\u6301\u5e7d\u9748\u7537|atk|1\n|-boost|p1a: \u90aa\u60e1\u7684\u96d9\u6301\u5e7d\u9748\u7537|def|1\n|move|p2a: Gyarados|Thunder Wave|p1a: \u90aa\u60e1\u7684\u96d9\u6301\u5e7d\u9748\u7537|[miss]\n|-miss|p2a: Gyarados|p1a: \u90aa\u60e1\u7684\u96d9\u6301\u5e7d\u9748\u7537\n|move|p2b: Tyranitar|Knock Off|p1a: \u90aa\u60e1\u7684\u96d9\u6301\u5e7d\u9748\u7537\n|-supereffective|p1a: \u90aa\u60e1\u7684\u96d9\u6301\u5e7d\u9748\u7537|1\n|-damage|p1a: \u90aa\u60e1\u7684\u96d9\u6301\u5e7d\u9748\u7537|0 fnt\n|-enditem|p1a: \u90aa\u60e1\u7684\u96d9\u6301\u5e7d\u9748\u7537|Occa Berry|[from] move: Knock Off|[of] p2b: Tyranitar\n|faint|p1a: \u90aa\u60e1\u7684\u96d9\u6301\u5e7d\u9748\u7537\n|\n|-weather|Sandstorm|[upkeep]\n|-damage|p1b: \u6c34\u6c6a\u6c6a\u7684\u843d\u78ef\u5c71\u7261\u8823|53/100 brn|[from] Sandstorm\n|-damage|p2a: Gyarados|67/100|[from] Sandstorm\n|-damage|p1b: \u6c34\u6c6a\u6c6a\u7684\u843d\u78ef\u5c71\u7261\u8823|47/100 brn|[from] brn\n|upkeep\n|turn|10\n|\n|t:|1776405241\n|switch|p2b: Garchomp|Garchomp, L50, M|58/100 brn\n|move|p1b: \u6c34\u6c6a\u6c6a\u7684\u843d\u78ef\u5c71\u7261\u8823|Close Combat|p2b: Garchomp\n|-damage|p2b: Garchomp|40/100 brn\n|-unboost|p1b: \u6c34\u6c6a\u6c6a\u7684\u843d\u78ef\u5c71\u7261\u8823|def|1\n|-unboost|p1b: \u6c34\u6c6a\u6c6a\u7684\u843d\u78ef\u5c71\u7261\u8823|spd|1\n|-damage|p1b: \u6c34\u6c6a\u6c6a\u7684\u843d\u78ef\u5c71\u7261\u8823|35/100 brn|[from] ability: Rough Skin|[of] p2b: Garchomp\n|move|p2a: Gyarados|Waterfall|p1b: \u6c34\u6c6a\u6c6a\u7684\u843d\u78ef\u5c71\u7261\u8823\n|-resisted|p1b: \u6c34\u6c6a\u6c6a\u7684\u843d\u78ef\u5c71\u7261\u8823|1\n|-damage|p1b: \u6c34\u6c6a\u6c6a\u7684\u843d\u78ef\u5c71\u7261\u8823|0 fnt\n|faint|p1b: \u6c34\u6c6a\u6c6a\u7684\u843d\u78ef\u5c71\u7261\u8823\n|\n|win|shadowbtl\n|raw|T\u67e5\u723e\u65af\u7684\u52dd\u5229Bonezz's rating: 1000 &rarr; <strong>1000</strong><br />(+0 for losing)\n|raw|shadowbtl's rating: 1061 &rarr; <strong>1086</strong><br />(+25 for winning)\n|l|\u2606T\u67e5\u723e\u65af\u7684\u52dd\u5229Bonezz\n|player|p1|\n",
  "uploadtime": 1776405257,
  "views": 16,
  "formatid": "gen9championsvgc2026regma",
  "rating": 1000,
  "private": 0,
  "password": null
}