{
  "id": "gen9championsvgc2026regma-2586507107",
  "format": "[Gen 9 Champions] VGC 2026 Reg M-A",
  "players": [
    "MegaAuraMaxxing",
    "TheCyanTurtle"
  ],
  "log": "|j|\u2606MegaAuraMaxxing\n|j|\u2606TheCyanTurtle\n|t:|1776439409\n|gametype|doubles\n|player|p1|MegaAuraMaxxing|red|1000\n|player|p2|TheCyanTurtle|backpacker|1000\n|gen|9\n|tier|[Gen 9 Champions] VGC 2026 Reg M-A\n|rated|\n|rule|Species Clause: Limit one of each Pok\u00e9mon\n|rule|Item Clause: Limit 1 of each item\n|clearpoke\n|poke|p1|Gengar, L50, F|\n|poke|p1|Lucario, L50, M|\n|poke|p1|Tyranitar, L50, M|\n|poke|p1|Rotom-Wash, L50|\n|poke|p1|Corviknight, L50, F|\n|poke|p1|Clefable, L50, F|\n|poke|p2|Golurk, L50|\n|poke|p2|Incineroar, L50, F|\n|poke|p2|Feraligatr, L50, F|\n|poke|p2|Venusaur, L50, M|\n|poke|p2|Farigiraf, L50, F|\n|poke|p2|Sinistcha, L50|\n|teampreview|4\n|\n|t:|1776439436\n|teamsize|p1|4\n|teamsize|p2|4\n|start\n|switch|p1a: Gengar|Gengar, L50, F|100/100\n|switch|p1b: Corviknight|Corviknight, L50, F|100/100\n|switch|p2a: Incineroar|Incineroar, L50, F|100/100\n|switch|p2b: Venusaur|Venusaur, L50, M|100/100\n|-ability|p2a: Incineroar|Intimidate|boost\n|-unboost|p1a: Gengar|atk|1\n|-ability|p1b: Corviknight|Mirror Armor\n|-unboost|p2a: Incineroar|atk|1\n|turn|1\n|\n|t:|1776439455\n|detailschange|p1a: Gengar|Gengar-Mega, L50, F\n|-mega|p1a: Gengar|Gengar|Gengarite\n|detailschange|p2b: Venusaur|Venusaur-Mega, L50, M\n|-mega|p2b: Venusaur|Venusaur|Venusaurite\n|move|p2a: Incineroar|Fake Out|p1b: Corviknight\n|-resisted|p1b: Corviknight|1\n|-damage|p1b: Corviknight|97/100\n|move|p1a: Gengar|Icy Wind|p2b: Venusaur|[spread] p2a,p2b\n|-resisted|p2a: Incineroar|1\n|-supereffective|p2b: Venusaur|1\n|-damage|p2a: Incineroar|93/100\n|-damage|p2b: Venusaur|85/100\n|-unboost|p2a: Incineroar|spe|1\n|-unboost|p2b: Venusaur|spe|1\n|cant|p1b: Corviknight|flinch\n|move|p2b: Venusaur|Leech Seed|p1b: Corviknight\n|-start|p1b: Corviknight|move: Leech Seed\n|\n|-heal|p1b: Corviknight|100/100|[from] item: Leftovers\n|-damage|p1b: Corviknight|88/100|[from] Leech Seed|[of] p2b: Venusaur\n|-heal|p2b: Venusaur|99/100|[silent]\n|upkeep\n|turn|2\n|\n|t:|1776439488\n|move|p1a: Gengar|Sludge Bomb|p2a: Incineroar\n|-damage|p2a: Incineroar|50/100\n|move|p1b: Corviknight|Brave Bird|p2a: Incineroar\n|-damage|p2a: Incineroar|16/100\n|-damage|p1b: Corviknight|77/100|[from] Recoil\n|move|p2b: Venusaur|Leech Seed|p1a: Gengar\n|-start|p1a: Gengar|move: Leech Seed\n|move|p2a: Incineroar|Crunch|p1a: Gengar\n|-supereffective|p1a: Gengar|1\n|-damage|p1a: Gengar|38/100\n|\n|-heal|p1b: Corviknight|83/100|[from] item: Leftovers\n|-damage|p1a: Gengar|25/100|[from] Leech Seed|[of] p2b: Venusaur\n|-heal|p2b: Venusaur|100/100|[silent]\n|-damage|p1b: Corviknight|71/100|[from] Leech Seed|[of] p2b: Venusaur\n|upkeep\n|turn|3\n|\n|t:|1776439521\n|switch|p1a: Clefable|Clefable, L50, F|100/100\n|move|p1b: Corviknight|Brave Bird|p2b: Venusaur\n|-supereffective|p2b: Venusaur|1\n|-damage|p2b: Venusaur|35/100\n|-damage|p1b: Corviknight|52/100|[from] Recoil\n|move|p2b: Venusaur|Giga Drain|p1b: Corviknight\n|-resisted|p1b: Corviknight|2\n|-damage|p1b: Corviknight|44/100\n|-heal|p2b: Venusaur|40/100|[from] drain|[of] p1b: Corviknight\n|move|p2a: Incineroar|Parting Shot|p1b: Corviknight\n|-ability|p1b: Corviknight|Mirror Armor\n|-unboost|p2a: Incineroar|atk|1\n|-ability|p1b: Corviknight|Mirror Armor\n|-unboost|p2a: Incineroar|spa|1\n|\n|t:|1776439537\n|switch|p2a: Sinistcha|Sinistcha, L50|100/100|[from] Parting Shot\n|-heal|p2b: Venusaur|64/100|[from] ability: Hospitality|[of] p2a: Sinistcha\n|\n|-heal|p1b: Corviknight|50/100|[from] item: Leftovers\n|-damage|p1b: Corviknight|38/100|[from] Leech Seed|[of] p2b: Venusaur\n|-heal|p2b: Venusaur|79/100|[silent]\n|upkeep\n|turn|4\n|\n|t:|1776439555\n|move|p1a: Clefable|Helping Hand|p1b: Corviknight\n|-singleturn|p1b: Corviknight|Helping Hand|[of] p1a: Clefable\n|move|p2a: Sinistcha|Strength Sap|p1a: Clefable\n|-unboost|p1a: Clefable|atk|1\n|move|p1b: Corviknight|Brave Bird|p2a: Sinistcha\n|-supereffective|p2a: Sinistcha|1\n|-damage|p2a: Sinistcha|0 fnt\n|faint|p2a: Sinistcha\n|-damage|p1b: Corviknight|10/100|[from] Recoil\n|move|p2b: Venusaur|Sludge Bomb|p1a: Clefable\n|-supereffective|p1a: Clefable|1\n|-damage|p1a: Clefable|2/100\n|-enditem|p1a: Clefable|Sitrus Berry|[eat]\n|-heal|p1a: Clefable|27/100|[from] item: Sitrus Berry\n|\n|-heal|p1b: Corviknight|16/100|[from] item: Leftovers\n|-damage|p1b: Corviknight|4/100|[from] Leech Seed|[of] p2b: Venusaur\n|-heal|p2b: Venusaur|93/100|[silent]\n|upkeep\n|\n|t:|1776439582\n|switch|p2a: Incineroar|Incineroar, L50, F|16/100\n|-ability|p2a: Incineroar|Intimidate|boost\n|-unboost|p1a: Clefable|atk|1\n|-ability|p1b: Corviknight|Mirror Armor\n|-unboost|p2a: Incineroar|atk|1\n|turn|5\n|\n|t:|1776439597\n|switch|p1b: Gengar|Gengar-Mega, L50, F|25/100\n|move|p2a: Incineroar|Fake Out|p1b: Gengar\n|-immune|p1b: Gengar\n|move|p1a: Clefable|Moonblast|p2a: Incineroar\n|-damage|p2a: Incineroar|0 fnt\n|faint|p2a: Incineroar\n|move|p2b: Venusaur|Sludge Bomb|p1a: Clefable\n|-supereffective|p1a: Clefable|1\n|-damage|p1a: Clefable|0 fnt\n|faint|p1a: Clefable\n|\n|upkeep\n|\n|t:|1776439608\n|switch|p1a: Lucario|Lucario, L50, M|100/100\n|switch|p2a: Feraligatr|Feraligatr, L50, F|100/100\n|turn|6\n|\n|t:|1776439625\n|move|p1b: Gengar|Shadow Ball|p2b: Venusaur\n|-damage|p2b: Venusaur|48/100\n|move|p1a: Lucario|Meteor Mash|p2b: Venusaur\n|-damage|p2b: Venusaur|5/100\n|move|p2a: Feraligatr|Liquidation|p1b: Gengar\n|-damage|p1b: Gengar|0 fnt\n|faint|p1b: Gengar\n|move|p2b: Venusaur|Leech Seed|p1a: Lucario\n|-start|p1a: Lucario|move: Leech Seed\n|\n|-damage|p1a: Lucario|88/100|[from] Leech Seed|[of] p2b: Venusaur\n|-heal|p2b: Venusaur|17/100|[silent]\n|upkeep\n|\n|t:|1776439631\n|switch|p1b: Corviknight|Corviknight, L50, F|4/100\n|turn|7\n|\n|t:|1776439669\n|move|p1a: Lucario|Bullet Punch|p2b: Venusaur\n|-damage|p2b: Venusaur|0 fnt\n|faint|p2b: Venusaur\n|move|p2a: Feraligatr|Liquidation|p1a: Lucario\n|-damage|p1a: Lucario|17/100\n|move|p1b: Corviknight|Roost|p1b: Corviknight\n|-heal|p1b: Corviknight|55/100\n|-singleturn|p1b: Corviknight|move: Roost\n|\n|-heal|p1b: Corviknight|61/100|[from] item: Leftovers\n|upkeep\n|turn|8\n|\n|t:|1776439689\n|move|p1a: Lucario|Close Combat|p2a: Feraligatr\n|-damage|p2a: Feraligatr|43/100\n|-unboost|p1a: Lucario|def|1\n|-unboost|p1a: Lucario|spd|1\n|move|p2a: Feraligatr|Liquidation|p1a: Lucario\n|-damage|p1a: Lucario|0 fnt\n|faint|p1a: Lucario\n|move|p1b: Corviknight|Iron Defense|p1b: Corviknight\n|-boost|p1b: Corviknight|def|2\n|\n|-heal|p1b: Corviknight|67/100|[from] item: Leftovers\n|upkeep\n|turn|9\n|\n|t:|1776439703\n|move|p2a: Feraligatr|Liquidation|p1b: Corviknight\n|-damage|p1b: Corviknight|47/100\n|move|p1b: Corviknight|Body Press|p2a: Feraligatr\n|-damage|p2a: Feraligatr|7/100\n|\n|-heal|p1b: Corviknight|53/100|[from] item: Leftovers\n|upkeep\n|turn|10\n|\n|t:|1776439714\n|move|p2a: Feraligatr|Liquidation|p1b: Corviknight\n|-damage|p1b: Corviknight|34/100\n|move|p1b: Corviknight|Brave Bird|p2a: Feraligatr\n|-damage|p2a: Feraligatr|0 fnt\n|faint|p2a: Feraligatr\n|-damage|p1b: Corviknight|32/100|[from] Recoil\n|\n|win|MegaAuraMaxxing\n|raw|MegaAuraMaxxing's rating: 1000 &rarr; <strong>1040</strong><br />(+40 for winning)\n|raw|TheCyanTurtle's rating: 1000 &rarr; <strong>1000</strong><br />(+0 for losing)\n",
  "uploadtime": 1776439732,
  "views": 25,
  "formatid": "gen9championsvgc2026regma",
  "rating": 1000,
  "private": 0,
  "password": null
}