{
  "id": "gen9championsvgc2026regma-2580846995",
  "format": "[Gen 9 Champions] VGC 2026 Reg M-A",
  "players": [
    "KingV1337",
    "Jah_08"
  ],
  "log": "|j|\u2606KingV1337\n|j|\u2606Jah_08\n|t:|1775937328\n|gametype|doubles\n|player|p1|KingV1337|benga|1039\n|player|p2|Jah_08|2|1076\n|gen|9\n|tier|[Gen 9 Champions] VGC 2026 Reg M-A\n|rated|\n|rule|Species Clause: Limit one of each Pok\u00e9mon\n|rule|Item Clause: Limit 1 of each item\n|clearpoke\n|poke|p1|Meganium, L50, F|\n|poke|p1|Kangaskhan, L50, F|\n|poke|p1|Pelipper, L50, M|\n|poke|p1|Archaludon, L50, F|\n|poke|p1|Basculegion, L50, M|\n|poke|p1|Maushold, L50|\n|poke|p2|Vanilluxe, L50, F|\n|poke|p2|Krookodile, L50, F|\n|poke|p2|Chandelure, L50, M|\n|poke|p2|Whimsicott, L50, M|\n|poke|p2|Conkeldurr, L50, F|\n|poke|p2|Zoroark-Hisui, L50, M|\n|teampreview|4\n|inactive|Battle timer is ON: inactive players will automatically lose when time's up. (requested by KingV1337)\n|inactive|KingV1337 has 60 seconds left.\n|inactive|Jah_08 has 60 seconds left.\n|inactive|KingV1337 has 30 seconds left.\n|\n|t:|1775937397\n|teamsize|p1|4\n|teamsize|p2|4\n|start\n|switch|p1a: Pelipper|Pelipper, L50, M|100/100\n|switch|p1b: Basculegion|Basculegion, L50, M|100/100\n|switch|p2a: Krookodile|Krookodile, L50, F|100/100\n|switch|p2b: Conkeldurr|Conkeldurr, L50, F|100/100\n|-ability|p2a: Krookodile|Intimidate|boost\n|-unboost|p1a: Pelipper|atk|1\n|-unboost|p1b: Basculegion|atk|1\n|-weather|RainDance|[from] ability: Drizzle|[of] p1a: Pelipper\n|turn|1\n|\n|t:|1775937422\n|switch|p2a: Vanilluxe|Vanilluxe, L50, F|100/100\n|-weather|Snowscape|[from] ability: Snow Warning|[of] p2a: Vanilluxe\n|move|p2b: Conkeldurr|Wide Guard|p2b: Conkeldurr\n|-singleturn|p2b: Conkeldurr|Wide Guard\n|move|p1b: Basculegion|Flip Turn|p2a: Vanilluxe\n|-damage|p2a: Vanilluxe|81/100\n|\n|t:|1775937432\n|switch|p1b: Kangaskhan|Kangaskhan, L50, F|100/100|[from] Flip Turn\n|move|p1a: Pelipper|Tailwind|p1a: Pelipper\n|-sidestart|p1: KingV1337|move: Tailwind\n|\n|-weather|Snowscape|[upkeep]\n|upkeep\n|turn|2\n|inactive|Jah_08 has 30 seconds left.\n|\n|t:|1775937458\n|switch|p1a: Basculegion|Basculegion, L50, M|100/100\n|detailschange|p1b: Kangaskhan|Kangaskhan-Mega, L50, F\n|-mega|p1b: Kangaskhan|Kangaskhan|Kangaskhanite\n|move|p1b: Kangaskhan|Fake Out|p2a: Vanilluxe\n|-damage|p2a: Vanilluxe|68/100\n|-damage|p2a: Vanilluxe|65/100\n|-hitcount|p2a: Vanilluxe|2\n|cant|p2a: Vanilluxe|flinch\n|move|p2b: Conkeldurr|Drain Punch|p1b: Kangaskhan\n|-supereffective|p1b: Kangaskhan|1\n|-damage|p1b: Kangaskhan|0 fnt\n|faint|p1b: Kangaskhan\n|\n|-weather|Snowscape|[upkeep]\n|upkeep\n|\n|t:|1775937464\n|switch|p1b: Pelipper|Pelipper, L50, M|100/100\n|-weather|RainDance|[from] ability: Drizzle|[of] p1b: Pelipper\n|turn|3\n|inactive|Jah_08 has 30 seconds left.\n|inactive|Jah_08 has 20 seconds left.\n|inactive|Jah_08 has 15 seconds left.\n|\n|t:|1775937509\n|move|p1a: Basculegion|Wave Crash|p2a: Vanilluxe\n|-damage|p2a: Vanilluxe|0 fnt\n|faint|p2a: Vanilluxe\n|-damage|p1a: Basculegion|81/100|[from] Recoil\n|move|p1b: Pelipper|Hurricane|p2b: Conkeldurr\n|-supereffective|p2b: Conkeldurr|1\n|-damage|p2b: Conkeldurr|0 fnt\n|faint|p2b: Conkeldurr\n|\n|-weather|RainDance|[upkeep]\n|upkeep\n|\n|t:|1775937523\n|switch|p2a: Krookodile|Krookodile, L50, F|100/100\n|switch|p2b: Krookodile|Krookodile, L50, F|100/100\n|-ability|p2b: Krookodile|Intimidate|boost\n|-unboost|p1a: Basculegion|atk|1\n|-unboost|p1b: Pelipper|atk|1\n|turn|4\n|\n|t:|1775937540\n|move|p1a: Basculegion|Protect|p1a: Basculegion\n|-singleturn|p1a: Basculegion|Protect\n|move|p1b: Pelipper|Protect|p1b: Pelipper\n|-singleturn|p1b: Pelipper|Protect\n|move|p2b: Krookodile|Protect|p2b: Krookodile\n|-singleturn|p2b: Krookodile|Protect\n|move|p2a: Krookodile|Bitter Malice|p1a: Basculegion\n|-activate|p1a: Basculegion|move: Protect\n|\n|-weather|RainDance|[upkeep]\n|-sideend|p1: KingV1337|move: Tailwind\n|upkeep\n|turn|5\n|\n|t:|1775937559\n|move|p1a: Basculegion|Wave Crash|p2b: Krookodile\n|-supereffective|p2b: Krookodile|1\n|-damage|p2b: Krookodile|0 fnt\n|faint|p2b: Krookodile\n|-damage|p1a: Basculegion|53/100|[from] Recoil\n|move|p2a: Krookodile|Bitter Malice|p1a: Basculegion\n|-supereffective|p1a: Basculegion|1\n|-damage|p1a: Basculegion|0 fnt\n|faint|p1a: Basculegion\n|move|p1b: Pelipper|Weather Ball|p2a: Krookodile\n|-enditem|p2a: Krookodile|Focus Sash\n|-damage|p2a: Krookodile|1/100\n|replace|p2a: Zoroark|Zoroark-Hisui, L50, M\n|-end|p2a: Zoroark|Illusion\n|\n|-weather|RainDance|[upkeep]\n|upkeep\n|\n|t:|1775937563\n|switch|p1a: Archaludon|Archaludon, L50, F|100/100\n|turn|6\n|\n|t:|1775937582\n|move|p2a: Zoroark|Bitter Malice|p1b: Pelipper\n|-damage|p1b: Pelipper|36/100\n|-unboost|p1b: Pelipper|atk|1\n|move|p1a: Archaludon|Electro Shot||[still]\n|-prepare|p1a: Archaludon|Electro Shot\n|-boost|p1a: Archaludon|spa|1\n|-anim|p1a: Archaludon|Electro Shot|p2a: Zoroark\n|-damage|p2a: Zoroark|0 fnt\n|faint|p2a: Zoroark\n|\n|win|KingV1337\n|raw|KingV1337's rating: 1039 &rarr; <strong>1077</strong><br />(+38 for winning)\n|raw|Jah_08's rating: 1076 &rarr; <strong>1052</strong><br />(-24 for losing)\n|l|\u2606KingV1337\n|player|p1|\n",
  "uploadtime": 1775937607,
  "views": 11,
  "formatid": "gen9championsvgc2026regma",
  "rating": 1052,
  "private": 0,
  "password": null
}