{
  "id": "gen9championsvgc2026regma-2587631469",
  "format": "[Gen 9 Champions] VGC 2026 Reg M-A",
  "players": [
    "seemeier",
    "Evil Yarrack"
  ],
  "log": "|j|\u2606seemeier\n|j|\u2606Evil Yarrack\n|t:|1776548653\n|gametype|doubles\n|player|p1|seemeier|1|1415\n|player|p2|Evil Yarrack|youngster-gen4dp|1487\n|gen|9\n|tier|[Gen 9 Champions] VGC 2026 Reg M-A\n|rated|\n|rule|Species Clause: Limit one of each Pok\u00e9mon\n|rule|Item Clause: Limit 1 of each item\n|clearpoke\n|poke|p1|Golurk, L50|\n|poke|p1|Farigiraf, L50, M|\n|poke|p1|Incineroar, L50, M|\n|poke|p1|Gallade, L50, M|\n|poke|p1|Kingambit, L50, F|\n|poke|p1|Sinistcha, L50|\n|poke|p2|Tyranitar, L50, M|\n|poke|p2|Lycanroc, L50, M|\n|poke|p2|Clawitzer, L50, F|\n|poke|p2|Whimsicott, L50, F|\n|poke|p2|Sinistcha, L50|\n|poke|p2|Corviknight, L50, F|\n|teampreview|4\n|inactive|Battle timer is ON: inactive players will automatically lose when time's up. (requested by seemeier)\n|inactive|Evil Yarrack also wants the timer to be on.\n|j| GoodraSweetheart76\n|\n|t:|1776548671\n|teamsize|p1|4\n|teamsize|p2|4\n|start\n|switch|p1a: Farigiraf|Farigiraf, L50, M|100/100\n|switch|p1b: Incineroar|Incineroar, L50, M|100/100\n|switch|p2a: Sinistcha|Sinistcha, L50|100/100\n|switch|p2b: Clawitzer|Clawitzer, L50, F|100/100\n|-ability|p1b: Incineroar|Intimidate|boost\n|-unboost|p2a: Sinistcha|atk|1\n|-unboost|p2b: Clawitzer|atk|1\n|turn|1\n|inactive|seemeier has 30 seconds left.\n|\n|t:|1776548696\n|move|p2b: Clawitzer|Water Pulse|p1b: Incineroar\n|-supereffective|p1b: Incineroar|1\n|-damage|p1b: Incineroar|9/100\n|move|p2a: Sinistcha|Imprison|p2a: Sinistcha\n|-start|p2a: Sinistcha|move: Imprison\n|move|p1b: Incineroar|Parting Shot|p2a: Sinistcha\n|-unboost|p2a: Sinistcha|atk|1\n|-unboost|p2a: Sinistcha|spa|1\n|\n|t:|1776548707\n|switch|p1b: Golurk|Golurk, L50|100/100|[from] Parting Shot\n|cant|p1a: Farigiraf|move: Imprison|Trick Room\n|\n|upkeep\n|turn|2\n|inactive|Evil Yarrack has 30 seconds left.\n|\n|t:|1776548735\n|switch|p1a: Incineroar|Incineroar, L50, M|9/100\n|-ability|p1a: Incineroar|Intimidate|boost\n|-unboost|p2a: Sinistcha|atk|1\n|-unboost|p2b: Clawitzer|atk|1\n|move|p1b: Golurk|Protect|p1b: Golurk\n|-singleturn|p1b: Golurk|Protect\n|move|p2b: Clawitzer|Water Pulse|p1b: Golurk\n|-activate|p1b: Golurk|move: Protect\n|move|p2a: Sinistcha|Matcha Gotcha|p1a: Incineroar|[spread] p1a\n|-activate|p1b: Golurk|move: Protect\n|-resisted|p1a: Incineroar|1\n|-damage|p1a: Incineroar|2/100\n|\n|upkeep\n|turn|3\n|\n|t:|1776548754\n|detailschange|p1b: Golurk|Golurk-Mega, L50\n|-mega|p1b: Golurk|Golurk|Golurkite\n|move|p1a: Incineroar|Fake Out|p2b: Clawitzer\n|-damage|p2b: Clawitzer|83/100\n|cant|p2b: Clawitzer|flinch\n|move|p2a: Sinistcha|Matcha Gotcha|p1a: Incineroar|[spread] p1b\n|-miss|p2a: Sinistcha|p1a: Incineroar\n|-supereffective|p1b: Golurk|1\n|-damage|p1b: Golurk|73/100\n|move|p1b: Golurk|Poltergeist|p2a: Sinistcha\n|-activate|p2a: Sinistcha|move: Poltergeist|Sitrus Berry\n|-supereffective|p2a: Sinistcha|1\n|-damage|p2a: Sinistcha|0 fnt\n|faint|p2a: Sinistcha\n|\n|upkeep\n|\n|t:|1776548764\n|switch|p2a: Lycanroc|Lycanroc, L50, M|100/100\n|turn|4\n|\n|t:|1776548778\n|switch|p1a: Farigiraf|Farigiraf, L50, M|100/100\n|move|p1b: Golurk|Protect|p1b: Golurk\n|-singleturn|p1b: Golurk|Protect\n|move|p2a: Lycanroc|Rock Slide|p1b: Golurk|[spread] \n|-activate|p1b: Golurk|move: Protect\n|-miss|p2a: Lycanroc|p1a: Farigiraf\n|move|p2b: Clawitzer|Water Pulse|p1b: Golurk\n|-activate|p1b: Golurk|move: Protect\n|\n|upkeep\n|turn|5\n|inactive|Evil Yarrack has 30 seconds left.\n|inactive|Evil Yarrack has 20 seconds left.\n|inactive|Evil Yarrack has 15 seconds left.\n|\n|t:|1776548822\n|switch|p1b: Incineroar|Incineroar, L50, M|2/100\n|-ability|p1b: Incineroar|Intimidate|boost\n|-unboost|p2a: Lycanroc|atk|1\n|-unboost|p2b: Clawitzer|atk|1\n|move|p2a: Lycanroc|Close Combat|p1a: Farigiraf\n|-crit|p1a: Farigiraf\n|-damage|p1a: Farigiraf|49/100\n|-unboost|p2a: Lycanroc|def|1\n|-unboost|p2a: Lycanroc|spd|1\n|-enditem|p1a: Farigiraf|Sitrus Berry|[eat]\n|-heal|p1a: Farigiraf|74/100|[from] item: Sitrus Berry\n|move|p2b: Clawitzer|Water Pulse|p1a: Farigiraf\n|-damage|p1a: Farigiraf|29/100\n|move|p1a: Farigiraf|Trick Room|p1a: Farigiraf\n|-fieldstart|move: Trick Room|[of] p1a: Farigiraf\n|\n|upkeep\n|turn|6\n|\n|t:|1776548845\n|move|p2b: Clawitzer|Protect|p2b: Clawitzer\n|-singleturn|p2b: Clawitzer|Protect\n|move|p2a: Lycanroc|Protect|p2a: Lycanroc\n|-singleturn|p2a: Lycanroc|Protect\n|move|p1b: Incineroar|Fake Out|p2b: Clawitzer\n|-activate|p2b: Clawitzer|move: Protect\n|move|p1a: Farigiraf|Psychic|p2a: Lycanroc\n|-activate|p2a: Lycanroc|move: Protect\n|\n|upkeep\n|turn|7\n|\n|t:|1776548864\n|switch|p2b: Tyranitar|Tyranitar, L50, M|100/100\n|-weather|Sandstorm|[from] ability: Sand Stream|[of] p2b: Tyranitar\n|move|p1a: Farigiraf|Psychic|p2a: Lycanroc\n|-damage|p2a: Lycanroc|42/100\n|move|p1b: Incineroar|Parting Shot|p2b: Tyranitar\n|-unboost|p2b: Tyranitar|atk|1\n|-unboost|p2b: Tyranitar|spa|1\n|\n|t:|1776548876\n|switch|p1b: Golurk|Golurk-Mega, L50|73/100|[from] Parting Shot\n|move|p2a: Lycanroc|Rock Slide|p1b: Golurk|[spread] p1a\n|-miss|p2a: Lycanroc|p1b: Golurk\n|-damage|p1a: Farigiraf|14/100\n|\n|-weather|Sandstorm|[upkeep]\n|-damage|p1a: Farigiraf|8/100|[from] Sandstorm\n|upkeep\n|turn|8\n|\n|t:|1776548894\n|detailschange|p2b: Tyranitar|Tyranitar-Mega, L50, M\n|-mega|p2b: Tyranitar|Tyranitar|Tyranitarite\n|move|p1b: Golurk|Low Kick|p2b: Tyranitar\n|-supereffective|p2b: Tyranitar|2\n|-damage|p2b: Tyranitar|0 fnt\n|faint|p2b: Tyranitar\n|move|p1a: Farigiraf|Psychic|p2a: Lycanroc\n|-damage|p2a: Lycanroc|0 fnt\n|faint|p2a: Lycanroc\n|\n|-weather|Sandstorm|[upkeep]\n|-damage|p1a: Farigiraf|2/100|[from] Sandstorm\n|upkeep\n|-message|Evil Yarrack forfeited.\n|\n|win|seemeier\n|raw|seemeier's rating: 1415 &rarr; <strong>1438</strong><br />(+23 for winning)\n|raw|Evil Yarrack's rating: 1464 &rarr; <strong>1441</strong><br />(-23 for losing)\n|l|\u2606Evil Yarrack\n|player|p2|\n|l|\u2606seemeier\n|player|p1|\n|l| GoodraSweetheart76\n",
  "uploadtime": 1776548996,
  "views": 19,
  "formatid": "gen9championsvgc2026regma",
  "rating": 1438,
  "private": 0,
  "password": null
}