{
  "id": "gen9championsvgc2026regma-2583937661",
  "format": "[Gen 9 Champions] VGC 2026 Reg M-A",
  "players": [
    "chzao",
    "gallium1005"
  ],
  "log": "|j|\u2606chzao\n|j|\u2606gallium1005\n|t:|1776209925\n|gametype|doubles\n|player|p1|chzao|clay|1228\n|player|p2|gallium1005|hilbert|1183\n|gen|9\n|tier|[Gen 9 Champions] VGC 2026 Reg M-A\n|rated|\n|rule|Species Clause: Limit one of each Pok\u00e9mon\n|rule|Item Clause: Limit 1 of each item\n|clearpoke\n|poke|p1|Garchomp, L50, F|\n|poke|p1|Meowstic, L50, M|\n|poke|p1|Tyranitar, L50, F|\n|poke|p1|Oranguru, L50, F|\n|poke|p1|Talonflame, L50, M|\n|poke|p1|Sneasler, L50, F|\n|poke|p2|Sinistcha, L50|\n|poke|p2|Aggron, L50, F|\n|poke|p2|Archaludon, L50, M|\n|poke|p2|Incineroar, L50, M|\n|poke|p2|Farigiraf, L50, F|\n|poke|p2|Pelipper, L50, M|\n|teampreview|4\n|inactive|Battle timer is ON: inactive players will automatically lose when time's up. (requested by chzao)\n|inactive|chzao has 60 seconds left.\n|\n|t:|1776209975\n|teamsize|p1|4\n|teamsize|p2|4\n|start\n|switch|p1a: Talonflame|Talonflame, L50, M|100/100\n|switch|p1b: Garchomp|Garchomp, L50, F|100/100\n|switch|p2a: Incineroar|Incineroar, L50, M|100/100\n|switch|p2b: Farigiraf|Farigiraf, L50, F|100/100\n|-ability|p2a: Incineroar|Intimidate|boost\n|-unboost|p1a: Talonflame|atk|1\n|-unboost|p1b: Garchomp|atk|1\n|turn|1\n|inactive|gallium1005 has 30 seconds left.\n|inactive|gallium1005 has 20 seconds left.\n|\n|t:|1776210012\n|switch|p1a: Tyranitar|Tyranitar, L50, F|100/100\n|-weather|Sandstorm|[from] ability: Sand Stream|[of] p1a: Tyranitar\n|detailschange|p1b: Garchomp|Garchomp-Mega, L50, F\n|-mega|p1b: Garchomp|Garchomp|Garchompite\n|move|p2a: Incineroar|Fake Out|p1b: Garchomp\n|-damage|p1b: Garchomp|92/100\n|cant|p1b: Garchomp|flinch\n|move|p2b: Farigiraf|Trick Room|p2b: Farigiraf\n|-fieldstart|move: Trick Room|[of] p2b: Farigiraf\n|\n|-weather|Sandstorm|[upkeep]\n|-damage|p2a: Incineroar|95/100|[from] Sandstorm\n|-damage|p2b: Farigiraf|95/100|[from] Sandstorm\n|upkeep\n|turn|2\n|\n|t:|1776210032\n|move|p2a: Incineroar|Parting Shot|p1a: Tyranitar\n|-unboost|p1a: Tyranitar|atk|1\n|-unboost|p1a: Tyranitar|spa|1\n|\n|t:|1776210035\n|switch|p2a: Aggron|Aggron, L50, F, shiny|100/100|[from] Parting Shot\n|move|p2b: Farigiraf|Foul Play|p1b: Garchomp\n|-damage|p1b: Garchomp|67/100\n|move|p1a: Tyranitar|Knock Off|p2b: Farigiraf\n|-supereffective|p2b: Farigiraf|1\n|-crit|p2b: Farigiraf\n|-damage|p2b: Farigiraf|0 fnt\n|-enditem|p2b: Farigiraf|Sitrus Berry|[from] move: Knock Off|[of] p1a: Tyranitar\n|faint|p2b: Farigiraf\n|move|p1b: Garchomp|Stomping Tantrum|p2a: Aggron\n|-supereffective|p2a: Aggron|2\n|-ability|p2a: Aggron|Sturdy\n|-damage|p2a: Aggron|1/100\n|\n|-weather|Sandstorm|[upkeep]\n|upkeep\n|\n|t:|1776210049\n|switch|p2b: Sinistcha|Sinistcha, L50|100/100\n|-heal|p2a: Aggron|26/100|[from] ability: Hospitality|[of] p2b: Sinistcha\n|turn|3\n|\n|t:|1776210069\n|switch|p1a: Talonflame|Talonflame, L50, M|100/100\n|detailschange|p2a: Aggron|Aggron-Mega, L50, F, shiny\n|-mega|p2a: Aggron|Aggron|Aggronite\n|move|p2a: Aggron|Body Press|p1b: Garchomp\n|-damage|p1b: Garchomp|32/100\n|move|p2b: Sinistcha|Life Dew||[still]|[spread] p2a,p2b\n|-heal|p2a: Aggron|51/100\n|-fail|p2b: Sinistcha|heal\n|move|p1b: Garchomp|Earthquake|p2a: Aggron|[spread] p2a,p2b\n|-immune|p1a: Talonflame\n|-supereffective|p2a: Aggron|1\n|-resisted|p2b: Sinistcha|1\n|-damage|p2a: Aggron|18/100\n|-damage|p2b: Sinistcha|85/100\n|\n|-weather|Sandstorm|[upkeep]\n|-damage|p2b: Sinistcha|79/100|[from] Sandstorm\n|-damage|p1a: Talonflame|95/100|[from] Sandstorm\n|-heal|p2b: Sinistcha|85/100|[from] item: Leftovers\n|upkeep\n|turn|4\n|inactive|chzao has 30 seconds left.\n|inactive|gallium1005 has 30 seconds left.\n|\n|t:|1776210100\n|move|p1a: Talonflame|Protect|p1a: Talonflame\n|-singleturn|p1a: Talonflame|Protect\n|move|p2a: Aggron|Body Press|p1b: Garchomp\n|-damage|p1b: Garchomp|0 fnt\n|faint|p1b: Garchomp\n|move|p2b: Sinistcha|Life Dew|p2b: Sinistcha|[spread] p2a,p2b\n|-heal|p2a: Aggron|43/100\n|-heal|p2b: Sinistcha|100/100\n|\n|-weather|Sandstorm|[upkeep]\n|-damage|p2b: Sinistcha|94/100|[from] Sandstorm\n|-damage|p1a: Talonflame|89/100|[from] Sandstorm\n|-heal|p2b: Sinistcha|100/100|[from] item: Leftovers\n|upkeep\n|\n|t:|1776210110\n|switch|p1b: Sneasler|Sneasler, L50, F|100/100\n|turn|5\n|\n|t:|1776210129\n|move|p2a: Aggron|Protect|p2a: Aggron\n|-singleturn|p2a: Aggron|Protect\n|move|p1b: Sneasler|Fake Out|p2a: Aggron\n|-activate|p2a: Aggron|move: Protect\n|move|p2b: Sinistcha|Matcha Gotcha|p1b: Sneasler|[spread] p1a,p1b\n|-resisted|p1a: Talonflame|2\n|-resisted|p1b: Sneasler|1\n|-damage|p1a: Talonflame|80/100\n|-damage|p1b: Sneasler|83/100\n|move|p1a: Talonflame|Acrobatics|p2b: Sinistcha\n|-supereffective|p2b: Sinistcha|1\n|-damage|p2b: Sinistcha|35/100\n|\n|-weather|none\n|-heal|p2b: Sinistcha|42/100|[from] item: Leftovers\n|-fieldend|move: Trick Room\n|upkeep\n|turn|6\n|inactive|gallium1005 has 30 seconds left.\n|inactive|gallium1005 has 20 seconds left.\n|\n|t:|1776210166\n|move|p2b: Sinistcha|Rage Powder|p2b: Sinistcha\n|-singleturn|p2b: Sinistcha|move: Rage Powder\n|move|p1a: Talonflame|Flare Blitz|p2b: Sinistcha\n|-supereffective|p2b: Sinistcha|1\n|-damage|p2b: Sinistcha|0 fnt\n|faint|p2b: Sinistcha\n|-damage|p1a: Talonflame|64/100|[from] Recoil\n|move|p1b: Sneasler|Close Combat|p2a: Aggron\n|-supereffective|p2a: Aggron|1\n|-damage|p2a: Aggron|0 fnt\n|-unboost|p1b: Sneasler|def|1\n|-unboost|p1b: Sneasler|spd|1\n|faint|p2a: Aggron\n|-enditem|p1b: Sneasler|White Herb\n|-clearnegativeboost|p1b: Sneasler|[silent]\n|\n|upkeep\n|\n|t:|1776210180\n|switch|p2a: Incineroar|Incineroar, L50, M|95/100\n|-ability|p2a: Incineroar|Intimidate|boost\n|-unboost|p1a: Talonflame|atk|1\n|-unboost|p1b: Sneasler|atk|1\n|turn|7\n|\n|t:|1776210186\n|move|p1b: Sneasler|Close Combat|p2a: Incineroar\n|-supereffective|p2a: Incineroar|1\n|-damage|p2a: Incineroar|20/100\n|-unboost|p1b: Sneasler|def|1\n|-unboost|p1b: Sneasler|spd|1\n|move|p1a: Talonflame|Acrobatics|p2a: Incineroar\n|-crit|p2a: Incineroar\n|-damage|p2a: Incineroar|0 fnt\n|faint|p2a: Incineroar\n|\n|win|chzao\n|raw|chzao's rating: 1228 &rarr; <strong>1250</strong><br />(+22 for winning)\n|raw|gallium1005's rating: 1183 &rarr; <strong>1161</strong><br />(-22 for losing)\n|l|\u2606chzao\n|player|p1|\n|c|\u2606gallium1005|GG\n",
  "uploadtime": 1776210198,
  "views": 18,
  "formatid": "gen9championsvgc2026regma",
  "rating": 1161,
  "private": 0,
  "password": null
}