{
  "id": "gen9championsvgc2026regma-2583927877",
  "format": "[Gen 9 Champions] VGC 2026 Reg M-A",
  "players": [
    "logitech69",
    "Skulltuna3"
  ],
  "log": "|j|\u2606logitech69\n|j|\u2606Skulltuna3\n|t:|1776209063\n|gametype|doubles\n|player|p1|logitech69|266|1033\n|player|p2|Skulltuna3|1|1092\n|gen|9\n|tier|[Gen 9 Champions] VGC 2026 Reg M-A\n|rated|\n|rule|Species Clause: Limit one of each Pok\u00e9mon\n|rule|Item Clause: Limit 1 of each item\n|clearpoke\n|poke|p1|Mimikyu, L50, M|\n|poke|p1|Toxapex, L50, F|\n|poke|p1|Hawlucha, L50, F|\n|poke|p1|Bastiodon, L50, F|\n|poke|p1|Sinistcha, L50|\n|poke|p1|Drampa, L50, M|\n|poke|p2|Kingambit, L50, F|\n|poke|p2|Sneasler, L50, F|\n|poke|p2|Sableye, L50, F|\n|poke|p2|Floette-Eternal, L50, F|\n|poke|p2|Aggron, L50, F|\n|poke|p2|Hatterene, L50, F|\n|teampreview|4\n|inactive|Battle timer is ON: inactive players will automatically lose when time's up. (requested by Skulltuna3)\n|\n|t:|1776209075\n|teamsize|p1|4\n|teamsize|p2|4\n|start\n|switch|p1a: Bastiodon|Bastiodon, L50, F|100/100\n|switch|p1b: Hawlucha|Hawlucha, L50, F|100/100\n|switch|p2a: Kingambit|Kingambit, L50, F|100/100\n|switch|p2b: Sneasler|Sneasler, L50, F|100/100\n|turn|1\n|inactive|logitech69 has 30 seconds left.\n|inactive|logitech69 has 20 seconds left.\n|\n|t:|1776209112\n|switch|p2a: Sableye|Sableye, L50, F|100/100\n|detailschange|p1b: Hawlucha|Hawlucha-Mega, L50, F\n|-mega|p1b: Hawlucha|Hawlucha|Hawluchanite\n|move|p2b: Sneasler|Close Combat|p1a: Bastiodon\n|-supereffective|p1a: Bastiodon|2\n|-ability|p1a: Bastiodon|Sturdy\n|-damage|p1a: Bastiodon|1/100\n|-unboost|p2b: Sneasler|def|1\n|-unboost|p2b: Sneasler|spd|1\n|move|p1b: Hawlucha|Entrainment|p1a: Bastiodon\n|-ability|p1a: Bastiodon|No Guard|Sturdy|[from] move: Entrainment|[of] p1b: Hawlucha\n|move|p1a: Bastiodon|Fissure|p2b: Sneasler\n|-enditem|p2b: Sneasler|Focus Sash\n|-damage|p2b: Sneasler|1/100\n|\n|upkeep\n|turn|2\n|inactive|logitech69 has 30 seconds left.\n|inactive|logitech69 has 20 seconds left.\n|inactive|logitech69 has 15 seconds left.\n|inactive|logitech69 has 10 seconds left.\n|\n|t:|1776209159\n|move|p1a: Bastiodon|Protect|p1a: Bastiodon\n|-singleturn|p1a: Bastiodon|Protect\n|move|p2a: Sableye|Fake Out|p1a: Bastiodon\n|-activate|p1a: Bastiodon|move: Protect\n|move|p2b: Sneasler|Dire Claw|p1b: Hawlucha\n|-damage|p1b: Hawlucha|57/100\n|move|p1b: Hawlucha|U-turn|p2b: Sneasler\n|-resisted|p2b: Sneasler|2\n|-damage|p2b: Sneasler|0 fnt\n|faint|p2b: Sneasler\n|\n|t:|1776209172\n|switch|p1b: Mimikyu|Mimikyu, L50, M|100/100|[from] U-turn\n|\n|upkeep\n|\n|t:|1776209175\n|switch|p2b: Floette|Floette-Eternal, L50, F|100/100\n|turn|3\n|\n|t:|1776209191\n|detailschange|p2b: Floette|Floette-Mega, L50, F\n|-mega|p2b: Floette|Floette|Floettite\n|-ability|p2b: Floette|Fairy Aura\n|move|p1a: Bastiodon|Protect||[still]\n|-fail|p1a: Bastiodon\n|move|p2a: Sableye|Will-O-Wisp|p1b: Mimikyu\n|-status|p1b: Mimikyu|brn\n|move|p2b: Floette|Dazzling Gleam|p1a: Bastiodon|[spread] p1a,p1b\n|-resisted|p1a: Bastiodon|1\n|-damage|p1a: Bastiodon|0 fnt\n|-activate|p1b: Mimikyu|ability: Disguise\n|-damage|p1b: Mimikyu|100/100 brn\n|detailschange|p1b: Mimikyu|Mimikyu-Busted, L50, M\n|-damage|p1b: Mimikyu|88/100 brn|[from] pokemon: Mimikyu-Busted\n|faint|p1a: Bastiodon\n|move|p1b: Mimikyu|Trick Room|p1b: Mimikyu\n|-fieldstart|move: Trick Room|[of] p1b: Mimikyu\n|\n|-damage|p1b: Mimikyu|82/100 brn|[from] brn\n|upkeep\n|\n|t:|1776209212\n|switch|p1a: Toxapex|Toxapex, L50, F|100/100\n|turn|4\n|inactive|Skulltuna3 has 30 seconds left.\n|\n|t:|1776209239\n|move|p1b: Mimikyu|Protect|p1b: Mimikyu\n|-singleturn|p1b: Mimikyu|Protect\n|move|p1a: Toxapex|Toxic|p2b: Floette\n|-status|p2b: Floette|tox\n|move|p2a: Sableye|Night Shade|p1a: Toxapex\n|-damage|p1a: Toxapex|60/100\n|move|p2b: Floette|Dazzling Gleam|p1a: Toxapex|[spread] p1a\n|-activate|p1b: Mimikyu|move: Protect\n|-resisted|p1a: Toxapex|1\n|-damage|p1a: Toxapex|44/100\n|\n|-heal|p1a: Toxapex|50/100|[from] item: Leftovers\n|-damage|p2b: Floette|94/100 tox|[from] psn\n|-damage|p1b: Mimikyu|76/100 brn|[from] brn\n|upkeep\n|turn|5\n|\n|t:|1776209260\n|move|p1a: Toxapex|Recover|p1a: Toxapex\n|-heal|p1a: Toxapex|100/100\n|move|p2a: Sableye|Night Shade|p1a: Toxapex\n|-damage|p1a: Toxapex|60/100\n|move|p1b: Mimikyu|Play Rough|p2a: Sableye\n|-supereffective|p2a: Sableye|1\n|-damage|p2a: Sableye|30/100\n|-enditem|p2a: Sableye|Sitrus Berry|[eat]\n|-heal|p2a: Sableye|55/100|[from] item: Sitrus Berry\n|move|p2b: Floette|Dazzling Gleam|p1a: Toxapex|[spread] p1a,p1b\n|-resisted|p1a: Toxapex|1\n|-damage|p1a: Toxapex|45/100\n|-damage|p1b: Mimikyu|35/100 brn\n|\n|-heal|p1a: Toxapex|51/100|[from] item: Leftovers\n|-damage|p2b: Floette|82/100 tox|[from] psn\n|-damage|p1b: Mimikyu|29/100 brn|[from] brn\n|upkeep\n|turn|6\n|\n|t:|1776209282\n|switch|p2b: Kingambit|Kingambit, L50, F|100/100\n|move|p1a: Toxapex|Recover|p1a: Toxapex\n|-heal|p1a: Toxapex|100/100\n|move|p2a: Sableye|Night Shade|p1a: Toxapex\n|-damage|p1a: Toxapex|60/100\n|move|p1b: Mimikyu|Play Rough|p2a: Sableye\n|-supereffective|p2a: Sableye|1\n|-damage|p2a: Sableye|0 fnt\n|faint|p2a: Sableye\n|\n|-heal|p1a: Toxapex|66/100|[from] item: Leftovers\n|-damage|p1b: Mimikyu|23/100 brn|[from] brn\n|upkeep\n|\n|t:|1776209290\n|switch|p2a: Floette|Floette-Mega, L50, F|82/100 tox\n|-ability|p2a: Floette|Fairy Aura\n|turn|7\n|inactive|logitech69 has 30 seconds left.\n|\n|t:|1776209318\n|move|p1a: Toxapex|Venoshock|p2a: Floette\n|-supereffective|p2a: Floette|1\n|-crit|p2a: Floette\n|-damage|p2a: Floette|9/100 tox\n|move|p2b: Kingambit|Kowtow Cleave|p1a: Toxapex\n|-damage|p1a: Toxapex|10/100\n|move|p1b: Mimikyu|Play Rough|p2b: Kingambit\n|-damage|p2b: Kingambit|80/100\n|move|p2a: Floette|Dazzling Gleam|p1b: Mimikyu|[spread] p1a,p1b\n|-resisted|p1a: Toxapex|1\n|-damage|p1a: Toxapex|0 fnt\n|-damage|p1b: Mimikyu|0 fnt\n|faint|p1a: Toxapex\n|faint|p1b: Mimikyu\n|\n|-damage|p2a: Floette|3/100 tox|[from] psn\n|-fieldend|move: Trick Room\n|upkeep\n|\n|t:|1776209338\n|switch|p1a: Hawlucha|Hawlucha-Mega, L50, F|57/100\n|turn|8\n|\n|t:|1776209355\n|move|p1a: Hawlucha|Protect|p1a: Hawlucha\n|-singleturn|p1a: Hawlucha|Protect\n|move|p2a: Floette|Draining Kiss|p2b: Kingambit\n|-crit|p2b: Kingambit\n|-damage|p2b: Kingambit|32/100\n|-heal|p2a: Floette|44/100 tox|[from] drain|[of] p2b: Kingambit\n|move|p2b: Kingambit|Iron Head|p1a: Hawlucha\n|-activate|p1a: Hawlucha|move: Protect\n|\n|-damage|p2a: Floette|32/100 tox|[from] psn\n|upkeep\n|turn|9\n|inactive|logitech69 has 30 seconds left.\n|c|\u2606Skulltuna3|was that tuff\n|\n|t:|1776209388\n|move|p1a: Hawlucha|High Jump Kick|p2b: Kingambit\n|-supereffective|p2b: Kingambit|2\n|-damage|p2b: Kingambit|0 fnt\n|faint|p2b: Kingambit\n|move|p2a: Floette|Draining Kiss|p1a: Hawlucha\n|-supereffective|p1a: Hawlucha|1\n|-damage|p1a: Hawlucha|0 fnt\n|-heal|p2a: Floette|75/100 tox|[from] drain|[of] p1a: Hawlucha\n|faint|p1a: Hawlucha\n|\n|win|Skulltuna3\n|raw|logitech69's rating: 1033 &rarr; <strong>1021</strong><br />(-12 for losing)\n|raw|Skulltuna3's rating: 1092 &rarr; <strong>1114</strong><br />(+22 for winning)\n|c|\u2606Skulltuna3|gg\n",
  "uploadtime": 1776209401,
  "views": 16,
  "formatid": "gen9championsvgc2026regma",
  "rating": 1021,
  "private": 0,
  "password": null
}