{
  "id": "gen9championsvgc2026regma-2586185649",
  "format": "[Gen 9 Champions] VGC 2026 Reg M-A",
  "players": [
    "Skypixel",
    "PKV#5336"
  ],
  "log": "|j|\u2606Skypixel\n|j|\u2606PKV#5336\n|t:|1776409835\n|gametype|doubles\n|player|p1|Skypixel|musician|1478\n|player|p2|PKV#5336|266|1467\n|gen|9\n|tier|[Gen 9 Champions] VGC 2026 Reg M-A\n|rated|\n|rule|Species Clause: Limit one of each Pok\u00e9mon\n|rule|Item Clause: Limit 1 of each item\n|clearpoke\n|poke|p1|Dragonite, L50, M|\n|poke|p1|Meowstic, L50, M|\n|poke|p1|Basculegion, L50, M|\n|poke|p1|Volcarona, L50, F|\n|poke|p1|Sinistcha, L50|\n|poke|p1|Aggron, L50, F|\n|poke|p2|Froslass, L50, F|\n|poke|p2|Garchomp, L50, F|\n|poke|p2|Rotom-Frost, L50|\n|poke|p2|Empoleon, L50, F|\n|poke|p2|Incineroar, L50, M|\n|poke|p2|Kingambit, L50, F|\n|teampreview|4\n|inactive|Battle timer is ON: inactive players will automatically lose when time's up. (requested by Skypixel)\n|inactive|PKV#5336 has 60 seconds left.\n|inactive|PKV#5336 has 30 seconds left.\n|inactive|PKV#5336 has 20 seconds left.\n|\n|t:|1776409913\n|teamsize|p1|4\n|teamsize|p2|4\n|start\n|switch|p1a: Meowstic|Meowstic, L50, M|100/100\n|switch|p1b: Aggron|Aggron, L50, F|100/100\n|switch|p2a: Rotom|Rotom-Frost, L50|100/100\n|switch|p2b: Froslass|Froslass, L50, F|100/100\n|turn|1\n|inactive|Skypixel has 30 seconds left.\n|inactive|PKV#5336 has 30 seconds left.\n|j| NEONxTOKYO\n|\n|t:|1776409946\n|detailschange|p2b: Froslass|Froslass-Mega, L50, F\n|-mega|p2b: Froslass|Froslass|Froslassite\n|-weather|Snowscape|[from] ability: Snow Warning|[of] p2b: Froslass\n|detailschange|p1b: Aggron|Aggron-Mega, L50, F\n|-mega|p1b: Aggron|Aggron|Aggronite\n|move|p1a: Meowstic|Fake Out|p2a: Rotom\n|-damage|p2a: Rotom|95/100\n|cant|p2a: Rotom|flinch\n|move|p2b: Froslass|Blizzard|p1b: Aggron|[spread] p1a,p1b\n|-resisted|p1b: Aggron|1\n|-damage|p1a: Meowstic|52/100\n|-damage|p1b: Aggron|78/100\n|move|p1b: Aggron|Iron Defense|p1b: Aggron\n|-boost|p1b: Aggron|def|2\n|\n|-weather|Snowscape|[upkeep]\n|upkeep\n|turn|2\n|inactive|PKV#5336 has 30 seconds left.\n|inactive|PKV#5336 has 20 seconds left.\n|\n|t:|1776409982\n|move|p1b: Aggron|Protect|p1b: Aggron\n|-singleturn|p1b: Aggron|Protect\n|move|p1a: Meowstic|Light Screen|p1a: Meowstic\n|-sidestart|p1: Skypixel|move: Light Screen\n|move|p2a: Rotom|Volt Switch|p1b: Aggron\n|-activate|p1b: Aggron|move: Protect\n|move|p2b: Froslass|Aurora Veil|p2b: Froslass\n|-sidestart|p2: PKV#5336|move: Aurora Veil\n|\n|-weather|Snowscape|[upkeep]\n|upkeep\n|turn|3\n|\n|t:|1776409997\n|switch|p1a: Volcarona|Volcarona, L50, F|100/100\n|move|p2a: Rotom|Volt Switch|p1b: Aggron\n|-damage|p1b: Aggron|60/100\n|\n|t:|1776410007\n|switch|p2a: Garchomp|Garchomp, L50, F|100/100|[from] Volt Switch\n|move|p2b: Froslass|Blizzard|p1a: Volcarona|[spread] p1a,p1b\n|-resisted|p1a: Volcarona|1\n|-resisted|p1b: Aggron|1\n|-damage|p1a: Volcarona|84/100\n|-damage|p1b: Aggron|45/100\n|-status|p1b: Aggron|frz\n|cant|p1b: Aggron|frz\n|\n|-weather|Snowscape|[upkeep]\n|-heal|p1a: Volcarona|90/100|[from] item: Leftovers\n|upkeep\n|turn|4\n|c|\u2606Skypixel|^^\n|\n|t:|1776410031\n|switch|p2b: Rotom|Rotom-Frost, L50|95/100\n|switch|p1a: Sinistcha|Sinistcha, L50|100/100\n|-heal|p1b: Aggron|70/100 frz|[from] ability: Hospitality|[of] p1a: Sinistcha\n|move|p2a: Garchomp|Earthquake|p1b: Aggron|[spread] p1a,p1b\n|-immune|p2b: Rotom|[from] ability: Levitate\n|-resisted|p1a: Sinistcha|1\n|-supereffective|p1b: Aggron|1\n|-damage|p1a: Sinistcha|86/100\n|-damage|p1b: Aggron|55/100 frz\n|cant|p1b: Aggron|frz\n|\n|-weather|Snowscape|[upkeep]\n|upkeep\n|turn|5\n|inactive|PKV#5336 has 30 seconds left.\n|\n|t:|1776410056\n|move|p2b: Rotom|Blizzard|p1a: Sinistcha|[spread] p1a,p1b\n|-supereffective|p1a: Sinistcha|1\n|-resisted|p1b: Aggron|1\n|-damage|p1a: Sinistcha|34/100\n|-damage|p1b: Aggron|45/100 frz\n|-enditem|p1a: Sinistcha|Sitrus Berry|[eat]\n|-heal|p1a: Sinistcha|59/100|[from] item: Sitrus Berry\n|move|p2a: Garchomp|Rock Slide|p1a: Sinistcha|[spread] p1a,p1b\n|-resisted|p1b: Aggron|1\n|-damage|p1a: Sinistcha|45/100\n|-damage|p1b: Aggron|43/100 frz\n|-curestatus|p1b: Aggron|frz|[msg]\n|cant|p1b: Aggron|flinch\n|cant|p1a: Sinistcha|flinch\n|\n|-weather|none\n|upkeep\n|turn|6\n|j| jeskyv2\n|\n|t:|1776410073\n|move|p2b: Rotom|Blizzard|p1a: Sinistcha|[spread] p1b\n|-miss|p2b: Rotom|p1a: Sinistcha\n|-resisted|p1b: Aggron|1\n|-crit|p1b: Aggron\n|-damage|p1b: Aggron|19/100\n|move|p2a: Garchomp|Earthquake|p1b: Aggron|[spread] p1a,p1b\n|-immune|p2b: Rotom|[from] ability: Levitate\n|-resisted|p1a: Sinistcha|1\n|-supereffective|p1b: Aggron|1\n|-damage|p1a: Sinistcha|29/100\n|-damage|p1b: Aggron|5/100\n|move|p1b: Aggron|Iron Defense|p1b: Aggron\n|-boost|p1b: Aggron|def|2\n|move|p1a: Sinistcha|Trick Room|p1a: Sinistcha\n|-fieldstart|move: Trick Room|[of] p1a: Sinistcha\n|\n|-sideend|p1: Skypixel|move: Light Screen\n|-sideend|p2: PKV#5336|move: Aurora Veil\n|upkeep\n|turn|7\n|inactive|PKV#5336 has 30 seconds left.\n|\n|t:|1776410099\n|switch|p2b: Froslass|Froslass-Mega, L50, F|100/100\n|-weather|Snowscape|[from] ability: Snow Warning|[of] p2b: Froslass\n|move|p1b: Aggron|Heavy Slam|p2b: Froslass\n|-supereffective|p2b: Froslass|1\n|-damage|p2b: Froslass|0 fnt\n|faint|p2b: Froslass\n|move|p1a: Sinistcha|Life Dew|p1a: Sinistcha|[spread] p1a,p1b\n|-heal|p1a: Sinistcha|54/100\n|-heal|p1b: Aggron|30/100\n|move|p2a: Garchomp|Earthquake|p1b: Aggron|[spread] p1a,p1b\n|-resisted|p1a: Sinistcha|1\n|-supereffective|p1b: Aggron|1\n|-crit|p1b: Aggron\n|-damage|p1a: Sinistcha|38/100\n|-damage|p1b: Aggron|0 fnt\n|faint|p1b: Aggron\n|\n|-weather|Snowscape|[upkeep]\n|upkeep\n|\n|t:|1776410115\n|switch|p1b: Meowstic|Meowstic, L50, M|52/100\n|switch|p2b: Rotom|Rotom-Frost, L50|95/100\n|turn|8\n|c|\u2606Skypixel|i'm not mad\n|\n|t:|1776410124\n|move|p1b: Meowstic|Fake Out|p2b: Rotom\n|-damage|p2b: Rotom|89/100\n|move|p1a: Sinistcha|Matcha Gotcha|p2b: Rotom|[spread] p2b\n|-miss|p1a: Sinistcha|p2a: Garchomp\n|-damage|p2b: Rotom|58/100\n|-heal|p1a: Sinistcha|49/100|[from] drain|[of] p2b: Rotom\n|-status|p2b: Rotom|brn\n|move|p2a: Garchomp|Earthquake|p1a: Sinistcha|[spread] p1a,p1b\n|-immune|p2b: Rotom|[from] ability: Levitate\n|-resisted|p1a: Sinistcha|1\n|-damage|p1a: Sinistcha|35/100\n|-damage|p1b: Meowstic|9/100\n|cant|p2b: Rotom|flinch\n|\n|-weather|Snowscape|[upkeep]\n|-damage|p2b: Rotom|52/100 brn|[from] brn\n|upkeep\n|turn|9\n|\n|t:|1776410147\n|move|p1b: Meowstic|Reflect|p1b: Meowstic\n|-sidestart|p1: Skypixel|Reflect\n|move|p1a: Sinistcha|Matcha Gotcha|p2b: Rotom|[spread] p2a,p2b\n|-damage|p2a: Garchomp|74/100\n|-heal|p1a: Sinistcha|48/100|[from] drain|[of] p2a: Garchomp\n|-damage|p2b: Rotom|21/100 brn\n|-heal|p1a: Sinistcha|59/100|[from] drain|[of] p2b: Rotom\n|move|p2a: Garchomp|Earthquake|p1b: Meowstic|[spread] p1a,p1b\n|-immune|p2b: Rotom|[from] ability: Levitate\n|-resisted|p1a: Sinistcha|1\n|-damage|p1a: Sinistcha|50/100\n|-damage|p1b: Meowstic|0 fnt\n|faint|p1b: Meowstic\n|move|p2b: Rotom|Blizzard|p1a: Sinistcha\n|-supereffective|p1a: Sinistcha|1\n|-damage|p1a: Sinistcha|0 fnt\n|faint|p1a: Sinistcha\n|\n|-weather|Snowscape|[upkeep]\n|-damage|p2b: Rotom|15/100 brn|[from] brn\n|upkeep\n|\n|t:|1776410156\n|switch|p1b: Volcarona|Volcarona, L50, F|90/100\n|turn|10\n|j| Glaceon0404\n|\n|t:|1776410178\n|move|p2a: Garchomp|Protect|p2a: Garchomp\n|-singleturn|p2a: Garchomp|Protect\n|move|p1b: Volcarona|Quiver Dance|p1b: Volcarona\n|-boost|p1b: Volcarona|spa|1\n|-boost|p1b: Volcarona|spd|1\n|-boost|p1b: Volcarona|spe|1\n|move|p2b: Rotom|Blizzard|p1b: Volcarona\n|-resisted|p1b: Volcarona|1\n|-damage|p1b: Volcarona|76/100\n|\n|-weather|Snowscape|[upkeep]\n|-heal|p1b: Volcarona|82/100|[from] item: Leftovers\n|-damage|p2b: Rotom|10/100 brn|[from] brn\n|-fieldend|move: Trick Room\n|upkeep\n|turn|11\n|inactive|Skypixel has 30 seconds left.\n|inactive|PKV#5336 has 30 seconds left.\n|inactive|Skypixel has 20 seconds left.\n|inactive|Skypixel has 15 seconds left.\n|\n|t:|1776410223\n|move|p2b: Rotom|Blizzard|p1b: Volcarona\n|-resisted|p1b: Volcarona|1\n|-damage|p1b: Volcarona|66/100\n|move|p1b: Volcarona|Quiver Dance|p1b: Volcarona\n|-boost|p1b: Volcarona|spa|1\n|-boost|p1b: Volcarona|spd|1\n|-boost|p1b: Volcarona|spe|1\n|move|p2a: Garchomp|Rock Slide|p1b: Volcarona|[miss]\n|-miss|p2a: Garchomp|p1b: Volcarona\n|\n|-weather|none\n|-heal|p1b: Volcarona|72/100|[from] item: Leftovers\n|-damage|p2b: Rotom|4/100 brn|[from] brn\n|upkeep\n|turn|12\n|\n|t:|1776410237\n|switch|p2b: Kingambit|Kingambit, L50, F|100/100\n|move|p1b: Volcarona|Giga Drain|p2a: Garchomp\n|-damage|p2a: Garchomp|23/100\n|-heal|p1b: Volcarona|97/100|[from] drain|[of] p2a: Garchomp\n|move|p2a: Garchomp|Rock Slide|p1b: Volcarona\n|-supereffective|p1b: Volcarona|2\n|-damage|p1b: Volcarona|35/100\n|\n|-heal|p1b: Volcarona|40/100|[from] item: Leftovers\n|upkeep\n|turn|13\n|inactive|PKV#5336 has 30 seconds left.\n|\n|t:|1776410277\n|switch|p2a: Rotom|Rotom-Frost, L50|4/100 brn\n|move|p2b: Kingambit|Sucker Punch|p1b: Volcarona\n|-damage|p1b: Volcarona|17/100\n|-status|p2b: Kingambit|brn|[from] ability: Flame Body|[of] p1b: Volcarona\n|move|p1b: Volcarona|Giga Drain|p2a: Rotom\n|-damage|p2a: Rotom|0 fnt\n|-heal|p1b: Volcarona|19/100|[from] drain|[of] p2a: Rotom\n|faint|p2a: Rotom\n|\n|-heal|p1b: Volcarona|25/100|[from] item: Leftovers\n|-damage|p2b: Kingambit|95/100 brn|[from] brn\n|-sideend|p1: Skypixel|Reflect\n|upkeep\n|\n|t:|1776410285\n|switch|p2a: Garchomp|Garchomp, L50, F|23/100\n|turn|14\n|\n|t:|1776410292\n|move|p1b: Volcarona|Protect|p1b: Volcarona\n|-singleturn|p1b: Volcarona|Protect\n|move|p2a: Garchomp|Protect|p2a: Garchomp\n|-singleturn|p2a: Garchomp|Protect\n|move|p2b: Kingambit|Sucker Punch||[still]\n|-fail|p2b: Kingambit\n|\n|-heal|p1b: Volcarona|30/100|[from] item: Leftovers\n|-damage|p2b: Kingambit|89/100 brn|[from] brn\n|upkeep\n|turn|15\n|\n|t:|1776410303\n|move|p2b: Kingambit|Sucker Punch|p1b: Volcarona\n|-damage|p1b: Volcarona|13/100\n|move|p1b: Volcarona|Giga Drain|p2a: Garchomp\n|-damage|p2a: Garchomp|0 fnt\n|-heal|p1b: Volcarona|24/100|[from] drain|[of] p2a: Garchomp\n|faint|p2a: Garchomp\n|\n|-heal|p1b: Volcarona|30/100|[from] item: Leftovers\n|-damage|p2b: Kingambit|83/100 brn|[from] brn\n|upkeep\n|turn|16\n|c|\u2606Skypixel|gg\n|\n|t:|1776410317\n|move|p2b: Kingambit|Sucker Punch|p1b: Volcarona\n|-damage|p1b: Volcarona|11/100\n|move|p1b: Volcarona|Fiery Dance|p2b: Kingambit\n|-supereffective|p2b: Kingambit|1\n|-damage|p2b: Kingambit|0 fnt\n|faint|p2b: Kingambit\n|\n|win|Skypixel\n|raw|Skypixel's rating: 1478 &rarr; <strong>1497</strong><br />(+19 for winning)\n|raw|PKV#5336's rating: 1467 &rarr; <strong>1448</strong><br />(-19 for losing)\n|l|\u2606Skypixel\n|player|p1|\n|l|\u2606PKV#5336\n|player|p2|\n",
  "uploadtime": 1776410325,
  "views": 64,
  "formatid": "gen9championsvgc2026regma",
  "rating": 1448,
  "private": 0,
  "password": null
}