{
  "id": "gen9championsvgc2026regma-2583716790",
  "format": "[Gen 9 Champions] VGC 2026 Reg M-A",
  "players": [
    "battle sim trainer",
    "ogrinon"
  ],
  "log": "|j|\u2606battle sim trainer\n|j|\u2606ogrinon\n|t:|1776192895\n|gametype|doubles\n|player|p1|battle sim trainer|turo|1077\n|player|p2|ogrinon|266|1049\n|gen|9\n|tier|[Gen 9 Champions] VGC 2026 Reg M-A\n|rated|\n|rule|Species Clause: Limit one of each Pok\u00e9mon\n|rule|Item Clause: Limit 1 of each item\n|clearpoke\n|poke|p1|Farigiraf, L50, M|\n|poke|p1|Drampa, L50, M|\n|poke|p1|Sinistcha, L50|\n|poke|p1|Hatterene, L50, F|\n|poke|p1|Slowbro, L50, M|\n|poke|p1|Ninetales-Alola, L50, F|\n|poke|p2|Aerodactyl, L50, F|\n|poke|p2|Sneasler, L50, M|\n|poke|p2|Tyranitar, L50, M|\n|poke|p2|Garchomp, L50, M|\n|poke|p2|Whimsicott, L50, M|\n|poke|p2|Rotom-Wash, L50|\n|teampreview|4\n|inactive|Battle timer is ON: inactive players will automatically lose when time's up. (requested by battle sim trainer)\n|\n|t:|1776192961\n|teamsize|p1|4\n|teamsize|p2|4\n|start\n|switch|p1a: Farigiraf|Farigiraf, L50, M|100/100\n|switch|p1b: Sinistcha|Sinistcha, L50|100/100\n|switch|p2a: Sneasler|Sneasler, L50, M|100/100\n|switch|p2b: Whimsicott|Whimsicott, L50, M, shiny|100/100\n|turn|1\n|inactive|ogrinon has 30 seconds left.\n|inactive|ogrinon has 20 seconds left.\n|inactive|ogrinon has 15 seconds left.\n|\n|t:|1776193003\n|move|p1b: Sinistcha|Rage Powder|p1b: Sinistcha\n|-singleturn|p1b: Sinistcha|move: Rage Powder\n|move|p2b: Whimsicott|Encore||[still]\n|cant|p1a: Farigiraf|ability: Armor Tail|Encore|[of] p2b: Whimsicott\n|move|p2a: Sneasler|Dire Claw|p1b: Sinistcha\n|-damage|p1b: Sinistcha|66/100\n|move|p1a: Farigiraf|Trick Room|p1a: Farigiraf\n|-fieldstart|move: Trick Room|[of] p1a: Farigiraf\n|\n|upkeep\n|turn|2\n|\n|t:|1776193028\n|switch|p1b: Drampa|Drampa, L50, M|100/100\n|move|p1a: Farigiraf|Psyshock|p2a: Sneasler\n|-supereffective|p2a: Sneasler|2\n|-enditem|p2a: Sneasler|Focus Sash\n|-damage|p2a: Sneasler|1/100\n|move|p2b: Whimsicott|Moonblast|p1b: Drampa\n|-supereffective|p1b: Drampa|1\n|-damage|p1b: Drampa|45/100\n|-ability|p1b: Drampa|Berserk|boost\n|-boost|p1b: Drampa|spa|1\n|move|p2a: Sneasler|Dire Claw|p1b: Drampa\n|-damage|p1b: Drampa|1/100\n|\n|upkeep\n|turn|3\n|inactive|battle sim trainer has 30 seconds left.\n|inactive|ogrinon has 30 seconds left.\n|\n|t:|1776193055\n|detailschange|p1b: Drampa|Drampa-Mega, L50, M\n|-mega|p1b: Drampa|Drampa|Drampanite\n|move|p1a: Farigiraf|Helping Hand|p1b: Drampa\n|-singleturn|p1b: Drampa|Helping Hand|[of] p1a: Farigiraf\n|move|p2b: Whimsicott|Tailwind|p2b: Whimsicott\n|-sidestart|p2: ogrinon|move: Tailwind\n|move|p1b: Drampa|Hyper Voice|p2a: Sneasler|[spread] p2a,p2b\n|-damage|p2a: Sneasler|0 fnt\n|-damage|p2b: Whimsicott|0 fnt\n|faint|p2a: Sneasler\n|faint|p2b: Whimsicott\n|\n|upkeep\n|\n|t:|1776193068\n|switch|p2a: Tyranitar|Tyranitar, L50, M|100/100\n|switch|p2b: Garchomp|Garchomp, L50, M, shiny|100/100\n|-weather|Sandstorm|[from] ability: Sand Stream|[of] p2a: Tyranitar\n|turn|4\n|inactive|ogrinon has 30 seconds left.\n|inactive|battle sim trainer has 30 seconds left.\n|inactive|ogrinon has 20 seconds left.\n|\n|t:|1776193103\n|switch|p1a: Sinistcha|Sinistcha, L50|66/100\n|-heal|p1b: Drampa|26/100|[from] ability: Hospitality|[of] p1a: Sinistcha\n|move|p1b: Drampa|Protect|p1b: Drampa\n|-singleturn|p1b: Drampa|Protect\n|move|p2b: Garchomp|Protect|p2b: Garchomp\n|-singleturn|p2b: Garchomp|Protect\n|move|p2a: Tyranitar|Rock Slide|p1a: Sinistcha|[spread] p1a\n|-activate|p1b: Drampa|move: Protect\n|-crit|p1a: Sinistcha\n|-damage|p1a: Sinistcha|29/100\n|\n|-weather|Sandstorm|[upkeep]\n|-damage|p1b: Drampa|20/100|[from] Sandstorm\n|-damage|p1a: Sinistcha|23/100|[from] Sandstorm\n|upkeep\n|turn|5\n|inactive|battle sim trainer has 30 seconds left.\n|inactive|ogrinon has 30 seconds left.\n|inactive|battle sim trainer has 20 seconds left.\n|inactive|ogrinon has 20 seconds left.\n|inactive|battle sim trainer has 15 seconds left.\n|inactive|ogrinon has 15 seconds left.\n|inactive|ogrinon has 10 seconds left.\n|\n|t:|1776193152\n|detailschange|p2b: Garchomp|Garchomp-Mega, L50, M, shiny\n|-mega|p2b: Garchomp|Garchomp|Garchompite\n|move|p2a: Tyranitar|Protect|p2a: Tyranitar\n|-singleturn|p2a: Tyranitar|Protect\n|move|p2b: Garchomp|Protect|p2b: Garchomp\n|-singleturn|p2b: Garchomp|Protect\n|move|p1b: Drampa|Hyper Voice|p2a: Tyranitar|[spread] \n|-activate|p2a: Tyranitar|move: Protect\n|-activate|p2b: Garchomp|move: Protect\n|move|p1a: Sinistcha|Strength Sap|p2b: Garchomp\n|-activate|p2b: Garchomp|move: Protect\n|\n|-weather|Sandstorm|[upkeep]\n|-damage|p1b: Drampa|14/100|[from] Sandstorm\n|-damage|p1a: Sinistcha|17/100|[from] Sandstorm\n|-fieldend|move: Trick Room\n|upkeep\n|turn|6\n|\n|t:|1776193176\n|move|p1b: Drampa|Protect|p1b: Drampa\n|-singleturn|p1b: Drampa|Protect\n|move|p2b: Garchomp|Rock Slide|p1b: Drampa|[spread] p1a\n|-activate|p1b: Drampa|move: Protect\n|-damage|p1a: Sinistcha|0 fnt\n|faint|p1a: Sinistcha\n|move|p2a: Tyranitar|Rock Slide|p1b: Drampa\n|-activate|p1b: Drampa|move: Protect\n|\n|-weather|Sandstorm|[upkeep]\n|-damage|p1b: Drampa|8/100|[from] Sandstorm\n|-sideend|p2: ogrinon|move: Tailwind\n|upkeep\n|\n|t:|1776193192\n|switch|p1a: Slowbro|Slowbro, L50, M|100/100\n|turn|7\n|\n|t:|1776193198\n|switch|p1b: Farigiraf|Farigiraf, L50, M|100/100\n|move|p2b: Garchomp|Rock Slide|p1a: Slowbro|[spread] \n|-miss|p2b: Garchomp|p1a: Slowbro\n|-miss|p2b: Garchomp|p1b: Farigiraf\n|move|p2a: Tyranitar|Knock Off|p1a: Slowbro\n|-supereffective|p1a: Slowbro|1\n|-damage|p1a: Slowbro|16/100\n|-enditem|p1a: Slowbro|Leftovers|[from] move: Knock Off|[of] p2a: Tyranitar\n|move|p1a: Slowbro|Trick Room|p1a: Slowbro\n|-fieldstart|move: Trick Room|[of] p1a: Slowbro\n|\n|-weather|Sandstorm|[upkeep]\n|-damage|p1a: Slowbro|10/100|[from] Sandstorm\n|-damage|p1b: Farigiraf|94/100|[from] Sandstorm\n|upkeep\n|turn|8\n|inactive|battle sim trainer has 30 seconds left.\n|\n|t:|1776193224\n|move|p1a: Slowbro|Slack Off|p1a: Slowbro\n|-heal|p1a: Slowbro|60/100\n|move|p1b: Farigiraf|Psyshock|p2b: Garchomp\n|-crit|p2b: Garchomp\n|-damage|p2b: Garchomp|64/100\n|move|p2a: Tyranitar|Rock Slide|p1a: Slowbro|[spread] p1a,p1b\n|-damage|p1a: Slowbro|35/100\n|-damage|p1b: Farigiraf|64/100\n|move|p2b: Garchomp|Rock Slide|p1a: Slowbro|[spread] p1a,p1b\n|-damage|p1a: Slowbro|12/100\n|-damage|p1b: Farigiraf|35/100\n|-enditem|p1b: Farigiraf|Sitrus Berry|[eat]\n|-heal|p1b: Farigiraf|60/100|[from] item: Sitrus Berry\n|\n|-weather|none\n|upkeep\n|turn|9\n|\n|t:|1776193245\n|move|p1b: Farigiraf|Helping Hand|p1a: Slowbro\n|-singleturn|p1a: Slowbro|Helping Hand|[of] p1b: Farigiraf\n|move|p1a: Slowbro|Body Press|p2a: Tyranitar\n|-supereffective|p2a: Tyranitar|2\n|-enditem|p2a: Tyranitar|Chople Berry|[eat]\n|-enditem|p2a: Tyranitar|Chople Berry|[weaken]\n|-damage|p2a: Tyranitar|39/100\n|move|p2a: Tyranitar|Knock Off|p1a: Slowbro\n|-supereffective|p1a: Slowbro|1\n|-damage|p1a: Slowbro|0 fnt\n|faint|p1a: Slowbro\n|move|p2b: Garchomp|Dragon Claw|p1b: Farigiraf\n|-damage|p1b: Farigiraf|12/100\n|\n|upkeep\n|\n|t:|1776193256\n|switch|p1a: Drampa|Drampa-Mega, L50, M|8/100\n|turn|10\n|\n|t:|1776193280\n|move|p1b: Farigiraf|Helping Hand|p1a: Drampa\n|-singleturn|p1a: Drampa|Helping Hand|[of] p1b: Farigiraf\n|move|p1a: Drampa|Hyper Voice|p2b: Garchomp|[spread] p2a,p2b\n|-resisted|p2a: Tyranitar|1\n|-damage|p2a: Tyranitar|13/100\n|-damage|p2b: Garchomp|1/100\n|move|p2a: Tyranitar|Rock Slide|p1b: Farigiraf|[spread] p1a,p1b\n|-damage|p1a: Drampa|0 fnt\n|-damage|p1b: Farigiraf|0 fnt\n|faint|p1a: Drampa\n|faint|p1b: Farigiraf\n|\n|win|ogrinon\n|raw|battle sim trainer's rating: 1077 &rarr; <strong>1054</strong><br />(-23 for losing)\n|raw|ogrinon's rating: 1049 &rarr; <strong>1084</strong><br />(+35 for winning)\n|c|\u2606battle sim trainer|gg\n",
  "uploadtime": 1776193291,
  "views": 16,
  "formatid": "gen9championsvgc2026regma",
  "rating": 1054,
  "private": 0,
  "password": null
}