{
  "id": "gen9championsvgc2026regma-2585398074",
  "format": "[Gen 9 Champions] VGC 2026 Reg M-A",
  "players": [
    "Benv2005",
    "benzelda214"
  ],
  "log": "|j|\u2606Benv2005\n|j|\u2606benzelda214\n|t:|1776344361\n|gametype|doubles\n|player|p1|Benv2005|265|1108\n|player|p2|benzelda214|265|1178\n|gen|9\n|tier|[Gen 9 Champions] VGC 2026 Reg M-A\n|rated|\n|rule|Species Clause: Limit one of each Pok\u00e9mon\n|rule|Item Clause: Limit 1 of each item\n|clearpoke\n|poke|p1|Froslass, L50, F|\n|poke|p1|Ninetales-Alola, L50, M|\n|poke|p1|Kingambit, L50, M|\n|poke|p1|Incineroar, L50, M|\n|poke|p1|Sinistcha-Masterpiece, L50|\n|poke|p1|Milotic, L50, M|\n|poke|p2|Altaria, L50, M|\n|poke|p2|Gengar, L50, M|\n|poke|p2|Azumarill, L50, M|\n|poke|p2|Incineroar, L50, M|\n|poke|p2|Politoed, L50, F|\n|poke|p2|Liepard, L50, F|\n|teampreview|4\nBenv2005 has agreed to open team sheets.\n|inactive|Battle timer is ON: inactive players will automatically lose when time's up. (requested by benzelda214)\n|\n|t:|1776344393\n|teamsize|p1|4\n|teamsize|p2|4\n|start\n|switch|p1a: Worm|Milotic, L50, M|100/100\n|switch|p1b: Keith|Kingambit, L50, M|100/100\n|switch|p2a: Gengar|Gengar, L50, M|100/100\n|switch|p2b: Liepard|Liepard, L50, F|100/100\n|turn|1\n|\n|t:|1776344414\n|detailschange|p2a: Gengar|Gengar-Mega, L50, M\n|-mega|p2a: Gengar|Gengar|Gengarite\n|move|p2b: Liepard|Fake Out|p1b: Keith\n|-resisted|p1b: Keith|1\n|-damage|p1b: Keith|98/100\n|move|p2a: Gengar|Perish Song|p2a: Gengar\n|-start|p1a: Worm|perish3|[silent]\n|-start|p1b: Keith|perish3|[silent]\n|-start|p2a: Gengar|perish3|[silent]\n|-start|p2b: Liepard|perish3|[silent]\n|-fieldactivate|move: Perish Song\n|move|p1a: Worm|Scald|p2a: Gengar\n|-damage|p2a: Gengar|66/100\n|cant|p1b: Keith|flinch\n|\n|-start|p2b: Liepard|perish3\n|-start|p2a: Gengar|perish3\n|-start|p1a: Worm|perish3\n|-start|p1b: Keith|perish3\n|upkeep\n|turn|2\n|\n|t:|1776344435\n|switch|p2b: Incineroar|Incineroar, L50, M|100/100\n|-ability|p2b: Incineroar|Intimidate|boost\n|-unboost|p1a: Worm|atk|1\n|-ability|p1a: Worm|Competitive|boost\n|-boost|p1a: Worm|spa|2\n|-unboost|p1b: Keith|atk|1\n|-ability|p1b: Keith|Defiant|boost\n|-boost|p1b: Keith|atk|2\n|move|p2a: Gengar|Protect|p2a: Gengar\n|-singleturn|p2a: Gengar|Protect\n|move|p1a: Worm|Scald|p2a: Gengar\n|-activate|p2a: Gengar|move: Protect\n|move|p1b: Keith|Kowtow Cleave|p2a: Gengar\n|-activate|p2a: Gengar|move: Protect\n|\n|-start|p2a: Gengar|perish2\n|-start|p1a: Worm|perish2\n|-start|p1b: Keith|perish2\n|upkeep\n|turn|3\n|inactive|benzelda214 has 30 seconds left.\n|\n|t:|1776344462\n|move|p2b: Incineroar|Fake Out|p1b: Keith\n|-resisted|p1b: Keith|1\n|-damage|p1b: Keith|94/100\n|move|p2a: Gengar|Hypnosis|p1a: Worm\n|-status|p1a: Worm|slp|[from] move: Hypnosis\n|cant|p1a: Worm|slp\n|cant|p1b: Keith|flinch\n|\n|-start|p2a: Gengar|perish1\n|-start|p1a: Worm|perish1\n|-start|p1b: Keith|perish1\n|upkeep\n|turn|4\n|\n|t:|1776344478\n|switch|p2a: Altaria|Altaria, L50, M|100/100\n|-ability|p2a: Altaria|Cloud Nine\n|move|p2b: Incineroar|Protect|p2b: Incineroar\n|-singleturn|p2b: Incineroar|Protect\n|cant|p1a: Worm|slp\n|move|p1b: Keith|Kowtow Cleave|p2a: Altaria\n|-damage|p2a: Altaria|10/100\n|-enditem|p2a: Altaria|Sitrus Berry|[eat]\n|-heal|p2a: Altaria|35/100|[from] item: Sitrus Berry\n|\n|-start|p1a: Worm|perish0\n|-start|p1b: Keith|perish0\n|faint|p1a: Worm\n|faint|p1b: Keith\n|upkeep\n|\n|t:|1776344490\n|switch|p1a: Club Bouncer|Incineroar, L50, M|100/100\n|switch|p1b: Goth Girl|Froslass, L50, F|100/100\n|-ability|p1a: Club Bouncer|Intimidate|boost\n|-unboost|p2a: Altaria|atk|1\n|-unboost|p2b: Incineroar|atk|1\n|turn|5\n|\n|t:|1776344503\n|move|p1a: Club Bouncer|Fake Out|p2a: Altaria\n|-damage|p2a: Altaria|22/100\n|move|p1b: Goth Girl|Icy Wind|p2a: Altaria|[spread] p2a,p2b\n|-supereffective|p2a: Altaria|2\n|-resisted|p2b: Incineroar|1\n|-damage|p2a: Altaria|0 fnt\n|-damage|p2b: Incineroar|94/100\n|-unboost|p2b: Incineroar|spe|1\n|faint|p2a: Altaria\n|move|p2b: Incineroar|Snarl|p1b: Goth Girl|[spread] p1a,p1b\n|-resisted|p1a: Club Bouncer|1\n|-supereffective|p1b: Goth Girl|1\n|-damage|p1a: Club Bouncer|96/100\n|-damage|p1b: Goth Girl|68/100\n|-unboost|p1a: Club Bouncer|spa|1\n|-unboost|p1b: Goth Girl|spa|1\n|\n|upkeep\n|\n|t:|1776344517\n|switch|p2a: Liepard|Liepard, L50, F|100/100\n|turn|6\n|\n|t:|1776344533\n|detailschange|p1b: Goth Girl|Froslass-Mega, L50, F\n|-mega|p1b: Goth Girl|Froslass|Froslassite\n|-weather|Snowscape|[from] ability: Snow Warning|[of] p1b: Goth Girl\n|move|p1b: Goth Girl|Aurora Veil|p1b: Goth Girl\n|-sidestart|p1: Benv2005|move: Aurora Veil\n|move|p2a: Liepard|Snarl|p1b: Goth Girl|[spread] p1a,p1b\n|-resisted|p1a: Club Bouncer|1\n|-supereffective|p1b: Goth Girl|1\n|-damage|p1a: Club Bouncer|92/100\n|-damage|p1b: Goth Girl|40/100\n|-unboost|p1a: Club Bouncer|spa|1\n|-unboost|p1b: Goth Girl|spa|1\n|move|p1a: Club Bouncer|Low Kick|p2a: Liepard\n|-supereffective|p2a: Liepard|1\n|-damage|p2a: Liepard|24/100\n|move|p2b: Incineroar|Snarl|p1a: Club Bouncer|[spread] p1b\n|-miss|p2b: Incineroar|p1a: Club Bouncer\n|-supereffective|p1b: Goth Girl|1\n|-damage|p1b: Goth Girl|21/100\n|-unboost|p1b: Goth Girl|spa|1\n|\n|-weather|Snowscape|[upkeep]\n|upkeep\n|turn|7\n|\n|t:|1776344557\n|move|p2a: Liepard|Encore|p1b: Goth Girl\n|-start|p1b: Goth Girl|Encore\n|move|p1b: Goth Girl|Aurora Veil||[still]\n|-fail|p1b: Goth Girl\n|move|p1a: Club Bouncer|Low Kick|p2b: Incineroar\n|-supereffective|p2b: Incineroar|1\n|-damage|p2b: Incineroar|48/100\n|move|p2b: Incineroar|Parting Shot|p1a: Club Bouncer\n|-unboost|p1a: Club Bouncer|atk|1\n|-unboost|p1a: Club Bouncer|spa|1\n|\n|t:|1776344566\n|switch|p2b: Gengar|Gengar-Mega, L50, M|66/100|[from] Parting Shot\n|\n|-weather|Snowscape|[upkeep]\n|upkeep\n|turn|8\n|-message|Benv2005 forfeited.\n|\n|win|benzelda214\n|raw|Benv2005's rating: 1108 &rarr; <strong>1088</strong><br />(-20 for losing)\n|raw|benzelda214's rating: 1178 &rarr; <strong>1198</strong><br />(+20 for winning)\n|l|\u2606Benv2005\n|player|p1|\n",
  "uploadtime": 1776344575,
  "views": 26,
  "formatid": "gen9championsvgc2026regma",
  "rating": 1088,
  "private": 0,
  "password": null
}