{
  "id": "gen9championsvgc2026regma-2588724448",
  "format": "[Gen 9 Champions] VGC 2026 Reg M-A",
  "players": [
    "Aria.w.",
    "noRNGplz"
  ],
  "log": "|j|\u2606Aria.w.\n|j|\u2606noRNGplz\n|t:|1776662326\n|gametype|doubles\n|player|p1|Aria.w.|1|1293\n|player|p2|noRNGplz|265|1373\n|gen|9\n|tier|[Gen 9 Champions] VGC 2026 Reg M-A\n|rated|\n|rule|Species Clause: Limit one of each Pok\u00e9mon\n|rule|Item Clause: Limit 1 of each item\n|clearpoke\n|poke|p1|Typhlosion-Hisui, L50, M|\n|poke|p1|Charizard, L50, F|\n|poke|p1|Leafeon, L50, M|\n|poke|p1|Mamoswine, L50, F|\n|poke|p1|Heliolisk, L50, M|\n|poke|p1|Incineroar, L50, M|\n|poke|p2|Goodra-Hisui, L50, M|\n|poke|p2|Sneasler, L50, F|\n|poke|p2|Basculegion, L50, M|\n|poke|p2|Sinistcha-Masterpiece, L50|\n|poke|p2|Aerodactyl, L50, F|\n|poke|p2|Delphox, L50, F|\n|teampreview|4\n|inactive|Battle timer is ON: inactive players will automatically lose when time's up. (requested by Aria.w.)\n|inactive|Aria.w. has 60 seconds left.\n|\n|t:|1776662370\n|teamsize|p1|4\n|teamsize|p2|4\n|start\n|switch|p1a: Heliolisk|Heliolisk, L50, M|100/100\n|switch|p1b: Mamoswine|Mamoswine, L50, F|100/100\n|switch|p2a: Aerodactyl|Aerodactyl, L50, F|100/100\n|switch|p2b: Delphox|Delphox, L50, F|100/100\n|-ability|p2a: Aerodactyl|Unnerve\n|turn|1\n|\n|t:|1776662388\n|detailschange|p2b: Delphox|Delphox-Mega, L50, F\n|-mega|p2b: Delphox|Delphox|Delphoxite\n|move|p2b: Delphox|Heat Wave|p1a: Heliolisk|[spread] p1a,p1b\n|-supereffective|p1b: Mamoswine|1\n|-crit|p1b: Mamoswine\n|-damage|p1a: Heliolisk|40/100\n|-damage|p1b: Mamoswine|0 fnt\n|faint|p1b: Mamoswine\n|move|p2a: Aerodactyl|Rock Slide|p1a: Heliolisk|[miss]\n|-miss|p2a: Aerodactyl|p1a: Heliolisk\n|move|p1a: Heliolisk|Thunderbolt|p2a: Aerodactyl\n|-supereffective|p2a: Aerodactyl|1\n|-damage|p2a: Aerodactyl|0 fnt\n|faint|p2a: Aerodactyl\n|\n|upkeep\n|\n|t:|1776662400\n|switch|p2a: Basculegion|Basculegion, L50, M|100/100\n|switch|p1b: Typhlosion|Typhlosion-Hisui, L50, M|100/100\n|turn|2\n|\n|t:|1776662429\n|move|p1a: Heliolisk|Protect|p1a: Heliolisk\n|-singleturn|p1a: Heliolisk|Protect\n|move|p1b: Typhlosion|Shadow Ball|p2b: Delphox\n|-supereffective|p2b: Delphox|1\n|-damage|p2b: Delphox|21/100\n|-unboost|p2b: Delphox|spd|1\n|move|p2a: Basculegion|Flip Turn|p1b: Typhlosion\n|-supereffective|p1b: Typhlosion|1\n|-crit|p1b: Typhlosion\n|-damage|p1b: Typhlosion|0 fnt\n|faint|p1b: Typhlosion\n|\n|t:|1776662438\n|switch|p2a: Sneasler|Sneasler, L50, F|100/100|[from] Flip Turn\n|move|p2b: Delphox|Psychic|p1a: Heliolisk\n|-activate|p1a: Heliolisk|move: Protect\n|\n|upkeep\n|\n|t:|1776662441\n|switch|p1b: Charizard|Charizard, L50, F|100/100\n|turn|3\n|\n|t:|1776662456\n|detailschange|p1b: Charizard|Charizard-Mega-Y, L50, F\n|-mega|p1b: Charizard|Charizard|Charizardite Y\n|-weather|SunnyDay|[from] ability: Drought|[of] p1b: Charizard\n|move|p2a: Sneasler|Fake Out|p1b: Charizard\n|-damage|p1b: Charizard|80/100\n|move|p2b: Delphox|Psychic|p1a: Heliolisk\n|-damage|p1a: Heliolisk|0 fnt\n|faint|p1a: Heliolisk\n|cant|p1b: Charizard|flinch\n|\n|-weather|SunnyDay|[upkeep]\n|upkeep\n|turn|4\n|\n|t:|1776662469\n|move|p2a: Sneasler|Protect|p2a: Sneasler\n|-singleturn|p2a: Sneasler|Protect\n|move|p2b: Delphox|Psychic|p1b: Charizard\n|-damage|p1b: Charizard|20/100\n|-unboost|p1b: Charizard|spd|1\n|move|p1b: Charizard|Heat Wave|p2a: Sneasler|[spread] p2b\n|-activate|p2a: Sneasler|move: Protect\n|-resisted|p2b: Delphox|1\n|-crit|p2b: Delphox\n|-damage|p2b: Delphox|0 fnt\n|faint|p2b: Delphox\n|\n|-weather|SunnyDay|[upkeep]\n|upkeep\n|\n|t:|1776662476\n|switch|p2b: Basculegion|Basculegion, L50, M|100/100\n|turn|5\n|\n|t:|1776662481\n|move|p2b: Basculegion|Wave Crash|p1b: Charizard\n|-supereffective|p1b: Charizard|1\n|-damage|p1b: Charizard|0 fnt\n|faint|p1b: Charizard\n|-damage|p2b: Basculegion|95/100|[from] Recoil\n|\n|win|noRNGplz\n|raw|Aria.w.'s rating: 1293 &rarr; <strong>1274</strong><br />(-19 for losing)\n|raw|noRNGplz's rating: 1373 &rarr; <strong>1388</strong><br />(+15 for winning)\n|l|\u2606Aria.w.\n|player|p1|\n",
  "uploadtime": 1776662486,
  "views": 31,
  "formatid": "gen9championsvgc2026regma",
  "rating": 1274,
  "private": 0,
  "password": null
}