{
  "id": "gen9championsvgc2026regma-2589471230",
  "format": "[Gen 9 Champions] VGC 2026 Reg M-A",
  "players": [
    "hotsauce97",
    "GenericEdgeLrd"
  ],
  "log": "|j|\u2606hotsauce97\n|j|\u2606GenericEdgeLrd\n|t:|1776725917\n|gametype|doubles\n|player|p1|hotsauce97|101|1105\n|player|p2|GenericEdgeLrd|gentleman-gen4|1096\n|gen|9\n|tier|[Gen 9 Champions] VGC 2026 Reg M-A\n|rated|\n|rule|Species Clause: Limit one of each Pok\u00e9mon\n|rule|Item Clause: Limit 1 of each item\n|clearpoke\n|poke|p1|Starmie, L50|\n|poke|p1|Snorlax, L50, F|\n|poke|p1|Gengar, L50, M|\n|poke|p1|Aerodactyl, L50, F|\n|poke|p1|Dragonite, L50, F|\n|poke|p1|Clefable, L50, M|\n|poke|p2|Floette-Eternal, L50, F, shiny|\n|poke|p2|Aerodactyl, L50, M|\n|poke|p2|Garchomp, L50, F|\n|poke|p2|Orthworm, L50, M|\n|poke|p2|Sinistcha, L50|\n|poke|p2|Milotic, L50, M|\n|teampreview|4\n|inactive|Battle timer is ON: inactive players will automatically lose when time's up. (requested by GenericEdgeLrd)\n|\n|t:|1776725944\n|teamsize|p1|4\n|teamsize|p2|4\n|start\n|switch|p1a: Gengar|Gengar, L50, M|100/100\n|switch|p1b: Aerodactyl|Aerodactyl, L50, F|100/100\n|switch|p2a: Aerodactyl|Aerodactyl, L50, M|100/100\n|switch|p2b: Garchomp|Garchomp, L50, F|100/100\n|-ability|p2a: Aerodactyl|Unnerve\n|-ability|p1b: Aerodactyl|Unnerve\n|turn|1\n|\n|t:|1776725960\n|move|p1a: Gengar|Trick|p2a: Aerodactyl\n|-activate|p1a: Gengar|move: Trick|[of] p2a: Aerodactyl\n|-item|p2a: Aerodactyl|Choice Scarf|[from] move: Trick\n|-item|p1a: Gengar|Focus Sash|[from] move: Trick\n|move|p2a: Aerodactyl|Tailwind|p2a: Aerodactyl\n|-sidestart|p2: GenericEdgeLrd|move: Tailwind\n|move|p2b: Garchomp|Earthquake|p1b: Aerodactyl|[spread] p1a\n|-immune|p2a: Aerodactyl\n|-immune|p1b: Aerodactyl\n|-supereffective|p1a: Gengar|1\n|-enditem|p1a: Gengar|Focus Sash\n|-damage|p1a: Gengar|1/100\n|move|p1b: Aerodactyl|Tailwind|p1b: Aerodactyl\n|-sidestart|p1: hotsauce97|move: Tailwind\n|\n|upkeep\n|turn|2\n|inactive|hotsauce97 has 30 seconds left.\n|\n|t:|1776725991\n|switch|p2a: Milotic|Milotic, L50, M|100/100\n|move|p1b: Aerodactyl|Rock Slide|p2b: Garchomp|[spread] p2b\n|-miss|p1b: Aerodactyl|p2a: Milotic\n|-resisted|p2b: Garchomp|1\n|-damage|p2b: Garchomp|87/100\n|move|p2b: Garchomp|Dragon Claw|p1a: Gengar\n|-damage|p1a: Gengar|0 fnt\n|-start|p2b: Garchomp|Disable|Dragon Claw|[from] ability: Cursed Body|[of] p1a: Gengar\n|faint|p1a: Gengar\n|\n|upkeep\n|\n|t:|1776726002\n|switch|p1a: Starmie|Starmie, L50|100/100\n|turn|3\n|\n|t:|1776726009\n|detailschange|p1a: Starmie|Starmie-Mega, L50\n|-mega|p1a: Starmie|Starmie|Starminite\n|move|p1b: Aerodactyl|Protect|p1b: Aerodactyl\n|-singleturn|p1b: Aerodactyl|Protect\n|move|p1a: Starmie|Protect|p1a: Starmie\n|-singleturn|p1a: Starmie|Protect\n|move|p2b: Garchomp|Protect|p2b: Garchomp\n|-singleturn|p2b: Garchomp|Protect\n|move|p2a: Milotic|Icy Wind|p1b: Aerodactyl|[spread] \n|-activate|p1a: Starmie|move: Protect\n|-activate|p1b: Aerodactyl|move: Protect\n|\n|upkeep\n|turn|4\n|\n|t:|1776726024\n|switch|p2b: Aerodactyl|Aerodactyl, L50, M|100/100\n|-ability|p2b: Aerodactyl|Unnerve\n|move|p1b: Aerodactyl|Rock Slide|p2b: Aerodactyl|[spread] p2a,p2b\n|-supereffective|p2b: Aerodactyl|1\n|-damage|p2a: Milotic|74/100\n|-damage|p2b: Aerodactyl|23/100\n|move|p1a: Starmie|Ice Spinner|p2b: Aerodactyl\n|-supereffective|p2b: Aerodactyl|1\n|-damage|p2b: Aerodactyl|0 fnt\n|faint|p2b: Aerodactyl\n|move|p2a: Milotic|Icy Wind|p1a: Starmie|[spread] p1a,p1b\n|-resisted|p1a: Starmie|1\n|-supereffective|p1b: Aerodactyl|1\n|-damage|p1a: Starmie|92/100\n|-damage|p1b: Aerodactyl|62/100\n|-unboost|p1a: Starmie|spe|1\n|-unboost|p1b: Aerodactyl|spe|1\n|\n|-sideend|p2: GenericEdgeLrd|move: Tailwind\n|-sideend|p1: hotsauce97|move: Tailwind\n|upkeep\n|\n|t:|1776726028\n|switch|p2b: Floette|Floette-Eternal, L50, F, shiny|100/100\n|turn|5\n|\n|t:|1776726046\n|detailschange|p2b: Floette|Floette-Mega, L50, F, shiny\n|-mega|p2b: Floette|Floette|Floettite\n|-ability|p2b: Floette|Fairy Aura\n|move|p1a: Starmie|Protect|p1a: Starmie\n|-singleturn|p1a: Starmie|Protect\n|move|p2b: Floette|Dazzling Gleam|p1a: Starmie|[spread] p1b\n|-activate|p1a: Starmie|move: Protect\n|-damage|p1b: Aerodactyl|0 fnt\n|faint|p1b: Aerodactyl\n|move|p2a: Milotic|Coil|p2a: Milotic\n|-boost|p2a: Milotic|atk|1\n|-boost|p2a: Milotic|def|1\n|-boost|p2a: Milotic|accuracy|1\n|\n|upkeep\n|\n|t:|1776726058\n|switch|p1b: Snorlax|Snorlax, L50, F|100/100\n|turn|6\n|\n|t:|1776726065\n|move|p2b: Floette|Protect|p2b: Floette\n|-singleturn|p2b: Floette|Protect\n|move|p1a: Starmie|Liquidation|p2b: Floette\n|-activate|p2b: Floette|move: Protect\n|move|p2a: Milotic|Coil|p2a: Milotic\n|-boost|p2a: Milotic|atk|1\n|-boost|p2a: Milotic|def|1\n|-boost|p2a: Milotic|accuracy|1\n|move|p1b: Snorlax|Yawn|p2a: Milotic\n|-start|p2a: Milotic|move: Yawn|[of] p1b: Snorlax\n|\n|upkeep\n|turn|7\n|\n|t:|1776726080\n|move|p1a: Starmie|Protect|p1a: Starmie\n|-singleturn|p1a: Starmie|Protect\n|move|p2b: Floette|Moonblast|p1b: Snorlax\n|-damage|p1b: Snorlax|66/100\n|move|p2a: Milotic|Hypnosis|p1a: Starmie\n|-activate|p1a: Starmie|move: Protect\n|move|p1b: Snorlax|Yawn|p2b: Floette\n|-start|p2b: Floette|move: Yawn|[of] p1b: Snorlax\n|\n|-heal|p1b: Snorlax|72/100|[from] item: Leftovers\n|-end|p2a: Milotic|move: Yawn|[silent]\n|-status|p2a: Milotic|slp\n|upkeep\n|turn|8\n|\n|t:|1776726105\n|switch|p2b: Garchomp|Garchomp, L50, F|87/100\n|move|p1a: Starmie|Zen Headbutt|p2a: Milotic\n|-damage|p2a: Milotic|46/100 slp\n|-enditem|p2a: Milotic|Sitrus Berry|[eat]\n|-heal|p2a: Milotic|70/100 slp|[from] item: Sitrus Berry\n|cant|p2a: Milotic|slp\n|move|p1b: Snorlax|Double-Edge|p2a: Milotic\n|-damage|p2a: Milotic|54/100 slp\n|-damage|p1b: Snorlax|68/100|[from] Recoil\n|\n|-heal|p1b: Snorlax|74/100|[from] item: Leftovers\n|upkeep\n|turn|9\n|inactive|hotsauce97 has 30 seconds left.\n|\n|t:|1776726138\n|move|p2b: Garchomp|Earthquake|p1a: Starmie|[spread] p2a,p1a,p1b\n|-crit|p1b: Snorlax\n|-damage|p2a: Milotic|36/100 slp\n|-damage|p1a: Starmie|37/100\n|-damage|p1b: Snorlax|11/100\n|move|p1a: Starmie|Zen Headbutt|p2a: Milotic\n|-damage|p2a: Milotic|10/100 slp\n|-curestatus|p2a: Milotic|slp|[msg]\n|cant|p2a: Milotic|flinch\n|move|p1b: Snorlax|Double-Edge|p2a: Milotic\n|-damage|p2a: Milotic|0 fnt\n|faint|p2a: Milotic\n|-damage|p1b: Snorlax|8/100|[from] Recoil\n|\n|-heal|p1b: Snorlax|14/100|[from] item: Leftovers\n|upkeep\n|\n|t:|1776726142\n|switch|p2a: Floette|Floette-Mega, L50, F, shiny|100/100\n|-ability|p2a: Floette|Fairy Aura\n|turn|10\n|\n|t:|1776726158\n|move|p2a: Floette|Dazzling Gleam|p1b: Snorlax|[spread] p1a,p1b\n|-damage|p1a: Starmie|0 fnt\n|-damage|p1b: Snorlax|0 fnt\n|faint|p1a: Starmie\n|faint|p1b: Snorlax\n|\n|win|GenericEdgeLrd\n|raw|hotsauce97's rating: 1105 &rarr; <strong>1079</strong><br />(-26 for losing)\n|raw|GenericEdgeLrd's rating: 1096 &rarr; <strong>1122</strong><br />(+26 for winning)\n|c|\u2606hotsauce97|gg\n|l|\u2606hotsauce97\n|player|p1|\n",
  "uploadtime": 1776726165,
  "views": 3,
  "formatid": "gen9championsvgc2026regma",
  "rating": 1079,
  "private": 0,
  "password": null
}