{
  "id": "gen9championsvgc2026regma-2586224354",
  "format": "[Gen 9 Champions] VGC 2026 Reg M-A",
  "players": [
    "yamzinyobooty",
    "talonflame76"
  ],
  "log": "|j|\u2606yamzinyobooty\n|j|\u2606talonflame76\n|t:|1776414425\n|gametype|doubles\n|player|p1|yamzinyobooty|102|1180\n|player|p2|talonflame76|richboy|1211\n|gen|9\n|tier|[Gen 9 Champions] VGC 2026 Reg M-A\n|rated|\n|rule|Species Clause: Limit one of each Pok\u00e9mon\n|rule|Item Clause: Limit 1 of each item\n|clearpoke\n|poke|p1|Charizard, L50, M|\n|poke|p1|Venusaur, L50, M|\n|poke|p1|Garchomp, L50, F|\n|poke|p1|Incineroar, L50, M|\n|poke|p1|Gardevoir, L50, F|\n|poke|p1|Milotic, L50, M|\n|poke|p2|Ampharos, L50, M|\n|poke|p2|Runerigus, L50, M|\n|poke|p2|Torkoal, L50, M|\n|poke|p2|Farigiraf, L50, F|\n|poke|p2|Snorlax, L50, F|\n|poke|p2|Incineroar, L50, F|\n|teampreview|4\n|\n|t:|1776414476\n|teamsize|p1|4\n|teamsize|p2|4\n|start\n|switch|p1a: Milotic|Milotic, L50, M|100/100\n|switch|p1b: Garchomp|Garchomp, L50, F|100/100\n|switch|p2a: Runerigus|Runerigus, L50, M|100/100\n|switch|p2b: Torkoal|Torkoal, L50, M|100/100\n|-weather|SunnyDay|[from] ability: Drought|[of] p2b: Torkoal\n|turn|1\n|inactive|Battle timer is ON: inactive players will automatically lose when time's up. (requested by yamzinyobooty)\n|\n|t:|1776414501\n|switch|p2b: Ampharos|Ampharos, L50, M|100/100\n|move|p1b: Garchomp|Rock Slide|p2a: Runerigus|[spread] p2a,p2b\n|-resisted|p2a: Runerigus|1\n|-damage|p2a: Runerigus|94/100\n|-damage|p2b: Ampharos|79/100\n|move|p1a: Milotic|Scald|p2a: Runerigus\n|-supereffective|p2a: Runerigus|1\n|-damage|p2a: Runerigus|67/100\n|move|p2a: Runerigus|Trick Room|p2a: Runerigus\n|-fieldstart|move: Trick Room|[of] p2a: Runerigus\n|\n|-weather|SunnyDay|[upkeep]\n|upkeep\n|turn|2\n|\n|t:|1776414521\n|switch|p1b: Venusaur|Venusaur, L50, M|100/100\n|detailschange|p2b: Ampharos|Ampharos-Mega, L50, M\n|-mega|p2b: Ampharos|Ampharos|Ampharosite\n|-ability|p2b: Ampharos|Mold Breaker\n|move|p1a: Milotic|Protect|p1a: Milotic\n|-singleturn|p1a: Milotic|Protect\n|move|p2a: Runerigus|Fake Tears|p1b: Venusaur\n|-unboost|p1b: Venusaur|spd|2\n|move|p2b: Ampharos|Dragon Pulse|p1b: Venusaur\n|-enditem|p1b: Venusaur|Focus Sash\n|-damage|p1b: Venusaur|1/100\n|\n|-weather|SunnyDay|[upkeep]\n|upkeep\n|turn|3\n|\n|t:|1776414539\n|switch|p1b: Gardevoir|Gardevoir, L50, F|100/100\n|move|p2a: Runerigus|Fake Tears|p1a: Milotic\n|-unboost|p1a: Milotic|spd|2\n|-ability|p1a: Milotic|Competitive|boost\n|-boost|p1a: Milotic|spa|2\n|move|p2b: Ampharos|Parabolic Charge|p1b: Gardevoir|[spread] p1a,p1b\n|-immune|p2a: Runerigus\n|-supereffective|p1a: Milotic|1\n|-damage|p1a: Milotic|8/100\n|-heal|p2b: Ampharos|100/100|[from] drain|[of] p1a: Milotic\n|-damage|p1b: Gardevoir|67/100\n|move|p1a: Milotic|Scald|p2a: Runerigus\n|-supereffective|p2a: Runerigus|1\n|-damage|p2a: Runerigus|11/100\n|\n|-weather|SunnyDay|[upkeep]\n|-heal|p1a: Milotic|14/100|[from] item: Leftovers\n|upkeep\n|turn|4\n|\n|t:|1776414560\n|move|p1a: Milotic|Protect|p1a: Milotic\n|-singleturn|p1a: Milotic|Protect\n|move|p2a: Runerigus|Fake Tears|p1b: Gardevoir\n|-unboost|p1b: Gardevoir|spd|2\n|move|p2b: Ampharos|Parabolic Charge|p1a: Milotic|[spread] p1b\n|-activate|p1a: Milotic|move: Protect\n|-immune|p2a: Runerigus\n|-damage|p1b: Gardevoir|0 fnt\n|faint|p1b: Gardevoir\n|\n|-weather|SunnyDay|[upkeep]\n|-heal|p1a: Milotic|20/100|[from] item: Leftovers\n|upkeep\n|\n|t:|1776414574\n|switch|p1b: Garchomp|Garchomp, L50, F|100/100\n|turn|5\n|\n|t:|1776414588\n|move|p1a: Milotic|Protect|p1a: Milotic\n|-singleturn|p1a: Milotic|Protect\n|move|p1b: Garchomp|Protect|p1b: Garchomp\n|-singleturn|p1b: Garchomp|Protect\n|move|p2a: Runerigus|Destiny Bond|p2a: Runerigus\n|-singlemove|p2a: Runerigus|Destiny Bond\n|move|p2b: Ampharos|Dragon Pulse|p1b: Garchomp\n|-activate|p1b: Garchomp|move: Protect\n|\n|-weather|none\n|-heal|p1a: Milotic|26/100|[from] item: Leftovers\n|-fieldend|move: Trick Room\n|upkeep\n|turn|6\n|inactive|yamzinyobooty has 30 seconds left.\n|\n|t:|1776414613\n|move|p2b: Ampharos|Protect|p2b: Ampharos\n|-singleturn|p2b: Ampharos|Protect\n|move|p1b: Garchomp|Rock Slide|p2a: Runerigus|[spread] p2a\n|-activate|p2b: Ampharos|move: Protect\n|-resisted|p2a: Runerigus|1\n|-damage|p2a: Runerigus|4/100\n|move|p1a: Milotic|Ice Beam|p2b: Ampharos\n|-activate|p2b: Ampharos|move: Protect\n|move|p2a: Runerigus|Trick Room|p2a: Runerigus\n|-fieldstart|move: Trick Room|[of] p2a: Runerigus\n|\n|-heal|p1a: Milotic|32/100|[from] item: Leftovers\n|upkeep\n|turn|7\n|-message|yamzinyobooty forfeited.\n|\n|win|talonflame76\n|raw|yamzinyobooty's rating: 1180 &rarr; <strong>1157</strong><br />(-23 for losing)\n|raw|talonflame76's rating: 1211 &rarr; <strong>1234</strong><br />(+23 for winning)\n|l|\u2606yamzinyobooty\n|player|p1|\n",
  "uploadtime": 1776414619,
  "views": 39,
  "formatid": "gen9championsvgc2026regma",
  "rating": 1157,
  "private": 0,
  "password": null
}