{
  "id": "gen9championsvgc2026regma-2586742193",
  "format": "[Gen 9 Champions] VGC 2026 Reg M-A",
  "players": [
    "chilldori",
    "yayou"
  ],
  "log": "|j|\u2606chilldori\n|j|\u2606yayou\n|t:|1776456349\n|gametype|doubles\n|player|p1|chilldori|burglar|1071\n|player|p2|yayou|volkner|1071\n|gen|9\n|tier|[Gen 9 Champions] VGC 2026 Reg M-A\n|rated|\n|rule|Species Clause: Limit one of each Pok\u00e9mon\n|rule|Item Clause: Limit 1 of each item\n|clearpoke\n|poke|p1|Charizard, L50, F|\n|poke|p1|Venusaur, L50, F|\n|poke|p1|Incineroar, L50, M|\n|poke|p1|Garchomp, L50, F|\n|poke|p1|Whimsicott, L50, M|\n|poke|p1|Milotic, L50, F|\n|poke|p2|Starmie, L50|\n|poke|p2|Pelipper, L50, M|\n|poke|p2|Basculegion, L50, M|\n|poke|p2|Sneasler, L50, M|\n|poke|p2|Archaludon, L50, M|\n|poke|p2|Whimsicott, L50, F|\n|teampreview|4\n|\n|t:|1776456401\n|teamsize|p1|4\n|teamsize|p2|4\n|start\n|switch|p1a: Milotic|Milotic, L50, F|100/100\n|switch|p1b: Charizard|Charizard, L50, F|100/100\n|switch|p2a: Starmie|Starmie, L50, shiny|100/100\n|switch|p2b: Pelipper|Pelipper, L50, M|100/100\n|-weather|RainDance|[from] ability: Drizzle|[of] p2b: Pelipper\n|turn|1\n|inactive|Battle timer is ON: inactive players will automatically lose when time's up. (requested by yayou)\n|\n|t:|1776456416\n|switch|p1a: Venusaur|Venusaur, L50, F|100/100\n|detailschange|p2a: Starmie|Starmie-Mega, L50, shiny\n|-mega|p2a: Starmie|Starmie|Starminite\n|detailschange|p1b: Charizard|Charizard-Mega-Y, L50, F\n|-mega|p1b: Charizard|Charizard|Charizardite Y\n|-weather|SunnyDay|[from] ability: Drought|[of] p1b: Charizard\n|move|p1b: Charizard|Protect|p1b: Charizard\n|-singleturn|p1b: Charizard|Protect\n|move|p2a: Starmie|Rain Dance|p2a: Starmie\n|-weather|RainDance\n|move|p2b: Pelipper|Weather Ball|p1b: Charizard\n|-activate|p1b: Charizard|move: Protect\n|\n|-weather|RainDance|[upkeep]\n|upkeep\n|turn|2\n|\n|t:|1776456436\n|switch|p1b: Milotic|Milotic, L50, F|100/100\n|move|p2a: Starmie|Zen Headbutt|p1a: Venusaur\n|-supereffective|p1a: Venusaur|1\n|-enditem|p1a: Venusaur|Focus Sash\n|-damage|p1a: Venusaur|1/100\n|move|p1a: Venusaur|Sleep Powder|p2a: Starmie\n|-status|p2a: Starmie|slp|[from] move: Sleep Powder\n|move|p2b: Pelipper|Hurricane|p1b: Milotic\n|-damage|p1b: Milotic|71/100\n|\n|-weather|RainDance|[upkeep]\n|-heal|p1b: Milotic|77/100|[from] item: Leftovers\n|upkeep\n|turn|3\n|inactive|yayou has 30 seconds left.\n|\n|t:|1776456462\n|switch|p1b: Charizard|Charizard-Mega-Y, L50, F|100/100\n|-weather|SunnyDay|[from] ability: Drought|[of] p1b: Charizard\n|switch|p2b: Sneasler|Sneasler, L50, M|100/100\n|move|p1a: Venusaur|Sludge Bomb|p2b: Sneasler\n|-resisted|p2b: Sneasler|1\n|-damage|p2b: Sneasler|71/100\n|cant|p2a: Starmie|slp\n|\n|-weather|SunnyDay|[upkeep]\n|upkeep\n|turn|4\n|\n|t:|1776456475\n|switch|p2a: Pelipper|Pelipper, L50, M|100/100\n|-weather|RainDance|[from] ability: Drizzle|[of] p2a: Pelipper\n|move|p2b: Sneasler|Fake Out|p1a: Venusaur\n|-damage|p1a: Venusaur|0 fnt\n|faint|p1a: Venusaur\n|move|p1b: Charizard|Air Slash|p2b: Sneasler\n|-supereffective|p2b: Sneasler|1\n|-damage|p2b: Sneasler|0 fnt\n|faint|p2b: Sneasler\n|\n|-weather|RainDance|[upkeep]\n|upkeep\n|\n|t:|1776456487\n|switch|p2b: Starmie|Starmie-Mega, L50, shiny|100/100 slp\n|switch|p1a: Incineroar|Incineroar, L50, M|100/100\n|-ability|p1a: Incineroar|Intimidate|boost\n|-unboost|p2a: Pelipper|atk|1\n|-unboost|p2b: Starmie|atk|1\n|turn|5\n|\n|t:|1776456500\n|switch|p1b: Milotic|Milotic, L50, F|77/100\n|cant|p2b: Starmie|slp\n|move|p2a: Pelipper|Tailwind|p2a: Pelipper\n|-sidestart|p2: yayou|move: Tailwind\n|move|p1a: Incineroar|Parting Shot|p2b: Starmie\n|-unboost|p2b: Starmie|atk|1\n|-unboost|p2b: Starmie|spa|1\n|\n|t:|1776456508\n|switch|p1a: Charizard|Charizard-Mega-Y, L50, F|100/100|[from] Parting Shot\n|-weather|SunnyDay|[from] ability: Drought|[of] p1a: Charizard\n|\n|-weather|SunnyDay|[upkeep]\n|-heal|p1b: Milotic|83/100|[from] item: Leftovers\n|upkeep\n|turn|6\n|\n|t:|1776456518\n|switch|p2a: Archaludon|Archaludon, L50, M|100/100\n|-curestatus|p2b: Starmie|slp|[msg]\n|move|p2b: Starmie|Rain Dance|p2b: Starmie\n|-weather|RainDance\n|move|p1a: Charizard|Air Slash|p2b: Starmie\n|-damage|p2b: Starmie|40/100\n|move|p1b: Milotic|Ice Beam|p2b: Starmie\n|-resisted|p2b: Starmie|1\n|-damage|p2b: Starmie|28/100\n|\n|-weather|RainDance|[upkeep]\n|-heal|p1b: Milotic|89/100|[from] item: Leftovers\n|upkeep\n|turn|7\n|\n|t:|1776456537\n|switch|p1a: Incineroar|Incineroar, L50, M|100/100\n|-ability|p1a: Incineroar|Intimidate|boost\n|-unboost|p2a: Archaludon|atk|1\n|-unboost|p2b: Starmie|atk|1\n|move|p1b: Milotic|Protect|p1b: Milotic\n|-singleturn|p1b: Milotic|Protect\n|move|p2b: Starmie|Liquidation|p1a: Incineroar\n|-supereffective|p1a: Incineroar|1\n|-damage|p1a: Incineroar|28/100\n|-enditem|p1a: Incineroar|Sitrus Berry|[eat]\n|-heal|p1a: Incineroar|53/100|[from] item: Sitrus Berry\n|move|p2a: Archaludon|Electro Shot||[still]\n|-prepare|p2a: Archaludon|Electro Shot\n|-boost|p2a: Archaludon|spa|1\n|-anim|p2a: Archaludon|Electro Shot|p1a: Incineroar\n|-damage|p1a: Incineroar|0 fnt\n|faint|p1a: Incineroar\n|\n|-weather|RainDance|[upkeep]\n|-heal|p1b: Milotic|95/100|[from] item: Leftovers\n|upkeep\n|\n|t:|1776456551\n|switch|p1a: Charizard|Charizard-Mega-Y, L50, F|100/100\n|-weather|SunnyDay|[from] ability: Drought|[of] p1a: Charizard\n|turn|8\n|\n|t:|1776456565\n|move|p2b: Starmie|Rain Dance|p2b: Starmie\n|-weather|RainDance\n|move|p2a: Archaludon|Electro Shot||[still]\n|-prepare|p2a: Archaludon|Electro Shot\n|-boost|p2a: Archaludon|spa|1\n|-anim|p2a: Archaludon|Electro Shot|p1a: Charizard\n|-supereffective|p1a: Charizard|1\n|-damage|p1a: Charizard|0 fnt\n|faint|p1a: Charizard\n|move|p1b: Milotic|Ice Beam|p2a: Archaludon\n|-damage|p2a: Archaludon|71/100\n|-ability|p2a: Archaludon|Stamina|boost\n|-boost|p2a: Archaludon|def|1\n|\n|-weather|RainDance|[upkeep]\n|-heal|p1b: Milotic|100/100|[from] item: Leftovers\n|-sideend|p2: yayou|move: Tailwind\n|upkeep\n|turn|9\n|-message|chilldori forfeited.\n|\n|win|yayou\n|raw|chilldori's rating: 1071 &rarr; <strong>1050</strong><br />(-21 for losing)\n|raw|yayou's rating: 1071 &rarr; <strong>1100</strong><br />(+29 for winning)\n|l|\u2606chilldori\n|player|p1|\n",
  "uploadtime": 1776456576,
  "views": 36,
  "formatid": "gen9championsvgc2026regma",
  "rating": 1050,
  "private": 0,
  "password": null
}