{
  "id": "gen9championsvgc2026regma-2585610090",
  "format": "[Gen 9 Champions] VGC 2026 Reg M-A",
  "players": [
    "jacrepid",
    "quoge gaming"
  ],
  "log": "|j|\u2606jacrepid\n|j|\u2606quoge gaming\n|t:|1776358713\n|gametype|doubles\n|player|p1|jacrepid|acetrainer-gen4dp|1088\n|player|p2|quoge gaming|clay|1042\n|gen|9\n|tier|[Gen 9 Champions] VGC 2026 Reg M-A\n|rated|\n|rule|Species Clause: Limit one of each Pok\u00e9mon\n|rule|Item Clause: Limit 1 of each item\n|clearpoke\n|poke|p1|Delphox, L50, M|\n|poke|p1|Sinistcha, L50|\n|poke|p1|Primarina, L50, M|\n|poke|p1|Kommo-o, L50, F|\n|poke|p1|Kingambit, L50, F|\n|poke|p1|Venusaur, L50, M|\n|poke|p2|Starmie, L50|\n|poke|p2|Basculegion, L50, M|\n|poke|p2|Pelipper, L50, M|\n|poke|p2|Sneasler, L50, M|\n|poke|p2|Archaludon, L50, F|\n|poke|p2|Sinistcha, L50|\n|teampreview|4\n|\n|t:|1776358772\n|teamsize|p1|4\n|teamsize|p2|4\n|start\n|switch|p1a: Kingambit|Kingambit, L50, F|100/100\n|switch|p1b: Primarina|Primarina, L50, M|100/100\n|switch|p2a: Basculegion|Basculegion, L50, M|100/100\n|switch|p2b: Pelipper|Pelipper, L50, M|100/100\n|-weather|RainDance|[from] ability: Drizzle|[of] p2b: Pelipper\n|turn|1\n|\n|t:|1776358785\n|switch|p2a: Archaludon|Archaludon, L50, F|100/100\n|move|p2b: Pelipper|Tailwind|p2b: Pelipper\n|-sidestart|p2: quoge gaming|move: Tailwind\n|move|p1b: Primarina|Calm Mind|p1b: Primarina\n|-boost|p1b: Primarina|spa|1\n|-boost|p1b: Primarina|spd|1\n|move|p1a: Kingambit|Kowtow Cleave|p2a: Archaludon\n|-damage|p2a: Archaludon|52/100\n|-ability|p2a: Archaludon|Stamina|boost\n|-boost|p2a: Archaludon|def|1\n|\n|-weather|RainDance|[upkeep]\n|-heal|p2a: Archaludon|58/100|[from] item: Leftovers\n|upkeep\n|turn|2\n|\n|t:|1776358803\n|move|p2b: Pelipper|Weather Ball|p1a: Kingambit\n|-damage|p1a: Kingambit|30/100\n|move|p2a: Archaludon|Electro Shot||[still]\n|-prepare|p2a: Archaludon|Electro Shot\n|-boost|p2a: Archaludon|spa|1\n|-anim|p2a: Archaludon|Electro Shot|p1b: Primarina\n|-supereffective|p1b: Primarina|1\n|-damage|p1b: Primarina|36/100\n|move|p1b: Primarina|Moonblast|p2a: Archaludon\n|-damage|p2a: Archaludon|0 fnt\n|faint|p2a: Archaludon\n|move|p1a: Kingambit|Kowtow Cleave|p2b: Pelipper\n|-damage|p2b: Pelipper|26/100\n|\n|-weather|RainDance|[upkeep]\n|-heal|p1b: Primarina|42/100|[from] item: Leftovers\n|upkeep\n|\n|t:|1776358821\n|switch|p2a: Basculegion|Basculegion, L50, M|100/100\n|turn|3\n|\n|t:|1776358835\n|move|p2a: Basculegion|Aqua Jet|p1a: Kingambit\n|-damage|p1a: Kingambit|0 fnt\n|faint|p1a: Kingambit\n|move|p2b: Pelipper|Hurricane|p1b: Primarina\n|-damage|p1b: Primarina|14/100\n|move|p1b: Primarina|Hyper Voice|p2a: Basculegion|[spread] p2a,p2b\n|-resisted|p2a: Basculegion|1\n|-resisted|p2b: Pelipper|1\n|-damage|p2a: Basculegion|60/100\n|-damage|p2b: Pelipper|0 fnt\n|faint|p2b: Pelipper\n|\n|-weather|RainDance|[upkeep]\n|-heal|p1b: Primarina|20/100|[from] item: Leftovers\n|upkeep\n|\n|t:|1776358847\n|switch|p2b: Starmie|Starmie, L50|100/100\n|switch|p1a: Kommo-o|Kommo-o, L50, F|100/100\n|turn|4\n|\n|t:|1776358853\n|detailschange|p2b: Starmie|Starmie-Mega, L50\n|-mega|p2b: Starmie|Starmie|Starminite\n|move|p1a: Kommo-o|Protect|p1a: Kommo-o\n|-singleturn|p1a: Kommo-o|Protect\n|move|p1b: Primarina|Protect|p1b: Primarina\n|-singleturn|p1b: Primarina|Protect\n|move|p2a: Basculegion|Aqua Jet|p1b: Primarina\n|-activate|p1b: Primarina|move: Protect\n|move|p2b: Starmie|Ice Spinner|p1a: Kommo-o\n|-activate|p1a: Kommo-o|move: Protect\n|\n|-weather|RainDance|[upkeep]\n|-heal|p1b: Primarina|26/100|[from] item: Leftovers\n|-sideend|p2: quoge gaming|move: Tailwind\n|upkeep\n|turn|5\n|\n|t:|1776358873\n|move|p2a: Basculegion|Aqua Jet|p1b: Primarina\n|-resisted|p1b: Primarina|1\n|-damage|p1b: Primarina|5/100\n|move|p2b: Starmie|Ice Spinner|p1a: Kommo-o\n|-supereffective|p1a: Kommo-o|1\n|-damage|p1a: Kommo-o|32/100\n|move|p1a: Kommo-o|Clanging Scales|p2a: Basculegion|[spread] p2a,p2b\n|-damage|p2a: Basculegion|17/100\n|-damage|p2b: Starmie|49/100\n|-unboost|p1a: Kommo-o|def|1\n|move|p1b: Primarina|Moonblast|p2a: Basculegion\n|-damage|p2a: Basculegion|0 fnt\n|faint|p2a: Basculegion\n|\n|-weather|none\n|-heal|p1b: Primarina|11/100|[from] item: Leftovers\n|upkeep\n|turn|6\n|\n|t:|1776358897\n|move|p2b: Starmie|Liquidation|p1b: Primarina\n|-resisted|p1b: Primarina|1\n|-damage|p1b: Primarina|0 fnt\n|faint|p1b: Primarina\n|move|p1a: Kommo-o|Clangorous Soul||[still]\n|-fail|p1a: Kommo-o\n|\n|upkeep\n|\n|t:|1776358903\n|switch|p1b: Delphox|Delphox, L50, M|100/100\n|turn|7\n|\n|t:|1776358913\n|detailschange|p1b: Delphox|Delphox-Mega, L50, M\n|-mega|p1b: Delphox|Delphox|Delphoxite\n|move|p2b: Starmie|Liquidation|p1b: Delphox\n|-supereffective|p1b: Delphox|1\n|-damage|p1b: Delphox|0 fnt\n|faint|p1b: Delphox\n|move|p1a: Kommo-o|Clanging Scales|p2b: Starmie\n|-damage|p2b: Starmie|0 fnt\n|faint|p2b: Starmie\n|\n|win|jacrepid\n|raw|jacrepid's rating: 1088 &rarr; <strong>1111</strong><br />(+23 for winning)\n|raw|quoge gaming's rating: 1042 &rarr; <strong>1028</strong><br />(-14 for losing)\n",
  "uploadtime": 1776358913,
  "views": 18,
  "formatid": "gen9championsvgc2026regma",
  "rating": 1028,
  "private": 0,
  "password": null
}