{
  "id": "gen9championsvgc2026regma-2587438725",
  "format": "[Gen 9 Champions] VGC 2026 Reg M-A",
  "players": [
    "kanto25",
    "GarboHanzo"
  ],
  "log": "|j|\u2606kanto25\n|j|\u2606GarboHanzo\n|t:|1776531861\n|gametype|doubles\n|player|p1|kanto25|266|1366\n|player|p2|GarboHanzo|parasollady|1331\n|gen|9\n|tier|[Gen 9 Champions] VGC 2026 Reg M-A\n|rated|\n|rule|Species Clause: Limit one of each Pok\u00e9mon\n|rule|Item Clause: Limit 1 of each item\n|clearpoke\n|poke|p1|Charizard, L50, M|\n|poke|p1|Torkoal, L50, M|\n|poke|p1|Farigiraf, L50, M|\n|poke|p1|Kingambit, L50, M|\n|poke|p1|Aerodactyl, L50, F|\n|poke|p1|Rotom-Wash, L50|\n|poke|p2|Froslass, L50, F|\n|poke|p2|Kingambit, L50, F|\n|poke|p2|Sneasler, L50, F|\n|poke|p2|Palafin, L50, M|\n|poke|p2|Sinistcha, L50|\n|poke|p2|Arcanine-Hisui, L50, F|\n|teampreview|4\n|inactive|Battle timer is ON: inactive players will automatically lose when time's up. (requested by kanto25)\n|inactive|kanto25 has 60 seconds left.\n|inactive|GarboHanzo has 60 seconds left.\n|\n|t:|1776531909\n|teamsize|p1|4\n|teamsize|p2|4\n|start\n|switch|p1a: Rotom|Rotom-Wash, L50|100/100\n|switch|p1b: Farigiraf|Farigiraf, L50, M|100/100\n|switch|p2a: Palafin|Palafin, L50, M|100/100\n|switch|p2b: Arcanine|Arcanine-Hisui, L50, F|100/100\n|-ability|p2b: Arcanine|Intimidate|boost\n|-unboost|p1a: Rotom|atk|1\n|-unboost|p1b: Farigiraf|atk|1\n|turn|1\n|inactive|GarboHanzo has 30 seconds left.\n|inactive|kanto25 has 30 seconds left.\n|\n|t:|1776531943\n|detailschange|p2a: Palafin|Palafin-Hero, L50, M\n|switch|p2a: Froslass|Froslass, L50, F|100/100\n|move|p1a: Rotom|Hydro Pump|p2b: Arcanine\n|-supereffective|p2b: Arcanine|2\n|-enditem|p2b: Arcanine|Focus Sash\n|-damage|p2b: Arcanine|1/100\n|move|p2b: Arcanine|Rock Slide|p1a: Rotom|[spread] p1a,p1b\n|-damage|p1a: Rotom|64/100\n|-damage|p1b: Farigiraf|71/100\n|cant|p1b: Farigiraf|flinch\n|\n|upkeep\n|turn|2\n|inactive|GarboHanzo has 30 seconds left.\n|\n|t:|1776531973\n|switch|p2b: Palafin|Palafin-Hero, L50, M|100/100\n|-activate|p2b: Palafin|ability: Zero to Hero\n|detailschange|p2a: Froslass|Froslass-Mega, L50, F\n|-mega|p2a: Froslass|Froslass|Froslassite\n|-weather|Snowscape|[from] ability: Snow Warning|[of] p2a: Froslass\n|move|p1a: Rotom|Hydro Pump|p2b: Palafin\n|-resisted|p2b: Palafin|1\n|-damage|p2b: Palafin|71/100\n|move|p2a: Froslass|Blizzard|p1b: Farigiraf|[spread] p1a,p1b\n|-resisted|p1a: Rotom|1\n|-damage|p1a: Rotom|34/100\n|-damage|p1b: Farigiraf|23/100\n|-status|p1b: Farigiraf|frz\n|-enditem|p1b: Farigiraf|Lum Berry|[eat]\n|-curestatus|p1b: Farigiraf|frz|[msg]\n|move|p1b: Farigiraf|Trick Room|p1b: Farigiraf\n|-fieldstart|move: Trick Room|[of] p1b: Farigiraf\n|\n|-weather|Snowscape|[upkeep]\n|upkeep\n|turn|3\n|inactive|kanto25 has 30 seconds left.\n|inactive|GarboHanzo has 30 seconds left.\n|inactive|GarboHanzo has 20 seconds left.\n|\n|t:|1776532008\n|move|p1b: Farigiraf|Protect|p1b: Farigiraf\n|-singleturn|p1b: Farigiraf|Protect\n|move|p2b: Palafin|Protect|p2b: Palafin\n|-singleturn|p2b: Palafin|Protect\n|move|p2a: Froslass|Aurora Veil|p2a: Froslass\n|-sidestart|p2: GarboHanzo|move: Aurora Veil\n|move|p1a: Rotom|Hydro Pump|p2b: Palafin\n|-activate|p2b: Palafin|move: Protect\n|\n|-weather|Snowscape|[upkeep]\n|upkeep\n|turn|4\n|\n|t:|1776532032\n|switch|p1b: Kingambit|Kingambit, L50, M|100/100\n|move|p2a: Froslass|Protect|p2a: Froslass\n|-singleturn|p2a: Froslass|Protect\n|move|p2b: Palafin|Wave Crash|p1b: Kingambit\n|-damage|p1b: Kingambit|29/100\n|-damage|p2b: Palafin|43/100|[from] Recoil\n|move|p1a: Rotom|Hydro Pump|p2a: Froslass\n|-activate|p2a: Froslass|move: Protect\n|\n|-weather|Snowscape|[upkeep]\n|upkeep\n|turn|5\n|\n|t:|1776532057\n|switch|p1a: Torkoal|Torkoal, L50, M|100/100\n|-weather|SunnyDay|[from] ability: Drought|[of] p1a: Torkoal\n|move|p2b: Palafin|Jet Punch|p1b: Kingambit\n|-damage|p1b: Kingambit|13/100\n|move|p1b: Kingambit|Iron Head|p2a: Froslass\n|-supereffective|p2a: Froslass|1\n|-damage|p2a: Froslass|0 fnt\n|faint|p2a: Froslass\n|\n|-weather|SunnyDay|[upkeep]\n|upkeep\n|\n|t:|1776532074\n|switch|p2a: Sneasler|Sneasler, L50, F|100/100\n|turn|6\n|\n|t:|1776532089\n|switch|p1b: Farigiraf|Farigiraf, L50, M|23/100\n|move|p2b: Palafin|Protect|p2b: Palafin\n|-singleturn|p2b: Palafin|Protect\n|move|p2a: Sneasler|Protect|p2a: Sneasler\n|-singleturn|p2a: Sneasler|Protect\n|move|p1a: Torkoal|Eruption|p2a: Sneasler|[spread] \n|-activate|p2a: Sneasler|move: Protect\n|-activate|p2b: Palafin|move: Protect\n|\n|-weather|SunnyDay|[upkeep]\n|-fieldend|move: Trick Room\n|upkeep\n|turn|7\n|\n|t:|1776532116\n|move|p2a: Sneasler|Close Combat|p1b: Farigiraf\n|-damage|p1b: Farigiraf|0 fnt\n|-unboost|p2a: Sneasler|def|1\n|-unboost|p2a: Sneasler|spd|1\n|faint|p1b: Farigiraf\n|-enditem|p2a: Sneasler|White Herb\n|-clearnegativeboost|p2a: Sneasler|[silent]\n|move|p2b: Palafin|Wave Crash|p1a: Torkoal\n|-supereffective|p1a: Torkoal|1\n|-crit|p1a: Torkoal\n|-damage|p1a: Torkoal|1/100\n|-damage|p2b: Palafin|10/100|[from] Recoil\n|move|p1a: Torkoal|Heat Wave|p2a: Sneasler|[spread] p2a,p2b\n|-resisted|p2b: Palafin|1\n|-damage|p2a: Sneasler|55/100\n|-damage|p2b: Palafin|0 fnt\n|faint|p2b: Palafin\n|\n|-weather|SunnyDay|[upkeep]\n|-sideend|p2: GarboHanzo|move: Aurora Veil\n|upkeep\n|\n|t:|1776532138\n|switch|p2b: Arcanine|Arcanine-Hisui, L50, F|1/100\n|switch|p1b: Kingambit|Kingambit, L50, M|13/100\n|-ability|p2b: Arcanine|Intimidate|boost\n|-unboost|p1a: Torkoal|atk|1\n|-unboost|p1b: Kingambit|atk|1\n|-ability|p1b: Kingambit|Defiant|boost\n|-boost|p1b: Kingambit|atk|2\n|turn|8\n|inactive|GarboHanzo has 30 seconds left.\n|inactive|kanto25 has 30 seconds left.\n|inactive|GarboHanzo has 20 seconds left.\n|inactive|GarboHanzo has 15 seconds left.\n|inactive|GarboHanzo has 10 seconds left.\n|\n|t:|1776532187\n|move|p2a: Sneasler|Protect|p2a: Sneasler\n|-singleturn|p2a: Sneasler|Protect\n|move|p2b: Arcanine|Extreme Speed|p1b: Kingambit\n|-resisted|p1b: Kingambit|1\n|-damage|p1b: Kingambit|4/100\n|move|p1b: Kingambit|Sucker Punch||[still]\n|-fail|p1b: Kingambit\n|move|p1a: Torkoal|Earth Power|p2a: Sneasler\n|-activate|p2a: Sneasler|move: Protect\n|\n|-weather|SunnyDay|[upkeep]\n|upkeep\n|turn|9\n|inactive|kanto25 has 30 seconds left.\n|inactive|GarboHanzo has 30 seconds left.\n|inactive|kanto25 has 20 seconds left.\n|inactive|kanto25 has 15 seconds left.\n|inactive|kanto25 has 10 seconds left.\n|\n|t:|1776532233\n|move|p2b: Arcanine|Extreme Speed|p1a: Torkoal\n|-damage|p1a: Torkoal|0 fnt\n|faint|p1a: Torkoal\n|move|p1b: Kingambit|Sucker Punch|p2a: Sneasler\n|-resisted|p2a: Sneasler|1\n|-damage|p2a: Sneasler|4/100\n|move|p2a: Sneasler|Close Combat|p1b: Kingambit\n|-supereffective|p1b: Kingambit|2\n|-enditem|p1b: Kingambit|Chople Berry|[eat]\n|-enditem|p1b: Kingambit|Chople Berry|[weaken]\n|-damage|p1b: Kingambit|0 fnt\n|-unboost|p2a: Sneasler|def|1\n|-unboost|p2a: Sneasler|spd|1\n|faint|p1b: Kingambit\n|\n|-weather|none\n|upkeep\n|\n|t:|1776532240\n|switch|p1b: Rotom|Rotom-Wash, L50|34/100\n|turn|10\n|c|\u2606kanto25|gg\n|c|\u2606kanto25|wp\n|c|\u2606GarboHanzo|ggs!\n|\n|t:|1776532254\n|move|p2b: Arcanine|Extreme Speed|p1b: Rotom\n|-damage|p1b: Rotom|0 fnt\n|faint|p1b: Rotom\n|\n|win|GarboHanzo\n|raw|kanto25's rating: 1366 &rarr; <strong>1344</strong><br />(-22 for losing)\n|raw|GarboHanzo's rating: 1331 &rarr; <strong>1353</strong><br />(+22 for winning)\n|l|\u2606kanto25\n|player|p1|\n",
  "uploadtime": 1776532275,
  "views": 43,
  "formatid": "gen9championsvgc2026regma",
  "rating": 1344,
  "private": 0,
  "password": null
}