{
  "id": "gen9championsvgc2026regma-2582562482",
  "format": "[Gen 9 Champions] VGC 2026 Reg M-A",
  "players": [
    "Nautika08",
    "Scotchthedoggo"
  ],
  "log": "|j|\u2606Nautika08\n|j|\u2606Scotchthedoggo\n|t:|1776099537\n|gametype|doubles\n|player|p1|Nautika08|jacinthe|1000\n|player|p2|Scotchthedoggo|byron|1000\n|gen|9\n|tier|[Gen 9 Champions] VGC 2026 Reg M-A\n|rated|\n|rule|Species Clause: Limit one of each Pok\u00e9mon\n|rule|Item Clause: Limit 1 of each item\n|clearpoke\n|poke|p1|Floette-Eternal, L50, F|\n|poke|p1|Garchomp, L50, M|\n|poke|p1|Incineroar, L50, M|\n|poke|p1|Aerodactyl, L50, F|\n|poke|p1|Rotom-Wash, L50|\n|poke|p1|Aegislash, L50, M|\n|poke|p2|Excadrill, L50, M|\n|poke|p2|Dragonite, L50, M|\n|poke|p2|Sneasler, L50, M|\n|poke|p2|Incineroar, L50, F|\n|poke|p2|Whimsicott, L50, M|\n|poke|p2|Sinistcha, L50|\n|teampreview|4\n|\n|t:|1776099569\n|teamsize|p1|4\n|teamsize|p2|4\n|start\n|switch|p1a: Aerodactyl|Aerodactyl, L50, F|100/100\n|switch|p1b: Garchomp|Garchomp, L50, M|100/100\n|switch|p2a: Excadrill|Excadrill, L50, M|100/100\n|switch|p2b: Incineroar|Incineroar, L50, F|100/100\n|-ability|p2a: Excadrill|Mold Breaker\n|-ability|p2b: Incineroar|Intimidate|boost\n|-unboost|p1a: Aerodactyl|atk|1\n|-unboost|p1b: Garchomp|atk|1\n|-enditem|p1b: Garchomp|White Herb\n|-clearnegativeboost|p1b: Garchomp|[silent]\n|turn|1\n|inactive|Battle timer is ON: inactive players will automatically lose when time's up. (requested by Nautika08)\n|inactive|Scotchthedoggo has 60 seconds left.\n|\n|t:|1776099653\n|move|p1a: Aerodactyl|Protect|p1a: Aerodactyl\n|-singleturn|p1a: Aerodactyl|Protect\n|move|p2b: Incineroar|Fake Out|p1b: Garchomp\n|-damage|p1b: Garchomp|86/100\n|-damage|p2b: Incineroar|88/100|[from] ability: Rough Skin|[of] p1b: Garchomp\n|move|p2a: Excadrill|Iron Head|p1a: Aerodactyl\n|-activate|p1a: Aerodactyl|move: Protect\n|cant|p1b: Garchomp|flinch\n|\n|upkeep\n|turn|2\n|\n|t:|1776099676\n|switch|p2b: Whimsicott|Whimsicott, L50, M|100/100\n|move|p2a: Excadrill|Iron Head|p1a: Aerodactyl\n|-supereffective|p1a: Aerodactyl|1\n|-enditem|p1a: Aerodactyl|Focus Sash\n|-damage|p1a: Aerodactyl|1/100\n|move|p1a: Aerodactyl|Tailwind|p1a: Aerodactyl\n|-sidestart|p1: Nautika08|move: Tailwind\n|move|p1b: Garchomp|Earthquake|p2b: Whimsicott|[spread] p2a,p2b\n|-immune|p1a: Aerodactyl\n|-supereffective|p2a: Excadrill|1\n|-resisted|p2b: Whimsicott|1\n|-damage|p2a: Excadrill|0 fnt\n|-damage|p2b: Whimsicott|74/100\n|faint|p2a: Excadrill\n|\n|upkeep\n|\n|t:|1776099688\n|switch|p2a: Dragonite|Dragonite, L50, M|100/100\n|turn|3\n|\n|t:|1776099712\n|switch|p1b: Floette|Floette-Eternal, L50, F|100/100\n|move|p2a: Dragonite|Extreme Speed|p1a: Aerodactyl\n|-resisted|p1a: Aerodactyl|1\n|-damage|p1a: Aerodactyl|0 fnt\n|faint|p1a: Aerodactyl\n|move|p2b: Whimsicott|Moonblast|p1b: Floette\n|-damage|p1b: Floette|66/100\n|\n|upkeep\n|\n|t:|1776099725\n|switch|p1a: Rotom|Rotom-Wash, L50|100/100\n|turn|4\n|\n|t:|1776099743\n|detailschange|p1b: Floette|Floette-Mega, L50, F\n|-mega|p1b: Floette|Floette|Floettite\n|-ability|p1b: Floette|Fairy Aura\n|detailschange|p2a: Dragonite|Dragonite-Mega, L50, M\n|-mega|p2a: Dragonite|Dragonite|Dragoninite\n|move|p1a: Rotom|Helping Hand|p1b: Floette\n|-singleturn|p1b: Floette|Helping Hand|[of] p1a: Rotom\n|move|p2b: Whimsicott|Tailwind|p2b: Whimsicott\n|-sidestart|p2: Scotchthedoggo|move: Tailwind\n|move|p1b: Floette|Dazzling Gleam|p2a: Dragonite|[spread] p2a,p2b\n|-supereffective|p2a: Dragonite|1\n|-damage|p2a: Dragonite|28/100\n|-damage|p2b: Whimsicott|0 fnt\n|faint|p2b: Whimsicott\n|move|p2a: Dragonite|Draco Meteor|p1a: Rotom\n|-damage|p1a: Rotom|27/100\n|-unboost|p2a: Dragonite|spa|2\n|-enditem|p1a: Rotom|Sitrus Berry|[eat]\n|-heal|p1a: Rotom|52/100|[from] item: Sitrus Berry\n|\n|upkeep\n|\n|t:|1776099756\n|switch|p2b: Incineroar|Incineroar, L50, F|88/100\n|-ability|p2b: Incineroar|Intimidate|boost\n|-unboost|p1a: Rotom|atk|1\n|-unboost|p1b: Floette|atk|1\n|turn|5\n|\n|t:|1776099775\n|move|p1b: Floette|Protect|p1b: Floette\n|-singleturn|p1b: Floette|Protect\n|move|p2a: Dragonite|Protect|p2a: Dragonite\n|-singleturn|p2a: Dragonite|Protect\n|move|p2b: Incineroar|Fake Out|p1b: Floette\n|-activate|p1b: Floette|move: Protect\n|move|p1a: Rotom|Thunderbolt|p2a: Dragonite\n|-activate|p2a: Dragonite|move: Protect\n|\n|-sideend|p1: Nautika08|move: Tailwind\n|upkeep\n|turn|6\n|inactive|Nautika08 has 30 seconds left.\n|inactive|Nautika08 has 20 seconds left.\n|inactive|Nautika08 has 15 seconds left.\n|\n|t:|1776099816\n|move|p2a: Dragonite|Extreme Speed|p1b: Floette\n|-damage|p1b: Floette|39/100\n|move|p2b: Incineroar|Flare Blitz|p1b: Floette\n|-damage|p1b: Floette|0 fnt\n|faint|p1b: Floette\n|-damage|p2b: Incineroar|79/100|[from] Recoil\n|move|p1a: Rotom|Thunderbolt|p2a: Dragonite\n|-damage|p2a: Dragonite|0 fnt\n|faint|p2a: Dragonite\n|\n|upkeep\n|-message|Scotchthedoggo forfeited.\n|\n|win|Nautika08\n|raw|Nautika08's rating: 1000 &rarr; <strong>1040</strong><br />(+40 for winning)\n|raw|Scotchthedoggo's rating: 1000 &rarr; <strong>1000</strong><br />(+0 for losing)\n|l|\u2606Scotchthedoggo\n|player|p2|\n",
  "uploadtime": 1776099845,
  "views": 9,
  "formatid": "gen9championsvgc2026regma",
  "rating": 1000,
  "private": 0,
  "password": null
}