{
  "id": "gen9championsvgc2026regma-2581766233",
  "format": "[Gen 9 Champions] VGC 2026 Reg M-A",
  "players": [
    "Tybreaker16",
    "SouljaSleet"
  ],
  "log": "|j|\u2606Tybreaker16\n|j|\u2606SouljaSleet\n|t:|1776026739\n|gametype|doubles\n|player|p1|Tybreaker16|norman|1074\n|player|p2|SouljaSleet|scientistf|1135\n|gen|9\n|tier|[Gen 9 Champions] VGC 2026 Reg M-A\n|rated|\n|rule|Species Clause: Limit one of each Pok\u00e9mon\n|rule|Item Clause: Limit 1 of each item\n|clearpoke\n|poke|p1|Cofagrigus, L50, M|\n|poke|p1|Feraligatr, L50, M|\n|poke|p1|Gengar, L50, F|\n|poke|p1|Golurk, L50|\n|poke|p1|Heliolisk, L50, M|\n|poke|p1|Clefable, L50, F|\n|poke|p2|Meowscarada, L50, F|\n|poke|p2|Whimsicott, L50, F|\n|poke|p2|Froslass, L50, F|\n|poke|p2|Arcanine-Hisui, L50, M|\n|poke|p2|Primarina, L50, F|\n|poke|p2|Garchomp, L50, M|\n|teampreview|4\n|\n|t:|1776026774\n|teamsize|p1|4\n|teamsize|p2|4\n|start\n|switch|p1a: Cofagrigus|Cofagrigus, L50, M|100/100\n|switch|p1b: Heliolisk|Heliolisk, L50, M|100/100\n|switch|p2a: Garchomp|Garchomp, L50, M|100/100\n|switch|p2b: Froslass|Froslass, L50, F|100/100\n|turn|1\n|\n|t:|1776026816\n|detailschange|p2b: Froslass|Froslass-Mega, L50, F\n|-mega|p2b: Froslass|Froslass|Froslassite\n|-weather|Snowscape|[from] ability: Snow Warning|[of] p2b: Froslass\n|move|p2b: Froslass|Aurora Veil|p2b: Froslass\n|-sidestart|p2: SouljaSleet|move: Aurora Veil\n|move|p1b: Heliolisk|Shed Tail|p1b: Heliolisk\n|-start|p1b: Heliolisk|Substitute|[from] move: Shed Tail\n|-damage|p1b: Heliolisk|50/100\n|\n|t:|1776026824\n|switch|p1b: Golurk|Golurk, L50|100/100|[from] Shed Tail\n|move|p2a: Garchomp|Earthquake|p1b: Golurk|[spread] p2b,p1a,p1b\n|-end|p1b: Golurk|Substitute\n|-damage|p2b: Froslass|71/100\n|-damage|p1a: Cofagrigus|71/100\n|move|p1a: Cofagrigus|Trick Room|p1a: Cofagrigus\n|-fieldstart|move: Trick Room|[of] p1a: Cofagrigus\n|\n|-weather|Snowscape|[upkeep]\n|upkeep\n|turn|2\n|\n|t:|1776026851\n|detailschange|p1b: Golurk|Golurk-Mega, L50\n|-mega|p1b: Golurk|Golurk|Golurkite\n|move|p2a: Garchomp|Protect|p2a: Garchomp\n|-singleturn|p2a: Garchomp|Protect\n|move|p2b: Froslass|Protect|p2b: Froslass\n|-singleturn|p2b: Froslass|Protect\n|move|p1a: Cofagrigus|Will-O-Wisp|p2a: Garchomp\n|-activate|p2a: Garchomp|move: Protect\n|move|p1b: Golurk|Poltergeist|p2b: Froslass\n|-activate|p2b: Froslass|move: Protect\n|\n|-weather|Snowscape|[upkeep]\n|upkeep\n|turn|3\n|\n|t:|1776026872\n|switch|p2a: Arcanine|Arcanine-Hisui, L50, M|100/100\n|-ability|p2a: Arcanine|Intimidate|boost\n|-unboost|p1a: Cofagrigus|atk|1\n|-unboost|p1b: Golurk|atk|1\n|move|p1a: Cofagrigus|Will-O-Wisp|p2a: Arcanine\n|-immune|p2a: Arcanine\n|move|p1b: Golurk|Poltergeist|p2b: Froslass\n|-activate|p2b: Froslass|move: Poltergeist|Froslassite\n|-supereffective|p2b: Froslass|1\n|-damage|p2b: Froslass|1/100\n|move|p2b: Froslass|Blizzard|p1a: Cofagrigus|[spread] p1a,p1b\n|-supereffective|p1b: Golurk|1\n|-damage|p1a: Cofagrigus|28/100\n|-damage|p1b: Golurk|15/100\n|\n|-weather|Snowscape|[upkeep]\n|upkeep\n|turn|4\n|\n|t:|1776026898\n|switch|p2b: Garchomp|Garchomp, L50, M|100/100\n|move|p2a: Arcanine|Protect|p2a: Arcanine\n|-singleturn|p2a: Arcanine|Protect\n|move|p1a: Cofagrigus|Hex|p2b: Garchomp\n|-damage|p2b: Garchomp|85/100\n|move|p1b: Golurk|Headlong Rush|p2a: Arcanine\n|-supereffective|p2a: Arcanine|2\n|-ability|p1b: Golurk|Unseen Fist\n|-zbroken|p2a: Arcanine\n|-damage|p2a: Arcanine|59/100\n|-unboost|p1b: Golurk|def|1\n|-unboost|p1b: Golurk|spd|1\n|\n|-weather|Snowscape|[upkeep]\n|upkeep\n|turn|5\n|\n|t:|1776026924\n|switch|p2a: Primarina|Primarina, L50, F, shiny|100/100\n|move|p2b: Garchomp|Protect|p2b: Garchomp\n|-singleturn|p2b: Garchomp|Protect\n|move|p1a: Cofagrigus|Will-O-Wisp|p2b: Garchomp\n|-activate|p2b: Garchomp|move: Protect\n|move|p1b: Golurk|Headlong Rush|p2a: Primarina\n|-damage|p2a: Primarina|58/100\n|-unboost|p1b: Golurk|def|1\n|-unboost|p1b: Golurk|spd|1\n|\n|-weather|none\n|-sideend|p2: SouljaSleet|move: Aurora Veil\n|-fieldend|move: Trick Room\n|upkeep\n|turn|6\n|\n|t:|1776026954\n|move|p2b: Garchomp|Rock Slide|p1b: Golurk|[spread] p1a,p1b\n|-resisted|p1b: Golurk|1\n|-damage|p1a: Cofagrigus|12/100\n|-damage|p1b: Golurk|0 fnt\n|faint|p1b: Golurk\n|move|p2a: Primarina|Hyper Voice|p1a: Cofagrigus\n|-damage|p1a: Cofagrigus|0 fnt\n|faint|p1a: Cofagrigus\n|\n|upkeep\n|\n|t:|1776026956\n|switch|p1b: Heliolisk|Heliolisk, L50, M|50/100\n|switch|p1a: Clefable|Clefable, L50, F|100/100\n|turn|7\n|\n|t:|1776026972\n|move|p2a: Primarina|Protect|p2a: Primarina\n|-singleturn|p2a: Primarina|Protect\n|move|p1b: Heliolisk|Volt Switch|p2a: Primarina\n|-activate|p2a: Primarina|move: Protect\n|move|p2b: Garchomp|Earthquake|p1b: Heliolisk|[spread] p1a,p1b\n|-activate|p2a: Primarina|move: Protect\n|-crit|p1a: Clefable\n|-supereffective|p1b: Heliolisk|1\n|-damage|p1a: Clefable|35/100\n|-damage|p1b: Heliolisk|0 fnt\n|-enditem|p1a: Clefable|Sitrus Berry|[eat]\n|-heal|p1a: Clefable|60/100|[from] item: Sitrus Berry\n|faint|p1b: Heliolisk\n|move|p1a: Clefable|Thunder Wave|p2a: Primarina\n|-activate|p2a: Primarina|move: Protect\n|\n|upkeep\n|turn|8\n|-message|Tybreaker16 forfeited.\n|\n|win|SouljaSleet\n|raw|Tybreaker16's rating: 1074 &rarr; <strong>1057</strong><br />(-17 for losing)\n|raw|SouljaSleet's rating: 1135 &rarr; <strong>1156</strong><br />(+21 for winning)\n|l|\u2606Tybreaker16\n|player|p1|\n",
  "uploadtime": 1776026988,
  "views": 19,
  "formatid": "gen9championsvgc2026regma",
  "rating": 1057,
  "private": 0,
  "password": null
}