{
  "id": "gen9championsvgc2026regma-2588605618",
  "format": "[Gen 9 Champions] VGC 2026 Reg M-A",
  "players": [
    "otherjacob",
    "potat0king"
  ],
  "log": "|j|\u2606otherjacob\n|j|\u2606potat0king\n|t:|1776649417\n|gametype|doubles\n|player|p1|otherjacob|102|1184\n|player|p2|potat0king|tuber|1102\n|gen|9\n|tier|[Gen 9 Champions] VGC 2026 Reg M-A\n|rated|\n|rule|Species Clause: Limit one of each Pok\u00e9mon\n|rule|Item Clause: Limit 1 of each item\n|clearpoke\n|poke|p1|Garchomp, L50, M, shiny|\n|poke|p1|Floette-Eternal, L50, F|\n|poke|p1|Talonflame, L50, M, shiny|\n|poke|p1|Aegislash, L50, M, shiny|\n|poke|p1|Milotic, L50, M, shiny|\n|poke|p1|Incineroar, L50, F, shiny|\n|poke|p2|Gyarados, L50, F|\n|poke|p2|Garchomp, L50, M|\n|poke|p2|Gengar, L50, M|\n|poke|p2|Mamoswine, L50, F|\n|poke|p2|Talonflame, L50, M|\n|poke|p2|Rotom-Wash, L50|\n|teampreview|4\n|inactive|Battle timer is ON: inactive players will automatically lose when time's up. (requested by potat0king)\notherjacob has agreed to open team sheets.\npotat0king rejected open team sheets.\n|inactive|otherjacob has 60 seconds left.\n|\n|t:|1776649453\n|teamsize|p1|4\n|teamsize|p2|4\n|start\n|switch|p1a: Incineroar|Incineroar, L50, F, shiny|100/100\n|switch|p1b: Floette|Floette-Eternal, L50, F|100/100\n|switch|p2a: Talonflame|Talonflame, L50, M|100/100\n|switch|p2b: Rotom|Rotom-Wash, L50|100/100\n|-ability|p1a: Incineroar|Intimidate|boost\n|-unboost|p2a: Talonflame|atk|1\n|-unboost|p2b: Rotom|atk|1\n|turn|1\n|inactive|otherjacob has 30 seconds left.\n|\n|t:|1776649482\n|detailschange|p1b: Floette|Floette-Mega, L50, F\n|-mega|p1b: Floette|Floette|Floettite\n|-ability|p1b: Floette|Fairy Aura\n|move|p1a: Incineroar|Fake Out|p2a: Talonflame\n|-damage|p2a: Talonflame|84/100\n|cant|p2a: Talonflame|flinch\n|move|p1b: Floette|Light of Ruin|p2b: Rotom\n|-damage|p2b: Rotom|0 fnt\n|faint|p2b: Rotom\n|-damage|p1b: Floette|51/100|[from] Recoil\n|\n|upkeep\n|inactive|potat0king has 30 seconds left.\n|inactive|potat0king has 20 seconds left.\n|inactive|potat0king has 15 seconds left.\n|inactive|potat0king has 10 seconds left.\n|\n|t:|1776649528\n|switch|p2b: Gengar|Gengar, L50, M|100/100\n|turn|2\n|\n|t:|1776649551\n|switch|p1b: Aegislash|Aegislash, L50, M, shiny|100/100\n|detailschange|p2b: Gengar|Gengar-Mega, L50, M\n|-mega|p2b: Gengar|Gengar|Gengarite\n|move|p2b: Gengar|Protect|p2b: Gengar\n|-singleturn|p2b: Gengar|Protect\n|move|p2a: Talonflame|Tailwind|p2a: Talonflame\n|-sidestart|p2: potat0king|move: Tailwind\n|move|p1a: Incineroar|Flare Blitz|p2b: Gengar\n|-activate|p2b: Gengar|move: Protect\n|\n|upkeep\n|turn|3\n|inactive|otherjacob has 30 seconds left.\n|inactive|potat0king has 30 seconds left.\n|inactive|otherjacob has 20 seconds left.\n|\n|t:|1776649590\n|switch|p2b: Mamoswine|Mamoswine, L50, F|100/100\n|move|p1b: Aegislash|King's Shield|p1b: Aegislash\n|-singleturn|p1b: Aegislash|Protect\n|move|p2a: Talonflame|Flare Blitz|p1b: Aegislash\n|-activate|p1b: Aegislash|move: Protect\n|-unboost|p2a: Talonflame|atk|1\n|move|p1a: Incineroar|Parting Shot|p2b: Mamoswine\n|-unboost|p2b: Mamoswine|atk|1\n|-unboost|p2b: Mamoswine|spa|1\n|\n|t:|1776649603\n|switch|p1a: Floette|Floette-Mega, L50, F|51/100|[from] Parting Shot\n|-ability|p1a: Floette|Fairy Aura\n|\n|upkeep\n|turn|4\n|\n|t:|1776649621\n|move|p2a: Talonflame|Flare Blitz|p1b: Aegislash\n|-supereffective|p1b: Aegislash|1\n|-damage|p1b: Aegislash|60/100\n|-damage|p2a: Talonflame|71/100|[from] Recoil\n|move|p2b: Mamoswine|Earthquake|p1a: Floette|[spread] p1a,p1b\n|-immune|p2a: Talonflame\n|-supereffective|p1b: Aegislash|1\n|-damage|p1a: Floette|19/100\n|-damage|p1b: Aegislash|11/100\n|move|p1a: Floette|Dazzling Gleam|p2a: Talonflame|[spread] p2a,p2b\n|-resisted|p2a: Talonflame|1\n|-damage|p2a: Talonflame|31/100\n|-damage|p2b: Mamoswine|27/100\n|-formechange|p1b: Aegislash|Aegislash-Blade|\n|move|p1b: Aegislash|Poltergeist|p2a: Talonflame\n|-activate|p2a: Talonflame|move: Poltergeist|Sharp Beak\n|-damage|p2a: Talonflame|0 fnt\n|faint|p2a: Talonflame\n|\n|upkeep\n|\n|t:|1776649637\n|switch|p2a: Gengar|Gengar-Mega, L50, M|100/100\n|turn|5\n|\n|t:|1776649652\n|switch|p1b: Incineroar|Incineroar, L50, F, shiny|100/100\n|-ability|p1b: Incineroar|Intimidate|boost\n|-unboost|p2a: Gengar|atk|1\n|-fail|p2b: Mamoswine|unboost|Attack|[from] ability: Oblivious|[of] p2b: Mamoswine\n|move|p2a: Gengar|Protect|p2a: Gengar\n|-singleturn|p2a: Gengar|Protect\n|move|p1a: Floette|Protect|p1a: Floette\n|-singleturn|p1a: Floette|Protect\n|move|p2b: Mamoswine|Earthquake|p1a: Floette|[spread] p1b\n|-activate|p2a: Gengar|move: Protect\n|-activate|p1a: Floette|move: Protect\n|-supereffective|p1b: Incineroar|1\n|-damage|p1b: Incineroar|55/100\n|\n|-sideend|p2: potat0king|move: Tailwind\n|upkeep\n|turn|6\n|inactive|otherjacob has 30 seconds left.\n|inactive|potat0king has 30 seconds left.\n|inactive|potat0king has 20 seconds left.\n|inactive|potat0king has 15 seconds left.\n|inactive|potat0king has 10 seconds left.\n|\n|t:|1776649697\n|move|p2a: Gengar|Sludge Bomb|p1a: Floette\n|-supereffective|p1a: Floette|1\n|-damage|p1a: Floette|0 fnt\n|faint|p1a: Floette\n|move|p2b: Mamoswine|Icicle Crash|p1b: Incineroar\n|-resisted|p1b: Incineroar|1\n|-damage|p1b: Incineroar|43/100\n|-enditem|p1b: Incineroar|Sitrus Berry|[eat]\n|-heal|p1b: Incineroar|68/100|[from] item: Sitrus Berry\n|move|p1b: Incineroar|Flare Blitz|p2a: Gengar\n|-damage|p2a: Gengar|26/100\n|-damage|p1b: Incineroar|51/100|[from] Recoil\n|\n|upkeep\n|\n|t:|1776649710\n|switch|p1a: Aegislash|Aegislash, L50, M, shiny|11/100\n|turn|7\n|\n|t:|1776649715\n|move|p1b: Incineroar|Helping Hand|p1a: Aegislash\n|-singleturn|p1a: Aegislash|Helping Hand|[of] p1b: Incineroar\n|move|p2a: Gengar|Protect|p2a: Gengar\n|-singleturn|p2a: Gengar|Protect\n|-formechange|p1a: Aegislash|Aegislash-Blade|\n|move|p1a: Aegislash|Shadow Sneak|p2a: Gengar\n|-activate|p2a: Gengar|move: Protect\n|move|p2b: Mamoswine|Earthquake|p1a: Aegislash|[spread] p1a,p1b\n|-activate|p2a: Gengar|move: Protect\n|-supereffective|p1a: Aegislash|1\n|-supereffective|p1b: Incineroar|1\n|-damage|p1a: Aegislash|0 fnt\n|-damage|p1b: Incineroar|3/100\n|faint|p1a: Aegislash\n|\n|upkeep\n|\n|t:|1776649720\n|switch|p1a: Milotic|Milotic, L50, M, shiny|100/100\n|turn|8\n|\n|t:|1776649743\n|move|p1b: Incineroar|Helping Hand|p1a: Milotic\n|-singleturn|p1a: Milotic|Helping Hand|[of] p1b: Incineroar\n|move|p2b: Mamoswine|Ice Shard|p1b: Incineroar\n|-resisted|p1b: Incineroar|1\n|-damage|p1b: Incineroar|0 fnt\n|faint|p1b: Incineroar\n|move|p2a: Gengar|Sludge Bomb|p1a: Milotic\n|-damage|p1a: Milotic|65/100\n|move|p1a: Milotic|Scald|p2a: Gengar\n|-damage|p2a: Gengar|0 fnt\n|faint|p2a: Gengar\n|\n|-heal|p1a: Milotic|71/100|[from] item: Leftovers\n|upkeep\n|turn|9\n|\n|t:|1776649757\n|move|p2b: Mamoswine|Earthquake|p1a: Milotic\n|-crit|p1a: Milotic\n|-damage|p1a: Milotic|0 fnt\n|faint|p1a: Milotic\n|\n|win|potat0king\n|raw|otherjacob's rating: 1184 &rarr; <strong>1153</strong><br />(-31 for losing)\n|raw|potat0king's rating: 1102 &rarr; <strong>1133</strong><br />(+31 for winning)\n|c|\u2606potat0king|gg\n",
  "uploadtime": 1776649766,
  "views": 10,
  "formatid": "gen9championsvgc2026regma",
  "rating": 1133,
  "private": 0,
  "password": null
}