{
  "id": "gen9championsvgc2026regma-2584099628",
  "format": "[Gen 9 Champions] VGC 2026 Reg M-A",
  "players": [
    "LovelyLizardLad",
    "itwillcome"
  ],
  "log": "|j|\u2606LovelyLizardLad\n|j|\u2606itwillcome\n|t:|1776225060\n|gametype|doubles\n|player|p1|LovelyLizardLad|red|1121\n|player|p2|itwillcome|101|1142\n|gen|9\n|tier|[Gen 9 Champions] VGC 2026 Reg M-A\n|rated|\n|rule|Species Clause: Limit one of each Pok\u00e9mon\n|rule|Item Clause: Limit 1 of each item\n|clearpoke\n|poke|p1|Delphox, L50, F|\n|poke|p1|Basculegion, L50, M|\n|poke|p1|Clefable, L50, M|\n|poke|p1|Kingambit, L50, M|\n|poke|p1|Sneasler, L50, M|\n|poke|p1|Heliolisk, L50, F|\n|poke|p2|Floette-Eternal, L50, F|\n|poke|p2|Garchomp, L50, M|\n|poke|p2|Maushold-Four, L50|\n|poke|p2|Talonflame, L50, M|\n|poke|p2|Aegislash, L50, M|\n|poke|p2|Rotom-Wash, L50|\n|teampreview|4\n|inactive|Battle timer is ON: inactive players will automatically lose when time's up. (requested by itwillcome)\nitwillcome has agreed to open team sheets.\nLovelyLizardLad has agreed to open team sheets.\n|showteam|p1|Delphox||Delphoxite|Blaze|HeatWave,Substitute,Psychic,Protect|||F|||50|]Basculegion||ChoiceScarf|Adaptability|WaveCrash,AquaJet,LastRespects,FlipTurn|||M|||50|]Clefable||SitrusBerry|Unaware|Moonblast,HelpingHand,FollowMe,Protect|||M|||50|]Kingambit||BlackGlasses|Defiant|SuckerPunch,KowtowCleave,SwordsDance,Protect|||M|||50|]Sneasler||FocusSash|Unburden|CloseCombat,DireClaw,FakeOut,Protect|||M|||50|]Heliolisk||Magnet|DrySkin|Thunderbolt,Electroweb,SunnyDay,Protect|||F|||50|\n|showteam|p2|Floette-Eternal||Floettite|FlowerVeil|Moonblast,DazzlingGleam,CalmMind,Protect|||F|||50|]Garchomp||SoftSand|RoughSkin|StompingTantrum,Earthquake,StoneEdge,Protect|||M|||50|]Maushold-Four||FocusSash|FriendGuard|SuperFang,Encore,FollowMe,Protect||||||50|]Talonflame|||GaleWings|Acrobatics,FlareBlitz,Tailwind,Protect|||M|||50|]Aegislash||SpellTag|StanceChange|Poltergeist,IronHead,ShadowSneak,KingsShield|||M|||50|]Rotom-Wash||SitrusBerry|Levitate|HydroPump,VoltSwitch,Thunderbolt,HelpingHand||||||50|\n|inactive|LovelyLizardLad has 60 seconds left.\n|inactive|itwillcome has 60 seconds left.\n|inactive|itwillcome has 30 seconds left.\n|inactive|itwillcome has 20 seconds left.\n|inactive|itwillcome has 15 seconds left.\n|inactive|itwillcome has 10 seconds left.\n|\n|t:|1776225146\n|teamsize|p1|4\n|teamsize|p2|4\n|start\n|switch|p1a: Delphox|Delphox, L50, F|100/100\n|switch|p1b: Clefable|Clefable, L50, M|100/100\n|switch|p2a: AIZO|Garchomp, L50, M|100/100\n|switch|p2b: Still Into You|Floette-Eternal, L50, F|100/100\n|turn|1\n|inactive|itwillcome has 30 seconds left.\n|inactive|itwillcome has 20 seconds left.\n|inactive|itwillcome has 15 seconds left.\n|\n|t:|1776225186\n|detailschange|p1a: Delphox|Delphox-Mega, L50, F\n|-mega|p1a: Delphox|Delphox|Delphoxite\n|detailschange|p2b: Still Into You|Floette-Mega, L50, F\n|-mega|p2b: Still Into You|Floette|Floettite\n|-ability|p2b: Still Into You|Fairy Aura\n|move|p1a: Delphox|Heat Wave|p2b: Still Into You|[spread] p2a,p2b\n|-resisted|p2a: AIZO|1\n|-damage|p2a: AIZO|76/100\n|-damage|p2b: Still Into You|71/100\n|move|p2a: AIZO|Stone Edge|p1a: Delphox\n|-supereffective|p1a: Delphox|1\n|-damage|p1a: Delphox|0 fnt\n|faint|p1a: Delphox\n|move|p2b: Still Into You|Calm Mind|p2b: Still Into You\n|-boost|p2b: Still Into You|spa|1\n|-boost|p2b: Still Into You|spd|1\n|move|p1b: Clefable|Moonblast|p2b: Still Into You\n|-damage|p2b: Still Into You|42/100\n|\n|upkeep\n|\n|t:|1776225203\n|switch|p1a: Basculegion|Basculegion, L50, M|100/100\n|turn|2\n|\n|t:|1776225216\n|switch|p2a: Aerials|Talonflame, L50, M|100/100\n|move|p2b: Still Into You|Protect|p2b: Still Into You\n|-singleturn|p2b: Still Into You|Protect\n|move|p1a: Basculegion|Wave Crash|p2b: Still Into You\n|-activate|p2b: Still Into You|move: Protect\n|move|p1b: Clefable|Moonblast|p2a: Aerials\n|-resisted|p2a: Aerials|1\n|-damage|p2a: Aerials|69/100\n|\n|upkeep\n|turn|3\n|inactive|itwillcome has 30 seconds left.\n|inactive|itwillcome has 20 seconds left.\n|inactive|itwillcome has 15 seconds left.\n|inactive|itwillcome has 10 seconds left.\n|\n|t:|1776225265\n|switch|p2b: Sad Statue|Aegislash, L50, M|100/100\n|move|p2a: Aerials|Protect|p2a: Aerials\n|-singleturn|p2a: Aerials|Protect\n|move|p1a: Basculegion|Wave Crash|p2a: Aerials\n|-activate|p2a: Aerials|move: Protect\n|move|p1b: Clefable|Moonblast|p2b: Sad Statue\n|-resisted|p2b: Sad Statue|1\n|-damage|p2b: Sad Statue|87/100\n|-unboost|p2b: Sad Statue|spa|1\n|\n|upkeep\n|turn|4\n|inactive|itwillcome has 30 seconds left.\n|\n|t:|1776225291\n|switch|p2a: AIZO|Garchomp, L50, M|76/100\n|switch|p1b: Kingambit|Kingambit, L50, M|100/100\n|move|p1a: Basculegion|Wave Crash|p2a: AIZO\n|-damage|p2a: AIZO|0 fnt\n|-damage|p1a: Basculegion|88/100|[from] ability: Rough Skin|[of] p2a: AIZO\n|faint|p2a: AIZO\n|-damage|p1a: Basculegion|65/100|[from] Recoil\n|-formechange|p2b: Sad Statue|Aegislash-Blade|\n|move|p2b: Sad Statue|Poltergeist|p1a: Basculegion\n|-activate|p1a: Basculegion|move: Poltergeist|Choice Scarf\n|-supereffective|p1a: Basculegion|1\n|-damage|p1a: Basculegion|0 fnt\n|faint|p1a: Basculegion\n|\n|upkeep\n|\n|t:|1776225300\n|switch|p2a: Aerials|Talonflame, L50, M|69/100\n|switch|p1a: Clefable|Clefable, L50, M|100/100\n|turn|5\n|inactive|LovelyLizardLad has 30 seconds left.\n|\n|t:|1776225331\n|move|p1a: Clefable|Protect|p1a: Clefable\n|-singleturn|p1a: Clefable|Protect\n|move|p1b: Kingambit|Sucker Punch||[still]\n|-fail|p1b: Kingambit\n|move|p2a: Aerials|Tailwind|p2a: Aerials\n|-sidestart|p2: itwillcome|move: Tailwind\n|move|p2b: Sad Statue|Iron Head|p1a: Clefable\n|-activate|p1a: Clefable|move: Protect\n|\n|upkeep\n|turn|6\n|inactive|itwillcome has 30 seconds left.\n|\n|t:|1776225360\n|move|p2b: Sad Statue|Shadow Sneak|p1b: Kingambit\n|-resisted|p1b: Kingambit|1\n|-crit|p1b: Kingambit\n|-damage|p1b: Kingambit|84/100\n|move|p1b: Kingambit|Sucker Punch|p2a: Aerials\n|-damage|p2a: Aerials|0 fnt\n|faint|p2a: Aerials\n|move|p1a: Clefable|Moonblast|p2b: Sad Statue\n|-resisted|p2b: Sad Statue|1\n|-damage|p2b: Sad Statue|59/100\n|\n|upkeep\n|\n|t:|1776225365\n|switch|p2a: Still Into You|Floette-Mega, L50, F|42/100\n|-ability|p2a: Still Into You|Fairy Aura\n|turn|7\n|inactive|itwillcome has 30 seconds left.\n|inactive|itwillcome has 20 seconds left.\n|inactive|itwillcome has 15 seconds left.\n|\n|t:|1776225408\n|move|p1a: Clefable|Helping Hand|p1b: Kingambit\n|-singleturn|p1b: Kingambit|Helping Hand|[of] p1a: Clefable\n|-formechange|p2b: Sad Statue|Aegislash|\n|move|p2b: Sad Statue|King's Shield|p2b: Sad Statue\n|-singleturn|p2b: Sad Statue|Protect\n|move|p2a: Still Into You|Moonblast|p1b: Kingambit\n|-damage|p1b: Kingambit|6/100\n|move|p1b: Kingambit|Kowtow Cleave|p2a: Still Into You\n|-resisted|p2a: Still Into You|1\n|-damage|p2a: Still Into You|0 fnt\n|faint|p2a: Still Into You\n|\n|upkeep\n|turn|8\n|\n|t:|1776225427\n|move|p1a: Clefable|Follow Me|p1a: Clefable\n|-singleturn|p1a: Clefable|move: Follow Me\n|-formechange|p2b: Sad Statue|Aegislash-Blade|\n|move|p2b: Sad Statue|Iron Head|p1a: Clefable\n|-supereffective|p1a: Clefable|1\n|-damage|p1a: Clefable|29/100\n|-enditem|p1a: Clefable|Sitrus Berry|[eat]\n|-heal|p1a: Clefable|54/100|[from] item: Sitrus Berry\n|move|p1b: Kingambit|Kowtow Cleave|p2b: Sad Statue\n|-supereffective|p2b: Sad Statue|1\n|-damage|p2b: Sad Statue|0 fnt\n|faint|p2b: Sad Statue\n|\n|win|LovelyLizardLad\n|raw|LovelyLizardLad's rating: 1121 &rarr; <strong>1148</strong><br />(+27 for winning)\n|raw|itwillcome's rating: 1142 &rarr; <strong>1115</strong><br />(-27 for losing)\n",
  "uploadtime": 1776225432,
  "views": 15,
  "formatid": "gen9championsvgc2026regma",
  "rating": 1115,
  "private": 0,
  "password": null
}