{
  "id": "gen9championsvgc2026regma-2584185484",
  "format": "[Gen 9 Champions] VGC 2026 Reg M-A",
  "players": [
    "klaes1",
    "Spark the Pikagoss"
  ],
  "log": "|j|\u2606klaes1\n|j|\u2606Spark the Pikagoss\n|t:|1776235637\n|gametype|doubles\n|player|p1|klaes1|elesa|1223\n|player|p2|Spark the Pikagoss|gentleman|1209\n|gen|9\n|tier|[Gen 9 Champions] VGC 2026 Reg M-A\n|rated|\n|rule|Species Clause: Limit one of each Pok\u00e9mon\n|rule|Item Clause: Limit 1 of each item\n|clearpoke\n|poke|p1|Glimmora, L50, M|\n|poke|p1|Tyranitar, L50, M|\n|poke|p1|Incineroar, L50, M|\n|poke|p1|Sinistcha, L50|\n|poke|p1|Orthworm, L50, F|\n|poke|p1|Garchomp, L50, F|\n|poke|p2|Politoed, L50, F|\n|poke|p2|Gengar, L50, M|\n|poke|p2|Incineroar, L50, F|\n|poke|p2|Maushold, L50|\n|poke|p2|Basculegion, L50, M|\n|poke|p2|Archaludon, L50, F|\n|teampreview|4\n|inactive|Battle timer is ON: inactive players will automatically lose when time's up. (requested by klaes1)\n|\n|t:|1776235690\n|teamsize|p1|4\n|teamsize|p2|4\n|start\n|switch|p1a: Sinistcha|Sinistcha, L50|100/100\n|switch|p1b: Incineroar|Incineroar, L50, M|100/100\n|switch|p2a: Archaludon|Archaludon, L50, F|100/100\n|switch|p2b: Maushold|Maushold, L50|100/100\n|-ability|p1b: Incineroar|Intimidate|boost\n|-unboost|p2a: Archaludon|atk|1\n|-unboost|p2b: Maushold|atk|1\n|turn|1\n|inactive|klaes1 has 30 seconds left.\n|inactive|Spark the Pikagoss has 30 seconds left.\n|inactive|Spark the Pikagoss has 20 seconds left.\n|inactive|Spark the Pikagoss has 15 seconds left.\n|\n|t:|1776235735\n|move|p1b: Incineroar|Fake Out|p2a: Archaludon\n|-resisted|p2a: Archaludon|1\n|-damage|p2a: Archaludon|97/100\n|-ability|p2a: Archaludon|Stamina|boost\n|-boost|p2a: Archaludon|def|1\n|move|p2b: Maushold|Population Bomb|p2a: Archaludon\n|-resisted|p2a: Archaludon|1\n|-damage|p2a: Archaludon|97/100\n|-ability|p2a: Archaludon|Stamina|boost\n|-boost|p2a: Archaludon|def|1\n|-resisted|p2a: Archaludon|1\n|-damage|p2a: Archaludon|96/100\n|-ability|p2a: Archaludon|Stamina|boost\n|-boost|p2a: Archaludon|def|1\n|-resisted|p2a: Archaludon|1\n|-damage|p2a: Archaludon|96/100\n|-ability|p2a: Archaludon|Stamina|boost\n|-boost|p2a: Archaludon|def|1\n|-resisted|p2a: Archaludon|1\n|-damage|p2a: Archaludon|95/100\n|-ability|p2a: Archaludon|Stamina|boost\n|-boost|p2a: Archaludon|def|1\n|-resisted|p2a: Archaludon|1\n|-damage|p2a: Archaludon|95/100\n|-ability|p2a: Archaludon|Stamina|boost\n|-boost|p2a: Archaludon|def|1\n|-hitcount|p2a: Archaludon|5\n|cant|p2a: Archaludon|flinch\n|move|p1a: Sinistcha|Trick Room|p1a: Sinistcha\n|-fieldstart|move: Trick Room|[of] p1a: Sinistcha\n|\n|upkeep\n|turn|2\n|inactive|klaes1 has 30 seconds left.\n|inactive|Spark the Pikagoss has 30 seconds left.\n|inactive|klaes1 has 20 seconds left.\n|inactive|Spark the Pikagoss has 20 seconds left.\n|inactive|klaes1 has 15 seconds left.\n|inactive|klaes1 has 10 seconds left.\n|inactive|klaes1 has 5 seconds left.\n|\n|t:|1776235788\n|switch|p2b: Politoed|Politoed, L50, F|100/100\n|-weather|RainDance|[from] ability: Drizzle|[of] p2b: Politoed\n|move|p2a: Archaludon|Protect|p2a: Archaludon\n|-singleturn|p2a: Archaludon|Protect\n|move|p1b: Incineroar|Darkest Lariat|p2b: Politoed\n|-damage|p2b: Politoed|57/100\n|move|p1a: Sinistcha|Matcha Gotcha|p2a: Archaludon|[spread] p2b\n|-activate|p2a: Archaludon|move: Protect\n|-supereffective|p2b: Politoed|1\n|-damage|p2b: Politoed|26/100\n|-status|p2b: Politoed|brn\n|\n|-weather|RainDance|[upkeep]\n|-heal|p2b: Politoed|32/100 brn|[from] item: Leftovers\n|-damage|p2b: Politoed|26/100 brn|[from] brn\n|upkeep\n|turn|3\n|\n|t:|1776235808\n|switch|p1b: Tyranitar|Tyranitar, L50, M|100/100\n|-weather|Sandstorm|[from] ability: Sand Stream|[of] p1b: Tyranitar\n|move|p2b: Politoed|Protect|p2b: Politoed\n|-singleturn|p2b: Politoed|Protect\n|move|p1a: Sinistcha|Matcha Gotcha|p2b: Politoed|[spread] p2a\n|-activate|p2b: Politoed|move: Protect\n|-resisted|p2a: Archaludon|2\n|-damage|p2a: Archaludon|87/100\n|move|p2a: Archaludon|Electro Shot||[still]\n|-prepare|p2a: Archaludon|Electro Shot\n|-boost|p2a: Archaludon|spa|1\n|\n|-weather|Sandstorm|[upkeep]\n|-damage|p1a: Sinistcha|94/100|[from] Sandstorm\n|-damage|p2b: Politoed|20/100 brn|[from] Sandstorm\n|-heal|p2b: Politoed|26/100 brn|[from] item: Leftovers\n|-damage|p2b: Politoed|20/100 brn|[from] brn\n|upkeep\n|turn|4\n|inactive|klaes1 has 30 seconds left.\n|inactive|Spark the Pikagoss has 30 seconds left.\n|inactive|Spark the Pikagoss has 20 seconds left.\n|inactive|Spark the Pikagoss has 15 seconds left.\n|\n|t:|1776235849\n|switch|p2b: Maushold|Maushold, L50|100/100\n|move|p1b: Tyranitar|Knock Off|p2a: Archaludon\n|-damage|p2a: Archaludon|79/100\n|-enditem|p2a: Archaludon|Chople Berry|[from] move: Knock Off|[of] p1b: Tyranitar\n|move|p1a: Sinistcha|Matcha Gotcha|p2b: Maushold|[spread] p2a,p2b\n|-resisted|p2a: Archaludon|2\n|-damage|p2a: Archaludon|73/100\n|-heal|p1a: Sinistcha|98/100|[from] drain|[of] p2a: Archaludon\n|-damage|p2b: Maushold|69/100\n|-heal|p1a: Sinistcha|100/100|[from] drain|[of] p2b: Maushold\n|move|p2a: Archaludon|Electro Shot|p1b: Tyranitar|[from] lockedmove\n|-damage|p1b: Tyranitar|61/100\n|\n|-weather|Sandstorm|[upkeep]\n|-damage|p1a: Sinistcha|94/100|[from] Sandstorm\n|-damage|p2b: Maushold|63/100|[from] Sandstorm\n|upkeep\n|turn|5\n|inactive|klaes1 has 30 seconds left.\n|inactive|Spark the Pikagoss has 30 seconds left.\n|\n|t:|1776235880\n|switch|p1a: Glimmora|Glimmora, L50, M, shiny|100/100\n|move|p1b: Tyranitar|Knock Off|p2b: Maushold\n|-damage|p2b: Maushold|0 fnt\n|-enditem|p2b: Maushold|Mental Herb|[from] move: Knock Off|[of] p1b: Tyranitar\n|faint|p2b: Maushold\n|move|p2a: Archaludon|Flash Cannon|p1b: Tyranitar\n|-supereffective|p1b: Tyranitar|1\n|-damage|p1b: Tyranitar|0 fnt\n|faint|p1b: Tyranitar\n|\n|-weather|Sandstorm|[upkeep]\n|-fieldend|move: Trick Room\n|upkeep\n|\n|t:|1776235896\n|switch|p2b: Politoed|Politoed, L50, F|20/100 brn\n|switch|p1b: Incineroar|Incineroar, L50, M|100/100\n|-weather|RainDance|[from] ability: Drizzle|[of] p2b: Politoed\n|-ability|p1b: Incineroar|Intimidate|boost\n|-unboost|p2a: Archaludon|atk|1\n|-unboost|p2b: Politoed|atk|1\n|turn|6\n|inactive|Spark the Pikagoss has 30 seconds left.\n|\n|t:|1776235921\n|detailschange|p1a: Glimmora|Glimmora-Mega, L50, M, shiny\n|-mega|p1a: Glimmora|Glimmora|Glimmoranite\n|move|p2a: Archaludon|Protect|p2a: Archaludon\n|-singleturn|p2a: Archaludon|Protect\n|move|p2b: Politoed|Protect|p2b: Politoed\n|-singleturn|p2b: Politoed|Protect\n|move|p1b: Incineroar|Fake Out|p2a: Archaludon\n|-activate|p2a: Archaludon|move: Protect\n|move|p1a: Glimmora|Earth Power|p2a: Archaludon\n|-activate|p2a: Archaludon|move: Protect\n|\n|-weather|RainDance|[upkeep]\n|-heal|p2b: Politoed|26/100 brn|[from] item: Leftovers\n|-damage|p2b: Politoed|20/100 brn|[from] brn\n|upkeep\n|turn|7\n|inactive|klaes1 has 30 seconds left.\n|inactive|Spark the Pikagoss has 30 seconds left.\n|\n|t:|1776235956\n|move|p1a: Glimmora|Earth Power|p2a: Archaludon\n|-supereffective|p2a: Archaludon|1\n|-damage|p2a: Archaludon|0 fnt\n|faint|p2a: Archaludon\n|move|p2b: Politoed|Weather Ball|p1a: Glimmora\n|-supereffective|p1a: Glimmora|1\n|-damage|p1a: Glimmora|0 fnt\n|faint|p1a: Glimmora\n|move|p1b: Incineroar|Flare Blitz|p2b: Politoed\n|-resisted|p2b: Politoed|1\n|-damage|p2b: Politoed|6/100 brn\n|-damage|p1b: Incineroar|96/100|[from] Recoil\n|\n|-weather|RainDance|[upkeep]\n|-heal|p2b: Politoed|12/100 brn|[from] item: Leftovers\n|-damage|p2b: Politoed|6/100 brn|[from] brn\n|upkeep\n|\n|t:|1776235965\n|switch|p1a: Sinistcha|Sinistcha, L50|94/100\n|switch|p2a: Basculegion|Basculegion, L50, M|100/100\n|-heal|p1b: Incineroar|100/100|[from] ability: Hospitality|[of] p1a: Sinistcha\n|turn|8\n|\n|t:|1776235977\n|move|p1a: Sinistcha|Rage Powder|p1a: Sinistcha\n|-singleturn|p1a: Sinistcha|move: Rage Powder\n|move|p2a: Basculegion|Last Respects|p1a: Sinistcha\n|-supereffective|p1a: Sinistcha|1\n|-damage|p1a: Sinistcha|0 fnt\n|faint|p1a: Sinistcha\n|move|p2b: Politoed|Weather Ball|p1b: Incineroar\n|-supereffective|p1b: Incineroar|1\n|-damage|p1b: Incineroar|16/100\n|-enditem|p1b: Incineroar|Sitrus Berry|[eat]\n|-heal|p1b: Incineroar|41/100|[from] item: Sitrus Berry\n|move|p1b: Incineroar|Darkest Lariat|p2a: Basculegion\n|-supereffective|p2a: Basculegion|1\n|-damage|p2a: Basculegion|7/100\n|\n|-weather|RainDance|[upkeep]\n|-heal|p2b: Politoed|12/100 brn|[from] item: Leftovers\n|-damage|p2b: Politoed|6/100 brn|[from] brn\n|upkeep\n|turn|9\n|inactive|klaes1 has 30 seconds left.\n|\n|t:|1776236008\n|move|p2a: Basculegion|Wave Crash|p1b: Incineroar\n|-supereffective|p1b: Incineroar|1\n|-damage|p1b: Incineroar|0 fnt\n|faint|p1b: Incineroar\n|-damage|p2a: Basculegion|0 fnt|[from] Recoil\n|faint|p2a: Basculegion\n|\n|win|Spark the Pikagoss\n|raw|klaes1's rating: 1223 &rarr; <strong>1197</strong><br />(-26 for losing)\n|raw|Spark the Pikagoss's rating: 1209 &rarr; <strong>1235</strong><br />(+26 for winning)\n|l|\u2606klaes1\n|player|p1|\n",
  "uploadtime": 1776236015,
  "views": 41,
  "formatid": "gen9championsvgc2026regma",
  "rating": 1197,
  "private": 0,
  "password": null
}