{
  "id": "gen9championsvgc2026regma-2584348034",
  "format": "[Gen 9 Champions] VGC 2026 Reg M-A",
  "players": [
    "Bio_Hazz",
    "estatistico"
  ],
  "log": "|j|\u2606Bio_Hazz\n|j|\u2606estatistico\n|t:|1776253659\n|gametype|doubles\n|player|p1|Bio_Hazz|lucas|1256\n|player|p2|estatistico|iono|1329\n|gen|9\n|tier|[Gen 9 Champions] VGC 2026 Reg M-A\n|rated|\n|rule|Species Clause: Limit one of each Pok\u00e9mon\n|rule|Item Clause: Limit 1 of each item\n|clearpoke\n|poke|p1|Crabominable, L50, F|\n|poke|p1|Slowking, L50, M|\n|poke|p1|Incineroar, L50, M|\n|poke|p1|Camerupt, L50, F|\n|poke|p1|Sneasler, L50, M|\n|poke|p1|Hatterene, L50, F|\n|poke|p2|Pelipper, L50, M|\n|poke|p2|Blastoise, L50, F|\n|poke|p2|Farigiraf, L50, F|\n|poke|p2|Sneasler, L50, M|\n|poke|p2|Sinistcha, L50|\n|poke|p2|Talonflame, L50, M|\n|teampreview|4\n|j| VirtuaSphere\n|inactive|Battle timer is ON: inactive players will automatically lose when time's up. (requested by Bio_Hazz)\n|\n|t:|1776253672\n|teamsize|p1|4\n|teamsize|p2|4\n|start\n|switch|p1a: Incineroar|Incineroar, L50, M|100/100\n|switch|p1b: Slowking|Slowking, L50, M|100/100\n|switch|p2a: Blastoise|Blastoise, L50, F|100/100\n|switch|p2b: Farigiraf|Farigiraf, L50, F|100/100\n|-ability|p1a: Incineroar|Intimidate|boost\n|-unboost|p2a: Blastoise|atk|1\n|-unboost|p2b: Farigiraf|atk|1\n|turn|1\n|inactive|estatistico has 30 seconds left.\n|\n|t:|1776253697\n|detailschange|p2a: Blastoise|Blastoise-Mega, L50, F\n|-mega|p2a: Blastoise|Blastoise|Blastoisinite\n|move|p2a: Blastoise|Muddy Water|p1a: Incineroar|[spread] p1a,p1b\n|-supereffective|p1a: Incineroar|1\n|-resisted|p1b: Slowking|1\n|-damage|p1a: Incineroar|23/100\n|-damage|p1b: Slowking|86/100\n|move|p1a: Incineroar|Darkest Lariat|p2b: Farigiraf\n|-supereffective|p2b: Farigiraf|1\n|-damage|p2b: Farigiraf|11/100\n|move|p2b: Farigiraf|Reflect|p2b: Farigiraf\n|-sidestart|p2: estatistico|Reflect\n|move|p1b: Slowking|Trick Room|p1b: Slowking\n|-fieldstart|move: Trick Room|[of] p1b: Slowking\n|\n|-heal|p2b: Farigiraf|17/100|[from] item: Leftovers\n|upkeep\n|turn|2\n|\n|t:|1776253726\n|move|p1b: Slowking|Psychic|p2a: Blastoise\n|-damage|p2a: Blastoise|69/100\n|move|p1a: Incineroar|Darkest Lariat|p2b: Farigiraf\n|-supereffective|p2b: Farigiraf|1\n|-damage|p2b: Farigiraf|0 fnt\n|faint|p2b: Farigiraf\n|move|p2a: Blastoise|Dark Pulse|p1b: Slowking\n|-supereffective|p1b: Slowking|1\n|-enditem|p1b: Slowking|Colbur Berry|[eat]\n|-enditem|p1b: Slowking|Colbur Berry|[weaken]\n|-damage|p1b: Slowking|44/100\n|\n|upkeep\n|\n|t:|1776253730\n|switch|p2b: Sinistcha|Sinistcha, L50|100/100\n|-heal|p2a: Blastoise|94/100|[from] ability: Hospitality|[of] p2b: Sinistcha\n|turn|3\n|\n|t:|1776253739\n|move|p2b: Sinistcha|Protect|p2b: Sinistcha\n|-singleturn|p2b: Sinistcha|Protect\n|move|p2a: Blastoise|Protect|p2a: Blastoise\n|-singleturn|p2a: Blastoise|Protect\n|move|p1b: Slowking|Psychic|p2b: Sinistcha\n|-activate|p2b: Sinistcha|move: Protect\n|move|p1a: Incineroar|Flare Blitz|p2b: Sinistcha\n|-activate|p2b: Sinistcha|move: Protect\n|\n|upkeep\n|turn|4\n|\n|t:|1776253748\n|switch|p2b: Pelipper|Pelipper, L50, M|100/100\n|-weather|RainDance|[from] ability: Drizzle|[of] p2b: Pelipper\n|move|p1b: Slowking|Psychic|p2b: Pelipper\n|-damage|p2b: Pelipper|60/100\n|move|p1a: Incineroar|Flare Blitz|p2b: Pelipper\n|-resisted|p2b: Pelipper|1\n|-damage|p2b: Pelipper|51/100\n|-damage|p1a: Incineroar|21/100|[from] Recoil\n|move|p2a: Blastoise|Shell Smash|p2a: Blastoise\n|-unboost|p2a: Blastoise|def|1\n|-unboost|p2a: Blastoise|spd|1\n|-boost|p2a: Blastoise|atk|2\n|-boost|p2a: Blastoise|spa|2\n|-boost|p2a: Blastoise|spe|2\n|\n|-weather|RainDance|[upkeep]\n|upkeep\n|turn|5\n|\n|t:|1776253766\n|move|p2b: Pelipper|Protect|p2b: Pelipper\n|-singleturn|p2b: Pelipper|Protect\n|move|p2a: Blastoise|Protect|p2a: Blastoise\n|-singleturn|p2a: Blastoise|Protect\n|move|p1b: Slowking|Psychic|p2b: Pelipper\n|-activate|p2b: Pelipper|move: Protect\n|move|p1a: Incineroar|Parting Shot|p2a: Blastoise\n|-activate|p2a: Blastoise|move: Protect\n|\n|-weather|RainDance|[upkeep]\n|-sideend|p2: estatistico|Reflect\n|-fieldend|move: Trick Room\n|upkeep\n|turn|6\n|\n|t:|1776253775\n|switch|p1a: Hatterene|Hatterene, L50, F|100/100\n|move|p2a: Blastoise|Muddy Water|p1a: Hatterene|[spread] p1a,p1b\n|-resisted|p1b: Slowking|1\n|-damage|p1a: Hatterene|0 fnt\n|-damage|p1b: Slowking|0 fnt\n|faint|p1a: Hatterene\n|faint|p1b: Slowking\n|move|p2b: Pelipper|Hurricane|p1: Hatterene|[notarget]\n|-fail|p2b: Pelipper\n|\n|-weather|RainDance|[upkeep]\n|upkeep\n|\n|t:|1776253782\n|switch|p1b: Incineroar|Incineroar, L50, M|21/100\n|switch|p1a: Crabominable|Crabominable, L50, F|100/100\n|-ability|p1b: Incineroar|Intimidate|boost\n|-unboost|p2a: Blastoise|atk|1\n|-unboost|p2b: Pelipper|atk|1\n|turn|7\n|l| VirtuaSphere\n|inactive|estatistico has 30 seconds left.\n|inactive|estatistico has 20 seconds left.\n|inactive|estatistico has 15 seconds left.\n|inactive|estatistico has 10 seconds left.\n|inactive|estatistico has 5 seconds left.\n|-activate|p2b: Pelipper|item: Quick Claw\n|\n|t:|1776253837\n|detailschange|p1a: Crabominable|Crabominable-Mega, L50, F\n|-mega|p1a: Crabominable|Crabominable|Crabominite\n|move|p2b: Pelipper|Protect|p2b: Pelipper\n|-singleturn|p2b: Pelipper|Protect\n|move|p1b: Incineroar|Fake Out|p2a: Blastoise\n|-damage|p2a: Blastoise|75/100\n|cant|p2a: Blastoise|flinch\n|move|p1a: Crabominable|Thunder Punch|p2a: Blastoise\n|-supereffective|p2a: Blastoise|1\n|-damage|p2a: Blastoise|0 fnt\n|faint|p2a: Blastoise\n|\n|-weather|RainDance|[upkeep]\n|upkeep\n|\n|t:|1776253850\n|switch|p2a: Sinistcha|Sinistcha, L50|100/100\n|-heal|p2b: Pelipper|76/100|[from] ability: Hospitality|[of] p2a: Sinistcha\n|turn|8\n|\n|t:|1776253857\n|move|p2a: Sinistcha|Matcha Gotcha|p1b: Incineroar|[spread] p1a,p1b\n|-resisted|p1b: Incineroar|1\n|-crit|p1b: Incineroar\n|-damage|p1a: Crabominable|81/100\n|-damage|p1b: Incineroar|4/100\n|move|p2b: Pelipper|Hurricane|p1a: Crabominable\n|-supereffective|p1a: Crabominable|1\n|-damage|p1a: Crabominable|19/100\n|move|p1b: Incineroar|Darkest Lariat|p2b: Pelipper\n|-damage|p2b: Pelipper|40/100\n|move|p1a: Crabominable|Ice Hammer|p2a: Sinistcha\n|-supereffective|p2a: Sinistcha|1\n|-damage|p2a: Sinistcha|0 fnt\n|-unboost|p1a: Crabominable|spe|1\n|faint|p2a: Sinistcha\n|\n|-weather|none\n|upkeep\n|turn|9\n|-activate|p2b: Pelipper|item: Quick Claw\n|\n|t:|1776253877\n|move|p1a: Crabominable|Protect|p1a: Crabominable\n|-singleturn|p1a: Crabominable|Protect\n|move|p2b: Pelipper|Hurricane|p1a: Crabominable\n|-activate|p1a: Crabominable|move: Protect\n|move|p1b: Incineroar|Darkest Lariat|p2b: Pelipper\n|-damage|p2b: Pelipper|7/100\n|\n|upkeep\n|turn|10\n|\n|t:|1776253891\n|move|p2b: Pelipper|Hurricane|p1a: Crabominable\n|-supereffective|p1a: Crabominable|1\n|-damage|p1a: Crabominable|0 fnt\n|faint|p1a: Crabominable\n|move|p1b: Incineroar|Darkest Lariat|p2b: Pelipper\n|-damage|p2b: Pelipper|0 fnt\n|faint|p2b: Pelipper\n|\n|win|Bio_Hazz\n|raw|Bio_Hazz's rating: 1256 &rarr; <strong>1286</strong><br />(+30 for winning)\n|raw|estatistico's rating: 1329 &rarr; <strong>1305</strong><br />(-24 for losing)\n|l|\u2606estatistico\n|player|p2|\n",
  "uploadtime": 1776253894,
  "views": 31,
  "formatid": "gen9championsvgc2026regma",
  "rating": 1286,
  "private": 0,
  "password": null
}