{
  "id": "gen9championsvgc2026regma-2588475900",
  "format": "[Gen 9 Champions] VGC 2026 Reg M-A",
  "players": [
    "Ori1",
    "Marcio Lira"
  ],
  "log": "|j|\u2606Ori1\n|j|\u2606Marcio Lira\n|t:|1776636897\n|gametype|doubles\n|player|p1|Ori1|170|1249\n|player|p2|Marcio Lira|bugcatcher-gen4dp|1160\n|gen|9\n|tier|[Gen 9 Champions] VGC 2026 Reg M-A\n|rated|\n|rule|Species Clause: Limit one of each Pok\u00e9mon\n|rule|Item Clause: Limit 1 of each item\n|clearpoke\n|poke|p1|Archaludon, L50, M|\n|poke|p1|Aerodactyl, L50, M|\n|poke|p1|Meganium, L50, M|\n|poke|p1|Kangaskhan, L50, F|\n|poke|p1|Alakazam, L50, F|\n|poke|p1|Lucario, L50, M|\n|poke|p2|Tinkaton, L50, F|\n|poke|p2|Farigiraf, L50, F, shiny|\n|poke|p2|Chandelure, L50, M|\n|poke|p2|Milotic, L50, F|\n|poke|p2|Aerodactyl, L50, M|\n|poke|p2|Rotom-Wash, L50|\n|teampreview|4\n|inactive|Battle timer is ON: inactive players will automatically lose when time's up. (requested by Ori1)\n|\n|t:|1776636917\n|teamsize|p1|4\n|teamsize|p2|4\n|start\n|switch|p1a: Lucario|Lucario, L50, M|100/100\n|switch|p1b: Alakazam|Alakazam, L50, F|100/100\n|switch|p2a: Farigiraf|Farigiraf, L50, F, shiny|100/100\n|switch|p2b: Tinkaton|Tinkaton, L50, F|100/100\n|-ability|p2b: Tinkaton|Mold Breaker\n|turn|1\n|\n|t:|1776636930\n|move|p2b: Tinkaton|Fake Out|p1b: Alakazam\n|-damage|p1b: Alakazam|71/100\n|cant|p1b: Alakazam|flinch\n|move|p1a: Lucario|Roar|p2a: Farigiraf\n|drag|p2a: Milotic|Milotic, L50, F|100/100\n|\n|upkeep\n|turn|2\n|\n|t:|1776636944\n|move|p1b: Alakazam|Energy Ball|p2a: Milotic\n|-supereffective|p2a: Milotic|1\n|-damage|p2a: Milotic|53/100\n|move|p2b: Tinkaton|Encore|p1a: Lucario\n|-start|p1a: Lucario|Encore\n|move|p2a: Milotic|Scald|p1a: Lucario\n|-damage|p1a: Lucario|49/100\n|move|p1a: Lucario|Roar|p2a: Milotic\n|drag|p2a: Rotom|Rotom-Wash, L50|100/100\n|\n|upkeep\n|turn|3\n|\n|t:|1776636964\n|move|p2a: Rotom|Electroweb|p1b: Alakazam|[spread] p1a,p1b\n|-damage|p1a: Lucario|25/100\n|-damage|p1b: Alakazam|46/100\n|-unboost|p1a: Lucario|spe|1\n|-unboost|p1b: Alakazam|spe|1\n|move|p2b: Tinkaton|Gigaton Hammer|p1b: Alakazam\n|-damage|p1b: Alakazam|0 fnt\n|faint|p1b: Alakazam\n|move|p1a: Lucario|Roar|p2a: Rotom\n|drag|p2a: Farigiraf|Farigiraf, L50, F, shiny|100/100\n|\n|upkeep\n|\n|t:|1776636974\n|switch|p1b: Meganium|Meganium, L50, M|100/100\n|turn|4\n|\n|t:|1776636995\n|detailschange|p1b: Meganium|Meganium-Mega, L50, M\n|-mega|p1b: Meganium|Meganium|Meganiumite\n|move|p2b: Tinkaton|Protect|p2b: Tinkaton\n|-singleturn|p2b: Tinkaton|Protect\n|move|p1b: Meganium|Weather Ball|p2b: Tinkaton\n|-activate|p2b: Tinkaton|move: Protect\n|move|p2a: Farigiraf|Hyper Voice|p1b: Meganium|[spread] p1a,p1b\n|-resisted|p1a: Lucario|1\n|-damage|p1a: Lucario|9/100\n|-damage|p1b: Meganium|80/100\n|move|p1a: Lucario|Roar|p2a: Farigiraf\n|drag|p2a: Milotic|Milotic, L50, F|53/100\n|\n|-heal|p2a: Milotic|59/100|[from] item: Leftovers\n|-end|p1a: Lucario|Encore\n|upkeep\n|turn|5\n|\n|t:|1776637015\n|move|p2a: Milotic|Protect|p2a: Milotic\n|-singleturn|p2a: Milotic|Protect\n|move|p2b: Tinkaton|Gigaton Hammer|p1b: Meganium\n|-supereffective|p1b: Meganium|1\n|-damage|p1b: Meganium|0 fnt\n|faint|p1b: Meganium\n|move|p1a: Lucario|Aura Sphere|p2b: Tinkaton\n|-damage|p2b: Tinkaton|47/100\n|\n|-heal|p2a: Milotic|65/100|[from] item: Leftovers\n|upkeep\n|\n|t:|1776637021\n|switch|p1b: Aerodactyl|Aerodactyl, L50, M|100/100\n|-ability|p1b: Aerodactyl|Unnerve\n|turn|6\n|-message|Ori1 forfeited.\n|\n|win|Marcio Lira\n|raw|Ori1's rating: 1249 &rarr; <strong>1218</strong><br />(-31 for losing)\n|raw|Marcio Lira's rating: 1160 &rarr; <strong>1191</strong><br />(+31 for winning)\n|l|\u2606Ori1\n|player|p1|\n",
  "uploadtime": 1776637026,
  "views": 10,
  "formatid": "gen9championsvgc2026regma",
  "rating": 1191,
  "private": 0,
  "password": null
}