{
  "id": "gen9championsvgc2026regma-2584137986",
  "format": "[Gen 9 Champions] VGC 2026 Reg M-A",
  "players": [
    "zeimei",
    "Ace_shiv"
  ],
  "log": "|j|\u2606zeimei\n|j|\u2606Ace_shiv\n|t:|1776229473\n|gametype|doubles\n|player|p1|zeimei|1|1278\n|player|p2|Ace_shiv|170|1293\n|gen|9\n|tier|[Gen 9 Champions] VGC 2026 Reg M-A\n|rated|\n|rule|Species Clause: Limit one of each Pok\u00e9mon\n|rule|Item Clause: Limit 1 of each item\n|clearpoke\n|poke|p1|Sinistcha, L50|\n|poke|p1|Incineroar, L50, M|\n|poke|p1|Aggron, L50, M|\n|poke|p1|Dragapult, L50, M|\n|poke|p1|Rotom-Wash, L50|\n|poke|p1|Floette-Eternal, L50, F|\n|poke|p2|Farigiraf, L50, F|\n|poke|p2|Kangaskhan, L50, F|\n|poke|p2|Incineroar, L50, M|\n|poke|p2|Sylveon, L50, M|\n|poke|p2|Aerodactyl, L50, M|\n|poke|p2|Basculegion, L50, M|\n|teampreview|4\n|inactive|Battle timer is ON: inactive players will automatically lose when time's up. (requested by zeimei)\n|\n|t:|1776229499\n|teamsize|p1|4\n|teamsize|p2|4\n|start\n|switch|p1a: Aggron|Aggron, L50, M|100/100\n|switch|p1b: Incineroar|Incineroar, L50, M|100/100\n|switch|p2a: Farigiraf|Farigiraf, L50, F|100/100\n|switch|p2b: Incineroar|Incineroar, L50, M|100/100\n|-ability|p1b: Incineroar|Intimidate|boost\n|-unboost|p2a: Farigiraf|atk|1\n|-unboost|p2b: Incineroar|atk|1\n|-ability|p2b: Incineroar|Intimidate|boost\n|-unboost|p1a: Aggron|atk|1\n|-unboost|p1b: Incineroar|atk|1\n|turn|1\n|inactive|Ace_shiv has 30 seconds left.\n|\n|t:|1776229527\n|detailschange|p1a: Aggron|Aggron-Mega, L50, M\n|-mega|p1a: Aggron|Aggron|Aggronite\n|move|p1b: Incineroar|Parting Shot|p2a: Farigiraf\n|-unboost|p2a: Farigiraf|atk|1\n|-unboost|p2a: Farigiraf|spa|1\n|\n|t:|1776229532\n|switch|p1b: Rotom|Rotom-Wash, L50|100/100|[from] Parting Shot\n|move|p2a: Farigiraf|Psychic|p1a: Aggron\n|-resisted|p1a: Aggron|1\n|-damage|p1a: Aggron|85/100\n|move|p2b: Incineroar|Flare Blitz|p1a: Aggron\n|-supereffective|p1a: Aggron|1\n|-damage|p1a: Aggron|64/100\n|-damage|p2b: Incineroar|95/100|[from] Recoil\n|move|p1a: Aggron|Iron Defense|p1a: Aggron\n|-boost|p1a: Aggron|def|2\n|\n|upkeep\n|turn|2\n|inactive|Ace_shiv has 30 seconds left.\n|\n|t:|1776229558\n|move|p1b: Rotom|Hydro Pump|p2b: Incineroar\n|-supereffective|p2b: Incineroar|1\n|-damage|p2b: Incineroar|10/100\n|move|p2b: Incineroar|Darkest Lariat|p1a: Aggron\n|-damage|p1a: Aggron|54/100\n|move|p1a: Aggron|Body Press|p2a: Farigiraf\n|-damage|p2a: Farigiraf|19/100\n|-enditem|p2a: Farigiraf|Sitrus Berry|[eat]\n|-heal|p2a: Farigiraf|44/100|[from] item: Sitrus Berry\n|move|p2a: Farigiraf|Trick Room|p2a: Farigiraf\n|-fieldstart|move: Trick Room|[of] p2a: Farigiraf\n|\n|upkeep\n|turn|3\n|\n|t:|1776229573\n|switch|p1b: Sinistcha|Sinistcha, L50|100/100\n|-heal|p1a: Aggron|78/100|[from] ability: Hospitality|[of] p1b: Sinistcha\n|move|p1a: Aggron|Body Press|p2b: Incineroar\n|-supereffective|p2b: Incineroar|1\n|-enditem|p2b: Incineroar|Chople Berry|[eat]\n|-enditem|p2b: Incineroar|Chople Berry|[weaken]\n|-damage|p2b: Incineroar|0 fnt\n|faint|p2b: Incineroar\n|move|p2a: Farigiraf|Psychic|p1b: Sinistcha\n|-damage|p1b: Sinistcha|72/100\n|-unboost|p1b: Sinistcha|spd|1\n|\n|upkeep\n|\n|t:|1776229583\n|switch|p2b: Kangaskhan|Kangaskhan, L50, F|100/100\n|turn|4\n|\n|t:|1776229594\n|move|p2b: Kangaskhan|Fake Out|p1b: Sinistcha\n|-damage|p1b: Sinistcha|57/100\n|move|p1a: Aggron|Body Press|p2a: Farigiraf\n|-damage|p2a: Farigiraf|0 fnt\n|faint|p2a: Farigiraf\n|cant|p1b: Sinistcha|flinch\n|\n|upkeep\n|\n|t:|1776229600\n|switch|p2a: Basculegion|Basculegion, L50, M|100/100\n|turn|5\n|\n|t:|1776229611\n|detailschange|p2b: Kangaskhan|Kangaskhan-Mega, L50, F\n|-mega|p2b: Kangaskhan|Kangaskhan|Kangaskhanite\n|move|p1a: Aggron|Body Press|p2b: Kangaskhan\n|-supereffective|p2b: Kangaskhan|1\n|-damage|p2b: Kangaskhan|0 fnt\n|faint|p2b: Kangaskhan\n|move|p1b: Sinistcha|Matcha Gotcha|p2a: Basculegion\n|-supereffective|p2a: Basculegion|1\n|-damage|p2a: Basculegion|30/100\n|-heal|p1b: Sinistcha|95/100|[from] drain|[of] p2a: Basculegion\n|-status|p2a: Basculegion|brn\n|move|p2a: Basculegion|Last Respects|p1a: Aggron\n|-damage|p1a: Aggron|64/100\n|\n|-damage|p2a: Basculegion|24/100 brn|[from] brn\n|upkeep\n|turn|6\n|\n|t:|1776229631\n|move|p1a: Aggron|Heavy Slam|p2a: Basculegion\n|-resisted|p2a: Basculegion|1\n|-damage|p2a: Basculegion|10/100 brn\n|move|p1b: Sinistcha|Matcha Gotcha|p2a: Basculegion\n|-supereffective|p2a: Basculegion|1\n|-damage|p2a: Basculegion|0 fnt\n|-heal|p1b: Sinistcha|100/100|[from] drain|[of] p2a: Basculegion\n|faint|p2a: Basculegion\n|\n|win|zeimei\n|raw|zeimei's rating: 1278 &rarr; <strong>1304</strong><br />(+26 for winning)\n|raw|Ace_shiv's rating: 1293 &rarr; <strong>1267</strong><br />(-26 for losing)\n|l|\u2606Ace_shiv\n|player|p2|\n",
  "uploadtime": 1776229649,
  "views": 36,
  "formatid": "gen9championsvgc2026regma",
  "rating": 1267,
  "private": 0,
  "password": null
}