{
  "id": "gen9championsvgc2026regma-2580938774",
  "format": "[Gen 9 Champions] VGC 2026 Reg M-A",
  "players": [
    "Setrukas",
    "ANDR06"
  ],
  "log": "|j|\u2606Setrukas\n|j|\u2606ANDR06\n|t:|1775945002\n|gametype|doubles\n|player|p1|Setrukas|266|1218\n|player|p2|ANDR06|phoebe-masters|1249\n|gen|9\n|tier|[Gen 9 Champions] VGC 2026 Reg M-A\n|rated|\n|rule|Species Clause: Limit one of each Pok\u00e9mon\n|rule|Item Clause: Limit 1 of each item\n|clearpoke\n|poke|p1|Tyranitar, L50, M|\n|poke|p1|Garchomp, L50, M|\n|poke|p1|Rotom-Wash, L50|\n|poke|p1|Talonflame, L50, F|\n|poke|p1|Incineroar, L50, F|\n|poke|p1|Aggron, L50, M|\n|poke|p2|Glimmora, L50, F|\n|poke|p2|Corviknight, L50, F|\n|poke|p2|Gardevoir, L50, F|\n|poke|p2|Garchomp, L50, M|\n|poke|p2|Kingambit, L50, F|\n|poke|p2|Incineroar, L50, F|\n|teampreview|4\n|\n|t:|1775945030\n|teamsize|p1|4\n|teamsize|p2|4\n|start\n|switch|p1a: Aggron|Aggron, L50, M|100/100\n|switch|p1b: Incineroar|Incineroar, L50, F|100/100\n|switch|p2a: Corviknight|Corviknight, L50, F|100/100\n|switch|p2b: Garchomp|Garchomp, L50, M|100/100\n|-ability|p2a: Corviknight|Pressure\n|-ability|p1b: Incineroar|Intimidate|boost\n|-unboost|p2a: Corviknight|atk|1\n|-unboost|p2b: Garchomp|atk|1\n|turn|1\n|\n|t:|1775945056\n|move|p1b: Incineroar|Fake Out|p2b: Garchomp\n|-damage|p2b: Garchomp|89/100\n|cant|p2b: Garchomp|flinch\n|move|p2a: Corviknight|Taunt|p1a: Aggron\n|-start|p1a: Aggron|move: Taunt\n|cant|p1a: Aggron|move: Taunt|Iron Defense\n|\n|upkeep\n|turn|2\n|\n|t:|1775945085\n|switch|p1a: Talonflame|Talonflame, L50, F|100/100\n|move|p2b: Garchomp|Earthquake|p1a: Talonflame|[spread] p1b\n|-immune|p2a: Corviknight\n|-immune|p1a: Talonflame\n|-supereffective|p1b: Incineroar|1\n|-damage|p1b: Incineroar|49/100\n|-enditem|p1b: Incineroar|Sitrus Berry|[eat]\n|-heal|p1b: Incineroar|74/100|[from] item: Sitrus Berry\n|move|p2a: Corviknight|Tailwind|p2a: Corviknight\n|-sidestart|p2: ANDR06|move: Tailwind\n|move|p1b: Incineroar|Parting Shot|p2b: Garchomp\n|-unboost|p2b: Garchomp|atk|1\n|-unboost|p2b: Garchomp|spa|1\n|\n|t:|1775945107\n|switch|p1b: Aggron|Aggron, L50, M|100/100|[from] Parting Shot\n|\n|upkeep\n|turn|3\n|\n|t:|1775945125\n|switch|p2b: Incineroar|Incineroar, L50, F|100/100\n|-ability|p2b: Incineroar|Intimidate|boost\n|-unboost|p1a: Talonflame|atk|1\n|-unboost|p1b: Aggron|atk|1\n|move|p1b: Aggron|Protect|p1b: Aggron\n|-singleturn|p1b: Aggron|Protect\n|move|p1a: Talonflame|Flare Blitz|p2a: Corviknight\n|-supereffective|p2a: Corviknight|1\n|-crit|p2a: Corviknight\n|-damage|p2a: Corviknight|35/100\n|-damage|p1a: Talonflame|77/100|[from] Recoil\n|move|p2a: Corviknight|Body Press|p1b: Aggron\n|-activate|p1b: Aggron|move: Protect\n|\n|upkeep\n|turn|4\n|\n|t:|1775945168\n|switch|p1b: Tyranitar|Tyranitar, L50, M|100/100\n|-weather|Sandstorm|[from] ability: Sand Stream|[of] p1b: Tyranitar\n|move|p1a: Talonflame|Protect|p1a: Talonflame\n|-singleturn|p1a: Talonflame|Protect\n|move|p2b: Incineroar|Fake Out|p1a: Talonflame\n|-activate|p1a: Talonflame|move: Protect\n|move|p2a: Corviknight|Body Press|p1b: Tyranitar\n|-supereffective|p1b: Tyranitar|2\n|-damage|p1b: Tyranitar|17/100\n|\n|-weather|Sandstorm|[upkeep]\n|-damage|p1a: Talonflame|71/100|[from] Sandstorm\n|-damage|p2b: Incineroar|95/100|[from] Sandstorm\n|upkeep\n|turn|5\n|\n|t:|1775945189\n|switch|p2a: Garchomp|Garchomp, L50, M|89/100\n|detailschange|p1b: Tyranitar|Tyranitar-Mega, L50, M\n|-mega|p1b: Tyranitar|Tyranitar|Tyranitarite\n|move|p1a: Talonflame|Tailwind|p1a: Talonflame\n|-sidestart|p1: Setrukas|move: Tailwind\n|move|p1b: Tyranitar|Rock Slide|p2b: Incineroar|[spread] p2a,p2b\n|-resisted|p2a: Garchomp|1\n|-supereffective|p2b: Incineroar|1\n|-damage|p2a: Garchomp|69/100\n|-damage|p2b: Incineroar|31/100\n|-enditem|p2b: Incineroar|Sitrus Berry|[eat]\n|-heal|p2b: Incineroar|56/100|[from] item: Sitrus Berry\n|move|p2b: Incineroar|Parting Shot|p1b: Tyranitar\n|-unboost|p1b: Tyranitar|atk|1\n|-unboost|p1b: Tyranitar|spa|1\n|\n|t:|1775945210\n|switch|p2b: Corviknight|Corviknight, L50, F|35/100|[from] Parting Shot\n|-ability|p2b: Corviknight|Pressure\n|\n|-weather|Sandstorm|[upkeep]\n|-damage|p1a: Talonflame|65/100|[from] Sandstorm\n|-sideend|p2: ANDR06|move: Tailwind\n|upkeep\n|turn|6\n|\n|t:|1775945224\n|switch|p2b: Incineroar|Incineroar, L50, F|56/100\n|-ability|p2b: Incineroar|Intimidate|boost\n|-unboost|p1a: Talonflame|atk|1\n|-unboost|p1b: Tyranitar|atk|1\n|move|p1a: Talonflame|Acrobatics|p2a: Garchomp|[miss]\n|-miss|p1a: Talonflame|p2a: Garchomp\n|move|p1b: Tyranitar|Rock Slide|p2b: Incineroar|[spread] p2a,p2b\n|-resisted|p2a: Garchomp|1\n|-supereffective|p2b: Incineroar|1\n|-damage|p2a: Garchomp|59/100\n|-damage|p2b: Incineroar|22/100\n|cant|p2a: Garchomp|flinch\n|\n|-weather|Sandstorm|[upkeep]\n|-damage|p1a: Talonflame|59/100|[from] Sandstorm\n|-damage|p2b: Incineroar|16/100|[from] Sandstorm\n|upkeep\n|turn|7\n|\n|t:|1775945247\n|switch|p1a: Incineroar|Incineroar, L50, F|74/100\n|-ability|p1a: Incineroar|Intimidate|boost\n|-unboost|p2a: Garchomp|atk|1\n|-unboost|p2b: Incineroar|atk|1\n|move|p1b: Tyranitar|Protect|p1b: Tyranitar\n|-singleturn|p1b: Tyranitar|Protect\n|move|p2b: Incineroar|Fake Out|p1b: Tyranitar\n|-activate|p1b: Tyranitar|move: Protect\n|move|p2a: Garchomp|Rock Slide|p1b: Tyranitar|[spread] p1a\n|-activate|p1b: Tyranitar|move: Protect\n|-supereffective|p1a: Incineroar|1\n|-damage|p1a: Incineroar|51/100\n|\n|-weather|Sandstorm|[upkeep]\n|-damage|p1a: Incineroar|45/100|[from] Sandstorm\n|-damage|p2b: Incineroar|10/100|[from] Sandstorm\n|upkeep\n|turn|8\n|\n|t:|1775945267\n|switch|p2b: Corviknight|Corviknight, L50, F|35/100\n|-ability|p2b: Corviknight|Pressure\n|move|p2a: Garchomp|Protect|p2a: Garchomp\n|-singleturn|p2a: Garchomp|Protect\n|move|p1a: Incineroar|Fake Out|p2a: Garchomp\n|-activate|p2a: Garchomp|move: Protect\n|move|p1b: Tyranitar|Rock Slide|p2b: Corviknight|[spread] p2b\n|-activate|p2a: Garchomp|move: Protect\n|-damage|p2b: Corviknight|23/100\n|\n|-weather|none\n|-sideend|p1: Setrukas|move: Tailwind\n|upkeep\n|turn|9\n|\n|t:|1775945283\n|move|p1b: Tyranitar|Protect|p1b: Tyranitar\n|-singleturn|p1b: Tyranitar|Protect\n|move|p2a: Garchomp|Earthquake|p1b: Tyranitar|[spread] p1a\n|-activate|p1b: Tyranitar|move: Protect\n|-immune|p2b: Corviknight\n|-supereffective|p1a: Incineroar|1\n|-crit|p1a: Incineroar\n|-damage|p1a: Incineroar|0 fnt\n|faint|p1a: Incineroar\n|move|p2b: Corviknight|Tailwind|p2b: Corviknight\n|-sidestart|p2: ANDR06|move: Tailwind\n|\n|upkeep\n|\n|t:|1775945291\n|switch|p1a: Talonflame|Talonflame, L50, F|59/100\n|turn|10\n|\n|t:|1775945298\n|switch|p1b: Aggron|Aggron, L50, M|100/100\n|move|p2a: Garchomp|Rock Slide|p1a: Talonflame|[spread] p1a,p1b\n|-supereffective|p1a: Talonflame|2\n|-resisted|p1b: Aggron|1\n|-damage|p1a: Talonflame|0 fnt\n|-damage|p1b: Aggron|98/100\n|faint|p1a: Talonflame\n|move|p2b: Corviknight|Taunt|p1b: Aggron\n|-start|p1b: Aggron|move: Taunt\n|\n|-heal|p1b: Aggron|100/100|[from] item: Leftovers\n|upkeep\n|\n|t:|1775945305\n|switch|p1a: Tyranitar|Tyranitar-Mega, L50, M|17/100\n|-weather|Sandstorm|[from] ability: Sand Stream|[of] p1a: Tyranitar\n|turn|11\n|\n|t:|1775945322\n|move|p1a: Tyranitar|Protect|p1a: Tyranitar\n|-singleturn|p1a: Tyranitar|Protect\n|move|p2a: Garchomp|Earthquake|p1a: Tyranitar|[spread] p1b\n|-activate|p1a: Tyranitar|move: Protect\n|-immune|p2b: Corviknight\n|-supereffective|p1b: Aggron|2\n|-damage|p1b: Aggron|46/100\n|move|p2b: Corviknight|Body Press|p1b: Aggron\n|-supereffective|p1b: Aggron|2\n|-damage|p1b: Aggron|0 fnt\n|faint|p1b: Aggron\n|\n|-weather|Sandstorm|[upkeep]\n|upkeep\n|turn|12\n|\n|t:|1775945334\n|move|p2a: Garchomp|Earthquake|p1a: Tyranitar|[spread] p1a\n|-immune|p2b: Corviknight\n|-supereffective|p1a: Tyranitar|1\n|-damage|p1a: Tyranitar|0 fnt\n|faint|p1a: Tyranitar\n|\n|win|ANDR06\n|raw|Setrukas's rating: 1218 &rarr; <strong>1195</strong><br />(-23 for losing)\n|raw|ANDR06's rating: 1249 &rarr; <strong>1272</strong><br />(+23 for winning)\n",
  "uploadtime": 1775945336,
  "views": 13,
  "formatid": "gen9championsvgc2026regma",
  "rating": 1195,
  "private": 0,
  "password": null
}