{
  "id": "gen9championsvgc2026regma-2583015248",
  "format": "[Gen 9 Champions] VGC 2026 Reg M-A",
  "players": [
    "Olivernl",
    "neotis"
  ],
  "log": "|j|\u2606Olivernl\n|j|\u2606neotis\n|t:|1776133512\n|gametype|doubles\n|player|p1|Olivernl|102|1046\n|player|p2|neotis|102|1009\n|gen|9\n|tier|[Gen 9 Champions] VGC 2026 Reg M-A\n|rated|\n|rule|Species Clause: Limit one of each Pok\u00e9mon\n|rule|Item Clause: Limit 1 of each item\n|clearpoke\n|poke|p1|Aggron, L50, F|\n|poke|p1|Sinistcha, L50|\n|poke|p1|Tyranitar, L50, M|\n|poke|p1|Sneasler, L50, M|\n|poke|p1|Hydreigon, L50, F|\n|poke|p1|Aerodactyl, L50, M|\n|poke|p2|Drampa, L50, F|\n|poke|p2|Scizor, L50, F|\n|poke|p2|Sinistcha, L50|\n|poke|p2|Incineroar, L50, F|\n|poke|p2|Basculegion, L50, M|\n|poke|p2|Golurk, L50|\n|teampreview|4\nOlivernl has agreed to open team sheets.\n|\n|t:|1776133526\n|teamsize|p1|4\n|teamsize|p2|4\n|start\n|switch|p1a: Sneasler|Sneasler, L50, M|100/100\n|switch|p1b: Aggron|Aggron, L50, F|100/100\n|switch|p2a: Sinistcha|Sinistcha, L50|100/100\n|switch|p2b: Incineroar|Incineroar, L50, F|100/100\n|-ability|p1a: Sneasler|Pressure\n|-ability|p2b: Incineroar|Intimidate|boost\n|-unboost|p1a: Sneasler|atk|1\n|-unboost|p1b: Aggron|atk|1\n|-enditem|p1a: Sneasler|White Herb\n|-clearnegativeboost|p1a: Sneasler|[silent]\n|turn|1\n|\n|t:|1776133550\n|detailschange|p1b: Aggron|Aggron-Mega, L50, F\n|-mega|p1b: Aggron|Aggron|Aggronite\n|move|p1a: Sneasler|Fake Out|p2b: Incineroar\n|-damage|p2b: Incineroar|85/100\n|cant|p2b: Incineroar|flinch\n|move|p1b: Aggron|Iron Defense|p1b: Aggron\n|-boost|p1b: Aggron|def|2\n|move|p2a: Sinistcha|Trick Room|p2a: Sinistcha\n|-fieldstart|move: Trick Room|[of] p2a: Sinistcha\n|\n|upkeep\n|turn|2\n|\n|t:|1776133571\n|move|p1b: Aggron|Body Press|p2b: Incineroar\n|-supereffective|p2b: Incineroar|1\n|-damage|p2b: Incineroar|0 fnt\n|faint|p2b: Incineroar\n|move|p2a: Sinistcha|Matcha Gotcha|p1b: Aggron|[spread] p1a,p1b\n|-resisted|p1a: Sneasler|1\n|-resisted|p1b: Aggron|1\n|-damage|p1a: Sneasler|81/100\n|-damage|p1b: Aggron|87/100\n|move|p1a: Sneasler|Coaching|p1b: Aggron\n|-boost|p1b: Aggron|atk|1\n|-boost|p1b: Aggron|def|1\n|\n|upkeep\n|\n|t:|1776133584\n|switch|p2b: Drampa|Drampa, L50, F|100/100\n|turn|3\n|\n|t:|1776133593\n|detailschange|p2b: Drampa|Drampa-Mega, L50, F\n|-mega|p2b: Drampa|Drampa|Drampanite\n|move|p2a: Sinistcha|Rage Powder|p2a: Sinistcha\n|-singleturn|p2a: Sinistcha|move: Rage Powder\n|move|p2b: Drampa|Fire Blast|p1b: Aggron\n|-supereffective|p1b: Aggron|1\n|-damage|p1b: Aggron|19/100\n|move|p1b: Aggron|Body Press|p2a: Sinistcha\n|-immune|p2a: Sinistcha\n|move|p1a: Sneasler|Dire Claw|p2a: Sinistcha\n|-damage|p2a: Sinistcha|55/100\n|\n|upkeep\n|turn|4\n|\n|t:|1776133607\n|switch|p1a: Sinistcha|Sinistcha, L50|100/100\n|-heal|p1b: Aggron|44/100|[from] ability: Hospitality|[of] p1a: Sinistcha\n|move|p1b: Aggron|Protect|p1b: Aggron\n|-singleturn|p1b: Aggron|Protect\n|move|p2a: Sinistcha|Rage Powder|p2a: Sinistcha\n|-singleturn|p2a: Sinistcha|move: Rage Powder\n|move|p2b: Drampa|Fire Blast|p1b: Aggron\n|-activate|p1b: Aggron|move: Protect\n|\n|upkeep\n|turn|5\n|\n|t:|1776133629\n|move|p2a: Sinistcha|Rage Powder|p2a: Sinistcha\n|-singleturn|p2a: Sinistcha|move: Rage Powder\n|move|p2b: Drampa|Fire Blast|p1b: Aggron\n|-supereffective|p1b: Aggron|1\n|-damage|p1b: Aggron|0 fnt\n|faint|p1b: Aggron\n|move|p1a: Sinistcha|Trick Room|p1a: Sinistcha\n|-fieldend|move: Trick Room\n|\n|upkeep\n|\n|t:|1776133641\n|switch|p1b: Sneasler|Sneasler, L50, M|81/100\n|-ability|p1b: Sneasler|Pressure\n|turn|6\n|\n|t:|1776133654\n|move|p2b: Drampa|Protect|p2b: Drampa\n|-singleturn|p2b: Drampa|Protect\n|move|p1b: Sneasler|Close Combat|p2b: Drampa\n|-activate|p2b: Drampa|move: Protect\n|move|p1a: Sinistcha|Matcha Gotcha|p2a: Sinistcha|[spread] p2a\n|-activate|p2b: Drampa|move: Protect\n|-resisted|p2a: Sinistcha|1\n|-damage|p2a: Sinistcha|37/100\n|-enditem|p2a: Sinistcha|Sitrus Berry|[eat]\n|-heal|p2a: Sinistcha|61/100|[from] item: Sitrus Berry\n|move|p2a: Sinistcha|Trick Room|p2a: Sinistcha\n|-fieldstart|move: Trick Room|[of] p2a: Sinistcha\n|\n|upkeep\n|turn|7\n|\n|t:|1776133685\n|move|p2b: Drampa|Dragon Pulse|p1b: Sneasler\n|-damage|p1b: Sneasler|0 fnt\n|faint|p1b: Sneasler\n|move|p2a: Sinistcha|Shadow Ball|p1a: Sinistcha\n|-supereffective|p1a: Sinistcha|1\n|-damage|p1a: Sinistcha|30/100\n|move|p1a: Sinistcha|Trick Room|p1a: Sinistcha\n|-fieldend|move: Trick Room\n|\n|upkeep\n|\n|t:|1776133693\n|switch|p1b: Tyranitar|Tyranitar, L50, M|100/100\n|-weather|Sandstorm|[from] ability: Sand Stream|[of] p1b: Tyranitar\n|turn|8\n|\n|t:|1776133704\n|move|p2a: Sinistcha|Rage Powder|p2a: Sinistcha\n|-singleturn|p2a: Sinistcha|move: Rage Powder\n|move|p1b: Tyranitar|Knock Off|p2a: Sinistcha\n|-supereffective|p2a: Sinistcha|1\n|-damage|p2a: Sinistcha|0 fnt\n|faint|p2a: Sinistcha\n|move|p1a: Sinistcha|Life Dew||[still]|[spread] p1a,p1b\n|-heal|p1a: Sinistcha|55/100\n|-fail|p1b: Tyranitar|heal\n|move|p2b: Drampa|Dragon Pulse|p1a: Sinistcha\n|-damage|p1a: Sinistcha|0 fnt\n|faint|p1a: Sinistcha\n|\n|-weather|Sandstorm|[upkeep]\n|-damage|p2b: Drampa|95/100|[from] Sandstorm\n|upkeep\n|\n|t:|1776133713\n|switch|p2a: Scizor|Scizor, L50, F|100/100\n|turn|9\n|\n|t:|1776133732\n|move|p1b: Tyranitar|Protect|p1b: Tyranitar\n|-singleturn|p1b: Tyranitar|Protect\n|move|p2a: Scizor|Lunge|p1b: Tyranitar\n|-activate|p1b: Tyranitar|move: Protect\n|move|p2b: Drampa|Hyper Voice|p1b: Tyranitar\n|-activate|p1b: Tyranitar|move: Protect\n|\n|-weather|Sandstorm|[upkeep]\n|-damage|p2b: Drampa|89/100|[from] Sandstorm\n|upkeep\n|turn|10\n|\n|t:|1776133763\n|move|p2a: Scizor|Lunge|p1b: Tyranitar\n|-supereffective|p1b: Tyranitar|1\n|-damage|p1b: Tyranitar|39/100\n|-unboost|p1b: Tyranitar|atk|1\n|move|p1b: Tyranitar|Knock Off|p2a: Scizor\n|-damage|p2a: Scizor|72/100\n|move|p2b: Drampa|Dragon Pulse|p1b: Tyranitar\n|-damage|p1b: Tyranitar|8/100\n|\n|-weather|Sandstorm|[upkeep]\n|-damage|p2b: Drampa|83/100|[from] Sandstorm\n|upkeep\n|turn|11\n|\n|t:|1776133776\n|move|p2a: Scizor|Bullet Punch|p1b: Tyranitar\n|-supereffective|p1b: Tyranitar|1\n|-damage|p1b: Tyranitar|0 fnt\n|faint|p1b: Tyranitar\n|\n|win|neotis\n|raw|Olivernl's rating: 1046 &rarr; <strong>1027</strong><br />(-19 for losing)\n|raw|neotis's rating: 1000 &rarr; <strong>1045</strong><br />(+45 for winning)\n|l|\u2606Olivernl\n|player|p1|\n",
  "uploadtime": 1776133781,
  "views": 21,
  "formatid": "gen9championsvgc2026regma",
  "rating": 1027,
  "private": 0,
  "password": null
}