{
  "id": "gen9championsvgc2026regma-2580716504",
  "format": "[Gen 9 Champions] VGC 2026 Reg M-A",
  "players": [
    "silvermagicianvgc",
    "goku gana"
  ],
  "log": "|j|\u2606silvermagicianvgc\n|j|\u2606goku gana\n|t:|1775926683\n|gametype|doubles\n|player|p1|silvermagicianvgc|silver|1265\n|player|p2|goku gana|101|1182\n|gen|9\n|tier|[Gen 9 Champions] VGC 2026 Reg M-A\n|rated|\n|rule|Species Clause: Limit one of each Pok\u00e9mon\n|rule|Item Clause: Limit 1 of each item\n|clearpoke\n|poke|p1|Floette-Eternal, L50, F|\n|poke|p1|Garchomp, L50, F|\n|poke|p1|Aerodactyl, L50, F|\n|poke|p1|Incineroar, L50, M|\n|poke|p1|Milotic, L50, F|\n|poke|p1|Sinistcha, L50|\n|poke|p2|Volcarona, L50, F|\n|poke|p2|Sinistcha, L50|\n|poke|p2|Venusaur, L50, M|\n|poke|p2|Kingambit, L50, F|\n|poke|p2|Incineroar, L50, F|\n|poke|p2|Basculegion, L50, M|\n|teampreview|4\n|\n|t:|1775926747\n|teamsize|p1|4\n|teamsize|p2|4\n|start\n|switch|p1a: Milotic|Milotic, L50, F, shiny|100/100\n|switch|p1b: Floette|Floette-Eternal, L50, F, shiny|100/100\n|switch|p2a: Venusaur|Venusaur, L50, M|100/100\n|switch|p2b: Kingambit|Kingambit, L50, F|100/100\n|turn|1\n|\n|t:|1775926772\n|detailschange|p1b: Floette|Floette-Mega, L50, F, shiny\n|-mega|p1b: Floette|Floette|Floettite\n|-ability|p1b: Floette|Fairy Aura\n|detailschange|p2a: Venusaur|Venusaur-Mega, L50, M\n|-mega|p2a: Venusaur|Venusaur|Venusaurite\n|move|p1b: Floette|Moonblast|p2b: Kingambit\n|-damage|p2b: Kingambit|22/100\n|move|p2a: Venusaur|Leech Seed|p1a: Milotic\n|-start|p1a: Milotic|move: Leech Seed\n|move|p1a: Milotic|Scald|p2b: Kingambit\n|-damage|p2b: Kingambit|0 fnt\n|faint|p2b: Kingambit\n|\n|-damage|p1a: Milotic|88/100|[from] Leech Seed|[of] p2a: Venusaur\n|upkeep\n|\n|t:|1775926793\n|switch|p2b: Volcarona|Volcarona, L50, F|100/100\n|turn|2\n|\n|t:|1775926806\n|switch|p1a: Sinistcha|Sinistcha, L50|100/100\n|move|p2b: Volcarona|Protect|p2b: Volcarona\n|-singleturn|p2b: Volcarona|Protect\n|move|p1b: Floette|Protect|p1b: Floette\n|-singleturn|p1b: Floette|Protect\n|move|p2a: Venusaur|Leech Seed|p1b: Floette\n|-activate|p1b: Floette|move: Protect\n|\n|upkeep\n|turn|3\n|\n|t:|1775926840\n|switch|p1b: Aerodactyl|Aerodactyl, L50, F|100/100\n|-ability|p1b: Aerodactyl|Unnerve\n|move|p2b: Volcarona|Quiver Dance|p2b: Volcarona\n|-boost|p2b: Volcarona|spa|1\n|-boost|p2b: Volcarona|spd|1\n|-boost|p2b: Volcarona|spe|1\n|move|p2a: Venusaur|Sludge Bomb|p1a: Sinistcha\n|-damage|p1a: Sinistcha|58/100\n|-status|p1a: Sinistcha|psn\n|move|p1a: Sinistcha|Imprison|p1a: Sinistcha\n|-start|p1a: Sinistcha|move: Imprison\n|\n|-damage|p1a: Sinistcha|46/100 psn|[from] psn\n|upkeep\n|turn|4\n|\n|t:|1775926868\n|move|p1a: Sinistcha|Rage Powder|p1a: Sinistcha\n|-singleturn|p1a: Sinistcha|move: Rage Powder\n|move|p1b: Aerodactyl|Tailwind|p1b: Aerodactyl\n|-sidestart|p1: silvermagicianvgc|move: Tailwind\n|move|p2b: Volcarona|Will-O-Wisp||[still]\n|-fail|p2b: Volcarona\n|move|p2a: Venusaur|Sludge Bomb|p1a: Sinistcha\n|-damage|p1a: Sinistcha|3/100 psn\n|\n|-damage|p1a: Sinistcha|0 fnt|[from] psn\n|faint|p1a: Sinistcha\n|upkeep\n|\n|t:|1775926881\n|switch|p1a: Milotic|Milotic, L50, F, shiny|88/100\n|turn|5\n|\n|t:|1775926889\n|switch|p2a: Incineroar|Incineroar, L50, F|100/100\n|-ability|p2a: Incineroar|Intimidate|boost\n|-unboost|p1a: Milotic|atk|1\n|-ability|p1a: Milotic|Competitive|boost\n|-boost|p1a: Milotic|spa|2\n|-unboost|p1b: Aerodactyl|atk|1\n|move|p2b: Volcarona|Protect|p2b: Volcarona\n|-singleturn|p2b: Volcarona|Protect\n|move|p1b: Aerodactyl|Rock Slide|p2a: Incineroar|[spread] p2a\n|-activate|p2b: Volcarona|move: Protect\n|-supereffective|p2a: Incineroar|1\n|-damage|p2a: Incineroar|72/100\n|move|p1a: Milotic|Icy Wind|p2a: Incineroar|[spread] p2a\n|-activate|p2b: Volcarona|move: Protect\n|-resisted|p2a: Incineroar|1\n|-damage|p2a: Incineroar|61/100\n|-unboost|p2a: Incineroar|spe|1\n|\n|-heal|p1a: Milotic|94/100|[from] item: Leftovers\n|upkeep\n|turn|6\n|\n|t:|1775926918\n|switch|p1b: Floette|Floette-Mega, L50, F, shiny|100/100\n|-ability|p1b: Floette|Fairy Aura\n|move|p1a: Milotic|Protect|p1a: Milotic\n|-singleturn|p1a: Milotic|Protect\n|move|p2a: Incineroar|Fake Out|p1a: Milotic\n|-activate|p1a: Milotic|move: Protect\n|move|p2b: Volcarona|Will-O-Wisp|p1b: Floette\n|-status|p1b: Floette|brn\n|\n|-heal|p1a: Milotic|100/100|[from] item: Leftovers\n|-damage|p1b: Floette|94/100 brn|[from] brn\n|upkeep\n|turn|7\n|\n|t:|1775926961\n|move|p1b: Floette|Dazzling Gleam|p2a: Incineroar|[spread] p2a,p2b\n|-resisted|p2b: Volcarona|1\n|-damage|p2a: Incineroar|10/100\n|-damage|p2b: Volcarona|85/100\n|move|p1a: Milotic|Icy Wind|p2b: Volcarona|[spread] p2b\n|-miss|p1a: Milotic|p2a: Incineroar\n|-resisted|p2b: Volcarona|1\n|-damage|p2b: Volcarona|78/100\n|-unboost|p2b: Volcarona|spe|1\n|move|p2b: Volcarona|Quiver Dance|p2b: Volcarona\n|-boost|p2b: Volcarona|spa|1\n|-boost|p2b: Volcarona|spd|1\n|-boost|p2b: Volcarona|spe|1\n|move|p2a: Incineroar|Parting Shot|p1b: Floette\n|-unboost|p1b: Floette|atk|1\n|-unboost|p1b: Floette|spa|1\n|\n|t:|1775926972\n|switch|p2a: Venusaur|Venusaur-Mega, L50, M|100/100|[from] Parting Shot\n|\n|-damage|p1b: Floette|88/100 brn|[from] brn\n|-sideend|p1: silvermagicianvgc|move: Tailwind\n|upkeep\n|turn|8\n|\n|t:|1775926993\n|move|p1b: Floette|Protect|p1b: Floette\n|-singleturn|p1b: Floette|Protect\n|move|p2b: Volcarona|Heat Wave|p1b: Floette|[spread] p1a\n|-activate|p1b: Floette|move: Protect\n|-resisted|p1a: Milotic|1\n|-crit|p1a: Milotic\n|-damage|p1a: Milotic|62/100\n|move|p2a: Venusaur|Leech Seed|p1a: Milotic\n|-start|p1a: Milotic|move: Leech Seed\n|move|p1a: Milotic|Icy Wind|p2a: Venusaur|[spread] p2a,p2b\n|-supereffective|p2a: Venusaur|1\n|-resisted|p2b: Volcarona|1\n|-damage|p2a: Venusaur|81/100\n|-damage|p2b: Volcarona|72/100\n|-unboost|p2a: Venusaur|spe|1\n|-unboost|p2b: Volcarona|spe|1\n|\n|-heal|p1a: Milotic|69/100|[from] item: Leftovers\n|-damage|p1a: Milotic|56/100|[from] Leech Seed|[of] p2a: Venusaur\n|-heal|p2a: Venusaur|96/100|[silent]\n|-damage|p1b: Floette|82/100 brn|[from] brn\n|upkeep\n|turn|9\n|\n|t:|1775927039\n|move|p1a: Milotic|Protect|p1a: Milotic\n|-singleturn|p1a: Milotic|Protect\n|move|p2b: Volcarona|Quiver Dance|p2b: Volcarona\n|-boost|p2b: Volcarona|spa|1\n|-boost|p2b: Volcarona|spd|1\n|-boost|p2b: Volcarona|spe|1\n|move|p1b: Floette|Moonblast|p2a: Venusaur\n|-resisted|p2a: Venusaur|1\n|-damage|p2a: Venusaur|78/100\n|move|p2a: Venusaur|Sludge Bomb|p1b: Floette\n|-supereffective|p1b: Floette|1\n|-damage|p1b: Floette|20/100 brn\n|\n|-heal|p1a: Milotic|62/100|[from] item: Leftovers\n|-damage|p1a: Milotic|50/100|[from] Leech Seed|[of] p2a: Venusaur\n|-heal|p2a: Venusaur|93/100|[silent]\n|-damage|p1b: Floette|14/100 brn|[from] brn\n|upkeep\n|turn|10\n|j| TestingE10\n|\n|t:|1775927074\n|switch|p1b: Aerodactyl|Aerodactyl, L50, F|100/100\n|-ability|p1b: Aerodactyl|Unnerve\n|move|p2b: Volcarona|Quiver Dance|p2b: Volcarona\n|-boost|p2b: Volcarona|spa|1\n|-boost|p2b: Volcarona|spd|1\n|-boost|p2b: Volcarona|spe|1\n|move|p1a: Milotic|Icy Wind|p2b: Volcarona|[spread] p2a,p2b\n|-supereffective|p2a: Venusaur|1\n|-resisted|p2b: Volcarona|1\n|-damage|p2a: Venusaur|74/100\n|-damage|p2b: Volcarona|68/100\n|-unboost|p2a: Venusaur|spe|1\n|-unboost|p2b: Volcarona|spe|1\n|move|p2a: Venusaur|Sludge Bomb|p1a: Milotic\n|-damage|p1a: Milotic|18/100\n|\n|-heal|p1a: Milotic|24/100|[from] item: Leftovers\n|-damage|p1a: Milotic|12/100|[from] Leech Seed|[of] p2a: Venusaur\n|-heal|p2a: Venusaur|88/100|[silent]\n|upkeep\n|turn|11\n|\n|t:|1775927101\n|move|p2b: Volcarona|Protect|p2b: Volcarona\n|-singleturn|p2b: Volcarona|Protect\n|move|p1b: Aerodactyl|Tailwind|p1b: Aerodactyl\n|-sidestart|p1: silvermagicianvgc|move: Tailwind\n|move|p1a: Milotic|Life Dew||[still]|[spread] p1a,p1b\n|-heal|p1a: Milotic|37/100\n|-fail|p1b: Aerodactyl|heal\n|move|p2a: Venusaur|Leech Seed|p1b: Aerodactyl\n|-start|p1b: Aerodactyl|move: Leech Seed\n|\n|-heal|p1a: Milotic|43/100|[from] item: Leftovers\n|-damage|p1b: Aerodactyl|88/100|[from] Leech Seed|[of] p2a: Venusaur\n|-heal|p2a: Venusaur|99/100|[silent]\n|-damage|p1a: Milotic|30/100|[from] Leech Seed|[of] p2a: Venusaur\n|-heal|p2a: Venusaur|100/100|[silent]\n|upkeep\n|turn|12\n|\n|t:|1775927138\n|move|p1b: Aerodactyl|Rock Slide|p2a: Venusaur|[spread] p2a,p2b\n|-supereffective|p2b: Volcarona|2\n|-damage|p2a: Venusaur|80/100\n|-damage|p2b: Volcarona|0 fnt\n|faint|p2b: Volcarona\n|move|p1a: Milotic|Life Dew|p1a: Milotic|[spread] p1a,p1b\n|-heal|p1a: Milotic|55/100\n|-heal|p1b: Aerodactyl|100/100\n|move|p2a: Venusaur|Sludge Bomb|p1a: Milotic\n|-damage|p1a: Milotic|24/100\n|\n|-heal|p1a: Milotic|30/100|[from] item: Leftovers\n|-damage|p1b: Aerodactyl|88/100|[from] Leech Seed|[of] p2a: Venusaur\n|-heal|p2a: Venusaur|92/100|[silent]\n|-damage|p1a: Milotic|18/100|[from] Leech Seed|[of] p2a: Venusaur\n|-heal|p2a: Venusaur|100/100|[silent]\n|upkeep\n|\n|t:|1775927152\n|switch|p2b: Incineroar|Incineroar, L50, F|10/100\n|-ability|p2b: Incineroar|Intimidate|boost\n|-unboost|p1a: Milotic|atk|1\n|-ability|p1a: Milotic|Competitive|boost\n|-boost|p1a: Milotic|spa|2\n|-unboost|p1b: Aerodactyl|atk|1\n|turn|13\n|\n|t:|1775927168\n|move|p1a: Milotic|Protect|p1a: Milotic\n|-singleturn|p1a: Milotic|Protect\n|move|p2b: Incineroar|Fake Out|p1b: Aerodactyl\n|-resisted|p1b: Aerodactyl|1\n|-damage|p1b: Aerodactyl|79/100\n|cant|p1b: Aerodactyl|flinch\n|move|p2a: Venusaur|Sludge Bomb|p1a: Milotic\n|-activate|p1a: Milotic|move: Protect\n|\n|-heal|p1a: Milotic|24/100|[from] item: Leftovers\n|-damage|p1b: Aerodactyl|67/100|[from] Leech Seed|[of] p2a: Venusaur\n|-damage|p1a: Milotic|12/100|[from] Leech Seed|[of] p2a: Venusaur\n|upkeep\n|turn|14\n|\n|t:|1775927191\n|move|p1b: Aerodactyl|Rock Slide|p2a: Venusaur|[spread] p2a,p2b\n|-supereffective|p2b: Incineroar|1\n|-damage|p2a: Venusaur|86/100\n|-damage|p2b: Incineroar|0 fnt\n|faint|p2b: Incineroar\n|move|p1a: Milotic|Scald|p2a: Venusaur\n|-resisted|p2a: Venusaur|1\n|-damage|p2a: Venusaur|45/100\n|move|p2a: Venusaur|Sludge Bomb|p1a: Milotic\n|-damage|p1a: Milotic|0 fnt\n|faint|p1a: Milotic\n|\n|-damage|p1b: Aerodactyl|55/100|[from] Leech Seed|[of] p2a: Venusaur\n|-heal|p2a: Venusaur|56/100|[silent]\n|-sideend|p1: silvermagicianvgc|move: Tailwind\n|upkeep\n|\n|t:|1775927204\n|switch|p1a: Floette|Floette-Mega, L50, F, shiny|14/100 brn\n|-ability|p1a: Floette|Fairy Aura\n|turn|15\n|\n|t:|1775927212\n|move|p2a: Venusaur|Protect|p2a: Venusaur\n|-singleturn|p2a: Venusaur|Protect\n|move|p1b: Aerodactyl|Rock Slide|p2a: Venusaur\n|-activate|p2a: Venusaur|move: Protect\n|move|p1a: Floette|Moonblast|p2a: Venusaur\n|-activate|p2a: Venusaur|move: Protect\n|\n|-damage|p1b: Aerodactyl|43/100|[from] Leech Seed|[of] p2a: Venusaur\n|-heal|p2a: Venusaur|67/100|[silent]\n|-damage|p1a: Floette|8/100 brn|[from] brn\n|upkeep\n|turn|16\n|\n|t:|1775927224\n|move|p1b: Aerodactyl|Rock Slide|p2a: Venusaur\n|-damage|p2a: Venusaur|49/100\n|move|p1a: Floette|Moonblast|p2a: Venusaur\n|-resisted|p2a: Venusaur|1\n|-damage|p2a: Venusaur|21/100\n|move|p2a: Venusaur|Leech Seed|p1a: Floette\n|-start|p1a: Floette|move: Leech Seed\n|\n|-damage|p1b: Aerodactyl|31/100|[from] Leech Seed|[of] p2a: Venusaur\n|-heal|p2a: Venusaur|32/100|[silent]\n|-damage|p1a: Floette|0 fnt|[from] Leech Seed|[of] p2a: Venusaur\n|-heal|p2a: Venusaur|40/100|[silent]\n|faint|p1a: Floette\n|upkeep\n|turn|17\n|\n|t:|1775927240\n|move|p2a: Venusaur|Protect|p2a: Venusaur\n|-singleturn|p2a: Venusaur|Protect\n|move|p1b: Aerodactyl|Rock Slide|p2a: Venusaur\n|-activate|p2a: Venusaur|move: Protect\n|\n|-damage|p1b: Aerodactyl|19/100|[from] Leech Seed|[of] p2a: Venusaur\n|-heal|p2a: Venusaur|51/100|[silent]\n|upkeep\n|turn|18\n|\n|t:|1775927251\n|move|p1b: Aerodactyl|Rock Slide|p2a: Venusaur\n|-damage|p2a: Venusaur|31/100\n|cant|p2a: Venusaur|flinch\n|\n|-damage|p1b: Aerodactyl|7/100|[from] Leech Seed|[of] p2a: Venusaur\n|-heal|p2a: Venusaur|42/100|[silent]\n|upkeep\n|turn|19\n|-message|silvermagicianvgc forfeited.\n|\n|win|goku gana\n|raw|silvermagicianvgc's rating: 1265 &rarr; <strong>1234</strong><br />(-31 for losing)\n|raw|goku gana's rating: 1182 &rarr; <strong>1213</strong><br />(+31 for winning)\n|l|\u2606silvermagicianvgc\n|player|p1|\n|c|\u2606goku gana|WHO THE FUCK IS MEGA MEGANIUM\n|j| CrownFan02\n|j| Pineapple_almond\n|l|\u2606goku gana\n|player|p2|\n|j|\u2606goku gana\n|player|p2|goku gana|101|\n",
  "uploadtime": 1775927269,
  "views": 19,
  "formatid": "gen9championsvgc2026regma",
  "rating": 1213,
  "private": 0,
  "password": null
}