{
  "id": "gen9championsvgc2026regma-2581238151",
  "format": "[Gen 9 Champions] VGC 2026 Reg M-A",
  "players": [
    "rikomustang",
    "jason986"
  ],
  "log": "|badge|p2|bronze|gen9ubers|100-9\n|uhtml|medal-msg|<div class=\"broadcast-blue\">Curious what those medals under the avatar are? PS now has Ladder Seasons! For more information, check out the <a href=\"https://www.smogon.com/forums/threads/3740067/\">thread on Smogon.</a></div>\n|j|\u2606rikomustang\n|j|\u2606jason986\n|t:|1775974673\n|gametype|doubles\n|player|p1|rikomustang|1|1102\n|player|p2|jason986|dawn|1106\n|gen|9\n|tier|[Gen 9 Champions] VGC 2026 Reg M-A\n|rated|\n|rule|Species Clause: Limit one of each Pok\u00e9mon\n|rule|Item Clause: Limit 1 of each item\n|clearpoke\n|poke|p1|Charizard, L50, M|\n|poke|p1|Basculegion, L50, M|\n|poke|p1|Sneasler, L50, F|\n|poke|p1|Garchomp, L50, M|\n|poke|p1|Incineroar, L50, M|\n|poke|p1|Venusaur, L50, M|\n|poke|p2|Archaludon, L50, F|\n|poke|p2|Pelipper, L50, M|\n|poke|p2|Basculegion, L50, M|\n|poke|p2|Sinistcha-Masterpiece, L50|\n|poke|p2|Dragonite, L50, M|\n|poke|p2|Incineroar, L50, M|\n|teampreview|4\n|inactive|Battle timer is ON: inactive players will automatically lose when time's up. (requested by rikomustang)\n|\n|t:|1775974696\n|teamsize|p1|4\n|teamsize|p2|4\n|start\n|switch|p1a: Charizard|Charizard, L50, M|100/100\n|switch|p1b: Venusaur|Venusaur, L50, M|100/100\n|switch|p2a: Pelipper|Pelipper, L50, M|100/100\n|switch|p2b: Basculegion|Basculegion, L50, M|100/100\n|-weather|RainDance|[from] ability: Drizzle|[of] p2a: Pelipper\n|turn|1\n|\n|t:|1775974717\n|detailschange|p1a: Charizard|Charizard-Mega-Y, L50, M\n|-mega|p1a: Charizard|Charizard|Charizardite Y\n|-weather|SunnyDay|[from] ability: Drought|[of] p1a: Charizard\n|move|p1b: Venusaur|Sleep Powder|p2a: Pelipper\n|-status|p2a: Pelipper|slp|[from] move: Sleep Powder\n|move|p1a: Charizard|Heat Wave|p2b: Basculegion|[spread] p2b\n|-miss|p1a: Charizard|p2a: Pelipper\n|-resisted|p2b: Basculegion|1\n|-damage|p2b: Basculegion|58/100\n|move|p2b: Basculegion|Wave Crash|p1a: Charizard\n|-supereffective|p1a: Charizard|1\n|-damage|p1a: Charizard|16/100\n|-damage|p2b: Basculegion|36/100|[from] Recoil\n|cant|p2a: Pelipper|slp\n|\n|-weather|SunnyDay|[upkeep]\n|upkeep\n|turn|2\n|\n|t:|1775974732\n|switch|p2a: Dragonite|Dragonite, L50, M|100/100\n|move|p2b: Basculegion|Protect|p2b: Basculegion\n|-singleturn|p2b: Basculegion|Protect\n|move|p1b: Venusaur|Energy Ball|p2b: Basculegion\n|-activate|p2b: Basculegion|move: Protect\n|move|p1a: Charizard|Heat Wave|p2a: Dragonite|[spread] p2a\n|-activate|p2b: Basculegion|move: Protect\n|-resisted|p2a: Dragonite|1\n|-damage|p2a: Dragonite|82/100\n|\n|-weather|SunnyDay|[upkeep]\n|upkeep\n|turn|3\n|\n|t:|1775974743\n|switch|p2a: Pelipper|Pelipper, L50, M|100/100 slp\n|-weather|RainDance|[from] ability: Drizzle|[of] p2a: Pelipper\n|move|p1a: Charizard|Protect|p1a: Charizard\n|-singleturn|p1a: Charizard|Protect\n|move|p2b: Basculegion|Flip Turn|p1a: Charizard\n|-activate|p1a: Charizard|move: Protect\n|move|p1b: Venusaur|Sleep Powder|p2a: Pelipper\n|-fail|p2a: Pelipper|slp\n|\n|-weather|RainDance|[upkeep]\n|upkeep\n|turn|4\n|\n|t:|1775974767\n|switch|p1a: Incineroar|Incineroar, L50, M|100/100\n|-ability|p1a: Incineroar|Intimidate|boost\n|-unboost|p2a: Pelipper|atk|1\n|-unboost|p2b: Basculegion|atk|1\n|switch|p2a: Archaludon|Archaludon, L50, F|100/100\n|move|p2b: Basculegion|Flip Turn|p1a: Incineroar\n|-supereffective|p1a: Incineroar|1\n|-damage|p1a: Incineroar|34/100\n|-enditem|p1a: Incineroar|Sitrus Berry|[eat]\n|-heal|p1a: Incineroar|59/100|[from] item: Sitrus Berry\n|\n|t:|1775974778\n|switch|p2b: Pelipper|Pelipper, L50, M|100/100 slp|[from] Flip Turn\n|move|p1b: Venusaur|Energy Ball|p2a: Archaludon\n|-resisted|p2a: Archaludon|2\n|-crit|p2a: Archaludon\n|-damage|p2a: Archaludon|80/100\n|-ability|p2a: Archaludon|Stamina|boost\n|-boost|p2a: Archaludon|def|1\n|\n|-weather|RainDance|[upkeep]\n|upkeep\n|turn|5\n|\n|t:|1775974794\n|switch|p2b: Basculegion|Basculegion, L50, M|36/100\n|move|p2a: Archaludon|Protect|p2a: Archaludon\n|-singleturn|p2a: Archaludon|Protect\n|move|p1a: Incineroar|Fake Out|p2a: Archaludon\n|-activate|p2a: Archaludon|move: Protect\n|move|p1b: Venusaur|Energy Ball|p2b: Basculegion\n|-supereffective|p2b: Basculegion|1\n|-damage|p2b: Basculegion|0 fnt\n|faint|p2b: Basculegion\n|\n|-weather|RainDance|[upkeep]\n|upkeep\n|\n|t:|1775974806\n|switch|p2b: Dragonite|Dragonite, L50, M|82/100\n|turn|6\n|\n|t:|1775974819\n|detailschange|p2b: Dragonite|Dragonite-Mega, L50, M\n|-mega|p2b: Dragonite|Dragonite|Dragoninite\n|move|p2b: Dragonite|Hurricane|p1b: Venusaur\n|-supereffective|p1b: Venusaur|1\n|-enditem|p1b: Venusaur|Focus Sash\n|-damage|p1b: Venusaur|1/100\n|move|p1b: Venusaur|Sleep Powder|p2a: Archaludon\n|-status|p2a: Archaludon|slp|[from] move: Sleep Powder\n|cant|p2a: Archaludon|slp\n|move|p1a: Incineroar|Parting Shot|p2b: Dragonite\n|-unboost|p2b: Dragonite|atk|1\n|-unboost|p2b: Dragonite|spa|1\n|\n|t:|1775974826\n|switch|p1a: Basculegion|Basculegion, L50, M|100/100|[from] Parting Shot\n|\n|-weather|RainDance|[upkeep]\n|upkeep\n|turn|7\n|\n|t:|1775974840\n|switch|p1b: Incineroar|Incineroar, L50, M|59/100\n|-ability|p1b: Incineroar|Intimidate|boost\n|-unboost|p2a: Archaludon|atk|1\n|-unboost|p2b: Dragonite|atk|1\n|move|p1a: Basculegion|Wave Crash|p2b: Dragonite\n|-resisted|p2b: Dragonite|1\n|-damage|p2b: Dragonite|30/100\n|-damage|p1a: Basculegion|86/100|[from] Recoil\n|move|p2b: Dragonite|Draco Meteor|p1a: Basculegion\n|-damage|p1a: Basculegion|24/100\n|-unboost|p2b: Dragonite|spa|2\n|-curestatus|p2a: Archaludon|slp|[msg]\n|move|p2a: Archaludon|Electro Shot||[still]\n|-prepare|p2a: Archaludon|Electro Shot\n|-boost|p2a: Archaludon|spa|1\n|-anim|p2a: Archaludon|Electro Shot|p1a: Basculegion\n|-supereffective|p1a: Basculegion|1\n|-damage|p1a: Basculegion|0 fnt\n|faint|p1a: Basculegion\n|\n|-weather|none\n|upkeep\n|\n|t:|1775974849\n|switch|p1a: Charizard|Charizard-Mega-Y, L50, M|16/100\n|-weather|SunnyDay|[from] ability: Drought|[of] p1a: Charizard\n|turn|8\n|\n|t:|1775974856\n|switch|p2a: Pelipper|Pelipper, L50, M|100/100 slp\n|-weather|RainDance|[from] ability: Drizzle|[of] p2a: Pelipper\n|move|p2b: Dragonite|Protect|p2b: Dragonite\n|-singleturn|p2b: Dragonite|Protect\n|move|p1a: Charizard|Protect|p1a: Charizard\n|-singleturn|p1a: Charizard|Protect\n|move|p1b: Incineroar|Flare Blitz|p2b: Dragonite\n|-activate|p2b: Dragonite|move: Protect\n|\n|-weather|RainDance|[upkeep]\n|upkeep\n|turn|9\n|\n|t:|1775974881\n|switch|p2a: Archaludon|Archaludon, L50, F|80/100\n|move|p1a: Charizard|Protect||[still]\n|-fail|p1a: Charizard\n|move|p2b: Dragonite|Hurricane|p1a: Charizard\n|-damage|p1a: Charizard|0 fnt\n|faint|p1a: Charizard\n|move|p1b: Incineroar|Flare Blitz|p2b: Dragonite\n|-resisted|p2b: Dragonite|1\n|-damage|p2b: Dragonite|18/100\n|-status|p2b: Dragonite|brn\n|-damage|p1b: Incineroar|56/100|[from] Recoil\n|\n|-weather|RainDance|[upkeep]\n|-damage|p2b: Dragonite|12/100 brn|[from] brn\n|upkeep\n|\n|t:|1775974887\n|switch|p1a: Venusaur|Venusaur, L50, M|1/100\n|turn|10\n|\n|t:|1775974902\n|move|p2b: Dragonite|Hurricane|p1a: Venusaur\n|-supereffective|p1a: Venusaur|1\n|-damage|p1a: Venusaur|0 fnt\n|faint|p1a: Venusaur\n|move|p2a: Archaludon|Electro Shot||[still]\n|-prepare|p2a: Archaludon|Electro Shot\n|-boost|p2a: Archaludon|spa|1\n|-anim|p2a: Archaludon|Electro Shot|p1b: Incineroar\n|-damage|p1b: Incineroar|0 fnt\n|faint|p1b: Incineroar\n|\n|win|jason986\n|raw|rikomustang's rating: 1102 &rarr; <strong>1077</strong><br />(-25 for losing)\n|raw|jason986's rating: 1106 &rarr; <strong>1131</strong><br />(+25 for winning)\n|l|\u2606rikomustang\n|player|p1|\n",
  "uploadtime": 1775974970,
  "views": 17,
  "formatid": "gen9championsvgc2026regma",
  "rating": 1077,
  "private": 0,
  "password": null
}