{
  "id": "gen9championsvgc2026regma-2583953410",
  "format": "[Gen 9 Champions] VGC 2026 Reg M-A",
  "players": [
    "hanxuatt",
    "BigRoflet"
  ],
  "log": "|j|\u2606hanxuatt\n|j|\u203dBigRoflet\n|t:|1776211347\n|gametype|doubles\n|player|p1|hanxuatt|1|1104\n|player|p2|BigRoflet|harlequin|1156\n|gen|9\n|tier|[Gen 9 Champions] VGC 2026 Reg M-A\n|rated|\n|rule|Species Clause: Limit one of each Pok\u00e9mon\n|rule|Item Clause: Limit 1 of each item\n|clearpoke\n|poke|p1|Incineroar, L50, F|\n|poke|p1|Gardevoir, L50, F|\n|poke|p1|Whimsicott, L50, F|\n|poke|p1|Maushold, L50|\n|poke|p1|Kingambit, L50, M|\n|poke|p1|Sneasler, L50, F|\n|poke|p2|Incineroar, L50, M|\n|poke|p2|Farigiraf, L50, M|\n|poke|p2|Aerodactyl, L50, M|\n|poke|p2|Archaludon, L50, M|\n|poke|p2|Alakazam, L50, M|\n|poke|p2|Chesnaught, L50, F|\n|teampreview|4\n|\n|t:|1776211371\n|teamsize|p1|4\n|teamsize|p2|4\n|start\n|switch|p1a: Gardevoir|Gardevoir, L50, F|100/100\n|switch|p1b: Maushold|Maushold, L50|100/100\n|switch|p2a: Farigiraf|Farigiraf, L50, M|100/100\n|switch|p2b: Incineroar|Incineroar, L50, M|100/100\n|-ability|p1a: Gardevoir|Intimidate|Trace|[from] ability: Trace|[of] p2b: Incineroar\n|-ability|p1a: Gardevoir|Intimidate|boost\n|-unboost|p2a: Farigiraf|atk|1\n|-unboost|p2b: Incineroar|atk|1\n|-ability|p2b: Incineroar|Intimidate|boost\n|-unboost|p1a: Gardevoir|atk|1\n|-unboost|p1b: Maushold|atk|1\n|turn|1\n|\n|t:|1776211389\n|detailschange|p1a: Gardevoir|Gardevoir-Mega, L50, F\n|-mega|p1a: Gardevoir|Gardevoir|Gardevoirite\n|move|p1b: Maushold|Super Fang|p2b: Incineroar|[miss]\n|-miss|p1b: Maushold|p2b: Incineroar\n|move|p2b: Incineroar|Parting Shot|p1a: Gardevoir\n|-unboost|p1a: Gardevoir|atk|1\n|-unboost|p1a: Gardevoir|spa|1\n|\n|t:|1776211400\n|switch|p2b: Archaludon|Archaludon, L50, M|100/100|[from] Parting Shot\n|move|p1a: Gardevoir|Trick Room|p1a: Gardevoir\n|-fieldstart|move: Trick Room|[of] p1a: Gardevoir\n|move|p2a: Farigiraf|Trick Room|p2a: Farigiraf\n|-fieldend|move: Trick Room\n|\n|upkeep\n|turn|2\n|\n|t:|1776211424\n|switch|p1a: Sneasler|Sneasler, L50, F|100/100\n|move|p1b: Maushold|Follow Me|p1b: Maushold\n|-singleturn|p1b: Maushold|move: Follow Me\n|move|p2b: Archaludon|Flash Cannon|p1b: Maushold\n|-damage|p1b: Maushold|52/100\n|move|p2a: Farigiraf|Hyper Voice|p1a: Sneasler|[spread] p1a,p1b\n|-damage|p1a: Sneasler|74/100\n|-damage|p1b: Maushold|24/100\n|\n|upkeep\n|turn|3\n|\n|t:|1776211448\n|switch|p2b: Incineroar|Incineroar, L50, M|100/100\n|-ability|p2b: Incineroar|Intimidate|boost\n|-unboost|p1a: Sneasler|atk|1\n|-unboost|p1b: Maushold|atk|1\n|-enditem|p1a: Sneasler|White Herb\n|-clearnegativeboost|p1a: Sneasler|[silent]\n|move|p1b: Maushold|Helping Hand|p1a: Sneasler\n|-singleturn|p1a: Sneasler|Helping Hand|[of] p1b: Maushold\n|move|p1a: Sneasler|Close Combat|p2b: Incineroar\n|-supereffective|p2b: Incineroar|1\n|-damage|p2b: Incineroar|0 fnt\n|-unboost|p1a: Sneasler|def|1\n|-unboost|p1a: Sneasler|spd|1\n|faint|p2b: Incineroar\n|move|p2a: Farigiraf|Trick Room|p2a: Farigiraf\n|-fieldstart|move: Trick Room|[of] p2a: Farigiraf\n|\n|upkeep\n|\n|t:|1776211465\n|switch|p2b: Archaludon|Archaludon, L50, M|100/100\n|turn|4\n|\n|t:|1776211477\n|move|p1b: Maushold|Follow Me|p1b: Maushold\n|-singleturn|p1b: Maushold|move: Follow Me\n|move|p2a: Farigiraf|Hyper Voice|p1a: Sneasler|[spread] p1a,p1b\n|-damage|p1a: Sneasler|34/100\n|-damage|p1b: Maushold|0 fnt\n|faint|p1b: Maushold\n|move|p2b: Archaludon|Flash Cannon|p1a: Sneasler\n|-damage|p1a: Sneasler|0 fnt\n|faint|p1a: Sneasler\n|\n|upkeep\n|\n|t:|1776211487\n|switch|p1b: Gardevoir|Gardevoir-Mega, L50, F|100/100\n|switch|p1a: Incineroar|Incineroar, L50, F|100/100\n|-ability|p1a: Incineroar|Intimidate|boost\n|-unboost|p2a: Farigiraf|atk|1\n|-unboost|p2b: Archaludon|atk|1\n|turn|5\n|\n|t:|1776211502\n|move|p2a: Farigiraf|Hyper Voice|p1b: Gardevoir|[spread] p1a,p1b\n|-damage|p1a: Incineroar|79/100\n|-damage|p1b: Gardevoir|81/100\n|move|p1a: Incineroar|Throat Chop|p2b: Archaludon\n|-damage|p2b: Archaludon|75/100\n|-start|p2b: Archaludon|Throat Chop|[silent]\n|-ability|p2b: Archaludon|Stamina|boost\n|-boost|p2b: Archaludon|def|1\n|move|p2b: Archaludon|Flash Cannon|p1b: Gardevoir\n|-supereffective|p1b: Gardevoir|1\n|-damage|p1b: Gardevoir|21/100\n|move|p1b: Gardevoir|Trick Room|p1b: Gardevoir\n|-fieldend|move: Trick Room\n|\n|-heal|p2b: Archaludon|81/100|[from] item: Leftovers\n|upkeep\n|turn|6\n|\n|t:|1776211518\n|move|p1b: Gardevoir|Hyper Voice|p2b: Archaludon|[spread] p2a,p2b\n|-damage|p2a: Farigiraf|55/100\n|-damage|p2b: Archaludon|30/100\n|-ability|p2b: Archaludon|Stamina|boost\n|-boost|p2b: Archaludon|def|1\n|move|p2b: Archaludon|Draco Meteor|p1a: Incineroar\n|-crit|p1a: Incineroar\n|-damage|p1a: Incineroar|0 fnt\n|-unboost|p2b: Archaludon|spa|2\n|faint|p1a: Incineroar\n|move|p2a: Farigiraf|Hyper Voice|p1b: Gardevoir\n|-damage|p1b: Gardevoir|0 fnt\n|faint|p1b: Gardevoir\n|\n|win|BigRoflet\n|raw|hanxuatt's rating: 1104 &rarr; <strong>1083</strong><br />(-21 for losing)\n|raw|BigRoflet's rating: 1156 &rarr; <strong>1177</strong><br />(+21 for winning)\n|l|\u2606hanxuatt\n|player|p1|\n",
  "uploadtime": 1776211529,
  "views": 14,
  "formatid": "gen9championsvgc2026regma",
  "rating": 1083,
  "private": 0,
  "password": null
}