{
  "id": "gen9championsvgc2026regma-2586719809",
  "format": "[Gen 9 Champions] VGC 2026 Reg M-A",
  "players": [
    "RenanVaz",
    "IanIsBored"
  ],
  "log": "|j|\u2606RenanVaz\n|j|\u203dIanIsBored\n|t:|1776454658\n|gametype|doubles\n|player|p1|RenanVaz|2|1088\n|player|p2|IanIsBored|ethan|1123\n|gen|9\n|tier|[Gen 9 Champions] VGC 2026 Reg M-A\n|rated|\n|rule|Species Clause: Limit one of each Pok\u00e9mon\n|rule|Item Clause: Limit 1 of each item\n|clearpoke\n|poke|p1|Aggron, L50, M|\n|poke|p1|Farigiraf, L50, F|\n|poke|p1|Sneasler, L50, M|\n|poke|p1|Sinistcha, L50|\n|poke|p1|Tyranitar, L50, M|\n|poke|p1|Rotom-Wash, L50|\n|poke|p2|Farigiraf, L50, F|\n|poke|p2|Kingambit, L50, F|\n|poke|p2|Sinistcha, L50|\n|poke|p2|Incineroar, L50, F|\n|poke|p2|Golurk, L50|\n|poke|p2|Primarina, L50, F|\n|teampreview|4\n|j| Thomatrix\n|inactive|Battle timer is ON: inactive players will automatically lose when time's up. (requested by RenanVaz)\n|inactive|RenanVaz has 60 seconds left.\nIanIsBored has agreed to open team sheets.\n|inactive|RenanVaz has 30 seconds left.\n|\n|t:|1776454737\n|teamsize|p1|4\n|teamsize|p2|4\n|start\n|switch|p1a: Aggron|Aggron, L50, M|100/100\n|switch|p1b: Sneasler|Sneasler, L50, M|100/100\n|switch|p2a: Farigiraf|Farigiraf, L50, F|100/100\n|switch|p2b: Incineroar|Incineroar, L50, F|100/100\n|-ability|p2b: Incineroar|Intimidate|boost\n|-unboost|p1a: Aggron|atk|1\n|-unboost|p1b: Sneasler|atk|1\n|turn|1\n|inactive|RenanVaz has 30 seconds left.\n|l| Thomatrix\n|inactive|RenanVaz has 20 seconds left.\n|inactive|RenanVaz has 15 seconds left.\n|inactive|RenanVaz has 10 seconds left.\n|\n|t:|1776454786\n|detailschange|p1a: Aggron|Aggron-Mega, L50, M\n|-mega|p1a: Aggron|Aggron|Aggronite\n|move|p1a: Aggron|Protect|p1a: Aggron\n|-singleturn|p1a: Aggron|Protect\n|move|p2b: Incineroar|Fake Out|p1b: Sneasler\n|-damage|p1b: Sneasler|83/100\n|cant|p1b: Sneasler|flinch\n|move|p2a: Farigiraf|Trick Room|p2a: Farigiraf\n|-fieldstart|move: Trick Room|[of] p2a: Farigiraf\n|\n|upkeep\n|turn|2\n|\n|t:|1776454801\n|switch|p1b: Rotom|Rotom-Wash, L50|100/100\n|move|p1a: Aggron|Rock Slide|p2b: Incineroar|[spread] p2a,p2b\n|-supereffective|p2b: Incineroar|1\n|-damage|p2a: Farigiraf|88/100\n|-damage|p2b: Incineroar|77/100\n|move|p2a: Farigiraf|Psychic|p1b: Rotom\n|-damage|p1b: Rotom|57/100\n|move|p2b: Incineroar|Parting Shot|p1a: Aggron\n|-unboost|p1a: Aggron|atk|1\n|-unboost|p1a: Aggron|spa|1\n|\n|t:|1776454816\n|switch|p2b: Golurk|Golurk, L50|100/100|[from] Parting Shot\n|\n|upkeep\n|turn|3\n|\n|t:|1776454831\n|detailschange|p2b: Golurk|Golurk-Mega, L50\n|-mega|p2b: Golurk|Golurk|Golurkite\n|move|p1a: Aggron|Heavy Slam|p2a: Farigiraf\n|-damage|p2a: Farigiraf|73/100\n|move|p2a: Farigiraf|Psychic|p1b: Rotom\n|-damage|p1b: Rotom|11/100\n|move|p2b: Golurk|Headlong Rush|p1a: Aggron\n|-supereffective|p1a: Aggron|1\n|-damage|p1a: Aggron|41/100\n|-unboost|p2b: Golurk|def|1\n|-unboost|p2b: Golurk|spd|1\n|move|p1b: Rotom|Will-O-Wisp|p2b: Golurk\n|-status|p2b: Golurk|brn\n|\n|-damage|p2b: Golurk|94/100 brn|[from] brn\n|upkeep\n|turn|4\n|inactive|IanIsBored has 30 seconds left.\n|\n|t:|1776454857\n|switch|p1b: Sinistcha|Sinistcha, L50|100/100\n|-heal|p1a: Aggron|66/100|[from] ability: Hospitality|[of] p1b: Sinistcha\n|move|p1a: Aggron|Iron Defense|p1a: Aggron\n|-boost|p1a: Aggron|def|2\n|move|p2a: Farigiraf|Hyper Voice|p1b: Sinistcha|[spread] p1a\n|-immune|p1b: Sinistcha\n|-resisted|p1a: Aggron|1\n|-damage|p1a: Aggron|49/100\n|move|p2b: Golurk|Headlong Rush|p1a: Aggron\n|-supereffective|p1a: Aggron|1\n|-damage|p1a: Aggron|35/100\n|-unboost|p2b: Golurk|def|1\n|-unboost|p2b: Golurk|spd|1\n|\n|-damage|p2b: Golurk|88/100 brn|[from] brn\n|upkeep\n|turn|5\n|\n|t:|1776454880\n|switch|p2a: Kingambit|Kingambit, L50, F|100/100\n|move|p1a: Aggron|Heavy Slam|p2a: Kingambit\n|-resisted|p2a: Kingambit|1\n|-damage|p2a: Kingambit|94/100\n|move|p2b: Golurk|Headlong Rush|p1a: Aggron\n|-supereffective|p1a: Aggron|1\n|-damage|p1a: Aggron|21/100\n|-unboost|p2b: Golurk|def|1\n|-unboost|p2b: Golurk|spd|1\n|move|p1b: Sinistcha|Matcha Gotcha|p2a: Kingambit|[spread] p2a,p2b\n|-resisted|p2a: Kingambit|1\n|-supereffective|p2b: Golurk|1\n|-damage|p2a: Kingambit|82/100\n|-damage|p2b: Golurk|0 fnt\n|faint|p2b: Golurk\n|\n|-fieldend|move: Trick Room\n|upkeep\n|\n|t:|1776454893\n|switch|p2b: Incineroar|Incineroar, L50, F|77/100\n|-ability|p2b: Incineroar|Intimidate|boost\n|-unboost|p1a: Aggron|atk|1\n|-unboost|p1b: Sinistcha|atk|1\n|turn|6\n|\n|t:|1776454905\n|switch|p1b: Rotom|Rotom-Wash, L50|11/100\n|move|p1a: Aggron|Protect|p1a: Aggron\n|-singleturn|p1a: Aggron|Protect\n|move|p2b: Incineroar|Fake Out|p1a: Aggron\n|-activate|p1a: Aggron|move: Protect\n|move|p2a: Kingambit|Kowtow Cleave|p1b: Rotom\n|-damage|p1b: Rotom|0 fnt\n|faint|p1b: Rotom\n|\n|upkeep\n|\n|t:|1776454915\n|switch|p1b: Sinistcha|Sinistcha, L50|100/100\n|-heal|p1a: Aggron|46/100|[from] ability: Hospitality|[of] p1b: Sinistcha\n|turn|7\n|\n|t:|1776454939\n|move|p1b: Sinistcha|Protect|p1b: Sinistcha\n|-singleturn|p1b: Sinistcha|Protect\n|move|p2b: Incineroar|Heat Wave|p1b: Sinistcha|[spread] p1a\n|-activate|p1b: Sinistcha|move: Protect\n|-supereffective|p1a: Aggron|1\n|-damage|p1a: Aggron|0 fnt\n|faint|p1a: Aggron\n|move|p2a: Kingambit|Brick Break|p1b: Sinistcha\n|-activate|p1b: Sinistcha|move: Protect\n|\n|upkeep\n|\n|t:|1776454949\n|switch|p1a: Sneasler|Sneasler, L50, M|83/100\n|turn|8\n|inactive|RenanVaz has 30 seconds left.\n|\n|t:|1776454974\n|switch|p2a: Farigiraf|Farigiraf, L50, F|73/100\n|move|p1a: Sneasler|Close Combat|p2a: Farigiraf\n|-damage|p2a: Farigiraf|5/100\n|-unboost|p1a: Sneasler|def|1\n|-unboost|p1a: Sneasler|spd|1\n|move|p1b: Sinistcha|Matcha Gotcha|p2b: Incineroar|[spread] p2a,p2b\n|-resisted|p2b: Incineroar|1\n|-damage|p2a: Farigiraf|0 fnt\n|-damage|p2b: Incineroar|65/100\n|faint|p2a: Farigiraf\n|move|p2b: Incineroar|Heat Wave|p1b: Sinistcha|[spread] p1a,p1b\n|-crit|p1a: Sneasler\n|-supereffective|p1b: Sinistcha|1\n|-damage|p1a: Sneasler|0 fnt\n|-damage|p1b: Sinistcha|29/100\n|faint|p1a: Sneasler\n|\n|-heal|p1b: Sinistcha|35/100|[from] item: Leftovers\n|upkeep\n|\n|t:|1776454982\n|switch|p2a: Kingambit|Kingambit, L50, F|82/100\n|turn|9\n|\n|t:|1776454992\n|move|p2a: Kingambit|Sucker Punch|p1b: Sinistcha\n|-supereffective|p1b: Sinistcha|1\n|-damage|p1b: Sinistcha|0 fnt\n|faint|p1b: Sinistcha\n|\n|win|IanIsBored\n|raw|RenanVaz's rating: 1088 &rarr; <strong>1067</strong><br />(-21 for losing)\n|raw|IanIsBored's rating: 1123 &rarr; <strong>1145</strong><br />(+22 for winning)\n|l|\u2606RenanVaz\n|player|p1|\n",
  "uploadtime": 1776455005,
  "views": 26,
  "formatid": "gen9championsvgc2026regma",
  "rating": 1067,
  "private": 0,
  "password": null
}