{
  "id": "gen9championsvgc2026regma-2581456089",
  "format": "[Gen 9 Champions] VGC 2026 Reg M-A",
  "players": [
    "Quaza15",
    "zoroblue"
  ],
  "log": "|j|\u2606Quaza15\n|j|\u2606zoroblue\n|t:|1776002169\n|gametype|doubles\n|player|p1|Quaza15|ruinmaniac|1243\n|player|p2|zoroblue|shadowtriad|1256\n|gen|9\n|tier|[Gen 9 Champions] VGC 2026 Reg M-A\n|rated|\n|rule|Species Clause: Limit one of each Pok\u00e9mon\n|rule|Item Clause: Limit 1 of each item\n|clearpoke\n|poke|p1|Incineroar, L50, M|\n|poke|p1|Floette-Eternal, L50, F|\n|poke|p1|Sableye, L50, M|\n|poke|p1|Farigiraf, L50, F|\n|poke|p1|Sneasler, L50, M|\n|poke|p1|Garchomp, L50, M|\n|poke|p2|Tyranitar, L50, M|\n|poke|p2|Corviknight, L50, M|\n|poke|p2|Rotom-Wash, L50|\n|poke|p2|Excadrill, L50, M|\n|poke|p2|Delphox, L50, M|\n|poke|p2|Garchomp, L50, F|\n|teampreview|4\n|inactive|Battle timer is ON: inactive players will automatically lose when time's up. (requested by zoroblue)\n|\n|t:|1776002215\n|teamsize|p1|4\n|teamsize|p2|4\n|start\n|switch|p1a: Floette|Floette-Eternal, L50, F|100/100\n|switch|p1b: Sableye|Sableye, L50, M|100/100\n|switch|p2a: Corviknight|Corviknight, L50, M|100/100\n|switch|p2b: Rotom|Rotom-Wash, L50, shiny|100/100\n|turn|1\n|\n|t:|1776002229\n|detailschange|p1a: Floette|Floette-Mega, L50, F\n|-mega|p1a: Floette|Floette|Floettite\n|-ability|p1a: Floette|Fairy Aura\n|move|p1b: Sableye|Reflect|p1b: Sableye\n|-sidestart|p1: Quaza15|Reflect\n|move|p1a: Floette|Calm Mind|p1a: Floette\n|-boost|p1a: Floette|spa|1\n|-boost|p1a: Floette|spd|1\n|move|p2b: Rotom|Volt Switch|p1b: Sableye\n|-damage|p1b: Sableye|68/100\n|\n|t:|1776002238\n|switch|p2b: Garchomp|Garchomp, L50, F|100/100|[from] Volt Switch\n|move|p2a: Corviknight|Brave Bird|p1a: Floette\n|-damage|p1a: Floette|69/100\n|-damage|p2a: Corviknight|92/100|[from] Recoil\n|\n|-heal|p2a: Corviknight|98/100|[from] item: Leftovers\n|upkeep\n|turn|2\n|\n|t:|1776002256\n|move|p2b: Garchomp|Stomping Tantrum|p1a: Floette\n|-damage|p1a: Floette|38/100\n|move|p1a: Floette|Dazzling Gleam|p2a: Corviknight|[spread] p2a,p2b\n|-resisted|p2a: Corviknight|1\n|-supereffective|p2b: Garchomp|1\n|-damage|p2a: Corviknight|75/100\n|-damage|p2b: Garchomp|0 fnt\n|faint|p2b: Garchomp\n|move|p2a: Corviknight|Bulk Up|p2a: Corviknight\n|-boost|p2a: Corviknight|atk|1\n|-boost|p2a: Corviknight|def|1\n|move|p1b: Sableye|Night Shade|p2a: Corviknight\n|-damage|p2a: Corviknight|50/100\n|\n|-heal|p2a: Corviknight|56/100|[from] item: Leftovers\n|upkeep\n|\n|t:|1776002276\n|switch|p2b: Delphox|Delphox, L50, M|100/100\n|turn|3\n|\n|t:|1776002289\n|detailschange|p2b: Delphox|Delphox-Mega, L50, M\n|-mega|p2b: Delphox|Delphox|Delphoxite\n|move|p1b: Sableye|Encore|p2a: Corviknight\n|-start|p2a: Corviknight|Encore\n|move|p2b: Delphox|Nasty Plot|p2b: Delphox\n|-boost|p2b: Delphox|spa|2\n|move|p1a: Floette|Dazzling Gleam|p2a: Corviknight|[spread] p2a,p2b\n|-resisted|p2a: Corviknight|1\n|-resisted|p2b: Delphox|1\n|-damage|p2a: Corviknight|33/100\n|-damage|p2b: Delphox|69/100\n|move|p2a: Corviknight|Bulk Up|p2a: Corviknight\n|-boost|p2a: Corviknight|atk|1\n|-boost|p2a: Corviknight|def|1\n|\n|-heal|p2a: Corviknight|39/100|[from] item: Leftovers\n|upkeep\n|turn|4\n|\n|t:|1776002310\n|move|p2b: Delphox|Protect|p2b: Delphox\n|-singleturn|p2b: Delphox|Protect\n|move|p1b: Sableye|Encore|p2b: Delphox\n|-activate|p2b: Delphox|move: Protect\n|move|p1a: Floette|Moonblast|p2a: Corviknight\n|-resisted|p2a: Corviknight|1\n|-damage|p2a: Corviknight|4/100\n|move|p2a: Corviknight|Bulk Up|p2a: Corviknight\n|-boost|p2a: Corviknight|atk|1\n|-boost|p2a: Corviknight|def|1\n|\n|-heal|p2a: Corviknight|10/100|[from] item: Leftovers\n|upkeep\n|turn|5\n|\n|t:|1776002318\n|move|p1b: Sableye|Encore|p2b: Delphox\n|-start|p2b: Delphox|Encore\n|move|p2b: Delphox|Protect||[still]\n|-fail|p2b: Delphox\n|move|p1a: Floette|Dazzling Gleam|p2b: Delphox|[spread] p2a,p2b\n|-resisted|p2a: Corviknight|1\n|-resisted|p2b: Delphox|1\n|-damage|p2a: Corviknight|0 fnt\n|-damage|p2b: Delphox|39/100\n|faint|p2a: Corviknight\n|\n|-sideend|p1: Quaza15|Reflect\n|upkeep\n|\n|t:|1776002321\n|switch|p2a: Rotom|Rotom-Wash, L50, shiny|100/100\n|turn|6\n|\n|t:|1776002330\n|move|p2b: Delphox|Protect|p2b: Delphox\n|-singleturn|p2b: Delphox|Protect\n|move|p1a: Floette|Moonblast|p2a: Rotom\n|-damage|p2a: Rotom|22/100\n|-enditem|p2a: Rotom|Sitrus Berry|[eat]\n|-heal|p2a: Rotom|47/100|[from] item: Sitrus Berry\n|move|p2a: Rotom|Hydro Pump|p1a: Floette|[miss]\n|-miss|p2a: Rotom|p1a: Floette\n|move|p1b: Sableye|Night Shade|p2a: Rotom\n|-damage|p2a: Rotom|14/100\n|\n|upkeep\n|turn|7\n|-message|zoroblue forfeited.\n|\n|win|Quaza15\n|raw|Quaza15's rating: 1243 &rarr; <strong>1269</strong><br />(+26 for winning)\n|raw|zoroblue's rating: 1256 &rarr; <strong>1230</strong><br />(-26 for losing)\n",
  "uploadtime": 1776002340,
  "views": 23,
  "formatid": "gen9championsvgc2026regma",
  "rating": 1230,
  "private": 0,
  "password": null
}