{
  "id": "gen9championsvgc2026regma-2587971694",
  "format": "[Gen 9 Champions] VGC 2026 Reg M-A",
  "players": [
    "frog daddy",
    "tabib000999"
  ],
  "log": "|j|\u2606frog daddy\n|j|\u2606tabib000999\n|t:|1776586825\n|gametype|doubles\n|player|p1|frog daddy|preschooler|1040\n|player|p2|tabib000999|beauty-gen4dp|1041\n|gen|9\n|tier|[Gen 9 Champions] VGC 2026 Reg M-A\n|rated|\n|rule|Species Clause: Limit one of each Pok\u00e9mon\n|rule|Item Clause: Limit 1 of each item\n|clearpoke\n|poke|p1|Scovillain, L50, F|\n|poke|p1|Clefable, L50, M|\n|poke|p1|Ninetales-Alola, L50, F|\n|poke|p1|Garchomp, L50, F|\n|poke|p1|Sneasler, L50, F|\n|poke|p1|Greninja, L50, F|\n|poke|p2|Starmie, L50, shiny|\n|poke|p2|Tyranitar, L50, F, shiny|\n|poke|p2|Aegislash, L50, M, shiny|\n|poke|p2|Garchomp, L50, M, shiny|\n|poke|p2|Aerodactyl, L50, M, shiny|\n|poke|p2|Rotom-Heat, L50, shiny|\n|teampreview|4\n|\n|t:|1776586862\n|teamsize|p1|4\n|teamsize|p2|4\n|start\n|switch|p1a: Ninetales|Ninetales-Alola, L50, F|100/100\n|switch|p1b: Greninja|Greninja, L50, F|100/100\n|switch|p2a: Aerodactyl|Aerodactyl, L50, M, shiny|100/100\n|switch|p2b: Aegislash|Aegislash, L50, M, shiny|100/100\n|-ability|p2a: Aerodactyl|Unnerve\n|-weather|Snowscape|[from] ability: Snow Warning|[of] p1a: Ninetales\n|turn|1\n|\n|t:|1776586881\n|move|p2b: Aegislash|King's Shield|p2b: Aegislash\n|-singleturn|p2b: Aegislash|Protect\n|move|p2a: Aerodactyl|Tailwind|p2a: Aerodactyl\n|-sidestart|p2: tabib000999|move: Tailwind\n|move|p1b: Greninja|Dark Pulse|p2b: Aegislash\n|-start|p1b: Greninja|typechange|Dark|[from] ability: Protean\n|-activate|p2b: Aegislash|move: Protect\n|move|p1a: Ninetales|Blizzard|p2b: Aegislash|[spread] p2a\n|-activate|p2b: Aegislash|move: Protect\n|-supereffective|p2a: Aerodactyl|1\n|-damage|p2a: Aerodactyl|26/100\n|\n|-weather|Snowscape|[upkeep]\n|upkeep\n|turn|2\n|\n|t:|1776586906\n|switch|p2a: Tyranitar|Tyranitar, L50, F, shiny|100/100\n|-weather|Sandstorm|[from] ability: Sand Stream|[of] p2a: Tyranitar\n|move|p1b: Greninja|Water Shuriken|p2a: Tyranitar\n|-supereffective|p2a: Tyranitar|1\n|-damage|p2a: Tyranitar|94/100\n|-supereffective|p2a: Tyranitar|1\n|-damage|p2a: Tyranitar|87/100\n|-hitcount|p2a: Tyranitar|2\n|-formechange|p2b: Aegislash|Aegislash-Blade|\n|move|p2b: Aegislash|Flash Cannon|p1a: Ninetales\n|-supereffective|p1a: Ninetales|2\n|-enditem|p1a: Ninetales|Focus Sash\n|-damage|p1a: Ninetales|1/100\n|move|p1a: Ninetales|Encore|p2b: Aegislash\n|-start|p2b: Aegislash|Encore\n|\n|-weather|Sandstorm|[upkeep]\n|-damage|p1b: Greninja|94/100|[from] Sandstorm\n|-damage|p1a: Ninetales|0 fnt|[from] Sandstorm\n|faint|p1a: Ninetales\n|upkeep\n|\n|t:|1776586919\n|switch|p1a: Clefable|Clefable, L50, M|100/100\n|turn|3\n|\n|t:|1776586937\n|move|p2a: Tyranitar|Low Kick|p1b: Greninja\n|-supereffective|p1b: Greninja|1\n|-damage|p1b: Greninja|28/100\n|move|p2b: Aegislash|Flash Cannon|p1a: Clefable\n|-supereffective|p1a: Clefable|1\n|-damage|p1a: Clefable|31/100\n|move|p1b: Greninja|Flip Turn|p2a: Tyranitar\n|-supereffective|p2a: Tyranitar|1\n|-damage|p2a: Tyranitar|64/100\n|\n|t:|1776586944\n|switch|p1b: Scovillain|Scovillain, L50, F|100/100|[from] Flip Turn\n|move|p1a: Clefable|Calm Mind|p1a: Clefable\n|-boost|p1a: Clefable|spa|1\n|-boost|p1a: Clefable|spd|1\n|\n|-weather|Sandstorm|[upkeep]\n|-damage|p1b: Scovillain|95/100|[from] Sandstorm\n|-heal|p1a: Clefable|37/100|[from] item: Leftovers\n|-ability|p1b: Scovillain|Moody|boost\n|-boost|p1b: Scovillain|def|2\n|-unboost|p1b: Scovillain|spa|1\n|upkeep\n|turn|4\n|l|\u2606tabib000999\n|player|p2|\n|j|\u2606tabib000999\n|player|p2|tabib000999|beauty-gen4dp|\n|\n|t:|1776586996\n|detailschange|p1b: Scovillain|Scovillain-Mega, L50, F\n|-mega|p1b: Scovillain|Scovillain|Scovillainite\n|move|p1b: Scovillain|Rage Powder|p1b: Scovillain\n|-singleturn|p1b: Scovillain|move: Rage Powder\n|move|p2a: Tyranitar|Low Kick|p1b: Scovillain\n|-damage|p1b: Scovillain|88/100\n|-status|p2a: Tyranitar|brn|[from] ability: Spicy Spray|[of] p1b: Scovillain\n|move|p2b: Aegislash|Flash Cannon|p1b: Scovillain\n|-resisted|p1b: Scovillain|1\n|-damage|p1b: Scovillain|65/100\n|-status|p2b: Aegislash|brn|[from] ability: Spicy Spray|[of] p1b: Scovillain\n|move|p1a: Clefable|Draining Kiss|p2a: Tyranitar\n|-supereffective|p2a: Tyranitar|1\n|-damage|p2a: Tyranitar|30/100 brn\n|-heal|p1a: Clefable|59/100|[from] drain|[of] p2a: Tyranitar\n|\n|-weather|Sandstorm|[upkeep]\n|-damage|p1b: Scovillain|59/100|[from] Sandstorm\n|-heal|p1a: Clefable|65/100|[from] item: Leftovers\n|-damage|p2a: Tyranitar|24/100 brn|[from] brn\n|-damage|p2b: Aegislash|95/100 brn|[from] brn\n|-sideend|p2: tabib000999|move: Tailwind\n|upkeep\n|turn|5\n|\n|t:|1776587032\n|switch|p2a: Starmie|Starmie, L50, shiny|100/100\n|move|p1b: Scovillain|Rage Powder|p1b: Scovillain\n|-singleturn|p1b: Scovillain|move: Rage Powder\n|move|p2b: Aegislash|Flash Cannon|p1b: Scovillain\n|-resisted|p1b: Scovillain|1\n|-damage|p1b: Scovillain|35/100\n|move|p1a: Clefable|Draining Kiss|p2a: Starmie\n|-damage|p2a: Starmie|59/100\n|-heal|p1a: Clefable|87/100|[from] drain|[of] p2a: Starmie\n|\n|-weather|Sandstorm|[upkeep]\n|-damage|p2a: Starmie|53/100|[from] Sandstorm\n|-damage|p1b: Scovillain|29/100|[from] Sandstorm\n|-heal|p2b: Aegislash|100/100 brn|[from] item: Leftovers\n|-heal|p1a: Clefable|93/100|[from] item: Leftovers\n|-damage|p2b: Aegislash|95/100 brn|[from] brn\n|-end|p2b: Aegislash|Encore\n|upkeep\n|turn|6\n|\n|t:|1776587057\n|detailschange|p2a: Starmie|Starmie-Mega, L50, shiny\n|-mega|p2a: Starmie|Starmie|Starminite\n|move|p1a: Clefable|Follow Me|p1a: Clefable\n|-singleturn|p1a: Clefable|move: Follow Me\n|move|p2a: Starmie|Liquidation|p1a: Clefable\n|-damage|p1a: Clefable|24/100\n|move|p2b: Aegislash|Flash Cannon|p1a: Clefable\n|-supereffective|p1a: Clefable|1\n|-damage|p1a: Clefable|0 fnt\n|faint|p1a: Clefable\n|move|p1b: Scovillain|Giga Drain|p2a: Starmie\n|-supereffective|p2a: Starmie|1\n|-damage|p2a: Starmie|0 fnt\n|-heal|p1b: Scovillain|50/100|[from] drain|[of] p2a: Starmie\n|faint|p2a: Starmie\n|\n|-weather|none\n|-heal|p2b: Aegislash|100/100 brn|[from] item: Leftovers\n|-damage|p2b: Aegislash|95/100 brn|[from] brn\n|upkeep\n|\n|t:|1776587074\n|switch|p2a: Aerodactyl|Aerodactyl, L50, M, shiny|26/100\n|switch|p1a: Greninja|Greninja, L50, F|28/100\n|-ability|p2a: Aerodactyl|Unnerve\n|turn|7\n|\n|t:|1776587098\n|-formechange|p2b: Aegislash|Aegislash|\n|move|p2b: Aegislash|King's Shield|p2b: Aegislash\n|-singleturn|p2b: Aegislash|Protect\n|move|p1a: Greninja|Water Shuriken|p2a: Aerodactyl\n|-start|p1a: Greninja|typechange|Water|[from] ability: Protean\n|-supereffective|p2a: Aerodactyl|1\n|-damage|p2a: Aerodactyl|5/100\n|-supereffective|p2a: Aerodactyl|1\n|-damage|p2a: Aerodactyl|0 fnt\n|faint|p2a: Aerodactyl\n|-hitcount|p2: Aerodactyl|2\n|move|p1b: Scovillain|Flamethrower|p2b: Aegislash\n|-activate|p2b: Aegislash|move: Protect\n|\n|-heal|p2b: Aegislash|100/100 brn|[from] item: Leftovers\n|-damage|p2b: Aegislash|95/100 brn|[from] brn\n|upkeep\n|\n|t:|1776587114\n|switch|p2a: Tyranitar|Tyranitar, L50, F, shiny|24/100 brn\n|-weather|Sandstorm|[from] ability: Sand Stream|[of] p2a: Tyranitar\n|turn|8\n|\n|t:|1776587132\n|move|p1a: Greninja|Water Shuriken|p2a: Tyranitar\n|-supereffective|p2a: Tyranitar|1\n|-damage|p2a: Tyranitar|14/100 brn\n|-supereffective|p2a: Tyranitar|1\n|-damage|p2a: Tyranitar|3/100 brn\n|-supereffective|p2a: Tyranitar|1\n|-damage|p2a: Tyranitar|0 fnt\n|faint|p2a: Tyranitar\n|-hitcount|p2: Tyranitar|3\n|-formechange|p2b: Aegislash|Aegislash-Blade|\n|move|p2b: Aegislash|Shadow Ball|p1a: Greninja\n|-damage|p1a: Greninja|0 fnt\n|faint|p1a: Greninja\n|move|p1b: Scovillain|Leech Seed|p2b: Aegislash\n|-start|p2b: Aegislash|move: Leech Seed\n|\n|-weather|Sandstorm|[upkeep]\n|-damage|p1b: Scovillain|44/100|[from] Sandstorm\n|-heal|p2b: Aegislash|100/100 brn|[from] item: Leftovers\n|-damage|p2b: Aegislash|89/100 brn|[from] Leech Seed|[of] p1b: Scovillain\n|-heal|p1b: Scovillain|53/100|[silent]\n|-damage|p2b: Aegislash|83/100 brn|[from] brn\n|upkeep\n|turn|9\n|\n|t:|1776587155\n|move|p2b: Aegislash|Shadow Ball|p1b: Scovillain\n|-damage|p1b: Scovillain|5/100\n|move|p1b: Scovillain|Flamethrower|p2b: Aegislash\n|-supereffective|p2b: Aegislash|1\n|-damage|p2b: Aegislash|0 fnt\n|faint|p2b: Aegislash\n|\n|win|frog daddy\n|raw|frog daddy's rating: 1040 &rarr; <strong>1074</strong><br />(+34 for winning)\n|raw|tabib000999's rating: 1041 &rarr; <strong>1025</strong><br />(-16 for losing)\n",
  "uploadtime": 1776587167,
  "views": 13,
  "formatid": "gen9championsvgc2026regma",
  "rating": 1025,
  "private": 0,
  "password": null
}