{
  "id": "gen9championsvgc2026regma-2585393545",
  "format": "[Gen 9 Champions] VGC 2026 Reg M-A",
  "players": [
    "astonmaachan",
    "winronronwin"
  ],
  "log": "|j|\u2606astonmaachan\n|j|\u2606winronronwin\n|t:|1776343996\n|gametype|doubles\n|player|p1|astonmaachan|doctor|1171\n|player|p2|winronronwin|hilda|1082\n|gen|9\n|tier|[Gen 9 Champions] VGC 2026 Reg M-A\n|rated|\n|rule|Species Clause: Limit one of each Pok\u00e9mon\n|rule|Item Clause: Limit 1 of each item\n|clearpoke\n|poke|p1|Golurk, L50|\n|poke|p1|Hatterene, L50, F|\n|poke|p1|Oranguru, L50, M|\n|poke|p1|Clefable, L50, F|\n|poke|p1|Hydreigon, L50, M|\n|poke|p1|Torkoal, L50, M|\n|poke|p2|Delphox, L50, F|\n|poke|p2|Incineroar, L50, F|\n|poke|p2|Garchomp, L50, M|\n|poke|p2|Clefable, L50, F|\n|poke|p2|Sneasler, L50, M|\n|poke|p2|Rotom-Wash, L50|\n|teampreview|4\n|\n|t:|1776344021\n|teamsize|p1|4\n|teamsize|p2|4\n|start\n|switch|p1a: Oranguru|Oranguru, L50, M|100/100\n|switch|p1b: Golurk|Golurk, L50|100/100\n|switch|p2a: Incineroar|Incineroar, L50, F, shiny|100/100\n|switch|p2b: Sneasler|Sneasler, L50, M|100/100\n|-ability|p2a: Incineroar|Intimidate|boost\n|-fail|p1a: Oranguru|unboost|Attack|[from] ability: Inner Focus|[of] p1a: Oranguru\n|-unboost|p1b: Golurk|atk|1\n|turn|1\n|\n|t:|1776344047\n|move|p1b: Golurk|Protect|p1b: Golurk\n|-singleturn|p1b: Golurk|Protect\n|move|p2b: Sneasler|Fake Out|p1a: Oranguru\n|-damage|p1a: Oranguru|88/100\n|move|p2a: Incineroar|Darkest Lariat|p1a: Oranguru\n|-supereffective|p1a: Oranguru|1\n|-damage|p1a: Oranguru|20/100\n|move|p1a: Oranguru|Trick Room|p1a: Oranguru\n|-fieldstart|move: Trick Room|[of] p1a: Oranguru\n|\n|upkeep\n|turn|2\n|\n|t:|1776344064\n|move|p1b: Golurk|Headlong Rush|p2a: Incineroar\n|-supereffective|p2a: Incineroar|1\n|-damage|p2a: Incineroar|19/100\n|-unboost|p1b: Golurk|def|1\n|-unboost|p1b: Golurk|spd|1\n|-enditem|p2a: Incineroar|Sitrus Berry|[eat]\n|-heal|p2a: Incineroar|44/100|[from] item: Sitrus Berry\n|move|p1a: Oranguru|Psychic|p2b: Sneasler\n|-supereffective|p2b: Sneasler|2\n|-damage|p2b: Sneasler|0 fnt\n|faint|p2b: Sneasler\n|move|p2a: Incineroar|Darkest Lariat|p1a: Oranguru\n|-supereffective|p1a: Oranguru|1\n|-crit|p1a: Oranguru\n|-damage|p1a: Oranguru|0 fnt\n|faint|p1a: Oranguru\n|\n|upkeep\n|\n|t:|1776344073\n|switch|p1a: Clefable|Clefable, L50, F|100/100\n|switch|p2b: Garchomp|Garchomp, L50, M, shiny|100/100\n|turn|3\n|\n|t:|1776344084\n|detailschange|p1b: Golurk|Golurk-Mega, L50\n|-mega|p1b: Golurk|Golurk|Golurkite\n|move|p1b: Golurk|Headlong Rush|p2a: Incineroar\n|-supereffective|p2a: Incineroar|1\n|-damage|p2a: Incineroar|0 fnt\n|-unboost|p1b: Golurk|def|1\n|-unboost|p1b: Golurk|spd|1\n|faint|p2a: Incineroar\n|move|p1a: Clefable|Moonblast|p2b: Garchomp\n|-supereffective|p2b: Garchomp|1\n|-damage|p2b: Garchomp|25/100\n|move|p2b: Garchomp|Rock Slide|p1b: Golurk|[spread] p1a,p1b\n|-resisted|p1b: Golurk|1\n|-damage|p1a: Clefable|86/100\n|-damage|p1b: Golurk|84/100\n|\n|-heal|p1a: Clefable|92/100|[from] item: Leftovers\n|upkeep\n|inactive|Battle timer is ON: inactive players will automatically lose when time's up. (requested by astonmaachan)\n|\n|t:|1776344101\n|switch|p2a: Delphox|Delphox, L50, F, shiny|100/100\n|turn|4\n|\n|t:|1776344126\n|detailschange|p2a: Delphox|Delphox-Mega, L50, F, shiny\n|-mega|p2a: Delphox|Delphox|Delphoxite\n|move|p1a: Clefable|Helping Hand|p1b: Golurk\n|-singleturn|p1b: Golurk|Helping Hand|[of] p1a: Clefable\n|move|p2a: Delphox|Protect|p2a: Delphox\n|-singleturn|p2a: Delphox|Protect\n|move|p1b: Golurk|Thunder Punch|p2a: Delphox\n|-ability|p1b: Golurk|Unseen Fist\n|-zbroken|p2a: Delphox\n|-damage|p2a: Delphox|89/100\n|move|p2b: Garchomp|Rock Slide|p1b: Golurk|[spread] p1a,p1b\n|-resisted|p1b: Golurk|1\n|-damage|p1a: Clefable|75/100\n|-damage|p1b: Golurk|65/100\n|\n|-heal|p1a: Clefable|81/100|[from] item: Leftovers\n|upkeep\n|turn|5\n|inactive|winronronwin has 30 seconds left.\n|inactive|astonmaachan has 30 seconds left.\n|inactive|winronronwin has 20 seconds left.\n|\n|t:|1776344167\n|move|p1a: Clefable|Helping Hand|p1b: Golurk\n|-singleturn|p1b: Golurk|Helping Hand|[of] p1a: Clefable\n|move|p1b: Golurk|Headlong Rush|p2b: Garchomp\n|-damage|p2b: Garchomp|0 fnt\n|-unboost|p1b: Golurk|def|1\n|-unboost|p1b: Golurk|spd|1\n|-damage|p1b: Golurk|53/100|[from] ability: Rough Skin|[of] p2b: Garchomp\n|faint|p2b: Garchomp\n|move|p2a: Delphox|Heat Wave|p1a: Clefable|[spread] p1a,p1b\n|-damage|p1a: Clefable|41/100\n|-damage|p1b: Golurk|0 fnt\n|faint|p1b: Golurk\n|\n|-heal|p1a: Clefable|47/100|[from] item: Leftovers\n|-fieldend|move: Trick Room\n|upkeep\n|\n|t:|1776344172\n|switch|p1b: Hydreigon|Hydreigon, L50, M|100/100\n|turn|6\n|\n|t:|1776344184\n|move|p1a: Clefable|Follow Me|p1a: Clefable\n|-singleturn|p1a: Clefable|move: Follow Me\n|move|p1b: Hydreigon|Dark Pulse|p2a: Delphox\n|-supereffective|p2a: Delphox|1\n|-damage|p2a: Delphox|8/100\n|move|p2a: Delphox|Dazzling Gleam|p1a: Clefable|[spread] p1a,p1b\n|-supereffective|p1b: Hydreigon|2\n|-damage|p1a: Clefable|23/100\n|-damage|p1b: Hydreigon|0 fnt\n|faint|p1b: Hydreigon\n|\n|-heal|p1a: Clefable|29/100|[from] item: Leftovers\n|upkeep\n|turn|7\n|\n|t:|1776344198\n|move|p2a: Delphox|Psychic|p1a: Clefable\n|-damage|p1a: Clefable|0 fnt\n|faint|p1a: Clefable\n|\n|win|winronronwin\n|raw|astonmaachan's rating: 1171 &rarr; <strong>1140</strong><br />(-31 for losing)\n|raw|winronronwin's rating: 1082 &rarr; <strong>1117</strong><br />(+35 for winning)\n|l|\u2606astonmaachan\n|player|p1|\n",
  "uploadtime": 1776344206,
  "views": 20,
  "formatid": "gen9championsvgc2026regma",
  "rating": 1117,
  "private": 0,
  "password": null
}