{
  "id": "gen9championsvgc2026regma-2584638579",
  "format": "[Gen 9 Champions] VGC 2026 Reg M-A",
  "players": [
    "bolsillito",
    "Marcio Lira"
  ],
  "log": "|j|\u2606bolsillito\n|j|\u2606Marcio Lira\n|t:|1776273733\n|gametype|doubles\n|player|p1|bolsillito|265|1070\n|player|p2|Marcio Lira|bugcatcher-gen4dp|1142\n|gen|9\n|tier|[Gen 9 Champions] VGC 2026 Reg M-A\n|rated|\n|rule|Species Clause: Limit one of each Pok\u00e9mon\n|rule|Item Clause: Limit 1 of each item\n|clearpoke\n|poke|p1|Tyranitar, L50, M|\n|poke|p1|Garchomp, L50, F|\n|poke|p1|Corviknight, L50, M|\n|poke|p1|Milotic, L50, M|\n|poke|p1|Sneasler, L50, M|\n|poke|p1|Sinistcha, L50|\n|poke|p2|Floette-Eternal, L50, F|\n|poke|p2|Sinistcha, L50|\n|poke|p2|Talonflame, L50, F|\n|poke|p2|Garchomp, L50, F|\n|poke|p2|Tyranitar, L50, F|\n|poke|p2|Volcarona, L50, M|\n|teampreview|4\n|inactive|Battle timer is ON: inactive players will automatically lose when time's up. (requested by bolsillito)\n|inactive|bolsillito has 60 seconds left.\n|inactive|Marcio Lira has 60 seconds left.\n|\n|t:|1776273773\n|teamsize|p1|4\n|teamsize|p2|4\n|start\n|switch|p1a: Sneasler|Sneasler, L50, M|100/100\n|switch|p1b: Tyranitar|Tyranitar, L50, M, shiny|100/100\n|switch|p2a: Volcarona|Volcarona, L50, M|100/100\n|switch|p2b: Floette|Floette-Eternal, L50, F|100/100\n|-weather|Sandstorm|[from] ability: Sand Stream|[of] p1b: Tyranitar\n|turn|1\n|\n|t:|1776273793\n|detailschange|p2b: Floette|Floette-Mega, L50, F\n|-mega|p2b: Floette|Floette|Floettite\n|-ability|p2b: Floette|Fairy Aura\n|detailschange|p1b: Tyranitar|Tyranitar-Mega, L50, M, shiny\n|-mega|p1b: Tyranitar|Tyranitar|Tyranitarite\n|move|p2b: Floette|Protect|p2b: Floette\n|-singleturn|p2b: Floette|Protect\n|move|p1a: Sneasler|Fake Out|p2b: Floette\n|-activate|p2b: Floette|move: Protect\n|move|p2a: Volcarona|Tailwind|p2a: Volcarona\n|-sidestart|p2: Marcio Lira|move: Tailwind\n|move|p1b: Tyranitar|Rock Slide|p2a: Volcarona|[spread] p2a\n|-activate|p2b: Floette|move: Protect\n|-supereffective|p2a: Volcarona|2\n|-enditem|p2a: Volcarona|Charti Berry|[eat]\n|-enditem|p2a: Volcarona|Charti Berry|[weaken]\n|-damage|p2a: Volcarona|38/100\n|\n|-weather|Sandstorm|[upkeep]\n|-damage|p2b: Floette|95/100|[from] Sandstorm\n|-damage|p2a: Volcarona|32/100|[from] Sandstorm\n|-damage|p1a: Sneasler|95/100|[from] Sandstorm\n|upkeep\n|turn|2\n|inactive|bolsillito has 30 seconds left.\n|inactive|bolsillito has 20 seconds left.\n|inactive|bolsillito has 15 seconds left.\n|inactive|bolsillito has 10 seconds left.\n|\n|t:|1776273839\n|switch|p1a: Sinistcha|Sinistcha, L50|100/100\n|move|p1b: Tyranitar|Protect|p1b: Tyranitar\n|-singleturn|p1b: Tyranitar|Protect\n|move|p2b: Floette|Moonblast|p1b: Tyranitar\n|-activate|p1b: Tyranitar|move: Protect\n|move|p2a: Volcarona|Psychic|p1a: Sinistcha\n|-crit|p1a: Sinistcha\n|-damage|p1a: Sinistcha|59/100\n|\n|-weather|Sandstorm|[upkeep]\n|-damage|p2b: Floette|89/100|[from] Sandstorm\n|-damage|p2a: Volcarona|25/100|[from] Sandstorm\n|-damage|p1a: Sinistcha|53/100|[from] Sandstorm\n|upkeep\n|turn|3\n|inactive|bolsillito has 30 seconds left.\n|inactive|Marcio Lira has 30 seconds left.\n|\n|t:|1776273871\n|move|p1a: Sinistcha|Rage Powder|p1a: Sinistcha\n|-singleturn|p1a: Sinistcha|move: Rage Powder\n|move|p2b: Floette|Dazzling Gleam|p1b: Tyranitar|[spread] p1a,p1b\n|-supereffective|p1b: Tyranitar|1\n|-damage|p1a: Sinistcha|9/100\n|-damage|p1b: Tyranitar|55/100\n|-enditem|p1a: Sinistcha|Sitrus Berry|[eat]\n|-heal|p1a: Sinistcha|34/100|[from] item: Sitrus Berry\n|move|p2a: Volcarona|Flamethrower|p1a: Sinistcha\n|-supereffective|p1a: Sinistcha|1\n|-damage|p1a: Sinistcha|0 fnt\n|faint|p1a: Sinistcha\n|move|p1b: Tyranitar|Rock Slide|p2b: Floette|[spread] p2a\n|-miss|p1b: Tyranitar|p2b: Floette\n|-supereffective|p2a: Volcarona|2\n|-damage|p2a: Volcarona|0 fnt\n|faint|p2a: Volcarona\n|\n|-weather|Sandstorm|[upkeep]\n|-damage|p2b: Floette|83/100|[from] Sandstorm\n|upkeep\n|\n|t:|1776273890\n|switch|p2a: Garchomp|Garchomp, L50, F|100/100\n|switch|p1a: Sneasler|Sneasler, L50, M|95/100\n|turn|4\n|inactive|bolsillito has 30 seconds left.\n|\n|t:|1776273923\n|move|p2b: Floette|Protect|p2b: Floette\n|-singleturn|p2b: Floette|Protect\n|move|p1b: Tyranitar|Protect|p1b: Tyranitar\n|-singleturn|p1b: Tyranitar|Protect\n|move|p1a: Sneasler|Fake Out|p2b: Floette\n|-activate|p2b: Floette|move: Protect\n|move|p2a: Garchomp|Earthquake|p1b: Tyranitar|[spread] p1a\n|-activate|p2b: Floette|move: Protect\n|-activate|p1b: Tyranitar|move: Protect\n|-supereffective|p1a: Sneasler|1\n|-damage|p1a: Sneasler|0 fnt\n|faint|p1a: Sneasler\n|\n|-weather|Sandstorm|[upkeep]\n|-damage|p2b: Floette|77/100|[from] Sandstorm\n|-sideend|p2: Marcio Lira|move: Tailwind\n|upkeep\n|\n|t:|1776273931\n|switch|p1a: Garchomp|Garchomp, L50, F|100/100\n|turn|5\n|inactive|Marcio Lira has 30 seconds left.\n|\n|t:|1776273965\n|move|p1a: Garchomp|Poison Jab|p2b: Floette\n|-supereffective|p2b: Floette|1\n|-crit|p2b: Floette\n|-damage|p2b: Floette|0 fnt\n|faint|p2b: Floette\n|move|p2a: Garchomp|Dragon Claw|p1a: Garchomp\n|-supereffective|p1a: Garchomp|1\n|-damage|p1a: Garchomp|18/100\n|-damage|p2a: Garchomp|88/100|[from] ability: Rough Skin|[of] p1a: Garchomp\n|move|p1b: Tyranitar|Dragon Dance|p1b: Tyranitar\n|-boost|p1b: Tyranitar|atk|1\n|-boost|p1b: Tyranitar|spe|1\n|\n|-weather|none\n|upkeep\n|\n|t:|1776273968\n|switch|p2b: Sinistcha|Sinistcha, L50|100/100\n|-heal|p2a: Garchomp|100/100|[from] ability: Hospitality|[of] p2b: Sinistcha\n|turn|6\n|inactive|bolsillito has 30 seconds left.\n|inactive|Marcio Lira has 30 seconds left.\n|\n|t:|1776274000\n|move|p2b: Sinistcha|Rage Powder|p2b: Sinistcha\n|-singleturn|p2b: Sinistcha|move: Rage Powder\n|move|p1a: Garchomp|Poison Jab|p2b: Sinistcha\n|-damage|p2b: Sinistcha|70/100\n|move|p2a: Garchomp|Earthquake|p1a: Garchomp|[spread] p2b,p1a,p1b\n|-resisted|p2b: Sinistcha|1\n|-supereffective|p1b: Tyranitar|1\n|-damage|p2b: Sinistcha|52/100\n|-damage|p1a: Garchomp|0 fnt\n|-damage|p1b: Tyranitar|6/100\n|faint|p1a: Garchomp\n|move|p1b: Tyranitar|Knock Off|p2b: Sinistcha\n|-supereffective|p2b: Sinistcha|1\n|-damage|p2b: Sinistcha|0 fnt\n|-enditem|p2b: Sinistcha|Kasib Berry|[from] move: Knock Off|[of] p1b: Tyranitar\n|faint|p2b: Sinistcha\n|\n|upkeep\n|turn|7\n|inactive|Marcio Lira has 30 seconds left.\n|\n|t:|1776274029\n|move|p2a: Garchomp|Earthquake|p1b: Tyranitar\n|-supereffective|p1b: Tyranitar|1\n|-damage|p1b: Tyranitar|0 fnt\n|faint|p1b: Tyranitar\n|\n|win|Marcio Lira\n|raw|bolsillito's rating: 1070 &rarr; <strong>1054</strong><br />(-16 for losing)\n|raw|Marcio Lira's rating: 1142 &rarr; <strong>1162</strong><br />(+20 for winning)\n|l|\u2606bolsillito\n|player|p1|\n|l|\u2606Marcio Lira\n|player|p2|\n|j|\u2606Marcio Lira\n|player|p2|Marcio Lira|bugcatcher-gen4dp|\n",
  "uploadtime": 1776274194,
  "views": 27,
  "formatid": "gen9championsvgc2026regma",
  "rating": 1054,
  "private": 0,
  "password": null
}