{
  "id": "gen9championsvgc2026regma-2583258312",
  "format": "[Gen 9 Champions] VGC 2026 Reg M-A",
  "players": [
    "piedidiconkeldurr",
    "m23p05p05"
  ],
  "log": "|j|\u2606piedidiconkeldurr\n|j|\u2606m23p05p05\n|t:|1776160351\n|gametype|doubles\n|player|p1|piedidiconkeldurr|cynthia|1117\n|player|p2|m23p05p05|cynthia|1207\n|gen|9\n|tier|[Gen 9 Champions] VGC 2026 Reg M-A\n|rated|\n|rule|Species Clause: Limit one of each Pok\u00e9mon\n|rule|Item Clause: Limit 1 of each item\n|clearpoke\n|poke|p1|Mudsdale, L50, M|\n|poke|p1|Farigiraf, L50, F|\n|poke|p1|Sinistcha, L50|\n|poke|p1|Incineroar, L50, F|\n|poke|p1|Delphox, L50, F|\n|poke|p1|Camerupt, L50, M|\n|poke|p2|Froslass, L50, F|\n|poke|p2|Incineroar, L50, F|\n|poke|p2|Orthworm, L50, M|\n|poke|p2|Garchomp, L50, M|\n|poke|p2|Basculegion, L50, M|\n|poke|p2|Rotom-Frost, L50|\n|teampreview|4\n|inactive|Battle timer is ON: inactive players will automatically lose when time's up. (requested by m23p05p05)\n|\n|t:|1776160416\n|teamsize|p1|4\n|teamsize|p2|4\n|start\n|switch|p1a: Farigiraf|Farigiraf, L50, F|100/100\n|switch|p1b: Incineroar|Incineroar, L50, F|100/100\n|switch|p2a: Garchomp|Garchomp, L50, M|100/100\n|switch|p2b: Incineroar|Incineroar, L50, F, shiny|100/100\n|-ability|p2b: Incineroar|Intimidate|boost\n|-unboost|p1a: Farigiraf|atk|1\n|-unboost|p1b: Incineroar|atk|1\n|-ability|p1b: Incineroar|Intimidate|boost\n|-unboost|p2a: Garchomp|atk|1\n|-unboost|p2b: Incineroar|atk|1\n|turn|1\n|\n|t:|1776160434\n|move|p2a: Garchomp|Rock Slide|p1b: Incineroar|[spread] p1a,p1b\n|-supereffective|p1b: Incineroar|1\n|-damage|p1a: Farigiraf|89/100\n|-damage|p1b: Incineroar|79/100\n|move|p2b: Incineroar|Darkest Lariat|p1a: Farigiraf\n|-supereffective|p1a: Farigiraf|1\n|-damage|p1a: Farigiraf|30/100\n|cant|p1b: Incineroar|flinch\n|cant|p1a: Farigiraf|flinch\n|\n|upkeep\n|turn|2\n|inactive|piedidiconkeldurr has 30 seconds left.\n|inactive|piedidiconkeldurr has 20 seconds left.\n|inactive|piedidiconkeldurr has 15 seconds left.\n|\n|t:|1776160475\n|switch|p1b: Camerupt|Camerupt, L50, M|100/100\n|move|p2a: Garchomp|Rock Slide|p1a: Farigiraf|[spread] p1a,p1b\n|-damage|p1a: Farigiraf|19/100\n|-damage|p1b: Camerupt|84/100\n|move|p2b: Incineroar|Darkest Lariat|p1a: Farigiraf\n|-supereffective|p1a: Farigiraf|1\n|-damage|p1a: Farigiraf|0 fnt\n|faint|p1a: Farigiraf\n|\n|upkeep\n|\n|t:|1776160485\n|switch|p1a: Sinistcha|Sinistcha, L50|100/100\n|-heal|p1b: Camerupt|100/100|[from] ability: Hospitality|[of] p1a: Sinistcha\n|turn|3\n|\n|t:|1776160495\n|switch|p2b: Basculegion|Basculegion, L50, M, shiny|100/100\n|switch|p1b: Incineroar|Incineroar, L50, F|79/100\n|-ability|p1b: Incineroar|Intimidate|boost\n|-unboost|p2a: Garchomp|atk|1\n|-unboost|p2b: Basculegion|atk|1\n|move|p1a: Sinistcha|Rage Powder|p1a: Sinistcha\n|-singleturn|p1a: Sinistcha|move: Rage Powder\n|move|p2a: Garchomp|Earthquake|p1b: Incineroar|[spread] p2b,p1a,p1b\n|-resisted|p1a: Sinistcha|1\n|-supereffective|p1b: Incineroar|1\n|-enditem|p1b: Incineroar|Shuca Berry|[eat]\n|-enditem|p1b: Incineroar|Shuca Berry|[weaken]\n|-damage|p2b: Basculegion|77/100\n|-damage|p1a: Sinistcha|92/100\n|-damage|p1b: Incineroar|61/100\n|\n|upkeep\n|turn|4\n|inactive|piedidiconkeldurr has 30 seconds left.\n|\n|t:|1776160525\n|move|p2b: Basculegion|Last Respects|p1a: Sinistcha\n|-supereffective|p1a: Sinistcha|1\n|-damage|p1a: Sinistcha|54/100\n|move|p2a: Garchomp|Earthquake|p1b: Incineroar|[spread] p2b,p1a,p1b\n|-resisted|p1a: Sinistcha|1\n|-supereffective|p1b: Incineroar|1\n|-damage|p2b: Basculegion|52/100\n|-damage|p1a: Sinistcha|46/100\n|-damage|p1b: Incineroar|22/100\n|-enditem|p1a: Sinistcha|Sitrus Berry|[eat]\n|-heal|p1a: Sinistcha|71/100|[from] item: Sitrus Berry\n|move|p1b: Incineroar|Darkest Lariat|p2b: Basculegion\n|-supereffective|p2b: Basculegion|1\n|-damage|p2b: Basculegion|0 fnt\n|faint|p2b: Basculegion\n|move|p1a: Sinistcha|Trick Room|p1a: Sinistcha\n|-fieldstart|move: Trick Room|[of] p1a: Sinistcha\n|\n|upkeep\n|\n|t:|1776160539\n|switch|p2b: Incineroar|Incineroar, L50, F, shiny|100/100\n|-ability|p2b: Incineroar|Intimidate|boost\n|-unboost|p1a: Sinistcha|atk|1\n|-unboost|p1b: Incineroar|atk|1\n|turn|5\n|\n|t:|1776160564\n|switch|p2a: Froslass|Froslass, L50, F|100/100\n|move|p1b: Incineroar|Darkest Lariat|p2a: Froslass\n|-supereffective|p2a: Froslass|1\n|-damage|p2a: Froslass|5/100\n|move|p2b: Incineroar|Flare Blitz|p1a: Sinistcha\n|-supereffective|p1a: Sinistcha|1\n|-damage|p1a: Sinistcha|0 fnt\n|faint|p1a: Sinistcha\n|-damage|p2b: Incineroar|76/100|[from] Recoil\n|\n|upkeep\n|\n|t:|1776160574\n|switch|p1a: Camerupt|Camerupt, L50, M|100/100\n|turn|6\n|\n|t:|1776160590\n|detailschange|p1a: Camerupt|Camerupt-Mega, L50, M\n|-mega|p1a: Camerupt|Camerupt|Cameruptite\n|move|p2a: Froslass|Protect|p2a: Froslass\n|-singleturn|p2a: Froslass|Protect\n|move|p1a: Camerupt|Earth Power|p2b: Incineroar\n|-supereffective|p2b: Incineroar|1\n|-damage|p2b: Incineroar|0 fnt\n|faint|p2b: Incineroar\n|move|p1b: Incineroar|Darkest Lariat|p2a: Froslass\n|-activate|p2a: Froslass|move: Protect\n|\n|upkeep\n|\n|t:|1776160599\n|switch|p2b: Garchomp|Garchomp, L50, M|100/100\n|turn|7\n|inactive|piedidiconkeldurr has 30 seconds left.\n|inactive|piedidiconkeldurr has 20 seconds left.\n|\n|t:|1776160635\n|move|p2b: Garchomp|Protect|p2b: Garchomp\n|-singleturn|p2b: Garchomp|Protect\n|move|p2a: Froslass|Protect||[still]\n|-fail|p2a: Froslass\n|move|p1a: Camerupt|Earth Power|p2b: Garchomp\n|-activate|p2b: Garchomp|move: Protect\n|move|p1b: Incineroar|Darkest Lariat|p2b: Garchomp\n|-activate|p2b: Garchomp|move: Protect\n|\n|upkeep\n|turn|8\n|\n|t:|1776160648\n|move|p2a: Froslass|Protect|p2a: Froslass\n|-singleturn|p2a: Froslass|Protect\n|move|p1a: Camerupt|Earth Power|p2b: Garchomp\n|-damage|p2b: Garchomp|26/100\n|move|p1b: Incineroar|Darkest Lariat|p2b: Garchomp\n|-damage|p2b: Garchomp|0 fnt\n|-damage|p1b: Incineroar|10/100|[from] ability: Rough Skin|[of] p2b: Garchomp\n|faint|p2b: Garchomp\n|\n|-fieldend|move: Trick Room\n|upkeep\n|turn|9\n|-message|m23p05p05 forfeited.\n|\n|win|piedidiconkeldurr\n|raw|piedidiconkeldurr's rating: 1117 &rarr; <strong>1148</strong><br />(+31 for winning)\n|raw|m23p05p05's rating: 1207 &rarr; <strong>1176</strong><br />(-31 for losing)\n|l|\u2606m23p05p05\n|player|p2|\n",
  "uploadtime": 1776160664,
  "views": 15,
  "formatid": "gen9championsvgc2026regma",
  "rating": 1148,
  "private": 0,
  "password": null
}