{
  "id": "gen9championsvgc2026regma-2582272457",
  "format": "[Gen 9 Champions] VGC 2026 Reg M-A",
  "players": [
    "pongpongpoing",
    "polpopallo"
  ],
  "log": "|j|\u2606pongpongpoing\n|j|\u2606polpopallo\n|t:|1776078501\n|gametype|doubles\n|player|p1|pongpongpoing|169|1040\n|player|p2|polpopallo|265|1000\n|gen|9\n|tier|[Gen 9 Champions] VGC 2026 Reg M-A\n|rated|\n|rule|Species Clause: Limit one of each Pok\u00e9mon\n|rule|Item Clause: Limit 1 of each item\n|clearpoke\n|poke|p1|Garchomp, L50, M|\n|poke|p1|Orthworm, L50, M|\n|poke|p1|Tyranitar, L50, F|\n|poke|p1|Excadrill, L50, F|\n|poke|p1|Aerodactyl, L50, M|\n|poke|p1|Incineroar, L50, F|\n|poke|p2|Meganium, L50, F|\n|poke|p2|Pelipper, L50, M|\n|poke|p2|Feraligatr, L50, F|\n|poke|p2|Orthworm, L50, M|\n|poke|p2|Sneasler, L50, F|\n|poke|p2|Whimsicott, L50, F|\n|teampreview|4\n|inactive|Battle timer is ON: inactive players will automatically lose when time's up. (requested by polpopallo)\n|\n|t:|1776078535\n|teamsize|p1|4\n|teamsize|p2|4\n|start\n|switch|p1a: Orthworm|Orthworm, L50, M|100/100\n|switch|p1b: Incineroar|Incineroar, L50, F|100/100\n|switch|p2a: Orthworm|Orthworm, L50, M|100/100\n|switch|p2b: Sneasler|Sneasler, L50, F|100/100\n|-ability|p1b: Incineroar|Intimidate|boost\n|-unboost|p2a: Orthworm|atk|1\n|-unboost|p2b: Sneasler|atk|1\n|turn|1\n|inactive|pongpongpoing has 30 seconds left.\n|inactive|polpopallo has 30 seconds left.\n|\n|t:|1776078565\n|move|p2b: Sneasler|Fake Out|p1b: Incineroar\n|-damage|p1b: Incineroar|93/100\n|cant|p1b: Incineroar|flinch\n|move|p2a: Orthworm|Shed Tail|p2a: Orthworm\n|-start|p2a: Orthworm|Substitute|[from] move: Shed Tail\n|-damage|p2a: Orthworm|50/100\n|\n|t:|1776078572\n|switch|p2a: Feraligatr|Feraligatr, L50, F|100/100|[from] Shed Tail\n|move|p1a: Orthworm|Shed Tail|p1a: Orthworm\n|-start|p1a: Orthworm|Substitute|[from] move: Shed Tail\n|-damage|p1a: Orthworm|50/100\n|-enditem|p1a: Orthworm|Sitrus Berry|[eat]\n|-heal|p1a: Orthworm|75/100|[from] item: Sitrus Berry\n|\n|t:|1776078583\n|switch|p1a: Garchomp|Garchomp, L50, M, shiny|100/100|[from] Shed Tail\n|\n|-heal|p1b: Incineroar|99/100|[from] item: Leftovers\n|upkeep\n|turn|2\n|\n|t:|1776078606\n|move|p1a: Garchomp|Protect|p1a: Garchomp\n|-singleturn|p1a: Garchomp|Protect\n|move|p2b: Sneasler|Close Combat|p1a: Garchomp\n|-activate|p1a: Garchomp|move: Protect\n|move|p2a: Feraligatr|Waterfall|p1b: Incineroar\n|-supereffective|p1b: Incineroar|1\n|-damage|p1b: Incineroar|9/100\n|move|p1b: Incineroar|Parting Shot|p2b: Sneasler\n|-unboost|p2b: Sneasler|atk|1\n|-unboost|p2b: Sneasler|spa|1\n|\n|t:|1776078620\n|switch|p1b: Orthworm|Orthworm, L50, M|75/100|[from] Parting Shot\n|\n|upkeep\n|turn|3\n|\n|t:|1776078632\n|detailschange|p1a: Garchomp|Garchomp-Mega, L50, M, shiny\n|-mega|p1a: Garchomp|Garchomp|Garchompite\n|move|p2b: Sneasler|Close Combat|p1b: Orthworm\n|-supereffective|p1b: Orthworm|1\n|-damage|p1b: Orthworm|26/100\n|-unboost|p2b: Sneasler|def|1\n|-unboost|p2b: Sneasler|spd|1\n|move|p1a: Garchomp|Earthquake|p2b: Sneasler|[spread] p2a,p2b\n|-heal|p1b: Orthworm|50/100|[from] ability: Earth Eater|[of] p1a: Garchomp\n|-end|p2a: Feraligatr|Substitute\n|-supereffective|p2b: Sneasler|1\n|-damage|p2b: Sneasler|0 fnt\n|faint|p2b: Sneasler\n|move|p2a: Feraligatr|Waterfall|p1b: Orthworm\n|-damage|p1b: Orthworm|9/100\n|move|p1b: Orthworm|Iron Head|p2a: Feraligatr\n|-resisted|p2a: Feraligatr|1\n|-damage|p2a: Feraligatr|90/100\n|\n|upkeep\n|\n|t:|1776078654\n|switch|p2b: Pelipper|Pelipper, L50, M|100/100\n|-weather|RainDance|[from] ability: Drizzle|[of] p2b: Pelipper\n|turn|4\n|\n|t:|1776078665\n|move|p2a: Feraligatr|Protect|p2a: Feraligatr\n|-singleturn|p2a: Feraligatr|Protect\n|move|p1b: Orthworm|Protect|p1b: Orthworm\n|-singleturn|p1b: Orthworm|Protect\n|move|p1a: Garchomp|Earthquake|p2a: Feraligatr|[spread] \n|-activate|p1b: Orthworm|move: Protect\n|-activate|p2a: Feraligatr|move: Protect\n|-immune|p2b: Pelipper\n|move|p2b: Pelipper|Tailwind|p2b: Pelipper\n|-sidestart|p2: polpopallo|move: Tailwind\n|\n|-weather|RainDance|[upkeep]\n|upkeep\n|turn|5\n|inactive|pongpongpoing has 30 seconds left.\n|\n|t:|1776078695\n|move|p2b: Pelipper|Weather Ball|p1b: Orthworm\n|-damage|p1b: Orthworm|0 fnt\n|faint|p1b: Orthworm\n|move|p2a: Feraligatr|Waterfall|p1a: Garchomp\n|-end|p1a: Garchomp|Substitute\n|move|p1a: Garchomp|Earthquake|p2a: Feraligatr|[spread] p2a\n|-immune|p2b: Pelipper\n|-damage|p2a: Feraligatr|37/100\n|\n|-weather|RainDance|[upkeep]\n|upkeep\n|\n|t:|1776078707\n|switch|p1b: Aerodactyl|Aerodactyl, L50, M|100/100\n|turn|6\n|\n|t:|1776078717\n|detailschange|p2a: Feraligatr|Feraligatr-Mega, L50, F\n|-mega|p2a: Feraligatr|Feraligatr|Feraligite\n|move|p1a: Garchomp|Protect|p1a: Garchomp\n|-singleturn|p1a: Garchomp|Protect\n|move|p2b: Pelipper|Weather Ball|p1b: Aerodactyl\n|-supereffective|p1b: Aerodactyl|1\n|-damage|p1b: Aerodactyl|0 fnt\n|faint|p1b: Aerodactyl\n|move|p2a: Feraligatr|Body Slam|p1a: Garchomp\n|-activate|p1a: Garchomp|move: Protect\n|\n|-weather|RainDance|[upkeep]\n|upkeep\n|\n|t:|1776078730\n|switch|p1b: Incineroar|Incineroar, L50, F|9/100\n|-ability|p1b: Incineroar|Intimidate|boost\n|-unboost|p2a: Feraligatr|atk|1\n|-unboost|p2b: Pelipper|atk|1\n|turn|7\n|\n|t:|1776078745\n|switch|p2a: Orthworm|Orthworm, L50, M|50/100\n|move|p2b: Pelipper|Protect|p2b: Pelipper\n|-singleturn|p2b: Pelipper|Protect\n|move|p1b: Incineroar|Fake Out|p2a: Orthworm\n|-resisted|p2a: Orthworm|1\n|-damage|p2a: Orthworm|46/100\n|move|p1a: Garchomp|Earthquake|p2b: Pelipper|[spread] p1b\n|-activate|p2b: Pelipper|move: Protect\n|-heal|p2a: Orthworm|71/100|[from] ability: Earth Eater|[of] p1a: Garchomp\n|-supereffective|p1b: Incineroar|1\n|-damage|p1b: Incineroar|0 fnt\n|faint|p1b: Incineroar\n|\n|-weather|RainDance|[upkeep]\n|-sideend|p2: polpopallo|move: Tailwind\n|upkeep\n|turn|8\n|-message|pongpongpoing forfeited.\n|\n|win|polpopallo\n|raw|pongpongpoing's rating: 1040 &rarr; <strong>1022</strong><br />(-18 for losing)\n|raw|polpopallo's rating: 1000 &rarr; <strong>1045</strong><br />(+45 for winning)\n",
  "uploadtime": 1776078750,
  "views": 10,
  "formatid": "gen9championsvgc2026regma",
  "rating": 1022,
  "private": 0,
  "password": null
}