{
  "id": "gen9championsvgc2026regma-2583065944",
  "format": "[Gen 9 Champions] VGC 2026 Reg M-A",
  "players": [
    "zekstr",
    "JoeFlowDD"
  ],
  "log": "|j|\u2606zekstr\n|j|\u2606JoeFlowDD\n|t:|1776138261\n|gametype|doubles\n|player|p1|zekstr|roxie|1141\n|player|p2|JoeFlowDD|palmer|1154\n|gen|9\n|tier|[Gen 9 Champions] VGC 2026 Reg M-A\n|rated|\n|rule|Species Clause: Limit one of each Pok\u00e9mon\n|rule|Item Clause: Limit 1 of each item\n|clearpoke\n|poke|p1|Meganium, L50, M|\n|poke|p1|Pelipper, L50, F|\n|poke|p1|Basculegion, L50, M|\n|poke|p1|Clawitzer, L50, M|\n|poke|p1|Archaludon, L50, M|\n|poke|p1|Chimecho, L50, F|\n|poke|p2|Aggron, L50, F|\n|poke|p2|Sinistcha, L50|\n|poke|p2|Incineroar, L50, F|\n|poke|p2|Milotic, L50, F|\n|poke|p2|Garchomp, L50, F|\n|poke|p2|Hatterene, L50, F|\n|teampreview|4\n|inactive|Battle timer is ON: inactive players will automatically lose when time's up. (requested by zekstr)\n|inactive|zekstr has 60 seconds left.\n|inactive|JoeFlowDD has 60 seconds left.\n|inactive|zekstr has 30 seconds left.\n|inactive|JoeFlowDD has 30 seconds left.\n|inactive|zekstr has 20 seconds left.\n|inactive|JoeFlowDD has 20 seconds left.\n|\n|t:|1776138336\n|teamsize|p1|4\n|teamsize|p2|4\n|start\n|switch|p1a: Meganium|Meganium, L50, M, shiny|100/100\n|switch|p1b: Pelipper|Pelipper, L50, F|100/100\n|switch|p2a: Aggron|Aggron, L50, F|100/100\n|switch|p2b: Incineroar|Incineroar, L50, F|100/100\n|-weather|RainDance|[from] ability: Drizzle|[of] p1b: Pelipper\n|-ability|p2b: Incineroar|Intimidate|boost\n|-unboost|p1a: Meganium|atk|1\n|-unboost|p1b: Pelipper|atk|1\n|turn|1\n|inactive|zekstr has 30 seconds left.\n|\n|t:|1776138365\n|detailschange|p2a: Aggron|Aggron-Mega, L50, F\n|-mega|p2a: Aggron|Aggron|Aggronite\n|move|p1a: Meganium|Protect|p1a: Meganium\n|-singleturn|p1a: Meganium|Protect\n|move|p2b: Incineroar|Fake Out|p1b: Pelipper\n|-damage|p1b: Pelipper|86/100\n|cant|p1b: Pelipper|flinch\n|move|p2a: Aggron|Iron Defense|p2a: Aggron\n|-boost|p2a: Aggron|def|2\n|\n|-weather|RainDance|[upkeep]\n|upkeep\n|turn|2\n|inactive|JoeFlowDD has 30 seconds left.\n|\n|t:|1776138393\n|detailschange|p1a: Meganium|Meganium-Mega, L50, M, shiny\n|-mega|p1a: Meganium|Meganium|Meganiumite\n|move|p2a: Aggron|Protect|p2a: Aggron\n|-singleturn|p2a: Aggron|Protect\n|move|p1b: Pelipper|Tailwind|p1b: Pelipper\n|-sidestart|p1: zekstr|move: Tailwind\n|move|p1a: Meganium|Weather Ball|p2a: Aggron\n|-activate|p2a: Aggron|move: Protect\n|move|p2b: Incineroar|Parting Shot|p1a: Meganium\n|-unboost|p1a: Meganium|atk|1\n|-unboost|p1a: Meganium|spa|1\n|\n|t:|1776138406\n|switch|p2b: Milotic|Milotic, L50, F|100/100|[from] Parting Shot\n|\n|-weather|RainDance|[upkeep]\n|upkeep\n|turn|3\n|inactive|JoeFlowDD has 30 seconds left.\n|\n|t:|1776138440\n|switch|p1a: Archaludon|Archaludon, L50, M|100/100\n|move|p1b: Pelipper|Weather Ball|p2a: Aggron\n|-damage|p2a: Aggron|42/100\n|move|p2b: Milotic|Ice Beam|p1a: Archaludon\n|-damage|p1a: Archaludon|74/100\n|move|p2a: Aggron|Heavy Slam|p1a: Archaludon\n|-resisted|p1a: Archaludon|1\n|-damage|p1a: Archaludon|55/100\n|\n|-weather|RainDance|[upkeep]\n|-heal|p1a: Archaludon|61/100|[from] item: Leftovers\n|upkeep\n|turn|4\n|\n|t:|1776138469\n|switch|p2b: Sinistcha|Sinistcha, L50|100/100\n|-heal|p2a: Aggron|67/100|[from] ability: Hospitality|[of] p2b: Sinistcha\n|move|p2a: Aggron|Protect|p2a: Aggron\n|-singleturn|p2a: Aggron|Protect\n|move|p1b: Pelipper|Weather Ball|p2a: Aggron\n|-activate|p2a: Aggron|move: Protect\n|move|p1a: Archaludon|Electro Shot||[still]\n|-prepare|p1a: Archaludon|Electro Shot\n|-boost|p1a: Archaludon|spa|1\n|-anim|p1a: Archaludon|Electro Shot|p2b: Sinistcha\n|-resisted|p2b: Sinistcha|1\n|-damage|p2b: Sinistcha|61/100\n|\n|-weather|RainDance|[upkeep]\n|-heal|p1a: Archaludon|68/100|[from] item: Leftovers\n|-heal|p2b: Sinistcha|67/100|[from] item: Leftovers\n|upkeep\n|turn|5\n|inactive|JoeFlowDD has 30 seconds left.\n|inactive|JoeFlowDD has 20 seconds left.\n|inactive|JoeFlowDD has 15 seconds left.\n|inactive|JoeFlowDD has 10 seconds left.\n|inactive|JoeFlowDD has 5 seconds left.\n|\n|t:|1776138521\n|switch|p2b: Milotic|Milotic, L50, F|100/100\n|move|p1b: Pelipper|Hurricane|p2b: Milotic\n|-damage|p2b: Milotic|57/100\n|move|p1a: Archaludon|Electro Shot||[still]\n|-prepare|p1a: Archaludon|Electro Shot\n|-boost|p1a: Archaludon|spa|1\n|-anim|p1a: Archaludon|Electro Shot|p2a: Aggron\n|-damage|p2a: Aggron|0 fnt\n|faint|p2a: Aggron\n|\n|-weather|none\n|-heal|p1a: Archaludon|74/100|[from] item: Leftovers\n|-sideend|p1: zekstr|move: Tailwind\n|upkeep\n|\n|t:|1776138535\n|switch|p2a: Sinistcha|Sinistcha, L50|67/100\n|-heal|p2b: Milotic|82/100|[from] ability: Hospitality|[of] p2a: Sinistcha\n|turn|6\n|\n|t:|1776138551\n|switch|p1b: Meganium|Meganium-Mega, L50, M, shiny|100/100\n|move|p1a: Archaludon|Protect|p1a: Archaludon\n|-singleturn|p1a: Archaludon|Protect\n|move|p2b: Milotic|Coil|p2b: Milotic\n|-boost|p2b: Milotic|atk|1\n|-boost|p2b: Milotic|def|1\n|-boost|p2b: Milotic|accuracy|1\n|move|p2a: Sinistcha|Trick Room|p2a: Sinistcha\n|-fieldstart|move: Trick Room|[of] p2a: Sinistcha\n|\n|-heal|p2a: Sinistcha|74/100|[from] item: Leftovers\n|-heal|p1a: Archaludon|80/100|[from] item: Leftovers\n|upkeep\n|turn|7\n|inactive|JoeFlowDD has 30 seconds left.\n|\n|t:|1776138581\n|switch|p2a: Incineroar|Incineroar, L50, F|100/100\n|-ability|p2a: Incineroar|Intimidate|boost\n|-unboost|p1a: Archaludon|atk|1\n|-unboost|p1b: Meganium|atk|1\n|move|p1b: Meganium|Solar Beam||[still]\n|-prepare|p1b: Meganium|Solar Beam\n|-activate|p1b: Meganium|ability: Mega Sol\n|-anim|p1b: Meganium|Solar Beam|p2b: Milotic\n|-supereffective|p2b: Milotic|1\n|-damage|p2b: Milotic|0 fnt\n|faint|p2b: Milotic\n|move|p1a: Archaludon|Draco Meteor|p2a: Incineroar\n|-damage|p2a: Incineroar|0 fnt\n|-unboost|p1a: Archaludon|spa|2\n|faint|p2a: Incineroar\n|\n|-heal|p1a: Archaludon|86/100|[from] item: Leftovers\n|upkeep\n|-message|JoeFlowDD forfeited.\n|\n|win|zekstr\n|raw|zekstr's rating: 1141 &rarr; <strong>1167</strong><br />(+26 for winning)\n|raw|JoeFlowDD's rating: 1154 &rarr; <strong>1128</strong><br />(-26 for losing)\n|l|\u2606JoeFlowDD\n|player|p2|\n",
  "uploadtime": 1776139357,
  "views": 15,
  "formatid": "gen9championsvgc2026regma",
  "rating": 1128,
  "private": 0,
  "password": null
}