{
  "id": "gen9championsvgc2026regma-2581528956",
  "format": "[Gen 9 Champions] VGC 2026 Reg M-A",
  "players": [
    "Lioxim",
    "RMBanBan"
  ],
  "log": "|j|\u2606Lioxim\n|j|\u2606RMBanBan\n|t:|1776008480\n|gametype|doubles\n|player|p1|Lioxim|2|1133\n|player|p2|RMBanBan|1|1074\n|gen|9\n|tier|[Gen 9 Champions] VGC 2026 Reg M-A\n|rated|\n|rule|Species Clause: Limit one of each Pok\u00e9mon\n|rule|Item Clause: Limit 1 of each item\n|clearpoke\n|poke|p1|Tyranitar, L50, M|\n|poke|p1|Rotom-Wash, L50|\n|poke|p1|Garchomp, L50, F|\n|poke|p1|Aerodactyl, L50, F|\n|poke|p1|Sinistcha, L50|\n|poke|p1|Sneasler, L50, F|\n|poke|p2|Froslass, L50, F|\n|poke|p2|Garchomp, L50, F|\n|poke|p2|Rotom-Frost, L50|\n|poke|p2|Empoleon, L50, M|\n|poke|p2|Incineroar, L50, M|\n|poke|p2|Kingambit, L50, M|\n|teampreview|4\n|inactive|Battle timer is ON: inactive players will automatically lose when time's up. (requested by Lioxim)\n|\n|t:|1776008568\n|teamsize|p1|4\n|teamsize|p2|4\n|start\n|switch|p1a: Tyranitar|Tyranitar, L50, M|100/100\n|switch|p1b: Aerodactyl|Aerodactyl, L50, F|100/100\n|switch|p2a: Incineroar|Incineroar, L50, M, shiny|100/100\n|switch|p2b: Rotom|Rotom-Frost, L50, shiny|100/100\n|-ability|p1b: Aerodactyl|Unnerve\n|-weather|Sandstorm|[from] ability: Sand Stream|[of] p1a: Tyranitar\n|-ability|p2a: Incineroar|Intimidate|boost\n|-unboost|p1a: Tyranitar|atk|1\n|-unboost|p1b: Aerodactyl|atk|1\n|turn|1\n|\n|t:|1776008592\n|move|p2a: Incineroar|Fake Out|p1a: Tyranitar\n|-resisted|p1a: Tyranitar|1\n|-damage|p1a: Tyranitar|94/100\n|move|p2b: Rotom|Volt Switch|p1b: Aerodactyl\n|-supereffective|p1b: Aerodactyl|1\n|-damage|p1b: Aerodactyl|34/100\n|\n|t:|1776008600\n|switch|p2b: Empoleon|Empoleon, L50, M|100/100|[from] Volt Switch\n|move|p1b: Aerodactyl|Tailwind|p1b: Aerodactyl\n|-sidestart|p1: Lioxim|move: Tailwind\n|cant|p1a: Tyranitar|flinch\n|\n|-weather|Sandstorm|[upkeep]\n|-damage|p2a: Incineroar|95/100|[from] Sandstorm\n|upkeep\n|turn|2\n|inactive|RMBanBan has 30 seconds left.\n|\n|t:|1776008629\n|switch|p1b: Sinistcha|Sinistcha, L50|100/100\n|-heal|p1a: Tyranitar|100/100|[from] ability: Hospitality|[of] p1b: Sinistcha\n|switch|p2a: Rotom|Rotom-Frost, L50, shiny|100/100\n|move|p1a: Tyranitar|Rock Slide|p2b: Empoleon|[spread] p2a,p2b\n|-supereffective|p2a: Rotom|1\n|-resisted|p2b: Empoleon|1\n|-damage|p2a: Rotom|38/100\n|-damage|p2b: Empoleon|90/100\n|move|p2b: Empoleon|Roar|p1a: Tyranitar\n|drag|p1a: Garchomp|Garchomp, L50, F|100/100\n|\n|-weather|Sandstorm|[upkeep]\n|-damage|p2a: Rotom|32/100|[from] Sandstorm\n|-damage|p1b: Sinistcha|94/100|[from] Sandstorm\n|-heal|p1b: Sinistcha|100/100|[from] item: Leftovers\n|-heal|p2b: Empoleon|95/100|[from] item: Leftovers\n|upkeep\n|turn|3\n|inactive|Lioxim has 30 seconds left.\n|inactive|RMBanBan has 30 seconds left.\n|inactive|Lioxim has 20 seconds left.\n|\n|t:|1776008669\n|move|p1a: Garchomp|Earthquake|p2b: Empoleon|[spread] p1b,p2b\n|-immune|p2a: Rotom|[from] ability: Levitate\n|-resisted|p1b: Sinistcha|1\n|-supereffective|p2b: Empoleon|1\n|-damage|p1b: Sinistcha|83/100\n|-damage|p2b: Empoleon|14/100\n|move|p2a: Rotom|Volt Switch|p1b: Sinistcha\n|-resisted|p1b: Sinistcha|1\n|-damage|p1b: Sinistcha|68/100\n|\n|t:|1776008678\n|switch|p2a: Froslass|Froslass, L50, F|100/100|[from] Volt Switch\n|move|p1b: Sinistcha|Matcha Gotcha|p2a: Froslass|[spread] p2a,p2b\n|-damage|p2a: Froslass|59/100\n|-heal|p1b: Sinistcha|85/100|[from] drain|[of] p2a: Froslass\n|-damage|p2b: Empoleon|0 fnt\n|-heal|p1b: Sinistcha|93/100|[from] drain|[of] p2b: Empoleon\n|faint|p2b: Empoleon\n|\n|-weather|Sandstorm|[upkeep]\n|-damage|p1b: Sinistcha|86/100|[from] Sandstorm\n|-damage|p2a: Froslass|53/100|[from] Sandstorm\n|-heal|p1b: Sinistcha|93/100|[from] item: Leftovers\n|upkeep\n|\n|t:|1776008699\n|switch|p2b: Rotom|Rotom-Frost, L50, shiny|32/100\n|turn|4\n|\n|t:|1776008719\n|switch|p1b: Aerodactyl|Aerodactyl, L50, F|34/100\n|-ability|p1b: Aerodactyl|Unnerve\n|detailschange|p2a: Froslass|Froslass-Mega, L50, F\n|-mega|p2a: Froslass|Froslass|Froslassite\n|-weather|Snowscape|[from] ability: Snow Warning|[of] p2a: Froslass\n|move|p1a: Garchomp|Earthquake|p2a: Froslass|[spread] p2a\n|-immune|p1b: Aerodactyl\n|-immune|p2b: Rotom|[from] ability: Levitate\n|-damage|p2a: Froslass|2/100\n|move|p2b: Rotom|Blizzard|p1b: Aerodactyl|[spread] p1a,p1b\n|-supereffective|p1a: Garchomp|2\n|-supereffective|p1b: Aerodactyl|1\n|-damage|p1a: Garchomp|0 fnt\n|-damage|p1b: Aerodactyl|0 fnt\n|faint|p1a: Garchomp\n|faint|p1b: Aerodactyl\n|move|p2a: Froslass|Aurora Veil|p2a: Froslass\n|-sidestart|p2: RMBanBan|move: Aurora Veil\n|\n|-weather|Snowscape|[upkeep]\n|-sideend|p1: Lioxim|move: Tailwind\n|upkeep\n|\n|t:|1776008736\n|switch|p1b: Sinistcha|Sinistcha, L50|93/100\n|switch|p1a: Tyranitar|Tyranitar, L50, M|100/100\n|-weather|Sandstorm|[from] ability: Sand Stream|[of] p1a: Tyranitar\n|turn|5\n|inactive|Lioxim has 30 seconds left.\n|inactive|Lioxim has 20 seconds left.\n|\n|t:|1776008773\n|switch|p2a: Incineroar|Incineroar, L50, M, shiny|95/100\n|-ability|p2a: Incineroar|Intimidate|boost\n|-unboost|p1a: Tyranitar|atk|1\n|-unboost|p1b: Sinistcha|atk|1\n|move|p2b: Rotom|Blizzard|p1b: Sinistcha|[spread] p1b\n|-miss|p2b: Rotom|p1a: Tyranitar\n|-supereffective|p1b: Sinistcha|1\n|-damage|p1b: Sinistcha|24/100\n|move|p1b: Sinistcha|Matcha Gotcha|p2b: Rotom|[spread] p2a,p2b\n|-resisted|p2a: Incineroar|1\n|-crit|p2b: Rotom\n|-damage|p2a: Incineroar|87/100\n|-heal|p1b: Sinistcha|29/100|[from] drain|[of] p2a: Incineroar\n|-damage|p2b: Rotom|0 fnt\n|-heal|p1b: Sinistcha|40/100|[from] drain|[of] p2b: Rotom\n|faint|p2b: Rotom\n|move|p1a: Tyranitar|Rock Slide|p2a: Incineroar\n|-supereffective|p2a: Incineroar|1\n|-damage|p2a: Incineroar|48/100\n|-enditem|p2a: Incineroar|Sitrus Berry|[eat]\n|-heal|p2a: Incineroar|72/100|[from] item: Sitrus Berry\n|\n|-weather|Sandstorm|[upkeep]\n|-damage|p1b: Sinistcha|34/100|[from] Sandstorm\n|-damage|p2a: Incineroar|66/100|[from] Sandstorm\n|-heal|p1b: Sinistcha|40/100|[from] item: Leftovers\n|upkeep\n|inactive|RMBanBan has 30 seconds left.\n|\n|t:|1776008800\n|switch|p2b: Froslass|Froslass-Mega, L50, F|2/100\n|-weather|Snowscape|[from] ability: Snow Warning|[of] p2b: Froslass\n|turn|6\n|\n|t:|1776008824\n|detailschange|p1a: Tyranitar|Tyranitar-Mega, L50, M\n|-mega|p1a: Tyranitar|Tyranitar|Tyranitarite\n|-weather|Sandstorm|[from] ability: Sand Stream|[of] p1a: Tyranitar\n|move|p1a: Tyranitar|Protect|p1a: Tyranitar\n|-singleturn|p1a: Tyranitar|Protect\n|move|p2a: Incineroar|Fake Out|p1a: Tyranitar\n|-activate|p1a: Tyranitar|move: Protect\n|move|p2b: Froslass|Blizzard|p1a: Tyranitar|[spread] \n|-activate|p1a: Tyranitar|move: Protect\n|-miss|p2b: Froslass|p1b: Sinistcha\n|move|p1b: Sinistcha|Strength Sap|p2a: Incineroar\n|-unboost|p2a: Incineroar|atk|1\n|-heal|p1b: Sinistcha|100/100\n|\n|-weather|Sandstorm|[upkeep]\n|-damage|p2b: Froslass|0 fnt|[from] Sandstorm\n|-damage|p1b: Sinistcha|94/100|[from] Sandstorm\n|-damage|p2a: Incineroar|60/100|[from] Sandstorm\n|faint|p2b: Froslass\n|-heal|p1b: Sinistcha|100/100|[from] item: Leftovers\n|upkeep\n|turn|7\n|inactive|Lioxim has 30 seconds left.\n|inactive|RMBanBan has 30 seconds left.\n|-message|RMBanBan forfeited.\n|\n|win|Lioxim\n|raw|Lioxim's rating: 1133 &rarr; <strong>1154</strong><br />(+21 for winning)\n|raw|RMBanBan's rating: 1074 &rarr; <strong>1056</strong><br />(-18 for losing)\n|l|\u2606RMBanBan\n|player|p2|\n",
  "uploadtime": 1776008855,
  "views": 16,
  "formatid": "gen9championsvgc2026regma",
  "rating": 1056,
  "private": 0,
  "password": null
}