{
  "id": "gen9championsvgc2026regma-2586055436",
  "format": "[Gen 9 Champions] VGC 2026 Reg M-A",
  "players": [
    "nich11222333",
    "mateobosques"
  ],
  "log": "|j|\u2606nich11222333\n|j|\u2606mateobosques\n|t:|1776394318\n|gametype|doubles\n|player|p1|nich11222333|ghetsis|1050\n|player|p2|mateobosques|170|1037\n|gen|9\n|tier|[Gen 9 Champions] VGC 2026 Reg M-A\n|rated|\n|rule|Species Clause: Limit one of each Pok\u00e9mon\n|rule|Item Clause: Limit 1 of each item\n|clearpoke\n|poke|p1|Golurk, L50|\n|poke|p1|Farigiraf, L50, F|\n|poke|p1|Torkoal, L50, F|\n|poke|p1|Incineroar, L50, F|\n|poke|p1|Aggron, L50, F|\n|poke|p1|Sneasler, L50, M|\n|poke|p2|Golurk, L50|\n|poke|p2|Aegislash, L50, M|\n|poke|p2|Vanilluxe, L50, M|\n|poke|p2|Clefable, L50, M|\n|poke|p2|Avalugg, L50, F|\n|poke|p2|Milotic, L50, F|\n|teampreview|4\nmateobosques has agreed to open team sheets.\n|c|\u2606mateobosques|GOLUUUURK\n|c|\u2606nich11222333|sir yes sir\n|\n|t:|1776394365\n|teamsize|p1|4\n|teamsize|p2|4\n|start\n|switch|p1a: Aggron|Aggron, L50, F|100/100\n|switch|p1b: Sneasler|Sneasler, L50, M|100/100\n|switch|p2a: Milotic|Milotic, L50, F, shiny|100/100\n|switch|p2b: Clefable|Clefable, L50, M|100/100\n|turn|1\n|\n|t:|1776394379\n|detailschange|p1a: Aggron|Aggron-Mega, L50, F\n|-mega|p1a: Aggron|Aggron|Aggronite\n|move|p2a: Milotic|Protect|p2a: Milotic\n|-singleturn|p2a: Milotic|Protect\n|move|p2b: Clefable|Protect|p2b: Clefable\n|-singleturn|p2b: Clefable|Protect\n|move|p1b: Sneasler|Fake Out|p2b: Clefable\n|-activate|p2b: Clefable|move: Protect\n|move|p1a: Aggron|Iron Defense|p1a: Aggron\n|-boost|p1a: Aggron|def|2\n|\n|upkeep\n|turn|2\n|\n|t:|1776394403\n|move|p1b: Sneasler|Protect|p1b: Sneasler\n|-singleturn|p1b: Sneasler|Protect\n|move|p1a: Aggron|Protect|p1a: Aggron\n|-singleturn|p1a: Aggron|Protect\n|move|p2a: Milotic|Icy Wind|p1b: Sneasler|[spread] \n|-activate|p1a: Aggron|move: Protect\n|-activate|p1b: Sneasler|move: Protect\n|move|p2b: Clefable|Wish|p2b: Clefable\n|\n|upkeep\n|turn|3\n|\n|t:|1776394429\n|switch|p2a: Golurk|Golurk, L50|100/100\n|move|p1b: Sneasler|Coaching|p1a: Aggron\n|-boost|p1a: Aggron|atk|1\n|-boost|p1a: Aggron|def|1\n|move|p2b: Clefable|Thunder Wave|p1b: Sneasler\n|-status|p1b: Sneasler|par\n|move|p1a: Aggron|Iron Defense|p1a: Aggron\n|-boost|p1a: Aggron|def|2\n|\n|upkeep\n|turn|4\n|\n|t:|1776394449\n|switch|p1b: Incineroar|Incineroar, L50, F|100/100\n|-ability|p1b: Incineroar|Intimidate|boost\n|-unboost|p2a: Golurk|atk|1\n|-unboost|p2b: Clefable|atk|1\n|detailschange|p2a: Golurk|Golurk-Mega, L50\n|-mega|p2a: Golurk|Golurk|Golurkite\n|move|p2b: Clefable|Follow Me|p2b: Clefable\n|-singleturn|p2b: Clefable|move: Follow Me\n|move|p2a: Golurk|Headlong Rush|p1a: Aggron\n|-supereffective|p1a: Aggron|1\n|-damage|p1a: Aggron|90/100\n|-unboost|p2a: Golurk|def|1\n|-unboost|p2a: Golurk|spd|1\n|move|p1a: Aggron|Body Press|p2b: Clefable\n|-resisted|p2b: Clefable|1\n|-damage|p2b: Clefable|30/100\n|-enditem|p2b: Clefable|Sitrus Berry|[eat]\n|-heal|p2b: Clefable|55/100|[from] item: Sitrus Berry\n|\n|upkeep\n|turn|5\n|\n|t:|1776394472\n|switch|p2a: Milotic|Milotic, L50, F, shiny|100/100\n|move|p2b: Clefable|Wish|p2b: Clefable\n|move|p1b: Incineroar|Darkest Lariat|p2a: Milotic\n|-damage|p2a: Milotic|65/100\n|move|p1a: Aggron|Body Press|p2b: Clefable\n|-resisted|p2b: Clefable|1\n|-damage|p2b: Clefable|0 fnt\n|faint|p2b: Clefable\n|\n|upkeep\n|\n|t:|1776394483\n|switch|p2b: Golurk|Golurk-Mega, L50|100/100\n|turn|6\n|\n|t:|1776394493\n|move|p2b: Golurk|Protect|p2b: Golurk\n|-singleturn|p2b: Golurk|Protect\n|move|p2a: Milotic|Hydro Pump|p1a: Aggron\n|-damage|p1a: Aggron|43/100\n|move|p1b: Incineroar|Darkest Lariat|p2b: Golurk\n|-activate|p2b: Golurk|move: Protect\n|move|p1a: Aggron|Body Press|p2a: Milotic\n|-damage|p2a: Milotic|0 fnt\n|faint|p2a: Milotic\n|\n|upkeep\n|\n|t:|1776394500\n|switch|p2a: Vanilluxe|Vanilluxe, L50, M|100/100\n|-weather|Snowscape|[from] ability: Snow Warning|[of] p2a: Vanilluxe\n|turn|7\n|\n|t:|1776394510\n|switch|p1b: Farigiraf|Farigiraf, L50, F|100/100\n|move|p1a: Aggron|Protect|p1a: Aggron\n|-singleturn|p1a: Aggron|Protect\n|move|p2a: Vanilluxe|Blizzard|p1b: Farigiraf|[spread] p1b\n|-activate|p1a: Aggron|move: Protect\n|-damage|p1b: Farigiraf|62/100\n|move|p2b: Golurk|Headlong Rush|p1b: Farigiraf\n|-damage|p1b: Farigiraf|1/100\n|-unboost|p2b: Golurk|def|1\n|-unboost|p2b: Golurk|spd|1\n|\n|-weather|Snowscape|[upkeep]\n|upkeep\n|turn|8\n|\n|t:|1776394535\n|move|p2a: Vanilluxe|Blizzard|p1a: Aggron|[spread] p1a,p1b\n|-resisted|p1a: Aggron|1\n|-damage|p1a: Aggron|24/100\n|-damage|p1b: Farigiraf|0 fnt\n|-status|p1a: Aggron|frz\n|faint|p1b: Farigiraf\n|move|p2b: Golurk|Headlong Rush|p1a: Aggron\n|-supereffective|p1a: Aggron|1\n|-damage|p1a: Aggron|8/100 frz\n|-unboost|p2b: Golurk|def|1\n|-unboost|p2b: Golurk|spd|1\n|cant|p1a: Aggron|frz\n|\n|-weather|Snowscape|[upkeep]\n|upkeep\n|\n|t:|1776394551\n|switch|p1b: Sneasler|Sneasler, L50, M|100/100 par\n|turn|9\n|\n|t:|1776394559\n|cant|p1a: Aggron|frz\n|move|p2a: Vanilluxe|Blizzard|p1b: Sneasler|[spread] p1a,p1b\n|-resisted|p1a: Aggron|1\n|-damage|p1a: Aggron|0 fnt\n|-damage|p1b: Sneasler|39/100 par\n|faint|p1a: Aggron\n|move|p2b: Golurk|Headlong Rush|p1b: Sneasler\n|-supereffective|p1b: Sneasler|1\n|-damage|p1b: Sneasler|0 fnt\n|-unboost|p2b: Golurk|def|1\n|-unboost|p2b: Golurk|spd|1\n|faint|p1b: Sneasler\n|\n|-weather|Snowscape|[upkeep]\n|upkeep\n|\n|t:|1776394571\n|switch|p1b: Incineroar|Incineroar, L50, F|100/100\n|-ability|p1b: Incineroar|Intimidate|boost\n|-unboost|p2a: Vanilluxe|atk|1\n|-unboost|p2b: Golurk|atk|1\n|turn|10\n|\n|t:|1776394579\n|move|p2b: Golurk|Protect|p2b: Golurk\n|-singleturn|p2b: Golurk|Protect\n|move|p2a: Vanilluxe|Blizzard|p1b: Incineroar\n|-resisted|p1b: Incineroar|1\n|-damage|p1b: Incineroar|78/100\n|move|p1b: Incineroar|Darkest Lariat|p2b: Golurk\n|-activate|p2b: Golurk|move: Protect\n|\n|-weather|Snowscape|[upkeep]\n|upkeep\n|turn|11\n|-message|nich11222333 forfeited.\n|\n|win|mateobosques\n|raw|nich11222333's rating: 1050 &rarr; <strong>1032</strong><br />(-18 for losing)\n|raw|mateobosques's rating: 1037 &rarr; <strong>1073</strong><br />(+36 for winning)\n|l|\u2606nich11222333\n|player|p1|\n|c|\u2606mateobosques|Ggs\n|c|\u2606mateobosques|Bad luck man\n|c|\u2606mateobosques|Keep going on the golurk path, be strong\n",
  "uploadtime": 1776394614,
  "views": 16,
  "formatid": "gen9championsvgc2026regma",
  "rating": 1032,
  "private": 0,
  "password": null
}