{
  "id": "gen9championsvgc2026regma-2588377585",
  "format": "[Gen 9 Champions] VGC 2026 Reg M-A",
  "players": [
    "Tamejo",
    "NotAShortKid232323"
  ],
  "log": "|j|\u2606Tamejo\n|j|\u2606NotAShortKid232323\n|t:|1776628463\n|gametype|doubles\n|player|p1|Tamejo|caitlin|1217\n|player|p2|NotAShortKid232323|1|1149\n|gen|9\n|tier|[Gen 9 Champions] VGC 2026 Reg M-A\n|rated|\n|rule|Species Clause: Limit one of each Pok\u00e9mon\n|rule|Item Clause: Limit 1 of each item\n|clearpoke\n|poke|p1|Dragapult, L50, M|\n|poke|p1|Sylveon, L50, F|\n|poke|p1|Whimsicott, L50, M|\n|poke|p1|Glimmora, L50, M|\n|poke|p1|Charizard, L50, F|\n|poke|p1|Kingambit, L50, F|\n|poke|p2|Delphox, L50, F|\n|poke|p2|Whimsicott, L50, M|\n|poke|p2|Rotom-Wash, L50|\n|poke|p2|Garchomp, L50, M|\n|poke|p2|Incineroar, L50, M|\n|poke|p2|Farigiraf, L50, M|\n|teampreview|4\n|inactive|Battle timer is ON: inactive players will automatically lose when time's up. (requested by NotAShortKid232323)\n|\n|t:|1776628489\n|teamsize|p1|4\n|teamsize|p2|4\n|start\n|switch|p1a: Whimsicott|Whimsicott, L50, M|100/100\n|switch|p1b: Dragapult|Dragapult, L50, M|100/100\n|switch|p2a: Whimsicott|Whimsicott, L50, M|100/100\n|switch|p2b: Delphox|Delphox, L50, F|100/100\n|turn|1\n|inactive|NotAShortKid232323 has 30 seconds left.\n|\n|t:|1776628519\n|detailschange|p2b: Delphox|Delphox-Mega, L50, F\n|-mega|p2b: Delphox|Delphox|Delphoxite\n|move|p2b: Delphox|Protect|p2b: Delphox\n|-singleturn|p2b: Delphox|Protect\n|move|p2a: Whimsicott|Tailwind|p2a: Whimsicott\n|-sidestart|p2: NotAShortKid232323|move: Tailwind\n|move|p1a: Whimsicott|Tailwind|p1a: Whimsicott\n|-sidestart|p1: Tamejo|move: Tailwind\n|move|p1b: Dragapult|Phantom Force||[still]\n|-prepare|p1b: Dragapult|Phantom Force\n|\n|upkeep\n|turn|2\n|\n|t:|1776628541\n|switch|p2b: Garchomp|Garchomp, L50, M|100/100\n|move|p1a: Whimsicott|Encore|p2a: Whimsicott\n|-start|p2a: Whimsicott|Encore\n|move|p2a: Whimsicott|Tailwind||[still]\n|-fail|p2a: Whimsicott\n|move|p1b: Dragapult|Phantom Force|p2b: Garchomp|[from] lockedmove\n|-damage|p2b: Garchomp|59/100\n|-damage|p1b: Dragapult|88/100|[from] ability: Rough Skin|[of] p2b: Garchomp\n|\n|upkeep\n|turn|3\n|\n|t:|1776628557\n|switch|p2a: Rotom|Rotom-Wash, L50|100/100\n|move|p1b: Dragapult|U-turn|p2a: Rotom\n|-damage|p2a: Rotom|71/100\n|\n|t:|1776628563\n|switch|p1b: Sylveon|Sylveon, L50, F|100/100|[from] U-turn\n|move|p2b: Garchomp|Earthquake|p1b: Sylveon|[spread] p1a,p1b\n|-immune|p2a: Rotom|[from] ability: Levitate\n|-resisted|p1a: Whimsicott|1\n|-crit|p1b: Sylveon\n|-damage|p1a: Whimsicott|73/100\n|-damage|p1b: Sylveon|33/100\n|move|p1a: Whimsicott|Moonblast|p2b: Garchomp\n|-supereffective|p2b: Garchomp|1\n|-damage|p2b: Garchomp|7/100\n|\n|-heal|p1b: Sylveon|39/100|[from] item: Leftovers\n|upkeep\n|turn|4\n|\n|t:|1776628588\n|move|p1b: Sylveon|Protect|p1b: Sylveon\n|-singleturn|p1b: Sylveon|Protect\n|move|p2b: Garchomp|Earthquake|p1b: Sylveon|[spread] p1a\n|-activate|p1b: Sylveon|move: Protect\n|-immune|p2a: Rotom|[from] ability: Levitate\n|-resisted|p1a: Whimsicott|1\n|-damage|p1a: Whimsicott|45/100\n|move|p1a: Whimsicott|Moonblast|p2b: Garchomp\n|-supereffective|p2b: Garchomp|1\n|-damage|p2b: Garchomp|0 fnt\n|faint|p2b: Garchomp\n|move|p2a: Rotom|Hydro Pump|p1a: Whimsicott\n|-resisted|p1a: Whimsicott|1\n|-damage|p1a: Whimsicott|5/100\n|\n|-heal|p1b: Sylveon|45/100|[from] item: Leftovers\n|-sideend|p1: Tamejo|move: Tailwind\n|-sideend|p2: NotAShortKid232323|move: Tailwind\n|upkeep\n|\n|t:|1776628603\n|switch|p2b: Delphox|Delphox-Mega, L50, F|100/100\n|turn|5\n|inactive|Tamejo has 30 seconds left.\n|inactive|Tamejo has 20 seconds left.\n|\n|t:|1776628641\n|switch|p2a: Whimsicott|Whimsicott, L50, M|100/100\n|move|p1a: Whimsicott|Tailwind|p1a: Whimsicott\n|-sidestart|p1: Tamejo|move: Tailwind\n|move|p2b: Delphox|Heat Wave|p1a: Whimsicott|[spread] p1a,p1b\n|-supereffective|p1a: Whimsicott|1\n|-damage|p1a: Whimsicott|0 fnt\n|-damage|p1b: Sylveon|15/100\n|faint|p1a: Whimsicott\n|move|p1b: Sylveon|Hyper Voice|p2b: Delphox|[spread] p2a,p2b\n|-resisted|p2b: Delphox|1\n|-damage|p2a: Whimsicott|45/100\n|-damage|p2b: Delphox|82/100\n|\n|-heal|p1b: Sylveon|21/100|[from] item: Leftovers\n|upkeep\n|\n|t:|1776628650\n|switch|p1a: Dragapult|Dragapult, L50, M|88/100\n|turn|6\n|\n|t:|1776628669\n|move|p1b: Sylveon|Protect|p1b: Sylveon\n|-singleturn|p1b: Sylveon|Protect\n|move|p2a: Whimsicott|Tailwind|p2a: Whimsicott\n|-sidestart|p2: NotAShortKid232323|move: Tailwind\n|move|p1a: Dragapult|Phantom Force||[still]\n|-prepare|p1a: Dragapult|Phantom Force\n|move|p2b: Delphox|Heat Wave|p1a: Dragapult|[spread] \n|-miss|p2b: Delphox|p1a: Dragapult\n|-activate|p1b: Sylveon|move: Protect\n|\n|-heal|p1b: Sylveon|27/100|[from] item: Leftovers\n|upkeep\n|turn|7\n|\n|t:|1776628691\n|switch|p2a: Rotom|Rotom-Wash, L50|71/100\n|move|p1a: Dragapult|Phantom Force|p2b: Delphox|[from] lockedmove\n|-supereffective|p2b: Delphox|1\n|-damage|p2b: Delphox|0 fnt\n|faint|p2b: Delphox\n|move|p1b: Sylveon|Hyper Voice|p2a: Rotom\n|-damage|p2a: Rotom|19/100\n|\n|-heal|p1b: Sylveon|33/100|[from] item: Leftovers\n|upkeep\n|\n|t:|1776628701\n|switch|p2b: Whimsicott|Whimsicott, L50, M|45/100\n|turn|8\n|\n|t:|1776628711\n|move|p2b: Whimsicott|Protect|p2b: Whimsicott\n|-singleturn|p2b: Whimsicott|Protect\n|move|p2a: Rotom|Protect|p2a: Rotom\n|-singleturn|p2a: Rotom|Protect\n|move|p1a: Dragapult|Phantom Force||[still]\n|-prepare|p1a: Dragapult|Phantom Force\n|move|p1b: Sylveon|Hyper Voice|p2a: Rotom|[spread] \n|-activate|p2a: Rotom|move: Protect\n|-activate|p2b: Whimsicott|move: Protect\n|\n|-heal|p1b: Sylveon|39/100|[from] item: Leftovers\n|-sideend|p1: Tamejo|move: Tailwind\n|upkeep\n|turn|9\n|\n|t:|1776628721\n|move|p2b: Whimsicott|Moonblast|p1a: Dragapult|[miss]\n|-miss|p2b: Whimsicott|p1a: Dragapult\n|move|p1a: Dragapult|Phantom Force|p2a: Rotom|[from] lockedmove\n|-damage|p2a: Rotom|0 fnt\n|faint|p2a: Rotom\n|move|p1b: Sylveon|Hyper Voice|p2b: Whimsicott\n|-damage|p2b: Whimsicott|0 fnt\n|faint|p2b: Whimsicott\n|\n|win|Tamejo\n|raw|Tamejo's rating: 1242 &rarr; <strong>1260</strong><br />(+18 for winning)\n|raw|NotAShortKid232323's rating: 1149 &rarr; <strong>1131</strong><br />(-18 for losing)\n|l|\u2606NotAShortKid232323\n|player|p2|\n",
  "uploadtime": 1776628761,
  "views": 10,
  "formatid": "gen9championsvgc2026regma",
  "rating": 1131,
  "private": 0,
  "password": null
}