{
  "id": "gen9championsvgc2026regma-2584756814",
  "format": "[Gen 9 Champions] VGC 2026 Reg M-A",
  "players": [
    "tobasado",
    "etrdyfyiu"
  ],
  "log": "|j|\u2606tobasado\n|j|\u2606etrdyfyiu\n|t:|1776281476\n|gametype|doubles\n|player|p1|tobasado|265|1307\n|player|p2|etrdyfyiu|266|1325\n|gen|9\n|tier|[Gen 9 Champions] VGC 2026 Reg M-A\n|rated|\n|rule|Species Clause: Limit one of each Pok\u00e9mon\n|rule|Item Clause: Limit 1 of each item\n|clearpoke\n|poke|p1|Tyranitar, L50, F|\n|poke|p1|Excadrill, L50, M|\n|poke|p1|Rotom-Heat, L50|\n|poke|p1|Gyarados, L50, F|\n|poke|p1|Sinistcha, L50|\n|poke|p1|Corviknight, L50, F|\n|poke|p2|Palafin, L50, F|\n|poke|p2|Arcanine, L50, F|\n|poke|p2|Scizor, L50, M|\n|poke|p2|Tyranitar, L50, M|\n|poke|p2|Sneasler, L50, M|\n|poke|p2|Sinistcha, L50|\n|teampreview|4\n|inactive|Battle timer is ON: inactive players will automatically lose when time's up. (requested by tobasado)\n|\n|t:|1776281497\n|teamsize|p1|4\n|teamsize|p2|4\n|start\n|switch|p1a: Tyranitar|Tyranitar, L50, F|100/100\n|switch|p1b: Excadrill|Excadrill, L50, M|100/100\n|switch|p2a: Palafin|Palafin, L50, F|100/100\n|switch|p2b: Sneasler|Sneasler, L50, M, shiny|100/100\n|-weather|Sandstorm|[from] ability: Sand Stream|[of] p1a: Tyranitar\n|turn|1\n|\n|t:|1776281516\n|move|p1b: Excadrill|Protect|p1b: Excadrill\n|-singleturn|p1b: Excadrill|Protect\n|move|p1a: Tyranitar|Protect|p1a: Tyranitar\n|-singleturn|p1a: Tyranitar|Protect\n|move|p2b: Sneasler|Fake Out|p1b: Excadrill\n|-activate|p1b: Excadrill|move: Protect\n|move|p2a: Palafin|Flip Turn|p1a: Tyranitar\n|-activate|p1a: Tyranitar|move: Protect\n|\n|-weather|Sandstorm|[upkeep]\n|-damage|p2a: Palafin|95/100|[from] Sandstorm\n|-damage|p2b: Sneasler|95/100|[from] Sandstorm\n|upkeep\n|turn|2\n|\n|t:|1776281538\n|switch|p1a: Rotom|Rotom-Heat, L50|100/100\n|move|p1b: Excadrill|Earthquake|p2a: Palafin|[spread] p2a,p2b\n|-immune|p1a: Rotom|[from] ability: Levitate\n|-supereffective|p2b: Sneasler|1\n|-damage|p2a: Palafin|44/100\n|-damage|p2b: Sneasler|0 fnt\n|faint|p2b: Sneasler\n|move|p2a: Palafin|Flip Turn|p1b: Excadrill\n|-supereffective|p1b: Excadrill|1\n|-damage|p1b: Excadrill|33/100\n|\n|t:|1776281553\n|detailschange|p2a: Palafin|Palafin-Hero, L50, F\n|switch|p2a: Tyranitar|Tyranitar, L50, M, shiny|100/100|[from] Flip Turn\n|\n|-weather|Sandstorm|[upkeep]\n|-damage|p1a: Rotom|95/100|[from] Sandstorm\n|upkeep\n|\n|t:|1776281567\n|switch|p2b: Palafin|Palafin-Hero, L50, F|44/100\n|-activate|p2b: Palafin|ability: Zero to Hero\n|turn|3\n|\n|t:|1776281578\n|detailschange|p2a: Tyranitar|Tyranitar-Mega, L50, M, shiny\n|-mega|p2a: Tyranitar|Tyranitar|Tyranitarite\n|move|p2b: Palafin|Jet Punch|p1b: Excadrill\n|-supereffective|p1b: Excadrill|1\n|-damage|p1b: Excadrill|0 fnt\n|faint|p1b: Excadrill\n|move|p1a: Rotom|Will-O-Wisp|p2a: Tyranitar\n|-status|p2a: Tyranitar|brn\n|move|p2a: Tyranitar|Rock Slide|p1a: Rotom|[miss]\n|-miss|p2a: Tyranitar|p1a: Rotom\n|\n|-weather|Sandstorm|[upkeep]\n|-damage|p2b: Palafin|38/100|[from] Sandstorm\n|-damage|p1a: Rotom|89/100|[from] Sandstorm\n|-damage|p2a: Tyranitar|95/100 brn|[from] brn\n|upkeep\n|\n|t:|1776281591\n|switch|p1b: Sinistcha|Sinistcha, L50|100/100\n|-heal|p1a: Rotom|100/100|[from] ability: Hospitality|[of] p1b: Sinistcha\n|turn|4\n|\n|t:|1776281596\n|switch|p2b: Sinistcha|Sinistcha, L50|100/100\n|-heal|p2a: Tyranitar|100/100 brn|[from] ability: Hospitality|[of] p2b: Sinistcha\n|move|p1b: Sinistcha|Rage Powder|p1b: Sinistcha\n|-singleturn|p1b: Sinistcha|move: Rage Powder\n|move|p1a: Rotom|Volt Switch|p2b: Sinistcha\n|-resisted|p2b: Sinistcha|1\n|-damage|p2b: Sinistcha|86/100\n|\n|t:|1776281604\n|switch|p1a: Tyranitar|Tyranitar, L50, F|100/100|[from] Volt Switch\n|move|p2a: Tyranitar|Knock Off|p1b: Sinistcha\n|-supereffective|p1b: Sinistcha|1\n|-damage|p1b: Sinistcha|54/100\n|-enditem|p1b: Sinistcha|Sitrus Berry|[from] move: Knock Off|[of] p2a: Tyranitar\n|\n|-weather|Sandstorm|[upkeep]\n|-damage|p1b: Sinistcha|48/100|[from] Sandstorm\n|-damage|p2b: Sinistcha|80/100|[from] Sandstorm\n|-damage|p2a: Tyranitar|95/100 brn|[from] brn\n|upkeep\n|turn|5\n|\n|t:|1776281620\n|move|p2a: Tyranitar|Low Kick|p1a: Tyranitar\n|-supereffective|p1a: Tyranitar|2\n|-damage|p1a: Tyranitar|25/100\n|move|p1b: Sinistcha|Matcha Gotcha|p2a: Tyranitar|[spread] p2a,p2b\n|-supereffective|p2a: Tyranitar|1\n|-resisted|p2b: Sinistcha|1\n|-damage|p2a: Tyranitar|69/100 brn\n|-heal|p1b: Sinistcha|63/100|[from] drain|[of] p2a: Tyranitar\n|-damage|p2b: Sinistcha|68/100\n|-heal|p1b: Sinistcha|70/100|[from] drain|[of] p2b: Sinistcha\n|move|p1a: Tyranitar|Knock Off|p2b: Sinistcha\n|-supereffective|p2b: Sinistcha|1\n|-damage|p2b: Sinistcha|0 fnt\n|-enditem|p2b: Sinistcha|Sitrus Berry|[from] move: Knock Off|[of] p1a: Tyranitar\n|faint|p2b: Sinistcha\n|\n|-weather|none\n|-damage|p2a: Tyranitar|63/100 brn|[from] brn\n|upkeep\n|\n|t:|1776281635\n|switch|p2b: Palafin|Palafin-Hero, L50, F|38/100\n|turn|6\n|\n|t:|1776281651\n|detailschange|p1a: Tyranitar|Tyranitar-Mega, L50, F\n|-mega|p1a: Tyranitar|Tyranitar|Tyranitarite\n|-weather|Sandstorm|[from] ability: Sand Stream|[of] p1a: Tyranitar\n|move|p1b: Sinistcha|Rage Powder|p1b: Sinistcha\n|-singleturn|p1b: Sinistcha|move: Rage Powder\n|move|p2b: Palafin|Jet Punch|p1b: Sinistcha\n|-resisted|p1b: Sinistcha|1\n|-damage|p1b: Sinistcha|56/100\n|move|p1a: Tyranitar|Low Kick|p2a: Tyranitar\n|-supereffective|p2a: Tyranitar|2\n|-damage|p2a: Tyranitar|0 fnt\n|faint|p2a: Tyranitar\n|\n|-weather|Sandstorm|[upkeep]\n|-damage|p2b: Palafin|32/100|[from] Sandstorm\n|-damage|p1b: Sinistcha|50/100|[from] Sandstorm\n|upkeep\n|turn|7\n|\n|t:|1776281664\n|move|p2b: Palafin|Jet Punch|p1a: Tyranitar\n|-supereffective|p1a: Tyranitar|1\n|-damage|p1a: Tyranitar|0 fnt\n|faint|p1a: Tyranitar\n|move|p1b: Sinistcha|Matcha Gotcha|p2b: Palafin\n|-supereffective|p2b: Palafin|1\n|-damage|p2b: Palafin|0 fnt\n|-heal|p1b: Sinistcha|68/100|[from] drain|[of] p2b: Palafin\n|faint|p2b: Palafin\n|\n|win|tobasado\n|raw|tobasado's rating: 1307 &rarr; <strong>1328</strong><br />(+21 for winning)\n|raw|etrdyfyiu's rating: 1325 &rarr; <strong>1304</strong><br />(-21 for losing)\n|l|\u2606tobasado\n|player|p1|\n",
  "uploadtime": 1776281679,
  "views": 25,
  "formatid": "gen9championsvgc2026regma",
  "rating": 1304,
  "private": 0,
  "password": null
}