{
  "id": "gen9championsvgc2026regma-2582375768",
  "format": "[Gen 9 Champions] VGC 2026 Reg M-A",
  "players": [
    "Spikeyrs",
    "GenericEdgeLrd"
  ],
  "log": "|j|\u2606Spikeyrs\n|j|\u2606GenericEdgeLrd\n|t:|1776087464\n|gametype|doubles\n|player|p1|Spikeyrs|2|1020\n|player|p2|GenericEdgeLrd|gentleman-gen4|1027\n|gen|9\n|tier|[Gen 9 Champions] VGC 2026 Reg M-A\n|rated|\n|rule|Species Clause: Limit one of each Pok\u00e9mon\n|rule|Item Clause: Limit 1 of each item\n|clearpoke\n|poke|p1|Greninja-*, L50, M|\n|poke|p1|Toucannon, L50, M|\n|poke|p1|Ceruledge, L50, F|\n|poke|p1|Basculegion-F, L50, F|\n|poke|p1|Pelipper, L50, F|\n|poke|p1|Sinistcha, L50|\n|poke|p2|Glimmora, L50, F|\n|poke|p2|Orthworm, L50, F|\n|poke|p2|Garchomp, L50, M|\n|poke|p2|Tyranitar, L50, F|\n|poke|p2|Sinistcha, L50|\n|poke|p2|Mamoswine, L50, F|\n|teampreview|4\n|inactive|Battle timer is ON: inactive players will automatically lose when time's up. (requested by Spikeyrs)\n|inactive|Spikeyrs has 60 seconds left.\n|\n|t:|1776087506\n|teamsize|p1|4\n|teamsize|p2|4\n|start\n|switch|p1a: Toucannon|Toucannon, L50, M|100/100\n|switch|p1b: Greninja|Greninja, L50, M|100/100\n|switch|p2a: Orthworm|Orthworm, L50, F|100/100\n|switch|p2b: Garchomp|Garchomp, L50, M|100/100\n|turn|1\n|\n|t:|1776087517\n|detailschange|p1b: Greninja|Greninja-Mega, L50, M\n|-mega|p1b: Greninja|Greninja|Greninjite\n|move|p2b: Garchomp|Protect|p2b: Garchomp\n|-singleturn|p2b: Garchomp|Protect\n|move|p1b: Greninja|Icy Wind|p2b: Garchomp|[spread] p2a\n|-start|p1b: Greninja|typechange|Ice|[from] ability: Protean\n|-activate|p2b: Garchomp|move: Protect\n|-resisted|p2a: Orthworm|1\n|-damage|p2a: Orthworm|85/100\n|-unboost|p2a: Orthworm|spe|1\n|move|p1a: Toucannon|Tailwind|p1a: Toucannon\n|-sidestart|p1: Spikeyrs|move: Tailwind\n|move|p2a: Orthworm|Shed Tail|p2a: Orthworm\n|-start|p2a: Orthworm|Substitute|[from] move: Shed Tail\n|-damage|p2a: Orthworm|34/100\n|\n|t:|1776087534\n|switch|p2a: Glimmora|Glimmora, L50, F, shiny|100/100|[from] Shed Tail\n|\n|upkeep\n|turn|2\n|\n|t:|1776087552\n|detailschange|p2a: Glimmora|Glimmora-Mega, L50, F, shiny\n|-mega|p2a: Glimmora|Glimmora|Glimmoranite\n|move|p1b: Greninja|Icy Wind|p2b: Garchomp|[spread] p2a,p2b\n|-end|p2a: Glimmora|Substitute\n|-supereffective|p2b: Garchomp|2\n|-damage|p2b: Garchomp|22/100\n|-unboost|p2b: Garchomp|spe|1\n|move|p1a: Toucannon|Boomburst|p2a: Glimmora|[spread] p1b,p2a,p2b\n|-resisted|p2a: Glimmora|1\n|-damage|p1b: Greninja|59/100\n|-damage|p2a: Glimmora|75/100\n|-damage|p2b: Garchomp|0 fnt\n|faint|p2b: Garchomp\n|move|p2a: Glimmora|Power Gem|p1b: Greninja\n|-supereffective|p1b: Greninja|1\n|-damage|p1b: Greninja|0 fnt\n|faint|p1b: Greninja\n|\n|upkeep\n|\n|t:|1776087568\n|switch|p2b: Sinistcha|Sinistcha, L50|100/100\n|switch|p1b: Basculegion|Basculegion-F, L50, F|100/100\n|-heal|p2a: Glimmora|99/100|[from] ability: Hospitality|[of] p2b: Sinistcha\n|turn|3\n|inactive|Spikeyrs has 30 seconds left.\n|inactive|Spikeyrs has 20 seconds left.\n|\n|t:|1776087606\n|switch|p2b: Orthworm|Orthworm, L50, F|34/100\n|move|p2a: Glimmora|Protect|p2a: Glimmora\n|-singleturn|p2a: Glimmora|Protect\n|move|p1b: Basculegion|Shadow Ball|p2b: Orthworm\n|-damage|p2b: Orthworm|0 fnt\n|faint|p2b: Orthworm\n|move|p1a: Toucannon|U-turn|p2a: Glimmora\n|-activate|p2a: Glimmora|move: Protect\n|\n|upkeep\n|\n|t:|1776087618\n|switch|p2b: Sinistcha|Sinistcha, L50|100/100\n|-heal|p2a: Glimmora|100/100|[from] ability: Hospitality|[of] p2b: Sinistcha\n|turn|4\n|\n|t:|1776087637\n|switch|p1b: Pelipper|Pelipper, L50, F|100/100\n|-weather|RainDance|[from] ability: Drizzle|[of] p1b: Pelipper\n|move|p1a: Toucannon|U-turn|p2b: Sinistcha\n|-damage|p2b: Sinistcha|89/100\n|\n|t:|1776087643\n|switch|p1a: Basculegion|Basculegion-F, L50, F|100/100|[from] U-turn\n|move|p2a: Glimmora|Power Gem|p1b: Pelipper\n|-supereffective|p1b: Pelipper|1\n|-damage|p1b: Pelipper|0 fnt\n|faint|p1b: Pelipper\n|move|p2b: Sinistcha|Shadow Ball|p1a: Basculegion\n|-supereffective|p1a: Basculegion|1\n|-damage|p1a: Basculegion|35/100\n|\n|-weather|RainDance|[upkeep]\n|-sideend|p1: Spikeyrs|move: Tailwind\n|upkeep\n|\n|t:|1776087650\n|switch|p1b: Toucannon|Toucannon, L50, M|100/100\n|turn|5\n|inactive|Spikeyrs has 30 seconds left.\n|\n|t:|1776087678\n|move|p2a: Glimmora|Protect|p2a: Glimmora\n|-singleturn|p2a: Glimmora|Protect\n|move|p1a: Basculegion|Muddy Water|p2a: Glimmora|[spread] p2b\n|-activate|p2a: Glimmora|move: Protect\n|-resisted|p2b: Sinistcha|1\n|-damage|p2b: Sinistcha|50/100\n|-enditem|p2b: Sinistcha|Sitrus Berry|[eat]\n|-heal|p2b: Sinistcha|75/100|[from] item: Sitrus Berry\n|move|p1b: Toucannon|Boomburst|p2a: Glimmora|[spread] \n|-activate|p2a: Glimmora|move: Protect\n|-immune|p1a: Basculegion\n|-immune|p2b: Sinistcha\n|move|p2b: Sinistcha|Matcha Gotcha|p1b: Toucannon|[spread] p1a,p1b\n|-supereffective|p1a: Basculegion|1\n|-resisted|p1b: Toucannon|1\n|-damage|p1a: Basculegion|0 fnt\n|-heal|p2b: Sinistcha|94/100|[from] drain|[of] p1a: Basculegion\n|-damage|p1b: Toucannon|83/100\n|-heal|p2b: Sinistcha|100/100|[from] drain|[of] p1b: Toucannon\n|faint|p1a: Basculegion\n|\n|-weather|RainDance|[upkeep]\n|upkeep\n|turn|6\n|-message|Spikeyrs forfeited.\n|\n|win|GenericEdgeLrd\n|raw|Spikeyrs's rating: 1020 &rarr; <strong>1007</strong><br />(-13 for losing)\n|raw|GenericEdgeLrd's rating: 1027 &rarr; <strong>1062</strong><br />(+35 for winning)\n|l|\u2606Spikeyrs\n|player|p1|\n",
  "uploadtime": 1776087702,
  "views": 8,
  "formatid": "gen9championsvgc2026regma",
  "rating": 1007,
  "private": 0,
  "password": null
}