{
  "id": "gen9championsvgc2026regma-2580934712",
  "format": "[Gen 9 Champions] VGC 2026 Reg M-A",
  "players": [
    "Sceptilicious",
    "Pegassin"
  ],
  "log": "|j|\u2606Sceptilicious\n|j|\u2606Pegassin\n|t:|1775944649\n|gametype|doubles\n|player|p1|Sceptilicious|266|1000\n|player|p2|Pegassin|266|1053\n|gen|9\n|tier|[Gen 9 Champions] VGC 2026 Reg M-A\n|rated|\n|rule|Species Clause: Limit one of each Pok\u00e9mon\n|rule|Item Clause: Limit 1 of each item\n|clearpoke\n|poke|p1|Sinistcha, L50|\n|poke|p1|Dragonite, L50, F|\n|poke|p1|Politoed, L50, F|\n|poke|p1|Incineroar, L50, F|\n|poke|p1|Rotom-Wash, L50|\n|poke|p1|Glimmora, L50, M|\n|poke|p2|Hatterene, L50, F|\n|poke|p2|Torkoal, L50, F|\n|poke|p2|Araquanid, L50, F|\n|poke|p2|Gallade, L50, M|\n|poke|p2|Camerupt, L50, F|\n|poke|p2|Farigiraf, L50, F|\n|teampreview|4\nPegassin has agreed to open team sheets.\n|inactive|Battle timer is ON: inactive players will automatically lose when time's up. (requested by Pegassin)\n|\n|t:|1775944691\n|teamsize|p1|4\n|teamsize|p2|4\n|start\n|switch|p1a: Glimmora|Glimmora, L50, M|100/100\n|switch|p1b: Incineroar|Incineroar, L50, F|100/100\n|switch|p2a: My goat|Hatterene, L50, F, shiny|100/100\n|switch|p2b: Farigirafif|Farigiraf, L50, F, shiny|100/100\n|-ability|p1b: Incineroar|Intimidate|boost\n|-unboost|p2a: My goat|atk|1\n|-unboost|p2b: Farigirafif|atk|1\n|turn|1\n|inactive|Pegassin has 30 seconds left.\n|\n|t:|1775944727\n|move|p1a: Glimmora|Protect|p1a: Glimmora\n|-singleturn|p1a: Glimmora|Protect\n|move|p1b: Incineroar|Parting Shot|p2b: Farigirafif\n|-unboost|p2b: Farigirafif|atk|1\n|-unboost|p2b: Farigirafif|spa|1\n|\n|t:|1775944733\n|switch|p1b: Politoed|Politoed, L50, F|100/100|[from] Parting Shot\n|-weather|RainDance|[from] ability: Drizzle|[of] p1b: Politoed\n|move|p2b: Farigirafif|Calm Mind|p2b: Farigirafif\n|-boost|p2b: Farigirafif|spa|1\n|-boost|p2b: Farigirafif|spd|1\n|move|p2a: My goat|Trick Room|p2a: My goat\n|-fieldstart|move: Trick Room|[of] p2a: My goat\n|\n|-weather|RainDance|[upkeep]\n|upkeep\n|turn|2\n|inactive|Pegassin has 30 seconds left.\n|\n|t:|1775944760\n|switch|p1a: Incineroar|Incineroar, L50, F|100/100\n|-ability|p1a: Incineroar|Intimidate|boost\n|-unboost|p2a: My goat|atk|1\n|-unboost|p2b: Farigirafif|atk|1\n|move|p2a: My goat|Expanding Force|p1a: Incineroar\n|-immune|p1a: Incineroar\n|move|p2b: Farigirafif|Dazzling Gleam|p1a: Incineroar|[spread] p1a,p1b\n|-damage|p1a: Incineroar|81/100\n|-damage|p1b: Politoed|82/100\n|move|p1b: Politoed|Encore|p2b: Farigirafif\n|-start|p2b: Farigirafif|Encore\n|\n|-weather|RainDance|[upkeep]\n|upkeep\n|turn|3\n|\n|t:|1775944781\n|switch|p2a: Trotuman|Torkoal, L50, F|100/100\n|-weather|SunnyDay|[from] ability: Drought|[of] p2a: Trotuman\n|switch|p2b: Bom|Camerupt, L50, F, shiny|100/100\n|move|p1a: Incineroar|Parting Shot|p2b: Bom\n|-unboost|p2b: Bom|atk|1\n|-unboost|p2b: Bom|spa|1\n|\n|t:|1775944789\n|switch|p1a: Glimmora|Glimmora, L50, M|100/100|[from] Parting Shot\n|move|p1b: Politoed|Weather Ball|p2a: Trotuman\n|-resisted|p2a: Trotuman|1\n|-damage|p2a: Trotuman|79/100\n|\n|-weather|SunnyDay|[upkeep]\n|upkeep\n|turn|4\n|\n|t:|1775944812\n|detailschange|p2b: Bom|Camerupt-Mega, L50, F, shiny\n|-mega|p2b: Bom|Camerupt|Cameruptite\n|move|p1a: Glimmora|Protect|p1a: Glimmora\n|-singleturn|p1a: Glimmora|Protect\n|move|p2b: Bom|Yawn|p1b: Politoed\n|-start|p1b: Politoed|move: Yawn|[of] p2b: Bom\n|move|p2a: Trotuman|Earth Power|p1b: Politoed\n|-damage|p1b: Politoed|60/100\n|move|p1b: Politoed|Weather Ball|p2a: Trotuman\n|-resisted|p2a: Trotuman|1\n|-damage|p2a: Trotuman|58/100\n|\n|-weather|SunnyDay|[upkeep]\n|upkeep\n|turn|5\n|\n|t:|1775944831\n|switch|p1b: Incineroar|Incineroar, L50, F|81/100\n|-ability|p1b: Incineroar|Intimidate|boost\n|-unboost|p2a: Trotuman|atk|1\n|-unboost|p2b: Bom|atk|1\n|move|p2a: Trotuman|Heat Wave|p1a: Glimmora|[spread] p1a,p1b\n|-resisted|p1a: Glimmora|1\n|-resisted|p1b: Incineroar|1\n|-damage|p1a: Glimmora|74/100\n|-damage|p1b: Incineroar|59/100\n|move|p2b: Bom|Solar Beam||[still]\n|-prepare|p2b: Bom|Solar Beam\n|-anim|p2b: Bom|Solar Beam|p1a: Glimmora\n|-damage|p1a: Glimmora|38/100\n|move|p1a: Glimmora|Toxic Spikes|p2b: Bom\n|-sidestart|p2: Pegassin|move: Toxic Spikes\n|\n|-weather|SunnyDay|[upkeep]\n|-fieldend|move: Trick Room\n|upkeep\n|turn|6\n|inactive|Pegassin has 30 seconds left.\n|\n|t:|1775944859\n|move|p1a: Glimmora|Mortal Spin|p2a: Trotuman|[spread] p2a,p2b\n|-resisted|p2b: Bom|1\n|-damage|p2a: Trotuman|54/100\n|-damage|p2b: Bom|98/100\n|-status|p2a: Trotuman|psn\n|-status|p2b: Bom|psn\n|move|p1b: Incineroar|Parting Shot|p2a: Trotuman\n|-unboost|p2a: Trotuman|atk|1\n|-unboost|p2a: Trotuman|spa|1\n|\n|t:|1775944867\n|switch|p1b: Politoed|Politoed, L50, F|60/100|[from] Parting Shot\n|-weather|RainDance|[from] ability: Drizzle|[of] p1b: Politoed\n|move|p2a: Trotuman|Earth Power|p1b: Politoed\n|-damage|p1b: Politoed|46/100\n|move|p2b: Bom|Scorching Sands|p1a: Glimmora\n|-supereffective|p1a: Glimmora|2\n|-damage|p1a: Glimmora|0 fnt\n|faint|p1a: Glimmora\n|\n|-weather|RainDance|[upkeep]\n|-damage|p2a: Trotuman|41/100 psn|[from] psn\n|-damage|p2b: Bom|86/100 psn|[from] psn\n|upkeep\n|\n|t:|1775944879\n|switch|p1a: Dragonite|Dragonite, L50, F|100/100\n|turn|7\n|\n|t:|1775944897\n|switch|p2a: Farigirafif|Farigiraf, L50, F, shiny|100/100\n|-status|p2a: Farigirafif|psn\n|switch|p2b: My goat|Hatterene, L50, F, shiny|100/100\n|-status|p2b: My goat|psn\n|detailschange|p1a: Dragonite|Dragonite-Mega, L50, F\n|-mega|p1a: Dragonite|Dragonite|Dragoninite\n|move|p1a: Dragonite|Hurricane|p2a: Farigirafif\n|-damage|p2a: Farigirafif|40/100 psn\n|move|p1b: Politoed|Weather Ball|p2b: My goat\n|-damage|p2b: My goat|50/100 psn\n|\n|-weather|RainDance|[upkeep]\n|-heal|p2a: Farigirafif|46/100 psn|[from] item: Leftovers\n|-damage|p2a: Farigirafif|34/100 psn|[from] psn\n|-damage|p2b: My goat|38/100 psn|[from] psn\n|upkeep\n|turn|8\n|inactive|Sceptilicious has 30 seconds left.\n|\n|t:|1775944926\n|switch|p1b: Incineroar|Incineroar, L50, F|59/100\n|-ability|p1b: Incineroar|Intimidate|boost\n|-unboost|p2a: Farigirafif|atk|1\n|-unboost|p2b: My goat|atk|1\n|move|p1a: Dragonite|Ice Beam|p2b: My goat\n|-damage|p2b: My goat|2/100 psn\n|move|p2a: Farigirafif|Dazzling Gleam|p1a: Dragonite|[spread] p1a,p1b\n|-supereffective|p1a: Dragonite|1\n|-damage|p1a: Dragonite|82/100\n|-damage|p1b: Incineroar|40/100\n|move|p2b: My goat|Trick Room|p2b: My goat\n|-fieldstart|move: Trick Room|[of] p2b: My goat\n|\n|-weather|RainDance|[upkeep]\n|-heal|p2a: Farigirafif|40/100 psn|[from] item: Leftovers\n|-damage|p2b: My goat|0 fnt|[from] psn\n|faint|p2b: My goat\n|-damage|p2a: Farigirafif|27/100 psn|[from] psn\n|upkeep\n|inactive|Pegassin has 30 seconds left.\n|\n|t:|1775944959\n|switch|p2b: Bom|Camerupt-Mega, L50, F, shiny|86/100 psn\n|turn|9\n|\n|t:|1775944976\n|move|p2b: Bom|Scorching Sands|p1b: Incineroar\n|-supereffective|p1b: Incineroar|1\n|-damage|p1b: Incineroar|0 fnt\n|faint|p1b: Incineroar\n|move|p2a: Farigirafif|Dazzling Gleam|p1a: Dragonite\n|-supereffective|p1a: Dragonite|1\n|-damage|p1a: Dragonite|36/100\n|move|p1a: Dragonite|Draco Meteor|p2b: Bom\n|-damage|p2b: Bom|19/100 psn\n|-unboost|p1a: Dragonite|spa|2\n|\n|-weather|RainDance|[upkeep]\n|-heal|p2a: Farigirafif|34/100 psn|[from] item: Leftovers\n|-damage|p2b: Bom|7/100 psn|[from] psn\n|-damage|p2a: Farigirafif|21/100 psn|[from] psn\n|upkeep\n|\n|t:|1775944989\n|switch|p1b: Politoed|Politoed, L50, F|46/100\n|turn|10\n|inactive|Sceptilicious has 30 seconds left.\n|\n|t:|1775945018\n|move|p2b: Bom|Scorching Sands|p1b: Politoed\n|-damage|p1b: Politoed|0 fnt\n|faint|p1b: Politoed\n|move|p2a: Farigirafif|Dazzling Gleam|p1a: Dragonite\n|-supereffective|p1a: Dragonite|1\n|-damage|p1a: Dragonite|0 fnt\n|faint|p1a: Dragonite\n|\n|win|Pegassin\n|raw|Sceptilicious's rating: 1000 &rarr; <strong>1000</strong><br />(+0 for losing)\n|raw|Pegassin's rating: 1053 &rarr; <strong>1080</strong><br />(+27 for winning)\n",
  "uploadtime": 1775945018,
  "views": 15,
  "formatid": "gen9championsvgc2026regma",
  "rating": 1000,
  "private": 0,
  "password": null
}