{
  "id": "gen9championsvgc2026regma-2580413360",
  "format": "[Gen 9 Champions] VGC 2026 Reg M-A",
  "players": [
    "johandk",
    "drunkeneditor"
  ],
  "log": "|j|\u2606johandk\n|j|\u2606drunkeneditor\n|t:|1775892754\n|gametype|doubles\n|player|p1|johandk|nate|1074\n|player|p2|drunkeneditor|2|1107\n|gen|9\n|tier|[Gen 9 Champions] VGC 2026 Reg M-A\n|rated|\n|rule|Species Clause: Limit one of each Pok\u00e9mon\n|rule|Item Clause: Limit 1 of each item\n|clearpoke\n|poke|p1|Aerodactyl, L50, M|\n|poke|p1|Sinistcha-Masterpiece, L50|\n|poke|p1|Milotic, L50, M|\n|poke|p1|Incineroar, L50, F|\n|poke|p1|Garchomp, L50, M|\n|poke|p1|Charizard, L50, M|\n|poke|p2|Basculegion, L50, M|\n|poke|p2|Pelipper, L50, M|\n|poke|p2|Meganium, L50, M|\n|poke|p2|Archaludon, L50, F|\n|poke|p2|Sinistcha-Masterpiece, L50|\n|poke|p2|Scizor, L50, M|\n|teampreview|4\n|\n|t:|1775892786\n|teamsize|p1|4\n|teamsize|p2|4\n|start\n|switch|p1a: Aerodactyl|Aerodactyl, L50, M|100/100\n|switch|p1b: Garchomp|Garchomp, L50, M|100/100\n|switch|p2a: Basculegion|Basculegion, L50, M|100/100\n|switch|p2b: Sinistcha|Sinistcha-Masterpiece, L50|100/100\n|-ability|p1a: Aerodactyl|Unnerve\n|turn|1\n|\n|t:|1775892809\n|move|p2a: Basculegion|Flip Turn|p1a: Aerodactyl\n|-supereffective|p1a: Aerodactyl|1\n|-enditem|p1a: Aerodactyl|Focus Sash\n|-damage|p1a: Aerodactyl|1/100\n|\n|t:|1775892818\n|switch|p2a: Meganium|Meganium, L50, M|100/100|[from] Flip Turn\n|move|p1a: Aerodactyl|Dual Wingbeat|p2b: Sinistcha\n|-supereffective|p2b: Sinistcha|1\n|-damage|p2b: Sinistcha|69/100\n|-supereffective|p2b: Sinistcha|1\n|-damage|p2b: Sinistcha|39/100\n|-hitcount|p2b: Sinistcha|2\n|move|p1b: Garchomp|Dragon Claw|p2a: Meganium\n|-damage|p2a: Meganium|53/100\n|move|p2b: Sinistcha|Matcha Gotcha|p1b: Garchomp|[spread] p1a,p1b\n|-damage|p1a: Aerodactyl|0 fnt\n|-heal|p2b: Sinistcha|39/100|[from] drain|[of] p1a: Aerodactyl\n|-damage|p1b: Garchomp|74/100\n|-heal|p2b: Sinistcha|53/100|[from] drain|[of] p1b: Garchomp\n|faint|p1a: Aerodactyl\n|\n|-heal|p2b: Sinistcha|59/100|[from] item: Leftovers\n|upkeep\n|\n|t:|1775892841\n|switch|p1a: Charizard|Charizard, L50, M|100/100\n|turn|2\n|\n|t:|1775892871\n|switch|p2b: Pelipper|Pelipper, L50, M|100/100\n|-weather|RainDance|[from] ability: Drizzle|[of] p2b: Pelipper\n|detailschange|p1a: Charizard|Charizard-Mega-Y, L50, M\n|-mega|p1a: Charizard|Charizard|Charizardite Y\n|-weather|SunnyDay|[from] ability: Drought|[of] p1a: Charizard\n|detailschange|p2a: Meganium|Meganium-Mega, L50, M\n|-mega|p2a: Meganium|Meganium|Meganiumite\n|move|p1b: Garchomp|Rock Slide|p2b: Pelipper|[spread] p2a,p2b\n|-supereffective|p2b: Pelipper|1\n|-damage|p2a: Meganium|35/100\n|-damage|p2b: Pelipper|57/100\n|move|p1a: Charizard|Heat Wave|p2a: Meganium|[spread] p2a,p2b\n|-supereffective|p2a: Meganium|1\n|-resisted|p2b: Pelipper|1\n|-damage|p2a: Meganium|0 fnt\n|-damage|p2b: Pelipper|15/100\n|faint|p2a: Meganium\n|\n|-weather|SunnyDay|[upkeep]\n|upkeep\n|\n|t:|1775892888\n|switch|p2a: Sinistcha|Sinistcha-Masterpiece, L50|59/100\n|-heal|p2b: Pelipper|39/100|[from] ability: Hospitality|[of] p2a: Sinistcha\n|turn|3\n|\n|t:|1775892898\n|move|p2b: Pelipper|Wide Guard|p2b: Pelipper\n|-singleturn|p2b: Pelipper|Wide Guard\n|move|p1b: Garchomp|Rock Slide|p2a: Sinistcha|[spread] \n|-activate|p2a: Sinistcha|move: Wide Guard\n|-activate|p2b: Pelipper|move: Wide Guard\n|move|p1a: Charizard|Heat Wave|p2b: Pelipper|[spread] \n|-activate|p2a: Sinistcha|move: Wide Guard\n|-activate|p2b: Pelipper|move: Wide Guard\n|move|p2a: Sinistcha|Shadow Ball|p1a: Charizard\n|-damage|p1a: Charizard|67/100\n|\n|-weather|SunnyDay|[upkeep]\n|-heal|p2a: Sinistcha|65/100|[from] item: Leftovers\n|upkeep\n|turn|4\n|\n|t:|1775892919\n|switch|p2b: Basculegion|Basculegion, L50, M|100/100\n|move|p2a: Sinistcha|Protect|p2a: Sinistcha\n|-singleturn|p2a: Sinistcha|Protect\n|move|p1b: Garchomp|Dragon Claw|p2b: Basculegion\n|-damage|p2b: Basculegion|47/100\n|move|p1a: Charizard|Weather Ball|p2a: Sinistcha\n|-activate|p2a: Sinistcha|move: Protect\n|\n|-weather|SunnyDay|[upkeep]\n|-heal|p2a: Sinistcha|71/100|[from] item: Leftovers\n|upkeep\n|turn|5\n|\n|t:|1775892939\n|switch|p1a: Sinistcha|Sinistcha-Masterpiece, L50|100/100\n|-heal|p1b: Garchomp|99/100|[from] ability: Hospitality|[of] p1a: Sinistcha\n|switch|p2a: Pelipper|Pelipper, L50, M|39/100\n|-weather|RainDance|[from] ability: Drizzle|[of] p2a: Pelipper\n|move|p2b: Basculegion|Wave Crash|p1a: Sinistcha\n|-resisted|p1a: Sinistcha|1\n|-damage|p1a: Sinistcha|58/100\n|-damage|p2b: Basculegion|34/100|[from] Recoil\n|move|p1b: Garchomp|Dragon Claw|p2b: Basculegion\n|-damage|p2b: Basculegion|0 fnt\n|faint|p2b: Basculegion\n|\n|-weather|RainDance|[upkeep]\n|upkeep\n|-message|drunkeneditor forfeited.\n|\n|win|johandk\n|raw|johandk's rating: 1074 &rarr; <strong>1106</strong><br />(+32 for winning)\n|raw|drunkeneditor's rating: 1107 &rarr; <strong>1080</strong><br />(-27 for losing)\n|l|\u2606drunkeneditor\n|player|p2|\n",
  "uploadtime": 1775892961,
  "views": 12,
  "formatid": "gen9championsvgc2026regma",
  "rating": 1080,
  "private": 0,
  "password": null
}