{
  "id": "gen9championsvgc2026regma-2585779568",
  "format": "[Gen 9 Champions] VGC 2026 Reg M-A",
  "players": [
    "Phillip Blevin",
    "ziviz"
  ],
  "log": "|j|\u2606Phillip Blevin\n|j|\u203dziviz\n|t:|1776370062\n|gametype|doubles\n|player|p1|Phillip Blevin|cynthia-masters4|1232\n|player|p2|ziviz|170|1278\n|gen|9\n|tier|[Gen 9 Champions] VGC 2026 Reg M-A\n|rated|\n|rule|Species Clause: Limit one of each Pok\u00e9mon\n|rule|Item Clause: Limit 1 of each item\n|clearpoke\n|poke|p1|Whimsicott, L50, F|\n|poke|p1|Corviknight, L50, M|\n|poke|p1|Garchomp, L50, M|\n|poke|p1|Arcanine-Hisui, L50, F|\n|poke|p1|Froslass, L50, F|\n|poke|p1|Rotom-Wash, L50|\n|poke|p2|Floette-Eternal, L50, F|\n|poke|p2|Sableye, L50, M|\n|poke|p2|Gyarados, L50, F|\n|poke|p2|Talonflame, L50, F|\n|poke|p2|Garchomp, L50, M|\n|poke|p2|Kingambit, L50, F|\n|teampreview|4\n|inactive|Battle timer is ON: inactive players will automatically lose when time's up. (requested by Phillip Blevin)\nPhillip Blevin has agreed to open team sheets.\n|inactive|ziviz has 60 seconds left.\n|inactive|ziviz has 30 seconds left.\n|inactive|ziviz has 20 seconds left.\n|\n|t:|1776370133\n|teamsize|p1|4\n|teamsize|p2|4\n|start\n|switch|p1a: Froslass|Froslass, L50, F|100/100\n|switch|p1b: Rotom|Rotom-Wash, L50|100/100\n|switch|p2a: Sableye|Sableye, L50, M|100/100\n|switch|p2b: Floette|Floette-Eternal, L50, F|100/100\n|turn|1\n|\n|t:|1776370152\n|detailschange|p1a: Froslass|Froslass-Mega, L50, F\n|-mega|p1a: Froslass|Froslass|Froslassite\n|-weather|Snowscape|[from] ability: Snow Warning|[of] p1a: Froslass\n|detailschange|p2b: Floette|Floette-Mega, L50, F\n|-mega|p2b: Floette|Floette|Floettite\n|-ability|p2b: Floette|Fairy Aura\n|move|p2a: Sableye|Fake Out|p1b: Rotom\n|-damage|p1b: Rotom|92/100\n|cant|p1b: Rotom|flinch\n|move|p1a: Froslass|Aurora Veil|p1a: Froslass\n|-sidestart|p1: Phillip Blevin|move: Aurora Veil\n|move|p2b: Floette|Dazzling Gleam|p1b: Rotom|[spread] p1a,p1b\n|-damage|p1a: Froslass|64/100\n|-damage|p1b: Rotom|59/100\n|\n|-weather|Snowscape|[upkeep]\n|upkeep\n|turn|2\n|\n|t:|1776370171\n|move|p2a: Sableye|Encore|p1a: Froslass\n|-start|p1a: Froslass|Encore\n|move|p1b: Rotom|Hydro Pump|p2b: Floette|[miss]\n|-miss|p1b: Rotom|p2b: Floette\n|move|p1a: Froslass|Aurora Veil||[still]\n|-fail|p1a: Froslass\n|move|p2b: Floette|Calm Mind|p2b: Floette\n|-boost|p2b: Floette|spa|1\n|-boost|p2b: Floette|spd|1\n|\n|-weather|Snowscape|[upkeep]\n|upkeep\n|turn|3\n|\n|t:|1776370184\n|switch|p1a: Arcanine|Arcanine-Hisui, L50, F|100/100\n|-ability|p1a: Arcanine|Intimidate|boost\n|-unboost|p2a: Sableye|atk|1\n|-unboost|p2b: Floette|atk|1\n|move|p2a: Sableye|Disable|p1b: Rotom\n|-start|p1b: Rotom|Disable|Hydro Pump\n|cant|p1b: Rotom|Disable|Hydro Pump\n|move|p2b: Floette|Calm Mind|p2b: Floette\n|-boost|p2b: Floette|spa|1\n|-boost|p2b: Floette|spd|1\n|\n|-weather|Snowscape|[upkeep]\n|upkeep\n|turn|4\n|\n|t:|1776370198\n|switch|p1b: Froslass|Froslass-Mega, L50, F|64/100\n|move|p2a: Sableye|Protect|p2a: Sableye\n|-singleturn|p2a: Sableye|Protect\n|move|p2b: Floette|Protect|p2b: Floette\n|-singleturn|p2b: Floette|Protect\n|move|p1a: Arcanine|Flare Blitz|p2b: Floette\n|-activate|p2b: Floette|move: Protect\n|\n|-weather|Snowscape|[upkeep]\n|upkeep\n|turn|5\n|\n|t:|1776370212\n|move|p2a: Sableye|Disable|p1a: Arcanine\n|-start|p1a: Arcanine|Disable|Flare Blitz\n|move|p1b: Froslass|Blizzard|p2a: Sableye|[spread] p2a,p2b\n|-damage|p2a: Sableye|30/100\n|-damage|p2b: Floette|81/100\n|move|p2b: Floette|Dazzling Gleam|p1a: Arcanine|[spread] p1a,p1b\n|-resisted|p1a: Arcanine|1\n|-damage|p1a: Arcanine|58/100\n|-damage|p1b: Froslass|0 fnt\n|faint|p1b: Froslass\n|cant|p1a: Arcanine|Disable|Flare Blitz\n|\n|-weather|none\n|-heal|p2a: Sableye|36/100|[from] item: Leftovers\n|-sideend|p1: Phillip Blevin|move: Aurora Veil\n|upkeep\n|\n|t:|1776370215\n|switch|p1b: Garchomp|Garchomp, L50, M|100/100\n|turn|6\n|\n|t:|1776370226\n|move|p2a: Sableye|Protect|p2a: Sableye\n|-singleturn|p2a: Sableye|Protect\n|move|p2b: Floette|Protect|p2b: Floette\n|-singleturn|p2b: Floette|Protect\n|move|p1b: Garchomp|Rock Slide|p2a: Sableye|[spread] \n|-activate|p2a: Sableye|move: Protect\n|-activate|p2b: Floette|move: Protect\n|move|p1a: Arcanine|Rock Slide|p2b: Floette|[spread] \n|-activate|p2a: Sableye|move: Protect\n|-activate|p2b: Floette|move: Protect\n|\n|-heal|p2a: Sableye|41/100|[from] item: Leftovers\n|upkeep\n|turn|7\n|inactive|ziviz has 30 seconds left.\n|\n|t:|1776370254\n|switch|p1a: Rotom|Rotom-Wash, L50|59/100\n|move|p2a: Sableye|Disable|p1b: Garchomp\n|-start|p1b: Garchomp|Disable|Rock Slide\n|move|p1b: Garchomp|Earthquake|p2b: Floette|[spread] p2a,p2b\n|-immune|p1a: Rotom|[from] ability: Levitate\n|-damage|p2a: Sableye|0 fnt\n|-damage|p2b: Floette|27/100\n|faint|p2a: Sableye\n|move|p2b: Floette|Dazzling Gleam|p1b: Garchomp|[spread] p1a,p1b\n|-supereffective|p1b: Garchomp|1\n|-damage|p1a: Rotom|0 fnt\n|-damage|p1b: Garchomp|0 fnt\n|faint|p1a: Rotom\n|faint|p1b: Garchomp\n|\n|upkeep\n|\n|t:|1776370272\n|switch|p1b: Arcanine|Arcanine-Hisui, L50, F|58/100\n|switch|p2a: Kingambit|Kingambit, L50, F|100/100\n|-ability|p1b: Arcanine|Intimidate|boost\n|-unboost|p2a: Kingambit|atk|1\n|-ability|p2a: Kingambit|Defiant|boost\n|-boost|p2a: Kingambit|atk|2\n|-unboost|p2b: Floette|atk|1\n|turn|8\n|-message|Phillip Blevin forfeited.\n|\n|win|ziviz\n|raw|Phillip Blevin's rating: 1232 &rarr; <strong>1210</strong><br />(-22 for losing)\n|raw|ziviz's rating: 1278 &rarr; <strong>1300</strong><br />(+22 for winning)\n",
  "uploadtime": 1776370280,
  "views": 22,
  "formatid": "gen9championsvgc2026regma",
  "rating": 1210,
  "private": 0,
  "password": null
}