{
  "id": "gen9championsvgc2026regma-2585115355",
  "format": "[Gen 9 Champions] VGC 2026 Reg M-A",
  "players": [
    "colfox",
    "smak talk"
  ],
  "log": "|j|\u203dcolfox\n|j|\u2606smak talk\n|t:|1776313516\n|gametype|doubles\n|player|p1|colfox|1|1278\n|player|p2|smak talk|1|1194\n|gen|9\n|tier|[Gen 9 Champions] VGC 2026 Reg M-A\n|rated|\n|rule|Species Clause: Limit one of each Pok\u00e9mon\n|rule|Item Clause: Limit 1 of each item\n|clearpoke\n|poke|p1|Sylveon, L50, M|\n|poke|p1|Garchomp, L50, M|\n|poke|p1|Milotic, L50, F|\n|poke|p1|Ninetales, L50, M|\n|poke|p1|Raichu, L50, M|\n|poke|p1|Scizor, L50, M|\n|poke|p2|Dragapult, L50, F|\n|poke|p2|Manectric, L50, F|\n|poke|p2|Kingambit, L50, F|\n|poke|p2|Starmie, L50|\n|poke|p2|Sneasler, L50, F|\n|poke|p2|Rotom-Wash, L50|\n|teampreview|4\n|\n|t:|1776313581\n|teamsize|p1|4\n|teamsize|p2|4\n|start\n|switch|p1a: Raichu|Raichu, L50, M|100/100\n|switch|p1b: Sylveon|Sylveon, L50, M|100/100\n|switch|p2a: Rotom|Rotom-Wash, L50|100/100\n|switch|p2b: Starmie|Starmie, L50|100/100\n|turn|1\n|\n|t:|1776313609\n|move|p2b: Starmie|Protect|p2b: Starmie\n|-singleturn|p2b: Starmie|Protect\n|move|p1a: Raichu|Fake Out|p2b: Starmie\n|-activate|p2b: Starmie|move: Protect\n|move|p2a: Rotom|Rain Dance|p2a: Rotom\n|-weather|RainDance\n|move|p1b: Sylveon|Hyper Voice|p2b: Starmie|[spread] p2a\n|-activate|p2b: Starmie|move: Protect\n|-damage|p2a: Rotom|49/100\n|\n|-weather|RainDance|[upkeep]\n|upkeep\n|turn|2\n|\n|t:|1776313627\n|detailschange|p2b: Starmie|Starmie-Mega, L50\n|-mega|p2b: Starmie|Starmie|Starminite\n|move|p2b: Starmie|Liquidation|p1a: Raichu\n|-damage|p1a: Raichu|0 fnt\n|faint|p1a: Raichu\n|move|p2a: Rotom|Hydro Pump|p1b: Sylveon\n|-damage|p1b: Sylveon|58/100\n|move|p1b: Sylveon|Hyper Voice|p2b: Starmie|[spread] p2a,p2b\n|-crit|p2a: Rotom\n|-damage|p2a: Rotom|0 fnt\n|-damage|p2b: Starmie|35/100\n|faint|p2a: Rotom\n|\n|-weather|RainDance|[upkeep]\n|upkeep\n|\n|t:|1776313642\n|switch|p1a: Scizor|Scizor, L50, M|100/100\n|switch|p2a: Sneasler|Sneasler, L50, F|100/100\n|turn|3\n|\n|t:|1776313662\n|detailschange|p1a: Scizor|Scizor-Mega, L50, M\n|-mega|p1a: Scizor|Scizor|Scizorite\n|move|p1b: Sylveon|Protect|p1b: Sylveon\n|-singleturn|p1b: Sylveon|Protect\n|move|p2a: Sneasler|Fake Out|p1a: Scizor\n|-resisted|p1a: Scizor|1\n|-damage|p1a: Scizor|95/100\n|move|p2b: Starmie|Liquidation|p1b: Sylveon\n|-activate|p1b: Sylveon|move: Protect\n|cant|p1a: Scizor|flinch\n|\n|-weather|RainDance|[upkeep]\n|upkeep\n|turn|4\n|\n|t:|1776313680\n|move|p2a: Sneasler|Dire Claw|p1b: Sylveon\n|-supereffective|p1b: Sylveon|1\n|-damage|p1b: Sylveon|0 fnt\n|faint|p1b: Sylveon\n|move|p2b: Starmie|Liquidation|p1a: Scizor\n|-damage|p1a: Scizor|14/100\n|-unboost|p1a: Scizor|def|1\n|move|p1a: Scizor|Bug Bite|p2b: Starmie\n|-supereffective|p2b: Starmie|1\n|-damage|p2b: Starmie|0 fnt\n|faint|p2b: Starmie\n|\n|-weather|RainDance|[upkeep]\n|upkeep\n|\n|t:|1776313694\n|switch|p2b: Dragapult|Dragapult, L50, F|100/100\n|switch|p1b: Ninetales|Ninetales, L50, M|100/100\n|-weather|SunnyDay|[from] ability: Drought|[of] p1b: Ninetales\n|turn|5\n|\n|t:|1776313711\n|move|p1a: Scizor|Protect|p1a: Scizor\n|-singleturn|p1a: Scizor|Protect\n|move|p2b: Dragapult|Dragon Dance|p2b: Dragapult\n|-boost|p2b: Dragapult|atk|1\n|-boost|p2b: Dragapult|spe|1\n|move|p2a: Sneasler|Close Combat|p1a: Scizor\n|-activate|p1a: Scizor|move: Protect\n|move|p1b: Ninetales|Will-O-Wisp|p2b: Dragapult\n|-status|p2b: Dragapult|brn\n|\n|-weather|SunnyDay|[upkeep]\n|-damage|p2b: Dragapult|94/100 brn|[from] brn\n|upkeep\n|turn|6\n|\n|t:|1776313734\n|move|p1a: Scizor|Bullet Punch|p2b: Dragapult\n|-damage|p2b: Dragapult|45/100 brn\n|move|p2b: Dragapult|Dragon Dance|p2b: Dragapult\n|-boost|p2b: Dragapult|atk|1\n|-boost|p2b: Dragapult|spe|1\n|move|p2a: Sneasler|Close Combat|p1a: Scizor\n|-damage|p1a: Scizor|0 fnt\n|-unboost|p2a: Sneasler|def|1\n|-unboost|p2a: Sneasler|spd|1\n|faint|p1a: Scizor\n|-enditem|p2a: Sneasler|White Herb\n|-clearnegativeboost|p2a: Sneasler|[silent]\n|move|p1b: Ninetales|Heat Wave|p2a: Sneasler|[spread] p2a,p2b\n|-resisted|p2b: Dragapult|1\n|-damage|p2a: Sneasler|50/100\n|-damage|p2b: Dragapult|21/100 brn\n|\n|-weather|SunnyDay|[upkeep]\n|-damage|p2b: Dragapult|15/100 brn|[from] brn\n|upkeep\n|turn|7\n|\n|t:|1776313757\n|move|p1b: Ninetales|Protect|p1b: Ninetales\n|-singleturn|p1b: Ninetales|Protect\n|move|p2b: Dragapult|Dragon Darts|p1b: Ninetales\n|-activate|p1b: Ninetales|move: Protect\n|move|p2a: Sneasler|Close Combat|p1b: Ninetales\n|-activate|p1b: Ninetales|move: Protect\n|\n|-weather|SunnyDay|[upkeep]\n|-damage|p2b: Dragapult|9/100 brn|[from] brn\n|upkeep\n|turn|8\n|\n|t:|1776313773\n|move|p1b: Ninetales|Protect|p1b: Ninetales\n|-singleturn|p1b: Ninetales|Protect\n|move|p2b: Dragapult|Phantom Force||[still]\n|-prepare|p2b: Dragapult|Phantom Force\n|move|p2a: Sneasler|Dire Claw|p1b: Ninetales\n|-activate|p1b: Ninetales|move: Protect\n|\n|-weather|SunnyDay|[upkeep]\n|-damage|p2b: Dragapult|3/100 brn|[from] brn\n|upkeep\n|turn|9\n|\n|t:|1776313795\n|move|p2b: Dragapult|Phantom Force|p1b: Ninetales|[from] lockedmove\n|-damage|p1b: Ninetales|42/100\n|move|p2a: Sneasler|Close Combat|p1b: Ninetales\n|-damage|p1b: Ninetales|0 fnt\n|-unboost|p2a: Sneasler|def|1\n|-unboost|p2a: Sneasler|spd|1\n|faint|p1b: Ninetales\n|\n|win|smak talk\n|raw|colfox's rating: 1278 &rarr; <strong>1247</strong><br />(-31 for losing)\n|raw|smak talk's rating: 1194 &rarr; <strong>1225</strong><br />(+31 for winning)\n|l|\u2606smak talk\n|player|p2|\n",
  "uploadtime": 1776313809,
  "views": 44,
  "formatid": "gen9championsvgc2026regma",
  "rating": 1225,
  "private": 0,
  "password": null
}