{
  "id": "gen9championsvgc2026regma-2588886234",
  "format": "[Gen 9 Champions] VGC 2026 Reg M-A",
  "players": [
    "NoMoreRegFAgain",
    "Fuochissimo"
  ],
  "log": "|j|\u2606NoMoreRegFAgain\n|j|\u2606Fuochissimo\n|t:|1776682450\n|gametype|doubles\n|player|p1|NoMoreRegFAgain|li|1224\n|player|p2|Fuochissimo|1|1134\n|gen|9\n|tier|[Gen 9 Champions] VGC 2026 Reg M-A\n|rated|\n|rule|Species Clause: Limit one of each Pok\u00e9mon\n|rule|Item Clause: Limit 1 of each item\n|clearpoke\n|poke|p1|Aerodactyl, L50, M|\n|poke|p1|Floette-Eternal, L50, F|\n|poke|p1|Incineroar, L50, M, shiny|\n|poke|p1|Sinistcha-Masterpiece, L50|\n|poke|p1|Charizard, L50, M, shiny|\n|poke|p1|Garchomp, L50, M, shiny|\n|poke|p2|Meganium, L50, M|\n|poke|p2|Archaludon, L50, F|\n|poke|p2|Aerodactyl, L50, M|\n|poke|p2|Typhlosion-Hisui, L50, F|\n|poke|p2|Tauros-Paldea-Aqua, L50, M|\n|poke|p2|Kangaskhan, L50, F|\n|teampreview|4\n|inactive|Battle timer is ON: inactive players will automatically lose when time's up. (requested by NoMoreRegFAgain)\n|inactive|NoMoreRegFAgain has 60 seconds left.\n|inactive|Fuochissimo has 60 seconds left.\n|\n|t:|1776682485\n|teamsize|p1|4\n|teamsize|p2|4\n|start\n|switch|p1a: Floette|Floette-Eternal, L50, F|100/100\n|switch|p1b: Incineroar|Incineroar, L50, M, shiny|100/100\n|switch|p2a: Aerodactyl|Aerodactyl, L50, M|100/100\n|switch|p2b: Tauros|Tauros-Paldea-Aqua, L50, M|100/100\n|-ability|p2a: Aerodactyl|Unnerve\n|-ability|p2b: Tauros|Intimidate|boost\n|-unboost|p1a: Floette|atk|1\n|-unboost|p1b: Incineroar|atk|1\n|-ability|p1b: Incineroar|Intimidate|boost\n|-unboost|p2a: Aerodactyl|atk|1\n|-unboost|p2b: Tauros|atk|1\n|-enditem|p2b: Tauros|White Herb\n|-clearnegativeboost|p2b: Tauros|[silent]\n|turn|1\n|inactive|Fuochissimo has 30 seconds left.\n|\n|t:|1776682517\n|detailschange|p1a: Floette|Floette-Mega, L50, F\n|-mega|p1a: Floette|Floette|Floettite\n|-ability|p1a: Floette|Fairy Aura\n|move|p1b: Incineroar|Fake Out|p2b: Tauros\n|-damage|p2b: Tauros|93/100\n|move|p2a: Aerodactyl|Tailwind|p2a: Aerodactyl\n|-sidestart|p2: Fuochissimo|move: Tailwind\n|cant|p2b: Tauros|flinch\n|move|p1a: Floette|Calm Mind|p1a: Floette\n|-boost|p1a: Floette|spa|1\n|-boost|p1a: Floette|spd|1\n|\n|upkeep\n|turn|2\n|inactive|Fuochissimo has 30 seconds left.\n|inactive|Fuochissimo has 20 seconds left.\n|\n|t:|1776682553\n|switch|p2b: Archaludon|Archaludon, L50, F|100/100\n|switch|p1b: Sinistcha|Sinistcha-Masterpiece, L50|100/100\n|move|p1a: Floette|Protect|p1a: Floette\n|-singleturn|p1a: Floette|Protect\n|move|p2a: Aerodactyl|Rock Slide|p1b: Sinistcha|[spread] p1b\n|-activate|p1a: Floette|move: Protect\n|-damage|p1b: Sinistcha|85/100\n|\n|upkeep\n|turn|3\n|\n|t:|1776682573\n|move|p2a: Aerodactyl|Dual Wingbeat|p1b: Sinistcha\n|-supereffective|p1b: Sinistcha|1\n|-damage|p1b: Sinistcha|65/100\n|-supereffective|p1b: Sinistcha|1\n|-damage|p1b: Sinistcha|43/100\n|-hitcount|p1b: Sinistcha|2\n|move|p2b: Archaludon|Flash Cannon|p1a: Floette\n|-supereffective|p1a: Floette|1\n|-damage|p1a: Floette|57/100\n|move|p1a: Floette|Draining Kiss|p2a: Aerodactyl\n|-damage|p2a: Aerodactyl|20/100\n|-heal|p1a: Floette|100/100|[from] drain|[of] p2a: Aerodactyl\n|move|p1b: Sinistcha|Life Dew||[still]|[spread] p1a,p1b\n|-fail|p1a: Floette|heal\n|-heal|p1b: Sinistcha|68/100\n|\n|upkeep\n|turn|4\n|inactive|NoMoreRegFAgain has 30 seconds left.\n|inactive|Fuochissimo has 30 seconds left.\n|inactive|Fuochissimo has 20 seconds left.\n|inactive|Fuochissimo has 15 seconds left.\n|inactive|Fuochissimo has 10 seconds left.\n|\n|t:|1776682618\n|switch|p2a: Kangaskhan|Kangaskhan, L50, F|100/100\n|switch|p1b: Incineroar|Incineroar, L50, M, shiny|100/100\n|-ability|p1b: Incineroar|Intimidate|boost\n|-fail|p2a: Kangaskhan|unboost|Attack|[from] ability: Inner Focus|[of] p2a: Kangaskhan\n|-unboost|p2b: Archaludon|atk|1\n|move|p1a: Floette|Protect|p1a: Floette\n|-singleturn|p1a: Floette|Protect\n|move|p2b: Archaludon|Flash Cannon|p1a: Floette\n|-activate|p1a: Floette|move: Protect\n|\n|-sideend|p2: Fuochissimo|move: Tailwind\n|upkeep\n|turn|5\n|inactive|Fuochissimo has 30 seconds left.\n|\n|t:|1776682645\n|detailschange|p2a: Kangaskhan|Kangaskhan-Mega, L50, F\n|-mega|p2a: Kangaskhan|Kangaskhan|Kangaskhanite\n|move|p2a: Kangaskhan|Double-Edge|p1a: Floette\n|-damage|p1a: Floette|39/100\n|-damage|p1a: Floette|24/100\n|-hitcount|p1a: Floette|2\n|-damage|p2a: Kangaskhan|77/100|[from] Recoil\n|move|p2b: Archaludon|Flash Cannon|p1a: Floette\n|-supereffective|p1a: Floette|1\n|-damage|p1a: Floette|0 fnt\n|faint|p1a: Floette\n|move|p1b: Incineroar|Parting Shot|p2a: Kangaskhan\n|-unboost|p2a: Kangaskhan|atk|1\n|-unboost|p2a: Kangaskhan|spa|1\n|\n|t:|1776682658\n|switch|p1b: Garchomp|Garchomp, L50, M, shiny|100/100|[from] Parting Shot\n|\n|upkeep\n|\n|t:|1776682661\n|switch|p1a: Incineroar|Incineroar, L50, M, shiny|100/100\n|-ability|p1a: Incineroar|Intimidate|boost\n|-unboost|p2a: Kangaskhan|atk|1\n|-unboost|p2b: Archaludon|atk|1\n|turn|6\n|\n|t:|1776682673\n|switch|p1b: Sinistcha|Sinistcha-Masterpiece, L50|68/100\n|switch|p2b: Aerodactyl|Aerodactyl, L50, M|20/100\n|-ability|p2b: Aerodactyl|Unnerve\n|move|p2a: Kangaskhan|Sucker Punch||[still]\n|-fail|p2a: Kangaskhan\n|move|p1a: Incineroar|Parting Shot|p2a: Kangaskhan\n|-unboost|p2a: Kangaskhan|atk|1\n|-unboost|p2a: Kangaskhan|spa|1\n|\n|t:|1776682681\n|switch|p1a: Garchomp|Garchomp, L50, M, shiny|100/100|[from] Parting Shot\n|\n|upkeep\n|turn|7\n|\n|t:|1776682690\n|switch|p2a: Tauros|Tauros-Paldea-Aqua, L50, M|93/100\n|-ability|p2a: Tauros|Intimidate|boost\n|-unboost|p1a: Garchomp|atk|1\n|-unboost|p1b: Sinistcha|atk|1\n|-enditem|p1a: Garchomp|White Herb\n|-clearnegativeboost|p1a: Garchomp|[silent]\n|move|p2b: Aerodactyl|Tailwind|p2b: Aerodactyl\n|-sidestart|p2: Fuochissimo|move: Tailwind\n|move|p1a: Garchomp|Stomping Tantrum|p2a: Tauros\n|-damage|p2a: Tauros|45/100\n|move|p1b: Sinistcha|Matcha Gotcha|p2b: Aerodactyl|[spread] p2a,p2b\n|-supereffective|p2a: Tauros|1\n|-damage|p2a: Tauros|0 fnt\n|-heal|p1b: Sinistcha|88/100|[from] drain|[of] p2a: Tauros\n|-damage|p2b: Aerodactyl|0 fnt\n|-heal|p1b: Sinistcha|96/100|[from] drain|[of] p2b: Aerodactyl\n|faint|p2a: Tauros\n|faint|p2b: Aerodactyl\n|\n|upkeep\n|\n|t:|1776682703\n|switch|p2b: Archaludon|Archaludon, L50, F|100/100\n|switch|p2a: Kangaskhan|Kangaskhan-Mega, L50, F|77/100\n|turn|8\n|\n|t:|1776682719\n|switch|p1b: Incineroar|Incineroar, L50, M, shiny|100/100\n|-ability|p1b: Incineroar|Intimidate|boost\n|-unboost|p2a: Kangaskhan|atk|1\n|-unboost|p2b: Archaludon|atk|1\n|move|p1a: Garchomp|Protect|p1a: Garchomp\n|-singleturn|p1a: Garchomp|Protect\n|move|p2a: Kangaskhan|Double-Edge|p1a: Garchomp\n|-activate|p1a: Garchomp|move: Protect\n|move|p2b: Archaludon|Flash Cannon|p1b: Incineroar\n|-resisted|p1b: Incineroar|1\n|-damage|p1b: Incineroar|78/100\n|\n|upkeep\n|turn|9\n|inactive|Fuochissimo has 30 seconds left.\n|\n|t:|1776682745\n|switch|p1a: Sinistcha|Sinistcha-Masterpiece, L50|96/100\n|-heal|p1b: Incineroar|100/100|[from] ability: Hospitality|[of] p1a: Sinistcha\n|move|p2a: Kangaskhan|Low Kick|p1b: Incineroar\n|-supereffective|p1b: Incineroar|1\n|-damage|p1b: Incineroar|73/100\n|-supereffective|p1b: Incineroar|1\n|-damage|p1b: Incineroar|66/100\n|-hitcount|p1b: Incineroar|2\n|move|p2b: Archaludon|Draco Meteor|p1a: Sinistcha\n|-damage|p1a: Sinistcha|15/100\n|-unboost|p2b: Archaludon|spa|2\n|move|p1b: Incineroar|Parting Shot|p1a: Sinistcha\n|-unboost|p1a: Sinistcha|atk|1\n|-unboost|p1a: Sinistcha|spa|1\n|\n|t:|1776682758\n|switch|p1b: Garchomp|Garchomp, L50, M, shiny|100/100|[from] Parting Shot\n|\n|upkeep\n|turn|10\n|\n|t:|1776682778\n|switch|p1a: Incineroar|Incineroar, L50, M, shiny|66/100\n|-ability|p1a: Incineroar|Intimidate|boost\n|-unboost|p2a: Kangaskhan|atk|1\n|-unboost|p2b: Archaludon|atk|1\n|move|p2a: Kangaskhan|Sucker Punch|p1b: Garchomp\n|-damage|p1b: Garchomp|88/100\n|-damage|p2a: Kangaskhan|65/100|[from] ability: Rough Skin|[of] p1b: Garchomp\n|-damage|p1b: Garchomp|84/100\n|-damage|p2a: Kangaskhan|53/100|[from] ability: Rough Skin|[of] p1b: Garchomp\n|-hitcount|p1b: Garchomp|2\n|move|p2b: Archaludon|Draco Meteor|p1b: Garchomp\n|-supereffective|p1b: Garchomp|1\n|-damage|p1b: Garchomp|0 fnt\n|-unboost|p2b: Archaludon|spa|2\n|faint|p1b: Garchomp\n|\n|-sideend|p2: Fuochissimo|move: Tailwind\n|upkeep\n|\n|t:|1776682791\n|switch|p1b: Sinistcha|Sinistcha-Masterpiece, L50|15/100\n|-heal|p1a: Incineroar|91/100|[from] ability: Hospitality|[of] p1b: Sinistcha\n|turn|11\n|\n|t:|1776682809\n|move|p1a: Incineroar|Fake Out|p2a: Kangaskhan\n|-damage|p2a: Kangaskhan|42/100\n|cant|p2a: Kangaskhan|flinch\n|move|p2b: Archaludon|Draco Meteor|p1a: Incineroar\n|-damage|p1a: Incineroar|62/100\n|-unboost|p2b: Archaludon|spa|2\n|move|p1b: Sinistcha|Trick Room|p1b: Sinistcha\n|-fieldstart|move: Trick Room|[of] p1b: Sinistcha\n|\n|upkeep\n|turn|12\n|\n|t:|1776682820\n|move|p1b: Sinistcha|Life Dew|p1b: Sinistcha|[spread] p1a,p1b\n|-heal|p1a: Incineroar|87/100\n|-heal|p1b: Sinistcha|40/100\n|move|p1a: Incineroar|Flare Blitz|p2a: Kangaskhan\n|-damage|p2a: Kangaskhan|0 fnt\n|faint|p2a: Kangaskhan\n|-damage|p1a: Incineroar|74/100|[from] Recoil\n|move|p2b: Archaludon|Draco Meteor|p1a: Incineroar\n|-damage|p1a: Incineroar|55/100\n|\n|upkeep\n|turn|13\n|\n|t:|1776682837\n|move|p1b: Sinistcha|Life Dew|p1b: Sinistcha|[spread] p1a,p1b\n|-heal|p1a: Incineroar|80/100\n|-heal|p1b: Sinistcha|66/100\n|move|p1a: Incineroar|Flare Blitz|p2b: Archaludon\n|-damage|p2b: Archaludon|56/100\n|-status|p2b: Archaludon|brn\n|-damage|p1a: Incineroar|68/100|[from] Recoil\n|move|p2b: Archaludon|Draco Meteor|p1a: Incineroar\n|-damage|p1a: Incineroar|48/100\n|\n|-damage|p2b: Archaludon|50/100 brn|[from] brn\n|upkeep\n|turn|14\n|\n|t:|1776682853\n|move|p1b: Sinistcha|Matcha Gotcha|p2b: Archaludon|[miss]\n|-miss|p1b: Sinistcha|p2b: Archaludon\n|move|p1a: Incineroar|Flare Blitz|p2b: Archaludon\n|-damage|p2b: Archaludon|8/100 brn\n|-damage|p1a: Incineroar|37/100|[from] Recoil\n|move|p2b: Archaludon|Draco Meteor|p1a: Incineroar\n|-damage|p1a: Incineroar|17/100\n|\n|-damage|p2b: Archaludon|2/100 brn|[from] brn\n|upkeep\n|turn|15\n|-message|Fuochissimo forfeited.\n|\n|win|NoMoreRegFAgain\n|raw|NoMoreRegFAgain's rating: 1224 &rarr; <strong>1243</strong><br />(+19 for winning)\n|raw|Fuochissimo's rating: 1134 &rarr; <strong>1115</strong><br />(-19 for losing)\n",
  "uploadtime": 1776682860,
  "views": 13,
  "formatid": "gen9championsvgc2026regma",
  "rating": 1115,
  "private": 0,
  "password": null
}