{
  "id": "gen9championsvgc2026regma-2586172585",
  "format": "[Gen 9 Champions] VGC 2026 Reg M-A",
  "players": [
    "orionsayshi",
    "qubito"
  ],
  "log": "|j|\u2606orionsayshi\n|j|\u2606qubito\n|t:|1776408238\n|gametype|doubles\n|player|p1|orionsayshi|elesa|1093\n|player|p2|qubito|170|1007\n|gen|9\n|tier|[Gen 9 Champions] VGC 2026 Reg M-A\n|rated|\n|rule|Species Clause: Limit one of each Pok\u00e9mon\n|rule|Item Clause: Limit 1 of each item\n|clearpoke\n|poke|p1|Incineroar, L50, M|\n|poke|p1|Gengar, L50, M|\n|poke|p1|Sableye, L50, F|\n|poke|p1|Arcanine-Hisui, L50, F|\n|poke|p1|Bellibolt, L50, F|\n|poke|p1|Sinistcha, L50|\n|poke|p2|Garchomp, L50, M|\n|poke|p2|Rotom-Wash, L50|\n|poke|p2|Kingambit, L50, F|\n|poke|p2|Sneasler, L50, F|\n|poke|p2|Whimsicott, L50, M|\n|poke|p2|Delphox, L50, M|\n|teampreview|4\n|\n|t:|1776408260\n|teamsize|p1|4\n|teamsize|p2|4\n|start\n|switch|p1a: Gengar|Gengar, L50, M|100/100\n|switch|p1b: Sableye|Sableye, L50, F|100/100\n|switch|p2a: Whimsicott|Whimsicott, L50, M|100/100\n|switch|p2b: Delphox|Delphox, L50, M|100/100\n|turn|1\n|\n|t:|1776408275\n|detailschange|p1a: Gengar|Gengar-Mega, L50, M\n|-mega|p1a: Gengar|Gengar|Gengarite\n|detailschange|p2b: Delphox|Delphox-Mega, L50, M\n|-mega|p2b: Delphox|Delphox|Delphoxite\n|move|p1a: Gengar|Protect|p1a: Gengar\n|-singleturn|p1a: Gengar|Protect\n|move|p2a: Whimsicott|Taunt|p1a: Gengar\n|-activate|p1a: Gengar|move: Protect\n|move|p1b: Sableye|Gravity|p1b: Sableye\n|-fieldstart|move: Gravity\n|move|p2b: Delphox|Psychic|p1a: Gengar\n|-activate|p1a: Gengar|move: Protect\n|\n|upkeep\n|turn|2\n|\n|t:|1776408294\n|move|p1b: Sableye|Disable|p2b: Delphox\n|-start|p2b: Delphox|Disable|Psychic\n|cant|p2b: Delphox|Disable|Psychic\n|move|p1a: Gengar|Hypnosis|p2a: Whimsicott\n|-status|p2a: Whimsicott|slp|[from] move: Hypnosis\n|cant|p2a: Whimsicott|slp\n|\n|upkeep\n|turn|3\n|\n|t:|1776408310\n|cant|p2a: Whimsicott|slp\n|move|p1b: Sableye|Encore|p2b: Delphox\n|-start|p2b: Delphox|Encore\n|cant|p2b: Delphox|Disable|Psychic\n|move|p1a: Gengar|Perish Song|p1a: Gengar\n|-start|p1a: Gengar|perish3|[silent]\n|-start|p1b: Sableye|perish3|[silent]\n|-start|p2a: Whimsicott|perish3|[silent]\n|-start|p2b: Delphox|perish3|[silent]\n|-fieldactivate|move: Perish Song\n|\n|-start|p2b: Delphox|perish3\n|-start|p1a: Gengar|perish3\n|-start|p2a: Whimsicott|perish3\n|-start|p1b: Sableye|perish3\n|upkeep\n|turn|4\n|\n|t:|1776408323\n|move|p1b: Sableye|Protect|p1b: Sableye\n|-singleturn|p1b: Sableye|Protect\n|move|p1a: Gengar|Protect|p1a: Gengar\n|-singleturn|p1a: Gengar|Protect\n|-activate|p2b: Delphox|move: Struggle\n|move|p2b: Delphox|Struggle|p1b: Sableye\n|-activate|p1b: Sableye|move: Protect\n|-curestatus|p2a: Whimsicott|slp|[msg]\n|move|p2a: Whimsicott|Moonblast|p1b: Sableye\n|-activate|p1b: Sableye|move: Protect\n|\n|-start|p2b: Delphox|perish2\n|-start|p1a: Gengar|perish2\n|-start|p2a: Whimsicott|perish2\n|-start|p1b: Sableye|perish2\n|upkeep\n|turn|5\n|-message|qubito forfeited.\n|\n|win|orionsayshi\n|raw|orionsayshi's rating: 1093 &rarr; <strong>1113</strong><br />(+20 for winning)\n|raw|qubito's rating: 1007 &rarr; <strong>1000</strong><br />(-7 for losing)\n|l|\u2606qubito\n|player|p2|\n",
  "uploadtime": 1776408344,
  "views": 36,
  "formatid": "gen9championsvgc2026regma",
  "rating": 1000,
  "private": 0,
  "password": null
}