{
  "id": "gen9championsvgc2026regma-2587871497",
  "format": "[Gen 9 Champions] VGC 2026 Reg M-A",
  "players": [
    "hyunbelievable",
    "ericgoated"
  ],
  "log": "|j|\u2606hyunbelievable\n|j|\u2606ericgoated\n|t:|1776572912\n|gametype|doubles\n|player|p1|hyunbelievable|guzma|\n|player|p2|ericgoated|bruno-gen3|\n|gen|9\n|tier|[Gen 9 Champions] VGC 2026 Reg M-A\n|rated|Tournament battle\n|rule|Species Clause: Limit one of each Pok\u00e9mon\n|rule|Item Clause: Limit 1 of each item\n|raw|<div class=\"infobox\"><details class=\"readmore\" open><summary><strong>1 custom rule:</strong></summary> Force Open Team Sheets</details></div>\n|clearpoke\n|poke|p1|Blastoise, L50, F|\n|poke|p1|Sinistcha, L50|\n|poke|p1|Tyranitar, L50, M|\n|poke|p1|Excadrill, L50, M|\n|poke|p1|Incineroar, L50, M|\n|poke|p1|Typhlosion-Hisui, L50, F|\n|poke|p2|Basculegion, L50, M, shiny|\n|poke|p2|Arcanine, L50, M|\n|poke|p2|Venusaur, L50, F|\n|poke|p2|Dragonite, L50, F|\n|poke|p2|Pelipper, L50, M|\n|poke|p2|Medicham, L50, F|\n|teampreview|4\n|showteam|p1|Blastoise||Blastoisinite|RainDish|WaterSpout,IceBeam,ShellSmash,Protect|||F|||50|]Sinistcha||SitrusBerry|Hospitality|MatchaGotcha,RagePowder,StrengthSap,TrickRoom||||||50|]Tyranitar||Tyranitarite|SandStream|RockSlide,KnockOff,LowKick,Protect|||M|||50|]Excadrill||FocusSash|SandRush|HighHorsepower,IronHead,RockSlide,Protect|||M|||50|]Incineroar||LumBerry|Intimidate|FlareBlitz,DarkestLariat,PartingShot,FakeOut|||M|||50|]Typhlosion-Hisui||ChoiceScarf|Blaze|Eruption,ShadowBall,Overheat,HeatWave|||F|||50|\n|showteam|p2|Basculegion||MysticWater|SwiftSwim|AquaJet,Substitute,WaveCrash,LastRespects|||M|||50|]Arcanine||SitrusBerry|Intimidate|Snarl,MorningSun,Overheat,WillOWisp|||M|||50|]Venusaur||Venusaurite|Chlorophyll|GigaDrain,EarthPower,Protect,LeechSeed|||F|||50|]Dragonite||Dragoninite|InnerFocus|Hurricane,Protect,Roost,Thunderbolt|||F|||50|]Pelipper||LumBerry|Drizzle|Tailwind,Hurricane,WeatherBall,Uturn|||M|||50|]Medicham||FocusSash|PurePower|FakeOut,CloseCombat,RockSlide,Protect|||F|||50|\n|j|+holdingb\n|\n|t:|1776572996\n|teamsize|p1|4\n|teamsize|p2|4\n|start\n|switch|p1a: Revy|Blastoise, L50, F|100/100\n|switch|p1b: Roberta|Typhlosion-Hisui, L50, F|100/100\n|switch|p2a: Dragonite|Dragonite, L50, F|100/100\n|switch|p2b: Arcanine|Arcanine, L50, M|100/100\n|-ability|p2b: Arcanine|Intimidate|boost\n|-unboost|p1a: Revy|atk|1\n|-unboost|p1b: Roberta|atk|1\n|turn|1\n|\n|t:|1776573027\n|detailschange|p2a: Dragonite|Dragonite-Mega, L50, F\n|-mega|p2a: Dragonite|Dragonite|Dragoninite\n|detailschange|p1a: Revy|Blastoise-Mega, L50, F\n|-mega|p1a: Revy|Blastoise|Blastoisinite\n|move|p1b: Roberta|Eruption|p2a: Dragonite|[spread] p2a,p2b\n|-resisted|p2a: Dragonite|1\n|-resisted|p2b: Arcanine|1\n|-damage|p2a: Dragonite|88/100\n|-damage|p2b: Arcanine|72/100\n|move|p2a: Dragonite|Thunderbolt|p1a: Revy\n|-supereffective|p1a: Revy|1\n|-damage|p1a: Revy|40/100\n|move|p2b: Arcanine|Snarl|p1a: Revy|[spread] p1a,p1b\n|-supereffective|p1b: Roberta|1\n|-damage|p1a: Revy|32/100\n|-damage|p1b: Roberta|74/100\n|-unboost|p1a: Revy|spa|1\n|-unboost|p1b: Roberta|spa|1\n|move|p1a: Revy|Shell Smash|p1a: Revy\n|-unboost|p1a: Revy|def|1\n|-unboost|p1a: Revy|spd|1\n|-boost|p1a: Revy|atk|2\n|-boost|p1a: Revy|spa|2\n|-boost|p1a: Revy|spe|2\n|\n|upkeep\n|turn|2\n|\n|t:|1776573051\n|switch|p1b: Balalaika|Sinistcha, L50|100/100\n|-heal|p1a: Revy|57/100|[from] ability: Hospitality|[of] p1b: Balalaika\n|move|p1a: Revy|Protect|p1a: Revy\n|-singleturn|p1a: Revy|Protect\n|move|p2a: Dragonite|Protect|p2a: Dragonite\n|-singleturn|p2a: Dragonite|Protect\n|move|p2b: Arcanine|Snarl|p1b: Balalaika|[spread] p1b\n|-activate|p1a: Revy|move: Protect\n|-supereffective|p1b: Balalaika|1\n|-damage|p1b: Balalaika|85/100\n|-unboost|p1b: Balalaika|spa|1\n|\n|upkeep\n|turn|3\n|\n|t:|1776573065\n|switch|p2a: Pelipper|Pelipper, L50, M|100/100\n|-weather|RainDance|[from] ability: Drizzle|[of] p2a: Pelipper\n|move|p1b: Balalaika|Rage Powder|p1b: Balalaika\n|-singleturn|p1b: Balalaika|move: Rage Powder\n|move|p1a: Revy|Water Spout|p2b: Arcanine|[spread] p2a,p2b\n|-resisted|p2a: Pelipper|1\n|-supereffective|p2b: Arcanine|1\n|-damage|p2a: Pelipper|49/100\n|-damage|p2b: Arcanine|0 fnt\n|faint|p2b: Arcanine\n|\n|-weather|RainDance|[upkeep]\n|upkeep\n|\n|t:|1776573070\n|switch|p2b: Venusaur|Venusaur, L50, F|100/100\n|turn|4\n|\n|t:|1776573085\n|move|p1a: Revy|Ice Beam|p2b: Venusaur\n|-supereffective|p2b: Venusaur|1\n|-damage|p2b: Venusaur|25/100\n|move|p2b: Venusaur|Giga Drain|p1a: Revy\n|-supereffective|p1a: Revy|1\n|-damage|p1a: Revy|0 fnt\n|-heal|p2b: Venusaur|53/100|[from] drain|[of] p1a: Revy\n|faint|p1a: Revy\n|move|p1b: Balalaika|Matcha Gotcha|p2b: Venusaur|[spread] p2a,p2b\n|-resisted|p2b: Venusaur|2\n|-damage|p2a: Pelipper|30/100\n|-heal|p1b: Balalaika|94/100|[from] drain|[of] p2a: Pelipper\n|-damage|p2b: Venusaur|51/100\n|-heal|p1b: Balalaika|95/100|[from] drain|[of] p2b: Venusaur\n|move|p2a: Pelipper|Tailwind|p2a: Pelipper\n|-sidestart|p2: ericgoated|move: Tailwind\n|\n|-weather|RainDance|[upkeep]\n|upkeep\n|\n|t:|1776573096\n|switch|p1a: Rock|Tyranitar, L50, M|100/100\n|-weather|Sandstorm|[from] ability: Sand Stream|[of] p1a: Rock\n|turn|5\n|\n|t:|1776573111\n|switch|p2a: Dragonite|Dragonite-Mega, L50, F|88/100\n|move|p1a: Rock|Protect|p1a: Rock\n|-singleturn|p1a: Rock|Protect\n|move|p2b: Venusaur|Leech Seed|p1a: Rock\n|-activate|p1a: Rock|move: Protect\n|move|p1b: Balalaika|Trick Room|p1b: Balalaika\n|-fieldstart|move: Trick Room|[of] p1b: Balalaika\n|\n|-weather|Sandstorm|[upkeep]\n|-damage|p1b: Balalaika|89/100|[from] Sandstorm\n|-damage|p2b: Venusaur|45/100|[from] Sandstorm\n|-damage|p2a: Dragonite|82/100|[from] Sandstorm\n|upkeep\n|turn|6\n|\n|t:|1776573127\n|move|p2a: Dragonite|Protect|p2a: Dragonite\n|-singleturn|p2a: Dragonite|Protect\n|move|p1b: Balalaika|Matcha Gotcha|p2a: Dragonite|[spread] p2b\n|-activate|p2a: Dragonite|move: Protect\n|-resisted|p2b: Venusaur|2\n|-damage|p2b: Venusaur|42/100\n|-heal|p1b: Balalaika|91/100|[from] drain|[of] p2b: Venusaur\n|-status|p2b: Venusaur|brn\n|move|p1a: Rock|Rock Slide|p2b: Venusaur|[spread] p2b\n|-activate|p2a: Dragonite|move: Protect\n|-damage|p2b: Venusaur|11/100 brn\n|move|p2b: Venusaur|Leech Seed|p1a: Rock\n|-start|p1a: Rock|move: Leech Seed\n|\n|-weather|Sandstorm|[upkeep]\n|-damage|p1b: Balalaika|85/100|[from] Sandstorm\n|-damage|p2b: Venusaur|5/100 brn|[from] Sandstorm\n|-damage|p2a: Dragonite|76/100|[from] Sandstorm\n|-damage|p1a: Rock|88/100|[from] Leech Seed|[of] p2b: Venusaur\n|-heal|p2b: Venusaur|18/100 brn|[silent]\n|-damage|p2b: Venusaur|12/100 brn|[from] brn\n|upkeep\n|turn|7\n|\n|t:|1776573158\n|switch|p2a: Pelipper|Pelipper, L50, M|30/100\n|-weather|RainDance|[from] ability: Drizzle|[of] p2a: Pelipper\n|move|p1b: Balalaika|Matcha Gotcha|p2a: Pelipper|[spread] p2a,p2b\n|-resisted|p2b: Venusaur|2\n|-damage|p2a: Pelipper|9/100\n|-heal|p1b: Balalaika|95/100|[from] drain|[of] p2a: Pelipper\n|-damage|p2b: Venusaur|10/100 brn\n|-heal|p1b: Balalaika|96/100|[from] drain|[of] p2b: Venusaur\n|move|p1a: Rock|Rock Slide|p2b: Venusaur|[spread] p2a,p2b\n|-supereffective|p2a: Pelipper|1\n|-damage|p2a: Pelipper|0 fnt\n|-damage|p2b: Venusaur|0 fnt\n|faint|p2a: Pelipper\n|faint|p2b: Venusaur\n|\n|-weather|RainDance|[upkeep]\n|-sideend|p2: ericgoated|move: Tailwind\n|upkeep\n|\n|t:|1776573176\n|switch|p2b: Dragonite|Dragonite-Mega, L50, F|76/100\n|turn|8\n|\n|t:|1776573182\n|move|p1b: Balalaika|Rage Powder|p1b: Balalaika\n|-singleturn|p1b: Balalaika|move: Rage Powder\n|move|p1a: Rock|Rock Slide|p2b: Dragonite\n|-supereffective|p2b: Dragonite|1\n|-damage|p2b: Dragonite|8/100\n|move|p2b: Dragonite|Roost|p2b: Dragonite\n|-heal|p2b: Dragonite|58/100\n|-singleturn|p2b: Dragonite|move: Roost\n|\n|-weather|RainDance|[upkeep]\n|-damage|p1a: Rock|76/100|[from] Leech Seed|[of] p2b: Dragonite\n|-heal|p2b: Dragonite|72/100|[silent]\n|upkeep\n|turn|9\n|\n|t:|1776573187\n|move|p1b: Balalaika|Rage Powder|p1b: Balalaika\n|-singleturn|p1b: Balalaika|move: Rage Powder\n|move|p1a: Rock|Rock Slide|p2b: Dragonite\n|-supereffective|p2b: Dragonite|1\n|-damage|p2b: Dragonite|6/100\n|cant|p2b: Dragonite|flinch\n|\n|-weather|RainDance|[upkeep]\n|-damage|p1a: Rock|64/100|[from] Leech Seed|[of] p2b: Dragonite\n|-heal|p2b: Dragonite|19/100|[silent]\n|-fieldend|move: Trick Room\n|upkeep\n|turn|10\n|\n|t:|1776573194\n|move|p1b: Balalaika|Rage Powder|p1b: Balalaika\n|-singleturn|p1b: Balalaika|move: Rage Powder\n|move|p2b: Dragonite|Roost|p2b: Dragonite\n|-heal|p2b: Dragonite|70/100\n|-singleturn|p2b: Dragonite|move: Roost\n|move|p1a: Rock|Rock Slide|p2b: Dragonite\n|-damage|p2b: Dragonite|35/100\n|\n|-weather|RainDance|[upkeep]\n|-damage|p1a: Rock|52/100|[from] Leech Seed|[of] p2b: Dragonite\n|-heal|p2b: Dragonite|49/100|[silent]\n|upkeep\n|turn|11\n|\n|t:|1776573208\n|switch|p1a: Roberta|Typhlosion-Hisui, L50, F|74/100\n|move|p2b: Dragonite|Hurricane|p1b: Balalaika\n|-supereffective|p1b: Balalaika|1\n|-damage|p1b: Balalaika|0 fnt\n|faint|p1b: Balalaika\n|\n|-weather|none\n|upkeep\n|\n|t:|1776573212\n|switch|p1b: Rock|Tyranitar, L50, M|52/100\n|-weather|Sandstorm|[from] ability: Sand Stream|[of] p1b: Rock\n|turn|12\n|\n|t:|1776573222\n|move|p2b: Dragonite|Protect|p2b: Dragonite\n|-singleturn|p2b: Dragonite|Protect\n|move|p1a: Roberta|Eruption|p2b: Dragonite\n|-activate|p2b: Dragonite|move: Protect\n|move|p1b: Rock|Rock Slide|p2b: Dragonite\n|-activate|p2b: Dragonite|move: Protect\n|\n|-weather|Sandstorm|[upkeep]\n|-damage|p1a: Roberta|68/100|[from] Sandstorm\n|-damage|p2b: Dragonite|43/100|[from] Sandstorm\n|upkeep\n|turn|13\n|\n|t:|1776573229\n|move|p1a: Roberta|Eruption|p2b: Dragonite\n|-resisted|p2b: Dragonite|1\n|-damage|p2b: Dragonite|19/100\n|move|p2b: Dragonite|Roost|p2b: Dragonite\n|-heal|p2b: Dragonite|70/100\n|-singleturn|p2b: Dragonite|move: Roost\n|move|p1b: Rock|Rock Slide|p2b: Dragonite|[miss]\n|-miss|p1b: Rock|p2b: Dragonite\n|\n|-weather|Sandstorm|[upkeep]\n|-damage|p1a: Roberta|62/100|[from] Sandstorm\n|-damage|p2b: Dragonite|64/100|[from] Sandstorm\n|upkeep\n|turn|14\n|\n|t:|1776573257\n|move|p1a: Roberta|Eruption|p2b: Dragonite\n|-resisted|p2b: Dragonite|1\n|-damage|p2b: Dragonite|43/100\n|move|p2b: Dragonite|Hurricane|p1a: Roberta|[miss]\n|-miss|p2b: Dragonite|p1a: Roberta\n|move|p1b: Rock|Rock Slide|p2b: Dragonite\n|-supereffective|p2b: Dragonite|1\n|-damage|p2b: Dragonite|0 fnt\n|faint|p2b: Dragonite\n|\n|win|hyunbelievable\n|n|\u2606hyunbelievable|hyunbelievable\n|n|\u2606ericgoated|ericgoated\n|n| holdingb|holdingb\n|c|\u2606ericgoated|gg\n|l|\u2606ericgoated\n|player|p2|\n|c|\u2606hyunbelievable|gg\n",
  "uploadtime": 1776573267,
  "views": 11,
  "formatid": "gen9championsvgc2026regma",
  "rating": null,
  "private": 0,
  "password": null
}