{
  "id": "gen9championsvgc2026regma-2588491861",
  "format": "[Gen 9 Champions] VGC 2026 Reg M-A",
  "players": [
    "CallMeKokko",
    "venusaurrr"
  ],
  "log": "|j|\u2606CallMeKokko\n|j|\u203dvenusaurrr\n|t:|1776638382\n|gametype|doubles\n|player|p1|CallMeKokko|waiter-gen4|1451\n|player|p2|venusaurrr|boarder|1504\n|gen|9\n|tier|[Gen 9 Champions] VGC 2026 Reg M-A\n|rated|\n|rule|Species Clause: Limit one of each Pok\u00e9mon\n|rule|Item Clause: Limit 1 of each item\n|clearpoke\n|poke|p1|Farigiraf, L50, M|\n|poke|p1|Incineroar, L50, M|\n|poke|p1|Torkoal, L50, M|\n|poke|p1|Crabominable, L50, F|\n|poke|p1|Basculegion, L50, M|\n|poke|p1|Ninetales-Alola, L50, M|\n|poke|p2|Golurk, L50|\n|poke|p2|Farigiraf, L50, M|\n|poke|p2|Incineroar, L50, M|\n|poke|p2|Torkoal, L50, M|\n|poke|p2|Sneasler, L50, F|\n|poke|p2|Venusaur, L50, M|\n|teampreview|4\n|inactive|Battle timer is ON: inactive players will automatically lose when time's up. (requested by CallMeKokko)\n|\n|t:|1776638398\n|teamsize|p1|4\n|teamsize|p2|4\n|start\n|switch|p1a: Farigiraf|Farigiraf, L50, M|100/100\n|switch|p1b: Crabominable|Crabominable, L50, F|100/100\n|switch|p2a: Incineroar|Incineroar, L50, M|100/100\n|switch|p2b: Venusaur|Venusaur, L50, M|100/100\n|-ability|p2a: Incineroar|Intimidate|boost\n|-unboost|p1a: Farigiraf|atk|1\n|-fail|p1b: Crabominable|unboost|Attack|[from] ability: Hyper Cutter|[of] p1b: Crabominable\n|turn|1\n|inactive|venusaurrr has 30 seconds left.\n|inactive|venusaurrr has 20 seconds left.\n|\n|t:|1776638439\n|move|p2b: Venusaur|Protect|p2b: Venusaur\n|-singleturn|p2b: Venusaur|Protect\n|move|p1b: Crabominable|Protect|p1b: Crabominable\n|-singleturn|p1b: Crabominable|Protect\n|move|p2a: Incineroar|Parting Shot|p1a: Farigiraf\n|-unboost|p1a: Farigiraf|atk|1\n|-unboost|p1a: Farigiraf|spa|1\n|\n|t:|1776638446\n|switch|p2a: Torkoal|Torkoal, L50, M|100/100|[from] Parting Shot\n|-weather|SunnyDay|[from] ability: Drought|[of] p2a: Torkoal\n|move|p1a: Farigiraf|Trick Room|p1a: Farigiraf\n|-fieldstart|move: Trick Room|[of] p1a: Farigiraf\n|\n|-weather|SunnyDay|[upkeep]\n|upkeep\n|turn|2\n|\n|t:|1776638460\n|switch|p1b: Torkoal|Torkoal, L50, M|100/100\n|switch|p2b: Golurk|Golurk, L50|100/100\n|move|p2a: Torkoal|Eruption|p1b: Torkoal|[spread] p1a,p1b\n|-resisted|p1b: Torkoal|1\n|-damage|p1a: Farigiraf|9/100\n|-damage|p1b: Torkoal|46/100\n|-enditem|p1a: Farigiraf|Sitrus Berry|[eat]\n|-heal|p1a: Farigiraf|34/100|[from] item: Sitrus Berry\n|move|p1a: Farigiraf|Hyper Voice|p2a: Torkoal|[spread] p2a\n|-immune|p2b: Golurk\n|-damage|p2a: Torkoal|80/100\n|\n|-weather|SunnyDay|[upkeep]\n|upkeep\n|turn|3\n|inactive|venusaurrr has 30 seconds left.\n|\n|t:|1776638489\n|detailschange|p2b: Golurk|Golurk-Mega, L50\n|-mega|p2b: Golurk|Golurk|Golurkite\n|move|p2a: Torkoal|Eruption|p1a: Farigiraf|[spread] p1a,p1b\n|-resisted|p1b: Torkoal|1\n|-damage|p1a: Farigiraf|0 fnt\n|-damage|p1b: Torkoal|4/100\n|faint|p1a: Farigiraf\n|move|p1b: Torkoal|Overheat|p2a: Torkoal\n|-resisted|p2a: Torkoal|1\n|-damage|p2a: Torkoal|19/100\n|-unboost|p1b: Torkoal|spa|2\n|move|p2b: Golurk|Poltergeist|p1b: Torkoal\n|-activate|p1b: Torkoal|move: Poltergeist|Charcoal\n|-damage|p1b: Torkoal|0 fnt\n|faint|p1b: Torkoal\n|\n|-weather|SunnyDay|[upkeep]\n|upkeep\n|\n|t:|1776638493\n|switch|p1b: Incineroar|Incineroar, L50, M|100/100\n|switch|p1a: Crabominable|Crabominable, L50, F|100/100\n|-ability|p1b: Incineroar|Intimidate|boost\n|-unboost|p2a: Torkoal|atk|1\n|-unboost|p2b: Golurk|atk|1\n|turn|4\n|inactive|venusaurrr has 30 seconds left.\n|\n|t:|1776638524\n|move|p2a: Torkoal|Protect|p2a: Torkoal\n|-singleturn|p2a: Torkoal|Protect\n|move|p1b: Incineroar|Fake Out|p2a: Torkoal\n|-activate|p2a: Torkoal|move: Protect\n|move|p1a: Crabominable|Ice Hammer|p2b: Golurk\n|-supereffective|p2b: Golurk|1\n|-damage|p2b: Golurk|0 fnt\n|-unboost|p1a: Crabominable|spe|1\n|faint|p2b: Golurk\n|\n|-weather|SunnyDay|[upkeep]\n|upkeep\n|\n|t:|1776638538\n|switch|p2b: Incineroar|Incineroar, L50, M|100/100\n|-ability|p2b: Incineroar|Intimidate|boost\n|-fail|p1a: Crabominable|unboost|Attack|[from] ability: Hyper Cutter|[of] p1a: Crabominable\n|-unboost|p1b: Incineroar|atk|1\n|turn|5\n|inactive|CallMeKokko has 30 seconds left.\n|\n|t:|1776638566\n|move|p1a: Crabominable|Protect|p1a: Crabominable\n|-singleturn|p1a: Crabominable|Protect\n|move|p2b: Incineroar|Fake Out|p1a: Crabominable\n|-activate|p1a: Crabominable|move: Protect\n|move|p2a: Torkoal|Weather Ball|p1b: Incineroar\n|-resisted|p1b: Incineroar|1\n|-damage|p1b: Incineroar|70/100\n|move|p1b: Incineroar|Flare Blitz|p2a: Torkoal\n|-resisted|p2a: Torkoal|1\n|-damage|p2a: Torkoal|1/100\n|-damage|p1b: Incineroar|65/100|[from] Recoil\n|\n|-weather|none\n|-fieldend|move: Trick Room\n|upkeep\n|turn|6\n|\n|t:|1776638589\n|detailschange|p1a: Crabominable|Crabominable-Mega, L50, F\n|-mega|p1a: Crabominable|Crabominable|Crabominite\n|move|p2b: Incineroar|Flare Blitz|p1a: Crabominable\n|-supereffective|p1a: Crabominable|1\n|-damage|p1a: Crabominable|30/100\n|-damage|p2b: Incineroar|76/100|[from] Recoil\n|move|p1b: Incineroar|Flare Blitz|p2a: Torkoal\n|-resisted|p2a: Torkoal|1\n|-crit|p2a: Torkoal\n|-damage|p2a: Torkoal|0 fnt\n|faint|p2a: Torkoal\n|-damage|p1b: Incineroar|65/100|[from] Recoil\n|move|p1a: Crabominable|Drain Punch|p2b: Incineroar\n|-supereffective|p2b: Incineroar|1\n|-damage|p2b: Incineroar|0 fnt\n|-heal|p1a: Crabominable|67/100|[from] drain|[of] p2b: Incineroar\n|faint|p2b: Incineroar\n|\n|upkeep\n|\n|t:|1776638602\n|switch|p2b: Venusaur|Venusaur, L50, M|100/100\n|turn|7\n|\n|t:|1776638612\n|move|p1a: Crabominable|Mach Punch|p2b: Venusaur\n|-resisted|p2b: Venusaur|1\n|-crit|p2b: Venusaur\n|-damage|p2b: Venusaur|69/100\n|move|p2b: Venusaur|Sludge Bomb|p1a: Crabominable\n|-damage|p1a: Crabominable|31/100\n|move|p1b: Incineroar|Flare Blitz|p2b: Venusaur\n|-supereffective|p2b: Venusaur|1\n|-damage|p2b: Venusaur|0 fnt\n|faint|p2b: Venusaur\n|-damage|p1b: Incineroar|48/100|[from] Recoil\n|\n|win|CallMeKokko\n|raw|CallMeKokko's rating: 1451 &rarr; <strong>1474</strong><br />(+23 for winning)\n|raw|venusaurrr's rating: 1504 &rarr; <strong>1481</strong><br />(-23 for losing)\n|l|\u2606CallMeKokko\n|player|p1|\n|l|\u203dvenusaurrr\n|player|p2|\n",
  "uploadtime": 1776640295,
  "views": 13,
  "formatid": "gen9championsvgc2026regma",
  "rating": 1474,
  "private": 0,
  "password": null
}