{
  "id": "gen9championsvgc2026regma-2581755577",
  "format": "[Gen 9 Champions] VGC 2026 Reg M-A",
  "players": [
    "SunTufo",
    "happidoodledoo"
  ],
  "log": "|j|\u2606SunTufo\n|j|\u2606happidoodledoo\n|t:|1776025921\n|gametype|doubles\n|player|p1|SunTufo|li|1350\n|player|p2|happidoodledoo|ghetsis|1372\n|gen|9\n|tier|[Gen 9 Champions] VGC 2026 Reg M-A\n|rated|\n|rule|Species Clause: Limit one of each Pok\u00e9mon\n|rule|Item Clause: Limit 1 of each item\n|clearpoke\n|poke|p1|Farigiraf, L50, M|\n|poke|p1|Dragonite, L50, M|\n|poke|p1|Pelipper, L50, M|\n|poke|p1|Blastoise, L50, M|\n|poke|p1|Aegislash, L50, M|\n|poke|p1|Sinistcha, L50|\n|poke|p2|Starmie, L50|\n|poke|p2|Rotom-Mow, L50|\n|poke|p2|Archaludon, L50, M|\n|poke|p2|Sneasler, L50, F|\n|poke|p2|Pelipper, L50, F|\n|poke|p2|Kingambit, L50, F|\n|teampreview|4\n|inactive|Battle timer is ON: inactive players will automatically lose when time's up. (requested by SunTufo)\n|inactive|happidoodledoo has 60 seconds left.\n|inactive|happidoodledoo has 30 seconds left.\n|inactive|happidoodledoo has 20 seconds left.\n|inactive|happidoodledoo has 15 seconds left.\n|\n|t:|1776025998\n|teamsize|p1|4\n|teamsize|p2|4\n|start\n|switch|p1a: Dragonite|Dragonite, L50, M, shiny|100/100\n|switch|p1b: Farigiraf|Farigiraf, L50, M, shiny|100/100\n|switch|p2a: Archaludon|Archaludon, L50, M|100/100\n|switch|p2b: Pelipper|Pelipper, L50, F|100/100\n|-weather|RainDance|[from] ability: Drizzle|[of] p2b: Pelipper\n|turn|1\n|inactive|SunTufo has 30 seconds left.\n|\n|t:|1776026026\n|detailschange|p1a: Dragonite|Dragonite-Mega, L50, M, shiny\n|-mega|p1a: Dragonite|Dragonite|Dragoninite\n|move|p1b: Farigiraf|Helping Hand|p1a: Dragonite\n|-singleturn|p1a: Dragonite|Helping Hand|[of] p1b: Farigiraf\n|move|p2a: Archaludon|Electro Shot||[still]\n|-prepare|p2a: Archaludon|Electro Shot\n|-boost|p2a: Archaludon|spa|1\n|-anim|p2a: Archaludon|Electro Shot|p1b: Farigiraf\n|-damage|p1b: Farigiraf|43/100\n|move|p1a: Dragonite|Draco Meteor|p2a: Archaludon\n|-ability|p2a: Archaludon|Sturdy\n|-damage|p2a: Archaludon|1/100\n|-unboost|p1a: Dragonite|spa|2\n|move|p2b: Pelipper|Hurricane|p1b: Farigiraf\n|-damage|p1b: Farigiraf|2/100\n|\n|-weather|RainDance|[upkeep]\n|upkeep\n|turn|2\n|inactive|happidoodledoo has 30 seconds left.\n|\n|t:|1776026060\n|switch|p1b: Pelipper|Pelipper, L50, M|100/100\n|move|p2a: Archaludon|Electro Shot||[still]\n|-prepare|p2a: Archaludon|Electro Shot\n|-boost|p2a: Archaludon|spa|1\n|-anim|p2a: Archaludon|Electro Shot|p1a: Dragonite\n|-damage|p1a: Dragonite|54/100\n|move|p1a: Dragonite|Hurricane|p2a: Archaludon\n|-resisted|p2a: Archaludon|1\n|-damage|p2a: Archaludon|0 fnt\n|faint|p2a: Archaludon\n|move|p2b: Pelipper|Chilling Water|p1b: Pelipper\n|-resisted|p1b: Pelipper|1\n|-damage|p1b: Pelipper|70/100\n|-unboost|p1b: Pelipper|atk|1\n|\n|-weather|RainDance|[upkeep]\n|upkeep\n|\n|t:|1776026071\n|switch|p2a: Starmie|Starmie, L50|100/100\n|turn|3\n|inactive|SunTufo has 30 seconds left.\n|\n|t:|1776026098\n|switch|p1a: Farigiraf|Farigiraf, L50, M, shiny|2/100\n|detailschange|p2a: Starmie|Starmie-Mega, L50\n|-mega|p2a: Starmie|Starmie|Starminite\n|move|p2a: Starmie|Liquidation|p1b: Pelipper\n|-resisted|p1b: Pelipper|1\n|-damage|p1b: Pelipper|0 fnt\n|faint|p1b: Pelipper\n|move|p2b: Pelipper|Hurricane|p1a: Farigiraf\n|-damage|p1a: Farigiraf|0 fnt\n|faint|p1a: Farigiraf\n|\n|-weather|RainDance|[upkeep]\n|upkeep\n|\n|t:|1776026106\n|switch|p1b: Dragonite|Dragonite-Mega, L50, M, shiny|54/100\n|switch|p1a: Aegislash|Aegislash, L50, M, shiny|100/100\n|turn|4\n|inactive|happidoodledoo has 30 seconds left.\n|\n|t:|1776026140\n|move|p1b: Dragonite|Protect|p1b: Dragonite\n|-singleturn|p1b: Dragonite|Protect\n|move|p2a: Starmie|Liquidation|p1a: Aegislash\n|-damage|p1a: Aegislash|0 fnt\n|faint|p1a: Aegislash\n|move|p2b: Pelipper|Chilling Water|p1b: Dragonite\n|-activate|p1b: Dragonite|move: Protect\n|\n|-weather|RainDance|[upkeep]\n|upkeep\n|turn|5\n|-message|SunTufo forfeited.\n|\n|win|happidoodledoo\n|raw|SunTufo's rating: 1350 &rarr; <strong>1331</strong><br />(-19 for losing)\n|raw|happidoodledoo's rating: 1372 &rarr; <strong>1391</strong><br />(+19 for winning)\n",
  "uploadtime": 1776026155,
  "views": 25,
  "formatid": "gen9championsvgc2026regma",
  "rating": 1331,
  "private": 0,
  "password": null
}