{
  "id": "gen9championsvgc2026regma-2588514559",
  "format": "[Gen 9 Champions] VGC 2026 Reg M-A",
  "players": [
    "Astral Legionis",
    "Praise Odunze"
  ],
  "log": "|j|\u2606Astral Legionis\n|j|\u2606Praise Odunze\n|t:|1776640566\n|gametype|doubles\n|player|p1|Astral Legionis|170|1218\n|player|p2|Praise Odunze|170|1120\n|gen|9\n|tier|[Gen 9 Champions] VGC 2026 Reg M-A\n|rated|\n|rule|Species Clause: Limit one of each Pok\u00e9mon\n|rule|Item Clause: Limit 1 of each item\n|clearpoke\n|poke|p1|Reuniclus, L50, M|\n|poke|p1|Mimikyu, L50, M|\n|poke|p1|Kingambit, L50, F|\n|poke|p1|Primarina, L50, M|\n|poke|p1|Farigiraf, L50, F|\n|poke|p1|Aerodactyl, L50, M|\n|poke|p2|Glimmora, L50, M|\n|poke|p2|Gliscor, L50, M|\n|poke|p2|Gardevoir, L50, F, shiny|\n|poke|p2|Maushold-Four, L50|\n|poke|p2|Froslass, L50, F|\n|poke|p2|Tauros-Paldea-Aqua, L50, M|\n|teampreview|4\n|\n|t:|1776640595\n|teamsize|p1|4\n|teamsize|p2|4\n|start\n|switch|p1a: Mimikyu|Mimikyu, L50, M|100/100\n|switch|p1b: Kingambit|Kingambit, L50, F|100/100\n|switch|p2a: Glimmora|Glimmora, L50, M|100/100\n|switch|p2b: Tauros|Tauros-Paldea-Aqua, L50, M|100/100\n|-ability|p2b: Tauros|Intimidate|boost\n|-unboost|p1a: Mimikyu|atk|1\n|-unboost|p1b: Kingambit|atk|1\n|-ability|p1b: Kingambit|Defiant|boost\n|-boost|p1b: Kingambit|atk|2\n|turn|1\n|\n|t:|1776640617\n|detailschange|p2a: Glimmora|Glimmora-Mega, L50, M\n|-mega|p2a: Glimmora|Glimmora|Glimmoranite\n|move|p1b: Kingambit|Protect|p1b: Kingambit\n|-singleturn|p1b: Kingambit|Protect\n|move|p2a: Glimmora|Earth Power|p1b: Kingambit\n|-activate|p1b: Kingambit|move: Protect\n|move|p2b: Tauros|Close Combat|p1b: Kingambit\n|-activate|p1b: Kingambit|move: Protect\n|move|p1a: Mimikyu|Trick Room|p1a: Mimikyu\n|-fieldstart|move: Trick Room|[of] p1a: Mimikyu\n|\n|upkeep\n|turn|2\n|\n|t:|1776640649\n|move|p2a: Glimmora|Spiky Shield|p2a: Glimmora\n|-singleturn|p2a: Glimmora|move: Protect\n|move|p1b: Kingambit|Kowtow Cleave|p2a: Glimmora\n|-activate|p2a: Glimmora|move: Protect\n|-damage|p1b: Kingambit|88/100|[from] Spiky Shield|[of] p2a: Glimmora\n|move|p1a: Mimikyu|Play Rough|p2b: Tauros\n|-supereffective|p2b: Tauros|1\n|-damage|p2b: Tauros|36/100\n|move|p2b: Tauros|Close Combat|p1b: Kingambit\n|-supereffective|p1b: Kingambit|2\n|-damage|p1b: Kingambit|0 fnt\n|-unboost|p2b: Tauros|def|1\n|-unboost|p2b: Tauros|spd|1\n|faint|p1b: Kingambit\n|-enditem|p2b: Tauros|White Herb\n|-clearnegativeboost|p2b: Tauros|[silent]\n|\n|upkeep\n|\n|t:|1776640651\n|switch|p1b: Primarina|Primarina, L50, M|100/100\n|turn|3\n|\n|t:|1776640671\n|move|p2b: Tauros|Protect|p2b: Tauros\n|-singleturn|p2b: Tauros|Protect\n|move|p1a: Mimikyu|Shadow Sneak|p2a: Glimmora\n|-damage|p2a: Glimmora|87/100\n|move|p1b: Primarina|Hyper Voice|p2b: Tauros|[spread] p2a\n|-activate|p2b: Tauros|move: Protect\n|-supereffective|p2a: Glimmora|1\n|-damage|p2a: Glimmora|0 fnt\n|faint|p2a: Glimmora\n|\n|upkeep\n|\n|t:|1776640685\n|switch|p2a: Maushold|Maushold-Four, L50|100/100\n|turn|4\n|\n|t:|1776640704\n|move|p2b: Tauros|Aqua Jet|p1a: Mimikyu\n|-activate|p1a: Mimikyu|ability: Disguise\n|-damage|p1a: Mimikyu|100/100\n|detailschange|p1a: Mimikyu|Mimikyu-Busted, L50, M\n|-damage|p1a: Mimikyu|88/100|[from] pokemon: Mimikyu-Busted\n|move|p1b: Primarina|Calm Mind|p1b: Primarina\n|-boost|p1b: Primarina|spa|1\n|-boost|p1b: Primarina|spd|1\n|move|p1a: Mimikyu|Will-O-Wisp|p2b: Tauros\n|-status|p2b: Tauros|brn\n|move|p2a: Maushold|Tidy Up|p2a: Maushold\n|-boost|p2a: Maushold|atk|1\n|-boost|p2a: Maushold|spe|1\n|\n|-damage|p2b: Tauros|30/100 brn|[from] brn\n|upkeep\n|turn|5\n|\n|t:|1776640731\n|move|p2b: Tauros|Protect|p2b: Tauros\n|-singleturn|p2b: Tauros|Protect\n|move|p2a: Maushold|Protect|p2a: Maushold\n|-singleturn|p2a: Maushold|Protect\n|move|p1b: Primarina|Hyper Voice|p2b: Tauros|[spread] \n|-activate|p2a: Maushold|move: Protect\n|-activate|p2b: Tauros|move: Protect\n|move|p1a: Mimikyu|Will-O-Wisp|p2a: Maushold\n|-activate|p2a: Maushold|move: Protect\n|\n|-damage|p2b: Tauros|24/100 brn|[from] brn\n|-fieldend|move: Trick Room\n|upkeep\n|turn|6\n|\n|t:|1776640751\n|move|p2a: Maushold|Crunch|p1a: Mimikyu\n|-damage|p1a: Mimikyu|54/100\n|move|p2b: Tauros|Raging Bull|p1a: Mimikyu\n|-damage|p1a: Mimikyu|24/100\n|move|p1b: Primarina|Moonblast|p2b: Tauros\n|-supereffective|p2b: Tauros|1\n|-damage|p2b: Tauros|0 fnt\n|faint|p2b: Tauros\n|move|p1a: Mimikyu|Trick Room|p1a: Mimikyu\n|-fieldstart|move: Trick Room|[of] p1a: Mimikyu\n|\n|upkeep\n|\n|t:|1776640758\n|switch|p2b: Gliscor|Gliscor, L50, M|100/100\n|turn|7\n|\n|t:|1776640772\n|move|p2b: Gliscor|Protect|p2b: Gliscor\n|-singleturn|p2b: Gliscor|Protect\n|move|p1b: Primarina|Hyper Voice|p2b: Gliscor|[spread] p2a\n|-activate|p2b: Gliscor|move: Protect\n|-enditem|p2a: Maushold|Focus Sash\n|-damage|p2a: Maushold|1/100\n|move|p1a: Mimikyu|Will-O-Wisp|p2a: Maushold\n|-status|p2a: Maushold|brn\n|move|p2a: Maushold|Population Bomb|p1b: Primarina\n|-damage|p1b: Primarina|94/100\n|-damage|p1b: Primarina|87/100\n|-hitcount|p1b: Primarina|2\n|\n|-damage|p2a: Maushold|0 fnt|[from] brn\n|faint|p2a: Maushold\n|upkeep\n|turn|8\n|\n|t:|1776640787\n|move|p1b: Primarina|Hyper Voice|p2b: Gliscor\n|-supereffective|p2b: Gliscor|1\n|-enditem|p2b: Gliscor|Passho Berry|[eat]\n|-enditem|p2b: Gliscor|Passho Berry|[weaken]\n|-damage|p2b: Gliscor|0 fnt\n|faint|p2b: Gliscor\n|\n|win|Astral Legionis\n|raw|Astral Legionis's rating: 1218 &rarr; <strong>1236</strong><br />(+18 for winning)\n|raw|Praise Odunze's rating: 1120 &rarr; <strong>1102</strong><br />(-18 for losing)\n|l|\u2606Praise Odunze\n|player|p2|\n",
  "uploadtime": 1776640814,
  "views": 7,
  "formatid": "gen9championsvgc2026regma",
  "rating": 1102,
  "private": 0,
  "password": null
}