{
  "id": "gen9championsvgc2026regma-2583980678",
  "format": "[Gen 9 Champions] VGC 2026 Reg M-A",
  "players": [
    "Revan2764",
    "JimmiBunnie"
  ],
  "log": "|j|\u203dRevan2764\n|j|\u2606JimmiBunnie\n|t:|1776213834\n|gametype|doubles\n|player|p1|Revan2764|n|1077\n|player|p2|JimmiBunnie|pokekid|1161\n|gen|9\n|tier|[Gen 9 Champions] VGC 2026 Reg M-A\n|rated|\n|rule|Species Clause: Limit one of each Pok\u00e9mon\n|rule|Item Clause: Limit 1 of each item\n|clearpoke\n|poke|p1|Sneasler, L50, M|\n|poke|p1|Kingambit, L50, F|\n|poke|p1|Clefable, L50, F|\n|poke|p1|Basculegion, L50, M|\n|poke|p1|Dragonite, L50, F|\n|poke|p1|Delphox, L50, F|\n|poke|p2|Lopunny, L50, M|\n|poke|p2|Garchomp, L50, F|\n|poke|p2|Incineroar, L50, F|\n|poke|p2|Rotom-Wash, L50|\n|poke|p2|Whimsicott, L50, F|\n|poke|p2|Milotic, L50, M|\n|teampreview|4\n|\n|t:|1776213854\n|teamsize|p1|4\n|teamsize|p2|4\n|start\n|switch|p1a: Kingambit|Kingambit, L50, F|100/100\n|switch|p1b: Clefable|Clefable, L50, F|100/100\n|switch|p2a: Milotic|Milotic, L50, M|100/100\n|switch|p2b: Lopunny|Lopunny, L50, M|100/100\n|turn|1\n|\n|t:|1776213892\n|detailschange|p2b: Lopunny|Lopunny-Mega, L50, M\n|-mega|p2b: Lopunny|Lopunny|Lopunnite\n|move|p1b: Clefable|Follow Me|p1b: Clefable\n|-singleturn|p1b: Clefable|move: Follow Me\n|move|p1a: Kingambit|Sucker Punch|p2b: Lopunny\n|-resisted|p2b: Lopunny|1\n|-damage|p2b: Lopunny|69/100\n|move|p2b: Lopunny|Close Combat|p1b: Clefable\n|-resisted|p1b: Clefable|1\n|-damage|p1b: Clefable|66/100\n|-unboost|p2b: Lopunny|def|1\n|-unboost|p2b: Lopunny|spd|1\n|move|p2a: Milotic|Scald|p1b: Clefable\n|-damage|p1b: Clefable|47/100\n|-status|p1b: Clefable|brn\n|-enditem|p1b: Clefable|Sitrus Berry|[eat]\n|-heal|p1b: Clefable|71/100 brn|[from] item: Sitrus Berry\n|\n|-damage|p1b: Clefable|65/100 brn|[from] brn\n|upkeep\n|turn|2\n|\n|t:|1776213921\n|move|p1a: Kingambit|Protect|p1a: Kingambit\n|-singleturn|p1a: Kingambit|Protect\n|move|p2b: Lopunny|Encore|p1b: Clefable\n|-start|p1b: Clefable|Encore\n|move|p1b: Clefable|Follow Me|p1b: Clefable\n|-singleturn|p1b: Clefable|move: Follow Me\n|move|p2a: Milotic|Icy Wind|p1a: Kingambit|[spread] p1b\n|-activate|p1a: Kingambit|move: Protect\n|-damage|p1b: Clefable|59/100 brn\n|-unboost|p1b: Clefable|spe|1\n|\n|-damage|p1b: Clefable|53/100 brn|[from] brn\n|upkeep\n|turn|3\n|\n|t:|1776213949\n|switch|p1b: Dragonite|Dragonite, L50, F|100/100\n|move|p1a: Kingambit|Sucker Punch|p2a: Milotic\n|-damage|p2a: Milotic|59/100\n|move|p2b: Lopunny|Encore|p1a: Kingambit\n|-start|p1a: Kingambit|Encore\n|move|p2a: Milotic|Scald|p1a: Kingambit\n|-damage|p1a: Kingambit|68/100\n|\n|-heal|p2a: Milotic|65/100|[from] item: Leftovers\n|upkeep\n|turn|4\n|\n|t:|1776213972\n|switch|p2b: Incineroar|Incineroar, L50, F|100/100\n|-ability|p2b: Incineroar|Intimidate|boost\n|-unboost|p1a: Kingambit|atk|1\n|-ability|p1a: Kingambit|Defiant|boost\n|-boost|p1a: Kingambit|atk|2\n|-unboost|p1b: Dragonite|atk|1\n|switch|p1a: Clefable|Clefable, L50, F|53/100 brn\n|move|p1b: Dragonite|Scale Shot|p2b: Incineroar\n|-damage|p2b: Incineroar|93/100\n|-damage|p2b: Incineroar|85/100\n|-hitcount|p2b: Incineroar|2\n|-unboost|p1b: Dragonite|def|1\n|-boost|p1b: Dragonite|spe|1\n|move|p2a: Milotic|Icy Wind|p1a: Clefable|[spread] p1a\n|-miss|p2a: Milotic|p1b: Dragonite\n|-damage|p1a: Clefable|46/100 brn\n|-unboost|p1a: Clefable|spe|1\n|\n|-heal|p2a: Milotic|71/100|[from] item: Leftovers\n|-damage|p1a: Clefable|40/100 brn|[from] brn\n|upkeep\n|turn|5\n|\n|t:|1776214001\n|move|p1a: Clefable|Helping Hand|p1b: Dragonite\n|-singleturn|p1b: Dragonite|Helping Hand|[of] p1a: Clefable\n|move|p2b: Incineroar|Fake Out|p1b: Dragonite\n|-damage|p1b: Dragonite|91/100\n|cant|p1b: Dragonite|flinch\n|move|p2a: Milotic|Icy Wind|p1a: Clefable|[spread] p1a,p1b\n|-supereffective|p1b: Dragonite|2\n|-damage|p1a: Clefable|33/100 brn\n|-damage|p1b: Dragonite|48/100\n|-unboost|p1a: Clefable|spe|1\n|-unboost|p1b: Dragonite|spe|1\n|\n|-heal|p2a: Milotic|77/100|[from] item: Leftovers\n|-damage|p1a: Clefable|27/100 brn|[from] brn\n|upkeep\n|turn|6\n|\n|t:|1776214022\n|switch|p1b: Kingambit|Kingambit, L50, F|68/100\n|move|p2a: Milotic|Icy Wind|p1b: Kingambit|[spread] p1a,p1b\n|-resisted|p1b: Kingambit|1\n|-damage|p1a: Clefable|20/100 brn\n|-damage|p1b: Kingambit|62/100\n|-unboost|p1a: Clefable|spe|1\n|-unboost|p1b: Kingambit|spe|1\n|-ability|p1b: Kingambit|Defiant|boost\n|-boost|p1b: Kingambit|atk|2\n|move|p2b: Incineroar|Parting Shot|p1b: Kingambit\n|-unboost|p1b: Kingambit|atk|1\n|-ability|p1b: Kingambit|Defiant|boost\n|-boost|p1b: Kingambit|atk|2\n|-unboost|p1b: Kingambit|spa|1\n|-ability|p1b: Kingambit|Defiant|boost\n|-boost|p1b: Kingambit|atk|2\n|\n|t:|1776214037\n|switch|p2b: Lopunny|Lopunny-Mega, L50, M|69/100|[from] Parting Shot\n|move|p1a: Clefable|Moonblast|p2b: Lopunny\n|-supereffective|p2b: Lopunny|1\n|-damage|p2b: Lopunny|0 fnt\n|faint|p2b: Lopunny\n|\n|-heal|p2a: Milotic|83/100|[from] item: Leftovers\n|-damage|p1a: Clefable|14/100 brn|[from] brn\n|upkeep\n|\n|t:|1776214048\n|switch|p2b: Rotom|Rotom-Wash, L50|100/100\n|turn|7\n|\n|t:|1776214079\n|move|p1a: Clefable|Helping Hand|p1b: Kingambit\n|-singleturn|p1b: Kingambit|Helping Hand|[of] p1a: Clefable\n|move|p2b: Rotom|Will-O-Wisp|p1b: Kingambit\n|-status|p1b: Kingambit|brn\n|move|p2a: Milotic|Scald|p1b: Kingambit\n|-damage|p1b: Kingambit|28/100 brn\n|move|p1b: Kingambit|Kowtow Cleave|p2b: Rotom\n|-damage|p2b: Rotom|0 fnt\n|faint|p2b: Rotom\n|\n|-heal|p2a: Milotic|89/100|[from] item: Leftovers\n|-damage|p1b: Kingambit|22/100 brn|[from] brn\n|-damage|p1a: Clefable|8/100 brn|[from] brn\n|upkeep\n|\n|t:|1776214093\n|switch|p2b: Incineroar|Incineroar, L50, F|85/100\n|-ability|p2b: Incineroar|Intimidate|boost\n|-unboost|p1a: Clefable|atk|1\n|-unboost|p1b: Kingambit|atk|1\n|-ability|p1b: Kingambit|Defiant|boost\n|-boost|p1b: Kingambit|atk|2\n|turn|8\n|\n|t:|1776214106\n|switch|p1a: Dragonite|Dragonite, L50, F|48/100\n|move|p1b: Kingambit|Protect|p1b: Kingambit\n|-singleturn|p1b: Kingambit|Protect\n|move|p2b: Incineroar|Fake Out|p1b: Kingambit\n|-activate|p1b: Kingambit|move: Protect\n|move|p2a: Milotic|Icy Wind|p1b: Kingambit|[spread] p1a\n|-activate|p1b: Kingambit|move: Protect\n|-supereffective|p1a: Dragonite|2\n|-damage|p1a: Dragonite|10/100\n|-unboost|p1a: Dragonite|spe|1\n|\n|-heal|p2a: Milotic|95/100|[from] item: Leftovers\n|-damage|p1b: Kingambit|16/100 brn|[from] brn\n|upkeep\n|turn|9\n|\n|t:|1776214143\n|move|p2a: Milotic|Protect|p2a: Milotic\n|-singleturn|p2a: Milotic|Protect\n|move|p1a: Dragonite|Protect|p1a: Dragonite\n|-singleturn|p1a: Dragonite|Protect\n|move|p1b: Kingambit|Sucker Punch||[still]\n|-fail|p1b: Kingambit\n|move|p2b: Incineroar|Flare Blitz|p1b: Kingambit\n|-supereffective|p1b: Kingambit|1\n|-damage|p1b: Kingambit|0 fnt\n|faint|p1b: Kingambit\n|-damage|p2b: Incineroar|80/100|[from] Recoil\n|\n|-heal|p2a: Milotic|100/100|[from] item: Leftovers\n|upkeep\n|\n|t:|1776214147\n|switch|p1b: Clefable|Clefable, L50, F|8/100 brn\n|turn|10\n|\n|t:|1776214165\n|move|p1b: Clefable|Follow Me|p1b: Clefable\n|-singleturn|p1b: Clefable|move: Follow Me\n|move|p2a: Milotic|Icy Wind|p1b: Clefable|[spread] p1a,p1b\n|-supereffective|p1a: Dragonite|2\n|-damage|p1a: Dragonite|0 fnt\n|-damage|p1b: Clefable|1/100 brn\n|-unboost|p1b: Clefable|spe|1\n|faint|p1a: Dragonite\n|move|p2b: Incineroar|Throat Chop|p1b: Clefable\n|-resisted|p1b: Clefable|1\n|-damage|p1b: Clefable|0 fnt\n|faint|p1b: Clefable\n|\n|upkeep\n|\n|t:|1776214174\n|switch|p1a: Delphox|Delphox, L50, F|100/100\n|turn|11\n|\n|t:|1776214183\n|detailschange|p1a: Delphox|Delphox-Mega, L50, F\n|-mega|p1a: Delphox|Delphox|Delphoxite\n|move|p1a: Delphox|Substitute|p1a: Delphox\n|-start|p1a: Delphox|Substitute\n|-damage|p1a: Delphox|76/100\n|move|p2a: Milotic|Scald|p1a: Delphox\n|-supereffective|p1a: Delphox|1\n|-end|p1a: Delphox|Substitute\n|move|p2b: Incineroar|Throat Chop|p1a: Delphox\n|-supereffective|p1a: Delphox|1\n|-damage|p1a: Delphox|0 fnt\n|faint|p1a: Delphox\n|\n|win|JimmiBunnie\n|raw|Revan2764's rating: 1077 &rarr; <strong>1061</strong><br />(-16 for losing)\n|raw|JimmiBunnie's rating: 1161 &rarr; <strong>1180</strong><br />(+19 for winning)\n",
  "uploadtime": 1776214196,
  "views": 14,
  "formatid": "gen9championsvgc2026regma",
  "rating": 1061,
  "private": 0,
  "password": null
}