{
  "id": "gen9championsvgc2026regma-2587082591",
  "format": "[Gen 9 Champions] VGC 2026 Reg M-A",
  "players": [
    "etrdyfyiu",
    "stereonight"
  ],
  "log": "|j|\u2606etrdyfyiu\n|j|\u2606stereonight\n|t:|1776490975\n|gametype|doubles\n|player|p1|etrdyfyiu|169|1114\n|player|p2|stereonight|1|1090\n|gen|9\n|tier|[Gen 9 Champions] VGC 2026 Reg M-A\n|rated|\n|rule|Species Clause: Limit one of each Pok\u00e9mon\n|rule|Item Clause: Limit 1 of each item\n|clearpoke\n|poke|p1|Flapple, L50, F|\n|poke|p1|Sableye, L50, F|\n|poke|p1|Aerodactyl, L50, F|\n|poke|p1|Beedrill, L50, M|\n|poke|p1|Sinistcha, L50|\n|poke|p1|Typhlosion-Hisui, L50, M|\n|poke|p2|Pikachu, L50, F|\n|poke|p2|Pelipper, L50, M|\n|poke|p2|Froslass, L50, F|\n|poke|p2|Basculegion, L50, M|\n|poke|p2|Arcanine-Hisui, L50, M|\n|poke|p2|Floette-Eternal, L50, F|\n|teampreview|4\n|inactive|Battle timer is ON: inactive players will automatically lose when time's up. (requested by etrdyfyiu)\n|\n|t:|1776491000\n|teamsize|p1|4\n|teamsize|p2|4\n|start\n|switch|p1a: Sableye|Sableye, L50, F|100/100\n|switch|p1b: Aerodactyl|Aerodactyl, L50, F|100/100\n|switch|p2a: Froslass|Froslass, L50, F|100/100\n|switch|p2b: Pelipper|Pelipper, L50, M|100/100\n|-ability|p1b: Aerodactyl|Unnerve\n|-weather|RainDance|[from] ability: Drizzle|[of] p2b: Pelipper\n|turn|1\n|inactive|etrdyfyiu has 30 seconds left.\n|inactive|etrdyfyiu has 20 seconds left.\n|inactive|etrdyfyiu has 15 seconds left.\n|\n|t:|1776491041\n|detailschange|p2a: Froslass|Froslass-Mega, L50, F\n|-mega|p2a: Froslass|Froslass|Froslassite\n|-weather|Snowscape|[from] ability: Snow Warning|[of] p2a: Froslass\n|move|p2b: Pelipper|Wide Guard|p2b: Pelipper\n|-singleturn|p2b: Pelipper|Wide Guard\n|move|p1a: Sableye|Fake Out|p2b: Pelipper\n|-damage|p2b: Pelipper|91/100\n|move|p1b: Aerodactyl|Tailwind|p1b: Aerodactyl\n|-sidestart|p1: etrdyfyiu|move: Tailwind\n|move|p2a: Froslass|Aurora Veil|p2a: Froslass\n|-sidestart|p2: stereonight|move: Aurora Veil\n|\n|-weather|Snowscape|[upkeep]\n|upkeep\n|turn|2\n|\n|t:|1776491061\n|move|p1b: Aerodactyl|Protect|p1b: Aerodactyl\n|-singleturn|p1b: Aerodactyl|Protect\n|move|p1a: Sableye|Gravity|p1a: Sableye\n|-fieldstart|move: Gravity\n|move|p2a: Froslass|Blizzard|p1a: Sableye|[spread] p1a\n|-activate|p1b: Aerodactyl|move: Protect\n|-damage|p1a: Sableye|51/100\n|move|p2b: Pelipper|Tailwind|p2b: Pelipper\n|-sidestart|p2: stereonight|move: Tailwind\n|\n|-weather|Snowscape|[upkeep]\n|upkeep\n|turn|3\n|\n|t:|1776491078\n|move|p1b: Aerodactyl|Rock Slide|p2a: Froslass|[spread] p2a,p2b\n|-supereffective|p2a: Froslass|1\n|-crit|p2a: Froslass\n|-supereffective|p2b: Pelipper|1\n|-damage|p2a: Froslass|11/100\n|-damage|p2b: Pelipper|46/100\n|move|p2a: Froslass|Blizzard|p1b: Aerodactyl|[spread] p1a,p1b\n|-supereffective|p1b: Aerodactyl|1\n|-damage|p1a: Sableye|2/100\n|-enditem|p1b: Aerodactyl|Focus Sash\n|-damage|p1b: Aerodactyl|1/100\n|cant|p2b: Pelipper|flinch\n|move|p1a: Sableye|Foul Play|p2a: Froslass\n|-supereffective|p2a: Froslass|1\n|-damage|p2a: Froslass|0 fnt\n|faint|p2a: Froslass\n|\n|-weather|Snowscape|[upkeep]\n|upkeep\n|\n|t:|1776491096\n|switch|p2a: Pikachu|Pikachu, L50, F|100/100\n|turn|4\n|\n|t:|1776491113\n|move|p1b: Aerodactyl|Protect|p1b: Aerodactyl\n|-singleturn|p1b: Aerodactyl|Protect\n|move|p2a: Pikachu|Fake Out|p1b: Aerodactyl\n|-activate|p1b: Aerodactyl|move: Protect\n|move|p1a: Sableye|Encore|p2b: Pelipper\n|-start|p2b: Pelipper|Encore\n|move|p2b: Pelipper|Tailwind||[still]\n|-fail|p2b: Pelipper\n|\n|-weather|Snowscape|[upkeep]\n|-sideend|p1: etrdyfyiu|move: Tailwind\n|upkeep\n|turn|5\n|\n|t:|1776491130\n|switch|p2b: Basculegion|Basculegion, L50, M|100/100\n|switch|p1b: Flapple|Flapple, L50, F|100/100\n|move|p2a: Pikachu|Protect|p2a: Pikachu\n|-singleturn|p2a: Pikachu|Protect\n|move|p1a: Sableye|Foul Play|p2a: Pikachu\n|-activate|p2a: Pikachu|move: Protect\n|\n|-weather|none\n|-sideend|p2: stereonight|move: Tailwind\n|-sideend|p2: stereonight|move: Aurora Veil\n|upkeep\n|turn|6\n|inactive|stereonight has 30 seconds left.\n|inactive|stereonight has 20 seconds left.\n|\n|t:|1776491165\n|switch|p1a: Aerodactyl|Aerodactyl, L50, F|1/100\n|-ability|p1a: Aerodactyl|Unnerve\n|move|p2a: Pikachu|Volt Switch|p1a: Aerodactyl\n|-supereffective|p1a: Aerodactyl|1\n|-damage|p1a: Aerodactyl|0 fnt\n|faint|p1a: Aerodactyl\n|\n|t:|1776491172\n|switch|p2a: Pelipper|Pelipper, L50, M|46/100|[from] Volt Switch\n|-weather|RainDance|[from] ability: Drizzle|[of] p2a: Pelipper\n|move|p2b: Basculegion|Last Respects|p1b: Flapple\n|-damage|p1b: Flapple|32/100\n|move|p1b: Flapple|Grav Apple|p2b: Basculegion\n|-supereffective|p2b: Basculegion|1\n|-damage|p2b: Basculegion|0 fnt\n|faint|p2b: Basculegion\n|\n|-weather|RainDance|[upkeep]\n|-fieldend|move: Gravity\n|upkeep\n|\n|t:|1776491194\n|switch|p1a: Sableye|Sableye, L50, F|2/100\n|switch|p2b: Pikachu|Pikachu, L50, F|100/100\n|turn|7\n|\n|t:|1776491205\n|move|p1a: Sableye|Fake Out|p2b: Pikachu\n|-damage|p2b: Pikachu|75/100\n|move|p1b: Flapple|Sucker Punch|p2a: Pelipper|[miss]\n|-miss|p1b: Flapple|p2a: Pelipper\n|cant|p2b: Pikachu|flinch\n|move|p2a: Pelipper|Weather Ball|p1a: Sableye\n|-damage|p1a: Sableye|0 fnt\n|faint|p1a: Sableye\n|\n|-weather|RainDance|[upkeep]\n|upkeep\n|\n|t:|1776491213\n|switch|p1a: Beedrill|Beedrill, L50, M|100/100\n|turn|8\n|\n|t:|1776491230\n|detailschange|p1a: Beedrill|Beedrill-Mega, L50, M\n|-mega|p1a: Beedrill|Beedrill|Beedrillite\n|move|p1b: Flapple|Sucker Punch|p2a: Pelipper\n|-damage|p2a: Pelipper|0 fnt\n|faint|p2a: Pelipper\n|move|p1a: Beedrill|Lunge|p2b: Pikachu\n|-damage|p2b: Pikachu|0 fnt\n|faint|p2b: Pikachu\n|\n|win|etrdyfyiu\n|raw|etrdyfyiu's rating: 1114 &rarr; <strong>1137</strong><br />(+23 for winning)\n|raw|stereonight's rating: 1090 &rarr; <strong>1068</strong><br />(-22 for losing)\n|l|\u2606stereonight\n|player|p2|\n",
  "uploadtime": 1776491241,
  "views": 19,
  "formatid": "gen9championsvgc2026regma",
  "rating": 1068,
  "private": 0,
  "password": null
}