{
  "id": "gen9championsvgc2026regma-2588856761",
  "format": "[Gen 9 Champions] VGC 2026 Reg M-A",
  "players": [
    "realicetypefan",
    "literallyreuben"
  ],
  "log": "|j|\u2606realicetypefan\n|j|\u2606literallyreuben\n|t:|1776679147\n|gametype|doubles\n|player|p1|realicetypefan|adaman|1034\n|player|p2|literallyreuben|tuber|1112\n|gen|9\n|tier|[Gen 9 Champions] VGC 2026 Reg M-A\n|rated|\n|rule|Species Clause: Limit one of each Pok\u00e9mon\n|rule|Item Clause: Limit 1 of each item\n|clearpoke\n|poke|p1|Lucario, L50, M, shiny|\n|poke|p1|Maushold, L50|\n|poke|p1|Garchomp, L50, M|\n|poke|p1|Sylveon, L50, F|\n|poke|p1|Incineroar, L50, F|\n|poke|p1|Aegislash, L50, F|\n|poke|p2|Crabominable, L50, M, shiny|\n|poke|p2|Farigiraf, L50, M, shiny|\n|poke|p2|Mimikyu, L50, M, shiny|\n|poke|p2|Whimsicott, L50, M|\n|poke|p2|Drampa, L50, F, shiny|\n|poke|p2|Torkoal, L50, F|\n|teampreview|4\n|inactive|Battle timer is ON: inactive players will automatically lose when time's up. (requested by literallyreuben)\n|\n|t:|1776679170\n|teamsize|p1|4\n|teamsize|p2|4\n|start\n|switch|p1a: Goku|Lucario, L50, M, shiny|100/100\n|switch|p1b: Maushold|Maushold, L50|100/100\n|switch|p2a: Farigiraf|Farigiraf, L50, M, shiny|100/100\n|switch|p2b: Mimikyu|Mimikyu, L50, M, shiny|100/100\n|turn|1\n|inactive|literallyreuben has 30 seconds left.\n|\n|t:|1776679199\n|move|p2a: Farigiraf|Protect|p2a: Farigiraf\n|-singleturn|p2a: Farigiraf|Protect\n|move|p1b: Maushold|Beat Up|p1a: Goku\n|-resisted|p1a: Goku|1\n|-damage|p1a: Goku|98/100\n|-ability|p1a: Goku|Justified|boost\n|-boost|p1a: Goku|atk|1\n|-resisted|p1a: Goku|1\n|-damage|p1a: Goku|97/100\n|-ability|p1a: Goku|Justified|boost\n|-boost|p1a: Goku|atk|1\n|-resisted|p1a: Goku|1\n|-damage|p1a: Goku|95/100\n|-ability|p1a: Goku|Justified|boost\n|-boost|p1a: Goku|atk|1\n|-resisted|p1a: Goku|1\n|-damage|p1a: Goku|94/100\n|-ability|p1a: Goku|Justified|boost\n|-boost|p1a: Goku|atk|1\n|-hitcount|p1a: Goku|4\n|move|p1a: Goku|Meteor Mash|p2a: Farigiraf\n|-activate|p2a: Farigiraf|move: Protect\n|move|p2b: Mimikyu|Trick Room|p2b: Mimikyu\n|-fieldstart|move: Trick Room|[of] p2b: Mimikyu\n|\n|upkeep\n|turn|2\n|c|\u2606realicetypefan|ah god damnit\n|inactive|realicetypefan has 30 seconds left.\n|inactive|literallyreuben has 30 seconds left.\n|c|\u2606literallyreuben|\ud83d\udc45\ud83d\udc45\ud83d\udc45\n|c|\u2606realicetypefan|curse you\n|inactive|literallyreuben has 20 seconds left.\n|c|\u2606literallyreuben|\ud83d\ude1e\n|inactive|literallyreuben has 15 seconds left.\n|c|\u2606realicetypefan|i nearly had you\n|\n|t:|1776679242\n|switch|p2b: Drampa|Drampa, L50, F, shiny|100/100\n|-ability|p2b: Drampa|Cloud Nine\n|detailschange|p1a: Goku|Lucario-Mega, L50, M, shiny\n|-mega|p1a: Goku|Lucario|Lucarionite\n|move|p1b: Maushold|Follow Me|p1b: Maushold\n|-singleturn|p1b: Maushold|move: Follow Me\n|move|p2a: Farigiraf|Psychic|p1b: Maushold\n|-damage|p1b: Maushold|57/100\n|move|p1a: Goku|Meteor Mash|p2a: Farigiraf\n|-damage|p2a: Farigiraf|0 fnt\n|faint|p2a: Farigiraf\n|\n|upkeep\n|c|\u2606literallyreuben|yup\n|c|\u2606realicetypefan|wait no i still got this\n|c|\u2606realicetypefan|fear me\n|\n|t:|1776679258\n|switch|p2a: Crabominable|Crabominable, L50, M, shiny|100/100\n|turn|3\n|c|\u2606literallyreuben|fearing\n|\n|t:|1776679273\n|detailschange|p2b: Drampa|Drampa-Mega, L50, F, shiny\n|-mega|p2b: Drampa|Drampa|Drampanite\n|move|p1b: Maushold|Follow Me|p1b: Maushold\n|-singleturn|p1b: Maushold|move: Follow Me\n|move|p1a: Goku|Extreme Speed|p2b: Drampa\n|-crit|p2b: Drampa\n|-damage|p2b: Drampa|0 fnt\n|faint|p2b: Drampa\n|move|p2a: Crabominable|Drain Punch|p1b: Maushold\n|-supereffective|p1b: Maushold|1\n|-damage|p1b: Maushold|0 fnt\n|faint|p1b: Maushold\n|\n|upkeep\n|c|\u2606literallyreuben|yo\n|c|\u2606literallyreuben|my ba\n|c|\u2606literallyreuben|d\n|\n|t:|1776679286\n|switch|p2b: Mimikyu|Mimikyu, L50, M, shiny|100/100\n|switch|p1b: Incineroar|Incineroar, L50, F|100/100\n|-ability|p1b: Incineroar|Intimidate|boost\n|-fail|p2a: Crabominable|unboost|Attack|[from] ability: Hyper Cutter|[of] p2a: Crabominable\n|-unboost|p2b: Mimikyu|atk|1\n|turn|4\n|c|\u2606realicetypefan|but can he beat goku?\n|c|\u2606literallyreuben|nah\n|inactive|literallyreuben has 30 seconds left.\n|\n|t:|1776679313\n|move|p2b: Mimikyu|Protect|p2b: Mimikyu\n|-singleturn|p2b: Mimikyu|Protect\n|move|p1b: Incineroar|Fake Out|p2a: Crabominable\n|-damage|p2a: Crabominable|87/100\n|cant|p2a: Crabominable|flinch\n|move|p1a: Goku|Meteor Mash|p2a: Crabominable\n|-supereffective|p2a: Crabominable|1\n|-damage|p2a: Crabominable|0 fnt\n|faint|p2a: Crabominable\n|\n|upkeep\n|turn|5\n|c|\u2606literallyreuben|wow\n|c|\u2606literallyreuben|amazing\ud83d\ude0d\n|-message|literallyreuben forfeited.\n|\n|win|realicetypefan\n|raw|realicetypefan's rating: 1034 &rarr; <strong>1077</strong><br />(+43 for winning)\n|raw|literallyreuben's rating: 1112 &rarr; <strong>1081</strong><br />(-31 for losing)\n|l|\u2606literallyreuben\n|player|p2|\n|c|\u2606realicetypefan|money emoji\n",
  "uploadtime": 1776679339,
  "views": 10,
  "formatid": "gen9championsvgc2026regma",
  "rating": 1077,
  "private": 0,
  "password": null
}