{
  "id": "gen9championsvgc2026regma-2584775490",
  "format": "[Gen 9 Champions] VGC 2026 Reg M-A",
  "players": [
    "Artorius365",
    "ellocopadrino7"
  ],
  "log": "|j|\u2606Artorius365\n|j|\u2606ellocopadrino7\n|t:|1776282799\n|gametype|doubles\n|player|p1|Artorius365|paxton|\n|player|p2|ellocopadrino7|102|\n|gen|9\n|tier|[Gen 9 Champions] VGC 2026 Reg M-A\n|rule|Species Clause: Limit one of each Pok\u00e9mon\n|rule|Item Clause: Limit 1 of each item\n|clearpoke\n|poke|p1|Clefable, L50, F|\n|poke|p1|Tyranitar, L50, F|\n|poke|p1|Pelipper, L50, F|\n|poke|p1|Manectric, L50, F|\n|poke|p1|Incineroar, L50, M|\n|poke|p1|Sneasler, L50, M|\n|poke|p2|Kangaskhan, L50, F|\n|poke|p2|Torkoal, L50, M|\n|poke|p2|Dragapult, L50, F|\n|poke|p2|Farigiraf, L50, F|\n|poke|p2|Aerodactyl, L50, F|\n|poke|p2|Sneasler, L50, M|\n|teampreview|4\nellocopadrino7 rejected open team sheets.\n|\n|t:|1776283323\n|teamsize|p1|4\n|teamsize|p2|4\n|start\n|switch|p1a: Pelipper|Pelipper, L50, F|100/100\n|switch|p1b: Manectric|Manectric, L50, F|100/100\n|switch|p2a: Aerodactyl|Aerodactyl, L50, F|100/100\n|switch|p2b: Sneasler|Sneasler, L50, M|100/100\n|-ability|p2a: Aerodactyl|Unnerve\n|-weather|RainDance|[from] ability: Drizzle|[of] p1a: Pelipper\n|turn|1\n|\n|t:|1776284047\n|detailschange|p1b: Manectric|Manectric-Mega, L50, F\n|-mega|p1b: Manectric|Manectric|Manectite\n|-ability|p1b: Manectric|Intimidate|boost\n|-unboost|p2a: Aerodactyl|atk|1\n|-unboost|p2b: Sneasler|atk|1\n|-enditem|p2b: Sneasler|White Herb\n|-clearnegativeboost|p2b: Sneasler|[silent]\n|move|p1a: Pelipper|Helping Hand|p1b: Manectric\n|-singleturn|p1b: Manectric|Helping Hand|[of] p1a: Pelipper\n|move|p2b: Sneasler|Fake Out|p1a: Pelipper\n|-damage|p1a: Pelipper|86/100\n|move|p1b: Manectric|Discharge|p2a: Aerodactyl|[spread] p1a,p2a,p2b\n|-supereffective|p1a: Pelipper|2\n|-supereffective|p2a: Aerodactyl|1\n|-damage|p1a: Pelipper|0 fnt\n|-enditem|p2a: Aerodactyl|Focus Sash\n|-damage|p2a: Aerodactyl|1/100\n|-damage|p2b: Sneasler|43/100\n|faint|p1a: Pelipper\n|move|p2a: Aerodactyl|Rock Slide|p1b: Manectric\n|-damage|p1b: Manectric|69/100\n|\n|-weather|RainDance|[upkeep]\n|upkeep\n|\n|t:|1776284083\n|switch|p1a: Incineroar|Incineroar, L50, M|100/100\n|-ability|p1a: Incineroar|Intimidate|boost\n|-unboost|p2a: Aerodactyl|atk|1\n|-unboost|p2b: Sneasler|atk|1\n|turn|2\n|\n|t:|1776284192\n|switch|p2a: Kangaskhan|Kangaskhan, L50, F|100/100\n|move|p1a: Incineroar|Fake Out|p2a: Kangaskhan\n|-damage|p2a: Kangaskhan|89/100\n|move|p2b: Sneasler|Close Combat|p1a: Incineroar\n|-supereffective|p1a: Incineroar|1\n|-damage|p1a: Incineroar|22/100\n|-unboost|p2b: Sneasler|def|1\n|-unboost|p2b: Sneasler|spd|1\n|move|p1b: Manectric|Thunder|p2b: Sneasler\n|-damage|p2b: Sneasler|0 fnt\n|faint|p2b: Sneasler\n|\n|-weather|RainDance|[upkeep]\n|upkeep\n|\n|t:|1776284204\n|switch|p2b: Farigiraf|Farigiraf, L50, F|100/100\n|turn|3\n|\n|t:|1776284233\n|detailschange|p2a: Kangaskhan|Kangaskhan-Mega, L50, F\n|-mega|p2a: Kangaskhan|Kangaskhan|Kangaskhanite\n|move|p1b: Manectric|Discharge|p2b: Farigiraf|[spread] p1a,p2a,p2b\n|-damage|p1a: Incineroar|1/100\n|-damage|p2a: Kangaskhan|62/100\n|-damage|p2b: Farigiraf|71/100\n|-status|p1a: Incineroar|par\n|-status|p2b: Farigiraf|par\n|move|p2a: Kangaskhan|Drain Punch|p1a: Incineroar\n|-supereffective|p1a: Incineroar|1\n|-damage|p1a: Incineroar|0 fnt\n|-heal|p2a: Kangaskhan|63/100|[from] drain|[of] p1a: Incineroar\n|faint|p1a: Incineroar\n|-hitcount|p1: Incineroar|1\n|move|p2b: Farigiraf|Trick Room|p2b: Farigiraf\n|-fieldstart|move: Trick Room|[of] p2b: Farigiraf\n|\n|-weather|RainDance|[upkeep]\n|upkeep\n|\n|t:|1776284274\n|switch|p1a: Sneasler|Sneasler, L50, M|100/100\n|turn|4\n|\n|t:|1776284319\n|move|p1a: Sneasler|Fake Out||[still]\n|cant|p2b: Farigiraf|ability: Armor Tail|Fake Out|[of] p1a: Sneasler\n|cant|p2b: Farigiraf|par\n|move|p2a: Kangaskhan|Drain Punch|p1b: Manectric\n|-damage|p1b: Manectric|27/100\n|-heal|p2a: Kangaskhan|77/100|[from] drain|[of] p1b: Manectric\n|-crit|p1b: Manectric\n|-damage|p1b: Manectric|12/100\n|-heal|p2a: Kangaskhan|83/100|[from] drain|[of] p1b: Manectric\n|-hitcount|p1b: Manectric|2\n|move|p1b: Manectric|Discharge|p2a: Kangaskhan|[spread] p1a,p2a,p2b\n|-damage|p1a: Sneasler|60/100\n|-damage|p2a: Kangaskhan|55/100\n|-damage|p2b: Farigiraf|42/100 par\n|-enditem|p2b: Farigiraf|Sitrus Berry|[eat]\n|-heal|p2b: Farigiraf|67/100 par|[from] item: Sitrus Berry\n|\n|-weather|RainDance|[upkeep]\n|upkeep\n|turn|5\n|\n|t:|1776284356\n|move|p2b: Farigiraf|Psychic|p1a: Sneasler\n|-supereffective|p1a: Sneasler|2\n|-damage|p1a: Sneasler|0 fnt\n|faint|p1a: Sneasler\n|move|p2a: Kangaskhan|Drain Punch|p1b: Manectric\n|-damage|p1b: Manectric|0 fnt\n|-heal|p2a: Kangaskhan|60/100|[from] drain|[of] p1b: Manectric\n|faint|p1b: Manectric\n|-hitcount|p1: Manectric|1\n|\n|win|ellocopadrino7\n",
  "uploadtime": 1776284428,
  "views": 18,
  "formatid": "gen9championsvgc2026regma",
  "rating": null,
  "private": 0,
  "password": null
}