{
  "id": "gen9championsvgc2026regma-2586574744",
  "format": "[Gen 9 Champions] VGC 2026 Reg M-A",
  "players": [
    "Pokeventurer",
    "Jthepoke"
  ],
  "log": "|j|\u2606Pokeventurer\n|j|\u2606Jthepoke\n|t:|1776444159\n|gametype|doubles\n|player|p1|Pokeventurer|265|1496\n|player|p2|Jthepoke|cyrus|1567\n|gen|9\n|tier|[Gen 9 Champions] VGC 2026 Reg M-A\n|rated|\n|rule|Species Clause: Limit one of each Pok\u00e9mon\n|rule|Item Clause: Limit 1 of each item\n|clearpoke\n|poke|p1|Talonflame, L50, M|\n|poke|p1|Kingambit, L50, M|\n|poke|p1|Garchomp, L50, M|\n|poke|p1|Basculegion, L50, M|\n|poke|p1|Floette-Eternal, L50, F|\n|poke|p1|Pelipper, L50, F|\n|poke|p2|Floette-Eternal, L50, F|\n|poke|p2|Garchomp, L50, F|\n|poke|p2|Kingambit, L50, F|\n|poke|p2|Basculegion, L50, M|\n|poke|p2|Sneasler, L50, M|\n|poke|p2|Froslass, L50, F|\n|teampreview|4\n|inactive|Battle timer is ON: inactive players will automatically lose when time's up. (requested by Pokeventurer)\n|inactive|Jthepoke has 60 seconds left.\n|\n|t:|1776444206\n|teamsize|p1|4\n|teamsize|p2|4\n|start\n|switch|p1a: Floette|Floette-Eternal, L50, F|100/100\n|switch|p1b: Talonflame|Talonflame, L50, M|100/100\n|switch|p2a: Sneasler|Sneasler, L50, M|100/100\n|switch|p2b: Garchomp|Garchomp, L50, F|100/100\n|turn|1\n|inactive|Pokeventurer has 30 seconds left.\n|\n|t:|1776444232\n|detailschange|p1a: Floette|Floette-Mega, L50, F\n|-mega|p1a: Floette|Floette|Floettite\n|-ability|p1a: Floette|Fairy Aura\n|move|p1b: Talonflame|Protect|p1b: Talonflame\n|-singleturn|p1b: Talonflame|Protect\n|move|p1a: Floette|Protect|p1a: Floette\n|-singleturn|p1a: Floette|Protect\n|move|p2a: Sneasler|Fake Out|p1a: Floette\n|-activate|p1a: Floette|move: Protect\n|move|p2b: Garchomp|Rock Slide|p1b: Talonflame|[spread] \n|-activate|p1a: Floette|move: Protect\n|-activate|p1b: Talonflame|move: Protect\n|\n|upkeep\n|turn|2\n|\n|t:|1776444254\n|move|p2a: Sneasler|Protect|p2a: Sneasler\n|-singleturn|p2a: Sneasler|Protect\n|move|p1b: Talonflame|Tailwind|p1b: Talonflame\n|-sidestart|p1: Pokeventurer|move: Tailwind\n|move|p1a: Floette|Moonblast|p2b: Garchomp\n|-supereffective|p2b: Garchomp|1\n|-enditem|p2b: Garchomp|Roseli Berry|[eat]\n|-enditem|p2b: Garchomp|Roseli Berry|[weaken]\n|-damage|p2b: Garchomp|34/100\n|move|p2b: Garchomp|Rock Slide|p1b: Talonflame|[spread] p1a,p1b\n|-supereffective|p1b: Talonflame|2\n|-damage|p1a: Floette|78/100\n|-damage|p1b: Talonflame|0 fnt\n|faint|p1b: Talonflame\n|\n|upkeep\n|\n|t:|1776444263\n|switch|p1b: Basculegion|Basculegion, L50, M|100/100\n|turn|3\n|j| tanjiro54\n|inactive|Jthepoke has 30 seconds left.\n|inactive|Jthepoke has 20 seconds left.\n|inactive|Jthepoke has 15 seconds left.\n|inactive|Jthepoke has 10 seconds left.\n|\n|t:|1776444312\n|move|p2b: Garchomp|Protect|p2b: Garchomp\n|-singleturn|p2b: Garchomp|Protect\n|move|p1b: Basculegion|Last Respects|p2a: Sneasler\n|-enditem|p2a: Sneasler|Focus Sash\n|-damage|p2a: Sneasler|1/100\n|move|p1a: Floette|Dazzling Gleam|p2b: Garchomp|[spread] p2a\n|-activate|p2b: Garchomp|move: Protect\n|-damage|p2a: Sneasler|0 fnt\n|faint|p2a: Sneasler\n|\n|upkeep\n|\n|t:|1776444320\n|switch|p2a: Kingambit|Kingambit, L50, F|100/100\n|turn|4\n|\n|t:|1776444331\n|switch|p1b: Kingambit|Kingambit, L50, M|100/100\n|move|p1a: Floette|Dazzling Gleam|p2a: Kingambit|[spread] p2a,p2b\n|-supereffective|p2b: Garchomp|1\n|-damage|p2a: Kingambit|58/100\n|-damage|p2b: Garchomp|0 fnt\n|faint|p2b: Garchomp\n|move|p2a: Kingambit|Kowtow Cleave|p1b: Kingambit\n|-resisted|p1b: Kingambit|1\n|-damage|p1b: Kingambit|83/100\n|\n|upkeep\n|\n|t:|1776444337\n|switch|p2b: Floette|Floette-Eternal, L50, F|100/100\n|turn|5\n|\n|t:|1776444353\n|detailschange|p2b: Floette|Floette-Mega, L50, F\n|-mega|p2b: Floette|Floette|Floettite\n|-ability|p2b: Floette|Fairy Aura\n|move|p2b: Floette|Protect|p2b: Floette\n|-singleturn|p2b: Floette|Protect\n|move|p2a: Kingambit|Protect|p2a: Kingambit\n|-singleturn|p2a: Kingambit|Protect\n|move|p1a: Floette|Moonblast|p2b: Floette\n|-activate|p2b: Floette|move: Protect\n|move|p1b: Kingambit|Low Kick|p2a: Kingambit\n|-activate|p2a: Kingambit|move: Protect\n|\n|-sideend|p1: Pokeventurer|move: Tailwind\n|upkeep\n|turn|6\n|inactive|Jthepoke has 30 seconds left.\n|\n|t:|1776444380\n|move|p2b: Floette|Moonblast|p1b: Kingambit\n|-damage|p1b: Kingambit|0 fnt\n|faint|p1b: Kingambit\n|move|p1a: Floette|Moonblast|p2b: Floette\n|-damage|p2b: Floette|48/100\n|move|p2a: Kingambit|Low Kick|p1a: Floette\n|-resisted|p1a: Floette|1\n|-damage|p1a: Floette|58/100\n|\n|upkeep\n|\n|t:|1776444386\n|switch|p1b: Basculegion|Basculegion, L50, M|100/100\n|turn|7\n|\n|t:|1776444395\n|move|p1b: Basculegion|Aqua Jet|p2b: Floette\n|-damage|p2b: Floette|18/100\n|move|p2a: Kingambit|Sucker Punch||[still]\n|-fail|p2a: Kingambit\n|move|p2b: Floette|Moonblast|p1a: Floette\n|-damage|p1a: Floette|2/100\n|move|p1a: Floette|Moonblast|p2a: Kingambit\n|-damage|p2a: Kingambit|0 fnt\n|faint|p2a: Kingambit\n|\n|upkeep\n|turn|8\n|\n|t:|1776444405\n|move|p1b: Basculegion|Aqua Jet|p2b: Floette\n|-damage|p2b: Floette|0 fnt\n|faint|p2b: Floette\n|\n|win|Pokeventurer\n|raw|Pokeventurer's rating: 1496 &rarr; <strong>1520</strong><br />(+24 for winning)\n|raw|Jthepoke's rating: 1567 &rarr; <strong>1543</strong><br />(-24 for losing)\n",
  "uploadtime": 1776444408,
  "views": 55,
  "formatid": "gen9championsvgc2026regma",
  "rating": 1520,
  "private": 0,
  "password": null
}