{
  "id": "gen9championsvgc2026regma-2586514679",
  "format": "[Gen 9 Champions] VGC 2026 Reg M-A",
  "players": [
    "Daikon-z",
    "ItsKapri"
  ],
  "log": "|j|\u2606Daikon-z\n|j|\u2606ItsKapri\n|t:|1776439914\n|gametype|doubles\n|player|p1|Daikon-z|pokemonranger-gen4|1071\n|player|p2|ItsKapri|miku-ground|1043\n|gen|9\n|tier|[Gen 9 Champions] VGC 2026 Reg M-A\n|rated|\n|rule|Species Clause: Limit one of each Pok\u00e9mon\n|rule|Item Clause: Limit 1 of each item\n|clearpoke\n|poke|p1|Armarouge, L50, M|\n|poke|p1|Meowstic, L50, M|\n|poke|p1|Hatterene, L50, F|\n|poke|p1|Crabominable, L50, M|\n|poke|p1|Farigiraf, L50, M|\n|poke|p1|Scizor, L50, M|\n|poke|p2|Sinistcha-Masterpiece, L50|\n|poke|p2|Farigiraf, L50, F|\n|poke|p2|Incineroar, L50, M|\n|poke|p2|Crabominable, L50, F|\n|poke|p2|Garganacl, L50, F|\n|poke|p2|Whimsicott, L50, F|\n|teampreview|4\n|inactive|Battle timer is ON: inactive players will automatically lose when time's up. (requested by Daikon-z)\n|inactive|Daikon-z has 60 seconds left.\n|\n|t:|1776439977\n|teamsize|p1|4\n|teamsize|p2|4\n|start\n|switch|p1a: Meowstic|Meowstic, L50, M|100/100\n|switch|p1b: Farigiraf|Farigiraf, L50, M|100/100\n|switch|p2a: Farigiraf|Farigiraf, L50, F|100/100\n|switch|p2b: Garganacl|Garganacl, L50, F|100/100\n|turn|1\n|\n|t:|1776440001\n|move|p2a: Farigiraf|Protect|p2a: Farigiraf\n|-singleturn|p2a: Farigiraf|Protect\n|move|p1a: Meowstic|Reflect|p1a: Meowstic\n|-sidestart|p1: Daikon-z|Reflect\n|move|p1b: Farigiraf|Twin Beam|p2b: Garganacl\n|-damage|p2b: Garganacl|83/100\n|-damage|p2b: Garganacl|65/100\n|-hitcount|p2b: Garganacl|2\n|move|p2b: Garganacl|Salt Cure|p1a: Meowstic\n|-damage|p1a: Meowstic|89/100\n|-start|p1a: Meowstic|Salt Cure\n|\n|-heal|p2b: Garganacl|71/100|[from] item: Leftovers\n|-damage|p1a: Meowstic|83/100|[from] Salt Cure\n|upkeep\n|turn|2\n|inactive|ItsKapri has 30 seconds left.\n|\n|t:|1776440035\n|move|p1a: Meowstic|Psychic Terrain|p1a: Meowstic\n|-fieldstart|move: Psychic Terrain\n|move|p2b: Garganacl|Stomping Tantrum|p1a: Meowstic\n|-damage|p1a: Meowstic|70/100\n|move|p1b: Farigiraf|Trick Room|p1b: Farigiraf\n|-fieldstart|move: Trick Room|[of] p1b: Farigiraf\n|move|p2a: Farigiraf|Trick Room|p2a: Farigiraf\n|-fieldend|move: Trick Room\n|\n|-heal|p2b: Garganacl|76/100|[from] item: Leftovers\n|-damage|p1a: Meowstic|63/100|[from] Salt Cure\n|upkeep\n|turn|3\n|\n|t:|1776440054\n|switch|p1a: Scizor|Scizor, L50, M|100/100\n|move|p2a: Farigiraf|Hyper Voice|p1b: Farigiraf|[spread] p1a,p1b\n|-resisted|p1a: Scizor|1\n|-damage|p1a: Scizor|80/100\n|-damage|p1b: Farigiraf|69/100\n|move|p1b: Farigiraf|Thunderbolt|p2b: Garganacl\n|-damage|p2b: Garganacl|48/100\n|move|p2b: Garganacl|Stomping Tantrum|p1a: Scizor\n|-damage|p1a: Scizor|67/100\n|\n|-heal|p2b: Garganacl|54/100|[from] item: Leftovers\n|upkeep\n|turn|4\n|inactive|ItsKapri has 30 seconds left.\n|inactive|ItsKapri has 20 seconds left.\n|\n|t:|1776440090\n|detailschange|p1a: Scizor|Scizor-Mega, L50, M\n|-mega|p1a: Scizor|Scizor|Scizorite\n|move|p1a: Scizor|Swords Dance|p1a: Scizor\n|-boost|p1a: Scizor|atk|2\n|move|p2a: Farigiraf|Hyper Voice|p1b: Farigiraf|[spread] p1a,p1b\n|-resisted|p1a: Scizor|1\n|-damage|p1a: Scizor|50/100\n|-damage|p1b: Farigiraf|35/100\n|-enditem|p1b: Farigiraf|Sitrus Berry|[eat]\n|-heal|p1b: Farigiraf|60/100|[from] item: Sitrus Berry\n|move|p2b: Garganacl|Recover|p2b: Garganacl\n|-heal|p2b: Garganacl|100/100\n|move|p1b: Farigiraf|Trick Room|p1b: Farigiraf\n|-fieldstart|move: Trick Room|[of] p1b: Farigiraf\n|\n|upkeep\n|turn|5\n|\n|t:|1776440113\n|move|p2b: Garganacl|Stomping Tantrum|p1a: Scizor\n|-crit|p1a: Scizor\n|-damage|p1a: Scizor|27/100\n|move|p2a: Farigiraf|Hyper Voice|p1b: Farigiraf|[spread] p1a,p1b\n|-resisted|p1a: Scizor|1\n|-damage|p1a: Scizor|9/100\n|-damage|p1b: Farigiraf|27/100\n|move|p1b: Farigiraf|Hyper Voice|p2a: Farigiraf|[spread] p2a,p2b\n|-resisted|p2b: Garganacl|1\n|-damage|p2a: Farigiraf|67/100\n|-damage|p2b: Garganacl|86/100\n|move|p1a: Scizor|U-turn|p2a: Farigiraf\n|-supereffective|p2a: Farigiraf|1\n|-damage|p2a: Farigiraf|0 fnt\n|faint|p2a: Farigiraf\n|\n|t:|1776440127\n|switch|p1a: Armarouge|Armarouge, L50, M|100/100|[from] U-turn\n|\n|-heal|p2b: Garganacl|92/100|[from] item: Leftovers\n|-sideend|p1: Daikon-z|Reflect\n|upkeep\n|inactive|ItsKapri has 30 seconds left.\n|\n|t:|1776440154\n|switch|p2a: Crabominable|Crabominable, L50, F|100/100\n|turn|6\n|\n|t:|1776440167\n|detailschange|p2a: Crabominable|Crabominable-Mega, L50, F\n|-mega|p2a: Crabominable|Crabominable|Crabominite\n|move|p2b: Garganacl|Wide Guard|p2b: Garganacl\n|-singleturn|p2b: Garganacl|Wide Guard\n|move|p2a: Crabominable|Earthquake|p1a: Armarouge|[spread] p1a,p1b\n|-activate|p2b: Garganacl|move: Wide Guard\n|-supereffective|p1a: Armarouge|1\n|-crit|p1a: Armarouge\n|-damage|p1a: Armarouge|23/100\n|-damage|p1b: Farigiraf|0 fnt\n|faint|p1b: Farigiraf\n|move|p1a: Armarouge|Calm Mind|p1a: Armarouge\n|-boost|p1a: Armarouge|spa|1\n|-boost|p1a: Armarouge|spd|1\n|\n|-heal|p2b: Garganacl|98/100|[from] item: Leftovers\n|-heal|p1a: Armarouge|30/100|[from] item: Leftovers\n|-fieldend|move: Psychic Terrain\n|upkeep\n|\n|t:|1776440176\n|switch|p1b: Scizor|Scizor-Mega, L50, M|9/100\n|turn|7\n|\n|t:|1776440182\n|move|p2b: Garganacl|Wide Guard|p2b: Garganacl\n|-singleturn|p2b: Garganacl|Wide Guard\n|move|p1b: Scizor|Bullet Punch|p2a: Crabominable\n|-supereffective|p2a: Crabominable|1\n|-damage|p2a: Crabominable|38/100\n|move|p2a: Crabominable|Earthquake|p1a: Armarouge|[spread] p1a,p1b\n|-activate|p2b: Garganacl|move: Wide Guard\n|-supereffective|p1a: Armarouge|1\n|-damage|p1a: Armarouge|0 fnt\n|-damage|p1b: Scizor|0 fnt\n|faint|p1a: Armarouge\n|faint|p1b: Scizor\n|\n|-heal|p2b: Garganacl|100/100|[from] item: Leftovers\n|upkeep\n|-message|Daikon-z forfeited.\n|\n|win|ItsKapri\n|raw|Daikon-z's rating: 1071 &rarr; <strong>1049</strong><br />(-22 for losing)\n|raw|ItsKapri's rating: 1043 &rarr; <strong>1079</strong><br />(+36 for winning)\n|l|\u2606Daikon-z\n|player|p1|\n",
  "uploadtime": 1776440195,
  "views": 23,
  "formatid": "gen9championsvgc2026regma",
  "rating": 1049,
  "private": 0,
  "password": null
}