{
  "id": "gen9championsvgc2026regma-2585824283",
  "format": "[Gen 9 Champions] VGC 2026 Reg M-A",
  "players": [
    "Azure-Saffron",
    "Zabe"
  ],
  "log": "|j|\u2606Azure-Saffron\n|j|\u2606Zabe\n|t:|1776373364\n|gametype|doubles\n|player|p1|Azure-Saffron|jacinthe|1154\n|player|p2|Zabe|boarder|1115\n|gen|9\n|tier|[Gen 9 Champions] VGC 2026 Reg M-A\n|rated|\n|rule|Species Clause: Limit one of each Pok\u00e9mon\n|rule|Item Clause: Limit 1 of each item\n|clearpoke\n|poke|p1|Charizard, L50, F|\n|poke|p1|Basculegion, L50, M|\n|poke|p1|Floette-Eternal, L50, F|\n|poke|p1|Sneasler, L50, M|\n|poke|p1|Aerodactyl, L50, M|\n|poke|p1|Sinistcha, L50|\n|poke|p2|Garchomp, L50, M|\n|poke|p2|Tyranitar, L50, F|\n|poke|p2|Gliscor, L50, M|\n|poke|p2|Corviknight, L50, F|\n|poke|p2|Clefable, L50, F|\n|poke|p2|Talonflame, L50, M|\n|teampreview|4\n|inactive|Battle timer is ON: inactive players will automatically lose when time's up. (requested by Zabe)\n|inactive|Azure-Saffron has 60 seconds left.\n|\n|t:|1776373409\n|teamsize|p1|4\n|teamsize|p2|4\n|start\n|switch|p1a: Basculegion|Basculegion, L50, M|100/100\n|switch|p1b: Sneasler|Sneasler, L50, M|100/100\n|switch|p2a: Tyranitar|Tyranitar, L50, F, shiny|100/100\n|switch|p2b: Gliscor|Gliscor, L50, M|100/100\n|-weather|Sandstorm|[from] ability: Sand Stream|[of] p2a: Tyranitar\n|turn|1\n|inactive|Zabe has 30 seconds left.\n|\n|t:|1776373438\n|switch|p2a: Garchomp|Garchomp, L50, M, shiny|100/100\n|move|p1a: Basculegion|Wave Crash|p2b: Gliscor\n|-supereffective|p2b: Gliscor|1\n|-damage|p2b: Gliscor|0 fnt\n|faint|p2b: Gliscor\n|-damage|p1a: Basculegion|75/100|[from] Recoil\n|move|p1b: Sneasler|Close Combat|p2a: Garchomp|[miss]\n|-miss|p1b: Sneasler|p2a: Garchomp\n|\n|-weather|Sandstorm|[upkeep]\n|-damage|p1a: Basculegion|69/100|[from] Sandstorm\n|-damage|p1b: Sneasler|95/100|[from] Sandstorm\n|upkeep\n|\n|t:|1776373453\n|switch|p2b: Clefable|Clefable, L50, F|100/100\n|turn|2\n|inactive|Azure-Saffron has 30 seconds left.\n|inactive|Azure-Saffron has 20 seconds left.\n|\n|t:|1776373492\n|move|p2b: Clefable|Protect|p2b: Clefable\n|-singleturn|p2b: Clefable|Protect\n|move|p1a: Basculegion|Wave Crash|p2a: Garchomp\n|-damage|p2a: Garchomp|25/100\n|-damage|p1a: Basculegion|46/100|[from] Recoil\n|move|p1b: Sneasler|Close Combat|p2a: Garchomp|[miss]\n|-miss|p1b: Sneasler|p2a: Garchomp\n|move|p2a: Garchomp|Earthquake|p1a: Basculegion|[spread] p1a,p1b\n|-activate|p2b: Clefable|move: Protect\n|-supereffective|p1b: Sneasler|1\n|-damage|p1a: Basculegion|0 fnt\n|-damage|p1b: Sneasler|0 fnt\n|faint|p1a: Basculegion\n|faint|p1b: Sneasler\n|\n|-weather|Sandstorm|[upkeep]\n|-damage|p2b: Clefable|95/100|[from] Sandstorm\n|upkeep\n|\n|t:|1776373497\n|switch|p1b: Sinistcha|Sinistcha, L50|100/100\n|switch|p1a: Floette|Floette-Eternal, L50, F|100/100\n|turn|3\n|inactive|Zabe has 30 seconds left.\n|\n|t:|1776373524\n|detailschange|p1a: Floette|Floette-Mega, L50, F\n|-mega|p1a: Floette|Floette|Floettite\n|-ability|p1a: Floette|Fairy Aura\n|move|p2b: Clefable|Follow Me|p2b: Clefable\n|-singleturn|p2b: Clefable|move: Follow Me\n|move|p2a: Garchomp|Iron Head|p1a: Floette\n|-supereffective|p1a: Floette|1\n|-damage|p1a: Floette|36/100\n|move|p1a: Floette|Dazzling Gleam|p2a: Garchomp|[spread] p2a,p2b\n|-supereffective|p2a: Garchomp|1\n|-damage|p2a: Garchomp|0 fnt\n|-damage|p2b: Clefable|53/100\n|faint|p2a: Garchomp\n|move|p1b: Sinistcha|Life Dew||[still]|[spread] p1a,p1b\n|-heal|p1a: Floette|61/100\n|-fail|p1b: Sinistcha|heal\n|\n|-weather|Sandstorm|[upkeep]\n|-damage|p1a: Floette|55/100|[from] Sandstorm\n|-damage|p1b: Sinistcha|94/100|[from] Sandstorm\n|-damage|p2b: Clefable|47/100|[from] Sandstorm\n|-enditem|p2b: Clefable|Sitrus Berry|[eat]\n|-heal|p2b: Clefable|72/100|[from] item: Sitrus Berry\n|upkeep\n|\n|t:|1776373535\n|switch|p2a: Tyranitar|Tyranitar, L50, F, shiny|100/100\n|turn|4\n|\n|t:|1776373544\n|detailschange|p2a: Tyranitar|Tyranitar-Mega, L50, F, shiny\n|-mega|p2a: Tyranitar|Tyranitar|Tyranitarite\n|move|p2b: Clefable|Follow Me|p2b: Clefable\n|-singleturn|p2b: Clefable|move: Follow Me\n|move|p1a: Floette|Dazzling Gleam|p2a: Tyranitar|[spread] p2a,p2b\n|-supereffective|p2a: Tyranitar|1\n|-damage|p2a: Tyranitar|38/100\n|-damage|p2b: Clefable|33/100\n|move|p1b: Sinistcha|Life Dew|p1b: Sinistcha|[spread] p1a,p1b\n|-heal|p1a: Floette|80/100\n|-heal|p1b: Sinistcha|100/100\n|move|p2a: Tyranitar|Stone Edge|p1a: Floette|[miss]\n|-miss|p2a: Tyranitar|p1a: Floette\n|\n|-weather|Sandstorm|[upkeep]\n|-damage|p1a: Floette|75/100|[from] Sandstorm\n|-damage|p1b: Sinistcha|94/100|[from] Sandstorm\n|-damage|p2b: Clefable|27/100|[from] Sandstorm\n|upkeep\n|turn|5\n|\n|t:|1776373568\n|move|p1a: Floette|Dazzling Gleam|p2a: Tyranitar|[spread] p2a,p2b\n|-supereffective|p2a: Tyranitar|1\n|-damage|p2a: Tyranitar|0 fnt\n|-damage|p2b: Clefable|0 fnt\n|faint|p2a: Tyranitar\n|faint|p2b: Clefable\n|\n|win|Azure-Saffron\n|raw|Azure-Saffron's rating: 1154 &rarr; <strong>1176</strong><br />(+22 for winning)\n|raw|Zabe's rating: 1115 &rarr; <strong>1093</strong><br />(-22 for losing)\n|l|\u2606Zabe\n|player|p2|\n",
  "uploadtime": 1776373573,
  "views": 19,
  "formatid": "gen9championsvgc2026regma",
  "rating": 1093,
  "private": 0,
  "password": null
}