{
  "id": "gen9championsvgc2026regma-2585266326",
  "format": "[Gen 9 Champions] VGC 2026 Reg M-A",
  "players": [
    "AqA.Exe",
    "RijdendeRechter"
  ],
  "log": "|j|\u2606AqA.Exe\n|j|\u2606RijdendeRechter\n|t:|1776331757\n|gametype|doubles\n|player|p1|AqA.Exe|burglar|1409\n|player|p2|RijdendeRechter|hiker-gen4|1507\n|gen|9\n|tier|[Gen 9 Champions] VGC 2026 Reg M-A\n|rated|\n|rule|Species Clause: Limit one of each Pok\u00e9mon\n|rule|Item Clause: Limit 1 of each item\n|clearpoke\n|poke|p1|Floette-Eternal, L50, F|\n|poke|p1|Delphox, L50, F|\n|poke|p1|Sneasler, L50, F|\n|poke|p1|Garchomp, L50, F|\n|poke|p1|Basculegion, L50, M|\n|poke|p1|Kingambit, L50, M|\n|poke|p2|Skarmory, L50, F|\n|poke|p2|Sinistcha, L50|\n|poke|p2|Mamoswine, L50, M|\n|poke|p2|Rotom-Heat, L50|\n|poke|p2|Milotic, L50, F|\n|poke|p2|Sneasler, L50, F|\n|teampreview|4\n|inactive|Battle timer is ON: inactive players will automatically lose when time's up. (requested by AqA.Exe)\n|l|\u2606RijdendeRechter\n|inactive|RijdendeRechter disconnected and has a minute to reconnect!\n|player|p2|\n|j| asdawefdawefawe\n|j|\u2606RijdendeRechter\n|inactive|RijdendeRechter reconnected and has 80 seconds left.\n|player|p2|RijdendeRechter|hiker-gen4|\n|inactive|AqA.Exe has 60 seconds left.\n|l|\u2606RijdendeRechter\n|inactive|RijdendeRechter disconnected and has a minute to reconnect!\n|player|p2|\n|j|\u2606RijdendeRechter\n|inactive|RijdendeRechter reconnected.\n|player|p2|RijdendeRechter|hiker-gen4|\n|inactive|AqA.Exe has 30 seconds left.\n|inactive|AqA.Exe has 20 seconds left.\n|l|\u2606RijdendeRechter\n|inactive|RijdendeRechter disconnected and has a minute to reconnect!\n|player|p2|\n|inactive|AqA.Exe has 15 seconds left.\n|inactive|AqA.Exe has 10 seconds left.\n|\n|t:|1776331838\n|teamsize|p1|4\n|teamsize|p2|4\n|start\n|switch|p1a: Sneasler|Sneasler, L50, F|100/100\n|switch|p1b: Delphox|Delphox, L50, F|100/100\n|switch|p2a: Skarmory|Skarmory, L50, F|100/100\n|switch|p2b: Mamoswine|Mamoswine, L50, M|100/100\n|turn|1\n|j|\u2606RijdendeRechter\n|inactive|RijdendeRechter reconnected and has 50 seconds left.\n|player|p2|RijdendeRechter|hiker-gen4|\n|inactive|AqA.Exe has 30 seconds left.\n|inactive|AqA.Exe has 20 seconds left.\n|\n|t:|1776331877\n|switch|p2b: Sneasler|Sneasler, L50, F|100/100\n|detailschange|p1b: Delphox|Delphox-Mega, L50, F\n|-mega|p1b: Delphox|Delphox|Delphoxite\n|move|p2a: Skarmory|Protect|p2a: Skarmory\n|-singleturn|p2a: Skarmory|Protect\n|move|p1a: Sneasler|Fake Out|p2b: Sneasler\n|-damage|p2b: Sneasler|78/100\n|move|p1b: Delphox|Heat Wave|p2b: Sneasler|[spread] p2b\n|-activate|p2a: Skarmory|move: Protect\n|-damage|p2b: Sneasler|25/100\n|\n|upkeep\n|turn|2\n|\n|t:|1776331900\n|detailschange|p2a: Skarmory|Skarmory-Mega, L50, F\n|-mega|p2a: Skarmory|Skarmory|Skarmorite\n|move|p1b: Delphox|Protect|p1b: Delphox\n|-singleturn|p1b: Delphox|Protect\n|move|p1a: Sneasler|Protect|p1a: Sneasler\n|-singleturn|p1a: Sneasler|Protect\n|move|p2b: Sneasler|Fake Out|p1b: Delphox\n|-activate|p1b: Delphox|move: Protect\n|move|p2a: Skarmory|Brave Bird|p1a: Sneasler\n|-activate|p1a: Sneasler|move: Protect\n|\n|upkeep\n|turn|3\n|\n|t:|1776331926\n|switch|p1a: Garchomp|Garchomp, L50, F|100/100\n|move|p2a: Skarmory|Protect|p2a: Skarmory\n|-singleturn|p2a: Skarmory|Protect\n|move|p1b: Delphox|Heat Wave|p2a: Skarmory|[spread] \n|-activate|p2a: Skarmory|move: Protect\n|-miss|p1b: Delphox|p2b: Sneasler\n|move|p2b: Sneasler|Dire Claw|p1b: Delphox\n|-damage|p1b: Delphox|53/100\n|-status|p1b: Delphox|par\n|\n|upkeep\n|turn|4\n|inactive|AqA.Exe has 30 seconds left.\n|inactive|RijdendeRechter has 30 seconds left.\n|\n|t:|1776331952\n|move|p1b: Delphox|Protect|p1b: Delphox\n|-singleturn|p1b: Delphox|Protect\n|move|p2b: Sneasler|Close Combat|p1a: Garchomp\n|-damage|p1a: Garchomp|41/100\n|-unboost|p2b: Sneasler|def|1\n|-unboost|p2b: Sneasler|spd|1\n|-damage|p2b: Sneasler|13/100|[from] ability: Rough Skin|[of] p1a: Garchomp\n|-enditem|p1a: Garchomp|Sitrus Berry|[eat]\n|-heal|p1a: Garchomp|66/100|[from] item: Sitrus Berry\n|-enditem|p2b: Sneasler|White Herb\n|-clearnegativeboost|p2b: Sneasler|[silent]\n|move|p2a: Skarmory|Brave Bird|p1b: Delphox\n|-activate|p1b: Delphox|move: Protect\n|move|p1a: Garchomp|Earthquake|p2a: Skarmory|[spread] p2b\n|-activate|p1b: Delphox|move: Protect\n|-immune|p2a: Skarmory\n|-supereffective|p2b: Sneasler|1\n|-damage|p2b: Sneasler|0 fnt\n|faint|p2b: Sneasler\n|\n|upkeep\n|\n|t:|1776331957\n|switch|p2b: Mamoswine|Mamoswine, L50, M|100/100\n|turn|5\n|\n|t:|1776331980\n|move|p2b: Mamoswine|Icicle Crash|p1a: Garchomp\n|-supereffective|p1a: Garchomp|2\n|-damage|p1a: Garchomp|0 fnt\n|faint|p1a: Garchomp\n|move|p2a: Skarmory|Brave Bird|p1b: Delphox\n|-damage|p1b: Delphox|0 fnt\n|faint|p1b: Delphox\n|-damage|p2a: Skarmory|84/100|[from] Recoil\n|\n|upkeep\n|\n|t:|1776331987\n|switch|p1b: Sneasler|Sneasler, L50, F|100/100\n|switch|p1a: Kingambit|Kingambit, L50, M|100/100\n|turn|6\n|inactive|AqA.Exe has 30 seconds left.\n|\n|t:|1776332021\n|switch|p2b: Sinistcha|Sinistcha, L50|100/100\n|-heal|p2a: Skarmory|100/100|[from] ability: Hospitality|[of] p2b: Sinistcha\n|move|p1b: Sneasler|Protect|p1b: Sneasler\n|-singleturn|p1b: Sneasler|Protect\n|move|p1a: Kingambit|Protect|p1a: Kingambit\n|-singleturn|p1a: Kingambit|Protect\n|move|p2a: Skarmory|Brave Bird|p1b: Sneasler\n|-activate|p1b: Sneasler|move: Protect\n|\n|upkeep\n|turn|7\n|\n|t:|1776332042\n|move|p1b: Sneasler|Protect||[still]\n|-fail|p1b: Sneasler\n|move|p2a: Skarmory|Brave Bird|p1b: Sneasler\n|-supereffective|p1b: Sneasler|1\n|-damage|p1b: Sneasler|0 fnt\n|faint|p1b: Sneasler\n|-damage|p2a: Skarmory|70/100|[from] Recoil\n|move|p2b: Sinistcha|Matcha Gotcha|p1a: Kingambit\n|-resisted|p1a: Kingambit|1\n|-damage|p1a: Kingambit|86/100\n|move|p1a: Kingambit|Kowtow Cleave|p2b: Sinistcha\n|-supereffective|p2b: Sinistcha|1\n|-enditem|p2b: Sinistcha|Colbur Berry|[eat]\n|-enditem|p2b: Sinistcha|Colbur Berry|[weaken]\n|-damage|p2b: Sinistcha|48/100\n|\n|upkeep\n|turn|8\n|-message|AqA.Exe forfeited.\n|\n|win|RijdendeRechter\n|raw|AqA.Exe's rating: 1409 &rarr; <strong>1394</strong><br />(-15 for losing)\n|raw|RijdendeRechter's rating: 1507 &rarr; <strong>1522</strong><br />(+15 for winning)\n|l|\u2606AqA.Exe\n|player|p1|\n|l| asdawefdawefawe\n|l|\u2606RijdendeRechter\n|player|p2|\n",
  "uploadtime": 1776332059,
  "views": 33,
  "formatid": "gen9championsvgc2026regma",
  "rating": 1394,
  "private": 0,
  "password": null
}