{
  "id": "gen9championsvgc2026regma-2583839751",
  "format": "[Gen 9 Champions] VGC 2026 Reg M-A",
  "players": [
    "MetalClanker",
    "aakw0"
  ],
  "log": "|j|\u2606MetalClanker\n|j|\u2606aakw0\n|t:|1776201764\n|gametype|doubles\n|player|p1|MetalClanker|colress|1000\n|player|p2|aakw0|nurse|1000\n|gen|9\n|tier|[Gen 9 Champions] VGC 2026 Reg M-A\n|rated|\n|rule|Species Clause: Limit one of each Pok\u00e9mon\n|rule|Item Clause: Limit 1 of each item\n|clearpoke\n|poke|p1|Charizard, L50, M|\n|poke|p1|Whimsicott, L50, M|\n|poke|p1|Dragapult, L50, M|\n|poke|p1|Incineroar, L50, M|\n|poke|p1|Rotom-Wash, L50|\n|poke|p1|Archaludon, L50, F|\n|poke|p2|Dragonite, L50, F|\n|poke|p2|Weavile, L50, F|\n|poke|p2|Tinkaton, L50, F|\n|poke|p2|Sinistcha, L50|\n|poke|p2|Heliolisk, L50, F|\n|poke|p2|Volcarona, L50, F|\n|teampreview|4\n|\n|t:|1776201841\n|teamsize|p1|4\n|teamsize|p2|4\n|start\n|switch|p1a: Gard|Charizard, L50, M|100/100\n|switch|p1b: Whimsicott|Whimsicott, L50, M|100/100\n|switch|p2a: Sinistcha|Sinistcha, L50, shiny|100/100\n|switch|p2b: Weavile|Weavile, L50, F, shiny|100/100\n|turn|1\n|c|\u2606aakw0|ty for waiting T^T\n|\n|t:|1776201871\n|switch|p2a: Heliolisk|Heliolisk, L50, F, shiny|100/100\n|detailschange|p1a: Gard|Charizard-Mega-X, L50, M\n|-mega|p1a: Gard|Charizard|Charizardite X\n|move|p2b: Weavile|Fake Out|p1a: Gard\n|-damage|p1a: Gard|86/100\n|move|p1b: Whimsicott|Tailwind|p1b: Whimsicott\n|-sidestart|p1: MetalClanker|move: Tailwind\n|cant|p1a: Gard|flinch\n|\n|upkeep\n|turn|2\n|\n|t:|1776201892\n|move|p1a: Gard|Dragon Claw|p2b: Weavile\n|-enditem|p2b: Weavile|Focus Sash\n|-damage|p2b: Weavile|1/100\n|move|p1b: Whimsicott|Moonblast|p2b: Weavile\n|-supereffective|p2b: Weavile|1\n|-damage|p2b: Weavile|0 fnt\n|faint|p2b: Weavile\n|move|p2a: Heliolisk|Shed Tail|p2a: Heliolisk\n|-start|p2a: Heliolisk|Substitute|[from] move: Shed Tail\n|-damage|p2a: Heliolisk|50/100\n|\n|t:|1776201902\n|switch|p2a: Dragonite|Dragonite, L50, F, shiny|100/100|[from] Shed Tail\n|\n|upkeep\n|\n|t:|1776201908\n|switch|p2b: Heliolisk|Heliolisk, L50, F, shiny|50/100\n|turn|3\n|\n|t:|1776201918\n|detailschange|p2a: Dragonite|Dragonite-Mega, L50, F, shiny\n|-mega|p2a: Dragonite|Dragonite|Dragoninite\n|move|p1a: Gard|Dragon Dance|p1a: Gard\n|-boost|p1a: Gard|atk|1\n|-boost|p1a: Gard|spe|1\n|move|p1b: Whimsicott|Moonblast|p2a: Dragonite\n|-supereffective|p2a: Dragonite|1\n|-end|p2a: Dragonite|Substitute\n|move|p2b: Heliolisk|Electroweb|p1b: Whimsicott|[spread] p1a,p1b\n|-resisted|p1a: Gard|1\n|-resisted|p1b: Whimsicott|1\n|-damage|p1a: Gard|71/100\n|-damage|p1b: Whimsicott|89/100\n|-unboost|p1a: Gard|spe|1\n|-unboost|p1b: Whimsicott|spe|1\n|move|p2a: Dragonite|Air Slash|p1b: Whimsicott\n|-supereffective|p1b: Whimsicott|1\n|-damage|p1b: Whimsicott|2/100\n|\n|upkeep\n|turn|4\n|\n|t:|1776201942\n|move|p2a: Dragonite|Protect|p2a: Dragonite\n|-singleturn|p2a: Dragonite|Protect\n|move|p1a: Gard|Dragon Claw|p2a: Dragonite\n|-activate|p2a: Dragonite|move: Protect\n|move|p1b: Whimsicott|Moonblast|p2a: Dragonite\n|-activate|p2a: Dragonite|move: Protect\n|move|p2b: Heliolisk|Electroweb|p1b: Whimsicott|[spread] p1a,p1b\n|-resisted|p1a: Gard|1\n|-resisted|p1b: Whimsicott|1\n|-damage|p1a: Gard|56/100\n|-damage|p1b: Whimsicott|0 fnt\n|-unboost|p1a: Gard|spe|1\n|faint|p1b: Whimsicott\n|\n|-sideend|p1: MetalClanker|move: Tailwind\n|upkeep\n|\n|t:|1776201952\n|switch|p1b: Incineroar|Incineroar, L50, M|100/100\n|-ability|p1b: Incineroar|Intimidate|boost\n|-unboost|p2a: Dragonite|atk|1\n|-unboost|p2b: Heliolisk|atk|1\n|turn|5\n|\n|t:|1776201962\n|switch|p2a: Sinistcha|Sinistcha, L50, shiny|100/100\n|-heal|p2b: Heliolisk|75/100|[from] ability: Hospitality|[of] p2a: Sinistcha\n|move|p1b: Incineroar|Fake Out|p2a: Sinistcha\n|-immune|p2a: Sinistcha\n|move|p2b: Heliolisk|Electroweb|p1a: Gard|[spread] p1a,p1b\n|-resisted|p1a: Gard|1\n|-damage|p1a: Gard|41/100\n|-damage|p1b: Incineroar|81/100\n|-unboost|p1a: Gard|spe|1\n|-unboost|p1b: Incineroar|spe|1\n|move|p1a: Gard|Dragon Claw|p2a: Sinistcha\n|-damage|p2a: Sinistcha|19/100\n|\n|-heal|p2a: Sinistcha|25/100|[from] item: Leftovers\n|upkeep\n|turn|6\n|\n|t:|1776201990\n|move|p2a: Sinistcha|Protect|p2a: Sinistcha\n|-singleturn|p2a: Sinistcha|Protect\n|move|p2b: Heliolisk|Electroweb|p1b: Incineroar|[spread] p1a,p1b\n|-resisted|p1a: Gard|1\n|-damage|p1a: Gard|26/100\n|-damage|p1b: Incineroar|61/100\n|-unboost|p1a: Gard|spe|1\n|-unboost|p1b: Incineroar|spe|1\n|move|p1a: Gard|Dragon Claw|p2b: Heliolisk\n|-damage|p2b: Heliolisk|0 fnt\n|faint|p2b: Heliolisk\n|move|p1b: Incineroar|Flare Blitz|p2a: Sinistcha\n|-activate|p2a: Sinistcha|move: Protect\n|\n|-heal|p2a: Sinistcha|32/100|[from] item: Leftovers\n|upkeep\n|\n|t:|1776202001\n|switch|p2b: Dragonite|Dragonite-Mega, L50, F, shiny|100/100\n|turn|7\n|\n|t:|1776202010\n|move|p2a: Sinistcha|Rage Powder|p2a: Sinistcha\n|-singleturn|p2a: Sinistcha|move: Rage Powder\n|move|p2b: Dragonite|Air Slash|p1a: Gard\n|-damage|p1a: Gard|0 fnt\n|faint|p1a: Gard\n|move|p1b: Incineroar|Parting Shot|p2a: Sinistcha\n|-unboost|p2a: Sinistcha|atk|1\n|-unboost|p2a: Sinistcha|spa|1\n|\n|t:|1776202017\n|switch|p1b: Rotom|Rotom-Wash, L50|100/100|[from] Parting Shot\n|\n|-heal|p2a: Sinistcha|38/100|[from] item: Leftovers\n|upkeep\n|\n|t:|1776202022\n|switch|p1a: Incineroar|Incineroar, L50, M|61/100\n|-ability|p1a: Incineroar|Intimidate|boost\n|-unboost|p2a: Sinistcha|atk|1\n|-unboost|p2b: Dragonite|atk|1\n|turn|8\n|\n|t:|1776202030\n|move|p2b: Dragonite|Protect|p2b: Dragonite\n|-singleturn|p2b: Dragonite|Protect\n|move|p2a: Sinistcha|Protect|p2a: Sinistcha\n|-singleturn|p2a: Sinistcha|Protect\n|move|p1a: Incineroar|Fake Out|p2b: Dragonite\n|-activate|p2b: Dragonite|move: Protect\n|move|p1b: Rotom|Thunderbolt|p2b: Dragonite\n|-activate|p2b: Dragonite|move: Protect\n|\n|-heal|p2a: Sinistcha|44/100|[from] item: Leftovers\n|upkeep\n|turn|9\n|-message|MetalClanker forfeited.\n|\n|win|aakw0\n|raw|MetalClanker's rating: 1000 &rarr; <strong>1000</strong><br />(+0 for losing)\n|raw|aakw0's rating: 1000 &rarr; <strong>1040</strong><br />(+40 for winning)\n|l|\u2606MetalClanker\n|player|p1|\n",
  "uploadtime": 1776202042,
  "views": 34,
  "formatid": "gen9championsvgc2026regma",
  "rating": 1000,
  "private": 0,
  "password": null
}