{
  "id": "gen9championsvgc2026regma-2588586119",
  "format": "[Gen 9 Champions] VGC 2026 Reg M-A",
  "players": [
    "blue schucle",
    "r.l steins gate"
  ],
  "log": "|j|\u2606blue schucle\n|j|\u2606r.l steins gate\n|t:|1776647544\n|gametype|doubles\n|player|p1|blue schucle|lance|1179\n|player|p2|r.l steins gate|170|1168\n|gen|9\n|tier|[Gen 9 Champions] VGC 2026 Reg M-A\n|rated|\n|rule|Species Clause: Limit one of each Pok\u00e9mon\n|rule|Item Clause: Limit 1 of each item\n|clearpoke\n|poke|p1|Tauros-Paldea-Aqua, L50, M, shiny|\n|poke|p1|Incineroar, L50, M|\n|poke|p1|Snorlax, L50, M, shiny|\n|poke|p1|Scovillain, L50, F|\n|poke|p1|Sneasler, L50, F|\n|poke|p1|Garchomp, L50, M|\n|poke|p2|Serperior, L50, M|\n|poke|p2|Jolteon, L50, M|\n|poke|p2|Pelipper, L50, F|\n|poke|p2|Whimsicott, L50, F|\n|poke|p2|Starmie, L50|\n|poke|p2|Archaludon, L50, F|\n|teampreview|4\n|inactive|Battle timer is ON: inactive players will automatically lose when time's up. (requested by blue schucle)\n|\n|t:|1776647583\n|teamsize|p1|4\n|teamsize|p2|4\n|start\n|switch|p1a: Montezuma|Snorlax, L50, M, shiny|100/100\n|switch|p1b: Djaba|Sneasler, L50, F|100/100\n|switch|p2a: Home Depot|Whimsicott, L50, F|100/100\n|switch|p2b: Petco|Pelipper, L50, F|100/100\n|-weather|RainDance|[from] ability: Drizzle|[of] p2b: Petco\n|turn|1\n|\n|t:|1776647597\n|move|p2b: Petco|Protect|p2b: Petco\n|-singleturn|p2b: Petco|Protect\n|move|p1b: Djaba|Fake Out|p2b: Petco\n|-activate|p2b: Petco|move: Protect\n|move|p2a: Home Depot|Tailwind|p2a: Home Depot\n|-sidestart|p2: r.l steins gate|move: Tailwind\n|move|p1a: Montezuma|Stockpile|p1a: Montezuma\n|-start|p1a: Montezuma|stockpile1\n|-boost|p1a: Montezuma|def|1\n|-boost|p1a: Montezuma|spd|1\n|\n|-weather|RainDance|[upkeep]\n|upkeep\n|turn|2\n|inactive|blue schucle has 30 seconds left.\n|inactive|r.l steins gate has 30 seconds left.\n|\n|t:|1776647628\n|move|p1b: Djaba|Protect|p1b: Djaba\n|-singleturn|p1b: Djaba|Protect\n|move|p2a: Home Depot|Encore|p1b: Djaba\n|-activate|p1b: Djaba|move: Protect\n|move|p2b: Petco|Hurricane|p1b: Djaba\n|-activate|p1b: Djaba|move: Protect\n|move|p1a: Montezuma|Yawn|p2a: Home Depot\n|-start|p2a: Home Depot|move: Yawn|[of] p1a: Montezuma\n|\n|-weather|RainDance|[upkeep]\n|upkeep\n|turn|3\n|inactive|blue schucle has 30 seconds left.\n|inactive|r.l steins gate has 30 seconds left.\n|inactive|r.l steins gate has 20 seconds left.\n|\n|t:|1776647666\n|switch|p2a: Aquafina|Starmie, L50|100/100\n|move|p1b: Djaba|Dire Claw|p2a: Aquafina\n|-damage|p2a: Aquafina|39/100\n|move|p2b: Petco|Hurricane|p1b: Djaba\n|-supereffective|p1b: Djaba|1\n|-damage|p1b: Djaba|2/100\n|move|p1a: Montezuma|Yawn|p2b: Petco\n|-start|p2b: Petco|move: Yawn|[of] p1a: Montezuma\n|\n|-weather|RainDance|[upkeep]\n|upkeep\n|turn|4\n|\n|t:|1776647688\n|detailschange|p2a: Aquafina|Starmie-Mega, L50\n|-mega|p2a: Aquafina|Starmie|Starminite\n|move|p2a: Aquafina|Flip Turn|p1b: Djaba\n|-damage|p1b: Djaba|0 fnt\n|faint|p1b: Djaba\n|\n|t:|1776647698\n|switch|p2a: Staples|Archaludon, L50, F|100/100|[from] Flip Turn\n|move|p2b: Petco|U-turn|p1a: Montezuma\n|-damage|p1a: Montezuma|97/100\n|\n|t:|1776647712\n|switch|p2b: Aquafina|Starmie-Mega, L50|39/100|[from] U-turn\n|move|p1a: Montezuma|Yawn|p2a: Staples\n|-start|p2a: Staples|move: Yawn|[of] p1a: Montezuma\n|\n|-weather|RainDance|[upkeep]\n|-heal|p1a: Montezuma|100/100|[from] item: Leftovers\n|-sideend|p2: r.l steins gate|move: Tailwind\n|upkeep\n|\n|t:|1776647724\n|switch|p1b: Spicy girls|Scovillain, L50, F|100/100\n|turn|5\n|\n|t:|1776647740\n|switch|p2a: Home Depot|Whimsicott, L50, F|100/100\n|move|p1b: Spicy girls|Protect|p1b: Spicy girls\n|-singleturn|p1b: Spicy girls|Protect\n|move|p2b: Aquafina|Liquidation|p1b: Spicy girls\n|-activate|p1b: Spicy girls|move: Protect\n|move|p1a: Montezuma|Stockpile|p1a: Montezuma\n|-start|p1a: Montezuma|stockpile2\n|-boost|p1a: Montezuma|def|1\n|-boost|p1a: Montezuma|spd|1\n|\n|-weather|none\n|-ability|p1b: Spicy girls|Moody|boost\n|-boost|p1b: Spicy girls|spe|2\n|-unboost|p1b: Spicy girls|atk|1\n|upkeep\n|turn|6\n|inactive|blue schucle has 30 seconds left.\n|\n|t:|1776647767\n|detailschange|p1b: Spicy girls|Scovillain-Mega, L50, F\n|-mega|p1b: Spicy girls|Scovillain|Scovillainite\n|move|p2a: Home Depot|Tailwind|p2a: Home Depot\n|-sidestart|p2: r.l steins gate|move: Tailwind\n|move|p2b: Aquafina|Liquidation|p1b: Spicy girls\n|-damage|p1b: Spicy girls|25/100\n|-unboost|p1b: Spicy girls|def|1\n|-status|p2b: Aquafina|brn|[from] ability: Spicy Spray|[of] p1b: Spicy girls\n|move|p1b: Spicy girls|Flamethrower|p2a: Home Depot\n|-supereffective|p2a: Home Depot|1\n|-damage|p2a: Home Depot|9/100\n|move|p1a: Montezuma|Body Press|p2b: Aquafina\n|-resisted|p2b: Aquafina|1\n|-damage|p2b: Aquafina|15/100 brn\n|\n|-damage|p2b: Aquafina|9/100 brn|[from] brn\n|upkeep\n|turn|7\n|inactive|blue schucle has 30 seconds left.\n|inactive|r.l steins gate has 30 seconds left.\n|inactive|r.l steins gate has 20 seconds left.\n|inactive|r.l steins gate has 15 seconds left.\n|\n|t:|1776647808\n|switch|p2a: Petco|Pelipper, L50, F|100/100\n|-weather|RainDance|[from] ability: Drizzle|[of] p2a: Petco\n|move|p1b: Spicy girls|Protect|p1b: Spicy girls\n|-singleturn|p1b: Spicy girls|Protect\n|move|p2b: Aquafina|Liquidation|p1b: Spicy girls\n|-activate|p1b: Spicy girls|move: Protect\n|move|p1a: Montezuma|Body Press|p2b: Aquafina\n|-resisted|p2b: Aquafina|1\n|-damage|p2b: Aquafina|0 fnt\n|faint|p2b: Aquafina\n|\n|-weather|RainDance|[upkeep]\n|upkeep\n|\n|t:|1776647820\n|switch|p2b: Staples|Archaludon, L50, F|100/100\n|turn|8\n|\n|t:|1776647841\n|move|p2b: Staples|Electro Shot||[still]\n|-prepare|p2b: Staples|Electro Shot\n|-boost|p2b: Staples|spa|1\n|-anim|p2b: Staples|Electro Shot|p1a: Montezuma\n|-damage|p1a: Montezuma|78/100\n|move|p1b: Spicy girls|Leech Seed|p2b: Staples\n|-start|p2b: Staples|move: Leech Seed\n|move|p2a: Petco|Weather Ball|p1b: Spicy girls\n|-damage|p1b: Spicy girls|0 fnt\n|-status|p2a: Petco|brn|[from] ability: Spicy Spray|[of] p1b: Spicy girls\n|faint|p1b: Spicy girls\n|move|p1a: Montezuma|Stockpile|p1a: Montezuma\n|-start|p1a: Montezuma|stockpile3\n|-boost|p1a: Montezuma|def|1\n|-boost|p1a: Montezuma|spd|1\n|\n|-weather|RainDance|[upkeep]\n|-heal|p1a: Montezuma|84/100|[from] item: Leftovers\n|-damage|p2a: Petco|95/100 brn|[from] brn\n|upkeep\n|\n|t:|1776647861\n|switch|p1b: Destructo|Garchomp, L50, M|100/100\n|turn|9\n|\n|t:|1776647883\n|move|p2b: Staples|Draco Meteor|p1b: Destructo\n|-supereffective|p1b: Destructo|1\n|-damage|p1b: Destructo|0 fnt\n|-unboost|p2b: Staples|spa|2\n|faint|p1b: Destructo\n|move|p2a: Petco|Weather Ball|p1a: Montezuma\n|-damage|p1a: Montezuma|72/100\n|move|p1a: Montezuma|Yawn|p2b: Staples\n|-start|p2b: Staples|move: Yawn|[of] p1a: Montezuma\n|\n|-weather|RainDance|[upkeep]\n|-heal|p2a: Petco|100/100 brn|[from] item: Leftovers\n|-heal|p1a: Montezuma|78/100|[from] item: Leftovers\n|-damage|p2a: Petco|95/100 brn|[from] brn\n|-sideend|p2: r.l steins gate|move: Tailwind\n|upkeep\n|turn|10\n|\n|t:|1776647904\n|switch|p2b: Home Depot|Whimsicott, L50, F|9/100\n|move|p2a: Petco|Hurricane|p1a: Montezuma\n|-damage|p1a: Montezuma|69/100\n|move|p1a: Montezuma|Body Press|p2b: Home Depot\n|-resisted|p2b: Home Depot|1\n|-damage|p2b: Home Depot|0 fnt\n|faint|p2b: Home Depot\n|\n|-weather|RainDance|[upkeep]\n|-heal|p2a: Petco|100/100 brn|[from] item: Leftovers\n|-heal|p1a: Montezuma|75/100|[from] item: Leftovers\n|-damage|p2a: Petco|95/100 brn|[from] brn\n|upkeep\n|\n|t:|1776647913\n|switch|p2b: Staples|Archaludon, L50, F|100/100\n|turn|11\n|\n|t:|1776647924\n|move|p2b: Staples|Electro Shot||[still]\n|-prepare|p2b: Staples|Electro Shot\n|-boost|p2b: Staples|spa|1\n|-anim|p2b: Staples|Electro Shot|p1a: Montezuma\n|-damage|p1a: Montezuma|60/100\n|move|p2a: Petco|Hurricane|p1a: Montezuma\n|-damage|p1a: Montezuma|50/100\n|-start|p1a: Montezuma|confusion\n|-activate|p1a: Montezuma|confusion\n|move|p1a: Montezuma|Yawn|p2b: Staples\n|-start|p2b: Staples|move: Yawn|[of] p1a: Montezuma\n|\n|-weather|none\n|-heal|p2a: Petco|100/100 brn|[from] item: Leftovers\n|-heal|p1a: Montezuma|56/100|[from] item: Leftovers\n|-damage|p2a: Petco|95/100 brn|[from] brn\n|upkeep\n|turn|12\n|\n|t:|1776647947\n|-activate|p1a: Montezuma|confusion\n|move|p1a: Montezuma|Protect|p1a: Montezuma\n|-singleturn|p1a: Montezuma|Protect\n|move|p2b: Staples|Draco Meteor|p1a: Montezuma\n|-activate|p1a: Montezuma|move: Protect\n|move|p2a: Petco|Hurricane|p1a: Montezuma\n|-activate|p1a: Montezuma|move: Protect\n|\n|-heal|p2a: Petco|100/100 brn|[from] item: Leftovers\n|-heal|p1a: Montezuma|62/100|[from] item: Leftovers\n|-damage|p2a: Petco|95/100 brn|[from] brn\n|-end|p2b: Staples|move: Yawn|[silent]\n|-status|p2b: Staples|slp\n|upkeep\n|turn|13\n|\n|t:|1776647963\n|cant|p2b: Staples|slp\n|move|p2a: Petco|Hurricane|p1a: Montezuma|[miss]\n|-miss|p2a: Petco|p1a: Montezuma\n|-activate|p1a: Montezuma|confusion\n|move|p1a: Montezuma|Body Press|p2b: Staples\n|-supereffective|p2b: Staples|1\n|-damage|p2b: Staples|23/100 slp\n|-enditem|p2b: Staples|Sitrus Berry|[eat]\n|-heal|p2b: Staples|47/100 slp|[from] item: Sitrus Berry\n|\n|-heal|p2a: Petco|100/100 brn|[from] item: Leftovers\n|-heal|p1a: Montezuma|68/100|[from] item: Leftovers\n|-damage|p2a: Petco|95/100 brn|[from] brn\n|upkeep\n|turn|14\n|\n|t:|1776647978\n|cant|p2b: Staples|slp\n|move|p2a: Petco|Hurricane|p1a: Montezuma\n|-damage|p1a: Montezuma|60/100\n|-activate|p1a: Montezuma|confusion\n|move|p1a: Montezuma|Body Press|p2b: Staples\n|-supereffective|p2b: Staples|1\n|-damage|p2b: Staples|0 fnt\n|faint|p2b: Staples\n|\n|-heal|p2a: Petco|100/100 brn|[from] item: Leftovers\n|-heal|p1a: Montezuma|66/100|[from] item: Leftovers\n|-damage|p2a: Petco|95/100 brn|[from] brn\n|upkeep\n|turn|15\n|-message|r.l steins gate forfeited.\n|\n|win|blue schucle\n|raw|blue schucle's rating: 1179 &rarr; <strong>1203</strong><br />(+24 for winning)\n|raw|r.l steins gate's rating: 1168 &rarr; <strong>1144</strong><br />(-24 for losing)\n|l|\u2606r.l steins gate\n|player|p2|\n",
  "uploadtime": 1776647993,
  "views": 14,
  "formatid": "gen9championsvgc2026regma",
  "rating": 1144,
  "private": 0,
  "password": null
}