{
  "id": "gen9championsvgc2026regma-2580931553",
  "format": "[Gen 9 Champions] VGC 2026 Reg M-A",
  "players": [
    "Jsauho",
    "idunnoagoodnam"
  ],
  "log": "|j|\u203dJsauho\n|j|\u2606idunnoagoodnam\n|t:|1775944377\n|gametype|doubles\n|player|p1|Jsauho|cynthia-gen4|1040\n|player|p2|idunnoagoodnam|102|1111\n|gen|9\n|tier|[Gen 9 Champions] VGC 2026 Reg M-A\n|rated|\n|rule|Species Clause: Limit one of each Pok\u00e9mon\n|rule|Item Clause: Limit 1 of each item\n|clearpoke\n|poke|p1|Floette-Eternal, L50, F|\n|poke|p1|Alcremie, L50, F|\n|poke|p1|Incineroar, L50, F|\n|poke|p1|Goodra-Hisui, L50, F|\n|poke|p1|Garchomp, L50, M|\n|poke|p1|Rotom-Wash, L50|\n|poke|p2|Glimmora, L50, M|\n|poke|p2|Whimsicott, L50, F|\n|poke|p2|Basculegion, L50, M|\n|poke|p2|Incineroar, L50, F|\n|poke|p2|Gallade, L50, M|\n|poke|p2|Floette-Eternal, L50, F|\n|teampreview|4\n|\n|t:|1775944413\n|teamsize|p1|4\n|teamsize|p2|4\n|start\n|switch|p1a: Floette|Floette-Eternal, L50, F|100/100\n|switch|p1b: Alcremie|Alcremie, L50, F|100/100\n|switch|p2a: Whimsicott|Whimsicott, L50, F|100/100\n|switch|p2b: Basculegion|Basculegion, L50, M|100/100\n|turn|1\n|\n|t:|1775944429\n|detailschange|p1a: Floette|Floette-Mega, L50, F\n|-mega|p1a: Floette|Floette|Floettite\n|-ability|p1a: Floette|Fairy Aura\n|move|p2a: Whimsicott|Tailwind|p2a: Whimsicott\n|-sidestart|p2: idunnoagoodnam|move: Tailwind\n|move|p2b: Basculegion|Wave Crash|p1a: Floette\n|-damage|p1a: Floette|1/100\n|-damage|p2b: Basculegion|75/100|[from] Recoil\n|move|p1b: Alcremie|Decorate|p1a: Floette\n|-boost|p1a: Floette|atk|2\n|-boost|p1a: Floette|spa|2\n|move|p1a: Floette|Dazzling Gleam|p2a: Whimsicott|[spread] p2a,p2b\n|-enditem|p2a: Whimsicott|Focus Sash\n|-damage|p2a: Whimsicott|1/100\n|-damage|p2b: Basculegion|0 fnt\n|faint|p2b: Basculegion\n|\n|upkeep\n|\n|t:|1775944446\n|switch|p2b: Glimmora|Glimmora, L50, M|100/100\n|turn|2\n|\n|t:|1775944452\n|switch|p1b: Incineroar|Incineroar, L50, F|100/100\n|-ability|p1b: Incineroar|Intimidate|boost\n|-unboost|p2a: Whimsicott|atk|1\n|-unboost|p2b: Glimmora|atk|1\n|move|p1a: Floette|Protect|p1a: Floette\n|-singleturn|p1a: Floette|Protect\n|move|p2a: Whimsicott|Dazzling Gleam|p1a: Floette|[spread] p1b\n|-activate|p1a: Floette|move: Protect\n|-damage|p1b: Incineroar|80/100\n|move|p2b: Glimmora|Sludge Bomb|p1b: Incineroar\n|-damage|p1b: Incineroar|30/100\n|-enditem|p1b: Incineroar|Sitrus Berry|[eat]\n|-heal|p1b: Incineroar|55/100|[from] item: Sitrus Berry\n|\n|upkeep\n|turn|3\n|\n|t:|1775944471\n|switch|p1a: Goodra|Goodra-Hisui, L50, F|100/100\n|move|p2a: Whimsicott|Protect|p2a: Whimsicott\n|-singleturn|p2a: Whimsicott|Protect\n|move|p2b: Glimmora|Spiky Shield|p2b: Glimmora\n|-singleturn|p2b: Glimmora|move: Protect\n|move|p1b: Incineroar|Fake Out|p2a: Whimsicott\n|-activate|p2a: Whimsicott|move: Protect\n|\n|upkeep\n|turn|4\n|\n|t:|1775944494\n|switch|p2b: Gallade|Gallade, L50, M, shiny|100/100\n|move|p2a: Whimsicott|Encore|p1b: Incineroar\n|-hint|Since gen 7, Dark is immune to Prankster moves.\n|-immune|p1b: Incineroar\n|move|p1b: Incineroar|Parting Shot|p2b: Gallade\n|-unboost|p2b: Gallade|atk|1\n|-unboost|p2b: Gallade|spa|1\n|\n|t:|1775944502\n|switch|p1b: Floette|Floette-Mega, L50, F|1/100|[from] Parting Shot\n|-enditem|p2b: Gallade|White Herb\n|-clearnegativeboost|p2b: Gallade|[silent]\n|-ability|p1b: Floette|Fairy Aura\n|move|p1a: Goodra|Heavy Slam|p2a: Whimsicott\n|-supereffective|p2a: Whimsicott|1\n|-damage|p2a: Whimsicott|0 fnt\n|faint|p2a: Whimsicott\n|\n|-sideend|p2: idunnoagoodnam|move: Tailwind\n|upkeep\n|\n|t:|1775944506\n|switch|p2a: Glimmora|Glimmora, L50, M|100/100\n|turn|5\n|\n|t:|1775944528\n|switch|p1a: Incineroar|Incineroar, L50, F|55/100\n|-ability|p1a: Incineroar|Intimidate|boost\n|-unboost|p2a: Glimmora|atk|1\n|-unboost|p2b: Gallade|atk|1\n|detailschange|p2a: Glimmora|Glimmora-Mega, L50, M\n|-mega|p2a: Glimmora|Glimmora|Glimmoranite\n|move|p2a: Glimmora|Sludge Bomb|p1b: Floette\n|-supereffective|p1b: Floette|1\n|-damage|p1b: Floette|0 fnt\n|faint|p1b: Floette\n|move|p2b: Gallade|Sacred Sword|p1a: Incineroar\n|-supereffective|p1a: Incineroar|1\n|-damage|p1a: Incineroar|0 fnt\n|faint|p1a: Incineroar\n|\n|upkeep\n|\n|t:|1775944538\n|switch|p1b: Goodra|Goodra-Hisui, L50, F|100/100\n|switch|p1a: Alcremie|Alcremie, L50, F|100/100\n|turn|6\n|\n|t:|1775944545\n|move|p1a: Alcremie|Draining Kiss|p2b: Gallade\n|-supereffective|p2b: Gallade|1\n|-damage|p2b: Gallade|66/100\n|move|p2a: Glimmora|Sludge Bomb|p1a: Alcremie\n|-supereffective|p1a: Alcremie|1\n|-damage|p1a: Alcremie|0 fnt\n|faint|p1a: Alcremie\n|move|p2b: Gallade|Sacred Sword|p1b: Goodra\n|-supereffective|p1b: Goodra|1\n|-damage|p1b: Goodra|20/100\n|move|p1b: Goodra|Heavy Slam|p2a: Glimmora\n|-supereffective|p2a: Glimmora|1\n|-damage|p2a: Glimmora|19/100\n|\n|-heal|p1b: Goodra|26/100|[from] item: Leftovers\n|upkeep\n|turn|7\n|-message|Jsauho forfeited.\n|\n|win|idunnoagoodnam\n|raw|Jsauho's rating: 1040 &rarr; <strong>1027</strong><br />(-13 for losing)\n|raw|idunnoagoodnam's rating: 1111 &rarr; <strong>1131</strong><br />(+20 for winning)\n|l|\u203dJsauho\n|player|p1|\n",
  "uploadtime": 1775944564,
  "views": 13,
  "formatid": "gen9championsvgc2026regma",
  "rating": 1027,
  "private": 0,
  "password": null
}