{
  "id": "gen9championsvgc2026regma-2583071679",
  "format": "[Gen 9 Champions] VGC 2026 Reg M-A",
  "players": [
    "aoiharada",
    "foxgirlmoony"
  ],
  "log": "|j|\u2606aoiharada\n|j|\u2606foxgirlmoony\n|t:|1776138852\n|gametype|doubles\n|player|p1|aoiharada|101|1494\n|player|p2|foxgirlmoony|rocketgruntf|1462\n|gen|9\n|tier|[Gen 9 Champions] VGC 2026 Reg M-A\n|rated|\n|rule|Species Clause: Limit one of each Pok\u00e9mon\n|rule|Item Clause: Limit 1 of each item\n|clearpoke\n|poke|p1|Garchomp, L50, M|\n|poke|p1|Rotom-Wash, L50|\n|poke|p1|Incineroar, L50, M|\n|poke|p1|Sneasler, L50, M|\n|poke|p1|Floette-Eternal, L50, F|\n|poke|p1|Sinistcha-Masterpiece, L50|\n|poke|p2|Floette-Eternal, L50, F|\n|poke|p2|Aerodactyl, L50, F|\n|poke|p2|Basculegion, L50, M|\n|poke|p2|Incineroar, L50, F|\n|poke|p2|Mamoswine, L50, F|\n|poke|p2|Sneasler, L50, M|\n|teampreview|4\n|inactive|Battle timer is ON: inactive players will automatically lose when time's up. (requested by foxgirlmoony)\n|\n|t:|1776138881\n|teamsize|p1|4\n|teamsize|p2|4\n|start\n|switch|p1a: Sneasler|Sneasler, L50, M|100/100\n|switch|p1b: Floette|Floette-Eternal, L50, F|100/100\n|switch|p2a: Aerodactyl|Aerodactyl, L50, F|100/100\n|switch|p2b: Incineroar|Incineroar, L50, F|100/100\n|-ability|p2a: Aerodactyl|Unnerve\n|-ability|p2b: Incineroar|Intimidate|boost\n|-unboost|p1a: Sneasler|atk|1\n|-unboost|p1b: Floette|atk|1\n|-enditem|p1a: Sneasler|White Herb\n|-clearnegativeboost|p1a: Sneasler|[silent]\n|turn|1\n|\n|t:|1776138896\n|switch|p1a: Incineroar|Incineroar, L50, M|100/100\n|-ability|p1a: Incineroar|Intimidate|boost\n|-unboost|p2a: Aerodactyl|atk|1\n|-unboost|p2b: Incineroar|atk|1\n|detailschange|p1b: Floette|Floette-Mega, L50, F\n|-mega|p1b: Floette|Floette|Floettite\n|-ability|p1b: Floette|Fairy Aura\n|move|p2a: Aerodactyl|Protect|p2a: Aerodactyl\n|-singleturn|p2a: Aerodactyl|Protect\n|move|p2b: Incineroar|Fake Out|p1b: Floette\n|-damage|p1b: Floette|93/100\n|cant|p1b: Floette|flinch\n|\n|upkeep\n|turn|2\n|j| sorzee\n|\n|t:|1776138916\n|move|p1a: Incineroar|Fake Out|p2b: Incineroar\n|-damage|p2b: Incineroar|90/100\n|move|p2a: Aerodactyl|Rock Slide|p1a: Incineroar|[spread] p1a,p1b\n|-supereffective|p1a: Incineroar|1\n|-damage|p1a: Incineroar|68/100\n|-damage|p1b: Floette|78/100\n|move|p1b: Floette|Calm Mind|p1b: Floette\n|-boost|p1b: Floette|spa|1\n|-boost|p1b: Floette|spd|1\n|cant|p2b: Incineroar|flinch\n|\n|upkeep\n|turn|3\n|\n|t:|1776138930\n|move|p2a: Aerodactyl|Tailwind|p2a: Aerodactyl\n|-sidestart|p2: foxgirlmoony|move: Tailwind\n|move|p2b: Incineroar|Flare Blitz|p1b: Floette\n|-damage|p1b: Floette|36/100\n|-damage|p2b: Incineroar|77/100|[from] Recoil\n|move|p1b: Floette|Draining Kiss|p2a: Aerodactyl\n|-damage|p2a: Aerodactyl|26/100\n|-heal|p1b: Floette|84/100|[from] drain|[of] p2a: Aerodactyl\n|move|p1a: Incineroar|Throat Chop|p2b: Incineroar\n|-resisted|p2b: Incineroar|1\n|-damage|p2b: Incineroar|62/100\n|-start|p2b: Incineroar|Throat Chop|[silent]\n|\n|upkeep\n|turn|4\n|\n|t:|1776138946\n|switch|p1a: Sneasler|Sneasler, L50, M|100/100\n|move|p1b: Floette|Protect|p1b: Floette\n|-singleturn|p1b: Floette|Protect\n|move|p2a: Aerodactyl|Rock Slide|p1a: Sneasler|[spread] p1a\n|-activate|p1b: Floette|move: Protect\n|-resisted|p1a: Sneasler|1\n|-damage|p1a: Sneasler|87/100\n|move|p2b: Incineroar|Flare Blitz|p1b: Floette\n|-activate|p1b: Floette|move: Protect\n|\n|-end|p2b: Incineroar|Throat Chop|[silent]\n|upkeep\n|turn|5\n|\n|t:|1776138961\n|move|p1a: Sneasler|Feint|p2a: Aerodactyl\n|-resisted|p2a: Aerodactyl|1\n|-damage|p2a: Aerodactyl|18/100\n|move|p2a: Aerodactyl|Dual Wingbeat|p1a: Sneasler\n|-supereffective|p1a: Sneasler|1\n|-damage|p1a: Sneasler|48/100\n|-supereffective|p1a: Sneasler|1\n|-damage|p1a: Sneasler|9/100\n|-hitcount|p1a: Sneasler|2\n|move|p2b: Incineroar|Parting Shot|p1b: Floette\n|-unboost|p1b: Floette|atk|1\n|-unboost|p1b: Floette|spa|1\n|\n|t:|1776138974\n|switch|p2b: Floette|Floette-Eternal, L50, F|100/100|[from] Parting Shot\n|move|p1b: Floette|Draining Kiss|p2b: Floette\n|-damage|p2b: Floette|70/100\n|-heal|p1b: Floette|100/100|[from] drain|[of] p2b: Floette\n|\n|upkeep\n|turn|6\n|j| pokeniceguy\n|\n|t:|1776138991\n|switch|p1a: Incineroar|Incineroar, L50, M|68/100\n|-ability|p1a: Incineroar|Intimidate|boost\n|-unboost|p2a: Aerodactyl|atk|1\n|-unboost|p2b: Floette|atk|1\n|detailschange|p2b: Floette|Floette-Mega, L50, F\n|-mega|p2b: Floette|Floette|Floettite\n|-ability|p2b: Floette|Fairy Aura\n|move|p2a: Aerodactyl|Protect|p2a: Aerodactyl\n|-singleturn|p2a: Aerodactyl|Protect\n|move|p2b: Floette|Dazzling Gleam|p1a: Incineroar|[spread] p1a,p1b\n|-damage|p1a: Incineroar|34/100\n|-damage|p1b: Floette|79/100\n|move|p1b: Floette|Calm Mind|p1b: Floette\n|-boost|p1b: Floette|spa|1\n|-boost|p1b: Floette|spd|1\n|\n|-sideend|p2: foxgirlmoony|move: Tailwind\n|upkeep\n|turn|7\n|l| pokeniceguy\n|\n|t:|1776139012\n|switch|p2a: Incineroar|Incineroar, L50, F|62/100\n|-ability|p2a: Incineroar|Intimidate|boost\n|-unboost|p1a: Incineroar|atk|1\n|-unboost|p1b: Floette|atk|1\n|switch|p1a: Rotom|Rotom-Wash, L50|100/100\n|move|p2b: Floette|Dazzling Gleam|p1b: Floette|[spread] p1a,p1b\n|-damage|p1a: Rotom|49/100\n|-damage|p1b: Floette|62/100\n|-enditem|p1a: Rotom|Sitrus Berry|[eat]\n|-heal|p1a: Rotom|74/100|[from] item: Sitrus Berry\n|move|p1b: Floette|Dazzling Gleam|p2b: Floette|[spread] p2a,p2b\n|-damage|p2a: Incineroar|1/100\n|-damage|p2b: Floette|24/100\n|\n|upkeep\n|turn|8\n|\n|t:|1776139031\n|move|p2a: Incineroar|Fake Out|p1b: Floette\n|-damage|p1b: Floette|50/100\n|move|p2b: Floette|Moonblast|p1a: Rotom\n|-damage|p1a: Rotom|0 fnt\n|faint|p1a: Rotom\n|cant|p1b: Floette|flinch\n|\n|upkeep\n|\n|t:|1776139039\n|switch|p1a: Sneasler|Sneasler, L50, M|9/100\n|turn|9\n|\n|t:|1776139049\n|move|p1a: Sneasler|Feint|p2b: Floette\n|-damage|p2b: Floette|8/100\n|move|p2b: Floette|Dazzling Gleam|p1a: Sneasler|[spread] p1a,p1b\n|-damage|p1a: Sneasler|0 fnt\n|-damage|p1b: Floette|33/100\n|faint|p1a: Sneasler\n|move|p1b: Floette|Dazzling Gleam|p2a: Incineroar|[spread] p2a,p2b\n|-crit|p2b: Floette\n|-damage|p2a: Incineroar|0 fnt\n|-damage|p2b: Floette|0 fnt\n|faint|p2a: Incineroar\n|faint|p2b: Floette\n|\n|upkeep\n|\n|t:|1776139056\n|switch|p1a: Incineroar|Incineroar, L50, M|34/100\n|switch|p2b: Aerodactyl|Aerodactyl, L50, F|18/100\n|switch|p2a: Sneasler|Sneasler, L50, M|100/100\n|-ability|p2b: Aerodactyl|Unnerve\n|-ability|p1a: Incineroar|Intimidate|boost\n|-unboost|p2a: Sneasler|atk|1\n|-unboost|p2b: Aerodactyl|atk|1\n|-enditem|p2a: Sneasler|White Herb\n|-clearnegativeboost|p2a: Sneasler|[silent]\n|turn|10\n|-message|aoiharada forfeited.\n|\n|win|foxgirlmoony\n|raw|aoiharada's rating: 1494 &rarr; <strong>1472</strong><br />(-22 for losing)\n|raw|foxgirlmoony's rating: 1462 &rarr; <strong>1484</strong><br />(+22 for winning)\n|l|\u2606aoiharada\n|player|p1|\n|l|\u2606foxgirlmoony\n|player|p2|\n|l| sorzee\n",
  "uploadtime": 1776139138,
  "views": 42,
  "formatid": "gen9championsvgc2026regma",
  "rating": 1472,
  "private": 0,
  "password": null
}