{
  "id": "gen9championsvgc2026regma-2589500234",
  "format": "[Gen 9 Champions] VGC 2026 Reg M-A",
  "players": [
    "Kazuma Yato",
    "tarn7"
  ],
  "log": "|j|\u2606Kazuma Yato\n|j|\u2606tarn7\n|t:|1776728605\n|gametype|doubles\n|player|p1|Kazuma Yato|169|1266\n|player|p2|tarn7|byron|1367\n|gen|9\n|tier|[Gen 9 Champions] VGC 2026 Reg M-A\n|rated|\n|rule|Species Clause: Limit one of each Pok\u00e9mon\n|rule|Item Clause: Limit 1 of each item\n|clearpoke\n|poke|p1|Scizor, L50, M|\n|poke|p1|Sneasler, L50, F|\n|poke|p1|Sinistcha, L50|\n|poke|p1|Milotic, L50, F|\n|poke|p1|Aerodactyl, L50, M|\n|poke|p1|Hydreigon, L50, M|\n|poke|p2|Golurk, L50|\n|poke|p2|Tyranitar, L50, M|\n|poke|p2|Archaludon, L50, F|\n|poke|p2|Sinistcha, L50|\n|poke|p2|Farigiraf, L50, M|\n|poke|p2|Slowbro, L50, F|\n|teampreview|4\n|\n|t:|1776728645\n|teamsize|p1|4\n|teamsize|p2|4\n|start\n|switch|p1a: Scizor|Scizor, L50, M|100/100\n|switch|p1b: Hydreigon|Hydreigon, L50, M|100/100\n|switch|p2a: Farigiraf|Farigiraf, L50, M|100/100\n|switch|p2b: Archaludon|Archaludon, L50, F|100/100\n|turn|1\n|\n|t:|1776728683\n|detailschange|p1a: Scizor|Scizor-Mega, L50, M\n|-mega|p1a: Scizor|Scizor|Scizorite\n|move|p1b: Hydreigon|Dark Pulse|p2a: Farigiraf\n|-supereffective|p2a: Farigiraf|1\n|-damage|p2a: Farigiraf|36/100\n|move|p2b: Archaludon|Dragon Pulse|p1b: Hydreigon\n|-supereffective|p1b: Hydreigon|1\n|-damage|p1b: Hydreigon|0 fnt\n|faint|p1b: Hydreigon\n|move|p1a: Scizor|Swords Dance|p1a: Scizor\n|-boost|p1a: Scizor|atk|2\n|move|p2a: Farigiraf|Light Screen|p2a: Farigiraf\n|-sidestart|p2: tarn7|move: Light Screen\n|\n|upkeep\n|\n|t:|1776728705\n|switch|p1b: Sneasler|Sneasler, L50, F|100/100\n|turn|2\n|\n|t:|1776728713\n|switch|p2b: Sinistcha|Sinistcha, L50|100/100\n|-heal|p2a: Farigiraf|60/100|[from] ability: Hospitality|[of] p2b: Sinistcha\n|move|p1b: Sneasler|Dire Claw|p2a: Farigiraf\n|-damage|p2a: Farigiraf|28/100\n|-status|p2a: Farigiraf|slp\n|move|p1a: Scizor|Close Combat|p2b: Sinistcha\n|-immune|p2b: Sinistcha\n|cant|p2a: Farigiraf|slp\n|\n|upkeep\n|turn|3\n|\n|t:|1776728729\n|move|p2b: Sinistcha|Protect|p2b: Sinistcha\n|-singleturn|p2b: Sinistcha|Protect\n|move|p1a: Scizor|Bullet Punch||[still]\n|cant|p2a: Farigiraf|ability: Armor Tail|Bullet Punch|[of] p1a: Scizor\n|move|p1b: Sneasler|Dire Claw|p2b: Sinistcha\n|-activate|p2b: Sinistcha|move: Protect\n|-curestatus|p2a: Farigiraf|slp|[msg]\n|move|p2a: Farigiraf|Trick Room|p2a: Farigiraf\n|-fieldstart|move: Trick Room|[of] p2a: Farigiraf\n|\n|upkeep\n|turn|4\n|\n|t:|1776728745\n|move|p1a: Scizor|Protect|p1a: Scizor\n|-singleturn|p1a: Scizor|Protect\n|move|p2a: Farigiraf|Psychic|p1b: Sneasler\n|-supereffective|p1b: Sneasler|2\n|-damage|p1b: Sneasler|0 fnt\n|faint|p1b: Sneasler\n|move|p2b: Sinistcha|Shadow Ball|p1a: Scizor\n|-activate|p1a: Scizor|move: Protect\n|\n|upkeep\n|\n|t:|1776728752\n|switch|p1b: Sinistcha|Sinistcha, L50|100/100\n|turn|5\n|\n|t:|1776728761\n|move|p1b: Sinistcha|Protect|p1b: Sinistcha\n|-singleturn|p1b: Sinistcha|Protect\n|move|p2a: Farigiraf|Reflect|p2a: Farigiraf\n|-sidestart|p2: tarn7|Reflect\n|move|p2b: Sinistcha|Shadow Ball|p1b: Sinistcha\n|-activate|p1b: Sinistcha|move: Protect\n|move|p1a: Scizor|Close Combat|p2a: Farigiraf\n|-damage|p2a: Farigiraf|0 fnt\n|-unboost|p1a: Scizor|def|1\n|-unboost|p1a: Scizor|spd|1\n|faint|p2a: Farigiraf\n|\n|-sideend|p2: tarn7|move: Light Screen\n|upkeep\n|\n|t:|1776728775\n|switch|p2a: Golurk|Golurk, L50|100/100\n|turn|6\n|\n|t:|1776728785\n|detailschange|p2a: Golurk|Golurk-Mega, L50\n|-mega|p2a: Golurk|Golurk|Golurkite\n|move|p1a: Scizor|Bullet Punch|p2a: Golurk\n|-damage|p2a: Golurk|55/100\n|move|p2a: Golurk|Poltergeist|p1b: Sinistcha\n|-activate|p1b: Sinistcha|move: Poltergeist|Sitrus Berry\n|-supereffective|p1b: Sinistcha|1\n|-damage|p1b: Sinistcha|0 fnt\n|faint|p1b: Sinistcha\n|move|p2b: Sinistcha|Shadow Ball|p1a: Scizor\n|-damage|p1a: Scizor|54/100\n|-unboost|p1a: Scizor|spd|1\n|\n|upkeep\n|turn|7\n|\n|t:|1776728809\n|move|p1a: Scizor|Bullet Punch|p2a: Golurk\n|-damage|p2a: Golurk|10/100\n|move|p2a: Golurk|Headlong Rush|p1a: Scizor\n|-damage|p1a: Scizor|0 fnt\n|-unboost|p2a: Golurk|def|1\n|-unboost|p2a: Golurk|spd|1\n|faint|p1a: Scizor\n|\n|win|tarn7\n|raw|Kazuma Yato's rating: 1266 &rarr; <strong>1248</strong><br />(-18 for losing)\n|raw|tarn7's rating: 1367 &rarr; <strong>1381</strong><br />(+14 for winning)\n",
  "uploadtime": 1776728809,
  "views": 3,
  "formatid": "gen9championsvgc2026regma",
  "rating": 1248,
  "private": 0,
  "password": null
}