{
  "id": "gen9championsvgc2026regma-2586738299",
  "format": "[Gen 9 Champions] VGC 2026 Reg M-A",
  "players": [
    "LesbianMawile",
    "angeallen455"
  ],
  "log": "|j|\u2606LesbianMawile\n|j|\u2606angeallen455\n|t:|1776456048\n|gametype|doubles\n|player|p1|LesbianMawile|rika|1229\n|player|p2|angeallen455|colress|1216\n|gen|9\n|tier|[Gen 9 Champions] VGC 2026 Reg M-A\n|rated|\n|rule|Species Clause: Limit one of each Pok\u00e9mon\n|rule|Item Clause: Limit 1 of each item\n|clearpoke\n|poke|p1|Crabominable, L50, M|\n|poke|p1|Tinkaton, L50, F|\n|poke|p1|Slowking, L50, F|\n|poke|p1|Sinistcha, L50|\n|poke|p1|Incineroar, L50, F|\n|poke|p1|Drampa, L50, M|\n|poke|p2|Froslass, L50, F|\n|poke|p2|Garchomp, L50, F|\n|poke|p2|Rotom-Frost, L50|\n|poke|p2|Empoleon, L50, M|\n|poke|p2|Incineroar, L50, M|\n|poke|p2|Kingambit, L50, F|\n|teampreview|4\n|c|\u2606angeallen455|glhf :)\n|inactive|Battle timer is ON: inactive players will automatically lose when time's up. (requested by LesbianMawile)\n|inactive|angeallen455 has 60 seconds left.\n|\n|t:|1776456195\n|teamsize|p1|4\n|teamsize|p2|4\n|start\n|switch|p1a: Crabominable|Crabominable, L50, M, shiny|100/100\n|switch|p1b: Slowking|Slowking, L50, F|100/100\n|switch|p2a: Froslass|Froslass, L50, F|100/100\n|switch|p2b: Garchomp|Garchomp, L50, F|100/100\n|turn|1\n|\n|t:|1776456214\n|switch|p2b: Incineroar|Incineroar, L50, M|100/100\n|-ability|p2b: Incineroar|Intimidate|boost\n|-fail|p1a: Crabominable|unboost|Attack|[from] ability: Hyper Cutter|[of] p1a: Crabominable\n|-unboost|p1b: Slowking|atk|1\n|detailschange|p2a: Froslass|Froslass-Mega, L50, F\n|-mega|p2a: Froslass|Froslass|Froslassite\n|-weather|Snowscape|[from] ability: Snow Warning|[of] p2a: Froslass\n|move|p2a: Froslass|Shadow Ball|p1b: Slowking\n|-supereffective|p1b: Slowking|1\n|-damage|p1b: Slowking|25/100\n|move|p1a: Crabominable|Ice Hammer|p2b: Incineroar|[miss]\n|-miss|p1a: Crabominable|p2b: Incineroar\n|move|p1b: Slowking|Trick Room|p1b: Slowking\n|-fieldstart|move: Trick Room|[of] p1b: Slowking\n|\n|-weather|Snowscape|[upkeep]\n|upkeep\n|turn|2\n|\n|t:|1776456238\n|switch|p1b: Incineroar|Incineroar, L50, F|100/100\n|-ability|p1b: Incineroar|Intimidate|boost\n|-unboost|p2a: Froslass|atk|1\n|-unboost|p2b: Incineroar|atk|1\n|move|p1a: Crabominable|Protect|p1a: Crabominable\n|-singleturn|p1a: Crabominable|Protect\n|move|p2b: Incineroar|Fake Out|p1a: Crabominable\n|-activate|p1a: Crabominable|move: Protect\n|move|p2a: Froslass|Aurora Veil|p2a: Froslass\n|-sidestart|p2: angeallen455|move: Aurora Veil\n|\n|-weather|Snowscape|[upkeep]\n|upkeep\n|turn|3\n|inactive|angeallen455 has 30 seconds left.\n|\n|t:|1776456265\n|detailschange|p1a: Crabominable|Crabominable-Mega, L50, M, shiny\n|-mega|p1a: Crabominable|Crabominable|Crabominite\n|move|p1a: Crabominable|Drain Punch|p2b: Incineroar\n|-supereffective|p2b: Incineroar|1\n|-damage|p2b: Incineroar|23/100\n|-enditem|p2b: Incineroar|Sitrus Berry|[eat]\n|-heal|p2b: Incineroar|48/100|[from] item: Sitrus Berry\n|move|p2b: Incineroar|Parting Shot|p1a: Crabominable\n|-unboost|p1a: Crabominable|atk|1\n|-unboost|p1a: Crabominable|spa|1\n|\n|t:|1776456276\n|switch|p2b: Garchomp|Garchomp, L50, F|100/100|[from] Parting Shot\n|move|p1b: Incineroar|Flare Blitz|p2a: Froslass\n|-supereffective|p2a: Froslass|1\n|-damage|p2a: Froslass|37/100\n|-damage|p1b: Incineroar|85/100|[from] Recoil\n|move|p2a: Froslass|Blizzard|p1b: Incineroar|[spread] p1a,p1b\n|-resisted|p1a: Crabominable|1\n|-resisted|p1b: Incineroar|1\n|-damage|p1a: Crabominable|80/100\n|-damage|p1b: Incineroar|66/100\n|\n|-weather|Snowscape|[upkeep]\n|upkeep\n|turn|4\n|\n|t:|1776456291\n|switch|p2a: Incineroar|Incineroar, L50, M|48/100\n|-ability|p2a: Incineroar|Intimidate|boost\n|-unboost|p1a: Crabominable|atk|1\n|-unboost|p1b: Incineroar|atk|1\n|move|p1a: Crabominable|Ice Hammer|p2b: Garchomp\n|-supereffective|p2b: Garchomp|2\n|-damage|p2b: Garchomp|0 fnt\n|-unboost|p1a: Crabominable|spe|1\n|-damage|p1a: Crabominable|68/100|[from] ability: Rough Skin|[of] p2b: Garchomp\n|faint|p2b: Garchomp\n|move|p1b: Incineroar|Parting Shot|p2a: Incineroar\n|-unboost|p2a: Incineroar|atk|1\n|-unboost|p2a: Incineroar|spa|1\n|\n|t:|1776456309\n|switch|p1b: Tinkaton|Tinkaton, L50, F|100/100|[from] Parting Shot\n|\n|-weather|Snowscape|[upkeep]\n|upkeep\n|\n|t:|1776456326\n|switch|p2b: Froslass|Froslass-Mega, L50, F|37/100\n|turn|5\n|\n|t:|1776456336\n|switch|p1a: Slowking|Slowking, L50, F|58/100\n|move|p2a: Incineroar|Flare Blitz|p1b: Tinkaton\n|-supereffective|p1b: Tinkaton|1\n|-damage|p1b: Tinkaton|16/100\n|-damage|p2a: Incineroar|21/100|[from] Recoil\n|move|p1b: Tinkaton|Gigaton Hammer|p2b: Froslass\n|-supereffective|p2b: Froslass|1\n|-damage|p2b: Froslass|0 fnt\n|faint|p2b: Froslass\n|\n|-weather|none\n|-fieldend|move: Trick Room\n|upkeep\n|\n|t:|1776456348\n|switch|p2b: Rotom|Rotom-Frost, L50|100/100\n|turn|6\n|\n|t:|1776456365\n|switch|p1b: Incineroar|Incineroar, L50, F|66/100\n|-ability|p1b: Incineroar|Intimidate|boost\n|-unboost|p2a: Incineroar|atk|1\n|-unboost|p2b: Rotom|atk|1\n|move|p2b: Rotom|Blizzard|p1b: Incineroar|[spread] \n|-miss|p2b: Rotom|p1a: Slowking\n|-miss|p2b: Rotom|p1b: Incineroar\n|move|p2a: Incineroar|Darkest Lariat|p1a: Slowking\n|-supereffective|p1a: Slowking|1\n|-damage|p1a: Slowking|25/100\n|-prepare|p1a: Slowking|Chilly Reception|[premajor]\n|move|p1a: Slowking|Chilly Reception|p1a: Slowking\n|-weather|Snowscape\n|\n|t:|1776456378\n|switch|p1a: Crabominable|Crabominable-Mega, L50, M, shiny|68/100|[from] Chilly Reception\n|\n|-weather|Snowscape|[upkeep]\n|-sideend|p2: angeallen455|move: Aurora Veil\n|upkeep\n|turn|7\n|c|\u2606angeallen455|gg\n|-message|angeallen455 forfeited.\n|\n|win|LesbianMawile\n|raw|LesbianMawile's rating: 1229 &rarr; <strong>1253</strong><br />(+24 for winning)\n|raw|angeallen455's rating: 1216 &rarr; <strong>1192</strong><br />(-24 for losing)\n|c|\u2606LesbianMawile|ggs\n|c|\u2606angeallen455|great name\n|c|\u2606LesbianMawile|i dont think the blizz miss mattered if it helps\n|c|\u2606LesbianMawile|thank you!\n|c|\u2606angeallen455|I know lol\n|c|\u2606angeallen455|I was trying to fish for a freeze\n|c|\u2606angeallen455|and even then I was probably cooked\n|c|\u2606LesbianMawile|gotta play for the outs u got\n|c|\u2606angeallen455|indeed\n|c|\u2606LesbianMawile|sorry i didnt glhf, with the smiley at the end u never know if someones being like. smug about it\n|c|\u2606angeallen455|oh no worries\n",
  "uploadtime": 1776456471,
  "views": 33,
  "formatid": "gen9championsvgc2026regma",
  "rating": 1192,
  "private": 0,
  "password": null
}