{
  "id": "gen9championsvgc2026regma-2584788473",
  "format": "[Gen 9 Champions] VGC 2026 Reg M-A",
  "players": [
    "JtCSSB",
    "dffortini"
  ],
  "log": "|j|\u2606JtCSSB\n|j|\u2606dffortini\n|t:|1776283721\n|gametype|doubles\n|player|p1|JtCSSB|265|1189\n|player|p2|dffortini|gentleman-gen4|1236\n|gen|9\n|tier|[Gen 9 Champions] VGC 2026 Reg M-A\n|rated|\n|rule|Species Clause: Limit one of each Pok\u00e9mon\n|rule|Item Clause: Limit 1 of each item\n|clearpoke\n|poke|p1|Sableye, L50, F|\n|poke|p1|Maushold, L50|\n|poke|p1|Delphox, L50, F|\n|poke|p1|Whimsicott, L50, F|\n|poke|p1|Tyranitar, L50, F|\n|poke|p1|Steelix, L50, F|\n|poke|p2|Chesnaught, L50, M|\n|poke|p2|Pelipper, L50, F|\n|poke|p2|Archaludon, L50, F|\n|poke|p2|Dragonite, L50, M|\n|poke|p2|Basculegion, L50, M|\n|poke|p2|Raichu, L50, F|\n|teampreview|4\n|inactive|Battle timer is ON: inactive players will automatically lose when time's up. (requested by JtCSSB)\n|\n|t:|1776283750\n|teamsize|p1|4\n|teamsize|p2|4\n|start\n|switch|p1a: Sableye|Sableye, L50, F|100/100\n|switch|p1b: Delphox|Delphox, L50, F|100/100\n|switch|p2a: Basculegion|Basculegion, L50, M|100/100\n|switch|p2b: Raichu|Raichu, L50, F|100/100\n|turn|1\n|inactive|dffortini has 30 seconds left.\n|inactive|dffortini has 20 seconds left.\n|\n|t:|1776283787\n|move|p1b: Delphox|Protect|p1b: Delphox\n|-singleturn|p1b: Delphox|Protect\n|move|p2b: Raichu|Fake Out|p1b: Delphox\n|-activate|p1b: Delphox|move: Protect\n|move|p1a: Sableye|Gravity|p1a: Sableye\n|-fieldstart|move: Gravity\n|move|p2a: Basculegion|Flip Turn|p1b: Delphox\n|-activate|p1b: Delphox|move: Protect\n|\n|upkeep\n|turn|2\n|inactive|JtCSSB has 30 seconds left.\n|inactive|JtCSSB has 20 seconds left.\n|inactive|JtCSSB has 15 seconds left.\n|inactive|JtCSSB has 10 seconds left.\n|\n|t:|1776283832\n|detailschange|p1b: Delphox|Delphox-Mega, L50, F\n|-mega|p1b: Delphox|Delphox|Delphoxite\n|move|p1a: Sableye|Encore|p2b: Raichu\n|-start|p2b: Raichu|Encore\n|move|p2b: Raichu|Fake Out||[still]\n|-hint|Fake Out only works on your first turn out.\n|-fail|p2b: Raichu\n|move|p2a: Basculegion|Flip Turn|p1b: Delphox\n|-supereffective|p1b: Delphox|1\n|-damage|p1b: Delphox|0 fnt\n|faint|p1b: Delphox\n|\n|t:|1776283848\n|switch|p2a: Dragonite|Dragonite, L50, M|100/100|[from] Flip Turn\n|\n|upkeep\n|\n|t:|1776283851\n|switch|p1b: Maushold|Maushold, L50|100/100\n|turn|3\n|inactive|dffortini has 30 seconds left.\n|\n|t:|1776283881\n|switch|p2b: Basculegion|Basculegion, L50, M|100/100\n|detailschange|p2a: Dragonite|Dragonite-Mega, L50, M\n|-mega|p2a: Dragonite|Dragonite|Dragoninite\n|move|p1b: Maushold|Population Bomb|p2a: Dragonite\n|-damage|p2a: Dragonite|96/100\n|-damage|p2a: Dragonite|88/100\n|-damage|p2a: Dragonite|79/100\n|-damage|p2a: Dragonite|69/100\n|-crit|p2a: Dragonite\n|-damage|p2a: Dragonite|55/100\n|-damage|p2a: Dragonite|45/100\n|-damage|p2a: Dragonite|36/100\n|-damage|p2a: Dragonite|27/100\n|-crit|p2a: Dragonite\n|-damage|p2a: Dragonite|11/100\n|-damage|p2a: Dragonite|0 fnt\n|faint|p2a: Dragonite\n|-hitcount|p2: Dragonite|10\n|move|p1a: Sableye|Foul Play|p2b: Basculegion\n|-supereffective|p2b: Basculegion|1\n|-damage|p2b: Basculegion|0 fnt\n|faint|p2b: Basculegion\n|\n|upkeep\n|\n|t:|1776283904\n|switch|p2b: Pelipper|Pelipper, L50, F|100/100\n|switch|p2a: Raichu|Raichu, L50, F|100/100\n|-weather|RainDance|[from] ability: Drizzle|[of] p2b: Pelipper\n|turn|4\n|inactive|JtCSSB has 30 seconds left.\n|inactive|JtCSSB has 20 seconds left.\n|\n|t:|1776283944\n|move|p1b: Maushold|Population Bomb|p2b: Pelipper\n|-damage|p2b: Pelipper|89/100\n|-damage|p2b: Pelipper|77/100\n|-damage|p2b: Pelipper|64/100\n|-damage|p2b: Pelipper|52/100\n|-damage|p2b: Pelipper|41/100\n|-damage|p2b: Pelipper|29/100\n|-damage|p2b: Pelipper|16/100\n|-damage|p2b: Pelipper|2/100\n|-damage|p2b: Pelipper|0 fnt\n|faint|p2b: Pelipper\n|-hitcount|p2: Pelipper|9\n|move|p2a: Raichu|Thunder|p1a: Sableye\n|-damage|p1a: Sableye|50/100\n|move|p1a: Sableye|Foul Play|p2a: Raichu\n|-damage|p2a: Raichu|25/100\n|\n|-weather|RainDance|[upkeep]\n|upkeep\n|turn|5\n|-message|dffortini forfeited.\n|\n|win|JtCSSB\n|raw|JtCSSB's rating: 1189 &rarr; <strong>1217</strong><br />(+28 for winning)\n|raw|dffortini's rating: 1236 &rarr; <strong>1208</strong><br />(-28 for losing)\n|l|\u2606dffortini\n|player|p2|\n",
  "uploadtime": 1776283983,
  "views": 25,
  "formatid": "gen9championsvgc2026regma",
  "rating": 1208,
  "private": 0,
  "password": null
}