{
  "id": "gen9championsvgc2026regma-2584534368",
  "format": "[Gen 9 Champions] VGC 2026 Reg M-A",
  "players": [
    "camachojoao",
    "tikotron3826"
  ],
  "log": "|j|\u2606camachojoao\n|j|\u2606tikotron3826\n|t:|1776267149\n|gametype|doubles\n|player|p1|camachojoao|cynthia|1000\n|player|p2|tikotron3826|1|1057\n|gen|9\n|tier|[Gen 9 Champions] VGC 2026 Reg M-A\n|rated|\n|rule|Species Clause: Limit one of each Pok\u00e9mon\n|rule|Item Clause: Limit 1 of each item\n|clearpoke\n|poke|p1|Gardevoir, L50, M|\n|poke|p1|Aerodactyl, L50, M|\n|poke|p1|Sneasler, L50, M|\n|poke|p1|Whimsicott, L50, F|\n|poke|p1|Aegislash, L50, M|\n|poke|p1|Incineroar, L50, F|\n|poke|p2|Milotic, L50, F|\n|poke|p2|Incineroar, L50, F|\n|poke|p2|Meganium, L50, F|\n|poke|p2|Aerodactyl, L50, F|\n|poke|p2|Hydreigon, L50, F|\n|poke|p2|Gengar, L50, M|\n|teampreview|4\n|\n|t:|1776267195\n|teamsize|p1|4\n|teamsize|p2|4\n|start\n|switch|p1a: Aerodactyl|Aerodactyl, L50, M|100/100\n|switch|p1b: Whimsicott|Whimsicott, L50, F|100/100\n|switch|p2a: Milotic|Milotic, L50, F|100/100\n|switch|p2b: Aerodactyl|Aerodactyl, L50, F|100/100\n|-ability|p1a: Aerodactyl|Unnerve\n|turn|1\n|\n|t:|1776267210\n|move|p1b: Whimsicott|Tailwind|p1b: Whimsicott\n|-sidestart|p1: camachojoao|move: Tailwind\n|move|p1a: Aerodactyl|Rock Slide|p2b: Aerodactyl|[spread] p2a,p2b\n|-supereffective|p2b: Aerodactyl|1\n|-damage|p2a: Milotic|73/100\n|-damage|p2b: Aerodactyl|24/100\n|move|p2b: Aerodactyl|Tailwind|p2b: Aerodactyl\n|-sidestart|p2: tikotron3826|move: Tailwind\n|move|p2a: Milotic|Coil|p2a: Milotic\n|-boost|p2a: Milotic|atk|1\n|-boost|p2a: Milotic|def|1\n|-boost|p2a: Milotic|accuracy|1\n|\n|-heal|p2a: Milotic|80/100|[from] item: Leftovers\n|upkeep\n|turn|2\n|\n|t:|1776267239\n|move|p2b: Aerodactyl|Protect|p2b: Aerodactyl\n|-singleturn|p2b: Aerodactyl|Protect\n|move|p1b: Whimsicott|Encore|p2a: Milotic\n|-start|p2a: Milotic|Encore\n|move|p1a: Aerodactyl|Rock Slide|p2b: Aerodactyl|[spread] p2a\n|-activate|p2b: Aerodactyl|move: Protect\n|-damage|p2a: Milotic|60/100\n|move|p2a: Milotic|Coil|p2a: Milotic\n|-boost|p2a: Milotic|atk|1\n|-boost|p2a: Milotic|def|1\n|-boost|p2a: Milotic|accuracy|1\n|\n|-heal|p2a: Milotic|67/100|[from] item: Leftovers\n|upkeep\n|turn|3\n|\n|t:|1776267259\n|switch|p1b: Gardevoir|Gardevoir, L50, M, shiny|100/100\n|move|p1a: Aerodactyl|Rock Slide|p2b: Aerodactyl|[spread] p2a,p2b\n|-supereffective|p2b: Aerodactyl|1\n|-damage|p2a: Milotic|53/100\n|-damage|p2b: Aerodactyl|0 fnt\n|faint|p2b: Aerodactyl\n|cant|p2a: Milotic|flinch\n|\n|-heal|p2a: Milotic|59/100|[from] item: Leftovers\n|upkeep\n|\n|t:|1776267268\n|switch|p2b: Gengar|Gengar, L50, M, shiny|100/100\n|turn|4\n|\n|t:|1776267288\n|detailschange|p1b: Gardevoir|Gardevoir-Mega, L50, M, shiny\n|-mega|p1b: Gardevoir|Gardevoir|Gardevoirite\n|move|p1a: Aerodactyl|Dual Wingbeat|p2b: Gengar\n|-damage|p2b: Gengar|65/100\n|-damage|p2b: Gengar|30/100\n|-hitcount|p2b: Gengar|2\n|move|p2b: Gengar|Sludge Bomb|p1b: Gardevoir\n|-supereffective|p1b: Gardevoir|1\n|-damage|p1b: Gardevoir|25/100\n|move|p1b: Gardevoir|Hyper Voice|p2b: Gengar|[spread] p2a,p2b\n|-resisted|p2b: Gengar|1\n|-damage|p2a: Milotic|15/100\n|-damage|p2b: Gengar|0 fnt\n|faint|p2b: Gengar\n|move|p2a: Milotic|Coil|p2a: Milotic\n|-boost|p2a: Milotic|atk|1\n|-boost|p2a: Milotic|def|1\n|-boost|p2a: Milotic|accuracy|1\n|\n|-heal|p2a: Milotic|21/100|[from] item: Leftovers\n|-end|p2a: Milotic|Encore\n|-sideend|p1: camachojoao|move: Tailwind\n|-sideend|p2: tikotron3826|move: Tailwind\n|upkeep\n|\n|t:|1776267292\n|switch|p2b: Meganium|Meganium, L50, F|100/100\n|turn|5\n|\n|t:|1776267316\n|detailschange|p2b: Meganium|Meganium-Mega, L50, F\n|-mega|p2b: Meganium|Meganium|Meganiumite\n|move|p1a: Aerodactyl|Dual Wingbeat|p2b: Meganium\n|-supereffective|p2b: Meganium|1\n|-damage|p2b: Meganium|64/100\n|-supereffective|p2b: Meganium|1\n|-crit|p2b: Meganium\n|-damage|p2b: Meganium|16/100\n|-hitcount|p2b: Meganium|2\n|move|p1b: Gardevoir|Hyper Voice|p2b: Meganium|[spread] p2a,p2b\n|-damage|p2a: Milotic|0 fnt\n|-damage|p2b: Meganium|0 fnt\n|faint|p2a: Milotic\n|faint|p2b: Meganium\n|\n|win|camachojoao\n|raw|camachojoao's rating: 1000 &rarr; <strong>1047</strong><br />(+47 for winning)\n|raw|tikotron3826's rating: 1057 &rarr; <strong>1035</strong><br />(-22 for losing)\n|c|\u2606camachojoao|gg\n|l|\u2606tikotron3826\n|player|p2|\n",
  "uploadtime": 1776267342,
  "views": 26,
  "formatid": "gen9championsvgc2026regma",
  "rating": 1035,
  "private": 0,
  "password": null
}