{
  "id": "gen9championsvgc2026regma-2588850561",
  "format": "[Gen 9 Champions] VGC 2026 Reg M-A",
  "players": [
    "toksotis2000",
    "s41f"
  ],
  "log": "|j|\u2606toksotis2000\n|j|\u2606s41f\n|t:|1776678437\n|gametype|doubles\n|player|p1|toksotis2000|dawn|1079\n|player|p2|s41f|pokemonbreeder-gen4|1045\n|gen|9\n|tier|[Gen 9 Champions] VGC 2026 Reg M-A\n|rated|\n|rule|Species Clause: Limit one of each Pok\u00e9mon\n|rule|Item Clause: Limit 1 of each item\n|clearpoke\n|poke|p1|Meganium, L50, F|\n|poke|p1|Garchomp, L50, M|\n|poke|p1|Incineroar, L50, M|\n|poke|p1|Maushold-Four, L50|\n|poke|p1|Aegislash, L50, F|\n|poke|p1|Aerodactyl, L50, M|\n|poke|p2|Drampa, L50, F, shiny|\n|poke|p2|Alakazam, L50, F|\n|poke|p2|Sinistcha, L50|\n|poke|p2|Pelipper, L50, M|\n|poke|p2|Basculegion, L50, M, shiny|\n|poke|p2|Scizor, L50, F|\n|teampreview|4\n|\n|t:|1776678458\n|teamsize|p1|4\n|teamsize|p2|4\n|start\n|switch|p1a: Meganium|Meganium, L50, F|100/100\n|switch|p1b: Incineroar|Incineroar, L50, M|100/100\n|switch|p2a: Drampa|Drampa, L50, F, shiny|100/100\n|switch|p2b: Alakazam|Alakazam, L50, F|100/100\n|-ability|p1b: Incineroar|Intimidate|boost\n|-unboost|p2a: Drampa|atk|1\n|-fail|p2b: Alakazam|unboost|Attack|[from] ability: Inner Focus|[of] p2b: Alakazam\n|turn|1\n|\n|t:|1776678487\n|detailschange|p1a: Meganium|Meganium-Mega, L50, F\n|-mega|p1a: Meganium|Meganium|Meganiumite\n|detailschange|p2a: Drampa|Drampa-Mega, L50, F, shiny\n|-mega|p2a: Drampa|Drampa|Drampanite\n|move|p2a: Drampa|Protect|p2a: Drampa\n|-singleturn|p2a: Drampa|Protect\n|move|p1b: Incineroar|Fake Out|p2b: Alakazam\n|-damage|p2b: Alakazam|74/100\n|move|p2b: Alakazam|Light Screen|p2b: Alakazam\n|-sidestart|p2: s41f|move: Light Screen\n|move|p1a: Meganium|Dazzling Gleam|p2b: Alakazam|[spread] p2b\n|-activate|p2a: Drampa|move: Protect\n|-damage|p2b: Alakazam|42/100\n|\n|upkeep\n|turn|2\n|\n|t:|1776678517\n|move|p2b: Alakazam|Speed Swap|p2a: Drampa\n|-activate|p2b: Alakazam|move: Speed Swap|[of] p2a: Drampa\n|move|p2a: Drampa|Calm Mind|p2a: Drampa\n|-boost|p2a: Drampa|spa|1\n|-boost|p2a: Drampa|spd|1\n|move|p1a: Meganium|Dazzling Gleam|p2a: Drampa|[spread] p2a,p2b\n|-supereffective|p2a: Drampa|1\n|-damage|p2a: Drampa|72/100\n|-damage|p2b: Alakazam|9/100\n|move|p1b: Incineroar|Parting Shot|p2a: Drampa\n|-unboost|p2a: Drampa|atk|1\n|-unboost|p2a: Drampa|spa|1\n|\n|t:|1776678531\n|switch|p1b: Aerodactyl|Aerodactyl, L50, M|100/100|[from] Parting Shot\n|-ability|p1b: Aerodactyl|Unnerve\n|\n|upkeep\n|turn|3\n|\n|t:|1776678544\n|move|p1b: Aerodactyl|Tailwind|p1b: Aerodactyl\n|-sidestart|p1: toksotis2000|move: Tailwind\n|move|p1a: Meganium|Dazzling Gleam|p2b: Alakazam|[spread] p2a,p2b\n|-supereffective|p2a: Drampa|1\n|-damage|p2a: Drampa|43/100\n|-damage|p2b: Alakazam|0 fnt\n|faint|p2b: Alakazam\n|-ability|p2a: Drampa|Berserk|boost\n|-boost|p2a: Drampa|spa|1\n|move|p2a: Drampa|Calm Mind|p2a: Drampa\n|-boost|p2a: Drampa|spa|1\n|-boost|p2a: Drampa|spd|1\n|\n|upkeep\n|\n|t:|1776678559\n|switch|p2b: Sinistcha|Sinistcha, L50|100/100\n|-heal|p2a: Drampa|68/100|[from] ability: Hospitality|[of] p2b: Sinistcha\n|turn|4\n|\n|t:|1776678579\n|move|p1b: Aerodactyl|Rock Slide|p2a: Drampa|[spread] p2b\n|-miss|p1b: Aerodactyl|p2a: Drampa\n|-damage|p2b: Sinistcha|83/100\n|move|p1a: Meganium|Weather Ball|p2b: Sinistcha\n|-supereffective|p2b: Sinistcha|1\n|-damage|p2b: Sinistcha|0 fnt\n|faint|p2b: Sinistcha\n|move|p2a: Drampa|Hyper Voice|p1b: Aerodactyl|[spread] p1a,p1b\n|-resisted|p1b: Aerodactyl|1\n|-damage|p1a: Meganium|23/100\n|-damage|p1b: Aerodactyl|39/100\n|\n|upkeep\n|\n|t:|1776678592\n|switch|p2b: Basculegion|Basculegion, L50, M, shiny|100/100\n|turn|5\n|\n|t:|1776678608\n|move|p1b: Aerodactyl|Wide Guard|p1b: Aerodactyl\n|-singleturn|p1b: Aerodactyl|Wide Guard\n|move|p2b: Basculegion|Aqua Jet|p1b: Aerodactyl\n|-supereffective|p1b: Aerodactyl|1\n|-damage|p1b: Aerodactyl|0 fnt\n|faint|p1b: Aerodactyl\n|move|p1a: Meganium|Solar Beam||[still]\n|-prepare|p1a: Meganium|Solar Beam\n|-activate|p1a: Meganium|ability: Mega Sol\n|-anim|p1a: Meganium|Solar Beam|p2b: Basculegion\n|-supereffective|p2b: Basculegion|1\n|-damage|p2b: Basculegion|0 fnt\n|faint|p2b: Basculegion\n|move|p2a: Drampa|Hyper Voice|p1a: Meganium\n|-activate|p1a: Meganium|move: Wide Guard\n|\n|-sideend|p2: s41f|move: Light Screen\n|upkeep\n|\n|t:|1776678626\n|switch|p1b: Incineroar|Incineroar, L50, M|100/100\n|-ability|p1b: Incineroar|Intimidate|boost\n|-unboost|p2a: Drampa|atk|1\n|turn|6\n|\n|t:|1776678639\n|move|p2a: Drampa|Protect|p2a: Drampa\n|-singleturn|p2a: Drampa|Protect\n|move|p1b: Incineroar|Fake Out|p2a: Drampa\n|-activate|p2a: Drampa|move: Protect\n|move|p1a: Meganium|Dazzling Gleam|p2a: Drampa\n|-activate|p2a: Drampa|move: Protect\n|\n|-sideend|p1: toksotis2000|move: Tailwind\n|upkeep\n|turn|7\n|\n|t:|1776678670\n|move|p2a: Drampa|Hyper Voice|p1b: Incineroar|[spread] p1a,p1b\n|-damage|p1a: Meganium|0 fnt\n|-damage|p1b: Incineroar|32/100\n|-enditem|p1b: Incineroar|Sitrus Berry|[eat]\n|-heal|p1b: Incineroar|56/100|[from] item: Sitrus Berry\n|faint|p1a: Meganium\n|move|p1b: Incineroar|Darkest Lariat|p2a: Drampa\n|-damage|p2a: Drampa|36/100\n|-ability|p2a: Drampa|Berserk|boost\n|-boost|p2a: Drampa|spa|1\n|\n|upkeep\n|\n|t:|1776678681\n|switch|p1a: Garchomp|Garchomp, L50, M|100/100\n|turn|8\n|\n|t:|1776678709\n|move|p2a: Drampa|Hyper Voice|p1a: Garchomp|[spread] p1a,p1b\n|-damage|p1a: Garchomp|0 fnt\n|-damage|p1b: Incineroar|0 fnt\n|faint|p1a: Garchomp\n|faint|p1b: Incineroar\n|\n|win|s41f\n|raw|toksotis2000's rating: 1079 &rarr; <strong>1055</strong><br />(-24 for losing)\n|raw|s41f's rating: 1045 &rarr; <strong>1081</strong><br />(+36 for winning)\n",
  "uploadtime": 1776678716,
  "views": 18,
  "formatid": "gen9championsvgc2026regma",
  "rating": 1055,
  "private": 0,
  "password": null
}