{
  "id": "gen9championsvgc2026regma-2580517354",
  "format": "[Gen 9 Champions] VGC 2026 Reg M-A",
  "players": [
    "CHR1SPHX",
    "NathanaelW19"
  ],
  "log": "|j|\u2606CHR1SPHX\n|j|\u2606NathanaelW19\n|t:|1775907739\n|gametype|doubles\n|player|p1|CHR1SPHX|102|1127\n|player|p2|NathanaelW19|dragontamer|1213\n|gen|9\n|tier|[Gen 9 Champions] VGC 2026 Reg M-A\n|rated|\n|rule|Species Clause: Limit one of each Pok\u00e9mon\n|rule|Item Clause: Limit 1 of each item\n|clearpoke\n|poke|p1|Gengar, L50, M|\n|poke|p1|Incineroar, L50, M|\n|poke|p1|Pelipper, L50, M|\n|poke|p1|Sneasler, L50, M|\n|poke|p1|Garchomp, L50, M|\n|poke|p1|Sinistcha-Masterpiece, L50|\n|poke|p2|Charizard, L50, F|\n|poke|p2|Venusaur, L50, M|\n|poke|p2|Garchomp, L50, F|\n|poke|p2|Whimsicott, L50, M|\n|poke|p2|Incineroar, L50, F|\n|poke|p2|Sneasler, L50, F|\n|teampreview|4\n|inactive|Battle timer is ON: inactive players will automatically lose when time's up. (requested by NathanaelW19)\n|inactive|CHR1SPHX also wants the timer to be on.\n|\n|t:|1775907772\n|teamsize|p1|4\n|teamsize|p2|4\n|start\n|switch|p1a: Incineroar|Incineroar, L50, M|100/100\n|switch|p1b: Gengar|Gengar, L50, M, shiny|100/100\n|switch|p2a: Sneasler|Sneasler, L50, F|100/100\n|switch|p2b: Venusaur|Venusaur, L50, M, shiny|100/100\n|-ability|p1a: Incineroar|Intimidate|boost\n|-unboost|p2a: Sneasler|atk|1\n|-unboost|p2b: Venusaur|atk|1\n|-enditem|p2a: Sneasler|White Herb\n|-clearnegativeboost|p2a: Sneasler|[silent]\n|turn|1\n|inactive|CHR1SPHX has 30 seconds left.\n|\n|t:|1775907801\n|switch|p1a: Garchomp|Garchomp, L50, M|100/100\n|detailschange|p1b: Gengar|Gengar-Mega, L50, M, shiny\n|-mega|p1b: Gengar|Gengar|Gengarite\n|move|p1b: Gengar|Protect|p1b: Gengar\n|-singleturn|p1b: Gengar|Protect\n|move|p2a: Sneasler|Fake Out|p1a: Garchomp\n|-damage|p1a: Garchomp|86/100\n|-damage|p2a: Sneasler|88/100|[from] ability: Rough Skin|[of] p1a: Garchomp\n|move|p2b: Venusaur|Sleep Powder|p1b: Gengar\n|-activate|p1b: Gengar|move: Protect\n|\n|upkeep\n|turn|2\n|\n|t:|1775907827\n|move|p2b: Venusaur|Protect|p2b: Venusaur\n|-singleturn|p2b: Venusaur|Protect\n|move|p2a: Sneasler|Close Combat|p1a: Garchomp\n|-damage|p1a: Garchomp|22/100\n|-unboost|p2a: Sneasler|def|1\n|-unboost|p2a: Sneasler|spd|1\n|-damage|p2a: Sneasler|76/100|[from] ability: Rough Skin|[of] p1a: Garchomp\n|move|p1a: Garchomp|Dragon Claw|p2b: Venusaur\n|-activate|p2b: Venusaur|move: Protect\n|move|p1b: Gengar|Substitute|p1b: Gengar\n|-start|p1b: Gengar|Substitute\n|-damage|p1b: Gengar|76/100\n|\n|upkeep\n|turn|3\n|\n|t:|1775907838\n|move|p2a: Sneasler|Close Combat|p1a: Garchomp\n|-damage|p1a: Garchomp|0 fnt\n|-unboost|p2a: Sneasler|def|1\n|-unboost|p2a: Sneasler|spd|1\n|-damage|p2a: Sneasler|64/100|[from] ability: Rough Skin|[of] p1a: Garchomp\n|faint|p1a: Garchomp\n|move|p1b: Gengar|Sludge Bomb|p2b: Venusaur\n|-damage|p2b: Venusaur|42/100\n|move|p2b: Venusaur|Sludge Bomb|p1b: Gengar\n|-resisted|p1b: Gengar|2\n|-activate|p1b: Gengar|move: Substitute|[damage]\n|\n|upkeep\n|\n|t:|1775907843\n|switch|p1a: Incineroar|Incineroar, L50, M|100/100\n|-ability|p1a: Incineroar|Intimidate|boost\n|-unboost|p2a: Sneasler|atk|1\n|-unboost|p2b: Venusaur|atk|1\n|turn|4\n|\n|t:|1775907851\n|move|p2a: Sneasler|Protect|p2a: Sneasler\n|-singleturn|p2a: Sneasler|Protect\n|move|p2b: Venusaur|Protect|p2b: Venusaur\n|-singleturn|p2b: Venusaur|Protect\n|move|p1b: Gengar|Shadow Ball|p2a: Sneasler\n|-activate|p2a: Sneasler|move: Protect\n|move|p1a: Incineroar|Taunt|p2b: Venusaur\n|-activate|p2b: Venusaur|move: Protect\n|\n|upkeep\n|turn|5\n|\n|t:|1775907856\n|move|p2a: Sneasler|Close Combat|p1a: Incineroar\n|-supereffective|p1a: Incineroar|1\n|-damage|p1a: Incineroar|24/100\n|-unboost|p2a: Sneasler|def|1\n|-unboost|p2a: Sneasler|spd|1\n|move|p1b: Gengar|Shadow Ball|p2a: Sneasler\n|-damage|p2a: Sneasler|0 fnt\n|faint|p2a: Sneasler\n|move|p2b: Venusaur|Sludge Bomb|p1a: Incineroar\n|-damage|p1a: Incineroar|0 fnt\n|faint|p1a: Incineroar\n|\n|upkeep\n|\n|t:|1775907867\n|switch|p2a: Garchomp|Garchomp, L50, F|100/100\n|switch|p1a: Pelipper|Pelipper, L50, M|100/100\n|-weather|RainDance|[from] ability: Drizzle|[of] p1a: Pelipper\n|turn|6\n|inactive|CHR1SPHX has 30 seconds left.\n|\n|t:|1775907896\n|move|p1b: Gengar|Protect|p1b: Gengar\n|-singleturn|p1b: Gengar|Protect\n|move|p2a: Garchomp|Rock Slide|p1b: Gengar|[spread] p1a\n|-activate|p1b: Gengar|move: Protect\n|-supereffective|p1a: Pelipper|1\n|-damage|p1a: Pelipper|57/100\n|move|p2b: Venusaur|Sleep Powder|p1a: Pelipper|[miss]\n|-miss|p2b: Venusaur|p1a: Pelipper\n|move|p1a: Pelipper|Tailwind|p1a: Pelipper\n|-sidestart|p1: CHR1SPHX|move: Tailwind\n|\n|-weather|RainDance|[upkeep]\n|-heal|p1a: Pelipper|63/100|[from] item: Leftovers\n|upkeep\n|turn|7\n|\n|t:|1775907911\n|move|p1b: Gengar|Shadow Ball|p2a: Garchomp\n|-damage|p2a: Garchomp|51/100\n|move|p2a: Garchomp|Rock Slide|p1b: Gengar|[spread] p1a,p1b\n|-end|p1b: Gengar|Substitute\n|-supereffective|p1a: Pelipper|1\n|-damage|p1a: Pelipper|17/100\n|move|p1a: Pelipper|Hurricane|p2b: Venusaur\n|-supereffective|p2b: Venusaur|1\n|-damage|p2b: Venusaur|0 fnt\n|faint|p2b: Venusaur\n|\n|-weather|RainDance|[upkeep]\n|-heal|p1a: Pelipper|23/100|[from] item: Leftovers\n|upkeep\n|c|\u2606NathanaelW19|I have missed every time lmao\n|\n|t:|1775907919\n|switch|p2b: Charizard|Charizard, L50, F, shiny|100/100\n|turn|8\n|inactive|CHR1SPHX has 30 seconds left.\n|inactive|CHR1SPHX has 20 seconds left.\n|\n|t:|1775907955\n|detailschange|p2b: Charizard|Charizard-Mega-Y, L50, F, shiny\n|-mega|p2b: Charizard|Charizard|Charizardite Y\n|-weather|SunnyDay|[from] ability: Drought|[of] p2b: Charizard\n|move|p1b: Gengar|Shadow Ball|p2a: Garchomp\n|-damage|p2a: Garchomp|0 fnt\n|faint|p2a: Garchomp\n|move|p1a: Pelipper|Hurricane|p2b: Charizard\n|-damage|p2b: Charizard|63/100\n|-start|p2b: Charizard|confusion\n|-activate|p2b: Charizard|confusion\n|-damage|p2b: Charizard|51/100|[from] confusion\n|\n|-weather|SunnyDay|[upkeep]\n|-heal|p1a: Pelipper|29/100|[from] item: Leftovers\n|upkeep\n|turn|9\n|\n|t:|1775907966\n|-activate|p2b: Charizard|confusion\n|move|p2b: Charizard|Protect|p2b: Charizard\n|-singleturn|p2b: Charizard|Protect\n|move|p1b: Gengar|Sludge Bomb|p2b: Charizard\n|-activate|p2b: Charizard|move: Protect\n|move|p1a: Pelipper|Hurricane|p2b: Charizard\n|-activate|p2b: Charizard|move: Protect\n|\n|-weather|SunnyDay|[upkeep]\n|-heal|p1a: Pelipper|35/100|[from] item: Leftovers\n|-sideend|p1: CHR1SPHX|move: Tailwind\n|upkeep\n|turn|10\n|\n|t:|1775907972\n|move|p1b: Gengar|Shadow Ball|p2b: Charizard\n|-damage|p2b: Charizard|3/100\n|-activate|p2b: Charizard|confusion\n|move|p2b: Charizard|Heat Wave|p1b: Gengar|[spread] p1a,p1b\n|-resisted|p1a: Pelipper|1\n|-damage|p1a: Pelipper|2/100\n|-damage|p1b: Gengar|0 fnt\n|faint|p1b: Gengar\n|move|p1a: Pelipper|Hurricane|p2b: Charizard|[miss]\n|-miss|p1a: Pelipper|p2b: Charizard\n|\n|-weather|SunnyDay|[upkeep]\n|-heal|p1a: Pelipper|8/100|[from] item: Leftovers\n|upkeep\n|turn|11\n|c|\u2606CHR1SPHX|no fucking gay\n|c|\u2606NathanaelW19|Ggs\n|c|\u2606CHR1SPHX|way\n|c|\u2606CHR1SPHX|I missclicked sludge bomb\n|c|\u2606NathanaelW19|Ah damn\n|\n|t:|1775907988\n|-activate|p2b: Charizard|confusion\n|move|p2b: Charizard|Protect|p2b: Charizard\n|-singleturn|p2b: Charizard|Protect\n|move|p1a: Pelipper|Hurricane|p2b: Charizard\n|-activate|p2b: Charizard|move: Protect\n|\n|-weather|SunnyDay|[upkeep]\n|-heal|p1a: Pelipper|14/100|[from] item: Leftovers\n|upkeep\n|turn|12\n|c|\u2606NathanaelW19|Im still confused might still die lol\n|\n|t:|1775908000\n|-end|p2b: Charizard|confusion\n|move|p2b: Charizard|Weather Ball|p1a: Pelipper\n|-resisted|p1a: Pelipper|1\n|-damage|p1a: Pelipper|0 fnt\n|faint|p1a: Pelipper\n|\n|win|NathanaelW19\n",
  "uploadtime": 1775907978,
  "views": 12,
  "formatid": "gen9championsvgc2026regma",
  "rating": null,
  "private": 0,
  "password": null
}