{
  "id": "gen9championsvgc2026regma-2587166854",
  "format": "[Gen 9 Champions] VGC 2026 Reg M-A",
  "players": [
    "porterojuvenil",
    "KumaTsouX"
  ],
  "log": "|j|\u2606porterojuvenil\n|j|\u2606KumaTsouX\n|t:|1776503231\n|gametype|doubles\n|player|p1|porterojuvenil|169|1087\n|player|p2|KumaTsouX|cheren|1000\n|gen|9\n|tier|[Gen 9 Champions] VGC 2026 Reg M-A\n|rated|\n|rule|Species Clause: Limit one of each Pok\u00e9mon\n|rule|Item Clause: Limit 1 of each item\n|clearpoke\n|poke|p1|Kangaskhan, L50, F|\n|poke|p1|Milotic, L50, M|\n|poke|p1|Torkoal, L50, M|\n|poke|p1|Venusaur, L50, F|\n|poke|p1|Mimikyu, L50, F|\n|poke|p1|Kingambit, L50, M|\n|poke|p2|Froslass, L50, F|\n|poke|p2|Sneasler, L50, F|\n|poke|p2|Talonflame, L50, M|\n|poke|p2|Rotom-Frost, L50|\n|poke|p2|Garchomp, L50, M|\n|poke|p2|Kingambit, L50, M|\n|teampreview|4\n|\n|t:|1776503283\n|teamsize|p1|4\n|teamsize|p2|4\n|start\n|switch|p1a: Mimikyu|Mimikyu, L50, F|100/100\n|switch|p1b: Milotic|Milotic, L50, M|100/100\n|switch|p2a: Talonflame|Talonflame, L50, M|100/100\n|switch|p2b: Froslass|Froslass, L50, F|100/100\n|turn|1\n|\n|t:|1776503308\n|detailschange|p2b: Froslass|Froslass-Mega, L50, F\n|-mega|p2b: Froslass|Froslass|Froslassite\n|-weather|Snowscape|[from] ability: Snow Warning|[of] p2b: Froslass\n|move|p2a: Talonflame|Protect|p2a: Talonflame\n|-singleturn|p2a: Talonflame|Protect\n|move|p2b: Froslass|Aurora Veil|p2b: Froslass\n|-sidestart|p2: KumaTsouX|move: Aurora Veil\n|move|p1b: Milotic|Muddy Water|p2a: Talonflame|[spread] p2b\n|-activate|p2a: Talonflame|move: Protect\n|-damage|p2b: Froslass|79/100\n|-unboost|p2b: Froslass|accuracy|1\n|move|p1a: Mimikyu|Trick Room|p1a: Mimikyu\n|-fieldstart|move: Trick Room|[of] p1a: Mimikyu\n|\n|-weather|Snowscape|[upkeep]\n|upkeep\n|turn|2\n|\n|t:|1776503364\n|move|p2a: Talonflame|Brave Bird|p1b: Milotic\n|-damage|p1b: Milotic|42/100\n|-damage|p2a: Talonflame|79/100|[from] Recoil\n|move|p1b: Milotic|Muddy Water|p2b: Froslass|[spread] p2a,p2b\n|-supereffective|p2a: Talonflame|1\n|-damage|p2a: Talonflame|17/100\n|-damage|p2b: Froslass|58/100\n|-unboost|p2a: Talonflame|accuracy|1\n|move|p1a: Mimikyu|Shadow Claw|p2b: Froslass\n|-supereffective|p2b: Froslass|1\n|-damage|p2b: Froslass|11/100\n|move|p2b: Froslass|Shadow Ball|p1a: Mimikyu\n|-activate|p1a: Mimikyu|ability: Disguise\n|-damage|p1a: Mimikyu|100/100\n|detailschange|p1a: Mimikyu|Mimikyu-Busted, L50, F\n|-damage|p1a: Mimikyu|88/100|[from] pokemon: Mimikyu-Busted\n|\n|-weather|Snowscape|[upkeep]\n|-heal|p1b: Milotic|48/100|[from] item: Leftovers\n|upkeep\n|turn|3\n|\n|t:|1776503408\n|move|p2a: Talonflame|Protect|p2a: Talonflame\n|-singleturn|p2a: Talonflame|Protect\n|move|p2b: Froslass|Protect|p2b: Froslass\n|-singleturn|p2b: Froslass|Protect\n|move|p1b: Milotic|Muddy Water|p2b: Froslass|[spread] \n|-activate|p2a: Talonflame|move: Protect\n|-activate|p2b: Froslass|move: Protect\n|move|p1a: Mimikyu|Shadow Claw|p2b: Froslass\n|-activate|p2b: Froslass|move: Protect\n|\n|-weather|Snowscape|[upkeep]\n|-heal|p1b: Milotic|53/100|[from] item: Leftovers\n|upkeep\n|turn|4\n|\n|t:|1776503476\n|switch|p2a: Garchomp|Garchomp, L50, M|100/100\n|switch|p2b: Sneasler|Sneasler, L50, F|100/100\n|move|p1b: Milotic|Muddy Water|p2a: Garchomp|[spread] p2a\n|-miss|p1b: Milotic|p2b: Sneasler\n|-damage|p2a: Garchomp|78/100\n|move|p1a: Mimikyu|Shadow Claw|p2b: Sneasler\n|-crit|p2b: Sneasler\n|-damage|p2b: Sneasler|12/100\n|\n|-weather|Snowscape|[upkeep]\n|-heal|p1b: Milotic|59/100|[from] item: Leftovers\n|upkeep\n|turn|5\n|\n|t:|1776503514\n|move|p2a: Garchomp|Protect|p2a: Garchomp\n|-singleturn|p2a: Garchomp|Protect\n|move|p2b: Sneasler|Fake Out|p1b: Milotic\n|-damage|p1b: Milotic|39/100\n|cant|p1b: Milotic|flinch\n|move|p1a: Mimikyu|Play Rough|p2a: Garchomp\n|-activate|p2a: Garchomp|move: Protect\n|\n|-weather|none\n|-heal|p1b: Milotic|45/100|[from] item: Leftovers\n|-sideend|p2: KumaTsouX|move: Aurora Veil\n|-fieldend|move: Trick Room\n|upkeep\n|turn|6\n|inactive|Battle timer is ON: inactive players will automatically lose when time's up. (requested by porterojuvenil)\n|\n|t:|1776503587\n|move|p2b: Sneasler|Dire Claw|p1a: Mimikyu\n|-damage|p1a: Mimikyu|14/100\n|move|p2a: Garchomp|Earthquake|p1b: Milotic|[spread] p2b,p1a,p1b\n|-supereffective|p2b: Sneasler|1\n|-damage|p2b: Sneasler|0 fnt\n|-damage|p1a: Mimikyu|0 fnt\n|-damage|p1b: Milotic|0 fnt\n|faint|p2b: Sneasler\n|faint|p1a: Mimikyu\n|faint|p1b: Milotic\n|\n|upkeep\n|\n|t:|1776503604\n|switch|p2b: Talonflame|Talonflame, L50, M|17/100\n|switch|p1a: Kangaskhan|Kangaskhan, L50, F|100/100\n|switch|p1b: Torkoal|Torkoal, L50, M|100/100\n|-weather|SunnyDay|[from] ability: Drought|[of] p1b: Torkoal\n|turn|7\n|\n|t:|1776503622\n|detailschange|p1a: Kangaskhan|Kangaskhan-Mega, L50, F\n|-mega|p1a: Kangaskhan|Kangaskhan|Kangaskhanite\n|move|p2a: Garchomp|Protect|p2a: Garchomp\n|-singleturn|p2a: Garchomp|Protect\n|move|p1a: Kangaskhan|Fake Out|p2a: Garchomp\n|-activate|p2a: Garchomp|move: Protect\n|move|p2b: Talonflame|Tailwind|p2b: Talonflame\n|-sidestart|p2: KumaTsouX|move: Tailwind\n|move|p1b: Torkoal|Eruption|p2b: Talonflame|[spread] p2b\n|-activate|p2a: Garchomp|move: Protect\n|-resisted|p2b: Talonflame|1\n|-damage|p2b: Talonflame|0 fnt\n|faint|p2b: Talonflame\n|\n|-weather|SunnyDay|[upkeep]\n|upkeep\n|\n|t:|1776503636\n|switch|p2b: Froslass|Froslass-Mega, L50, F|11/100\n|-weather|Snowscape|[from] ability: Snow Warning|[of] p2b: Froslass\n|turn|8\n|inactive|KumaTsouX has 30 seconds left.\n|\n|t:|1776503662\n|move|p2b: Froslass|Protect|p2b: Froslass\n|-singleturn|p2b: Froslass|Protect\n|move|p2a: Garchomp|Rock Slide|p1b: Torkoal|[spread] p1b\n|-miss|p2a: Garchomp|p1a: Kangaskhan\n|-supereffective|p1b: Torkoal|1\n|-damage|p1b: Torkoal|71/100\n|move|p1a: Kangaskhan|Double-Edge|p2a: Garchomp\n|-damage|p2a: Garchomp|12/100\n|-damage|p1a: Kangaskhan|88/100|[from] ability: Rough Skin|[of] p2a: Garchomp\n|-enditem|p2a: Garchomp|Sitrus Berry|[eat]\n|-heal|p2a: Garchomp|37/100|[from] item: Sitrus Berry\n|-damage|p2a: Garchomp|22/100\n|-damage|p1a: Kangaskhan|76/100|[from] ability: Rough Skin|[of] p2a: Garchomp\n|-hitcount|p2a: Garchomp|2\n|-damage|p1a: Kangaskhan|49/100|[from] Recoil\n|move|p1b: Torkoal|Heat Wave|p2b: Froslass|[spread] p2a\n|-activate|p2b: Froslass|move: Protect\n|-resisted|p2a: Garchomp|1\n|-damage|p2a: Garchomp|2/100\n|\n|-weather|Snowscape|[upkeep]\n|upkeep\n|turn|9\n|inactive|KumaTsouX has 30 seconds left.\n|\n|t:|1776503694\n|move|p2b: Froslass|Blizzard|p1b: Torkoal|[spread] p1a,p1b\n|-resisted|p1b: Torkoal|1\n|-damage|p1a: Kangaskhan|1/100\n|-damage|p1b: Torkoal|41/100\n|move|p2a: Garchomp|Rock Slide|p1b: Torkoal|[spread] p1a,p1b\n|-supereffective|p1b: Torkoal|1\n|-damage|p1a: Kangaskhan|0 fnt\n|-damage|p1b: Torkoal|12/100\n|faint|p1a: Kangaskhan\n|cant|p1b: Torkoal|flinch\n|\n|-weather|Snowscape|[upkeep]\n|upkeep\n|turn|10\n|\n|t:|1776503709\n|move|p2b: Froslass|Shadow Ball|p1b: Torkoal\n|-damage|p1b: Torkoal|0 fnt\n|faint|p1b: Torkoal\n|\n|win|KumaTsouX\n|raw|porterojuvenil's rating: 1087 &rarr; <strong>1058</strong><br />(-29 for losing)\n|raw|KumaTsouX's rating: 1000 &rarr; <strong>1050</strong><br />(+50 for winning)\n|l|\u2606porterojuvenil\n|player|p1|\n",
  "uploadtime": 1776503723,
  "views": 15,
  "formatid": "gen9championsvgc2026regma",
  "rating": 1050,
  "private": 0,
  "password": null
}