{
  "id": "gen9championsvgc2026regma-2586501176",
  "format": "[Gen 9 Champions] VGC 2026 Reg M-A",
  "players": [
    "marcos005ok",
    "capacete5"
  ],
  "log": "|j|\u2606marcos005ok\n|j|\u2606capacete5\n|t:|1776439021\n|gametype|doubles\n|player|p1|marcos005ok|cynthia|1085\n|player|p2|capacete5|byron|1000\n|gen|9\n|tier|[Gen 9 Champions] VGC 2026 Reg M-A\n|rated|\n|rule|Species Clause: Limit one of each Pok\u00e9mon\n|rule|Item Clause: Limit 1 of each item\n|clearpoke\n|poke|p1|Tyranitar, L50, F|\n|poke|p1|Starmie, L50|\n|poke|p1|Excadrill, L50, F|\n|poke|p1|Milotic, L50, F|\n|poke|p1|Volcarona, L50, M|\n|poke|p1|Klefki, L50, F|\n|poke|p2|Charizard, L50, M|\n|poke|p2|Venusaur, L50, F|\n|poke|p2|Garchomp, L50, F|\n|poke|p2|Rotom-Wash, L50|\n|poke|p2|Sneasler, L50, F|\n|poke|p2|Incineroar, L50, M|\n|teampreview|4\n|inactive|Battle timer is ON: inactive players will automatically lose when time's up. (requested by capacete5)\n|inactive|marcos005ok has 60 seconds left.\n|inactive|capacete5 has 60 seconds left.\ncapacete5 has agreed to open team sheets.\n|inactive|marcos005ok has 30 seconds left.\n|inactive|marcos005ok has 20 seconds left.\n|inactive|marcos005ok has 15 seconds left.\n|inactive|marcos005ok has 10 seconds left.\n|\n|t:|1776439106\n|teamsize|p1|4\n|teamsize|p2|4\n|start\n|switch|p1a: Tyranitar|Tyranitar, L50, F|100/100\n|switch|p1b: Starmie|Starmie, L50|100/100\n|switch|p2a: Charizard|Charizard, L50, M|100/100\n|switch|p2b: Garchomp|Garchomp, L50, F|100/100\n|-weather|Sandstorm|[from] ability: Sand Stream|[of] p1a: Tyranitar\n|turn|1\n|inactive|capacete5 has 30 seconds left.\n|\n|t:|1776439132\n|detailschange|p1b: Starmie|Starmie-Mega, L50\n|-mega|p1b: Starmie|Starmie|Starminite\n|detailschange|p2a: Charizard|Charizard-Mega-Y, L50, M\n|-mega|p2a: Charizard|Charizard|Charizardite Y\n|-weather|SunnyDay|[from] ability: Drought|[of] p2a: Charizard\n|move|p2b: Garchomp|Earthquake|p1a: Tyranitar|[spread] p1a,p1b\n|-immune|p2a: Charizard\n|-supereffective|p1a: Tyranitar|1\n|-damage|p1a: Tyranitar|11/100\n|-damage|p1b: Starmie|58/100\n|move|p1b: Starmie|Skill Swap|p1a: Tyranitar\n|-activate|p1b: Starmie|Skill Swap|||[of] p1a: Tyranitar\n|-weather|Sandstorm|[from] ability: Sand Stream|[of] p1b: Starmie\n|move|p1a: Tyranitar|Rock Slide|p2a: Charizard|[spread] p2a,p2b\n|-supereffective|p2a: Charizard|2\n|-resisted|p2b: Garchomp|1\n|-damage|p2a: Charizard|0 fnt\n|-damage|p2b: Garchomp|71/100\n|faint|p2a: Charizard\n|\n|-weather|Sandstorm|[upkeep]\n|-damage|p1b: Starmie|51/100|[from] Sandstorm\n|upkeep\n|\n|t:|1776439153\n|switch|p2a: Rotom|Rotom-Wash, L50|100/100\n|turn|2\n|\n|t:|1776439170\n|switch|p1a: Milotic|Milotic, L50, F|100/100\n|move|p2b: Garchomp|Earthquake|p1b: Starmie|[spread] p1a,p1b\n|-immune|p2a: Rotom|[from] ability: Levitate\n|-crit|p1a: Milotic\n|-damage|p1a: Milotic|35/100\n|-damage|p1b: Starmie|9/100\n|move|p1b: Starmie|Icy Wind|p2b: Garchomp|[spread] p2b\n|-miss|p1b: Starmie|p2a: Rotom\n|-supereffective|p2b: Garchomp|2\n|-damage|p2b: Garchomp|22/100\n|-unboost|p2b: Garchomp|spe|1\n|move|p2a: Rotom|Thunderbolt|p1b: Starmie\n|-supereffective|p1b: Starmie|1\n|-damage|p1b: Starmie|0 fnt\n|faint|p1b: Starmie\n|\n|-weather|Sandstorm|[upkeep]\n|-damage|p2a: Rotom|95/100|[from] Sandstorm\n|-damage|p1a: Milotic|29/100|[from] Sandstorm\n|-heal|p2a: Rotom|100/100|[from] item: Leftovers\n|upkeep\n|\n|t:|1776439181\n|switch|p1b: Tyranitar|Tyranitar, L50, F|11/100\n|turn|3\n|\n|t:|1776439194\n|switch|p2b: Incineroar|Incineroar, L50, M|100/100\n|-ability|p2b: Incineroar|Intimidate|boost\n|-unboost|p1a: Milotic|atk|1\n|-ability|p1a: Milotic|Competitive|boost\n|-boost|p1a: Milotic|spa|2\n|-unboost|p1b: Tyranitar|atk|1\n|move|p2a: Rotom|Protect|p2a: Rotom\n|-singleturn|p2a: Rotom|Protect\n|move|p1b: Tyranitar|Rock Slide|p2b: Incineroar|[spread] p2b\n|-activate|p2a: Rotom|move: Protect\n|-supereffective|p2b: Incineroar|1\n|-damage|p2b: Incineroar|65/100\n|move|p1a: Milotic|Icy Wind|p2a: Rotom|[spread] p2b\n|-activate|p2a: Rotom|move: Protect\n|-resisted|p2b: Incineroar|1\n|-damage|p2b: Incineroar|52/100\n|-unboost|p2b: Incineroar|spe|1\n|\n|-weather|Sandstorm|[upkeep]\n|-damage|p2a: Rotom|95/100|[from] Sandstorm\n|-damage|p1a: Milotic|23/100|[from] Sandstorm\n|-damage|p2b: Incineroar|47/100|[from] Sandstorm\n|-enditem|p2b: Incineroar|Sitrus Berry|[eat]\n|-heal|p2b: Incineroar|71/100|[from] item: Sitrus Berry\n|-heal|p2a: Rotom|100/100|[from] item: Leftovers\n|upkeep\n|turn|4\n|inactive|capacete5 has 30 seconds left.\n|inactive|capacete5 has 20 seconds left.\n|\n|t:|1776439231\n|move|p2b: Incineroar|Fake Out|p1a: Milotic\n|-damage|p1a: Milotic|9/100\n|move|p1b: Tyranitar|Rock Slide|p2a: Rotom|[spread] p2a,p2b\n|-supereffective|p2b: Incineroar|1\n|-damage|p2a: Rotom|83/100\n|-damage|p2b: Incineroar|35/100\n|move|p2a: Rotom|Thunderbolt|p1a: Milotic\n|-supereffective|p1a: Milotic|1\n|-damage|p1a: Milotic|0 fnt\n|faint|p1a: Milotic\n|\n|-weather|Sandstorm|[upkeep]\n|-damage|p2a: Rotom|77/100|[from] Sandstorm\n|-damage|p2b: Incineroar|29/100|[from] Sandstorm\n|-heal|p2a: Rotom|83/100|[from] item: Leftovers\n|upkeep\n|\n|t:|1776439238\n|switch|p1a: Klefki|Klefki, L50, F|100/100\n|turn|5\n|\n|t:|1776439257\n|move|p1b: Tyranitar|Rock Slide|p2b: Incineroar|[spread] p2a,p2b\n|-supereffective|p2b: Incineroar|1\n|-damage|p2a: Rotom|63/100\n|-damage|p2b: Incineroar|0 fnt\n|faint|p2b: Incineroar\n|move|p2a: Rotom|Hydro Pump|p1b: Tyranitar\n|-supereffective|p1b: Tyranitar|1\n|-damage|p1b: Tyranitar|0 fnt\n|faint|p1b: Tyranitar\n|move|p1a: Klefki|Dazzling Gleam|p2a: Rotom\n|-damage|p2a: Rotom|40/100\n|\n|-weather|none\n|-heal|p2a: Rotom|46/100|[from] item: Leftovers\n|upkeep\n|\n|t:|1776439269\n|switch|p2b: Garchomp|Garchomp, L50, F|22/100\n|turn|6\n|inactive|marcos005ok has 30 seconds left.\n|inactive|marcos005ok has 20 seconds left.\n|\n|t:|1776439306\n|move|p2b: Garchomp|Earthquake|p1a: Klefki|[spread] p1a\n|-immune|p2a: Rotom|[from] ability: Levitate\n|-supereffective|p1a: Klefki|1\n|-damage|p1a: Klefki|27/100\n|move|p2a: Rotom|Thunderbolt|p1a: Klefki\n|-damage|p1a: Klefki|0 fnt\n|faint|p1a: Klefki\n|\n|win|capacete5\n|raw|marcos005ok's rating: 1085 &rarr; <strong>1057</strong><br />(-28 for losing)\n|raw|capacete5's rating: 1000 &rarr; <strong>1050</strong><br />(+50 for winning)\n",
  "uploadtime": 1776439307,
  "views": 20,
  "formatid": "gen9championsvgc2026regma",
  "rating": 1050,
  "private": 0,
  "password": null
}