{
  "id": "gen9championsvgc2026regma-2586702163",
  "format": "[Gen 9 Champions] VGC 2026 Reg M-A",
  "players": [
    "6trom",
    "alexwindigo"
  ],
  "log": "|j|\u26066trom\n|j|\u2606alexwindigo\n|t:|1776453336\n|gametype|doubles\n|player|p1|6trom|bruno|1118\n|player|p2|alexwindigo|265|1053\n|gen|9\n|tier|[Gen 9 Champions] VGC 2026 Reg M-A\n|rated|\n|rule|Species Clause: Limit one of each Pok\u00e9mon\n|rule|Item Clause: Limit 1 of each item\n|clearpoke\n|poke|p1|Sinistcha-Masterpiece, L50|\n|poke|p1|Whimsicott, L50, F|\n|poke|p1|Gallade, L50, M|\n|poke|p1|Chandelure, L50, M|\n|poke|p1|Arcanine, L50, M|\n|poke|p1|Tyranitar, L50, M|\n|poke|p2|Sableye, L50, M|\n|poke|p2|Gengar, L50, M|\n|poke|p2|Sinistcha-Masterpiece, L50|\n|poke|p2|Clefable, L50, F|\n|poke|p2|Incineroar, L50, F|\n|poke|p2|Medicham, L50, F|\n|teampreview|4\n6trom rejected open team sheets.\n|\n|t:|1776453352\n|teamsize|p1|4\n|teamsize|p2|4\n|start\n|switch|p1a: Whimsicott|Whimsicott, L50, F, shiny|100/100\n|switch|p1b: Chandelure|Chandelure, L50, M|100/100\n|switch|p2a: Gengar|Gengar, L50, M|100/100\n|switch|p2b: Sinistcha|Sinistcha-Masterpiece, L50|100/100\n|turn|1\n|\n|t:|1776453368\n|detailschange|p2a: Gengar|Gengar-Mega, L50, M\n|-mega|p2a: Gengar|Gengar|Gengarite\n|detailschange|p1b: Chandelure|Chandelure-Mega, L50, M\n|-mega|p1b: Chandelure|Chandelure|Chandelurite\n|move|p2b: Sinistcha|Rage Powder|p2b: Sinistcha\n|-singleturn|p2b: Sinistcha|move: Rage Powder\n|move|p1a: Whimsicott|Tailwind|p1a: Whimsicott\n|-sidestart|p1: 6trom|move: Tailwind\n|move|p1b: Chandelure|Shadow Ball|p2b: Sinistcha\n|-supereffective|p2b: Sinistcha|1\n|-damage|p2b: Sinistcha|0 fnt\n|faint|p2b: Sinistcha\n|move|p2a: Gengar|Perish Song|p2a: Gengar\n|-start|p1a: Whimsicott|perish3|[silent]\n|-start|p1b: Chandelure|perish3|[silent]\n|-start|p2a: Gengar|perish3|[silent]\n|-fieldactivate|move: Perish Song\n|\n|-start|p1b: Chandelure|perish3\n|-start|p1a: Whimsicott|perish3\n|-start|p2a: Gengar|perish3\n|upkeep\n|\n|t:|1776453385\n|switch|p2b: Clefable|Clefable, L50, F|100/100\n|turn|2\n|\n|t:|1776453395\n|move|p2b: Clefable|Follow Me|p2b: Clefable\n|-singleturn|p2b: Clefable|move: Follow Me\n|move|p1b: Chandelure|Shadow Ball|p2b: Clefable\n|-damage|p2b: Clefable|56/100\n|-unboost|p2b: Clefable|spd|1\n|move|p1a: Whimsicott|Dazzling Gleam|p2b: Clefable|[spread] p2a,p2b\n|-resisted|p2a: Gengar|1\n|-damage|p2a: Gengar|91/100\n|-damage|p2b: Clefable|35/100\n|-enditem|p2b: Clefable|Sitrus Berry|[eat]\n|-heal|p2b: Clefable|59/100|[from] item: Sitrus Berry\n|move|p2a: Gengar|Shadow Ball|p1b: Chandelure\n|-supereffective|p1b: Chandelure|1\n|-damage|p1b: Chandelure|1/100\n|\n|-start|p1b: Chandelure|perish2\n|-start|p1a: Whimsicott|perish2\n|-start|p2a: Gengar|perish2\n|upkeep\n|turn|3\n|\n|t:|1776453420\n|move|p2a: Gengar|Protect|p2a: Gengar\n|-singleturn|p2a: Gengar|Protect\n|move|p2b: Clefable|Protect|p2b: Clefable\n|-singleturn|p2b: Clefable|Protect\n|move|p1b: Chandelure|Heat Wave|p2b: Clefable|[spread] \n|-activate|p2a: Gengar|move: Protect\n|-activate|p2b: Clefable|move: Protect\n|move|p1a: Whimsicott|Dazzling Gleam|p2a: Gengar|[spread] \n|-activate|p2a: Gengar|move: Protect\n|-activate|p2b: Clefable|move: Protect\n|\n|-start|p1b: Chandelure|perish1\n|-start|p1a: Whimsicott|perish1\n|-start|p2a: Gengar|perish1\n|upkeep\n|turn|4\n|\n|t:|1776453442\n|switch|p2a: Incineroar|Incineroar, L50, F|100/100\n|-ability|p2a: Incineroar|Intimidate|boost\n|-unboost|p1a: Whimsicott|atk|1\n|-unboost|p1b: Chandelure|atk|1\n|move|p2b: Clefable|Protect||[still]\n|-fail|p2b: Clefable\n|move|p1b: Chandelure|Heat Wave|p2a: Incineroar|[spread] p2a,p2b\n|-resisted|p2a: Incineroar|1\n|-damage|p2a: Incineroar|78/100\n|-damage|p2b: Clefable|0 fnt\n|faint|p2b: Clefable\n|move|p1a: Whimsicott|Dazzling Gleam|p2a: Incineroar\n|-damage|p2a: Incineroar|55/100\n|\n|-start|p1b: Chandelure|perish0\n|-start|p1a: Whimsicott|perish0\n|-sideend|p1: 6trom|move: Tailwind\n|upkeep\n|faint|p1b: Chandelure\n|faint|p1a: Whimsicott\n|\n|t:|1776453458\n|switch|p1b: Sinistcha|Sinistcha-Masterpiece, L50|100/100\n|switch|p1a: Gallade|Gallade, L50, M|100/100\n|switch|p2b: Gengar|Gengar-Mega, L50, M|91/100\n|turn|5\n|\n|t:|1776453469\n|move|p2a: Incineroar|Fake Out|p1a: Gallade\n|-damage|p1a: Gallade|72/100\n|move|p1b: Sinistcha|Rage Powder|p1b: Sinistcha\n|-singleturn|p1b: Sinistcha|move: Rage Powder\n|move|p2b: Gengar|Shadow Ball|p1b: Sinistcha\n|-supereffective|p1b: Sinistcha|1\n|-crit|p1b: Sinistcha\n|-damage|p1b: Sinistcha|0 fnt\n|faint|p1b: Sinistcha\n|cant|p1a: Gallade|flinch\n|\n|upkeep\n|turn|6\n|\n|t:|1776453481\n|move|p2b: Gengar|Shadow Ball|p1a: Gallade\n|-supereffective|p1a: Gallade|1\n|-damage|p1a: Gallade|0 fnt\n|faint|p1a: Gallade\n|\n|win|alexwindigo\n|raw|6trom's rating: 1118 &rarr; <strong>1088</strong><br />(-30 for losing)\n|raw|alexwindigo's rating: 1053 &rarr; <strong>1091</strong><br />(+38 for winning)\n",
  "uploadtime": 1776453484,
  "views": 38,
  "formatid": "gen9championsvgc2026regma",
  "rating": 1088,
  "private": 0,
  "password": null
}