{
  "id": "gen9championsvgc2026regma-2586579717",
  "format": "[Gen 9 Champions] VGC 2026 Reg M-A",
  "players": [
    "tryson69",
    "pokemonpengu"
  ],
  "log": "|j|\u2606tryson69\n|j|\u2606pokemonpengu\n|t:|1776444526\n|gametype|doubles\n|player|p1|tryson69|crasherwake|\n|player|p2|pokemonpengu|psychic-gen4|\n|gen|9\n|tier|[Gen 9 Champions] VGC 2026 Reg M-A\n|rated|Tournament battle\n|rule|Species Clause: Limit one of each Pok\u00e9mon\n|rule|Item Clause: Limit 1 of each item\n|raw|<div class=\"infobox\"><details class=\"readmore\" open><summary><strong>1 custom rule:</strong></summary> Force Open Team Sheets</details></div>\n|clearpoke\n|poke|p1|Zoroark-Hisui, L50, F|\n|poke|p1|Whimsicott, L50, M|\n|poke|p1|Floette-Eternal, L50, F|\n|poke|p1|Typhlosion-Hisui, L50, M|\n|poke|p1|Farigiraf, L50, F|\n|poke|p1|Palafin, L50, F|\n|poke|p2|Sinistcha, L50|\n|poke|p2|Sneasler, L50, M|\n|poke|p2|Floette-Eternal, L50, F|\n|poke|p2|Maushold, L50|\n|poke|p2|Kingambit, L50, F|\n|poke|p2|Aerodactyl, L50, F|\n|teampreview|4\n|showteam|p1|Zoroark-Hisui||FocusSash|Illusion|BitterMalice,IcyWind,Taunt,Protect|||F|||50|]Whimsicott||MentalHerb|Prankster|Moonblast,Tailwind,SunnyDay,FakeTears|||M|||50|]Floette-Eternal||Floettite|FlowerVeil|DazzlingGleam,CalmMind,Protect,Moonblast|||F|||50|]Typhlosion-Hisui||ChoiceScarf|Blaze|Eruption,HeatWave,Overheat,ShadowBall|||M|||50|]Farigiraf||LumBerry|ArmorTail|Roar,HelpingHand,Psychic,TrickRoom|||F|||50|]Palafin||MysticWater|ZerotoHero|CloseCombat,JetPunch,WaveCrash,Protect|||F|||50|\n|showteam|p2|Sinistcha||MentalHerb|Hospitality|MatchaGotcha,RagePowder,LifeDew,Protect||||||50|]Sneasler||WhiteHerb|Unburden|FakeOut,DireClaw,CloseCombat,Protect|||M|||50|]Floette-Eternal||Floettite|FlowerVeil|DrainingKiss,Protect,DazzlingGleam,CalmMind|||F|||50|]Maushold||ChopleBerry|FriendGuard|FollowMe,Taunt,SuperFang,HelpingHand||||||50|]Kingambit||BlackGlasses|Defiant|IronHead,KowtowCleave,SuckerPunch,Protect|||F|||50|]Aerodactyl||Aerodactylite|Unnerve|Tailwind,RockSlide,Protect,DualWingbeat|||F|||50|\n|inactive|Battle timer is ON: inactive players will automatically lose when time's up. (requested by pokemonpengu)\n|\n|t:|1776444553\n|teamsize|p1|4\n|teamsize|p2|4\n|start\n|switch|p1a: Whimsicott|Whimsicott, L50, M|100/100\n|switch|p1b: Palafin|Palafin, L50, F|100/100\n|switch|p2a: Kingambit|Kingambit, L50, F|100/100\n|switch|p2b: Sneasler|Sneasler, L50, M|100/100\n|turn|1\n|\n|t:|1776444577\n|move|p2b: Sneasler|Fake Out|p1a: Whimsicott\n|-immune|p1a: Whimsicott\n|move|p1a: Whimsicott|Bitter Malice|p2b: Sneasler\n|-damage|p2b: Sneasler|49/100\n|-unboost|p2b: Sneasler|atk|1\n|-enditem|p2b: Sneasler|White Herb\n|-clearnegativeboost|p2b: Sneasler|[silent]\n|move|p1b: Palafin|Close Combat|p2a: Kingambit\n|-supereffective|p2a: Kingambit|2\n|-damage|p2a: Kingambit|5/100\n|-unboost|p1b: Palafin|def|1\n|-unboost|p1b: Palafin|spd|1\n|move|p2a: Kingambit|Kowtow Cleave|p1b: Palafin\n|-damage|p1b: Palafin|0 fnt\n|faint|p1b: Palafin\n|\n|upkeep\n|c|\u2606pokemonpengu|WHAT\n|c|\u2606tryson69|?\n|\n|t:|1776444599\n|switch|p1b: Whimsicott|Whimsicott, L50, M|100/100\n|turn|2\n|\n|t:|1776444606\n|move|p1b: Whimsicott|Tailwind|p1b: Whimsicott\n|-sidestart|p1: tryson69|move: Tailwind\n|move|p2a: Kingambit|Sucker Punch|p1a: Whimsicott\n|-supereffective|p1a: Whimsicott|1\n|-enditem|p1a: Whimsicott|Focus Sash\n|-damage|p1a: Whimsicott|1/100\n|replace|p1a: Zoroark|Zoroark-Hisui, L50, F\n|-end|p1a: Zoroark|Illusion\n|move|p1a: Zoroark|Bitter Malice|p2b: Sneasler\n|-damage|p2b: Sneasler|0 fnt\n|faint|p2b: Sneasler\n|\n|upkeep\n|inactive|pokemonpengu has 30 seconds left.\n|\n|t:|1776444636\n|switch|p2b: Floette|Floette-Eternal, L50, F|100/100\n|turn|3\n|\n|t:|1776444646\n|detailschange|p2b: Floette|Floette-Mega, L50, F\n|-mega|p2b: Floette|Floette|Floettite\n|-ability|p2b: Floette|Fairy Aura\n|move|p1a: Zoroark|Protect|p1a: Zoroark\n|-singleturn|p1a: Zoroark|Protect\n|move|p1b: Whimsicott|Moonblast|p2a: Kingambit\n|-damage|p2a: Kingambit|0 fnt\n|faint|p2a: Kingambit\n|move|p2b: Floette|Dazzling Gleam|p1b: Whimsicott|[spread] p1b\n|-activate|p1a: Zoroark|move: Protect\n|-damage|p1b: Whimsicott|36/100\n|\n|upkeep\n|\n|t:|1776444653\n|switch|p2a: Maushold|Maushold, L50|100/100\n|turn|4\n|\n|t:|1776444678\n|move|p2a: Maushold|Helping Hand|p2b: Floette\n|-singleturn|p2b: Floette|Helping Hand|[of] p2a: Maushold\n|move|p1b: Whimsicott|Fake Tears|p2b: Floette\n|-unboost|p2b: Floette|spd|2\n|move|p1a: Zoroark|Taunt|p2a: Maushold\n|-start|p2a: Maushold|move: Taunt\n|move|p2b: Floette|Dazzling Gleam|p1b: Whimsicott|[spread] p1a,p1b\n|-damage|p1a: Zoroark|0 fnt\n|-damage|p1b: Whimsicott|0 fnt\n|faint|p1a: Zoroark\n|faint|p1b: Whimsicott\n|\n|upkeep\n|\n|t:|1776444684\n|switch|p1b: Floette|Floette-Eternal, L50, F|100/100\n|turn|5\n|\n|t:|1776444694\n|detailschange|p1b: Floette|Floette-Mega, L50, F\n|-mega|p1b: Floette|Floette|Floettite\n|-ability|p1b: Floette|Fairy Aura\n|move|p1b: Floette|Moonblast|p2b: Floette\n|-damage|p2b: Floette|0 fnt\n|faint|p2b: Floette\n|move|p2a: Maushold|Super Fang|p1b: Floette\n|-damage|p1b: Floette|51/100\n|\n|-sideend|p1: tryson69|move: Tailwind\n|upkeep\n|turn|6\n|j| Mishsire\n|\n|t:|1776444701\n|move|p1b: Floette|Moonblast|p2a: Maushold\n|-damage|p2a: Maushold|9/100\n|move|p2a: Maushold|Super Fang|p1b: Floette|[miss]\n|-miss|p2a: Maushold|p1b: Floette\n|\n|upkeep\n|turn|7\n|\n|t:|1776444707\n|move|p1b: Floette|Moonblast|p2a: Maushold\n|-damage|p2a: Maushold|0 fnt\n|faint|p2a: Maushold\n|\n|win|tryson69\n|n|\u2606tryson69|tryson69\n|n|\u2606pokemonpengu|pokemonpengu\n|n| Mishsire|mishsire\n|c|\u2606tryson69|gg\n|l|\u2606pokemonpengu\n|player|p2|\n|l| Mishsire\n",
  "uploadtime": 1776444730,
  "views": 24,
  "formatid": "gen9championsvgc2026regma",
  "rating": null,
  "private": 0,
  "password": null
}