{
  "id": "gen9championsvgc2026regma-2582506144",
  "format": "[Gen 9 Champions] VGC 2026 Reg M-A",
  "players": [
    "u783365",
    "IndexR"
  ],
  "log": "|j|\u2606u783365\n|j|\u2606IndexR\n|t:|1776096026\n|gametype|doubles\n|player|p1|u783365|102|1040\n|player|p2|IndexR|2|1048\n|gen|9\n|tier|[Gen 9 Champions] VGC 2026 Reg M-A\n|rated|\n|rule|Species Clause: Limit one of each Pok\u00e9mon\n|rule|Item Clause: Limit 1 of each item\n|clearpoke\n|poke|p1|Conkeldurr, L50, M|\n|poke|p1|Primarina, L50, M|\n|poke|p1|Garchomp, L50, M|\n|poke|p1|Incineroar, L50, F|\n|poke|p1|Manectric, L50, M|\n|poke|p1|Sinistcha, L50|\n|poke|p2|Delphox, L50, F|\n|poke|p2|Sneasler, L50, M|\n|poke|p2|Goodra-Hisui, L50, M|\n|poke|p2|Tauros-Paldea-Aqua, L50, M|\n|poke|p2|Heliolisk, L50, F|\n|poke|p2|Meowstic, L50, M|\n|teampreview|4\n|j| STEEL_SAKLAS\n|l| STEEL_SAKLAS\n|\n|t:|1776096092\n|teamsize|p1|4\n|teamsize|p2|4\n|start\n|switch|p1a: Manectric|Manectric, L50, M|100/100\n|switch|p1b: Garchomp|Garchomp, L50, M|100/100\n|switch|p2a: Tauros|Tauros-Paldea-Aqua, L50, M|100/100\n|switch|p2b: Meowstic|Meowstic, L50, M|100/100\n|-ability|p2a: Tauros|Intimidate|boost\n|-unboost|p1a: Manectric|atk|1\n|-unboost|p1b: Garchomp|atk|1\n|turn|1\n|\n|t:|1776096132\n|detailschange|p1a: Manectric|Manectric-Mega, L50, M\n|-mega|p1a: Manectric|Manectric|Manectite\n|-ability|p1a: Manectric|Intimidate|boost\n|-unboost|p2a: Tauros|atk|1\n|-unboost|p2b: Meowstic|atk|1\n|move|p2b: Meowstic|Fake Out|p1a: Manectric\n|-damage|p1a: Manectric|95/100\n|move|p1b: Garchomp|Dragon Claw|p2b: Meowstic\n|-damage|p2b: Meowstic|71/100\n|move|p2a: Tauros|Liquidation|p1b: Garchomp\n|-damage|p1b: Garchomp|72/100\n|-damage|p2a: Tauros|88/100|[from] ability: Rough Skin|[of] p1b: Garchomp\n|cant|p1a: Manectric|flinch\n|\n|upkeep\n|turn|2\n|\n|t:|1776096170\n|move|p2b: Meowstic|Light Screen|p2b: Meowstic\n|-sidestart|p2: IndexR|move: Light Screen\n|move|p1b: Garchomp|Dragon Claw|p2a: Tauros\n|-damage|p2a: Tauros|56/100\n|move|p2a: Tauros|Liquidation|p1b: Garchomp\n|-damage|p1b: Garchomp|43/100\n|-damage|p2a: Tauros|44/100|[from] ability: Rough Skin|[of] p1b: Garchomp\n|move|p1a: Manectric|Snarl|p2a: Tauros|[spread] p2a,p2b\n|-resisted|p2a: Tauros|1\n|-supereffective|p2b: Meowstic|1\n|-damage|p2a: Tauros|38/100\n|-damage|p2b: Meowstic|53/100\n|-unboost|p2a: Tauros|spa|1\n|-unboost|p2b: Meowstic|spa|1\n|\n|upkeep\n|turn|3\n|\n|t:|1776096205\n|switch|p1b: Primarina|Primarina, L50, M|100/100\n|move|p2b: Meowstic|Yawn|p1a: Manectric\n|-start|p1a: Manectric|move: Yawn|[of] p2b: Meowstic\n|move|p2a: Tauros|Liquidation|p1b: Primarina\n|-resisted|p1b: Primarina|1\n|-crit|p1b: Primarina\n|-damage|p1b: Primarina|62/100\n|move|p1a: Manectric|Thunderbolt|p2a: Tauros\n|-supereffective|p2a: Tauros|1\n|-damage|p2a: Tauros|0 fnt\n|faint|p2a: Tauros\n|\n|upkeep\n|\n|t:|1776096219\n|switch|p2a: Sneasler|Sneasler, L50, M|100/100\n|turn|4\n|\n|t:|1776096237\n|switch|p1a: Incineroar|Incineroar, L50, F|100/100\n|-ability|p1a: Incineroar|Intimidate|boost\n|-unboost|p2a: Sneasler|atk|1\n|-unboost|p2b: Meowstic|atk|1\n|move|p1b: Primarina|Protect|p1b: Primarina\n|-singleturn|p1b: Primarina|Protect\n|move|p2b: Meowstic|Reflect|p2b: Meowstic\n|-sidestart|p2: IndexR|Reflect\n|move|p2a: Sneasler|Dire Claw|p1b: Primarina\n|-activate|p1b: Primarina|move: Protect\n|\n|upkeep\n|turn|5\n|\n|t:|1776096271\n|move|p1a: Incineroar|Fake Out|p2a: Sneasler\n|-damage|p2a: Sneasler|88/100\n|move|p2b: Meowstic|Yawn|p1b: Primarina\n|-start|p1b: Primarina|move: Yawn|[of] p2b: Meowstic\n|cant|p2a: Sneasler|flinch\n|move|p1b: Primarina|Hyper Voice|p2b: Meowstic|[spread] p2a,p2b\n|-crit|p2a: Sneasler\n|-damage|p2a: Sneasler|1/100\n|-damage|p2b: Meowstic|26/100\n|\n|upkeep\n|turn|6\n|\n|t:|1776096309\n|switch|p1b: Garchomp|Garchomp, L50, M|43/100\n|move|p2b: Meowstic|Yawn|p1b: Garchomp\n|-start|p1b: Garchomp|move: Yawn|[of] p2b: Meowstic\n|move|p2a: Sneasler|Close Combat|p1a: Incineroar\n|-supereffective|p1a: Incineroar|1\n|-damage|p1a: Incineroar|28/100\n|-unboost|p2a: Sneasler|def|1\n|-unboost|p2a: Sneasler|spd|1\n|-enditem|p1a: Incineroar|Sitrus Berry|[eat]\n|-heal|p1a: Incineroar|53/100|[from] item: Sitrus Berry\n|move|p1a: Incineroar|Flare Blitz|p2b: Meowstic\n|-damage|p2b: Meowstic|0 fnt\n|faint|p2b: Meowstic\n|-damage|p1a: Incineroar|47/100|[from] Recoil\n|\n|-sideend|p2: IndexR|move: Light Screen\n|upkeep\n|\n|t:|1776096328\n|switch|p2b: Delphox|Delphox, L50, F|100/100\n|turn|7\n|\n|t:|1776096379\n|detailschange|p2b: Delphox|Delphox-Mega, L50, F\n|-mega|p2b: Delphox|Delphox|Delphoxite\n|move|p1b: Garchomp|Rock Slide|p2b: Delphox|[spread] p2a,p2b\n|-resisted|p2a: Sneasler|1\n|-supereffective|p2b: Delphox|1\n|-damage|p2a: Sneasler|0 fnt\n|-damage|p2b: Delphox|58/100\n|faint|p2a: Sneasler\n|move|p2b: Delphox|Psychic|p1b: Garchomp\n|-damage|p1b: Garchomp|0 fnt\n|faint|p1b: Garchomp\n|move|p1a: Incineroar|Parting Shot|p2b: Delphox\n|-unboost|p2b: Delphox|atk|1\n|-unboost|p2b: Delphox|spa|1\n|\n|t:|1776096393\n|switch|p1a: Manectric|Manectric-Mega, L50, M|95/100|[from] Parting Shot\n|-ability|p1a: Manectric|Intimidate|boost\n|-unboost|p2b: Delphox|atk|1\n|\n|upkeep\n|\n|t:|1776096398\n|switch|p1b: Incineroar|Incineroar, L50, F|47/100\n|-ability|p1b: Incineroar|Intimidate|boost\n|-unboost|p2b: Delphox|atk|1\n|turn|8\n|\n|t:|1776096410\n|move|p1b: Incineroar|Fake Out|p2b: Delphox\n|-damage|p2b: Delphox|46/100\n|move|p1a: Manectric|Snarl|p2b: Delphox\n|-supereffective|p2b: Delphox|1\n|-damage|p2b: Delphox|10/100\n|-unboost|p2b: Delphox|spa|1\n|cant|p2b: Delphox|flinch\n|\n|-sideend|p2: IndexR|Reflect\n|upkeep\n|turn|9\n|\n|t:|1776096422\n|move|p1a: Manectric|Thunderbolt|p2b: Delphox\n|-damage|p2b: Delphox|0 fnt\n|faint|p2b: Delphox\n|\n|win|u783365\n|raw|u783365's rating: 1040 &rarr; <strong>1075</strong><br />(+35 for winning)\n|raw|IndexR's rating: 1048 &rarr; <strong>1030</strong><br />(-18 for losing)\n|l|\u2606IndexR\n|player|p2|\n",
  "uploadtime": 1776096433,
  "views": 19,
  "formatid": "gen9championsvgc2026regma",
  "rating": 1030,
  "private": 0,
  "password": null
}