{
  "id": "gen9championsvgc2026regma-2588249885",
  "format": "[Gen 9 Champions] VGC 2026 Reg M-A",
  "players": [
    "ppyyy-inertia",
    "138mysx"
  ],
  "log": "|j|\u2606ppyyy-inertia\n|j|\u2606138mysx\n|html|<table width=\"100%\"><tr><td align=\"left\">ppyyy-inertia</td><td align=\"right\">138mysx</tr><tr><td align=\"left\"><i class=\"fa fa-circle-o\"></i> <i class=\"fa fa-circle-o\"></i> </td><td align=\"right\"><i class=\"fa fa-circle-o\"></i> <i class=\"fa fa-circle-o\"></i> </tr></table>\n|uhtml|bestof|<h2><strong>Game 1</strong> of <a href=\"/game-bestof3-gen9championsvgc2026regma-2588249884\">a best-of-3</a></h2>\n|t:|1776618033\n|gametype|doubles\n|player|p1|ppyyy-inertia|elesa-gen5bw2|\n|player|p2|138mysx|2|\n|gen|9\n|tier|[Gen 9 Champions] VGC 2026 Reg M-A\n|rated|Tournament battle\n|rule|Species Clause: Limit one of each Pok\u00e9mon\n|rule|Item Clause: Limit 1 of each item\n|raw|<div class=\"infobox\"><details class=\"readmore\" open><summary><strong>1 custom rule:</strong></summary> Best of = 3</details></div>\n|clearpoke\n|poke|p1|Incineroar, L50, M|\n|poke|p1|Floette-Eternal, L50, F, shiny|\n|poke|p1|Zoroark-Hisui, L50, M, shiny|\n|poke|p1|Tinkaton, L50, F, shiny|\n|poke|p1|Dragonite, L50, M, shiny|\n|poke|p1|Garchomp, L50, M|\n|poke|p2|Garchomp, L50, F, shiny|\n|poke|p2|Gardevoir, L50, F, shiny|\n|poke|p2|Charizard, L50, M, shiny|\n|poke|p2|Milotic, L50, M|\n|poke|p2|Corviknight, L50, M, shiny|\n|poke|p2|Meowscarada, L50, F|\n|teampreview|4\n|\n|t:|1776618084\n|teamsize|p1|4\n|teamsize|p2|4\n|start\n|switch|p1a: Floette|Floette-Eternal, L50, F, shiny|100/100\n|switch|p1b: Tinkaton|Tinkaton, L50, F, shiny|100/100\n|switch|p2a: Milotic|Milotic, L50, M|100/100\n|switch|p2b: Corviknight|Corviknight, L50, M, shiny|100/100\n|turn|1\n|\n|t:|1776618112\n|detailschange|p1a: Floette|Floette-Mega, L50, F, shiny\n|-mega|p1a: Floette|Floette|Floettite\n|-ability|p1a: Floette|Fairy Aura\n|move|p1b: Tinkaton|Fake Out|p2b: Corviknight\n|-resisted|p2b: Corviknight|1\n|-damage|p2b: Corviknight|97/100\n|move|p1a: Floette|Calm Mind|p1a: Floette\n|-boost|p1a: Floette|spa|1\n|-boost|p1a: Floette|spd|1\n|move|p2a: Milotic|Scald|p1b: Tinkaton\n|-damage|p1b: Tinkaton|73/100\n|cant|p2b: Corviknight|flinch\n|\n|upkeep\n|turn|2\n|\n|t:|1776618155\n|move|p1a: Floette|Dazzling Gleam|p2a: Milotic|[spread] p2a,p2b\n|-resisted|p2b: Corviknight|1\n|-damage|p2a: Milotic|62/100\n|-damage|p2b: Corviknight|69/100\n|move|p1b: Tinkaton|Play Rough|p2a: Milotic\n|-damage|p2a: Milotic|23/100\n|-enditem|p2a: Milotic|Sitrus Berry|[eat]\n|-heal|p2a: Milotic|48/100|[from] item: Sitrus Berry\n|move|p2a: Milotic|Scald|p1a: Floette\n|-damage|p1a: Floette|87/100\n|move|p2b: Corviknight|Tailwind|p2b: Corviknight\n|-sidestart|p2: 138mysx|move: Tailwind\n|\n|upkeep\n|turn|3\n|\n|t:|1776618170\n|move|p2a: Milotic|Recover|p2a: Milotic\n|-heal|p2a: Milotic|98/100\n|move|p2b: Corviknight|Iron Head|p1a: Floette\n|-supereffective|p1a: Floette|1\n|-crit|p1a: Floette\n|-damage|p1a: Floette|4/100\n|move|p1a: Floette|Dazzling Gleam|p2b: Corviknight|[spread] p2a,p2b\n|-resisted|p2b: Corviknight|1\n|-damage|p2a: Milotic|59/100\n|-damage|p2b: Corviknight|37/100\n|move|p1b: Tinkaton|Play Rough|p2a: Milotic\n|-damage|p2a: Milotic|22/100\n|\n|upkeep\n|turn|4\n|\n|t:|1776618209\n|move|p2b: Corviknight|Protect|p2b: Corviknight\n|-singleturn|p2b: Corviknight|Protect\n|move|p1a: Floette|Protect|p1a: Floette\n|-singleturn|p1a: Floette|Protect\n|move|p2a: Milotic|Recover|p2a: Milotic\n|-heal|p2a: Milotic|72/100\n|move|p1b: Tinkaton|Play Rough|p2a: Milotic|[miss]\n|-miss|p1b: Tinkaton|p2a: Milotic\n|\n|upkeep\n|turn|5\n|\n|t:|1776618224\n|switch|p1a: Dragonite|Dragonite, L50, M, shiny|100/100\n|move|p2a: Milotic|Scald|p1b: Tinkaton\n|-damage|p1b: Tinkaton|48/100\n|-status|p1b: Tinkaton|brn\n|move|p2b: Corviknight|Iron Head|p1a: Dragonite\n|-damage|p1a: Dragonite|82/100\n|move|p1b: Tinkaton|Gigaton Hammer|p2b: Corviknight\n|-resisted|p2b: Corviknight|1\n|-damage|p2b: Corviknight|25/100\n|\n|-damage|p1b: Tinkaton|42/100 brn|[from] brn\n|-sideend|p2: 138mysx|move: Tailwind\n|upkeep\n|turn|6\n|j| the main flutter\n|\n|t:|1776618254\n|move|p1a: Dragonite|Scale Shot|p2b: Corviknight\n|-resisted|p2b: Corviknight|1\n|-damage|p2b: Corviknight|18/100\n|-resisted|p2b: Corviknight|1\n|-damage|p2b: Corviknight|11/100\n|-resisted|p2b: Corviknight|1\n|-damage|p2b: Corviknight|3/100\n|-hitcount|p2b: Corviknight|3\n|-unboost|p1a: Dragonite|def|1\n|-boost|p1a: Dragonite|spe|1\n|move|p1b: Tinkaton|Play Rough|p2b: Corviknight\n|-resisted|p2b: Corviknight|1\n|-crit|p2b: Corviknight\n|-damage|p2b: Corviknight|0 fnt\n|faint|p2b: Corviknight\n|move|p2a: Milotic|Ice Beam|p1a: Dragonite\n|-supereffective|p1a: Dragonite|2\n|-damage|p1a: Dragonite|0 fnt\n|faint|p1a: Dragonite\n|\n|-damage|p1b: Tinkaton|36/100 brn|[from] brn\n|upkeep\n|\n|t:|1776618274\n|switch|p1a: Floette|Floette-Mega, L50, F, shiny|4/100\n|switch|p2b: Gardevoir|Gardevoir, L50, F, shiny|100/100\n|-ability|p1a: Floette|Fairy Aura\n|turn|7\n|\n|t:|1776618291\n|move|p1a: Floette|Protect|p1a: Floette\n|-singleturn|p1a: Floette|Protect\n|move|p2b: Gardevoir|Dazzling Gleam|p1b: Tinkaton|[spread] p1b\n|-activate|p1a: Floette|move: Protect\n|-resisted|p1b: Tinkaton|1\n|-damage|p1b: Tinkaton|19/100 brn\n|move|p1b: Tinkaton|Play Rough|p2a: Milotic|[miss]\n|-miss|p1b: Tinkaton|p2a: Milotic\n|move|p2a: Milotic|Scald|p1b: Tinkaton\n|-damage|p1b: Tinkaton|0 fnt\n|faint|p1b: Tinkaton\n|\n|upkeep\n|-message|ppyyy-inertia forfeited.\n|\n|win|138mysx\n||138mysx is ready for game 2.\n||ppyyy-inertia is ready for game 2.\n|uhtml|next|Next: <a href=\"/battle-gen9championsvgc2026regma-2588253088\"><strong>Game 2 of 3</strong></a>\n|l| the main flutter\n",
  "uploadtime": 1776618656,
  "views": 11,
  "formatid": "gen9championsvgc2026regma",
  "rating": null,
  "private": 0,
  "password": null
}