{
  "id": "gen9championsvgc2026regma-2583758850",
  "format": "[Gen 9 Champions] VGC 2026 Reg M-A",
  "players": [
    "Beniosmaluco",
    "qassffdccxx"
  ],
  "log": "|j|\u2606Beniosmaluco\n|j|\u2606qassffdccxx\n|t:|1776195749\n|gametype|doubles\n|player|p1|Beniosmaluco|bugcatcher-gen4dp|1068\n|player|p2|qassffdccxx|266|1107\n|gen|9\n|tier|[Gen 9 Champions] VGC 2026 Reg M-A\n|rated|\n|rule|Species Clause: Limit one of each Pok\u00e9mon\n|rule|Item Clause: Limit 1 of each item\n|clearpoke\n|poke|p1|Meowstic, L50, M|\n|poke|p1|Alakazam, L50, M|\n|poke|p1|Sneasler, L50, F|\n|poke|p1|Rotom-Wash, L50|\n|poke|p1|Farigiraf, L50, M|\n|poke|p1|Incineroar, L50, M|\n|poke|p2|Scizor, L50, F|\n|poke|p2|Basculegion, L50, M|\n|poke|p2|Serperior, L50, M|\n|poke|p2|Garchomp, L50, F|\n|poke|p2|Tyranitar, L50, F|\n|poke|p2|Pelipper, L50, F|\n|teampreview|4\n|\n|t:|1776195793\n|teamsize|p1|4\n|teamsize|p2|4\n|start\n|switch|p1a: Incineroar|Incineroar, L50, M|100/100\n|switch|p1b: Sneasler|Sneasler, L50, F|100/100\n|switch|p2a: Basculegion|Basculegion, L50, M|100/100\n|switch|p2b: Scizor|Scizor, L50, F|100/100\n|-ability|p1a: Incineroar|Intimidate|boost\n|-unboost|p2a: Basculegion|atk|1\n|-unboost|p2b: Scizor|atk|1\n|turn|1\n|\n|t:|1776195815\n|move|p1b: Sneasler|Protect|p1b: Sneasler\n|-singleturn|p1b: Sneasler|Protect\n|move|p2b: Scizor|Protect|p2b: Scizor\n|-singleturn|p2b: Scizor|Protect\n|move|p2a: Basculegion|Flip Turn|p1a: Incineroar\n|-supereffective|p1a: Incineroar|1\n|-crit|p1a: Incineroar\n|-damage|p1a: Incineroar|0 fnt\n|faint|p1a: Incineroar\n|\n|t:|1776195825\n|switch|p2a: Garchomp|Garchomp, L50, F|100/100|[from] Flip Turn\n|\n|upkeep\n|\n|t:|1776195835\n|switch|p1a: Meowstic|Meowstic, L50, M|100/100\n|turn|2\n|\n|t:|1776195844\n|detailschange|p2b: Scizor|Scizor-Mega, L50, F\n|-mega|p2b: Scizor|Scizor|Scizorite\n|move|p1a: Meowstic|Fake Out|p2a: Garchomp\n|-damage|p2a: Garchomp|95/100\n|move|p2b: Scizor|Bullet Punch|p1b: Sneasler\n|-crit|p1b: Sneasler\n|-damage|p1b: Sneasler|6/100\n|move|p1b: Sneasler|Close Combat|p2a: Garchomp\n|-damage|p2a: Garchomp|31/100\n|-unboost|p1b: Sneasler|def|1\n|-unboost|p1b: Sneasler|spd|1\n|-enditem|p1b: Sneasler|White Herb\n|-clearnegativeboost|p1b: Sneasler|[silent]\n|cant|p2a: Garchomp|flinch\n|\n|upkeep\n|turn|3\n|\n|t:|1776195883\n|move|p1a: Meowstic|Psychic Terrain|p1a: Meowstic\n|-fieldstart|move: Psychic Terrain\n|move|p1b: Sneasler|Close Combat|p2b: Scizor\n|-damage|p2b: Scizor|55/100\n|-unboost|p1b: Sneasler|def|1\n|-unboost|p1b: Sneasler|spd|1\n|move|p2a: Garchomp|Rock Slide|p1a: Meowstic|[spread] p1a,p1b\n|-resisted|p1b: Sneasler|1\n|-damage|p1a: Meowstic|81/100\n|-damage|p1b: Sneasler|0 fnt\n|faint|p1b: Sneasler\n|move|p2b: Scizor|Lunge|p1a: Meowstic\n|-supereffective|p1a: Meowstic|1\n|-damage|p1a: Meowstic|21/100\n|-unboost|p1a: Meowstic|atk|1\n|\n|upkeep\n|\n|t:|1776195896\n|switch|p1b: Alakazam|Alakazam, L50, M|100/100\n|turn|4\n|\n|t:|1776195910\n|detailschange|p1b: Alakazam|Alakazam-Mega, L50, M\n|-mega|p1b: Alakazam|Alakazam|Alakazite\n|-ability|p1b: Alakazam|Technician|Trace|[from] ability: Trace|[of] p2b: Scizor\n|move|p2a: Garchomp|Protect|p2a: Garchomp\n|-singleturn|p2a: Garchomp|Protect\n|move|p1b: Alakazam|Expanding Force|p2a: Garchomp|[spread] p2b\n|-activate|p2a: Garchomp|move: Protect\n|-resisted|p2b: Scizor|1\n|-damage|p2b: Scizor|18/100\n|move|p1a: Meowstic|Thunderbolt|p2b: Scizor\n|-damage|p2b: Scizor|0 fnt\n|faint|p2b: Scizor\n|\n|upkeep\n|\n|t:|1776195923\n|switch|p2b: Basculegion|Basculegion, L50, M|100/100\n|turn|5\n|\n|t:|1776195929\n|move|p1b: Alakazam|Expanding Force|p2b: Basculegion|[spread] p2a,p2b\n|-damage|p2a: Garchomp|0 fnt\n|-damage|p2b: Basculegion|9/100\n|faint|p2a: Garchomp\n|move|p2b: Basculegion|Flip Turn|p1a: Meowstic\n|-damage|p1a: Meowstic|0 fnt\n|faint|p1a: Meowstic\n|\n|t:|1776195936\n|switch|p2b: Serperior|Serperior, L50, M|100/100|[from] Flip Turn\n|\n|upkeep\n|\n|t:|1776195940\n|switch|p2a: Basculegion|Basculegion, L50, M|9/100\n|turn|6\n|\n|t:|1776195960\n|move|p1b: Alakazam|Expanding Force|p2a: Basculegion|[spread] p2a,p2b\n|-damage|p2a: Basculegion|0 fnt\n|-damage|p2b: Serperior|5/100\n|faint|p2a: Basculegion\n|move|p2b: Serperior|Substitute|p2b: Serperior\n|-fail|p2b: Serperior|move: Substitute|[weak]\n|\n|upkeep\n|turn|7\n|-message|qassffdccxx forfeited.\n|\n|win|Beniosmaluco\n|raw|Beniosmaluco's rating: 1068 &rarr; <strong>1101</strong><br />(+33 for winning)\n|raw|qassffdccxx's rating: 1107 &rarr; <strong>1079</strong><br />(-28 for losing)\n|l|\u2606qassffdccxx\n|player|p2|\n",
  "uploadtime": 1776195971,
  "views": 18,
  "formatid": "gen9championsvgc2026regma",
  "rating": 1079,
  "private": 0,
  "password": null
}