{
  "id": "gen9championsvgc2026regma-2582178727",
  "format": "[Gen 9 Champions] VGC 2026 Reg M-A",
  "players": [
    "Garebare1213",
    "Hao_poke"
  ],
  "log": "|j|\u2606Garebare1213\n|j|\u2606Hao_poke\n|t:|1776067950\n|gametype|doubles\n|player|p1|Garebare1213|101|1312\n|player|p2|Hao_poke|101|1395\n|gen|9\n|tier|[Gen 9 Champions] VGC 2026 Reg M-A\n|rated|\n|rule|Species Clause: Limit one of each Pok\u00e9mon\n|rule|Item Clause: Limit 1 of each item\n|clearpoke\n|poke|p1|Dragonite, L50, F|\n|poke|p1|Pelipper, L50, M|\n|poke|p1|Mamoswine, L50, F|\n|poke|p1|Archaludon, L50, M|\n|poke|p1|Whimsicott, L50, F|\n|poke|p1|Orthworm, L50, M|\n|poke|p2|Mimikyu, L50, M|\n|poke|p2|Archaludon, L50, F|\n|poke|p2|Kingambit, L50, M|\n|poke|p2|Pelipper, L50, M|\n|poke|p2|Sneasler, L50, F|\n|poke|p2|Garchomp, L50, F|\n|teampreview|4\n|inactive|Battle timer is ON: inactive players will automatically lose when time's up. (requested by Garebare1213)\n|j| zekie1\n|j| CARtu348rjf90\n|inactive|Garebare1213 has 60 seconds left.\n|inactive|Hao_poke has 60 seconds left.\n|inactive|Garebare1213 has 30 seconds left.\n|inactive|Hao_poke has 30 seconds left.\n|inactive|Garebare1213 has 20 seconds left.\n|inactive|Garebare1213 has 15 seconds left.\n|inactive|Garebare1213 has 10 seconds left.\n|inactive|Garebare1213 has 5 seconds left.\n|\n|t:|1776068041\n|teamsize|p1|4\n|teamsize|p2|4\n|start\n|switch|p1a: Archaludon|Archaludon, L50, M|100/100\n|switch|p1b: Dragonite|Dragonite, L50, F|100/100\n|switch|p2a: Mimikyu|Mimikyu, L50, M|100/100\n|switch|p2b: Archaludon|Archaludon, L50, F|100/100\n|turn|1\n|\n|t:|1776068055\n|move|p1b: Dragonite|Protect|p1b: Dragonite\n|-singleturn|p1b: Dragonite|Protect\n|move|p1a: Archaludon|Draco Meteor|p2b: Archaludon\n|-damage|p2b: Archaludon|20/100\n|-unboost|p1a: Archaludon|spa|2\n|-ability|p2b: Archaludon|Stamina|boost\n|-boost|p2b: Archaludon|def|1\n|move|p2b: Archaludon|Dragon Pulse|p1a: Archaludon\n|-damage|p1a: Archaludon|28/100\n|-ability|p1a: Archaludon|Stamina|boost\n|-boost|p1a: Archaludon|def|1\n|move|p2a: Mimikyu|Trick Room|p2a: Mimikyu\n|-fieldstart|move: Trick Room|[of] p2a: Mimikyu\n|\n|-heal|p1a: Archaludon|34/100|[from] item: Leftovers\n|upkeep\n|turn|2\n|inactive|Garebare1213 has 30 seconds left.\n|inactive|Garebare1213 has 20 seconds left.\n|inactive|Garebare1213 has 15 seconds left.\n|inactive|Garebare1213 has 10 seconds left.\n|\n|t:|1776068101\n|detailschange|p1b: Dragonite|Dragonite-Mega, L50, F\n|-mega|p1b: Dragonite|Dragonite|Dragoninite\n|move|p2b: Archaludon|Protect|p2b: Archaludon\n|-singleturn|p2b: Archaludon|Protect\n|move|p1a: Archaludon|Protect|p1a: Archaludon\n|-singleturn|p1a: Archaludon|Protect\n|move|p2a: Mimikyu|Will-O-Wisp|p1b: Dragonite|[miss]\n|-miss|p2a: Mimikyu|p1b: Dragonite\n|move|p1b: Dragonite|Hurricane|p2a: Mimikyu\n|-activate|p2a: Mimikyu|ability: Disguise\n|-damage|p2a: Mimikyu|100/100\n|detailschange|p2a: Mimikyu|Mimikyu-Busted, L50, M\n|-damage|p2a: Mimikyu|88/100|[from] pokemon: Mimikyu-Busted\n|\n|-heal|p1a: Archaludon|40/100|[from] item: Leftovers\n|upkeep\n|turn|3\n|inactive|Garebare1213 has 30 seconds left.\n|inactive|Garebare1213 has 20 seconds left.\n|inactive|Garebare1213 has 15 seconds left.\n|inactive|Garebare1213 has 10 seconds left.\n|inactive|Garebare1213 has 5 seconds left.\n|\n|t:|1776068152\n|move|p2a: Mimikyu|Will-O-Wisp|p1b: Dragonite\n|-status|p1b: Dragonite|brn\n|move|p2b: Archaludon|Dragon Pulse|p1a: Archaludon\n|-damage|p1a: Archaludon|0 fnt\n|faint|p1a: Archaludon\n|move|p1b: Dragonite|Draco Meteor|p2b: Archaludon\n|-crit|p2b: Archaludon\n|-damage|p2b: Archaludon|0 fnt\n|-unboost|p1b: Dragonite|spa|2\n|faint|p2b: Archaludon\n|\n|-damage|p1b: Dragonite|95/100 brn|[from] brn\n|upkeep\n|\n|t:|1776068171\n|switch|p2b: Garchomp|Garchomp, L50, F|100/100\n|switch|p1a: Mamoswine|Mamoswine, L50, F|100/100\n|turn|4\n|\n|t:|1776068189\n|switch|p1b: Pelipper|Pelipper, L50, M|100/100\n|-weather|RainDance|[from] ability: Drizzle|[of] p1b: Pelipper\n|move|p2a: Mimikyu|Will-O-Wisp|p1a: Mamoswine\n|-status|p1a: Mamoswine|brn\n|move|p2b: Garchomp|Swords Dance|p2b: Garchomp\n|-boost|p2b: Garchomp|atk|2\n|move|p1a: Mamoswine|Earthquake|p2b: Garchomp|[spread] p2a,p2b\n|-immune|p1b: Pelipper\n|-crit|p2b: Garchomp\n|-damage|p2a: Mimikyu|60/100\n|-damage|p2b: Garchomp|73/100\n|\n|-weather|RainDance|[upkeep]\n|-damage|p1a: Mamoswine|95/100 brn|[from] brn\n|upkeep\n|turn|5\n|inactive|Garebare1213 has 30 seconds left.\n|\n|t:|1776068214\n|switch|p2a: Pelipper|Pelipper, L50, M|100/100\n|move|p1b: Pelipper|Tailwind|p1b: Pelipper\n|-sidestart|p1: Garebare1213|move: Tailwind\n|move|p2b: Garchomp|Dragon Claw|p1b: Pelipper\n|-enditem|p1b: Pelipper|Focus Sash\n|-damage|p1b: Pelipper|1/100\n|move|p1a: Mamoswine|Earthquake|p2b: Garchomp|[spread] p2b\n|-immune|p1b: Pelipper\n|-immune|p2a: Pelipper\n|-damage|p2b: Garchomp|53/100\n|\n|-weather|RainDance|[upkeep]\n|-damage|p1a: Mamoswine|89/100 brn|[from] brn\n|-fieldend|move: Trick Room\n|upkeep\n|turn|6\n|inactive|Garebare1213 has 30 seconds left.\n|inactive|Hao_poke has 30 seconds left.\n|inactive|Garebare1213 has 20 seconds left.\n|inactive|Garebare1213 has 15 seconds left.\n|inactive|Garebare1213 has 10 seconds left.\n|\n|t:|1776068263\n|move|p1a: Mamoswine|Earthquake|p2b: Garchomp|[spread] p2b\n|-immune|p1b: Pelipper\n|-immune|p2a: Pelipper\n|-damage|p2b: Garchomp|32/100\n|move|p1b: Pelipper|Hurricane|p2a: Pelipper\n|-damage|p2a: Pelipper|23/100\n|move|p2a: Pelipper|Icy Wind|p1b: Pelipper|[spread] p1a,p1b\n|-damage|p1a: Mamoswine|71/100 brn\n|-damage|p1b: Pelipper|0 fnt\n|-unboost|p1a: Mamoswine|spe|1\n|faint|p1b: Pelipper\n|move|p2b: Garchomp|Dragon Claw|p1a: Mamoswine\n|-damage|p1a: Mamoswine|0 fnt\n|faint|p1a: Mamoswine\n|\n|-weather|RainDance|[upkeep]\n|upkeep\n|\n|t:|1776068276\n|switch|p1a: Dragonite|Dragonite-Mega, L50, F|95/100 brn\n|turn|7\n|\n|t:|1776068284\n|move|p1a: Dragonite|Hurricane|p2b: Garchomp\n|-damage|p2b: Garchomp|0 fnt\n|faint|p2b: Garchomp\n|move|p2a: Pelipper|Icy Wind|p1a: Dragonite\n|-supereffective|p1a: Dragonite|2\n|-damage|p1a: Dragonite|39/100 brn\n|-unboost|p1a: Dragonite|spe|1\n|\n|-weather|RainDance|[upkeep]\n|-damage|p1a: Dragonite|33/100 brn|[from] brn\n|upkeep\n|\n|t:|1776068291\n|switch|p2b: Mimikyu|Mimikyu-Busted, L50, M|60/100\n|turn|8\n|\n|t:|1776068297\n|move|p1a: Dragonite|Hurricane|p2a: Pelipper\n|-damage|p2a: Pelipper|0 fnt\n|faint|p2a: Pelipper\n|move|p2b: Mimikyu|Play Rough|p1a: Dragonite\n|-supereffective|p1a: Dragonite|1\n|-damage|p1a: Dragonite|0 fnt\n|faint|p1a: Dragonite\n|\n|win|Hao_poke\n|raw|Garebare1213's rating: 1312 &rarr; <strong>1297</strong><br />(-15 for losing)\n|raw|Hao_poke's rating: 1395 &rarr; <strong>1410</strong><br />(+15 for winning)\n",
  "uploadtime": 1776068300,
  "views": 32,
  "formatid": "gen9championsvgc2026regma",
  "rating": 1297,
  "private": 0,
  "password": null
}