{
  "id": "gen9championsvgc2026regma-2588234384",
  "format": "[Gen 9 Champions] VGC 2026 Reg M-A",
  "players": [
    "Fuufkrbd",
    "DavidTIS"
  ],
  "log": "|j|\u2606Fuufkrbd\n|j|\u2606DavidTIS\n|t:|1776616730\n|gametype|doubles\n|player|p1|Fuufkrbd|169|1108\n|player|p2|DavidTIS|1|1186\n|gen|9\n|tier|[Gen 9 Champions] VGC 2026 Reg M-A\n|rated|\n|rule|Species Clause: Limit one of each Pok\u00e9mon\n|rule|Item Clause: Limit 1 of each item\n|clearpoke\n|poke|p1|Delphox, L50, M|\n|poke|p1|Garchomp, L50, F|\n|poke|p1|Meganium, L50, F|\n|poke|p1|Sneasler, L50, M|\n|poke|p1|Empoleon, L50, M|\n|poke|p1|Orthworm, L50, M|\n|poke|p2|Starmie, L50|\n|poke|p2|Lucario, L50, F|\n|poke|p2|Lycanroc-Dusk, L50, F|\n|poke|p2|Hydreigon, L50, M|\n|poke|p2|Slowbro-Galar, L50, F|\n|poke|p2|Skarmory, L50, M|\n|teampreview|4\n|inactive|Battle timer is ON: inactive players will automatically lose when time's up. (requested by DavidTIS)\n|inactive|DavidTIS has 60 seconds left.\n|inactive|DavidTIS has 30 seconds left.\n|\n|t:|1776616791\n|teamsize|p1|4\n|teamsize|p2|4\n|start\n|switch|p1a: Garchomp|Garchomp, L50, F|100/100\n|switch|p1b: Orthworm|Orthworm, L50, M|100/100\n|switch|p2a: Lucario|Lucario, L50, F|100/100\n|switch|p2b: Starmie|Starmie, L50|100/100\n|turn|1\n|\n|t:|1776616803\n|detailschange|p2b: Starmie|Starmie-Mega, L50\n|-mega|p2b: Starmie|Starmie|Starminite\n|move|p1a: Garchomp|Earthquake|p2a: Lucario|[spread] p2a,p2b\n|-immune|p1b: Orthworm|[from] ability: Earth Eater\n|-supereffective|p2a: Lucario|1\n|-crit|p2a: Lucario\n|-damage|p2a: Lucario|0 fnt\n|-damage|p2b: Starmie|49/100\n|faint|p2a: Lucario\n|move|p2b: Starmie|Ice Spinner|p1a: Garchomp\n|-supereffective|p1a: Garchomp|2\n|-damage|p1a: Garchomp|0 fnt\n|-damage|p2b: Starmie|37/100|[from] ability: Rough Skin|[of] p1a: Garchomp\n|faint|p1a: Garchomp\n|move|p1b: Orthworm|Shed Tail|p1b: Orthworm\n|-start|p1b: Orthworm|Substitute|[from] move: Shed Tail\n|-damage|p1b: Orthworm|50/100\n|-enditem|p1b: Orthworm|Sitrus Berry|[eat]\n|-heal|p1b: Orthworm|75/100|[from] item: Sitrus Berry\n|\n|t:|1776616820\n|switch|p1b: Delphox|Delphox, L50, M|100/100|[from] Shed Tail\n|\n|upkeep\n|\n|t:|1776616831\n|switch|p1a: Empoleon|Empoleon, L50, M|100/100\n|switch|p2a: Slowbro|Slowbro-Galar, L50, F|100/100\n|turn|2\n|\n|t:|1776616846\n|detailschange|p1b: Delphox|Delphox-Mega, L50, M\n|-mega|p1b: Delphox|Delphox|Delphoxite\n|move|p2b: Starmie|Protect|p2b: Starmie\n|-singleturn|p2b: Starmie|Protect\n|move|p1b: Delphox|Shadow Ball|p2b: Starmie\n|-activate|p2b: Starmie|move: Protect\n|move|p1a: Empoleon|Hydro Pump|p2a: Slowbro\n|-damage|p2a: Slowbro|49/100\n|move|p2a: Slowbro|Shell Side Arm|p1b: Delphox|[anim] Shell Side Arm Physical\n|-end|p1b: Delphox|Substitute\n|-hint|Physical Shell Side Arm\n|\n|-heal|p2a: Slowbro|55/100|[from] item: Leftovers\n|upkeep\n|turn|3\n|\n|t:|1776616871\n|move|p2a: Slowbro|Protect|p2a: Slowbro\n|-singleturn|p2a: Slowbro|Protect\n|move|p1b: Delphox|Shadow Ball|p2b: Starmie\n|-supereffective|p2b: Starmie|1\n|-damage|p2b: Starmie|0 fnt\n|faint|p2b: Starmie\n|move|p1a: Empoleon|Hydro Pump|p2a: Slowbro\n|-activate|p2a: Slowbro|move: Protect\n|\n|-heal|p2a: Slowbro|61/100|[from] item: Leftovers\n|upkeep\n|\n|t:|1776616878\n|switch|p2b: Lycanroc|Lycanroc-Dusk, L50, F|100/100\n|turn|4\n|\n|t:|1776616890\n|move|p2b: Lycanroc|Accelerock|p1b: Delphox\n|-supereffective|p1b: Delphox|1\n|-damage|p1b: Delphox|8/100\n|move|p1b: Delphox|Psychic|p2a: Slowbro\n|-damage|p2a: Slowbro|0 fnt\n|faint|p2a: Slowbro\n|move|p1a: Empoleon|Flash Cannon|p2b: Lycanroc\n|-supereffective|p2b: Lycanroc|1\n|-enditem|p2b: Lycanroc|Focus Sash\n|-damage|p2b: Lycanroc|1/100\n|\n|upkeep\n|turn|5\n|\n|t:|1776616902\n|move|p2b: Lycanroc|Accelerock|p1b: Delphox\n|-supereffective|p1b: Delphox|1\n|-crit|p1b: Delphox\n|-damage|p1b: Delphox|0 fnt\n|faint|p1b: Delphox\n|move|p1a: Empoleon|Flash Cannon|p2b: Lycanroc\n|-supereffective|p2b: Lycanroc|1\n|-damage|p2b: Lycanroc|0 fnt\n|faint|p2b: Lycanroc\n|\n|win|Fuufkrbd\n|raw|Fuufkrbd's rating: 1108 &rarr; <strong>1139</strong><br />(+31 for winning)\n|raw|DavidTIS's rating: 1186 &rarr; <strong>1155</strong><br />(-31 for losing)\n",
  "uploadtime": 1776616905,
  "views": 16,
  "formatid": "gen9championsvgc2026regma",
  "rating": 1139,
  "private": 0,
  "password": null
}