{
  "id": "gen9championsvgc2026regma-2584471390",
  "format": "[Gen 9 Champions] VGC 2026 Reg M-A",
  "players": [
    "totg.soka",
    "Barber1"
  ],
  "log": "|j|\u2606totg.soka\n|j|\u2606Barber1\n|t:|1776263103\n|gametype|doubles\n|player|p1|totg.soka|collector|1300\n|player|p2|Barber1|cynthia-gen4|1370\n|gen|9\n|tier|[Gen 9 Champions] VGC 2026 Reg M-A\n|rated|\n|rule|Species Clause: Limit one of each Pok\u00e9mon\n|rule|Item Clause: Limit 1 of each item\n|clearpoke\n|poke|p1|Charizard, L50, M|\n|poke|p1|Gardevoir, L50, M|\n|poke|p1|Typhlosion-Hisui, L50, F|\n|poke|p1|Sneasler, L50, F|\n|poke|p1|Whimsicott, L50, M|\n|poke|p1|Garchomp, L50, F|\n|poke|p2|Floette-Eternal, L50, F|\n|poke|p2|Sneasler, L50, M|\n|poke|p2|Aerodactyl, L50, M|\n|poke|p2|Delphox, L50, M|\n|poke|p2|Kingambit, L50, F|\n|poke|p2|Garchomp, L50, F|\n|teampreview|4\n|inactive|Battle timer is ON: inactive players will automatically lose when time's up. (requested by Barber1)\n|inactive|Barber1 has 60 seconds left.\n|\n|t:|1776263137\n|teamsize|p1|4\n|teamsize|p2|4\n|start\n|switch|p1a: Sneasler|Sneasler, L50, F|100/100\n|switch|p1b: Gardevoir|Gardevoir, L50, M|100/100\n|switch|p2a: Delphox|Delphox, L50, M|100/100\n|switch|p2b: Aerodactyl|Aerodactyl, L50, M|100/100\n|-ability|p1b: Gardevoir|Blaze|Trace|[from] ability: Trace|[of] p2a: Delphox\n|turn|1\n|\n|t:|1776263152\n|detailschange|p1b: Gardevoir|Gardevoir-Mega, L50, M\n|-mega|p1b: Gardevoir|Gardevoir|Gardevoirite\n|move|p2b: Aerodactyl|Protect|p2b: Aerodactyl\n|-singleturn|p2b: Aerodactyl|Protect\n|move|p2a: Delphox|Protect|p2a: Delphox\n|-singleturn|p2a: Delphox|Protect\n|move|p1a: Sneasler|Fake Out|p2b: Aerodactyl\n|-activate|p2b: Aerodactyl|move: Protect\n|move|p1b: Gardevoir|Hyper Voice|p2a: Delphox|[spread] \n|-activate|p2a: Delphox|move: Protect\n|-activate|p2b: Aerodactyl|move: Protect\n|\n|upkeep\n|turn|2\n|\n|t:|1776263176\n|switch|p1a: Garchomp|Garchomp, L50, F|100/100\n|detailschange|p2a: Delphox|Delphox-Mega, L50, M\n|-mega|p2a: Delphox|Delphox|Delphoxite\n|move|p2a: Delphox|Heat Wave|p1b: Gardevoir|[spread] p1a,p1b\n|-resisted|p1a: Garchomp|1\n|-damage|p1a: Garchomp|78/100\n|-damage|p1b: Gardevoir|70/100\n|move|p2b: Aerodactyl|Dual Wingbeat|p1a: Garchomp\n|-damage|p1a: Garchomp|60/100\n|-damage|p2b: Aerodactyl|88/100|[from] ability: Rough Skin|[of] p1a: Garchomp\n|-crit|p1a: Garchomp\n|-damage|p1a: Garchomp|34/100\n|-damage|p2b: Aerodactyl|76/100|[from] ability: Rough Skin|[of] p1a: Garchomp\n|-hitcount|p1a: Garchomp|2\n|move|p1b: Gardevoir|Hyper Voice|p2a: Delphox|[spread] p2a,p2b\n|-resisted|p2a: Delphox|1\n|-damage|p2a: Delphox|77/100\n|-damage|p2b: Aerodactyl|0 fnt\n|faint|p2b: Aerodactyl\n|\n|upkeep\n|inactive|Barber1 has 30 seconds left.\n|\n|t:|1776263202\n|switch|p2b: Kingambit|Kingambit, L50, F|100/100\n|-activate|p2b: Kingambit|ability: Supreme Overlord\n|-start|p2b: Kingambit|fallen1|[silent]\n|turn|3\n|\n|t:|1776263223\n|move|p1b: Gardevoir|Protect|p1b: Gardevoir\n|-singleturn|p1b: Gardevoir|Protect\n|move|p2a: Delphox|Psychic|p1a: Garchomp\n|-damage|p1a: Garchomp|0 fnt\n|faint|p1a: Garchomp\n|move|p2b: Kingambit|Iron Head|p1b: Gardevoir\n|-activate|p1b: Gardevoir|move: Protect\n|\n|upkeep\n|\n|t:|1776263233\n|switch|p1a: Sneasler|Sneasler, L50, F|100/100\n|turn|4\n|\n|t:|1776263245\n|move|p2a: Delphox|Protect|p2a: Delphox\n|-singleturn|p2a: Delphox|Protect\n|move|p2b: Kingambit|Protect|p2b: Kingambit\n|-singleturn|p2b: Kingambit|Protect\n|move|p1a: Sneasler|Fake Out|p2a: Delphox\n|-activate|p2a: Delphox|move: Protect\n|move|p1b: Gardevoir|Hyper Voice|p2a: Delphox|[spread] \n|-activate|p2a: Delphox|move: Protect\n|-activate|p2b: Kingambit|move: Protect\n|\n|upkeep\n|turn|5\n|\n|t:|1776263264\n|switch|p1a: Typhlosion|Typhlosion-Hisui, L50, F|100/100\n|-item|p2a: Delphox|Delphoxite|[from] ability: Frisk|[of] p1a: Typhlosion\n|-item|p2b: Kingambit|Chople Berry|[from] ability: Frisk|[of] p1a: Typhlosion\n|move|p2a: Delphox|Psychic|p1a: Typhlosion\n|-damage|p1a: Typhlosion|34/100\n|-unboost|p1a: Typhlosion|spd|1\n|move|p1b: Gardevoir|Hyper Voice|p2b: Kingambit|[spread] p2a,p2b\n|-resisted|p2a: Delphox|1\n|-damage|p2a: Delphox|54/100\n|-damage|p2b: Kingambit|41/100\n|move|p2b: Kingambit|Iron Head|p1b: Gardevoir\n|-supereffective|p1b: Gardevoir|1\n|-damage|p1b: Gardevoir|0 fnt\n|faint|p1b: Gardevoir\n|\n|upkeep\n|\n|t:|1776263279\n|switch|p1b: Sneasler|Sneasler, L50, F|100/100\n|turn|6\n|\n|t:|1776263296\n|move|p2a: Delphox|Protect|p2a: Delphox\n|-singleturn|p2a: Delphox|Protect\n|move|p2b: Kingambit|Protect|p2b: Kingambit\n|-singleturn|p2b: Kingambit|Protect\n|move|p1a: Typhlosion|Heat Wave|p2b: Kingambit|[spread] \n|-activate|p2a: Delphox|move: Protect\n|-activate|p2b: Kingambit|move: Protect\n|move|p1b: Sneasler|Dire Claw|p2a: Delphox\n|-activate|p2a: Delphox|move: Protect\n|\n|upkeep\n|turn|7\n|\n|t:|1776263312\n|move|p2b: Kingambit|Sucker Punch|p1a: Typhlosion\n|-supereffective|p1a: Typhlosion|1\n|-damage|p1a: Typhlosion|0 fnt\n|faint|p1a: Typhlosion\n|move|p2a: Delphox|Psychic|p1b: Sneasler\n|-supereffective|p1b: Sneasler|2\n|-damage|p1b: Sneasler|0 fnt\n|faint|p1b: Sneasler\n|\n|win|Barber1\n|raw|totg.soka's rating: 1300 &rarr; <strong>1280</strong><br />(-20 for losing)\n|raw|Barber1's rating: 1370 &rarr; <strong>1386</strong><br />(+16 for winning)\n|l|\u2606totg.soka\n|player|p1|\n",
  "uploadtime": 1776263326,
  "views": 28,
  "formatid": "gen9championsvgc2026regma",
  "rating": 1280,
  "private": 0,
  "password": null
}