{
  "id": "gen9championsvgc2026regma-2583671436",
  "format": "[Gen 9 Champions] VGC 2026 Reg M-A",
  "players": [
    "NightjarCore",
    "heroplayer2026"
  ],
  "log": "|j|\u2606NightjarCore\n|j|\u2606heroplayer2026\n|t:|1776190074\n|gametype|doubles\n|player|p1|NightjarCore|2|1083\n|player|p2|heroplayer2026|fisherman-gen4|1076\n|gen|9\n|tier|[Gen 9 Champions] VGC 2026 Reg M-A\n|rated|\n|rule|Species Clause: Limit one of each Pok\u00e9mon\n|rule|Item Clause: Limit 1 of each item\n|clearpoke\n|poke|p1|Beedrill, L50, M|\n|poke|p1|Pelipper, L50, F|\n|poke|p1|Milotic, L50, F|\n|poke|p1|Archaludon, L50, F|\n|poke|p1|Sneasler, L50, M|\n|poke|p1|Krookodile, L50, F|\n|poke|p2|Torkoal, L50, M|\n|poke|p2|Incineroar, L50, F|\n|poke|p2|Farigiraf, L50, M|\n|poke|p2|Golurk, L50|\n|poke|p2|Conkeldurr, L50, M|\n|poke|p2|Garchomp, L50, M|\n|teampreview|4\n|\n|t:|1776190105\n|teamsize|p1|4\n|teamsize|p2|4\n|start\n|switch|p1a: Sargadelos|Milotic, L50, F|100/100\n|switch|p1b: Sneasler|Sneasler, L50, M|100/100\n|switch|p2a: Farigiraf|Farigiraf, L50, M|100/100\n|switch|p2b: Garchomp|Garchomp, L50, M|100/100\n|turn|1\n|\n|t:|1776190129\n|detailschange|p2b: Garchomp|Garchomp-Mega, L50, M\n|-mega|p2b: Garchomp|Garchomp|Garchompite\n|move|p1b: Sneasler|Fake Out||[still]\n|cant|p2a: Farigiraf|ability: Armor Tail|Fake Out|[of] p1b: Sneasler\n|move|p2b: Garchomp|Outrage|p1a: Sargadelos\n|-damage|p1a: Sargadelos|29/100\n|move|p1a: Sargadelos|Ice Beam|p2b: Garchomp\n|-supereffective|p2b: Garchomp|2\n|-damage|p2b: Garchomp|11/100\n|move|p2a: Farigiraf|Trick Room|p2a: Farigiraf\n|-fieldstart|move: Trick Room|[of] p2a: Farigiraf\n|\n|upkeep\n|turn|2\n|c|\u2606NightjarCore|I always forget about armor tail...\n|\n|t:|1776190163\n|move|p1b: Sneasler|Protect|p1b: Sneasler\n|-singleturn|p1b: Sneasler|Protect\n|move|p2a: Farigiraf|Hyper Voice|p1b: Sneasler|[spread] p1a\n|-activate|p1b: Sneasler|move: Protect\n|-damage|p1a: Sargadelos|7/100\n|move|p1a: Sargadelos|Muddy Water|p2b: Garchomp|[spread] p2a,p2b\n|-damage|p2a: Farigiraf|67/100\n|-damage|p2b: Garchomp|0 fnt\n|faint|p2b: Garchomp\n|\n|upkeep\n|\n|t:|1776190172\n|switch|p2b: Conkeldurr|Conkeldurr, L50, M|100/100\n|turn|3\n|\n|t:|1776190187\n|move|p2b: Conkeldurr|Thunder Punch|p1b: Sneasler\n|-damage|p1b: Sneasler|41/100\n|move|p2a: Farigiraf|Hyper Voice|p1b: Sneasler|[spread] p1a,p1b\n|-damage|p1a: Sargadelos|0 fnt\n|-damage|p1b: Sneasler|4/100\n|faint|p1a: Sargadelos\n|move|p1b: Sneasler|Dire Claw|p2b: Conkeldurr\n|-damage|p2b: Conkeldurr|62/100\n|\n|-heal|p2b: Conkeldurr|68/100|[from] item: Leftovers\n|upkeep\n|\n|t:|1776190199\n|switch|p1a: Krookodile|Krookodile, L50, F|100/100\n|-ability|p1a: Krookodile|Intimidate|boost\n|-unboost|p2a: Farigiraf|atk|1\n|-unboost|p2b: Conkeldurr|atk|1\n|turn|4\n|\n|t:|1776190209\n|switch|p1a: Nord\u00e9s|Pelipper, L50, F|100/100\n|-weather|RainDance|[from] ability: Drizzle|[of] p1a: Nord\u00e9s\n|move|p1b: Sneasler|Protect|p1b: Sneasler\n|-singleturn|p1b: Sneasler|Protect\n|move|p2b: Conkeldurr|Drain Punch|p1a: Nord\u00e9s\n|-resisted|p1a: Nord\u00e9s|1\n|-damage|p1a: Nord\u00e9s|84/100\n|-heal|p2b: Conkeldurr|74/100|[from] drain|[of] p1a: Nord\u00e9s\n|move|p2a: Farigiraf|Hyper Voice|p1b: Sneasler|[spread] p1a\n|-activate|p1b: Sneasler|move: Protect\n|-crit|p1a: Nord\u00e9s\n|-damage|p1a: Nord\u00e9s|22/100\n|-enditem|p1a: Nord\u00e9s|Sitrus Berry|[eat]\n|-heal|p1a: Nord\u00e9s|47/100|[from] item: Sitrus Berry\n|\n|-weather|RainDance|[upkeep]\n|-heal|p2b: Conkeldurr|80/100|[from] item: Leftovers\n|upkeep\n|turn|5\n|\n|t:|1776190234\n|switch|p1b: Krookodile|Krookodile, L50, F|100/100\n|-ability|p1b: Krookodile|Intimidate|boost\n|-unboost|p2a: Farigiraf|atk|1\n|-unboost|p2b: Conkeldurr|atk|1\n|move|p2b: Conkeldurr|Thunder Punch|p1a: Nord\u00e9s\n|-supereffective|p1a: Nord\u00e9s|2\n|-damage|p1a: Nord\u00e9s|0 fnt\n|faint|p1a: Nord\u00e9s\n|move|p2a: Farigiraf|Hyper Voice|p1b: Krookodile\n|-damage|p1b: Krookodile|55/100\n|\n|-weather|RainDance|[upkeep]\n|-heal|p2b: Conkeldurr|86/100|[from] item: Leftovers\n|-fieldend|move: Trick Room\n|upkeep\n|\n|t:|1776190246\n|switch|p1a: Sneasler|Sneasler, L50, M|4/100\n|turn|6\n|\n|t:|1776190262\n|switch|p2b: Torkoal|Torkoal, L50, M|100/100\n|-weather|SunnyDay|[from] ability: Drought|[of] p2b: Torkoal\n|move|p1a: Sneasler|Fake Out||[still]\n|cant|p2a: Farigiraf|ability: Armor Tail|Fake Out|[of] p1a: Sneasler\n|move|p1b: Krookodile|Knock Off|p2a: Farigiraf\n|-supereffective|p2a: Farigiraf|1\n|-damage|p2a: Farigiraf|0 fnt\n|-enditem|p2a: Farigiraf|Mental Herb|[from] move: Knock Off|[of] p1b: Krookodile\n|faint|p2a: Farigiraf\n|\n|-weather|SunnyDay|[upkeep]\n|upkeep\n|\n|t:|1776190278\n|switch|p2a: Conkeldurr|Conkeldurr, L50, M|86/100\n|turn|7\n|\n|t:|1776190288\n|move|p2a: Conkeldurr|Mach Punch|p1b: Krookodile\n|-supereffective|p1b: Krookodile|1\n|-damage|p1b: Krookodile|0 fnt\n|faint|p1b: Krookodile\n|move|p1a: Sneasler|Dire Claw|p2a: Conkeldurr\n|-damage|p2a: Conkeldurr|45/100\n|move|p2b: Torkoal|Flamethrower|p1a: Sneasler\n|-damage|p1a: Sneasler|0 fnt\n|faint|p1a: Sneasler\n|\n|win|heroplayer2026\n|raw|NightjarCore's rating: 1083 &rarr; <strong>1060</strong><br />(-23 for losing)\n|raw|heroplayer2026's rating: 1076 &rarr; <strong>1105</strong><br />(+29 for winning)\n|l|\u2606NightjarCore\n|player|p1|\n",
  "uploadtime": 1776190292,
  "views": 15,
  "formatid": "gen9championsvgc2026regma",
  "rating": 1060,
  "private": 0,
  "password": null
}