{
  "id": "gen9championsvgc2026regma-2584323929",
  "format": "[Gen 9 Champions] VGC 2026 Reg M-A",
  "players": [
    "PurpleSnowyyy",
    "Cheezar"
  ],
  "log": "|j|\u2606PurpleSnowyyy\n|j|\u2606Cheezar\n|t:|1776251279\n|gametype|doubles\n|player|p1|PurpleSnowyyy|rosa|1122\n|player|p2|Cheezar|plasmagrunt-gen5bw|1131\n|gen|9\n|tier|[Gen 9 Champions] VGC 2026 Reg M-A\n|rated|\n|rule|Species Clause: Limit one of each Pok\u00e9mon\n|rule|Item Clause: Limit 1 of each item\n|clearpoke\n|poke|p1|Samurott-Hisui, L50, M|\n|poke|p1|Zoroark-Hisui, L50, M|\n|poke|p1|Decidueye-Hisui, L50, F|\n|poke|p1|Basculegion, L50, M|\n|poke|p1|Sneasler, L50, M|\n|poke|p1|Arcanine-Hisui, L50, F|\n|poke|p2|Meowscarada, L50, F|\n|poke|p2|Greninja-*, L50, M|\n|poke|p2|Tyranitar, L50, F|\n|poke|p2|Ninetales-Alola, L50, M|\n|poke|p2|Aerodactyl, L50, F|\n|poke|p2|Excadrill, L50, M|\n|teampreview|4\n|inactive|Battle timer is ON: inactive players will automatically lose when time's up. (requested by Cheezar)\n|inactive|Cheezar has 60 seconds left.\n|\n|t:|1776251320\n|teamsize|p1|4\n|teamsize|p2|4\n|start\n|switch|p1a: Decidueye|Decidueye-Hisui, L50, F|100/100\n|switch|p1b: Sneasler|Sneasler, L50, M|100/100\n|switch|p2a: Aerodactyl|Aerodactyl, L50, F|100/100\n|switch|p2b: Tyranitar|Tyranitar, L50, F|100/100\n|-ability|p2a: Aerodactyl|Unnerve\n|-ability|p1b: Sneasler|Pressure\n|-weather|Sandstorm|[from] ability: Sand Stream|[of] p2b: Tyranitar\n|turn|1\n|\n|t:|1776251344\n|move|p2b: Tyranitar|Protect|p2b: Tyranitar\n|-singleturn|p2b: Tyranitar|Protect\n|move|p1b: Sneasler|Fake Out|p2a: Aerodactyl\n|-resisted|p2a: Aerodactyl|1\n|-damage|p2a: Aerodactyl|89/100\n|cant|p2a: Aerodactyl|flinch\n|move|p1a: Decidueye|Triple Arrows|p2b: Tyranitar\n|-activate|p2b: Tyranitar|move: Protect\n|\n|-weather|Sandstorm|[upkeep]\n|-damage|p1b: Sneasler|95/100|[from] Sandstorm\n|-damage|p1a: Decidueye|94/100|[from] Sandstorm\n|upkeep\n|turn|2\n|\n|t:|1776251359\n|switch|p2b: Ninetales|Ninetales-Alola, L50, M|100/100\n|-weather|Snowscape|[from] ability: Snow Warning|[of] p2b: Ninetales\n|move|p2a: Aerodactyl|Dual Wingbeat|p1b: Sneasler\n|-supereffective|p1b: Sneasler|1\n|-damage|p1b: Sneasler|30/100\n|-supereffective|p1b: Sneasler|1\n|-damage|p1b: Sneasler|0 fnt\n|faint|p1b: Sneasler\n|-hitcount|p1: Sneasler|2\n|move|p1a: Decidueye|Tailwind|p1a: Decidueye\n|-sidestart|p1: PurpleSnowyyy|move: Tailwind\n|\n|-weather|Snowscape|[upkeep]\n|upkeep\n|\n|t:|1776251374\n|switch|p1b: Arcanine|Arcanine-Hisui, L50, F|100/100\n|-ability|p1b: Arcanine|Intimidate|boost\n|-unboost|p2a: Aerodactyl|atk|1\n|-unboost|p2b: Ninetales|atk|1\n|turn|3\n|\n|t:|1776251387\n|move|p2b: Ninetales|Protect|p2b: Ninetales\n|-singleturn|p2b: Ninetales|Protect\n|move|p1b: Arcanine|Rock Slide|p2b: Ninetales|[spread] p2a\n|-activate|p2b: Ninetales|move: Protect\n|-supereffective|p2a: Aerodactyl|1\n|-damage|p2a: Aerodactyl|1/100\n|move|p2a: Aerodactyl|Tailwind|p2a: Aerodactyl\n|-sidestart|p2: Cheezar|move: Tailwind\n|move|p1a: Decidueye|Triple Arrows|p2a: Aerodactyl\n|-crit|p2a: Aerodactyl\n|-damage|p2a: Aerodactyl|0 fnt\n|faint|p2a: Aerodactyl\n|\n|-weather|Snowscape|[upkeep]\n|upkeep\n|\n|t:|1776251395\n|switch|p2a: Greninja|Greninja, L50, M|100/100\n|turn|4\n|\n|t:|1776251413\n|move|p2a: Greninja|Hydro Pump|p1b: Arcanine|[miss]\n|-start|p2a: Greninja|typechange|Water|[from] ability: Protean\n|-miss|p2a: Greninja|p1b: Arcanine\n|move|p2b: Ninetales|Aurora Veil|p2b: Ninetales\n|-sidestart|p2: Cheezar|move: Aurora Veil\n|move|p1b: Arcanine|Rock Slide|p2a: Greninja|[spread] p2a,p2b\n|-supereffective|p2b: Ninetales|1\n|-damage|p2a: Greninja|70/100\n|-damage|p2b: Ninetales|75/100\n|move|p1a: Decidueye|Leaf Blade|p2a: Greninja\n|-supereffective|p2a: Greninja|1\n|-crit|p2a: Greninja\n|-damage|p2a: Greninja|0 fnt\n|faint|p2a: Greninja\n|\n|-weather|Snowscape|[upkeep]\n|upkeep\n|\n|t:|1776251422\n|switch|p2a: Tyranitar|Tyranitar, L50, F|100/100\n|-weather|Sandstorm|[from] ability: Sand Stream|[of] p2a: Tyranitar\n|turn|5\n|\n|t:|1776251437\n|detailschange|p2a: Tyranitar|Tyranitar-Mega, L50, F\n|-mega|p2a: Tyranitar|Tyranitar|Tyranitarite\n|move|p2b: Ninetales|Moonblast|p1a: Decidueye\n|-supereffective|p1a: Decidueye|1\n|-damage|p1a: Decidueye|44/100\n|move|p1b: Arcanine|Flare Blitz|p2b: Ninetales\n|-supereffective|p2b: Ninetales|1\n|-damage|p2b: Ninetales|0 fnt\n|faint|p2b: Ninetales\n|-damage|p1b: Arcanine|77/100|[from] Recoil\n|move|p2a: Tyranitar|Earthquake|p1a: Decidueye|[spread] p1a,p1b\n|-resisted|p1a: Decidueye|1\n|-supereffective|p1b: Arcanine|2\n|-damage|p1a: Decidueye|28/100\n|-damage|p1b: Arcanine|0 fnt\n|faint|p1b: Arcanine\n|move|p1a: Decidueye|Triple Arrows|p2a: Tyranitar\n|-supereffective|p2a: Tyranitar|2\n|-crit|p2a: Tyranitar\n|-damage|p2a: Tyranitar|0 fnt\n|faint|p2a: Tyranitar\n|\n|win|PurpleSnowyyy\n|raw|PurpleSnowyyy's rating: 1122 &rarr; <strong>1148</strong><br />(+26 for winning)\n|raw|Cheezar's rating: 1131 &rarr; <strong>1105</strong><br />(-26 for losing)\n|l|\u2606Cheezar\n|player|p2|\n",
  "uploadtime": 1776251459,
  "views": 29,
  "formatid": "gen9championsvgc2026regma",
  "rating": 1105,
  "private": 0,
  "password": null
}