{
  "id": "gen9championsvgc2026regma-2581806836",
  "format": "[Gen 9 Champions] VGC 2026 Reg M-A",
  "players": [
    "LordBuddington",
    "vousetesmesfils"
  ],
  "log": "|j|\u2606LordBuddington\n|j|\u2606vousetesmesfils\n|t:|1776029969\n|gametype|doubles\n|player|p1|LordBuddington|102|1000\n|player|p2|vousetesmesfils|n|1076\n|gen|9\n|tier|[Gen 9 Champions] VGC 2026 Reg M-A\n|rated|\n|rule|Species Clause: Limit one of each Pok\u00e9mon\n|rule|Item Clause: Limit 1 of each item\n|clearpoke\n|poke|p1|Sneasler, L50, F|\n|poke|p1|Kangaskhan, L50, F|\n|poke|p1|Delphox, L50, M|\n|poke|p1|Meowstic, L50, M|\n|poke|p1|Orthworm, L50, F|\n|poke|p1|Krookodile, L50, M|\n|poke|p2|Gengar, L50, M|\n|poke|p2|Politoed, L50, F|\n|poke|p2|Archaludon, L50, F|\n|poke|p2|Incineroar, L50, F|\n|poke|p2|Sinistcha-Masterpiece, L50|\n|poke|p2|Beartic, L50, M|\n|teampreview|4\n|inactive|Battle timer is ON: inactive players will automatically lose when time's up. (requested by vousetesmesfils)\n|inactive|LordBuddington also wants the timer to be on.\n|inactive|LordBuddington has 60 seconds left.\n|inactive|vousetesmesfils has 60 seconds left.\n|\n|t:|1776030013\n|teamsize|p1|4\n|teamsize|p2|4\n|start\n|switch|p1a: Kangaskhan|Kangaskhan, L50, F|100/100\n|switch|p1b: Orthworm|Orthworm, L50, F|100/100\n|switch|p2a: Beartic|Beartic, L50, M|100/100\n|switch|p2b: Incineroar|Incineroar, L50, F|100/100\n|-ability|p2b: Incineroar|Intimidate|boost\n|-fail|p1a: Kangaskhan|unboost|Attack|[from] ability: Scrappy|[of] p1a: Kangaskhan\n|-unboost|p1b: Orthworm|atk|1\n|turn|1\n|inactive|LordBuddington has 30 seconds left.\n|\n|t:|1776030039\n|switch|p2b: Politoed|Politoed, L50, F|100/100\n|-weather|RainDance|[from] ability: Drizzle|[of] p2b: Politoed\n|move|p1a: Kangaskhan|Fake Out|p2b: Politoed\n|-damage|p2b: Politoed|83/100\n|move|p2a: Beartic|Close Combat|p1a: Kangaskhan\n|-supereffective|p1a: Kangaskhan|1\n|-damage|p1a: Kangaskhan|11/100\n|-unboost|p2a: Beartic|def|1\n|-unboost|p2a: Beartic|spd|1\n|move|p1b: Orthworm|Body Press|p2a: Beartic\n|-supereffective|p2a: Beartic|1\n|-damage|p2a: Beartic|0 fnt\n|faint|p2a: Beartic\n|\n|-weather|RainDance|[upkeep]\n|-heal|p2b: Politoed|89/100|[from] item: Leftovers\n|upkeep\n|\n|t:|1776030051\n|switch|p2a: Incineroar|Incineroar, L50, F|100/100\n|-ability|p2a: Incineroar|Intimidate|boost\n|-fail|p1a: Kangaskhan|unboost|Attack|[from] ability: Scrappy|[of] p1a: Kangaskhan\n|-unboost|p1b: Orthworm|atk|1\n|turn|2\n|\n|t:|1776030060\n|move|p1a: Kangaskhan|Protect|p1a: Kangaskhan\n|-singleturn|p1a: Kangaskhan|Protect\n|move|p2a: Incineroar|Fake Out|p1a: Kangaskhan\n|-activate|p1a: Kangaskhan|move: Protect\n|move|p1b: Orthworm|Shed Tail|p1b: Orthworm\n|-start|p1b: Orthworm|Substitute|[from] move: Shed Tail\n|-damage|p1b: Orthworm|50/100\n|-enditem|p1b: Orthworm|Sitrus Berry|[eat]\n|-heal|p1b: Orthworm|75/100|[from] item: Sitrus Berry\n|\n|t:|1776030069\n|switch|p1b: Sneasler|Sneasler, L50, F|100/100|[from] Shed Tail\n|move|p2b: Politoed|Perish Song|p2b: Politoed\n|-start|p1a: Kangaskhan|perish3|[silent]\n|-start|p1b: Sneasler|perish3|[silent]\n|-start|p2a: Incineroar|perish3|[silent]\n|-start|p2b: Politoed|perish3|[silent]\n|-fieldactivate|move: Perish Song\n|\n|-weather|RainDance|[upkeep]\n|-heal|p2b: Politoed|95/100|[from] item: Leftovers\n|-start|p1b: Sneasler|perish3\n|-start|p1a: Kangaskhan|perish3\n|-start|p2b: Politoed|perish3\n|-start|p2a: Incineroar|perish3\n|upkeep\n|turn|3\n|\n|t:|1776030087\n|switch|p2b: Gengar|Gengar, L50, M|100/100\n|move|p2a: Incineroar|Protect|p2a: Incineroar\n|-singleturn|p2a: Incineroar|Protect\n|move|p1b: Sneasler|Close Combat|p2a: Incineroar\n|-activate|p2a: Incineroar|move: Protect\n|move|p1a: Kangaskhan|Drain Punch|p2b: Gengar\n|-resisted|p2b: Gengar|1\n|-damage|p2b: Gengar|85/100\n|-heal|p1a: Kangaskhan|17/100|[from] drain|[of] p2b: Gengar\n|-start|p1a: Kangaskhan|Disable|Drain Punch|[from] ability: Cursed Body|[of] p2b: Gengar\n|\n|-weather|RainDance|[upkeep]\n|-start|p1b: Sneasler|perish2\n|-start|p1a: Kangaskhan|perish2\n|-start|p2a: Incineroar|perish2\n|upkeep\n|turn|4\n|inactive|LordBuddington has 30 seconds left.\n|inactive|vousetesmesfils has 30 seconds left.\n|\n|t:|1776030118\n|switch|p1a: Orthworm|Orthworm, L50, F|75/100\n|switch|p2a: Politoed|Politoed, L50, F|95/100\n|detailschange|p2b: Gengar|Gengar-Mega, L50, M\n|-mega|p2b: Gengar|Gengar|Gengarite\n|move|p2b: Gengar|Perish Song|p2b: Gengar\n|-start|p1a: Orthworm|perish3|[silent]\n|-start|p2a: Politoed|perish3|[silent]\n|-start|p2b: Gengar|perish3|[silent]\n|-fieldactivate|move: Perish Song\n|move|p1b: Sneasler|Close Combat|p2a: Politoed\n|-damage|p2a: Politoed|38/100\n|-unboost|p1b: Sneasler|def|1\n|-unboost|p1b: Sneasler|spd|1\n|-enditem|p1b: Sneasler|White Herb\n|-clearnegativeboost|p1b: Sneasler|[silent]\n|\n|-weather|RainDance|[upkeep]\n|-heal|p2a: Politoed|44/100|[from] item: Leftovers\n|-start|p1b: Sneasler|perish1\n|-start|p2b: Gengar|perish3\n|-start|p1a: Orthworm|perish3\n|-start|p2a: Politoed|perish3\n|upkeep\n|turn|5\n|inactive|LordBuddington has 30 seconds left.\n|inactive|vousetesmesfils has 30 seconds left.\n|inactive|LordBuddington has 20 seconds left.\n|inactive|LordBuddington has 15 seconds left.\n|inactive|LordBuddington has 10 seconds left.\n|\n|t:|1776030163\n|switch|p2a: Incineroar|Incineroar, L50, F|100/100\n|-ability|p2a: Incineroar|Intimidate|boost\n|-unboost|p1a: Orthworm|atk|1\n|-immune|p1b: Sneasler\n|move|p2b: Gengar|Protect|p2b: Gengar\n|-singleturn|p2b: Gengar|Protect\n|move|p1b: Sneasler|Close Combat|p2a: Incineroar\n|-supereffective|p2a: Incineroar|1\n|-damage|p2a: Incineroar|0 fnt\n|-unboost|p1b: Sneasler|def|1\n|-unboost|p1b: Sneasler|spd|1\n|faint|p2a: Incineroar\n|move|p1a: Orthworm|Shed Tail|p1a: Orthworm\n|-start|p1a: Orthworm|Substitute|[from] move: Shed Tail\n|-damage|p1a: Orthworm|24/100\n|c|\u2606vousetesmesfils|nice read\n|\n|t:|1776030183\n|switch|p1a: Kangaskhan|Kangaskhan, L50, F|17/100|[from] Shed Tail\n|\n|-weather|none\n|-start|p1b: Sneasler|perish0\n|-start|p2b: Gengar|perish2\n|faint|p1b: Sneasler\n|upkeep\n|\n|t:|1776030199\n|switch|p1b: Delphox|Delphox, L50, M|100/100\n|switch|p2a: Politoed|Politoed, L50, F|44/100\n|-weather|RainDance|[from] ability: Drizzle|[of] p2a: Politoed\n|turn|6\n|\n|t:|1776030213\n|detailschange|p1b: Delphox|Delphox-Mega, L50, M\n|-mega|p1b: Delphox|Delphox|Delphoxite\n|move|p2a: Politoed|Protect|p2a: Politoed\n|-singleturn|p2a: Politoed|Protect\n|move|p1a: Kangaskhan|Fake Out|p2b: Gengar\n|-damage|p2b: Gengar|65/100\n|cant|p2b: Gengar|flinch\n|move|p1b: Delphox|Expanding Force|p2b: Gengar\n|-supereffective|p2b: Gengar|1\n|-damage|p2b: Gengar|0 fnt\n|faint|p2b: Gengar\n|\n|-weather|RainDance|[upkeep]\n|-heal|p2a: Politoed|50/100|[from] item: Leftovers\n|upkeep\n|turn|7\n|-message|vousetesmesfils forfeited.\n|\n|win|LordBuddington\n|raw|LordBuddington's rating: 1000 &rarr; <strong>1049</strong><br />(+49 for winning)\n|raw|vousetesmesfils's rating: 1076 &rarr; <strong>1050</strong><br />(-26 for losing)\n",
  "uploadtime": 1776030232,
  "views": 13,
  "formatid": "gen9championsvgc2026regma",
  "rating": 1049,
  "private": 0,
  "password": null
}