{
  "id": "gen9championsvgc2026regma-2584869880",
  "format": "[Gen 9 Champions] VGC 2026 Reg M-A",
  "players": [
    "mrguy888",
    "Phillip Blevin"
  ],
  "log": "|j|\u2606mrguy888\n|j|\u2606Phillip Blevin\n|t:|1776290170\n|gametype|doubles\n|player|p1|mrguy888|noland-gen3|1087\n|player|p2|Phillip Blevin|cynthia-masters4|1000\n|gen|9\n|tier|[Gen 9 Champions] VGC 2026 Reg M-A\n|rated|\n|rule|Species Clause: Limit one of each Pok\u00e9mon\n|rule|Item Clause: Limit 1 of each item\n|clearpoke\n|poke|p1|Floette-Eternal, L50, F|\n|poke|p1|Aerodactyl, L50, M|\n|poke|p1|Garchomp, L50, F|\n|poke|p1|Tauros-Paldea-Aqua, L50, M|\n|poke|p1|Kangaskhan, L50, F|\n|poke|p1|Kingambit, L50, M|\n|poke|p2|Starmie, L50|\n|poke|p2|Sinistcha, L50|\n|poke|p2|Incineroar, L50, M|\n|poke|p2|Hydreigon, L50, F|\n|poke|p2|Aerodactyl, L50, F|\n|poke|p2|Gyarados, L50, M|\n|teampreview|4\n|inactive|Battle timer is ON: inactive players will automatically lose when time's up. (requested by Phillip Blevin)\n|inactive|mrguy888 also wants the timer to be on.\n|inactive|mrguy888 has 60 seconds left.\n|inactive|Phillip Blevin has 60 seconds left.\nPhillip Blevin has agreed to open team sheets.\n|inactive|mrguy888 has 30 seconds left.\n|\n|t:|1776290231\n|teamsize|p1|4\n|teamsize|p2|4\n|start\n|switch|p1a: Kingambit|Kingambit, L50, M|100/100\n|switch|p1b: Floette|Floette-Eternal, L50, F|100/100\n|switch|p2a: Incineroar|Incineroar, L50, M|100/100\n|switch|p2b: Aerodactyl|Aerodactyl, L50, F|100/100\n|-ability|p2a: Incineroar|Intimidate|boost\n|-unboost|p1a: Kingambit|atk|1\n|-ability|p1a: Kingambit|Defiant|boost\n|-boost|p1a: Kingambit|atk|2\n|-unboost|p1b: Floette|atk|1\n|turn|1\n|\n|t:|1776290253\n|detailschange|p1b: Floette|Floette-Mega, L50, F\n|-mega|p1b: Floette|Floette|Floettite\n|-ability|p1b: Floette|Fairy Aura\n|move|p2a: Incineroar|Fake Out|p1a: Kingambit\n|-resisted|p1a: Kingambit|1\n|-crit|p1a: Kingambit\n|-damage|p1a: Kingambit|95/100\n|move|p2b: Aerodactyl|Tailwind|p2b: Aerodactyl\n|-sidestart|p2: Phillip Blevin|move: Tailwind\n|move|p1b: Floette|Moonblast|p2a: Incineroar\n|-damage|p2a: Incineroar|28/100\n|cant|p1a: Kingambit|flinch\n|\n|upkeep\n|turn|2\n|\n|t:|1776290268\n|move|p2b: Aerodactyl|Dual Wingbeat|p1b: Floette\n|-damage|p1b: Floette|77/100\n|-damage|p1b: Floette|56/100\n|-hitcount|p1b: Floette|2\n|move|p2a: Incineroar|Parting Shot|p1b: Floette\n|-unboost|p1b: Floette|atk|1\n|-unboost|p1b: Floette|spa|1\n|\n|t:|1776290274\n|switch|p2a: Hydreigon|Hydreigon, L50, F|100/100|[from] Parting Shot\n|move|p1b: Floette|Dazzling Gleam|p2a: Hydreigon|[spread] p2a,p2b\n|-supereffective|p2a: Hydreigon|2\n|-damage|p2a: Hydreigon|0 fnt\n|-damage|p2b: Aerodactyl|50/100\n|faint|p2a: Hydreigon\n|move|p1a: Kingambit|Iron Head|p2b: Aerodactyl\n|-supereffective|p2b: Aerodactyl|1\n|-damage|p2b: Aerodactyl|0 fnt\n|faint|p2b: Aerodactyl\n|\n|upkeep\n|\n|t:|1776290276\n|switch|p2b: Incineroar|Incineroar, L50, M|28/100\n|switch|p2a: Starmie|Starmie, L50|100/100\n|-ability|p2b: Incineroar|Intimidate|boost\n|-unboost|p1a: Kingambit|atk|1\n|-ability|p1a: Kingambit|Defiant|boost\n|-boost|p1a: Kingambit|atk|2\n|-unboost|p1b: Floette|atk|1\n|turn|3\n|\n|t:|1776290295\n|detailschange|p2a: Starmie|Starmie-Mega, L50\n|-mega|p2a: Starmie|Starmie|Starminite\n|move|p1b: Floette|Protect|p1b: Floette\n|-singleturn|p1b: Floette|Protect\n|move|p1a: Kingambit|Protect|p1a: Kingambit\n|-singleturn|p1a: Kingambit|Protect\n|move|p2b: Incineroar|Fake Out|p1b: Floette\n|-activate|p1b: Floette|move: Protect\n|move|p2a: Starmie|Liquidation|p1a: Kingambit\n|-activate|p1a: Kingambit|move: Protect\n|\n|upkeep\n|turn|4\n|\n|t:|1776290319\n|move|p2a: Starmie|Aqua Jet|p1b: Floette\n|-damage|p1b: Floette|11/100\n|move|p1a: Kingambit|Sucker Punch||[still]\n|-fail|p1a: Kingambit\n|move|p2b: Incineroar|Darkest Lariat|p1b: Floette\n|-resisted|p1b: Floette|1\n|-damage|p1b: Floette|0 fnt\n|faint|p1b: Floette\n|\n|-sideend|p2: Phillip Blevin|move: Tailwind\n|upkeep\n|\n|t:|1776290326\n|switch|p1b: Kangaskhan|Kangaskhan, L50, F|100/100\n|turn|5\n|\n|t:|1776290338\n|move|p2a: Starmie|Protect|p2a: Starmie\n|-singleturn|p2a: Starmie|Protect\n|move|p1b: Kangaskhan|Fake Out|p2a: Starmie\n|-activate|p2a: Starmie|move: Protect\n|move|p1a: Kingambit|Sucker Punch|p2b: Incineroar\n|-resisted|p2b: Incineroar|1\n|-damage|p2b: Incineroar|0 fnt\n|faint|p2b: Incineroar\n|\n|upkeep\n|turn|6\n|\n|t:|1776290350\n|move|p1a: Kingambit|Sucker Punch|p2a: Starmie\n|-supereffective|p2a: Starmie|1\n|-damage|p2a: Starmie|0 fnt\n|faint|p2a: Starmie\n|\n|win|mrguy888\n|raw|mrguy888's rating: 1087 &rarr; <strong>1107</strong><br />(+20 for winning)\n|raw|Phillip Blevin's rating: 1000 &rarr; <strong>1000</strong><br />(+0 for losing)\n",
  "uploadtime": 1776290350,
  "views": 19,
  "formatid": "gen9championsvgc2026regma",
  "rating": 1000,
  "private": 0,
  "password": null
}