{
  "id": "gen9championsvgc2026regma-2583482827",
  "format": "[Gen 9 Champions] VGC 2026 Reg M-A",
  "players": [
    "BabyMathi",
    "fdhdfgdfgdfg"
  ],
  "log": "|j|\u203dBabyMathi\n|j|\u2606fdhdfgdfgdfg\n|t:|1776178492\n|gametype|doubles\n|player|p1|BabyMathi|102|1162\n|player|p2|fdhdfgdfgdfg|101|1177\n|gen|9\n|tier|[Gen 9 Champions] VGC 2026 Reg M-A\n|rated|\n|rule|Species Clause: Limit one of each Pok\u00e9mon\n|rule|Item Clause: Limit 1 of each item\n|clearpoke\n|poke|p1|Charizard, L50, M|\n|poke|p1|Garchomp, L50, M|\n|poke|p1|Milotic, L50, M|\n|poke|p1|Venusaur, L50, F|\n|poke|p1|Gardevoir, L50, F|\n|poke|p1|Incineroar, L50, M|\n|poke|p2|Starmie, L50|\n|poke|p2|Garchomp, L50, M|\n|poke|p2|Incineroar, L50, M|\n|poke|p2|Vivillon-Modern, L50, F|\n|poke|p2|Sneasler, L50, F|\n|poke|p2|Sinistcha, L50|\n|teampreview|4\n|inactive|Battle timer is ON: inactive players will automatically lose when time's up. (requested by fdhdfgdfgdfg)\n|\n|t:|1776178518\n|teamsize|p1|4\n|teamsize|p2|4\n|start\n|switch|p1a: Charizard|Charizard, L50, M|100/100\n|switch|p1b: Garchomp|Garchomp, L50, M|100/100\n|switch|p2a: Vivillon|Vivillon-Modern, L50, F|100/100\n|switch|p2b: Sneasler|Sneasler, L50, F|100/100\n|turn|1\n|inactive|BabyMathi has 30 seconds left.\n|inactive|fdhdfgdfgdfg has 30 seconds left.\n|\n|t:|1776178550\n|detailschange|p1a: Charizard|Charizard-Mega-Y, L50, M\n|-mega|p1a: Charizard|Charizard|Charizardite Y\n|-weather|SunnyDay|[from] ability: Drought|[of] p1a: Charizard\n|move|p2b: Sneasler|Fake Out|p1b: Garchomp\n|-damage|p1b: Garchomp|87/100\n|-damage|p2b: Sneasler|88/100|[from] ability: Rough Skin|[of] p1b: Garchomp\n|move|p2a: Vivillon|Tailwind|p2a: Vivillon\n|-sidestart|p2: fdhdfgdfgdfg|move: Tailwind\n|cant|p1b: Garchomp|flinch\n|move|p1a: Charizard|Heat Wave|p2b: Sneasler|[spread] p2a,p2b\n|-supereffective|p2a: Vivillon|1\n|-enditem|p2a: Vivillon|Focus Sash\n|-damage|p2a: Vivillon|1/100\n|-damage|p2b: Sneasler|2/100\n|\n|-weather|SunnyDay|[upkeep]\n|upkeep\n|turn|2\n|\n|t:|1776178570\n|switch|p1b: Incineroar|Incineroar, L50, M|100/100\n|-ability|p1b: Incineroar|Intimidate|boost\n|-unboost|p2a: Vivillon|atk|1\n|-unboost|p2b: Sneasler|atk|1\n|-enditem|p2b: Sneasler|White Herb\n|-clearnegativeboost|p2b: Sneasler|[silent]\n|move|p2b: Sneasler|Rock Slide|p1a: Charizard|[spread] p1a\n|-miss|p2b: Sneasler|p1b: Incineroar\n|-supereffective|p1a: Charizard|2\n|-damage|p1a: Charizard|0 fnt\n|faint|p1a: Charizard\n|move|p2a: Vivillon|Sleep Powder|p1b: Incineroar\n|-status|p1b: Incineroar|slp|[from] move: Sleep Powder\n|\n|-weather|SunnyDay|[upkeep]\n|upkeep\n|\n|t:|1776178584\n|switch|p1a: Garchomp|Garchomp, L50, M|87/100\n|turn|3\n|\n|t:|1776178592\n|move|p1a: Garchomp|Protect|p1a: Garchomp\n|-singleturn|p1a: Garchomp|Protect\n|cant|p1b: Incineroar|slp\n|move|p2b: Sneasler|Close Combat|p1b: Incineroar\n|-supereffective|p1b: Incineroar|1\n|-damage|p1b: Incineroar|0 fnt\n|-unboost|p2b: Sneasler|def|1\n|-unboost|p2b: Sneasler|spd|1\n|faint|p1b: Incineroar\n|move|p2a: Vivillon|Sleep Powder|p1a: Garchomp\n|-activate|p1a: Garchomp|move: Protect\n|\n|-weather|SunnyDay|[upkeep]\n|upkeep\n|\n|t:|1776178603\n|switch|p1b: Venusaur|Venusaur, L50, F|100/100\n|turn|4\n|\n|t:|1776178616\n|move|p2b: Sneasler|Close Combat|p1a: Garchomp\n|-damage|p1a: Garchomp|28/100\n|-unboost|p2b: Sneasler|def|1\n|-unboost|p2b: Sneasler|spd|1\n|-damage|p2b: Sneasler|0 fnt|[from] ability: Rough Skin|[of] p1a: Garchomp\n|faint|p2b: Sneasler\n|move|p2a: Vivillon|Rain Dance|p2a: Vivillon\n|-weather|RainDance\n|move|p1a: Garchomp|Rock Slide|p2a: Vivillon\n|-supereffective|p2a: Vivillon|2\n|-damage|p2a: Vivillon|0 fnt\n|faint|p2a: Vivillon\n|move|p1b: Venusaur|Sludge Bomb|p2: Vivillon|[notarget]\n|-fail|p1b: Venusaur\n|\n|-weather|RainDance|[upkeep]\n|-sideend|p2: fdhdfgdfgdfg|move: Tailwind\n|upkeep\n|\n|t:|1776178630\n|switch|p2b: Garchomp|Garchomp, L50, M|100/100\n|switch|p2a: Starmie|Starmie, L50|100/100\n|turn|5\n|\n|t:|1776178646\n|detailschange|p2a: Starmie|Starmie-Mega, L50\n|-mega|p2a: Starmie|Starmie|Starminite\n|move|p2b: Garchomp|Dragon Claw|p1a: Garchomp\n|-supereffective|p1a: Garchomp|1\n|-damage|p1a: Garchomp|0 fnt\n|-damage|p2b: Garchomp|88/100|[from] ability: Rough Skin|[of] p1a: Garchomp\n|faint|p1a: Garchomp\n|move|p2a: Starmie|Zen Headbutt|p1b: Venusaur|[miss]\n|-miss|p2a: Starmie|p1b: Venusaur\n|move|p1b: Venusaur|Sleep Powder|p2b: Garchomp|[miss]\n|-miss|p1b: Venusaur|p2b: Garchomp\n|\n|-weather|RainDance|[upkeep]\n|upkeep\n|turn|6\n|\n|t:|1776178658\n|move|p2b: Garchomp|Dragon Claw|p1b: Venusaur\n|-damage|p1b: Venusaur|44/100\n|move|p2a: Starmie|Zen Headbutt|p1b: Venusaur\n|-supereffective|p1b: Venusaur|1\n|-damage|p1b: Venusaur|0 fnt\n|faint|p1b: Venusaur\n|\n|win|fdhdfgdfgdfg\n|raw|BabyMathi's rating: 1162 &rarr; <strong>1138</strong><br />(-24 for losing)\n|raw|fdhdfgdfgdfg's rating: 1177 &rarr; <strong>1201</strong><br />(+24 for winning)\n|l|\u203dBabyMathi\n|player|p1|\n",
  "uploadtime": 1776179144,
  "views": 14,
  "formatid": "gen9championsvgc2026regma",
  "rating": 1138,
  "private": 0,
  "password": null
}