{
  "id": "gen9championsvgc2026regma-2584631137",
  "format": "[Gen 9 Champions] VGC 2026 Reg M-A",
  "players": [
    "raulicoluna",
    "etrdyfyiu"
  ],
  "log": "|j|\u2606raulicoluna\n|j|\u2606etrdyfyiu\n|t:|1776273267\n|gametype|doubles\n|player|p1|raulicoluna|volkner|1203\n|player|p2|etrdyfyiu|266|1217\n|gen|9\n|tier|[Gen 9 Champions] VGC 2026 Reg M-A\n|rated|\n|rule|Species Clause: Limit one of each Pok\u00e9mon\n|rule|Item Clause: Limit 1 of each item\n|clearpoke\n|poke|p1|Sneasler, L50, M|\n|poke|p1|Charizard, L50, F|\n|poke|p1|Venusaur, L50, M|\n|poke|p1|Dragapult, L50, F|\n|poke|p1|Garchomp, L50, M|\n|poke|p1|Kingambit, L50, F|\n|poke|p2|Palafin, L50, F|\n|poke|p2|Arcanine, L50, M|\n|poke|p2|Scizor, L50, M|\n|poke|p2|Tyranitar, L50, M|\n|poke|p2|Sneasler, L50, M|\n|poke|p2|Sinistcha, L50|\n|teampreview|4\n|inactive|Battle timer is ON: inactive players will automatically lose when time's up. (requested by raulicoluna)\n|j| thebeast4895\n|\n|t:|1776273314\n|teamsize|p1|4\n|teamsize|p2|4\n|start\n|switch|p1a: Sneasler|Sneasler, L50, M|100/100\n|switch|p1b: Kingambit|Kingambit, L50, F|100/100\n|switch|p2a: Tyranitar|Tyranitar, L50, M, shiny|100/100\n|switch|p2b: Sneasler|Sneasler, L50, M, shiny|100/100\n|-weather|Sandstorm|[from] ability: Sand Stream|[of] p2a: Tyranitar\n|turn|1\n|inactive|etrdyfyiu has 30 seconds left.\n|\n|t:|1776273351\n|move|p2a: Tyranitar|Protect|p2a: Tyranitar\n|-singleturn|p2a: Tyranitar|Protect\n|move|p1a: Sneasler|Fake Out|p2b: Sneasler\n|-damage|p2b: Sneasler|75/100\n|cant|p2b: Sneasler|flinch\n|move|p1b: Kingambit|Kowtow Cleave|p2b: Sneasler\n|-resisted|p2b: Sneasler|1\n|-damage|p2b: Sneasler|29/100\n|\n|-weather|Sandstorm|[upkeep]\n|-damage|p2b: Sneasler|23/100|[from] Sandstorm\n|-damage|p1a: Sneasler|95/100|[from] Sandstorm\n|upkeep\n|turn|2\n|inactive|etrdyfyiu has 30 seconds left.\n|\n|t:|1776273380\n|switch|p2a: Sinistcha|Sinistcha, L50|100/100\n|-heal|p2b: Sneasler|48/100|[from] ability: Hospitality|[of] p2a: Sinistcha\n|move|p2b: Sneasler|Protect|p2b: Sneasler\n|-singleturn|p2b: Sneasler|Protect\n|move|p1b: Kingambit|Protect|p1b: Kingambit\n|-singleturn|p1b: Kingambit|Protect\n|move|p1a: Sneasler|Close Combat|p2a: Sinistcha\n|-immune|p2a: Sinistcha\n|\n|-weather|Sandstorm|[upkeep]\n|-damage|p2b: Sneasler|43/100|[from] Sandstorm\n|-damage|p1a: Sneasler|89/100|[from] Sandstorm\n|-damage|p2a: Sinistcha|94/100|[from] Sandstorm\n|upkeep\n|turn|3\n|\n|t:|1776273395\n|switch|p1b: Charizard|Charizard, L50, F|100/100\n|move|p2a: Sinistcha|Rage Powder|p2a: Sinistcha\n|-singleturn|p2a: Sinistcha|move: Rage Powder\n|move|p2b: Sneasler|Close Combat|p1b: Charizard\n|-resisted|p1b: Charizard|1\n|-damage|p1b: Charizard|65/100\n|-unboost|p2b: Sneasler|def|1\n|-unboost|p2b: Sneasler|spd|1\n|-enditem|p2b: Sneasler|White Herb\n|-clearnegativeboost|p2b: Sneasler|[silent]\n|move|p1a: Sneasler|Dire Claw|p2a: Sinistcha\n|-damage|p2a: Sinistcha|53/100\n|\n|-weather|Sandstorm|[upkeep]\n|-damage|p2b: Sneasler|37/100|[from] Sandstorm\n|-damage|p1a: Sneasler|83/100|[from] Sandstorm\n|-damage|p1b: Charizard|59/100|[from] Sandstorm\n|-damage|p2a: Sinistcha|47/100|[from] Sandstorm\n|-enditem|p2a: Sinistcha|Sitrus Berry|[eat]\n|-heal|p2a: Sinistcha|72/100|[from] item: Sitrus Berry\n|upkeep\n|turn|4\n|inactive|raulicoluna has 30 seconds left.\n|\n|t:|1776273430\n|switch|p2b: Arcanine|Arcanine, L50, M, shiny|100/100\n|-ability|p2b: Arcanine|Intimidate|boost\n|-unboost|p1a: Sneasler|atk|1\n|-unboost|p1b: Charizard|atk|1\n|-enditem|p1a: Sneasler|White Herb\n|-clearnegativeboost|p1a: Sneasler|[silent]\n|switch|p1a: Venusaur|Venusaur, L50, M|100/100\n|move|p2a: Sinistcha|Protect|p2a: Sinistcha\n|-singleturn|p2a: Sinistcha|Protect\n|move|p1b: Charizard|Heat Wave|p2b: Arcanine|[spread] p2b\n|-activate|p2a: Sinistcha|move: Protect\n|-resisted|p2b: Arcanine|1\n|-damage|p2b: Arcanine|82/100\n|\n|-weather|Sandstorm|[upkeep]\n|-damage|p1b: Charizard|53/100|[from] Sandstorm\n|-damage|p2b: Arcanine|76/100|[from] Sandstorm\n|-damage|p1a: Venusaur|95/100|[from] Sandstorm\n|-damage|p2a: Sinistcha|66/100|[from] Sandstorm\n|upkeep\n|turn|5\n|inactive|etrdyfyiu has 30 seconds left.\n|\n|t:|1776273461\n|switch|p2a: Tyranitar|Tyranitar, L50, M, shiny|100/100\n|move|p1a: Venusaur|Protect|p1a: Venusaur\n|-singleturn|p1a: Venusaur|Protect\n|move|p1b: Charizard|Weather Ball|p2b: Arcanine\n|-supereffective|p2b: Arcanine|1\n|-damage|p2b: Arcanine|18/100\n|move|p2b: Arcanine|Flare Blitz|p1a: Venusaur\n|-activate|p1a: Venusaur|move: Protect\n|\n|-weather|none\n|upkeep\n|turn|6\n|\n|t:|1776273483\n|detailschange|p1b: Charizard|Charizard-Mega-Y, L50, F\n|-mega|p1b: Charizard|Charizard|Charizardite Y\n|-weather|SunnyDay|[from] ability: Drought|[of] p1b: Charizard\n|detailschange|p2a: Tyranitar|Tyranitar-Mega, L50, M, shiny\n|-mega|p2a: Tyranitar|Tyranitar|Tyranitarite\n|-weather|Sandstorm|[from] ability: Sand Stream|[of] p2a: Tyranitar\n|move|p1b: Charizard|Air Slash|p2b: Arcanine\n|-damage|p2b: Arcanine|0 fnt\n|faint|p2b: Arcanine\n|move|p1a: Venusaur|Energy Ball|p2a: Tyranitar\n|-supereffective|p2a: Tyranitar|1\n|-damage|p2a: Tyranitar|65/100\n|move|p2a: Tyranitar|Rock Slide|p1b: Charizard|[spread] p1b\n|-miss|p2a: Tyranitar|p1a: Venusaur\n|-supereffective|p1b: Charizard|2\n|-damage|p1b: Charizard|0 fnt\n|faint|p1b: Charizard\n|\n|-weather|Sandstorm|[upkeep]\n|-damage|p1a: Venusaur|89/100|[from] Sandstorm\n|upkeep\n|\n|t:|1776273501\n|switch|p1b: Sneasler|Sneasler, L50, M|83/100\n|switch|p2b: Sinistcha|Sinistcha, L50|66/100\n|-heal|p2a: Tyranitar|89/100|[from] ability: Hospitality|[of] p2b: Sinistcha\n|turn|7\n|inactive|etrdyfyiu has 30 seconds left.\n|inactive|etrdyfyiu has 20 seconds left.\n|\n|t:|1776273539\n|move|p1b: Sneasler|Feint|p2a: Tyranitar\n|-resisted|p2a: Tyranitar|1\n|-damage|p2a: Tyranitar|86/100\n|move|p2b: Sinistcha|Rage Powder|p2b: Sinistcha\n|-singleturn|p2b: Sinistcha|move: Rage Powder\n|move|p1a: Venusaur|Sleep Powder|p2a: Tyranitar|[miss]\n|-miss|p1a: Venusaur|p2a: Tyranitar\n|move|p2a: Tyranitar|Knock Off|p1a: Venusaur\n|-damage|p1a: Venusaur|25/100\n|-enditem|p1a: Venusaur|Focus Sash|[from] move: Knock Off|[of] p2a: Tyranitar\n|\n|-weather|Sandstorm|[upkeep]\n|-damage|p1b: Sneasler|78/100|[from] Sandstorm\n|-damage|p1a: Venusaur|19/100|[from] Sandstorm\n|-damage|p2b: Sinistcha|59/100|[from] Sandstorm\n|upkeep\n|turn|8\n|inactive|etrdyfyiu has 30 seconds left.\n|inactive|etrdyfyiu has 20 seconds left.\n|inactive|etrdyfyiu has 15 seconds left.\n|inactive|raulicoluna has 30 seconds left.\n|inactive|etrdyfyiu has 10 seconds left.\n|\n|t:|1776273588\n|switch|p2a: Sneasler|Sneasler, L50, M, shiny|37/100\n|move|p1a: Venusaur|Protect|p1a: Venusaur\n|-singleturn|p1a: Venusaur|Protect\n|move|p1b: Sneasler|Dire Claw|p2b: Sinistcha\n|-damage|p2b: Sinistcha|16/100\n|move|p2b: Sinistcha|Matcha Gotcha|p1a: Venusaur|[spread] p1b\n|-activate|p1a: Venusaur|move: Protect\n|-resisted|p1b: Sneasler|1\n|-damage|p1b: Sneasler|59/100\n|-heal|p2b: Sinistcha|24/100|[from] drain|[of] p1b: Sneasler\n|\n|-weather|Sandstorm|[upkeep]\n|-damage|p2a: Sneasler|31/100|[from] Sandstorm\n|-damage|p1b: Sneasler|53/100|[from] Sandstorm\n|-damage|p1a: Venusaur|13/100|[from] Sandstorm\n|-damage|p2b: Sinistcha|18/100|[from] Sandstorm\n|upkeep\n|turn|9\n|inactive|raulicoluna has 30 seconds left.\n|inactive|etrdyfyiu has 30 seconds left.\n|\n|t:|1776273626\n|move|p2a: Sneasler|Fake Out|p1a: Venusaur\n|-damage|p1a: Venusaur|0 fnt\n|faint|p1a: Venusaur\n|move|p2b: Sinistcha|Rage Powder|p2b: Sinistcha\n|-singleturn|p2b: Sinistcha|move: Rage Powder\n|move|p1b: Sneasler|Dire Claw|p2b: Sinistcha\n|-damage|p2b: Sinistcha|0 fnt\n|faint|p2b: Sinistcha\n|\n|-weather|Sandstorm|[upkeep]\n|-damage|p2a: Sneasler|25/100|[from] Sandstorm\n|-damage|p1b: Sneasler|48/100|[from] Sandstorm\n|upkeep\n|c| thebeast4895|fake out chip is interesting\n|c| thebeast4895|ngl\n|\n|t:|1776273637\n|switch|p1a: Kingambit|Kingambit, L50, F|100/100\n|switch|p2b: Tyranitar|Tyranitar-Mega, L50, M, shiny|86/100\n|turn|10\n|c| thebeast4895|tho im not in love with your situation\n|c|\u2606etrdyfyiu|you dont like?\n|c|\u2606etrdyfyiu|yeah its pretty nice\n|inactive|etrdyfyiu has 30 seconds left.\n|inactive|etrdyfyiu has 20 seconds left.\n|\n|t:|1776273673\n|move|p2b: Tyranitar|Protect|p2b: Tyranitar\n|-singleturn|p2b: Tyranitar|Protect\n|move|p1a: Kingambit|Sucker Punch|p2a: Sneasler\n|-resisted|p2a: Sneasler|1\n|-damage|p2a: Sneasler|0 fnt\n|faint|p2a: Sneasler\n|move|p1b: Sneasler|Close Combat|p2b: Tyranitar\n|-activate|p2b: Tyranitar|move: Protect\n|\n|-weather|none\n|upkeep\n|turn|11\n|c|\u2606etrdyfyiu|nvm bruh\n|\n|t:|1776273695\n|move|p1b: Sneasler|Close Combat|p2b: Tyranitar\n|-supereffective|p2b: Tyranitar|2\n|-damage|p2b: Tyranitar|0 fnt\n|-unboost|p1b: Sneasler|def|1\n|-unboost|p1b: Sneasler|spd|1\n|faint|p2b: Tyranitar\n|\n|win|raulicoluna\n|raw|raulicoluna's rating: 1203 &rarr; <strong>1229</strong><br />(+26 for winning)\n|raw|etrdyfyiu's rating: 1217 &rarr; <strong>1191</strong><br />(-26 for losing)\n",
  "uploadtime": 1776273700,
  "views": 37,
  "formatid": "gen9championsvgc2026regma",
  "rating": 1191,
  "private": 0,
  "password": null
}