{
  "id": "gen9championsvgc2026regma-2586978666",
  "format": "[Gen 9 Champions] VGC 2026 Reg M-A",
  "players": [
    "Alexander 365",
    "MegaAuraMaxxing"
  ],
  "log": "|j|\u2606Alexander 365\n|j|\u2606MegaAuraMaxxing\n|t:|1776477683\n|gametype|doubles\n|player|p1|Alexander 365|hilbert|1357\n|player|p2|MegaAuraMaxxing|red|1319\n|gen|9\n|tier|[Gen 9 Champions] VGC 2026 Reg M-A\n|rated|\n|rule|Species Clause: Limit one of each Pok\u00e9mon\n|rule|Item Clause: Limit 1 of each item\n|clearpoke\n|poke|p1|Greninja-*, L50, M|\n|poke|p1|Dragapult, L50, M|\n|poke|p1|Sneasler, L50, M|\n|poke|p1|Tsareena, L50, F|\n|poke|p1|Tyranitar, L50, M|\n|poke|p1|Excadrill, L50, M|\n|poke|p2|Gengar, L50, M|\n|poke|p2|Lucario, L50, M|\n|poke|p2|Tyranitar, L50, M|\n|poke|p2|Rotom-Wash, L50|\n|poke|p2|Corviknight, L50, M|\n|poke|p2|Clefable, L50, F|\n|teampreview|4\n|inactive|Battle timer is ON: inactive players will automatically lose when time's up. (requested by Alexander 365)\n|\n|t:|1776477702\n|teamsize|p1|4\n|teamsize|p2|4\n|start\n|switch|p1a: Greninja|Greninja, L50, M|100/100\n|switch|p1b: Sneasler|Sneasler, L50, M|100/100\n|switch|p2a: Clefable|Clefable, L50, F|100/100\n|switch|p2b: Corviknight|Corviknight, L50, M|100/100\n|turn|1\n|\n|t:|1776477716\n|detailschange|p1a: Greninja|Greninja-Mega, L50, M\n|-mega|p1a: Greninja|Greninja|Greninjite\n|move|p2a: Clefable|Protect|p2a: Clefable\n|-singleturn|p2a: Clefable|Protect\n|move|p1a: Greninja|Hydro Pump|p2b: Corviknight\n|-start|p1a: Greninja|typechange|Water|[from] ability: Protean\n|-damage|p2b: Corviknight|54/100\n|move|p1b: Sneasler|Dire Claw|p2a: Clefable\n|-activate|p2a: Clefable|move: Protect\n|move|p2b: Corviknight|Brave Bird|p1b: Sneasler\n|-supereffective|p1b: Sneasler|1\n|-damage|p1b: Sneasler|0 fnt\n|faint|p1b: Sneasler\n|-damage|p2b: Corviknight|26/100|[from] Recoil\n|\n|-heal|p2b: Corviknight|32/100|[from] item: Leftovers\n|upkeep\n|\n|t:|1776477729\n|switch|p1b: Dragapult|Dragapult, L50, M|100/100\n|turn|2\n|\n|t:|1776477735\n|move|p2a: Clefable|Follow Me|p2a: Clefable\n|-singleturn|p2a: Clefable|move: Follow Me\n|move|p1b: Dragapult|Shadow Ball|p2a: Clefable\n|-damage|p2a: Clefable|63/100\n|move|p1a: Greninja|Hydro Pump|p2a: Clefable|[miss]\n|-miss|p1a: Greninja|p2a: Clefable\n|move|p2b: Corviknight|Roost|p2b: Corviknight\n|-heal|p2b: Corviknight|82/100\n|-singleturn|p2b: Corviknight|move: Roost\n|\n|-heal|p2b: Corviknight|88/100|[from] item: Leftovers\n|upkeep\n|turn|3\n|\n|t:|1776477753\n|move|p1b: Dragapult|Shadow Ball|p2b: Corviknight\n|-damage|p2b: Corviknight|56/100\n|move|p1a: Greninja|Hydro Pump|p2b: Corviknight\n|-damage|p2b: Corviknight|2/100\n|move|p2b: Corviknight|Brave Bird|p1a: Greninja\n|-damage|p1a: Greninja|40/100\n|-damage|p2b: Corviknight|0 fnt|[from] Recoil\n|faint|p2b: Corviknight\n|move|p2a: Clefable|Moonblast|p1b: Dragapult\n|-supereffective|p1b: Dragapult|1\n|-damage|p1b: Dragapult|29/100\n|\n|upkeep\n|\n|t:|1776477763\n|switch|p2b: Rotom|Rotom-Wash, L50|100/100\n|turn|4\n|\n|t:|1776477772\n|move|p1b: Dragapult|Shadow Ball|p2a: Clefable\n|-damage|p2a: Clefable|28/100\n|-enditem|p2a: Clefable|Sitrus Berry|[eat]\n|-heal|p2a: Clefable|52/100|[from] item: Sitrus Berry\n|move|p2b: Rotom|Thunderbolt|p1a: Greninja\n|-supereffective|p1a: Greninja|1\n|-damage|p1a: Greninja|0 fnt\n|faint|p1a: Greninja\n|move|p2a: Clefable|Moonblast|p1b: Dragapult\n|-supereffective|p1b: Dragapult|1\n|-damage|p1b: Dragapult|0 fnt\n|faint|p1b: Dragapult\n|\n|upkeep\n|\n|t:|1776477781\n|switch|p1b: Tsareena|Tsareena, L50, F|100/100\n|turn|5\n|-message|Alexander 365 forfeited.\n|\n|win|MegaAuraMaxxing\n|raw|Alexander 365's rating: 1357 &rarr; <strong>1335</strong><br />(-22 for losing)\n|raw|MegaAuraMaxxing's rating: 1319 &rarr; <strong>1341</strong><br />(+22 for winning)\n|l|\u2606Alexander 365\n|player|p1|\n",
  "uploadtime": 1776477785,
  "views": 40,
  "formatid": "gen9championsvgc2026regma",
  "rating": 1335,
  "private": 0,
  "password": null
}