{
  "id": "gen9championsvgc2026regma-2582982887",
  "format": "[Gen 9 Champions] VGC 2026 Reg M-A",
  "players": [
    "drake888",
    "jj_axiii101"
  ],
  "log": "|j|\u2606drake888\n|j|\u2606jj_axiii101\n|t:|1776130630\n|gametype|doubles\n|player|p1|drake888|170|1086\n|player|p2|jj_axiii101|aaron|1023\n|gen|9\n|tier|[Gen 9 Champions] VGC 2026 Reg M-A\n|rated|\n|rule|Species Clause: Limit one of each Pok\u00e9mon\n|rule|Item Clause: Limit 1 of each item\n|clearpoke\n|poke|p1|Camerupt, L50, M|\n|poke|p1|Farigiraf, L50, F|\n|poke|p1|Ninetales-Alola, L50, M|\n|poke|p1|Manectric, L50, F|\n|poke|p1|Arbok, L50, F|\n|poke|p1|Mamoswine, L50, F|\n|poke|p2|Charizard, L50, M|\n|poke|p2|Venusaur, L50, F|\n|poke|p2|Garchomp, L50, M|\n|poke|p2|Rotom-Wash, L50|\n|poke|p2|Sneasler, L50, M|\n|poke|p2|Incineroar, L50, M|\n|teampreview|4\n|inactive|Battle timer is ON: inactive players will automatically lose when time's up. (requested by jj_axiii101)\njj_axiii101 rejected open team sheets.\n|\n|t:|1776130655\n|teamsize|p1|4\n|teamsize|p2|4\n|start\n|switch|p1a: Manectric|Manectric, L50, F|100/100\n|switch|p1b: Mamoswine|Mamoswine, L50, F|100/100\n|switch|p2a: Garchomp|Garchomp, L50, M|100/100\n|switch|p2b: Charizard|Charizard, L50, M|100/100\n|turn|1\n|c|\u2606jj_axiii101|mega manetric....\n|c|\u2606drake888|?\n|inactive|drake888 has 30 seconds left.\n|inactive|jj_axiii101 has 30 seconds left.\n|inactive|jj_axiii101 has 20 seconds left.\n|inactive|jj_axiii101 has 15 seconds left.\n|\n|t:|1776130700\n|detailschange|p1a: Manectric|Manectric-Mega, L50, F\n|-mega|p1a: Manectric|Manectric|Manectite\n|-ability|p1a: Manectric|Intimidate|boost\n|-unboost|p2a: Garchomp|atk|1\n|-unboost|p2b: Charizard|atk|1\n|move|p2a: Garchomp|Bulldoze|p1a: Manectric|[spread] p1a,p1b\n|-immune|p2b: Charizard\n|-supereffective|p1a: Manectric|1\n|-damage|p1a: Manectric|55/100\n|-damage|p1b: Mamoswine|81/100\n|-unboost|p1a: Manectric|spe|1\n|-unboost|p1b: Mamoswine|spe|1\n|move|p2b: Charizard|Heat Wave|p1a: Manectric|[spread] p1a,p1b\n|-supereffective|p1b: Mamoswine|1\n|-damage|p1a: Manectric|5/100\n|-damage|p1b: Mamoswine|0 fnt\n|faint|p1b: Mamoswine\n|move|p1a: Manectric|Thunderbolt|p2b: Charizard\n|-supereffective|p2b: Charizard|1\n|-damage|p2b: Charizard|0 fnt\n|faint|p2b: Charizard\n|\n|upkeep\n|c|\u2606jj_axiii101|oof\n|\n|t:|1776130717\n|switch|p2b: Rotom|Rotom-Wash, L50|100/100\n|switch|p1b: Ninetales|Ninetales-Alola, L50, M|100/100\n|-weather|Snowscape|[from] ability: Snow Warning|[of] p1b: Ninetales\n|turn|2\n|\n|t:|1776130732\n|switch|p1a: Farigiraf|Farigiraf, L50, F|100/100\n|move|p2a: Garchomp|Bulldoze|p1b: Ninetales|[spread] p1a,p1b\n|-immune|p2b: Rotom|[from] ability: Levitate\n|-damage|p1a: Farigiraf|88/100\n|-damage|p1b: Ninetales|87/100\n|-unboost|p1a: Farigiraf|spe|1\n|-unboost|p1b: Ninetales|spe|1\n|move|p1b: Ninetales|Aurora Veil|p1b: Ninetales\n|-sidestart|p1: drake888|move: Aurora Veil\n|move|p2b: Rotom|Hydro Pump|p1b: Ninetales\n|-damage|p1b: Ninetales|55/100\n|\n|-weather|Snowscape|[upkeep]\n|upkeep\n|turn|3\n|\n|t:|1776130747\n|move|p2a: Garchomp|Bulldoze|p1b: Ninetales|[spread] p1a,p1b\n|-immune|p2b: Rotom|[from] ability: Levitate\n|-damage|p1a: Farigiraf|78/100\n|-damage|p1b: Ninetales|47/100\n|-unboost|p1a: Farigiraf|spe|1\n|-unboost|p1b: Ninetales|spe|1\n|-enditem|p1b: Ninetales|Sitrus Berry|[eat]\n|-heal|p1b: Ninetales|72/100|[from] item: Sitrus Berry\n|move|p2b: Rotom|Hydro Pump|p1b: Ninetales\n|-damage|p1b: Ninetales|42/100\n|move|p1b: Ninetales|Moonblast|p2b: Rotom\n|-damage|p2b: Rotom|73/100\n|move|p1a: Farigiraf|Psychic|p2b: Rotom\n|-damage|p2b: Rotom|36/100\n|\n|-weather|Snowscape|[upkeep]\n|-heal|p2b: Rotom|42/100|[from] item: Leftovers\n|upkeep\n|turn|4\n|\n|t:|1776130769\n|switch|p2a: Venusaur|Venusaur, L50, F|100/100\n|move|p2b: Rotom|Protect|p2b: Rotom\n|-singleturn|p2b: Rotom|Protect\n|move|p1b: Ninetales|Moonblast|p2b: Rotom\n|-activate|p2b: Rotom|move: Protect\n|move|p1a: Farigiraf|Hyper Voice|p2b: Rotom|[spread] p2a\n|-activate|p2b: Rotom|move: Protect\n|-damage|p2a: Venusaur|74/100\n|\n|-weather|Snowscape|[upkeep]\n|-heal|p2b: Rotom|48/100|[from] item: Leftovers\n|upkeep\n|turn|5\n|\n|t:|1776130786\n|move|p2a: Venusaur|Sludge Bomb|p1b: Ninetales\n|-supereffective|p1b: Ninetales|1\n|-damage|p1b: Ninetales|0 fnt\n|faint|p1b: Ninetales\n|move|p2b: Rotom|Hydro Pump|p1a: Farigiraf|[miss]\n|-miss|p2b: Rotom|p1a: Farigiraf\n|move|p1a: Farigiraf|Psychic|p2a: Venusaur\n|-supereffective|p2a: Venusaur|1\n|-damage|p2a: Venusaur|0 fnt\n|faint|p2a: Venusaur\n|\n|-weather|Snowscape|[upkeep]\n|-heal|p2b: Rotom|53/100|[from] item: Leftovers\n|upkeep\n|\n|t:|1776130798\n|switch|p1b: Manectric|Manectric-Mega, L50, F|5/100\n|switch|p2a: Garchomp|Garchomp, L50, M|100/100\n|-ability|p1b: Manectric|Intimidate|boost\n|-unboost|p2a: Garchomp|atk|1\n|-unboost|p2b: Rotom|atk|1\n|turn|6\n|\n|t:|1776130809\n|move|p1b: Manectric|Protect|p1b: Manectric\n|-singleturn|p1b: Manectric|Protect\n|move|p2b: Rotom|Protect|p2b: Rotom\n|-singleturn|p2b: Rotom|Protect\n|move|p2a: Garchomp|Earthquake|p1b: Manectric|[spread] p1a\n|-activate|p2b: Rotom|move: Protect\n|-activate|p1b: Manectric|move: Protect\n|-damage|p1a: Farigiraf|64/100\n|move|p1a: Farigiraf|Trick Room|p1a: Farigiraf\n|-fieldstart|move: Trick Room|[of] p1a: Farigiraf\n|\n|-weather|none\n|-heal|p2b: Rotom|59/100|[from] item: Leftovers\n|-sideend|p1: drake888|move: Aurora Veil\n|upkeep\n|turn|7\n|\n|t:|1776130834\n|move|p1a: Farigiraf|Hyper Voice|p2b: Rotom|[spread] p2a,p2b\n|-damage|p2a: Garchomp|71/100\n|-damage|p2b: Rotom|30/100\n|move|p2b: Rotom|Hydro Pump|p1a: Farigiraf\n|-damage|p1a: Farigiraf|26/100\n|move|p1b: Manectric|Thunderbolt|p2b: Rotom\n|-damage|p2b: Rotom|0 fnt\n|faint|p2b: Rotom\n|move|p2a: Garchomp|Earthquake|p1b: Manectric|[spread] p1a,p1b\n|-supereffective|p1b: Manectric|1\n|-damage|p1a: Farigiraf|1/100\n|-damage|p1b: Manectric|0 fnt\n|faint|p1b: Manectric\n|\n|upkeep\n|turn|8\n|c|\u2606jj_axiii101|:000\n|\n|t:|1776130850\n|move|p1a: Farigiraf|Psychic|p2a: Garchomp\n|-damage|p2a: Garchomp|30/100\n|move|p2a: Garchomp|Earthquake|p1a: Farigiraf\n|-damage|p1a: Farigiraf|0 fnt\n|faint|p1a: Farigiraf\n|\n|win|jj_axiii101\n|raw|drake888's rating: 1086 &rarr; <strong>1059</strong><br />(-27 for losing)\n|raw|jj_axiii101's rating: 1023 &rarr; <strong>1066</strong><br />(+43 for winning)\n|c|\u2606jj_axiii101|gg\n|l|\u2606drake888\n|player|p1|\n",
  "uploadtime": 1776130875,
  "views": 11,
  "formatid": "gen9championsvgc2026regma",
  "rating": 1059,
  "private": 0,
  "password": null
}