{
  "id": "gen9championsvgc2026regma-2588593694",
  "format": "[Gen 9 Champions] VGC 2026 Reg M-A",
  "players": [
    "Yung Trav",
    "Guy523"
  ],
  "log": "|j|\u2606Yung Trav\n|j|\u2606Guy523\n|t:|1776648285\n|gametype|doubles\n|player|p1|Yung Trav|101|1438\n|player|p2|Guy523|guitarist|1484\n|gen|9\n|tier|[Gen 9 Champions] VGC 2026 Reg M-A\n|rated|\n|rule|Species Clause: Limit one of each Pok\u00e9mon\n|rule|Item Clause: Limit 1 of each item\n|clearpoke\n|poke|p1|Blastoise, L50, M, shiny|\n|poke|p1|Garchomp, L50, M, shiny|\n|poke|p1|Farigiraf, L50, F, shiny|\n|poke|p1|Aerodactyl, L50, M, shiny|\n|poke|p1|Torkoal, L50, M, shiny|\n|poke|p1|Meowscarada, L50, F, shiny|\n|poke|p2|Froslass, L50, F|\n|poke|p2|Aerodactyl, L50, F|\n|poke|p2|Kingambit, L50, F|\n|poke|p2|Sneasler, L50, F|\n|poke|p2|Arcanine-Hisui, L50, M|\n|poke|p2|Sinistcha, L50|\n|teampreview|4\n|inactive|Battle timer is ON: inactive players will automatically lose when time's up. (requested by Guy523)\n|inactive|Yung Trav also wants the timer to be on.\n|inactive|Yung Trav has 60 seconds left.\n|inactive|Guy523 has 60 seconds left.\n|\n|t:|1776648336\n|teamsize|p1|4\n|teamsize|p2|4\n|start\n|switch|p1a: Farigiraf|Farigiraf, L50, F, shiny|100/100\n|switch|p1b: Blastoise|Blastoise, L50, M, shiny|100/100\n|switch|p2a: Sneasler|Sneasler, L50, F|100/100\n|switch|p2b: Froslass|Froslass, L50, F|100/100\n|turn|1\n|\n|t:|1776648361\n|detailschange|p2b: Froslass|Froslass-Mega, L50, F\n|-mega|p2b: Froslass|Froslass|Froslassite\n|-weather|Snowscape|[from] ability: Snow Warning|[of] p2b: Froslass\n|detailschange|p1b: Blastoise|Blastoise-Mega, L50, M, shiny\n|-mega|p1b: Blastoise|Blastoise|Blastoisinite\n|move|p1b: Blastoise|Fake Out|p2a: Sneasler\n|-damage|p2a: Sneasler|85/100\n|move|p2b: Froslass|Blizzard|p1b: Blastoise|[spread] p1a,p1b\n|-resisted|p1b: Blastoise|1\n|-damage|p1a: Farigiraf|62/100\n|-damage|p1b: Blastoise|81/100\n|cant|p2a: Sneasler|flinch\n|move|p1a: Farigiraf|Trick Room|p1a: Farigiraf\n|-fieldstart|move: Trick Room|[of] p1a: Farigiraf\n|\n|-weather|Snowscape|[upkeep]\n|upkeep\n|turn|2\n|\n|t:|1776648378\n|switch|p2a: Sinistcha|Sinistcha, L50|100/100\n|move|p2b: Froslass|Protect|p2b: Froslass\n|-singleturn|p2b: Froslass|Protect\n|move|p1a: Farigiraf|Rain Dance|p1a: Farigiraf\n|-weather|RainDance\n|move|p1b: Blastoise|Water Spout|p2a: Sinistcha|[spread] p2a\n|-activate|p2b: Froslass|move: Protect\n|-resisted|p2a: Sinistcha|1\n|-damage|p2a: Sinistcha|48/100\n|-enditem|p2a: Sinistcha|Sitrus Berry|[eat]\n|-heal|p2a: Sinistcha|73/100|[from] item: Sitrus Berry\n|\n|-weather|RainDance|[upkeep]\n|upkeep\n|turn|3\n|\n|t:|1776648398\n|move|p1a: Farigiraf|Helping Hand|p1b: Blastoise\n|-singleturn|p1b: Blastoise|Helping Hand|[of] p1a: Farigiraf\n|move|p2a: Sinistcha|Matcha Gotcha|p1b: Blastoise|[spread] p1a,p1b\n|-supereffective|p1b: Blastoise|1\n|-damage|p1a: Farigiraf|32/100\n|-heal|p2a: Sinistcha|93/100|[from] drain|[of] p1a: Farigiraf\n|-damage|p1b: Blastoise|25/100\n|-heal|p2a: Sinistcha|100/100|[from] drain|[of] p1b: Blastoise\n|-status|p1a: Farigiraf|brn\n|move|p1b: Blastoise|Water Spout|p2a: Sinistcha|[spread] p2a,p2b\n|-resisted|p2a: Sinistcha|1\n|-damage|p2a: Sinistcha|80/100\n|-damage|p2b: Froslass|59/100\n|move|p2b: Froslass|Shadow Ball|p1b: Blastoise\n|-damage|p1b: Blastoise|0 fnt\n|faint|p1b: Blastoise\n|\n|-weather|RainDance|[upkeep]\n|-damage|p1a: Farigiraf|26/100 brn|[from] brn\n|upkeep\n|\n|t:|1776648420\n|switch|p1b: Torkoal|Torkoal, L50, M, shiny|100/100\n|-weather|SunnyDay|[from] ability: Drought|[of] p1b: Torkoal\n|turn|4\n|\n|t:|1776648438\n|switch|p2b: Arcanine|Arcanine-Hisui, L50, M|100/100\n|move|p1a: Farigiraf|Helping Hand|p1b: Torkoal\n|-singleturn|p1b: Torkoal|Helping Hand|[of] p1a: Farigiraf\n|move|p2a: Sinistcha|Protect|p2a: Sinistcha\n|-singleturn|p2a: Sinistcha|Protect\n|move|p1b: Torkoal|Eruption|p2a: Sinistcha|[spread] p2b\n|-activate|p2a: Sinistcha|move: Protect\n|-resisted|p2b: Arcanine|2\n|-damage|p2b: Arcanine|63/100\n|\n|-weather|SunnyDay|[upkeep]\n|-damage|p1a: Farigiraf|20/100 brn|[from] brn\n|upkeep\n|turn|5\n|\n|t:|1776648460\n|switch|p2a: Froslass|Froslass-Mega, L50, F|59/100\n|-weather|Snowscape|[from] ability: Snow Warning|[of] p2a: Froslass\n|move|p1a: Farigiraf|Helping Hand|p1b: Torkoal\n|-singleturn|p1b: Torkoal|Helping Hand|[of] p1a: Farigiraf\n|move|p1b: Torkoal|Eruption|p2a: Froslass|[spread] p2a,p2b\n|-supereffective|p2a: Froslass|1\n|-resisted|p2b: Arcanine|2\n|-damage|p2a: Froslass|0 fnt\n|-damage|p2b: Arcanine|39/100\n|faint|p2a: Froslass\n|move|p2b: Arcanine|Rock Slide|p1a: Farigiraf|[spread] p1a\n|-miss|p2b: Arcanine|p1b: Torkoal\n|-damage|p1a: Farigiraf|0 fnt\n|faint|p1a: Farigiraf\n|\n|-weather|Snowscape|[upkeep]\n|-fieldend|move: Trick Room\n|upkeep\n|\n|t:|1776648479\n|switch|p2a: Sinistcha|Sinistcha, L50|80/100\n|switch|p1a: Aerodactyl|Aerodactyl, L50, M, shiny|100/100\n|-ability|p1a: Aerodactyl|Unnerve\n|-heal|p2b: Arcanine|63/100|[from] ability: Hospitality|[of] p2a: Sinistcha\n|turn|6\n|\n|t:|1776648499\n|switch|p2a: Sneasler|Sneasler, L50, F|85/100\n|move|p2b: Arcanine|Protect|p2b: Arcanine\n|-singleturn|p2b: Arcanine|Protect\n|move|p1a: Aerodactyl|Rock Slide|p2b: Arcanine|[spread] p2a\n|-activate|p2b: Arcanine|move: Protect\n|-resisted|p2a: Sneasler|1\n|-damage|p2a: Sneasler|63/100\n|move|p1b: Torkoal|Heat Wave|p2a: Sneasler|[spread] p2a\n|-activate|p2b: Arcanine|move: Protect\n|-damage|p2a: Sneasler|9/100\n|\n|-weather|Snowscape|[upkeep]\n|upkeep\n|turn|7\n|\n|t:|1776648514\n|move|p1a: Aerodactyl|Protect|p1a: Aerodactyl\n|-singleturn|p1a: Aerodactyl|Protect\n|move|p1b: Torkoal|Protect|p1b: Torkoal\n|-singleturn|p1b: Torkoal|Protect\n|move|p2a: Sneasler|Fake Out|p1a: Aerodactyl\n|-activate|p1a: Aerodactyl|move: Protect\n|move|p2b: Arcanine|Rock Slide|p1b: Torkoal|[spread] \n|-activate|p1a: Aerodactyl|move: Protect\n|-activate|p1b: Torkoal|move: Protect\n|\n|-weather|Snowscape|[upkeep]\n|upkeep\n|turn|8\n|\n|t:|1776648531\n|switch|p2a: Sinistcha|Sinistcha, L50|80/100\n|-heal|p2b: Arcanine|88/100|[from] ability: Hospitality|[of] p2a: Sinistcha\n|move|p1a: Aerodactyl|Rock Slide|p2a: Sinistcha|[spread] p2a,p2b\n|-supereffective|p2b: Arcanine|1\n|-damage|p2a: Sinistcha|54/100\n|-damage|p2b: Arcanine|24/100\n|cant|p2b: Arcanine|flinch\n|move|p1b: Torkoal|Heat Wave|p2a: Sinistcha|[spread] p2b\n|-miss|p1b: Torkoal|p2a: Sinistcha\n|-resisted|p2b: Arcanine|2\n|-damage|p2b: Arcanine|14/100\n|\n|-weather|Snowscape|[upkeep]\n|upkeep\n|turn|9\n|inactive|Guy523 has 30 seconds left.\n|\n|t:|1776648561\n|move|p2b: Arcanine|Protect|p2b: Arcanine\n|-singleturn|p2b: Arcanine|Protect\n|move|p1a: Aerodactyl|Rock Slide|p2a: Sinistcha|[spread] p2a\n|-activate|p2b: Arcanine|move: Protect\n|-damage|p2a: Sinistcha|30/100\n|move|p1b: Torkoal|Heat Wave|p2a: Sinistcha|[spread] p2a\n|-activate|p2b: Arcanine|move: Protect\n|-supereffective|p2a: Sinistcha|1\n|-damage|p2a: Sinistcha|0 fnt\n|faint|p2a: Sinistcha\n|\n|-weather|none\n|upkeep\n|\n|t:|1776648563\n|switch|p2a: Sneasler|Sneasler, L50, F|9/100\n|turn|10\n|\n|t:|1776648577\n|move|p1a: Aerodactyl|Protect|p1a: Aerodactyl\n|-singleturn|p1a: Aerodactyl|Protect\n|move|p1b: Torkoal|Protect|p1b: Torkoal\n|-singleturn|p1b: Torkoal|Protect\n|move|p2a: Sneasler|Fake Out|p1a: Aerodactyl\n|-activate|p1a: Aerodactyl|move: Protect\n|move|p2b: Arcanine|Rock Slide|p1a: Aerodactyl|[spread] \n|-activate|p1a: Aerodactyl|move: Protect\n|-activate|p1b: Torkoal|move: Protect\n|\n|upkeep\n|turn|11\n|\n|t:|1776648598\n|move|p1a: Aerodactyl|Rock Slide|p2a: Sneasler|[spread] p2b\n|-miss|p1a: Aerodactyl|p2a: Sneasler\n|-supereffective|p2b: Arcanine|1\n|-damage|p2b: Arcanine|0 fnt\n|faint|p2b: Arcanine\n|move|p2a: Sneasler|Close Combat|p1b: Torkoal\n|-damage|p1b: Torkoal|45/100\n|-unboost|p2a: Sneasler|def|1\n|-unboost|p2a: Sneasler|spd|1\n|-enditem|p2a: Sneasler|White Herb\n|-clearnegativeboost|p2a: Sneasler|[silent]\n|move|p1b: Torkoal|Heat Wave|p2a: Sneasler\n|-damage|p2a: Sneasler|0 fnt\n|faint|p2a: Sneasler\n|\n|win|Yung Trav\n|raw|Yung Trav's rating: 1438 &rarr; <strong>1461</strong><br />(+23 for winning)\n|raw|Guy523's rating: 1484 &rarr; <strong>1461</strong><br />(-23 for losing)\n|l|\u2606Guy523\n|player|p2|\n|l|\u2606Yung Trav\n|player|p1|\n",
  "uploadtime": 1776648604,
  "views": 10,
  "formatid": "gen9championsvgc2026regma",
  "rating": 1461,
  "private": 0,
  "password": null
}