{
  "id": "gen9championsvgc2026regma-2583321690",
  "format": "[Gen 9 Champions] VGC 2026 Reg M-A",
  "players": [
    "Leumas_6",
    "KogaAF1219"
  ],
  "log": "|j|\u2606Leumas_6\n|j|\u2606KogaAF1219\n|t:|1776166726\n|gametype|doubles\n|player|p1|Leumas_6|lucas-gen4pt|1137\n|player|p2|KogaAF1219|koga|1234\n|gen|9\n|tier|[Gen 9 Champions] VGC 2026 Reg M-A\n|rated|\n|rule|Species Clause: Limit one of each Pok\u00e9mon\n|rule|Item Clause: Limit 1 of each item\n|clearpoke\n|poke|p1|Delphox, L50, F|\n|poke|p1|Basculegion, L50, M|\n|poke|p1|Clefable, L50, F|\n|poke|p1|Kingambit, L50, M|\n|poke|p1|Dragonite, L50, F|\n|poke|p1|Sneasler, L50, F|\n|poke|p2|Torkoal, L50, F|\n|poke|p2|Venusaur, L50, M|\n|poke|p2|Incineroar, L50, F|\n|poke|p2|Farigiraf, L50, F|\n|poke|p2|Rotom-Fan, L50|\n|poke|p2|Excadrill, L50, F|\n|teampreview|4\n|j| rohit_t10\n|inactive|Battle timer is ON: inactive players will automatically lose when time's up. (requested by Leumas_6)\n|inactive|Leumas_6 has 60 seconds left.\n|l| rohit_t10\n|\n|t:|1776166794\n|teamsize|p1|4\n|teamsize|p2|4\n|start\n|switch|p1a: Dragonite|Dragonite, L50, F|100/100\n|switch|p1b: Sneasler|Sneasler, L50, F|100/100\n|switch|p2a: Rotom|Rotom-Fan, L50|100/100\n|switch|p2b: Farigiraf|Farigiraf, L50, F|100/100\n|turn|1\n|inactive|Leumas_6 has 30 seconds left.\n|inactive|Leumas_6 has 20 seconds left.\n|\n|t:|1776166833\n|move|p2a: Rotom|Volt Switch|p1a: Dragonite\n|-damage|p1a: Dragonite|87/100\n|\n|t:|1776166839\n|switch|p2a: Incineroar|Incineroar, L50, F|100/100|[from] Volt Switch\n|-ability|p2a: Incineroar|Intimidate|boost\n|-unboost|p1a: Dragonite|atk|1\n|-unboost|p1b: Sneasler|atk|1\n|move|p1b: Sneasler|Dire Claw|p2b: Farigiraf\n|-damage|p2b: Farigiraf|72/100\n|move|p1a: Dragonite|Scale Shot|p2a: Incineroar\n|-damage|p2a: Incineroar|90/100\n|-crit|p2a: Incineroar\n|-damage|p2a: Incineroar|69/100\n|-hitcount|p2a: Incineroar|2\n|-unboost|p1a: Dragonite|def|1\n|-boost|p1a: Dragonite|spe|1\n|move|p2b: Farigiraf|Trick Room|p2b: Farigiraf\n|-fieldstart|move: Trick Room|[of] p2b: Farigiraf\n|\n|upkeep\n|turn|2\n|inactive|Leumas_6 has 30 seconds left.\n|\n|t:|1776166869\n|move|p2b: Farigiraf|Charge Beam|p1a: Dragonite|[miss]\n|-miss|p2b: Farigiraf|p1a: Dragonite\n|move|p2a: Incineroar|Flare Blitz|p1b: Sneasler\n|-damage|p1b: Sneasler|7/100\n|-damage|p2a: Incineroar|46/100|[from] Recoil\n|move|p1b: Sneasler|Dire Claw|p2b: Farigiraf\n|-damage|p2b: Farigiraf|42/100\n|move|p1a: Dragonite|Scale Shot|p2a: Incineroar\n|-damage|p2a: Incineroar|36/100\n|-damage|p2a: Incineroar|27/100\n|-hitcount|p2a: Incineroar|2\n|-unboost|p1a: Dragonite|def|1\n|-boost|p1a: Dragonite|spe|1\n|\n|upkeep\n|turn|3\n|\n|t:|1776166891\n|move|p1a: Dragonite|Extreme Speed||[still]\n|cant|p2b: Farigiraf|ability: Armor Tail|Extreme Speed|[of] p1a: Dragonite\n|move|p2b: Farigiraf|Hyper Voice|p1b: Sneasler|[spread] p1a,p1b\n|-damage|p1a: Dragonite|52/100\n|-damage|p1b: Sneasler|0 fnt\n|faint|p1b: Sneasler\n|move|p2a: Incineroar|Parting Shot|p1a: Dragonite\n|-unboost|p1a: Dragonite|atk|1\n|-unboost|p1a: Dragonite|spa|1\n|\n|t:|1776166897\n|switch|p2a: Torkoal|Torkoal, L50, F|100/100|[from] Parting Shot\n|-weather|SunnyDay|[from] ability: Drought|[of] p2a: Torkoal\n|\n|-weather|SunnyDay|[upkeep]\n|upkeep\n|\n|t:|1776166903\n|switch|p1b: Delphox|Delphox, L50, F|100/100\n|turn|4\n|\n|t:|1776166926\n|switch|p1a: Clefable|Clefable, L50, F|100/100\n|detailschange|p1b: Delphox|Delphox-Mega, L50, F\n|-mega|p1b: Delphox|Delphox|Delphoxite\n|move|p2a: Torkoal|Eruption|p1b: Delphox|[spread] p1a,p1b\n|-crit|p1a: Clefable\n|-resisted|p1b: Delphox|1\n|-damage|p1a: Clefable|0 fnt\n|-damage|p1b: Delphox|64/100\n|faint|p1a: Clefable\n|move|p2b: Farigiraf|Hyper Voice|p1b: Delphox\n|-damage|p1b: Delphox|24/100\n|move|p1b: Delphox|Heat Wave|p2a: Torkoal|[spread] p2a,p2b\n|-resisted|p2a: Torkoal|1\n|-damage|p2a: Torkoal|58/100\n|-damage|p2b: Farigiraf|0 fnt\n|faint|p2b: Farigiraf\n|\n|-weather|SunnyDay|[upkeep]\n|upkeep\n|\n|t:|1776166941\n|switch|p2b: Incineroar|Incineroar, L50, F|27/100\n|switch|p1a: Dragonite|Dragonite, L50, F|52/100\n|-ability|p2b: Incineroar|Intimidate|boost\n|-unboost|p1a: Dragonite|atk|1\n|-unboost|p1b: Delphox|atk|1\n|turn|5\n|\n|t:|1776166960\n|move|p1a: Dragonite|Protect|p1a: Dragonite\n|-singleturn|p1a: Dragonite|Protect\n|move|p1b: Delphox|Protect|p1b: Delphox\n|-singleturn|p1b: Delphox|Protect\n|move|p2b: Incineroar|Fake Out|p1a: Dragonite\n|-activate|p1a: Dragonite|move: Protect\n|move|p2a: Torkoal|Eruption|p1a: Dragonite|[spread] \n|-activate|p1a: Dragonite|move: Protect\n|-activate|p1b: Delphox|move: Protect\n|\n|-weather|SunnyDay|[upkeep]\n|-fieldend|move: Trick Room\n|upkeep\n|turn|6\n|\n|t:|1776166981\n|move|p1b: Delphox|Heat Wave|p2b: Incineroar|[spread] p2b\n|-miss|p1b: Delphox|p2a: Torkoal\n|-resisted|p2b: Incineroar|1\n|-damage|p2b: Incineroar|0 fnt\n|faint|p2b: Incineroar\n|move|p1a: Dragonite|Scale Shot|p2a: Torkoal\n|-crit|p2a: Torkoal\n|-damage|p2a: Torkoal|41/100\n|-damage|p2a: Torkoal|33/100\n|-damage|p2a: Torkoal|24/100\n|-hitcount|p2a: Torkoal|3\n|-unboost|p1a: Dragonite|def|1\n|-boost|p1a: Dragonite|spe|1\n|move|p2a: Torkoal|Heat Wave|p1b: Delphox|[spread] p1a,p1b\n|-resisted|p1a: Dragonite|1\n|-resisted|p1b: Delphox|1\n|-damage|p1a: Dragonite|26/100\n|-damage|p1b: Delphox|0 fnt\n|faint|p1b: Delphox\n|\n|-weather|SunnyDay|[upkeep]\n|upkeep\n|\n|t:|1776166989\n|switch|p2b: Rotom|Rotom-Fan, L50|100/100\n|turn|7\n|\n|t:|1776167002\n|move|p1a: Dragonite|Extreme Speed|p2a: Torkoal\n|-damage|p2a: Torkoal|7/100\n|move|p2b: Rotom|Volt Switch|p1a: Dragonite\n|-damage|p1a: Dragonite|0 fnt\n|faint|p1a: Dragonite\n|\n|win|KogaAF1219\n|raw|Leumas_6's rating: 1137 &rarr; <strong>1119</strong><br />(-18 for losing)\n|raw|KogaAF1219's rating: 1234 &rarr; <strong>1252</strong><br />(+18 for winning)\n",
  "uploadtime": 1776167007,
  "views": 15,
  "formatid": "gen9championsvgc2026regma",
  "rating": 1119,
  "private": 0,
  "password": null
}