{
  "id": "gen9championsvgc2026regma-2584722635",
  "format": "[Gen 9 Champions] VGC 2026 Reg M-A",
  "players": [
    "Lerminlime",
    "BIG MAN PRINGLE!!!"
  ],
  "log": "|j|\u2606Lerminlime\n|j|\u2606BIG MAN PRINGLE!!!\n|t:|1776279106\n|gametype|doubles\n|player|p1|Lerminlime|2|1372\n|player|p2|BIG MAN PRINGLE!!!|steven|1485\n|gen|9\n|tier|[Gen 9 Champions] VGC 2026 Reg M-A\n|rated|\n|rule|Species Clause: Limit one of each Pok\u00e9mon\n|rule|Item Clause: Limit 1 of each item\n|clearpoke\n|poke|p1|Sneasler, L50, F|\n|poke|p1|Whimsicott, L50, F|\n|poke|p1|Golurk, L50|\n|poke|p1|Garchomp, L50, F|\n|poke|p1|Aggron, L50, F|\n|poke|p1|Delphox, L50, M|\n|poke|p2|Floette-Eternal, L50, F|\n|poke|p2|Incineroar, L50, M|\n|poke|p2|Basculegion, L50, M|\n|poke|p2|Sinistcha, L50|\n|poke|p2|Aerodactyl, L50, F|\n|poke|p2|Sneasler, L50, F|\n|teampreview|4\n|inactive|Battle timer is ON: inactive players will automatically lose when time's up. (requested by Lerminlime)\n|\n|t:|1776279118\n|teamsize|p1|4\n|teamsize|p2|4\n|start\n|switch|p1a: Sneasler|Sneasler, L50, F, shiny|100/100\n|switch|p1b: Aggron|Aggron, L50, F, shiny|100/100\n|switch|p2a: Aerodactyl|Aerodactyl, L50, F|100/100\n|switch|p2b: Incineroar|Incineroar, L50, M|100/100\n|-ability|p2a: Aerodactyl|Unnerve\n|-ability|p2b: Incineroar|Intimidate|boost\n|-unboost|p1a: Sneasler|atk|1\n|-unboost|p1b: Aggron|atk|1\n|-enditem|p1a: Sneasler|White Herb\n|-clearnegativeboost|p1a: Sneasler|[silent]\n|turn|1\n|\n|t:|1776279136\n|move|p1a: Sneasler|Protect|p1a: Sneasler\n|-singleturn|p1a: Sneasler|Protect\n|move|p2b: Incineroar|Fake Out|p1b: Aggron\n|-resisted|p1b: Aggron|2\n|-damage|p1b: Aggron|99/100\n|move|p2a: Aerodactyl|Tailwind|p2a: Aerodactyl\n|-sidestart|p2: BIG MAN PRINGLE!!!|move: Tailwind\n|cant|p1b: Aggron|flinch\n|\n|-heal|p1b: Aggron|100/100|[from] item: Leftovers\n|upkeep\n|turn|2\n|\n|t:|1776279156\n|move|p2a: Aerodactyl|Dual Wingbeat|p1a: Sneasler\n|-supereffective|p1a: Sneasler|1\n|-damage|p1a: Sneasler|43/100\n|-supereffective|p1a: Sneasler|1\n|-damage|p1a: Sneasler|0 fnt\n|faint|p1a: Sneasler\n|-hitcount|p1: Sneasler|2\n|move|p2b: Incineroar|Parting Shot|p1b: Aggron\n|-unboost|p1b: Aggron|atk|1\n|-unboost|p1b: Aggron|spa|1\n|\n|t:|1776279164\n|switch|p2b: Basculegion|Basculegion, L50, M|100/100|[from] Parting Shot\n|move|p1b: Aggron|Rock Slide|p2a: Aerodactyl|[spread] p2a,p2b\n|-supereffective|p2a: Aerodactyl|1\n|-damage|p2a: Aerodactyl|58/100\n|-damage|p2b: Basculegion|83/100\n|\n|upkeep\n|\n|t:|1776279171\n|switch|p1a: Garchomp|Garchomp, L50, F|100/100\n|turn|3\n|\n|t:|1776279187\n|move|p2b: Basculegion|Flip Turn|p1a: Garchomp\n|-damage|p1a: Garchomp|64/100\n|-damage|p2b: Basculegion|70/100|[from] ability: Rough Skin|[of] p1a: Garchomp\n|\n|t:|1776279189\n|switch|p2b: Incineroar|Incineroar, L50, M|100/100|[from] Flip Turn\n|-ability|p2b: Incineroar|Intimidate|boost\n|-unboost|p1a: Garchomp|atk|1\n|-unboost|p1b: Aggron|atk|1\n|move|p2a: Aerodactyl|Rock Slide|p1a: Garchomp|[spread] p1b\n|-miss|p2a: Aerodactyl|p1a: Garchomp\n|-resisted|p1b: Aggron|1\n|-damage|p1b: Aggron|93/100\n|move|p1a: Garchomp|Rock Slide|p2a: Aerodactyl|[spread] p2a,p2b\n|-supereffective|p2a: Aerodactyl|1\n|-supereffective|p2b: Incineroar|1\n|-damage|p2a: Aerodactyl|16/100\n|-damage|p2b: Incineroar|78/100\n|move|p1b: Aggron|Stealth Rock|p2a: Aerodactyl\n|-sidestart|p2: BIG MAN PRINGLE!!!|move: Stealth Rock\n|\n|-heal|p1b: Aggron|99/100|[from] item: Leftovers\n|upkeep\n|turn|4\n|inactive|BIG MAN PRINGLE!!! has 30 seconds left.\n|inactive|BIG MAN PRINGLE!!! has 20 seconds left.\n|inactive|BIG MAN PRINGLE!!! has 15 seconds left.\n|\n|t:|1776279231\n|switch|p1b: Delphox|Delphox, L50, M, shiny|100/100\n|move|p2a: Aerodactyl|Protect|p2a: Aerodactyl\n|-singleturn|p2a: Aerodactyl|Protect\n|move|p2b: Incineroar|Fake Out|p1a: Garchomp\n|-damage|p1a: Garchomp|54/100\n|-damage|p2b: Incineroar|65/100|[from] ability: Rough Skin|[of] p1a: Garchomp\n|cant|p1a: Garchomp|flinch\n|\n|-sideend|p2: BIG MAN PRINGLE!!!|move: Tailwind\n|upkeep\n|turn|5\n|\n|t:|1776279246\n|detailschange|p1b: Delphox|Delphox-Mega, L50, M, shiny\n|-mega|p1b: Delphox|Delphox|Delphoxite\n|move|p1a: Garchomp|Rock Slide|p2a: Aerodactyl|[spread] \n|-miss|p1a: Garchomp|p2a: Aerodactyl\n|-miss|p1a: Garchomp|p2b: Incineroar\n|move|p2a: Aerodactyl|Tailwind|p2a: Aerodactyl\n|-sidestart|p2: BIG MAN PRINGLE!!!|move: Tailwind\n|move|p1b: Delphox|Dazzling Gleam|p2b: Incineroar|[spread] p2a,p2b\n|-damage|p2a: Aerodactyl|0 fnt\n|-damage|p2b: Incineroar|45/100\n|-enditem|p2b: Incineroar|Sitrus Berry|[eat]\n|-heal|p2b: Incineroar|69/100|[from] item: Sitrus Berry\n|faint|p2a: Aerodactyl\n|move|p2b: Incineroar|Parting Shot|p1a: Garchomp\n|-unboost|p1a: Garchomp|atk|1\n|-unboost|p1a: Garchomp|spa|1\n|\n|t:|1776279263\n|switch|p2b: Basculegion|Basculegion, L50, M|70/100|[from] Parting Shot\n|-damage|p2b: Basculegion|58/100|[from] Stealth Rock\n|\n|upkeep\n|\n|t:|1776279265\n|switch|p2a: Incineroar|Incineroar, L50, M|69/100\n|-damage|p2a: Incineroar|45/100|[from] Stealth Rock\n|-ability|p2a: Incineroar|Intimidate|boost\n|-unboost|p1a: Garchomp|atk|1\n|-unboost|p1b: Delphox|atk|1\n|turn|6\n|\n|t:|1776279279\n|switch|p1a: Aggron|Aggron, L50, F, shiny|99/100\n|move|p1b: Delphox|Protect|p1b: Delphox\n|-singleturn|p1b: Delphox|Protect\n|move|p2b: Basculegion|Wave Crash|p1b: Delphox\n|-activate|p1b: Delphox|move: Protect\n|move|p2a: Incineroar|Parting Shot|p1a: Aggron\n|-unboost|p1a: Aggron|atk|1\n|-unboost|p1a: Aggron|spa|1\n|\n|t:|1776279282\n|switch|p2a: Floette|Floette-Eternal, L50, F|100/100|[from] Parting Shot\n|-damage|p2a: Floette|88/100|[from] Stealth Rock\n|\n|-heal|p1a: Aggron|100/100|[from] item: Leftovers\n|upkeep\n|turn|7\n|\n|t:|1776279301\n|detailschange|p2a: Floette|Floette-Mega, L50, F\n|-mega|p2a: Floette|Floette|Floettite\n|-ability|p2a: Floette|Fairy Aura\n|move|p2b: Basculegion|Wave Crash|p1b: Delphox\n|-supereffective|p1b: Delphox|1\n|-damage|p1b: Delphox|0 fnt\n|faint|p1b: Delphox\n|-damage|p2b: Basculegion|33/100|[from] Recoil\n|move|p2a: Floette|Dazzling Gleam|p1a: Aggron\n|-resisted|p1a: Aggron|1\n|-damage|p1a: Aggron|44/100\n|move|p1a: Aggron|Endeavor|p2a: Floette\n|-damage|p2a: Floette|36/100\n|\n|-heal|p1a: Aggron|50/100|[from] item: Leftovers\n|upkeep\n|\n|t:|1776279316\n|switch|p1b: Garchomp|Garchomp, L50, F|54/100\n|turn|8\n|\n|t:|1776279333\n|move|p2b: Basculegion|Wave Crash|p1b: Garchomp\n|-damage|p1b: Garchomp|0 fnt\n|-damage|p2b: Basculegion|20/100|[from] ability: Rough Skin|[of] p1b: Garchomp\n|faint|p1b: Garchomp\n|-damage|p2b: Basculegion|3/100|[from] Recoil\n|move|p2a: Floette|Dazzling Gleam|p1a: Aggron\n|-resisted|p1a: Aggron|1\n|-damage|p1a: Aggron|0 fnt\n|faint|p1a: Aggron\n|\n|win|BIG MAN PRINGLE!!!\n|raw|Lerminlime's rating: 1372 &rarr; <strong>1358</strong><br />(-14 for losing)\n|raw|BIG MAN PRINGLE!!!'s rating: 1485 &rarr; <strong>1499</strong><br />(+14 for winning)\n",
  "uploadtime": 1776279344,
  "views": 30,
  "formatid": "gen9championsvgc2026regma",
  "rating": 1358,
  "private": 0,
  "password": null
}