{
  "id": "gen9championsvgc2026regma-2584839777",
  "format": "[Gen 9 Champions] VGC 2026 Reg M-A",
  "players": [
    "gamerboy20000",
    "jyotsha"
  ],
  "log": "|j|\u2606gamerboy20000\n|j|\u2606jyotsha\n|t:|1776287701\n|gametype|doubles\n|player|p1|gamerboy20000|266|1143\n|player|p2|jyotsha|101|1188\n|gen|9\n|tier|[Gen 9 Champions] VGC 2026 Reg M-A\n|rated|\n|rule|Species Clause: Limit one of each Pok\u00e9mon\n|rule|Item Clause: Limit 1 of each item\n|clearpoke\n|poke|p1|Incineroar, L50, M|\n|poke|p1|Floette-Eternal, L50, F|\n|poke|p1|Whimsicott, L50, M|\n|poke|p1|Aegislash, L50, M|\n|poke|p1|Froslass, L50, F|\n|poke|p1|Kangaskhan, L50, F|\n|poke|p2|Primarina, L50, F|\n|poke|p2|Sinistcha, L50|\n|poke|p2|Sableye, L50, M|\n|poke|p2|Basculegion, L50, M|\n|poke|p2|Charizard, L50, F|\n|poke|p2|Incineroar, L50, F|\n|teampreview|4\n|inactive|Battle timer is ON: inactive players will automatically lose when time's up. (requested by jyotsha)\n|inactive|jyotsha has 60 seconds left.\n|\n|t:|1776287735\n|teamsize|p1|4\n|teamsize|p2|4\n|start\n|switch|p1a: Whimsicott|Whimsicott, L50, M, shiny|100/100\n|switch|p1b: Floette|Floette-Eternal, L50, F|100/100\n|switch|p2a: Sableye|Sableye, L50, M|100/100\n|switch|p2b: Primarina|Primarina, L50, F|100/100\n|turn|1\n|inactive|jyotsha has 30 seconds left.\n|\n|t:|1776287764\n|detailschange|p1b: Floette|Floette-Mega, L50, F\n|-mega|p1b: Floette|Floette|Floettite\n|-ability|p1b: Floette|Fairy Aura\n|move|p1b: Floette|Protect|p1b: Floette\n|-singleturn|p1b: Floette|Protect\n|move|p2a: Sableye|Encore||[still]\n|-fail|p2a: Sableye\n|move|p1a: Whimsicott|Moonblast|p2a: Sableye\n|-supereffective|p2a: Sableye|1\n|-crit|p2a: Sableye\n|-damage|p2a: Sableye|0 fnt\n|faint|p2a: Sableye\n|move|p2b: Primarina|Calm Mind|p2b: Primarina\n|-boost|p2b: Primarina|spa|1\n|-boost|p2b: Primarina|spd|1\n|\n|upkeep\n|\n|t:|1776287774\n|switch|p2a: Sinistcha|Sinistcha, L50|100/100\n|turn|2\n|\n|t:|1776287786\n|move|p1b: Floette|Moonblast|p2b: Primarina\n|-damage|p2b: Primarina|57/100\n|move|p1a: Whimsicott|Moonblast|p2b: Primarina\n|-damage|p2b: Primarina|31/100\n|move|p2a: Sinistcha|Matcha Gotcha|p1b: Floette|[spread] p1a,p1b\n|-resisted|p1a: Whimsicott|1\n|-damage|p1a: Whimsicott|87/100\n|-damage|p1b: Floette|82/100\n|move|p2b: Primarina|Calm Mind|p2b: Primarina\n|-boost|p2b: Primarina|spa|1\n|-boost|p2b: Primarina|spd|1\n|\n|-heal|p2b: Primarina|37/100|[from] item: Leftovers\n|upkeep\n|turn|3\n|\n|t:|1776287811\n|move|p2b: Primarina|Protect|p2b: Primarina\n|-singleturn|p2b: Primarina|Protect\n|move|p1a: Whimsicott|Encore|p2b: Primarina\n|-activate|p2b: Primarina|move: Protect\n|move|p1b: Floette|Dazzling Gleam|p2a: Sinistcha|[spread] p2a\n|-activate|p2b: Primarina|move: Protect\n|-damage|p2a: Sinistcha|57/100\n|move|p2a: Sinistcha|Trick Room|p2a: Sinistcha\n|-fieldstart|move: Trick Room|[of] p2a: Sinistcha\n|\n|-heal|p2b: Primarina|43/100|[from] item: Leftovers\n|upkeep\n|turn|4\n|\n|t:|1776287825\n|move|p1a: Whimsicott|Encore|p2b: Primarina\n|-start|p2b: Primarina|Encore\n|move|p2b: Primarina|Protect||[still]\n|-fail|p2b: Primarina\n|move|p2a: Sinistcha|Life Dew|p2a: Sinistcha|[spread] p2a,p2b\n|-heal|p2a: Sinistcha|82/100\n|-heal|p2b: Primarina|68/100\n|move|p1b: Floette|Energy Ball|p2b: Primarina\n|-supereffective|p2b: Primarina|1\n|-damage|p2b: Primarina|35/100\n|\n|-heal|p2b: Primarina|41/100|[from] item: Leftovers\n|upkeep\n|turn|5\n|\n|t:|1776287844\n|move|p2b: Primarina|Protect|p2b: Primarina\n|-singleturn|p2b: Primarina|Protect\n|move|p1a: Whimsicott|Encore|p2a: Sinistcha\n|-start|p2a: Sinistcha|Encore\n|move|p2a: Sinistcha|Life Dew|p2a: Sinistcha|[spread] p2a,p2b\n|-heal|p2a: Sinistcha|100/100\n|-heal|p2b: Primarina|66/100\n|move|p1b: Floette|Energy Ball|p2b: Primarina\n|-activate|p2b: Primarina|move: Protect\n|\n|-heal|p2b: Primarina|72/100|[from] item: Leftovers\n|upkeep\n|turn|6\n|inactive|jyotsha has 30 seconds left.\n|\n|t:|1776287872\n|switch|p1a: Aegislash|Aegislash, L50, M, shiny|100/100\n|move|p2b: Primarina|Protect|p2b: Primarina\n|-singleturn|p2b: Primarina|Protect\n|move|p2a: Sinistcha|Life Dew||[still]|[spread] p2a,p2b\n|-fail|p2a: Sinistcha|heal\n|-heal|p2b: Primarina|97/100\n|move|p1b: Floette|Energy Ball|p2b: Primarina\n|-activate|p2b: Primarina|move: Protect\n|\n|-heal|p2b: Primarina|100/100|[from] item: Leftovers\n|-end|p2b: Primarina|Encore\n|upkeep\n|turn|7\n|inactive|jyotsha has 30 seconds left.\n|\n|t:|1776287906\n|switch|p2a: Basculegion|Basculegion, L50, M|100/100\n|move|p1a: Aegislash|King's Shield|p1a: Aegislash\n|-singleturn|p1a: Aegislash|Protect\n|move|p1b: Floette|Protect|p1b: Floette\n|-singleturn|p1b: Floette|Protect\n|move|p2b: Primarina|Hyper Voice|p1a: Aegislash|[spread] \n|-activate|p1a: Aegislash|move: Protect\n|-activate|p1b: Floette|move: Protect\n|\n|-fieldend|move: Trick Room\n|upkeep\n|turn|8\n|inactive|gamerboy20000 has 30 seconds left.\n|inactive|jyotsha has 30 seconds left.\n|inactive|jyotsha has 20 seconds left.\n|\n|t:|1776287943\n|move|p2a: Basculegion|Liquidation|p1b: Floette\n|-damage|p1b: Floette|23/100\n|move|p1b: Floette|Energy Ball|p2b: Primarina\n|-supereffective|p2b: Primarina|1\n|-damage|p2b: Primarina|67/100\n|-formechange|p1a: Aegislash|Aegislash-Blade|\n|move|p1a: Aegislash|Poltergeist|p2b: Primarina\n|-activate|p2b: Primarina|move: Poltergeist|Leftovers\n|-damage|p2b: Primarina|6/100\n|move|p2b: Primarina|Hyper Voice|p1a: Aegislash|[spread] p1a,p1b\n|-damage|p1a: Aegislash|0 fnt\n|-damage|p1b: Floette|0 fnt\n|faint|p1a: Aegislash\n|faint|p1b: Floette\n|\n|-heal|p2b: Primarina|12/100|[from] item: Leftovers\n|upkeep\n|\n|t:|1776287956\n|switch|p1b: Whimsicott|Whimsicott, L50, M, shiny|87/100\n|switch|p1a: Incineroar|Incineroar, L50, M, shiny|100/100\n|-ability|p1a: Incineroar|Intimidate|boost\n|-unboost|p2a: Basculegion|atk|1\n|-unboost|p2b: Primarina|atk|1\n|turn|9\n|\n|t:|1776287967\n|switch|p2a: Sinistcha|Sinistcha, L50|100/100\n|-heal|p2b: Primarina|37/100|[from] ability: Hospitality|[of] p2a: Sinistcha\n|move|p1a: Incineroar|Fake Out|p2b: Primarina\n|-damage|p2b: Primarina|27/100\n|move|p1b: Whimsicott|Moonblast|p2b: Primarina\n|-damage|p2b: Primarina|13/100\n|cant|p2b: Primarina|flinch\n|\n|-heal|p2b: Primarina|19/100|[from] item: Leftovers\n|upkeep\n|turn|10\n|\n|t:|1776287984\n|move|p2a: Sinistcha|Rage Powder|p2a: Sinistcha\n|-singleturn|p2a: Sinistcha|move: Rage Powder\n|move|p1b: Whimsicott|Tailwind|p1b: Whimsicott\n|-sidestart|p1: gamerboy20000|move: Tailwind\n|move|p1a: Incineroar|Darkest Lariat|p2a: Sinistcha\n|-supereffective|p2a: Sinistcha|1\n|-damage|p2a: Sinistcha|39/100\n|-enditem|p2a: Sinistcha|Sitrus Berry|[eat]\n|-heal|p2a: Sinistcha|63/100|[from] item: Sitrus Berry\n|move|p2b: Primarina|Hyper Voice|p1a: Incineroar|[spread] p1a,p1b\n|-supereffective|p1a: Incineroar|1\n|-crit|p1a: Incineroar\n|-resisted|p1b: Whimsicott|1\n|-damage|p1a: Incineroar|0 fnt\n|-damage|p1b: Whimsicott|56/100\n|faint|p1a: Incineroar\n|\n|-heal|p2b: Primarina|25/100|[from] item: Leftovers\n|upkeep\n|turn|11\n|-message|gamerboy20000 forfeited.\n|\n|win|jyotsha\n|raw|gamerboy20000's rating: 1143 &rarr; <strong>1121</strong><br />(-22 for losing)\n|raw|jyotsha's rating: 1188 &rarr; <strong>1210</strong><br />(+22 for winning)\n",
  "uploadtime": 1776287990,
  "views": 22,
  "formatid": "gen9championsvgc2026regma",
  "rating": 1121,
  "private": 0,
  "password": null
}