{
  "id": "gen9championsvgc2026regma-2585462429",
  "format": "[Gen 9 Champions] VGC 2026 Reg M-A",
  "players": [
    "uconduit",
    "bigruckus#1"
  ],
  "log": "|j|\u2606uconduit\n|j|\u203dbigruckus#1\n|t:|1776348915\n|gametype|doubles\n|player|p1|uconduit|cameraman|1111\n|player|p2|bigruckus#1|266|1204\n|gen|9\n|tier|[Gen 9 Champions] VGC 2026 Reg M-A\n|rated|\n|rule|Species Clause: Limit one of each Pok\u00e9mon\n|rule|Item Clause: Limit 1 of each item\n|clearpoke\n|poke|p1|Aggron, L50, F|\n|poke|p1|Sinistcha-Masterpiece, L50|\n|poke|p1|Incineroar, L50, M|\n|poke|p1|Sneasler, L50, M|\n|poke|p1|Aerodactyl, L50, F|\n|poke|p1|Tyranitar, L50, F|\n|poke|p2|Aggron, L50, M|\n|poke|p2|Incineroar, L50, F|\n|poke|p2|Pelipper, L50, M|\n|poke|p2|Basculegion, L50, M|\n|poke|p2|Sinistcha, L50|\n|poke|p2|Aerodactyl, L50, F|\n|teampreview|4\n|inactive|Battle timer is ON: inactive players will automatically lose when time's up. (requested by uconduit)\n|\n|t:|1776348941\n|teamsize|p1|4\n|teamsize|p2|4\n|start\n|switch|p1a: Sneasler|Sneasler, L50, M|100/100\n|switch|p1b: Sinistcha|Sinistcha-Masterpiece, L50|100/100\n|switch|p2a: Aggron|Aggron, L50, M, shiny|100/100\n|switch|p2b: Pelipper|Pelipper, L50, M|100/100\n|-weather|RainDance|[from] ability: Drizzle|[of] p2b: Pelipper\n|turn|1\n|inactive|uconduit has 30 seconds left.\n|inactive|bigruckus#1 has 30 seconds left.\n|inactive|uconduit has 20 seconds left.\n|\n|t:|1776348979\n|detailschange|p2a: Aggron|Aggron-Mega, L50, M, shiny\n|-mega|p2a: Aggron|Aggron|Aggronite\n|move|p1a: Sneasler|Fake Out|p2b: Pelipper\n|-crit|p2b: Pelipper\n|-damage|p2b: Pelipper|68/100\n|cant|p2b: Pelipper|flinch\n|move|p1b: Sinistcha|Matcha Gotcha|p2a: Aggron|[spread] p2a,p2b\n|-resisted|p2a: Aggron|1\n|-damage|p2a: Aggron|87/100\n|-damage|p2b: Pelipper|26/100\n|move|p2a: Aggron|Iron Defense|p2a: Aggron\n|-boost|p2a: Aggron|def|2\n|\n|-weather|RainDance|[upkeep]\n|upkeep\n|turn|2\n|inactive|uconduit has 30 seconds left.\n|inactive|bigruckus#1 has 30 seconds left.\n|inactive|bigruckus#1 has 20 seconds left.\n|inactive|bigruckus#1 has 15 seconds left.\n|inactive|bigruckus#1 has 10 seconds left.\n|inactive|bigruckus#1 has 5 seconds left.\n|\n|t:|1776349034\n|switch|p1b: Tyranitar|Tyranitar, L50, F|100/100\n|-weather|Sandstorm|[from] ability: Sand Stream|[of] p1b: Tyranitar\n|move|p1a: Sneasler|Close Combat|p2a: Aggron\n|-supereffective|p2a: Aggron|1\n|-damage|p2a: Aggron|59/100\n|-unboost|p1a: Sneasler|def|1\n|-unboost|p1a: Sneasler|spd|1\n|-enditem|p1a: Sneasler|White Herb\n|-clearnegativeboost|p1a: Sneasler|[silent]\n|move|p2b: Pelipper|Icy Wind|p1b: Tyranitar|[spread] p1a,p1b\n|-damage|p1a: Sneasler|86/100\n|-damage|p1b: Tyranitar|93/100\n|-unboost|p1a: Sneasler|spe|1\n|-unboost|p1b: Tyranitar|spe|1\n|move|p2a: Aggron|Body Press|p1a: Sneasler\n|-resisted|p1a: Sneasler|1\n|-damage|p1a: Sneasler|24/100\n|\n|-weather|Sandstorm|[upkeep]\n|-damage|p1a: Sneasler|18/100|[from] Sandstorm\n|-damage|p2b: Pelipper|20/100|[from] Sandstorm\n|upkeep\n|turn|3\n|inactive|bigruckus#1 has 30 seconds left.\n|inactive|uconduit has 30 seconds left.\n|inactive|bigruckus#1 has 20 seconds left.\n|inactive|bigruckus#1 has 15 seconds left.\n|inactive|bigruckus#1 has 10 seconds left.\n|inactive|bigruckus#1 has 5 seconds left.\n|\n|t:|1776349091\n|move|p1a: Sneasler|Close Combat|p2a: Aggron\n|-supereffective|p2a: Aggron|1\n|-damage|p2a: Aggron|34/100\n|-unboost|p1a: Sneasler|def|1\n|-unboost|p1a: Sneasler|spd|1\n|move|p2b: Pelipper|Icy Wind|p1a: Sneasler|[spread] p1a,p1b\n|-damage|p1a: Sneasler|0 fnt\n|-damage|p1b: Tyranitar|86/100\n|-unboost|p1b: Tyranitar|spe|1\n|faint|p1a: Sneasler\n|move|p2a: Aggron|Body Press|p1b: Tyranitar\n|-supereffective|p1b: Tyranitar|2\n|-damage|p1b: Tyranitar|0 fnt\n|faint|p1b: Tyranitar\n|\n|-weather|Sandstorm|[upkeep]\n|-damage|p2b: Pelipper|14/100|[from] Sandstorm\n|upkeep\n|\n|t:|1776349105\n|switch|p1a: Sinistcha|Sinistcha-Masterpiece, L50|100/100\n|switch|p1b: Aggron|Aggron, L50, F|100/100\n|turn|4\n|\n|t:|1776349129\n|switch|p2b: Incineroar|Incineroar, L50, F, shiny|100/100\n|-ability|p2b: Incineroar|Intimidate|boost\n|-unboost|p1a: Sinistcha|atk|1\n|-unboost|p1b: Aggron|atk|1\n|switch|p2a: Basculegion|Basculegion, L50, M|100/100\n|detailschange|p1b: Aggron|Aggron-Mega, L50, F\n|-mega|p1b: Aggron|Aggron|Aggronite\n|move|p1a: Sinistcha|Matcha Gotcha|p2b: Incineroar|[spread] p2a,p2b\n|-supereffective|p2a: Basculegion|1\n|-resisted|p2b: Incineroar|1\n|-damage|p2a: Basculegion|43/100\n|-damage|p2b: Incineroar|90/100\n|move|p1b: Aggron|Iron Defense|p1b: Aggron\n|-boost|p1b: Aggron|def|2\n|\n|-weather|Sandstorm|[upkeep]\n|-damage|p2a: Basculegion|37/100|[from] Sandstorm\n|-damage|p2b: Incineroar|84/100|[from] Sandstorm\n|-damage|p1a: Sinistcha|94/100|[from] Sandstorm\n|upkeep\n|turn|5\n|inactive|uconduit has 30 seconds left.\n|inactive|bigruckus#1 has 30 seconds left.\n|inactive|uconduit has 20 seconds left.\n|inactive|bigruckus#1 has 20 seconds left.\n|inactive|uconduit has 15 seconds left.\n|inactive|bigruckus#1 has 15 seconds left.\n|inactive|bigruckus#1 has 10 seconds left.\n|inactive|bigruckus#1 has 5 seconds left.\n|\n|t:|1776349180\n|switch|p2b: Pelipper|Pelipper, L50, M|14/100\n|-weather|RainDance|[from] ability: Drizzle|[of] p2b: Pelipper\n|move|p1a: Sinistcha|Protect|p1a: Sinistcha\n|-singleturn|p1a: Sinistcha|Protect\n|move|p2a: Basculegion|Last Respects|p1a: Sinistcha\n|-activate|p1a: Sinistcha|move: Protect\n|move|p1b: Aggron|Iron Defense|p1b: Aggron\n|-boost|p1b: Aggron|def|2\n|\n|-weather|RainDance|[upkeep]\n|upkeep\n|turn|6\n|inactive|bigruckus#1 has 30 seconds left.\n|\n|t:|1776349208\n|move|p1a: Sinistcha|Rage Powder|p1a: Sinistcha\n|-singleturn|p1a: Sinistcha|move: Rage Powder\n|move|p2a: Basculegion|Last Respects|p1a: Sinistcha\n|-supereffective|p1a: Sinistcha|1\n|-damage|p1a: Sinistcha|61/100\n|move|p2b: Pelipper|Hurricane|p1a: Sinistcha\n|-supereffective|p1a: Sinistcha|1\n|-damage|p1a: Sinistcha|0 fnt\n|faint|p1a: Sinistcha\n|move|p1b: Aggron|Rock Slide|p2a: Basculegion|[spread] p2b\n|-miss|p1b: Aggron|p2a: Basculegion\n|-supereffective|p2b: Pelipper|1\n|-damage|p2b: Pelipper|0 fnt\n|faint|p2b: Pelipper\n|\n|-weather|RainDance|[upkeep]\n|upkeep\n|\n|t:|1776349233\n|switch|p2b: Aggron|Aggron-Mega, L50, M, shiny|34/100\n|turn|7\n|\n|t:|1776349252\n|move|p2a: Basculegion|Last Respects|p1b: Aggron\n|-damage|p1b: Aggron|90/100\n|move|p2b: Aggron|Body Press|p1b: Aggron\n|-supereffective|p1b: Aggron|1\n|-damage|p1b: Aggron|77/100\n|move|p1b: Aggron|Body Press|p2b: Aggron\n|-supereffective|p2b: Aggron|1\n|-damage|p2b: Aggron|0 fnt\n|faint|p2b: Aggron\n|\n|-weather|RainDance|[upkeep]\n|upkeep\n|\n|t:|1776349263\n|switch|p2b: Incineroar|Incineroar, L50, F, shiny|84/100\n|-ability|p2b: Incineroar|Intimidate|boost\n|-unboost|p1b: Aggron|atk|1\n|turn|8\n|\n|t:|1776349274\n|move|p2b: Incineroar|Fake Out|p1b: Aggron\n|-resisted|p1b: Aggron|1\n|-damage|p1b: Aggron|76/100\n|move|p2a: Basculegion|Last Respects|p1b: Aggron\n|-damage|p1b: Aggron|61/100\n|cant|p1b: Aggron|flinch\n|\n|-weather|RainDance|[upkeep]\n|upkeep\n|turn|9\n|inactive|bigruckus#1 has 30 seconds left.\n|inactive|bigruckus#1 has 20 seconds left.\n|\n|t:|1776349310\n|move|p2a: Basculegion|Last Respects|p1b: Aggron\n|-damage|p1b: Aggron|45/100\n|move|p2b: Incineroar|Will-O-Wisp|p1b: Aggron\n|-status|p1b: Aggron|brn\n|move|p1b: Aggron|Rock Slide|p2b: Incineroar|[spread] p2b\n|-miss|p1b: Aggron|p2a: Basculegion\n|-supereffective|p2b: Incineroar|1\n|-damage|p2b: Incineroar|76/100\n|\n|-weather|none\n|-damage|p1b: Aggron|38/100 brn|[from] brn\n|upkeep\n|turn|10\n|\n|t:|1776349326\n|move|p2a: Basculegion|Last Respects|p1b: Aggron\n|-crit|p1b: Aggron\n|-damage|p1b: Aggron|0 fnt\n|faint|p1b: Aggron\n|\n|win|bigruckus#1\n|raw|uconduit's rating: 1111 &rarr; <strong>1093</strong><br />(-18 for losing)\n|raw|bigruckus#1's rating: 1204 &rarr; <strong>1222</strong><br />(+18 for winning)\n|l|\u2606uconduit\n|player|p1|\n",
  "uploadtime": 1776349346,
  "views": 26,
  "formatid": "gen9championsvgc2026regma",
  "rating": 1093,
  "private": 0,
  "password": null
}