{
  "id": "gen9championsvgc2026regma-2581398058",
  "format": "[Gen 9 Champions] VGC 2026 Reg M-A",
  "players": [
    "pandareaper23",
    "FLUttermane123"
  ],
  "log": "|j|\u2606pandareaper23\n|j|\u2606FLUttermane123\n|t:|1775996193\n|gametype|doubles\n|player|p1|pandareaper23|266|1105\n|player|p2|FLUttermane123|cynthia|1085\n|gen|9\n|tier|[Gen 9 Champions] VGC 2026 Reg M-A\n|rated|\n|rule|Species Clause: Limit one of each Pok\u00e9mon\n|rule|Item Clause: Limit 1 of each item\n|clearpoke\n|poke|p1|Charizard, L50, M|\n|poke|p1|Venusaur, L50, F|\n|poke|p1|Sneasler, L50, M|\n|poke|p1|Milotic, L50, M|\n|poke|p1|Whimsicott, L50, F|\n|poke|p1|Garchomp, L50, M|\n|poke|p2|Floette-Eternal, L50, F|\n|poke|p2|Basculegion, L50, M|\n|poke|p2|Archaludon, L50, M|\n|poke|p2|Sinistcha, L50|\n|poke|p2|Sneasler, L50, M|\n|poke|p2|Pelipper, L50, F|\n|teampreview|4\n|\n|t:|1775996218\n|teamsize|p1|4\n|teamsize|p2|4\n|start\n|switch|p1a: Whimsicott|Whimsicott, L50, F|100/100\n|switch|p1b: Venusaur|Venusaur, L50, F|100/100\n|switch|p2a: Basculegion|Basculegion, L50, M|100/100\n|switch|p2b: Floette|Floette-Eternal, L50, F|100/100\n|turn|1\n|\n|t:|1775996239\n|move|p1a: Whimsicott|Protect|p1a: Whimsicott\n|-singleturn|p1a: Whimsicott|Protect\n|move|p1b: Venusaur|Protect|p1b: Venusaur\n|-singleturn|p1b: Venusaur|Protect\n|move|p2a: Basculegion|Flip Turn|p1a: Whimsicott\n|-activate|p1a: Whimsicott|move: Protect\n|move|p2b: Floette|Moonblast|p1a: Whimsicott\n|-activate|p1a: Whimsicott|move: Protect\n|\n|upkeep\n|turn|2\n|\n|t:|1775996270\n|switch|p1a: Sneasler|Sneasler, L50, M|100/100\n|detailschange|p2b: Floette|Floette-Mega, L50, F\n|-mega|p2b: Floette|Floette|Floettite\n|-ability|p2b: Floette|Fairy Aura\n|move|p2a: Basculegion|Flip Turn|p1a: Sneasler\n|-damage|p1a: Sneasler|36/100\n|\n|t:|1775996280\n|switch|p2a: Pelipper|Pelipper, L50, F|100/100|[from] Flip Turn\n|-weather|RainDance|[from] ability: Drizzle|[of] p2a: Pelipper\n|move|p1b: Venusaur|Sunny Day|p1b: Venusaur\n|-weather|SunnyDay\n|move|p2b: Floette|Calm Mind|p2b: Floette\n|-boost|p2b: Floette|spa|1\n|-boost|p2b: Floette|spd|1\n|\n|-weather|SunnyDay|[upkeep]\n|upkeep\n|turn|3\n|\n|t:|1775996316\n|move|p2a: Pelipper|Protect|p2a: Pelipper\n|-singleturn|p2a: Pelipper|Protect\n|move|p2b: Floette|Protect|p2b: Floette\n|-singleturn|p2b: Floette|Protect\n|move|p1b: Venusaur|Energy Ball|p2a: Pelipper\n|-activate|p2a: Pelipper|move: Protect\n|move|p1a: Sneasler|Dire Claw|p2b: Floette\n|-activate|p2b: Floette|move: Protect\n|\n|-weather|SunnyDay|[upkeep]\n|upkeep\n|turn|4\n|\n|t:|1775996339\n|switch|p2b: Archaludon|Archaludon, L50, M|100/100\n|move|p1b: Venusaur|Sludge Bomb|p2b: Archaludon\n|-immune|p2b: Archaludon\n|move|p1a: Sneasler|Dire Claw|p2b: Archaludon\n|-immune|p2b: Archaludon\n|move|p2a: Pelipper|Weather Ball|p1b: Venusaur\n|-supereffective|p1b: Venusaur|1\n|-damage|p1b: Venusaur|6/100\n|\n|-weather|SunnyDay|[upkeep]\n|upkeep\n|turn|5\n|\n|t:|1775996377\n|switch|p2b: Basculegion|Basculegion, L50, M|100/100\n|move|p1b: Venusaur|Energy Ball|p2a: Pelipper\n|-damage|p2a: Pelipper|34/100\n|move|p1a: Sneasler|Close Combat|p2b: Basculegion\n|-immune|p2b: Basculegion\n|move|p2a: Pelipper|Weather Ball|p1b: Venusaur\n|-supereffective|p1b: Venusaur|1\n|-damage|p1b: Venusaur|0 fnt\n|faint|p1b: Venusaur\n|\n|-weather|SunnyDay|[upkeep]\n|upkeep\n|\n|t:|1775996385\n|switch|p1b: Whimsicott|Whimsicott, L50, F|100/100\n|turn|6\n|\n|t:|1775996410\n|switch|p2a: Archaludon|Archaludon, L50, M|100/100\n|move|p2b: Basculegion|Aqua Jet|p1a: Sneasler\n|-damage|p1a: Sneasler|13/100\n|move|p1b: Whimsicott|Tailwind|p1b: Whimsicott\n|-sidestart|p1: pandareaper23|move: Tailwind\n|move|p1a: Sneasler|Dire Claw|p2a: Archaludon\n|-immune|p2a: Archaludon\n|\n|-weather|none\n|upkeep\n|turn|7\n|-message|pandareaper23 forfeited.\n|\n|win|FLUttermane123\n|raw|pandareaper23's rating: 1105 &rarr; <strong>1079</strong><br />(-26 for losing)\n|raw|FLUttermane123's rating: 1085 &rarr; <strong>1114</strong><br />(+29 for winning)\n|l|\u2606pandareaper23\n|player|p1|\n",
  "uploadtime": 1775996446,
  "views": 19,
  "formatid": "gen9championsvgc2026regma",
  "rating": 1079,
  "private": 0,
  "password": null
}