{
  "id": "gen9championsvgc2026regma-2587857092",
  "format": "[Gen 9 Champions] VGC 2026 Reg M-A",
  "players": [
    "mangoat007",
    "datrobino"
  ],
  "log": "|j|\u2606mangoat007\n|j|\u2606datrobino\n|t:|1776571253\n|gametype|doubles\n|player|p1|mangoat007|scientistf|1429\n|player|p2|datrobino|veteran|1436\n|gen|9\n|tier|[Gen 9 Champions] VGC 2026 Reg M-A\n|rated|\n|rule|Species Clause: Limit one of each Pok\u00e9mon\n|rule|Item Clause: Limit 1 of each item\n|clearpoke\n|poke|p1|Tyranitar, L50, M, shiny|\n|poke|p1|Gengar, L50, F, shiny|\n|poke|p1|Excadrill, L50, M, shiny|\n|poke|p1|Hydreigon, L50, M, shiny|\n|poke|p1|Incineroar, L50, M, shiny|\n|poke|p1|Corviknight, L50, M, shiny|\n|poke|p2|Blastoise, L50, F|\n|poke|p2|Farigiraf, L50, M|\n|poke|p2|Kingambit, L50, F|\n|poke|p2|Sinistcha, L50|\n|poke|p2|Pelipper, L50, M|\n|poke|p2|Archaludon, L50, F|\n|teampreview|4\n|inactive|Battle timer is ON: inactive players will automatically lose when time's up. (requested by datrobino)\ndatrobino rejected open team sheets.\n|\n|t:|1776571276\n|teamsize|p1|4\n|teamsize|p2|4\n|start\n|switch|p1a: Gojira|Tyranitar, L50, M, shiny|100/100\n|switch|p1b: Biolante|Excadrill, L50, M, shiny|100/100\n|switch|p2a: Blastoise|Blastoise, L50, F|100/100\n|switch|p2b: Farigiraf|Farigiraf, L50, M|100/100\n|-weather|Sandstorm|[from] ability: Sand Stream|[of] p1a: Gojira\n|turn|1\n|inactive|mangoat007 has 30 seconds left.\n|\n|t:|1776571306\n|detailschange|p2a: Blastoise|Blastoise-Mega, L50, F\n|-mega|p2a: Blastoise|Blastoise|Blastoisinite\n|detailschange|p1a: Gojira|Tyranitar-Mega, L50, M, shiny\n|-mega|p1a: Gojira|Tyranitar|Tyranitarite\n|move|p2a: Blastoise|Fake Out|p1a: Gojira\n|-resisted|p1a: Gojira|1\n|-damage|p1a: Gojira|98/100\n|move|p1b: Biolante|Rock Slide|p2b: Farigiraf|[spread] p2b\n|-miss|p1b: Biolante|p2a: Blastoise\n|-damage|p2b: Farigiraf|78/100\n|cant|p1a: Gojira|flinch\n|move|p2b: Farigiraf|Trick Room|p2b: Farigiraf\n|-fieldstart|move: Trick Room|[of] p2b: Farigiraf\n|\n|-weather|Sandstorm|[upkeep]\n|-damage|p2b: Farigiraf|71/100|[from] Sandstorm\n|-damage|p2a: Blastoise|95/100|[from] Sandstorm\n|upkeep\n|turn|2\n|\n|t:|1776571329\n|switch|p1a: Rodan|Corviknight, L50, M, shiny|100/100\n|move|p2b: Farigiraf|Rain Dance|p2b: Farigiraf\n|-weather|RainDance\n|move|p2a: Blastoise|Water Spout|p1a: Rodan|[spread] p1a,p1b\n|-supereffective|p1b: Biolante|1\n|-damage|p1a: Rodan|24/100\n|-enditem|p1b: Biolante|Focus Sash\n|-damage|p1b: Biolante|1/100\n|move|p1b: Biolante|Earthquake|p2a: Blastoise|[spread] p2a,p2b\n|-immune|p1a: Rodan\n|-damage|p2a: Blastoise|55/100\n|-damage|p2b: Farigiraf|25/100\n|-enditem|p2b: Farigiraf|Sitrus Berry|[eat]\n|-heal|p2b: Farigiraf|50/100|[from] item: Sitrus Berry\n|\n|-weather|RainDance|[upkeep]\n|-heal|p1a: Rodan|30/100|[from] item: Leftovers\n|upkeep\n|turn|3\n|inactive|mangoat007 has 30 seconds left.\n|\n|t:|1776571358\n|switch|p2b: Sinistcha|Sinistcha, L50|100/100\n|-heal|p2a: Blastoise|80/100|[from] ability: Hospitality|[of] p2b: Sinistcha\n|move|p1b: Biolante|Protect|p1b: Biolante\n|-singleturn|p1b: Biolante|Protect\n|move|p1a: Rodan|Brave Bird|p2a: Blastoise\n|-damage|p2a: Blastoise|49/100\n|-damage|p1a: Rodan|21/100|[from] Recoil\n|move|p2a: Blastoise|Water Spout|p1b: Biolante|[spread] p1a\n|-activate|p1b: Biolante|move: Protect\n|-damage|p1a: Rodan|0 fnt\n|faint|p1a: Rodan\n|\n|-weather|RainDance|[upkeep]\n|upkeep\n|\n|t:|1776571374\n|switch|p1a: Gojira|Tyranitar-Mega, L50, M, shiny|98/100\n|-weather|Sandstorm|[from] ability: Sand Stream|[of] p1a: Gojira\n|turn|4\n|\n|t:|1776571386\n|switch|p1b: King Gidorah|Hydreigon, L50, M, shiny|100/100\n|move|p2b: Sinistcha|Matcha Gotcha|p1a: Gojira|[spread] p1a,p1b\n|-supereffective|p1a: Gojira|1\n|-resisted|p1b: King Gidorah|1\n|-damage|p1a: Gojira|71/100\n|-damage|p1b: King Gidorah|82/100\n|-status|p1a: Gojira|brn\n|move|p2a: Blastoise|Water Pulse|p1a: Gojira\n|-supereffective|p1a: Gojira|1\n|-damage|p1a: Gojira|17/100 brn\n|move|p1a: Gojira|Knock Off|p2b: Sinistcha\n|-supereffective|p2b: Sinistcha|1\n|-enditem|p2b: Sinistcha|Colbur Berry|[eat]\n|-enditem|p2b: Sinistcha|Colbur Berry|[weaken]\n|-damage|p2b: Sinistcha|73/100\n|\n|-weather|Sandstorm|[upkeep]\n|-damage|p2b: Sinistcha|67/100|[from] Sandstorm\n|-damage|p2a: Blastoise|44/100|[from] Sandstorm\n|-damage|p1b: King Gidorah|76/100|[from] Sandstorm\n|-damage|p1a: Gojira|12/100 brn|[from] brn\n|upkeep\n|turn|5\n|inactive|mangoat007 has 30 seconds left.\n|\n|t:|1776571414\n|move|p1a: Gojira|Protect|p1a: Gojira\n|-singleturn|p1a: Gojira|Protect\n|move|p2b: Sinistcha|Life Dew|p2b: Sinistcha|[spread] p2a,p2b\n|-heal|p2a: Blastoise|69/100\n|-heal|p2b: Sinistcha|92/100\n|move|p2a: Blastoise|Water Spout|p1a: Gojira|[spread] p1b\n|-activate|p1a: Gojira|move: Protect\n|-resisted|p1b: King Gidorah|1\n|-damage|p1b: King Gidorah|50/100\n|move|p1b: King Gidorah|Dark Pulse|p2b: Sinistcha\n|-supereffective|p2b: Sinistcha|1\n|-damage|p2b: Sinistcha|10/100\n|\n|-weather|Sandstorm|[upkeep]\n|-damage|p2b: Sinistcha|4/100|[from] Sandstorm\n|-damage|p2a: Blastoise|63/100|[from] Sandstorm\n|-damage|p1b: King Gidorah|44/100|[from] Sandstorm\n|-damage|p1a: Gojira|6/100 brn|[from] brn\n|-fieldend|move: Trick Room\n|upkeep\n|turn|6\n|inactive|mangoat007 has 30 seconds left.\n|\n|t:|1776571441\n|move|p1b: King Gidorah|Dark Pulse|p2a: Blastoise\n|-damage|p2a: Blastoise|33/100\n|move|p1a: Gojira|Rock Slide|p2b: Sinistcha|[spread] p2a,p2b\n|-damage|p2a: Blastoise|18/100\n|-damage|p2b: Sinistcha|0 fnt\n|faint|p2b: Sinistcha\n|cant|p2a: Blastoise|flinch\n|\n|-weather|Sandstorm|[upkeep]\n|-damage|p1b: King Gidorah|39/100|[from] Sandstorm\n|-damage|p2a: Blastoise|12/100|[from] Sandstorm\n|-damage|p1a: Gojira|0 fnt|[from] brn\n|faint|p1a: Gojira\n|upkeep\n|\n|t:|1776571458\n|switch|p1a: Biolante|Excadrill, L50, M, shiny|1/100\n|switch|p2b: Kingambit|Kingambit, L50, F|100/100\n|turn|7\n|\n|t:|1776571473\n|move|p1a: Biolante|Protect|p1a: Biolante\n|-singleturn|p1a: Biolante|Protect\n|move|p2b: Kingambit|Sucker Punch||[still]\n|-fail|p2b: Kingambit\n|move|p1b: King Gidorah|Dark Pulse|p2a: Blastoise\n|-damage|p2a: Blastoise|0 fnt\n|faint|p2a: Blastoise\n|\n|-weather|Sandstorm|[upkeep]\n|-damage|p1b: King Gidorah|33/100|[from] Sandstorm\n|upkeep\n|\n|t:|1776571480\n|switch|p2a: Farigiraf|Farigiraf, L50, M|50/100\n|turn|8\n|\n|t:|1776571496\n|move|p1a: Biolante|Protect|p1a: Biolante\n|-singleturn|p1a: Biolante|Protect\n|move|p2b: Kingambit|Sucker Punch||[still]\n|-fail|p2b: Kingambit\n|move|p1b: King Gidorah|Dark Pulse|p2a: Farigiraf\n|-supereffective|p2a: Farigiraf|1\n|-damage|p2a: Farigiraf|0 fnt\n|faint|p2a: Farigiraf\n|\n|-weather|none\n|upkeep\n|turn|9\n|\n|t:|1776571518\n|move|p1a: Biolante|Protect||[still]\n|-fail|p1a: Biolante\n|move|p1b: King Gidorah|Dark Pulse|p2b: Kingambit\n|-resisted|p2b: Kingambit|1\n|-damage|p2b: Kingambit|84/100\n|move|p2b: Kingambit|Low Kick|p1b: King Gidorah\n|-supereffective|p1b: King Gidorah|1\n|-damage|p1b: King Gidorah|0 fnt\n|faint|p1b: King Gidorah\n|\n|upkeep\n|turn|10\n|-message|mangoat007 forfeited.\n|\n|win|datrobino\n|raw|mangoat007's rating: 1429 &rarr; <strong>1409</strong><br />(-20 for losing)\n|raw|datrobino's rating: 1436 &rarr; <strong>1456</strong><br />(+20 for winning)\n|l|\u2606mangoat007\n|player|p1|\n",
  "uploadtime": 1776571532,
  "views": 16,
  "formatid": "gen9championsvgc2026regma",
  "rating": 1409,
  "private": 0,
  "password": null
}