{
  "id": "gen9championsvgc2026regma-2589555566",
  "format": "[Gen 9 Champions] VGC 2026 Reg M-A",
  "players": [
    "AveDominusLux",
    "austintacious360"
  ],
  "log": "|j|\u2606AveDominusLux\n|j|\u2606austintacious360\n|t:|1776733749\n|gametype|doubles\n|player|p1|AveDominusLux|winona|1252\n|player|p2|austintacious360|iono|1340\n|gen|9\n|tier|[Gen 9 Champions] VGC 2026 Reg M-A\n|rated|\n|rule|Species Clause: Limit one of each Pok\u00e9mon\n|rule|Item Clause: Limit 1 of each item\n|clearpoke\n|poke|p1|Venusaur, L50, M|\n|poke|p1|Tyranitar, L50, M|\n|poke|p1|Corviknight, L50, F|\n|poke|p1|Garchomp, L50, M|\n|poke|p1|Rotom-Heat, L50|\n|poke|p1|Primarina, L50, F|\n|poke|p2|Venusaur, L50, F|\n|poke|p2|Corviknight, L50, M|\n|poke|p2|Rotom-Heat, L50|\n|poke|p2|Tyranitar, L50, M|\n|poke|p2|Garchomp, L50, M|\n|poke|p2|Primarina, L50, M|\n|teampreview|4\n|\n|t:|1776733769\n|teamsize|p1|4\n|teamsize|p2|4\n|start\n|switch|p1a: Corviknight|Corviknight, L50, F|100/100\n|switch|p1b: Rotom|Rotom-Heat, L50|100/100\n|switch|p2a: Garchomp|Garchomp, L50, M|100/100\n|switch|p2b: Rotom|Rotom-Heat, L50|100/100\n|turn|1\n|\n|t:|1776733801\n|switch|p1a: Garchomp|Garchomp, L50, M|100/100\n|move|p1b: Rotom|Volt Switch|p2b: Rotom\n|-resisted|p2b: Rotom|1\n|-damage|p2b: Rotom|83/100\n|\n|t:|1776733807\n|switch|p1b: Corviknight|Corviknight, L50, F|100/100|[from] Volt Switch\n|move|p2b: Rotom|Overheat|p1a: Garchomp\n|-resisted|p1a: Garchomp|1\n|-damage|p1a: Garchomp|66/100\n|-unboost|p2b: Rotom|spa|2\n|move|p2a: Garchomp|Dragon Claw|p1a: Garchomp\n|-supereffective|p1a: Garchomp|1\n|-enditem|p1a: Garchomp|Haban Berry|[eat]\n|-enditem|p1a: Garchomp|Haban Berry|[weaken]\n|-damage|p1a: Garchomp|18/100\n|-damage|p2a: Garchomp|88/100|[from] ability: Rough Skin|[of] p1a: Garchomp\n|\n|upkeep\n|turn|2\n|\n|t:|1776733828\n|switch|p2b: Corviknight|Corviknight, L50, M|100/100\n|move|p2a: Garchomp|Dragon Claw|p1a: Garchomp\n|-supereffective|p1a: Garchomp|1\n|-damage|p1a: Garchomp|0 fnt\n|-damage|p2a: Garchomp|76/100|[from] ability: Rough Skin|[of] p1a: Garchomp\n|faint|p1a: Garchomp\n|move|p1b: Corviknight|Tailwind|p1b: Corviknight\n|-sidestart|p1: AveDominusLux|move: Tailwind\n|\n|upkeep\n|\n|t:|1776733839\n|switch|p1a: Rotom|Rotom-Heat, L50|100/100\n|turn|3\n|\n|t:|1776733854\n|switch|p2b: Tyranitar|Tyranitar, L50, M|100/100\n|-weather|Sandstorm|[from] ability: Sand Stream|[of] p2b: Tyranitar\n|move|p1a: Rotom|Overheat|p2b: Tyranitar\n|-resisted|p2b: Tyranitar|1\n|-damage|p2b: Tyranitar|83/100\n|-unboost|p1a: Rotom|spa|2\n|move|p1b: Corviknight|Iron Head|p2a: Garchomp\n|-damage|p2a: Garchomp|45/100\n|-damage|p1b: Corviknight|88/100|[from] ability: Rough Skin|[of] p2a: Garchomp\n|cant|p2a: Garchomp|flinch\n|\n|-weather|Sandstorm|[upkeep]\n|-damage|p1a: Rotom|95/100|[from] Sandstorm\n|-heal|p1b: Corviknight|94/100|[from] item: Leftovers\n|upkeep\n|turn|4\n|\n|t:|1776733874\n|switch|p1a: Venusaur|Venusaur, L50, M|100/100\n|move|p1b: Corviknight|Iron Head|p2a: Garchomp\n|-damage|p2a: Garchomp|16/100\n|-damage|p1b: Corviknight|82/100|[from] ability: Rough Skin|[of] p2a: Garchomp\n|move|p2a: Garchomp|Rock Slide|p1b: Corviknight|[spread] p1a,p1b\n|-crit|p1a: Venusaur\n|-damage|p1a: Venusaur|66/100\n|-damage|p1b: Corviknight|64/100\n|move|p2b: Tyranitar|Rock Slide|p1b: Corviknight|[spread] p1a,p1b\n|-damage|p1a: Venusaur|31/100\n|-damage|p1b: Corviknight|38/100\n|\n|-weather|Sandstorm|[upkeep]\n|-damage|p1a: Venusaur|25/100|[from] Sandstorm\n|-heal|p1b: Corviknight|43/100|[from] item: Leftovers\n|upkeep\n|turn|5\n|\n|t:|1776733892\n|detailschange|p1a: Venusaur|Venusaur-Mega, L50, M\n|-mega|p1a: Venusaur|Venusaur|Venusaurite\n|move|p2a: Garchomp|Protect|p2a: Garchomp\n|-singleturn|p2a: Garchomp|Protect\n|move|p2b: Tyranitar|Protect|p2b: Tyranitar\n|-singleturn|p2b: Tyranitar|Protect\n|move|p1a: Venusaur|Giga Drain|p2b: Tyranitar\n|-activate|p2b: Tyranitar|move: Protect\n|move|p1b: Corviknight|Brave Bird|p2a: Garchomp\n|-activate|p2a: Garchomp|move: Protect\n|\n|-weather|Sandstorm|[upkeep]\n|-damage|p1a: Venusaur|19/100|[from] Sandstorm\n|-heal|p1b: Corviknight|49/100|[from] item: Leftovers\n|-sideend|p1: AveDominusLux|move: Tailwind\n|upkeep\n|turn|6\n|\n|t:|1776733926\n|move|p1a: Venusaur|Protect|p1a: Venusaur\n|-singleturn|p1a: Venusaur|Protect\n|move|p2a: Garchomp|Rock Slide|p1b: Corviknight|[spread] p1b\n|-activate|p1a: Venusaur|move: Protect\n|-damage|p1b: Corviknight|32/100\n|move|p2b: Tyranitar|Rock Slide|p1a: Venusaur|[spread] p1b\n|-activate|p1a: Venusaur|move: Protect\n|-damage|p1b: Corviknight|7/100\n|move|p1b: Corviknight|Tailwind|p1b: Corviknight\n|-sidestart|p1: AveDominusLux|move: Tailwind\n|\n|-weather|Sandstorm|[upkeep]\n|-damage|p1a: Venusaur|13/100|[from] Sandstorm\n|-heal|p1b: Corviknight|13/100|[from] item: Leftovers\n|upkeep\n|turn|7\n|\n|t:|1776733942\n|move|p1a: Venusaur|Giga Drain|p2b: Tyranitar\n|-supereffective|p2b: Tyranitar|1\n|-damage|p2b: Tyranitar|35/100\n|-heal|p1a: Venusaur|38/100|[from] drain|[of] p2b: Tyranitar\n|move|p1b: Corviknight|Brave Bird|p2a: Garchomp\n|-damage|p2a: Garchomp|0 fnt\n|-damage|p1b: Corviknight|1/100|[from] ability: Rough Skin|[of] p2a: Garchomp\n|faint|p2a: Garchomp\n|-damage|p1b: Corviknight|0 fnt|[from] Recoil\n|faint|p1b: Corviknight\n|move|p2b: Tyranitar|Rock Slide|p1a: Venusaur\n|-damage|p1a: Venusaur|7/100\n|\n|-weather|none\n|upkeep\n|\n|t:|1776733956\n|switch|p2a: Corviknight|Corviknight, L50, M|100/100\n|switch|p1b: Rotom|Rotom-Heat, L50|95/100\n|turn|8\n|\n|t:|1776733975\n|move|p1a: Venusaur|Protect|p1a: Venusaur\n|-singleturn|p1a: Venusaur|Protect\n|move|p1b: Rotom|Thunderbolt|p2a: Corviknight\n|-supereffective|p2a: Corviknight|1\n|-damage|p2a: Corviknight|30/100\n|move|p2b: Tyranitar|Rock Slide|p1b: Rotom|[spread] p1b\n|-activate|p1a: Venusaur|move: Protect\n|-supereffective|p1b: Rotom|1\n|-damage|p1b: Rotom|7/100\n|move|p2a: Corviknight|Brave Bird|p1a: Venusaur\n|-activate|p1a: Venusaur|move: Protect\n|\n|-heal|p2a: Corviknight|36/100|[from] item: Leftovers\n|upkeep\n|turn|9\n|\n|t:|1776734044\n|switch|p2b: Rotom|Rotom-Heat, L50|83/100\n|move|p1b: Rotom|Thunderbolt|p2a: Corviknight\n|-supereffective|p2a: Corviknight|1\n|-damage|p2a: Corviknight|0 fnt\n|faint|p2a: Corviknight\n|move|p1a: Venusaur|Giga Drain|p2b: Rotom\n|-resisted|p2b: Rotom|1\n|-damage|p2b: Rotom|60/100\n|-heal|p1a: Venusaur|15/100|[from] drain|[of] p2b: Rotom\n|\n|-sideend|p1: AveDominusLux|move: Tailwind\n|upkeep\n|\n|t:|1776734051\n|switch|p2a: Tyranitar|Tyranitar, L50, M|35/100\n|-weather|Sandstorm|[from] ability: Sand Stream|[of] p2a: Tyranitar\n|turn|10\n|\n|t:|1776734060\n|move|p1a: Venusaur|Protect|p1a: Venusaur\n|-singleturn|p1a: Venusaur|Protect\n|move|p2a: Tyranitar|Protect|p2a: Tyranitar\n|-singleturn|p2a: Tyranitar|Protect\n|move|p1b: Rotom|Thunderbolt|p2b: Rotom\n|-resisted|p2b: Rotom|1\n|-crit|p2b: Rotom\n|-damage|p2b: Rotom|24/100\n|move|p2b: Rotom|Electroweb|p1a: Venusaur|[spread] p1b\n|-activate|p1a: Venusaur|move: Protect\n|-resisted|p1b: Rotom|1\n|-damage|p1b: Rotom|0 fnt\n|faint|p1b: Rotom\n|\n|-weather|Sandstorm|[upkeep]\n|-damage|p2b: Rotom|18/100|[from] Sandstorm\n|-damage|p1a: Venusaur|10/100|[from] Sandstorm\n|upkeep\n|turn|11\n|\n|t:|1776734075\n|move|p2b: Rotom|Electroweb|p1a: Venusaur\n|-resisted|p1a: Venusaur|1\n|-damage|p1a: Venusaur|0 fnt\n|faint|p1a: Venusaur\n|\n|win|austintacious360\n|raw|AveDominusLux's rating: 1252 &rarr; <strong>1233</strong><br />(-19 for losing)\n|raw|austintacious360's rating: 1340 &rarr; <strong>1355</strong><br />(+15 for winning)\n",
  "uploadtime": 1776734093,
  "views": 17,
  "formatid": "gen9championsvgc2026regma",
  "rating": 1233,
  "private": 0,
  "password": null
}