{
  "id": "gen9championsvgc2026regma-2580289763",
  "format": "[Gen 9 Champions] VGC 2026 Reg M-A",
  "players": [
    "Pacman_po",
    "lolgz"
  ],
  "log": "|j|\u2606Pacman_po\n|j|\u2606lolgz\n|t:|1775876346\n|gametype|doubles\n|player|p1|Pacman_po|ballguy|1000\n|player|p2|lolgz|265|1000\n|gen|9\n|tier|[Gen 9 Champions] VGC 2026 Reg M-A\n|rated|\n|rule|Species Clause: Limit one of each Pok\u00e9mon\n|rule|Item Clause: Limit 1 of each item\n|clearpoke\n|poke|p1|Politoed, L50, M|\n|poke|p1|Gengar, L50, M|\n|poke|p1|Incineroar, L50, M|\n|poke|p1|Archaludon, L50, M|\n|poke|p1|Sableye, L50, M|\n|poke|p1|Arcanine-Hisui, L50, M|\n|poke|p2|Kingambit, L50, F|\n|poke|p2|Incineroar, L50, M|\n|poke|p2|Sneasler, L50, F|\n|poke|p2|Floette-Eternal, L50, F|\n|poke|p2|Delphox, L50, M|\n|poke|p2|Aerodactyl, L50, M|\n|teampreview|4\n|inactive|Battle timer is ON: inactive players will automatically lose when time's up. (requested by Pacman_po)\n|inactive|lolgz has 60 seconds left.\n|\n|t:|1775876380\n|teamsize|p1|4\n|teamsize|p2|4\n|start\n|switch|p1a: Incineroar|Incineroar, L50, M, shiny|100/100\n|switch|p1b: Arcanine|Arcanine-Hisui, L50, M, shiny|100/100\n|switch|p2a: Aerodactyl|Aerodactyl, L50, M|100/100\n|switch|p2b: Delphox|Delphox, L50, M|100/100\n|-ability|p2a: Aerodactyl|Unnerve\n|-ability|p1a: Incineroar|Intimidate|boost\n|-unboost|p2a: Aerodactyl|atk|1\n|-unboost|p2b: Delphox|atk|1\n|turn|1\n|\n|t:|1775876399\n|move|p2b: Delphox|Protect|p2b: Delphox\n|-singleturn|p2b: Delphox|Protect\n|move|p1a: Incineroar|Fake Out|p2a: Aerodactyl\n|-resisted|p2a: Aerodactyl|1\n|-damage|p2a: Aerodactyl|92/100\n|cant|p2a: Aerodactyl|flinch\n|move|p1b: Arcanine|Head Smash|p2b: Delphox\n|-activate|p2b: Delphox|move: Protect\n|\n|upkeep\n|turn|2\n|\n|t:|1775876414\n|detailschange|p2b: Delphox|Delphox-Mega, L50, M\n|-mega|p2b: Delphox|Delphox|Delphoxite\n|move|p2b: Delphox|Psychic|p1b: Arcanine\n|-damage|p1b: Arcanine|32/100\n|move|p2a: Aerodactyl|Rock Slide|p1b: Arcanine|[spread] p1a,p1b\n|-supereffective|p1a: Incineroar|1\n|-supereffective|p1b: Arcanine|1\n|-damage|p1a: Incineroar|70/100\n|-damage|p1b: Arcanine|0 fnt\n|faint|p1b: Arcanine\n|move|p1a: Incineroar|Parting Shot|p2a: Aerodactyl\n|-unboost|p2a: Aerodactyl|atk|1\n|-unboost|p2a: Aerodactyl|spa|1\n|\n|t:|1775876423\n|switch|p1a: Politoed|Politoed, L50, M|100/100|[from] Parting Shot\n|\n|upkeep\n|\n|t:|1775876425\n|switch|p1b: Archaludon|Archaludon, L50, M|100/100\n|turn|3\n|c|\u2606Pacman_po|Oops I messed up these sets lol\n|c|\u2606Pacman_po|gg\n|inactive|Pacman_po has 30 seconds left.\n|l|\u2606Pacman_po\n|inactive|Pacman_po disconnected and has a minute to reconnect!\n|player|p1|\n|inactive|Pacman_po has 20 seconds left.\n|inactive|Pacman_po has 15 seconds left.\n|j|\u2606Pacman_po\n|inactive|Pacman_po reconnected and has 15 seconds left.\n|player|p1|Pacman_po|ballguy|\n|inactive|Pacman_po has 10 seconds left.\n|\n|t:|1775876474\n|move|p2b: Delphox|Focus Blast|p1b: Archaludon|[miss]\n|-miss|p2b: Delphox|p1b: Archaludon\n|move|p2a: Aerodactyl|Tailwind|p2a: Aerodactyl\n|-sidestart|p2: lolgz|move: Tailwind\n|move|p1b: Archaludon|Dragon Pulse|p2b: Delphox\n|-damage|p2b: Delphox|54/100\n|move|p1a: Politoed|Perish Song|p1a: Politoed\n|-start|p1a: Politoed|perish3|[silent]\n|-start|p1b: Archaludon|perish3|[silent]\n|-start|p2a: Aerodactyl|perish3|[silent]\n|-start|p2b: Delphox|perish3|[silent]\n|-fieldactivate|move: Perish Song\n|\n|-start|p2b: Delphox|perish3\n|-start|p2a: Aerodactyl|perish3\n|-start|p1b: Archaludon|perish3\n|-start|p1a: Politoed|perish3\n|upkeep\n|turn|4\n|\n|t:|1775876483\n|switch|p2b: Incineroar|Incineroar, L50, M|100/100\n|switch|p2a: Sneasler|Sneasler, L50, F|100/100\n|move|p1b: Archaludon|Electro Shot||[still]\n|-prepare|p1b: Archaludon|Electro Shot\n|-boost|p1b: Archaludon|spa|1\n|move|p1a: Politoed|Encore||[still]\n|-fail|p1a: Politoed\n|\n|-start|p1b: Archaludon|perish2\n|-start|p1a: Politoed|perish2\n|upkeep\n|turn|5\n|\n|t:|1775876490\n|move|p2b: Incineroar|Fake Out|p1a: Politoed\n|-damage|p1a: Politoed|87/100\n|move|p2a: Sneasler|Close Combat|p1b: Archaludon\n|-supereffective|p1b: Archaludon|1\n|-ability|p1b: Archaludon|Sturdy\n|-damage|p1b: Archaludon|1/100\n|-unboost|p2a: Sneasler|def|1\n|-unboost|p2a: Sneasler|spd|1\n|-enditem|p2a: Sneasler|White Herb\n|-clearnegativeboost|p2a: Sneasler|[silent]\n|move|p1b: Archaludon|Electro Shot|p2b: Incineroar|[from] lockedmove\n|-damage|p2b: Incineroar|42/100\n|-enditem|p2b: Incineroar|Sitrus Berry|[eat]\n|-heal|p2b: Incineroar|66/100|[from] item: Sitrus Berry\n|cant|p1a: Politoed|flinch\n|\n|-heal|p1a: Politoed|93/100|[from] item: Leftovers\n|-start|p1b: Archaludon|perish1\n|-start|p1a: Politoed|perish1\n|upkeep\n|turn|6\n|\n|t:|1775876499\n|move|p2a: Sneasler|Dire Claw|p1a: Politoed\n|-damage|p1a: Politoed|51/100\n|move|p2b: Incineroar|Parting Shot|p1b: Archaludon\n|-unboost|p1b: Archaludon|atk|1\n|-unboost|p1b: Archaludon|spa|1\n|\n|t:|1775876504\n|switch|p2b: Aerodactyl|Aerodactyl, L50, M|92/100|[from] Parting Shot\n|-ability|p2b: Aerodactyl|Unnerve\n|move|p1b: Archaludon|Electro Shot||[still]\n|-prepare|p1b: Archaludon|Electro Shot\n|-boost|p1b: Archaludon|spa|1\n|move|p1a: Politoed|Perish Song|p1a: Politoed\n|-start|p2a: Sneasler|perish3|[silent]\n|-start|p2b: Aerodactyl|perish3|[silent]\n|-fieldactivate|move: Perish Song\n|\n|-heal|p1a: Politoed|57/100|[from] item: Leftovers\n|-start|p2a: Sneasler|perish3\n|-start|p2b: Aerodactyl|perish3\n|-start|p1b: Archaludon|perish0\n|-start|p1a: Politoed|perish0\n|-sideend|p2: lolgz|move: Tailwind\n|faint|p1b: Archaludon\n|faint|p1a: Politoed\n|upkeep\n|\n|t:|1775876516\n|switch|p1b: Incineroar|Incineroar, L50, M, shiny|70/100\n|-ability|p1b: Incineroar|Intimidate|boost\n|-unboost|p2a: Sneasler|atk|1\n|-unboost|p2b: Aerodactyl|atk|1\n|turn|7\n|\n|t:|1775876526\n|move|p2a: Sneasler|Close Combat|p1b: Incineroar\n|-supereffective|p1b: Incineroar|1\n|-damage|p1b: Incineroar|0 fnt\n|-unboost|p2a: Sneasler|def|1\n|-unboost|p2a: Sneasler|spd|1\n|faint|p1b: Incineroar\n|\n|win|lolgz\n|raw|Pacman_po's rating: 1000 &rarr; <strong>1000</strong><br />(+0 for losing)\n|raw|lolgz's rating: 1000 &rarr; <strong>1040</strong><br />(+40 for winning)\n",
  "uploadtime": 1775876527,
  "views": 18,
  "formatid": "gen9championsvgc2026regma",
  "rating": 1000,
  "private": 0,
  "password": null
}