{
  "id": "gen9championsvgc2026regma-2583969202",
  "format": "[Gen 9 Champions] VGC 2026 Reg M-A",
  "players": [
    "BlRD BOY",
    "abelomatrix"
  ],
  "log": "|j|\u2606BlRD BOY\n|j|\u2606abelomatrix\n|t:|1776212798\n|gametype|doubles\n|player|p1|BlRD BOY|brycen|1337\n|player|p2|abelomatrix|265|1408\n|gen|9\n|tier|[Gen 9 Champions] VGC 2026 Reg M-A\n|rated|\n|rule|Species Clause: Limit one of each Pok\u00e9mon\n|rule|Item Clause: Limit 1 of each item\n|clearpoke\n|poke|p1|Torkoal, L50, M|\n|poke|p1|Delphox, L50, M|\n|poke|p1|Sinistcha, L50|\n|poke|p1|Sneasler, L50, M|\n|poke|p1|Aggron, L50, F|\n|poke|p1|Farigiraf, L50, M|\n|poke|p2|Floette-Eternal, L50, F|\n|poke|p2|Aerodactyl, L50, M|\n|poke|p2|Sneasler, L50, F|\n|poke|p2|Rotom-Wash, L50|\n|poke|p2|Garchomp, L50, F|\n|poke|p2|Torkoal, L50, F|\n|teampreview|4\n|j| velho din\n|\n|t:|1776212841\n|teamsize|p1|4\n|teamsize|p2|4\n|start\n|switch|p1a: Farigiraf|Farigiraf, L50, M|100/100\n|switch|p1b: Sneasler|Sneasler, L50, M|100/100\n|switch|p2a: Floette|Floette-Eternal, L50, F|100/100\n|switch|p2b: Aerodactyl|Aerodactyl, L50, M|100/100\n|-ability|p2b: Aerodactyl|Unnerve\n|turn|1\n|\n|t:|1776212868\n|detailschange|p2a: Floette|Floette-Mega, L50, F\n|-mega|p2a: Floette|Floette|Floettite\n|-ability|p2a: Floette|Fairy Aura\n|move|p2b: Aerodactyl|Tailwind|p2b: Aerodactyl\n|-sidestart|p2: abelomatrix|move: Tailwind\n|move|p2a: Floette|Dazzling Gleam|p1a: Farigiraf|[spread] p1a,p1b\n|-damage|p1a: Farigiraf|53/100\n|-damage|p1b: Sneasler|31/100\n|move|p1b: Sneasler|Dire Claw|p2a: Floette\n|-supereffective|p2a: Floette|1\n|-damage|p2a: Floette|12/100\n|move|p1a: Farigiraf|Trick Room|p1a: Farigiraf\n|-fieldstart|move: Trick Room|[of] p1a: Farigiraf\n|\n|upkeep\n|turn|2\n|\n|t:|1776212884\n|switch|p1b: Aggron|Aggron, L50, F, shiny|100/100\n|move|p1a: Farigiraf|Hyper Voice|p2a: Floette|[spread] p2a,p2b\n|-resisted|p2b: Aerodactyl|1\n|-damage|p2a: Floette|0 fnt\n|-damage|p2b: Aerodactyl|82/100\n|faint|p2a: Floette\n|move|p2b: Aerodactyl|Rock Slide|p1b: Aggron|[spread] p1a\n|-miss|p2b: Aerodactyl|p1b: Aggron\n|-damage|p1a: Farigiraf|33/100\n|\n|upkeep\n|\n|t:|1776212895\n|switch|p2a: Garchomp|Garchomp, L50, F|100/100\n|turn|3\n|\n|t:|1776212916\n|detailschange|p1b: Aggron|Aggron-Mega, L50, F, shiny\n|-mega|p1b: Aggron|Aggron|Aggronite\n|move|p1b: Aggron|Iron Defense|p1b: Aggron\n|-boost|p1b: Aggron|def|2\n|move|p1a: Farigiraf|Psychic|p2a: Garchomp\n|-damage|p2a: Garchomp|59/100\n|move|p2a: Garchomp|Earthquake|p1a: Farigiraf|[spread] p1a,p1b\n|-immune|p2b: Aerodactyl\n|-supereffective|p1b: Aggron|1\n|-damage|p1a: Farigiraf|3/100\n|-damage|p1b: Aggron|85/100\n|move|p2b: Aerodactyl|Dual Wingbeat|p1a: Farigiraf|[miss]\n|-miss|p2b: Aerodactyl|p1a: Farigiraf\n|\n|upkeep\n|turn|4\n|\n|t:|1776212932\n|move|p2a: Garchomp|Protect|p2a: Garchomp\n|-singleturn|p2a: Garchomp|Protect\n|move|p2b: Aerodactyl|Protect|p2b: Aerodactyl\n|-singleturn|p2b: Aerodactyl|Protect\n|move|p1b: Aggron|Body Press|p2a: Garchomp\n|-activate|p2a: Garchomp|move: Protect\n|move|p1a: Farigiraf|Psychic|p2b: Aerodactyl\n|-activate|p2b: Aerodactyl|move: Protect\n|\n|-sideend|p2: abelomatrix|move: Tailwind\n|upkeep\n|turn|5\n|\n|t:|1776212950\n|move|p1b: Aggron|Body Press|p2a: Garchomp\n|-damage|p2a: Garchomp|0 fnt\n|-damage|p1b: Aggron|73/100|[from] ability: Rough Skin|[of] p2a: Garchomp\n|faint|p2a: Garchomp\n|move|p1a: Farigiraf|Psychic|p2b: Aerodactyl\n|-damage|p2b: Aerodactyl|25/100\n|move|p2b: Aerodactyl|Rock Slide|p1a: Farigiraf|[spread] p1a,p1b\n|-resisted|p1b: Aggron|1\n|-damage|p1a: Farigiraf|0 fnt\n|-damage|p1b: Aggron|69/100\n|faint|p1a: Farigiraf\n|\n|-fieldend|move: Trick Room\n|upkeep\n|\n|t:|1776212963\n|switch|p2a: Sneasler|Sneasler, L50, F|100/100\n|switch|p1a: Sneasler|Sneasler, L50, M|31/100\n|turn|6\n|\n|t:|1776212995\n|move|p2a: Sneasler|Fake Out|p1b: Aggron\n|-resisted|p1b: Aggron|1\n|-damage|p1b: Aggron|67/100\n|move|p1a: Sneasler|Fake Out|p2a: Sneasler\n|-damage|p2a: Sneasler|78/100\n|move|p2b: Aerodactyl|Dual Wingbeat|p1a: Sneasler|[miss]\n|-miss|p2b: Aerodactyl|p1a: Sneasler\n|cant|p1b: Aggron|flinch\n|\n|upkeep\n|turn|7\n|\n|t:|1776213022\n|move|p1a: Sneasler|Protect|p1a: Sneasler\n|-singleturn|p1a: Sneasler|Protect\n|move|p2b: Aerodactyl|Rock Slide|p1b: Aggron|[spread] p1b\n|-activate|p1a: Sneasler|move: Protect\n|-resisted|p1b: Aggron|1\n|-damage|p1b: Aggron|64/100\n|move|p2a: Sneasler|Close Combat|p1b: Aggron\n|-supereffective|p1b: Aggron|1\n|-damage|p1b: Aggron|41/100\n|-unboost|p2a: Sneasler|def|1\n|-unboost|p2a: Sneasler|spd|1\n|-enditem|p2a: Sneasler|White Herb\n|-clearnegativeboost|p2a: Sneasler|[silent]\n|cant|p1b: Aggron|flinch\n|\n|upkeep\n|turn|8\n|\n|t:|1776213047\n|move|p2a: Sneasler|Close Combat|p1b: Aggron\n|-supereffective|p1b: Aggron|1\n|-damage|p1b: Aggron|20/100\n|-unboost|p2a: Sneasler|def|1\n|-unboost|p2a: Sneasler|spd|1\n|move|p2b: Aerodactyl|Rock Slide|p1b: Aggron|[spread] p1b\n|-miss|p2b: Aerodactyl|p1a: Sneasler\n|-resisted|p1b: Aggron|1\n|-damage|p1b: Aggron|16/100\n|move|p1a: Sneasler|Close Combat|p2a: Sneasler\n|-resisted|p2a: Sneasler|1\n|-damage|p2a: Sneasler|0 fnt\n|-unboost|p1a: Sneasler|def|1\n|-unboost|p1a: Sneasler|spd|1\n|faint|p2a: Sneasler\n|-enditem|p1a: Sneasler|White Herb\n|-clearnegativeboost|p1a: Sneasler|[silent]\n|move|p1b: Aggron|Heavy Slam|p2b: Aerodactyl\n|-supereffective|p2b: Aerodactyl|1\n|-damage|p2b: Aerodactyl|0 fnt\n|faint|p2b: Aerodactyl\n|\n|win|BlRD BOY\n|raw|BlRD BOY's rating: 1337 &rarr; <strong>1361</strong><br />(+24 for winning)\n|raw|abelomatrix's rating: 1408 &rarr; <strong>1384</strong><br />(-24 for losing)\n|l|\u2606abelomatrix\n|player|p2|\n",
  "uploadtime": 1776213075,
  "views": 40,
  "formatid": "gen9championsvgc2026regma",
  "rating": 1361,
  "private": 0,
  "password": null
}