{
  "id": "gen9championsvgc2026regma-2587083409",
  "format": "[Gen 9 Champions] VGC 2026 Reg M-A",
  "players": [
    "uocjcobo",
    "darkcapo666"
  ],
  "log": "|j|\u2606uocjcobo\n|j|\u2606darkcapo666\n|t:|1776491080\n|gametype|doubles\n|player|p1|uocjcobo|liko|1200\n|player|p2|darkcapo666|102|1265\n|gen|9\n|tier|[Gen 9 Champions] VGC 2026 Reg M-A\n|rated|\n|rule|Species Clause: Limit one of each Pok\u00e9mon\n|rule|Item Clause: Limit 1 of each item\n|clearpoke\n|poke|p1|Floette-Eternal, L50, F|\n|poke|p1|Aerodactyl, L50, M|\n|poke|p1|Incineroar, L50, M|\n|poke|p1|Kingambit, L50, M|\n|poke|p1|Sinistcha, L50|\n|poke|p1|Sneasler, L50, F|\n|poke|p2|Starmie, L50|\n|poke|p2|Pelipper, L50, F|\n|poke|p2|Incineroar, L50, F|\n|poke|p2|Vivillon, L50, M|\n|poke|p2|Archaludon, L50, F|\n|poke|p2|Basculegion-F, L50, F|\n|teampreview|4\n|inactive|Battle timer is ON: inactive players will automatically lose when time's up. (requested by uocjcobo)\n|inactive|darkcapo666 has 60 seconds left.\n|\n|t:|1776491121\n|teamsize|p1|4\n|teamsize|p2|4\n|start\n|switch|p1a: Floette|Floette-Eternal, L50, F|100/100\n|switch|p1b: Aerodactyl|Aerodactyl, L50, M|100/100\n|switch|p2a: Basculegion|Basculegion-F, L50, F|100/100\n|switch|p2b: Archaludon|Archaludon, L50, F|100/100\n|-ability|p1b: Aerodactyl|Unnerve\n|turn|1\n|inactive|uocjcobo has 30 seconds left.\n|\n|t:|1776491150\n|switch|p2b: Pelipper|Pelipper, L50, F|100/100\n|-weather|RainDance|[from] ability: Drizzle|[of] p2b: Pelipper\n|detailschange|p1a: Floette|Floette-Mega, L50, F\n|-mega|p1a: Floette|Floette|Floettite\n|-ability|p1a: Floette|Fairy Aura\n|move|p2a: Basculegion|Muddy Water|p1a: Floette|[spread] p1a\n|-miss|p2a: Basculegion|p1b: Aerodactyl\n|-damage|p1a: Floette|67/100\n|move|p1b: Aerodactyl|Dual Wingbeat|p2a: Basculegion\n|-damage|p2a: Basculegion|79/100\n|-damage|p2a: Basculegion|59/100\n|-hitcount|p2a: Basculegion|2\n|move|p1a: Floette|Calm Mind|p1a: Floette\n|-boost|p1a: Floette|spa|1\n|-boost|p1a: Floette|spd|1\n|\n|-weather|RainDance|[upkeep]\n|upkeep\n|turn|2\n|inactive|uocjcobo has 30 seconds left.\n|\n|t:|1776491180\n|move|p2a: Basculegion|Muddy Water|p1a: Floette|[spread] p1a,p1b\n|-crit|p1a: Floette\n|-supereffective|p1b: Aerodactyl|1\n|-damage|p1a: Floette|10/100\n|-enditem|p1b: Aerodactyl|Focus Sash\n|-damage|p1b: Aerodactyl|1/100\n|move|p1b: Aerodactyl|Tailwind|p1b: Aerodactyl\n|-sidestart|p1: uocjcobo|move: Tailwind\n|move|p1a: Floette|Dazzling Gleam|p2a: Basculegion|[spread] p2a,p2b\n|-damage|p2a: Basculegion|0 fnt\n|-damage|p2b: Pelipper|0 fnt\n|faint|p2a: Basculegion\n|faint|p2b: Pelipper\n|\n|-weather|RainDance|[upkeep]\n|upkeep\n|\n|t:|1776491196\n|switch|p2b: Vivillon|Vivillon, L50, M|100/100\n|switch|p2a: Archaludon|Archaludon, L50, F|100/100\n|turn|3\n|-activate|p2a: Archaludon|item: Quick Claw\n|\n|t:|1776491212\n|move|p2b: Vivillon|Rage Powder|p2b: Vivillon\n|-singleturn|p2b: Vivillon|move: Rage Powder\n|move|p2a: Archaludon|Electro Shot||[still]\n|-prepare|p2a: Archaludon|Electro Shot\n|-boost|p2a: Archaludon|spa|1\n|-anim|p2a: Archaludon|Electro Shot|p1a: Floette\n|-damage|p1a: Floette|0 fnt\n|faint|p1a: Floette\n|move|p1b: Aerodactyl|Dual Wingbeat|p2b: Vivillon\n|-supereffective|p2b: Vivillon|1\n|-damage|p2b: Vivillon|28/100\n|-supereffective|p2b: Vivillon|1\n|-damage|p2b: Vivillon|0 fnt\n|faint|p2b: Vivillon\n|-hitcount|p2: Vivillon|2\n|\n|-weather|RainDance|[upkeep]\n|upkeep\n|inactive|uocjcobo has 30 seconds left.\n|\n|t:|1776491241\n|switch|p1a: Sneasler|Sneasler, L50, F|100/100\n|turn|4\n|\n|t:|1776491246\n|switch|p1b: Kingambit|Kingambit, L50, M|100/100\n|move|p1a: Sneasler|Close Combat|p2a: Archaludon\n|-supereffective|p2a: Archaludon|1\n|-damage|p2a: Archaludon|9/100\n|-unboost|p1a: Sneasler|def|1\n|-unboost|p1a: Sneasler|spd|1\n|-ability|p2a: Archaludon|Stamina|boost\n|-boost|p2a: Archaludon|def|1\n|-enditem|p1a: Sneasler|White Herb\n|-clearnegativeboost|p1a: Sneasler|[silent]\n|move|p2a: Archaludon|Electro Shot||[still]\n|-prepare|p2a: Archaludon|Electro Shot\n|-boost|p2a: Archaludon|spa|1\n|-anim|p2a: Archaludon|Electro Shot|p1a: Sneasler\n|-damage|p1a: Sneasler|0 fnt\n|faint|p1a: Sneasler\n|\n|-weather|RainDance|[upkeep]\n|upkeep\n|\n|t:|1776491248\n|switch|p1a: Aerodactyl|Aerodactyl, L50, M|1/100\n|-ability|p1a: Aerodactyl|Unnerve\n|turn|5\n|-message|darkcapo666 forfeited.\n|\n|win|uocjcobo\n|raw|uocjcobo's rating: 1200 &rarr; <strong>1230</strong><br />(+30 for winning)\n|raw|darkcapo666's rating: 1265 &rarr; <strong>1235</strong><br />(-30 for losing)\n",
  "uploadtime": 1776491262,
  "views": 36,
  "formatid": "gen9championsvgc2026regma",
  "rating": 1230,
  "private": 0,
  "password": null
}