{
  "id": "gen9championsvgc2026regma-2584057981",
  "format": "[Gen 9 Champions] VGC 2026 Reg M-A",
  "players": [
    "SilverVT",
    "ChampionsmatchVGC"
  ],
  "log": "|j|\u2606SilverVT\n|j|\u2606ChampionsmatchVGC\n|t:|1776220938\n|gametype|doubles\n|player|p1|SilverVT|silver|1519\n|player|p2|ChampionsmatchVGC|gardenia|1636\n|gen|9\n|tier|[Gen 9 Champions] VGC 2026 Reg M-A\n|rated|\n|rule|Species Clause: Limit one of each Pok\u00e9mon\n|rule|Item Clause: Limit 1 of each item\n|clearpoke\n|poke|p1|Whimsicott, L50, F|\n|poke|p1|Gardevoir, L50, F|\n|poke|p1|Garchomp, L50, F|\n|poke|p1|Incineroar, L50, M|\n|poke|p1|Sneasler, L50, M|\n|poke|p1|Farigiraf, L50, M|\n|poke|p2|Garchomp, L50, M|\n|poke|p2|Delphox, L50, M|\n|poke|p2|Floette-Eternal, L50, F|\n|poke|p2|Sneasler, L50, M|\n|poke|p2|Kingambit, L50, F|\n|poke|p2|Basculegion, L50, M|\n|teampreview|4\n|inactive|Battle timer is ON: inactive players will automatically lose when time's up. (requested by SilverVT)\n|\n|t:|1776220965\n|teamsize|p1|4\n|teamsize|p2|4\n|start\n|switch|p1a: Whimsicott|Whimsicott, L50, F|100/100\n|switch|p1b: Gardevoir|Gardevoir, L50, F|100/100\n|switch|p2a: Garchomp|Garchomp, L50, M|100/100\n|switch|p2b: Delphox|Delphox, L50, M|100/100\n|-ability|p1b: Gardevoir|Rough Skin|Trace|[from] ability: Trace|[of] p2a: Garchomp\n|turn|1\n|j| r4gn4r96\n|\n|t:|1776220981\n|detailschange|p2b: Delphox|Delphox-Mega, L50, M\n|-mega|p2b: Delphox|Delphox|Delphoxite\n|detailschange|p1b: Gardevoir|Gardevoir-Mega, L50, F\n|-mega|p1b: Gardevoir|Gardevoir|Gardevoirite\n|move|p1a: Whimsicott|Tailwind|p1a: Whimsicott\n|-sidestart|p1: SilverVT|move: Tailwind\n|move|p1b: Gardevoir|Hyper Voice|p2a: Garchomp|[spread] p2a,p2b\n|-supereffective|p2a: Garchomp|1\n|-resisted|p2b: Delphox|1\n|-damage|p2a: Garchomp|6/100\n|-damage|p2b: Delphox|76/100\n|-enditem|p2a: Garchomp|Sitrus Berry|[eat]\n|-heal|p2a: Garchomp|30/100|[from] item: Sitrus Berry\n|move|p2b: Delphox|Heat Wave|p1a: Whimsicott|[spread] p1a,p1b\n|-supereffective|p1a: Whimsicott|1\n|-enditem|p1a: Whimsicott|Focus Sash\n|-damage|p1a: Whimsicott|1/100\n|-damage|p1b: Gardevoir|66/100\n|move|p2a: Garchomp|Earthquake|p1b: Gardevoir|[spread] p1a,p1b\n|-immune|p2b: Delphox|[from] ability: Levitate\n|-resisted|p1a: Whimsicott|1\n|-damage|p1a: Whimsicott|0 fnt\n|-damage|p1b: Gardevoir|10/100\n|faint|p1a: Whimsicott\n|\n|upkeep\n|j| yuichi\n|inactive|SilverVT has 30 seconds left.\n|inactive|SilverVT has 20 seconds left.\n|\n|t:|1776221018\n|switch|p1a: Sneasler|Sneasler, L50, M|100/100\n|turn|2\n|\n|t:|1776221032\n|move|p2b: Delphox|Protect|p2b: Delphox\n|-singleturn|p2b: Delphox|Protect\n|move|p2a: Garchomp|Protect|p2a: Garchomp\n|-singleturn|p2a: Garchomp|Protect\n|move|p1a: Sneasler|Fake Out|p2b: Delphox\n|-activate|p2b: Delphox|move: Protect\n|move|p1b: Gardevoir|Hyper Voice|p2a: Garchomp|[spread] \n|-activate|p2a: Garchomp|move: Protect\n|-activate|p2b: Delphox|move: Protect\n|\n|upkeep\n|turn|3\n|j| hachiware\n|\n|t:|1776221053\n|switch|p2b: Kingambit|Kingambit, L50, F|100/100\n|switch|p2a: Basculegion|Basculegion, L50, M|100/100\n|move|p1a: Sneasler|Dire Claw|p2b: Kingambit\n|-immune|p2b: Kingambit\n|move|p1b: Gardevoir|Hyper Voice|p2a: Basculegion|[spread] p2a,p2b\n|-damage|p2a: Basculegion|36/100\n|-damage|p2b: Kingambit|47/100\n|\n|upkeep\n|turn|4\n|\n|t:|1776221068\n|switch|p1b: Garchomp|Garchomp, L50, F|100/100\n|switch|p2a: Delphox|Delphox-Mega, L50, M|76/100\n|move|p2b: Kingambit|Protect|p2b: Kingambit\n|-singleturn|p2b: Kingambit|Protect\n|move|p1a: Sneasler|Close Combat|p2b: Kingambit\n|-activate|p2b: Kingambit|move: Protect\n|\n|-sideend|p1: SilverVT|move: Tailwind\n|upkeep\n|turn|5\n|inactive|SilverVT has 30 seconds left.\n|inactive|ChampionsmatchVGC has 30 seconds left.\n|\n|t:|1776221097\n|switch|p1a: Gardevoir|Gardevoir-Mega, L50, F|10/100\n|move|p2b: Kingambit|Sucker Punch|p1b: Garchomp\n|-damage|p1b: Garchomp|62/100\n|-damage|p2b: Kingambit|34/100|[from] ability: Rough Skin|[of] p1b: Garchomp\n|move|p2a: Delphox|Psychic|p1a: Gardevoir\n|-resisted|p1a: Gardevoir|1\n|-damage|p1a: Gardevoir|0 fnt\n|faint|p1a: Gardevoir\n|move|p1b: Garchomp|Stomping Tantrum|p2b: Kingambit\n|-supereffective|p2b: Kingambit|1\n|-damage|p2b: Kingambit|0 fnt\n|faint|p2b: Kingambit\n|\n|upkeep\n|\n|t:|1776221116\n|switch|p1a: Sneasler|Sneasler, L50, M|100/100\n|switch|p2b: Garchomp|Garchomp, L50, M|30/100\n|turn|6\n|\n|t:|1776221129\n|move|p2a: Delphox|Protect|p2a: Delphox\n|-singleturn|p2a: Delphox|Protect\n|move|p2b: Garchomp|Protect|p2b: Garchomp\n|-singleturn|p2b: Garchomp|Protect\n|move|p1a: Sneasler|Close Combat|p2b: Garchomp\n|-activate|p2b: Garchomp|move: Protect\n|move|p1b: Garchomp|Rock Slide|p2a: Delphox|[spread] \n|-activate|p2a: Delphox|move: Protect\n|-activate|p2b: Garchomp|move: Protect\n|\n|upkeep\n|turn|7\n|\n|t:|1776221144\n|move|p1a: Sneasler|Protect|p1a: Sneasler\n|-singleturn|p1a: Sneasler|Protect\n|move|p2a: Delphox|Psychic|p1a: Sneasler\n|-activate|p1a: Sneasler|move: Protect\n|move|p1b: Garchomp|Rock Slide|p2a: Delphox|[spread] p2a,p2b\n|-supereffective|p2a: Delphox|1\n|-resisted|p2b: Garchomp|1\n|-damage|p2a: Delphox|14/100\n|-damage|p2b: Garchomp|21/100\n|move|p2b: Garchomp|Earthquake|p1b: Garchomp|[spread] p1b\n|-activate|p1a: Sneasler|move: Protect\n|-immune|p2a: Delphox|[from] ability: Levitate\n|-damage|p1b: Garchomp|20/100\n|\n|upkeep\n|turn|8\n|\n|t:|1776221161\n|move|p1a: Sneasler|Protect|p1a: Sneasler\n|-singleturn|p1a: Sneasler|Protect\n|move|p2b: Garchomp|Protect|p2b: Garchomp\n|-singleturn|p2b: Garchomp|Protect\n|move|p2a: Delphox|Psychic|p1a: Sneasler\n|-activate|p1a: Sneasler|move: Protect\n|move|p1b: Garchomp|Rock Slide|p2b: Garchomp|[spread] p2a\n|-activate|p2b: Garchomp|move: Protect\n|-supereffective|p2a: Delphox|1\n|-damage|p2a: Delphox|0 fnt\n|faint|p2a: Delphox\n|\n|upkeep\n|\n|t:|1776221169\n|switch|p2a: Basculegion|Basculegion, L50, M|36/100\n|turn|9\n|\n|t:|1776221181\n|move|p2a: Basculegion|Protect|p2a: Basculegion\n|-singleturn|p2a: Basculegion|Protect\n|move|p1a: Sneasler|Close Combat|p2b: Garchomp\n|-damage|p2b: Garchomp|0 fnt\n|-unboost|p1a: Sneasler|def|1\n|-unboost|p1a: Sneasler|spd|1\n|-damage|p1a: Sneasler|88/100|[from] ability: Rough Skin|[of] p2b: Garchomp\n|faint|p2b: Garchomp\n|-enditem|p1a: Sneasler|White Herb\n|-clearnegativeboost|p1a: Sneasler|[silent]\n|move|p1b: Garchomp|Stomping Tantrum|p2a: Basculegion\n|-activate|p2a: Basculegion|move: Protect\n|\n|upkeep\n|turn|10\n|-message|ChampionsmatchVGC forfeited.\n|\n|win|SilverVT\n|raw|SilverVT's rating: 1519 &rarr; <strong>1545</strong><br />(+26 for winning)\n|raw|ChampionsmatchVGC's rating: 1636 &rarr; <strong>1610</strong><br />(-26 for losing)\n|l|\u2606ChampionsmatchVGC\n|player|p2|\n|j|\u2606ChampionsmatchVGC\n|player|p2|ChampionsmatchVGC|gardenia|\n|l| hachiware\n",
  "uploadtime": 1776221203,
  "views": 98,
  "formatid": "gen9championsvgc2026regma",
  "rating": 1545,
  "private": 0,
  "password": null
}