{
  "id": "gen9championsvgc2026regma-2586707980",
  "format": "[Gen 9 Champions] VGC 2026 Reg M-A",
  "players": [
    "Iwaktutowantme",
    "Lkztx"
  ],
  "log": "|j|\u203dIwaktutowantme\n|j|\u2606Lkztx\n|t:|1776453775\n|gametype|doubles\n|player|p1|Iwaktutowantme|266|1024\n|player|p2|Lkztx|265|1000\n|gen|9\n|tier|[Gen 9 Champions] VGC 2026 Reg M-A\n|rated|\n|rule|Species Clause: Limit one of each Pok\u00e9mon\n|rule|Item Clause: Limit 1 of each item\n|clearpoke\n|poke|p1|Feraligatr, L50, M|\n|poke|p1|Espathra, L50, M|\n|poke|p1|Altaria, L50, F|\n|poke|p1|Gengar, L50, F|\n|poke|p1|Krookodile, L50, M|\n|poke|p1|Meowscarada, L50, M|\n|poke|p2|Farigiraf, L50, F|\n|poke|p2|Drampa, L50, M|\n|poke|p2|Aegislash, L50, F|\n|poke|p2|Incineroar, L50, M|\n|poke|p2|Sinistcha, L50|\n|poke|p2|Sneasler, L50, M|\n|teampreview|4\n|inactive|Battle timer is ON: inactive players will automatically lose when time's up. (requested by Lkztx)\n|inactive|Iwaktutowantme has 60 seconds left.\n|\n|t:|1776453810\n|teamsize|p1|4\n|teamsize|p2|4\n|start\n|switch|p1a: Espathra|Espathra, L50, M|100/100\n|switch|p1b: Krookodile|Krookodile, L50, M|100/100\n|switch|p2a: Farigiraf|Farigiraf, L50, F|100/100\n|switch|p2b: Drampa|Drampa, L50, M|100/100\n|-ability|p1b: Krookodile|Intimidate|boost\n|-unboost|p2a: Farigiraf|atk|1\n|-unboost|p2b: Drampa|atk|1\n|turn|1\n|\n|t:|1776453827\n|detailschange|p2b: Drampa|Drampa-Mega, L50, M\n|-mega|p2b: Drampa|Drampa|Drampanite\n|move|p1b: Krookodile|Knock Off|p2a: Farigiraf\n|-supereffective|p2a: Farigiraf|1\n|-damage|p2a: Farigiraf|24/100\n|-enditem|p2a: Farigiraf|Sitrus Berry|[from] move: Knock Off|[of] p1b: Krookodile\n|move|p1a: Espathra|Lumina Crash|p2a: Farigiraf\n|-resisted|p2a: Farigiraf|1\n|-damage|p2a: Farigiraf|12/100\n|-unboost|p2a: Farigiraf|spd|2\n|move|p2b: Drampa|Hyper Voice|p1b: Krookodile|[spread] p1a,p1b\n|-damage|p1a: Espathra|47/100\n|-damage|p1b: Krookodile|42/100\n|move|p2a: Farigiraf|Trick Room|p2a: Farigiraf\n|-fieldstart|move: Trick Room|[of] p2a: Farigiraf\n|\n|-ability|p1a: Espathra|Speed Boost|boost\n|-boost|p1a: Espathra|spe|1\n|upkeep\n|turn|2\n|\n|t:|1776453846\n|move|p2b: Drampa|Hyper Voice|p1b: Krookodile|[spread] p1a,p1b\n|-damage|p1a: Espathra|0 fnt\n|-damage|p1b: Krookodile|0 fnt\n|faint|p1a: Espathra\n|faint|p1b: Krookodile\n|move|p2a: Farigiraf|Hyper Voice|p1: Espathra|[notarget]\n|-fail|p2a: Farigiraf\n|\n|upkeep\n|\n|t:|1776453848\n|switch|p1b: Altaria|Altaria, L50, F|100/100\n|switch|p1a: Gengar|Gengar, L50, F|100/100\n|-ability|p1b: Altaria|Cloud Nine\n|turn|3\n|\n|t:|1776453864\n|move|p1b: Altaria|Protect|p1b: Altaria\n|-singleturn|p1b: Altaria|Protect\n|move|p2b: Drampa|Draco Meteor|p1b: Altaria\n|-activate|p1b: Altaria|move: Protect\n|move|p2a: Farigiraf|Psychic|p1a: Gengar\n|-supereffective|p1a: Gengar|1\n|-damage|p1a: Gengar|0 fnt\n|faint|p1a: Gengar\n|\n|upkeep\n|turn|4\n|\n|t:|1776453880\n|detailschange|p1b: Altaria|Altaria-Mega, L50, F\n|-mega|p1b: Altaria|Altaria|Altarianite\n|move|p2b: Drampa|Draco Meteor|p1b: Altaria\n|-immune|p1b: Altaria\n|move|p2a: Farigiraf|Hyper Voice|p1b: Altaria\n|-damage|p1b: Altaria|70/100\n|move|p1b: Altaria|Hyper Voice|p2b: Drampa|[spread] p2a,p2b\n|-supereffective|p2b: Drampa|1\n|-damage|p2a: Farigiraf|0 fnt\n|-damage|p2b: Drampa|48/100\n|faint|p2a: Farigiraf\n|-ability|p2b: Drampa|Berserk|boost\n|-boost|p2b: Drampa|spa|1\n|\n|upkeep\n|\n|t:|1776453892\n|switch|p2a: Sinistcha|Sinistcha, L50|100/100\n|-heal|p2b: Drampa|72/100|[from] ability: Hospitality|[of] p2a: Sinistcha\n|turn|5\n|l|\u203dIwaktutowantme\n|inactive|Iwaktutowantme disconnected and has a minute to reconnect!\n|player|p1|\n|inactive|Iwaktutowantme has 30 seconds left.\n|inactive|Iwaktutowantme has 20 seconds left.\n|inactive|Iwaktutowantme has 15 seconds left.\n|inactive|Iwaktutowantme has 10 seconds left.\n|inactive|Iwaktutowantme has 5 seconds left.\n|-message|Iwaktutowantme lost due to inactivity.\n|\n|win|Lkztx\n|raw|Iwaktutowantme's rating: 1058 &rarr; <strong>1036</strong><br />(-22 for losing)\n|raw|Lkztx's rating: 1000 &rarr; <strong>1047</strong><br />(+47 for winning)\n",
  "uploadtime": 1776453954,
  "views": 25,
  "formatid": "gen9championsvgc2026regma",
  "rating": 1036,
  "private": 0,
  "password": null
}