{
  "id": "gen9championsvgc2026regma-2584115097",
  "format": "[Gen 9 Champions] VGC 2026 Reg M-A",
  "players": [
    "Frostoren",
    "DevilsroseVA"
  ],
  "log": "|j|\u2606Frostoren\n|j|\u2606DevilsroseVA\n|t:|1776226768\n|gametype|doubles\n|player|p1|Frostoren|102|1195\n|player|p2|DevilsroseVA|hilbert-wonderlauncher|1183\n|gen|9\n|tier|[Gen 9 Champions] VGC 2026 Reg M-A\n|rated|\n|rule|Species Clause: Limit one of each Pok\u00e9mon\n|rule|Item Clause: Limit 1 of each item\n|clearpoke\n|poke|p1|Victreebel, L50, F|\n|poke|p1|Meowstic, L50, M|\n|poke|p1|Gallade, L50, M|\n|poke|p1|Incineroar, L50, M|\n|poke|p1|Clawitzer, L50, F|\n|poke|p1|Chandelure, L50, M|\n|poke|p2|Froslass, L50, F|\n|poke|p2|Rotom-Frost, L50|\n|poke|p2|Incineroar, L50, F|\n|poke|p2|Gyarados, L50, M|\n|poke|p2|Raichu, L50, F|\n|poke|p2|Krookodile, L50, M|\n|teampreview|4\n|\n|t:|1776226794\n|teamsize|p1|4\n|teamsize|p2|4\n|start\n|switch|p1a: Gallade|Gallade, L50, M|100/100\n|switch|p1b: Incineroar|Incineroar, L50, M, shiny|100/100\n|switch|p2a: Incineroar|Incineroar, L50, F|100/100\n|switch|p2b: Froslass|Froslass, L50, F|100/100\n|-ability|p2a: Incineroar|Intimidate|boost\n|-unboost|p1a: Gallade|atk|1\n|-unboost|p1b: Incineroar|atk|1\n|-ability|p1b: Incineroar|Intimidate|boost\n|-unboost|p2a: Incineroar|atk|1\n|-unboost|p2b: Froslass|atk|1\n|-enditem|p1a: Gallade|White Herb\n|-clearnegativeboost|p1a: Gallade|[silent]\n|turn|1\n|\n|t:|1776226821\n|switch|p2b: Krookodile|Krookodile, L50, M|100/100\n|-ability|p2b: Krookodile|Intimidate|boost\n|-unboost|p1a: Gallade|atk|1\n|-unboost|p1b: Incineroar|atk|1\n|move|p2a: Incineroar|Fake Out|p1a: Gallade\n|-damage|p1a: Gallade|92/100\n|move|p1b: Incineroar|Fake Out|p2a: Incineroar\n|-damage|p2a: Incineroar|95/100\n|cant|p1a: Gallade|flinch\n|\n|upkeep\n|turn|2\n|\n|t:|1776226840\n|move|p2b: Krookodile|Knock Off|p1a: Gallade\n|-damage|p1a: Gallade|55/100\n|move|p2a: Incineroar|Parting Shot|p1a: Gallade\n|-unboost|p1a: Gallade|atk|1\n|-unboost|p1a: Gallade|spa|1\n|\n|t:|1776226848\n|switch|p2a: Froslass|Froslass, L50, F|100/100|[from] Parting Shot\n|move|p1a: Gallade|Sacred Sword|p2b: Krookodile\n|-supereffective|p2b: Krookodile|1\n|-damage|p2b: Krookodile|17/100\n|move|p1b: Incineroar|Parting Shot|p2a: Froslass\n|-unboost|p2a: Froslass|atk|1\n|-unboost|p2a: Froslass|spa|1\n|\n|t:|1776226855\n|switch|p1b: Victreebel|Victreebel, L50, F, shiny|100/100|[from] Parting Shot\n|\n|upkeep\n|turn|3\n|\n|t:|1776226874\n|switch|p2a: Incineroar|Incineroar, L50, F|95/100\n|-ability|p2a: Incineroar|Intimidate|boost\n|-unboost|p1a: Gallade|atk|1\n|-unboost|p1b: Victreebel|atk|1\n|detailschange|p1b: Victreebel|Victreebel-Mega, L50, F, shiny\n|-mega|p1b: Victreebel|Victreebel|Victreebelite\n|move|p1a: Gallade|Wide Guard|p1a: Gallade\n|-singleturn|p1a: Gallade|Wide Guard\n|move|p2b: Krookodile|Rock Slide|p1a: Gallade|[spread] \n|-activate|p1a: Gallade|move: Wide Guard\n|-activate|p1b: Victreebel|move: Wide Guard\n|move|p1b: Victreebel|Giga Drain|p2a: Incineroar\n|-resisted|p2a: Incineroar|1\n|-damage|p2a: Incineroar|72/100\n|\n|upkeep\n|turn|4\n|\n|t:|1776226889\n|switch|p1a: Incineroar|Incineroar, L50, M, shiny|100/100\n|-ability|p1a: Incineroar|Intimidate|boost\n|-unboost|p2a: Incineroar|atk|1\n|-unboost|p2b: Krookodile|atk|1\n|move|p2b: Krookodile|Knock Off|p1a: Incineroar\n|-resisted|p1a: Incineroar|1\n|-damage|p1a: Incineroar|86/100\n|-enditem|p1a: Incineroar|Leftovers|[from] move: Knock Off|[of] p2b: Krookodile\n|move|p2a: Incineroar|Flare Blitz|p1b: Victreebel\n|-supereffective|p1b: Victreebel|1\n|-damage|p1b: Victreebel|23/100\n|-damage|p2a: Incineroar|48/100|[from] Recoil\n|move|p1b: Victreebel|Sludge Bomb|p2a: Incineroar\n|-damage|p2a: Incineroar|0 fnt\n|faint|p2a: Incineroar\n|\n|upkeep\n|\n|t:|1776226891\n|switch|p2a: Froslass|Froslass, L50, F|100/100\n|turn|5\n|\n|t:|1776226908\n|detailschange|p2a: Froslass|Froslass-Mega, L50, F\n|-mega|p2a: Froslass|Froslass|Froslassite\n|-weather|Snowscape|[from] ability: Snow Warning|[of] p2a: Froslass\n|move|p2b: Krookodile|Protect|p2b: Krookodile\n|-singleturn|p2b: Krookodile|Protect\n|move|p1b: Victreebel|Protect|p1b: Victreebel\n|-singleturn|p1b: Victreebel|Protect\n|move|p2a: Froslass|Blizzard|p1a: Incineroar|[spread] p1a\n|-activate|p1b: Victreebel|move: Protect\n|-resisted|p1a: Incineroar|1\n|-damage|p1a: Incineroar|70/100\n|move|p1a: Incineroar|Parting Shot|p2a: Froslass\n|-unboost|p2a: Froslass|atk|1\n|-unboost|p2a: Froslass|spa|1\n|\n|t:|1776226911\n|switch|p1a: Clawitzer|Clawitzer, L50, F|100/100|[from] Parting Shot\n|\n|-weather|Snowscape|[upkeep]\n|upkeep\n|turn|6\n|\n|t:|1776226928\n|switch|p2a: Rotom|Rotom-Frost, L50|100/100\n|switch|p1b: Incineroar|Incineroar, L50, M, shiny|70/100\n|-ability|p1b: Incineroar|Intimidate|boost\n|-unboost|p2a: Rotom|atk|1\n|-unboost|p2b: Krookodile|atk|1\n|move|p2b: Krookodile|Earthquake|p1a: Clawitzer|[spread] p1a,p1b\n|-immune|p2a: Rotom|[from] ability: Levitate\n|-supereffective|p1b: Incineroar|1\n|-damage|p1a: Clawitzer|85/100\n|-damage|p1b: Incineroar|36/100\n|move|p1a: Clawitzer|Water Pulse|p2b: Krookodile|[miss]\n|-miss|p1a: Clawitzer|p2b: Krookodile\n|\n|-weather|Snowscape|[upkeep]\n|upkeep\n|turn|7\n|\n|t:|1776226956\n|switch|p2b: Froslass|Froslass-Mega, L50, F|100/100\n|move|p1b: Incineroar|Fake Out|p2a: Rotom\n|-damage|p2a: Rotom|91/100\n|cant|p2a: Rotom|flinch\n|move|p1a: Clawitzer|Aura Sphere|p2a: Rotom\n|-supereffective|p2a: Rotom|1\n|-damage|p2a: Rotom|9/100\n|\n|-weather|Snowscape|[upkeep]\n|upkeep\n|turn|8\n|\n|t:|1776226978\n|move|p1a: Clawitzer|Protect|p1a: Clawitzer\n|-singleturn|p1a: Clawitzer|Protect\n|move|p2a: Rotom|Volt Switch|p1a: Clawitzer\n|-activate|p1a: Clawitzer|move: Protect\n|move|p2b: Froslass|Blizzard|p1a: Clawitzer|[spread] p1b\n|-activate|p1a: Clawitzer|move: Protect\n|-resisted|p1b: Incineroar|1\n|-damage|p1b: Incineroar|19/100\n|-status|p1b: Incineroar|frz\n|-curestatus|p1b: Incineroar|frz|[msg]\n|move|p1b: Incineroar|Parting Shot|p2b: Froslass\n|-unboost|p2b: Froslass|atk|1\n|-unboost|p2b: Froslass|spa|1\n|\n|t:|1776226987\n|switch|p1b: Gallade|Gallade, L50, M|55/100|[from] Parting Shot\n|\n|-weather|Snowscape|[upkeep]\n|upkeep\n|turn|9\n|\n|t:|1776226992\n|move|p1b: Gallade|Shadow Sneak|p2a: Rotom\n|-damage|p2a: Rotom|0 fnt\n|faint|p2a: Rotom\n|move|p2b: Froslass|Shadow Ball|p1b: Gallade\n|-supereffective|p1b: Gallade|1\n|-damage|p1b: Gallade|4/100\n|move|p1a: Clawitzer|Heal Pulse|p1b: Gallade\n|-heal|p1b: Gallade|79/100\n|\n|-weather|none\n|upkeep\n|\n|t:|1776226995\n|switch|p2a: Krookodile|Krookodile, L50, M|17/100\n|-ability|p2a: Krookodile|Intimidate|boost\n|-unboost|p1a: Clawitzer|atk|1\n|-unboost|p1b: Gallade|atk|1\n|turn|10\n|-message|DevilsroseVA forfeited.\n|\n|win|Frostoren\n|raw|Frostoren's rating: 1195 &rarr; <strong>1219</strong><br />(+24 for winning)\n|raw|DevilsroseVA's rating: 1183 &rarr; <strong>1159</strong><br />(-24 for losing)\n|l|\u2606DevilsroseVA\n|player|p2|\n",
  "uploadtime": 1776227004,
  "views": 27,
  "formatid": "gen9championsvgc2026regma",
  "rating": 1159,
  "private": 0,
  "password": null
}