{
  "id": "gen9championsvgc2026regma-2587606791",
  "format": "[Gen 9 Champions] VGC 2026 Reg M-A",
  "players": [
    "galmic",
    "PM77Switch"
  ],
  "log": "|j|\u2606galmic\n|j|\u2606PM77Switch\n|t:|1776546425\n|gametype|doubles\n|player|p1|galmic|steven|1336\n|player|p2|PM77Switch|may-masters3|1322\n|gen|9\n|tier|[Gen 9 Champions] VGC 2026 Reg M-A\n|rated|\n|rule|Species Clause: Limit one of each Pok\u00e9mon\n|rule|Item Clause: Limit 1 of each item\n|clearpoke\n|poke|p1|Froslass, L50, F, shiny|\n|poke|p1|Pelipper, L50, M|\n|poke|p1|Basculegion, L50, M, shiny|\n|poke|p1|Archaludon, L50, F, shiny|\n|poke|p1|Incineroar, L50, M, shiny|\n|poke|p1|Sneasler, L50, F|\n|poke|p2|Blastoise, L50, F|\n|poke|p2|Kingambit, L50, F|\n|poke|p2|Sneasler, L50, F|\n|poke|p2|Aerodactyl, L50, M|\n|poke|p2|Sinistcha, L50|\n|poke|p2|Incineroar, L50, M|\n|teampreview|4\n|inactive|Battle timer is ON: inactive players will automatically lose when time's up. (requested by PM77Switch)\n|inactive|galmic also wants the timer to be on.\n|\n|t:|1776546445\n|teamsize|p1|4\n|teamsize|p2|4\n|start\n|switch|p1a: Archaludon|Archaludon, L50, F, shiny|100/100\n|switch|p1b: Pelipper|Pelipper, L50, M|100/100\n|switch|p2a: Kingambit|Kingambit, L50, F|100/100\n|switch|p2b: Aerodactyl|Aerodactyl, L50, M|100/100\n|-ability|p2b: Aerodactyl|Unnerve\n|-weather|RainDance|[from] ability: Drizzle|[of] p1b: Pelipper\n|turn|1\n|\n|t:|1776546470\n|move|p2b: Aerodactyl|Tailwind|p2b: Aerodactyl\n|-sidestart|p2: PM77Switch|move: Tailwind\n|move|p2a: Kingambit|Kowtow Cleave|p1b: Pelipper\n|-damage|p1b: Pelipper|56/100\n|move|p1b: Pelipper|Weather Ball|p2a: Kingambit\n|-damage|p2a: Kingambit|45/100\n|move|p1a: Archaludon|Electro Shot||[still]\n|-prepare|p1a: Archaludon|Electro Shot\n|-boost|p1a: Archaludon|spa|1\n|-anim|p1a: Archaludon|Electro Shot|p2a: Kingambit\n|-damage|p2a: Kingambit|0 fnt\n|faint|p2a: Kingambit\n|\n|-weather|RainDance|[upkeep]\n|upkeep\n|\n|t:|1776546485\n|switch|p2a: Sneasler|Sneasler, L50, F|100/100\n|turn|2\n|\n|t:|1776546491\n|move|p1a: Archaludon|Protect|p1a: Archaludon\n|-singleturn|p1a: Archaludon|Protect\n|move|p2b: Aerodactyl|Dual Wingbeat|p1b: Pelipper\n|-damage|p1b: Pelipper|36/100\n|-damage|p1b: Pelipper|17/100\n|-hitcount|p1b: Pelipper|2\n|move|p2a: Sneasler|Close Combat|p1a: Archaludon\n|-activate|p1a: Archaludon|move: Protect\n|move|p1b: Pelipper|Tailwind|p1b: Pelipper\n|-sidestart|p1: galmic|move: Tailwind\n|\n|-weather|RainDance|[upkeep]\n|upkeep\n|turn|3\n|\n|t:|1776546516\n|switch|p1a: Froslass|Froslass, L50, F, shiny|100/100\n|move|p1b: Pelipper|Protect|p1b: Pelipper\n|-singleturn|p1b: Pelipper|Protect\n|move|p2b: Aerodactyl|Rock Slide|p1b: Pelipper|[spread] \n|-activate|p1b: Pelipper|move: Protect\n|-miss|p2b: Aerodactyl|p1a: Froslass\n|move|p2a: Sneasler|Close Combat|p1a: Froslass\n|-immune|p1a: Froslass\n|\n|-weather|RainDance|[upkeep]\n|upkeep\n|turn|4\n|\n|t:|1776546540\n|switch|p1a: Archaludon|Archaludon, L50, F, shiny|100/100\n|move|p1b: Pelipper|Protect|p1b: Pelipper\n|-singleturn|p1b: Pelipper|Protect\n|move|p2b: Aerodactyl|Rock Slide|p1b: Pelipper|[spread] p1a\n|-activate|p1b: Pelipper|move: Protect\n|-resisted|p1a: Archaludon|1\n|-damage|p1a: Archaludon|91/100\n|-ability|p1a: Archaludon|Stamina|boost\n|-boost|p1a: Archaludon|def|1\n|move|p2a: Sneasler|Dire Claw|p1a: Archaludon\n|-immune|p1a: Archaludon\n|\n|-weather|RainDance|[upkeep]\n|-heal|p1a: Archaludon|97/100|[from] item: Leftovers\n|-sideend|p2: PM77Switch|move: Tailwind\n|upkeep\n|turn|5\n|\n|t:|1776546559\n|move|p2b: Aerodactyl|Protect|p2b: Aerodactyl\n|-singleturn|p2b: Aerodactyl|Protect\n|move|p1a: Archaludon|Electro Shot||[still]\n|-prepare|p1a: Archaludon|Electro Shot\n|-boost|p1a: Archaludon|spa|1\n|-anim|p1a: Archaludon|Electro Shot|p2b: Aerodactyl\n|-activate|p2b: Aerodactyl|move: Protect\n|move|p1b: Pelipper|Hurricane|p2a: Sneasler\n|-supereffective|p2a: Sneasler|1\n|-damage|p2a: Sneasler|0 fnt\n|faint|p2a: Sneasler\n|\n|-weather|none\n|-heal|p1a: Archaludon|100/100|[from] item: Leftovers\n|-sideend|p1: galmic|move: Tailwind\n|upkeep\n|\n|t:|1776546568\n|switch|p2a: Blastoise|Blastoise, L50, F|100/100\n|turn|6\n|\n|t:|1776546581\n|detailschange|p2a: Blastoise|Blastoise-Mega, L50, F\n|-mega|p2a: Blastoise|Blastoise|Blastoisinite\n|move|p2b: Aerodactyl|Rock Slide|p1b: Pelipper|[spread] p1b\n|-miss|p2b: Aerodactyl|p1a: Archaludon\n|-supereffective|p1b: Pelipper|1\n|-damage|p1b: Pelipper|0 fnt\n|faint|p1b: Pelipper\n|move|p1a: Archaludon|Flash Cannon|p2b: Aerodactyl\n|-supereffective|p2b: Aerodactyl|1\n|-enditem|p2b: Aerodactyl|Focus Sash\n|-damage|p2b: Aerodactyl|1/100\n|move|p2a: Blastoise|Aura Sphere|p1a: Archaludon\n|-supereffective|p1a: Archaludon|1\n|-damage|p1a: Archaludon|0 fnt\n|faint|p1a: Archaludon\n|\n|upkeep\n|\n|t:|1776546594\n|switch|p1a: Sneasler|Sneasler, L50, F|100/100\n|switch|p1b: Froslass|Froslass, L50, F, shiny|100/100\n|turn|7\n|\n|t:|1776546612\n|detailschange|p1b: Froslass|Froslass-Mega, L50, F, shiny\n|-mega|p1b: Froslass|Froslass|Froslassite\n|-weather|Snowscape|[from] ability: Snow Warning|[of] p1b: Froslass\n|move|p2b: Aerodactyl|Protect|p2b: Aerodactyl\n|-singleturn|p2b: Aerodactyl|Protect\n|move|p2a: Blastoise|Protect|p2a: Blastoise\n|-singleturn|p2a: Blastoise|Protect\n|move|p1a: Sneasler|Fake Out|p2b: Aerodactyl\n|-activate|p2b: Aerodactyl|move: Protect\n|move|p1b: Froslass|Blizzard|p2b: Aerodactyl|[spread] \n|-activate|p2a: Blastoise|move: Protect\n|-activate|p2b: Aerodactyl|move: Protect\n|\n|-weather|Snowscape|[upkeep]\n|upkeep\n|turn|8\n|\n|t:|1776546626\n|move|p2b: Aerodactyl|Tailwind|p2b: Aerodactyl\n|-sidestart|p2: PM77Switch|move: Tailwind\n|move|p2a: Blastoise|Water Spout|p1b: Froslass|[spread] p1a,p1b\n|-damage|p1a: Sneasler|23/100\n|-damage|p1b: Froslass|29/100\n|move|p1b: Froslass|Icy Wind|p2a: Blastoise|[spread] p2a,p2b\n|-resisted|p2a: Blastoise|1\n|-supereffective|p2b: Aerodactyl|1\n|-damage|p2a: Blastoise|90/100\n|-damage|p2b: Aerodactyl|0 fnt\n|-unboost|p2a: Blastoise|spe|1\n|faint|p2b: Aerodactyl\n|move|p1a: Sneasler|Close Combat|p2a: Blastoise\n|-damage|p2a: Blastoise|32/100\n|-unboost|p1a: Sneasler|def|1\n|-unboost|p1a: Sneasler|spd|1\n|-enditem|p1a: Sneasler|White Herb\n|-clearnegativeboost|p1a: Sneasler|[silent]\n|\n|-weather|Snowscape|[upkeep]\n|upkeep\n|turn|9\n|\n|t:|1776546641\n|move|p1a: Sneasler|Close Combat|p2a: Blastoise\n|-damage|p2a: Blastoise|0 fnt\n|-unboost|p1a: Sneasler|def|1\n|-unboost|p1a: Sneasler|spd|1\n|faint|p2a: Blastoise\n|\n|win|galmic\n|raw|galmic's rating: 1336 &rarr; <strong>1355</strong><br />(+19 for winning)\n|raw|PM77Switch's rating: 1322 &rarr; <strong>1303</strong><br />(-19 for losing)\n|l|\u2606galmic\n|player|p1|\n",
  "uploadtime": 1776546649,
  "views": 18,
  "formatid": "gen9championsvgc2026regma",
  "rating": 1303,
  "private": 0,
  "password": null
}