{
  "id": "gen9championsvgc2026regma-2585860597",
  "format": "[Gen 9 Champions] VGC 2026 Reg M-A",
  "players": [
    "Milo_CCG",
    "superchunka"
  ],
  "log": "|j|\u2606Milo_CCG\n|j|\u2606superchunka\n|t:|1776376263\n|gametype|doubles\n|player|p1|Milo_CCG|waiter-gen4|1013\n|player|p2|superchunka|101|1000\n|gen|9\n|tier|[Gen 9 Champions] VGC 2026 Reg M-A\n|rated|\n|rule|Species Clause: Limit one of each Pok\u00e9mon\n|rule|Item Clause: Limit 1 of each item\n|clearpoke\n|poke|p1|Altaria, L50, F|\n|poke|p1|Aegislash, L50, M|\n|poke|p1|Sableye, L50, M|\n|poke|p1|Tinkaton, L50, F|\n|poke|p1|Gyarados, L50, M|\n|poke|p1|Volcarona, L50, M|\n|poke|p2|Incineroar, L50, M|\n|poke|p2|Sneasler, L50, F|\n|poke|p2|Venusaur, L50, M|\n|poke|p2|Torkoal, L50, F|\n|poke|p2|Golurk, L50|\n|poke|p2|Sableye, L50, M|\n|teampreview|4\n|\n|t:|1776376287\n|teamsize|p1|4\n|teamsize|p2|4\n|start\n|switch|p1a: Sableye|Sableye, L50, M|100/100\n|switch|p1b: Volcarona|Volcarona, L50, M|100/100\n|switch|p2a: Venusaur|Venusaur, L50, M|100/100\n|switch|p2b: Torkoal|Torkoal, L50, F|100/100\n|-weather|SunnyDay|[from] ability: Drought|[of] p2b: Torkoal\n|turn|1\n|\n|t:|1776376306\n|move|p2a: Venusaur|Protect|p2a: Venusaur\n|-singleturn|p2a: Venusaur|Protect\n|move|p1a: Sableye|Taunt|p2a: Venusaur\n|-activate|p2a: Venusaur|move: Protect\n|move|p1b: Volcarona|Heat Wave|p2b: Torkoal|[spread] p2b\n|-activate|p2a: Venusaur|move: Protect\n|-resisted|p2b: Torkoal|1\n|-damage|p2b: Torkoal|69/100\n|move|p2b: Torkoal|Eruption|p1b: Volcarona|[spread] p1a,p1b\n|-damage|p1a: Sableye|23/100\n|-damage|p1b: Volcarona|58/100\n|\n|-weather|SunnyDay|[upkeep]\n|-heal|p1b: Volcarona|64/100|[from] item: Leftovers\n|upkeep\n|turn|2\n|\n|t:|1776376346\n|switch|p2a: Sableye|Sableye, L50, M|100/100\n|move|p2b: Torkoal|Protect|p2b: Torkoal\n|-singleturn|p2b: Torkoal|Protect\n|move|p1a: Sableye|Light Screen|p1a: Sableye\n|-sidestart|p1: Milo_CCG|move: Light Screen\n|move|p1b: Volcarona|Heat Wave|p2b: Torkoal|[spread] \n|-activate|p2b: Torkoal|move: Protect\n|-miss|p1b: Volcarona|p2a: Sableye\n|\n|-weather|SunnyDay|[upkeep]\n|-heal|p1b: Volcarona|70/100|[from] item: Leftovers\n|upkeep\n|turn|3\n|\n|t:|1776376381\n|switch|p1a: Aegislash|Aegislash, L50, M|100/100\n|move|p2a: Sableye|Fake Out|p1b: Volcarona\n|-damage|p1b: Volcarona|61/100\n|cant|p1b: Volcarona|flinch\n|move|p2b: Torkoal|Weather Ball|p1a: Aegislash\n|-supereffective|p1a: Aegislash|1\n|-damage|p1a: Aegislash|18/100\n|\n|-weather|SunnyDay|[upkeep]\n|-heal|p1b: Volcarona|67/100|[from] item: Leftovers\n|upkeep\n|turn|4\n|\n|t:|1776376401\n|switch|p1a: Gyarados|Gyarados, L50, M|100/100\n|-ability|p1a: Gyarados|Intimidate|boost\n|-unboost|p2a: Sableye|atk|1\n|-unboost|p2b: Torkoal|atk|1\n|move|p1b: Volcarona|Protect|p1b: Volcarona\n|-singleturn|p1b: Volcarona|Protect\n|move|p2a: Sableye|Quash||[still]\n|-fail|p2a: Sableye\n|move|p2b: Torkoal|Eruption|p1a: Gyarados|[spread] p1a\n|-activate|p1b: Volcarona|move: Protect\n|-resisted|p1a: Gyarados|1\n|-damage|p1a: Gyarados|83/100\n|\n|-weather|SunnyDay|[upkeep]\n|-heal|p1b: Volcarona|73/100|[from] item: Leftovers\n|upkeep\n|turn|5\n|\n|t:|1776376433\n|move|p2b: Torkoal|Protect|p2b: Torkoal\n|-singleturn|p2b: Torkoal|Protect\n|move|p2a: Sableye|Encore|p1b: Volcarona\n|-start|p1b: Volcarona|Encore\n|move|p1b: Volcarona|Protect|p1b: Volcarona\n|-singleturn|p1b: Volcarona|Protect\n|move|p1a: Gyarados|Scary Face|p2a: Sableye\n|-unboost|p2a: Sableye|spe|2\n|\n|-weather|none\n|-heal|p1b: Volcarona|80/100|[from] item: Leftovers\n|upkeep\n|turn|6\n|\n|t:|1776376453\n|switch|p2b: Venusaur|Venusaur, L50, M|100/100\n|move|p1b: Volcarona|Protect||[still]\n|-fail|p1b: Volcarona\n|move|p2a: Sableye|Quash|p1a: Gyarados\n|-activate|p1a: Gyarados|move: Quash\n|move|p1a: Gyarados|Waterfall|p2b: Venusaur\n|-resisted|p2b: Venusaur|1\n|-damage|p2b: Venusaur|77/100\n|\n|-heal|p1b: Volcarona|86/100|[from] item: Leftovers\n|-sideend|p1: Milo_CCG|move: Light Screen\n|upkeep\n|turn|7\n|\n|t:|1776376491\n|switch|p1b: Sableye|Sableye, L50, M|23/100\n|move|p2a: Sableye|Quash|p1b: Sableye\n|-hint|Since gen 7, Dark is immune to Prankster moves.\n|-immune|p1b: Sableye\n|move|p1a: Gyarados|Icy Wind|p2b: Venusaur|[spread] p2a,p2b\n|-supereffective|p2b: Venusaur|1\n|-damage|p2a: Sableye|95/100\n|-damage|p2b: Venusaur|64/100\n|-unboost|p2a: Sableye|spe|1\n|-unboost|p2b: Venusaur|spe|1\n|move|p2b: Venusaur|Leaf Storm|p1a: Gyarados\n|-damage|p1a: Gyarados|27/100\n|-unboost|p2b: Venusaur|spa|2\n|-enditem|p1a: Gyarados|Sitrus Berry|[eat]\n|-heal|p1a: Gyarados|52/100|[from] item: Sitrus Berry\n|\n|upkeep\n|turn|8\n|\n|t:|1776376515\n|switch|p2b: Torkoal|Torkoal, L50, F|69/100\n|-weather|SunnyDay|[from] ability: Drought|[of] p2b: Torkoal\n|move|p1b: Sableye|Will-O-Wisp|p2b: Torkoal\n|-immune|p2b: Torkoal\n|move|p2a: Sableye|Encore|p1a: Gyarados\n|-start|p1a: Gyarados|Encore\n|move|p1a: Gyarados|Icy Wind|p2b: Torkoal|[spread] p2a,p2b\n|-resisted|p2b: Torkoal|1\n|-damage|p2a: Sableye|88/100\n|-damage|p2b: Torkoal|65/100\n|-unboost|p2a: Sableye|spe|1\n|-unboost|p2b: Torkoal|spe|1\n|\n|-weather|SunnyDay|[upkeep]\n|upkeep\n|turn|9\n|\n|t:|1776376540\n|move|p1b: Sableye|Light Screen|p1b: Sableye\n|-sidestart|p1: Milo_CCG|move: Light Screen\n|move|p2a: Sableye|Encore||[still]\n|-fail|p2a: Sableye\n|move|p1a: Gyarados|Icy Wind|p2b: Torkoal|[spread] p2a,p2b\n|-resisted|p2b: Torkoal|1\n|-damage|p2a: Sableye|82/100\n|-damage|p2b: Torkoal|62/100\n|-unboost|p2a: Sableye|spe|1\n|-unboost|p2b: Torkoal|spe|1\n|move|p2b: Torkoal|Heat Wave|p1a: Gyarados|[spread] p1a,p1b\n|-resisted|p1a: Gyarados|1\n|-damage|p1a: Gyarados|36/100\n|-damage|p1b: Sableye|0 fnt\n|faint|p1b: Sableye\n|\n|-weather|SunnyDay|[upkeep]\n|upkeep\n|\n|t:|1776376554\n|switch|p1b: Volcarona|Volcarona, L50, M|86/100\n|turn|10\n|\n|t:|1776376573\n|move|p2a: Sableye|Quash|p1b: Volcarona\n|-activate|p1b: Volcarona|move: Quash\n|move|p1a: Gyarados|Icy Wind|p2a: Sableye|[spread] p2a,p2b\n|-resisted|p2b: Torkoal|1\n|-damage|p2a: Sableye|76/100\n|-damage|p2b: Torkoal|58/100\n|-unboost|p2a: Sableye|spe|1\n|-unboost|p2b: Torkoal|spe|1\n|move|p2b: Torkoal|Weather Ball|p1b: Volcarona\n|-damage|p1b: Volcarona|45/100\n|move|p1b: Volcarona|Heat Wave|p2a: Sableye|[spread] p2a,p2b\n|-resisted|p2b: Torkoal|1\n|-damage|p2a: Sableye|27/100\n|-damage|p2b: Torkoal|28/100\n|-status|p2a: Sableye|brn\n|\n|-weather|SunnyDay|[upkeep]\n|-heal|p1b: Volcarona|51/100|[from] item: Leftovers\n|-damage|p2a: Sableye|22/100 brn|[from] brn\n|-end|p1a: Gyarados|Encore\n|upkeep\n|turn|11\n|\n|t:|1776376618\n|switch|p1a: Aegislash|Aegislash, L50, M|18/100\n|switch|p2b: Golurk|Golurk, L50|100/100\n|move|p2a: Sableye|Encore|p1b: Volcarona\n|-start|p1b: Volcarona|Encore\n|move|p1b: Volcarona|Heat Wave|p2b: Golurk|[spread] p2a\n|-miss|p1b: Volcarona|p2b: Golurk\n|-damage|p2a: Sableye|0 fnt\n|faint|p2a: Sableye\n|\n|-weather|SunnyDay|[upkeep]\n|-heal|p1b: Volcarona|57/100|[from] item: Leftovers\n|upkeep\n|\n|t:|1776376632\n|switch|p2a: Venusaur|Venusaur, L50, M|64/100\n|turn|12\n|\n|t:|1776376649\n|switch|p1b: Gyarados|Gyarados, L50, M|36/100\n|-ability|p1b: Gyarados|Intimidate|boost\n|-unboost|p2a: Venusaur|atk|1\n|-unboost|p2b: Golurk|atk|1\n|detailschange|p2b: Golurk|Golurk-Mega, L50\n|-mega|p2b: Golurk|Golurk|Golurkite\n|move|p2a: Venusaur|Protect|p2a: Venusaur\n|-singleturn|p2a: Venusaur|Protect\n|move|p2b: Golurk|Shadow Punch|p1a: Aegislash\n|-supereffective|p1a: Aegislash|1\n|-damage|p1a: Aegislash|0 fnt\n|faint|p1a: Aegislash\n|\n|-weather|none\n|upkeep\n|\n|t:|1776376664\n|switch|p1a: Volcarona|Volcarona, L50, M|57/100\n|turn|13\n|\n|t:|1776376682\n|switch|p2b: Torkoal|Torkoal, L50, F|28/100\n|-weather|SunnyDay|[from] ability: Drought|[of] p2b: Torkoal\n|move|p2a: Venusaur|Leaf Storm|p1b: Gyarados|[miss]\n|-miss|p2a: Venusaur|p1b: Gyarados\n|move|p1b: Gyarados|Waterfall|p2a: Venusaur\n|-resisted|p2a: Venusaur|1\n|-damage|p2a: Venusaur|53/100\n|move|p1a: Volcarona|Heat Wave|p2a: Venusaur|[spread] p2a,p2b\n|-supereffective|p2a: Venusaur|1\n|-resisted|p2b: Torkoal|1\n|-damage|p2a: Venusaur|0 fnt\n|-damage|p2b: Torkoal|0 fnt\n|faint|p2a: Venusaur\n|faint|p2b: Torkoal\n|\n|-weather|SunnyDay|[upkeep]\n|-heal|p1a: Volcarona|64/100|[from] item: Leftovers\n|-sideend|p1: Milo_CCG|move: Light Screen\n|upkeep\n|\n|t:|1776376701\n|switch|p2b: Golurk|Golurk-Mega, L50|100/100\n|turn|14\n|\n|t:|1776376710\n|move|p1b: Gyarados|Icy Wind|p2b: Golurk\n|-supereffective|p2b: Golurk|1\n|-damage|p2b: Golurk|86/100\n|-unboost|p2b: Golurk|spe|1\n|move|p1a: Volcarona|Giga Drain|p2b: Golurk\n|-supereffective|p2b: Golurk|1\n|-damage|p2b: Golurk|46/100\n|-heal|p1a: Volcarona|84/100|[from] drain|[of] p2b: Golurk\n|move|p2b: Golurk|Ice Punch|p1b: Gyarados\n|-damage|p1b: Gyarados|0 fnt\n|faint|p1b: Gyarados\n|\n|-weather|SunnyDay|[upkeep]\n|-heal|p1a: Volcarona|90/100|[from] item: Leftovers\n|upkeep\n|turn|15\n|\n|t:|1776376724\n|move|p1a: Volcarona|Giga Drain|p2b: Golurk\n|-supereffective|p2b: Golurk|1\n|-damage|p2b: Golurk|8/100\n|-heal|p1a: Volcarona|100/100|[from] drain|[of] p2b: Golurk\n|move|p2b: Golurk|Headlong Rush|p1a: Volcarona\n|-crit|p1a: Volcarona\n|-damage|p1a: Volcarona|0 fnt\n|-unboost|p2b: Golurk|def|1\n|-unboost|p2b: Golurk|spd|1\n|faint|p1a: Volcarona\n|\n|win|superchunka\n|raw|Milo_CCG's rating: 1013 &rarr; <strong>1001</strong><br />(-12 for losing)\n|raw|superchunka's rating: 1000 &rarr; <strong>1041</strong><br />(+41 for winning)\n|l|\u2606Milo_CCG\n|player|p1|\n",
  "uploadtime": 1776376736,
  "views": 22,
  "formatid": "gen9championsvgc2026regma",
  "rating": 1001,
  "private": 0,
  "password": null
}