{
  "id": "gen9championsvgc2026regma-2582136114",
  "format": "[Gen 9 Champions] VGC 2026 Reg M-A",
  "players": [
    "lolgz",
    "CptQuiggley"
  ],
  "log": "|j|\u2606lolgz\n|j|\u2606CptQuiggley\n|t:|1776062638\n|gametype|doubles\n|player|p1|lolgz|266|1328\n|player|p2|CptQuiggley|veteran|1248\n|gen|9\n|tier|[Gen 9 Champions] VGC 2026 Reg M-A\n|rated|\n|rule|Species Clause: Limit one of each Pok\u00e9mon\n|rule|Item Clause: Limit 1 of each item\n|clearpoke\n|poke|p1|Charizard, L50, F|\n|poke|p1|Whimsicott, L50, F|\n|poke|p1|Garchomp, L50, M|\n|poke|p1|Farigiraf, L50, F|\n|poke|p1|Sneasler, L50, M|\n|poke|p1|Floette-Eternal, L50, F|\n|poke|p2|Starmie, L50|\n|poke|p2|Sneasler, L50, F|\n|poke|p2|Milotic, L50, F|\n|poke|p2|Zoroark-Hisui, L50, F|\n|poke|p2|Incineroar, L50, M|\n|poke|p2|Scizor, L50, F|\n|teampreview|4\n|\n|t:|1776062676\n|teamsize|p1|4\n|teamsize|p2|4\n|start\n|switch|p1a: Whimsicott|Whimsicott, L50, F|100/100\n|switch|p1b: Charizard|Charizard, L50, F|100/100\n|switch|p2a: Scizor|Scizor, L50, F|100/100\n|switch|p2b: Incineroar|Incineroar, L50, M|100/100\n|-ability|p2b: Incineroar|Intimidate|boost\n|-unboost|p1a: Whimsicott|atk|1\n|-unboost|p1b: Charizard|atk|1\n|turn|1\n|\n|t:|1776062710\n|switch|p1a: Garchomp|Garchomp, L50, M|100/100\n|detailschange|p1b: Charizard|Charizard-Mega-Y, L50, F\n|-mega|p1b: Charizard|Charizard|Charizardite Y\n|-weather|SunnyDay|[from] ability: Drought|[of] p1b: Charizard\n|detailschange|p2a: Scizor|Scizor-Mega, L50, F\n|-mega|p2a: Scizor|Scizor|Scizorite\n|move|p2b: Incineroar|Fake Out|p1b: Charizard\n|-damage|p1b: Charizard|86/100\n|cant|p1b: Charizard|flinch\n|move|p2a: Scizor|Tailwind|p2a: Scizor\n|-sidestart|p2: CptQuiggley|move: Tailwind\n|\n|-weather|SunnyDay|[upkeep]\n|upkeep\n|turn|2\n|\n|t:|1776062743\n|move|p1a: Garchomp|Earthquake|p2a: Scizor|[spread] p2a,p2b\n|-immune|p1b: Charizard\n|-crit|p2a: Scizor\n|-supereffective|p2b: Incineroar|1\n|-damage|p2a: Scizor|56/100\n|-damage|p2b: Incineroar|28/100\n|-enditem|p2b: Incineroar|Sitrus Berry|[eat]\n|-heal|p2b: Incineroar|53/100|[from] item: Sitrus Berry\n|move|p2a: Scizor|U-turn|p1a: Garchomp\n|-damage|p1a: Garchomp|61/100\n|-damage|p2a: Scizor|44/100|[from] ability: Rough Skin|[of] p1a: Garchomp\n|\n|t:|1776062755\n|switch|p2a: Sneasler|Sneasler, L50, F|100/100|[from] U-turn\n|move|p1b: Charizard|Heat Wave|p2a: Sneasler|[spread] p2a,p2b\n|-resisted|p2b: Incineroar|1\n|-crit|p2b: Incineroar\n|-enditem|p2a: Sneasler|Focus Sash\n|-damage|p2a: Sneasler|1/100\n|-damage|p2b: Incineroar|17/100\n|replace|p2a: Zoroark|Zoroark-Hisui, L50, F, shiny\n|-end|p2a: Zoroark|Illusion\n|move|p2b: Incineroar|Darkest Lariat|p1b: Charizard\n|-damage|p1b: Charizard|39/100\n|\n|-weather|SunnyDay|[upkeep]\n|upkeep\n|turn|3\n|\n|t:|1776062778\n|move|p1b: Charizard|Protect|p1b: Charizard\n|-singleturn|p1b: Charizard|Protect\n|move|p2a: Zoroark|Hyper Voice|p1a: Garchomp|[spread] p1a\n|-activate|p1b: Charizard|move: Protect\n|-damage|p1a: Garchomp|25/100\n|move|p1a: Garchomp|Earthquake|p2a: Zoroark|[spread] p2a,p2b\n|-activate|p1b: Charizard|move: Protect\n|-supereffective|p2b: Incineroar|1\n|-damage|p2a: Zoroark|0 fnt\n|-damage|p2b: Incineroar|0 fnt\n|faint|p2a: Zoroark\n|faint|p2b: Incineroar\n|\n|-weather|SunnyDay|[upkeep]\n|upkeep\n|\n|t:|1776062791\n|switch|p2a: Scizor|Scizor-Mega, L50, F|44/100\n|switch|p2b: Sneasler|Sneasler, L50, F|100/100\n|turn|4\n|\n|t:|1776062814\n|switch|p1b: Whimsicott|Whimsicott, L50, F|100/100\n|move|p2b: Sneasler|Fake Out|p1a: Garchomp\n|-damage|p1a: Garchomp|11/100\n|-damage|p2b: Sneasler|88/100|[from] ability: Rough Skin|[of] p1a: Garchomp\n|cant|p1a: Garchomp|flinch\n|move|p2a: Scizor|Bug Bite|p1b: Whimsicott\n|-crit|p1b: Whimsicott\n|-enditem|p1b: Whimsicott|Focus Sash\n|-damage|p1b: Whimsicott|1/100\n|\n|-weather|SunnyDay|[upkeep]\n|-sideend|p2: CptQuiggley|move: Tailwind\n|upkeep\n|turn|5\n|\n|t:|1776062842\n|move|p1b: Whimsicott|Tailwind|p1b: Whimsicott\n|-sidestart|p1: lolgz|move: Tailwind\n|move|p2a: Scizor|Bullet Punch|p1a: Garchomp\n|-damage|p1a: Garchomp|0 fnt\n|-damage|p2a: Scizor|32/100|[from] ability: Rough Skin|[of] p1a: Garchomp\n|faint|p1a: Garchomp\n|move|p2b: Sneasler|Dire Claw|p1b: Whimsicott\n|-supereffective|p1b: Whimsicott|2\n|-damage|p1b: Whimsicott|0 fnt\n|faint|p1b: Whimsicott\n|\n|-weather|none\n|upkeep\n|\n|t:|1776062847\n|switch|p1b: Sneasler|Sneasler, L50, M|100/100\n|switch|p1a: Charizard|Charizard-Mega-Y, L50, F|39/100\n|-weather|SunnyDay|[from] ability: Drought|[of] p1a: Charizard\n|turn|6\n|\n|t:|1776062871\n|move|p1b: Sneasler|Fake Out|p2b: Sneasler\n|-damage|p2b: Sneasler|64/100\n|move|p2a: Scizor|Bullet Punch|p1a: Charizard\n|-resisted|p1a: Charizard|1\n|-damage|p1a: Charizard|13/100\n|move|p1a: Charizard|Heat Wave|p2a: Scizor|[spread] p2a,p2b\n|-supereffective|p2a: Scizor|2\n|-damage|p2a: Scizor|0 fnt\n|-damage|p2b: Sneasler|0 fnt\n|faint|p2a: Scizor\n|faint|p2b: Sneasler\n|\n|win|lolgz\n|raw|lolgz's rating: 1328 &rarr; <strong>1343</strong><br />(+15 for winning)\n|raw|CptQuiggley's rating: 1248 &rarr; <strong>1229</strong><br />(-19 for losing)\n",
  "uploadtime": 1776062871,
  "views": 21,
  "formatid": "gen9championsvgc2026regma",
  "rating": 1229,
  "private": 0,
  "password": null
}