{
  "id": "gen9championsvgc2026regma-2582404879",
  "format": "[Gen 9 Champions] VGC 2026 Reg M-A",
  "players": [
    "jeanirix",
    "jokmah123"
  ],
  "log": "|j|\u2606jeanirix\n|j|\u2606jokmah123\n|t:|1776089496\n|gametype|doubles\n|player|p1|jeanirix|wallace|1139\n|player|p2|jokmah123|1|1208\n|gen|9\n|tier|[Gen 9 Champions] VGC 2026 Reg M-A\n|rated|\n|rule|Species Clause: Limit one of each Pok\u00e9mon\n|rule|Item Clause: Limit 1 of each item\n|clearpoke\n|poke|p1|Basculegion, L50, M|\n|poke|p1|Talonflame, L50, M|\n|poke|p1|Froslass, L50, F|\n|poke|p1|Tauros-Paldea-Blaze, L50, M|\n|poke|p1|Farigiraf, L50, F|\n|poke|p1|Crabominable, L50, F|\n|poke|p2|Sneasler, L50, F|\n|poke|p2|Kingambit, L50, F|\n|poke|p2|Dragapult, L50, F|\n|poke|p2|Charizard, L50, F|\n|poke|p2|Maushold-Four, L50|\n|poke|p2|Garchomp, L50, M|\n|teampreview|4\n|\n|t:|1776089556\n|teamsize|p1|4\n|teamsize|p2|4\n|start\n|switch|p1a: Talonflame|Talonflame, L50, M|100/100\n|switch|p1b: Basculegion|Basculegion, L50, M, shiny|100/100\n|switch|p2a: Charizard|Charizard, L50, F|100/100\n|switch|p2b: Sneasler|Sneasler, L50, F|100/100\n|turn|1\n|inactive|Battle timer is ON: inactive players will automatically lose when time's up. (requested by jokmah123)\n|\n|t:|1776089576\n|move|p1a: Talonflame|Protect|p1a: Talonflame\n|-singleturn|p1a: Talonflame|Protect\n|move|p2a: Charizard|Protect|p2a: Charizard\n|-singleturn|p2a: Charizard|Protect\n|move|p2b: Sneasler|Fake Out|p1a: Talonflame\n|-activate|p1a: Talonflame|move: Protect\n|move|p1b: Basculegion|Wave Crash|p2a: Charizard\n|-activate|p2a: Charizard|move: Protect\n|\n|upkeep\n|turn|2\n|\n|t:|1776089594\n|switch|p2b: Garchomp|Garchomp, L50, M|100/100\n|switch|p2a: Kingambit|Kingambit, L50, F|100/100\n|move|p1a: Talonflame|Tailwind|p1a: Talonflame\n|-sidestart|p1: jeanirix|move: Tailwind\n|move|p1b: Basculegion|Wave Crash|p2a: Kingambit\n|-damage|p2a: Kingambit|25/100\n|-damage|p1b: Basculegion|75/100|[from] Recoil\n|\n|upkeep\n|turn|3\n|\n|t:|1776089605\n|move|p2a: Kingambit|Sucker Punch|p1b: Basculegion\n|-supereffective|p1b: Basculegion|1\n|-damage|p1b: Basculegion|0 fnt\n|faint|p1b: Basculegion\n|move|p1a: Talonflame|Flare Blitz|p2a: Kingambit\n|-supereffective|p2a: Kingambit|1\n|-damage|p2a: Kingambit|0 fnt\n|faint|p2a: Kingambit\n|-damage|p1a: Talonflame|90/100|[from] Recoil\n|move|p2b: Garchomp|Rock Slide|p1a: Talonflame\n|-supereffective|p1a: Talonflame|2\n|-damage|p1a: Talonflame|0 fnt\n|faint|p1a: Talonflame\n|\n|upkeep\n|\n|t:|1776089616\n|switch|p1a: Froslass|Froslass, L50, F|100/100\n|switch|p1b: Tauros|Tauros-Paldea-Blaze, L50, M|100/100\n|switch|p2a: Sneasler|Sneasler, L50, F|100/100\n|turn|4\n|\n|t:|1776089641\n|switch|p2b: Charizard|Charizard, L50, F|100/100\n|detailschange|p1a: Froslass|Froslass-Mega, L50, F\n|-mega|p1a: Froslass|Froslass|Froslassite\n|-weather|Snowscape|[from] ability: Snow Warning|[of] p1a: Froslass\n|move|p1b: Tauros|Protect|p1b: Tauros\n|-singleturn|p1b: Tauros|Protect\n|move|p2a: Sneasler|Fake Out|p1b: Tauros\n|-activate|p1b: Tauros|move: Protect\n|move|p1a: Froslass|Frost Breath|p2b: Charizard\n|-crit|p2b: Charizard\n|-damage|p2b: Charizard|50/100\n|\n|-weather|Snowscape|[upkeep]\n|upkeep\n|turn|5\n|inactive|jeanirix has 30 seconds left.\n|\n|t:|1776089669\n|detailschange|p2b: Charizard|Charizard-Mega-Y, L50, F\n|-mega|p2b: Charizard|Charizard|Charizardite Y\n|-weather|SunnyDay|[from] ability: Drought|[of] p2b: Charizard\n|move|p2b: Charizard|Protect|p2b: Charizard\n|-singleturn|p2b: Charizard|Protect\n|move|p1a: Froslass|Frost Breath|p1b: Tauros\n|-resisted|p1b: Tauros|1\n|-crit|p1b: Tauros\n|-damage|p1b: Tauros|62/100\n|-setboost|p1b: Tauros|atk|6|[from] ability: Anger Point\n|move|p1b: Tauros|Raging Bull|p2a: Sneasler\n|-enditem|p2a: Sneasler|Focus Sash\n|-damage|p2a: Sneasler|1/100\n|move|p2a: Sneasler|Close Combat|p1b: Tauros\n|-crit|p1b: Tauros\n|-damage|p1b: Tauros|0 fnt\n|-unboost|p2a: Sneasler|def|1\n|-unboost|p2a: Sneasler|spd|1\n|faint|p1b: Tauros\n|\n|-weather|SunnyDay|[upkeep]\n|-sideend|p1: jeanirix|move: Tailwind\n|upkeep\n|turn|6\n|\n|t:|1776089683\n|move|p2a: Sneasler|Dire Claw|p1a: Froslass\n|-resisted|p1a: Froslass|1\n|-damage|p1a: Froslass|67/100\n|-status|p1a: Froslass|psn\n|move|p1a: Froslass|Blizzard|p2b: Charizard|[spread] p2a,p2b\n|-damage|p2a: Sneasler|0 fnt\n|-damage|p2b: Charizard|12/100\n|faint|p2a: Sneasler\n|move|p2b: Charizard|Heat Wave|p1a: Froslass\n|-supereffective|p1a: Froslass|1\n|-damage|p1a: Froslass|0 fnt\n|faint|p1a: Froslass\n|\n|win|jokmah123\n|raw|jeanirix's rating: 1139 &rarr; <strong>1119</strong><br />(-20 for losing)\n|raw|jokmah123's rating: 1208 &rarr; <strong>1228</strong><br />(+20 for winning)\n|l|\u2606jeanirix\n|player|p1|\n|l|\u2606jokmah123\n|player|p2|\n|j|\u2606jokmah123\n|player|p2|jokmah123|1|\n",
  "uploadtime": 1776090034,
  "views": 18,
  "formatid": "gen9championsvgc2026regma",
  "rating": 1119,
  "private": 0,
  "password": null
}