{
  "id": "gen9championsvgc2026regma-2581317824",
  "format": "[Gen 9 Champions] VGC 2026 Reg M-A",
  "players": [
    "greeencross",
    "siunhanech"
  ],
  "log": "|j|\u2606greeencross\n|j|\u2606siunhanech\n|t:|1775985860\n|gametype|doubles\n|player|p1|greeencross|170|1271\n|player|p2|siunhanech|cynthia-gen4|1362\n|gen|9\n|tier|[Gen 9 Champions] VGC 2026 Reg M-A\n|rated|\n|rule|Species Clause: Limit one of each Pok\u00e9mon\n|rule|Item Clause: Limit 1 of each item\n|clearpoke\n|poke|p1|Tyranitar, L50, F|\n|poke|p1|Rotom-Wash, L50|\n|poke|p1|Garchomp, L50, M|\n|poke|p1|Aerodactyl, L50, F|\n|poke|p1|Sinistcha, L50|\n|poke|p1|Sneasler, L50, F|\n|poke|p2|Incineroar, L50, F|\n|poke|p2|Garchomp, L50, F|\n|poke|p2|Rotom-Wash, L50|\n|poke|p2|Orthworm, L50, F|\n|poke|p2|Basculegion, L50, M|\n|poke|p2|Froslass, L50, F|\n|teampreview|4\n|inactive|Battle timer is ON: inactive players will automatically lose when time's up. (requested by greeencross)\n|j| gE1xjZRtuhW2DdT0AK\n|inactive|greeencross has 60 seconds left.\n|inactive|siunhanech has 60 seconds left.\n|\n|t:|1775985901\n|teamsize|p1|4\n|teamsize|p2|4\n|start\n|switch|p1a: Rotom|Rotom-Wash, L50|100/100\n|switch|p1b: Sneasler|Sneasler, L50, F|100/100\n|switch|p2a: S\u00e2u b\u00e9o|Orthworm, L50, F|100/100\n|switch|p2b: C\u00e1 m\u1eadp b\u00e9o|Garchomp, L50, F|100/100\n|turn|1\n|\n|t:|1775985916\n|move|p2b: C\u00e1 m\u1eadp b\u00e9o|Protect|p2b: C\u00e1 m\u1eadp b\u00e9o\n|-singleturn|p2b: C\u00e1 m\u1eadp b\u00e9o|Protect\n|move|p1a: Rotom|Hydro Pump|p2b: C\u00e1 m\u1eadp b\u00e9o\n|-activate|p2b: C\u00e1 m\u1eadp b\u00e9o|move: Protect\n|move|p1b: Sneasler|Close Combat|p2a: S\u00e2u b\u00e9o\n|-supereffective|p2a: S\u00e2u b\u00e9o|1\n|-damage|p2a: S\u00e2u b\u00e9o|25/100\n|-unboost|p1b: Sneasler|def|1\n|-unboost|p1b: Sneasler|spd|1\n|-enditem|p2a: S\u00e2u b\u00e9o|Sitrus Berry|[eat]\n|-heal|p2a: S\u00e2u b\u00e9o|50/100|[from] item: Sitrus Berry\n|-enditem|p1b: Sneasler|White Herb\n|-clearnegativeboost|p1b: Sneasler|[silent]\n|move|p2a: S\u00e2u b\u00e9o|Shed Tail|p2a: S\u00e2u b\u00e9o\n|-fail|p2a: S\u00e2u b\u00e9o|move: Shed Tail|[weak]\n|\n|upkeep\n|turn|2\n|inactive|greeencross has 30 seconds left.\n|\n|t:|1775985943\n|switch|p1b: Aerodactyl|Aerodactyl, L50, F|100/100\n|-ability|p1b: Aerodactyl|Unnerve\n|switch|p2a: M\u00e1y gi\u1eb7t b\u00e9o|Rotom-Wash, L50, shiny|100/100\n|move|p1a: Rotom|Hydro Pump|p2a: M\u00e1y gi\u1eb7t b\u00e9o\n|-resisted|p2a: M\u00e1y gi\u1eb7t b\u00e9o|1\n|-damage|p2a: M\u00e1y gi\u1eb7t b\u00e9o|75/100\n|move|p2b: C\u00e1 m\u1eadp b\u00e9o|Earthquake|p1a: Rotom|[spread] \n|-immune|p2a: M\u00e1y gi\u1eb7t b\u00e9o|[from] ability: Levitate\n|-immune|p1a: Rotom|[from] ability: Levitate\n|-immune|p1b: Aerodactyl\n|\n|-heal|p2a: M\u00e1y gi\u1eb7t b\u00e9o|81/100|[from] item: Leftovers\n|upkeep\n|turn|3\n|inactive|greeencross has 30 seconds left.\n|\n|t:|1775985974\n|move|p2b: C\u00e1 m\u1eadp b\u00e9o|Protect|p2b: C\u00e1 m\u1eadp b\u00e9o\n|-singleturn|p2b: C\u00e1 m\u1eadp b\u00e9o|Protect\n|move|p1b: Aerodactyl|Rock Slide|p2b: C\u00e1 m\u1eadp b\u00e9o|[spread] p2a\n|-activate|p2b: C\u00e1 m\u1eadp b\u00e9o|move: Protect\n|-damage|p2a: M\u00e1y gi\u1eb7t b\u00e9o|55/100\n|move|p1a: Rotom|Hydro Pump|p2b: C\u00e1 m\u1eadp b\u00e9o\n|-activate|p2b: C\u00e1 m\u1eadp b\u00e9o|move: Protect\n|cant|p2a: M\u00e1y gi\u1eb7t b\u00e9o|flinch\n|\n|-heal|p2a: M\u00e1y gi\u1eb7t b\u00e9o|61/100|[from] item: Leftovers\n|upkeep\n|turn|4\n|\n|t:|1775985991\n|switch|p2b: C\u00e1 ch\u00e9p r\u00e1n|Basculegion, L50, M, shiny|100/100\n|move|p1b: Aerodactyl|Rock Slide|p2a: M\u00e1y gi\u1eb7t b\u00e9o|[spread] p2a\n|-miss|p1b: Aerodactyl|p2b: C\u00e1 ch\u00e9p r\u00e1n\n|-damage|p2a: M\u00e1y gi\u1eb7t b\u00e9o|32/100\n|move|p1a: Rotom|Hydro Pump|p2b: C\u00e1 ch\u00e9p r\u00e1n\n|-resisted|p2b: C\u00e1 ch\u00e9p r\u00e1n|1\n|-damage|p2b: C\u00e1 ch\u00e9p r\u00e1n|67/100\n|move|p2a: M\u00e1y gi\u1eb7t b\u00e9o|Eerie Impulse|p1a: Rotom\n|-unboost|p1a: Rotom|spa|2\n|\n|-heal|p2a: M\u00e1y gi\u1eb7t b\u00e9o|38/100|[from] item: Leftovers\n|upkeep\n|turn|5\n|\n|t:|1775986015\n|switch|p1a: Sneasler|Sneasler, L50, F|100/100\n|move|p2b: C\u00e1 ch\u00e9p r\u00e1n|Flip Turn|p1b: Aerodactyl\n|-supereffective|p1b: Aerodactyl|1\n|-enditem|p1b: Aerodactyl|Focus Sash\n|-damage|p1b: Aerodactyl|1/100\n|\n|t:|1775986024\n|switch|p2b: C\u00e1 m\u1eadp b\u00e9o|Garchomp, L50, F|100/100|[from] Flip Turn\n|move|p1b: Aerodactyl|Tailwind|p1b: Aerodactyl\n|-sidestart|p1: greeencross|move: Tailwind\n|move|p2a: M\u00e1y gi\u1eb7t b\u00e9o|Electroweb|p1a: Sneasler|[spread] p1a,p1b\n|-supereffective|p1b: Aerodactyl|1\n|-damage|p1a: Sneasler|79/100\n|-damage|p1b: Aerodactyl|0 fnt\n|-unboost|p1a: Sneasler|spe|1\n|faint|p1b: Aerodactyl\n|\n|-heal|p2a: M\u00e1y gi\u1eb7t b\u00e9o|44/100|[from] item: Leftovers\n|upkeep\n|\n|t:|1775986040\n|switch|p1b: Rotom|Rotom-Wash, L50|100/100\n|turn|6\n|\n|t:|1775986051\n|move|p2b: C\u00e1 m\u1eadp b\u00e9o|Protect|p2b: C\u00e1 m\u1eadp b\u00e9o\n|-singleturn|p2b: C\u00e1 m\u1eadp b\u00e9o|Protect\n|move|p1b: Rotom|Hydro Pump|p2b: C\u00e1 m\u1eadp b\u00e9o\n|-activate|p2b: C\u00e1 m\u1eadp b\u00e9o|move: Protect\n|move|p1a: Sneasler|Dire Claw|p2a: M\u00e1y gi\u1eb7t b\u00e9o\n|-damage|p2a: M\u00e1y gi\u1eb7t b\u00e9o|0 fnt\n|faint|p2a: M\u00e1y gi\u1eb7t b\u00e9o\n|\n|upkeep\n|\n|t:|1775986064\n|switch|p2a: S\u00e2u b\u00e9o|Orthworm, L50, F|50/100\n|turn|7\n|\n|t:|1775986077\n|switch|p1b: Tyranitar|Tyranitar, L50, F|100/100\n|-weather|Sandstorm|[from] ability: Sand Stream|[of] p1b: Tyranitar\n|switch|p2a: C\u00e1 ch\u00e9p r\u00e1n|Basculegion, L50, M, shiny|67/100\n|move|p1a: Sneasler|Close Combat|p2a: C\u00e1 ch\u00e9p r\u00e1n\n|-immune|p2a: C\u00e1 ch\u00e9p r\u00e1n\n|move|p2b: C\u00e1 m\u1eadp b\u00e9o|Rock Slide|p1b: Tyranitar|[spread] p1a,p1b\n|-resisted|p1a: Sneasler|1\n|-damage|p1a: Sneasler|63/100\n|-damage|p1b: Tyranitar|86/100\n|\n|-weather|Sandstorm|[upkeep]\n|-damage|p1a: Sneasler|57/100|[from] Sandstorm\n|-damage|p2a: C\u00e1 ch\u00e9p r\u00e1n|61/100|[from] Sandstorm\n|upkeep\n|turn|8\n|inactive|greeencross has 30 seconds left.\n|inactive|siunhanech has 30 seconds left.\n|inactive|greeencross has 20 seconds left.\n|inactive|greeencross has 15 seconds left.\n|inactive|greeencross has 10 seconds left.\n|inactive|greeencross has 5 seconds left.\n|\n|t:|1775986128\n|switch|p1a: Rotom|Rotom-Wash, L50|100/100\n|detailschange|p1b: Tyranitar|Tyranitar-Mega, L50, F\n|-mega|p1b: Tyranitar|Tyranitar|Tyranitarite\n|move|p2b: C\u00e1 m\u1eadp b\u00e9o|Protect|p2b: C\u00e1 m\u1eadp b\u00e9o\n|-singleturn|p2b: C\u00e1 m\u1eadp b\u00e9o|Protect\n|move|p2a: C\u00e1 ch\u00e9p r\u00e1n|Last Respects|p1a: Rotom\n|-damage|p1a: Rotom|24/100\n|move|p1b: Tyranitar|Rock Slide|p2b: C\u00e1 m\u1eadp b\u00e9o|[spread] p2a\n|-activate|p2b: C\u00e1 m\u1eadp b\u00e9o|move: Protect\n|-damage|p2a: C\u00e1 ch\u00e9p r\u00e1n|16/100\n|\n|-weather|Sandstorm|[upkeep]\n|-damage|p1a: Rotom|18/100|[from] Sandstorm\n|-damage|p2a: C\u00e1 ch\u00e9p r\u00e1n|10/100|[from] Sandstorm\n|-sideend|p1: greeencross|move: Tailwind\n|upkeep\n|turn|9\n|\n|t:|1775986152\n|move|p2a: C\u00e1 ch\u00e9p r\u00e1n|Last Respects|p1a: Rotom\n|-damage|p1a: Rotom|0 fnt\n|faint|p1a: Rotom\n|move|p2b: C\u00e1 m\u1eadp b\u00e9o|Earthquake|p1b: Tyranitar|[spread] p2a,p1b\n|-supereffective|p1b: Tyranitar|1\n|-damage|p2a: C\u00e1 ch\u00e9p r\u00e1n|0 fnt\n|-damage|p1b: Tyranitar|40/100\n|faint|p2a: C\u00e1 ch\u00e9p r\u00e1n\n|move|p1b: Tyranitar|Rock Slide|p2b: C\u00e1 m\u1eadp b\u00e9o|[miss]\n|-miss|p1b: Tyranitar|p2b: C\u00e1 m\u1eadp b\u00e9o\n|\n|-weather|Sandstorm|[upkeep]\n|upkeep\n|\n|t:|1775986162\n|switch|p2a: S\u00e2u b\u00e9o|Orthworm, L50, F|50/100\n|switch|p1a: Sneasler|Sneasler, L50, F|57/100\n|turn|10\n|\n|t:|1775986175\n|move|p1a: Sneasler|Close Combat|p2a: S\u00e2u b\u00e9o\n|-supereffective|p2a: S\u00e2u b\u00e9o|1\n|-damage|p2a: S\u00e2u b\u00e9o|0 fnt\n|-unboost|p1a: Sneasler|def|1\n|-unboost|p1a: Sneasler|spd|1\n|faint|p2a: S\u00e2u b\u00e9o\n|move|p2b: C\u00e1 m\u1eadp b\u00e9o|Earthquake|p1a: Sneasler|[spread] p1a,p1b\n|-supereffective|p1a: Sneasler|1\n|-supereffective|p1b: Tyranitar|1\n|-damage|p1a: Sneasler|0 fnt\n|-damage|p1b: Tyranitar|0 fnt\n|faint|p1a: Sneasler\n|faint|p1b: Tyranitar\n|\n|win|siunhanech\n|raw|greeencross's rating: 1271 &rarr; <strong>1252</strong><br />(-19 for losing)\n|raw|siunhanech's rating: 1362 &rarr; <strong>1377</strong><br />(+15 for winning)\n|l|\u2606greeencross\n|player|p1|\n",
  "uploadtime": 1775986187,
  "views": 39,
  "formatid": "gen9championsvgc2026regma",
  "rating": 1252,
  "private": 0,
  "password": null
}