{
  "id": "gen9championsvgc2026regma-2581941742",
  "format": "[Gen 9 Champions] VGC 2026 Reg M-A",
  "players": [
    "KamiiWRLD",
    "ElJoacoSSJGOD"
  ],
  "log": "|j|\u2606KamiiWRLD\n|j|\u2606ElJoacoSSJGOD\n|t:|1776041767\n|gametype|doubles\n|player|p1|KamiiWRLD|dawn|1142\n|player|p2|ElJoacoSSJGOD|101|1045\n|gen|9\n|tier|[Gen 9 Champions] VGC 2026 Reg M-A\n|rated|\n|rule|Species Clause: Limit one of each Pok\u00e9mon\n|rule|Item Clause: Limit 1 of each item\n|clearpoke\n|poke|p1|Zoroark-Hisui, L50, M|\n|poke|p1|Kingambit, L50, M|\n|poke|p1|Gengar, L50, F|\n|poke|p1|Basculegion, L50, M|\n|poke|p1|Whimsicott, L50, M|\n|poke|p1|Incineroar, L50, F|\n|poke|p2|Froslass, L50, F|\n|poke|p2|Orthworm, L50, F|\n|poke|p2|Incineroar, L50, M|\n|poke|p2|Garchomp, L50, M|\n|poke|p2|Palafin, L50, M|\n|poke|p2|Sneasler, L50, F|\n|teampreview|4\n|inactive|Battle timer is ON: inactive players will automatically lose when time's up. (requested by KamiiWRLD)\n|\n|t:|1776041822\n|teamsize|p1|4\n|teamsize|p2|4\n|start\n|switch|p1a: Kingambit|Kingambit, L50, M|100/100\n|switch|p1b: Incineroar|Incineroar, L50, F|100/100\n|switch|p2a: Palafin|Palafin, L50, M|100/100\n|switch|p2b: Incineroar|Incineroar, L50, M|100/100\n|-ability|p2b: Incineroar|Intimidate|boost\n|-unboost|p1a: Kingambit|atk|1\n|-unboost|p1b: Incineroar|atk|1\n|-ability|p1b: Incineroar|Intimidate|boost\n|-unboost|p2a: Palafin|atk|1\n|-unboost|p2b: Incineroar|atk|1\n|turn|1\n|inactive|ElJoacoSSJGOD has 30 seconds left.\n|inactive|KamiiWRLD has 30 seconds left.\n|inactive|ElJoacoSSJGOD has 20 seconds left.\n|inactive|ElJoacoSSJGOD has 15 seconds left.\n|\n|t:|1776041865\n|move|p2a: Palafin|Protect|p2a: Palafin\n|-singleturn|p2a: Palafin|Protect\n|move|p1b: Incineroar|Fake Out|p2a: Palafin\n|-activate|p2a: Palafin|move: Protect\n|move|p1a: Kingambit|Bitter Malice|p2a: Palafin\n|-activate|p2a: Palafin|move: Protect\n|move|p2b: Incineroar|Parting Shot|p1a: Kingambit\n|-unboost|p1a: Kingambit|atk|1\n|-unboost|p1a: Kingambit|spa|1\n|\n|t:|1776041877\n|switch|p2b: Sneasler|Sneasler, L50, F|100/100|[from] Parting Shot\n|\n|upkeep\n|turn|2\n|inactive|KamiiWRLD has 30 seconds left.\n|\n|t:|1776041906\n|switch|p1a: Gengar|Gengar, L50, F|100/100\n|detailschange|p2a: Palafin|Palafin-Hero, L50, M\n|switch|p2a: Incineroar|Incineroar, L50, M|100/100\n|-ability|p2a: Incineroar|Intimidate|boost\n|-unboost|p1a: Gengar|atk|1\n|-unboost|p1b: Incineroar|atk|1\n|move|p2b: Sneasler|Fake Out|p1a: Gengar\n|-immune|p1a: Gengar\n|move|p1b: Incineroar|Parting Shot|p2b: Sneasler\n|-unboost|p2b: Sneasler|atk|1\n|-unboost|p2b: Sneasler|spa|1\n|\n|t:|1776041929\n|switch|p1b: Kingambit|Kingambit, L50, M|100/100|[from] Parting Shot\n|-enditem|p2b: Sneasler|White Herb\n|-clearnegativeboost|p2b: Sneasler|[silent]\n|\n|upkeep\n|turn|3\n|inactive|ElJoacoSSJGOD has 30 seconds left.\n|\n|t:|1776041957\n|detailschange|p1a: Gengar|Gengar-Mega, L50, F\n|-mega|p1a: Gengar|Gengar|Gengarite\n|move|p2a: Incineroar|Fake Out|p1b: Kingambit\n|-immune|p1b: Kingambit\n|move|p2b: Sneasler|Close Combat|p1b: Kingambit\n|-immune|p1b: Kingambit\n|move|p1a: Gengar|Shadow Ball|p2b: Sneasler\n|-damage|p2b: Sneasler|30/100\n|move|p1b: Kingambit|Hyper Voice|p2b: Sneasler|[spread] p2a,p2b\n|-damage|p2a: Incineroar|72/100\n|-damage|p2b: Sneasler|0 fnt\n|faint|p2b: Sneasler\n|\n|upkeep\n|\n|t:|1776041977\n|switch|p2b: Froslass|Froslass, L50, F, shiny|100/100\n|turn|4\n|inactive|KamiiWRLD has 30 seconds left.\n|inactive|ElJoacoSSJGOD has 30 seconds left.\n|inactive|ElJoacoSSJGOD has 20 seconds left.\n|inactive|ElJoacoSSJGOD has 15 seconds left.\n|\n|t:|1776042018\n|move|p2b: Froslass|Protect|p2b: Froslass\n|-singleturn|p2b: Froslass|Protect\n|move|p1a: Gengar|Shadow Ball|p2b: Froslass\n|-activate|p2b: Froslass|move: Protect\n|move|p1b: Kingambit|Bitter Malice|p2a: Incineroar\n|-resisted|p2a: Incineroar|1\n|-damage|p2a: Incineroar|58/100\n|-unboost|p2a: Incineroar|atk|1\n|move|p2a: Incineroar|Flare Blitz|p1a: Gengar\n|-damage|p1a: Gengar|46/100\n|-damage|p2a: Incineroar|46/100|[from] Recoil\n|\n|upkeep\n|turn|5\n|inactive|KamiiWRLD has 30 seconds left.\n|inactive|ElJoacoSSJGOD has 30 seconds left.\n|inactive|ElJoacoSSJGOD has 20 seconds left.\n|inactive|ElJoacoSSJGOD has 15 seconds left.\n|inactive|ElJoacoSSJGOD has 10 seconds left.\n|inactive|ElJoacoSSJGOD has 5 seconds left.\n|\n|t:|1776042071\n|detailschange|p2b: Froslass|Froslass-Mega, L50, F, shiny\n|-mega|p2b: Froslass|Froslass|Froslassite\n|-weather|Snowscape|[from] ability: Snow Warning|[of] p2b: Froslass\n|move|p2b: Froslass|Protect||[still]\n|-fail|p2b: Froslass\n|move|p1a: Gengar|Shadow Ball|p2b: Froslass\n|-supereffective|p2b: Froslass|1\n|-damage|p2b: Froslass|0 fnt\n|faint|p2b: Froslass\n|move|p1b: Kingambit|Bitter Malice|p2a: Incineroar\n|-resisted|p2a: Incineroar|1\n|-crit|p2a: Incineroar\n|-damage|p2a: Incineroar|21/100\n|-unboost|p2a: Incineroar|atk|1\n|move|p2a: Incineroar|Flare Blitz|p1a: Gengar\n|-damage|p1a: Gengar|10/100\n|-damage|p2a: Incineroar|13/100|[from] Recoil\n|\n|-weather|Snowscape|[upkeep]\n|upkeep\n|\n|t:|1776042079\n|switch|p2b: Palafin|Palafin-Hero, L50, M|100/100\n|-activate|p2b: Palafin|ability: Zero to Hero\n|turn|6\n|\n|t:|1776042100\n|move|p2b: Palafin|Protect|p2b: Palafin\n|-singleturn|p2b: Palafin|Protect\n|move|p1a: Gengar|Sludge Bomb|p2b: Palafin\n|-activate|p2b: Palafin|move: Protect\n|move|p1b: Kingambit|Hyper Voice|p2a: Incineroar|[spread] p2a\n|-activate|p2b: Palafin|move: Protect\n|-damage|p2a: Incineroar|0 fnt\n|faint|p2a: Incineroar\n|\n|-weather|Snowscape|[upkeep]\n|upkeep\n|turn|7\n|-message|ElJoacoSSJGOD forfeited.\n|\n|win|KamiiWRLD\n|raw|KamiiWRLD's rating: 1142 &rarr; <strong>1160</strong><br />(+18 for winning)\n|raw|ElJoacoSSJGOD's rating: 1045 &rarr; <strong>1033</strong><br />(-12 for losing)\n|l|\u2606ElJoacoSSJGOD\n|player|p2|\n",
  "uploadtime": 1776042112,
  "views": 12,
  "formatid": "gen9championsvgc2026regma",
  "rating": 1033,
  "private": 0,
  "password": null
}