{
  "id": "gen9championsvgc2026regma-2583349015",
  "format": "[Gen 9 Champions] VGC 2026 Reg M-A",
  "players": [
    "luciusssss",
    "vywxiwjxjwk"
  ],
  "log": "|j|\u2606luciusssss\n|j|\u2606vywxiwjxjwk\n|t:|1776169129\n|gametype|doubles\n|player|p1|luciusssss|170|1179\n|player|p2|vywxiwjxjwk|n|1161\n|gen|9\n|tier|[Gen 9 Champions] VGC 2026 Reg M-A\n|rated|\n|rule|Species Clause: Limit one of each Pok\u00e9mon\n|rule|Item Clause: Limit 1 of each item\n|clearpoke\n|poke|p1|Froslass, L50, F|\n|poke|p1|Glaceon, L50, M|\n|poke|p1|Kingambit, L50, F|\n|poke|p1|Garchomp, L50, F|\n|poke|p1|Incineroar, L50, M|\n|poke|p1|Rotom-Wash, L50|\n|poke|p2|Sneasler, L50, M|\n|poke|p2|Floette-Eternal, L50, F|\n|poke|p2|Sinistcha, L50|\n|poke|p2|Meowstic, L50, M|\n|poke|p2|Krookodile, L50, F|\n|poke|p2|Farigiraf, L50, F|\n|teampreview|4\n|inactive|Battle timer is ON: inactive players will automatically lose when time's up. (requested by luciusssss)\n|\n|t:|1776169186\n|teamsize|p1|4\n|teamsize|p2|4\n|start\n|switch|p1a: Froslass|Froslass, L50, F|100/100\n|switch|p1b: Glaceon|Glaceon, L50, M|100/100\n|switch|p2a: Krookodile|Krookodile, L50, F|100/100\n|switch|p2b: Sneasler|Sneasler, L50, M|100/100\n|-ability|p2a: Krookodile|Intimidate|boost\n|-unboost|p1a: Froslass|atk|1\n|-unboost|p1b: Glaceon|atk|1\n|turn|1\n|\n|t:|1776169202\n|detailschange|p1a: Froslass|Froslass-Mega, L50, F\n|-mega|p1a: Froslass|Froslass|Froslassite\n|-weather|Snowscape|[from] ability: Snow Warning|[of] p1a: Froslass\n|move|p1b: Glaceon|Protect|p1b: Glaceon\n|-singleturn|p1b: Glaceon|Protect\n|move|p2a: Krookodile|Throat Chop|p1a: Froslass\n|-supereffective|p1a: Froslass|1\n|-damage|p1a: Froslass|19/100\n|-start|p1a: Froslass|Throat Chop|[silent]\n|move|p1a: Froslass|Aurora Veil|p1a: Froslass\n|-sidestart|p1: luciusssss|move: Aurora Veil\n|move|p2b: Sneasler|Rock Slide|p1a: Froslass|[spread] p1a\n|-activate|p1b: Glaceon|move: Protect\n|-supereffective|p1a: Froslass|1\n|-damage|p1a: Froslass|0 fnt\n|faint|p1a: Froslass\n|\n|-weather|Snowscape|[upkeep]\n|upkeep\n|\n|t:|1776169217\n|switch|p1a: Incineroar|Incineroar, L50, M|100/100\n|-ability|p1a: Incineroar|Intimidate|boost\n|-unboost|p2a: Krookodile|atk|1\n|-unboost|p2b: Sneasler|atk|1\n|-enditem|p2b: Sneasler|White Herb\n|-clearnegativeboost|p2b: Sneasler|[silent]\n|turn|2\n|\n|t:|1776169233\n|move|p1a: Incineroar|Fake Out|p2b: Sneasler\n|-damage|p2b: Sneasler|74/100\n|cant|p2b: Sneasler|flinch\n|move|p2a: Krookodile|Throat Chop|p1b: Glaceon\n|-damage|p1b: Glaceon|87/100\n|-start|p1b: Glaceon|Throat Chop|[silent]\n|move|p1b: Glaceon|Blizzard|p2b: Sneasler|[spread] p2a,p2b\n|-supereffective|p2a: Krookodile|1\n|-damage|p2a: Krookodile|0 fnt\n|-damage|p2b: Sneasler|20/100\n|faint|p2a: Krookodile\n|\n|-weather|Snowscape|[upkeep]\n|upkeep\n|\n|t:|1776169242\n|switch|p2a: Floette|Floette-Eternal, L50, F|100/100\n|turn|3\n|\n|t:|1776169261\n|detailschange|p2a: Floette|Floette-Mega, L50, F\n|-mega|p2a: Floette|Floette|Floettite\n|-ability|p2a: Floette|Fairy Aura\n|move|p2a: Floette|Protect|p2a: Floette\n|-singleturn|p2a: Floette|Protect\n|move|p2b: Sneasler|Close Combat|p1b: Glaceon|[miss]\n|-miss|p2b: Sneasler|p1b: Glaceon\n|move|p1b: Glaceon|Blizzard|p2b: Sneasler|[spread] p2b\n|-activate|p2a: Floette|move: Protect\n|-damage|p2b: Sneasler|0 fnt\n|faint|p2b: Sneasler\n|move|p1a: Incineroar|Flare Blitz|p2a: Floette\n|-activate|p2a: Floette|move: Protect\n|\n|-weather|Snowscape|[upkeep]\n|-end|p1b: Glaceon|Throat Chop|[silent]\n|upkeep\n|\n|t:|1776169267\n|switch|p2b: Sinistcha|Sinistcha, L50|100/100\n|turn|4\n|\n|t:|1776169290\n|move|p2b: Sinistcha|Rage Powder|p2b: Sinistcha\n|-singleturn|p2b: Sinistcha|move: Rage Powder\n|move|p2a: Floette|Calm Mind|p2a: Floette\n|-boost|p2a: Floette|spa|1\n|-boost|p2a: Floette|spd|1\n|move|p1b: Glaceon|Blizzard|p2a: Floette|[spread] p2a,p2b\n|-supereffective|p2b: Sinistcha|1\n|-damage|p2a: Floette|76/100\n|-damage|p2b: Sinistcha|16/100\n|-enditem|p2b: Sinistcha|Sitrus Berry|[eat]\n|-heal|p2b: Sinistcha|41/100|[from] item: Sitrus Berry\n|move|p1a: Incineroar|Flare Blitz|p2b: Sinistcha\n|-supereffective|p2b: Sinistcha|1\n|-crit|p2b: Sinistcha\n|-damage|p2b: Sinistcha|0 fnt\n|faint|p2b: Sinistcha\n|-damage|p1a: Incineroar|89/100|[from] Recoil\n|\n|-weather|Snowscape|[upkeep]\n|upkeep\n|turn|5\n|inactive|luciusssss has 30 seconds left.\n|\n|t:|1776169317\n|switch|p1a: Kingambit|Kingambit, L50, F|100/100\n|move|p2a: Floette|Protect|p2a: Floette\n|-singleturn|p2a: Floette|Protect\n|move|p1b: Glaceon|Blizzard|p2a: Floette\n|-activate|p2a: Floette|move: Protect\n|\n|-weather|none\n|-sideend|p1: luciusssss|move: Aurora Veil\n|upkeep\n|turn|6\n|inactive|vywxiwjxjwk has 30 seconds left.\n|\n|t:|1776169350\n|move|p2a: Floette|Moonblast|p1a: Kingambit\n|-damage|p1a: Kingambit|0 fnt\n|faint|p1a: Kingambit\n|move|p1b: Glaceon|Freeze-Dry|p2a: Floette\n|-damage|p2a: Floette|52/100\n|\n|upkeep\n|\n|t:|1776169356\n|switch|p1a: Incineroar|Incineroar, L50, M|89/100\n|-ability|p1a: Incineroar|Intimidate|boost\n|-unboost|p2a: Floette|atk|1\n|turn|7\n|\n|t:|1776169364\n|move|p2a: Floette|Protect|p2a: Floette\n|-singleturn|p2a: Floette|Protect\n|move|p1a: Incineroar|Fake Out|p2a: Floette\n|-activate|p2a: Floette|move: Protect\n|move|p1b: Glaceon|Freeze-Dry|p2a: Floette\n|-activate|p2a: Floette|move: Protect\n|\n|upkeep\n|turn|8\n|\n|t:|1776169374\n|move|p2a: Floette|Moonblast|p1a: Incineroar\n|-damage|p1a: Incineroar|0 fnt\n|faint|p1a: Incineroar\n|move|p1b: Glaceon|Freeze-Dry|p2a: Floette\n|-damage|p2a: Floette|31/100\n|\n|upkeep\n|turn|9\n|c|\u2606vywxiwjxjwk|gg\n|c|\u2606luciusssss|gg\n|\n|t:|1776169389\n|move|p2a: Floette|Moonblast|p1b: Glaceon\n|-damage|p1b: Glaceon|0 fnt\n|faint|p1b: Glaceon\n|\n|win|vywxiwjxjwk\n|raw|luciusssss's rating: 1179 &rarr; <strong>1153</strong><br />(-26 for losing)\n|raw|vywxiwjxjwk's rating: 1161 &rarr; <strong>1187</strong><br />(+26 for winning)\n|l|\u2606luciusssss\n|player|p1|\n|l|\u2606vywxiwjxjwk\n|player|p2|\n|j| kavennihao123\n|j|\u2606vywxiwjxjwk\n|player|p2|vywxiwjxjwk|n|\n|l| kavennihao123\n|l|\u2606vywxiwjxjwk\n|player|p2|\n|j| 1C2061\n|l| 1C2061\n|j| kavennihao123\n|l| kavennihao123\n|j| yandoubuyanle\u5e7d\u5c3e\u7384\u9c7c\u4fa0\n|l| yandoubuyanle\u5e7d\u5c3e\u7384\u9c7c\u4fa0\n|j|\u2606vywxiwjxjwk\n|player|p2|vywxiwjxjwk|n|\n",
  "uploadtime": 1776169391,
  "views": 18,
  "formatid": "gen9championsvgc2026regma",
  "rating": 1153,
  "private": 0,
  "password": null
}