{
  "id": "gen9championsvgc2026regma-2580806398",
  "format": "[Gen 9 Champions] VGC 2026 Reg M-A",
  "players": [
    "splitsunki",
    "lowkeyitsacepanda"
  ],
  "log": "|j|\u2606splitsunki\n|j|\u2606lowkeyitsacepanda\n|t:|1775933998\n|gametype|doubles\n|player|p1|splitsunki|clown|1030\n|player|p2|lowkeyitsacepanda|roxie|1085\n|gen|9\n|tier|[Gen 9 Champions] VGC 2026 Reg M-A\n|rated|\n|rule|Species Clause: Limit one of each Pok\u00e9mon\n|rule|Item Clause: Limit 1 of each item\n|clearpoke\n|poke|p1|Meganium, L50, M|\n|poke|p1|Pelipper, L50, M|\n|poke|p1|Archaludon, L50, F|\n|poke|p1|Rotom-Mow, L50|\n|poke|p1|Sableye, L50, F|\n|poke|p1|Dragonite, L50, F|\n|poke|p2|Gengar, L50, M|\n|poke|p2|Incineroar, L50, F|\n|poke|p2|Blastoise, L50, F|\n|poke|p2|Maushold, L50|\n|poke|p2|Kingambit, L50, M|\n|poke|p2|Kommo-o, L50, F|\n|teampreview|4\n|\n|t:|1775934065\n|teamsize|p1|4\n|teamsize|p2|4\n|start\n|switch|p1a: Pelipper|Pelipper, L50, M|100/100\n|switch|p1b: Sableye|Sableye, L50, F|100/100\n|switch|p2a: Majesty|Gengar, L50, M|100/100\n|switch|p2b: maucaholics|Maushold, L50|100/100\n|-weather|RainDance|[from] ability: Drizzle|[of] p1a: Pelipper\n|turn|1\n|\n|t:|1775934089\n|detailschange|p2a: Majesty|Gengar-Mega, L50, M\n|-mega|p2a: Majesty|Gengar|Gengarite\n|move|p1b: Sableye|Fake Out|p2b: maucaholics\n|-damage|p2b: maucaholics|90/100\n|move|p2a: Majesty|Shadow Ball|p1b: Sableye\n|-crit|p1b: Sableye\n|-enditem|p1b: Sableye|Focus Sash\n|-damage|p1b: Sableye|1/100\n|cant|p2b: maucaholics|flinch\n|move|p1a: Pelipper|Tailwind|p1a: Pelipper\n|-sidestart|p1: splitsunki|move: Tailwind\n|\n|-weather|RainDance|[upkeep]\n|upkeep\n|turn|2\n|\n|t:|1775934110\n|move|p2b: maucaholics|Follow Me|p2b: maucaholics\n|-singleturn|p2b: maucaholics|move: Follow Me\n|move|p1b: Sableye|Light Screen|p1b: Sableye\n|-sidestart|p1: splitsunki|move: Light Screen\n|move|p1a: Pelipper|Weather Ball|p2b: maucaholics\n|-damage|p2b: maucaholics|0 fnt\n|faint|p2b: maucaholics\n|move|p2a: Majesty|Substitute|p2a: Majesty\n|-start|p2a: Majesty|Substitute\n|-damage|p2a: Majesty|76/100\n|\n|-weather|RainDance|[upkeep]\n|upkeep\n|\n|t:|1775934119\n|switch|p2b: furry :3|Incineroar, L50, F|100/100\n|-ability|p2b: furry :3|Intimidate|boost\n|-unboost|p1a: Pelipper|atk|1\n|-unboost|p1b: Sableye|atk|1\n|turn|3\n|\n|t:|1775934133\n|move|p2b: furry :3|Fake Out|p1a: Pelipper\n|-damage|p1a: Pelipper|87/100\n|move|p1b: Sableye|Encore|p2a: Majesty\n|-start|p2a: Majesty|Encore\n|cant|p1a: Pelipper|flinch\n|move|p2a: Majesty|Substitute|p2a: Majesty\n|-fail|p2a: Majesty|move: Substitute\n|\n|-weather|RainDance|[upkeep]\n|upkeep\n|turn|4\n|\n|t:|1775934154\n|switch|p1b: Archaludon|Archaludon, L50, F|100/100\n|switch|p2b: bara|Blastoise, L50, F|100/100\n|move|p1a: Pelipper|Weather Ball|p2b: bara\n|-resisted|p2b: bara|1\n|-damage|p2b: bara|76/100\n|move|p2a: Majesty|Substitute|p2a: Majesty\n|-fail|p2a: Majesty|move: Substitute\n|\n|-weather|RainDance|[upkeep]\n|-heal|p2b: bara|82/100|[from] ability: Rain Dish\n|-heal|p2b: bara|88/100|[from] item: Leftovers\n|-sideend|p1: splitsunki|move: Tailwind\n|upkeep\n|turn|5\n|\n|t:|1775934171\n|move|p2b: bara|Fake Out|p1b: Archaludon\n|-resisted|p1b: Archaludon|1\n|-damage|p1b: Archaludon|97/100\n|-ability|p1b: Archaludon|Stamina|boost\n|-boost|p1b: Archaludon|def|1\n|move|p2a: Majesty|Substitute|p2a: Majesty\n|-fail|p2a: Majesty|move: Substitute\n|move|p1a: Pelipper|Tailwind|p1a: Pelipper\n|-sidestart|p1: splitsunki|move: Tailwind\n|cant|p1b: Archaludon|flinch\n|\n|-weather|none\n|-heal|p2b: bara|94/100|[from] item: Leftovers\n|-end|p2a: Majesty|Encore\n|upkeep\n|turn|6\n|c|\u2606splitsunki|bro fuck my life what fucking blastoise runs fake out\n|n|\u203dsplitsunki|splitsunki\n|c|~|/log splitsunki was locked from talking by Artemis. (\u2606splitsunki: bro fuck my life what fucking [[Pokemon]] runs fake out)\n|c|~|/raw <small>This action was done automatically. Want to learn more about the AI? <a href=\"https://www.smogon.com/forums/threads/3570628/#post-9056769\">Visit the information thread</a>.</small>\n|\n|t:|1775934229\n|move|p1a: Pelipper|Hurricane|p2b: bara|[miss]\n|-miss|p1a: Pelipper|p2b: bara\n|move|p1b: Archaludon|Electro Shot||[still]\n|-prepare|p1b: Archaludon|Electro Shot\n|-boost|p1b: Archaludon|spa|1\n|move|p2a: Majesty|Perish Song|p2a: Majesty\n|-start|p1a: Pelipper|perish3|[silent]\n|-start|p1b: Archaludon|perish3|[silent]\n|-start|p2a: Majesty|perish3|[silent]\n|-start|p2b: bara|perish3|[silent]\n|-fieldactivate|move: Perish Song\n|move|p2b: bara|Life Dew|p2b: bara|[spread] p2a,p2b\n|-heal|p2a: Majesty|100/100\n|-heal|p2b: bara|100/100\n|\n|-start|p1a: Pelipper|perish3\n|-start|p1b: Archaludon|perish3\n|-start|p2a: Majesty|perish3\n|-start|p2b: bara|perish3\n|-sideend|p1: splitsunki|move: Light Screen\n|upkeep\n|turn|7\n|\n|t:|1775934256\n|move|p2a: Majesty|Protect|p2a: Majesty\n|-singleturn|p2a: Majesty|Protect\n|move|p2b: bara|Protect|p2b: bara\n|-singleturn|p2b: bara|Protect\n|move|p1a: Pelipper|Hurricane|p2a: Majesty\n|-activate|p2a: Majesty|move: Protect\n|move|p1b: Archaludon|Electro Shot|p2b: bara|[from] lockedmove\n|-activate|p2b: bara|move: Protect\n|\n|-start|p1a: Pelipper|perish2\n|-start|p1b: Archaludon|perish2\n|-start|p2a: Majesty|perish2\n|-start|p2b: bara|perish2\n|upkeep\n|turn|8\n|\n|t:|1775934286\n|move|p1a: Pelipper|Hurricane|p2a: Majesty\n|-end|p2a: Majesty|Substitute\n|move|p1b: Archaludon|Draco Meteor|p2a: Majesty\n|-damage|p2a: Majesty|0 fnt\n|-unboost|p1b: Archaludon|spa|2\n|faint|p2a: Majesty\n|-enditem|p1b: Archaludon|White Herb\n|-clearnegativeboost|p1b: Archaludon|[silent]\n|move|p2b: bara|Flip Turn|p1b: Archaludon\n|-resisted|p1b: Archaludon|1\n|-damage|p1b: Archaludon|92/100\n|-ability|p1b: Archaludon|Stamina|boost\n|-boost|p1b: Archaludon|def|1\n|\n|t:|1775934300\n|switch|p2b: furry :3|Incineroar, L50, F|100/100|[from] Flip Turn\n|-ability|p2b: furry :3|Intimidate|boost\n|-unboost|p1a: Pelipper|atk|1\n|-unboost|p1b: Archaludon|atk|1\n|\n|-start|p1a: Pelipper|perish1\n|-start|p1b: Archaludon|perish1\n|-sideend|p1: splitsunki|move: Tailwind\n|upkeep\n|\n|t:|1775934311\n|switch|p2a: bara|Blastoise, L50, F|100/100\n|turn|9\n|\n|t:|1775934318\n|switch|p1a: Meganium|Meganium, L50, M, shiny|100/100\n|switch|p1b: Sableye|Sableye, L50, F|1/100\n|move|p2a: bara|Fake Out|p1b: Sableye\n|-immune|p1b: Sableye\n|move|p2b: furry :3|Fake Out|p1a: Meganium\n|-damage|p1a: Meganium|88/100\n|\n|upkeep\n|turn|10\n|\n|t:|1775934366\n|detailschange|p1a: Meganium|Meganium-Mega, L50, M, shiny\n|-mega|p1a: Meganium|Meganium|Meganiumite\n|move|p1b: Sableye|Fake Out|p2b: furry :3\n|-damage|p2b: furry :3|93/100\n|move|p1a: Meganium|Solar Beam||[still]\n|-prepare|p1a: Meganium|Solar Beam\n|-activate|p1a: Meganium|ability: Mega Sol\n|-anim|p1a: Meganium|Solar Beam|p2a: bara\n|-supereffective|p2a: bara|1\n|-damage|p2a: bara|3/100\n|move|p2a: bara|Flip Turn|p1b: Sableye\n|-damage|p1b: Sableye|0 fnt\n|faint|p1b: Sableye\n|cant|p2b: furry :3|flinch\n|\n|-heal|p2a: bara|9/100|[from] item: Leftovers\n|upkeep\n|\n|t:|1775934383\n|switch|p1b: Pelipper|Pelipper, L50, M|87/100\n|-weather|RainDance|[from] ability: Drizzle|[of] p1b: Pelipper\n|turn|11\n|\n|t:|1775934399\n|move|p2a: bara|Protect|p2a: bara\n|-singleturn|p2a: bara|Protect\n|move|p1a: Meganium|Dazzling Gleam|p2b: furry :3|[spread] p2b\n|-activate|p2a: bara|move: Protect\n|-damage|p2b: furry :3|71/100\n|move|p1b: Pelipper|Weather Ball|p2b: furry :3\n|-supereffective|p2b: furry :3|1\n|-damage|p2b: furry :3|0 fnt\n|faint|p2b: furry :3\n|\n|-weather|RainDance|[upkeep]\n|-heal|p2a: bara|14/100|[from] ability: Rain Dish\n|-heal|p2a: bara|20/100|[from] item: Leftovers\n|upkeep\n|turn|12\n|-message|lowkeyitsacepanda forfeited.\n|\n|win|splitsunki\n",
  "uploadtime": 1775934206,
  "views": 9,
  "formatid": "gen9championsvgc2026regma",
  "rating": null,
  "private": 0,
  "password": null
}