{
  "id": "gen9championsvgc2026regma-2583798229",
  "format": "[Gen 9 Champions] VGC 2026 Reg M-A",
  "players": [
    "OHC Yuki",
    "GlazedDonut81"
  ],
  "log": "|j|\u2606OHC Yuki\n|j|\u2606GlazedDonut81\n|t:|1776198469\n|gametype|doubles\n|player|p1|OHC Yuki|iono|1129\n|player|p2|GlazedDonut81|hilbert|1148\n|gen|9\n|tier|[Gen 9 Champions] VGC 2026 Reg M-A\n|rated|\n|rule|Species Clause: Limit one of each Pok\u00e9mon\n|rule|Item Clause: Limit 1 of each item\n|clearpoke\n|poke|p1|Gengar, L50, M|\n|poke|p1|Incineroar, L50, M|\n|poke|p1|Clefable, L50, M|\n|poke|p1|Blastoise, L50, F|\n|poke|p1|Greninja-*, L50, M|\n|poke|p1|Kingambit, L50, M|\n|poke|p2|Corviknight, L50, M|\n|poke|p2|Tyranitar, L50, M|\n|poke|p2|Excadrill, L50, M|\n|poke|p2|Sinistcha, L50|\n|poke|p2|Incineroar, L50, F|\n|poke|p2|Primarina, L50, F|\n|teampreview|4\n|\n|t:|1776198508\n|teamsize|p1|4\n|teamsize|p2|4\n|start\n|switch|p1a: Gengar|Gengar, L50, M, shiny|100/100\n|switch|p1b: Incineroar|Incineroar, L50, M|100/100\n|switch|p2a: Tyranitar|Tyranitar, L50, M|100/100\n|switch|p2b: Excadrill|Excadrill, L50, M, shiny|100/100\n|-ability|p1b: Incineroar|Intimidate|boost\n|-unboost|p2a: Tyranitar|atk|1\n|-unboost|p2b: Excadrill|atk|1\n|-weather|Sandstorm|[from] ability: Sand Stream|[of] p2a: Tyranitar\n|turn|1\n|\n|t:|1776198532\n|detailschange|p1a: Gengar|Gengar-Mega, L50, M, shiny\n|-mega|p1a: Gengar|Gengar|Gengarite\n|move|p2a: Tyranitar|Protect|p2a: Tyranitar\n|-singleturn|p2a: Tyranitar|Protect\n|move|p1b: Incineroar|Fake Out|p2b: Excadrill\n|-resisted|p2b: Excadrill|1\n|-damage|p2b: Excadrill|92/100\n|cant|p2b: Excadrill|flinch\n|move|p1a: Gengar|Perish Song|p1a: Gengar\n|-start|p1a: Gengar|perish3|[silent]\n|-start|p1b: Incineroar|perish3|[silent]\n|-start|p2a: Tyranitar|perish3|[silent]\n|-start|p2b: Excadrill|perish3|[silent]\n|-fieldactivate|move: Perish Song\n|\n|-weather|Sandstorm|[upkeep]\n|-damage|p1a: Gengar|95/100|[from] Sandstorm\n|-damage|p1b: Incineroar|95/100|[from] Sandstorm\n|-start|p2b: Excadrill|perish3\n|-start|p1a: Gengar|perish3\n|-start|p1b: Incineroar|perish3\n|-start|p2a: Tyranitar|perish3\n|upkeep\n|turn|2\n|inactive|Battle timer is ON: inactive players will automatically lose when time's up. (requested by OHC Yuki)\n|\n|t:|1776198566\n|detailschange|p2a: Tyranitar|Tyranitar-Mega, L50, M\n|-mega|p2a: Tyranitar|Tyranitar|Tyranitarite\n|move|p2b: Excadrill|Protect|p2b: Excadrill\n|-singleturn|p2b: Excadrill|Protect\n|move|p1a: Gengar|Protect|p1a: Gengar\n|-singleturn|p1a: Gengar|Protect\n|move|p1b: Incineroar|Protect|p1b: Incineroar\n|-singleturn|p1b: Incineroar|Protect\n|move|p2a: Tyranitar|Knock Off|p1a: Gengar\n|-activate|p1a: Gengar|move: Protect\n|\n|-weather|Sandstorm|[upkeep]\n|-damage|p1a: Gengar|89/100|[from] Sandstorm\n|-damage|p1b: Incineroar|89/100|[from] Sandstorm\n|-start|p2b: Excadrill|perish2\n|-start|p1a: Gengar|perish2\n|-start|p1b: Incineroar|perish2\n|-start|p2a: Tyranitar|perish2\n|upkeep\n|turn|3\n|inactive|OHC Yuki has 30 seconds left.\n|inactive|OHC Yuki has 20 seconds left.\n|\n|t:|1776198603\n|switch|p1a: Blastoise|Blastoise, L50, F, shiny|100/100\n|move|p2b: Excadrill|Iron Head|p1a: Blastoise\n|-resisted|p1a: Blastoise|1\n|-damage|p1a: Blastoise|87/100\n|move|p1b: Incineroar|Parting Shot|p2b: Excadrill\n|-unboost|p2b: Excadrill|atk|1\n|-unboost|p2b: Excadrill|spa|1\n|\n|t:|1776198612\n|switch|p1b: Gengar|Gengar-Mega, L50, M, shiny|89/100|[from] Parting Shot\n|move|p2a: Tyranitar|Rock Slide|p1a: Blastoise|[spread] p1a,p1b\n|-damage|p1a: Blastoise|68/100\n|-damage|p1b: Gengar|55/100\n|\n|-weather|Sandstorm|[upkeep]\n|-damage|p1b: Gengar|49/100|[from] Sandstorm\n|-damage|p1a: Blastoise|62/100|[from] Sandstorm\n|-start|p2b: Excadrill|perish1\n|-start|p2a: Tyranitar|perish1\n|upkeep\n|turn|4\n|\n|t:|1776198634\n|move|p1b: Gengar|Protect|p1b: Gengar\n|-singleturn|p1b: Gengar|Protect\n|move|p1a: Blastoise|Protect|p1a: Blastoise\n|-singleturn|p1a: Blastoise|Protect\n|move|p2b: Excadrill|Earthquake|p1b: Gengar|[spread] p2a\n|-activate|p1a: Blastoise|move: Protect\n|-activate|p1b: Gengar|move: Protect\n|-supereffective|p2a: Tyranitar|1\n|-damage|p2a: Tyranitar|74/100\n|move|p2a: Tyranitar|Knock Off|p1b: Gengar\n|-activate|p1b: Gengar|move: Protect\n|\n|-weather|Sandstorm|[upkeep]\n|-damage|p1b: Gengar|43/100|[from] Sandstorm\n|-damage|p1a: Blastoise|56/100|[from] Sandstorm\n|-start|p2b: Excadrill|perish0\n|-start|p2a: Tyranitar|perish0\n|faint|p2b: Excadrill\n|faint|p2a: Tyranitar\n|upkeep\n|\n|t:|1776198640\n|switch|p2b: Primarina|Primarina, L50, F|100/100\n|switch|p2a: Sinistcha|Sinistcha, L50|100/100\n|turn|5\n|\n|t:|1776198660\n|move|p1b: Gengar|Perish Song|p1b: Gengar\n|-start|p1a: Blastoise|perish3|[silent]\n|-start|p1b: Gengar|perish3|[silent]\n|-start|p2a: Sinistcha|perish3|[silent]\n|-start|p2b: Primarina|perish3|[silent]\n|-fieldactivate|move: Perish Song\n|move|p2b: Primarina|Moonblast|p1a: Blastoise\n|-damage|p1a: Blastoise|14/100\n|-unboost|p1a: Blastoise|spa|1\n|-enditem|p1a: Blastoise|Sitrus Berry|[eat]\n|-heal|p1a: Blastoise|39/100|[from] item: Sitrus Berry\n|move|p1a: Blastoise|Yawn|p2b: Primarina\n|-start|p2b: Primarina|move: Yawn|[of] p1a: Blastoise\n|move|p2a: Sinistcha|Trick Room|p2a: Sinistcha\n|-fieldstart|move: Trick Room|[of] p2a: Sinistcha\n|\n|-weather|none\n|-start|p2a: Sinistcha|perish3\n|-start|p1a: Blastoise|perish3\n|-start|p2b: Primarina|perish3\n|-start|p1b: Gengar|perish3\n|upkeep\n|turn|6\n|inactive|OHC Yuki has 30 seconds left.\n|\n|t:|1776198689\n|move|p1b: Gengar|Protect|p1b: Gengar\n|-singleturn|p1b: Gengar|Protect\n|move|p2a: Sinistcha|Matcha Gotcha|p1a: Blastoise|[spread] p1a\n|-activate|p1b: Gengar|move: Protect\n|-supereffective|p1a: Blastoise|1\n|-crit|p1a: Blastoise\n|-damage|p1a: Blastoise|0 fnt\n|faint|p1a: Blastoise\n|move|p2b: Primarina|Hyper Voice|p1b: Gengar\n|-activate|p1b: Gengar|move: Protect\n|\n|-end|p2b: Primarina|move: Yawn|[silent]\n|-status|p2b: Primarina|slp\n|-start|p2a: Sinistcha|perish2\n|-start|p2b: Primarina|perish2\n|-start|p1b: Gengar|perish2\n|upkeep\n|\n|t:|1776198710\n|switch|p1a: Incineroar|Incineroar, L50, M|89/100\n|-ability|p1a: Incineroar|Intimidate|boost\n|-unboost|p2a: Sinistcha|atk|1\n|-unboost|p2b: Primarina|atk|1\n|turn|7\n|\n|t:|1776198719\n|move|p2a: Sinistcha|Rage Powder|p2a: Sinistcha\n|-singleturn|p2a: Sinistcha|move: Rage Powder\n|move|p1a: Incineroar|Throat Chop|p2a: Sinistcha\n|-supereffective|p2a: Sinistcha|1\n|-damage|p2a: Sinistcha|55/100\n|-start|p2a: Sinistcha|Throat Chop|[silent]\n|cant|p2b: Primarina|slp\n|move|p1b: Gengar|Sludge Bomb|p2a: Sinistcha\n|-damage|p2a: Sinistcha|0 fnt\n|faint|p2a: Sinistcha\n|\n|-start|p2b: Primarina|perish1\n|-start|p1b: Gengar|perish1\n|upkeep\n|turn|8\n|\n|t:|1776198734\n|switch|p1b: Greninja|Greninja, L50, M|100/100\n|move|p1a: Incineroar|Protect|p1a: Incineroar\n|-singleturn|p1a: Incineroar|Protect\n|-curestatus|p2b: Primarina|slp|[msg]\n|move|p2b: Primarina|Hyper Voice|p1a: Incineroar|[spread] p1b\n|-activate|p1a: Incineroar|move: Protect\n|-resisted|p1b: Greninja|1\n|-damage|p1b: Greninja|64/100\n|\n|-start|p2b: Primarina|perish0\n|faint|p2b: Primarina\n|\n|win|OHC Yuki\n|raw|OHC Yuki's rating: 1129 &rarr; <strong>1155</strong><br />(+26 for winning)\n|raw|GlazedDonut81's rating: 1148 &rarr; <strong>1122</strong><br />(-26 for losing)\n|l|\u2606GlazedDonut81\n|player|p2|\n",
  "uploadtime": 1776198750,
  "views": 16,
  "formatid": "gen9championsvgc2026regma",
  "rating": 1122,
  "private": 0,
  "password": null
}