{
  "id": "gen9championsvgc2026regma-2586812889",
  "format": "[Gen 9 Champions] VGC 2026 Reg M-A",
  "players": [
    "WailordK",
    "willehdapooh"
  ],
  "log": "|j|\u2606WailordK\n|j|\u2606willehdapooh\n|t:|1776461976\n|gametype|doubles\n|player|p1|WailordK|roughneck-gen4|1024\n|player|p2|willehdapooh|2|1000\n|gen|9\n|tier|[Gen 9 Champions] VGC 2026 Reg M-A\n|rated|\n|rule|Species Clause: Limit one of each Pok\u00e9mon\n|rule|Item Clause: Limit 1 of each item\n|clearpoke\n|poke|p1|Whimsicott, L50, F|\n|poke|p1|Gallade, L50, M|\n|poke|p1|Politoed, L50, M|\n|poke|p1|Starmie, L50|\n|poke|p1|Sinistcha-Masterpiece, L50|\n|poke|p1|Basculegion, L50, M|\n|poke|p2|Pelipper, L50, M|\n|poke|p2|Blastoise, L50, M|\n|poke|p2|Farigiraf, L50, F|\n|poke|p2|Sinistcha-Masterpiece, L50|\n|poke|p2|Clefable, L50, F|\n|poke|p2|Banette, L50, F|\n|teampreview|4\n|\n|t:|1776462001\n|teamsize|p1|4\n|teamsize|p2|4\n|start\n|switch|p1a: Whimsicott|Whimsicott, L50, F|100/100\n|switch|p1b: Gallade|Gallade, L50, M|100/100\n|switch|p2a: Blastoise|Blastoise, L50, M|100/100\n|switch|p2b: Clefable|Clefable, L50, F|100/100\n|turn|1\n|\n|t:|1776462024\n|detailschange|p2a: Blastoise|Blastoise-Mega, L50, M\n|-mega|p2a: Blastoise|Blastoise|Blastoisinite\n|move|p2b: Clefable|Follow Me|p2b: Clefable\n|-singleturn|p2b: Clefable|move: Follow Me\n|move|p1a: Whimsicott|Beat Up|p2b: Clefable\n|-resisted|p2b: Clefable|1\n|-damage|p2b: Clefable|99/100\n|-resisted|p2b: Clefable|1\n|-damage|p2b: Clefable|98/100\n|-resisted|p2b: Clefable|1\n|-damage|p2b: Clefable|97/100\n|-resisted|p2b: Clefable|1\n|-damage|p2b: Clefable|96/100\n|-hitcount|p2b: Clefable|4\n|move|p1b: Gallade|Rock Slide|p2a: Blastoise|[spread] p2a,p2b\n|-damage|p2a: Blastoise|80/100\n|-damage|p2b: Clefable|74/100\n|move|p2a: Blastoise|Shell Smash|p2a: Blastoise\n|-unboost|p2a: Blastoise|def|1\n|-unboost|p2a: Blastoise|spd|1\n|-boost|p2a: Blastoise|atk|2\n|-boost|p2a: Blastoise|spa|2\n|-boost|p2a: Blastoise|spe|2\n|\n|upkeep\n|turn|2\n|\n|t:|1776462053\n|move|p2b: Clefable|Follow Me|p2b: Clefable\n|-singleturn|p2b: Clefable|move: Follow Me\n|move|p1a: Whimsicott|Tailwind|p1a: Whimsicott\n|-sidestart|p1: WailordK|move: Tailwind\n|move|p1b: Gallade|Rock Slide|p2b: Clefable|[spread] p2a,p2b\n|-damage|p2a: Blastoise|50/100\n|-damage|p2b: Clefable|49/100\n|move|p2a: Blastoise|Water Spout|p1b: Gallade|[spread] p1a,p1b\n|-resisted|p1a: Whimsicott|1\n|-crit|p1a: Whimsicott\n|-damage|p1a: Whimsicott|33/100\n|-damage|p1b: Gallade|28/100\n|\n|upkeep\n|turn|3\n|\n|t:|1776462076\n|switch|p2b: Sinistcha|Sinistcha-Masterpiece, L50|100/100\n|-heal|p2a: Blastoise|75/100|[from] ability: Hospitality|[of] p2b: Sinistcha\n|move|p2a: Blastoise|Protect|p2a: Blastoise\n|-singleturn|p2a: Blastoise|Protect\n|move|p1a: Whimsicott|Taunt|p2b: Sinistcha\n|-start|p2b: Sinistcha|move: Taunt\n|move|p1b: Gallade|Drain Punch|p2a: Blastoise\n|-activate|p2a: Blastoise|move: Protect\n|\n|upkeep\n|turn|4\n|\n|t:|1776462098\n|switch|p1a: Sinistcha|Sinistcha-Masterpiece, L50|100/100\n|-heal|p1b: Gallade|53/100|[from] ability: Hospitality|[of] p1a: Sinistcha\n|move|p1b: Gallade|Drain Punch|p2a: Blastoise\n|-damage|p2a: Blastoise|17/100\n|-heal|p1b: Gallade|84/100|[from] drain|[of] p2a: Blastoise\n|move|p2a: Blastoise|Ice Beam|p1a: Sinistcha\n|-supereffective|p1a: Sinistcha|1\n|-damage|p1a: Sinistcha|0 fnt\n|faint|p1a: Sinistcha\n|move|p2b: Sinistcha|Shadow Ball|p1b: Gallade\n|-supereffective|p1b: Gallade|1\n|-damage|p1b: Gallade|7/100\n|-unboost|p1b: Gallade|spd|1\n|\n|upkeep\n|\n|t:|1776462103\n|switch|p1a: Starmie|Starmie, L50|100/100\n|turn|5\n|\n|t:|1776462119\n|detailschange|p1a: Starmie|Starmie-Mega, L50\n|-mega|p1a: Starmie|Starmie|Starminite\n|move|p2a: Blastoise|Protect|p2a: Blastoise\n|-singleturn|p2a: Blastoise|Protect\n|move|p1a: Starmie|Ice Spinner|p2b: Sinistcha\n|-supereffective|p2b: Sinistcha|1\n|-damage|p2b: Sinistcha|0 fnt\n|faint|p2b: Sinistcha\n|move|p1b: Gallade|Drain Punch|p2a: Blastoise\n|-activate|p2a: Blastoise|move: Protect\n|\n|-sideend|p1: WailordK|move: Tailwind\n|upkeep\n|\n|t:|1776462132\n|switch|p2b: Pelipper|Pelipper, L50, M|100/100\n|-weather|RainDance|[from] ability: Drizzle|[of] p2b: Pelipper\n|turn|6\n|\n|t:|1776462157\n|move|p2a: Blastoise|Water Spout|p1a: Starmie|[spread] p1a,p1b\n|-resisted|p1a: Starmie|1\n|-damage|p1a: Starmie|79/100\n|-damage|p1b: Gallade|0 fnt\n|faint|p1b: Gallade\n|move|p1a: Starmie|Ice Spinner|p2a: Blastoise\n|-resisted|p2a: Blastoise|1\n|-damage|p2a: Blastoise|0 fnt\n|faint|p2a: Blastoise\n|move|p2b: Pelipper|Hurricane|p1a: Starmie\n|-damage|p1a: Starmie|15/100\n|\n|-weather|RainDance|[upkeep]\n|upkeep\n|\n|t:|1776462169\n|switch|p1b: Whimsicott|Whimsicott, L50, F|33/100\n|switch|p2a: Clefable|Clefable, L50, F|49/100\n|turn|7\n|\n|t:|1776462185\n|move|p2a: Clefable|Helping Hand|p2b: Pelipper\n|-singleturn|p2b: Pelipper|Helping Hand|[of] p2a: Clefable\n|move|p1b: Whimsicott|Tailwind|p1b: Whimsicott\n|-sidestart|p1: WailordK|move: Tailwind\n|move|p1a: Starmie|Self-Destruct|p2b: Pelipper|[spread] p1b,p2a,p2b\n|-damage|p1b: Whimsicott|0 fnt\n|-damage|p2a: Clefable|0 fnt\n|-damage|p2b: Pelipper|0 fnt\n|faint|p1a: Starmie\n|faint|p1b: Whimsicott\n|faint|p2a: Clefable\n|faint|p2b: Pelipper\n|\n|win|willehdapooh\n|raw|WailordK's rating: 1024 &rarr; <strong>1009</strong><br />(-15 for losing)\n|raw|willehdapooh's rating: 1000 &rarr; <strong>1043</strong><br />(+43 for winning)\n|c|\u2606willehdapooh|gg\n",
  "uploadtime": 1776462200,
  "views": 27,
  "formatid": "gen9championsvgc2026regma",
  "rating": 1009,
  "private": 0,
  "password": null
}