{
  "id": "gen9championsvgc2026regma-2584805828",
  "format": "[Gen 9 Champions] VGC 2026 Reg M-A",
  "players": [
    "gnomoide",
    "benjiapollo"
  ],
  "log": "|j|\u2606gnomoide\n|j|\u2606benjiapollo\n|t:|1776285010\n|gametype|doubles\n|player|p1|gnomoide|n|1195\n|player|p2|benjiapollo|giovanni|1217\n|gen|9\n|tier|[Gen 9 Champions] VGC 2026 Reg M-A\n|rated|\n|rule|Species Clause: Limit one of each Pok\u00e9mon\n|rule|Item Clause: Limit 1 of each item\n|clearpoke\n|poke|p1|Floette-Eternal, L50, F|\n|poke|p1|Maushold, L50|\n|poke|p1|Garchomp, L50, M|\n|poke|p1|Rotom-Wash, L50|\n|poke|p1|Aegislash, L50, F|\n|poke|p1|Sneasler, L50, F|\n|poke|p2|Basculegion, L50, M|\n|poke|p2|Charizard, L50, M|\n|poke|p2|Kingambit, L50, F|\n|poke|p2|Sneasler, L50, M|\n|poke|p2|Venusaur, L50, F|\n|poke|p2|Talonflame, L50, M|\n|teampreview|4\n|inactive|Battle timer is ON: inactive players will automatically lose when time's up. (requested by gnomoide)\n|inactive|gnomoide has 60 seconds left.\n|\n|t:|1776285061\n|teamsize|p1|4\n|teamsize|p2|4\n|start\n|switch|p1a: Rotom|Rotom-Wash, L50|100/100\n|switch|p1b: Sneasler|Sneasler, L50, F|100/100\n|switch|p2a: Talonflame|Talonflame, L50, M|100/100\n|switch|p2b: Charizard|Charizard, L50, M|100/100\n|turn|1\n|\n|t:|1776285084\n|detailschange|p2b: Charizard|Charizard-Mega-X, L50, M\n|-mega|p2b: Charizard|Charizard|Charizardite X\n|move|p2a: Talonflame|Quick Guard|p2a: Talonflame\n|-singleturn|p2a: Talonflame|Quick Guard\n|move|p1b: Sneasler|Fake Out|p2a: Talonflame\n|-activate|p2a: Talonflame|move: Quick Guard\n|move|p1a: Rotom|Electroweb|p2b: Charizard|[spread] p2a,p2b\n|-supereffective|p2a: Talonflame|1\n|-resisted|p2b: Charizard|1\n|-damage|p2a: Talonflame|37/100\n|-damage|p2b: Charizard|88/100\n|-unboost|p2a: Talonflame|spe|1\n|-unboost|p2b: Charizard|spe|1\n|move|p2b: Charizard|Dragon Claw|p1a: Rotom\n|-damage|p1a: Rotom|20/100\n|\n|upkeep\n|turn|2\n|inactive|benjiapollo has 30 seconds left.\n|\n|t:|1776285116\n|switch|p2a: Kingambit|Kingambit, L50, F|100/100\n|move|p1a: Rotom|Electroweb|p2b: Charizard|[spread] p2a,p2b\n|-resisted|p2b: Charizard|1\n|-damage|p2a: Kingambit|82/100\n|-damage|p2b: Charizard|75/100\n|-unboost|p2a: Kingambit|spe|1\n|-ability|p2a: Kingambit|Defiant|boost\n|-boost|p2a: Kingambit|atk|2\n|-unboost|p2b: Charizard|spe|1\n|move|p1b: Sneasler|Dire Claw|p2b: Charizard\n|-damage|p2b: Charizard|31/100\n|move|p2b: Charizard|Flare Blitz|p1a: Rotom\n|-resisted|p1a: Rotom|1\n|-damage|p1a: Rotom|0 fnt\n|faint|p1a: Rotom\n|-damage|p2b: Charizard|26/100|[from] Recoil\n|\n|upkeep\n|\n|t:|1776285136\n|switch|p1a: Aegislash|Aegislash, L50, F|100/100\n|turn|3\n|\n|t:|1776285150\n|switch|p2b: Talonflame|Talonflame, L50, M|37/100\n|move|p1a: Aegislash|King's Shield|p1a: Aegislash\n|-singleturn|p1a: Aegislash|Protect\n|move|p2a: Kingambit|Protect|p2a: Kingambit\n|-singleturn|p2a: Kingambit|Protect\n|move|p1b: Sneasler|Close Combat|p2a: Kingambit\n|-activate|p2a: Kingambit|move: Protect\n|\n|upkeep\n|turn|4\n|inactive|benjiapollo has 30 seconds left.\n|\n|t:|1776285176\n|move|p2a: Kingambit|Sucker Punch|p1b: Sneasler\n|-resisted|p1b: Sneasler|1\n|-damage|p1b: Sneasler|24/100\n|move|p2b: Talonflame|Brave Bird|p1b: Sneasler\n|-supereffective|p1b: Sneasler|1\n|-damage|p1b: Sneasler|0 fnt\n|faint|p1b: Sneasler\n|-damage|p2b: Talonflame|30/100|[from] Recoil\n|-formechange|p1a: Aegislash|Aegislash-Blade|\n|move|p1a: Aegislash|Poltergeist|p2b: Talonflame\n|-activate|p2b: Talonflame|move: Poltergeist|Focus Sash\n|-damage|p2b: Talonflame|0 fnt\n|faint|p2b: Talonflame\n|\n|upkeep\n|\n|t:|1776285189\n|switch|p2b: Sneasler|Sneasler, L50, M|100/100\n|switch|p1b: Garchomp|Garchomp, L50, M|100/100\n|turn|5\n|\n|t:|1776285213\n|move|p1b: Garchomp|Protect|p1b: Garchomp\n|-singleturn|p1b: Garchomp|Protect\n|-formechange|p1a: Aegislash|Aegislash|\n|move|p1a: Aegislash|King's Shield|p1a: Aegislash\n|-singleturn|p1a: Aegislash|Protect\n|move|p2b: Sneasler|Fake Out|p1b: Garchomp\n|-activate|p1b: Garchomp|move: Protect\n|move|p2a: Kingambit|Kowtow Cleave|p1a: Aegislash\n|-activate|p1a: Aegislash|move: Protect\n|-unboost|p2a: Kingambit|atk|1\n|-ability|p2a: Kingambit|Defiant|boost\n|-boost|p2a: Kingambit|atk|2\n|\n|upkeep\n|turn|6\n|inactive|benjiapollo has 30 seconds left.\n|\n|t:|1776285240\n|move|p2a: Kingambit|Sucker Punch|p1a: Aegislash\n|-supereffective|p1a: Aegislash|1\n|-damage|p1a: Aegislash|0 fnt\n|faint|p1a: Aegislash\n|move|p2b: Sneasler|Close Combat|p1b: Garchomp\n|-damage|p1b: Garchomp|42/100\n|-unboost|p2b: Sneasler|def|1\n|-unboost|p2b: Sneasler|spd|1\n|-damage|p2b: Sneasler|88/100|[from] ability: Rough Skin|[of] p1b: Garchomp\n|-enditem|p2b: Sneasler|White Herb\n|-clearnegativeboost|p2b: Sneasler|[silent]\n|move|p1b: Garchomp|Earthquake|p2a: Kingambit|[spread] p2a,p2b\n|-supereffective|p2a: Kingambit|1\n|-supereffective|p2b: Sneasler|1\n|-damage|p2a: Kingambit|26/100\n|-damage|p2b: Sneasler|0 fnt\n|faint|p2b: Sneasler\n|\n|upkeep\n|\n|t:|1776285254\n|switch|p2b: Charizard|Charizard-Mega-X, L50, M|26/100\n|turn|7\n|\n|t:|1776285259\n|move|p1b: Garchomp|Protect|p1b: Garchomp\n|-singleturn|p1b: Garchomp|Protect\n|move|p2a: Kingambit|Sucker Punch||[still]\n|-fail|p2a: Kingambit\n|move|p2b: Charizard|Dragon Claw|p1b: Garchomp\n|-activate|p1b: Garchomp|move: Protect\n|\n|upkeep\n|turn|8\n|\n|t:|1776285268\n|move|p2a: Kingambit|Sucker Punch|p1b: Garchomp\n|-damage|p1b: Garchomp|0 fnt\n|-damage|p2a: Kingambit|14/100|[from] ability: Rough Skin|[of] p1b: Garchomp\n|faint|p1b: Garchomp\n|\n|win|benjiapollo\n|raw|gnomoide's rating: 1195 &rarr; <strong>1172</strong><br />(-23 for losing)\n|raw|benjiapollo's rating: 1217 &rarr; <strong>1240</strong><br />(+23 for winning)\n|l|\u2606gnomoide\n|player|p1|\n",
  "uploadtime": 1776285275,
  "views": 24,
  "formatid": "gen9championsvgc2026regma",
  "rating": 1172,
  "private": 0,
  "password": null
}