{
  "id": "gen9championsvgc2026regma-2589562250",
  "format": "[Gen 9 Champions] VGC 2026 Reg M-A",
  "players": [
    "KugutsuB",
    "CleanCompetition"
  ],
  "log": "|j|\u2606KugutsuB\n|j|\u2606CleanCompetition\n|t:|1776734377\n|gametype|doubles\n|player|p1|KugutsuB|barry|1075\n|player|p2|CleanCompetition|1|1099\n|gen|9\n|tier|[Gen 9 Champions] VGC 2026 Reg M-A\n|rated|\n|rule|Species Clause: Limit one of each Pok\u00e9mon\n|rule|Item Clause: Limit 1 of each item\n|clearpoke\n|poke|p1|Hydrapple, L50, F|\n|poke|p1|Reuniclus, L50, M|\n|poke|p1|Sableye, L50, F|\n|poke|p1|Banette, L50, M|\n|poke|p1|Skeledirge, L50, M|\n|poke|p1|Garbodor, L50, M|\n|poke|p2|Froslass, L50, F|\n|poke|p2|Ninetales-Alola, L50, M|\n|poke|p2|Mamoswine, L50, F|\n|poke|p2|Vanilluxe, L50, M|\n|poke|p2|Mr. Rime, L50, F|\n|poke|p2|Crabominable, L50, M|\n|teampreview|4\n|c|\u2606CleanCompetition|Gl hf!\n|c|\u2606KugutsuB|same\n|inactive|Battle timer is ON: inactive players will automatically lose when time's up. (requested by KugutsuB)\n|c|\u2606KugutsuB|soooo ice\n|inactive|CleanCompetition has 60 seconds left.\n|c|\u2606CleanCompetition|Mmhm!\n|inactive|CleanCompetition has 30 seconds left.\n|inactive|CleanCompetition has 20 seconds left.\n|inactive|CleanCompetition has 15 seconds left.\n|\n|t:|1776734488\n|teamsize|p1|4\n|teamsize|p2|4\n|start\n|switch|p1a: Garbodor|Garbodor, L50, M|100/100\n|switch|p1b: Reuniclus|Reuniclus, L50, M|100/100\n|switch|p2a: A-9 Unit|Ninetales-Alola, L50, M|100/100\n|switch|p2b: Sir Bleezus VII|Mr. Rime, L50, F|100/100\n|-weather|Snowscape|[from] ability: Snow Warning|[of] p2a: A-9 Unit\n|turn|1\n|\n|t:|1776734500\n|move|p2a: A-9 Unit|Aurora Veil|p2a: A-9 Unit\n|-sidestart|p2: CleanCompetition|move: Aurora Veil\n|move|p1a: Garbodor|Gunk Shot|p2a: A-9 Unit\n|-supereffective|p2a: A-9 Unit|1\n|-damage|p2a: A-9 Unit|9/100\n|move|p2b: Sir Bleezus VII|Blizzard|p1b: Reuniclus|[spread] p1a,p1b\n|-damage|p1a: Garbodor|59/100\n|-damage|p1b: Reuniclus|68/100\n|move|p1b: Reuniclus|Trick Room|p1b: Reuniclus\n|-fieldstart|move: Trick Room|[of] p1b: Reuniclus\n|\n|-weather|Snowscape|[upkeep]\n|upkeep\n|turn|2\n|inactive|CleanCompetition has 30 seconds left.\n|\n|t:|1776734528\n|move|p2a: A-9 Unit|Protect|p2a: A-9 Unit\n|-singleturn|p2a: A-9 Unit|Protect\n|move|p1b: Reuniclus|Psychic|p2a: A-9 Unit\n|-activate|p2a: A-9 Unit|move: Protect\n|move|p2b: Sir Bleezus VII|Future Sight|p1b: Reuniclus\n|-start|p2b: Sir Bleezus VII|move: Future Sight\n|move|p1a: Garbodor|Drain Punch|p2b: Sir Bleezus VII\n|-damage|p2b: Sir Bleezus VII|87/100\n|-heal|p1a: Garbodor|66/100|[from] drain|[of] p2b: Sir Bleezus VII\n|\n|-weather|Snowscape|[upkeep]\n|upkeep\n|turn|3\n|inactive|CleanCompetition has 30 seconds left.\n|inactive|KugutsuB has 30 seconds left.\n|inactive|CleanCompetition has 20 seconds left.\n|\n|t:|1776734565\n|move|p1b: Reuniclus|Shadow Ball|p2b: Sir Bleezus VII\n|-supereffective|p2b: Sir Bleezus VII|1\n|-damage|p2b: Sir Bleezus VII|58/100\n|move|p2b: Sir Bleezus VII|Blizzard|p1b: Reuniclus|[spread] p1a,p1b\n|-damage|p1a: Garbodor|30/100\n|-damage|p1b: Reuniclus|39/100\n|move|p1a: Garbodor|Drain Punch|p2a: A-9 Unit\n|-damage|p2a: A-9 Unit|0 fnt\n|-heal|p1a: Garbodor|34/100|[from] drain|[of] p2a: A-9 Unit\n|faint|p2a: A-9 Unit\n|\n|-weather|Snowscape|[upkeep]\n|upkeep\n|\n|t:|1776734582\n|switch|p2a: Sc-oops|Vanilluxe, L50, M|100/100\n|turn|4\n|\n|t:|1776734601\n|switch|p1b: Banette|Banette, L50, M|100/100\n|-item|p2a: Sc-oops|Choice Scarf|[from] ability: Frisk|[of] p1b: Banette\n|-item|p2b: Sir Bleezus VII|Twisted Spoon|[from] ability: Frisk|[of] p1b: Banette\n|switch|p2a: Off Glass|Froslass, L50, F|100/100\n|move|p2b: Sir Bleezus VII|Blizzard|p1b: Banette|[spread] p1a,p1b\n|-damage|p1a: Garbodor|0 fnt\n|-damage|p1b: Banette|46/100\n|faint|p1a: Garbodor\n|\n|-weather|Snowscape|[upkeep]\n|-end|p1b: Banette|move: Future Sight\n|-damage|p1b: Banette|0 fnt\n|faint|p1b: Banette\n|upkeep\n|\n|t:|1776734616\n|switch|p1b: Reuniclus|Reuniclus, L50, M|72/100\n|switch|p1a: Skeledirge|Skeledirge, L50, M|100/100\n|turn|5\n|c|\u2606CleanCompetition|No Sableye.\n|inactive|CleanCompetition has 30 seconds left.\n|c|\u2606CleanCompetition|Interesting.\n|inactive|CleanCompetition has 20 seconds left.\n|inactive|CleanCompetition has 15 seconds left.\n|\n|t:|1776734658\n|detailschange|p2a: Off Glass|Froslass-Mega, L50, F\n|-mega|p2a: Off Glass|Froslass|Froslassite\n|move|p1b: Reuniclus|Shadow Ball|p2b: Sir Bleezus VII\n|-supereffective|p2b: Sir Bleezus VII|1\n|-damage|p2b: Sir Bleezus VII|29/100\n|move|p2b: Sir Bleezus VII|Blizzard|p1b: Reuniclus|[spread] p1a,p1b\n|-resisted|p1a: Skeledirge|1\n|-crit|p1a: Skeledirge\n|-damage|p1a: Skeledirge|73/100\n|-damage|p1b: Reuniclus|45/100\n|move|p1a: Skeledirge|Torch Song|p2a: Off Glass\n|-supereffective|p2a: Off Glass|1\n|-damage|p2a: Off Glass|33/100\n|-boost|p1a: Skeledirge|spa|1\n|move|p2a: Off Glass|Blizzard|p1a: Skeledirge|[spread] p1a,p1b\n|-resisted|p1a: Skeledirge|1\n|-damage|p1a: Skeledirge|51/100\n|-damage|p1b: Reuniclus|6/100\n|\n|-weather|none\n|-sideend|p2: CleanCompetition|move: Aurora Veil\n|-fieldend|move: Trick Room\n|upkeep\n|turn|6\n|inactive|KugutsuB has 30 seconds left.\n|inactive|CleanCompetition has 30 seconds left.\n|\n|t:|1776734685\n|switch|p2b: Sc-oops|Vanilluxe, L50, M|100/100\n|-weather|Snowscape|[from] ability: Snow Warning|[of] p2b: Sc-oops\n|move|p1b: Reuniclus|Protect|p1b: Reuniclus\n|-singleturn|p1b: Reuniclus|Protect\n|move|p2a: Off Glass|Destiny Bond|p2a: Off Glass\n|-singlemove|p2a: Off Glass|Destiny Bond\n|move|p1a: Skeledirge|Torch Song|p2a: Off Glass\n|-supereffective|p2a: Off Glass|1\n|-damage|p2a: Off Glass|0 fnt\n|-boost|p1a: Skeledirge|spa|1\n|faint|p2a: Off Glass\n|-activate|p2a: Off Glass|move: Destiny Bond\n|faint|p1a: Skeledirge\n|\n|-weather|Snowscape|[upkeep]\n|upkeep\n|c|\u2606KugutsuB|destiny bond is wild\n|\n|t:|1776734700\n|switch|p2a: Sir Bleezus VII|Mr. Rime, L50, F|29/100\n|turn|7\n|c|\u2606CleanCompetition|Good tech, though.\n|c|\u2606CleanCompetition|;)\n|c|\u2606KugutsuB|fr gg\n|\n|t:|1776734716\n|move|p2b: Sc-oops|Blizzard|p1b: Reuniclus\n|-damage|p1b: Reuniclus|0 fnt\n|faint|p1b: Reuniclus\n|\n|win|CleanCompetition\n|raw|KugutsuB's rating: 1075 &rarr; <strong>1055</strong><br />(-20 for losing)\n|raw|CleanCompetition's rating: 1099 &rarr; <strong>1122</strong><br />(+23 for winning)\n|c|\u2606CleanCompetition|Gg!\n",
  "uploadtime": 1776734723,
  "views": 3,
  "formatid": "gen9championsvgc2026regma",
  "rating": 1055,
  "private": 0,
  "password": null
}