{
  "id": "gen9championsvgc2026regma-2586402690",
  "format": "[Gen 9 Champions] VGC 2026 Reg M-A",
  "players": [
    "Elcamar",
    "HamKiss"
  ],
  "log": "|j|\u2606Elcamar\n|j|\u2606HamKiss\n|t:|1776432152\n|gametype|doubles\n|player|p1|Elcamar|1|1071\n|player|p2|HamKiss|crasherwake|1133\n|gen|9\n|tier|[Gen 9 Champions] VGC 2026 Reg M-A\n|rated|\n|rule|Species Clause: Limit one of each Pok\u00e9mon\n|rule|Item Clause: Limit 1 of each item\n|clearpoke\n|poke|p1|Dragonite, L50, M|\n|poke|p1|Ninetales-Alola, L50, M|\n|poke|p1|Aegislash, L50, M|\n|poke|p1|Gyarados, L50, M|\n|poke|p1|Spiritomb, L50, F|\n|poke|p1|Infernape, L50, M|\n|poke|p2|Charizard, L50, F|\n|poke|p2|Venusaur, L50, M|\n|poke|p2|Garchomp, L50, M|\n|poke|p2|Whimsicott, L50, F|\n|poke|p2|Kingambit, L50, M|\n|poke|p2|Incineroar, L50, F|\n|teampreview|4\n|\n|t:|1776432179\n|teamsize|p1|4\n|teamsize|p2|4\n|start\n|switch|p1a: Infernape|Infernape, L50, M|100/100\n|switch|p1b: Spiritomb|Spiritomb, L50, F|100/100\n|switch|p2a: Incineroar|Incineroar, L50, F|100/100\n|switch|p2b: Kingambit|Kingambit, L50, M|100/100\n|-ability|p2a: Incineroar|Intimidate|boost\n|-unboost|p1a: Infernape|atk|1\n|-unboost|p1b: Spiritomb|atk|1\n|turn|1\n|\n|t:|1776432203\n|move|p2b: Kingambit|Protect|p2b: Kingambit\n|-singleturn|p2b: Kingambit|Protect\n|move|p1a: Infernape|Upper Hand|p2a: Incineroar\n|-supereffective|p2a: Incineroar|1\n|-damage|p2a: Incineroar|71/100\n|cant|p2a: Incineroar|flinch\n|move|p1b: Spiritomb|Ally Switch|p1b: Spiritomb\n|swap|p1b: Spiritomb|0|[from] move: Ally Switch\n|\n|upkeep\n|turn|2\n|\n|t:|1776432237\n|switch|p2b: Charizard|Charizard, L50, F|100/100\n|move|p1b: Infernape|U-turn|p2a: Incineroar\n|-damage|p2a: Incineroar|59/100\n|\n|t:|1776432242\n|switch|p1b: Gyarados|Gyarados, L50, M, shiny|100/100|[from] U-turn\n|-ability|p1b: Gyarados|Intimidate|boost\n|-unboost|p2a: Incineroar|atk|1\n|-unboost|p2b: Charizard|atk|1\n|move|p2a: Incineroar|Parting Shot|p1b: Gyarados\n|-unboost|p1b: Gyarados|atk|1\n|-unboost|p1b: Gyarados|spa|1\n|\n|t:|1776432251\n|switch|p2a: Venusaur|Venusaur, L50, M|100/100|[from] Parting Shot\n|move|p1a: Spiritomb|Imprison|p1a: Spiritomb\n|-start|p1a: Spiritomb|move: Imprison\n|\n|upkeep\n|turn|3\n|\n|t:|1776432293\n|detailschange|p2b: Charizard|Charizard-Mega-Y, L50, F\n|-mega|p2b: Charizard|Charizard|Charizardite Y\n|-weather|SunnyDay|[from] ability: Drought|[of] p2b: Charizard\n|detailschange|p1b: Gyarados|Gyarados-Mega, L50, M, shiny\n|-mega|p1b: Gyarados|Gyarados|Gyaradosite\n|-ability|p1b: Gyarados|Mold Breaker\n|move|p1a: Spiritomb|Ally Switch|p1a: Spiritomb\n|swap|p1a: Spiritomb|1|[from] move: Ally Switch\n|move|p2a: Venusaur|Sleep Powder|p1b: Spiritomb\n|-status|p1b: Spiritomb|slp|[from] move: Sleep Powder\n|move|p2b: Charizard|Solar Beam||[still]\n|-prepare|p2b: Charizard|Solar Beam\n|-anim|p2b: Charizard|Solar Beam|p1b: Spiritomb\n|-damage|p1b: Spiritomb|62/100 slp\n|move|p1a: Gyarados|Waterfall|p2b: Charizard\n|-supereffective|p2b: Charizard|1\n|-damage|p2b: Charizard|54/100\n|\n|-weather|SunnyDay|[upkeep]\n|-heal|p1b: Spiritomb|67/100 slp|[from] item: Leftovers\n|upkeep\n|turn|4\n|\n|t:|1776432325\n|switch|p1b: Ninetales|Ninetales-Alola, L50, M|100/100\n|-weather|Snowscape|[from] ability: Snow Warning|[of] p1b: Ninetales\n|move|p1a: Gyarados|Protect|p1a: Gyarados\n|-singleturn|p1a: Gyarados|Protect\n|move|p2b: Charizard|Solar Beam||[still]\n|-prepare|p2b: Charizard|Solar Beam\n|move|p2a: Venusaur|Sleep Powder|p1a: Gyarados\n|-activate|p1a: Gyarados|move: Protect\n|\n|-weather|Snowscape|[upkeep]\n|upkeep\n|turn|5\n|\n|t:|1776432350\n|switch|p1a: Spiritomb|Spiritomb, L50, F|67/100 slp\n|switch|p2a: Incineroar|Incineroar, L50, F|59/100\n|-ability|p2a: Incineroar|Intimidate|boost\n|-unboost|p1a: Spiritomb|atk|1\n|-unboost|p1b: Ninetales|atk|1\n|move|p1b: Ninetales|Icy Wind|p2b: Charizard|[spread] p2a,p2b\n|-resisted|p2a: Incineroar|1\n|-damage|p2a: Incineroar|54/100\n|-damage|p2b: Charizard|42/100\n|-unboost|p2a: Incineroar|spe|1\n|-unboost|p2b: Charizard|spe|1\n|move|p2b: Charizard|Solar Beam|p1a: Spiritomb|[from] lockedmove\n|-damage|p1a: Spiritomb|47/100 slp\n|\n|-weather|Snowscape|[upkeep]\n|-heal|p1a: Spiritomb|53/100 slp|[from] item: Leftovers\n|upkeep\n|turn|6\n|\n|t:|1776432387\n|switch|p1b: Gyarados|Gyarados-Mega, L50, M, shiny|100/100\n|-ability|p1b: Gyarados|Mold Breaker\n|switch|p2b: Kingambit|Kingambit, L50, M|100/100\n|cant|p1a: Spiritomb|slp\n|move|p2a: Incineroar|Flare Blitz|p1b: Gyarados\n|-resisted|p1b: Gyarados|1\n|-damage|p1b: Gyarados|79/100\n|-damage|p2a: Incineroar|48/100|[from] Recoil\n|-enditem|p2a: Incineroar|Sitrus Berry|[eat]\n|-heal|p2a: Incineroar|73/100|[from] item: Sitrus Berry\n|\n|-weather|Snowscape|[upkeep]\n|-heal|p1a: Spiritomb|58/100 slp|[from] item: Leftovers\n|upkeep\n|turn|7\n|\n|t:|1776432410\n|-curestatus|p1a: Spiritomb|slp|[msg]\n|move|p1a: Spiritomb|Ally Switch|p1a: Spiritomb\n|swap|p1a: Spiritomb|1|[from] move: Ally Switch\n|move|p1a: Gyarados|Dragon Dance|p1a: Gyarados\n|-boost|p1a: Gyarados|atk|1\n|-boost|p1a: Gyarados|spe|1\n|move|p2b: Kingambit|Kowtow Cleave|p1a: Gyarados\n|-resisted|p1a: Gyarados|1\n|-damage|p1a: Gyarados|49/100\n|move|p2a: Incineroar|Parting Shot|p1b: Spiritomb\n|-unboost|p1b: Spiritomb|atk|1\n|-unboost|p1b: Spiritomb|spa|1\n|\n|t:|1776432422\n|switch|p2a: Charizard|Charizard-Mega-Y, L50, F|42/100|[from] Parting Shot\n|-weather|SunnyDay|[from] ability: Drought|[of] p2a: Charizard\n|\n|-weather|SunnyDay|[upkeep]\n|-heal|p1b: Spiritomb|64/100|[from] item: Leftovers\n|upkeep\n|turn|8\n|\n|t:|1776432450\n|switch|p1b: Ninetales|Ninetales-Alola, L50, M|100/100\n|-weather|Snowscape|[from] ability: Snow Warning|[of] p1b: Ninetales\n|move|p2b: Kingambit|Sucker Punch|p1a: Gyarados\n|-resisted|p1a: Gyarados|1\n|-damage|p1a: Gyarados|23/100\n|move|p1a: Gyarados|Waterfall|p2a: Charizard\n|-supereffective|p2a: Charizard|1\n|-damage|p2a: Charizard|0 fnt\n|faint|p2a: Charizard\n|\n|-weather|Snowscape|[upkeep]\n|upkeep\n|\n|t:|1776432461\n|switch|p2a: Incineroar|Incineroar, L50, F|73/100\n|-ability|p2a: Incineroar|Intimidate|boost\n|-unboost|p1a: Gyarados|atk|1\n|-unboost|p1b: Ninetales|atk|1\n|turn|9\n|\n|t:|1776432495\n|move|p2a: Incineroar|Fake Out|p1a: Gyarados\n|-damage|p1a: Gyarados|13/100\n|cant|p1a: Gyarados|flinch\n|move|p1b: Ninetales|Aurora Veil|p1b: Ninetales\n|-sidestart|p1: Elcamar|move: Aurora Veil\n|move|p2b: Kingambit|Iron Head|p1b: Ninetales\n|-supereffective|p1b: Ninetales|2\n|-crit|p1b: Ninetales\n|-damage|p1b: Ninetales|0 fnt\n|faint|p1b: Ninetales\n|\n|-weather|Snowscape|[upkeep]\n|upkeep\n|\n|t:|1776432517\n|switch|p1b: Spiritomb|Spiritomb, L50, F|64/100\n|turn|10\n|\n|t:|1776432539\n|move|p2a: Incineroar|Protect|p2a: Incineroar\n|-singleturn|p2a: Incineroar|Protect\n|move|p1b: Spiritomb|Ally Switch|p1b: Spiritomb\n|swap|p1b: Spiritomb|0|[from] move: Ally Switch\n|move|p2b: Kingambit|Sucker Punch||[still]\n|-fail|p2b: Kingambit\n|move|p1b: Gyarados|Dragon Dance|p1b: Gyarados\n|-boost|p1b: Gyarados|atk|1\n|-boost|p1b: Gyarados|spe|1\n|\n|-weather|Snowscape|[upkeep]\n|-heal|p1a: Spiritomb|70/100|[from] item: Leftovers\n|upkeep\n|turn|11\n|\n|t:|1776432556\n|move|p1b: Gyarados|Protect|p1b: Gyarados\n|-singleturn|p1b: Gyarados|Protect\n|move|p2b: Kingambit|Sucker Punch||[still]\n|-fail|p2b: Kingambit\n|move|p2a: Incineroar|Parting Shot|p1a: Spiritomb\n|-unboost|p1a: Spiritomb|atk|1\n|-unboost|p1a: Spiritomb|spa|1\n|\n|t:|1776432565\n|switch|p2a: Venusaur|Venusaur, L50, M|100/100|[from] Parting Shot\n|move|p1a: Spiritomb|Imprison|p1a: Spiritomb\n|-start|p1a: Spiritomb|move: Imprison\n|\n|-weather|Snowscape|[upkeep]\n|-heal|p1a: Spiritomb|76/100|[from] item: Leftovers\n|upkeep\n|turn|12\n|\n|t:|1776432595\n|move|p1a: Spiritomb|Ally Switch|p1a: Spiritomb\n|swap|p1a: Spiritomb|1|[from] move: Ally Switch\n|move|p2b: Kingambit|Sucker Punch||[still]\n|-fail|p2b: Kingambit\n|move|p1a: Gyarados|Waterfall|p2b: Kingambit\n|-damage|p2b: Kingambit|44/100\n|move|p2a: Venusaur|Sleep Powder|p1b: Spiritomb\n|-status|p1b: Spiritomb|slp|[from] move: Sleep Powder\n|\n|-weather|none\n|-heal|p1b: Spiritomb|81/100 slp|[from] item: Leftovers\n|upkeep\n|turn|13\n|\n|t:|1776432629\n|switch|p2b: Incineroar|Incineroar, L50, F|73/100\n|-ability|p2b: Incineroar|Intimidate|boost\n|-unboost|p1a: Gyarados|atk|1\n|-unboost|p1b: Spiritomb|atk|1\n|move|p1a: Gyarados|Protect|p1a: Gyarados\n|-singleturn|p1a: Gyarados|Protect\n|move|p2a: Venusaur|Sleep Powder|p1a: Gyarados\n|-activate|p1a: Gyarados|move: Protect\n|cant|p1b: Spiritomb|slp\n|\n|-heal|p1b: Spiritomb|87/100 slp|[from] item: Leftovers\n|-sideend|p1: Elcamar|move: Aurora Veil\n|upkeep\n|turn|14\n|\n|t:|1776432661\n|switch|p1a: Infernape|Infernape, L50, M|100/100\n|move|p2b: Incineroar|Fake Out|p1a: Infernape\n|-damage|p1a: Infernape|85/100\n|cant|p1b: Spiritomb|slp\n|move|p2a: Venusaur|Sludge Bomb|p1b: Spiritomb\n|-resisted|p1b: Spiritomb|1\n|-damage|p1b: Spiritomb|69/100 slp\n|\n|-heal|p1b: Spiritomb|75/100 slp|[from] item: Leftovers\n|upkeep\n|turn|15\n|\n|t:|1776432694\n|-curestatus|p1b: Spiritomb|slp|[msg]\n|move|p1b: Spiritomb|Ally Switch|p1b: Spiritomb\n|swap|p1b: Spiritomb|0|[from] move: Ally Switch\n|move|p1b: Infernape|Fire Punch|p2a: Venusaur\n|-supereffective|p2a: Venusaur|1\n|-enditem|p2a: Venusaur|Focus Sash\n|-damage|p2a: Venusaur|1/100\n|move|p2a: Venusaur|Sleep Powder|p1a: Spiritomb\n|-status|p1a: Spiritomb|slp|[from] move: Sleep Powder\n|move|p2b: Incineroar|Flare Blitz|p1b: Infernape\n|-resisted|p1b: Infernape|1\n|-crit|p1b: Infernape\n|-damage|p1b: Infernape|34/100\n|-damage|p2b: Incineroar|60/100|[from] Recoil\n|\n|-heal|p1a: Spiritomb|81/100 slp|[from] item: Leftovers\n|upkeep\n|turn|16\n|\n|t:|1776432720\n|move|p1b: Infernape|U-turn|p2a: Venusaur\n|-damage|p2a: Venusaur|0 fnt\n|faint|p2a: Venusaur\n|\n|t:|1776432725\n|switch|p1b: Gyarados|Gyarados-Mega, L50, M, shiny|13/100|[from] U-turn\n|-ability|p1b: Gyarados|Mold Breaker\n|move|p2b: Incineroar|Flare Blitz|p1b: Gyarados\n|-resisted|p1b: Gyarados|1\n|-damage|p1b: Gyarados|0 fnt\n|faint|p1b: Gyarados\n|-damage|p2b: Incineroar|57/100|[from] Recoil\n|cant|p1a: Spiritomb|slp\n|\n|-heal|p1a: Spiritomb|86/100 slp|[from] item: Leftovers\n|upkeep\n|\n|t:|1776432739\n|switch|p1b: Infernape|Infernape, L50, M|34/100\n|switch|p2a: Kingambit|Kingambit, L50, M|44/100\n|turn|17\n|\n|t:|1776432766\n|cant|p1a: Spiritomb|slp\n|move|p2a: Kingambit|Sucker Punch|p1b: Infernape\n|-resisted|p1b: Infernape|1\n|-damage|p1b: Infernape|0 fnt\n|faint|p1b: Infernape\n|move|p2b: Incineroar|Flare Blitz|p1a: Spiritomb\n|-damage|p1a: Spiritomb|46/100 slp\n|-damage|p2b: Incineroar|47/100|[from] Recoil\n|\n|-heal|p1a: Spiritomb|51/100 slp|[from] item: Leftovers\n|upkeep\n|turn|18\n|\n|t:|1776432780\n|-curestatus|p1a: Spiritomb|slp|[msg]\n|move|p1a: Spiritomb|Protect|p1a: Spiritomb\n|-singleturn|p1a: Spiritomb|Protect\n|move|p2a: Kingambit|Kowtow Cleave|p1a: Spiritomb\n|-activate|p1a: Spiritomb|move: Protect\n|move|p2b: Incineroar|Flare Blitz|p1a: Spiritomb\n|-activate|p1a: Spiritomb|move: Protect\n|\n|-heal|p1a: Spiritomb|57/100|[from] item: Leftovers\n|upkeep\n|turn|19\n|\n|t:|1776432802\n|move|p2a: Kingambit|Kowtow Cleave|p1a: Spiritomb\n|-damage|p1a: Spiritomb|4/100\n|move|p2b: Incineroar|Flare Blitz|p1a: Spiritomb\n|-damage|p1a: Spiritomb|0 fnt\n|faint|p1a: Spiritomb\n|-damage|p2b: Incineroar|46/100|[from] Recoil\n|\n|win|HamKiss\n|raw|Elcamar's rating: 1071 &rarr; <strong>1054</strong><br />(-17 for losing)\n|raw|HamKiss's rating: 1133 &rarr; <strong>1154</strong><br />(+21 for winning)\n",
  "uploadtime": 1776432909,
  "views": 27,
  "formatid": "gen9championsvgc2026regma",
  "rating": 1054,
  "private": 0,
  "password": null
}