{
  "id": "gen9championsvgc2026regma-2584329067",
  "format": "[Gen 9 Champions] VGC 2026 Reg M-A",
  "players": [
    "ChampionsmatchVGC",
    "ohko_muk"
  ],
  "log": "|j|\u2606ChampionsmatchVGC\n|j|\u2606ohko_muk\n|t:|1776251809\n|gametype|doubles\n|player|p1|ChampionsmatchVGC|gardenia|1622\n|player|p2|ohko_muk|gambler|1561\n|gen|9\n|tier|[Gen 9 Champions] VGC 2026 Reg M-A\n|rated|\n|rule|Species Clause: Limit one of each Pok\u00e9mon\n|rule|Item Clause: Limit 1 of each item\n|clearpoke\n|poke|p1|Garchomp, L50, F|\n|poke|p1|Delphox, L50, F|\n|poke|p1|Floette-Eternal, L50, F|\n|poke|p1|Kingambit, L50, M|\n|poke|p1|Basculegion, L50, M|\n|poke|p1|Talonflame, L50, F|\n|poke|p2|Farigiraf, L50, M|\n|poke|p2|Blastoise, L50, F|\n|poke|p2|Bellibolt, L50, M|\n|poke|p2|Mamoswine, L50, F|\n|poke|p2|Delphox, L50, F|\n|poke|p2|Whimsicott, L50, F|\n|teampreview|4\n|j| Hornet_72\n|inactive|Battle timer is ON: inactive players will automatically lose when time's up. (requested by ChampionsmatchVGC)\n|\n|t:|1776251866\n|teamsize|p1|4\n|teamsize|p2|4\n|start\n|switch|p1a: Talonflame|Talonflame, L50, F|100/100\n|switch|p1b: Delphox|Delphox, L50, F|100/100\n|switch|p2a: Farigiraf|Farigiraf, L50, M|100/100\n|switch|p2b: Blastoise|Blastoise, L50, F|100/100\n|turn|1\n|\n|t:|1776251886\n|detailschange|p1b: Delphox|Delphox-Mega, L50, F\n|-mega|p1b: Delphox|Delphox|Delphoxite\n|detailschange|p2b: Blastoise|Blastoise-Mega, L50, F\n|-mega|p2b: Blastoise|Blastoise|Blastoisinite\n|move|p2b: Blastoise|Fake Out|p1b: Delphox\n|-damage|p1b: Delphox|87/100\n|cant|p1b: Delphox|flinch\n|move|p1a: Talonflame|Sunny Day|p1a: Talonflame\n|-weather|SunnyDay\n|move|p2a: Farigiraf|Trick Room|p2a: Farigiraf\n|-fieldstart|move: Trick Room|[of] p2a: Farigiraf\n|\n|-weather|SunnyDay|[upkeep]\n|upkeep\n|turn|2\n|\n|t:|1776251902\n|move|p1a: Talonflame|Dual Wingbeat||[still]\n|cant|p2a: Farigiraf|ability: Armor Tail|Dual Wingbeat|[of] p1a: Talonflame\n|move|p2a: Farigiraf|Rain Dance|p2a: Farigiraf\n|-weather|RainDance\n|move|p2b: Blastoise|Water Spout|p1b: Delphox|[spread] p1a,p1b\n|-supereffective|p1a: Talonflame|1\n|-supereffective|p1b: Delphox|1\n|-damage|p1a: Talonflame|0 fnt\n|-damage|p1b: Delphox|0 fnt\n|faint|p1a: Talonflame\n|faint|p1b: Delphox\n|\n|-weather|RainDance|[upkeep]\n|upkeep\n|\n|t:|1776251908\n|switch|p1a: Kingambit|Kingambit, L50, M|100/100\n|switch|p1b: Basculegion|Basculegion, L50, M|100/100\n|turn|3\n|\n|t:|1776251917\n|move|p1b: Basculegion|Protect|p1b: Basculegion\n|-singleturn|p1b: Basculegion|Protect\n|move|p1a: Kingambit|Low Kick|p2b: Blastoise\n|-damage|p2b: Blastoise|68/100\n|move|p2a: Farigiraf|Hyper Voice|p1a: Kingambit|[spread] p1a\n|-activate|p1b: Basculegion|move: Protect\n|-resisted|p1a: Kingambit|1\n|-damage|p1a: Kingambit|80/100\n|move|p2b: Blastoise|Dark Pulse|p1b: Basculegion\n|-activate|p1b: Basculegion|move: Protect\n|\n|-weather|RainDance|[upkeep]\n|upkeep\n|turn|4\n|j| pangpokemon666\n|\n|t:|1776251927\n|move|p1a: Kingambit|Low Kick|p2b: Blastoise\n|-damage|p2b: Blastoise|34/100\n|move|p2a: Farigiraf|Hyper Voice|p1b: Basculegion|[spread] p1a\n|-immune|p1b: Basculegion\n|-resisted|p1a: Kingambit|1\n|-damage|p1a: Kingambit|59/100\n|move|p2b: Blastoise|Dark Pulse|p1b: Basculegion\n|-supereffective|p1b: Basculegion|1\n|-enditem|p1b: Basculegion|Focus Sash\n|-damage|p1b: Basculegion|1/100\n|move|p1b: Basculegion|Liquidation|p2a: Farigiraf\n|-damage|p2a: Farigiraf|12/100\n|\n|-weather|RainDance|[upkeep]\n|upkeep\n|turn|5\n|\n|t:|1776251943\n|move|p1b: Basculegion|Protect|p1b: Basculegion\n|-singleturn|p1b: Basculegion|Protect\n|move|p1a: Kingambit|Sucker Punch||[still]\n|cant|p2a: Farigiraf|ability: Armor Tail|Sucker Punch|[of] p1a: Kingambit\n|move|p2a: Farigiraf|Psychic|p1b: Basculegion\n|-activate|p1b: Basculegion|move: Protect\n|move|p2b: Blastoise|Muddy Water|p1a: Kingambit|[spread] p1a\n|-activate|p1b: Basculegion|move: Protect\n|-damage|p1a: Kingambit|0 fnt\n|faint|p1a: Kingambit\n|\n|-weather|RainDance|[upkeep]\n|-fieldend|move: Trick Room\n|upkeep\n|turn|6\n|-message|ChampionsmatchVGC forfeited.\n|\n|win|ohko_muk\n|raw|ChampionsmatchVGC's rating: 1622 &rarr; <strong>1599</strong><br />(-23 for losing)\n|raw|ohko_muk's rating: 1561 &rarr; <strong>1584</strong><br />(+23 for winning)\n|l|\u2606ChampionsmatchVGC\n|player|p1|\n|l| pangpokemon666\n",
  "uploadtime": 1776252324,
  "views": 160,
  "formatid": "gen9championsvgc2026regma",
  "rating": 1584,
  "private": 0,
  "password": null
}