{
  "id": "gen9championsvgc2026regma-2587017126",
  "format": "[Gen 9 Champions] VGC 2026 Reg M-A",
  "players": [
    "Ncd123",
    "h2obama"
  ],
  "log": "|j|\u2606Ncd123\n|j|\u2606h2obama\n|t:|1776481631\n|gametype|doubles\n|player|p1|Ncd123|170|1172\n|player|p2|h2obama|2|1144\n|gen|9\n|tier|[Gen 9 Champions] VGC 2026 Reg M-A\n|rated|\n|rule|Species Clause: Limit one of each Pok\u00e9mon\n|rule|Item Clause: Limit 1 of each item\n|clearpoke\n|poke|p1|Victreebel, L50, F|\n|poke|p1|Milotic, L50, F|\n|poke|p1|Incineroar, L50, M|\n|poke|p1|Garchomp, L50, F|\n|poke|p1|Sneasler, L50, M|\n|poke|p1|Ninetales-Alola, L50, F|\n|poke|p2|Garchomp, L50, M|\n|poke|p2|Rotom-Heat, L50|\n|poke|p2|Basculegion, L50, M|\n|poke|p2|Pinsir, L50, F|\n|poke|p2|Archaludon, L50, F|\n|poke|p2|Sableye, L50, M|\n|teampreview|4\n|\n|t:|1776481667\n|teamsize|p1|4\n|teamsize|p2|4\n|start\n|switch|p1a: Incineroar|Incineroar, L50, M|100/100\n|switch|p1b: Sneasler|Sneasler, L50, M|100/100\n|switch|p2a: Sableye|Sableye, L50, M|100/100\n|switch|p2b: Basculegion|Basculegion, L50, M|100/100\n|-ability|p1a: Incineroar|Intimidate|boost\n|-unboost|p2a: Sableye|atk|1\n|-unboost|p2b: Basculegion|atk|1\n|turn|1\n|\n|t:|1776481683\n|move|p2a: Sableye|Fake Out|p1b: Sneasler\n|-damage|p1b: Sneasler|93/100\n|move|p2b: Basculegion|Flip Turn|p1a: Incineroar\n|-supereffective|p1a: Incineroar|1\n|-damage|p1a: Incineroar|48/100\n|-enditem|p1a: Incineroar|Sitrus Berry|[eat]\n|-heal|p1a: Incineroar|72/100|[from] item: Sitrus Berry\n|\n|t:|1776481697\n|switch|p2b: Archaludon|Archaludon, L50, F|100/100|[from] Flip Turn\n|cant|p1b: Sneasler|flinch\n|move|p1a: Incineroar|Darkest Lariat|p2b: Archaludon\n|-damage|p2b: Archaludon|73/100\n|\n|upkeep\n|turn|2\n|\n|t:|1776481730\n|move|p2a: Sableye|Quash|p1b: Sneasler\n|-activate|p1b: Sneasler|move: Quash\n|move|p2b: Archaludon|Draco Meteor|p1b: Sneasler\n|-damage|p1b: Sneasler|4/100\n|-unboost|p2b: Archaludon|spa|2\n|move|p1a: Incineroar|Parting Shot|p2b: Archaludon\n|-unboost|p2b: Archaludon|atk|1\n|-unboost|p2b: Archaludon|spa|1\n|\n|t:|1776481742\n|switch|p1a: Garchomp|Garchomp, L50, F|100/100|[from] Parting Shot\n|move|p1b: Sneasler|Dire Claw|p2a: Sableye\n|-resisted|p2a: Sableye|1\n|-damage|p2a: Sableye|69/100\n|\n|upkeep\n|turn|3\n|\n|t:|1776481763\n|switch|p2b: Rotom|Rotom-Heat, L50|100/100\n|move|p1b: Sneasler|Protect|p1b: Sneasler\n|-singleturn|p1b: Sneasler|Protect\n|move|p1a: Garchomp|Earthquake|p2b: Rotom|[spread] p2a\n|-activate|p1b: Sneasler|move: Protect\n|-immune|p2b: Rotom|[from] ability: Levitate\n|-damage|p2a: Sableye|15/100\n|move|p2a: Sableye|Foul Play|p1b: Sneasler\n|-activate|p1b: Sneasler|move: Protect\n|\n|upkeep\n|turn|4\n|\n|t:|1776481786\n|move|p1b: Sneasler|Protect||[still]\n|-fail|p1b: Sneasler\n|move|p2a: Sableye|Rain Dance|p2a: Sableye\n|-weather|RainDance\n|move|p1a: Garchomp|Earthquake|p2a: Sableye|[spread] p1b,p2a\n|-immune|p2b: Rotom|[from] ability: Levitate\n|-supereffective|p1b: Sneasler|1\n|-damage|p1b: Sneasler|0 fnt\n|-damage|p2a: Sableye|0 fnt\n|faint|p1b: Sneasler\n|faint|p2a: Sableye\n|move|p2b: Rotom|Volt Switch|p1a: Garchomp\n|-immune|p1a: Garchomp\n|\n|-weather|RainDance|[upkeep]\n|upkeep\n|\n|t:|1776481799\n|switch|p1b: Ninetales|Ninetales-Alola, L50, F|100/100\n|switch|p2a: Archaludon|Archaludon, L50, F|73/100\n|-weather|Snowscape|[from] ability: Snow Warning|[of] p1b: Ninetales\n|turn|5\n|\n|t:|1776481810\n|move|p1b: Ninetales|Protect|p1b: Ninetales\n|-singleturn|p1b: Ninetales|Protect\n|move|p2a: Archaludon|Protect|p2a: Archaludon\n|-singleturn|p2a: Archaludon|Protect\n|move|p1a: Garchomp|Earthquake|p2a: Archaludon|[spread] \n|-activate|p1b: Ninetales|move: Protect\n|-activate|p2a: Archaludon|move: Protect\n|-immune|p2b: Rotom|[from] ability: Levitate\n|move|p2b: Rotom|Overheat|p1b: Ninetales\n|-activate|p1b: Ninetales|move: Protect\n|\n|-weather|Snowscape|[upkeep]\n|upkeep\n|turn|6\n|\n|t:|1776481834\n|switch|p1a: Incineroar|Incineroar, L50, M|72/100\n|-ability|p1a: Incineroar|Intimidate|boost\n|-unboost|p2a: Archaludon|atk|1\n|-unboost|p2b: Rotom|atk|1\n|move|p2b: Rotom|Overheat|p1b: Ninetales\n|-supereffective|p1b: Ninetales|1\n|-enditem|p1b: Ninetales|Focus Sash\n|-damage|p1b: Ninetales|1/100\n|-unboost|p2b: Rotom|spa|2\n|move|p1b: Ninetales|Blizzard|p2b: Rotom|[spread] p2a,p2b\n|-resisted|p2b: Rotom|1\n|-damage|p2a: Archaludon|39/100\n|-damage|p2b: Rotom|81/100\n|move|p2a: Archaludon|Draco Meteor|p1a: Incineroar\n|-damage|p1a: Incineroar|24/100\n|-unboost|p2a: Archaludon|spa|2\n|\n|-weather|Snowscape|[upkeep]\n|upkeep\n|turn|7\n|\n|t:|1776481862\n|move|p2b: Rotom|Protect|p2b: Rotom\n|-singleturn|p2b: Rotom|Protect\n|move|p2a: Archaludon|Protect|p2a: Archaludon\n|-singleturn|p2a: Archaludon|Protect\n|move|p1a: Incineroar|Fake Out|p2b: Rotom\n|-activate|p2b: Rotom|move: Protect\n|move|p1b: Ninetales|Blizzard|p2b: Rotom|[spread] \n|-activate|p2a: Archaludon|move: Protect\n|-activate|p2b: Rotom|move: Protect\n|\n|-weather|Snowscape|[upkeep]\n|upkeep\n|turn|8\n|\n|t:|1776481891\n|move|p1b: Ninetales|Protect|p1b: Ninetales\n|-singleturn|p1b: Ninetales|Protect\n|move|p2b: Rotom|Volt Switch|p1b: Ninetales\n|-activate|p1b: Ninetales|move: Protect\n|move|p2a: Archaludon|Draco Meteor|p1a: Incineroar\n|-damage|p1a: Incineroar|0 fnt\n|-unboost|p2a: Archaludon|spa|2\n|faint|p1a: Incineroar\n|\n|-weather|Snowscape|[upkeep]\n|upkeep\n|\n|t:|1776481901\n|switch|p1a: Garchomp|Garchomp, L50, F|100/100\n|turn|9\n|\n|t:|1776481911\n|move|p2a: Archaludon|Protect|p2a: Archaludon\n|-singleturn|p2a: Archaludon|Protect\n|move|p1a: Garchomp|Dragon Claw|p2b: Rotom\n|-damage|p2b: Rotom|32/100\n|-enditem|p2b: Rotom|Sitrus Berry|[eat]\n|-heal|p2b: Rotom|57/100|[from] item: Sitrus Berry\n|move|p1b: Ninetales|Blizzard|p2b: Rotom|[spread] p2b\n|-activate|p2a: Archaludon|move: Protect\n|-resisted|p2b: Rotom|1\n|-damage|p2b: Rotom|37/100\n|move|p2b: Rotom|Volt Switch|p1b: Ninetales\n|-damage|p1b: Ninetales|0 fnt\n|faint|p1b: Ninetales\n|\n|t:|1776481927\n|switch|p2b: Basculegion|Basculegion, L50, M|100/100|[from] Volt Switch\n|\n|-weather|none\n|upkeep\n|turn|10\n|\n|t:|1776481936\n|move|p1a: Garchomp|Dragon Claw|p2a: Archaludon\n|-damage|p2a: Archaludon|8/100\n|move|p2b: Basculegion|Last Respects|p1a: Garchomp\n|-damage|p1a: Garchomp|40/100\n|move|p2a: Archaludon|Draco Meteor|p1a: Garchomp\n|-supereffective|p1a: Garchomp|1\n|-damage|p1a: Garchomp|0 fnt\n|-unboost|p2a: Archaludon|spa|2\n|faint|p1a: Garchomp\n|\n|win|h2obama\n|raw|Ncd123's rating: 1172 &rarr; <strong>1145</strong><br />(-27 for losing)\n|raw|h2obama's rating: 1144 &rarr; <strong>1171</strong><br />(+27 for winning)\n|l|\u2606Ncd123\n|player|p1|\n",
  "uploadtime": 1776481952,
  "views": 30,
  "formatid": "gen9championsvgc2026regma",
  "rating": 1145,
  "private": 0,
  "password": null
}