{
  "id": "gen9championsvgc2026regma-2587964862",
  "format": "[Gen 9 Champions] VGC 2026 Reg M-A",
  "players": [
    "BrightPaladin1234",
    "Macchio"
  ],
  "log": "|j|\u2606BrightPaladin1234\n|j|\u2606Macchio\n|t:|1776585788\n|gametype|doubles\n|player|p1|BrightPaladin1234|grimsley|1320\n|player|p2|Macchio|giovanni|1349\n|gen|9\n|tier|[Gen 9 Champions] VGC 2026 Reg M-A\n|rated|\n|rule|Species Clause: Limit one of each Pok\u00e9mon\n|rule|Item Clause: Limit 1 of each item\n|clearpoke\n|poke|p1|Charizard, L50, M|\n|poke|p1|Sneasler, L50, F|\n|poke|p1|Basculegion, L50, M|\n|poke|p1|Garchomp, L50, M|\n|poke|p1|Incineroar, L50, M|\n|poke|p1|Venusaur, L50, M|\n|poke|p2|Golurk, L50|\n|poke|p2|Farigiraf, L50, F|\n|poke|p2|Incineroar, L50, F|\n|poke|p2|Torkoal, L50, F|\n|poke|p2|Sneasler, L50, F|\n|poke|p2|Venusaur, L50, M|\n|teampreview|4\n|inactive|Battle timer is ON: inactive players will automatically lose when time's up. (requested by Macchio)\n|\n|t:|1776585830\n|teamsize|p1|4\n|teamsize|p2|4\n|start\n|switch|p1a: Charizard|Charizard, L50, M|100/100\n|switch|p1b: Sneasler|Sneasler, L50, F|100/100\n|switch|p2a: Incineroar|Incineroar, L50, F|100/100\n|switch|p2b: Farigiraf|Farigiraf, L50, F|100/100\n|-ability|p2a: Incineroar|Intimidate|boost\n|-unboost|p1a: Charizard|atk|1\n|-unboost|p1b: Sneasler|atk|1\n|-enditem|p1b: Sneasler|White Herb\n|-clearnegativeboost|p1b: Sneasler|[silent]\n|turn|1\n|\n|t:|1776585852\n|switch|p1b: Basculegion|Basculegion, L50, M|100/100\n|detailschange|p1a: Charizard|Charizard-Mega-Y, L50, M\n|-mega|p1a: Charizard|Charizard|Charizardite Y\n|-weather|SunnyDay|[from] ability: Drought|[of] p1a: Charizard\n|move|p2a: Incineroar|Fake Out|p1a: Charizard\n|-damage|p1a: Charizard|89/100\n|cant|p1a: Charizard|flinch\n|move|p2b: Farigiraf|Trick Room|p2b: Farigiraf\n|-fieldstart|move: Trick Room|[of] p2b: Farigiraf\n|\n|-weather|SunnyDay|[upkeep]\n|upkeep\n|turn|2\n|inactive|Macchio has 30 seconds left.\n|inactive|Macchio has 20 seconds left.\n|inactive|Macchio has 15 seconds left.\n|inactive|Macchio has 10 seconds left.\n|inactive|Macchio has 5 seconds left.\n|\n|t:|1776585906\n|switch|p1b: Incineroar|Incineroar, L50, M|100/100\n|-ability|p1b: Incineroar|Intimidate|boost\n|-unboost|p2a: Incineroar|atk|1\n|-unboost|p2b: Farigiraf|atk|1\n|move|p2b: Farigiraf|Psychic|p1a: Charizard\n|-damage|p1a: Charizard|49/100\n|move|p2a: Incineroar|Parting Shot|p1a: Charizard\n|-unboost|p1a: Charizard|atk|1\n|-unboost|p1a: Charizard|spa|1\n|\n|t:|1776585916\n|switch|p2a: Golurk|Golurk, L50|100/100|[from] Parting Shot\n|move|p1a: Charizard|Weather Ball|p2b: Farigiraf\n|-damage|p2b: Farigiraf|39/100\n|-enditem|p2b: Farigiraf|Sitrus Berry|[eat]\n|-heal|p2b: Farigiraf|64/100|[from] item: Sitrus Berry\n|\n|-weather|SunnyDay|[upkeep]\n|upkeep\n|turn|3\n|inactive|Macchio has 30 seconds left.\n|inactive|Macchio has 20 seconds left.\n|inactive|Macchio has 15 seconds left.\n|inactive|Macchio has 10 seconds left.\n|\n|t:|1776585966\n|switch|p2b: Incineroar|Incineroar, L50, F|100/100\n|-ability|p2b: Incineroar|Intimidate|boost\n|-unboost|p1a: Charizard|atk|1\n|-unboost|p1b: Incineroar|atk|1\n|switch|p1a: Basculegion|Basculegion, L50, M|100/100\n|detailschange|p2a: Golurk|Golurk-Mega, L50\n|-mega|p2a: Golurk|Golurk|Golurkite\n|move|p2a: Golurk|Headlong Rush|p1b: Incineroar\n|-supereffective|p1b: Incineroar|1\n|-damage|p1b: Incineroar|0 fnt\n|-unboost|p2a: Golurk|def|1\n|-unboost|p2a: Golurk|spd|1\n|faint|p1b: Incineroar\n|\n|-weather|SunnyDay|[upkeep]\n|upkeep\n|\n|t:|1776585982\n|switch|p1b: Sneasler|Sneasler, L50, F|100/100\n|turn|4\n|inactive|Macchio has 30 seconds left.\n|inactive|BrightPaladin1234 has 30 seconds left.\n|\n|t:|1776586019\n|move|p2b: Incineroar|Fake Out|p1b: Sneasler\n|-damage|p1b: Sneasler|84/100\n|move|p2a: Golurk|Poltergeist|p1a: Basculegion\n|-activate|p1a: Basculegion|move: Poltergeist|Choice Scarf\n|-supereffective|p1a: Basculegion|1\n|-damage|p1a: Basculegion|0 fnt\n|faint|p1a: Basculegion\n|cant|p1b: Sneasler|flinch\n|\n|-weather|SunnyDay|[upkeep]\n|upkeep\n|\n|t:|1776586025\n|switch|p1a: Charizard|Charizard-Mega-Y, L50, M|49/100\n|turn|5\n|inactive|Macchio has 30 seconds left.\n|inactive|BrightPaladin1234 has 30 seconds left.\n|inactive|Macchio has 20 seconds left.\n|\n|t:|1776586063\n|move|p1a: Charizard|Protect|p1a: Charizard\n|-singleturn|p1a: Charizard|Protect\n|move|p1b: Sneasler|Protect|p1b: Sneasler\n|-singleturn|p1b: Sneasler|Protect\n|move|p2a: Golurk|Headlong Rush|p1b: Sneasler\n|-supereffective|p1b: Sneasler|1\n|-ability|p2a: Golurk|Unseen Fist\n|-zbroken|p1b: Sneasler\n|-damage|p1b: Sneasler|15/100\n|-unboost|p2a: Golurk|def|1\n|-unboost|p2a: Golurk|spd|1\n|move|p2b: Incineroar|Parting Shot|p1a: Charizard\n|-activate|p1a: Charizard|move: Protect\n|\n|-weather|none\n|-fieldend|move: Trick Room\n|upkeep\n|turn|6\n|inactive|BrightPaladin1234 has 30 seconds left.\n|inactive|Macchio has 30 seconds left.\n|inactive|Macchio has 20 seconds left.\n|inactive|Macchio has 15 seconds left.\n|inactive|Macchio has 10 seconds left.\n|inactive|Macchio has 5 seconds left.\n|\n|t:|1776586121\n|switch|p2b: Farigiraf|Farigiraf, L50, F|64/100\n|move|p2a: Golurk|Protect|p2a: Golurk\n|-singleturn|p2a: Golurk|Protect\n|move|p1b: Sneasler|Close Combat|p2b: Farigiraf\n|-damage|p2b: Farigiraf|1/100\n|-unboost|p1b: Sneasler|def|1\n|-unboost|p1b: Sneasler|spd|1\n|move|p1a: Charizard|Air Slash|p2a: Golurk\n|-activate|p2a: Golurk|move: Protect\n|\n|upkeep\n|turn|7\n|\n|t:|1776586141\n|switch|p2a: Incineroar|Incineroar, L50, F|100/100\n|-ability|p2a: Incineroar|Intimidate|boost\n|-unboost|p1a: Charizard|atk|1\n|-unboost|p1b: Sneasler|atk|1\n|move|p1b: Sneasler|Dire Claw|p2a: Incineroar\n|-damage|p2a: Incineroar|77/100\n|move|p1a: Charizard|Heat Wave|p2a: Incineroar|[spread] p2b\n|-miss|p1a: Charizard|p2a: Incineroar\n|-damage|p2b: Farigiraf|0 fnt\n|faint|p2b: Farigiraf\n|\n|upkeep\n|\n|t:|1776586156\n|switch|p2b: Torkoal|Torkoal, L50, F|100/100\n|-weather|SunnyDay|[from] ability: Drought|[of] p2b: Torkoal\n|turn|8\n|\n|t:|1776586177\n|switch|p2a: Golurk|Golurk-Mega, L50|100/100\n|move|p1b: Sneasler|Protect|p1b: Sneasler\n|-singleturn|p1b: Sneasler|Protect\n|move|p1a: Charizard|Protect|p1a: Charizard\n|-singleturn|p1a: Charizard|Protect\n|move|p2b: Torkoal|Eruption|p1b: Sneasler|[spread] \n|-activate|p1a: Charizard|move: Protect\n|-activate|p1b: Sneasler|move: Protect\n|\n|-weather|SunnyDay|[upkeep]\n|upkeep\n|turn|9\n|\n|t:|1776586202\n|switch|p2b: Incineroar|Incineroar, L50, F|77/100\n|-ability|p2b: Incineroar|Intimidate|boost\n|-unboost|p1a: Charizard|atk|1\n|-unboost|p1b: Sneasler|atk|1\n|move|p2a: Golurk|Protect|p2a: Golurk\n|-singleturn|p2a: Golurk|Protect\n|move|p1b: Sneasler|Dire Claw|p2b: Incineroar\n|-damage|p2b: Incineroar|58/100\n|-status|p2b: Incineroar|slp\n|move|p1a: Charizard|Weather Ball|p2a: Golurk\n|-activate|p2a: Golurk|move: Protect\n|\n|-weather|SunnyDay|[upkeep]\n|upkeep\n|turn|10\n|inactive|BrightPaladin1234 has 30 seconds left.\n|\n|t:|1776586232\n|move|p1b: Sneasler|Dire Claw|p2a: Golurk\n|-resisted|p2a: Golurk|2\n|-damage|p2a: Golurk|96/100\n|move|p1a: Charizard|Weather Ball|p2a: Golurk\n|-damage|p2a: Golurk|1/100\n|cant|p2b: Incineroar|slp\n|move|p2a: Golurk|Headlong Rush|p1b: Sneasler\n|-supereffective|p1b: Sneasler|1\n|-damage|p1b: Sneasler|0 fnt\n|-unboost|p2a: Golurk|def|1\n|-unboost|p2a: Golurk|spd|1\n|faint|p1b: Sneasler\n|\n|-weather|SunnyDay|[upkeep]\n|upkeep\n|turn|11\n|\n|t:|1776586251\n|switch|p2a: Torkoal|Torkoal, L50, F|100/100\n|move|p1a: Charizard|Heat Wave|p2a: Torkoal|[spread] p2a,p2b\n|-resisted|p2a: Torkoal|1\n|-resisted|p2b: Incineroar|1\n|-crit|p2b: Incineroar\n|-damage|p2a: Torkoal|57/100\n|-damage|p2b: Incineroar|6/100 slp\n|cant|p2b: Incineroar|slp\n|\n|-weather|SunnyDay|[upkeep]\n|upkeep\n|turn|12\n|\n|t:|1776586261\n|switch|p2b: Golurk|Golurk-Mega, L50|1/100\n|move|p2a: Torkoal|Protect|p2a: Torkoal\n|-singleturn|p2a: Torkoal|Protect\n|move|p1a: Charizard|Heat Wave|p2a: Torkoal|[spread] p2b\n|-activate|p2a: Torkoal|move: Protect\n|-damage|p2b: Golurk|0 fnt\n|faint|p2b: Golurk\n|\n|-weather|none\n|upkeep\n|\n|t:|1776586270\n|switch|p2b: Incineroar|Incineroar, L50, F|6/100 slp\n|-ability|p2b: Incineroar|Intimidate|boost\n|-unboost|p1a: Charizard|atk|1\n|turn|13\n|\n|t:|1776586280\n|move|p1a: Charizard|Protect|p1a: Charizard\n|-singleturn|p1a: Charizard|Protect\n|-curestatus|p2b: Incineroar|slp|[msg]\n|move|p2b: Incineroar|Fake Out|p1a: Charizard\n|-activate|p1a: Charizard|move: Protect\n|move|p2a: Torkoal|Heat Wave|p1a: Charizard\n|-activate|p1a: Charizard|move: Protect\n|\n|upkeep\n|turn|14\n|\n|t:|1776586293\n|move|p1a: Charizard|Heat Wave|p2b: Incineroar|[spread] p2a,p2b\n|-resisted|p2a: Torkoal|1\n|-resisted|p2b: Incineroar|1\n|-damage|p2a: Torkoal|30/100\n|-damage|p2b: Incineroar|0 fnt\n|faint|p2b: Incineroar\n|move|p2a: Torkoal|Heat Wave|p1a: Charizard\n|-resisted|p1a: Charizard|1\n|-damage|p1a: Charizard|23/100\n|\n|upkeep\n|turn|15\n|\n|t:|1776586303\n|move|p1a: Charizard|Air Slash|p2a: Torkoal\n|-damage|p2a: Torkoal|0 fnt\n|faint|p2a: Torkoal\n|\n|win|BrightPaladin1234\n|raw|BrightPaladin1234's rating: 1320 &rarr; <strong>1342</strong><br />(+22 for winning)\n|raw|Macchio's rating: 1349 &rarr; <strong>1327</strong><br />(-22 for losing)\n|c|\u2606Macchio|ggwp\n|l|\u2606Macchio\n|player|p2|\n|c|\u2606BrightPaladin1234|ggwp\n",
  "uploadtime": 1776586316,
  "views": 17,
  "formatid": "gen9championsvgc2026regma",
  "rating": 1327,
  "private": 0,
  "password": null
}