{
  "id": "gen9championsvgc2026regma-2581922870",
  "format": "[Gen 9 Champions] VGC 2026 Reg M-A",
  "players": [
    "otisssss",
    "Jay Jingles"
  ],
  "log": "|j|\u2606otisssss\n|j|\u2606Jay Jingles\n|t:|1776040070\n|gametype|doubles\n|player|p1|otisssss|2|1040\n|player|p2|Jay Jingles|170|1121\n|gen|9\n|tier|[Gen 9 Champions] VGC 2026 Reg M-A\n|rated|\n|rule|Species Clause: Limit one of each Pok\u00e9mon\n|rule|Item Clause: Limit 1 of each item\n|clearpoke\n|poke|p1|Excadrill, L50, M|\n|poke|p1|Tyranitar, L50, M|\n|poke|p1|Rotom-Wash, L50|\n|poke|p1|Sneasler, L50, F|\n|poke|p1|Hawlucha, L50, F|\n|poke|p1|Sinistcha, L50|\n|poke|p2|Gardevoir, L50, M|\n|poke|p2|Primarina, L50, F|\n|poke|p2|Zoroark-Hisui, L50, F|\n|poke|p2|Drampa, L50, F|\n|poke|p2|Whimsicott, L50, F|\n|poke|p2|Farigiraf, L50, M|\n|teampreview|4\notisssss rejected open team sheets.\n|\n|t:|1776040134\n|teamsize|p1|4\n|teamsize|p2|4\n|start\n|switch|p1a: Hawlucha|Hawlucha, L50, F|100/100\n|switch|p1b: Excadrill|Excadrill, L50, M|100/100\n|switch|p2a: Farigiraf|Farigiraf, L50, M|100/100\n|switch|p2b: Primarina|Primarina, L50, F|100/100\n|turn|1\n|inactive|Battle timer is ON: inactive players will automatically lose when time's up. (requested by Jay Jingles)\n|\n|t:|1776040149\n|detailschange|p1a: Hawlucha|Hawlucha-Mega, L50, F\n|-mega|p1a: Hawlucha|Hawlucha|Hawluchanite\n|move|p2a: Farigiraf|Round|p1b: Excadrill\n|-resisted|p1b: Excadrill|1\n|-damage|p1b: Excadrill|79/100\n|move|p2b: Primarina|Round|p1b: Excadrill|[from] move: Round\n|-supereffective|p1b: Excadrill|1\n|-crit|p1b: Excadrill\n|-damage|p1b: Excadrill|0 fnt\n|faint|p1b: Excadrill\n|move|p1a: Hawlucha|Entrainment|p1: Excadrill|[notarget]\n|-fail|p1a: Hawlucha\n|\n|upkeep\n|\n|t:|1776040160\n|switch|p1b: Sinistcha|Sinistcha, L50|100/100\n|turn|2\n|inactive|Jay Jingles has 30 seconds left.\n|\n|t:|1776040192\n|switch|p2a: Farigiraf|Farigiraf, L50, M|100/100\n|move|p2b: Primarina|Protect|p2b: Primarina\n|-singleturn|p2b: Primarina|Protect\n|move|p1a: Hawlucha|Quick Guard|p1a: Hawlucha\n|-singleturn|p1a: Hawlucha|Quick Guard\n|move|p1b: Sinistcha|Matcha Gotcha|p2b: Primarina|[spread] p2a\n|-activate|p2b: Primarina|move: Protect\n|-damage|p2a: Farigiraf|80/100\n|\n|upkeep\n|turn|3\n|inactive|otisssss has 30 seconds left.\n|inactive|Jay Jingles has 30 seconds left.\n|\n|t:|1776040221\n|move|p1a: Hawlucha|Brave Bird|p2a: Farigiraf\n|-damage|p2a: Farigiraf|0 fnt\n|faint|p2a: Farigiraf\n|-damage|p1a: Hawlucha|66/100|[from] Recoil\n|move|p1b: Sinistcha|Matcha Gotcha|p2b: Primarina\n|-supereffective|p2b: Primarina|1\n|-damage|p2b: Primarina|42/100\n|move|p2b: Primarina|Icy Wind|p1a: Hawlucha|[spread] p1a,p1b\n|-supereffective|p1a: Hawlucha|1\n|-supereffective|p1b: Sinistcha|1\n|-damage|p1a: Hawlucha|32/100\n|-damage|p1b: Sinistcha|70/100\n|-unboost|p1a: Hawlucha|spe|1\n|-unboost|p1b: Sinistcha|spe|1\n|\n|upkeep\n|\n|t:|1776040236\n|switch|p2a: Gardevoir|Gardevoir, L50, M|100/100\n|-ability|p2a: Gardevoir|No Guard|Trace|[from] ability: Trace|[of] p1a: Hawlucha\n|turn|4\n|\n|t:|1776040249\n|detailschange|p2a: Gardevoir|Gardevoir-Mega, L50, M\n|-mega|p2a: Gardevoir|Gardevoir|Gardevoirite\n|move|p2a: Gardevoir|Hyper Voice|p1b: Sinistcha|[spread] p1a,p1b\n|-supereffective|p1a: Hawlucha|1\n|-damage|p1a: Hawlucha|0 fnt\n|-damage|p1b: Sinistcha|18/100\n|-enditem|p1b: Sinistcha|Sitrus Berry|[eat]\n|-heal|p1b: Sinistcha|43/100|[from] item: Sitrus Berry\n|faint|p1a: Hawlucha\n|move|p2b: Primarina|Moonblast|p1b: Sinistcha\n|-damage|p1b: Sinistcha|0 fnt\n|faint|p1b: Sinistcha\n|\n|upkeep\n|\n|t:|1776040266\n|switch|p1a: Tyranitar|Tyranitar, L50, M|100/100\n|-weather|Sandstorm|[from] ability: Sand Stream|[of] p1a: Tyranitar\n|turn|5\n|\n|t:|1776040274\n|move|p1a: Tyranitar|Rock Slide|p2a: Gardevoir|[spread] p2b\n|-miss|p1a: Tyranitar|p2a: Gardevoir\n|-damage|p2b: Primarina|5/100\n|move|p2a: Gardevoir|Aura Sphere|p1a: Tyranitar\n|-supereffective|p1a: Tyranitar|2\n|-damage|p1a: Tyranitar|0 fnt\n|faint|p1a: Tyranitar\n|\n|win|Jay Jingles\n|raw|otisssss's rating: 1040 &rarr; <strong>1028</strong><br />(-12 for losing)\n|raw|Jay Jingles's rating: 1121 &rarr; <strong>1140</strong><br />(+19 for winning)\n|l|\u2606otisssss\n|player|p1|\n",
  "uploadtime": 1776040282,
  "views": 30,
  "formatid": "gen9championsvgc2026regma",
  "rating": 1028,
  "private": 0,
  "password": null
}