{
  "id": "gen9championsvgc2026regma-2586823624",
  "format": "[Gen 9 Champions] VGC 2026 Reg M-A",
  "players": [
    "pedroemiya",
    "Yunobo7"
  ],
  "log": "|j|\u2606pedroemiya\n|j|\u2606Yunobo7\n|t:|1776462887\n|gametype|doubles\n|player|p1|pedroemiya|cilan|1313\n|player|p2|Yunobo7|miku-ghost|1394\n|gen|9\n|tier|[Gen 9 Champions] VGC 2026 Reg M-A\n|rated|\n|rule|Species Clause: Limit one of each Pok\u00e9mon\n|rule|Item Clause: Limit 1 of each item\n|clearpoke\n|poke|p1|Aerodactyl, L50, F|\n|poke|p1|Incineroar, L50, M|\n|poke|p1|Floette-Eternal, L50, F|\n|poke|p1|Basculegion, L50, M|\n|poke|p1|Garchomp, L50, M|\n|poke|p1|Sneasler, L50, F|\n|poke|p2|Venusaur, L50, F|\n|poke|p2|Milotic, L50, F|\n|poke|p2|Incineroar, L50, M|\n|poke|p2|Aegislash, L50, F|\n|poke|p2|Delphox, L50, F|\n|poke|p2|Sneasler, L50, M|\n|teampreview|4\n|inactive|Battle timer is ON: inactive players will automatically lose when time's up. (requested by Yunobo7)\n|\n|t:|1776462910\n|teamsize|p1|4\n|teamsize|p2|4\n|start\n|switch|p1a: Aerodactyl|Aerodactyl, L50, F|100/100\n|switch|p1b: Garchomp|Garchomp, L50, M|100/100\n|switch|p2a: Milotic|Milotic, L50, F|100/100\n|switch|p2b: Venusaur|Venusaur, L50, F|100/100\n|-ability|p1a: Aerodactyl|Unnerve\n|turn|1\n|\n|t:|1776462930\n|detailschange|p2b: Venusaur|Venusaur-Mega, L50, F\n|-mega|p2b: Venusaur|Venusaur|Venusaurite\n|move|p2b: Venusaur|Protect|p2b: Venusaur\n|-singleturn|p2b: Venusaur|Protect\n|move|p1a: Aerodactyl|Rock Slide|p2b: Venusaur|[spread] p2a\n|-activate|p2b: Venusaur|move: Protect\n|-damage|p2a: Milotic|80/100\n|move|p1b: Garchomp|Earthquake|p2b: Venusaur|[spread] p2a\n|-activate|p2b: Venusaur|move: Protect\n|-immune|p1a: Aerodactyl\n|-damage|p2a: Milotic|44/100\n|move|p2a: Milotic|Icy Wind|p1b: Garchomp|[spread] p1a,p1b\n|-supereffective|p1a: Aerodactyl|1\n|-supereffective|p1b: Garchomp|2\n|-damage|p1a: Aerodactyl|73/100\n|-damage|p1b: Garchomp|55/100\n|-unboost|p1a: Aerodactyl|spe|1\n|-unboost|p1b: Garchomp|spe|1\n|\n|-heal|p2a: Milotic|50/100|[from] item: Leftovers\n|upkeep\n|turn|2\n|\n|t:|1776462949\n|switch|p2b: Incineroar|Incineroar, L50, M|100/100\n|-ability|p2b: Incineroar|Intimidate|boost\n|-unboost|p1a: Aerodactyl|atk|1\n|-unboost|p1b: Garchomp|atk|1\n|move|p1b: Garchomp|Protect|p1b: Garchomp\n|-singleturn|p1b: Garchomp|Protect\n|move|p1a: Aerodactyl|Tailwind|p1a: Aerodactyl\n|-sidestart|p1: pedroemiya|move: Tailwind\n|move|p2a: Milotic|Recover|p2a: Milotic\n|-heal|p2a: Milotic|99/100\n|\n|-heal|p2a: Milotic|100/100|[from] item: Leftovers\n|upkeep\n|turn|3\n|\n|t:|1776462971\n|move|p1a: Aerodactyl|Protect|p1a: Aerodactyl\n|-singleturn|p1a: Aerodactyl|Protect\n|move|p2b: Incineroar|Fake Out|p1b: Garchomp\n|-damage|p1b: Garchomp|41/100\n|-damage|p2b: Incineroar|88/100|[from] ability: Rough Skin|[of] p1b: Garchomp\n|cant|p1b: Garchomp|flinch\n|move|p2a: Milotic|Scald|p1a: Aerodactyl\n|-activate|p1a: Aerodactyl|move: Protect\n|\n|upkeep\n|turn|4\n|inactive|pedroemiya has 30 seconds left.\n|\n|t:|1776463005\n|switch|p1b: Floette|Floette-Eternal, L50, F|100/100\n|switch|p2b: Venusaur|Venusaur-Mega, L50, F|100/100\n|move|p1a: Aerodactyl|Rock Slide|p2a: Milotic|[spread] p2a,p2b\n|-damage|p2a: Milotic|87/100\n|-damage|p2b: Venusaur|87/100\n|move|p2a: Milotic|Icy Wind|p1b: Floette|[spread] p1a,p1b\n|-supereffective|p1a: Aerodactyl|1\n|-damage|p1a: Aerodactyl|46/100\n|-damage|p1b: Floette|91/100\n|-unboost|p1a: Aerodactyl|spe|1\n|-unboost|p1b: Floette|spe|1\n|\n|-heal|p2a: Milotic|93/100|[from] item: Leftovers\n|upkeep\n|turn|5\n|\n|t:|1776463026\n|move|p1b: Floette|Protect|p1b: Floette\n|-singleturn|p1b: Floette|Protect\n|move|p1a: Aerodactyl|Dual Wingbeat|p2b: Venusaur\n|-supereffective|p2b: Venusaur|1\n|-damage|p2b: Venusaur|67/100\n|-supereffective|p2b: Venusaur|1\n|-damage|p2b: Venusaur|46/100\n|-hitcount|p2b: Venusaur|2\n|move|p2b: Venusaur|Sludge Bomb|p1b: Floette\n|-activate|p1b: Floette|move: Protect\n|move|p2a: Milotic|Scald|p1a: Aerodactyl\n|-supereffective|p1a: Aerodactyl|1\n|-damage|p1a: Aerodactyl|0 fnt\n|faint|p1a: Aerodactyl\n|\n|-heal|p2a: Milotic|99/100|[from] item: Leftovers\n|-sideend|p1: pedroemiya|move: Tailwind\n|upkeep\n|\n|t:|1776463049\n|switch|p1a: Basculegion|Basculegion, L50, M|100/100\n|turn|6\n|\n|t:|1776463061\n|switch|p2b: Incineroar|Incineroar, L50, M|88/100\n|-ability|p2b: Incineroar|Intimidate|boost\n|-unboost|p1a: Basculegion|atk|1\n|-unboost|p1b: Floette|atk|1\n|detailschange|p1b: Floette|Floette-Mega, L50, F\n|-mega|p1b: Floette|Floette|Floettite\n|-ability|p1b: Floette|Fairy Aura\n|move|p1a: Basculegion|Last Respects|p2b: Incineroar\n|-resisted|p2b: Incineroar|1\n|-crit|p2b: Incineroar\n|-damage|p2b: Incineroar|41/100\n|-enditem|p2b: Incineroar|Sitrus Berry|[eat]\n|-heal|p2b: Incineroar|66/100|[from] item: Sitrus Berry\n|move|p2a: Milotic|Scald|p1a: Basculegion\n|-resisted|p1a: Basculegion|1\n|-damage|p1a: Basculegion|84/100\n|-status|p1a: Basculegion|brn\n|move|p1b: Floette|Moonblast|p2a: Milotic\n|-damage|p2a: Milotic|38/100\n|\n|-heal|p2a: Milotic|44/100|[from] item: Leftovers\n|-damage|p1a: Basculegion|78/100 brn|[from] brn\n|upkeep\n|turn|7\n|inactive|pedroemiya has 30 seconds left.\n|\n|t:|1776463089\n|move|p2b: Incineroar|Fake Out|p1b: Floette\n|-damage|p1b: Floette|75/100\n|move|p1a: Basculegion|Last Respects|p2a: Milotic\n|-damage|p2a: Milotic|26/100\n|move|p2a: Milotic|Recover|p2a: Milotic\n|-heal|p2a: Milotic|76/100\n|cant|p1b: Floette|flinch\n|\n|-heal|p2a: Milotic|82/100|[from] item: Leftovers\n|-damage|p1a: Basculegion|72/100 brn|[from] brn\n|upkeep\n|turn|8\n|\n|t:|1776463101\n|move|p2a: Milotic|Protect|p2a: Milotic\n|-singleturn|p2a: Milotic|Protect\n|move|p1a: Basculegion|Last Respects|p2a: Milotic\n|-activate|p2a: Milotic|move: Protect\n|move|p1b: Floette|Moonblast|p2a: Milotic\n|-activate|p2a: Milotic|move: Protect\n|move|p2b: Incineroar|Parting Shot|p1b: Floette\n|-unboost|p1b: Floette|atk|1\n|-unboost|p1b: Floette|spa|1\n|\n|t:|1776463107\n|switch|p2b: Venusaur|Venusaur-Mega, L50, F|46/100|[from] Parting Shot\n|\n|-heal|p2a: Milotic|88/100|[from] item: Leftovers\n|-damage|p1a: Basculegion|66/100 brn|[from] brn\n|upkeep\n|turn|9\n|\n|t:|1776463118\n|switch|p1b: Garchomp|Garchomp, L50, M|41/100\n|move|p1a: Basculegion|Last Respects|p2b: Venusaur\n|-damage|p2b: Venusaur|29/100\n|move|p2b: Venusaur|Giga Drain|p1a: Basculegion\n|-supereffective|p1a: Basculegion|1\n|-damage|p1a: Basculegion|0 fnt\n|-heal|p2b: Venusaur|63/100|[from] drain|[of] p1a: Basculegion\n|faint|p1a: Basculegion\n|move|p2a: Milotic|Icy Wind|p1b: Garchomp\n|-supereffective|p1b: Garchomp|2\n|-damage|p1b: Garchomp|0 fnt\n|faint|p1b: Garchomp\n|\n|-heal|p2a: Milotic|94/100|[from] item: Leftovers\n|upkeep\n|\n|t:|1776463126\n|switch|p1b: Floette|Floette-Mega, L50, F|75/100\n|-ability|p1b: Floette|Fairy Aura\n|turn|10\n|\n|t:|1776463129\n|move|p1b: Floette|Dazzling Gleam|p2b: Venusaur|[spread] p2a,p2b\n|-resisted|p2b: Venusaur|1\n|-damage|p2a: Milotic|59/100\n|-damage|p2b: Venusaur|42/100\n|move|p2b: Venusaur|Sludge Bomb|p1b: Floette\n|-supereffective|p1b: Floette|1\n|-damage|p1b: Floette|0 fnt\n|faint|p1b: Floette\n|\n|win|Yunobo7\n|raw|pedroemiya's rating: 1313 &rarr; <strong>1298</strong><br />(-15 for losing)\n|raw|Yunobo7's rating: 1394 &rarr; <strong>1409</strong><br />(+15 for winning)\n|l|\u2606pedroemiya\n|player|p1|\n",
  "uploadtime": 1776463144,
  "views": 44,
  "formatid": "gen9championsvgc2026regma",
  "rating": 1298,
  "private": 0,
  "password": null
}