{
  "id": "gen9championsvgc2026regma-2582426242",
  "format": "[Gen 9 Champions] VGC 2026 Reg M-A",
  "players": [
    "Remy&Henny",
    "Eduardsen05"
  ],
  "log": "|j|\u2606Remy&Henny\n|j|\u2606Eduardsen05\n|t:|1776090918\n|gametype|doubles\n|player|p1|Remy&Henny|scientist-gen4dp|1000\n|player|p2|Eduardsen05|266|1053\n|gen|9\n|tier|[Gen 9 Champions] VGC 2026 Reg M-A\n|rated|\n|rule|Species Clause: Limit one of each Pok\u00e9mon\n|rule|Item Clause: Limit 1 of each item\n|clearpoke\n|poke|p1|Politoed, L50, M|\n|poke|p1|Basculegion, L50, M|\n|poke|p1|Archaludon, L50, M|\n|poke|p1|Heliolisk, L50, F|\n|poke|p1|Dragonite, L50, M|\n|poke|p1|Kingambit, L50, F|\n|poke|p2|Glimmora, L50, M|\n|poke|p2|Ninetales-Alola, L50, F|\n|poke|p2|Kommo-o, L50, M|\n|poke|p2|Corviknight, L50, M|\n|poke|p2|Rotom-Wash, L50|\n|poke|p2|Incineroar, L50, F|\n|teampreview|4\n|inactive|Battle timer is ON: inactive players will automatically lose when time's up. (requested by Eduardsen05)\nEduardsen05 has agreed to open team sheets.\nRemy&Henny rejected open team sheets.\n|inactive|Remy&Henny has 60 seconds left.\n|inactive|Eduardsen05 has 60 seconds left.\n|\n|t:|1776090966\n|teamsize|p1|4\n|teamsize|p2|4\n|start\n|switch|p1a: Politoed|Politoed, L50, M, shiny|100/100\n|switch|p1b: Archaludon|Archaludon, L50, M|100/100\n|switch|p2a: Rotom|Rotom-Wash, L50, shiny|100/100\n|switch|p2b: Corviknight|Corviknight, L50, M, shiny|100/100\n|-weather|RainDance|[from] ability: Drizzle|[of] p1a: Politoed\n|turn|1\n|inactive|Remy&Henny has 30 seconds left.\n|inactive|Eduardsen05 has 30 seconds left.\n|inactive|Remy&Henny has 20 seconds left.\n|inactive|Eduardsen05 has 20 seconds left.\n|inactive|Eduardsen05 has 15 seconds left.\n|\n|t:|1776091007\n|move|p1a: Politoed|Protect|p1a: Politoed\n|-singleturn|p1a: Politoed|Protect\n|move|p2a: Rotom|Electroweb|p1a: Politoed|[spread] p1b\n|-activate|p1a: Politoed|move: Protect\n|-resisted|p1b: Archaludon|1\n|-damage|p1b: Archaludon|88/100\n|-unboost|p1b: Archaludon|spe|1\n|-ability|p1b: Archaludon|Stamina|boost\n|-boost|p1b: Archaludon|def|1\n|move|p2b: Corviknight|Brave Bird|p1a: Politoed\n|-activate|p1a: Politoed|move: Protect\n|move|p1b: Archaludon|Electro Shot||[still]\n|-prepare|p1b: Archaludon|Electro Shot\n|-boost|p1b: Archaludon|spa|1\n|-anim|p1b: Archaludon|Electro Shot|p2b: Corviknight\n|-supereffective|p2b: Corviknight|1\n|-damage|p2b: Corviknight|0 fnt\n|faint|p2b: Corviknight\n|\n|-weather|RainDance|[upkeep]\n|upkeep\n|\n|t:|1776091019\n|switch|p2b: Ninetales|Ninetales-Alola, L50, F, shiny|100/100\n|-weather|Snowscape|[from] ability: Snow Warning|[of] p2b: Ninetales\n|turn|2\n|\n|t:|1776091039\n|move|p2a: Rotom|Electroweb|p1a: Politoed|[spread] p1a,p1b\n|-supereffective|p1a: Politoed|1\n|-crit|p1a: Politoed\n|-resisted|p1b: Archaludon|1\n|-damage|p1a: Politoed|45/100\n|-damage|p1b: Archaludon|75/100\n|-unboost|p1a: Politoed|spe|1\n|-unboost|p1b: Archaludon|spe|1\n|-ability|p1b: Archaludon|Stamina|boost\n|-boost|p1b: Archaludon|def|1\n|move|p2b: Ninetales|Blizzard|p1b: Archaludon|[spread] p1a,p1b\n|-resisted|p1a: Politoed|1\n|-crit|p1a: Politoed\n|-damage|p1a: Politoed|22/100\n|-damage|p1b: Archaludon|32/100\n|-ability|p1b: Archaludon|Stamina|boost\n|-boost|p1b: Archaludon|def|1\n|-enditem|p1b: Archaludon|Sitrus Berry|[eat]\n|-heal|p1b: Archaludon|57/100|[from] item: Sitrus Berry\n|move|p1a: Politoed|Icy Wind|p2b: Ninetales|[spread] p2a,p2b\n|-resisted|p2a: Rotom|1\n|-resisted|p2b: Ninetales|1\n|-damage|p2a: Rotom|93/100\n|-damage|p2b: Ninetales|95/100\n|-unboost|p2a: Rotom|spe|1\n|-unboost|p2b: Ninetales|spe|1\n|move|p1b: Archaludon|Flash Cannon|p2b: Ninetales\n|-supereffective|p2b: Ninetales|2\n|-damage|p2b: Ninetales|0 fnt\n|faint|p2b: Ninetales\n|\n|-weather|Snowscape|[upkeep]\n|upkeep\n|\n|t:|1776091051\n|switch|p2b: Kommo-o|Kommo-o, L50, M|100/100\n|turn|3\n|inactive|Remy&Henny has 30 seconds left.\n|\n|t:|1776091085\n|move|p1a: Politoed|Protect|p1a: Politoed\n|-singleturn|p1a: Politoed|Protect\n|move|p2b: Kommo-o|Vacuum Wave|p1b: Archaludon\n|-supereffective|p1b: Archaludon|1\n|-damage|p1b: Archaludon|6/100\n|-ability|p1b: Archaludon|Stamina|boost\n|-boost|p1b: Archaludon|def|1\n|move|p2a: Rotom|Electroweb|p1b: Archaludon|[spread] p1b\n|-activate|p1a: Politoed|move: Protect\n|-resisted|p1b: Archaludon|1\n|-damage|p1b: Archaludon|0 fnt\n|faint|p1b: Archaludon\n|\n|-weather|Snowscape|[upkeep]\n|upkeep\n|\n|t:|1776091097\n|switch|p1b: Basculegion|Basculegion, L50, M|100/100\n|turn|4\n|\n|t:|1776091107\n|switch|p1a: Dragonite|Dragonite, L50, M|100/100\n|move|p1b: Basculegion|Protect|p1b: Basculegion\n|-singleturn|p1b: Basculegion|Protect\n|move|p2a: Rotom|Electroweb|p1b: Basculegion|[spread] p1a\n|-activate|p1b: Basculegion|move: Protect\n|-damage|p1a: Dragonite|82/100\n|-unboost|p1a: Dragonite|spe|1\n|move|p2b: Kommo-o|Clangorous Soul|p2b: Kommo-o\n|-boost|p2b: Kommo-o|atk|1\n|-boost|p2b: Kommo-o|def|1\n|-boost|p2b: Kommo-o|spa|1\n|-boost|p2b: Kommo-o|spd|1\n|-boost|p2b: Kommo-o|spe|1\n|-damage|p2b: Kommo-o|68/100\n|\n|-weather|Snowscape|[upkeep]\n|-heal|p2b: Kommo-o|74/100|[from] item: Leftovers\n|upkeep\n|turn|5\n|inactive|Remy&Henny has 30 seconds left.\n|inactive|Remy&Henny has 20 seconds left.\n|inactive|Remy&Henny has 15 seconds left.\n|inactive|Remy&Henny has 10 seconds left.\n|\n|t:|1776091156\n|switch|p1b: Politoed|Politoed, L50, M, shiny|22/100\n|-weather|RainDance|[from] ability: Drizzle|[of] p1b: Politoed\n|detailschange|p1a: Dragonite|Dragonite-Mega, L50, M\n|-mega|p1a: Dragonite|Dragonite|Dragoninite\n|move|p2b: Kommo-o|Clanging Scales|p1a: Dragonite|[spread] p1a,p1b\n|-supereffective|p1a: Dragonite|1\n|-damage|p1a: Dragonite|0 fnt\n|-damage|p1b: Politoed|0 fnt\n|faint|p1a: Dragonite\n|faint|p1b: Politoed\n|-unboost|p2b: Kommo-o|def|1\n|move|p2a: Rotom|Electroweb|p1: Dragonite|[notarget]\n|-fail|p2a: Rotom\n|\n|-weather|RainDance|[upkeep]\n|-heal|p2b: Kommo-o|79/100|[from] item: Leftovers\n|upkeep\n|\n|t:|1776091166\n|switch|p1a: Basculegion|Basculegion, L50, M|100/100\n|turn|6\n|\n|t:|1776091185\n|move|p1a: Basculegion|Last Respects|p2b: Kommo-o\n|-damage|p2b: Kommo-o|0 fnt\n|faint|p2b: Kommo-o\n|move|p2a: Rotom|Electroweb|p1a: Basculegion\n|-supereffective|p1a: Basculegion|1\n|-damage|p1a: Basculegion|40/100\n|-unboost|p1a: Basculegion|spe|1\n|\n|-weather|RainDance|[upkeep]\n|upkeep\n|turn|7\n|\n|t:|1776091192\n|move|p2a: Rotom|Electroweb|p1a: Basculegion\n|-supereffective|p1a: Basculegion|1\n|-damage|p1a: Basculegion|0 fnt\n|faint|p1a: Basculegion\n|\n|win|Eduardsen05\n|raw|Remy&amp;Henny's rating: 1000 &rarr; <strong>1000</strong><br />(+0 for losing)\n|raw|Eduardsen05's rating: 1053 &rarr; <strong>1080</strong><br />(+27 for winning)\n|l|\u2606Remy&Henny\n|player|p1|\n",
  "uploadtime": 1776091200,
  "views": 12,
  "formatid": "gen9championsvgc2026regma",
  "rating": 1000,
  "private": 0,
  "password": null
}