{
  "id": "gen9championsvgc2026regma-2581926948",
  "format": "[Gen 9 Champions] VGC 2026 Reg M-A",
  "players": [
    "kkxurras",
    "comprestrict"
  ],
  "log": "|j|\u2606kkxurras\n|j|\u2606comprestrict\n|t:|1776040439\n|gametype|doubles\n|player|p1|kkxurras|red|1048\n|player|p2|comprestrict|2|1088\n|gen|9\n|tier|[Gen 9 Champions] VGC 2026 Reg M-A\n|rated|\n|rule|Species Clause: Limit one of each Pok\u00e9mon\n|rule|Item Clause: Limit 1 of each item\n|clearpoke\n|poke|p1|Sneasler, L50, F|\n|poke|p1|Kingambit, L50, F|\n|poke|p1|Clefable, L50, M|\n|poke|p1|Delphox, L50, M|\n|poke|p1|Dragonite, L50, F|\n|poke|p1|Basculegion, L50, M|\n|poke|p2|Ceruledge, L50, M|\n|poke|p2|Manectric, L50, M|\n|poke|p2|Samurott-Hisui, L50, M|\n|poke|p2|Volcarona, L50, F|\n|poke|p2|Empoleon, L50, M|\n|poke|p2|Gengar, L50, F|\n|teampreview|4\n|inactive|Battle timer is ON: inactive players will automatically lose when time's up. (requested by comprestrict)\n|inactive|kkxurras has 60 seconds left.\n|\n|t:|1776040475\n|teamsize|p1|4\n|teamsize|p2|4\n|start\n|switch|p1a: Sneasler|Sneasler, L50, F|100/100\n|switch|p1b: Basculegion|Basculegion, L50, M|100/100\n|switch|p2a: Ceruledge|Ceruledge, L50, M|100/100\n|switch|p2b: Samurott|Samurott-Hisui, L50, M|100/100\n|turn|1\n|\n|t:|1776040492\n|move|p1a: Sneasler|Fake Out|p2b: Samurott\n|-damage|p2b: Samurott|81/100\n|cant|p2b: Samurott|flinch\n|move|p1b: Basculegion|Wave Crash|p2a: Ceruledge\n|-supereffective|p2a: Ceruledge|1\n|-enditem|p2a: Ceruledge|Focus Sash\n|-damage|p2a: Ceruledge|1/100\n|-ability|p2a: Ceruledge|Weak Armor|boost\n|-unboost|p2a: Ceruledge|def|1\n|-boost|p2a: Ceruledge|spe|2\n|-damage|p1b: Basculegion|78/100|[from] Recoil\n|move|p2a: Ceruledge|Bitter Blade|p1a: Sneasler\n|-damage|p1a: Sneasler|9/100\n|-heal|p2a: Ceruledge|48/100|[from] drain|[of] p1a: Sneasler\n|\n|upkeep\n|turn|2\n|\n|t:|1776040514\n|switch|p1b: Kingambit|Kingambit, L50, F|100/100\n|move|p2a: Ceruledge|Shadow Sneak|p1a: Sneasler\n|-damage|p1a: Sneasler|0 fnt\n|faint|p1a: Sneasler\n|move|p2b: Samurott|Ceaseless Edge|p1b: Kingambit|[miss]\n|-miss|p2b: Samurott|p1b: Kingambit\n|\n|upkeep\n|\n|t:|1776040527\n|switch|p1a: Basculegion|Basculegion, L50, M|78/100\n|turn|3\n|\n|t:|1776040550\n|move|p2a: Ceruledge|Destiny Bond|p2a: Ceruledge\n|-singlemove|p2a: Ceruledge|Destiny Bond\n|move|p2b: Samurott|Ceaseless Edge|p1a: Basculegion\n|-supereffective|p1a: Basculegion|1\n|-damage|p1a: Basculegion|0 fnt\n|-sidestart|p1: kkxurras|Spikes\n|faint|p1a: Basculegion\n|move|p1b: Kingambit|Swords Dance|p1b: Kingambit\n|-boost|p1b: Kingambit|atk|2\n|\n|upkeep\n|\n|t:|1776040560\n|switch|p1a: Delphox|Delphox, L50, M|100/100\n|-damage|p1a: Delphox|88/100|[from] Spikes\n|turn|4\n|\n|t:|1776040579\n|switch|p2b: Volcarona|Volcarona, L50, F|100/100\n|detailschange|p1a: Delphox|Delphox-Mega, L50, M\n|-mega|p1a: Delphox|Delphox|Delphoxite\n|move|p1a: Delphox|Protect|p1a: Delphox\n|-singleturn|p1a: Delphox|Protect\n|move|p2a: Ceruledge|Bitter Blade|p1b: Kingambit\n|-supereffective|p1b: Kingambit|1\n|-damage|p1b: Kingambit|29/100\n|-heal|p2a: Ceruledge|92/100|[from] drain|[of] p1b: Kingambit\n|move|p1b: Kingambit|Kowtow Cleave|p2b: Volcarona\n|-damage|p2b: Volcarona|0 fnt\n|faint|p2b: Volcarona\n|\n|upkeep\n|\n|t:|1776040594\n|switch|p2b: Samurott|Samurott-Hisui, L50, M|81/100\n|turn|5\n|\n|t:|1776040602\n|move|p1b: Kingambit|Protect|p1b: Kingambit\n|-singleturn|p1b: Kingambit|Protect\n|move|p2a: Ceruledge|Destiny Bond|p2a: Ceruledge\n|-singlemove|p2a: Ceruledge|Destiny Bond\n|move|p2b: Samurott|Ceaseless Edge|p1a: Delphox\n|-supereffective|p1a: Delphox|1\n|-damage|p1a: Delphox|0 fnt\n|-sidestart|p1: kkxurras|Spikes\n|faint|p1a: Delphox\n|\n|upkeep\n|turn|6\n|-message|kkxurras forfeited.\n|\n|win|comprestrict\n|raw|kkxurras's rating: 1048 &rarr; <strong>1033</strong><br />(-15 for losing)\n|raw|comprestrict's rating: 1088 &rarr; <strong>1112</strong><br />(+24 for winning)\n|l|\u2606kkxurras\n|player|p1|\n",
  "uploadtime": 1776040621,
  "views": 17,
  "formatid": "gen9championsvgc2026regma",
  "rating": 1033,
  "private": 0,
  "password": null
}