{
  "id": "gen9championsvgc2026regma-2587233718",
  "format": "[Gen 9 Champions] VGC 2026 Reg M-A",
  "players": [
    "p3elz",
    "MDewayne"
  ],
  "log": "|j|\u2606p3elz\n|j|\u2606MDewayne\n|t:|1776512406\n|gametype|doubles\n|player|p1|p3elz|2|1081\n|player|p2|MDewayne|1|1063\n|gen|9\n|tier|[Gen 9 Champions] VGC 2026 Reg M-A\n|rated|\n|rule|Species Clause: Limit one of each Pok\u00e9mon\n|rule|Item Clause: Limit 1 of each item\n|clearpoke\n|poke|p1|Cofagrigus, L50, F|\n|poke|p1|Torkoal, L50, M|\n|poke|p1|Rotom-Wash, L50|\n|poke|p1|Oranguru, L50, M|\n|poke|p1|Aggron, L50, F|\n|poke|p1|Sinistcha, L50|\n|poke|p2|Corviknight, L50, M|\n|poke|p2|Gallade, L50, M, shiny|\n|poke|p2|Ninetales-Alola, L50, F, shiny|\n|poke|p2|Blastoise, L50, M|\n|poke|p2|Hawlucha, L50, M, shiny|\n|poke|p2|Garchomp, L50, F|\n|teampreview|4\n|\n|t:|1776512436\n|teamsize|p1|4\n|teamsize|p2|4\n|start\n|switch|p1a: MONKEY.|Oranguru, L50, M|100/100\n|switch|p1b: that turtle i hate|Torkoal, L50, M|100/100\n|switch|p2a: Gallade|Gallade, L50, M, shiny|100/100\n|switch|p2b: Ninetales|Ninetales-Alola, L50, F, shiny|100/100\n|-weather|Snowscape|[from] ability: Snow Warning|[of] p2b: Ninetales\n|-weather|SunnyDay|[from] ability: Drought|[of] p1b: that turtle i hate\n|turn|1\n|\n|t:|1776512460\n|detailschange|p2a: Gallade|Gallade-Mega, L50, M, shiny\n|-mega|p2a: Gallade|Gallade|Galladite\n|move|p2a: Gallade|Knock Off|p1a: MONKEY.\n|-supereffective|p1a: MONKEY.|1\n|-damage|p1a: MONKEY.|19/100\n|-enditem|p1a: MONKEY.|Mental Herb|[from] move: Knock Off|[of] p2a: Gallade\n|move|p2b: Ninetales|Moonblast|p1a: MONKEY.\n|-damage|p1a: MONKEY.|0 fnt\n|faint|p1a: MONKEY.\n|move|p1b: that turtle i hate|Eruption|p2a: Gallade|[spread] p2a,p2b\n|-supereffective|p2b: Ninetales|1\n|-damage|p2a: Gallade|12/100\n|-damage|p2b: Ninetales|0 fnt\n|faint|p2b: Ninetales\n|\n|-weather|SunnyDay|[upkeep]\n|upkeep\n|\n|t:|1776512477\n|switch|p2b: Garchomp|Garchomp, L50, F|100/100\n|switch|p1a: fatass|Aggron, L50, F|100/100\n|turn|2\n|\n|t:|1776512494\n|detailschange|p1a: fatass|Aggron-Mega, L50, F\n|-mega|p1a: fatass|Aggron|Aggronite\n|move|p2a: Gallade|Knock Off|p1b: that turtle i hate\n|-damage|p1b: that turtle i hate|68/100\n|-enditem|p1b: that turtle i hate|Charcoal|[from] move: Knock Off|[of] p2a: Gallade\n|move|p2b: Garchomp|Stomping Tantrum|p1a: fatass\n|-supereffective|p1a: fatass|1\n|-damage|p1a: fatass|75/100\n|move|p1a: fatass|Iron Defense|p1a: fatass\n|-boost|p1a: fatass|def|2\n|move|p1b: that turtle i hate|Eruption|p2a: Gallade|[spread] p2a,p2b\n|-crit|p2a: Gallade\n|-resisted|p2b: Garchomp|1\n|-damage|p2a: Gallade|0 fnt\n|-damage|p2b: Garchomp|76/100\n|faint|p2a: Gallade\n|\n|-weather|SunnyDay|[upkeep]\n|upkeep\n|\n|t:|1776512513\n|switch|p2a: Corviknight|Corviknight, L50, M|100/100\n|turn|3\n|\n|t:|1776512526\n|move|p2a: Corviknight|Protect|p2a: Corviknight\n|-singleturn|p2a: Corviknight|Protect\n|move|p1b: that turtle i hate|Protect|p1b: that turtle i hate\n|-singleturn|p1b: that turtle i hate|Protect\n|move|p2b: Garchomp|Stomping Tantrum|p1b: that turtle i hate\n|-activate|p1b: that turtle i hate|move: Protect\n|move|p1a: fatass|Iron Defense|p1a: fatass\n|-boost|p1a: fatass|def|2\n|\n|-weather|SunnyDay|[upkeep]\n|upkeep\n|turn|4\n|\n|t:|1776512552\n|move|p2b: Garchomp|Stomping Tantrum|p1b: that turtle i hate\n|-supereffective|p1b: that turtle i hate|1\n|-damage|p1b: that turtle i hate|14/100\n|move|p2a: Corviknight|Iron Defense|p2a: Corviknight\n|-boost|p2a: Corviknight|def|2\n|move|p1a: fatass|Heavy Slam|p2b: Garchomp\n|-damage|p2b: Garchomp|26/100\n|-damage|p1a: fatass|62/100|[from] ability: Rough Skin|[of] p2b: Garchomp\n|move|p1b: that turtle i hate|Eruption|p2b: Garchomp|[spread] p2a,p2b\n|-supereffective|p2a: Corviknight|1\n|-resisted|p2b: Garchomp|1\n|-damage|p2a: Corviknight|81/100\n|-damage|p2b: Garchomp|21/100\n|\n|-weather|SunnyDay|[upkeep]\n|-heal|p2a: Corviknight|87/100|[from] item: Leftovers\n|upkeep\n|turn|5\n|\n|t:|1776512586\n|move|p2b: Garchomp|Rock Slide|p1a: fatass|[spread] p1a,p1b\n|-resisted|p1a: fatass|1\n|-supereffective|p1b: that turtle i hate|1\n|-damage|p1a: fatass|60/100\n|-damage|p1b: that turtle i hate|0 fnt\n|faint|p1b: that turtle i hate\n|move|p2a: Corviknight|Iron Defense|p2a: Corviknight\n|-boost|p2a: Corviknight|def|2\n|move|p1a: fatass|Iron Defense|p1a: fatass\n|-boost|p1a: fatass|def|2\n|\n|-weather|none\n|-heal|p2a: Corviknight|93/100|[from] item: Leftovers\n|upkeep\n|\n|t:|1776512597\n|switch|p1b: bowl|Sinistcha, L50|100/100\n|-heal|p1a: fatass|85/100|[from] ability: Hospitality|[of] p1b: bowl\n|turn|6\n|\n|t:|1776512627\n|move|p2b: Garchomp|Iron Head|p1b: bowl\n|-damage|p1b: bowl|74/100\n|move|p2a: Corviknight|Iron Defense|p2a: Corviknight\n|-boost|p2a: Corviknight|def|2\n|cant|p1b: bowl|flinch\n|move|p1a: fatass|Body Press|p2a: Corviknight\n|-damage|p2a: Corviknight|66/100\n|\n|-heal|p2a: Corviknight|73/100|[from] item: Leftovers\n|upkeep\n|turn|7\n|\n|t:|1776512645\n|move|p1b: bowl|Rage Powder|p1b: bowl\n|-singleturn|p1b: bowl|move: Rage Powder\n|move|p2b: Garchomp|Iron Head|p1b: bowl\n|-damage|p1b: bowl|49/100\n|-enditem|p1b: bowl|Sitrus Berry|[eat]\n|-heal|p1b: bowl|74/100|[from] item: Sitrus Berry\n|move|p2a: Corviknight|Body Press|p1b: bowl\n|-immune|p1b: bowl\n|move|p1a: fatass|Heavy Slam|p2b: Garchomp\n|-damage|p2b: Garchomp|0 fnt\n|-damage|p1a: fatass|73/100|[from] ability: Rough Skin|[of] p2b: Garchomp\n|faint|p2b: Garchomp\n|\n|-heal|p2a: Corviknight|79/100|[from] item: Leftovers\n|upkeep\n|turn|8\n|\n|t:|1776512666\n|move|p1b: bowl|Rage Powder|p1b: bowl\n|-singleturn|p1b: bowl|move: Rage Powder\n|move|p2a: Corviknight|Iron Head|p1b: bowl\n|-damage|p1b: bowl|50/100\n|move|p1a: fatass|Body Press|p2a: Corviknight\n|-damage|p2a: Corviknight|51/100\n|\n|-heal|p2a: Corviknight|57/100|[from] item: Leftovers\n|upkeep\n|turn|9\n|\n|t:|1776512678\n|move|p1a: fatass|Protect|p1a: fatass\n|-singleturn|p1a: fatass|Protect\n|move|p2a: Corviknight|Iron Head|p1b: bowl\n|-damage|p1b: bowl|24/100\n|move|p1b: bowl|Life Dew|p1b: bowl|[spread] p1a,p1b\n|-heal|p1a: fatass|98/100\n|-heal|p1b: bowl|49/100\n|\n|-heal|p2a: Corviknight|64/100|[from] item: Leftovers\n|upkeep\n|turn|10\n|\n|t:|1776512691\n|move|p1b: bowl|Rage Powder|p1b: bowl\n|-singleturn|p1b: bowl|move: Rage Powder\n|move|p2a: Corviknight|Iron Head|p1b: bowl\n|-damage|p1b: bowl|22/100\n|move|p1a: fatass|Body Press|p2a: Corviknight\n|-crit|p2a: Corviknight\n|-damage|p2a: Corviknight|0 fnt\n|faint|p2a: Corviknight\n|\n|win|p3elz\n|raw|p3elz's rating: 1081 &rarr; <strong>1107</strong><br />(+26 for winning)\n|raw|MDewayne's rating: 1063 &rarr; <strong>1045</strong><br />(-18 for losing)\n|c|\u2606p3elz|gg\n|l|\u2606MDewayne\n|player|p2|\n",
  "uploadtime": 1776512709,
  "views": 15,
  "formatid": "gen9championsvgc2026regma",
  "rating": 1045,
  "private": 0,
  "password": null
}