{
  "id": "gen9championsvgc2026regma-2585985864",
  "format": "[Gen 9 Champions] VGC 2026 Reg M-A",
  "players": [
    "TheLoanRanger",
    "superboy245"
  ],
  "log": "|j|\u2606TheLoanRanger\n|j|\u2606superboy245\n|t:|1776387680\n|gametype|doubles\n|player|p1|TheLoanRanger|gardenia|1459\n|player|p2|superboy245|buck|1445\n|gen|9\n|tier|[Gen 9 Champions] VGC 2026 Reg M-A\n|rated|\n|rule|Species Clause: Limit one of each Pok\u00e9mon\n|rule|Item Clause: Limit 1 of each item\n|clearpoke\n|poke|p1|Golurk, L50|\n|poke|p1|Slowking-Galar, L50, M|\n|poke|p1|Tyranitar, L50, M|\n|poke|p1|Empoleon, L50, F|\n|poke|p1|Volcarona, L50, M|\n|poke|p1|Rotom-Mow, L50|\n|poke|p2|Greninja-*, L50, M|\n|poke|p2|Politoed, L50, M|\n|poke|p2|Basculegion, L50, M|\n|poke|p2|Lucario, L50, M|\n|poke|p2|Sinistcha, L50|\n|poke|p2|Toxicroak, L50, M|\n|teampreview|4\nsuperboy245 rejected open team sheets.\n|inactive|Battle timer is ON: inactive players will automatically lose when time's up. (requested by TheLoanRanger)\n|inactive|superboy245 has 60 seconds left.\n|inactive|superboy245 has 30 seconds left.\n|\n|t:|1776387791\n|teamsize|p1|4\n|teamsize|p2|4\n|start\n|switch|p1a: Volcarona|Volcarona, L50, M|100/100\n|switch|p1b: Slowking|Slowking-Galar, L50, M|100/100\n|switch|p2a: Greninja|Greninja, L50, M|100/100\n|switch|p2b: Politoed|Politoed, L50, M|100/100\n|-weather|RainDance|[from] ability: Drizzle|[of] p2b: Politoed\n|-clearboost|p1a: Volcarona|[from] ability: Curious Medicine|[of] p1b: Slowking\n|turn|1\n|\n|t:|1776387805\n|detailschange|p2a: Greninja|Greninja-Mega, L50, M\n|-mega|p2a: Greninja|Greninja|Greninjite\n|move|p1a: Volcarona|Rage Powder|p1a: Volcarona\n|-singleturn|p1a: Volcarona|move: Rage Powder\n|move|p2a: Greninja|Dark Pulse|p1a: Volcarona\n|-start|p2a: Greninja|typechange|Dark|[from] ability: Protean\n|-damage|p1a: Volcarona|63/100\n|move|p2b: Politoed|Weather Ball|p1a: Volcarona\n|-supereffective|p1a: Volcarona|1\n|-enditem|p1a: Volcarona|Passho Berry|[eat]\n|-enditem|p1a: Volcarona|Passho Berry|[weaken]\n|-damage|p1a: Volcarona|17/100\n|move|p1b: Slowking|Trick Room|p1b: Slowking\n|-fieldstart|move: Trick Room|[of] p1b: Slowking\n|\n|-weather|RainDance|[upkeep]\n|upkeep\n|turn|2\n|inactive|TheLoanRanger has 30 seconds left.\n|inactive|TheLoanRanger has 20 seconds left.\n|\n|t:|1776387844\n|move|p1a: Volcarona|Rage Powder|p1a: Volcarona\n|-singleturn|p1a: Volcarona|move: Rage Powder\n|move|p1b: Slowking|Sludge Bomb|p2a: Greninja\n|-damage|p2a: Greninja|56/100\n|-status|p2a: Greninja|psn\n|move|p2b: Politoed|Weather Ball|p1a: Volcarona\n|-supereffective|p1a: Volcarona|1\n|-damage|p1a: Volcarona|0 fnt\n|faint|p1a: Volcarona\n|move|p2a: Greninja|Dark Pulse|p1b: Slowking\n|-supereffective|p1b: Slowking|1\n|-enditem|p1b: Slowking|Colbur Berry|[eat]\n|-enditem|p1b: Slowking|Colbur Berry|[weaken]\n|-damage|p1b: Slowking|66/100\n|\n|-weather|RainDance|[upkeep]\n|-damage|p2a: Greninja|44/100 psn|[from] psn\n|upkeep\n|\n|t:|1776387851\n|switch|p1a: Golurk|Golurk, L50|100/100\n|turn|3\n|\n|t:|1776387870\n|switch|p2a: Basculegion|Basculegion, L50, M|100/100\n|detailschange|p1a: Golurk|Golurk-Mega, L50\n|-mega|p1a: Golurk|Golurk|Golurkite\n|move|p1b: Slowking|Sludge Bomb|p2b: Politoed\n|-damage|p2b: Politoed|76/100\n|move|p1a: Golurk|Headlong Rush|p2b: Politoed\n|-damage|p2b: Politoed|0 fnt\n|-unboost|p1a: Golurk|def|1\n|-unboost|p1a: Golurk|spd|1\n|faint|p2b: Politoed\n|\n|-weather|RainDance|[upkeep]\n|upkeep\n|\n|t:|1776387891\n|switch|p2b: Lucario|Lucario, L50, M|100/100\n|turn|4\n|\n|t:|1776387902\n|switch|p1a: Rotom|Rotom-Mow, L50|100/100\n|move|p1b: Slowking|Psychic|p2a: Basculegion\n|-damage|p2a: Basculegion|59/100\n|move|p2b: Lucario|Meteor Mash|p1b: Slowking\n|-damage|p1b: Slowking|31/100\n|move|p2a: Basculegion|Wave Crash|p1a: Rotom\n|-resisted|p1a: Rotom|1\n|-damage|p1a: Rotom|46/100\n|-damage|p2a: Basculegion|45/100|[from] Recoil\n|\n|-weather|RainDance|[upkeep]\n|upkeep\n|turn|5\n|inactive|superboy245 has 30 seconds left.\n|\n|t:|1776387933\n|move|p2b: Lucario|Bullet Punch|p1b: Slowking\n|-damage|p1b: Slowking|15/100\n|move|p2a: Basculegion|Aqua Jet|p1b: Slowking\n|-damage|p1b: Slowking|0 fnt\n|faint|p1b: Slowking\n|move|p1a: Rotom|Thunderbolt|p2b: Lucario\n|-damage|p2b: Lucario|18/100\n|\n|-weather|none\n|-fieldend|move: Trick Room\n|upkeep\n|\n|t:|1776387941\n|switch|p1b: Golurk|Golurk-Mega, L50|100/100\n|turn|6\n|\n|t:|1776387964\n|move|p1a: Rotom|Protect|p1a: Rotom\n|-singleturn|p1a: Rotom|Protect\n|move|p2b: Lucario|Close Combat|p1a: Rotom\n|-activate|p1a: Rotom|move: Protect\n|move|p2a: Basculegion|Last Respects|p1a: Rotom\n|-activate|p1a: Rotom|move: Protect\n|move|p1b: Golurk|Headlong Rush|p2a: Basculegion\n|-damage|p2a: Basculegion|0 fnt\n|-unboost|p1b: Golurk|def|1\n|-unboost|p1b: Golurk|spd|1\n|faint|p2a: Basculegion\n|\n|upkeep\n|\n|t:|1776387968\n|switch|p2a: Greninja|Greninja-Mega, L50, M|44/100 psn\n|turn|7\n|\n|t:|1776387986\n|move|p2a: Greninja|Dark Pulse|p1b: Golurk\n|-start|p2a: Greninja|typechange|Dark|[from] ability: Protean\n|-supereffective|p1b: Golurk|1\n|-damage|p1b: Golurk|0 fnt\n|faint|p1b: Golurk\n|move|p2b: Lucario|Close Combat|p1a: Rotom\n|-damage|p1a: Rotom|0 fnt\n|-unboost|p2b: Lucario|def|1\n|-unboost|p2b: Lucario|spd|1\n|faint|p1a: Rotom\n|\n|win|superboy245\n|raw|TheLoanRanger's rating: 1459 &rarr; <strong>1438</strong><br />(-21 for losing)\n|raw|superboy245's rating: 1445 &rarr; <strong>1466</strong><br />(+21 for winning)\n|l|\u2606TheLoanRanger\n|player|p1|\n",
  "uploadtime": 1776388003,
  "views": 36,
  "formatid": "gen9championsvgc2026regma",
  "rating": 1438,
  "private": 0,
  "password": null
}