{
  "id": "gen9championsvgc2026regma-2581744606",
  "format": "[Gen 9 Champions] VGC 2026 Reg M-A",
  "players": [
    "Obamna4",
    "lobbychatlagsmypc"
  ],
  "log": "|j|\u2606Obamna4\n|j|\u2606lobbychatlagsmypc\n|t:|1776025092\n|gametype|doubles\n|player|p1|Obamna4|169|1195\n|player|p2|lobbychatlagsmypc|266|1283\n|gen|9\n|tier|[Gen 9 Champions] VGC 2026 Reg M-A\n|rated|\n|rule|Species Clause: Limit one of each Pok\u00e9mon\n|rule|Item Clause: Limit 1 of each item\n|clearpoke\n|poke|p1|Excadrill, L50, F|\n|poke|p1|Tyranitar, L50, F|\n|poke|p1|Sneasler, L50, M|\n|poke|p1|Typhlosion-Hisui, L50, F|\n|poke|p1|Whimsicott, L50, F|\n|poke|p1|Primarina, L50, M|\n|poke|p2|Mudsdale, L50, F|\n|poke|p2|Chimecho, L50, M|\n|poke|p2|Volcarona, L50, F|\n|poke|p2|Blastoise, L50, F|\n|poke|p2|Whimsicott, L50, F|\n|poke|p2|Tyranitar, L50, M|\n|teampreview|4\n|inactive|Battle timer is ON: inactive players will automatically lose when time's up. (requested by lobbychatlagsmypc)\n|inactive|Obamna4 has 60 seconds left.\n|\n|t:|1776025133\n|teamsize|p1|4\n|teamsize|p2|4\n|start\n|switch|p1a: Whimsicott|Whimsicott, L50, F|100/100\n|switch|p1b: Primarina|Primarina, L50, M, shiny|100/100\n|switch|p2a: Chimecho|Chimecho, L50, M|100/100\n|switch|p2b: Tyranitar|Tyranitar, L50, M|100/100\n|-weather|Sandstorm|[from] ability: Sand Stream|[of] p2b: Tyranitar\n|turn|1\n|\n|t:|1776025146\n|detailschange|p2a: Chimecho|Chimecho-Mega, L50, M\n|-mega|p2a: Chimecho|Chimecho|Chimechite\n|move|p1a: Whimsicott|Tailwind|p1a: Whimsicott\n|-sidestart|p1: Obamna4|move: Tailwind\n|move|p1b: Primarina|Hyper Voice|p2a: Chimecho|[spread] p2a,p2b\n|-supereffective|p2b: Tyranitar|1\n|-damage|p2a: Chimecho|71/100\n|-damage|p2b: Tyranitar|62/100\n|move|p2b: Tyranitar|Rock Slide|p1a: Whimsicott|[spread] p1a,p1b\n|-damage|p1a: Whimsicott|66/100\n|-damage|p1b: Primarina|64/100\n|move|p2a: Chimecho|Trick Room|p2a: Chimecho\n|-fieldstart|move: Trick Room|[of] p2a: Chimecho\n|\n|-weather|Sandstorm|[upkeep]\n|-damage|p1b: Primarina|58/100|[from] Sandstorm\n|-damage|p1a: Whimsicott|60/100|[from] Sandstorm\n|-heal|p1b: Primarina|64/100|[from] item: Leftovers\n|upkeep\n|turn|2\n|\n|t:|1776025161\n|switch|p2a: Whimsicott|Whimsicott, L50, F|100/100\n|move|p1a: Whimsicott|Encore||[still]\n|-fail|p1a: Whimsicott\n|move|p2b: Tyranitar|Rock Slide|p1a: Whimsicott|[spread] p1a\n|-miss|p2b: Tyranitar|p1b: Primarina\n|-damage|p1a: Whimsicott|24/100\n|move|p1b: Primarina|Hyper Voice|p2b: Tyranitar|[spread] p2a,p2b\n|-resisted|p2a: Whimsicott|1\n|-supereffective|p2b: Tyranitar|1\n|-damage|p2a: Whimsicott|73/100\n|-damage|p2b: Tyranitar|18/100\n|\n|-weather|Sandstorm|[upkeep]\n|-damage|p1b: Primarina|58/100|[from] Sandstorm\n|-damage|p2a: Whimsicott|68/100|[from] Sandstorm\n|-damage|p1a: Whimsicott|18/100|[from] Sandstorm\n|-heal|p1b: Primarina|64/100|[from] item: Leftovers\n|upkeep\n|turn|3\n|\n|t:|1776025171\n|move|p2b: Tyranitar|Rock Slide|p1b: Primarina|[spread] p1b\n|-miss|p2b: Tyranitar|p1a: Whimsicott\n|-damage|p1b: Primarina|26/100\n|cant|p1b: Primarina|flinch\n|move|p2a: Whimsicott|Grass Knot|p1b: Primarina\n|-supereffective|p1b: Primarina|1\n|-damage|p1b: Primarina|0 fnt\n|faint|p1b: Primarina\n|move|p1a: Whimsicott|Moonblast|p2b: Tyranitar\n|-supereffective|p2b: Tyranitar|1\n|-damage|p2b: Tyranitar|0 fnt\n|faint|p2b: Tyranitar\n|\n|-weather|Sandstorm|[upkeep]\n|-damage|p2a: Whimsicott|62/100|[from] Sandstorm\n|-damage|p1a: Whimsicott|12/100|[from] Sandstorm\n|upkeep\n|\n|t:|1776025185\n|switch|p1b: Tyranitar|Tyranitar, L50, F, shiny|100/100\n|switch|p2b: Mudsdale|Mudsdale, L50, F|100/100\n|turn|4\n|\n|t:|1776025201\n|switch|p2a: Chimecho|Chimecho-Mega, L50, M|71/100\n|move|p1b: Tyranitar|Protect|p1b: Tyranitar\n|-singleturn|p1b: Tyranitar|Protect\n|move|p2b: Mudsdale|Earthquake|p1b: Tyranitar|[spread] p1a\n|-activate|p1b: Tyranitar|move: Protect\n|-immune|p2a: Chimecho|[from] ability: Levitate\n|-resisted|p1a: Whimsicott|1\n|-damage|p1a: Whimsicott|0 fnt\n|faint|p1a: Whimsicott\n|\n|-weather|Sandstorm|[upkeep]\n|-sideend|p1: Obamna4|move: Tailwind\n|upkeep\n|\n|t:|1776025209\n|switch|p1a: Typhlosion|Typhlosion-Hisui, L50, F, shiny|100/100\n|-item|p2a: Chimecho|Chimechite|[from] ability: Frisk|[of] p1a: Typhlosion\n|-item|p2b: Mudsdale|Soft Sand|[from] ability: Frisk|[of] p1a: Typhlosion\n|turn|5\n|\n|t:|1776025224\n|move|p1b: Tyranitar|Protect|p1b: Tyranitar\n|-singleturn|p1b: Tyranitar|Protect\n|move|p2b: Mudsdale|Earthquake|p1a: Typhlosion|[spread] p1a\n|-activate|p1b: Tyranitar|move: Protect\n|-immune|p2a: Chimecho|[from] ability: Levitate\n|-supereffective|p1a: Typhlosion|1\n|-damage|p1a: Typhlosion|0 fnt\n|faint|p1a: Typhlosion\n|move|p2a: Chimecho|Flash Cannon|p1b: Tyranitar\n|-activate|p1b: Tyranitar|move: Protect\n|\n|-weather|none\n|-fieldend|move: Trick Room\n|upkeep\n|turn|6\n|\n|t:|1776025232\n|detailschange|p1b: Tyranitar|Tyranitar-Mega, L50, F, shiny\n|-mega|p1b: Tyranitar|Tyranitar|Tyranitarite\n|-weather|Sandstorm|[from] ability: Sand Stream|[of] p1b: Tyranitar\n|move|p1b: Tyranitar|Crunch|p2a: Chimecho\n|-supereffective|p2a: Chimecho|1\n|-damage|p2a: Chimecho|0 fnt\n|faint|p2a: Chimecho\n|move|p2b: Mudsdale|Earthquake|p1b: Tyranitar\n|-supereffective|p1b: Tyranitar|1\n|-damage|p1b: Tyranitar|12/100\n|\n|-weather|Sandstorm|[upkeep]\n|upkeep\n|\n|t:|1776025235\n|switch|p2a: Whimsicott|Whimsicott, L50, F|62/100\n|turn|7\n|-message|Obamna4 forfeited.\n|\n|win|lobbychatlagsmypc\n|raw|Obamna4's rating: 1195 &rarr; <strong>1176</strong><br />(-19 for losing)\n|raw|lobbychatlagsmypc's rating: 1283 &rarr; <strong>1302</strong><br />(+19 for winning)\n|l|\u2606Obamna4\n|player|p1|\n|l|\u2606lobbychatlagsmypc\n|player|p2|\n|j|\u2606lobbychatlagsmypc\n|player|p2|lobbychatlagsmypc|266|\n",
  "uploadtime": 1776025435,
  "views": 23,
  "formatid": "gen9championsvgc2026regma",
  "rating": 1176,
  "private": 0,
  "password": null
}