{
  "id": "gen9championsvgc2026regma-2587207868",
  "format": "[Gen 9 Champions] VGC 2026 Reg M-A",
  "players": [
    "champion uraven",
    "antinn"
  ],
  "log": "|j|\u2606champion uraven\n|j|\u2606antinn\n|t:|1776509038\n|gametype|doubles\n|player|p1|champion uraven|benga|1102\n|player|p2|antinn|shadowtriad|1110\n|gen|9\n|tier|[Gen 9 Champions] VGC 2026 Reg M-A\n|rated|\n|rule|Species Clause: Limit one of each Pok\u00e9mon\n|rule|Item Clause: Limit 1 of each item\n|clearpoke\n|poke|p1|Tyranitar, L50, F|\n|poke|p1|Sneasler, L50, F|\n|poke|p1|Basculegion, L50, M|\n|poke|p1|Garchomp, L50, M|\n|poke|p1|Incineroar, L50, F|\n|poke|p1|Excadrill, L50, M|\n|poke|p2|Sableye, L50, M|\n|poke|p2|Flapple, L50, M|\n|poke|p2|Gengar, L50, F|\n|poke|p2|Weavile, L50, F|\n|poke|p2|Tauros, L50, M|\n|poke|p2|Arbok, L50, F|\n|teampreview|4\n|inactive|Battle timer is ON: inactive players will automatically lose when time's up. (requested by champion uraven)\n|inactive|champion uraven has 60 seconds left.\n|inactive|antinn has 60 seconds left.\nantinn rejected open team sheets.\n|inactive|champion uraven has 30 seconds left.\n|inactive|champion uraven has 20 seconds left.\n|inactive|champion uraven has 15 seconds left.\n|inactive|champion uraven has 10 seconds left.\n|inactive|champion uraven has 5 seconds left.\n|\n|t:|1776509128\n|teamsize|p1|4\n|teamsize|p2|4\n|start\n|switch|p1a: Incineroar|Incineroar, L50, F|100/100\n|switch|p1b: Excadrill|Excadrill, L50, M|100/100\n|switch|p2a: Weavile|Weavile, L50, F|100/100\n|switch|p2b: Dizzy|Tauros, L50, M|100/100\n|-ability|p1a: Incineroar|Intimidate|boost\n|-unboost|p2a: Weavile|atk|1\n|-unboost|p2b: Dizzy|atk|1\n|turn|1\n|inactive|champion uraven has 30 seconds left.\n|inactive|champion uraven has 20 seconds left.\n|inactive|champion uraven has 15 seconds left.\n|\n|t:|1776509170\n|move|p2a: Weavile|Upper Hand|p1a: Incineroar\n|-supereffective|p1a: Incineroar|1\n|-damage|p1a: Incineroar|72/100\n|cant|p1a: Incineroar|flinch\n|move|p2b: Dizzy|Fire Blast|p1b: Excadrill\n|-supereffective|p1b: Excadrill|1\n|-damage|p1b: Excadrill|32/100\n|move|p1b: Excadrill|Iron Head|p2a: Weavile\n|-supereffective|p2a: Weavile|1\n|-enditem|p2a: Weavile|Focus Sash\n|-damage|p2a: Weavile|1/100\n|-enditem|p1b: Excadrill|Focus Sash|[silent]|[from] ability: Pickpocket|[of] p1b: Excadrill\n|-item|p2a: Weavile|Focus Sash|[from] ability: Pickpocket|[of] p1b: Excadrill\n|\n|upkeep\n|turn|2\n|inactive|champion uraven has 30 seconds left.\n|inactive|antinn has 30 seconds left.\n|inactive|antinn has 20 seconds left.\n|inactive|champion uraven has 20 seconds left.\n|inactive|antinn has 15 seconds left.\n|\n|t:|1776509211\n|switch|p1b: Sneasler|Sneasler, L50, F|100/100\n|move|p2a: Weavile|Triple Axel|p1b: Sneasler\n|-damage|p1b: Sneasler|88/100\n|-damage|p1b: Sneasler|65/100\n|-damage|p1b: Sneasler|31/100\n|-hitcount|p1b: Sneasler|3\n|move|p2b: Dizzy|Rock Tomb|p1a: Incineroar\n|-supereffective|p1a: Incineroar|1\n|-damage|p1a: Incineroar|50/100\n|-enditem|p1a: Incineroar|Sitrus Berry|[eat]\n|-heal|p1a: Incineroar|75/100|[from] item: Sitrus Berry\n|move|p1a: Incineroar|Flare Blitz|p2a: Weavile\n|-supereffective|p2a: Weavile|1\n|-damage|p2a: Weavile|0 fnt\n|faint|p2a: Weavile\n|-damage|p1a: Incineroar|74/100|[from] Recoil\n|\n|upkeep\n|\n|t:|1776509232\n|switch|p2a: Sableye|Sableye, L50, M|100/100\n|turn|3\n|\n|t:|1776509257\n|switch|p2b: Gengar|Gengar, L50, F|100/100\n|move|p2a: Sableye|Gravity|p2a: Sableye\n|-fieldstart|move: Gravity\n|move|p1b: Sneasler|Close Combat|p2b: Gengar\n|-immune|p2b: Gengar\n|move|p1a: Incineroar|Flare Blitz|p2a: Sableye\n|-damage|p2a: Sableye|22/100\n|-damage|p1a: Incineroar|54/100|[from] Recoil\n|\n|upkeep\n|turn|4\n|inactive|champion uraven has 30 seconds left.\n|\n|t:|1776509287\n|detailschange|p2b: Gengar|Gengar-Mega, L50, F\n|-mega|p2b: Gengar|Gengar|Gengarite\n|move|p2a: Sableye|Encore|p1b: Sneasler\n|-start|p1b: Sneasler|Encore\n|move|p2b: Gengar|Focus Blast|p1a: Incineroar\n|-supereffective|p1a: Incineroar|1\n|-damage|p1a: Incineroar|0 fnt\n|faint|p1a: Incineroar\n|move|p1b: Sneasler|Close Combat|p2b: Gengar\n|-immune|p2b: Gengar\n|\n|upkeep\n|\n|t:|1776509298\n|switch|p1a: Excadrill|Excadrill, L50, M|32/100\n|turn|5\n|\n|t:|1776509315\n|move|p1a: Excadrill|Protect|p1a: Excadrill\n|-singleturn|p1a: Excadrill|Protect\n|move|p2a: Sableye|Feint|p1a: Excadrill\n|-activate|p1a: Excadrill|move: Feint\n|-resisted|p1a: Excadrill|1\n|-damage|p1a: Excadrill|28/100\n|move|p2b: Gengar|Focus Blast|p1a: Excadrill\n|-supereffective|p1a: Excadrill|1\n|-damage|p1a: Excadrill|0 fnt\n|faint|p1a: Excadrill\n|move|p1b: Sneasler|Close Combat|p2b: Gengar\n|-immune|p2b: Gengar\n|\n|upkeep\n|\n|t:|1776509327\n|switch|p1a: Tyranitar|Tyranitar, L50, F|100/100\n|-weather|Sandstorm|[from] ability: Sand Stream|[of] p1a: Tyranitar\n|turn|6\n|\n|t:|1776509336\n|detailschange|p1a: Tyranitar|Tyranitar-Mega, L50, F\n|-mega|p1a: Tyranitar|Tyranitar|Tyranitarite\n|move|p2a: Sableye|Feint|p1a: Tyranitar\n|-resisted|p1a: Tyranitar|1\n|-damage|p1a: Tyranitar|98/100\n|move|p2b: Gengar|Focus Blast|p1a: Tyranitar\n|-supereffective|p1a: Tyranitar|2\n|-damage|p1a: Tyranitar|0 fnt\n|faint|p1a: Tyranitar\n|move|p1b: Sneasler|Close Combat|p1: Tyranitar|[notarget]\n|-fail|p1b: Sneasler\n|\n|-weather|Sandstorm|[upkeep]\n|-damage|p2b: Gengar|95/100|[from] Sandstorm\n|-damage|p1b: Sneasler|25/100|[from] Sandstorm\n|-damage|p2a: Sableye|16/100|[from] Sandstorm\n|-end|p1b: Sneasler|Encore\n|upkeep\n|turn|7\n|-message|champion uraven forfeited.\n|\n|win|antinn\n|raw|champion uraven's rating: 1102 &rarr; <strong>1078</strong><br />(-24 for losing)\n|raw|antinn's rating: 1110 &rarr; <strong>1134</strong><br />(+24 for winning)\n|l|\u2606champion uraven\n|player|p1|\n",
  "uploadtime": 1776509356,
  "views": 16,
  "formatid": "gen9championsvgc2026regma",
  "rating": 1078,
  "private": 0,
  "password": null
}