{
  "id": "gen9championsvgc2026regma-2580657166",
  "format": "[Gen 9 Champions] VGC 2026 Reg M-A",
  "players": [
    "telegraphgo",
    "ferenainexi"
  ],
  "log": "|j|\u2606telegraphgo\n|j|\u2606ferenainexi\n|t:|1775921877\n|gametype|doubles\n|player|p1|telegraphgo|101|1005\n|player|p2|ferenainexi|scientistf|1076\n|gen|9\n|tier|[Gen 9 Champions] VGC 2026 Reg M-A\n|rated|\n|rule|Species Clause: Limit one of each Pok\u00e9mon\n|rule|Item Clause: Limit 1 of each item\n|clearpoke\n|poke|p1|Aerodactyl, L50, M|\n|poke|p1|Garchomp, L50, M|\n|poke|p1|Kingambit, L50, M|\n|poke|p1|Politoed, L50, M|\n|poke|p1|Incineroar, L50, F|\n|poke|p1|Gengar, L50, F|\n|poke|p2|Pinsir, L50, M|\n|poke|p2|Heracross, L50, M|\n|poke|p2|Vivillon, L50, M|\n|poke|p2|Orthworm, L50, M|\n|poke|p2|Kleavor, L50, F|\n|poke|p2|Clawitzer, L50, M|\n|teampreview|4\n|inactive|Battle timer is ON: inactive players will automatically lose when time's up. (requested by telegraphgo)\ntelegraphgo has agreed to open team sheets.\n|inactive|telegraphgo has 60 seconds left.\n|l|\u2606ferenainexi\n|inactive|ferenainexi disconnected and has a minute to reconnect!\n|player|p2|\n|\n|t:|1775921922\n|teamsize|p1|4\n|teamsize|p2|4\n|start\n|switch|p1a: Gengar|Gengar, L50, F|100/100\n|switch|p1b: Incineroar|Incineroar, L50, F|100/100\n|switch|p2a: Vivillon|Vivillon, L50, M|100/100\n|switch|p2b: Kleavor|Kleavor, L50, F|100/100\n|-ability|p1b: Incineroar|Intimidate|boost\n|-unboost|p2a: Vivillon|atk|1\n|-unboost|p2b: Kleavor|atk|1\n|turn|1\n|j|\u2606ferenainexi\n|inactive|ferenainexi reconnected and has 40 seconds left.\n|player|p2|ferenainexi|scientistf|\n|inactive|telegraphgo has 30 seconds left.\n|inactive|ferenainexi has 30 seconds left.\n|\n|t:|1775921954\n|detailschange|p1a: Gengar|Gengar-Mega, L50, F\n|-mega|p1a: Gengar|Gengar|Gengarite\n|move|p1b: Incineroar|Fake Out|p2b: Kleavor\n|-resisted|p2b: Kleavor|1\n|-damage|p2b: Kleavor|96/100\n|move|p1a: Gengar|Perish Song|p1a: Gengar\n|-start|p1a: Gengar|perish3|[silent]\n|-start|p1b: Incineroar|perish3|[silent]\n|-start|p2a: Vivillon|perish3|[silent]\n|-start|p2b: Kleavor|perish3|[silent]\n|-fieldactivate|move: Perish Song\n|move|p2a: Vivillon|Sleep Powder|p1b: Incineroar|[miss]\n|-miss|p2a: Vivillon|p1b: Incineroar\n|cant|p2b: Kleavor|flinch\n|\n|-start|p1a: Gengar|perish3\n|-start|p2a: Vivillon|perish3\n|-start|p2b: Kleavor|perish3\n|-start|p1b: Incineroar|perish3\n|upkeep\n|turn|2\n|inactive|telegraphgo has 30 seconds left.\n|inactive|telegraphgo has 20 seconds left.\n|\n|t:|1775921990\n|move|p1a: Gengar|Protect|p1a: Gengar\n|-singleturn|p1a: Gengar|Protect\n|move|p1b: Incineroar|Protect|p1b: Incineroar\n|-singleturn|p1b: Incineroar|Protect\n|move|p2a: Vivillon|Sleep Powder|p1b: Incineroar\n|-activate|p1b: Incineroar|move: Protect\n|move|p2b: Kleavor|Stone Axe|p1b: Incineroar\n|-activate|p1b: Incineroar|move: Protect\n|\n|-start|p1a: Gengar|perish2\n|-start|p2a: Vivillon|perish2\n|-start|p2b: Kleavor|perish2\n|-start|p1b: Incineroar|perish2\n|upkeep\n|turn|3\n|inactive|ferenainexi has 30 seconds left.\n|\n|t:|1775922023\n|switch|p1a: Politoed|Politoed, L50, M|100/100\n|-weather|RainDance|[from] ability: Drizzle|[of] p1a: Politoed\n|move|p2a: Vivillon|Sleep Powder|p1b: Incineroar\n|-status|p1b: Incineroar|slp|[from] move: Sleep Powder\n|move|p2b: Kleavor|Stone Axe|p1a: Politoed|[miss]\n|-miss|p2b: Kleavor|p1a: Politoed\n|cant|p1b: Incineroar|slp\n|\n|-weather|RainDance|[upkeep]\n|-start|p2a: Vivillon|perish1\n|-start|p2b: Kleavor|perish1\n|-start|p1b: Incineroar|perish1\n|upkeep\n|turn|4\n|inactive|telegraphgo has 30 seconds left.\n|inactive|telegraphgo has 20 seconds left.\n|inactive|telegraphgo has 15 seconds left.\n|inactive|telegraphgo has 10 seconds left.\n|\n|t:|1775922074\n|switch|p2a: Clawitzer|Clawitzer, L50, M|100/100\n|switch|p2b: Heracross|Heracross, L50, M|100/100\n|switch|p1b: Gengar|Gengar-Mega, L50, F|100/100\n|move|p1a: Politoed|Perish Song|p1a: Politoed\n|-start|p1a: Politoed|perish3|[silent]\n|-start|p1b: Gengar|perish3|[silent]\n|-start|p2a: Clawitzer|perish3|[silent]\n|-start|p2b: Heracross|perish3|[silent]\n|-fieldactivate|move: Perish Song\n|\n|-weather|RainDance|[upkeep]\n|-start|p1b: Gengar|perish3\n|-start|p2b: Heracross|perish3\n|-start|p1a: Politoed|perish3\n|-start|p2a: Clawitzer|perish3\n|upkeep\n|turn|5\n|inactive|telegraphgo has 30 seconds left.\n|inactive|ferenainexi has 30 seconds left.\n|inactive|telegraphgo has 20 seconds left.\n|inactive|telegraphgo has 15 seconds left.\n|\n|t:|1775922114\n|move|p1b: Gengar|Protect|p1b: Gengar\n|-singleturn|p1b: Gengar|Protect\n|move|p1a: Politoed|Protect|p1a: Politoed\n|-singleturn|p1a: Politoed|Protect\n|move|p2b: Heracross|Knock Off|p1a: Politoed\n|-activate|p1a: Politoed|move: Protect\n|move|p2a: Clawitzer|Dark Pulse|p1b: Gengar\n|-activate|p1b: Gengar|move: Protect\n|\n|-weather|RainDance|[upkeep]\n|-start|p1b: Gengar|perish2\n|-start|p2b: Heracross|perish2\n|-start|p1a: Politoed|perish2\n|-start|p2a: Clawitzer|perish2\n|upkeep\n|turn|6\n|inactive|telegraphgo has 30 seconds left.\n|inactive|ferenainexi has 30 seconds left.\n|\n|t:|1775922147\n|switch|p1b: Incineroar|Incineroar, L50, F|100/100 slp\n|-ability|p1b: Incineroar|Intimidate|boost\n|-unboost|p2a: Clawitzer|atk|1\n|-unboost|p2b: Heracross|atk|1\n|move|p2b: Heracross|Knock Off|p1b: Incineroar\n|-resisted|p1b: Incineroar|1\n|-damage|p1b: Incineroar|89/100 slp\n|-enditem|p1b: Incineroar|Sitrus Berry|[from] move: Knock Off|[of] p2b: Heracross\n|move|p1a: Politoed|Weather Ball|p2b: Heracross\n|-damage|p2b: Heracross|40/100\n|move|p2a: Clawitzer|Dark Pulse|p1b: Incineroar\n|-resisted|p1b: Incineroar|1\n|-damage|p1b: Incineroar|72/100 slp\n|\n|-weather|RainDance|[upkeep]\n|-start|p2b: Heracross|perish1\n|-start|p1a: Politoed|perish1\n|-start|p2a: Clawitzer|perish1\n|upkeep\n|turn|7\n|inactive|telegraphgo has 30 seconds left.\n|\n|t:|1775922177\n|switch|p2b: Kleavor|Kleavor, L50, F|96/100\n|switch|p1a: Garchomp|Garchomp, L50, M|100/100\n|switch|p2a: Vivillon|Vivillon, L50, M|100/100\n|cant|p1b: Incineroar|slp\n|\n|-weather|none\n|upkeep\n|turn|8\n|inactive|telegraphgo has 30 seconds left.\n|\n|t:|1775922212\n|move|p2a: Vivillon|Sleep Powder|p1a: Garchomp|[miss]\n|-miss|p2a: Vivillon|p1a: Garchomp\n|move|p1a: Garchomp|Rock Slide|p2a: Vivillon|[spread] p2a\n|-miss|p1a: Garchomp|p2b: Kleavor\n|-supereffective|p2a: Vivillon|2\n|-enditem|p2a: Vivillon|Focus Sash\n|-damage|p2a: Vivillon|1/100\n|move|p2b: Kleavor|Stone Axe|p1b: Incineroar\n|-supereffective|p1b: Incineroar|1\n|-damage|p1b: Incineroar|0 fnt\n|-sidestart|p1: telegraphgo|move: Stealth Rock\n|faint|p1b: Incineroar\n|\n|upkeep\n|\n|t:|1775922224\n|switch|p1b: Gengar|Gengar-Mega, L50, F|100/100\n|-damage|p1b: Gengar|89/100|[from] Stealth Rock\n|turn|9\n|\n|t:|1775922248\n|move|p2a: Vivillon|Protect|p2a: Vivillon\n|-singleturn|p2a: Vivillon|Protect\n|move|p1b: Gengar|Shadow Ball|p2a: Vivillon\n|-activate|p2a: Vivillon|move: Protect\n|move|p1a: Garchomp|Rock Slide|p2a: Vivillon|[spread] p2b\n|-activate|p2a: Vivillon|move: Protect\n|-supereffective|p2b: Kleavor|1\n|-damage|p2b: Kleavor|54/100\n|cant|p2b: Kleavor|flinch\n|\n|upkeep\n|turn|10\n|inactive|telegraphgo has 30 seconds left.\n|inactive|ferenainexi has 30 seconds left.\n|inactive|telegraphgo has 20 seconds left.\n|inactive|telegraphgo has 15 seconds left.\n|\n|t:|1775922291\n|move|p1b: Gengar|Protect|p1b: Gengar\n|-singleturn|p1b: Gengar|Protect\n|move|p2a: Vivillon|Tailwind|p2a: Vivillon\n|-sidestart|p2: ferenainexi|move: Tailwind\n|move|p2b: Kleavor|Rock Slide|p1b: Gengar|[spread] p1a\n|-activate|p1b: Gengar|move: Protect\n|-resisted|p1a: Garchomp|1\n|-damage|p1a: Garchomp|85/100\n|cant|p1a: Garchomp|flinch\n|\n|upkeep\n|turn|11\n|\n|t:|1775922310\n|move|p2a: Vivillon|Sleep Powder|p1b: Gengar\n|-status|p1b: Gengar|slp|[from] move: Sleep Powder\n|move|p2b: Kleavor|Stone Axe|p1a: Garchomp\n|-resisted|p1a: Garchomp|1\n|-damage|p1a: Garchomp|59/100\n|-damage|p2b: Kleavor|42/100|[from] ability: Rough Skin|[of] p1a: Garchomp\n|cant|p1b: Gengar|slp\n|move|p1a: Garchomp|Rock Slide|p2b: Kleavor|[spread] p2a,p2b\n|-supereffective|p2a: Vivillon|2\n|-supereffective|p2b: Kleavor|1\n|-damage|p2a: Vivillon|0 fnt\n|-damage|p2b: Kleavor|0 fnt\n|faint|p2a: Vivillon\n|faint|p2b: Kleavor\n|\n|upkeep\n|\n|t:|1775922322\n|switch|p2a: Clawitzer|Clawitzer, L50, M|100/100\n|switch|p2b: Heracross|Heracross, L50, M|40/100\n|turn|12\n|inactive|telegraphgo has 30 seconds left.\n|inactive|ferenainexi has 30 seconds left.\n|\n|t:|1775922349\n|detailschange|p2b: Heracross|Heracross-Mega, L50, M\n|-mega|p2b: Heracross|Heracross|Heracronite\n|cant|p1b: Gengar|slp\n|move|p2b: Heracross|Rock Blast|p1a: Garchomp\n|-resisted|p1a: Garchomp|1\n|-damage|p1a: Garchomp|53/100\n|-resisted|p1a: Garchomp|1\n|-damage|p1a: Garchomp|48/100\n|-resisted|p1a: Garchomp|1\n|-damage|p1a: Garchomp|42/100\n|-resisted|p1a: Garchomp|1\n|-damage|p1a: Garchomp|35/100\n|-resisted|p1a: Garchomp|1\n|-damage|p1a: Garchomp|29/100\n|-hitcount|p1a: Garchomp|5\n|move|p2a: Clawitzer|Ice Beam|p1a: Garchomp\n|-supereffective|p1a: Garchomp|2\n|-damage|p1a: Garchomp|0 fnt\n|faint|p1a: Garchomp\n|\n|upkeep\n|\n|t:|1775922362\n|switch|p1a: Politoed|Politoed, L50, M|100/100\n|-damage|p1a: Politoed|88/100|[from] Stealth Rock\n|-weather|RainDance|[from] ability: Drizzle|[of] p1a: Politoed\n|turn|13\n|inactive|telegraphgo has 30 seconds left.\n|inactive|ferenainexi has 30 seconds left.\n|-activate|p2a: Clawitzer|item: Quick Claw\n|\n|t:|1775922394\n|move|p2a: Clawitzer|Dark Pulse|p1b: Gengar\n|-supereffective|p1b: Gengar|1\n|-damage|p1b: Gengar|0 fnt\n|faint|p1b: Gengar\n|move|p2b: Heracross|Rock Blast|p1a: Politoed\n|-damage|p1a: Politoed|78/100\n|-damage|p1a: Politoed|68/100\n|-damage|p1a: Politoed|57/100\n|-damage|p1a: Politoed|45/100\n|-damage|p1a: Politoed|35/100\n|-hitcount|p1a: Politoed|5\n|move|p1a: Politoed|Encore|p2a: Clawitzer\n|-start|p2a: Clawitzer|Encore\n|\n|-weather|RainDance|[upkeep]\n|-heal|p1a: Politoed|41/100|[from] item: Leftovers\n|-sideend|p2: ferenainexi|move: Tailwind\n|upkeep\n|turn|14\n|inactive|telegraphgo has 30 seconds left this turn.\n|inactive|telegraphgo has 20 seconds left.\n|inactive|ferenainexi has 30 seconds left.\n|\n|t:|1775922422\n|move|p2b: Heracross|Rock Blast|p1a: Politoed\n|-damage|p1a: Politoed|30/100\n|-damage|p1a: Politoed|20/100\n|-damage|p1a: Politoed|10/100\n|-damage|p1a: Politoed|0 fnt\n|faint|p1a: Politoed\n|-hitcount|p1: Politoed|4\n|\n|win|ferenainexi\n|raw|telegraphgo's rating: 1005 &rarr; <strong>1000</strong><br />(-5 for losing)\n|raw|ferenainexi's rating: 1076 &rarr; <strong>1099</strong><br />(+23 for winning)\n|l|\u2606telegraphgo\n|player|p1|\n|l|\u2606ferenainexi\n|player|p2|\n|j|\u2606ferenainexi\n|player|p2|ferenainexi|scientistf|\n",
  "uploadtime": 1775922473,
  "views": 11,
  "formatid": "gen9championsvgc2026regma",
  "rating": 1000,
  "private": 0,
  "password": null
}