{
  "id": "gen9championsvgc2026regma-2586855261",
  "format": "[Gen 9 Champions] VGC 2026 Reg M-A",
  "players": [
    "Thejekox",
    "d4ntez"
  ],
  "log": "|j|\u2606Thejekox\n|j|\u2606d4ntez\n|t:|1776465665\n|gametype|doubles\n|player|p1|Thejekox|265|1094\n|player|p2|d4ntez|cyclist|1180\n|gen|9\n|tier|[Gen 9 Champions] VGC 2026 Reg M-A\n|rated|\n|rule|Species Clause: Limit one of each Pok\u00e9mon\n|rule|Item Clause: Limit 1 of each item\n|clearpoke\n|poke|p1|Torkoal, L50, F|\n|poke|p1|Oranguru, L50, M|\n|poke|p1|Leafeon, L50, M|\n|poke|p1|Camerupt, L50, M|\n|poke|p1|Garganacl, L50, F|\n|poke|p1|Salazzle, L50, F|\n|poke|p2|Hydreigon, L50, M|\n|poke|p2|Araquanid, L50, F|\n|poke|p2|Glimmora, L50, F|\n|poke|p2|Aegislash, L50, F|\n|poke|p2|Tauros-Paldea-Blaze, L50, M|\n|poke|p2|Farigiraf, L50, F|\n|teampreview|4\n|\n|t:|1776465704\n|teamsize|p1|4\n|teamsize|p2|4\n|start\n|switch|p1a: Torkoal|Torkoal, L50, F|100/100\n|switch|p1b: Oranguru|Oranguru, L50, M|100/100\n|switch|p2a: Hydreigon|Hydreigon, L50, M|100/100\n|switch|p2b: Araquanid|Araquanid, L50, F|100/100\n|-weather|SunnyDay|[from] ability: Drought|[of] p1a: Torkoal\n|turn|1\n|inactive|Battle timer is ON: inactive players will automatically lose when time's up. (requested by Thejekox)\n|\n|t:|1776465730\n|move|p1b: Oranguru|Protect|p1b: Oranguru\n|-singleturn|p1b: Oranguru|Protect\n|move|p2b: Araquanid|Wide Guard|p2b: Araquanid\n|-singleturn|p2b: Araquanid|Wide Guard\n|move|p2a: Hydreigon|Dark Pulse|p1b: Oranguru\n|-activate|p1b: Oranguru|move: Protect\n|move|p1a: Torkoal|Eruption|p2a: Hydreigon|[spread] \n|-activate|p2a: Hydreigon|move: Wide Guard\n|-activate|p2b: Araquanid|move: Wide Guard\n|\n|-weather|SunnyDay|[upkeep]\n|upkeep\n|turn|2\n|inactive|d4ntez has 30 seconds left.\n|\n|t:|1776465756\n|move|p2a: Hydreigon|Dark Pulse|p1b: Oranguru\n|-supereffective|p1b: Oranguru|1\n|-damage|p1b: Oranguru|39/100\n|move|p2b: Araquanid|Liquidation|p1a: Torkoal\n|-supereffective|p1a: Torkoal|1\n|-damage|p1a: Torkoal|45/100\n|-unboost|p1a: Torkoal|def|1\n|move|p1a: Torkoal|Solar Beam||[still]\n|-prepare|p1a: Torkoal|Solar Beam\n|-anim|p1a: Torkoal|Solar Beam|p2b: Araquanid\n|-damage|p2b: Araquanid|72/100\n|move|p1b: Oranguru|Trick Room|p1b: Oranguru\n|-fieldstart|move: Trick Room|[of] p1b: Oranguru\n|\n|-weather|SunnyDay|[upkeep]\n|upkeep\n|turn|3\n|inactive|d4ntez has 30 seconds left.\n|\n|t:|1776465783\n|switch|p1b: Camerupt|Camerupt, L50, M|100/100\n|move|p1a: Torkoal|Protect|p1a: Torkoal\n|-singleturn|p1a: Torkoal|Protect\n|move|p2b: Araquanid|Protect|p2b: Araquanid\n|-singleturn|p2b: Araquanid|Protect\n|move|p2a: Hydreigon|Dark Pulse|p1b: Camerupt\n|-damage|p1b: Camerupt|48/100\n|\n|-weather|SunnyDay|[upkeep]\n|upkeep\n|turn|4\n|inactive|Thejekox has 30 seconds left.\n|inactive|d4ntez has 30 seconds left.\n|\n|t:|1776465811\n|detailschange|p1b: Camerupt|Camerupt-Mega, L50, M\n|-mega|p1b: Camerupt|Camerupt|Cameruptite\n|move|p2b: Araquanid|Wide Guard|p2b: Araquanid\n|-singleturn|p2b: Araquanid|Wide Guard\n|move|p1a: Torkoal|Eruption|p2a: Hydreigon|[spread] \n|-activate|p2a: Hydreigon|move: Wide Guard\n|-activate|p2b: Araquanid|move: Wide Guard\n|move|p1b: Camerupt|Overheat|p2a: Hydreigon\n|-resisted|p2a: Hydreigon|1\n|-crit|p2a: Hydreigon\n|-enditem|p2a: Hydreigon|Focus Sash\n|-damage|p2a: Hydreigon|1/100\n|-unboost|p1b: Camerupt|spa|2\n|move|p2a: Hydreigon|Dark Pulse|p1a: Torkoal\n|-damage|p1a: Torkoal|0 fnt\n|faint|p1a: Torkoal\n|\n|-weather|SunnyDay|[upkeep]\n|upkeep\n|\n|t:|1776465832\n|switch|p1a: Garganacl|Garganacl, L50, F|100/100\n|turn|5\n|l|\u2606d4ntez\n|inactive|d4ntez disconnected and has a minute to reconnect!\n|player|p2|\n|j|\u2606d4ntez\n|inactive|d4ntez reconnected and has 35 seconds left.\n|player|p2|d4ntez|cyclist|\n|inactive|d4ntez has 30 seconds left.\n|\n|t:|1776465860\n|move|p2b: Araquanid|Protect|p2b: Araquanid\n|-singleturn|p2b: Araquanid|Protect\n|move|p1b: Camerupt|Earth Power|p2b: Araquanid\n|-activate|p2b: Araquanid|move: Protect\n|move|p1a: Garganacl|Rock Slide|p2a: Hydreigon|[spread] \n|-activate|p2b: Araquanid|move: Protect\n|-miss|p1a: Garganacl|p2a: Hydreigon\n|move|p2a: Hydreigon|Tailwind|p2a: Hydreigon\n|-sidestart|p2: d4ntez|move: Tailwind\n|\n|-weather|none\n|upkeep\n|turn|6\n|inactive|Thejekox has 30 seconds left.\n|inactive|d4ntez has 30 seconds left.\n|\n|t:|1776465887\n|switch|p1b: Oranguru|Oranguru, L50, M|39/100\n|move|p2a: Hydreigon|Protect|p2a: Hydreigon\n|-singleturn|p2a: Hydreigon|Protect\n|move|p1a: Garganacl|Body Press|p2a: Hydreigon\n|-activate|p2a: Hydreigon|move: Protect\n|move|p2b: Araquanid|Liquidation|p1b: Oranguru\n|-damage|p1b: Oranguru|0 fnt\n|faint|p1b: Oranguru\n|\n|-fieldend|move: Trick Room\n|upkeep\n|\n|t:|1776465901\n|switch|p1b: Camerupt|Camerupt-Mega, L50, M|48/100\n|turn|7\n|\n|t:|1776465913\n|move|p2a: Hydreigon|Draco Meteor|p1a: Garganacl|[miss]\n|-miss|p2a: Hydreigon|p1a: Garganacl\n|move|p2b: Araquanid|Liquidation|p1b: Camerupt\n|-supereffective|p1b: Camerupt|2\n|-damage|p1b: Camerupt|0 fnt\n|faint|p1b: Camerupt\n|move|p1a: Garganacl|Body Press|p2a: Hydreigon\n|-supereffective|p2a: Hydreigon|1\n|-damage|p2a: Hydreigon|0 fnt\n|faint|p2a: Hydreigon\n|\n|upkeep\n|l|\u2606d4ntez\n|inactive|d4ntez disconnected and has a minute to reconnect!\n|player|p2|\n|inactive|d4ntez has 30 seconds left.\n|inactive|d4ntez has 20 seconds left.\n|inactive|d4ntez has 15 seconds left.\n|inactive|d4ntez has 10 seconds left.\n|j|\u2606d4ntez\n|inactive|d4ntez reconnected and has 10 seconds left.\n|player|p2|d4ntez|cyclist|\n|inactive|d4ntez has 5 seconds left.\n|\n|t:|1776465968\n|switch|p2a: Tauros|Tauros-Paldea-Blaze, L50, M|100/100\n|-ability|p2a: Tauros|Intimidate|boost\n|-fail|p1a: Garganacl|unboost|[from] ability: Clear Body|[of] p1a: Garganacl\n|turn|8\n|\n|t:|1776465977\n|move|p1a: Garganacl|Protect|p1a: Garganacl\n|-singleturn|p1a: Garganacl|Protect\n|move|p2a: Tauros|Close Combat|p1a: Garganacl\n|-activate|p1a: Garganacl|move: Protect\n|move|p2b: Araquanid|Liquidation|p1a: Garganacl\n|-activate|p1a: Garganacl|move: Protect\n|\n|-sideend|p2: d4ntez|move: Tailwind\n|upkeep\n|turn|9\n|\n|t:|1776465990\n|move|p2a: Tauros|Close Combat|p1a: Garganacl\n|-supereffective|p1a: Garganacl|1\n|-damage|p1a: Garganacl|16/100\n|-unboost|p2a: Tauros|def|1\n|-unboost|p2a: Tauros|spd|1\n|-enditem|p2a: Tauros|White Herb\n|-clearnegativeboost|p2a: Tauros|[silent]\n|move|p2b: Araquanid|Liquidation|p1a: Garganacl\n|-supereffective|p1a: Garganacl|1\n|-damage|p1a: Garganacl|0 fnt\n|faint|p1a: Garganacl\n|\n|win|d4ntez\n|raw|Thejekox's rating: 1094 &rarr; <strong>1076</strong><br />(-18 for losing)\n|raw|d4ntez's rating: 1180 &rarr; <strong>1199</strong><br />(+19 for winning)\n|l|\u2606Thejekox\n|player|p1|\n",
  "uploadtime": 1776466011,
  "views": 25,
  "formatid": "gen9championsvgc2026regma",
  "rating": 1076,
  "private": 0,
  "password": null
}