{
  "id": "gen9championsvgc2026regma-2587772494",
  "format": "[Gen 9 Champions] VGC 2026 Reg M-A",
  "players": [
    "linhlunh",
    "Noobilio"
  ],
  "log": "|j|\u2606linhlunh\n|j|\u2606Noobilio\n|t:|1776562470\n|gametype|doubles\n|player|p1|linhlunh|cress|1246\n|player|p2|Noobilio|nurse|1330\n|gen|9\n|tier|[Gen 9 Champions] VGC 2026 Reg M-A\n|rated|\n|rule|Species Clause: Limit one of each Pok\u00e9mon\n|rule|Item Clause: Limit 1 of each item\n|clearpoke\n|poke|p1|Pelipper, L50, M, shiny|\n|poke|p1|Meganium, L50, M, shiny|\n|poke|p1|Garchomp, L50, M, shiny|\n|poke|p1|Meowstic, L50, M, shiny|\n|poke|p1|Archaludon, L50, M, shiny|\n|poke|p1|Glimmora, L50, M, shiny|\n|poke|p2|Froslass, L50, F|\n|poke|p2|Palafin, L50, F|\n|poke|p2|Kingambit, L50, F|\n|poke|p2|Arcanine-Hisui, L50, F|\n|poke|p2|Sinistcha, L50|\n|poke|p2|Sneasler, L50, F|\n|teampreview|4\n|\n|t:|1776562508\n|teamsize|p1|4\n|teamsize|p2|4\n|start\n|switch|p1a: Garchomp|Garchomp, L50, M, shiny|100/100\n|switch|p1b: Meowstic|Meowstic, L50, M, shiny|100/100\n|switch|p2a: Froslass|Froslass, L50, F|100/100\n|switch|p2b: Palafin|Palafin, L50, F|100/100\n|turn|1\n|\n|t:|1776562537\n|detailschange|p2b: Palafin|Palafin-Hero, L50, F\n|switch|p2b: Sneasler|Sneasler, L50, F|100/100\n|move|p2a: Froslass|Protect|p2a: Froslass\n|-singleturn|p2a: Froslass|Protect\n|move|p1a: Garchomp|Protect|p1a: Garchomp\n|-singleturn|p1a: Garchomp|Protect\n|move|p1b: Meowstic|Thunder Wave|p2a: Froslass\n|-activate|p2a: Froslass|move: Protect\n|\n|upkeep\n|turn|2\n|\n|t:|1776562556\n|detailschange|p2a: Froslass|Froslass-Mega, L50, F\n|-mega|p2a: Froslass|Froslass|Froslassite\n|-weather|Snowscape|[from] ability: Snow Warning|[of] p2a: Froslass\n|move|p2b: Sneasler|Fake Out|p1b: Meowstic\n|-damage|p1b: Meowstic|79/100\n|cant|p1b: Meowstic|flinch\n|move|p2a: Froslass|Blizzard|p1b: Meowstic|[spread] p1a,p1b\n|-supereffective|p1a: Garchomp|2\n|-enditem|p1a: Garchomp|Yache Berry|[eat]\n|-enditem|p1a: Garchomp|Yache Berry|[weaken]\n|-damage|p1a: Garchomp|0 fnt\n|-damage|p1b: Meowstic|19/100\n|faint|p1a: Garchomp\n|\n|-weather|Snowscape|[upkeep]\n|upkeep\n|\n|t:|1776562573\n|switch|p1a: Pelipper|Pelipper, L50, M, shiny|100/100\n|-weather|RainDance|[from] ability: Drizzle|[of] p1a: Pelipper\n|turn|3\n|\n|t:|1776562600\n|switch|p2a: Sinistcha|Sinistcha, L50|100/100\n|switch|p2b: Palafin|Palafin-Hero, L50, F|100/100\n|-activate|p2b: Palafin|ability: Zero to Hero\n|move|p1b: Meowstic|Thunder Wave|p2a: Sinistcha\n|-status|p2a: Sinistcha|par\n|move|p1a: Pelipper|Hurricane|p2b: Palafin\n|-damage|p2b: Palafin|63/100\n|-start|p2b: Palafin|confusion\n|\n|-weather|RainDance|[upkeep]\n|upkeep\n|turn|4\n|\n|t:|1776562628\n|-activate|p2b: Palafin|confusion\n|move|p2b: Palafin|Protect|p2b: Palafin\n|-singleturn|p2b: Palafin|Protect\n|move|p1b: Meowstic|Thunder Wave|p2b: Palafin\n|-activate|p2b: Palafin|move: Protect\n|move|p1a: Pelipper|Hurricane|p2a: Sinistcha\n|-supereffective|p2a: Sinistcha|1\n|-damage|p2a: Sinistcha|25/100 par\n|-enditem|p2a: Sinistcha|Sitrus Berry|[eat]\n|-heal|p2a: Sinistcha|50/100 par|[from] item: Sitrus Berry\n|move|p2a: Sinistcha|Matcha Gotcha|p1a: Pelipper|[spread] p1a,p1b\n|-damage|p1a: Pelipper|73/100\n|-heal|p2a: Sinistcha|63/100 par|[from] drain|[of] p1a: Pelipper\n|-damage|p1b: Meowstic|0 fnt\n|-heal|p2a: Sinistcha|71/100 par|[from] drain|[of] p1b: Meowstic\n|faint|p1b: Meowstic\n|\n|-weather|RainDance|[upkeep]\n|upkeep\n|\n|t:|1776562632\n|switch|p1b: Glimmora|Glimmora, L50, M, shiny|100/100\n|turn|5\n|\n|t:|1776562655\n|switch|p2a: Froslass|Froslass-Mega, L50, F|100/100\n|-weather|Snowscape|[from] ability: Snow Warning|[of] p2a: Froslass\n|move|p1b: Glimmora|Spiky Shield|p1b: Glimmora\n|-singleturn|p1b: Glimmora|move: Protect\n|-activate|p2b: Palafin|confusion\n|move|p2b: Palafin|Jet Punch|p1b: Glimmora\n|-activate|p1b: Glimmora|move: Protect\n|-damage|p2b: Palafin|51/100|[from] Spiky Shield|[of] p1b: Glimmora\n|move|p1a: Pelipper|Tailwind|p1a: Pelipper\n|-sidestart|p1: linhlunh|move: Tailwind\n|\n|-weather|Snowscape|[upkeep]\n|upkeep\n|turn|6\n|\n|t:|1776562684\n|switch|p2b: Sneasler|Sneasler, L50, F|100/100\n|detailschange|p1b: Glimmora|Glimmora-Mega, L50, M, shiny\n|-mega|p1b: Glimmora|Glimmora|Glimmoranite\n|move|p2a: Froslass|Protect|p2a: Froslass\n|-singleturn|p2a: Froslass|Protect\n|move|p1a: Pelipper|Wide Guard|p1a: Pelipper\n|-singleturn|p1a: Pelipper|Wide Guard\n|move|p1b: Glimmora|Sludge Wave|p2a: Froslass|[spread] p2b\n|-activate|p1a: Pelipper|move: Wide Guard\n|-activate|p2a: Froslass|move: Protect\n|-resisted|p2b: Sneasler|1\n|-damage|p2b: Sneasler|65/100\n|\n|-weather|Snowscape|[upkeep]\n|upkeep\n|turn|7\n|\n|t:|1776562716\n|move|p1b: Glimmora|Spiky Shield|p1b: Glimmora\n|-singleturn|p1b: Glimmora|move: Protect\n|move|p2a: Froslass|Shadow Ball|p1b: Glimmora\n|-activate|p1b: Glimmora|move: Protect\n|move|p2b: Sneasler|Close Combat|p1b: Glimmora\n|-activate|p1b: Glimmora|move: Protect\n|-damage|p2b: Sneasler|53/100|[from] Spiky Shield|[of] p1b: Glimmora\n|move|p1a: Pelipper|Hurricane|p2b: Sneasler|[miss]\n|-miss|p1a: Pelipper|p2b: Sneasler\n|\n|-weather|Snowscape|[upkeep]\n|upkeep\n|turn|8\n|\n|t:|1776562738\n|move|p2a: Froslass|Protect|p2a: Froslass\n|-singleturn|p2a: Froslass|Protect\n|move|p2b: Sneasler|Protect|p2b: Sneasler\n|-singleturn|p2b: Sneasler|Protect\n|move|p1b: Glimmora|Power Gem|p2a: Froslass\n|-activate|p2a: Froslass|move: Protect\n|move|p1a: Pelipper|Weather Ball|p2b: Sneasler\n|-activate|p2b: Sneasler|move: Protect\n|\n|-weather|Snowscape|[upkeep]\n|-sideend|p1: linhlunh|move: Tailwind\n|upkeep\n|turn|9\n|\n|t:|1776562763\n|move|p1b: Glimmora|Spiky Shield|p1b: Glimmora\n|-singleturn|p1b: Glimmora|move: Protect\n|move|p2a: Froslass|Shadow Ball|p1a: Pelipper\n|-crit|p1a: Pelipper\n|-damage|p1a: Pelipper|0 fnt\n|faint|p1a: Pelipper\n|move|p2b: Sneasler|Close Combat|p1b: Glimmora\n|-activate|p1b: Glimmora|move: Protect\n|-damage|p2b: Sneasler|41/100|[from] Spiky Shield|[of] p1b: Glimmora\n|\n|-weather|none\n|upkeep\n|turn|10\n|\n|t:|1776562777\n|switch|p2a: Sinistcha|Sinistcha, L50|71/100 par\n|-heal|p2b: Sneasler|65/100|[from] ability: Hospitality|[of] p2a: Sinistcha\n|move|p2b: Sneasler|Close Combat|p1b: Glimmora\n|-damage|p1b: Glimmora|21/100\n|-unboost|p2b: Sneasler|def|1\n|-unboost|p2b: Sneasler|spd|1\n|-enditem|p2b: Sneasler|White Herb\n|-clearnegativeboost|p2b: Sneasler|[silent]\n|move|p1b: Glimmora|Earth Power|p2b: Sneasler\n|-supereffective|p2b: Sneasler|1\n|-damage|p2b: Sneasler|0 fnt\n|faint|p2b: Sneasler\n|\n|upkeep\n|\n|t:|1776562791\n|switch|p2b: Froslass|Froslass-Mega, L50, F|100/100\n|-weather|Snowscape|[from] ability: Snow Warning|[of] p2b: Froslass\n|turn|11\n|\n|t:|1776562798\n|move|p2a: Sinistcha|Rage Powder|p2a: Sinistcha\n|-singleturn|p2a: Sinistcha|move: Rage Powder\n|move|p2b: Froslass|Blizzard|p1b: Glimmora\n|-damage|p1b: Glimmora|0 fnt\n|faint|p1b: Glimmora\n|\n|win|Noobilio\n|raw|linhlunh's rating: 1246 &rarr; <strong>1227</strong><br />(-19 for losing)\n|raw|Noobilio's rating: 1330 &rarr; <strong>1345</strong><br />(+15 for winning)\n|l|\u2606linhlunh\n|player|p1|\n",
  "uploadtime": 1776562803,
  "views": 24,
  "formatid": "gen9championsvgc2026regma",
  "rating": 1227,
  "private": 0,
  "password": null
}