{
  "id": "gen9championsvgc2026regma-2580559243",
  "format": "[Gen 9 Champions] VGC 2026 Reg M-A",
  "players": [
    "pits fiend",
    "Viophire"
  ],
  "log": "|j|\u2606pits fiend\n|j|\u2606Viophire\n|html|<table width=\"100%\"><tr><td align=\"left\">pits fiend</td><td align=\"right\">Viophire</tr><tr><td align=\"left\"><i class=\"fa fa-circle-o\"></i> <i class=\"fa fa-circle-o\"></i> </td><td align=\"right\"><i class=\"fa fa-circle-o\"></i> <i class=\"fa fa-circle-o\"></i> </tr></table>\n|uhtml|bestof|<h2><strong>Game 1</strong> of <a href=\"/game-bestof3-gen9championsvgc2026regma-2580559242\">a best-of-3</a></h2>\n|t:|1775912793\n|gametype|doubles\n|player|p1|pits fiend|gwynn|\n|player|p2|Viophire|rosa|\n|gen|9\n|tier|[Gen 9 Champions] VGC 2026 Reg M-A\n|rated|Tournament battle\n|rule|Species Clause: Limit one of each Pok\u00e9mon\n|rule|Item Clause: Limit 1 of each item\n|raw|<div class=\"infobox\"><details class=\"readmore\" open><summary><strong>2 custom rules:</strong></summary> Force Open Team Sheets, Best of = 3</details></div>\n|clearpoke\n|poke|p1|Gardevoir, L50, F|\n|poke|p1|Garchomp, L50, M|\n|poke|p1|Rotom-Wash, L50|\n|poke|p1|Tsareena, L50, F|\n|poke|p1|Incineroar, L50, F|\n|poke|p1|Sneasler, L50, M|\n|poke|p2|Charizard, L50, F|\n|poke|p2|Primarina, L50, F|\n|poke|p2|Incineroar, L50, F|\n|poke|p2|Garchomp, L50, F|\n|poke|p2|Ninetales-Alola, L50, F|\n|poke|p2|Venusaur, L50, F|\n|teampreview|4\n|showteam|p1|Gardevoir||Gardevoirite|Trace|HyperVoice,Psyshock,Protect,TrickRoom|||F|||50|]Garchomp||SoftSand|SandVeil|Earthquake,DragonClaw,StompingTantrum,Protect|||M|||50|]Rotom-Wash||ChoiceScarf|Levitate|Electroweb,VoltSwitch,Thunderbolt,HydroPump||||||50|]Tsareena||OccaBerry|QueenlyMajesty|TropKick,TripleAxel,Protect,HelpingHand|||F|||50|]Incineroar||SitrusBerry|Intimidate|FakeOut,ThroatChop,PartingShot,FlareBlitz|||F|||50|]Sneasler||WhiteHerb|Unburden|CloseCombat,DireClaw,FakeOut,Protect|||M|||50|\n|showteam|p2|Charizard||CharizarditeX|Blaze|FlareBlitz,DragonClaw,DragonDance,Protect|||F|||50|]Primarina||Leftovers|LiquidVoice|HyperVoice,Moonblast,CalmMind,Protect|||F|||50|]Incineroar||SitrusBerry|Intimidate|FakeOut,FlareBlitz,ThroatChop,PartingShot|||F|||50|]Garchomp||WhiteHerb|RoughSkin|ScaleShot,StompingTantrum,RockSlide,Protect|||F|||50|]Ninetales-Alola||NeverMeltIce|SnowWarning|Blizzard,Moonblast,AuroraVeil,Protect|||F|||50|]Venusaur||Venusaurite|Chlorophyll|GigaDrain,SludgeBomb,Protect,SleepPowder|||F|||50|\nViophire has agreed to open team sheets.\npits fiend has agreed to open team sheets.\n|showteam|p1|Gardevoir||Gardevoirite|Trace|HyperVoice,Psyshock,Protect,TrickRoom|||F|||50|]Garchomp||SoftSand|SandVeil|Earthquake,DragonClaw,StompingTantrum,Protect|||M|||50|]Rotom-Wash||ChoiceScarf|Levitate|Electroweb,VoltSwitch,Thunderbolt,HydroPump||||||50|]Tsareena||OccaBerry|QueenlyMajesty|TropKick,TripleAxel,Protect,HelpingHand|||F|||50|]Incineroar||SitrusBerry|Intimidate|FakeOut,ThroatChop,PartingShot,FlareBlitz|||F|||50|]Sneasler||WhiteHerb|Unburden|CloseCombat,DireClaw,FakeOut,Protect|||M|||50|\n|showteam|p2|Charizard||CharizarditeX|Blaze|FlareBlitz,DragonClaw,DragonDance,Protect|||F|||50|]Primarina||Leftovers|LiquidVoice|HyperVoice,Moonblast,CalmMind,Protect|||F|||50|]Incineroar||SitrusBerry|Intimidate|FakeOut,FlareBlitz,ThroatChop,PartingShot|||F|||50|]Garchomp||WhiteHerb|RoughSkin|ScaleShot,StompingTantrum,RockSlide,Protect|||F|||50|]Ninetales-Alola||NeverMeltIce|SnowWarning|Blizzard,Moonblast,AuroraVeil,Protect|||F|||50|]Venusaur||Venusaurite|Chlorophyll|GigaDrain,SludgeBomb,Protect,SleepPowder|||F|||50|\n|\n|t:|1775912887\n|teamsize|p1|4\n|teamsize|p2|4\n|start\n|switch|p1a: Rotom|Rotom-Wash, L50|100/100\n|switch|p1b: Sneasler|Sneasler, L50, M|100/100\n|switch|p2a: Gold City|Primarina, L50, F, shiny|100/100\n|switch|p2b: Super Creek|Ninetales-Alola, L50, F|100/100\n|-weather|Snowscape|[from] ability: Snow Warning|[of] p2b: Super Creek\n|turn|1\n|\n|t:|1775912917\n|move|p2b: Super Creek|Protect|p2b: Super Creek\n|-singleturn|p2b: Super Creek|Protect\n|move|p2a: Gold City|Protect|p2a: Gold City\n|-singleturn|p2a: Gold City|Protect\n|move|p1b: Sneasler|Fake Out|p2b: Super Creek\n|-activate|p2b: Super Creek|move: Protect\n|move|p1a: Rotom|Thunderbolt|p2a: Gold City\n|-activate|p2a: Gold City|move: Protect\n|\n|-weather|Snowscape|[upkeep]\n|upkeep\n|turn|2\n|\n|t:|1775912934\n|switch|p2a: Nice Nature|Incineroar, L50, F|100/100\n|-ability|p2a: Nice Nature|Intimidate|boost\n|-unboost|p1a: Rotom|atk|1\n|-unboost|p1b: Sneasler|atk|1\n|-enditem|p1b: Sneasler|White Herb\n|-clearnegativeboost|p1b: Sneasler|[silent]\n|move|p1b: Sneasler|Dire Claw|p2b: Super Creek\n|-supereffective|p2b: Super Creek|1\n|-damage|p2b: Super Creek|16/100\n|move|p1a: Rotom|Thunderbolt|p2a: Nice Nature\n|-damage|p2a: Nice Nature|67/100\n|move|p2b: Super Creek|Aurora Veil|p2b: Super Creek\n|-sidestart|p2: Viophire|move: Aurora Veil\n|\n|-weather|Snowscape|[upkeep]\n|upkeep\n|turn|3\n|j| smartyff\n|j| Tylerjugulis\n|\n|t:|1775912981\n|switch|p2b: Mejiro Ardan|Charizard, L50, F|100/100\n|move|p1b: Sneasler|Protect|p1b: Sneasler\n|-singleturn|p1b: Sneasler|Protect\n|move|p2a: Nice Nature|Fake Out|p1a: Rotom\n|-damage|p1a: Rotom|84/100\n|cant|p1a: Rotom|flinch\n|\n|-weather|Snowscape|[upkeep]\n|upkeep\n|turn|4\n|l| Tylerjugulis\n|\n|t:|1775913013\n|switch|p1a: Incineroar|Incineroar, L50, F|100/100\n|-ability|p1a: Incineroar|Intimidate|boost\n|-unboost|p2a: Nice Nature|atk|1\n|-unboost|p2b: Mejiro Ardan|atk|1\n|switch|p2a: Gold City|Primarina, L50, F, shiny|100/100\n|detailschange|p2b: Mejiro Ardan|Charizard-Mega-X, L50, F\n|-mega|p2b: Mejiro Ardan|Charizard|Charizardite X\n|move|p1b: Sneasler|Close Combat|p2a: Gold City\n|-resisted|p2a: Gold City|1\n|-damage|p2a: Gold City|78/100\n|-unboost|p1b: Sneasler|def|1\n|-unboost|p1b: Sneasler|spd|1\n|move|p2b: Mejiro Ardan|Flare Blitz|p1b: Sneasler\n|-damage|p1b: Sneasler|0 fnt\n|faint|p1b: Sneasler\n|-damage|p2b: Mejiro Ardan|72/100|[from] Recoil\n|\n|-weather|Snowscape|[upkeep]\n|-heal|p2a: Gold City|83/100|[from] item: Leftovers\n|upkeep\n|\n|t:|1775913036\n|switch|p1b: Gardevoir|Gardevoir, L50, F, shiny|100/100\n|-ability|p1b: Gardevoir|Tough Claws|Trace|[from] ability: Trace|[of] p2b: Mejiro Ardan\n|turn|5\n|\n|t:|1775913056\n|switch|p2b: Nice Nature|Incineroar, L50, F|67/100\n|-ability|p2b: Nice Nature|Intimidate|boost\n|-unboost|p1a: Incineroar|atk|1\n|-unboost|p1b: Gardevoir|atk|1\n|move|p1b: Gardevoir|Protect|p1b: Gardevoir\n|-singleturn|p1b: Gardevoir|Protect\n|move|p2a: Gold City|Protect|p2a: Gold City\n|-singleturn|p2a: Gold City|Protect\n|move|p1a: Incineroar|Parting Shot|p2b: Nice Nature\n|-unboost|p2b: Nice Nature|atk|1\n|-unboost|p2b: Nice Nature|spa|1\n|\n|t:|1775913066\n|switch|p1a: Rotom|Rotom-Wash, L50|84/100|[from] Parting Shot\n|\n|-weather|none\n|-heal|p2a: Gold City|89/100|[from] item: Leftovers\n|upkeep\n|turn|6\n|\n|t:|1775913113\n|detailschange|p1b: Gardevoir|Gardevoir-Mega, L50, F, shiny\n|-mega|p1b: Gardevoir|Gardevoir|Gardevoirite\n|move|p2b: Nice Nature|Fake Out|p1a: Rotom\n|-damage|p1a: Rotom|75/100\n|cant|p1a: Rotom|flinch\n|move|p1b: Gardevoir|Psyshock|p2a: Gold City\n|-damage|p2a: Gold City|53/100\n|move|p2a: Gold City|Moonblast|p1a: Rotom\n|-damage|p1a: Rotom|18/100\n|\n|-heal|p2a: Gold City|59/100|[from] item: Leftovers\n|-sideend|p2: Viophire|move: Aurora Veil\n|upkeep\n|turn|7\n|\n|t:|1775913162\n|move|p1a: Rotom|Hydro Pump|p2b: Nice Nature\n|-supereffective|p2b: Nice Nature|1\n|-damage|p2b: Nice Nature|0 fnt\n|faint|p2b: Nice Nature\n|move|p1b: Gardevoir|Hyper Voice|p2a: Gold City\n|-damage|p2a: Gold City|0 fnt\n|faint|p2a: Gold City\n|\n|upkeep\n|\n|t:|1775913171\n|switch|p2a: Super Creek|Ninetales-Alola, L50, F|16/100\n|switch|p2b: Mejiro Ardan|Charizard-Mega-X, L50, F|72/100\n|-weather|Snowscape|[from] ability: Snow Warning|[of] p2a: Super Creek\n|turn|8\n|\n|t:|1775913212\n|switch|p1a: Incineroar|Incineroar, L50, F|100/100\n|-ability|p1a: Incineroar|Intimidate|boost\n|-unboost|p2a: Super Creek|atk|1\n|-unboost|p2b: Mejiro Ardan|atk|1\n|move|p2a: Super Creek|Protect|p2a: Super Creek\n|-singleturn|p2a: Super Creek|Protect\n|move|p1b: Gardevoir|Protect|p1b: Gardevoir\n|-singleturn|p1b: Gardevoir|Protect\n|move|p2b: Mejiro Ardan|Flare Blitz|p1b: Gardevoir\n|-activate|p1b: Gardevoir|move: Protect\n|\n|-weather|Snowscape|[upkeep]\n|upkeep\n|turn|9\n|\n|t:|1775913224\n|move|p1a: Incineroar|Fake Out|p2b: Mejiro Ardan\n|-damage|p2b: Mejiro Ardan|63/100\n|move|p2a: Super Creek|Aurora Veil|p2a: Super Creek\n|-sidestart|p2: Viophire|move: Aurora Veil\n|move|p1b: Gardevoir|Hyper Voice|p2a: Super Creek|[spread] p2a,p2b\n|-damage|p2a: Super Creek|0 fnt\n|-damage|p2b: Mejiro Ardan|29/100\n|faint|p2a: Super Creek\n|cant|p2b: Mejiro Ardan|flinch\n|\n|-weather|Snowscape|[upkeep]\n|upkeep\n|turn|10\n|\n|t:|1775913245\n|move|p1b: Gardevoir|Protect|p1b: Gardevoir\n|-singleturn|p1b: Gardevoir|Protect\n|move|p2b: Mejiro Ardan|Flare Blitz|p1b: Gardevoir\n|-activate|p1b: Gardevoir|move: Protect\n|move|p1a: Incineroar|Throat Chop|p2b: Mejiro Ardan\n|-damage|p2b: Mejiro Ardan|10/100\n|-start|p2b: Mejiro Ardan|Throat Chop|[silent]\n|\n|-weather|Snowscape|[upkeep]\n|upkeep\n|turn|11\n|\n|t:|1775913262\n|move|p1b: Gardevoir|Hyper Voice|p2b: Mejiro Ardan\n|-damage|p2b: Mejiro Ardan|0 fnt\n|faint|p2b: Mejiro Ardan\n|\n|win|pits fiend\n",
  "uploadtime": 1775913263,
  "views": 14,
  "formatid": "gen9championsvgc2026regma",
  "rating": null,
  "private": 0,
  "password": null
}