{
  "id": "gen9championsvgc2026regma-2585797864",
  "format": "[Gen 9 Champions] VGC 2026 Reg M-A",
  "players": [
    "4ooty",
    "judeus911"
  ],
  "log": "|j|\u26064ooty\n|j|\u2606judeus911\n|t:|1776371374\n|gametype|doubles\n|player|p1|4ooty|nobunaga-conquest|1361\n|player|p2|judeus911|ghetsis|1329\n|gen|9\n|tier|[Gen 9 Champions] VGC 2026 Reg M-A\n|rated|\n|rule|Species Clause: Limit one of each Pok\u00e9mon\n|rule|Item Clause: Limit 1 of each item\n|clearpoke\n|poke|p1|Goodra-Hisui, L50, M|\n|poke|p1|Froslass, L50, F|\n|poke|p1|Sinistcha-Masterpiece, L50|\n|poke|p1|Incineroar, L50, F|\n|poke|p1|Aerodactyl, L50, M|\n|poke|p1|Palafin, L50, M|\n|poke|p2|Kingambit, L50, F|\n|poke|p2|Primarina, L50, M|\n|poke|p2|Talonflame, L50, M|\n|poke|p2|Zoroark-Hisui, L50, M|\n|poke|p2|Sylveon, L50, M|\n|poke|p2|Delphox, L50, F|\n|teampreview|4\n|inactive|Battle timer is ON: inactive players will automatically lose when time's up. (requested by 4ooty)\n|inactive|judeus911 has 60 seconds left.\n|\n|t:|1776371428\n|teamsize|p1|4\n|teamsize|p2|4\n|start\n|switch|p1a: Aerodactyl|Aerodactyl, L50, M, shiny|100/100\n|switch|p1b: Palafin|Palafin, L50, M|100/100\n|switch|p2a: Talonflame|Talonflame, L50, M|100/100\n|switch|p2b: Primarina|Primarina, L50, M|100/100\n|-ability|p1a: Aerodactyl|Unnerve\n|turn|1\n|\n|t:|1776371449\n|move|p2a: Talonflame|Tailwind|p2a: Talonflame\n|-sidestart|p2: judeus911|move: Tailwind\n|move|p1b: Palafin|Jet Punch|p2a: Talonflame\n|-supereffective|p2a: Talonflame|1\n|-damage|p2a: Talonflame|11/100\n|move|p2b: Primarina|Icy Wind|p1a: Aerodactyl|[spread] p1a,p1b\n|-supereffective|p1a: Aerodactyl|1\n|-resisted|p1b: Palafin|1\n|-damage|p1a: Aerodactyl|63/100\n|-damage|p1b: Palafin|92/100\n|-unboost|p1a: Aerodactyl|spe|1\n|-unboost|p1b: Palafin|spe|1\n|move|p1a: Aerodactyl|Rock Slide|p2a: Talonflame|[spread] p2a,p2b\n|-supereffective|p2a: Talonflame|2\n|-damage|p2a: Talonflame|0 fnt\n|-damage|p2b: Primarina|52/100\n|replace|p2b: Zoroark|Zoroark-Hisui, L50, M\n|-end|p2b: Zoroark|Illusion\n|faint|p2a: Talonflame\n|\n|upkeep\n|inactive|judeus911 has 30 seconds left.\n|\n|t:|1776371483\n|switch|p2a: Primarina|Primarina, L50, M|100/100\n|turn|2\n|\n|t:|1776371494\n|detailschange|p1b: Palafin|Palafin-Hero, L50, M\n|switch|p1b: Froslass|Froslass, L50, F, shiny|100/100\n|move|p2b: Zoroark|Protect|p2b: Zoroark\n|-singleturn|p2b: Zoroark|Protect\n|move|p1a: Aerodactyl|Wide Guard|p1a: Aerodactyl\n|-singleturn|p1a: Aerodactyl|Wide Guard\n|move|p2a: Primarina|Hyper Voice|p1a: Aerodactyl|[spread] \n|-activate|p1a: Aerodactyl|move: Wide Guard\n|-activate|p1b: Froslass|move: Wide Guard\n|\n|upkeep\n|turn|3\n|\n|t:|1776371518\n|switch|p1a: Palafin|Palafin-Hero, L50, M|92/100\n|-activate|p1a: Palafin|ability: Zero to Hero\n|move|p1b: Froslass|Protect|p1b: Froslass\n|-singleturn|p1b: Froslass|Protect\n|move|p2b: Zoroark|Bitter Malice|p1b: Froslass\n|-activate|p1b: Froslass|move: Protect\n|move|p2a: Primarina|Hyper Voice|p1a: Palafin|[spread] p1a\n|-activate|p1b: Froslass|move: Protect\n|-resisted|p1a: Palafin|1\n|-damage|p1a: Palafin|75/100\n|\n|upkeep\n|turn|4\n|inactive|judeus911 has 30 seconds left.\n|inactive|judeus911 has 20 seconds left.\n|inactive|judeus911 has 15 seconds left.\n|\n|t:|1776371561\n|detailschange|p1b: Froslass|Froslass-Mega, L50, F, shiny\n|-mega|p1b: Froslass|Froslass|Froslassite\n|-weather|Snowscape|[from] ability: Snow Warning|[of] p1b: Froslass\n|move|p1a: Palafin|Jet Punch|p2b: Zoroark\n|-damage|p2b: Zoroark|0 fnt\n|faint|p2b: Zoroark\n|move|p1b: Froslass|Aurora Veil|p1b: Froslass\n|-sidestart|p1: 4ooty|move: Aurora Veil\n|move|p2a: Primarina|Hyper Voice|p1a: Palafin|[spread] p1a,p1b\n|-resisted|p1a: Palafin|1\n|-damage|p1a: Palafin|63/100\n|-damage|p1b: Froslass|71/100\n|\n|-weather|Snowscape|[upkeep]\n|-sideend|p2: judeus911|move: Tailwind\n|upkeep\n|\n|t:|1776371567\n|switch|p2b: Delphox|Delphox, L50, F|100/100\n|turn|5\n|\n|t:|1776371583\n|detailschange|p2b: Delphox|Delphox-Mega, L50, F\n|-mega|p2b: Delphox|Delphox|Delphoxite\n|move|p1a: Palafin|Jet Punch|p2b: Delphox\n|-supereffective|p2b: Delphox|1\n|-damage|p2b: Delphox|0 fnt\n|faint|p2b: Delphox\n|move|p1b: Froslass|Shadow Ball|p2a: Primarina\n|-damage|p2a: Primarina|64/100\n|move|p2a: Primarina|Moonblast|p1b: Froslass\n|-damage|p1b: Froslass|32/100\n|\n|-weather|Snowscape|[upkeep]\n|upkeep\n|turn|6\n|\n|t:|1776371601\n|move|p1b: Froslass|Shadow Ball|p2a: Primarina\n|-damage|p2a: Primarina|23/100\n|-unboost|p2a: Primarina|spd|1\n|-enditem|p2a: Primarina|Sitrus Berry|[eat]\n|-heal|p2a: Primarina|47/100|[from] item: Sitrus Berry\n|move|p1a: Palafin|Wave Crash|p2a: Primarina\n|-resisted|p2a: Primarina|1\n|-damage|p2a: Primarina|0 fnt\n|faint|p2a: Primarina\n|-damage|p1a: Palafin|50/100|[from] Recoil\n|\n|win|4ooty\n|raw|4ooty's rating: 1361 &rarr; <strong>1379</strong><br />(+18 for winning)\n|raw|judeus911's rating: 1329 &rarr; <strong>1311</strong><br />(-18 for losing)\n|l|\u2606judeus911\n|player|p2|\n",
  "uploadtime": 1776371622,
  "views": 27,
  "formatid": "gen9championsvgc2026regma",
  "rating": 1311,
  "private": 0,
  "password": null
}