{
  "id": "gen9championsvgc2026regma-2587214109",
  "format": "[Gen 9 Champions] VGC 2026 Reg M-A",
  "players": [
    "Disfrazdetigre",
    "hide on whimscott"
  ],
  "log": "|j|\u2606Disfrazdetigre\n|j|\u2606hide on whimscott\n|t:|1776509886\n|gametype|doubles\n|player|p1|Disfrazdetigre|102|1341\n|player|p2|hide on whimscott|artist-gen4|1403\n|gen|9\n|tier|[Gen 9 Champions] VGC 2026 Reg M-A\n|rated|\n|rule|Species Clause: Limit one of each Pok\u00e9mon\n|rule|Item Clause: Limit 1 of each item\n|clearpoke\n|poke|p1|Scizor, L50, M|\n|poke|p1|Milotic, L50, F|\n|poke|p1|Medicham, L50, F|\n|poke|p1|Arcanine-Hisui, L50, F|\n|poke|p1|Heliolisk, L50, F|\n|poke|p1|Hydreigon, L50, M|\n|poke|p2|Kingambit, L50, F|\n|poke|p2|Kangaskhan, L50, F|\n|poke|p2|Blastoise, L50, F|\n|poke|p2|Sinistcha, L50|\n|poke|p2|Aerodactyl, L50, F|\n|poke|p2|Farigiraf, L50, M|\n|teampreview|4\n|inactive|Battle timer is ON: inactive players will automatically lose when time's up. (requested by Disfrazdetigre)\n|\n|t:|1776509925\n|teamsize|p1|4\n|teamsize|p2|4\n|start\n|switch|p1a: Scizor|Scizor, L50, M|100/100\n|switch|p1b: Hydreigon|Hydreigon, L50, M|100/100\n|switch|p2a: Sinistcha|Sinistcha, L50|100/100\n|switch|p2b: Blastoise|Blastoise, L50, F|100/100\n|turn|1\n|\n|t:|1776509943\n|switch|p2b: Kingambit|Kingambit, L50, F|100/100\n|move|p1b: Hydreigon|Throat Chop|p2a: Sinistcha\n|-supereffective|p2a: Sinistcha|1\n|-enditem|p2a: Sinistcha|Colbur Berry|[eat]\n|-enditem|p2a: Sinistcha|Colbur Berry|[weaken]\n|-damage|p2a: Sinistcha|65/100\n|-start|p2a: Sinistcha|Throat Chop|[silent]\n|move|p1a: Scizor|Swords Dance|p1a: Scizor\n|-boost|p1a: Scizor|atk|2\n|move|p2a: Sinistcha|Trick Room|p2a: Sinistcha\n|-fieldstart|move: Trick Room|[of] p2a: Sinistcha\n|\n|upkeep\n|turn|2\n|inactive|hide on whimscott has 30 seconds left.\n|inactive|hide on whimscott has 20 seconds left.\n|\n|t:|1776509979\n|move|p2a: Sinistcha|Rage Powder|p2a: Sinistcha\n|-singleturn|p2a: Sinistcha|move: Rage Powder\n|move|p2b: Kingambit|Kowtow Cleave|p1a: Scizor\n|-damage|p1a: Scizor|40/100\n|move|p1a: Scizor|Bug Bite|p2a: Sinistcha\n|-damage|p2a: Sinistcha|0 fnt\n|faint|p2a: Sinistcha\n|move|p1b: Hydreigon|Superpower|p2b: Kingambit\n|-supereffective|p2b: Kingambit|2\n|-damage|p2b: Kingambit|0 fnt\n|-unboost|p1b: Hydreigon|atk|1\n|-unboost|p1b: Hydreigon|def|1\n|faint|p2b: Kingambit\n|\n|upkeep\n|\n|t:|1776509987\n|switch|p2b: Blastoise|Blastoise, L50, F|100/100\n|switch|p2a: Farigiraf|Farigiraf, L50, M|100/100\n|turn|3\n|\n|t:|1776510001\n|detailschange|p2b: Blastoise|Blastoise-Mega, L50, F\n|-mega|p2b: Blastoise|Blastoise|Blastoisinite\n|move|p1a: Scizor|Protect|p1a: Scizor\n|-singleturn|p1a: Scizor|Protect\n|move|p2a: Farigiraf|Rain Dance|p2a: Farigiraf\n|-weather|RainDance\n|move|p2b: Blastoise|Water Spout|p1b: Hydreigon|[spread] p1b\n|-activate|p1a: Scizor|move: Protect\n|-resisted|p1b: Hydreigon|1\n|-damage|p1b: Hydreigon|50/100\n|move|p1b: Hydreigon|Throat Chop|p2a: Farigiraf\n|-supereffective|p2a: Farigiraf|1\n|-damage|p2a: Farigiraf|63/100\n|-start|p2a: Farigiraf|Throat Chop|[silent]\n|\n|-weather|RainDance|[upkeep]\n|upkeep\n|turn|4\n|\n|t:|1776510023\n|switch|p1a: Heliolisk|Heliolisk, L50, F|100/100\n|move|p2a: Farigiraf|Helping Hand|p2b: Blastoise\n|-singleturn|p2b: Blastoise|Helping Hand|[of] p2a: Farigiraf\n|move|p2b: Blastoise|Water Spout|p1b: Hydreigon|[spread] p1b\n|-immune|p1a: Heliolisk|[from] ability: Dry Skin\n|-resisted|p1b: Hydreigon|1\n|-damage|p1b: Hydreigon|0 fnt\n|faint|p1b: Hydreigon\n|\n|-weather|RainDance|[upkeep]\n|-end|p2a: Farigiraf|Throat Chop|[silent]\n|upkeep\n|\n|t:|1776510034\n|switch|p1b: Scizor|Scizor, L50, M|40/100\n|turn|5\n|\n|t:|1776510042\n|move|p1b: Scizor|Protect|p1b: Scizor\n|-singleturn|p1b: Scizor|Protect\n|move|p1a: Heliolisk|Protect|p1a: Heliolisk\n|-singleturn|p1a: Heliolisk|Protect\n|move|p2a: Farigiraf|Hyper Voice|p1a: Heliolisk|[spread] \n|-activate|p1a: Heliolisk|move: Protect\n|-activate|p1b: Scizor|move: Protect\n|move|p2b: Blastoise|Dark Pulse|p1a: Heliolisk\n|-activate|p1a: Heliolisk|move: Protect\n|\n|-weather|RainDance|[upkeep]\n|-fieldend|move: Trick Room\n|upkeep\n|turn|6\n|-message|hide on whimscott forfeited.\n|\n|win|Disfrazdetigre\n|raw|Disfrazdetigre's rating: 1341 &rarr; <strong>1365</strong><br />(+24 for winning)\n|raw|hide on whimscott's rating: 1403 &rarr; <strong>1379</strong><br />(-24 for losing)\n",
  "uploadtime": 1776510056,
  "views": 35,
  "formatid": "gen9championsvgc2026regma",
  "rating": 1365,
  "private": 0,
  "password": null
}