{
  "id": "gen9championsvgc2026regma-2582056335",
  "format": "[Gen 9 Champions] VGC 2026 Reg M-A",
  "players": [
    "Asteck",
    "It'sJustKen VGC"
  ],
  "log": "|j|\u2606Asteck\n|j|\u2606It'sJustKen VGC\n|t:|1776052644\n|gametype|doubles\n|player|p1|Asteck|169|1000\n|player|p2|It'sJustKen VGC|265|1061\n|gen|9\n|tier|[Gen 9 Champions] VGC 2026 Reg M-A\n|rated|\n|rule|Species Clause: Limit one of each Pok\u00e9mon\n|rule|Item Clause: Limit 1 of each item\n|clearpoke\n|poke|p1|Crabominable, L50, M|\n|poke|p1|Slowking-Galar, L50, M|\n|poke|p1|Incineroar, L50, M|\n|poke|p1|Sinistcha, L50|\n|poke|p1|Primarina, L50, F|\n|poke|p1|Kingambit, L50, F|\n|poke|p2|Kingambit, L50, F|\n|poke|p2|Spiritomb, L50, F|\n|poke|p2|Garganacl, L50, M|\n|poke|p2|Hawlucha, L50, M|\n|poke|p2|Clefable, L50, M|\n|poke|p2|Golurk, L50|\n|teampreview|4\n|inactive|Battle timer is ON: inactive players will automatically lose when time's up. (requested by It'sJustKen VGC)\n|inactive|It'sJustKen VGC has 60 seconds left.\n|\n|t:|1776052681\n|teamsize|p1|4\n|teamsize|p2|4\n|start\n|switch|p1a: Slowking|Slowking-Galar, L50, M|100/100\n|switch|p1b: Incineroar|Incineroar, L50, M|100/100\n|switch|p2a: Clefable|Clefable, L50, M|100/100\n|switch|p2b: Spiritomb|Spiritomb, L50, F|100/100\n|-ability|p1b: Incineroar|Intimidate|boost\n|-unboost|p2a: Clefable|atk|1\n|-unboost|p2b: Spiritomb|atk|1\n|turn|1\n|\n|t:|1776052694\n|switch|p2a: Golurk|Golurk, L50|100/100\n|move|p1b: Incineroar|Fake Out|p2a: Golurk\n|-immune|p2a: Golurk\n|move|p2b: Spiritomb|Trick Room|p2b: Spiritomb\n|-fieldstart|move: Trick Room|[of] p2b: Spiritomb\n|move|p1a: Slowking|Trick Room|p1a: Slowking\n|-fieldend|move: Trick Room\n|\n|upkeep\n|turn|2\n|inactive|Asteck has 30 seconds left.\n|inactive|Asteck has 20 seconds left.\n|inactive|Asteck has 15 seconds left.\n|inactive|Asteck has 10 seconds left.\n|\n|t:|1776052744\n|move|p1b: Incineroar|Throat Chop|p2a: Golurk\n|-supereffective|p2a: Golurk|1\n|-damage|p2a: Golurk|42/100\n|-start|p2a: Golurk|Throat Chop|[silent]\n|move|p2a: Golurk|Reflect|p2a: Golurk\n|-sidestart|p2: It'sJustKen VGC|Reflect\n|move|p2b: Spiritomb|Skill Swap|p2a: Golurk\n|-activate|p2b: Spiritomb|Skill Swap|||[of] p2a: Golurk\n|-prepare|p1a: Slowking|Chilly Reception|[premajor]\n|move|p1a: Slowking|Chilly Reception|p1a: Slowking\n|-weather|Snowscape\n|\n|t:|1776052755\n|switch|p1a: Crabominable|Crabominable, L50, M|100/100|[from] Chilly Reception\n|\n|-weather|Snowscape|[upkeep]\n|upkeep\n|turn|3\n|\n|t:|1776052775\n|move|p1b: Incineroar|Parting Shot|p2a: Golurk\n|-unboost|p2a: Golurk|atk|1\n|-unboost|p2a: Golurk|spa|1\n|\n|t:|1776052780\n|switch|p1b: Slowking|Slowking-Galar, L50, M|100/100|[from] Parting Shot\n|move|p2a: Golurk|Curse|p1a: Crabominable\n|-start|p1a: Crabominable|Curse|[of] p2a: Golurk\n|-damage|p2a: Golurk|0 fnt\n|faint|p2a: Golurk\n|move|p1a: Crabominable|Ice Punch|p2b: Spiritomb\n|-damage|p2b: Spiritomb|74/100\n|move|p2b: Spiritomb|Trick Room|p2b: Spiritomb\n|-fieldstart|move: Trick Room|[of] p2b: Spiritomb\n|\n|-weather|Snowscape|[upkeep]\n|-damage|p1a: Crabominable|75/100|[from] Curse\n|upkeep\n|\n|t:|1776052784\n|switch|p2a: Kingambit|Kingambit, L50, F|100/100\n|turn|4\n|\n|t:|1776052798\n|move|p1b: Slowking|Taunt|p2b: Spiritomb\n|-start|p2b: Spiritomb|move: Taunt\n|-enditem|p2b: Spiritomb|Mental Herb\n|-end|p2b: Spiritomb|move: Taunt\n|move|p2b: Spiritomb|Hypnosis|p1a: Crabominable\n|-status|p1a: Crabominable|slp|[from] move: Hypnosis\n|cant|p1a: Crabominable|slp\n|move|p2a: Kingambit|Kowtow Cleave|p1b: Slowking\n|-supereffective|p1b: Slowking|1\n|-damage|p1b: Slowking|25/100\n|\n|-weather|Snowscape|[upkeep]\n|-damage|p1a: Crabominable|50/100 slp|[from] Curse\n|upkeep\n|turn|5\n|inactive|It'sJustKen VGC has 30 seconds left.\n|inactive|Asteck has 30 seconds left.\n|\n|t:|1776052831\n|switch|p1a: Kingambit|Kingambit, L50, F|100/100\n|move|p2b: Spiritomb|Protect|p2b: Spiritomb\n|-singleturn|p2b: Spiritomb|Protect\n|-prepare|p1b: Slowking|Chilly Reception|[premajor]\n|move|p1b: Slowking|Chilly Reception|p1b: Slowking\n|\n|t:|1776052834\n|switch|p1b: Crabominable|Crabominable, L50, M|50/100 slp|[from] Chilly Reception\n|move|p2a: Kingambit|Kowtow Cleave|p1b: Crabominable\n|-resisted|p1b: Crabominable|1\n|-damage|p1b: Crabominable|38/100 slp\n|\n|-weather|Snowscape|[upkeep]\n|upkeep\n|turn|6\n|\n|t:|1776052842\n|move|p2b: Spiritomb|Skill Swap|p2a: Kingambit\n|-activate|p2b: Spiritomb|Skill Swap|||[of] p2a: Kingambit\n|cant|p1b: Crabominable|slp\n|move|p2a: Kingambit|Guillotine|p1a: Kingambit\n|-damage|p1a: Kingambit|0 fnt\n|faint|p1a: Kingambit\n|-ohko\n|\n|-weather|none\n|-sideend|p2: It'sJustKen VGC|Reflect\n|upkeep\n|\n|t:|1776052847\n|switch|p1a: Slowking|Slowking-Galar, L50, M|58/100\n|turn|7\n|inactive|It'sJustKen VGC has 30 seconds left.\n|\n|t:|1776052877\n|switch|p2b: Clefable|Clefable, L50, M|100/100\n|move|p2a: Kingambit|Protect|p2a: Kingambit\n|-singleturn|p2a: Kingambit|Protect\n|move|p1a: Slowking|Taunt|p2b: Clefable\n|-start|p2b: Clefable|move: Taunt\n|-curestatus|p1b: Crabominable|slp|[msg]\n|move|p1b: Crabominable|Drain Punch|p2a: Kingambit\n|-activate|p2a: Kingambit|move: Protect\n|\n|-fieldend|move: Trick Room\n|upkeep\n|turn|8\n|\n|t:|1776052896\n|switch|p2b: Spiritomb|Spiritomb, L50, F|74/100\n|move|p1b: Crabominable|Protect|p1b: Crabominable\n|-singleturn|p1b: Crabominable|Protect\n|move|p2a: Kingambit|Guillotine|p1b: Crabominable\n|-activate|p1b: Crabominable|move: Protect\n|move|p1a: Slowking|Trick Room|p1a: Slowking\n|-fieldstart|move: Trick Room|[of] p1a: Slowking\n|\n|upkeep\n|turn|9\n|inactive|It'sJustKen VGC has 30 seconds left.\n|inactive|It'sJustKen VGC has 20 seconds left.\n|\n|t:|1776052935\n|switch|p2b: Clefable|Clefable, L50, M|100/100\n|move|p2a: Kingambit|Protect|p2a: Kingambit\n|-singleturn|p2a: Kingambit|Protect\n|move|p1a: Slowking|Taunt|p2b: Clefable\n|-start|p2b: Clefable|move: Taunt\n|move|p1b: Crabominable|Drain Punch|p2a: Kingambit\n|-activate|p2a: Kingambit|move: Protect\n|\n|upkeep\n|turn|10\n|\n|t:|1776052955\n|switch|p2a: Spiritomb|Spiritomb, L50, F|74/100\n|move|p1a: Slowking|Sludge Bomb|p2b: Clefable\n|-supereffective|p2b: Clefable|1\n|-damage|p2b: Clefable|25/100\n|-status|p2b: Clefable|psn\n|move|p1b: Crabominable|Drain Punch|p2a: Spiritomb\n|-immune|p2a: Spiritomb\n|move|p2b: Clefable|Moonblast|p1b: Crabominable\n|-supereffective|p1b: Crabominable|1\n|-damage|p1b: Crabominable|0 fnt\n|faint|p1b: Crabominable\n|\n|-heal|p2b: Clefable|31/100 psn|[from] item: Leftovers\n|-damage|p2b: Clefable|19/100 psn|[from] psn\n|upkeep\n|\n|t:|1776052958\n|switch|p1b: Incineroar|Incineroar, L50, M|100/100\n|-ability|p1b: Incineroar|Intimidate|boost\n|-unboost|p2a: Spiritomb|atk|1\n|-unboost|p2b: Clefable|atk|1\n|turn|11\n|inactive|It'sJustKen VGC has 30 seconds left.\n|inactive|Asteck has 30 seconds left.\n|inactive|It'sJustKen VGC has 20 seconds left.\n|inactive|It'sJustKen VGC has 15 seconds left.\n|\n|t:|1776053002\n|switch|p2b: Kingambit|Kingambit, L50, F|100/100\n|move|p2a: Spiritomb|Protect|p2a: Spiritomb\n|-singleturn|p2a: Spiritomb|Protect\n|move|p1a: Slowking|Sludge Bomb|p2a: Spiritomb\n|-activate|p2a: Spiritomb|move: Protect\n|move|p1b: Incineroar|Flare Blitz|p2b: Kingambit\n|-supereffective|p2b: Kingambit|1\n|-damage|p2b: Kingambit|33/100\n|-enditem|p2b: Kingambit|Sitrus Berry|[eat]\n|-heal|p2b: Kingambit|58/100|[from] item: Sitrus Berry\n|-damage|p1b: Incineroar|78/100|[from] Recoil\n|\n|upkeep\n|turn|12\n|inactive|It'sJustKen VGC has 30 seconds left.\n|\n|t:|1776053030\n|move|p2b: Kingambit|Protect|p2b: Kingambit\n|-singleturn|p2b: Kingambit|Protect\n|move|p1a: Slowking|Sludge Bomb|p2a: Spiritomb\n|-resisted|p2a: Spiritomb|1\n|-damage|p2a: Spiritomb|56/100\n|move|p2a: Spiritomb|Hypnosis|p1b: Incineroar|[miss]\n|-miss|p2a: Spiritomb|p1b: Incineroar\n|move|p1b: Incineroar|Flare Blitz|p2b: Kingambit\n|-activate|p2b: Kingambit|move: Protect\n|\n|-fieldend|move: Trick Room\n|upkeep\n|turn|13\n|\n|t:|1776053054\n|switch|p2b: Clefable|Clefable, L50, M|19/100 psn\n|move|p1b: Incineroar|Flare Blitz|p2b: Clefable\n|-damage|p2b: Clefable|0 fnt\n|faint|p2b: Clefable\n|-damage|p1b: Incineroar|72/100|[from] Recoil\n|move|p2a: Spiritomb|Hypnosis|p1b: Incineroar\n|-status|p1b: Incineroar|slp|[from] move: Hypnosis\n|move|p1a: Slowking|Trick Room|p1a: Slowking\n|-fieldstart|move: Trick Room|[of] p1a: Slowking\n|\n|upkeep\n|inactive|It'sJustKen VGC has 30 seconds left.\n|\n|t:|1776053081\n|switch|p2b: Kingambit|Kingambit, L50, F|58/100\n|turn|14\n|\n|t:|1776053095\n|move|p1a: Slowking|Taunt|p2a: Spiritomb\n|-start|p2a: Spiritomb|move: Taunt\n|cant|p2a: Spiritomb|move: Taunt|Skill Swap\n|move|p2b: Kingambit|Kowtow Cleave|p1a: Slowking\n|-supereffective|p1a: Slowking|1\n|-damage|p1a: Slowking|0 fnt\n|faint|p1a: Slowking\n|cant|p1b: Incineroar|slp\n|\n|upkeep\n|turn|15\n|\n|t:|1776053111\n|-activate|p2a: Spiritomb|move: Struggle\n|move|p2a: Spiritomb|Struggle|p1b: Incineroar\n|-damage|p1b: Incineroar|66/100 slp\n|-damage|p2a: Spiritomb|31/100|[from] recoil\n|move|p2b: Kingambit|Guillotine|p1b: Incineroar|[miss]\n|-miss|p2b: Kingambit|p1b: Incineroar\n|-curestatus|p1b: Incineroar|slp|[msg]\n|move|p1b: Incineroar|Flare Blitz|p2b: Kingambit\n|-supereffective|p2b: Kingambit|1\n|-damage|p2b: Kingambit|0 fnt\n|faint|p2b: Kingambit\n|-damage|p1b: Incineroar|47/100|[from] Recoil\n|-enditem|p1b: Incineroar|Sitrus Berry|[eat]\n|-heal|p1b: Incineroar|71/100|[from] item: Sitrus Berry\n|\n|upkeep\n|turn|16\n|\n|t:|1776053114\n|-activate|p2a: Spiritomb|move: Struggle\n|move|p2a: Spiritomb|Struggle|p1b: Incineroar\n|-damage|p1b: Incineroar|65/100\n|-damage|p2a: Spiritomb|6/100|[from] recoil\n|move|p1b: Incineroar|Flare Blitz|p2a: Spiritomb\n|-damage|p2a: Spiritomb|0 fnt\n|faint|p2a: Spiritomb\n|-damage|p1b: Incineroar|64/100|[from] Recoil\n|\n|win|Asteck\n|raw|Asteck's rating: 1000 &rarr; <strong>1049</strong><br />(+49 for winning)\n|raw|It&apos;sJustKen VGC's rating: 1083 &rarr; <strong>1055</strong><br />(-28 for losing)\n",
  "uploadtime": 1776053121,
  "views": 21,
  "formatid": "gen9championsvgc2026regma",
  "rating": 1049,
  "private": 0,
  "password": null
}