{
  "id": "gen9championsvgc2026regma-2588134066",
  "format": "[Gen 9 Champions] VGC 2026 Reg M-A",
  "players": [
    "Xernos123",
    "gallade2712"
  ],
  "log": "|j|\u2606Xernos123\n|j|\u2606gallade2712\n|t:|1776607826\n|gametype|doubles\n|player|p1|Xernos123|2|1089\n|player|p2|gallade2712|roughneck|1075\n|gen|9\n|tier|[Gen 9 Champions] VGC 2026 Reg M-A\n|rated|\n|rule|Species Clause: Limit one of each Pok\u00e9mon\n|rule|Item Clause: Limit 1 of each item\n|clearpoke\n|poke|p1|Farigiraf, L50, F|\n|poke|p1|Mimikyu, L50, M|\n|poke|p1|Drampa, L50, M|\n|poke|p1|Kingambit, L50, F|\n|poke|p1|Crabominable, L50, M|\n|poke|p1|Chesnaught, L50, F|\n|poke|p2|Aerodactyl, L50, F|\n|poke|p2|Incineroar, L50, M|\n|poke|p2|Milotic, L50, F|\n|poke|p2|Sneasler, L50, M|\n|poke|p2|Floette-Eternal, L50, F|\n|poke|p2|Gallade, L50, M|\n|teampreview|4\n|inactive|Battle timer is ON: inactive players will automatically lose when time's up. (requested by Xernos123)\nXernos123 rejected open team sheets.\n|\n|t:|1776607851\n|teamsize|p1|4\n|teamsize|p2|4\n|start\n|switch|p1a: Mimikyu|Mimikyu, L50, M|100/100\n|switch|p1b: Drampa|Drampa, L50, M|100/100\n|switch|p2a: Aerodactyl|Aerodactyl, L50, F|100/100\n|switch|p2b: Sneasler|Sneasler, L50, M|100/100\n|-ability|p2a: Aerodactyl|Pressure\n|turn|1\n|\n|t:|1776607862\n|detailschange|p1b: Drampa|Drampa-Mega, L50, M\n|-mega|p1b: Drampa|Drampa|Drampanite\n|move|p2b: Sneasler|Fake Out|p1b: Drampa\n|-damage|p1b: Drampa|88/100\n|move|p2a: Aerodactyl|Dual Wingbeat|p1a: Mimikyu\n|-activate|p1a: Mimikyu|ability: Disguise\n|-damage|p1a: Mimikyu|100/100\n|detailschange|p1a: Mimikyu|Mimikyu-Busted, L50, M\n|-damage|p1a: Mimikyu|88/100|[from] pokemon: Mimikyu-Busted\n|-damage|p1a: Mimikyu|70/100\n|-hitcount|p1a: Mimikyu|2\n|cant|p1b: Drampa|flinch\n|move|p1a: Mimikyu|Trick Room|p1a: Mimikyu\n|-fieldstart|move: Trick Room|[of] p1a: Mimikyu\n|\n|upkeep\n|turn|2\n|\n|t:|1776607881\n|move|p2a: Aerodactyl|Protect|p2a: Aerodactyl\n|-singleturn|p2a: Aerodactyl|Protect\n|move|p1b: Drampa|Draco Meteor|p2a: Aerodactyl\n|-activate|p2a: Aerodactyl|move: Protect\n|move|p1a: Mimikyu|Will-O-Wisp|p2b: Sneasler\n|-status|p2b: Sneasler|brn\n|move|p2b: Sneasler|Close Combat|p1b: Drampa\n|-supereffective|p1b: Drampa|1\n|-damage|p1b: Drampa|25/100\n|-unboost|p2b: Sneasler|def|1\n|-unboost|p2b: Sneasler|spd|1\n|-ability|p1b: Drampa|Berserk|boost\n|-boost|p1b: Drampa|spa|1\n|-enditem|p2b: Sneasler|White Herb\n|-clearnegativeboost|p2b: Sneasler|[silent]\n|\n|-damage|p2b: Sneasler|95/100 brn|[from] brn\n|upkeep\n|turn|3\n|\n|t:|1776607896\n|move|p1b: Drampa|Roost|p1b: Drampa\n|-heal|p1b: Drampa|76/100\n|-singleturn|p1b: Drampa|move: Roost\n|move|p1a: Mimikyu|Will-O-Wisp|p2a: Aerodactyl\n|-status|p2a: Aerodactyl|brn\n|move|p2a: Aerodactyl|Dual Wingbeat|p1b: Drampa\n|-damage|p1b: Drampa|69/100\n|-damage|p1b: Drampa|63/100\n|-hitcount|p1b: Drampa|2\n|move|p2b: Sneasler|Close Combat|p1b: Drampa\n|-supereffective|p1b: Drampa|1\n|-damage|p1b: Drampa|7/100\n|-unboost|p2b: Sneasler|def|1\n|-unboost|p2b: Sneasler|spd|1\n|-ability|p1b: Drampa|Berserk|boost\n|-boost|p1b: Drampa|spa|1\n|\n|-damage|p2a: Aerodactyl|95/100 brn|[from] brn\n|-damage|p2b: Sneasler|89/100 brn|[from] brn\n|upkeep\n|turn|4\n|\n|t:|1776607915\n|move|p1b: Drampa|Hyper Voice|p2a: Aerodactyl|[spread] p2a,p2b\n|-resisted|p2a: Aerodactyl|1\n|-damage|p2a: Aerodactyl|44/100 brn\n|-damage|p2b: Sneasler|0 fnt\n|faint|p2b: Sneasler\n|move|p1a: Mimikyu|Swords Dance|p1a: Mimikyu\n|-boost|p1a: Mimikyu|atk|2\n|move|p2a: Aerodactyl|Dual Wingbeat|p1b: Drampa\n|-damage|p1b: Drampa|0 fnt\n|faint|p1b: Drampa\n|-hitcount|p1: Drampa|1\n|\n|-damage|p2a: Aerodactyl|38/100 brn|[from] brn\n|upkeep\n|\n|t:|1776607923\n|switch|p1b: Kingambit|Kingambit, L50, F|100/100\n|switch|p2b: Incineroar|Incineroar, L50, M|100/100\n|-ability|p2b: Incineroar|Intimidate|boost\n|-unboost|p1a: Mimikyu|atk|1\n|-unboost|p1b: Kingambit|atk|1\n|-ability|p1b: Kingambit|Defiant|boost\n|-boost|p1b: Kingambit|atk|2\n|turn|5\n|\n|t:|1776607938\n|move|p1a: Mimikyu|Shadow Sneak|p2a: Aerodactyl\n|-damage|p2a: Aerodactyl|11/100 brn\n|move|p1b: Kingambit|Brick Break|p2b: Incineroar\n|-supereffective|p2b: Incineroar|1\n|-damage|p2b: Incineroar|22/100\n|-enditem|p2b: Incineroar|Sitrus Berry|[eat]\n|-heal|p2b: Incineroar|47/100|[from] item: Sitrus Berry\n|move|p2b: Incineroar|Darkest Lariat|p1a: Mimikyu\n|-damage|p1a: Mimikyu|27/100\n|move|p2a: Aerodactyl|Tailwind|p2a: Aerodactyl\n|-sidestart|p2: gallade2712|move: Tailwind\n|\n|-damage|p2a: Aerodactyl|5/100 brn|[from] brn\n|-fieldend|move: Trick Room\n|upkeep\n|turn|6\n|\n|t:|1776607952\n|move|p1a: Mimikyu|Shadow Sneak|p2a: Aerodactyl\n|-damage|p2a: Aerodactyl|0 fnt\n|faint|p2a: Aerodactyl\n|move|p2b: Incineroar|Darkest Lariat|p1a: Mimikyu\n|-damage|p1a: Mimikyu|0 fnt\n|faint|p1a: Mimikyu\n|move|p1b: Kingambit|Kowtow Cleave|p2b: Incineroar\n|-resisted|p2b: Incineroar|1\n|-damage|p2b: Incineroar|5/100\n|\n|upkeep\n|\n|t:|1776607957\n|switch|p2a: Gallade|Gallade, L50, M|100/100\n|switch|p1a: Chesnaught|Chesnaught, L50, F|100/100\n|turn|7\n|\n|t:|1776607963\n|detailschange|p2a: Gallade|Gallade-Mega, L50, M\n|-mega|p2a: Gallade|Gallade|Galladite\n|move|p1a: Chesnaught|Spiky Shield|p1a: Chesnaught\n|-singleturn|p1a: Chesnaught|move: Protect\n|move|p2a: Gallade|Upper Hand|p1b: Kingambit\n|-supereffective|p1b: Kingambit|2\n|-damage|p1b: Kingambit|0 fnt\n|faint|p1b: Kingambit\n|move|p2b: Incineroar|Parting Shot|p1a: Chesnaught\n|-activate|p1a: Chesnaught|move: Protect\n|\n|upkeep\n|turn|8\n|\n|t:|1776607975\n|move|p2a: Gallade|Zen Headbutt|p1a: Chesnaught|[miss]\n|-miss|p2a: Gallade|p1a: Chesnaught\n|move|p2b: Incineroar|Parting Shot|p1a: Chesnaught\n|-unboost|p1a: Chesnaught|atk|1\n|-unboost|p1a: Chesnaught|spa|1\n|move|p1a: Chesnaught|Leech Seed|p2a: Gallade\n|-start|p2a: Gallade|move: Leech Seed\n|\n|-damage|p2a: Gallade|88/100|[from] Leech Seed|[of] p1a: Chesnaught\n|-sideend|p2: gallade2712|move: Tailwind\n|upkeep\n|turn|9\n|\n|t:|1776607988\n|move|p2a: Gallade|Protect|p2a: Gallade\n|-singleturn|p2a: Gallade|Protect\n|move|p1a: Chesnaught|Spiky Shield|p1a: Chesnaught\n|-singleturn|p1a: Chesnaught|move: Protect\n|move|p2b: Incineroar|Parting Shot|p1a: Chesnaught\n|-activate|p1a: Chesnaught|move: Protect\n|\n|-damage|p2a: Gallade|76/100|[from] Leech Seed|[of] p1a: Chesnaught\n|upkeep\n|turn|10\n|\n|t:|1776607995\n|move|p2a: Gallade|Zen Headbutt|p1a: Chesnaught\n|-supereffective|p1a: Chesnaught|1\n|-damage|p1a: Chesnaught|33/100\n|move|p2b: Incineroar|Darkest Lariat|p1a: Chesnaught\n|-resisted|p1a: Chesnaught|1\n|-crit|p1a: Chesnaught\n|-damage|p1a: Chesnaught|18/100\n|move|p1a: Chesnaught|Leech Seed|p2b: Incineroar\n|-start|p2b: Incineroar|move: Leech Seed\n|\n|-heal|p1a: Chesnaught|25/100|[from] item: Leftovers\n|-damage|p2a: Gallade|64/100|[from] Leech Seed|[of] p1a: Chesnaught\n|-heal|p1a: Chesnaught|35/100|[silent]\n|-damage|p2b: Incineroar|0 fnt|[from] Leech Seed|[of] p1a: Chesnaught\n|-heal|p1a: Chesnaught|40/100|[silent]\n|faint|p2b: Incineroar\n|upkeep\n|turn|11\n|\n|t:|1776608002\n|move|p2a: Gallade|Protect|p2a: Gallade\n|-singleturn|p2a: Gallade|Protect\n|move|p1a: Chesnaught|Spiky Shield||[still]\n|-fail|p1a: Chesnaught\n|\n|-heal|p1a: Chesnaught|46/100|[from] item: Leftovers\n|-damage|p2a: Gallade|52/100|[from] Leech Seed|[of] p1a: Chesnaught\n|-heal|p1a: Chesnaught|57/100|[silent]\n|upkeep\n|turn|12\n|\n|t:|1776608005\n|move|p1a: Chesnaught|Spiky Shield|p1a: Chesnaught\n|-singleturn|p1a: Chesnaught|move: Protect\n|move|p2a: Gallade|Zen Headbutt|p1a: Chesnaught\n|-activate|p1a: Chesnaught|move: Protect\n|-damage|p2a: Gallade|40/100|[from] Spiky Shield|[of] p1a: Chesnaught\n|\n|-heal|p1a: Chesnaught|63/100|[from] item: Leftovers\n|-damage|p2a: Gallade|28/100|[from] Leech Seed|[of] p1a: Chesnaught\n|-heal|p1a: Chesnaught|74/100|[silent]\n|upkeep\n|turn|13\n|\n|t:|1776608008\n|move|p1a: Chesnaught|Spiky Shield||[still]\n|-fail|p1a: Chesnaught\n|move|p2a: Gallade|Zen Headbutt|p1a: Chesnaught\n|-supereffective|p1a: Chesnaught|1\n|-damage|p1a: Chesnaught|5/100\n|\n|-heal|p1a: Chesnaught|11/100|[from] item: Leftovers\n|-damage|p2a: Gallade|16/100|[from] Leech Seed|[of] p1a: Chesnaught\n|-heal|p1a: Chesnaught|22/100|[silent]\n|upkeep\n|turn|14\n|\n|t:|1776608013\n|move|p1a: Chesnaught|Spiky Shield|p1a: Chesnaught\n|-singleturn|p1a: Chesnaught|move: Protect\n|move|p2a: Gallade|Zen Headbutt|p1a: Chesnaught\n|-activate|p1a: Chesnaught|move: Protect\n|-damage|p2a: Gallade|4/100|[from] Spiky Shield|[of] p1a: Chesnaught\n|\n|-heal|p1a: Chesnaught|28/100|[from] item: Leftovers\n|-damage|p2a: Gallade|0 fnt|[from] Leech Seed|[of] p1a: Chesnaught\n|-heal|p1a: Chesnaught|32/100|[silent]\n|faint|p2a: Gallade\n|\n|win|Xernos123\n|raw|Xernos123's rating: 1089 &rarr; <strong>1115</strong><br />(+26 for winning)\n|raw|gallade2712's rating: 1075 &rarr; <strong>1055</strong><br />(-20 for losing)\n",
  "uploadtime": 1776608015,
  "views": 11,
  "formatid": "gen9championsvgc2026regma",
  "rating": 1055,
  "private": 0,
  "password": null
}