{
  "id": "gen9championsvgc2026regma-2584632462",
  "format": "[Gen 9 Champions] VGC 2026 Reg M-A",
  "players": [
    "jjnl",
    "Nebulash.dedede"
  ],
  "log": "|j|\u203djjnl\n|j|\u2606Nebulash.dedede\n|t:|1776273349\n|gametype|doubles\n|player|p1|jjnl|ghetsis|1116\n|player|p2|Nebulash.dedede|2|1166\n|gen|9\n|tier|[Gen 9 Champions] VGC 2026 Reg M-A\n|rated|\n|rule|Species Clause: Limit one of each Pok\u00e9mon\n|rule|Item Clause: Limit 1 of each item\n|clearpoke\n|poke|p1|Pelipper, L50, M|\n|poke|p1|Archaludon, L50, F|\n|poke|p1|Kingambit, L50, F|\n|poke|p1|Sneasler, L50, F|\n|poke|p1|Basculegion, L50, M|\n|poke|p1|Meganium, L50, F|\n|poke|p2|Aggron, L50, M|\n|poke|p2|Tyranitar, L50, M|\n|poke|p2|Floette-Eternal, L50, F|\n|poke|p2|Whimsicott, L50, M|\n|poke|p2|Rotom-Heat, L50|\n|poke|p2|Milotic, L50, F|\n|teampreview|4\n|\n|t:|1776273403\n|teamsize|p1|4\n|teamsize|p2|4\n|start\n|switch|p1a: Sneasler|Sneasler, L50, F|100/100\n|switch|p1b: Pelipper|Pelipper, L50, M|100/100\n|switch|p2a: Aggron|Aggron, L50, M|100/100\n|switch|p2b: Whimsicott|Whimsicott, L50, M|100/100\n|-weather|RainDance|[from] ability: Drizzle|[of] p1b: Pelipper\n|turn|1\n|\n|t:|1776273429\n|detailschange|p2a: Aggron|Aggron-Mega, L50, M\n|-mega|p2a: Aggron|Aggron|Aggronite\n|move|p1a: Sneasler|Fake Out|p2b: Whimsicott\n|-damage|p2b: Whimsicott|81/100\n|cant|p2b: Whimsicott|flinch\n|move|p1b: Pelipper|Hurricane|p2b: Whimsicott\n|-supereffective|p2b: Whimsicott|1\n|-damage|p2b: Whimsicott|0 fnt\n|faint|p2b: Whimsicott\n|move|p2a: Aggron|Iron Defense|p2a: Aggron\n|-boost|p2a: Aggron|def|2\n|\n|-weather|RainDance|[upkeep]\n|upkeep\n|\n|t:|1776273441\n|switch|p2b: Rotom|Rotom-Heat, L50|100/100\n|turn|2\n|\n|t:|1776273458\n|move|p1b: Pelipper|Protect|p1b: Pelipper\n|-singleturn|p1b: Pelipper|Protect\n|move|p1a: Sneasler|Close Combat|p2a: Aggron\n|-supereffective|p2a: Aggron|1\n|-damage|p2a: Aggron|80/100\n|-unboost|p1a: Sneasler|def|1\n|-unboost|p1a: Sneasler|spd|1\n|-enditem|p1a: Sneasler|White Herb\n|-clearnegativeboost|p1a: Sneasler|[silent]\n|move|p2b: Rotom|Electroweb|p1a: Sneasler|[spread] p1a\n|-activate|p1b: Pelipper|move: Protect\n|-damage|p1a: Sneasler|79/100\n|-unboost|p1a: Sneasler|spe|1\n|move|p2a: Aggron|Body Press|p1a: Sneasler\n|-resisted|p1a: Sneasler|1\n|-damage|p1a: Sneasler|10/100\n|\n|-weather|RainDance|[upkeep]\n|upkeep\n|turn|3\n|\n|t:|1776273493\n|move|p1a: Sneasler|Close Combat|p2a: Aggron\n|-supereffective|p2a: Aggron|1\n|-damage|p2a: Aggron|61/100\n|-unboost|p1a: Sneasler|def|1\n|-unboost|p1a: Sneasler|spd|1\n|move|p2b: Rotom|Electroweb|p1b: Pelipper|[spread] p1a,p1b\n|-supereffective|p1b: Pelipper|2\n|-damage|p1a: Sneasler|0 fnt\n|-enditem|p1b: Pelipper|Focus Sash\n|-damage|p1b: Pelipper|1/100\n|-unboost|p1b: Pelipper|spe|1\n|faint|p1a: Sneasler\n|move|p2a: Aggron|Body Press|p1b: Pelipper\n|-resisted|p1b: Pelipper|1\n|-damage|p1b: Pelipper|0 fnt\n|faint|p1b: Pelipper\n|\n|-weather|RainDance|[upkeep]\n|upkeep\n|c|\u2606Nebulash.dedede|the wall\n|c|\u2606Nebulash.dedede|you cannot outstall the wall\n|\n|t:|1776273512\n|switch|p1a: Basculegion|Basculegion, L50, M|100/100\n|switch|p1b: Meganium|Meganium, L50, F|100/100\n|turn|4\n|inactive|Battle timer is ON: inactive players will automatically lose when time's up. (requested by jjnl)\n|\n|t:|1776273560\n|detailschange|p1b: Meganium|Meganium-Mega, L50, F\n|-mega|p1b: Meganium|Meganium|Meganiumite\n|move|p2b: Rotom|Protect|p2b: Rotom\n|-singleturn|p2b: Rotom|Protect\n|move|p1a: Basculegion|Last Respects|p2b: Rotom\n|-activate|p2b: Rotom|move: Protect\n|move|p1b: Meganium|Weather Ball|p2a: Aggron\n|-supereffective|p2a: Aggron|1\n|-crit|p2a: Aggron\n|-damage|p2a: Aggron|0 fnt\n|faint|p2a: Aggron\n|\n|-weather|RainDance|[upkeep]\n|upkeep\n|\n|t:|1776273563\n|switch|p2a: Tyranitar|Tyranitar, L50, M|100/100\n|-weather|Sandstorm|[from] ability: Sand Stream|[of] p2a: Tyranitar\n|turn|5\n|\n|t:|1776273583\n|move|p1a: Basculegion|Last Respects|p2b: Rotom\n|-damage|p2b: Rotom|0 fnt\n|faint|p2b: Rotom\n|move|p2a: Tyranitar|Crunch|p1a: Basculegion\n|-supereffective|p1a: Basculegion|1\n|-damage|p1a: Basculegion|0 fnt\n|faint|p1a: Basculegion\n|move|p1b: Meganium|Solar Beam||[still]\n|-prepare|p1b: Meganium|Solar Beam\n|-activate|p1b: Meganium|ability: Mega Sol\n|-anim|p1b: Meganium|Solar Beam|p2a: Tyranitar\n|-supereffective|p2a: Tyranitar|1\n|-damage|p2a: Tyranitar|0 fnt\n|faint|p2a: Tyranitar\n|\n|win|jjnl\n|raw|jjnl's rating: 1116 &rarr; <strong>1145</strong><br />(+29 for winning)\n|raw|Nebulash.dedede's rating: 1166 &rarr; <strong>1137</strong><br />(-29 for losing)\n|l|\u203djjnl\n|player|p1|\n",
  "uploadtime": 1776273604,
  "views": 15,
  "formatid": "gen9championsvgc2026regma",
  "rating": 1137,
  "private": 0,
  "password": null
}