{
  "id": "gen9championsvgc2026regma-2587573780",
  "format": "[Gen 9 Champions] VGC 2026 Reg M-A",
  "players": [
    "Icythefox",
    "lux marinus"
  ],
  "log": "|j|\u2606Icythefox\n|j|\u2606lux marinus\n|t:|1776543489\n|gametype|doubles\n|player|p1|Icythefox|170|1038\n|player|p2|lux marinus|lucas|1083\n|gen|9\n|tier|[Gen 9 Champions] VGC 2026 Reg M-A\n|rated|\n|rule|Species Clause: Limit one of each Pok\u00e9mon\n|rule|Item Clause: Limit 1 of each item\n|clearpoke\n|poke|p1|Aerodactyl, L50, F|\n|poke|p1|Archaludon, L50, M|\n|poke|p1|Meganium, L50, F|\n|poke|p1|Froslass, L50, F|\n|poke|p1|Typhlosion, L50, M|\n|poke|p1|Beartic, L50, M, shiny|\n|poke|p2|Starmie, L50, shiny|\n|poke|p2|Pelipper, L50, M|\n|poke|p2|Archaludon, L50, F|\n|poke|p2|Sinistcha, L50|\n|poke|p2|Incineroar, L50, M|\n|poke|p2|Kangaskhan, L50, F|\n|teampreview|4\n|\n|t:|1776543532\n|teamsize|p1|4\n|teamsize|p2|4\n|start\n|switch|p1a: Froslass|Froslass, L50, F|100/100\n|switch|p1b: Beartic|Beartic, L50, M, shiny|100/100\n|switch|p2a: Starmie|Starmie, L50, shiny|100/100\n|switch|p2b: Pelipper|Pelipper, L50, M|100/100\n|-weather|RainDance|[from] ability: Drizzle|[of] p2b: Pelipper\n|turn|1\n|\n|t:|1776543566\n|detailschange|p2a: Starmie|Starmie-Mega, L50, shiny\n|-mega|p2a: Starmie|Starmie|Starminite\n|detailschange|p1a: Froslass|Froslass-Mega, L50, F\n|-mega|p1a: Froslass|Froslass|Froslassite\n|-weather|Snowscape|[from] ability: Snow Warning|[of] p1a: Froslass\n|move|p1b: Beartic|Icicle Crash|p2b: Pelipper\n|-damage|p2b: Pelipper|43/100\n|move|p2a: Starmie|Flip Turn|p1a: Froslass\n|-damage|p1a: Froslass|46/100\n|\n|t:|1776543578\n|switch|p2a: Incineroar|Incineroar, L50, M|100/100|[from] Flip Turn\n|-ability|p2a: Incineroar|Intimidate|boost\n|-unboost|p1a: Froslass|atk|1\n|-unboost|p1b: Beartic|atk|1\n|move|p1a: Froslass|Shadow Ball|p2a: Incineroar\n|-resisted|p2a: Incineroar|1\n|-damage|p2a: Incineroar|80/100\n|move|p2b: Pelipper|Tailwind|p2b: Pelipper\n|-sidestart|p2: lux marinus|move: Tailwind\n|\n|-weather|Snowscape|[upkeep]\n|-heal|p2a: Incineroar|86/100|[from] item: Leftovers\n|upkeep\n|turn|2\n|\n|t:|1776543604\n|switch|p2b: Archaludon|Archaludon, L50, F|100/100\n|move|p1a: Froslass|Protect|p1a: Froslass\n|-singleturn|p1a: Froslass|Protect\n|move|p2a: Incineroar|Fake Out|p1b: Beartic|[miss]\n|-miss|p2a: Incineroar|p1b: Beartic\n|move|p1b: Beartic|Close Combat|p2a: Incineroar\n|-supereffective|p2a: Incineroar|1\n|-damage|p2a: Incineroar|29/100\n|-unboost|p1b: Beartic|def|1\n|-unboost|p1b: Beartic|spd|1\n|\n|-weather|Snowscape|[upkeep]\n|-heal|p2a: Incineroar|35/100|[from] item: Leftovers\n|upkeep\n|turn|3\n|\n|t:|1776543671\n|switch|p1a: Typhlosion|Typhlosion, L50, M|100/100\n|move|p2b: Archaludon|Flash Cannon|p1b: Beartic\n|-supereffective|p1b: Beartic|1\n|-damage|p1b: Beartic|0 fnt\n|faint|p1b: Beartic\n|move|p2a: Incineroar|Throat Chop|p1a: Typhlosion\n|-damage|p1a: Typhlosion|49/100\n|-start|p1a: Typhlosion|Throat Chop|[silent]\n|\n|-weather|Snowscape|[upkeep]\n|-heal|p2a: Incineroar|41/100|[from] item: Leftovers\n|upkeep\n|\n|t:|1776543680\n|switch|p1b: Aerodactyl|Aerodactyl, L50, F|100/100\n|-ability|p1b: Aerodactyl|Unnerve\n|turn|4\n|\n|t:|1776543711\n|switch|p2a: Starmie|Starmie-Mega, L50, shiny|100/100\n|move|p2b: Archaludon|Protect|p2b: Archaludon\n|-singleturn|p2b: Archaludon|Protect\n|move|p1a: Typhlosion|Heat Wave|p2a: Starmie|[spread] p2a\n|-activate|p2b: Archaludon|move: Protect\n|-resisted|p2a: Starmie|1\n|-damage|p2a: Starmie|80/100\n|move|p1b: Aerodactyl|Tailwind|p1b: Aerodactyl\n|-sidestart|p1: Icythefox|move: Tailwind\n|\n|-weather|Snowscape|[upkeep]\n|-end|p1a: Typhlosion|Throat Chop|[silent]\n|-sideend|p2: lux marinus|move: Tailwind\n|upkeep\n|turn|5\n|\n|t:|1776543754\n|move|p1a: Typhlosion|Heat Wave|p2a: Starmie|[spread] p2a,p2b\n|-resisted|p2a: Starmie|1\n|-crit|p2a: Starmie\n|-damage|p2a: Starmie|51/100\n|-damage|p2b: Archaludon|51/100\n|move|p1b: Aerodactyl|Rock Slide|p2a: Starmie|[spread] p2a,p2b\n|-resisted|p2b: Archaludon|1\n|-damage|p2a: Starmie|17/100\n|-damage|p2b: Archaludon|40/100\n|cant|p2a: Starmie|flinch\n|move|p2b: Archaludon|Draco Meteor|p1a: Typhlosion\n|-damage|p1a: Typhlosion|0 fnt\n|-unboost|p2b: Archaludon|spa|2\n|faint|p1a: Typhlosion\n|\n|-weather|none\n|upkeep\n|\n|t:|1776543774\n|switch|p1a: Froslass|Froslass-Mega, L50, F|46/100\n|-weather|Snowscape|[from] ability: Snow Warning|[of] p1a: Froslass\n|turn|6\n|\n|t:|1776543825\n|switch|p2a: Incineroar|Incineroar, L50, M|41/100\n|-ability|p2a: Incineroar|Intimidate|boost\n|-unboost|p1a: Froslass|atk|1\n|-unboost|p1b: Aerodactyl|atk|1\n|move|p2b: Archaludon|Protect|p2b: Archaludon\n|-singleturn|p2b: Archaludon|Protect\n|move|p1b: Aerodactyl|Rock Slide|p2b: Archaludon|[spread] p2a\n|-activate|p2b: Archaludon|move: Protect\n|-supereffective|p2a: Incineroar|1\n|-damage|p2a: Incineroar|7/100\n|move|p1a: Froslass|Blizzard|p2a: Incineroar|[spread] p2a\n|-activate|p2b: Archaludon|move: Protect\n|-resisted|p2a: Incineroar|1\n|-damage|p2a: Incineroar|0 fnt\n|faint|p2a: Incineroar\n|\n|-weather|Snowscape|[upkeep]\n|upkeep\n|\n|t:|1776543843\n|switch|p2a: Pelipper|Pelipper, L50, M|43/100\n|-weather|RainDance|[from] ability: Drizzle|[of] p2a: Pelipper\n|turn|7\n|\n|t:|1776543877\n|switch|p2b: Starmie|Starmie-Mega, L50, shiny|17/100\n|move|p2a: Pelipper|Protect|p2a: Pelipper\n|-singleturn|p2a: Pelipper|Protect\n|move|p1b: Aerodactyl|Rock Slide|p2b: Starmie|[spread] p2b\n|-activate|p2a: Pelipper|move: Protect\n|-damage|p2b: Starmie|0 fnt\n|faint|p2b: Starmie\n|move|p1a: Froslass|Destiny Bond|p1a: Froslass\n|-singlemove|p1a: Froslass|Destiny Bond\n|\n|-weather|RainDance|[upkeep]\n|-sideend|p1: Icythefox|move: Tailwind\n|upkeep\n|\n|t:|1776543890\n|switch|p2b: Archaludon|Archaludon, L50, F|40/100\n|turn|8\n|\n|t:|1776543924\n|move|p2b: Archaludon|Protect|p2b: Archaludon\n|-singleturn|p2b: Archaludon|Protect\n|move|p1b: Aerodactyl|Tailwind|p1b: Aerodactyl\n|-sidestart|p1: Icythefox|move: Tailwind\n|move|p1a: Froslass|Blizzard|p2b: Archaludon|[spread] \n|-activate|p2b: Archaludon|move: Protect\n|-miss|p1a: Froslass|p2a: Pelipper\n|move|p2a: Pelipper|Weather Ball|p1b: Aerodactyl\n|-supereffective|p1b: Aerodactyl|1\n|-enditem|p1b: Aerodactyl|Focus Sash\n|-damage|p1b: Aerodactyl|1/100\n|\n|-weather|RainDance|[upkeep]\n|upkeep\n|turn|9\n|\n|t:|1776543960\n|move|p2a: Pelipper|Protect|p2a: Pelipper\n|-singleturn|p2a: Pelipper|Protect\n|move|p1b: Aerodactyl|Rock Slide|p2b: Archaludon|[spread] p2b\n|-activate|p2a: Pelipper|move: Protect\n|-resisted|p2b: Archaludon|1\n|-damage|p2b: Archaludon|33/100\n|move|p1a: Froslass|Shadow Ball|p2b: Archaludon\n|-damage|p2b: Archaludon|0 fnt\n|faint|p2b: Archaludon\n|\n|-weather|RainDance|[upkeep]\n|upkeep\n|turn|10\n|\n|t:|1776543983\n|move|p1b: Aerodactyl|Rock Slide|p2a: Pelipper\n|-supereffective|p2a: Pelipper|1\n|-damage|p2a: Pelipper|0 fnt\n|faint|p2a: Pelipper\n|\n|win|Icythefox\n|raw|Icythefox's rating: 1038 &rarr; <strong>1077</strong><br />(+39 for winning)\n|raw|lux marinus's rating: 1083 &rarr; <strong>1058</strong><br />(-25 for losing)\n|l|\u2606lux marinus\n|player|p2|\n",
  "uploadtime": 1776544024,
  "views": 20,
  "formatid": "gen9championsvgc2026regma",
  "rating": 1058,
  "private": 0,
  "password": null
}