{
  "id": "gen9championsvgc2026regma-2586212171",
  "format": "[Gen 9 Champions] VGC 2026 Reg M-A",
  "players": [
    "cats dream of you",
    "Prtbl_Trash"
  ],
  "log": "|j|\u2606cats dream of you\n|j|\u2606Prtbl_Trash\n|t:|1776413008\n|gametype|doubles\n|player|p1|cats dream of you|102|1212\n|player|p2|Prtbl_Trash|ortega|1190\n|gen|9\n|tier|[Gen 9 Champions] VGC 2026 Reg M-A\n|rated|\n|rule|Species Clause: Limit one of each Pok\u00e9mon\n|rule|Item Clause: Limit 1 of each item\n|clearpoke\n|poke|p1|Corviknight, L50, F|\n|poke|p1|Gardevoir, L50, F|\n|poke|p1|Garchomp, L50, F|\n|poke|p1|Sinistcha, L50|\n|poke|p1|Dragonite, L50, F|\n|poke|p1|Sneasler, L50, F|\n|poke|p2|Chimecho, L50, F|\n|poke|p2|Incineroar, L50, F|\n|poke|p2|Garchomp, L50, M|\n|poke|p2|Sinistcha, L50|\n|poke|p2|Rotom-Wash, L50|\n|poke|p2|Conkeldurr, L50, M|\n|teampreview|4\n|inactive|Battle timer is ON: inactive players will automatically lose when time's up. (requested by cats dream of you)\n|\n|t:|1776413035\n|teamsize|p1|4\n|teamsize|p2|4\n|start\n|switch|p1a: Corviknight|Corviknight, L50, F, shiny|100/100\n|switch|p1b: Sneasler|Sneasler, L50, F, shiny|100/100\n|switch|p2a: Chimecho|Chimecho, L50, F|100/100\n|switch|p2b: Incineroar|Incineroar, L50, F|100/100\n|-ability|p2b: Incineroar|Intimidate|boost\n|-ability|p1a: Corviknight|Mirror Armor\n|-unboost|p2b: Incineroar|atk|1\n|-unboost|p1b: Sneasler|atk|1\n|turn|1\n|inactive|cats dream of you has 30 seconds left.\n|inactive|cats dream of you has 20 seconds left.\n|inactive|cats dream of you has 15 seconds left.\n|inactive|cats dream of you has 10 seconds left.\n|inactive|cats dream of you has 5 seconds left.\n|\n|t:|1776413087\n|switch|p2b: Garchomp|Garchomp, L50, M|100/100\n|detailschange|p2a: Chimecho|Chimecho-Mega, L50, F\n|-mega|p2a: Chimecho|Chimecho|Chimechite\n|move|p1b: Sneasler|Coaching|p1a: Corviknight\n|-boost|p1a: Corviknight|atk|1\n|-boost|p1a: Corviknight|def|1\n|move|p2a: Chimecho|Calm Mind|p2a: Chimecho\n|-boost|p2a: Chimecho|spa|1\n|-boost|p2a: Chimecho|spd|1\n|move|p1a: Corviknight|Brave Bird|p2a: Chimecho\n|-resisted|p2a: Chimecho|1\n|-damage|p2a: Chimecho|63/100\n|-damage|p1a: Corviknight|90/100|[from] Recoil\n|\n|-heal|p1a: Corviknight|96/100|[from] item: Leftovers\n|upkeep\n|turn|2\n|inactive|cats dream of you has 30 seconds left.\n|\n|t:|1776413113\n|switch|p2b: Rotom|Rotom-Wash, L50|100/100\n|move|p2a: Chimecho|Protect|p2a: Chimecho\n|-singleturn|p2a: Chimecho|Protect\n|move|p1b: Sneasler|Close Combat|p2a: Chimecho\n|-activate|p2a: Chimecho|move: Protect\n|move|p1a: Corviknight|Brave Bird|p2b: Rotom\n|-resisted|p2b: Rotom|1\n|-damage|p2b: Rotom|45/100\n|-damage|p1a: Corviknight|84/100|[from] Recoil\n|\n|-heal|p1a: Corviknight|90/100|[from] item: Leftovers\n|upkeep\n|turn|3\n|inactive|Prtbl_Trash has 30 seconds left.\n|\n|t:|1776413145\n|move|p2b: Rotom|Thunderbolt|p1a: Corviknight\n|-supereffective|p1a: Corviknight|1\n|-damage|p1a: Corviknight|11/100\n|move|p1b: Sneasler|Coaching|p1a: Corviknight\n|-boost|p1a: Corviknight|atk|1\n|-boost|p1a: Corviknight|def|1\n|move|p2a: Chimecho|Stored Power|p1b: Sneasler\n|-supereffective|p1b: Sneasler|2\n|-enditem|p1b: Sneasler|Focus Sash\n|-damage|p1b: Sneasler|1/100\n|move|p1a: Corviknight|Brave Bird|p2a: Chimecho\n|-resisted|p2a: Chimecho|1\n|-damage|p2a: Chimecho|21/100\n|-damage|p1a: Corviknight|0 fnt|[from] Recoil\n|faint|p1a: Corviknight\n|\n|upkeep\n|\n|t:|1776413162\n|switch|p1a: Gardevoir|Gardevoir, L50, F, shiny|100/100\n|turn|4\n|\n|t:|1776413182\n|detailschange|p1a: Gardevoir|Gardevoir-Mega, L50, F, shiny\n|-mega|p1a: Gardevoir|Gardevoir|Gardevoirite\n|move|p2a: Chimecho|Protect|p2a: Chimecho\n|-singleturn|p2a: Chimecho|Protect\n|move|p1b: Sneasler|Close Combat|p2a: Chimecho\n|-activate|p2a: Chimecho|move: Protect\n|move|p2b: Rotom|Thunderbolt|p1b: Sneasler\n|-damage|p1b: Sneasler|0 fnt\n|faint|p1b: Sneasler\n|move|p1a: Gardevoir|Hyper Voice|p2b: Rotom|[spread] p2b\n|-activate|p2a: Chimecho|move: Protect\n|-damage|p2b: Rotom|0 fnt\n|faint|p2b: Rotom\n|\n|upkeep\n|\n|t:|1776413196\n|switch|p1b: Garchomp|Garchomp, L50, F|100/100\n|switch|p2b: Incineroar|Incineroar, L50, F|100/100\n|-ability|p2b: Incineroar|Intimidate|boost\n|-unboost|p1a: Gardevoir|atk|1\n|-unboost|p1b: Garchomp|atk|1\n|-enditem|p1b: Garchomp|White Herb\n|-clearnegativeboost|p1b: Garchomp|[silent]\n|turn|5\n|\n|t:|1776413210\n|move|p1b: Garchomp|Protect|p1b: Garchomp\n|-singleturn|p1b: Garchomp|Protect\n|move|p1a: Gardevoir|Protect|p1a: Gardevoir\n|-singleturn|p1a: Gardevoir|Protect\n|move|p2b: Incineroar|Fake Out|p1b: Garchomp\n|-activate|p1b: Garchomp|move: Protect\n|move|p2a: Chimecho|Draining Kiss|p1b: Garchomp\n|-activate|p1b: Garchomp|move: Protect\n|\n|upkeep\n|turn|6\n|\n|t:|1776413230\n|move|p2a: Chimecho|Protect|p2a: Chimecho\n|-singleturn|p2a: Chimecho|Protect\n|move|p1b: Garchomp|Rock Slide|p2b: Incineroar|[spread] p2b\n|-activate|p2a: Chimecho|move: Protect\n|-supereffective|p2b: Incineroar|1\n|-damage|p2b: Incineroar|70/100\n|move|p1a: Gardevoir|Hyper Voice|p2a: Chimecho|[spread] p2b\n|-activate|p2a: Chimecho|move: Protect\n|-damage|p2b: Incineroar|17/100\n|-enditem|p2b: Incineroar|Sitrus Berry|[eat]\n|-heal|p2b: Incineroar|42/100|[from] item: Sitrus Berry\n|move|p2b: Incineroar|Snarl|p1a: Gardevoir|[spread] p1a,p1b\n|-damage|p1a: Gardevoir|92/100\n|-damage|p1b: Garchomp|90/100\n|-unboost|p1a: Gardevoir|spa|1\n|-unboost|p1b: Garchomp|spa|1\n|\n|upkeep\n|turn|7\n|inactive|Prtbl_Trash has 30 seconds left.\n|inactive|Prtbl_Trash has 20 seconds left.\n|\n|t:|1776413266\n|switch|p2b: Garchomp|Garchomp, L50, M|100/100\n|move|p1b: Garchomp|Rock Slide|p2b: Garchomp|[spread] p2a,p2b\n|-resisted|p2a: Chimecho|1\n|-resisted|p2b: Garchomp|1\n|-damage|p2a: Chimecho|13/100\n|-damage|p2b: Garchomp|91/100\n|move|p1a: Gardevoir|Hyper Voice|p2a: Chimecho|[spread] p2a,p2b\n|-resisted|p2a: Chimecho|1\n|-supereffective|p2b: Garchomp|1\n|-damage|p2a: Chimecho|4/100\n|-damage|p2b: Garchomp|7/100\n|move|p2a: Chimecho|Draining Kiss|p1b: Garchomp\n|-supereffective|p1b: Garchomp|1\n|-damage|p1b: Garchomp|37/100\n|-heal|p2a: Chimecho|45/100|[from] drain|[of] p1b: Garchomp\n|\n|upkeep\n|turn|8\n|\n|t:|1776413289\n|move|p1b: Garchomp|Protect|p1b: Garchomp\n|-singleturn|p1b: Garchomp|Protect\n|move|p2b: Garchomp|Poison Jab|p1a: Gardevoir\n|-supereffective|p1a: Gardevoir|1\n|-damage|p1a: Gardevoir|0 fnt\n|faint|p1a: Gardevoir\n|move|p2a: Chimecho|Draining Kiss|p1b: Garchomp\n|-activate|p1b: Garchomp|move: Protect\n|\n|upkeep\n|turn|9\n|\n|t:|1776413300\n|switch|p2b: Incineroar|Incineroar, L50, F|42/100\n|-ability|p2b: Incineroar|Intimidate|boost\n|-unboost|p1b: Garchomp|atk|1\n|move|p1b: Garchomp|Earthquake|p2b: Incineroar|[spread] p2b\n|-immune|p2a: Chimecho|[from] ability: Levitate\n|-supereffective|p2b: Incineroar|1\n|-damage|p2b: Incineroar|3/100\n|move|p2a: Chimecho|Draining Kiss|p1b: Garchomp\n|-supereffective|p1b: Garchomp|1\n|-damage|p1b: Garchomp|0 fnt\n|-heal|p2a: Chimecho|73/100|[from] drain|[of] p1b: Garchomp\n|faint|p1b: Garchomp\n|\n|win|Prtbl_Trash\n|raw|cats dream of you's rating: 1212 &rarr; <strong>1185</strong><br />(-27 for losing)\n|raw|Prtbl_Trash's rating: 1190 &rarr; <strong>1217</strong><br />(+27 for winning)\n|l|\u2606cats dream of you\n|player|p1|\n",
  "uploadtime": 1776413314,
  "views": 20,
  "formatid": "gen9championsvgc2026regma",
  "rating": 1185,
  "private": 0,
  "password": null
}