{
  "id": "gen9championsvgc2026regma-2585753969",
  "format": "[Gen 9 Champions] VGC 2026 Reg M-A",
  "players": [
    "Chavamaster1",
    "strami"
  ],
  "log": "|j|\u2606Chavamaster1\n|j|\u2606strami\n|t:|1776368255\n|gametype|doubles\n|player|p1|Chavamaster1|169|1296\n|player|p2|strami|hoopster|1376\n|gen|9\n|tier|[Gen 9 Champions] VGC 2026 Reg M-A\n|rated|\n|rule|Species Clause: Limit one of each Pok\u00e9mon\n|rule|Item Clause: Limit 1 of each item\n|clearpoke\n|poke|p1|Incineroar, L50, F|\n|poke|p1|Rotom-Wash, L50|\n|poke|p1|Tyranitar, L50, M|\n|poke|p1|Excadrill, L50, F|\n|poke|p1|Aegislash, L50, F|\n|poke|p1|Gardevoir, L50, M|\n|poke|p2|Scovillain, L50, F|\n|poke|p2|Primarina, L50, F|\n|poke|p2|Aerodactyl, L50, F|\n|poke|p2|Sneasler, L50, F|\n|poke|p2|Garchomp, L50, F|\n|poke|p2|Sinistcha, L50|\n|teampreview|4\n|inactive|Battle timer is ON: inactive players will automatically lose when time's up. (requested by strami)\n|inactive|Chavamaster1 has 60 seconds left.\n|inactive|strami has 60 seconds left.\n|\n|t:|1776368296\n|teamsize|p1|4\n|teamsize|p2|4\n|start\n|switch|p1a: Tyranitar|Tyranitar, L50, M|100/100\n|switch|p1b: Incineroar|Incineroar, L50, F|100/100\n|switch|p2a: Scovillain|Scovillain, L50, F, shiny|100/100\n|switch|p2b: Aerodactyl|Aerodactyl, L50, F|100/100\n|-weather|Sandstorm|[from] ability: Sand Stream|[of] p1a: Tyranitar\n|-ability|p1b: Incineroar|Intimidate|boost\n|-unboost|p2a: Scovillain|atk|1\n|-unboost|p2b: Aerodactyl|atk|1\n|turn|1\n|\n|t:|1776368310\n|move|p2b: Aerodactyl|Protect|p2b: Aerodactyl\n|-singleturn|p2b: Aerodactyl|Protect\n|move|p2a: Scovillain|Protect|p2a: Scovillain\n|-singleturn|p2a: Scovillain|Protect\n|move|p1b: Incineroar|Fake Out|p2a: Scovillain\n|-activate|p2a: Scovillain|move: Protect\n|move|p1a: Tyranitar|Rock Slide|p2b: Aerodactyl|[spread] \n|-activate|p2a: Scovillain|move: Protect\n|-activate|p2b: Aerodactyl|move: Protect\n|\n|-weather|Sandstorm|[upkeep]\n|-damage|p2a: Scovillain|95/100|[from] Sandstorm\n|-damage|p1b: Incineroar|95/100|[from] Sandstorm\n|-ability|p2a: Scovillain|Moody|boost\n|-boost|p2a: Scovillain|atk|2\n|-unboost|p2a: Scovillain|def|1\n|upkeep\n|turn|2\n|\n|t:|1776368333\n|detailschange|p2a: Scovillain|Scovillain-Mega, L50, F, shiny\n|-mega|p2a: Scovillain|Scovillain|Scovillainite\n|move|p2b: Aerodactyl|Tailwind|p2b: Aerodactyl\n|-sidestart|p2: strami|move: Tailwind\n|move|p2a: Scovillain|Giga Drain|p1a: Tyranitar\n|-supereffective|p1a: Tyranitar|1\n|-damage|p1a: Tyranitar|54/100\n|-heal|p2a: Scovillain|100/100|[from] drain|[of] p1a: Tyranitar\n|move|p1a: Tyranitar|Rock Slide|p2b: Aerodactyl|[spread] p2a,p2b\n|-supereffective|p2a: Scovillain|1\n|-supereffective|p2b: Aerodactyl|1\n|-damage|p2a: Scovillain|13/100\n|-damage|p2b: Aerodactyl|8/100\n|-status|p1a: Tyranitar|brn|[from] ability: Spicy Spray|[of] p2a: Scovillain\n|move|p1b: Incineroar|Parting Shot|p2a: Scovillain\n|-unboost|p2a: Scovillain|atk|1\n|-unboost|p2a: Scovillain|spa|1\n|\n|t:|1776368351\n|switch|p1b: Rotom|Rotom-Wash, L50|100/100|[from] Parting Shot\n|\n|-weather|Sandstorm|[upkeep]\n|-damage|p2a: Scovillain|7/100|[from] Sandstorm\n|-damage|p1b: Rotom|95/100|[from] Sandstorm\n|-damage|p1a: Tyranitar|48/100 brn|[from] brn\n|upkeep\n|turn|3\n|\n|t:|1776368361\n|move|p1b: Rotom|Protect|p1b: Rotom\n|-singleturn|p1b: Rotom|Protect\n|move|p2b: Aerodactyl|Rock Slide|p1a: Tyranitar|[spread] p1a\n|-activate|p1b: Rotom|move: Protect\n|-damage|p1a: Tyranitar|34/100 brn\n|move|p2a: Scovillain|Giga Drain|p1b: Rotom\n|-activate|p1b: Rotom|move: Protect\n|move|p1a: Tyranitar|Rock Slide|p2b: Aerodactyl|[spread] p2a,p2b\n|-supereffective|p2a: Scovillain|1\n|-supereffective|p2b: Aerodactyl|1\n|-damage|p2a: Scovillain|0 fnt\n|-damage|p2b: Aerodactyl|0 fnt\n|faint|p2a: Scovillain\n|faint|p2b: Aerodactyl\n|\n|-weather|Sandstorm|[upkeep]\n|-damage|p1b: Rotom|89/100|[from] Sandstorm\n|-damage|p1a: Tyranitar|28/100 brn|[from] brn\n|upkeep\n|\n|t:|1776368364\n|switch|p2b: Sinistcha|Sinistcha, L50|100/100\n|switch|p2a: Garchomp|Garchomp, L50, F|100/100\n|turn|4\n|inactive|Chavamaster1 has 30 seconds left.\n|\n|t:|1776368391\n|switch|p1b: Incineroar|Incineroar, L50, F|95/100\n|-ability|p1b: Incineroar|Intimidate|boost\n|-unboost|p2a: Garchomp|atk|1\n|-unboost|p2b: Sinistcha|atk|1\n|move|p2a: Garchomp|Protect|p2a: Garchomp\n|-singleturn|p2a: Garchomp|Protect\n|move|p2b: Sinistcha|Matcha Gotcha|p1a: Tyranitar|[spread] p1a,p1b\n|-supereffective|p1a: Tyranitar|1\n|-resisted|p1b: Incineroar|1\n|-damage|p1a: Tyranitar|0 fnt\n|-damage|p1b: Incineroar|87/100\n|faint|p1a: Tyranitar\n|\n|-weather|Sandstorm|[upkeep]\n|-damage|p2b: Sinistcha|94/100|[from] Sandstorm\n|-damage|p1b: Incineroar|81/100|[from] Sandstorm\n|upkeep\n|\n|t:|1776368407\n|switch|p1a: Aegislash|Aegislash, L50, F|100/100\n|turn|5\n|\n|t:|1776368418\n|move|p1b: Incineroar|Fake Out|p2a: Garchomp\n|-crit|p2a: Garchomp\n|-damage|p2a: Garchomp|84/100\n|-damage|p1b: Incineroar|68/100|[from] ability: Rough Skin|[of] p2a: Garchomp\n|cant|p2a: Garchomp|flinch\n|move|p2b: Sinistcha|Shadow Ball|p1a: Aegislash\n|-supereffective|p1a: Aegislash|1\n|-crit|p1a: Aegislash\n|-damage|p1a: Aegislash|25/100\n|-formechange|p1a: Aegislash|Aegislash-Blade|\n|move|p1a: Aegislash|Shadow Ball|p2b: Sinistcha\n|-supereffective|p2b: Sinistcha|1\n|-damage|p2b: Sinistcha|2/100\n|-enditem|p2b: Sinistcha|Sitrus Berry|[eat]\n|-heal|p2b: Sinistcha|26/100|[from] item: Sitrus Berry\n|\n|-weather|none\n|-heal|p1a: Aegislash|31/100|[from] item: Leftovers\n|-sideend|p2: strami|move: Tailwind\n|upkeep\n|turn|6\n|inactive|Chavamaster1 has 30 seconds left.\n|\n|t:|1776368450\n|-formechange|p1a: Aegislash|Aegislash|\n|move|p1a: Aegislash|King's Shield|p1a: Aegislash\n|-singleturn|p1a: Aegislash|Protect\n|move|p2a: Garchomp|Earthquake|p1a: Aegislash|[spread] p2b,p1b\n|-activate|p1a: Aegislash|move: Protect\n|-resisted|p2b: Sinistcha|1\n|-supereffective|p1b: Incineroar|1\n|-damage|p2b: Sinistcha|16/100\n|-damage|p1b: Incineroar|18/100\n|move|p2b: Sinistcha|Strength Sap|p1b: Incineroar\n|-unboost|p1b: Incineroar|atk|1\n|-heal|p2b: Sinistcha|94/100\n|move|p1b: Incineroar|Parting Shot|p2a: Garchomp\n|-unboost|p2a: Garchomp|atk|1\n|-unboost|p2a: Garchomp|spa|1\n|\n|t:|1776368466\n|switch|p1b: Rotom|Rotom-Wash, L50|89/100|[from] Parting Shot\n|\n|-heal|p1a: Aegislash|37/100|[from] item: Leftovers\n|upkeep\n|turn|7\n|\n|t:|1776368476\n|move|p2a: Garchomp|Protect|p2a: Garchomp\n|-singleturn|p2a: Garchomp|Protect\n|move|p1a: Aegislash|Wide Guard|p1a: Aegislash\n|-singleturn|p1a: Aegislash|Wide Guard\n|move|p1b: Rotom|Will-O-Wisp|p2a: Garchomp\n|-activate|p2a: Garchomp|move: Protect\n|move|p2b: Sinistcha|Shadow Ball|p1a: Aegislash\n|-supereffective|p1a: Aegislash|1\n|-damage|p1a: Aegislash|0 fnt\n|faint|p1a: Aegislash\n|\n|upkeep\n|\n|t:|1776368489\n|switch|p1a: Incineroar|Incineroar, L50, F|18/100\n|-ability|p1a: Incineroar|Intimidate|boost\n|-unboost|p2a: Garchomp|atk|1\n|-unboost|p2b: Sinistcha|atk|1\n|turn|8\n|\n|t:|1776368500\n|move|p2a: Garchomp|Earthquake|p1a: Incineroar|[spread] p2b,p1a\n|-immune|p1b: Rotom|[from] ability: Levitate\n|-resisted|p2b: Sinistcha|1\n|-supereffective|p1a: Incineroar|1\n|-damage|p2b: Sinistcha|88/100\n|-damage|p1a: Incineroar|0 fnt\n|faint|p1a: Incineroar\n|move|p1b: Rotom|Thunderbolt|p2b: Sinistcha\n|-resisted|p2b: Sinistcha|1\n|-damage|p2b: Sinistcha|72/100\n|move|p2b: Sinistcha|Strength Sap|p1b: Rotom\n|-unboost|p1b: Rotom|atk|1\n|-heal|p2b: Sinistcha|100/100\n|\n|upkeep\n|turn|9\n|\n|t:|1776368516\n|move|p2a: Garchomp|Rock Slide|p1b: Rotom\n|-damage|p1b: Rotom|78/100\n|move|p1b: Rotom|Thunderbolt|p2b: Sinistcha\n|-resisted|p2b: Sinistcha|1\n|-damage|p2b: Sinistcha|84/100\n|-status|p2b: Sinistcha|par\n|cant|p2b: Sinistcha|par\n|\n|upkeep\n|turn|10\n|\n|t:|1776368527\n|move|p2a: Garchomp|Dragon Claw|p1b: Rotom\n|-damage|p1b: Rotom|63/100\n|move|p1b: Rotom|Thunderbolt|p2b: Sinistcha\n|-resisted|p2b: Sinistcha|1\n|-damage|p2b: Sinistcha|67/100 par\n|cant|p2b: Sinistcha|par\n|\n|upkeep\n|turn|11\n|\n|t:|1776368537\n|move|p2a: Garchomp|Dragon Claw|p1b: Rotom\n|-damage|p1b: Rotom|47/100\n|-enditem|p1b: Rotom|Sitrus Berry|[eat]\n|-heal|p1b: Rotom|72/100|[from] item: Sitrus Berry\n|move|p1b: Rotom|Thunderbolt|p2b: Sinistcha\n|-resisted|p2b: Sinistcha|1\n|-damage|p2b: Sinistcha|50/100 par\n|move|p2b: Sinistcha|Matcha Gotcha|p1b: Rotom|[miss]\n|-miss|p2b: Sinistcha|p1b: Rotom\n|\n|upkeep\n|turn|12\n|\n|t:|1776368551\n|move|p2a: Garchomp|Dragon Claw|p1b: Rotom\n|-damage|p1b: Rotom|57/100\n|move|p1b: Rotom|Thunderbolt|p2b: Sinistcha\n|-resisted|p2b: Sinistcha|1\n|-damage|p2b: Sinistcha|33/100 par\n|move|p2b: Sinistcha|Matcha Gotcha|p1b: Rotom\n|-supereffective|p1b: Rotom|1\n|-damage|p1b: Rotom|0 fnt\n|-heal|p2b: Sinistcha|58/100 par|[from] drain|[of] p1b: Rotom\n|faint|p1b: Rotom\n|\n|win|strami\n|raw|Chavamaster1's rating: 1296 &rarr; <strong>1277</strong><br />(-19 for losing)\n|raw|strami's rating: 1376 &rarr; <strong>1391</strong><br />(+15 for winning)\n",
  "uploadtime": 1776368566,
  "views": 46,
  "formatid": "gen9championsvgc2026regma",
  "rating": 1277,
  "private": 0,
  "password": null
}