{
  "id": "gen9championsvgc2026regma-2581788437",
  "format": "[Gen 9 Champions] VGC 2026 Reg M-A",
  "players": [
    "gmax dracovish",
    "rmpemeta"
  ],
  "log": "|j|\u2606gmax dracovish\n|j|\u2606rmpemeta\n|t:|1776028473\n|gametype|doubles\n|player|p1|gmax dracovish|guitarist-gen4|1186\n|player|p2|rmpemeta|1|1241\n|gen|9\n|tier|[Gen 9 Champions] VGC 2026 Reg M-A\n|rated|\n|rule|Species Clause: Limit one of each Pok\u00e9mon\n|rule|Item Clause: Limit 1 of each item\n|clearpoke\n|poke|p1|Floette-Eternal, L50, F|\n|poke|p1|Pelipper, L50, F|\n|poke|p1|Garchomp, L50, M|\n|poke|p1|Basculegion, L50, M|\n|poke|p1|Tsareena, L50, F|\n|poke|p1|Incineroar, L50, F|\n|poke|p2|Charizard, L50, F|\n|poke|p2|Whimsicott, L50, M|\n|poke|p2|Basculegion, L50, M|\n|poke|p2|Farigiraf, L50, F|\n|poke|p2|Kangaskhan, L50, F|\n|poke|p2|Sneasler, L50, F|\n|teampreview|4\nrmpemeta rejected open team sheets.\n|inactive|Battle timer is ON: inactive players will automatically lose when time's up. (requested by rmpemeta)\n|inactive|rmpemeta has 60 seconds left.\n|\n|t:|1776028533\n|teamsize|p1|4\n|teamsize|p2|4\n|start\n|switch|p1a: Basculegion|Basculegion, L50, M|100/100\n|switch|p1b: Garchomp|Garchomp, L50, M|100/100\n|switch|p2a: Whimsicott|Whimsicott, L50, M|100/100\n|switch|p2b: Farigiraf|Farigiraf, L50, F|100/100\n|turn|1\n|inactive|gmax dracovish has 30 seconds left.\n|inactive|gmax dracovish has 20 seconds left.\n|inactive|gmax dracovish has 15 seconds left.\n|inactive|gmax dracovish has 10 seconds left.\n|\n|t:|1776028582\n|move|p2a: Whimsicott|Tailwind|p2a: Whimsicott\n|-sidestart|p2: rmpemeta|move: Tailwind\n|move|p1a: Basculegion|Wave Crash|p2b: Farigiraf\n|-damage|p2b: Farigiraf|14/100\n|-enditem|p2b: Farigiraf|Sitrus Berry|[eat]\n|-heal|p2b: Farigiraf|39/100|[from] item: Sitrus Berry\n|-damage|p1a: Basculegion|67/100|[from] Recoil\n|move|p1b: Garchomp|Stomping Tantrum|p2b: Farigiraf\n|-damage|p2b: Farigiraf|0 fnt\n|faint|p2b: Farigiraf\n|\n|upkeep\n|inactive|rmpemeta has 30 seconds left.\n|\n|t:|1776028614\n|switch|p2b: Basculegion|Basculegion, L50, M|100/100\n|turn|2\n|\n|t:|1776028636\n|move|p2b: Basculegion|Last Respects|p1a: Basculegion\n|-supereffective|p1a: Basculegion|1\n|-damage|p1a: Basculegion|0 fnt\n|faint|p1a: Basculegion\n|move|p2a: Whimsicott|Moonblast|p1b: Garchomp\n|-supereffective|p1b: Garchomp|1\n|-damage|p1b: Garchomp|40/100\n|-unboost|p1b: Garchomp|spa|1\n|move|p1b: Garchomp|Stomping Tantrum|p2b: Basculegion\n|-damage|p2b: Basculegion|46/100\n|\n|upkeep\n|\n|t:|1776028648\n|switch|p1a: Pelipper|Pelipper, L50, F|100/100\n|-weather|RainDance|[from] ability: Drizzle|[of] p1a: Pelipper\n|turn|3\n|inactive|rmpemeta has 30 seconds left.\n|\n|t:|1776028675\n|move|p1b: Garchomp|Protect|p1b: Garchomp\n|-singleturn|p1b: Garchomp|Protect\n|move|p2b: Basculegion|Last Respects|p1a: Pelipper\n|-damage|p1a: Pelipper|18/100\n|move|p2a: Whimsicott|Moonblast|p1b: Garchomp\n|-activate|p1b: Garchomp|move: Protect\n|move|p1a: Pelipper|Hurricane|p2b: Basculegion\n|-damage|p2b: Basculegion|0 fnt\n|faint|p2b: Basculegion\n|\n|-weather|RainDance|[upkeep]\n|upkeep\n|\n|t:|1776028686\n|switch|p2b: Kangaskhan|Kangaskhan, L50, F|100/100\n|turn|4\n|\n|t:|1776028694\n|switch|p1b: Floette|Floette-Eternal, L50, F|100/100\n|move|p1a: Pelipper|Protect|p1a: Pelipper\n|-singleturn|p1a: Pelipper|Protect\n|move|p2b: Kangaskhan|Fake Out|p1a: Pelipper\n|-activate|p1a: Pelipper|move: Protect\n|move|p2a: Whimsicott|Moonblast|p1b: Floette\n|-damage|p1b: Floette|75/100\n|\n|-weather|RainDance|[upkeep]\n|-sideend|p2: rmpemeta|move: Tailwind\n|upkeep\n|turn|5\n|inactive|rmpemeta has 30 seconds left.\n|\n|t:|1776028727\n|switch|p1b: Garchomp|Garchomp, L50, M|40/100\n|detailschange|p2b: Kangaskhan|Kangaskhan-Mega, L50, F\n|-mega|p2b: Kangaskhan|Kangaskhan|Kangaskhanite\n|move|p2a: Whimsicott|Tailwind|p2a: Whimsicott\n|-sidestart|p2: rmpemeta|move: Tailwind\n|move|p2b: Kangaskhan|Double-Edge|p1b: Garchomp\n|-damage|p1b: Garchomp|0 fnt\n|-damage|p2b: Kangaskhan|88/100|[from] ability: Rough Skin|[of] p1b: Garchomp\n|faint|p1b: Garchomp\n|-hitcount|p1: Garchomp|1\n|-damage|p2b: Kangaskhan|77/100|[from] Recoil\n|move|p1a: Pelipper|Hurricane|p2a: Whimsicott\n|-supereffective|p2a: Whimsicott|1\n|-enditem|p2a: Whimsicott|Focus Sash\n|-damage|p2a: Whimsicott|1/100\n|\n|-weather|RainDance|[upkeep]\n|upkeep\n|\n|t:|1776028737\n|switch|p1b: Floette|Floette-Eternal, L50, F|75/100\n|turn|6\n|\n|t:|1776028750\n|detailschange|p1b: Floette|Floette-Mega, L50, F\n|-mega|p1b: Floette|Floette|Floettite\n|-ability|p1b: Floette|Fairy Aura\n|move|p2a: Whimsicott|Moonblast|p1a: Pelipper\n|-damage|p1a: Pelipper|0 fnt\n|faint|p1a: Pelipper\n|move|p2b: Kangaskhan|Double-Edge|p1b: Floette\n|-damage|p1b: Floette|7/100\n|-damage|p1b: Floette|0 fnt\n|faint|p1b: Floette\n|-hitcount|p1: Floette|2\n|-damage|p2b: Kangaskhan|59/100|[from] Recoil\n|\n|win|rmpemeta\n|raw|gmax dracovish's rating: 1186 &rarr; <strong>1165</strong><br />(-21 for losing)\n|raw|rmpemeta's rating: 1241 &rarr; <strong>1262</strong><br />(+21 for winning)\n|l|\u2606gmax dracovish\n|player|p1|\n",
  "uploadtime": 1776028995,
  "views": 14,
  "formatid": "gen9championsvgc2026regma",
  "rating": 1165,
  "private": 0,
  "password": null
}