{
  "id": "gen9championsvgc2026regma-2585847446",
  "format": "[Gen 9 Champions] VGC 2026 Reg M-A",
  "players": [
    "ericaikok",
    "chichinitz"
  ],
  "log": "|j|\u2606ericaikok\n|j|\u2606chichinitz\n|t:|1776375193\n|gametype|doubles\n|player|p1|ericaikok|#ptplvidazzlingdiancies|1229\n|player|p2|chichinitz|psychic-gen4|1316\n|gen|9\n|tier|[Gen 9 Champions] VGC 2026 Reg M-A\n|rated|\n|rule|Species Clause: Limit one of each Pok\u00e9mon\n|rule|Item Clause: Limit 1 of each item\n|clearpoke\n|poke|p1|Gengar, L50, M|\n|poke|p1|Whimsicott, L50, F|\n|poke|p1|Incineroar, L50, F|\n|poke|p1|Sneasler, L50, F|\n|poke|p1|Rotom-Wash, L50|\n|poke|p1|Arcanine-Hisui, L50, F|\n|poke|p2|Meganium, L50, F|\n|poke|p2|Pelipper, L50, M|\n|poke|p2|Basculegion, L50, M|\n|poke|p2|Archaludon, L50, F|\n|poke|p2|Aerodactyl, L50, M|\n|poke|p2|Kangaskhan, L50, F|\n|teampreview|4\n|inactive|Battle timer is ON: inactive players will automatically lose when time's up. (requested by ericaikok)\n|inactive|ericaikok has 60 seconds left.\n|\n|t:|1776375238\n|teamsize|p1|4\n|teamsize|p2|4\n|start\n|switch|p1a: Rotom|Rotom-Wash, L50|100/100\n|switch|p1b: Sneasler|Sneasler, L50, F|100/100\n|switch|p2a: Pelipper|Pelipper, L50, M|100/100\n|switch|p2b: Archaludon|Archaludon, L50, F|100/100\n|-weather|RainDance|[from] ability: Drizzle|[of] p2a: Pelipper\n|turn|1\n|\n|t:|1776375261\n|move|p1b: Sneasler|Close Combat|p2b: Archaludon\n|-supereffective|p2b: Archaludon|1\n|-enditem|p2b: Archaludon|Chople Berry|[eat]\n|-enditem|p2b: Archaludon|Chople Berry|[weaken]\n|-damage|p2b: Archaludon|54/100\n|-unboost|p1b: Sneasler|def|1\n|-unboost|p1b: Sneasler|spd|1\n|-enditem|p1b: Sneasler|White Herb\n|-clearnegativeboost|p1b: Sneasler|[silent]\n|move|p1a: Rotom|Volt Switch|p2a: Pelipper\n|-supereffective|p2a: Pelipper|2\n|-enditem|p2a: Pelipper|Focus Sash\n|-damage|p2a: Pelipper|1/100\n|\n|t:|1776375276\n|switch|p1a: Gengar|Gengar, L50, M|100/100|[from] Volt Switch\n|move|p2b: Archaludon|Electro Shot||[still]\n|-prepare|p2b: Archaludon|Electro Shot\n|-boost|p2b: Archaludon|spa|1\n|-anim|p2b: Archaludon|Electro Shot|p1b: Sneasler\n|-damage|p1b: Sneasler|15/100\n|move|p2a: Pelipper|Hurricane|p1b: Sneasler\n|-supereffective|p1b: Sneasler|1\n|-damage|p1b: Sneasler|0 fnt\n|faint|p1b: Sneasler\n|\n|-weather|RainDance|[upkeep]\n|upkeep\n|\n|t:|1776375291\n|switch|p1b: Whimsicott|Whimsicott, L50, F|100/100\n|turn|2\n|\n|t:|1776375307\n|detailschange|p1a: Gengar|Gengar-Mega, L50, M\n|-mega|p1a: Gengar|Gengar|Gengarite\n|move|p1b: Whimsicott|Encore|p2b: Archaludon\n|-start|p2b: Archaludon|Encore\n|move|p1a: Gengar|Disable|p2b: Archaludon\n|-start|p2b: Archaludon|Disable|Electro Shot\n|cant|p2b: Archaludon|Disable|Electro Shot\n|move|p2a: Pelipper|Hurricane|p1b: Whimsicott\n|-supereffective|p1b: Whimsicott|1\n|-enditem|p1b: Whimsicott|Focus Sash\n|-damage|p1b: Whimsicott|1/100\n|\n|-weather|RainDance|[upkeep]\n|upkeep\n|turn|3\n|\n|t:|1776375324\n|move|p1a: Gengar|Shadow Ball|p2b: Archaludon\n|-damage|p2b: Archaludon|8/100\n|move|p1b: Whimsicott|Moonblast|p2a: Pelipper\n|-damage|p2a: Pelipper|0 fnt\n|faint|p2a: Pelipper\n|-activate|p2b: Archaludon|move: Struggle\n|move|p2b: Archaludon|Struggle|p1b: Whimsicott\n|-damage|p1b: Whimsicott|0 fnt\n|faint|p1b: Whimsicott\n|-damage|p2b: Archaludon|0 fnt|[from] recoil\n|faint|p2b: Archaludon\n|\n|-weather|RainDance|[upkeep]\n|upkeep\n|\n|t:|1776375337\n|switch|p1b: Rotom|Rotom-Wash, L50|100/100\n|switch|p2b: Meganium|Meganium, L50, F|100/100\n|switch|p2a: Basculegion|Basculegion, L50, M|100/100\n|turn|4\n|\n|t:|1776375356\n|detailschange|p2b: Meganium|Meganium-Mega, L50, F\n|-mega|p2b: Meganium|Meganium|Meganiumite\n|move|p1a: Gengar|Protect|p1a: Gengar\n|-singleturn|p1a: Gengar|Protect\n|move|p2a: Basculegion|Last Respects|p1a: Gengar\n|-activate|p1a: Gengar|move: Protect\n|move|p1b: Rotom|Will-O-Wisp|p2a: Basculegion\n|-status|p2a: Basculegion|brn\n|move|p2b: Meganium|Solar Beam||[still]\n|-prepare|p2b: Meganium|Solar Beam\n|-activate|p2b: Meganium|ability: Mega Sol\n|-anim|p2b: Meganium|Solar Beam|p1b: Rotom\n|-supereffective|p1b: Rotom|1\n|-damage|p1b: Rotom|0 fnt\n|faint|p1b: Rotom\n|\n|-weather|RainDance|[upkeep]\n|-damage|p2a: Basculegion|94/100 brn|[from] brn\n|upkeep\n|turn|5\n|\n|t:|1776375378\n|move|p1a: Gengar|Protect||[still]\n|-fail|p1a: Gengar\n|move|p2a: Basculegion|Last Respects|p1a: Gengar\n|-supereffective|p1a: Gengar|1\n|-damage|p1a: Gengar|0 fnt\n|faint|p1a: Gengar\n|\n|win|chichinitz\n|raw|ericaikok's rating: 1229 &rarr; <strong>1210</strong><br />(-19 for losing)\n|raw|chichinitz's rating: 1316 &rarr; <strong>1331</strong><br />(+15 for winning)\n|c|\u2606chichinitz|gg\n",
  "uploadtime": 1776375383,
  "views": 26,
  "formatid": "gen9championsvgc2026regma",
  "rating": 1210,
  "private": 0,
  "password": null
}