{
  "id": "gen9championsvgc2026regma-2582854161",
  "format": "[Gen 9 Champions] VGC 2026 Reg M-A",
  "players": [
    "Soliidd",
    "Crakle26"
  ],
  "log": "|j|\u2606Soliidd\n|j|\u2606Crakle26\n|t:|1776119333\n|gametype|doubles\n|player|p1|Soliidd|flannery|1261\n|player|p2|Crakle26|266|1267\n|gen|9\n|tier|[Gen 9 Champions] VGC 2026 Reg M-A\n|rated|\n|rule|Species Clause: Limit one of each Pok\u00e9mon\n|rule|Item Clause: Limit 1 of each item\n|clearpoke\n|poke|p1|Floette-Eternal, L50, F|\n|poke|p1|Delphox, L50, M|\n|poke|p1|Basculegion, L50, M|\n|poke|p1|Maushold-Four, L50|\n|poke|p1|Incineroar, L50, F|\n|poke|p1|Talonflame, L50, M|\n|poke|p2|Aerodactyl, L50, F|\n|poke|p2|Floette-Eternal, L50, F|\n|poke|p2|Sneasler, L50, M|\n|poke|p2|Basculegion, L50, M|\n|poke|p2|Garchomp, L50, M|\n|poke|p2|Charizard, L50, M|\n|teampreview|4\nSoliidd has agreed to open team sheets.\n|inactive|Battle timer is ON: inactive players will automatically lose when time's up. (requested by Crakle26)\n|\n|t:|1776119434\n|teamsize|p1|4\n|teamsize|p2|4\n|start\n|switch|p1a: Floette|Floette-Eternal, L50, F|100/100\n|switch|p1b: Maushold|Maushold-Four, L50|100/100\n|switch|p2a: Sneasler|Sneasler, L50, M|100/100\n|switch|p2b: Aerodactyl|Aerodactyl, L50, F|100/100\n|-ability|p2b: Aerodactyl|Unnerve\n|turn|1\n|inactive|Soliidd has 30 seconds left.\n|inactive|Crakle26 has 30 seconds left.\n|inactive|Crakle26 has 20 seconds left.\n|inactive|Crakle26 has 15 seconds left.\n|inactive|Crakle26 has 10 seconds left.\n|inactive|Crakle26 has 5 seconds left.\n|\n|t:|1776119488\n|move|p1a: Floette|Protect|p1a: Floette\n|-singleturn|p1a: Floette|Protect\n|move|p1b: Maushold|Feint|p2b: Aerodactyl\n|-resisted|p2b: Aerodactyl|1\n|-damage|p2b: Aerodactyl|93/100\n|move|p2b: Aerodactyl|Rock Slide|p1a: Floette|[spread] \n|-activate|p1a: Floette|move: Protect\n|-miss|p2b: Aerodactyl|p1b: Maushold\n|move|p2a: Sneasler|Close Combat|p1b: Maushold\n|-supereffective|p1b: Maushold|1\n|-crit|p1b: Maushold\n|-damage|p1b: Maushold|0 fnt\n|-unboost|p2a: Sneasler|def|1\n|-unboost|p2a: Sneasler|spd|1\n|faint|p1b: Maushold\n|-enditem|p2a: Sneasler|White Herb\n|-clearnegativeboost|p2a: Sneasler|[silent]\n|\n|upkeep\n|\n|t:|1776119507\n|switch|p1b: Incineroar|Incineroar, L50, F|100/100\n|-ability|p1b: Incineroar|Intimidate|boost\n|-unboost|p2a: Sneasler|atk|1\n|-unboost|p2b: Aerodactyl|atk|1\n|turn|2\n|\n|t:|1776119526\n|detailschange|p1a: Floette|Floette-Mega, L50, F\n|-mega|p1a: Floette|Floette|Floettite\n|-ability|p1a: Floette|Fairy Aura\n|move|p2a: Sneasler|Protect|p2a: Sneasler\n|-singleturn|p2a: Sneasler|Protect\n|move|p2b: Aerodactyl|Protect|p2b: Aerodactyl\n|-singleturn|p2b: Aerodactyl|Protect\n|move|p1b: Incineroar|Fake Out|p2a: Sneasler\n|-activate|p2a: Sneasler|move: Protect\n|move|p1a: Floette|Moonblast|p2b: Aerodactyl\n|-activate|p2b: Aerodactyl|move: Protect\n|\n|upkeep\n|turn|3\n|inactive|Crakle26 has 30 seconds left.\n|inactive|Crakle26 has 20 seconds left.\n|inactive|Crakle26 has 15 seconds left.\n|\n|t:|1776119570\n|switch|p1a: Basculegion|Basculegion, L50, M|100/100\n|move|p2a: Sneasler|Dire Claw|p1a: Basculegion\n|-resisted|p1a: Basculegion|1\n|-damage|p1a: Basculegion|82/100\n|move|p2b: Aerodactyl|Tailwind|p2b: Aerodactyl\n|-sidestart|p2: Crakle26|move: Tailwind\n|move|p1b: Incineroar|Parting Shot|p2a: Sneasler\n|-unboost|p2a: Sneasler|atk|1\n|-unboost|p2a: Sneasler|spa|1\n|\n|t:|1776119580\n|switch|p1b: Floette|Floette-Mega, L50, F|100/100|[from] Parting Shot\n|-ability|p1b: Floette|Fairy Aura\n|\n|upkeep\n|turn|4\n|inactive|Crakle26 has 30 seconds left.\n|inactive|Crakle26 has 20 seconds left.\n|inactive|Crakle26 has 15 seconds left.\n|inactive|Crakle26 has 10 seconds left.\n|inactive|Crakle26 has 5 seconds left.\n|\n|t:|1776119633\n|move|p1b: Floette|Protect|p1b: Floette\n|-singleturn|p1b: Floette|Protect\n|move|p2a: Sneasler|Dire Claw|p1b: Floette\n|-activate|p1b: Floette|move: Protect\n|move|p2b: Aerodactyl|Dual Wingbeat|p1a: Basculegion|[miss]\n|-miss|p2b: Aerodactyl|p1a: Basculegion\n|move|p1a: Basculegion|Wave Crash|p2a: Sneasler\n|-damage|p2a: Sneasler|0 fnt\n|faint|p2a: Sneasler\n|-damage|p1a: Basculegion|56/100|[from] Recoil\n|\n|upkeep\n|\n|t:|1776119648\n|switch|p2a: Floette|Floette-Eternal, L50, F|100/100\n|turn|5\n|inactive|Soliidd has 30 seconds left.\n|inactive|Crakle26 has 30 seconds left.\n|\n|t:|1776119675\n|switch|p1a: Incineroar|Incineroar, L50, F|100/100\n|-ability|p1a: Incineroar|Intimidate|boost\n|-unboost|p2a: Floette|atk|1\n|-unboost|p2b: Aerodactyl|atk|1\n|detailschange|p2a: Floette|Floette-Mega, L50, F\n|-mega|p2a: Floette|Floette|Floettite\n|-ability|p2a: Floette|Fairy Aura\n|move|p2b: Aerodactyl|Rock Slide|p1b: Floette|[spread] p1a,p1b\n|-supereffective|p1a: Incineroar|1\n|-damage|p1a: Incineroar|82/100\n|-damage|p1b: Floette|86/100\n|move|p2a: Floette|Dazzling Gleam|p1a: Incineroar|[spread] p1a,p1b\n|-damage|p1a: Incineroar|37/100\n|-damage|p1b: Floette|50/100\n|cant|p1b: Floette|flinch\n|\n|upkeep\n|turn|6\n|inactive|Soliidd has 30 seconds left.\n|inactive|Crakle26 has 30 seconds left.\n|inactive|Crakle26 has 20 seconds left.\n|\n|t:|1776119713\n|switch|p2b: Basculegion|Basculegion, L50, M|100/100\n|-enditem|p1a: Incineroar|Sitrus Berry|[eat]\n|-heal|p1a: Incineroar|62/100|[from] item: Sitrus Berry\n|move|p2a: Floette|Protect|p2a: Floette\n|-singleturn|p2a: Floette|Protect\n|move|p1a: Incineroar|Fake Out|p2a: Floette\n|-activate|p2a: Floette|move: Protect\n|move|p1b: Floette|Calm Mind|p1b: Floette\n|-boost|p1b: Floette|spa|1\n|-boost|p1b: Floette|spd|1\n|\n|-sideend|p2: Crakle26|move: Tailwind\n|upkeep\n|turn|7\n|inactive|Crakle26 has 30 seconds left.\n|inactive|Crakle26 has 20 seconds left.\n|\n|t:|1776119752\n|move|p1b: Floette|Protect|p1b: Floette\n|-singleturn|p1b: Floette|Protect\n|move|p2b: Basculegion|Phantom Force||[still]\n|-prepare|p2b: Basculegion|Phantom Force\n|move|p2a: Floette|Moonblast|p1a: Incineroar\n|-damage|p1a: Incineroar|0 fnt\n|faint|p1a: Incineroar\n|\n|upkeep\n|\n|t:|1776119764\n|switch|p1a: Basculegion|Basculegion, L50, M|56/100\n|turn|8\n|c|\u2606Crakle26|Bro got gotted\n|c|\u2606Soliidd|breuuuuu\n|\n|t:|1776119789\n|move|p2a: Floette|Protect|p2a: Floette\n|-singleturn|p2a: Floette|Protect\n|move|p1b: Floette|Protect||[still]\n|-fail|p1b: Floette\n|move|p2b: Basculegion|Phantom Force|p1b: Floette|[from] lockedmove\n|-damage|p1b: Floette|0 fnt\n|faint|p1b: Floette\n|move|p1a: Basculegion|Last Respects|p2b: Basculegion\n|-supereffective|p2b: Basculegion|1\n|-damage|p2b: Basculegion|0 fnt\n|faint|p2b: Basculegion\n|\n|upkeep\n|c|\u2606Crakle26|Phantom force goes through protect btw\n|c|\u2606Crakle26|even if you hit double protect it doesn\u2019t matter\n|c|\u2606Soliidd|wow\n|inactive|Crakle26 has 30 seconds left.\n|inactive|Crakle26 has 20 seconds left.\n|\n|t:|1776119826\n|switch|p2b: Aerodactyl|Aerodactyl, L50, F|93/100\n|-ability|p2b: Aerodactyl|Unnerve\n|turn|9\n|c|\u2606Soliidd|gg wp\n|\n|t:|1776119849\n|move|p2b: Aerodactyl|Dual Wingbeat|p1a: Basculegion\n|-damage|p1a: Basculegion|35/100\n|-damage|p1a: Basculegion|10/100\n|-hitcount|p1a: Basculegion|2\n|move|p1a: Basculegion|Last Respects|p2a: Floette\n|-damage|p2a: Floette|0 fnt\n|faint|p2a: Floette\n|\n|upkeep\n|turn|10\n|c|\u2606Soliidd|can you miss\n|\n|t:|1776119866\n|move|p2b: Aerodactyl|Dual Wingbeat|p1a: Basculegion|[miss]\n|-miss|p2b: Aerodactyl|p1a: Basculegion\n|move|p1a: Basculegion|Last Respects|p2b: Aerodactyl\n|-damage|p2b: Aerodactyl|0 fnt\n|faint|p2b: Aerodactyl\n|\n|win|Soliidd\n|raw|Soliidd's rating: 1261 &rarr; <strong>1286</strong><br />(+25 for winning)\n|raw|Crakle26's rating: 1267 &rarr; <strong>1242</strong><br />(-25 for losing)\n|c|\u2606Soliidd|bro got gotted\n|c|\u2606Soliidd|lel\n|c|\u2606Soliidd|what you deserve for playing aero\n|c|\u2606Soliidd|sorry\n|c|\u2606Soliidd|that was rude\n",
  "uploadtime": 1776119906,
  "views": 20,
  "formatid": "gen9championsvgc2026regma",
  "rating": 1242,
  "private": 0,
  "password": null
}