{
  "id": "gen9championsvgc2026regma-2585333076",
  "format": "[Gen 9 Champions] VGC 2026 Reg M-A",
  "players": [
    "hey dad just",
    "Sharkhy_"
  ],
  "log": "|j|\u2606hey dad just\n|j|\u2606Sharkhy_\n|t:|1776338726\n|gametype|doubles\n|player|p1|hey dad just|1|1097\n|player|p2|Sharkhy_|n|1169\n|gen|9\n|tier|[Gen 9 Champions] VGC 2026 Reg M-A\n|rated|\n|rule|Species Clause: Limit one of each Pok\u00e9mon\n|rule|Item Clause: Limit 1 of each item\n|clearpoke\n|poke|p1|Tyranitar, L50, F|\n|poke|p1|Camerupt, L50, M|\n|poke|p1|Kingambit, L50, F|\n|poke|p1|Farigiraf, L50, F|\n|poke|p1|Aegislash, L50, F|\n|poke|p1|Sinistcha, L50|\n|poke|p2|Charizard, L50, F|\n|poke|p2|Maushold-Four, L50|\n|poke|p2|Sneasler, L50, M|\n|poke|p2|Dragapult, L50, F|\n|poke|p2|Kingambit, L50, M|\n|poke|p2|Garchomp, L50, M|\n|teampreview|4\n|inactive|Battle timer is ON: inactive players will automatically lose when time's up. (requested by hey dad just)\n|inactive|hey dad just has 60 seconds left.\n|\n|t:|1776338763\n|teamsize|p1|4\n|teamsize|p2|4\n|start\n|switch|p1a: Farigiraf|Farigiraf, L50, F|100/100\n|switch|p1b: Tyranitar|Tyranitar, L50, F|100/100\n|switch|p2a: Maushold|Maushold-Four, L50|100/100\n|switch|p2b: Kingambit|Kingambit, L50, M|100/100\n|-weather|Sandstorm|[from] ability: Sand Stream|[of] p1b: Tyranitar\n|turn|1\n|inactive|Sharkhy_ has 30 seconds left.\n|\n|t:|1776338793\n|move|p2a: Maushold|Super Fang|p1b: Tyranitar\n|-damage|p1b: Tyranitar|51/100\n|move|p2b: Kingambit|Iron Head|p1b: Tyranitar\n|-supereffective|p1b: Tyranitar|1\n|-damage|p1b: Tyranitar|0 fnt\n|faint|p1b: Tyranitar\n|move|p1a: Farigiraf|Trick Room|p1a: Farigiraf\n|-fieldstart|move: Trick Room|[of] p1a: Farigiraf\n|\n|-weather|Sandstorm|[upkeep]\n|-damage|p1a: Farigiraf|94/100|[from] Sandstorm\n|-damage|p2a: Maushold|94/100|[from] Sandstorm\n|upkeep\n|\n|t:|1776338798\n|switch|p1b: Camerupt|Camerupt, L50, M|100/100\n|turn|2\n|\n|t:|1776338816\n|detailschange|p1b: Camerupt|Camerupt-Mega, L50, M\n|-mega|p1b: Camerupt|Camerupt|Cameruptite\n|move|p1a: Farigiraf|Helping Hand|p1b: Camerupt\n|-singleturn|p1b: Camerupt|Helping Hand|[of] p1a: Farigiraf\n|move|p2a: Maushold|Follow Me|p2a: Maushold\n|-singleturn|p2a: Maushold|move: Follow Me\n|move|p1b: Camerupt|Eruption|p2b: Kingambit|[spread] p2a,p2b\n|-supereffective|p2b: Kingambit|1\n|-damage|p2a: Maushold|0 fnt\n|-damage|p2b: Kingambit|0 fnt\n|faint|p2a: Maushold\n|faint|p2b: Kingambit\n|\n|-weather|Sandstorm|[upkeep]\n|-damage|p1a: Farigiraf|88/100|[from] Sandstorm\n|upkeep\n|\n|t:|1776338829\n|switch|p2b: Charizard|Charizard, L50, F|100/100\n|switch|p2a: Sneasler|Sneasler, L50, M|100/100\n|turn|3\n|\n|t:|1776338853\n|move|p2b: Charizard|Protect|p2b: Charizard\n|-singleturn|p2b: Charizard|Protect\n|move|p1b: Camerupt|Eruption|p2b: Charizard|[spread] p2a\n|-activate|p2b: Charizard|move: Protect\n|-damage|p2a: Sneasler|12/100\n|move|p1a: Farigiraf|Psychic|p2a: Sneasler\n|-supereffective|p2a: Sneasler|2\n|-damage|p2a: Sneasler|0 fnt\n|faint|p2a: Sneasler\n|\n|-weather|Sandstorm|[upkeep]\n|-damage|p1a: Farigiraf|82/100|[from] Sandstorm\n|-damage|p2b: Charizard|94/100|[from] Sandstorm\n|upkeep\n|turn|4\n|\n|t:|1776338870\n|detailschange|p2b: Charizard|Charizard-Mega-Y, L50, F\n|-mega|p2b: Charizard|Charizard|Charizardite Y\n|-weather|SunnyDay|[from] ability: Drought|[of] p2b: Charizard\n|move|p1a: Farigiraf|Helping Hand|p1b: Camerupt\n|-singleturn|p1b: Camerupt|Helping Hand|[of] p1a: Farigiraf\n|move|p1b: Camerupt|Eruption|p2b: Charizard\n|-resisted|p2b: Charizard|1\n|-damage|p2b: Charizard|3/100\n|move|p2b: Charizard|Heat Wave|p1b: Camerupt|[spread] p1b\n|-miss|p2b: Charizard|p1a: Farigiraf\n|-resisted|p1b: Camerupt|1\n|-damage|p1b: Camerupt|69/100\n|\n|-weather|SunnyDay|[upkeep]\n|upkeep\n|turn|5\n|\n|t:|1776338884\n|move|p2b: Charizard|Protect|p2b: Charizard\n|-singleturn|p2b: Charizard|Protect\n|move|p1b: Camerupt|Flamethrower|p2b: Charizard\n|-activate|p2b: Charizard|move: Protect\n|move|p1a: Farigiraf|Hyper Voice|p2b: Charizard\n|-activate|p2b: Charizard|move: Protect\n|\n|-weather|SunnyDay|[upkeep]\n|-fieldend|move: Trick Room\n|upkeep\n|turn|6\n|\n|t:|1776338897\n|move|p2b: Charizard|Heat Wave|p1a: Farigiraf|[spread] p1a,p1b\n|-crit|p1a: Farigiraf\n|-resisted|p1b: Camerupt|1\n|-damage|p1a: Farigiraf|10/100\n|-damage|p1b: Camerupt|39/100\n|-enditem|p1a: Farigiraf|Sitrus Berry|[eat]\n|-heal|p1a: Farigiraf|35/100|[from] item: Sitrus Berry\n|move|p1a: Farigiraf|Psychic|p2b: Charizard\n|-damage|p2b: Charizard|0 fnt\n|faint|p2b: Charizard\n|\n|win|hey dad just\n|raw|hey dad just's rating: 1097 &rarr; <strong>1128</strong><br />(+31 for winning)\n|raw|Sharkhy_'s rating: 1169 &rarr; <strong>1139</strong><br />(-30 for losing)\n|l|\u2606hey dad just\n|player|p1|\n",
  "uploadtime": 1776338945,
  "views": 27,
  "formatid": "gen9championsvgc2026regma",
  "rating": 1128,
  "private": 0,
  "password": null
}