{
  "id": "gen9championsvgc2026regma-2587803488",
  "format": "[Gen 9 Champions] VGC 2026 Reg M-A",
  "players": [
    "baku_308",
    "apfr"
  ],
  "log": "|j|\u2606baku_308\n|j|\u203dapfr\n|t:|1776565607\n|gametype|doubles\n|player|p1|baku_308|101|1487\n|player|p2|apfr|clown|1458\n|gen|9\n|tier|[Gen 9 Champions] VGC 2026 Reg M-A\n|rated|\n|rule|Species Clause: Limit one of each Pok\u00e9mon\n|rule|Item Clause: Limit 1 of each item\n|clearpoke\n|poke|p1|Floette-Eternal, L50, F|\n|poke|p1|Aegislash, L50, F|\n|poke|p1|Talonflame, L50, F|\n|poke|p1|Incineroar, L50, M|\n|poke|p1|Garchomp, L50, M|\n|poke|p1|Rotom-Wash, L50|\n|poke|p2|Drampa, L50, F|\n|poke|p2|Klefki, L50, M|\n|poke|p2|Sinistcha, L50|\n|poke|p2|Farigiraf, L50, M|\n|poke|p2|Milotic, L50, M|\n|poke|p2|Kingambit, L50, M|\n|teampreview|4\n|inactive|Battle timer is ON: inactive players will automatically lose when time's up. (requested by apfr)\n|inactive|baku_308 has 60 seconds left.\n|\n|t:|1776565673\n|teamsize|p1|4\n|teamsize|p2|4\n|start\n|switch|p1a: Talonflame|Talonflame, L50, F|100/100\n|switch|p1b: Floette|Floette-Eternal, L50, F|100/100\n|switch|p2a: Milotic|Milotic, L50, M|100/100\n|switch|p2b: Farigiraf|Farigiraf, L50, M|100/100\n|turn|1\n|\n|t:|1776565687\n|detailschange|p1b: Floette|Floette-Mega, L50, F\n|-mega|p1b: Floette|Floette|Floettite\n|-ability|p1b: Floette|Fairy Aura\n|move|p1a: Talonflame|Acrobatics||[still]\n|cant|p2b: Farigiraf|ability: Armor Tail|Acrobatics|[of] p1a: Talonflame\n|move|p1b: Floette|Dazzling Gleam|p2b: Farigiraf|[spread] p2a,p2b\n|-damage|p2a: Milotic|70/100\n|-damage|p2b: Farigiraf|55/100\n|move|p2a: Milotic|Scald|p1a: Talonflame\n|-supereffective|p1a: Talonflame|1\n|-damage|p1a: Talonflame|0 fnt\n|faint|p1a: Talonflame\n|move|p2b: Farigiraf|Trick Room|p2b: Farigiraf\n|-fieldstart|move: Trick Room|[of] p2b: Farigiraf\n|\n|-heal|p2a: Milotic|76/100|[from] item: Leftovers\n|upkeep\n|\n|t:|1776565705\n|switch|p1a: Garchomp|Garchomp, L50, M|100/100\n|turn|2\n|\n|t:|1776565715\n|move|p2b: Farigiraf|Psychic|p1b: Floette\n|-damage|p1b: Floette|70/100\n|move|p2a: Milotic|Ice Beam|p1a: Garchomp\n|-supereffective|p1a: Garchomp|2\n|-damage|p1a: Garchomp|0 fnt\n|faint|p1a: Garchomp\n|move|p1b: Floette|Dazzling Gleam|p2a: Milotic|[spread] p2a,p2b\n|-damage|p2a: Milotic|46/100\n|-damage|p2b: Farigiraf|10/100\n|\n|-heal|p2a: Milotic|52/100|[from] item: Leftovers\n|upkeep\n|\n|t:|1776565721\n|switch|p1a: Rotom|Rotom-Wash, L50|100/100\n|turn|3\n|\n|t:|1776565729\n|move|p1a: Rotom|Protect|p1a: Rotom\n|-singleturn|p1a: Rotom|Protect\n|move|p1b: Floette|Protect|p1b: Floette\n|-singleturn|p1b: Floette|Protect\n|move|p2b: Farigiraf|Psychic|p1b: Floette\n|-activate|p1b: Floette|move: Protect\n|move|p2a: Milotic|Scald|p1b: Floette\n|-activate|p1b: Floette|move: Protect\n|\n|-heal|p2a: Milotic|58/100|[from] item: Leftovers\n|upkeep\n|turn|4\n|\n|t:|1776565738\n|move|p2b: Farigiraf|Psychic|p1b: Floette\n|-damage|p1b: Floette|42/100\n|move|p2a: Milotic|Scald|p1b: Floette\n|-damage|p1b: Floette|18/100\n|-status|p1b: Floette|brn\n|move|p1a: Rotom|Thunderbolt|p2a: Milotic\n|-supereffective|p2a: Milotic|1\n|-damage|p2a: Milotic|4/100\n|move|p1b: Floette|Dazzling Gleam|p2a: Milotic|[spread] p2a,p2b\n|-damage|p2a: Milotic|0 fnt\n|-damage|p2b: Farigiraf|0 fnt\n|faint|p2a: Milotic\n|faint|p2b: Farigiraf\n|\n|-damage|p1b: Floette|12/100 brn|[from] brn\n|upkeep\n|\n|t:|1776565749\n|switch|p2b: Drampa|Drampa, L50, F|100/100\n|switch|p2a: Kingambit|Kingambit, L50, M|100/100\n|-ability|p2b: Drampa|Cloud Nine\n|turn|5\n|\n|t:|1776565765\n|detailschange|p2b: Drampa|Drampa-Mega, L50, F\n|-mega|p2b: Drampa|Drampa|Drampanite\n|move|p2b: Drampa|Hyper Voice|p1b: Floette|[spread] p1a,p1b\n|-damage|p1a: Rotom|52/100\n|-damage|p1b: Floette|0 fnt\n|faint|p1b: Floette\n|move|p2a: Kingambit|Iron Head|p1a: Rotom\n|-resisted|p1a: Rotom|2\n|-damage|p1a: Rotom|40/100\n|-enditem|p1a: Rotom|Sitrus Berry|[eat]\n|-heal|p1a: Rotom|65/100|[from] item: Sitrus Berry\n|move|p1a: Rotom|Will-O-Wisp|p2a: Kingambit\n|-status|p2a: Kingambit|brn\n|\n|-damage|p2a: Kingambit|95/100 brn|[from] brn\n|-fieldend|move: Trick Room\n|upkeep\n|turn|6\n|\n|t:|1776565787\n|move|p1a: Rotom|Thunderbolt|p2b: Drampa\n|-resisted|p2b: Drampa|1\n|-damage|p2b: Drampa|84/100\n|move|p2a: Kingambit|Kowtow Cleave|p1a: Rotom\n|-damage|p1a: Rotom|40/100\n|move|p2b: Drampa|Hyper Voice|p1a: Rotom\n|-damage|p1a: Rotom|0 fnt\n|faint|p1a: Rotom\n|\n|win|apfr\n|raw|baku_308's rating: 1487 &rarr; <strong>1465</strong><br />(-22 for losing)\n|raw|apfr's rating: 1458 &rarr; <strong>1480</strong><br />(+22 for winning)\n|l|\u203dapfr\n|player|p2|\n|l|\u2606baku_308\n|player|p1|\n",
  "uploadtime": 1776565823,
  "views": 14,
  "formatid": "gen9championsvgc2026regma",
  "rating": 1465,
  "private": 0,
  "password": null
}