{
  "id": "gen9championsvgc2026regma-2588505103",
  "format": "[Gen 9 Champions] VGC 2026 Reg M-A",
  "players": [
    "atd2998",
    "MaybeLucid"
  ],
  "log": "|j|\u2606atd2998\n|j|\u2606MaybeLucid\n|t:|1776639641\n|gametype|doubles\n|player|p1|atd2998|101|1063\n|player|p2|MaybeLucid|miku-ghost|1057\n|gen|9\n|tier|[Gen 9 Champions] VGC 2026 Reg M-A\n|rated|\n|rule|Species Clause: Limit one of each Pok\u00e9mon\n|rule|Item Clause: Limit 1 of each item\n|clearpoke\n|poke|p1|Roserade, L50, M, shiny|\n|poke|p1|Klefki, L50, M|\n|poke|p1|Delphox, L50, F, shiny|\n|poke|p1|Sneasler, L50, M, shiny|\n|poke|p1|Excadrill, L50, F, shiny|\n|poke|p1|Sylveon, L50, M, shiny|\n|poke|p2|Drampa, L50, F, shiny|\n|poke|p2|Sinistcha-Masterpiece, L50|\n|poke|p2|Farigiraf, L50, M, shiny|\n|poke|p2|Pelipper, L50, M|\n|poke|p2|Archaludon, L50, M|\n|poke|p2|Kingambit, L50, M, shiny|\n|teampreview|4\n|inactive|Battle timer is ON: inactive players will automatically lose when time's up. (requested by MaybeLucid)\n|inactive|atd2998 has 60 seconds left.\n|\n|t:|1776639673\n|teamsize|p1|4\n|teamsize|p2|4\n|start\n|switch|p1a: Klefki|Klefki, L50, M|100/100\n|switch|p1b: Sneasler|Sneasler, L50, M, shiny|100/100\n|switch|p2a: Dihgiraf|Farigiraf, L50, M, shiny|100/100\n|switch|p2b: Shiddy|Pelipper, L50, M|100/100\n|-weather|RainDance|[from] ability: Drizzle|[of] p2b: Shiddy\n|turn|1\n|inactive|atd2998 has 30 seconds left.\n|\n|t:|1776639702\n|move|p1a: Klefki|Imprison|p1a: Klefki\n|-start|p1a: Klefki|move: Imprison\n|move|p1b: Sneasler|Close Combat|p2a: Dihgiraf\n|-damage|p2a: Dihgiraf|45/100\n|-unboost|p1b: Sneasler|def|1\n|-unboost|p1b: Sneasler|spd|1\n|move|p2b: Shiddy|Muddy Water|p1b: Sneasler|[spread] \n|-miss|p2b: Shiddy|p1a: Klefki\n|-miss|p2b: Shiddy|p1b: Sneasler\n|cant|p2a: Dihgiraf|move: Imprison|Trick Room\n|\n|-weather|RainDance|[upkeep]\n|-heal|p2a: Dihgiraf|51/100|[from] item: Leftovers\n|upkeep\n|turn|2\n|inactive|atd2998 has 30 seconds left.\n|\n|t:|1776639729\n|move|p2b: Shiddy|Wide Guard|p2b: Shiddy\n|-singleturn|p2b: Shiddy|Wide Guard\n|move|p1a: Klefki|Sandstorm|p1a: Klefki\n|-weather|Sandstorm\n|move|p1b: Sneasler|U-turn|p2a: Dihgiraf\n|-supereffective|p2a: Dihgiraf|1\n|-damage|p2a: Dihgiraf|8/100\n|\n|t:|1776639736\n|switch|p1b: Roserade|Roserade, L50, M, shiny|100/100|[from] U-turn\n|move|p2a: Dihgiraf|Psychic|p1b: Roserade\n|-supereffective|p1b: Roserade|1\n|-damage|p1b: Roserade|16/100\n|\n|-weather|Sandstorm|[upkeep]\n|-damage|p1b: Roserade|10/100|[from] Sandstorm\n|-damage|p2b: Shiddy|95/100|[from] Sandstorm\n|-damage|p2a: Dihgiraf|2/100|[from] Sandstorm\n|-heal|p2a: Dihgiraf|8/100|[from] item: Leftovers\n|upkeep\n|turn|3\n|inactive|MaybeLucid has 30 seconds left.\n|\n|t:|1776639767\n|switch|p2b: matcha N|Sinistcha-Masterpiece, L50|100/100\n|-heal|p2a: Dihgiraf|33/100|[from] ability: Hospitality|[of] p2b: matcha N\n|switch|p2a: BIG D|Drampa, L50, F, shiny|100/100\n|-ability|p2a: BIG D|Cloud Nine\n|move|p1b: Roserade|Weather Ball|p2b: matcha N\n|-immune|p2b: matcha N\n|move|p1a: Klefki|Foul Play|p2a: BIG D\n|-damage|p2a: BIG D|84/100\n|\n|-weather|Sandstorm|[upkeep]\n|upkeep\n|turn|4\n|inactive|atd2998 has 30 seconds left.\n|inactive|MaybeLucid has 30 seconds left.\n|inactive|atd2998 has 20 seconds left.\n|inactive|MaybeLucid has 20 seconds left.\n|inactive|atd2998 has 15 seconds left.\n|\n|t:|1776639810\n|switch|p1b: Sneasler|Sneasler, L50, M, shiny|100/100\n|move|p1a: Klefki|Foul Play|p2b: matcha N\n|-supereffective|p2b: matcha N|1\n|-damage|p2b: matcha N|77/100\n|move|p2b: matcha N|Matcha Gotcha|p1b: Sneasler|[spread] p1a,p1b\n|-resisted|p1a: Klefki|1\n|-resisted|p1b: Sneasler|1\n|-damage|p1a: Klefki|88/100\n|-heal|p2b: matcha N|83/100|[from] drain|[of] p1a: Klefki\n|-damage|p1b: Sneasler|85/100\n|-heal|p2b: matcha N|90/100|[from] drain|[of] p1b: Sneasler\n|-status|p1a: Klefki|brn\n|move|p2a: BIG D|Earth Power|p1a: Klefki\n|-supereffective|p1a: Klefki|1\n|-damage|p1a: Klefki|19/100 brn\n|-enditem|p1a: Klefki|Sitrus Berry|[eat]\n|-heal|p1a: Klefki|44/100 brn|[from] item: Sitrus Berry\n|\n|-weather|Sandstorm|[upkeep]\n|-damage|p1a: Klefki|38/100 brn|[from] brn\n|upkeep\n|turn|5\n|inactive|atd2998 has 30 seconds left.\n|inactive|MaybeLucid has 30 seconds left.\n|inactive|MaybeLucid has 20 seconds left.\n|inactive|MaybeLucid has 15 seconds left.\n|inactive|MaybeLucid has 10 seconds left.\n|\n|t:|1776639859\n|switch|p2a: Shiddy|Pelipper, L50, M|95/100\n|-weather|RainDance|[from] ability: Drizzle|[of] p2a: Shiddy\n|move|p1b: Sneasler|Close Combat|p2a: Shiddy\n|-resisted|p2a: Shiddy|1\n|-crit|p2a: Shiddy\n|-damage|p2a: Shiddy|46/100\n|-unboost|p1b: Sneasler|def|1\n|-unboost|p1b: Sneasler|spd|1\n|move|p1a: Klefki|Foul Play|p2b: matcha N\n|-supereffective|p2b: matcha N|1\n|-damage|p2b: matcha N|79/100\n|move|p2b: matcha N|Matcha Gotcha|p1b: Sneasler|[spread] p1a,p1b\n|-resisted|p1a: Klefki|1\n|-resisted|p1b: Sneasler|1\n|-damage|p1a: Klefki|25/100 brn\n|-heal|p2b: matcha N|85/100|[from] drain|[of] p1a: Klefki\n|-damage|p1b: Sneasler|58/100\n|-heal|p2b: matcha N|97/100|[from] drain|[of] p1b: Sneasler\n|-status|p1b: Sneasler|brn\n|\n|-weather|RainDance|[upkeep]\n|-damage|p1b: Sneasler|53/100 brn|[from] brn\n|-damage|p1a: Klefki|19/100 brn|[from] brn\n|upkeep\n|turn|6\n|inactive|atd2998 has 30 seconds left.\n|inactive|MaybeLucid has 30 seconds left.\n|\n|t:|1776639892\n|move|p1b: Sneasler|Dire Claw|p2b: matcha N\n|-damage|p2b: matcha N|79/100\n|move|p1a: Klefki|Foul Play|p2b: matcha N\n|-supereffective|p2b: matcha N|1\n|-damage|p2b: matcha N|66/100\n|move|p2b: matcha N|Life Dew|p2b: matcha N|[spread] p2a,p2b\n|-heal|p2a: Shiddy|71/100\n|-heal|p2b: matcha N|92/100\n|move|p2a: Shiddy|Hurricane|p1b: Sneasler\n|-supereffective|p1b: Sneasler|1\n|-damage|p1b: Sneasler|0 fnt\n|faint|p1b: Sneasler\n|\n|-weather|RainDance|[upkeep]\n|-damage|p1a: Klefki|13/100 brn|[from] brn\n|upkeep\n|\n|t:|1776639914\n|switch|p1b: Excadrill|Excadrill, L50, F, shiny|100/100\n|turn|7\n|\n|t:|1776639932\n|detailschange|p1b: Excadrill|Excadrill-Mega, L50, F, shiny\n|-mega|p1b: Excadrill|Excadrill|Excadrite\n|move|p1a: Klefki|Sandstorm|p1a: Klefki\n|-weather|Sandstorm\n|move|p1b: Excadrill|Iron Head|p2b: matcha N\n|-damage|p2b: matcha N|41/100\n|-enditem|p2b: matcha N|Sitrus Berry|[eat]\n|-heal|p2b: matcha N|66/100|[from] item: Sitrus Berry\n|move|p2b: matcha N|Matcha Gotcha|p1a: Klefki|[spread] p1b\n|-miss|p2b: matcha N|p1a: Klefki\n|-damage|p1b: Excadrill|74/100\n|-heal|p2b: matcha N|80/100|[from] drain|[of] p1b: Excadrill\n|move|p2a: Shiddy|Muddy Water|p1a: Klefki|[spread] p1a\n|-miss|p2a: Shiddy|p1b: Excadrill\n|-damage|p1a: Klefki|0 fnt\n|faint|p1a: Klefki\n|\n|-weather|Sandstorm|[upkeep]\n|-damage|p2b: matcha N|74/100|[from] Sandstorm\n|-damage|p2a: Shiddy|65/100|[from] Sandstorm\n|upkeep\n|\n|t:|1776639953\n|switch|p1a: Roserade|Roserade, L50, M, shiny|10/100\n|turn|8\n|\n|t:|1776639969\n|switch|p2a: BIG D|Drampa, L50, F, shiny|84/100\n|-ability|p2a: BIG D|Cloud Nine\n|move|p1a: Roserade|Sludge Bomb|p2b: matcha N\n|-crit|p2b: matcha N\n|-damage|p2b: matcha N|6/100\n|move|p1b: Excadrill|Iron Head|p2b: matcha N\n|-damage|p2b: matcha N|0 fnt\n|faint|p2b: matcha N\n|\n|-weather|Sandstorm|[upkeep]\n|upkeep\n|\n|t:|1776639982\n|switch|p2b: Shiddy|Pelipper, L50, M|65/100\n|-weather|RainDance|[from] ability: Drizzle|[of] p2b: Shiddy\n|turn|9\n|\n|t:|1776639996\n|detailschange|p2a: BIG D|Drampa-Mega, L50, F, shiny\n|-mega|p2a: BIG D|Drampa|Drampanite\n|move|p1a: Roserade|Sludge Bomb|p2a: BIG D\n|-damage|p2a: BIG D|43/100\n|-status|p2a: BIG D|psn\n|-ability|p2a: BIG D|Berserk|boost\n|-boost|p2a: BIG D|spa|1\n|move|p1b: Excadrill|High Horsepower|p2a: BIG D\n|-damage|p2a: BIG D|0 fnt\n|faint|p2a: BIG D\n|move|p2b: Shiddy|Muddy Water|p1b: Excadrill|[spread] p1a,p1b\n|-resisted|p1a: Roserade|1\n|-supereffective|p1b: Excadrill|1\n|-damage|p1a: Roserade|0 fnt\n|-damage|p1b: Excadrill|0 fnt\n|faint|p1a: Roserade\n|faint|p1b: Excadrill\n|\n|win|MaybeLucid\n|raw|atd2998's rating: 1063 &rarr; <strong>1043</strong><br />(-20 for losing)\n|raw|MaybeLucid's rating: 1057 &rarr; <strong>1089</strong><br />(+32 for winning)\n",
  "uploadtime": 1776640010,
  "views": 8,
  "formatid": "gen9championsvgc2026regma",
  "rating": 1043,
  "private": 0,
  "password": null
}