{
  "id": "gen9championsvgc2026regma-2582226914",
  "format": "[Gen 9 Champions] VGC 2026 Reg M-A",
  "players": [
    "cottonface",
    "Fneis"
  ],
  "log": "|j|\u2606cottonface\n|j|\u2606Fneis\n|t:|1776073553\n|gametype|doubles\n|player|p1|cottonface|collector|1081\n|player|p2|Fneis|265|1162\n|gen|9\n|tier|[Gen 9 Champions] VGC 2026 Reg M-A\n|rated|\n|rule|Species Clause: Limit one of each Pok\u00e9mon\n|rule|Item Clause: Limit 1 of each item\n|clearpoke\n|poke|p1|Tauros, L50, M|\n|poke|p1|Toucannon, L50, F|\n|poke|p1|Snorlax, L50, M|\n|poke|p1|Audino, L50, M|\n|poke|p1|Zoroark-Hisui, L50, F|\n|poke|p1|Ditto, L50|\n|poke|p2|Incineroar, L50, F|\n|poke|p2|Basculegion, L50, M|\n|poke|p2|Sneasler, L50, M|\n|poke|p2|Glimmora, L50, M|\n|poke|p2|Meganium, L50, F|\n|poke|p2|Talonflame, L50, M|\n|teampreview|4\n|inactive|Battle timer is ON: inactive players will automatically lose when time's up. (requested by Fneis)\n|inactive|Fneis has 60 seconds left.\n|\n|t:|1776073589\n|teamsize|p1|4\n|teamsize|p2|4\n|start\n|switch|p1a: Snorlax|Snorlax, L50, M|100/100\n|switch|p1b: Ditto|Ditto, L50|100/100\n|switch|p2a: Glimmora|Glimmora, L50, M|100/100\n|switch|p2b: Sneasler|Sneasler, L50, M|100/100\n|-transform|p1b: Ditto|p2a: Glimmora|[from] ability: Imposter\n|turn|1\n|\n|t:|1776073610\n|detailschange|p2a: Glimmora|Glimmora-Mega, L50, M\n|-mega|p2a: Glimmora|Glimmora|Glimmoranite\n|move|p1b: Ditto|Earth Power|p2b: Sneasler\n|-supereffective|p2b: Sneasler|1\n|-damage|p2b: Sneasler|20/100\n|move|p1a: Snorlax|Shadow Ball|p2b: Sneasler\n|-damage|p2b: Sneasler|0 fnt\n|faint|p2b: Sneasler\n|move|p2a: Glimmora|Earth Power|p1b: Ditto\n|-supereffective|p1b: Ditto|2\n|-damage|p1b: Ditto|0 fnt\n|faint|p1b: Ditto\n|\n|upkeep\n|\n|t:|1776073623\n|switch|p2b: Incineroar|Incineroar, L50, F|100/100\n|switch|p1b: Audino|Audino, L50, M|100/100\n|-ability|p2b: Incineroar|Intimidate|boost\n|-unboost|p1a: Snorlax|atk|1\n|-unboost|p1b: Audino|atk|1\n|turn|2\n|\n|t:|1776073645\n|detailschange|p1b: Audino|Audino-Mega, L50, M\n|-mega|p1b: Audino|Audino|Audinite\n|move|p1a: Snorlax|Focus Blast|p2b: Incineroar\n|-supereffective|p2b: Incineroar|1\n|-damage|p2b: Incineroar|25/100\n|-enditem|p2b: Incineroar|Sitrus Berry|[eat]\n|-heal|p2b: Incineroar|50/100|[from] item: Sitrus Berry\n|move|p2a: Glimmora|Sludge Wave|p1a: Snorlax|[spread] p2b,p1a,p1b\n|-resisted|p1a: Snorlax|1\n|-supereffective|p1b: Audino|1\n|-damage|p2b: Incineroar|0 fnt\n|-damage|p1a: Snorlax|47/100\n|-damage|p1b: Audino|47/100\n|-status|p1a: Snorlax|psn\n|replace|p1a: Zoroark|Zoroark-Hisui, L50, F\n|-end|p1a: Zoroark|Illusion\n|faint|p2b: Incineroar\n|move|p1b: Audino|Trick Room|p1b: Audino\n|-fieldstart|move: Trick Room|[of] p1b: Audino\n|\n|-activate|p1b: Audino|ability: Healer\n|-curestatus|p1a: Zoroark|psn|[msg]\n|upkeep\n|\n|t:|1776073656\n|switch|p2b: Basculegion|Basculegion, L50, M|100/100\n|turn|3\n|inactive|cottonface has 30 seconds left.\n|\n|t:|1776073686\n|switch|p1a: Snorlax|Snorlax, L50, M|100/100\n|move|p1b: Audino|Protect|p1b: Audino\n|-singleturn|p1b: Audino|Protect\n|move|p2a: Glimmora|Power Gem|p1b: Audino\n|-activate|p1b: Audino|move: Protect\n|move|p2b: Basculegion|Wave Crash|p1a: Snorlax\n|-crit|p1a: Snorlax\n|-damage|p1a: Snorlax|23/100\n|-damage|p2b: Basculegion|67/100|[from] Recoil\n|\n|-heal|p1a: Snorlax|29/100|[from] item: Leftovers\n|upkeep\n|turn|4\n|inactive|cottonface has 30 seconds left.\n|\n|t:|1776073713\n|move|p2a: Glimmora|Protect|p2a: Glimmora\n|-singleturn|p2a: Glimmora|Protect\n|move|p1a: Snorlax|Crunch|p2b: Basculegion\n|-supereffective|p2b: Basculegion|1\n|-crit|p2b: Basculegion\n|-damage|p2b: Basculegion|0 fnt\n|faint|p2b: Basculegion\n|move|p1b: Audino|Wish|p1b: Audino\n|\n|-heal|p1a: Snorlax|35/100|[from] item: Leftovers\n|upkeep\n|turn|5\n|-message|Fneis forfeited.\n|\n|win|cottonface\n|raw|cottonface's rating: 1081 &rarr; <strong>1115</strong><br />(+34 for winning)\n|raw|Fneis's rating: 1162 &rarr; <strong>1131</strong><br />(-31 for losing)\n|l|\u2606Fneis\n|player|p2|\n|c|\u2606cottonface|gg\n",
  "uploadtime": 1776073747,
  "views": 13,
  "formatid": "gen9championsvgc2026regma",
  "rating": 1115,
  "private": 0,
  "password": null
}