{
  "id": "gen9championsvgc2026regma-2583335319",
  "format": "[Gen 9 Champions] VGC 2026 Reg M-A",
  "players": [
    "0Frans0",
    "macaco maldoso"
  ],
  "log": "|j|\u203d0Frans0\n|j|\u2606macaco maldoso\n|t:|1776167947\n|gametype|doubles\n|player|p1|0Frans0|170|1079\n|player|p2|macaco maldoso|101|1011\n|gen|9\n|tier|[Gen 9 Champions] VGC 2026 Reg M-A\n|rated|\n|rule|Species Clause: Limit one of each Pok\u00e9mon\n|rule|Item Clause: Limit 1 of each item\n|clearpoke\n|poke|p1|Drampa, L50, M|\n|poke|p1|Alakazam, L50, M|\n|poke|p1|Sinistcha, L50|\n|poke|p1|Pelipper, L50, M|\n|poke|p1|Archaludon, L50, M|\n|poke|p1|Salazzle, L50, F|\n|poke|p2|Gengar, L50, F|\n|poke|p2|Primarina, L50, M|\n|poke|p2|Klefki, L50, M|\n|poke|p2|Incineroar, L50, F|\n|poke|p2|Politoed, L50, F|\n|poke|p2|Mamoswine, L50, M|\n|teampreview|4\n|inactive|Battle timer is ON: inactive players will automatically lose when time's up. (requested by 0Frans0)\n|\n|t:|1776167977\n|teamsize|p1|4\n|teamsize|p2|4\n|start\n|switch|p1a: Drampa|Drampa, L50, M|100/100\n|switch|p1b: Alakazam|Alakazam, L50, M|100/100\n|switch|p2a: Gengar|Gengar, L50, F, shiny|100/100\n|switch|p2b: Incineroar|Incineroar, L50, F, shiny|100/100\n|-ability|p2b: Incineroar|Intimidate|boost\n|-unboost|p1a: Drampa|atk|1\n|-fail|p1b: Alakazam|unboost|Attack|[from] ability: Inner Focus|[of] p1b: Alakazam\n|turn|1\n|inactive|macaco maldoso has 30 seconds left.\n|\n|t:|1776168010\n|detailschange|p2a: Gengar|Gengar-Mega, L50, F, shiny\n|-mega|p2a: Gengar|Gengar|Gengarite\n|detailschange|p1a: Drampa|Drampa-Mega, L50, M\n|-mega|p1a: Drampa|Drampa|Drampanite\n|move|p2a: Gengar|Protect|p2a: Gengar\n|-singleturn|p2a: Gengar|Protect\n|move|p2b: Incineroar|Fake Out|p1a: Drampa\n|-damage|p1a: Drampa|85/100\n|cant|p1a: Drampa|flinch\n|move|p1b: Alakazam|Trick Room|p1b: Alakazam\n|-fieldstart|move: Trick Room|[of] p1b: Alakazam\n|\n|upkeep\n|turn|2\n|inactive|0Frans0 has 30 seconds left.\n|inactive|macaco maldoso has 30 seconds left.\n|inactive|0Frans0 has 20 seconds left.\n|inactive|macaco maldoso has 20 seconds left.\n|inactive|0Frans0 has 15 seconds left.\n|inactive|macaco maldoso has 15 seconds left.\n|inactive|0Frans0 has 10 seconds left.\n|inactive|macaco maldoso has 10 seconds left.\n|inactive|macaco maldoso has 5 seconds left.\n|inactive|0Frans0 has 5 seconds left.\n|\n|t:|1776168066\n|move|p2a: Gengar|Protect|p2a: Gengar\n|-singleturn|p2a: Gengar|Protect\n|move|p1a: Drampa|Calm Mind|p1a: Drampa\n|-boost|p1a: Drampa|spa|1\n|-boost|p1a: Drampa|spd|1\n|move|p2b: Incineroar|Parting Shot|p1a: Drampa\n|-unboost|p1a: Drampa|atk|1\n|-unboost|p1a: Drampa|spa|1\n|\n|t:|1776168081\n|switch|p2b: Primarina|Primarina, L50, M|100/100|[from] Parting Shot\n|move|p1b: Alakazam|Reflect|p1b: Alakazam\n|-sidestart|p1: 0Frans0|Reflect\n|\n|upkeep\n|turn|3\n|\n|t:|1776168102\n|move|p2b: Primarina|Protect|p2b: Primarina\n|-singleturn|p2b: Primarina|Protect\n|move|p1a: Drampa|Hyper Voice|p2b: Primarina|[spread] \n|-activate|p2b: Primarina|move: Protect\n|-immune|p2a: Gengar\n|move|p1b: Alakazam|Light Screen|p1b: Alakazam\n|-sidestart|p1: 0Frans0|move: Light Screen\n|move|p2a: Gengar|Sludge Wave|p1a: Drampa|[spread] p1a,p1b\n|-activate|p2b: Primarina|move: Protect\n|-damage|p1a: Drampa|70/100\n|-damage|p1b: Alakazam|64/100\n|\n|upkeep\n|turn|4\n|inactive|0Frans0 has 30 seconds left.\n|inactive|0Frans0 has 20 seconds left.\n|\n|t:|1776168141\n|move|p2a: Gengar|Protect|p2a: Gengar\n|-singleturn|p2a: Gengar|Protect\n|move|p1a: Drampa|Calm Mind|p1a: Drampa\n|-boost|p1a: Drampa|spa|1\n|-boost|p1a: Drampa|spd|1\n|move|p2b: Primarina|Perish Song|p2b: Primarina\n|-start|p1a: Drampa|perish3|[silent]\n|-start|p1b: Alakazam|perish3|[silent]\n|-start|p2a: Gengar|perish3|[silent]\n|-start|p2b: Primarina|perish3|[silent]\n|-fieldactivate|move: Perish Song\n|move|p1b: Alakazam|Encore|p2b: Primarina\n|-start|p2b: Primarina|Encore\n|\n|-start|p1a: Drampa|perish3\n|-start|p2b: Primarina|perish3\n|-start|p1b: Alakazam|perish3\n|-start|p2a: Gengar|perish3\n|upkeep\n|turn|5\n|inactive|macaco maldoso has 30 seconds left.\n|\n|t:|1776168173\n|switch|p2b: Incineroar|Incineroar, L50, F, shiny|100/100\n|-ability|p2b: Incineroar|Intimidate|boost\n|-unboost|p1a: Drampa|atk|1\n|-fail|p1b: Alakazam|unboost|Attack|[from] ability: Inner Focus|[of] p1b: Alakazam\n|move|p1a: Drampa|Thunder|p2b: Incineroar\n|-damage|p2b: Incineroar|29/100\n|-enditem|p2b: Incineroar|Sitrus Berry|[eat]\n|-heal|p2b: Incineroar|54/100|[from] item: Sitrus Berry\n|move|p1b: Alakazam|Encore|p2a: Gengar\n|-start|p2a: Gengar|Encore\n|move|p2a: Gengar|Protect||[still]\n|-fail|p2a: Gengar\n|\n|-start|p1a: Drampa|perish2\n|-start|p1b: Alakazam|perish2\n|-start|p2a: Gengar|perish2\n|-fieldend|move: Trick Room\n|upkeep\n|turn|6\n|inactive|0Frans0 has 30 seconds left.\n|inactive|macaco maldoso has 30 seconds left.\n|\n|t:|1776168207\n|move|p2a: Gengar|Protect|p2a: Gengar\n|-singleturn|p2a: Gengar|Protect\n|move|p2b: Incineroar|Fake Out|p1a: Drampa\n|-damage|p1a: Drampa|59/100\n|cant|p1a: Drampa|flinch\n|move|p1b: Alakazam|Trick Room|p1b: Alakazam\n|-fieldstart|move: Trick Room|[of] p1b: Alakazam\n|\n|-start|p1a: Drampa|perish1\n|-start|p1b: Alakazam|perish1\n|-start|p2a: Gengar|perish1\n|-sideend|p1: 0Frans0|Reflect\n|upkeep\n|turn|7\n|inactive|macaco maldoso has 30 seconds left.\n|inactive|macaco maldoso has 20 seconds left.\n|inactive|macaco maldoso has 15 seconds left.\n|inactive|macaco maldoso has 10 seconds left.\n|inactive|macaco maldoso has 5 seconds left.\n|\n|t:|1776168259\n|switch|p2a: Primarina|Primarina, L50, M|100/100\n|move|p1a: Drampa|Hyper Voice|p2a: Primarina|[spread] p2a,p2b\n|-damage|p2a: Primarina|58/100\n|-damage|p2b: Incineroar|0 fnt\n|faint|p2b: Incineroar\n|move|p1b: Alakazam|Reflect|p1b: Alakazam\n|-sidestart|p1: 0Frans0|Reflect\n|\n|-heal|p2a: Primarina|64/100|[from] item: Leftovers\n|-start|p1a: Drampa|perish0\n|-start|p1b: Alakazam|perish0\n|faint|p1a: Drampa\n|faint|p1b: Alakazam\n|-sideend|p1: 0Frans0|move: Light Screen\n|upkeep\n|\n|t:|1776168274\n|switch|p1a: Archaludon|Archaludon, L50, M|100/100\n|switch|p2b: Gengar|Gengar-Mega, L50, F, shiny|100/100\n|switch|p1b: Sinistcha|Sinistcha, L50|100/100\n|turn|8\n|\n|t:|1776168296\n|move|p2b: Gengar|Protect|p2b: Gengar\n|-singleturn|p2b: Gengar|Protect\n|move|p2a: Primarina|Perish Song|p2a: Primarina\n|-start|p1a: Archaludon|perish3|[silent]\n|-start|p1b: Sinistcha|perish3|[silent]\n|-start|p2a: Primarina|perish3|[silent]\n|-start|p2b: Gengar|perish3|[silent]\n|-fieldactivate|move: Perish Song\n|move|p1b: Sinistcha|Matcha Gotcha|p2a: Primarina|[spread] p2a\n|-activate|p2b: Gengar|move: Protect\n|-supereffective|p2a: Primarina|1\n|-damage|p2a: Primarina|32/100\n|move|p1a: Archaludon|Flash Cannon|p2a: Primarina\n|-damage|p2a: Primarina|10/100\n|\n|-heal|p2a: Primarina|15/100|[from] item: Leftovers\n|-start|p2a: Primarina|perish3\n|-start|p1b: Sinistcha|perish3\n|-start|p1a: Archaludon|perish3\n|-start|p2b: Gengar|perish3\n|upkeep\n|turn|9\n|\n|t:|1776168321\n|move|p2a: Primarina|Protect|p2a: Primarina\n|-singleturn|p2a: Primarina|Protect\n|move|p1b: Sinistcha|Matcha Gotcha|p2b: Gengar|[spread] p2b\n|-activate|p2a: Primarina|move: Protect\n|-resisted|p2b: Gengar|1\n|-damage|p2b: Gengar|83/100\n|move|p1a: Archaludon|Flash Cannon|p2b: Gengar\n|-damage|p2b: Gengar|38/100\n|-unboost|p2b: Gengar|spd|1\n|move|p2b: Gengar|Sludge Wave|p1a: Archaludon|[spread] p1b\n|-activate|p2a: Primarina|move: Protect\n|-immune|p1a: Archaludon\n|-damage|p1b: Sinistcha|49/100\n|\n|-heal|p2a: Primarina|21/100|[from] item: Leftovers\n|-start|p2a: Primarina|perish2\n|-start|p1b: Sinistcha|perish2\n|-start|p1a: Archaludon|perish2\n|-start|p2b: Gengar|perish2\n|upkeep\n|turn|10\n|inactive|macaco maldoso has 30 seconds left.\n|inactive|macaco maldoso has 20 seconds left.\n|\n|t:|1776168358\n|move|p2b: Gengar|Protect|p2b: Gengar\n|-singleturn|p2b: Gengar|Protect\n|move|p2a: Primarina|Moonblast|p1a: Archaludon\n|-damage|p1a: Archaludon|53/100\n|-unboost|p1a: Archaludon|spa|1\n|-ability|p1a: Archaludon|Stamina|boost\n|-boost|p1a: Archaludon|def|1\n|move|p1b: Sinistcha|Matcha Gotcha|p2a: Primarina|[spread] p2a\n|-activate|p2b: Gengar|move: Protect\n|-supereffective|p2a: Primarina|1\n|-damage|p2a: Primarina|0 fnt\n|-heal|p1b: Sinistcha|61/100|[from] drain|[of] p2a: Primarina\n|faint|p2a: Primarina\n|move|p1a: Archaludon|Flash Cannon|p2b: Gengar\n|-activate|p2b: Gengar|move: Protect\n|\n|-start|p1b: Sinistcha|perish1\n|-start|p1a: Archaludon|perish1\n|-start|p2b: Gengar|perish1\n|-fieldend|move: Trick Room\n|upkeep\n|\n|t:|1776168373\n|switch|p2a: Mamoswine|Mamoswine, L50, M|100/100\n|turn|11\n|\n|t:|1776168383\n|move|p2a: Mamoswine|Protect|p2a: Mamoswine\n|-singleturn|p2a: Mamoswine|Protect\n|move|p2b: Gengar|Sludge Wave|p1a: Archaludon|[spread] \n|-activate|p2a: Mamoswine|move: Protect\n|-immune|p1a: Archaludon\n|-miss|p2b: Gengar|p1b: Sinistcha\n|move|p1a: Archaludon|Flash Cannon|p2a: Mamoswine\n|-activate|p2a: Mamoswine|move: Protect\n|move|p1b: Sinistcha|Matcha Gotcha|p2a: Mamoswine|[spread] p2b\n|-activate|p2a: Mamoswine|move: Protect\n|-resisted|p2b: Gengar|1\n|-damage|p2b: Gengar|13/100\n|-heal|p1b: Sinistcha|71/100|[from] drain|[of] p2b: Gengar\n|-status|p2b: Gengar|brn\n|\n|-damage|p2b: Gengar|7/100 brn|[from] brn\n|-start|p2b: Gengar|perish0\n|-start|p1a: Archaludon|perish0\n|-start|p1b: Sinistcha|perish0\n|-sideend|p1: 0Frans0|Reflect\n|faint|p2b: Gengar\n|faint|p1a: Archaludon\n|faint|p1b: Sinistcha\n|\n|win|macaco maldoso\n|raw|0Frans0's rating: 1079 &rarr; <strong>1053</strong><br />(-26 for losing)\n|raw|macaco maldoso's rating: 1011 &rarr; <strong>1057</strong><br />(+46 for winning)\n|l|\u203d0Frans0\n|player|p1|\n",
  "uploadtime": 1776168410,
  "views": 15,
  "formatid": "gen9championsvgc2026regma",
  "rating": 1053,
  "private": 0,
  "password": null
}