{
  "id": "gen9championsvgc2026regma-2588960483",
  "format": "[Gen 9 Champions] VGC 2026 Reg M-A",
  "players": [
    "Thiagovik",
    "prove it to ya"
  ],
  "log": "|j|\u2606Thiagovik\n|j|\u2606prove it to ya\n|t:|1776689670\n|gametype|doubles\n|player|p1|Thiagovik|blackbelt-gen4|1025\n|player|p2|prove it to ya|pokemonranger-gen4|1120\n|gen|9\n|tier|[Gen 9 Champions] VGC 2026 Reg M-A\n|rated|\n|rule|Species Clause: Limit one of each Pok\u00e9mon\n|rule|Item Clause: Limit 1 of each item\n|clearpoke\n|poke|p1|Snorlax, L50, M|\n|poke|p1|Typhlosion, L50, M, shiny|\n|poke|p1|Scovillain, L50, M|\n|poke|p1|Torkoal, L50, F|\n|poke|p1|Meowscarada, L50, M|\n|poke|p1|Kingambit, L50, F|\n|poke|p2|Dragapult, L50, M|\n|poke|p2|Archaludon, L50, F|\n|poke|p2|Glimmora, L50, F|\n|poke|p2|Incineroar, L50, M|\n|poke|p2|Farigiraf, L50, M|\n|poke|p2|Conkeldurr, L50, F|\n|teampreview|4\n|inactive|Battle timer is ON: inactive players will automatically lose when time's up. (requested by prove it to ya)\n|inactive|Thiagovik has 60 seconds left.\n|\n|t:|1776689712\n|teamsize|p1|4\n|teamsize|p2|4\n|start\n|switch|p1a: Quilarva|Typhlosion, L50, M, shiny|100/100\n|switch|p1b: Torkoal|Torkoal, L50, F|100/100\n|switch|p2a: Glimmora|Glimmora, L50, F|100/100\n|switch|p2b: Dragapult|Dragapult, L50, M|100/100\n|-weather|SunnyDay|[from] ability: Drought|[of] p1b: Torkoal\n|turn|1\n|\n|t:|1776689737\n|detailschange|p2a: Glimmora|Glimmora-Mega, L50, F\n|-mega|p2a: Glimmora|Glimmora|Glimmoranite\n|move|p1a: Quilarva|Eruption|p2b: Dragapult|[spread] p2a,p2b\n|-resisted|p2a: Glimmora|1\n|-resisted|p2b: Dragapult|1\n|-damage|p2a: Glimmora|57/100\n|-damage|p2b: Dragapult|44/100\n|move|p2b: Dragapult|Dragon Darts|p1a: Quilarva\n|-damage|p1a: Quilarva|65/100\n|-anim|p2b: Dragapult|Dragon Darts|p1b: Torkoal\n|-damage|p1b: Torkoal|80/100\n|move|p2a: Glimmora|Power Gem|p1b: Torkoal\n|-supereffective|p1b: Torkoal|1\n|-damage|p1b: Torkoal|0 fnt\n|faint|p1b: Torkoal\n|\n|-weather|SunnyDay|[upkeep]\n|upkeep\n|inactive|Thiagovik has 30 seconds left.\n|\n|t:|1776689763\n|switch|p1b: Lady Green|Meowscarada, L50, M|100/100\n|turn|2\n|inactive|prove it to ya has 30 seconds left.\n|inactive|prove it to ya has 20 seconds left.\n|\n|t:|1776689799\n|move|p1a: Quilarva|Eruption|p2a: Glimmora|[spread] p2a,p2b\n|-resisted|p2a: Glimmora|1\n|-resisted|p2b: Dragapult|1\n|-damage|p2a: Glimmora|30/100\n|-damage|p2b: Dragapult|9/100\n|move|p2b: Dragapult|Will-O-Wisp|p1b: Lady Green\n|-status|p1b: Lady Green|brn\n|move|p1b: Lady Green|Flower Trick|p2a: Glimmora\n|-start|p1b: Lady Green|typechange|Grass|[from] ability: Protean\n|-crit|p2a: Glimmora\n|-damage|p2a: Glimmora|4/100\n|move|p2a: Glimmora|Power Gem|p1a: Quilarva\n|-supereffective|p1a: Quilarva|1\n|-crit|p1a: Quilarva\n|-damage|p1a: Quilarva|0 fnt\n|faint|p1a: Quilarva\n|\n|-weather|SunnyDay|[upkeep]\n|-damage|p1b: Lady Green|95/100 brn|[from] brn\n|upkeep\n|\n|t:|1776689819\n|switch|p1a: Eyedol|Scovillain, L50, M|100/100\n|turn|3\n|inactive|Thiagovik has 30 seconds left.\n|inactive|Thiagovik has 20 seconds left.\n|\n|t:|1776689858\n|switch|p2a: Incineroar|Incineroar, L50, M|100/100\n|-ability|p2a: Incineroar|Intimidate|boost\n|-unboost|p1a: Eyedol|atk|1\n|-unboost|p1b: Lady Green|atk|1\n|detailschange|p1a: Eyedol|Scovillain-Mega, L50, M\n|-mega|p1a: Eyedol|Scovillain|Scovillainite\n|move|p2b: Dragapult|Light Screen|p2b: Dragapult\n|-sidestart|p2: prove it to ya|move: Light Screen\n|move|p1b: Lady Green|Knock Off|p2b: Dragapult\n|-supereffective|p2b: Dragapult|1\n|-damage|p2b: Dragapult|0 fnt\n|-enditem|p2b: Dragapult|Focus Sash|[from] move: Knock Off|[of] p1b: Lady Green\n|faint|p2b: Dragapult\n|move|p1a: Eyedol|Giga Drain|p2a: Incineroar\n|-resisted|p2a: Incineroar|1\n|-damage|p2a: Incineroar|87/100\n|\n|-weather|SunnyDay|[upkeep]\n|-damage|p1b: Lady Green|89/100 brn|[from] brn\n|upkeep\n|\n|t:|1776689874\n|switch|p2b: Archaludon|Archaludon, L50, F|100/100\n|turn|4\n|inactive|Thiagovik has 30 seconds left.\n|\n|t:|1776689913\n|move|p2a: Incineroar|Fake Out|p1a: Eyedol\n|-damage|p1a: Eyedol|86/100\n|-immune|p2a: Incineroar\n|move|p1b: Lady Green|Play Rough|p2a: Incineroar\n|-damage|p2a: Incineroar|80/100\n|-unboost|p2a: Incineroar|atk|1\n|move|p2b: Archaludon|Dragon Pulse|p1b: Lady Green\n|-damage|p1b: Lady Green|14/100 brn\n|cant|p1a: Eyedol|flinch\n|\n|-weather|SunnyDay|[upkeep]\n|-damage|p1b: Lady Green|8/100 brn|[from] brn\n|upkeep\n|turn|5\n|inactive|Thiagovik has 30 seconds left.\n|\n|t:|1776689943\n|move|p2b: Archaludon|Protect|p2b: Archaludon\n|-singleturn|p2b: Archaludon|Protect\n|move|p1b: Lady Green|Knock Off|p2a: Incineroar\n|-resisted|p2a: Incineroar|1\n|-damage|p2a: Incineroar|77/100\n|-enditem|p2a: Incineroar|Shuca Berry|[from] move: Knock Off|[of] p1b: Lady Green\n|move|p1a: Eyedol|Flamethrower|p2b: Archaludon\n|-activate|p2b: Archaludon|move: Protect\n|move|p2a: Incineroar|Flare Blitz|p1a: Eyedol\n|-damage|p1a: Eyedol|22/100\n|-immune|p2a: Incineroar\n|-damage|p2a: Incineroar|62/100|[from] Recoil\n|\n|-weather|none\n|-damage|p1b: Lady Green|2/100 brn|[from] brn\n|upkeep\n|turn|6\n|inactive|Thiagovik has 30 seconds left.\n|inactive|prove it to ya has 30 seconds left.\n|\n|t:|1776689975\n|move|p1b: Lady Green|Flower Trick|p2a: Incineroar\n|-resisted|p2a: Incineroar|1\n|-crit|p2a: Incineroar\n|-damage|p2a: Incineroar|52/100\n|move|p2b: Archaludon|Dragon Pulse|p1a: Eyedol\n|-damage|p1a: Eyedol|0 fnt\n|-status|p2b: Archaludon|brn|[from] ability: Spicy Spray|[of] p1a: Eyedol\n|faint|p1a: Eyedol\n|move|p2a: Incineroar|Flare Blitz|p1b: Lady Green\n|-supereffective|p1b: Lady Green|1\n|-damage|p1b: Lady Green|0 fnt\n|faint|p1b: Lady Green\n|-damage|p2a: Incineroar|52/100|[from] Recoil\n|\n|win|prove it to ya\n|raw|Thiagovik's rating: 1025 &rarr; <strong>1015</strong><br />(-10 for losing)\n|raw|prove it to ya's rating: 1120 &rarr; <strong>1138</strong><br />(+18 for winning)\n",
  "uploadtime": 1776689975,
  "views": 1,
  "formatid": "gen9championsvgc2026regma",
  "rating": 1015,
  "private": 0,
  "password": null
}