{
  "id": "gen9championsvgc2026regma-2583178110",
  "format": "[Gen 9 Champions] VGC 2026 Reg M-A",
  "players": [
    "LaserDedenee",
    "Kitos09"
  ],
  "log": "|j|\u2606LaserDedenee\n|j|\u2606Kitos09\n|t:|1776151458\n|gametype|doubles\n|player|p1|LaserDedenee|265|1208\n|player|p2|Kitos09|265|1177\n|gen|9\n|tier|[Gen 9 Champions] VGC 2026 Reg M-A\n|rated|\n|rule|Species Clause: Limit one of each Pok\u00e9mon\n|rule|Item Clause: Limit 1 of each item\n|clearpoke\n|poke|p1|Gardevoir, L50, F|\n|poke|p1|Basculegion, L50, M|\n|poke|p1|Pelipper, L50, F|\n|poke|p1|Incineroar, L50, F|\n|poke|p1|Conkeldurr, L50, M|\n|poke|p1|Kingambit, L50, F|\n|poke|p2|Gengar, L50, M|\n|poke|p2|Politoed, L50, F|\n|poke|p2|Basculegion, L50, M|\n|poke|p2|Vivillon-Pokeball, L50, M|\n|poke|p2|Incineroar, L50, M|\n|poke|p2|Hydreigon, L50, F|\n|teampreview|4\n|inactive|Battle timer is ON: inactive players will automatically lose when time's up. (requested by Kitos09)\n|inactive|LaserDedenee has 60 seconds left.\n|\n|t:|1776151525\n|teamsize|p1|4\n|teamsize|p2|4\n|start\n|switch|p1a: Basculegion|Basculegion, L50, M|100/100\n|switch|p1b: Gardevoir|Gardevoir, L50, F, shiny|100/100\n|switch|p2a: Hydreigon|Hydreigon, L50, F|100/100\n|switch|p2b: Vivillon|Vivillon-Pokeball, L50, M|100/100\n|turn|1\n|\n|t:|1776151549\n|detailschange|p1b: Gardevoir|Gardevoir-Mega, L50, F, shiny\n|-mega|p1b: Gardevoir|Gardevoir|Gardevoirite\n|move|p1a: Basculegion|Icy Wind|p2a: Hydreigon|[spread] p2a,p2b\n|-supereffective|p2a: Hydreigon|1\n|-supereffective|p2b: Vivillon|1\n|-damage|p2a: Hydreigon|85/100\n|-damage|p2b: Vivillon|78/100\n|-unboost|p2a: Hydreigon|spe|1\n|-unboost|p2b: Vivillon|spe|1\n|move|p1b: Gardevoir|Hyper Voice|p2b: Vivillon|[spread] p2a,p2b\n|-supereffective|p2a: Hydreigon|2\n|-damage|p2a: Hydreigon|0 fnt\n|-damage|p2b: Vivillon|0 fnt\n|faint|p2a: Hydreigon\n|faint|p2b: Vivillon\n|\n|upkeep\n|\n|t:|1776151561\n|switch|p2b: Basculegion|Basculegion, L50, M|100/100\n|switch|p2a: Politoed|Politoed, L50, F, shiny|100/100\n|-weather|RainDance|[from] ability: Drizzle|[of] p2a: Politoed\n|turn|2\n|\n|t:|1776151579\n|move|p2a: Politoed|Protect|p2a: Politoed\n|-singleturn|p2a: Politoed|Protect\n|move|p2b: Basculegion|Last Respects|p1b: Gardevoir\n|-supereffective|p1b: Gardevoir|1\n|-damage|p1b: Gardevoir|0 fnt\n|faint|p1b: Gardevoir\n|move|p1a: Basculegion|Icy Wind|p2b: Basculegion|[spread] p2b\n|-activate|p2a: Politoed|move: Protect\n|-resisted|p2b: Basculegion|1\n|-damage|p2b: Basculegion|96/100\n|-unboost|p2b: Basculegion|spe|1\n|\n|-weather|RainDance|[upkeep]\n|upkeep\n|\n|t:|1776151586\n|switch|p1b: Kingambit|Kingambit, L50, F|100/100\n|turn|3\n|\n|t:|1776151604\n|switch|p1a: Conkeldurr|Conkeldurr, L50, M|100/100\n|move|p2b: Basculegion|Protect|p2b: Basculegion\n|-singleturn|p2b: Basculegion|Protect\n|move|p1b: Kingambit|Sucker Punch||[still]\n|-fail|p1b: Kingambit\n|move|p2a: Politoed|Weather Ball|p1b: Kingambit\n|-damage|p1b: Kingambit|57/100\n|\n|-weather|RainDance|[upkeep]\n|upkeep\n|turn|4\n|\n|t:|1776151626\n|move|p2b: Basculegion|Protect||[still]\n|-fail|p2b: Basculegion\n|move|p1b: Kingambit|Sucker Punch||[still]\n|-fail|p1b: Kingambit\n|move|p2a: Politoed|Weather Ball|p1b: Kingambit\n|-crit|p1b: Kingambit\n|-damage|p1b: Kingambit|0 fnt\n|faint|p1b: Kingambit\n|move|p1a: Conkeldurr|Drain Punch|p2a: Politoed\n|-damage|p2a: Politoed|37/100\n|\n|-weather|RainDance|[upkeep]\n|-heal|p2a: Politoed|43/100|[from] item: Leftovers\n|upkeep\n|\n|t:|1776151629\n|switch|p1b: Basculegion|Basculegion, L50, M|100/100\n|turn|5\n|\n|t:|1776151643\n|move|p1b: Basculegion|Last Respects|p2b: Basculegion\n|-supereffective|p2b: Basculegion|1\n|-damage|p2b: Basculegion|0 fnt\n|faint|p2b: Basculegion\n|move|p2a: Politoed|Encore|p1a: Conkeldurr\n|-start|p1a: Conkeldurr|Encore\n|move|p1a: Conkeldurr|Drain Punch|p2a: Politoed\n|-damage|p2a: Politoed|0 fnt\n|faint|p2a: Politoed\n|\n|win|LaserDedenee\n|raw|LaserDedenee's rating: 1208 &rarr; <strong>1231</strong><br />(+23 for winning)\n|raw|Kitos09's rating: 1177 &rarr; <strong>1154</strong><br />(-23 for losing)\n|l|\u2606Kitos09\n|player|p2|\n",
  "uploadtime": 1776151652,
  "views": 32,
  "formatid": "gen9championsvgc2026regma",
  "rating": 1154,
  "private": 0,
  "password": null
}