{
  "id": "gen9championsvgc2026regma-2586596176",
  "format": "[Gen 9 Champions] VGC 2026 Reg M-A",
  "players": [
    "diegolmazza",
    "trashgarbage"
  ],
  "log": "|j|\u2606diegolmazza\n|j|\u2606trashgarbage\n|t:|1776445660\n|gametype|doubles\n|player|p1|diegolmazza|1|1181\n|player|p2|trashgarbage|1|1236\n|gen|9\n|tier|[Gen 9 Champions] VGC 2026 Reg M-A\n|rated|\n|rule|Species Clause: Limit one of each Pok\u00e9mon\n|rule|Item Clause: Limit 1 of each item\n|clearpoke\n|poke|p1|Armarouge, L50, F|\n|poke|p1|Farigiraf, L50, F|\n|poke|p1|Hawlucha, L50, M|\n|poke|p1|Whimsicott, L50, M|\n|poke|p1|Kingambit, L50, F|\n|poke|p1|Tyranitar, L50, F|\n|poke|p2|Delphox, L50, M|\n|poke|p2|Kommo-o, L50, F|\n|poke|p2|Sableye, L50, F|\n|poke|p2|Milotic, L50, M|\n|poke|p2|Excadrill, L50, M|\n|poke|p2|Espathra, L50, M|\n|teampreview|4\n|\n|t:|1776445692\n|teamsize|p1|4\n|teamsize|p2|4\n|start\n|switch|p1a: Farigiraf|Farigiraf, L50, F|100/100\n|switch|p1b: Armarouge|Armarouge, L50, F|100/100\n|switch|p2a: Sableye|Sableye, L50, F|100/100\n|switch|p2b: Espathra|Espathra, L50, M|100/100\n|turn|1\n|\n|t:|1776445737\n|move|p2a: Sableye|Gravity|p2a: Sableye\n|-fieldstart|move: Gravity\n|move|p2b: Espathra|Hypnosis|p1a: Farigiraf\n|-status|p1a: Farigiraf|slp|[from] move: Hypnosis\n|move|p1b: Armarouge|Armor Cannon|p2b: Espathra\n|-damage|p2b: Espathra|5/100\n|-unboost|p1b: Armarouge|def|1\n|-unboost|p1b: Armarouge|spd|1\n|cant|p1a: Farigiraf|slp\n|\n|-ability|p2b: Espathra|Speed Boost|boost\n|-boost|p2b: Espathra|spe|1\n|upkeep\n|turn|2\n|\n|t:|1776445775\n|move|p1b: Armarouge|Protect|p1b: Armarouge\n|-singleturn|p1b: Armarouge|Protect\n|move|p2b: Espathra|Psychic Terrain|p2b: Espathra\n|-fieldstart|move: Psychic Terrain\n|move|p2a: Sableye|Knock Off|p1a: Farigiraf\n|-supereffective|p1a: Farigiraf|1\n|-damage|p1a: Farigiraf|62/100 slp\n|-enditem|p1a: Farigiraf|Focus Sash|[from] move: Knock Off|[of] p2a: Sableye\n|cant|p1a: Farigiraf|slp\n|\n|-ability|p2b: Espathra|Speed Boost|boost\n|-boost|p2b: Espathra|spe|1\n|upkeep\n|turn|3\n|\n|t:|1776445794\n|switch|p1b: Whimsicott|Whimsicott, L50, M|100/100\n|move|p2b: Espathra|Hypnosis|p1b: Whimsicott\n|-status|p1b: Whimsicott|slp|[from] move: Hypnosis\n|move|p2a: Sableye|Knock Off|p1a: Farigiraf\n|-supereffective|p1a: Farigiraf|1\n|-damage|p1a: Farigiraf|35/100 slp\n|-curestatus|p1a: Farigiraf|slp|[msg]\n|move|p1a: Farigiraf|Trick Room|p1a: Farigiraf\n|-fieldstart|move: Trick Room|[of] p1a: Farigiraf\n|\n|-ability|p2b: Espathra|Speed Boost|boost\n|-boost|p2b: Espathra|spe|1\n|upkeep\n|turn|4\n|\n|t:|1776445826\n|move|p2b: Espathra|Protect|p2b: Espathra\n|-singleturn|p2b: Espathra|Protect\n|move|p1a: Farigiraf|Expanding Force|p2a: Sableye|[spread] \n|-activate|p2b: Espathra|move: Protect\n|-immune|p2a: Sableye\n|move|p2a: Sableye|Knock Off|p1a: Farigiraf\n|-supereffective|p1a: Farigiraf|1\n|-damage|p1a: Farigiraf|10/100\n|cant|p1b: Whimsicott|slp\n|\n|-ability|p2b: Espathra|Speed Boost|boost\n|-boost|p2b: Espathra|spe|1\n|upkeep\n|turn|5\n|\n|t:|1776445840\n|switch|p2b: Delphox|Delphox, L50, M|100/100\n|move|p1a: Farigiraf|Expanding Force|p2a: Sableye|[spread] p2b\n|-immune|p2a: Sableye\n|-resisted|p2b: Delphox|1\n|-damage|p2b: Delphox|73/100\n|move|p2a: Sableye|Knock Off|p1a: Farigiraf\n|-supereffective|p1a: Farigiraf|1\n|-damage|p1a: Farigiraf|0 fnt\n|faint|p1a: Farigiraf\n|-curestatus|p1b: Whimsicott|slp|[msg]\n|move|p1b: Whimsicott|Moonblast|p2a: Sableye\n|-supereffective|p2a: Sableye|1\n|-damage|p2a: Sableye|9/100\n|\n|-fieldend|move: Gravity\n|upkeep\n|\n|t:|1776445851\n|switch|p1a: Armarouge|Armarouge, L50, F|100/100\n|turn|6\n|\n|t:|1776445865\n|detailschange|p2b: Delphox|Delphox-Mega, L50, M\n|-mega|p2b: Delphox|Delphox|Delphoxite\n|move|p2a: Sableye|Gravity|p2a: Sableye\n|-fieldstart|move: Gravity\n|move|p1a: Armarouge|Expanding Force|p2a: Sableye|[spread] p2b\n|-immune|p2a: Sableye\n|-resisted|p2b: Delphox|1\n|-damage|p2b: Delphox|34/100\n|move|p1b: Whimsicott|Moonblast|p2a: Sableye\n|-supereffective|p2a: Sableye|1\n|-damage|p2a: Sableye|0 fnt\n|faint|p2a: Sableye\n|move|p2b: Delphox|Expanding Force|p1a: Armarouge|[spread] p1a,p1b\n|-resisted|p1a: Armarouge|1\n|-damage|p1a: Armarouge|61/100\n|-damage|p1b: Whimsicott|7/100\n|\n|-fieldend|move: Psychic Terrain\n|upkeep\n|\n|t:|1776445908\n|switch|p2a: Espathra|Espathra, L50, M|5/100\n|turn|7\n|\n|t:|1776445930\n|move|p1b: Whimsicott|Helping Hand|p1a: Armarouge\n|-singleturn|p1a: Armarouge|Helping Hand|[of] p1b: Whimsicott\n|move|p2b: Delphox|Protect|p2b: Delphox\n|-singleturn|p2b: Delphox|Protect\n|move|p1a: Armarouge|Armor Cannon|p2b: Delphox\n|-activate|p2b: Delphox|move: Protect\n|move|p2a: Espathra|Lumina Crash|p1b: Whimsicott\n|-damage|p1b: Whimsicott|0 fnt\n|faint|p1b: Whimsicott\n|\n|-fieldend|move: Trick Room\n|-ability|p2a: Espathra|Speed Boost|boost\n|-boost|p2a: Espathra|spe|1\n|upkeep\n|\n|t:|1776445941\n|switch|p1b: Hawlucha|Hawlucha, L50, M|100/100\n|turn|8\n|\n|t:|1776445954\n|detailschange|p1b: Hawlucha|Hawlucha-Mega, L50, M\n|-mega|p1b: Hawlucha|Hawlucha|Hawluchanite\n|move|p2a: Espathra|Psychic Terrain|p2a: Espathra\n|-fieldstart|move: Psychic Terrain\n|move|p2b: Delphox|Expanding Force|p1b: Hawlucha|[spread] p1a,p1b\n|-resisted|p1a: Armarouge|1\n|-supereffective|p1b: Hawlucha|1\n|-damage|p1a: Armarouge|27/100\n|-damage|p1b: Hawlucha|0 fnt\n|faint|p1b: Hawlucha\n|move|p1a: Armarouge|Armor Cannon|p2b: Delphox\n|-resisted|p2b: Delphox|1\n|-damage|p2b: Delphox|4/100\n|-unboost|p1a: Armarouge|def|1\n|-unboost|p1a: Armarouge|spd|1\n|\n|-ability|p2a: Espathra|Speed Boost|boost\n|-boost|p2a: Espathra|spe|1\n|upkeep\n|turn|9\n|-message|diegolmazza forfeited.\n|\n|win|trashgarbage\n|raw|diegolmazza's rating: 1181 &rarr; <strong>1160</strong><br />(-21 for losing)\n|raw|trashgarbage's rating: 1236 &rarr; <strong>1257</strong><br />(+21 for winning)\n|l|\u2606diegolmazza\n|player|p1|\n",
  "uploadtime": 1776445970,
  "views": 26,
  "formatid": "gen9championsvgc2026regma",
  "rating": 1160,
  "private": 0,
  "password": null
}