{
  "id": "gen9championsvgc2026regma-2581621372",
  "format": "[Gen 9 Champions] VGC 2026 Reg M-A",
  "players": [
    "Zorse Mentality",
    "surpraishd"
  ],
  "log": "|j|\u2606Zorse Mentality\n|j|\u2606surpraishd\n|t:|1776015779\n|gametype|doubles\n|player|p1|Zorse Mentality|101|1046\n|player|p2|surpraishd|cynthia-gen7|1133\n|gen|9\n|tier|[Gen 9 Champions] VGC 2026 Reg M-A\n|rated|\n|rule|Species Clause: Limit one of each Pok\u00e9mon\n|rule|Item Clause: Limit 1 of each item\n|clearpoke\n|poke|p1|Typhlosion-Hisui, L50, M|\n|poke|p1|Chesnaught, L50, F|\n|poke|p1|Incineroar, L50, M|\n|poke|p1|Tinkaton, L50, F|\n|poke|p1|Politoed, L50, M|\n|poke|p1|Froslass, L50, F|\n|poke|p2|Basculegion, L50, M|\n|poke|p2|Pelipper, L50, F|\n|poke|p2|Dragonite, L50, F|\n|poke|p2|Glimmora, L50, F|\n|poke|p2|Heliolisk, L50, F|\n|poke|p2|Sinistcha-Masterpiece, L50|\n|teampreview|4\n|inactive|Battle timer is ON: inactive players will automatically lose when time's up. (requested by Zorse Mentality)\n|\n|t:|1776015833\n|teamsize|p1|4\n|teamsize|p2|4\n|start\n|switch|p1a: Tinkaton|Tinkaton, L50, F|100/100\n|switch|p1b: Froslass|Froslass, L50, F|100/100\n|switch|p2a: Glimmora|Glimmora, L50, F|100/100\n|switch|p2b: Basculegion|Basculegion, L50, M|100/100\n|turn|1\n|\n|t:|1776015855\n|move|p2a: Glimmora|Spiky Shield|p2a: Glimmora\n|-singleturn|p2a: Glimmora|move: Protect\n|move|p1b: Froslass|Protect|p1b: Froslass\n|-singleturn|p1b: Froslass|Protect\n|move|p2b: Basculegion|Last Respects|p1b: Froslass\n|-activate|p1b: Froslass|move: Protect\n|move|p1a: Tinkaton|Gigaton Hammer|p2a: Glimmora\n|-activate|p2a: Glimmora|move: Protect\n|\n|upkeep\n|turn|2\n|inactive|Zorse Mentality has 30 seconds left.\n|inactive|surpraishd has 30 seconds left.\n|inactive|surpraishd has 20 seconds left.\n|\n|t:|1776015893\n|switch|p2a: Sinistcha|Sinistcha-Masterpiece, L50|100/100\n|switch|p1b: Incineroar|Incineroar, L50, M|100/100\n|-ability|p1b: Incineroar|Intimidate|boost\n|-unboost|p2a: Sinistcha|atk|1\n|-unboost|p2b: Basculegion|atk|1\n|move|p2b: Basculegion|Last Respects|p1b: Incineroar\n|-resisted|p1b: Incineroar|1\n|-damage|p1b: Incineroar|91/100\n|move|p1a: Tinkaton|Thunder Wave|p2b: Basculegion\n|-status|p2b: Basculegion|par\n|\n|upkeep\n|turn|3\n|inactive|Zorse Mentality has 30 seconds left.\n|\n|t:|1776015923\n|move|p2a: Sinistcha|Protect|p2a: Sinistcha\n|-singleturn|p2a: Sinistcha|Protect\n|move|p1a: Tinkaton|Thunder Wave|p2a: Sinistcha\n|-activate|p2a: Sinistcha|move: Protect\n|move|p2b: Basculegion|Last Respects|p1a: Tinkaton\n|-damage|p1a: Tinkaton|81/100\n|move|p1b: Incineroar|Parting Shot|p2b: Basculegion\n|-unboost|p2b: Basculegion|atk|1\n|-unboost|p2b: Basculegion|spa|1\n|\n|t:|1776015934\n|switch|p1b: Froslass|Froslass, L50, F|100/100|[from] Parting Shot\n|\n|-heal|p1a: Tinkaton|87/100|[from] item: Leftovers\n|upkeep\n|turn|4\n|inactive|Zorse Mentality has 30 seconds left.\n|inactive|surpraishd has 30 seconds left.\n|inactive|Zorse Mentality has 20 seconds left.\n|inactive|Zorse Mentality has 15 seconds left.\n|\n|t:|1776015975\n|switch|p2b: Glimmora|Glimmora, L50, F|100/100\n|move|p1b: Froslass|Protect|p1b: Froslass\n|-singleturn|p1b: Froslass|Protect\n|move|p1a: Tinkaton|Thunder Wave|p2a: Sinistcha|[miss]\n|-miss|p1a: Tinkaton|p2a: Sinistcha\n|move|p2a: Sinistcha|Matcha Gotcha|p1a: Tinkaton|[spread] p1a\n|-activate|p1b: Froslass|move: Protect\n|-resisted|p1a: Tinkaton|1\n|-damage|p1a: Tinkaton|75/100\n|\n|-heal|p1a: Tinkaton|81/100|[from] item: Leftovers\n|upkeep\n|turn|5\n|\n|t:|1776015997\n|detailschange|p2b: Glimmora|Glimmora-Mega, L50, F\n|-mega|p2b: Glimmora|Glimmora|Glimmoranite\n|detailschange|p1b: Froslass|Froslass-Mega, L50, F\n|-mega|p1b: Froslass|Froslass|Froslassite\n|-weather|Snowscape|[from] ability: Snow Warning|[of] p1b: Froslass\n|move|p2a: Sinistcha|Rage Powder|p2a: Sinistcha\n|-singleturn|p2a: Sinistcha|move: Rage Powder\n|move|p2b: Glimmora|Earth Power|p1a: Tinkaton\n|-supereffective|p1a: Tinkaton|1\n|-damage|p1a: Tinkaton|20/100\n|move|p1b: Froslass|Blizzard|p2b: Glimmora|[spread] p2a,p2b\n|-supereffective|p2a: Sinistcha|1\n|-damage|p2a: Sinistcha|15/100\n|-damage|p2b: Glimmora|53/100\n|move|p1a: Tinkaton|Gigaton Hammer|p2a: Sinistcha\n|-crit|p2a: Sinistcha\n|-damage|p2a: Sinistcha|0 fnt\n|faint|p2a: Sinistcha\n|\n|-weather|Snowscape|[upkeep]\n|-heal|p1a: Tinkaton|26/100|[from] item: Leftovers\n|upkeep\n|\n|t:|1776016014\n|switch|p2a: Pelipper|Pelipper, L50, F|100/100\n|-weather|RainDance|[from] ability: Drizzle|[of] p2a: Pelipper\n|turn|6\n|inactive|Zorse Mentality has 30 seconds left.\n|inactive|surpraishd has 30 seconds left.\n|\n|t:|1776016048\n|switch|p1a: Chesnaught|Chesnaught, L50, F|100/100\n|move|p2b: Glimmora|Earth Power|p1a: Chesnaught\n|-resisted|p1a: Chesnaught|1\n|-damage|p1a: Chesnaught|83/100\n|move|p1b: Froslass|Shadow Ball|p2a: Pelipper\n|-damage|p2a: Pelipper|44/100\n|-unboost|p2a: Pelipper|spd|1\n|move|p2a: Pelipper|Hurricane|p1b: Froslass\n|-damage|p1b: Froslass|65/100\n|\n|-weather|RainDance|[upkeep]\n|upkeep\n|turn|7\n|inactive|Zorse Mentality has 30 seconds left.\n|\n|t:|1776016082\n|move|p2b: Glimmora|Power Gem|p1b: Froslass\n|-supereffective|p1b: Froslass|1\n|-crit|p1b: Froslass\n|-damage|p1b: Froslass|0 fnt\n|faint|p1b: Froslass\n|move|p2a: Pelipper|Hurricane|p1a: Chesnaught\n|-supereffective|p1a: Chesnaught|2\n|-damage|p1a: Chesnaught|0 fnt\n|faint|p1a: Chesnaught\n|\n|-weather|RainDance|[upkeep]\n|upkeep\n|\n|t:|1776016092\n|switch|p1b: Tinkaton|Tinkaton, L50, F|26/100\n|switch|p1a: Incineroar|Incineroar, L50, M|91/100\n|-ability|p1a: Incineroar|Intimidate|boost\n|-unboost|p2a: Pelipper|atk|1\n|-unboost|p2b: Glimmora|atk|1\n|turn|8\n|\n|t:|1776016113\n|move|p2b: Glimmora|Spiky Shield|p2b: Glimmora\n|-singleturn|p2b: Glimmora|move: Protect\n|move|p2a: Pelipper|Protect|p2a: Pelipper\n|-singleturn|p2a: Pelipper|Protect\n|move|p1a: Incineroar|Fake Out|p2b: Glimmora\n|-activate|p2b: Glimmora|move: Protect\n|-damage|p1a: Incineroar|79/100|[from] Spiky Shield|[of] p2b: Glimmora\n|move|p1b: Tinkaton|Gigaton Hammer|p2a: Pelipper\n|-activate|p2a: Pelipper|move: Protect\n|\n|-weather|RainDance|[upkeep]\n|-heal|p1b: Tinkaton|32/100|[from] item: Leftovers\n|upkeep\n|turn|9\n|inactive|Zorse Mentality has 30 seconds left.\n|\n|t:|1776016138\n|move|p2b: Glimmora|Earth Power|p1b: Tinkaton\n|-supereffective|p1b: Tinkaton|1\n|-damage|p1b: Tinkaton|0 fnt\n|faint|p1b: Tinkaton\n|move|p2a: Pelipper|Hurricane|p1a: Incineroar\n|-damage|p1a: Incineroar|46/100\n|-start|p1a: Incineroar|confusion\n|-enditem|p1a: Incineroar|Sitrus Berry|[eat]\n|-heal|p1a: Incineroar|71/100|[from] item: Sitrus Berry\n|-activate|p1a: Incineroar|confusion\n|move|p1a: Incineroar|Darkest Lariat|p2a: Pelipper\n|-damage|p2a: Pelipper|8/100\n|\n|-weather|RainDance|[upkeep]\n|upkeep\n|turn|10\n|-message|Zorse Mentality forfeited.\n|\n|win|surpraishd\n|raw|Zorse Mentality's rating: 1046 &rarr; <strong>1033</strong><br />(-13 for losing)\n|raw|surpraishd's rating: 1133 &rarr; <strong>1152</strong><br />(+19 for winning)\n|l|\u2606Zorse Mentality\n|player|p1|\n|c|\u2606surpraishd|gg\n",
  "uploadtime": 1776016156,
  "views": 14,
  "formatid": "gen9championsvgc2026regma",
  "rating": 1033,
  "private": 0,
  "password": null
}