{
  "id": "gen9championsvgc2026regma-2588314966",
  "format": "[Gen 9 Champions] VGC 2026 Reg M-A",
  "players": [
    "LordBuddington",
    "BeckerVGC"
  ],
  "log": "|j|\u2606LordBuddington\n|j|\u2606BeckerVGC\n|t:|1776623395\n|gametype|doubles\n|player|p1|LordBuddington|169|1057\n|player|p2|BeckerVGC|1|1000\n|gen|9\n|tier|[Gen 9 Champions] VGC 2026 Reg M-A\n|rated|\n|rule|Species Clause: Limit one of each Pok\u00e9mon\n|rule|Item Clause: Limit 1 of each item\n|clearpoke\n|poke|p1|Aggron, L50, F|\n|poke|p1|Slowking-Galar, L50, F|\n|poke|p1|Weavile, L50, F|\n|poke|p1|Gyarados, L50, F|\n|poke|p1|Sinistcha, L50|\n|poke|p1|Camerupt, L50, M|\n|poke|p2|Tyranitar, L50, F, shiny|\n|poke|p2|Incineroar, L50, F, shiny|\n|poke|p2|Kingambit, L50, M, shiny|\n|poke|p2|Banette, L50, F, shiny|\n|poke|p2|Primarina, L50, F|\n|poke|p2|Sinistcha-Masterpiece, L50|\n|teampreview|4\n|inactive|Battle timer is ON: inactive players will automatically lose when time's up. (requested by LordBuddington)\n|inactive|LordBuddington has 60 seconds left.\n|inactive|BeckerVGC has 60 seconds left.\n|inactive|BeckerVGC has 30 seconds left.\n|\n|t:|1776623475\n|teamsize|p1|4\n|teamsize|p2|4\n|start\n|switch|p1a: Weavile|Weavile, L50, F|100/100\n|switch|p1b: Slowking|Slowking-Galar, L50, F|100/100\n|switch|p2a: Kingambit|Kingambit, L50, M, shiny|100/100\n|switch|p2b: Banette|Banette, L50, F, shiny|100/100\n|-ability|p1a: Weavile|Pressure\n|turn|1\n|inactive|LordBuddington has 30 seconds left.\n|inactive|BeckerVGC has 30 seconds left.\n|inactive|LordBuddington has 20 seconds left.\n|inactive|LordBuddington has 15 seconds left.\n|inactive|LordBuddington has 10 seconds left.\n|inactive|LordBuddington has 5 seconds left.\n|\n|t:|1776623527\n|move|p1a: Weavile|Fake Out|p2a: Kingambit\n|-resisted|p2a: Kingambit|1\n|-damage|p2a: Kingambit|96/100\n|move|p2b: Banette|Will-O-Wisp|p1a: Weavile\n|-status|p1a: Weavile|brn\n|cant|p2a: Kingambit|flinch\n|move|p1b: Slowking|Sludge Bomb|p2b: Banette\n|-resisted|p2b: Banette|1\n|-damage|p2b: Banette|70/100\n|-status|p2b: Banette|psn\n|\n|-damage|p2b: Banette|58/100 psn|[from] psn\n|-damage|p1a: Weavile|94/100 brn|[from] brn\n|upkeep\n|turn|2\n|inactive|LordBuddington has 30 seconds left.\n|inactive|BeckerVGC has 30 seconds left.\n|\n|t:|1776623561\n|switch|p2b: Incineroar|Incineroar, L50, F, shiny|100/100\n|-ability|p2b: Incineroar|Intimidate|boost\n|-unboost|p1a: Weavile|atk|1\n|-unboost|p1b: Slowking|atk|1\n|move|p1b: Slowking|Protect|p1b: Slowking\n|-singleturn|p1b: Slowking|Protect\n|move|p1a: Weavile|Knock Off|p2b: Incineroar\n|-resisted|p2b: Incineroar|1\n|-damage|p2b: Incineroar|94/100\n|-enditem|p2b: Incineroar|Passho Berry|[from] move: Knock Off|[of] p1a: Weavile\n|move|p2a: Kingambit|Kowtow Cleave|p1a: Weavile\n|-resisted|p1a: Weavile|1\n|-damage|p1a: Weavile|45/100 brn\n|\n|-damage|p1a: Weavile|39/100 brn|[from] brn\n|upkeep\n|turn|3\n|inactive|LordBuddington has 30 seconds left.\n|inactive|BeckerVGC has 30 seconds left.\n|\n|t:|1776623592\n|move|p2a: Kingambit|Protect|p2a: Kingambit\n|-singleturn|p2a: Kingambit|Protect\n|move|p1a: Weavile|Knock Off|p2a: Kingambit\n|-activate|p2a: Kingambit|move: Protect\n|move|p2b: Incineroar|Parting Shot|p1b: Slowking\n|-unboost|p1b: Slowking|atk|1\n|-unboost|p1b: Slowking|spa|1\n|\n|t:|1776623601\n|switch|p2b: Tyranitar|Tyranitar, L50, F, shiny|100/100|[from] Parting Shot\n|-weather|Sandstorm|[from] ability: Sand Stream|[of] p2b: Tyranitar\n|move|p1b: Slowking|Trick Room|p1b: Slowking\n|-fieldstart|move: Trick Room|[of] p1b: Slowking\n|\n|-weather|Sandstorm|[upkeep]\n|-damage|p1b: Slowking|95/100|[from] Sandstorm\n|-damage|p1a: Weavile|33/100 brn|[from] Sandstorm\n|-damage|p1a: Weavile|27/100 brn|[from] brn\n|upkeep\n|turn|4\n|inactive|LordBuddington has 30 seconds left.\n|inactive|LordBuddington has 20 seconds left.\n|\n|t:|1776623637\n|detailschange|p2b: Tyranitar|Tyranitar-Mega, L50, F, shiny\n|-mega|p2b: Tyranitar|Tyranitar|Tyranitarite\n|move|p1b: Slowking|Protect|p1b: Slowking\n|-singleturn|p1b: Slowking|Protect\n|move|p2a: Kingambit|Kowtow Cleave|p1a: Weavile\n|-resisted|p1a: Weavile|1\n|-damage|p1a: Weavile|0 fnt\n|faint|p1a: Weavile\n|move|p2b: Tyranitar|Rock Slide|p1b: Slowking\n|-activate|p1b: Slowking|move: Protect\n|\n|-weather|Sandstorm|[upkeep]\n|-damage|p1b: Slowking|89/100|[from] Sandstorm\n|upkeep\n|\n|t:|1776623649\n|switch|p1a: Camerupt|Camerupt, L50, M|100/100\n|turn|5\n|inactive|LordBuddington has 30 seconds left.\n|\n|t:|1776623678\n|switch|p1b: Sinistcha|Sinistcha, L50|100/100\n|detailschange|p1a: Camerupt|Camerupt-Mega, L50, M\n|-mega|p1a: Camerupt|Camerupt|Cameruptite\n|move|p2a: Kingambit|Sucker Punch|p1a: Camerupt\n|-crit|p1a: Camerupt\n|-damage|p1a: Camerupt|19/100\n|move|p1a: Camerupt|Flamethrower|p2a: Kingambit\n|-supereffective|p2a: Kingambit|1\n|-damage|p2a: Kingambit|0 fnt\n|faint|p2a: Kingambit\n|move|p2b: Tyranitar|Rock Slide|p1a: Camerupt|[spread] p1a,p1b\n|-damage|p1a: Camerupt|0 fnt\n|-damage|p1b: Sinistcha|56/100\n|faint|p1a: Camerupt\n|\n|-weather|Sandstorm|[upkeep]\n|-damage|p1b: Sinistcha|50/100|[from] Sandstorm\n|-enditem|p1b: Sinistcha|Sitrus Berry|[eat]\n|-heal|p1b: Sinistcha|75/100|[from] item: Sitrus Berry\n|upkeep\n|\n|t:|1776623700\n|switch|p1a: Slowking|Slowking-Galar, L50, F|100/100\n|switch|p2a: Banette|Banette, L50, F, shiny|58/100 psn\n|turn|6\n|\n|t:|1776623720\n|move|p2b: Tyranitar|Protect|p2b: Tyranitar\n|-singleturn|p2b: Tyranitar|Protect\n|move|p1a: Slowking|Sludge Bomb|p2a: Banette\n|-resisted|p2a: Banette|1\n|-damage|p2a: Banette|30/100 psn\n|move|p1b: Sinistcha|Matcha Gotcha|p2a: Banette|[spread] p2a\n|-activate|p2b: Tyranitar|move: Protect\n|-damage|p2a: Banette|0 fnt\n|-heal|p1b: Sinistcha|90/100|[from] drain|[of] p2a: Banette\n|faint|p2a: Banette\n|\n|-weather|Sandstorm|[upkeep]\n|-damage|p1a: Slowking|95/100|[from] Sandstorm\n|-damage|p1b: Sinistcha|84/100|[from] Sandstorm\n|upkeep\n|\n|t:|1776623736\n|switch|p2a: Incineroar|Incineroar, L50, F, shiny|94/100\n|-ability|p2a: Incineroar|Intimidate|boost\n|-unboost|p1a: Slowking|atk|1\n|-unboost|p1b: Sinistcha|atk|1\n|turn|7\n|\n|t:|1776623747\n|move|p1a: Slowking|Sludge Bomb|p2a: Incineroar\n|-damage|p2a: Incineroar|56/100\n|move|p2a: Incineroar|Flare Blitz|p1b: Sinistcha\n|-supereffective|p1b: Sinistcha|1\n|-damage|p1b: Sinistcha|0 fnt\n|faint|p1b: Sinistcha\n|-damage|p2a: Incineroar|34/100|[from] Recoil\n|move|p2b: Tyranitar|Knock Off|p1a: Slowking\n|-supereffective|p1a: Slowking|1\n|-damage|p1a: Slowking|0 fnt\n|-enditem|p1a: Slowking|Poison Barb|[from] move: Knock Off|[of] p2b: Tyranitar\n|faint|p1a: Slowking\n|\n|win|BeckerVGC\n|raw|LordBuddington's rating: 1057 &rarr; <strong>1035</strong><br />(-22 for losing)\n|raw|BeckerVGC's rating: 1000 &rarr; <strong>1047</strong><br />(+47 for winning)\n|l|\u2606LordBuddington\n|player|p1|\n",
  "uploadtime": 1776623773,
  "views": 12,
  "formatid": "gen9championsvgc2026regma",
  "rating": 1035,
  "private": 0,
  "password": null
}