{
  "id": "gen9championsvgc2026regma-2587402278",
  "format": "[Gen 9 Champions] VGC 2026 Reg M-A",
  "players": [
    "xhooorxhi",
    "apenhaten"
  ],
  "log": "|j|\u2606xhooorxhi\n|j|\u2606apenhaten\n|t:|1776528837\n|gametype|doubles\n|player|p1|xhooorxhi|1|1179\n|player|p2|apenhaten|sabrina-gen1rb|1201\n|gen|9\n|tier|[Gen 9 Champions] VGC 2026 Reg M-A\n|rated|\n|rule|Species Clause: Limit one of each Pok\u00e9mon\n|rule|Item Clause: Limit 1 of each item\n|clearpoke\n|poke|p1|Chesnaught, L50, F|\n|poke|p1|Milotic, L50, M|\n|poke|p1|Farigiraf, L50, F|\n|poke|p1|Dragapult, L50, F|\n|poke|p1|Goodra-Hisui, L50, F|\n|poke|p1|Alcremie, L50, F|\n|poke|p2|Tyranitar, L50, M|\n|poke|p2|Excadrill, L50, M|\n|poke|p2|Aerodactyl, L50, M|\n|poke|p2|Meganium, L50, M|\n|poke|p2|Milotic, L50, F|\n|poke|p2|Incineroar, L50, M|\n|teampreview|4\n|inactive|Battle timer is ON: inactive players will automatically lose when time's up. (requested by apenhaten)\n|inactive|xhooorxhi also wants the timer to be on.\n|inactive|apenhaten has 60 seconds left.\n|\n|t:|1776528882\n|teamsize|p1|4\n|teamsize|p2|4\n|start\n|switch|p1a: Dragapult|Dragapult, L50, F|100/100\n|switch|p1b: Farigiraf|Farigiraf, L50, F|100/100\n|switch|p2a: Tyranitar|Tyranitar, L50, M|100/100\n|switch|p2b: Aerodactyl|Aerodactyl, L50, M|100/100\n|-ability|p2b: Aerodactyl|Unnerve\n|-weather|Sandstorm|[from] ability: Sand Stream|[of] p2a: Tyranitar\n|turn|1\n|inactive|xhooorxhi has 30 seconds left.\n|inactive|xhooorxhi has 20 seconds left.\n|\n|t:|1776528918\n|move|p1b: Farigiraf|Helping Hand|p1a: Dragapult\n|-singleturn|p1a: Dragapult|Helping Hand|[of] p1b: Farigiraf\n|move|p1a: Dragapult|Dragon Darts|p2b: Aerodactyl\n|-damage|p2b: Aerodactyl|53/100\n|-anim|p1a: Dragapult|Dragon Darts|p2a: Tyranitar\n|-damage|p2a: Tyranitar|75/100\n|move|p2b: Aerodactyl|Rock Slide|p1b: Farigiraf|[spread] p1a,p1b\n|-crit|p1b: Farigiraf\n|-damage|p1a: Dragapult|64/100\n|-damage|p1b: Farigiraf|74/100\n|move|p2a: Tyranitar|Rock Slide|p1b: Farigiraf|[spread] p1a,p1b\n|-damage|p1a: Dragapult|23/100\n|-damage|p1b: Farigiraf|50/100\n|\n|-weather|Sandstorm|[upkeep]\n|-damage|p1a: Dragapult|17/100|[from] Sandstorm\n|-damage|p1b: Farigiraf|44/100|[from] Sandstorm\n|upkeep\n|turn|2\n|\n|t:|1776528939\n|move|p2b: Aerodactyl|Protect|p2b: Aerodactyl\n|-singleturn|p2b: Aerodactyl|Protect\n|move|p1a: Dragapult|Light Screen|p1a: Dragapult\n|-sidestart|p1: xhooorxhi|move: Light Screen\n|move|p2a: Tyranitar|Rock Slide|p1a: Dragapult|[spread] p1a,p1b\n|-damage|p1a: Dragapult|0 fnt\n|-damage|p1b: Farigiraf|19/100\n|faint|p1a: Dragapult\n|move|p1b: Farigiraf|Trick Room|p1b: Farigiraf\n|-fieldstart|move: Trick Room|[of] p1b: Farigiraf\n|\n|-weather|Sandstorm|[upkeep]\n|-damage|p1b: Farigiraf|13/100|[from] Sandstorm\n|upkeep\n|\n|t:|1776528950\n|switch|p1a: Chesnaught|Chesnaught, L50, F|100/100\n|turn|3\n|\n|t:|1776528970\n|switch|p1b: Milotic|Milotic, L50, M|100/100\n|switch|p2b: Incineroar|Incineroar, L50, M|100/100\n|-ability|p2b: Incineroar|Intimidate|boost\n|-unboost|p1a: Chesnaught|atk|1\n|-unboost|p1b: Milotic|atk|1\n|-ability|p1b: Milotic|Competitive|boost\n|-boost|p1b: Milotic|spa|2\n|detailschange|p1a: Chesnaught|Chesnaught-Mega, L50, F\n|-mega|p1a: Chesnaught|Chesnaught|Chesnaughtite\n|move|p2a: Tyranitar|Protect|p2a: Tyranitar\n|-singleturn|p2a: Tyranitar|Protect\n|move|p1a: Chesnaught|Leech Seed|p2b: Incineroar\n|-start|p2b: Incineroar|move: Leech Seed\n|\n|-weather|Sandstorm|[upkeep]\n|-damage|p1a: Chesnaught|94/100|[from] Sandstorm\n|-damage|p2b: Incineroar|95/100|[from] Sandstorm\n|-damage|p1b: Milotic|95/100|[from] Sandstorm\n|-damage|p2b: Incineroar|82/100|[from] Leech Seed|[of] p1a: Chesnaught\n|-heal|p1a: Chesnaught|100/100|[silent]\n|upkeep\n|turn|4\n|inactive|xhooorxhi has 30 seconds left.\n|\n|t:|1776529001\n|move|p1a: Chesnaught|Spiky Shield|p1a: Chesnaught\n|-singleturn|p1a: Chesnaught|move: Protect\n|move|p1b: Milotic|Protect|p1b: Milotic\n|-singleturn|p1b: Milotic|Protect\n|move|p2b: Incineroar|Fake Out|p1b: Milotic\n|-activate|p1b: Milotic|move: Protect\n|move|p2a: Tyranitar|Knock Off|p1b: Milotic\n|-activate|p1b: Milotic|move: Protect\n|\n|-weather|Sandstorm|[upkeep]\n|-damage|p1a: Chesnaught|94/100|[from] Sandstorm\n|-damage|p2b: Incineroar|76/100|[from] Sandstorm\n|-damage|p1b: Milotic|89/100|[from] Sandstorm\n|-damage|p2b: Incineroar|64/100|[from] Leech Seed|[of] p1a: Chesnaught\n|-heal|p1a: Chesnaught|100/100|[silent]\n|upkeep\n|turn|5\n|\n|t:|1776529013\n|move|p1a: Chesnaught|Body Press|p2a: Tyranitar\n|-supereffective|p2a: Tyranitar|2\n|-damage|p2a: Tyranitar|0 fnt\n|faint|p2a: Tyranitar\n|move|p2b: Incineroar|Darkest Lariat|p1b: Milotic\n|-damage|p1b: Milotic|54/100\n|move|p1b: Milotic|Scald|p2b: Incineroar\n|-supereffective|p2b: Incineroar|1\n|-damage|p2b: Incineroar|0 fnt\n|faint|p2b: Incineroar\n|\n|-weather|none\n|upkeep\n|\n|t:|1776529017\n|switch|p2b: Meganium|Meganium, L50, M|100/100\n|switch|p2a: Aerodactyl|Aerodactyl, L50, M|53/100\n|-ability|p2a: Aerodactyl|Unnerve\n|turn|6\n|\n|t:|1776529031\n|move|p2b: Meganium|Protect|p2b: Meganium\n|-singleturn|p2b: Meganium|Protect\n|move|p2a: Aerodactyl|Protect|p2a: Aerodactyl\n|-singleturn|p2a: Aerodactyl|Protect\n|move|p1a: Chesnaught|Leech Seed|p1b: Milotic\n|-start|p1b: Milotic|move: Leech Seed\n|move|p1b: Milotic|Ice Beam|p2b: Meganium\n|-activate|p2b: Meganium|move: Protect\n|\n|-damage|p1b: Milotic|42/100|[from] Leech Seed|[of] p1a: Chesnaught\n|-sideend|p1: xhooorxhi|move: Light Screen\n|-fieldend|move: Trick Room\n|upkeep\n|turn|7\n|\n|t:|1776529048\n|detailschange|p2b: Meganium|Meganium-Mega, L50, M\n|-mega|p2b: Meganium|Meganium|Meganiumite\n|move|p2a: Aerodactyl|Rock Slide|p1b: Milotic|[spread] p1a,p1b\n|-resisted|p1a: Chesnaught|1\n|-damage|p1a: Chesnaught|95/100\n|-damage|p1b: Milotic|20/100\n|move|p1b: Milotic|Ice Beam|p2b: Meganium\n|-supereffective|p2b: Meganium|1\n|-damage|p2b: Meganium|9/100\n|move|p2b: Meganium|Weather Ball|p1a: Chesnaught\n|-immune|p1a: Chesnaught|[from] ability: Bulletproof\n|move|p1a: Chesnaught|Leech Seed|p2a: Aerodactyl\n|-start|p2a: Aerodactyl|move: Leech Seed\n|\n|-damage|p2a: Aerodactyl|41/100|[from] Leech Seed|[of] p1a: Chesnaught\n|-heal|p1a: Chesnaught|100/100|[silent]\n|-damage|p1b: Milotic|7/100|[from] Leech Seed|[of] p1a: Chesnaught\n|upkeep\n|turn|8\n|-message|apenhaten forfeited.\n|\n|win|xhooorxhi\n|raw|xhooorxhi's rating: 1179 &rarr; <strong>1206</strong><br />(+27 for winning)\n|raw|apenhaten's rating: 1201 &rarr; <strong>1174</strong><br />(-27 for losing)\n|l|\u2606apenhaten\n|player|p2|\n",
  "uploadtime": 1776529069,
  "views": 22,
  "formatid": "gen9championsvgc2026regma",
  "rating": 1174,
  "private": 0,
  "password": null
}