{
  "id": "gen9championsvgc2026regma-2585382030",
  "format": "[Gen 9 Champions] VGC 2026 Reg M-A",
  "players": [
    "bobak dotto",
    "Kazuma Yato"
  ],
  "log": "|j|\u2606bobak dotto\n|j|\u203dKazuma Yato\n|t:|1776343074\n|gametype|doubles\n|player|p1|bobak dotto|170|1171\n|player|p2|Kazuma Yato|2|1195\n|gen|9\n|tier|[Gen 9 Champions] VGC 2026 Reg M-A\n|rated|\n|rule|Species Clause: Limit one of each Pok\u00e9mon\n|rule|Item Clause: Limit 1 of each item\n|clearpoke\n|poke|p1|Lycanroc, L50, F|\n|poke|p1|Delphox, L50, F|\n|poke|p1|Tsareena, L50, F|\n|poke|p1|Hippowdon, L50, F|\n|poke|p1|Basculegion, L50, M|\n|poke|p1|Incineroar, L50, M|\n|poke|p2|Meowscarada, L50, M|\n|poke|p2|Incineroar, L50, M|\n|poke|p2|Palafin, L50, M|\n|poke|p2|Archaludon, L50, F|\n|poke|p2|Pelipper, L50, F|\n|poke|p2|Gengar, L50, M|\n|teampreview|4\n|\n|t:|1776343121\n|teamsize|p1|4\n|teamsize|p2|4\n|start\n|switch|p1a: Delphox|Delphox, L50, F|100/100\n|switch|p1b: Incineroar|Incineroar, L50, M|100/100\n|switch|p2a: Incineroar|Incineroar, L50, M|100/100\n|switch|p2b: Gengar|Gengar, L50, M|100/100\n|-ability|p2a: Incineroar|Intimidate|boost\n|-unboost|p1a: Delphox|atk|1\n|-unboost|p1b: Incineroar|atk|1\n|-ability|p1b: Incineroar|Intimidate|boost\n|-unboost|p2a: Incineroar|atk|1\n|-unboost|p2b: Gengar|atk|1\n|turn|1\n|inactive|Battle timer is ON: inactive players will automatically lose when time's up. (requested by bobak dotto)\n|\n|t:|1776343143\n|detailschange|p2b: Gengar|Gengar-Mega, L50, M\n|-mega|p2b: Gengar|Gengar|Gengarite\n|detailschange|p1a: Delphox|Delphox-Mega, L50, F\n|-mega|p1a: Delphox|Delphox|Delphoxite\n|move|p2a: Incineroar|Fake Out|p1a: Delphox\n|-damage|p1a: Delphox|90/100\n|cant|p1a: Delphox|flinch\n|move|p2b: Gengar|Perish Song|p2b: Gengar\n|-start|p1a: Delphox|perish3|[silent]\n|-start|p1b: Incineroar|perish3|[silent]\n|-start|p2a: Incineroar|perish3|[silent]\n|-start|p2b: Gengar|perish3|[silent]\n|-fieldactivate|move: Perish Song\n|move|p1b: Incineroar|Throat Chop|p2b: Gengar\n|-supereffective|p2b: Gengar|1\n|-damage|p2b: Gengar|13/100\n|-start|p2b: Gengar|Throat Chop|[silent]\n|\n|-start|p1a: Delphox|perish3\n|-start|p2b: Gengar|perish3\n|-start|p2a: Incineroar|perish3\n|-start|p1b: Incineroar|perish3\n|upkeep\n|turn|2\n|inactive|Kazuma Yato has 30 seconds left.\n|\n|t:|1776343178\n|switch|p2b: Pelipper|Pelipper, L50, F|100/100\n|-weather|RainDance|[from] ability: Drizzle|[of] p2b: Pelipper\n|move|p1a: Delphox|Substitute|p1a: Delphox\n|-start|p1a: Delphox|Substitute\n|-damage|p1a: Delphox|65/100\n|move|p2a: Incineroar|Parting Shot|p1a: Delphox\n|-unboost|p1a: Delphox|atk|1\n|-unboost|p1a: Delphox|spa|1\n|\n|t:|1776343187\n|switch|p2a: Gengar|Gengar-Mega, L50, M|13/100|[from] Parting Shot\n|move|p1b: Incineroar|Parting Shot|p2a: Gengar\n|-unboost|p2a: Gengar|atk|1\n|-unboost|p2a: Gengar|spa|1\n|\n|t:|1776343191\n|switch|p1b: Hippowdon|Hippowdon, L50, F|100/100|[from] Parting Shot\n|-weather|Sandstorm|[from] ability: Sand Stream|[of] p1b: Hippowdon\n|\n|-weather|Sandstorm|[upkeep]\n|-damage|p1a: Delphox|59/100|[from] Sandstorm\n|-damage|p2a: Gengar|7/100|[from] Sandstorm\n|-damage|p2b: Pelipper|95/100|[from] Sandstorm\n|-start|p1a: Delphox|perish2\n|upkeep\n|turn|3\n|inactive|Kazuma Yato has 30 seconds left.\n|inactive|Kazuma Yato has 20 seconds left.\n|inactive|Kazuma Yato has 15 seconds left.\n|inactive|Kazuma Yato has 10 seconds left.\n|\n|t:|1776343236\n|switch|p2a: Incineroar|Incineroar, L50, M|100/100\n|-ability|p2a: Incineroar|Intimidate|boost\n|-immune|p1a: Delphox\n|-unboost|p1b: Hippowdon|atk|1\n|switch|p2b: Meowscarada|Meowscarada, L50, M|100/100\n|move|p1a: Delphox|Heat Wave|p2a: Incineroar|[spread] p2a,p2b\n|-resisted|p2a: Incineroar|1\n|-supereffective|p2b: Meowscarada|1\n|-damage|p2a: Incineroar|88/100\n|-damage|p2b: Meowscarada|18/100\n|move|p1b: Hippowdon|Yawn|p2b: Meowscarada\n|-start|p2b: Meowscarada|move: Yawn|[of] p1b: Hippowdon\n|\n|-weather|Sandstorm|[upkeep]\n|-damage|p2b: Meowscarada|12/100|[from] Sandstorm\n|-damage|p1a: Delphox|53/100|[from] Sandstorm\n|-damage|p2a: Incineroar|82/100|[from] Sandstorm\n|-start|p1a: Delphox|perish1\n|upkeep\n|turn|4\n|inactive|Kazuma Yato has 30 seconds left.\n|\n|t:|1776343265\n|switch|p2b: Pelipper|Pelipper, L50, F|95/100\n|-weather|RainDance|[from] ability: Drizzle|[of] p2b: Pelipper\n|switch|p1a: Incineroar|Incineroar, L50, M|100/100\n|-ability|p1a: Incineroar|Intimidate|boost\n|-unboost|p2a: Incineroar|atk|1\n|-unboost|p2b: Pelipper|atk|1\n|move|p1b: Hippowdon|Protect|p1b: Hippowdon\n|-singleturn|p1b: Hippowdon|Protect\n|move|p2a: Incineroar|Fake Out|p1b: Hippowdon\n|-activate|p1b: Hippowdon|move: Protect\n|\n|-weather|RainDance|[upkeep]\n|upkeep\n|turn|5\n|\n|t:|1776343280\n|switch|p1b: Lycanroc|Lycanroc, L50, F|100/100\n|move|p2a: Incineroar|Protect|p2a: Incineroar\n|-singleturn|p2a: Incineroar|Protect\n|move|p1a: Incineroar|Fake Out|p2b: Pelipper\n|-damage|p2b: Pelipper|77/100\n|cant|p2b: Pelipper|flinch\n|\n|-weather|RainDance|[upkeep]\n|upkeep\n|turn|6\n|\n|t:|1776343301\n|switch|p1a: Hippowdon|Hippowdon, L50, F|100/100\n|-weather|Sandstorm|[from] ability: Sand Stream|[of] p1a: Hippowdon\n|move|p2b: Pelipper|Wide Guard|p2b: Pelipper\n|-singleturn|p2b: Pelipper|Wide Guard\n|move|p1b: Lycanroc|Rock Slide|p2b: Pelipper|[spread] \n|-activate|p2a: Incineroar|move: Wide Guard\n|-activate|p2b: Pelipper|move: Wide Guard\n|move|p2a: Incineroar|Parting Shot|p1b: Lycanroc\n|-unboost|p1b: Lycanroc|atk|1\n|-unboost|p1b: Lycanroc|spa|1\n|\n|t:|1776343313\n|switch|p2a: Meowscarada|Meowscarada, L50, M|12/100|[from] Parting Shot\n|\n|-weather|Sandstorm|[upkeep]\n|-damage|p2a: Meowscarada|6/100|[from] Sandstorm\n|-damage|p2b: Pelipper|71/100|[from] Sandstorm\n|upkeep\n|turn|7\n|\n|t:|1776343329\n|move|p1b: Lycanroc|Close Combat|p2a: Meowscarada\n|-supereffective|p2a: Meowscarada|1\n|-damage|p2a: Meowscarada|0 fnt\n|-unboost|p1b: Lycanroc|def|1\n|-unboost|p1b: Lycanroc|spd|1\n|faint|p2a: Meowscarada\n|move|p2b: Pelipper|Tailwind|p2b: Pelipper\n|-sidestart|p2: Kazuma Yato|move: Tailwind\n|move|p1a: Hippowdon|Yawn|p2b: Pelipper\n|-start|p2b: Pelipper|move: Yawn|[of] p1a: Hippowdon\n|\n|-weather|Sandstorm|[upkeep]\n|-damage|p2b: Pelipper|65/100|[from] Sandstorm\n|upkeep\n|\n|t:|1776343339\n|switch|p2a: Incineroar|Incineroar, L50, M|82/100\n|-ability|p2a: Incineroar|Intimidate|boost\n|-unboost|p1a: Hippowdon|atk|1\n|-unboost|p1b: Lycanroc|atk|1\n|turn|8\n|\n|t:|1776343356\n|switch|p1a: Incineroar|Incineroar, L50, M|100/100\n|-ability|p1a: Incineroar|Intimidate|boost\n|-unboost|p2a: Incineroar|atk|1\n|-unboost|p2b: Pelipper|atk|1\n|move|p2b: Pelipper|Wide Guard|p2b: Pelipper\n|-singleturn|p2b: Pelipper|Wide Guard\n|move|p1b: Lycanroc|Close Combat|p2a: Incineroar\n|-supereffective|p2a: Incineroar|1\n|-damage|p2a: Incineroar|46/100\n|-unboost|p1b: Lycanroc|def|1\n|-unboost|p1b: Lycanroc|spd|1\n|-enditem|p2a: Incineroar|Sitrus Berry|[eat]\n|-heal|p2a: Incineroar|71/100|[from] item: Sitrus Berry\n|move|p2a: Incineroar|Throat Chop|p1b: Lycanroc\n|-damage|p1b: Lycanroc|25/100\n|-start|p1b: Lycanroc|Throat Chop|[silent]\n|\n|-weather|Sandstorm|[upkeep]\n|-damage|p2b: Pelipper|60/100|[from] Sandstorm\n|-damage|p2a: Incineroar|64/100|[from] Sandstorm\n|-damage|p1a: Incineroar|95/100|[from] Sandstorm\n|-end|p2b: Pelipper|move: Yawn|[silent]\n|-status|p2b: Pelipper|slp\n|upkeep\n|turn|9\n|\n|t:|1776343372\n|cant|p2b: Pelipper|slp\n|move|p1a: Incineroar|Fake Out|p2a: Incineroar\n|-damage|p2a: Incineroar|53/100\n|move|p1b: Lycanroc|Rock Slide|p2a: Incineroar|[spread] p2a,p2b\n|-supereffective|p2a: Incineroar|1\n|-supereffective|p2b: Pelipper|1\n|-damage|p2a: Incineroar|27/100\n|-damage|p2b: Pelipper|23/100 slp\n|cant|p2a: Incineroar|flinch\n|\n|-weather|Sandstorm|[upkeep]\n|-damage|p2b: Pelipper|17/100 slp|[from] Sandstorm\n|-damage|p2a: Incineroar|21/100|[from] Sandstorm\n|-damage|p1a: Incineroar|89/100|[from] Sandstorm\n|-end|p1b: Lycanroc|Throat Chop|[silent]\n|upkeep\n|turn|10\n|\n|t:|1776343401\n|move|p1b: Lycanroc|Rock Slide|p2a: Incineroar|[spread] p2a\n|-miss|p1b: Lycanroc|p2b: Pelipper\n|-supereffective|p2a: Incineroar|1\n|-damage|p2a: Incineroar|0 fnt\n|faint|p2a: Incineroar\n|cant|p2b: Pelipper|slp\n|move|p1a: Incineroar|Throat Chop|p2b: Pelipper\n|-damage|p2b: Pelipper|0 fnt\n|faint|p2b: Pelipper\n|\n|-weather|none\n|-sideend|p2: Kazuma Yato|move: Tailwind\n|upkeep\n|-message|Kazuma Yato forfeited.\n|\n|win|bobak dotto\n|raw|bobak dotto's rating: 1171 &rarr; <strong>1198</strong><br />(+27 for winning)\n|raw|Kazuma Yato's rating: 1195 &rarr; <strong>1168</strong><br />(-27 for losing)\n|l|\u203dKazuma Yato\n|player|p2|\n",
  "uploadtime": 1776343410,
  "views": 33,
  "formatid": "gen9championsvgc2026regma",
  "rating": 1168,
  "private": 0,
  "password": null
}