{
  "id": "gen9championsvgc2026regma-2582530902",
  "format": "[Gen 9 Champions] VGC 2026 Reg M-A",
  "players": [
    "thealex610",
    "Toe200100"
  ],
  "log": "|j|\u2606thealex610\n|j|\u2606Toe200100\n|t:|1776097589\n|gametype|doubles\n|player|p1|thealex610|265|1188\n|player|p2|Toe200100|blackbelt-gen4dp|1168\n|gen|9\n|tier|[Gen 9 Champions] VGC 2026 Reg M-A\n|rated|\n|rule|Species Clause: Limit one of each Pok\u00e9mon\n|rule|Item Clause: Limit 1 of each item\n|clearpoke\n|poke|p1|Sneasler, L50, M|\n|poke|p1|Talonflame, L50, F|\n|poke|p1|Milotic, L50, F|\n|poke|p1|Aegislash, L50, F|\n|poke|p1|Scizor, L50, F|\n|poke|p1|Tyranitar, L50, F|\n|poke|p2|Camerupt, L50, F|\n|poke|p2|Mimikyu, L50, M|\n|poke|p2|Incineroar, L50, F|\n|poke|p2|Kingambit, L50, F|\n|poke|p2|Sneasler, L50, M|\n|poke|p2|Abomasnow, L50, M|\n|teampreview|4\n|inactive|Battle timer is ON: inactive players will automatically lose when time's up. (requested by Toe200100)\n|inactive|Toe200100 has 60 seconds left.\n|\n|t:|1776097634\n|teamsize|p1|4\n|teamsize|p2|4\n|start\n|switch|p1a: Milotic|Milotic, L50, F|100/100\n|switch|p1b: Sneasler|Sneasler, L50, M|100/100\n|switch|p2a: Mimikyu|Mimikyu, L50, M|100/100\n|switch|p2b: Incineroar|Incineroar, L50, F|100/100\n|-ability|p2b: Incineroar|Intimidate|boost\n|-unboost|p1a: Milotic|atk|1\n|-ability|p1a: Milotic|Competitive|boost\n|-boost|p1a: Milotic|spa|2\n|-unboost|p1b: Sneasler|atk|1\n|-enditem|p1b: Sneasler|White Herb\n|-clearnegativeboost|p1b: Sneasler|[silent]\n|turn|1\n|inactive|thealex610 has 30 seconds left.\n|\n|t:|1776097663\n|switch|p2b: Kingambit|Kingambit, L50, F|100/100\n|move|p1b: Sneasler|Fake Out|p2b: Kingambit\n|-resisted|p2b: Kingambit|1\n|-damage|p2b: Kingambit|95/100\n|move|p1a: Milotic|Scald|p2a: Mimikyu\n|-activate|p2a: Mimikyu|ability: Disguise\n|-damage|p2a: Mimikyu|100/100\n|detailschange|p2a: Mimikyu|Mimikyu-Busted, L50, M\n|-damage|p2a: Mimikyu|88/100|[from] pokemon: Mimikyu-Busted\n|move|p2a: Mimikyu|Trick Room|p2a: Mimikyu\n|-fieldstart|move: Trick Room|[of] p2a: Mimikyu\n|\n|upkeep\n|turn|2\n|inactive|thealex610 has 30 seconds left.\n|\n|t:|1776097694\n|switch|p1b: Aegislash|Aegislash, L50, F|100/100\n|move|p1a: Milotic|Protect|p1a: Milotic\n|-singleturn|p1a: Milotic|Protect\n|move|p2b: Kingambit|Kowtow Cleave|p1a: Milotic\n|-activate|p1a: Milotic|move: Protect\n|move|p2a: Mimikyu|Will-O-Wisp|p1b: Aegislash\n|-status|p1b: Aegislash|brn\n|\n|-damage|p1b: Aegislash|95/100 brn|[from] brn\n|upkeep\n|turn|3\n|inactive|Toe200100 has 30 seconds left.\n|\n|t:|1776097721\n|move|p2b: Kingambit|Kowtow Cleave|p1a: Milotic\n|-damage|p1a: Milotic|33/100\n|-formechange|p1b: Aegislash|Aegislash-Blade|\n|move|p1b: Aegislash|Sacred Sword|p2b: Kingambit\n|-supereffective|p2b: Kingambit|2\n|-enditem|p2b: Kingambit|Chople Berry|[eat]\n|-enditem|p2b: Kingambit|Chople Berry|[weaken]\n|-damage|p2b: Kingambit|72/100\n|move|p2a: Mimikyu|Will-O-Wisp|p1a: Milotic\n|-status|p1a: Milotic|brn\n|move|p1a: Milotic|Scald|p2a: Mimikyu\n|-damage|p2a: Mimikyu|32/100\n|\n|-heal|p1b: Aegislash|100/100 brn|[from] item: Leftovers\n|-damage|p1b: Aegislash|95/100 brn|[from] brn\n|-damage|p1a: Milotic|28/100 brn|[from] brn\n|upkeep\n|turn|4\n|inactive|Toe200100 has 30 seconds left.\n|\n|t:|1776097749\n|-formechange|p1b: Aegislash|Aegislash|\n|move|p1b: Aegislash|King's Shield|p1b: Aegislash\n|-singleturn|p1b: Aegislash|Protect\n|move|p1a: Milotic|Protect|p1a: Milotic\n|-singleturn|p1a: Milotic|Protect\n|move|p2a: Mimikyu|Shadow Sneak|p1b: Aegislash\n|-activate|p1b: Aegislash|move: Protect\n|-unboost|p2a: Mimikyu|atk|1\n|move|p2b: Kingambit|Kowtow Cleave|p1b: Aegislash\n|-activate|p1b: Aegislash|move: Protect\n|-unboost|p2b: Kingambit|atk|1\n|-ability|p2b: Kingambit|Defiant|boost\n|-boost|p2b: Kingambit|atk|2\n|\n|-heal|p1b: Aegislash|100/100 brn|[from] item: Leftovers\n|-damage|p1b: Aegislash|95/100 brn|[from] brn\n|-damage|p1a: Milotic|22/100 brn|[from] brn\n|upkeep\n|turn|5\n|inactive|thealex610 has 30 seconds left.\n|\n|t:|1776097779\n|switch|p2a: Incineroar|Incineroar, L50, F|100/100\n|-ability|p2a: Incineroar|Intimidate|boost\n|-unboost|p1a: Milotic|atk|1\n|-ability|p1a: Milotic|Competitive|boost\n|-boost|p1a: Milotic|spa|2\n|-unboost|p1b: Aegislash|atk|1\n|move|p1a: Milotic|Protect||[still]\n|-fail|p1a: Milotic\n|-formechange|p1b: Aegislash|Aegislash-Blade|\n|move|p1b: Aegislash|Shadow Sneak|p2a: Incineroar\n|-resisted|p2a: Incineroar|1\n|-damage|p2a: Incineroar|98/100\n|move|p2b: Kingambit|Kowtow Cleave|p1a: Milotic\n|-damage|p1a: Milotic|0 fnt\n|faint|p1a: Milotic\n|\n|-heal|p1b: Aegislash|100/100 brn|[from] item: Leftovers\n|-damage|p1b: Aegislash|95/100 brn|[from] brn\n|-fieldend|move: Trick Room\n|upkeep\n|inactive|thealex610 has 30 seconds left.\n|\n|t:|1776097806\n|switch|p1a: Sneasler|Sneasler, L50, M|100/100\n|turn|6\n|\n|t:|1776097826\n|switch|p2b: Mimikyu|Mimikyu-Busted, L50, M|32/100\n|move|p1a: Sneasler|Protect|p1a: Sneasler\n|-singleturn|p1a: Sneasler|Protect\n|-formechange|p1b: Aegislash|Aegislash|\n|move|p1b: Aegislash|King's Shield|p1b: Aegislash\n|-singleturn|p1b: Aegislash|Protect\n|move|p2a: Incineroar|Parting Shot|p1a: Sneasler\n|-activate|p1a: Sneasler|move: Protect\n|\n|-heal|p1b: Aegislash|100/100 brn|[from] item: Leftovers\n|-damage|p1b: Aegislash|95/100 brn|[from] brn\n|upkeep\n|turn|7\n|\n|t:|1776097849\n|-formechange|p1b: Aegislash|Aegislash-Blade|\n|move|p1b: Aegislash|Shadow Sneak|p2b: Mimikyu\n|-supereffective|p2b: Mimikyu|1\n|-damage|p2b: Mimikyu|15/100\n|move|p1a: Sneasler|Close Combat|p2a: Incineroar\n|-supereffective|p2a: Incineroar|1\n|-damage|p2a: Incineroar|0 fnt\n|-unboost|p1a: Sneasler|def|1\n|-unboost|p1a: Sneasler|spd|1\n|faint|p2a: Incineroar\n|move|p2b: Mimikyu|Will-O-Wisp|p1a: Sneasler\n|-status|p1a: Sneasler|brn\n|\n|-heal|p1b: Aegislash|100/100 brn|[from] item: Leftovers\n|-damage|p1a: Sneasler|95/100 brn|[from] brn\n|-damage|p1b: Aegislash|95/100 brn|[from] brn\n|upkeep\n|\n|t:|1776097865\n|switch|p2a: Kingambit|Kingambit, L50, F|72/100\n|turn|8\n|\n|t:|1776097876\n|move|p1b: Aegislash|Shadow Sneak|p2b: Mimikyu\n|-supereffective|p2b: Mimikyu|1\n|-damage|p2b: Mimikyu|0 fnt\n|faint|p2b: Mimikyu\n|move|p1a: Sneasler|Close Combat|p2a: Kingambit\n|-supereffective|p2a: Kingambit|2\n|-damage|p2a: Kingambit|0 fnt\n|-unboost|p1a: Sneasler|def|1\n|-unboost|p1a: Sneasler|spd|1\n|faint|p2a: Kingambit\n|\n|-heal|p1b: Aegislash|100/100 brn|[from] item: Leftovers\n|-damage|p1a: Sneasler|89/100 brn|[from] brn\n|-damage|p1b: Aegislash|95/100 brn|[from] brn\n|upkeep\n|\n|t:|1776097889\n|switch|p2b: Camerupt|Camerupt, L50, F|100/100\n|turn|9\n|\n|t:|1776097900\n|detailschange|p2b: Camerupt|Camerupt-Mega, L50, F\n|-mega|p2b: Camerupt|Camerupt|Cameruptite\n|move|p1b: Aegislash|Wide Guard|p1b: Aegislash\n|-singleturn|p1b: Aegislash|Wide Guard\n|move|p1a: Sneasler|Close Combat|p2b: Camerupt\n|-damage|p2b: Camerupt|67/100\n|-unboost|p1a: Sneasler|def|1\n|-unboost|p1a: Sneasler|spd|1\n|move|p2b: Camerupt|Earth Power|p1a: Sneasler\n|-supereffective|p1a: Sneasler|1\n|-damage|p1a: Sneasler|0 fnt\n|faint|p1a: Sneasler\n|\n|-heal|p1b: Aegislash|100/100 brn|[from] item: Leftovers\n|-damage|p1b: Aegislash|95/100 brn|[from] brn\n|upkeep\n|\n|t:|1776097914\n|switch|p1a: Tyranitar|Tyranitar, L50, F|100/100\n|-weather|Sandstorm|[from] ability: Sand Stream|[of] p1a: Tyranitar\n|turn|10\n|\n|t:|1776097936\n|detailschange|p1a: Tyranitar|Tyranitar-Mega, L50, F\n|-mega|p1a: Tyranitar|Tyranitar|Tyranitarite\n|move|p2b: Camerupt|Protect|p2b: Camerupt\n|-singleturn|p2b: Camerupt|Protect\n|move|p1a: Tyranitar|Rock Slide|p2b: Camerupt\n|-activate|p2b: Camerupt|move: Protect\n|move|p1b: Aegislash|Sacred Sword|p2b: Camerupt\n|-activate|p2b: Camerupt|move: Protect\n|\n|-weather|Sandstorm|[upkeep]\n|-heal|p1b: Aegislash|100/100 brn|[from] item: Leftovers\n|-damage|p1b: Aegislash|95/100 brn|[from] brn\n|upkeep\n|turn|11\n|\n|t:|1776097954\n|move|p1a: Tyranitar|Rock Slide|p2b: Camerupt\n|-damage|p2b: Camerupt|12/100\n|move|p1b: Aegislash|Sacred Sword|p2b: Camerupt\n|-damage|p2b: Camerupt|2/100\n|move|p2b: Camerupt|Earth Power|p1a: Tyranitar\n|-supereffective|p1a: Tyranitar|1\n|-damage|p1a: Tyranitar|10/100\n|\n|-weather|Sandstorm|[upkeep]\n|-heal|p1b: Aegislash|100/100 brn|[from] item: Leftovers\n|-damage|p1b: Aegislash|95/100 brn|[from] brn\n|upkeep\n|turn|12\n|-message|Toe200100 forfeited.\n|\n|win|thealex610\n|raw|thealex610's rating: 1188 &rarr; <strong>1212</strong><br />(+24 for winning)\n|raw|Toe200100's rating: 1168 &rarr; <strong>1144</strong><br />(-24 for losing)\n",
  "uploadtime": 1776097973,
  "views": 34,
  "formatid": "gen9championsvgc2026regma",
  "rating": 1144,
  "private": 0,
  "password": null
}