{
  "id": "gen9championsvgc2026regma-2585694093",
  "format": "[Gen 9 Champions] VGC 2026 Reg M-A",
  "players": [
    "ohfxld",
    "hanenwang"
  ],
  "log": "|j|\u2606ohfxld\n|j|\u2606hanenwang\n|t:|1776364216\n|gametype|doubles\n|player|p1|ohfxld|n|1139\n|player|p2|hanenwang|twins-gen4dp|1138\n|gen|9\n|tier|[Gen 9 Champions] VGC 2026 Reg M-A\n|rated|\n|rule|Species Clause: Limit one of each Pok\u00e9mon\n|rule|Item Clause: Limit 1 of each item\n|clearpoke\n|poke|p1|Delphox, L50, M|\n|poke|p1|Torkoal, L50, F|\n|poke|p1|Primarina, L50, F|\n|poke|p1|Mimikyu, L50, M|\n|poke|p1|Tyranitar, L50, M|\n|poke|p1|Meowstic, L50, M|\n|poke|p2|Gengar, L50, F|\n|poke|p2|Incineroar, L50, F|\n|poke|p2|Politoed, L50, M|\n|poke|p2|Basculegion, L50, M|\n|poke|p2|Clefable, L50, M|\n|poke|p2|Slowbro, L50, M|\n|teampreview|4\n|\n|t:|1776364233\n|teamsize|p1|4\n|teamsize|p2|4\n|start\n|switch|p1a: Meowstic|Meowstic, L50, M|100/100\n|switch|p1b: Delphox|Delphox, L50, M, shiny|100/100\n|switch|p2a: Gengar|Gengar, L50, F|100/100\n|switch|p2b: Incineroar|Incineroar, L50, F|100/100\n|-ability|p2b: Incineroar|Intimidate|boost\n|-unboost|p1a: Meowstic|atk|1\n|-unboost|p1b: Delphox|atk|1\n|turn|1\n|inactive|Battle timer is ON: inactive players will automatically lose when time's up. (requested by ohfxld)\n|\n|t:|1776364276\n|detailschange|p2a: Gengar|Gengar-Mega, L50, F\n|-mega|p2a: Gengar|Gengar|Gengarite\n|detailschange|p1b: Delphox|Delphox-Mega, L50, M, shiny\n|-mega|p1b: Delphox|Delphox|Delphoxite\n|move|p2a: Gengar|Protect|p2a: Gengar\n|-singleturn|p2a: Gengar|Protect\n|move|p1b: Delphox|Protect|p1b: Delphox\n|-singleturn|p1b: Delphox|Protect\n|move|p2b: Incineroar|Fake Out|p1b: Delphox\n|-activate|p1b: Delphox|move: Protect\n|move|p1a: Meowstic|Psychic Terrain|p1a: Meowstic\n|-fieldstart|move: Psychic Terrain\n|\n|upkeep\n|turn|2\n|\n|t:|1776364296\n|switch|p2a: Politoed|Politoed, L50, M|100/100\n|-weather|RainDance|[from] ability: Drizzle|[of] p2a: Politoed\n|move|p1a: Meowstic|Gravity|p1a: Meowstic\n|-fieldstart|move: Gravity\n|move|p1b: Delphox|Focus Blast|p2b: Incineroar\n|-supereffective|p2b: Incineroar|1\n|-damage|p2b: Incineroar|34/100\n|move|p2b: Incineroar|Parting Shot|p1b: Delphox\n|-unboost|p1b: Delphox|atk|1\n|-unboost|p1b: Delphox|spa|1\n|\n|t:|1776364307\n|switch|p2b: Basculegion|Basculegion, L50, M|100/100|[from] Parting Shot\n|\n|-weather|RainDance|[upkeep]\n|upkeep\n|turn|3\n|inactive|hanenwang has 30 seconds left.\n|\n|t:|1776364334\n|switch|p1b: Torkoal|Torkoal, L50, F|100/100\n|-weather|SunnyDay|[from] ability: Drought|[of] p1b: Torkoal\n|move|p1a: Meowstic|Expanding Force|p2b: Basculegion|[spread] p2a,p2b\n|-damage|p2a: Politoed|75/100\n|-damage|p2b: Basculegion|59/100\n|move|p2b: Basculegion|Wave Crash|p1a: Meowstic\n|-damage|p1a: Meowstic|52/100\n|-damage|p2b: Basculegion|44/100|[from] Recoil\n|move|p2a: Politoed|Weather Ball|p1b: Torkoal\n|-resisted|p1b: Torkoal|1\n|-damage|p1b: Torkoal|81/100\n|\n|-weather|SunnyDay|[upkeep]\n|upkeep\n|turn|4\n|\n|t:|1776364358\n|switch|p2a: Incineroar|Incineroar, L50, F|34/100\n|-ability|p2a: Incineroar|Intimidate|boost\n|-unboost|p1a: Meowstic|atk|1\n|-unboost|p1b: Torkoal|atk|1\n|move|p2b: Basculegion|Protect|p2b: Basculegion\n|-singleturn|p2b: Basculegion|Protect\n|move|p1a: Meowstic|Expanding Force|p2b: Basculegion|[spread] \n|-activate|p2b: Basculegion|move: Protect\n|-immune|p2a: Incineroar\n|move|p1b: Torkoal|Heat Wave|p2a: Incineroar|[spread] p2a\n|-activate|p2b: Basculegion|move: Protect\n|-resisted|p2a: Incineroar|1\n|-damage|p2a: Incineroar|19/100\n|\n|-weather|SunnyDay|[upkeep]\n|upkeep\n|turn|5\n|\n|t:|1776364376\n|switch|p2a: Politoed|Politoed, L50, M|75/100\n|-weather|RainDance|[from] ability: Drizzle|[of] p2a: Politoed\n|move|p2b: Basculegion|Flip Turn|p1a: Meowstic\n|-damage|p1a: Meowstic|0 fnt\n|faint|p1a: Meowstic\n|\n|t:|1776364385\n|switch|p2b: Gengar|Gengar-Mega, L50, F|100/100|[from] Flip Turn\n|move|p1b: Torkoal|Heat Wave|p2b: Gengar|[spread] p2a,p2b\n|-resisted|p2a: Politoed|1\n|-damage|p2a: Politoed|70/100\n|-damage|p2b: Gengar|83/100\n|\n|-weather|RainDance|[upkeep]\n|-fieldend|move: Psychic Terrain\n|upkeep\n|\n|t:|1776364394\n|switch|p1a: Delphox|Delphox-Mega, L50, M, shiny|100/100\n|turn|6\n|\n|t:|1776364412\n|move|p2b: Gengar|Protect|p2b: Gengar\n|-singleturn|p2b: Gengar|Protect\n|move|p1b: Torkoal|Protect|p1b: Torkoal\n|-singleturn|p1b: Torkoal|Protect\n|move|p1a: Delphox|Expanding Force|p2b: Gengar\n|-activate|p2b: Gengar|move: Protect\n|move|p2a: Politoed|Perish Song|p2a: Politoed\n|-start|p1a: Delphox|perish3|[silent]\n|-start|p1b: Torkoal|perish3|[silent]\n|-start|p2a: Politoed|perish3|[silent]\n|-start|p2b: Gengar|perish3|[silent]\n|-fieldactivate|move: Perish Song\n|\n|-weather|RainDance|[upkeep]\n|-start|p2b: Gengar|perish3\n|-start|p1a: Delphox|perish3\n|-start|p2a: Politoed|perish3\n|-start|p1b: Torkoal|perish3\n|-fieldend|move: Gravity\n|upkeep\n|turn|7\n|c|\u2606hanenwang|tsk tsk\n|-activate|p1b: Torkoal|item: Quick Claw\n|\n|t:|1776364427\n|move|p1b: Torkoal|Solar Beam||[still]\n|-prepare|p1b: Torkoal|Solar Beam\n|move|p2b: Gengar|Disable|p1a: Delphox\n|-start|p1a: Delphox|Disable|Expanding Force\n|cant|p1a: Delphox|Disable|Expanding Force\n|move|p2a: Politoed|Encore|p1b: Torkoal\n|-start|p1b: Torkoal|Encore\n|\n|-weather|RainDance|[upkeep]\n|-start|p2b: Gengar|perish2\n|-start|p1a: Delphox|perish2\n|-start|p2a: Politoed|perish2\n|-start|p1b: Torkoal|perish2\n|upkeep\n|turn|8\n|c|\u2606hanenwang|perish.\n|\n|t:|1776364437\n|move|p2b: Gengar|Protect|p2b: Gengar\n|-singleturn|p2b: Gengar|Protect\n|move|p1a: Delphox|Protect|p1a: Delphox\n|-singleturn|p1a: Delphox|Protect\n|move|p2a: Politoed|Protect|p2a: Politoed\n|-singleturn|p2a: Politoed|Protect\n|move|p1b: Torkoal|Solar Beam|p2a: Politoed|[from] lockedmove\n|-activate|p2a: Politoed|move: Protect\n|\n|-weather|RainDance|[upkeep]\n|-start|p2b: Gengar|perish1\n|-start|p1a: Delphox|perish1\n|-start|p2a: Politoed|perish1\n|-start|p1b: Torkoal|perish1\n|upkeep\n|turn|9\n|\n|t:|1776364446\n|switch|p2b: Incineroar|Incineroar, L50, F|19/100\n|-ability|p2b: Incineroar|Intimidate|boost\n|-unboost|p1a: Delphox|atk|1\n|-unboost|p1b: Torkoal|atk|1\n|switch|p2a: Basculegion|Basculegion, L50, M|44/100\n|move|p1a: Delphox|Protect||[still]\n|-fail|p1a: Delphox\n|move|p1b: Torkoal|Solar Beam||[still]\n|-prepare|p1b: Torkoal|Solar Beam\n|\n|-weather|none\n|-start|p1a: Delphox|perish0\n|-start|p1b: Torkoal|perish0\n|faint|p1a: Delphox\n|faint|p1b: Torkoal\n|upkeep\n|\n|t:|1776364450\n|switch|p1b: Primarina|Primarina, L50, F, shiny|100/100\n|turn|10\n|\n|t:|1776364458\n|move|p2b: Incineroar|Fake Out|p1b: Primarina\n|-damage|p1b: Primarina|91/100\n|move|p2a: Basculegion|Wave Crash|p1b: Primarina\n|-resisted|p1b: Primarina|1\n|-damage|p1b: Primarina|60/100\n|-damage|p2a: Basculegion|34/100|[from] Recoil\n|cant|p1b: Primarina|flinch\n|\n|-heal|p1b: Primarina|66/100|[from] item: Leftovers\n|upkeep\n|turn|11\n|\n|t:|1776364466\n|move|p2a: Basculegion|Flip Turn|p1b: Primarina\n|-resisted|p1b: Primarina|1\n|-damage|p1b: Primarina|50/100\n|\n|t:|1776364468\n|switch|p2a: Politoed|Politoed, L50, M|70/100|[from] Flip Turn\n|-weather|RainDance|[from] ability: Drizzle|[of] p2a: Politoed\n|move|p2b: Incineroar|Throat Chop|p1b: Primarina\n|-resisted|p1b: Primarina|1\n|-damage|p1b: Primarina|37/100\n|-start|p1b: Primarina|Throat Chop|[silent]\n|cant|p1b: Primarina|move: Throat Chop\n|\n|-weather|RainDance|[upkeep]\n|-heal|p1b: Primarina|43/100|[from] item: Leftovers\n|upkeep\n|turn|12\n|\n|t:|1776364479\n|move|p1b: Primarina|Protect|p1b: Primarina\n|-singleturn|p1b: Primarina|Protect\n|move|p2a: Politoed|Encore|p1b: Primarina\n|-activate|p1b: Primarina|move: Protect\n|move|p2b: Incineroar|Parting Shot|p1b: Primarina\n|-activate|p1b: Primarina|move: Protect\n|\n|-weather|RainDance|[upkeep]\n|-heal|p1b: Primarina|49/100|[from] item: Leftovers\n|-end|p1b: Primarina|Throat Chop|[silent]\n|upkeep\n|turn|13\n|-message|ohfxld forfeited.\n|\n|win|hanenwang\n|raw|ohfxld's rating: 1139 &rarr; <strong>1114</strong><br />(-25 for losing)\n|raw|hanenwang's rating: 1138 &rarr; <strong>1163</strong><br />(+25 for winning)\n|l|\u2606ohfxld\n|player|p1|\n",
  "uploadtime": 1776364497,
  "views": 25,
  "formatid": "gen9championsvgc2026regma",
  "rating": 1114,
  "private": 0,
  "password": null
}