{
  "id": "gen9championsvgc2026regma-2585826649",
  "format": "[Gen 9 Champions] VGC 2026 Reg M-A",
  "players": [
    "Pokeventurer",
    "not sasha"
  ],
  "log": "|j|\u2606Pokeventurer\n|j|\u2606not sasha\n|t:|1776373544\n|gametype|doubles\n|player|p1|Pokeventurer|101|1298\n|player|p2|not sasha|102|1251\n|gen|9\n|tier|[Gen 9 Champions] VGC 2026 Reg M-A\n|rated|\n|rule|Species Clause: Limit one of each Pok\u00e9mon\n|rule|Item Clause: Limit 1 of each item\n|clearpoke\n|poke|p1|Arcanine-Hisui, L50, F|\n|poke|p1|Whimsicott, L50, F|\n|poke|p1|Basculegion, L50, M|\n|poke|p1|Gengar, L50, M|\n|poke|p1|Kommo-o, L50, F|\n|poke|p1|Raichu, L50, M|\n|poke|p2|Meganium, L50, F|\n|poke|p2|Archaludon, L50, F|\n|poke|p2|Aerodactyl, L50, F|\n|poke|p2|Typhlosion-Hisui, L50, F|\n|poke|p2|Tauros-Paldea-Aqua, L50, M|\n|poke|p2|Kangaskhan, L50, F|\n|teampreview|4\n|inactive|Battle timer is ON: inactive players will automatically lose when time's up. (requested by not sasha)\n|inactive|Pokeventurer has 60 seconds left.\n|\n|t:|1776373574\n|teamsize|p1|4\n|teamsize|p2|4\n|start\n|switch|p1a: Whimsicott|Whimsicott, L50, F|100/100\n|switch|p1b: Gengar|Gengar, L50, M|100/100\n|switch|p2a: Lychee|Tauros-Paldea-Aqua, L50, M|100/100\n|switch|p2b: Taro|Typhlosion-Hisui, L50, F|100/100\n|-item|p1a: Whimsicott|Occa Berry|[from] ability: Frisk|[of] p2b: Taro\n|-item|p1b: Gengar|Gengarite|[from] ability: Frisk|[of] p2b: Taro\n|-ability|p2a: Lychee|Intimidate|boost\n|-unboost|p1a: Whimsicott|atk|1\n|-unboost|p1b: Gengar|atk|1\n|turn|1\n|\n|t:|1776373587\n|switch|p2a: Wintermelon|Archaludon, L50, F|100/100\n|detailschange|p1b: Gengar|Gengar-Mega, L50, M\n|-mega|p1b: Gengar|Gengar|Gengarite\n|move|p1a: Whimsicott|Tailwind|p1a: Whimsicott\n|-sidestart|p1: Pokeventurer|move: Tailwind\n|move|p1b: Gengar|Shadow Ball|p2b: Taro\n|-supereffective|p2b: Taro|1\n|-damage|p2b: Taro|0 fnt\n|faint|p2b: Taro\n|\n|upkeep\n|\n|t:|1776373599\n|switch|p2b: Matcha|Meganium, L50, F, shiny|100/100\n|turn|2\n|\n|t:|1776373613\n|detailschange|p2b: Matcha|Meganium-Mega, L50, F, shiny\n|-mega|p2b: Matcha|Meganium|Meganiumite\n|move|p1a: Whimsicott|Protect|p1a: Whimsicott\n|-singleturn|p1a: Whimsicott|Protect\n|move|p1b: Gengar|Protect|p1b: Gengar\n|-singleturn|p1b: Gengar|Protect\n|move|p2a: Wintermelon|Draco Meteor|p1b: Gengar\n|-activate|p1b: Gengar|move: Protect\n|move|p2b: Matcha|Weather Ball|p1a: Whimsicott\n|-activate|p1a: Whimsicott|move: Protect\n|\n|upkeep\n|turn|3\n|\n|t:|1776373635\n|move|p2b: Matcha|Protect|p2b: Matcha\n|-singleturn|p2b: Matcha|Protect\n|move|p1b: Gengar|Sludge Bomb|p2b: Matcha\n|-activate|p2b: Matcha|move: Protect\n|move|p1a: Whimsicott|Moonblast|p2a: Wintermelon\n|-damage|p2a: Wintermelon|64/100\n|move|p2a: Wintermelon|Flash Cannon|p1a: Whimsicott\n|-supereffective|p1a: Whimsicott|1\n|-damage|p1a: Whimsicott|14/100\n|\n|upkeep\n|turn|4\n|\n|t:|1776373651\n|move|p1b: Gengar|Sludge Bomb|p2b: Matcha\n|-supereffective|p2b: Matcha|2\n|-crit|p2b: Matcha\n|-damage|p2b: Matcha|0 fnt\n|faint|p2b: Matcha\n|move|p1a: Whimsicott|Moonblast|p2a: Wintermelon\n|-damage|p2a: Wintermelon|22/100\n|move|p2a: Wintermelon|Draco Meteor|p1b: Gengar|[miss]\n|-miss|p2a: Wintermelon|p1b: Gengar\n|\n|-sideend|p1: Pokeventurer|move: Tailwind\n|upkeep\n|\n|t:|1776373655\n|switch|p2b: Lychee|Tauros-Paldea-Aqua, L50, M|100/100\n|-ability|p2b: Lychee|Intimidate|boost\n|-unboost|p1a: Whimsicott|atk|1\n|-unboost|p1b: Gengar|atk|1\n|turn|5\n|\n|t:|1776373667\n|move|p1a: Whimsicott|Protect|p1a: Whimsicott\n|-singleturn|p1a: Whimsicott|Protect\n|move|p1b: Gengar|Protect|p1b: Gengar\n|-singleturn|p1b: Gengar|Protect\n|move|p2b: Lychee|Aqua Jet|p1a: Whimsicott\n|-activate|p1a: Whimsicott|move: Protect\n|move|p2a: Wintermelon|Dragon Pulse|p1b: Gengar\n|-activate|p1b: Gengar|move: Protect\n|\n|upkeep\n|turn|6\n|\n|t:|1776373680\n|move|p2b: Lychee|Aqua Jet|p1a: Whimsicott\n|-resisted|p1a: Whimsicott|1\n|-damage|p1a: Whimsicott|2/100\n|move|p1a: Whimsicott|Encore|p2b: Lychee\n|-start|p2b: Lychee|Encore\n|move|p1b: Gengar|Disable|p2b: Lychee\n|-start|p2b: Lychee|Disable|Aqua Jet\n|move|p2a: Wintermelon|Draco Meteor|p1b: Gengar|[miss]\n|-miss|p2a: Wintermelon|p1b: Gengar\n|\n|upkeep\n|turn|7\n|\n|t:|1776373695\n|move|p1b: Gengar|Sludge Bomb|p2b: Lychee\n|-damage|p2b: Lychee|23/100\n|-activate|p2b: Lychee|move: Struggle\n|move|p2b: Lychee|Struggle|p1a: Whimsicott\n|-damage|p1a: Whimsicott|0 fnt\n|faint|p1a: Whimsicott\n|-damage|p2b: Lychee|0 fnt|[from] recoil\n|faint|p2b: Lychee\n|move|p2a: Wintermelon|Draco Meteor|p1b: Gengar\n|-damage|p1b: Gengar|3/100\n|-unboost|p2a: Wintermelon|spa|2\n|\n|upkeep\n|\n|t:|1776373702\n|switch|p1a: Basculegion|Basculegion, L50, M|100/100\n|turn|8\n|\n|t:|1776373708\n|move|p1a: Basculegion|Last Respects|p2a: Wintermelon\n|-damage|p2a: Wintermelon|0 fnt\n|faint|p2a: Wintermelon\n|\n|win|Pokeventurer\n|raw|Pokeventurer's rating: 1298 &rarr; <strong>1320</strong><br />(+22 for winning)\n|raw|not sasha's rating: 1251 &rarr; <strong>1229</strong><br />(-22 for losing)\n|l|\u2606not sasha\n|player|p2|\n",
  "uploadtime": 1776373710,
  "views": 22,
  "formatid": "gen9championsvgc2026regma",
  "rating": 1229,
  "private": 0,
  "password": null
}