{
  "id": "gen9championsvgc2026regma-2584731519",
  "format": "[Gen 9 Champions] VGC 2026 Reg M-A",
  "players": [
    "ThrillsForThePils",
    "Astraision"
  ],
  "log": "|j|\u2606ThrillsForThePils\n|j|\u2606Astraision\n|t:|1776279704\n|gametype|doubles\n|player|p1|ThrillsForThePils|102|1300\n|player|p2|Astraision|iris-gen5bw2|1390\n|gen|9\n|tier|[Gen 9 Champions] VGC 2026 Reg M-A\n|rated|\n|rule|Species Clause: Limit one of each Pok\u00e9mon\n|rule|Item Clause: Limit 1 of each item\n|clearpoke\n|poke|p1|Scizor, L50, M|\n|poke|p1|Aerodactyl, L50, M|\n|poke|p1|Incineroar, L50, M|\n|poke|p1|Sinistcha, L50|\n|poke|p1|Milotic, L50, M|\n|poke|p1|Sneasler, L50, F|\n|poke|p2|Aggron, L50, F|\n|poke|p2|Incineroar, L50, F|\n|poke|p2|Sinistcha, L50|\n|poke|p2|Kangaskhan, L50, F|\n|poke|p2|Kommo-o, L50, M|\n|poke|p2|Milotic, L50, M|\n|teampreview|4\n|inactive|Battle timer is ON: inactive players will automatically lose when time's up. (requested by ThrillsForThePils)\nThrillsForThePils has agreed to open team sheets.\n|inactive|ThrillsForThePils has 60 seconds left.\n|inactive|Astraision has 60 seconds left.\n|\n|t:|1776279761\n|teamsize|p1|4\n|teamsize|p2|4\n|start\n|switch|p1a: Scizor|Scizor, L50, M|100/100\n|switch|p1b: Milotic|Milotic, L50, M|100/100\n|switch|p2a: Milotic|Milotic, L50, M|100/100\n|switch|p2b: Aggron|Aggron, L50, F|100/100\n|turn|1\n|inactive|ThrillsForThePils has 30 seconds left.\n|\n|t:|1776279792\n|detailschange|p1a: Scizor|Scizor-Mega, L50, M\n|-mega|p1a: Scizor|Scizor|Scizorite\n|detailschange|p2b: Aggron|Aggron-Mega, L50, F\n|-mega|p2b: Aggron|Aggron|Aggronite\n|move|p2b: Aggron|Protect|p2b: Aggron\n|-singleturn|p2b: Aggron|Protect\n|move|p2a: Milotic|Scald|p1a: Scizor\n|-damage|p1a: Scizor|72/100\n|move|p1b: Milotic|Scald|p2b: Aggron\n|-activate|p2b: Aggron|move: Protect\n|move|p1a: Scizor|Bug Bite|p2a: Milotic\n|-damage|p2a: Milotic|53/100\n|-enditem|p2a: Milotic|Lum Berry|[from] stealeat|[move] Bug Bite|[of] p1a: Scizor\n|\n|upkeep\n|turn|2\n|inactive|ThrillsForThePils has 30 seconds left.\n|\n|t:|1776279819\n|switch|p2b: Sinistcha|Sinistcha, L50|100/100\n|-heal|p2a: Milotic|78/100|[from] ability: Hospitality|[of] p2b: Sinistcha\n|move|p1a: Scizor|Protect|p1a: Scizor\n|-singleturn|p1a: Scizor|Protect\n|move|p2a: Milotic|Scald|p1a: Scizor\n|-activate|p1a: Scizor|move: Protect\n|move|p1b: Milotic|Life Dew||[still]|[spread] p1a,p1b\n|-heal|p1a: Scizor|97/100\n|-fail|p1b: Milotic|heal\n|\n|upkeep\n|turn|3\n|inactive|ThrillsForThePils has 30 seconds left.\n|\n|t:|1776279848\n|switch|p1a: Sinistcha|Sinistcha, L50|100/100\n|move|p1b: Milotic|Protect|p1b: Milotic\n|-singleturn|p1b: Milotic|Protect\n|move|p2a: Milotic|Scald|p1a: Sinistcha\n|-resisted|p1a: Sinistcha|1\n|-damage|p1a: Sinistcha|87/100\n|move|p2b: Sinistcha|Life Dew||[still]|[spread] p2a,p2b\n|-heal|p2a: Milotic|100/100\n|-fail|p2b: Sinistcha|heal\n|\n|upkeep\n|turn|4\n|\n|t:|1776279868\n|move|p2a: Milotic|Helping Hand|p2b: Sinistcha\n|-singleturn|p2b: Sinistcha|Helping Hand|[of] p2a: Milotic\n|move|p1b: Milotic|Scald|p2a: Milotic\n|-resisted|p2a: Milotic|1\n|-damage|p2a: Milotic|89/100\n|-status|p2a: Milotic|brn\n|move|p1a: Sinistcha|Matcha Gotcha|p2b: Sinistcha|[spread] p2a,p2b\n|-supereffective|p2a: Milotic|1\n|-resisted|p2b: Sinistcha|1\n|-damage|p2a: Milotic|50/100 brn\n|-heal|p1a: Sinistcha|100/100|[from] drain|[of] p2a: Milotic\n|-damage|p2b: Sinistcha|90/100\n|move|p2b: Sinistcha|Matcha Gotcha|p1a: Sinistcha|[spread] p1a,p1b\n|-resisted|p1a: Sinistcha|1\n|-supereffective|p1b: Milotic|1\n|-damage|p1a: Sinistcha|83/100\n|-heal|p2b: Sinistcha|99/100|[from] drain|[of] p1a: Sinistcha\n|-damage|p1b: Milotic|50/100\n|-heal|p2b: Sinistcha|100/100|[from] drain|[of] p1b: Milotic\n|\n|-heal|p1b: Milotic|57/100|[from] item: Leftovers\n|-damage|p2a: Milotic|44/100 brn|[from] brn\n|upkeep\n|turn|5\n|inactive|ThrillsForThePils has 30 seconds left.\n|inactive|Astraision has 30 seconds left.\n|\n|t:|1776279900\n|move|p2a: Milotic|Icy Wind|p1a: Sinistcha|[spread] p1a,p1b\n|-supereffective|p1a: Sinistcha|1\n|-resisted|p1b: Milotic|1\n|-damage|p1a: Sinistcha|63/100\n|-damage|p1b: Milotic|54/100\n|-unboost|p1a: Sinistcha|spe|1\n|-unboost|p1b: Milotic|spe|1\n|-ability|p1b: Milotic|Competitive|boost\n|-boost|p1b: Milotic|spa|2\n|move|p2b: Sinistcha|Life Dew||[still]|[spread] p2a,p2b\n|-heal|p2a: Milotic|69/100 brn\n|-fail|p2b: Sinistcha|heal\n|move|p1b: Milotic|Scald|p2b: Sinistcha\n|-resisted|p2b: Sinistcha|1\n|-crit|p2b: Sinistcha\n|-damage|p2b: Sinistcha|60/100\n|move|p1a: Sinistcha|Matcha Gotcha|p2a: Milotic|[spread] p2b\n|-miss|p1a: Sinistcha|p2a: Milotic\n|-resisted|p2b: Sinistcha|1\n|-damage|p2b: Sinistcha|49/100\n|-heal|p1a: Sinistcha|69/100|[from] drain|[of] p2b: Sinistcha\n|-status|p2b: Sinistcha|brn\n|-enditem|p2b: Sinistcha|Sitrus Berry|[eat]\n|-heal|p2b: Sinistcha|74/100 brn|[from] item: Sitrus Berry\n|\n|-heal|p1b: Milotic|60/100|[from] item: Leftovers\n|-damage|p2a: Milotic|63/100 brn|[from] brn\n|-damage|p2b: Sinistcha|67/100 brn|[from] brn\n|upkeep\n|turn|6\n|inactive|ThrillsForThePils has 30 seconds left.\n|\n|t:|1776279926\n|move|p2a: Milotic|Helping Hand|p2b: Sinistcha\n|-singleturn|p2b: Sinistcha|Helping Hand|[of] p2a: Milotic\n|move|p1b: Milotic|Protect|p1b: Milotic\n|-singleturn|p1b: Milotic|Protect\n|move|p2b: Sinistcha|Matcha Gotcha|p1a: Sinistcha|[spread] p1a\n|-activate|p1b: Milotic|move: Protect\n|-resisted|p1a: Sinistcha|1\n|-damage|p1a: Sinistcha|51/100\n|-heal|p2b: Sinistcha|76/100 brn|[from] drain|[of] p1a: Sinistcha\n|move|p1a: Sinistcha|Matcha Gotcha|p2a: Milotic|[spread] p2a,p2b\n|-supereffective|p2a: Milotic|1\n|-resisted|p2b: Sinistcha|1\n|-damage|p2a: Milotic|27/100 brn\n|-heal|p1a: Sinistcha|72/100|[from] drain|[of] p2a: Milotic\n|-damage|p2b: Sinistcha|65/100 brn\n|-heal|p1a: Sinistcha|77/100|[from] drain|[of] p2b: Sinistcha\n|\n|-heal|p1b: Milotic|66/100|[from] item: Leftovers\n|-damage|p2a: Milotic|21/100 brn|[from] brn\n|-damage|p2b: Sinistcha|59/100 brn|[from] brn\n|upkeep\n|turn|7\n|\n|t:|1776279949\n|switch|p1b: Incineroar|Incineroar, L50, M|100/100\n|-ability|p1b: Incineroar|Intimidate|boost\n|-unboost|p2a: Milotic|atk|1\n|-ability|p2a: Milotic|Competitive|boost\n|-boost|p2a: Milotic|spa|2\n|-unboost|p2b: Sinistcha|atk|1\n|move|p2a: Milotic|Life Dew|p2a: Milotic|[spread] p2a,p2b\n|-heal|p2a: Milotic|46/100 brn\n|-heal|p2b: Sinistcha|84/100 brn\n|move|p2b: Sinistcha|Life Dew|p2b: Sinistcha|[spread] p2a,p2b\n|-heal|p2a: Milotic|71/100 brn\n|-heal|p2b: Sinistcha|100/100 brn\n|move|p1a: Sinistcha|Matcha Gotcha|p2a: Milotic|[spread] \n|-miss|p1a: Sinistcha|p2a: Milotic\n|-miss|p1a: Sinistcha|p2b: Sinistcha\n|\n|-damage|p2a: Milotic|65/100 brn|[from] brn\n|-damage|p2b: Sinistcha|94/100 brn|[from] brn\n|upkeep\n|turn|8\n|\n|t:|1776279970\n|move|p1b: Incineroar|Fake Out|p2a: Milotic\n|-damage|p2a: Milotic|56/100 brn\n|cant|p2a: Milotic|flinch\n|move|p2b: Sinistcha|Life Dew|p2b: Sinistcha|[spread] p2a,p2b\n|-heal|p2a: Milotic|81/100 brn\n|-heal|p2b: Sinistcha|100/100 brn\n|move|p1a: Sinistcha|Matcha Gotcha|p2b: Sinistcha|[spread] p2a,p2b\n|-supereffective|p2a: Milotic|1\n|-resisted|p2b: Sinistcha|1\n|-damage|p2a: Milotic|46/100 brn\n|-heal|p1a: Sinistcha|98/100|[from] drain|[of] p2a: Milotic\n|-damage|p2b: Sinistcha|89/100 brn\n|-heal|p1a: Sinistcha|100/100|[from] drain|[of] p2b: Sinistcha\n|\n|-damage|p2a: Milotic|40/100 brn|[from] brn\n|-damage|p2b: Sinistcha|83/100 brn|[from] brn\n|upkeep\n|turn|9\n|inactive|ThrillsForThePils has 30 seconds left.\n|\n|t:|1776279997\n|switch|p1b: Milotic|Milotic, L50, M|66/100\n|move|p2b: Sinistcha|Rage Powder|p2b: Sinistcha\n|-singleturn|p2b: Sinistcha|move: Rage Powder\n|move|p2a: Milotic|Scald|p1b: Milotic\n|-resisted|p1b: Milotic|1\n|-damage|p1b: Milotic|48/100\n|move|p1a: Sinistcha|Matcha Gotcha|p2a: Milotic|[spread] p2a,p2b\n|-supereffective|p2a: Milotic|1\n|-resisted|p2b: Sinistcha|1\n|-damage|p2a: Milotic|1/100 brn\n|-damage|p2b: Sinistcha|72/100 brn\n|\n|-heal|p1b: Milotic|55/100|[from] item: Leftovers\n|-damage|p2a: Milotic|0 fnt|[from] brn\n|faint|p2a: Milotic\n|-damage|p2b: Sinistcha|66/100 brn|[from] brn\n|upkeep\n|\n|t:|1776280005\n|switch|p2a: Kommo-o|Kommo-o, L50, M|100/100\n|turn|10\n|\n|t:|1776280024\n|switch|p1a: Incineroar|Incineroar, L50, M|100/100\n|-ability|p1a: Incineroar|Intimidate|boost\n|-unboost|p2a: Kommo-o|atk|1\n|-unboost|p2b: Sinistcha|atk|1\n|move|p2a: Kommo-o|Clangorous Soul|p2a: Kommo-o\n|-boost|p2a: Kommo-o|atk|1\n|-boost|p2a: Kommo-o|def|1\n|-boost|p2a: Kommo-o|spa|1\n|-boost|p2a: Kommo-o|spd|1\n|-boost|p2a: Kommo-o|spe|1\n|-damage|p2a: Kommo-o|68/100\n|move|p1b: Milotic|Icy Wind|p2b: Sinistcha|[spread] p2a,p2b\n|-supereffective|p2a: Kommo-o|1\n|-supereffective|p2b: Sinistcha|1\n|-damage|p2a: Kommo-o|53/100\n|-damage|p2b: Sinistcha|45/100 brn\n|-unboost|p2a: Kommo-o|spe|1\n|-unboost|p2b: Sinistcha|spe|1\n|move|p2b: Sinistcha|Life Dew|p2b: Sinistcha|[spread] p2a,p2b\n|-heal|p2a: Kommo-o|78/100\n|-heal|p2b: Sinistcha|71/100 brn\n|\n|-heal|p2a: Kommo-o|84/100|[from] item: Leftovers\n|-heal|p1b: Milotic|61/100|[from] item: Leftovers\n|-damage|p2b: Sinistcha|65/100 brn|[from] brn\n|upkeep\n|turn|11\n|inactive|Astraision has 30 seconds left.\n|\n|t:|1776280049\n|move|p2a: Kommo-o|Protect|p2a: Kommo-o\n|-singleturn|p2a: Kommo-o|Protect\n|move|p2b: Sinistcha|Protect|p2b: Sinistcha\n|-singleturn|p2b: Sinistcha|Protect\n|move|p1b: Milotic|Icy Wind|p2b: Sinistcha|[spread] \n|-activate|p2a: Kommo-o|move: Protect\n|-activate|p2b: Sinistcha|move: Protect\n|move|p1a: Incineroar|Snarl|p2a: Kommo-o|[spread] \n|-activate|p2a: Kommo-o|move: Protect\n|-activate|p2b: Sinistcha|move: Protect\n|\n|-heal|p2a: Kommo-o|90/100|[from] item: Leftovers\n|-heal|p1b: Milotic|67/100|[from] item: Leftovers\n|-damage|p2b: Sinistcha|58/100 brn|[from] brn\n|upkeep\n|turn|12\n|\n|t:|1776280070\n|switch|p1a: Sinistcha|Sinistcha, L50|100/100\n|-heal|p1b: Milotic|92/100|[from] ability: Hospitality|[of] p1a: Sinistcha\n|move|p2a: Kommo-o|Clangorous Soul|p2a: Kommo-o\n|-boost|p2a: Kommo-o|atk|1\n|-boost|p2a: Kommo-o|def|1\n|-boost|p2a: Kommo-o|spa|1\n|-boost|p2a: Kommo-o|spd|1\n|-boost|p2a: Kommo-o|spe|1\n|-damage|p2a: Kommo-o|57/100\n|move|p1b: Milotic|Icy Wind|p2a: Kommo-o|[spread] p2a,p2b\n|-supereffective|p2a: Kommo-o|1\n|-supereffective|p2b: Sinistcha|1\n|-damage|p2a: Kommo-o|47/100\n|-damage|p2b: Sinistcha|40/100 brn\n|-unboost|p2a: Kommo-o|spe|1\n|-unboost|p2b: Sinistcha|spe|1\n|move|p2b: Sinistcha|Life Dew|p2b: Sinistcha|[spread] p2a,p2b\n|-heal|p2a: Kommo-o|72/100\n|-heal|p2b: Sinistcha|66/100 brn\n|\n|-heal|p2a: Kommo-o|78/100|[from] item: Leftovers\n|-heal|p1b: Milotic|98/100|[from] item: Leftovers\n|-damage|p2b: Sinistcha|59/100 brn|[from] brn\n|upkeep\n|turn|13\n|inactive|ThrillsForThePils has 30 seconds left.\n|\n|t:|1776280100\n|move|p2a: Kommo-o|Protect|p2a: Kommo-o\n|-singleturn|p2a: Kommo-o|Protect\n|move|p2b: Sinistcha|Protect|p2b: Sinistcha\n|-singleturn|p2b: Sinistcha|Protect\n|move|p1b: Milotic|Icy Wind|p2b: Sinistcha|[spread] \n|-activate|p2a: Kommo-o|move: Protect\n|-activate|p2b: Sinistcha|move: Protect\n|move|p1a: Sinistcha|Matcha Gotcha|p2a: Kommo-o|[spread] \n|-activate|p2a: Kommo-o|move: Protect\n|-activate|p2b: Sinistcha|move: Protect\n|\n|-heal|p2a: Kommo-o|84/100|[from] item: Leftovers\n|-heal|p1b: Milotic|100/100|[from] item: Leftovers\n|-damage|p2b: Sinistcha|53/100 brn|[from] brn\n|upkeep\n|turn|14\n|\n|t:|1776280116\n|move|p1a: Sinistcha|Rage Powder|p1a: Sinistcha\n|-singleturn|p1a: Sinistcha|move: Rage Powder\n|move|p2a: Kommo-o|Clangorous Soul|p2a: Kommo-o\n|-boost|p2a: Kommo-o|atk|1\n|-boost|p2a: Kommo-o|def|1\n|-boost|p2a: Kommo-o|spa|1\n|-boost|p2a: Kommo-o|spd|1\n|-boost|p2a: Kommo-o|spe|1\n|-damage|p2a: Kommo-o|51/100\n|move|p1b: Milotic|Icy Wind|p2b: Sinistcha|[spread] p2a,p2b\n|-supereffective|p2a: Kommo-o|1\n|-crit|p2a: Kommo-o\n|-supereffective|p2b: Sinistcha|1\n|-damage|p2a: Kommo-o|19/100\n|-damage|p2b: Sinistcha|33/100 brn\n|-unboost|p2a: Kommo-o|spe|1\n|-unboost|p2b: Sinistcha|spe|1\n|move|p2b: Sinistcha|Life Dew|p2b: Sinistcha|[spread] p2a,p2b\n|-heal|p2a: Kommo-o|44/100\n|-heal|p2b: Sinistcha|58/100 brn\n|\n|-heal|p2a: Kommo-o|50/100|[from] item: Leftovers\n|-damage|p2b: Sinistcha|52/100 brn|[from] brn\n|upkeep\n|turn|15\n|\n|t:|1776280135\n|switch|p1a: Incineroar|Incineroar, L50, M|100/100\n|-ability|p1a: Incineroar|Intimidate|boost\n|-unboost|p2a: Kommo-o|atk|1\n|-unboost|p2b: Sinistcha|atk|1\n|move|p2a: Kommo-o|Protect|p2a: Kommo-o\n|-singleturn|p2a: Kommo-o|Protect\n|move|p2b: Sinistcha|Protect|p2b: Sinistcha\n|-singleturn|p2b: Sinistcha|Protect\n|move|p1b: Milotic|Icy Wind|p2b: Sinistcha|[spread] \n|-activate|p2a: Kommo-o|move: Protect\n|-activate|p2b: Sinistcha|move: Protect\n|\n|-heal|p2a: Kommo-o|56/100|[from] item: Leftovers\n|-damage|p2b: Sinistcha|46/100 brn|[from] brn\n|upkeep\n|turn|16\n|inactive|ThrillsForThePils has 30 seconds left.\n|inactive|ThrillsForThePils has 20 seconds left.\n|\n|t:|1776280173\n|move|p2a: Kommo-o|Clanging Scales|p1a: Incineroar|[spread] p1a,p1b\n|-damage|p1a: Incineroar|21/100\n|-damage|p1b: Milotic|40/100\n|-enditem|p1a: Incineroar|Sitrus Berry|[eat]\n|-heal|p1a: Incineroar|46/100|[from] item: Sitrus Berry\n|-unboost|p2a: Kommo-o|def|1\n|move|p1b: Milotic|Icy Wind|p2b: Sinistcha|[spread] p2a,p2b\n|-supereffective|p2a: Kommo-o|1\n|-supereffective|p2b: Sinistcha|1\n|-damage|p2a: Kommo-o|46/100\n|-damage|p2b: Sinistcha|28/100 brn\n|-unboost|p2a: Kommo-o|spe|1\n|-unboost|p2b: Sinistcha|spe|1\n|move|p1a: Incineroar|Flare Blitz|p2b: Sinistcha\n|-supereffective|p2b: Sinistcha|1\n|-damage|p2b: Sinistcha|0 fnt\n|faint|p2b: Sinistcha\n|-damage|p1a: Incineroar|38/100|[from] Recoil\n|\n|-heal|p1b: Milotic|46/100|[from] item: Leftovers\n|-heal|p2a: Kommo-o|53/100|[from] item: Leftovers\n|upkeep\n|\n|t:|1776280185\n|switch|p2b: Aggron|Aggron-Mega, L50, F|100/100\n|turn|17\n|\n|t:|1776280196\n|move|p1b: Milotic|Icy Wind|p2a: Kommo-o|[spread] p2a,p2b\n|-supereffective|p2a: Kommo-o|1\n|-resisted|p2b: Aggron|1\n|-damage|p2a: Kommo-o|43/100\n|-damage|p2b: Aggron|96/100\n|-unboost|p2a: Kommo-o|spe|1\n|-unboost|p2b: Aggron|spe|1\n|move|p1a: Incineroar|Parting Shot|p2a: Kommo-o\n|-immune|p2a: Kommo-o|[from] ability: Soundproof\n|move|p2a: Kommo-o|Clanging Scales|p1a: Incineroar|[spread] p1a,p1b\n|-damage|p1a: Incineroar|0 fnt\n|-damage|p1b: Milotic|0 fnt\n|faint|p1a: Incineroar\n|faint|p1b: Milotic\n|-unboost|p2a: Kommo-o|def|1\n|move|p2b: Aggron|Iron Defense|p2b: Aggron\n|-boost|p2b: Aggron|def|2\n|\n|-heal|p2a: Kommo-o|49/100|[from] item: Leftovers\n|upkeep\n|\n|t:|1776280208\n|switch|p1b: Sinistcha|Sinistcha, L50|100/100\n|switch|p1a: Scizor|Scizor-Mega, L50, M|97/100\n|-heal|p1a: Scizor|100/100|[from] ability: Hospitality|[of] p1b: Sinistcha\n|turn|18\n|\n|t:|1776280216\n|move|p2a: Kommo-o|Protect|p2a: Kommo-o\n|-singleturn|p2a: Kommo-o|Protect\n|move|p1b: Sinistcha|Rage Powder|p1b: Sinistcha\n|-singleturn|p1b: Sinistcha|move: Rage Powder\n|move|p1a: Scizor|Swords Dance|p1a: Scizor\n|-boost|p1a: Scizor|atk|2\n|move|p2b: Aggron|Body Press|p1b: Sinistcha\n|-immune|p1b: Sinistcha\n|\n|-heal|p2a: Kommo-o|55/100|[from] item: Leftovers\n|upkeep\n|turn|19\n|\n|t:|1776280227\n|move|p1b: Sinistcha|Rage Powder|p1b: Sinistcha\n|-singleturn|p1b: Sinistcha|move: Rage Powder\n|move|p1a: Scizor|Bullet Punch|p2a: Kommo-o\n|-damage|p2a: Kommo-o|12/100\n|move|p2a: Kommo-o|Clanging Scales|p1a: Scizor|[spread] p1a,p1b\n|-resisted|p1a: Scizor|1\n|-damage|p1a: Scizor|60/100\n|-damage|p1b: Sinistcha|11/100\n|-unboost|p2a: Kommo-o|def|1\n|move|p2b: Aggron|Iron Defense|p2b: Aggron\n|-boost|p2b: Aggron|def|2\n|\n|-heal|p2a: Kommo-o|19/100|[from] item: Leftovers\n|upkeep\n|turn|20\n|\n|t:|1776280242\n|move|p1b: Sinistcha|Protect|p1b: Sinistcha\n|-singleturn|p1b: Sinistcha|Protect\n|move|p2a: Kommo-o|Protect|p2a: Kommo-o\n|-singleturn|p2a: Kommo-o|Protect\n|move|p1a: Scizor|Bullet Punch|p2a: Kommo-o\n|-activate|p2a: Kommo-o|move: Protect\n|move|p2b: Aggron|Heavy Slam|p1b: Sinistcha\n|-activate|p1b: Sinistcha|move: Protect\n|\n|-heal|p2a: Kommo-o|25/100|[from] item: Leftovers\n|upkeep\n|turn|21\n|inactive|ThrillsForThePils has 30 seconds left.\n|inactive|ThrillsForThePils has 20 seconds left.\n|\n|t:|1776280257\n|move|p2a: Kommo-o|Protect||[still]\n|-fail|p2a: Kommo-o\n|move|p1a: Scizor|Bullet Punch|p2a: Kommo-o\n|-damage|p2a: Kommo-o|0 fnt\n|faint|p2a: Kommo-o\n|move|p1b: Sinistcha|Matcha Gotcha|p2b: Aggron\n|-resisted|p2b: Aggron|1\n|-damage|p2b: Aggron|82/100\n|-heal|p1b: Sinistcha|18/100|[from] drain|[of] p2b: Aggron\n|move|p2b: Aggron|Heavy Slam|p1b: Sinistcha\n|-damage|p1b: Sinistcha|0 fnt\n|faint|p1b: Sinistcha\n|\n|upkeep\n|turn|22\n|inactive|ThrillsForThePils has 20 seconds left this turn.\n|inactive|ThrillsForThePils has 15 seconds left.\n|inactive|ThrillsForThePils has 10 seconds left.\n|inactive|ThrillsForThePils has 5 seconds left.\n|\n|t:|1776280273\n|move|p1a: Scizor|Protect|p1a: Scizor\n|-singleturn|p1a: Scizor|Protect\n|move|p2b: Aggron|Body Press|p1a: Scizor\n|-activate|p1a: Scizor|move: Protect\n|\n|upkeep\n|turn|23\n|inactive|ThrillsForThePils has 5 seconds left this turn.\n|-message|ThrillsForThePils lost due to inactivity.\n|\n|win|Astraision\n|raw|ThrillsForThePils's rating: 1300 &rarr; <strong>1281</strong><br />(-19 for losing)\n|raw|Astraision's rating: 1390 &rarr; <strong>1405</strong><br />(+15 for winning)\n|c|\u2606Astraision|GG\n|l|\u2606ThrillsForThePils\n|player|p1|\n",
  "uploadtime": 1776280296,
  "views": 25,
  "formatid": "gen9championsvgc2026regma",
  "rating": 1281,
  "private": 0,
  "password": null
}