{
  "id": "gen9championsvgc2026regma-2582791639",
  "format": "[Gen 9 Champions] VGC 2026 Reg M-A",
  "players": [
    "loklastaji",
    "pevere1l"
  ],
  "log": "|j|\u2606loklastaji\n|j|\u2606pevere1l\n|t:|1776114436\n|gametype|doubles\n|player|p1|loklastaji|102|1314\n|player|p2|pevere1l|steven|1318\n|gen|9\n|tier|[Gen 9 Champions] VGC 2026 Reg M-A\n|rated|\n|rule|Species Clause: Limit one of each Pok\u00e9mon\n|rule|Item Clause: Limit 1 of each item\n|clearpoke\n|poke|p1|Samurott-Hisui, L50, M|\n|poke|p1|Mamoswine, L50, F|\n|poke|p1|Delphox, L50, M|\n|poke|p1|Tsareena, L50, F|\n|poke|p1|Corviknight, L50, F|\n|poke|p1|Altaria, L50, M|\n|poke|p2|Sneasler, L50, M|\n|poke|p2|Froslass, L50, F|\n|poke|p2|Incineroar, L50, F|\n|poke|p2|Basculegion, L50, M|\n|poke|p2|Aerodactyl, L50, M|\n|poke|p2|Milotic, L50, M|\n|teampreview|4\n|inactive|Battle timer is ON: inactive players will automatically lose when time's up. (requested by pevere1l)\n|inactive|loklastaji has 60 seconds left.\n|inactive|loklastaji has 30 seconds left.\n|\n|t:|1776114498\n|teamsize|p1|4\n|teamsize|p2|4\n|start\n|switch|p1a: Samurott|Samurott-Hisui, L50, M|100/100\n|switch|p1b: Corviknight|Corviknight, L50, F|100/100\n|switch|p2a: Sneasler|Sneasler, L50, M|100/100\n|switch|p2b: Incineroar|Incineroar, L50, F|100/100\n|-ability|p2b: Incineroar|Intimidate|boost\n|-unboost|p1a: Samurott|atk|1\n|-ability|p1b: Corviknight|Mirror Armor\n|-unboost|p2b: Incineroar|atk|1\n|-enditem|p1a: Samurott|White Herb\n|-clearnegativeboost|p1a: Samurott|[silent]\n|turn|1\n|inactive|loklastaji has 30 seconds left.\n|inactive|loklastaji has 20 seconds left.\n|inactive|loklastaji has 15 seconds left.\n|\n|t:|1776114539\n|switch|p1a: Delphox|Delphox, L50, M|100/100\n|move|p2b: Incineroar|Fake Out|p1b: Corviknight\n|-resisted|p1b: Corviknight|1\n|-damage|p1b: Corviknight|97/100\n|move|p2a: Sneasler|Close Combat|p1a: Delphox\n|-resisted|p1a: Delphox|1\n|-damage|p1a: Delphox|48/100\n|-unboost|p2a: Sneasler|def|1\n|-unboost|p2a: Sneasler|spd|1\n|-enditem|p2a: Sneasler|White Herb\n|-clearnegativeboost|p2a: Sneasler|[silent]\n|cant|p1b: Corviknight|flinch\n|\n|-heal|p1b: Corviknight|100/100|[from] item: Leftovers\n|upkeep\n|turn|2\n|inactive|loklastaji has 30 seconds left.\n|inactive|loklastaji has 20 seconds left.\n|\n|t:|1776114574\n|switch|p1a: Samurott|Samurott-Hisui, L50, M|100/100\n|move|p2a: Sneasler|Protect|p2a: Sneasler\n|-singleturn|p2a: Sneasler|Protect\n|move|p1b: Corviknight|Tailwind|p1b: Corviknight\n|-sidestart|p1: loklastaji|move: Tailwind\n|move|p2b: Incineroar|Darkest Lariat|p1a: Samurott\n|-resisted|p1a: Samurott|1\n|-damage|p1a: Samurott|87/100\n|\n|upkeep\n|turn|3\n|\n|t:|1776114588\n|switch|p2b: Milotic|Milotic, L50, M|100/100\n|move|p2a: Sneasler|Close Combat|p1a: Samurott\n|-supereffective|p1a: Samurott|1\n|-damage|p1a: Samurott|0 fnt\n|-unboost|p2a: Sneasler|def|1\n|-unboost|p2a: Sneasler|spd|1\n|faint|p1a: Samurott\n|move|p1b: Corviknight|Brave Bird|p2a: Sneasler\n|-supereffective|p2a: Sneasler|1\n|-damage|p2a: Sneasler|0 fnt\n|faint|p2a: Sneasler\n|-damage|p1b: Corviknight|70/100|[from] Recoil\n|\n|-heal|p1b: Corviknight|76/100|[from] item: Leftovers\n|upkeep\n|inactive|pevere1l has 30 seconds left.\n|\n|t:|1776114615\n|switch|p2a: Incineroar|Incineroar, L50, F|100/100\n|switch|p1a: Tsareena|Tsareena, L50, F|100/100\n|-ability|p2a: Incineroar|Intimidate|boost\n|-unboost|p1a: Tsareena|atk|1\n|-ability|p1b: Corviknight|Mirror Armor\n|-unboost|p2a: Incineroar|atk|1\n|turn|4\n|\n|t:|1776114630\n|move|p2b: Milotic|Protect|p2b: Milotic\n|-singleturn|p2b: Milotic|Protect\n|move|p1a: Tsareena|Power Whip|p2b: Milotic\n|-activate|p2b: Milotic|move: Protect\n|move|p1b: Corviknight|Brave Bird|p2a: Incineroar\n|-damage|p2a: Incineroar|56/100\n|-damage|p1b: Corviknight|59/100|[from] Recoil\n|move|p2a: Incineroar|Flare Blitz|p1a: Tsareena\n|-supereffective|p1a: Tsareena|1\n|-damage|p1a: Tsareena|27/100\n|-damage|p2a: Incineroar|38/100|[from] Recoil\n|-enditem|p2a: Incineroar|Sitrus Berry|[eat]\n|-heal|p2a: Incineroar|63/100|[from] item: Sitrus Berry\n|\n|-heal|p1b: Corviknight|65/100|[from] item: Leftovers\n|upkeep\n|turn|5\n|\n|t:|1776114651\n|switch|p2b: Froslass|Froslass, L50, F|100/100\n|move|p1a: Tsareena|Power Whip|p2b: Froslass\n|-damage|p2b: Froslass|30/100\n|-start|p1a: Tsareena|Disable|Power Whip|[from] ability: Cursed Body|[of] p2b: Froslass\n|move|p1b: Corviknight|Brave Bird|p2b: Froslass\n|-damage|p2b: Froslass|0 fnt\n|faint|p2b: Froslass\n|-damage|p1b: Corviknight|56/100|[from] Recoil\n|move|p2a: Incineroar|Flare Blitz|p1a: Tsareena\n|-supereffective|p1a: Tsareena|1\n|-damage|p1a: Tsareena|0 fnt\n|faint|p1a: Tsareena\n|-damage|p2a: Incineroar|56/100|[from] Recoil\n|\n|-heal|p1b: Corviknight|62/100|[from] item: Leftovers\n|-sideend|p1: loklastaji|move: Tailwind\n|upkeep\n|\n|t:|1776114671\n|switch|p2b: Milotic|Milotic, L50, M|100/100\n|switch|p1a: Delphox|Delphox, L50, M|48/100\n|turn|6\n|\n|t:|1776114681\n|move|p1a: Delphox|Protect|p1a: Delphox\n|-singleturn|p1a: Delphox|Protect\n|move|p1b: Corviknight|Brave Bird|p2a: Incineroar\n|-damage|p2a: Incineroar|16/100\n|-damage|p1b: Corviknight|46/100|[from] Recoil\n|move|p2b: Milotic|Icy Wind|p1a: Delphox|[spread] p1b\n|-activate|p1a: Delphox|move: Protect\n|-damage|p1b: Corviknight|36/100\n|-ability|p1b: Corviknight|Mirror Armor\n|-unboost|p2b: Milotic|spe|1\n|-ability|p2b: Milotic|Competitive|boost\n|-boost|p2b: Milotic|spa|2\n|move|p2a: Incineroar|Darkest Lariat|p1a: Delphox\n|-activate|p1a: Delphox|move: Protect\n|\n|-heal|p1b: Corviknight|42/100|[from] item: Leftovers\n|upkeep\n|turn|7\n|inactive|loklastaji has 30 seconds left.\n|\n|t:|1776114711\n|detailschange|p1a: Delphox|Delphox-Mega, L50, M\n|-mega|p1a: Delphox|Delphox|Delphoxite\n|move|p1a: Delphox|Grass Knot|p2b: Milotic\n|-supereffective|p2b: Milotic|1\n|-damage|p2b: Milotic|54/100\n|move|p1b: Corviknight|Brave Bird|p2a: Incineroar\n|-damage|p2a: Incineroar|0 fnt\n|faint|p2a: Incineroar\n|-damage|p1b: Corviknight|35/100|[from] Recoil\n|move|p2b: Milotic|Scald|p1a: Delphox\n|-supereffective|p1a: Delphox|1\n|-crit|p1a: Delphox\n|-damage|p1a: Delphox|0 fnt\n|faint|p1a: Delphox\n|\n|-heal|p1b: Corviknight|41/100|[from] item: Leftovers\n|-heal|p2b: Milotic|60/100|[from] item: Leftovers\n|upkeep\n|turn|8\n|\n|t:|1776114731\n|move|p1b: Corviknight|Brave Bird|p2b: Milotic\n|-damage|p2b: Milotic|9/100\n|-damage|p1b: Corviknight|21/100|[from] Recoil\n|move|p2b: Milotic|Scald|p1b: Corviknight\n|-damage|p1b: Corviknight|0 fnt\n|faint|p1b: Corviknight\n|\n|win|pevere1l\n|raw|loklastaji's rating: 1291 &rarr; <strong>1268</strong><br />(-23 for losing)\n|raw|pevere1l's rating: 1318 &rarr; <strong>1336</strong><br />(+18 for winning)\n",
  "uploadtime": 1776114740,
  "views": 37,
  "formatid": "gen9championsvgc2026regma",
  "rating": 1268,
  "private": 0,
  "password": null
}