{
  "id": "gen9championsvgc2026regma-2583849375",
  "format": "[Gen 9 Champions] VGC 2026 Reg M-A",
  "players": [
    "Poromore",
    "Pandyc"
  ],
  "log": "|j|\u2606Poromore\n|j|\u2606Pandyc\n|t:|1776202518\n|gametype|doubles\n|player|p1|Poromore|lance|1122\n|player|p2|Pandyc|caitlin|1210\n|gen|9\n|tier|[Gen 9 Champions] VGC 2026 Reg M-A\n|rated|\n|rule|Species Clause: Limit one of each Pok\u00e9mon\n|rule|Item Clause: Limit 1 of each item\n|clearpoke\n|poke|p1|Heracross, L50, M|\n|poke|p1|Typhlosion-Hisui, L50, M|\n|poke|p1|Conkeldurr, L50, M|\n|poke|p1|Aerodactyl, L50, F|\n|poke|p1|Basculegion, L50, M|\n|poke|p1|Hydrapple, L50, F|\n|poke|p2|Gardevoir, L50, F|\n|poke|p2|Incineroar, L50, M|\n|poke|p2|Sinistcha, L50|\n|poke|p2|Garchomp, L50, M|\n|poke|p2|Rotom-Wash, L50|\n|poke|p2|Aerodactyl, L50, F|\n|teampreview|4\n|inactive|Battle timer is ON: inactive players will automatically lose when time's up. (requested by Poromore)\n|inactive|Poromore has 60 seconds left.\n|inactive|Pandyc has 60 seconds left.\n|inactive|Pandyc has 30 seconds left.\n|inactive|Pandyc has 20 seconds left.\n|inactive|Pandyc has 15 seconds left.\n|inactive|Pandyc has 10 seconds left.\n|inactive|Pandyc has 5 seconds left.\n|\n|t:|1776202610\n|teamsize|p1|4\n|teamsize|p2|4\n|start\n|switch|p1a: Hydrapple|Hydrapple, L50, F|100/100\n|switch|p1b: Typhlosion|Typhlosion-Hisui, L50, M|100/100\n|switch|p2a: Incineroar|Incineroar, L50, M|100/100\n|switch|p2b: Gardevoir|Gardevoir, L50, F|100/100\n|-item|p2a: Incineroar|Passho Berry|[from] ability: Frisk|[of] p1b: Typhlosion\n|-item|p2b: Gardevoir|Gardevoirite|[from] ability: Frisk|[of] p1b: Typhlosion\n|-ability|p2a: Incineroar|Intimidate|boost\n|-unboost|p1a: Hydrapple|atk|1\n|-unboost|p1b: Typhlosion|atk|1\n|-ability|p1a: Hydrapple|Supersweet Syrup\n|-unboost|p2a: Incineroar|evasion|1\n|-unboost|p2b: Gardevoir|evasion|1\n|turn|1\n|inactive|Poromore has 30 seconds left.\n|inactive|Pandyc has 30 seconds left.\n|inactive|Pandyc has 20 seconds left.\n|inactive|Poromore has 20 seconds left.\n|inactive|Pandyc has 15 seconds left.\n|inactive|Poromore has 15 seconds left.\n|\n|t:|1776202655\n|switch|p1b: Basculegion|Basculegion, L50, M|100/100\n|move|p2b: Gardevoir|Protect|p2b: Gardevoir\n|-singleturn|p2b: Gardevoir|Protect\n|move|p2a: Incineroar|Throat Chop|p1b: Basculegion\n|-supereffective|p1b: Basculegion|1\n|-damage|p1b: Basculegion|26/100\n|-start|p1b: Basculegion|Throat Chop|[silent]\n|move|p1a: Hydrapple|Nasty Plot|p1a: Hydrapple\n|-boost|p1a: Hydrapple|spa|2\n|\n|-heal|p1b: Basculegion|33/100|[from] item: Leftovers\n|upkeep\n|turn|2\n|inactive|Pandyc has 30 seconds left.\n|inactive|Pandyc has 20 seconds left.\n|inactive|Pandyc has 15 seconds left.\n|\n|t:|1776202698\n|switch|p2b: Sinistcha|Sinistcha, L50|100/100\n|move|p1b: Basculegion|Protect|p1b: Basculegion\n|-singleturn|p1b: Basculegion|Protect\n|move|p2a: Incineroar|Throat Chop|p1b: Basculegion\n|-activate|p1b: Basculegion|move: Protect\n|move|p1a: Hydrapple|Energy Ball|p2b: Sinistcha\n|-resisted|p2b: Sinistcha|1\n|-damage|p2b: Sinistcha|54/100\n|\n|-heal|p1b: Basculegion|39/100|[from] item: Leftovers\n|-end|p1b: Basculegion|Throat Chop|[silent]\n|upkeep\n|turn|3\n|\n|t:|1776202722\n|switch|p1b: Heracross|Heracross, L50, M|100/100\n|move|p2b: Sinistcha|Matcha Gotcha|p1b: Heracross|[spread] p1a,p1b\n|-resisted|p1a: Hydrapple|2\n|-resisted|p1b: Heracross|1\n|-damage|p1a: Hydrapple|95/100\n|-heal|p2b: Sinistcha|58/100|[from] drain|[of] p1a: Hydrapple\n|-damage|p1b: Heracross|88/100\n|-heal|p2b: Sinistcha|65/100|[from] drain|[of] p1b: Heracross\n|-status|p1a: Hydrapple|brn\n|move|p2a: Incineroar|Throat Chop|p1b: Heracross\n|-resisted|p1b: Heracross|1\n|-damage|p1b: Heracross|67/100\n|-start|p1b: Heracross|Throat Chop|[silent]\n|move|p1a: Hydrapple|Earth Power|p2a: Incineroar\n|-supereffective|p2a: Incineroar|1\n|-damage|p2a: Incineroar|0 fnt\n|faint|p2a: Incineroar\n|\n|-damage|p1a: Hydrapple|89/100 brn|[from] brn\n|upkeep\n|\n|t:|1776202742\n|switch|p2a: Gardevoir|Gardevoir, L50, F|100/100\n|turn|4\n|inactive|Poromore has 30 seconds left.\n|inactive|Pandyc has 30 seconds left.\n|inactive|Pandyc has 20 seconds left.\n|\n|t:|1776202779\n|detailschange|p2a: Gardevoir|Gardevoir-Mega, L50, F\n|-mega|p2a: Gardevoir|Gardevoir|Gardevoirite\n|move|p1b: Heracross|Protect|p1b: Heracross\n|-singleturn|p1b: Heracross|Protect\n|move|p2b: Sinistcha|Rage Powder|p2b: Sinistcha\n|-singleturn|p2b: Sinistcha|move: Rage Powder\n|move|p2a: Gardevoir|Hyper Voice|p1b: Heracross|[spread] p1a\n|-activate|p1b: Heracross|move: Protect\n|-supereffective|p1a: Hydrapple|1\n|-damage|p1a: Hydrapple|0 fnt\n|faint|p1a: Hydrapple\n|\n|-end|p1b: Heracross|Throat Chop|[silent]\n|upkeep\n|\n|t:|1776202789\n|switch|p1a: Typhlosion|Typhlosion-Hisui, L50, M|100/100\n|-item|p2a: Gardevoir|Gardevoirite|[from] ability: Frisk|[of] p1a: Typhlosion\n|-item|p2b: Sinistcha|Coba Berry|[from] ability: Frisk|[of] p1a: Typhlosion\n|turn|5\n|inactive|Pandyc has 30 seconds left.\n|inactive|Pandyc has 20 seconds left.\n|inactive|Pandyc has 15 seconds left.\n|inactive|Pandyc has 10 seconds left.\n|inactive|Pandyc has 5 seconds left.\n|\n|t:|1776202842\n|move|p1a: Typhlosion|Eruption|p2a: Gardevoir|[spread] p2a,p2b\n|-supereffective|p2b: Sinistcha|1\n|-damage|p2a: Gardevoir|56/100\n|-damage|p2b: Sinistcha|0 fnt\n|faint|p2b: Sinistcha\n|move|p2a: Gardevoir|Hyper Voice|p1a: Typhlosion|[spread] p1a,p1b\n|-resisted|p1a: Typhlosion|1\n|-supereffective|p1b: Heracross|1\n|-damage|p1a: Typhlosion|70/100\n|-damage|p1b: Heracross|0 fnt\n|faint|p1b: Heracross\n|\n|upkeep\n|\n|t:|1776202850\n|switch|p1b: Basculegion|Basculegion, L50, M|39/100\n|switch|p2b: Rotom|Rotom-Wash, L50|100/100\n|turn|6\n|-message|Poromore forfeited.\n|\n|win|Pandyc\n|raw|Poromore's rating: 1122 &rarr; <strong>1103</strong><br />(-19 for losing)\n|raw|Pandyc's rating: 1210 &rarr; <strong>1229</strong><br />(+19 for winning)\n|l|\u2606Poromore\n|player|p1|\n",
  "uploadtime": 1776202862,
  "views": 19,
  "formatid": "gen9championsvgc2026regma",
  "rating": 1103,
  "private": 0,
  "password": null
}