{
  "id": "gen9championsvgc2026regma-2588520564",
  "format": "[Gen 9 Champions] VGC 2026 Reg M-A",
  "players": [
    "ImYoou",
    "sdlt 2krl coolguy"
  ],
  "log": "|j|\u2606ImYoou\n|j|\u2606sdlt 2krl coolguy\n|t:|1776641149\n|gametype|doubles\n|player|p1|ImYoou|266|1315\n|player|p2|sdlt 2krl coolguy|leon-masters2|1226\n|gen|9\n|tier|[Gen 9 Champions] VGC 2026 Reg M-A\n|rated|\n|rule|Species Clause: Limit one of each Pok\u00e9mon\n|rule|Item Clause: Limit 1 of each item\n|clearpoke\n|poke|p1|Floette-Eternal, L50, F, shiny|\n|poke|p1|Garchomp, L50, M|\n|poke|p1|Incineroar, L50, M|\n|poke|p1|Rotom-Wash, L50|\n|poke|p1|Venusaur, L50, M|\n|poke|p1|Charizard, L50, F|\n|poke|p2|Floette-Eternal, L50, F|\n|poke|p2|Incineroar, L50, F|\n|poke|p2|Sinistcha, L50|\n|poke|p2|Garchomp, L50, F|\n|poke|p2|Sneasler, L50, M|\n|poke|p2|Kingambit, L50, F|\n|teampreview|4\n|inactive|Battle timer is ON: inactive players will automatically lose when time's up. (requested by sdlt 2krl coolguy)\n|\n|t:|1776641172\n|teamsize|p1|4\n|teamsize|p2|4\n|start\n|switch|p1a: Pin|Garchomp, L50, M|100/100\n|switch|p1b: Y Pan|Rotom-Wash, L50|100/100\n|switch|p2a: Floette|Floette-Eternal, L50, F|100/100\n|switch|p2b: Incineroar|Incineroar, L50, F|100/100\n|-ability|p2b: Incineroar|Intimidate|boost\n|-unboost|p1a: Pin|atk|1\n|-unboost|p1b: Y Pan|atk|1\n|-enditem|p1a: Pin|White Herb\n|-clearnegativeboost|p1a: Pin|[silent]\n|turn|1\n|\n|t:|1776641183\n|detailschange|p2a: Floette|Floette-Mega, L50, F\n|-mega|p2a: Floette|Floette|Floettite\n|-ability|p2a: Floette|Fairy Aura\n|move|p1a: Pin|Protect|p1a: Pin\n|-singleturn|p1a: Pin|Protect\n|move|p2b: Incineroar|Fake Out|p1a: Pin\n|-activate|p1a: Pin|move: Protect\n|move|p2a: Floette|Calm Mind|p2a: Floette\n|-boost|p2a: Floette|spa|1\n|-boost|p2a: Floette|spd|1\n|move|p1b: Y Pan|Discharge|p2b: Incineroar|[spread] p2a,p2b\n|-activate|p1a: Pin|move: Protect\n|-damage|p2a: Floette|88/100\n|-damage|p2b: Incineroar|75/100\n|-status|p2a: Floette|par\n|\n|upkeep\n|turn|2\n|inactive|ImYoou has 30 seconds left.\n|\n|t:|1776641217\n|move|p1a: Pin|Rock Slide|p2a: Floette|[spread] p2a,p2b\n|-supereffective|p2b: Incineroar|1\n|-damage|p2a: Floette|67/100 par\n|-damage|p2b: Incineroar|45/100\n|move|p1b: Y Pan|Volt Switch|p2a: Floette\n|-damage|p2a: Floette|51/100 par\n|\n|t:|1776641225\n|switch|p1b: Rosadita|Floette-Eternal, L50, F, shiny|100/100|[from] Volt Switch\n|move|p2b: Incineroar|Parting Shot|p1a: Pin\n|-unboost|p1a: Pin|atk|1\n|-unboost|p1a: Pin|spa|1\n|\n|t:|1776641230\n|switch|p2b: Sneasler|Sneasler, L50, M|100/100|[from] Parting Shot\n|move|p2a: Floette|Dazzling Gleam|p1b: Rosadita|[spread] p1a,p1b\n|-supereffective|p1a: Pin|1\n|-damage|p1a: Pin|0 fnt\n|-damage|p1b: Rosadita|41/100\n|faint|p1a: Pin\n|\n|upkeep\n|\n|t:|1776641240\n|switch|p1a: SayMyName|Incineroar, L50, M|100/100\n|-ability|p1a: SayMyName|Intimidate|boost\n|-unboost|p2a: Floette|atk|1\n|-unboost|p2b: Sneasler|atk|1\n|-enditem|p2b: Sneasler|White Herb\n|-clearnegativeboost|p2b: Sneasler|[silent]\n|turn|3\n|\n|t:|1776641246\n|detailschange|p1b: Rosadita|Floette-Mega, L50, F, shiny\n|-mega|p1b: Rosadita|Floette|Floettite\n|-ability|p1b: Rosadita|Fairy Aura\n|move|p2b: Sneasler|Protect|p2b: Sneasler\n|-singleturn|p2b: Sneasler|Protect\n|move|p1a: SayMyName|Fake Out|p2b: Sneasler\n|-activate|p2b: Sneasler|move: Protect\n|move|p1b: Rosadita|Calm Mind|p1b: Rosadita\n|-boost|p1b: Rosadita|spa|1\n|-boost|p1b: Rosadita|spd|1\n|cant|p2a: Floette|par\n|\n|upkeep\n|turn|4\n|inactive|ImYoou has 30 seconds left.\n|\n|t:|1776641271\n|move|p1a: SayMyName|Protect|p1a: SayMyName\n|-singleturn|p1a: SayMyName|Protect\n|move|p2b: Sneasler|Dire Claw|p1b: Rosadita\n|-supereffective|p1b: Rosadita|1\n|-damage|p1b: Rosadita|0 fnt\n|faint|p1b: Rosadita\n|move|p2a: Floette|Moonblast|p1a: SayMyName\n|-activate|p1a: SayMyName|move: Protect\n|\n|upkeep\n|\n|t:|1776641277\n|switch|p1b: Y Pan|Rotom-Wash, L50|100/100\n|turn|5\n|\n|t:|1776641287\n|move|p2b: Sneasler|Close Combat|p1a: SayMyName\n|-supereffective|p1a: SayMyName|1\n|-enditem|p1a: SayMyName|Chople Berry|[eat]\n|-enditem|p1a: SayMyName|Chople Berry|[weaken]\n|-damage|p1a: SayMyName|53/100\n|-unboost|p2b: Sneasler|def|1\n|-unboost|p2b: Sneasler|spd|1\n|move|p1b: Y Pan|Hydro Pump|p2b: Sneasler\n|-damage|p2b: Sneasler|2/100\n|move|p1a: SayMyName|Flare Blitz|p2a: Floette\n|-damage|p2a: Floette|4/100 par\n|-damage|p1a: SayMyName|39/100|[from] Recoil\n|move|p2a: Floette|Moonblast|p1b: Y Pan\n|-crit|p1b: Y Pan\n|-damage|p1b: Y Pan|0 fnt\n|faint|p1b: Y Pan\n|\n|upkeep\n|turn|6\n|\n|t:|1776641301\n|move|p2b: Sneasler|Close Combat|p1a: SayMyName\n|-supereffective|p1a: SayMyName|1\n|-damage|p1a: SayMyName|0 fnt\n|-unboost|p2b: Sneasler|def|1\n|-unboost|p2b: Sneasler|spd|1\n|faint|p1a: SayMyName\n|\n|win|sdlt 2krl coolguy\n|raw|ImYoou's rating: 1315 &rarr; <strong>1290</strong><br />(-25 for losing)\n|raw|sdlt 2krl coolguy's rating: 1226 &rarr; <strong>1257</strong><br />(+31 for winning)\n",
  "uploadtime": 1776641301,
  "views": 11,
  "formatid": "gen9championsvgc2026regma",
  "rating": 1257,
  "private": 0,
  "password": null
}