{
  "id": "gen9championsvgc2026regma-2585926596",
  "format": "[Gen 9 Champions] VGC 2026 Reg M-A",
  "players": [
    "justdandyguy",
    "bodhidelbarrio"
  ],
  "log": "|j|\u2606justdandyguy\n|j|\u2606bodhidelbarrio\n|t:|1776382127\n|gametype|doubles\n|player|p1|justdandyguy|noland-gen3|1300\n|player|p2|bodhidelbarrio|blackbelt|1343\n|gen|9\n|tier|[Gen 9 Champions] VGC 2026 Reg M-A\n|rated|\n|rule|Species Clause: Limit one of each Pok\u00e9mon\n|rule|Item Clause: Limit 1 of each item\n|clearpoke\n|poke|p1|Scizor, L50, F|\n|poke|p1|Froslass, L50, F|\n|poke|p1|Milotic, L50, M|\n|poke|p1|Arcanine-Hisui, L50, M|\n|poke|p1|Sneasler, L50, F|\n|poke|p1|Sinistcha, L50|\n|poke|p2|Torkoal, L50, M|\n|poke|p2|Farigiraf, L50, F|\n|poke|p2|Gallade, L50, M|\n|poke|p2|Charizard, L50, M|\n|poke|p2|Venusaur, L50, F|\n|poke|p2|Garchomp, L50, F|\n|teampreview|4\n|\n|t:|1776382156\n|teamsize|p1|4\n|teamsize|p2|4\n|start\n|switch|p1a: Scizor|Scizor, L50, F|100/100\n|switch|p1b: Arcanine|Arcanine-Hisui, L50, M|100/100\n|switch|p2a: Farigiraf|Farigiraf, L50, F|100/100\n|switch|p2b: Gallade|Gallade, L50, M|100/100\n|-ability|p1b: Arcanine|Intimidate|boost\n|-unboost|p2a: Farigiraf|atk|1\n|-unboost|p2b: Gallade|atk|1\n|-enditem|p2b: Gallade|White Herb\n|-clearnegativeboost|p2b: Gallade|[silent]\n|turn|1\n|\n|t:|1776382173\n|detailschange|p1a: Scizor|Scizor-Mega, L50, F\n|-mega|p1a: Scizor|Scizor|Scizorite\n|move|p1b: Arcanine|Flare Blitz|p2a: Farigiraf\n|-damage|p2a: Farigiraf|52/100\n|-status|p2a: Farigiraf|brn\n|-damage|p1b: Arcanine|81/100|[from] Recoil\n|move|p1a: Scizor|Bug Bite|p2a: Farigiraf\n|-supereffective|p2a: Farigiraf|1\n|-crit|p2a: Farigiraf\n|-damage|p2a: Farigiraf|0 fnt\n|-enditem|p2a: Farigiraf|Sitrus Berry|[from] stealeat|[move] Bug Bite|[of] p1a: Scizor\n|faint|p2a: Farigiraf\n|move|p2b: Gallade|Sacred Sword|p1b: Arcanine\n|-supereffective|p1b: Arcanine|1\n|-damage|p1b: Arcanine|0 fnt\n|faint|p1b: Arcanine\n|\n|upkeep\n|\n|t:|1776382187\n|switch|p1b: Sneasler|Sneasler, L50, F|100/100\n|switch|p2a: Charizard|Charizard, L50, M, shiny|100/100\n|turn|2\n|\n|t:|1776382203\n|move|p2a: Charizard|Protect|p2a: Charizard\n|-singleturn|p2a: Charizard|Protect\n|move|p1b: Sneasler|Fake Out|p2a: Charizard\n|-activate|p2a: Charizard|move: Protect\n|move|p1a: Scizor|Swords Dance|p1a: Scizor\n|-boost|p1a: Scizor|atk|2\n|move|p2b: Gallade|Trick Room|p2b: Gallade\n|-fieldstart|move: Trick Room|[of] p2b: Gallade\n|\n|upkeep\n|turn|3\n|\n|t:|1776382225\n|detailschange|p2a: Charizard|Charizard-Mega-Y, L50, M, shiny\n|-mega|p2a: Charizard|Charizard|Charizardite Y\n|-weather|SunnyDay|[from] ability: Drought|[of] p2a: Charizard\n|move|p1a: Scizor|Bullet Punch|p2b: Gallade\n|-damage|p2b: Gallade|6/100\n|move|p2b: Gallade|Psycho Cut|p1a: Scizor\n|-resisted|p1a: Scizor|1\n|-damage|p1a: Scizor|79/100\n|move|p2a: Charizard|Heat Wave|p1a: Scizor|[spread] p1b\n|-miss|p2a: Charizard|p1a: Scizor\n|-damage|p1b: Sneasler|16/100\n|move|p1b: Sneasler|Dire Claw|p2a: Charizard\n|-damage|p2a: Charizard|53/100\n|\n|-weather|SunnyDay|[upkeep]\n|upkeep\n|turn|4\n|\n|t:|1776382244\n|switch|p2b: Torkoal|Torkoal, L50, M|100/100\n|move|p1a: Scizor|Bullet Punch|p2a: Charizard\n|-resisted|p2a: Charizard|1\n|-damage|p2a: Charizard|7/100\n|move|p2a: Charizard|Heat Wave|p1b: Sneasler|[spread] p1a\n|-miss|p2a: Charizard|p1b: Sneasler\n|-supereffective|p1a: Scizor|2\n|-damage|p1a: Scizor|0 fnt\n|faint|p1a: Scizor\n|move|p1b: Sneasler|Dire Claw|p2b: Torkoal\n|-damage|p2b: Torkoal|71/100\n|\n|-weather|SunnyDay|[upkeep]\n|upkeep\n|\n|t:|1776382250\n|switch|p1a: Milotic|Milotic, L50, M|100/100\n|turn|5\n|\n|t:|1776382264\n|move|p2a: Charizard|Protect|p2a: Charizard\n|-singleturn|p2a: Charizard|Protect\n|move|p2b: Torkoal|Eruption|p1a: Milotic|[spread] p1a,p1b\n|-resisted|p1a: Milotic|1\n|-damage|p1a: Milotic|79/100\n|-damage|p1b: Sneasler|0 fnt\n|faint|p1b: Sneasler\n|move|p1a: Milotic|Coil|p1a: Milotic\n|-boost|p1a: Milotic|atk|1\n|-boost|p1a: Milotic|def|1\n|-boost|p1a: Milotic|accuracy|1\n|\n|-weather|SunnyDay|[upkeep]\n|-heal|p1a: Milotic|85/100|[from] item: Leftovers\n|upkeep\n|turn|6\n|\n|t:|1776382277\n|switch|p2a: Gallade|Gallade, L50, M|6/100\n|move|p2b: Torkoal|Earth Power|p1a: Milotic\n|-damage|p1a: Milotic|67/100\n|-unboost|p1a: Milotic|spd|1\n|-ability|p1a: Milotic|Competitive|boost\n|-boost|p1a: Milotic|spa|2\n|move|p1a: Milotic|Muddy Water|p2a: Gallade|[spread] p2a,p2b\n|-supereffective|p2b: Torkoal|1\n|-damage|p2a: Gallade|0 fnt\n|-damage|p2b: Torkoal|0 fnt\n|faint|p2a: Gallade\n|faint|p2b: Torkoal\n|\n|-weather|SunnyDay|[upkeep]\n|-heal|p1a: Milotic|73/100|[from] item: Leftovers\n|-fieldend|move: Trick Room\n|upkeep\n|\n|t:|1776382288\n|switch|p2b: Charizard|Charizard-Mega-Y, L50, M, shiny|7/100\n|turn|7\n|\n|t:|1776382291\n|move|p1a: Milotic|Protect|p1a: Milotic\n|-singleturn|p1a: Milotic|Protect\n|move|p2b: Charizard|Solar Beam||[still]\n|-prepare|p2b: Charizard|Solar Beam\n|-anim|p2b: Charizard|Solar Beam|p1a: Milotic\n|-activate|p1a: Milotic|move: Protect\n|\n|-weather|none\n|-heal|p1a: Milotic|79/100|[from] item: Leftovers\n|upkeep\n|turn|8\n|\n|t:|1776382295\n|move|p2b: Charizard|Overheat|p1a: Milotic\n|-resisted|p1a: Milotic|1\n|-damage|p1a: Milotic|43/100\n|-unboost|p2b: Charizard|spa|2\n|move|p1a: Milotic|Muddy Water|p2b: Charizard\n|-supereffective|p2b: Charizard|1\n|-damage|p2b: Charizard|0 fnt\n|faint|p2b: Charizard\n|\n|win|justdandyguy\n|raw|justdandyguy's rating: 1300 &rarr; <strong>1328</strong><br />(+28 for winning)\n|raw|bodhidelbarrio's rating: 1343 &rarr; <strong>1321</strong><br />(-22 for losing)\n",
  "uploadtime": 1776382299,
  "views": 36,
  "formatid": "gen9championsvgc2026regma",
  "rating": 1321,
  "private": 0,
  "password": null
}