{
  "id": "gen9championsvgc2026regma-2588963254",
  "format": "[Gen 9 Champions] VGC 2026 Reg M-A",
  "players": [
    "Tamejo",
    "lteg"
  ],
  "log": "|j|\u2606Tamejo\n|j|\u2606lteg\n|html|<table width=\"100%\"><tr><td align=\"left\">Tamejo</td><td align=\"right\">lteg</tr><tr><td align=\"left\"><i class=\"fa fa-circle\"></i> <i class=\"fa fa-circle-o\"></i> </td><td align=\"right\"><i class=\"fa fa-circle-o\"></i> <i class=\"fa fa-circle-o\"></i> </tr></table>\n|uhtml|bestof|<h2><strong>Game 2</strong> of <a href=\"/game-bestof3-gen9championsvgc2026regma-2588960560\">a best-of-3</a></h2>\n|t:|1776689899\n|gametype|doubles\n|player|p1|Tamejo|caitlin|\n|player|p2|lteg|leon|\n|gen|9\n|tier|[Gen 9 Champions] VGC 2026 Reg M-A\n|rated|Tournament battle\n|rule|Species Clause: Limit one of each Pok\u00e9mon\n|rule|Item Clause: Limit 1 of each item\n|raw|<div class=\"infobox\"><details class=\"readmore\" open><summary><strong>2 custom rules:</strong></summary> Force Open Team Sheets, Best of = 3</details></div>\n|clearpoke\n|poke|p1|Dragapult, L50, M|\n|poke|p1|Sylveon, L50, F|\n|poke|p1|Whimsicott, L50, F|\n|poke|p1|Glimmora, L50, F|\n|poke|p1|Charizard, L50, F|\n|poke|p1|Kingambit, L50, F|\n|poke|p2|Corviknight, L50, M, shiny|\n|poke|p2|Excadrill, L50, F|\n|poke|p2|Rotom-Wash, L50|\n|poke|p2|Tyranitar, L50, M|\n|poke|p2|Dragapult, L50, M|\n|poke|p2|Gyarados, L50, F|\n|teampreview|4\n|showteam|p1|Dragapult||ColburBerry|ClearBody|DragonDarts,PhantomForce,Uturn,Protect|||M|||50|]Sylveon||Leftovers|Pixilate|HyperVoice,MysticalFire,CalmMind,Protect|||F|||50|]Whimsicott||FocusSash|Prankster|Tailwind,Moonblast,Encore,SunnyDay|||F|||50|]Glimmora||Glimmoranite|ToxicDebris|PowerGem,SludgeBomb,EarthPower,SpikyShield|||F|||50|]Charizard||CharizarditeY|Blaze|HeatWave,WeatherBall,SolarBeam,Protect|||F|||50|]Kingambit||ChopleBerry|Defiant|KowtowCleave,SuckerPunch,IronHead,LowKick|||F|||50|\n|showteam|p2|Corviknight||Leftovers|MirrorArmor|Tailwind,Roost,DrillPeck,Uturn|||M|||50|]Excadrill||FocusSash|SandRush|RockSlide,IronHead,DrillRun,Protect|||F|||50|]Rotom-Wash||Magnet|Levitate|WillOWisp,VoltSwitch,Thunderbolt,ShadowBall||||||50|]Tyranitar||Tyranitarite|SandStream|RockSlide,Crunch,Protect,Facade|||M|||50|]Dragapult||DragonFang|ClearBody|DragonDarts,ThunderWave,Protect,SuckerPunch|||M|||50|]Gyarados||SitrusBerry|Intimidate|Waterfall,ThunderWave,HelpingHand,IcyWind|||F|||50|\n|inactive|Battle timer is ON: inactive players will automatically lose when time's up. (requested by lteg)\n|inactive|Tamejo has 60 seconds left.\n|\n|t:|1776689940\n|teamsize|p1|4\n|teamsize|p2|4\n|start\n|switch|p1a: Whimsicott|Whimsicott, L50, F|100/100\n|switch|p1b: Dragapult|Dragapult, L50, M|100/100\n|switch|p2a: Rotom|Rotom-Wash, L50|100/100\n|switch|p2b: Corviknight|Corviknight, L50, M, shiny|100/100\n|turn|1\n|\n|t:|1776689956\n|switch|p1a: Kingambit|Kingambit, L50, F|100/100\n|move|p1b: Dragapult|Phantom Force||[still]\n|-prepare|p1b: Dragapult|Phantom Force\n|move|p2a: Rotom|Volt Switch|p1a: Kingambit\n|-damage|p1a: Kingambit|64/100\n|\n|t:|1776689963\n|switch|p2a: Excadrill|Excadrill, L50, F|100/100|[from] Volt Switch\n|move|p2b: Corviknight|Tailwind|p2b: Corviknight\n|-sidestart|p2: lteg|move: Tailwind\n|\n|upkeep\n|turn|2\n|\n|t:|1776689980\n|switch|p2b: Tyranitar|Tyranitar, L50, M|100/100\n|-weather|Sandstorm|[from] ability: Sand Stream|[of] p2b: Tyranitar\n|switch|p1a: Whimsicott|Whimsicott, L50, F|100/100\n|move|p2a: Excadrill|Drill Run|p1a: Whimsicott\n|-resisted|p1a: Whimsicott|1\n|-damage|p1a: Whimsicott|74/100\n|move|p1b: Dragapult|Phantom Force|p2a: Excadrill|[from] lockedmove\n|-damage|p2a: Excadrill|40/100\n|\n|-weather|Sandstorm|[upkeep]\n|-damage|p1b: Dragapult|94/100|[from] Sandstorm\n|-damage|p1a: Whimsicott|68/100|[from] Sandstorm\n|upkeep\n|turn|3\n|inactive|Tamejo has 30 seconds left.\n|inactive|Tamejo has 20 seconds left.\n|inactive|Tamejo has 15 seconds left.\n|inactive|Tamejo has 10 seconds left.\n|inactive|Tamejo has 5 seconds left.\n|\n|t:|1776690031\n|move|p1a: Whimsicott|Encore|p2a: Excadrill\n|-start|p2a: Excadrill|Encore\n|move|p2a: Excadrill|Drill Run|p1a: Whimsicott\n|-resisted|p1a: Whimsicott|1\n|-damage|p1a: Whimsicott|38/100\n|move|p1b: Dragapult|Phantom Force||[still]\n|-prepare|p1b: Dragapult|Phantom Force\n|move|p2b: Tyranitar|Rock Slide|p1b: Dragapult|[spread] p1a\n|-miss|p2b: Tyranitar|p1b: Dragapult\n|-damage|p1a: Whimsicott|0 fnt\n|faint|p1a: Whimsicott\n|\n|-weather|Sandstorm|[upkeep]\n|-damage|p1b: Dragapult|88/100|[from] Sandstorm\n|upkeep\n|\n|t:|1776690048\n|switch|p1a: Glimmora|Glimmora, L50, F|100/100\n|turn|4\n|\n|t:|1776690058\n|switch|p2a: Corviknight|Corviknight, L50, M, shiny|100/100\n|move|p2b: Tyranitar|Protect|p2b: Tyranitar\n|-singleturn|p2b: Tyranitar|Protect\n|move|p1a: Glimmora|Spiky Shield|p1a: Glimmora\n|-singleturn|p1a: Glimmora|move: Protect\n|move|p1b: Dragapult|Phantom Force|p2a: Corviknight|[from] lockedmove\n|-damage|p2a: Corviknight|64/100\n|\n|-weather|Sandstorm|[upkeep]\n|-damage|p1b: Dragapult|82/100|[from] Sandstorm\n|-heal|p2a: Corviknight|69/100|[from] item: Leftovers\n|-sideend|p2: lteg|move: Tailwind\n|upkeep\n|turn|5\n|\n|t:|1776690076\n|switch|p2b: Rotom|Rotom-Wash, L50|100/100\n|detailschange|p1a: Glimmora|Glimmora-Mega, L50, F\n|-mega|p1a: Glimmora|Glimmora|Glimmoranite\n|move|p1b: Dragapult|Dragon Darts|p2b: Rotom\n|-damage|p2b: Rotom|70/100\n|-anim|p1b: Dragapult|Dragon Darts|p2a: Corviknight\n|-resisted|p2a: Corviknight|1\n|-damage|p2a: Corviknight|60/100\n|move|p1a: Glimmora|Power Gem|p2a: Corviknight\n|-damage|p2a: Corviknight|0 fnt\n|faint|p2a: Corviknight\n|\n|-weather|Sandstorm|[upkeep]\n|-damage|p1b: Dragapult|76/100|[from] Sandstorm\n|-damage|p2b: Rotom|64/100|[from] Sandstorm\n|upkeep\n|\n|t:|1776690092\n|switch|p2a: Tyranitar|Tyranitar, L50, M|100/100\n|turn|6\n|\n|t:|1776690106\n|detailschange|p2a: Tyranitar|Tyranitar-Mega, L50, M\n|-mega|p2a: Tyranitar|Tyranitar|Tyranitarite\n|move|p1b: Dragapult|Protect|p1b: Dragapult\n|-singleturn|p1b: Dragapult|Protect\n|move|p1a: Glimmora|Spiky Shield|p1a: Glimmora\n|-singleturn|p1a: Glimmora|move: Protect\n|move|p2b: Rotom|Thunderbolt|p1a: Glimmora\n|-activate|p1a: Glimmora|move: Protect\n|move|p2a: Tyranitar|Crunch|p1b: Dragapult\n|-activate|p1b: Dragapult|move: Protect\n|\n|-weather|none\n|upkeep\n|turn|7\n|\n|t:|1776690123\n|switch|p2a: Excadrill|Excadrill, L50, F|40/100\n|move|p1b: Dragapult|Dragon Darts|p2b: Rotom\n|-damage|p2b: Rotom|29/100\n|-anim|p1b: Dragapult|Dragon Darts|p2a: Excadrill\n|-resisted|p2a: Excadrill|1\n|-damage|p2a: Excadrill|22/100\n|move|p1a: Glimmora|Earth Power|p2a: Excadrill\n|-supereffective|p2a: Excadrill|1\n|-damage|p2a: Excadrill|0 fnt\n|faint|p2a: Excadrill\n|move|p2b: Rotom|Shadow Ball|p1b: Dragapult\n|-supereffective|p1b: Dragapult|1\n|-damage|p1b: Dragapult|4/100\n|\n|upkeep\n|\n|t:|1776690136\n|switch|p2a: Tyranitar|Tyranitar-Mega, L50, M|100/100\n|-weather|Sandstorm|[from] ability: Sand Stream|[of] p2a: Tyranitar\n|turn|8\n|\n|t:|1776690147\n|move|p2a: Tyranitar|Protect|p2a: Tyranitar\n|-singleturn|p2a: Tyranitar|Protect\n|move|p1b: Dragapult|Dragon Darts|p2b: Rotom\n|-damage|p2b: Rotom|0 fnt\n|faint|p2b: Rotom\n|move|p1a: Glimmora|Earth Power|p2a: Tyranitar\n|-activate|p2a: Tyranitar|move: Protect\n|\n|-weather|Sandstorm|[upkeep]\n|-damage|p1b: Dragapult|0 fnt|[from] Sandstorm\n|faint|p1b: Dragapult\n|upkeep\n|\n|t:|1776690152\n|switch|p1b: Kingambit|Kingambit, L50, F|64/100\n|turn|9\n|-message|lteg forfeited.\n|\n|win|Tamejo\n|l|\u2606lteg\n|player|p2|\n|c|\u2606Tamejo|Gg\n",
  "uploadtime": 1776690168,
  "views": 1,
  "formatid": "gen9championsvgc2026regma",
  "rating": null,
  "private": 0,
  "password": null
}