{
  "id": "gen9championsvgc2026regma-2586950427",
  "format": "[Gen 9 Champions] VGC 2026 Reg M-A",
  "players": [
    "Wo-Chien<3",
    "goomygoner"
  ],
  "log": "|j|\u2606Wo-Chien<3\n|j|\u2606goomygoner\n|t:|1776474846\n|gametype|doubles\n|player|p1|Wo-Chien<3|miku-ground|1328\n|player|p2|goomygoner|boarder|1294\n|gen|9\n|tier|[Gen 9 Champions] VGC 2026 Reg M-A\n|rated|\n|rule|Species Clause: Limit one of each Pok\u00e9mon\n|rule|Item Clause: Limit 1 of each item\n|clearpoke\n|poke|p1|Froslass, L50, F|\n|poke|p1|Rotom-Frost, L50|\n|poke|p1|Sneasler, L50, F|\n|poke|p1|Kingambit, L50, F|\n|poke|p1|Garchomp, L50, F|\n|poke|p1|Aerodactyl, L50, F|\n|poke|p2|Aerodactyl, L50, F|\n|poke|p2|Sneasler, L50, M|\n|poke|p2|Milotic, L50, M|\n|poke|p2|Garchomp, L50, F|\n|poke|p2|Gengar, L50, F|\n|poke|p2|Rotom-Heat, L50|\n|teampreview|4\n|inactive|Battle timer is ON: inactive players will automatically lose when time's up. (requested by goomygoner)\n|inactive|Wo-Chien<3 has 60 seconds left.\n|\n|t:|1776474887\n|teamsize|p1|4\n|teamsize|p2|4\n|start\n|switch|p1a: Aerodactyl|Aerodactyl, L50, F|100/100\n|switch|p1b: Froslass|Froslass, L50, F|100/100\n|switch|p2a: Gengar|Gengar, L50, F|100/100\n|switch|p2b: Milotic|Milotic, L50, M|100/100\n|-ability|p1a: Aerodactyl|Unnerve\n|turn|1\n|inactive|goomygoner has 30 seconds left.\n|\n|t:|1776474914\n|switch|p2a: Rotom|Rotom-Heat, L50|100/100\n|detailschange|p1b: Froslass|Froslass-Mega, L50, F\n|-mega|p1b: Froslass|Froslass|Froslassite\n|-weather|Snowscape|[from] ability: Snow Warning|[of] p1b: Froslass\n|move|p1a: Aerodactyl|Tailwind|p1a: Aerodactyl\n|-sidestart|p1: Wo-Chien<3|move: Tailwind\n|move|p1b: Froslass|Substitute|p1b: Froslass\n|-start|p1b: Froslass|Substitute\n|-damage|p1b: Froslass|76/100\n|move|p2b: Milotic|Icy Wind|p1b: Froslass|[spread] p1a,p1b\n|-resisted|p1b: Froslass|1\n|-activate|p1b: Froslass|move: Substitute|[damage]\n|-supereffective|p1a: Aerodactyl|1\n|-damage|p1a: Aerodactyl|62/100\n|-unboost|p1a: Aerodactyl|spe|1\n|\n|-weather|Snowscape|[upkeep]\n|upkeep\n|turn|2\n|\n|t:|1776474937\n|switch|p2a: Sneasler|Sneasler, L50, M|100/100\n|move|p1b: Froslass|Shadow Ball|p2b: Milotic\n|-damage|p2b: Milotic|70/100\n|move|p1a: Aerodactyl|Rock Slide|p2a: Sneasler|[spread] p2a,p2b\n|-resisted|p2a: Sneasler|1\n|-damage|p2a: Sneasler|79/100\n|-damage|p2b: Milotic|46/100\n|move|p2b: Milotic|Muddy Water|p1b: Froslass|[spread] p1a,p1b\n|-end|p1b: Froslass|Substitute\n|-supereffective|p1a: Aerodactyl|1\n|-damage|p1a: Aerodactyl|0 fnt\n|faint|p1a: Aerodactyl\n|\n|-weather|Snowscape|[upkeep]\n|-heal|p2b: Milotic|52/100|[from] item: Leftovers\n|upkeep\n|\n|t:|1776474946\n|switch|p1a: Rotom|Rotom-Frost, L50|100/100\n|turn|3\n|\n|t:|1776474956\n|move|p2a: Sneasler|Fake Out|p1a: Rotom\n|-damage|p1a: Rotom|88/100\n|cant|p1a: Rotom|flinch\n|move|p1b: Froslass|Blizzard|p2a: Sneasler|[spread] p2a,p2b\n|-resisted|p2b: Milotic|1\n|-crit|p2b: Milotic\n|-damage|p2a: Sneasler|24/100\n|-damage|p2b: Milotic|28/100\n|move|p2b: Milotic|Muddy Water|p1a: Rotom|[spread] p1a,p1b\n|-damage|p1a: Rotom|47/100\n|-damage|p1b: Froslass|47/100\n|-unboost|p1b: Froslass|accuracy|1\n|\n|-weather|Snowscape|[upkeep]\n|-heal|p2b: Milotic|34/100|[from] item: Leftovers\n|upkeep\n|turn|4\n|\n|t:|1776474975\n|switch|p2a: Rotom|Rotom-Heat, L50|100/100\n|move|p2b: Milotic|Protect|p2b: Milotic\n|-singleturn|p2b: Milotic|Protect\n|move|p1a: Rotom|Electroweb|p2b: Milotic|[spread] p2a\n|-activate|p2b: Milotic|move: Protect\n|-resisted|p2a: Rotom|1\n|-damage|p2a: Rotom|89/100\n|-unboost|p2a: Rotom|spe|1\n|move|p1b: Froslass|Blizzard|p2b: Milotic|[spread] p2a\n|-activate|p2b: Milotic|move: Protect\n|-resisted|p2a: Rotom|1\n|-damage|p2a: Rotom|61/100\n|\n|-weather|Snowscape|[upkeep]\n|-heal|p2b: Milotic|40/100|[from] item: Leftovers\n|-sideend|p1: Wo-Chien<3|move: Tailwind\n|upkeep\n|turn|5\n|inactive|goomygoner has 30 seconds left.\n|\n|t:|1776475001\n|switch|p1b: Garchomp|Garchomp, L50, F|100/100\n|move|p1a: Rotom|Electroweb|p2a: Rotom|[spread] p2a,p2b\n|-resisted|p2a: Rotom|1\n|-supereffective|p2b: Milotic|1\n|-damage|p2a: Rotom|49/100\n|-damage|p2b: Milotic|10/100\n|-unboost|p2a: Rotom|spe|1\n|-unboost|p2b: Milotic|spe|1\n|-ability|p2b: Milotic|Competitive|boost\n|-boost|p2b: Milotic|spa|2\n|move|p2a: Rotom|Overheat|p1a: Rotom\n|-supereffective|p1a: Rotom|1\n|-damage|p1a: Rotom|0 fnt\n|-unboost|p2a: Rotom|spa|2\n|faint|p1a: Rotom\n|move|p2b: Milotic|Muddy Water|p1b: Garchomp\n|-damage|p1b: Garchomp|20/100\n|\n|-weather|none\n|-heal|p2b: Milotic|16/100|[from] item: Leftovers\n|upkeep\n|\n|t:|1776475007\n|switch|p1a: Froslass|Froslass-Mega, L50, F|47/100\n|-weather|Snowscape|[from] ability: Snow Warning|[of] p1a: Froslass\n|turn|6\n|inactive|goomygoner has 30 seconds left.\n|\n|t:|1776475035\n|move|p1a: Froslass|Substitute|p1a: Froslass\n|-start|p1a: Froslass|Substitute\n|-damage|p1a: Froslass|22/100\n|move|p1b: Garchomp|Rock Slide|p2b: Milotic|[spread] p2a,p2b\n|-supereffective|p2a: Rotom|1\n|-damage|p2a: Rotom|2/100\n|-damage|p2b: Milotic|0 fnt\n|faint|p2b: Milotic\n|move|p2a: Rotom|Overheat|p1a: Froslass|[miss]\n|-miss|p2a: Rotom|p1a: Froslass\n|\n|-weather|Snowscape|[upkeep]\n|upkeep\n|\n|t:|1776475049\n|switch|p2b: Sneasler|Sneasler, L50, M|24/100\n|turn|7\n|\n|t:|1776475063\n|move|p1b: Garchomp|Protect|p1b: Garchomp\n|-singleturn|p1b: Garchomp|Protect\n|move|p2b: Sneasler|Close Combat|p1b: Garchomp\n|-activate|p1b: Garchomp|move: Protect\n|move|p1a: Froslass|Blizzard|p2b: Sneasler|[spread] p2a,p2b\n|-resisted|p2a: Rotom|1\n|-damage|p2a: Rotom|0 fnt\n|-damage|p2b: Sneasler|0 fnt\n|faint|p2a: Rotom\n|faint|p2b: Sneasler\n|\n|-weather|Snowscape|[upkeep]\n|upkeep\n|\n|t:|1776475075\n|switch|p2b: Gengar|Gengar, L50, F|100/100\n|turn|8\n|\n|t:|1776475081\n|detailschange|p2b: Gengar|Gengar-Mega, L50, F\n|-mega|p2b: Gengar|Gengar|Gengarite\n|move|p2b: Gengar|Shadow Ball|p1b: Garchomp\n|-damage|p1b: Garchomp|0 fnt\n|faint|p1b: Garchomp\n|move|p1a: Froslass|Shadow Ball|p2b: Gengar\n|-supereffective|p2b: Gengar|1\n|-damage|p2b: Gengar|2/100\n|-unboost|p2b: Gengar|spd|1\n|\n|-weather|Snowscape|[upkeep]\n|upkeep\n|turn|9\n|\n|t:|1776475092\n|move|p2b: Gengar|Shadow Ball|p1a: Froslass\n|-supereffective|p1a: Froslass|1\n|-end|p1a: Froslass|Substitute\n|move|p1a: Froslass|Blizzard|p2b: Gengar\n|-damage|p2b: Gengar|0 fnt\n|faint|p2b: Gengar\n|\n|win|Wo-Chien<3\n|raw|Wo-Chien&lt;3's rating: 1328 &rarr; <strong>1346</strong><br />(+18 for winning)\n|raw|goomygoner's rating: 1294 &rarr; <strong>1271</strong><br />(-23 for losing)\n",
  "uploadtime": 1776475094,
  "views": 26,
  "formatid": "gen9championsvgc2026regma",
  "rating": 1271,
  "private": 0,
  "password": null
}