{
  "id": "gen9championsvgc2026regma-2581102101",
  "format": "[Gen 9 Champions] VGC 2026 Reg M-A",
  "players": [
    "MorangoTango",
    "rainmanontheside"
  ],
  "log": "|j|\u2606MorangoTango\n|j|\u2606rainmanontheside\n|t:|1775960037\n|gametype|doubles\n|player|p1|MorangoTango|colress|1143\n|player|p2|rainmanontheside|burglar|1099\n|gen|9\n|tier|[Gen 9 Champions] VGC 2026 Reg M-A\n|rated|\n|rule|Species Clause: Limit one of each Pok\u00e9mon\n|rule|Item Clause: Limit 1 of each item\n|clearpoke\n|poke|p1|Mamoswine, L50, F|\n|poke|p1|Talonflame, L50, M|\n|poke|p1|Floette-Eternal, L50, F|\n|poke|p1|Rotom-Wash, L50|\n|poke|p1|Incineroar, L50, M|\n|poke|p1|Sinistcha, L50|\n|poke|p2|Sinistcha, L50|\n|poke|p2|Excadrill, L50, M|\n|poke|p2|Tyranitar, L50, M|\n|poke|p2|Talonflame, L50, M|\n|poke|p2|Primarina, L50, F|\n|poke|p2|Hydreigon, L50, M|\n|teampreview|4\n|j| polkm\n|\n|t:|1775960068\n|teamsize|p1|4\n|teamsize|p2|4\n|start\n|switch|p1a: Floette|Floette-Eternal, L50, F|100/100\n|switch|p1b: Incineroar|Incineroar, L50, M|100/100\n|switch|p2a: Talonflame|Talonflame, L50, M, shiny|100/100\n|switch|p2b: Primarina|Primarina, L50, F|100/100\n|-ability|p1b: Incineroar|Intimidate|boost\n|-unboost|p2a: Talonflame|atk|1\n|-unboost|p2b: Primarina|atk|1\n|turn|1\n|\n|t:|1775960080\n|detailschange|p1a: Floette|Floette-Mega, L50, F\n|-mega|p1a: Floette|Floette|Floettite\n|-ability|p1a: Floette|Fairy Aura\n|move|p2a: Talonflame|Protect|p2a: Talonflame\n|-singleturn|p2a: Talonflame|Protect\n|move|p2b: Primarina|Protect|p2b: Primarina\n|-singleturn|p2b: Primarina|Protect\n|move|p1b: Incineroar|Fake Out|p2b: Primarina\n|-activate|p2b: Primarina|move: Protect\n|move|p1a: Floette|Dazzling Gleam|p2a: Talonflame|[spread] \n|-activate|p2a: Talonflame|move: Protect\n|-activate|p2b: Primarina|move: Protect\n|\n|upkeep\n|turn|2\n|\n|t:|1775960104\n|move|p2a: Talonflame|Tailwind|p2a: Talonflame\n|-sidestart|p2: rainmanontheside|move: Tailwind\n|move|p2b: Primarina|Hyper Voice|p1b: Incineroar|[spread] p1a,p1b\n|-supereffective|p1b: Incineroar|1\n|-damage|p1a: Floette|68/100\n|-damage|p1b: Incineroar|35/100\n|move|p1a: Floette|Moonblast|p2b: Primarina\n|-damage|p2b: Primarina|35/100\n|move|p1b: Incineroar|Parting Shot|p2b: Primarina\n|-unboost|p2b: Primarina|atk|1\n|-unboost|p2b: Primarina|spa|1\n|\n|t:|1775960116\n|switch|p1b: Sinistcha|Sinistcha, L50|100/100|[from] Parting Shot\n|-heal|p1a: Floette|93/100|[from] ability: Hospitality|[of] p1b: Sinistcha\n|\n|upkeep\n|turn|3\n|\n|t:|1775960122\n|switch|p1b: Rotom|Rotom-Wash, L50|100/100\n|move|p2b: Primarina|Helping Hand|p2a: Talonflame\n|-singleturn|p2a: Talonflame|Helping Hand|[of] p2b: Primarina\n|move|p2a: Talonflame|Dual Wingbeat|p1b: Rotom|[miss]\n|-miss|p2a: Talonflame|p1b: Rotom\n|move|p1a: Floette|Calm Mind|p1a: Floette\n|-boost|p1a: Floette|spa|1\n|-boost|p1a: Floette|spd|1\n|\n|upkeep\n|turn|4\n|\n|t:|1775960138\n|move|p2a: Talonflame|Protect|p2a: Talonflame\n|-singleturn|p2a: Talonflame|Protect\n|move|p2b: Primarina|Hyper Voice|p1a: Floette|[spread] p1a,p1b\n|-resisted|p1b: Rotom|1\n|-damage|p1a: Floette|80/100\n|-damage|p1b: Rotom|85/100\n|move|p1a: Floette|Calm Mind|p1a: Floette\n|-boost|p1a: Floette|spa|1\n|-boost|p1a: Floette|spd|1\n|move|p1b: Rotom|Thunderbolt|p2a: Talonflame\n|-activate|p2a: Talonflame|move: Protect\n|\n|-heal|p1b: Rotom|91/100|[from] item: Leftovers\n|upkeep\n|turn|5\n|\n|t:|1775960155\n|move|p2a: Talonflame|Dual Wingbeat|p1a: Floette|[miss]\n|-miss|p2a: Talonflame|p1a: Floette\n|move|p2b: Primarina|Moonblast|p1a: Floette\n|-damage|p1a: Floette|63/100\n|move|p1a: Floette|Dazzling Gleam|p2a: Talonflame|[spread] p2a,p2b\n|-resisted|p2a: Talonflame|1\n|-damage|p2a: Talonflame|32/100\n|-damage|p2b: Primarina|0 fnt\n|faint|p2b: Primarina\n|move|p1b: Rotom|Thunderbolt|p2a: Talonflame\n|-supereffective|p2a: Talonflame|1\n|-damage|p2a: Talonflame|0 fnt\n|faint|p2a: Talonflame\n|\n|-heal|p1b: Rotom|97/100|[from] item: Leftovers\n|-sideend|p2: rainmanontheside|move: Tailwind\n|upkeep\n|\n|t:|1775960158\n|switch|p2a: Tyranitar|Tyranitar, L50, M|100/100\n|switch|p2b: Excadrill|Excadrill, L50, M, shiny|100/100\n|-weather|Sandstorm|[from] ability: Sand Stream|[of] p2a: Tyranitar\n|turn|6\n|\n|t:|1775960176\n|switch|p1b: Incineroar|Incineroar, L50, M|35/100\n|-ability|p1b: Incineroar|Intimidate|boost\n|-unboost|p2a: Tyranitar|atk|1\n|-unboost|p2b: Excadrill|atk|1\n|-enditem|p2b: Excadrill|White Herb\n|-clearnegativeboost|p2b: Excadrill|[silent]\n|move|p1a: Floette|Protect|p1a: Floette\n|-singleturn|p1a: Floette|Protect\n|move|p2b: Excadrill|High Horsepower|p1b: Incineroar\n|-supereffective|p1b: Incineroar|1\n|-damage|p1b: Incineroar|0 fnt\n|faint|p1b: Incineroar\n|move|p2a: Tyranitar|Dragon Dance|p2a: Tyranitar\n|-boost|p2a: Tyranitar|atk|1\n|-boost|p2a: Tyranitar|spe|1\n|\n|-weather|Sandstorm|[upkeep]\n|-damage|p1a: Floette|57/100|[from] Sandstorm\n|upkeep\n|\n|t:|1775960179\n|switch|p1b: Sinistcha|Sinistcha, L50|100/100\n|-heal|p1a: Floette|82/100|[from] ability: Hospitality|[of] p1b: Sinistcha\n|turn|7\n|\n|t:|1775960193\n|detailschange|p2a: Tyranitar|Tyranitar-Mega, L50, M\n|-mega|p2a: Tyranitar|Tyranitar|Tyranitarite\n|move|p1b: Sinistcha|Rage Powder|p1b: Sinistcha\n|-singleturn|p1b: Sinistcha|move: Rage Powder\n|move|p2b: Excadrill|Rock Slide|p1b: Sinistcha|[spread] p1a\n|-miss|p2b: Excadrill|p1b: Sinistcha\n|-damage|p1a: Floette|63/100\n|move|p2a: Tyranitar|Knock Off|p1b: Sinistcha\n|-supereffective|p1b: Sinistcha|1\n|-crit|p1b: Sinistcha\n|-damage|p1b: Sinistcha|0 fnt\n|-enditem|p1b: Sinistcha|Sitrus Berry|[from] move: Knock Off|[of] p2a: Tyranitar\n|faint|p1b: Sinistcha\n|cant|p1a: Floette|flinch\n|\n|-weather|Sandstorm|[upkeep]\n|-damage|p1a: Floette|57/100|[from] Sandstorm\n|upkeep\n|\n|t:|1775960203\n|switch|p1b: Rotom|Rotom-Wash, L50|97/100\n|turn|8\n|\n|t:|1775960225\n|move|p2b: Excadrill|Protect|p2b: Excadrill\n|-singleturn|p2b: Excadrill|Protect\n|move|p1a: Floette|Protect|p1a: Floette\n|-singleturn|p1a: Floette|Protect\n|move|p2a: Tyranitar|Rock Slide|p1a: Floette|[spread] p1b\n|-activate|p1a: Floette|move: Protect\n|-damage|p1b: Rotom|62/100\n|move|p1b: Rotom|Will-O-Wisp|p2b: Excadrill\n|-activate|p2b: Excadrill|move: Protect\n|\n|-weather|Sandstorm|[upkeep]\n|-damage|p1a: Floette|51/100|[from] Sandstorm\n|-damage|p1b: Rotom|57/100|[from] Sandstorm\n|-heal|p1b: Rotom|62/100|[from] item: Leftovers\n|upkeep\n|turn|9\n|\n|t:|1775960242\n|move|p2b: Excadrill|Iron Head|p1a: Floette\n|-supereffective|p1a: Floette|1\n|-damage|p1a: Floette|0 fnt\n|faint|p1a: Floette\n|move|p2a: Tyranitar|Knock Off|p1b: Rotom\n|-damage|p1b: Rotom|0 fnt\n|-enditem|p1b: Rotom|Leftovers|[from] move: Knock Off|[of] p2a: Tyranitar\n|faint|p1b: Rotom\n|\n|win|rainmanontheside\n|raw|MorangoTango's rating: 1143 &rarr; <strong>1115</strong><br />(-28 for losing)\n|raw|rainmanontheside's rating: 1099 &rarr; <strong>1127</strong><br />(+28 for winning)\n|l|\u2606MorangoTango\n|player|p1|\n|l|\u2606rainmanontheside\n|player|p2|\n",
  "uploadtime": 1775960318,
  "views": 13,
  "formatid": "gen9championsvgc2026regma",
  "rating": 1115,
  "private": 0,
  "password": null
}