{
  "id": "gen9championsvgc2026regma-2588519510",
  "format": "[Gen 9 Champions] VGC 2026 Reg M-A",
  "players": [
    "wiele_",
    "AzureWitch"
  ],
  "log": "|j|\u2606wiele_\n|j|\u2606AzureWitch\n|t:|1776641048\n|gametype|doubles\n|player|p1|wiele_|1|1116\n|player|p2|AzureWitch|caitlin|1075\n|gen|9\n|tier|[Gen 9 Champions] VGC 2026 Reg M-A\n|rated|\n|rule|Species Clause: Limit one of each Pok\u00e9mon\n|rule|Item Clause: Limit 1 of each item\n|clearpoke\n|poke|p1|Heracross, L50, F|\n|poke|p1|Whimsicott, L50, F|\n|poke|p1|Incineroar, L50, F|\n|poke|p1|Corviknight, L50, M|\n|poke|p1|Dragapult, L50, F|\n|poke|p1|Chesnaught, L50, F|\n|poke|p2|Delphox, L50, F|\n|poke|p2|Garchomp, L50, F|\n|poke|p2|Primarina, L50, F|\n|poke|p2|Sneasler, L50, F|\n|poke|p2|Kingambit, L50, F|\n|poke|p2|Aerodactyl, L50, F|\n|teampreview|4\nAzureWitch has agreed to open team sheets.\nwiele_ has agreed to open team sheets.\n|showteam|p1|Heracross||Heracronite|Moxie|RockBlast,CloseCombat,PinMissile,Protect|||F|||50|]Whimsicott||MentalHerb|Prankster|Tailwind,Moonblast,Uturn,Encore|||F|||50|]Incineroar||PasshoBerry|Intimidate|PartingShot,FakeOut,Protect,FlareBlitz|||F|||50|]Corviknight||Leftovers|MirrorArmor|IronDefense,BodyPress,BraveBird,IronHead|||M|||50|]Dragapult|||Infiltrator|DracoMeteor,ShadowBall,Flamethrower,HyperBeam|||F|||50|]Chesnaught||FocusSash|Bulletproof|WoodHammer,DrainPunch,SpikyShield,Taunt|||F|||50|\n|showteam|p2|Delphox||Delphoxite|Blaze|HeatWave,Psyshock,Substitute,Protect|||F|||50|]Garchomp||ChoiceScarf|RoughSkin|Earthquake,StompingTantrum,DragonClaw,RockTomb|||F|||50|]Primarina||SitrusBerry|LiquidVoice|HyperVoice,Moonblast,CalmMind,Protect|||F|||50|]Sneasler||WhiteHerb|Unburden|CloseCombat,DireClaw,FakeOut,Protect|||F|||50|]Kingambit||ChopleBerry|Defiant|KowtowCleave,SuckerPunch,IronHead,Protect|||F|||50|]Aerodactyl||FocusSash|Unnerve|RockSlide,DualWingbeat,Tailwind,Protect|||F|||50|\n|\n|t:|1776641093\n|teamsize|p1|4\n|teamsize|p2|4\n|start\n|switch|p1a: Corviknight|Corviknight, L50, M|100/100\n|switch|p1b: Incineroar|Incineroar, L50, F|100/100\n|switch|p2a: Aerodactyl|Aerodactyl, L50, F|100/100\n|switch|p2b: Primarina|Primarina, L50, F|100/100\n|-ability|p2a: Aerodactyl|Unnerve\n|-ability|p1b: Incineroar|Intimidate|boost\n|-unboost|p2a: Aerodactyl|atk|1\n|-unboost|p2b: Primarina|atk|1\n|turn|1\n|\n|t:|1776641108\n|move|p2a: Aerodactyl|Protect|p2a: Aerodactyl\n|-singleturn|p2a: Aerodactyl|Protect\n|move|p1b: Incineroar|Fake Out|p2a: Aerodactyl\n|-activate|p2a: Aerodactyl|move: Protect\n|move|p1a: Corviknight|Iron Head|p2a: Aerodactyl\n|-activate|p2a: Aerodactyl|move: Protect\n|move|p2b: Primarina|Calm Mind|p2b: Primarina\n|-boost|p2b: Primarina|spa|1\n|-boost|p2b: Primarina|spd|1\n|\n|upkeep\n|turn|2\n|\n|t:|1776641126\n|move|p2a: Aerodactyl|Tailwind|p2a: Aerodactyl\n|-sidestart|p2: AzureWitch|move: Tailwind\n|move|p2b: Primarina|Hyper Voice|p1b: Incineroar|[spread] p1a,p1b\n|-supereffective|p1b: Incineroar|1\n|-damage|p1a: Corviknight|61/100\n|-damage|p1b: Incineroar|8/100\n|move|p1a: Corviknight|Iron Head|p2a: Aerodactyl\n|-supereffective|p2a: Aerodactyl|1\n|-damage|p2a: Aerodactyl|23/100\n|move|p1b: Incineroar|Parting Shot|p2b: Primarina\n|-unboost|p2b: Primarina|atk|1\n|-unboost|p2b: Primarina|spa|1\n|\n|t:|1776641134\n|switch|p1b: Dragapult|Dragapult, L50, F|100/100|[from] Parting Shot\n|\n|-heal|p1a: Corviknight|66/100|[from] item: Leftovers\n|upkeep\n|turn|3\n|\n|t:|1776641154\n|move|p2a: Aerodactyl|Rock Slide|p1a: Corviknight|[spread] p1a,p1b\n|-damage|p1a: Corviknight|53/100\n|-damage|p1b: Dragapult|77/100\n|move|p1b: Dragapult|Shadow Ball|p2a: Aerodactyl\n|-damage|p2a: Aerodactyl|0 fnt\n|faint|p2a: Aerodactyl\n|move|p2b: Primarina|Calm Mind|p2b: Primarina\n|-boost|p2b: Primarina|spa|1\n|-boost|p2b: Primarina|spd|1\n|cant|p1a: Corviknight|flinch\n|\n|-heal|p1a: Corviknight|58/100|[from] item: Leftovers\n|upkeep\n|\n|t:|1776641171\n|switch|p2a: Delphox|Delphox, L50, F|100/100\n|turn|4\n|\n|t:|1776641181\n|detailschange|p2a: Delphox|Delphox-Mega, L50, F\n|-mega|p2a: Delphox|Delphox|Delphoxite\n|move|p2a: Delphox|Heat Wave|p1b: Dragapult|[spread] p1a,p1b\n|-supereffective|p1a: Corviknight|1\n|-resisted|p1b: Dragapult|1\n|-damage|p1a: Corviknight|0 fnt\n|-damage|p1b: Dragapult|48/100\n|faint|p1a: Corviknight\n|move|p1b: Dragapult|Shadow Ball|p2a: Delphox\n|-supereffective|p2a: Delphox|1\n|-damage|p2a: Delphox|38/100\n|-unboost|p2a: Delphox|spd|1\n|move|p2b: Primarina|Moonblast|p1b: Dragapult\n|-supereffective|p1b: Dragapult|1\n|-damage|p1b: Dragapult|0 fnt\n|faint|p1b: Dragapult\n|\n|upkeep\n|\n|t:|1776641189\n|switch|p1b: Incineroar|Incineroar, L50, F|8/100\n|switch|p1a: Heracross|Heracross, L50, F|100/100\n|-ability|p1b: Incineroar|Intimidate|boost\n|-unboost|p2a: Delphox|atk|1\n|-unboost|p2b: Primarina|atk|1\n|turn|5\n|\n|t:|1776641202\n|detailschange|p1a: Heracross|Heracross-Mega, L50, F\n|-mega|p1a: Heracross|Heracross|Heracronite\n|move|p2a: Delphox|Protect|p2a: Delphox\n|-singleturn|p2a: Delphox|Protect\n|move|p2b: Primarina|Protect|p2b: Primarina\n|-singleturn|p2b: Primarina|Protect\n|move|p1b: Incineroar|Fake Out|p2b: Primarina\n|-activate|p2b: Primarina|move: Protect\n|move|p1a: Heracross|Rock Blast|p2a: Delphox\n|-activate|p2a: Delphox|move: Protect\n|\n|-sideend|p2: AzureWitch|move: Tailwind\n|upkeep\n|turn|6\n|\n|t:|1776641223\n|move|p2a: Delphox|Heat Wave|p1a: Heracross|[spread] p1a\n|-miss|p2a: Delphox|p1b: Incineroar\n|-supereffective|p1a: Heracross|1\n|-crit|p1a: Heracross\n|-damage|p1a: Heracross|0 fnt\n|faint|p1a: Heracross\n|move|p2b: Primarina|Hyper Voice|p1b: Incineroar\n|-supereffective|p1b: Incineroar|1\n|-enditem|p1b: Incineroar|Passho Berry|[eat]\n|-enditem|p1b: Incineroar|Passho Berry|[weaken]\n|-damage|p1b: Incineroar|0 fnt\n|faint|p1b: Incineroar\n|\n|win|AzureWitch\n|raw|wiele_'s rating: 1116 &rarr; <strong>1088</strong><br />(-28 for losing)\n|raw|AzureWitch's rating: 1075 &rarr; <strong>1107</strong><br />(+32 for winning)\n|l|\u2606wiele_\n|player|p1|\n",
  "uploadtime": 1776642171,
  "views": 8,
  "formatid": "gen9championsvgc2026regma",
  "rating": 1088,
  "private": 0,
  "password": null
}