{
  "id": "gen9championsvgc2026regma-2587231272",
  "format": "[Gen 9 Champions] VGC 2026 Reg M-A",
  "players": [
    "Tetisana69420",
    "Xernos123"
  ],
  "log": "|j|\u2606Tetisana69420\n|j|\u2606Xernos123\n|t:|1776512099\n|gametype|doubles\n|player|p1|Tetisana69420|102|1000\n|player|p2|Xernos123|1|1077\n|gen|9\n|tier|[Gen 9 Champions] VGC 2026 Reg M-A\n|rated|\n|rule|Species Clause: Limit one of each Pok\u00e9mon\n|rule|Item Clause: Limit 1 of each item\n|clearpoke\n|poke|p1|Meganium, L50, M|\n|poke|p1|Arcanine, L50, M|\n|poke|p1|Gengar, L50, M|\n|poke|p1|Lycanroc-Dusk, L50, F|\n|poke|p1|Politoed, L50, F|\n|poke|p1|Forretress, L50, F|\n|poke|p2|Incineroar, L50, F|\n|poke|p2|Whimsicott, L50, F|\n|poke|p2|Blastoise, L50, F|\n|poke|p2|Runerigus, L50, M|\n|poke|p2|Clefable, L50, F|\n|poke|p2|Pelipper, L50, M|\n|teampreview|4\n|inactive|Battle timer is ON: inactive players will automatically lose when time's up. (requested by Xernos123)\nXernos123 rejected open team sheets.\n|\n|t:|1776512113\n|teamsize|p1|4\n|teamsize|p2|4\n|start\n|switch|p1a: Forretress|Forretress, L50, F|100/100\n|switch|p1b: Politoed|Politoed, L50, F|100/100\n|switch|p2a: Pelipper|Pelipper, L50, M|100/100\n|switch|p2b: Incineroar|Incineroar, L50, F|100/100\n|-weather|RainDance|[from] ability: Drizzle|[of] p1b: Politoed\n|-ability|p2b: Incineroar|Intimidate|boost\n|-unboost|p1a: Forretress|atk|1\n|-unboost|p1b: Politoed|atk|1\n|turn|1\n|\n|t:|1776512128\n|move|p1b: Politoed|Ice Beam|p2a: Pelipper\n|-damage|p2a: Pelipper|60/100\n|-status|p2a: Pelipper|frz\n|-curestatus|p2a: Pelipper|frz|[msg]\n|move|p2a: Pelipper|U-turn|p1b: Politoed\n|-damage|p1b: Politoed|90/100\n|\n|t:|1776512135\n|switch|p2a: Clefable|Clefable, L50, F|100/100|[from] U-turn\n|move|p2b: Incineroar|Parting Shot|p1a: Forretress\n|-unboost|p1a: Forretress|atk|1\n|-unboost|p1a: Forretress|spa|1\n|\n|t:|1776512137\n|switch|p2b: Blastoise|Blastoise, L50, F|100/100|[from] Parting Shot\n|move|p1a: Forretress|Body Press|p2b: Blastoise\n|-damage|p2b: Blastoise|68/100\n|\n|-weather|RainDance|[upkeep]\n|upkeep\n|turn|2\n|\n|t:|1776512152\n|move|p2a: Clefable|Follow Me|p2a: Clefable\n|-singleturn|p2a: Clefable|move: Follow Me\n|move|p2b: Blastoise|Shell Smash|p2b: Blastoise\n|-unboost|p2b: Blastoise|def|1\n|-unboost|p2b: Blastoise|spd|1\n|-boost|p2b: Blastoise|atk|2\n|-boost|p2b: Blastoise|spa|2\n|-boost|p2b: Blastoise|spe|2\n|move|p1b: Politoed|Weather Ball|p2a: Clefable\n|-damage|p2a: Clefable|44/100\n|move|p1a: Forretress|Gyro Ball|p2a: Clefable\n|-supereffective|p2a: Clefable|1\n|-damage|p2a: Clefable|2/100\n|\n|-weather|RainDance|[upkeep]\n|upkeep\n|turn|3\n|\n|t:|1776512174\n|detailschange|p2b: Blastoise|Blastoise-Mega, L50, F\n|-mega|p2b: Blastoise|Blastoise|Blastoisinite\n|move|p2a: Clefable|Helping Hand|p2b: Blastoise\n|-singleturn|p2b: Blastoise|Helping Hand|[of] p2a: Clefable\n|move|p2b: Blastoise|Water Spout|p1a: Forretress|[spread] p1a,p1b\n|-resisted|p1b: Politoed|1\n|-damage|p1a: Forretress|0 fnt\n|-damage|p1b: Politoed|11/100\n|faint|p1a: Forretress\n|move|p1b: Politoed|Weather Ball|p2a: Clefable\n|-damage|p2a: Clefable|0 fnt\n|faint|p2a: Clefable\n|\n|-weather|RainDance|[upkeep]\n|upkeep\n|\n|t:|1776512188\n|switch|p2a: Incineroar|Incineroar, L50, F|100/100\n|switch|p1a: Meganium|Meganium, L50, M|100/100\n|-ability|p2a: Incineroar|Intimidate|boost\n|-unboost|p1a: Meganium|atk|1\n|-unboost|p1b: Politoed|atk|1\n|turn|4\n|\n|t:|1776512200\n|detailschange|p1a: Meganium|Meganium-Mega, L50, M\n|-mega|p1a: Meganium|Meganium|Meganiumite\n|move|p2a: Incineroar|Fake Out|p1a: Meganium\n|-damage|p1a: Meganium|90/100\n|move|p2b: Blastoise|Water Spout|p1a: Meganium|[spread] p1a,p1b\n|-resisted|p1a: Meganium|1\n|-resisted|p1b: Politoed|1\n|-damage|p1a: Meganium|29/100\n|-damage|p1b: Politoed|0 fnt\n|faint|p1b: Politoed\n|cant|p1a: Meganium|flinch\n|\n|-weather|RainDance|[upkeep]\n|upkeep\n|\n|t:|1776512209\n|switch|p1b: Lycanroc|Lycanroc-Dusk, L50, F|100/100\n|turn|5\n|\n|t:|1776512220\n|move|p2a: Incineroar|Protect|p2a: Incineroar\n|-singleturn|p2a: Incineroar|Protect\n|move|p1b: Lycanroc|Accelerock|p2b: Blastoise\n|-damage|p2b: Blastoise|23/100\n|move|p2b: Blastoise|Water Spout|p1b: Lycanroc|[spread] p1a,p1b\n|-resisted|p1a: Meganium|1\n|-supereffective|p1b: Lycanroc|1\n|-damage|p1a: Meganium|8/100\n|-damage|p1b: Lycanroc|0 fnt\n|faint|p1b: Lycanroc\n|move|p1a: Meganium|Solar Beam||[still]\n|-prepare|p1a: Meganium|Solar Beam\n|-activate|p1a: Meganium|ability: Mega Sol\n|-anim|p1a: Meganium|Solar Beam|p2b: Blastoise\n|-supereffective|p2b: Blastoise|1\n|-damage|p2b: Blastoise|0 fnt\n|faint|p2b: Blastoise\n|\n|-weather|none\n|upkeep\n|\n|t:|1776512234\n|switch|p2b: Pelipper|Pelipper, L50, M|60/100\n|-weather|RainDance|[from] ability: Drizzle|[of] p2b: Pelipper\n|turn|6\n|\n|t:|1776512241\n|move|p1a: Meganium|Solar Beam||[still]\n|-prepare|p1a: Meganium|Solar Beam\n|-activate|p1a: Meganium|ability: Mega Sol\n|-anim|p1a: Meganium|Solar Beam|p2b: Pelipper\n|-damage|p2b: Pelipper|0 fnt\n|faint|p2b: Pelipper\n|move|p2a: Incineroar|Flare Blitz|p1a: Meganium\n|-supereffective|p1a: Meganium|1\n|-damage|p1a: Meganium|0 fnt\n|faint|p1a: Meganium\n|-damage|p2a: Incineroar|99/100|[from] Recoil\n|\n|win|Xernos123\n|raw|Tetisana69420's rating: 1000 &rarr; <strong>1000</strong><br />(+0 for losing)\n|raw|Xernos123's rating: 1077 &rarr; <strong>1099</strong><br />(+22 for winning)\n",
  "uploadtime": 1776512245,
  "views": 17,
  "formatid": "gen9championsvgc2026regma",
  "rating": 1000,
  "private": 0,
  "password": null
}