{
  "id": "gen9championsvgc2026regma-2583266989",
  "format": "[Gen 9 Champions] VGC 2026 Reg M-A",
  "players": [
    "PicTcg",
    "piedidiconkeldurr"
  ],
  "log": "|j|\u2606PicTcg\n|j|\u2606piedidiconkeldurr\n|t:|1776161276\n|gametype|doubles\n|player|p1|PicTcg|swimmer-gen4|1139\n|player|p2|piedidiconkeldurr|cynthia|1193\n|gen|9\n|tier|[Gen 9 Champions] VGC 2026 Reg M-A\n|rated|\n|rule|Species Clause: Limit one of each Pok\u00e9mon\n|rule|Item Clause: Limit 1 of each item\n|clearpoke\n|poke|p1|Sableye, L50, F|\n|poke|p1|Aggron, L50, M|\n|poke|p1|Aerodactyl, L50, M|\n|poke|p1|Sinistcha, L50|\n|poke|p1|Lucario, L50, F|\n|poke|p1|Kommo-o, L50, M|\n|poke|p2|Mudsdale, L50, F|\n|poke|p2|Farigiraf, L50, M|\n|poke|p2|Sinistcha, L50|\n|poke|p2|Incineroar, L50, M|\n|poke|p2|Delphox, L50, F|\n|poke|p2|Camerupt, L50, F|\n|teampreview|4\n|\n|t:|1776161340\n|teamsize|p1|4\n|teamsize|p2|4\n|start\n|switch|p1a: Lucario|Lucario, L50, F|100/100\n|switch|p1b: Kommo-o|Kommo-o, L50, M|100/100\n|switch|p2a: Incineroar|Incineroar, L50, M|100/100\n|switch|p2b: Farigiraf|Farigiraf, L50, M|100/100\n|-ability|p2a: Incineroar|Intimidate|boost\n|-fail|p1a: Lucario|unboost|Attack|[from] ability: Inner Focus|[of] p1a: Lucario\n|-unboost|p1b: Kommo-o|atk|1\n|turn|1\n|\n|t:|1776161385\n|detailschange|p1a: Lucario|Lucario-Mega, L50, F\n|-mega|p1a: Lucario|Lucario|Lucarionite\n|move|p2a: Incineroar|Fake Out|p1b: Kommo-o\n|-damage|p1b: Kommo-o|88/100\n|move|p1a: Lucario|Steel Beam|p2b: Farigiraf\n|-damage|p2b: Farigiraf|15/100\n|-damage|p1a: Lucario|50/100|[from] steelbeam\n|cant|p1b: Kommo-o|flinch\n|move|p2b: Farigiraf|Trick Room|p2b: Farigiraf\n|-fieldstart|move: Trick Room|[of] p2b: Farigiraf\n|\n|upkeep\n|turn|2\n|\n|t:|1776161408\n|move|p1a: Lucario|Protect|p1a: Lucario\n|-singleturn|p1a: Lucario|Protect\n|move|p2b: Farigiraf|Psychic|p1b: Kommo-o\n|-supereffective|p1b: Kommo-o|1\n|-damage|p1b: Kommo-o|13/100\n|move|p2a: Incineroar|Flare Blitz|p1a: Lucario\n|-activate|p1a: Lucario|move: Protect\n|move|p1b: Kommo-o|Clanging Scales|p2b: Farigiraf|[spread] p2a,p2b\n|-damage|p2a: Incineroar|62/100\n|-damage|p2b: Farigiraf|0 fnt\n|faint|p2b: Farigiraf\n|-unboost|p1b: Kommo-o|def|1\n|\n|upkeep\n|\n|t:|1776161420\n|switch|p2b: Mudsdale|Mudsdale, L50, F|100/100\n|turn|3\n|\n|t:|1776161440\n|switch|p1a: Aerodactyl|Aerodactyl, L50, M|100/100\n|-ability|p1a: Aerodactyl|Unnerve\n|move|p2b: Mudsdale|Heavy Slam|p1b: Kommo-o\n|-damage|p1b: Kommo-o|0 fnt\n|faint|p1b: Kommo-o\n|move|p2a: Incineroar|Flare Blitz|p1a: Aerodactyl\n|-resisted|p1a: Aerodactyl|1\n|-crit|p1a: Aerodactyl\n|-damage|p1a: Aerodactyl|34/100\n|-damage|p2a: Incineroar|45/100|[from] Recoil\n|\n|upkeep\n|\n|t:|1776161462\n|switch|p1b: Sinistcha|Sinistcha, L50|100/100\n|-heal|p1a: Aerodactyl|58/100|[from] ability: Hospitality|[of] p1b: Sinistcha\n|turn|4\n|\n|t:|1776161493\n|move|p1b: Sinistcha|Rage Powder|p1b: Sinistcha\n|-singleturn|p1b: Sinistcha|move: Rage Powder\n|move|p2b: Mudsdale|Heavy Slam|p1b: Sinistcha\n|-damage|p1b: Sinistcha|67/100\n|move|p2a: Incineroar|Flare Blitz|p1b: Sinistcha\n|-supereffective|p1b: Sinistcha|1\n|-damage|p1b: Sinistcha|0 fnt\n|faint|p1b: Sinistcha\n|-damage|p2a: Incineroar|25/100|[from] Recoil\n|move|p1a: Aerodactyl|Rock Slide|p2b: Mudsdale|[spread] p2a,p2b\n|-supereffective|p2a: Incineroar|1\n|-resisted|p2b: Mudsdale|1\n|-damage|p2a: Incineroar|0 fnt\n|-damage|p2b: Mudsdale|90/100\n|faint|p2a: Incineroar\n|\n|-heal|p2b: Mudsdale|96/100|[from] item: Leftovers\n|upkeep\n|\n|t:|1776161508\n|switch|p2a: Delphox|Delphox, L50, F|100/100\n|switch|p1b: Lucario|Lucario-Mega, L50, F|50/100\n|turn|5\n|\n|t:|1776161543\n|move|p1b: Lucario|Protect|p1b: Lucario\n|-singleturn|p1b: Lucario|Protect\n|move|p1a: Aerodactyl|Protect|p1a: Aerodactyl\n|-singleturn|p1a: Aerodactyl|Protect\n|move|p2b: Mudsdale|Heavy Slam|p1a: Aerodactyl\n|-activate|p1a: Aerodactyl|move: Protect\n|move|p2a: Delphox|Psychic|p1b: Lucario\n|-activate|p1b: Lucario|move: Protect\n|\n|-heal|p2b: Mudsdale|100/100|[from] item: Leftovers\n|-fieldend|move: Trick Room\n|upkeep\n|turn|6\n|\n|t:|1776161575\n|detailschange|p2a: Delphox|Delphox-Mega, L50, F\n|-mega|p2a: Delphox|Delphox|Delphoxite\n|move|p2a: Delphox|Psychic|p1a: Aerodactyl\n|-damage|p1a: Aerodactyl|0 fnt\n|faint|p1a: Aerodactyl\n|move|p1b: Lucario|Aura Sphere|p2b: Mudsdale\n|-damage|p2b: Mudsdale|56/100\n|move|p2b: Mudsdale|High Horsepower|p1b: Lucario\n|-supereffective|p1b: Lucario|1\n|-damage|p1b: Lucario|0 fnt\n|faint|p1b: Lucario\n|\n|win|piedidiconkeldurr\n|raw|PicTcg's rating: 1139 &rarr; <strong>1118</strong><br />(-21 for losing)\n|raw|piedidiconkeldurr's rating: 1193 &rarr; <strong>1214</strong><br />(+21 for winning)\n",
  "uploadtime": 1776161585,
  "views": 17,
  "formatid": "gen9championsvgc2026regma",
  "rating": 1118,
  "private": 0,
  "password": null
}