{
  "id": "gen9championsvgc2026regma-2586460958",
  "format": "[Gen 9 Champions] VGC 2026 Reg M-A",
  "players": [
    "go to therapy",
    "coach zache"
  ],
  "log": "|j|\u2606go to therapy\n|j|\u2606coach zache\n|t:|1776436284\n|gametype|doubles\n|player|p1|go to therapy|101|1197\n|player|p2|coach zache|265|1126\n|gen|9\n|tier|[Gen 9 Champions] VGC 2026 Reg M-A\n|rated|\n|rule|Species Clause: Limit one of each Pok\u00e9mon\n|rule|Item Clause: Limit 1 of each item\n|clearpoke\n|poke|p1|Heracross, L50, M|\n|poke|p1|Kingambit, L50, M|\n|poke|p1|Sneasler, L50, F|\n|poke|p1|Dragonite, L50, M|\n|poke|p1|Pelipper, L50, M|\n|poke|p1|Ninetales-Alola, L50, F|\n|poke|p2|Aerodactyl, L50, M|\n|poke|p2|Basculegion, L50, M|\n|poke|p2|Kommo-o, L50, F|\n|poke|p2|Scizor, L50, F|\n|poke|p2|Scovillain, L50, F|\n|poke|p2|Sneasler, L50, M|\n|teampreview|4\n|inactive|Battle timer is ON: inactive players will automatically lose when time's up. (requested by go to therapy)\ngo to therapy rejected open team sheets.\n|\n|t:|1776436319\n|teamsize|p1|4\n|teamsize|p2|4\n|start\n|switch|p1a: Ninetales|Ninetales-Alola, L50, F, shiny|100/100\n|switch|p1b: Heracross|Heracross, L50, M|100/100\n|switch|p2a: Aerodactyl|Aerodactyl, L50, M|100/100\n|switch|p2b: Scovillain|Scovillain, L50, F|100/100\n|-ability|p2a: Aerodactyl|Unnerve\n|-weather|Snowscape|[from] ability: Snow Warning|[of] p1a: Ninetales\n|turn|1\n|inactive|coach zache has 30 seconds left.\n|\n|t:|1776436346\n|detailschange|p1b: Heracross|Heracross-Mega, L50, M\n|-mega|p1b: Heracross|Heracross|Heracronite\n|detailschange|p2b: Scovillain|Scovillain-Mega, L50, F\n|-mega|p2b: Scovillain|Scovillain|Scovillainite\n|move|p2a: Aerodactyl|Protect|p2a: Aerodactyl\n|-singleturn|p2a: Aerodactyl|Protect\n|move|p1b: Heracross|Protect|p1b: Heracross\n|-singleturn|p1b: Heracross|Protect\n|move|p1a: Ninetales|Aurora Veil|p1a: Ninetales\n|-sidestart|p1: go to therapy|move: Aurora Veil\n|move|p2b: Scovillain|Flamethrower|p1b: Heracross\n|-activate|p1b: Heracross|move: Protect\n|\n|-weather|Snowscape|[upkeep]\n|upkeep\n|turn|2\n|inactive|go to therapy has 30 seconds left.\n|inactive|go to therapy has 20 seconds left.\n|\n|t:|1776436382\n|move|p2b: Scovillain|Rage Powder|p2b: Scovillain\n|-singleturn|p2b: Scovillain|move: Rage Powder\n|move|p2a: Aerodactyl|Tailwind|p2a: Aerodactyl\n|-sidestart|p2: coach zache|move: Tailwind\n|move|p1a: Ninetales|Blizzard|p2a: Aerodactyl|[spread] p2a,p2b\n|-supereffective|p2a: Aerodactyl|1\n|-damage|p2a: Aerodactyl|28/100\n|-damage|p2b: Scovillain|74/100\n|-status|p2a: Aerodactyl|frz\n|-status|p1a: Ninetales|brn|[from] ability: Spicy Spray|[of] p2b: Scovillain\n|move|p1b: Heracross|Pin Missile|p2b: Scovillain|[miss]\n|-miss|p1b: Heracross|p2b: Scovillain\n|\n|-weather|Snowscape|[upkeep]\n|-damage|p1a: Ninetales|94/100 brn|[from] brn\n|upkeep\n|turn|3\n|inactive|go to therapy has 30 seconds left.\n|inactive|coach zache has 30 seconds left.\n|c|\u2606go to therapy|95 accuracy\n|c|\u2606go to therapy|insane\n|\n|t:|1776436414\n|move|p1b: Heracross|Protect|p1b: Heracross\n|-singleturn|p1b: Heracross|Protect\n|cant|p2a: Aerodactyl|frz\n|move|p2b: Scovillain|Flamethrower|p1a: Ninetales\n|-supereffective|p1a: Ninetales|1\n|-damage|p1a: Ninetales|25/100 brn\n|move|p1a: Ninetales|Blizzard|p2a: Aerodactyl|[spread] p2a,p2b\n|-supereffective|p2a: Aerodactyl|1\n|-crit|p2a: Aerodactyl\n|-damage|p2a: Aerodactyl|0 fnt\n|-damage|p2b: Scovillain|48/100\n|-enditem|p1a: Ninetales|Sitrus Berry|[eat]\n|-heal|p1a: Ninetales|50/100 brn|[from] item: Sitrus Berry\n|faint|p2a: Aerodactyl\n|\n|-weather|Snowscape|[upkeep]\n|-damage|p1a: Ninetales|44/100 brn|[from] brn\n|upkeep\n|c|\u2606coach zache|10% freeze insane\n|c|\u2606coach zache|works both ways\n|\n|t:|1776436431\n|switch|p2a: Basculegion|Basculegion, L50, M|100/100\n|turn|4\n|\n|t:|1776436445\n|move|p2a: Basculegion|Protect|p2a: Basculegion\n|-singleturn|p2a: Basculegion|Protect\n|move|p1a: Ninetales|Protect|p1a: Ninetales\n|-singleturn|p1a: Ninetales|Protect\n|move|p2b: Scovillain|Flamethrower|p1b: Heracross\n|-supereffective|p1b: Heracross|1\n|-damage|p1b: Heracross|36/100\n|move|p1b: Heracross|Pin Missile|p2b: Scovillain\n|-damage|p2b: Scovillain|29/100\n|-status|p1b: Heracross|brn|[from] ability: Spicy Spray|[of] p2b: Scovillain\n|-damage|p2b: Scovillain|20/100\n|-damage|p2b: Scovillain|12/100\n|-damage|p2b: Scovillain|4/100\n|-damage|p2b: Scovillain|0 fnt\n|faint|p2b: Scovillain\n|-hitcount|p2: Scovillain|5\n|\n|-weather|Snowscape|[upkeep]\n|-damage|p1a: Ninetales|38/100 brn|[from] brn\n|-damage|p1b: Heracross|30/100 brn|[from] brn\n|upkeep\n|\n|t:|1776436464\n|switch|p2b: Kommo-o|Kommo-o, L50, F|100/100\n|turn|5\n|\n|t:|1776436475\n|move|p2b: Kommo-o|Clangorous Soul|p2b: Kommo-o\n|-boost|p2b: Kommo-o|atk|1\n|-boost|p2b: Kommo-o|def|1\n|-boost|p2b: Kommo-o|spa|1\n|-boost|p2b: Kommo-o|spd|1\n|-boost|p2b: Kommo-o|spe|1\n|-damage|p2b: Kommo-o|68/100\n|move|p2a: Basculegion|Last Respects|p1a: Ninetales\n|-damage|p1a: Ninetales|0 fnt\n|faint|p1a: Ninetales\n|move|p1b: Heracross|Rock Blast|p2a: Basculegion\n|-damage|p2a: Basculegion|94/100\n|-damage|p2a: Basculegion|89/100\n|-damage|p2a: Basculegion|82/100\n|-damage|p2a: Basculegion|76/100\n|-damage|p2a: Basculegion|70/100\n|-hitcount|p2a: Basculegion|5\n|\n|-weather|none\n|-heal|p2b: Kommo-o|74/100|[from] item: Leftovers\n|-damage|p1b: Heracross|25/100 brn|[from] brn\n|-sideend|p2: coach zache|move: Tailwind\n|-sideend|p1: go to therapy|move: Aurora Veil\n|upkeep\n|\n|t:|1776436490\n|switch|p1a: Sneasler|Sneasler, L50, F, shiny|100/100\n|turn|6\n|\n|t:|1776436502\n|move|p2b: Kommo-o|Protect|p2b: Kommo-o\n|-singleturn|p2b: Kommo-o|Protect\n|move|p1a: Sneasler|Fake Out|p2b: Kommo-o\n|-activate|p2b: Kommo-o|move: Protect\n|move|p1b: Heracross|Rock Blast|p2a: Basculegion\n|-damage|p2a: Basculegion|64/100\n|-damage|p2a: Basculegion|58/100\n|-damage|p2a: Basculegion|52/100\n|-damage|p2a: Basculegion|46/100\n|-enditem|p2a: Basculegion|Sitrus Berry|[eat]\n|-heal|p2a: Basculegion|71/100|[from] item: Sitrus Berry\n|-damage|p2a: Basculegion|64/100\n|-hitcount|p2a: Basculegion|5\n|move|p2a: Basculegion|Last Respects|p1a: Sneasler\n|-enditem|p1a: Sneasler|Focus Sash\n|-damage|p1a: Sneasler|1/100\n|\n|-heal|p2b: Kommo-o|79/100|[from] item: Leftovers\n|-damage|p1b: Heracross|19/100 brn|[from] brn\n|upkeep\n|turn|7\n|-message|go to therapy forfeited.\n|\n|win|coach zache\n|raw|go to therapy's rating: 1197 &rarr; <strong>1167</strong><br />(-30 for losing)\n|raw|coach zache's rating: 1126 &rarr; <strong>1156</strong><br />(+30 for winning)\n|l|\u2606go to therapy\n|player|p1|\n",
  "uploadtime": 1776436540,
  "views": 19,
  "formatid": "gen9championsvgc2026regma",
  "rating": 1156,
  "private": 0,
  "password": null
}