{
  "id": "gen9championsvgc2026regma-2586456820",
  "format": "[Gen 9 Champions] VGC 2026 Reg M-A",
  "players": [
    "rasher67",
    "lordofthebagels89"
  ],
  "log": "|j|\u2606rasher67\n|j|\u2606lordofthebagels89\n|t:|1776435958\n|gametype|doubles\n|player|p1|rasher67|pokemonbreederf-gen4|1075\n|player|p2|lordofthebagels89|lucian|1163\n|gen|9\n|tier|[Gen 9 Champions] VGC 2026 Reg M-A\n|rated|\n|rule|Species Clause: Limit one of each Pok\u00e9mon\n|rule|Item Clause: Limit 1 of each item\n|clearpoke\n|poke|p1|Crabominable, L50, M|\n|poke|p1|Incineroar, L50, M|\n|poke|p1|Garchomp, L50, M|\n|poke|p1|Farigiraf, L50, M|\n|poke|p1|Sinistcha-Masterpiece, L50|\n|poke|p1|Primarina, L50, F|\n|poke|p2|Glimmora, L50, F|\n|poke|p2|Incineroar, L50, F|\n|poke|p2|Aegislash, L50, F|\n|poke|p2|Sinistcha, L50|\n|poke|p2|Floette-Eternal, L50, F|\n|poke|p2|Milotic, L50, F|\n|teampreview|4\n|inactive|Battle timer is ON: inactive players will automatically lose when time's up. (requested by rasher67)\nrasher67 rejected open team sheets.\n|\n|t:|1776435983\n|teamsize|p1|4\n|teamsize|p2|4\n|start\n|switch|p1a: Farigiraf|Farigiraf, L50, M|100/100\n|switch|p1b: Incineroar|Incineroar, L50, M|100/100\n|switch|p2a: Fshh|Milotic, L50, F|100/100\n|switch|p2b: Jowi|Aegislash, L50, F|100/100\n|-ability|p1b: Incineroar|Intimidate|boost\n|-unboost|p2a: Fshh|atk|1\n|-ability|p2a: Fshh|Competitive|boost\n|-boost|p2a: Fshh|spa|2\n|-unboost|p2b: Jowi|atk|1\n|turn|1\n|\n|t:|1776436001\n|move|p1b: Incineroar|Fake Out|p2a: Fshh\n|-crit|p2a: Fshh\n|-damage|p2a: Fshh|81/100\n|cant|p2a: Fshh|flinch\n|-formechange|p2b: Jowi|Aegislash-Blade|\n|move|p2b: Jowi|Sacred Sword|p1b: Incineroar\n|-supereffective|p1b: Incineroar|1\n|-damage|p1b: Incineroar|56/100\n|move|p1a: Farigiraf|Trick Room|p1a: Farigiraf\n|-fieldstart|move: Trick Room|[of] p1a: Farigiraf\n|\n|-heal|p2a: Fshh|87/100|[from] item: Leftovers\n|upkeep\n|turn|2\n|\n|t:|1776436018\n|switch|p2b: Wolfey|Incineroar, L50, F|100/100\n|-ability|p2b: Wolfey|Intimidate|boost\n|-unboost|p1a: Farigiraf|atk|1\n|-unboost|p1b: Incineroar|atk|1\n|move|p1a: Farigiraf|Psychic|p2a: Fshh\n|-damage|p2a: Fshh|56/100\n|move|p1b: Incineroar|Parting Shot|p2b: Wolfey\n|-unboost|p2b: Wolfey|atk|1\n|-unboost|p2b: Wolfey|spa|1\n|\n|t:|1776436028\n|switch|p1b: Crabominable|Crabominable, L50, M|100/100|[from] Parting Shot\n|move|p2a: Fshh|Scald|p1b: Crabominable\n|-damage|p1b: Crabominable|17/100\n|\n|-heal|p2a: Fshh|62/100|[from] item: Leftovers\n|upkeep\n|turn|3\n|\n|t:|1776436042\n|switch|p1a: Sinistcha|Sinistcha-Masterpiece, L50|100/100\n|-heal|p1b: Crabominable|42/100|[from] ability: Hospitality|[of] p1a: Sinistcha\n|detailschange|p1b: Crabominable|Crabominable-Mega, L50, M\n|-mega|p1b: Crabominable|Crabominable|Crabominite\n|move|p1b: Crabominable|Protect|p1b: Crabominable\n|-singleturn|p1b: Crabominable|Protect\n|move|p2a: Fshh|Protect|p2a: Fshh\n|-singleturn|p2a: Fshh|Protect\n|move|p2b: Wolfey|Flare Blitz|p1b: Crabominable\n|-activate|p1b: Crabominable|move: Protect\n|\n|-heal|p2a: Fshh|68/100|[from] item: Leftovers\n|upkeep\n|turn|4\n|\n|t:|1776436061\n|move|p1b: Crabominable|Drain Punch|p2a: Fshh\n|-damage|p2a: Fshh|13/100\n|-heal|p1b: Crabominable|68/100|[from] drain|[of] p2a: Fshh\n|move|p1a: Sinistcha|Matcha Gotcha|p2a: Fshh|[spread] p2a,p2b\n|-supereffective|p2a: Fshh|1\n|-resisted|p2b: Wolfey|1\n|-damage|p2a: Fshh|0 fnt\n|-damage|p2b: Wolfey|89/100\n|faint|p2a: Fshh\n|move|p2b: Wolfey|Flare Blitz|p1b: Crabominable\n|-supereffective|p1b: Crabominable|1\n|-damage|p1b: Crabominable|15/100\n|-damage|p2b: Wolfey|72/100|[from] Recoil\n|\n|upkeep\n|\n|t:|1776436075\n|switch|p2a: Demone|Floette-Eternal, L50, F|100/100\n|turn|5\n|\n|t:|1776436082\n|switch|p1a: Incineroar|Incineroar, L50, M|56/100\n|-ability|p1a: Incineroar|Intimidate|boost\n|-unboost|p2a: Demone|atk|1\n|-unboost|p2b: Wolfey|atk|1\n|switch|p2b: Jowi|Aegislash, L50, F|100/100\n|move|p2a: Demone|Protect|p2a: Demone\n|-singleturn|p2a: Demone|Protect\n|move|p1b: Crabominable|Drain Punch|p2b: Jowi\n|-immune|p2b: Jowi\n|\n|-fieldend|move: Trick Room\n|upkeep\n|turn|6\n|\n|t:|1776436098\n|detailschange|p2a: Demone|Floette-Mega, L50, F\n|-mega|p2a: Demone|Floette|Floettite\n|-ability|p2a: Demone|Fairy Aura\n|move|p1a: Incineroar|Fake Out|p2a: Demone\n|-damage|p2a: Demone|88/100\n|cant|p2a: Demone|flinch\n|-formechange|p2b: Jowi|Aegislash-Blade|\n|move|p2b: Jowi|Sacred Sword|p1b: Crabominable\n|-supereffective|p1b: Crabominable|1\n|-damage|p1b: Crabominable|0 fnt\n|faint|p1b: Crabominable\n|\n|upkeep\n|\n|t:|1776436111\n|switch|p1b: Sinistcha|Sinistcha-Masterpiece, L50|100/100\n|-heal|p1a: Incineroar|81/100|[from] ability: Hospitality|[of] p1b: Sinistcha\n|turn|7\n|\n|t:|1776436131\n|move|p2b: Jowi|Shadow Sneak|p1b: Sinistcha\n|-supereffective|p1b: Sinistcha|1\n|-damage|p1b: Sinistcha|56/100\n|move|p2a: Demone|Dazzling Gleam|p1b: Sinistcha|[spread] p1a,p1b\n|-damage|p1a: Incineroar|38/100\n|-damage|p1b: Sinistcha|12/100\n|-enditem|p1a: Incineroar|Sitrus Berry|[eat]\n|-heal|p1a: Incineroar|63/100|[from] item: Sitrus Berry\n|move|p1a: Incineroar|Flare Blitz|p2b: Jowi\n|-supereffective|p2b: Jowi|1\n|-damage|p2b: Jowi|0 fnt\n|faint|p2b: Jowi\n|-damage|p1a: Incineroar|32/100|[from] Recoil\n|move|p1b: Sinistcha|Trick Room|p1b: Sinistcha\n|-fieldstart|move: Trick Room|[of] p1b: Sinistcha\n|\n|upkeep\n|\n|t:|1776436142\n|switch|p2b: Wolfey|Incineroar, L50, F|72/100\n|-ability|p2b: Wolfey|Intimidate|boost\n|-unboost|p1a: Incineroar|atk|1\n|-unboost|p1b: Sinistcha|atk|1\n|turn|8\n|\n|t:|1776436155\n|switch|p1a: Farigiraf|Farigiraf, L50, M|100/100\n|move|p1b: Sinistcha|Protect|p1b: Sinistcha\n|-singleturn|p1b: Sinistcha|Protect\n|move|p2b: Wolfey|Flare Blitz|p1a: Farigiraf\n|-damage|p1a: Farigiraf|54/100\n|-damage|p2b: Wolfey|54/100|[from] Recoil\n|move|p2a: Demone|Dazzling Gleam|p1a: Farigiraf|[spread] p1a\n|-activate|p1b: Sinistcha|move: Protect\n|-damage|p1a: Farigiraf|7/100\n|\n|-heal|p1a: Farigiraf|13/100|[from] item: Leftovers\n|upkeep\n|turn|9\n|inactive|rasher67 has 30 seconds left.\n|\n|t:|1776436189\n|move|p1a: Farigiraf|Psychic|p2a: Demone\n|-damage|p2a: Demone|61/100\n|move|p2b: Wolfey|Flare Blitz|p1a: Farigiraf\n|-damage|p1a: Farigiraf|0 fnt\n|faint|p1a: Farigiraf\n|-damage|p2b: Wolfey|50/100|[from] Recoil\n|move|p1b: Sinistcha|Matcha Gotcha|p2b: Wolfey|[spread] p2a,p2b\n|-resisted|p2b: Wolfey|1\n|-damage|p2a: Demone|41/100\n|-heal|p1b: Sinistcha|23/100|[from] drain|[of] p2a: Demone\n|-damage|p2b: Wolfey|38/100\n|-heal|p1b: Sinistcha|30/100|[from] drain|[of] p2b: Wolfey\n|-status|p2a: Demone|brn\n|move|p2a: Demone|Dazzling Gleam|p1b: Sinistcha\n|-damage|p1b: Sinistcha|0 fnt\n|faint|p1b: Sinistcha\n|\n|-damage|p2a: Demone|35/100 brn|[from] brn\n|upkeep\n|inactive|rasher67 has 30 seconds left.\n|inactive|rasher67 has 20 seconds left.\n|inactive|rasher67 has 15 seconds left.\n|\n|t:|1776436231\n|switch|p1b: Incineroar|Incineroar, L50, M|32/100\n|-ability|p1b: Incineroar|Intimidate|boost\n|-unboost|p2a: Demone|atk|1\n|-unboost|p2b: Wolfey|atk|1\n|turn|10\n|\n|t:|1776436250\n|move|p1b: Incineroar|Flare Blitz|p2a: Demone\n|-damage|p2a: Demone|0 fnt\n|faint|p2a: Demone\n|-damage|p1b: Incineroar|21/100|[from] Recoil\n|move|p2b: Wolfey|Flare Blitz|p1b: Incineroar\n|-resisted|p1b: Incineroar|1\n|-damage|p1b: Incineroar|5/100\n|-damage|p2b: Wolfey|34/100|[from] Recoil\n|\n|upkeep\n|turn|11\n|\n|t:|1776436261\n|move|p1b: Incineroar|Flare Blitz|p2b: Wolfey\n|-resisted|p2b: Wolfey|1\n|-damage|p2b: Wolfey|12/100\n|-damage|p1b: Incineroar|0 fnt|[from] Recoil\n|faint|p1b: Incineroar\n|\n|win|lordofthebagels89\n|raw|rasher67's rating: 1075 &rarr; <strong>1059</strong><br />(-16 for losing)\n|raw|lordofthebagels89's rating: 1163 &rarr; <strong>1182</strong><br />(+19 for winning)\n|c|\u2606lordofthebagels89|ggs\n|c|\u2606rasher67|Gg\n",
  "uploadtime": 1776436271,
  "views": 27,
  "formatid": "gen9championsvgc2026regma",
  "rating": 1059,
  "private": 0,
  "password": null
}