{
  "id": "gen9championsvgc2026regma-2584376897",
  "format": "[Gen 9 Champions] VGC 2026 Reg M-A",
  "players": [
    "AniAgain2",
    "mong700"
  ],
  "log": "|j|\u2606AniAgain2\n|j|\u2606mong700\n|t:|1776256214\n|gametype|doubles\n|player|p1|AniAgain2|266|1041\n|player|p2|mong700|cyrus|1113\n|gen|9\n|tier|[Gen 9 Champions] VGC 2026 Reg M-A\n|rated|\n|rule|Species Clause: Limit one of each Pok\u00e9mon\n|rule|Item Clause: Limit 1 of each item\n|clearpoke\n|poke|p1|Floette-Eternal, L50, F|\n|poke|p1|Armarouge, L50, F|\n|poke|p1|Meowstic, L50, M|\n|poke|p1|Maushold, L50|\n|poke|p1|Incineroar, L50, F|\n|poke|p1|Sinistcha, L50|\n|poke|p2|Incineroar, L50, M|\n|poke|p2|Pelipper, L50, F|\n|poke|p2|Starmie, L50|\n|poke|p2|Talonflame, L50, F|\n|poke|p2|Sylveon, L50, F|\n|poke|p2|Garchomp, L50, M|\n|teampreview|4\n|\n|t:|1776256234\n|teamsize|p1|4\n|teamsize|p2|4\n|start\n|switch|p1a: Floette|Floette-Eternal, L50, F|100/100\n|switch|p1b: Incineroar|Incineroar, L50, F|100/100\n|switch|p2a: Incineroar|Incineroar, L50, M|100/100\n|switch|p2b: Starmie|Starmie, L50|100/100\n|-ability|p1b: Incineroar|Intimidate|boost\n|-unboost|p2a: Incineroar|atk|1\n|-unboost|p2b: Starmie|atk|1\n|-ability|p2a: Incineroar|Intimidate|boost\n|-unboost|p1a: Floette|atk|1\n|-unboost|p1b: Incineroar|atk|1\n|turn|1\n|inactive|Battle timer is ON: inactive players will automatically lose when time's up. (requested by mong700)\n|\n|t:|1776256255\n|detailschange|p2b: Starmie|Starmie-Mega, L50\n|-mega|p2b: Starmie|Starmie|Starminite\n|detailschange|p1a: Floette|Floette-Mega, L50, F\n|-mega|p1a: Floette|Floette|Floettite\n|-ability|p1a: Floette|Fairy Aura\n|move|p1b: Incineroar|Fake Out|p2a: Incineroar\n|-damage|p2a: Incineroar|90/100\n|cant|p2a: Incineroar|flinch\n|move|p2b: Starmie|Liquidation|p1a: Floette\n|-damage|p1a: Floette|30/100\n|move|p1a: Floette|Dazzling Gleam|p2a: Incineroar|[spread] p2a,p2b\n|-damage|p2a: Incineroar|36/100\n|-damage|p2b: Starmie|36/100\n|-enditem|p2a: Incineroar|Sitrus Berry|[eat]\n|-heal|p2a: Incineroar|61/100|[from] item: Sitrus Berry\n|\n|upkeep\n|turn|2\n|\n|t:|1776256279\n|move|p1a: Floette|Protect|p1a: Floette\n|-singleturn|p1a: Floette|Protect\n|move|p2b: Starmie|Liquidation|p1b: Incineroar\n|-supereffective|p1b: Incineroar|1\n|-damage|p1b: Incineroar|0 fnt\n|faint|p1b: Incineroar\n|move|p2a: Incineroar|Flare Blitz|p1a: Floette\n|-activate|p1a: Floette|move: Protect\n|\n|upkeep\n|\n|t:|1776256288\n|switch|p1b: Meowstic|Meowstic, L50, M|100/100\n|turn|3\n|\n|t:|1776256300\n|move|p2b: Starmie|Protect|p2b: Starmie\n|-singleturn|p2b: Starmie|Protect\n|move|p1b: Meowstic|Thunder Wave|p2b: Starmie\n|-activate|p2b: Starmie|move: Protect\n|move|p1a: Floette|Dazzling Gleam|p2a: Incineroar|[spread] p2a\n|-activate|p2b: Starmie|move: Protect\n|-damage|p2a: Incineroar|7/100\n|move|p2a: Incineroar|Darkest Lariat|p1b: Meowstic\n|-supereffective|p1b: Meowstic|1\n|-damage|p1b: Meowstic|40/100\n|-enditem|p1b: Meowstic|Sitrus Berry|[eat]\n|-heal|p1b: Meowstic|64/100|[from] item: Sitrus Berry\n|\n|upkeep\n|turn|4\n|inactive|mong700 has 30 seconds left.\n|\n|t:|1776256330\n|move|p1a: Floette|Protect|p1a: Floette\n|-singleturn|p1a: Floette|Protect\n|move|p1b: Meowstic|Psychic Terrain|p1b: Meowstic\n|-fieldstart|move: Psychic Terrain\n|move|p2b: Starmie|Liquidation|p1b: Meowstic\n|-damage|p1b: Meowstic|16/100\n|move|p2a: Incineroar|Flare Blitz|p1a: Floette\n|-activate|p1a: Floette|move: Protect\n|\n|upkeep\n|turn|5\n|\n|t:|1776256354\n|move|p1b: Meowstic|Thunder Wave|p2b: Starmie\n|-activate|p2b: Starmie|move: Psychic Terrain\n|move|p2b: Starmie|Liquidation|p1a: Floette\n|-damage|p1a: Floette|0 fnt\n|faint|p1a: Floette\n|move|p2a: Incineroar|Flare Blitz|p1b: Meowstic\n|-damage|p1b: Meowstic|0 fnt\n|faint|p1b: Meowstic\n|-damage|p2a: Incineroar|2/100|[from] Recoil\n|\n|upkeep\n|\n|t:|1776256378\n|switch|p1a: Armarouge|Armarouge, L50, F|100/100\n|turn|6\n|\n|t:|1776256388\n|switch|p2a: Pelipper|Pelipper, L50, F|100/100\n|-weather|RainDance|[from] ability: Drizzle|[of] p2a: Pelipper\n|move|p2b: Starmie|Liquidation|p1a: Armarouge\n|-supereffective|p1a: Armarouge|1\n|-damage|p1a: Armarouge|0 fnt\n|faint|p1a: Armarouge\n|\n|win|mong700\n|raw|AniAgain2's rating: 1041 &rarr; <strong>1028</strong><br />(-13 for losing)\n|raw|mong700's rating: 1113 &rarr; <strong>1133</strong><br />(+20 for winning)\n|l|\u2606AniAgain2\n|player|p1|\n",
  "uploadtime": 1776256400,
  "views": 18,
  "formatid": "gen9championsvgc2026regma",
  "rating": 1028,
  "private": 0,
  "password": null
}