{
  "id": "gen9championsvgc2026regma-2586099246",
  "format": "[Gen 9 Champions] VGC 2026 Reg M-A",
  "players": [
    "Jaytomonga",
    "EmoAnim"
  ],
  "log": "|j|\u2606Jaytomonga\n|j|\u2606EmoAnim\n|t:|1776398907\n|gametype|doubles\n|player|p1|Jaytomonga|101|1000\n|player|p2|EmoAnim|265|1000\n|gen|9\n|tier|[Gen 9 Champions] VGC 2026 Reg M-A\n|rated|\n|rule|Species Clause: Limit one of each Pok\u00e9mon\n|rule|Item Clause: Limit 1 of each item\n|clearpoke\n|poke|p1|Starmie, L50|\n|poke|p1|Tyranitar, L50, M|\n|poke|p1|Alcremie-Rainbow-Swirl, L50, F|\n|poke|p1|Sableye, L50, M|\n|poke|p1|Snorlax, L50, M|\n|poke|p1|Kangaskhan, L50, F|\n|poke|p2|Toxapex, L50, F|\n|poke|p2|Maushold, L50|\n|poke|p2|Meganium, L50, F|\n|poke|p2|Pelipper, L50, F|\n|poke|p2|Feraligatr, L50, M|\n|poke|p2|Hatterene, L50, F|\n|teampreview|4\n|\n|t:|1776398929\n|teamsize|p1|4\n|teamsize|p2|4\n|start\n|switch|p1a: Patrick|Starmie, L50|100/100\n|switch|p1b: T-tar|Tyranitar, L50, M|100/100\n|switch|p2a: Meganium|Meganium, L50, F, shiny|100/100\n|switch|p2b: Toxapex|Toxapex, L50, F|100/100\n|-weather|Sandstorm|[from] ability: Sand Stream|[of] p1b: T-tar\n|turn|1\n|\n|t:|1776398953\n|switch|p2b: Pelipper|Pelipper, L50, F, shiny|100/100\n|-weather|RainDance|[from] ability: Drizzle|[of] p2b: Pelipper\n|detailschange|p1a: Patrick|Starmie-Mega, L50\n|-mega|p1a: Patrick|Starmie|Starminite\n|detailschange|p2a: Meganium|Meganium-Mega, L50, F, shiny\n|-mega|p2a: Meganium|Meganium|Meganiumite\n|move|p1a: Patrick|Skill Swap|p1b: T-tar\n|-activate|p1a: Patrick|Skill Swap|||[of] p1b: T-tar\n|-weather|Sandstorm|[from] ability: Sand Stream|[of] p1a: Patrick\n|move|p1b: T-tar|Rock Slide|p2a: Meganium|[spread] p2a,p2b\n|-supereffective|p2b: Pelipper|1\n|-damage|p2a: Meganium|46/100\n|-damage|p2b: Pelipper|0 fnt\n|faint|p2b: Pelipper\n|move|p2a: Meganium|Dazzling Gleam|p1a: Patrick|[spread] p1a,p1b\n|-supereffective|p1b: T-tar|1\n|-damage|p1a: Patrick|60/100\n|-damage|p1b: T-tar|33/100\n|\n|-weather|Sandstorm|[upkeep]\n|-damage|p1a: Patrick|55/100|[from] Sandstorm\n|-damage|p2a: Meganium|40/100|[from] Sandstorm\n|upkeep\n|\n|t:|1776398981\n|switch|p2b: Toxapex|Toxapex, L50, F|100/100\n|turn|2\n|\n|t:|1776399003\n|move|p1a: Patrick|Skill Swap|p2a: Meganium\n|-activate|p1a: Patrick|Skill Swap|Mega Sol|Sand Stream|[of] p2a: Meganium\n|move|p1b: T-tar|Rock Slide|p2b: Toxapex|[spread] p2a\n|-miss|p1b: T-tar|p2b: Toxapex\n|-damage|p2a: Meganium|0 fnt\n|faint|p2a: Meganium\n|move|p2b: Toxapex|Liquidation|p1b: T-tar\n|-supereffective|p1b: T-tar|1\n|-damage|p1b: T-tar|0 fnt\n|faint|p1b: T-tar\n|\n|-weather|Sandstorm|[upkeep]\n|-damage|p1a: Patrick|49/100|[from] Sandstorm\n|-damage|p2b: Toxapex|95/100|[from] Sandstorm\n|-heal|p2b: Toxapex|100/100|[from] item: Leftovers\n|upkeep\n|\n|t:|1776399018\n|switch|p1b: GEMS|Sableye, L50, M, shiny|100/100\n|switch|p2a: Feraligatr|Feraligatr, L50, M|100/100\n|turn|3\n|\n|t:|1776399032\n|move|p2b: Toxapex|Baneful Bunker|p2b: Toxapex\n|-singleturn|p2b: Toxapex|move: Protect\n|move|p1b: GEMS|Fake Out|p2a: Feraligatr\n|-damage|p2a: Feraligatr|92/100\n|move|p1a: Patrick|Self-Destruct|p2b: Toxapex|[spread] p2a\n|-activate|p2b: Toxapex|move: Protect\n|-immune|p1b: GEMS\n|-damage|p2a: Feraligatr|37/100\n|faint|p1a: Patrick\n|cant|p2a: Feraligatr|flinch\n|\n|-weather|Sandstorm|[upkeep]\n|-damage|p2a: Feraligatr|31/100|[from] Sandstorm\n|-damage|p1b: GEMS|95/100|[from] Sandstorm\n|-damage|p2b: Toxapex|95/100|[from] Sandstorm\n|-heal|p2b: Toxapex|100/100|[from] item: Leftovers\n|upkeep\n|\n|t:|1776399047\n|switch|p1a: Kabigon|Snorlax, L50, M, shiny|100/100\n|turn|4\n|\n|t:|1776399074\n|move|p2a: Feraligatr|Body Slam|p1a: Kabigon\n|-damage|p1a: Kabigon|66/100\n|move|p1b: GEMS|Foul Play|p2b: Toxapex\n|-damage|p2b: Toxapex|76/100\n|move|p2b: Toxapex|Poison Jab|p1b: GEMS\n|-resisted|p1b: GEMS|1\n|-crit|p1b: GEMS\n|-damage|p1b: GEMS|75/100\n|move|p1a: Kabigon|Hyper Voice|p2a: Feraligatr|[spread] p2a,p2b\n|-damage|p2a: Feraligatr|12/100\n|-damage|p2b: Toxapex|56/100\n|\n|-weather|Sandstorm|[upkeep]\n|-damage|p2a: Feraligatr|5/100|[from] Sandstorm\n|-damage|p1b: GEMS|69/100|[from] Sandstorm\n|-damage|p2b: Toxapex|51/100|[from] Sandstorm\n|-damage|p1a: Kabigon|60/100|[from] Sandstorm\n|-heal|p2b: Toxapex|56/100|[from] item: Leftovers\n|upkeep\n|turn|5\n|\n|t:|1776399112\n|move|p2b: Toxapex|Baneful Bunker|p2b: Toxapex\n|-singleturn|p2b: Toxapex|move: Protect\n|move|p1b: GEMS|Foul Play|p2b: Toxapex\n|-activate|p2b: Toxapex|move: Protect\n|-status|p1b: GEMS|psn\n|move|p1a: Kabigon|Earthquake|p2a: Feraligatr|[spread] p1b,p2a\n|-activate|p2b: Toxapex|move: Protect\n|-damage|p1b: GEMS|42/100 psn\n|-damage|p2a: Feraligatr|0 fnt\n|faint|p2a: Feraligatr\n|\n|-weather|none\n|-heal|p2b: Toxapex|62/100|[from] item: Leftovers\n|-damage|p1b: GEMS|30/100 psn|[from] psn\n|upkeep\n|turn|6\n|inactive|Battle timer is ON: inactive players will automatically lose when time's up. (requested by Jaytomonga)\n|inactive|Jaytomonga has 60 seconds left.\n|\n|t:|1776399146\n|move|p1b: GEMS|Quash|p2b: Toxapex\n|-activate|p2b: Toxapex|move: Quash\n|move|p1a: Kabigon|Self-Destruct|p2b: Toxapex|[spread] p2b\n|-immune|p1b: GEMS\n|-damage|p2b: Toxapex|0 fnt\n|faint|p1a: Kabigon\n|faint|p2b: Toxapex\n|\n|win|Jaytomonga\n|raw|Jaytomonga's rating: 1000 &rarr; <strong>1040</strong><br />(+40 for winning)\n|raw|EmoAnim's rating: 1000 &rarr; <strong>1000</strong><br />(+0 for losing)\n|l|\u2606EmoAnim\n|player|p2|\n",
  "uploadtime": 1776399156,
  "views": 15,
  "formatid": "gen9championsvgc2026regma",
  "rating": 1000,
  "private": 0,
  "password": null
}