{
  "id": "gen9championsvgc2026regma-2587854599",
  "format": "[Gen 9 Champions] VGC 2026 Reg M-A",
  "players": [
    "LUISD13G0com",
    "StrawberryBalloons"
  ],
  "log": "|j|\u2606LUISD13G0com\n|j|\u2606StrawberryBalloons\n|t:|1776570972\n|gametype|doubles\n|player|p1|LUISD13G0com|101|1202\n|player|p2|StrawberryBalloons|fisherman-gen4|1294\n|gen|9\n|tier|[Gen 9 Champions] VGC 2026 Reg M-A\n|rated|\n|rule|Species Clause: Limit one of each Pok\u00e9mon\n|rule|Item Clause: Limit 1 of each item\n|clearpoke\n|poke|p1|Chesnaught, L50, M|\n|poke|p1|Sableye, L50, F, shiny|\n|poke|p1|Basculegion-F, L50, F|\n|poke|p1|Oranguru, L50, M|\n|poke|p1|Primarina, L50, F|\n|poke|p1|Sinistcha, L50|\n|poke|p2|Chimecho, L50, F|\n|poke|p2|Skeledirge, L50, M|\n|poke|p2|Milotic, L50, M|\n|poke|p2|Sinistcha, L50|\n|poke|p2|Floette-Eternal, L50, F|\n|poke|p2|Incineroar, L50, M|\n|teampreview|4\n|inactive|Battle timer is ON: inactive players will automatically lose when time's up. (requested by StrawberryBalloons)\n|inactive|LUISD13G0com has 60 seconds left.\n|inactive|StrawberryBalloons has 60 seconds left.\n|\n|t:|1776571026\n|teamsize|p1|4\n|teamsize|p2|4\n|start\n|switch|p1a: Primarina|Primarina, L50, F|100/100\n|switch|p1b: Sableye|Sableye, L50, F, shiny|100/100\n|switch|p2a: Floette|Floette-Eternal, L50, F|100/100\n|switch|p2b: Chimecho|Chimecho, L50, F|100/100\n|turn|1\n|\n|t:|1776571046\n|detailschange|p2b: Chimecho|Chimecho-Mega, L50, F\n|-mega|p2b: Chimecho|Chimecho|Chimechite\n|move|p1b: Sableye|Fake Out|p2a: Floette\n|-damage|p2a: Floette|91/100\n|cant|p2a: Floette|flinch\n|move|p2b: Chimecho|Cosmic Power|p2b: Chimecho\n|-boost|p2b: Chimecho|def|1\n|-boost|p2b: Chimecho|spd|1\n|move|p1a: Primarina|Moonblast|p2b: Chimecho\n|-resisted|p2b: Chimecho|1\n|-damage|p2b: Chimecho|87/100\n|\n|upkeep\n|turn|2\n|\n|t:|1776571068\n|move|p1b: Sableye|Rain Dance|p1b: Sableye\n|-weather|RainDance\n|move|p2a: Floette|Dazzling Gleam|p1b: Sableye|[spread] p1a,p1b\n|-supereffective|p1b: Sableye|1\n|-damage|p1a: Primarina|72/100\n|-damage|p1b: Sableye|28/100\n|move|p2b: Chimecho|Flash Cannon|p1b: Sableye\n|-damage|p1b: Sableye|0 fnt\n|faint|p1b: Sableye\n|move|p1a: Primarina|Surf|p2b: Chimecho|[spread] p2a,p2b\n|-damage|p2a: Floette|39/100\n|-damage|p2b: Chimecho|52/100\n|\n|-weather|RainDance|[upkeep]\n|upkeep\n|\n|t:|1776571078\n|switch|p1b: Bigboy Chespo|Chesnaught, L50, M|100/100\n|turn|3\n|\n|t:|1776571085\n|detailschange|p1b: Bigboy Chespo|Chesnaught-Mega, L50, M\n|-mega|p1b: Bigboy Chespo|Chesnaught|Chesnaughtite\n|move|p1a: Primarina|Aqua Jet|p2a: Floette\n|-damage|p2a: Floette|16/100\n|move|p2a: Floette|Dazzling Gleam|p1a: Primarina|[spread] p1a,p1b\n|-supereffective|p1b: Bigboy Chespo|1\n|-damage|p1a: Primarina|42/100\n|-damage|p1b: Bigboy Chespo|56/100\n|move|p2b: Chimecho|Cosmic Power|p2b: Chimecho\n|-boost|p2b: Chimecho|def|1\n|-boost|p2b: Chimecho|spd|1\n|move|p1b: Bigboy Chespo|Knock Off|p2b: Chimecho\n|-supereffective|p2b: Chimecho|1\n|-damage|p2b: Chimecho|33/100\n|\n|-weather|RainDance|[upkeep]\n|upkeep\n|turn|4\n|\n|t:|1776571108\n|switch|p2a: Bob|Sinistcha, L50|100/100\n|-heal|p2b: Chimecho|58/100|[from] ability: Hospitality|[of] p2a: Bob\n|move|p1b: Bigboy Chespo|Spiky Shield|p1b: Bigboy Chespo\n|-singleturn|p1b: Bigboy Chespo|move: Protect\n|move|p1a: Primarina|Aqua Jet|p2a: Bob\n|-resisted|p2a: Bob|1\n|-damage|p2a: Bob|90/100\n|move|p2b: Chimecho|Cosmic Power|p2b: Chimecho\n|-boost|p2b: Chimecho|def|1\n|-boost|p2b: Chimecho|spd|1\n|\n|-weather|RainDance|[upkeep]\n|upkeep\n|turn|5\n|\n|t:|1776571121\n|switch|p1a: Sinistcha|Sinistcha, L50|100/100\n|-heal|p1b: Bigboy Chespo|81/100|[from] ability: Hospitality|[of] p1a: Sinistcha\n|move|p2a: Bob|Matcha Gotcha|p1a: Sinistcha|[spread] p1a,p1b\n|-resisted|p1a: Sinistcha|1\n|-resisted|p1b: Bigboy Chespo|1\n|-damage|p1a: Sinistcha|84/100\n|-heal|p2a: Bob|99/100|[from] drain|[of] p1a: Sinistcha\n|-damage|p1b: Bigboy Chespo|70/100\n|-heal|p2a: Bob|100/100|[from] drain|[of] p1b: Bigboy Chespo\n|move|p2b: Chimecho|Cosmic Power|p2b: Chimecho\n|-boost|p2b: Chimecho|def|1\n|-boost|p2b: Chimecho|spd|1\n|move|p1b: Bigboy Chespo|Knock Off|p2a: Bob\n|-supereffective|p2a: Bob|1\n|-enditem|p2a: Bob|Colbur Berry|[eat]\n|-enditem|p2a: Bob|Colbur Berry|[weaken]\n|-damage|p2a: Bob|72/100\n|\n|-weather|RainDance|[upkeep]\n|upkeep\n|turn|6\n|inactive|LUISD13G0com has 30 seconds left.\n|inactive|StrawberryBalloons has 30 seconds left.\n|inactive|LUISD13G0com has 20 seconds left.\n|inactive|LUISD13G0com has 15 seconds left.\n|inactive|LUISD13G0com has 10 seconds left.\n|inactive|LUISD13G0com has 5 seconds left.\n|-message|LUISD13G0com forfeited.\n|\n|win|StrawberryBalloons\n|raw|LUISD13G0com's rating: 1202 &rarr; <strong>1183</strong><br />(-19 for losing)\n|raw|StrawberryBalloons's rating: 1294 &rarr; <strong>1313</strong><br />(+19 for winning)\n|l|\u2606LUISD13G0com\n|player|p1|\n",
  "uploadtime": 1776571175,
  "views": 15,
  "formatid": "gen9championsvgc2026regma",
  "rating": 1183,
  "private": 0,
  "password": null
}