{
  "id": "gen9championsvgc2026regma-2581419189",
  "format": "[Gen 9 Champions] VGC 2026 Reg M-A",
  "players": [
    "indypacer",
    "Bup_Ladder"
  ],
  "log": "|j|\u2606indypacer\n|j|\u2606Bup_Ladder\n|t:|1775998494\n|gametype|doubles\n|player|p1|indypacer|266|1134\n|player|p2|Bup_Ladder|1|1105\n|gen|9\n|tier|[Gen 9 Champions] VGC 2026 Reg M-A\n|rated|\n|rule|Species Clause: Limit one of each Pok\u00e9mon\n|rule|Item Clause: Limit 1 of each item\n|clearpoke\n|poke|p1|Reuniclus, L50, F|\n|poke|p1|Lopunny, L50, F|\n|poke|p1|Incineroar, L50, F|\n|poke|p1|Sinistcha, L50|\n|poke|p1|Glimmora, L50, F|\n|poke|p1|Hydreigon, L50, F|\n|poke|p2|Gardevoir, L50, F|\n|poke|p2|Garchomp, L50, F|\n|poke|p2|Sinistcha, L50|\n|poke|p2|Aerodactyl, L50, M|\n|poke|p2|Rotom-Wash, L50|\n|poke|p2|Incineroar, L50, M|\n|teampreview|4\n|\n|t:|1775998549\n|teamsize|p1|4\n|teamsize|p2|4\n|start\n|switch|p1a: Hydreigon|Hydreigon, L50, F|100/100\n|switch|p1b: Incineroar|Incineroar, L50, F|100/100\n|switch|p2a: Garchomp|Garchomp, L50, F|100/100\n|switch|p2b: Rotom|Rotom-Wash, L50|100/100\n|-ability|p1b: Incineroar|Intimidate|boost\n|-unboost|p2a: Garchomp|atk|1\n|-unboost|p2b: Rotom|atk|1\n|turn|1\n|\n|t:|1775998579\n|switch|p2a: Sinistcha|Sinistcha, L50|100/100\n|move|p1b: Incineroar|Fake Out|p2a: Sinistcha\n|-immune|p2a: Sinistcha\n|move|p1a: Hydreigon|Tailwind|p1a: Hydreigon\n|-sidestart|p1: indypacer|move: Tailwind\n|move|p2b: Rotom|Volt Switch|p1b: Incineroar\n|-damage|p1b: Incineroar|76/100\n|\n|t:|1775998606\n|switch|p2b: Aerodactyl|Aerodactyl, L50, M|100/100|[from] Volt Switch\n|\n|upkeep\n|turn|2\n|\n|t:|1775998627\n|switch|p2a: Garchomp|Garchomp, L50, F|100/100\n|detailschange|p2b: Aerodactyl|Aerodactyl-Mega, L50, M\n|-mega|p2b: Aerodactyl|Aerodactyl|Aerodactylite\n|move|p1a: Hydreigon|Dark Pulse|p2a: Garchomp\n|-damage|p2a: Garchomp|49/100\n|move|p2b: Aerodactyl|Tailwind|p2b: Aerodactyl\n|-sidestart|p2: Bup_Ladder|move: Tailwind\n|move|p1b: Incineroar|Darkest Lariat|p2a: Garchomp\n|-damage|p2a: Garchomp|2/100\n|-damage|p1b: Incineroar|64/100|[from] ability: Rough Skin|[of] p2a: Garchomp\n|\n|upkeep\n|turn|3\n|\n|t:|1775998669\n|move|p1a: Hydreigon|Protect|p1a: Hydreigon\n|-singleturn|p1a: Hydreigon|Protect\n|move|p2a: Garchomp|Earthquake|p1b: Incineroar|[spread] p1b\n|-activate|p1a: Hydreigon|move: Protect\n|-immune|p2b: Aerodactyl\n|-supereffective|p1b: Incineroar|1\n|-damage|p1b: Incineroar|0 fnt\n|faint|p1b: Incineroar\n|move|p2b: Aerodactyl|Dual Wingbeat|p1a: Hydreigon\n|-activate|p1a: Hydreigon|move: Protect\n|\n|upkeep\n|\n|t:|1775998691\n|switch|p1b: Lopunny|Lopunny, L50, F|100/100\n|turn|4\n|\n|t:|1775998709\n|switch|p2a: Sinistcha|Sinistcha, L50|100/100\n|detailschange|p1b: Lopunny|Lopunny-Mega, L50, F\n|-mega|p1b: Lopunny|Lopunny|Lopunnite\n|move|p1b: Lopunny|Fake Out|p2b: Aerodactyl\n|-resisted|p2b: Aerodactyl|1\n|-damage|p2b: Aerodactyl|87/100\n|cant|p2b: Aerodactyl|flinch\n|move|p1a: Hydreigon|Dark Pulse|p2a: Sinistcha\n|-supereffective|p2a: Sinistcha|1\n|-damage|p2a: Sinistcha|20/100\n|\n|-sideend|p1: indypacer|move: Tailwind\n|upkeep\n|turn|5\n|\n|t:|1775998753\n|move|p2b: Aerodactyl|Dual Wingbeat|p1b: Lopunny\n|-supereffective|p1b: Lopunny|1\n|-damage|p1b: Lopunny|36/100\n|-supereffective|p1b: Lopunny|1\n|-damage|p1b: Lopunny|0 fnt\n|faint|p1b: Lopunny\n|-hitcount|p1: Lopunny|2\n|move|p2a: Sinistcha|Life Dew|p2a: Sinistcha|[spread] p2a,p2b\n|-heal|p2a: Sinistcha|45/100\n|-heal|p2b: Aerodactyl|100/100\n|move|p1a: Hydreigon|Draco Meteor|p2b: Aerodactyl\n|-damage|p2b: Aerodactyl|28/100\n|-unboost|p1a: Hydreigon|spa|2\n|\n|-sideend|p2: Bup_Ladder|move: Tailwind\n|upkeep\n|\n|t:|1775998769\n|switch|p1b: Glimmora|Glimmora, L50, F|100/100\n|turn|6\n|\n|t:|1775998800\n|move|p2b: Aerodactyl|Tailwind|p2b: Aerodactyl\n|-sidestart|p2: Bup_Ladder|move: Tailwind\n|move|p2a: Sinistcha|Matcha Gotcha|p1a: Hydreigon|[spread] p1a,p1b\n|-resisted|p1a: Hydreigon|1\n|-damage|p1a: Hydreigon|89/100\n|-heal|p2a: Sinistcha|52/100|[from] drain|[of] p1a: Hydreigon\n|-damage|p1b: Glimmora|73/100\n|-heal|p2a: Sinistcha|66/100|[from] drain|[of] p1b: Glimmora\n|move|p1a: Hydreigon|Dark Pulse|p2a: Sinistcha\n|-supereffective|p2a: Sinistcha|1\n|-damage|p2a: Sinistcha|26/100\n|move|p1b: Glimmora|Power Gem|p2b: Aerodactyl\n|-supereffective|p2b: Aerodactyl|1\n|-damage|p2b: Aerodactyl|0 fnt\n|faint|p2b: Aerodactyl\n|\n|upkeep\n|\n|t:|1775998821\n|switch|p2b: Rotom|Rotom-Wash, L50|100/100\n|turn|7\n|\n|t:|1775998829\n|move|p1b: Glimmora|Spiky Shield|p1b: Glimmora\n|-singleturn|p1b: Glimmora|move: Protect\n|move|p2b: Rotom|Hydro Pump|p1b: Glimmora\n|-activate|p1b: Glimmora|move: Protect\n|move|p2a: Sinistcha|Matcha Gotcha|p1b: Glimmora|[spread] p1a\n|-activate|p1b: Glimmora|move: Protect\n|-resisted|p1a: Hydreigon|1\n|-damage|p1a: Hydreigon|75/100\n|-heal|p2a: Sinistcha|33/100|[from] drain|[of] p1a: Hydreigon\n|move|p1a: Hydreigon|Tailwind|p1a: Hydreigon\n|-sidestart|p1: indypacer|move: Tailwind\n|\n|upkeep\n|turn|8\n|\n|t:|1775998878\n|move|p1a: Hydreigon|Dark Pulse|p2a: Sinistcha\n|-supereffective|p2a: Sinistcha|1\n|-damage|p2a: Sinistcha|0 fnt\n|faint|p2a: Sinistcha\n|move|p2b: Rotom|Electroweb|p1a: Hydreigon|[spread] p1a,p1b\n|-resisted|p1a: Hydreigon|1\n|-damage|p1a: Hydreigon|67/100\n|-damage|p1b: Glimmora|54/100\n|-unboost|p1a: Hydreigon|spe|1\n|-unboost|p1b: Glimmora|spe|1\n|move|p1b: Glimmora|Sludge Bomb|p2b: Rotom\n|-damage|p2b: Rotom|41/100\n|\n|-heal|p2b: Rotom|47/100|[from] item: Leftovers\n|upkeep\n|\n|t:|1775998881\n|switch|p2a: Garchomp|Garchomp, L50, F|2/100\n|turn|9\n|\n|t:|1775998895\n|move|p1a: Hydreigon|Protect|p1a: Hydreigon\n|-singleturn|p1a: Hydreigon|Protect\n|move|p1b: Glimmora|Spiky Shield|p1b: Glimmora\n|-singleturn|p1b: Glimmora|move: Protect\n|move|p2a: Garchomp|Earthquake|p1a: Hydreigon|[spread] \n|-activate|p1a: Hydreigon|move: Protect\n|-activate|p1b: Glimmora|move: Protect\n|-immune|p2b: Rotom|[from] ability: Levitate\n|move|p2b: Rotom|Volt Switch|p1a: Hydreigon\n|-activate|p1a: Hydreigon|move: Protect\n|\n|-heal|p2b: Rotom|53/100|[from] item: Leftovers\n|-sideend|p2: Bup_Ladder|move: Tailwind\n|upkeep\n|turn|10\n|\n|t:|1775998923\n|move|p2a: Garchomp|Earthquake|p1a: Hydreigon|[spread] p1b\n|-immune|p2b: Rotom|[from] ability: Levitate\n|-immune|p1a: Hydreigon|[from] ability: Levitate\n|-supereffective|p1b: Glimmora|2\n|-damage|p1b: Glimmora|0 fnt\n|-activate|p1b: Glimmora|ability: Toxic Debris\n|-sidestart|p2: Bup_Ladder|move: Toxic Spikes\n|faint|p1b: Glimmora\n|move|p1a: Hydreigon|Dark Pulse|p2a: Garchomp\n|-damage|p2a: Garchomp|0 fnt\n|faint|p2a: Garchomp\n|move|p2b: Rotom|Hydro Pump|p1a: Hydreigon\n|-resisted|p1a: Hydreigon|1\n|-damage|p1a: Hydreigon|43/100\n|\n|-heal|p2b: Rotom|58/100|[from] item: Leftovers\n|-sideend|p1: indypacer|move: Tailwind\n|upkeep\n|turn|11\n|\n|t:|1775998942\n|move|p2b: Rotom|Hydro Pump|p1a: Hydreigon|[miss]\n|-miss|p2b: Rotom|p1a: Hydreigon\n|move|p1a: Hydreigon|Dark Pulse|p2b: Rotom\n|-damage|p2b: Rotom|36/100\n|\n|-heal|p2b: Rotom|41/100|[from] item: Leftovers\n|upkeep\n|turn|12\n|\n|t:|1775998951\n|move|p2b: Rotom|Hydro Pump|p1a: Hydreigon\n|-resisted|p1a: Hydreigon|1\n|-damage|p1a: Hydreigon|21/100\n|move|p1a: Hydreigon|Dark Pulse|p2b: Rotom\n|-damage|p2b: Rotom|16/100\n|\n|-heal|p2b: Rotom|22/100|[from] item: Leftovers\n|upkeep\n|turn|13\n|\n|t:|1775998961\n|move|p2b: Rotom|Hydro Pump|p1a: Hydreigon\n|-resisted|p1a: Hydreigon|1\n|-damage|p1a: Hydreigon|0 fnt\n|faint|p1a: Hydreigon\n|\n|win|Bup_Ladder\n|raw|indypacer's rating: 1134 &rarr; <strong>1107</strong><br />(-27 for losing)\n|raw|Bup_Ladder's rating: 1105 &rarr; <strong>1132</strong><br />(+27 for winning)\n",
  "uploadtime": 1775998964,
  "views": 40,
  "formatid": "gen9championsvgc2026regma",
  "rating": 1107,
  "private": 0,
  "password": null
}