{
  "id": "gen9championsvgc2026regma-2581917080",
  "format": "[Gen 9 Champions] VGC 2026 Reg M-A",
  "players": [
    "TheVGChef",
    "zwcrazy"
  ],
  "log": "|j|\u2606TheVGChef\n|j|\u2606zwcrazy\n|t:|1776039547\n|gametype|doubles\n|player|p1|TheVGChef|266|1184\n|player|p2|zwcrazy|beauty-gen4dp|1202\n|gen|9\n|tier|[Gen 9 Champions] VGC 2026 Reg M-A\n|rated|\n|rule|Species Clause: Limit one of each Pok\u00e9mon\n|rule|Item Clause: Limit 1 of each item\n|clearpoke\n|poke|p1|Delphox, L50, M|\n|poke|p1|Basculegion, L50, M|\n|poke|p1|Clefable, L50, M|\n|poke|p1|Kingambit, L50, F|\n|poke|p1|Dragonite, L50, F|\n|poke|p1|Sneasler, L50, M|\n|poke|p2|Kingambit, L50, F|\n|poke|p2|Sneasler, L50, F|\n|poke|p2|Talonflame, L50, M|\n|poke|p2|Garchomp, L50, F|\n|poke|p2|Froslass, L50, F|\n|poke|p2|Milotic, L50, M|\n|teampreview|4\n|\n|t:|1776039595\n|teamsize|p1|4\n|teamsize|p2|4\n|start\n|switch|p1a: Delphox|Delphox, L50, M|100/100\n|switch|p1b: Clefable|Clefable, L50, M|100/100\n|switch|p2a: Milotic|Milotic, L50, M|100/100\n|switch|p2b: Sneasler|Sneasler, L50, F|100/100\n|turn|1\n|\n|t:|1776039617\n|detailschange|p1a: Delphox|Delphox-Mega, L50, M\n|-mega|p1a: Delphox|Delphox|Delphoxite\n|move|p1a: Delphox|Psychic|p2b: Sneasler\n|-supereffective|p2b: Sneasler|2\n|-enditem|p2b: Sneasler|Focus Sash\n|-damage|p2b: Sneasler|1/100\n|move|p2b: Sneasler|Dire Claw|p1b: Clefable\n|-supereffective|p1b: Clefable|1\n|-damage|p1b: Clefable|35/100\n|-enditem|p1b: Clefable|Sitrus Berry|[eat]\n|-heal|p1b: Clefable|60/100|[from] item: Sitrus Berry\n|move|p2a: Milotic|Muddy Water|p1a: Delphox|[spread] p1a,p1b\n|-supereffective|p1a: Delphox|1\n|-damage|p1a: Delphox|40/100\n|-damage|p1b: Clefable|31/100\n|move|p1b: Clefable|Moonblast|p2a: Milotic\n|-damage|p2a: Milotic|78/100\n|\n|-heal|p2a: Milotic|84/100|[from] item: Leftovers\n|upkeep\n|turn|2\n|\n|t:|1776039642\n|move|p2b: Sneasler|Protect|p2b: Sneasler\n|-singleturn|p2b: Sneasler|Protect\n|move|p1a: Delphox|Protect|p1a: Delphox\n|-singleturn|p1a: Delphox|Protect\n|move|p2a: Milotic|Muddy Water|p1a: Delphox|[spread] \n|-activate|p1a: Delphox|move: Protect\n|-miss|p2a: Milotic|p1b: Clefable\n|move|p1b: Clefable|Moonblast|p2b: Sneasler\n|-activate|p2b: Sneasler|move: Protect\n|\n|-heal|p2a: Milotic|90/100|[from] item: Leftovers\n|upkeep\n|turn|3\n|\n|t:|1776039665\n|move|p2b: Sneasler|Dire Claw|p1b: Clefable\n|-supereffective|p1b: Clefable|1\n|-crit|p1b: Clefable\n|-damage|p1b: Clefable|0 fnt\n|faint|p1b: Clefable\n|move|p1a: Delphox|Psychic|p2a: Milotic\n|-damage|p2a: Milotic|50/100\n|move|p2a: Milotic|Muddy Water|p1a: Delphox\n|-supereffective|p1a: Delphox|1\n|-damage|p1a: Delphox|0 fnt\n|faint|p1a: Delphox\n|\n|-heal|p2a: Milotic|56/100|[from] item: Leftovers\n|upkeep\n|\n|t:|1776039668\n|switch|p1a: Basculegion|Basculegion, L50, M|100/100\n|switch|p1b: Sneasler|Sneasler, L50, M|100/100\n|turn|4\n|\n|t:|1776039681\n|move|p2b: Sneasler|Protect|p2b: Sneasler\n|-singleturn|p2b: Sneasler|Protect\n|move|p2a: Milotic|Protect|p2a: Milotic\n|-singleturn|p2a: Milotic|Protect\n|move|p1b: Sneasler|Fake Out|p2b: Sneasler\n|-activate|p2b: Sneasler|move: Protect\n|move|p1a: Basculegion|Last Respects|p2a: Milotic\n|-activate|p2a: Milotic|move: Protect\n|\n|-heal|p2a: Milotic|62/100|[from] item: Leftovers\n|upkeep\n|turn|5\n|\n|t:|1776039721\n|move|p2b: Sneasler|Close Combat|p1b: Sneasler\n|-resisted|p1b: Sneasler|1\n|-damage|p1b: Sneasler|42/100\n|-unboost|p2b: Sneasler|def|1\n|-unboost|p2b: Sneasler|spd|1\n|move|p1a: Basculegion|Last Respects|p2a: Milotic\n|-damage|p2a: Milotic|0 fnt\n|faint|p2a: Milotic\n|move|p1b: Sneasler|Dire Claw|p2b: Sneasler\n|-resisted|p2b: Sneasler|1\n|-damage|p2b: Sneasler|0 fnt\n|faint|p2b: Sneasler\n|\n|upkeep\n|\n|t:|1776039730\n|switch|p2b: Froslass|Froslass, L50, F|100/100\n|switch|p2a: Garchomp|Garchomp, L50, F|100/100\n|turn|6\n|\n|t:|1776039743\n|detailschange|p2b: Froslass|Froslass-Mega, L50, F\n|-mega|p2b: Froslass|Froslass|Froslassite\n|-weather|Snowscape|[from] ability: Snow Warning|[of] p2b: Froslass\n|move|p1b: Sneasler|Protect|p1b: Sneasler\n|-singleturn|p1b: Sneasler|Protect\n|move|p2b: Froslass|Protect|p2b: Froslass\n|-singleturn|p2b: Froslass|Protect\n|move|p1a: Basculegion|Last Respects|p2b: Froslass\n|-activate|p2b: Froslass|move: Protect\n|move|p2a: Garchomp|Earthquake|p1a: Basculegion|[spread] p1a\n|-activate|p2b: Froslass|move: Protect\n|-activate|p1b: Sneasler|move: Protect\n|-damage|p1a: Basculegion|38/100\n|\n|-weather|Snowscape|[upkeep]\n|upkeep\n|turn|7\n|\n|t:|1776039786\n|move|p1a: Basculegion|Last Respects|p2b: Froslass\n|-supereffective|p2b: Froslass|1\n|-damage|p2b: Froslass|0 fnt\n|faint|p2b: Froslass\n|move|p1b: Sneasler|Close Combat|p2a: Garchomp\n|-damage|p2a: Garchomp|37/100\n|-unboost|p1b: Sneasler|def|1\n|-unboost|p1b: Sneasler|spd|1\n|-damage|p1b: Sneasler|30/100|[from] ability: Rough Skin|[of] p2a: Garchomp\n|move|p2a: Garchomp|Stomping Tantrum|p1b: Sneasler\n|-supereffective|p1b: Sneasler|1\n|-damage|p1b: Sneasler|0 fnt\n|faint|p1b: Sneasler\n|\n|-weather|Snowscape|[upkeep]\n|upkeep\n|turn|8\n|\n|t:|1776039802\n|move|p1a: Basculegion|Last Respects|p2a: Garchomp\n|-damage|p2a: Garchomp|0 fnt\n|faint|p2a: Garchomp\n|\n|win|TheVGChef\n|raw|TheVGChef's rating: 1184 &rarr; <strong>1210</strong><br />(+26 for winning)\n|raw|zwcrazy's rating: 1202 &rarr; <strong>1176</strong><br />(-26 for losing)\n|l|\u2606TheVGChef\n|player|p1|\n",
  "uploadtime": 1776039815,
  "views": 12,
  "formatid": "gen9championsvgc2026regma",
  "rating": 1176,
  "private": 0,
  "password": null
}