{
  "id": "gen9championsvgc2026regma-2584257517",
  "format": "[Gen 9 Champions] VGC 2026 Reg M-A",
  "players": [
    "benniovyalt",
    "Terypagos"
  ],
  "log": "|j|\u203dbenniovyalt\n|j|\u2606Terypagos\n|t:|1776244048\n|gametype|doubles\n|player|p1|benniovyalt|bellepa|1334\n|player|p2|Terypagos|turo-ai|1349\n|gen|9\n|tier|[Gen 9 Champions] VGC 2026 Reg M-A\n|rated|\n|rule|Species Clause: Limit one of each Pok\u00e9mon\n|rule|Item Clause: Limit 1 of each item\n|clearpoke\n|poke|p1|Garchomp, L50, F|\n|poke|p1|Incineroar, L50, F|\n|poke|p1|Talonflame, L50, M|\n|poke|p1|Floette-Eternal, L50, F|\n|poke|p1|Maushold, L50|\n|poke|p1|Rotom-Wash, L50|\n|poke|p2|Floette-Eternal, L50, F|\n|poke|p2|Aerodactyl, L50, F|\n|poke|p2|Garchomp, L50, M|\n|poke|p2|Incineroar, L50, F|\n|poke|p2|Basculegion, L50, M|\n|poke|p2|Sneasler, L50, M|\n|teampreview|4\n|\n|t:|1776244108\n|teamsize|p1|4\n|teamsize|p2|4\n|start\n|switch|p1a: Floette|Floette-Eternal, L50, F|100/100\n|switch|p1b: Incineroar|Incineroar, L50, F|100/100\n|switch|p2a: Aerodactyl|Aerodactyl, L50, F|100/100\n|switch|p2b: Floette|Floette-Eternal, L50, F|100/100\n|-ability|p2a: Aerodactyl|Unnerve\n|-ability|p1b: Incineroar|Intimidate|boost\n|-unboost|p2a: Aerodactyl|atk|1\n|-unboost|p2b: Floette|atk|1\n|turn|1\n|j| mynamegrassgreen\n|j| cippino3\n|\n|t:|1776244147\n|detailschange|p1a: Floette|Floette-Mega, L50, F\n|-mega|p1a: Floette|Floette|Floettite\n|-ability|p1a: Floette|Fairy Aura\n|move|p2b: Floette|Protect|p2b: Floette\n|-singleturn|p2b: Floette|Protect\n|move|p1b: Incineroar|Fake Out|p2a: Aerodactyl\n|-resisted|p2a: Aerodactyl|1\n|-damage|p2a: Aerodactyl|93/100\n|cant|p2a: Aerodactyl|flinch\n|move|p1a: Floette|Dazzling Gleam|p2a: Aerodactyl|[spread] p2a\n|-activate|p2b: Floette|move: Protect\n|-damage|p2a: Aerodactyl|33/100\n|\n|upkeep\n|turn|2\n|\n|t:|1776244182\n|detailschange|p2b: Floette|Floette-Mega, L50, F\n|-mega|p2b: Floette|Floette|Floettite\n|-ability|p2b: Floette|Fairy Aura\n|move|p2a: Aerodactyl|Rock Slide|p1a: Floette|[spread] p1a,p1b\n|-supereffective|p1b: Incineroar|1\n|-damage|p1a: Floette|87/100\n|-damage|p1b: Incineroar|71/100\n|move|p2b: Floette|Light of Ruin|p1a: Floette\n|-damage|p1a: Floette|0 fnt\n|faint|p1a: Floette\n|-damage|p2b: Floette|49/100|[from] Recoil\n|move|p1b: Incineroar|Flare Blitz|p2b: Floette\n|-damage|p2b: Floette|0 fnt\n|faint|p2b: Floette\n|-damage|p1b: Incineroar|59/100|[from] Recoil\n|\n|upkeep\n|\n|t:|1776244199\n|switch|p2b: Sneasler|Sneasler, L50, M, shiny|100/100\n|switch|p1a: Talonflame|Talonflame, L50, M|100/100\n|turn|3\n|\n|t:|1776244217\n|switch|p2b: Basculegion|Basculegion, L50, M, shiny|100/100\n|move|p1a: Talonflame|Protect|p1a: Talonflame\n|-singleturn|p1a: Talonflame|Protect\n|move|p2a: Aerodactyl|Tailwind|p2a: Aerodactyl\n|-sidestart|p2: Terypagos|move: Tailwind\n|move|p1b: Incineroar|Throat Chop|p2a: Aerodactyl\n|-damage|p2a: Aerodactyl|0 fnt\n|faint|p2a: Aerodactyl\n|\n|upkeep\n|\n|t:|1776244225\n|switch|p2a: Sneasler|Sneasler, L50, M, shiny|100/100\n|turn|4\n|\n|t:|1776244247\n|move|p1a: Talonflame|Acrobatics|p2a: Sneasler\n|-supereffective|p2a: Sneasler|1\n|-damage|p2a: Sneasler|0 fnt\n|faint|p2a: Sneasler\n|move|p2b: Basculegion|Wave Crash|p1b: Incineroar\n|-supereffective|p1b: Incineroar|1\n|-damage|p1b: Incineroar|0 fnt\n|faint|p1b: Incineroar\n|-damage|p2b: Basculegion|80/100|[from] Recoil\n|\n|upkeep\n|\n|t:|1776244253\n|switch|p1b: Maushold|Maushold, L50|100/100\n|turn|5\n|\n|t:|1776244256\n|move|p1b: Maushold|Follow Me|p1b: Maushold\n|-singleturn|p1b: Maushold|move: Follow Me\n|move|p2b: Basculegion|Wave Crash|p1b: Maushold\n|-enditem|p1b: Maushold|Focus Sash\n|-damage|p1b: Maushold|1/100\n|-damage|p2b: Basculegion|55/100|[from] Recoil\n|move|p1a: Talonflame|Will-O-Wisp|p2b: Basculegion\n|-status|p2b: Basculegion|brn\n|\n|-damage|p2b: Basculegion|49/100 brn|[from] brn\n|upkeep\n|turn|6\n|-message|Terypagos forfeited.\n|\n|win|benniovyalt\n|raw|benniovyalt's rating: 1334 &rarr; <strong>1355</strong><br />(+21 for winning)\n|raw|Terypagos's rating: 1349 &rarr; <strong>1328</strong><br />(-21 for losing)\n|l|\u2606Terypagos\n|player|p2|\n|j|\u2606Terypagos\n|player|p2|Terypagos|turo-ai|\n",
  "uploadtime": 1776244275,
  "views": 32,
  "formatid": "gen9championsvgc2026regma",
  "rating": 1328,
  "private": 0,
  "password": null
}