{
  "id": "gen9championsvgc2026regma-2586324820",
  "format": "[Gen 9 Champions] VGC 2026 Reg M-A",
  "players": [
    "Wakandafinalboss",
    "Zephyr Nox"
  ],
  "log": "|j|\u2606Wakandafinalboss\n|j|\u2606Zephyr Nox\n|t:|1776425404\n|gametype|doubles\n|player|p1|Wakandafinalboss|bruno|1092\n|player|p2|Zephyr Nox|lusamine|1006\n|gen|9\n|tier|[Gen 9 Champions] VGC 2026 Reg M-A\n|rated|\n|rule|Species Clause: Limit one of each Pok\u00e9mon\n|rule|Item Clause: Limit 1 of each item\n|clearpoke\n|poke|p1|Ninetales-Alola, L50, F|\n|poke|p1|Incineroar, L50, M|\n|poke|p1|Politoed, L50, M|\n|poke|p1|Aggron, L50, M|\n|poke|p1|Sinistcha, L50|\n|poke|p1|Archaludon, L50, F|\n|poke|p2|Froslass, L50, F|\n|poke|p2|Incineroar, L50, F|\n|poke|p2|Glaceon, L50, F|\n|poke|p2|Ninetales-Alola, L50, M|\n|poke|p2|Farigiraf, L50, F|\n|poke|p2|Klefki, L50, M|\n|teampreview|4\nZephyr Nox rejected open team sheets.\n|\n|t:|1776425430\n|teamsize|p1|4\n|teamsize|p2|4\n|start\n|switch|p1a: Aggron|Aggron, L50, M|100/100\n|switch|p1b: Ninetales|Ninetales-Alola, L50, F|100/100\n|switch|p2a: Klefki|Klefki, L50, M, shiny|100/100\n|switch|p2b: Incineroar|Incineroar, L50, F, shiny|100/100\n|-weather|Snowscape|[from] ability: Snow Warning|[of] p1b: Ninetales\n|-ability|p2b: Incineroar|Intimidate|boost\n|-unboost|p1a: Aggron|atk|1\n|-unboost|p1b: Ninetales|atk|1\n|turn|1\n|\n|t:|1776425453\n|detailschange|p1a: Aggron|Aggron-Mega, L50, M\n|-mega|p1a: Aggron|Aggron|Aggronite\n|move|p2b: Incineroar|Fake Out|p1b: Ninetales\n|-damage|p1b: Ninetales|90/100\n|move|p2a: Klefki|Thunder Wave|p1a: Aggron|[miss]\n|-miss|p2a: Klefki|p1a: Aggron\n|cant|p1b: Ninetales|flinch\n|move|p1a: Aggron|Iron Defense|p1a: Aggron\n|-boost|p1a: Aggron|def|2\n|\n|-weather|Snowscape|[upkeep]\n|upkeep\n|turn|2\n|\n|t:|1776425478\n|move|p2a: Klefki|Thunder Wave|p1a: Aggron\n|-status|p1a: Aggron|par\n|move|p1b: Ninetales|Blizzard|p2b: Incineroar|[spread] p2a,p2b\n|-resisted|p2a: Klefki|1\n|-resisted|p2b: Incineroar|1\n|-damage|p2a: Klefki|82/100\n|-damage|p2b: Incineroar|84/100\n|move|p2b: Incineroar|Parting Shot|p1a: Aggron\n|-unboost|p1a: Aggron|atk|1\n|-unboost|p1a: Aggron|spa|1\n|\n|t:|1776425487\n|switch|p2b: Froslass|Froslass, L50, F, shiny|100/100|[from] Parting Shot\n|move|p1a: Aggron|Body Press|p2b: Froslass\n|-immune|p2b: Froslass\n|\n|-weather|Snowscape|[upkeep]\n|upkeep\n|turn|3\n|\n|t:|1776425499\n|detailschange|p2b: Froslass|Froslass-Mega, L50, F, shiny\n|-mega|p2b: Froslass|Froslass|Froslassite\n|move|p2a: Klefki|Light Screen|p2a: Klefki\n|-sidestart|p2: Zephyr Nox|move: Light Screen\n|move|p2b: Froslass|Blizzard|p1b: Ninetales|[spread] p1a,p1b\n|-resisted|p1a: Aggron|1\n|-resisted|p1b: Ninetales|1\n|-damage|p1a: Aggron|81/100 par\n|-damage|p1b: Ninetales|63/100\n|move|p1b: Ninetales|Moonblast|p2a: Klefki\n|-resisted|p2a: Klefki|1\n|-damage|p2a: Klefki|68/100\n|-unboost|p2a: Klefki|spa|1\n|cant|p1a: Aggron|par\n|\n|-weather|Snowscape|[upkeep]\n|upkeep\n|turn|4\n|\n|t:|1776425520\n|move|p2a: Klefki|Reflect|p2a: Klefki\n|-sidestart|p2: Zephyr Nox|Reflect\n|move|p2b: Froslass|Shadow Ball|p1a: Aggron\n|-damage|p1a: Aggron|42/100 par\n|move|p1b: Ninetales|Blizzard|p2a: Klefki|[spread] p2a,p2b\n|-resisted|p2a: Klefki|1\n|-resisted|p2b: Froslass|1\n|-damage|p2a: Klefki|56/100\n|-damage|p2b: Froslass|89/100\n|move|p1a: Aggron|Heavy Slam|p2b: Froslass\n|-supereffective|p2b: Froslass|1\n|-damage|p2b: Froslass|48/100\n|\n|-weather|Snowscape|[upkeep]\n|upkeep\n|turn|5\n|\n|t:|1776425543\n|switch|p1b: Sinistcha|Sinistcha, L50|100/100\n|-heal|p1a: Aggron|67/100 par|[from] ability: Hospitality|[of] p1b: Sinistcha\n|move|p2a: Klefki|Thunder Wave|p1b: Sinistcha\n|-status|p1b: Sinistcha|par\n|move|p2b: Froslass|Shadow Ball|p1a: Aggron\n|-damage|p1a: Aggron|32/100 par\n|-unboost|p1a: Aggron|spd|1\n|move|p1a: Aggron|Heavy Slam|p2b: Froslass\n|-supereffective|p2b: Froslass|1\n|-damage|p2b: Froslass|2/100\n|\n|-weather|none\n|upkeep\n|turn|6\n|\n|t:|1776425560\n|move|p1b: Sinistcha|Rage Powder|p1b: Sinistcha\n|-singleturn|p1b: Sinistcha|move: Rage Powder\n|move|p2b: Froslass|Shadow Ball|p1b: Sinistcha\n|-supereffective|p1b: Sinistcha|1\n|-damage|p1b: Sinistcha|9/100 par\n|move|p2a: Klefki|Dazzling Gleam|p1b: Sinistcha|[spread] p1a,p1b\n|-resisted|p1a: Aggron|1\n|-damage|p1a: Aggron|24/100 par\n|-damage|p1b: Sinistcha|0 fnt\n|faint|p1b: Sinistcha\n|move|p1a: Aggron|Heavy Slam|p2b: Froslass\n|-supereffective|p2b: Froslass|1\n|-damage|p2b: Froslass|0 fnt\n|faint|p2b: Froslass\n|\n|upkeep\n|\n|t:|1776425575\n|switch|p2b: Incineroar|Incineroar, L50, F, shiny|84/100\n|switch|p1b: Incineroar|Incineroar, L50, M|100/100\n|-ability|p2b: Incineroar|Intimidate|boost\n|-unboost|p1a: Aggron|atk|1\n|-unboost|p1b: Incineroar|atk|1\n|-ability|p1b: Incineroar|Intimidate|boost\n|-unboost|p2a: Klefki|atk|1\n|-unboost|p2b: Incineroar|atk|1\n|turn|7\n|\n|t:|1776425587\n|move|p2b: Incineroar|Fake Out|p1a: Aggron\n|-resisted|p1a: Aggron|1\n|-damage|p1a: Aggron|23/100 par\n|move|p1b: Incineroar|Fake Out|p2b: Incineroar\n|-damage|p2b: Incineroar|80/100\n|move|p2a: Klefki|Dazzling Gleam|p1b: Incineroar|[spread] p1a,p1b\n|-resisted|p1a: Aggron|1\n|-damage|p1a: Aggron|15/100 par\n|-damage|p1b: Incineroar|90/100\n|cant|p1a: Aggron|flinch\n|\n|-heal|p2b: Incineroar|86/100|[from] item: Leftovers\n|-sideend|p2: Zephyr Nox|move: Light Screen\n|upkeep\n|turn|8\n|\n|t:|1776425608\n|move|p2a: Klefki|Light Screen|p2a: Klefki\n|-sidestart|p2: Zephyr Nox|move: Light Screen\n|move|p2b: Incineroar|Flare Blitz|p1a: Aggron\n|-supereffective|p1a: Aggron|1\n|-damage|p1a: Aggron|4/100 par\n|-damage|p2b: Incineroar|83/100|[from] Recoil\n|move|p1b: Incineroar|Flare Blitz|p2a: Klefki\n|-supereffective|p2a: Klefki|1\n|-damage|p2a: Klefki|15/100\n|-damage|p1b: Incineroar|79/100|[from] Recoil\n|move|p1a: Aggron|Body Press|p2b: Incineroar\n|-supereffective|p2b: Incineroar|1\n|-damage|p2b: Incineroar|0 fnt\n|faint|p2b: Incineroar\n|\n|-sideend|p2: Zephyr Nox|Reflect\n|upkeep\n|\n|t:|1776425621\n|switch|p2b: Ninetales|Ninetales-Alola, L50, M, shiny|100/100\n|-weather|Snowscape|[from] ability: Snow Warning|[of] p2b: Ninetales\n|turn|9\n|\n|t:|1776425636\n|move|p2a: Klefki|Reflect|p2a: Klefki\n|-sidestart|p2: Zephyr Nox|Reflect\n|move|p2b: Ninetales|Blizzard|p1b: Incineroar|[spread] p1a,p1b\n|-resisted|p1a: Aggron|1\n|-resisted|p1b: Incineroar|1\n|-damage|p1a: Aggron|0 fnt\n|-damage|p1b: Incineroar|63/100\n|faint|p1a: Aggron\n|move|p1b: Incineroar|Flare Blitz|p2b: Ninetales\n|-supereffective|p2b: Ninetales|1\n|-damage|p2b: Ninetales|63/100\n|-damage|p1b: Incineroar|53/100|[from] Recoil\n|\n|-weather|Snowscape|[upkeep]\n|upkeep\n|\n|t:|1776425641\n|switch|p1a: Ninetales|Ninetales-Alola, L50, F|63/100\n|turn|10\n|\n|t:|1776425657\n|move|p2a: Klefki|Thunder Wave|p1a: Ninetales\n|-status|p1a: Ninetales|par\n|move|p2b: Ninetales|Dazzling Gleam|p1a: Ninetales|[spread] p1a,p1b\n|-damage|p1a: Ninetales|32/100 par\n|-damage|p1b: Incineroar|34/100\n|move|p1a: Ninetales|Aurora Veil|p1a: Ninetales\n|-sidestart|p1: Wakandafinalboss|move: Aurora Veil\n|move|p1b: Incineroar|Flare Blitz|p2a: Klefki\n|-supereffective|p2a: Klefki|1\n|-damage|p2a: Klefki|0 fnt\n|faint|p2a: Klefki\n|-damage|p1b: Incineroar|30/100|[from] Recoil\n|\n|-weather|Snowscape|[upkeep]\n|upkeep\n|turn|11\n|\n|t:|1776425675\n|move|p2b: Ninetales|Blizzard|p1b: Incineroar|[spread] p1a,p1b\n|-resisted|p1a: Ninetales|1\n|-resisted|p1b: Incineroar|1\n|-damage|p1a: Ninetales|17/100 par\n|-damage|p1b: Incineroar|19/100\n|move|p1a: Ninetales|Moonblast|p2b: Ninetales\n|-damage|p2b: Ninetales|38/100\n|move|p1b: Incineroar|Flare Blitz|p2b: Ninetales\n|-supereffective|p2b: Ninetales|1\n|-damage|p2b: Ninetales|3/100\n|-damage|p1b: Incineroar|10/100|[from] Recoil\n|\n|-weather|Snowscape|[upkeep]\n|upkeep\n|turn|12\n|-activate|p1b: Incineroar|item: Quick Claw\n|\n|t:|1776425697\n|move|p1b: Incineroar|Flare Blitz|p2b: Ninetales\n|-supereffective|p2b: Ninetales|1\n|-damage|p2b: Ninetales|0 fnt\n|faint|p2b: Ninetales\n|-damage|p1b: Incineroar|10/100|[from] Recoil\n|\n|win|Wakandafinalboss\n|raw|Wakandafinalboss's rating: 1092 &rarr; <strong>1112</strong><br />(+20 for winning)\n|raw|Zephyr Nox's rating: 1006 &rarr; <strong>1000</strong><br />(-6 for losing)\n|c|\u2606Wakandafinalboss|gg\n",
  "uploadtime": 1776425705,
  "views": 24,
  "formatid": "gen9championsvgc2026regma",
  "rating": 1000,
  "private": 0,
  "password": null
}