{
  "id": "gen9championsvgc2026regma-2583539899",
  "format": "[Gen 9 Champions] VGC 2026 Reg M-A",
  "players": [
    "ExynosOS",
    "Hadrian Blue"
  ],
  "log": "|j|\u2606ExynosOS\n|j|\u2606Hadrian Blue\n|t:|1776182069\n|gametype|doubles\n|player|p1|ExynosOS|volkner|\n|player|p2|Hadrian Blue|palmer|\n|gen|9\n|tier|[Gen 9 Champions] VGC 2026 Reg M-A\n|rule|Species Clause: Limit one of each Pok\u00e9mon\n|rule|Item Clause: Limit 1 of each item\n|clearpoke\n|poke|p1|Tyranitar, L50, M|\n|poke|p1|Garchomp, L50, F|\n|poke|p1|Talonflame, L50, F|\n|poke|p1|Corviknight, L50, F|\n|poke|p1|Aegislash, L50, F|\n|poke|p1|Rotom-Wash, L50|\n|poke|p2|Dragapult, L50, F|\n|poke|p2|Kingambit, L50, M|\n|poke|p2|Froslass, L50, F|\n|poke|p2|Hydreigon, L50, M|\n|poke|p2|Whimsicott, L50, F|\n|poke|p2|Sneasler, L50, F|\n|teampreview|4\n|\n|t:|1776182131\n|teamsize|p1|4\n|teamsize|p2|4\n|start\n|switch|p1a: Tyranitar|Tyranitar, L50, M, shiny|100/100\n|switch|p1b: Corviknight|Corviknight, L50, F|100/100\n|switch|p2a: Froslass|Froslass, L50, F|100/100\n|switch|p2b: Whimsicott|Whimsicott, L50, F|100/100\n|-weather|Sandstorm|[from] ability: Sand Stream|[of] p1a: Tyranitar\n|turn|1\n|\n|t:|1776182183\n|detailschange|p2a: Froslass|Froslass-Mega, L50, F\n|-mega|p2a: Froslass|Froslass|Froslassite\n|-weather|Snowscape|[from] ability: Snow Warning|[of] p2a: Froslass\n|detailschange|p1a: Tyranitar|Tyranitar-Mega, L50, M, shiny\n|-mega|p1a: Tyranitar|Tyranitar|Tyranitarite\n|-weather|Sandstorm|[from] ability: Sand Stream|[of] p1a: Tyranitar\n|move|p2b: Whimsicott|Tailwind|p2b: Whimsicott\n|-sidestart|p2: Hadrian Blue|move: Tailwind\n|move|p2a: Froslass|Aurora Veil||[still]\n|-fail|p2a: Froslass\n|move|p1a: Tyranitar|Knock Off|p2a: Froslass\n|-supereffective|p2a: Froslass|1\n|-damage|p2a: Froslass|0 fnt\n|faint|p2a: Froslass\n|move|p1b: Corviknight|Iron Head|p2b: Whimsicott\n|-supereffective|p2b: Whimsicott|1\n|-damage|p2b: Whimsicott|32/100\n|\n|-weather|Sandstorm|[upkeep]\n|-damage|p2b: Whimsicott|26/100|[from] Sandstorm\n|upkeep\n|\n|t:|1776182212\n|switch|p2a: Sneasler|Sneasler, L50, F|100/100\n|turn|2\n|\n|t:|1776182249\n|move|p2b: Whimsicott|Encore|p1b: Corviknight\n|-start|p1b: Corviknight|Encore\n|move|p2a: Sneasler|Close Combat|p1a: Tyranitar\n|-supereffective|p1a: Tyranitar|2\n|-damage|p1a: Tyranitar|0 fnt\n|-unboost|p2a: Sneasler|def|1\n|-unboost|p2a: Sneasler|spd|1\n|faint|p1a: Tyranitar\n|move|p1b: Corviknight|Iron Head|p2b: Whimsicott\n|-supereffective|p2b: Whimsicott|1\n|-damage|p2b: Whimsicott|0 fnt\n|faint|p2b: Whimsicott\n|\n|-weather|Sandstorm|[upkeep]\n|-damage|p2a: Sneasler|95/100|[from] Sandstorm\n|upkeep\n|\n|t:|1776182270\n|switch|p2b: Hydreigon|Hydreigon, L50, M|100/100\n|switch|p1a: Garchomp|Garchomp, L50, F|100/100\n|turn|3\n|\n|t:|1776182303\n|switch|p1a: Rotom|Rotom-Wash, L50, shiny|100/100\n|move|p2a: Sneasler|Close Combat|p1a: Rotom\n|-damage|p1a: Rotom|33/100\n|-unboost|p2a: Sneasler|def|1\n|-unboost|p2a: Sneasler|spd|1\n|move|p2b: Hydreigon|Heat Wave|p1b: Corviknight|[spread] p1a,p1b\n|-resisted|p1a: Rotom|1\n|-supereffective|p1b: Corviknight|1\n|-damage|p1a: Rotom|24/100\n|-damage|p1b: Corviknight|51/100\n|move|p1b: Corviknight|Iron Head|p2a: Sneasler\n|-damage|p2a: Sneasler|2/100\n|\n|-weather|Sandstorm|[upkeep]\n|-damage|p2a: Sneasler|0 fnt|[from] Sandstorm\n|-damage|p2b: Hydreigon|95/100|[from] Sandstorm\n|-damage|p1a: Rotom|18/100|[from] Sandstorm\n|faint|p2a: Sneasler\n|upkeep\n|turn|4\n|\n|t:|1776182341\n|move|p2b: Hydreigon|Heat Wave|p1b: Corviknight|[spread] p1a,p1b\n|-resisted|p1a: Rotom|1\n|-supereffective|p1b: Corviknight|1\n|-damage|p1a: Rotom|9/100\n|-damage|p1b: Corviknight|1/100\n|-enditem|p1b: Corviknight|Sitrus Berry|[eat]\n|-heal|p1b: Corviknight|26/100|[from] item: Sitrus Berry\n|move|p1a: Rotom|Volt Switch|p2b: Hydreigon\n|-resisted|p2b: Hydreigon|1\n|-damage|p2b: Hydreigon|77/100\n|\n|t:|1776182353\n|switch|p1a: Garchomp|Garchomp, L50, F|100/100|[from] Volt Switch\n|move|p1b: Corviknight|Iron Head|p2b: Hydreigon\n|-damage|p2b: Hydreigon|47/100\n|\n|-weather|Sandstorm|[upkeep]\n|-damage|p2b: Hydreigon|41/100|[from] Sandstorm\n|-end|p1b: Corviknight|Encore\n|-sideend|p2: Hadrian Blue|move: Tailwind\n|upkeep\n|turn|5\n|\n|t:|1776182369\n|move|p2b: Hydreigon|Draco Meteor|p1a: Garchomp\n|-supereffective|p1a: Garchomp|1\n|-damage|p1a: Garchomp|0 fnt\n|-unboost|p2b: Hydreigon|spa|2\n|faint|p1a: Garchomp\n|-enditem|p2b: Hydreigon|White Herb\n|-clearnegativeboost|p2b: Hydreigon|[silent]\n|move|p1b: Corviknight|Body Press|p2b: Hydreigon\n|-supereffective|p2b: Hydreigon|1\n|-damage|p2b: Hydreigon|0 fnt\n|faint|p2b: Hydreigon\n|\n|win|ExynosOS\n|l|\u2606Hadrian Blue\n|player|p2|\n",
  "uploadtime": 1776183007,
  "views": 11,
  "formatid": "gen9championsvgc2026regma",
  "rating": null,
  "private": 0,
  "password": null
}