{
  "id": "gen9championsvgc2026regma-2587211659",
  "format": "[Gen 9 Champions] VGC 2026 Reg M-A",
  "players": [
    "hide on whimscott",
    "Pa7mmm"
  ],
  "log": "|j|\u2606hide on whimscott\n|j|\u2606Pa7mmm\n|t:|1776509558\n|gametype|doubles\n|player|p1|hide on whimscott|artist-gen4|1360\n|player|p2|Pa7mmm|2|1363\n|gen|9\n|tier|[Gen 9 Champions] VGC 2026 Reg M-A\n|rated|\n|rule|Species Clause: Limit one of each Pok\u00e9mon\n|rule|Item Clause: Limit 1 of each item\n|clearpoke\n|poke|p1|Kingambit, L50, F|\n|poke|p1|Kangaskhan, L50, F|\n|poke|p1|Blastoise, L50, F|\n|poke|p1|Sinistcha, L50|\n|poke|p1|Aerodactyl, L50, M|\n|poke|p1|Farigiraf, L50, F|\n|poke|p2|Corviknight, L50, F|\n|poke|p2|Garchomp, L50, F|\n|poke|p2|Sinistcha, L50|\n|poke|p2|Incineroar, L50, M|\n|poke|p2|Venusaur, L50, F|\n|poke|p2|Tyranitar, L50, M|\n|teampreview|4\n|inactive|Battle timer is ON: inactive players will automatically lose when time's up. (requested by Pa7mmm)\n|inactive|hide on whimscott has 60 seconds left.\n|inactive|Pa7mmm has 60 seconds left.\n|\n|t:|1776509597\n|teamsize|p1|4\n|teamsize|p2|4\n|start\n|switch|p1a: Sinistcha|Sinistcha, L50|100/100\n|switch|p1b: Blastoise|Blastoise, L50, F|100/100\n|switch|p2a: Incineroar|Incineroar, L50, M|100/100\n|switch|p2b: Venusaur|Venusaur, L50, F|100/100\n|-ability|p2a: Incineroar|Intimidate|boost\n|-unboost|p1a: Sinistcha|atk|1\n|-unboost|p1b: Blastoise|atk|1\n|turn|1\n|\n|t:|1776509614\n|detailschange|p2b: Venusaur|Venusaur-Mega, L50, F\n|-mega|p2b: Venusaur|Venusaur|Venusaurite\n|detailschange|p1b: Blastoise|Blastoise-Mega, L50, F\n|-mega|p1b: Blastoise|Blastoise|Blastoisinite\n|move|p1b: Blastoise|Fake Out|p2b: Venusaur\n|-damage|p2b: Venusaur|95/100\n|cant|p2b: Venusaur|flinch\n|move|p2a: Incineroar|Flare Blitz|p1a: Sinistcha\n|-supereffective|p1a: Sinistcha|1\n|-damage|p1a: Sinistcha|20/100\n|-damage|p2a: Incineroar|77/100|[from] Recoil\n|move|p1a: Sinistcha|Trick Room|p1a: Sinistcha\n|-fieldstart|move: Trick Room|[of] p1a: Sinistcha\n|\n|upkeep\n|turn|2\n|\n|t:|1776509632\n|switch|p1a: Kingambit|Kingambit, L50, F|100/100\n|move|p2a: Incineroar|Parting Shot|p1b: Blastoise\n|-unboost|p1b: Blastoise|atk|1\n|-unboost|p1b: Blastoise|spa|1\n|\n|t:|1776509640\n|switch|p2a: Sinistcha|Sinistcha, L50|100/100|[from] Parting Shot\n|-heal|p2b: Venusaur|100/100|[from] ability: Hospitality|[of] p2a: Sinistcha\n|move|p1b: Blastoise|Water Spout|p2b: Venusaur|[spread] p2a,p2b\n|-resisted|p2a: Sinistcha|1\n|-resisted|p2b: Venusaur|1\n|-damage|p2a: Sinistcha|76/100\n|-damage|p2b: Venusaur|84/100\n|move|p2b: Venusaur|Leech Seed|p1b: Blastoise\n|-start|p1b: Blastoise|move: Leech Seed\n|\n|-damage|p1b: Blastoise|88/100|[from] Leech Seed|[of] p2b: Venusaur\n|-heal|p2b: Venusaur|97/100|[silent]\n|upkeep\n|turn|3\n|\n|t:|1776509662\n|switch|p1b: Farigiraf|Farigiraf, L50, F|100/100\n|move|p1a: Kingambit|Kowtow Cleave|p2a: Sinistcha\n|-supereffective|p2a: Sinistcha|1\n|-damage|p2a: Sinistcha|0 fnt\n|faint|p2a: Sinistcha\n|move|p2b: Venusaur|Leech Seed|p1a: Kingambit|[miss]\n|-miss|p2b: Venusaur|p1a: Kingambit\n|\n|upkeep\n|\n|t:|1776509670\n|switch|p2a: Garchomp|Garchomp, L50, F|100/100\n|turn|4\n|inactive|hide on whimscott has 30 seconds left.\n|\n|t:|1776509695\n|move|p1b: Farigiraf|Helping Hand|p1a: Kingambit\n|-singleturn|p1a: Kingambit|Helping Hand|[of] p1b: Farigiraf\n|move|p1a: Kingambit|Kowtow Cleave|p2b: Venusaur\n|-damage|p2b: Venusaur|32/100\n|move|p2b: Venusaur|Earth Power|p1a: Kingambit\n|-supereffective|p1a: Kingambit|1\n|-damage|p1a: Kingambit|42/100\n|move|p2a: Garchomp|Earthquake|p1b: Farigiraf|[spread] p2b,p1a,p1b\n|-supereffective|p1a: Kingambit|1\n|-damage|p2b: Venusaur|0 fnt\n|-damage|p1a: Kingambit|0 fnt\n|-damage|p1b: Farigiraf|74/100\n|faint|p2b: Venusaur\n|faint|p1a: Kingambit\n|\n|upkeep\n|\n|t:|1776509706\n|switch|p1a: Blastoise|Blastoise-Mega, L50, F|88/100\n|switch|p2b: Incineroar|Incineroar, L50, M|77/100\n|-ability|p2b: Incineroar|Intimidate|boost\n|-unboost|p1a: Blastoise|atk|1\n|-unboost|p1b: Farigiraf|atk|1\n|turn|5\n|-message|Pa7mmm forfeited.\n|\n|win|hide on whimscott\n|raw|hide on whimscott's rating: 1360 &rarr; <strong>1380</strong><br />(+20 for winning)\n|raw|Pa7mmm's rating: 1363 &rarr; <strong>1343</strong><br />(-20 for losing)\n",
  "uploadtime": 1776509713,
  "views": 27,
  "formatid": "gen9championsvgc2026regma",
  "rating": 1343,
  "private": 0,
  "password": null
}