{
  "id": "gen9championsvgc2026regma-2580483170",
  "format": "[Gen 9 Champions] VGC 2026 Reg M-A",
  "players": [
    "sahamas",
    "sdfgg"
  ],
  "log": "|j|\u2606sahamas\n|j|\u2606sdfgg\n|t:|1775903168\n|gametype|doubles\n|player|p1|sahamas|101|1013\n|player|p2|sdfgg|cynthia-gen4|1099\n|gen|9\n|tier|[Gen 9 Champions] VGC 2026 Reg M-A\n|rated|\n|rule|Species Clause: Limit one of each Pok\u00e9mon\n|rule|Item Clause: Limit 1 of each item\n|clearpoke\n|poke|p1|Pelipper, L50, F|\n|poke|p1|Sylveon, L50, F|\n|poke|p1|Tyranitar, L50, F|\n|poke|p1|Rotom-Wash, L50|\n|poke|p1|Dragonite, L50, M|\n|poke|p1|Palafin, L50, F|\n|poke|p2|Sneasler, L50, F|\n|poke|p2|Farigiraf, L50, F|\n|poke|p2|Incineroar, L50, F|\n|poke|p2|Dragapult, L50, F|\n|poke|p2|Whimsicott, L50, M|\n|poke|p2|Milotic, L50, M|\n|teampreview|4\n|\n|t:|1775903225\n|teamsize|p1|4\n|teamsize|p2|4\n|start\n|switch|p1a: Pelipper|Pelipper, L50, F, shiny|100/100\n|switch|p1b: Palafin|Palafin, L50, F, shiny|100/100\n|switch|p2a: Dragapult|Dragapult, L50, F|100/100\n|switch|p2b: Whimsicott|Whimsicott, L50, M|100/100\n|-weather|RainDance|[from] ability: Drizzle|[of] p1a: Pelipper\n|turn|1\n|\n|t:|1775903245\n|move|p2b: Whimsicott|Sunny Day|p2b: Whimsicott\n|-weather|SunnyDay\n|move|p2a: Dragapult|Phantom Force||[still]\n|-prepare|p2a: Dragapult|Phantom Force\n|move|p1b: Palafin|Flip Turn|p2b: Whimsicott\n|-resisted|p2b: Whimsicott|1\n|-damage|p2b: Whimsicott|92/100\n|\n|t:|1775903256\n|detailschange|p1b: Palafin|Palafin-Hero, L50, F, shiny\n|switch|p1b: Tyranitar|Tyranitar, L50, F|100/100|[from] Flip Turn\n|-ability|p1b: Tyranitar|Unnerve\n|move|p1a: Pelipper|Hurricane|p2b: Whimsicott\n|-supereffective|p2b: Whimsicott|1\n|-damage|p2b: Whimsicott|0 fnt\n|faint|p2b: Whimsicott\n|\n|-weather|SunnyDay|[upkeep]\n|upkeep\n|\n|t:|1775903266\n|switch|p2b: Sneasler|Sneasler, L50, F|100/100\n|turn|2\n|\n|t:|1775903280\n|switch|p1a: Palafin|Palafin-Hero, L50, F, shiny|100/100\n|-activate|p1a: Palafin|ability: Zero to Hero\n|move|p1b: Tyranitar|Protect|p1b: Tyranitar\n|-singleturn|p1b: Tyranitar|Protect\n|move|p2b: Sneasler|Fake Out|p1b: Tyranitar\n|-activate|p1b: Tyranitar|move: Protect\n|move|p2a: Dragapult|Phantom Force|p1a: Palafin|[from] lockedmove\n|-damage|p1a: Palafin|50/100\n|\n|-weather|SunnyDay|[upkeep]\n|upkeep\n|turn|3\n|\n|t:|1775903300\n|switch|p1b: Sylveon|Sylveon, L50, F, shiny|100/100\n|move|p2a: Dragapult|Phantom Force||[still]\n|-prepare|p2a: Dragapult|Phantom Force\n|move|p2b: Sneasler|Close Combat|p1b: Sylveon\n|-resisted|p1b: Sylveon|1\n|-damage|p1b: Sylveon|55/100\n|-unboost|p2b: Sneasler|def|1\n|-unboost|p2b: Sneasler|spd|1\n|-enditem|p2b: Sneasler|White Herb\n|-clearnegativeboost|p2b: Sneasler|[silent]\n|move|p1a: Palafin|Throat Chop|p2a: Dragapult|[miss]\n|-miss|p1a: Palafin|p2a: Dragapult\n|\n|-weather|SunnyDay|[upkeep]\n|upkeep\n|turn|4\n|\n|t:|1775903323\n|switch|p1a: Pelipper|Pelipper, L50, F, shiny|100/100\n|-weather|RainDance|[from] ability: Drizzle|[of] p1a: Pelipper\n|move|p1b: Sylveon|Protect|p1b: Sylveon\n|-singleturn|p1b: Sylveon|Protect\n|move|p2b: Sneasler|Dire Claw|p1b: Sylveon\n|-activate|p1b: Sylveon|move: Protect\n|move|p2a: Dragapult|Phantom Force|p1a: Pelipper|[from] lockedmove\n|-crit|p1a: Pelipper\n|-damage|p1a: Pelipper|16/100\n|\n|-weather|RainDance|[upkeep]\n|upkeep\n|turn|5\n|\n|t:|1775903356\n|move|p2b: Sneasler|Dire Claw|p1b: Sylveon\n|-supereffective|p1b: Sylveon|1\n|-crit|p1b: Sylveon\n|-damage|p1b: Sylveon|0 fnt\n|faint|p1b: Sylveon\n|move|p2a: Dragapult|Dragon Darts|p1a: Pelipper\n|-damage|p1a: Pelipper|0 fnt\n|faint|p1a: Pelipper\n|\n|-weather|RainDance|[upkeep]\n|upkeep\n|\n|t:|1775903367\n|switch|p1a: Tyranitar|Tyranitar, L50, F|100/100\n|switch|p1b: Palafin|Palafin-Hero, L50, F, shiny|50/100\n|-ability|p1a: Tyranitar|Unnerve\n|turn|6\n|\n|t:|1775903390\n|move|p2a: Dragapult|Protect|p2a: Dragapult\n|-singleturn|p2a: Dragapult|Protect\n|move|p1a: Tyranitar|Protect|p1a: Tyranitar\n|-singleturn|p1a: Tyranitar|Protect\n|move|p1b: Palafin|Jet Punch|p2b: Sneasler\n|-damage|p2b: Sneasler|0 fnt\n|faint|p2b: Sneasler\n|\n|-weather|RainDance|[upkeep]\n|upkeep\n|\n|t:|1775903399\n|switch|p2b: Incineroar|Incineroar, L50, F|100/100\n|-ability|p2b: Incineroar|Intimidate|boost\n|-unboost|p1a: Tyranitar|atk|1\n|-unboost|p1b: Palafin|atk|1\n|turn|7\n|\n|t:|1775903415\n|move|p2b: Incineroar|Fake Out|p1b: Palafin\n|-damage|p1b: Palafin|37/100\n|move|p2a: Dragapult|Phantom Force||[still]\n|-prepare|p2a: Dragapult|Phantom Force\n|cant|p1b: Palafin|flinch\n|move|p1a: Tyranitar|Rock Slide|p2b: Incineroar|[spread] p2b\n|-miss|p1a: Tyranitar|p2a: Dragapult\n|-supereffective|p2b: Incineroar|1\n|-damage|p2b: Incineroar|57/100\n|\n|-weather|RainDance|[upkeep]\n|upkeep\n|turn|8\n|\n|t:|1775903434\n|move|p2b: Incineroar|Protect|p2b: Incineroar\n|-singleturn|p2b: Incineroar|Protect\n|move|p1b: Palafin|Jet Punch|p2b: Incineroar\n|-activate|p2b: Incineroar|move: Protect\n|move|p2a: Dragapult|Phantom Force|p1b: Palafin|[from] lockedmove\n|-damage|p1b: Palafin|0 fnt\n|faint|p1b: Palafin\n|move|p1a: Tyranitar|Thunder|p2a: Dragapult\n|-resisted|p2a: Dragapult|1\n|-damage|p2a: Dragapult|87/100\n|\n|-weather|none\n|upkeep\n|turn|9\n|-message|sahamas forfeited.\n|\n|win|sdfgg\n|raw|sahamas's rating: 1013 &rarr; <strong>1004</strong><br />(-9 for losing)\n|raw|sdfgg's rating: 1099 &rarr; <strong>1118</strong><br />(+19 for winning)\n|l|\u2606sahamas\n|player|p1|\n",
  "uploadtime": 1775903454,
  "views": 13,
  "formatid": "gen9championsvgc2026regma",
  "rating": 1004,
  "private": 0,
  "password": null
}