{
  "id": "gen9championsvgc2026regma-2581287101",
  "format": "[Gen 9 Champions] VGC 2026 Reg M-A",
  "players": [
    "cre7azn",
    "GoodestGreavard"
  ],
  "log": "|j|\u2606cre7azn\n|j|\u2606GoodestGreavard\n|t:|1775981595\n|gametype|doubles\n|player|p1|cre7azn|firebreather|1252\n|player|p2|GoodestGreavard|102|1274\n|gen|9\n|tier|[Gen 9 Champions] VGC 2026 Reg M-A\n|rated|\n|rule|Species Clause: Limit one of each Pok\u00e9mon\n|rule|Item Clause: Limit 1 of each item\n|clearpoke\n|poke|p1|Gengar, L50, M|\n|poke|p1|Rotom-Wash, L50|\n|poke|p1|Tyranitar, L50, M|\n|poke|p1|Sylveon, L50, M|\n|poke|p1|Garchomp, L50, F|\n|poke|p1|Excadrill, L50, F|\n|poke|p2|Delphox, L50, M|\n|poke|p2|Mamoswine, L50, M|\n|poke|p2|Talonflame, L50, M|\n|poke|p2|Rotom-Wash, L50|\n|poke|p2|Sneasler, L50, M|\n|poke|p2|Maushold, L50|\n|teampreview|4\n|inactive|Battle timer is ON: inactive players will automatically lose when time's up. (requested by cre7azn)\n|j| gE1xjZRtuhW2DdT0AK\n|inactive|GoodestGreavard has 60 seconds left.\n|\n|t:|1775981668\n|teamsize|p1|4\n|teamsize|p2|4\n|start\n|switch|p1a: Gengar|Gengar, L50, M|100/100\n|switch|p1b: Rotom|Rotom-Wash, L50|100/100\n|switch|p2a: Rotom|Rotom-Wash, L50|100/100\n|switch|p2b: Sneasler|Sneasler, L50, M|100/100\n|turn|1\n|l|\u2606cre7azn\n|inactive|cre7azn disconnected and has a minute to reconnect!\n|player|p1|\n|j|\u2606cre7azn\n|inactive|cre7azn reconnected and has 50 seconds left.\n|player|p1|cre7azn|firebreather|\n|\n|t:|1775981683\n|switch|p1b: Tyranitar|Tyranitar, L50, M|100/100\n|-weather|Sandstorm|[from] ability: Sand Stream|[of] p1b: Tyranitar\n|move|p2b: Sneasler|Fake Out|p1b: Tyranitar\n|-resisted|p1b: Tyranitar|1\n|-damage|p1b: Tyranitar|95/100\n|move|p2a: Rotom|Volt Switch|p1b: Tyranitar\n|-damage|p1b: Tyranitar|76/100\n|\n|t:|1775981697\n|switch|p2a: Mamoswine|Mamoswine, L50, M|100/100|[from] Volt Switch\n|move|p1a: Gengar|Trick Room|p1a: Gengar\n|-fieldstart|move: Trick Room|[of] p1a: Gengar\n|\n|-weather|Sandstorm|[upkeep]\n|-damage|p1a: Gengar|95/100|[from] Sandstorm\n|-damage|p2b: Sneasler|95/100|[from] Sandstorm\n|upkeep\n|turn|2\n|\n|t:|1775981715\n|switch|p2b: Rotom|Rotom-Wash, L50|100/100\n|detailschange|p1b: Tyranitar|Tyranitar-Mega, L50, M\n|-mega|p1b: Tyranitar|Tyranitar|Tyranitarite\n|move|p1b: Tyranitar|Low Kick|p2a: Mamoswine\n|-supereffective|p2a: Mamoswine|1\n|-enditem|p2a: Mamoswine|Focus Sash\n|-damage|p2a: Mamoswine|1/100\n|move|p2a: Mamoswine|Earthquake|p1b: Tyranitar|[spread] p1a,p1b\n|-immune|p2b: Rotom|[from] ability: Levitate\n|-supereffective|p1a: Gengar|1\n|-crit|p1a: Gengar\n|-supereffective|p1b: Tyranitar|1\n|-damage|p1a: Gengar|0 fnt\n|-damage|p1b: Tyranitar|27/100\n|-start|p2a: Mamoswine|Disable|Earthquake|[from] ability: Cursed Body|[of] p1a: Gengar\n|faint|p1a: Gengar\n|\n|-weather|Sandstorm|[upkeep]\n|-damage|p2b: Rotom|95/100|[from] Sandstorm\n|upkeep\n|\n|t:|1775981734\n|switch|p1a: Sylveon|Sylveon, L50, M|100/100\n|turn|3\n|\n|t:|1775981750\n|move|p2a: Mamoswine|Protect|p2a: Mamoswine\n|-singleturn|p2a: Mamoswine|Protect\n|move|p1a: Sylveon|Hyper Voice|p2b: Rotom|[spread] p2b\n|-activate|p2a: Mamoswine|move: Protect\n|-damage|p2b: Rotom|23/100\n|move|p1b: Tyranitar|Knock Off|p2b: Rotom\n|-damage|p2b: Rotom|0 fnt\n|-enditem|p2b: Rotom|Choice Scarf|[from] move: Knock Off|[of] p1b: Tyranitar\n|faint|p2b: Rotom\n|\n|-weather|Sandstorm|[upkeep]\n|-damage|p1a: Sylveon|95/100|[from] Sandstorm\n|upkeep\n|\n|t:|1775981761\n|switch|p2b: Sneasler|Sneasler, L50, M|95/100\n|turn|4\n|\n|t:|1775981770\n|move|p2b: Sneasler|Fake Out|p1a: Sylveon\n|-damage|p1a: Sylveon|78/100\n|move|p2a: Mamoswine|Ice Shard|p1b: Tyranitar\n|-damage|p1b: Tyranitar|15/100\n|cant|p1a: Sylveon|flinch\n|move|p1b: Tyranitar|Rock Slide|p2b: Sneasler|[spread] p2a,p2b\n|-resisted|p2b: Sneasler|1\n|-damage|p2a: Mamoswine|0 fnt\n|-damage|p2b: Sneasler|64/100\n|faint|p2a: Mamoswine\n|\n|-weather|Sandstorm|[upkeep]\n|-damage|p1a: Sylveon|72/100|[from] Sandstorm\n|-damage|p2b: Sneasler|58/100|[from] Sandstorm\n|upkeep\n|\n|t:|1775981778\n|switch|p2a: Delphox|Delphox, L50, M|100/100\n|turn|5\n|inactive|cre7azn has 30 seconds left.\n|\n|t:|1775981803\n|move|p2a: Delphox|Protect|p2a: Delphox\n|-singleturn|p2a: Delphox|Protect\n|move|p2b: Sneasler|Protect|p2b: Sneasler\n|-singleturn|p2b: Sneasler|Protect\n|move|p1a: Sylveon|Shadow Ball|p2a: Delphox\n|-activate|p2a: Delphox|move: Protect\n|move|p1b: Tyranitar|Rock Slide|p2b: Sneasler|[spread] \n|-activate|p2a: Delphox|move: Protect\n|-activate|p2b: Sneasler|move: Protect\n|\n|-weather|none\n|-fieldend|move: Trick Room\n|upkeep\n|turn|6\n|\n|t:|1775981813\n|detailschange|p2a: Delphox|Delphox-Mega, L50, M\n|-mega|p2a: Delphox|Delphox|Delphoxite\n|move|p1a: Sylveon|Quick Attack|p2b: Sneasler\n|-damage|p2b: Sneasler|34/100\n|move|p2a: Delphox|Heat Wave|p1b: Tyranitar|[spread] p1a,p1b\n|-resisted|p1b: Tyranitar|1\n|-damage|p1a: Sylveon|44/100\n|-damage|p1b: Tyranitar|0 fnt\n|faint|p1b: Tyranitar\n|move|p2b: Sneasler|Close Combat|p1a: Sylveon\n|-resisted|p1a: Sylveon|1\n|-damage|p1a: Sylveon|4/100\n|-unboost|p2b: Sneasler|def|1\n|-unboost|p2b: Sneasler|spd|1\n|-enditem|p2b: Sneasler|White Herb\n|-clearnegativeboost|p2b: Sneasler|[silent]\n|\n|upkeep\n|\n|t:|1775981820\n|switch|p1b: Rotom|Rotom-Wash, L50|100/100\n|turn|7\n|\n|t:|1775981838\n|move|p1a: Sylveon|Quick Attack|p2b: Sneasler\n|-damage|p2b: Sneasler|10/100\n|move|p2b: Sneasler|Close Combat|p1b: Rotom\n|-damage|p1b: Rotom|31/100\n|-unboost|p2b: Sneasler|def|1\n|-unboost|p2b: Sneasler|spd|1\n|move|p2a: Delphox|Psychic|p1b: Rotom\n|-damage|p1b: Rotom|0 fnt\n|faint|p1b: Rotom\n|\n|upkeep\n|turn|8\n|\n|t:|1775981851\n|move|p1a: Sylveon|Quick Attack|p2b: Sneasler\n|-damage|p2b: Sneasler|0 fnt\n|faint|p2b: Sneasler\n|move|p2a: Delphox|Psychic|p1a: Sylveon\n|-damage|p1a: Sylveon|0 fnt\n|faint|p1a: Sylveon\n|\n|win|GoodestGreavard\n|raw|cre7azn's rating: 1252 &rarr; <strong>1229</strong><br />(-23 for losing)\n|raw|GoodestGreavard's rating: 1274 &rarr; <strong>1297</strong><br />(+23 for winning)\n|l|\u2606cre7azn\n|player|p1|\n|l|\u2606GoodestGreavard\n|player|p2|\n",
  "uploadtime": 1775981897,
  "views": 22,
  "formatid": "gen9championsvgc2026regma",
  "rating": 1229,
  "private": 0,
  "password": null
}