{
  "id": "gen9championsvgc2026regma-2585259741",
  "format": "[Gen 9 Champions] VGC 2026 Reg M-A",
  "players": [
    "storm93ita",
    "sugarvgc"
  ],
  "log": "|j|\u2606storm93ita\n|j|\u2606sugarvgc\n|t:|1776331028\n|gametype|doubles\n|player|p1|storm93ita|volkner|1125\n|player|p2|sugarvgc|1|1213\n|gen|9\n|tier|[Gen 9 Champions] VGC 2026 Reg M-A\n|rated|\n|rule|Species Clause: Limit one of each Pok\u00e9mon\n|rule|Item Clause: Limit 1 of each item\n|clearpoke\n|poke|p1|Dragonite, L50, M|\n|poke|p1|Politoed, L50, F|\n|poke|p1|Basculegion, L50, M|\n|poke|p1|Archaludon, L50, F|\n|poke|p1|Meganium, L50, F|\n|poke|p1|Gengar, L50, F|\n|poke|p2|Milotic, L50, F|\n|poke|p2|Whimsicott, L50, F|\n|poke|p2|Hydreigon, L50, F|\n|poke|p2|Tyranitar, L50, M|\n|poke|p2|Lucario, L50, F|\n|poke|p2|Serperior, L50, F|\n|teampreview|4\n|inactive|Battle timer is ON: inactive players will automatically lose when time's up. (requested by sugarvgc)\n|\n|t:|1776331051\n|teamsize|p1|4\n|teamsize|p2|4\n|start\n|switch|p1a: Dragonite|Dragonite, L50, M|100/100\n|switch|p1b: Meganium|Meganium, L50, F|100/100\n|switch|p2a: Serperior|Serperior, L50, F|100/100\n|switch|p2b: Hydreigon|Hydreigon, L50, F|100/100\n|turn|1\n|inactive|storm93ita has 30 seconds left.\n|\n|t:|1776331083\n|detailschange|p1b: Meganium|Meganium-Mega, L50, F\n|-mega|p1b: Meganium|Meganium|Meganiumite\n|move|p1b: Meganium|Weather Ball|p2a: Serperior\n|-supereffective|p2a: Serperior|1\n|-damage|p2a: Serperior|3/100\n|move|p2a: Serperior|Leech Seed|p1a: Dragonite\n|-start|p1a: Dragonite|move: Leech Seed\n|move|p1a: Dragonite|Tailwind|p1a: Dragonite\n|-sidestart|p1: storm93ita|move: Tailwind\n|move|p2b: Hydreigon|Heat Wave|p1a: Dragonite|[spread] p1a,p1b\n|-resisted|p1a: Dragonite|1\n|-supereffective|p1b: Meganium|1\n|-damage|p1a: Dragonite|94/100\n|-damage|p1b: Meganium|47/100\n|\n|-heal|p2a: Serperior|9/100|[from] item: Leftovers\n|-damage|p1a: Dragonite|81/100|[from] Leech Seed|[of] p2a: Serperior\n|-heal|p2a: Serperior|23/100|[silent]\n|upkeep\n|turn|2\n|inactive|storm93ita has 30 seconds left.\n|\n|t:|1776331115\n|switch|p2b: Whimsicott|Whimsicott, L50, F|100/100\n|move|p2a: Serperior|Protect|p2a: Serperior\n|-singleturn|p2a: Serperior|Protect\n|move|p1b: Meganium|Dazzling Gleam|p2b: Whimsicott|[spread] p2b\n|-activate|p2a: Serperior|move: Protect\n|-damage|p2b: Whimsicott|43/100\n|move|p1a: Dragonite|Hurricane|p2b: Whimsicott\n|-supereffective|p2b: Whimsicott|1\n|-damage|p2b: Whimsicott|0 fnt\n|faint|p2b: Whimsicott\n|\n|-heal|p2a: Serperior|29/100|[from] item: Leftovers\n|-damage|p1a: Dragonite|69/100|[from] Leech Seed|[of] p2a: Serperior\n|-heal|p2a: Serperior|43/100|[silent]\n|upkeep\n|\n|t:|1776331133\n|switch|p2b: Lucario|Lucario, L50, F|100/100\n|turn|3\n|inactive|sugarvgc has 30 seconds left.\n|\n|t:|1776331164\n|switch|p1a: Politoed|Politoed, L50, F|100/100\n|-weather|RainDance|[from] ability: Drizzle|[of] p1a: Politoed\n|detailschange|p2b: Lucario|Lucario-Mega, L50, F\n|-mega|p2b: Lucario|Lucario|Lucarionite\n|move|p1b: Meganium|Weather Ball|p2b: Lucario\n|-supereffective|p2b: Lucario|1\n|-damage|p2b: Lucario|0 fnt\n|faint|p2b: Lucario\n|move|p2a: Serperior|Dragon Pulse|p1a: Politoed\n|-damage|p1a: Politoed|84/100\n|\n|-weather|RainDance|[upkeep]\n|-heal|p2a: Serperior|49/100|[from] item: Leftovers\n|upkeep\n|\n|t:|1776331177\n|switch|p2b: Hydreigon|Hydreigon, L50, F|100/100\n|turn|4\n|\n|t:|1776331194\n|move|p1a: Politoed|Protect|p1a: Politoed\n|-singleturn|p1a: Politoed|Protect\n|move|p2b: Hydreigon|Protect|p2b: Hydreigon\n|-singleturn|p2b: Hydreigon|Protect\n|move|p1b: Meganium|Dazzling Gleam|p2b: Hydreigon|[spread] p2a\n|-activate|p2b: Hydreigon|move: Protect\n|-damage|p2a: Serperior|21/100\n|move|p2a: Serperior|Leech Seed|p1a: Politoed\n|-activate|p1a: Politoed|move: Protect\n|\n|-weather|RainDance|[upkeep]\n|-heal|p2a: Serperior|27/100|[from] item: Leftovers\n|-sideend|p1: storm93ita|move: Tailwind\n|upkeep\n|turn|5\n|\n|t:|1776331217\n|move|p1b: Meganium|Dazzling Gleam|p2b: Hydreigon|[spread] p2a,p2b\n|-supereffective|p2b: Hydreigon|2\n|-damage|p2a: Serperior|0 fnt\n|-damage|p2b: Hydreigon|0 fnt\n|faint|p2a: Serperior\n|faint|p2b: Hydreigon\n|\n|win|storm93ita\n|raw|storm93ita's rating: 1125 &rarr; <strong>1156</strong><br />(+31 for winning)\n|raw|sugarvgc's rating: 1213 &rarr; <strong>1182</strong><br />(-31 for losing)\n|l|\u2606sugarvgc\n|player|p2|\n",
  "uploadtime": 1776331225,
  "views": 21,
  "formatid": "gen9championsvgc2026regma",
  "rating": 1156,
  "private": 0,
  "password": null
}