{
  "id": "gen9championsvgc2026regma-2587661695",
  "format": "[Gen 9 Champions] VGC 2026 Reg M-A",
  "players": [
    "Poomeister1",
    "otaviopps04"
  ],
  "log": "|j|\u2606Poomeister1\n|j|\u2606otaviopps04\n|t:|1776551456\n|gametype|doubles\n|player|p1|Poomeister1|170|1023\n|player|p2|otaviopps04|linebacker|1087\n|gen|9\n|tier|[Gen 9 Champions] VGC 2026 Reg M-A\n|rated|\n|rule|Species Clause: Limit one of each Pok\u00e9mon\n|rule|Item Clause: Limit 1 of each item\n|clearpoke\n|poke|p1|Abomasnow, L50, M|\n|poke|p1|Armarouge, L50, F|\n|poke|p1|Sableye, L50, M|\n|poke|p1|Sinistcha, L50|\n|poke|p1|Garchomp, L50, F|\n|poke|p1|Corviknight, L50, M|\n|poke|p2|Floette-Eternal, L50, F|\n|poke|p2|Aerodactyl, L50, M, shiny|\n|poke|p2|Aegislash, L50, F, shiny|\n|poke|p2|Garchomp, L50, F|\n|poke|p2|Rotom-Wash, L50, shiny|\n|poke|p2|Incineroar, L50, M, shiny|\n|teampreview|4\n|inactive|Battle timer is ON: inactive players will automatically lose when time's up. (requested by otaviopps04)\n|\n|t:|1776551519\n|teamsize|p1|4\n|teamsize|p2|4\n|start\n|switch|p1a: Corviknight|Corviknight, L50, M|100/100\n|switch|p1b: Armarouge|Armarouge, L50, F|100/100\n|switch|p2a: Aerodactyl|Aerodactyl, L50, M, shiny|100/100\n|switch|p2b: Floette|Floette-Eternal, L50, F|100/100\n|-ability|p2a: Aerodactyl|Unnerve\n|turn|1\n|inactive|Poomeister1 has 30 seconds left.\n|\n|t:|1776551545\n|switch|p2b: Incineroar|Incineroar, L50, M, shiny|100/100\n|-ability|p2b: Incineroar|Intimidate|boost\n|-ability|p1a: Corviknight|Mirror Armor\n|-unboost|p2b: Incineroar|atk|1\n|-unboost|p1b: Armarouge|atk|1\n|move|p2a: Aerodactyl|Tailwind|p2a: Aerodactyl\n|-sidestart|p2: otaviopps04|move: Tailwind\n|move|p1a: Corviknight|Iron Head|p2b: Incineroar\n|-resisted|p2b: Incineroar|1\n|-damage|p2b: Incineroar|90/100\n|move|p1b: Armarouge|Trick Room|p1b: Armarouge\n|-fieldstart|move: Trick Room|[of] p1b: Armarouge\n|\n|upkeep\n|turn|2\n|\n|t:|1776551566\n|switch|p1b: Sableye|Sableye, L50, M|100/100\n|move|p2b: Incineroar|Fake Out|p1b: Sableye\n|-immune|p1b: Sableye\n|move|p1a: Corviknight|Body Press|p2b: Incineroar\n|-supereffective|p2b: Incineroar|1\n|-damage|p2b: Incineroar|46/100\n|-enditem|p2b: Incineroar|Sitrus Berry|[eat]\n|-heal|p2b: Incineroar|71/100|[from] item: Sitrus Berry\n|move|p2a: Aerodactyl|Rock Slide|p1b: Sableye|[spread] p1a,p1b\n|-damage|p1a: Corviknight|83/100\n|-damage|p1b: Sableye|73/100\n|\n|upkeep\n|turn|3\n|\n|t:|1776551587\n|switch|p2b: Aegislash|Aegislash, L50, F, shiny|100/100\n|move|p1b: Sableye|Disable|p2a: Aerodactyl\n|-start|p2a: Aerodactyl|Disable|Rock Slide\n|move|p1a: Corviknight|Body Press|p2b: Aegislash\n|-immune|p2b: Aegislash\n|cant|p2a: Aerodactyl|Disable|Rock Slide\n|\n|upkeep\n|turn|4\n|\n|t:|1776551603\n|switch|p1a: Abomasnow|Abomasnow, L50, M|100/100\n|-weather|Snowscape|[from] ability: Snow Warning|[of] p1a: Abomasnow\n|move|p1b: Sableye|Will-O-Wisp|p2b: Aegislash\n|-status|p2b: Aegislash|brn\n|-formechange|p2b: Aegislash|Aegislash-Blade|\n|move|p2b: Aegislash|Shadow Sneak|p1b: Sableye\n|-damage|p1b: Sableye|58/100\n|move|p2a: Aerodactyl|Dual Wingbeat|p1b: Sableye\n|-damage|p1b: Sableye|39/100\n|-damage|p1b: Sableye|20/100\n|-hitcount|p1b: Sableye|2\n|\n|-weather|Snowscape|[upkeep]\n|-damage|p2b: Aegislash|95/100 brn|[from] brn\n|-sideend|p2: otaviopps04|move: Tailwind\n|upkeep\n|turn|5\n|inactive|Poomeister1 has 30 seconds left.\n|inactive|Poomeister1 has 20 seconds left.\n|inactive|Poomeister1 has 15 seconds left.\n|\n|t:|1776551647\n|switch|p1b: Armarouge|Armarouge, L50, F|100/100\n|detailschange|p1a: Abomasnow|Abomasnow-Mega, L50, M\n|-mega|p1a: Abomasnow|Abomasnow|Abomasite\n|-formechange|p2b: Aegislash|Aegislash|\n|move|p2b: Aegislash|King's Shield|p2b: Aegislash\n|-singleturn|p2b: Aegislash|Protect\n|move|p1a: Abomasnow|Blizzard|p2b: Aegislash|[spread] p2a\n|-activate|p2b: Aegislash|move: Protect\n|-supereffective|p2a: Aerodactyl|1\n|-enditem|p2a: Aerodactyl|Focus Sash\n|-damage|p2a: Aerodactyl|1/100\n|move|p2a: Aerodactyl|Tailwind|p2a: Aerodactyl\n|-sidestart|p2: otaviopps04|move: Tailwind\n|\n|-weather|Snowscape|[upkeep]\n|-damage|p2b: Aegislash|89/100 brn|[from] brn\n|-fieldend|move: Trick Room\n|upkeep\n|turn|6\n|\n|t:|1776551667\n|move|p1a: Abomasnow|Protect|p1a: Abomasnow\n|-singleturn|p1a: Abomasnow|Protect\n|move|p2a: Aerodactyl|Dual Wingbeat|p1a: Abomasnow\n|-activate|p1a: Abomasnow|move: Protect\n|-formechange|p2b: Aegislash|Aegislash-Blade|\n|move|p2b: Aegislash|Sacred Sword|p1a: Abomasnow\n|-activate|p1a: Abomasnow|move: Protect\n|move|p1b: Armarouge|Trick Room|p1b: Armarouge\n|-fieldstart|move: Trick Room|[of] p1b: Armarouge\n|\n|-weather|Snowscape|[upkeep]\n|-damage|p2b: Aegislash|83/100 brn|[from] brn\n|-end|p2a: Aerodactyl|Disable\n|upkeep\n|turn|7\n|\n|t:|1776551683\n|move|p2a: Aerodactyl|Protect|p2a: Aerodactyl\n|-singleturn|p2a: Aerodactyl|Protect\n|move|p2b: Aegislash|Shadow Sneak|p1b: Armarouge\n|-supereffective|p1b: Armarouge|1\n|-damage|p1b: Armarouge|74/100\n|move|p1a: Abomasnow|Blizzard|p2a: Aerodactyl|[spread] p2b\n|-activate|p2a: Aerodactyl|move: Protect\n|-resisted|p2b: Aegislash|1\n|-damage|p2b: Aegislash|51/100 brn\n|move|p1b: Armarouge|Heat Wave|p2b: Aegislash|[spread] p2b\n|-activate|p2a: Aerodactyl|move: Protect\n|-supereffective|p2b: Aegislash|1\n|-damage|p2b: Aegislash|0 fnt\n|faint|p2b: Aegislash\n|\n|-weather|Snowscape|[upkeep]\n|upkeep\n|\n|t:|1776551695\n|switch|p2b: Incineroar|Incineroar, L50, M, shiny|71/100\n|-ability|p2b: Incineroar|Intimidate|boost\n|-unboost|p1a: Abomasnow|atk|1\n|-unboost|p1b: Armarouge|atk|1\n|turn|8\n|inactive|Poomeister1 has 30 seconds left.\n|inactive|Poomeister1 has 20 seconds left.\n|inactive|Poomeister1 has 15 seconds left.\n|inactive|Poomeister1 has 10 seconds left.\n|\n|t:|1776551745\n|move|p1a: Abomasnow|Aurora Veil|p1a: Abomasnow\n|-sidestart|p1: Poomeister1|move: Aurora Veil\n|move|p1b: Armarouge|Heat Wave|p2a: Aerodactyl|[spread] p2a,p2b\n|-resisted|p2a: Aerodactyl|1\n|-resisted|p2b: Incineroar|1\n|-damage|p2a: Aerodactyl|0 fnt\n|-damage|p2b: Incineroar|57/100\n|faint|p2a: Aerodactyl\n|move|p2b: Incineroar|Darkest Lariat|p1b: Armarouge\n|-supereffective|p1b: Armarouge|1\n|-crit|p1b: Armarouge\n|-damage|p1b: Armarouge|0 fnt\n|faint|p1b: Armarouge\n|\n|-weather|none\n|-sideend|p2: otaviopps04|move: Tailwind\n|upkeep\n|\n|t:|1776551767\n|switch|p1b: Sableye|Sableye, L50, M|20/100\n|switch|p2a: Floette|Floette-Eternal, L50, F|100/100\n|-enditem|p1b: Sableye|Sitrus Berry|[eat]\n|-heal|p1b: Sableye|44/100|[from] item: Sitrus Berry\n|turn|9\n|\n|t:|1776551783\n|detailschange|p2a: Floette|Floette-Mega, L50, F\n|-mega|p2a: Floette|Floette|Floettite\n|-ability|p2a: Floette|Fairy Aura\n|move|p1b: Sableye|Light Screen|p1b: Sableye\n|-sidestart|p1: Poomeister1|move: Light Screen\n|move|p1a: Abomasnow|Blizzard|p2a: Floette|[spread] \n|-miss|p1a: Abomasnow|p2a: Floette\n|-miss|p1a: Abomasnow|p2b: Incineroar\n|move|p2b: Incineroar|Darkest Lariat|p1a: Abomasnow\n|-damage|p1a: Abomasnow|84/100\n|move|p2a: Floette|Dazzling Gleam|p1a: Abomasnow|[spread] p1a,p1b\n|-supereffective|p1b: Sableye|1\n|-damage|p1a: Abomasnow|61/100\n|-damage|p1b: Sableye|0 fnt\n|faint|p1b: Sableye\n|\n|upkeep\n|\n|t:|1776551797\n|switch|p1b: Corviknight|Corviknight, L50, M|83/100\n|turn|10\n|\n|t:|1776551806\n|move|p2a: Floette|Protect|p2a: Floette\n|-singleturn|p2a: Floette|Protect\n|move|p1a: Abomasnow|Blizzard|p2b: Incineroar|[spread] p2b\n|-activate|p2a: Floette|move: Protect\n|-resisted|p2b: Incineroar|1\n|-damage|p2b: Incineroar|45/100\n|move|p1b: Corviknight|Body Press|p2b: Incineroar\n|-supereffective|p2b: Incineroar|1\n|-damage|p2b: Incineroar|0 fnt\n|faint|p2b: Incineroar\n|\n|-fieldend|move: Trick Room\n|upkeep\n|turn|11\n|\n|t:|1776551824\n|move|p2a: Floette|Dazzling Gleam|p1a: Abomasnow|[spread] p1a,p1b\n|-resisted|p1b: Corviknight|1\n|-damage|p1a: Abomasnow|39/100\n|-damage|p1b: Corviknight|69/100\n|move|p1b: Corviknight|Iron Head|p2a: Floette\n|-supereffective|p2a: Floette|1\n|-damage|p2a: Floette|40/100\n|move|p1a: Abomasnow|Giga Drain|p2a: Floette\n|-damage|p2a: Floette|13/100\n|-heal|p1a: Abomasnow|50/100|[from] drain|[of] p2a: Floette\n|\n|upkeep\n|turn|12\n|\n|t:|1776551839\n|move|p2a: Floette|Dazzling Gleam|p1b: Corviknight|[spread] p1a,p1b\n|-resisted|p1b: Corviknight|1\n|-damage|p1a: Abomasnow|29/100\n|-damage|p1b: Corviknight|54/100\n|move|p1b: Corviknight|Iron Head|p2a: Floette\n|-supereffective|p2a: Floette|1\n|-damage|p2a: Floette|0 fnt\n|faint|p2a: Floette\n|\n|win|Poomeister1\n|raw|Poomeister1's rating: 1023 &rarr; <strong>1066</strong><br />(+43 for winning)\n|raw|otaviopps04's rating: 1087 &rarr; <strong>1060</strong><br />(-27 for losing)\n",
  "uploadtime": 1776551853,
  "views": 10,
  "formatid": "gen9championsvgc2026regma",
  "rating": 1060,
  "private": 0,
  "password": null
}