{
  "id": "gen9championsvgc2026regma-2584822547",
  "format": "[Gen 9 Champions] VGC 2026 Reg M-A",
  "players": [
    "octopusthegoat",
    "wayito"
  ],
  "log": "|j|\u2606octopusthegoat\n|j|\u2606wayito\n|t:|1776286304\n|gametype|doubles\n|player|p1|octopusthegoat|roxie|1062\n|player|p2|wayito|266|1114\n|gen|9\n|tier|[Gen 9 Champions] VGC 2026 Reg M-A\n|rated|\n|rule|Species Clause: Limit one of each Pok\u00e9mon\n|rule|Item Clause: Limit 1 of each item\n|clearpoke\n|poke|p1|Kangaskhan, L50, F|\n|poke|p1|Mimikyu, L50, M|\n|poke|p1|Dragonite, L50, F|\n|poke|p1|Basculegion, L50, M|\n|poke|p1|Palafin, L50, M|\n|poke|p1|Typhlosion, L50, F|\n|poke|p2|Pelipper, L50, M|\n|poke|p2|Archaludon, L50, M|\n|poke|p2|Dragonite, L50, M|\n|poke|p2|Sinistcha-Masterpiece, L50|\n|poke|p2|Sneasler, L50, F|\n|poke|p2|Basculegion, L50, M|\n|teampreview|4\noctopusthegoat has agreed to open team sheets.\n|\n|t:|1776286340\n|teamsize|p1|4\n|teamsize|p2|4\n|start\n|switch|p1a: Palafin|Palafin, L50, M|100/100\n|switch|p1b: Kangaskhan|Kangaskhan, L50, F|100/100\n|switch|p2a: Sneasler|Sneasler, L50, F|100/100\n|switch|p2b: Basculegion|Basculegion, L50, M, shiny|100/100\n|turn|1\n|\n|t:|1776286387\n|detailschange|p1b: Kangaskhan|Kangaskhan-Mega, L50, F\n|-mega|p1b: Kangaskhan|Kangaskhan|Kangaskhanite\n|move|p1b: Kangaskhan|Fake Out|p2a: Sneasler\n|-damage|p2a: Sneasler|68/100\n|-damage|p2a: Sneasler|60/100\n|-hitcount|p2a: Sneasler|2\n|move|p2b: Basculegion|Aqua Jet|p1a: Palafin\n|-resisted|p1a: Palafin|1\n|-damage|p1a: Palafin|85/100\n|move|p1a: Palafin|Flip Turn|p2a: Sneasler\n|-damage|p2a: Sneasler|18/100\n|\n|t:|1776286400\n|detailschange|p1a: Palafin|Palafin-Hero, L50, M\n|switch|p1a: Mimikyu|Mimikyu, L50, M|100/100|[from] Flip Turn\n|cant|p2a: Sneasler|flinch\n|\n|upkeep\n|turn|2\n|inactive|Battle timer is ON: inactive players will automatically lose when time's up. (requested by octopusthegoat)\n|\n|t:|1776286426\n|move|p2b: Basculegion|Aqua Jet|p1a: Mimikyu\n|-activate|p1a: Mimikyu|ability: Disguise\n|-damage|p1a: Mimikyu|100/100\n|detailschange|p1a: Mimikyu|Mimikyu-Busted, L50, M\n|-damage|p1a: Mimikyu|88/100|[from] pokemon: Mimikyu-Busted\n|move|p2a: Sneasler|Close Combat|p1b: Kangaskhan\n|-supereffective|p1b: Kangaskhan|1\n|-damage|p1b: Kangaskhan|0 fnt\n|-unboost|p2a: Sneasler|def|1\n|-unboost|p2a: Sneasler|spd|1\n|faint|p1b: Kangaskhan\n|-enditem|p2a: Sneasler|White Herb\n|-clearnegativeboost|p2a: Sneasler|[silent]\n|move|p1a: Mimikyu|Swords Dance|p1a: Mimikyu\n|-boost|p1a: Mimikyu|atk|2\n|\n|-heal|p1a: Mimikyu|94/100|[from] item: Leftovers\n|upkeep\n|\n|t:|1776286445\n|switch|p1b: Palafin|Palafin-Hero, L50, M|85/100\n|-activate|p1b: Palafin|ability: Zero to Hero\n|turn|3\n|inactive|wayito has 30 seconds left.\n|\n|t:|1776286475\n|move|p1b: Palafin|Jet Punch|p2a: Sneasler\n|-damage|p2a: Sneasler|0 fnt\n|faint|p2a: Sneasler\n|move|p1a: Mimikyu|Shadow Sneak|p2b: Basculegion\n|-supereffective|p2b: Basculegion|1\n|-damage|p2b: Basculegion|5/100\n|move|p2b: Basculegion|Aqua Jet|p1b: Palafin\n|-resisted|p1b: Palafin|1\n|-damage|p1b: Palafin|71/100\n|\n|-heal|p1a: Mimikyu|100/100|[from] item: Leftovers\n|upkeep\n|\n|t:|1776286495\n|switch|p2a: Pelipper|Pelipper, L50, M, shiny|100/100\n|-weather|RainDance|[from] ability: Drizzle|[of] p2a: Pelipper\n|turn|4\n|\n|t:|1776286512\n|switch|p2b: Dragonite|Dragonite, L50, M, shiny|100/100\n|move|p1b: Palafin|Jet Punch|p2b: Dragonite\n|-resisted|p2b: Dragonite|1\n|-damage|p2b: Dragonite|86/100\n|move|p1a: Mimikyu|Shadow Claw|p2a: Pelipper\n|-damage|p2a: Pelipper|23/100\n|move|p2a: Pelipper|Tailwind|p2a: Pelipper\n|-sidestart|p2: wayito|move: Tailwind\n|\n|-weather|RainDance|[upkeep]\n|upkeep\n|turn|5\n|inactive|wayito has 30 seconds left.\n|\n|t:|1776286544\n|detailschange|p2b: Dragonite|Dragonite-Mega, L50, M, shiny\n|-mega|p2b: Dragonite|Dragonite|Dragoninite\n|move|p2a: Pelipper|Protect|p2a: Pelipper\n|-singleturn|p2a: Pelipper|Protect\n|move|p1b: Palafin|Jet Punch|p2a: Pelipper\n|-activate|p2a: Pelipper|move: Protect\n|move|p1a: Mimikyu|Shadow Sneak|p2b: Dragonite\n|-damage|p2b: Dragonite|54/100\n|move|p2b: Dragonite|Hurricane|p1b: Palafin\n|-damage|p1b: Palafin|1/100\n|\n|-weather|RainDance|[upkeep]\n|upkeep\n|turn|6\n|inactive|wayito has 30 seconds left.\n|inactive|wayito has 20 seconds left.\n|inactive|wayito has 15 seconds left.\n|\n|t:|1776286587\n|move|p1b: Palafin|Jet Punch|p2a: Pelipper\n|-resisted|p2a: Pelipper|1\n|-damage|p2a: Pelipper|0 fnt\n|faint|p2a: Pelipper\n|move|p2b: Dragonite|Hurricane|p1a: Mimikyu\n|-damage|p1a: Mimikyu|10/100\n|-start|p1a: Mimikyu|confusion\n|-activate|p1a: Mimikyu|confusion\n|-damage|p1a: Mimikyu|0 fnt|[from] confusion\n|faint|p1a: Mimikyu\n|\n|-weather|RainDance|[upkeep]\n|upkeep\n|\n|t:|1776286602\n|switch|p1a: Basculegion|Basculegion, L50, M|100/100\n|switch|p2a: Basculegion|Basculegion, L50, M, shiny|5/100\n|turn|7\n|\n|t:|1776286625\n|move|p2a: Basculegion|Aqua Jet|p1b: Palafin\n|-resisted|p1b: Palafin|1\n|-damage|p1b: Palafin|0 fnt\n|faint|p1b: Palafin\n|move|p2b: Dragonite|Draco Meteor|p1a: Basculegion\n|-damage|p1a: Basculegion|6/100\n|-unboost|p2b: Dragonite|spa|2\n|move|p1a: Basculegion|Last Respects|p2b: Dragonite\n|-damage|p2b: Dragonite|0 fnt\n|faint|p2b: Dragonite\n|\n|-weather|RainDance|[upkeep]\n|-sideend|p2: wayito|move: Tailwind\n|upkeep\n|turn|8\n|inactive|wayito has 30 seconds left.\n|inactive|wayito has 20 seconds left.\n|\n|t:|1776286663\n|move|p2a: Basculegion|Aqua Jet|p1a: Basculegion\n|-resisted|p1a: Basculegion|1\n|-damage|p1a: Basculegion|0 fnt\n|faint|p1a: Basculegion\n|\n|win|wayito\n|raw|octopusthegoat's rating: 1062 &rarr; <strong>1046</strong><br />(-16 for losing)\n|raw|wayito's rating: 1114 &rarr; <strong>1135</strong><br />(+21 for winning)\n",
  "uploadtime": 1776286671,
  "views": 23,
  "formatid": "gen9championsvgc2026regma",
  "rating": 1046,
  "private": 0,
  "password": null
}