{
  "id": "gen9championsvgc2026regma-2584859894",
  "format": "[Gen 9 Champions] VGC 2026 Reg M-A",
  "players": [
    "Ramen Broth",
    "NobaraLover"
  ],
  "log": "|j|\u2606Ramen Broth\n|j|\u2606NobaraLover\n|t:|1776289348\n|gametype|doubles\n|player|p1|Ramen Broth|1|1325\n|player|p2|NobaraLover|veteranf|1412\n|gen|9\n|tier|[Gen 9 Champions] VGC 2026 Reg M-A\n|rated|\n|rule|Species Clause: Limit one of each Pok\u00e9mon\n|rule|Item Clause: Limit 1 of each item\n|clearpoke\n|poke|p1|Basculegion, L50, M|\n|poke|p1|Aerodactyl, L50, F|\n|poke|p1|Incineroar, L50, M|\n|poke|p1|Meganium, L50, M|\n|poke|p1|Tyranitar, L50, M|\n|poke|p1|Kommo-o, L50, M|\n|poke|p2|Gardevoir, L50, F|\n|poke|p2|Talonflame, L50, M|\n|poke|p2|Basculegion, L50, M|\n|poke|p2|Kingambit, L50, M|\n|poke|p2|Aggron, L50, F|\n|poke|p2|Farigiraf, L50, F|\n|teampreview|4\n|inactive|Battle timer is ON: inactive players will automatically lose when time's up. (requested by Ramen Broth)\n|inactive|Ramen Broth has 60 seconds left.\nNobaraLover rejected open team sheets.\n|inactive|Ramen Broth has 30 seconds left.\n|inactive|Ramen Broth has 20 seconds left.\n|inactive|Ramen Broth has 15 seconds left.\n|inactive|Ramen Broth has 10 seconds left.\n|inactive|Ramen Broth has 5 seconds left.\n|\n|t:|1776289438\n|teamsize|p1|4\n|teamsize|p2|4\n|start\n|switch|p1a: Basculegion|Basculegion, L50, M|100/100\n|switch|p1b: Aerodactyl|Aerodactyl, L50, F|100/100\n|switch|p2a: Gardevoir|Gardevoir, L50, F, shiny|100/100\n|switch|p2b: Talonflame|Talonflame, L50, M|100/100\n|-ability|p1b: Aerodactyl|Unnerve\n|-ability|p2a: Gardevoir|Unnerve|Trace|[from] ability: Trace|[of] p1b: Aerodactyl\n|-ability|p2a: Gardevoir|Unnerve\n|turn|1\n|\n|t:|1776289458\n|detailschange|p2a: Gardevoir|Gardevoir-Mega, L50, F, shiny\n|-mega|p2a: Gardevoir|Gardevoir|Gardevoirite\n|move|p1b: Aerodactyl|Protect|p1b: Aerodactyl\n|-singleturn|p1b: Aerodactyl|Protect\n|move|p2b: Talonflame|Tailwind|p2b: Talonflame\n|-sidestart|p2: NobaraLover|move: Tailwind\n|move|p2a: Gardevoir|Thunderbolt|p1a: Basculegion\n|-supereffective|p1a: Basculegion|1\n|-damage|p1a: Basculegion|10/100\n|move|p1a: Basculegion|Flip Turn|p2a: Gardevoir\n|-damage|p2a: Gardevoir|35/100\n|\n|t:|1776289470\n|switch|p1a: Incineroar|Incineroar, L50, M|100/100|[from] Flip Turn\n|-ability|p1a: Incineroar|Intimidate|boost\n|-unboost|p2a: Gardevoir|atk|1\n|-unboost|p2b: Talonflame|atk|1\n|\n|upkeep\n|turn|2\n|\n|t:|1776289476\n|switch|p2b: Farigiraf|Farigiraf, L50, F|100/100\n|move|p1a: Incineroar|Fake Out||[still]\n|cant|p2b: Farigiraf|ability: Armor Tail|Fake Out|[of] p1a: Incineroar\n|move|p2a: Gardevoir|Hyper Voice|p1a: Incineroar|[spread] p1a,p1b\n|-damage|p1a: Incineroar|67/100\n|-damage|p1b: Aerodactyl|25/100\n|move|p1b: Aerodactyl|Tailwind|p1b: Aerodactyl\n|-sidestart|p1: Ramen Broth|move: Tailwind\n|\n|upkeep\n|turn|3\n|\n|t:|1776289491\n|move|p1b: Aerodactyl|Protect|p1b: Aerodactyl\n|-singleturn|p1b: Aerodactyl|Protect\n|move|p2a: Gardevoir|Protect|p2a: Gardevoir\n|-singleturn|p2a: Gardevoir|Protect\n|move|p1a: Incineroar|Throat Chop|p2b: Farigiraf\n|-supereffective|p2b: Farigiraf|1\n|-damage|p2b: Farigiraf|45/100\n|-start|p2b: Farigiraf|Throat Chop|[silent]\n|cant|p2b: Farigiraf|move: Throat Chop\n|\n|upkeep\n|turn|4\n|\n|t:|1776289501\n|move|p2b: Farigiraf|Helping Hand|p2a: Gardevoir\n|-singleturn|p2a: Gardevoir|Helping Hand|[of] p2b: Farigiraf\n|move|p1b: Aerodactyl|Dual Wingbeat|p2a: Gardevoir\n|-damage|p2a: Gardevoir|3/100\n|-damage|p2a: Gardevoir|0 fnt\n|faint|p2a: Gardevoir\n|-hitcount|p2: Gardevoir|2\n|move|p1a: Incineroar|Flare Blitz|p2b: Farigiraf\n|-damage|p2b: Farigiraf|3/100\n|-damage|p1a: Incineroar|51/100|[from] Recoil\n|\n|-end|p2b: Farigiraf|Throat Chop|[silent]\n|-sideend|p2: NobaraLover|move: Tailwind\n|upkeep\n|\n|t:|1776289504\n|switch|p2a: Talonflame|Talonflame, L50, M|100/100\n|turn|5\n|\n|t:|1776289516\n|move|p2a: Talonflame|Tailwind|p2a: Talonflame\n|-sidestart|p2: NobaraLover|move: Tailwind\n|move|p1b: Aerodactyl|Rock Slide|p2a: Talonflame|[spread] p2a,p2b\n|-supereffective|p2a: Talonflame|2\n|-damage|p2a: Talonflame|0 fnt\n|-damage|p2b: Farigiraf|0 fnt\n|faint|p2a: Talonflame\n|faint|p2b: Farigiraf\n|move|p1a: Incineroar|Throat Chop|p2: Talonflame|[notarget]\n|-fail|p1a: Incineroar\n|\n|-sideend|p1: Ramen Broth|move: Tailwind\n|upkeep\n|\n|t:|1776289520\n|switch|p2b: Basculegion|Basculegion, L50, M|100/100\n|turn|6\n|\n|t:|1776289535\n|move|p2b: Basculegion|Last Respects|p1a: Incineroar\n|-resisted|p1a: Incineroar|1\n|-damage|p1a: Incineroar|0 fnt\n|faint|p1a: Incineroar\n|move|p1b: Aerodactyl|Tailwind|p1b: Aerodactyl\n|-sidestart|p1: Ramen Broth|move: Tailwind\n|\n|upkeep\n|\n|t:|1776289540\n|switch|p1a: Basculegion|Basculegion, L50, M|10/100\n|turn|7\n|\n|t:|1776289544\n|move|p1a: Basculegion|Last Respects|p2b: Basculegion\n|-supereffective|p2b: Basculegion|1\n|-damage|p2b: Basculegion|0 fnt\n|faint|p2b: Basculegion\n|\n|win|Ramen Broth\n|raw|Ramen Broth's rating: 1325 &rarr; <strong>1350</strong><br />(+25 for winning)\n|raw|NobaraLover's rating: 1412 &rarr; <strong>1387</strong><br />(-25 for losing)\n|l|\u2606NobaraLover\n|player|p2|\n",
  "uploadtime": 1776289550,
  "views": 43,
  "formatid": "gen9championsvgc2026regma",
  "rating": 1350,
  "private": 0,
  "password": null
}