{
  "id": "gen9championsvgc2026regma-2584530528",
  "format": "[Gen 9 Champions] VGC 2026 Reg M-A",
  "players": [
    "Gatorl0ver",
    "Axas"
  ],
  "log": "|j|\u2606Gatorl0ver\n|j|\u2606Axas\n|t:|1776266908\n|gametype|doubles\n|player|p1|Gatorl0ver|1|1179\n|player|p2|Axas|265|1279\n|gen|9\n|tier|[Gen 9 Champions] VGC 2026 Reg M-A\n|rated|\n|rule|Species Clause: Limit one of each Pok\u00e9mon\n|rule|Item Clause: Limit 1 of each item\n|clearpoke\n|poke|p1|Feraligatr, L50, M|\n|poke|p1|Ninetales-Alola, L50, M|\n|poke|p1|Incineroar, L50, F|\n|poke|p1|Sinistcha, L50|\n|poke|p1|Sneasler, L50, M|\n|poke|p1|Corviknight, L50, M|\n|poke|p2|Froslass, L50, F|\n|poke|p2|Garchomp, L50, M|\n|poke|p2|Incineroar, L50, M|\n|poke|p2|Rotom-Frost, L50|\n|poke|p2|Empoleon, L50, M|\n|poke|p2|Sneasler, L50, F|\n|teampreview|4\nGatorl0ver has agreed to open team sheets.\n|l|\u2606Axas\n|player|p2|\n|j|\u2606Axas\n|player|p2|Axas|265|\n|inactive|Battle timer is ON: inactive players will automatically lose when time's up. (requested by Gatorl0ver)\n|\n|t:|1776266970\n|teamsize|p1|4\n|teamsize|p2|4\n|start\n|switch|p1a: Feraligatr|Feraligatr, L50, M|100/100\n|switch|p1b: Sneasler|Sneasler, L50, M|100/100\n|switch|p2a: Empoleon|Empoleon, L50, M|100/100\n|switch|p2b: Froslass|Froslass, L50, F|100/100\n|turn|1\n|\n|t:|1776266984\n|detailschange|p2b: Froslass|Froslass-Mega, L50, F\n|-mega|p2b: Froslass|Froslass|Froslassite\n|-weather|Snowscape|[from] ability: Snow Warning|[of] p2b: Froslass\n|move|p2a: Empoleon|Protect|p2a: Empoleon\n|-singleturn|p2a: Empoleon|Protect\n|move|p1b: Sneasler|Fake Out|p2a: Empoleon\n|-activate|p2a: Empoleon|move: Protect\n|move|p2b: Froslass|Aurora Veil|p2b: Froslass\n|-sidestart|p2: Axas|move: Aurora Veil\n|move|p1a: Feraligatr|Dragon Dance|p1a: Feraligatr\n|-boost|p1a: Feraligatr|atk|1\n|-boost|p1a: Feraligatr|spe|1\n|\n|-weather|Snowscape|[upkeep]\n|upkeep\n|turn|2\n|inactive|Axas has 30 seconds left.\n|\n|t:|1776267019\n|detailschange|p1a: Feraligatr|Feraligatr-Mega, L50, M\n|-mega|p1a: Feraligatr|Feraligatr|Feraligite\n|move|p1a: Feraligatr|Liquidation|p2b: Froslass\n|-damage|p2b: Froslass|39/100\n|move|p1b: Sneasler|Close Combat|p2a: Empoleon\n|-supereffective|p2a: Empoleon|1\n|-damage|p2a: Empoleon|20/100\n|-unboost|p1b: Sneasler|def|1\n|-unboost|p1b: Sneasler|spd|1\n|-enditem|p1b: Sneasler|White Herb\n|-clearnegativeboost|p1b: Sneasler|[silent]\n|move|p2b: Froslass|Blizzard|p1b: Sneasler|[spread] p1a,p1b\n|-damage|p1a: Feraligatr|43/100\n|-damage|p1b: Sneasler|37/100\n|move|p2a: Empoleon|Roar|p1a: Feraligatr\n|drag|p1a: Sinistcha|Sinistcha, L50|100/100\n|-heal|p1b: Sneasler|62/100|[from] ability: Hospitality|[of] p1a: Sinistcha\n|\n|-weather|Snowscape|[upkeep]\n|-heal|p2a: Empoleon|26/100|[from] item: Leftovers\n|upkeep\n|turn|3\n|\n|t:|1776267040\n|switch|p2b: Incineroar|Incineroar, L50, M|100/100\n|-ability|p2b: Incineroar|Intimidate|boost\n|-unboost|p1a: Sinistcha|atk|1\n|-unboost|p1b: Sneasler|atk|1\n|switch|p1a: Corviknight|Corviknight, L50, M|100/100\n|move|p1b: Sneasler|Coaching|p1a: Corviknight\n|-boost|p1a: Corviknight|atk|1\n|-boost|p1a: Corviknight|def|1\n|move|p2a: Empoleon|Flash Cannon|p1b: Sneasler\n|-crit|p1b: Sneasler\n|-damage|p1b: Sneasler|0 fnt\n|faint|p1b: Sneasler\n|\n|-weather|Snowscape|[upkeep]\n|-heal|p2a: Empoleon|32/100|[from] item: Leftovers\n|upkeep\n|\n|t:|1776267065\n|switch|p1b: Sinistcha|Sinistcha, L50|100/100\n|turn|4\n|inactive|Axas has 30 seconds left.\n|\n|t:|1776267095\n|move|p2b: Incineroar|Fake Out|p1a: Corviknight\n|-resisted|p1a: Corviknight|1\n|-damage|p1a: Corviknight|97/100\n|move|p1b: Sinistcha|Rage Powder|p1b: Sinistcha\n|-singleturn|p1b: Sinistcha|move: Rage Powder\n|cant|p1a: Corviknight|flinch\n|move|p2a: Empoleon|Roar|p1b: Sinistcha\n|drag|p1b: Feraligatr|Feraligatr-Mega, L50, M|43/100\n|\n|-weather|Snowscape|[upkeep]\n|-heal|p2a: Empoleon|38/100|[from] item: Leftovers\n|upkeep\n|turn|5\n|\n|t:|1776267117\n|switch|p2b: Garchomp|Garchomp, L50, M|100/100\n|move|p1b: Feraligatr|Liquidation|p2b: Garchomp\n|-damage|p2b: Garchomp|61/100\n|-unboost|p2b: Garchomp|def|1\n|-damage|p1b: Feraligatr|31/100|[from] ability: Rough Skin|[of] p2b: Garchomp\n|move|p1a: Corviknight|Body Press|p2a: Empoleon\n|-supereffective|p2a: Empoleon|1\n|-damage|p2a: Empoleon|0 fnt\n|faint|p2a: Empoleon\n|\n|-weather|none\n|-sideend|p2: Axas|move: Aurora Veil\n|upkeep\n|\n|t:|1776267131\n|switch|p2a: Froslass|Froslass-Mega, L50, F|39/100\n|-weather|Snowscape|[from] ability: Snow Warning|[of] p2a: Froslass\n|turn|6\n|\n|t:|1776267142\n|move|p1b: Feraligatr|Protect|p1b: Feraligatr\n|-singleturn|p1b: Feraligatr|Protect\n|move|p2a: Froslass|Aurora Veil|p2a: Froslass\n|-sidestart|p2: Axas|move: Aurora Veil\n|move|p2b: Garchomp|Dragon Claw|p1b: Feraligatr\n|-activate|p1b: Feraligatr|move: Protect\n|move|p1a: Corviknight|Tailwind|p1a: Corviknight\n|-sidestart|p1: Gatorl0ver|move: Tailwind\n|\n|-weather|Snowscape|[upkeep]\n|upkeep\n|turn|7\n|inactive|Axas has 30 seconds left.\n|l|\u2606Axas\n|inactive|Axas disconnected and has a minute to reconnect!\n|player|p2|\n|inactive|Axas has 20 seconds left.\n|j|\u2606Axas\n|inactive|Axas reconnected and has 20 seconds left.\n|player|p2|Axas|265|\n|inactive|Axas has 15 seconds left.\n|\n|t:|1776267184\n|move|p1b: Feraligatr|Body Slam|p2b: Garchomp\n|-supereffective|p2b: Garchomp|1\n|-damage|p2b: Garchomp|0 fnt\n|-damage|p1b: Feraligatr|18/100|[from] ability: Rough Skin|[of] p2b: Garchomp\n|faint|p2b: Garchomp\n|move|p1a: Corviknight|Iron Head|p2a: Froslass\n|-supereffective|p2a: Froslass|1\n|-damage|p2a: Froslass|0 fnt\n|faint|p2a: Froslass\n|\n|-weather|Snowscape|[upkeep]\n|upkeep\n|\n|t:|1776267189\n|switch|p2b: Incineroar|Incineroar, L50, M|100/100\n|-ability|p2b: Incineroar|Intimidate|boost\n|-ability|p1a: Corviknight|Mirror Armor\n|-unboost|p2b: Incineroar|atk|1\n|-unboost|p1b: Feraligatr|atk|1\n|turn|8\n|\n|t:|1776267193\n|switch|p1a: Sinistcha|Sinistcha, L50|100/100\n|-heal|p1b: Feraligatr|43/100|[from] ability: Hospitality|[of] p1a: Sinistcha\n|move|p1b: Feraligatr|Protect|p1b: Feraligatr\n|-singleturn|p1b: Feraligatr|Protect\n|move|p2b: Incineroar|Flare Blitz|p1a: Sinistcha\n|-supereffective|p1a: Sinistcha|1\n|-damage|p1a: Sinistcha|26/100\n|-status|p1a: Sinistcha|brn\n|-damage|p2b: Incineroar|79/100|[from] Recoil\n|\n|-weather|Snowscape|[upkeep]\n|-heal|p1a: Sinistcha|33/100 brn|[from] item: Leftovers\n|-damage|p1a: Sinistcha|26/100 brn|[from] brn\n|upkeep\n|turn|9\n|\n|t:|1776267202\n|move|p1a: Sinistcha|Rage Powder|p1a: Sinistcha\n|-singleturn|p1a: Sinistcha|move: Rage Powder\n|move|p1b: Feraligatr|Dragon Dance|p1b: Feraligatr\n|-boost|p1b: Feraligatr|atk|1\n|-boost|p1b: Feraligatr|spe|1\n|move|p2b: Incineroar|Darkest Lariat|p1a: Sinistcha\n|-supereffective|p1a: Sinistcha|1\n|-crit|p1a: Sinistcha\n|-damage|p1a: Sinistcha|0 fnt\n|faint|p1a: Sinistcha\n|\n|-weather|Snowscape|[upkeep]\n|-sideend|p1: Gatorl0ver|move: Tailwind\n|upkeep\n|-message|Axas forfeited.\n|\n|win|Gatorl0ver\n|raw|Gatorl0ver's rating: 1197 &rarr; <strong>1228</strong><br />(+31 for winning)\n|raw|Axas's rating: 1279 &rarr; <strong>1248</strong><br />(-31 for losing)\n|l|\u2606Axas\n|player|p2|\n",
  "uploadtime": 1776267206,
  "views": 31,
  "formatid": "gen9championsvgc2026regma",
  "rating": 1228,
  "private": 0,
  "password": null
}