{
  "id": "gen9championsvgc2026regma-2588957437",
  "format": "[Gen 9 Champions] VGC 2026 Reg M-A",
  "players": [
    "Warehouse User",
    "kassidy cheese"
  ],
  "log": "|j|\u2606Warehouse User\n|j|\u2606kassidy cheese\n|t:|1776689405\n|gametype|doubles\n|player|p1|Warehouse User|102|1053\n|player|p2|kassidy cheese|flannery|1037\n|gen|9\n|tier|[Gen 9 Champions] VGC 2026 Reg M-A\n|rated|\n|rule|Species Clause: Limit one of each Pok\u00e9mon\n|rule|Item Clause: Limit 1 of each item\n|clearpoke\n|poke|p1|Aegislash, L50, F|\n|poke|p1|Maushold-Four, L50|\n|poke|p1|Azumarill, L50, F|\n|poke|p1|Whimsicott, L50, M|\n|poke|p1|Glimmora, L50, F|\n|poke|p1|Castform, L50, F|\n|poke|p2|Gallade, L50, M|\n|poke|p2|Aerodactyl, L50, F|\n|poke|p2|Aggron, L50, F|\n|poke|p2|Charizard, L50, M|\n|poke|p2|Sneasler, L50, M|\n|poke|p2|Archaludon, L50, F|\n|teampreview|4\n|\n|t:|1776689426\n|teamsize|p1|4\n|teamsize|p2|4\n|start\n|switch|p1a: Aegislash|Aegislash, L50, F|100/100\n|switch|p1b: Glimmora|Glimmora, L50, F|100/100\n|switch|p2a: Honour|Gallade, L50, M|100/100\n|switch|p2b: Charizard|Charizard, L50, M|100/100\n|turn|1\n|inactive|Battle timer is ON: inactive players will automatically lose when time's up. (requested by Warehouse User)\n|inactive|kassidy cheese has 60 seconds left.\n|\n|t:|1776689467\n|detailschange|p1b: Glimmora|Glimmora-Mega, L50, F\n|-mega|p1b: Glimmora|Glimmora|Glimmoranite\n|move|p1b: Glimmora|Power Gem|p2b: Charizard\n|-supereffective|p2b: Charizard|2\n|-damage|p2b: Charizard|0 fnt\n|faint|p2b: Charizard\n|move|p2a: Honour|Shadow Claw|p1a: Aegislash\n|-supereffective|p1a: Aegislash|1\n|-damage|p1a: Aegislash|47/100\n|move|p1a: Aegislash|Swords Dance|p1a: Aegislash\n|-boost|p1a: Aegislash|atk|2\n|\n|upkeep\n|\n|t:|1776689481\n|switch|p2b: Archaludon|Archaludon, L50, F|100/100\n|turn|2\n|\n|t:|1776689498\n|move|p2a: Honour|Protect|p2a: Honour\n|-singleturn|p2a: Honour|Protect\n|-formechange|p1a: Aegislash|Aegislash-Blade|\n|move|p1a: Aegislash|Shadow Sneak|p2a: Honour\n|-activate|p2a: Honour|move: Protect\n|move|p1b: Glimmora|Earth Power|p2b: Archaludon\n|-supereffective|p2b: Archaludon|1\n|-damage|p2b: Archaludon|16/100\n|move|p2b: Archaludon|Earthquake|p1b: Glimmora|[spread] p1a,p1b\n|-activate|p2a: Honour|move: Protect\n|-supereffective|p1a: Aegislash|1\n|-supereffective|p1b: Glimmora|2\n|-damage|p1a: Aegislash|0 fnt\n|-damage|p1b: Glimmora|35/100\n|faint|p1a: Aegislash\n|\n|-heal|p2b: Archaludon|22/100|[from] item: Leftovers\n|upkeep\n|\n|t:|1776689515\n|switch|p1a: Maushold|Maushold-Four, L50|100/100\n|turn|3\n|\n|t:|1776689537\n|move|p2b: Archaludon|Protect|p2b: Archaludon\n|-singleturn|p2b: Archaludon|Protect\n|move|p1a: Maushold|Follow Me|p1a: Maushold\n|-singleturn|p1a: Maushold|move: Follow Me\n|move|p1b: Glimmora|Earth Power|p2b: Archaludon\n|-activate|p2b: Archaludon|move: Protect\n|move|p2a: Honour|Sacred Sword|p1a: Maushold\n|-supereffective|p1a: Maushold|1\n|-enditem|p1a: Maushold|Chople Berry|[eat]\n|-enditem|p1a: Maushold|Chople Berry|[weaken]\n|-damage|p1a: Maushold|8/100\n|\n|-heal|p2b: Archaludon|28/100|[from] item: Leftovers\n|upkeep\n|turn|4\n|\n|t:|1776689560\n|switch|p2b: Sneasler|Sneasler, L50, M|100/100\n|move|p2a: Honour|Feint|p1a: Maushold\n|-damage|p1a: Maushold|0 fnt\n|faint|p1a: Maushold\n|move|p1b: Glimmora|Earth Power|p2b: Sneasler\n|-supereffective|p2b: Sneasler|1\n|-damage|p2b: Sneasler|19/100\n|\n|upkeep\n|\n|t:|1776689570\n|switch|p1a: Azumarill|Azumarill, L50, F|100/100\n|turn|5\n|\n|t:|1776689594\n|move|p1b: Glimmora|Spiky Shield|p1b: Glimmora\n|-singleturn|p1b: Glimmora|move: Protect\n|move|p1a: Azumarill|Protect|p1a: Azumarill\n|-singleturn|p1a: Azumarill|Protect\n|move|p2b: Sneasler|Fake Out|p1b: Glimmora\n|-activate|p1b: Glimmora|move: Protect\n|-damage|p2b: Sneasler|7/100|[from] Spiky Shield|[of] p1b: Glimmora\n|move|p2a: Honour|Shadow Claw|p1a: Azumarill\n|-activate|p1a: Azumarill|move: Protect\n|\n|upkeep\n|turn|6\n|inactive|kassidy cheese has 30 seconds left.\n|\n|t:|1776689621\n|move|p2a: Honour|Feint|p1b: Glimmora\n|-resisted|p1b: Glimmora|1\n|-damage|p1b: Glimmora|30/100\n|move|p1a: Azumarill|Aqua Jet|p2b: Sneasler\n|-damage|p2b: Sneasler|0 fnt\n|faint|p2b: Sneasler\n|move|p1b: Glimmora|Sludge Bomb|p2a: Honour\n|-damage|p2a: Honour|31/100\n|\n|upkeep\n|\n|t:|1776689629\n|switch|p2b: Archaludon|Archaludon, L50, F|28/100\n|turn|7\n|\n|t:|1776689637\n|move|p1b: Glimmora|Spiky Shield|p1b: Glimmora\n|-singleturn|p1b: Glimmora|move: Protect\n|move|p2a: Honour|Protect|p2a: Honour\n|-singleturn|p2a: Honour|Protect\n|move|p1a: Azumarill|Protect|p1a: Azumarill\n|-singleturn|p1a: Azumarill|Protect\n|move|p2b: Archaludon|Earthquake|p1a: Azumarill|[spread] \n|-activate|p2a: Honour|move: Protect\n|-activate|p1a: Azumarill|move: Protect\n|-activate|p1b: Glimmora|move: Protect\n|\n|-heal|p2b: Archaludon|33/100|[from] item: Leftovers\n|upkeep\n|turn|8\n|inactive|Warehouse User has 30 seconds left.\n|inactive|kassidy cheese has 30 seconds left.\n|\n|t:|1776689671\n|move|p2a: Honour|Feint|p1b: Glimmora\n|-resisted|p1b: Glimmora|1\n|-damage|p1b: Glimmora|25/100\n|move|p1a: Azumarill|Aqua Jet|p2a: Honour\n|-damage|p2a: Honour|0 fnt\n|faint|p2a: Honour\n|move|p1b: Glimmora|Earth Power|p2b: Archaludon\n|-supereffective|p2b: Archaludon|1\n|-damage|p2b: Archaludon|0 fnt\n|faint|p2b: Archaludon\n|\n|win|Warehouse User\n|raw|Warehouse User's rating: 1053 &rarr; <strong>1084</strong><br />(+31 for winning)\n|raw|kassidy cheese's rating: 1037 &rarr; <strong>1022</strong><br />(-15 for losing)\n|c|\u2606kassidy cheese|gg\n|c|\u2606kassidy cheese|well played\n|l|\u2606kassidy cheese\n|player|p2|\n",
  "uploadtime": 1776689694,
  "views": 4,
  "formatid": "gen9championsvgc2026regma",
  "rating": 1022,
  "private": 0,
  "password": null
}