{
  "id": "gen9championsvgc2026regma-2584302418",
  "format": "[Gen 9 Champions] VGC 2026 Reg M-A",
  "players": [
    "yaochangzhe",
    "smp on whimsicott"
  ],
  "log": "|j|\u203dyaochangzhe\n|j|\u2606smp on whimsicott\n|t:|1776249008\n|gametype|doubles\n|player|p1|yaochangzhe|1|1116\n|player|p2|smp on whimsicott|artist-gen4|1035\n|gen|9\n|tier|[Gen 9 Champions] VGC 2026 Reg M-A\n|rated|\n|rule|Species Clause: Limit one of each Pok\u00e9mon\n|rule|Item Clause: Limit 1 of each item\n|clearpoke\n|poke|p1|Blastoise, L50, F|\n|poke|p1|Garchomp, L50, F|\n|poke|p1|Sneasler, L50, M|\n|poke|p1|Aerodactyl, L50, M|\n|poke|p1|Sylveon, L50, F|\n|poke|p1|Sinistcha, L50|\n|poke|p2|Floette-Eternal, L50, F|\n|poke|p2|Aegislash, L50, F|\n|poke|p2|Talonflame, L50, M|\n|poke|p2|Basculegion, L50, M|\n|poke|p2|Milotic, L50, F|\n|poke|p2|Garchomp, L50, F|\n|teampreview|4\n|inactive|Battle timer is ON: inactive players will automatically lose when time's up. (requested by yaochangzhe)\n|\n|t:|1776249033\n|teamsize|p1|4\n|teamsize|p2|4\n|start\n|switch|p1a: Sneasler|Sneasler, L50, M|100/100\n|switch|p1b: Blastoise|Blastoise, L50, F|100/100\n|switch|p2a: Basculegion|Basculegion, L50, M|100/100\n|switch|p2b: Talonflame|Talonflame, L50, M|100/100\n|turn|1\n|\n|t:|1776249043\n|detailschange|p1b: Blastoise|Blastoise-Mega, L50, F\n|-mega|p1b: Blastoise|Blastoise|Blastoisinite\n|move|p2b: Talonflame|Protect|p2b: Talonflame\n|-singleturn|p2b: Talonflame|Protect\n|move|p1a: Sneasler|Fake Out|p2b: Talonflame\n|-activate|p2b: Talonflame|move: Protect\n|move|p2a: Basculegion|Wave Crash|p1a: Sneasler\n|-damage|p1a: Sneasler|24/100\n|-damage|p2a: Basculegion|78/100|[from] Recoil\n|move|p1b: Blastoise|Shell Smash|p1b: Blastoise\n|-unboost|p1b: Blastoise|def|1\n|-unboost|p1b: Blastoise|spd|1\n|-boost|p1b: Blastoise|atk|2\n|-boost|p1b: Blastoise|spa|2\n|-boost|p1b: Blastoise|spe|2\n|\n|upkeep\n|turn|2\n|\n|t:|1776249060\n|switch|p1a: Aerodactyl|Aerodactyl, L50, M|100/100\n|-ability|p1a: Aerodactyl|Unnerve\n|move|p1b: Blastoise|Protect|p1b: Blastoise\n|-singleturn|p1b: Blastoise|Protect\n|move|p2b: Talonflame|Tailwind|p2b: Talonflame\n|-sidestart|p2: smp on whimsicott|move: Tailwind\n|move|p2a: Basculegion|Wave Crash|p1a: Aerodactyl\n|-supereffective|p1a: Aerodactyl|1\n|-enditem|p1a: Aerodactyl|Focus Sash\n|-damage|p1a: Aerodactyl|1/100\n|-damage|p2a: Basculegion|52/100|[from] Recoil\n|\n|upkeep\n|turn|3\n|\n|t:|1776249075\n|move|p2b: Talonflame|Dual Wingbeat|p1b: Blastoise\n|-damage|p1b: Blastoise|77/100\n|-damage|p1b: Blastoise|51/100\n|-hitcount|p1b: Blastoise|2\n|move|p2a: Basculegion|Wave Crash|p1a: Aerodactyl\n|-supereffective|p1a: Aerodactyl|1\n|-damage|p1a: Aerodactyl|0 fnt\n|faint|p1a: Aerodactyl\n|-damage|p2a: Basculegion|51/100|[from] Recoil\n|move|p1b: Blastoise|Dark Pulse|p2a: Basculegion\n|-supereffective|p2a: Basculegion|1\n|-damage|p2a: Basculegion|0 fnt\n|faint|p2a: Basculegion\n|\n|upkeep\n|\n|t:|1776249087\n|switch|p1a: Sinistcha|Sinistcha, L50|100/100\n|switch|p2a: Aegislash|Aegislash, L50, F|100/100\n|-heal|p1b: Blastoise|76/100|[from] ability: Hospitality|[of] p1a: Sinistcha\n|turn|4\n|\n|t:|1776249102\n|move|p1a: Sinistcha|Rage Powder|p1a: Sinistcha\n|-singleturn|p1a: Sinistcha|move: Rage Powder\n|move|p2b: Talonflame|Dual Wingbeat|p1a: Sinistcha|[miss]\n|-miss|p2b: Talonflame|p1a: Sinistcha\n|-formechange|p2a: Aegislash|Aegislash-Blade|\n|move|p2a: Aegislash|Poltergeist|p1a: Sinistcha\n|-activate|p1a: Sinistcha|move: Poltergeist|Sitrus Berry\n|-supereffective|p1a: Sinistcha|1\n|-damage|p1a: Sinistcha|0 fnt\n|faint|p1a: Sinistcha\n|move|p1b: Blastoise|Water Spout|p2a: Aegislash|[spread] p2a,p2b\n|-supereffective|p2b: Talonflame|1\n|-enditem|p2a: Aegislash|Focus Sash\n|-damage|p2a: Aegislash|1/100\n|-damage|p2b: Talonflame|0 fnt\n|faint|p2b: Talonflame\n|\n|upkeep\n|\n|t:|1776249116\n|switch|p2b: Floette|Floette-Eternal, L50, F|100/100\n|switch|p1a: Sneasler|Sneasler, L50, M|24/100\n|turn|5\n|\n|t:|1776249140\n|move|p2b: Floette|Protect|p2b: Floette\n|-singleturn|p2b: Floette|Protect\n|move|p1b: Blastoise|Protect|p1b: Blastoise\n|-singleturn|p1b: Blastoise|Protect\n|move|p1a: Sneasler|Protect|p1a: Sneasler\n|-singleturn|p1a: Sneasler|Protect\n|move|p2a: Aegislash|Poltergeist|p1b: Blastoise\n|-activate|p1b: Blastoise|move: Protect\n|\n|-sideend|p2: smp on whimsicott|move: Tailwind\n|upkeep\n|turn|6\n|\n|t:|1776249155\n|detailschange|p2b: Floette|Floette-Mega, L50, F\n|-mega|p2b: Floette|Floette|Floettite\n|-ability|p2b: Floette|Fairy Aura\n|move|p2a: Aegislash|Shadow Sneak|p1a: Sneasler\n|-damage|p1a: Sneasler|1/100\n|move|p1b: Blastoise|Water Spout|p2a: Aegislash|[spread] p2a,p2b\n|-crit|p2a: Aegislash\n|-damage|p2a: Aegislash|0 fnt\n|-damage|p2b: Floette|29/100\n|faint|p2a: Aegislash\n|move|p1a: Sneasler|Dire Claw|p2b: Floette\n|-supereffective|p2b: Floette|1\n|-damage|p2b: Floette|0 fnt\n|faint|p2b: Floette\n|\n|win|yaochangzhe\n|raw|yaochangzhe's rating: 1116 &rarr; <strong>1135</strong><br />(+19 for winning)\n|raw|smp on whimsicott's rating: 1035 &rarr; <strong>1023</strong><br />(-12 for losing)\n",
  "uploadtime": 1776249155,
  "views": 21,
  "formatid": "gen9championsvgc2026regma",
  "rating": 1023,
  "private": 0,
  "password": null
}