{
  "id": "gen9championsvgc2026regma-2581253560",
  "format": "[Gen 9 Champions] VGC 2026 Reg M-A",
  "players": [
    "anmollyyyy",
    "Slimeko325"
  ],
  "log": "|j|\u2606anmollyyyy\n|j|\u2606Slimeko325\n|t:|1775976765\n|gametype|doubles\n|player|p1|anmollyyyy|1|1041\n|player|p2|Slimeko325|lucas|1034\n|gen|9\n|tier|[Gen 9 Champions] VGC 2026 Reg M-A\n|rated|\n|rule|Species Clause: Limit one of each Pok\u00e9mon\n|rule|Item Clause: Limit 1 of each item\n|clearpoke\n|poke|p1|Garchomp, L50, M|\n|poke|p1|Tyranitar, L50, M|\n|poke|p1|Whimsicott, L50, M|\n|poke|p1|Incineroar, L50, F|\n|poke|p1|Sinistcha, L50|\n|poke|p1|Rotom-Wash, L50|\n|poke|p2|Delphox, L50, M|\n|poke|p2|Whimsicott, L50, F|\n|poke|p2|Garchomp, L50, M|\n|poke|p2|Sinistcha, L50|\n|poke|p2|Kingambit, L50, F|\n|poke|p2|Sneasler, L50, F|\n|teampreview|4\n|inactive|Battle timer is ON: inactive players will automatically lose when time's up. (requested by Slimeko325)\n|inactive|anmollyyyy has 60 seconds left.\n|\n|t:|1775976805\n|teamsize|p1|4\n|teamsize|p2|4\n|start\n|switch|p1a: Rotom|Rotom-Wash, L50|100/100\n|switch|p1b: Whimsicott|Whimsicott, L50, M|100/100\n|switch|p2a: Delphox|Delphox, L50, M|100/100\n|switch|p2b: Garchomp|Garchomp, L50, M|100/100\n|turn|1\n|\n|t:|1775976822\n|detailschange|p2a: Delphox|Delphox-Mega, L50, M\n|-mega|p2a: Delphox|Delphox|Delphoxite\n|move|p2a: Delphox|Protect|p2a: Delphox\n|-singleturn|p2a: Delphox|Protect\n|move|p1b: Whimsicott|Tailwind|p1b: Whimsicott\n|-sidestart|p1: anmollyyyy|move: Tailwind\n|move|p2b: Garchomp|Rock Slide|p1a: Rotom|[spread] p1a,p1b\n|-damage|p1a: Rotom|79/100\n|-damage|p1b: Whimsicott|74/100\n|move|p1a: Rotom|Hydro Pump|p2a: Delphox\n|-activate|p2a: Delphox|move: Protect\n|\n|upkeep\n|turn|2\n|\n|t:|1775976844\n|switch|p2a: Sinistcha|Sinistcha, L50|100/100\n|move|p1b: Whimsicott|Moonblast|p2b: Garchomp\n|-supereffective|p2b: Garchomp|1\n|-damage|p2b: Garchomp|35/100\n|move|p2b: Garchomp|Rock Slide|p1a: Rotom|[spread] p1a\n|-miss|p2b: Garchomp|p1b: Whimsicott\n|-damage|p1a: Rotom|53/100\n|cant|p1a: Rotom|flinch\n|\n|upkeep\n|turn|3\n|inactive|anmollyyyy has 30 seconds left.\n|\n|t:|1775976877\n|switch|p1a: Tyranitar|Tyranitar, L50, M|100/100\n|-weather|Sandstorm|[from] ability: Sand Stream|[of] p1a: Tyranitar\n|move|p2a: Sinistcha|Rage Powder|p2a: Sinistcha\n|-singleturn|p2a: Sinistcha|move: Rage Powder\n|move|p1b: Whimsicott|Moonblast|p2b: Garchomp\n|-supereffective|p2b: Garchomp|1\n|-damage|p2b: Garchomp|0 fnt\n|faint|p2b: Garchomp\n|\n|-weather|Sandstorm|[upkeep]\n|-damage|p1b: Whimsicott|68/100|[from] Sandstorm\n|-damage|p2a: Sinistcha|94/100|[from] Sandstorm\n|upkeep\n|\n|t:|1775976888\n|switch|p2b: Sneasler|Sneasler, L50, F|100/100\n|turn|4\n|inactive|anmollyyyy has 30 seconds left.\n|\n|t:|1775976917\n|switch|p1b: Garchomp|Garchomp, L50, M|100/100\n|move|p1a: Tyranitar|Protect|p1a: Tyranitar\n|-singleturn|p1a: Tyranitar|Protect\n|move|p2b: Sneasler|Protect|p2b: Sneasler\n|-singleturn|p2b: Sneasler|Protect\n|move|p2a: Sinistcha|Protect||[still]\n|-fail|p2a: Sinistcha\n|\n|-weather|Sandstorm|[upkeep]\n|-damage|p2b: Sneasler|94/100|[from] Sandstorm\n|-damage|p2a: Sinistcha|88/100|[from] Sandstorm\n|-sideend|p1: anmollyyyy|move: Tailwind\n|upkeep\n|turn|5\n|inactive|anmollyyyy has 30 seconds left.\n|\n|t:|1775976951\n|switch|p1a: Rotom|Rotom-Wash, L50|53/100\n|detailschange|p1b: Garchomp|Garchomp-Mega, L50, M\n|-mega|p1b: Garchomp|Garchomp|Garchompite\n|move|p2b: Sneasler|Close Combat|p1a: Rotom\n|-damage|p1a: Rotom|0 fnt\n|-unboost|p2b: Sneasler|def|1\n|-unboost|p2b: Sneasler|spd|1\n|faint|p1a: Rotom\n|-enditem|p2b: Sneasler|White Herb\n|-clearnegativeboost|p2b: Sneasler|[silent]\n|move|p1b: Garchomp|Earthquake|p2b: Sneasler|[spread] p2a,p2b\n|-resisted|p2a: Sinistcha|1\n|-crit|p2a: Sinistcha\n|-supereffective|p2b: Sneasler|1\n|-damage|p2a: Sinistcha|50/100\n|-damage|p2b: Sneasler|0 fnt\n|-enditem|p2a: Sinistcha|Sitrus Berry|[eat]\n|-heal|p2a: Sinistcha|75/100|[from] item: Sitrus Berry\n|faint|p2b: Sneasler\n|move|p2a: Sinistcha|Matcha Gotcha|p1b: Garchomp\n|-damage|p1b: Garchomp|69/100\n|-heal|p2a: Sinistcha|91/100|[from] drain|[of] p1b: Garchomp\n|\n|-weather|Sandstorm|[upkeep]\n|-damage|p2a: Sinistcha|85/100|[from] Sandstorm\n|upkeep\n|\n|t:|1775976975\n|switch|p2b: Delphox|Delphox-Mega, L50, M|100/100\n|switch|p1a: Whimsicott|Whimsicott, L50, M|68/100\n|turn|6\n|\n|t:|1775976985\n|move|p2b: Delphox|Protect|p2b: Delphox\n|-singleturn|p2b: Delphox|Protect\n|move|p1a: Whimsicott|Tailwind|p1a: Whimsicott\n|-sidestart|p1: anmollyyyy|move: Tailwind\n|move|p1b: Garchomp|Rock Slide|p2a: Sinistcha|[spread] p2a\n|-activate|p2b: Delphox|move: Protect\n|-damage|p2a: Sinistcha|62/100\n|move|p2a: Sinistcha|Matcha Gotcha|p1a: Whimsicott|[spread] p1a,p1b\n|-resisted|p1a: Whimsicott|1\n|-damage|p1a: Whimsicott|51/100\n|-heal|p2a: Sinistcha|71/100|[from] drain|[of] p1a: Whimsicott\n|-damage|p1b: Garchomp|44/100\n|-heal|p2a: Sinistcha|84/100|[from] drain|[of] p1b: Garchomp\n|\n|-weather|Sandstorm|[upkeep]\n|-damage|p1a: Whimsicott|45/100|[from] Sandstorm\n|-damage|p2b: Delphox|95/100|[from] Sandstorm\n|-damage|p2a: Sinistcha|77/100|[from] Sandstorm\n|upkeep\n|turn|7\n|inactive|anmollyyyy has 30 seconds left.\n|\n|t:|1775977011\n|move|p1a: Whimsicott|Encore|p2b: Delphox\n|-start|p2b: Delphox|Encore\n|move|p2b: Delphox|Protect|p2b: Delphox\n|-singleturn|p2b: Delphox|Protect\n|move|p1b: Garchomp|Rock Slide|p2a: Sinistcha|[spread] p2a\n|-activate|p2b: Delphox|move: Protect\n|-damage|p2a: Sinistcha|54/100\n|move|p2a: Sinistcha|Matcha Gotcha|p1b: Garchomp|[spread] p1a,p1b\n|-resisted|p1a: Whimsicott|1\n|-damage|p1a: Whimsicott|27/100\n|-heal|p2a: Sinistcha|62/100|[from] drain|[of] p1a: Whimsicott\n|-damage|p1b: Garchomp|19/100\n|-heal|p2a: Sinistcha|75/100|[from] drain|[of] p1b: Garchomp\n|\n|-weather|none\n|upkeep\n|turn|8\n|inactive|anmollyyyy has 30 seconds left.\n|inactive|anmollyyyy has 20 seconds left.\n|\n|t:|1775977049\n|move|p2b: Delphox|Protect||[still]\n|-fail|p2b: Delphox\n|move|p1a: Whimsicott|Moonblast|p2a: Sinistcha\n|-damage|p2a: Sinistcha|48/100\n|move|p1b: Garchomp|Rock Slide|p2a: Sinistcha|[spread] p2b\n|-miss|p1b: Garchomp|p2a: Sinistcha\n|-supereffective|p2b: Delphox|1\n|-damage|p2b: Delphox|26/100\n|move|p2a: Sinistcha|Matcha Gotcha|p1a: Whimsicott|[spread] p1a,p1b\n|-resisted|p1a: Whimsicott|1\n|-damage|p1a: Whimsicott|11/100\n|-heal|p2a: Sinistcha|56/100|[from] drain|[of] p1a: Whimsicott\n|-damage|p1b: Garchomp|0 fnt\n|-heal|p2a: Sinistcha|66/100|[from] drain|[of] p1b: Garchomp\n|-status|p1a: Whimsicott|brn\n|faint|p1b: Garchomp\n|\n|-damage|p1a: Whimsicott|5/100 brn|[from] brn\n|upkeep\n|\n|t:|1775977068\n|switch|p1b: Tyranitar|Tyranitar, L50, M|100/100\n|-weather|Sandstorm|[from] ability: Sand Stream|[of] p1b: Tyranitar\n|turn|9\n|\n|t:|1775977081\n|move|p2b: Delphox|Protect|p2b: Delphox\n|-singleturn|p2b: Delphox|Protect\n|move|p1a: Whimsicott|Moonblast|p2a: Sinistcha\n|-damage|p2a: Sinistcha|36/100\n|move|p1b: Tyranitar|Rock Slide|p2a: Sinistcha|[spread] p2a\n|-activate|p2b: Delphox|move: Protect\n|-damage|p2a: Sinistcha|16/100\n|move|p2a: Sinistcha|Matcha Gotcha|p1b: Tyranitar|[spread] p1a,p1b\n|-resisted|p1a: Whimsicott|1\n|-supereffective|p1b: Tyranitar|1\n|-damage|p1a: Whimsicott|0 fnt\n|-heal|p2a: Sinistcha|18/100|[from] drain|[of] p1a: Whimsicott\n|-damage|p1b: Tyranitar|72/100\n|-heal|p2a: Sinistcha|35/100|[from] drain|[of] p1b: Tyranitar\n|faint|p1a: Whimsicott\n|\n|-weather|Sandstorm|[upkeep]\n|-damage|p2b: Delphox|20/100|[from] Sandstorm\n|-damage|p2a: Sinistcha|29/100|[from] Sandstorm\n|-end|p2b: Delphox|Encore\n|-sideend|p1: anmollyyyy|move: Tailwind\n|upkeep\n|turn|10\n|inactive|Slimeko325 has 30 seconds left.\n|\n|t:|1775977112\n|move|p2b: Delphox|Dazzling Gleam|p1b: Tyranitar\n|-supereffective|p1b: Tyranitar|1\n|-damage|p1b: Tyranitar|36/100\n|move|p1b: Tyranitar|Rock Slide|p2a: Sinistcha|[spread] p2a,p2b\n|-supereffective|p2b: Delphox|1\n|-damage|p2a: Sinistcha|7/100\n|-damage|p2b: Delphox|0 fnt\n|faint|p2b: Delphox\n|cant|p2a: Sinistcha|flinch\n|\n|-weather|Sandstorm|[upkeep]\n|-damage|p2a: Sinistcha|1/100|[from] Sandstorm\n|upkeep\n|turn|11\n|inactive|Slimeko325 has 30 seconds left.\n|\n|t:|1775977142\n|move|p2a: Sinistcha|Rage Powder|p2a: Sinistcha\n|-singleturn|p2a: Sinistcha|move: Rage Powder\n|move|p1b: Tyranitar|Rock Slide|p2a: Sinistcha\n|-damage|p2a: Sinistcha|0 fnt\n|faint|p2a: Sinistcha\n|\n|win|anmollyyyy\n|raw|anmollyyyy's rating: 1041 &rarr; <strong>1074</strong><br />(+33 for winning)\n|raw|Slimeko325's rating: 1034 &rarr; <strong>1019</strong><br />(-15 for losing)\n",
  "uploadtime": 1775977144,
  "views": 13,
  "formatid": "gen9championsvgc2026regma",
  "rating": 1019,
  "private": 0,
  "password": null
}