{
  "id": "gen9championsvgc2026regma-2586286404",
  "format": "[Gen 9 Champions] VGC 2026 Reg M-A",
  "players": [
    "KogaAF1219",
    "ivanchur"
  ],
  "log": "|j|\u2606KogaAF1219\n|j|\u2606ivanchur\n|t:|1776421411\n|gametype|doubles\n|player|p1|KogaAF1219|koga|1351\n|player|p2|ivanchur|1|1424\n|gen|9\n|tier|[Gen 9 Champions] VGC 2026 Reg M-A\n|rated|\n|rule|Species Clause: Limit one of each Pok\u00e9mon\n|rule|Item Clause: Limit 1 of each item\n|clearpoke\n|poke|p1|Torkoal, L50, F|\n|poke|p1|Venusaur, L50, F|\n|poke|p1|Incineroar, L50, F|\n|poke|p1|Farigiraf, L50, M|\n|poke|p1|Rotom-Fan, L50|\n|poke|p1|Excadrill, L50, F|\n|poke|p2|Charizard, L50, F|\n|poke|p2|Aegislash, L50, M|\n|poke|p2|Garchomp, L50, M|\n|poke|p2|Milotic, L50, M|\n|poke|p2|Rotom-Heat, L50|\n|poke|p2|Whimsicott, L50, M|\n|teampreview|4\n|inactive|Battle timer is ON: inactive players will automatically lose when time's up. (requested by KogaAF1219)\n|\n|t:|1776421443\n|teamsize|p1|4\n|teamsize|p2|4\n|start\n|switch|p1a: Farigiraf|Farigiraf, L50, M|100/100\n|switch|p1b: Incineroar|Incineroar, L50, F|100/100\n|switch|p2a: Rotom|Rotom-Heat, L50|100/100\n|switch|p2b: Garchomp|Garchomp, L50, M|100/100\n|-ability|p1b: Incineroar|Intimidate|boost\n|-unboost|p2a: Rotom|atk|1\n|-unboost|p2b: Garchomp|atk|1\n|turn|1\n|\n|t:|1776421454\n|move|p1b: Incineroar|Fake Out|p2b: Garchomp\n|-damage|p2b: Garchomp|86/100\n|-damage|p1b: Incineroar|88/100|[from] ability: Rough Skin|[of] p2b: Garchomp\n|cant|p2b: Garchomp|flinch\n|move|p2a: Rotom|Volt Switch|p1b: Incineroar\n|-damage|p1b: Incineroar|61/100\n|\n|t:|1776421459\n|switch|p2a: Milotic|Milotic, L50, M|100/100|[from] Volt Switch\n|move|p1a: Farigiraf|Trick Room|p1a: Farigiraf\n|-fieldstart|move: Trick Room|[of] p1a: Farigiraf\n|\n|upkeep\n|turn|2\n|\n|t:|1776421475\n|move|p1a: Farigiraf|Twin Beam|p2b: Garchomp\n|-damage|p2b: Garchomp|65/100\n|-damage|p2b: Garchomp|40/100\n|-hitcount|p2b: Garchomp|2\n|move|p1b: Incineroar|Parting Shot|p2b: Garchomp\n|-unboost|p2b: Garchomp|atk|1\n|-unboost|p2b: Garchomp|spa|1\n|\n|t:|1776421479\n|switch|p1b: Torkoal|Torkoal, L50, F|100/100|[from] Parting Shot\n|-weather|SunnyDay|[from] ability: Drought|[of] p1b: Torkoal\n|move|p2a: Milotic|Scald|p1b: Torkoal\n|-supereffective|p1b: Torkoal|1\n|-damage|p1b: Torkoal|59/100\n|move|p2b: Garchomp|Rock Slide|p1a: Farigiraf|[spread] p1a,p1b\n|-supereffective|p1b: Torkoal|1\n|-damage|p1a: Farigiraf|89/100\n|-damage|p1b: Torkoal|43/100\n|\n|-weather|SunnyDay|[upkeep]\n|upkeep\n|turn|3\n|\n|t:|1776421491\n|switch|p2b: Rotom|Rotom-Heat, L50|100/100\n|move|p1b: Torkoal|Heat Wave|p2a: Milotic|[spread] p2a,p2b\n|-resisted|p2a: Milotic|1\n|-resisted|p2b: Rotom|1\n|-crit|p2b: Rotom\n|-damage|p2a: Milotic|79/100\n|-damage|p2b: Rotom|55/100\n|move|p1a: Farigiraf|Thunderbolt|p2a: Milotic\n|-supereffective|p2a: Milotic|1\n|-damage|p2a: Milotic|32/100\n|move|p2a: Milotic|Life Dew|p2a: Milotic|[spread] p2a,p2b\n|-heal|p2a: Milotic|57/100\n|-heal|p2b: Rotom|80/100\n|\n|-weather|SunnyDay|[upkeep]\n|-heal|p2a: Milotic|63/100|[from] item: Leftovers\n|upkeep\n|turn|4\n|\n|t:|1776421510\n|move|p2a: Milotic|Protect|p2a: Milotic\n|-singleturn|p2a: Milotic|Protect\n|move|p1b: Torkoal|Heat Wave|p2a: Milotic|[spread] p2b\n|-activate|p2a: Milotic|move: Protect\n|-resisted|p2b: Rotom|1\n|-damage|p2b: Rotom|51/100\n|move|p1a: Farigiraf|Twin Beam|p2b: Rotom\n|-damage|p2b: Rotom|30/100\n|-enditem|p2b: Rotom|Sitrus Berry|[eat]\n|-heal|p2b: Rotom|55/100|[from] item: Sitrus Berry\n|-damage|p2b: Rotom|34/100\n|-hitcount|p2b: Rotom|2\n|move|p2b: Rotom|Overheat|p1a: Farigiraf|[miss]\n|-miss|p2b: Rotom|p1a: Farigiraf\n|\n|-weather|SunnyDay|[upkeep]\n|-heal|p2a: Milotic|69/100|[from] item: Leftovers\n|upkeep\n|turn|5\n|\n|t:|1776421529\n|move|p2b: Rotom|Protect|p2b: Rotom\n|-singleturn|p2b: Rotom|Protect\n|move|p1b: Torkoal|Heat Wave|p2b: Rotom|[spread] p2a\n|-activate|p2b: Rotom|move: Protect\n|-resisted|p2a: Milotic|1\n|-damage|p2a: Milotic|50/100\n|move|p1a: Farigiraf|Thunderbolt|p2a: Milotic\n|-supereffective|p2a: Milotic|1\n|-damage|p2a: Milotic|4/100\n|move|p2a: Milotic|Life Dew|p2a: Milotic|[spread] p2a,p2b\n|-heal|p2a: Milotic|30/100\n|-heal|p2b: Rotom|58/100\n|\n|-weather|SunnyDay|[upkeep]\n|-heal|p2a: Milotic|36/100|[from] item: Leftovers\n|-fieldend|move: Trick Room\n|upkeep\n|turn|6\n|\n|t:|1776421556\n|move|p2b: Rotom|Overheat|p1a: Farigiraf\n|-damage|p1a: Farigiraf|11/100\n|-unboost|p2b: Rotom|spa|2\n|move|p2a: Milotic|Life Dew|p2a: Milotic|[spread] p2a,p2b\n|-heal|p2a: Milotic|61/100\n|-heal|p2b: Rotom|83/100\n|move|p1b: Torkoal|Solar Beam||[still]\n|-prepare|p1b: Torkoal|Solar Beam\n|-anim|p1b: Torkoal|Solar Beam|p2a: Milotic\n|-supereffective|p2a: Milotic|1\n|-damage|p2a: Milotic|8/100\n|move|p1a: Farigiraf|Trick Room|p1a: Farigiraf\n|-fieldstart|move: Trick Room|[of] p1a: Farigiraf\n|\n|-weather|none\n|-heal|p2a: Milotic|14/100|[from] item: Leftovers\n|upkeep\n|turn|7\n|\n|t:|1776421576\n|move|p2a: Milotic|Protect|p2a: Milotic\n|-singleturn|p2a: Milotic|Protect\n|move|p1b: Torkoal|Earth Power|p2a: Milotic\n|-activate|p2a: Milotic|move: Protect\n|move|p1a: Farigiraf|Twin Beam|p2b: Rotom\n|-damage|p2b: Rotom|62/100\n|-damage|p2b: Rotom|37/100\n|-hitcount|p2b: Rotom|2\n|move|p2b: Rotom|Volt Switch|p1b: Torkoal\n|-damage|p1b: Torkoal|27/100\n|\n|t:|1776421584\n|switch|p2b: Charizard|Charizard, L50, F|100/100|[from] Volt Switch\n|\n|-heal|p2a: Milotic|20/100|[from] item: Leftovers\n|upkeep\n|turn|8\n|inactive|ivanchur has 30 seconds left.\n|\n|t:|1776421609\n|switch|p2a: Rotom|Rotom-Heat, L50|37/100\n|detailschange|p2b: Charizard|Charizard-Mega-Y, L50, F\n|-mega|p2b: Charizard|Charizard|Charizardite Y\n|-weather|SunnyDay|[from] ability: Drought|[of] p2b: Charizard\n|move|p1b: Torkoal|Heat Wave|p2b: Charizard|[spread] p2b\n|-miss|p1b: Torkoal|p2a: Rotom\n|-resisted|p2b: Charizard|1\n|-damage|p2b: Charizard|76/100\n|move|p1a: Farigiraf|Thunderbolt|p2b: Charizard\n|-supereffective|p2b: Charizard|1\n|-damage|p2b: Charizard|17/100\n|move|p2b: Charizard|Heat Wave|p1a: Farigiraf|[spread] p1a,p1b\n|-resisted|p1b: Torkoal|1\n|-damage|p1a: Farigiraf|0 fnt\n|-damage|p1b: Torkoal|0 fnt\n|faint|p1a: Farigiraf\n|faint|p1b: Torkoal\n|\n|-weather|SunnyDay|[upkeep]\n|upkeep\n|\n|t:|1776421621\n|switch|p1b: Venusaur|Venusaur, L50, F|100/100\n|switch|p1a: Incineroar|Incineroar, L50, F|61/100\n|-ability|p1a: Incineroar|Intimidate|boost\n|-unboost|p2a: Rotom|atk|1\n|-unboost|p2b: Charizard|atk|1\n|turn|9\n|\n|t:|1776421636\n|detailschange|p1b: Venusaur|Venusaur-Mega, L50, F\n|-mega|p1b: Venusaur|Venusaur|Venusaurite\n|move|p2b: Charizard|Protect|p2b: Charizard\n|-singleturn|p2b: Charizard|Protect\n|move|p1a: Incineroar|Fake Out|p2a: Rotom\n|-damage|p2a: Rotom|27/100\n|cant|p2a: Rotom|flinch\n|move|p1b: Venusaur|Sludge Bomb|p2b: Charizard\n|-activate|p2b: Charizard|move: Protect\n|\n|-weather|SunnyDay|[upkeep]\n|upkeep\n|turn|10\n|\n|t:|1776421656\n|switch|p2b: Milotic|Milotic, L50, M|20/100\n|move|p1a: Incineroar|Flare Blitz|p2a: Rotom\n|-resisted|p2a: Rotom|1\n|-damage|p2a: Rotom|0 fnt\n|faint|p2a: Rotom\n|-damage|p1a: Incineroar|54/100|[from] Recoil\n|move|p1b: Venusaur|Giga Drain|p2b: Milotic\n|-supereffective|p2b: Milotic|1\n|-damage|p2b: Milotic|0 fnt\n|faint|p2b: Milotic\n|\n|-weather|SunnyDay|[upkeep]\n|-fieldend|move: Trick Room\n|upkeep\n|\n|t:|1776421661\n|switch|p2a: Garchomp|Garchomp, L50, M|40/100\n|switch|p2b: Charizard|Charizard-Mega-Y, L50, F|17/100\n|turn|11\n|\n|t:|1776421675\n|move|p2a: Garchomp|Earthquake|p1a: Incineroar|[spread] p1a,p1b\n|-immune|p2b: Charizard\n|-supereffective|p1a: Incineroar|1\n|-damage|p1a: Incineroar|0 fnt\n|-damage|p1b: Venusaur|58/100\n|faint|p1a: Incineroar\n|move|p1b: Venusaur|Sludge Bomb|p2b: Charizard\n|-damage|p2b: Charizard|0 fnt\n|faint|p2b: Charizard\n|\n|-weather|SunnyDay|[upkeep]\n|upkeep\n|turn|12\n|\n|t:|1776421684\n|move|p2a: Garchomp|Earthquake|p1b: Venusaur\n|-damage|p1b: Venusaur|5/100\n|move|p1b: Venusaur|Giga Drain|p2a: Garchomp\n|-damage|p2a: Garchomp|0 fnt\n|-heal|p1b: Venusaur|29/100|[from] drain|[of] p2a: Garchomp\n|faint|p2a: Garchomp\n|\n|win|KogaAF1219\n|raw|KogaAF1219's rating: 1351 &rarr; <strong>1375</strong><br />(+24 for winning)\n|raw|ivanchur's rating: 1424 &rarr; <strong>1400</strong><br />(-24 for losing)\n|c|\u2606ivanchur|speed venusur\n|c|\u2606ivanchur|?\n|c|\u2606KogaAF1219|Modest\n|c|\u2606ivanchur|why in tr\n|c|\u2606KogaAF1219|For when TR isn\u2019t up\n|c|\u2606ivanchur|in tr isnt usefull then\n|c|\u2606ivanchur|gg\n|l|\u2606ivanchur\n|player|p2|\n|c|\u2606KogaAF1219|You successfully stalled TR twice I need something for when that happens\n|c|\u2606KogaAF1219|plus I love venu it\u2019s one of my favs\n",
  "uploadtime": 1776421689,
  "views": 48,
  "formatid": "gen9championsvgc2026regma",
  "rating": 1375,
  "private": 0,
  "password": null
}