{
  "id": "gen9championsvgc2026regma-2583699927",
  "format": "[Gen 9 Champions] VGC 2026 Reg M-A",
  "players": [
    "Yunobo7",
    "wooperlover420"
  ],
  "log": "|j|\u2606Yunobo7\n|j|\u2606wooperlover420\n|t:|1776191840\n|gametype|doubles\n|player|p1|Yunobo7|miku-ghost|1000\n|player|p2|wooperlover420|1|1000\n|gen|9\n|tier|[Gen 9 Champions] VGC 2026 Reg M-A\n|rated|\n|rule|Species Clause: Limit one of each Pok\u00e9mon\n|rule|Item Clause: Limit 1 of each item\n|clearpoke\n|poke|p1|Charizard, L50, M|\n|poke|p1|Sneasler, L50, M|\n|poke|p1|Milotic, L50, F|\n|poke|p1|Incineroar, L50, F|\n|poke|p1|Sinistcha, L50|\n|poke|p1|Garchomp, L50, M|\n|poke|p2|Starmie, L50|\n|poke|p2|Pelipper, L50, M|\n|poke|p2|Archaludon, L50, M|\n|poke|p2|Incineroar, L50, M|\n|poke|p2|Sinistcha, L50|\n|poke|p2|Sneasler, L50, M|\n|teampreview|4\n|inactive|Battle timer is ON: inactive players will automatically lose when time's up. (requested by Yunobo7)\n|inactive|Yunobo7 has 60 seconds left.\n|inactive|wooperlover420 has 60 seconds left.\n|inactive|wooperlover420 has 30 seconds left.\n|inactive|wooperlover420 has 20 seconds left.\n|\n|t:|1776191916\n|teamsize|p1|4\n|teamsize|p2|4\n|start\n|switch|p1a: Sneasler|Sneasler, L50, M|100/100\n|switch|p1b: Milotic|Milotic, L50, F|100/100\n|switch|p2a: Incineroar|Incineroar, L50, M|100/100\n|switch|p2b: Starmie|Starmie, L50|100/100\n|-ability|p2a: Incineroar|Intimidate|boost\n|-unboost|p1a: Sneasler|atk|1\n|-unboost|p1b: Milotic|atk|1\n|-ability|p1b: Milotic|Competitive|boost\n|-boost|p1b: Milotic|spa|2\n|-enditem|p1a: Sneasler|White Herb\n|-clearnegativeboost|p1a: Sneasler|[silent]\n|turn|1\n|inactive|wooperlover420 has 30 seconds left.\n|\n|t:|1776191947\n|switch|p2b: Archaludon|Archaludon, L50, M|100/100\n|move|p1a: Sneasler|Fake Out|p2b: Archaludon\n|-resisted|p2b: Archaludon|1\n|-damage|p2b: Archaludon|94/100\n|-ability|p2b: Archaludon|Stamina|boost\n|-boost|p2b: Archaludon|def|1\n|move|p1b: Milotic|Scald|p2a: Incineroar\n|-supereffective|p2a: Incineroar|1\n|-damage|p2a: Incineroar|0 fnt\n|faint|p2a: Incineroar\n|\n|-heal|p2b: Archaludon|100/100|[from] item: Leftovers\n|upkeep\n|\n|t:|1776191960\n|switch|p2a: Pelipper|Pelipper, L50, M|100/100\n|-weather|RainDance|[from] ability: Drizzle|[of] p2a: Pelipper\n|turn|2\n|\n|t:|1776191980\n|move|p1a: Sneasler|Close Combat|p2b: Archaludon\n|-supereffective|p2b: Archaludon|1\n|-damage|p2b: Archaludon|28/100\n|-unboost|p1a: Sneasler|def|1\n|-unboost|p1a: Sneasler|spd|1\n|-ability|p2b: Archaludon|Stamina|boost\n|-boost|p2b: Archaludon|def|1\n|move|p2a: Pelipper|Hurricane|p1a: Sneasler\n|-supereffective|p1a: Sneasler|1\n|-damage|p1a: Sneasler|0 fnt\n|faint|p1a: Sneasler\n|move|p1b: Milotic|Scald|p2a: Pelipper\n|-resisted|p2a: Pelipper|1\n|-damage|p2a: Pelipper|18/100\n|-status|p2a: Pelipper|brn\n|move|p2b: Archaludon|Electro Shot||[still]\n|-prepare|p2b: Archaludon|Electro Shot\n|-boost|p2b: Archaludon|spa|1\n|-anim|p2b: Archaludon|Electro Shot|p1b: Milotic\n|-supereffective|p1b: Milotic|1\n|-damage|p1b: Milotic|6/100\n|\n|-weather|RainDance|[upkeep]\n|-heal|p1b: Milotic|12/100|[from] item: Leftovers\n|-heal|p2b: Archaludon|34/100|[from] item: Leftovers\n|-damage|p2a: Pelipper|12/100 brn|[from] brn\n|upkeep\n|\n|t:|1776191984\n|switch|p1a: Sinistcha|Sinistcha, L50|100/100\n|-heal|p1b: Milotic|37/100|[from] ability: Hospitality|[of] p1a: Sinistcha\n|turn|3\n|inactive|wooperlover420 has 30 seconds left.\n|inactive|wooperlover420 has 20 seconds left.\n|\n|t:|1776192021\n|switch|p2a: Starmie|Starmie, L50|100/100\n|switch|p1a: Charizard|Charizard, L50, M|100/100\n|move|p1b: Milotic|Protect|p1b: Milotic\n|-singleturn|p1b: Milotic|Protect\n|move|p2b: Archaludon|Protect||[still]\n|-fail|p2b: Archaludon\n|\n|-weather|RainDance|[upkeep]\n|-heal|p1b: Milotic|43/100|[from] item: Leftovers\n|-heal|p2b: Archaludon|40/100|[from] item: Leftovers\n|upkeep\n|turn|4\n|inactive|wooperlover420 has 30 seconds left.\n|inactive|wooperlover420 has 20 seconds left.\n|\n|t:|1776192061\n|switch|p1a: Sinistcha|Sinistcha, L50|100/100\n|-heal|p1b: Milotic|68/100|[from] ability: Hospitality|[of] p1a: Sinistcha\n|move|p2a: Starmie|Protect|p2a: Starmie\n|-singleturn|p2a: Starmie|Protect\n|move|p1b: Milotic|Scald|p2b: Archaludon\n|-resisted|p2b: Archaludon|1\n|-damage|p2b: Archaludon|0 fnt\n|faint|p2b: Archaludon\n|\n|-weather|RainDance|[upkeep]\n|-heal|p1b: Milotic|74/100|[from] item: Leftovers\n|upkeep\n|\n|t:|1776192072\n|switch|p2b: Pelipper|Pelipper, L50, M|12/100 brn\n|turn|5\n|\n|t:|1776192095\n|detailschange|p2a: Starmie|Starmie-Mega, L50\n|-mega|p2a: Starmie|Starmie|Starminite\n|move|p2a: Starmie|Zen Headbutt|p1b: Milotic\n|-damage|p1b: Milotic|0 fnt\n|faint|p1b: Milotic\n|move|p2b: Pelipper|Hurricane|p1a: Sinistcha\n|-supereffective|p1a: Sinistcha|1\n|-damage|p1a: Sinistcha|3/100\n|move|p1a: Sinistcha|Trick Room|p1a: Sinistcha\n|-fieldstart|move: Trick Room|[of] p1a: Sinistcha\n|\n|-weather|RainDance|[upkeep]\n|-damage|p2b: Pelipper|6/100 brn|[from] brn\n|upkeep\n|\n|t:|1776192106\n|switch|p1b: Charizard|Charizard, L50, M|100/100\n|turn|6\n|inactive|wooperlover420 has 30 seconds left.\n|\n|t:|1776192136\n|move|p1a: Sinistcha|Protect|p1a: Sinistcha\n|-singleturn|p1a: Sinistcha|Protect\n|move|p1b: Charizard|Protect|p1b: Charizard\n|-singleturn|p1b: Charizard|Protect\n|move|p2b: Pelipper|Wide Guard|p2b: Pelipper\n|-singleturn|p2b: Pelipper|Wide Guard\n|move|p2a: Starmie|Zen Headbutt|p1b: Charizard\n|-activate|p1b: Charizard|move: Protect\n|\n|-weather|none\n|-damage|p2b: Pelipper|0 fnt|[from] brn\n|faint|p2b: Pelipper\n|upkeep\n|turn|7\n|\n|t:|1776192152\n|detailschange|p1b: Charizard|Charizard-Mega-X, L50, M\n|-mega|p1b: Charizard|Charizard|Charizardite X\n|move|p1a: Sinistcha|Matcha Gotcha|p2a: Starmie\n|-supereffective|p2a: Starmie|1\n|-damage|p2a: Starmie|9/100\n|-heal|p1a: Sinistcha|38/100|[from] drain|[of] p2a: Starmie\n|move|p1b: Charizard|Dragon Claw|p2a: Starmie\n|-damage|p2a: Starmie|0 fnt\n|faint|p2a: Starmie\n|\n|win|Yunobo7\n|raw|Yunobo7's rating: 1000 &rarr; <strong>1040</strong><br />(+40 for winning)\n|raw|wooperlover420's rating: 1000 &rarr; <strong>1000</strong><br />(+0 for losing)\n|l|\u2606wooperlover420\n|player|p2|\n",
  "uploadtime": 1776192233,
  "views": 18,
  "formatid": "gen9championsvgc2026regma",
  "rating": 1000,
  "private": 0,
  "password": null
}