{
  "id": "gen9championsvgc2026regma-2583521427",
  "format": "[Gen 9 Champions] VGC 2026 Reg M-A",
  "players": [
    "Striker-sama",
    "floating-hand"
  ],
  "log": "|j|\u2606Striker-sama\n|j|\u2606floating-hand\n|t:|1776180917\n|gametype|doubles\n|player|p1|Striker-sama|2|1025\n|player|p2|floating-hand|beauty|1056\n|gen|9\n|tier|[Gen 9 Champions] VGC 2026 Reg M-A\n|rated|\n|rule|Species Clause: Limit one of each Pok\u00e9mon\n|rule|Item Clause: Limit 1 of each item\n|clearpoke\n|poke|p1|Gallade, L50, M|\n|poke|p1|Whimsicott, L50, F|\n|poke|p1|Incineroar, L50, F|\n|poke|p1|Charizard, L50, M|\n|poke|p1|Garchomp, L50, F|\n|poke|p1|Sinistcha, L50|\n|poke|p2|Rotom-Mow, L50|\n|poke|p2|Basculegion, L50, M|\n|poke|p2|Noivern, L50, M|\n|poke|p2|Lopunny, L50, F|\n|poke|p2|Klefki, L50, F|\n|poke|p2|Incineroar, L50, M|\n|teampreview|4\n|\n|t:|1776180966\n|teamsize|p1|4\n|teamsize|p2|4\n|start\n|switch|p1a: Incineroar|Incineroar, L50, F|100/100\n|switch|p1b: Whimsicott|Whimsicott, L50, F, shiny|100/100\n|switch|p2a: Klefki|Klefki, L50, F|100/100\n|switch|p2b: Lopunny|Lopunny, L50, F|100/100\n|-ability|p1a: Incineroar|Intimidate|boost\n|-unboost|p2a: Klefki|atk|1\n|-unboost|p2b: Lopunny|atk|1\n|turn|1\n|\n|t:|1776181003\n|detailschange|p2b: Lopunny|Lopunny-Mega, L50, F\n|-mega|p2b: Lopunny|Lopunny|Lopunnite\n|move|p2b: Lopunny|Fake Out|p1b: Whimsicott\n|-damage|p1b: Whimsicott|76/100\n|move|p1a: Incineroar|Fake Out|p2a: Klefki\n|-resisted|p2a: Klefki|1\n|-damage|p2a: Klefki|95/100\n|cant|p1b: Whimsicott|flinch\n|cant|p2a: Klefki|flinch\n|\n|upkeep\n|turn|2\n|\n|t:|1776181032\n|switch|p2b: Incineroar|Incineroar, L50, M|100/100\n|-ability|p2b: Incineroar|Intimidate|boost\n|-unboost|p1a: Incineroar|atk|1\n|-unboost|p1b: Whimsicott|atk|1\n|move|p1b: Whimsicott|Tailwind|p1b: Whimsicott\n|-sidestart|p1: Striker-sama|move: Tailwind\n|move|p2a: Klefki|Thunder Wave|p1a: Incineroar\n|-hint|Since gen 7, Dark is immune to Prankster moves.\n|-immune|p1a: Incineroar\n|move|p1a: Incineroar|Parting Shot|p2b: Incineroar\n|-unboost|p2b: Incineroar|atk|1\n|-unboost|p2b: Incineroar|spa|1\n|\n|t:|1776181048\n|switch|p1a: Garchomp|Garchomp, L50, F|100/100|[from] Parting Shot\n|\n|upkeep\n|turn|3\n|\n|t:|1776181091\n|switch|p1b: Incineroar|Incineroar, L50, F|100/100\n|-ability|p1b: Incineroar|Intimidate|boost\n|-unboost|p2a: Klefki|atk|1\n|-unboost|p2b: Incineroar|atk|1\n|move|p1a: Garchomp|Stomping Tantrum|p2a: Klefki\n|-supereffective|p2a: Klefki|1\n|-damage|p2a: Klefki|4/100\n|move|p2a: Klefki|Dazzling Gleam|p1b: Incineroar|[spread] p1a,p1b\n|-supereffective|p1a: Garchomp|1\n|-damage|p1a: Garchomp|62/100\n|-damage|p1b: Incineroar|85/100\n|move|p2b: Incineroar|Taunt|p1b: Incineroar\n|-start|p1b: Incineroar|move: Taunt\n|\n|upkeep\n|turn|4\n|\n|t:|1776181151\n|switch|p1b: Gallade|Gallade, L50, M, shiny|100/100\n|move|p2a: Klefki|Reflect|p2a: Klefki\n|-sidestart|p2: floating-hand|Reflect\n|move|p1a: Garchomp|Stomping Tantrum|p2b: Incineroar\n|-supereffective|p2b: Incineroar|1\n|-damage|p2b: Incineroar|56/100\n|move|p2b: Incineroar|Darkest Lariat|p1a: Garchomp\n|-damage|p1a: Garchomp|44/100\n|-damage|p2b: Incineroar|43/100|[from] ability: Rough Skin|[of] p1a: Garchomp\n|\n|upkeep\n|turn|5\n|\n|t:|1776181177\n|switch|p2b: Lopunny|Lopunny-Mega, L50, F|100/100\n|detailschange|p1b: Gallade|Gallade-Mega, L50, M, shiny\n|-mega|p1b: Gallade|Gallade|Galladite\n|move|p1b: Gallade|Protect|p1b: Gallade\n|-singleturn|p1b: Gallade|Protect\n|move|p1a: Garchomp|Stomping Tantrum|p2a: Klefki\n|-supereffective|p2a: Klefki|1\n|-damage|p2a: Klefki|0 fnt\n|faint|p2a: Klefki\n|\n|-sideend|p1: Striker-sama|move: Tailwind\n|upkeep\n|\n|t:|1776181185\n|switch|p2a: Basculegion|Basculegion, L50, M|100/100\n|turn|6\n|\n|t:|1776181205\n|move|p2b: Lopunny|Fake Out|p1a: Garchomp\n|-damage|p1a: Garchomp|18/100\n|-damage|p2b: Lopunny|88/100|[from] ability: Rough Skin|[of] p1a: Garchomp\n|cant|p1a: Garchomp|flinch\n|move|p1b: Gallade|Close Combat|p2b: Lopunny\n|-supereffective|p2b: Lopunny|1\n|-damage|p2b: Lopunny|0 fnt\n|-unboost|p1b: Gallade|def|1\n|-unboost|p1b: Gallade|spd|1\n|faint|p2b: Lopunny\n|move|p2a: Basculegion|Hex|p1b: Gallade\n|-supereffective|p1b: Gallade|1\n|-damage|p1b: Gallade|0 fnt\n|faint|p1b: Gallade\n|\n|upkeep\n|\n|t:|1776181226\n|switch|p1b: Incineroar|Incineroar, L50, F|85/100\n|switch|p2b: Incineroar|Incineroar, L50, M|43/100\n|-ability|p1b: Incineroar|Intimidate|boost\n|-unboost|p2a: Basculegion|atk|1\n|-unboost|p2b: Incineroar|atk|1\n|-ability|p2b: Incineroar|Intimidate|boost\n|-unboost|p1a: Garchomp|atk|1\n|-unboost|p1b: Incineroar|atk|1\n|turn|7\n|\n|t:|1776181256\n|switch|p1a: Whimsicott|Whimsicott, L50, F, shiny|76/100\n|move|p2b: Incineroar|Fake Out|p1b: Incineroar\n|-damage|p1b: Incineroar|78/100\n|move|p2a: Basculegion|Surf|p1a: Whimsicott|[spread] p2b,p1a,p1b\n|-supereffective|p2b: Incineroar|1\n|-resisted|p1a: Whimsicott|1\n|-supereffective|p1b: Incineroar|1\n|-damage|p2b: Incineroar|0 fnt\n|-damage|p1a: Whimsicott|46/100\n|-damage|p1b: Incineroar|16/100\n|faint|p2b: Incineroar\n|cant|p1b: Incineroar|flinch\n|\n|upkeep\n|turn|8\n|\n|t:|1776181278\n|move|p1a: Whimsicott|Tailwind|p1a: Whimsicott\n|-sidestart|p1: Striker-sama|move: Tailwind\n|move|p1b: Incineroar|Darkest Lariat|p2a: Basculegion\n|-supereffective|p2a: Basculegion|1\n|-damage|p2a: Basculegion|67/100\n|move|p2a: Basculegion|Surf|p1b: Incineroar|[spread] p1a,p1b\n|-resisted|p1a: Whimsicott|1\n|-supereffective|p1b: Incineroar|1\n|-damage|p1a: Whimsicott|14/100\n|-damage|p1b: Incineroar|0 fnt\n|faint|p1b: Incineroar\n|\n|-sideend|p2: floating-hand|Reflect\n|upkeep\n|\n|t:|1776181291\n|switch|p1b: Garchomp|Garchomp, L50, F|18/100\n|turn|9\n|\n|t:|1776181308\n|move|p1b: Garchomp|Dragon Claw|p2a: Basculegion\n|-damage|p2a: Basculegion|16/100\n|move|p1a: Whimsicott|Moonblast|p2a: Basculegion\n|-damage|p2a: Basculegion|0 fnt\n|faint|p2a: Basculegion\n|\n|win|Striker-sama\n|raw|Striker-sama's rating: 1025 &rarr; <strong>1064</strong><br />(+39 for winning)\n|raw|floating-hand's rating: 1056 &rarr; <strong>1036</strong><br />(-20 for losing)\n|l|\u2606floating-hand\n|player|p2|\n",
  "uploadtime": 1776181317,
  "views": 11,
  "formatid": "gen9championsvgc2026regma",
  "rating": 1036,
  "private": 0,
  "password": null
}