{
  "id": "gen9championsvgc2026regma-2584824744",
  "format": "[Gen 9 Champions] VGC 2026 Reg M-A",
  "players": [
    "yuriimon",
    "JyanKa"
  ],
  "log": "|j|\u2606yuriimon\n|j|\u2606JyanKa\n|t:|1776286485\n|gametype|doubles\n|player|p1|yuriimon|waitress-gen4|1010\n|player|p2|JyanKa|170|1061\n|gen|9\n|tier|[Gen 9 Champions] VGC 2026 Reg M-A\n|rated|\n|rule|Species Clause: Limit one of each Pok\u00e9mon\n|rule|Item Clause: Limit 1 of each item\n|clearpoke\n|poke|p1|Glimmora, L50, F|\n|poke|p1|Incineroar, L50, M|\n|poke|p1|Archaludon, L50, F|\n|poke|p1|Politoed, L50, M|\n|poke|p1|Basculegion, L50, M|\n|poke|p1|Chesnaught, L50, F|\n|poke|p2|Abomasnow, L50, F|\n|poke|p2|Sinistcha, L50|\n|poke|p2|Incineroar, L50, F|\n|poke|p2|Excadrill, L50, M|\n|poke|p2|Tyranitar, L50, F|\n|poke|p2|Mimikyu, L50, M|\n|teampreview|4\n|inactive|Battle timer is ON: inactive players will automatically lose when time's up. (requested by yuriimon)\n|inactive|yuriimon has 60 seconds left.\n|\n|t:|1776286517\n|teamsize|p1|4\n|teamsize|p2|4\n|start\n|switch|p1a: Glimmora|Glimmora, L50, F|100/100\n|switch|p1b: Incineroar|Incineroar, L50, M|100/100\n|switch|p2a: Mimikyu|Mimikyu, L50, M, shiny|100/100\n|switch|p2b: Incineroar|Incineroar, L50, F|100/100\n|-ability|p2b: Incineroar|Intimidate|boost\n|-unboost|p1a: Glimmora|atk|1\n|-unboost|p1b: Incineroar|atk|1\n|-ability|p1b: Incineroar|Intimidate|boost\n|-unboost|p2a: Mimikyu|atk|1\n|-unboost|p2b: Incineroar|atk|1\n|turn|1\n|\n|t:|1776286540\n|move|p2b: Incineroar|Fake Out|p1a: Glimmora\n|-resisted|p1a: Glimmora|1\n|-damage|p1a: Glimmora|97/100\n|-activate|p1a: Glimmora|ability: Toxic Debris\n|-sidestart|p2: JyanKa|move: Toxic Spikes\n|cant|p1a: Glimmora|flinch\n|move|p1b: Incineroar|Parting Shot|p2a: Mimikyu\n|-unboost|p2a: Mimikyu|atk|1\n|-unboost|p2a: Mimikyu|spa|1\n|\n|t:|1776286550\n|switch|p1b: Chesnaught|Chesnaught, L50, F|100/100|[from] Parting Shot\n|move|p2a: Mimikyu|Trick Room|p2a: Mimikyu\n|-fieldstart|move: Trick Room|[of] p2a: Mimikyu\n|\n|upkeep\n|turn|2\n|\n|t:|1776286575\n|detailschange|p1a: Glimmora|Glimmora-Mega, L50, F\n|-mega|p1a: Glimmora|Glimmora|Glimmoranite\n|move|p2a: Mimikyu|Protect|p2a: Mimikyu\n|-singleturn|p2a: Mimikyu|Protect\n|move|p1b: Chesnaught|Poison Jab|p2a: Mimikyu\n|-activate|p2a: Mimikyu|move: Protect\n|move|p2b: Incineroar|Parting Shot|p1b: Chesnaught\n|-unboost|p1b: Chesnaught|atk|1\n|-unboost|p1b: Chesnaught|spa|1\n|\n|t:|1776286587\n|switch|p2b: Sinistcha|Sinistcha, L50|100/100|[from] Parting Shot\n|-status|p2b: Sinistcha|psn\n|move|p1a: Glimmora|Sludge Wave|p2a: Mimikyu|[spread] p1b,p2b\n|-activate|p2a: Mimikyu|move: Protect\n|-supereffective|p1b: Chesnaught|1\n|-damage|p1b: Chesnaught|0 fnt\n|-damage|p2b: Sinistcha|40/100 psn\n|faint|p1b: Chesnaught\n|\n|-damage|p2b: Sinistcha|28/100 psn|[from] psn\n|upkeep\n|\n|t:|1776286595\n|switch|p1b: Incineroar|Incineroar, L50, M|100/100\n|-ability|p1b: Incineroar|Intimidate|boost\n|-unboost|p2a: Mimikyu|atk|1\n|-unboost|p2b: Sinistcha|atk|1\n|turn|3\n|\n|t:|1776286612\n|switch|p2a: Abomasnow|Abomasnow, L50, F|100/100\n|-status|p2a: Abomasnow|psn\n|-weather|Snowscape|[from] ability: Snow Warning|[of] p2a: Abomasnow\n|move|p1b: Incineroar|Flare Blitz|p2a: Abomasnow\n|-supereffective|p2a: Abomasnow|2\n|-damage|p2a: Abomasnow|0 fnt\n|faint|p2a: Abomasnow\n|-damage|p1b: Incineroar|73/100|[from] Recoil\n|move|p2b: Sinistcha|Scald|p1b: Incineroar\n|-supereffective|p1b: Incineroar|1\n|-damage|p1b: Incineroar|35/100\n|-enditem|p1b: Incineroar|Sitrus Berry|[eat]\n|-heal|p1b: Incineroar|60/100|[from] item: Sitrus Berry\n|move|p1a: Glimmora|Sludge Wave|p2b: Sinistcha|[spread] p1b,p2b\n|-damage|p1b: Incineroar|3/100\n|-damage|p2b: Sinistcha|0 fnt\n|faint|p2b: Sinistcha\n|\n|-weather|Snowscape|[upkeep]\n|upkeep\n|\n|t:|1776286634\n|switch|p2a: Incineroar|Incineroar, L50, F|100/100\n|switch|p2b: Mimikyu|Mimikyu, L50, M, shiny|100/100\n|-status|p2a: Incineroar|psn\n|-ability|p2a: Incineroar|Intimidate|boost\n|-unboost|p1a: Glimmora|atk|1\n|-unboost|p1b: Incineroar|atk|1\n|-status|p2b: Mimikyu|psn\n|turn|4\n|\n|t:|1776286653\n|switch|p1b: Politoed|Politoed, L50, M|100/100\n|-weather|RainDance|[from] ability: Drizzle|[of] p1b: Politoed\n|move|p1a: Glimmora|Protect|p1a: Glimmora\n|-singleturn|p1a: Glimmora|Protect\n|move|p2a: Incineroar|Fake Out|p1a: Glimmora\n|-activate|p1a: Glimmora|move: Protect\n|move|p2b: Mimikyu|Play Rough|p1b: Politoed\n|-damage|p1b: Politoed|66/100\n|\n|-weather|RainDance|[upkeep]\n|-damage|p2a: Incineroar|88/100 psn|[from] psn\n|-damage|p2b: Mimikyu|88/100 psn|[from] psn\n|upkeep\n|turn|5\n|inactive|JyanKa has 30 seconds left.\n|\n|t:|1776286682\n|move|p2a: Incineroar|Darkest Lariat|p1a: Glimmora\n|-damage|p1a: Glimmora|66/100\n|move|p1b: Politoed|Weather Ball|p2a: Incineroar\n|-supereffective|p2a: Incineroar|1\n|-damage|p2a: Incineroar|8/100 psn\n|-enditem|p2a: Incineroar|Sitrus Berry|[eat]\n|-heal|p2a: Incineroar|33/100 psn|[from] item: Sitrus Berry\n|move|p2b: Mimikyu|Play Rough|p1b: Politoed\n|-damage|p1b: Politoed|35/100\n|move|p1a: Glimmora|Power Gem|p2b: Mimikyu\n|-activate|p2b: Mimikyu|ability: Disguise\n|-damage|p2b: Mimikyu|88/100 psn\n|detailschange|p2b: Mimikyu|Mimikyu-Busted, L50, M, shiny\n|-damage|p2b: Mimikyu|76/100 psn|[from] pokemon: Mimikyu-Busted\n|\n|-weather|RainDance|[upkeep]\n|-damage|p2a: Incineroar|20/100 psn|[from] psn\n|-damage|p2b: Mimikyu|64/100 psn|[from] psn\n|-fieldend|move: Trick Room\n|upkeep\n|turn|6\n|inactive|JyanKa has 30 seconds left.\n|\n|t:|1776286710\n|move|p1b: Politoed|Helping Hand|p1a: Glimmora\n|-singleturn|p1a: Glimmora|Helping Hand|[of] p1b: Politoed\n|move|p1a: Glimmora|Sludge Wave|p2a: Incineroar|[spread] p1b,p2a,p2b\n|-damage|p1b: Politoed|0 fnt\n|-damage|p2a: Incineroar|0 fnt\n|-damage|p2b: Mimikyu|0 fnt\n|faint|p1b: Politoed\n|faint|p2a: Incineroar\n|faint|p2b: Mimikyu\n|\n|win|yuriimon\n|raw|yuriimon's rating: 1010 &rarr; <strong>1054</strong><br />(+44 for winning)\n|raw|JyanKa's rating: 1061 &rarr; <strong>1039</strong><br />(-22 for losing)\n",
  "uploadtime": 1776286721,
  "views": 18,
  "formatid": "gen9championsvgc2026regma",
  "rating": 1039,
  "private": 0,
  "password": null
}