{
  "id": "gen9championsvgc2026regma-2583894866",
  "format": "[Gen 9 Champions] VGC 2026 Reg M-A",
  "players": [
    "Lioxim",
    "Thechienchien"
  ],
  "log": "|j|\u2606Lioxim\n|j|\u2606Thechienchien\n|t:|1776206214\n|gametype|doubles\n|player|p1|Lioxim|2|1131\n|player|p2|Thechienchien|1|1213\n|gen|9\n|tier|[Gen 9 Champions] VGC 2026 Reg M-A\n|rated|\n|rule|Species Clause: Limit one of each Pok\u00e9mon\n|rule|Item Clause: Limit 1 of each item\n|clearpoke\n|poke|p1|Tyranitar, L50, F|\n|poke|p1|Rotom-Wash, L50|\n|poke|p1|Garchomp, L50, M|\n|poke|p1|Corviknight, L50, M|\n|poke|p1|Sinistcha, L50|\n|poke|p1|Sneasler, L50, F|\n|poke|p2|Froslass, L50, F|\n|poke|p2|Mimikyu, L50, F|\n|poke|p2|Goodra-Hisui, L50, F|\n|poke|p2|Sneasler, L50, F|\n|poke|p2|Primarina, L50, F|\n|poke|p2|Incineroar, L50, M|\n|teampreview|4\n|\n|t:|1776206231\n|teamsize|p1|4\n|teamsize|p2|4\n|start\n|switch|p1a: Garchomp|Garchomp, L50, M|100/100\n|switch|p1b: Tyranitar|Tyranitar, L50, F|100/100\n|switch|p2a: Froslass|Froslass, L50, F|100/100\n|switch|p2b: Goodra|Goodra-Hisui, L50, F|100/100\n|-weather|Sandstorm|[from] ability: Sand Stream|[of] p1b: Tyranitar\n|turn|1\n|inactive|Battle timer is ON: inactive players will automatically lose when time's up. (requested by Thechienchien)\n|\n|t:|1776206250\n|detailschange|p2a: Froslass|Froslass-Mega, L50, F\n|-mega|p2a: Froslass|Froslass|Froslassite\n|-weather|Snowscape|[from] ability: Snow Warning|[of] p2a: Froslass\n|move|p1b: Tyranitar|Protect|p1b: Tyranitar\n|-singleturn|p1b: Tyranitar|Protect\n|move|p1a: Garchomp|Rock Slide|p2a: Froslass|[spread] p2a,p2b\n|-supereffective|p2a: Froslass|1\n|-resisted|p2b: Goodra|1\n|-damage|p2a: Froslass|62/100\n|-damage|p2b: Goodra|92/100\n|move|p2a: Froslass|Aurora Veil|p2a: Froslass\n|-sidestart|p2: Thechienchien|move: Aurora Veil\n|cant|p2b: Goodra|flinch\n|\n|-weather|Snowscape|[upkeep]\n|-heal|p2b: Goodra|98/100|[from] item: Leftovers\n|upkeep\n|turn|2\n|\n|t:|1776206265\n|detailschange|p1b: Tyranitar|Tyranitar-Mega, L50, F\n|-mega|p1b: Tyranitar|Tyranitar|Tyranitarite\n|-weather|Sandstorm|[from] ability: Sand Stream|[of] p1b: Tyranitar\n|move|p1a: Garchomp|Rock Slide|p2a: Froslass|[spread] p2a,p2b\n|-supereffective|p2a: Froslass|1\n|-resisted|p2b: Goodra|1\n|-damage|p2a: Froslass|26/100\n|-damage|p2b: Goodra|93/100\n|move|p2a: Froslass|Blizzard|p1a: Garchomp|[spread] p1a,p1b\n|-supereffective|p1a: Garchomp|2\n|-crit|p1a: Garchomp\n|-damage|p1a: Garchomp|0 fnt\n|-damage|p1b: Tyranitar|78/100\n|faint|p1a: Garchomp\n|move|p1b: Tyranitar|Knock Off|p1: Garchomp|[notarget]\n|-fail|p1b: Tyranitar\n|move|p2b: Goodra|Shelter|p2b: Goodra\n|-boost|p2b: Goodra|def|2\n|\n|-weather|Sandstorm|[upkeep]\n|-damage|p2a: Froslass|20/100|[from] Sandstorm\n|-heal|p2b: Goodra|99/100|[from] item: Leftovers\n|upkeep\n|\n|t:|1776206284\n|switch|p1a: Sneasler|Sneasler, L50, F|100/100\n|turn|3\n|\n|t:|1776206300\n|move|p2a: Froslass|Protect|p2a: Froslass\n|-singleturn|p2a: Froslass|Protect\n|move|p1a: Sneasler|Throat Chop|p2a: Froslass\n|-activate|p2a: Froslass|move: Protect\n|move|p1b: Tyranitar|Dragon Dance|p1b: Tyranitar\n|-boost|p1b: Tyranitar|atk|1\n|-boost|p1b: Tyranitar|spe|1\n|move|p2b: Goodra|Life Dew|p2b: Goodra|[spread] p2a,p2b\n|-heal|p2a: Froslass|45/100\n|-heal|p2b: Goodra|100/100\n|\n|-weather|Sandstorm|[upkeep]\n|-damage|p2a: Froslass|39/100|[from] Sandstorm\n|-damage|p1a: Sneasler|95/100|[from] Sandstorm\n|upkeep\n|turn|4\n|\n|t:|1776206316\n|switch|p2a: Sneasler|Sneasler, L50, F|100/100\n|move|p1b: Tyranitar|Rock Slide|p2a: Sneasler|[spread] p2a,p2b\n|-resisted|p2a: Sneasler|1\n|-resisted|p2b: Goodra|1\n|-damage|p2a: Sneasler|71/100\n|-damage|p2b: Goodra|95/100\n|move|p1a: Sneasler|Throat Chop|p2a: Sneasler\n|-resisted|p2a: Sneasler|1\n|-damage|p2a: Sneasler|56/100\n|-start|p2a: Sneasler|Throat Chop|[silent]\n|move|p2b: Goodra|Body Press|p1b: Tyranitar\n|-supereffective|p1b: Tyranitar|2\n|-damage|p1b: Tyranitar|0 fnt\n|faint|p1b: Tyranitar\n|\n|-weather|Sandstorm|[upkeep]\n|-damage|p2a: Sneasler|50/100|[from] Sandstorm\n|-damage|p1a: Sneasler|89/100|[from] Sandstorm\n|-heal|p2b: Goodra|100/100|[from] item: Leftovers\n|upkeep\n|\n|t:|1776206328\n|switch|p1b: Sinistcha|Sinistcha, L50|100/100\n|-heal|p1a: Sneasler|100/100|[from] ability: Hospitality|[of] p1b: Sinistcha\n|turn|5\n|\n|t:|1776206334\n|move|p2a: Sneasler|Fake Out|p1a: Sneasler\n|-damage|p1a: Sneasler|86/100\n|cant|p1a: Sneasler|flinch\n|move|p1b: Sinistcha|Matcha Gotcha|p2a: Sneasler|[spread] p2a,p2b\n|-resisted|p2a: Sneasler|1\n|-resisted|p2b: Goodra|2\n|-damage|p2a: Sneasler|39/100\n|-damage|p2b: Goodra|98/100\n|move|p2b: Goodra|Shelter|p2b: Goodra\n|-boost|p2b: Goodra|def|2\n|\n|-weather|Sandstorm|[upkeep]\n|-damage|p2a: Sneasler|33/100|[from] Sandstorm\n|-damage|p1a: Sneasler|80/100|[from] Sandstorm\n|-damage|p1b: Sinistcha|94/100|[from] Sandstorm\n|-heal|p2b: Goodra|100/100|[from] item: Leftovers\n|-end|p2a: Sneasler|Throat Chop|[silent]\n|-sideend|p2: Thechienchien|move: Aurora Veil\n|upkeep\n|turn|6\n|inactive|Lioxim has 30 seconds left.\n|\n|t:|1776206360\n|move|p1b: Sinistcha|Rage Powder|p1b: Sinistcha\n|-singleturn|p1b: Sinistcha|move: Rage Powder\n|move|p2a: Sneasler|Dire Claw|p1b: Sinistcha\n|-damage|p1b: Sinistcha|58/100\n|move|p1a: Sneasler|Close Combat|p2a: Sneasler\n|-resisted|p2a: Sneasler|1\n|-damage|p2a: Sneasler|0 fnt\n|-unboost|p1a: Sneasler|def|1\n|-unboost|p1a: Sneasler|spd|1\n|faint|p2a: Sneasler\n|-enditem|p1a: Sneasler|White Herb\n|-clearnegativeboost|p1a: Sneasler|[silent]\n|move|p2b: Goodra|Shelter|p2b: Goodra\n|-boost|p2b: Goodra|def|2\n|\n|-weather|none\n|upkeep\n|\n|t:|1776206370\n|switch|p2a: Froslass|Froslass-Mega, L50, F|39/100\n|-weather|Snowscape|[from] ability: Snow Warning|[of] p2a: Froslass\n|turn|7\n|\n|t:|1776206376\n|move|p1a: Sneasler|Throat Chop|p2a: Froslass\n|-supereffective|p2a: Froslass|1\n|-damage|p2a: Froslass|0 fnt\n|faint|p2a: Froslass\n|move|p1b: Sinistcha|Life Dew|p1b: Sinistcha|[spread] p1a,p1b\n|-heal|p1a: Sneasler|100/100\n|-heal|p1b: Sinistcha|84/100\n|move|p2b: Goodra|Life Dew||[still]\n|-fail|p2b: Goodra|heal\n|\n|-weather|Snowscape|[upkeep]\n|upkeep\n|\n|t:|1776206379\n|switch|p2a: Primarina|Primarina, L50, F|100/100\n|turn|8\n|\n|t:|1776206387\n|move|p2a: Primarina|Protect|p2a: Primarina\n|-singleturn|p2a: Primarina|Protect\n|move|p1b: Sinistcha|Rage Powder|p1b: Sinistcha\n|-singleturn|p1b: Sinistcha|move: Rage Powder\n|move|p1a: Sneasler|Dire Claw|p2a: Primarina\n|-activate|p2a: Primarina|move: Protect\n|move|p2b: Goodra|Heavy Slam|p1b: Sinistcha\n|-damage|p1b: Sinistcha|43/100\n|-enditem|p1b: Sinistcha|Sitrus Berry|[eat]\n|-heal|p1b: Sinistcha|67/100|[from] item: Sitrus Berry\n|\n|-weather|Snowscape|[upkeep]\n|upkeep\n|turn|9\n|\n|t:|1776206403\n|move|p1a: Sneasler|Dire Claw|p2a: Primarina\n|-supereffective|p2a: Primarina|1\n|-damage|p2a: Primarina|11/100\n|-status|p2a: Primarina|par\n|move|p1b: Sinistcha|Life Dew||[still]|[spread] p1a,p1b\n|-fail|p1a: Sneasler|heal\n|-heal|p1b: Sinistcha|93/100\n|move|p2b: Goodra|Heavy Slam|p1b: Sinistcha\n|-damage|p1b: Sinistcha|57/100\n|move|p2a: Primarina|Moonblast|p1b: Sinistcha\n|-damage|p1b: Sinistcha|7/100\n|\n|-weather|Snowscape|[upkeep]\n|upkeep\n|turn|10\n|\n|t:|1776206421\n|move|p1a: Sneasler|Close Combat|p2b: Goodra\n|-supereffective|p2b: Goodra|1\n|-damage|p2b: Goodra|80/100\n|-unboost|p1a: Sneasler|def|1\n|-unboost|p1a: Sneasler|spd|1\n|move|p1b: Sinistcha|Matcha Gotcha|p2b: Goodra|[spread] p2a,p2b\n|-supereffective|p2a: Primarina|1\n|-resisted|p2b: Goodra|2\n|-damage|p2a: Primarina|0 fnt\n|-heal|p1b: Sinistcha|12/100|[from] drain|[of] p2a: Primarina\n|-damage|p2b: Goodra|76/100\n|-heal|p1b: Sinistcha|15/100|[from] drain|[of] p2b: Goodra\n|faint|p2a: Primarina\n|move|p2b: Goodra|Heavy Slam|p1b: Sinistcha\n|-damage|p1b: Sinistcha|0 fnt\n|faint|p1b: Sinistcha\n|\n|-weather|Snowscape|[upkeep]\n|-heal|p2b: Goodra|82/100|[from] item: Leftovers\n|upkeep\n|turn|11\n|\n|t:|1776206438\n|move|p1a: Sneasler|Close Combat|p2b: Goodra\n|-supereffective|p2b: Goodra|1\n|-damage|p2b: Goodra|62/100\n|-unboost|p1a: Sneasler|def|1\n|-unboost|p1a: Sneasler|spd|1\n|move|p2b: Goodra|Life Dew|p2b: Goodra\n|-heal|p2b: Goodra|87/100\n|\n|-weather|none\n|-heal|p2b: Goodra|93/100|[from] item: Leftovers\n|upkeep\n|turn|12\n|\n|t:|1776206446\n|move|p1a: Sneasler|Close Combat|p2b: Goodra\n|-supereffective|p2b: Goodra|1\n|-damage|p2b: Goodra|73/100\n|-unboost|p1a: Sneasler|def|1\n|-unboost|p1a: Sneasler|spd|1\n|move|p2b: Goodra|Life Dew|p2b: Goodra\n|-heal|p2b: Goodra|98/100\n|\n|-heal|p2b: Goodra|100/100|[from] item: Leftovers\n|upkeep\n|turn|13\n|\n|t:|1776206450\n|move|p1a: Sneasler|Close Combat|p2b: Goodra\n|-supereffective|p2b: Goodra|1\n|-damage|p2b: Goodra|78/100\n|-unboost|p1a: Sneasler|def|1\n|-unboost|p1a: Sneasler|spd|1\n|move|p2b: Goodra|Body Press|p1a: Sneasler\n|-resisted|p1a: Sneasler|1\n|-damage|p1a: Sneasler|0 fnt\n|faint|p1a: Sneasler\n|\n|win|Thechienchien\n|raw|Lioxim's rating: 1131 &rarr; <strong>1112</strong><br />(-19 for losing)\n|raw|Thechienchien's rating: 1213 &rarr; <strong>1232</strong><br />(+19 for winning)\n",
  "uploadtime": 1776206453,
  "views": 20,
  "formatid": "gen9championsvgc2026regma",
  "rating": 1112,
  "private": 0,
  "password": null
}