{
  "id": "gen9championsvgc2026regma-2582109666",
  "format": "[Gen 9 Champions] VGC 2026 Reg M-A",
  "players": [
    "zacooks",
    "TheRealXander"
  ],
  "log": "|j|\u203dzacooks\n|j|\u2606TheRealXander\n|t:|1776059105\n|gametype|doubles\n|player|p1|zacooks|cynthia|1040\n|player|p2|TheRealXander|plasmagrunt|1134\n|gen|9\n|tier|[Gen 9 Champions] VGC 2026 Reg M-A\n|rated|\n|rule|Species Clause: Limit one of each Pok\u00e9mon\n|rule|Item Clause: Limit 1 of each item\n|clearpoke\n|poke|p1|Sinistcha, L50|\n|poke|p1|Charizard, L50, F|\n|poke|p1|Torkoal, L50, M|\n|poke|p1|Hatterene, L50, F|\n|poke|p1|Milotic, L50, F|\n|poke|p1|Sneasler, L50, F|\n|poke|p2|Scizor, L50, F|\n|poke|p2|Greninja-*, L50, M|\n|poke|p2|Pelipper, L50, M|\n|poke|p2|Archaludon, L50, M|\n|poke|p2|Meowscarada, L50, F|\n|poke|p2|Incineroar, L50, M|\n|teampreview|4\n|\n|t:|1776059144\n|teamsize|p1|4\n|teamsize|p2|4\n|start\n|switch|p1a: Torkoal|Torkoal, L50, M|100/100\n|switch|p1b: Hatterene|Hatterene, L50, F|100/100\n|switch|p2a: Shino|Greninja, L50, M|100/100\n|switch|p2b: Incineroar|Incineroar, L50, M|100/100\n|-ability|p2b: Incineroar|Intimidate|boost\n|-unboost|p1a: Torkoal|atk|1\n|-unboost|p1b: Hatterene|atk|1\n|-weather|SunnyDay|[from] ability: Drought|[of] p1a: Torkoal\n|turn|1\n|\n|t:|1776059176\n|detailschange|p2a: Shino|Greninja-Mega, L50, M\n|-mega|p2a: Shino|Greninja|Greninjite\n|move|p2b: Incineroar|Fake Out|p1b: Hatterene\n|-damage|p1b: Hatterene|89/100\n|move|p2a: Shino|Dark Pulse|p1a: Torkoal\n|-start|p2a: Shino|typechange|Dark|[from] ability: Protean\n|-damage|p1a: Torkoal|43/100\n|cant|p1b: Hatterene|flinch\n|move|p1a: Torkoal|Earth Power|p2b: Incineroar\n|-supereffective|p2b: Incineroar|1\n|-damage|p2b: Incineroar|68/100\n|\n|-weather|SunnyDay|[upkeep]\n|-heal|p1a: Torkoal|49/100|[from] item: Leftovers\n|upkeep\n|turn|2\n|\n|t:|1776059209\n|move|p2a: Shino|Dark Pulse|p1a: Torkoal\n|-damage|p1a: Torkoal|0 fnt\n|faint|p1a: Torkoal\n|move|p2b: Incineroar|Parting Shot|p1b: Hatterene\n|move|p1b: Hatterene|Parting Shot|p2b: Incineroar|[from] ability: Magic Bounce\n|-unboost|p2b: Incineroar|atk|1\n|-unboost|p2b: Incineroar|spa|1\n|\n|t:|1776059220\n|switch|p1b: Sneasler|Sneasler, L50, F|100/100|[from] Parting Shot\n|\n|-weather|SunnyDay|[upkeep]\n|upkeep\n|\n|t:|1776059225\n|switch|p1a: Hatterene|Hatterene, L50, F|89/100\n|turn|3\n|\n|t:|1776059242\n|switch|p2a: Pelipper|Pelipper, L50, M|100/100\n|-weather|RainDance|[from] ability: Drizzle|[of] p2a: Pelipper\n|move|p1b: Sneasler|Fake Out|p2a: Pelipper\n|-damage|p2a: Pelipper|83/100\n|move|p2b: Incineroar|Parting Shot|p1a: Hatterene\n|move|p1a: Hatterene|Parting Shot|p2b: Incineroar|[from] ability: Magic Bounce\n|-unboost|p2b: Incineroar|atk|1\n|-unboost|p2b: Incineroar|spa|1\n|\n|t:|1776059257\n|switch|p1a: Charizard|Charizard, L50, F|100/100|[from] Parting Shot\n|\n|-weather|RainDance|[upkeep]\n|upkeep\n|turn|4\n|\n|t:|1776059273\n|detailschange|p1a: Charizard|Charizard-Mega-Y, L50, F\n|-mega|p1a: Charizard|Charizard|Charizardite Y\n|-weather|SunnyDay|[from] ability: Drought|[of] p1a: Charizard\n|move|p1b: Sneasler|Close Combat|p2b: Incineroar\n|-supereffective|p2b: Incineroar|1\n|-damage|p2b: Incineroar|0 fnt\n|-unboost|p1b: Sneasler|def|1\n|-unboost|p1b: Sneasler|spd|1\n|faint|p2b: Incineroar\n|move|p1a: Charizard|Dragon Dance|p1a: Charizard\n|-boost|p1a: Charizard|atk|1\n|-boost|p1a: Charizard|spe|1\n|move|p2a: Pelipper|Tailwind|p2a: Pelipper\n|-sidestart|p2: TheRealXander|move: Tailwind\n|\n|-weather|SunnyDay|[upkeep]\n|upkeep\n|\n|t:|1776059289\n|switch|p2b: Shino|Greninja-Mega, L50, M|100/100\n|turn|5\n|\n|t:|1776059333\n|move|p2b: Shino|Rock Slide|p1a: Charizard|[spread] p1a,p1b\n|-start|p2b: Shino|typechange|Rock|[from] ability: Protean\n|-supereffective|p1a: Charizard|2\n|-resisted|p1b: Sneasler|1\n|-damage|p1a: Charizard|0 fnt\n|-damage|p1b: Sneasler|70/100\n|faint|p1a: Charizard\n|move|p2a: Pelipper|Weather Ball|p1b: Sneasler\n|-damage|p1b: Sneasler|0 fnt\n|faint|p1b: Sneasler\n|\n|-weather|SunnyDay|[upkeep]\n|upkeep\n|\n|t:|1776059357\n|switch|p1a: Hatterene|Hatterene, L50, F|89/100\n|turn|6\n|\n|t:|1776059363\n|move|p2b: Shino|Dark Pulse|p1a: Hatterene\n|-damage|p1a: Hatterene|57/100\n|move|p2a: Pelipper|Weather Ball|p1a: Hatterene\n|-damage|p1a: Hatterene|12/100\n|-enditem|p1a: Hatterene|Sitrus Berry|[eat]\n|-heal|p1a: Hatterene|37/100|[from] item: Sitrus Berry\n|move|p1a: Hatterene|Dazzling Gleam|p2a: Pelipper|[spread] p2a,p2b\n|-damage|p2a: Pelipper|39/100\n|-damage|p2b: Shino|58/100\n|\n|-weather|SunnyDay|[upkeep]\n|upkeep\n|turn|7\n|\n|t:|1776059375\n|move|p1a: Hatterene|Protect|p1a: Hatterene\n|-singleturn|p1a: Hatterene|Protect\n|move|p2b: Shino|Dark Pulse|p1a: Hatterene\n|-activate|p1a: Hatterene|move: Protect\n|move|p2a: Pelipper|Weather Ball|p1a: Hatterene\n|-activate|p1a: Hatterene|move: Protect\n|\n|-weather|SunnyDay|[upkeep]\n|-sideend|p2: TheRealXander|move: Tailwind\n|upkeep\n|turn|8\n|\n|t:|1776059387\n|move|p2b: Shino|Dark Pulse|p1a: Hatterene\n|-damage|p1a: Hatterene|6/100\n|move|p2a: Pelipper|Weather Ball|p1a: Hatterene\n|-crit|p1a: Hatterene\n|-damage|p1a: Hatterene|0 fnt\n|faint|p1a: Hatterene\n|\n|win|TheRealXander\n|raw|zacooks's rating: 1040 &rarr; <strong>1028</strong><br />(-12 for losing)\n|raw|TheRealXander's rating: 1134 &rarr; <strong>1152</strong><br />(+18 for winning)\n",
  "uploadtime": 1776059396,
  "views": 38,
  "formatid": "gen9championsvgc2026regma",
  "rating": 1028,
  "private": 0,
  "password": null
}