{
  "id": "gen9championsvgc2026regma-2584353344",
  "format": "[Gen 9 Champions] VGC 2026 Reg M-A",
  "players": [
    "Sharkhy_",
    "mura10900"
  ],
  "log": "|j|\u2606Sharkhy_\n|j|\u2606mura10900\n|t:|1776254150\n|gametype|doubles\n|player|p1|Sharkhy_|2|1048\n|player|p2|mura10900|170|1053\n|gen|9\n|tier|[Gen 9 Champions] VGC 2026 Reg M-A\n|rated|\n|rule|Species Clause: Limit one of each Pok\u00e9mon\n|rule|Item Clause: Limit 1 of each item\n|clearpoke\n|poke|p1|Charizard, L50, M|\n|poke|p1|Maushold-Four, L50|\n|poke|p1|Sneasler, L50, M|\n|poke|p1|Dragapult, L50, M|\n|poke|p1|Kingambit, L50, M|\n|poke|p1|Garchomp, L50, F|\n|poke|p2|Floette-Eternal, L50, F|\n|poke|p2|Incineroar, L50, M|\n|poke|p2|Sinistcha, L50|\n|poke|p2|Garchomp, L50, F|\n|poke|p2|Aerodactyl, L50, F|\n|poke|p2|Sneasler, L50, M|\n|teampreview|4\n|inactive|Battle timer is ON: inactive players will automatically lose when time's up. (requested by Sharkhy_)\n|\n|t:|1776254198\n|teamsize|p1|4\n|teamsize|p2|4\n|start\n|switch|p1a: Sneasler|Sneasler, L50, M|100/100\n|switch|p1b: Dragapult|Dragapult, L50, M|100/100\n|switch|p2a: Garchomp|Garchomp, L50, F|100/100\n|switch|p2b: Aerodactyl|Aerodactyl, L50, F|100/100\n|-ability|p2b: Aerodactyl|Unnerve\n|turn|1\n|\n|t:|1776254219\n|move|p1a: Sneasler|Fake Out|p2b: Aerodactyl\n|-resisted|p2b: Aerodactyl|1\n|-damage|p2b: Aerodactyl|90/100\n|move|p2a: Garchomp|Earthquake|p1b: Dragapult|[spread] p1a,p1b\n|-immune|p2b: Aerodactyl\n|-supereffective|p1a: Sneasler|1\n|-enditem|p1a: Sneasler|Focus Sash\n|-damage|p1a: Sneasler|1/100\n|-damage|p1b: Dragapult|46/100\n|move|p1b: Dragapult|Will-O-Wisp|p2a: Garchomp\n|-status|p2a: Garchomp|brn\n|cant|p2b: Aerodactyl|flinch\n|\n|-damage|p2a: Garchomp|95/100 brn|[from] brn\n|upkeep\n|turn|2\n|inactive|Sharkhy_ has 30 seconds left.\n|\n|t:|1776254249\n|move|p1a: Sneasler|Close Combat|p2b: Aerodactyl\n|-damage|p2b: Aerodactyl|0 fnt\n|-unboost|p1a: Sneasler|def|1\n|-unboost|p1a: Sneasler|spd|1\n|faint|p2b: Aerodactyl\n|move|p2a: Garchomp|Earthquake|p1a: Sneasler|[spread] p1a,p1b\n|-supereffective|p1a: Sneasler|1\n|-damage|p1a: Sneasler|0 fnt\n|-damage|p1b: Dragapult|20/100\n|faint|p1a: Sneasler\n|move|p1b: Dragapult|Draco Meteor|p2a: Garchomp\n|-supereffective|p2a: Garchomp|1\n|-damage|p2a: Garchomp|0 fnt\n|-unboost|p1b: Dragapult|spa|2\n|faint|p2a: Garchomp\n|\n|upkeep\n|\n|t:|1776254264\n|switch|p1a: Maushold|Maushold-Four, L50|100/100\n|switch|p2b: Sinistcha|Sinistcha, L50|100/100\n|switch|p2a: Floette|Floette-Eternal, L50, F|100/100\n|turn|3\n|\n|t:|1776254287\n|detailschange|p2a: Floette|Floette-Mega, L50, F\n|-mega|p2a: Floette|Floette|Floettite\n|-ability|p2a: Floette|Fairy Aura\n|move|p1a: Maushold|Follow Me|p1a: Maushold\n|-singleturn|p1a: Maushold|move: Follow Me\n|move|p2b: Sinistcha|Rage Powder|p2b: Sinistcha\n|-singleturn|p2b: Sinistcha|move: Rage Powder\n|move|p1b: Dragapult|Shadow Ball|p2b: Sinistcha\n|-supereffective|p2b: Sinistcha|1\n|-damage|p2b: Sinistcha|70/100\n|move|p2a: Floette|Dazzling Gleam|p1a: Maushold|[spread] p1a,p1b\n|-supereffective|p1b: Dragapult|1\n|-damage|p1a: Maushold|45/100\n|-damage|p1b: Dragapult|0 fnt\n|faint|p1b: Dragapult\n|\n|-heal|p2b: Sinistcha|76/100|[from] item: Leftovers\n|upkeep\n|\n|t:|1776254300\n|switch|p1b: Charizard|Charizard, L50, M|100/100\n|turn|4\n|\n|t:|1776254316\n|detailschange|p1b: Charizard|Charizard-Mega-Y, L50, M\n|-mega|p1b: Charizard|Charizard|Charizardite Y\n|-weather|SunnyDay|[from] ability: Drought|[of] p1b: Charizard\n|move|p2b: Sinistcha|Rage Powder|p2b: Sinistcha\n|-singleturn|p2b: Sinistcha|move: Rage Powder\n|move|p1a: Maushold|Encore|p2b: Sinistcha\n|-start|p2b: Sinistcha|Encore\n|move|p2a: Floette|Dazzling Gleam|p1a: Maushold|[spread] p1a,p1b\n|-resisted|p1b: Charizard|1\n|-damage|p1a: Maushold|0 fnt\n|-damage|p1b: Charizard|85/100\n|faint|p1a: Maushold\n|move|p1b: Charizard|Heat Wave|p2b: Sinistcha|[spread] p2b\n|-miss|p1b: Charizard|p2a: Floette\n|-supereffective|p2b: Sinistcha|1\n|-damage|p2b: Sinistcha|0 fnt\n|faint|p2b: Sinistcha\n|\n|-weather|SunnyDay|[upkeep]\n|upkeep\n|turn|5\n|\n|t:|1776254332\n|move|p2a: Floette|Dazzling Gleam|p1b: Charizard\n|-resisted|p1b: Charizard|1\n|-crit|p1b: Charizard\n|-damage|p1b: Charizard|50/100\n|move|p1b: Charizard|Overheat|p2a: Floette\n|-damage|p2a: Floette|23/100\n|-unboost|p1b: Charizard|spa|2\n|\n|-weather|SunnyDay|[upkeep]\n|upkeep\n|turn|6\n|\n|t:|1776254342\n|move|p1b: Charizard|Protect|p1b: Charizard\n|-singleturn|p1b: Charizard|Protect\n|move|p2a: Floette|Draining Kiss|p1b: Charizard\n|-activate|p1b: Charizard|move: Protect\n|\n|-weather|SunnyDay|[upkeep]\n|upkeep\n|turn|7\n|\n|t:|1776254348\n|move|p2a: Floette|Draining Kiss|p1b: Charizard\n|-resisted|p1b: Charizard|1\n|-damage|p1b: Charizard|33/100\n|-heal|p2a: Floette|35/100|[from] drain|[of] p1b: Charizard\n|move|p1b: Charizard|Overheat|p2a: Floette\n|-damage|p2a: Floette|0 fnt\n|-unboost|p1b: Charizard|spa|2\n|faint|p2a: Floette\n|\n|win|Sharkhy_\n|raw|Sharkhy_'s rating: 1048 &rarr; <strong>1081</strong><br />(+33 for winning)\n|raw|mura10900's rating: 1053 &rarr; <strong>1035</strong><br />(-18 for losing)\n|l|\u2606mura10900\n|player|p2|\n",
  "uploadtime": 1776254357,
  "views": 40,
  "formatid": "gen9championsvgc2026regma",
  "rating": 1035,
  "private": 0,
  "password": null
}