{
  "id": "gen9championsvgc2026regma-2584396346",
  "format": "[Gen 9 Champions] VGC 2026 Reg M-A",
  "players": [
    "HyugaAnbu",
    "khfasklfhdkls"
  ],
  "log": "|j|\u2606HyugaAnbu\n|j|\u2606khfasklfhdkls\n|t:|1776257807\n|gametype|doubles\n|player|p1|HyugaAnbu|265|1061\n|player|p2|khfasklfhdkls|102|1000\n|gen|9\n|tier|[Gen 9 Champions] VGC 2026 Reg M-A\n|rated|\n|rule|Species Clause: Limit one of each Pok\u00e9mon\n|rule|Item Clause: Limit 1 of each item\n|clearpoke\n|poke|p1|Lopunny, L50, M|\n|poke|p1|Milotic, L50, F|\n|poke|p1|Maushold-Four, L50|\n|poke|p1|Aerodactyl, L50, M|\n|poke|p1|Sinistcha, L50|\n|poke|p1|Typhlosion-Hisui, L50, F|\n|poke|p2|Kingambit, L50, M|\n|poke|p2|Hawlucha, L50, M|\n|poke|p2|Pelipper, L50, M|\n|poke|p2|Beartic, L50, F|\n|poke|p2|Sinistcha, L50|\n|poke|p2|Kangaskhan, L50, F|\n|teampreview|4\n|inactive|Battle timer is ON: inactive players will automatically lose when time's up. (requested by HyugaAnbu)\n|\n|t:|1776257833\n|teamsize|p1|4\n|teamsize|p2|4\n|start\n|switch|p1a: Lopunny|Lopunny, L50, M|100/100\n|switch|p1b: Maushold|Maushold-Four, L50|100/100\n|switch|p2a: Kangaskhan|Kangaskhan, L50, F|100/100\n|switch|p2b: Kingambit|Kingambit, L50, M|100/100\n|turn|1\n|inactive|khfasklfhdkls has 30 seconds left.\n|\n|t:|1776257864\n|detailschange|p1a: Lopunny|Lopunny-Mega, L50, M\n|-mega|p1a: Lopunny|Lopunny|Lopunnite\n|move|p2a: Kangaskhan|Fake Out|p1a: Lopunny\n|-damage|p1a: Lopunny|83/100\n|move|p1b: Maushold|Follow Me|p1b: Maushold\n|-singleturn|p1b: Maushold|move: Follow Me\n|cant|p1a: Lopunny|flinch\n|move|p2b: Kingambit|Kowtow Cleave|p1b: Maushold\n|-damage|p1b: Maushold|47/100\n|\n|upkeep\n|turn|2\n|\n|t:|1776257886\n|switch|p2a: Sinistcha|Sinistcha, L50|100/100\n|move|p1b: Maushold|Helping Hand|p1a: Lopunny\n|-singleturn|p1a: Lopunny|Helping Hand|[of] p1b: Maushold\n|move|p1a: Lopunny|High Jump Kick|p2a: Sinistcha\n|-damage|p2a: Sinistcha|11/100\n|-enditem|p2a: Sinistcha|Sitrus Berry|[eat]\n|-heal|p2a: Sinistcha|36/100|[from] item: Sitrus Berry\n|move|p2b: Kingambit|Kowtow Cleave|p1b: Maushold\n|-damage|p1b: Maushold|0 fnt\n|faint|p1b: Maushold\n|\n|upkeep\n|\n|t:|1776257901\n|switch|p1b: Aerodactyl|Aerodactyl, L50, M|100/100\n|-ability|p1b: Aerodactyl|Unnerve\n|turn|3\n|inactive|khfasklfhdkls has 30 seconds left.\n|\n|t:|1776257927\n|move|p2a: Sinistcha|Protect|p2a: Sinistcha\n|-singleturn|p2a: Sinistcha|Protect\n|move|p1a: Lopunny|High Jump Kick|p2b: Kingambit|[miss]\n|-miss|p1a: Lopunny|p2b: Kingambit\n|-damage|p1a: Lopunny|33/100|[from] highjumpkick\n|move|p1b: Aerodactyl|Dual Wingbeat|p2a: Sinistcha\n|-activate|p2a: Sinistcha|move: Protect\n|move|p2b: Kingambit|Iron Head|p1a: Lopunny\n|-damage|p1a: Lopunny|0 fnt\n|faint|p1a: Lopunny\n|\n|upkeep\n|\n|t:|1776257934\n|switch|p1a: Milotic|Milotic, L50, F|100/100\n|turn|4\n|\n|t:|1776257947\n|move|p2a: Sinistcha|Rage Powder|p2a: Sinistcha\n|-singleturn|p2a: Sinistcha|move: Rage Powder\n|move|p1b: Aerodactyl|Dual Wingbeat|p2a: Sinistcha\n|-supereffective|p2a: Sinistcha|1\n|-damage|p2a: Sinistcha|6/100\n|-supereffective|p2a: Sinistcha|1\n|-damage|p2a: Sinistcha|0 fnt\n|faint|p2a: Sinistcha\n|-hitcount|p2: Sinistcha|2\n|move|p2b: Kingambit|Iron Head|p1b: Aerodactyl\n|-supereffective|p1b: Aerodactyl|1\n|-enditem|p1b: Aerodactyl|Focus Sash\n|-damage|p1b: Aerodactyl|1/100\n|move|p1a: Milotic|Scald|p2b: Kingambit\n|-damage|p2b: Kingambit|71/100\n|-status|p2b: Kingambit|brn\n|\n|-damage|p2b: Kingambit|65/100 brn|[from] brn\n|upkeep\n|\n|t:|1776257969\n|switch|p2a: Pelipper|Pelipper, L50, M|100/100\n|-weather|RainDance|[from] ability: Drizzle|[of] p2a: Pelipper\n|turn|5\n|\n|t:|1776257981\n|move|p1b: Aerodactyl|Protect|p1b: Aerodactyl\n|-singleturn|p1b: Aerodactyl|Protect\n|move|p2b: Kingambit|Protect|p2b: Kingambit\n|-singleturn|p2b: Kingambit|Protect\n|move|p2a: Pelipper|Tailwind|p2a: Pelipper\n|-sidestart|p2: khfasklfhdkls|move: Tailwind\n|move|p1a: Milotic|Ice Beam|p2a: Pelipper\n|-crit|p2a: Pelipper\n|-damage|p2a: Pelipper|47/100\n|\n|-weather|RainDance|[upkeep]\n|-damage|p2b: Kingambit|59/100 brn|[from] brn\n|upkeep\n|turn|6\n|\n|t:|1776258002\n|switch|p2a: Kangaskhan|Kangaskhan, L50, F|100/100\n|move|p1b: Aerodactyl|Protect|p1b: Aerodactyl\n|-singleturn|p1b: Aerodactyl|Protect\n|move|p2b: Kingambit|Iron Head|p1b: Aerodactyl\n|-activate|p1b: Aerodactyl|move: Protect\n|move|p1a: Milotic|Scald|p2b: Kingambit\n|-damage|p2b: Kingambit|9/100 brn\n|\n|-weather|RainDance|[upkeep]\n|-damage|p2b: Kingambit|3/100 brn|[from] brn\n|upkeep\n|turn|7\n|\n|t:|1776258020\n|detailschange|p2a: Kangaskhan|Kangaskhan-Mega, L50, F\n|-mega|p2a: Kangaskhan|Kangaskhan|Kangaskhanite\n|move|p1b: Aerodactyl|Protect||[still]\n|-fail|p1b: Aerodactyl\n|move|p2a: Kangaskhan|Fake Out|p1a: Milotic\n|-damage|p1a: Milotic|83/100\n|-crit|p1a: Milotic\n|-damage|p1a: Milotic|77/100\n|-hitcount|p1a: Milotic|2\n|move|p2b: Kingambit|Iron Head|p1b: Aerodactyl\n|-supereffective|p1b: Aerodactyl|1\n|-damage|p1b: Aerodactyl|0 fnt\n|faint|p1b: Aerodactyl\n|cant|p1a: Milotic|flinch\n|\n|-weather|RainDance|[upkeep]\n|-heal|p1a: Milotic|83/100|[from] item: Leftovers\n|-damage|p2b: Kingambit|0 fnt|[from] brn\n|faint|p2b: Kingambit\n|upkeep\n|\n|t:|1776258036\n|switch|p2b: Pelipper|Pelipper, L50, M|47/100\n|turn|8\n|\n|t:|1776258043\n|move|p2b: Pelipper|Weather Ball|p1a: Milotic\n|-resisted|p1a: Milotic|1\n|-damage|p1a: Milotic|61/100\n|move|p2a: Kangaskhan|Double-Edge|p1a: Milotic\n|-damage|p1a: Milotic|14/100\n|-damage|p1a: Milotic|3/100\n|-hitcount|p1a: Milotic|2\n|-damage|p2a: Kangaskhan|80/100|[from] Recoil\n|move|p1a: Milotic|Scald|p2a: Kangaskhan\n|-damage|p2a: Kangaskhan|36/100\n|\n|-weather|RainDance|[upkeep]\n|-heal|p1a: Milotic|9/100|[from] item: Leftovers\n|-sideend|p2: khfasklfhdkls|move: Tailwind\n|upkeep\n|turn|9\n|\n|t:|1776258061\n|move|p1a: Milotic|Protect|p1a: Milotic\n|-singleturn|p1a: Milotic|Protect\n|move|p2a: Kangaskhan|Sucker Punch||[still]\n|-fail|p2a: Kangaskhan\n|move|p2b: Pelipper|Weather Ball|p1a: Milotic\n|-activate|p1a: Milotic|move: Protect\n|\n|-weather|none\n|-heal|p1a: Milotic|15/100|[from] item: Leftovers\n|upkeep\n|turn|10\n|\n|t:|1776258074\n|move|p2a: Kangaskhan|Sucker Punch||[still]\n|-fail|p2a: Kangaskhan\n|move|p2b: Pelipper|Weather Ball|p1a: Milotic\n|-damage|p1a: Milotic|4/100\n|move|p1a: Milotic|Recover|p1a: Milotic\n|-heal|p1a: Milotic|54/100\n|\n|-heal|p1a: Milotic|60/100|[from] item: Leftovers\n|upkeep\n|turn|11\n|\n|t:|1776258093\n|move|p1a: Milotic|Protect|p1a: Milotic\n|-singleturn|p1a: Milotic|Protect\n|move|p2b: Pelipper|Weather Ball|p1a: Milotic\n|-activate|p1a: Milotic|move: Protect\n|move|p2a: Kangaskhan|Double-Edge|p1a: Milotic\n|-activate|p1a: Milotic|move: Protect\n|\n|-heal|p1a: Milotic|66/100|[from] item: Leftovers\n|upkeep\n|turn|12\n|\n|t:|1776258107\n|move|p2a: Kangaskhan|Sucker Punch|p1a: Milotic\n|-damage|p1a: Milotic|48/100\n|-damage|p1a: Milotic|44/100\n|-hitcount|p1a: Milotic|2\n|move|p2b: Pelipper|Weather Ball|p1a: Milotic\n|-damage|p1a: Milotic|32/100\n|move|p1a: Milotic|Scald|p2a: Kangaskhan\n|-damage|p2a: Kangaskhan|7/100\n|-status|p2a: Kangaskhan|brn\n|\n|-heal|p1a: Milotic|38/100|[from] item: Leftovers\n|-damage|p2a: Kangaskhan|0 fnt|[from] brn\n|faint|p2a: Kangaskhan\n|upkeep\n|turn|13\n|-message|khfasklfhdkls forfeited.\n|\n|win|HyugaAnbu\n|raw|HyugaAnbu's rating: 1061 &rarr; <strong>1086</strong><br />(+25 for winning)\n|raw|khfasklfhdkls's rating: 1000 &rarr; <strong>1000</strong><br />(+0 for losing)\n|l|\u2606khfasklfhdkls\n|player|p2|\n",
  "uploadtime": 1776258128,
  "views": 21,
  "formatid": "gen9championsvgc2026regma",
  "rating": 1000,
  "private": 0,
  "password": null
}