{
  "id": "gen9championsvgc2026regma-2583000595",
  "format": "[Gen 9 Champions] VGC 2026 Reg M-A",
  "players": [
    "PSYCHO029",
    "ebgProbably"
  ],
  "log": "|j|\u2606PSYCHO029\n|j|\u2606ebgProbably\n|t:|1776132206\n|gametype|doubles\n|player|p1|PSYCHO029|ash|1130\n|player|p2|ebgProbably|cynthia-gen4|1027\n|gen|9\n|tier|[Gen 9 Champions] VGC 2026 Reg M-A\n|rated|\n|rule|Species Clause: Limit one of each Pok\u00e9mon\n|rule|Item Clause: Limit 1 of each item\n|clearpoke\n|poke|p1|Palafin, L50, F|\n|poke|p1|Aerodactyl, L50, F|\n|poke|p1|Incineroar, L50, F|\n|poke|p1|Aegislash, L50, M|\n|poke|p1|Sneasler, L50, M|\n|poke|p1|Lucario, L50, M|\n|poke|p2|Gengar, L50, M|\n|poke|p2|Klefki, L50, M|\n|poke|p2|Espathra, L50, M|\n|poke|p2|Feraligatr, L50, F|\n|poke|p2|Pelipper, L50, F|\n|poke|p2|Incineroar, L50, M|\n|teampreview|4\n|\n|t:|1776132233\n|teamsize|p1|4\n|teamsize|p2|4\n|start\n|switch|p1a: Palafin|Palafin, L50, F|100/100\n|switch|p1b: Aegislash|Aegislash, L50, M|100/100\n|switch|p2a: Gengar|Gengar, L50, M|100/100\n|switch|p2b: Klefki|Klefki, L50, M|100/100\n|turn|1\n|\n|t:|1776132249\n|move|p2a: Gengar|Protect|p2a: Gengar\n|-singleturn|p2a: Gengar|Protect\n|move|p1b: Aegislash|King's Shield|p1b: Aegislash\n|-singleturn|p1b: Aegislash|Protect\n|move|p2b: Klefki|Thunder Wave|p1a: Palafin\n|-status|p1a: Palafin|par\n|move|p1a: Palafin|Flip Turn|p2a: Gengar\n|-activate|p2a: Gengar|move: Protect\n|\n|upkeep\n|turn|2\n|\n|t:|1776132266\n|switch|p2a: Espathra|Espathra, L50, M|100/100\n|move|p2b: Klefki|Reflect|p2b: Klefki\n|-sidestart|p2: ebgProbably|Reflect\n|move|p1a: Palafin|Flip Turn|p2b: Klefki\n|-crit|p2b: Klefki\n|-damage|p2b: Klefki|58/100\n|inactive|Battle timer is ON: inactive players will automatically lose when time's up. (requested by PSYCHO029)\n|\n|t:|1776132279\n|detailschange|p1a: Palafin|Palafin-Hero, L50, F\n|switch|p1a: Lucario|Lucario, L50, M|100/100|[from] Flip Turn\n|move|p1b: Aegislash|Swords Dance|p1b: Aegislash\n|-boost|p1b: Aegislash|atk|2\n|\n|upkeep\n|turn|3\n|\n|t:|1776132300\n|detailschange|p1a: Lucario|Lucario-Mega, L50, M\n|-mega|p1a: Lucario|Lucario|Lucarionite\n|-formechange|p1b: Aegislash|Aegislash-Blade|\n|move|p1b: Aegislash|Shadow Sneak|p2a: Espathra\n|-supereffective|p2a: Espathra|1\n|-damage|p2a: Espathra|0 fnt\n|faint|p2a: Espathra\n|move|p1a: Lucario|Swords Dance|p1a: Lucario\n|-boost|p1a: Lucario|atk|2\n|move|p2b: Klefki|Foul Play|p1b: Aegislash\n|-supereffective|p1b: Aegislash|1\n|-damage|p1b: Aegislash|0 fnt\n|faint|p1b: Aegislash\n|\n|upkeep\n|\n|t:|1776132311\n|switch|p2a: Gengar|Gengar, L50, M|100/100\n|switch|p1b: Palafin|Palafin-Hero, L50, F|100/100 par\n|-activate|p1b: Palafin|ability: Zero to Hero\n|turn|4\n|\n|t:|1776132325\n|detailschange|p2a: Gengar|Gengar-Mega, L50, M\n|-mega|p2a: Gengar|Gengar|Gengarite\n|move|p1a: Lucario|Bullet Punch|p2a: Gengar\n|-damage|p2a: Gengar|40/100\n|move|p2b: Klefki|Thunder Wave|p1a: Lucario\n|-status|p1a: Lucario|par\n|move|p1b: Palafin|Jet Punch|p2a: Gengar\n|-damage|p2a: Gengar|0 fnt\n|faint|p2a: Gengar\n|\n|upkeep\n|\n|t:|1776132335\n|switch|p2a: Pelipper|Pelipper, L50, F|100/100\n|-weather|RainDance|[from] ability: Drizzle|[of] p2a: Pelipper\n|turn|5\n|\n|t:|1776132359\n|move|p2b: Klefki|Foul Play|p1a: Lucario\n|-resisted|p1a: Lucario|1\n|-damage|p1a: Lucario|48/100 par\n|move|p1a: Lucario|Drain Punch|p2b: Klefki\n|-damage|p2b: Klefki|0 fnt\n|-heal|p1a: Lucario|80/100 par|[from] drain|[of] p2b: Klefki\n|faint|p2b: Klefki\n|move|p2a: Pelipper|Hurricane|p1b: Palafin\n|-damage|p1b: Palafin|39/100 par\n|move|p1b: Palafin|Close Combat|p2a: Pelipper\n|-resisted|p2a: Pelipper|1\n|-damage|p2a: Pelipper|83/100\n|-unboost|p1b: Palafin|def|1\n|-unboost|p1b: Palafin|spd|1\n|\n|-weather|RainDance|[upkeep]\n|upkeep\n|turn|6\n|\n|t:|1776132379\n|move|p1a: Lucario|Swords Dance|p1a: Lucario\n|-boost|p1a: Lucario|atk|2\n|move|p2a: Pelipper|Hurricane|p1a: Lucario\n|-damage|p1a: Lucario|0 fnt\n|faint|p1a: Lucario\n|move|p1b: Palafin|Flip Turn|p2a: Pelipper\n|-resisted|p2a: Pelipper|1\n|-damage|p2a: Pelipper|60/100\n|\n|t:|1776132385\n|switch|p1b: Sneasler|Sneasler, L50, M|100/100|[from] Flip Turn\n|\n|-weather|RainDance|[upkeep]\n|-sideend|p2: ebgProbably|Reflect\n|upkeep\n|\n|t:|1776132387\n|switch|p1a: Palafin|Palafin-Hero, L50, F|39/100 par\n|turn|7\n|\n|t:|1776132395\n|move|p1b: Sneasler|Fake Out|p2a: Pelipper\n|-damage|p2a: Pelipper|44/100\n|cant|p2a: Pelipper|flinch\n|move|p1a: Palafin|Close Combat|p2a: Pelipper\n|-resisted|p2a: Pelipper|1\n|-damage|p2a: Pelipper|19/100\n|-unboost|p1a: Palafin|def|1\n|-unboost|p1a: Palafin|spd|1\n|\n|-weather|RainDance|[upkeep]\n|upkeep\n|turn|8\n|\n|t:|1776132405\n|move|p1a: Palafin|Jet Punch|p2a: Pelipper\n|-resisted|p2a: Pelipper|1\n|-damage|p2a: Pelipper|0 fnt\n|faint|p2a: Pelipper\n|\n|win|PSYCHO029\n|raw|PSYCHO029's rating: 1130 &rarr; <strong>1148</strong><br />(+18 for winning)\n|raw|ebgProbably's rating: 1027 &rarr; <strong>1017</strong><br />(-10 for losing)\n|l|\u2606ebgProbably\n|player|p2|\n",
  "uploadtime": 1776132412,
  "views": 12,
  "formatid": "gen9championsvgc2026regma",
  "rating": 1017,
  "private": 0,
  "password": null
}