{
  "id": "gen9championsvgc2026regma-2580510986",
  "format": "[Gen 9 Champions] VGC 2026 Reg M-A",
  "players": [
    "Alaskan_fisher",
    "Zappyzap01"
  ],
  "log": "|j|\u2606Alaskan_fisher\n|j|\u2606Zappyzap01\n|t:|1775906910\n|gametype|doubles\n|player|p1|Alaskan_fisher|1|1095\n|player|p2|Zappyzap01|benga|1136\n|gen|9\n|tier|[Gen 9 Champions] VGC 2026 Reg M-A\n|rated|\n|rule|Species Clause: Limit one of each Pok\u00e9mon\n|rule|Item Clause: Limit 1 of each item\n|clearpoke\n|poke|p1|Gardevoir, L50, F|\n|poke|p1|Aegislash, L50, F|\n|poke|p1|Rotom-Heat, L50|\n|poke|p1|Aerodactyl, L50, M|\n|poke|p1|Hydreigon, L50, F|\n|poke|p1|Tauros-Paldea-Aqua, L50, M|\n|poke|p2|Sylveon, L50, F|\n|poke|p2|Camerupt, L50, M|\n|poke|p2|Sableye, L50, M|\n|poke|p2|Oranguru, L50, M|\n|poke|p2|Torkoal, L50, F|\n|poke|p2|Meganium, L50, F|\n|teampreview|4\n|\n|t:|1775906954\n|teamsize|p1|4\n|teamsize|p2|4\n|start\n|switch|p1a: Hydreigon|Hydreigon, L50, F|100/100\n|switch|p1b: Gardevoir|Gardevoir, L50, F|100/100\n|switch|p2a: Oranguru|Oranguru, L50, M, shiny|100/100\n|switch|p2b: Sylveon|Sylveon, L50, F, shiny|100/100\n|-ability|p1b: Gardevoir|Inner Focus|Trace|[from] ability: Trace|[of] p2a: Oranguru\n|turn|1\n|\n|t:|1775906965\n|switch|p1a: Aegislash|Aegislash, L50, F|100/100\n|detailschange|p1b: Gardevoir|Gardevoir-Mega, L50, F\n|-mega|p1b: Gardevoir|Gardevoir|Gardevoirite\n|move|p1b: Gardevoir|Calm Mind|p1b: Gardevoir\n|-boost|p1b: Gardevoir|spa|1\n|-boost|p1b: Gardevoir|spd|1\n|move|p2b: Sylveon|Hyper Voice|p1a: Aegislash|[spread] p1a,p1b\n|-resisted|p1a: Aegislash|1\n|-damage|p1a: Aegislash|79/100\n|-damage|p1b: Gardevoir|71/100\n|move|p2a: Oranguru|Trick Room|p2a: Oranguru\n|-fieldstart|move: Trick Room|[of] p2a: Oranguru\n|\n|upkeep\n|turn|2\n|\n|t:|1775906981\n|move|p1a: Aegislash|Wide Guard|p1a: Aegislash\n|-singleturn|p1a: Aegislash|Wide Guard\n|move|p2b: Sylveon|Hyper Voice|p1a: Aegislash|[spread] \n|-activate|p1a: Aegislash|move: Wide Guard\n|-activate|p1b: Gardevoir|move: Wide Guard\n|move|p2a: Oranguru|Instruct|p2b: Sylveon\n|-singleturn|p2b: Sylveon|move: Instruct|[of] p2a: Oranguru\n|move|p2b: Sylveon|Hyper Voice|p1b: Gardevoir|[spread] \n|-activate|p1a: Aegislash|move: Wide Guard\n|-activate|p1b: Gardevoir|move: Wide Guard\n|move|p1b: Gardevoir|Calm Mind|p1b: Gardevoir\n|-boost|p1b: Gardevoir|spa|1\n|-boost|p1b: Gardevoir|spd|1\n|\n|upkeep\n|turn|3\n|\n|t:|1775907006\n|move|p2b: Sylveon|Hyper Beam|p1b: Gardevoir|[miss]\n|-miss|p2b: Sylveon|p1b: Gardevoir\n|move|p2a: Oranguru|Psychic|p1b: Gardevoir\n|-resisted|p1b: Gardevoir|1\n|-damage|p1b: Gardevoir|64/100\n|-formechange|p1a: Aegislash|Aegislash-Blade|\n|move|p1a: Aegislash|Iron Head|p2b: Sylveon\n|-supereffective|p2b: Sylveon|1\n|-damage|p2b: Sylveon|0 fnt\n|faint|p2b: Sylveon\n|move|p1b: Gardevoir|Hyper Voice|p2a: Oranguru\n|-damage|p2a: Oranguru|0 fnt\n|faint|p2a: Oranguru\n|\n|upkeep\n|\n|t:|1775907019\n|switch|p2b: Torkoal|Torkoal, L50, F, shiny|100/100\n|switch|p2a: Camerupt|Camerupt, L50, M, shiny|100/100\n|-weather|SunnyDay|[from] ability: Drought|[of] p2b: Torkoal\n|turn|4\n|\n|t:|1775907035\n|detailschange|p2a: Camerupt|Camerupt-Mega, L50, M, shiny\n|-mega|p2a: Camerupt|Camerupt|Cameruptite\n|-formechange|p1a: Aegislash|Aegislash|\n|move|p1a: Aegislash|King's Shield|p1a: Aegislash\n|-singleturn|p1a: Aegislash|Protect\n|move|p1b: Gardevoir|Protect|p1b: Gardevoir\n|-singleturn|p1b: Gardevoir|Protect\n|move|p2a: Camerupt|Earth Power|p1a: Aegislash\n|-activate|p1a: Aegislash|move: Protect\n|move|p2b: Torkoal|Weather Ball|p1b: Gardevoir\n|-activate|p1b: Gardevoir|move: Protect\n|\n|-weather|SunnyDay|[upkeep]\n|upkeep\n|turn|5\n|\n|t:|1775907076\n|move|p1a: Aegislash|Wide Guard|p1a: Aegislash\n|-singleturn|p1a: Aegislash|Wide Guard\n|move|p2a: Camerupt|Eruption|p1a: Aegislash|[spread] \n|-activate|p1a: Aegislash|move: Wide Guard\n|-activate|p1b: Gardevoir|move: Wide Guard\n|move|p2b: Torkoal|Eruption|p1a: Aegislash|[spread] \n|-activate|p1a: Aegislash|move: Wide Guard\n|-activate|p1b: Gardevoir|move: Wide Guard\n|move|p1b: Gardevoir|Psyshock|p2a: Camerupt\n|-damage|p2a: Camerupt|3/100\n|\n|-weather|SunnyDay|[upkeep]\n|-fieldend|move: Trick Room\n|upkeep\n|turn|6\n|-message|Zappyzap01 forfeited.\n|\n|win|Alaskan_fisher\n|raw|Alaskan_fisher's rating: 1095 &rarr; <strong>1124</strong><br />(+29 for winning)\n|raw|Zappyzap01's rating: 1136 &rarr; <strong>1108</strong><br />(-28 for losing)\n|l|\u2606Zappyzap01\n|player|p2|\n",
  "uploadtime": 1775907482,
  "views": 26,
  "formatid": "gen9championsvgc2026regma",
  "rating": 1108,
  "private": 0,
  "password": null
}