{
  "id": "gen9championsvgc2026regma-2583815806",
  "format": "[Gen 9 Champions] VGC 2026 Reg M-A",
  "players": [
    "Granny Pie",
    "siryoshikenobi"
  ],
  "log": "|j|\u2606Granny Pie\n|j|\u2606siryoshikenobi\n|t:|1776199886\n|gametype|doubles\n|player|p1|Granny Pie|medium|1042\n|player|p2|siryoshikenobi|1|1011\n|gen|9\n|tier|[Gen 9 Champions] VGC 2026 Reg M-A\n|rated|\n|rule|Species Clause: Limit one of each Pok\u00e9mon\n|rule|Item Clause: Limit 1 of each item\n|clearpoke\n|poke|p1|Tyranitar, L50, M|\n|poke|p1|Aerodactyl, L50, M|\n|poke|p1|Garchomp, L50, M|\n|poke|p1|Excadrill, L50, M|\n|poke|p1|Meganium, L50, M|\n|poke|p1|Milotic, L50, F|\n|poke|p2|Maushold, L50|\n|poke|p2|Hatterene, L50, F|\n|poke|p2|Crabominable, L50, M|\n|poke|p2|Aegislash, L50, M|\n|poke|p2|Rotom-Wash, L50|\n|poke|p2|Golurk, L50|\n|teampreview|4\n|inactive|Battle timer is ON: inactive players will automatically lose when time's up. (requested by siryoshikenobi)\n|inactive|Granny Pie also wants the timer to be on.\n|inactive|Granny Pie has 60 seconds left.\n|inactive|siryoshikenobi has 60 seconds left.\n|inactive|Granny Pie has 30 seconds left.\n|\n|t:|1776199948\n|teamsize|p1|4\n|teamsize|p2|4\n|start\n|switch|p1a: Garchomp|Garchomp, L50, M|100/100\n|switch|p1b: Aerodactyl|Aerodactyl, L50, M|100/100\n|switch|p2a: Maushold|Maushold, L50|100/100\n|switch|p2b: Hatterene|Hatterene, L50, F|100/100\n|-ability|p1b: Aerodactyl|Unnerve\n|turn|1\n|\n|t:|1776199965\n|detailschange|p1b: Aerodactyl|Aerodactyl-Mega, L50, M\n|-mega|p1b: Aerodactyl|Aerodactyl|Aerodactylite\n|move|p2a: Maushold|Follow Me|p2a: Maushold\n|-singleturn|p2a: Maushold|move: Follow Me\n|move|p1a: Garchomp|Earthquake|p2a: Maushold|[spread] p2a,p2b\n|-immune|p1b: Aerodactyl\n|-damage|p2a: Maushold|44/100\n|-damage|p2b: Hatterene|63/100\n|move|p1b: Aerodactyl|Rock Slide|p2b: Hatterene|[spread] p2a,p2b\n|-damage|p2a: Maushold|7/100\n|-damage|p2b: Hatterene|37/100\n|move|p2b: Hatterene|Trick Room|p2b: Hatterene\n|-fieldstart|move: Trick Room|[of] p2b: Hatterene\n|\n|upkeep\n|turn|2\n|inactive|siryoshikenobi has 30 seconds left.\n|inactive|siryoshikenobi has 20 seconds left.\n|inactive|siryoshikenobi has 15 seconds left.\n|\n|t:|1776200006\n|move|p2b: Hatterene|Dazzling Gleam|p1b: Aerodactyl|[spread] p1a,p1b\n|-supereffective|p1a: Garchomp|1\n|-crit|p1a: Garchomp\n|-damage|p1a: Garchomp|5/100\n|-damage|p1b: Aerodactyl|68/100\n|move|p2a: Maushold|Taunt|p1b: Aerodactyl\n|-start|p1b: Aerodactyl|move: Taunt\n|move|p1b: Aerodactyl|Rock Slide|p2a: Maushold|[spread] p2a,p2b\n|-crit|p2a: Maushold\n|-damage|p2a: Maushold|0 fnt\n|-damage|p2b: Hatterene|13/100\n|faint|p2a: Maushold\n|move|p1a: Garchomp|Earthquake|p2b: Hatterene|[spread] p2b\n|-immune|p1b: Aerodactyl\n|-damage|p2b: Hatterene|0 fnt\n|faint|p2b: Hatterene\n|\n|upkeep\n|\n|t:|1776200018\n|switch|p2b: Rotom|Rotom-Wash, L50|100/100\n|switch|p2a: Crabominable|Crabominable, L50, M|100/100\n|turn|3\n|\n|t:|1776200042\n|switch|p1b: Tyranitar|Tyranitar, L50, M|100/100\n|-weather|Sandstorm|[from] ability: Sand Stream|[of] p1b: Tyranitar\n|switch|p1a: Milotic|Milotic, L50, F|100/100\n|detailschange|p2a: Crabominable|Crabominable-Mega, L50, M\n|-mega|p2a: Crabominable|Crabominable|Crabominite\n|move|p2a: Crabominable|Ice Hammer|p1b: Tyranitar\n|-damage|p1b: Tyranitar|44/100\n|-unboost|p2a: Crabominable|spe|1\n|move|p2b: Rotom|Dark Pulse|p1a: Milotic\n|-damage|p1a: Milotic|83/100\n|\n|-weather|Sandstorm|[upkeep]\n|-damage|p2a: Crabominable|95/100|[from] Sandstorm\n|-damage|p2b: Rotom|95/100|[from] Sandstorm\n|-damage|p1a: Milotic|77/100|[from] Sandstorm\n|-heal|p1a: Milotic|83/100|[from] item: Leftovers\n|upkeep\n|turn|4\n|inactive|siryoshikenobi has 30 seconds left.\n|inactive|siryoshikenobi has 20 seconds left.\n|inactive|siryoshikenobi has 15 seconds left.\n|inactive|siryoshikenobi has 10 seconds left.\n|\n|t:|1776200090\n|move|p1b: Tyranitar|Protect|p1b: Tyranitar\n|-singleturn|p1b: Tyranitar|Protect\n|move|p1a: Milotic|Protect|p1a: Milotic\n|-singleturn|p1a: Milotic|Protect\n|move|p2a: Crabominable|Ice Hammer|p1b: Tyranitar\n|-activate|p1b: Tyranitar|move: Protect\n|move|p2b: Rotom|Dark Pulse|p1a: Milotic\n|-activate|p1a: Milotic|move: Protect\n|\n|-weather|Sandstorm|[upkeep]\n|-damage|p2a: Crabominable|89/100|[from] Sandstorm\n|-damage|p2b: Rotom|89/100|[from] Sandstorm\n|-damage|p1a: Milotic|77/100|[from] Sandstorm\n|-heal|p1a: Milotic|83/100|[from] item: Leftovers\n|upkeep\n|turn|5\n|inactive|Granny Pie has 30 seconds left.\n|inactive|siryoshikenobi has 30 seconds left.\n|inactive|Granny Pie has 20 seconds left.\n|inactive|Granny Pie has 15 seconds left.\n|inactive|Granny Pie has 10 seconds left.\n|inactive|Granny Pie has 5 seconds left.\n|\n|t:|1776200145\n|move|p2a: Crabominable|Ice Hammer|p1b: Tyranitar\n|-damage|p1b: Tyranitar|0 fnt\n|-unboost|p2a: Crabominable|spe|1\n|faint|p1b: Tyranitar\n|move|p2b: Rotom|Thunderbolt|p1a: Milotic\n|-supereffective|p1a: Milotic|1\n|-damage|p1a: Milotic|20/100\n|move|p1a: Milotic|Icy Wind|p2b: Rotom|[spread] p2a,p2b\n|-resisted|p2a: Crabominable|1\n|-resisted|p2b: Rotom|1\n|-damage|p2a: Crabominable|85/100\n|-damage|p2b: Rotom|84/100\n|-unboost|p2a: Crabominable|spe|1\n|-unboost|p2b: Rotom|spe|1\n|\n|-weather|Sandstorm|[upkeep]\n|-damage|p2a: Crabominable|79/100|[from] Sandstorm\n|-damage|p2b: Rotom|78/100|[from] Sandstorm\n|-damage|p1a: Milotic|14/100|[from] Sandstorm\n|-heal|p1a: Milotic|20/100|[from] item: Leftovers\n|-fieldend|move: Trick Room\n|upkeep\n|\n|t:|1776200169\n|switch|p1b: Aerodactyl|Aerodactyl-Mega, L50, M|68/100\n|turn|6\n|inactive|siryoshikenobi has 30 seconds left.\n|\n|t:|1776200195\n|move|p1b: Aerodactyl|Dual Wingbeat|p2a: Crabominable\n|-supereffective|p2a: Crabominable|1\n|-damage|p2a: Crabominable|34/100\n|-supereffective|p2a: Crabominable|1\n|-damage|p2a: Crabominable|0 fnt\n|faint|p2a: Crabominable\n|-hitcount|p2: Crabominable|2\n|move|p1a: Milotic|Muddy Water|p2b: Rotom\n|-resisted|p2b: Rotom|1\n|-damage|p2b: Rotom|62/100\n|move|p2b: Rotom|Hydro Pump|p1b: Aerodactyl\n|-supereffective|p1b: Aerodactyl|1\n|-damage|p1b: Aerodactyl|0 fnt\n|faint|p1b: Aerodactyl\n|\n|-weather|Sandstorm|[upkeep]\n|-damage|p1a: Milotic|14/100|[from] Sandstorm\n|-damage|p2b: Rotom|56/100|[from] Sandstorm\n|-heal|p1a: Milotic|20/100|[from] item: Leftovers\n|upkeep\n|\n|t:|1776200207\n|switch|p1b: Garchomp|Garchomp, L50, M|5/100\n|turn|7\n|\n|t:|1776200222\n|move|p1b: Garchomp|Dragon Claw|p2b: Rotom\n|-damage|p2b: Rotom|9/100\n|-enditem|p2b: Rotom|Sitrus Berry|[eat]\n|-heal|p2b: Rotom|34/100|[from] item: Sitrus Berry\n|move|p1a: Milotic|Muddy Water|p2b: Rotom\n|-resisted|p2b: Rotom|1\n|-damage|p2b: Rotom|18/100\n|-unboost|p2b: Rotom|accuracy|1\n|move|p2b: Rotom|Dark Pulse|p1b: Garchomp\n|-damage|p1b: Garchomp|0 fnt\n|faint|p1b: Garchomp\n|\n|-weather|none\n|-heal|p1a: Milotic|26/100|[from] item: Leftovers\n|upkeep\n|turn|8\n|\n|t:|1776200237\n|move|p1a: Milotic|Muddy Water|p2b: Rotom\n|-resisted|p2b: Rotom|1\n|-damage|p2b: Rotom|0 fnt\n|faint|p2b: Rotom\n|\n|win|Granny Pie\n|raw|Granny Pie's rating: 1042 &rarr; <strong>1073</strong><br />(+31 for winning)\n|raw|siryoshikenobi's rating: 1011 &rarr; <strong>1000</strong><br />(-11 for losing)\n|l|\u2606siryoshikenobi\n|player|p2|\n",
  "uploadtime": 1776200241,
  "views": 15,
  "formatid": "gen9championsvgc2026regma",
  "rating": 1000,
  "private": 0,
  "password": null
}