{
  "id": "gen9championsvgc2026regma-2588964828",
  "format": "[Gen 9 Champions] VGC 2026 Reg M-A",
  "players": [
    "magicalarcher57",
    "doctor larp"
  ],
  "log": "|j|\u2606magicalarcher57\n|j|\u2606doctor larp\n|html|<table width=\"100%\"><tr><td align=\"left\">magicalarcher57</td><td align=\"right\">doctor larp</tr><tr><td align=\"left\"><i class=\"fa fa-circle\"></i> <i class=\"fa fa-circle-o\"></i> </td><td align=\"right\"><i class=\"fa fa-circle-o\"></i> <i class=\"fa fa-circle\"></i> </tr></table>\n|uhtml|bestof|<h2><strong>Game 3</strong> of <a href=\"/game-bestof3-gen9championsvgc2026regma-2588960520\">a best-of-3</a></h2>\n|t:|1776690033\n|gametype|doubles\n|player|p1|magicalarcher57|valerie|\n|player|p2|doctor larp|mina-masters|\n|gen|9\n|tier|[Gen 9 Champions] VGC 2026 Reg M-A\n|rated|Tournament battle\n|rule|Species Clause: Limit one of each Pok\u00e9mon\n|rule|Item Clause: Limit 1 of each item\n|raw|<div class=\"infobox\"><details class=\"readmore\" open><summary><strong>2 custom rules:</strong></summary> Force Open Team Sheets, Best of = 3</details></div>\n|clearpoke\n|poke|p1|Kangaskhan, L50, F, shiny|\n|poke|p1|Farigiraf, L50, F, shiny|\n|poke|p1|Talonflame, L50, F, shiny|\n|poke|p1|Floette-Eternal, L50, F|\n|poke|p1|Sneasler, L50, M, shiny|\n|poke|p1|Basculegion, L50, M|\n|poke|p2|Delphox, L50, M|\n|poke|p2|Dragonite, L50, M|\n|poke|p2|Sneasler, L50, F|\n|poke|p2|Garchomp, L50, M|\n|poke|p2|Orthworm, L50, M|\n|poke|p2|Aerodactyl, L50, F|\n|teampreview|4\n|showteam|p1|Kangaskhan||Kangaskhanite|Scrappy|FakeOut,HammerArm,DoubleEdge,Crunch|||F|||50|]Farigiraf||ColburBerry|ArmorTail|ShadowBall,HyperVoice,TrickRoom,Psychic|||F|||50|]Talonflame||SharpBeak|GaleWings|Tailwind,Taunt,Protect,BraveBird|||F|||50|]Floette-Eternal||Floettite|FlowerVeil|Moonblast,LightofRuin,DazzlingGleam,Protect|||F|||50|]Sneasler||FocusSash|Unburden|FakeOut,CloseCombat,DireClaw,Protect|||M|||50|]Basculegion||MysticWater|Adaptability|AquaJet,LastRespects,Protect,WaveCrash|||M|||50|\n|showteam|p2|Delphox||Delphoxite|Blaze|Protect,NastyPlot,HeatWave,Psychic|||M|||50|]Dragonite||Dragoninite|InnerFocus|Hurricane,Protect,IceBeam,Thunderbolt|||M|||50|]Sneasler||WhiteHerb|Unburden|FakeOut,Coaching,CloseCombat,DireClaw|||F|||50|]Garchomp||SoftSand|RoughSkin|Earthquake,RockSlide,DragonClaw,Protect|||M|||50|]Orthworm||SitrusBerry|EarthEater|HeavySlam,ShedTail,Protect,BodyPress|||M|||50|]Aerodactyl||FocusSash|Unnerve|DualWingbeat,Protect,RockSlide,Tailwind|||F|||50|\n|inactive|Battle timer is ON: inactive players will automatically lose when time's up. (requested by magicalarcher57)\n|\n|t:|1776690051\n|teamsize|p1|4\n|teamsize|p2|4\n|start\n|switch|p1a: Athena|Talonflame, L50, F, shiny|100/100\n|switch|p1b: Floette|Floette-Eternal, L50, F|100/100\n|switch|p2a: Just A Girl|Sneasler, L50, F|100/100\n|switch|p2b: Guh!? Uhm...|Orthworm, L50, M|100/100\n|turn|1\n|\n|t:|1776690068\n|switch|p1b: Basculegion|Basculegion, L50, M|100/100\n|move|p2a: Just A Girl|Fake Out|p1a: Athena\n|-damage|p1a: Athena|78/100\n|cant|p1a: Athena|flinch\n|move|p2b: Guh!? Uhm...|Heavy Slam|p1b: Basculegion\n|-resisted|p1b: Basculegion|1\n|-damage|p1b: Basculegion|92/100\n|\n|upkeep\n|turn|2\n|\n|t:|1776690081\n|move|p1a: Athena|Brave Bird|p2a: Just A Girl\n|-supereffective|p2a: Just A Girl|1\n|-damage|p2a: Just A Girl|0 fnt\n|faint|p2a: Just A Girl\n|-damage|p1a: Athena|45/100|[from] Recoil\n|move|p1b: Basculegion|Wave Crash|p2b: Guh!? Uhm...\n|-damage|p2b: Guh!? Uhm...|39/100\n|-enditem|p2b: Guh!? Uhm...|Sitrus Berry|[eat]\n|-heal|p2b: Guh!? Uhm...|64/100|[from] item: Sitrus Berry\n|-damage|p1b: Basculegion|75/100|[from] Recoil\n|move|p2b: Guh!? Uhm...|Shed Tail|p2b: Guh!? Uhm...\n|-start|p2b: Guh!? Uhm...|Substitute|[from] move: Shed Tail\n|-damage|p2b: Guh!? Uhm...|14/100\n|\n|t:|1776690103\n|switch|p2b: Gargler|Garchomp, L50, M|100/100|[from] Shed Tail\n|\n|upkeep\n|\n|t:|1776690107\n|switch|p2a: Dragonite|Dragonite, L50, M|100/100\n|turn|3\n|j|+Nosnort\n|\n|t:|1776690117\n|detailschange|p2a: Dragonite|Dragonite-Mega, L50, M\n|-mega|p2a: Dragonite|Dragonite|Dragoninite\n|move|p1a: Athena|Tailwind|p1a: Athena\n|-sidestart|p1: magicalarcher57|move: Tailwind\n|move|p1b: Basculegion|Wave Crash|p2b: Gargler\n|-end|p2b: Gargler|Substitute\n|-damage|p1b: Basculegion|68/100|[from] Recoil|[of] p2b: Gargler\n|move|p2b: Gargler|Rock Slide|p1b: Basculegion|[spread] p1a,p1b\n|-supereffective|p1a: Athena|2\n|-damage|p1a: Athena|0 fnt\n|-damage|p1b: Basculegion|48/100\n|faint|p1a: Athena\n|move|p2a: Dragonite|Thunderbolt|p1b: Basculegion\n|-supereffective|p1b: Basculegion|1\n|-damage|p1b: Basculegion|0 fnt\n|faint|p1b: Basculegion\n|\n|upkeep\n|\n|t:|1776690119\n|switch|p1a: Floette|Floette-Eternal, L50, F|100/100\n|switch|p1b: Sneasler|Sneasler, L50, M, shiny|100/100\n|turn|4\n|\n|t:|1776690135\n|detailschange|p1a: Floette|Floette-Mega, L50, F\n|-mega|p1a: Floette|Floette|Floettite\n|-ability|p1a: Floette|Fairy Aura\n|move|p2b: Gargler|Protect|p2b: Gargler\n|-singleturn|p2b: Gargler|Protect\n|move|p2a: Dragonite|Protect|p2a: Dragonite\n|-singleturn|p2a: Dragonite|Protect\n|move|p1b: Sneasler|Fake Out|p2a: Dragonite\n|-activate|p2a: Dragonite|move: Protect\n|move|p1a: Floette|Dazzling Gleam|p2a: Dragonite|[spread] \n|-activate|p2a: Dragonite|move: Protect\n|-activate|p2b: Gargler|move: Protect\n|\n|upkeep\n|turn|5\n|inactive|doctor larp has 30 seconds left.\n|\n|t:|1776690166\n|move|p1b: Sneasler|Close Combat|p2a: Dragonite\n|-resisted|p2a: Dragonite|1\n|-damage|p2a: Dragonite|85/100\n|-unboost|p1b: Sneasler|def|1\n|-unboost|p1b: Sneasler|spd|1\n|move|p1a: Floette|Moonblast|p2b: Gargler\n|-supereffective|p2b: Gargler|1\n|-damage|p2b: Gargler|0 fnt\n|faint|p2b: Gargler\n|move|p2a: Dragonite|Hurricane|p1b: Sneasler\n|-supereffective|p1b: Sneasler|1\n|-enditem|p1b: Sneasler|Focus Sash\n|-damage|p1b: Sneasler|1/100\n|\n|upkeep\n|\n|t:|1776690178\n|switch|p2b: Guh!? Uhm...|Orthworm, L50, M|14/100\n|turn|6\n|\n|t:|1776690189\n|move|p2a: Dragonite|Protect|p2a: Dragonite\n|-singleturn|p2a: Dragonite|Protect\n|move|p1b: Sneasler|Dire Claw|p2a: Dragonite\n|-activate|p2a: Dragonite|move: Protect\n|move|p1a: Floette|Dazzling Gleam|p2b: Guh!? Uhm...|[spread] p2b\n|-activate|p2a: Dragonite|move: Protect\n|-resisted|p2b: Guh!? Uhm...|1\n|-damage|p2b: Guh!? Uhm...|0 fnt\n|faint|p2b: Guh!? Uhm...\n|\n|-sideend|p1: magicalarcher57|move: Tailwind\n|upkeep\n|turn|7\n|\n|t:|1776690197\n|move|p1b: Sneasler|Dire Claw|p2a: Dragonite\n|-damage|p2a: Dragonite|42/100\n|move|p1a: Floette|Moonblast|p2a: Dragonite\n|-supereffective|p2a: Dragonite|1\n|-damage|p2a: Dragonite|0 fnt\n|faint|p2a: Dragonite\n|\n|win|magicalarcher57\n",
  "uploadtime": 1776690197,
  "views": 1,
  "formatid": "gen9championsvgc2026regma",
  "rating": null,
  "private": 0,
  "password": null
}