{
  "id": "gen9championsvgc2026regma-2582923411",
  "format": "[Gen 9 Champions] VGC 2026 Reg M-A",
  "players": [
    "KingOvershield",
    "UhOhOhNoOhKo"
  ],
  "log": "|j|\u2606KingOvershield\n|j|\u2606UhOhOhNoOhKo\n|t:|1776125350\n|gametype|doubles\n|player|p1|KingOvershield|bugcatcher-gen4dp|1311\n|player|p2|UhOhOhNoOhKo|2|1259\n|gen|9\n|tier|[Gen 9 Champions] VGC 2026 Reg M-A\n|rated|\n|rule|Species Clause: Limit one of each Pok\u00e9mon\n|rule|Item Clause: Limit 1 of each item\n|clearpoke\n|poke|p1|Scizor, L50, F|\n|poke|p1|Incineroar, L50, F|\n|poke|p1|Ninetales-Alola, L50, M|\n|poke|p1|Basculegion, L50, M|\n|poke|p1|Sneasler, L50, F|\n|poke|p1|Kommo-o, L50, M|\n|poke|p2|Scizor, L50, F|\n|poke|p2|Rotom-Wash, L50|\n|poke|p2|Kleavor, L50, M|\n|poke|p2|Zoroark-Hisui, L50, M|\n|poke|p2|Incineroar, L50, F|\n|poke|p2|Sinistcha, L50|\n|teampreview|4\n|\n|t:|1776125429\n|teamsize|p1|4\n|teamsize|p2|4\n|start\n|switch|p1a: Scizor|Scizor, L50, F|100/100\n|switch|p1b: Kommo-o|Kommo-o, L50, M|100/100\n|switch|p2a: Kleavor|Kleavor, L50, M|100/100\n|switch|p2b: Rotom|Rotom-Wash, L50|100/100\n|turn|1\n|\n|t:|1776125465\n|switch|p2a: Incineroar|Incineroar, L50, F|100/100\n|-ability|p2a: Incineroar|Intimidate|boost\n|-unboost|p1a: Scizor|atk|1\n|-unboost|p1b: Kommo-o|atk|1\n|detailschange|p1a: Scizor|Scizor-Mega, L50, F\n|-mega|p1a: Scizor|Scizor|Scizorite\n|move|p1b: Kommo-o|Protect|p1b: Kommo-o\n|-singleturn|p1b: Kommo-o|Protect\n|move|p1a: Scizor|Knock Off|p2a: Incineroar\n|-resisted|p2a: Incineroar|1\n|-damage|p2a: Incineroar|91/100\n|-enditem|p2a: Incineroar|Sitrus Berry|[from] move: Knock Off|[of] p1a: Scizor\n|move|p2b: Rotom|Will-O-Wisp|p1a: Scizor\n|-status|p1a: Scizor|brn\n|\n|-damage|p1a: Scizor|94/100 brn|[from] brn\n|upkeep\n|turn|2\n|\n|t:|1776125489\n|move|p2a: Incineroar|Fake Out|p1b: Kommo-o\n|-damage|p1b: Kommo-o|90/100\n|cant|p1b: Kommo-o|flinch\n|move|p1a: Scizor|Trailblaze|p2b: Rotom\n|-supereffective|p2b: Rotom|1\n|-damage|p2b: Rotom|83/100\n|-boost|p1a: Scizor|spe|1\n|move|p2b: Rotom|Volt Switch|p1b: Kommo-o\n|-resisted|p1b: Kommo-o|1\n|-damage|p1b: Kommo-o|76/100\n|\n|t:|1776125503\n|switch|p2b: Scizor|Scizor, L50, F|100/100|[from] Volt Switch\n|\n|-heal|p1b: Kommo-o|82/100|[from] item: Leftovers\n|-damage|p1a: Scizor|88/100 brn|[from] brn\n|upkeep\n|turn|3\n|\n|t:|1776125554\n|detailschange|p2b: Scizor|Scizor-Mega, L50, F\n|-mega|p2b: Scizor|Scizor|Scizorite\n|move|p1a: Scizor|Protect|p1a: Scizor\n|-singleturn|p1a: Scizor|Protect\n|move|p1b: Kommo-o|Clangorous Soul|p1b: Kommo-o\n|-boost|p1b: Kommo-o|atk|1\n|-boost|p1b: Kommo-o|def|1\n|-boost|p1b: Kommo-o|spa|1\n|-boost|p1b: Kommo-o|spd|1\n|-boost|p1b: Kommo-o|spe|1\n|-damage|p1b: Kommo-o|49/100\n|move|p2b: Scizor|Swords Dance|p2b: Scizor\n|-boost|p2b: Scizor|atk|2\n|move|p2a: Incineroar|Parting Shot|p1b: Kommo-o\n|-immune|p1b: Kommo-o|[from] ability: Soundproof\n|\n|-heal|p1b: Kommo-o|55/100|[from] item: Leftovers\n|-damage|p1a: Scizor|82/100 brn|[from] brn\n|upkeep\n|turn|4\n|\n|t:|1776125584\n|switch|p1a: Sneasler|Sneasler, L50, F|100/100\n|move|p1b: Kommo-o|Protect|p1b: Kommo-o\n|-singleturn|p1b: Kommo-o|Protect\n|move|p2b: Scizor|Bullet Punch|p1b: Kommo-o\n|-activate|p1b: Kommo-o|move: Protect\n|move|p2a: Incineroar|Parting Shot|p1a: Sneasler\n|-unboost|p1a: Sneasler|atk|1\n|-unboost|p1a: Sneasler|spa|1\n|\n|t:|1776125603\n|switch|p2a: Rotom|Rotom-Wash, L50|83/100|[from] Parting Shot\n|-enditem|p1a: Sneasler|White Herb\n|-clearnegativeboost|p1a: Sneasler|[silent]\n|\n|-heal|p1b: Kommo-o|60/100|[from] item: Leftovers\n|-heal|p2a: Rotom|89/100|[from] item: Leftovers\n|upkeep\n|turn|5\n|\n|t:|1776125647\n|move|p2a: Rotom|Protect|p2a: Rotom\n|-singleturn|p2a: Rotom|Protect\n|move|p2b: Scizor|Protect|p2b: Scizor\n|-singleturn|p2b: Scizor|Protect\n|move|p1a: Sneasler|Fake Out|p2a: Rotom\n|-activate|p2a: Rotom|move: Protect\n|move|p1b: Kommo-o|Clanging Scales|p2b: Scizor|[spread] \n|-activate|p2a: Rotom|move: Protect\n|-activate|p2b: Scizor|move: Protect\n|\n|-heal|p1b: Kommo-o|66/100|[from] item: Leftovers\n|-heal|p2a: Rotom|95/100|[from] item: Leftovers\n|upkeep\n|turn|6\n|\n|t:|1776125689\n|move|p1b: Kommo-o|Protect|p1b: Kommo-o\n|-singleturn|p1b: Kommo-o|Protect\n|move|p2b: Scizor|Bullet Punch|p1b: Kommo-o\n|-activate|p1b: Kommo-o|move: Protect\n|move|p1a: Sneasler|Close Combat|p2b: Scizor\n|-damage|p2b: Scizor|51/100\n|-unboost|p1a: Sneasler|def|1\n|-unboost|p1a: Sneasler|spd|1\n|move|p2a: Rotom|Will-O-Wisp|p1a: Sneasler\n|-status|p1a: Sneasler|brn\n|\n|-heal|p1b: Kommo-o|72/100|[from] item: Leftovers\n|-heal|p2a: Rotom|100/100|[from] item: Leftovers\n|-damage|p1a: Sneasler|95/100 brn|[from] brn\n|upkeep\n|turn|7\n|\n|t:|1776125723\n|move|p2b: Scizor|Bullet Punch|p1b: Kommo-o\n|-damage|p1b: Kommo-o|23/100\n|move|p1a: Sneasler|Rock Slide|p2b: Scizor|[spread] p2a\n|-miss|p1a: Sneasler|p2b: Scizor\n|-damage|p2a: Rotom|92/100\n|move|p1b: Kommo-o|Aura Sphere|p2b: Scizor\n|-damage|p2b: Scizor|0 fnt\n|faint|p2b: Scizor\n|move|p2a: Rotom|Volt Switch|p1b: Kommo-o\n|-resisted|p1b: Kommo-o|1\n|-damage|p1b: Kommo-o|14/100\n|\n|t:|1776125739\n|switch|p2a: Incineroar|Incineroar, L50, F|91/100|[from] Volt Switch\n|-ability|p2a: Incineroar|Intimidate|boost\n|-unboost|p1a: Sneasler|atk|1\n|-unboost|p1b: Kommo-o|atk|1\n|\n|-heal|p1b: Kommo-o|20/100|[from] item: Leftovers\n|-damage|p1a: Sneasler|89/100 brn|[from] brn\n|upkeep\n|\n|t:|1776125751\n|switch|p2b: Kleavor|Kleavor, L50, M|100/100\n|turn|8\n|\n|t:|1776125762\n|switch|p1a: Scizor|Scizor-Mega, L50, F|82/100 brn\n|move|p1b: Kommo-o|Protect|p1b: Kommo-o\n|-singleturn|p1b: Kommo-o|Protect\n|move|p2b: Kleavor|Tailwind|p2b: Kleavor\n|-sidestart|p2: UhOhOhNoOhKo|move: Tailwind\n|move|p2a: Incineroar|Parting Shot|p1a: Scizor\n|-unboost|p1a: Scizor|atk|1\n|-unboost|p1a: Scizor|spa|1\n|\n|t:|1776125772\n|switch|p2a: Rotom|Rotom-Wash, L50|92/100|[from] Parting Shot\n|\n|-heal|p2a: Rotom|98/100|[from] item: Leftovers\n|-heal|p1b: Kommo-o|26/100|[from] item: Leftovers\n|-damage|p1a: Scizor|75/100 brn|[from] brn\n|upkeep\n|turn|9\n|\n|t:|1776125791\n|switch|p2b: Incineroar|Incineroar, L50, F|91/100\n|-ability|p2b: Incineroar|Intimidate|boost\n|-unboost|p1a: Scizor|atk|1\n|-unboost|p1b: Kommo-o|atk|1\n|move|p1a: Scizor|Bullet Punch|p2b: Incineroar\n|-resisted|p2b: Incineroar|1\n|-crit|p2b: Incineroar\n|-damage|p2b: Incineroar|80/100\n|move|p2a: Rotom|Hydro Pump|p1b: Kommo-o\n|-resisted|p1b: Kommo-o|1\n|-damage|p1b: Kommo-o|10/100\n|move|p1b: Kommo-o|Clanging Scales|p2b: Incineroar|[spread] p2a,p2b\n|-damage|p2a: Rotom|36/100\n|-damage|p2b: Incineroar|26/100\n|-unboost|p1b: Kommo-o|def|1\n|\n|-heal|p2a: Rotom|42/100|[from] item: Leftovers\n|-heal|p1b: Kommo-o|16/100|[from] item: Leftovers\n|-damage|p1a: Scizor|69/100 brn|[from] brn\n|upkeep\n|turn|10\n|\n|t:|1776125825\n|switch|p1a: Sneasler|Sneasler, L50, F|89/100 brn\n|move|p1b: Kommo-o|Protect|p1b: Kommo-o\n|-singleturn|p1b: Kommo-o|Protect\n|move|p2a: Rotom|Volt Switch|p1a: Sneasler\n|-damage|p1a: Sneasler|54/100 brn\n|\n|t:|1776125834\n|switch|p2a: Kleavor|Kleavor, L50, M|100/100|[from] Volt Switch\n|move|p2b: Incineroar|Darkest Lariat|p1b: Kommo-o\n|-activate|p1b: Kommo-o|move: Protect\n|\n|-heal|p1b: Kommo-o|22/100|[from] item: Leftovers\n|-damage|p1a: Sneasler|49/100 brn|[from] brn\n|upkeep\n|turn|11\n|\n|t:|1776125856\n|move|p2a: Kleavor|U-turn|p1b: Kommo-o\n|-resisted|p1b: Kommo-o|1\n|-damage|p1b: Kommo-o|4/100\n|\n|t:|1776125860\n|switch|p2a: Rotom|Rotom-Wash, L50|42/100|[from] U-turn\n|move|p1b: Kommo-o|Clanging Scales|p2b: Incineroar|[spread] p2a,p2b\n|-damage|p2a: Rotom|0 fnt\n|-damage|p2b: Incineroar|0 fnt\n|faint|p2a: Rotom\n|faint|p2b: Incineroar\n|-unboost|p1b: Kommo-o|def|1\n|move|p1a: Sneasler|Close Combat|p2: Rotom|[notarget]\n|-fail|p1a: Sneasler\n|\n|-heal|p1b: Kommo-o|10/100|[from] item: Leftovers\n|-damage|p1a: Sneasler|43/100 brn|[from] brn\n|-sideend|p2: UhOhOhNoOhKo|move: Tailwind\n|upkeep\n|\n|t:|1776125867\n|switch|p2b: Kleavor|Kleavor, L50, M|100/100\n|turn|12\n|\n|t:|1776125889\n|move|p1b: Kommo-o|Protect|p1b: Kommo-o\n|-singleturn|p1b: Kommo-o|Protect\n|move|p2b: Kleavor|Stone Axe|p1b: Kommo-o\n|-activate|p1b: Kommo-o|move: Protect\n|move|p1a: Sneasler|Rock Slide|p2b: Kleavor\n|-supereffective|p2b: Kleavor|1\n|-damage|p2b: Kleavor|69/100\n|\n|-heal|p1b: Kommo-o|16/100|[from] item: Leftovers\n|-damage|p1a: Sneasler|37/100 brn|[from] brn\n|upkeep\n|turn|13\n|\n|t:|1776125905\n|move|p2b: Kleavor|Stone Axe|p1b: Kommo-o\n|-resisted|p1b: Kommo-o|1\n|-damage|p1b: Kommo-o|0 fnt\n|-sidestart|p1: KingOvershield|move: Stealth Rock\n|faint|p1b: Kommo-o\n|move|p1a: Sneasler|Rock Slide|p2b: Kleavor\n|-supereffective|p2b: Kleavor|1\n|-damage|p2b: Kleavor|34/100\n|\n|-damage|p1a: Sneasler|31/100 brn|[from] brn\n|upkeep\n|\n|t:|1776125915\n|switch|p1b: Scizor|Scizor-Mega, L50, F|69/100 brn\n|-damage|p1b: Scizor|57/100 brn|[from] Stealth Rock\n|turn|14\n|\n|t:|1776125930\n|move|p1b: Scizor|Bullet Punch|p2b: Kleavor\n|-supereffective|p2b: Kleavor|1\n|-damage|p2b: Kleavor|0 fnt\n|faint|p2b: Kleavor\n|\n|win|KingOvershield\n|raw|KingOvershield's rating: 1311 &rarr; <strong>1328</strong><br />(+17 for winning)\n|raw|UhOhOhNoOhKo's rating: 1259 &rarr; <strong>1238</strong><br />(-21 for losing)\n|c|\u2606KingOvershield|gg\n|l|\u2606UhOhOhNoOhKo\n|player|p2|\n",
  "uploadtime": 1776125947,
  "views": 21,
  "formatid": "gen9championsvgc2026regma",
  "rating": 1238,
  "private": 0,
  "password": null
}