{
  "id": "gen9championsvgc2026regma-2588875656",
  "format": "[Gen 9 Champions] VGC 2026 Reg M-A",
  "players": [
    "BlackWu",
    "guardian_xd"
  ],
  "log": "|j|\u2606BlackWu\n|j|\u2606guardian_xd\n|t:|1776681301\n|gametype|doubles\n|player|p1|BlackWu|2|1295\n|player|p2|guardian_xd|266|1358\n|gen|9\n|tier|[Gen 9 Champions] VGC 2026 Reg M-A\n|rated|\n|rule|Species Clause: Limit one of each Pok\u00e9mon\n|rule|Item Clause: Limit 1 of each item\n|clearpoke\n|poke|p1|Tyranitar, L50, M|\n|poke|p1|Sneasler, L50, M|\n|poke|p1|Gyarados, L50, F, shiny|\n|poke|p1|Goodra-Hisui, L50, M|\n|poke|p1|Sinistcha, L50|\n|poke|p1|Farigiraf, L50, M|\n|poke|p2|Glimmora, L50, M|\n|poke|p2|Sneasler, L50, M|\n|poke|p2|Kingambit, L50, F|\n|poke|p2|Whimsicott, L50, M|\n|poke|p2|Farigiraf, L50, M|\n|poke|p2|Basculegion, L50, M|\n|teampreview|4\n|inactive|Battle timer is ON: inactive players will automatically lose when time's up. (requested by guardian_xd)\n|\n|t:|1776681357\n|teamsize|p1|4\n|teamsize|p2|4\n|start\n|switch|p1a: Goodra|Goodra-Hisui, L50, M|100/100\n|switch|p1b: Sinistcha|Sinistcha, L50|100/100\n|switch|p2a: Basculegion|Basculegion, L50, M|100/100\n|switch|p2b: Sneasler|Sneasler, L50, M|100/100\n|turn|1\n|\n|t:|1776681374\n|switch|p1b: Gyarados|Gyarados, L50, F, shiny|100/100\n|-ability|p1b: Gyarados|Intimidate|boost\n|-unboost|p2a: Basculegion|atk|1\n|-unboost|p2b: Sneasler|atk|1\n|-enditem|p2b: Sneasler|White Herb\n|-clearnegativeboost|p2b: Sneasler|[silent]\n|move|p1a: Goodra|Protect|p1a: Goodra\n|-singleturn|p1a: Goodra|Protect\n|move|p2b: Sneasler|Dire Claw|p1b: Gyarados\n|-damage|p1b: Gyarados|67/100\n|move|p2a: Basculegion|Flip Turn|p1b: Gyarados\n|-resisted|p1b: Gyarados|1\n|-damage|p1b: Gyarados|57/100\n|\n|t:|1776681386\n|switch|p2a: Glimmora|Glimmora, L50, M|100/100|[from] Flip Turn\n|\n|upkeep\n|turn|2\n|\n|t:|1776681404\n|switch|p1a: Sinistcha|Sinistcha, L50|100/100\n|-heal|p1b: Gyarados|82/100|[from] ability: Hospitality|[of] p1a: Sinistcha\n|detailschange|p2a: Glimmora|Glimmora-Mega, L50, M\n|-mega|p2a: Glimmora|Glimmora|Glimmoranite\n|move|p2b: Sneasler|Close Combat|p1a: Sinistcha\n|-immune|p1a: Sinistcha\n|move|p2a: Glimmora|Power Gem|p1b: Gyarados\n|-supereffective|p1b: Gyarados|1\n|-damage|p1b: Gyarados|0 fnt\n|faint|p1b: Gyarados\n|\n|upkeep\n|\n|t:|1776681418\n|switch|p1b: Farigiraf|Farigiraf, L50, M|100/100\n|turn|3\n|\n|t:|1776681434\n|move|p1a: Sinistcha|Rage Powder|p1a: Sinistcha\n|-singleturn|p1a: Sinistcha|move: Rage Powder\n|move|p2b: Sneasler|Dire Claw|p1a: Sinistcha\n|-damage|p1a: Sinistcha|65/100\n|-status|p1a: Sinistcha|psn\n|move|p2a: Glimmora|Sludge Bomb|p1a: Sinistcha\n|-damage|p1a: Sinistcha|0 fnt\n|faint|p1a: Sinistcha\n|move|p1b: Farigiraf|Trick Room|p1b: Farigiraf\n|-fieldstart|move: Trick Room|[of] p1b: Farigiraf\n|\n|upkeep\n|\n|t:|1776681443\n|switch|p1a: Goodra|Goodra-Hisui, L50, M|100/100\n|turn|4\n|\n|t:|1776681456\n|switch|p2b: Kingambit|Kingambit, L50, F|100/100\n|move|p2a: Glimmora|Spiky Shield|p2a: Glimmora\n|-singleturn|p2a: Glimmora|move: Protect\n|move|p1b: Farigiraf|Twin Beam|p2b: Kingambit\n|-immune|p2b: Kingambit\n|move|p1a: Goodra|Heavy Slam|p2a: Glimmora\n|-activate|p2a: Glimmora|move: Protect\n|-damage|p1a: Goodra|88/100|[from] Spiky Shield|[of] p2a: Glimmora\n|\n|-heal|p1a: Goodra|94/100|[from] item: Leftovers\n|upkeep\n|turn|5\n|\n|t:|1776681480\n|move|p2b: Kingambit|Kowtow Cleave|p1b: Farigiraf\n|-supereffective|p1b: Farigiraf|1\n|-enditem|p1b: Farigiraf|Colbur Berry|[eat]\n|-enditem|p1b: Farigiraf|Colbur Berry|[weaken]\n|-damage|p1b: Farigiraf|56/100\n|move|p1b: Farigiraf|Twin Beam|p2a: Glimmora\n|-supereffective|p2a: Glimmora|1\n|-damage|p2a: Glimmora|69/100\n|-supereffective|p2a: Glimmora|1\n|-damage|p2a: Glimmora|35/100\n|-hitcount|p2a: Glimmora|2\n|move|p1a: Goodra|Shelter|p1a: Goodra\n|-boost|p1a: Goodra|def|2\n|move|p2a: Glimmora|Earth Power|p1a: Goodra\n|-supereffective|p1a: Goodra|1\n|-damage|p1a: Goodra|44/100\n|\n|-heal|p1a: Goodra|50/100|[from] item: Leftovers\n|upkeep\n|turn|6\n|inactive|BlackWu has 30 seconds left.\n|inactive|guardian_xd has 30 seconds left.\n|\n|t:|1776681512\n|move|p1b: Farigiraf|Helping Hand|p1a: Goodra\n|-singleturn|p1a: Goodra|Helping Hand|[of] p1b: Farigiraf\n|move|p2a: Glimmora|Spiky Shield|p2a: Glimmora\n|-singleturn|p2a: Glimmora|move: Protect\n|move|p2b: Kingambit|Kowtow Cleave|p1b: Farigiraf\n|-supereffective|p1b: Farigiraf|1\n|-damage|p1b: Farigiraf|0 fnt\n|faint|p1b: Farigiraf\n|move|p1a: Goodra|Body Press|p2b: Kingambit\n|-supereffective|p2b: Kingambit|2\n|-enditem|p2b: Kingambit|Chople Berry|[eat]\n|-enditem|p2b: Kingambit|Chople Berry|[weaken]\n|-damage|p2b: Kingambit|0 fnt\n|faint|p2b: Kingambit\n|\n|-heal|p1a: Goodra|56/100|[from] item: Leftovers\n|upkeep\n|\n|t:|1776681534\n|switch|p2b: Sneasler|Sneasler, L50, M|100/100\n|turn|7\n|\n|t:|1776681542\n|move|p1a: Goodra|Protect|p1a: Goodra\n|-singleturn|p1a: Goodra|Protect\n|move|p2b: Sneasler|Fake Out|p1a: Goodra\n|-activate|p1a: Goodra|move: Protect\n|move|p2a: Glimmora|Earth Power|p1a: Goodra\n|-activate|p1a: Goodra|move: Protect\n|\n|-heal|p1a: Goodra|61/100|[from] item: Leftovers\n|-fieldend|move: Trick Room\n|upkeep\n|turn|8\n|inactive|BlackWu has 30 seconds left.\n|\n|t:|1776681575\n|move|p2b: Sneasler|Close Combat|p1a: Goodra\n|-supereffective|p1a: Goodra|1\n|-damage|p1a: Goodra|20/100\n|-unboost|p2b: Sneasler|def|1\n|-unboost|p2b: Sneasler|spd|1\n|move|p2a: Glimmora|Earth Power|p1a: Goodra\n|-supereffective|p1a: Goodra|1\n|-damage|p1a: Goodra|0 fnt\n|faint|p1a: Goodra\n|\n|win|guardian_xd\n|raw|BlackWu's rating: 1295 &rarr; <strong>1274</strong><br />(-21 for losing)\n|raw|guardian_xd's rating: 1358 &rarr; <strong>1374</strong><br />(+16 for winning)\n",
  "uploadtime": 1776681578,
  "views": 8,
  "formatid": "gen9championsvgc2026regma",
  "rating": 1274,
  "private": 0,
  "password": null
}