{
  "id": "gen9championsvgc2026regma-2587695305",
  "format": "[Gen 9 Champions] VGC 2026 Reg M-A",
  "players": [
    "hashinashi",
    "OMGLOOKATYOU"
  ],
  "log": "|j|\u2606hashinashi\n|j|\u2606OMGLOOKATYOU\n|t:|1776554743\n|gametype|doubles\n|player|p1|hashinashi|265|1181\n|player|p2|OMGLOOKATYOU|169|1143\n|gen|9\n|tier|[Gen 9 Champions] VGC 2026 Reg M-A\n|rated|\n|rule|Species Clause: Limit one of each Pok\u00e9mon\n|rule|Item Clause: Limit 1 of each item\n|clearpoke\n|poke|p1|Pelipper, L50, M|\n|poke|p1|Meganium, L50, M|\n|poke|p1|Basculegion, L50, M|\n|poke|p1|Dragonite, L50, F|\n|poke|p1|Incineroar, L50, F|\n|poke|p1|Archaludon, L50, M|\n|poke|p2|Floette-Eternal, L50, F|\n|poke|p2|Milotic, L50, F|\n|poke|p2|Garchomp, L50, F|\n|poke|p2|Corviknight, L50, F|\n|poke|p2|Tyranitar, L50, F|\n|poke|p2|Sneasler, L50, M|\n|teampreview|4\n|\n|t:|1776554769\n|teamsize|p1|4\n|teamsize|p2|4\n|start\n|switch|p1a: Pelipper|Pelipper, L50, M|100/100\n|switch|p1b: Archaludon|Archaludon, L50, M|100/100\n|switch|p2a: Milotic|Milotic, L50, F|100/100\n|switch|p2b: Corviknight|Corviknight, L50, F|100/100\n|-weather|RainDance|[from] ability: Drizzle|[of] p1a: Pelipper\n|turn|1\n|\n|t:|1776554797\n|move|p2a: Milotic|Protect|p2a: Milotic\n|-singleturn|p2a: Milotic|Protect\n|move|p1b: Archaludon|Electro Shot||[still]\n|-prepare|p1b: Archaludon|Electro Shot\n|-boost|p1b: Archaludon|spa|1\n|-anim|p1b: Archaludon|Electro Shot|p2a: Milotic\n|-activate|p2a: Milotic|move: Protect\n|move|p2b: Corviknight|Body Press|p1b: Archaludon\n|-supereffective|p1b: Archaludon|1\n|-damage|p1b: Archaludon|69/100\n|-ability|p1b: Archaludon|Stamina|boost\n|-boost|p1b: Archaludon|def|1\n|move|p1a: Pelipper|Tailwind|p1a: Pelipper\n|-sidestart|p1: hashinashi|move: Tailwind\n|\n|-weather|RainDance|[upkeep]\n|-heal|p1b: Archaludon|75/100|[from] item: Leftovers\n|upkeep\n|turn|2\n|inactive|Battle timer is ON: inactive players will automatically lose when time's up. (requested by hashinashi)\n|\n|t:|1776554827\n|switch|p2a: Tyranitar|Tyranitar, L50, F|100/100\n|-weather|Sandstorm|[from] ability: Sand Stream|[of] p2a: Tyranitar\n|move|p1b: Archaludon|Electro Shot||[still]\n|-prepare|p1b: Archaludon|Electro Shot\n|-boost|p1b: Archaludon|spa|1\n|move|p1a: Pelipper|Hurricane|p2a: Tyranitar\n|-resisted|p2a: Tyranitar|1\n|-damage|p2a: Tyranitar|89/100\n|move|p2b: Corviknight|Iron Defense|p2b: Corviknight\n|-boost|p2b: Corviknight|def|2\n|\n|-weather|Sandstorm|[upkeep]\n|-damage|p1a: Pelipper|94/100|[from] Sandstorm\n|-heal|p1b: Archaludon|81/100|[from] item: Leftovers\n|upkeep\n|turn|3\n|\n|t:|1776554849\n|detailschange|p2a: Tyranitar|Tyranitar-Mega, L50, F\n|-mega|p2a: Tyranitar|Tyranitar|Tyranitarite\n|move|p1b: Archaludon|Electro Shot|p2a: Tyranitar|[from] lockedmove\n|-damage|p2a: Tyranitar|40/100\n|move|p1a: Pelipper|Rain Dance|p1a: Pelipper\n|-weather|RainDance\n|move|p2a: Tyranitar|Dragon Dance|p2a: Tyranitar\n|-boost|p2a: Tyranitar|atk|1\n|-boost|p2a: Tyranitar|spe|1\n|move|p2b: Corviknight|Iron Defense|p2b: Corviknight\n|-boost|p2b: Corviknight|def|2\n|\n|-weather|RainDance|[upkeep]\n|-heal|p1b: Archaludon|87/100|[from] item: Leftovers\n|upkeep\n|turn|4\n|inactive|hashinashi has 30 seconds left.\n|\n|t:|1776554875\n|move|p2a: Tyranitar|Protect|p2a: Tyranitar\n|-singleturn|p2a: Tyranitar|Protect\n|move|p1a: Pelipper|Protect|p1a: Pelipper\n|-singleturn|p1a: Pelipper|Protect\n|move|p1b: Archaludon|Flash Cannon|p2a: Tyranitar\n|-activate|p2a: Tyranitar|move: Protect\n|move|p2b: Corviknight|Body Press|p1b: Archaludon\n|-supereffective|p1b: Archaludon|1\n|-damage|p1b: Archaludon|24/100\n|-ability|p1b: Archaludon|Stamina|boost\n|-boost|p1b: Archaludon|def|1\n|\n|-weather|RainDance|[upkeep]\n|-heal|p1b: Archaludon|30/100|[from] item: Leftovers\n|-sideend|p1: hashinashi|move: Tailwind\n|upkeep\n|turn|5\n|\n|t:|1776554898\n|switch|p2a: Sneasler|Sneasler, L50, M|100/100\n|move|p1b: Archaludon|Flash Cannon|p2a: Sneasler\n|-enditem|p2a: Sneasler|Focus Sash\n|-damage|p2a: Sneasler|1/100\n|move|p2b: Corviknight|Body Press|p1b: Archaludon\n|-supereffective|p1b: Archaludon|1\n|-damage|p1b: Archaludon|0 fnt\n|faint|p1b: Archaludon\n|move|p1a: Pelipper|Tailwind|p1a: Pelipper\n|-sidestart|p1: hashinashi|move: Tailwind\n|\n|-weather|RainDance|[upkeep]\n|upkeep\n|\n|t:|1776554911\n|switch|p1b: Dragonite|Dragonite, L50, F|100/100\n|turn|6\n|\n|t:|1776554932\n|move|p2a: Sneasler|Fake Out|p1b: Dragonite\n|-damage|p1b: Dragonite|93/100\n|cant|p1b: Dragonite|flinch\n|move|p1a: Pelipper|Hurricane|p2a: Sneasler\n|-supereffective|p2a: Sneasler|1\n|-damage|p2a: Sneasler|0 fnt\n|faint|p2a: Sneasler\n|move|p2b: Corviknight|Tailwind|p2b: Corviknight\n|-sidestart|p2: OMGLOOKATYOU|move: Tailwind\n|\n|-weather|RainDance|[upkeep]\n|upkeep\n|\n|t:|1776554941\n|switch|p2a: Milotic|Milotic, L50, F|100/100\n|turn|7\n|\n|t:|1776554957\n|move|p1b: Dragonite|Thunder|p2b: Corviknight\n|-supereffective|p2b: Corviknight|1\n|-damage|p2b: Corviknight|50/100\n|-enditem|p2b: Corviknight|Sitrus Berry|[eat]\n|-heal|p2b: Corviknight|75/100|[from] item: Sitrus Berry\n|move|p2b: Corviknight|Body Press|p1a: Pelipper\n|-resisted|p1a: Pelipper|1\n|-damage|p1a: Pelipper|65/100\n|move|p2a: Milotic|Icy Wind|p1b: Dragonite|[spread] p1a,p1b\n|-supereffective|p1b: Dragonite|2\n|-damage|p1a: Pelipper|54/100\n|-damage|p1b: Dragonite|45/100\n|-unboost|p1a: Pelipper|spe|1\n|-unboost|p1b: Dragonite|spe|1\n|move|p1a: Pelipper|Hurricane|p2a: Milotic\n|-damage|p2a: Milotic|72/100\n|\n|-weather|none\n|-heal|p2a: Milotic|79/100|[from] item: Leftovers\n|upkeep\n|turn|8\n|inactive|hashinashi has 30 seconds left.\n|inactive|OMGLOOKATYOU has 30 seconds left.\n|\n|t:|1776554987\n|move|p1b: Dragonite|Protect|p1b: Dragonite\n|-singleturn|p1b: Dragonite|Protect\n|move|p2b: Corviknight|Body Press|p1a: Pelipper\n|-resisted|p1a: Pelipper|1\n|-damage|p1a: Pelipper|24/100\n|move|p2a: Milotic|Icy Wind|p1a: Pelipper|[spread] p1a\n|-activate|p1b: Dragonite|move: Protect\n|-damage|p1a: Pelipper|13/100\n|-unboost|p1a: Pelipper|spe|1\n|move|p1a: Pelipper|Rain Dance|p1a: Pelipper\n|-weather|RainDance\n|\n|-weather|RainDance|[upkeep]\n|-heal|p2a: Milotic|85/100|[from] item: Leftovers\n|-sideend|p1: hashinashi|move: Tailwind\n|upkeep\n|turn|9\n|\n|t:|1776555009\n|detailschange|p1b: Dragonite|Dragonite-Mega, L50, F\n|-mega|p1b: Dragonite|Dragonite|Dragoninite\n|move|p2b: Corviknight|Iron Defense|p2b: Corviknight\n|-boost|p2b: Corviknight|def|2\n|move|p2a: Milotic|Icy Wind|p1a: Pelipper|[spread] p1a,p1b\n|-supereffective|p1b: Dragonite|2\n|-damage|p1a: Pelipper|4/100\n|-damage|p1b: Dragonite|12/100\n|-unboost|p1a: Pelipper|spe|1\n|-unboost|p1b: Dragonite|spe|1\n|move|p1b: Dragonite|Thunder|p2a: Milotic\n|-supereffective|p2a: Milotic|1\n|-damage|p2a: Milotic|29/100\n|-status|p2a: Milotic|par\n|move|p1a: Pelipper|Tailwind|p1a: Pelipper\n|-sidestart|p1: hashinashi|move: Tailwind\n|\n|-weather|RainDance|[upkeep]\n|-heal|p2a: Milotic|35/100 par|[from] item: Leftovers\n|-sideend|p2: OMGLOOKATYOU|move: Tailwind\n|upkeep\n|turn|10\n|\n|t:|1776555031\n|move|p1b: Dragonite|Thunder|p2a: Milotic\n|-supereffective|p2a: Milotic|1\n|-crit|p2a: Milotic\n|-damage|p2a: Milotic|0 fnt\n|faint|p2a: Milotic\n|move|p2b: Corviknight|Body Press|p1a: Pelipper\n|-resisted|p1a: Pelipper|1\n|-damage|p1a: Pelipper|0 fnt\n|faint|p1a: Pelipper\n|\n|-weather|RainDance|[upkeep]\n|upkeep\n|\n|t:|1776555040\n|switch|p2a: Tyranitar|Tyranitar-Mega, L50, F|40/100\n|switch|p1a: Basculegion|Basculegion, L50, M|100/100\n|-weather|Sandstorm|[from] ability: Sand Stream|[of] p2a: Tyranitar\n|turn|11\n|\n|t:|1776555060\n|move|p1a: Basculegion|Last Respects|p2a: Tyranitar\n|-resisted|p2a: Tyranitar|1\n|-damage|p2a: Tyranitar|0 fnt\n|faint|p2a: Tyranitar\n|move|p1b: Dragonite|Dragon Pulse|p2b: Corviknight\n|-resisted|p2b: Corviknight|1\n|-damage|p2b: Corviknight|56/100\n|move|p2b: Corviknight|Brave Bird|p1b: Dragonite\n|-damage|p1b: Dragonite|0 fnt\n|faint|p1b: Dragonite\n|-damage|p2b: Corviknight|53/100|[from] Recoil\n|\n|-weather|Sandstorm|[upkeep]\n|-damage|p1a: Basculegion|94/100|[from] Sandstorm\n|upkeep\n|turn|12\n|\n|t:|1776555078\n|move|p1a: Basculegion|Last Respects|p2b: Corviknight\n|-damage|p2b: Corviknight|22/100\n|move|p2b: Corviknight|Brave Bird|p1a: Basculegion\n|-damage|p1a: Basculegion|50/100\n|-damage|p2b: Corviknight|7/100|[from] Recoil\n|\n|-weather|Sandstorm|[upkeep]\n|-damage|p1a: Basculegion|44/100|[from] Sandstorm\n|-sideend|p1: hashinashi|move: Tailwind\n|upkeep\n|turn|13\n|\n|t:|1776555096\n|move|p1a: Basculegion|Last Respects|p2b: Corviknight\n|-damage|p2b: Corviknight|0 fnt\n|faint|p2b: Corviknight\n|\n|win|hashinashi\n|raw|hashinashi's rating: 1181 &rarr; <strong>1203</strong><br />(+22 for winning)\n|raw|OMGLOOKATYOU's rating: 1143 &rarr; <strong>1121</strong><br />(-22 for losing)\n",
  "uploadtime": 1776555100,
  "views": 13,
  "formatid": "gen9championsvgc2026regma",
  "rating": 1121,
  "private": 0,
  "password": null
}