{
  "id": "gen9championsvgc2026regma-2583423954",
  "format": "[Gen 9 Champions] VGC 2026 Reg M-A",
  "players": [
    "Abyss2244",
    "jnvjewvn"
  ],
  "log": "|j|\u2606Abyss2244\n|j|\u2606jnvjewvn\n|t:|1776174713\n|gametype|doubles\n|player|p1|Abyss2244|1|1082\n|player|p2|jnvjewvn|clown|1052\n|gen|9\n|tier|[Gen 9 Champions] VGC 2026 Reg M-A\n|rated|\n|rule|Species Clause: Limit one of each Pok\u00e9mon\n|rule|Item Clause: Limit 1 of each item\n|clearpoke\n|poke|p1|Incineroar, L50, M|\n|poke|p1|Gengar, L50, M|\n|poke|p1|Sinistcha, L50|\n|poke|p1|Kingambit, L50, M|\n|poke|p1|Tyranitar, L50, M|\n|poke|p1|Kommo-o, L50, M|\n|poke|p2|Meganium, L50, F|\n|poke|p2|Pelipper, L50, F|\n|poke|p2|Archaludon, L50, F|\n|poke|p2|Basculegion, L50, M|\n|poke|p2|Politoed, L50, F|\n|poke|p2|Rotom-Wash, L50|\n|teampreview|4\n|inactive|Battle timer is ON: inactive players will automatically lose when time's up. (requested by jnvjewvn)\n|inactive|Abyss2244 has 60 seconds left.\n|\n|t:|1776174824\n|teamsize|p1|4\n|teamsize|p2|4\n|start\n|switch|p1a: Incineroar|Incineroar, L50, M|100/100\n|switch|p1b: Gengar|Gengar, L50, M|100/100\n|switch|p2a: Meganium|Meganium, L50, F, shiny|100/100\n|switch|p2b: Pelipper|Pelipper, L50, F|100/100\n|-ability|p1a: Incineroar|Intimidate|boost\n|-unboost|p2a: Meganium|atk|1\n|-unboost|p2b: Pelipper|atk|1\n|turn|1\n|inactive|Abyss2244 has 30 seconds left.\n|inactive|jnvjewvn has 30 seconds left.\n|inactive|Abyss2244 has 20 seconds left.\n|inactive|Abyss2244 has 15 seconds left.\n|inactive|Abyss2244 has 10 seconds left.\n|\n|t:|1776174871\n|detailschange|p1b: Gengar|Gengar-Mega, L50, M\n|-mega|p1b: Gengar|Gengar|Gengarite\n|detailschange|p2a: Meganium|Meganium-Mega, L50, F, shiny\n|-mega|p2a: Meganium|Meganium|Meganiumite\n|move|p1b: Gengar|Perish Song|p1b: Gengar\n|-start|p1a: Incineroar|perish3|[silent]\n|-start|p1b: Gengar|perish3|[silent]\n|-start|p2a: Meganium|perish3|[silent]\n|-start|p2b: Pelipper|perish3|[silent]\n|-fieldactivate|move: Perish Song\n|move|p2a: Meganium|Ancient Power|p1a: Incineroar\n|-supereffective|p1a: Incineroar|1\n|-damage|p1a: Incineroar|70/100\n|move|p2b: Pelipper|Tailwind|p2b: Pelipper\n|-sidestart|p2: jnvjewvn|move: Tailwind\n|move|p1a: Incineroar|Parting Shot|p2a: Meganium\n|-unboost|p2a: Meganium|atk|1\n|-unboost|p2a: Meganium|spa|1\n|\n|t:|1776174887\n|switch|p1a: Kommo-o|Kommo-o, L50, M|100/100|[from] Parting Shot\n|\n|-start|p2a: Meganium|perish3\n|-start|p1b: Gengar|perish3\n|-start|p2b: Pelipper|perish3\n|upkeep\n|turn|2\n|inactive|Abyss2244 has 30 seconds left.\n|inactive|jnvjewvn has 30 seconds left.\n|\n|t:|1776174913\n|move|p1b: Gengar|Protect|p1b: Gengar\n|-singleturn|p1b: Gengar|Protect\n|move|p1a: Kommo-o|Protect|p1a: Kommo-o\n|-singleturn|p1a: Kommo-o|Protect\n|move|p2a: Meganium|Dazzling Gleam|p1a: Kommo-o|[spread] \n|-activate|p1a: Kommo-o|move: Protect\n|-activate|p1b: Gengar|move: Protect\n|move|p2b: Pelipper|Weather Ball|p1a: Kommo-o\n|-activate|p1a: Kommo-o|move: Protect\n|\n|-start|p2a: Meganium|perish2\n|-start|p1b: Gengar|perish2\n|-start|p2b: Pelipper|perish2\n|upkeep\n|turn|3\n|inactive|Abyss2244 has 30 seconds left.\n|inactive|Abyss2244 has 20 seconds left.\n|inactive|Abyss2244 has 15 seconds left.\n|inactive|Abyss2244 has 10 seconds left.\n|\n|t:|1776174958\n|move|p2a: Meganium|Dazzling Gleam|p1a: Kommo-o|[spread] p1a,p1b\n|-supereffective|p1a: Kommo-o|2\n|-resisted|p1b: Gengar|1\n|-damage|p1a: Kommo-o|0 fnt\n|-damage|p1b: Gengar|88/100\n|faint|p1a: Kommo-o\n|move|p1b: Gengar|Substitute|p1b: Gengar\n|-start|p1b: Gengar|Substitute\n|-damage|p1b: Gengar|63/100\n|move|p2b: Pelipper|Weather Ball|p1b: Gengar\n|-immune|p1b: Gengar\n|\n|-start|p2a: Meganium|perish1\n|-start|p1b: Gengar|perish1\n|-start|p2b: Pelipper|perish1\n|upkeep\n|\n|t:|1776174978\n|switch|p1a: Sinistcha|Sinistcha, L50|100/100\n|-heal|p1b: Gengar|88/100|[from] ability: Hospitality|[of] p1a: Sinistcha\n|turn|4\n|inactive|Abyss2244 has 30 seconds left.\n|inactive|Abyss2244 has 20 seconds left.\n|inactive|Abyss2244 has 15 seconds left.\n|inactive|Abyss2244 has 10 seconds left.\n|\n|t:|1776175028\n|move|p1b: Gengar|Protect|p1b: Gengar\n|-singleturn|p1b: Gengar|Protect\n|move|p1a: Sinistcha|Protect|p1a: Sinistcha\n|-singleturn|p1a: Sinistcha|Protect\n|move|p2b: Pelipper|Wide Guard|p2b: Pelipper\n|-singleturn|p2b: Pelipper|Wide Guard\n|move|p2a: Meganium|Weather Ball|p1a: Sinistcha\n|-activate|p1a: Sinistcha|move: Protect\n|\n|-start|p2a: Meganium|perish0\n|-start|p1b: Gengar|perish0\n|-start|p2b: Pelipper|perish0\n|-sideend|p2: jnvjewvn|move: Tailwind\n|faint|p2a: Meganium\n|faint|p1b: Gengar\n|faint|p2b: Pelipper\n|upkeep\n|\n|t:|1776175044\n|switch|p1b: Incineroar|Incineroar, L50, M|70/100\n|switch|p2a: Basculegion|Basculegion, L50, M, shiny|100/100\n|switch|p2b: Archaludon|Archaludon, L50, F|100/100\n|-ability|p1b: Incineroar|Intimidate|boost\n|-unboost|p2a: Basculegion|atk|1\n|-unboost|p2b: Archaludon|atk|1\n|turn|5\n|inactive|Abyss2244 has 30 seconds left.\n|inactive|jnvjewvn has 30 seconds left.\n|inactive|jnvjewvn has 20 seconds left.\n|\n|t:|1776175083\n|move|p1b: Incineroar|Fake Out|p2b: Archaludon\n|-resisted|p2b: Archaludon|1\n|-damage|p2b: Archaludon|97/100\n|move|p2a: Basculegion|Aqua Jet|p1b: Incineroar\n|-supereffective|p1b: Incineroar|1\n|-damage|p1b: Incineroar|40/100\n|cant|p2b: Archaludon|flinch\n|move|p1a: Sinistcha|Matcha Gotcha|p2b: Archaludon|[spread] p2a,p2b\n|-supereffective|p2a: Basculegion|1\n|-resisted|p2b: Archaludon|2\n|-damage|p2a: Basculegion|53/100\n|-damage|p2b: Archaludon|88/100\n|\n|-heal|p2b: Archaludon|94/100|[from] item: Leftovers\n|upkeep\n|turn|6\n|inactive|Abyss2244 has 30 seconds left.\n|\n|t:|1776175109\n|move|p1a: Sinistcha|Rage Powder|p1a: Sinistcha\n|-singleturn|p1a: Sinistcha|move: Rage Powder\n|move|p2a: Basculegion|Aqua Jet|p1a: Sinistcha\n|-resisted|p1a: Sinistcha|1\n|-damage|p1a: Sinistcha|91/100\n|move|p2b: Archaludon|Dragon Pulse|p1a: Sinistcha\n|-damage|p1a: Sinistcha|59/100\n|move|p1b: Incineroar|Throat Chop|p2a: Basculegion\n|-supereffective|p2a: Basculegion|1\n|-damage|p2a: Basculegion|0 fnt\n|faint|p2a: Basculegion\n|\n|-heal|p2b: Archaludon|99/100|[from] item: Leftovers\n|upkeep\n|turn|7\n|\n|t:|1776175130\n|move|p2b: Archaludon|Brick Break|p1b: Incineroar\n|-supereffective|p1b: Incineroar|1\n|-damage|p1b: Incineroar|18/100\n|move|p1a: Sinistcha|Life Dew|p1a: Sinistcha|[spread] p1a,p1b\n|-heal|p1a: Sinistcha|84/100\n|-heal|p1b: Incineroar|43/100\n|move|p1b: Incineroar|Parting Shot|p2b: Archaludon\n|-unboost|p2b: Archaludon|atk|1\n|-unboost|p2b: Archaludon|spa|1\n|\n|-heal|p2b: Archaludon|100/100|[from] item: Leftovers\n|upkeep\n|turn|8\n|\n|t:|1776175150\n|move|p2b: Archaludon|Brick Break|p1b: Incineroar\n|-supereffective|p1b: Incineroar|1\n|-damage|p1b: Incineroar|24/100\n|move|p1a: Sinistcha|Matcha Gotcha|p2b: Archaludon\n|-resisted|p2b: Archaludon|2\n|-damage|p2b: Archaludon|88/100\n|-heal|p1a: Sinistcha|90/100|[from] drain|[of] p2b: Archaludon\n|move|p1b: Incineroar|Throat Chop|p2b: Archaludon\n|-damage|p2b: Archaludon|68/100\n|-start|p2b: Archaludon|Throat Chop|[silent]\n|\n|-heal|p2b: Archaludon|74/100|[from] item: Leftovers\n|upkeep\n|turn|9\n|inactive|Abyss2244 has 30 seconds left.\n|\n|t:|1776175183\n|move|p1b: Incineroar|Protect|p1b: Incineroar\n|-singleturn|p1b: Incineroar|Protect\n|move|p2b: Archaludon|Brick Break|p1b: Incineroar\n|-activate|p1b: Incineroar|move: Protect\n|move|p1a: Sinistcha|Life Dew|p1a: Sinistcha|[spread] p1a,p1b\n|-heal|p1a: Sinistcha|100/100\n|-heal|p1b: Incineroar|49/100\n|\n|-heal|p2b: Archaludon|80/100|[from] item: Leftovers\n|-end|p2b: Archaludon|Throat Chop|[silent]\n|upkeep\n|turn|10\n|\n|t:|1776175199\n|move|p2b: Archaludon|Dragon Pulse|p1b: Incineroar\n|-crit|p1b: Incineroar\n|-damage|p1b: Incineroar|5/100\n|move|p1a: Sinistcha|Matcha Gotcha|p2b: Archaludon\n|-resisted|p2b: Archaludon|2\n|-damage|p2b: Archaludon|68/100\n|move|p1b: Incineroar|Parting Shot|p2b: Archaludon\n|-unboost|p2b: Archaludon|atk|1\n|-unboost|p2b: Archaludon|spa|1\n|\n|-heal|p2b: Archaludon|74/100|[from] item: Leftovers\n|upkeep\n|turn|11\n|\n|t:|1776175217\n|move|p1b: Incineroar|Protect|p1b: Incineroar\n|-singleturn|p1b: Incineroar|Protect\n|move|p2b: Archaludon|Electro Shot||[still]\n|-prepare|p2b: Archaludon|Electro Shot\n|-boost|p2b: Archaludon|spa|1\n|move|p1a: Sinistcha|Life Dew||[still]|[spread] p1a,p1b\n|-fail|p1a: Sinistcha|heal\n|-heal|p1b: Incineroar|30/100\n|\n|-heal|p2b: Archaludon|80/100|[from] item: Leftovers\n|upkeep\n|turn|12\n|inactive|Abyss2244 has 30 seconds left.\n|\n|t:|1776175244\n|move|p1a: Sinistcha|Rage Powder|p1a: Sinistcha\n|-singleturn|p1a: Sinistcha|move: Rage Powder\n|move|p2b: Archaludon|Electro Shot|p1b: Incineroar|[from] lockedmove\n|-damage|p1b: Incineroar|13/100\n|move|p1b: Incineroar|Throat Chop|p2b: Archaludon\n|-damage|p2b: Archaludon|61/100\n|-start|p2b: Archaludon|Throat Chop|[silent]\n|\n|-heal|p2b: Archaludon|68/100|[from] item: Leftovers\n|upkeep\n|turn|13\n|inactive|Abyss2244 has 30 seconds left.\n|\n|t:|1776175259\n|move|p1b: Incineroar|Protect|p1b: Incineroar\n|-singleturn|p1b: Incineroar|Protect\n|move|p2b: Archaludon|Electro Shot||[still]\n|-prepare|p2b: Archaludon|Electro Shot\n|-boost|p2b: Archaludon|spa|1\n|move|p1a: Sinistcha|Life Dew||[still]|[spread] p1a,p1b\n|-fail|p1a: Sinistcha|heal\n|-heal|p1b: Incineroar|38/100\n|\n|-heal|p2b: Archaludon|74/100|[from] item: Leftovers\n|-end|p2b: Archaludon|Throat Chop|[silent]\n|upkeep\n|turn|14\n|inactive|Abyss2244 has 25 seconds left this turn.\n|inactive|Abyss2244 has 20 seconds left.\n|inactive|Abyss2244 has 15 seconds left.\n|inactive|Abyss2244 has 10 seconds left.\n|inactive|jnvjewvn has 30 seconds left.\n|\n|t:|1776175291\n|move|p2b: Archaludon|Electro Shot|p1b: Incineroar|[from] lockedmove\n|-damage|p1b: Incineroar|12/100\n|move|p1a: Sinistcha|Matcha Gotcha|p2b: Archaludon\n|-resisted|p2b: Archaludon|2\n|-damage|p2b: Archaludon|61/100\n|move|p1b: Incineroar|Parting Shot|p2b: Archaludon\n|-unboost|p2b: Archaludon|atk|1\n|-unboost|p2b: Archaludon|spa|1\n|\n|-heal|p2b: Archaludon|68/100|[from] item: Leftovers\n|upkeep\n|turn|15\n|inactive|Abyss2244 has 10 seconds left this turn.\n|inactive|Abyss2244 has 5 seconds left.\n|\n|t:|1776175301\n|move|p2b: Archaludon|Electro Shot||[still]\n|-prepare|p2b: Archaludon|Electro Shot\n|-boost|p2b: Archaludon|spa|1\n|move|p1a: Sinistcha|Matcha Gotcha|p2b: Archaludon\n|-resisted|p2b: Archaludon|2\n|-damage|p2b: Archaludon|55/100\n|-status|p2b: Archaludon|brn\n|move|p1b: Incineroar|Throat Chop|p2b: Archaludon\n|-damage|p2b: Archaludon|37/100 brn\n|-start|p2b: Archaludon|Throat Chop|[silent]\n|\n|-heal|p2b: Archaludon|43/100 brn|[from] item: Leftovers\n|-damage|p2b: Archaludon|37/100 brn|[from] brn\n|upkeep\n|turn|16\n|inactive|Abyss2244 has 5 seconds left this turn.\n|-message|Abyss2244 lost due to inactivity.\n|\n|win|jnvjewvn\n|raw|Abyss2244's rating: 1082 &rarr; <strong>1058</strong><br />(-24 for losing)\n|raw|jnvjewvn's rating: 1052 &rarr; <strong>1087</strong><br />(+35 for winning)\n|l|\u2606Abyss2244\n|player|p1|\n",
  "uploadtime": 1776175419,
  "views": 13,
  "formatid": "gen9championsvgc2026regma",
  "rating": 1058,
  "private": 0,
  "password": null
}