{
  "id": "gen9championsvgc2026regma-2580525025",
  "format": "[Gen 9 Champions] VGC 2026 Reg M-A",
  "players": [
    "calacadura",
    "glapunt"
  ],
  "log": "|j|\u2606calacadura\n|j|\u2606glapunt\n|t:|1775908726\n|gametype|doubles\n|player|p1|calacadura|170|1156\n|player|p2|glapunt|101|1167\n|gen|9\n|tier|[Gen 9 Champions] VGC 2026 Reg M-A\n|rated|\n|rule|Species Clause: Limit one of each Pok\u00e9mon\n|rule|Item Clause: Limit 1 of each item\n|clearpoke\n|poke|p1|Garchomp, L50, M|\n|poke|p1|Sinistcha, L50|\n|poke|p1|Tyranitar, L50, F|\n|poke|p1|Incineroar, L50, M|\n|poke|p1|Basculegion, L50, M|\n|poke|p1|Farigiraf, L50, F|\n|poke|p2|Garchomp, L50, F|\n|poke|p2|Kingambit, L50, F|\n|poke|p2|Whimsicott, L50, M|\n|poke|p2|Charizard, L50, F|\n|poke|p2|Sneasler, L50, F|\n|poke|p2|Incineroar, L50, F|\n|teampreview|4\n|inactive|Battle timer is ON: inactive players will automatically lose when time's up. (requested by glapunt)\n|\n|t:|1775908773\n|teamsize|p1|4\n|teamsize|p2|4\n|start\n|switch|p1a: Kitten|Incineroar, L50, M, shiny|100/100\n|switch|p1b: Basculegion|Basculegion, L50, M|100/100\n|switch|p2a: Incineroar|Incineroar, L50, F|100/100\n|switch|p2b: Whimsicott|Whimsicott, L50, M|100/100\n|-ability|p2a: Incineroar|Intimidate|boost\n|-unboost|p1a: Kitten|atk|1\n|-unboost|p1b: Basculegion|atk|1\n|-ability|p1a: Kitten|Intimidate|boost\n|-unboost|p2a: Incineroar|atk|1\n|-unboost|p2b: Whimsicott|atk|1\n|turn|1\n|\n|t:|1775908785\n|switch|p1a: Farigiraf|Farigiraf, L50, F|100/100\n|move|p2a: Incineroar|Fake Out||[still]\n|cant|p1a: Farigiraf|ability: Armor Tail|Fake Out|[of] p2a: Incineroar\n|move|p2b: Whimsicott|Tailwind|p2b: Whimsicott\n|-sidestart|p2: glapunt|move: Tailwind\n|move|p1b: Basculegion|Flip Turn|p2a: Incineroar\n|-supereffective|p2a: Incineroar|1\n|-damage|p2a: Incineroar|61/100\n|\n|t:|1775908796\n|switch|p1b: Kitten|Incineroar, L50, M, shiny|100/100|[from] Flip Turn\n|-ability|p1b: Kitten|Intimidate|boost\n|-unboost|p2a: Incineroar|atk|1\n|-unboost|p2b: Whimsicott|atk|1\n|\n|upkeep\n|turn|2\n|\n|t:|1775908819\n|move|p2b: Whimsicott|Protect|p2b: Whimsicott\n|-singleturn|p2b: Whimsicott|Protect\n|move|p2a: Incineroar|Protect|p2a: Incineroar\n|-singleturn|p2a: Incineroar|Protect\n|move|p1b: Kitten|Fake Out|p2b: Whimsicott\n|-activate|p2b: Whimsicott|move: Protect\n|move|p1a: Farigiraf|Trick Room|p1a: Farigiraf\n|-fieldstart|move: Trick Room|[of] p1a: Farigiraf\n|\n|upkeep\n|turn|3\n|\n|t:|1775908844\n|switch|p2a: Kingambit|Kingambit, L50, F|100/100\n|move|p1b: Kitten|Parting Shot|p2a: Kingambit\n|-unboost|p2a: Kingambit|atk|1\n|-ability|p2a: Kingambit|Defiant|boost\n|-boost|p2a: Kingambit|atk|2\n|-unboost|p2a: Kingambit|spa|1\n|-ability|p2a: Kingambit|Defiant|boost\n|-boost|p2a: Kingambit|atk|2\n|\n|t:|1775908850\n|switch|p1b: Tiny|Sinistcha, L50, shiny|100/100|[from] Parting Shot\n|move|p1a: Farigiraf|Thunder Wave|p2b: Whimsicott\n|-status|p2b: Whimsicott|par\n|move|p2b: Whimsicott|Moonblast|p1b: Tiny|[miss]\n|-miss|p2b: Whimsicott|p1b: Tiny\n|\n|upkeep\n|turn|4\n|\n|t:|1775908868\n|switch|p2b: Incineroar|Incineroar, L50, F|61/100\n|-ability|p2b: Incineroar|Intimidate|boost\n|-unboost|p1a: Farigiraf|atk|1\n|-unboost|p1b: Tiny|atk|1\n|move|p1a: Farigiraf|Thunder Wave|p2a: Kingambit\n|-status|p2a: Kingambit|par\n|move|p2a: Kingambit|Iron Head|p1a: Farigiraf\n|-damage|p1a: Farigiraf|0 fnt\n|faint|p1a: Farigiraf\n|move|p1b: Tiny|Matcha Gotcha|p2b: Incineroar|[spread] p2a,p2b\n|-resisted|p2a: Kingambit|1\n|-resisted|p2b: Incineroar|1\n|-damage|p2a: Kingambit|88/100 par\n|-damage|p2b: Incineroar|50/100\n|-enditem|p2b: Incineroar|Sitrus Berry|[eat]\n|-heal|p2b: Incineroar|75/100|[from] item: Sitrus Berry\n|\n|-sideend|p2: glapunt|move: Tailwind\n|upkeep\n|\n|t:|1775908878\n|switch|p1a: Kitten|Incineroar, L50, M, shiny|100/100\n|-ability|p1a: Kitten|Intimidate|boost\n|-unboost|p2a: Kingambit|atk|1\n|-ability|p2a: Kingambit|Defiant|boost\n|-boost|p2a: Kingambit|atk|2\n|-unboost|p2b: Incineroar|atk|1\n|turn|5\n|inactive|calacadura has 30 seconds left.\n|\n|t:|1775908907\n|move|p2a: Kingambit|Protect|p2a: Kingambit\n|-singleturn|p2a: Kingambit|Protect\n|move|p2b: Incineroar|Protect|p2b: Incineroar\n|-singleturn|p2b: Incineroar|Protect\n|move|p1a: Kitten|Fake Out|p2a: Kingambit\n|-activate|p2a: Kingambit|move: Protect\n|move|p1b: Tiny|Calm Mind|p1b: Tiny\n|-boost|p1b: Tiny|spa|1\n|-boost|p1b: Tiny|spd|1\n|\n|upkeep\n|turn|6\n|inactive|glapunt has 30 seconds left.\n|\n|t:|1775908933\n|move|p1b: Tiny|Rage Powder|p1b: Tiny\n|-singleturn|p1b: Tiny|move: Rage Powder\n|move|p2a: Kingambit|Sucker Punch||[still]\n|-fail|p2a: Kingambit\n|move|p1a: Kitten|Flare Blitz|p2a: Kingambit\n|-supereffective|p2a: Kingambit|1\n|-damage|p2a: Kingambit|22/100 par\n|-damage|p1a: Kitten|79/100|[from] Recoil\n|move|p2b: Incineroar|Parting Shot|p1b: Tiny\n|-unboost|p1b: Tiny|atk|1\n|-unboost|p1b: Tiny|spa|1\n|\n|t:|1775908940\n|switch|p2b: Whimsicott|Whimsicott, L50, M|100/100 par|[from] Parting Shot\n|\n|-fieldend|move: Trick Room\n|upkeep\n|turn|7\n|\n|t:|1775908958\n|move|p2a: Kingambit|Protect|p2a: Kingambit\n|-singleturn|p2a: Kingambit|Protect\n|move|p2b: Whimsicott|Tailwind|p2b: Whimsicott\n|-sidestart|p2: glapunt|move: Tailwind\n|move|p1b: Tiny|Strength Sap|p2b: Whimsicott\n|-unboost|p2b: Whimsicott|atk|1\n|move|p1a: Kitten|Flare Blitz|p2a: Kingambit\n|-activate|p2a: Kingambit|move: Protect\n|\n|upkeep\n|turn|8\n|\n|t:|1775908974\n|switch|p2b: Incineroar|Incineroar, L50, F|75/100\n|-ability|p2b: Incineroar|Intimidate|boost\n|-unboost|p1a: Kitten|atk|1\n|-unboost|p1b: Tiny|atk|1\n|move|p1b: Tiny|Rage Powder|p1b: Tiny\n|-singleturn|p1b: Tiny|move: Rage Powder\n|move|p2a: Kingambit|Low Kick|p1b: Tiny\n|-immune|p1b: Tiny\n|move|p1a: Kitten|Flare Blitz|p2a: Kingambit\n|-supereffective|p2a: Kingambit|1\n|-damage|p2a: Kingambit|0 fnt\n|faint|p2a: Kingambit\n|-damage|p1a: Kitten|72/100|[from] Recoil\n|\n|upkeep\n|\n|t:|1775908985\n|switch|p2a: Charizard|Charizard, L50, F|100/100\n|turn|9\n|\n|t:|1775909006\n|detailschange|p2a: Charizard|Charizard-Mega-Y, L50, F\n|-mega|p2a: Charizard|Charizard|Charizardite Y\n|-weather|SunnyDay|[from] ability: Drought|[of] p2a: Charizard\n|move|p2b: Incineroar|Fake Out|p1a: Kitten\n|-damage|p1a: Kitten|62/100\n|move|p2a: Charizard|Heat Wave|p1b: Tiny|[spread] p1a\n|-miss|p2a: Charizard|p1b: Tiny\n|-resisted|p1a: Kitten|1\n|-damage|p1a: Kitten|38/100\n|move|p1b: Tiny|Calm Mind|p1b: Tiny\n|-boost|p1b: Tiny|spa|1\n|-boost|p1b: Tiny|spd|1\n|cant|p1a: Kitten|flinch\n|\n|-weather|SunnyDay|[upkeep]\n|upkeep\n|turn|10\n|\n|t:|1775909022\n|move|p2a: Charizard|Heat Wave|p1b: Tiny|[spread] p1a,p1b\n|-resisted|p1a: Kitten|1\n|-supereffective|p1b: Tiny|1\n|-damage|p1a: Kitten|14/100\n|-damage|p1b: Tiny|29/100\n|move|p2b: Incineroar|Throat Chop|p1b: Tiny\n|-supereffective|p1b: Tiny|1\n|-damage|p1b: Tiny|0 fnt\n|faint|p1b: Tiny\n|move|p1a: Kitten|Parting Shot|p2a: Charizard\n|-unboost|p2a: Charizard|atk|1\n|-unboost|p2a: Charizard|spa|1\n|\n|t:|1775909025\n|switch|p1a: Basculegion|Basculegion, L50, M|100/100|[from] Parting Shot\n|\n|-weather|SunnyDay|[upkeep]\n|-sideend|p2: glapunt|move: Tailwind\n|upkeep\n|\n|t:|1775909026\n|switch|p1b: Kitten|Incineroar, L50, M, shiny|14/100\n|-ability|p1b: Kitten|Intimidate|boost\n|-unboost|p2a: Charizard|atk|1\n|-unboost|p2b: Incineroar|atk|1\n|turn|11\n|\n|t:|1775909042\n|move|p2a: Charizard|Protect|p2a: Charizard\n|-singleturn|p2a: Charizard|Protect\n|move|p1b: Kitten|Fake Out|p2b: Incineroar\n|-damage|p2b: Incineroar|67/100\n|move|p1a: Basculegion|Wave Crash|p2a: Charizard\n|-activate|p2a: Charizard|move: Protect\n|cant|p2b: Incineroar|flinch\n|\n|-weather|SunnyDay|[upkeep]\n|upkeep\n|turn|12\n|\n|t:|1775909064\n|switch|p2a: Whimsicott|Whimsicott, L50, M|100/100 par\n|move|p1a: Basculegion|Wave Crash|p2b: Incineroar\n|-supereffective|p2b: Incineroar|1\n|-damage|p2b: Incineroar|10/100\n|-damage|p1a: Basculegion|81/100|[from] Recoil\n|move|p2b: Incineroar|Parting Shot|p1a: Basculegion\n|-unboost|p1a: Basculegion|atk|1\n|-unboost|p1a: Basculegion|spa|1\n|\n|t:|1775909071\n|switch|p2b: Charizard|Charizard-Mega-Y, L50, F|100/100|[from] Parting Shot\n|move|p1b: Kitten|Parting Shot|p2a: Whimsicott\n|-unboost|p2a: Whimsicott|atk|1\n|-unboost|p2a: Whimsicott|spa|1\n|\n|-weather|SunnyDay|[upkeep]\n|upkeep\n|turn|13\n|\n|t:|1775909081\n|move|p2a: Whimsicott|Tailwind|p2a: Whimsicott\n|-sidestart|p2: glapunt|move: Tailwind\n|move|p2b: Charizard|Solar Beam||[still]\n|-prepare|p2b: Charizard|Solar Beam\n|-anim|p2b: Charizard|Solar Beam|p1a: Basculegion\n|-supereffective|p1a: Basculegion|1\n|-damage|p1a: Basculegion|0 fnt\n|faint|p1a: Basculegion\n|move|p1b: Kitten|Flare Blitz|p2a: Whimsicott\n|-supereffective|p2a: Whimsicott|1\n|-enditem|p2a: Whimsicott|Focus Sash\n|-damage|p2a: Whimsicott|1/100 par\n|-damage|p1b: Kitten|0 fnt|[from] Recoil\n|faint|p1b: Kitten\n|\n|win|glapunt\n|raw|calacadura's rating: 1156 &rarr; <strong>1130</strong><br />(-26 for losing)\n|raw|glapunt's rating: 1136 &rarr; <strong>1162</strong><br />(+26 for winning)\n",
  "uploadtime": 1775909083,
  "views": 14,
  "formatid": "gen9championsvgc2026regma",
  "rating": 1130,
  "private": 0,
  "password": null
}