{
  "id": "gen9championsvgc2026regma-2588425302",
  "format": "[Gen 9 Champions] VGC 2026 Reg M-A",
  "players": [
    "domoman11",
    "mrty1324"
  ],
  "log": "|j|\u2606domoman11\n|j|\u2606mrty1324\n|t:|1776632435\n|gametype|doubles\n|player|p1|domoman11|169|1033\n|player|p2|mrty1324|101|1000\n|gen|9\n|tier|[Gen 9 Champions] VGC 2026 Reg M-A\n|rated|\n|rule|Species Clause: Limit one of each Pok\u00e9mon\n|rule|Item Clause: Limit 1 of each item\n|clearpoke\n|poke|p1|Ceruledge, L50, M, shiny|\n|poke|p1|Garganacl, L50, F|\n|poke|p1|Incineroar, L50, F|\n|poke|p1|Charizard, L50, F|\n|poke|p1|Venusaur, L50, M|\n|poke|p1|Volcarona, L50, F|\n|poke|p2|Hawlucha, L50, M|\n|poke|p2|Mamoswine, L50, F|\n|poke|p2|Tinkaton, L50, F|\n|poke|p2|Gengar, L50, F|\n|poke|p2|Hydreigon, L50, F|\n|poke|p2|Raichu, L50, M|\n|teampreview|4\n|inactive|Battle timer is ON: inactive players will automatically lose when time's up. (requested by domoman11)\n|\n|t:|1776632475\n|teamsize|p1|4\n|teamsize|p2|4\n|start\n|switch|p1a: Ceruledge|Ceruledge, L50, M, shiny|100/100\n|switch|p1b: Garganacl|Garganacl, L50, F|100/100\n|switch|p2a: Hawlucha|Hawlucha, L50, M|100/100\n|switch|p2b: Mamoswine|Mamoswine, L50, F|100/100\n|turn|1\n|inactive|mrty1324 has 30 seconds left.\n|\n|t:|1776632501\n|detailschange|p2a: Hawlucha|Hawlucha-Mega, L50, M\n|-mega|p2a: Hawlucha|Hawlucha|Hawluchanite\n|move|p2b: Mamoswine|Earthquake|p1b: Garganacl|[spread] p1a,p1b\n|-immune|p2a: Hawlucha\n|-supereffective|p1a: Ceruledge|1\n|-supereffective|p1b: Garganacl|1\n|-enditem|p1a: Ceruledge|Focus Sash\n|-damage|p1a: Ceruledge|1/100\n|-damage|p1b: Garganacl|47/100\n|-enditem|p1b: Garganacl|Sitrus Berry|[eat]\n|-heal|p1b: Garganacl|72/100|[from] item: Sitrus Berry\n|move|p2a: Hawlucha|Dual Wingbeat|p1a: Ceruledge\n|-damage|p1a: Ceruledge|0 fnt\n|faint|p1a: Ceruledge\n|-hitcount|p1: Ceruledge|1\n|move|p1b: Garganacl|Salt Cure|p2b: Mamoswine\n|-damage|p2b: Mamoswine|81/100\n|-start|p2b: Mamoswine|Salt Cure\n|\n|-damage|p2b: Mamoswine|75/100|[from] Salt Cure\n|upkeep\n|\n|t:|1776632516\n|switch|p1a: Incineroar|Incineroar, L50, F|100/100\n|-ability|p1a: Incineroar|Intimidate|boost\n|-unboost|p2a: Hawlucha|atk|1\n|-fail|p2b: Mamoswine|unboost|Attack|[from] ability: Oblivious|[of] p2b: Mamoswine\n|turn|2\n|\n|t:|1776632529\n|move|p2a: Hawlucha|Upper Hand|p1a: Incineroar\n|-supereffective|p1a: Incineroar|1\n|-damage|p1a: Incineroar|52/100\n|cant|p1a: Incineroar|flinch\n|move|p2b: Mamoswine|Earthquake|p1a: Incineroar|[spread] p1a,p1b\n|-immune|p2a: Hawlucha\n|-supereffective|p1a: Incineroar|1\n|-supereffective|p1b: Garganacl|1\n|-damage|p1a: Incineroar|0 fnt\n|-damage|p1b: Garganacl|15/100\n|faint|p1a: Incineroar\n|move|p1b: Garganacl|Iron Defense|p1b: Garganacl\n|-boost|p1b: Garganacl|def|2\n|\n|-damage|p2b: Mamoswine|69/100|[from] Salt Cure\n|upkeep\n|\n|t:|1776632535\n|switch|p1a: Charizard|Charizard, L50, F|100/100\n|turn|3\n|\n|t:|1776632555\n|detailschange|p1a: Charizard|Charizard-Mega-Y, L50, F\n|-mega|p1a: Charizard|Charizard|Charizardite Y\n|-weather|SunnyDay|[from] ability: Drought|[of] p1a: Charizard\n|move|p2b: Mamoswine|Earthquake|p1a: Charizard|[spread] p1b\n|-immune|p2a: Hawlucha\n|-immune|p1a: Charizard\n|-supereffective|p1b: Garganacl|1\n|-damage|p1b: Garganacl|0 fnt\n|faint|p1b: Garganacl\n|move|p2a: Hawlucha|Swords Dance|p2a: Hawlucha\n|-boost|p2a: Hawlucha|atk|2\n|move|p1a: Charizard|Air Slash|p2a: Hawlucha\n|-supereffective|p2a: Hawlucha|1\n|-damage|p2a: Hawlucha|0 fnt\n|faint|p2a: Hawlucha\n|\n|-weather|SunnyDay|[upkeep]\n|-damage|p2b: Mamoswine|64/100|[from] Salt Cure\n|upkeep\n|\n|t:|1776632576\n|switch|p2a: Raichu|Raichu, L50, M|100/100\n|turn|4\n|\n|t:|1776632585\n|switch|p2b: Gengar|Gengar, L50, F|100/100\n|move|p2a: Raichu|Fake Out|p1a: Charizard\n|-damage|p1a: Charizard|89/100\n|cant|p1a: Charizard|flinch\n|\n|-weather|SunnyDay|[upkeep]\n|upkeep\n|turn|5\n|\n|t:|1776632600\n|move|p2b: Gengar|Shadow Ball|p1a: Charizard\n|-damage|p1a: Charizard|46/100\n|move|p2a: Raichu|Thunderbolt|p1a: Charizard\n|-supereffective|p1a: Charizard|1\n|-damage|p1a: Charizard|0 fnt\n|faint|p1a: Charizard\n|\n|win|mrty1324\n|raw|domoman11's rating: 1065 &rarr; <strong>1042</strong><br />(-23 for losing)\n|raw|mrty1324's rating: 1000 &rarr; <strong>1047</strong><br />(+47 for winning)\n|l|\u2606domoman11\n|player|p1|\n|l|\u2606mrty1324\n|player|p2|\n|j|\u2606mrty1324\n|player|p2|mrty1324|101|\n",
  "uploadtime": 1776632680,
  "views": 11,
  "formatid": "gen9championsvgc2026regma",
  "rating": 1042,
  "private": 0,
  "password": null
}