{
  "id": "gen9championsvgc2026regma-2581970568",
  "format": "[Gen 9 Champions] VGC 2026 Reg M-A",
  "players": [
    "ChampionsmatchVGC",
    "airi love"
  ],
  "log": "|j|\u2606ChampionsmatchVGC\n|j|\u2606airi love\n|t:|1776044367\n|gametype|doubles\n|player|p1|ChampionsmatchVGC|102|1374\n|player|p2|airi love|lyra|1440\n|gen|9\n|tier|[Gen 9 Champions] VGC 2026 Reg M-A\n|rated|\n|rule|Species Clause: Limit one of each Pok\u00e9mon\n|rule|Item Clause: Limit 1 of each item\n|clearpoke\n|poke|p1|Garchomp, L50, M|\n|poke|p1|Delphox, L50, M|\n|poke|p1|Floette-Eternal, L50, F|\n|poke|p1|Sneasler, L50, F|\n|poke|p1|Kingambit, L50, M|\n|poke|p1|Basculegion, L50, M|\n|poke|p2|Reuniclus, L50, F|\n|poke|p2|Kangaskhan, L50, F|\n|poke|p2|Incineroar, L50, M|\n|poke|p2|Sylveon, L50, M|\n|poke|p2|Torkoal, L50, F|\n|poke|p2|Basculegion, L50, M|\n|teampreview|4\n|inactive|Battle timer is ON: inactive players will automatically lose when time's up. (requested by airi love)\n|j| drewisaboss44\n|\n|t:|1776044393\n|teamsize|p1|4\n|teamsize|p2|4\n|start\n|switch|p1a: Delphox|Delphox, L50, M|100/100\n|switch|p1b: Garchomp|Garchomp, L50, M|100/100\n|switch|p2a: Kangaskhan|Kangaskhan, L50, F|100/100\n|switch|p2b: Reuniclus|Reuniclus, L50, F|100/100\n|turn|1\n|\n|t:|1776044408\n|detailschange|p1a: Delphox|Delphox-Mega, L50, M\n|-mega|p1a: Delphox|Delphox|Delphoxite\n|detailschange|p2a: Kangaskhan|Kangaskhan-Mega, L50, F\n|-mega|p2a: Kangaskhan|Kangaskhan|Kangaskhanite\n|move|p1a: Delphox|Protect|p1a: Delphox\n|-singleturn|p1a: Delphox|Protect\n|move|p2a: Kangaskhan|Fake Out|p1a: Delphox\n|-activate|p1a: Delphox|move: Protect\n|move|p1b: Garchomp|Earthquake|p2a: Kangaskhan|[spread] p2a,p2b\n|-activate|p1a: Delphox|move: Protect\n|-damage|p2a: Kangaskhan|65/100\n|-damage|p2b: Reuniclus|60/100\n|move|p2b: Reuniclus|Trick Room|p2b: Reuniclus\n|-fieldstart|move: Trick Room|[of] p2b: Reuniclus\n|\n|upkeep\n|turn|2\n|\n|t:|1776044432\n|switch|p1a: Kingambit|Kingambit, L50, M|100/100\n|move|p2b: Reuniclus|Psychic|p1b: Garchomp\n|-damage|p1b: Garchomp|51/100\n|move|p2a: Kangaskhan|Double-Edge|p1b: Garchomp\n|-damage|p1b: Garchomp|0 fnt\n|-damage|p2a: Kangaskhan|52/100|[from] ability: Rough Skin|[of] p1b: Garchomp\n|faint|p1b: Garchomp\n|-hitcount|p1: Garchomp|1\n|-damage|p2a: Kangaskhan|35/100|[from] Recoil\n|\n|upkeep\n|l| drewisaboss44\n|inactive|ChampionsmatchVGC has 30 seconds left.\n|\n|t:|1776044463\n|switch|p1b: Sneasler|Sneasler, L50, F|100/100\n|turn|3\n|j| prouwnaid\n|\n|t:|1776044476\n|move|p1b: Sneasler|Fake Out|p2b: Reuniclus\n|-damage|p2b: Reuniclus|46/100\n|cant|p2b: Reuniclus|flinch\n|move|p1a: Kingambit|Low Kick|p2a: Kangaskhan\n|-supereffective|p2a: Kangaskhan|1\n|-damage|p2a: Kangaskhan|0 fnt\n|faint|p2a: Kangaskhan\n|\n|upkeep\n|\n|t:|1776044484\n|switch|p2a: Torkoal|Torkoal, L50, F|100/100\n|-weather|SunnyDay|[from] ability: Drought|[of] p2a: Torkoal\n|turn|4\n|\n|t:|1776044502\n|move|p1a: Kingambit|Protect|p1a: Kingambit\n|-singleturn|p1a: Kingambit|Protect\n|move|p1b: Sneasler|Protect|p1b: Sneasler\n|-singleturn|p1b: Sneasler|Protect\n|move|p2a: Torkoal|Heat Wave|p1a: Kingambit|[spread] \n|-activate|p1a: Kingambit|move: Protect\n|-activate|p1b: Sneasler|move: Protect\n|move|p2b: Reuniclus|Focus Blast|p1a: Kingambit\n|-activate|p1a: Kingambit|move: Protect\n|\n|-weather|SunnyDay|[upkeep]\n|upkeep\n|turn|5\n|\n|t:|1776044519\n|switch|p2b: Incineroar|Incineroar, L50, M|100/100\n|-ability|p2b: Incineroar|Intimidate|boost\n|-unboost|p1a: Kingambit|atk|1\n|-ability|p1a: Kingambit|Defiant|boost\n|-boost|p1a: Kingambit|atk|2\n|-unboost|p1b: Sneasler|atk|1\n|-enditem|p1b: Sneasler|White Herb\n|-clearnegativeboost|p1b: Sneasler|[silent]\n|switch|p1b: Delphox|Delphox-Mega, L50, M|100/100\n|move|p1a: Kingambit|Sucker Punch|p2a: Torkoal\n|-damage|p2a: Torkoal|54/100\n|move|p2a: Torkoal|Heat Wave|p1a: Kingambit|[spread] p1a,p1b\n|-supereffective|p1a: Kingambit|1\n|-crit|p1a: Kingambit\n|-resisted|p1b: Delphox|1\n|-damage|p1a: Kingambit|0 fnt\n|-damage|p1b: Delphox|76/100\n|faint|p1a: Kingambit\n|\n|-weather|SunnyDay|[upkeep]\n|-fieldend|move: Trick Room\n|upkeep\n|\n|t:|1776044525\n|switch|p1a: Sneasler|Sneasler, L50, F|100/100\n|turn|6\n|inactive|airi love has 30 seconds left.\n|\n|t:|1776044551\n|move|p1a: Sneasler|Fake Out|p2a: Torkoal\n|-damage|p2a: Torkoal|43/100\n|move|p1b: Delphox|Heat Wave|p2b: Incineroar|[spread] p2a\n|-miss|p1b: Delphox|p2b: Incineroar\n|-resisted|p2a: Torkoal|1\n|-damage|p2a: Torkoal|2/100\n|move|p2b: Incineroar|Darkest Lariat|p1b: Delphox\n|-supereffective|p1b: Delphox|1\n|-damage|p1b: Delphox|0 fnt\n|faint|p1b: Delphox\n|cant|p2a: Torkoal|flinch\n|\n|-weather|SunnyDay|[upkeep]\n|upkeep\n|turn|7\n|-message|ChampionsmatchVGC forfeited.\n|\n|win|airi love\n|raw|ChampionsmatchVGC's rating: 1374 &rarr; <strong>1358</strong><br />(-16 for losing)\n|raw|airi love's rating: 1440 &rarr; <strong>1456</strong><br />(+16 for winning)\n|l|\u2606ChampionsmatchVGC\n|player|p1|\n|l| prouwnaid\n",
  "uploadtime": 1776044579,
  "views": 38,
  "formatid": "gen9championsvgc2026regma",
  "rating": 1358,
  "private": 0,
  "password": null
}