{
  "id": "gen9championsvgc2026regma-2587259416",
  "format": "[Gen 9 Champions] VGC 2026 Reg M-A",
  "players": [
    "brojonski",
    "Gaytor8"
  ],
  "log": "|j|\u2606brojonski\n|j|\u2606Gaytor8\n|t:|1776515480\n|gametype|doubles\n|player|p1|brojonski|brock|1357\n|player|p2|Gaytor8|harlequin|1332\n|gen|9\n|tier|[Gen 9 Champions] VGC 2026 Reg M-A\n|rated|\n|rule|Species Clause: Limit one of each Pok\u00e9mon\n|rule|Item Clause: Limit 1 of each item\n|clearpoke\n|poke|p1|Crabominable, L50, F|\n|poke|p1|Zoroark-Hisui, L50, M|\n|poke|p1|Slowking, L50, F|\n|poke|p1|Incineroar, L50, M|\n|poke|p1|Tsareena, L50, F|\n|poke|p1|Glimmora, L50, M|\n|poke|p2|Sableye, L50, F, shiny|\n|poke|p2|Talonflame, L50, F|\n|poke|p2|Farigiraf, L50, F, shiny|\n|poke|p2|Archaludon, L50, F|\n|poke|p2|Meganium, L50, F|\n|poke|p2|Garchomp, L50, M|\n|teampreview|4\n|inactive|Battle timer is ON: inactive players will automatically lose when time's up. (requested by Gaytor8)\n|inactive|brojonski also wants the timer to be on.\n|inactive|brojonski has 60 seconds left.\n|inactive|Gaytor8 has 60 seconds left.\n|\n|t:|1776515513\n|teamsize|p1|4\n|teamsize|p2|4\n|start\n|switch|p1a: Slowking|Slowking, L50, F|100/100\n|switch|p1b: Tsareena|Tsareena, L50, F|100/100\n|switch|p2a: Garchomp|Garchomp, L50, M|100/100\n|switch|p2b: big bird|Talonflame, L50, F|100/100\n|turn|1\n|\n|t:|1776515537\n|move|p1b: Tsareena|Protect|p1b: Tsareena\n|-singleturn|p1b: Tsareena|Protect\n|move|p2a: Garchomp|Earthquake|p1b: Tsareena|[spread] p1a\n|-activate|p1b: Tsareena|move: Protect\n|-immune|p2b: big bird\n|-damage|p1a: Slowking|12/100\n|replace|p1a: Zoroark|Zoroark-Hisui, L50, M\n|-end|p1a: Zoroark|Illusion\n|move|p2b: big bird|Taunt|p1a: Zoroark\n|-start|p1a: Zoroark|move: Taunt\n|move|p1a: Zoroark|Icy Wind|p2b: big bird|[spread] p2a,p2b\n|-supereffective|p2a: Garchomp|2\n|-damage|p2a: Garchomp|36/100\n|-damage|p2b: big bird|78/100\n|-unboost|p2a: Garchomp|spe|1\n|-unboost|p2b: big bird|spe|1\n|\n|upkeep\n|turn|2\n|inactive|Gaytor8 has 30 seconds left.\n|inactive|brojonski has 30 seconds left.\n|inactive|Gaytor8 has 20 seconds left.\n|inactive|brojonski has 20 seconds left.\n|inactive|Gaytor8 has 15 seconds left.\n|inactive|brojonski has 15 seconds left.\n|inactive|Gaytor8 has 10 seconds left.\n|\n|t:|1776515592\n|switch|p2a: fridge|Farigiraf, L50, F, shiny|100/100\n|move|p1a: Zoroark|Icy Wind|p2a: fridge|[spread] p2a,p2b\n|-damage|p2a: fridge|86/100\n|-damage|p2b: big bird|55/100\n|-unboost|p2a: fridge|spe|1\n|-unboost|p2b: big bird|spe|1\n|move|p2b: big bird|Dual Wingbeat|p1a: Zoroark\n|-damage|p1a: Zoroark|0 fnt\n|faint|p1a: Zoroark\n|-hitcount|p1: Zoroark|1\n|move|p1b: Tsareena|Triple Axel|p2b: big bird\n|-damage|p2b: big bird|44/100\n|-damage|p2b: big bird|22/100\n|-damage|p2b: big bird|0 fnt\n|faint|p2b: big bird\n|-hitcount|p2: big bird|3\n|\n|upkeep\n|\n|t:|1776515613\n|switch|p2b: Garchomp|Garchomp, L50, M|36/100\n|switch|p1a: Slowking|Slowking, L50, F|100/100\n|turn|3\n|inactive|brojonski has 30 seconds left.\n|inactive|Gaytor8 has 30 seconds left.\n|\n|t:|1776515646\n|move|p2b: Garchomp|Rock Slide|p1a: Slowking|[spread] p1a,p1b\n|-damage|p1a: Slowking|84/100\n|-damage|p1b: Tsareena|80/100\n|cant|p1b: Tsareena|flinch\n|move|p2a: fridge|Nasty Plot|p2a: fridge\n|-boost|p2a: fridge|spa|2\n|move|p1a: Slowking|Scald|p2a: fridge\n|-damage|p2a: fridge|59/100\n|\n|upkeep\n|turn|4\n|\n|t:|1776515660\n|move|p2b: Garchomp|Rock Slide|p1b: Tsareena|[spread] p1a,p1b\n|-damage|p1a: Slowking|66/100\n|-damage|p1b: Tsareena|56/100\n|move|p1b: Tsareena|Triple Axel|p2b: Garchomp\n|-supereffective|p2b: Garchomp|2\n|-damage|p2b: Garchomp|3/100\n|-damage|p1b: Tsareena|44/100|[from] ability: Rough Skin|[of] p2b: Garchomp\n|-supereffective|p2b: Garchomp|2\n|-damage|p2b: Garchomp|0 fnt\n|-damage|p1b: Tsareena|32/100|[from] ability: Rough Skin|[of] p2b: Garchomp\n|faint|p2b: Garchomp\n|-hitcount|p2: Garchomp|2\n|move|p2a: fridge|Hyper Voice|p1b: Tsareena|[spread] p1a,p1b\n|-damage|p1a: Slowking|30/100\n|-damage|p1b: Tsareena|0 fnt\n|faint|p1b: Tsareena\n|move|p1a: Slowking|Trick Room|p1a: Slowking\n|-fieldstart|move: Trick Room|[of] p1a: Slowking\n|\n|upkeep\n|\n|t:|1776515677\n|switch|p1b: Glimmora|Glimmora, L50, M|100/100\n|switch|p2b: bridge|Archaludon, L50, F|100/100\n|turn|5\n|\n|t:|1776515695\n|detailschange|p1b: Glimmora|Glimmora-Mega, L50, M\n|-mega|p1b: Glimmora|Glimmora|Glimmoranite\n|move|p1a: Slowking|Scald|p2a: fridge\n|-damage|p2a: fridge|30/100\n|-enditem|p2a: fridge|Sitrus Berry|[eat]\n|-heal|p2a: fridge|55/100|[from] item: Sitrus Berry\n|move|p2a: fridge|Hyper Voice|p1b: Glimmora|[spread] p1a,p1b\n|-crit|p1a: Slowking\n|-resisted|p1b: Glimmora|1\n|-damage|p1a: Slowking|0 fnt\n|-damage|p1b: Glimmora|74/100\n|faint|p1a: Slowking\n|move|p2b: bridge|Flash Cannon|p1b: Glimmora\n|-supereffective|p1b: Glimmora|1\n|-damage|p1b: Glimmora|0 fnt\n|faint|p1b: Glimmora\n|\n|win|Gaytor8\n|raw|brojonski's rating: 1357 &rarr; <strong>1336</strong><br />(-21 for losing)\n|raw|Gaytor8's rating: 1332 &rarr; <strong>1353</strong><br />(+21 for winning)\n",
  "uploadtime": 1776515706,
  "views": 48,
  "formatid": "gen9championsvgc2026regma",
  "rating": 1336,
  "private": 0,
  "password": null
}