{
  "id": "gen9championsvgc2026regma-2586313422",
  "format": "[Gen 9 Champions] VGC 2026 Reg M-A",
  "players": [
    "gamerkr4",
    "25528989d"
  ],
  "log": "|j|\u2606gamerkr4\n|j|\u260625528989d\n|t:|1776424267\n|gametype|doubles\n|player|p1|gamerkr4|2|1126\n|player|p2|25528989d|roxie-masters|1110\n|gen|9\n|tier|[Gen 9 Champions] VGC 2026 Reg M-A\n|rated|\n|rule|Species Clause: Limit one of each Pok\u00e9mon\n|rule|Item Clause: Limit 1 of each item\n|clearpoke\n|poke|p1|Gengar, L50, M|\n|poke|p1|Clefable, L50, F|\n|poke|p1|Incineroar, L50, M|\n|poke|p1|Excadrill, L50, F|\n|poke|p1|Dragonite, L50, F|\n|poke|p1|Farigiraf, L50, M|\n|poke|p2|Charizard, L50, F|\n|poke|p2|Tyranitar, L50, M|\n|poke|p2|Gyarados, L50, M|\n|poke|p2|Garchomp, L50, M|\n|poke|p2|Rotom-Mow, L50|\n|poke|p2|Lucario, L50, M|\n|teampreview|4\n|inactive|Battle timer is ON: inactive players will automatically lose when time's up. (requested by gamerkr4)\ngamerkr4 rejected open team sheets.\n|inactive|25528989d has 60 seconds left.\n|\n|t:|1776424307\n|teamsize|p1|4\n|teamsize|p2|4\n|start\n|switch|p1a: Incineroar|Incineroar, L50, M|100/100\n|switch|p1b: Gengar|Gengar, L50, M|100/100\n|switch|p2a: Tyranitar|Tyranitar, L50, M|100/100\n|switch|p2b: Gyarados|Gyarados, L50, M|100/100\n|-ability|p2b: Gyarados|Intimidate|boost\n|-unboost|p1a: Incineroar|atk|1\n|-unboost|p1b: Gengar|atk|1\n|-ability|p1a: Incineroar|Intimidate|boost\n|-unboost|p2a: Tyranitar|atk|1\n|-unboost|p2b: Gyarados|atk|1\n|-weather|Sandstorm|[from] ability: Sand Stream|[of] p2a: Tyranitar\n|turn|1\n|inactive|25528989d has 30 seconds left.\n|\n|t:|1776424332\n|detailschange|p1b: Gengar|Gengar-Mega, L50, M\n|-mega|p1b: Gengar|Gengar|Gengarite\n|move|p1a: Incineroar|Fake Out|p2a: Tyranitar\n|-resisted|p2a: Tyranitar|1\n|-damage|p2a: Tyranitar|98/100\n|move|p1b: Gengar|Nasty Plot|p1b: Gengar\n|-boost|p1b: Gengar|spa|2\n|move|p2b: Gyarados|Waterfall|p1a: Incineroar\n|-supereffective|p1a: Incineroar|1\n|-damage|p1a: Incineroar|55/100\n|cant|p2a: Tyranitar|flinch\n|\n|-weather|Sandstorm|[upkeep]\n|-damage|p1b: Gengar|95/100|[from] Sandstorm\n|-damage|p2b: Gyarados|95/100|[from] Sandstorm\n|-damage|p1a: Incineroar|49/100|[from] Sandstorm\n|upkeep\n|turn|2\n|inactive|gamerkr4 has 30 seconds left.\n|inactive|25528989d has 30 seconds left.\n|\n|t:|1776424361\n|move|p1b: Gengar|Shadow Ball|p2b: Gyarados\n|-damage|p2b: Gyarados|2/100\n|move|p2b: Gyarados|Icy Wind|p1a: Incineroar|[spread] p1a,p1b\n|-resisted|p1a: Incineroar|1\n|-damage|p1a: Incineroar|47/100\n|-damage|p1b: Gengar|87/100\n|-unboost|p1a: Incineroar|spe|1\n|-unboost|p1b: Gengar|spe|1\n|move|p2a: Tyranitar|Crunch|p1b: Gengar\n|-supereffective|p1b: Gengar|1\n|-damage|p1b: Gengar|0 fnt\n|faint|p1b: Gengar\n|move|p1a: Incineroar|Parting Shot|p2a: Tyranitar\n|-unboost|p2a: Tyranitar|atk|1\n|-unboost|p2a: Tyranitar|spa|1\n|\n|t:|1776424376\n|switch|p1a: Excadrill|Excadrill, L50, F|100/100|[from] Parting Shot\n|-ability|p1a: Excadrill|Mold Breaker\n|\n|-weather|Sandstorm|[upkeep]\n|-damage|p2b: Gyarados|0 fnt|[from] Sandstorm\n|faint|p2b: Gyarados\n|upkeep\n|\n|t:|1776424399\n|switch|p1b: Clefable|Clefable, L50, F|100/100\n|switch|p2b: Rotom|Rotom-Mow, L50|100/100\n|turn|3\n|inactive|gamerkr4 has 30 seconds left.\n|\n|t:|1776424427\n|move|p2a: Tyranitar|Protect|p2a: Tyranitar\n|-singleturn|p2a: Tyranitar|Protect\n|move|p1a: Excadrill|High Horsepower|p2b: Rotom\n|-damage|p2b: Rotom|50/100\n|-enditem|p2b: Rotom|Sitrus Berry|[eat]\n|-heal|p2b: Rotom|75/100|[from] item: Sitrus Berry\n|move|p2b: Rotom|Will-O-Wisp|p1a: Excadrill\n|-status|p1a: Excadrill|brn\n|move|p1b: Clefable|Light Screen|p1b: Clefable\n|-sidestart|p1: gamerkr4|move: Light Screen\n|\n|-weather|Sandstorm|[upkeep]\n|-damage|p2b: Rotom|69/100|[from] Sandstorm\n|-damage|p1b: Clefable|95/100|[from] Sandstorm\n|-damage|p1a: Excadrill|95/100 brn|[from] brn\n|upkeep\n|turn|4\n|inactive|25528989d has 30 seconds left.\n|\n|t:|1776424460\n|switch|p2a: Garchomp|Garchomp, L50, M|100/100\n|move|p1a: Excadrill|High Horsepower|p2b: Rotom|[miss]\n|-miss|p1a: Excadrill|p2b: Rotom\n|move|p2b: Rotom|Leaf Storm|p1a: Excadrill\n|-damage|p1a: Excadrill|54/100 brn\n|-unboost|p2b: Rotom|spa|2\n|move|p1b: Clefable|Moonblast|p2a: Garchomp|[miss]\n|-miss|p1b: Clefable|p2a: Garchomp\n|\n|-weather|Sandstorm|[upkeep]\n|-damage|p2b: Rotom|64/100|[from] Sandstorm\n|-damage|p1b: Clefable|89/100|[from] Sandstorm\n|-damage|p1a: Excadrill|48/100 brn|[from] brn\n|upkeep\n|turn|5\n|inactive|25528989d has 30 seconds left.\n|\n|t:|1776424495\n|switch|p1a: Incineroar|Incineroar, L50, M|47/100\n|-ability|p1a: Incineroar|Intimidate|boost\n|-unboost|p2a: Garchomp|atk|1\n|-unboost|p2b: Rotom|atk|1\n|move|p2b: Rotom|Protect|p2b: Rotom\n|-singleturn|p2b: Rotom|Protect\n|move|p2a: Garchomp|Earthquake|p1b: Clefable|[spread] p1a,p1b\n|-activate|p2b: Rotom|move: Protect\n|-supereffective|p1a: Incineroar|1\n|-damage|p1a: Incineroar|0 fnt\n|-damage|p1b: Clefable|46/100\n|-enditem|p1b: Clefable|Sitrus Berry|[eat]\n|-heal|p1b: Clefable|70/100|[from] item: Sitrus Berry\n|faint|p1a: Incineroar\n|move|p1b: Clefable|Moonblast|p2a: Garchomp\n|-supereffective|p2a: Garchomp|1\n|-damage|p2a: Garchomp|29/100\n|\n|-weather|none\n|upkeep\n|\n|t:|1776424511\n|switch|p1a: Excadrill|Excadrill, L50, F|48/100 brn\n|-ability|p1a: Excadrill|Mold Breaker\n|turn|6\n|-message|gamerkr4 forfeited.\n|\n|win|25528989d\n|raw|gamerkr4's rating: 1126 &rarr; <strong>1100</strong><br />(-26 for losing)\n|raw|25528989d's rating: 1110 &rarr; <strong>1136</strong><br />(+26 for winning)\n",
  "uploadtime": 1776424513,
  "views": 30,
  "formatid": "gen9championsvgc2026regma",
  "rating": 1100,
  "private": 0,
  "password": null
}