{
  "id": "gen9championsvgc2026regma-2583238673",
  "format": "[Gen 9 Champions] VGC 2026 Reg M-A",
  "players": [
    "Jack Cbt",
    "DeltaWithADuck"
  ],
  "log": "|j|\u2606Jack Cbt\n|j|\u2606DeltaWithADuck\n|t:|1776158253\n|gametype|doubles\n|player|p1|Jack Cbt|ingo|1126\n|player|p2|DeltaWithADuck|miku-ghost|1045\n|gen|9\n|tier|[Gen 9 Champions] VGC 2026 Reg M-A\n|rated|\n|rule|Species Clause: Limit one of each Pok\u00e9mon\n|rule|Item Clause: Limit 1 of each item\n|clearpoke\n|poke|p1|Delphox, L50, F|\n|poke|p1|Basculegion, L50, M|\n|poke|p1|Clefable, L50, M|\n|poke|p1|Kingambit, L50, F|\n|poke|p1|Dragonite, L50, M|\n|poke|p1|Sneasler, L50, F|\n|poke|p2|Skarmory, L50, F|\n|poke|p2|Sinistcha, L50|\n|poke|p2|Sneasler, L50, F|\n|poke|p2|Milotic, L50, F|\n|poke|p2|Dragonite, L50, M|\n|poke|p2|Delphox, L50, F|\n|teampreview|4\n|\n|t:|1776158319\n|teamsize|p1|4\n|teamsize|p2|4\n|start\n|switch|p1a: Sneasler|Sneasler, L50, F|100/100\n|switch|p1b: The Herta|Delphox, L50, F|100/100\n|switch|p2a: Queen Fish|Milotic, L50, F, shiny|100/100\n|switch|p2b: Barney|Dragonite, L50, M, shiny|100/100\n|turn|1\n|\n|t:|1776158337\n|detailschange|p1b: The Herta|Delphox-Mega, L50, F\n|-mega|p1b: The Herta|Delphox|Delphoxite\n|move|p2b: Barney|Protect|p2b: Barney\n|-singleturn|p2b: Barney|Protect\n|move|p1a: Sneasler|Fake Out|p2b: Barney\n|-activate|p2b: Barney|move: Protect\n|move|p1b: The Herta|Substitute|p1b: The Herta\n|-start|p1b: The Herta|Substitute\n|-damage|p1b: The Herta|76/100\n|move|p2a: Queen Fish|Muddy Water|p1b: The Herta|[spread] p1a,p1b\n|-supereffective|p1b: The Herta|1\n|-end|p1b: The Herta|Substitute\n|-damage|p1a: Sneasler|67/100\n|-unboost|p1a: Sneasler|accuracy|1\n|\n|upkeep\n|turn|2\n|\n|t:|1776158366\n|switch|p1b: Kingambit|Kingambit, L50, F|100/100\n|move|p1a: Sneasler|Dire Claw|p2b: Barney\n|-damage|p2b: Barney|76/100\n|move|p2b: Barney|Scale Shot|p1a: Sneasler\n|-damage|p1a: Sneasler|42/100\n|-damage|p1a: Sneasler|18/100\n|-damage|p1a: Sneasler|0 fnt\n|faint|p1a: Sneasler\n|-hitcount|p1: Sneasler|3\n|-unboost|p2b: Barney|def|1\n|-boost|p2b: Barney|spe|1\n|-enditem|p2b: Barney|White Herb\n|-clearnegativeboost|p2b: Barney|[silent]\n|move|p2a: Queen Fish|Muddy Water|p1b: Kingambit\n|-damage|p1b: Kingambit|69/100\n|\n|upkeep\n|\n|t:|1776158377\n|switch|p1a: Clefable|Clefable, L50, M|100/100\n|turn|3\n|\n|t:|1776158400\n|move|p1a: Clefable|Follow Me|p1a: Clefable\n|-singleturn|p1a: Clefable|move: Follow Me\n|move|p2b: Barney|Stomping Tantrum|p1a: Clefable\n|-damage|p1a: Clefable|79/100\n|move|p2a: Queen Fish|Muddy Water|p1a: Clefable|[spread] p1a,p1b\n|-damage|p1a: Clefable|56/100\n|-damage|p1b: Kingambit|48/100\n|move|p1b: Kingambit|Swords Dance|p1b: Kingambit\n|-boost|p1b: Kingambit|atk|2\n|\n|upkeep\n|turn|4\n|\n|t:|1776158419\n|move|p1a: Clefable|Helping Hand|p1b: Kingambit\n|-singleturn|p1b: Kingambit|Helping Hand|[of] p1a: Clefable\n|move|p1b: Kingambit|Sucker Punch|p2a: Queen Fish\n|-damage|p2a: Queen Fish|0 fnt\n|faint|p2a: Queen Fish\n|move|p2b: Barney|Rock Slide|p1b: Kingambit|[spread] p1a,p1b\n|-resisted|p1b: Kingambit|1\n|-crit|p1b: Kingambit\n|-damage|p1a: Clefable|38/100\n|-damage|p1b: Kingambit|35/100\n|-enditem|p1a: Clefable|Sitrus Berry|[eat]\n|-heal|p1a: Clefable|63/100|[from] item: Sitrus Berry\n|\n|upkeep\n|\n|t:|1776158440\n|switch|p2a: Wanda|Delphox, L50, F, shiny|100/100\n|turn|5\n|\n|t:|1776158478\n|detailschange|p2a: Wanda|Delphox-Mega, L50, F, shiny\n|-mega|p2a: Wanda|Delphox|Delphoxite\n|move|p1b: Kingambit|Sucker Punch||[still]\n|-fail|p1b: Kingambit\n|move|p2a: Wanda|Calm Mind|p2a: Wanda\n|-boost|p2a: Wanda|spa|1\n|-boost|p2a: Wanda|spd|1\n|move|p2b: Barney|Stomping Tantrum|p1b: Kingambit\n|-supereffective|p1b: Kingambit|1\n|-damage|p1b: Kingambit|0 fnt\n|faint|p1b: Kingambit\n|move|p1a: Clefable|Moonblast|p2b: Barney\n|-supereffective|p2b: Barney|1\n|-damage|p2b: Barney|10/100\n|\n|upkeep\n|\n|t:|1776158491\n|switch|p1b: The Herta|Delphox-Mega, L50, F|76/100\n|turn|6\n|\n|t:|1776158504\n|move|p1a: Clefable|Follow Me|p1a: Clefable\n|-singleturn|p1a: Clefable|move: Follow Me\n|move|p1b: The Herta|Heat Wave|p2b: Barney|[spread] p2a,p2b\n|-resisted|p2a: Wanda|1\n|-resisted|p2b: Barney|1\n|-damage|p2a: Wanda|87/100\n|-damage|p2b: Barney|0 fnt\n|faint|p2b: Barney\n|move|p2a: Wanda|Heat Wave|p1a: Clefable|[spread] p1a,p1b\n|-resisted|p1b: The Herta|1\n|-damage|p1a: Clefable|22/100\n|-damage|p1b: The Herta|44/100\n|-status|p1a: Clefable|brn\n|\n|-damage|p1a: Clefable|16/100 brn|[from] brn\n|upkeep\n|\n|t:|1776158517\n|switch|p2b: Sinistcha|Sinistcha, L50|100/100\n|-heal|p2a: Wanda|100/100|[from] ability: Hospitality|[of] p2b: Sinistcha\n|turn|7\n|\n|t:|1776158529\n|move|p1a: Clefable|Helping Hand|p1b: The Herta\n|-singleturn|p1b: The Herta|Helping Hand|[of] p1a: Clefable\n|move|p1b: The Herta|Heat Wave|p2b: Sinistcha|[spread] p2a,p2b\n|-resisted|p2a: Wanda|1\n|-supereffective|p2b: Sinistcha|1\n|-damage|p2a: Wanda|80/100\n|-damage|p2b: Sinistcha|0 fnt\n|faint|p2b: Sinistcha\n|move|p2a: Wanda|Heat Wave|p1b: The Herta|[spread] p1a,p1b\n|-resisted|p1b: The Herta|1\n|-damage|p1a: Clefable|0 fnt\n|-damage|p1b: The Herta|10/100\n|faint|p1a: Clefable\n|\n|upkeep\n|turn|8\n|\n|t:|1776158543\n|move|p1b: The Herta|Psychic|p2a: Wanda\n|-resisted|p2a: Wanda|1\n|-damage|p2a: Wanda|62/100\n|move|p2a: Wanda|Psychic|p1b: The Herta\n|-resisted|p1b: The Herta|1\n|-damage|p1b: The Herta|0 fnt\n|faint|p1b: The Herta\n|\n|win|DeltaWithADuck\n|raw|Jack Cbt's rating: 1126 &rarr; <strong>1095</strong><br />(-31 for losing)\n|raw|DeltaWithADuck's rating: 1045 &rarr; <strong>1086</strong><br />(+41 for winning)\n|l|\u2606Jack Cbt\n|player|p1|\n",
  "uploadtime": 1776158555,
  "views": 18,
  "formatid": "gen9championsvgc2026regma",
  "rating": 1086,
  "private": 0,
  "password": null
}