{
  "id": "gen9championsvgc2026regma-2584616888",
  "format": "[Gen 9 Champions] VGC 2026 Reg M-A",
  "players": [
    "360Yes",
    "cortekvgc"
  ],
  "log": "|j|\u2606360Yes\n|j|\u2606cortekvgc\n|t:|1776272366\n|gametype|doubles\n|player|p1|360Yes|benga|1071\n|player|p2|cortekvgc|170|1015\n|gen|9\n|tier|[Gen 9 Champions] VGC 2026 Reg M-A\n|rated|\n|rule|Species Clause: Limit one of each Pok\u00e9mon\n|rule|Item Clause: Limit 1 of each item\n|clearpoke\n|poke|p1|Floette-Eternal, L50, F|\n|poke|p1|Maushold-Four, L50|\n|poke|p1|Aerodactyl, L50, M|\n|poke|p1|Incineroar, L50, F|\n|poke|p1|Dragapult, L50, M|\n|poke|p1|Rotom-Wash, L50|\n|poke|p2|Charizard, L50, M|\n|poke|p2|Venusaur, L50, F|\n|poke|p2|Garchomp, L50, M|\n|poke|p2|Rotom-Wash, L50|\n|poke|p2|Sneasler, L50, M|\n|poke|p2|Incineroar, L50, F|\n|teampreview|4\n|inactive|Battle timer is ON: inactive players will automatically lose when time's up. (requested by cortekvgc)\n|\n|t:|1776272384\n|teamsize|p1|4\n|teamsize|p2|4\n|start\n|switch|p1a: Floette|Floette-Eternal, L50, F|100/100\n|switch|p1b: Maushold|Maushold-Four, L50|100/100\n|switch|p2a: Charizard|Charizard, L50, M|100/100\n|switch|p2b: Venusaur|Venusaur, L50, F|100/100\n|turn|1\n|\n|t:|1776272406\n|detailschange|p2a: Charizard|Charizard-Mega-Y, L50, M\n|-mega|p2a: Charizard|Charizard|Charizardite Y\n|-weather|SunnyDay|[from] ability: Drought|[of] p2a: Charizard\n|detailschange|p1a: Floette|Floette-Mega, L50, F\n|-mega|p1a: Floette|Floette|Floettite\n|-ability|p1a: Floette|Fairy Aura\n|move|p1a: Floette|Protect|p1a: Floette\n|-singleturn|p1a: Floette|Protect\n|move|p2b: Venusaur|Sludge Bomb|p1a: Floette\n|-activate|p1a: Floette|move: Protect\n|move|p2a: Charizard|Heat Wave|p1b: Maushold|[spread] \n|-activate|p1a: Floette|move: Protect\n|-miss|p2a: Charizard|p1b: Maushold\n|move|p1b: Maushold|Population Bomb|p2a: Charizard\n|-damage|p2a: Charizard|90/100\n|-damage|p2a: Charizard|78/100\n|-hitcount|p2a: Charizard|2\n|\n|-weather|SunnyDay|[upkeep]\n|upkeep\n|turn|2\n|inactive|360Yes has 30 seconds left.\n|inactive|cortekvgc has 30 seconds left.\n|inactive|360Yes has 20 seconds left.\n|inactive|360Yes has 15 seconds left.\n|inactive|360Yes has 10 seconds left.\n|\n|t:|1776272453\n|switch|p1a: Incineroar|Incineroar, L50, F|100/100\n|-ability|p1a: Incineroar|Intimidate|boost\n|-unboost|p2a: Charizard|atk|1\n|-unboost|p2b: Venusaur|atk|1\n|move|p2b: Venusaur|Sludge Bomb|p1a: Incineroar\n|-damage|p1a: Incineroar|71/100\n|move|p2a: Charizard|Heat Wave|p1b: Maushold|[spread] p1a,p1b\n|-resisted|p1a: Incineroar|1\n|-damage|p1a: Incineroar|51/100\n|-damage|p1b: Maushold|22/100\n|move|p1b: Maushold|Population Bomb|p2a: Charizard\n|-damage|p2a: Charizard|66/100\n|-damage|p2a: Charizard|56/100\n|-damage|p2a: Charizard|45/100\n|-hitcount|p2a: Charizard|3\n|\n|-weather|SunnyDay|[upkeep]\n|upkeep\n|turn|3\n|inactive|360Yes has 30 seconds left.\n|inactive|360Yes has 20 seconds left.\n|inactive|360Yes has 15 seconds left.\n|\n|t:|1776272495\n|switch|p2b: Garchomp|Garchomp, L50, M|100/100\n|move|p2a: Charizard|Protect|p2a: Charizard\n|-singleturn|p2a: Charizard|Protect\n|move|p1a: Incineroar|Fake Out|p2a: Charizard\n|-activate|p2a: Charizard|move: Protect\n|move|p1b: Maushold|Population Bomb|p2a: Charizard\n|-activate|p2a: Charizard|move: Protect\n|\n|-weather|SunnyDay|[upkeep]\n|upkeep\n|turn|4\n|inactive|cortekvgc has 30 seconds left.\n|inactive|cortekvgc has 20 seconds left.\n|\n|t:|1776272531\n|move|p1b: Maushold|Protect|p1b: Maushold\n|-singleturn|p1b: Maushold|Protect\n|move|p2b: Garchomp|Earthquake|p1a: Incineroar|[spread] p1a\n|-activate|p1b: Maushold|move: Protect\n|-immune|p2a: Charizard\n|-supereffective|p1a: Incineroar|1\n|-damage|p1a: Incineroar|0 fnt\n|faint|p1a: Incineroar\n|move|p2a: Charizard|Heat Wave|p1b: Maushold\n|-activate|p1b: Maushold|move: Protect\n|\n|-weather|SunnyDay|[upkeep]\n|upkeep\n|\n|t:|1776272538\n|switch|p1a: Aerodactyl|Aerodactyl, L50, M, shiny|100/100\n|-ability|p1a: Aerodactyl|Unnerve\n|turn|5\n|\n|t:|1776272551\n|switch|p2b: Sneasler|Sneasler, L50, M|100/100\n|switch|p2a: Venusaur|Venusaur, L50, F|100/100\n|move|p1b: Maushold|Helping Hand|p1a: Aerodactyl\n|-singleturn|p1a: Aerodactyl|Helping Hand|[of] p1b: Maushold\n|move|p1a: Aerodactyl|Rock Slide|p2a: Venusaur|[spread] p2a,p2b\n|-resisted|p2b: Sneasler|1\n|-damage|p2a: Venusaur|52/100\n|-damage|p2b: Sneasler|66/100\n|\n|-weather|none\n|upkeep\n|turn|6\n|\n|t:|1776272574\n|move|p1a: Aerodactyl|Protect|p1a: Aerodactyl\n|-singleturn|p1a: Aerodactyl|Protect\n|move|p1b: Maushold|Protect|p1b: Maushold\n|-singleturn|p1b: Maushold|Protect\n|move|p2b: Sneasler|Fake Out|p1b: Maushold\n|-activate|p1b: Maushold|move: Protect\n|move|p2a: Venusaur|Sleep Powder|p1a: Aerodactyl\n|-activate|p1a: Aerodactyl|move: Protect\n|\n|upkeep\n|turn|7\n|inactive|360Yes has 30 seconds left.\n|\n|t:|1776272600\n|move|p1b: Maushold|Helping Hand|p1a: Aerodactyl\n|-singleturn|p1a: Aerodactyl|Helping Hand|[of] p1b: Maushold\n|move|p1a: Aerodactyl|Rock Slide|p2a: Venusaur|[spread] p2a,p2b\n|-crit|p2a: Venusaur\n|-resisted|p2b: Sneasler|1\n|-damage|p2a: Venusaur|0 fnt\n|-damage|p2b: Sneasler|33/100\n|faint|p2a: Venusaur\n|cant|p2b: Sneasler|flinch\n|\n|upkeep\n|\n|t:|1776272610\n|switch|p2a: Garchomp|Garchomp, L50, M|100/100\n|turn|8\n|\n|t:|1776272625\n|move|p1b: Maushold|Protect|p1b: Maushold\n|-singleturn|p1b: Maushold|Protect\n|move|p2a: Garchomp|Dragon Claw|p1a: Aerodactyl\n|-damage|p1a: Aerodactyl|46/100\n|move|p1a: Aerodactyl|Tailwind|p1a: Aerodactyl\n|-sidestart|p1: 360Yes|move: Tailwind\n|move|p2b: Sneasler|Dire Claw|p1b: Maushold\n|-activate|p1b: Maushold|move: Protect\n|\n|upkeep\n|turn|9\n|\n|t:|1776272645\n|switch|p2b: Charizard|Charizard-Mega-Y, L50, M|45/100\n|-weather|SunnyDay|[from] ability: Drought|[of] p2b: Charizard\n|move|p1b: Maushold|Helping Hand|p1a: Aerodactyl\n|-singleturn|p1a: Aerodactyl|Helping Hand|[of] p1b: Maushold\n|move|p1a: Aerodactyl|Rock Slide|p2a: Garchomp|[spread] p2a,p2b\n|-resisted|p2a: Garchomp|1\n|-supereffective|p2b: Charizard|2\n|-damage|p2a: Garchomp|80/100\n|-damage|p2b: Charizard|0 fnt\n|faint|p2b: Charizard\n|cant|p2a: Garchomp|flinch\n|\n|-weather|SunnyDay|[upkeep]\n|upkeep\n|\n|t:|1776272657\n|switch|p2b: Sneasler|Sneasler, L50, M|33/100\n|turn|10\n|\n|t:|1776272662\n|move|p1a: Aerodactyl|Protect|p1a: Aerodactyl\n|-singleturn|p1a: Aerodactyl|Protect\n|move|p1b: Maushold|Protect|p1b: Maushold\n|-singleturn|p1b: Maushold|Protect\n|move|p2b: Sneasler|Fake Out|p1b: Maushold\n|-activate|p1b: Maushold|move: Protect\n|move|p2a: Garchomp|Dragon Claw|p1a: Aerodactyl\n|-activate|p1a: Aerodactyl|move: Protect\n|\n|-weather|SunnyDay|[upkeep]\n|upkeep\n|turn|11\n|\n|t:|1776272683\n|move|p1b: Maushold|Helping Hand|p1a: Aerodactyl\n|-singleturn|p1a: Aerodactyl|Helping Hand|[of] p1b: Maushold\n|move|p1a: Aerodactyl|Rock Slide|p2a: Garchomp|[spread] p2a,p2b\n|-resisted|p2a: Garchomp|1\n|-resisted|p2b: Sneasler|1\n|-damage|p2a: Garchomp|61/100\n|-damage|p2b: Sneasler|2/100\n|cant|p2a: Garchomp|flinch\n|cant|p2b: Sneasler|flinch\n|\n|-weather|SunnyDay|[upkeep]\n|-sideend|p1: 360Yes|move: Tailwind\n|upkeep\n|turn|12\n|c|\u2606360Yes|Omg lmao\n|inactive|360Yes has 30 seconds left.\n|\n|t:|1776272709\n|move|p1b: Maushold|Helping Hand|p1a: Aerodactyl\n|-singleturn|p1a: Aerodactyl|Helping Hand|[of] p1b: Maushold\n|move|p2a: Garchomp|Dragon Claw|p1b: Maushold\n|-damage|p1b: Maushold|0 fnt\n|faint|p1b: Maushold\n|move|p1a: Aerodactyl|Rock Slide|p2a: Garchomp|[spread] p2b\n|-miss|p1a: Aerodactyl|p2a: Garchomp\n|-resisted|p2b: Sneasler|1\n|-damage|p2b: Sneasler|0 fnt\n|faint|p2b: Sneasler\n|\n|-weather|SunnyDay|[upkeep]\n|upkeep\n|\n|t:|1776272720\n|switch|p1b: Floette|Floette-Mega, L50, F|100/100\n|-ability|p1b: Floette|Fairy Aura\n|turn|13\n|\n|t:|1776272726\n|move|p2a: Garchomp|Dragon Claw|p1a: Aerodactyl\n|-damage|p1a: Aerodactyl|0 fnt\n|faint|p1a: Aerodactyl\n|move|p1b: Floette|Moonblast|p2a: Garchomp\n|-supereffective|p2a: Garchomp|1\n|-damage|p2a: Garchomp|0 fnt\n|faint|p2a: Garchomp\n|\n|win|360Yes\n|raw|360Yes's rating: 1071 &rarr; <strong>1096</strong><br />(+25 for winning)\n|raw|cortekvgc's rating: 1015 &rarr; <strong>1005</strong><br />(-10 for losing)\n|c|\u2606360Yes|GG unlucky\n|l|\u2606cortekvgc\n|player|p2|\n|c|\u2606360Yes|\ud83d\ude2d\n",
  "uploadtime": 1776272743,
  "views": 15,
  "formatid": "gen9championsvgc2026regma",
  "rating": 1005,
  "private": 0,
  "password": null
}