{
  "id": "gen9championsvgc2026regma-2587117006",
  "format": "[Gen 9 Champions] VGC 2026 Reg M-A",
  "players": [
    "majayong03",
    "mrbluejello"
  ],
  "log": "|j|\u2606majayong03\n|j|\u2606mrbluejello\n|t:|1776495797\n|gametype|doubles\n|player|p1|majayong03|fisherman|1241\n|player|p2|mrbluejello|265|1267\n|gen|9\n|tier|[Gen 9 Champions] VGC 2026 Reg M-A\n|rated|\n|rule|Species Clause: Limit one of each Pok\u00e9mon\n|rule|Item Clause: Limit 1 of each item\n|clearpoke\n|poke|p1|Hatterene, L50, F|\n|poke|p1|Farigiraf, L50, F|\n|poke|p1|Incineroar, L50, F|\n|poke|p1|Chesnaught, L50, F|\n|poke|p1|Golurk, L50|\n|poke|p1|Whimsicott, L50, M|\n|poke|p2|Tyranitar, L50, M|\n|poke|p2|Excadrill, L50, F|\n|poke|p2|Garchomp, L50, M|\n|poke|p2|Aerodactyl, L50, M|\n|poke|p2|Gardevoir, L50, F|\n|poke|p2|Incineroar, L50, F|\n|teampreview|4\n|inactive|Battle timer is ON: inactive players will automatically lose when time's up. (requested by majayong03)\n|\n|t:|1776495853\n|teamsize|p1|4\n|teamsize|p2|4\n|start\n|switch|p1a: Farigiraf|Farigiraf, L50, F|100/100\n|switch|p1b: Hatterene|Hatterene, L50, F|100/100\n|switch|p2a: Tyranitar|Tyranitar, L50, M|100/100\n|switch|p2b: Gardevoir|Gardevoir, L50, F|100/100\n|-weather|Sandstorm|[from] ability: Sand Stream|[of] p2a: Tyranitar\n|turn|1\n|inactive|mrbluejello has 30 seconds left.\n|inactive|mrbluejello has 20 seconds left.\n|inactive|mrbluejello has 15 seconds left.\n|inactive|mrbluejello has 10 seconds left.\n|\n|t:|1776495903\n|move|p2b: Gardevoir|Moonblast|p1a: Farigiraf\n|-damage|p1a: Farigiraf|65/100\n|move|p2a: Tyranitar|Rock Slide|p1a: Farigiraf|[spread] p1a,p1b\n|-damage|p1a: Farigiraf|33/100\n|-damage|p1b: Hatterene|65/100\n|cant|p1b: Hatterene|flinch\n|cant|p1a: Farigiraf|flinch\n|\n|-weather|Sandstorm|[upkeep]\n|-damage|p2b: Gardevoir|95/100|[from] Sandstorm\n|-damage|p1a: Farigiraf|27/100|[from] Sandstorm\n|-damage|p1b: Hatterene|59/100|[from] Sandstorm\n|-heal|p1a: Farigiraf|33/100|[from] item: Leftovers\n|upkeep\n|turn|2\n|\n|t:|1776495924\n|switch|p1a: Chesnaught|Chesnaught, L50, F|100/100\n|move|p2b: Gardevoir|Moonblast|p1a: Chesnaught\n|-supereffective|p1a: Chesnaught|1\n|-damage|p1a: Chesnaught|0 fnt\n|faint|p1a: Chesnaught\n|move|p2a: Tyranitar|Rock Slide|p1b: Hatterene|[miss]\n|-miss|p2a: Tyranitar|p1b: Hatterene\n|move|p1b: Hatterene|Dazzling Gleam|p2b: Gardevoir|[spread] p2a,p2b\n|-supereffective|p2a: Tyranitar|1\n|-damage|p2a: Tyranitar|55/100\n|-damage|p2b: Gardevoir|47/100\n|\n|-weather|Sandstorm|[upkeep]\n|-damage|p2b: Gardevoir|41/100|[from] Sandstorm\n|-damage|p1b: Hatterene|53/100|[from] Sandstorm\n|upkeep\n|\n|t:|1776495938\n|switch|p1a: Incineroar|Incineroar, L50, F|100/100\n|-ability|p1a: Incineroar|Intimidate|boost\n|-unboost|p2a: Tyranitar|atk|1\n|-unboost|p2b: Gardevoir|atk|1\n|turn|3\n|inactive|mrbluejello has 30 seconds left.\n|\n|t:|1776495963\n|switch|p2a: Excadrill|Excadrill, L50, F|100/100\n|move|p1a: Incineroar|Fake Out|p2b: Gardevoir\n|-damage|p2b: Gardevoir|22/100\n|cant|p2b: Gardevoir|flinch\n|move|p1b: Hatterene|Dazzling Gleam|p2b: Gardevoir|[spread] p2a,p2b\n|-resisted|p2a: Excadrill|1\n|-damage|p2a: Excadrill|71/100\n|-damage|p2b: Gardevoir|0 fnt\n|faint|p2b: Gardevoir\n|\n|-weather|Sandstorm|[upkeep]\n|-damage|p1a: Incineroar|95/100|[from] Sandstorm\n|-damage|p1b: Hatterene|47/100|[from] Sandstorm\n|upkeep\n|\n|t:|1776495975\n|switch|p2b: Garchomp|Garchomp, L50, M|100/100\n|turn|4\n|\n|t:|1776495990\n|move|p1b: Hatterene|Protect|p1b: Hatterene\n|-singleturn|p1b: Hatterene|Protect\n|move|p2a: Excadrill|Iron Head|p1b: Hatterene\n|-activate|p1b: Hatterene|move: Protect\n|move|p2b: Garchomp|Stomping Tantrum|p1a: Incineroar\n|-supereffective|p1a: Incineroar|1\n|-damage|p1a: Incineroar|22/100\n|-enditem|p1a: Incineroar|Sitrus Berry|[eat]\n|-heal|p1a: Incineroar|47/100|[from] item: Sitrus Berry\n|move|p1a: Incineroar|Parting Shot|p2a: Excadrill\n|-unboost|p2a: Excadrill|atk|1\n|-unboost|p2a: Excadrill|spa|1\n|\n|t:|1776496002\n|switch|p1a: Farigiraf|Farigiraf, L50, F|33/100|[from] Parting Shot\n|\n|-weather|Sandstorm|[upkeep]\n|-damage|p1a: Farigiraf|27/100|[from] Sandstorm\n|-damage|p1b: Hatterene|41/100|[from] Sandstorm\n|-heal|p1a: Farigiraf|33/100|[from] item: Leftovers\n|upkeep\n|turn|5\n|\n|t:|1776496012\n|switch|p1b: Incineroar|Incineroar, L50, F|47/100\n|-ability|p1b: Incineroar|Intimidate|boost\n|-unboost|p2a: Excadrill|atk|1\n|-unboost|p2b: Garchomp|atk|1\n|move|p2a: Excadrill|Iron Head|p1b: Incineroar\n|-resisted|p1b: Incineroar|1\n|-damage|p1b: Incineroar|36/100\n|move|p2b: Garchomp|Stomping Tantrum|p1a: Farigiraf\n|-damage|p1a: Farigiraf|6/100\n|move|p1a: Farigiraf|Trick Room|p1a: Farigiraf\n|-fieldstart|move: Trick Room|[of] p1a: Farigiraf\n|\n|-weather|none\n|-heal|p1a: Farigiraf|12/100|[from] item: Leftovers\n|upkeep\n|turn|6\n|\n|t:|1776496032\n|switch|p2b: Tyranitar|Tyranitar, L50, M|55/100\n|-weather|Sandstorm|[from] ability: Sand Stream|[of] p2b: Tyranitar\n|move|p2a: Excadrill|Protect|p2a: Excadrill\n|-singleturn|p2a: Excadrill|Protect\n|move|p1a: Farigiraf|Hyper Voice|p2a: Excadrill|[spread] p2b\n|-activate|p2a: Excadrill|move: Protect\n|-resisted|p2b: Tyranitar|1\n|-damage|p2b: Tyranitar|47/100\n|move|p1b: Incineroar|Parting Shot|p2a: Excadrill\n|-activate|p2a: Excadrill|move: Protect\n|\n|-weather|Sandstorm|[upkeep]\n|-damage|p1a: Farigiraf|6/100|[from] Sandstorm\n|-damage|p1b: Incineroar|30/100|[from] Sandstorm\n|-heal|p1a: Farigiraf|12/100|[from] item: Leftovers\n|upkeep\n|turn|7\n|\n|t:|1776496055\n|move|p1a: Farigiraf|Psychic|p2a: Excadrill\n|-resisted|p2a: Excadrill|1\n|-damage|p2a: Excadrill|44/100\n|move|p1b: Incineroar|Flare Blitz|p2a: Excadrill\n|-supereffective|p2a: Excadrill|1\n|-damage|p2a: Excadrill|0 fnt\n|faint|p2a: Excadrill\n|-damage|p1b: Incineroar|16/100|[from] Recoil\n|move|p2b: Tyranitar|Rock Slide|p1a: Farigiraf|[spread] p1a,p1b\n|-supereffective|p1b: Incineroar|1\n|-damage|p1a: Farigiraf|0 fnt\n|-damage|p1b: Incineroar|0 fnt\n|faint|p1a: Farigiraf\n|faint|p1b: Incineroar\n|\n|-weather|Sandstorm|[upkeep]\n|upkeep\n|\n|t:|1776496069\n|switch|p1a: Hatterene|Hatterene, L50, F|41/100\n|switch|p2a: Garchomp|Garchomp, L50, M|100/100\n|turn|8\n|\n|t:|1776496082\n|detailschange|p2b: Tyranitar|Tyranitar-Mega, L50, M\n|-mega|p2b: Tyranitar|Tyranitar|Tyranitarite\n|move|p1a: Hatterene|Dazzling Gleam|p2b: Tyranitar|[spread] p2a,p2b\n|-supereffective|p2a: Garchomp|1\n|-supereffective|p2b: Tyranitar|1\n|-damage|p2a: Garchomp|10/100\n|-damage|p2b: Tyranitar|6/100\n|move|p2b: Tyranitar|Knock Off|p1a: Hatterene\n|-damage|p1a: Hatterene|0 fnt\n|-enditem|p1a: Hatterene|Fairy Feather|[from] move: Knock Off|[of] p2b: Tyranitar\n|faint|p1a: Hatterene\n|\n|win|mrbluejello\n|raw|majayong03's rating: 1241 &rarr; <strong>1218</strong><br />(-23 for losing)\n|raw|mrbluejello's rating: 1267 &rarr; <strong>1290</strong><br />(+23 for winning)\n|l|\u2606majayong03\n|player|p1|\n",
  "uploadtime": 1776496103,
  "views": 35,
  "formatid": "gen9championsvgc2026regma",
  "rating": 1218,
  "private": 0,
  "password": null
}