{
  "id": "gen9championsvgc2026regma-2583833208",
  "format": "[Gen 9 Champions] VGC 2026 Reg M-A",
  "players": [
    "bello99",
    "Avestruz4ever"
  ],
  "log": "|j|\u2606bello99\n|j|\u2606Avestruz4ever\n|t:|1776201265\n|gametype|doubles\n|player|p1|bello99|cyrus|1308\n|player|p2|Avestruz4ever|flannery|1280\n|gen|9\n|tier|[Gen 9 Champions] VGC 2026 Reg M-A\n|rated|\n|rule|Species Clause: Limit one of each Pok\u00e9mon\n|rule|Item Clause: Limit 1 of each item\n|clearpoke\n|poke|p1|Sneasler, L50, F|\n|poke|p1|Rotom-Wash, L50|\n|poke|p1|Whimsicott, L50, M|\n|poke|p1|Arcanine-Hisui, L50, F|\n|poke|p1|Dragapult, L50, F|\n|poke|p1|Gardevoir, L50, F|\n|poke|p2|Kangaskhan, L50, F|\n|poke|p2|Corviknight, L50, M|\n|poke|p2|Excadrill, L50, F|\n|poke|p2|Tyranitar, L50, M|\n|poke|p2|Sableye, L50, M|\n|poke|p2|Rotom-Wash, L50|\n|teampreview|4\n|inactive|Battle timer is ON: inactive players will automatically lose when time's up. (requested by bello99)\n|\n|t:|1776201319\n|teamsize|p1|4\n|teamsize|p2|4\n|start\n|switch|p1a: Rotom|Rotom-Wash, L50|100/100\n|switch|p1b: Whimsicott|Whimsicott, L50, M, shiny|100/100\n|switch|p2a: MUSSOLINI|Corviknight, L50, M, shiny|100/100\n|switch|p2b: Netanyaju/ARAUJO|Kangaskhan, L50, F, shiny|100/100\n|-ability|p2a: MUSSOLINI|Unnerve\n|turn|1\n|\n|t:|1776201337\n|move|p2b: Netanyaju/ARAUJO|Fake Out|p1b: Whimsicott\n|-damage|p1b: Whimsicott|84/100\n|cant|p1b: Whimsicott|flinch\n|move|p2a: MUSSOLINI|Tailwind|p2a: MUSSOLINI\n|-sidestart|p2: Avestruz4ever|move: Tailwind\n|move|p1a: Rotom|Will-O-Wisp|p2b: Netanyaju/ARAUJO\n|-status|p2b: Netanyaju/ARAUJO|brn\n|\n|-damage|p2b: Netanyaju/ARAUJO|94/100 brn|[from] brn\n|upkeep\n|turn|2\n|\n|t:|1776201351\n|move|p1b: Whimsicott|Tailwind|p1b: Whimsicott\n|-sidestart|p1: bello99|move: Tailwind\n|move|p2b: Netanyaju/ARAUJO|Drain Punch|p1a: Rotom\n|-damage|p1a: Rotom|90/100\n|-heal|p2b: Netanyaju/ARAUJO|99/100 brn|[from] drain|[of] p1a: Rotom\n|move|p2a: MUSSOLINI|Brave Bird|p1b: Whimsicott\n|-supereffective|p1b: Whimsicott|1\n|-damage|p1b: Whimsicott|0 fnt\n|faint|p1b: Whimsicott\n|-damage|p2a: MUSSOLINI|74/100|[from] Recoil\n|move|p1a: Rotom|Will-O-Wisp|p2a: MUSSOLINI\n|-status|p2a: MUSSOLINI|brn\n|\n|-heal|p1a: Rotom|95/100|[from] item: Leftovers\n|-damage|p2b: Netanyaju/ARAUJO|93/100 brn|[from] brn\n|-damage|p2a: MUSSOLINI|68/100 brn|[from] brn\n|upkeep\n|\n|t:|1776201371\n|switch|p1b: Arcanine|Arcanine-Hisui, L50, F|100/100\n|-ability|p1b: Arcanine|Intimidate|boost\n|-unboost|p2a: MUSSOLINI|atk|1\n|-fail|p2b: Netanyaju/ARAUJO|unboost|Attack|[from] ability: Scrappy|[of] p2b: Netanyaju/ARAUJO\n|turn|3\n|\n|t:|1776201386\n|move|p1b: Arcanine|Rock Slide|p2a: MUSSOLINI|[spread] p2a,p2b\n|-damage|p2a: MUSSOLINI|43/100 brn\n|-damage|p2b: Netanyaju/ARAUJO|63/100 brn\n|move|p2b: Netanyaju/ARAUJO|Drain Punch|p1b: Arcanine\n|-supereffective|p1b: Arcanine|1\n|-damage|p1b: Arcanine|71/100\n|-heal|p2b: Netanyaju/ARAUJO|77/100 brn|[from] drain|[of] p1b: Arcanine\n|move|p2a: MUSSOLINI|Iron Head|p1b: Arcanine\n|-damage|p1b: Arcanine|58/100\n|move|p1a: Rotom|Thunderbolt|p2a: MUSSOLINI\n|-supereffective|p2a: MUSSOLINI|1\n|-damage|p2a: MUSSOLINI|0 fnt\n|faint|p2a: MUSSOLINI\n|\n|-heal|p1a: Rotom|100/100|[from] item: Leftovers\n|-damage|p2b: Netanyaju/ARAUJO|71/100 brn|[from] brn\n|upkeep\n|n|!Avestruz4ever|avestruz4ever\n|\n|t:|1776201403\n|switch|p2a: ADOLF H|Tyranitar, L50, M|100/100\n|-weather|Sandstorm|[from] ability: Sand Stream|[of] p2a: ADOLF H\n|turn|4\n|\n|t:|1776201425\n|switch|p2b: TRUMP|Excadrill, L50, F, shiny|100/100\n|move|p2a: ADOLF H|Protect|p2a: ADOLF H\n|-singleturn|p2a: ADOLF H|Protect\n|move|p1b: Arcanine|Flare Blitz|p2b: TRUMP\n|-supereffective|p2b: TRUMP|1\n|-damage|p2b: TRUMP|0 fnt\n|faint|p2b: TRUMP\n|-damage|p1b: Arcanine|22/100|[from] Recoil\n|move|p1a: Rotom|Will-O-Wisp|p2a: ADOLF H\n|-activate|p2a: ADOLF H|move: Protect\n|\n|-weather|Sandstorm|[upkeep]\n|-damage|p1a: Rotom|95/100|[from] Sandstorm\n|-heal|p1a: Rotom|100/100|[from] item: Leftovers\n|-sideend|p2: Avestruz4ever|move: Tailwind\n|upkeep\n|\n|t:|1776201432\n|switch|p2b: Netanyaju/ARAUJO|Kangaskhan, L50, F, shiny|71/100 brn\n|turn|5\n|\n|t:|1776201450\n|move|p2b: Netanyaju/ARAUJO|Fake Out|p1a: Rotom\n|-damage|p1a: Rotom|92/100\n|move|p1b: Arcanine|Rock Slide|p2a: ADOLF H|[spread] p2a,p2b\n|-crit|p2b: Netanyaju/ARAUJO\n|-damage|p2a: ADOLF H|75/100\n|-damage|p2b: Netanyaju/ARAUJO|20/100 brn\n|cant|p1a: Rotom|flinch\n|move|p2a: ADOLF H|Rock Slide|p1a: Rotom|[spread] p1b\n|-miss|p2a: ADOLF H|p1a: Rotom\n|-supereffective|p1b: Arcanine|1\n|-damage|p1b: Arcanine|0 fnt\n|faint|p1b: Arcanine\n|\n|-weather|Sandstorm|[upkeep]\n|-damage|p1a: Rotom|86/100|[from] Sandstorm\n|-damage|p2b: Netanyaju/ARAUJO|14/100 brn|[from] Sandstorm\n|-heal|p1a: Rotom|92/100|[from] item: Leftovers\n|-damage|p2b: Netanyaju/ARAUJO|8/100 brn|[from] brn\n|-sideend|p1: bello99|move: Tailwind\n|upkeep\n|\n|t:|1776201467\n|switch|p1b: Sneasler|Sneasler, L50, F|100/100\n|turn|6\n|\n|t:|1776201480\n|detailschange|p2a: ADOLF H|Tyranitar-Mega, L50, M\n|-mega|p2a: ADOLF H|Tyranitar|Tyranitarite\n|move|p1b: Sneasler|Close Combat|p2a: ADOLF H\n|-supereffective|p2a: ADOLF H|2\n|-crit|p2a: ADOLF H\n|-damage|p2a: ADOLF H|0 fnt\n|-unboost|p1b: Sneasler|def|1\n|-unboost|p1b: Sneasler|spd|1\n|faint|p2a: ADOLF H\n|-enditem|p1b: Sneasler|White Herb\n|-clearnegativeboost|p1b: Sneasler|[silent]\n|move|p2b: Netanyaju/ARAUJO|Drain Punch|p1b: Sneasler\n|-resisted|p1b: Sneasler|1\n|-damage|p1b: Sneasler|91/100\n|-heal|p2b: Netanyaju/ARAUJO|13/100 brn|[from] drain|[of] p1b: Sneasler\n|move|p1a: Rotom|Thunderbolt|p2b: Netanyaju/ARAUJO\n|-damage|p2b: Netanyaju/ARAUJO|0 fnt\n|faint|p2b: Netanyaju/ARAUJO\n|\n|win|bello99\n",
  "uploadtime": 1776201394,
  "views": 14,
  "formatid": "gen9championsvgc2026regma",
  "rating": null,
  "private": 0,
  "password": null
}