{
  "id": "gen9championsvgc2026regma-2581682989",
  "format": "[Gen 9 Champions] VGC 2026 Reg M-A",
  "players": [
    "Anacardooooo",
    "ultimaweapon9999"
  ],
  "log": "|j|\u2606Anacardooooo\n|j|\u2606ultimaweapon9999\n|t:|1776020409\n|gametype|doubles\n|player|p1|Anacardooooo|2|1043\n|player|p2|ultimaweapon9999|101|1109\n|gen|9\n|tier|[Gen 9 Champions] VGC 2026 Reg M-A\n|rated|\n|rule|Species Clause: Limit one of each Pok\u00e9mon\n|rule|Item Clause: Limit 1 of each item\n|clearpoke\n|poke|p1|Incineroar, L50, M|\n|poke|p1|Sneasler, L50, M|\n|poke|p1|Garchomp, L50, F|\n|poke|p1|Gengar, L50, F|\n|poke|p1|Milotic, L50, M|\n|poke|p1|Vivillon, L50, M|\n|poke|p2|Drampa, L50, M|\n|poke|p2|Alakazam, L50, F|\n|poke|p2|Chandelure, L50, M|\n|poke|p2|Farigiraf, L50, F|\n|poke|p2|Sinistcha, L50|\n|poke|p2|Kingambit, L50, M|\n|teampreview|4\nAnacardooooo has agreed to open team sheets.\n|inactive|Battle timer is ON: inactive players will automatically lose when time's up. (requested by Anacardooooo)\n|inactive|ultimaweapon9999 has 60 seconds left.\n|\n|t:|1776020547\n|teamsize|p1|4\n|teamsize|p2|4\n|start\n|switch|p1a: Gengar|Gengar, L50, F|100/100\n|switch|p1b: Vivillon|Vivillon, L50, M|100/100\n|switch|p2a: Farigiraf|Farigiraf, L50, F|100/100\n|switch|p2b: Kingambit|Kingambit, L50, M|100/100\n|turn|1\n|inactive|ultimaweapon9999 has 30 seconds left.\n|inactive|ultimaweapon9999 has 20 seconds left.\n|inactive|ultimaweapon9999 has 15 seconds left.\n|inactive|ultimaweapon9999 has 10 seconds left.\n|inactive|ultimaweapon9999 has 5 seconds left.\n|\n|t:|1776020600\n|switch|p1a: Sneasler|Sneasler, L50, M|100/100\n|move|p1b: Vivillon|Sleep Powder|p2a: Farigiraf\n|-status|p2a: Farigiraf|slp|[from] move: Sleep Powder\n|move|p2b: Kingambit|Kowtow Cleave|p1a: Sneasler\n|-resisted|p1a: Sneasler|1\n|-damage|p1a: Sneasler|45/100\n|cant|p2a: Farigiraf|slp\n|\n|upkeep\n|turn|2\n|inactive|Anacardooooo has 30 seconds left.\n|inactive|Anacardooooo has 20 seconds left.\n|\n|t:|1776020636\n|move|p2b: Kingambit|Protect|p2b: Kingambit\n|-singleturn|p2b: Kingambit|Protect\n|move|p1a: Sneasler|Close Combat|p2b: Kingambit\n|-activate|p2b: Kingambit|move: Protect\n|move|p1b: Vivillon|Sleep Powder|p2b: Kingambit\n|-activate|p2b: Kingambit|move: Protect\n|-curestatus|p2a: Farigiraf|slp|[msg]\n|move|p2a: Farigiraf|Trick Room|p2a: Farigiraf\n|-fieldstart|move: Trick Room|[of] p2a: Farigiraf\n|\n|upkeep\n|turn|3\n|inactive|ultimaweapon9999 has 30 seconds left.\n|inactive|ultimaweapon9999 has 20 seconds left.\n|inactive|ultimaweapon9999 has 15 seconds left.\n|inactive|ultimaweapon9999 has 10 seconds left.\n|\n|t:|1776020686\n|move|p1a: Sneasler|Protect|p1a: Sneasler\n|-singleturn|p1a: Sneasler|Protect\n|move|p2b: Kingambit|Kowtow Cleave|p1a: Sneasler\n|-activate|p1a: Sneasler|move: Protect\n|move|p2a: Farigiraf|Hyper Voice|p1a: Sneasler|[spread] p1b\n|-activate|p1a: Sneasler|move: Protect\n|-damage|p1b: Vivillon|52/100\n|move|p1b: Vivillon|Sleep Powder|p2b: Kingambit\n|-status|p2b: Kingambit|slp|[from] move: Sleep Powder\n|\n|upkeep\n|turn|4\n|\n|t:|1776020706\n|switch|p2b: Chandelure|Chandelure, L50, M|100/100\n|move|p1b: Vivillon|Rage Powder|p1b: Vivillon\n|-singleturn|p1b: Vivillon|move: Rage Powder\n|move|p2a: Farigiraf|Hyper Voice|p1a: Sneasler|[spread] p1a,p1b\n|-damage|p1a: Sneasler|9/100\n|-damage|p1b: Vivillon|6/100\n|move|p1a: Sneasler|Close Combat|p2b: Chandelure\n|-immune|p2b: Chandelure\n|\n|upkeep\n|turn|5\n|inactive|ultimaweapon9999 has 30 seconds left.\n|\n|t:|1776020740\n|switch|p1a: Gengar|Gengar, L50, F|100/100\n|detailschange|p2b: Chandelure|Chandelure-Mega, L50, M\n|-mega|p2b: Chandelure|Chandelure|Chandelurite\n|move|p1b: Vivillon|Protect|p1b: Vivillon\n|-singleturn|p1b: Vivillon|Protect\n|move|p2a: Farigiraf|Hyper Voice|p1b: Vivillon|[spread] \n|-activate|p1b: Vivillon|move: Protect\n|-immune|p1a: Gengar\n|move|p2b: Chandelure|Heat Wave|p1a: Gengar|[spread] p1a\n|-activate|p1b: Vivillon|move: Protect\n|-damage|p1a: Gengar|21/100\n|-start|p2b: Chandelure|Disable|Heat Wave|[from] ability: Cursed Body|[of] p1a: Gengar\n|\n|upkeep\n|turn|6\n|inactive|Anacardooooo has 30 seconds left.\n|inactive|ultimaweapon9999 has 30 seconds left.\n|\n|t:|1776020775\n|detailschange|p1a: Gengar|Gengar-Mega, L50, F\n|-mega|p1a: Gengar|Gengar|Gengarite\n|move|p1a: Gengar|Protect|p1a: Gengar\n|-singleturn|p1a: Gengar|Protect\n|move|p2a: Farigiraf|Hyper Voice|p1a: Gengar|[spread] p1b\n|-activate|p1a: Gengar|move: Protect\n|-damage|p1b: Vivillon|0 fnt\n|faint|p1b: Vivillon\n|move|p2b: Chandelure|Calm Mind|p2b: Chandelure\n|-boost|p2b: Chandelure|spa|1\n|-boost|p2b: Chandelure|spd|1\n|\n|-fieldend|move: Trick Room\n|upkeep\n|\n|t:|1776020794\n|switch|p1b: Milotic|Milotic, L50, M|100/100\n|turn|7\n|\n|t:|1776020808\n|move|p2b: Chandelure|Protect|p2b: Chandelure\n|-singleturn|p2b: Chandelure|Protect\n|move|p1a: Gengar|Shadow Ball|p2b: Chandelure\n|-activate|p2b: Chandelure|move: Protect\n|move|p1b: Milotic|Scald|p2a: Farigiraf\n|-damage|p2a: Farigiraf|78/100\n|move|p2a: Farigiraf|Trick Room|p2a: Farigiraf\n|-fieldstart|move: Trick Room|[of] p2a: Farigiraf\n|\n|upkeep\n|turn|8\n|\n|t:|1776020829\n|move|p1a: Gengar|Protect|p1a: Gengar\n|-singleturn|p1a: Gengar|Protect\n|move|p2a: Farigiraf|Hyper Voice|p1b: Milotic|[spread] p1b\n|-activate|p1a: Gengar|move: Protect\n|-damage|p1b: Milotic|84/100\n|move|p1b: Milotic|Scald|p2b: Chandelure\n|-supereffective|p2b: Chandelure|1\n|-damage|p2b: Chandelure|68/100\n|move|p2b: Chandelure|Shadow Ball|p1a: Gengar\n|-activate|p1a: Gengar|move: Protect\n|\n|-heal|p1b: Milotic|90/100|[from] item: Leftovers\n|-end|p2b: Chandelure|Disable\n|upkeep\n|turn|9\n|inactive|Anacardooooo has 30 seconds left.\n|inactive|Anacardooooo has 20 seconds left.\n|\n|t:|1776020866\n|move|p2a: Farigiraf|Hyper Voice|p1a: Gengar|[spread] p1b\n|-immune|p1a: Gengar\n|-crit|p1b: Milotic\n|-damage|p1b: Milotic|69/100\n|move|p1b: Milotic|Scald|p2b: Chandelure\n|-supereffective|p2b: Chandelure|1\n|-damage|p2b: Chandelure|35/100\n|move|p2b: Chandelure|Shadow Ball|p1a: Gengar\n|-supereffective|p1a: Gengar|1\n|-damage|p1a: Gengar|0 fnt\n|faint|p1a: Gengar\n|\n|-heal|p1b: Milotic|75/100|[from] item: Leftovers\n|upkeep\n|\n|t:|1776020875\n|switch|p1a: Sneasler|Sneasler, L50, M|9/100\n|turn|10\n|inactive|ultimaweapon9999 has 30 seconds left.\n|inactive|ultimaweapon9999 has 20 seconds left.\n|\n|t:|1776020912\n|switch|p2a: Sinistcha|Sinistcha, L50|100/100\n|-heal|p2b: Chandelure|59/100|[from] ability: Hospitality|[of] p2a: Sinistcha\n|move|p1a: Sneasler|Protect|p1a: Sneasler\n|-singleturn|p1a: Sneasler|Protect\n|move|p1b: Milotic|Scald|p2b: Chandelure\n|-supereffective|p2b: Chandelure|1\n|-damage|p2b: Chandelure|29/100\n|move|p2b: Chandelure|Shadow Ball|p1b: Milotic\n|-damage|p1b: Milotic|30/100\n|\n|-heal|p1b: Milotic|36/100|[from] item: Leftovers\n|upkeep\n|turn|11\n|inactive|ultimaweapon9999 has 30 seconds left.\n|\n|t:|1776020937\n|move|p2b: Chandelure|Protect|p2b: Chandelure\n|-singleturn|p2b: Chandelure|Protect\n|move|p1a: Sneasler|Protect|p1a: Sneasler\n|-singleturn|p1a: Sneasler|Protect\n|move|p2a: Sinistcha|Matcha Gotcha|p1a: Sneasler|[spread] p1b\n|-activate|p1a: Sneasler|move: Protect\n|-supereffective|p1b: Milotic|1\n|-damage|p1b: Milotic|8/100\n|move|p1b: Milotic|Scald|p2b: Chandelure\n|-activate|p2b: Chandelure|move: Protect\n|\n|-heal|p1b: Milotic|14/100|[from] item: Leftovers\n|-fieldend|move: Trick Room\n|upkeep\n|turn|12\n|\n|t:|1776020956\n|move|p2a: Sinistcha|Rage Powder|p2a: Sinistcha\n|-singleturn|p2a: Sinistcha|move: Rage Powder\n|move|p1a: Sneasler|Dire Claw|p2a: Sinistcha\n|-damage|p2a: Sinistcha|61/100\n|move|p2b: Chandelure|Heat Wave|p1b: Milotic|[spread] p1a,p1b\n|-resisted|p1b: Milotic|1\n|-damage|p1a: Sneasler|0 fnt\n|-damage|p1b: Milotic|0 fnt\n|faint|p1a: Sneasler\n|faint|p1b: Milotic\n|\n|win|ultimaweapon9999\n|raw|Anacardooooo's rating: 1043 &rarr; <strong>1030</strong><br />(-13 for losing)\n|raw|ultimaweapon9999's rating: 1109 &rarr; <strong>1129</strong><br />(+20 for winning)\n",
  "uploadtime": 1776020965,
  "views": 17,
  "formatid": "gen9championsvgc2026regma",
  "rating": 1030,
  "private": 0,
  "password": null
}