{
  "id": "gen9championsvgc2026regma-2582485492",
  "format": "[Gen 9 Champions] VGC 2026 Reg M-A",
  "players": [
    "SpikeMike",
    "chickencharlamagne"
  ],
  "log": "|j|\u2606SpikeMike\n|j|\u2606chickencharlamagne\n|t:|1776094725\n|gametype|doubles\n|player|p1|SpikeMike|molayne|1303\n|player|p2|chickencharlamagne|169|1342\n|gen|9\n|tier|[Gen 9 Champions] VGC 2026 Reg M-A\n|rated|\n|rule|Species Clause: Limit one of each Pok\u00e9mon\n|rule|Item Clause: Limit 1 of each item\n|clearpoke\n|poke|p1|Kangaskhan, L50, F|\n|poke|p1|Farigiraf, L50, F|\n|poke|p1|Basculegion, L50, M|\n|poke|p1|Talonflame, L50, M|\n|poke|p1|Sneasler, L50, F|\n|poke|p1|Sylveon, L50, F|\n|poke|p2|Goodra-Hisui, L50, M|\n|poke|p2|Aromatisse, L50, F|\n|poke|p2|Incineroar, L50, M|\n|poke|p2|Scovillain, L50, F|\n|poke|p2|Basculegion-F, L50, F|\n|poke|p2|Sneasler, L50, F|\n|teampreview|4\n|inactive|Battle timer is ON: inactive players will automatically lose when time's up. (requested by SpikeMike)\n|\n|t:|1776094755\n|teamsize|p1|4\n|teamsize|p2|4\n|start\n|switch|p1a: Kangaskhan|Kangaskhan, L50, F, shiny|100/100\n|switch|p1b: Farigiraf|Farigiraf, L50, F, shiny|100/100\n|switch|p2a: Scovillain|Scovillain, L50, F|100/100\n|switch|p2b: Aromatisse|Aromatisse, L50, F, shiny|100/100\n|turn|1\n|inactive|chickencharlamagne has 30 seconds left.\n|\n|t:|1776094783\n|detailschange|p2a: Scovillain|Scovillain-Mega, L50, F\n|-mega|p2a: Scovillain|Scovillain|Scovillainite\n|move|p1a: Kangaskhan|Fake Out|p2b: Aromatisse\n|-damage|p2b: Aromatisse|83/100\n|move|p2a: Scovillain|Overheat|p1b: Farigiraf|[miss]\n|-miss|p2a: Scovillain|p1b: Farigiraf\n|cant|p2b: Aromatisse|flinch\n|move|p1b: Farigiraf|Trick Room|p1b: Farigiraf\n|-fieldstart|move: Trick Room|[of] p1b: Farigiraf\n|\n|upkeep\n|turn|2\n|\n|t:|1776094807\n|detailschange|p1a: Kangaskhan|Kangaskhan-Mega, L50, F, shiny\n|-mega|p1a: Kangaskhan|Kangaskhan|Kangaskhanite\n|move|p2a: Scovillain|Rage Powder|p2a: Scovillain\n|-singleturn|p2a: Scovillain|move: Rage Powder\n|move|p2b: Aromatisse|Moonblast|p1b: Farigiraf\n|-damage|p1b: Farigiraf|64/100\n|move|p1b: Farigiraf|Psychic|p2a: Scovillain\n|-damage|p2a: Scovillain|62/100\n|-status|p1b: Farigiraf|brn|[from] ability: Spicy Spray|[of] p2a: Scovillain\n|move|p1a: Kangaskhan|Double-Edge|p2a: Scovillain\n|-damage|p2a: Scovillain|0 fnt\n|-status|p1a: Kangaskhan|brn|[from] ability: Spicy Spray|[of] p2a: Scovillain\n|faint|p2a: Scovillain\n|-hitcount|p2: Scovillain|1\n|-damage|p1a: Kangaskhan|84/100 brn|[from] Recoil\n|\n|-damage|p1b: Farigiraf|58/100 brn|[from] brn\n|-damage|p1a: Kangaskhan|78/100 brn|[from] brn\n|upkeep\n|\n|t:|1776094823\n|switch|p2a: Goodra|Goodra-Hisui, L50, M|100/100\n|turn|3\n|\n|t:|1776094836\n|move|p2b: Aromatisse|Aromatic Mist|p2a: Goodra\n|-boost|p2a: Goodra|spd|1\n|move|p2a: Goodra|Shelter|p2a: Goodra\n|-boost|p2a: Goodra|def|2\n|move|p1b: Farigiraf|Psychic|p2b: Aromatisse\n|-damage|p2b: Aromatisse|51/100\n|move|p1a: Kangaskhan|Double-Edge|p2b: Aromatisse\n|-damage|p2b: Aromatisse|17/100\n|-enditem|p2b: Aromatisse|Sitrus Berry|[eat]\n|-heal|p2b: Aromatisse|42/100|[from] item: Sitrus Berry\n|-damage|p2b: Aromatisse|34/100\n|-hitcount|p2b: Aromatisse|2\n|-damage|p1a: Kangaskhan|64/100 brn|[from] Recoil\n|\n|-damage|p1b: Farigiraf|52/100 brn|[from] brn\n|-damage|p1a: Kangaskhan|58/100 brn|[from] brn\n|upkeep\n|turn|4\n|\n|t:|1776094853\n|move|p2b: Aromatisse|Aromatic Mist|p2a: Goodra\n|-boost|p2a: Goodra|spd|1\n|move|p2a: Goodra|Shelter|p2a: Goodra\n|-boost|p2a: Goodra|def|2\n|move|p1b: Farigiraf|Psychic|p2b: Aromatisse\n|-damage|p2b: Aromatisse|3/100\n|move|p1a: Kangaskhan|Double-Edge|p2b: Aromatisse\n|-damage|p2b: Aromatisse|0 fnt\n|faint|p2b: Aromatisse\n|-hitcount|p2: Aromatisse|1\n|-damage|p1a: Kangaskhan|57/100 brn|[from] Recoil\n|\n|-damage|p1b: Farigiraf|46/100 brn|[from] brn\n|-damage|p1a: Kangaskhan|51/100 brn|[from] brn\n|upkeep\n|\n|t:|1776094866\n|switch|p2b: Sneasler|Sneasler, L50, F|100/100\n|turn|5\n|\n|t:|1776094875\n|move|p2b: Sneasler|Protect|p2b: Sneasler\n|-singleturn|p2b: Sneasler|Protect\n|move|p1b: Farigiraf|Psychic|p2b: Sneasler\n|-activate|p2b: Sneasler|move: Protect\n|move|p2a: Goodra|Body Press|p1b: Farigiraf\n|-damage|p1b: Farigiraf|0 fnt\n|faint|p1b: Farigiraf\n|move|p1a: Kangaskhan|Drain Punch|p2a: Goodra\n|-supereffective|p2a: Goodra|1\n|-damage|p2a: Goodra|93/100\n|-heal|p1a: Kangaskhan|54/100 brn|[from] drain|[of] p2a: Goodra\n|-supereffective|p2a: Goodra|1\n|-damage|p2a: Goodra|91/100\n|-heal|p1a: Kangaskhan|55/100 brn|[from] drain|[of] p2a: Goodra\n|-hitcount|p2a: Goodra|2\n|\n|-damage|p1a: Kangaskhan|49/100 brn|[from] brn\n|-fieldend|move: Trick Room\n|upkeep\n|\n|t:|1776094892\n|switch|p1b: Basculegion|Basculegion, L50, M, shiny|100/100\n|turn|6\n|\n|t:|1776094908\n|move|p2b: Sneasler|Close Combat|p1a: Kangaskhan\n|-supereffective|p1a: Kangaskhan|1\n|-damage|p1a: Kangaskhan|0 fnt\n|-unboost|p2b: Sneasler|def|1\n|-unboost|p2b: Sneasler|spd|1\n|faint|p1a: Kangaskhan\n|-enditem|p2b: Sneasler|White Herb\n|-clearnegativeboost|p2b: Sneasler|[silent]\n|move|p1b: Basculegion|Wave Crash|p2b: Sneasler\n|-damage|p2b: Sneasler|0 fnt\n|faint|p2b: Sneasler\n|-damage|p1b: Basculegion|77/100|[from] Recoil\n|move|p2a: Goodra|Heavy Slam|p1b: Basculegion\n|-resisted|p1b: Basculegion|1\n|-damage|p1b: Basculegion|60/100\n|\n|upkeep\n|\n|t:|1776094919\n|switch|p1a: Sylveon|Sylveon, L50, F|100/100\n|turn|7\n|\n|t:|1776094933\n|move|p1b: Basculegion|Last Respects|p2a: Goodra\n|-damage|p2a: Goodra|62/100\n|move|p1a: Sylveon|Hyper Voice|p2a: Goodra\n|-damage|p2a: Goodra|42/100\n|move|p2a: Goodra|Heavy Slam|p1a: Sylveon\n|-supereffective|p1a: Sylveon|1\n|-damage|p1a: Sylveon|0 fnt\n|faint|p1a: Sylveon\n|\n|upkeep\n|turn|8\n|\n|t:|1776094946\n|move|p1b: Basculegion|Last Respects|p2a: Goodra\n|-damage|p2a: Goodra|8/100\n|move|p2a: Goodra|Rest|p2a: Goodra\n|-status|p2a: Goodra|slp|[from] move: Rest\n|-heal|p2a: Goodra|100/100 slp|[silent]\n|-enditem|p2a: Goodra|Chesto Berry|[eat]\n|-curestatus|p2a: Goodra|slp|[msg]\n|\n|upkeep\n|turn|9\n|\n|t:|1776094959\n|move|p1b: Basculegion|Last Respects|p2a: Goodra\n|-damage|p2a: Goodra|67/100\n|move|p2a: Goodra|Shelter|p2a: Goodra\n|-boost|p2a: Goodra|def|2\n|\n|upkeep\n|turn|10\n|\n|t:|1776094969\n|move|p1b: Basculegion|Last Respects|p2a: Goodra\n|-damage|p2a: Goodra|41/100\n|move|p2a: Goodra|Heavy Slam|p1b: Basculegion\n|-resisted|p1b: Basculegion|1\n|-damage|p1b: Basculegion|45/100\n|\n|upkeep\n|turn|11\n|\n|t:|1776094978\n|move|p1b: Basculegion|Last Respects|p2a: Goodra\n|-damage|p2a: Goodra|14/100\n|move|p2a: Goodra|Rest|p2a: Goodra\n|-status|p2a: Goodra|slp|[from] move: Rest\n|-heal|p2a: Goodra|100/100 slp|[silent]\n|\n|upkeep\n|turn|12\n|\n|t:|1776094986\n|move|p1b: Basculegion|Last Respects|p2a: Goodra\n|-damage|p2a: Goodra|76/100 slp\n|cant|p2a: Goodra|slp\n|\n|upkeep\n|turn|13\n|\n|t:|1776094993\n|move|p1b: Basculegion|Last Respects|p2a: Goodra\n|-damage|p2a: Goodra|50/100 slp\n|cant|p2a: Goodra|slp\n|\n|upkeep\n|turn|14\n|\n|t:|1776095000\n|move|p1b: Basculegion|Last Respects|p2a: Goodra\n|-damage|p2a: Goodra|22/100 slp\n|-curestatus|p2a: Goodra|slp|[msg]\n|move|p2a: Goodra|Rest|p2a: Goodra\n|-status|p2a: Goodra|slp|[from] move: Rest\n|-heal|p2a: Goodra|100/100 slp|[silent]\n|\n|upkeep\n|turn|15\n|\n|t:|1776095009\n|move|p1b: Basculegion|Last Respects|p2a: Goodra\n|-damage|p2a: Goodra|72/100 slp\n|cant|p2a: Goodra|slp\n|\n|upkeep\n|turn|16\n|\n|t:|1776095015\n|move|p1b: Basculegion|Last Respects|p2a: Goodra\n|-damage|p2a: Goodra|44/100 slp\n|cant|p2a: Goodra|slp\n|\n|upkeep\n|turn|17\n|\n|t:|1776095020\n|move|p1b: Basculegion|Last Respects|p2a: Goodra\n|-damage|p2a: Goodra|18/100 slp\n|-curestatus|p2a: Goodra|slp|[msg]\n|move|p2a: Goodra|Rest|p2a: Goodra\n|-status|p2a: Goodra|slp|[from] move: Rest\n|-heal|p2a: Goodra|100/100 slp|[silent]\n|\n|upkeep\n|turn|18\n|\n|t:|1776095032\n|move|p1b: Basculegion|Last Respects|p2a: Goodra\n|-damage|p2a: Goodra|73/100 slp\n|cant|p2a: Goodra|slp\n|\n|upkeep\n|turn|19\n|\n|t:|1776095040\n|move|p1b: Basculegion|Wave Crash|p2a: Goodra\n|-resisted|p2a: Goodra|1\n|-damage|p2a: Goodra|64/100 slp\n|-damage|p1b: Basculegion|42/100|[from] Recoil\n|cant|p2a: Goodra|slp\n|\n|upkeep\n|turn|20\n|\n|t:|1776095049\n|move|p1b: Basculegion|Wave Crash|p2a: Goodra\n|-resisted|p2a: Goodra|1\n|-damage|p2a: Goodra|54/100 slp\n|-damage|p1b: Basculegion|40/100|[from] Recoil\n|-curestatus|p2a: Goodra|slp|[msg]\n|move|p2a: Goodra|Heavy Slam|p1b: Basculegion\n|-resisted|p1b: Basculegion|1\n|-damage|p1b: Basculegion|24/100\n|\n|upkeep\n|turn|21\n|\n|t:|1776095061\n|move|p1b: Basculegion|Wave Crash|p2a: Goodra\n|-resisted|p2a: Goodra|1\n|-damage|p2a: Goodra|44/100\n|-damage|p1b: Basculegion|21/100|[from] Recoil\n|move|p2a: Goodra|Heavy Slam|p1b: Basculegion\n|-resisted|p1b: Basculegion|1\n|-damage|p1b: Basculegion|6/100\n|\n|upkeep\n|turn|22\n|\n|t:|1776095070\n|move|p1b: Basculegion|Wave Crash|p2a: Goodra\n|-resisted|p2a: Goodra|1\n|-damage|p2a: Goodra|33/100\n|-damage|p1b: Basculegion|3/100|[from] Recoil\n|move|p2a: Goodra|Heavy Slam|p1b: Basculegion\n|-resisted|p1b: Basculegion|1\n|-damage|p1b: Basculegion|0 fnt\n|faint|p1b: Basculegion\n|\n|win|chickencharlamagne\n|raw|SpikeMike's rating: 1303 &rarr; <strong>1285</strong><br />(-18 for losing)\n|raw|chickencharlamagne's rating: 1342 &rarr; <strong>1360</strong><br />(+18 for winning)\n",
  "uploadtime": 1776095078,
  "views": 28,
  "formatid": "gen9championsvgc2026regma",
  "rating": 1285,
  "private": 0,
  "password": null
}