{
  "id": "gen9championsvgc2026regma-2585445647",
  "format": "[Gen 9 Champions] VGC 2026 Reg M-A",
  "players": [
    "no1.pokemon",
    "1Neku"
  ],
  "log": "|j|\u2606no1.pokemon\n|j|\u26061Neku\n|t:|1776347806\n|gametype|doubles\n|player|p1|no1.pokemon|alec-anime|1112\n|player|p2|1Neku|265|1125\n|gen|9\n|tier|[Gen 9 Champions] VGC 2026 Reg M-A\n|rated|\n|rule|Species Clause: Limit one of each Pok\u00e9mon\n|rule|Item Clause: Limit 1 of each item\n|clearpoke\n|poke|p1|Garchomp, L50, M|\n|poke|p1|Whimsicott, L50, M|\n|poke|p1|Incineroar, L50, F|\n|poke|p1|Charizard, L50, F|\n|poke|p1|Venusaur, L50, F|\n|poke|p1|Milotic, L50, F|\n|poke|p2|Pelipper, L50, F|\n|poke|p2|Basculegion, L50, M|\n|poke|p2|Sinistcha, L50|\n|poke|p2|Archaludon, L50, F|\n|poke|p2|Sneasler, L50, F|\n|poke|p2|Dragonite, L50, F|\n|teampreview|4\n|inactive|Battle timer is ON: inactive players will automatically lose when time's up. (requested by no1.pokemon)\n|\n|t:|1776347831\n|teamsize|p1|4\n|teamsize|p2|4\n|start\n|switch|p1a: Whimsicott|Whimsicott, L50, M, shiny|100/100\n|switch|p1b: Incineroar|Incineroar, L50, F, shiny|100/100\n|switch|p2a: Pelipper|Pelipper, L50, F, shiny|100/100\n|switch|p2b: Sneasler|Sneasler, L50, F|100/100\n|-weather|RainDance|[from] ability: Drizzle|[of] p2a: Pelipper\n|-ability|p1b: Incineroar|Intimidate|boost\n|-unboost|p2a: Pelipper|atk|1\n|-unboost|p2b: Sneasler|atk|1\n|-enditem|p2b: Sneasler|White Herb\n|-clearnegativeboost|p2b: Sneasler|[silent]\n|turn|1\n|\n|t:|1776347848\n|move|p2b: Sneasler|Fake Out|p1b: Incineroar\n|-damage|p1b: Incineroar|85/100\n|cant|p1b: Incineroar|flinch\n|move|p1a: Whimsicott|Sunny Day|p1a: Whimsicott\n|-weather|SunnyDay\n|move|p2a: Pelipper|Tailwind|p2a: Pelipper\n|-sidestart|p2: 1Neku|move: Tailwind\n|\n|-weather|SunnyDay|[upkeep]\n|upkeep\n|turn|2\n|\n|t:|1776347864\n|move|p1a: Whimsicott|Tailwind|p1a: Whimsicott\n|-sidestart|p1: no1.pokemon|move: Tailwind\n|move|p2b: Sneasler|Close Combat|p1b: Incineroar\n|-supereffective|p1b: Incineroar|1\n|-damage|p1b: Incineroar|0 fnt\n|-unboost|p2b: Sneasler|def|1\n|-unboost|p2b: Sneasler|spd|1\n|faint|p1b: Incineroar\n|move|p2a: Pelipper|Weather Ball|p1a: Whimsicott\n|-supereffective|p1a: Whimsicott|1\n|-enditem|p1a: Whimsicott|Focus Sash\n|-damage|p1a: Whimsicott|1/100\n|\n|-weather|SunnyDay|[upkeep]\n|upkeep\n|\n|t:|1776347888\n|switch|p1b: Garchomp|Garchomp, L50, M|100/100\n|turn|3\n|inactive|1Neku has 30 seconds left.\n|\n|t:|1776347919\n|switch|p1a: Charizard|Charizard, L50, F, shiny|100/100\n|switch|p2a: Archaludon|Archaludon, L50, F|100/100\n|move|p2b: Sneasler|Dire Claw|p1a: Charizard\n|-damage|p1a: Charizard|36/100\n|move|p1b: Garchomp|Scale Shot|p2b: Sneasler\n|-damage|p2b: Sneasler|65/100\n|-damage|p2b: Sneasler|32/100\n|-damage|p2b: Sneasler|0 fnt\n|faint|p2b: Sneasler\n|-hitcount|p2: Sneasler|3\n|-unboost|p1b: Garchomp|def|1\n|-boost|p1b: Garchomp|spe|1\n|-enditem|p1b: Garchomp|White Herb\n|-clearnegativeboost|p1b: Garchomp|[silent]\n|\n|-weather|SunnyDay|[upkeep]\n|-damage|p1a: Charizard|24/100|[from] ability: Solar Power|[of] p1a: Charizard\n|upkeep\n|inactive|1Neku has 30 seconds left.\n|\n|t:|1776347946\n|switch|p2b: Basculegion|Basculegion, L50, M|100/100\n|turn|4\n|\n|t:|1776347969\n|detailschange|p1a: Charizard|Charizard-Mega-Y, L50, F, shiny\n|-mega|p1a: Charizard|Charizard|Charizardite Y\n|move|p2a: Archaludon|Protect|p2a: Archaludon\n|-singleturn|p2a: Archaludon|Protect\n|move|p2b: Basculegion|Aqua Jet|p1a: Charizard\n|-supereffective|p1a: Charizard|1\n|-crit|p1a: Charizard\n|-damage|p1a: Charizard|0 fnt\n|faint|p1a: Charizard\n|move|p1b: Garchomp|Rock Slide|p2a: Archaludon|[spread] p2b\n|-activate|p2a: Archaludon|move: Protect\n|-damage|p2b: Basculegion|77/100\n|\n|-weather|SunnyDay|[upkeep]\n|-sideend|p2: 1Neku|move: Tailwind\n|upkeep\n|\n|t:|1776347980\n|switch|p1a: Whimsicott|Whimsicott, L50, M, shiny|1/100\n|turn|5\n|\n|t:|1776347988\n|switch|p2a: Pelipper|Pelipper, L50, F, shiny|100/100\n|-weather|RainDance|[from] ability: Drizzle|[of] p2a: Pelipper\n|move|p2b: Basculegion|Aqua Jet|p1a: Whimsicott\n|-resisted|p1a: Whimsicott|1\n|-damage|p1a: Whimsicott|0 fnt\n|faint|p1a: Whimsicott\n|move|p1b: Garchomp|Scale Shot|p2b: Basculegion\n|-damage|p2b: Basculegion|59/100\n|-damage|p2b: Basculegion|44/100\n|-damage|p2b: Basculegion|26/100\n|-hitcount|p2b: Basculegion|3\n|-unboost|p1b: Garchomp|def|1\n|-boost|p1b: Garchomp|spe|1\n|\n|-weather|RainDance|[upkeep]\n|-sideend|p1: no1.pokemon|move: Tailwind\n|upkeep\n|turn|6\n|inactive|1Neku has 30 seconds left.\n|\n|t:|1776348019\n|switch|p2b: Archaludon|Archaludon, L50, F|100/100\n|move|p1b: Garchomp|Rock Slide|p2a: Pelipper|[spread] p2a\n|-miss|p1b: Garchomp|p2b: Archaludon\n|-supereffective|p2a: Pelipper|1\n|-damage|p2a: Pelipper|44/100\n|cant|p2a: Pelipper|flinch\n|\n|-weather|RainDance|[upkeep]\n|upkeep\n|turn|7\n|inactive|1Neku has 30 seconds left.\n|\n|t:|1776348049\n|move|p1b: Garchomp|Rock Slide|p2a: Pelipper|[spread] p2a,p2b\n|-supereffective|p2a: Pelipper|1\n|-resisted|p2b: Archaludon|1\n|-damage|p2a: Pelipper|0 fnt\n|-damage|p2b: Archaludon|94/100\n|-ability|p2b: Archaludon|Stamina|boost\n|-boost|p2b: Archaludon|def|1\n|faint|p2a: Pelipper\n|cant|p2b: Archaludon|flinch\n|\n|-weather|RainDance|[upkeep]\n|-heal|p2b: Archaludon|99/100|[from] item: Leftovers\n|upkeep\n|\n|t:|1776348060\n|switch|p2a: Basculegion|Basculegion, L50, M|26/100\n|turn|8\n|\n|t:|1776348065\n|move|p1b: Garchomp|Protect|p1b: Garchomp\n|-singleturn|p1b: Garchomp|Protect\n|move|p2a: Basculegion|Last Respects|p1b: Garchomp\n|-activate|p1b: Garchomp|move: Protect\n|move|p2b: Archaludon|Draco Meteor|p1b: Garchomp\n|-activate|p1b: Garchomp|move: Protect\n|\n|-weather|RainDance|[upkeep]\n|-heal|p2b: Archaludon|100/100|[from] item: Leftovers\n|upkeep\n|turn|9\n|\n|t:|1776348078\n|move|p2a: Basculegion|Last Respects|p1b: Garchomp\n|-damage|p1b: Garchomp|0 fnt\n|faint|p1b: Garchomp\n|\n|win|1Neku\n|raw|no1.pokemon's rating: 1137 &rarr; <strong>1111</strong><br />(-26 for losing)\n|raw|1Neku's rating: 1125 &rarr; <strong>1151</strong><br />(+26 for winning)\n",
  "uploadtime": 1776348091,
  "views": 40,
  "formatid": "gen9championsvgc2026regma",
  "rating": 1111,
  "private": 0,
  "password": null
}