{
  "id": "gen9championsvgc2026regma-2584076252",
  "format": "[Gen 9 Champions] VGC 2026 Reg M-A",
  "players": [
    "Pikachar2",
    "jingming"
  ],
  "log": "|j|\u2606Pikachar2\n|j|\u2606jingming\n|t:|1776222711\n|gametype|doubles\n|player|p1|Pikachar2|hilbert|1243\n|player|p2|jingming|nate|1194\n|gen|9\n|tier|[Gen 9 Champions] VGC 2026 Reg M-A\n|rated|\n|rule|Species Clause: Limit one of each Pok\u00e9mon\n|rule|Item Clause: Limit 1 of each item\n|clearpoke\n|poke|p1|Kangaskhan, L50, F|\n|poke|p1|Arcanine, L50, M|\n|poke|p1|Basculegion, L50, M|\n|poke|p1|Aerodactyl, L50, F|\n|poke|p1|Rotom-Mow, L50|\n|poke|p1|Ninetales-Alola, L50, F|\n|poke|p2|Sneasler, L50, F|\n|poke|p2|Incineroar, L50, M|\n|poke|p2|Corviknight, L50, M|\n|poke|p2|Dragonite, L50, F|\n|poke|p2|Garchomp, L50, M|\n|poke|p2|Greninja-*, L50, F|\n|teampreview|4\n|inactive|Battle timer is ON: inactive players will automatically lose when time's up. (requested by Pikachar2)\n|inactive|Pikachar2 has 60 seconds left.\n|inactive|jingming has 60 seconds left.\n|\n|t:|1776222752\n|teamsize|p1|4\n|teamsize|p2|4\n|start\n|switch|p1a: Kangaskhan|Kangaskhan, L50, F|100/100\n|switch|p1b: Ninetales|Ninetales-Alola, L50, F|100/100\n|switch|p2a: Incineroar|Incineroar, L50, M|100/100\n|switch|p2b: Garchomp|Garchomp, L50, M|100/100\n|-weather|Snowscape|[from] ability: Snow Warning|[of] p1b: Ninetales\n|-ability|p2a: Incineroar|Intimidate|boost\n|-fail|p1a: Kangaskhan|unboost|Attack|[from] ability: Inner Focus|[of] p1a: Kangaskhan\n|-unboost|p1b: Ninetales|atk|1\n|turn|1\n|\n|t:|1776222770\n|detailschange|p1a: Kangaskhan|Kangaskhan-Mega, L50, F\n|-mega|p1a: Kangaskhan|Kangaskhan|Kangaskhanite\n|move|p1a: Kangaskhan|Fake Out|p2a: Incineroar\n|-damage|p2a: Incineroar|82/100\n|-crit|p2a: Incineroar\n|-damage|p2a: Incineroar|76/100\n|-hitcount|p2a: Incineroar|2\n|cant|p2a: Incineroar|flinch\n|move|p2b: Garchomp|Iron Head|p1b: Ninetales\n|-supereffective|p1b: Ninetales|2\n|-enditem|p1b: Ninetales|Babiri Berry|[eat]\n|-enditem|p1b: Ninetales|Babiri Berry|[weaken]\n|-damage|p1b: Ninetales|49/100\n|cant|p1b: Ninetales|flinch\n|\n|-weather|Snowscape|[upkeep]\n|upkeep\n|turn|2\n|\n|t:|1776222792\n|switch|p1b: Rotom|Rotom-Mow, L50|100/100\n|move|p2b: Garchomp|Iron Head|p1b: Rotom\n|-resisted|p1b: Rotom|1\n|-damage|p1b: Rotom|83/100\n|move|p1a: Kangaskhan|Double-Edge|p2b: Garchomp\n|-crit|p2b: Garchomp\n|-damage|p2b: Garchomp|11/100\n|-damage|p1a: Kangaskhan|88/100|[from] ability: Rough Skin|[of] p2b: Garchomp\n|-damage|p2b: Garchomp|0 fnt\n|-damage|p1a: Kangaskhan|76/100|[from] ability: Rough Skin|[of] p2b: Garchomp\n|faint|p2b: Garchomp\n|-hitcount|p2: Garchomp|2\n|-damage|p1a: Kangaskhan|46/100|[from] Recoil\n|move|p2a: Incineroar|Parting Shot|p1a: Kangaskhan\n|-unboost|p1a: Kangaskhan|atk|1\n|-unboost|p1a: Kangaskhan|spa|1\n|\n|t:|1776222810\n|switch|p2a: Greninja|Greninja, L50, F|100/100|[from] Parting Shot\n|\n|-weather|Snowscape|[upkeep]\n|upkeep\n|\n|t:|1776222812\n|switch|p2b: Corviknight|Corviknight, L50, M|100/100\n|turn|3\n|\n|t:|1776222830\n|detailschange|p2a: Greninja|Greninja-Mega, L50, F\n|-mega|p2a: Greninja|Greninja|Greninjite\n|move|p2a: Greninja|Ice Beam|p1b: Rotom\n|-start|p2a: Greninja|typechange|Ice|[from] ability: Protean\n|-supereffective|p1b: Rotom|1\n|-damage|p1b: Rotom|0 fnt\n|faint|p1b: Rotom\n|move|p1a: Kangaskhan|Double-Edge|p2a: Greninja\n|-crit|p2a: Greninja\n|-damage|p2a: Greninja|12/100\n|-damage|p2a: Greninja|3/100\n|-hitcount|p2a: Greninja|2\n|-damage|p1a: Kangaskhan|22/100|[from] Recoil\n|move|p2b: Corviknight|Iron Defense|p2b: Corviknight\n|-boost|p2b: Corviknight|def|2\n|\n|-weather|Snowscape|[upkeep]\n|upkeep\n|\n|t:|1776222840\n|switch|p1b: Ninetales|Ninetales-Alola, L50, F|49/100\n|turn|4\n|\n|t:|1776222849\n|move|p1a: Kangaskhan|Sucker Punch|p2a: Greninja\n|-damage|p2a: Greninja|0 fnt\n|faint|p2a: Greninja\n|-hitcount|p2: Greninja|1\n|move|p1b: Ninetales|Aurora Veil|p1b: Ninetales\n|-sidestart|p1: Pikachar2|move: Aurora Veil\n|move|p2b: Corviknight|Iron Head|p1b: Ninetales\n|-supereffective|p1b: Ninetales|2\n|-damage|p1b: Ninetales|0 fnt\n|faint|p1b: Ninetales\n|\n|-weather|Snowscape|[upkeep]\n|upkeep\n|\n|t:|1776222857\n|switch|p2a: Incineroar|Incineroar, L50, M|76/100\n|switch|p1b: Aerodactyl|Aerodactyl, L50, F|100/100\n|-ability|p1b: Aerodactyl|Unnerve\n|-ability|p2a: Incineroar|Intimidate|boost\n|-unboost|p1a: Kangaskhan|atk|1\n|-unboost|p1b: Aerodactyl|atk|1\n|turn|5\n|\n|t:|1776222867\n|move|p1b: Aerodactyl|Protect|p1b: Aerodactyl\n|-singleturn|p1b: Aerodactyl|Protect\n|move|p2a: Incineroar|Fake Out|p1b: Aerodactyl\n|-activate|p1b: Aerodactyl|move: Protect\n|move|p1a: Kangaskhan|Low Kick|p2a: Incineroar\n|-supereffective|p2a: Incineroar|1\n|-damage|p2a: Incineroar|53/100\n|-supereffective|p2a: Incineroar|1\n|-damage|p2a: Incineroar|49/100\n|-hitcount|p2a: Incineroar|2\n|move|p2b: Corviknight|Body Press|p1b: Aerodactyl\n|-activate|p1b: Aerodactyl|move: Protect\n|\n|-weather|none\n|upkeep\n|turn|6\n|\n|t:|1776222882\n|move|p1b: Aerodactyl|Rock Slide|p2a: Incineroar|[spread] p2a,p2b\n|-supereffective|p2a: Incineroar|1\n|-damage|p2a: Incineroar|22/100\n|-damage|p2b: Corviknight|93/100\n|move|p1a: Kangaskhan|Low Kick|p2a: Incineroar\n|-supereffective|p2a: Incineroar|1\n|-damage|p2a: Incineroar|0 fnt\n|faint|p2a: Incineroar\n|-hitcount|p2: Incineroar|1\n|move|p2b: Corviknight|Body Press|p1b: Aerodactyl\n|-damage|p1b: Aerodactyl|61/100\n|\n|-heal|p2b: Corviknight|99/100|[from] item: Leftovers\n|upkeep\n|turn|7\n|\n|t:|1776222905\n|move|p1b: Aerodactyl|Protect|p1b: Aerodactyl\n|-singleturn|p1b: Aerodactyl|Protect\n|move|p1a: Kangaskhan|Low Kick|p2b: Corviknight\n|-damage|p2b: Corviknight|93/100\n|-crit|p2b: Corviknight\n|-damage|p2b: Corviknight|84/100\n|-hitcount|p2b: Corviknight|2\n|move|p2b: Corviknight|Body Press|p1b: Aerodactyl\n|-activate|p1b: Aerodactyl|move: Protect\n|\n|-heal|p2b: Corviknight|90/100|[from] item: Leftovers\n|upkeep\n|turn|8\n|\n|t:|1776222915\n|move|p1b: Aerodactyl|Rock Slide|p2b: Corviknight\n|-damage|p2b: Corviknight|80/100\n|move|p1a: Kangaskhan|Low Kick|p2b: Corviknight\n|-damage|p2b: Corviknight|74/100\n|-damage|p2b: Corviknight|73/100\n|-hitcount|p2b: Corviknight|2\n|move|p2b: Corviknight|Body Press|p1b: Aerodactyl\n|-damage|p1b: Aerodactyl|18/100\n|\n|-heal|p2b: Corviknight|79/100|[from] item: Leftovers\n|-sideend|p1: Pikachar2|move: Aurora Veil\n|upkeep\n|turn|9\n|\n|t:|1776222927\n|move|p1b: Aerodactyl|Protect|p1b: Aerodactyl\n|-singleturn|p1b: Aerodactyl|Protect\n|move|p1a: Kangaskhan|Low Kick|p2b: Corviknight\n|-damage|p2b: Corviknight|73/100\n|-crit|p2b: Corviknight\n|-damage|p2b: Corviknight|63/100\n|-hitcount|p2b: Corviknight|2\n|move|p2b: Corviknight|Body Press|p1a: Kangaskhan\n|-supereffective|p1a: Kangaskhan|1\n|-damage|p1a: Kangaskhan|0 fnt\n|faint|p1a: Kangaskhan\n|\n|-heal|p2b: Corviknight|69/100|[from] item: Leftovers\n|upkeep\n|turn|10\n|\n|t:|1776222935\n|move|p1b: Aerodactyl|Rock Slide|p2b: Corviknight\n|-damage|p2b: Corviknight|60/100\n|move|p2b: Corviknight|Iron Head|p1b: Aerodactyl\n|-supereffective|p1b: Aerodactyl|1\n|-damage|p1b: Aerodactyl|0 fnt\n|faint|p1b: Aerodactyl\n|\n|win|jingming\n|raw|Pikachar2's rating: 1243 &rarr; <strong>1214</strong><br />(-29 for losing)\n|raw|jingming's rating: 1194 &rarr; <strong>1223</strong><br />(+29 for winning)\n|l|\u2606Pikachar2\n|player|p1|\n",
  "uploadtime": 1776222941,
  "views": 26,
  "formatid": "gen9championsvgc2026regma",
  "rating": 1214,
  "private": 0,
  "password": null
}