{
  "id": "gen9championsvgc2026regma-2587809719",
  "format": "[Gen 9 Champions] VGC 2026 Reg M-A",
  "players": [
    "ThomasisCringe",
    "LelBoii"
  ],
  "log": "|j|\u2606ThomasisCringe\n|j|\u2606LelBoii\n|t:|1776566253\n|gametype|doubles\n|player|p1|ThomasisCringe|265|1399\n|player|p2|LelBoii|rosa|1404\n|gen|9\n|tier|[Gen 9 Champions] VGC 2026 Reg M-A\n|rated|\n|rule|Species Clause: Limit one of each Pok\u00e9mon\n|rule|Item Clause: Limit 1 of each item\n|clearpoke\n|poke|p1|Froslass, L50, F|\n|poke|p1|Aerodactyl, L50, M|\n|poke|p1|Sneasler, L50, M|\n|poke|p1|Garchomp, L50, M|\n|poke|p1|Rotom-Wash, L50|\n|poke|p1|Kangaskhan, L50, F|\n|poke|p2|Scovillain, L50, M|\n|poke|p2|Kingambit, L50, F|\n|poke|p2|Aerodactyl, L50, F|\n|poke|p2|Typhlosion-Hisui, L50, F|\n|poke|p2|Sneasler, L50, M|\n|poke|p2|Rotom-Wash, L50|\n|teampreview|4\n|inactive|Battle timer is ON: inactive players will automatically lose when time's up. (requested by LelBoii)\n|j| Choklit Milk\n|\n|t:|1776566323\n|teamsize|p1|4\n|teamsize|p2|4\n|start\n|switch|p1a: Garchomp|Garchomp, L50, M|100/100\n|switch|p1b: Aerodactyl|Aerodactyl, L50, M|100/100\n|switch|p2a: Scovillain|Scovillain, L50, M|100/100\n|switch|p2b: Typhlosion|Typhlosion-Hisui, L50, F|100/100\n|-ability|p1b: Aerodactyl|Unnerve\n|-item|p1a: Garchomp|Choice Scarf|[from] ability: Frisk|[of] p2b: Typhlosion\n|-item|p1b: Aerodactyl|Focus Sash|[from] ability: Frisk|[of] p2b: Typhlosion\n|turn|1\n|\n|t:|1776566345\n|switch|p2b: Rotom|Rotom-Wash, L50|100/100\n|detailschange|p2a: Scovillain|Scovillain-Mega, L50, M\n|-mega|p2a: Scovillain|Scovillain|Scovillainite\n|move|p2a: Scovillain|Rage Powder|p2a: Scovillain\n|-singleturn|p2a: Scovillain|move: Rage Powder\n|move|p1a: Garchomp|Earthquake|p2a: Scovillain|[spread] p2a\n|-immune|p1b: Aerodactyl\n|-immune|p2b: Rotom|[from] ability: Levitate\n|-damage|p2a: Scovillain|57/100\n|-status|p1a: Garchomp|brn|[from] ability: Spicy Spray|[of] p2a: Scovillain\n|move|p1b: Aerodactyl|Tailwind|p1b: Aerodactyl\n|-sidestart|p1: ThomasisCringe|move: Tailwind\n|\n|-damage|p1a: Garchomp|95/100 brn|[from] brn\n|upkeep\n|turn|2\n|\n|t:|1776566366\n|switch|p1a: Rotom|Rotom-Wash, L50|100/100\n|move|p2a: Scovillain|Rage Powder|p2a: Scovillain\n|-singleturn|p2a: Scovillain|move: Rage Powder\n|move|p1b: Aerodactyl|Dual Wingbeat|p2a: Scovillain\n|-supereffective|p2a: Scovillain|1\n|-damage|p2a: Scovillain|15/100\n|-status|p1b: Aerodactyl|brn|[from] ability: Spicy Spray|[of] p2a: Scovillain\n|-supereffective|p2a: Scovillain|1\n|-damage|p2a: Scovillain|0 fnt\n|faint|p2a: Scovillain\n|-hitcount|p2: Scovillain|2\n|move|p2b: Rotom|Thunderbolt|p1b: Aerodactyl\n|-supereffective|p1b: Aerodactyl|1\n|-enditem|p1b: Aerodactyl|Focus Sash\n|-damage|p1b: Aerodactyl|1/100 brn\n|\n|-damage|p1b: Aerodactyl|0 fnt|[from] brn\n|faint|p1b: Aerodactyl\n|upkeep\n|\n|t:|1776566384\n|switch|p1b: Froslass|Froslass, L50, F|100/100\n|switch|p2a: Sneasler|Sneasler, L50, M|100/100\n|turn|3\n|inactive|ThomasisCringe has 30 seconds left.\n|inactive|LelBoii has 30 seconds left.\n|\n|t:|1776566413\n|detailschange|p1b: Froslass|Froslass-Mega, L50, F\n|-mega|p1b: Froslass|Froslass|Froslassite\n|-weather|Snowscape|[from] ability: Snow Warning|[of] p1b: Froslass\n|move|p2a: Sneasler|Fake Out|p1a: Rotom\n|-damage|p1a: Rotom|85/100\n|move|p1b: Froslass|Blizzard|p2b: Rotom|[spread] p2a,p2b\n|-resisted|p2b: Rotom|1\n|-damage|p2a: Sneasler|43/100\n|-damage|p2b: Rotom|78/100\n|cant|p1a: Rotom|flinch\n|move|p2b: Rotom|Will-O-Wisp|p1b: Froslass\n|-status|p1b: Froslass|brn\n|\n|-weather|Snowscape|[upkeep]\n|-heal|p1a: Rotom|91/100|[from] item: Leftovers\n|-damage|p1b: Froslass|94/100 brn|[from] brn\n|upkeep\n|turn|4\n|inactive|ThomasisCringe has 30 seconds left.\n|\n|t:|1776566446\n|move|p2a: Sneasler|Protect|p2a: Sneasler\n|-singleturn|p2a: Sneasler|Protect\n|move|p1b: Froslass|Shadow Ball|p2b: Rotom\n|-crit|p2b: Rotom\n|-damage|p2b: Rotom|3/100\n|-enditem|p2b: Rotom|Sitrus Berry|[eat]\n|-heal|p2b: Rotom|28/100|[from] item: Sitrus Berry\n|move|p1a: Rotom|Thunderbolt|p2a: Sneasler\n|-activate|p2a: Sneasler|move: Protect\n|move|p2b: Rotom|Will-O-Wisp|p1a: Rotom\n|-status|p1a: Rotom|brn\n|\n|-weather|Snowscape|[upkeep]\n|-heal|p1a: Rotom|97/100 brn|[from] item: Leftovers\n|-damage|p1b: Froslass|88/100 brn|[from] brn\n|-damage|p1a: Rotom|91/100 brn|[from] brn\n|-sideend|p1: ThomasisCringe|move: Tailwind\n|upkeep\n|turn|5\n|inactive|ThomasisCringe has 30 seconds left.\n|inactive|LelBoii has 30 seconds left.\n|inactive|ThomasisCringe has 20 seconds left.\n|inactive|ThomasisCringe has 15 seconds left.\n|inactive|LelBoii has 20 seconds left.\n|inactive|ThomasisCringe has 10 seconds left.\n|inactive|ThomasisCringe has 5 seconds left.\n|\n|t:|1776566497\n|move|p1b: Froslass|Blizzard|p2b: Rotom|[spread] p2a,p2b\n|-resisted|p2b: Rotom|1\n|-damage|p2a: Sneasler|0 fnt\n|-damage|p2b: Rotom|3/100\n|faint|p2a: Sneasler\n|move|p2b: Rotom|Thunderbolt|p1b: Froslass\n|-damage|p1b: Froslass|45/100 brn\n|move|p1a: Rotom|Thunderbolt|p2b: Rotom\n|-damage|p2b: Rotom|0 fnt\n|faint|p2b: Rotom\n|\n|-weather|Snowscape|[upkeep]\n|-heal|p1a: Rotom|97/100 brn|[from] item: Leftovers\n|-damage|p1b: Froslass|39/100 brn|[from] brn\n|-damage|p1a: Rotom|91/100 brn|[from] brn\n|upkeep\n|\n|t:|1776566505\n|switch|p2a: Typhlosion|Typhlosion-Hisui, L50, F|100/100\n|-item|p1a: Rotom|Leftovers|[from] ability: Frisk|[of] p2a: Typhlosion\n|-item|p1b: Froslass|Froslassite|[from] ability: Frisk|[of] p2a: Typhlosion\n|turn|6\n|\n|t:|1776566525\n|move|p1b: Froslass|Protect|p1b: Froslass\n|-singleturn|p1b: Froslass|Protect\n|move|p2a: Typhlosion|Infernal Parade|p1b: Froslass\n|-activate|p1b: Froslass|move: Protect\n|move|p1a: Rotom|Thunder Wave|p2a: Typhlosion\n|-status|p2a: Typhlosion|par\n|\n|-weather|Snowscape|[upkeep]\n|-heal|p1a: Rotom|97/100 brn|[from] item: Leftovers\n|-damage|p1b: Froslass|32/100 brn|[from] brn\n|-damage|p1a: Rotom|91/100 brn|[from] brn\n|upkeep\n|turn|7\n|\n|t:|1776566532\n|move|p1b: Froslass|Shadow Ball|p2a: Typhlosion\n|-supereffective|p2a: Typhlosion|1\n|-damage|p2a: Typhlosion|0 fnt\n|faint|p2a: Typhlosion\n|\n|win|ThomasisCringe\n|raw|ThomasisCringe's rating: 1399 &rarr; <strong>1419</strong><br />(+20 for winning)\n|raw|LelBoii's rating: 1404 &rarr; <strong>1384</strong><br />(-20 for losing)\n|j| sammap\n|l|\u2606LelBoii\n|player|p2|\n|l|\u2606ThomasisCringe\n|player|p1|\n",
  "uploadtime": 1776566635,
  "views": 17,
  "formatid": "gen9championsvgc2026regma",
  "rating": 1384,
  "private": 0,
  "password": null
}