{
  "id": "gen9championsvgc2026regma-2583712561",
  "format": "[Gen 9 Champions] VGC 2026 Reg M-A",
  "players": [
    "Feedofish",
    "callmehavoc"
  ],
  "log": "|j|\u2606Feedofish\n|j|\u2606callmehavoc\n|t:|1776192632\n|gametype|doubles\n|player|p1|Feedofish|juggler|1045\n|player|p2|callmehavoc|bugcatcher-gen4dp|1044\n|gen|9\n|tier|[Gen 9 Champions] VGC 2026 Reg M-A\n|rated|\n|rule|Species Clause: Limit one of each Pok\u00e9mon\n|rule|Item Clause: Limit 1 of each item\n|clearpoke\n|poke|p1|Reuniclus, L50, F|\n|poke|p1|Whimsicott, L50, M|\n|poke|p1|Milotic, L50, F|\n|poke|p1|Glimmora, L50, M|\n|poke|p1|Infernape, L50, M|\n|poke|p1|Tyranitar, L50, F|\n|poke|p2|Abomasnow, L50, F|\n|poke|p2|Machamp, L50, F|\n|poke|p2|Cofagrigus, L50, M|\n|poke|p2|Milotic, L50, M|\n|poke|p2|Drampa, L50, F|\n|poke|p2|Arcanine-Hisui, L50, M|\n|teampreview|4\n|inactive|Battle timer is ON: inactive players will automatically lose when time's up. (requested by Feedofish)\n|\n|t:|1776192693\n|teamsize|p1|4\n|teamsize|p2|4\n|start\n|switch|p1a: Whimsicott|Whimsicott, L50, M|100/100\n|switch|p1b: Milotic|Milotic, L50, F|100/100\n|switch|p2a: Machamp|Machamp, L50, F|100/100\n|switch|p2b: Cofagrigus|Cofagrigus, L50, M|100/100\n|turn|1\n|inactive|Feedofish has 30 seconds left.\n|\n|t:|1776192720\n|move|p2a: Machamp|Protect|p2a: Machamp\n|-singleturn|p2a: Machamp|Protect\n|move|p1a: Whimsicott|Worry Seed|p2a: Machamp\n|-activate|p2a: Machamp|move: Protect\n|move|p1b: Milotic|Scald|p2a: Machamp\n|-activate|p2a: Machamp|move: Protect\n|move|p2b: Cofagrigus|Trick Room|p2b: Cofagrigus\n|-fieldstart|move: Trick Room|[of] p2b: Cofagrigus\n|\n|upkeep\n|turn|2\n|inactive|callmehavoc has 30 seconds left.\n|\n|t:|1776192745\n|move|p1a: Whimsicott|Encore|p2b: Cofagrigus\n|-start|p2b: Cofagrigus|Encore\n|-enditem|p2b: Cofagrigus|Mental Herb\n|-end|p2b: Cofagrigus|Encore\n|move|p2b: Cofagrigus|Will-O-Wisp|p1a: Whimsicott\n|-status|p1a: Whimsicott|brn\n|move|p2a: Machamp|Dynamic Punch|p1b: Milotic\n|-damage|p1b: Milotic|35/100\n|-start|p1b: Milotic|confusion\n|-activate|p1b: Milotic|confusion\n|-damage|p1b: Milotic|29/100|[from] confusion\n|\n|-damage|p1a: Whimsicott|95/100 brn|[from] brn\n|upkeep\n|turn|3\n|inactive|Feedofish has 30 seconds left.\n|inactive|callmehavoc has 30 seconds left.\n|\n|t:|1776192774\n|switch|p1b: Tyranitar|Tyranitar, L50, F|100/100\n|-weather|Sandstorm|[from] ability: Sand Stream|[of] p1b: Tyranitar\n|move|p1a: Whimsicott|Worry Seed|p2a: Machamp\n|-ability|p2a: Machamp|Insomnia|No Guard|[from] move: Worry Seed\n|move|p2b: Cofagrigus|Shadow Ball|p1b: Tyranitar\n|-resisted|p1b: Tyranitar|1\n|-crit|p1b: Tyranitar\n|-damage|p1b: Tyranitar|89/100\n|move|p2a: Machamp|Dynamic Punch|p1a: Whimsicott|[miss]\n|-miss|p2a: Machamp|p1a: Whimsicott\n|\n|-weather|Sandstorm|[upkeep]\n|-damage|p2b: Cofagrigus|94/100|[from] Sandstorm\n|-damage|p2a: Machamp|94/100|[from] Sandstorm\n|-damage|p1a: Whimsicott|89/100 brn|[from] Sandstorm\n|-heal|p1b: Tyranitar|95/100|[from] item: Leftovers\n|-damage|p1a: Whimsicott|83/100 brn|[from] brn\n|upkeep\n|turn|4\n|inactive|Feedofish has 30 seconds left.\n|\n|t:|1776192807\n|move|p1a: Whimsicott|Encore|p2b: Cofagrigus\n|-start|p2b: Cofagrigus|Encore\n|move|p2b: Cofagrigus|Shadow Ball|p1b: Tyranitar\n|-resisted|p1b: Tyranitar|1\n|-damage|p1b: Tyranitar|87/100\n|move|p1b: Tyranitar|Knock Off|p2b: Cofagrigus\n|-supereffective|p2b: Cofagrigus|1\n|-damage|p2b: Cofagrigus|42/100\n|-activate|p2b: Cofagrigus|ability: Mummy|p1b: Tyranitar|[ability] Sand Stream\n|move|p2a: Machamp|Drain Punch|p1b: Tyranitar\n|-supereffective|p1b: Tyranitar|2\n|-damage|p1b: Tyranitar|0 fnt\n|-heal|p2a: Machamp|100/100|[from] drain|[of] p1b: Tyranitar\n|-activate|p1b: Tyranitar|ability: Mummy|p2a: Machamp|[ability] Insomnia\n|faint|p1b: Tyranitar\n|\n|-weather|Sandstorm|[upkeep]\n|-damage|p2b: Cofagrigus|36/100|[from] Sandstorm\n|-damage|p2a: Machamp|94/100|[from] Sandstorm\n|-damage|p1a: Whimsicott|77/100 brn|[from] Sandstorm\n|-damage|p1a: Whimsicott|71/100 brn|[from] brn\n|upkeep\n|\n|t:|1776192822\n|switch|p1b: Glimmora|Glimmora, L50, M|100/100\n|turn|5\n|\n|t:|1776192838\n|detailschange|p1b: Glimmora|Glimmora-Mega, L50, M\n|-mega|p1b: Glimmora|Glimmora|Glimmoranite\n|move|p1b: Glimmora|Protect|p1b: Glimmora\n|-singleturn|p1b: Glimmora|Protect\n|move|p1a: Whimsicott|Tailwind|p1a: Whimsicott\n|-sidestart|p1: Feedofish|move: Tailwind\n|move|p2b: Cofagrigus|Shadow Ball|p1a: Whimsicott\n|-damage|p1a: Whimsicott|32/100 brn\n|move|p2a: Machamp|Drain Punch|p1b: Glimmora\n|-activate|p1b: Glimmora|move: Protect\n|\n|-weather|Sandstorm|[upkeep]\n|-damage|p2b: Cofagrigus|30/100|[from] Sandstorm\n|-damage|p2a: Machamp|88/100|[from] Sandstorm\n|-damage|p1a: Whimsicott|26/100 brn|[from] Sandstorm\n|-damage|p1a: Whimsicott|20/100 brn|[from] brn\n|-fieldend|move: Trick Room\n|upkeep\n|turn|6\n|inactive|callmehavoc has 30 seconds left.\n|inactive|Feedofish has 30 seconds left.\n|inactive|callmehavoc has 20 seconds left.\n|inactive|callmehavoc has 15 seconds left.\n|inactive|callmehavoc has 10 seconds left.\n|\n|t:|1776192887\n|switch|p2b: Milotic|Milotic, L50, M|100/100\n|move|p2a: Machamp|Protect|p2a: Machamp\n|-singleturn|p2a: Machamp|Protect\n|move|p1a: Whimsicott|Moonblast|p2a: Machamp\n|-activate|p2a: Machamp|move: Protect\n|move|p1b: Glimmora|Sludge Bomb|p2a: Machamp\n|-activate|p2a: Machamp|move: Protect\n|\n|-weather|Sandstorm|[upkeep]\n|-damage|p1a: Whimsicott|15/100 brn|[from] Sandstorm\n|-damage|p2b: Milotic|95/100|[from] Sandstorm\n|-damage|p2a: Machamp|82/100|[from] Sandstorm\n|-heal|p2b: Milotic|100/100|[from] item: Leftovers\n|-damage|p1a: Whimsicott|9/100 brn|[from] brn\n|upkeep\n|turn|7\n|inactive|callmehavoc has 30 seconds left.\n|\n|t:|1776192922\n|switch|p2a: Cofagrigus|Cofagrigus, L50, M|30/100\n|move|p1a: Whimsicott|Moonblast|p2b: Milotic\n|-damage|p2b: Milotic|80/100\n|move|p1b: Glimmora|Sludge Bomb|p2b: Milotic\n|-damage|p2b: Milotic|34/100\n|-status|p2b: Milotic|psn\n|move|p2b: Milotic|Coil|p2b: Milotic\n|-boost|p2b: Milotic|atk|1\n|-boost|p2b: Milotic|def|1\n|-boost|p2b: Milotic|accuracy|1\n|\n|-weather|none\n|-heal|p2b: Milotic|40/100 psn|[from] item: Leftovers\n|-damage|p2b: Milotic|27/100 psn|[from] psn\n|-damage|p1a: Whimsicott|3/100 brn|[from] brn\n|upkeep\n|turn|8\n|inactive|callmehavoc has 30 seconds left.\n|\n|t:|1776192952\n|switch|p1a: Milotic|Milotic, L50, F|29/100\n|move|p1b: Glimmora|Power Gem|p2a: Cofagrigus\n|-damage|p2a: Cofagrigus|0 fnt\n|faint|p2a: Cofagrigus\n|move|p2b: Milotic|Hypnosis|p1b: Glimmora\n|-status|p1b: Glimmora|slp|[from] move: Hypnosis\n|\n|-heal|p2b: Milotic|33/100 psn|[from] item: Leftovers\n|-damage|p2b: Milotic|21/100 psn|[from] psn\n|-sideend|p1: Feedofish|move: Tailwind\n|upkeep\n|\n|t:|1776192971\n|switch|p2a: Drampa|Drampa, L50, F|100/100\n|-ability|p2a: Drampa|Cloud Nine\n|turn|9\n|\n|t:|1776192985\n|detailschange|p2a: Drampa|Drampa-Mega, L50, F\n|-mega|p2a: Drampa|Drampa|Drampanite\n|cant|p1b: Glimmora|slp\n|move|p2b: Milotic|Hypnosis|p1a: Milotic\n|-status|p1a: Milotic|slp|[from] move: Hypnosis\n|cant|p1a: Milotic|slp\n|move|p2a: Drampa|Substitute|p2a: Drampa\n|-start|p2a: Drampa|Substitute\n|-damage|p2a: Drampa|76/100\n|\n|-heal|p2b: Milotic|27/100 psn|[from] item: Leftovers\n|-damage|p2b: Milotic|14/100 psn|[from] psn\n|upkeep\n|turn|10\n|inactive|Feedofish has 30 seconds left.\n|inactive|callmehavoc has 30 seconds left.\n|\n|t:|1776193010\n|cant|p1b: Glimmora|slp\n|move|p2b: Milotic|Muddy Water|p1b: Glimmora|[spread] p1a,p1b\n|-resisted|p1a: Milotic|1\n|-supereffective|p1b: Glimmora|1\n|-damage|p1a: Milotic|20/100 slp\n|-damage|p1b: Glimmora|51/100 slp\n|-unboost|p1a: Milotic|accuracy|1\n|-ability|p1a: Milotic|Competitive|boost\n|-boost|p1a: Milotic|spa|2\n|cant|p1a: Milotic|slp\n|move|p2a: Drampa|Dragon Pulse|p1b: Glimmora\n|-crit|p1b: Glimmora\n|-damage|p1b: Glimmora|0 fnt\n|faint|p1b: Glimmora\n|\n|-heal|p2b: Milotic|20/100 psn|[from] item: Leftovers\n|-damage|p2b: Milotic|8/100 psn|[from] psn\n|upkeep\n|\n|t:|1776193013\n|switch|p1b: Whimsicott|Whimsicott, L50, M|3/100 brn\n|turn|11\n|\n|t:|1776193032\n|move|p1b: Whimsicott|Tailwind|p1b: Whimsicott\n|-sidestart|p1: Feedofish|move: Tailwind\n|-curestatus|p1a: Milotic|slp|[msg]\n|move|p1a: Milotic|Icy Wind|p2b: Milotic|[spread] p2b\n|-miss|p1a: Milotic|p2a: Drampa\n|-resisted|p2b: Milotic|1\n|-damage|p2b: Milotic|1/100 psn\n|-unboost|p2b: Milotic|spe|1\n|-ability|p2b: Milotic|Competitive|boost\n|-boost|p2b: Milotic|spa|2\n|move|p2b: Milotic|Muddy Water|p1a: Milotic|[spread] p1a,p1b\n|-resisted|p1a: Milotic|1\n|-resisted|p1b: Whimsicott|1\n|-damage|p1a: Milotic|3/100\n|-damage|p1b: Whimsicott|0 fnt\n|faint|p1b: Whimsicott\n|move|p2a: Drampa|Hyper Voice|p1a: Milotic\n|-damage|p1a: Milotic|0 fnt\n|faint|p1a: Milotic\n|\n|win|callmehavoc\n|raw|Feedofish's rating: 1045 &rarr; <strong>1028</strong><br />(-17 for losing)\n|raw|callmehavoc's rating: 1044 &rarr; <strong>1077</strong><br />(+33 for winning)\n",
  "uploadtime": 1776193033,
  "views": 13,
  "formatid": "gen9championsvgc2026regma",
  "rating": 1028,
  "private": 0,
  "password": null
}