{
  "id": "gen9championsvgc2026regma-2584070745",
  "format": "[Gen 9 Champions] VGC 2026 Reg M-A",
  "players": [
    "E.Kennedy10",
    "jingming"
  ],
  "log": "|j|\u2606E.Kennedy10\n|j|\u2606jingming\n|t:|1776222162\n|gametype|doubles\n|player|p1|E.Kennedy10|alder|1100\n|player|p2|jingming|nate|1174\n|gen|9\n|tier|[Gen 9 Champions] VGC 2026 Reg M-A\n|rated|\n|rule|Species Clause: Limit one of each Pok\u00e9mon\n|rule|Item Clause: Limit 1 of each item\n|clearpoke\n|poke|p1|Basculegion, L50, M|\n|poke|p1|Pelipper, L50, F|\n|poke|p1|Rotom-Wash, L50|\n|poke|p1|Garchomp, L50, F|\n|poke|p1|Kingambit, L50, F|\n|poke|p1|Gyarados, L50, F|\n|poke|p2|Sneasler, L50, M|\n|poke|p2|Incineroar, L50, F|\n|poke|p2|Corviknight, L50, F|\n|poke|p2|Dragonite, L50, F|\n|poke|p2|Garchomp, L50, F|\n|poke|p2|Greninja-*, L50, M|\n|teampreview|4\n|inactive|Battle timer is ON: inactive players will automatically lose when time's up. (requested by jingming)\n|\n|t:|1776222222\n|teamsize|p1|4\n|teamsize|p2|4\n|start\n|switch|p1a: Pelipper|Pelipper, L50, F|100/100\n|switch|p1b: Gyarados|Gyarados, L50, F|100/100\n|switch|p2a: Sneasler|Sneasler, L50, M|100/100\n|switch|p2b: Dragonite|Dragonite, L50, F|100/100\n|-ability|p1b: Gyarados|Intimidate|boost\n|-unboost|p2a: Sneasler|atk|1\n|-fail|p2b: Dragonite|unboost|Attack|[from] ability: Inner Focus|[of] p2b: Dragonite\n|-weather|RainDance|[from] ability: Drizzle|[of] p1a: Pelipper\n|-enditem|p2a: Sneasler|White Herb\n|-clearnegativeboost|p2a: Sneasler|[silent]\n|turn|1\n|\n|t:|1776222243\n|detailschange|p2b: Dragonite|Dragonite-Mega, L50, F\n|-mega|p2b: Dragonite|Dragonite|Dragoninite\n|move|p1b: Gyarados|Protect|p1b: Gyarados\n|-singleturn|p1b: Gyarados|Protect\n|move|p1a: Pelipper|Protect|p1a: Pelipper\n|-singleturn|p1a: Pelipper|Protect\n|move|p2a: Sneasler|Fake Out|p1b: Gyarados\n|-activate|p1b: Gyarados|move: Protect\n|move|p2b: Dragonite|Thunder|p1a: Pelipper\n|-activate|p1a: Pelipper|move: Protect\n|\n|-weather|RainDance|[upkeep]\n|upkeep\n|turn|2\n|inactive|E.Kennedy10 has 30 seconds left.\n|\n|t:|1776222278\n|switch|p1a: Garchomp|Garchomp, L50, F|100/100\n|detailschange|p1b: Gyarados|Gyarados-Mega, L50, F\n|-mega|p1b: Gyarados|Gyarados|Gyaradosite\n|-ability|p1b: Gyarados|Mold Breaker\n|move|p2a: Sneasler|Rock Slide|p1b: Gyarados|[spread] p1a,p1b\n|-resisted|p1a: Garchomp|1\n|-damage|p1a: Garchomp|93/100\n|-damage|p1b: Gyarados|87/100\n|cant|p1b: Gyarados|flinch\n|move|p2b: Dragonite|Thunder|p1a: Garchomp\n|-immune|p1a: Garchomp\n|\n|-weather|RainDance|[upkeep]\n|upkeep\n|turn|3\n|inactive|E.Kennedy10 has 30 seconds left.\n|\n|t:|1776222311\n|move|p2a: Sneasler|Close Combat|p1b: Gyarados\n|-supereffective|p1b: Gyarados|1\n|-damage|p1b: Gyarados|0 fnt\n|-unboost|p2a: Sneasler|def|1\n|-unboost|p2a: Sneasler|spd|1\n|faint|p1b: Gyarados\n|move|p1a: Garchomp|Rock Slide|p2b: Dragonite|[spread] p2a,p2b\n|-resisted|p2a: Sneasler|1\n|-supereffective|p2b: Dragonite|1\n|-damage|p2a: Sneasler|78/100\n|-damage|p2b: Dragonite|90/100\n|move|p2b: Dragonite|Draco Meteor|p1a: Garchomp|[miss]\n|-miss|p2b: Dragonite|p1a: Garchomp\n|\n|-weather|RainDance|[upkeep]\n|upkeep\n|\n|t:|1776222328\n|switch|p1b: Pelipper|Pelipper, L50, F|100/100\n|turn|4\n|\n|t:|1776222339\n|move|p2a: Sneasler|Rock Slide|p1b: Pelipper|[spread] p1a,p1b\n|-resisted|p1a: Garchomp|1\n|-supereffective|p1b: Pelipper|1\n|-damage|p1a: Garchomp|86/100\n|-damage|p1b: Pelipper|72/100\n|move|p1a: Garchomp|Dragon Claw|p2b: Dragonite\n|-supereffective|p2b: Dragonite|1\n|-damage|p2b: Dragonite|46/100\n|move|p2b: Dragonite|Draco Meteor|p1a: Garchomp\n|-supereffective|p1a: Garchomp|1\n|-damage|p1a: Garchomp|0 fnt\n|-unboost|p2b: Dragonite|spa|2\n|faint|p1a: Garchomp\n|move|p1b: Pelipper|Hurricane|p2a: Sneasler\n|-supereffective|p2a: Sneasler|1\n|-damage|p2a: Sneasler|0 fnt\n|faint|p2a: Sneasler\n|\n|-weather|RainDance|[upkeep]\n|upkeep\n|\n|t:|1776222360\n|switch|p2a: Corviknight|Corviknight, L50, F|100/100\n|switch|p1a: Basculegion|Basculegion, L50, M|100/100\n|turn|5\n|\n|t:|1776222373\n|switch|p2b: Incineroar|Incineroar, L50, F|100/100\n|-ability|p2b: Incineroar|Intimidate|boost\n|-unboost|p1a: Basculegion|atk|1\n|-unboost|p1b: Pelipper|atk|1\n|move|p1a: Basculegion|Last Respects|p2b: Incineroar\n|-resisted|p2b: Incineroar|1\n|-damage|p2b: Incineroar|81/100\n|move|p2a: Corviknight|Iron Defense|p2a: Corviknight\n|-boost|p2a: Corviknight|def|2\n|move|p1b: Pelipper|Tailwind|p1b: Pelipper\n|-sidestart|p1: E.Kennedy10|move: Tailwind\n|\n|-weather|none\n|upkeep\n|turn|6\n|-message|E.Kennedy10 forfeited.\n|\n|win|jingming\n|raw|E.Kennedy10's rating: 1100 &rarr; <strong>1080</strong><br />(-20 for losing)\n|raw|jingming's rating: 1174 &rarr; <strong>1194</strong><br />(+20 for winning)\n",
  "uploadtime": 1776222399,
  "views": 25,
  "formatid": "gen9championsvgc2026regma",
  "rating": 1080,
  "private": 0,
  "password": null
}