{
  "id": "gen9championsvgc2026regma-2582282117",
  "format": "[Gen 9 Champions] VGC 2026 Reg M-A",
  "players": [
    "rajyesh1",
    "Byakugan54321"
  ],
  "log": "|j|\u2606rajyesh1\n|j|\u203dByakugan54321\n|t:|1776079484\n|gametype|doubles\n|player|p1|rajyesh1|lucas|1058\n|player|p2|Byakugan54321|1|1029\n|gen|9\n|tier|[Gen 9 Champions] VGC 2026 Reg M-A\n|rated|\n|rule|Species Clause: Limit one of each Pok\u00e9mon\n|rule|Item Clause: Limit 1 of each item\n|clearpoke\n|poke|p1|Charizard, L50, F|\n|poke|p1|Venusaur, L50, M|\n|poke|p1|Garchomp, L50, M|\n|poke|p1|Rotom-Wash, L50|\n|poke|p1|Sneasler, L50, M|\n|poke|p1|Incineroar, L50, F|\n|poke|p2|Charizard, L50, M|\n|poke|p2|Venusaur, L50, M|\n|poke|p2|Garchomp, L50, M|\n|poke|p2|Rotom-Wash, L50|\n|poke|p2|Sneasler, L50, F|\n|poke|p2|Incineroar, L50, F|\n|teampreview|4\n|inactive|Battle timer is ON: inactive players will automatically lose when time's up. (requested by rajyesh1)\nByakugan54321 has agreed to open team sheets.\n|j| anderoid\n|j| Montztar\n|inactive|rajyesh1 has 60 seconds left.\n|j| rulavgc\n|c| rulavgc|hi\n|c| rulavgc|bro\n|c|\u2606rajyesh1|hi\n|c| rulavgc|this is wtf im talking about\n|c|\u2606rajyesh1|yea\n|inactive|rajyesh1 has 30 seconds left.\n|c| rulavgc|ur using a rental team that millions of ppl have seen\n|c| rulavgc|u gotta be orginal\n|c| Montztar|wait wtf\n|inactive|rajyesh1 has 20 seconds left.\n|c| Montztar|clones\n|inactive|rajyesh1 has 15 seconds left.\n|inactive|rajyesh1 has 10 seconds left.\n|\n|t:|1776079565\n|teamsize|p1|4\n|teamsize|p2|4\n|start\n|switch|p1a: Garchomp|Garchomp, L50, M|100/100\n|switch|p1b: Incineroar|Incineroar, L50, F|100/100\n|switch|p2a: Garchomp|Garchomp, L50, M|100/100\n|switch|p2b: Incineroar|Incineroar, L50, F|100/100\n|-ability|p1b: Incineroar|Intimidate|boost\n|-unboost|p2a: Garchomp|atk|1\n|-unboost|p2b: Incineroar|atk|1\n|-ability|p2b: Incineroar|Intimidate|boost\n|-unboost|p1a: Garchomp|atk|1\n|-unboost|p1b: Incineroar|atk|1\n|turn|1\n|c| rulavgc|LMFAOOOO\n|c|\u2606rajyesh1|hahaha\n|c| rulavgc|u CANT MAKE IT UP\n|c|\u2606rajyesh1|fr\n|inactive|rajyesh1 has 30 seconds left.\n|inactive|Byakugan54321 has 30 seconds left.\n|c| Montztar|both gonna fake out too\n|\n|t:|1776079600\n|move|p1b: Incineroar|Fake Out|p2a: Garchomp\n|-damage|p2a: Garchomp|90/100\n|-damage|p1b: Incineroar|88/100|[from] ability: Rough Skin|[of] p2a: Garchomp\n|move|p2b: Incineroar|Fake Out|p1b: Incineroar\n|-damage|p1b: Incineroar|79/100\n|move|p1a: Garchomp|Earthquake|p2b: Incineroar|[spread] p1b,p2a,p2b\n|-supereffective|p1b: Incineroar|1\n|-supereffective|p2b: Incineroar|1\n|-damage|p1b: Incineroar|27/100\n|-damage|p2a: Garchomp|64/100\n|-damage|p2b: Incineroar|47/100\n|-enditem|p2b: Incineroar|Sitrus Berry|[eat]\n|-heal|p2b: Incineroar|72/100|[from] item: Sitrus Berry\n|-enditem|p1b: Incineroar|Sitrus Berry|[eat]\n|-heal|p1b: Incineroar|52/100|[from] item: Sitrus Berry\n|cant|p2a: Garchomp|flinch\n|\n|upkeep\n|turn|2\n|c| rulavgc|lemme make u a team bro\n|c| rulavgc|u like sun or u want a difff weather?\n|c|\u2606rajyesh1|nah\n|c|\u2606rajyesh1|ill try to amke one myself\n|inactive|rajyesh1 has 30 seconds left.\n|inactive|Byakugan54321 has 30 seconds left.\n|c| rulavgc|say less\n|\n|t:|1776079632\n|switch|p1b: Charizard|Charizard, L50, F|100/100\n|switch|p2b: Rotom|Rotom-Wash, L50|100/100\n|move|p1a: Garchomp|Earthquake|p2b: Rotom|[spread] p2a\n|-immune|p1b: Charizard\n|-immune|p2b: Rotom|[from] ability: Levitate\n|-damage|p2a: Garchomp|37/100\n|move|p2a: Garchomp|Earthquake|p1b: Charizard|[spread] p1a\n|-immune|p2b: Rotom|[from] ability: Levitate\n|-immune|p1b: Charizard\n|-damage|p1a: Garchomp|74/100\n|\n|upkeep\n|turn|3\n|c| rulavgc|cuz ts is cooked\n|c| rulavgc|deep fried honestly\n|inactive|rajyesh1 has 30 seconds left.\n|c| rulavgc|switch into ven and mega\n|inactive|rajyesh1 has 20 seconds left.\n|inactive|rajyesh1 has 15 seconds left.\n|inactive|rajyesh1 has 10 seconds left.\n|\n|t:|1776079679\n|switch|p2a: Venusaur|Venusaur, L50, M|100/100\n|switch|p1a: Rotom|Rotom-Wash, L50|100/100\n|detailschange|p1b: Charizard|Charizard-Mega-Y, L50, F\n|-mega|p1b: Charizard|Charizard|Charizardite Y\n|-weather|SunnyDay|[from] ability: Drought|[of] p1b: Charizard\n|move|p1b: Charizard|Solar Beam||[still]\n|-prepare|p1b: Charizard|Solar Beam\n|-anim|p1b: Charizard|Solar Beam|p2b: Rotom\n|-supereffective|p2b: Rotom|1\n|-damage|p2b: Rotom|0 fnt\n|faint|p2b: Rotom\n|\n|-weather|SunnyDay|[upkeep]\n|upkeep\n|\n|t:|1776079696\n|switch|p2b: Incineroar|Incineroar, L50, F|72/100\n|-ability|p2b: Incineroar|Intimidate|boost\n|-unboost|p1a: Rotom|atk|1\n|-unboost|p1b: Charizard|atk|1\n|turn|4\n|c| rulavgc|he stayed in....\n|\n|t:|1776079710\n|move|p1b: Charizard|Protect|p1b: Charizard\n|-singleturn|p1b: Charizard|Protect\n|move|p1a: Rotom|Protect|p1a: Rotom\n|-singleturn|p1a: Rotom|Protect\n|move|p2b: Incineroar|Fake Out|p1a: Rotom\n|-activate|p1a: Rotom|move: Protect\n|move|p2a: Venusaur|Sleep Powder|p1b: Charizard\n|-activate|p1b: Charizard|move: Protect\n|\n|-weather|SunnyDay|[upkeep]\n|upkeep\n|turn|5\n|c|\u2606rajyesh1|??\n|c|\u2606rajyesh1|i didnt brin ven\n|c| rulavgc|ur opp\n|c| rulavgc|i thought ur opp would switch\n|c|\u2606rajyesh1|ye\n|inactive|rajyesh1 has 30 seconds left.\n|inactive|Byakugan54321 has 30 seconds left.\n|\n|t:|1776079747\n|move|p2a: Venusaur|Sleep Powder|p1b: Charizard\n|-status|p1b: Charizard|slp|[from] move: Sleep Powder\n|cant|p1b: Charizard|slp\n|move|p1a: Rotom|Hydro Pump|p2b: Incineroar\n|-supereffective|p2b: Incineroar|1\n|-damage|p2b: Incineroar|32/100\n|move|p2b: Incineroar|Parting Shot|p1b: Charizard\n|-unboost|p1b: Charizard|atk|1\n|-unboost|p1b: Charizard|spa|1\n|\n|t:|1776079756\n|switch|p2b: Garchomp|Garchomp, L50, M|37/100|[from] Parting Shot\n|\n|-weather|SunnyDay|[upkeep]\n|upkeep\n|turn|6\n|c|\u2606rajyesh1|bruh i forgot\n|c|\u2606rajyesh1|its sun\n|c|\u2606rajyesh1|bruhhhhh\n|c| rulavgc|how\n|\n|t:|1776079774\n|switch|p1b: Incineroar|Incineroar, L50, F|52/100\n|-ability|p1b: Incineroar|Intimidate|boost\n|-unboost|p2a: Venusaur|atk|1\n|-unboost|p2b: Garchomp|atk|1\n|move|p2a: Venusaur|Leaf Storm|p1a: Rotom\n|-supereffective|p1a: Rotom|1\n|-damage|p1a: Rotom|0 fnt\n|-unboost|p2a: Venusaur|spa|2\n|faint|p1a: Rotom\n|move|p2b: Garchomp|Rock Slide|p1b: Incineroar\n|-supereffective|p1b: Incineroar|1\n|-damage|p1b: Incineroar|17/100\n|\n|-weather|SunnyDay|[upkeep]\n|upkeep\n|c| rulavgc|u have mega zard y\n|\n|t:|1776079784\n|switch|p1a: Garchomp|Garchomp, L50, M|74/100\n|turn|7\n|c| rulavgc|lmfao holy misplay\n|c|\u2606rajyesh1|nah like\n|c|\u2606rajyesh1|i forgot water type moves are weak\n|c|\u2606rajyesh1|in sun\n|inactive|rajyesh1 has 30 seconds left.\n|inactive|rajyesh1 has 20 seconds left.\n|c| rulavgc|maybe sun isnt for u crodie\n|\n|t:|1776079822\n|switch|p2b: Incineroar|Incineroar, L50, F|32/100\n|-ability|p2b: Incineroar|Intimidate|boost\n|-unboost|p1a: Garchomp|atk|1\n|-unboost|p1b: Incineroar|atk|1\n|move|p2a: Venusaur|Protect|p2a: Venusaur\n|-singleturn|p2a: Venusaur|Protect\n|move|p1b: Incineroar|Fake Out|p2a: Venusaur\n|-activate|p2a: Venusaur|move: Protect\n|move|p1a: Garchomp|Earthquake|p2b: Incineroar|[spread] p1b,p2b\n|-activate|p2a: Venusaur|move: Protect\n|-supereffective|p1b: Incineroar|1\n|-supereffective|p2b: Incineroar|1\n|-damage|p1b: Incineroar|0 fnt\n|-damage|p2b: Incineroar|0 fnt\n|faint|p1b: Incineroar\n|faint|p2b: Incineroar\n|\n|-weather|none\n|upkeep\n|c| rulavgc|cuz thats like the first thing ppl run sun for\n|\n|t:|1776079839\n|switch|p1b: Charizard|Charizard-Mega-Y, L50, F|100/100 slp\n|switch|p2b: Garchomp|Garchomp, L50, M|37/100\n|-weather|SunnyDay|[from] ability: Drought|[of] p1b: Charizard\n|turn|8\n|c|\u2606rajyesh1|srry\n|inactive|Byakugan54321 has 30 seconds left.\n|\n|t:|1776079877\n|move|p2a: Venusaur|Sleep Powder|p1a: Garchomp\n|-status|p1a: Garchomp|slp|[from] move: Sleep Powder\n|cant|p1a: Garchomp|slp\n|move|p2b: Garchomp|Dragon Claw|p1a: Garchomp\n|-supereffective|p1a: Garchomp|1\n|-damage|p1a: Garchomp|0 fnt\n|-damage|p2b: Garchomp|24/100|[from] ability: Rough Skin|[of] p1a: Garchomp\n|faint|p1a: Garchomp\n|cant|p1b: Charizard|slp\n|\n|-weather|SunnyDay|[upkeep]\n|upkeep\n|turn|9\n|\n|t:|1776079893\n|move|p2a: Venusaur|Sludge Bomb|p1b: Charizard\n|-damage|p1b: Charizard|80/100 slp\n|move|p2b: Garchomp|Dragon Claw|p2a: Venusaur\n|-damage|p2a: Venusaur|38/100\n|-curestatus|p1b: Charizard|slp|[msg]\n|move|p1b: Charizard|Heat Wave|p2b: Garchomp|[spread] p2a,p2b\n|-supereffective|p2a: Venusaur|1\n|-resisted|p2b: Garchomp|1\n|-damage|p2a: Venusaur|0 fnt\n|-damage|p2b: Garchomp|0 fnt\n|faint|p2a: Venusaur\n|faint|p2b: Garchomp\n|\n|win|rajyesh1\n|raw|rajyesh1's rating: 1058 &rarr; <strong>1087</strong><br />(+29 for winning)\n|raw|Byakugan54321's rating: 1029 &rarr; <strong>1016</strong><br />(-13 for losing)\n|c|\u2606rajyesh1|what\n",
  "uploadtime": 1776079908,
  "views": 11,
  "formatid": "gen9championsvgc2026regma",
  "rating": 1016,
  "private": 0,
  "password": null
}