{
  "id": "gen9championsvgc2026regma-2586402247",
  "format": "[Gen 9 Champions] VGC 2026 Reg M-A",
  "players": [
    "irzagx",
    "FunnyPheesh"
  ],
  "log": "|j|\u2606irzagx\n|j|\u2606FunnyPheesh\n|t:|1776432118\n|gametype|doubles\n|player|p1|irzagx|benga|\n|player|p2|FunnyPheesh|gwynn|\n|gen|9\n|tier|[Gen 9 Champions] VGC 2026 Reg M-A\n|rule|Species Clause: Limit one of each Pok\u00e9mon\n|rule|Item Clause: Limit 1 of each item\n|clearpoke\n|poke|p1|Farigiraf, L50, M|\n|poke|p1|Torkoal, L50, M|\n|poke|p1|Gyarados, L50, F|\n|poke|p1|Venusaur, L50, F|\n|poke|p1|Incineroar, L50, M|\n|poke|p1|Rotom-Wash, L50|\n|poke|p2|Alakazam, L50, M|\n|poke|p2|Floette-Eternal, L50, F|\n|poke|p2|Incineroar, L50, M|\n|poke|p2|Corviknight, L50, F|\n|poke|p2|Sinistcha, L50|\n|poke|p2|Gyarados, L50, F|\n|teampreview|4\n|\n|t:|1776432146\n|teamsize|p1|4\n|teamsize|p2|4\n|start\n|switch|p1a: Farigiraf|Farigiraf, L50, M|100/100\n|switch|p1b: Incineroar|Incineroar, L50, M, shiny|100/100\n|switch|p2a: Alakazam|Alakazam, L50, M|100/100\n|switch|p2b: Floette|Floette-Eternal, L50, F|100/100\n|-ability|p1b: Incineroar|Intimidate|boost\n|-unboost|p2a: Alakazam|atk|1\n|-unboost|p2b: Floette|atk|1\n|turn|1\n|\n|t:|1776432167\n|switch|p2a: Gyarados|Gyarados, L50, F|100/100\n|-ability|p2a: Gyarados|Intimidate|boost\n|-unboost|p1a: Farigiraf|atk|1\n|-unboost|p1b: Incineroar|atk|1\n|switch|p2b: Incineroar|Incineroar, L50, M|100/100\n|-ability|p2b: Incineroar|Intimidate|boost\n|-unboost|p1a: Farigiraf|atk|1\n|-unboost|p1b: Incineroar|atk|1\n|move|p1b: Incineroar|Darkest Lariat|p2a: Gyarados\n|-crit|p2a: Gyarados\n|-damage|p2a: Gyarados|34/100\n|move|p1a: Farigiraf|Trick Room|p1a: Farigiraf\n|-fieldstart|move: Trick Room|[of] p1a: Farigiraf\n|\n|upkeep\n|turn|2\n|\n|t:|1776432181\n|move|p2a: Gyarados|Protect|p2a: Gyarados\n|-singleturn|p2a: Gyarados|Protect\n|move|p1a: Farigiraf|Hyper Voice|p2b: Incineroar|[spread] p2b\n|-activate|p2a: Gyarados|move: Protect\n|-damage|p2b: Incineroar|81/100\n|move|p1b: Incineroar|Parting Shot|p2a: Gyarados\n|-activate|p2a: Gyarados|move: Protect\n|move|p2b: Incineroar|Throat Chop|p1a: Farigiraf\n|-supereffective|p1a: Farigiraf|1\n|-damage|p1a: Farigiraf|34/100\n|-start|p1a: Farigiraf|Throat Chop|[silent]\n|-enditem|p1a: Farigiraf|Sitrus Berry|[eat]\n|-heal|p1a: Farigiraf|58/100|[from] item: Sitrus Berry\n|\n|upkeep\n|turn|3\n|\n|t:|1776432203\n|move|p1a: Farigiraf|Protect|p1a: Farigiraf\n|-singleturn|p1a: Farigiraf|Protect\n|move|p1b: Incineroar|Parting Shot|p2a: Gyarados\n|-unboost|p2a: Gyarados|atk|1\n|-unboost|p2a: Gyarados|spa|1\n|\n|t:|1776432219\n|switch|p1b: Torkoal|Torkoal, L50, M, shiny|100/100|[from] Parting Shot\n|-weather|SunnyDay|[from] ability: Drought|[of] p1b: Torkoal\n|move|p2b: Incineroar|Parting Shot|p1a: Farigiraf\n|-activate|p1a: Farigiraf|move: Protect\n|move|p2a: Gyarados|Waterfall|p1b: Torkoal\n|-supereffective|p1b: Torkoal|1\n|-damage|p1b: Torkoal|77/100\n|\n|-weather|SunnyDay|[upkeep]\n|-end|p1a: Farigiraf|Throat Chop|[silent]\n|upkeep\n|turn|4\n|\n|t:|1776432231\n|move|p2a: Gyarados|Protect|p2a: Gyarados\n|-singleturn|p2a: Gyarados|Protect\n|move|p1b: Torkoal|Eruption|p2b: Incineroar|[spread] p2b\n|-activate|p2a: Gyarados|move: Protect\n|-resisted|p2b: Incineroar|1\n|-damage|p2b: Incineroar|54/100\n|move|p1a: Farigiraf|Hyper Voice|p2a: Gyarados|[spread] p2b\n|-activate|p2a: Gyarados|move: Protect\n|-damage|p2b: Incineroar|35/100\n|move|p2b: Incineroar|Parting Shot|p1b: Torkoal\n|-unboost|p1b: Torkoal|atk|1\n|-unboost|p1b: Torkoal|spa|1\n|\n|t:|1776432245\n|switch|p2b: Floette|Floette-Eternal, L50, F|100/100|[from] Parting Shot\n|\n|-weather|SunnyDay|[upkeep]\n|upkeep\n|turn|5\n|\n|t:|1776432261\n|switch|p1a: Incineroar|Incineroar, L50, M, shiny|100/100\n|-ability|p1a: Incineroar|Intimidate|boost\n|-unboost|p2a: Gyarados|atk|1\n|-unboost|p2b: Floette|atk|1\n|switch|p2a: Incineroar|Incineroar, L50, M|35/100\n|-ability|p2a: Incineroar|Intimidate|boost\n|-unboost|p1a: Incineroar|atk|1\n|-unboost|p1b: Torkoal|atk|1\n|detailschange|p2b: Floette|Floette-Mega, L50, F\n|-mega|p2b: Floette|Floette|Floettite\n|-ability|p2b: Floette|Fairy Aura\n|move|p1b: Torkoal|Eruption|p2b: Floette|[spread] p2a,p2b\n|-resisted|p2a: Incineroar|1\n|-damage|p2a: Incineroar|17/100\n|-damage|p2b: Floette|60/100\n|move|p2b: Floette|Calm Mind|p2b: Floette\n|-boost|p2b: Floette|spa|1\n|-boost|p2b: Floette|spd|1\n|\n|-weather|SunnyDay|[upkeep]\n|-fieldend|move: Trick Room\n|upkeep\n|turn|6\n|\n|t:|1776432294\n|move|p2a: Incineroar|Fake Out|p1a: Incineroar\n|-damage|p1a: Incineroar|90/100\n|cant|p1a: Incineroar|flinch\n|move|p2b: Floette|Dazzling Gleam|p1b: Torkoal|[spread] p1a,p1b\n|-resisted|p1b: Torkoal|1\n|-damage|p1a: Incineroar|24/100\n|-damage|p1b: Torkoal|28/100\n|move|p1b: Torkoal|Earth Power|p2a: Incineroar\n|-supereffective|p2a: Incineroar|1\n|-damage|p2a: Incineroar|0 fnt\n|faint|p2a: Incineroar\n|\n|-weather|SunnyDay|[upkeep]\n|-heal|p1a: Incineroar|30/100|[from] item: Leftovers\n|upkeep\n|\n|t:|1776432303\n|switch|p2a: Alakazam|Alakazam, L50, M|100/100\n|turn|7\n|\n|t:|1776432315\n|move|p1b: Torkoal|Protect|p1b: Torkoal\n|-singleturn|p1b: Torkoal|Protect\n|move|p2a: Alakazam|Skill Swap|p2b: Floette\n|-activate|p2a: Alakazam|Skill Swap|||[of] p2b: Floette\n|-ability|p2a: Alakazam|Fairy Aura\n|move|p2b: Floette|Dazzling Gleam|p1b: Torkoal|[spread] p1a\n|-activate|p1b: Torkoal|move: Protect\n|-damage|p1a: Incineroar|0 fnt\n|faint|p1a: Incineroar\n|\n|-weather|none\n|upkeep\n|\n|t:|1776432329\n|switch|p1a: Farigiraf|Farigiraf, L50, M|58/100\n|turn|8\n|\n|t:|1776432340\n|switch|p1b: Venusaur|Venusaur, L50, F, shiny|100/100\n|move|p2a: Alakazam|Dazzling Gleam|p1b: Venusaur|[spread] p1a,p1b\n|-resisted|p1b: Venusaur|1\n|-damage|p1a: Farigiraf|38/100\n|-damage|p1b: Venusaur|87/100\n|move|p2b: Floette|Light of Ruin|p1a: Farigiraf\n|-damage|p1a: Farigiraf|0 fnt\n|faint|p1a: Farigiraf\n|\n|upkeep\n|\n|t:|1776432351\n|switch|p1a: Torkoal|Torkoal, L50, M, shiny|28/100\n|-weather|SunnyDay|[from] ability: Drought|[of] p1a: Torkoal\n|turn|9\n|\n|t:|1776432358\n|move|p2b: Floette|Protect|p2b: Floette\n|-singleturn|p2b: Floette|Protect\n|move|p1b: Venusaur|Sleep Powder|p2b: Floette\n|-activate|p2b: Floette|move: Protect\n|move|p2a: Alakazam|Skill Swap|p1b: Venusaur\n|-activate|p2a: Alakazam|Skill Swap|Chlorophyll|Fairy Aura|[of] p1b: Venusaur\n|-ability|p1b: Venusaur|Fairy Aura\n|move|p1a: Torkoal|Eruption|p2b: Floette|[spread] p2a\n|-activate|p2b: Floette|move: Protect\n|-damage|p2a: Alakazam|65/100\n|\n|-weather|SunnyDay|[upkeep]\n|upkeep\n|turn|10\n|\n|t:|1776432378\n|move|p1b: Venusaur|Protect|p1b: Venusaur\n|-singleturn|p1b: Venusaur|Protect\n|move|p1a: Torkoal|Protect|p1a: Torkoal\n|-singleturn|p1a: Torkoal|Protect\n|move|p2a: Alakazam|Dazzling Gleam|p1b: Venusaur|[spread] \n|-activate|p1a: Torkoal|move: Protect\n|-activate|p1b: Venusaur|move: Protect\n|move|p2b: Floette|Light of Ruin|p1b: Venusaur\n|-activate|p1b: Venusaur|move: Protect\n|\n|-weather|SunnyDay|[upkeep]\n|upkeep\n|turn|11\n|\n|t:|1776432404\n|move|p2a: Alakazam|Dazzling Gleam|p1a: Torkoal|[spread] p1a,p1b\n|-resisted|p1a: Torkoal|1\n|-resisted|p1b: Venusaur|1\n|-crit|p1b: Venusaur\n|-damage|p1a: Torkoal|10/100\n|-damage|p1b: Venusaur|66/100\n|move|p2b: Floette|Light of Ruin|p1b: Venusaur\n|-resisted|p1b: Venusaur|1\n|-damage|p1b: Venusaur|0 fnt\n|faint|p1b: Venusaur\n|move|p1a: Torkoal|Eruption|p2b: Floette|[spread] p2a,p2b\n|-crit|p2b: Floette\n|-damage|p2a: Alakazam|54/100\n|-damage|p2b: Floette|49/100\n|\n|-weather|SunnyDay|[upkeep]\n|upkeep\n|turn|12\n|-message|irzagx forfeited.\n|\n|win|FunnyPheesh\n|l|\u2606irzagx\n|player|p1|\n|l|\u2606FunnyPheesh\n|player|p2|\n|j|\u2606FunnyPheesh\n|player|p2|FunnyPheesh|gwynn|\n",
  "uploadtime": 1776432461,
  "views": 30,
  "formatid": "gen9championsvgc2026regma",
  "rating": null,
  "private": 0,
  "password": null
}