{
  "id": "gen9championsvgc2026regma-2588543316",
  "format": "[Gen 9 Champions] VGC 2026 Reg M-A",
  "players": [
    "Guruhim",
    "Mitsuko Kongo"
  ],
  "log": "|j|\u2606Guruhim\n|j|\u2606Mitsuko Kongo\n|t:|1776643351\n|gametype|doubles\n|player|p1|Guruhim|265|1188\n|player|p2|Mitsuko Kongo|concordia|1158\n|gen|9\n|tier|[Gen 9 Champions] VGC 2026 Reg M-A\n|rated|\n|rule|Species Clause: Limit one of each Pok\u00e9mon\n|rule|Item Clause: Limit 1 of each item\n|clearpoke\n|poke|p1|Scizor, L50, F|\n|poke|p1|Weavile, L50, M|\n|poke|p1|Basculegion, L50, M|\n|poke|p1|Pelipper, L50, F|\n|poke|p1|Archaludon, L50, M|\n|poke|p1|Sinistcha, L50|\n|poke|p2|Tyranitar, L50, M|\n|poke|p2|Excadrill, L50, M|\n|poke|p2|Corviknight, L50, F|\n|poke|p2|Rotom-Wash, L50|\n|poke|p2|Mimikyu, L50, F|\n|poke|p2|Hydreigon, L50, F|\n|teampreview|4\n|inactive|Battle timer is ON: inactive players will automatically lose when time's up. (requested by Mitsuko Kongo)\n|\n|t:|1776643386\n|teamsize|p1|4\n|teamsize|p2|4\n|start\n|switch|p1a: Scizor|Scizor, L50, F|100/100\n|switch|p1b: Basculegion|Basculegion, L50, M|100/100\n|switch|p2a: Tyranitar|Tyranitar, L50, M|100/100\n|switch|p2b: Excadrill|Excadrill, L50, M|100/100\n|-weather|Sandstorm|[from] ability: Sand Stream|[of] p2a: Tyranitar\n|turn|1\n|inactive|Mitsuko Kongo has 30 seconds left.\n|inactive|Mitsuko Kongo has 20 seconds left.\n|inactive|Guruhim has 30 seconds left.\n|inactive|Mitsuko Kongo has 15 seconds left.\n|\n|t:|1776643431\n|detailschange|p1a: Scizor|Scizor-Mega, L50, F\n|-mega|p1a: Scizor|Scizor|Scizorite\n|move|p1a: Scizor|Protect|p1a: Scizor\n|-singleturn|p1a: Scizor|Protect\n|move|p2a: Tyranitar|Protect|p2a: Tyranitar\n|-singleturn|p2a: Tyranitar|Protect\n|move|p2b: Excadrill|Rock Slide|p1b: Basculegion|[spread] p1b\n|-activate|p1a: Scizor|move: Protect\n|-damage|p1b: Basculegion|73/100\n|move|p1b: Basculegion|Wave Crash|p2a: Tyranitar\n|-activate|p2a: Tyranitar|move: Protect\n|\n|-weather|Sandstorm|[upkeep]\n|-damage|p1b: Basculegion|67/100|[from] Sandstorm\n|upkeep\n|turn|2\n|inactive|Mitsuko Kongo has 30 seconds left.\n|inactive|Guruhim has 30 seconds left.\n|\n|t:|1776643462\n|switch|p1a: Pelipper|Pelipper, L50, F|100/100\n|-weather|RainDance|[from] ability: Drizzle|[of] p1a: Pelipper\n|switch|p2a: Hydreigon|Hydreigon, L50, F|100/100\n|move|p1b: Basculegion|Wave Crash|p2b: Excadrill\n|-supereffective|p2b: Excadrill|1\n|-enditem|p2b: Excadrill|Focus Sash\n|-damage|p2b: Excadrill|1/100\n|-damage|p1b: Basculegion|36/100|[from] Recoil\n|move|p2b: Excadrill|Earthquake|p1a: Pelipper|[spread] p1b\n|-immune|p2a: Hydreigon|[from] ability: Levitate\n|-immune|p1a: Pelipper\n|-damage|p1b: Basculegion|0 fnt\n|faint|p1b: Basculegion\n|\n|-weather|RainDance|[upkeep]\n|upkeep\n|\n|t:|1776643484\n|switch|p1b: Scizor|Scizor-Mega, L50, F|100/100\n|turn|3\n|\n|t:|1776643506\n|switch|p2b: Tyranitar|Tyranitar, L50, M|100/100\n|-weather|Sandstorm|[from] ability: Sand Stream|[of] p2b: Tyranitar\n|move|p2a: Hydreigon|Heat Wave|p1a: Pelipper|[spread] p1b\n|-miss|p2a: Hydreigon|p1a: Pelipper\n|-supereffective|p1b: Scizor|2\n|-damage|p1b: Scizor|0 fnt\n|faint|p1b: Scizor\n|move|p1a: Pelipper|Tailwind|p1a: Pelipper\n|-sidestart|p1: Guruhim|move: Tailwind\n|\n|-weather|Sandstorm|[upkeep]\n|-damage|p2a: Hydreigon|95/100|[from] Sandstorm\n|-damage|p1a: Pelipper|95/100|[from] Sandstorm\n|-heal|p1a: Pelipper|100/100|[from] item: Leftovers\n|upkeep\n|\n|t:|1776643515\n|switch|p1b: Archaludon|Archaludon, L50, M|100/100\n|turn|4\n|\n|t:|1776643528\n|switch|p2a: Corviknight|Corviknight, L50, F|100/100\n|detailschange|p2b: Tyranitar|Tyranitar-Mega, L50, M\n|-mega|p2b: Tyranitar|Tyranitar|Tyranitarite\n|move|p1b: Archaludon|Flash Cannon|p2b: Tyranitar\n|-supereffective|p2b: Tyranitar|1\n|-damage|p2b: Tyranitar|56/100\n|move|p1a: Pelipper|Hurricane|p2a: Corviknight\n|-resisted|p2a: Corviknight|1\n|-damage|p2a: Corviknight|85/100\n|move|p2b: Tyranitar|Rock Slide|p1a: Pelipper|[spread] p1a\n|-miss|p2b: Tyranitar|p1b: Archaludon\n|-supereffective|p1a: Pelipper|1\n|-damage|p1a: Pelipper|39/100\n|\n|-weather|Sandstorm|[upkeep]\n|-damage|p1a: Pelipper|33/100|[from] Sandstorm\n|-heal|p1a: Pelipper|39/100|[from] item: Leftovers\n|-heal|p2a: Corviknight|91/100|[from] item: Leftovers\n|upkeep\n|turn|5\n|-message|Guruhim forfeited.\n|\n|win|Mitsuko Kongo\n|raw|Guruhim's rating: 1188 &rarr; <strong>1161</strong><br />(-27 for losing)\n|raw|Mitsuko Kongo's rating: 1158 &rarr; <strong>1185</strong><br />(+27 for winning)\n|l|\u2606Guruhim\n|player|p1|\n|c|\u2606Mitsuko Kongo|gg\n",
  "uploadtime": 1776643552,
  "views": 5,
  "formatid": "gen9championsvgc2026regma",
  "rating": 1161,
  "private": 0,
  "password": null
}