{
  "id": "gen9championsvgc2026regma-2586287081",
  "format": "[Gen 9 Champions] VGC 2026 Reg M-A",
  "players": [
    "Yaves 1243",
    "Miiihihihi"
  ],
  "log": "|j|\u2606Yaves 1243\n|j|\u2606Miiihihihi\n|t:|1776421482\n|gametype|doubles\n|player|p1|Yaves 1243|102|1120\n|player|p2|Miiihihihi|boarder|1030\n|gen|9\n|tier|[Gen 9 Champions] VGC 2026 Reg M-A\n|rated|\n|rule|Species Clause: Limit one of each Pok\u00e9mon\n|rule|Item Clause: Limit 1 of each item\n|clearpoke\n|poke|p1|Feraligatr, L50, M|\n|poke|p1|Aerodactyl, L50, F|\n|poke|p1|Incineroar, L50, F|\n|poke|p1|Venusaur, L50, F|\n|poke|p1|Raichu, L50, M|\n|poke|p1|Vanilluxe, L50, F|\n|poke|p2|Dragonite, L50, M|\n|poke|p2|Sinistcha, L50|\n|poke|p2|Pelipper, L50, F|\n|poke|p2|Espathra, L50, F|\n|poke|p2|Basculegion, L50, M|\n|poke|p2|Sneasler, L50, F|\n|teampreview|4\nYaves 1243 rejected open team sheets.\n|inactive|Battle timer is ON: inactive players will automatically lose when time's up. (requested by Yaves 1243)\n|\n|t:|1776421566\n|teamsize|p1|4\n|teamsize|p2|4\n|start\n|switch|p1a: Feraligatr|Feraligatr, L50, M, shiny|100/100\n|switch|p1b: Aerodactyl|Aerodactyl, L50, F|100/100\n|switch|p2a: Pelipper|Pelipper, L50, F|100/100\n|switch|p2b: Basculegion|Basculegion, L50, M|100/100\n|-weather|RainDance|[from] ability: Drizzle|[of] p2a: Pelipper\n|turn|1\n|inactive|Yaves 1243 has 30 seconds left.\n|inactive|Miiihihihi has 30 seconds left.\n|inactive|Yaves 1243 has 20 seconds left.\n|inactive|Yaves 1243 has 15 seconds left.\n|inactive|Yaves 1243 has 10 seconds left.\n|\n|t:|1776421613\n|switch|p1b: Vanilluxe|Vanilluxe, L50, F, shiny|100/100\n|-weather|Snowscape|[from] ability: Snow Warning|[of] p1b: Vanilluxe\n|detailschange|p1a: Feraligatr|Feraligatr-Mega, L50, M, shiny\n|-mega|p1a: Feraligatr|Feraligatr|Feraligite\n|move|p2b: Basculegion|Flip Turn|p1b: Vanilluxe\n|-damage|p1b: Vanilluxe|73/100\n|\n|t:|1776421629\n|switch|p2b: Dragonite|Dragonite, L50, M|100/100|[from] Flip Turn\n|move|p1a: Feraligatr|Double-Edge|p2b: Dragonite\n|-supereffective|p2b: Dragonite|1\n|-damage|p2b: Dragonite|12/100\n|-damage|p1a: Feraligatr|70/100|[from] Recoil\n|move|p2a: Pelipper|Tailwind|p2a: Pelipper\n|-sidestart|p2: Miiihihihi|move: Tailwind\n|\n|-weather|Snowscape|[upkeep]\n|upkeep\n|turn|2\n|inactive|Miiihihihi has 30 seconds left.\n|inactive|Miiihihihi has 20 seconds left.\n|inactive|Miiihihihi has 15 seconds left.\n|inactive|Miiihihihi has 10 seconds left.\n|inactive|Miiihihihi has 5 seconds left.\n|\n|t:|1776421686\n|switch|p2a: Sinistcha|Sinistcha, L50|100/100\n|-heal|p2b: Dragonite|37/100|[from] ability: Hospitality|[of] p2a: Sinistcha\n|move|p1a: Feraligatr|Protect|p1a: Feraligatr\n|-singleturn|p1a: Feraligatr|Protect\n|move|p2b: Dragonite|Roost|p2b: Dragonite\n|-heal|p2b: Dragonite|87/100\n|-singleturn|p2b: Dragonite|move: Roost\n|move|p1b: Vanilluxe|Freeze-Dry|p2a: Sinistcha\n|-supereffective|p2a: Sinistcha|1\n|-damage|p2a: Sinistcha|25/100\n|-enditem|p2a: Sinistcha|Sitrus Berry|[eat]\n|-heal|p2a: Sinistcha|50/100|[from] item: Sitrus Berry\n|\n|-weather|Snowscape|[upkeep]\n|upkeep\n|turn|3\n|inactive|Yaves 1243 has 30 seconds left.\n|inactive|Miiihihihi has 30 seconds left.\n|inactive|Yaves 1243 has 20 seconds left.\n|inactive|Miiihihihi has 20 seconds left.\n|inactive|Miiihihihi has 15 seconds left.\n|inactive|Yaves 1243 has 15 seconds left.\n|inactive|Miiihihihi has 10 seconds left.\n|inactive|Yaves 1243 has 10 seconds left.\n|\n|t:|1776421739\n|switch|p1a: Aerodactyl|Aerodactyl, L50, F|100/100\n|detailschange|p2b: Dragonite|Dragonite-Mega, L50, M\n|-mega|p2b: Dragonite|Dragonite|Dragoninite\n|move|p2a: Sinistcha|Rage Powder|p2a: Sinistcha\n|-singleturn|p2a: Sinistcha|move: Rage Powder\n|move|p2b: Dragonite|Heat Wave|p1a: Aerodactyl|[spread] p1a\n|-miss|p2b: Dragonite|p1b: Vanilluxe\n|-resisted|p1a: Aerodactyl|1\n|-damage|p1a: Aerodactyl|81/100\n|move|p1b: Vanilluxe|Aurora Veil|p1b: Vanilluxe\n|-sidestart|p1: Yaves 1243|move: Aurora Veil\n|\n|-weather|Snowscape|[upkeep]\n|upkeep\n|turn|4\n|inactive|Miiihihihi has 30 seconds left.\n|inactive|Miiihihihi has 20 seconds left.\n|inactive|Miiihihihi has 15 seconds left.\n|\n|t:|1776421783\n|switch|p2a: Pelipper|Pelipper, L50, F|100/100\n|-weather|RainDance|[from] ability: Drizzle|[of] p2a: Pelipper\n|move|p2b: Dragonite|Heat Wave|p1b: Vanilluxe|[spread] p1a,p1b\n|-resisted|p1a: Aerodactyl|1\n|-supereffective|p1b: Vanilluxe|1\n|-damage|p1a: Aerodactyl|74/100\n|-damage|p1b: Vanilluxe|53/100\n|move|p1a: Aerodactyl|Tailwind|p1a: Aerodactyl\n|-sidestart|p1: Yaves 1243|move: Tailwind\n|move|p1b: Vanilluxe|Blizzard|p2a: Pelipper|[spread] p2a\n|-miss|p1b: Vanilluxe|p2b: Dragonite\n|-damage|p2a: Pelipper|35/100\n|-status|p2a: Pelipper|frz\n|\n|-weather|RainDance|[upkeep]\n|-heal|p2a: Pelipper|41/100 frz|[from] item: Leftovers\n|-sideend|p2: Miiihihihi|move: Tailwind\n|upkeep\n|turn|5\n|inactive|Yaves 1243 has 30 seconds left.\n|inactive|Miiihihihi has 30 seconds left.\n|inactive|Yaves 1243 has 20 seconds left.\n|inactive|Yaves 1243 has 15 seconds left.\n|inactive|Yaves 1243 has 10 seconds left.\n|\n|t:|1776421830\n|switch|p1b: Raichu|Raichu, L50, M|100/100\n|switch|p2a: Sinistcha|Sinistcha, L50|50/100\n|-heal|p2b: Dragonite|100/100|[from] ability: Hospitality|[of] p2a: Sinistcha\n|move|p1a: Aerodactyl|Rock Slide|p2b: Dragonite|[spread] p2a,p2b\n|-supereffective|p2b: Dragonite|1\n|-damage|p2a: Sinistcha|25/100\n|-damage|p2b: Dragonite|80/100\n|move|p2b: Dragonite|Dragon Pulse|p1a: Aerodactyl\n|-damage|p1a: Aerodactyl|18/100\n|\n|-weather|RainDance|[upkeep]\n|upkeep\n|turn|6\n|inactive|Yaves 1243 has 30 seconds left.\n|inactive|Miiihihihi has 30 seconds left.\n|inactive|Miiihihihi has 20 seconds left.\n|inactive|Miiihihihi has 15 seconds left.\n|inactive|Yaves 1243 has 20 seconds left.\n|inactive|Miiihihihi has 10 seconds left.\n|inactive|Miiihihihi has 5 seconds left.\n|\n|t:|1776421883\n|switch|p2a: Basculegion|Basculegion, L50, M|100/100\n|move|p1a: Aerodactyl|Rock Slide|p2a: Basculegion|[spread] p2a,p2b\n|-supereffective|p2b: Dragonite|1\n|-damage|p2a: Basculegion|68/100\n|-damage|p2b: Dragonite|39/100\n|move|p1b: Raichu|Volt Tackle|p2b: Dragonite\n|-damage|p2b: Dragonite|0 fnt\n|faint|p2b: Dragonite\n|-damage|p1b: Raichu|85/100|[from] Recoil\n|\n|-weather|RainDance|[upkeep]\n|upkeep\n|\n|t:|1776421898\n|switch|p2b: Sinistcha|Sinistcha, L50|25/100\n|-heal|p2a: Basculegion|93/100|[from] ability: Hospitality|[of] p2b: Sinistcha\n|turn|7\n|inactive|Yaves 1243 has 30 seconds left.\n|inactive|Yaves 1243 has 20 seconds left.\n|inactive|Yaves 1243 has 15 seconds left.\n|\n|t:|1776421939\n|switch|p1a: Vanilluxe|Vanilluxe, L50, F, shiny|53/100\n|-weather|Snowscape|[from] ability: Snow Warning|[of] p1a: Vanilluxe\n|move|p2a: Basculegion|Aqua Jet|p1a: Vanilluxe\n|-damage|p1a: Vanilluxe|40/100\n|move|p1b: Raichu|Volt Tackle|p2a: Basculegion\n|-supereffective|p2a: Basculegion|1\n|-damage|p2a: Basculegion|0 fnt\n|faint|p2a: Basculegion\n|-damage|p1b: Raichu|41/100|[from] Recoil\n|move|p2b: Sinistcha|Matcha Gotcha|p1b: Raichu|[spread] p1a,p1b\n|-damage|p1a: Vanilluxe|18/100\n|-heal|p2b: Sinistcha|38/100|[from] drain|[of] p1a: Vanilluxe\n|-damage|p1b: Raichu|9/100\n|-heal|p2b: Sinistcha|53/100|[from] drain|[of] p1b: Raichu\n|-status|p1b: Raichu|brn\n|\n|-weather|Snowscape|[upkeep]\n|-damage|p1b: Raichu|3/100 brn|[from] brn\n|-sideend|p1: Yaves 1243|move: Tailwind\n|-sideend|p1: Yaves 1243|move: Aurora Veil\n|upkeep\n|\n|t:|1776421962\n|switch|p2a: Pelipper|Pelipper, L50, F|41/100 frz\n|-weather|RainDance|[from] ability: Drizzle|[of] p2a: Pelipper\n|turn|8\n|\n|t:|1776421987\n|-curestatus|p2a: Pelipper|frz|[msg]\n|move|p2a: Pelipper|Protect|p2a: Pelipper\n|-singleturn|p2a: Pelipper|Protect\n|move|p1b: Raichu|Volt Tackle|p2b: Sinistcha\n|-resisted|p2b: Sinistcha|1\n|-damage|p2b: Sinistcha|39/100\n|-damage|p1b: Raichu|0 fnt|[from] Recoil\n|faint|p1b: Raichu\n|move|p1a: Vanilluxe|Freeze-Dry|p2b: Sinistcha\n|-supereffective|p2b: Sinistcha|1\n|-damage|p2b: Sinistcha|0 fnt\n|faint|p2b: Sinistcha\n|\n|-weather|RainDance|[upkeep]\n|-heal|p2a: Pelipper|46/100|[from] item: Leftovers\n|upkeep\n|-message|Miiihihihi forfeited.\n|\n|win|Yaves 1243\n|raw|Yaves 1243's rating: 1120 &rarr; <strong>1139</strong><br />(+19 for winning)\n|raw|Miiihihihi's rating: 1030 &rarr; <strong>1019</strong><br />(-11 for losing)\n|l|\u2606Yaves 1243\n|player|p1|\n",
  "uploadtime": 1776422013,
  "views": 28,
  "formatid": "gen9championsvgc2026regma",
  "rating": 1019,
  "private": 0,
  "password": null
}