{
  "id": "gen9championsvgc2026regma-2583663052",
  "format": "[Gen 9 Champions] VGC 2026 Reg M-A",
  "players": [
    "ronjansje",
    "BinkPlayz"
  ],
  "log": "|j|\u2606ronjansje\n|j|\u2606BinkPlayz\n|t:|1776189562\n|gametype|doubles\n|player|p1|ronjansje|ninjaboy|1240\n|player|p2|BinkPlayz|veteran|1320\n|gen|9\n|tier|[Gen 9 Champions] VGC 2026 Reg M-A\n|rated|\n|rule|Species Clause: Limit one of each Pok\u00e9mon\n|rule|Item Clause: Limit 1 of each item\n|clearpoke\n|poke|p1|Golurk, L50|\n|poke|p1|Farigiraf, L50, M|\n|poke|p1|Incineroar, L50, M|\n|poke|p1|Torkoal, L50, M|\n|poke|p1|Venusaur, L50, M|\n|poke|p1|Charizard, L50, M|\n|poke|p2|Chandelure, L50, M|\n|poke|p2|Venusaur, L50, M|\n|poke|p2|Arcanine-Hisui, L50, M|\n|poke|p2|Whimsicott, L50, M|\n|poke|p2|Aegislash, L50, F|\n|poke|p2|Sneasler, L50, F|\n|teampreview|4\n|inactive|Battle timer is ON: inactive players will automatically lose when time's up. (requested by BinkPlayz)\nronjansje rejected open team sheets.\n|\n|t:|1776189587\n|teamsize|p1|4\n|teamsize|p2|4\n|start\n|switch|p1a: Incineroar|Incineroar, L50, M, shiny|100/100\n|switch|p1b: Farigiraf|Farigiraf, L50, M, shiny|100/100\n|switch|p2a: Chandelure|Chandelure, L50, M, shiny|100/100\n|switch|p2b: Whimsicott|Whimsicott, L50, M|100/100\n|-ability|p1a: Incineroar|Intimidate|boost\n|-unboost|p2a: Chandelure|atk|1\n|-unboost|p2b: Whimsicott|atk|1\n|turn|1\n|\n|t:|1776189606\n|switch|p2b: Arcanine|Arcanine-Hisui, L50, M|100/100\n|-ability|p2b: Arcanine|Intimidate|boost\n|-unboost|p1a: Incineroar|atk|1\n|-unboost|p1b: Farigiraf|atk|1\n|-enditem|p1a: Incineroar|White Herb\n|-clearnegativeboost|p1a: Incineroar|[silent]\n|detailschange|p2a: Chandelure|Chandelure-Mega, L50, M, shiny\n|-mega|p2a: Chandelure|Chandelure|Chandelurite\n|move|p2a: Chandelure|Flamethrower|p1b: Farigiraf\n|-damage|p1b: Farigiraf|39/100\n|move|p1a: Incineroar|Assurance|p2a: Chandelure\n|-supereffective|p2a: Chandelure|1\n|-damage|p2a: Chandelure|45/100\n|move|p1b: Farigiraf|Trick Room|p1b: Farigiraf\n|-fieldstart|move: Trick Room|[of] p1b: Farigiraf\n|\n|upkeep\n|turn|2\n|inactive|ronjansje has 30 seconds left.\n|\n|t:|1776189635\n|move|p2a: Chandelure|Protect|p2a: Chandelure\n|-singleturn|p2a: Chandelure|Protect\n|move|p1b: Farigiraf|Psychic|p2b: Arcanine\n|-damage|p2b: Arcanine|53/100\n|move|p1a: Incineroar|Close Combat|p2b: Arcanine\n|-supereffective|p2b: Arcanine|1\n|-damage|p2b: Arcanine|0 fnt\n|-unboost|p1a: Incineroar|def|1\n|-unboost|p1a: Incineroar|spd|1\n|faint|p2b: Arcanine\n|\n|upkeep\n|\n|t:|1776189646\n|switch|p2b: Sneasler|Sneasler, L50, F|100/100\n|turn|3\n|\n|t:|1776189656\n|switch|p2a: Whimsicott|Whimsicott, L50, M|100/100\n|move|p2b: Sneasler|Protect|p2b: Sneasler\n|-singleturn|p2b: Sneasler|Protect\n|move|p1b: Farigiraf|Psychic|p2b: Sneasler\n|-activate|p2b: Sneasler|move: Protect\n|move|p1a: Incineroar|Assurance|p2a: Whimsicott\n|-resisted|p2a: Whimsicott|1\n|-damage|p2a: Whimsicott|83/100\n|\n|upkeep\n|turn|4\n|\n|t:|1776189677\n|switch|p1b: Golurk|Golurk, L50|100/100\n|switch|p2b: Chandelure|Chandelure-Mega, L50, M, shiny|45/100\n|move|p2a: Whimsicott|Protect|p2a: Whimsicott\n|-singleturn|p2a: Whimsicott|Protect\n|move|p1a: Incineroar|Flare Blitz|p2a: Whimsicott\n|-activate|p2a: Whimsicott|move: Protect\n|\n|upkeep\n|turn|5\n|inactive|BinkPlayz has 30 seconds left.\n|inactive|ronjansje has 30 seconds left.\n|inactive|BinkPlayz has 20 seconds left.\n|inactive|ronjansje has 20 seconds left.\n|\n|t:|1776189720\n|detailschange|p1b: Golurk|Golurk-Mega, L50\n|-mega|p1b: Golurk|Golurk|Golurkite\n|move|p1a: Incineroar|Flare Blitz|p2a: Whimsicott\n|-supereffective|p2a: Whimsicott|1\n|-damage|p2a: Whimsicott|0 fnt\n|faint|p2a: Whimsicott\n|-damage|p1a: Incineroar|78/100|[from] Recoil\n|move|p1b: Golurk|Headlong Rush|p2b: Chandelure\n|-supereffective|p2b: Chandelure|1\n|-damage|p2b: Chandelure|0 fnt\n|-unboost|p1b: Golurk|def|1\n|-unboost|p1b: Golurk|spd|1\n|faint|p2b: Chandelure\n|\n|-fieldend|move: Trick Room\n|upkeep\n|-message|BinkPlayz forfeited.\n|\n|win|ronjansje\n|raw|ronjansje's rating: 1240 &rarr; <strong>1271</strong><br />(+31 for winning)\n|raw|BinkPlayz's rating: 1320 &rarr; <strong>1295</strong><br />(-25 for losing)\n|l|\u2606BinkPlayz\n|player|p2|\n",
  "uploadtime": 1776189776,
  "views": 23,
  "formatid": "gen9championsvgc2026regma",
  "rating": 1271,
  "private": 0,
  "password": null
}