{
  "id": "gen9championsvgc2026regma-2580646458",
  "format": "[Gen 9 Champions] VGC 2026 Reg M-A",
  "players": [
    "tf2026",
    "250Volts"
  ],
  "log": "|j|\u2606tf2026\n|j|\u2606250Volts\n|t:|1775921004\n|gametype|doubles\n|player|p1|tf2026|2|1253\n|player|p2|250Volts|170|1263\n|gen|9\n|tier|[Gen 9 Champions] VGC 2026 Reg M-A\n|rated|\n|rule|Species Clause: Limit one of each Pok\u00e9mon\n|rule|Item Clause: Limit 1 of each item\n|clearpoke\n|poke|p1|Froslass, L50, F|\n|poke|p1|Milotic, L50, M|\n|poke|p1|Azumarill, L50, M|\n|poke|p1|Sinistcha-Masterpiece, L50|\n|poke|p1|Sneasler, L50, F|\n|poke|p1|Whimsicott, L50, M|\n|poke|p2|Oranguru, L50, F|\n|poke|p2|Gardevoir, L50, F|\n|poke|p2|Kingambit, L50, M|\n|poke|p2|Sinistcha, L50|\n|poke|p2|Maushold, L50|\n|poke|p2|Golurk, L50|\n|teampreview|4\n|\n|t:|1775921011\n|teamsize|p1|4\n|teamsize|p2|4\n|start\n|switch|p1a: Milotic|Milotic, L50, M|100/100\n|switch|p1b: Froslass|Froslass, L50, F|100/100\n|switch|p2a: Oranguru|Oranguru, L50, F|100/100\n|switch|p2b: Kingambit|Kingambit, L50, M|100/100\n|turn|1\n|\n|t:|1775921019\n|detailschange|p1b: Froslass|Froslass-Mega, L50, F\n|-mega|p1b: Froslass|Froslass|Froslassite\n|-weather|Snowscape|[from] ability: Snow Warning|[of] p1b: Froslass\n|move|p1b: Froslass|Aurora Veil|p1b: Froslass\n|-sidestart|p1: tf2026|move: Aurora Veil\n|move|p1a: Milotic|Muddy Water|p2b: Kingambit|[spread] p2a,p2b\n|-crit|p2b: Kingambit\n|-damage|p2a: Oranguru|73/100\n|-damage|p2b: Kingambit|48/100\n|-unboost|p2a: Oranguru|accuracy|1\n|move|p2b: Kingambit|Iron Head|p1b: Froslass\n|-supereffective|p1b: Froslass|1\n|-damage|p1b: Froslass|35/100\n|move|p2a: Oranguru|Trick Room|p2a: Oranguru\n|-fieldstart|move: Trick Room|[of] p2a: Oranguru\n|\n|-weather|Snowscape|[upkeep]\n|upkeep\n|turn|2\n|\n|t:|1775921040\n|move|p2b: Kingambit|Kowtow Cleave|p1b: Froslass\n|-supereffective|p1b: Froslass|1\n|-damage|p1b: Froslass|0 fnt\n|faint|p1b: Froslass\n|move|p2a: Oranguru|Instruct|p2b: Kingambit\n|-singleturn|p2b: Kingambit|move: Instruct|[of] p2a: Oranguru\n|move|p2b: Kingambit|Kowtow Cleave|p1a: Milotic\n|-damage|p1a: Milotic|57/100\n|move|p1a: Milotic|Muddy Water|p2a: Oranguru|[spread] p2a,p2b\n|-damage|p2a: Oranguru|47/100\n|-damage|p2b: Kingambit|15/100\n|\n|-weather|Snowscape|[upkeep]\n|-heal|p1a: Milotic|63/100|[from] item: Leftovers\n|upkeep\n|\n|t:|1775921044\n|switch|p1b: Sinistcha|Sinistcha-Masterpiece, L50|100/100\n|-heal|p1a: Milotic|88/100|[from] ability: Hospitality|[of] p1b: Sinistcha\n|turn|3\n|\n|t:|1775921058\n|move|p2b: Kingambit|Kowtow Cleave|p1b: Sinistcha\n|-supereffective|p1b: Sinistcha|1\n|-damage|p1b: Sinistcha|15/100\n|move|p2a: Oranguru|Instruct|p2b: Kingambit\n|-singleturn|p2b: Kingambit|move: Instruct|[of] p2a: Oranguru\n|move|p2b: Kingambit|Kowtow Cleave|p1b: Sinistcha\n|-supereffective|p1b: Sinistcha|1\n|-damage|p1b: Sinistcha|0 fnt\n|faint|p1b: Sinistcha\n|move|p1a: Milotic|Muddy Water|p2a: Oranguru|[spread] p2a,p2b\n|-damage|p2a: Oranguru|22/100\n|-damage|p2b: Kingambit|0 fnt\n|-unboost|p2a: Oranguru|accuracy|1\n|faint|p2b: Kingambit\n|\n|-weather|Snowscape|[upkeep]\n|-heal|p1a: Milotic|94/100|[from] item: Leftovers\n|upkeep\n|c|\u2606250Volts|Instruct is too op\n|\n|t:|1775921104\n|switch|p2b: Gardevoir|Gardevoir, L50, F|100/100\n|switch|p1b: Sneasler|Sneasler, L50, F|100/100\n|turn|4\n|\n|t:|1775921120\n|detailschange|p2b: Gardevoir|Gardevoir-Mega, L50, F\n|-mega|p2b: Gardevoir|Gardevoir|Gardevoirite\n|move|p1b: Sneasler|Protect|p1b: Sneasler\n|-singleturn|p1b: Sneasler|Protect\n|move|p2a: Oranguru|Psychic Terrain|p2a: Oranguru\n|-fieldstart|move: Psychic Terrain\n|move|p1a: Milotic|Muddy Water|p2b: Gardevoir|[spread] p2a,p2b\n|-crit|p2a: Oranguru\n|-damage|p2a: Oranguru|0 fnt\n|-damage|p2b: Gardevoir|75/100\n|faint|p2a: Oranguru\n|move|p2b: Gardevoir|Expanding Force|p1a: Milotic|[spread] p1a\n|-activate|p1b: Sneasler|move: Protect\n|-damage|p1a: Milotic|55/100\n|\n|-weather|Snowscape|[upkeep]\n|-heal|p1a: Milotic|62/100|[from] item: Leftovers\n|upkeep\n|\n|t:|1775921135\n|switch|p2a: Sinistcha|Sinistcha, L50|100/100\n|-heal|p2b: Gardevoir|99/100|[from] ability: Hospitality|[of] p2a: Sinistcha\n|turn|5\n|\n|t:|1775921157\n|move|p1b: Sneasler|Protect||[still]\n|-fail|p1b: Sneasler\n|move|p2a: Sinistcha|Matcha Gotcha|p1b: Sneasler|[spread] p1a,p1b\n|-supereffective|p1a: Milotic|1\n|-resisted|p1b: Sneasler|1\n|-damage|p1a: Milotic|34/100\n|-damage|p1b: Sneasler|88/100\n|-status|p1b: Sneasler|brn\n|move|p1a: Milotic|Blizzard|p2b: Gardevoir|[spread] p2a,p2b\n|-supereffective|p2a: Sinistcha|1\n|-damage|p2a: Sinistcha|52/100\n|-damage|p2b: Gardevoir|79/100\n|-status|p2b: Gardevoir|frz\n|cant|p2b: Gardevoir|frz\n|\n|-weather|none\n|-heal|p1a: Milotic|40/100|[from] item: Leftovers\n|-damage|p1b: Sneasler|83/100 brn|[from] brn\n|-sideend|p1: tf2026|move: Aurora Veil\n|-fieldend|move: Trick Room\n|upkeep\n|turn|6\n|c|\u2606250Volts|There\u2019s no way bruh\n|c|\u2606250Volts|Gg\n|c|\u2606250Volts|that\u2019s wild\n|\n|t:|1775921198\n|move|p2a: Sinistcha|Rage Powder|p2a: Sinistcha\n|-singleturn|p2a: Sinistcha|move: Rage Powder\n|move|p1b: Sneasler|Dire Claw|p2a: Sinistcha\n|-damage|p2a: Sinistcha|31/100\n|-status|p2a: Sinistcha|slp\n|cant|p2b: Gardevoir|frz\n|move|p1a: Milotic|Blizzard|p2b: Gardevoir|[spread] p2a\n|-miss|p1a: Milotic|p2b: Gardevoir\n|-supereffective|p2a: Sinistcha|1\n|-crit|p2a: Sinistcha\n|-damage|p2a: Sinistcha|0 fnt\n|faint|p2a: Sinistcha\n|\n|-heal|p1a: Milotic|47/100|[from] item: Leftovers\n|-damage|p1b: Sneasler|77/100 brn|[from] brn\n|upkeep\n|turn|7\n|\n|t:|1775921211\n|move|p1b: Sneasler|Dire Claw|p2b: Gardevoir\n|-supereffective|p2b: Gardevoir|1\n|-damage|p2b: Gardevoir|11/100 frz\n|-curestatus|p2b: Gardevoir|frz|[msg]\n|move|p2b: Gardevoir|Expanding Force|p1b: Sneasler|[spread] p1a,p1b\n|-supereffective|p1b: Sneasler|2\n|-damage|p1a: Milotic|0 fnt\n|-damage|p1b: Sneasler|0 fnt\n|faint|p1a: Milotic\n|faint|p1b: Sneasler\n|\n|win|250Volts\n|raw|tf2026's rating: 1272 &rarr; <strong>1246</strong><br />(-26 for losing)\n|raw|250Volts's rating: 1263 &rarr; <strong>1289</strong><br />(+26 for winning)\n|l|\u2606tf2026\n|player|p1|\n|c|\u2606250Volts|NO WAY\n",
  "uploadtime": 1775921225,
  "views": 21,
  "formatid": "gen9championsvgc2026regma",
  "rating": 1246,
  "private": 0,
  "password": null
}