{
  "id": "gen9championsvgc2026regma-2588003373",
  "format": "[Gen 9 Champions] VGC 2026 Reg M-A",
  "players": [
    "Alice369",
    "lolnezan78"
  ],
  "log": "|j|\u2606Alice369\n|j|\u2606lolnezan78\n|t:|1776591501\n|gametype|doubles\n|player|p1|Alice369|guitarist|1208\n|player|p2|lolnezan78|brycen|1280\n|gen|9\n|tier|[Gen 9 Champions] VGC 2026 Reg M-A\n|rated|\n|rule|Species Clause: Limit one of each Pok\u00e9mon\n|rule|Item Clause: Limit 1 of each item\n|clearpoke\n|poke|p1|Sinistcha, L50|\n|poke|p1|Araquanid, L50, M|\n|poke|p1|Snorlax, L50, F|\n|poke|p1|Crabominable, L50, M|\n|poke|p1|Farigiraf, L50, F|\n|poke|p1|Incineroar, L50, M|\n|poke|p2|Gallade, L50, M|\n|poke|p2|Kingambit, L50, F|\n|poke|p2|Aegislash, L50, F|\n|poke|p2|Aerodactyl, L50, F|\n|poke|p2|Arcanine, L50, F|\n|poke|p2|Venusaur, L50, F|\n|teampreview|4\n|inactive|Battle timer is ON: inactive players will automatically lose when time's up. (requested by Alice369)\n|\n|t:|1776591533\n|teamsize|p1|4\n|teamsize|p2|4\n|start\n|switch|p1a: Farigiraf|Farigiraf, L50, F|100/100\n|switch|p1b: Araquanid|Araquanid, L50, M|100/100\n|switch|p2a: Kingambit|Kingambit, L50, F|100/100\n|switch|p2b: Gallade|Gallade, L50, M|100/100\n|turn|1\n|\n|t:|1776591545\n|move|p1a: Farigiraf|Protect|p1a: Farigiraf\n|-singleturn|p1a: Farigiraf|Protect\n|move|p2b: Gallade|Night Slash|p1a: Farigiraf\n|-activate|p1a: Farigiraf|move: Protect\n|move|p2a: Kingambit|Kowtow Cleave|p1a: Farigiraf\n|-activate|p1a: Farigiraf|move: Protect\n|move|p1b: Araquanid|Reflect|p1b: Araquanid\n|-sidestart|p1: Alice369|Reflect\n|\n|upkeep\n|turn|2\n|inactive|Alice369 has 30 seconds left.\n|inactive|Alice369 has 20 seconds left.\n|inactive|Alice369 has 15 seconds left.\n|inactive|Alice369 has 10 seconds left.\n|inactive|Alice369 has 5 seconds left.\n|\n|t:|1776591598\n|move|p2b: Gallade|Night Slash|p1a: Farigiraf\n|-supereffective|p1a: Farigiraf|1\n|-enditem|p1a: Farigiraf|Colbur Berry|[eat]\n|-enditem|p1a: Farigiraf|Colbur Berry|[weaken]\n|-damage|p1a: Farigiraf|80/100\n|move|p2a: Kingambit|Kowtow Cleave|p1a: Farigiraf\n|-supereffective|p1a: Farigiraf|1\n|-damage|p1a: Farigiraf|14/100\n|move|p1a: Farigiraf|Hyper Voice|p2b: Gallade|[spread] p2a,p2b\n|-resisted|p2a: Kingambit|1\n|-damage|p2a: Kingambit|84/100\n|-damage|p2b: Gallade|65/100\n|move|p1b: Araquanid|Liquidation|p2b: Gallade\n|-damage|p2b: Gallade|0 fnt\n|faint|p2b: Gallade\n|\n|upkeep\n|\n|t:|1776591622\n|switch|p2b: Arcanine|Arcanine, L50, F|100/100\n|-ability|p2b: Arcanine|Intimidate|boost\n|-unboost|p1a: Farigiraf|atk|1\n|-unboost|p1b: Araquanid|atk|1\n|turn|3\n|\n|t:|1776591643\n|switch|p1b: Crabominable|Crabominable, L50, M|100/100\n|move|p1a: Farigiraf|Protect|p1a: Farigiraf\n|-singleturn|p1a: Farigiraf|Protect\n|move|p2b: Arcanine|Will-O-Wisp|p1b: Crabominable\n|-status|p1b: Crabominable|brn\n|move|p2a: Kingambit|Kowtow Cleave|p1a: Farigiraf\n|-activate|p1a: Farigiraf|move: Protect\n|\n|-damage|p1b: Crabominable|95/100 brn|[from] brn\n|upkeep\n|turn|4\n|inactive|Alice369 has 30 seconds left.\n|\n|t:|1776591676\n|switch|p1a: Araquanid|Araquanid, L50, M|100/100\n|switch|p1b: Snorlax|Snorlax, L50, F|100/100\n|move|p2b: Arcanine|Flare Blitz|p1b: Snorlax\n|-damage|p1b: Snorlax|90/100\n|-damage|p2b: Arcanine|96/100|[from] Recoil\n|move|p2a: Kingambit|Kowtow Cleave|p1a: Araquanid\n|-damage|p1a: Araquanid|56/100\n|\n|-heal|p1b: Snorlax|96/100|[from] item: Leftovers\n|upkeep\n|turn|5\n|\n|t:|1776591696\n|move|p2b: Arcanine|Will-O-Wisp|p1a: Araquanid\n|-immune|p1a: Araquanid|[from] ability: Water Bubble\n|move|p2a: Kingambit|Kowtow Cleave|p1b: Snorlax\n|-damage|p1b: Snorlax|68/100\n|move|p1a: Araquanid|Liquidation|p2b: Arcanine\n|-supereffective|p2b: Arcanine|1\n|-crit|p2b: Arcanine\n|-damage|p2b: Arcanine|0 fnt\n|faint|p2b: Arcanine\n|move|p1b: Snorlax|Curse|p1b: Snorlax\n|-unboost|p1b: Snorlax|spe|1\n|-boost|p1b: Snorlax|atk|1\n|-boost|p1b: Snorlax|def|1\n|\n|-heal|p1b: Snorlax|74/100|[from] item: Leftovers\n|-sideend|p1: Alice369|Reflect\n|upkeep\n|\n|t:|1776591708\n|switch|p2b: Venusaur|Venusaur, L50, F|100/100\n|turn|6\n|\n|t:|1776591722\n|detailschange|p2b: Venusaur|Venusaur-Mega, L50, F\n|-mega|p2b: Venusaur|Venusaur|Venusaurite\n|move|p2a: Kingambit|Protect|p2a: Kingambit\n|-singleturn|p2a: Kingambit|Protect\n|move|p1b: Snorlax|Protect|p1b: Snorlax\n|-singleturn|p1b: Snorlax|Protect\n|move|p2b: Venusaur|Leech Seed|p1b: Snorlax\n|-activate|p1b: Snorlax|move: Protect\n|move|p1a: Araquanid|Reflect|p1a: Araquanid\n|-sidestart|p1: Alice369|Reflect\n|\n|-heal|p1b: Snorlax|81/100|[from] item: Leftovers\n|upkeep\n|turn|7\n|\n|t:|1776591746\n|switch|p1b: Farigiraf|Farigiraf, L50, F|14/100\n|move|p2b: Venusaur|Leech Seed|p1b: Farigiraf\n|-start|p1b: Farigiraf|move: Leech Seed\n|move|p2a: Kingambit|Kowtow Cleave|p1a: Araquanid\n|-damage|p1a: Araquanid|17/100\n|move|p1a: Araquanid|Liquidation|p2a: Kingambit\n|-damage|p2a: Kingambit|40/100\n|\n|-damage|p1b: Farigiraf|1/100|[from] Leech Seed|[of] p2b: Venusaur\n|upkeep\n|turn|8\n|inactive|Alice369 has 30 seconds left.\n|inactive|lolnezan78 has 30 seconds left.\n|inactive|lolnezan78 has 20 seconds left.\n|\n|t:|1776591782\n|move|p2b: Venusaur|Sludge Bomb|p1a: Araquanid\n|-damage|p1a: Araquanid|0 fnt\n|faint|p1a: Araquanid\n|move|p2a: Kingambit|Kowtow Cleave|p1b: Farigiraf\n|-supereffective|p1b: Farigiraf|1\n|-damage|p1b: Farigiraf|0 fnt\n|faint|p1b: Farigiraf\n|\n|upkeep\n|\n|t:|1776591790\n|switch|p1b: Snorlax|Snorlax, L50, F|81/100\n|switch|p1a: Crabominable|Crabominable, L50, M|95/100 brn\n|turn|9\n|\n|t:|1776591805\n|detailschange|p1a: Crabominable|Crabominable-Mega, L50, M\n|-mega|p1a: Crabominable|Crabominable|Crabominite\n|move|p2a: Kingambit|Protect|p2a: Kingambit\n|-singleturn|p2a: Kingambit|Protect\n|move|p1b: Snorlax|Protect|p1b: Snorlax\n|-singleturn|p1b: Snorlax|Protect\n|move|p2b: Venusaur|Leech Seed|p1a: Crabominable\n|-start|p1a: Crabominable|move: Leech Seed\n|move|p1a: Crabominable|Drain Punch|p2a: Kingambit\n|-activate|p2a: Kingambit|move: Protect\n|\n|-heal|p1b: Snorlax|87/100|[from] item: Leftovers\n|-damage|p1a: Crabominable|83/100 brn|[from] Leech Seed|[of] p2b: Venusaur\n|-damage|p1a: Crabominable|77/100 brn|[from] brn\n|upkeep\n|turn|10\n|inactive|Alice369 has 30 seconds left.\n|\n|t:|1776591834\n|move|p2b: Venusaur|Leech Seed|p1b: Snorlax\n|-start|p1b: Snorlax|move: Leech Seed\n|move|p2a: Kingambit|Iron Head|p1a: Crabominable\n|-supereffective|p1a: Crabominable|1\n|-damage|p1a: Crabominable|30/100 brn\n|move|p1a: Crabominable|Drain Punch|p2a: Kingambit\n|-supereffective|p2a: Kingambit|2\n|-damage|p2a: Kingambit|0 fnt\n|-heal|p1a: Crabominable|51/100 brn|[from] drain|[of] p2a: Kingambit\n|faint|p2a: Kingambit\n|move|p1b: Snorlax|Curse|p1b: Snorlax\n|-unboost|p1b: Snorlax|spe|1\n|-boost|p1b: Snorlax|atk|1\n|-boost|p1b: Snorlax|def|1\n|\n|-heal|p1b: Snorlax|93/100|[from] item: Leftovers\n|-damage|p1a: Crabominable|39/100 brn|[from] Leech Seed|[of] p2b: Venusaur\n|-damage|p1b: Snorlax|81/100|[from] Leech Seed|[of] p2b: Venusaur\n|-damage|p1a: Crabominable|33/100 brn|[from] brn\n|-sideend|p1: Alice369|Reflect\n|upkeep\n|turn|11\n|\n|t:|1776591855\n|move|p2b: Venusaur|Sludge Bomb|p1b: Snorlax\n|-damage|p1b: Snorlax|58/100\n|move|p1a: Crabominable|Ice Hammer|p2b: Venusaur\n|-supereffective|p2b: Venusaur|1\n|-damage|p2b: Venusaur|75/100\n|-unboost|p1a: Crabominable|spe|1\n|move|p1b: Snorlax|Curse|p1b: Snorlax\n|-unboost|p1b: Snorlax|spe|1\n|-boost|p1b: Snorlax|atk|1\n|-boost|p1b: Snorlax|def|1\n|\n|-heal|p1b: Snorlax|65/100|[from] item: Leftovers\n|-damage|p1a: Crabominable|21/100 brn|[from] Leech Seed|[of] p2b: Venusaur\n|-heal|p2b: Venusaur|87/100|[silent]\n|-damage|p1b: Snorlax|52/100|[from] Leech Seed|[of] p2b: Venusaur\n|-heal|p2b: Venusaur|100/100|[silent]\n|-damage|p1a: Crabominable|15/100 brn|[from] brn\n|upkeep\n|turn|12\n|\n|t:|1776591876\n|move|p2b: Venusaur|Protect|p2b: Venusaur\n|-singleturn|p2b: Venusaur|Protect\n|move|p1a: Crabominable|Ice Hammer|p2b: Venusaur\n|-activate|p2b: Venusaur|move: Protect\n|move|p1b: Snorlax|Crunch|p2b: Venusaur\n|-activate|p2b: Venusaur|move: Protect\n|\n|-heal|p1b: Snorlax|58/100|[from] item: Leftovers\n|-damage|p1a: Crabominable|3/100 brn|[from] Leech Seed|[of] p2b: Venusaur\n|-damage|p1b: Snorlax|46/100|[from] Leech Seed|[of] p2b: Venusaur\n|-damage|p1a: Crabominable|0 fnt|[from] brn\n|faint|p1a: Crabominable\n|upkeep\n|turn|13\n|-message|Alice369 forfeited.\n|\n|win|lolnezan78\n|raw|Alice369's rating: 1208 &rarr; <strong>1188</strong><br />(-20 for losing)\n|raw|lolnezan78's rating: 1280 &rarr; <strong>1300</strong><br />(+20 for winning)\n|l|\u2606Alice369\n|player|p1|\n",
  "uploadtime": 1776591891,
  "views": 8,
  "formatid": "gen9championsvgc2026regma",
  "rating": 1188,
  "private": 0,
  "password": null
}