{
  "id": "gen9championsvgc2026regma-2587260949",
  "format": "[Gen 9 Champions] VGC 2026 Reg M-A",
  "players": [
    "lolgz",
    "millorre05"
  ],
  "log": "|j|\u2606lolgz\n|j|\u2606millorre05\n|t:|1776515653\n|gametype|doubles\n|player|p1|lolgz|dawn|1286\n|player|p2|millorre05|170|1304\n|gen|9\n|tier|[Gen 9 Champions] VGC 2026 Reg M-A\n|rated|\n|rule|Species Clause: Limit one of each Pok\u00e9mon\n|rule|Item Clause: Limit 1 of each item\n|clearpoke\n|poke|p1|Floette-Eternal, L50, F|\n|poke|p1|Aerodactyl, L50, M|\n|poke|p1|Basculegion, L50, M|\n|poke|p1|Delphox, L50, F|\n|poke|p1|Garchomp, L50, F|\n|poke|p1|Sinistcha, L50|\n|poke|p2|Charizard, L50, F|\n|poke|p2|Ampharos, L50, F|\n|poke|p2|Farigiraf, L50, M|\n|poke|p2|Kingambit, L50, M|\n|poke|p2|Torkoal, L50, F|\n|poke|p2|Venusaur, L50, M|\n|teampreview|4\n|inactive|Battle timer is ON: inactive players will automatically lose when time's up. (requested by millorre05)\n|inactive|millorre05 has 60 seconds left.\n|\n|t:|1776515687\n|teamsize|p1|4\n|teamsize|p2|4\n|start\n|switch|p1a: Delphox|Delphox, L50, F|100/100\n|switch|p1b: Garchomp|Garchomp, L50, F|100/100\n|switch|p2a: Ampharos|Ampharos, L50, F|100/100\n|switch|p2b: Farigiraf|Farigiraf, L50, M|100/100\n|turn|1\n|\n|t:|1776515706\n|detailschange|p1a: Delphox|Delphox-Mega, L50, F\n|-mega|p1a: Delphox|Delphox|Delphoxite\n|move|p2a: Ampharos|Protect|p2a: Ampharos\n|-singleturn|p2a: Ampharos|Protect\n|move|p1a: Delphox|Heat Wave|p2a: Ampharos|[spread] \n|-activate|p2a: Ampharos|move: Protect\n|-miss|p1a: Delphox|p2b: Farigiraf\n|move|p1b: Garchomp|Earthquake|p2b: Farigiraf|[spread] p2b\n|-activate|p2a: Ampharos|move: Protect\n|-immune|p1a: Delphox|[from] ability: Levitate\n|-damage|p2b: Farigiraf|58/100\n|move|p2b: Farigiraf|Trick Room|p2b: Farigiraf\n|-fieldstart|move: Trick Room|[of] p2b: Farigiraf\n|\n|upkeep\n|turn|2\n|\n|t:|1776515722\n|detailschange|p2a: Ampharos|Ampharos-Mega, L50, F\n|-mega|p2a: Ampharos|Ampharos|Ampharosite\n|-ability|p2a: Ampharos|Mold Breaker\n|move|p2a: Ampharos|Dragon Pulse|p1b: Garchomp\n|-supereffective|p1b: Garchomp|1\n|-damage|p1b: Garchomp|0 fnt\n|faint|p1b: Garchomp\n|move|p2b: Farigiraf|Hyper Voice|p1a: Delphox\n|-damage|p1a: Delphox|60/100\n|move|p1a: Delphox|Heat Wave|p2b: Farigiraf|[spread] p2a,p2b\n|-resisted|p2a: Ampharos|1\n|-damage|p2a: Ampharos|82/100\n|-damage|p2b: Farigiraf|20/100\n|-status|p2b: Farigiraf|brn\n|-enditem|p2b: Farigiraf|Sitrus Berry|[eat]\n|-heal|p2b: Farigiraf|45/100 brn|[from] item: Sitrus Berry\n|\n|-damage|p2b: Farigiraf|39/100 brn|[from] brn\n|upkeep\n|\n|t:|1776515735\n|switch|p1b: Sinistcha|Sinistcha, L50|100/100\n|-heal|p1a: Delphox|84/100|[from] ability: Hospitality|[of] p1b: Sinistcha\n|turn|3\n|\n|t:|1776515748\n|move|p1a: Delphox|Protect|p1a: Delphox\n|-singleturn|p1a: Delphox|Protect\n|move|p2a: Ampharos|Thunderbolt|p1a: Delphox\n|-activate|p1a: Delphox|move: Protect\n|move|p2b: Farigiraf|Psychic|p1b: Sinistcha\n|-damage|p1b: Sinistcha|53/100\n|move|p1b: Sinistcha|Trick Room|p1b: Sinistcha\n|-fieldend|move: Trick Room\n|\n|-damage|p2b: Farigiraf|33/100 brn|[from] brn\n|upkeep\n|turn|4\n|\n|t:|1776515766\n|move|p1a: Delphox|Psychic|p2a: Ampharos\n|-damage|p2a: Ampharos|36/100\n|move|p1b: Sinistcha|Matcha Gotcha|p2a: Ampharos|[spread] p2b\n|-miss|p1b: Sinistcha|p2a: Ampharos\n|-damage|p2b: Farigiraf|8/100 brn\n|-heal|p1b: Sinistcha|69/100|[from] drain|[of] p2b: Farigiraf\n|move|p2b: Farigiraf|Psychic|p1b: Sinistcha\n|-damage|p1b: Sinistcha|21/100\n|-enditem|p1b: Sinistcha|Sitrus Berry|[eat]\n|-heal|p1b: Sinistcha|46/100|[from] item: Sitrus Berry\n|move|p2a: Ampharos|Thunderbolt|p1a: Delphox\n|-damage|p1a: Delphox|28/100\n|\n|-damage|p2b: Farigiraf|2/100 brn|[from] brn\n|upkeep\n|turn|5\n|\n|t:|1776515789\n|move|p1a: Delphox|Psychic|p2a: Ampharos\n|-damage|p2a: Ampharos|0 fnt\n|faint|p2a: Ampharos\n|move|p1b: Sinistcha|Matcha Gotcha|p2b: Farigiraf\n|-damage|p2b: Farigiraf|0 fnt\n|-heal|p1b: Sinistcha|47/100|[from] drain|[of] p2b: Farigiraf\n|faint|p2b: Farigiraf\n|\n|upkeep\n|\n|t:|1776515799\n|switch|p2b: Charizard|Charizard, L50, F|100/100\n|switch|p2a: Kingambit|Kingambit, L50, M|100/100\n|turn|6\n|\n|t:|1776515816\n|move|p1b: Sinistcha|Rage Powder|p1b: Sinistcha\n|-singleturn|p1b: Sinistcha|move: Rage Powder\n|move|p2a: Kingambit|Sucker Punch||[still]\n|-fail|p2a: Kingambit\n|move|p1a: Delphox|Heat Wave|p2a: Kingambit|[spread] p2a,p2b\n|-supereffective|p2a: Kingambit|1\n|-resisted|p2b: Charizard|1\n|-damage|p2a: Kingambit|21/100\n|-damage|p2b: Charizard|74/100\n|-status|p2a: Kingambit|brn\n|move|p2b: Charizard|Dragon Dance|p2b: Charizard\n|-boost|p2b: Charizard|atk|1\n|-boost|p2b: Charizard|spe|1\n|\n|-damage|p2a: Kingambit|15/100 brn|[from] brn\n|upkeep\n|turn|7\n|\n|t:|1776515838\n|move|p2a: Kingambit|Protect|p2a: Kingambit\n|-singleturn|p2a: Kingambit|Protect\n|move|p2b: Charizard|Dragon Claw|p1a: Delphox\n|-damage|p1a: Delphox|0 fnt\n|faint|p1a: Delphox\n|move|p1b: Sinistcha|Trick Room|p1b: Sinistcha\n|-fieldstart|move: Trick Room|[of] p1b: Sinistcha\n|\n|-damage|p2a: Kingambit|10/100 brn|[from] brn\n|upkeep\n|\n|t:|1776515840\n|switch|p1a: Basculegion|Basculegion, L50, M|100/100\n|turn|8\n|\n|t:|1776515850\n|move|p2b: Charizard|Protect|p2b: Charizard\n|-singleturn|p2b: Charizard|Protect\n|move|p1b: Sinistcha|Rage Powder|p1b: Sinistcha\n|-singleturn|p1b: Sinistcha|move: Rage Powder\n|move|p2a: Kingambit|Kowtow Cleave|p1b: Sinistcha\n|-supereffective|p1b: Sinistcha|1\n|-damage|p1b: Sinistcha|15/100\n|move|p1a: Basculegion|Wave Crash|p2b: Charizard\n|-activate|p2b: Charizard|move: Protect\n|\n|-damage|p2a: Kingambit|4/100 brn|[from] brn\n|upkeep\n|turn|9\n|\n|t:|1776515866\n|move|p1b: Sinistcha|Rage Powder|p1b: Sinistcha\n|-singleturn|p1b: Sinistcha|move: Rage Powder\n|move|p2a: Kingambit|Kowtow Cleave|p1b: Sinistcha\n|-supereffective|p1b: Sinistcha|1\n|-damage|p1b: Sinistcha|0 fnt\n|faint|p1b: Sinistcha\n|move|p1a: Basculegion|Wave Crash|p2b: Charizard\n|-supereffective|p2b: Charizard|1\n|-damage|p2b: Charizard|0 fnt\n|faint|p2b: Charizard\n|-damage|p1a: Basculegion|82/100|[from] Recoil\n|\n|-damage|p2a: Kingambit|0 fnt|[from] brn\n|faint|p2a: Kingambit\n|\n|win|lolgz\n|raw|lolgz's rating: 1286 &rarr; <strong>1312</strong><br />(+26 for winning)\n|raw|millorre05's rating: 1304 &rarr; <strong>1283</strong><br />(-21 for losing)\n",
  "uploadtime": 1776515866,
  "views": 19,
  "formatid": "gen9championsvgc2026regma",
  "rating": 1283,
  "private": 0,
  "password": null
}