{
  "id": "gen9championsvgc2026regma-2581833655",
  "format": "[Gen 9 Champions] VGC 2026 Reg M-A",
  "players": [
    "BigRoflet",
    "felisagarna"
  ],
  "log": "|j|\u203dBigRoflet\n|j|\u2606felisagarna\n|t:|1776032178\n|gametype|doubles\n|player|p1|BigRoflet|harlequin|1000\n|player|p2|felisagarna|blue|1072\n|gen|9\n|tier|[Gen 9 Champions] VGC 2026 Reg M-A\n|rated|\n|rule|Species Clause: Limit one of each Pok\u00e9mon\n|rule|Item Clause: Limit 1 of each item\n|clearpoke\n|poke|p1|Infernape, L50, M|\n|poke|p1|Whimsicott, L50, M|\n|poke|p1|Sneasler, L50, F|\n|poke|p1|Feraligatr, L50, M|\n|poke|p1|Maushold-Four, L50|\n|poke|p1|Aerodactyl, L50, M|\n|poke|p2|Incineroar, L50, F|\n|poke|p2|Charizard, L50, F|\n|poke|p2|Garchomp, L50, F|\n|poke|p2|Venusaur, L50, M|\n|poke|p2|Whimsicott, L50, M|\n|poke|p2|Gengar, L50, F|\n|teampreview|4\n|\n|t:|1776032197\n|teamsize|p1|4\n|teamsize|p2|4\n|start\n|switch|p1a: Infernape|Infernape, L50, M|100/100\n|switch|p1b: Maushold|Maushold-Four, L50|100/100\n|switch|p2a: Charizard|Charizard, L50, F|100/100\n|switch|p2b: Incineroar|Incineroar, L50, F|100/100\n|-ability|p2b: Incineroar|Intimidate|boost\n|-unboost|p1a: Infernape|atk|1\n|-unboost|p1b: Maushold|atk|1\n|turn|1\n|\n|t:|1776032228\n|detailschange|p2a: Charizard|Charizard-Mega-Y, L50, F\n|-mega|p2a: Charizard|Charizard|Charizardite Y\n|-weather|SunnyDay|[from] ability: Drought|[of] p2a: Charizard\n|move|p1a: Infernape|Fake Out|p2b: Incineroar\n|-damage|p2b: Incineroar|93/100\n|cant|p2b: Incineroar|flinch\n|move|p2a: Charizard|Air Slash|p1a: Infernape\n|-supereffective|p1a: Infernape|1\n|-damage|p1a: Infernape|0 fnt\n|faint|p1a: Infernape\n|move|p1b: Maushold|Thunder Wave|p2a: Charizard\n|-status|p2a: Charizard|par\n|\n|-weather|SunnyDay|[upkeep]\n|upkeep\n|\n|t:|1776032244\n|switch|p1a: Aerodactyl|Aerodactyl, L50, M|100/100\n|turn|2\n|\n|t:|1776032259\n|move|p2a: Charizard|Protect|p2a: Charizard\n|-singleturn|p2a: Charizard|Protect\n|move|p1a: Aerodactyl|Rock Slide|p2b: Incineroar|[spread] p2b\n|-activate|p2a: Charizard|move: Protect\n|-supereffective|p2b: Incineroar|1\n|-damage|p2b: Incineroar|45/100\n|-enditem|p2b: Incineroar|Sitrus Berry|[eat]\n|-heal|p2b: Incineroar|69/100|[from] item: Sitrus Berry\n|move|p1b: Maushold|Super Fang|p2b: Incineroar\n|-damage|p2b: Incineroar|35/100\n|cant|p2b: Incineroar|flinch\n|\n|-weather|SunnyDay|[upkeep]\n|upkeep\n|turn|3\n|\n|t:|1776032297\n|switch|p1b: Feraligatr|Feraligatr, L50, M|100/100\n|switch|p2b: Whimsicott|Whimsicott, L50, M|100/100\n|switch|p2a: Gengar|Gengar, L50, F|100/100\n|move|p1a: Aerodactyl|Rock Slide|p2a: Gengar|[spread] p2a,p2b\n|-damage|p2a: Gengar|49/100\n|-damage|p2b: Whimsicott|72/100\n|-start|p1a: Aerodactyl|Disable|Rock Slide|[from] ability: Cursed Body|[of] p2a: Gengar\n|\n|-weather|SunnyDay|[upkeep]\n|upkeep\n|turn|4\n|\n|t:|1776032336\n|detailschange|p1b: Feraligatr|Feraligatr-Mega, L50, M\n|-mega|p1b: Feraligatr|Feraligatr|Feraligite\n|move|p2b: Whimsicott|Tailwind|p2b: Whimsicott\n|-sidestart|p2: felisagarna|move: Tailwind\n|move|p2a: Gengar|Shadow Ball|p1a: Aerodactyl\n|-damage|p1a: Aerodactyl|39/100\n|-unboost|p1a: Aerodactyl|spd|1\n|move|p1a: Aerodactyl|Dual Wingbeat|p2b: Whimsicott\n|-supereffective|p2b: Whimsicott|1\n|-damage|p2b: Whimsicott|32/100\n|-supereffective|p2b: Whimsicott|1\n|-damage|p2b: Whimsicott|0 fnt\n|faint|p2b: Whimsicott\n|-hitcount|p2: Whimsicott|2\n|move|p1b: Feraligatr|Double-Edge|p2a: Gengar\n|-crit|p2a: Gengar\n|-damage|p2a: Gengar|0 fnt\n|-start|p1b: Feraligatr|Disable|Double-Edge|[from] ability: Cursed Body|[of] p2a: Gengar\n|faint|p2a: Gengar\n|-damage|p1b: Feraligatr|89/100|[from] Recoil\n|\n|-weather|SunnyDay|[upkeep]\n|upkeep\n|\n|t:|1776032357\n|switch|p2a: Incineroar|Incineroar, L50, F|35/100\n|switch|p2b: Charizard|Charizard-Mega-Y, L50, F|100/100 par\n|-ability|p2a: Incineroar|Intimidate|boost\n|-unboost|p1a: Aerodactyl|atk|1\n|-unboost|p1b: Feraligatr|atk|1\n|turn|5\n|\n|t:|1776032374\n|switch|p1a: Maushold|Maushold-Four, L50|100/100\n|move|p1b: Feraligatr|Protect|p1b: Feraligatr\n|-singleturn|p1b: Feraligatr|Protect\n|move|p2a: Incineroar|Fake Out|p1b: Feraligatr\n|-activate|p1b: Feraligatr|move: Protect\n|move|p2b: Charizard|Heat Wave|p1a: Maushold|[spread] p1a\n|-activate|p1b: Feraligatr|move: Protect\n|-damage|p1a: Maushold|26/100\n|-status|p1a: Maushold|brn\n|-enditem|p1a: Maushold|Sitrus Berry|[eat]\n|-heal|p1a: Maushold|51/100 brn|[from] item: Sitrus Berry\n|\n|-weather|none\n|-damage|p1a: Maushold|45/100 brn|[from] brn\n|upkeep\n|turn|6\n|\n|t:|1776032409\n|move|p2a: Incineroar|Flare Blitz|p1a: Maushold\n|-damage|p1a: Maushold|0 fnt\n|faint|p1a: Maushold\n|-damage|p2a: Incineroar|22/100|[from] Recoil\n|move|p2b: Charizard|Solar Beam||[still]\n|-prepare|p2b: Charizard|Solar Beam\n|move|p1b: Feraligatr|Liquidation|p2a: Incineroar\n|-supereffective|p2a: Incineroar|1\n|-damage|p2a: Incineroar|0 fnt\n|faint|p2a: Incineroar\n|\n|upkeep\n|\n|t:|1776032421\n|switch|p1a: Aerodactyl|Aerodactyl, L50, M|39/100\n|turn|7\n|\n|t:|1776032432\n|move|p1a: Aerodactyl|Rock Slide|p2b: Charizard\n|-supereffective|p2b: Charizard|2\n|-damage|p2b: Charizard|0 fnt\n|faint|p2b: Charizard\n|\n|win|BigRoflet\n|raw|BigRoflet's rating: 1000 &rarr; <strong>1048</strong><br />(+48 for winning)\n|raw|felisagarna's rating: 1072 &rarr; <strong>1047</strong><br />(-25 for losing)\n",
  "uploadtime": 1776032439,
  "views": 20,
  "formatid": "gen9championsvgc2026regma",
  "rating": 1047,
  "private": 0,
  "password": null
}