{
  "id": "gen9championsvgc2026regma-2585916364",
  "format": "[Gen 9 Champions] VGC 2026 Reg M-A",
  "players": [
    "bad idea factory",
    "ClutchTecco"
  ],
  "log": "|j|\u2606bad idea factory\n|j|\u2606ClutchTecco\n|t:|1776381186\n|gametype|doubles\n|player|p1|bad idea factory|266|1139\n|player|p2|ClutchTecco|gentleman-gen4|1105\n|gen|9\n|tier|[Gen 9 Champions] VGC 2026 Reg M-A\n|rated|\n|rule|Species Clause: Limit one of each Pok\u00e9mon\n|rule|Item Clause: Limit 1 of each item\n|clearpoke\n|poke|p1|Sylveon, L50, M|\n|poke|p1|Aerodactyl, L50, M|\n|poke|p1|Drampa, L50, F|\n|poke|p1|Incineroar, L50, F|\n|poke|p1|Farigiraf, L50, M|\n|poke|p1|Corviknight, L50, M|\n|poke|p2|Delphox, L50, F|\n|poke|p2|Garchomp, L50, F|\n|poke|p2|Incineroar, L50, F|\n|poke|p2|Sneasler, L50, F|\n|poke|p2|Floette-Eternal, L50, F|\n|poke|p2|Kingambit, L50, F|\n|teampreview|4\n|inactive|Battle timer is ON: inactive players will automatically lose when time's up. (requested by ClutchTecco)\n|\n|t:|1776381211\n|teamsize|p1|4\n|teamsize|p2|4\n|start\n|switch|p1a: Incineroar|Incineroar, L50, F|100/100\n|switch|p1b: Farigiraf|Farigiraf, L50, M|100/100\n|switch|p2a: Floette|Floette-Eternal, L50, F, shiny|100/100\n|switch|p2b: Incineroar|Incineroar, L50, F|100/100\n|-ability|p1a: Incineroar|Intimidate|boost\n|-unboost|p2a: Floette|atk|1\n|-unboost|p2b: Incineroar|atk|1\n|turn|1\n|inactive|ClutchTecco has 30 seconds left.\n|inactive|ClutchTecco has 20 seconds left.\n|\n|t:|1776381250\n|detailschange|p2a: Floette|Floette-Mega, L50, F, shiny\n|-mega|p2a: Floette|Floette|Floettite\n|-ability|p2a: Floette|Fairy Aura\n|move|p2b: Incineroar|Fake Out||[still]\n|cant|p1b: Farigiraf|ability: Armor Tail|Fake Out|[of] p2b: Incineroar\n|move|p1a: Incineroar|Fake Out|p2a: Floette\n|-damage|p2a: Floette|87/100\n|cant|p2a: Floette|flinch\n|move|p1b: Farigiraf|Trick Room|p1b: Farigiraf\n|-fieldstart|move: Trick Room|[of] p1b: Farigiraf\n|\n|upkeep\n|turn|2\n|\n|t:|1776381271\n|move|p1a: Incineroar|Flare Blitz|p2a: Floette\n|-damage|p2a: Floette|32/100\n|-damage|p1a: Incineroar|84/100|[from] Recoil\n|move|p1b: Farigiraf|Hyper Voice|p2b: Incineroar|[spread] p2a,p2b\n|-damage|p2a: Floette|7/100\n|-damage|p2b: Incineroar|67/100\n|move|p2b: Incineroar|Flare Blitz|p1b: Farigiraf\n|-damage|p1b: Farigiraf|67/100\n|-damage|p2b: Incineroar|56/100|[from] Recoil\n|move|p2a: Floette|Calm Mind|p2a: Floette\n|-boost|p2a: Floette|spa|1\n|-boost|p2a: Floette|spd|1\n|\n|-heal|p2b: Incineroar|62/100|[from] item: Leftovers\n|upkeep\n|turn|3\n|\n|t:|1776381294\n|move|p2a: Floette|Protect|p2a: Floette\n|-singleturn|p2a: Floette|Protect\n|move|p1a: Incineroar|Parting Shot|p2b: Incineroar\n|-unboost|p2b: Incineroar|atk|1\n|-unboost|p2b: Incineroar|spa|1\n|\n|t:|1776381306\n|switch|p1a: Sylveon|Sylveon, L50, M|100/100|[from] Parting Shot\n|move|p1b: Farigiraf|Hyper Voice|p2a: Floette|[spread] p2b\n|-activate|p2a: Floette|move: Protect\n|-damage|p2b: Incineroar|28/100\n|move|p2b: Incineroar|Throat Chop|p1b: Farigiraf\n|-supereffective|p1b: Farigiraf|1\n|-enditem|p1b: Farigiraf|Colbur Berry|[eat]\n|-enditem|p1b: Farigiraf|Colbur Berry|[weaken]\n|-damage|p1b: Farigiraf|51/100\n|-start|p1b: Farigiraf|Throat Chop|[silent]\n|\n|-heal|p2b: Incineroar|34/100|[from] item: Leftovers\n|upkeep\n|turn|4\n|\n|t:|1776381328\n|switch|p1b: Drampa|Drampa, L50, F|100/100\n|switch|p2a: Kingambit|Kingambit, L50, F, shiny|100/100\n|move|p1a: Sylveon|Hyper Voice|p2a: Kingambit|[spread] p2a,p2b\n|-damage|p2a: Kingambit|63/100\n|-damage|p2b: Incineroar|0 fnt\n|faint|p2b: Incineroar\n|\n|upkeep\n|\n|t:|1776381338\n|switch|p2b: Sneasler|Sneasler, L50, F|100/100\n|-ability|p2b: Sneasler|Pressure\n|turn|5\n|inactive|bad idea factory has 30 seconds left.\n|inactive|bad idea factory has 20 seconds left.\n|\n|t:|1776381377\n|move|p2b: Sneasler|Fake Out|p1a: Sylveon\n|-damage|p1a: Sylveon|83/100\n|move|p1b: Drampa|Earth Power|p2b: Sneasler\n|-supereffective|p2b: Sneasler|1\n|-damage|p2b: Sneasler|27/100\n|move|p2a: Kingambit|Iron Head|p1a: Sylveon\n|-supereffective|p1a: Sylveon|1\n|-damage|p1a: Sylveon|0 fnt\n|faint|p1a: Sylveon\n|\n|-fieldend|move: Trick Room\n|upkeep\n|\n|t:|1776381401\n|switch|p1a: Incineroar|Incineroar, L50, F|84/100\n|-ability|p1a: Incineroar|Intimidate|boost\n|-unboost|p2a: Kingambit|atk|1\n|-ability|p2a: Kingambit|Defiant|boost\n|-boost|p2a: Kingambit|atk|2\n|-unboost|p2b: Sneasler|atk|1\n|-enditem|p2b: Sneasler|White Herb\n|-clearnegativeboost|p2b: Sneasler|[silent]\n|turn|6\n|\n|t:|1776381418\n|detailschange|p1b: Drampa|Drampa-Mega, L50, F\n|-mega|p1b: Drampa|Drampa|Drampanite\n|move|p2b: Sneasler|Close Combat|p1a: Incineroar\n|-supereffective|p1a: Incineroar|1\n|-damage|p1a: Incineroar|0 fnt\n|-unboost|p2b: Sneasler|def|1\n|-unboost|p2b: Sneasler|spd|1\n|faint|p1a: Incineroar\n|move|p2a: Kingambit|Low Kick|p1b: Drampa\n|-supereffective|p1b: Drampa|1\n|-damage|p1b: Drampa|4/100\n|-ability|p1b: Drampa|Berserk|boost\n|-boost|p1b: Drampa|spa|1\n|move|p1b: Drampa|Earth Power|p2b: Sneasler\n|-supereffective|p2b: Sneasler|1\n|-damage|p2b: Sneasler|0 fnt\n|faint|p2b: Sneasler\n|\n|upkeep\n|-message|bad idea factory forfeited.\n|\n|win|ClutchTecco\n|raw|bad idea factory's rating: 1139 &rarr; <strong>1112</strong><br />(-27 for losing)\n|raw|ClutchTecco's rating: 1105 &rarr; <strong>1132</strong><br />(+27 for winning)\n|l|\u2606bad idea factory\n|player|p1|\n",
  "uploadtime": 1776381437,
  "views": 21,
  "formatid": "gen9championsvgc2026regma",
  "rating": 1112,
  "private": 0,
  "password": null
}