{
  "id": "gen9championsvgc2026regma-2582734621",
  "format": "[Gen 9 Champions] VGC 2026 Reg M-A",
  "players": [
    "Bicycle Bandy",
    "chochitik"
  ],
  "log": "|j|\u2606Bicycle Bandy\n|j|\u2606chochitik\n|t:|1776110437\n|gametype|doubles\n|player|p1|Bicycle Bandy|2|1214\n|player|p2|chochitik|zinzolin|1129\n|gen|9\n|tier|[Gen 9 Champions] VGC 2026 Reg M-A\n|rated|\n|rule|Species Clause: Limit one of each Pok\u00e9mon\n|rule|Item Clause: Limit 1 of each item\n|clearpoke\n|poke|p1|Arcanine-Hisui, L50, F|\n|poke|p1|Scizor, L50, M|\n|poke|p1|Pelipper, L50, F|\n|poke|p1|Goodra-Hisui, L50, F|\n|poke|p1|Sinistcha, L50|\n|poke|p1|Basculegion, L50, M|\n|poke|p2|Politoed, L50, F|\n|poke|p2|Gengar, L50, F|\n|poke|p2|Incineroar, L50, M|\n|poke|p2|Palafin, L50, M|\n|poke|p2|Whimsicott, L50, F|\n|poke|p2|Kommo-o, L50, M|\n|teampreview|4\n|inactive|Battle timer is ON: inactive players will automatically lose when time's up. (requested by chochitik)\n|inactive|Bicycle Bandy has 60 seconds left.\n|inactive|Bicycle Bandy has 30 seconds left.\n|inactive|Bicycle Bandy has 20 seconds left.\n|inactive|Bicycle Bandy has 15 seconds left.\n|\n|t:|1776110520\n|teamsize|p1|4\n|teamsize|p2|4\n|start\n|switch|p1a: Scizor|Scizor, L50, M|100/100\n|switch|p1b: Basculegion|Basculegion, L50, M|100/100\n|switch|p2a: Guayota|Gengar, L50, F, shiny|100/100\n|switch|p2b: Bencomo|Incineroar, L50, M|100/100\n|-ability|p2b: Bencomo|Intimidate|boost\n|-unboost|p1a: Scizor|atk|1\n|-unboost|p1b: Basculegion|atk|1\n|turn|1\n|inactive|Bicycle Bandy has 30 seconds left.\n|inactive|Bicycle Bandy has 20 seconds left.\n|inactive|Bicycle Bandy has 15 seconds left.\n|\n|t:|1776110561\n|detailschange|p2a: Guayota|Gengar-Mega, L50, F, shiny\n|-mega|p2a: Guayota|Gengar|Gengarite\n|detailschange|p1a: Scizor|Scizor-Mega, L50, M\n|-mega|p1a: Scizor|Scizor|Scizorite\n|move|p2a: Guayota|Protect|p2a: Guayota\n|-singleturn|p2a: Guayota|Protect\n|move|p1a: Scizor|Protect|p1a: Scizor\n|-singleturn|p1a: Scizor|Protect\n|move|p2b: Bencomo|Darkest Lariat|p1b: Basculegion\n|-supereffective|p1b: Basculegion|1\n|-crit|p1b: Basculegion\n|-damage|p1b: Basculegion|0 fnt\n|faint|p1b: Basculegion\n|\n|upkeep\n|inactive|Bicycle Bandy has 30 seconds left.\n|\n|t:|1776110593\n|switch|p1b: Sinistcha|Sinistcha, L50|100/100\n|turn|2\n|\n|t:|1776110606\n|move|p1b: Sinistcha|Rage Powder|p1b: Sinistcha\n|-singleturn|p1b: Sinistcha|move: Rage Powder\n|move|p2a: Guayota|Perish Song|p2a: Guayota\n|-start|p1a: Scizor|perish3|[silent]\n|-start|p1b: Sinistcha|perish3|[silent]\n|-start|p2a: Guayota|perish3|[silent]\n|-start|p2b: Bencomo|perish3|[silent]\n|-fieldactivate|move: Perish Song\n|move|p2b: Bencomo|Darkest Lariat|p1b: Sinistcha\n|-supereffective|p1b: Sinistcha|1\n|-damage|p1b: Sinistcha|23/100\n|move|p1a: Scizor|Swords Dance|p1a: Scizor\n|-boost|p1a: Scizor|atk|2\n|\n|-start|p2a: Guayota|perish3\n|-start|p2b: Bencomo|perish3\n|-start|p1a: Scizor|perish3\n|-start|p1b: Sinistcha|perish3\n|upkeep\n|turn|3\n|inactive|Bicycle Bandy has 30 seconds left.\n|inactive|Bicycle Bandy has 20 seconds left.\n|\n|t:|1776110642\n|move|p2a: Guayota|Protect|p2a: Guayota\n|-singleturn|p2a: Guayota|Protect\n|move|p2b: Bencomo|Protect|p2b: Bencomo\n|-singleturn|p2b: Bencomo|Protect\n|move|p1b: Sinistcha|Rage Powder|p1b: Sinistcha\n|-singleturn|p1b: Sinistcha|move: Rage Powder\n|move|p1a: Scizor|Bug Bite|p2b: Bencomo\n|-activate|p2b: Bencomo|move: Protect\n|\n|-start|p2a: Guayota|perish2\n|-start|p2b: Bencomo|perish2\n|-start|p1a: Scizor|perish2\n|-start|p1b: Sinistcha|perish2\n|upkeep\n|turn|4\n|inactive|Bicycle Bandy has 30 seconds left.\n|inactive|chochitik has 30 seconds left.\n|\n|t:|1776110678\n|switch|p2a: Anaga|Politoed, L50, F, shiny|100/100\n|-weather|RainDance|[from] ability: Drizzle|[of] p2a: Anaga\n|switch|p1b: Goodra|Goodra-Hisui, L50, F|100/100\n|move|p1a: Scizor|Bullet Punch|p2a: Anaga\n|-resisted|p2a: Anaga|1\n|-damage|p2a: Anaga|79/100\n|move|p2b: Bencomo|Parting Shot|p1a: Scizor\n|-unboost|p1a: Scizor|atk|1\n|-unboost|p1a: Scizor|spa|1\n|\n|t:|1776110692\n|switch|p2b: Guayota|Gengar-Mega, L50, F, shiny|100/100|[from] Parting Shot\n|\n|-weather|RainDance|[upkeep]\n|-heal|p2a: Anaga|85/100|[from] item: Leftovers\n|-start|p1a: Scizor|perish1\n|upkeep\n|turn|5\n|\n|t:|1776110715\n|move|p2b: Guayota|Protect|p2b: Guayota\n|-singleturn|p2b: Guayota|Protect\n|move|p1a: Scizor|Bug Bite|p2a: Anaga\n|-damage|p2a: Anaga|42/100\n|move|p2a: Anaga|Perish Song|p2a: Anaga\n|-start|p1b: Goodra|perish3|[silent]\n|-start|p2a: Anaga|perish3|[silent]\n|-start|p2b: Guayota|perish3|[silent]\n|-fieldactivate|move: Perish Song\n|move|p1b: Goodra|Breaking Swipe|p2b: Guayota|[spread] p2a\n|-activate|p2b: Guayota|move: Protect\n|-damage|p2a: Anaga|23/100\n|-unboost|p2a: Anaga|atk|1\n|\n|-weather|RainDance|[upkeep]\n|-heal|p2a: Anaga|29/100|[from] item: Leftovers\n|-start|p2b: Guayota|perish3\n|-start|p1a: Scizor|perish0\n|-start|p2a: Anaga|perish3\n|faint|p1a: Scizor\n|-start|p1b: Goodra|perish3\n|upkeep\n|\n|t:|1776110722\n|switch|p1a: Sinistcha|Sinistcha, L50|23/100\n|turn|6\n|inactive|chochitik has 30 seconds left.\n|\n|t:|1776110753\n|move|p2b: Guayota|Disable|p1b: Goodra\n|-start|p1b: Goodra|Disable|Breaking Swipe\n|move|p2a: Anaga|Encore||[still]\n|-fail|p2a: Anaga\n|move|p1a: Sinistcha|Matcha Gotcha|p2b: Guayota|[spread] p2a\n|-miss|p1a: Sinistcha|p2b: Guayota\n|-supereffective|p2a: Anaga|1\n|-damage|p2a: Anaga|0 fnt\n|-heal|p1a: Sinistcha|39/100|[from] drain|[of] p2a: Anaga\n|faint|p2a: Anaga\n|move|p1b: Goodra|Heavy Slam|p2b: Guayota\n|-damage|p2b: Guayota|48/100\n|\n|-weather|RainDance|[upkeep]\n|-start|p2b: Guayota|perish2\n|-start|p1b: Goodra|perish2\n|upkeep\n|\n|t:|1776110764\n|switch|p2a: Bencomo|Incineroar, L50, M|100/100\n|-ability|p2a: Bencomo|Intimidate|boost\n|-unboost|p1a: Sinistcha|atk|1\n|-unboost|p1b: Goodra|atk|1\n|turn|7\n|\n|t:|1776110789\n|move|p2b: Guayota|Protect|p2b: Guayota\n|-singleturn|p2b: Guayota|Protect\n|move|p2a: Bencomo|Fake Out|p1b: Goodra\n|-resisted|p1b: Goodra|1\n|-damage|p1b: Goodra|95/100\n|move|p1a: Sinistcha|Life Dew|p1a: Sinistcha|[spread] p1a,p1b\n|-heal|p1a: Sinistcha|65/100\n|-heal|p1b: Goodra|100/100\n|cant|p1b: Goodra|flinch\n|\n|-weather|RainDance|[upkeep]\n|-start|p2b: Guayota|perish1\n|-start|p1b: Goodra|perish1\n|upkeep\n|turn|8\n|inactive|chochitik has 30 seconds left.\n|\n|t:|1776110814\n|switch|p2b: Bubango|Kommo-o, L50, M, shiny|100/100\n|move|p2a: Bencomo|Darkest Lariat|p1a: Sinistcha\n|-supereffective|p1a: Sinistcha|1\n|-damage|p1a: Sinistcha|0 fnt\n|faint|p1a: Sinistcha\n|move|p1b: Goodra|Heavy Slam|p2a: Bencomo\n|-resisted|p2a: Bencomo|1\n|-damage|p2a: Bencomo|81/100\n|\n|-weather|none\n|-start|p1b: Goodra|perish0\n|upkeep\n|faint|p1b: Goodra\n|\n|win|chochitik\n|raw|Bicycle Bandy's rating: 1214 &rarr; <strong>1183</strong><br />(-31 for losing)\n|raw|chochitik's rating: 1129 &rarr; <strong>1160</strong><br />(+31 for winning)\n|c|\u2606Bicycle Bandy|gg\n",
  "uploadtime": 1776110831,
  "views": 53,
  "formatid": "gen9championsvgc2026regma",
  "rating": 1160,
  "private": 0,
  "password": null
}