{
  "id": "gen9championsvgc2026regma-2588139104",
  "format": "[Gen 9 Champions] VGC 2026 Reg M-A",
  "players": [
    "cleric234",
    "fdrgsfafawdawd"
  ],
  "log": "|j|\u2606cleric234\n|j|\u2606fdrgsfafawdawd\n|t:|1776608300\n|gametype|doubles\n|player|p1|cleric234|265|1097\n|player|p2|fdrgsfafawdawd|palmer|1081\n|gen|9\n|tier|[Gen 9 Champions] VGC 2026 Reg M-A\n|rated|\n|rule|Species Clause: Limit one of each Pok\u00e9mon\n|rule|Item Clause: Limit 1 of each item\n|clearpoke\n|poke|p1|Aerodactyl, L50, F|\n|poke|p1|Typhlosion-Hisui, L50, M|\n|poke|p1|Blastoise, L50, F, shiny|\n|poke|p1|Venusaur, L50, F|\n|poke|p1|Meowstic, L50, M, shiny|\n|poke|p1|Sneasler, L50, M|\n|poke|p2|Pelipper, L50, M|\n|poke|p2|Charizard, L50, M|\n|poke|p2|Archaludon, L50, F, shiny|\n|poke|p2|Basculegion, L50, M, shiny|\n|poke|p2|Venusaur, L50, M|\n|poke|p2|Whimsicott, L50, M|\n|teampreview|4\n|inactive|Battle timer is ON: inactive players will automatically lose when time's up. (requested by fdrgsfafawdawd)\nfdrgsfafawdawd rejected open team sheets.\n|inactive|cleric234 has 60 seconds left.\n|inactive|fdrgsfafawdawd has 60 seconds left.\n|\n|t:|1776608359\n|teamsize|p1|4\n|teamsize|p2|4\n|start\n|switch|p1a: Aerodactyl|Aerodactyl, L50, F|100/100\n|switch|p1b: Sneasler|Sneasler, L50, M|100/100\n|switch|p2a: Pelipper|Pelipper, L50, M|100/100\n|switch|p2b: Basculegion|Basculegion, L50, M, shiny|100/100\n|-weather|RainDance|[from] ability: Drizzle|[of] p2a: Pelipper\n|turn|1\n|inactive|cleric234 has 30 seconds left.\n|inactive|fdrgsfafawdawd has 30 seconds left.\n|\n|t:|1776608389\n|move|p1b: Sneasler|Fake Out|p2a: Pelipper\n|-crit|p2a: Pelipper\n|-damage|p2a: Pelipper|74/100\n|move|p2b: Basculegion|Flip Turn|p1a: Aerodactyl\n|-supereffective|p1a: Aerodactyl|1\n|-damage|p1a: Aerodactyl|0 fnt\n|faint|p1a: Aerodactyl\n|\n|t:|1776608401\n|switch|p2b: Archaludon|Archaludon, L50, F, shiny|100/100|[from] Flip Turn\n|cant|p2a: Pelipper|flinch\n|\n|-weather|RainDance|[upkeep]\n|upkeep\n|\n|t:|1776608407\n|switch|p1a: Blastoise|Blastoise, L50, F, shiny|100/100\n|turn|2\n|\n|t:|1776608424\n|detailschange|p1a: Blastoise|Blastoise-Mega, L50, F, shiny\n|-mega|p1a: Blastoise|Blastoise|Blastoisinite\n|move|p2a: Pelipper|Wide Guard|p2a: Pelipper\n|-singleturn|p2a: Pelipper|Wide Guard\n|move|p1b: Sneasler|Close Combat|p2b: Archaludon\n|-supereffective|p2b: Archaludon|1\n|-damage|p2b: Archaludon|0 fnt\n|-unboost|p1b: Sneasler|def|1\n|-unboost|p1b: Sneasler|spd|1\n|faint|p2b: Archaludon\n|move|p1a: Blastoise|Water Pulse|p2a: Pelipper\n|-resisted|p2a: Pelipper|1\n|-damage|p2a: Pelipper|32/100\n|-start|p2a: Pelipper|confusion\n|\n|-weather|RainDance|[upkeep]\n|upkeep\n|\n|t:|1776608440\n|switch|p2b: Venusaur|Venusaur, L50, M|100/100\n|turn|3\n|\n|t:|1776608458\n|switch|p1b: Meowstic|Meowstic, L50, M, shiny|100/100\n|move|p1a: Blastoise|Protect|p1a: Blastoise\n|-singleturn|p1a: Blastoise|Protect\n|move|p2b: Venusaur|Sleep Powder|p1b: Meowstic\n|-status|p1b: Meowstic|slp|[from] move: Sleep Powder\n|-activate|p2a: Pelipper|confusion\n|move|p2a: Pelipper|Tailwind|p2a: Pelipper\n|-sidestart|p2: fdrgsfafawdawd|move: Tailwind\n|\n|-weather|RainDance|[upkeep]\n|upkeep\n|turn|4\n|inactive|fdrgsfafawdawd has 30 seconds left.\n|inactive|fdrgsfafawdawd has 20 seconds left.\n|\n|t:|1776608494\n|switch|p2a: Basculegion|Basculegion, L50, M, shiny|100/100\n|cant|p1b: Meowstic|slp\n|move|p2b: Venusaur|Sleep Powder|p1a: Blastoise|[miss]\n|-miss|p2b: Venusaur|p1a: Blastoise\n|move|p1a: Blastoise|Water Pulse|p2a: Basculegion\n|-resisted|p2a: Basculegion|1\n|-damage|p2a: Basculegion|58/100\n|\n|-weather|RainDance|[upkeep]\n|upkeep\n|turn|5\n|\n|t:|1776608510\n|move|p1a: Blastoise|Protect|p1a: Blastoise\n|-singleturn|p1a: Blastoise|Protect\n|-curestatus|p1b: Meowstic|slp|[msg]\n|move|p1b: Meowstic|Psychic Terrain|p1b: Meowstic\n|-fieldstart|move: Psychic Terrain\n|move|p2a: Basculegion|Last Respects|p1b: Meowstic\n|-supereffective|p1b: Meowstic|1\n|-damage|p1b: Meowstic|0 fnt\n|faint|p1b: Meowstic\n|move|p2b: Venusaur|Sleep Powder|p1a: Blastoise\n|-activate|p1a: Blastoise|move: Protect\n|\n|-weather|none\n|upkeep\n|\n|t:|1776608517\n|switch|p1b: Sneasler|Sneasler, L50, M|100/100\n|turn|6\n|\n|t:|1776608530\n|move|p2a: Basculegion|Last Respects|p1b: Sneasler\n|-damage|p1b: Sneasler|0 fnt\n|faint|p1b: Sneasler\n|move|p2b: Venusaur|Sleep Powder|p1a: Blastoise|[miss]\n|-miss|p2b: Venusaur|p1a: Blastoise\n|move|p1a: Blastoise|Terrain Pulse|p2a: Basculegion\n|-damage|p2a: Basculegion|0 fnt\n|faint|p2a: Basculegion\n|\n|-sideend|p2: fdrgsfafawdawd|move: Tailwind\n|upkeep\n|\n|t:|1776608539\n|switch|p2a: Pelipper|Pelipper, L50, M|32/100\n|-weather|RainDance|[from] ability: Drizzle|[of] p2a: Pelipper\n|turn|7\n|\n|t:|1776608554\n|move|p2a: Pelipper|Wide Guard|p2a: Pelipper\n|-singleturn|p2a: Pelipper|Wide Guard\n|move|p2b: Venusaur|Sleep Powder|p1a: Blastoise\n|-status|p1a: Blastoise|slp|[from] move: Sleep Powder\n|cant|p1a: Blastoise|slp\n|\n|-weather|RainDance|[upkeep]\n|upkeep\n|turn|8\n|inactive|fdrgsfafawdawd has 30 seconds left.\n|\n|t:|1776608581\n|move|p2b: Venusaur|Leech Seed|p1a: Blastoise\n|-start|p1a: Blastoise|move: Leech Seed\n|cant|p1a: Blastoise|slp\n|move|p2a: Pelipper|Hurricane|p1a: Blastoise\n|-damage|p1a: Blastoise|60/100 slp\n|\n|-weather|RainDance|[upkeep]\n|-damage|p1a: Blastoise|48/100 slp|[from] Leech Seed|[of] p2b: Venusaur\n|upkeep\n|turn|9\n|\n|t:|1776608596\n|move|p2b: Venusaur|Protect|p2b: Venusaur\n|-singleturn|p2b: Venusaur|Protect\n|-curestatus|p1a: Blastoise|slp|[msg]\n|move|p1a: Blastoise|Terrain Pulse|p2b: Venusaur\n|-activate|p2b: Venusaur|move: Protect\n|move|p2a: Pelipper|Hurricane|p1a: Blastoise\n|-damage|p1a: Blastoise|6/100\n|\n|-weather|RainDance|[upkeep]\n|-damage|p1a: Blastoise|0 fnt|[from] Leech Seed|[of] p2b: Venusaur\n|faint|p1a: Blastoise\n|\n|win|fdrgsfafawdawd\n|raw|cleric234's rating: 1097 &rarr; <strong>1071</strong><br />(-26 for losing)\n|raw|fdrgsfafawdawd's rating: 1081 &rarr; <strong>1110</strong><br />(+29 for winning)\n|l|\u2606cleric234\n|player|p1|\n|c|\u2606fdrgsfafawdawd|gg ez\n",
  "uploadtime": 1776608608,
  "views": 8,
  "formatid": "gen9championsvgc2026regma",
  "rating": 1071,
  "private": 0,
  "password": null
}