{
  "id": "gen9championsvgc2026regma-2583268238",
  "format": "[Gen 9 Champions] VGC 2026 Reg M-A",
  "players": [
    "adrilf2000",
    "Mady_El_Wiwi"
  ],
  "log": "|j|\u2606adrilf2000\n|j|\u2606Mady_El_Wiwi\n|t:|1776161412\n|gametype|doubles\n|player|p1|adrilf2000|101|1079\n|player|p2|Mady_El_Wiwi|102|1010\n|gen|9\n|tier|[Gen 9 Champions] VGC 2026 Reg M-A\n|rated|\n|rule|Species Clause: Limit one of each Pok\u00e9mon\n|rule|Item Clause: Limit 1 of each item\n|clearpoke\n|poke|p1|Froslass, L50, F|\n|poke|p1|Glaceon, L50, M|\n|poke|p1|Slowking-Galar, L50, F|\n|poke|p1|Whimsicott, L50, F|\n|poke|p1|Incineroar, L50, M|\n|poke|p1|Sneasler, L50, F|\n|poke|p2|Charizard, L50, M|\n|poke|p2|Venusaur, L50, F|\n|poke|p2|Rotom-Wash, L50|\n|poke|p2|Sneasler, L50, F|\n|poke|p2|Incineroar, L50, M|\n|poke|p2|Garchomp, L50, M|\n|teampreview|4\n|inactive|Battle timer is ON: inactive players will automatically lose when time's up. (requested by adrilf2000)\n|\n|t:|1776161427\n|teamsize|p1|4\n|teamsize|p2|4\n|start\n|switch|p1a: Glaceon|Glaceon, L50, M|100/100\n|switch|p1b: Froslass|Froslass, L50, F|100/100\n|switch|p2a: Charizard|Charizard, L50, M, shiny|100/100\n|switch|p2b: Venusaur|Venusaur, L50, F|100/100\n|turn|1\n|\n|t:|1776161450\n|detailschange|p2a: Charizard|Charizard-Mega-Y, L50, M, shiny\n|-mega|p2a: Charizard|Charizard|Charizardite Y\n|-weather|SunnyDay|[from] ability: Drought|[of] p2a: Charizard\n|move|p1b: Froslass|Protect|p1b: Froslass\n|-singleturn|p1b: Froslass|Protect\n|move|p1a: Glaceon|Protect|p1a: Glaceon\n|-singleturn|p1a: Glaceon|Protect\n|move|p2b: Venusaur|Sleep Powder|p1b: Froslass\n|-activate|p1b: Froslass|move: Protect\n|move|p2a: Charizard|Heat Wave|p1a: Glaceon|[spread] \n|-activate|p1a: Glaceon|move: Protect\n|-activate|p1b: Froslass|move: Protect\n|\n|-weather|SunnyDay|[upkeep]\n|upkeep\n|turn|2\n|\n|t:|1776161472\n|detailschange|p1b: Froslass|Froslass-Mega, L50, F\n|-mega|p1b: Froslass|Froslass|Froslassite\n|-weather|Snowscape|[from] ability: Snow Warning|[of] p1b: Froslass\n|move|p1b: Froslass|Aurora Veil|p1b: Froslass\n|-sidestart|p1: adrilf2000|move: Aurora Veil\n|move|p2a: Charizard|Heat Wave|p1a: Glaceon|[spread] p1b\n|-miss|p2a: Charizard|p1a: Glaceon\n|-supereffective|p1b: Froslass|1\n|-damage|p1b: Froslass|35/100\n|-status|p1b: Froslass|brn\n|move|p2b: Venusaur|Sludge Bomb|p1b: Froslass\n|-resisted|p1b: Froslass|1\n|-damage|p1b: Froslass|19/100 brn\n|move|p1a: Glaceon|Blizzard|p2b: Venusaur|[spread] p2a,p2b\n|-supereffective|p2b: Venusaur|1\n|-damage|p2a: Charizard|51/100\n|-enditem|p2b: Venusaur|Focus Sash\n|-damage|p2b: Venusaur|1/100\n|\n|-weather|Snowscape|[upkeep]\n|-damage|p1b: Froslass|13/100 brn|[from] brn\n|upkeep\n|turn|3\n|\n|t:|1776161492\n|switch|p2b: Rotom|Rotom-Wash, L50, shiny|100/100\n|move|p2a: Charizard|Protect|p2a: Charizard\n|-singleturn|p2a: Charizard|Protect\n|move|p1b: Froslass|Blizzard|p2b: Rotom|[spread] p2b\n|-activate|p2a: Charizard|move: Protect\n|-resisted|p2b: Rotom|1\n|-damage|p2b: Rotom|76/100\n|move|p1a: Glaceon|Blizzard|p2a: Charizard|[spread] p2b\n|-activate|p2a: Charizard|move: Protect\n|-resisted|p2b: Rotom|1\n|-damage|p2b: Rotom|53/100\n|\n|-weather|Snowscape|[upkeep]\n|-heal|p2b: Rotom|58/100|[from] item: Leftovers\n|-damage|p1b: Froslass|7/100 brn|[from] brn\n|upkeep\n|turn|4\n|inactive|Mady_El_Wiwi has 30 seconds left.\n|\n|t:|1776161517\n|switch|p1b: Sneasler|Sneasler, L50, F|100/100\n|switch|p2a: Venusaur|Venusaur, L50, F|1/100\n|move|p2b: Rotom|Thunderbolt|p1a: Glaceon|[miss]\n|-miss|p2b: Rotom|p1a: Glaceon\n|move|p1a: Glaceon|Freeze-Dry|p2b: Rotom\n|-supereffective|p2b: Rotom|1\n|-damage|p2b: Rotom|0 fnt\n|faint|p2b: Rotom\n|\n|-weather|Snowscape|[upkeep]\n|upkeep\n|\n|t:|1776161530\n|switch|p2b: Incineroar|Incineroar, L50, M, shiny|100/100\n|-ability|p2b: Incineroar|Intimidate|boost\n|-unboost|p1a: Glaceon|atk|1\n|-unboost|p1b: Sneasler|atk|1\n|-enditem|p1b: Sneasler|White Herb\n|-clearnegativeboost|p1b: Sneasler|[silent]\n|turn|5\n|\n|t:|1776161551\n|switch|p1a: Incineroar|Incineroar, L50, M|100/100\n|-ability|p1a: Incineroar|Intimidate|boost\n|-unboost|p2a: Venusaur|atk|1\n|-unboost|p2b: Incineroar|atk|1\n|switch|p2b: Charizard|Charizard-Mega-Y, L50, M, shiny|51/100\n|-weather|SunnyDay|[from] ability: Drought|[of] p2b: Charizard\n|move|p1b: Sneasler|Fake Out|p2a: Venusaur\n|-crit|p2a: Venusaur\n|-damage|p2a: Venusaur|0 fnt\n|faint|p2a: Venusaur\n|\n|-weather|SunnyDay|[upkeep]\n|upkeep\n|\n|t:|1776161557\n|switch|p2a: Incineroar|Incineroar, L50, M, shiny|100/100\n|-ability|p2a: Incineroar|Intimidate|boost\n|-unboost|p1a: Incineroar|atk|1\n|-unboost|p1b: Sneasler|atk|1\n|turn|6\n|\n|t:|1776161571\n|move|p1a: Incineroar|Fake Out|p2b: Charizard\n|-damage|p2b: Charizard|38/100\n|move|p2a: Incineroar|Fake Out|p1a: Incineroar\n|-damage|p1a: Incineroar|91/100\n|move|p1b: Sneasler|Close Combat|p2a: Incineroar\n|-supereffective|p2a: Incineroar|1\n|-damage|p2a: Incineroar|19/100\n|-unboost|p1b: Sneasler|def|1\n|-unboost|p1b: Sneasler|spd|1\n|-enditem|p2a: Incineroar|Sitrus Berry|[eat]\n|-heal|p2a: Incineroar|44/100|[from] item: Sitrus Berry\n|cant|p2b: Charizard|flinch\n|\n|-weather|SunnyDay|[upkeep]\n|-sideend|p1: adrilf2000|move: Aurora Veil\n|upkeep\n|turn|7\n|\n|t:|1776161590\n|move|p1b: Sneasler|Close Combat|p2a: Incineroar\n|-supereffective|p2a: Incineroar|1\n|-damage|p2a: Incineroar|0 fnt\n|-unboost|p1b: Sneasler|def|1\n|-unboost|p1b: Sneasler|spd|1\n|faint|p2a: Incineroar\n|move|p2b: Charizard|Heat Wave|p1b: Sneasler|[spread] p1b\n|-miss|p2b: Charizard|p1a: Incineroar\n|-damage|p1b: Sneasler|0 fnt\n|faint|p1b: Sneasler\n|move|p1a: Incineroar|Darkest Lariat|p2b: Charizard\n|-damage|p2b: Charizard|0 fnt\n|faint|p2b: Charizard\n|\n|win|adrilf2000\n|raw|adrilf2000's rating: 1079 &rarr; <strong>1102</strong><br />(+23 for winning)\n|raw|Mady_El_Wiwi's rating: 1010 &rarr; <strong>1001</strong><br />(-9 for losing)\n|l|\u2606Mady_El_Wiwi\n|player|p2|\n",
  "uploadtime": 1776161611,
  "views": 16,
  "formatid": "gen9championsvgc2026regma",
  "rating": 1001,
  "private": 0,
  "password": null
}