{
  "id": "gen9championsvgc2026regma-2587295227",
  "format": "[Gen 9 Champions] VGC 2026 Reg M-A",
  "players": [
    "marxxnx",
    "Kpro1234"
  ],
  "log": "|j|\u2606marxxnx\n|j|\u2606Kpro1234\n|t:|1776519293\n|gametype|doubles\n|player|p1|marxxnx|ingo|1063\n|player|p2|Kpro1234|steven|1000\n|gen|9\n|tier|[Gen 9 Champions] VGC 2026 Reg M-A\n|rated|\n|rule|Species Clause: Limit one of each Pok\u00e9mon\n|rule|Item Clause: Limit 1 of each item\n|clearpoke\n|poke|p1|Skarmory, L50, M, shiny|\n|poke|p1|Sneasler, L50, F|\n|poke|p1|Milotic, L50, F, shiny|\n|poke|p1|Krookodile, L50, M|\n|poke|p1|Basculegion, L50, M, shiny|\n|poke|p1|Volcarona, L50, F|\n|poke|p2|Golurk, L50|\n|poke|p2|Drampa, L50, F|\n|poke|p2|Torkoal, L50, F|\n|poke|p2|Kingambit, L50, M|\n|poke|p2|Farigiraf, L50, F|\n|poke|p2|Slowbro, L50, F|\n|teampreview|4\n|inactive|Battle timer is ON: inactive players will automatically lose when time's up. (requested by Kpro1234)\n|inactive|Kpro1234 has 60 seconds left.\n|\n|t:|1776519331\n|teamsize|p1|4\n|teamsize|p2|4\n|start\n|switch|p1a: Vas culeando|Basculegion, L50, M, shiny|100/100\n|switch|p1b: Randal|Krookodile, L50, M|100/100\n|switch|p2a: Torkoal|Torkoal, L50, F|100/100\n|switch|p2b: Farigiraf|Farigiraf, L50, F|100/100\n|-ability|p1b: Randal|Intimidate|boost\n|-unboost|p2a: Torkoal|atk|1\n|-unboost|p2b: Farigiraf|atk|1\n|-weather|SunnyDay|[from] ability: Drought|[of] p2a: Torkoal\n|turn|1\n|inactive|Kpro1234 has 30 seconds left.\n|\n|t:|1776519358\n|move|p2a: Torkoal|Protect|p2a: Torkoal\n|-singleturn|p2a: Torkoal|Protect\n|move|p1a: Vas culeando|Flip Turn|p2a: Torkoal\n|-activate|p2a: Torkoal|move: Protect\n|move|p1b: Randal|Taunt|p2b: Farigiraf\n|-start|p2b: Farigiraf|move: Taunt\n|cant|p2b: Farigiraf|move: Taunt|Trick Room\n|\n|-weather|SunnyDay|[upkeep]\n|upkeep\n|turn|2\n|inactive|Kpro1234 has 30 seconds left.\n|inactive|Kpro1234 has 20 seconds left.\n|inactive|Kpro1234 has 15 seconds left.\n|inactive|Kpro1234 has 10 seconds left.\n|inactive|Kpro1234 has 5 seconds left.\n|\n|t:|1776519409\n|switch|p2b: Drampa|Drampa, L50, F|100/100\n|move|p1a: Vas culeando|Flip Turn|p2a: Torkoal\n|-supereffective|p2a: Torkoal|1\n|-damage|p2a: Torkoal|69/100\n|\n|t:|1776519417\n|switch|p1a: Kitty malita|Sneasler, L50, F|100/100|[from] Flip Turn\n|move|p1b: Randal|Knock Off|p2b: Drampa\n|-damage|p2b: Drampa|67/100\n|move|p2a: Torkoal|Solar Beam||[still]\n|-prepare|p2a: Torkoal|Solar Beam\n|-anim|p2a: Torkoal|Solar Beam|p1b: Randal\n|-supereffective|p1b: Randal|1\n|-damage|p1b: Randal|11/100\n|-enditem|p1b: Randal|Sitrus Berry|[eat]\n|-heal|p1b: Randal|35/100|[from] item: Sitrus Berry\n|\n|-weather|SunnyDay|[upkeep]\n|upkeep\n|turn|3\n|inactive|Kpro1234 has 30 seconds left.\n|\n|t:|1776519449\n|switch|p2b: Farigiraf|Farigiraf, L50, F|100/100\n|move|p2a: Torkoal|Protect|p2a: Torkoal\n|-singleturn|p2a: Torkoal|Protect\n|move|p1a: Kitty malita|Close Combat|p2b: Farigiraf\n|-damage|p2b: Farigiraf|45/100\n|-unboost|p1a: Kitty malita|def|1\n|-unboost|p1a: Kitty malita|spd|1\n|-enditem|p2b: Farigiraf|Sitrus Berry|[eat]\n|-heal|p2b: Farigiraf|70/100|[from] item: Sitrus Berry\n|-enditem|p1a: Kitty malita|White Herb\n|-clearnegativeboost|p1a: Kitty malita|[silent]\n|move|p1b: Randal|High Horsepower|p2a: Torkoal\n|-activate|p2a: Torkoal|move: Protect\n|\n|-weather|SunnyDay|[upkeep]\n|upkeep\n|turn|4\n|\n|t:|1776519474\n|move|p2b: Farigiraf|Protect|p2b: Farigiraf\n|-singleturn|p2b: Farigiraf|Protect\n|move|p1a: Kitty malita|Coaching|p1b: Randal\n|-boost|p1b: Randal|atk|1\n|-boost|p1b: Randal|def|1\n|move|p1b: Randal|High Horsepower|p2a: Torkoal\n|-supereffective|p2a: Torkoal|1\n|-damage|p2a: Torkoal|0 fnt\n|faint|p2a: Torkoal\n|\n|-weather|SunnyDay|[upkeep]\n|upkeep\n|\n|t:|1776519485\n|switch|p2a: Drampa|Drampa, L50, F|67/100\n|turn|5\n|\n|t:|1776519493\n|move|p1a: Kitty malita|Close Combat|p2a: Drampa\n|-supereffective|p2a: Drampa|1\n|-damage|p2a: Drampa|0 fnt\n|-unboost|p1a: Kitty malita|def|1\n|-unboost|p1a: Kitty malita|spd|1\n|faint|p2a: Drampa\n|move|p1b: Randal|Taunt|p2b: Farigiraf\n|-start|p2b: Farigiraf|move: Taunt\n|cant|p2b: Farigiraf|move: Taunt|Trick Room\n|\n|-weather|none\n|upkeep\n|\n|t:|1776519498\n|switch|p2a: Golurk|Golurk, L50|100/100\n|turn|6\n|\n|t:|1776519512\n|move|p1a: Kitty malita|Coaching|p1b: Randal\n|-boost|p1b: Randal|atk|1\n|-boost|p1b: Randal|def|1\n|move|p1b: Randal|Knock Off|p2a: Golurk\n|-supereffective|p2a: Golurk|1\n|-damage|p2a: Golurk|0 fnt\n|faint|p2a: Golurk\n|move|p2b: Farigiraf|Hyper Voice|p1b: Randal|[spread] p1a,p1b\n|-damage|p1a: Kitty malita|52/100\n|-damage|p1b: Randal|2/100\n|\n|upkeep\n|turn|7\n|\n|t:|1776519523\n|move|p1a: Kitty malita|Coaching|p1b: Randal\n|-boost|p1b: Randal|atk|1\n|-boost|p1b: Randal|def|1\n|move|p1b: Randal|Knock Off|p2b: Farigiraf\n|-supereffective|p2b: Farigiraf|1\n|-damage|p2b: Farigiraf|0 fnt\n|faint|p2b: Farigiraf\n|\n|win|marxxnx\n|raw|marxxnx's rating: 1063 &rarr; <strong>1088</strong><br />(+25 for winning)\n|raw|Kpro1234's rating: 1000 &rarr; <strong>1000</strong><br />(+0 for losing)\n",
  "uploadtime": 1776519536,
  "views": 23,
  "formatid": "gen9championsvgc2026regma",
  "rating": 1000,
  "private": 0,
  "password": null
}