{
  "id": "gen9championsvgc2026regma-2584811929",
  "format": "[Gen 9 Champions] VGC 2026 Reg M-A",
  "players": [
    "KUTF1",
    "AngellZer0"
  ],
  "log": "|j|\u2606KUTF1\n|j|\u2606AngellZer0\n|t:|1776285471\n|gametype|doubles\n|player|p1|KUTF1|firebreather|1118\n|player|p2|AngellZer0|265|1158\n|gen|9\n|tier|[Gen 9 Champions] VGC 2026 Reg M-A\n|rated|\n|rule|Species Clause: Limit one of each Pok\u00e9mon\n|rule|Item Clause: Limit 1 of each item\n|clearpoke\n|poke|p1|Lucario, L50, M|\n|poke|p1|Medicham, L50, M|\n|poke|p1|Ninetales-Alola, L50, M|\n|poke|p1|Whimsicott, L50, M|\n|poke|p1|Hydreigon, L50, M|\n|poke|p1|Incineroar, L50, M|\n|poke|p2|Tyranitar, L50, F|\n|poke|p2|Corviknight, L50, F|\n|poke|p2|Sinistcha, L50|\n|poke|p2|Gyarados, L50, M|\n|poke|p2|Sneasler, L50, F|\n|poke|p2|Rotom-Wash, L50|\n|teampreview|4\n|inactive|Battle timer is ON: inactive players will automatically lose when time's up. (requested by KUTF1)\n|inactive|KUTF1 has 60 seconds left.\n|inactive|AngellZer0 has 60 seconds left.\n|\n|t:|1776285511\n|teamsize|p1|4\n|teamsize|p2|4\n|start\n|switch|p1a: Ninetales|Ninetales-Alola, L50, M, shiny|100/100\n|switch|p1b: Whimsicott|Whimsicott, L50, M|100/100\n|switch|p2a: Corviknight|Corviknight, L50, F|100/100\n|switch|p2b: Sneasler|Sneasler, L50, F|100/100\n|-weather|Snowscape|[from] ability: Snow Warning|[of] p1a: Ninetales\n|turn|1\n|inactive|AngellZer0 has 30 seconds left.\n|\n|t:|1776285537\n|move|p1b: Whimsicott|Moonblast|p2b: Sneasler\n|-damage|p2b: Sneasler|66/100\n|move|p1a: Ninetales|Aurora Veil|p1a: Ninetales\n|-sidestart|p1: KUTF1|move: Aurora Veil\n|move|p2b: Sneasler|Dire Claw|p1a: Ninetales\n|-supereffective|p1a: Ninetales|1\n|-damage|p1a: Ninetales|44/100\n|-status|p1a: Ninetales|psn\n|move|p2a: Corviknight|Drill Peck|p1a: Ninetales\n|-damage|p1a: Ninetales|26/100 psn\n|\n|-weather|Snowscape|[upkeep]\n|-damage|p1a: Ninetales|14/100 psn|[from] psn\n|upkeep\n|turn|2\n|\n|t:|1776285560\n|move|p1b: Whimsicott|Moonblast|p2b: Sneasler\n|-damage|p2b: Sneasler|26/100\n|move|p1a: Ninetales|Blizzard|p2a: Corviknight|[spread] p2a,p2b\n|-damage|p2a: Corviknight|76/100\n|-damage|p2b: Sneasler|0 fnt\n|faint|p2b: Sneasler\n|move|p2a: Corviknight|Drill Peck|p1b: Whimsicott\n|-supereffective|p1b: Whimsicott|1\n|-damage|p1b: Whimsicott|62/100\n|\n|-weather|Snowscape|[upkeep]\n|-damage|p1a: Ninetales|2/100 psn|[from] psn\n|upkeep\n|\n|t:|1776285573\n|switch|p2b: Gyarados|Gyarados, L50, M|100/100\n|-ability|p2b: Gyarados|Intimidate|boost\n|-unboost|p1a: Ninetales|atk|1\n|-unboost|p1b: Whimsicott|atk|1\n|turn|3\n|\n|t:|1776285583\n|detailschange|p2b: Gyarados|Gyarados-Mega, L50, M\n|-mega|p2b: Gyarados|Gyarados|Gyaradosite\n|-ability|p2b: Gyarados|Mold Breaker\n|move|p1b: Whimsicott|Moonblast|p2a: Corviknight\n|-resisted|p2a: Corviknight|1\n|-damage|p2a: Corviknight|64/100\n|move|p1a: Ninetales|Freeze-Dry|p2b: Gyarados\n|-supereffective|p2b: Gyarados|1\n|-damage|p2b: Gyarados|54/100\n|move|p2b: Gyarados|Dragon Dance|p2b: Gyarados\n|-boost|p2b: Gyarados|atk|1\n|-boost|p2b: Gyarados|spe|1\n|move|p2a: Corviknight|Roost|p2a: Corviknight\n|-heal|p2a: Corviknight|100/100\n|-singleturn|p2a: Corviknight|move: Roost\n|\n|-weather|Snowscape|[upkeep]\n|-damage|p1a: Ninetales|0 fnt|[from] psn\n|faint|p1a: Ninetales\n|upkeep\n|\n|t:|1776285593\n|switch|p1a: Lucario|Lucario, L50, M|100/100\n|turn|4\n|\n|t:|1776285607\n|switch|p2a: Sinistcha|Sinistcha, L50|100/100\n|-heal|p2b: Gyarados|79/100|[from] ability: Hospitality|[of] p2a: Sinistcha\n|detailschange|p1a: Lucario|Lucario-Mega, L50, M\n|-mega|p1a: Lucario|Lucario|Lucarionite\n|move|p2b: Gyarados|Protect|p2b: Gyarados\n|-singleturn|p2b: Gyarados|Protect\n|move|p1b: Whimsicott|Taunt|p2a: Sinistcha\n|-start|p2a: Sinistcha|move: Taunt\n|move|p1a: Lucario|Meteor Mash|p2a: Sinistcha\n|-damage|p2a: Sinistcha|42/100\n|\n|-weather|Snowscape|[upkeep]\n|-heal|p2a: Sinistcha|48/100|[from] item: Leftovers\n|upkeep\n|turn|5\n|\n|t:|1776285631\n|switch|p2a: Corviknight|Corviknight, L50, F|100/100\n|move|p2b: Gyarados|Waterfall|p1a: Lucario\n|-damage|p1a: Lucario|42/100\n|move|p1b: Whimsicott|Moonblast|p2a: Corviknight\n|-resisted|p2a: Corviknight|1\n|-damage|p2a: Corviknight|88/100\n|move|p1a: Lucario|Close Combat|p2b: Gyarados\n|-supereffective|p2b: Gyarados|1\n|-damage|p2b: Gyarados|0 fnt\n|-unboost|p1a: Lucario|def|1\n|-unboost|p1a: Lucario|spd|1\n|faint|p2b: Gyarados\n|\n|-weather|none\n|-sideend|p1: KUTF1|move: Aurora Veil\n|upkeep\n|\n|t:|1776285648\n|switch|p2b: Sinistcha|Sinistcha, L50|48/100\n|-heal|p2a: Corviknight|100/100|[from] ability: Hospitality|[of] p2b: Sinistcha\n|turn|6\n|\n|t:|1776285669\n|move|p1b: Whimsicott|Taunt|p2a: Corviknight\n|-start|p2a: Corviknight|move: Taunt\n|move|p1a: Lucario|Meteor Mash|p2b: Sinistcha\n|-damage|p2b: Sinistcha|0 fnt\n|faint|p2b: Sinistcha\n|move|p2a: Corviknight|Body Press|p1a: Lucario\n|-supereffective|p1a: Lucario|1\n|-crit|p1a: Lucario\n|-damage|p1a: Lucario|0 fnt\n|faint|p1a: Lucario\n|\n|upkeep\n|l|\u2606AngellZer0\n|inactive|AngellZer0 disconnected and has a minute to reconnect!\n|player|p2|\n|\n|t:|1776285672\n|switch|p1a: Hydreigon|Hydreigon, L50, M|100/100\n|turn|7\n|j|\u2606AngellZer0\n|inactive|AngellZer0 reconnected and has 50 seconds left.\n|player|p2|AngellZer0|265|\n|\n|t:|1776285688\n|move|p1a: Hydreigon|Flamethrower|p2a: Corviknight\n|-supereffective|p2a: Corviknight|1\n|-crit|p2a: Corviknight\n|-damage|p2a: Corviknight|28/100\n|-enditem|p2a: Corviknight|Sitrus Berry|[eat]\n|-heal|p2a: Corviknight|53/100|[from] item: Sitrus Berry\n|move|p1b: Whimsicott|Moonblast|p2a: Corviknight\n|-resisted|p2a: Corviknight|1\n|-damage|p2a: Corviknight|41/100\n|move|p2a: Corviknight|Body Press|p1a: Hydreigon\n|-supereffective|p1a: Hydreigon|1\n|-damage|p1a: Hydreigon|44/100\n|\n|upkeep\n|turn|8\n|-message|AngellZer0 forfeited.\n|\n|win|KUTF1\n|raw|KUTF1's rating: 1118 &rarr; <strong>1146</strong><br />(+28 for winning)\n|raw|AngellZer0's rating: 1158 &rarr; <strong>1130</strong><br />(-28 for losing)\n|l|\u2606AngellZer0\n|player|p2|\n",
  "uploadtime": 1776285705,
  "views": 20,
  "formatid": "gen9championsvgc2026regma",
  "rating": 1130,
  "private": 0,
  "password": null
}