{
  "id": "gen9championsvgc2026regma-2586233396",
  "format": "[Gen 9 Champions] VGC 2026 Reg M-A",
  "players": [
    "ohko_muk",
    "whytaylorissocold"
  ],
  "log": "|j|\u2606ohko_muk\n|j|\u2606whytaylorissocold\n|html|<table width=\"100%\"><tr><td align=\"left\">ohko_muk</td><td align=\"right\">whytaylorissocold</tr><tr><td align=\"left\"><i class=\"fa fa-circle-o\"></i> <i class=\"fa fa-circle-o\"></i> </td><td align=\"right\"><i class=\"fa fa-circle-o\"></i> <i class=\"fa fa-circle\"></i> </tr></table>\n|uhtml|bestof|<h2><strong>Game 2</strong> of <a href=\"/game-bestof3-gen9championsvgc2026regma-2586231059\">a best-of-3</a></h2>\n|t:|1776415439\n|gametype|doubles\n|player|p1|ohko_muk|gambler|\n|player|p2|whytaylorissocold|170|\n|gen|9\n|tier|[Gen 9 Champions] VGC 2026 Reg M-A\n|rated|Tournament battle\n|rule|Species Clause: Limit one of each Pok\u00e9mon\n|rule|Item Clause: Limit 1 of each item\n|raw|<div class=\"infobox\"><details class=\"readmore\" open><summary><strong>2 custom rules:</strong></summary> Force Open Team Sheets, Best of = 3</details></div>\n|clearpoke\n|poke|p1|Farigiraf, L50, M|\n|poke|p1|Blastoise, L50, F|\n|poke|p1|Bellibolt, L50, F|\n|poke|p1|Mamoswine, L50, F|\n|poke|p1|Delphox, L50, F|\n|poke|p1|Whimsicott, L50, F|\n|poke|p2|Floette-Eternal, L50, F|\n|poke|p2|Sneasler, L50, M|\n|poke|p2|Basculegion, L50, M|\n|poke|p2|Aerodactyl, L50, F|\n|poke|p2|Kingambit, L50, F|\n|poke|p2|Incineroar, L50, F|\n|teampreview|4\n|showteam|p1|Farigiraf||SilkScarf|ArmorTail|HyperVoice,Psychic,TrickRoom,RainDance|||M|||50|]Blastoise||Blastoisinite|Torrent|FakeOut,WaterSpout,DarkPulse,MuddyWater|||F|||50|]Bellibolt||SitrusBerry|Electromorphosis|Discharge,ParabolicCharge,Thunderbolt,Protect|||F|||50|]Mamoswine||FocusSash|Oblivious|Earthquake,IcicleCrash,IceShard,Protect|||F|||50|]Delphox||Delphoxite|Blaze|HeatWave,Psychic,NastyPlot,Protect|||F|||50|]Whimsicott||CobaBerry|Prankster|Moonblast,Tailwind,Encore,SunnyDay|||F|||50|\n|showteam|p2|Floette-Eternal||Floettite|FlowerVeil|DazzlingGleam,Protect,CalmMind,DrainingKiss|||F|||50|]Sneasler||WhiteHerb|Unburden|FakeOut,DireClaw,CloseCombat,Protect|||M|||50|]Basculegion||ChoiceScarf|Adaptability|WaveCrash,FlipTurn,LastRespects,AquaJet|||M|||50|]Aerodactyl||FocusSash|Unnerve|RockSlide,DualWingbeat,Tailwind,Protect|||F|||50|]Kingambit||ChopleBerry|Defiant|KowtowCleave,SuckerPunch,LowKick,Protect|||F|||50|]Incineroar||SitrusBerry|Intimidate|FlareBlitz,HelpingHand,FakeOut,PartingShot|||F|||50|\n|j| scottishinterista\n|\n|t:|1776415484\n|teamsize|p1|4\n|teamsize|p2|4\n|start\n|switch|p1a: Delphox|Delphox, L50, F|100/100\n|switch|p1b: Mamoswine|Mamoswine, L50, F|100/100\n|switch|p2a: Basculegion|Basculegion, L50, M|100/100\n|switch|p2b: Kingambit|Kingambit, L50, F|100/100\n|turn|1\n|l| scottishinterista\n|\n|t:|1776415559\n|switch|p1a: Whimsicott|Whimsicott, L50, F|100/100\n|move|p2b: Kingambit|Sucker Punch|p1b: Mamoswine\n|-damage|p1b: Mamoswine|53/100\n|move|p2a: Basculegion|Wave Crash|p1a: Whimsicott\n|-resisted|p1a: Whimsicott|1\n|-damage|p1a: Whimsicott|64/100\n|-damage|p2a: Basculegion|90/100|[from] Recoil\n|move|p1b: Mamoswine|Earthquake|p2a: Basculegion|[spread] p1a,p2a,p2b\n|-resisted|p1a: Whimsicott|1\n|-supereffective|p2b: Kingambit|1\n|-damage|p1a: Whimsicott|42/100\n|-damage|p2a: Basculegion|34/100\n|-damage|p2b: Kingambit|39/100\n|\n|upkeep\n|turn|2\n|j| QueerCrocodile\n|\n|t:|1776415595\n|move|p1b: Mamoswine|Protect|p1b: Mamoswine\n|-singleturn|p1b: Mamoswine|Protect\n|move|p2b: Kingambit|Protect|p2b: Kingambit\n|-singleturn|p2b: Kingambit|Protect\n|move|p1a: Whimsicott|Tailwind|p1a: Whimsicott\n|-sidestart|p1: ohko_muk|move: Tailwind\n|move|p2a: Basculegion|Wave Crash|p1b: Mamoswine\n|-activate|p1b: Mamoswine|move: Protect\n|\n|upkeep\n|turn|3\n|inactive|Battle timer is ON: inactive players will automatically lose when time's up. (requested by ohko_muk)\n|\n|t:|1776415612\n|switch|p1a: Farigiraf|Farigiraf, L50, M|100/100\n|switch|p2a: Incineroar|Incineroar, L50, F|100/100\n|-ability|p2a: Incineroar|Intimidate|boost\n|-unboost|p1a: Farigiraf|atk|1\n|-fail|p1b: Mamoswine|unboost|Attack|[from] ability: Oblivious|[of] p1b: Mamoswine\n|move|p2b: Kingambit|Sucker Punch||[still]\n|cant|p1a: Farigiraf|ability: Armor Tail|Sucker Punch|[of] p2b: Kingambit\n|move|p1b: Mamoswine|Earthquake|p2a: Incineroar|[spread] p1a,p2a,p2b\n|-supereffective|p2a: Incineroar|1\n|-supereffective|p2b: Kingambit|1\n|-damage|p1a: Farigiraf|60/100\n|-damage|p2a: Incineroar|19/100\n|-damage|p2b: Kingambit|0 fnt\n|-enditem|p2a: Incineroar|Sitrus Berry|[eat]\n|-heal|p2a: Incineroar|44/100|[from] item: Sitrus Berry\n|faint|p2b: Kingambit\n|\n|upkeep\n|\n|t:|1776415620\n|switch|p2b: Floette|Floette-Eternal, L50, F|100/100\n|turn|4\n|inactive|ohko_muk has 30 seconds left.\n|\n|t:|1776415649\n|switch|p1a: Whimsicott|Whimsicott, L50, F|42/100\n|detailschange|p2b: Floette|Floette-Mega, L50, F\n|-mega|p2b: Floette|Floette|Floettite\n|-ability|p2b: Floette|Fairy Aura\n|move|p2a: Incineroar|Helping Hand|p2b: Floette\n|-singleturn|p2b: Floette|Helping Hand|[of] p2a: Incineroar\n|move|p1b: Mamoswine|Earthquake|p2a: Incineroar|[spread] p1a,p2a,p2b\n|-resisted|p1a: Whimsicott|1\n|-supereffective|p2a: Incineroar|1\n|-damage|p1a: Whimsicott|21/100\n|-damage|p2a: Incineroar|0 fnt\n|-damage|p2b: Floette|55/100\n|faint|p2a: Incineroar\n|move|p2b: Floette|Dazzling Gleam|p1a: Whimsicott|[spread] p1a,p1b\n|-damage|p1a: Whimsicott|0 fnt\n|-damage|p1b: Mamoswine|0 fnt\n|faint|p1a: Whimsicott\n|faint|p1b: Mamoswine\n|\n|upkeep\n|\n|t:|1776415663\n|switch|p1a: Delphox|Delphox, L50, F|100/100\n|switch|p1b: Farigiraf|Farigiraf, L50, M|60/100\n|switch|p2a: Basculegion|Basculegion, L50, M|34/100\n|turn|5\n|\n|t:|1776415686\n|detailschange|p1a: Delphox|Delphox-Mega, L50, F\n|-mega|p1a: Delphox|Delphox|Delphoxite\n|move|p1a: Delphox|Psychic|p2a: Basculegion\n|-damage|p2a: Basculegion|0 fnt\n|faint|p2a: Basculegion\n|move|p2b: Floette|Dazzling Gleam|p1b: Farigiraf|[spread] p1a,p1b\n|-resisted|p1a: Delphox|1\n|-damage|p1a: Delphox|77/100\n|-damage|p1b: Farigiraf|11/100\n|move|p1b: Farigiraf|Hyper Voice|p2b: Floette\n|-damage|p2b: Floette|13/100\n|\n|-sideend|p1: ohko_muk|move: Tailwind\n|upkeep\n|turn|6\n|-message|whytaylorissocold forfeited.\n|\n|win|ohko_muk\n",
  "uploadtime": 1776415698,
  "views": 14,
  "formatid": "gen9championsvgc2026regma",
  "rating": null,
  "private": 0,
  "password": null
}