{
  "id": "gen9championsvgc2026regma-2587303929",
  "format": "[Gen 9 Champions] VGC 2026 Reg M-A",
  "players": [
    "zhi1",
    "Kloroxy"
  ],
  "log": "|j|\u2606zhi1\n|j|\u2606Kloroxy\n|t:|1776520148\n|gametype|doubles\n|player|p1|zhi1|170|1061\n|player|p2|Kloroxy|gambler|1035\n|gen|9\n|tier|[Gen 9 Champions] VGC 2026 Reg M-A\n|rated|\n|rule|Species Clause: Limit one of each Pok\u00e9mon\n|rule|Item Clause: Limit 1 of each item\n|clearpoke\n|poke|p1|Froslass, L50, F|\n|poke|p1|Crabominable, L50, M|\n|poke|p1|Sinistcha, L50|\n|poke|p1|Slowking-Galar, L50, F|\n|poke|p1|Talonflame, L50, M|\n|poke|p1|Tauros-Paldea-Aqua, L50, M|\n|poke|p2|Archaludon, L50, F|\n|poke|p2|Primarina, L50, M|\n|poke|p2|Delphox, L50, M|\n|poke|p2|Tauros-Paldea-Aqua, L50, M|\n|poke|p2|Aerodactyl, L50, F|\n|poke|p2|Gliscor, L50, M|\n|teampreview|4\n|\n|t:|1776520238\n|teamsize|p1|4\n|teamsize|p2|4\n|start\n|switch|p1a: Slowking|Slowking-Galar, L50, F|100/100\n|switch|p1b: Froslass|Froslass, L50, F|100/100\n|switch|p2a: Aerodactyl|Aerodactyl, L50, F|100/100\n|switch|p2b: Gliscor|Gliscor, L50, M|100/100\n|-ability|p2a: Aerodactyl|Pressure\n|turn|1\n|\n|t:|1776520258\n|move|p1b: Froslass|Protect|p1b: Froslass\n|-singleturn|p1b: Froslass|Protect\n|move|p2b: Gliscor|Protect|p2b: Gliscor\n|-singleturn|p2b: Gliscor|Protect\n|move|p2a: Aerodactyl|Tailwind|p2a: Aerodactyl\n|-sidestart|p2: Kloroxy|move: Tailwind\n|move|p1a: Slowking|Trick Room|p1a: Slowking\n|-fieldstart|move: Trick Room|[of] p1a: Slowking\n|\n|upkeep\n|turn|2\n|\n|t:|1776520306\n|-prepare|p1a: Slowking|Chilly Reception|[premajor]\n|move|p1a: Slowking|Chilly Reception|p1a: Slowking\n|-weather|Snowscape\n|\n|t:|1776520310\n|switch|p1a: Crabominable|Crabominable, L50, M|100/100|[from] Chilly Reception\n|move|p1b: Froslass|Frost Breath|p1a: Crabominable\n|-resisted|p1a: Crabominable|1\n|-crit|p1a: Crabominable\n|-damage|p1a: Crabominable|81/100\n|-setboost|p1a: Crabominable|atk|6|[from] ability: Anger Point\n|move|p2b: Gliscor|Earthquake|p1b: Froslass|[spread] p1a,p1b\n|-immune|p2a: Aerodactyl\n|-damage|p1a: Crabominable|60/100\n|-damage|p1b: Froslass|72/100\n|move|p2a: Aerodactyl|Rock Slide|p1a: Crabominable|[spread] p1a\n|-miss|p2a: Aerodactyl|p1b: Froslass\n|-damage|p1a: Crabominable|47/100\n|\n|-weather|Snowscape|[upkeep]\n|upkeep\n|turn|3\n|\n|t:|1776520355\n|switch|p2a: Primarina|Primarina, L50, M|100/100\n|move|p2b: Gliscor|Protect|p2b: Gliscor\n|-singleturn|p2b: Gliscor|Protect\n|move|p1a: Crabominable|Rock Slide|p2a: Primarina|[spread] p2a\n|-activate|p2b: Gliscor|move: Protect\n|-damage|p2a: Primarina|0 fnt\n|faint|p2a: Primarina\n|move|p1b: Froslass|Aurora Veil|p1b: Froslass\n|-sidestart|p1: zhi1|move: Aurora Veil\n|\n|-weather|Snowscape|[upkeep]\n|upkeep\n|\n|t:|1776520369\n|switch|p2a: Delphox|Delphox, L50, M|100/100\n|turn|4\n|\n|t:|1776520387\n|detailschange|p2a: Delphox|Delphox-Mega, L50, M\n|-mega|p2a: Delphox|Delphox|Delphoxite\n|move|p2a: Delphox|Protect|p2a: Delphox\n|-singleturn|p2a: Delphox|Protect\n|move|p1a: Crabominable|Rock Slide|p2a: Delphox|[spread] p2b\n|-activate|p2a: Delphox|move: Protect\n|-damage|p2b: Gliscor|23/100\n|move|p1b: Froslass|Blizzard|p2b: Gliscor|[spread] p2b\n|-activate|p2a: Delphox|move: Protect\n|-supereffective|p2b: Gliscor|2\n|-damage|p2b: Gliscor|0 fnt\n|faint|p2b: Gliscor\n|\n|-weather|Snowscape|[upkeep]\n|-sideend|p2: Kloroxy|move: Tailwind\n|upkeep\n|\n|t:|1776520403\n|switch|p2b: Aerodactyl|Aerodactyl, L50, F|100/100\n|-ability|p2b: Aerodactyl|Pressure\n|turn|5\n|\n|t:|1776520420\n|switch|p1b: Sinistcha|Sinistcha, L50|100/100\n|-heal|p1a: Crabominable|72/100|[from] ability: Hospitality|[of] p1b: Sinistcha\n|move|p1a: Crabominable|Rock Slide|p2a: Delphox|[spread] p2a,p2b\n|-supereffective|p2a: Delphox|1\n|-supereffective|p2b: Aerodactyl|1\n|-damage|p2a: Delphox|0 fnt\n|-enditem|p2b: Aerodactyl|Focus Sash\n|-damage|p2b: Aerodactyl|1/100\n|faint|p2a: Delphox\n|move|p2b: Aerodactyl|Rock Slide|p1b: Sinistcha|[spread] p1b\n|-miss|p2b: Aerodactyl|p1a: Crabominable\n|-damage|p1b: Sinistcha|90/100\n|\n|-weather|Snowscape|[upkeep]\n|-fieldend|move: Trick Room\n|upkeep\n|turn|6\n|-message|Kloroxy forfeited.\n|\n|win|zhi1\n|raw|zhi1's rating: 1061 &rarr; <strong>1090</strong><br />(+29 for winning)\n|raw|Kloroxy's rating: 1035 &rarr; <strong>1021</strong><br />(-14 for losing)\n|l|\u2606Kloroxy\n|player|p2|\n",
  "uploadtime": 1776520513,
  "views": 17,
  "formatid": "gen9championsvgc2026regma",
  "rating": 1021,
  "private": 0,
  "password": null
}