{
  "id": "gen9championsvgc2026regma-2583796601",
  "format": "[Gen 9 Champions] VGC 2026 Reg M-A",
  "players": [
    "TheWittedFool",
    "cryforcrys"
  ],
  "log": "|j|\u2606TheWittedFool\n|j|\u2606cryforcrys\n|t:|1776198351\n|gametype|doubles\n|player|p1|TheWittedFool|265|1151\n|player|p2|cryforcrys|caitlin-masters|1113\n|gen|9\n|tier|[Gen 9 Champions] VGC 2026 Reg M-A\n|rated|\n|rule|Species Clause: Limit one of each Pok\u00e9mon\n|rule|Item Clause: Limit 1 of each item\n|clearpoke\n|poke|p1|Crabominable, L50, M|\n|poke|p1|Sneasler, L50, M|\n|poke|p1|Incineroar, L50, M|\n|poke|p1|Sinistcha, L50|\n|poke|p1|Ninetales-Alola, L50, M|\n|poke|p1|Palafin, L50, M|\n|poke|p2|Gardevoir, L50, F|\n|poke|p2|Meowstic, L50, M|\n|poke|p2|Aegislash, L50, F|\n|poke|p2|Aerodactyl, L50, F|\n|poke|p2|Incineroar, L50, F|\n|poke|p2|Tauros-Paldea-Aqua, L50, M|\n|teampreview|4\n|\n|t:|1776198377\n|teamsize|p1|4\n|teamsize|p2|4\n|start\n|switch|p1a: Incineroar|Incineroar, L50, M|100/100\n|switch|p1b: Sneasler|Sneasler, L50, M|100/100\n|switch|p2a: Aerodactyl|Aerodactyl, L50, F, shiny|100/100\n|switch|p2b: Meowstic|Meowstic, L50, M, shiny|100/100\n|-ability|p1a: Incineroar|Intimidate|boost\n|-unboost|p2a: Aerodactyl|atk|1\n|-unboost|p2b: Meowstic|atk|1\n|turn|1\n|\n|t:|1776198396\n|move|p2a: Aerodactyl|Protect|p2a: Aerodactyl\n|-singleturn|p2a: Aerodactyl|Protect\n|move|p1b: Sneasler|Protect|p1b: Sneasler\n|-singleturn|p1b: Sneasler|Protect\n|move|p2b: Meowstic|Psychic Terrain|p2b: Meowstic\n|-fieldstart|move: Psychic Terrain\n|move|p1a: Incineroar|Darkest Lariat|p2b: Meowstic\n|-supereffective|p2b: Meowstic|1\n|-damage|p2b: Meowstic|18/100\n|\n|upkeep\n|turn|2\n|\n|t:|1776198412\n|switch|p1b: Sinistcha|Sinistcha, L50|100/100\n|move|p2a: Aerodactyl|Tailwind|p2a: Aerodactyl\n|-sidestart|p2: cryforcrys|move: Tailwind\n|move|p2b: Meowstic|Expanding Force|p1b: Sinistcha|[spread] p1b\n|-immune|p1a: Incineroar\n|-damage|p1b: Sinistcha|66/100\n|move|p1a: Incineroar|Parting Shot|p2b: Meowstic\n|-unboost|p2b: Meowstic|atk|1\n|-unboost|p2b: Meowstic|spa|1\n|\n|t:|1776198418\n|switch|p1a: Crabominable|Crabominable, L50, M|100/100|[from] Parting Shot\n|\n|upkeep\n|turn|3\n|\n|t:|1776198432\n|detailschange|p1a: Crabominable|Crabominable-Mega, L50, M\n|-mega|p1a: Crabominable|Crabominable|Crabominite\n|move|p2b: Meowstic|Helping Hand|p2a: Aerodactyl\n|-singleturn|p2a: Aerodactyl|Helping Hand|[of] p2b: Meowstic\n|move|p1a: Crabominable|Protect|p1a: Crabominable\n|-singleturn|p1a: Crabominable|Protect\n|move|p2a: Aerodactyl|Dual Wingbeat|p1b: Sinistcha\n|-supereffective|p1b: Sinistcha|1\n|-damage|p1b: Sinistcha|26/100\n|-supereffective|p1b: Sinistcha|1\n|-damage|p1b: Sinistcha|0 fnt\n|faint|p1b: Sinistcha\n|-hitcount|p1: Sinistcha|2\n|\n|upkeep\n|\n|t:|1776198441\n|switch|p1b: Incineroar|Incineroar, L50, M|100/100\n|-ability|p1b: Incineroar|Intimidate|boost\n|-unboost|p2a: Aerodactyl|atk|1\n|-unboost|p2b: Meowstic|atk|1\n|turn|4\n|\n|t:|1776198455\n|switch|p2b: Incineroar|Incineroar, L50, F, shiny|100/100\n|-ability|p2b: Incineroar|Intimidate|boost\n|-unboost|p1a: Crabominable|atk|1\n|-unboost|p1b: Incineroar|atk|1\n|move|p2a: Aerodactyl|Protect|p2a: Aerodactyl\n|-singleturn|p2a: Aerodactyl|Protect\n|move|p1b: Incineroar|Fake Out|p2a: Aerodactyl\n|-hint|Psychic Terrain doesn't affect airborne Pok\u00e9mon.\n|-activate|p2a: Aerodactyl|move: Protect\n|move|p1a: Crabominable|Drain Punch|p2a: Aerodactyl\n|-activate|p2a: Aerodactyl|move: Protect\n|\n|upkeep\n|turn|5\n|\n|t:|1776198474\n|switch|p1a: Sneasler|Sneasler, L50, M|100/100\n|move|p2b: Incineroar|Helping Hand|p2a: Aerodactyl\n|-singleturn|p2a: Aerodactyl|Helping Hand|[of] p2b: Incineroar\n|move|p2a: Aerodactyl|Rock Slide|p1b: Incineroar|[spread] p1a,p1b\n|-resisted|p1a: Sneasler|1\n|-supereffective|p1b: Incineroar|1\n|-damage|p1a: Sneasler|85/100\n|-damage|p1b: Incineroar|62/100\n|cant|p1b: Incineroar|flinch\n|\n|-sideend|p2: cryforcrys|move: Tailwind\n|-fieldend|move: Psychic Terrain\n|upkeep\n|turn|6\n|\n|t:|1776198491\n|switch|p1b: Crabominable|Crabominable-Mega, L50, M|100/100\n|move|p2b: Incineroar|Helping Hand|p2a: Aerodactyl\n|-singleturn|p2a: Aerodactyl|Helping Hand|[of] p2b: Incineroar\n|move|p2a: Aerodactyl|Dual Wingbeat|p1a: Sneasler\n|-supereffective|p1a: Sneasler|1\n|-damage|p1a: Sneasler|42/100\n|-supereffective|p1a: Sneasler|1\n|-damage|p1a: Sneasler|0 fnt\n|faint|p1a: Sneasler\n|-hitcount|p1: Sneasler|2\n|\n|upkeep\n|\n|t:|1776198500\n|switch|p1a: Incineroar|Incineroar, L50, M|62/100\n|-ability|p1a: Incineroar|Intimidate|boost\n|-unboost|p2a: Aerodactyl|atk|1\n|-unboost|p2b: Incineroar|atk|1\n|turn|7\n|\n|t:|1776198520\n|switch|p2b: Meowstic|Meowstic, L50, M, shiny|18/100\n|move|p2a: Aerodactyl|Protect|p2a: Aerodactyl\n|-singleturn|p2a: Aerodactyl|Protect\n|move|p1a: Incineroar|Darkest Lariat|p2b: Meowstic\n|-supereffective|p2b: Meowstic|1\n|-damage|p2b: Meowstic|0 fnt\n|faint|p2b: Meowstic\n|move|p1b: Crabominable|Drain Punch|p2a: Aerodactyl\n|-activate|p2a: Aerodactyl|move: Protect\n|\n|upkeep\n|\n|t:|1776198535\n|switch|p2b: Gardevoir|Gardevoir, L50, F, shiny|100/100\n|-ability|p2b: Gardevoir|Intimidate|Trace|[from] ability: Trace|[of] p1a: Incineroar\n|-ability|p2b: Gardevoir|Intimidate|boost\n|-unboost|p1a: Incineroar|atk|1\n|-unboost|p1b: Crabominable|atk|1\n|turn|8\n|\n|t:|1776198544\n|detailschange|p2b: Gardevoir|Gardevoir-Mega, L50, F, shiny\n|-mega|p2b: Gardevoir|Gardevoir|Gardevoirite\n|move|p2a: Aerodactyl|Tailwind|p2a: Aerodactyl\n|-sidestart|p2: cryforcrys|move: Tailwind\n|move|p2b: Gardevoir|Hyper Voice|p1a: Incineroar|[spread] p1a,p1b\n|-supereffective|p1b: Crabominable|1\n|-damage|p1a: Incineroar|18/100\n|-damage|p1b: Crabominable|3/100\n|-enditem|p1a: Incineroar|Sitrus Berry|[eat]\n|-heal|p1a: Incineroar|42/100|[from] item: Sitrus Berry\n|move|p1a: Incineroar|Darkest Lariat|p2b: Gardevoir\n|-damage|p2b: Gardevoir|60/100\n|move|p1b: Crabominable|Drain Punch|p2a: Aerodactyl\n|-damage|p2a: Aerodactyl|35/100\n|-heal|p1b: Crabominable|33/100|[from] drain|[of] p2a: Aerodactyl\n|\n|upkeep\n|turn|9\n|-message|TheWittedFool forfeited.\n|\n|win|cryforcrys\n|raw|TheWittedFool's rating: 1151 &rarr; <strong>1123</strong><br />(-28 for losing)\n|raw|cryforcrys's rating: 1113 &rarr; <strong>1141</strong><br />(+28 for winning)\n|l|\u2606TheWittedFool\n|player|p1|\n",
  "uploadtime": 1776198565,
  "views": 16,
  "formatid": "gen9championsvgc2026regma",
  "rating": 1123,
  "private": 0,
  "password": null
}