{
  "id": "gen9championsvgc2026regma-2583780516",
  "format": "[Gen 9 Champions] VGC 2026 Reg M-A",
  "players": [
    "Dewpider is life",
    "Quione"
  ],
  "log": "|j|\u2606Dewpider is life\n|j|\u2606Quione\n|t:|1776197206\n|gametype|doubles\n|player|p1|Dewpider is life|102|1150\n|player|p2|Quione|roxie|1207\n|gen|9\n|tier|[Gen 9 Champions] VGC 2026 Reg M-A\n|rated|\n|rule|Species Clause: Limit one of each Pok\u00e9mon\n|rule|Item Clause: Limit 1 of each item\n|clearpoke\n|poke|p1|Meowstic, L50, M|\n|poke|p1|Blastoise, L50, F|\n|poke|p1|Pelipper, L50, F|\n|poke|p1|Lucario, L50, M|\n|poke|p1|Talonflame, L50, M|\n|poke|p1|Weavile, L50, F|\n|poke|p2|Camerupt, L50, M|\n|poke|p2|Tyranitar, L50, M|\n|poke|p2|Conkeldurr, L50, M|\n|poke|p2|Mimikyu, L50, F|\n|poke|p2|Corviknight, L50, M|\n|poke|p2|Milotic, L50, F|\n|teampreview|4\n|inactive|Battle timer is ON: inactive players will automatically lose when time's up. (requested by Quione)\n|\n|t:|1776197286\n|teamsize|p1|4\n|teamsize|p2|4\n|start\n|switch|p1a: Pelipper|Pelipper, L50, F|100/100\n|switch|p1b: Lucario|Lucario, L50, M|100/100\n|switch|p2a: Babymetal|Mimikyu, L50, F|100/100\n|switch|p2b: Dissection|Tyranitar, L50, M|100/100\n|-weather|RainDance|[from] ability: Drizzle|[of] p1a: Pelipper\n|-weather|Sandstorm|[from] ability: Sand Stream|[of] p2b: Dissection\n|turn|1\n|\n|t:|1776197305\n|switch|p1a: Meowstic|Meowstic, L50, M|100/100\n|detailschange|p2b: Dissection|Tyranitar-Mega, L50, M\n|-mega|p2b: Dissection|Tyranitar|Tyranitarite\n|move|p1b: Lucario|Close Combat|p2b: Dissection\n|-supereffective|p2b: Dissection|2\n|-damage|p2b: Dissection|0 fnt\n|-unboost|p1b: Lucario|def|1\n|-unboost|p1b: Lucario|spd|1\n|faint|p2b: Dissection\n|move|p2a: Babymetal|Trick Room|p2a: Babymetal\n|-fieldstart|move: Trick Room|[of] p2a: Babymetal\n|\n|-weather|Sandstorm|[upkeep]\n|-damage|p2a: Babymetal|94/100|[from] Sandstorm\n|-damage|p1a: Meowstic|95/100|[from] Sandstorm\n|upkeep\n|\n|t:|1776197317\n|switch|p2b: Deftones|Corviknight, L50, M|100/100\n|turn|2\n|inactive|Dewpider is life has 30 seconds left.\n|\n|t:|1776197347\n|switch|p2a: Nightwish|Milotic, L50, F, shiny|100/100\n|switch|p1b: Pelipper|Pelipper, L50, F|100/100\n|-weather|RainDance|[from] ability: Drizzle|[of] p1b: Pelipper\n|move|p1a: Meowstic|Fake Out|p2b: Deftones\n|-resisted|p2b: Deftones|1\n|-damage|p2b: Deftones|99/100\n|cant|p2b: Deftones|flinch\n|\n|-weather|RainDance|[upkeep]\n|upkeep\n|turn|3\n|\n|t:|1776197367\n|move|p1a: Meowstic|Fake Tears|p2b: Deftones\n|-ability|p2b: Deftones|Mirror Armor\n|-unboost|p1a: Meowstic|spd|2\n|move|p2b: Deftones|Brave Bird|p1b: Pelipper\n|-crit|p1b: Pelipper\n|-damage|p1b: Pelipper|27/100\n|-damage|p2b: Deftones|75/100|[from] Recoil\n|move|p1b: Pelipper|Weather Ball|p2b: Deftones\n|-damage|p2b: Deftones|0 fnt\n|faint|p2b: Deftones\n|move|p2a: Nightwish|Scald|p1b: Pelipper\n|-resisted|p1b: Pelipper|1\n|-damage|p1b: Pelipper|0 fnt\n|faint|p1b: Pelipper\n|\n|-weather|RainDance|[upkeep]\n|upkeep\n|\n|t:|1776197386\n|switch|p2b: Babymetal|Mimikyu, L50, F|94/100\n|switch|p1b: Blastoise|Blastoise, L50, F|100/100\n|turn|4\n|\n|t:|1776197402\n|move|p1b: Blastoise|Protect|p1b: Blastoise\n|-singleturn|p1b: Blastoise|Protect\n|move|p1a: Meowstic|Fake Tears|p2a: Nightwish\n|-unboost|p2a: Nightwish|spd|2\n|-ability|p2a: Nightwish|Competitive|boost\n|-boost|p2a: Nightwish|spa|2\n|move|p2a: Nightwish|Scald|p1b: Blastoise\n|-activate|p1b: Blastoise|move: Protect\n|move|p2b: Babymetal|Substitute|p2b: Babymetal\n|-start|p2b: Babymetal|Substitute\n|-damage|p2b: Babymetal|69/100\n|\n|-weather|RainDance|[upkeep]\n|upkeep\n|turn|5\n|inactive|Dewpider is life has 30 seconds left.\n|inactive|Quione has 30 seconds left.\n|\n|t:|1776197431\n|detailschange|p1b: Blastoise|Blastoise-Mega, L50, F\n|-mega|p1b: Blastoise|Blastoise|Blastoisinite\n|move|p2a: Nightwish|Scald|p1a: Meowstic\n|-damage|p1a: Meowstic|0 fnt\n|faint|p1a: Meowstic\n|move|p2b: Babymetal|Will-O-Wisp|p1b: Blastoise\n|-status|p1b: Blastoise|brn\n|move|p1b: Blastoise|Muddy Water|p2b: Babymetal|[spread] p2a\n|-miss|p1b: Blastoise|p2b: Babymetal\n|-resisted|p2a: Nightwish|1\n|-damage|p2a: Nightwish|61/100\n|\n|-weather|RainDance|[upkeep]\n|-heal|p2a: Nightwish|67/100|[from] item: Leftovers\n|-damage|p1b: Blastoise|95/100 brn|[from] brn\n|-fieldend|move: Trick Room\n|upkeep\n|\n|t:|1776197441\n|switch|p1a: Lucario|Lucario, L50, M|100/100\n|turn|6\n|-activate|p2b: Babymetal|item: Quick Claw\n|\n|t:|1776197458\n|move|p2b: Babymetal|Will-O-Wisp|p1a: Lucario\n|-status|p1a: Lucario|brn\n|move|p1a: Lucario|Close Combat|p2a: Nightwish\n|-damage|p2a: Nightwish|48/100\n|-unboost|p1a: Lucario|def|1\n|-unboost|p1a: Lucario|spd|1\n|move|p1b: Blastoise|Water Spout|p2a: Nightwish|[spread] p2a,p2b\n|-end|p2b: Babymetal|Substitute\n|-resisted|p2a: Nightwish|1\n|-damage|p2a: Nightwish|0 fnt\n|faint|p2a: Nightwish\n|\n|-weather|none\n|-damage|p1a: Lucario|94/100 brn|[from] brn\n|-damage|p1b: Blastoise|89/100 brn|[from] brn\n|upkeep\n|turn|7\n|\n|t:|1776197477\n|move|p1a: Lucario|Flash Cannon|p2b: Babymetal\n|-activate|p2b: Babymetal|ability: Disguise\n|-damage|p2b: Babymetal|69/100\n|detailschange|p2b: Babymetal|Mimikyu-Busted, L50, F\n|-damage|p2b: Babymetal|57/100|[from] pokemon: Mimikyu-Busted\n|move|p1b: Blastoise|Water Spout|p2b: Babymetal\n|-damage|p2b: Babymetal|0 fnt\n|faint|p2b: Babymetal\n|\n|win|Dewpider is life\n|raw|Dewpider is life's rating: 1150 &rarr; <strong>1179</strong><br />(+29 for winning)\n|raw|Quione's rating: 1207 &rarr; <strong>1178</strong><br />(-29 for losing)\n|l|\u2606Quione\n|player|p2|\n",
  "uploadtime": 1776197492,
  "views": 37,
  "formatid": "gen9championsvgc2026regma",
  "rating": 1178,
  "private": 0,
  "password": null
}