{
  "id": "gen9championsvgc2026regma-2583696254",
  "format": "[Gen 9 Champions] VGC 2026 Reg M-A",
  "players": [
    "MefShowdown0",
    "Log_is_ham"
  ],
  "log": "|j|\u2606MefShowdown0\n|j|\u2606Log_is_ham\n|t:|1776191611\n|gametype|doubles\n|player|p1|MefShowdown0|selene-masters2|1040\n|player|p2|Log_is_ham|265|1121\n|gen|9\n|tier|[Gen 9 Champions] VGC 2026 Reg M-A\n|rated|\n|rule|Species Clause: Limit one of each Pok\u00e9mon\n|rule|Item Clause: Limit 1 of each item\n|clearpoke\n|poke|p1|Floette-Eternal, L50, F|\n|poke|p1|Delphox, L50, M|\n|poke|p1|Aerodactyl, L50, F|\n|poke|p1|Maushold, L50|\n|poke|p1|Garchomp, L50, M|\n|poke|p1|Incineroar, L50, F|\n|poke|p2|Aerodactyl, L50, F|\n|poke|p2|Drampa, L50, M|\n|poke|p2|Sinistcha, L50|\n|poke|p2|Politoed, L50, F|\n|poke|p2|Floette-Eternal, L50, F|\n|poke|p2|Arcanine, L50, F|\n|teampreview|4\n|\n|t:|1776191647\n|teamsize|p1|4\n|teamsize|p2|4\n|start\n|switch|p1a: Floette|Floette-Eternal, L50, F|100/100\n|switch|p1b: Maushold|Maushold, L50|100/100\n|switch|p2a: Politoed|Politoed, L50, F|100/100\n|switch|p2b: Aerodactyl|Aerodactyl, L50, F|100/100\n|-ability|p2b: Aerodactyl|Pressure\n|-weather|RainDance|[from] ability: Drizzle|[of] p2a: Politoed\n|turn|1\n|inactive|Battle timer is ON: inactive players will automatically lose when time's up. (requested by MefShowdown0)\n|\n|t:|1776191673\n|detailschange|p1a: Floette|Floette-Mega, L50, F\n|-mega|p1a: Floette|Floette|Floettite\n|-ability|p1a: Floette|Fairy Aura\n|move|p1b: Maushold|Follow Me|p1b: Maushold\n|-singleturn|p1b: Maushold|move: Follow Me\n|move|p2b: Aerodactyl|Tailwind|p2b: Aerodactyl\n|-sidestart|p2: Log_is_ham|move: Tailwind\n|move|p2a: Politoed|Perish Song|p2a: Politoed\n|-start|p1a: Floette|perish3|[silent]\n|-start|p1b: Maushold|perish3|[silent]\n|-start|p2a: Politoed|perish3|[silent]\n|-start|p2b: Aerodactyl|perish3|[silent]\n|-fieldactivate|move: Perish Song\n|move|p1a: Floette|Calm Mind|p1a: Floette\n|-boost|p1a: Floette|spa|1\n|-boost|p1a: Floette|spd|1\n|\n|-weather|RainDance|[upkeep]\n|-start|p2b: Aerodactyl|perish3\n|-start|p1b: Maushold|perish3\n|-start|p2a: Politoed|perish3\n|-start|p1a: Floette|perish3\n|upkeep\n|turn|2\n|inactive|MefShowdown0 has 30 seconds left.\n|inactive|Log_is_ham has 30 seconds left.\n|\n|t:|1776191707\n|switch|p1b: Aerodactyl|Aerodactyl, L50, F|100/100\n|-ability|p1b: Aerodactyl|Unnerve\n|switch|p2a: Arcanine|Arcanine, L50, F|100/100\n|-ability|p2a: Arcanine|Intimidate|boost\n|-unboost|p1a: Floette|atk|1\n|-unboost|p1b: Aerodactyl|atk|1\n|move|p2b: Aerodactyl|Rock Slide|p1b: Aerodactyl|[spread] p1a,p1b\n|-supereffective|p1b: Aerodactyl|1\n|-damage|p1a: Floette|72/100\n|-damage|p1b: Aerodactyl|20/100\n|move|p1a: Floette|Dazzling Gleam|p2b: Aerodactyl|[spread] p2a,p2b\n|-resisted|p2a: Arcanine|1\n|-crit|p2b: Aerodactyl\n|-damage|p2a: Arcanine|66/100\n|-enditem|p2b: Aerodactyl|Focus Sash\n|-damage|p2b: Aerodactyl|1/100\n|\n|-weather|RainDance|[upkeep]\n|-start|p2b: Aerodactyl|perish2\n|-start|p1a: Floette|perish2\n|upkeep\n|turn|3\n|inactive|Log_is_ham has 30 seconds left.\n|\n|t:|1776191736\n|move|p1b: Aerodactyl|Protect|p1b: Aerodactyl\n|-singleturn|p1b: Aerodactyl|Protect\n|move|p2b: Aerodactyl|Rock Slide|p1a: Floette|[spread] p1a\n|-activate|p1b: Aerodactyl|move: Protect\n|-damage|p1a: Floette|42/100\n|move|p2a: Arcanine|Flare Blitz|p1a: Floette\n|-damage|p1a: Floette|6/100\n|-damage|p2a: Arcanine|55/100|[from] Recoil\n|move|p1a: Floette|Dazzling Gleam|p2b: Aerodactyl|[spread] p2a,p2b\n|-resisted|p2a: Arcanine|1\n|-damage|p2a: Arcanine|20/100\n|-damage|p2b: Aerodactyl|0 fnt\n|faint|p2b: Aerodactyl\n|\n|-weather|RainDance|[upkeep]\n|-start|p1a: Floette|perish1\n|upkeep\n|\n|t:|1776191751\n|switch|p2b: Floette|Floette-Eternal, L50, F|100/100\n|turn|4\n|\n|t:|1776191763\n|switch|p1b: Maushold|Maushold, L50|100/100\n|switch|p1a: Garchomp|Garchomp, L50, M|100/100\n|detailschange|p2b: Floette|Floette-Mega, L50, F\n|-mega|p2b: Floette|Floette|Floettite\n|-ability|p2b: Floette|Fairy Aura\n|move|p2b: Floette|Dazzling Gleam|p1a: Garchomp|[spread] p1a,p1b\n|-supereffective|p1a: Garchomp|1\n|-damage|p1a: Garchomp|31/100\n|-damage|p1b: Maushold|38/100\n|move|p2a: Arcanine|Will-O-Wisp|p1a: Garchomp|[miss]\n|-miss|p2a: Arcanine|p1a: Garchomp\n|\n|-weather|RainDance|[upkeep]\n|-sideend|p2: Log_is_ham|move: Tailwind\n|upkeep\n|turn|5\n|inactive|Log_is_ham has 30 seconds left.\n|\n|t:|1776191789\n|move|p1a: Garchomp|Protect|p1a: Garchomp\n|-singleturn|p1a: Garchomp|Protect\n|move|p1b: Maushold|Super Fang|p2b: Floette\n|-damage|p2b: Floette|51/100\n|move|p2b: Floette|Dazzling Gleam|p1a: Garchomp|[spread] p1b\n|-activate|p1a: Garchomp|move: Protect\n|-damage|p1b: Maushold|0 fnt\n|faint|p1b: Maushold\n|move|p2a: Arcanine|Flare Blitz|p1a: Garchomp\n|-activate|p1a: Garchomp|move: Protect\n|\n|-weather|none\n|upkeep\n|\n|t:|1776191798\n|switch|p1b: Aerodactyl|Aerodactyl, L50, F|20/100\n|-ability|p1b: Aerodactyl|Unnerve\n|turn|6\n|\n|t:|1776191812\n|move|p1b: Aerodactyl|Tailwind|p1b: Aerodactyl\n|-sidestart|p1: MefShowdown0|move: Tailwind\n|move|p1a: Garchomp|Earthquake|p2b: Floette|[spread] p2a,p2b\n|-immune|p1b: Aerodactyl\n|-supereffective|p2a: Arcanine|1\n|-damage|p2a: Arcanine|0 fnt\n|-damage|p2b: Floette|0 fnt\n|faint|p2a: Arcanine\n|faint|p2b: Floette\n|\n|upkeep\n|\n|t:|1776191822\n|switch|p2a: Politoed|Politoed, L50, F|100/100\n|-weather|RainDance|[from] ability: Drizzle|[of] p2a: Politoed\n|turn|7\n|\n|t:|1776191834\n|move|p1b: Aerodactyl|Rock Slide|p2a: Politoed\n|-damage|p2a: Politoed|65/100\n|move|p1a: Garchomp|Dragon Claw|p2a: Politoed\n|-damage|p2a: Politoed|19/100\n|move|p2a: Politoed|Perish Song|p2a: Politoed\n|-start|p1a: Garchomp|perish3|[silent]\n|-start|p1b: Aerodactyl|perish3|[silent]\n|-start|p2a: Politoed|perish3|[silent]\n|-fieldactivate|move: Perish Song\n|\n|-weather|RainDance|[upkeep]\n|-heal|p2a: Politoed|25/100|[from] item: Leftovers\n|-start|p1b: Aerodactyl|perish3\n|-start|p1a: Garchomp|perish3\n|-start|p2a: Politoed|perish3\n|upkeep\n|turn|8\n|\n|t:|1776191848\n|move|p2a: Politoed|Protect|p2a: Politoed\n|-singleturn|p2a: Politoed|Protect\n|move|p1b: Aerodactyl|Dual Wingbeat|p2a: Politoed\n|-activate|p2a: Politoed|move: Protect\n|move|p1a: Garchomp|Dragon Claw|p2a: Politoed\n|-activate|p2a: Politoed|move: Protect\n|\n|-weather|RainDance|[upkeep]\n|-heal|p2a: Politoed|31/100|[from] item: Leftovers\n|-start|p1b: Aerodactyl|perish2\n|-start|p1a: Garchomp|perish2\n|-start|p2a: Politoed|perish2\n|upkeep\n|turn|9\n|\n|t:|1776191864\n|move|p2a: Politoed|Protect||[still]\n|-fail|p2a: Politoed\n|move|p1b: Aerodactyl|Rock Slide|p2a: Politoed\n|-damage|p2a: Politoed|0 fnt\n|faint|p2a: Politoed\n|\n|win|MefShowdown0\n|raw|MefShowdown0's rating: 1040 &rarr; <strong>1082</strong><br />(+42 for winning)\n|raw|Log_is_ham's rating: 1121 &rarr; <strong>1090</strong><br />(-31 for losing)\n",
  "uploadtime": 1776191864,
  "views": 14,
  "formatid": "gen9championsvgc2026regma",
  "rating": 1082,
  "private": 0,
  "password": null
}