{
  "id": "gen9championsvgc2026regma-2584552506",
  "format": "[Gen 9 Champions] VGC 2026 Reg M-A",
  "players": [
    "Dudthestud",
    "Lseeeeeck"
  ],
  "log": "|j|\u2606Dudthestud\n|j|\u2606Lseeeeeck\n|t:|1776268290\n|gametype|doubles\n|player|p1|Dudthestud|102|1068\n|player|p2|Lseeeeeck|janitor|1026\n|gen|9\n|tier|[Gen 9 Champions] VGC 2026 Reg M-A\n|rated|\n|rule|Species Clause: Limit one of each Pok\u00e9mon\n|rule|Item Clause: Limit 1 of each item\n|clearpoke\n|poke|p1|Gyarados, L50, F|\n|poke|p1|Sneasler, L50, F|\n|poke|p1|Aegislash, L50, F|\n|poke|p1|Talonflame, L50, F|\n|poke|p1|Incineroar, L50, M|\n|poke|p1|Garchomp, L50, M|\n|poke|p2|Glimmora, L50, M|\n|poke|p2|Basculegion, L50, M|\n|poke|p2|Whimsicott, L50, F|\n|poke|p2|Incineroar, L50, F|\n|poke|p2|Lopunny, L50, M|\n|poke|p2|Dragonite, L50, F|\n|teampreview|4\n|inactive|Battle timer is ON: inactive players will automatically lose when time's up. (requested by Lseeeeeck)\n|\n|t:|1776268339\n|teamsize|p1|4\n|teamsize|p2|4\n|start\n|switch|p1a: Gyarados|Gyarados, L50, F|100/100\n|switch|p1b: Talonflame|Talonflame, L50, F|100/100\n|switch|p2a: Glimmora|Glimmora, L50, M|100/100\n|switch|p2b: Basculegion|Basculegion, L50, M|100/100\n|turn|1\n|\n|t:|1776268358\n|detailschange|p2a: Glimmora|Glimmora-Mega, L50, M\n|-mega|p2a: Glimmora|Glimmora|Glimmoranite\n|detailschange|p1a: Gyarados|Gyarados-Mega, L50, F\n|-mega|p1a: Gyarados|Gyarados|Gyaradosite\n|-ability|p1a: Gyarados|Mold Breaker\n|move|p2a: Glimmora|Spiky Shield|p2a: Glimmora\n|-singleturn|p2a: Glimmora|move: Protect\n|move|p2b: Basculegion|Aqua Jet|p1b: Talonflame\n|-supereffective|p1b: Talonflame|1\n|-damage|p1b: Talonflame|28/100\n|move|p1b: Talonflame|Tailwind|p1b: Talonflame\n|-sidestart|p1: Dudthestud|move: Tailwind\n|move|p1a: Gyarados|Dragon Dance|p1a: Gyarados\n|-boost|p1a: Gyarados|atk|1\n|-boost|p1a: Gyarados|spe|1\n|\n|upkeep\n|turn|2\n|\n|t:|1776268373\n|switch|p2a: Incineroar|Incineroar, L50, F|100/100\n|-ability|p2a: Incineroar|Intimidate|boost\n|-unboost|p1a: Gyarados|atk|1\n|-unboost|p1b: Talonflame|atk|1\n|move|p1b: Talonflame|Quick Guard|p1b: Talonflame\n|-singleturn|p1b: Talonflame|Quick Guard\n|move|p2b: Basculegion|Aqua Jet|p1b: Talonflame\n|-activate|p1b: Talonflame|move: Quick Guard\n|move|p1a: Gyarados|Earthquake|p2a: Incineroar|[spread] p2a,p2b\n|-immune|p1b: Talonflame\n|-supereffective|p2a: Incineroar|1\n|-damage|p2a: Incineroar|36/100\n|-damage|p2b: Basculegion|59/100\n|-enditem|p2a: Incineroar|Sitrus Berry|[eat]\n|-heal|p2a: Incineroar|61/100|[from] item: Sitrus Berry\n|\n|upkeep\n|turn|3\n|inactive|Dudthestud has 30 seconds left.\n|inactive|Dudthestud has 20 seconds left.\n|inactive|Dudthestud has 15 seconds left.\n|inactive|Dudthestud has 10 seconds left.\n|\n|t:|1776268422\n|switch|p2b: Dragonite|Dragonite, L50, F|100/100\n|move|p1b: Talonflame|Quick Guard|p1b: Talonflame\n|-singleturn|p1b: Talonflame|Quick Guard\n|move|p1a: Gyarados|Earthquake|p2a: Incineroar|[spread] p2a\n|-immune|p1b: Talonflame\n|-immune|p2b: Dragonite\n|-supereffective|p2a: Incineroar|1\n|-damage|p2a: Incineroar|3/100\n|move|p2a: Incineroar|Parting Shot|p1a: Gyarados\n|-unboost|p1a: Gyarados|atk|1\n|-unboost|p1a: Gyarados|spa|1\n|\n|t:|1776268439\n|switch|p2a: Basculegion|Basculegion, L50, M|59/100|[from] Parting Shot\n|\n|upkeep\n|turn|4\n|\n|t:|1776268449\n|move|p1a: Gyarados|Dragon Dance|p1a: Gyarados\n|-boost|p1a: Gyarados|atk|1\n|-boost|p1a: Gyarados|spe|1\n|move|p1b: Talonflame|Taunt|p2b: Dragonite\n|-start|p2b: Dragonite|move: Taunt\n|move|p2a: Basculegion|Flip Turn|p1b: Talonflame\n|-supereffective|p1b: Talonflame|1\n|-damage|p1b: Talonflame|0 fnt\n|faint|p1b: Talonflame\n|\n|t:|1776268455\n|switch|p2a: Incineroar|Incineroar, L50, F|3/100|[from] Flip Turn\n|-ability|p2a: Incineroar|Intimidate|boost\n|-unboost|p1a: Gyarados|atk|1\n|cant|p2b: Dragonite|move: Taunt|Tailwind\n|\n|-sideend|p1: Dudthestud|move: Tailwind\n|upkeep\n|\n|t:|1776268459\n|switch|p1b: Garchomp|Garchomp, L50, M, shiny|100/100\n|turn|5\n|\n|t:|1776268469\n|move|p2a: Incineroar|Fake Out|p1a: Gyarados\n|-damage|p1a: Gyarados|91/100\n|cant|p1a: Gyarados|flinch\n|move|p1b: Garchomp|Rock Slide|p2a: Incineroar|[spread] p2a,p2b\n|-supereffective|p2a: Incineroar|1\n|-supereffective|p2b: Dragonite|1\n|-damage|p2a: Incineroar|0 fnt\n|-damage|p2b: Dragonite|54/100\n|faint|p2a: Incineroar\n|move|p2b: Dragonite|Scale Shot|p1b: Garchomp\n|-supereffective|p1b: Garchomp|1\n|-damage|p1b: Garchomp|67/100\n|-supereffective|p1b: Garchomp|1\n|-damage|p1b: Garchomp|36/100\n|-supereffective|p1b: Garchomp|1\n|-damage|p1b: Garchomp|5/100\n|-supereffective|p1b: Garchomp|1\n|-damage|p1b: Garchomp|0 fnt\n|faint|p1b: Garchomp\n|-hitcount|p1: Garchomp|4\n|-unboost|p2b: Dragonite|def|1\n|-boost|p2b: Dragonite|spe|1\n|\n|upkeep\n|\n|t:|1776268482\n|switch|p1b: Aegislash|Aegislash, L50, F, shiny|100/100\n|switch|p2a: Basculegion|Basculegion, L50, M|59/100\n|turn|6\n|\n|t:|1776268496\n|-formechange|p1b: Aegislash|Aegislash-Blade|\n|move|p1b: Aegislash|Shadow Sneak|p2a: Basculegion\n|-supereffective|p2a: Basculegion|1\n|-damage|p2a: Basculegion|0 fnt\n|faint|p2a: Basculegion\n|move|p1a: Gyarados|Dragon Dance|p1a: Gyarados\n|-boost|p1a: Gyarados|atk|1\n|-boost|p1a: Gyarados|spe|1\n|move|p2b: Dragonite|Scale Shot|p1a: Gyarados\n|-damage|p1a: Gyarados|75/100\n|-damage|p1a: Gyarados|57/100\n|-damage|p1a: Gyarados|42/100\n|-damage|p1a: Gyarados|25/100\n|-damage|p1a: Gyarados|9/100\n|-hitcount|p1a: Gyarados|5\n|-unboost|p2b: Dragonite|def|1\n|-boost|p2b: Dragonite|spe|1\n|\n|-end|p2b: Dragonite|move: Taunt\n|upkeep\n|\n|t:|1776268501\n|switch|p2a: Glimmora|Glimmora-Mega, L50, M|100/100\n|turn|7\n|\n|t:|1776268516\n|move|p2a: Glimmora|Spiky Shield|p2a: Glimmora\n|-singleturn|p2a: Glimmora|move: Protect\n|-formechange|p1b: Aegislash|Aegislash|\n|move|p1b: Aegislash|King's Shield|p1b: Aegislash\n|-singleturn|p1b: Aegislash|Protect\n|move|p2b: Dragonite|Extreme Speed|p1a: Gyarados\n|-damage|p1a: Gyarados|0 fnt\n|faint|p1a: Gyarados\n|\n|upkeep\n|turn|8\n|\n|t:|1776268532\n|move|p2b: Dragonite|Scale Shot|p1b: Aegislash\n|-resisted|p1b: Aegislash|1\n|-damage|p1b: Aegislash|94/100\n|-resisted|p1b: Aegislash|1\n|-damage|p1b: Aegislash|87/100\n|-resisted|p1b: Aegislash|1\n|-damage|p1b: Aegislash|81/100\n|-hitcount|p1b: Aegislash|3\n|-unboost|p2b: Dragonite|def|1\n|-boost|p2b: Dragonite|spe|1\n|move|p2a: Glimmora|Power Gem|p1b: Aegislash\n|-resisted|p1b: Aegislash|1\n|-damage|p1b: Aegislash|54/100\n|-formechange|p1b: Aegislash|Aegislash-Blade|\n|move|p1b: Aegislash|Iron Head|p2b: Dragonite\n|-damage|p2b: Dragonite|0 fnt\n|faint|p2b: Dragonite\n|\n|-heal|p1b: Aegislash|60/100|[from] item: Leftovers\n|upkeep\n|turn|9\n|\n|t:|1776268541\n|move|p2a: Glimmora|Spiky Shield|p2a: Glimmora\n|-singleturn|p2a: Glimmora|move: Protect\n|-formechange|p1b: Aegislash|Aegislash|\n|move|p1b: Aegislash|King's Shield||[still]\n|-fail|p1b: Aegislash\n|\n|-heal|p1b: Aegislash|66/100|[from] item: Leftovers\n|upkeep\n|turn|10\n|\n|t:|1776268545\n|move|p2a: Glimmora|Power Gem|p1b: Aegislash\n|-resisted|p1b: Aegislash|1\n|-damage|p1b: Aegislash|41/100\n|-formechange|p1b: Aegislash|Aegislash-Blade|\n|move|p1b: Aegislash|Iron Head|p2a: Glimmora\n|-supereffective|p2a: Glimmora|1\n|-damage|p2a: Glimmora|0 fnt\n|faint|p2a: Glimmora\n|\n|win|Dudthestud\n|raw|Dudthestud's rating: 1068 &rarr; <strong>1094</strong><br />(+26 for winning)\n|raw|Lseeeeeck's rating: 1026 &rarr; <strong>1014</strong><br />(-12 for losing)\n|l|\u2606Lseeeeeck\n|player|p2|\n|l|\u2606Dudthestud\n|player|p1|\n|j|\u2606Dudthestud\n|player|p1|Dudthestud|102|\n",
  "uploadtime": 1776268549,
  "views": 32,
  "formatid": "gen9championsvgc2026regma",
  "rating": 1014,
  "private": 0,
  "password": null
}