{
  "id": "gen9championsvgc2026regma-2581182005",
  "format": "[Gen 9 Champions] VGC 2026 Reg M-A",
  "players": [
    "Rei_Pera",
    "StrikerMohamud"
  ],
  "log": "|j|\u203dRei_Pera\n|j|\u2606StrikerMohamud\n|t:|1775967996\n|gametype|doubles\n|player|p1|Rei_Pera|102|1058\n|player|p2|StrikerMohamud|unknown|1000\n|gen|9\n|tier|[Gen 9 Champions] VGC 2026 Reg M-A\n|rated|\n|rule|Species Clause: Limit one of each Pok\u00e9mon\n|rule|Item Clause: Limit 1 of each item\n|clearpoke\n|poke|p1|Sneasler, L50, M|\n|poke|p1|Aggron, L50, F|\n|poke|p1|Arcanine, L50, M|\n|poke|p1|Dragonite, L50, M|\n|poke|p1|Rotom-Wash, L50|\n|poke|p1|Umbreon, L50, M|\n|poke|p2|Kangaskhan, L50, F|\n|poke|p2|Incineroar, L50, F|\n|poke|p2|Azumarill, L50, F|\n|poke|p2|Froslass, L50, F|\n|poke|p2|Garchomp, L50, M|\n|poke|p2|Talonflame, L50, M|\n|teampreview|4\n|\n|t:|1775968025\n|teamsize|p1|4\n|teamsize|p2|4\n|start\n|switch|p1a: Arcanine|Arcanine, L50, M|100/100\n|switch|p1b: Dragonite|Dragonite, L50, M, shiny|100/100\n|switch|p2a: Talonflame|Talonflame, L50, M, shiny|100/100\n|switch|p2b: Kangaskhan|Kangaskhan, L50, F|100/100\n|-ability|p1a: Arcanine|Intimidate|boost\n|-unboost|p2a: Talonflame|atk|1\n|-unboost|p2b: Kangaskhan|atk|1\n|turn|1\n|\n|t:|1775968060\n|switch|p2b: Incineroar|Incineroar, L50, F, shiny|100/100\n|-ability|p2b: Incineroar|Intimidate|boost\n|-unboost|p1a: Arcanine|atk|1\n|-unboost|p1b: Dragonite|atk|1\n|detailschange|p1b: Dragonite|Dragonite-Mega, L50, M, shiny\n|-mega|p1b: Dragonite|Dragonite|Dragoninite\n|move|p1a: Arcanine|Extreme Speed|p2a: Talonflame\n|-damage|p2a: Talonflame|78/100\n|move|p2a: Talonflame|Tailwind|p2a: Talonflame\n|-sidestart|p2: StrikerMohamud|move: Tailwind\n|move|p1b: Dragonite|Blizzard|p2a: Talonflame|[spread] p2b\n|-miss|p1b: Dragonite|p2a: Talonflame\n|-resisted|p2b: Incineroar|1\n|-damage|p2b: Incineroar|86/100\n|\n|upkeep\n|turn|2\n|\n|t:|1775968091\n|switch|p2a: Azumarill|Azumarill, L50, F, shiny|100/100\n|switch|p1a: Rotom|Rotom-Wash, L50, shiny|100/100\n|move|p2b: Incineroar|Parting Shot|p1b: Dragonite\n|-unboost|p1b: Dragonite|atk|1\n|-unboost|p1b: Dragonite|spa|1\n|\n|t:|1775968098\n|switch|p2b: Kangaskhan|Kangaskhan, L50, F|100/100|[from] Parting Shot\n|move|p1b: Dragonite|Hurricane|p2b: Kangaskhan\n|-damage|p2b: Kangaskhan|63/100\n|-start|p2b: Kangaskhan|confusion\n|\n|upkeep\n|turn|3\n|\n|t:|1775968124\n|switch|p1b: Arcanine|Arcanine, L50, M|100/100\n|-ability|p1b: Arcanine|Intimidate|boost\n|-unboost|p2a: Azumarill|atk|1\n|-unboost|p2b: Kangaskhan|atk|1\n|detailschange|p2b: Kangaskhan|Kangaskhan-Mega, L50, F\n|-mega|p2b: Kangaskhan|Kangaskhan|Kangaskhanite\n|-activate|p2b: Kangaskhan|confusion\n|move|p2b: Kangaskhan|Fake Out|p1a: Rotom\n|-damage|p1a: Rotom|81/100\n|-damage|p1a: Rotom|78/100\n|-hitcount|p1a: Rotom|2\n|move|p2a: Azumarill|Belly Drum|p2a: Azumarill\n|-damage|p2a: Azumarill|51/100\n|-setboost|p2a: Azumarill|atk|6|[from] move: Belly Drum\n|cant|p1a: Rotom|flinch\n|\n|upkeep\n|turn|4\n|\n|t:|1775968176\n|move|p1b: Arcanine|Extreme Speed|p2a: Azumarill\n|-damage|p2a: Azumarill|25/100\n|-enditem|p2a: Azumarill|Sitrus Berry|[eat]\n|-heal|p2a: Azumarill|50/100|[from] item: Sitrus Berry\n|-activate|p2b: Kangaskhan|confusion\n|move|p2b: Kangaskhan|Double-Edge|p1b: Arcanine\n|-damage|p1b: Arcanine|57/100\n|-damage|p1b: Arcanine|48/100\n|-hitcount|p1b: Arcanine|2\n|-damage|p2b: Kangaskhan|46/100|[from] Recoil\n|move|p2a: Azumarill|Play Rough|p1a: Rotom\n|-damage|p1a: Rotom|0 fnt\n|faint|p1a: Rotom\n|\n|-heal|p1b: Arcanine|54/100|[from] item: Leftovers\n|-sideend|p2: StrikerMohamud|move: Tailwind\n|upkeep\n|\n|t:|1775968201\n|switch|p1a: Dragonite|Dragonite-Mega, L50, M, shiny|100/100\n|turn|5\n|\n|t:|1775968229\n|switch|p2b: Talonflame|Talonflame, L50, M, shiny|78/100\n|move|p2a: Azumarill|Protect|p2a: Azumarill\n|-singleturn|p2a: Azumarill|Protect\n|move|p1b: Arcanine|Extreme Speed|p2a: Azumarill\n|-activate|p2a: Azumarill|move: Protect\n|move|p1a: Dragonite|Hurricane|p2a: Azumarill\n|-activate|p2a: Azumarill|move: Protect\n|\n|-heal|p1b: Arcanine|60/100|[from] item: Leftovers\n|upkeep\n|turn|6\n|\n|t:|1775968248\n|move|p1b: Arcanine|Extreme Speed|p2a: Azumarill\n|-damage|p2a: Azumarill|21/100\n|move|p2b: Talonflame|Tailwind|p2b: Talonflame\n|-sidestart|p2: StrikerMohamud|move: Tailwind\n|move|p2a: Azumarill|Play Rough|p1a: Dragonite\n|-supereffective|p1a: Dragonite|1\n|-damage|p1a: Dragonite|0 fnt\n|faint|p1a: Dragonite\n|\n|-heal|p1b: Arcanine|66/100|[from] item: Leftovers\n|upkeep\n|\n|t:|1775968261\n|switch|p1a: Umbreon|Umbreon, L50, M, shiny|100/100\n|turn|7\n|\n|t:|1775968281\n|move|p2b: Talonflame|Quick Guard|p2b: Talonflame\n|-singleturn|p2b: Talonflame|Quick Guard\n|move|p2a: Azumarill|Play Rough|p1a: Umbreon\n|-supereffective|p1a: Umbreon|1\n|-damage|p1a: Umbreon|0 fnt\n|faint|p1a: Umbreon\n|move|p1b: Arcanine|Flare Blitz|p2a: Azumarill\n|-resisted|p2a: Azumarill|1\n|-damage|p2a: Azumarill|0 fnt\n|faint|p2a: Azumarill\n|-damage|p1b: Arcanine|59/100|[from] Recoil\n|\n|-heal|p1b: Arcanine|65/100|[from] item: Leftovers\n|upkeep\n|\n|t:|1775968289\n|switch|p2a: Kangaskhan|Kangaskhan-Mega, L50, F|46/100\n|turn|8\n|\n|t:|1775968301\n|switch|p2b: Incineroar|Incineroar, L50, F, shiny|86/100\n|-ability|p2b: Incineroar|Intimidate|boost\n|-unboost|p1b: Arcanine|atk|1\n|move|p2a: Kangaskhan|Double-Edge|p1b: Arcanine\n|-damage|p1b: Arcanine|10/100\n|-damage|p1b: Arcanine|0 fnt\n|faint|p1b: Arcanine\n|-hitcount|p1: Arcanine|2\n|-damage|p2a: Kangaskhan|24/100|[from] Recoil\n|\n|win|StrikerMohamud\n|raw|Rei_Pera's rating: 1058 &rarr; <strong>1036</strong><br />(-22 for losing)\n|raw|StrikerMohamud's rating: 1000 &rarr; <strong>1047</strong><br />(+47 for winning)\n|l|\u203dRei_Pera\n|player|p1|\n",
  "uploadtime": 1775967999,
  "views": 23,
  "formatid": "gen9championsvgc2026regma",
  "rating": 1036,
  "private": 0,
  "password": null
}