{
  "id": "gen9championsvgc2026regma-2580455364",
  "format": "[Gen 9 Champions] VGC 2026 Reg M-A",
  "players": [
    "glapunt",
    "Abomasucks"
  ],
  "log": "|j|\u2606glapunt\n|j|\u2606Abomasucks\n|t:|1775899162\n|gametype|doubles\n|player|p1|glapunt|101|1000\n|player|p2|Abomasucks|benga|1070\n|gen|9\n|tier|[Gen 9 Champions] VGC 2026 Reg M-A\n|rated|\n|rule|Species Clause: Limit one of each Pok\u00e9mon\n|rule|Item Clause: Limit 1 of each item\n|clearpoke\n|poke|p1|Garchomp, L50, F|\n|poke|p1|Kingambit, L50, M|\n|poke|p1|Whimsicott, L50, M|\n|poke|p1|Charizard, L50, M|\n|poke|p1|Sneasler, L50, F|\n|poke|p1|Incineroar, L50, F|\n|poke|p2|Farigiraf, L50, F|\n|poke|p2|Abomasnow, L50, F|\n|poke|p2|Rampardos, L50, F|\n|poke|p2|Mimikyu, L50, F|\n|poke|p2|Ninetales-Alola, L50, M|\n|poke|p2|Araquanid, L50, F|\n|teampreview|4\n|inactive|Battle timer is ON: inactive players will automatically lose when time's up. (requested by Abomasucks)\n|inactive|glapunt has 60 seconds left.\n|inactive|Abomasucks has 60 seconds left.\n|\n|t:|1775899203\n|teamsize|p1|4\n|teamsize|p2|4\n|start\n|switch|p1a: Incineroar|Incineroar, L50, F|100/100\n|switch|p1b: Whimsicott|Whimsicott, L50, M|100/100\n|switch|p2a: Mimikyu|Mimikyu, L50, F, shiny|100/100\n|switch|p2b: Rampardos|Rampardos, L50, F, shiny|100/100\n|-ability|p1a: Incineroar|Intimidate|boost\n|-unboost|p2a: Mimikyu|atk|1\n|-unboost|p2b: Rampardos|atk|1\n|-enditem|p2b: Rampardos|White Herb\n|-clearnegativeboost|p2b: Rampardos|[silent]\n|turn|1\n|\n|t:|1775899222\n|move|p2b: Rampardos|Protect|p2b: Rampardos\n|-singleturn|p2b: Rampardos|Protect\n|move|p1a: Incineroar|Fake Out|p2b: Rampardos\n|-activate|p2b: Rampardos|move: Protect\n|move|p1b: Whimsicott|Moonblast|p2b: Rampardos\n|-activate|p2b: Rampardos|move: Protect\n|move|p2a: Mimikyu|Trick Room|p2a: Mimikyu\n|-fieldstart|move: Trick Room|[of] p2a: Mimikyu\n|\n|upkeep\n|turn|2\n|\n|t:|1775899239\n|move|p1b: Whimsicott|Encore|p2a: Mimikyu\n|-start|p2a: Mimikyu|Encore\n|-enditem|p2a: Mimikyu|Mental Herb\n|-end|p2a: Mimikyu|Encore\n|move|p2b: Rampardos|Rock Slide|p1a: Incineroar|[spread] p1a,p1b\n|-supereffective|p1a: Incineroar|1\n|-damage|p1a: Incineroar|22/100\n|-damage|p1b: Whimsicott|20/100\n|move|p1a: Incineroar|Will-O-Wisp|p2b: Rampardos\n|-status|p2b: Rampardos|brn\n|move|p2a: Mimikyu|Trick Room|p2a: Mimikyu\n|-fieldend|move: Trick Room\n|\n|-heal|p1a: Incineroar|28/100|[from] item: Leftovers\n|-damage|p2b: Rampardos|95/100 brn|[from] brn\n|upkeep\n|turn|3\n|inactive|glapunt has 30 seconds left.\n|\n|t:|1775899265\n|switch|p1a: Charizard|Charizard, L50, M|100/100\n|move|p2b: Rampardos|Protect|p2b: Rampardos\n|-singleturn|p2b: Rampardos|Protect\n|move|p2a: Mimikyu|Shadow Sneak|p1b: Whimsicott\n|-crit|p1b: Whimsicott\n|-damage|p1b: Whimsicott|0 fnt\n|faint|p1b: Whimsicott\n|\n|-damage|p2b: Rampardos|89/100 brn|[from] brn\n|upkeep\n|\n|t:|1775899279\n|switch|p1b: Incineroar|Incineroar, L50, F|28/100\n|-ability|p1b: Incineroar|Intimidate|boost\n|-unboost|p2a: Mimikyu|atk|1\n|-unboost|p2b: Rampardos|atk|1\n|turn|4\n|\n|t:|1775899291\n|detailschange|p1a: Charizard|Charizard-Mega-Y, L50, M\n|-mega|p1a: Charizard|Charizard|Charizardite Y\n|-weather|SunnyDay|[from] ability: Drought|[of] p1a: Charizard\n|move|p1a: Charizard|Heat Wave|p2a: Mimikyu|[spread] p2a\n|-miss|p1a: Charizard|p2b: Rampardos\n|-activate|p2a: Mimikyu|ability: Disguise\n|-damage|p2a: Mimikyu|100/100\n|detailschange|p2a: Mimikyu|Mimikyu-Busted, L50, F, shiny\n|-damage|p2a: Mimikyu|88/100|[from] pokemon: Mimikyu-Busted\n|move|p1b: Incineroar|Throat Chop|p2a: Mimikyu\n|-damage|p2a: Mimikyu|47/100\n|-start|p2a: Mimikyu|Throat Chop|[silent]\n|move|p2b: Rampardos|Rock Slide|p1a: Charizard|[spread] p1a,p1b\n|-supereffective|p1a: Charizard|2\n|-supereffective|p1b: Incineroar|1\n|-damage|p1a: Charizard|6/100\n|-damage|p1b: Incineroar|5/100\n|move|p2a: Mimikyu|Trick Room|p2a: Mimikyu\n|-fieldstart|move: Trick Room|[of] p2a: Mimikyu\n|\n|-weather|SunnyDay|[upkeep]\n|-heal|p1b: Incineroar|11/100|[from] item: Leftovers\n|-damage|p2b: Rampardos|83/100 brn|[from] brn\n|upkeep\n|turn|5\n|\n|t:|1775899311\n|move|p1a: Charizard|Protect|p1a: Charizard\n|-singleturn|p1a: Charizard|Protect\n|move|p2a: Mimikyu|Shadow Sneak|p1a: Charizard\n|-activate|p1a: Charizard|move: Protect\n|move|p2b: Rampardos|Rock Slide|p1a: Charizard|[spread] p1b\n|-activate|p1a: Charizard|move: Protect\n|-supereffective|p1b: Incineroar|1\n|-damage|p1b: Incineroar|0 fnt\n|faint|p1b: Incineroar\n|\n|-weather|SunnyDay|[upkeep]\n|-damage|p2b: Rampardos|77/100 brn|[from] brn\n|-end|p2a: Mimikyu|Throat Chop|[silent]\n|upkeep\n|\n|t:|1775899317\n|switch|p1b: Sneasler|Sneasler, L50, F|100/100\n|turn|6\n|\n|t:|1775899333\n|move|p2b: Rampardos|Rock Slide|p1b: Sneasler|[spread] p1a,p1b\n|-supereffective|p1a: Charizard|2\n|-resisted|p1b: Sneasler|1\n|-damage|p1a: Charizard|0 fnt\n|-damage|p1b: Sneasler|86/100\n|faint|p1a: Charizard\n|move|p2a: Mimikyu|Play Rough|p1b: Sneasler\n|-damage|p1b: Sneasler|51/100\n|move|p1b: Sneasler|Dire Claw|p2a: Mimikyu\n|-damage|p2a: Mimikyu|0 fnt\n|faint|p2a: Mimikyu\n|\n|-weather|SunnyDay|[upkeep]\n|-damage|p2b: Rampardos|71/100 brn|[from] brn\n|upkeep\n|\n|t:|1775899340\n|switch|p2a: Obamasnow|Abomasnow, L50, F, shiny|100/100\n|-weather|Snowscape|[from] ability: Snow Warning|[of] p2a: Obamasnow\n|turn|7\n|-message|glapunt forfeited.\n|\n|win|Abomasucks\n|raw|glapunt's rating: 1000 &rarr; <strong>1000</strong><br />(+0 for losing)\n|raw|Abomasucks's rating: 1070 &rarr; <strong>1094</strong><br />(+24 for winning)\n|l|\u2606glapunt\n|player|p1|\n",
  "uploadtime": 1775899388,
  "views": 104,
  "formatid": "gen9championsvgc2026regma",
  "rating": 1000,
  "private": 0,
  "password": null
}