{
  "id": "gen9championsvgc2026regma-2584456660",
  "format": "[Gen 9 Champions] VGC 2026 Reg M-A",
  "players": [
    "Qwitt",
    "lharveyy"
  ],
  "log": "|j|\u2606Qwitt\n|j|\u2606lharveyy\n|t:|1776262148\n|gametype|doubles\n|player|p1|Qwitt|1|1305\n|player|p2|lharveyy|bianca|1212\n|gen|9\n|tier|[Gen 9 Champions] VGC 2026 Reg M-A\n|rated|\n|rule|Species Clause: Limit one of each Pok\u00e9mon\n|rule|Item Clause: Limit 1 of each item\n|clearpoke\n|poke|p1|Froslass, L50, F|\n|poke|p1|Garchomp, L50, M|\n|poke|p1|Rotom-Frost, L50|\n|poke|p1|Empoleon, L50, M|\n|poke|p1|Incineroar, L50, F|\n|poke|p1|Kingambit, L50, F|\n|poke|p2|Aggron, L50, F|\n|poke|p2|Sinistcha, L50|\n|poke|p2|Aerodactyl, L50, M|\n|poke|p2|Incineroar, L50, M|\n|poke|p2|Rotom-Wash, L50|\n|poke|p2|Floette-Eternal, L50, F|\n|teampreview|4\n|inactive|Battle timer is ON: inactive players will automatically lose when time's up. (requested by lharveyy)\n|inactive|Qwitt has 60 seconds left.\n|\n|t:|1776262200\n|teamsize|p1|4\n|teamsize|p2|4\n|start\n|switch|p1a: Froslass|Froslass, L50, F|100/100\n|switch|p1b: Empoleon|Empoleon, L50, M|100/100\n|switch|p2a: Aerodactyl|Aerodactyl, L50, M|100/100\n|switch|p2b: Rotom|Rotom-Wash, L50|100/100\n|-ability|p2a: Aerodactyl|Unnerve\n|turn|1\n|\n|t:|1776262220\n|switch|p1b: Rotom|Rotom-Frost, L50|100/100\n|detailschange|p1a: Froslass|Froslass-Mega, L50, F\n|-mega|p1a: Froslass|Froslass|Froslassite\n|-weather|Snowscape|[from] ability: Snow Warning|[of] p1a: Froslass\n|move|p2a: Aerodactyl|Protect|p2a: Aerodactyl\n|-singleturn|p2a: Aerodactyl|Protect\n|move|p1a: Froslass|Aurora Veil|p1a: Froslass\n|-sidestart|p1: Qwitt|move: Aurora Veil\n|move|p2b: Rotom|Thunderbolt|p1b: Rotom\n|-resisted|p1b: Rotom|1\n|-damage|p1b: Rotom|75/100\n|\n|-weather|Snowscape|[upkeep]\n|upkeep\n|turn|2\n|inactive|lharveyy has 30 seconds left.\n|\n|t:|1776262250\n|switch|p2b: Incineroar|Incineroar, L50, M|100/100\n|-ability|p2b: Incineroar|Intimidate|boost\n|-unboost|p1a: Froslass|atk|1\n|-unboost|p1b: Rotom|atk|1\n|move|p1b: Rotom|Electroweb|p2b: Incineroar|[spread] p2a,p2b\n|-supereffective|p2a: Aerodactyl|1\n|-damage|p2a: Aerodactyl|50/100\n|-damage|p2b: Incineroar|87/100\n|-unboost|p2a: Aerodactyl|spe|1\n|-unboost|p2b: Incineroar|spe|1\n|move|p1a: Froslass|Blizzard|p2b: Incineroar|[spread] p2a,p2b\n|-supereffective|p2a: Aerodactyl|1\n|-resisted|p2b: Incineroar|1\n|-damage|p2a: Aerodactyl|0 fnt\n|-damage|p2b: Incineroar|70/100\n|faint|p2a: Aerodactyl\n|\n|-weather|Snowscape|[upkeep]\n|upkeep\n|\n|t:|1776262265\n|switch|p2a: Floette|Floette-Eternal, L50, F|100/100\n|turn|3\n|\n|t:|1776262282\n|detailschange|p2a: Floette|Floette-Mega, L50, F\n|-mega|p2a: Floette|Floette|Floettite\n|-ability|p2a: Floette|Fairy Aura\n|move|p2b: Incineroar|Fake Out|p1b: Rotom\n|-damage|p1b: Rotom|68/100\n|cant|p1b: Rotom|flinch\n|move|p1a: Froslass|Blizzard|p2b: Incineroar|[spread] p2a,p2b\n|-resisted|p2b: Incineroar|1\n|-damage|p2a: Floette|60/100\n|-damage|p2b: Incineroar|52/100\n|move|p2a: Floette|Calm Mind|p2a: Floette\n|-boost|p2a: Floette|spa|1\n|-boost|p2a: Floette|spd|1\n|\n|-weather|Snowscape|[upkeep]\n|upkeep\n|turn|4\n|\n|t:|1776262301\n|move|p2a: Floette|Protect|p2a: Floette\n|-singleturn|p2a: Floette|Protect\n|move|p1b: Rotom|Electroweb|p2a: Floette|[spread] p2b\n|-activate|p2a: Floette|move: Protect\n|-damage|p2b: Incineroar|39/100\n|-unboost|p2b: Incineroar|spe|1\n|move|p1a: Froslass|Blizzard|p2b: Incineroar|[spread] p2b\n|-activate|p2a: Floette|move: Protect\n|-resisted|p2b: Incineroar|1\n|-damage|p2b: Incineroar|20/100\n|move|p2b: Incineroar|Throat Chop|p1a: Froslass\n|-supereffective|p1a: Froslass|1\n|-damage|p1a: Froslass|52/100\n|-start|p1a: Froslass|Throat Chop|[silent]\n|\n|-weather|Snowscape|[upkeep]\n|upkeep\n|turn|5\n|inactive|lharveyy has 30 seconds left.\n|\n|t:|1776262329\n|switch|p2b: Rotom|Rotom-Wash, L50|100/100\n|move|p1b: Rotom|Electroweb|p2b: Rotom|[spread] p2a,p2b\n|-damage|p2a: Floette|49/100\n|-damage|p2b: Rotom|81/100\n|-unboost|p2a: Floette|spe|1\n|-unboost|p2b: Rotom|spe|1\n|move|p1a: Froslass|Blizzard|p2a: Floette|[spread] p2a,p2b\n|-resisted|p2b: Rotom|1\n|-damage|p2a: Floette|19/100\n|-damage|p2b: Rotom|57/100\n|move|p2a: Floette|Draining Kiss|p1a: Froslass\n|-damage|p1a: Froslass|5/100\n|-heal|p2a: Floette|54/100|[from] drain|[of] p1a: Froslass\n|\n|-weather|none\n|-end|p1a: Froslass|Throat Chop|[silent]\n|-sideend|p1: Qwitt|move: Aurora Veil\n|upkeep\n|turn|6\n|inactive|lharveyy has 30 seconds left.\n|\n|t:|1776262358\n|move|p1b: Rotom|Electroweb|p2a: Floette|[spread] p2a,p2b\n|-damage|p2a: Floette|43/100\n|-damage|p2b: Rotom|36/100\n|-unboost|p2a: Floette|spe|1\n|-unboost|p2b: Rotom|spe|1\n|move|p1a: Froslass|Shadow Ball|p2b: Rotom\n|-damage|p2b: Rotom|0 fnt\n|faint|p2b: Rotom\n|move|p2a: Floette|Dazzling Gleam|p1b: Rotom|[spread] p1a,p1b\n|-damage|p1a: Froslass|0 fnt\n|-damage|p1b: Rotom|0 fnt\n|faint|p1a: Froslass\n|faint|p1b: Rotom\n|\n|upkeep\n|\n|t:|1776262370\n|switch|p1a: Empoleon|Empoleon, L50, M|100/100\n|switch|p1b: Kingambit|Kingambit, L50, F|100/100\n|switch|p2b: Incineroar|Incineroar, L50, M|20/100\n|-ability|p2b: Incineroar|Intimidate|boost\n|-unboost|p1a: Empoleon|atk|1\n|-ability|p1a: Empoleon|Competitive|boost\n|-boost|p1a: Empoleon|spa|2\n|-unboost|p1b: Kingambit|atk|1\n|-ability|p1b: Kingambit|Defiant|boost\n|-boost|p1b: Kingambit|atk|2\n|turn|7\n|\n|t:|1776262390\n|move|p1b: Kingambit|Protect|p1b: Kingambit\n|-singleturn|p1b: Kingambit|Protect\n|move|p1a: Empoleon|Protect|p1a: Empoleon\n|-singleturn|p1a: Empoleon|Protect\n|move|p2b: Incineroar|Fake Out|p1a: Empoleon\n|-activate|p1a: Empoleon|move: Protect\n|move|p2a: Floette|Draining Kiss|p1a: Empoleon\n|-activate|p1a: Empoleon|move: Protect\n|\n|upkeep\n|turn|8\n|\n|t:|1776262405\n|move|p1b: Kingambit|Iron Head|p2a: Floette\n|-supereffective|p2a: Floette|1\n|-damage|p2a: Floette|0 fnt\n|faint|p2a: Floette\n|move|p1a: Empoleon|Water Pulse|p2b: Incineroar\n|-supereffective|p2b: Incineroar|1\n|-damage|p2b: Incineroar|0 fnt\n|faint|p2b: Incineroar\n|\n|win|Qwitt\n|raw|Qwitt's rating: 1305 &rarr; <strong>1320</strong><br />(+15 for winning)\n|raw|lharveyy's rating: 1212 &rarr; <strong>1194</strong><br />(-18 for losing)\n|l|\u2606lharveyy\n|player|p2|\n",
  "uploadtime": 1776262412,
  "views": 21,
  "formatid": "gen9championsvgc2026regma",
  "rating": 1194,
  "private": 0,
  "password": null
}