{
  "id": "gen9championsvgc2026regma-2583962811",
  "format": "[Gen 9 Champions] VGC 2026 Reg M-A",
  "players": [
    "kangaroo22",
    "Kalaphant"
  ],
  "log": "|j|\u2606kangaroo22\n|j|\u2606Kalaphant\n|t:|1776212214\n|gametype|doubles\n|player|p1|kangaroo22|depotagent|1232\n|player|p2|Kalaphant|1|1291\n|gen|9\n|tier|[Gen 9 Champions] VGC 2026 Reg M-A\n|rated|\n|rule|Species Clause: Limit one of each Pok\u00e9mon\n|rule|Item Clause: Limit 1 of each item\n|clearpoke\n|poke|p1|Delphox, L50, M|\n|poke|p1|Sneasler, L50, M|\n|poke|p1|Snorlax, L50, M|\n|poke|p1|Milotic, L50, F|\n|poke|p1|Espathra, L50, F|\n|poke|p1|Rotom-Wash, L50|\n|poke|p2|Floette-Eternal, L50, F|\n|poke|p2|Incineroar, L50, M|\n|poke|p2|Charizard, L50, F|\n|poke|p2|Sneasler, L50, F|\n|poke|p2|Sinistcha, L50|\n|poke|p2|Garchomp, L50, F|\n|teampreview|4\n|inactive|Battle timer is ON: inactive players will automatically lose when time's up. (requested by Kalaphant)\n|c|\u2606Kalaphant|glhf\nKalaphant has agreed to open team sheets.\nkangaroo22 rejected open team sheets.\n|\n|t:|1776212243\n|teamsize|p1|4\n|teamsize|p2|4\n|start\n|switch|p1a: Milotic|Milotic, L50, F|100/100\n|switch|p1b: Sneasler|Sneasler, L50, M|100/100\n|switch|p2a: Floette|Floette-Eternal, L50, F|100/100\n|switch|p2b: Incineroar|Incineroar, L50, M|100/100\n|-ability|p2b: Incineroar|Intimidate|boost\n|-unboost|p1a: Milotic|atk|1\n|-ability|p1a: Milotic|Competitive|boost\n|-boost|p1a: Milotic|spa|2\n|-unboost|p1b: Sneasler|atk|1\n|turn|1\n|inactive|kangaroo22 has 30 seconds left.\n|inactive|Kalaphant has 30 seconds left.\n|\n|t:|1776212274\n|detailschange|p2a: Floette|Floette-Mega, L50, F\n|-mega|p2a: Floette|Floette|Floettite\n|-ability|p2a: Floette|Fairy Aura\n|move|p1b: Sneasler|Fake Out|p2b: Incineroar\n|-damage|p2b: Incineroar|93/100\n|-status|p2b: Incineroar|psn|[from] ability: Poison Touch|[of] p1b: Sneasler\n|cant|p2b: Incineroar|flinch\n|move|p1a: Milotic|Hydro Pump|p2a: Floette\n|-damage|p2a: Floette|16/100\n|move|p2a: Floette|Dazzling Gleam|p1a: Milotic|[spread] p1a,p1b\n|-damage|p1a: Milotic|59/100\n|-damage|p1b: Sneasler|47/100\n|\n|-damage|p2b: Incineroar|80/100 psn|[from] psn\n|upkeep\n|turn|2\n|\n|t:|1776212294\n|switch|p2b: Sinistcha|Sinistcha, L50|100/100\n|-heal|p2a: Floette|41/100|[from] ability: Hospitality|[of] p2b: Sinistcha\n|move|p2a: Floette|Protect|p2a: Floette\n|-singleturn|p2a: Floette|Protect\n|move|p1a: Milotic|Hydro Pump|p2a: Floette\n|-activate|p2a: Floette|move: Protect\n|move|p1b: Sneasler|Close Combat|p2b: Sinistcha\n|-immune|p2b: Sinistcha\n|\n|upkeep\n|turn|3\n|\n|t:|1776212310\n|move|p1a: Milotic|Hydro Pump|p2a: Floette\n|-damage|p2a: Floette|0 fnt\n|faint|p2a: Floette\n|move|p1b: Sneasler|Dire Claw|p2b: Sinistcha\n|-damage|p2b: Sinistcha|76/100\n|move|p2b: Sinistcha|Life Dew|p2b: Sinistcha\n|-heal|p2b: Sinistcha|100/100\n|\n|upkeep\n|\n|t:|1776212320\n|switch|p2a: Sneasler|Sneasler, L50, F|100/100\n|turn|4\n|\n|t:|1776212332\n|switch|p1b: Delphox|Delphox, L50, M|100/100\n|move|p2a: Sneasler|Fake Out|p1a: Milotic\n|-damage|p1a: Milotic|40/100\n|cant|p1a: Milotic|flinch\n|move|p2b: Sinistcha|Matcha Gotcha|p1b: Delphox|[spread] p1a,p1b\n|-supereffective|p1a: Milotic|1\n|-resisted|p1b: Delphox|1\n|-damage|p1a: Milotic|1/100\n|-damage|p1b: Delphox|87/100\n|\n|upkeep\n|turn|5\n|\n|t:|1776212357\n|detailschange|p1b: Delphox|Delphox-Mega, L50, M\n|-mega|p1b: Delphox|Delphox|Delphoxite\n|move|p1a: Milotic|Hydro Pump|p2a: Sneasler\n|-damage|p2a: Sneasler|0 fnt\n|faint|p2a: Sneasler\n|move|p1b: Delphox|Heat Wave|p2b: Sinistcha\n|-supereffective|p2b: Sinistcha|1\n|-damage|p2b: Sinistcha|0 fnt\n|faint|p2b: Sinistcha\n|\n|upkeep\n|\n|t:|1776212366\n|switch|p2a: Incineroar|Incineroar, L50, M|80/100 psn\n|-ability|p2a: Incineroar|Intimidate|boost\n|-unboost|p1a: Milotic|atk|1\n|-ability|p1a: Milotic|Competitive|boost\n|-boost|p1a: Milotic|spa|2\n|-unboost|p1b: Delphox|atk|1\n|turn|6\n|\n|t:|1776212375\n|move|p2a: Incineroar|Fake Out|p1a: Milotic\n|-damage|p1a: Milotic|0 fnt\n|faint|p1a: Milotic\n|move|p1b: Delphox|Dazzling Gleam|p2a: Incineroar\n|-damage|p2a: Incineroar|52/100 psn\n|\n|-damage|p2a: Incineroar|40/100 psn|[from] psn\n|upkeep\n|\n|t:|1776212377\n|switch|p1a: Espathra|Espathra, L50, F|100/100\n|turn|7\n|\n|t:|1776212384\n|move|p1b: Delphox|Dazzling Gleam|p2a: Incineroar\n|-damage|p2a: Incineroar|12/100 psn\n|move|p1a: Espathra|Calm Mind|p1a: Espathra\n|-boost|p1a: Espathra|spa|1\n|-boost|p1a: Espathra|spd|1\n|move|p2a: Incineroar|Throat Chop|p1b: Delphox\n|-supereffective|p1b: Delphox|1\n|-damage|p1b: Delphox|4/100\n|-start|p1b: Delphox|Throat Chop|[silent]\n|\n|-damage|p2a: Incineroar|0 fnt|[from] psn\n|faint|p2a: Incineroar\n|\n|win|kangaroo22\n|raw|kangaroo22's rating: 1232 &rarr; <strong>1261</strong><br />(+29 for winning)\n|raw|Kalaphant's rating: 1291 &rarr; <strong>1262</strong><br />(-29 for losing)\n",
  "uploadtime": 1776212384,
  "views": 26,
  "formatid": "gen9championsvgc2026regma",
  "rating": 1261,
  "private": 0,
  "password": null
}