{
  "id": "gen9championsvgc2026regma-2582227259",
  "format": "[Gen 9 Champions] VGC 2026 Reg M-A",
  "players": [
    "galbiazzoh",
    "amateur 27"
  ],
  "log": "|j|\u2606galbiazzoh\n|j|\u2606amateur 27\n|t:|1776073590\n|gametype|doubles\n|player|p1|galbiazzoh|li|1305\n|player|p2|amateur 27|169|1366\n|gen|9\n|tier|[Gen 9 Champions] VGC 2026 Reg M-A\n|rated|\n|rule|Species Clause: Limit one of each Pok\u00e9mon\n|rule|Item Clause: Limit 1 of each item\n|clearpoke\n|poke|p1|Manectric, L50, F|\n|poke|p1|Incineroar, L50, F|\n|poke|p1|Politoed, L50, M|\n|poke|p1|Sinistcha, L50|\n|poke|p1|Garchomp, L50, M|\n|poke|p1|Corviknight, L50, F|\n|poke|p2|Ninetales-Alola, L50, F|\n|poke|p2|Incineroar, L50, M|\n|poke|p2|Gardevoir, L50, M|\n|poke|p2|Sneasler, L50, F|\n|poke|p2|Kingambit, L50, M|\n|poke|p2|Dragonite, L50, M|\n|teampreview|4\ngalbiazzoh has agreed to open team sheets.\n|inactive|Battle timer is ON: inactive players will automatically lose when time's up. (requested by galbiazzoh)\n|inactive|amateur 27 has 60 seconds left.\n|\n|t:|1776073693\n|teamsize|p1|4\n|teamsize|p2|4\n|start\n|switch|p1a: Corviknight|Corviknight, L50, F|100/100\n|switch|p1b: Manectric|Manectric, L50, F|100/100\n|switch|p2a: Dragonite|Dragonite, L50, M|100/100\n|switch|p2b: Gardevoir|Gardevoir, L50, M|100/100\n|turn|1\n|\n|t:|1776073711\n|detailschange|p2b: Gardevoir|Gardevoir-Mega, L50, M\n|-mega|p2b: Gardevoir|Gardevoir|Gardevoirite\n|move|p2b: Gardevoir|Protect|p2b: Gardevoir\n|-singleturn|p2b: Gardevoir|Protect\n|move|p1b: Manectric|Snarl|p2a: Dragonite|[spread] p2a\n|-activate|p2b: Gardevoir|move: Protect\n|-crit|p2a: Dragonite\n|-damage|p2a: Dragonite|87/100\n|-unboost|p2a: Dragonite|spa|1\n|move|p2a: Dragonite|Tailwind|p2a: Dragonite\n|-sidestart|p2: amateur 27|move: Tailwind\n|move|p1a: Corviknight|Iron Defense|p1a: Corviknight\n|-boost|p1a: Corviknight|def|2\n|\n|upkeep\n|turn|2\n|\n|t:|1776073731\n|detailschange|p1b: Manectric|Manectric-Mega, L50, F\n|-mega|p1b: Manectric|Manectric|Manectite\n|-ability|p1b: Manectric|Intimidate|boost\n|-fail|p2a: Dragonite|unboost|Attack|[from] ability: Inner Focus|[of] p2a: Dragonite\n|-unboost|p2b: Gardevoir|atk|1\n|move|p2a: Dragonite|Helping Hand|p2b: Gardevoir\n|-singleturn|p2b: Gardevoir|Helping Hand|[of] p2a: Dragonite\n|move|p2b: Gardevoir|Hyper Voice|p1b: Manectric|[spread] p1a,p1b\n|-resisted|p1a: Corviknight|1\n|-damage|p1a: Corviknight|68/100\n|-damage|p1b: Manectric|5/100\n|move|p1b: Manectric|Snarl|p2b: Gardevoir|[spread] p2a,p2b\n|-damage|p2a: Dragonite|75/100\n|-damage|p2b: Gardevoir|88/100\n|-unboost|p2a: Dragonite|spa|1\n|-unboost|p2b: Gardevoir|spa|1\n|move|p1a: Corviknight|Iron Defense|p1a: Corviknight\n|-boost|p1a: Corviknight|def|2\n|\n|upkeep\n|turn|3\n|inactive|amateur 27 has 30 seconds left.\n|inactive|galbiazzoh has 30 seconds left.\n|inactive|amateur 27 has 20 seconds left.\n|inactive|amateur 27 has 15 seconds left.\n|\n|t:|1776073773\n|switch|p2a: Incineroar|Incineroar, L50, M|100/100\n|-ability|p2a: Incineroar|Intimidate|boost\n|-ability|p1a: Corviknight|Mirror Armor\n|-unboost|p2a: Incineroar|atk|1\n|-unboost|p1b: Manectric|atk|1\n|move|p1b: Manectric|Protect|p1b: Manectric\n|-singleturn|p1b: Manectric|Protect\n|move|p2b: Gardevoir|Hyper Voice|p1a: Corviknight|[spread] p1a\n|-activate|p1b: Manectric|move: Protect\n|-resisted|p1a: Corviknight|1\n|-damage|p1a: Corviknight|54/100\n|move|p1a: Corviknight|Roost|p1a: Corviknight\n|-heal|p1a: Corviknight|100/100\n|-singleturn|p1a: Corviknight|move: Roost\n|\n|upkeep\n|turn|4\n|\n|t:|1776073797\n|switch|p1b: Incineroar|Incineroar, L50, F|100/100\n|-ability|p1b: Incineroar|Intimidate|boost\n|-unboost|p2a: Incineroar|atk|1\n|-unboost|p2b: Gardevoir|atk|1\n|move|p2a: Incineroar|Fake Out|p1a: Corviknight\n|-resisted|p1a: Corviknight|1\n|-damage|p1a: Corviknight|99/100\n|move|p2b: Gardevoir|Hyper Voice|p1a: Corviknight|[spread] p1a,p1b\n|-resisted|p1a: Corviknight|1\n|-damage|p1a: Corviknight|84/100\n|-damage|p1b: Incineroar|70/100\n|cant|p1a: Corviknight|flinch\n|\n|-sideend|p2: amateur 27|move: Tailwind\n|upkeep\n|turn|5\n|inactive|galbiazzoh has 30 seconds left.\n|\n|t:|1776073826\n|switch|p2a: Dragonite|Dragonite, L50, M|75/100\n|move|p2b: Gardevoir|Protect|p2b: Gardevoir\n|-singleturn|p2b: Gardevoir|Protect\n|move|p1a: Corviknight|Body Press|p2a: Dragonite\n|-resisted|p2a: Dragonite|1\n|-damage|p2a: Dragonite|47/100\n|move|p1b: Incineroar|Parting Shot|p2a: Dragonite\n|-unboost|p2a: Dragonite|atk|1\n|-unboost|p2a: Dragonite|spa|1\n|\n|t:|1776073831\n|switch|p1b: Manectric|Manectric-Mega, L50, F|5/100|[from] Parting Shot\n|-ability|p1b: Manectric|Intimidate|boost\n|-fail|p2a: Dragonite|unboost|Attack|[from] ability: Inner Focus|[of] p2a: Dragonite\n|-unboost|p2b: Gardevoir|atk|1\n|\n|upkeep\n|turn|6\n|inactive|amateur 27 has 30 seconds left.\n|inactive|amateur 27 has 20 seconds left.\n|inactive|amateur 27 has 15 seconds left.\n|inactive|amateur 27 has 10 seconds left.\n|inactive|amateur 27 has 5 seconds left.\n|j| iamanewbie2\n|\n|t:|1776073881\n|move|p2a: Dragonite|Helping Hand|p2b: Gardevoir\n|-singleturn|p2b: Gardevoir|Helping Hand|[of] p2a: Dragonite\n|move|p1b: Manectric|Volt Switch|p2b: Gardevoir\n|-damage|p2b: Gardevoir|54/100\n|\n|t:|1776073886\n|switch|p1b: Incineroar|Incineroar, L50, F|70/100|[from] Volt Switch\n|-ability|p1b: Incineroar|Intimidate|boost\n|-fail|p2a: Dragonite|unboost|Attack|[from] ability: Inner Focus|[of] p2a: Dragonite\n|-unboost|p2b: Gardevoir|atk|1\n|move|p2b: Gardevoir|Hyper Voice|p1a: Corviknight|[spread] p1a,p1b\n|-resisted|p1a: Corviknight|1\n|-damage|p1a: Corviknight|61/100\n|-damage|p1b: Incineroar|27/100\n|move|p1a: Corviknight|Iron Head|p2b: Gardevoir\n|-supereffective|p2b: Gardevoir|1\n|-damage|p2b: Gardevoir|0 fnt\n|faint|p2b: Gardevoir\n|\n|upkeep\n|l| iamanewbie2\n|\n|t:|1776073901\n|switch|p2b: Ninetales|Ninetales-Alola, L50, F|100/100\n|-weather|Snowscape|[from] ability: Snow Warning|[of] p2b: Ninetales\n|turn|7\n|\n|t:|1776073925\n|switch|p1b: Politoed|Politoed, L50, M|100/100\n|-weather|RainDance|[from] ability: Drizzle|[of] p1b: Politoed\n|move|p2b: Ninetales|Protect|p2b: Ninetales\n|-singleturn|p2b: Ninetales|Protect\n|move|p2a: Dragonite|Tailwind|p2a: Dragonite\n|-sidestart|p2: amateur 27|move: Tailwind\n|move|p1a: Corviknight|Iron Head|p2b: Ninetales\n|-activate|p2b: Ninetales|move: Protect\n|\n|-weather|RainDance|[upkeep]\n|upkeep\n|turn|8\n|j| iamanewbie2\n|l| iamanewbie2\n|\n|t:|1776073941\n|switch|p2b: Incineroar|Incineroar, L50, M|100/100\n|-ability|p2b: Incineroar|Intimidate|boost\n|-ability|p1a: Corviknight|Mirror Armor\n|-unboost|p2b: Incineroar|atk|1\n|-unboost|p1b: Politoed|atk|1\n|move|p2a: Dragonite|Low Kick|p1b: Politoed\n|-damage|p1b: Politoed|88/100\n|move|p1b: Politoed|Icy Wind|p2b: Incineroar|[spread] p2a,p2b\n|-supereffective|p2a: Dragonite|2\n|-resisted|p2b: Incineroar|1\n|-damage|p2a: Dragonite|13/100\n|-damage|p2b: Incineroar|97/100\n|-unboost|p2a: Dragonite|spe|1\n|-unboost|p2b: Incineroar|spe|1\n|move|p1a: Corviknight|Roost|p1a: Corviknight\n|-heal|p1a: Corviknight|100/100\n|-singleturn|p1a: Corviknight|move: Roost\n|\n|-weather|RainDance|[upkeep]\n|upkeep\n|turn|9\n|inactive|galbiazzoh has 30 seconds left.\n|inactive|amateur 27 has 30 seconds left.\n|inactive|galbiazzoh has 20 seconds left.\n|inactive|amateur 27 has 20 seconds left.\n|inactive|amateur 27 has 15 seconds left.\n|inactive|galbiazzoh has 15 seconds left.\n|inactive|amateur 27 has 10 seconds left.\n|inactive|amateur 27 has 5 seconds left.\n|\n|t:|1776073996\n|switch|p1b: Incineroar|Incineroar, L50, F|27/100\n|-ability|p1b: Incineroar|Intimidate|boost\n|-fail|p2a: Dragonite|unboost|Attack|[from] ability: Inner Focus|[of] p2a: Dragonite\n|-unboost|p2b: Incineroar|atk|1\n|move|p2b: Incineroar|Fake Out|p1b: Incineroar\n|-damage|p1b: Incineroar|22/100\n|move|p2a: Dragonite|Breaking Swipe|p1b: Incineroar|[spread] p1a,p1b\n|-resisted|p1a: Corviknight|1\n|-damage|p1a: Corviknight|99/100\n|-damage|p1b: Incineroar|11/100\n|-ability|p1a: Corviknight|Mirror Armor\n|-unboost|p2a: Dragonite|atk|1\n|-unboost|p1b: Incineroar|atk|1\n|move|p1a: Corviknight|Body Press|p2b: Incineroar\n|-supereffective|p2b: Incineroar|1\n|-damage|p2b: Incineroar|0 fnt\n|faint|p2b: Incineroar\n|\n|-weather|RainDance|[upkeep]\n|upkeep\n|\n|t:|1776074002\n|switch|p2b: Ninetales|Ninetales-Alola, L50, F|100/100\n|-weather|Snowscape|[from] ability: Snow Warning|[of] p2b: Ninetales\n|turn|10\n|inactive|galbiazzoh has 30 seconds left.\n|inactive|galbiazzoh has 20 seconds left.\n|inactive|galbiazzoh has 15 seconds left.\n|inactive|galbiazzoh has 10 seconds left.\n|inactive|galbiazzoh has 5 seconds left.\n|\n|t:|1776074057\n|move|p2b: Ninetales|Protect|p2b: Ninetales\n|-singleturn|p2b: Ninetales|Protect\n|move|p2a: Dragonite|Low Kick|p1b: Incineroar\n|-supereffective|p1b: Incineroar|1\n|-enditem|p1b: Incineroar|Chople Berry|[eat]\n|-enditem|p1b: Incineroar|Chople Berry|[weaken]\n|-damage|p1b: Incineroar|0 fnt\n|faint|p1b: Incineroar\n|move|p1a: Corviknight|Body Press|p2a: Dragonite\n|-resisted|p2a: Dragonite|1\n|-damage|p2a: Dragonite|0 fnt\n|faint|p2a: Dragonite\n|\n|-weather|Snowscape|[upkeep]\n|-sideend|p2: amateur 27|move: Tailwind\n|upkeep\n|inactive|galbiazzoh has 30 seconds left.\n|inactive|galbiazzoh has 20 seconds left.\n|inactive|galbiazzoh has 15 seconds left.\n|inactive|galbiazzoh has 10 seconds left.\n|inactive|galbiazzoh has 5 seconds left.\n|\n|t:|1776074112\n|switch|p1b: Politoed|Politoed, L50, M|88/100\n|-weather|RainDance|[from] ability: Drizzle|[of] p1b: Politoed\n|turn|11\n|inactive|galbiazzoh has 30 seconds left.\n|\n|t:|1776074137\n|move|p2b: Ninetales|Blizzard|p1b: Politoed|[spread] \n|-miss|p2b: Ninetales|p1a: Corviknight\n|-miss|p2b: Ninetales|p1b: Politoed\n|move|p1b: Politoed|Muddy Water|p2b: Ninetales\n|-damage|p2b: Ninetales|50/100\n|move|p1a: Corviknight|Iron Head|p2b: Ninetales\n|-supereffective|p2b: Ninetales|2\n|-damage|p2b: Ninetales|0 fnt\n|faint|p2b: Ninetales\n|\n|win|galbiazzoh\n|raw|galbiazzoh's rating: 1305 &rarr; <strong>1328</strong><br />(+23 for winning)\n|raw|amateur 27's rating: 1366 &rarr; <strong>1343</strong><br />(-23 for losing)\n|l|\u2606galbiazzoh\n|player|p1|\n|j|\u2606galbiazzoh\n|player|p1|galbiazzoh|li|\n|l|\u2606amateur 27\n|player|p2|\n",
  "uploadtime": 1776074152,
  "views": 32,
  "formatid": "gen9championsvgc2026regma",
  "rating": 1328,
  "private": 0,
  "password": null
}