{
  "id": "gen9championsvgc2026regma-2588486065",
  "format": "[Gen 9 Champions] VGC 2026 Reg M-A",
  "players": [
    "MalandrodoMalamar",
    "Manthis"
  ],
  "log": "|j|\u2606MalandrodoMalamar\n|j|\u2606Manthis\n|t:|1776637840\n|gametype|doubles\n|player|p1|MalandrodoMalamar|psychic-gen4|1073\n|player|p2|Manthis|265|1037\n|gen|9\n|tier|[Gen 9 Champions] VGC 2026 Reg M-A\n|rated|\n|rule|Species Clause: Limit one of each Pok\u00e9mon\n|rule|Item Clause: Limit 1 of each item\n|clearpoke\n|poke|p1|Tyranitar, L50, M|\n|poke|p1|Excadrill, L50, F|\n|poke|p1|Sinistcha-Masterpiece, L50|\n|poke|p1|Milotic, L50, F|\n|poke|p1|Incineroar, L50, F|\n|poke|p1|Farigiraf, L50, M|\n|poke|p2|Sandaconda, L50, F|\n|poke|p2|Glimmora, L50, F|\n|poke|p2|Garchomp, L50, F|\n|poke|p2|Sinistcha, L50|\n|poke|p2|Tyranitar, L50, M|\n|poke|p2|Heliolisk, L50, F|\n|teampreview|4\nMalandrodoMalamar rejected open team sheets.\n|inactive|Battle timer is ON: inactive players will automatically lose when time's up. (requested by MalandrodoMalamar)\n|\n|t:|1776637918\n|teamsize|p1|4\n|teamsize|p2|4\n|start\n|switch|p1a: Incineroar|Incineroar, L50, F|100/100\n|switch|p1b: Sinistcha|Sinistcha-Masterpiece, L50|100/100\n|switch|p2a: Sandaconda|Sandaconda, L50, F|100/100\n|switch|p2b: Glimmora|Glimmora, L50, F|100/100\n|-ability|p1a: Incineroar|Intimidate|boost\n|-unboost|p2a: Sandaconda|atk|1\n|-unboost|p2b: Glimmora|atk|1\n|turn|1\n|inactive|MalandrodoMalamar has 30 seconds left.\n|inactive|MalandrodoMalamar has 20 seconds left.\n|inactive|MalandrodoMalamar has 15 seconds left.\n|\n|t:|1776637963\n|switch|p2a: Sinistcha|Sinistcha, L50|100/100\n|move|p2b: Glimmora|Toxic Spikes|p1b: Sinistcha\n|-sidestart|p1: MalandrodoMalamar|move: Toxic Spikes\n|move|p1b: Sinistcha|Matcha Gotcha|p2a: Sinistcha|[spread] p2a,p2b\n|-resisted|p2a: Sinistcha|1\n|-damage|p2a: Sinistcha|86/100\n|-damage|p2b: Glimmora|74/100\n|-status|p2a: Sinistcha|brn\n|move|p1a: Incineroar|Parting Shot|p2b: Glimmora\n|-unboost|p2b: Glimmora|atk|1\n|-unboost|p2b: Glimmora|spa|1\n|\n|t:|1776637977\n|switch|p1a: Tyranitar|Tyranitar, L50, M|100/100|[from] Parting Shot\n|-status|p1a: Tyranitar|psn\n|-weather|Sandstorm|[from] ability: Sand Stream|[of] p1a: Tyranitar\n|\n|-weather|Sandstorm|[upkeep]\n|-damage|p1b: Sinistcha|94/100|[from] Sandstorm\n|-damage|p2a: Sinistcha|80/100 brn|[from] Sandstorm\n|-damage|p1a: Tyranitar|88/100 psn|[from] psn\n|-damage|p2a: Sinistcha|74/100 brn|[from] brn\n|upkeep\n|turn|2\n|\n|t:|1776638000\n|detailschange|p1a: Tyranitar|Tyranitar-Mega, L50, M\n|-mega|p1a: Tyranitar|Tyranitar|Tyranitarite\n|move|p1b: Sinistcha|Rage Powder|p1b: Sinistcha\n|-singleturn|p1b: Sinistcha|move: Rage Powder\n|move|p2b: Glimmora|Mortal Spin|p1a: Tyranitar|[spread] p1a,p1b\n|-resisted|p1a: Tyranitar|1\n|-damage|p1a: Tyranitar|88/100 psn\n|-damage|p1b: Sinistcha|92/100\n|-status|p1b: Sinistcha|psn\n|move|p1a: Tyranitar|Rock Slide|p2b: Glimmora|[spread] p2a,p2b\n|-damage|p2a: Sinistcha|36/100 brn\n|-damage|p2b: Glimmora|36/100\n|-activate|p2b: Glimmora|ability: Toxic Debris\n|-sidestart|p1: MalandrodoMalamar|move: Toxic Spikes\n|move|p2a: Sinistcha|Matcha Gotcha|p1b: Sinistcha|[spread] p1a,p1b\n|-supereffective|p1a: Tyranitar|1\n|-crit|p1a: Tyranitar\n|-resisted|p1b: Sinistcha|1\n|-damage|p1a: Tyranitar|42/100 psn\n|-heal|p2a: Sinistcha|63/100 brn|[from] drain|[of] p1a: Tyranitar\n|-damage|p1b: Sinistcha|77/100 psn\n|-heal|p2a: Sinistcha|71/100 brn|[from] drain|[of] p1b: Sinistcha\n|\n|-weather|Sandstorm|[upkeep]\n|-damage|p1b: Sinistcha|71/100 psn|[from] Sandstorm\n|-damage|p2a: Sinistcha|65/100 brn|[from] Sandstorm\n|-damage|p1a: Tyranitar|29/100 psn|[from] psn\n|-damage|p1b: Sinistcha|58/100 psn|[from] psn\n|-damage|p2a: Sinistcha|59/100 brn|[from] brn\n|upkeep\n|turn|3\n|inactive|MalandrodoMalamar has 30 seconds left.\n|inactive|Manthis has 30 seconds left.\n|\n|t:|1776638034\n|switch|p1b: Incineroar|Incineroar, L50, F|100/100\n|-status|p1b: Incineroar|tox\n|-ability|p1b: Incineroar|Intimidate|boost\n|-unboost|p2a: Sinistcha|atk|1\n|-unboost|p2b: Glimmora|atk|1\n|move|p1a: Tyranitar|Protect|p1a: Tyranitar\n|-singleturn|p1a: Tyranitar|Protect\n|move|p2b: Glimmora|Stealth Rock|p1a: Tyranitar\n|-sidestart|p1: MalandrodoMalamar|move: Stealth Rock\n|move|p2a: Sinistcha|Matcha Gotcha|p1a: Tyranitar|[spread] p1b\n|-activate|p1a: Tyranitar|move: Protect\n|-resisted|p1b: Incineroar|1\n|-damage|p1b: Incineroar|88/100 tox\n|-heal|p2a: Sinistcha|66/100 brn|[from] drain|[of] p1b: Incineroar\n|\n|-weather|Sandstorm|[upkeep]\n|-damage|p2a: Sinistcha|60/100 brn|[from] Sandstorm\n|-damage|p1b: Incineroar|82/100 tox|[from] Sandstorm\n|-damage|p1a: Tyranitar|17/100 psn|[from] psn\n|-damage|p1b: Incineroar|76/100 tox|[from] psn\n|-damage|p2a: Sinistcha|54/100 brn|[from] brn\n|upkeep\n|turn|4\n|inactive|MalandrodoMalamar has 30 seconds left.\n|\n|t:|1776638063\n|move|p2b: Glimmora|Spiky Shield|p2b: Glimmora\n|-singleturn|p2b: Glimmora|move: Protect\n|move|p1a: Tyranitar|Knock Off|p2b: Glimmora\n|-activate|p2b: Glimmora|move: Protect\n|-damage|p1a: Tyranitar|5/100 psn|[from] Spiky Shield|[of] p2b: Glimmora\n|move|p2a: Sinistcha|Strength Sap|p1b: Incineroar\n|-unboost|p1b: Incineroar|atk|1\n|-heal|p2a: Sinistcha|100/100 brn\n|move|p1b: Incineroar|Flare Blitz|p2a: Sinistcha\n|-supereffective|p2a: Sinistcha|1\n|-damage|p2a: Sinistcha|40/100 brn\n|-damage|p1b: Incineroar|58/100 tox|[from] Recoil\n|\n|-weather|Sandstorm|[upkeep]\n|-damage|p2a: Sinistcha|34/100 brn|[from] Sandstorm\n|-damage|p1b: Incineroar|52/100 tox|[from] Sandstorm\n|-damage|p1a: Tyranitar|0 fnt|[from] psn\n|faint|p1a: Tyranitar\n|-damage|p1b: Incineroar|40/100 tox|[from] psn\n|-damage|p2a: Sinistcha|27/100 brn|[from] brn\n|upkeep\n|\n|t:|1776638087\n|switch|p1a: Excadrill|Excadrill, L50, F|100/100\n|-damage|p1a: Excadrill|98/100|[from] Stealth Rock\n|turn|5\n|inactive|MalandrodoMalamar has 30 seconds left.\n|inactive|Manthis has 30 seconds left.\n|inactive|Manthis has 20 seconds left.\n|inactive|Manthis has 15 seconds left.\n|\n|t:|1776638131\n|move|p1b: Incineroar|Protect|p1b: Incineroar\n|-singleturn|p1b: Incineroar|Protect\n|move|p1a: Excadrill|Earthquake|p2a: Sinistcha|[spread] p2a,p2b\n|-activate|p1b: Incineroar|move: Protect\n|-resisted|p2a: Sinistcha|1\n|-supereffective|p2b: Glimmora|2\n|-damage|p2a: Sinistcha|6/100 brn\n|-damage|p2b: Glimmora|0 fnt\n|faint|p2b: Glimmora\n|move|p2a: Sinistcha|Strength Sap|p1a: Excadrill\n|-unboost|p1a: Excadrill|atk|1\n|-heal|p2a: Sinistcha|100/100 brn\n|\n|-weather|none\n|-damage|p1b: Incineroar|22/100 tox|[from] psn\n|-damage|p2a: Sinistcha|94/100 brn|[from] brn\n|upkeep\n|\n|t:|1776638146\n|switch|p2b: Sandaconda|Sandaconda, L50, F|100/100\n|turn|6\n|\n|t:|1776638160\n|move|p1a: Excadrill|Protect|p1a: Excadrill\n|-singleturn|p1a: Excadrill|Protect\n|move|p2b: Sandaconda|Minimize|p2b: Sandaconda\n|-boost|p2b: Sandaconda|evasion|2\n|move|p2a: Sinistcha|Matcha Gotcha|p1a: Excadrill|[spread] p1b\n|-activate|p1a: Excadrill|move: Protect\n|-resisted|p1b: Incineroar|1\n|-damage|p1b: Incineroar|9/100 tox\n|-heal|p2a: Sinistcha|100/100 brn|[from] drain|[of] p1b: Incineroar\n|move|p1b: Incineroar|Parting Shot|p2a: Sinistcha\n|-unboost|p2a: Sinistcha|atk|1\n|-unboost|p2a: Sinistcha|spa|1\n|\n|t:|1776638178\n|switch|p1b: Sinistcha|Sinistcha-Masterpiece, L50|58/100 psn|[from] Parting Shot\n|-damage|p1b: Sinistcha|46/100 psn|[from] Stealth Rock\n|-heal|p1a: Excadrill|100/100|[from] ability: Hospitality|[of] p1b: Sinistcha\n|-enditem|p1b: Sinistcha|Sitrus Berry|[eat]\n|-heal|p1b: Sinistcha|71/100 psn|[from] item: Sitrus Berry\n|\n|-damage|p1b: Sinistcha|58/100 psn|[from] psn\n|-damage|p2a: Sinistcha|94/100 brn|[from] brn\n|upkeep\n|turn|7\n|inactive|MalandrodoMalamar has 30 seconds left.\n|\n|t:|1776638206\n|switch|p1a: Incineroar|Incineroar, L50, F|9/100 tox\n|-damage|p1a: Incineroar|0 fnt|[from] Stealth Rock\n|faint|p1a: Incineroar\n|move|p2b: Sandaconda|Substitute|p2b: Sandaconda\n|-start|p2b: Sandaconda|Substitute\n|-damage|p2b: Sandaconda|76/100\n|move|p1b: Sinistcha|Matcha Gotcha|p2b: Sandaconda|[spread] p2a\n|-miss|p1b: Sinistcha|p2b: Sandaconda\n|-resisted|p2a: Sinistcha|1\n|-crit|p2a: Sinistcha\n|-damage|p2a: Sinistcha|71/100 brn\n|-heal|p1b: Sinistcha|70/100 psn|[from] drain|[of] p2a: Sinistcha\n|move|p2a: Sinistcha|Matcha Gotcha|p1b: Sinistcha\n|-resisted|p1b: Sinistcha|1\n|-damage|p1b: Sinistcha|57/100 psn\n|-heal|p2a: Sinistcha|78/100 brn|[from] drain|[of] p1b: Sinistcha\n|\n|-damage|p1b: Sinistcha|45/100 psn|[from] psn\n|-damage|p2a: Sinistcha|72/100 brn|[from] brn\n|upkeep\n|-message|MalandrodoMalamar forfeited.\n|\n|win|Manthis\n|raw|MalandrodoMalamar's rating: 1073 &rarr; <strong>1050</strong><br />(-23 for losing)\n|raw|Manthis's rating: 1037 &rarr; <strong>1075</strong><br />(+38 for winning)\n|l|\u2606MalandrodoMalamar\n|player|p1|\n",
  "uploadtime": 1776638224,
  "views": 12,
  "formatid": "gen9championsvgc2026regma",
  "rating": 1050,
  "private": 0,
  "password": null
}