{
  "id": "gen9championsvgc2026regma-2588014663",
  "format": "[Gen 9 Champions] VGC 2026 Reg M-A",
  "players": [
    "Vcrx",
    "2sweep4u"
  ],
  "log": "|j|\u2606Vcrx\n|j|\u26062sweep4u\n|t:|1776593110\n|gametype|doubles\n|player|p1|Vcrx|1|1118\n|player|p2|2sweep4u|unknownf|1132\n|gen|9\n|tier|[Gen 9 Champions] VGC 2026 Reg M-A\n|rated|\n|rule|Species Clause: Limit one of each Pok\u00e9mon\n|rule|Item Clause: Limit 1 of each item\n|clearpoke\n|poke|p1|Talonflame, L50, M|\n|poke|p1|Aerodactyl, L50, M|\n|poke|p1|Aegislash, L50, F|\n|poke|p1|Rotom-Wash, L50|\n|poke|p1|Maushold, L50|\n|poke|p1|Garchomp, L50, M|\n|poke|p2|Sinistcha-Masterpiece, L50|\n|poke|p2|Tyranitar, L50, F|\n|poke|p2|Excadrill, L50, M|\n|poke|p2|Incineroar, L50, M|\n|poke|p2|Milotic, L50, F|\n|poke|p2|Corviknight, L50, M|\n|teampreview|4\n|inactive|Battle timer is ON: inactive players will automatically lose when time's up. (requested by Vcrx)\n|\n|t:|1776593138\n|teamsize|p1|4\n|teamsize|p2|4\n|start\n|switch|p1a: Talonflame|Talonflame, L50, M|100/100\n|switch|p1b: Garchomp|Garchomp, L50, M|100/100\n|switch|p2a: Tyranitar|Tyranitar, L50, F|100/100\n|switch|p2b: Excadrill|Excadrill, L50, M|100/100\n|-weather|Sandstorm|[from] ability: Sand Stream|[of] p2a: Tyranitar\n|turn|1\n|\n|t:|1776593162\n|switch|p2a: Corviknight|Corviknight, L50, M|100/100\n|move|p2b: Excadrill|Rock Slide|p1a: Talonflame|[spread] p1a,p1b\n|-supereffective|p1a: Talonflame|2\n|-resisted|p1b: Garchomp|1\n|-damage|p1a: Talonflame|0 fnt\n|-damage|p1b: Garchomp|89/100\n|faint|p1a: Talonflame\n|cant|p1b: Garchomp|flinch\n|\n|-weather|Sandstorm|[upkeep]\n|upkeep\n|c|\u2606Vcrx|ofc\n|\n|t:|1776593177\n|switch|p1a: Rotom|Rotom-Wash, L50|100/100\n|turn|2\n|c|\u26062sweep4u|luck is a skill and i must be the most skillful (sorry)\n|inactive|2sweep4u has 30 seconds left.\n|inactive|2sweep4u has 20 seconds left.\n|\n|t:|1776593214\n|switch|p2a: Incineroar|Incineroar, L50, M|100/100\n|-ability|p2a: Incineroar|Intimidate|boost\n|-unboost|p1a: Rotom|atk|1\n|-unboost|p1b: Garchomp|atk|1\n|-enditem|p1b: Garchomp|White Herb\n|-clearnegativeboost|p1b: Garchomp|[silent]\n|move|p2b: Excadrill|Protect|p2b: Excadrill\n|-singleturn|p2b: Excadrill|Protect\n|move|p1b: Garchomp|Earthquake|p2b: Excadrill|[spread] p2a\n|-activate|p2b: Excadrill|move: Protect\n|-immune|p1a: Rotom|[from] ability: Levitate\n|-supereffective|p2a: Incineroar|1\n|-damage|p2a: Incineroar|34/100\n|-enditem|p2a: Incineroar|Sitrus Berry|[eat]\n|-heal|p2a: Incineroar|59/100|[from] item: Sitrus Berry\n|move|p1a: Rotom|Volt Switch|p2a: Incineroar\n|-damage|p2a: Incineroar|35/100\n|c|\u2606Vcrx|At least i now realisedd Talonflame has wrong ability\n|\n|t:|1776593230\n|switch|p1a: Aerodactyl|Aerodactyl, L50, M|100/100|[from] Volt Switch\n|\n|-weather|Sandstorm|[upkeep]\n|-damage|p2a: Incineroar|29/100|[from] Sandstorm\n|upkeep\n|turn|3\n|c|\u26062sweep4u|ah no gale wings?\n|c|\u2606Vcrx|Ye had flame body for soem reason\n|inactive|2sweep4u has 30 seconds left.\n|\n|t:|1776593262\n|switch|p2a: Corviknight|Corviknight, L50, M|100/100\n|detailschange|p1a: Aerodactyl|Aerodactyl-Mega, L50, M\n|-mega|p1a: Aerodactyl|Aerodactyl|Aerodactylite\n|move|p2b: Excadrill|Rock Slide|p1b: Garchomp|[spread] p1a,p1b\n|-supereffective|p1a: Aerodactyl|1\n|-resisted|p1b: Garchomp|1\n|-damage|p1a: Aerodactyl|46/100\n|-damage|p1b: Garchomp|78/100\n|move|p1a: Aerodactyl|Earthquake|p2b: Excadrill|[spread] p1b,p2b\n|-immune|p2a: Corviknight\n|-supereffective|p2b: Excadrill|1\n|-damage|p1b: Garchomp|53/100\n|-damage|p2b: Excadrill|31/100\n|move|p1b: Garchomp|Earthquake|p2a: Corviknight|[spread] p2b\n|-immune|p1a: Aerodactyl\n|-immune|p2a: Corviknight\n|-supereffective|p2b: Excadrill|1\n|-damage|p2b: Excadrill|0 fnt\n|faint|p2b: Excadrill\n|\n|-weather|Sandstorm|[upkeep]\n|upkeep\n|\n|t:|1776593276\n|switch|p2b: Incineroar|Incineroar, L50, M|29/100\n|-ability|p2b: Incineroar|Intimidate|boost\n|-unboost|p1a: Aerodactyl|atk|1\n|-unboost|p1b: Garchomp|atk|1\n|turn|4\n|\n|t:|1776593291\n|move|p1a: Aerodactyl|Protect|p1a: Aerodactyl\n|-singleturn|p1a: Aerodactyl|Protect\n|move|p2b: Incineroar|Fake Out|p1a: Aerodactyl\n|-activate|p1a: Aerodactyl|move: Protect\n|move|p1b: Garchomp|Earthquake|p2b: Incineroar|[spread] p2b\n|-activate|p1a: Aerodactyl|move: Protect\n|-immune|p2a: Corviknight\n|-supereffective|p2b: Incineroar|1\n|-damage|p2b: Incineroar|0 fnt\n|faint|p2b: Incineroar\n|move|p2a: Corviknight|Tailwind|p2a: Corviknight\n|-sidestart|p2: 2sweep4u|move: Tailwind\n|\n|-weather|Sandstorm|[upkeep]\n|upkeep\n|\n|t:|1776593300\n|switch|p2b: Tyranitar|Tyranitar, L50, F|100/100\n|turn|5\n|\n|t:|1776593323\n|switch|p1a: Rotom|Rotom-Wash, L50|100/100\n|detailschange|p2b: Tyranitar|Tyranitar-Mega, L50, F\n|-mega|p2b: Tyranitar|Tyranitar|Tyranitarite\n|move|p1b: Garchomp|Protect|p1b: Garchomp\n|-singleturn|p1b: Garchomp|Protect\n|move|p2b: Tyranitar|Rock Slide|p1a: Rotom|[spread] p1a\n|-activate|p1b: Garchomp|move: Protect\n|-damage|p1a: Rotom|66/100\n|move|p2a: Corviknight|Brave Bird|p1b: Garchomp\n|-activate|p1b: Garchomp|move: Protect\n|\n|-weather|none\n|upkeep\n|turn|6\n|inactive|2sweep4u has 30 seconds left.\n|\n|t:|1776593350\n|switch|p1b: Aerodactyl|Aerodactyl-Mega, L50, M|46/100\n|move|p2b: Tyranitar|Knock Off|p1a: Rotom\n|-damage|p1a: Rotom|0 fnt\n|-enditem|p1a: Rotom|Sitrus Berry|[from] move: Knock Off|[of] p2b: Tyranitar\n|faint|p1a: Rotom\n|move|p2a: Corviknight|Body Press|p1b: Aerodactyl\n|-damage|p1b: Aerodactyl|20/100\n|\n|upkeep\n|\n|t:|1776593357\n|switch|p1a: Garchomp|Garchomp, L50, M|53/100\n|turn|7\n|\n|t:|1776593374\n|move|p1b: Aerodactyl|Protect|p1b: Aerodactyl\n|-singleturn|p1b: Aerodactyl|Protect\n|move|p2b: Tyranitar|Knock Off|p1a: Garchomp\n|-damage|p1a: Garchomp|14/100\n|-damage|p2b: Tyranitar|88/100|[from] ability: Rough Skin|[of] p1a: Garchomp\n|move|p2a: Corviknight|Bulk Up|p2a: Corviknight\n|-boost|p2a: Corviknight|atk|1\n|-boost|p2a: Corviknight|def|1\n|move|p1a: Garchomp|Earthquake|p2b: Tyranitar|[spread] p2b\n|-activate|p1b: Aerodactyl|move: Protect\n|-immune|p2a: Corviknight\n|-supereffective|p2b: Tyranitar|1\n|-damage|p2b: Tyranitar|29/100\n|\n|-sideend|p2: 2sweep4u|move: Tailwind\n|upkeep\n|turn|8\n|\n|t:|1776593389\n|move|p2b: Tyranitar|Protect|p2b: Tyranitar\n|-singleturn|p2b: Tyranitar|Protect\n|move|p1b: Aerodactyl|Rock Slide|p2a: Corviknight|[spread] p2a\n|-activate|p2b: Tyranitar|move: Protect\n|-damage|p2a: Corviknight|86/100\n|move|p1a: Garchomp|Rock Slide|p2b: Tyranitar|[spread] p2a\n|-activate|p2b: Tyranitar|move: Protect\n|-damage|p2a: Corviknight|76/100\n|move|p2a: Corviknight|Tailwind|p2a: Corviknight\n|-sidestart|p2: 2sweep4u|move: Tailwind\n|\n|-heal|p2a: Corviknight|81/100|[from] item: Leftovers\n|upkeep\n|turn|9\n|c|\u26062sweep4u|ggwp\n|\n|t:|1776593406\n|move|p1a: Garchomp|Protect|p1a: Garchomp\n|-singleturn|p1a: Garchomp|Protect\n|move|p2b: Tyranitar|Rock Slide|p1b: Aerodactyl|[spread] p1b\n|-activate|p1a: Garchomp|move: Protect\n|-supereffective|p1b: Aerodactyl|1\n|-damage|p1b: Aerodactyl|0 fnt\n|faint|p1b: Aerodactyl\n|move|p2a: Corviknight|Body Press|p1a: Garchomp\n|-activate|p1a: Garchomp|move: Protect\n|\n|-heal|p2a: Corviknight|87/100|[from] item: Leftovers\n|upkeep\n|turn|10\n|c|\u2606Vcrx|gg\n|-message|Vcrx forfeited.\n|\n|win|2sweep4u\n|raw|Vcrx's rating: 1118 &rarr; <strong>1094</strong><br />(-24 for losing)\n|raw|2sweep4u's rating: 1132 &rarr; <strong>1156</strong><br />(+24 for winning)\n",
  "uploadtime": 1776593417,
  "views": 7,
  "formatid": "gen9championsvgc2026regma",
  "rating": 1094,
  "private": 0,
  "password": null
}