{
  "id": "gen9championsvgc2026regma-2588622626",
  "format": "[Gen 9 Champions] VGC 2026 Reg M-A",
  "players": [
    "Gordonflint",
    "SiberianWastes"
  ],
  "log": "|j|\u2606Gordonflint\n|j|\u2606SiberianWastes\n|t:|1776651058\n|gametype|doubles\n|player|p1|Gordonflint|266|1000\n|player|p2|SiberianWastes|bugcatcher-gen4dp|1078\n|gen|9\n|tier|[Gen 9 Champions] VGC 2026 Reg M-A\n|rated|\n|rule|Species Clause: Limit one of each Pok\u00e9mon\n|rule|Item Clause: Limit 1 of each item\n|clearpoke\n|poke|p1|Corviknight, L50, F|\n|poke|p1|Hydreigon, L50, M|\n|poke|p1|Roserade, L50, F|\n|poke|p1|Chandelure, L50, F|\n|poke|p1|Clefable, L50, M|\n|poke|p1|Palafin, L50, F|\n|poke|p2|Glalie, L50, F, shiny|\n|poke|p2|Whimsicott, L50, M, shiny|\n|poke|p2|Kingambit, L50, F, shiny|\n|poke|p2|Basculegion, L50, M, shiny|\n|poke|p2|Beedrill, L50, M|\n|poke|p2|Araquanid, L50, M|\n|teampreview|4\n|\n|t:|1776651079\n|teamsize|p1|4\n|teamsize|p2|4\n|start\n|switch|p1a: Roserade|Roserade, L50, F|100/100\n|switch|p1b: Corviknight|Corviknight, L50, F|100/100\n|switch|p2a: your mom|Glalie, L50, F, shiny|100/100\n|switch|p2b: Whimsicott|Whimsicott, L50, M, shiny|100/100\n|turn|1\n|inactive|Battle timer is ON: inactive players will automatically lose when time's up. (requested by Gordonflint)\n|\n|t:|1776651099\n|move|p2a: your mom|Protect|p2a: your mom\n|-singleturn|p2a: your mom|Protect\n|move|p2b: Whimsicott|Tailwind|p2b: Whimsicott\n|-sidestart|p2: SiberianWastes|move: Tailwind\n|move|p1a: Roserade|Sludge Bomb|p2b: Whimsicott\n|-supereffective|p2b: Whimsicott|2\n|-enditem|p2b: Whimsicott|Focus Sash\n|-damage|p2b: Whimsicott|1/100\n|move|p1b: Corviknight|Tailwind|p1b: Corviknight\n|-sidestart|p1: Gordonflint|move: Tailwind\n|\n|upkeep\n|turn|2\n|inactive|Gordonflint has 30 seconds left.\n|\n|t:|1776651131\n|switch|p1a: Chandelure|Chandelure, L50, F|100/100\n|detailschange|p2a: your mom|Glalie-Mega, L50, F, shiny\n|-mega|p2a: your mom|Glalie|Glalitite\n|move|p2b: Whimsicott|Helping Hand|p2a: your mom\n|-singleturn|p2a: your mom|Helping Hand|[of] p2b: Whimsicott\n|move|p2a: your mom|Explosion|p1a: Chandelure|[spread] p2b,p1a,p1b\n|-supereffective|p2b: Whimsicott|1\n|-resisted|p1a: Chandelure|1\n|-crit|p1a: Chandelure\n|-damage|p2b: Whimsicott|0 fnt\n|-damage|p1a: Chandelure|0 fnt\n|-damage|p1b: Corviknight|0 fnt\n|faint|p2a: your mom\n|faint|p2b: Whimsicott\n|faint|p1a: Chandelure\n|faint|p1b: Corviknight\n|\n|upkeep\n|\n|t:|1776651154\n|switch|p2b: Basculegion|Basculegion, L50, M, shiny|100/100\n|switch|p2a: Kingambit|Kingambit, L50, F, shiny|100/100\n|switch|p1a: Roserade|Roserade, L50, F|100/100\n|switch|p1b: Clefable|Clefable, L50, M|100/100\n|turn|3\n|inactive|Gordonflint has 30 seconds left.\n|\n|t:|1776651185\n|move|p2b: Basculegion|Protect|p2b: Basculegion\n|-singleturn|p2b: Basculegion|Protect\n|move|p2a: Kingambit|Sucker Punch||[still]\n|-fail|p2a: Kingambit\n|move|p1a: Roserade|Sleep Powder|p2a: Kingambit\n|-status|p2a: Kingambit|slp|[from] move: Sleep Powder\n|move|p1b: Clefable|Moonblast|p2b: Basculegion\n|-activate|p2b: Basculegion|move: Protect\n|\n|upkeep\n|turn|4\n|\n|t:|1776651203\n|move|p1a: Roserade|Sleep Powder|p2b: Basculegion\n|-status|p2b: Basculegion|slp|[from] move: Sleep Powder\n|cant|p2b: Basculegion|slp\n|move|p1b: Clefable|Moonblast|p2b: Basculegion\n|-damage|p2b: Basculegion|61/100 slp\n|-unboost|p2b: Basculegion|spa|1\n|cant|p2a: Kingambit|slp\n|\n|-sideend|p1: Gordonflint|move: Tailwind\n|-sideend|p2: SiberianWastes|move: Tailwind\n|upkeep\n|turn|5\n|\n|t:|1776651219\n|move|p1a: Roserade|Sleep Powder|p2a: Kingambit\n|-fail|p2a: Kingambit|slp\n|-curestatus|p2b: Basculegion|slp|[msg]\n|move|p2b: Basculegion|Last Respects|p1a: Roserade\n|-damage|p1a: Roserade|0 fnt\n|faint|p1a: Roserade\n|move|p1b: Clefable|Moonblast|p2b: Basculegion\n|-damage|p2b: Basculegion|23/100\n|-curestatus|p2a: Kingambit|slp|[msg]\n|move|p2a: Kingambit|Kowtow Cleave|p1b: Clefable\n|-resisted|p1b: Clefable|1\n|-damage|p1b: Clefable|74/100\n|\n|upkeep\n|turn|6\n|\n|t:|1776651238\n|move|p2b: Basculegion|Last Respects|p1b: Clefable\n|-damage|p1b: Clefable|0 fnt\n|faint|p1b: Clefable\n|\n|win|SiberianWastes\n|raw|Gordonflint's rating: 1000 &rarr; <strong>1000</strong><br />(+0 for losing)\n|raw|SiberianWastes's rating: 1078 &rarr; <strong>1100</strong><br />(+22 for winning)\n|l|\u2606Gordonflint\n|player|p1|\n",
  "uploadtime": 1776651246,
  "views": 3,
  "formatid": "gen9championsvgc2026regma",
  "rating": 1000,
  "private": 0,
  "password": null
}