{
  "id": "gen9championsvgc2026regma-2582635197",
  "format": "[Gen 9 Champions] VGC 2026 Reg M-A",
  "players": [
    "cosmojamm",
    "Zapdos79"
  ],
  "log": "|j|\u2606cosmojamm\n|j|\u2606Zapdos79\n|t:|1776104021\n|gametype|doubles\n|player|p1|cosmojamm|pokemaniac|1141\n|player|p2|Zapdos79|flannery|1162\n|gen|9\n|tier|[Gen 9 Champions] VGC 2026 Reg M-A\n|rated|\n|rule|Species Clause: Limit one of each Pok\u00e9mon\n|rule|Item Clause: Limit 1 of each item\n|clearpoke\n|poke|p1|Charizard, L50, M|\n|poke|p1|Venusaur, L50, F|\n|poke|p1|Garchomp, L50, F|\n|poke|p1|Rotom-Wash, L50|\n|poke|p1|Sneasler, L50, M|\n|poke|p1|Incineroar, L50, F|\n|poke|p2|Tyranitar, L50, F|\n|poke|p2|Talonflame, L50, F|\n|poke|p2|Excadrill, L50, F|\n|poke|p2|Meganium, L50, F|\n|poke|p2|Farigiraf, L50, F|\n|poke|p2|Incineroar, L50, M|\n|teampreview|4\n|inactive|Battle timer is ON: inactive players will automatically lose when time's up. (requested by cosmojamm)\ncosmojamm has agreed to open team sheets.\n|\n|t:|1776104051\n|teamsize|p1|4\n|teamsize|p2|4\n|start\n|switch|p1a: Garchomp|Garchomp, L50, F|100/100\n|switch|p1b: Incineroar|Incineroar, L50, F|100/100\n|switch|p2a: Talonflame|Talonflame, L50, F|100/100\n|switch|p2b: Incineroar|Incineroar, L50, M|100/100\n|-ability|p1b: Incineroar|Intimidate|boost\n|-unboost|p2a: Talonflame|atk|1\n|-unboost|p2b: Incineroar|atk|1\n|-ability|p2b: Incineroar|Intimidate|boost\n|-unboost|p1a: Garchomp|atk|1\n|-unboost|p1b: Incineroar|atk|1\n|turn|1\n|inactive|Zapdos79 has 30 seconds left.\n|\n|t:|1776104078\n|switch|p1a: Rotom|Rotom-Wash, L50|100/100\n|move|p1b: Incineroar|Fake Out|p2a: Talonflame\n|-damage|p2a: Talonflame|90/100\n|-immune|p1b: Incineroar\n|move|p2b: Incineroar|Fake Out|p1b: Incineroar\n|-crit|p1b: Incineroar\n|-damage|p1b: Incineroar|79/100\n|cant|p2a: Talonflame|flinch\n|\n|upkeep\n|turn|2\n|inactive|cosmojamm has 30 seconds left.\n|inactive|Zapdos79 has 30 seconds left.\n|\n|t:|1776104110\n|move|p2a: Talonflame|Tailwind|p2a: Talonflame\n|-sidestart|p2: Zapdos79|move: Tailwind\n|move|p2b: Incineroar|Parting Shot|p1a: Rotom\n|-unboost|p1a: Rotom|atk|1\n|-unboost|p1a: Rotom|spa|1\n|\n|t:|1776104116\n|switch|p2b: Tyranitar|Tyranitar, L50, F|100/100|[from] Parting Shot\n|-weather|Sandstorm|[from] ability: Sand Stream|[of] p2b: Tyranitar\n|move|p1a: Rotom|Hydro Pump|p2a: Talonflame|[miss]\n|-miss|p1a: Rotom|p2a: Talonflame\n|move|p1b: Incineroar|Parting Shot|p2b: Tyranitar\n|-unboost|p2b: Tyranitar|atk|1\n|-unboost|p2b: Tyranitar|spa|1\n|\n|t:|1776104134\n|switch|p1b: Garchomp|Garchomp, L50, F|100/100|[from] Parting Shot\n|\n|-weather|Sandstorm|[upkeep]\n|-damage|p2a: Talonflame|84/100|[from] Sandstorm\n|-damage|p1a: Rotom|95/100|[from] Sandstorm\n|-heal|p1a: Rotom|100/100|[from] item: Leftovers\n|upkeep\n|turn|3\n|inactive|cosmojamm has 30 seconds left.\n|\n|t:|1776104161\n|move|p2a: Talonflame|U-turn|p1a: Rotom\n|-damage|p1a: Rotom|90/100\n|\n|t:|1776104164\n|switch|p2a: Incineroar|Incineroar, L50, M|100/100|[from] U-turn\n|-ability|p2a: Incineroar|Intimidate|boost\n|-unboost|p1a: Rotom|atk|1\n|-unboost|p1b: Garchomp|atk|1\n|move|p1b: Garchomp|Rock Slide|p2a: Incineroar|[spread] p2a,p2b\n|-supereffective|p2a: Incineroar|1\n|-damage|p2a: Incineroar|77/100\n|-damage|p2b: Tyranitar|89/100\n|move|p2b: Tyranitar|Breaking Swipe|p1a: Rotom|[spread] p1a,p1b\n|-supereffective|p1b: Garchomp|1\n|-damage|p1a: Rotom|77/100\n|-damage|p1b: Garchomp|78/100\n|-unboost|p1a: Rotom|atk|1\n|-unboost|p1b: Garchomp|atk|1\n|-damage|p2b: Tyranitar|77/100|[from] ability: Rough Skin|[of] p1b: Garchomp\n|move|p1a: Rotom|Hydro Pump|p2b: Tyranitar\n|-supereffective|p2b: Tyranitar|1\n|-enditem|p2b: Tyranitar|Passho Berry|[eat]\n|-enditem|p2b: Tyranitar|Passho Berry|[weaken]\n|-damage|p2b: Tyranitar|54/100\n|\n|-weather|Sandstorm|[upkeep]\n|-damage|p2a: Incineroar|71/100|[from] Sandstorm\n|-damage|p1a: Rotom|71/100|[from] Sandstorm\n|-heal|p1a: Rotom|77/100|[from] item: Leftovers\n|upkeep\n|turn|4\n|inactive|cosmojamm has 30 seconds left.\n|inactive|Zapdos79 has 30 seconds left.\n|\n|t:|1776104197\n|switch|p1b: Incineroar|Incineroar, L50, F|79/100\n|-ability|p1b: Incineroar|Intimidate|boost\n|-unboost|p2a: Incineroar|atk|1\n|-unboost|p2b: Tyranitar|atk|1\n|move|p1a: Rotom|Protect|p1a: Rotom\n|-singleturn|p1a: Rotom|Protect\n|move|p2a: Incineroar|Fake Out|p1a: Rotom\n|-activate|p1a: Rotom|move: Protect\n|move|p2b: Tyranitar|Knock Off|p1b: Incineroar\n|-resisted|p1b: Incineroar|1\n|-damage|p1b: Incineroar|66/100\n|-enditem|p1b: Incineroar|Sitrus Berry|[from] move: Knock Off|[of] p2b: Tyranitar\n|\n|-weather|Sandstorm|[upkeep]\n|-damage|p2a: Incineroar|65/100|[from] Sandstorm\n|-damage|p1a: Rotom|71/100|[from] Sandstorm\n|-damage|p1b: Incineroar|60/100|[from] Sandstorm\n|-heal|p1a: Rotom|77/100|[from] item: Leftovers\n|upkeep\n|turn|5\n|inactive|Zapdos79 has 30 seconds left.\n|\n|t:|1776104222\n|switch|p2b: Talonflame|Talonflame, L50, F|84/100\n|switch|p1a: Garchomp|Garchomp, L50, F|78/100\n|move|p2a: Incineroar|Protect|p2a: Incineroar\n|-singleturn|p2a: Incineroar|Protect\n|move|p1b: Incineroar|Fake Out|p2a: Incineroar\n|-activate|p2a: Incineroar|move: Protect\n|\n|-weather|Sandstorm|[upkeep]\n|-damage|p2b: Talonflame|77/100|[from] Sandstorm\n|-damage|p2a: Incineroar|59/100|[from] Sandstorm\n|-damage|p1b: Incineroar|54/100|[from] Sandstorm\n|-sideend|p2: Zapdos79|move: Tailwind\n|upkeep\n|turn|6\n|\n|t:|1776104236\n|move|p1a: Garchomp|Rock Slide|p2b: Talonflame|[spread] p2a,p2b\n|-supereffective|p2a: Incineroar|1\n|-supereffective|p2b: Talonflame|2\n|-enditem|p2b: Talonflame|Charti Berry|[eat]\n|-enditem|p2b: Talonflame|Charti Berry|[weaken]\n|-damage|p2a: Incineroar|24/100\n|-damage|p2b: Talonflame|35/100\n|-enditem|p2a: Incineroar|Sitrus Berry|[eat]\n|-heal|p2a: Incineroar|49/100|[from] item: Sitrus Berry\n|move|p2b: Talonflame|Tailwind|p2b: Talonflame\n|-sidestart|p2: Zapdos79|move: Tailwind\n|move|p2a: Incineroar|Parting Shot|p1a: Garchomp\n|-unboost|p1a: Garchomp|atk|1\n|-unboost|p1a: Garchomp|spa|1\n|\n|t:|1776104251\n|switch|p2a: Excadrill|Excadrill, L50, F|100/100|[from] Parting Shot\n|move|p1b: Incineroar|Parting Shot|p2a: Excadrill\n|-unboost|p2a: Excadrill|atk|1\n|-unboost|p2a: Excadrill|spa|1\n|\n|t:|1776104258\n|switch|p1b: Rotom|Rotom-Wash, L50|77/100|[from] Parting Shot\n|-enditem|p2a: Excadrill|White Herb\n|-clearnegativeboost|p2a: Excadrill|[silent]\n|\n|-weather|none\n|-heal|p1b: Rotom|83/100|[from] item: Leftovers\n|upkeep\n|turn|7\n|\n|t:|1776104275\n|switch|p1a: Incineroar|Incineroar, L50, F|54/100\n|-ability|p1a: Incineroar|Intimidate|boost\n|-unboost|p2a: Excadrill|atk|1\n|-unboost|p2b: Talonflame|atk|1\n|move|p2b: Talonflame|Will-O-Wisp|p1a: Incineroar\n|-immune|p1a: Incineroar\n|move|p2a: Excadrill|Rock Slide|p1b: Rotom|[spread] p1a,p1b\n|-supereffective|p1a: Incineroar|1\n|-damage|p1a: Incineroar|29/100\n|-damage|p1b: Rotom|69/100\n|cant|p1b: Rotom|flinch\n|\n|-heal|p1b: Rotom|74/100|[from] item: Leftovers\n|upkeep\n|turn|8\n|\n|t:|1776104296\n|move|p2a: Excadrill|Protect|p2a: Excadrill\n|-singleturn|p2a: Excadrill|Protect\n|move|p1a: Incineroar|Fake Out|p2a: Excadrill\n|-activate|p2a: Excadrill|move: Protect\n|move|p2b: Talonflame|U-turn|p1a: Incineroar\n|-damage|p1a: Incineroar|20/100\n|\n|t:|1776104305\n|switch|p2b: Tyranitar|Tyranitar, L50, F|54/100|[from] U-turn\n|-weather|Sandstorm|[from] ability: Sand Stream|[of] p2b: Tyranitar\n|move|p1b: Rotom|Hydro Pump|p2a: Excadrill\n|-activate|p2a: Excadrill|move: Protect\n|\n|-weather|Sandstorm|[upkeep]\n|-damage|p1b: Rotom|69/100|[from] Sandstorm\n|-damage|p1a: Incineroar|14/100|[from] Sandstorm\n|-heal|p1b: Rotom|74/100|[from] item: Leftovers\n|upkeep\n|turn|9\n|\n|t:|1776104319\n|move|p1b: Rotom|Protect|p1b: Rotom\n|-singleturn|p1b: Rotom|Protect\n|move|p2a: Excadrill|Rock Slide|p1a: Incineroar|[spread] p1a\n|-activate|p1b: Rotom|move: Protect\n|-supereffective|p1a: Incineroar|1\n|-damage|p1a: Incineroar|0 fnt\n|faint|p1a: Incineroar\n|move|p2b: Tyranitar|Rock Slide|p1b: Rotom\n|-activate|p1b: Rotom|move: Protect\n|\n|-weather|Sandstorm|[upkeep]\n|-damage|p1b: Rotom|69/100|[from] Sandstorm\n|-heal|p1b: Rotom|74/100|[from] item: Leftovers\n|-sideend|p2: Zapdos79|move: Tailwind\n|upkeep\n|\n|t:|1776104328\n|switch|p1a: Garchomp|Garchomp, L50, F|78/100\n|turn|10\n|\n|t:|1776104340\n|move|p2a: Excadrill|Rock Slide|p1a: Garchomp|[spread] p1a,p1b\n|-resisted|p1a: Garchomp|1\n|-damage|p1a: Garchomp|71/100\n|-damage|p1b: Rotom|59/100\n|move|p1a: Garchomp|Earthquake|p2a: Excadrill|[spread] p2a,p2b\n|-immune|p1b: Rotom|[from] ability: Levitate\n|-supereffective|p2a: Excadrill|1\n|-supereffective|p2b: Tyranitar|1\n|-damage|p2a: Excadrill|0 fnt\n|-damage|p2b: Tyranitar|0 fnt\n|faint|p2a: Excadrill\n|faint|p2b: Tyranitar\n|move|p1b: Rotom|Hydro Pump|p2: Excadrill|[notarget]\n|-fail|p1b: Rotom\n|\n|-weather|Sandstorm|[upkeep]\n|-damage|p1b: Rotom|53/100|[from] Sandstorm\n|-heal|p1b: Rotom|59/100|[from] item: Leftovers\n|upkeep\n|\n|t:|1776104353\n|switch|p2a: Incineroar|Incineroar, L50, M|49/100\n|switch|p2b: Talonflame|Talonflame, L50, F|35/100\n|-ability|p2a: Incineroar|Intimidate|boost\n|-unboost|p1a: Garchomp|atk|1\n|-unboost|p1b: Rotom|atk|1\n|turn|11\n|-message|Zapdos79 forfeited.\n|\n|win|cosmojamm\n|raw|cosmojamm's rating: 1141 &rarr; <strong>1168</strong><br />(+27 for winning)\n|raw|Zapdos79's rating: 1162 &rarr; <strong>1135</strong><br />(-27 for losing)\n|l|\u2606cosmojamm\n|player|p1|\n",
  "uploadtime": 1776104383,
  "views": 17,
  "formatid": "gen9championsvgc2026regma",
  "rating": 1135,
  "private": 0,
  "password": null
}