{
  "id": "gen9championsvgc2026regma-2587404750",
  "format": "[Gen 9 Champions] VGC 2026 Reg M-A",
  "players": [
    "warges",
    "Manuwello"
  ],
  "log": "|j|\u2606warges\n|j|\u2606Manuwello\n|t:|1776529045\n|gametype|doubles\n|player|p1|warges|1|1173\n|player|p2|Manuwello|cheren-gen5bw2|1229\n|gen|9\n|tier|[Gen 9 Champions] VGC 2026 Reg M-A\n|rated|\n|rule|Species Clause: Limit one of each Pok\u00e9mon\n|rule|Item Clause: Limit 1 of each item\n|clearpoke\n|poke|p1|Milotic, L50, M|\n|poke|p1|Whimsicott, L50, M|\n|poke|p1|Charizard, L50, M|\n|poke|p1|Rotom-Wash, L50|\n|poke|p1|Garchomp, L50, M|\n|poke|p1|Kingambit, L50, M|\n|poke|p2|Orthworm, L50, M, shiny|\n|poke|p2|Aegislash, L50, F, shiny|\n|poke|p2|Kommo-o, L50, M|\n|poke|p2|Sneasler, L50, M|\n|poke|p2|Floette-Eternal, L50, F, shiny|\n|poke|p2|Whimsicott, L50, F, shiny|\n|teampreview|4\n|inactive|Battle timer is ON: inactive players will automatically lose when time's up. (requested by warges)\n|\n|t:|1776529085\n|teamsize|p1|4\n|teamsize|p2|4\n|start\n|switch|p1a: Whimsicott|Whimsicott, L50, M|100/100\n|switch|p1b: Sunsetter|Charizard, L50, M|100/100\n|switch|p2a: Aegislash|Aegislash, L50, F, shiny|100/100\n|switch|p2b: Orthworm|Orthworm, L50, M, shiny|100/100\n|turn|1\n|\n|t:|1776529108\n|detailschange|p1b: Sunsetter|Charizard-Mega-Y, L50, M\n|-mega|p1b: Sunsetter|Charizard|Charizardite Y\n|-weather|SunnyDay|[from] ability: Drought|[of] p1b: Sunsetter\n|move|p2a: Aegislash|Wide Guard|p2a: Aegislash\n|-singleturn|p2a: Aegislash|Wide Guard\n|move|p1a: Whimsicott|Tailwind|p1a: Whimsicott\n|-sidestart|p1: warges|move: Tailwind\n|move|p1b: Sunsetter|Heat Wave|p2b: Orthworm|[spread] \n|-activate|p2a: Aegislash|move: Wide Guard\n|-activate|p2b: Orthworm|move: Wide Guard\n|move|p2b: Orthworm|Heavy Slam|p1a: Whimsicott\n|-supereffective|p1a: Whimsicott|1\n|-damage|p1a: Whimsicott|20/100\n|\n|-weather|SunnyDay|[upkeep]\n|upkeep\n|turn|2\n|\n|t:|1776529126\n|move|p2a: Aegislash|Wide Guard|p2a: Aegislash\n|-singleturn|p2a: Aegislash|Wide Guard\n|move|p1a: Whimsicott|Encore|p2a: Aegislash\n|-start|p2a: Aegislash|Encore\n|move|p1b: Sunsetter|Heat Wave|p2a: Aegislash|[spread] \n|-activate|p2a: Aegislash|move: Wide Guard\n|-activate|p2b: Orthworm|move: Wide Guard\n|move|p2b: Orthworm|Shed Tail|p2b: Orthworm\n|-start|p2b: Orthworm|Substitute|[from] move: Shed Tail\n|-damage|p2b: Orthworm|50/100\n|-enditem|p2b: Orthworm|Sitrus Berry|[eat]\n|-heal|p2b: Orthworm|75/100|[from] item: Sitrus Berry\n|\n|t:|1776529139\n|switch|p2b: Floette|Floette-Eternal, L50, F, shiny|100/100|[from] Shed Tail\n|\n|-weather|SunnyDay|[upkeep]\n|upkeep\n|turn|3\n|inactive|warges has 30 seconds left.\n|\n|t:|1776529165\n|switch|p1a: Kingambit|Kingambit, L50, M|100/100\n|detailschange|p2b: Floette|Floette-Mega, L50, F, shiny\n|-mega|p2b: Floette|Floette|Floettite\n|-ability|p2b: Floette|Fairy Aura\n|move|p2a: Aegislash|Wide Guard|p2a: Aegislash\n|-singleturn|p2a: Aegislash|Wide Guard\n|move|p1b: Sunsetter|Heat Wave|p2b: Floette|[spread] \n|-activate|p2a: Aegislash|move: Wide Guard\n|-activate|p2b: Floette|move: Wide Guard\n|move|p2b: Floette|Calm Mind|p2b: Floette\n|-boost|p2b: Floette|spa|1\n|-boost|p2b: Floette|spd|1\n|\n|-weather|SunnyDay|[upkeep]\n|upkeep\n|turn|4\n|inactive|warges has 30 seconds left.\n|\n|t:|1776529193\n|move|p2a: Aegislash|Wide Guard|p2a: Aegislash\n|-singleturn|p2a: Aegislash|Wide Guard\n|move|p1b: Sunsetter|Air Slash|p2b: Floette\n|-activate|p2b: Floette|move: Substitute|[damage]\n|move|p1a: Kingambit|Iron Head|p2b: Floette\n|-supereffective|p2b: Floette|1\n|-end|p2b: Floette|Substitute\n|move|p2b: Floette|Dazzling Gleam|p1b: Sunsetter|[spread] p1a,p1b\n|-resisted|p1b: Sunsetter|1\n|-damage|p1a: Kingambit|28/100\n|-damage|p1b: Sunsetter|58/100\n|\n|-weather|SunnyDay|[upkeep]\n|-sideend|p1: warges|move: Tailwind\n|upkeep\n|turn|5\n|inactive|warges has 30 seconds left.\n|inactive|Manuwello has 30 seconds left.\n|\n|t:|1776529224\n|move|p2a: Aegislash|Wide Guard|p2a: Aegislash\n|-singleturn|p2a: Aegislash|Wide Guard\n|move|p1b: Sunsetter|Air Slash|p2b: Floette\n|-damage|p2b: Floette|75/100\n|move|p2b: Floette|Dazzling Gleam|p1b: Sunsetter|[spread] p1a,p1b\n|-resisted|p1b: Sunsetter|1\n|-damage|p1a: Kingambit|0 fnt\n|-damage|p1b: Sunsetter|21/100\n|faint|p1a: Kingambit\n|\n|-weather|none\n|-end|p2a: Aegislash|Encore\n|upkeep\n|\n|t:|1776529236\n|switch|p1a: Whimsicott|Whimsicott, L50, M|20/100\n|turn|6\n|\n|t:|1776529243\n|move|p2a: Aegislash|Wide Guard|p2a: Aegislash\n|-singleturn|p2a: Aegislash|Wide Guard\n|move|p1a: Whimsicott|Tailwind|p1a: Whimsicott\n|-sidestart|p1: warges|move: Tailwind\n|move|p1b: Sunsetter|Heat Wave|p2a: Aegislash|[spread] \n|-activate|p2a: Aegislash|move: Wide Guard\n|-activate|p2b: Floette|move: Wide Guard\n|move|p2b: Floette|Dazzling Gleam|p1b: Sunsetter|[spread] p1a,p1b\n|-resisted|p1b: Sunsetter|1\n|-damage|p1a: Whimsicott|0 fnt\n|-damage|p1b: Sunsetter|0 fnt\n|faint|p1a: Whimsicott\n|faint|p1b: Sunsetter\n|\n|upkeep\n|c|\u2606Manuwello|one would think their opponent would have learned the 6th time in a row\n|inactive|warges has 30 seconds left.\n|inactive|warges has 20 seconds left.\n|inactive|warges has 15 seconds left.\n|inactive|warges has 10 seconds left.\n|inactive|warges has 5 seconds left.\n|\n|t:|1776529298\n|switch|p1a: Garchomp|Garchomp, L50, M|100/100\n|turn|7\n|inactive|warges has 30 seconds left.\n|inactive|warges has 20 seconds left.\n|inactive|warges has 15 seconds left.\n|inactive|warges has 10 seconds left.\n|inactive|warges has 5 seconds left.\n|\n|t:|1776529353\n|switch|p2b: Orthworm|Orthworm, L50, M, shiny|75/100\n|move|p1a: Garchomp|Dragon Claw|p2a: Aegislash\n|-resisted|p2a: Aegislash|1\n|-crit|p2a: Aegislash\n|-damage|p2a: Aegislash|71/100\n|-formechange|p2a: Aegislash|Aegislash-Blade|\n|move|p2a: Aegislash|Shadow Ball|p1a: Garchomp\n|-damage|p1a: Garchomp|53/100\n|\n|upkeep\n|turn|8\n|inactive|warges has 30 seconds left.\n|inactive|warges has 20 seconds left.\n|inactive|warges has 15 seconds left.\n|inactive|warges has 10 seconds left.\n|inactive|warges has 5 seconds left.\n|\n|t:|1776529409\n|-formechange|p2a: Aegislash|Aegislash|\n|move|p2a: Aegislash|King's Shield|p2a: Aegislash\n|-singleturn|p2a: Aegislash|Protect\n|move|p1a: Garchomp|Dragon Claw|p2a: Aegislash\n|-activate|p2a: Aegislash|move: Protect\n|-unboost|p1a: Garchomp|atk|1\n|-enditem|p1a: Garchomp|White Herb\n|-clearnegativeboost|p1a: Garchomp|[silent]\n|move|p2b: Orthworm|Shed Tail|p2b: Orthworm\n|-start|p2b: Orthworm|Substitute|[from] move: Shed Tail\n|-damage|p2b: Orthworm|25/100\n|\n|t:|1776529419\n|switch|p2b: Floette|Floette-Mega, L50, F, shiny|75/100|[from] Shed Tail\n|-ability|p2b: Floette|Fairy Aura\n|\n|upkeep\n|turn|9\n|inactive|warges has 30 seconds left.\n|inactive|warges has 20 seconds left.\n|inactive|warges has 15 seconds left.\n|inactive|warges has 10 seconds left.\n|inactive|warges has 5 seconds left.\n|\n|t:|1776529474\n|switch|p2a: Whimsicott|Whimsicott, L50, F, shiny|100/100\n|move|p1a: Garchomp|Dragon Claw|p2a: Whimsicott\n|-immune|p2a: Whimsicott\n|move|p2b: Floette|Moonblast|p1a: Garchomp\n|-supereffective|p1a: Garchomp|1\n|-damage|p1a: Garchomp|0 fnt\n|faint|p1a: Garchomp\n|\n|win|Manuwello\n|raw|warges's rating: 1173 &rarr; <strong>1152</strong><br />(-21 for losing)\n|raw|Manuwello's rating: 1229 &rarr; <strong>1250</strong><br />(+21 for winning)\n",
  "uploadtime": 1776529486,
  "views": 26,
  "formatid": "gen9championsvgc2026regma",
  "rating": 1152,
  "private": 0,
  "password": null
}