{
  "id": "gen9championsvgc2026regma-2587712185",
  "format": "[Gen 9 Champions] VGC 2026 Reg M-A",
  "players": [
    "winchester_07",
    "Marcio Lira"
  ],
  "log": "|j|\u2606winchester_07\n|j|\u2606Marcio Lira\n|t:|1776556406\n|gametype|doubles\n|player|p1|winchester_07|gambler|1237\n|player|p2|Marcio Lira|bugcatcher-gen4dp|1334\n|gen|9\n|tier|[Gen 9 Champions] VGC 2026 Reg M-A\n|rated|\n|rule|Species Clause: Limit one of each Pok\u00e9mon\n|rule|Item Clause: Limit 1 of each item\n|clearpoke\n|poke|p1|Charizard, L50, F, shiny|\n|poke|p1|Venusaur, L50, F|\n|poke|p1|Garchomp, L50, M|\n|poke|p1|Gardevoir, L50, F, shiny|\n|poke|p1|Milotic, L50, F|\n|poke|p1|Incineroar, L50, M, shiny|\n|poke|p2|Floette-Eternal, L50, F|\n|poke|p2|Rotom-Wash, L50, shiny|\n|poke|p2|Garchomp, L50, M|\n|poke|p2|Volcarona, L50, M|\n|poke|p2|Oranguru, L50, M|\n|poke|p2|Aerodactyl, L50, F|\n|teampreview|4\n|\n|t:|1776556458\n|teamsize|p1|4\n|teamsize|p2|4\n|start\n|switch|p1a: Charizard|Charizard, L50, F, shiny|100/100\n|switch|p1b: Venusaur|Venusaur, L50, F|100/100\n|switch|p2a: Garchomp|Garchomp, L50, M|100/100\n|switch|p2b: Aerodactyl|Aerodactyl, L50, F|100/100\n|-ability|p2b: Aerodactyl|Unnerve\n|turn|1\n|\n|t:|1776556480\n|detailschange|p1a: Charizard|Charizard-Mega-Y, L50, F, shiny\n|-mega|p1a: Charizard|Charizard|Charizardite Y\n|-weather|SunnyDay|[from] ability: Drought|[of] p1a: Charizard\n|move|p1a: Charizard|Protect|p1a: Charizard\n|-singleturn|p1a: Charizard|Protect\n|move|p1b: Venusaur|Sleep Powder|p2b: Aerodactyl\n|-status|p2b: Aerodactyl|slp|[from] move: Sleep Powder\n|cant|p2b: Aerodactyl|slp\n|move|p2a: Garchomp|Rock Slide|p1a: Charizard|[spread] p1b\n|-activate|p1a: Charizard|move: Protect\n|-damage|p1b: Venusaur|71/100\n|\n|-weather|SunnyDay|[upkeep]\n|upkeep\n|turn|2\n|\n|t:|1776556503\n|move|p2a: Garchomp|Protect|p2a: Garchomp\n|-singleturn|p2a: Garchomp|Protect\n|move|p1b: Venusaur|Leaf Storm|p2a: Garchomp\n|-activate|p2a: Garchomp|move: Protect\n|-curestatus|p2b: Aerodactyl|slp|[msg]\n|move|p2b: Aerodactyl|Tailwind|p2b: Aerodactyl\n|-sidestart|p2: Marcio Lira|move: Tailwind\n|move|p1a: Charizard|Heat Wave|p2b: Aerodactyl|[spread] p2b\n|-activate|p2a: Garchomp|move: Protect\n|-resisted|p2b: Aerodactyl|1\n|-damage|p2b: Aerodactyl|57/100\n|\n|-weather|SunnyDay|[upkeep]\n|upkeep\n|turn|3\n|\n|t:|1776556522\n|move|p1a: Charizard|Protect|p1a: Charizard\n|-singleturn|p1a: Charizard|Protect\n|move|p2b: Aerodactyl|Rock Slide|p1b: Venusaur|[spread] p1b\n|-activate|p1a: Charizard|move: Protect\n|-damage|p1b: Venusaur|40/100\n|move|p2a: Garchomp|Earthquake|p1a: Charizard|[spread] p1b\n|-activate|p1a: Charizard|move: Protect\n|-immune|p2b: Aerodactyl\n|-crit|p1b: Venusaur\n|-damage|p1b: Venusaur|0 fnt\n|faint|p1b: Venusaur\n|\n|-weather|SunnyDay|[upkeep]\n|upkeep\n|\n|t:|1776556538\n|switch|p1b: Incineroar|Incineroar, L50, M, shiny|100/100\n|-ability|p1b: Incineroar|Intimidate|boost\n|-unboost|p2a: Garchomp|atk|1\n|-unboost|p2b: Aerodactyl|atk|1\n|turn|4\n|\n|t:|1776556548\n|move|p1b: Incineroar|Fake Out|p2a: Garchomp\n|-damage|p2a: Garchomp|90/100\n|-damage|p1b: Incineroar|88/100|[from] ability: Rough Skin|[of] p2a: Garchomp\n|move|p2b: Aerodactyl|Rock Slide|p1a: Charizard|[spread] p1b\n|-miss|p2b: Aerodactyl|p1a: Charizard\n|-supereffective|p1b: Incineroar|1\n|-damage|p1b: Incineroar|55/100\n|cant|p2a: Garchomp|flinch\n|move|p1a: Charizard|Solar Beam||[still]\n|-prepare|p1a: Charizard|Solar Beam\n|-anim|p1a: Charizard|Solar Beam|p2b: Aerodactyl\n|-damage|p2b: Aerodactyl|0 fnt\n|faint|p2b: Aerodactyl\n|\n|-weather|SunnyDay|[upkeep]\n|upkeep\n|\n|t:|1776556559\n|switch|p2b: Rotom|Rotom-Wash, L50, shiny|100/100\n|turn|5\n|\n|t:|1776556582\n|move|p1a: Charizard|Protect|p1a: Charizard\n|-singleturn|p1a: Charizard|Protect\n|move|p2b: Rotom|Electroweb|p1a: Charizard|[spread] p1b\n|-activate|p1a: Charizard|move: Protect\n|-damage|p1b: Incineroar|40/100\n|-unboost|p1b: Incineroar|spe|1\n|-enditem|p1b: Incineroar|Sitrus Berry|[eat]\n|-heal|p1b: Incineroar|65/100|[from] item: Sitrus Berry\n|move|p2a: Garchomp|Earthquake|p1a: Charizard|[spread] p1b\n|-activate|p1a: Charizard|move: Protect\n|-immune|p2b: Rotom|[from] ability: Levitate\n|-supereffective|p1b: Incineroar|1\n|-damage|p1b: Incineroar|13/100\n|move|p1b: Incineroar|Parting Shot|p2a: Garchomp\n|-unboost|p2a: Garchomp|atk|1\n|-unboost|p2a: Garchomp|spa|1\n|\n|t:|1776556606\n|switch|p1b: Milotic|Milotic, L50, F|100/100|[from] Parting Shot\n|\n|-weather|none\n|-sideend|p2: Marcio Lira|move: Tailwind\n|upkeep\n|turn|6\n|\n|t:|1776556644\n|switch|p2b: Volcarona|Volcarona, L50, M|100/100\n|move|p2a: Garchomp|Protect|p2a: Garchomp\n|-singleturn|p2a: Garchomp|Protect\n|move|p1a: Charizard|Overheat|p2b: Volcarona\n|-damage|p2b: Volcarona|40/100\n|-unboost|p1a: Charizard|spa|2\n|-enditem|p2b: Volcarona|Sitrus Berry|[eat]\n|-heal|p2b: Volcarona|64/100|[from] item: Sitrus Berry\n|move|p1b: Milotic|Ice Beam|p2a: Garchomp\n|-activate|p2a: Garchomp|move: Protect\n|\n|upkeep\n|turn|7\n|\n|t:|1776556664\n|switch|p2a: Rotom|Rotom-Wash, L50, shiny|100/100\n|move|p1a: Charizard|Protect|p1a: Charizard\n|-singleturn|p1a: Charizard|Protect\n|move|p2b: Volcarona|Protect|p2b: Volcarona\n|-singleturn|p2b: Volcarona|Protect\n|move|p1b: Milotic|Ice Beam|p2a: Rotom\n|-resisted|p2a: Rotom|1\n|-damage|p2a: Rotom|84/100\n|\n|upkeep\n|turn|8\n|\n|t:|1776556690\n|switch|p1a: Incineroar|Incineroar, L50, M, shiny|13/100\n|-ability|p1a: Incineroar|Intimidate|boost\n|-unboost|p2a: Rotom|atk|1\n|-unboost|p2b: Volcarona|atk|1\n|move|p2b: Volcarona|Rage Powder|p2b: Volcarona\n|-singleturn|p2b: Volcarona|move: Rage Powder\n|move|p2a: Rotom|Thunderbolt|p1b: Milotic\n|-supereffective|p1b: Milotic|1\n|-damage|p1b: Milotic|44/100\n|move|p1b: Milotic|Scald|p2b: Volcarona\n|-supereffective|p2b: Volcarona|1\n|-damage|p2b: Volcarona|0 fnt\n|faint|p2b: Volcarona\n|\n|-heal|p1b: Milotic|50/100|[from] item: Leftovers\n|upkeep\n|\n|t:|1776556694\n|switch|p2b: Garchomp|Garchomp, L50, M|90/100\n|turn|9\n|\n|t:|1776556730\n|move|p2b: Garchomp|Protect|p2b: Garchomp\n|-singleturn|p2b: Garchomp|Protect\n|move|p1a: Incineroar|Fake Out|p2a: Rotom\n|-damage|p2a: Rotom|69/100\n|cant|p2a: Rotom|flinch\n|move|p1b: Milotic|Recover|p1b: Milotic\n|-heal|p1b: Milotic|99/100\n|\n|-heal|p1b: Milotic|100/100|[from] item: Leftovers\n|upkeep\n|turn|10\n|\n|t:|1776556751\n|switch|p1a: Charizard|Charizard-Mega-Y, L50, F, shiny|100/100\n|-weather|SunnyDay|[from] ability: Drought|[of] p1a: Charizard\n|move|p2a: Rotom|Thunderbolt|p1b: Milotic\n|-supereffective|p1b: Milotic|1\n|-damage|p1b: Milotic|41/100\n|-status|p1b: Milotic|par\n|move|p2b: Garchomp|Rock Slide|p1b: Milotic|[spread] p1a,p1b\n|-supereffective|p1a: Charizard|2\n|-damage|p1a: Charizard|6/100\n|-damage|p1b: Milotic|18/100 par\n|cant|p1b: Milotic|par\n|\n|-weather|SunnyDay|[upkeep]\n|-heal|p1b: Milotic|24/100 par|[from] item: Leftovers\n|upkeep\n|turn|11\n|-message|winchester_07 forfeited.\n|\n|win|Marcio Lira\n|raw|winchester_07's rating: 1237 &rarr; <strong>1219</strong><br />(-18 for losing)\n|raw|Marcio Lira's rating: 1334 &rarr; <strong>1349</strong><br />(+15 for winning)\n|l|\u2606winchester_07\n|player|p1|\n|l|\u2606Marcio Lira\n|player|p2|\n|j|\u2606Marcio Lira\n|player|p2|Marcio Lira|bugcatcher-gen4dp|\n",
  "uploadtime": 1776556809,
  "views": 22,
  "formatid": "gen9championsvgc2026regma",
  "rating": 1219,
  "private": 0,
  "password": null
}