{
  "id": "gen9championsvgc2026regma-2580633104",
  "format": "[Gen 9 Champions] VGC 2026 Reg M-A",
  "players": [
    "joerubeyond",
    "hadfhafas"
  ],
  "log": "|j|\u2606joerubeyond\n|j|\u2606hadfhafas\n|t:|1775919870\n|gametype|doubles\n|player|p1|joerubeyond|1|1210\n|player|p2|hadfhafas|1|1270\n|gen|9\n|tier|[Gen 9 Champions] VGC 2026 Reg M-A\n|rated|\n|rule|Species Clause: Limit one of each Pok\u00e9mon\n|rule|Item Clause: Limit 1 of each item\n|clearpoke\n|poke|p1|Starmie, L50|\n|poke|p1|Sinistcha, L50|\n|poke|p1|Sneasler, L50, F|\n|poke|p1|Incineroar, L50, M|\n|poke|p1|Kingambit, L50, M|\n|poke|p1|Sylveon, L50, M|\n|poke|p2|Lucario, L50, M|\n|poke|p2|Gengar, L50, M|\n|poke|p2|Incineroar, L50, M|\n|poke|p2|Whimsicott, L50, M|\n|poke|p2|Rotom-Wash, L50|\n|poke|p2|Garchomp, L50, F|\n|teampreview|4\n|inactive|Battle timer is ON: inactive players will automatically lose when time's up. (requested by hadfhafas)\n|inactive|joerubeyond has 60 seconds left.\n|inactive|hadfhafas has 60 seconds left.\n|\n|t:|1775919922\n|teamsize|p1|4\n|teamsize|p2|4\n|start\n|switch|p1a: Sneasler|Sneasler, L50, F|100/100\n|switch|p1b: Sylveon|Sylveon, L50, M|100/100\n|switch|p2a: Gengar|Gengar, L50, M, shiny|100/100\n|switch|p2b: Rotom|Rotom-Wash, L50|100/100\n|turn|1\n|inactive|joerubeyond has 30 seconds left.\n|inactive|joerubeyond has 20 seconds left.\n|inactive|joerubeyond has 15 seconds left.\n|\n|t:|1775919966\n|switch|p1b: Kingambit|Kingambit, L50, M|100/100\n|detailschange|p2a: Gengar|Gengar-Mega, L50, M, shiny\n|-mega|p2a: Gengar|Gengar|Gengarite\n|move|p2a: Gengar|Protect|p2a: Gengar\n|-singleturn|p2a: Gengar|Protect\n|move|p2b: Rotom|Protect|p2b: Rotom\n|-singleturn|p2b: Rotom|Protect\n|move|p1a: Sneasler|Rock Slide|p2a: Gengar|[spread] \n|-activate|p2a: Gengar|move: Protect\n|-activate|p2b: Rotom|move: Protect\n|\n|upkeep\n|turn|2\n|inactive|joerubeyond has 30 seconds left.\n|inactive|joerubeyond has 20 seconds left.\n|inactive|joerubeyond has 15 seconds left.\n|inactive|joerubeyond has 10 seconds left.\n|\n|t:|1775920012\n|move|p2a: Gengar|Substitute|p2a: Gengar\n|-start|p2a: Gengar|Substitute\n|-damage|p2a: Gengar|75/100\n|move|p1a: Sneasler|Dire Claw|p2b: Rotom\n|-damage|p2b: Rotom|60/100\n|move|p2b: Rotom|Will-O-Wisp|p1b: Kingambit\n|-status|p1b: Kingambit|brn\n|move|p1b: Kingambit|Kowtow Cleave|p2a: Gengar\n|-supereffective|p2a: Gengar|1\n|-end|p2a: Gengar|Substitute\n|\n|-damage|p1b: Kingambit|95/100 brn|[from] brn\n|upkeep\n|turn|3\n|\n|t:|1775920033\n|switch|p2a: Garchomp|Garchomp, L50, F|100/100\n|move|p1a: Sneasler|Dire Claw|p2b: Rotom\n|-damage|p2b: Rotom|22/100\n|-enditem|p2b: Rotom|Sitrus Berry|[eat]\n|-heal|p2b: Rotom|46/100|[from] item: Sitrus Berry\n|move|p2b: Rotom|Thunderbolt|p1b: Kingambit\n|-damage|p1b: Kingambit|59/100 brn\n|move|p1b: Kingambit|Kowtow Cleave|p2a: Garchomp\n|-damage|p2a: Garchomp|78/100\n|-damage|p1b: Kingambit|47/100 brn|[from] ability: Rough Skin|[of] p2a: Garchomp\n|\n|-damage|p1b: Kingambit|41/100 brn|[from] brn\n|upkeep\n|turn|4\n|inactive|joerubeyond has 30 seconds left.\n|inactive|joerubeyond has 20 seconds left.\n|inactive|joerubeyond has 15 seconds left.\n|\n|t:|1775920075\n|move|p1b: Kingambit|Sucker Punch||[still]\n|-fail|p1b: Kingambit\n|move|p1a: Sneasler|Close Combat|p2b: Rotom\n|-damage|p2b: Rotom|0 fnt\n|-unboost|p1a: Sneasler|def|1\n|-unboost|p1a: Sneasler|spd|1\n|faint|p2b: Rotom\n|-enditem|p1a: Sneasler|White Herb\n|-clearnegativeboost|p1a: Sneasler|[silent]\n|move|p2a: Garchomp|Swords Dance|p2a: Garchomp\n|-boost|p2a: Garchomp|atk|2\n|\n|-damage|p1b: Kingambit|35/100 brn|[from] brn\n|upkeep\n|\n|t:|1775920086\n|switch|p2b: Gengar|Gengar-Mega, L50, M, shiny|75/100\n|turn|5\n|\n|t:|1775920104\n|move|p1a: Sneasler|Dire Claw|p2b: Gengar\n|-resisted|p2b: Gengar|2\n|-damage|p2b: Gengar|60/100\n|move|p2b: Gengar|Substitute|p2b: Gengar\n|-start|p2b: Gengar|Substitute\n|-damage|p2b: Gengar|35/100\n|move|p2a: Garchomp|Earthquake|p1a: Sneasler|[spread] p2b,p1a,p1b\n|-supereffective|p2b: Gengar|1\n|-end|p2b: Gengar|Substitute\n|-supereffective|p1a: Sneasler|1\n|-crit|p1a: Sneasler\n|-supereffective|p1b: Kingambit|1\n|-damage|p1a: Sneasler|0 fnt\n|-damage|p1b: Kingambit|0 fnt\n|faint|p1a: Sneasler\n|faint|p1b: Kingambit\n|\n|upkeep\n|\n|t:|1775920113\n|switch|p1a: Starmie|Starmie, L50|100/100\n|switch|p1b: Sylveon|Sylveon, L50, M|100/100\n|turn|6\n|inactive|joerubeyond has 30 seconds left.\n|\n|t:|1775920144\n|detailschange|p1a: Starmie|Starmie-Mega, L50\n|-mega|p1a: Starmie|Starmie|Starminite\n|move|p2b: Gengar|Protect|p2b: Gengar\n|-singleturn|p2b: Gengar|Protect\n|move|p1a: Starmie|Protect|p1a: Starmie\n|-singleturn|p1a: Starmie|Protect\n|move|p2a: Garchomp|Protect|p2a: Garchomp\n|-singleturn|p2a: Garchomp|Protect\n|move|p1b: Sylveon|Hyper Voice|p2b: Gengar|[spread] \n|-activate|p2a: Garchomp|move: Protect\n|-activate|p2b: Gengar|move: Protect\n|\n|upkeep\n|turn|7\n|j| Koiman\n|\n|t:|1775920161\n|move|p1a: Starmie|Aqua Jet|p2b: Gengar\n|-damage|p2b: Gengar|0 fnt\n|faint|p2b: Gengar\n|move|p2a: Garchomp|Earthquake|p1b: Sylveon|[spread] p1a,p1b\n|-damage|p1a: Starmie|0 fnt\n|-damage|p1b: Sylveon|9/100\n|faint|p1a: Starmie\n|move|p1b: Sylveon|Hyper Voice|p2a: Garchomp\n|-supereffective|p2a: Garchomp|1\n|-damage|p2a: Garchomp|0 fnt\n|faint|p2a: Garchomp\n|\n|upkeep\n|\n|t:|1775920165\n|switch|p2a: Incineroar|Incineroar, L50, M|100/100\n|-ability|p2a: Incineroar|Intimidate|boost\n|-unboost|p1b: Sylveon|atk|1\n|turn|8\n|\n|t:|1775920172\n|move|p2a: Incineroar|Fake Out|p1b: Sylveon\n|-damage|p1b: Sylveon|0 fnt\n|faint|p1b: Sylveon\n|\n|win|hadfhafas\n|raw|joerubeyond's rating: 1210 &rarr; <strong>1189</strong><br />(-21 for losing)\n|raw|hadfhafas's rating: 1270 &rarr; <strong>1291</strong><br />(+21 for winning)\n|l|\u2606joerubeyond\n|player|p1|\n",
  "uploadtime": 1775920177,
  "views": 17,
  "formatid": "gen9championsvgc2026regma",
  "rating": 1189,
  "private": 0,
  "password": null
}