{
  "id": "gen9championsvgc2026regma-2586601605",
  "format": "[Gen 9 Champions] VGC 2026 Reg M-A",
  "players": [
    "Xcelvgc",
    "Mob1354"
  ],
  "log": "|j|\u2606Xcelvgc\n|j|\u2606Mob1354\n|t:|1776446026\n|gametype|doubles\n|player|p1|Xcelvgc|265|1178\n|player|p2|Mob1354|janitor|1134\n|gen|9\n|tier|[Gen 9 Champions] VGC 2026 Reg M-A\n|rated|\n|rule|Species Clause: Limit one of each Pok\u00e9mon\n|rule|Item Clause: Limit 1 of each item\n|clearpoke\n|poke|p1|Floette-Eternal, L50, F|\n|poke|p1|Talonflame, L50, M|\n|poke|p1|Garchomp, L50, F|\n|poke|p1|Rotom-Wash, L50|\n|poke|p1|Sinistcha-Masterpiece, L50|\n|poke|p1|Milotic, L50, F|\n|poke|p2|Incineroar, L50, M|\n|poke|p2|Tyranitar, L50, F|\n|poke|p2|Whimsicott, L50, F|\n|poke|p2|Basculegion, L50, M|\n|poke|p2|Dragonite, L50, M|\n|poke|p2|Sylveon, L50, M|\n|teampreview|4\n|inactive|Battle timer is ON: inactive players will automatically lose when time's up. (requested by Mob1354)\n|\n|t:|1776446049\n|teamsize|p1|4\n|teamsize|p2|4\n|start\n|switch|p1a: Talonflame|Talonflame, L50, M|100/100\n|switch|p1b: Garchomp|Garchomp, L50, F|100/100\n|switch|p2a: Whimsicott|Whimsicott, L50, F|100/100\n|switch|p2b: Incineroar|Incineroar, L50, M|100/100\n|-ability|p2b: Incineroar|Intimidate|boost\n|-unboost|p1a: Talonflame|atk|1\n|-unboost|p1b: Garchomp|atk|1\n|-enditem|p1b: Garchomp|White Herb\n|-clearnegativeboost|p1b: Garchomp|[silent]\n|turn|1\n|\n|t:|1776446064\n|move|p1a: Talonflame|Quick Guard|p1a: Talonflame\n|-singleturn|p1a: Talonflame|Quick Guard\n|move|p2b: Incineroar|Fake Out|p1a: Talonflame\n|-activate|p1a: Talonflame|move: Quick Guard\n|move|p1b: Garchomp|Earthquake|p2b: Incineroar|[spread] p2a,p2b\n|-immune|p1a: Talonflame\n|-resisted|p2a: Whimsicott|1\n|-supereffective|p2b: Incineroar|1\n|-damage|p2a: Whimsicott|83/100\n|-damage|p2b: Incineroar|33/100\n|move|p2a: Whimsicott|Moonblast|p1b: Garchomp\n|-supereffective|p1b: Garchomp|1\n|-damage|p1b: Garchomp|44/100\n|\n|-heal|p2b: Incineroar|39/100|[from] item: Leftovers\n|upkeep\n|turn|2\n|inactive|Mob1354 has 30 seconds left.\n|\n|t:|1776446094\n|switch|p2a: Tyranitar|Tyranitar, L50, F|100/100\n|-weather|Sandstorm|[from] ability: Sand Stream|[of] p2a: Tyranitar\n|move|p2b: Incineroar|Protect|p2b: Incineroar\n|-singleturn|p2b: Incineroar|Protect\n|move|p1a: Talonflame|Dual Wingbeat|p2a: Tyranitar\n|-resisted|p2a: Tyranitar|1\n|-damage|p2a: Tyranitar|95/100\n|-resisted|p2a: Tyranitar|1\n|-damage|p2a: Tyranitar|89/100\n|-hitcount|p2a: Tyranitar|2\n|move|p1b: Garchomp|Earthquake|p2b: Incineroar|[spread] p2a\n|-activate|p2b: Incineroar|move: Protect\n|-immune|p1a: Talonflame\n|-supereffective|p2a: Tyranitar|1\n|-damage|p2a: Tyranitar|20/100\n|\n|-weather|Sandstorm|[upkeep]\n|-damage|p1a: Talonflame|94/100|[from] Sandstorm\n|-damage|p2b: Incineroar|33/100|[from] Sandstorm\n|-heal|p2b: Incineroar|39/100|[from] item: Leftovers\n|upkeep\n|turn|3\n|inactive|Mob1354 has 30 seconds left.\n|\n|t:|1776446120\n|move|p2a: Tyranitar|Protect|p2a: Tyranitar\n|-singleturn|p2a: Tyranitar|Protect\n|move|p1a: Talonflame|Tailwind|p1a: Talonflame\n|-sidestart|p1: Xcelvgc|move: Tailwind\n|move|p1b: Garchomp|Earthquake|p2b: Incineroar|[spread] p2b\n|-activate|p2a: Tyranitar|move: Protect\n|-immune|p1a: Talonflame\n|-supereffective|p2b: Incineroar|1\n|-damage|p2b: Incineroar|0 fnt\n|faint|p2b: Incineroar\n|\n|-weather|Sandstorm|[upkeep]\n|-damage|p1a: Talonflame|88/100|[from] Sandstorm\n|upkeep\n|\n|t:|1776446136\n|switch|p2b: Dragonite|Dragonite, L50, M|100/100\n|turn|4\n|\n|t:|1776446158\n|detailschange|p2a: Tyranitar|Tyranitar-Mega, L50, F\n|-mega|p2a: Tyranitar|Tyranitar|Tyranitarite\n|move|p2a: Tyranitar|Protect||[still]\n|-fail|p2a: Tyranitar\n|move|p1a: Talonflame|Dual Wingbeat|p2b: Dragonite\n|-damage|p2b: Dragonite|87/100\n|-damage|p2b: Dragonite|75/100\n|-hitcount|p2b: Dragonite|2\n|move|p1b: Garchomp|Rock Slide|p2a: Tyranitar|[spread] p2a,p2b\n|-supereffective|p2b: Dragonite|1\n|-damage|p2a: Tyranitar|6/100\n|-damage|p2b: Dragonite|34/100\n|move|p2b: Dragonite|Draco Meteor|p1b: Garchomp\n|-supereffective|p1b: Garchomp|1\n|-damage|p1b: Garchomp|0 fnt\n|-unboost|p2b: Dragonite|spa|2\n|faint|p1b: Garchomp\n|-enditem|p2b: Dragonite|White Herb\n|-clearnegativeboost|p2b: Dragonite|[silent]\n|\n|-weather|Sandstorm|[upkeep]\n|-damage|p1a: Talonflame|82/100|[from] Sandstorm\n|-damage|p2b: Dragonite|28/100|[from] Sandstorm\n|upkeep\n|inactive|Xcelvgc has 30 seconds left.\n|\n|t:|1776446184\n|switch|p1b: Rotom|Rotom-Wash, L50|100/100\n|turn|5\n|\n|t:|1776446206\n|switch|p2b: Whimsicott|Whimsicott, L50, F|83/100\n|move|p2a: Tyranitar|Protect|p2a: Tyranitar\n|-singleturn|p2a: Tyranitar|Protect\n|move|p1b: Rotom|Thunderbolt|p2b: Whimsicott\n|-resisted|p2b: Whimsicott|1\n|-damage|p2b: Whimsicott|55/100\n|move|p1a: Talonflame|Dual Wingbeat|p2a: Tyranitar\n|-activate|p2a: Tyranitar|move: Protect\n|\n|-weather|Sandstorm|[upkeep]\n|-damage|p1b: Rotom|95/100|[from] Sandstorm\n|-damage|p1a: Talonflame|76/100|[from] Sandstorm\n|-damage|p2b: Whimsicott|49/100|[from] Sandstorm\n|-enditem|p2b: Whimsicott|Sitrus Berry|[eat]\n|-heal|p2b: Whimsicott|74/100|[from] item: Sitrus Berry\n|upkeep\n|turn|6\n|\n|t:|1776446227\n|move|p2a: Tyranitar|Protect||[still]\n|-fail|p2a: Tyranitar\n|move|p2b: Whimsicott|Tailwind|p2b: Whimsicott\n|-sidestart|p2: Mob1354|move: Tailwind\n|move|p1b: Rotom|Thunderbolt|p2a: Tyranitar\n|-damage|p2a: Tyranitar|0 fnt\n|faint|p2a: Tyranitar\n|move|p1a: Talonflame|Dual Wingbeat|p2b: Whimsicott\n|-supereffective|p2b: Whimsicott|1\n|-damage|p2b: Whimsicott|52/100\n|-supereffective|p2b: Whimsicott|1\n|-damage|p2b: Whimsicott|30/100\n|-hitcount|p2b: Whimsicott|2\n|\n|-weather|none\n|-sideend|p1: Xcelvgc|move: Tailwind\n|upkeep\n|\n|t:|1776446240\n|switch|p2a: Dragonite|Dragonite, L50, M|28/100\n|turn|7\n|inactive|Mob1354 has 30 seconds left.\n|\n|t:|1776446271\n|move|p2b: Whimsicott|Moonblast|p1b: Rotom\n|-damage|p1b: Rotom|57/100\n|move|p2a: Dragonite|Draco Meteor|p1b: Rotom\n|-damage|p1b: Rotom|0 fnt\n|-unboost|p2a: Dragonite|spa|2\n|faint|p1b: Rotom\n|move|p1a: Talonflame|Tailwind|p1a: Talonflame\n|-sidestart|p1: Xcelvgc|move: Tailwind\n|\n|upkeep\n|\n|t:|1776446282\n|switch|p1b: Floette|Floette-Eternal, L50, F|100/100\n|turn|8\n|\n|t:|1776446295\n|detailschange|p1b: Floette|Floette-Mega, L50, F\n|-mega|p1b: Floette|Floette|Floettite\n|-ability|p1b: Floette|Fairy Aura\n|move|p2b: Whimsicott|Encore|p1a: Talonflame\n|-start|p1a: Talonflame|Encore\n|move|p1a: Talonflame|Tailwind||[still]\n|-fail|p1a: Talonflame\n|move|p2a: Dragonite|Roost|p2a: Dragonite\n|-heal|p2a: Dragonite|78/100\n|-singleturn|p2a: Dragonite|move: Roost\n|move|p1b: Floette|Calm Mind|p1b: Floette\n|-boost|p1b: Floette|spa|1\n|-boost|p1b: Floette|spd|1\n|\n|upkeep\n|turn|9\n|inactive|Mob1354 has 30 seconds left.\n|\n|t:|1776446329\n|move|p2a: Dragonite|Extreme Speed|p1b: Floette\n|-damage|p1b: Floette|73/100\n|move|p2b: Whimsicott|Encore|p1b: Floette\n|-start|p1b: Floette|Encore\n|move|p1a: Talonflame|Tailwind||[still]\n|-fail|p1a: Talonflame\n|move|p1b: Floette|Calm Mind|p1b: Floette\n|-boost|p1b: Floette|spa|1\n|-boost|p1b: Floette|spd|1\n|\n|-sideend|p2: Mob1354|move: Tailwind\n|upkeep\n|turn|10\n|\n|t:|1776446342\n|move|p2a: Dragonite|Extreme Speed|p1b: Floette\n|-damage|p1b: Floette|49/100\n|move|p1a: Talonflame|Tailwind||[still]\n|-fail|p1a: Talonflame\n|move|p1b: Floette|Calm Mind|p1b: Floette\n|-boost|p1b: Floette|spa|1\n|-boost|p1b: Floette|spd|1\n|move|p2b: Whimsicott|Moonblast|p1b: Floette\n|-damage|p1b: Floette|37/100\n|\n|-end|p1a: Talonflame|Encore\n|-sideend|p1: Xcelvgc|move: Tailwind\n|upkeep\n|turn|11\n|\n|t:|1776446361\n|move|p2b: Whimsicott|Helping Hand|p2a: Dragonite\n|-singleturn|p2a: Dragonite|Helping Hand|[of] p2b: Whimsicott\n|move|p1a: Talonflame|Quick Guard|p1a: Talonflame\n|-singleturn|p1a: Talonflame|Quick Guard\n|move|p2a: Dragonite|Extreme Speed|p1b: Floette\n|-activate|p1b: Floette|move: Quick Guard\n|move|p1b: Floette|Calm Mind|p1b: Floette\n|-boost|p1b: Floette|spa|1\n|-boost|p1b: Floette|spd|1\n|\n|-end|p1b: Floette|Encore\n|upkeep\n|turn|12\n|\n|t:|1776446378\n|move|p2b: Whimsicott|Helping Hand|p2a: Dragonite\n|-singleturn|p2a: Dragonite|Helping Hand|[of] p2b: Whimsicott\n|move|p1a: Talonflame|Quick Guard|p1a: Talonflame\n|-singleturn|p1a: Talonflame|Quick Guard\n|move|p2a: Dragonite|Extreme Speed|p1b: Floette\n|-activate|p1b: Floette|move: Quick Guard\n|move|p1b: Floette|Dazzling Gleam|p2a: Dragonite|[spread] p2a,p2b\n|-supereffective|p2a: Dragonite|1\n|-damage|p2a: Dragonite|0 fnt\n|-damage|p2b: Whimsicott|0 fnt\n|faint|p2a: Dragonite\n|faint|p2b: Whimsicott\n|\n|win|Xcelvgc\n|raw|Xcelvgc's rating: 1178 &rarr; <strong>1200</strong><br />(+22 for winning)\n|raw|Mob1354's rating: 1134 &rarr; <strong>1112</strong><br />(-22 for losing)\n|l|\u2606Mob1354\n|player|p2|\n",
  "uploadtime": 1776446393,
  "views": 24,
  "formatid": "gen9championsvgc2026regma",
  "rating": 1112,
  "private": 0,
  "password": null
}