{
  "id": "gen9championsvgc2026regma-2584163689",
  "format": "[Gen 9 Champions] VGC 2026 Reg M-A",
  "players": [
    "saya315",
    "massan2580"
  ],
  "log": "|j|\u2606saya315\n|j|\u2606massan2580\n|t:|1776232860\n|gametype|doubles\n|player|p1|saya315|veteranf|1439\n|player|p2|massan2580|169|1529\n|gen|9\n|tier|[Gen 9 Champions] VGC 2026 Reg M-A\n|rated|\n|rule|Species Clause: Limit one of each Pok\u00e9mon\n|rule|Item Clause: Limit 1 of each item\n|clearpoke\n|poke|p1|Froslass, L50, F|\n|poke|p1|Basculegion, L50, M|\n|poke|p1|Rotom-Heat, L50|\n|poke|p1|Kingambit, L50, M|\n|poke|p1|Aerodactyl, L50, M|\n|poke|p1|Sneasler, L50, M|\n|poke|p2|Floette-Eternal, L50, F|\n|poke|p2|Sneasler, L50, M|\n|poke|p2|Basculegion, L50, M|\n|poke|p2|Sylveon, L50, F|\n|poke|p2|Hydreigon, L50, M|\n|poke|p2|Talonflame, L50, M|\n|teampreview|4\n|inactive|Battle timer is ON: inactive players will automatically lose when time's up. (requested by saya315)\n|j| Duelyst II\n|\n|t:|1776232883\n|teamsize|p1|4\n|teamsize|p2|4\n|start\n|switch|p1a: Sneasler|Sneasler, L50, M|100/100\n|switch|p1b: Kingambit|Kingambit, L50, M|100/100\n|switch|p2a: Talonflame|Talonflame, L50, M|100/100\n|switch|p2b: Floette|Floette-Eternal, L50, F|100/100\n|turn|1\n|inactive|saya315 has 30 seconds left.\n|\n|t:|1776232912\n|detailschange|p2b: Floette|Floette-Mega, L50, F\n|-mega|p2b: Floette|Floette|Floettite\n|-ability|p2b: Floette|Fairy Aura\n|move|p2a: Talonflame|Protect|p2a: Talonflame\n|-singleturn|p2a: Talonflame|Protect\n|move|p1a: Sneasler|Fake Out|p2a: Talonflame\n|-activate|p2a: Talonflame|move: Protect\n|move|p2b: Floette|Moonblast|p1b: Kingambit\n|-damage|p1b: Kingambit|25/100\n|move|p1b: Kingambit|Kowtow Cleave|p2b: Floette\n|-resisted|p2b: Floette|1\n|-damage|p2b: Floette|69/100\n|\n|upkeep\n|turn|2\n|\n|t:|1776232928\n|move|p2a: Talonflame|Tailwind|p2a: Talonflame\n|-sidestart|p2: massan2580|move: Tailwind\n|move|p1b: Kingambit|Sucker Punch||[still]\n|-fail|p1b: Kingambit\n|move|p2b: Floette|Moonblast|p1a: Sneasler\n|-damage|p1a: Sneasler|0 fnt\n|faint|p1a: Sneasler\n|\n|upkeep\n|\n|t:|1776232935\n|switch|p1a: Basculegion|Basculegion, L50, M|100/100\n|turn|3\n|\n|t:|1776232945\n|move|p1b: Kingambit|Protect|p1b: Kingambit\n|-singleturn|p1b: Kingambit|Protect\n|move|p2a: Talonflame|Dual Wingbeat|p1a: Basculegion\n|-damage|p1a: Basculegion|80/100\n|-damage|p1a: Basculegion|60/100\n|-hitcount|p1a: Basculegion|2\n|move|p2b: Floette|Dazzling Gleam|p1a: Basculegion|[spread] p1a\n|-activate|p1b: Kingambit|move: Protect\n|-damage|p1a: Basculegion|4/100\n|move|p1a: Basculegion|Last Respects|p2b: Floette\n|-damage|p2b: Floette|2/100\n|\n|upkeep\n|turn|4\n|\n|t:|1776232969\n|switch|p1a: Froslass|Froslass, L50, F|100/100\n|move|p2a: Talonflame|Dual Wingbeat|p1a: Froslass\n|-damage|p1a: Froslass|79/100\n|-damage|p1a: Froslass|58/100\n|-hitcount|p1a: Froslass|2\n|move|p1b: Kingambit|Sucker Punch|p2b: Floette\n|-resisted|p2b: Floette|1\n|-damage|p2b: Floette|0 fnt\n|faint|p2b: Floette\n|\n|upkeep\n|\n|t:|1776232983\n|switch|p2b: Sneasler|Sneasler, L50, M|100/100\n|turn|5\n|j| Cuervo297\n|inactive|massan2580 has 30 seconds left.\n|\n|t:|1776233021\n|move|p1a: Froslass|Protect|p1a: Froslass\n|-singleturn|p1a: Froslass|Protect\n|move|p2a: Talonflame|Dual Wingbeat|p1a: Froslass\n|-activate|p1a: Froslass|move: Protect\n|move|p1b: Kingambit|Sucker Punch||[still]\n|-fail|p1b: Kingambit\n|move|p2b: Sneasler|Poison Jab|p1a: Froslass\n|-activate|p1a: Froslass|move: Protect\n|\n|-sideend|p2: massan2580|move: Tailwind\n|upkeep\n|turn|6\n|\n|t:|1776233040\n|detailschange|p1a: Froslass|Froslass-Mega, L50, F\n|-mega|p1a: Froslass|Froslass|Froslassite\n|-weather|Snowscape|[from] ability: Snow Warning|[of] p1a: Froslass\n|move|p2a: Talonflame|Tailwind|p2a: Talonflame\n|-sidestart|p2: massan2580|move: Tailwind\n|move|p1b: Kingambit|Sucker Punch|p2b: Sneasler\n|-resisted|p2b: Sneasler|1\n|-damage|p2b: Sneasler|58/100\n|move|p2b: Sneasler|Close Combat|p1b: Kingambit\n|-supereffective|p1b: Kingambit|2\n|-damage|p1b: Kingambit|0 fnt\n|-unboost|p2b: Sneasler|def|1\n|-unboost|p2b: Sneasler|spd|1\n|faint|p1b: Kingambit\n|-enditem|p2b: Sneasler|White Herb\n|-clearnegativeboost|p2b: Sneasler|[silent]\n|move|p1a: Froslass|Blizzard|p2a: Talonflame|[spread] p2a,p2b\n|-damage|p2a: Talonflame|24/100\n|-damage|p2b: Sneasler|0 fnt\n|faint|p2b: Sneasler\n|\n|-weather|Snowscape|[upkeep]\n|upkeep\n|\n|t:|1776233059\n|switch|p2b: Basculegion|Basculegion, L50, M|100/100\n|switch|p1b: Basculegion|Basculegion, L50, M|4/100\n|turn|7\n|\n|t:|1776233081\n|move|p1a: Froslass|Protect|p1a: Froslass\n|-singleturn|p1a: Froslass|Protect\n|move|p2b: Basculegion|Last Respects|p1a: Froslass\n|-activate|p1a: Froslass|move: Protect\n|move|p2a: Talonflame|Dual Wingbeat|p1b: Basculegion\n|-damage|p1b: Basculegion|0 fnt\n|faint|p1b: Basculegion\n|-hitcount|p1: Basculegion|1\n|\n|-weather|Snowscape|[upkeep]\n|upkeep\n|turn|8\n|l| Duelyst II\n|\n|t:|1776233093\n|move|p1a: Froslass|Protect|p1a: Froslass\n|-singleturn|p1a: Froslass|Protect\n|move|p2b: Basculegion|Last Respects|p1a: Froslass\n|-activate|p1a: Froslass|move: Protect\n|move|p2a: Talonflame|Dual Wingbeat|p1a: Froslass\n|-activate|p1a: Froslass|move: Protect\n|\n|-weather|Snowscape|[upkeep]\n|upkeep\n|turn|9\n|\n|t:|1776233102\n|move|p1a: Froslass|Protect||[still]\n|-fail|p1a: Froslass\n|move|p2b: Basculegion|Last Respects|p1a: Froslass\n|-supereffective|p1a: Froslass|1\n|-damage|p1a: Froslass|0 fnt\n|faint|p1a: Froslass\n|\n|win|massan2580\n|raw|saya315's rating: 1439 &rarr; <strong>1424</strong><br />(-15 for losing)\n|raw|massan2580's rating: 1529 &rarr; <strong>1544</strong><br />(+15 for winning)\n|l|\u2606saya315\n|player|p1|\n|l|\u2606massan2580\n|player|p2|\n|l| Cuervo297\n",
  "uploadtime": 1776233221,
  "views": 36,
  "formatid": "gen9championsvgc2026regma",
  "rating": 1424,
  "private": 0,
  "password": null
}