{
  "id": "gen9championsvgc2026regma-2588725821",
  "format": "[Gen 9 Champions] VGC 2026 Reg M-A",
  "players": [
    "Cindy HK",
    "at the summit"
  ],
  "log": "|j|\u2606Cindy HK\n|j|\u2606at the summit\n|t:|1776662503\n|gametype|doubles\n|player|p1|Cindy HK|169|1113\n|player|p2|at the summit|n|1200\n|gen|9\n|tier|[Gen 9 Champions] VGC 2026 Reg M-A\n|rated|\n|rule|Species Clause: Limit one of each Pok\u00e9mon\n|rule|Item Clause: Limit 1 of each item\n|clearpoke\n|poke|p1|Excadrill, L50, M|\n|poke|p1|Tyranitar, L50, F|\n|poke|p1|Corviknight, L50, M|\n|poke|p1|Hydreigon, L50, M|\n|poke|p1|Rotom-Wash, L50|\n|poke|p1|Mimikyu, L50, M|\n|poke|p2|Delphox, L50, M|\n|poke|p2|Whimsicott, L50, M|\n|poke|p2|Aegislash, L50, F|\n|poke|p2|Rotom-Wash, L50|\n|poke|p2|Sneasler, L50, M|\n|poke|p2|Incineroar, L50, F|\n|teampreview|4\n|\n|t:|1776662545\n|teamsize|p1|4\n|teamsize|p2|4\n|start\n|switch|p1a: Hydreigon|Hydreigon, L50, M|100/100\n|switch|p1b: Corviknight|Corviknight, L50, M|100/100\n|switch|p2a: Delphox|Delphox, L50, M|100/100\n|switch|p2b: Whimsicott|Whimsicott, L50, M|100/100\n|turn|1\n|\n|t:|1776662564\n|switch|p1b: Tyranitar|Tyranitar, L50, F|100/100\n|-weather|Sandstorm|[from] ability: Sand Stream|[of] p1b: Tyranitar\n|detailschange|p2a: Delphox|Delphox-Mega, L50, M\n|-mega|p2a: Delphox|Delphox|Delphoxite\n|move|p2a: Delphox|Protect|p2a: Delphox\n|-singleturn|p2a: Delphox|Protect\n|move|p2b: Whimsicott|Tailwind|p2b: Whimsicott\n|-sidestart|p2: at the summit|move: Tailwind\n|move|p1a: Hydreigon|Snarl|p2a: Delphox|[spread] p2b\n|-activate|p2a: Delphox|move: Protect\n|-resisted|p2b: Whimsicott|1\n|-damage|p2b: Whimsicott|83/100\n|-unboost|p2b: Whimsicott|spa|1\n|\n|-weather|Sandstorm|[upkeep]\n|-damage|p2a: Delphox|95/100|[from] Sandstorm\n|-damage|p2b: Whimsicott|77/100|[from] Sandstorm\n|-damage|p1a: Hydreigon|95/100|[from] Sandstorm\n|upkeep\n|turn|2\n|\n|t:|1776662591\n|switch|p2a: Incineroar|Incineroar, L50, F|100/100\n|-ability|p2a: Incineroar|Intimidate|boost\n|-unboost|p1a: Hydreigon|atk|1\n|-unboost|p1b: Tyranitar|atk|1\n|detailschange|p1b: Tyranitar|Tyranitar-Mega, L50, F\n|-mega|p1b: Tyranitar|Tyranitar|Tyranitarite\n|move|p2b: Whimsicott|Moonblast|p1a: Hydreigon\n|-supereffective|p1a: Hydreigon|2\n|-damage|p1a: Hydreigon|0 fnt\n|faint|p1a: Hydreigon\n|move|p1b: Tyranitar|Rock Slide|p2a: Incineroar|[spread] p2a,p2b\n|-supereffective|p2a: Incineroar|1\n|-damage|p2a: Incineroar|65/100\n|-damage|p2b: Whimsicott|47/100\n|\n|-weather|Sandstorm|[upkeep]\n|-damage|p2b: Whimsicott|41/100|[from] Sandstorm\n|-damage|p2a: Incineroar|59/100|[from] Sandstorm\n|upkeep\n|\n|t:|1776662602\n|switch|p1a: Corviknight|Corviknight, L50, M|100/100\n|turn|3\n|\n|t:|1776662625\n|move|p1b: Tyranitar|Protect|p1b: Tyranitar\n|-singleturn|p1b: Tyranitar|Protect\n|move|p2b: Whimsicott|Sunny Day|p2b: Whimsicott\n|-weather|SunnyDay\n|move|p2a: Incineroar|Taunt|p1a: Corviknight\n|-start|p1a: Corviknight|move: Taunt\n|cant|p1a: Corviknight|move: Taunt|Tailwind\n|\n|-weather|SunnyDay|[upkeep]\n|upkeep\n|turn|4\n|\n|t:|1776662646\n|move|p2b: Whimsicott|Protect|p2b: Whimsicott\n|-singleturn|p2b: Whimsicott|Protect\n|move|p2a: Incineroar|Parting Shot|p1b: Tyranitar\n|-unboost|p1b: Tyranitar|atk|1\n|-unboost|p1b: Tyranitar|spa|1\n|\n|t:|1776662658\n|switch|p2a: Sneasler|Sneasler, L50, M|100/100|[from] Parting Shot\n|move|p1a: Corviknight|Body Press|p2a: Sneasler\n|-resisted|p2a: Sneasler|1\n|-damage|p2a: Sneasler|84/100\n|move|p1b: Tyranitar|Rock Slide|p2b: Whimsicott|[spread] p2a\n|-activate|p2b: Whimsicott|move: Protect\n|-resisted|p2a: Sneasler|1\n|-damage|p2a: Sneasler|69/100\n|\n|-weather|SunnyDay|[upkeep]\n|-sideend|p2: at the summit|move: Tailwind\n|upkeep\n|turn|5\n|\n|t:|1776662676\n|switch|p1b: Rotom|Rotom-Wash, L50|100/100\n|move|p2a: Sneasler|Fake Out|p1a: Corviknight\n|-resisted|p1a: Corviknight|1\n|-damage|p1a: Corviknight|94/100\n|move|p2b: Whimsicott|Moonblast|p1b: Rotom\n|-damage|p1b: Rotom|77/100\n|cant|p1a: Corviknight|flinch\n|\n|-weather|SunnyDay|[upkeep]\n|-heal|p1a: Corviknight|99/100|[from] item: Leftovers\n|-end|p1a: Corviknight|move: Taunt\n|upkeep\n|turn|6\n|\n|t:|1776662706\n|move|p2a: Sneasler|Close Combat|p1b: Rotom\n|-crit|p1b: Rotom\n|-damage|p1b: Rotom|0 fnt\n|-unboost|p2a: Sneasler|def|1\n|-unboost|p2a: Sneasler|spd|1\n|faint|p1b: Rotom\n|-enditem|p2a: Sneasler|White Herb\n|-clearnegativeboost|p2a: Sneasler|[silent]\n|move|p2b: Whimsicott|Moonblast|p1a: Corviknight\n|-resisted|p1a: Corviknight|1\n|-damage|p1a: Corviknight|91/100\n|move|p1a: Corviknight|Body Press|p2b: Whimsicott\n|-resisted|p2b: Whimsicott|1\n|-damage|p2b: Whimsicott|28/100\n|\n|-weather|SunnyDay|[upkeep]\n|-heal|p1a: Corviknight|97/100|[from] item: Leftovers\n|upkeep\n|\n|t:|1776662710\n|switch|p1b: Tyranitar|Tyranitar-Mega, L50, F|100/100\n|-weather|Sandstorm|[from] ability: Sand Stream|[of] p1b: Tyranitar\n|turn|7\n|-message|Cindy HK forfeited.\n|\n|win|at the summit\n|raw|Cindy HK's rating: 1113 &rarr; <strong>1094</strong><br />(-19 for losing)\n|raw|at the summit's rating: 1200 &rarr; <strong>1219</strong><br />(+19 for winning)\n|l|\u2606Cindy HK\n|player|p1|\n|j|\u2606Cindy HK\n|player|p1|Cindy HK|169|\n",
  "uploadtime": 1776664009,
  "views": 16,
  "formatid": "gen9championsvgc2026regma",
  "rating": 1094,
  "private": 0,
  "password": null
}