{
  "id": "gen9championsvgc2026regma-2582391464",
  "format": "[Gen 9 Champions] VGC 2026 Reg M-A",
  "players": [
    "SleepySilver07",
    "RUBICON-9"
  ],
  "log": "|j|\u2606SleepySilver07\n|j|\u2606RUBICON-9\n|t:|1776088578\n|gametype|doubles\n|player|p1|SleepySilver07|1|1266\n|player|p2|RUBICON-9|shauntal|1166\n|gen|9\n|tier|[Gen 9 Champions] VGC 2026 Reg M-A\n|rated|\n|rule|Species Clause: Limit one of each Pok\u00e9mon\n|rule|Item Clause: Limit 1 of each item\n|clearpoke\n|poke|p1|Venusaur, L50, F|\n|poke|p1|Garchomp, L50, M|\n|poke|p1|Klefki, L50, F|\n|poke|p1|Rotom-Heat, L50|\n|poke|p1|Milotic, L50, M|\n|poke|p1|Hydreigon, L50, M|\n|poke|p2|Basculegion, L50, M|\n|poke|p2|Floette-Eternal, L50, F|\n|poke|p2|Kingambit, L50, M|\n|poke|p2|Incineroar, L50, F|\n|poke|p2|Garchomp, L50, M|\n|poke|p2|Sneasler, L50, M|\n|teampreview|4\n|inactive|Battle timer is ON: inactive players will automatically lose when time's up. (requested by SleepySilver07)\n|\n|t:|1776088627\n|teamsize|p1|4\n|teamsize|p2|4\n|start\n|switch|p1a: Klefki|Klefki, L50, F|100/100\n|switch|p1b: Milotic|Milotic, L50, M|100/100\n|switch|p2a: Cherish|Floette-Eternal, L50, F|100/100\n|switch|p2b: Jack Slash|Sneasler, L50, M|100/100\n|turn|1\n|\n|t:|1776088643\n|detailschange|p2a: Cherish|Floette-Mega, L50, F\n|-mega|p2a: Cherish|Floette|Floettite\n|-ability|p2a: Cherish|Fairy Aura\n|move|p2b: Jack Slash|Fake Out|p1a: Klefki\n|-resisted|p1a: Klefki|1\n|-damage|p1a: Klefki|93/100\n|cant|p1a: Klefki|flinch\n|move|p2a: Cherish|Calm Mind|p2a: Cherish\n|-boost|p2a: Cherish|spa|1\n|-boost|p2a: Cherish|spd|1\n|move|p1b: Milotic|Hypnosis|p2a: Cherish\n|-status|p2a: Cherish|slp|[from] move: Hypnosis\n|\n|upkeep\n|turn|2\n|\n|t:|1776088662\n|switch|p1b: Venusaur|Venusaur, L50, F|100/100\n|move|p1a: Klefki|Reflect|p1a: Klefki\n|-sidestart|p1: SleepySilver07|Reflect\n|move|p2b: Jack Slash|Close Combat|p1a: Klefki\n|-damage|p1a: Klefki|44/100\n|-unboost|p2b: Jack Slash|def|1\n|-unboost|p2b: Jack Slash|spd|1\n|cant|p2a: Cherish|slp\n|\n|upkeep\n|turn|3\n|\n|t:|1776088682\n|detailschange|p1b: Venusaur|Venusaur-Mega, L50, F\n|-mega|p1b: Venusaur|Venusaur|Venusaurite\n|move|p1a: Klefki|Light Screen|p1a: Klefki\n|-sidestart|p1: SleepySilver07|move: Light Screen\n|move|p2b: Jack Slash|Close Combat|p1a: Klefki\n|-damage|p1a: Klefki|0 fnt\n|-unboost|p2b: Jack Slash|def|1\n|-unboost|p2b: Jack Slash|spd|1\n|faint|p1a: Klefki\n|-curestatus|p2a: Cherish|slp|[msg]\n|move|p2a: Cherish|Psychic|p1b: Venusaur\n|-supereffective|p1b: Venusaur|1\n|-damage|p1b: Venusaur|53/100\n|move|p1b: Venusaur|Leech Seed|p2a: Cherish\n|-start|p2a: Cherish|move: Leech Seed\n|\n|-damage|p2a: Cherish|89/100|[from] Leech Seed|[of] p1b: Venusaur\n|-heal|p1b: Venusaur|63/100|[silent]\n|upkeep\n|\n|t:|1776088692\n|switch|p1a: Milotic|Milotic, L50, M|100/100\n|turn|4\n|c|\u2606RUBICON-9|wow\n|inactive|RUBICON-9 has 30 seconds left.\n|\n|t:|1776088722\n|move|p2b: Jack Slash|Dire Claw|p1b: Venusaur\n|-damage|p1b: Venusaur|36/100\n|move|p2a: Cherish|Psychic|p1b: Venusaur\n|-supereffective|p1b: Venusaur|1\n|-damage|p1b: Venusaur|0 fnt\n|faint|p1b: Venusaur\n|move|p1a: Milotic|Hypnosis|p2a: Cherish|[miss]\n|-miss|p1a: Milotic|p2a: Cherish\n|\n|upkeep\n|\n|t:|1776088727\n|switch|p1b: Rotom|Rotom-Heat, L50|100/100\n|turn|5\n|-message|SleepySilver07 forfeited.\n|\n|win|RUBICON-9\n|raw|SleepySilver07's rating: 1266 &rarr; <strong>1234</strong><br />(-32 for losing)\n|raw|RUBICON-9's rating: 1166 &rarr; <strong>1198</strong><br />(+32 for winning)\n|l|\u2606SleepySilver07\n|player|p1|\n",
  "uploadtime": 1776088762,
  "views": 13,
  "formatid": "gen9championsvgc2026regma",
  "rating": 1198,
  "private": 0,
  "password": null
}