{
  "id": "gen9championsvgc2026regma-2583885887",
  "format": "[Gen 9 Champions] VGC 2026 Reg M-A",
  "players": [
    "rika fangirl",
    "B1sm"
  ],
  "log": "|j|\u2606rika fangirl\n|j|\u2606B1sm\n|t:|1776205463\n|gametype|doubles\n|player|p1|rika fangirl|lady-gen4|1047\n|player|p2|B1sm|cynthia|1015\n|gen|9\n|tier|[Gen 9 Champions] VGC 2026 Reg M-A\n|rated|\n|rule|Species Clause: Limit one of each Pok\u00e9mon\n|rule|Item Clause: Limit 1 of each item\n|clearpoke\n|poke|p1|Tauros-Paldea-Aqua, L50, M|\n|poke|p1|Scizor, L50, F|\n|poke|p1|Archaludon, L50, M|\n|poke|p1|Meganium, L50, M|\n|poke|p1|Pelipper, L50, F|\n|poke|p1|Sneasler, L50, F|\n|poke|p2|Delphox, L50, F|\n|poke|p2|Milotic, L50, F|\n|poke|p2|Altaria, L50, M|\n|poke|p2|Sinistcha, L50|\n|poke|p2|Tyranitar, L50, F|\n|poke|p2|Meowscarada, L50, F|\n|teampreview|4\n|\n|t:|1776205519\n|teamsize|p1|4\n|teamsize|p2|4\n|start\n|switch|p1a: Pelipper|Pelipper, L50, F|100/100\n|switch|p1b: Scizor|Scizor, L50, F|100/100\n|switch|p2a: Delphox|Delphox, L50, F|100/100\n|switch|p2b: Altaria|Altaria, L50, M|100/100\n|-weather|RainDance|[from] ability: Drizzle|[of] p1a: Pelipper\n|turn|1\n|\n|t:|1776205536\n|detailschange|p2a: Delphox|Delphox-Mega, L50, F\n|-mega|p2a: Delphox|Delphox|Delphoxite\n|detailschange|p1b: Scizor|Scizor-Mega, L50, F\n|-mega|p1b: Scizor|Scizor|Scizorite\n|move|p2a: Delphox|Heat Wave|p1a: Pelipper|[spread] p1a,p1b\n|-resisted|p1a: Pelipper|1\n|-supereffective|p1b: Scizor|2\n|-damage|p1a: Pelipper|87/100\n|-damage|p1b: Scizor|3/100\n|move|p1b: Scizor|Swords Dance|p1b: Scizor\n|-boost|p1b: Scizor|atk|2\n|move|p2b: Altaria|Tailwind|p2b: Altaria\n|-sidestart|p2: B1sm|move: Tailwind\n|move|p1a: Pelipper|Tailwind|p1a: Pelipper\n|-sidestart|p1: rika fangirl|move: Tailwind\n|\n|-weather|RainDance|[upkeep]\n|upkeep\n|turn|2\n|\n|t:|1776205588\n|switch|p2b: Sinistcha|Sinistcha, L50|100/100\n|move|p1b: Scizor|Bullet Punch|p2a: Delphox\n|-resisted|p2a: Delphox|1\n|-damage|p2a: Delphox|45/100\n|move|p2a: Delphox|Heat Wave|p1b: Scizor|[spread] p1a\n|-miss|p2a: Delphox|p1b: Scizor\n|-resisted|p1a: Pelipper|1\n|-damage|p1a: Pelipper|74/100\n|move|p1a: Pelipper|U-turn|p2a: Delphox\n|-damage|p2a: Delphox|33/100\n|\n|t:|1776205602\n|switch|p1a: Sneasler|Sneasler, L50, F|100/100|[from] U-turn\n|\n|-weather|RainDance|[upkeep]\n|upkeep\n|turn|3\n|\n|t:|1776205612\n|move|p2b: Sinistcha|Rage Powder|p2b: Sinistcha\n|-singleturn|p2b: Sinistcha|move: Rage Powder\n|move|p1a: Sneasler|Dire Claw|p2b: Sinistcha\n|-damage|p2b: Sinistcha|70/100\n|move|p2a: Delphox|Heat Wave|p1a: Sneasler|[spread] p1b\n|-miss|p2a: Delphox|p1a: Sneasler\n|-supereffective|p1b: Scizor|2\n|-crit|p1b: Scizor\n|-damage|p1b: Scizor|0 fnt\n|faint|p1b: Scizor\n|\n|-weather|RainDance|[upkeep]\n|upkeep\n|\n|t:|1776205622\n|switch|p1b: Tauros|Tauros-Paldea-Aqua, L50, M|100/100\n|-ability|p1b: Tauros|Intimidate|boost\n|-unboost|p2a: Delphox|atk|1\n|-unboost|p2b: Sinistcha|atk|1\n|turn|4\n|\n|t:|1776205657\n|move|p2b: Sinistcha|Rage Powder|p2b: Sinistcha\n|-singleturn|p2b: Sinistcha|move: Rage Powder\n|move|p1b: Tauros|Aqua Jet|p2b: Sinistcha\n|-resisted|p2b: Sinistcha|1\n|-damage|p2b: Sinistcha|59/100\n|move|p1a: Sneasler|Swords Dance|p1a: Sneasler\n|-boost|p1a: Sneasler|atk|2\n|move|p2a: Delphox|Psyshock|p1a: Sneasler\n|-supereffective|p1a: Sneasler|2\n|-crit|p1a: Sneasler\n|-damage|p1a: Sneasler|0 fnt\n|faint|p1a: Sneasler\n|\n|-weather|RainDance|[upkeep]\n|-sideend|p1: rika fangirl|move: Tailwind\n|-sideend|p2: B1sm|move: Tailwind\n|upkeep\n|\n|t:|1776205660\n|switch|p1a: Pelipper|Pelipper, L50, F|74/100\n|turn|5\n|\n|t:|1776205671\n|move|p2a: Delphox|Protect|p2a: Delphox\n|-singleturn|p2a: Delphox|Protect\n|move|p1b: Tauros|Wave Crash|p2b: Sinistcha\n|-resisted|p2b: Sinistcha|1\n|-damage|p2b: Sinistcha|29/100\n|-enditem|p2b: Sinistcha|Sitrus Berry|[eat]\n|-heal|p2b: Sinistcha|54/100|[from] item: Sitrus Berry\n|-damage|p1b: Tauros|88/100|[from] Recoil\n|move|p2b: Sinistcha|Matcha Gotcha|p1b: Tauros|[spread] p1b\n|-miss|p2b: Sinistcha|p1a: Pelipper\n|-supereffective|p1b: Tauros|1\n|-damage|p1b: Tauros|12/100\n|-heal|p2b: Sinistcha|86/100|[from] drain|[of] p1b: Tauros\n|move|p1a: Pelipper|Hurricane|p2a: Delphox\n|-activate|p2a: Delphox|move: Protect\n|\n|-weather|none\n|-heal|p1b: Tauros|18/100|[from] item: Leftovers\n|upkeep\n|turn|6\n|-message|rika fangirl forfeited.\n|\n|win|B1sm\n|raw|rika fangirl's rating: 1047 &rarr; <strong>1028</strong><br />(-19 for losing)\n|raw|B1sm's rating: 1015 &rarr; <strong>1056</strong><br />(+41 for winning)\n|l|\u2606rika fangirl\n|player|p1|\n",
  "uploadtime": 1776205696,
  "views": 23,
  "formatid": "gen9championsvgc2026regma",
  "rating": 1028,
  "private": 0,
  "password": null
}