{
  "id": "gen9championsvgc2026regma-2586154774",
  "format": "[Gen 9 Champions] VGC 2026 Reg M-A",
  "players": [
    "Zhi2",
    "nikitakruchev"
  ],
  "log": "|j|\u2606Zhi2\n|j|\u2606nikitakruchev\n|t:|1776405956\n|gametype|doubles\n|player|p1|Zhi2|169|1210\n|player|p2|nikitakruchev|2|1284\n|gen|9\n|tier|[Gen 9 Champions] VGC 2026 Reg M-A\n|rated|\n|rule|Species Clause: Limit one of each Pok\u00e9mon\n|rule|Item Clause: Limit 1 of each item\n|clearpoke\n|poke|p1|Pelipper, L50, F|\n|poke|p1|Blastoise, L50, F|\n|poke|p1|Starmie, L50|\n|poke|p1|Sinistcha, L50|\n|poke|p1|Kingambit, L50, M|\n|poke|p1|Garchomp, L50, F|\n|poke|p2|Kingambit, L50, F|\n|poke|p2|Sneasler, L50, M|\n|poke|p2|Charizard, L50, M|\n|poke|p2|Floette-Eternal, L50, F|\n|poke|p2|Garchomp, L50, F|\n|poke|p2|Aerodactyl, L50, M|\n|teampreview|4\n|inactive|Battle timer is ON: inactive players will automatically lose when time's up. (requested by nikitakruchev)\n|inactive|nikitakruchev has 60 seconds left.\n|\n|t:|1776405991\n|teamsize|p1|4\n|teamsize|p2|4\n|start\n|switch|p1a: Garchomp|Garchomp, L50, F|100/100\n|switch|p1b: Blastoise|Blastoise, L50, F|100/100\n|switch|p2a: Aerodactyl|Aerodactyl, L50, M|100/100\n|switch|p2b: Tiburoncin|Garchomp, L50, F|100/100\n|-ability|p2a: Aerodactyl|Unnerve\n|turn|1\n|\n|t:|1776406012\n|move|p1b: Blastoise|Fake Out|p2a: Aerodactyl\n|-resisted|p2a: Aerodactyl|1\n|-damage|p2a: Aerodactyl|95/100\n|move|p1a: Garchomp|Breaking Swipe|p2b: Tiburoncin|[spread] p2a,p2b\n|-supereffective|p2b: Tiburoncin|1\n|-damage|p2a: Aerodactyl|51/100\n|-damage|p2b: Tiburoncin|53/100\n|-unboost|p2a: Aerodactyl|atk|1\n|-unboost|p2b: Tiburoncin|atk|1\n|-damage|p1a: Garchomp|88/100|[from] ability: Rough Skin|[of] p2b: Tiburoncin\n|move|p2b: Tiburoncin|Dragon Claw|p1a: Garchomp\n|-supereffective|p1a: Garchomp|1\n|-damage|p1a: Garchomp|32/100\n|-damage|p2b: Tiburoncin|41/100|[from] ability: Rough Skin|[of] p1a: Garchomp\n|cant|p2a: Aerodactyl|flinch\n|\n|upkeep\n|turn|2\n|inactive|nikitakruchev has 30 seconds left.\n|\n|t:|1776406037\n|move|p1a: Garchomp|Breaking Swipe|p2a: Aerodactyl|[spread] p2a,p2b\n|-supereffective|p2b: Tiburoncin|1\n|-damage|p2a: Aerodactyl|12/100\n|-damage|p2b: Tiburoncin|0 fnt\n|-unboost|p2a: Aerodactyl|atk|1\n|-damage|p1a: Garchomp|19/100|[from] ability: Rough Skin|[of] p2b: Tiburoncin\n|faint|p2b: Tiburoncin\n|move|p2a: Aerodactyl|Tailwind|p2a: Aerodactyl\n|-sidestart|p2: nikitakruchev|move: Tailwind\n|move|p1b: Blastoise|Water Spout|p2a: Aerodactyl\n|-supereffective|p2a: Aerodactyl|1\n|-damage|p2a: Aerodactyl|0 fnt\n|faint|p2a: Aerodactyl\n|\n|upkeep\n|\n|t:|1776406044\n|switch|p2a: Floette|Floette-Eternal, L50, F|100/100\n|switch|p2b: Rizamongo|Charizard, L50, M|100/100\n|turn|3\n|\n|t:|1776406062\n|detailschange|p2b: Rizamongo|Charizard-Mega-Y, L50, M\n|-mega|p2b: Rizamongo|Charizard|Charizardite Y\n|-weather|SunnyDay|[from] ability: Drought|[of] p2b: Rizamongo\n|move|p2a: Floette|Dazzling Gleam|p1b: Blastoise|[spread] p1a,p1b\n|-supereffective|p1a: Garchomp|1\n|-damage|p1a: Garchomp|0 fnt\n|-damage|p1b: Blastoise|68/100\n|faint|p1a: Garchomp\n|move|p2b: Rizamongo|Solar Beam||[still]\n|-prepare|p2b: Rizamongo|Solar Beam\n|-anim|p2b: Rizamongo|Solar Beam|p1b: Blastoise\n|-supereffective|p1b: Blastoise|1\n|-damage|p1b: Blastoise|0 fnt\n|faint|p1b: Blastoise\n|\n|-weather|SunnyDay|[upkeep]\n|upkeep\n|\n|t:|1776406071\n|switch|p1a: Starmie|Starmie, L50|100/100\n|switch|p1b: Pelipper|Pelipper, L50, F|100/100\n|-weather|RainDance|[from] ability: Drizzle|[of] p1b: Pelipper\n|turn|4\n|\n|t:|1776406091\n|move|p1a: Starmie|Protect|p1a: Starmie\n|-singleturn|p1a: Starmie|Protect\n|move|p2a: Floette|Moonblast|p1a: Starmie\n|-activate|p1a: Starmie|move: Protect\n|move|p2b: Rizamongo|Weather Ball|p1a: Starmie\n|-activate|p1a: Starmie|move: Protect\n|move|p1b: Pelipper|Tailwind|p1b: Pelipper\n|-sidestart|p1: Zhi2|move: Tailwind\n|\n|-weather|RainDance|[upkeep]\n|upkeep\n|turn|5\n|\n|t:|1776406107\n|detailschange|p1a: Starmie|Starmie-Mega, L50\n|-mega|p1a: Starmie|Starmie|Starminite\n|move|p1a: Starmie|Liquidation|p2b: Rizamongo\n|-supereffective|p2b: Rizamongo|1\n|-damage|p2b: Rizamongo|0 fnt\n|faint|p2b: Rizamongo\n|move|p2a: Floette|Moonblast|p1a: Starmie\n|-damage|p1a: Starmie|44/100\n|move|p1b: Pelipper|Hurricane|p2a: Floette\n|-damage|p2a: Floette|63/100\n|\n|-weather|RainDance|[upkeep]\n|-sideend|p2: nikitakruchev|move: Tailwind\n|upkeep\n|turn|6\n|\n|t:|1776406120\n|move|p1a: Starmie|Liquidation|p2a: Floette\n|-damage|p2a: Floette|0 fnt\n|faint|p2a: Floette\n|\n|win|Zhi2\n|raw|Zhi2's rating: 1210 &rarr; <strong>1240</strong><br />(+30 for winning)\n|raw|nikitakruchev's rating: 1284 &rarr; <strong>1254</strong><br />(-30 for losing)\n|l|\u2606nikitakruchev\n|player|p2|\n",
  "uploadtime": 1776406126,
  "views": 29,
  "formatid": "gen9championsvgc2026regma",
  "rating": 1240,
  "private": 0,
  "password": null
}