{
  "id": "gen9championsvgc2026regma-2583838688",
  "format": "[Gen 9 Champions] VGC 2026 Reg M-A",
  "players": [
    "EasyFrog",
    "notmetastuff"
  ],
  "log": "|j|\u2606EasyFrog\n|j|\u2606notmetastuff\n|t:|1776201683\n|gametype|doubles\n|player|p1|EasyFrog|1|1000\n|player|p2|notmetastuff|170|1000\n|gen|9\n|tier|[Gen 9 Champions] VGC 2026 Reg M-A\n|rated|\n|rule|Species Clause: Limit one of each Pok\u00e9mon\n|rule|Item Clause: Limit 1 of each item\n|clearpoke\n|poke|p1|Glimmora, L50, F|\n|poke|p1|Vanilluxe, L50, M|\n|poke|p1|Primarina, L50, M|\n|poke|p1|Sneasler, L50, F|\n|poke|p1|Arcanine, L50, M|\n|poke|p1|Whimsicott, L50, F|\n|poke|p2|Meowstic, L50, M|\n|poke|p2|Delphox, L50, F|\n|poke|p2|Aerodactyl, L50, M|\n|poke|p2|Garchomp, L50, F|\n|poke|p2|Torkoal, L50, F|\n|poke|p2|Sinistcha, L50|\n|teampreview|4\n|\n|t:|1776201726\n|teamsize|p1|4\n|teamsize|p2|4\n|start\n|switch|p1a: Whimsicott|Whimsicott, L50, F|100/100\n|switch|p1b: Primarina|Primarina, L50, M|100/100\n|switch|p2a: Meowstic|Meowstic, L50, M|100/100\n|switch|p2b: Delphox|Delphox, L50, F|100/100\n|turn|1\n|\n|t:|1776201747\n|move|p2b: Delphox|Protect|p2b: Delphox\n|-singleturn|p2b: Delphox|Protect\n|move|p1a: Whimsicott|Tailwind|p1a: Whimsicott\n|-sidestart|p1: EasyFrog|move: Tailwind\n|move|p2a: Meowstic|Psychic Terrain|p2a: Meowstic\n|-fieldstart|move: Psychic Terrain\n|move|p1b: Primarina|Hyper Voice|p2a: Meowstic|[spread] p2a\n|-activate|p2b: Delphox|move: Protect\n|-damage|p2a: Meowstic|66/100\n|\n|upkeep\n|turn|2\n|\n|t:|1776201772\n|detailschange|p2b: Delphox|Delphox-Mega, L50, F\n|-mega|p2b: Delphox|Delphox|Delphoxite\n|move|p2a: Meowstic|Skill Swap|p2b: Delphox\n|-activate|p2a: Meowstic|Skill Swap|||[of] p2b: Delphox\n|move|p1a: Whimsicott|Moonblast|p2a: Meowstic\n|-damage|p2a: Meowstic|30/100\n|move|p1b: Primarina|Hyper Voice|p2b: Delphox|[spread] p2a,p2b\n|-supereffective|p2b: Delphox|1\n|-damage|p2a: Meowstic|0 fnt\n|-damage|p2b: Delphox|38/100\n|faint|p2a: Meowstic\n|move|p2b: Delphox|Expanding Force|p1a: Whimsicott|[spread] p1a,p1b\n|-enditem|p1a: Whimsicott|Focus Sash\n|-damage|p1a: Whimsicott|1/100\n|-damage|p1b: Primarina|43/100\n|\n|upkeep\n|\n|t:|1776201788\n|switch|p2a: Sinistcha|Sinistcha, L50|100/100\n|-heal|p2b: Delphox|63/100|[from] ability: Hospitality|[of] p2a: Sinistcha\n|turn|3\n|\n|t:|1776201816\n|switch|p1a: Glimmora|Glimmora, L50, F|100/100\n|move|p2b: Delphox|Protect|p2b: Delphox\n|-singleturn|p2b: Delphox|Protect\n|move|p1b: Primarina|Protect|p1b: Primarina\n|-singleturn|p1b: Primarina|Protect\n|move|p2a: Sinistcha|Matcha Gotcha|p1a: Glimmora|[spread] p1a\n|-activate|p1b: Primarina|move: Protect\n|-crit|p1a: Glimmora\n|-damage|p1a: Glimmora|34/100\n|-status|p1a: Glimmora|brn\n|\n|-damage|p1a: Glimmora|29/100 brn|[from] brn\n|upkeep\n|turn|4\n|\n|t:|1776201846\n|switch|p1b: Sneasler|Sneasler, L50, F|100/100\n|switch|p2b: Torkoal|Torkoal, L50, F|100/100\n|-weather|SunnyDay|[from] ability: Drought|[of] p2b: Torkoal\n|detailschange|p1a: Glimmora|Glimmora-Mega, L50, F\n|-mega|p1a: Glimmora|Glimmora|Glimmoranite\n|move|p2a: Sinistcha|Protect|p2a: Sinistcha\n|-singleturn|p2a: Sinistcha|Protect\n|move|p1a: Glimmora|Power Gem|p2b: Torkoal\n|-supereffective|p2b: Torkoal|1\n|-damage|p2b: Torkoal|0 fnt\n|faint|p2b: Torkoal\n|\n|-weather|SunnyDay|[upkeep]\n|-damage|p1a: Glimmora|23/100 brn|[from] brn\n|-sideend|p1: EasyFrog|move: Tailwind\n|upkeep\n|\n|t:|1776201861\n|switch|p2b: Delphox|Delphox-Mega, L50, F|63/100\n|turn|5\n|inactive|Battle timer is ON: inactive players will automatically lose when time's up. (requested by notmetastuff)\n|\n|t:|1776201901\n|move|p1b: Sneasler|Protect|p1b: Sneasler\n|-singleturn|p1b: Sneasler|Protect\n|move|p1a: Glimmora|Spiky Shield|p1a: Glimmora\n|-singleturn|p1a: Glimmora|move: Protect\n|move|p2b: Delphox|Protect|p2b: Delphox\n|-singleturn|p2b: Delphox|Protect\n|move|p2a: Sinistcha|Trick Room|p2a: Sinistcha\n|-fieldstart|move: Trick Room|[of] p2a: Sinistcha\n|\n|-weather|SunnyDay|[upkeep]\n|-damage|p1a: Glimmora|17/100 brn|[from] brn\n|-fieldend|move: Psychic Terrain\n|upkeep\n|turn|6\n|inactive|EasyFrog has 30 seconds left.\n|\n|t:|1776201926\n|switch|p1a: Whimsicott|Whimsicott, L50, F|1/100\n|move|p2a: Sinistcha|Matcha Gotcha|p1a: Whimsicott|[spread] p1a,p1b\n|-resisted|p1a: Whimsicott|1\n|-resisted|p1b: Sneasler|1\n|-damage|p1a: Whimsicott|0 fnt\n|-damage|p1b: Sneasler|80/100\n|-status|p1b: Sneasler|brn\n|faint|p1a: Whimsicott\n|move|p2b: Delphox|Expanding Force|p1b: Sneasler\n|-supereffective|p1b: Sneasler|2\n|-damage|p1b: Sneasler|0 fnt\n|faint|p1b: Sneasler\n|\n|-weather|SunnyDay|[upkeep]\n|upkeep\n|\n|t:|1776201942\n|switch|p1a: Primarina|Primarina, L50, M|43/100\n|switch|p1b: Glimmora|Glimmora-Mega, L50, F|17/100 brn\n|turn|7\n|inactive|EasyFrog has 30 seconds left.\n|\n|t:|1776201973\n|move|p1a: Primarina|Protect|p1a: Primarina\n|-singleturn|p1a: Primarina|Protect\n|move|p2b: Delphox|Protect|p2b: Delphox\n|-singleturn|p2b: Delphox|Protect\n|move|p2a: Sinistcha|Matcha Gotcha|p1b: Glimmora|[spread] p1b\n|-activate|p1a: Primarina|move: Protect\n|-damage|p1b: Glimmora|0 fnt\n|faint|p1b: Glimmora\n|\n|-weather|SunnyDay|[upkeep]\n|upkeep\n|turn|8\n|\n|t:|1776202000\n|move|p1a: Primarina|Moonblast|p2a: Sinistcha\n|-damage|p2a: Sinistcha|36/100\n|move|p2a: Sinistcha|Matcha Gotcha|p1a: Primarina\n|-supereffective|p1a: Primarina|1\n|-damage|p1a: Primarina|0 fnt\n|-heal|p2a: Sinistcha|63/100|[from] drain|[of] p1a: Primarina\n|faint|p1a: Primarina\n|\n|win|notmetastuff\n|raw|EasyFrog's rating: 1000 &rarr; <strong>1000</strong><br />(+0 for losing)\n|raw|notmetastuff's rating: 1000 &rarr; <strong>1040</strong><br />(+40 for winning)\n",
  "uploadtime": 1776202014,
  "views": 18,
  "formatid": "gen9championsvgc2026regma",
  "rating": 1000,
  "private": 0,
  "password": null
}