{
  "id": "gen9championsvgc2026regma-2587620610",
  "format": "[Gen 9 Champions] VGC 2026 Reg M-A",
  "players": [
    "Cccanuk",
    "Hosley"
  ],
  "log": "|j|\u2606Cccanuk\n|j|\u2606Hosley\n|t:|1776547656\n|gametype|doubles\n|player|p1|Cccanuk|169|1144\n|player|p2|Hosley|265|1044\n|gen|9\n|tier|[Gen 9 Champions] VGC 2026 Reg M-A\n|rated|\n|rule|Species Clause: Limit one of each Pok\u00e9mon\n|rule|Item Clause: Limit 1 of each item\n|clearpoke\n|poke|p1|Kangaskhan, L50, F|\n|poke|p1|Froslass, L50, F|\n|poke|p1|Glaceon, L50, M|\n|poke|p1|Incineroar, L50, M|\n|poke|p1|Aerodactyl, L50, F|\n|poke|p1|Sneasler, L50, F|\n|poke|p2|Starmie, L50|\n|poke|p2|Kommo-o, L50, F|\n|poke|p2|Sinistcha, L50|\n|poke|p2|Sylveon, L50, F|\n|poke|p2|Incineroar, L50, M|\n|poke|p2|Kingambit, L50, M|\n|teampreview|4\n|inactive|Battle timer is ON: inactive players will automatically lose when time's up. (requested by Cccanuk)\n|inactive|Cccanuk has 60 seconds left.\n|inactive|Hosley has 60 seconds left.\n|\n|t:|1776547722\n|teamsize|p1|4\n|teamsize|p2|4\n|start\n|switch|p1a: Incineroar|Incineroar, L50, M|100/100\n|switch|p1b: Froslass|Froslass, L50, F|100/100\n|switch|p2a: Incineroar|Incineroar, L50, M|100/100\n|switch|p2b: Kommo-o|Kommo-o, L50, F|100/100\n|-ability|p1a: Incineroar|Intimidate|boost\n|-unboost|p2a: Incineroar|atk|1\n|-unboost|p2b: Kommo-o|atk|1\n|-ability|p2a: Incineroar|Intimidate|boost\n|-unboost|p1a: Incineroar|atk|1\n|-unboost|p1b: Froslass|atk|1\n|turn|1\n|inactive|Cccanuk has 30 seconds left.\n|\n|t:|1776547749\n|detailschange|p1b: Froslass|Froslass-Mega, L50, F\n|-mega|p1b: Froslass|Froslass|Froslassite\n|-weather|Snowscape|[from] ability: Snow Warning|[of] p1b: Froslass\n|move|p1a: Incineroar|Fake Out|p2a: Incineroar\n|-damage|p2a: Incineroar|94/100\n|cant|p2a: Incineroar|flinch\n|move|p1b: Froslass|Blizzard|p2b: Kommo-o|[spread] p2a,p2b\n|-resisted|p2a: Incineroar|1\n|-supereffective|p2b: Kommo-o|1\n|-damage|p2a: Incineroar|74/100\n|-damage|p2b: Kommo-o|6/100\n|move|p2b: Kommo-o|Clangorous Soul||[still]\n|-fail|p2b: Kommo-o\n|\n|-weather|Snowscape|[upkeep]\n|upkeep\n|turn|2\n|inactive|Hosley has 30 seconds left.\n|inactive|Hosley has 20 seconds left.\n|inactive|Hosley has 15 seconds left.\n|\n|t:|1776547790\n|move|p1b: Froslass|Blizzard|p2b: Kommo-o|[spread] p2a,p2b\n|-resisted|p2a: Incineroar|1\n|-supereffective|p2b: Kommo-o|1\n|-damage|p2a: Incineroar|56/100\n|-damage|p2b: Kommo-o|0 fnt\n|faint|p2b: Kommo-o\n|move|p1a: Incineroar|Parting Shot|p2a: Incineroar\n|-unboost|p2a: Incineroar|atk|1\n|-unboost|p2a: Incineroar|spa|1\n|\n|t:|1776547807\n|switch|p1a: Aerodactyl|Aerodactyl, L50, F|100/100|[from] Parting Shot\n|-ability|p1a: Aerodactyl|Unnerve\n|move|p2a: Incineroar|Parting Shot|p1b: Froslass\n|-unboost|p1b: Froslass|atk|1\n|-unboost|p1b: Froslass|spa|1\n|\n|t:|1776547822\n|switch|p2a: Kingambit|Kingambit, L50, M|100/100|[from] Parting Shot\n|\n|-weather|Snowscape|[upkeep]\n|upkeep\n|\n|t:|1776547826\n|switch|p2b: Incineroar|Incineroar, L50, M|56/100\n|-ability|p2b: Incineroar|Intimidate|boost\n|-unboost|p1a: Aerodactyl|atk|1\n|-unboost|p1b: Froslass|atk|1\n|turn|3\n|\n|t:|1776547838\n|switch|p1b: Glaceon|Glaceon, L50, M|100/100\n|move|p1a: Aerodactyl|Protect|p1a: Aerodactyl\n|-singleturn|p1a: Aerodactyl|Protect\n|move|p2b: Incineroar|Fake Out|p1a: Aerodactyl\n|-activate|p1a: Aerodactyl|move: Protect\n|move|p2a: Kingambit|Iron Head|p1b: Glaceon\n|-supereffective|p1b: Glaceon|1\n|-damage|p1b: Glaceon|37/100\n|\n|-weather|Snowscape|[upkeep]\n|upkeep\n|turn|4\n|\n|t:|1776547857\n|move|p1a: Aerodactyl|Rock Slide|p2b: Incineroar|[spread] p2a,p2b\n|-resisted|p2a: Kingambit|1\n|-supereffective|p2b: Incineroar|1\n|-damage|p2a: Kingambit|93/100\n|-damage|p2b: Incineroar|23/100\n|move|p1b: Glaceon|Blizzard|p2b: Incineroar|[spread] p2a,p2b\n|-resisted|p2a: Kingambit|1\n|-resisted|p2b: Incineroar|1\n|-damage|p2a: Kingambit|75/100\n|-damage|p2b: Incineroar|9/100\n|cant|p2a: Kingambit|flinch\n|move|p2b: Incineroar|Flare Blitz|p1a: Aerodactyl\n|-resisted|p1a: Aerodactyl|1\n|-damage|p1a: Aerodactyl|58/100\n|-damage|p2b: Incineroar|0 fnt|[from] Recoil\n|faint|p2b: Incineroar\n|\n|-weather|Snowscape|[upkeep]\n|upkeep\n|\n|t:|1776547869\n|switch|p2b: Sinistcha|Sinistcha, L50|100/100\n|-heal|p2a: Kingambit|99/100|[from] ability: Hospitality|[of] p2b: Sinistcha\n|turn|5\n|\n|t:|1776547885\n|move|p1a: Aerodactyl|Dual Wingbeat|p2b: Sinistcha\n|-supereffective|p2b: Sinistcha|1\n|-damage|p2b: Sinistcha|79/100\n|-supereffective|p2b: Sinistcha|1\n|-damage|p2b: Sinistcha|58/100\n|-hitcount|p2b: Sinistcha|2\n|move|p1b: Glaceon|Blizzard|p2b: Sinistcha|[spread] p2a,p2b\n|-resisted|p2a: Kingambit|1\n|-supereffective|p2b: Sinistcha|1\n|-damage|p2a: Kingambit|79/100\n|-damage|p2b: Sinistcha|0 fnt\n|faint|p2b: Sinistcha\n|move|p2a: Kingambit|Iron Head|p1a: Aerodactyl\n|-supereffective|p1a: Aerodactyl|1\n|-damage|p1a: Aerodactyl|0 fnt\n|faint|p1a: Aerodactyl\n|\n|-weather|none\n|upkeep\n|\n|t:|1776547896\n|switch|p1a: Incineroar|Incineroar, L50, M|100/100\n|-ability|p1a: Incineroar|Intimidate|boost\n|-unboost|p2a: Kingambit|atk|1\n|-ability|p2a: Kingambit|Defiant|boost\n|-boost|p2a: Kingambit|atk|2\n|turn|6\n|inactive|Cccanuk has 30 seconds left.\n|inactive|Cccanuk has 20 seconds left.\n|inactive|Cccanuk has 15 seconds left.\n|inactive|Cccanuk has 10 seconds left.\n|\n|t:|1776547942\n|move|p2a: Kingambit|Protect|p2a: Kingambit\n|-singleturn|p2a: Kingambit|Protect\n|move|p1b: Glaceon|Blizzard|p2a: Kingambit\n|-activate|p2a: Kingambit|move: Protect\n|move|p1a: Incineroar|Flare Blitz|p2a: Kingambit\n|-activate|p2a: Kingambit|move: Protect\n|\n|upkeep\n|turn|7\n|\n|t:|1776547959\n|move|p1b: Glaceon|Blizzard|p2a: Kingambit|[miss]\n|-miss|p1b: Glaceon|p2a: Kingambit\n|move|p2a: Kingambit|Low Kick|p1a: Incineroar\n|-supereffective|p1a: Incineroar|1\n|-damage|p1a: Incineroar|15/100\n|-enditem|p1a: Incineroar|Sitrus Berry|[eat]\n|-heal|p1a: Incineroar|40/100|[from] item: Sitrus Berry\n|move|p1a: Incineroar|Flare Blitz|p2a: Kingambit\n|-supereffective|p2a: Kingambit|1\n|-damage|p2a: Kingambit|0 fnt\n|faint|p2a: Kingambit\n|-damage|p1a: Incineroar|17/100|[from] Recoil\n|\n|win|Cccanuk\n|raw|Cccanuk's rating: 1144 &rarr; <strong>1162</strong><br />(+18 for winning)\n|raw|Hosley's rating: 1044 &rarr; <strong>1032</strong><br />(-12 for losing)\n",
  "uploadtime": 1776547966,
  "views": 10,
  "formatid": "gen9championsvgc2026regma",
  "rating": 1032,
  "private": 0,
  "password": null
}