{
  "id": "gen9championsvgc2026regma-2583254512",
  "format": "[Gen 9 Champions] VGC 2026 Reg M-A",
  "players": [
    "Keyan_Sans",
    "Aminminminn"
  ],
  "log": "|j|\u2606Keyan_Sans\n|j|\u2606Aminminminn\n|t:|1776159951\n|gametype|doubles\n|player|p1|Keyan_Sans|hugh|1133\n|player|p2|Aminminminn|bellelba|1121\n|gen|9\n|tier|[Gen 9 Champions] VGC 2026 Reg M-A\n|rated|\n|rule|Species Clause: Limit one of each Pok\u00e9mon\n|rule|Item Clause: Limit 1 of each item\n|clearpoke\n|poke|p1|Charizard, L50, M|\n|poke|p1|Venusaur, L50, F|\n|poke|p1|Incineroar, L50, M|\n|poke|p1|Whimsicott, L50, M|\n|poke|p1|Sneasler, L50, M|\n|poke|p1|Typhlosion-Hisui, L50, F|\n|poke|p2|Pelipper, L50, F|\n|poke|p2|Basculegion, L50, M|\n|poke|p2|Archaludon, L50, M|\n|poke|p2|Scizor, L50, F|\n|poke|p2|Garchomp, L50, M|\n|poke|p2|Sinistcha, L50|\n|teampreview|4\nKeyan_Sans rejected open team sheets.\n|inactive|Battle timer is ON: inactive players will automatically lose when time's up. (requested by Keyan_Sans)\n|inactive|Keyan_Sans has 60 seconds left.\n|\n|t:|1776160006\n|teamsize|p1|4\n|teamsize|p2|4\n|start\n|switch|p1a: Whimsicott|Whimsicott, L50, M|100/100\n|switch|p1b: Venusaur|Venusaur, L50, F|100/100\n|switch|p2a: Pelipper|Pelipper, L50, F|100/100\n|switch|p2b: Basculegion|Basculegion, L50, M|100/100\n|-weather|RainDance|[from] ability: Drizzle|[of] p2a: Pelipper\n|turn|1\n|\n|t:|1776160018\n|switch|p2b: Scizor|Scizor, L50, F|100/100\n|switch|p2a: Archaludon|Archaludon, L50, M|100/100\n|move|p1a: Whimsicott|Sunny Day|p1a: Whimsicott\n|-weather|SunnyDay\n|move|p1b: Venusaur|Energy Ball|p2b: Scizor\n|-resisted|p2b: Scizor|2\n|-damage|p2b: Scizor|90/100\n|\n|-weather|SunnyDay|[upkeep]\n|upkeep\n|turn|2\n|inactive|Aminminminn has 30 seconds left.\n|\n|t:|1776160052\n|detailschange|p2b: Scizor|Scizor-Mega, L50, F\n|-mega|p2b: Scizor|Scizor|Scizorite\n|move|p2a: Archaludon|Protect|p2a: Archaludon\n|-singleturn|p2a: Archaludon|Protect\n|move|p1a: Whimsicott|Sunny Day||[still]\n|-fail|p1a: Whimsicott\n|move|p2b: Scizor|Bullet Punch|p1a: Whimsicott\n|-supereffective|p1a: Whimsicott|1\n|-enditem|p1a: Whimsicott|Focus Sash\n|-damage|p1a: Whimsicott|1/100\n|move|p1b: Venusaur|Earth Power|p2a: Archaludon\n|-activate|p2a: Archaludon|move: Protect\n|\n|-weather|SunnyDay|[upkeep]\n|upkeep\n|turn|3\n|\n|t:|1776160077\n|move|p1a: Whimsicott|Sunny Day||[still]\n|-fail|p1a: Whimsicott\n|move|p2b: Scizor|Bullet Punch|p1a: Whimsicott\n|-supereffective|p1a: Whimsicott|1\n|-damage|p1a: Whimsicott|0 fnt\n|faint|p1a: Whimsicott\n|move|p1b: Venusaur|Earth Power|p2a: Archaludon\n|-supereffective|p2a: Archaludon|1\n|-damage|p2a: Archaludon|33/100\n|-ability|p2a: Archaludon|Stamina|boost\n|-boost|p2a: Archaludon|def|1\n|move|p2a: Archaludon|Electro Shot||[still]\n|-prepare|p2a: Archaludon|Electro Shot\n|-boost|p2a: Archaludon|spa|1\n|\n|-weather|SunnyDay|[upkeep]\n|-heal|p2a: Archaludon|40/100|[from] item: Leftovers\n|upkeep\n|\n|t:|1776160085\n|switch|p1a: Charizard|Charizard, L50, M|100/100\n|turn|4\n|\n|t:|1776160099\n|switch|p2b: Pelipper|Pelipper, L50, F|100/100\n|-weather|RainDance|[from] ability: Drizzle|[of] p2b: Pelipper\n|move|p1a: Charizard|Heat Wave|p2b: Pelipper|[spread] p2a\n|-miss|p1a: Charizard|p2b: Pelipper\n|-damage|p2a: Archaludon|21/100\n|-ability|p2a: Archaludon|Stamina|boost\n|-boost|p2a: Archaludon|def|1\n|move|p1b: Venusaur|Earth Power|p2a: Archaludon\n|-supereffective|p2a: Archaludon|1\n|-damage|p2a: Archaludon|0 fnt\n|faint|p2a: Archaludon\n|\n|-weather|RainDance|[upkeep]\n|upkeep\n|\n|t:|1776160112\n|switch|p2a: Basculegion|Basculegion, L50, M|100/100\n|turn|5\n|\n|t:|1776160129\n|detailschange|p1a: Charizard|Charizard-Mega-Y, L50, M\n|-mega|p1a: Charizard|Charizard|Charizardite Y\n|-weather|SunnyDay|[from] ability: Drought|[of] p1a: Charizard\n|move|p1b: Venusaur|Energy Ball|p2a: Basculegion\n|-supereffective|p2a: Basculegion|1\n|-damage|p2a: Basculegion|14/100\n|move|p1a: Charizard|Solar Beam||[still]\n|-prepare|p1a: Charizard|Solar Beam\n|-anim|p1a: Charizard|Solar Beam|p2b: Pelipper\n|-damage|p2b: Pelipper|33/100\n|-enditem|p2b: Pelipper|Sitrus Berry|[eat]\n|-heal|p2b: Pelipper|57/100|[from] item: Sitrus Berry\n|move|p2a: Basculegion|Wave Crash|p1a: Charizard\n|-supereffective|p1a: Charizard|1\n|-damage|p1a: Charizard|2/100\n|-damage|p2a: Basculegion|0 fnt|[from] Recoil\n|faint|p2a: Basculegion\n|move|p2b: Pelipper|Hurricane|p1b: Venusaur\n|-supereffective|p1b: Venusaur|1\n|-damage|p1b: Venusaur|2/100\n|-start|p1b: Venusaur|confusion\n|\n|-weather|SunnyDay|[upkeep]\n|-heal|p1b: Venusaur|8/100|[from] item: Leftovers\n|upkeep\n|\n|t:|1776160148\n|switch|p2a: Scizor|Scizor-Mega, L50, F|90/100\n|turn|6\n|\n|t:|1776160159\n|move|p2b: Pelipper|Protect|p2b: Pelipper\n|-singleturn|p2b: Pelipper|Protect\n|move|p2a: Scizor|Bullet Punch|p1a: Charizard\n|-resisted|p1a: Charizard|1\n|-damage|p1a: Charizard|0 fnt\n|faint|p1a: Charizard\n|-activate|p1b: Venusaur|confusion\n|move|p1b: Venusaur|Energy Ball|p2b: Pelipper\n|-activate|p2b: Pelipper|move: Protect\n|\n|-weather|SunnyDay|[upkeep]\n|-heal|p1b: Venusaur|14/100|[from] item: Leftovers\n|upkeep\n|\n|t:|1776160162\n|switch|p1a: Typhlosion|Typhlosion-Hisui, L50, F|100/100\n|turn|7\n|\n|t:|1776160187\n|move|p2a: Scizor|Bullet Punch|p1b: Venusaur\n|-crit|p1b: Venusaur\n|-damage|p1b: Venusaur|0 fnt\n|faint|p1b: Venusaur\n|move|p1a: Typhlosion|Eruption|p2a: Scizor|[spread] p2a,p2b\n|-supereffective|p2a: Scizor|2\n|-resisted|p2b: Pelipper|1\n|-damage|p2a: Scizor|0 fnt\n|-damage|p2b: Pelipper|0 fnt\n|faint|p2a: Scizor\n|faint|p2b: Pelipper\n|\n|win|Keyan_Sans\n|raw|Keyan_Sans's rating: 1133 &rarr; <strong>1157</strong><br />(+24 for winning)\n|raw|Aminminminn's rating: 1121 &rarr; <strong>1097</strong><br />(-24 for losing)\n",
  "uploadtime": 1776160190,
  "views": 18,
  "formatid": "gen9championsvgc2026regma",
  "rating": 1097,
  "private": 0,
  "password": null
}