{
  "id": "gen9championsvgc2026regma-2588085560",
  "format": "[Gen 9 Champions] VGC 2026 Reg M-A",
  "players": [
    "Tano_95",
    "mavco90"
  ],
  "log": "|j|\u2606Tano_95\n|j|\u2606mavco90\n|t:|1776602593\n|gametype|doubles\n|player|p1|Tano_95|102|1201\n|player|p2|mavco90|veteran|1239\n|gen|9\n|tier|[Gen 9 Champions] VGC 2026 Reg M-A\n|rated|\n|rule|Species Clause: Limit one of each Pok\u00e9mon\n|rule|Item Clause: Limit 1 of each item\n|clearpoke\n|poke|p1|Charizard, L50, M|\n|poke|p1|Whimsicott, L50, F|\n|poke|p1|Milotic, L50, M|\n|poke|p1|Incineroar, L50, M|\n|poke|p1|Sinistcha, L50|\n|poke|p1|Raichu, L50, F|\n|poke|p2|Venusaur, L50, F|\n|poke|p2|Delphox, L50, M|\n|poke|p2|Garchomp, L50, F|\n|poke|p2|Rotom-Wash, L50|\n|poke|p2|Incineroar, L50, M|\n|poke|p2|Aegislash, L50, M|\n|teampreview|4\n|inactive|Battle timer is ON: inactive players will automatically lose when time's up. (requested by mavco90)\n|\n|t:|1776602635\n|teamsize|p1|4\n|teamsize|p2|4\n|start\n|switch|p1a: Charizard|Charizard, L50, M|100/100\n|switch|p1b: Milotic|Milotic, L50, M|100/100\n|switch|p2a: Garchomp|Garchomp, L50, F|100/100\n|switch|p2b: Incineroar|Incineroar, L50, M|100/100\n|-ability|p2b: Incineroar|Intimidate|boost\n|-unboost|p1a: Charizard|atk|1\n|-unboost|p1b: Milotic|atk|1\n|-ability|p1b: Milotic|Competitive|boost\n|-boost|p1b: Milotic|spa|2\n|turn|1\n|\n|t:|1776602643\n|switch|p1a: Incineroar|Incineroar, L50, M|100/100\n|-ability|p1a: Incineroar|Intimidate|boost\n|-unboost|p2a: Garchomp|atk|1\n|-unboost|p2b: Incineroar|atk|1\n|move|p1b: Milotic|Protect|p1b: Milotic\n|-singleturn|p1b: Milotic|Protect\n|move|p2b: Incineroar|Fake Out|p1b: Milotic\n|-activate|p1b: Milotic|move: Protect\n|move|p2a: Garchomp|Rock Slide|p1a: Incineroar|[spread] p1a\n|-activate|p1b: Milotic|move: Protect\n|-supereffective|p1a: Incineroar|1\n|-damage|p1a: Incineroar|70/100\n|\n|upkeep\n|turn|2\n|\n|t:|1776602660\n|switch|p2a: Rotom|Rotom-Wash, L50|100/100\n|switch|p2b: Venusaur|Venusaur, L50, F|100/100\n|move|p1a: Incineroar|Fake Out|p2a: Rotom\n|-damage|p2a: Rotom|88/100\n|move|p1b: Milotic|Ice Beam|p2a: Rotom\n|-resisted|p2a: Rotom|1\n|-damage|p2a: Rotom|62/100\n|\n|-heal|p2a: Rotom|68/100|[from] item: Leftovers\n|upkeep\n|turn|3\n|\n|t:|1776602681\n|detailschange|p2b: Venusaur|Venusaur-Mega, L50, F\n|-mega|p2b: Venusaur|Venusaur|Venusaurite\n|move|p2a: Rotom|Thunderbolt|p1b: Milotic\n|-supereffective|p1b: Milotic|1\n|-crit|p1b: Milotic\n|-damage|p1b: Milotic|23/100\n|move|p1b: Milotic|Ice Beam|p2b: Venusaur\n|-supereffective|p2b: Venusaur|1\n|-damage|p2b: Venusaur|63/100\n|move|p2b: Venusaur|Leech Seed|p1a: Incineroar\n|-start|p1a: Incineroar|move: Leech Seed\n|move|p1a: Incineroar|Flare Blitz|p2b: Venusaur\n|-supereffective|p2b: Venusaur|1\n|-damage|p2b: Venusaur|28/100\n|-damage|p1a: Incineroar|58/100|[from] Recoil\n|\n|-heal|p2a: Rotom|74/100|[from] item: Leftovers\n|-heal|p1b: Milotic|29/100|[from] item: Leftovers\n|-damage|p1a: Incineroar|46/100|[from] Leech Seed|[of] p2b: Venusaur\n|-heal|p2b: Venusaur|40/100|[silent]\n|upkeep\n|-enditem|p1a: Incineroar|Sitrus Berry|[eat]\n|-heal|p1a: Incineroar|71/100|[from] item: Sitrus Berry\n|turn|4\n|inactive|Tano_95 has 30 seconds left.\n|\n|t:|1776602707\n|switch|p1b: Sinistcha|Sinistcha, L50|100/100\n|-heal|p1a: Incineroar|96/100|[from] ability: Hospitality|[of] p1b: Sinistcha\n|move|p2b: Venusaur|Protect|p2b: Venusaur\n|-singleturn|p2b: Venusaur|Protect\n|move|p2a: Rotom|Thunderbolt|p1a: Incineroar\n|-damage|p1a: Incineroar|68/100\n|move|p1a: Incineroar|Snarl|p2b: Venusaur|[spread] p2a\n|-activate|p2b: Venusaur|move: Protect\n|-damage|p2a: Rotom|64/100\n|-unboost|p2a: Rotom|spa|1\n|\n|-heal|p2a: Rotom|69/100|[from] item: Leftovers\n|-damage|p1a: Incineroar|56/100|[from] Leech Seed|[of] p2b: Venusaur\n|-heal|p2b: Venusaur|52/100|[silent]\n|upkeep\n|turn|5\n|inactive|mavco90 has 30 seconds left.\n|\n|t:|1776602734\n|switch|p2a: Incineroar|Incineroar, L50, M|100/100\n|-ability|p2a: Incineroar|Intimidate|boost\n|-unboost|p1a: Incineroar|atk|1\n|-unboost|p1b: Sinistcha|atk|1\n|move|p2b: Venusaur|Giga Drain|p1a: Incineroar\n|-resisted|p1a: Incineroar|1\n|-damage|p1a: Incineroar|45/100\n|-heal|p2b: Venusaur|58/100|[from] drain|[of] p1a: Incineroar\n|move|p1b: Sinistcha|Matcha Gotcha|p2a: Incineroar|[spread] p2a,p2b\n|-resisted|p2a: Incineroar|1\n|-resisted|p2b: Venusaur|2\n|-damage|p2a: Incineroar|88/100\n|-damage|p2b: Venusaur|53/100\n|-status|p2b: Venusaur|brn\n|move|p1a: Incineroar|Flare Blitz|p2b: Venusaur\n|-supereffective|p2b: Venusaur|1\n|-crit|p2b: Venusaur\n|-damage|p2b: Venusaur|0 fnt\n|faint|p2b: Venusaur\n|-damage|p1a: Incineroar|28/100|[from] Recoil\n|\n|upkeep\n|inactive|mavco90 has 30 seconds left.\n|\n|t:|1776602759\n|switch|p2b: Rotom|Rotom-Wash, L50|69/100\n|turn|6\n|\n|t:|1776602775\n|move|p2b: Rotom|Thunderbolt|p1b: Sinistcha\n|-resisted|p1b: Sinistcha|1\n|-damage|p1b: Sinistcha|82/100\n|move|p1b: Sinistcha|Matcha Gotcha|p2b: Rotom|[spread] p2a,p2b\n|-resisted|p2a: Incineroar|1\n|-supereffective|p2b: Rotom|1\n|-damage|p2a: Incineroar|76/100\n|-heal|p1b: Sinistcha|89/100|[from] drain|[of] p2a: Incineroar\n|-damage|p2b: Rotom|11/100\n|-heal|p1b: Sinistcha|100/100|[from] drain|[of] p2b: Rotom\n|move|p2a: Incineroar|Flare Blitz|p1b: Sinistcha\n|-supereffective|p1b: Sinistcha|1\n|-damage|p1b: Sinistcha|15/100\n|-damage|p2a: Incineroar|51/100|[from] Recoil\n|move|p1a: Incineroar|Parting Shot|p2b: Rotom\n|-unboost|p2b: Rotom|atk|1\n|-unboost|p2b: Rotom|spa|1\n|\n|t:|1776602796\n|switch|p1a: Charizard|Charizard, L50, M|100/100|[from] Parting Shot\n|\n|-heal|p2b: Rotom|16/100|[from] item: Leftovers\n|upkeep\n|turn|7\n|\n|t:|1776602813\n|switch|p1b: Incineroar|Incineroar, L50, M|28/100\n|-ability|p1b: Incineroar|Intimidate|boost\n|-unboost|p2a: Incineroar|atk|1\n|-unboost|p2b: Rotom|atk|1\n|detailschange|p1a: Charizard|Charizard-Mega-X, L50, M\n|-mega|p1a: Charizard|Charizard|Charizardite X\n|move|p1a: Charizard|Dragon Dance|p1a: Charizard\n|-boost|p1a: Charizard|atk|1\n|-boost|p1a: Charizard|spe|1\n|move|p2b: Rotom|Thunderbolt|p1b: Incineroar\n|-damage|p1b: Incineroar|10/100\n|move|p2a: Incineroar|Parting Shot|p1a: Charizard\n|-unboost|p1a: Charizard|atk|1\n|-unboost|p1a: Charizard|spa|1\n|\n|t:|1776602828\n|switch|p2a: Garchomp|Garchomp, L50, F|100/100|[from] Parting Shot\n|\n|-heal|p2b: Rotom|22/100|[from] item: Leftovers\n|upkeep\n|turn|8\n|\n|t:|1776602842\n|switch|p2a: Incineroar|Incineroar, L50, M|51/100\n|-ability|p2a: Incineroar|Intimidate|boost\n|-unboost|p1a: Charizard|atk|1\n|-unboost|p1b: Incineroar|atk|1\n|move|p1b: Incineroar|Fake Out|p2a: Incineroar\n|-crit|p2a: Incineroar\n|-damage|p2a: Incineroar|36/100\n|move|p1a: Charizard|Dragon Claw|p2a: Incineroar\n|-damage|p2a: Incineroar|3/100\n|move|p2b: Rotom|Volt Switch|p1b: Incineroar\n|-damage|p1b: Incineroar|0 fnt\n|faint|p1b: Incineroar\n|\n|t:|1776602855\n|switch|p2b: Garchomp|Garchomp, L50, F|100/100|[from] Volt Switch\n|\n|upkeep\n|\n|t:|1776602860\n|switch|p1b: Sinistcha|Sinistcha, L50|15/100\n|turn|9\n|inactive|mavco90 has 30 seconds left.\n|\n|t:|1776602885\n|switch|p1a: Milotic|Milotic, L50, M|29/100\n|move|p2b: Garchomp|Rock Slide|p1a: Milotic|[spread] p1a,p1b\n|-damage|p1a: Milotic|10/100\n|-damage|p1b: Sinistcha|0 fnt\n|faint|p1b: Sinistcha\n|move|p2a: Incineroar|Parting Shot|p1a: Milotic\n|-unboost|p1a: Milotic|atk|1\n|-ability|p1a: Milotic|Competitive|boost\n|-boost|p1a: Milotic|spa|2\n|-unboost|p1a: Milotic|spa|1\n|-ability|p1a: Milotic|Competitive|boost\n|-boost|p1a: Milotic|spa|2\n|\n|t:|1776602893\n|switch|p2a: Rotom|Rotom-Wash, L50|22/100|[from] Parting Shot\n|\n|-heal|p2a: Rotom|28/100|[from] item: Leftovers\n|-heal|p1a: Milotic|16/100|[from] item: Leftovers\n|upkeep\n|\n|t:|1776602903\n|switch|p1b: Charizard|Charizard-Mega-X, L50, M|100/100\n|turn|10\n|inactive|mavco90 has 30 seconds left.\n|inactive|mavco90 has 20 seconds left.\n|\n|t:|1776602940\n|move|p1a: Milotic|Protect|p1a: Milotic\n|-singleturn|p1a: Milotic|Protect\n|move|p2b: Garchomp|Rock Slide|p1a: Milotic|[spread] p1b\n|-activate|p1a: Milotic|move: Protect\n|-supereffective|p1b: Charizard|1\n|-damage|p1b: Charizard|62/100\n|cant|p1b: Charizard|flinch\n|move|p2a: Rotom|Volt Switch|p1b: Charizard\n|-resisted|p1b: Charizard|1\n|-damage|p1b: Charizard|47/100\n|\n|t:|1776602951\n|switch|p2a: Incineroar|Incineroar, L50, M|3/100|[from] Volt Switch\n|-ability|p2a: Incineroar|Intimidate|boost\n|-unboost|p1a: Milotic|atk|1\n|-ability|p1a: Milotic|Competitive|boost\n|-boost|p1a: Milotic|spa|2\n|-unboost|p1b: Charizard|atk|1\n|\n|-heal|p1a: Milotic|22/100|[from] item: Leftovers\n|upkeep\n|turn|11\n|\n|t:|1776602961\n|move|p2a: Incineroar|Fake Out|p1a: Milotic\n|-damage|p1a: Milotic|11/100\n|move|p2b: Garchomp|Rock Slide|p1a: Milotic|[spread] p1a,p1b\n|-supereffective|p1b: Charizard|1\n|-damage|p1a: Milotic|0 fnt\n|-damage|p1b: Charizard|10/100\n|faint|p1a: Milotic\n|move|p1b: Charizard|Dragon Claw|p2b: Garchomp\n|-supereffective|p2b: Garchomp|1\n|-damage|p2b: Garchomp|28/100\n|-damage|p1b: Charizard|0 fnt|[from] ability: Rough Skin|[of] p2b: Garchomp\n|faint|p1b: Charizard\n|\n|win|mavco90\n|raw|Tano_95's rating: 1201 &rarr; <strong>1179</strong><br />(-22 for losing)\n|raw|mavco90's rating: 1239 &rarr; <strong>1261</strong><br />(+22 for winning)\n|l|\u2606Tano_95\n|player|p1|\n",
  "uploadtime": 1776602980,
  "views": 9,
  "formatid": "gen9championsvgc2026regma",
  "rating": 1179,
  "private": 0,
  "password": null
}