{
  "id": "gen9championsvgc2026regma-2581338167",
  "format": "[Gen 9 Champions] VGC 2026 Reg M-A",
  "players": [
    "samu2604",
    "JuanAsh \u2605\u2605\u2605\u2605"
  ],
  "log": "|j|\u2606samu2604\n|j|\u2606JuanAsh \u2605\u2605\u2605\u2605\n|t:|1775988631\n|gametype|doubles\n|player|p1|samu2604|n|1068\n|player|p2|JuanAsh \u2605\u2605\u2605\u2605|2|1000\n|gen|9\n|tier|[Gen 9 Champions] VGC 2026 Reg M-A\n|rated|\n|rule|Species Clause: Limit one of each Pok\u00e9mon\n|rule|Item Clause: Limit 1 of each item\n|clearpoke\n|poke|p1|Pelipper, L50, M|\n|poke|p1|Archaludon, L50, M|\n|poke|p1|Basculegion, L50, M|\n|poke|p1|Klefki, L50, F|\n|poke|p1|Charizard, L50, M|\n|poke|p1|Sinistcha, L50|\n|poke|p2|Meganium, L50, M|\n|poke|p2|Pelipper, L50, F|\n|poke|p2|Sinistcha, L50|\n|poke|p2|Incineroar, L50, M|\n|poke|p2|Starmie, L50|\n|poke|p2|Garchomp, L50, M|\n|teampreview|4\n|inactive|Battle timer is ON: inactive players will automatically lose when time's up. (requested by JuanAsh \u2605\u2605\u2605\u2605)\n|inactive|JuanAsh \u2605\u2605\u2605\u2605 has 60 seconds left.\n|inactive|samu2604 has 60 seconds left.\n|inactive|JuanAsh \u2605\u2605\u2605\u2605 has 30 seconds left.\n|\n|t:|1775988694\n|teamsize|p1|4\n|teamsize|p2|4\n|start\n|switch|p1a: Pelipolla|Pelipper, L50, M|100/100\n|switch|p1b: tucarpetadecepe|Archaludon, L50, M|100/100\n|switch|p2a: Incineroar|Incineroar, L50, M|100/100\n|switch|p2b: Meganium|Meganium, L50, M|100/100\n|-weather|RainDance|[from] ability: Drizzle|[of] p1a: Pelipolla\n|-ability|p2a: Incineroar|Intimidate|boost\n|-unboost|p1a: Pelipolla|atk|1\n|-unboost|p1b: tucarpetadecepe|atk|1\n|turn|1\n|\n|t:|1775988712\n|detailschange|p2b: Meganium|Meganium-Mega, L50, M\n|-mega|p2b: Meganium|Meganium|Meganiumite\n|move|p2a: Incineroar|Fake Out|p1a: Pelipolla\n|-damage|p1a: Pelipolla|90/100\n|move|p1b: tucarpetadecepe|Flash Cannon|p2b: Meganium\n|-supereffective|p2b: Meganium|1\n|-damage|p2b: Meganium|23/100\n|move|p2b: Meganium|Solar Beam||[still]\n|-prepare|p2b: Meganium|Solar Beam\n|-activate|p2b: Meganium|ability: Mega Sol\n|-anim|p2b: Meganium|Solar Beam|p1a: Pelipolla\n|-damage|p1a: Pelipolla|4/100\n|cant|p1a: Pelipolla|flinch\n|\n|-weather|RainDance|[upkeep]\n|upkeep\n|turn|2\n|\n|t:|1775988736\n|switch|p2b: Garchomp|Garchomp, L50, M|100/100\n|switch|p1a: Jotaro Kujo|Charizard, L50, M|100/100\n|move|p1b: tucarpetadecepe|Flash Cannon|p2b: Garchomp\n|-damage|p2b: Garchomp|51/100\n|move|p2a: Incineroar|Flare Blitz|p1a: Jotaro Kujo\n|-resisted|p1a: Jotaro Kujo|1\n|-damage|p1a: Jotaro Kujo|85/100\n|-damage|p2a: Incineroar|97/100|[from] Recoil\n|\n|-weather|RainDance|[upkeep]\n|upkeep\n|turn|3\n|\n|t:|1775988754\n|detailschange|p1a: Jotaro Kujo|Charizard-Mega-X, L50, M\n|-mega|p1a: Jotaro Kujo|Charizard|Charizardite X\n|move|p2b: Garchomp|Rock Slide|p1b: tucarpetadecepe|[spread] p1a,p1b\n|-supereffective|p1a: Jotaro Kujo|1\n|-resisted|p1b: tucarpetadecepe|1\n|-damage|p1a: Jotaro Kujo|48/100\n|-damage|p1b: tucarpetadecepe|93/100\n|-ability|p1b: tucarpetadecepe|Stamina|boost\n|-boost|p1b: tucarpetadecepe|def|1\n|cant|p1a: Jotaro Kujo|flinch\n|cant|p1b: tucarpetadecepe|flinch\n|move|p2a: Incineroar|Parting Shot|p1b: tucarpetadecepe\n|-unboost|p1b: tucarpetadecepe|atk|1\n|-unboost|p1b: tucarpetadecepe|spa|1\n|\n|t:|1775988777\n|switch|p2a: Meganium|Meganium-Mega, L50, M|23/100|[from] Parting Shot\n|\n|-weather|RainDance|[upkeep]\n|upkeep\n|turn|4\n|\n|t:|1775988795\n|switch|p2b: Pelipper|Pelipper, L50, F|100/100\n|switch|p1b: Quieroqueque|Sinistcha, L50|100/100\n|-heal|p1a: Jotaro Kujo|72/100|[from] ability: Hospitality|[of] p1b: Quieroqueque\n|switch|p2a: Incineroar|Incineroar, L50, M|97/100\n|-ability|p2a: Incineroar|Intimidate|boost\n|-unboost|p1a: Jotaro Kujo|atk|1\n|-unboost|p1b: Quieroqueque|atk|1\n|move|p1a: Jotaro Kujo|Flare Blitz|p2a: Incineroar\n|-resisted|p2a: Incineroar|1\n|-damage|p2a: Incineroar|84/100\n|-damage|p1a: Jotaro Kujo|67/100|[from] Recoil\n|\n|-weather|RainDance|[upkeep]\n|upkeep\n|turn|5\n|inactive|samu2604 has 30 seconds left.\n|\n|t:|1775988825\n|move|p1a: Jotaro Kujo|Protect|p1a: Jotaro Kujo\n|-singleturn|p1a: Jotaro Kujo|Protect\n|move|p1b: Quieroqueque|Matcha Gotcha|p2b: Pelipper|[spread] p2a,p2b\n|-resisted|p2a: Incineroar|1\n|-damage|p2a: Incineroar|75/100\n|-damage|p2b: Pelipper|61/100\n|-status|p2b: Pelipper|brn\n|move|p2b: Pelipper|Tailwind|p2b: Pelipper\n|-sidestart|p2: JuanAsh \u2605\u2605\u2605\u2605|move: Tailwind\n|move|p2a: Incineroar|Parting Shot|p1b: Quieroqueque\n|-unboost|p1b: Quieroqueque|atk|1\n|-unboost|p1b: Quieroqueque|spa|1\n|\n|t:|1775988847\n|switch|p2a: Meganium|Meganium-Mega, L50, M|23/100|[from] Parting Shot\n|\n|-weather|none\n|-damage|p2b: Pelipper|55/100 brn|[from] brn\n|upkeep\n|turn|6\n|\n|t:|1775988861\n|move|p2a: Meganium|Protect|p2a: Meganium\n|-singleturn|p2a: Meganium|Protect\n|move|p2b: Pelipper|Icy Wind|p1a: Jotaro Kujo|[spread] p1a,p1b\n|-supereffective|p1b: Quieroqueque|1\n|-damage|p1a: Jotaro Kujo|56/100\n|-damage|p1b: Quieroqueque|79/100\n|-unboost|p1a: Jotaro Kujo|spe|1\n|-unboost|p1b: Quieroqueque|spe|1\n|move|p1a: Jotaro Kujo|Flare Blitz|p2a: Meganium\n|-activate|p2a: Meganium|move: Protect\n|move|p1b: Quieroqueque|Shadow Ball|p2a: Meganium\n|-activate|p2a: Meganium|move: Protect\n|\n|-damage|p2b: Pelipper|49/100 brn|[from] brn\n|upkeep\n|turn|7\n|\n|t:|1775988880\n|switch|p1b: tucarpetadecepe|Archaludon, L50, M|93/100\n|move|p1a: Jotaro Kujo|Protect|p1a: Jotaro Kujo\n|-singleturn|p1a: Jotaro Kujo|Protect\n|move|p2a: Meganium|Weather Ball|p1b: tucarpetadecepe\n|-damage|p1b: tucarpetadecepe|11/100\n|-ability|p1b: tucarpetadecepe|Stamina|boost\n|-boost|p1b: tucarpetadecepe|def|1\n|-enditem|p1b: tucarpetadecepe|Sitrus Berry|[eat]\n|-heal|p1b: tucarpetadecepe|36/100|[from] item: Sitrus Berry\n|move|p2b: Pelipper|Chilling Water|p1a: Jotaro Kujo\n|-activate|p1a: Jotaro Kujo|move: Protect\n|\n|-damage|p2b: Pelipper|43/100 brn|[from] brn\n|upkeep\n|turn|8\n|inactive|JuanAsh \u2605\u2605\u2605\u2605 has 30 seconds left.\n|inactive|JuanAsh \u2605\u2605\u2605\u2605 has 20 seconds left.\n|inactive|JuanAsh \u2605\u2605\u2605\u2605 has 15 seconds left.\n|inactive|JuanAsh \u2605\u2605\u2605\u2605 has 10 seconds left.\n|inactive|samu2604 has 30 seconds left.\n|inactive|JuanAsh \u2605\u2605\u2605\u2605 has 5 seconds left.\n|\n|t:|1775988938\n|switch|p1a: Pelipolla|Pelipper, L50, M|4/100\n|-weather|RainDance|[from] ability: Drizzle|[of] p1a: Pelipolla\n|move|p1b: tucarpetadecepe|Protect|p1b: tucarpetadecepe\n|-singleturn|p1b: tucarpetadecepe|Protect\n|move|p2a: Meganium|Dazzling Gleam|p1a: Pelipolla|[spread] p1a\n|-activate|p1b: tucarpetadecepe|move: Protect\n|-damage|p1a: Pelipolla|0 fnt\n|faint|p1a: Pelipolla\n|move|p2b: Pelipper|Icy Wind|p1b: tucarpetadecepe\n|-activate|p1b: tucarpetadecepe|move: Protect\n|\n|-weather|RainDance|[upkeep]\n|-damage|p2b: Pelipper|37/100 brn|[from] brn\n|-sideend|p2: JuanAsh \u2605\u2605\u2605\u2605|move: Tailwind\n|upkeep\n|\n|t:|1775988956\n|switch|p1a: Jotaro Kujo|Charizard-Mega-X, L50, M|56/100\n|turn|9\n|\n|t:|1775988970\n|switch|p2a: Incineroar|Incineroar, L50, M|75/100\n|-ability|p2a: Incineroar|Intimidate|boost\n|-unboost|p1a: Jotaro Kujo|atk|1\n|-unboost|p1b: tucarpetadecepe|atk|1\n|move|p1a: Jotaro Kujo|Dragon Dance|p1a: Jotaro Kujo\n|-boost|p1a: Jotaro Kujo|atk|1\n|-boost|p1a: Jotaro Kujo|spe|1\n|move|p1b: tucarpetadecepe|Electro Shot||[still]\n|-prepare|p1b: tucarpetadecepe|Electro Shot\n|-boost|p1b: tucarpetadecepe|spa|1\n|-anim|p1b: tucarpetadecepe|Electro Shot|p2b: Pelipper\n|-supereffective|p2b: Pelipper|2\n|-damage|p2b: Pelipper|0 fnt\n|faint|p2b: Pelipper\n|\n|-weather|RainDance|[upkeep]\n|upkeep\n|\n|t:|1775988982\n|switch|p2b: Garchomp|Garchomp, L50, M|51/100\n|turn|10\n|\n|t:|1775988996\n|switch|p2a: Meganium|Meganium-Mega, L50, M|23/100\n|move|p1a: Jotaro Kujo|Protect|p1a: Jotaro Kujo\n|-singleturn|p1a: Jotaro Kujo|Protect\n|move|p1b: tucarpetadecepe|Protect|p1b: tucarpetadecepe\n|-singleturn|p1b: tucarpetadecepe|Protect\n|move|p2b: Garchomp|Earthquake|p1b: tucarpetadecepe|[spread] p2a\n|-activate|p1a: Jotaro Kujo|move: Protect\n|-activate|p1b: tucarpetadecepe|move: Protect\n|-resisted|p2a: Meganium|1\n|-damage|p2a: Meganium|6/100\n|\n|-weather|RainDance|[upkeep]\n|upkeep\n|turn|11\n|inactive|samu2604 has 30 seconds left.\n|\n|t:|1775989022\n|move|p2a: Meganium|Protect|p2a: Meganium\n|-singleturn|p2a: Meganium|Protect\n|move|p2b: Garchomp|Earthquake|p1a: Jotaro Kujo|[spread] p1a,p1b\n|-activate|p2a: Meganium|move: Protect\n|-supereffective|p1a: Jotaro Kujo|1\n|-supereffective|p1b: tucarpetadecepe|1\n|-damage|p1a: Jotaro Kujo|0 fnt\n|-damage|p1b: tucarpetadecepe|0 fnt\n|faint|p1a: Jotaro Kujo\n|faint|p1b: tucarpetadecepe\n|\n|-weather|RainDance|[upkeep]\n|upkeep\n|\n|t:|1775989035\n|switch|p1a: Quieroqueque|Sinistcha, L50|79/100\n|turn|12\n|\n|t:|1775989045\n|switch|p2b: Incineroar|Incineroar, L50, M|75/100\n|-ability|p2b: Incineroar|Intimidate|boost\n|-unboost|p1a: Quieroqueque|atk|1\n|move|p2a: Meganium|Weather Ball|p1a: Quieroqueque\n|-supereffective|p1a: Quieroqueque|1\n|-damage|p1a: Quieroqueque|0 fnt\n|faint|p1a: Quieroqueque\n|\n|win|JuanAsh \u2605\u2605\u2605\u2605\n|raw|samu2604's rating: 1068 &rarr; <strong>1044</strong><br />(-24 for losing)\n|raw|JuanAsh \u2605\u2605\u2605\u2605's rating: 1000 &rarr; <strong>1048</strong><br />(+48 for winning)\n|c|\u2606JuanAsh \u2605\u2605\u2605\u2605|/log JuanAsh \u2605\u2605\u2605\u2605 made this room public.\n",
  "uploadtime": 1775989060,
  "views": 14,
  "formatid": "gen9championsvgc2026regma",
  "rating": 1044,
  "private": 0,
  "password": null
}