{
  "id": "gen9championsvgc2026regma-2585091373",
  "format": "[Gen 9 Champions] VGC 2026 Reg M-A",
  "players": [
    "MrTimtendo",
    "Alesavecs"
  ],
  "log": "|j|\u2606MrTimtendo\n|j|\u2606Alesavecs\n|t:|1776310813\n|gametype|doubles\n|player|p1|MrTimtendo|ethan|1212\n|player|p2|Alesavecs|170|1137\n|gen|9\n|tier|[Gen 9 Champions] VGC 2026 Reg M-A\n|rated|\n|rule|Species Clause: Limit one of each Pok\u00e9mon\n|rule|Item Clause: Limit 1 of each item\n|clearpoke\n|poke|p1|Delphox, L50, M|\n|poke|p1|Garchomp, L50, M|\n|poke|p1|Aerodactyl, L50, M|\n|poke|p1|Farigiraf, L50, M|\n|poke|p1|Milotic, L50, M|\n|poke|p1|Basculegion, L50, M|\n|poke|p2|Corviknight, L50, F|\n|poke|p2|Aerodactyl, L50, M|\n|poke|p2|Garchomp, L50, M|\n|poke|p2|Incineroar, L50, F|\n|poke|p2|Maushold-Four, L50|\n|poke|p2|Rotom-Heat, L50|\n|teampreview|4\n|inactive|Battle timer is ON: inactive players will automatically lose when time's up. (requested by MrTimtendo)\n|inactive|MrTimtendo has 60 seconds left.\n|\n|t:|1776310852\n|teamsize|p1|4\n|teamsize|p2|4\n|start\n|switch|p1a: Milotic|Milotic, L50, M|100/100\n|switch|p1b: Basculegion|Basculegion, L50, M|100/100\n|switch|p2a: Garchomp|Garchomp, L50, M|100/100\n|switch|p2b: Aerodactyl|Aerodactyl, L50, M|100/100\n|turn|1\n|\n|t:|1776310872\n|move|p2b: Aerodactyl|Protect|p2b: Aerodactyl\n|-singleturn|p2b: Aerodactyl|Protect\n|move|p1b: Basculegion|Aqua Jet|p2b: Aerodactyl\n|-activate|p2b: Aerodactyl|move: Protect\n|move|p2a: Garchomp|Swords Dance|p2a: Garchomp\n|-boost|p2a: Garchomp|atk|2\n|move|p1a: Milotic|Icy Wind|p2a: Garchomp|[spread] p2a\n|-activate|p2b: Aerodactyl|move: Protect\n|-supereffective|p2a: Garchomp|2\n|-crit|p2a: Garchomp\n|-damage|p2a: Garchomp|26/100\n|-unboost|p2a: Garchomp|spe|1\n|\n|upkeep\n|turn|2\n|inactive|MrTimtendo has 30 seconds left.\n|\n|t:|1776310897\n|move|p1b: Basculegion|Aqua Jet|p2a: Garchomp\n|-damage|p2a: Garchomp|0 fnt\n|-damage|p1b: Basculegion|88/100|[from] ability: Rough Skin|[of] p2a: Garchomp\n|faint|p2a: Garchomp\n|move|p2b: Aerodactyl|Tailwind|p2b: Aerodactyl\n|-sidestart|p2: Alesavecs|move: Tailwind\n|move|p1a: Milotic|Icy Wind|p2b: Aerodactyl\n|-supereffective|p2b: Aerodactyl|1\n|-damage|p2b: Aerodactyl|51/100\n|-unboost|p2b: Aerodactyl|spe|1\n|\n|upkeep\n|\n|t:|1776310910\n|switch|p2a: Corviknight|Corviknight, L50, F|100/100\n|turn|3\n|inactive|MrTimtendo has 30 seconds left.\n|\n|t:|1776310935\n|move|p1b: Basculegion|Aqua Jet|p2b: Aerodactyl\n|-supereffective|p2b: Aerodactyl|1\n|-damage|p2b: Aerodactyl|0 fnt\n|faint|p2b: Aerodactyl\n|move|p2a: Corviknight|Bulk Up|p2a: Corviknight\n|-boost|p2a: Corviknight|atk|1\n|-boost|p2a: Corviknight|def|1\n|move|p1a: Milotic|Icy Wind|p2a: Corviknight\n|-damage|p2a: Corviknight|88/100\n|-ability|p2a: Corviknight|Mirror Armor\n|-unboost|p1a: Milotic|spe|1\n|-ability|p1a: Milotic|Competitive|boost\n|-boost|p1a: Milotic|spa|2\n|\n|-heal|p2a: Corviknight|94/100|[from] item: Leftovers\n|upkeep\n|\n|t:|1776310953\n|switch|p2b: Maushold|Maushold-Four, L50|100/100\n|turn|4\n|\n|t:|1776310964\n|move|p1a: Milotic|Protect|p1a: Milotic\n|-singleturn|p1a: Milotic|Protect\n|move|p2b: Maushold|Super Fang|p1a: Milotic\n|-activate|p1a: Milotic|move: Protect\n|move|p2a: Corviknight|Brave Bird|p1a: Milotic\n|-activate|p1a: Milotic|move: Protect\n|move|p1b: Basculegion|Wave Crash|p2b: Maushold\n|-damage|p2b: Maushold|0 fnt\n|faint|p2b: Maushold\n|-damage|p1b: Basculegion|60/100|[from] Recoil\n|\n|-heal|p2a: Corviknight|99/100|[from] item: Leftovers\n|upkeep\n|turn|5\n|-message|Alesavecs forfeited.\n|\n|win|MrTimtendo\n|raw|MrTimtendo's rating: 1212 &rarr; <strong>1232</strong><br />(+20 for winning)\n|raw|Alesavecs's rating: 1137 &rarr; <strong>1117</strong><br />(-20 for losing)\n|l|\u2606Alesavecs\n|player|p2|\n",
  "uploadtime": 1776311009,
  "views": 23,
  "formatid": "gen9championsvgc2026regma",
  "rating": 1117,
  "private": 0,
  "password": null
}