{
  "id": "gen9championsvgc2026regma-2584687481",
  "format": "[Gen 9 Champions] VGC 2026 Reg M-A",
  "players": [
    "ZTech6",
    "maskedwolf56"
  ],
  "log": "|j|\u2606ZTech6\n|j|\u2606maskedwolf56\n|t:|1776276832\n|gametype|doubles\n|player|p1|ZTech6|gambler|1278\n|player|p2|maskedwolf56|giovanni|1272\n|gen|9\n|tier|[Gen 9 Champions] VGC 2026 Reg M-A\n|rated|\n|rule|Species Clause: Limit one of each Pok\u00e9mon\n|rule|Item Clause: Limit 1 of each item\n|clearpoke\n|poke|p1|Aerodactyl, L50, M|\n|poke|p1|Basculegion, L50, M|\n|poke|p1|Whimsicott, L50, F|\n|poke|p1|Charizard, L50, M|\n|poke|p1|Garchomp, L50, M|\n|poke|p1|Farigiraf, L50, F|\n|poke|p2|Sneasler, L50, F|\n|poke|p2|Tyranitar, L50, F|\n|poke|p2|Rotom-Wash, L50|\n|poke|p2|Aerodactyl, L50, M|\n|poke|p2|Garchomp, L50, M|\n|poke|p2|Sinistcha-Masterpiece, L50|\n|teampreview|4\n|inactive|Battle timer is ON: inactive players will automatically lose when time's up. (requested by maskedwolf56)\nmaskedwolf56 rejected open team sheets.\n|inactive|ZTech6 has 60 seconds left.\n|\n|t:|1776276872\n|teamsize|p1|4\n|teamsize|p2|4\n|start\n|switch|p1a: Emily|Whimsicott, L50, F|100/100\n|switch|p1b: Edward|Aerodactyl, L50, M|100/100\n|switch|p2a: Rotom|Rotom-Wash, L50|100/100\n|switch|p2b: Tyranitar|Tyranitar, L50, F|100/100\n|-ability|p2b: Tyranitar|Unnerve\n|turn|1\n|inactive|maskedwolf56 has 30 seconds left.\n|\n|t:|1776276900\n|move|p2b: Tyranitar|Protect|p2b: Tyranitar\n|-singleturn|p2b: Tyranitar|Protect\n|move|p1b: Edward|Rock Slide|p2b: Tyranitar|[spread] p2a\n|-activate|p2b: Tyranitar|move: Protect\n|-damage|p2a: Rotom|67/100\n|move|p1a: Emily|Moonblast|p2b: Tyranitar\n|-activate|p2b: Tyranitar|move: Protect\n|cant|p2a: Rotom|flinch\n|\n|upkeep\n|turn|2\n|\n|t:|1776276920\n|detailschange|p2b: Tyranitar|Tyranitar-Mega, L50, F\n|-mega|p2b: Tyranitar|Tyranitar|Tyranitarite\n|-weather|Sandstorm|[from] ability: Sand Stream|[of] p2b: Tyranitar\n|move|p1b: Edward|Rock Slide|p2b: Tyranitar|[spread] p2a,p2b\n|-damage|p2a: Rotom|31/100\n|-damage|p2b: Tyranitar|83/100\n|move|p1a: Emily|Moonblast|p2b: Tyranitar\n|-supereffective|p2b: Tyranitar|1\n|-damage|p2b: Tyranitar|44/100\n|move|p2a: Rotom|Electroweb|p1b: Edward|[spread] p1a,p1b\n|-resisted|p1a: Emily|1\n|-supereffective|p1b: Edward|1\n|-damage|p1a: Emily|83/100\n|-damage|p1b: Edward|54/100\n|-unboost|p1a: Emily|spe|1\n|-unboost|p1b: Edward|spe|1\n|move|p2b: Tyranitar|Rock Slide|p1b: Edward|[spread] p1a,p1b\n|-supereffective|p1b: Edward|1\n|-damage|p1a: Emily|34/100\n|-damage|p1b: Edward|0 fnt\n|faint|p1b: Edward\n|\n|-weather|Sandstorm|[upkeep]\n|-damage|p2a: Rotom|25/100|[from] Sandstorm\n|-damage|p1a: Emily|28/100|[from] Sandstorm\n|upkeep\n|inactive|ZTech6 has 30 seconds left.\n|\n|t:|1776276948\n|switch|p1b: Charizard|Charizard, L50, M|100/100\n|turn|3\n|\n|t:|1776276966\n|detailschange|p1b: Charizard|Charizard-Mega-Y, L50, M\n|-mega|p1b: Charizard|Charizard|Charizardite Y\n|-weather|SunnyDay|[from] ability: Drought|[of] p1b: Charizard\n|move|p2b: Tyranitar|Protect|p2b: Tyranitar\n|-singleturn|p2b: Tyranitar|Protect\n|move|p1b: Charizard|Heat Wave|p2b: Tyranitar|[spread] p2a\n|-activate|p2b: Tyranitar|move: Protect\n|-resisted|p2a: Rotom|1\n|-crit|p2a: Rotom\n|-damage|p2a: Rotom|0 fnt\n|faint|p2a: Rotom\n|move|p1a: Emily|Moonblast|p2b: Tyranitar\n|-activate|p2b: Tyranitar|move: Protect\n|\n|-weather|SunnyDay|[upkeep]\n|upkeep\n|\n|t:|1776276982\n|switch|p2a: Sneasler|Sneasler, L50, F|100/100\n|turn|4\n|\n|t:|1776276994\n|move|p1b: Charizard|Protect|p1b: Charizard\n|-singleturn|p1b: Charizard|Protect\n|move|p2a: Sneasler|Fake Out|p1b: Charizard\n|-activate|p1b: Charizard|move: Protect\n|move|p1a: Emily|Tailwind|p1a: Emily\n|-sidestart|p1: ZTech6|move: Tailwind\n|move|p2b: Tyranitar|Rock Slide|p1b: Charizard|[spread] p1a\n|-activate|p1b: Charizard|move: Protect\n|-damage|p1a: Emily|0 fnt\n|faint|p1a: Emily\n|\n|-weather|SunnyDay|[upkeep]\n|upkeep\n|\n|t:|1776277009\n|switch|p1a: Basculegion|Basculegion, L50, M|100/100\n|turn|5\n|\n|t:|1776277020\n|switch|p2b: Garchomp|Garchomp, L50, M|100/100\n|move|p1a: Basculegion|Last Respects|p2a: Sneasler\n|-damage|p2a: Sneasler|0 fnt\n|faint|p2a: Sneasler\n|move|p1b: Charizard|Heat Wave|p2b: Garchomp\n|-resisted|p2b: Garchomp|1\n|-damage|p2b: Garchomp|46/100\n|\n|-weather|SunnyDay|[upkeep]\n|upkeep\n|\n|t:|1776277028\n|switch|p2a: Tyranitar|Tyranitar-Mega, L50, F|44/100\n|-weather|Sandstorm|[from] ability: Sand Stream|[of] p2a: Tyranitar\n|turn|6\n|\n|t:|1776277046\n|move|p1a: Basculegion|Last Respects|p2a: Tyranitar\n|-resisted|p2a: Tyranitar|1\n|-damage|p2a: Tyranitar|12/100\n|move|p1b: Charizard|Heat Wave|p2a: Tyranitar|[spread] p2a\n|-miss|p1b: Charizard|p2b: Garchomp\n|-resisted|p2a: Tyranitar|1\n|-damage|p2a: Tyranitar|1/100\n|move|p2b: Garchomp|Dragon Claw|p1a: Basculegion\n|-damage|p1a: Basculegion|45/100\n|move|p2a: Tyranitar|Rock Slide|p1a: Basculegion|[spread] p1b\n|-miss|p2a: Tyranitar|p1a: Basculegion\n|-supereffective|p1b: Charizard|2\n|-damage|p1b: Charizard|0 fnt\n|faint|p1b: Charizard\n|\n|-weather|Sandstorm|[upkeep]\n|-damage|p1a: Basculegion|38/100|[from] Sandstorm\n|upkeep\n|turn|7\n|\n|t:|1776277068\n|move|p1a: Basculegion|Last Respects|p2b: Garchomp\n|-damage|p2b: Garchomp|0 fnt\n|faint|p2b: Garchomp\n|move|p2a: Tyranitar|Knock Off|p1a: Basculegion\n|-supereffective|p1a: Basculegion|1\n|-damage|p1a: Basculegion|0 fnt\n|-enditem|p1a: Basculegion|Choice Scarf|[from] move: Knock Off|[of] p2a: Tyranitar\n|faint|p1a: Basculegion\n|\n|win|maskedwolf56\n|raw|ZTech6's rating: 1278 &rarr; <strong>1253</strong><br />(-25 for losing)\n|raw|maskedwolf56's rating: 1272 &rarr; <strong>1297</strong><br />(+25 for winning)\n|l|\u2606ZTech6\n|player|p1|\n",
  "uploadtime": 1776277079,
  "views": 26,
  "formatid": "gen9championsvgc2026regma",
  "rating": 1253,
  "private": 0,
  "password": null
}