{
  "id": "gen9championsvgc2026regma-2587136382",
  "format": "[Gen 9 Champions] VGC 2026 Reg M-A",
  "players": [
    "antinn",
    "kikuey"
  ],
  "log": "|j|\u2606antinn\n|j|\u2606kikuey\n|t:|1776498671\n|gametype|doubles\n|player|p1|antinn|shadowtriad|1111\n|player|p2|kikuey|blue-gen2|1181\n|gen|9\n|tier|[Gen 9 Champions] VGC 2026 Reg M-A\n|rated|\n|rule|Species Clause: Limit one of each Pok\u00e9mon\n|rule|Item Clause: Limit 1 of each item\n|clearpoke\n|poke|p1|Sableye, L50, M|\n|poke|p1|Flapple, L50, F|\n|poke|p1|Gengar, L50, F|\n|poke|p1|Weavile, L50, F|\n|poke|p1|Tauros, L50, M|\n|poke|p1|Ditto, L50|\n|poke|p2|Gengar, L50, F, shiny|\n|poke|p2|Incineroar, L50, M|\n|poke|p2|Sneasler, L50, F|\n|poke|p2|Kingambit, L50, F|\n|poke|p2|Meganium, L50, F|\n|poke|p2|Rotom-Wash, L50|\n|teampreview|4\n|inactive|Battle timer is ON: inactive players will automatically lose when time's up. (requested by kikuey)\n|inactive|antinn has 60 seconds left.\n|inactive|kikuey has 60 seconds left.\n|\n|t:|1776498720\n|teamsize|p1|4\n|teamsize|p2|4\n|start\n|switch|p1a: Sableye|Sableye, L50, M|100/100\n|switch|p1b: Gengar|Gengar, L50, F|100/100\n|switch|p2a: Gengar|Gengar, L50, F, shiny|100/100\n|switch|p2b: Incineroar|Incineroar, L50, M|100/100\n|-ability|p2b: Incineroar|Intimidate|boost\n|-unboost|p1a: Sableye|atk|1\n|-unboost|p1b: Gengar|atk|1\n|turn|1\n|\n|t:|1776498739\n|detailschange|p1b: Gengar|Gengar-Mega, L50, F\n|-mega|p1b: Gengar|Gengar|Gengarite\n|detailschange|p2a: Gengar|Gengar-Mega, L50, F, shiny\n|-mega|p2a: Gengar|Gengar|Gengarite\n|move|p1a: Sableye|Gravity|p1a: Sableye\n|-fieldstart|move: Gravity\n|move|p2a: Gengar|Perish Song|p2a: Gengar\n|-start|p1a: Sableye|perish3|[silent]\n|-start|p1b: Gengar|perish3|[silent]\n|-start|p2a: Gengar|perish3|[silent]\n|-start|p2b: Incineroar|perish3|[silent]\n|-fieldactivate|move: Perish Song\n|move|p1b: Gengar|Shadow Ball|p2a: Gengar\n|-supereffective|p2a: Gengar|1\n|-damage|p2a: Gengar|0 fnt\n|faint|p2a: Gengar\n|move|p2b: Incineroar|Flare Blitz|p1a: Sableye\n|-damage|p1a: Sableye|45/100\n|-damage|p2b: Incineroar|86/100|[from] Recoil\n|\n|-start|p1b: Gengar|perish3\n|-start|p2b: Incineroar|perish3\n|-start|p1a: Sableye|perish3\n|upkeep\n|\n|t:|1776498761\n|switch|p2a: Kingambit|Kingambit, L50, F|100/100\n|turn|2\n|\n|t:|1776498776\n|switch|p1a: Weavile|Weavile, L50, F|100/100\n|move|p1b: Gengar|Hypnosis|p2a: Kingambit\n|-status|p2a: Kingambit|slp|[from] move: Hypnosis\n|move|p2b: Incineroar|Flare Blitz|p1a: Weavile\n|-supereffective|p1a: Weavile|1\n|-enditem|p1a: Weavile|Focus Sash\n|-damage|p1a: Weavile|1/100\n|-damage|p2b: Incineroar|62/100|[from] Recoil\n|-enditem|p2b: Incineroar|Sitrus Berry|[silent]|[from] ability: Pickpocket|[of] p2b: Incineroar\n|-item|p1a: Weavile|Sitrus Berry|[from] ability: Pickpocket|[of] p2b: Incineroar\n|-enditem|p1a: Weavile|Sitrus Berry|[eat]\n|-heal|p1a: Weavile|26/100|[from] item: Sitrus Berry\n|cant|p2a: Kingambit|slp\n|\n|-start|p1b: Gengar|perish2\n|-start|p2b: Incineroar|perish2\n|upkeep\n|turn|3\n|\n|t:|1776498801\n|move|p2b: Incineroar|Protect|p2b: Incineroar\n|-singleturn|p2b: Incineroar|Protect\n|move|p1a: Weavile|Fake Out|p2b: Incineroar\n|-activate|p2b: Incineroar|move: Protect\n|move|p1b: Gengar|Focus Blast|p2a: Kingambit\n|-supereffective|p2a: Kingambit|2\n|-enditem|p2a: Kingambit|Chople Berry|[eat]\n|-enditem|p2a: Kingambit|Chople Berry|[weaken]\n|-damage|p2a: Kingambit|2/100 slp\n|-curestatus|p2a: Kingambit|slp|[msg]\n|move|p2a: Kingambit|Kowtow Cleave|p1b: Gengar\n|-supereffective|p1b: Gengar|1\n|-damage|p1b: Gengar|0 fnt\n|faint|p1b: Gengar\n|\n|-start|p2b: Incineroar|perish1\n|upkeep\n|\n|t:|1776498824\n|switch|p1b: Flapple|Flapple, L50, F|100/100\n|turn|4\n|\n|t:|1776498835\n|move|p2a: Kingambit|Protect|p2a: Kingambit\n|-singleturn|p2a: Kingambit|Protect\n|move|p1a: Weavile|Upper Hand||[still]\n|-fail|p1a: Weavile\n|move|p1b: Flapple|Dragon Rush|p2b: Incineroar\n|-damage|p2b: Incineroar|0 fnt\n|faint|p2b: Incineroar\n|\n|upkeep\n|\n|t:|1776498846\n|switch|p2b: Sneasler|Sneasler, L50, F|100/100\n|turn|5\n|\n|t:|1776498856\n|move|p1a: Weavile|Upper Hand|p2b: Sneasler\n|-resisted|p2b: Sneasler|1\n|-damage|p2b: Sneasler|83/100\n|cant|p2b: Sneasler|flinch\n|move|p2a: Kingambit|Sucker Punch|p1b: Flapple\n|-damage|p1b: Flapple|35/100\n|move|p1b: Flapple|Dragon Rush|p2b: Sneasler\n|-damage|p2b: Sneasler|0 fnt\n|faint|p2b: Sneasler\n|\n|-fieldend|move: Gravity\n|upkeep\n|turn|6\n|\n|t:|1776498874\n|move|p1a: Weavile|Upper Hand|p2a: Kingambit\n|-supereffective|p2a: Kingambit|2\n|-damage|p2a: Kingambit|0 fnt\n|faint|p2a: Kingambit\n|\n|win|antinn\n|raw|antinn's rating: 1111 &rarr; <strong>1141</strong><br />(+30 for winning)\n|raw|kikuey's rating: 1181 &rarr; <strong>1151</strong><br />(-30 for losing)\n|l|\u2606kikuey\n|player|p2|\n",
  "uploadtime": 1776498883,
  "views": 20,
  "formatid": "gen9championsvgc2026regma",
  "rating": 1141,
  "private": 0,
  "password": null
}