{
  "id": "gen9championsvgc2026regma-2583648702",
  "format": "[Gen 9 Champions] VGC 2026 Reg M-A",
  "players": [
    "skywalkingchris",
    "Brendan49"
  ],
  "log": "|j|\u2606skywalkingchris\n|j|\u2606Brendan49\n|t:|1776188678\n|gametype|doubles\n|player|p1|skywalkingchris|2|1000\n|player|p2|Brendan49|pokemaniac|1085\n|gen|9\n|tier|[Gen 9 Champions] VGC 2026 Reg M-A\n|rated|\n|rule|Species Clause: Limit one of each Pok\u00e9mon\n|rule|Item Clause: Limit 1 of each item\n|clearpoke\n|poke|p1|Steelix, L50, F|\n|poke|p1|Alakazam, L50, F|\n|poke|p1|Pelipper, L50, F|\n|poke|p1|Farigiraf, L50, F|\n|poke|p1|Sneasler, L50, M|\n|poke|p1|Gardevoir, L50, F|\n|poke|p2|Bellibolt, L50, M|\n|poke|p2|Sinistcha, L50|\n|poke|p2|Talonflame, L50, F|\n|poke|p2|Palafin, L50, M|\n|poke|p2|Excadrill, L50, M|\n|poke|p2|Tsareena, L50, F|\n|teampreview|4\nBrendan49 rejected open team sheets.\n|\n|t:|1776188733\n|teamsize|p1|4\n|teamsize|p2|4\n|start\n|switch|p1a: Sneasler|Sneasler, L50, M|100/100\n|switch|p1b: Alakazam|Alakazam, L50, F|100/100\n|switch|p2a: Bellibolt|Bellibolt, L50, M|100/100\n|switch|p2b: Talonflame|Talonflame, L50, F|100/100\n|turn|1\n|\n|t:|1776188761\n|switch|p2a: Tsareena|Tsareena, L50, F|100/100\n|move|p1a: Sneasler|Fake Out||[still]\n|cant|p2a: Tsareena|ability: Queenly Majesty|Fake Out|[of] p1a: Sneasler\n|move|p2b: Talonflame|Dual Wingbeat|p1a: Sneasler|[miss]\n|-miss|p2b: Talonflame|p1a: Sneasler\n|move|p1b: Alakazam|Psychic|p2b: Talonflame\n|-damage|p2b: Talonflame|26/100\n|\n|upkeep\n|turn|2\n|c|\u2606Brendan49|lol\n|\n|t:|1776188811\n|move|p2b: Talonflame|Tailwind|p2b: Talonflame\n|-sidestart|p2: Brendan49|move: Tailwind\n|move|p1a: Sneasler|Dire Claw|p2a: Tsareena\n|-supereffective|p2a: Tsareena|1\n|-damage|p2a: Tsareena|10/100\n|-enditem|p2a: Tsareena|Sitrus Berry|[eat]\n|-heal|p2a: Tsareena|35/100|[from] item: Sitrus Berry\n|move|p1b: Alakazam|Psychic|p2b: Talonflame\n|-crit|p2b: Talonflame\n|-damage|p2b: Talonflame|0 fnt\n|faint|p2b: Talonflame\n|move|p2a: Tsareena|Light Screen|p2a: Tsareena\n|-sidestart|p2: Brendan49|move: Light Screen\n|\n|upkeep\n|\n|t:|1776188826\n|switch|p2b: Bellibolt|Bellibolt, L50, M|100/100\n|turn|3\n|\n|t:|1776188851\n|switch|p1b: Steelix|Steelix, L50, F|100/100\n|move|p1a: Sneasler|Coaching|p1b: Steelix\n|-boost|p1b: Steelix|atk|1\n|-boost|p1b: Steelix|def|1\n|move|p2a: Tsareena|Petal Blizzard|p1a: Sneasler|[spread] p2b,p1a,p1b\n|-resisted|p1a: Sneasler|1\n|-damage|p2b: Bellibolt|73/100\n|-damage|p1a: Sneasler|66/100\n|-damage|p1b: Steelix|86/100\n|-start|p2b: Bellibolt|Charge|Petal Blizzard|[from] ability: Electromorphosis\n|move|p2b: Bellibolt|Discharge|p1a: Sneasler|[spread] p2a,p1a\n|-immune|p1b: Steelix\n|-resisted|p2a: Tsareena|1\n|-damage|p2a: Tsareena|17/100\n|-damage|p1a: Sneasler|0 fnt\n|faint|p1a: Sneasler\n|-end|p2b: Bellibolt|Charge|[silent]\n|\n|-heal|p2b: Bellibolt|79/100|[from] item: Leftovers\n|upkeep\n|\n|t:|1776188868\n|switch|p1a: Alakazam|Alakazam, L50, F|100/100\n|turn|4\n|\n|t:|1776188885\n|detailschange|p1b: Steelix|Steelix-Mega, L50, F\n|-mega|p1b: Steelix|Steelix|Steelixite\n|move|p1a: Alakazam|Light Screen|p1a: Alakazam\n|-sidestart|p1: skywalkingchris|move: Light Screen\n|move|p2a: Tsareena|Reflect|p2a: Tsareena\n|-sidestart|p2: Brendan49|Reflect\n|move|p2b: Bellibolt|Chilling Water|p1b: Steelix\n|-supereffective|p1b: Steelix|1\n|-damage|p1b: Steelix|65/100\n|-unboost|p1b: Steelix|atk|1\n|move|p1b: Steelix|Body Press|p2b: Bellibolt\n|-damage|p2b: Bellibolt|47/100\n|-start|p2b: Bellibolt|Charge|Body Press|[from] ability: Electromorphosis\n|\n|-heal|p2b: Bellibolt|53/100|[from] item: Leftovers\n|upkeep\n|turn|5\n|\n|t:|1776188918\n|move|p1b: Steelix|Protect|p1b: Steelix\n|-singleturn|p1b: Steelix|Protect\n|move|p1a: Alakazam|Reflect|p1a: Alakazam\n|-sidestart|p1: skywalkingchris|Reflect\n|move|p2a: Tsareena|Triple Axel|p1a: Alakazam\n|-damage|p1a: Alakazam|88/100\n|-damage|p1a: Alakazam|61/100\n|-damage|p1a: Alakazam|28/100\n|-hitcount|p1a: Alakazam|3\n|move|p2b: Bellibolt|Chilling Water|p1b: Steelix\n|-activate|p1b: Steelix|move: Protect\n|\n|-heal|p2b: Bellibolt|59/100|[from] item: Leftovers\n|-sideend|p2: Brendan49|move: Tailwind\n|upkeep\n|turn|6\n|\n|t:|1776188950\n|switch|p2a: Excadrill|Excadrill, L50, M|100/100\n|-ability|p2a: Excadrill|Mold Breaker\n|move|p1a: Alakazam|Psychic|p2b: Bellibolt\n|-damage|p2b: Bellibolt|20/100\n|-start|p2b: Bellibolt|Charge|Psychic|[from] ability: Electromorphosis\n|move|p2b: Bellibolt|Discharge|p1b: Steelix|[spread] p1a\n|-immune|p2a: Excadrill\n|-immune|p1b: Steelix\n|-damage|p1a: Alakazam|0 fnt\n|faint|p1a: Alakazam\n|-end|p2b: Bellibolt|Charge|[silent]\n|move|p1b: Steelix|Body Press|p2b: Bellibolt\n|-damage|p2b: Bellibolt|0 fnt\n|faint|p2b: Bellibolt\n|\n|-sideend|p2: Brendan49|move: Light Screen\n|upkeep\n|\n|t:|1776188967\n|switch|p1a: Gardevoir|Gardevoir, L50, F|100/100\n|switch|p2b: Tsareena|Tsareena, L50, F|17/100\n|turn|7\n|\n|t:|1776189013\n|detailschange|p2a: Excadrill|Excadrill-Mega, L50, M\n|-mega|p2a: Excadrill|Excadrill|Excadrite\n|move|p2a: Excadrill|Protect|p2a: Excadrill\n|-singleturn|p2a: Excadrill|Protect\n|move|p1a: Gardevoir|Protect|p1a: Gardevoir\n|-singleturn|p1a: Gardevoir|Protect\n|move|p2b: Tsareena|Triple Axel|p1b: Steelix\n|-damage|p1b: Steelix|63/100\n|-damage|p1b: Steelix|60/100\n|-damage|p1b: Steelix|54/100\n|-hitcount|p1b: Steelix|3\n|move|p1b: Steelix|Body Press|p2a: Excadrill\n|-activate|p2a: Excadrill|move: Protect\n|\n|upkeep\n|turn|8\n|\n|t:|1776189048\n|move|p2a: Excadrill|High Horsepower|p1b: Steelix\n|-supereffective|p1b: Steelix|1\n|-damage|p1b: Steelix|22/100\n|move|p1a: Gardevoir|Moonblast|p2a: Excadrill\n|-resisted|p2a: Excadrill|1\n|-damage|p2a: Excadrill|74/100\n|-unboost|p2a: Excadrill|spa|1\n|move|p2b: Tsareena|Triple Axel|p1b: Steelix|[miss]\n|-miss|p2b: Tsareena|p1b: Steelix\n|move|p1b: Steelix|Body Press|p2a: Excadrill\n|-supereffective|p2a: Excadrill|1\n|-damage|p2a: Excadrill|0 fnt\n|faint|p2a: Excadrill\n|\n|-sideend|p2: Brendan49|Reflect\n|-sideend|p1: skywalkingchris|move: Light Screen\n|upkeep\n|turn|9\n|-message|Brendan49 forfeited.\n|\n|win|skywalkingchris\n|raw|skywalkingchris's rating: 1000 &rarr; <strong>1050</strong><br />(+50 for winning)\n|raw|Brendan49's rating: 1085 &rarr; <strong>1057</strong><br />(-28 for losing)\n|l|\u2606Brendan49\n|player|p2|\n",
  "uploadtime": 1776189065,
  "views": 33,
  "formatid": "gen9championsvgc2026regma",
  "rating": 1050,
  "private": 0,
  "password": null
}