{
  "id": "gen9championsvgc2026regma-2584936336",
  "format": "[Gen 9 Champions] VGC 2026 Reg M-A",
  "players": [
    "switch2expensive",
    "fegeg45"
  ],
  "log": "|j|\u2606switch2expensive\n|j|\u2606fegeg45\n|t:|1776296104\n|gametype|doubles\n|player|p1|switch2expensive|265|1151\n|player|p2|fegeg45|larry|1150\n|gen|9\n|tier|[Gen 9 Champions] VGC 2026 Reg M-A\n|rated|\n|rule|Species Clause: Limit one of each Pok\u00e9mon\n|rule|Item Clause: Limit 1 of each item\n|clearpoke\n|poke|p1|Milotic, L50, M|\n|poke|p1|Meganium, L50, F|\n|poke|p1|Incineroar, L50, M|\n|poke|p1|Farigiraf, L50, M|\n|poke|p1|Typhlosion-Hisui, L50, F|\n|poke|p1|Corviknight, L50, F|\n|poke|p2|Venusaur, L50, M|\n|poke|p2|Torkoal, L50, M|\n|poke|p2|Farigiraf, L50, F|\n|poke|p2|Floette-Eternal, L50, F|\n|poke|p2|Garchomp, L50, M|\n|poke|p2|Incineroar, L50, F|\n|teampreview|4\n|\n|t:|1776296164\n|teamsize|p1|4\n|teamsize|p2|4\n|start\n|switch|p1a: Typhlosion|Typhlosion-Hisui, L50, F|100/100\n|switch|p1b: Farigiraf|Farigiraf, L50, M|100/100\n|switch|p2a: Torkoal|Torkoal, L50, M|100/100\n|switch|p2b: Farigiraf|Farigiraf, L50, F|100/100\n|-item|p2a: Torkoal|Charcoal|[from] ability: Frisk|[of] p1a: Typhlosion\n|-item|p2b: Farigiraf|Sitrus Berry|[from] ability: Frisk|[of] p1a: Typhlosion\n|-weather|SunnyDay|[from] ability: Drought|[of] p2a: Torkoal\n|turn|1\n|\n|t:|1776296201\n|move|p1a: Typhlosion|Eruption|p2a: Torkoal|[spread] p2a,p2b\n|-resisted|p2a: Torkoal|1\n|-crit|p2a: Torkoal\n|-damage|p2a: Torkoal|16/100\n|-damage|p2b: Farigiraf|26/100\n|-enditem|p2b: Farigiraf|Sitrus Berry|[eat]\n|-heal|p2b: Farigiraf|50/100|[from] item: Sitrus Berry\n|move|p2b: Farigiraf|Twin Beam|p1a: Typhlosion\n|-crit|p1a: Typhlosion\n|-damage|p1a: Typhlosion|68/100\n|-damage|p1a: Typhlosion|48/100\n|-hitcount|p1a: Typhlosion|2\n|move|p2a: Torkoal|Earth Power|p1a: Typhlosion\n|-supereffective|p1a: Typhlosion|1\n|-damage|p1a: Typhlosion|0 fnt\n|faint|p1a: Typhlosion\n|move|p1b: Farigiraf|Trick Room|p1b: Farigiraf\n|-fieldstart|move: Trick Room|[of] p1b: Farigiraf\n|\n|-weather|SunnyDay|[upkeep]\n|upkeep\n|\n|t:|1776296219\n|switch|p1a: Meganium|Meganium, L50, F|100/100\n|turn|2\n|inactive|Battle timer is ON: inactive players will automatically lose when time's up. (requested by fegeg45)\n|\n|t:|1776296251\n|move|p2a: Torkoal|Protect|p2a: Torkoal\n|-singleturn|p2a: Torkoal|Protect\n|move|p2b: Farigiraf|Hyper Voice|p1b: Farigiraf|[spread] p1a,p1b\n|-damage|p1a: Meganium|75/100\n|-damage|p1b: Farigiraf|75/100\n|move|p1b: Farigiraf|Hyper Voice|p2a: Torkoal|[spread] p2b\n|-activate|p2a: Torkoal|move: Protect\n|-damage|p2b: Farigiraf|28/100\n|move|p1a: Meganium|Weather Ball|p2a: Torkoal\n|-activate|p2a: Torkoal|move: Protect\n|\n|-weather|SunnyDay|[upkeep]\n|upkeep\n|turn|3\n|inactive|switch2expensive has 30 seconds left.\n|inactive|switch2expensive has 20 seconds left.\n|\n|t:|1776296287\n|move|p1a: Meganium|Protect|p1a: Meganium\n|-singleturn|p1a: Meganium|Protect\n|move|p2a: Torkoal|Heat Wave|p1b: Farigiraf|[spread] p1b\n|-activate|p1a: Meganium|move: Protect\n|-damage|p1b: Farigiraf|21/100\n|move|p2b: Farigiraf|Hyper Voice|p1b: Farigiraf|[spread] p1b\n|-activate|p1a: Meganium|move: Protect\n|-damage|p1b: Farigiraf|0 fnt\n|faint|p1b: Farigiraf\n|\n|-weather|SunnyDay|[upkeep]\n|upkeep\n|\n|t:|1776296297\n|switch|p1b: Corviknight|Corviknight, L50, F|100/100\n|turn|4\n|\n|t:|1776296313\n|detailschange|p1a: Meganium|Meganium-Mega, L50, F\n|-mega|p1a: Meganium|Meganium|Meganiumite\n|move|p1b: Corviknight|Protect|p1b: Corviknight\n|-singleturn|p1b: Corviknight|Protect\n|move|p2a: Torkoal|Heat Wave|p1b: Corviknight|[spread] p1a\n|-activate|p1b: Corviknight|move: Protect\n|-supereffective|p1a: Meganium|1\n|-damage|p1a: Meganium|0 fnt\n|faint|p1a: Meganium\n|move|p2b: Farigiraf|Hyper Voice|p1b: Corviknight\n|-activate|p1b: Corviknight|move: Protect\n|\n|-weather|SunnyDay|[upkeep]\n|upkeep\n|turn|5\n|-message|switch2expensive forfeited.\n|\n|win|fegeg45\n|raw|switch2expensive's rating: 1151 &rarr; <strong>1126</strong><br />(-25 for losing)\n|raw|fegeg45's rating: 1150 &rarr; <strong>1175</strong><br />(+25 for winning)\n|l|\u2606switch2expensive\n|player|p1|\n",
  "uploadtime": 1776296326,
  "views": 21,
  "formatid": "gen9championsvgc2026regma",
  "rating": 1126,
  "private": 0,
  "password": null
}