{
  "id": "gen9championsvgc2026regma-2582370721",
  "format": "[Gen 9 Champions] VGC 2026 Reg M-A",
  "players": [
    "Gronnkal1",
    "ShashKetchum"
  ],
  "log": "|j|\u2606Gronnkal1\n|j|\u2606ShashKetchum\n|t:|1776087099\n|gametype|doubles\n|player|p1|Gronnkal1|170|1131\n|player|p2|ShashKetchum|rocketgrunt|1046\n|gen|9\n|tier|[Gen 9 Champions] VGC 2026 Reg M-A\n|rated|\n|rule|Species Clause: Limit one of each Pok\u00e9mon\n|rule|Item Clause: Limit 1 of each item\n|clearpoke\n|poke|p1|Altaria, L50, M|\n|poke|p1|Dragapult, L50, F|\n|poke|p1|Garchomp, L50, M|\n|poke|p1|Kingambit, L50, F|\n|poke|p1|Sinistcha, L50|\n|poke|p1|Floette-Eternal, L50, F|\n|poke|p2|Aerodactyl, L50, F|\n|poke|p2|Victreebel, L50, M|\n|poke|p2|Garchomp, L50, M|\n|poke|p2|Clefable, L50, F|\n|poke|p2|Sneasler, L50, F|\n|poke|p2|Incineroar, L50, F|\n|teampreview|4\n|inactive|Battle timer is ON: inactive players will automatically lose when time's up. (requested by Gronnkal1)\n|\n|t:|1776087136\n|teamsize|p1|4\n|teamsize|p2|4\n|start\n|switch|p1a: Altaria|Altaria, L50, M|100/100\n|switch|p1b: Floette|Floette-Eternal, L50, F|100/100\n|switch|p2a: Aerodactyl|Aerodactyl, L50, F|100/100\n|switch|p2b: Sneasler|Sneasler, L50, F|100/100\n|-ability|p2a: Aerodactyl|Unnerve\n|-ability|p1a: Altaria|Cloud Nine\n|turn|1\n|\n|t:|1776087159\n|detailschange|p1b: Floette|Floette-Mega, L50, F\n|-mega|p1b: Floette|Floette|Floettite\n|-ability|p1b: Floette|Fairy Aura\n|move|p2a: Aerodactyl|Tailwind|p2a: Aerodactyl\n|-sidestart|p2: ShashKetchum|move: Tailwind\n|move|p2b: Sneasler|Dire Claw|p1b: Floette\n|-supereffective|p1b: Floette|1\n|-damage|p1b: Floette|28/100\n|move|p1b: Floette|Calm Mind|p1b: Floette\n|-boost|p1b: Floette|spa|1\n|-boost|p1b: Floette|spd|1\n|move|p1a: Altaria|Will-O-Wisp|p2b: Sneasler\n|-status|p2b: Sneasler|brn\n|\n|-damage|p2b: Sneasler|95/100 brn|[from] brn\n|upkeep\n|turn|2\n|\n|t:|1776087180\n|switch|p1a: Sinistcha|Sinistcha, L50|100/100\n|-heal|p1b: Floette|52/100|[from] ability: Hospitality|[of] p1a: Sinistcha\n|move|p1b: Floette|Protect|p1b: Floette\n|-singleturn|p1b: Floette|Protect\n|move|p2a: Aerodactyl|Rock Slide|p1b: Floette|[spread] p1a\n|-activate|p1b: Floette|move: Protect\n|-damage|p1a: Sinistcha|83/100\n|move|p2b: Sneasler|Dire Claw|p1b: Floette\n|-activate|p1b: Floette|move: Protect\n|\n|-damage|p2b: Sneasler|89/100 brn|[from] brn\n|upkeep\n|turn|3\n|\n|t:|1776087203\n|move|p1a: Sinistcha|Rage Powder|p1a: Sinistcha\n|-singleturn|p1a: Sinistcha|move: Rage Powder\n|move|p2a: Aerodactyl|Rock Slide|p1b: Floette|[spread] p1a,p1b\n|-damage|p1a: Sinistcha|65/100\n|-damage|p1b: Floette|32/100\n|move|p2b: Sneasler|Dire Claw|p1a: Sinistcha\n|-damage|p1a: Sinistcha|49/100\n|cant|p1b: Floette|flinch\n|\n|-damage|p2b: Sneasler|83/100 brn|[from] brn\n|upkeep\n|turn|4\n|\n|t:|1776087222\n|move|p1b: Floette|Protect|p1b: Floette\n|-singleturn|p1b: Floette|Protect\n|move|p2a: Aerodactyl|Rock Slide|p1b: Floette|[spread] p1a\n|-activate|p1b: Floette|move: Protect\n|-damage|p1a: Sinistcha|30/100\n|move|p2b: Sneasler|Dire Claw|p1b: Floette\n|-activate|p1b: Floette|move: Protect\n|move|p1a: Sinistcha|Life Dew|p1a: Sinistcha|[spread] p1a,p1b\n|-heal|p1a: Sinistcha|56/100\n|-heal|p1b: Floette|57/100\n|\n|-damage|p2b: Sneasler|78/100 brn|[from] brn\n|-sideend|p2: ShashKetchum|move: Tailwind\n|upkeep\n|turn|5\n|\n|t:|1776087243\n|move|p1a: Sinistcha|Rage Powder|p1a: Sinistcha\n|-singleturn|p1a: Sinistcha|move: Rage Powder\n|move|p2a: Aerodactyl|Tailwind|p2a: Aerodactyl\n|-sidestart|p2: ShashKetchum|move: Tailwind\n|move|p2b: Sneasler|Dire Claw|p1a: Sinistcha\n|-damage|p1a: Sinistcha|39/100\n|-status|p1a: Sinistcha|par\n|move|p1b: Floette|Draining Kiss|p2a: Aerodactyl\n|-damage|p2a: Aerodactyl|29/100\n|-heal|p1b: Floette|100/100|[from] drain|[of] p2a: Aerodactyl\n|\n|-damage|p2b: Sneasler|72/100 brn|[from] brn\n|upkeep\n|turn|6\n|\n|t:|1776087264\n|move|p1b: Floette|Protect|p1b: Floette\n|-singleturn|p1b: Floette|Protect\n|move|p2a: Aerodactyl|Dual Wingbeat|p1a: Sinistcha\n|-supereffective|p1a: Sinistcha|1\n|-damage|p1a: Sinistcha|11/100 par\n|-supereffective|p1a: Sinistcha|1\n|-damage|p1a: Sinistcha|0 fnt\n|faint|p1a: Sinistcha\n|-hitcount|p1: Sinistcha|2\n|move|p2b: Sneasler|Dire Claw|p1b: Floette\n|-activate|p1b: Floette|move: Protect\n|\n|-damage|p2b: Sneasler|66/100 brn|[from] brn\n|upkeep\n|\n|t:|1776087275\n|switch|p1a: Altaria|Altaria, L50, M|100/100\n|-ability|p1a: Altaria|Cloud Nine\n|turn|7\n|\n|t:|1776087288\n|move|p2a: Aerodactyl|Rock Slide|p1b: Floette|[spread] p1a,p1b\n|-supereffective|p1a: Altaria|1\n|-crit|p1b: Floette\n|-damage|p1a: Altaria|58/100\n|-damage|p1b: Floette|67/100\n|move|p2b: Sneasler|Dire Claw|p1b: Floette\n|-supereffective|p1b: Floette|1\n|-damage|p1b: Floette|29/100\n|-status|p1b: Floette|par\n|cant|p1a: Altaria|flinch\n|move|p1b: Floette|Draining Kiss|p2b: Sneasler\n|-damage|p2b: Sneasler|0 fnt\n|-heal|p1b: Floette|71/100 par|[from] drain|[of] p2b: Sneasler\n|faint|p2b: Sneasler\n|\n|-heal|p1a: Altaria|64/100|[from] item: Leftovers\n|upkeep\n|\n|t:|1776087306\n|switch|p2b: Victreebel|Victreebel, L50, M|100/100\n|turn|8\n|\n|t:|1776087322\n|detailschange|p2b: Victreebel|Victreebel-Mega, L50, M\n|-mega|p2b: Victreebel|Victreebel|Victreebelite\n|move|p2a: Aerodactyl|Rock Slide|p1b: Floette|[spread] p1a,p1b\n|-supereffective|p1a: Altaria|1\n|-damage|p1a: Altaria|21/100\n|-damage|p1b: Floette|52/100 par\n|move|p2b: Victreebel|Sludge Bomb|p1a: Altaria\n|-damage|p1a: Altaria|0 fnt\n|faint|p1a: Altaria\n|cant|p1b: Floette|flinch\n|\n|-sideend|p2: ShashKetchum|move: Tailwind\n|upkeep\n|\n|t:|1776087332\n|switch|p1a: Dragapult|Dragapult, L50, F|100/100\n|turn|9\n|\n|t:|1776087348\n|move|p1a: Dragapult|Shadow Ball|p2a: Aerodactyl\n|-crit|p2a: Aerodactyl\n|-damage|p2a: Aerodactyl|0 fnt\n|faint|p2a: Aerodactyl\n|move|p2b: Victreebel|Sludge Bomb|p1a: Dragapult\n|-resisted|p1a: Dragapult|1\n|-damage|p1a: Dragapult|70/100\n|cant|p1b: Floette|par\n|\n|upkeep\n|\n|t:|1776087358\n|switch|p2a: Incineroar|Incineroar, L50, F|100/100\n|-ability|p2a: Incineroar|Intimidate|boost\n|-unboost|p1a: Dragapult|atk|1\n|-unboost|p1b: Floette|atk|1\n|turn|10\n|\n|t:|1776087374\n|move|p1b: Floette|Protect|p1b: Floette\n|-singleturn|p1b: Floette|Protect\n|move|p2a: Incineroar|Fake Out|p1b: Floette\n|-activate|p1b: Floette|move: Protect\n|move|p1a: Dragapult|Flamethrower|p2b: Victreebel\n|-supereffective|p2b: Victreebel|1\n|-damage|p2b: Victreebel|37/100\n|move|p2b: Victreebel|Sludge Bomb|p1a: Dragapult\n|-resisted|p1a: Dragapult|1\n|-damage|p1a: Dragapult|39/100\n|-status|p1a: Dragapult|psn\n|\n|-damage|p1a: Dragapult|27/100 psn|[from] psn\n|upkeep\n|turn|11\n|\n|t:|1776087396\n|move|p2b: Victreebel|Protect|p2b: Victreebel\n|-singleturn|p2b: Victreebel|Protect\n|move|p1a: Dragapult|Flamethrower|p2b: Victreebel\n|-activate|p2b: Victreebel|move: Protect\n|move|p2a: Incineroar|Flare Blitz|p1b: Floette\n|-damage|p1b: Floette|3/100 par\n|-damage|p2a: Incineroar|86/100|[from] Recoil\n|move|p1b: Floette|Draining Kiss|p2a: Incineroar\n|-damage|p2a: Incineroar|37/100\n|-heal|p1b: Floette|44/100 par|[from] drain|[of] p2a: Incineroar\n|-enditem|p2a: Incineroar|Sitrus Berry|[eat]\n|-heal|p2a: Incineroar|61/100|[from] item: Sitrus Berry\n|\n|-damage|p1a: Dragapult|14/100 psn|[from] psn\n|upkeep\n|turn|12\n|inactive|ShashKetchum has 30 seconds left.\n|inactive|Gronnkal1 has 30 seconds left.\n|\n|t:|1776087426\n|move|p2b: Victreebel|Protect||[still]\n|-fail|p2b: Victreebel\n|move|p1a: Dragapult|Flamethrower|p2b: Victreebel\n|-supereffective|p2b: Victreebel|1\n|-damage|p2b: Victreebel|0 fnt\n|-damage|p1a: Dragapult|0 fnt|[from] ability: Innards Out|[of] p2b: Victreebel\n|faint|p2b: Victreebel\n|faint|p1a: Dragapult\n|move|p2a: Incineroar|Flare Blitz|p1b: Floette\n|-damage|p1b: Floette|0 fnt\n|faint|p1b: Floette\n|-damage|p2a: Incineroar|49/100|[from] Recoil\n|\n|win|ShashKetchum\n|raw|Gronnkal1's rating: 1131 &rarr; <strong>1100</strong><br />(-31 for losing)\n|raw|ShashKetchum's rating: 1046 &rarr; <strong>1087</strong><br />(+41 for winning)\n|l|\u2606Gronnkal1\n|player|p1|\n",
  "uploadtime": 1776087503,
  "views": 11,
  "formatid": "gen9championsvgc2026regma",
  "rating": 1087,
  "private": 0,
  "password": null
}