{
  "id": "gen9championsvgc2026regma-2587442627",
  "format": "[Gen 9 Champions] VGC 2026 Reg M-A",
  "players": [
    "hvv1409",
    "die420"
  ],
  "log": "|j|\u2606hvv1409\n|j|\u2606die420\n|t:|1776532185\n|gametype|doubles\n|player|p1|hvv1409|pokemonranger-gen4|1043\n|player|p2|die420|swimmerf-gen4|1088\n|gen|9\n|tier|[Gen 9 Champions] VGC 2026 Reg M-A\n|rated|\n|rule|Species Clause: Limit one of each Pok\u00e9mon\n|rule|Item Clause: Limit 1 of each item\n|clearpoke\n|poke|p1|Talonflame, L50, M, shiny|\n|poke|p1|Incineroar, L50, M, shiny|\n|poke|p1|Gardevoir, L50, F, shiny|\n|poke|p1|Garchomp, L50, M, shiny|\n|poke|p1|Charizard, L50, M, shiny|\n|poke|p1|Rotom-Heat, L50, shiny|\n|poke|p2|Incineroar, L50, M|\n|poke|p2|Torkoal, L50, M|\n|poke|p2|Hatterene, L50, F|\n|poke|p2|Kingambit, L50, M|\n|poke|p2|Machamp, L50, F|\n|poke|p2|Farigiraf, L50, F|\n|teampreview|4\n|inactive|Battle timer is ON: inactive players will automatically lose when time's up. (requested by die420)\n|inactive|hvv1409 has 60 seconds left.\n|\n|t:|1776532226\n|teamsize|p1|4\n|teamsize|p2|4\n|start\n|switch|p1a: Incineroar|Incineroar, L50, M, shiny|100/100\n|switch|p1b: Rotom|Rotom-Heat, L50, shiny|100/100\n|switch|p2a: Farigiraf|Farigiraf, L50, F|100/100\n|switch|p2b: Machamp|Machamp, L50, F|100/100\n|turn|1\n|inactive|hvv1409 has 30 seconds left.\n|\n|t:|1776532254\n|move|p1b: Rotom|Will-O-Wisp|p2b: Machamp\n|-status|p2b: Machamp|brn\n|move|p1a: Incineroar|Darkest Lariat|p2a: Farigiraf\n|-supereffective|p2a: Farigiraf|1\n|-damage|p2a: Farigiraf|26/100\n|-enditem|p2a: Farigiraf|Sitrus Berry|[eat]\n|-heal|p2a: Farigiraf|51/100|[from] item: Sitrus Berry\n|move|p2b: Machamp|Dynamic Punch|p1a: Incineroar\n|-supereffective|p1a: Incineroar|1\n|-damage|p1a: Incineroar|38/100\n|-start|p1a: Incineroar|confusion\n|-enditem|p1a: Incineroar|Sitrus Berry|[eat]\n|-heal|p1a: Incineroar|63/100|[from] item: Sitrus Berry\n|move|p2a: Farigiraf|Trick Room|p2a: Farigiraf\n|-fieldstart|move: Trick Room|[of] p2a: Farigiraf\n|\n|-damage|p2b: Machamp|94/100 brn|[from] brn\n|upkeep\n|turn|2\n|c|\u2606die420|Blaze incin?\n|inactive|hvv1409 has 30 seconds left.\n|inactive|die420 has 30 seconds left.\n|-activate|p1b: Rotom|item: Quick Claw\n|\n|t:|1776532284\n|move|p1b: Rotom|Overheat|p2b: Machamp\n|-damage|p2b: Machamp|39/100 brn\n|-unboost|p1b: Rotom|spa|2\n|move|p2b: Machamp|Knock Off|p1b: Rotom\n|-damage|p1b: Rotom|76/100\n|-enditem|p1b: Rotom|Quick Claw|[from] move: Knock Off|[of] p2b: Machamp\n|move|p2a: Farigiraf|Hyper Voice|p1b: Rotom|[spread] p1a,p1b\n|-damage|p1a: Incineroar|43/100\n|-damage|p1b: Rotom|39/100\n|-activate|p1a: Incineroar|confusion\n|move|p1a: Incineroar|Darkest Lariat|p2a: Farigiraf\n|-supereffective|p2a: Farigiraf|1\n|-damage|p2a: Farigiraf|0 fnt\n|faint|p2a: Farigiraf\n|\n|-damage|p2b: Machamp|33/100 brn|[from] brn\n|upkeep\n|\n|t:|1776532298\n|switch|p2a: Hatterene|Hatterene, L50, F|100/100\n|turn|3\n|-activate|p2a: Hatterene|item: Quick Claw\n|\n|t:|1776532315\n|move|p2a: Hatterene|Mystical Fire|p1b: Rotom\n|-resisted|p1b: Rotom|1\n|-damage|p1b: Rotom|24/100\n|-unboost|p1b: Rotom|spa|1\n|move|p2b: Machamp|Dynamic Punch|p1a: Incineroar\n|-supereffective|p1a: Incineroar|1\n|-damage|p1a: Incineroar|0 fnt\n|faint|p1a: Incineroar\n|move|p1b: Rotom|Thunderbolt|p2b: Machamp\n|-damage|p2b: Machamp|18/100 brn\n|\n|-damage|p2b: Machamp|12/100 brn|[from] brn\n|upkeep\n|\n|t:|1776532326\n|switch|p1a: Gardevoir|Gardevoir, L50, F, shiny|100/100\n|turn|4\n|\n|t:|1776532335\n|switch|p1b: fair|Garchomp, L50, M, shiny|100/100\n|detailschange|p1a: Gardevoir|Gardevoir-Mega, L50, F, shiny\n|-mega|p1a: Gardevoir|Gardevoir|Gardevoirite\n|move|p2a: Hatterene|Mystical Fire|p1a: Gardevoir\n|-damage|p1a: Gardevoir|79/100\n|-unboost|p1a: Gardevoir|spa|1\n|move|p2b: Machamp|Knock Off|p1a: Gardevoir\n|-damage|p1a: Gardevoir|57/100\n|move|p1a: Gardevoir|Hyper Voice|p2a: Hatterene|[spread] p2a,p2b\n|-supereffective|p2b: Machamp|1\n|-damage|p2a: Hatterene|71/100\n|-damage|p2b: Machamp|0 fnt\n|faint|p2b: Machamp\n|\n|upkeep\n|\n|t:|1776532348\n|switch|p2b: Kingambit|Kingambit, L50, M|100/100\n|turn|5\n|\n|t:|1776532359\n|switch|p1a: Rotom|Rotom-Heat, L50, shiny|24/100\n|move|p2a: Hatterene|Dazzling Gleam|p1a: Rotom|[spread] p1a,p1b\n|-resisted|p1a: Rotom|1\n|-supereffective|p1b: fair|1\n|-damage|p1a: Rotom|4/100\n|-damage|p1b: fair|44/100\n|move|p2b: Kingambit|Iron Head|p1a: Rotom\n|-resisted|p1a: Rotom|2\n|-damage|p1a: Rotom|0 fnt\n|faint|p1a: Rotom\n|move|p1b: fair|Earthquake|p2a: Hatterene|[spread] p2a,p2b\n|-supereffective|p2b: Kingambit|1\n|-damage|p2a: Hatterene|35/100\n|-damage|p2b: Kingambit|34/100\n|\n|-fieldend|move: Trick Room\n|upkeep\n|\n|t:|1776532371\n|switch|p1a: Gardevoir|Gardevoir-Mega, L50, F, shiny|57/100\n|turn|6\n|\n|t:|1776532380\n|move|p1a: Gardevoir|Protect|p1a: Gardevoir\n|-singleturn|p1a: Gardevoir|Protect\n|move|p2b: Kingambit|Protect|p2b: Kingambit\n|-singleturn|p2b: Kingambit|Protect\n|move|p1b: fair|Earthquake|p2b: Kingambit|[spread] p2a\n|-activate|p1a: Gardevoir|move: Protect\n|-activate|p2b: Kingambit|move: Protect\n|-crit|p2a: Hatterene\n|-damage|p2a: Hatterene|0 fnt\n|faint|p2a: Hatterene\n|\n|upkeep\n|turn|7\n|\n|t:|1776532402\n|move|p1a: Gardevoir|Protect||[still]\n|-fail|p1a: Gardevoir\n|move|p2b: Kingambit|Sucker Punch|p1b: fair\n|-damage|p1b: fair|4/100\n|-damage|p2b: Kingambit|22/100|[from] ability: Rough Skin|[of] p1b: fair\n|move|p1b: fair|Earthquake|p2b: Kingambit|[spread] p1a,p2b\n|-supereffective|p2b: Kingambit|1\n|-damage|p1a: Gardevoir|0 fnt\n|-damage|p2b: Kingambit|0 fnt\n|faint|p1a: Gardevoir\n|faint|p2b: Kingambit\n|\n|win|hvv1409\n|raw|hvv1409's rating: 1043 &rarr; <strong>1081</strong><br />(+38 for winning)\n|raw|die420's rating: 1088 &rarr; <strong>1062</strong><br />(-26 for losing)\n|l|\u2606die420\n|player|p2|\n",
  "uploadtime": 1776532419,
  "views": 27,
  "formatid": "gen9championsvgc2026regma",
  "rating": 1062,
  "private": 0,
  "password": null
}