{
  "id": "gen9championsvgc2026regma-2587096308",
  "format": "[Gen 9 Champions] VGC 2026 Reg M-A",
  "players": [
    "Bblue1234567891011",
    "Lin25"
  ],
  "log": "|j|\u2606Bblue1234567891011\n|j|\u2606Lin25\n|t:|1776492838\n|gametype|doubles\n|player|p1|Bblue1234567891011|265|1000\n|player|p2|Lin25|ash-kalos|1049\n|gen|9\n|tier|[Gen 9 Champions] VGC 2026 Reg M-A\n|rated|\n|rule|Species Clause: Limit one of each Pok\u00e9mon\n|rule|Item Clause: Limit 1 of each item\n|clearpoke\n|poke|p1|Glimmora, L50, M, shiny|\n|poke|p1|Tyranitar, L50, M, shiny|\n|poke|p1|Aggron, L50, F, shiny|\n|poke|p1|Aurorus, L50, F, shiny|\n|poke|p1|Torterra, L50, M|\n|poke|p1|Aegislash, L50, M|\n|poke|p2|Whimsicott, L50, M|\n|poke|p2|Charizard, L50, M|\n|poke|p2|Ninetales-Alola, L50, F|\n|poke|p2|Incineroar, L50, M|\n|poke|p2|Garchomp, L50, M|\n|poke|p2|Sneasler, L50, M|\n|teampreview|4\nBblue1234567891011 rejected open team sheets.\n|\n|t:|1776492928\n|teamsize|p1|4\n|teamsize|p2|4\n|start\n|switch|p1a: Glimmora|Glimmora, L50, M, shiny|100/100\n|switch|p1b: Tyranitar|Tyranitar, L50, M, shiny|100/100\n|switch|p2a: Sneasler|Sneasler, L50, M|100/100\n|switch|p2b: Incineroar|Incineroar, L50, M|100/100\n|-ability|p2b: Incineroar|Intimidate|boost\n|-unboost|p1a: Glimmora|atk|1\n|-unboost|p1b: Tyranitar|atk|1\n|-weather|Sandstorm|[from] ability: Sand Stream|[of] p1b: Tyranitar\n|turn|1\n|\n|t:|1776492996\n|move|p2b: Incineroar|Fake Out|p1a: Glimmora\n|-resisted|p1a: Glimmora|1\n|-damage|p1a: Glimmora|95/100\n|-activate|p1a: Glimmora|ability: Toxic Debris\n|-sidestart|p2: Lin25|move: Toxic Spikes\n|move|p2a: Sneasler|Close Combat|p1b: Tyranitar\n|-supereffective|p1b: Tyranitar|2\n|-damage|p1b: Tyranitar|0 fnt\n|-unboost|p2a: Sneasler|def|1\n|-unboost|p2a: Sneasler|spd|1\n|faint|p1b: Tyranitar\n|-enditem|p2a: Sneasler|White Herb\n|-clearnegativeboost|p2a: Sneasler|[silent]\n|cant|p1a: Glimmora|flinch\n|\n|-weather|Sandstorm|[upkeep]\n|-damage|p2a: Sneasler|95/100|[from] Sandstorm\n|-damage|p2b: Incineroar|95/100|[from] Sandstorm\n|upkeep\n|\n|t:|1776493013\n|switch|p1b: Aegislash|Aegislash, L50, M|100/100\n|turn|2\n|\n|t:|1776493029\n|move|p1a: Glimmora|Spiky Shield|p1a: Glimmora\n|-singleturn|p1a: Glimmora|move: Protect\n|move|p2a: Sneasler|Close Combat|p1a: Glimmora\n|-activate|p1a: Glimmora|move: Protect\n|-damage|p2a: Sneasler|82/100|[from] Spiky Shield|[of] p1a: Glimmora\n|move|p1b: Aegislash|Swords Dance|p1b: Aegislash\n|-boost|p1b: Aegislash|atk|2\n|move|p2b: Incineroar|Darkest Lariat|p1b: Aegislash\n|-supereffective|p1b: Aegislash|1\n|-damage|p1b: Aegislash|36/100\n|\n|-weather|Sandstorm|[upkeep]\n|-damage|p2a: Sneasler|77/100|[from] Sandstorm\n|-damage|p2b: Incineroar|89/100|[from] Sandstorm\n|upkeep\n|turn|3\n|\n|t:|1776493088\n|move|p2a: Sneasler|Rock Slide|p1a: Glimmora|[spread] p1a,p1b\n|-resisted|p1b: Aegislash|1\n|-damage|p1a: Glimmora|75/100\n|-damage|p1b: Aegislash|27/100\n|-activate|p1a: Glimmora|ability: Toxic Debris\n|-sidestart|p2: Lin25|move: Toxic Spikes\n|move|p1a: Glimmora|Stealth Rock|p2b: Incineroar\n|-sidestart|p2: Lin25|move: Stealth Rock\n|-formechange|p1b: Aegislash|Aegislash-Blade|\n|move|p1b: Aegislash|Shadow Claw|p2a: Sneasler\n|-damage|p2a: Sneasler|0 fnt\n|faint|p2a: Sneasler\n|move|p2b: Incineroar|Flare Blitz|p1a: Glimmora\n|-resisted|p1a: Glimmora|1\n|-damage|p1a: Glimmora|52/100\n|-damage|p2b: Incineroar|83/100|[from] Recoil\n|\n|-weather|Sandstorm|[upkeep]\n|-damage|p2b: Incineroar|77/100|[from] Sandstorm\n|upkeep\n|\n|t:|1776493114\n|switch|p2a: Garchomp|Garchomp, L50, M|100/100\n|-status|p2a: Garchomp|tox\n|-damage|p2a: Garchomp|95/100 tox|[from] Stealth Rock\n|turn|4\n|\n|t:|1776493125\n|move|p2a: Garchomp|Earthquake|p1a: Glimmora|[spread] p2b,p1a,p1b\n|-supereffective|p2b: Incineroar|1\n|-supereffective|p1a: Glimmora|2\n|-supereffective|p1b: Aegislash|1\n|-damage|p2b: Incineroar|0 fnt\n|-damage|p1a: Glimmora|0 fnt\n|-damage|p1b: Aegislash|0 fnt\n|faint|p2b: Incineroar\n|faint|p1a: Glimmora\n|faint|p1b: Aegislash\n|\n|-weather|Sandstorm|[upkeep]\n|-damage|p2a: Garchomp|89/100 tox|[from] psn\n|upkeep\n|inactive|Battle timer is ON: inactive players will automatically lose when time's up. (requested by Lin25)\n|\n|t:|1776493181\n|switch|p1b: Aurorus|Aurorus, L50, F, shiny|100/100\n|switch|p2b: Charizard|Charizard, L50, M|100/100\n|-damage|p2b: Charizard|51/100|[from] Stealth Rock\n|turn|5\n|\n|t:|1776493193\n|detailschange|p2b: Charizard|Charizard-Mega-Y, L50, M\n|-mega|p2b: Charizard|Charizard|Charizardite Y\n|-weather|SunnyDay|[from] ability: Drought|[of] p2b: Charizard\n|move|p2a: Garchomp|Earthquake|p1b: Aurorus|[spread] p1b\n|-immune|p2b: Charizard\n|-supereffective|p1b: Aurorus|1\n|-damage|p1b: Aurorus|15/100\n|move|p2b: Charizard|Weather Ball|p1b: Aurorus\n|-damage|p1b: Aurorus|0 fnt\n|faint|p1b: Aurorus\n|\n|win|Lin25\n|raw|Bblue1234567891011's rating: 1000 &rarr; <strong>1000</strong><br />(+0 for losing)\n|raw|Lin25's rating: 1049 &rarr; <strong>1077</strong><br />(+28 for winning)\n|l|\u2606Bblue1234567891011\n|player|p1|\n",
  "uploadtime": 1776493203,
  "views": 13,
  "formatid": "gen9championsvgc2026regma",
  "rating": 1000,
  "private": 0,
  "password": null
}