{
  "id": "gen9championsvgc2026regma-2588265476",
  "format": "[Gen 9 Champions] VGC 2026 Reg M-A",
  "players": [
    "Gurrasnurra5",
    "hugoggg"
  ],
  "log": "|j|\u2606Gurrasnurra5\n|j|\u2606hugoggg\n|html|<table width=\"100%\"><tr><td align=\"left\">Gurrasnurra5</td><td align=\"right\">hugoggg</tr><tr><td align=\"left\"><i class=\"fa fa-circle\"></i> <i class=\"fa fa-circle-o\"></i> </td><td align=\"right\"><i class=\"fa fa-circle-o\"></i> <i class=\"fa fa-circle\"></i> </tr></table>\n|uhtml|bestof|<h2><strong>Game 3</strong> of <a href=\"/game-bestof3-gen9championsvgc2026regma-2588260863\">a best-of-3</a></h2>\n|t:|1776619334\n|gametype|doubles\n|player|p1|Gurrasnurra5|2|\n|player|p2|hugoggg|170|\n|gen|9\n|tier|[Gen 9 Champions] VGC 2026 Reg M-A\n|rated|Tournament battle\n|rule|Species Clause: Limit one of each Pok\u00e9mon\n|rule|Item Clause: Limit 1 of each item\n|raw|<div class=\"infobox\"><details class=\"readmore\" open><summary><strong>1 custom rule:</strong></summary> Best of = 3</details></div>\n|clearpoke\n|poke|p1|Lucario, L50, M|\n|poke|p1|Whimsicott, L50, F|\n|poke|p1|Hydreigon, L50, F|\n|poke|p1|Volcarona, L50, M|\n|poke|p1|Garchomp, L50, F|\n|poke|p1|Rotom-Wash, L50|\n|poke|p2|Charizard, L50, M, shiny|\n|poke|p2|Venusaur, L50, F|\n|poke|p2|Aerodactyl, L50, M|\n|poke|p2|Sneasler, L50, M|\n|poke|p2|Farigiraf, L50, M|\n|poke|p2|Typhlosion-Hisui, L50, M|\n|teampreview|4\nGurrasnurra5 has agreed to open team sheets.\nhugoggg has agreed to open team sheets.\n|showteam|p1|Lucario||Lucarionite|InnerFocus|CloseCombat,MeteorMash,BulletPunch,Protect|||M|||50|]Whimsicott||FocusSash|Prankster|Moonblast,Tailwind,Encore,Protect|||F|||50|]Hydreigon||ScopeLens|Levitate|DracoMeteor,DarkPulse,FocusEnergy,Protect|||F|||50|]Volcarona||SitrusBerry|FlameBody|HeatWave,RagePowder,StruggleBug,Protect|||M|||50|]Garchomp||WhiteHerb|RoughSkin|Earthquake,StompingTantrum,RockSlide,Protect|||F|||50|]Rotom-Wash||Magnet|Levitate|Thunderbolt,Discharge,HydroPump,Protect||||||50|\n|showteam|p2|Charizard||CharizarditeY|Blaze|HeatWave,AirSlash,WeatherBall,Protect|||M|||50|]Venusaur||FocusSash|Chlorophyll|EnergyBall,SludgeBomb,SleepPowder,Protect|||F|||50|]Aerodactyl||Aerodactylite|RockHead|RockSlide,Tailwind,DualWingbeat,Protect|||M|||50|]Sneasler||WhiteHerb|Unburden|DireClaw,CloseCombat,FakeOut,Protect|||M|||50|]Farigiraf||SitrusBerry|ArmorTail|Psychic,HyperVoice,Protect,HelpingHand|||M|||50|]Typhlosion-Hisui||ChoiceScarf|Blaze|Eruption,ShadowBall,HeatWave,Overheat|||M|||50|\n|j| crazyshit14\n|\n|t:|1776619350\n|teamsize|p1|4\n|teamsize|p2|4\n|start\n|switch|p1a: Volcarona|Volcarona, L50, M|100/100\n|switch|p1b: Garchomp|Garchomp, L50, F|100/100\n|switch|p2a: Charizard|Charizard, L50, M, shiny|100/100\n|switch|p2b: Venusaur|Venusaur, L50, F|100/100\n|turn|1\n|l| crazyshit14\n|\n|t:|1776619376\n|detailschange|p2a: Charizard|Charizard-Mega-Y, L50, M, shiny\n|-mega|p2a: Charizard|Charizard|Charizardite Y\n|-weather|SunnyDay|[from] ability: Drought|[of] p2a: Charizard\n|move|p1a: Volcarona|Rage Powder|p1a: Volcarona\n|-singleturn|p1a: Volcarona|move: Rage Powder\n|move|p2b: Venusaur|Sleep Powder|p1b: Garchomp\n|-status|p1b: Garchomp|slp|[from] move: Sleep Powder\n|cant|p1b: Garchomp|slp\n|move|p2a: Charizard|Air Slash|p1a: Volcarona\n|-supereffective|p1a: Volcarona|1\n|-damage|p1a: Volcarona|21/100\n|-enditem|p1a: Volcarona|Sitrus Berry|[eat]\n|-heal|p1a: Volcarona|46/100|[from] item: Sitrus Berry\n|\n|-weather|SunnyDay|[upkeep]\n|upkeep\n|turn|2\n|j| crazyshit14\n|j| Rolling Stonedge\n|c|\u2606Gurrasnurra5|jag e dum\n|c|\u2606Gurrasnurra5|gl\u00f6mde att venu \u00e4r grass\n|c|\u2606hugoggg|sonion\n|\n|t:|1776619417\n|move|p2b: Venusaur|Energy Ball|p1b: Garchomp\n|-damage|p1b: Garchomp|56/100 slp\n|-unboost|p1b: Garchomp|spd|1\n|-enditem|p1b: Garchomp|White Herb\n|-clearnegativeboost|p1b: Garchomp|[silent]\n|-curestatus|p1b: Garchomp|slp|[msg]\n|move|p1b: Garchomp|Rock Slide|p2b: Venusaur|[spread] p2a,p2b\n|-supereffective|p2a: Charizard|2\n|-damage|p2a: Charizard|2/100\n|-damage|p2b: Venusaur|73/100\n|cant|p2a: Charizard|flinch\n|move|p1a: Volcarona|Heat Wave|p2a: Charizard|[spread] p2a,p2b\n|-resisted|p2a: Charizard|1\n|-supereffective|p2b: Venusaur|1\n|-damage|p2a: Charizard|0 fnt\n|-damage|p2b: Venusaur|0 fnt\n|faint|p2a: Charizard\n|faint|p2b: Venusaur\n|\n|-weather|SunnyDay|[upkeep]\n|upkeep\n|\n|t:|1776619427\n|switch|p2a: Aerodactyl|Aerodactyl, L50, M|100/100\n|switch|p2b: Sneasler|Sneasler, L50, M|100/100\n|turn|3\n|c|\u2606Gurrasnurra5|skill\n|c|\u2606hugoggg|Oh crap\n|c|\u2606hugoggg|igjen\n|c|\u2606hugoggg|sonion\n|\n|t:|1776619449\n|move|p1b: Garchomp|Protect|p1b: Garchomp\n|-singleturn|p1b: Garchomp|Protect\n|move|p1a: Volcarona|Protect|p1a: Volcarona\n|-singleturn|p1a: Volcarona|Protect\n|move|p2a: Aerodactyl|Rock Slide|p1b: Garchomp|[spread] \n|-activate|p1a: Volcarona|move: Protect\n|-activate|p1b: Garchomp|move: Protect\n|move|p2b: Sneasler|Close Combat|p1b: Garchomp\n|-activate|p1b: Garchomp|move: Protect\n|\n|-weather|SunnyDay|[upkeep]\n|upkeep\n|turn|4\n|\n|t:|1776619466\n|switch|p1a: Lucario|Lucario, L50, M|100/100\n|move|p2a: Aerodactyl|Rock Slide|p1b: Garchomp|[spread] p1a,p1b\n|-resisted|p1a: Lucario|2\n|-resisted|p1b: Garchomp|1\n|-damage|p1a: Lucario|91/100\n|-damage|p1b: Garchomp|43/100\n|move|p2b: Sneasler|Close Combat|p1b: Garchomp\n|-damage|p1b: Garchomp|0 fnt\n|-unboost|p2b: Sneasler|def|1\n|-unboost|p2b: Sneasler|spd|1\n|-damage|p2b: Sneasler|88/100|[from] ability: Rough Skin|[of] p1b: Garchomp\n|faint|p1b: Garchomp\n|-enditem|p2b: Sneasler|White Herb\n|-clearnegativeboost|p2b: Sneasler|[silent]\n|\n|-weather|SunnyDay|[upkeep]\n|upkeep\n|\n|t:|1776619469\n|switch|p1b: Volcarona|Volcarona, L50, M|46/100\n|turn|5\n|\n|t:|1776619481\n|detailschange|p1a: Lucario|Lucario-Mega, L50, M\n|-mega|p1a: Lucario|Lucario|Lucarionite\n|move|p2a: Aerodactyl|Protect|p2a: Aerodactyl\n|-singleturn|p2a: Aerodactyl|Protect\n|move|p1b: Volcarona|Rage Powder|p1b: Volcarona\n|-singleturn|p1b: Volcarona|move: Rage Powder\n|move|p2b: Sneasler|Dire Claw|p1b: Volcarona\n|-damage|p1b: Volcarona|0 fnt\n|-status|p2b: Sneasler|brn|[from] ability: Flame Body|[of] p1b: Volcarona\n|faint|p1b: Volcarona\n|move|p1a: Lucario|Meteor Mash|p2a: Aerodactyl\n|-activate|p2a: Aerodactyl|move: Protect\n|\n|-weather|none\n|-damage|p2b: Sneasler|83/100 brn|[from] brn\n|upkeep\n|\n|t:|1776619485\n|switch|p1b: Whimsicott|Whimsicott, L50, F|100/100\n|turn|6\n|\n|t:|1776619504\n|move|p1b: Whimsicott|Encore|p2a: Aerodactyl\n|-start|p2a: Aerodactyl|Encore\n|move|p2a: Aerodactyl|Protect||[still]\n|-fail|p2a: Aerodactyl\n|move|p2b: Sneasler|Close Combat|p1a: Lucario\n|-supereffective|p1a: Lucario|1\n|-damage|p1a: Lucario|0 fnt\n|-unboost|p2b: Sneasler|def|1\n|-unboost|p2b: Sneasler|spd|1\n|faint|p1a: Lucario\n|\n|-damage|p2b: Sneasler|77/100 brn|[from] brn\n|upkeep\n|turn|7\n|c|\u2606Gurrasnurra5|fan\n|\n|t:|1776619521\n|move|p2a: Aerodactyl|Protect|p2a: Aerodactyl\n|-singleturn|p2a: Aerodactyl|Protect\n|move|p1b: Whimsicott|Encore|p2b: Sneasler\n|-start|p2b: Sneasler|Encore\n|move|p2b: Sneasler|Close Combat|p1b: Whimsicott\n|-resisted|p1b: Whimsicott|1\n|-damage|p1b: Whimsicott|75/100\n|-unboost|p2b: Sneasler|def|1\n|-unboost|p2b: Sneasler|spd|1\n|\n|-damage|p2b: Sneasler|71/100 brn|[from] brn\n|upkeep\n|turn|8\n|\n|t:|1776619536\n|move|p2a: Aerodactyl|Protect||[still]\n|-fail|p2a: Aerodactyl\n|move|p2b: Sneasler|Close Combat|p1b: Whimsicott\n|-resisted|p1b: Whimsicott|1\n|-damage|p1b: Whimsicott|51/100\n|-unboost|p2b: Sneasler|def|1\n|-unboost|p2b: Sneasler|spd|1\n|move|p1b: Whimsicott|Moonblast|p2b: Sneasler\n|-damage|p2b: Sneasler|0 fnt\n|faint|p2b: Sneasler\n|\n|-end|p2a: Aerodactyl|Encore\n|upkeep\n|turn|9\n|j| plopy14\n|\n|t:|1776619550\n|move|p2a: Aerodactyl|Protect|p2a: Aerodactyl\n|-singleturn|p2a: Aerodactyl|Protect\n|move|p1b: Whimsicott|Encore|p2a: Aerodactyl\n|-activate|p2a: Aerodactyl|move: Protect\n|\n|upkeep\n|turn|10\n|\n|t:|1776619558\n|move|p1b: Whimsicott|Encore|p2a: Aerodactyl\n|-start|p2a: Aerodactyl|Encore\n|move|p2a: Aerodactyl|Protect||[still]\n|-fail|p2a: Aerodactyl\n|\n|upkeep\n|turn|11\n|\n|t:|1776619563\n|move|p2a: Aerodactyl|Protect|p2a: Aerodactyl\n|-singleturn|p2a: Aerodactyl|Protect\n|move|p1b: Whimsicott|Tailwind|p1b: Whimsicott\n|-sidestart|p1: Gurrasnurra5|move: Tailwind\n|\n|upkeep\n|turn|12\n|\n|t:|1776619567\n|move|p2a: Aerodactyl|Protect||[still]\n|-fail|p2a: Aerodactyl\n|move|p1b: Whimsicott|Moonblast|p2a: Aerodactyl\n|-damage|p2a: Aerodactyl|48/100\n|\n|-end|p2a: Aerodactyl|Encore\n|upkeep\n|turn|13\n|\n|t:|1776619576\n|move|p1b: Whimsicott|Encore||[still]\n|-fail|p1b: Whimsicott\n|move|p2a: Aerodactyl|Dual Wingbeat|p1b: Whimsicott|[miss]\n|-miss|p2a: Aerodactyl|p1b: Whimsicott\n|\n|upkeep\n|turn|14\n|c| plopy14|saved\n|c|\u2606hugoggg|:(\n|c|\u2606Gurrasnurra5|oops\n|\n|t:|1776619593\n|move|p1b: Whimsicott|Moonblast|p2a: Aerodactyl\n|-damage|p2a: Aerodactyl|0 fnt\n|faint|p2a: Aerodactyl\n|\n|win|Gurrasnurra5\n|c|\u2606Gurrasnurra5|ggwp!\n|c|\u2606hugoggg|ggwp!\n|c|\u2606Gurrasnurra5|hade lite tur d\u00e4r\n|l| crazyshit14\n|c|\u2606Gurrasnurra5|kommer aldrig vinna \u00f6ver mig frfr\n|l| Rolling Stonedge\n|c|\u2606hugoggg|Dette er s\u00e5 ragebait\n|l|\u2606Gurrasnurra5\n|player|p1|\n|c|\u2606hugoggg|alltid 2-1 ogs\u00e5\n",
  "uploadtime": 1776619658,
  "views": 11,
  "formatid": "gen9championsvgc2026regma",
  "rating": null,
  "private": 0,
  "password": null
}