{
  "id": "gen9championsvgc2026regma-2589444111",
  "format": "[Gen 9 Champions] VGC 2026 Reg M-A",
  "players": [
    "mysticfgc",
    "MimikyuBot"
  ],
  "log": "|j|\u2606mysticfgc\n|j|\u2606MimikyuBot\n|t:|1776723471\n|gametype|doubles\n|player|p1|mysticfgc|cynthia|1000\n|player|p2|MimikyuBot|266|1008\n|gen|9\n|tier|[Gen 9 Champions] VGC 2026 Reg M-A\n|rated|\n|rule|Species Clause: Limit one of each Pok\u00e9mon\n|rule|Item Clause: Limit 1 of each item\n|clearpoke\n|poke|p1|Espathra, L50, F|\n|poke|p1|Pelipper, L50, F|\n|poke|p1|Blastoise, L50, F|\n|poke|p1|Sinistcha, L50|\n|poke|p1|Gardevoir, L50, M|\n|poke|p1|Audino, L50, F|\n|poke|p2|Aegislash, L50, M, shiny|\n|poke|p2|Whimsicott, L50, M, shiny|\n|poke|p2|Gallade, L50, M, shiny|\n|poke|p2|Incineroar, L50, M, shiny|\n|poke|p2|Clefable, L50, F, shiny|\n|poke|p2|Milotic, L50, F, shiny|\n|teampreview|4\nMimikyuBot has agreed to open team sheets.\n|inactive|Battle timer is ON: inactive players will automatically lose when time's up. (requested by mysticfgc)\n|inactive|MimikyuBot has 60 seconds left.\n|c|\u2606mysticfgc|yes u are a bot\n|c|\u2606mysticfgc|hurry df up\n|inactive|MimikyuBot has 30 seconds left.\n|inactive|MimikyuBot has 20 seconds left.\n|inactive|MimikyuBot has 15 seconds left.\n|inactive|MimikyuBot has 10 seconds left.\n|inactive|MimikyuBot has 5 seconds left.\n|\n|t:|1776723565\n|teamsize|p1|4\n|teamsize|p2|4\n|start\n|switch|p1a: Espathra|Espathra, L50, F|100/100\n|switch|p1b: Sinistcha|Sinistcha, L50|100/100\n|switch|p2a: Aegislash|Aegislash, L50, M, shiny|100/100\n|switch|p2b: Whimsicott|Whimsicott, L50, M, shiny|100/100\n|turn|1\n|inactive|MimikyuBot also wants the timer to be on.\n|\n|t:|1776723579\n|-formechange|p2a: Aegislash|Aegislash-Blade|\n|move|p2a: Aegislash|Shadow Sneak|p1b: Sinistcha\n|-supereffective|p1b: Sinistcha|1\n|-damage|p1b: Sinistcha|45/100\n|move|p2b: Whimsicott|Moonblast|p1b: Sinistcha\n|-damage|p1b: Sinistcha|9/100\n|move|p1a: Espathra|Calm Mind|p1a: Espathra\n|-boost|p1a: Espathra|spa|1\n|-boost|p1a: Espathra|spd|1\n|move|p1b: Sinistcha|Trick Room|p1b: Sinistcha\n|-fieldstart|move: Trick Room|[of] p1b: Sinistcha\n|\n|-heal|p1b: Sinistcha|16/100|[from] item: Leftovers\n|-ability|p1a: Espathra|Speed Boost|boost\n|-boost|p1a: Espathra|spe|1\n|upkeep\n|turn|2\n|\n|t:|1776723595\n|move|p1b: Sinistcha|Rage Powder|p1b: Sinistcha\n|-singleturn|p1b: Sinistcha|move: Rage Powder\n|move|p2a: Aegislash|Iron Head|p1b: Sinistcha\n|-damage|p1b: Sinistcha|0 fnt\n|faint|p1b: Sinistcha\n|move|p2b: Whimsicott|Moonblast|p1a: Espathra\n|-damage|p1a: Espathra|62/100\n|move|p1a: Espathra|Baton Pass|p1a: Espathra\n|\n|t:|1776723603\n|switch|p1a: Gardevoir|Gardevoir, L50, M|100/100|[from] Baton Pass\n|\n|upkeep\n|\n|t:|1776723606\n|switch|p1b: Audino|Audino, L50, F|100/100\n|turn|3\n|inactive|mysticfgc has 30 seconds left.\n|\n|t:|1776723635\n|switch|p2b: Gallade|Gallade, L50, M, shiny|100/100\n|detailschange|p1a: Gardevoir|Gardevoir-Mega, L50, M\n|-mega|p1a: Gardevoir|Gardevoir|Gardevoirite\n|move|p2a: Aegislash|Shadow Sneak|p1a: Gardevoir\n|-supereffective|p1a: Gardevoir|1\n|-damage|p1a: Gardevoir|29/100\n|move|p1b: Audino|Heal Pulse|p1a: Gardevoir\n|-heal|p1a: Gardevoir|79/100\n|move|p1a: Gardevoir|Mystical Fire|p2a: Aegislash\n|-supereffective|p2a: Aegislash|1\n|-damage|p2a: Aegislash|0 fnt\n|faint|p2a: Aegislash\n|\n|upkeep\n|\n|t:|1776723635\n|switch|p2a: Whimsicott|Whimsicott, L50, M, shiny|100/100\n|turn|4\n|\n|t:|1776723658\n|detailschange|p2b: Gallade|Gallade-Mega, L50, M, shiny\n|-mega|p2b: Gallade|Gallade|Galladite\n|move|p1b: Audino|Heal Pulse|p1a: Gardevoir\n|-heal|p1a: Gardevoir|100/100\n|move|p2b: Gallade|Sacred Sword|p1b: Audino\n|-supereffective|p1b: Audino|1\n|-damage|p1b: Audino|0 fnt\n|faint|p1b: Audino\n|move|p1a: Gardevoir|Hyper Voice|p2b: Gallade|[spread] p2a,p2b\n|-supereffective|p2b: Gallade|1\n|-enditem|p2a: Whimsicott|Focus Sash\n|-damage|p2a: Whimsicott|1/100\n|-damage|p2b: Gallade|0 fnt\n|faint|p2b: Gallade\n|move|p2a: Whimsicott|Moonblast|p1a: Gardevoir\n|-damage|p1a: Gardevoir|78/100\n|\n|upkeep\n|\n|t:|1776723669\n|switch|p1b: Espathra|Espathra, L50, F|62/100\n|switch|p2b: Incineroar|Incineroar, L50, M, shiny|100/100\n|-ability|p2b: Incineroar|Intimidate|boost\n|-unboost|p1a: Gardevoir|atk|1\n|-unboost|p1b: Espathra|atk|1\n|turn|5\n|\n|t:|1776723685\n|move|p1b: Espathra|Protect|p1b: Espathra\n|-singleturn|p1b: Espathra|Protect\n|move|p2b: Incineroar|Flare Blitz|p1a: Gardevoir\n|-damage|p1a: Gardevoir|23/100\n|-damage|p2b: Incineroar|88/100|[from] Recoil\n|move|p1a: Gardevoir|Hyper Voice|p2a: Whimsicott|[spread] p2a,p2b\n|-damage|p2a: Whimsicott|0 fnt\n|-damage|p2b: Incineroar|27/100\n|faint|p2a: Whimsicott\n|\n|-heal|p2b: Incineroar|33/100|[from] item: Leftovers\n|-fieldend|move: Trick Room\n|-ability|p1b: Espathra|Speed Boost|boost\n|-boost|p1b: Espathra|spe|1\n|upkeep\n|turn|6\n|\n|t:|1776723700\n|move|p1b: Espathra|Lumina Crash|p2b: Incineroar\n|-immune|p2b: Incineroar\n|move|p1a: Gardevoir|Hyper Voice|p2b: Incineroar\n|-damage|p2b: Incineroar|0 fnt\n|faint|p2b: Incineroar\n|\n|win|mysticfgc\n",
  "uploadtime": 1776723567,
  "views": 4,
  "formatid": "gen9championsvgc2026regma",
  "rating": null,
  "private": 0,
  "password": null
}