{
  "id": "gen9championsvgc2026regma-2581053052",
  "format": "[Gen 9 Champions] VGC 2026 Reg M-A",
  "players": [
    "SavPass9",
    "Trans Grill"
  ],
  "log": "|j|\u2606SavPass9\n|j|\u2606Trans Grill\n|t:|1775955429\n|gametype|doubles\n|player|p1|SavPass9|101|1000\n|player|p2|Trans Grill|lady|1041\n|gen|9\n|tier|[Gen 9 Champions] VGC 2026 Reg M-A\n|rated|\n|rule|Species Clause: Limit one of each Pok\u00e9mon\n|rule|Item Clause: Limit 1 of each item\n|clearpoke\n|poke|p1|Orthworm, L50, F|\n|poke|p1|Incineroar, L50, F|\n|poke|p1|Froslass, L50, F|\n|poke|p1|Basculegion, L50, M|\n|poke|p1|Rotom-Frost, L50|\n|poke|p1|Garchomp, L50, F|\n|poke|p2|Vivillon, L50, F|\n|poke|p2|Whimsicott, L50, M|\n|poke|p2|Gyarados, L50, M|\n|poke|p2|Incineroar, L50, M|\n|poke|p2|Aegislash, L50, F|\n|poke|p2|Dragonite, L50, M|\n|teampreview|4\nSavPass9 has agreed to open team sheets.\nTrans Grill has agreed to open team sheets.\n|showteam|p1|Orthworm||SitrusBerry|EarthEater|ShedTail,HeavySlam,IronDefense,BodyPress|||F|||50|]Incineroar||LumBerry|Intimidate|FakeOut,PartingShot,FlareBlitz,DarkestLariat|||F|||50|]Froslass||Froslassite|CursedBody|Blizzard,Protect,ShadowBall,NastyPlot|||F|||50|]Basculegion||ChoiceScarf|Adaptability|WaveCrash,LastRespects,FlipTurn,AquaJet|||M|||50|]Rotom-Frost||NeverMeltIce|Levitate|Blizzard,Thunderbolt,Protect,HelpingHand||||||50|]Garchomp||FocusSash|RoughSkin|Protect,RockSlide,Earthquake,DragonClaw|||F|||50|\n|showteam|p2|Vivillon||ChartiBerry|FriendGuard|RagePowder,Tailwind,PollenPuff,Protect|||F|||50|]Whimsicott||MentalHerb|Prankster|Tailwind,Moonblast,Protect,WorrySeed|||M|||50|]Gyarados||Gyaradosite|Intimidate|DragonDance,Earthquake,Waterfall,Protect|||M|||50|]Incineroar||SitrusBerry|Intimidate|FakeOut,PartingShot,FlareBlitz,Taunt|||M|||50|]Aegislash||LumBerry|StanceChange|KingsShield,ShadowBall,FlashCannon,ShadowSneak|||F|||50|]Dragonite||ChoiceScarf|InnerFocus|Earthquake,RockSlide,DragonClaw,IronHead|||M|||50|\n|\n|t:|1775955507\n|teamsize|p1|4\n|teamsize|p2|4\n|start\n|switch|p1a: Orthworm|Orthworm, L50, F|100/100\n|switch|p1b: Incineroar|Incineroar, L50, F|100/100\n|switch|p2a: Gyarados|Gyarados, L50, M|100/100\n|switch|p2b: Incineroar|Incineroar, L50, M|100/100\n|-ability|p2a: Gyarados|Intimidate|boost\n|-unboost|p1a: Orthworm|atk|1\n|-unboost|p1b: Incineroar|atk|1\n|-ability|p2b: Incineroar|Intimidate|boost\n|-unboost|p1a: Orthworm|atk|1\n|-unboost|p1b: Incineroar|atk|1\n|-ability|p1b: Incineroar|Intimidate|boost\n|-unboost|p2a: Gyarados|atk|1\n|-unboost|p2b: Incineroar|atk|1\n|turn|1\n|\n|t:|1775955533\n|move|p2a: Gyarados|Protect|p2a: Gyarados\n|-singleturn|p2a: Gyarados|Protect\n|move|p1b: Incineroar|Fake Out|p2a: Gyarados\n|-activate|p2a: Gyarados|move: Protect\n|move|p2b: Incineroar|Fake Out|p1a: Orthworm\n|-resisted|p1a: Orthworm|1\n|-damage|p1a: Orthworm|98/100\n|cant|p1a: Orthworm|flinch\n|\n|upkeep\n|turn|2\n|\n|t:|1775955561\n|detailschange|p2a: Gyarados|Gyarados-Mega, L50, M\n|-mega|p2a: Gyarados|Gyarados|Gyaradosite\n|-ability|p2a: Gyarados|Mold Breaker\n|move|p2a: Gyarados|Dragon Dance|p2a: Gyarados\n|-boost|p2a: Gyarados|atk|1\n|-boost|p2a: Gyarados|spe|1\n|move|p1a: Orthworm|Shed Tail|p1a: Orthworm\n|-start|p1a: Orthworm|Substitute|[from] move: Shed Tail\n|-damage|p1a: Orthworm|48/100\n|-enditem|p1a: Orthworm|Sitrus Berry|[eat]\n|-heal|p1a: Orthworm|73/100|[from] item: Sitrus Berry\n|\n|t:|1775955571\n|switch|p1a: Froslass|Froslass, L50, F|100/100|[from] Shed Tail\n|move|p2b: Incineroar|Parting Shot|p1a: Froslass\n|-unboost|p1a: Froslass|atk|1\n|-unboost|p1a: Froslass|spa|1\n|\n|t:|1775955581\n|switch|p2b: Aegislash|Aegislash, L50, F|100/100|[from] Parting Shot\n|move|p1b: Incineroar|Parting Shot|p2a: Gyarados\n|-unboost|p2a: Gyarados|atk|1\n|-unboost|p2a: Gyarados|spa|1\n|\n|t:|1775955601\n|switch|p1b: Basculegion|Basculegion, L50, M|100/100|[from] Parting Shot\n|\n|upkeep\n|turn|3\n|\n|t:|1775955660\n|move|p1b: Basculegion|Flip Turn|p2a: Gyarados\n|-resisted|p2a: Gyarados|1\n|-damage|p2a: Gyarados|83/100\n|\n|t:|1775955663\n|switch|p1b: Incineroar|Incineroar, L50, F|100/100|[from] Flip Turn\n|-ability|p1b: Incineroar|Intimidate|boost\n|-unboost|p2a: Gyarados|atk|1\n|-unboost|p2b: Aegislash|atk|1\n|move|p2a: Gyarados|Dragon Dance|p2a: Gyarados\n|-boost|p2a: Gyarados|atk|1\n|-boost|p2a: Gyarados|spe|1\n|move|p1a: Froslass|Shadow Ball|p2b: Aegislash\n|-supereffective|p2b: Aegislash|1\n|-damage|p2b: Aegislash|74/100\n|-unboost|p2b: Aegislash|spd|1\n|-formechange|p2b: Aegislash|Aegislash-Blade|\n|move|p2b: Aegislash|Shadow Ball|p1b: Incineroar\n|-resisted|p1b: Incineroar|1\n|-damage|p1b: Incineroar|82/100\n|\n|upkeep\n|turn|4\n|\n|t:|1775955687\n|-formechange|p2b: Aegislash|Aegislash|\n|move|p2b: Aegislash|King's Shield|p2b: Aegislash\n|-singleturn|p2b: Aegislash|Protect\n|move|p1b: Incineroar|Fake Out|p2a: Gyarados\n|-damage|p2a: Gyarados|73/100\n|cant|p2a: Gyarados|flinch\n|move|p1a: Froslass|Shadow Ball|p2b: Aegislash\n|-activate|p2b: Aegislash|move: Protect\n|\n|upkeep\n|turn|5\n|\n|t:|1775955710\n|move|p2a: Gyarados|Dragon Dance|p2a: Gyarados\n|-boost|p2a: Gyarados|atk|1\n|-boost|p2a: Gyarados|spe|1\n|move|p1a: Froslass|Nasty Plot|p1a: Froslass\n|-boost|p1a: Froslass|spa|2\n|-formechange|p2b: Aegislash|Aegislash-Blade|\n|move|p2b: Aegislash|Shadow Ball|p1a: Froslass\n|-supereffective|p1a: Froslass|1\n|-end|p1a: Froslass|Substitute\n|move|p1b: Incineroar|Parting Shot|p2a: Gyarados\n|-unboost|p2a: Gyarados|atk|1\n|-unboost|p2a: Gyarados|spa|1\n|\n|t:|1775955729\n|switch|p1b: Basculegion|Basculegion, L50, M|100/100|[from] Parting Shot\n|\n|upkeep\n|turn|6\n|\n|t:|1775955757\n|detailschange|p1a: Froslass|Froslass-Mega, L50, F\n|-mega|p1a: Froslass|Froslass|Froslassite\n|-weather|Snowscape|[from] ability: Snow Warning|[of] p1a: Froslass\n|-formechange|p2b: Aegislash|Aegislash|\n|move|p2b: Aegislash|King's Shield|p2b: Aegislash\n|-singleturn|p2b: Aegislash|Protect\n|move|p2a: Gyarados|Dragon Dance|p2a: Gyarados\n|-boost|p2a: Gyarados|atk|1\n|-boost|p2a: Gyarados|spe|1\n|move|p1b: Basculegion|Flip Turn|p2b: Aegislash\n|-activate|p2b: Aegislash|move: Protect\n|-unboost|p1b: Basculegion|atk|1\n|move|p1a: Froslass|Blizzard|p2b: Aegislash|[spread] p2a\n|-activate|p2b: Aegislash|move: Protect\n|-resisted|p2a: Gyarados|1\n|-damage|p2a: Gyarados|48/100\n|\n|-weather|Snowscape|[upkeep]\n|upkeep\n|turn|7\n|\n|t:|1775955792\n|move|p1a: Froslass|Protect|p1a: Froslass\n|-singleturn|p1a: Froslass|Protect\n|move|p2a: Gyarados|Waterfall|p1a: Froslass\n|-activate|p1a: Froslass|move: Protect\n|move|p1b: Basculegion|Flip Turn|p2b: Aegislash\n|-damage|p2b: Aegislash|53/100\n|\n|t:|1775955800\n|switch|p1b: Incineroar|Incineroar, L50, F|82/100|[from] Flip Turn\n|-ability|p1b: Incineroar|Intimidate|boost\n|-unboost|p2a: Gyarados|atk|1\n|-unboost|p2b: Aegislash|atk|1\n|-formechange|p2b: Aegislash|Aegislash-Blade|\n|move|p2b: Aegislash|Shadow Ball|p1a: Froslass\n|-activate|p1a: Froslass|move: Protect\n|\n|-weather|Snowscape|[upkeep]\n|upkeep\n|turn|8\n|\n|t:|1775955823\n|move|p2a: Gyarados|Protect|p2a: Gyarados\n|-singleturn|p2a: Gyarados|Protect\n|-formechange|p2b: Aegislash|Aegislash|\n|move|p2b: Aegislash|King's Shield|p2b: Aegislash\n|-singleturn|p2b: Aegislash|Protect\n|move|p1b: Incineroar|Fake Out|p2a: Gyarados\n|-activate|p2a: Gyarados|move: Protect\n|move|p1a: Froslass|Shadow Ball|p2a: Gyarados\n|-activate|p2a: Gyarados|move: Protect\n|\n|-weather|Snowscape|[upkeep]\n|upkeep\n|turn|9\n|\n|t:|1775955842\n|move|p1a: Froslass|Protect|p1a: Froslass\n|-singleturn|p1a: Froslass|Protect\n|move|p2a: Gyarados|Waterfall|p1b: Incineroar\n|-supereffective|p1b: Incineroar|1\n|-damage|p1b: Incineroar|34/100\n|move|p1b: Incineroar|Darkest Lariat|p2b: Aegislash\n|-supereffective|p2b: Aegislash|1\n|-damage|p2b: Aegislash|1/100\n|-formechange|p2b: Aegislash|Aegislash-Blade|\n|move|p2b: Aegislash|Shadow Ball|p1b: Incineroar\n|-resisted|p1b: Incineroar|1\n|-damage|p1b: Incineroar|17/100\n|\n|-weather|Snowscape|[upkeep]\n|upkeep\n|turn|10\n|\n|t:|1775955894\n|move|p2a: Gyarados|Protect|p2a: Gyarados\n|-singleturn|p2a: Gyarados|Protect\n|-formechange|p2b: Aegislash|Aegislash|\n|move|p2b: Aegislash|King's Shield|p2b: Aegislash\n|-singleturn|p2b: Aegislash|Protect\n|move|p1a: Froslass|Blizzard|p2b: Aegislash|[spread] \n|-activate|p2a: Gyarados|move: Protect\n|-activate|p2b: Aegislash|move: Protect\n|move|p1b: Incineroar|Parting Shot|p2a: Gyarados\n|-activate|p2a: Gyarados|move: Protect\n|\n|-weather|none\n|upkeep\n|turn|11\n|\n|t:|1775955926\n|switch|p1b: Orthworm|Orthworm, L50, F|73/100\n|move|p1a: Froslass|Protect|p1a: Froslass\n|-singleturn|p1a: Froslass|Protect\n|move|p2b: Aegislash|King's Shield||[still]\n|-fail|p2b: Aegislash\n|move|p2a: Gyarados|Waterfall|p1b: Orthworm\n|-damage|p1b: Orthworm|55/100\n|\n|upkeep\n|turn|12\n|\n|t:|1775955946\n|switch|p1a: Incineroar|Incineroar, L50, F|17/100\n|-ability|p1a: Incineroar|Intimidate|boost\n|-unboost|p2a: Gyarados|atk|1\n|-unboost|p2b: Aegislash|atk|1\n|move|p2b: Aegislash|King's Shield|p2b: Aegislash\n|-singleturn|p2b: Aegislash|Protect\n|move|p2a: Gyarados|Earthquake|p1b: Orthworm|[spread] p1a,p1b\n|-activate|p2b: Aegislash|move: Protect\n|-supereffective|p1a: Incineroar|1\n|-supereffective|p1b: Orthworm|1\n|-damage|p1a: Incineroar|0 fnt\n|-damage|p1b: Orthworm|41/100\n|faint|p1a: Incineroar\n|move|p1b: Orthworm|Shed Tail|p1b: Orthworm\n|-fail|p1b: Orthworm|move: Shed Tail|[weak]\n|\n|upkeep\n|\n|t:|1775955973\n|switch|p1a: Basculegion|Basculegion, L50, M|100/100\n|turn|13\n|\n|t:|1775955996\n|switch|p2b: Incineroar|Incineroar, L50, M|100/100\n|-ability|p2b: Incineroar|Intimidate|boost\n|-unboost|p1a: Basculegion|atk|1\n|-unboost|p1b: Orthworm|atk|1\n|move|p2a: Gyarados|Protect|p2a: Gyarados\n|-singleturn|p2a: Gyarados|Protect\n|move|p1a: Basculegion|Flip Turn|p2a: Gyarados\n|-activate|p2a: Gyarados|move: Protect\n|move|p1b: Orthworm|Body Press|p2a: Gyarados\n|-activate|p2a: Gyarados|move: Protect\n|\n|upkeep\n|turn|14\n|\n|t:|1775956038\n|switch|p2a: Aegislash|Aegislash, L50, F|1/100\n|move|p1a: Basculegion|Flip Turn|p2b: Incineroar\n|-supereffective|p2b: Incineroar|1\n|-damage|p2b: Incineroar|47/100\n|-enditem|p2b: Incineroar|Sitrus Berry|[eat]\n|-heal|p2b: Incineroar|72/100|[from] item: Sitrus Berry\n|\n|t:|1775956045\n|switch|p1a: Froslass|Froslass-Mega, L50, F|100/100|[from] Flip Turn\n|-weather|Snowscape|[from] ability: Snow Warning|[of] p1a: Froslass\n|move|p1b: Orthworm|Body Press|p2a: Aegislash\n|-immune|p2a: Aegislash\n|move|p2b: Incineroar|Parting Shot|p1b: Orthworm\n|-unboost|p1b: Orthworm|atk|1\n|-unboost|p1b: Orthworm|spa|1\n|\n|t:|1775956072\n|switch|p2b: Whimsicott|Whimsicott, L50, M|100/100|[from] Parting Shot\n|\n|-weather|Snowscape|[upkeep]\n|upkeep\n|turn|15\n|\n|t:|1775956092\n|move|p2b: Whimsicott|Tailwind|p2b: Whimsicott\n|-sidestart|p2: Trans Grill|move: Tailwind\n|move|p1a: Froslass|Blizzard|p2a: Aegislash|[spread] p2a,p2b\n|-resisted|p2a: Aegislash|1\n|-supereffective|p2b: Whimsicott|1\n|-damage|p2a: Aegislash|0 fnt\n|-damage|p2b: Whimsicott|0 fnt\n|faint|p2a: Aegislash\n|faint|p2b: Whimsicott\n|move|p1b: Orthworm|Iron Defense|p1b: Orthworm\n|-boost|p1b: Orthworm|def|2\n|\n|-weather|Snowscape|[upkeep]\n|upkeep\n|\n|t:|1775956100\n|switch|p2b: Gyarados|Gyarados-Mega, L50, M|48/100\n|switch|p2a: Incineroar|Incineroar, L50, M|72/100\n|-ability|p2b: Gyarados|Mold Breaker\n|-ability|p2a: Incineroar|Intimidate|boost\n|-unboost|p1a: Froslass|atk|1\n|-unboost|p1b: Orthworm|atk|1\n|turn|16\n|\n|t:|1775956164\n|move|p2a: Incineroar|Fake Out|p1b: Orthworm\n|-resisted|p1b: Orthworm|1\n|-damage|p1b: Orthworm|39/100\n|move|p2b: Gyarados|Waterfall|p1a: Froslass\n|-damage|p1a: Froslass|49/100\n|cant|p1a: Froslass|flinch\n|cant|p1b: Orthworm|flinch\n|\n|-weather|Snowscape|[upkeep]\n|upkeep\n|turn|17\n|\n|t:|1775956202\n|move|p1a: Froslass|Protect|p1a: Froslass\n|-singleturn|p1a: Froslass|Protect\n|move|p2b: Gyarados|Waterfall|p1a: Froslass\n|-activate|p1a: Froslass|move: Protect\n|move|p2a: Incineroar|Flare Blitz|p1b: Orthworm\n|-supereffective|p1b: Orthworm|1\n|-damage|p1b: Orthworm|11/100\n|-damage|p2a: Incineroar|63/100|[from] Recoil\n|move|p1b: Orthworm|Body Press|p2b: Gyarados\n|-supereffective|p2b: Gyarados|1\n|-damage|p2b: Gyarados|0 fnt\n|faint|p2b: Gyarados\n|\n|-weather|Snowscape|[upkeep]\n|upkeep\n|turn|18\n|\n|t:|1775956222\n|move|p1a: Froslass|Blizzard|p2a: Incineroar\n|-resisted|p2a: Incineroar|1\n|-damage|p2a: Incineroar|43/100\n|move|p2a: Incineroar|Flare Blitz|p1a: Froslass\n|-supereffective|p1a: Froslass|1\n|-damage|p1a: Froslass|0 fnt\n|faint|p1a: Froslass\n|-damage|p2a: Incineroar|31/100|[from] Recoil\n|move|p1b: Orthworm|Body Press|p2a: Incineroar\n|-supereffective|p2a: Incineroar|1\n|-damage|p2a: Incineroar|0 fnt\n|faint|p2a: Incineroar\n|\n|win|SavPass9\n|raw|SavPass9's rating: 1000 &rarr; <strong>1045</strong><br />(+45 for winning)\n|raw|Trans Grill's rating: 1041 &rarr; <strong>1023</strong><br />(-18 for losing)\n|l|\u2606Trans Grill\n|player|p2|\n",
  "uploadtime": 1775956240,
  "views": 21,
  "formatid": "gen9championsvgc2026regma",
  "rating": 1023,
  "private": 0,
  "password": null
}