{
  "id": "gen9championsvgc2026regma-2588517939",
  "format": "[Gen 9 Champions] VGC 2026 Reg M-A",
  "players": [
    "Gallon of poo",
    "mimrat6"
  ],
  "log": "|j|\u2606Gallon of poo\n|j|\u2606mimrat6\n|t:|1776640896\n|gametype|doubles\n|player|p1|Gallon of poo|ghetsis|1372\n|player|p2|mimrat6|caitlin|1407\n|gen|9\n|tier|[Gen 9 Champions] VGC 2026 Reg M-A\n|rated|\n|rule|Species Clause: Limit one of each Pok\u00e9mon\n|rule|Item Clause: Limit 1 of each item\n|clearpoke\n|poke|p1|Beedrill, L50, F|\n|poke|p1|Aerodactyl, L50, F|\n|poke|p1|Sneasler, L50, M|\n|poke|p1|Volcarona, L50, M|\n|poke|p1|Milotic, L50, M|\n|poke|p1|Meganium, L50, M, shiny|\n|poke|p2|Charizard, L50, M, shiny|\n|poke|p2|Whimsicott, L50, M|\n|poke|p2|Sneasler, L50, F|\n|poke|p2|Garchomp, L50, F, shiny|\n|poke|p2|Incineroar, L50, M, shiny|\n|poke|p2|Aegislash, L50, F, shiny|\n|teampreview|4\n|inactive|Battle timer is ON: inactive players will automatically lose when time's up. (requested by mimrat6)\n|\n|t:|1776640918\n|teamsize|p1|4\n|teamsize|p2|4\n|start\n|switch|p1a: Crypdomin|Aerodactyl, L50, F|100/100\n|switch|p1b: Sneasler|Sneasler, L50, M|100/100\n|switch|p2a: Garchomp|Garchomp, L50, F, shiny|100/100\n|switch|p2b: Whimsicott|Whimsicott, L50, M|100/100\n|-ability|p1a: Crypdomin|Unnerve\n|turn|1\n|inactive|Gallon of poo has 30 seconds left.\n|inactive|mimrat6 has 30 seconds left.\n|\n|t:|1776640946\n|move|p1b: Sneasler|Fake Out|p2a: Garchomp\n|-damage|p2a: Garchomp|87/100\n|-damage|p1b: Sneasler|88/100|[from] ability: Rough Skin|[of] p2a: Garchomp\n|move|p2b: Whimsicott|Tailwind|p2b: Whimsicott\n|-sidestart|p2: mimrat6|move: Tailwind\n|cant|p2a: Garchomp|flinch\n|move|p1a: Crypdomin|Tailwind|p1a: Crypdomin\n|-sidestart|p1: Gallon of poo|move: Tailwind\n|\n|upkeep\n|turn|2\n|\n|t:|1776640964\n|move|p2b: Whimsicott|Encore|p1a: Crypdomin\n|-start|p1a: Crypdomin|Encore\n|move|p2a: Garchomp|Rock Slide|p1b: Sneasler|[spread] p1a,p1b\n|-supereffective|p1a: Crypdomin|1\n|-resisted|p1b: Sneasler|1\n|-damage|p1a: Crypdomin|36/100\n|-damage|p1b: Sneasler|71/100\n|move|p1a: Crypdomin|Tailwind||[still]\n|-fail|p1a: Crypdomin\n|move|p1b: Sneasler|Dire Claw|p2b: Whimsicott\n|-supereffective|p2b: Whimsicott|2\n|-enditem|p2b: Whimsicott|Focus Sash\n|-damage|p2b: Whimsicott|1/100\n|\n|upkeep\n|turn|3\n|\n|t:|1776640986\n|switch|p1a: Noodle|Milotic, L50, M|100/100\n|switch|p2b: Charizard|Charizard, L50, M, shiny|100/100\n|move|p2a: Garchomp|Rock Slide|p1b: Sneasler|[spread] p1a,p1b\n|-resisted|p1b: Sneasler|1\n|-crit|p1b: Sneasler\n|-damage|p1a: Noodle|80/100\n|-damage|p1b: Sneasler|45/100\n|move|p1b: Sneasler|Close Combat|p2a: Garchomp\n|-damage|p2a: Garchomp|28/100\n|-unboost|p1b: Sneasler|def|1\n|-unboost|p1b: Sneasler|spd|1\n|-damage|p1b: Sneasler|33/100|[from] ability: Rough Skin|[of] p2a: Garchomp\n|-enditem|p1b: Sneasler|White Herb\n|-clearnegativeboost|p1b: Sneasler|[silent]\n|\n|upkeep\n|turn|4\n|\n|t:|1776641004\n|switch|p2a: Sneasler|Sneasler, L50, F|100/100\n|detailschange|p2b: Charizard|Charizard-Mega-Y, L50, M, shiny\n|-mega|p2b: Charizard|Charizard|Charizardite Y\n|-weather|SunnyDay|[from] ability: Drought|[of] p2b: Charizard\n|move|p1b: Sneasler|Dire Claw|p2b: Charizard\n|-damage|p2b: Charizard|46/100\n|-status|p2b: Charizard|slp\n|cant|p2b: Charizard|slp\n|move|p1a: Noodle|Icy Wind|p2a: Sneasler|[spread] p2a,p2b\n|-damage|p2a: Sneasler|84/100\n|-damage|p2b: Charizard|34/100 slp\n|-unboost|p2a: Sneasler|spe|1\n|-unboost|p2b: Charizard|spe|1\n|-enditem|p2a: Sneasler|White Herb\n|-clearnegativeboost|p2a: Sneasler|[silent]\n|\n|-weather|SunnyDay|[upkeep]\n|-sideend|p2: mimrat6|move: Tailwind\n|-sideend|p1: Gallon of poo|move: Tailwind\n|upkeep\n|turn|5\n|\n|t:|1776641024\n|move|p2a: Sneasler|Fake Out|p1b: Sneasler\n|-crit|p1b: Sneasler\n|-damage|p1b: Sneasler|0 fnt\n|faint|p1b: Sneasler\n|move|p1a: Noodle|Icy Wind|p2b: Charizard|[spread] p2a,p2b\n|-damage|p2a: Sneasler|69/100\n|-damage|p2b: Charizard|22/100 slp\n|-unboost|p2a: Sneasler|spe|1\n|-unboost|p2b: Charizard|spe|1\n|cant|p2b: Charizard|slp\n|\n|-weather|SunnyDay|[upkeep]\n|upkeep\n|\n|t:|1776641031\n|switch|p1b: Crypdomin|Aerodactyl, L50, F|36/100\n|-ability|p1b: Crypdomin|Unnerve\n|turn|6\n|\n|t:|1776641045\n|move|p2a: Sneasler|Close Combat|p1a: Noodle\n|-damage|p1a: Noodle|13/100\n|-unboost|p2a: Sneasler|def|1\n|-unboost|p2a: Sneasler|spd|1\n|-enditem|p1a: Noodle|Sitrus Berry|[eat]\n|-heal|p1a: Noodle|38/100|[from] item: Sitrus Berry\n|move|p1b: Crypdomin|Tailwind|p1b: Crypdomin\n|-sidestart|p1: Gallon of poo|move: Tailwind\n|move|p1a: Noodle|Icy Wind|p2b: Charizard|[spread] p2a,p2b\n|-damage|p2a: Sneasler|44/100\n|-damage|p2b: Charizard|11/100 slp\n|-unboost|p2a: Sneasler|spe|1\n|-unboost|p2b: Charizard|spe|1\n|-curestatus|p2b: Charizard|slp|[msg]\n|move|p2b: Charizard|Solar Beam||[still]\n|-prepare|p2b: Charizard|Solar Beam\n|-anim|p2b: Charizard|Solar Beam|p1a: Noodle\n|-supereffective|p1a: Noodle|1\n|-damage|p1a: Noodle|0 fnt\n|faint|p1a: Noodle\n|\n|-weather|SunnyDay|[upkeep]\n|upkeep\n|\n|t:|1776641049\n|switch|p1a: Littlefoot|Meganium, L50, M, shiny|100/100\n|turn|7\n|\n|t:|1776641071\n|switch|p2a: Garchomp|Garchomp, L50, F, shiny|28/100\n|detailschange|p1a: Littlefoot|Meganium-Mega, L50, M, shiny\n|-mega|p1a: Littlefoot|Meganium|Meganiumite\n|move|p2b: Charizard|Protect|p2b: Charizard\n|-singleturn|p2b: Charizard|Protect\n|move|p1b: Crypdomin|Dual Wingbeat|p2a: Garchomp\n|-damage|p2a: Garchomp|9/100\n|-damage|p1b: Crypdomin|23/100|[from] ability: Rough Skin|[of] p2a: Garchomp\n|-damage|p2a: Garchomp|0 fnt\n|-damage|p1b: Crypdomin|11/100|[from] ability: Rough Skin|[of] p2a: Garchomp\n|faint|p2a: Garchomp\n|-hitcount|p2: Garchomp|2\n|move|p1a: Littlefoot|Dazzling Gleam|p2b: Charizard\n|-activate|p2b: Charizard|move: Protect\n|\n|-weather|SunnyDay|[upkeep]\n|upkeep\n|\n|t:|1776641091\n|switch|p2a: Whimsicott|Whimsicott, L50, M|1/100\n|turn|8\n|\n|t:|1776641104\n|move|p2a: Whimsicott|Tailwind|p2a: Whimsicott\n|-sidestart|p2: mimrat6|move: Tailwind\n|move|p1b: Crypdomin|Rock Slide|p2b: Charizard|[spread] p2a,p2b\n|-supereffective|p2b: Charizard|2\n|-damage|p2a: Whimsicott|0 fnt\n|-damage|p2b: Charizard|0 fnt\n|faint|p2a: Whimsicott\n|faint|p2b: Charizard\n|move|p1a: Littlefoot|Dazzling Gleam|p2: Whimsicott|[notarget]\n|-fail|p1a: Littlefoot\n|\n|-weather|none\n|upkeep\n|\n|t:|1776641114\n|switch|p2b: Sneasler|Sneasler, L50, F|44/100\n|turn|9\n|\n|t:|1776641118\n|move|p2b: Sneasler|Protect|p2b: Sneasler\n|-singleturn|p2b: Sneasler|Protect\n|move|p1b: Crypdomin|Dual Wingbeat|p2b: Sneasler\n|-activate|p2b: Sneasler|move: Protect\n|move|p1a: Littlefoot|Weather Ball|p2b: Sneasler\n|-activate|p2b: Sneasler|move: Protect\n|\n|-sideend|p1: Gallon of poo|move: Tailwind\n|upkeep\n|turn|10\n|\n|t:|1776641127\n|move|p2b: Sneasler|Dire Claw|p1a: Littlefoot\n|-supereffective|p1a: Littlefoot|2\n|-damage|p1a: Littlefoot|0 fnt\n|faint|p1a: Littlefoot\n|move|p1b: Crypdomin|Dual Wingbeat|p2b: Sneasler\n|-supereffective|p2b: Sneasler|1\n|-damage|p2b: Sneasler|0 fnt\n|faint|p2b: Sneasler\n|-hitcount|p2: Sneasler|1\n|\n|win|Gallon of poo\n|raw|Gallon of poo's rating: 1372 &rarr; <strong>1394</strong><br />(+22 for winning)\n|raw|mimrat6's rating: 1407 &rarr; <strong>1385</strong><br />(-22 for losing)\n|c|\u2606Gallon of poo|Gg\n|l|\u2606mimrat6\n|player|p2|\n",
  "uploadtime": 1776641142,
  "views": 9,
  "formatid": "gen9championsvgc2026regma",
  "rating": 1385,
  "private": 0,
  "password": null
}