{
  "id": "gen9championsvgc2026regma-2580938931",
  "format": "[Gen 9 Champions] VGC 2026 Reg M-A",
  "players": [
    "HeliosAtDawn",
    "kaimvgc"
  ],
  "log": "|j|\u2606HeliosAtDawn\n|j|\u2606kaimvgc\n|t:|1775945016\n|gametype|doubles\n|player|p1|HeliosAtDawn|dawn|1176\n|player|p2|kaimvgc|boarder|1251\n|gen|9\n|tier|[Gen 9 Champions] VGC 2026 Reg M-A\n|rated|\n|rule|Species Clause: Limit one of each Pok\u00e9mon\n|rule|Item Clause: Limit 1 of each item\n|clearpoke\n|poke|p1|Aerodactyl, L50, F|\n|poke|p1|Froslass, L50, F|\n|poke|p1|Incineroar, L50, F|\n|poke|p1|Klefki, L50, M|\n|poke|p1|Sneasler, L50, F|\n|poke|p1|Primarina, L50, M|\n|poke|p2|Floette-Eternal, L50, F|\n|poke|p2|Talonflame, L50, M|\n|poke|p2|Garchomp, L50, M|\n|poke|p2|Sneasler, L50, F|\n|poke|p2|Maushold-Four, L50|\n|poke|p2|Rotom-Wash, L50|\n|teampreview|4\n|inactive|Battle timer is ON: inactive players will automatically lose when time's up. (requested by kaimvgc)\n|\n|t:|1775945051\n|teamsize|p1|4\n|teamsize|p2|4\n|start\n|switch|p1a: Nottingham|Aerodactyl, L50, F|100/100\n|switch|p1b: Trains on strike|Incineroar, L50, F|100/100\n|switch|p2a: Floette|Floette-Eternal, L50, F|100/100\n|switch|p2b: Maushold|Maushold-Four, L50|100/100\n|-ability|p1a: Nottingham|Unnerve\n|-ability|p1b: Trains on strike|Intimidate|boost\n|-unboost|p2a: Floette|atk|1\n|-unboost|p2b: Maushold|atk|1\n|turn|1\n|\n|t:|1775945075\n|detailschange|p2a: Floette|Floette-Mega, L50, F\n|-mega|p2a: Floette|Floette|Floettite\n|-ability|p2a: Floette|Fairy Aura\n|move|p1b: Trains on strike|Fake Out|p2a: Floette\n|-crit|p2a: Floette\n|-damage|p2a: Floette|84/100\n|move|p1a: Nottingham|Tailwind|p1a: Nottingham\n|-sidestart|p1: HeliosAtDawn|move: Tailwind\n|move|p2b: Maushold|Encore|p1a: Nottingham\n|-start|p1a: Nottingham|Encore\n|cant|p2a: Floette|flinch\n|\n|upkeep\n|turn|2\n|inactive|HeliosAtDawn has 30 seconds left.\n|\n|t:|1775945102\n|switch|p1a: Glasgow|Froslass, L50, F|100/100\n|move|p2b: Maushold|Follow Me|p2b: Maushold\n|-singleturn|p2b: Maushold|move: Follow Me\n|move|p1b: Trains on strike|Parting Shot|p2b: Maushold\n|-unboost|p2b: Maushold|atk|1\n|-unboost|p2b: Maushold|spa|1\n|\n|t:|1775945114\n|switch|p1b: Nottingham|Aerodactyl, L50, F|100/100|[from] Parting Shot\n|-ability|p1b: Nottingham|Unnerve\n|move|p2a: Floette|Calm Mind|p2a: Floette\n|-boost|p2a: Floette|spa|1\n|-boost|p2a: Floette|spd|1\n|\n|upkeep\n|turn|3\n|\n|t:|1775945126\n|detailschange|p1a: Glasgow|Froslass-Mega, L50, F\n|-mega|p1a: Glasgow|Froslass|Froslassite\n|-weather|Snowscape|[from] ability: Snow Warning|[of] p1a: Glasgow\n|move|p2a: Floette|Protect|p2a: Floette\n|-singleturn|p2a: Floette|Protect\n|move|p1b: Nottingham|Rock Slide|p2b: Maushold|[spread] p2b\n|-activate|p2a: Floette|move: Protect\n|-damage|p2b: Maushold|69/100\n|move|p1a: Glasgow|Blizzard|p2b: Maushold|[spread] p2b\n|-activate|p2a: Floette|move: Protect\n|-damage|p2b: Maushold|15/100\n|cant|p2b: Maushold|flinch\n|\n|-weather|Snowscape|[upkeep]\n|upkeep\n|turn|4\n|\n|t:|1775945141\n|move|p2b: Maushold|Protect|p2b: Maushold\n|-singleturn|p2b: Maushold|Protect\n|move|p1b: Nottingham|Rock Slide|p2b: Maushold|[spread] p2a\n|-activate|p2b: Maushold|move: Protect\n|-damage|p2a: Floette|66/100\n|move|p1a: Glasgow|Blizzard|p2b: Maushold|[spread] p2a\n|-activate|p2b: Maushold|move: Protect\n|-crit|p2a: Floette\n|-damage|p2a: Floette|30/100\n|cant|p2a: Floette|flinch\n|\n|-weather|Snowscape|[upkeep]\n|-sideend|p1: HeliosAtDawn|move: Tailwind\n|upkeep\n|turn|5\n|-message|kaimvgc forfeited.\n|\n|win|HeliosAtDawn\n|raw|HeliosAtDawn's rating: 1176 &rarr; <strong>1206</strong><br />(+30 for winning)\n|raw|kaimvgc's rating: 1251 &rarr; <strong>1221</strong><br />(-30 for losing)\n|l|\u2606kaimvgc\n|player|p2|\n",
  "uploadtime": 1775945156,
  "views": 16,
  "formatid": "gen9championsvgc2026regma",
  "rating": 1206,
  "private": 0,
  "password": null
}