{
  "id": "gen9championsvgc2026regma-2583426663",
  "format": "[Gen 9 Champions] VGC 2026 Reg M-A",
  "players": [
    "MISSINGNO59_YT",
    "jsajsajs"
  ],
  "log": "|j|\u2606MISSINGNO59_YT\n|j|\u2606jsajsajs\n|t:|1776174893\n|gametype|doubles\n|player|p1|MISSINGNO59_YT|n|1031\n|player|p2|jsajsajs|blue|1030\n|gen|9\n|tier|[Gen 9 Champions] VGC 2026 Reg M-A\n|rated|\n|rule|Species Clause: Limit one of each Pok\u00e9mon\n|rule|Item Clause: Limit 1 of each item\n|clearpoke\n|poke|p1|Zoroark-Hisui, L50, M|\n|poke|p1|Aerodactyl, L50, M|\n|poke|p1|Charizard, L50, M|\n|poke|p1|Torkoal, L50, M|\n|poke|p1|Whimsicott, L50, F|\n|poke|p1|Venusaur, L50, F|\n|poke|p2|Feraligatr, L50, M|\n|poke|p2|Farigiraf, L50, F|\n|poke|p2|Incineroar, L50, M|\n|poke|p2|Politoed, L50, F|\n|poke|p2|Mudsdale, L50, M|\n|poke|p2|Whimsicott, L50, F|\n|teampreview|4\n|inactive|Battle timer is ON: inactive players will automatically lose when time's up. (requested by jsajsajs)\n|\n|t:|1776174930\n|teamsize|p1|4\n|teamsize|p2|4\n|start\n|switch|p1a: Torkoal|Torkoal, L50, M|100/100\n|switch|p1b: Venusaur|Venusaur, L50, F, shiny|100/100\n|switch|p2a: Feraligatr|Feraligatr, L50, M, shiny|100/100\n|switch|p2b: Farigiraf|Farigiraf, L50, F, shiny|100/100\n|-weather|SunnyDay|[from] ability: Drought|[of] p1a: Torkoal\n|turn|1\n|inactive|jsajsajs has 30 seconds left.\n|\n|t:|1776174963\n|switch|p2b: Politoed|Politoed, L50, F, shiny|100/100\n|-weather|RainDance|[from] ability: Drizzle|[of] p2b: Politoed\n|detailschange|p2a: Feraligatr|Feraligatr-Mega, L50, M, shiny\n|-mega|p2a: Feraligatr|Feraligatr|Feraligite\n|move|p1b: Venusaur|Solar Beam||[still]\n|-prepare|p1b: Venusaur|Solar Beam\n|move|p2a: Feraligatr|Body Slam|p1a: Torkoal\n|-damage|p1a: Torkoal|56/100\n|-status|p1a: Torkoal|par\n|move|p1a: Torkoal|Yawn|p2b: Politoed\n|-start|p2b: Politoed|move: Yawn|[of] p1a: Torkoal\n|\n|-weather|RainDance|[upkeep]\n|upkeep\n|turn|2\n|\n|t:|1776174980\n|switch|p2b: Incineroar|Incineroar, L50, M|100/100\n|-ability|p2b: Incineroar|Intimidate|boost\n|-unboost|p1a: Torkoal|atk|1\n|-unboost|p1b: Venusaur|atk|1\n|move|p2a: Feraligatr|Protect|p2a: Feraligatr\n|-singleturn|p2a: Feraligatr|Protect\n|move|p1a: Torkoal|Protect|p1a: Torkoal\n|-singleturn|p1a: Torkoal|Protect\n|move|p1b: Venusaur|Solar Beam|p2a: Feraligatr|[from] lockedmove\n|-activate|p2a: Feraligatr|move: Protect\n|\n|-weather|RainDance|[upkeep]\n|upkeep\n|turn|3\n|\n|t:|1776174997\n|switch|p1a: Aerodactyl|Aerodactyl, L50, M, shiny|100/100\n|-ability|p1a: Aerodactyl|Pressure\n|move|p1b: Venusaur|Protect|p1b: Venusaur\n|-singleturn|p1b: Venusaur|Protect\n|move|p2b: Incineroar|Fake Out|p1b: Venusaur\n|-activate|p1b: Venusaur|move: Protect\n|move|p2a: Feraligatr|Swords Dance|p2a: Feraligatr\n|-boost|p2a: Feraligatr|atk|2\n|\n|-weather|RainDance|[upkeep]\n|upkeep\n|turn|4\n|\n|t:|1776175011\n|switch|p1b: Torkoal|Torkoal, L50, M|56/100 par\n|-weather|SunnyDay|[from] ability: Drought|[of] p1b: Torkoal\n|move|p2a: Feraligatr|Protect|p2a: Feraligatr\n|-singleturn|p2a: Feraligatr|Protect\n|move|p1a: Aerodactyl|Stealth Rock|p2a: Feraligatr\n|-sidestart|p2: jsajsajs|move: Stealth Rock\n|move|p2b: Incineroar|Parting Shot|p1a: Aerodactyl\n|-unboost|p1a: Aerodactyl|atk|1\n|-unboost|p1a: Aerodactyl|spa|1\n|\n|t:|1776175021\n|switch|p2b: Politoed|Politoed, L50, F, shiny|100/100|[from] Parting Shot\n|-damage|p2b: Politoed|88/100|[from] Stealth Rock\n|-weather|RainDance|[from] ability: Drizzle|[of] p2b: Politoed\n|\n|-weather|RainDance|[upkeep]\n|upkeep\n|turn|5\n|\n|t:|1776175032\n|switch|p1a: Charizard|Charizard, L50, M, shiny|100/100\n|move|p1b: Torkoal|Protect|p1b: Torkoal\n|-singleturn|p1b: Torkoal|Protect\n|move|p2b: Politoed|Muddy Water|p1a: Charizard|[spread] p1a\n|-activate|p1b: Torkoal|move: Protect\n|-supereffective|p1a: Charizard|1\n|-damage|p1a: Charizard|0 fnt\n|faint|p1a: Charizard\n|move|p2a: Feraligatr|Body Slam|p1b: Torkoal\n|-activate|p1b: Torkoal|move: Protect\n|\n|-weather|RainDance|[upkeep]\n|upkeep\n|\n|t:|1776175040\n|switch|p1a: Venusaur|Venusaur, L50, F, shiny|100/100\n|turn|6\n|\n|t:|1776175053\n|move|p2b: Politoed|Helping Hand|p2a: Feraligatr\n|-singleturn|p2a: Feraligatr|Helping Hand|[of] p2b: Politoed\n|move|p2a: Feraligatr|Aqua Jet|p1b: Torkoal\n|-supereffective|p1b: Torkoal|1\n|-damage|p1b: Torkoal|0 fnt\n|faint|p1b: Torkoal\n|move|p1a: Venusaur|Giga Drain|p2b: Politoed\n|-supereffective|p2b: Politoed|1\n|-damage|p2b: Politoed|23/100\n|\n|-weather|RainDance|[upkeep]\n|upkeep\n|\n|t:|1776175059\n|switch|p1b: Aerodactyl|Aerodactyl, L50, M, shiny|100/100\n|-ability|p1b: Aerodactyl|Pressure\n|turn|7\n|\n|t:|1776175070\n|move|p2a: Feraligatr|Aqua Jet|p1b: Aerodactyl\n|-supereffective|p1b: Aerodactyl|1\n|-enditem|p1b: Aerodactyl|Passho Berry|[eat]\n|-enditem|p1b: Aerodactyl|Passho Berry|[weaken]\n|-damage|p1b: Aerodactyl|0 fnt\n|faint|p1b: Aerodactyl\n|move|p1a: Venusaur|Giga Drain|p2a: Feraligatr\n|-damage|p2a: Feraligatr|67/100\n|move|p2b: Politoed|Perish Song|p2b: Politoed\n|-start|p1a: Venusaur|perish3|[silent]\n|-start|p2a: Feraligatr|perish3|[silent]\n|-start|p2b: Politoed|perish3|[silent]\n|-fieldactivate|move: Perish Song\n|\n|-weather|RainDance|[upkeep]\n|-start|p1a: Venusaur|perish3\n|-start|p2b: Politoed|perish3\n|-start|p2a: Feraligatr|perish3\n|upkeep\n|turn|8\n|\n|t:|1776175085\n|move|p2b: Politoed|Helping Hand|p2a: Feraligatr\n|-singleturn|p2a: Feraligatr|Helping Hand|[of] p2b: Politoed\n|move|p1a: Venusaur|Giga Drain|p2a: Feraligatr\n|-damage|p2a: Feraligatr|33/100\n|move|p2a: Feraligatr|Body Slam|p1a: Venusaur\n|-damage|p1a: Venusaur|0 fnt\n|faint|p1a: Venusaur\n|\n|win|jsajsajs\n|raw|MISSINGNO59_YT's rating: 1031 &rarr; <strong>1016</strong><br />(-15 for losing)\n|raw|jsajsajs's rating: 1030 &rarr; <strong>1066</strong><br />(+36 for winning)\n|l|\u2606MISSINGNO59_YT\n|player|p1|\n",
  "uploadtime": 1776175613,
  "views": 27,
  "formatid": "gen9championsvgc2026regma",
  "rating": 1016,
  "private": 0,
  "password": null
}