{
  "id": "gen9championsvgc2026regma-2586957329",
  "format": "[Gen 9 Champions] VGC 2026 Reg M-A",
  "players": [
    "Pevar_8",
    "ZBlackan"
  ],
  "log": "|j|\u2606Pevar_8\n|j|\u2606ZBlackan\n|t:|1776475536\n|gametype|doubles\n|player|p1|Pevar_8|170|1101\n|player|p2|ZBlackan|169|1025\n|gen|9\n|tier|[Gen 9 Champions] VGC 2026 Reg M-A\n|rated|\n|rule|Species Clause: Limit one of each Pok\u00e9mon\n|rule|Item Clause: Limit 1 of each item\n|clearpoke\n|poke|p1|Incineroar, L50, F|\n|poke|p1|Gengar, L50, M|\n|poke|p1|Kingambit, L50, M|\n|poke|p1|Corviknight, L50, F|\n|poke|p1|Maushold, L50|\n|poke|p1|Ninetales-Alola, L50, M|\n|poke|p2|Raichu, L50, M|\n|poke|p2|Archaludon, L50, F|\n|poke|p2|Pelipper, L50, M|\n|poke|p2|Sneasler, L50, M|\n|poke|p2|Blastoise, L50, M|\n|poke|p2|Garchomp, L50, F|\n|teampreview|4\n|\n|t:|1776475559\n|teamsize|p1|4\n|teamsize|p2|4\n|start\n|switch|p1a: Gengar|Gengar, L50, M, shiny|100/100\n|switch|p1b: Incineroar|Incineroar, L50, F|100/100\n|switch|p2a: Pelipper|Pelipper, L50, M|100/100\n|switch|p2b: Sneasler|Sneasler, L50, M|100/100\n|-weather|RainDance|[from] ability: Drizzle|[of] p2a: Pelipper\n|-ability|p1b: Incineroar|Intimidate|boost\n|-unboost|p2a: Pelipper|atk|1\n|-unboost|p2b: Sneasler|atk|1\n|turn|1\n|\n|t:|1776475594\n|switch|p1b: Ninetales|Ninetales-Alola, L50, M|100/100\n|-weather|Snowscape|[from] ability: Snow Warning|[of] p1b: Ninetales\n|detailschange|p1a: Gengar|Gengar-Mega, L50, M, shiny\n|-mega|p1a: Gengar|Gengar|Gengarite\n|move|p2b: Sneasler|Fake Out|p1a: Gengar\n|-immune|p1a: Gengar\n|move|p1a: Gengar|Perish Song|p1a: Gengar\n|-start|p1a: Gengar|perish3|[silent]\n|-start|p1b: Ninetales|perish3|[silent]\n|-start|p2a: Pelipper|perish3|[silent]\n|-start|p2b: Sneasler|perish3|[silent]\n|-fieldactivate|move: Perish Song\n|move|p2a: Pelipper|Tailwind|p2a: Pelipper\n|-sidestart|p2: ZBlackan|move: Tailwind\n|\n|-weather|Snowscape|[upkeep]\n|-start|p2b: Sneasler|perish3\n|-start|p1a: Gengar|perish3\n|-start|p1b: Ninetales|perish3\n|-start|p2a: Pelipper|perish3\n|upkeep\n|turn|2\n|\n|t:|1776475623\n|move|p1a: Gengar|Protect|p1a: Gengar\n|-singleturn|p1a: Gengar|Protect\n|move|p2b: Sneasler|Dire Claw|p1b: Ninetales\n|-supereffective|p1b: Ninetales|1\n|-damage|p1b: Ninetales|53/100\n|move|p1b: Ninetales|Encore|p2a: Pelipper\n|-start|p2a: Pelipper|Encore\n|-enditem|p2a: Pelipper|Mental Herb\n|-end|p2a: Pelipper|Encore\n|move|p2a: Pelipper|Hurricane|p1a: Gengar\n|-activate|p1a: Gengar|move: Protect\n|\n|-weather|Snowscape|[upkeep]\n|-start|p2b: Sneasler|perish2\n|-start|p1a: Gengar|perish2\n|-start|p1b: Ninetales|perish2\n|-start|p2a: Pelipper|perish2\n|upkeep\n|turn|3\n|-activate|p2b: Sneasler|item: Quick Claw\n|\n|t:|1776475647\n|move|p2b: Sneasler|Dire Claw|p1b: Ninetales\n|-supereffective|p1b: Ninetales|1\n|-damage|p1b: Ninetales|1/100\n|move|p1a: Gengar|Substitute|p1a: Gengar\n|-start|p1a: Gengar|Substitute\n|-damage|p1a: Gengar|76/100\n|move|p1b: Ninetales|Aurora Veil|p1b: Ninetales\n|-sidestart|p1: Pevar_8|move: Aurora Veil\n|move|p2a: Pelipper|Weather Ball|p1a: Gengar\n|-activate|p1a: Gengar|move: Substitute|[damage]\n|\n|-weather|Snowscape|[upkeep]\n|-start|p2b: Sneasler|perish1\n|-start|p1a: Gengar|perish1\n|-start|p1b: Ninetales|perish1\n|-start|p2a: Pelipper|perish1\n|upkeep\n|turn|4\n|\n|t:|1776475674\n|switch|p1a: Incineroar|Incineroar, L50, F|100/100\n|-ability|p1a: Incineroar|Intimidate|boost\n|-unboost|p2a: Pelipper|atk|1\n|-unboost|p2b: Sneasler|atk|1\n|switch|p1b: Maushold|Maushold, L50|100/100\n|move|p2b: Sneasler|Dire Claw|p1a: Incineroar\n|-damage|p1a: Incineroar|90/100\n|-status|p1a: Incineroar|slp\n|move|p2a: Pelipper|Hurricane|p1b: Maushold\n|-damage|p1b: Maushold|75/100\n|\n|-weather|Snowscape|[upkeep]\n|-start|p2b: Sneasler|perish0\n|-start|p2a: Pelipper|perish0\n|-sideend|p2: ZBlackan|move: Tailwind\n|faint|p2b: Sneasler\n|faint|p2a: Pelipper\n|upkeep\n|\n|t:|1776475693\n|switch|p2b: Archaludon|Archaludon, L50, F|100/100\n|switch|p2a: Garchomp|Garchomp, L50, F|100/100\n|turn|5\n|\n|t:|1776475719\n|detailschange|p2a: Garchomp|Garchomp-Mega, L50, F\n|-mega|p2a: Garchomp|Garchomp|Garchompite\n|move|p2a: Garchomp|Protect|p2a: Garchomp\n|-singleturn|p2a: Garchomp|Protect\n|cant|p1a: Incineroar|slp\n|move|p1b: Maushold|Switcheroo|p2b: Archaludon\n|-activate|p1b: Maushold|move: Trick|[of] p2b: Archaludon\n|-item|p2b: Archaludon|Choice Scarf|[from] move: Switcheroo\n|-item|p1b: Maushold|Choice Scarf|[from] move: Switcheroo\n|move|p2b: Archaludon|Earthquake|p1a: Incineroar|[spread] p1a,p1b\n|-activate|p2a: Garchomp|move: Protect\n|-supereffective|p1a: Incineroar|1\n|-damage|p1a: Incineroar|75/100 slp\n|-damage|p1b: Maushold|61/100\n|\n|-weather|none\n|upkeep\n|turn|6\n|\n|t:|1776475747\n|move|p1b: Maushold|Switcheroo||[still]\n|-fail|p1b: Maushold\n|move|p2b: Archaludon|Earthquake|p1a: Incineroar|[spread] p2a,p1a,p1b\n|-supereffective|p1a: Incineroar|1\n|-crit|p1b: Maushold\n|-damage|p2a: Garchomp|87/100\n|-damage|p1a: Incineroar|59/100 slp\n|-damage|p1b: Maushold|34/100\n|move|p2a: Garchomp|Double-Edge|p1a: Incineroar\n|-crit|p1a: Incineroar\n|-damage|p1a: Incineroar|3/100 slp\n|-damage|p2a: Garchomp|66/100|[from] Recoil\n|cant|p1a: Incineroar|slp\n|\n|upkeep\n|turn|7\n|inactive|Battle timer is ON: inactive players will automatically lose when time's up. (requested by ZBlackan)\n|\n|t:|1776475797\n|switch|p1a: Gengar|Gengar-Mega, L50, M, shiny|76/100\n|move|p1b: Maushold|Switcheroo|p2b: Archaludon\n|-activate|p1b: Maushold|move: Trick|[of] p2b: Archaludon\n|-item|p2b: Archaludon|Choice Scarf|[from] move: Switcheroo\n|-item|p1b: Maushold|Choice Scarf|[from] move: Switcheroo\n|move|p2b: Archaludon|Earthquake|p1a: Gengar|[spread] p2a,p1a,p1b\n|-supereffective|p1a: Gengar|1\n|-damage|p2a: Garchomp|52/100\n|-damage|p1a: Gengar|57/100\n|-damage|p1b: Maushold|23/100\n|move|p2a: Garchomp|Rock Slide|p1a: Gengar|[spread] p1a\n|-miss|p2a: Garchomp|p1b: Maushold\n|-damage|p1a: Gengar|41/100\n|\n|-sideend|p1: Pevar_8|move: Aurora Veil\n|upkeep\n|turn|8\n|inactive|Pevar_8 has 30 seconds left.\n|\n|t:|1776475827\n|move|p1b: Maushold|Follow Me|p1b: Maushold\n|-singleturn|p1b: Maushold|move: Follow Me\n|move|p1a: Gengar|Perish Song|p1a: Gengar\n|-start|p1a: Gengar|perish3|[silent]\n|-start|p1b: Maushold|perish3|[silent]\n|-start|p2a: Garchomp|perish3|[silent]\n|-start|p2b: Archaludon|perish3|[silent]\n|-fieldactivate|move: Perish Song\n|move|p2b: Archaludon|Earthquake|p1a: Gengar|[spread] p2a,p1a,p1b\n|-supereffective|p1a: Gengar|1\n|-damage|p2a: Garchomp|38/100\n|-damage|p1a: Gengar|12/100\n|-damage|p1b: Maushold|2/100\n|move|p2a: Garchomp|Double-Edge|p1b: Maushold\n|-damage|p1b: Maushold|0 fnt\n|faint|p1b: Maushold\n|-damage|p2a: Garchomp|37/100|[from] Recoil\n|\n|-start|p1a: Gengar|perish3\n|-start|p2b: Archaludon|perish3\n|-start|p2a: Garchomp|perish3\n|upkeep\n|\n|t:|1776475846\n|switch|p1b: Incineroar|Incineroar, L50, F|3/100 slp\n|-ability|p1b: Incineroar|Intimidate|boost\n|-unboost|p2a: Garchomp|atk|1\n|-unboost|p2b: Archaludon|atk|1\n|turn|9\n|inactive|Pevar_8 has 30 seconds left.\n|\n|t:|1776475879\n|move|p1a: Gengar|Protect|p1a: Gengar\n|-singleturn|p1a: Gengar|Protect\n|-curestatus|p1b: Incineroar|slp|[msg]\n|move|p1b: Incineroar|Protect|p1b: Incineroar\n|-singleturn|p1b: Incineroar|Protect\n|move|p2b: Archaludon|Earthquake|p1b: Incineroar|[spread] p2a\n|-activate|p1a: Gengar|move: Protect\n|-activate|p1b: Incineroar|move: Protect\n|-crit|p2a: Garchomp\n|-damage|p2a: Garchomp|17/100\n|move|p2a: Garchomp|Earthquake|p1b: Incineroar|[spread] p2b\n|-activate|p1a: Gengar|move: Protect\n|-activate|p1b: Incineroar|move: Protect\n|-supereffective|p2b: Archaludon|1\n|-crit|p2b: Archaludon\n|-damage|p2b: Archaludon|0 fnt\n|faint|p2b: Archaludon\n|\n|-start|p1a: Gengar|perish2\n|-start|p2a: Garchomp|perish2\n|upkeep\n|turn|10\n|inactive|Pevar_8 has 30 seconds left.\n|\n|t:|1776475908\n|move|p1a: Gengar|Disable|p2a: Garchomp\n|-start|p2a: Garchomp|Disable|Earthquake\n|cant|p2a: Garchomp|Disable|Earthquake\n|move|p1b: Incineroar|Parting Shot|p2a: Garchomp\n|-unboost|p2a: Garchomp|atk|1\n|-unboost|p2a: Garchomp|spa|1\n|\n|t:|1776475916\n|switch|p1b: Ninetales|Ninetales-Alola, L50, M|1/100|[from] Parting Shot\n|-weather|Snowscape|[from] ability: Snow Warning|[of] p1b: Ninetales\n|\n|-weather|Snowscape|[upkeep]\n|-start|p1a: Gengar|perish1\n|-start|p2a: Garchomp|perish1\n|upkeep\n|turn|11\n|-message|ZBlackan forfeited.\n|\n|win|Pevar_8\n|raw|Pevar_8's rating: 1101 &rarr; <strong>1121</strong><br />(+20 for winning)\n|raw|ZBlackan's rating: 1025 &rarr; <strong>1014</strong><br />(-11 for losing)\n|l|\u2606ZBlackan\n|player|p2|\n",
  "uploadtime": 1776475927,
  "views": 19,
  "formatid": "gen9championsvgc2026regma",
  "rating": 1014,
  "private": 0,
  "password": null
}