{
  "id": "gen9championsvgc2026regma-2581273572",
  "format": "[Gen 9 Champions] VGC 2026 Reg M-A",
  "players": [
    "Jayuwwu",
    "jrt455"
  ],
  "log": "|j|\u2606Jayuwwu\n|j|\u2606jrt455\n|t:|1775979661\n|gametype|doubles\n|player|p1|Jayuwwu|169|1023\n|player|p2|jrt455|169|1000\n|gen|9\n|tier|[Gen 9 Champions] VGC 2026 Reg M-A\n|rated|\n|rule|Species Clause: Limit one of each Pok\u00e9mon\n|rule|Item Clause: Limit 1 of each item\n|clearpoke\n|poke|p1|Starmie, L50|\n|poke|p1|Farigiraf, L50, F|\n|poke|p1|Aerodactyl, L50, F|\n|poke|p1|Incineroar, L50, M|\n|poke|p1|Pelipper, L50, M|\n|poke|p1|Archaludon, L50, M|\n|poke|p2|Tyranitar, L50, M|\n|poke|p2|Excadrill, L50, F|\n|poke|p2|Sinistcha, L50|\n|poke|p2|Incineroar, L50, F|\n|poke|p2|Golurk, L50|\n|poke|p2|Primarina, L50, F|\n|teampreview|4\n|inactive|Battle timer is ON: inactive players will automatically lose when time's up. (requested by Jayuwwu)\n|inactive|Jayuwwu has 60 seconds left.\n|inactive|jrt455 has 60 seconds left.\n|\n|t:|1775979707\n|teamsize|p1|4\n|teamsize|p2|4\n|start\n|switch|p1a: Starmie|Starmie, L50|100/100\n|switch|p1b: Incineroar|Incineroar, L50, M|100/100\n|switch|p2a: Tyranitar|Tyranitar, L50, M|100/100\n|switch|p2b: Incineroar|Incineroar, L50, F|100/100\n|-weather|Sandstorm|[from] ability: Sand Stream|[of] p2a: Tyranitar\n|-ability|p2b: Incineroar|Intimidate|boost\n|-unboost|p1a: Starmie|atk|1\n|-unboost|p1b: Incineroar|atk|1\n|-ability|p1b: Incineroar|Intimidate|boost\n|-unboost|p2a: Tyranitar|atk|1\n|-unboost|p2b: Incineroar|atk|1\n|turn|1\n|inactive|jrt455 has 30 seconds left.\n|\n|t:|1775979733\n|move|p1a: Starmie|Protect|p1a: Starmie\n|-singleturn|p1a: Starmie|Protect\n|move|p2b: Incineroar|Fake Out|p1a: Starmie\n|-activate|p1a: Starmie|move: Protect\n|move|p1b: Incineroar|Fake Out|p2a: Tyranitar\n|-resisted|p2a: Tyranitar|1\n|-damage|p2a: Tyranitar|98/100\n|cant|p2a: Tyranitar|flinch\n|\n|-weather|Sandstorm|[upkeep]\n|-damage|p1a: Starmie|95/100|[from] Sandstorm\n|-damage|p1b: Incineroar|95/100|[from] Sandstorm\n|-damage|p2b: Incineroar|95/100|[from] Sandstorm\n|upkeep\n|turn|2\n|\n|t:|1775979752\n|switch|p1a: Archaludon|Archaludon, L50, M|100/100\n|move|p2a: Tyranitar|Protect|p2a: Tyranitar\n|-singleturn|p2a: Tyranitar|Protect\n|move|p1b: Incineroar|Parting Shot|p2a: Tyranitar\n|-activate|p2a: Tyranitar|move: Protect\n|move|p2b: Incineroar|Parting Shot|p1a: Archaludon\n|-unboost|p1a: Archaludon|atk|1\n|-unboost|p1a: Archaludon|spa|1\n|\n|t:|1775979762\n|switch|p2b: Excadrill|Excadrill, L50, F|100/100|[from] Parting Shot\n|\n|-weather|Sandstorm|[upkeep]\n|-damage|p1b: Incineroar|89/100|[from] Sandstorm\n|upkeep\n|turn|3\n|\n|t:|1775979787\n|switch|p2a: Sinistcha|Sinistcha, L50|100/100\n|move|p2b: Excadrill|Earthquake|p1a: Archaludon|[spread] p2a,p1a,p1b\n|-resisted|p2a: Sinistcha|1\n|-supereffective|p1a: Archaludon|1\n|-crit|p1a: Archaludon\n|-enditem|p1a: Archaludon|Shuca Berry|[eat]\n|-enditem|p1a: Archaludon|Shuca Berry|[weaken]\n|-supereffective|p1b: Incineroar|1\n|-damage|p2a: Sinistcha|85/100\n|-damage|p1a: Archaludon|47/100\n|-damage|p1b: Incineroar|14/100\n|-ability|p1a: Archaludon|Stamina|boost\n|-boost|p1a: Archaludon|def|1\n|-enditem|p1b: Incineroar|Sitrus Berry|[eat]\n|-heal|p1b: Incineroar|39/100|[from] item: Sitrus Berry\n|move|p1a: Archaludon|Flash Cannon|p2a: Sinistcha\n|-damage|p2a: Sinistcha|54/100\n|move|p1b: Incineroar|Parting Shot|p2b: Excadrill\n|-unboost|p2b: Excadrill|atk|1\n|-unboost|p2b: Excadrill|spa|1\n|\n|t:|1775979812\n|switch|p1b: Pelipper|Pelipper, L50, M|100/100|[from] Parting Shot\n|-weather|RainDance|[from] ability: Drizzle|[of] p1b: Pelipper\n|\n|-weather|RainDance|[upkeep]\n|upkeep\n|turn|4\n|inactive|Jayuwwu has 30 seconds left.\n|inactive|jrt455 has 30 seconds left.\n|inactive|Jayuwwu has 20 seconds left.\n|inactive|Jayuwwu has 15 seconds left.\n|\n|t:|1775979861\n|switch|p2b: Incineroar|Incineroar, L50, F|95/100\n|-ability|p2b: Incineroar|Intimidate|boost\n|-unboost|p1a: Archaludon|atk|1\n|-unboost|p1b: Pelipper|atk|1\n|switch|p1b: Starmie|Starmie, L50|95/100\n|switch|p2a: Tyranitar|Tyranitar, L50, M|98/100\n|-weather|Sandstorm|[from] ability: Sand Stream|[of] p2a: Tyranitar\n|move|p1a: Archaludon|Draco Meteor|p2a: Tyranitar\n|-damage|p2a: Tyranitar|71/100\n|-unboost|p1a: Archaludon|spa|2\n|\n|-weather|Sandstorm|[upkeep]\n|-damage|p1b: Starmie|89/100|[from] Sandstorm\n|-damage|p2b: Incineroar|89/100|[from] Sandstorm\n|upkeep\n|turn|5\n|inactive|Jayuwwu has 30 seconds left.\n|inactive|jrt455 has 30 seconds left.\n|inactive|Jayuwwu has 20 seconds left.\n|inactive|Jayuwwu has 15 seconds left.\n|inactive|Jayuwwu has 10 seconds left.\n|inactive|jrt455 has 20 seconds left.\n|inactive|jrt455 has 15 seconds left.\n|\n|t:|1775979919\n|switch|p1a: Pelipper|Pelipper, L50, M|100/100\n|-weather|RainDance|[from] ability: Drizzle|[of] p1a: Pelipper\n|move|p1b: Starmie|Protect|p1b: Starmie\n|-singleturn|p1b: Starmie|Protect\n|move|p2a: Tyranitar|Protect|p2a: Tyranitar\n|-singleturn|p2a: Tyranitar|Protect\n|move|p2b: Incineroar|Parting Shot|p1b: Starmie\n|-activate|p1b: Starmie|move: Protect\n|\n|-weather|RainDance|[upkeep]\n|upkeep\n|turn|6\n|inactive|jrt455 has 30 seconds left.\n|inactive|Jayuwwu has 30 seconds left.\n|-activate|p1a: Pelipper|item: Quick Claw\n|\n|t:|1775979951\n|switch|p2a: Sinistcha|Sinistcha, L50|54/100\n|-heal|p2b: Incineroar|100/100|[from] ability: Hospitality|[of] p2a: Sinistcha\n|move|p1a: Pelipper|Hurricane|p2a: Sinistcha\n|-supereffective|p2a: Sinistcha|1\n|-damage|p2a: Sinistcha|0 fnt\n|faint|p2a: Sinistcha\n|move|p1b: Starmie|Liquidation|p2b: Incineroar\n|-supereffective|p2b: Incineroar|1\n|-damage|p2b: Incineroar|0 fnt\n|faint|p2b: Incineroar\n|\n|-weather|RainDance|[upkeep]\n|upkeep\n|\n|t:|1775979959\n|switch|p2a: Tyranitar|Tyranitar, L50, M|71/100\n|switch|p2b: Excadrill|Excadrill, L50, F|100/100\n|-weather|Sandstorm|[from] ability: Sand Stream|[of] p2a: Tyranitar\n|turn|7\n|\n|t:|1775979975\n|switch|p1a: Incineroar|Incineroar, L50, M|39/100\n|-ability|p1a: Incineroar|Intimidate|boost\n|-unboost|p2a: Tyranitar|atk|1\n|-unboost|p2b: Excadrill|atk|1\n|detailschange|p1b: Starmie|Starmie-Mega, L50\n|-mega|p1b: Starmie|Starmie|Starminite\n|move|p2a: Tyranitar|Protect|p2a: Tyranitar\n|-singleturn|p2a: Tyranitar|Protect\n|move|p1b: Starmie|Aqua Jet|p2b: Excadrill\n|-supereffective|p2b: Excadrill|1\n|-enditem|p2b: Excadrill|Focus Sash\n|-damage|p2b: Excadrill|1/100\n|move|p2b: Excadrill|Rock Slide|p1b: Starmie|[spread] p1b\n|-miss|p2b: Excadrill|p1a: Incineroar\n|-damage|p1b: Starmie|70/100\n|\n|-weather|Sandstorm|[upkeep]\n|-damage|p1b: Starmie|64/100|[from] Sandstorm\n|-damage|p1a: Incineroar|33/100|[from] Sandstorm\n|upkeep\n|turn|8\n|inactive|jrt455 has 30 seconds left.\n|\n|t:|1775980001\n|move|p2b: Excadrill|Protect|p2b: Excadrill\n|-singleturn|p2b: Excadrill|Protect\n|move|p1a: Incineroar|Fake Out|p2b: Excadrill\n|-activate|p2b: Excadrill|move: Protect\n|move|p1b: Starmie|Liquidation|p2a: Tyranitar\n|-supereffective|p2a: Tyranitar|1\n|-damage|p2a: Tyranitar|0 fnt\n|faint|p2a: Tyranitar\n|\n|-weather|Sandstorm|[upkeep]\n|-damage|p1b: Starmie|58/100|[from] Sandstorm\n|-damage|p1a: Incineroar|27/100|[from] Sandstorm\n|upkeep\n|turn|9\n|-message|jrt455 forfeited.\n|\n|win|Jayuwwu\n|raw|Jayuwwu's rating: 1023 &rarr; <strong>1057</strong><br />(+34 for winning)\n|raw|jrt455's rating: 1000 &rarr; <strong>1000</strong><br />(+0 for losing)\n|l|\u2606jrt455\n|player|p2|\n",
  "uploadtime": 1775980011,
  "views": 10,
  "formatid": "gen9championsvgc2026regma",
  "rating": 1000,
  "private": 0,
  "password": null
}