{
  "id": "gen9championsvgc2026regma-2581337956",
  "format": "[Gen 9 Champions] VGC 2026 Reg M-A",
  "players": [
    "SilentB88",
    "CapppedHD"
  ],
  "log": "|j|\u2606SilentB88\n|j|\u2606CapppedHD\n|t:|1775988605\n|gametype|doubles\n|player|p1|SilentB88|101|1188\n|player|p2|CapppedHD|lucas|1149\n|gen|9\n|tier|[Gen 9 Champions] VGC 2026 Reg M-A\n|rated|\n|rule|Species Clause: Limit one of each Pok\u00e9mon\n|rule|Item Clause: Limit 1 of each item\n|clearpoke\n|poke|p1|Froslass, L50, F|\n|poke|p1|Empoleon, L50, M|\n|poke|p1|Sneasler, L50, M|\n|poke|p1|Dragonite, L50, F|\n|poke|p1|Rotom-Heat, L50|\n|poke|p1|Krookodile, L50, M|\n|poke|p2|Froslass, L50, F|\n|poke|p2|Incineroar, L50, F|\n|poke|p2|Orthworm, L50, M|\n|poke|p2|Garchomp, L50, F|\n|poke|p2|Basculegion, L50, M|\n|poke|p2|Ninetales-Alola, L50, M|\n|teampreview|4\n|inactive|Battle timer is ON: inactive players will automatically lose when time's up. (requested by CapppedHD)\n|inactive|SilentB88 has 60 seconds left.\n|inactive|CapppedHD has 60 seconds left.\n|\n|t:|1775988641\n|teamsize|p1|4\n|teamsize|p2|4\n|start\n|switch|p1a: Empoleon|Empoleon, L50, M, shiny|100/100\n|switch|p1b: Froslass|Froslass, L50, F|100/100\n|switch|p2a: Basculegion|Basculegion, L50, M|100/100\n|switch|p2b: Orthworm|Orthworm, L50, M|100/100\n|turn|1\n|\n|t:|1775988660\n|move|p1b: Froslass|Protect|p1b: Froslass\n|-singleturn|p1b: Froslass|Protect\n|move|p2a: Basculegion|Wave Crash|p1b: Froslass\n|-activate|p1b: Froslass|move: Protect\n|move|p1a: Empoleon|Hydro Pump|p2a: Basculegion\n|-resisted|p2a: Basculegion|1\n|-damage|p2a: Basculegion|74/100\n|move|p2b: Orthworm|Body Press|p1a: Empoleon\n|-supereffective|p1a: Empoleon|1\n|-damage|p1a: Empoleon|38/100\n|-enditem|p1a: Empoleon|Sitrus Berry|[eat]\n|-heal|p1a: Empoleon|63/100|[from] item: Sitrus Berry\n|\n|upkeep\n|turn|2\n|\n|t:|1775988679\n|switch|p1a: Rotom|Rotom-Heat, L50|100/100\n|detailschange|p1b: Froslass|Froslass-Mega, L50, F\n|-mega|p1b: Froslass|Froslass|Froslassite\n|-weather|Snowscape|[from] ability: Snow Warning|[of] p1b: Froslass\n|move|p2a: Basculegion|Wave Crash|p1b: Froslass\n|-damage|p1b: Froslass|21/100\n|-damage|p2a: Basculegion|51/100|[from] Recoil\n|move|p1b: Froslass|Shadow Ball|p2a: Basculegion\n|-supereffective|p2a: Basculegion|1\n|-damage|p2a: Basculegion|0 fnt\n|faint|p2a: Basculegion\n|move|p2b: Orthworm|Body Press|p1a: Rotom\n|-damage|p1a: Rotom|64/100\n|\n|-weather|Snowscape|[upkeep]\n|upkeep\n|\n|t:|1775988704\n|switch|p2a: Ninetales|Ninetales-Alola, L50, M|100/100\n|turn|3\n|\n|t:|1775988715\n|move|p2a: Ninetales|Protect|p2a: Ninetales\n|-singleturn|p2a: Ninetales|Protect\n|move|p1a: Rotom|Overheat|p2b: Orthworm|[miss]\n|-miss|p1a: Rotom|p2b: Orthworm\n|move|p1b: Froslass|Aurora Veil|p1b: Froslass\n|-sidestart|p1: SilentB88|move: Aurora Veil\n|move|p2b: Orthworm|Shed Tail|p2b: Orthworm\n|-start|p2b: Orthworm|Substitute|[from] move: Shed Tail\n|-damage|p2b: Orthworm|50/100\n|-enditem|p2b: Orthworm|Sitrus Berry|[eat]\n|-heal|p2b: Orthworm|75/100|[from] item: Sitrus Berry\n|\n|t:|1775988724\n|switch|p2b: Froslass|Froslass, L50, F|100/100|[from] Shed Tail\n|\n|-weather|Snowscape|[upkeep]\n|upkeep\n|turn|4\n|inactive|CapppedHD has 30 seconds left.\n|\n|t:|1775988749\n|move|p2b: Froslass|Protect|p2b: Froslass\n|-singleturn|p2b: Froslass|Protect\n|move|p1a: Rotom|Overheat|p2a: Ninetales\n|-supereffective|p2a: Ninetales|1\n|-enditem|p2a: Ninetales|Occa Berry|[eat]\n|-enditem|p2a: Ninetales|Occa Berry|[weaken]\n|-damage|p2a: Ninetales|40/100\n|-unboost|p1a: Rotom|spa|2\n|move|p1b: Froslass|Shadow Ball|p2b: Froslass\n|-activate|p2b: Froslass|move: Protect\n|move|p2a: Ninetales|Icy Wind|p1b: Froslass|[spread] p1a,p1b\n|-resisted|p1a: Rotom|1\n|-resisted|p1b: Froslass|1\n|-damage|p1a: Rotom|58/100\n|-damage|p1b: Froslass|16/100\n|-unboost|p1a: Rotom|spe|1\n|-unboost|p1b: Froslass|spe|1\n|\n|-weather|Snowscape|[upkeep]\n|upkeep\n|turn|5\n|inactive|CapppedHD has 30 seconds left.\n|\n|t:|1775988774\n|switch|p1b: Empoleon|Empoleon, L50, M, shiny|63/100\n|detailschange|p2b: Froslass|Froslass-Mega, L50, F\n|-mega|p2b: Froslass|Froslass|Froslassite\n|move|p2b: Froslass|Blizzard|p1a: Rotom|[spread] p1a,p1b\n|-resisted|p1a: Rotom|1\n|-resisted|p1b: Empoleon|2\n|-damage|p1a: Rotom|39/100\n|-damage|p1b: Empoleon|55/100\n|move|p2a: Ninetales|Icy Wind|p1a: Rotom|[spread] p1a,p1b\n|-resisted|p1a: Rotom|1\n|-resisted|p1b: Empoleon|2\n|-damage|p1a: Rotom|34/100\n|-damage|p1b: Empoleon|52/100\n|-unboost|p1a: Rotom|spe|1\n|-unboost|p1b: Empoleon|spe|1\n|-ability|p1b: Empoleon|Competitive|boost\n|-boost|p1b: Empoleon|spa|2\n|move|p1a: Rotom|Overheat|p2a: Ninetales|[miss]\n|-miss|p1a: Rotom|p2a: Ninetales\n|\n|-weather|Snowscape|[upkeep]\n|upkeep\n|turn|6\n|inactive|SilentB88 has 30 seconds left.\n|\n|t:|1775988805\n|switch|p2a: Orthworm|Orthworm, L50, M|75/100\n|switch|p1a: Froslass|Froslass-Mega, L50, F|16/100\n|move|p2b: Froslass|Nasty Plot|p2b: Froslass\n|-boost|p2b: Froslass|spa|2\n|move|p1b: Empoleon|Hydro Pump|p2b: Froslass\n|-end|p2b: Froslass|Substitute\n|\n|-weather|none\n|upkeep\n|turn|7\n|\n|t:|1775988823\n|move|p2b: Froslass|Protect|p2b: Froslass\n|-singleturn|p2b: Froslass|Protect\n|move|p1a: Froslass|Shadow Ball|p2b: Froslass\n|-activate|p2b: Froslass|move: Protect\n|move|p2a: Orthworm|Body Press|p1b: Empoleon\n|-supereffective|p1b: Empoleon|1\n|-damage|p1b: Empoleon|9/100\n|move|p1b: Empoleon|Hydro Pump|p2a: Orthworm|[miss]\n|-miss|p1b: Empoleon|p2a: Orthworm\n|\n|-sideend|p1: SilentB88|move: Aurora Veil\n|upkeep\n|turn|8\n|inactive|CapppedHD has 30 seconds left.\n|\n|t:|1775988855\n|switch|p2b: Ninetales|Ninetales-Alola, L50, M|40/100\n|move|p1b: Empoleon|Protect|p1b: Empoleon\n|-singleturn|p1b: Empoleon|Protect\n|move|p1a: Froslass|Shadow Ball|p2b: Ninetales\n|-crit|p2b: Ninetales\n|-damage|p2b: Ninetales|0 fnt\n|faint|p2b: Ninetales\n|move|p2a: Orthworm|Heavy Slam|p1a: Froslass\n|-supereffective|p1a: Froslass|1\n|-damage|p1a: Froslass|0 fnt\n|faint|p1a: Froslass\n|\n|upkeep\n|\n|t:|1775988872\n|switch|p1a: Sneasler|Sneasler, L50, M|100/100\n|switch|p2b: Froslass|Froslass-Mega, L50, F|100/100\n|-weather|Snowscape|[from] ability: Snow Warning|[of] p2b: Froslass\n|turn|9\n|\n|t:|1775988894\n|move|p1a: Sneasler|Close Combat|p2a: Orthworm\n|-supereffective|p2a: Orthworm|1\n|-damage|p2a: Orthworm|0 fnt\n|-unboost|p1a: Sneasler|def|1\n|-unboost|p1a: Sneasler|spd|1\n|faint|p2a: Orthworm\n|-enditem|p1a: Sneasler|White Herb\n|-clearnegativeboost|p1a: Sneasler|[silent]\n|move|p2b: Froslass|Blizzard|p1b: Empoleon|[spread] p1a,p1b\n|-crit|p1a: Sneasler\n|-resisted|p1b: Empoleon|2\n|-damage|p1a: Sneasler|13/100\n|-damage|p1b: Empoleon|0 fnt\n|faint|p1b: Empoleon\n|\n|-weather|Snowscape|[upkeep]\n|upkeep\n|\n|t:|1775988909\n|switch|p1b: Rotom|Rotom-Heat, L50|34/100\n|turn|10\n|\n|t:|1775988919\n|move|p1a: Sneasler|Dire Claw|p2b: Froslass\n|-resisted|p2b: Froslass|1\n|-damage|p2b: Froslass|81/100\n|-status|p2b: Froslass|psn\n|move|p1b: Rotom|Overheat|p2b: Froslass\n|-supereffective|p2b: Froslass|1\n|-damage|p2b: Froslass|0 fnt\n|-unboost|p1b: Rotom|spa|2\n|faint|p2b: Froslass\n|\n|win|SilentB88\n|raw|SilentB88's rating: 1188 &rarr; <strong>1210</strong><br />(+22 for winning)\n|raw|CapppedHD's rating: 1149 &rarr; <strong>1127</strong><br />(-22 for losing)\n|l|\u2606CapppedHD\n|player|p2|\n",
  "uploadtime": 1775988944,
  "views": 26,
  "formatid": "gen9championsvgc2026regma",
  "rating": 1127,
  "private": 0,
  "password": null
}