{
  "id": "gen9championsvgc2026regma-2586880346",
  "format": "[Gen 9 Champions] VGC 2026 Reg M-A",
  "players": [
    "LightJKookie",
    "fdrgsfafawdawd"
  ],
  "log": "|j|\u2606LightJKookie\n|j|\u2606fdrgsfafawdawd\n|t:|1776468003\n|gametype|doubles\n|player|p1|LightJKookie|brycen|1104\n|player|p2|fdrgsfafawdawd|palmer|1039\n|gen|9\n|tier|[Gen 9 Champions] VGC 2026 Reg M-A\n|rated|\n|rule|Species Clause: Limit one of each Pok\u00e9mon\n|rule|Item Clause: Limit 1 of each item\n|clearpoke\n|poke|p1|Gengar, L50, F|\n|poke|p1|Primarina, L50, F|\n|poke|p1|Incineroar, L50, M|\n|poke|p1|Sneasler, L50, F|\n|poke|p1|Aerodactyl, L50, M|\n|poke|p1|Farigiraf, L50, F|\n|poke|p2|Pelipper, L50, F|\n|poke|p2|Charizard, L50, F|\n|poke|p2|Archaludon, L50, M|\n|poke|p2|Basculegion, L50, M|\n|poke|p2|Dragonite, L50, F|\n|poke|p2|Whimsicott, L50, M|\n|teampreview|4\n|inactive|Battle timer is ON: inactive players will automatically lose when time's up. (requested by fdrgsfafawdawd)\nfdrgsfafawdawd rejected open team sheets.\n|inactive|LightJKookie has 60 seconds left.\n|inactive|fdrgsfafawdawd has 60 seconds left.\n|\n|t:|1776468047\n|teamsize|p1|4\n|teamsize|p2|4\n|start\n|switch|p1a: Aerodactyl|Aerodactyl, L50, M|100/100\n|switch|p1b: Sneasler|Sneasler, L50, F|100/100\n|switch|p2a: Pelipper|Pelipper, L50, F|100/100\n|switch|p2b: Archaludon|Archaludon, L50, M, shiny|100/100\n|-ability|p1a: Aerodactyl|Unnerve\n|-weather|RainDance|[from] ability: Drizzle|[of] p2a: Pelipper\n|turn|1\n|\n|t:|1776468070\n|move|p1b: Sneasler|Fake Out|p2b: Archaludon\n|-resisted|p2b: Archaludon|1\n|-damage|p2b: Archaludon|96/100\n|-ability|p2b: Archaludon|Stamina|boost\n|-boost|p2b: Archaludon|def|1\n|move|p2a: Pelipper|Wide Guard|p2a: Pelipper\n|-singleturn|p2a: Pelipper|Wide Guard\n|move|p1a: Aerodactyl|Tailwind|p1a: Aerodactyl\n|-sidestart|p1: LightJKookie|move: Tailwind\n|cant|p2b: Archaludon|flinch\n|\n|-weather|RainDance|[upkeep]\n|-heal|p2b: Archaludon|100/100|[from] item: Leftovers\n|upkeep\n|turn|2\n|\n|t:|1776468086\n|move|p2b: Archaludon|Protect|p2b: Archaludon\n|-singleturn|p2b: Archaludon|Protect\n|move|p1a: Aerodactyl|Rock Slide|p2b: Archaludon|[spread] p2a\n|-activate|p2b: Archaludon|move: Protect\n|-supereffective|p2a: Pelipper|1\n|-damage|p2a: Pelipper|35/100\n|move|p1b: Sneasler|Close Combat|p2b: Archaludon\n|-activate|p2b: Archaludon|move: Protect\n|move|p2a: Pelipper|Tailwind|p2a: Pelipper\n|-sidestart|p2: fdrgsfafawdawd|move: Tailwind\n|\n|-weather|RainDance|[upkeep]\n|upkeep\n|turn|3\n|\n|t:|1776468107\n|move|p2a: Pelipper|Wide Guard|p2a: Pelipper\n|-singleturn|p2a: Pelipper|Wide Guard\n|move|p1a: Aerodactyl|Dual Wingbeat|p2a: Pelipper\n|-damage|p2a: Pelipper|13/100\n|-damage|p2a: Pelipper|0 fnt\n|faint|p2a: Pelipper\n|-hitcount|p2: Pelipper|2\n|move|p1b: Sneasler|Close Combat|p2b: Archaludon\n|-supereffective|p2b: Archaludon|1\n|-damage|p2b: Archaludon|39/100\n|-unboost|p1b: Sneasler|def|1\n|-unboost|p1b: Sneasler|spd|1\n|-ability|p2b: Archaludon|Stamina|boost\n|-boost|p2b: Archaludon|def|1\n|-enditem|p1b: Sneasler|White Herb\n|-clearnegativeboost|p1b: Sneasler|[silent]\n|move|p2b: Archaludon|Electro Shot||[still]\n|-prepare|p2b: Archaludon|Electro Shot\n|-boost|p2b: Archaludon|spa|1\n|-anim|p2b: Archaludon|Electro Shot|p1a: Aerodactyl\n|-supereffective|p1a: Aerodactyl|1\n|-enditem|p1a: Aerodactyl|Focus Sash\n|-damage|p1a: Aerodactyl|1/100\n|\n|-weather|RainDance|[upkeep]\n|-heal|p2b: Archaludon|45/100|[from] item: Leftovers\n|upkeep\n|\n|t:|1776468131\n|switch|p2a: Basculegion|Basculegion, L50, M, shiny|100/100\n|turn|4\n|\n|t:|1776468148\n|switch|p1a: Primarina|Primarina, L50, F|100/100\n|move|p1b: Sneasler|Protect|p1b: Sneasler\n|-singleturn|p1b: Sneasler|Protect\n|move|p2a: Basculegion|Last Respects|p1b: Sneasler\n|-activate|p1b: Sneasler|move: Protect\n|move|p2b: Archaludon|Electro Shot||[still]\n|-prepare|p2b: Archaludon|Electro Shot\n|-boost|p2b: Archaludon|spa|1\n|-anim|p2b: Archaludon|Electro Shot|p1a: Primarina\n|-supereffective|p1a: Primarina|1\n|-damage|p1a: Primarina|0 fnt\n|faint|p1a: Primarina\n|\n|-weather|RainDance|[upkeep]\n|-heal|p2b: Archaludon|51/100|[from] item: Leftovers\n|-sideend|p1: LightJKookie|move: Tailwind\n|upkeep\n|\n|t:|1776468161\n|switch|p1a: Aerodactyl|Aerodactyl, L50, M|1/100\n|-ability|p1a: Aerodactyl|Unnerve\n|turn|5\n|\n|t:|1776468169\n|move|p2a: Basculegion|Last Respects|p1b: Sneasler\n|-damage|p1b: Sneasler|0 fnt\n|faint|p1b: Sneasler\n|move|p2b: Archaludon|Electro Shot||[still]\n|-prepare|p2b: Archaludon|Electro Shot\n|-boost|p2b: Archaludon|spa|1\n|-anim|p2b: Archaludon|Electro Shot|p1a: Aerodactyl\n|-supereffective|p1a: Aerodactyl|1\n|-damage|p1a: Aerodactyl|0 fnt\n|faint|p1a: Aerodactyl\n|\n|-weather|none\n|-heal|p2b: Archaludon|57/100|[from] item: Leftovers\n|-sideend|p2: fdrgsfafawdawd|move: Tailwind\n|upkeep\n|c|\u2606fdrgsfafawdawd|ggs\n|c|\u2606LightJKookie|Gg\n|inactive|LightJKookie has 30 seconds left.\n|inactive|LightJKookie has 20 seconds left.\n|inactive|LightJKookie has 15 seconds left.\n|inactive|LightJKookie has 10 seconds left.\n|c|\u2606LightJKookie|Tho, Aero was 190 speed. Are you scarf?\n|inactive|LightJKookie has 5 seconds left.\n|\n|t:|1776468222\n|switch|p1a: Gengar|Gengar, L50, F|100/100\n|turn|6\n|c|\u2606fdrgsfafawdawd|yes\n|c|\u2606LightJKookie|Ah no wonder\n|c|\u2606fdrgsfafawdawd|on bascu\n|\n|t:|1776468243\n|detailschange|p1a: Gengar|Gengar-Mega, L50, F\n|-mega|p1a: Gengar|Gengar|Gengarite\n|move|p2a: Basculegion|Last Respects|p1a: Gengar\n|-supereffective|p1a: Gengar|1\n|-damage|p1a: Gengar|0 fnt\n|faint|p1a: Gengar\n|\n|win|fdrgsfafawdawd\n|raw|LightJKookie's rating: 1104 &rarr; <strong>1074</strong><br />(-30 for losing)\n|raw|fdrgsfafawdawd's rating: 1039 &rarr; <strong>1079</strong><br />(+40 for winning)\n|c|\u2606fdrgsfafawdawd|scarf + adaptability is peak\\\n|c|\u2606LightJKookie|No like, I how did archaludon outspeed my Aero? Aero was 190, and Arch can only go up to 150\n|c|\u2606LightJKookie|Yeah you\u2019re right\n|c|\u2606fdrgsfafawdawd|lemme look thru turns rq\n|c|\u2606LightJKookie|On turn 5\n|c|\u2606fdrgsfafawdawd|i staggered our tailwinds by 1 turn\n|c|\u2606fdrgsfafawdawd|remember i wide guarded first turn and u tw\n|c|\u2606LightJKookie|Ye, but I was much faster at the time\n|c|\u2606fdrgsfafawdawd|wym?\n|c|\u2606fdrgsfafawdawd|i still had 1 turn of TW and yours ran out\n|c|\u2606fdrgsfafawdawd|thats how i was faster\n|c|\u2606LightJKookie|Oh, I was wondering, that\u2019s why it\u2019s on turn 2\n|c|\u2606fdrgsfafawdawd|ye\n|c|\u2606LightJKookie|Aight my bad\n|c|\u2606fdrgsfafawdawd|i was afraid of rock slide turn 1 and wanted to condition u not to slide turn 2 but u still did lol\n|c|\u2606fdrgsfafawdawd|flinch wouldve done me in\n|c|\u2606LightJKookie|Ye, but it is what it is\n|c|\u2606LightJKookie|u played really well\n|c|\u2606fdrgsfafawdawd|thanks bro\n|c|\u2606LightJKookie|See ya man\n|c|\u2606fdrgsfafawdawd|im like one day into champions format so trying my best\n|c|\u2606LightJKookie|Ah ok\n|c|\u2606fdrgsfafawdawd|peace bro, best of luck to you <3\n|c|\u2606LightJKookie|U2\n",
  "uploadtime": 1776468520,
  "views": 23,
  "formatid": "gen9championsvgc2026regma",
  "rating": 1074,
  "private": 0,
  "password": null
}