{
  "id": "gen9championsvgc2026regma-2588528894",
  "format": "[Gen 9 Champions] VGC 2026 Reg M-A",
  "players": [
    "Cesco Cienfuegos",
    "waxshearingloss"
  ],
  "log": "|j|\u2606Cesco Cienfuegos\n|j|\u2606waxshearingloss\n|t:|1776641957\n|gametype|doubles\n|player|p1|Cesco Cienfuegos|265|1123\n|player|p2|waxshearingloss|roxie-masters|1040\n|gen|9\n|tier|[Gen 9 Champions] VGC 2026 Reg M-A\n|rated|\n|rule|Species Clause: Limit one of each Pok\u00e9mon\n|rule|Item Clause: Limit 1 of each item\n|clearpoke\n|poke|p1|Meganium, L50, F|\n|poke|p1|Archaludon, L50, M|\n|poke|p1|Basculegion, L50, M|\n|poke|p1|Maushold, L50|\n|poke|p1|Politoed, L50, F|\n|poke|p1|Talonflame, L50, F|\n|poke|p2|Froslass, L50, F|\n|poke|p2|Milotic, L50, M|\n|poke|p2|Sneasler, L50, F|\n|poke|p2|Aerodactyl, L50, F|\n|poke|p2|Scovillain, L50, F|\n|poke|p2|Farigiraf, L50, F|\n|teampreview|4\n|\n|t:|1776641986\n|teamsize|p1|4\n|teamsize|p2|4\n|start\n|switch|p1a: Archaludon|Archaludon, L50, M|100/100\n|switch|p1b: Talonflame|Talonflame, L50, F|100/100\n|switch|p2a: Farigiraf|Farigiraf, L50, F|100/100\n|switch|p2b: Scovillain|Scovillain, L50, F|100/100\n|turn|1\n|\n|t:|1776642021\n|move|p2b: Scovillain|Protect|p2b: Scovillain\n|-singleturn|p2b: Scovillain|Protect\n|move|p1b: Talonflame|Rain Dance|p1b: Talonflame\n|-weather|RainDance\n|move|p1a: Archaludon|Draco Meteor|p2a: Farigiraf\n|-crit|p2a: Farigiraf\n|-damage|p2a: Farigiraf|12/100\n|-unboost|p1a: Archaludon|spa|2\n|-enditem|p1a: Archaludon|White Herb\n|-clearnegativeboost|p1a: Archaludon|[silent]\n|move|p2a: Farigiraf|Trick Room|p2a: Farigiraf\n|-fieldstart|move: Trick Room|[of] p2a: Farigiraf\n|\n|-weather|RainDance|[upkeep]\n|-ability|p2b: Scovillain|Moody|boost\n|-boost|p2b: Scovillain|atk|2\n|-unboost|p2b: Scovillain|spa|1\n|upkeep\n|turn|2\n|\n|t:|1776642056\n|detailschange|p2b: Scovillain|Scovillain-Mega, L50, F\n|-mega|p2b: Scovillain|Scovillain|Scovillainite\n|move|p2b: Scovillain|Rage Powder|p2b: Scovillain\n|-singleturn|p2b: Scovillain|move: Rage Powder\n|move|p1b: Talonflame|Hurricane||[still]\n|cant|p2a: Farigiraf|ability: Armor Tail|Hurricane|[of] p1b: Talonflame\n|move|p2a: Farigiraf|Foul Play|p1b: Talonflame\n|-damage|p1b: Talonflame|72/100\n|move|p1a: Archaludon|Electro Shot||[still]\n|-prepare|p1a: Archaludon|Electro Shot\n|-boost|p1a: Archaludon|spa|1\n|-anim|p1a: Archaludon|Electro Shot|p2b: Scovillain\n|-resisted|p2b: Scovillain|1\n|-damage|p2b: Scovillain|70/100\n|-status|p1a: Archaludon|brn|[from] ability: Spicy Spray|[of] p2b: Scovillain\n|\n|-weather|RainDance|[upkeep]\n|-damage|p1a: Archaludon|95/100 brn|[from] brn\n|upkeep\n|turn|3\n|\n|t:|1776642098\n|move|p2b: Scovillain|Protect|p2b: Scovillain\n|-singleturn|p2b: Scovillain|Protect\n|move|p2a: Farigiraf|Foul Play|p1b: Talonflame\n|-damage|p1b: Talonflame|42/100\n|move|p1a: Archaludon|Draco Meteor|p2b: Scovillain\n|-activate|p2b: Scovillain|move: Protect\n|move|p1b: Talonflame|Hurricane|p2b: Scovillain\n|-activate|p2b: Scovillain|move: Protect\n|\n|-weather|RainDance|[upkeep]\n|-damage|p1a: Archaludon|89/100 brn|[from] brn\n|upkeep\n|turn|4\n|\n|t:|1776642123\n|switch|p2b: Milotic|Milotic, L50, M|100/100\n|move|p2a: Farigiraf|Foul Play|p1b: Talonflame\n|-damage|p1b: Talonflame|12/100\n|move|p1a: Archaludon|Flash Cannon|p2a: Farigiraf\n|-damage|p2a: Farigiraf|0 fnt\n|faint|p2a: Farigiraf\n|move|p1b: Talonflame|Hurricane|p2b: Milotic\n|-damage|p2b: Milotic|81/100\n|\n|-weather|RainDance|[upkeep]\n|-heal|p2b: Milotic|87/100|[from] item: Leftovers\n|-damage|p1a: Archaludon|83/100 brn|[from] brn\n|upkeep\n|\n|t:|1776642143\n|switch|p2a: Sneasler|Sneasler, L50, F|100/100\n|turn|5\n|\n|t:|1776642152\n|move|p2a: Sneasler|Fake Out|p1a: Archaludon\n|-resisted|p1a: Archaludon|1\n|-damage|p1a: Archaludon|76/100 brn\n|move|p1b: Talonflame|Quick Guard|p1b: Talonflame\n|-singleturn|p1b: Talonflame|Quick Guard\n|move|p2b: Milotic|Icy Wind|p1b: Talonflame|[spread] p1a,p1b\n|-damage|p1a: Archaludon|62/100 brn\n|-damage|p1b: Talonflame|0 fnt\n|-unboost|p1a: Archaludon|spe|1\n|faint|p1b: Talonflame\n|cant|p1a: Archaludon|flinch\n|\n|-weather|none\n|-heal|p2b: Milotic|93/100|[from] item: Leftovers\n|-damage|p1a: Archaludon|56/100 brn|[from] brn\n|-fieldend|move: Trick Room\n|upkeep\n|\n|t:|1776642176\n|switch|p1b: Politoed|Politoed, L50, F|100/100\n|-weather|RainDance|[from] ability: Drizzle|[of] p1b: Politoed\n|turn|6\n|\n|t:|1776642186\n|move|p1b: Politoed|Helping Hand|p1a: Archaludon\n|-singleturn|p1a: Archaludon|Helping Hand|[of] p1b: Politoed\n|move|p2b: Milotic|Protect|p2b: Milotic\n|-singleturn|p2b: Milotic|Protect\n|move|p2a: Sneasler|Close Combat|p1a: Archaludon\n|-supereffective|p1a: Archaludon|1\n|-damage|p1a: Archaludon|0 fnt\n|-unboost|p2a: Sneasler|def|1\n|-unboost|p2a: Sneasler|spd|1\n|faint|p1a: Archaludon\n|-enditem|p2a: Sneasler|White Herb\n|-clearnegativeboost|p2a: Sneasler|[silent]\n|\n|-weather|RainDance|[upkeep]\n|-heal|p2b: Milotic|99/100|[from] item: Leftovers\n|upkeep\n|\n|t:|1776642201\n|switch|p1a: Meganium|Meganium, L50, F|100/100\n|turn|7\n|\n|t:|1776642210\n|move|p1a: Meganium|Protect|p1a: Meganium\n|-singleturn|p1a: Meganium|Protect\n|move|p2a: Sneasler|Dire Claw|p1a: Meganium\n|-activate|p1a: Meganium|move: Protect\n|move|p2b: Milotic|Icy Wind|p1a: Meganium|[spread] p1b\n|-activate|p1a: Meganium|move: Protect\n|-resisted|p1b: Politoed|1\n|-damage|p1b: Politoed|96/100\n|-unboost|p1b: Politoed|spe|1\n|move|p1b: Politoed|Weather Ball|p2a: Sneasler\n|-damage|p2a: Sneasler|41/100\n|\n|-weather|RainDance|[upkeep]\n|-heal|p2b: Milotic|100/100|[from] item: Leftovers\n|upkeep\n|turn|8\n|\n|t:|1776642254\n|detailschange|p1a: Meganium|Meganium-Mega, L50, F\n|-mega|p1a: Meganium|Meganium|Meganiumite\n|move|p2a: Sneasler|Dire Claw|p1a: Meganium\n|-supereffective|p1a: Meganium|2\n|-damage|p1a: Meganium|0 fnt\n|faint|p1a: Meganium\n|move|p2b: Milotic|Icy Wind|p1b: Politoed\n|-resisted|p1b: Politoed|1\n|-damage|p1b: Politoed|91/100\n|-unboost|p1b: Politoed|spe|1\n|move|p1b: Politoed|Weather Ball|p2a: Sneasler\n|-damage|p2a: Sneasler|0 fnt\n|faint|p2a: Sneasler\n|\n|-weather|RainDance|[upkeep]\n|upkeep\n|\n|t:|1776642270\n|switch|p2a: Scovillain|Scovillain-Mega, L50, F|70/100\n|turn|9\n|\n|t:|1776642280\n|move|p2b: Milotic|Aqua Ring|p2b: Milotic\n|-start|p2b: Milotic|Aqua Ring\n|move|p2a: Scovillain|Giga Drain|p1b: Politoed\n|-supereffective|p1b: Politoed|1\n|-damage|p1b: Politoed|35/100\n|-heal|p2a: Scovillain|100/100|[from] drain|[of] p1b: Politoed\n|-enditem|p1b: Politoed|Sitrus Berry|[eat]\n|-heal|p1b: Politoed|60/100|[from] item: Sitrus Berry\n|move|p1b: Politoed|Icy Wind|p2a: Scovillain|[spread] p2a,p2b\n|-resisted|p2b: Milotic|1\n|-damage|p2a: Scovillain|92/100\n|-damage|p2b: Milotic|99/100\n|-unboost|p2a: Scovillain|spe|1\n|-unboost|p2b: Milotic|spe|1\n|-ability|p2b: Milotic|Competitive|boost\n|-boost|p2b: Milotic|spa|2\n|-status|p1b: Politoed|brn|[from] ability: Spicy Spray|[of] p2a: Scovillain\n|\n|-weather|RainDance|[upkeep]\n|-heal|p2b: Milotic|100/100|[from] item: Leftovers\n|-damage|p1b: Politoed|54/100 brn|[from] brn\n|upkeep\n|turn|10\n|\n|t:|1776642323\n|move|p2b: Milotic|Icy Wind|p1b: Politoed\n|-resisted|p1b: Politoed|1\n|-damage|p1b: Politoed|44/100 brn\n|-unboost|p1b: Politoed|spe|1\n|move|p2a: Scovillain|Leech Seed|p1b: Politoed\n|-start|p1b: Politoed|move: Leech Seed\n|move|p1b: Politoed|Weather Ball|p2b: Milotic\n|-resisted|p2b: Milotic|1\n|-damage|p2b: Milotic|87/100\n|\n|-weather|none\n|-heal|p2b: Milotic|93/100|[from] item: Leftovers\n|-heal|p2b: Milotic|99/100|[from] Aqua Ring\n|-damage|p1b: Politoed|31/100 brn|[from] Leech Seed|[of] p2a: Scovillain\n|-heal|p2a: Scovillain|100/100|[silent]\n|-damage|p1b: Politoed|25/100 brn|[from] brn\n|upkeep\n|turn|11\n|-message|Cesco Cienfuegos forfeited.\n|\n|win|waxshearingloss\n|raw|Cesco Cienfuegos's rating: 1123 &rarr; <strong>1092</strong><br />(-31 for losing)\n|raw|waxshearingloss's rating: 1040 &rarr; <strong>1082</strong><br />(+42 for winning)\n|l|\u2606Cesco Cienfuegos\n|player|p1|\n",
  "uploadtime": 1776642345,
  "views": 17,
  "formatid": "gen9championsvgc2026regma",
  "rating": 1082,
  "private": 0,
  "password": null
}