{
  "id": "gen9championsvgc2026regma-2582649550",
  "format": "[Gen 9 Champions] VGC 2026 Reg M-A",
  "players": [
    "sixthsavior",
    "cyclehorus2121"
  ],
  "log": "|j|\u2606sixthsavior\n|j|\u2606cyclehorus2121\n|t:|1776104907\n|gametype|doubles\n|player|p1|sixthsavior|265|1061\n|player|p2|cyclehorus2121|hilda-wonderlauncher|1000\n|gen|9\n|tier|[Gen 9 Champions] VGC 2026 Reg M-A\n|rated|\n|rule|Species Clause: Limit one of each Pok\u00e9mon\n|rule|Item Clause: Limit 1 of each item\n|clearpoke\n|poke|p1|Charizard, L50, M|\n|poke|p1|Venusaur, L50, M|\n|poke|p1|Rotom-Wash, L50|\n|poke|p1|Garchomp, L50, M|\n|poke|p1|Talonflame, L50, F|\n|poke|p1|Dragonite, L50, M|\n|poke|p2|Chimecho, L50, M|\n|poke|p2|Liepard, L50, F|\n|poke|p2|Rotom-Wash, L50|\n|poke|p2|Tauros-Paldea-Aqua, L50, M|\n|poke|p2|Zoroark-Hisui, L50, F|\n|poke|p2|Glaceon, L50, M|\n|teampreview|4\n|inactive|Battle timer is ON: inactive players will automatically lose when time's up. (requested by cyclehorus2121)\n|\n|t:|1776104971\n|teamsize|p1|4\n|teamsize|p2|4\n|start\n|switch|p1a: Garchomp|Garchomp, L50, M|100/100\n|switch|p1b: Rotom|Rotom-Wash, L50|100/100\n|switch|p2a: Tauros|Tauros-Paldea-Aqua, L50, M|100/100\n|switch|p2b: Rotom|Rotom-Wash, L50|100/100\n|turn|1\n|\n|t:|1776104986\n|move|p1a: Garchomp|Outrage|p2a: Tauros\n|-damage|p2a: Tauros|0 fnt\n|replace|p2a: Zoroark|Zoroark-Hisui, L50, F, shiny\n|-end|p2a: Zoroark|Illusion\n|faint|p2a: Zoroark\n|move|p2b: Rotom|Will-O-Wisp|p1a: Garchomp\n|-status|p1a: Garchomp|brn\n|move|p1b: Rotom|Discharge|p2b: Rotom|[spread] p2b\n|-immune|p1a: Garchomp\n|-damage|p2b: Rotom|71/100\n|\n|-heal|p2b: Rotom|77/100|[from] item: Leftovers\n|-damage|p1a: Garchomp|95/100 brn|[from] brn\n|upkeep\n|\n|t:|1776105002\n|switch|p2a: Chimecho|Chimecho, L50, M, shiny|100/100\n|turn|2\n|\n|t:|1776105016\n|detailschange|p2a: Chimecho|Chimecho-Mega, L50, M, shiny\n|-mega|p2a: Chimecho|Chimecho|Chimechite\n|move|p1a: Garchomp|Outrage|p2b: Rotom|[from] lockedmove\n|-damage|p2b: Rotom|46/100\n|move|p2b: Rotom|Will-O-Wisp|p1b: Rotom|[miss]\n|-miss|p2b: Rotom|p1b: Rotom\n|move|p1b: Rotom|Discharge|p2a: Chimecho|[spread] p2a,p2b\n|-immune|p1a: Garchomp\n|-damage|p2a: Chimecho|82/100\n|-damage|p2b: Rotom|13/100\n|move|p2a: Chimecho|Calm Mind|p2a: Chimecho\n|-boost|p2a: Chimecho|spa|1\n|-boost|p2a: Chimecho|spd|1\n|\n|-heal|p2b: Rotom|19/100|[from] item: Leftovers\n|-damage|p1a: Garchomp|89/100 brn|[from] brn\n|upkeep\n|turn|3\n|\n|t:|1776105039\n|move|p2b: Rotom|Protect|p2b: Rotom\n|-singleturn|p2b: Rotom|Protect\n|move|p1a: Garchomp|Outrage|p2b: Rotom|[from] lockedmove\n|-activate|p2b: Rotom|move: Protect\n|-start|p1a: Garchomp|confusion|[fatigue]\n|move|p1b: Rotom|Shadow Ball|p2a: Chimecho\n|-supereffective|p2a: Chimecho|1\n|-crit|p2a: Chimecho\n|-damage|p2a: Chimecho|33/100\n|move|p2a: Chimecho|Psychic|p1a: Garchomp\n|-damage|p1a: Garchomp|17/100 brn\n|\n|-heal|p2b: Rotom|25/100|[from] item: Leftovers\n|-damage|p1a: Garchomp|11/100 brn|[from] brn\n|upkeep\n|turn|4\n|\n|t:|1776105056\n|-activate|p1a: Garchomp|confusion\n|move|p1a: Garchomp|Outrage|p2a: Chimecho\n|-resisted|p2a: Chimecho|1\n|-damage|p2a: Chimecho|19/100\n|move|p2b: Rotom|Hydro Pump|p1a: Garchomp|[miss]\n|-miss|p2b: Rotom|p1a: Garchomp\n|move|p1b: Rotom|Shadow Ball|p2a: Chimecho\n|-supereffective|p2a: Chimecho|1\n|-damage|p2a: Chimecho|0 fnt\n|faint|p2a: Chimecho\n|\n|-heal|p2b: Rotom|30/100|[from] item: Leftovers\n|-damage|p1a: Garchomp|5/100 brn|[from] brn\n|upkeep\n|\n|t:|1776105069\n|switch|p2a: Tauros|Tauros-Paldea-Aqua, L50, M|100/100\n|-ability|p2a: Tauros|Intimidate|boost\n|-unboost|p1a: Garchomp|atk|1\n|-unboost|p1b: Rotom|atk|1\n|turn|5\n|\n|t:|1776105087\n|-end|p1a: Garchomp|confusion\n|move|p1a: Garchomp|Outrage|p2a: Tauros|[from] lockedmove\n|-damage|p2a: Tauros|79/100\n|-start|p1a: Garchomp|confusion|[fatigue]\n|move|p2a: Tauros|Raging Bull|p1b: Rotom\n|-resisted|p1b: Rotom|1\n|-damage|p1b: Rotom|78/100\n|move|p2b: Rotom|Hydro Pump|p1a: Garchomp\n|-damage|p1a: Garchomp|0 fnt\n|faint|p1a: Garchomp\n|move|p1b: Rotom|Discharge|p2b: Rotom|[spread] p2a,p2b\n|-supereffective|p2a: Tauros|1\n|-damage|p2a: Tauros|0 fnt\n|-damage|p2b: Rotom|1/100\n|faint|p2a: Tauros\n|\n|-heal|p2b: Rotom|7/100|[from] item: Leftovers\n|upkeep\n|-message|cyclehorus2121 forfeited.\n|\n|win|sixthsavior\n|raw|sixthsavior's rating: 1061 &rarr; <strong>1086</strong><br />(+25 for winning)\n|raw|cyclehorus2121's rating: 1000 &rarr; <strong>1000</strong><br />(+0 for losing)\n|l|\u2606cyclehorus2121\n|player|p2|\n",
  "uploadtime": 1776105120,
  "views": 11,
  "formatid": "gen9championsvgc2026regma",
  "rating": 1000,
  "private": 0,
  "password": null
}