{
  "id": "gen9championsvgc2026regma-2580304108",
  "format": "[Gen 9 Champions] VGC 2026 Reg M-A",
  "players": [
    "aggs124",
    "starburst48763"
  ],
  "log": "|j|\u2606aggs124\n|j|\u2606starburst48763\n|t:|1775878132\n|gametype|doubles\n|player|p1|aggs124|101|1097\n|player|p2|starburst48763|265|1191\n|gen|9\n|tier|[Gen 9 Champions] VGC 2026 Reg M-A\n|rated|\n|rule|Species Clause: Limit one of each Pok\u00e9mon\n|rule|Item Clause: Limit 1 of each item\n|clearpoke\n|poke|p1|Floette-Eternal, L50, F|\n|poke|p1|Incineroar, L50, M|\n|poke|p1|Sinistcha-Masterpiece, L50|\n|poke|p1|Palafin, L50, M|\n|poke|p1|Tyranitar, L50, F|\n|poke|p1|Rotom-Wash, L50|\n|poke|p2|Gardevoir, L50, F|\n|poke|p2|Incineroar, L50, F|\n|poke|p2|Sneasler, L50, F|\n|poke|p2|Sinistcha-Masterpiece, L50|\n|poke|p2|Rotom-Wash, L50|\n|poke|p2|Tyranitar, L50, F|\n|teampreview|4\n|inactive|Battle timer is ON: inactive players will automatically lose when time's up. (requested by starburst48763)\n|inactive|aggs124 has 60 seconds left.\n|\n|t:|1775878205\n|teamsize|p1|4\n|teamsize|p2|4\n|start\n|switch|p1a: Palafin|Palafin, L50, M|100/100\n|switch|p1b: Sinistcha|Sinistcha-Masterpiece, L50|100/100\n|switch|p2a: Sneasler|Sneasler, L50, F|100/100\n|switch|p2b: Gardevoir|Gardevoir, L50, F|100/100\n|-ability|p2b: Gardevoir|Hospitality|Trace|[from] ability: Trace|[of] p1b: Sinistcha\n|turn|1\n|\n|t:|1775878217\n|detailschange|p1a: Palafin|Palafin-Hero, L50, M\n|switch|p1a: Incineroar|Incineroar, L50, M|100/100\n|-ability|p1a: Incineroar|Intimidate|boost\n|-unboost|p2a: Sneasler|atk|1\n|-unboost|p2b: Gardevoir|atk|1\n|-enditem|p2a: Sneasler|White Herb\n|-clearnegativeboost|p2a: Sneasler|[silent]\n|detailschange|p2b: Gardevoir|Gardevoir-Mega, L50, F\n|-mega|p2b: Gardevoir|Gardevoir|Gardevoirite\n|move|p2a: Sneasler|Dire Claw|p1a: Incineroar\n|-damage|p1a: Incineroar|59/100\n|move|p2b: Gardevoir|Hyper Voice|p1a: Incineroar|[spread] p1a,p1b\n|-damage|p1a: Incineroar|18/100\n|-damage|p1b: Sinistcha|52/100\n|-enditem|p1a: Incineroar|Sitrus Berry|[eat]\n|-heal|p1a: Incineroar|43/100|[from] item: Sitrus Berry\n|move|p1b: Sinistcha|Trick Room|p1b: Sinistcha\n|-fieldstart|move: Trick Room|[of] p1b: Sinistcha\n|\n|upkeep\n|turn|2\n|inactive|aggs124 has 30 seconds left.\n|inactive|starburst48763 has 30 seconds left.\n|\n|t:|1775878248\n|switch|p2a: Sinistcha|Sinistcha-Masterpiece, L50|100/100\n|move|p1b: Sinistcha|Rage Powder|p1b: Sinistcha\n|-singleturn|p1b: Sinistcha|move: Rage Powder\n|move|p1a: Incineroar|Flare Blitz|p2a: Sinistcha\n|-supereffective|p2a: Sinistcha|1\n|-damage|p2a: Sinistcha|15/100\n|-status|p2a: Sinistcha|brn\n|-enditem|p2a: Sinistcha|Sitrus Berry|[eat]\n|-heal|p2a: Sinistcha|40/100 brn|[from] item: Sitrus Berry\n|-damage|p1a: Incineroar|18/100|[from] Recoil\n|move|p2b: Gardevoir|Hyper Voice|p1b: Sinistcha|[spread] p1a,p1b\n|-damage|p1a: Incineroar|0 fnt\n|-damage|p1b: Sinistcha|6/100\n|faint|p1a: Incineroar\n|\n|-damage|p2a: Sinistcha|34/100 brn|[from] brn\n|upkeep\n|\n|t:|1775878263\n|switch|p1a: Tyranitar|Tyranitar, L50, F|100/100\n|-weather|Sandstorm|[from] ability: Sand Stream|[of] p1a: Tyranitar\n|turn|3\n|inactive|aggs124 has 30 seconds left.\n|\n|t:|1775878291\n|switch|p2a: Rotom|Rotom-Wash, L50|100/100\n|detailschange|p1a: Tyranitar|Tyranitar-Mega, L50, F\n|-mega|p1a: Tyranitar|Tyranitar|Tyranitarite\n|move|p1b: Sinistcha|Matcha Gotcha|p2a: Rotom|[spread] p2b\n|-miss|p1b: Sinistcha|p2a: Rotom\n|-damage|p2b: Gardevoir|83/100\n|-heal|p1b: Sinistcha|15/100|[from] drain|[of] p2b: Gardevoir\n|-status|p2b: Gardevoir|brn\n|move|p1a: Tyranitar|Rock Slide|p2a: Rotom|[spread] p2a,p2b\n|-damage|p2a: Rotom|60/100\n|-damage|p2b: Gardevoir|42/100 brn\n|cant|p2b: Gardevoir|flinch\n|\n|-weather|Sandstorm|[upkeep]\n|-damage|p1b: Sinistcha|8/100|[from] Sandstorm\n|-damage|p2a: Rotom|55/100|[from] Sandstorm\n|-damage|p2b: Gardevoir|36/100 brn|[from] Sandstorm\n|-damage|p2b: Gardevoir|30/100 brn|[from] brn\n|upkeep\n|turn|4\n|\n|t:|1775878310\n|switch|p2a: Sinistcha|Sinistcha-Masterpiece, L50|34/100 brn\n|-heal|p2b: Gardevoir|55/100 brn|[from] ability: Hospitality|[of] p2a: Sinistcha\n|move|p2b: Gardevoir|Protect|p2b: Gardevoir\n|-singleturn|p2b: Gardevoir|Protect\n|move|p1b: Sinistcha|Matcha Gotcha|p2a: Sinistcha|[spread] \n|-activate|p2b: Gardevoir|move: Protect\n|-miss|p1b: Sinistcha|p2a: Sinistcha\n|move|p1a: Tyranitar|Rock Slide|p2a: Sinistcha|[spread] p2a\n|-activate|p2b: Gardevoir|move: Protect\n|-damage|p2a: Sinistcha|3/100 brn\n|\n|-weather|Sandstorm|[upkeep]\n|-damage|p1b: Sinistcha|2/100|[from] Sandstorm\n|-damage|p2a: Sinistcha|0 fnt|[from] Sandstorm\n|-damage|p2b: Gardevoir|49/100 brn|[from] Sandstorm\n|faint|p2a: Sinistcha\n|-damage|p2b: Gardevoir|43/100 brn|[from] brn\n|upkeep\n|\n|t:|1775878321\n|switch|p2a: Sneasler|Sneasler, L50, F|100/100\n|turn|5\n|inactive|aggs124 has 30 seconds left.\n|inactive|aggs124 has 20 seconds left.\n|inactive|aggs124 has 15 seconds left.\n|\n|t:|1775878362\n|switch|p1b: Palafin|Palafin-Hero, L50, M|100/100\n|-activate|p1b: Palafin|ability: Zero to Hero\n|move|p1a: Tyranitar|Protect|p1a: Tyranitar\n|-singleturn|p1a: Tyranitar|Protect\n|move|p2a: Sneasler|Fake Out|p1a: Tyranitar\n|-activate|p1a: Tyranitar|move: Protect\n|move|p2b: Gardevoir|Hyper Voice|p1b: Palafin|[spread] p1b\n|-activate|p1a: Tyranitar|move: Protect\n|-damage|p1b: Palafin|55/100\n|\n|-weather|Sandstorm|[upkeep]\n|-damage|p1b: Palafin|49/100|[from] Sandstorm\n|-damage|p2b: Gardevoir|38/100 brn|[from] Sandstorm\n|-damage|p2a: Sneasler|95/100|[from] Sandstorm\n|-damage|p2b: Gardevoir|32/100 brn|[from] brn\n|-fieldend|move: Trick Room\n|upkeep\n|turn|6\n|inactive|aggs124 has 30 seconds left.\n|inactive|aggs124 has 20 seconds left.\n|inactive|starburst48763 has 30 seconds left.\n|inactive|aggs124 has 15 seconds left.\n|inactive|aggs124 has 10 seconds left.\n|inactive|aggs124 has 5 seconds left.\n|\n|t:|1775878415\n|move|p2b: Gardevoir|Protect|p2b: Gardevoir\n|-singleturn|p2b: Gardevoir|Protect\n|move|p1a: Tyranitar|Protect||[still]\n|-fail|p1a: Tyranitar\n|move|p1b: Palafin|Jet Punch|p2b: Gardevoir\n|-activate|p2b: Gardevoir|move: Protect\n|move|p2a: Sneasler|Close Combat|p1b: Palafin\n|-damage|p1b: Palafin|0 fnt\n|-unboost|p2a: Sneasler|def|1\n|-unboost|p2a: Sneasler|spd|1\n|faint|p1b: Palafin\n|\n|-weather|Sandstorm|[upkeep]\n|-damage|p2a: Sneasler|89/100|[from] Sandstorm\n|-damage|p2b: Gardevoir|26/100 brn|[from] Sandstorm\n|-damage|p2b: Gardevoir|20/100 brn|[from] brn\n|upkeep\n|\n|t:|1775878424\n|switch|p1b: Sinistcha|Sinistcha-Masterpiece, L50|2/100\n|turn|7\n|j| epicpoggers007\n|\n|t:|1775878429\n|switch|p2a: Rotom|Rotom-Wash, L50|55/100\n|move|p1b: Sinistcha|Rage Powder|p1b: Sinistcha\n|-singleturn|p1b: Sinistcha|move: Rage Powder\n|move|p2b: Gardevoir|Hyper Voice|p1b: Sinistcha|[spread] p1a,p1b\n|-supereffective|p1a: Tyranitar|1\n|-damage|p1a: Tyranitar|48/100\n|-damage|p1b: Sinistcha|0 fnt\n|faint|p1b: Sinistcha\n|move|p1a: Tyranitar|Knock Off|p2a: Rotom\n|-damage|p2a: Rotom|0 fnt\n|-enditem|p2a: Rotom|Mystic Water|[from] move: Knock Off|[of] p1a: Tyranitar\n|faint|p2a: Rotom\n|\n|-weather|none\n|-damage|p2b: Gardevoir|15/100 brn|[from] brn\n|upkeep\n|\n|t:|1775878436\n|switch|p2a: Sneasler|Sneasler, L50, F|89/100\n|turn|8\n|j| itastelikeiron\n|\n|t:|1775878444\n|move|p2a: Sneasler|Fake Out|p1a: Tyranitar\n|-resisted|p1a: Tyranitar|1\n|-damage|p1a: Tyranitar|44/100\n|move|p2b: Gardevoir|Hyper Voice|p1a: Tyranitar\n|-supereffective|p1a: Tyranitar|1\n|-damage|p1a: Tyranitar|0 fnt\n|faint|p1a: Tyranitar\n|\n|win|starburst48763\n|raw|aggs124's rating: 1097 &rarr; <strong>1079</strong><br />(-18 for losing)\n|raw|starburst48763's rating: 1191 &rarr; <strong>1209</strong><br />(+18 for winning)\n",
  "uploadtime": 1775878447,
  "views": 19,
  "formatid": "gen9championsvgc2026regma",
  "rating": 1079,
  "private": 0,
  "password": null
}