{
  "id": "gen9championsvgc2026regma-2582784507",
  "format": "[Gen 9 Champions] VGC 2026 Reg M-A",
  "players": [
    "coderthegreat",
    "h01z0n"
  ],
  "log": "|j|\u2606coderthegreat\n|j|\u2606h01z0n\n|t:|1776113903\n|gametype|doubles\n|player|p1|coderthegreat|hilda|1044\n|player|p2|h01z0n|bruno|1000\n|gen|9\n|tier|[Gen 9 Champions] VGC 2026 Reg M-A\n|rated|\n|rule|Species Clause: Limit one of each Pok\u00e9mon\n|rule|Item Clause: Limit 1 of each item\n|clearpoke\n|poke|p1|Gengar, L50, F|\n|poke|p1|Incineroar, L50, F|\n|poke|p1|Clefable, L50, F|\n|poke|p1|Ninetales-Alola, L50, F|\n|poke|p1|Garchomp, L50, M|\n|poke|p1|Maushold-Four, L50|\n|poke|p2|Abomasnow, L50, F|\n|poke|p2|Froslass, L50, F|\n|poke|p2|Venusaur, L50, M|\n|poke|p2|Corviknight, L50, M|\n|poke|p2|Gyarados, L50, M|\n|poke|p2|Farigiraf, L50, F|\n|teampreview|4\n|inactive|Battle timer is ON: inactive players will automatically lose when time's up. (requested by coderthegreat)\n|inactive|h01z0n has 60 seconds left.\n|\n|t:|1776113935\n|teamsize|p1|4\n|teamsize|p2|4\n|start\n|switch|p1a: Gengar|Gengar, L50, F|100/100\n|switch|p1b: Clefable|Clefable, L50, F|100/100\n|switch|p2a: Farigiraf|Farigiraf, L50, F|100/100\n|switch|p2b: Gyarados|Gyarados, L50, M, shiny|100/100\n|-ability|p2b: Gyarados|Intimidate|boost\n|-unboost|p1a: Gengar|atk|1\n|-unboost|p1b: Clefable|atk|1\n|turn|1\n|inactive|h01z0n has 30 seconds left.\n|\n|t:|1776113968\n|detailschange|p1a: Gengar|Gengar-Mega, L50, F\n|-mega|p1a: Gengar|Gengar|Gengarite\n|move|p2b: Gyarados|Protect|p2b: Gyarados\n|-singleturn|p2b: Gyarados|Protect\n|move|p1b: Clefable|Follow Me|p1b: Clefable\n|-singleturn|p1b: Clefable|move: Follow Me\n|move|p1a: Gengar|Perish Song|p1a: Gengar\n|-start|p1a: Gengar|perish3|[silent]\n|-start|p1b: Clefable|perish3|[silent]\n|-start|p2a: Farigiraf|perish3|[silent]\n|-start|p2b: Gyarados|perish3|[silent]\n|-fieldactivate|move: Perish Song\n|move|p2a: Farigiraf|Trick Room|p2a: Farigiraf\n|-fieldstart|move: Trick Room|[of] p2a: Farigiraf\n|\n|-start|p2a: Farigiraf|perish3\n|-start|p1b: Clefable|perish3\n|-start|p2b: Gyarados|perish3\n|-start|p1a: Gengar|perish3\n|upkeep\n|turn|2\n|inactive|h01z0n has 30 seconds left.\n|inactive|h01z0n has 20 seconds left.\n|inactive|h01z0n has 15 seconds left.\n|\n|t:|1776114009\n|detailschange|p2b: Gyarados|Gyarados-Mega, L50, M, shiny\n|-mega|p2b: Gyarados|Gyarados|Gyaradosite\n|-ability|p2b: Gyarados|Mold Breaker\n|move|p1b: Clefable|Protect|p1b: Clefable\n|-singleturn|p1b: Clefable|Protect\n|move|p1a: Gengar|Protect|p1a: Gengar\n|-singleturn|p1a: Gengar|Protect\n|move|p2a: Farigiraf|Dazzling Gleam|p1b: Clefable|[spread] \n|-activate|p1a: Gengar|move: Protect\n|-activate|p1b: Clefable|move: Protect\n|move|p2b: Gyarados|Waterfall|p1a: Gengar\n|-activate|p1a: Gengar|move: Protect\n|\n|-start|p2a: Farigiraf|perish2\n|-start|p1b: Clefable|perish2\n|-start|p2b: Gyarados|perish2\n|-start|p1a: Gengar|perish2\n|upkeep\n|turn|3\n|\n|t:|1776114030\n|move|p1a: Gengar|Protect||[still]\n|-fail|p1a: Gengar\n|move|p1b: Clefable|Follow Me|p1b: Clefable\n|-singleturn|p1b: Clefable|move: Follow Me\n|move|p2a: Farigiraf|Dazzling Gleam|p1a: Gengar|[spread] p1a,p1b\n|-resisted|p1a: Gengar|1\n|-crit|p1a: Gengar\n|-damage|p1a: Gengar|89/100\n|-damage|p1b: Clefable|87/100\n|move|p2b: Gyarados|Waterfall|p1b: Clefable\n|-damage|p1b: Clefable|43/100\n|\n|-heal|p1b: Clefable|49/100|[from] item: Leftovers\n|-start|p2a: Farigiraf|perish1\n|-start|p1b: Clefable|perish1\n|-start|p2b: Gyarados|perish1\n|-start|p1a: Gengar|perish1\n|upkeep\n|turn|4\n|inactive|h01z0n has 30 seconds left.\n|\n|t:|1776114057\n|switch|p1b: Incineroar|Incineroar, L50, F|100/100\n|-ability|p1b: Incineroar|Intimidate|boost\n|-unboost|p2a: Farigiraf|atk|1\n|-unboost|p2b: Gyarados|atk|1\n|switch|p1a: Garchomp|Garchomp, L50, M|100/100\n|move|p2a: Farigiraf|Dazzling Gleam|p1b: Incineroar|[spread] p1a,p1b\n|-supereffective|p1a: Garchomp|1\n|-damage|p1a: Garchomp|68/100\n|-damage|p1b: Incineroar|89/100\n|move|p2b: Gyarados|Waterfall|p1a: Garchomp\n|-damage|p1a: Garchomp|35/100\n|-damage|p2b: Gyarados|88/100|[from] ability: Rough Skin|[of] p1a: Garchomp\n|\n|-start|p2a: Farigiraf|perish0\n|-start|p2b: Gyarados|perish0\n|faint|p2a: Farigiraf\n|faint|p2b: Gyarados\n|upkeep\n|\n|t:|1776114072\n|switch|p2a: Venusaur|Venusaur, L50, M, shiny|100/100\n|switch|p2b: Corviknight|Corviknight, L50, M|100/100\n|turn|5\n|inactive|coderthegreat has 30 seconds left.\n|\n|t:|1776114100\n|move|p1b: Incineroar|Fake Out|p2a: Venusaur\n|-damage|p2a: Venusaur|86/100\n|move|p2b: Corviknight|Drill Peck|p1b: Incineroar\n|-damage|p1b: Incineroar|60/100\n|cant|p2a: Venusaur|flinch\n|move|p1a: Garchomp|Rock Slide|p2b: Corviknight|[spread] p2a,p2b\n|-damage|p2a: Venusaur|58/100\n|-damage|p2b: Corviknight|84/100\n|\n|-fieldend|move: Trick Room\n|upkeep\n|turn|6\n|\n|t:|1776114121\n|switch|p1a: Clefable|Clefable, L50, F|49/100\n|switch|p1b: Gengar|Gengar-Mega, L50, F|89/100\n|move|p2a: Venusaur|Synthesis|p2a: Venusaur\n|-heal|p2a: Venusaur|100/100\n|move|p2b: Corviknight|Tailwind|p2b: Corviknight\n|-sidestart|p2: h01z0n|move: Tailwind\n|\n|-heal|p1a: Clefable|54/100|[from] item: Leftovers\n|upkeep\n|turn|7\n|\n|t:|1776114140\n|move|p1a: Clefable|Follow Me|p1a: Clefable\n|-singleturn|p1a: Clefable|move: Follow Me\n|move|p2a: Venusaur|Earth Power|p1a: Clefable\n|-damage|p1a: Clefable|29/100\n|-unboost|p1a: Clefable|spd|1\n|move|p2b: Corviknight|Drill Peck|p1a: Clefable\n|-damage|p1a: Clefable|0 fnt\n|faint|p1a: Clefable\n|move|p1b: Gengar|Perish Song|p1b: Gengar\n|-start|p1b: Gengar|perish3|[silent]\n|-start|p2a: Venusaur|perish3|[silent]\n|-start|p2b: Corviknight|perish3|[silent]\n|-fieldactivate|move: Perish Song\n|\n|-start|p2a: Venusaur|perish3\n|-start|p2b: Corviknight|perish3\n|-start|p1b: Gengar|perish3\n|upkeep\n|\n|t:|1776114156\n|switch|p1a: Incineroar|Incineroar, L50, F|60/100\n|-ability|p1a: Incineroar|Intimidate|boost\n|-unboost|p2a: Venusaur|atk|1\n|-ability|p2b: Corviknight|Mirror Armor\n|-unboost|p1a: Incineroar|atk|1\n|turn|8\n|\n|t:|1776114176\n|move|p1b: Gengar|Protect|p1b: Gengar\n|-singleturn|p1b: Gengar|Protect\n|move|p1a: Incineroar|Protect|p1a: Incineroar\n|-singleturn|p1a: Incineroar|Protect\n|move|p2a: Venusaur|Earth Power|p1b: Gengar\n|-activate|p1b: Gengar|move: Protect\n|move|p2b: Corviknight|Drill Peck|p1a: Incineroar\n|-activate|p1a: Incineroar|move: Protect\n|\n|-start|p2a: Venusaur|perish2\n|-start|p2b: Corviknight|perish2\n|-start|p1b: Gengar|perish2\n|upkeep\n|turn|9\n|\n|t:|1776114196\n|move|p1b: Gengar|Protect|p1b: Gengar\n|-singleturn|p1b: Gengar|Protect\n|move|p2a: Venusaur|Earth Power|p1b: Gengar\n|-activate|p1b: Gengar|move: Protect\n|move|p2b: Corviknight|Drill Peck|p1b: Gengar\n|-activate|p1b: Gengar|move: Protect\n|move|p1a: Incineroar|Flare Blitz|p2a: Venusaur\n|-supereffective|p2a: Venusaur|1\n|-damage|p2a: Venusaur|20/100\n|-damage|p1a: Incineroar|40/100|[from] Recoil\n|-enditem|p1a: Incineroar|Sitrus Berry|[eat]\n|-heal|p1a: Incineroar|64/100|[from] item: Sitrus Berry\n|\n|-start|p2a: Venusaur|perish1\n|-start|p2b: Corviknight|perish1\n|-start|p1b: Gengar|perish1\n|-sideend|p2: h01z0n|move: Tailwind\n|upkeep\n|turn|10\n|\n|t:|1776114217\n|switch|p1b: Garchomp|Garchomp, L50, M|35/100\n|move|p1a: Incineroar|Protect|p1a: Incineroar\n|-singleturn|p1a: Incineroar|Protect\n|move|p2a: Venusaur|Earth Power|p1b: Garchomp\n|-damage|p1b: Garchomp|4/100\n|move|p2b: Corviknight|Drill Peck|p1b: Garchomp\n|-damage|p1b: Garchomp|0 fnt\n|-damage|p2b: Corviknight|72/100|[from] ability: Rough Skin|[of] p1b: Garchomp\n|faint|p1b: Garchomp\n|\n|-start|p2a: Venusaur|perish0\n|-start|p2b: Corviknight|perish0\n|faint|p2a: Venusaur\n|faint|p2b: Corviknight\n|\n|win|coderthegreat\n|raw|coderthegreat's rating: 1044 &rarr; <strong>1073</strong><br />(+29 for winning)\n|raw|h01z0n's rating: 1000 &rarr; <strong>1000</strong><br />(+0 for losing)\n",
  "uploadtime": 1776114231,
  "views": 26,
  "formatid": "gen9championsvgc2026regma",
  "rating": 1000,
  "private": 0,
  "password": null
}