{
  "id": "gen9championsvgc2026regma-2588643142",
  "format": "[Gen 9 Champions] VGC 2026 Reg M-A",
  "players": [
    "malamarie",
    "Jah_08"
  ],
  "log": "|j|\u2606malamarie\n|j|\u2606Jah_08\n|t:|1776653097\n|gametype|doubles\n|player|p1|malamarie|dahlia|1253\n|player|p2|Jah_08|alder|1318\n|gen|9\n|tier|[Gen 9 Champions] VGC 2026 Reg M-A\n|rated|\n|rule|Species Clause: Limit one of each Pok\u00e9mon\n|rule|Item Clause: Limit 1 of each item\n|clearpoke\n|poke|p1|Tinkaton, L50, F|\n|poke|p1|Basculegion, L50, M|\n|poke|p1|Talonflame, L50, F|\n|poke|p1|Froslass, L50, F|\n|poke|p1|Ninetales-Alola, L50, M|\n|poke|p1|Incineroar, L50, M|\n|poke|p2|Excadrill, L50, M|\n|poke|p2|Whimsicott, L50, M, shiny|\n|poke|p2|Chandelure, L50, M|\n|poke|p2|Zoroark-Hisui, L50, M|\n|poke|p2|Basculegion, L50, M|\n|poke|p2|Hydreigon, L50, M|\n|teampreview|4\n|inactive|Battle timer is ON: inactive players will automatically lose when time's up. (requested by malamarie)\n|inactive|malamarie has 60 seconds left.\n|inactive|Jah_08 has 60 seconds left.\n|inactive|Jah_08 has 30 seconds left.\n|inactive|Jah_08 has 20 seconds left.\n|\n|t:|1776653169\n|teamsize|p1|4\n|teamsize|p2|4\n|start\n|switch|p1a: Ninetales|Ninetales-Alola, L50, M|100/100\n|switch|p1b: Talonflame|Talonflame, L50, F|100/100\n|switch|p2a: Whimsicott|Whimsicott, L50, M, shiny|100/100\n|switch|p2b: Chandelure|Chandelure, L50, M|100/100\n|-weather|Snowscape|[from] ability: Snow Warning|[of] p1a: Ninetales\n|turn|1\n|inactive|Jah_08 has 30 seconds left.\n|\n|t:|1776653196\n|move|p2a: Whimsicott|Protect|p2a: Whimsicott\n|-singleturn|p2a: Whimsicott|Protect\n|move|p1b: Talonflame|Tailwind|p1b: Talonflame\n|-sidestart|p1: malamarie|move: Tailwind\n|move|p1a: Ninetales|Aurora Veil|p1a: Ninetales\n|-sidestart|p1: malamarie|move: Aurora Veil\n|move|p2b: Chandelure|Shadow Ball|p1b: Talonflame\n|-damage|p1b: Talonflame|51/100\n|-unboost|p1b: Talonflame|spd|1\n|\n|-weather|Snowscape|[upkeep]\n|upkeep\n|turn|2\n|\n|t:|1776653219\n|move|p2a: Whimsicott|Encore|p1a: Ninetales\n|-start|p1a: Ninetales|Encore\n|move|p1b: Talonflame|Brave Bird|p2a: Whimsicott\n|-supereffective|p2a: Whimsicott|1\n|-damage|p2a: Whimsicott|0 fnt\n|faint|p2a: Whimsicott\n|-damage|p1b: Talonflame|15/100|[from] Recoil\n|move|p1a: Ninetales|Aurora Veil||[still]\n|-fail|p1a: Ninetales\n|move|p2b: Chandelure|Shadow Ball|p1b: Talonflame\n|-damage|p1b: Talonflame|0 fnt\n|faint|p1b: Talonflame\n|\n|-weather|Snowscape|[upkeep]\n|upkeep\n|\n|t:|1776653237\n|switch|p1b: Froslass|Froslass, L50, F|100/100\n|switch|p2a: Basculegion|Basculegion, L50, M|100/100\n|turn|3\n|\n|t:|1776653252\n|switch|p1a: Basculegion|Basculegion, L50, M|100/100\n|detailschange|p1b: Froslass|Froslass-Mega, L50, F\n|-mega|p1b: Froslass|Froslass|Froslassite\n|move|p1b: Froslass|Shadow Ball|p2a: Basculegion\n|-supereffective|p2a: Basculegion|1\n|-damage|p2a: Basculegion|8/100\n|move|p2a: Basculegion|Last Respects|p1b: Froslass\n|-supereffective|p1b: Froslass|1\n|-damage|p1b: Froslass|25/100\n|move|p2b: Chandelure|Shadow Ball|p1b: Froslass\n|-supereffective|p1b: Froslass|1\n|-damage|p1b: Froslass|0 fnt\n|faint|p1b: Froslass\n|\n|-weather|Snowscape|[upkeep]\n|upkeep\n|\n|t:|1776653267\n|switch|p1b: Ninetales|Ninetales-Alola, L50, M|100/100\n|turn|4\n|inactive|Jah_08 has 30 seconds left.\n|\n|t:|1776653296\n|switch|p2a: Chandelure|Chandelure, L50, M|100/100\n|move|p1a: Basculegion|Wave Crash|p2b: Chandelure\n|-damage|p2b: Chandelure|0 fnt\n|replace|p2b: Zoroark|Zoroark-Hisui, L50, M\n|-end|p2b: Zoroark|Illusion\n|faint|p2b: Zoroark\n|-damage|p1a: Basculegion|78/100|[from] Recoil\n|move|p1b: Ninetales|Moonblast|p2a: Chandelure\n|-resisted|p2a: Chandelure|1\n|-damage|p2a: Chandelure|85/100\n|\n|-weather|Snowscape|[upkeep]\n|-sideend|p1: malamarie|move: Tailwind\n|upkeep\n|\n|t:|1776653309\n|switch|p2b: Basculegion|Basculegion, L50, M|8/100\n|turn|5\n|\n|t:|1776653317\n|detailschange|p2a: Chandelure|Chandelure-Mega, L50, M\n|-mega|p2a: Chandelure|Chandelure|Chandelurite\n|move|p2a: Chandelure|Protect|p2a: Chandelure\n|-singleturn|p2a: Chandelure|Protect\n|move|p2b: Basculegion|Last Respects|p1a: Basculegion\n|-supereffective|p1a: Basculegion|1\n|-damage|p1a: Basculegion|0 fnt\n|faint|p1a: Basculegion\n|move|p1b: Ninetales|Moonblast|p2b: Basculegion\n|-damage|p2b: Basculegion|0 fnt\n|faint|p2b: Basculegion\n|\n|-weather|none\n|-sideend|p1: malamarie|move: Aurora Veil\n|upkeep\n|turn|6\n|\n|t:|1776653330\n|move|p1b: Ninetales|Disable|p2a: Chandelure\n|-start|p2a: Chandelure|Disable|Protect\n|move|p2a: Chandelure|Heat Wave|p1b: Ninetales\n|-supereffective|p1b: Ninetales|1\n|-enditem|p1b: Ninetales|Occa Berry|[eat]\n|-enditem|p1b: Ninetales|Occa Berry|[weaken]\n|-damage|p1b: Ninetales|28/100\n|\n|upkeep\n|turn|7\n|-message|malamarie forfeited.\n|\n|win|Jah_08\n|raw|malamarie's rating: 1253 &rarr; <strong>1233</strong><br />(-20 for losing)\n|raw|Jah_08's rating: 1318 &rarr; <strong>1334</strong><br />(+16 for winning)\n|l|\u2606malamarie\n|player|p1|\n",
  "uploadtime": 1776653347,
  "views": 5,
  "formatid": "gen9championsvgc2026regma",
  "rating": 1233,
  "private": 0,
  "password": null
}