{
  "id": "gen9championsvgc2026regma-2581355217",
  "format": "[Gen 9 Champions] VGC 2026 Reg M-A",
  "players": [
    "theoneiguess",
    "omengaming3"
  ],
  "log": "|j|\u2606theoneiguess\n|j|\u2606omengaming3\n|t:|1775990902\n|gametype|doubles\n|player|p1|theoneiguess|2|1000\n|player|p2|omengaming3|2|1074\n|gen|9\n|tier|[Gen 9 Champions] VGC 2026 Reg M-A\n|rated|\n|rule|Species Clause: Limit one of each Pok\u00e9mon\n|rule|Item Clause: Limit 1 of each item\n|clearpoke\n|poke|p1|Charizard, L50, M|\n|poke|p1|Venusaur, L50, M|\n|poke|p1|Incineroar, L50, M|\n|poke|p1|Whimsicott, L50, M|\n|poke|p1|Dragapult, L50, M|\n|poke|p1|Zoroark-Hisui, L50, M|\n|poke|p2|Greninja-*, L50, F|\n|poke|p2|Pelipper, L50, F|\n|poke|p2|Archaludon, L50, M|\n|poke|p2|Incineroar, L50, M|\n|poke|p2|Garchomp, L50, M|\n|poke|p2|Whimsicott, L50, F|\n|teampreview|4\n|inactive|Battle timer is ON: inactive players will automatically lose when time's up. (requested by omengaming3)\nomengaming3 has agreed to open team sheets.\n|inactive|theoneiguess has 60 seconds left.\n|\n|t:|1775990956\n|teamsize|p1|4\n|teamsize|p2|4\n|start\n|switch|p1a: Red|Charizard, L50, M|100/100\n|switch|p1b: Gato Blanco|Incineroar, L50, M, shiny|100/100\n|switch|p2a: Pelipper|Pelipper, L50, F|100/100\n|switch|p2b: Greninja|Greninja, L50, F|100/100\n|-weather|RainDance|[from] ability: Drizzle|[of] p2a: Pelipper\n|-ability|p1b: Gato Blanco|Intimidate|boost\n|-unboost|p2a: Pelipper|atk|1\n|-unboost|p2b: Greninja|atk|1\n|turn|1\n|inactive|theoneiguess has 30 seconds left.\n|inactive|omengaming3 has 30 seconds left.\n|\n|t:|1775990986\n|switch|p2a: Incineroar|Incineroar, L50, M|100/100\n|-ability|p2a: Incineroar|Intimidate|boost\n|-unboost|p1a: Red|atk|1\n|-unboost|p1b: Gato Blanco|atk|1\n|move|p2b: Greninja|Protect|p2b: Greninja\n|-start|p2b: Greninja|typechange|Normal|[from] ability: Protean\n|-singleturn|p2b: Greninja|Protect\n|move|p1b: Gato Blanco|Fake Out|p2b: Greninja\n|-activate|p2b: Greninja|move: Protect\n|move|p1a: Red|Hyper Voice|p2a: Incineroar|[spread] p2a\n|-activate|p2b: Greninja|move: Protect\n|-damage|p2a: Incineroar|76/100\n|\n|-weather|RainDance|[upkeep]\n|upkeep\n|turn|2\n|inactive|theoneiguess has 30 seconds left.\n|inactive|omengaming3 has 30 seconds left.\n|\n|t:|1775991015\n|detailschange|p2b: Greninja|Greninja-Mega, L50, F\n|-mega|p2b: Greninja|Greninja|Greninjite\n|move|p2a: Incineroar|Protect|p2a: Incineroar\n|-singleturn|p2a: Incineroar|Protect\n|move|p1a: Red|Hyper Voice|p2b: Greninja|[spread] p2b\n|-activate|p2a: Incineroar|move: Protect\n|-damage|p2b: Greninja|45/100\n|move|p2b: Greninja|Surf|p1b: Gato Blanco|[spread] p1a,p1b\n|-start|p2b: Greninja|typechange|Water|[from] ability: Protean\n|-activate|p2a: Incineroar|move: Protect\n|-supereffective|p1b: Gato Blanco|1\n|-damage|p1a: Red|0 fnt\n|-damage|p1b: Gato Blanco|23/100\n|replace|p1a: Zoroark|Zoroark-Hisui, L50, M\n|-end|p1a: Zoroark|Illusion\n|-enditem|p1b: Gato Blanco|Sitrus Berry|[eat]\n|-heal|p1b: Gato Blanco|48/100|[from] item: Sitrus Berry\n|faint|p1a: Zoroark\n|move|p1b: Gato Blanco|Parting Shot|p2b: Greninja\n|-unboost|p2b: Greninja|atk|1\n|-unboost|p2b: Greninja|spa|1\n|\n|t:|1775991031\n|switch|p1b: Red|Charizard, L50, M|100/100|[from] Parting Shot\n|\n|-weather|RainDance|[upkeep]\n|upkeep\n|\n|t:|1775991037\n|switch|p1a: Whimsicott|Whimsicott, L50, M|100/100\n|turn|3\n|\n|t:|1775991047\n|detailschange|p1b: Red|Charizard-Mega-Y, L50, M\n|-mega|p1b: Red|Charizard|Charizardite Y\n|-weather|SunnyDay|[from] ability: Drought|[of] p1b: Red\n|move|p2b: Greninja|Protect|p2b: Greninja\n|-singleturn|p2b: Greninja|Protect\n|move|p1a: Whimsicott|Tailwind|p1a: Whimsicott\n|-sidestart|p1: theoneiguess|move: Tailwind\n|move|p1b: Red|Heat Wave|p2a: Incineroar|[spread] \n|-activate|p2b: Greninja|move: Protect\n|-miss|p1b: Red|p2a: Incineroar\n|move|p2a: Incineroar|Parting Shot|p1b: Red\n|-unboost|p1b: Red|atk|1\n|-unboost|p1b: Red|spa|1\n|\n|t:|1775991059\n|switch|p2a: Pelipper|Pelipper, L50, F|100/100|[from] Parting Shot\n|-weather|RainDance|[from] ability: Drizzle|[of] p2a: Pelipper\n|\n|-weather|RainDance|[upkeep]\n|upkeep\n|turn|4\n|\n|t:|1775991070\n|switch|p1b: Gato Blanco|Incineroar, L50, M, shiny|48/100\n|-ability|p1b: Gato Blanco|Intimidate|boost\n|-unboost|p2a: Pelipper|atk|1\n|-unboost|p2b: Greninja|atk|1\n|switch|p2b: Incineroar|Incineroar, L50, M|76/100\n|-ability|p2b: Incineroar|Intimidate|boost\n|-unboost|p1a: Whimsicott|atk|1\n|-unboost|p1b: Gato Blanco|atk|1\n|move|p1a: Whimsicott|Encore|p2b: Incineroar\n|-hint|Since gen 7, Dark is immune to Prankster moves.\n|-immune|p2b: Incineroar\n|move|p2a: Pelipper|Weather Ball|p1b: Gato Blanco\n|-supereffective|p1b: Gato Blanco|1\n|-damage|p1b: Gato Blanco|0 fnt\n|faint|p1b: Gato Blanco\n|\n|-weather|RainDance|[upkeep]\n|upkeep\n|\n|t:|1775991076\n|switch|p1b: Red|Charizard-Mega-Y, L50, M|100/100\n|-weather|SunnyDay|[from] ability: Drought|[of] p1b: Red\n|turn|5\n|\n|t:|1775991097\n|switch|p2a: Greninja|Greninja-Mega, L50, F|45/100\n|move|p2b: Incineroar|Fake Out|p1b: Red\n|-damage|p1b: Red|87/100\n|move|p1a: Whimsicott|Moonblast|p2a: Greninja\n|-supereffective|p2a: Greninja|1\n|-damage|p2a: Greninja|0 fnt\n|faint|p2a: Greninja\n|cant|p1b: Red|flinch\n|\n|-weather|SunnyDay|[upkeep]\n|upkeep\n|\n|t:|1775991110\n|switch|p2a: Archaludon|Archaludon, L50, M|100/100\n|turn|6\n|\n|t:|1775991125\n|switch|p2b: Pelipper|Pelipper, L50, F|100/100\n|-weather|RainDance|[from] ability: Drizzle|[of] p2b: Pelipper\n|move|p1b: Red|Protect|p1b: Red\n|-singleturn|p1b: Red|Protect\n|move|p1a: Whimsicott|Moonblast|p2a: Archaludon\n|-damage|p2a: Archaludon|39/100\n|-ability|p2a: Archaludon|Stamina|boost\n|-boost|p2a: Archaludon|def|1\n|move|p2a: Archaludon|Electro Shot||[still]\n|-prepare|p2a: Archaludon|Electro Shot\n|-boost|p2a: Archaludon|spa|1\n|-anim|p2a: Archaludon|Electro Shot|p1b: Red\n|-activate|p1b: Red|move: Protect\n|\n|-weather|RainDance|[upkeep]\n|-heal|p2a: Archaludon|45/100|[from] item: Leftovers\n|-sideend|p1: theoneiguess|move: Tailwind\n|upkeep\n|turn|7\n|inactive|theoneiguess has 30 seconds left.\n|inactive|theoneiguess has 20 seconds left.\n|\n|t:|1775991163\n|move|p2a: Archaludon|Protect|p2a: Archaludon\n|-singleturn|p2a: Archaludon|Protect\n|move|p1a: Whimsicott|Moonblast|p2a: Archaludon\n|-activate|p2a: Archaludon|move: Protect\n|move|p1b: Red|Air Slash|p2b: Pelipper\n|-damage|p2b: Pelipper|44/100\n|move|p2b: Pelipper|Hurricane|p1a: Whimsicott\n|-supereffective|p1a: Whimsicott|1\n|-enditem|p1a: Whimsicott|Focus Sash\n|-damage|p1a: Whimsicott|1/100\n|\n|-weather|RainDance|[upkeep]\n|-heal|p2a: Archaludon|51/100|[from] item: Leftovers\n|upkeep\n|turn|8\n|\n|t:|1775991179\n|switch|p2a: Incineroar|Incineroar, L50, M|76/100\n|-ability|p2a: Incineroar|Intimidate|boost\n|-unboost|p1a: Whimsicott|atk|1\n|-unboost|p1b: Red|atk|1\n|move|p1a: Whimsicott|Encore|p2a: Incineroar\n|-hint|Since gen 7, Dark is immune to Prankster moves.\n|-immune|p2a: Incineroar\n|move|p1b: Red|Air Slash|p2b: Pelipper\n|-damage|p2b: Pelipper|0 fnt\n|faint|p2b: Pelipper\n|\n|-weather|RainDance|[upkeep]\n|upkeep\n|\n|t:|1775991189\n|switch|p2b: Archaludon|Archaludon, L50, M|51/100\n|turn|9\n|inactive|theoneiguess has 30 seconds left.\n|\n|t:|1775991219\n|move|p2a: Incineroar|Fake Out|p1a: Whimsicott\n|-damage|p1a: Whimsicott|0 fnt\n|faint|p1a: Whimsicott\n|move|p1b: Red|Scorching Sands|p2b: Archaludon\n|-supereffective|p2b: Archaludon|1\n|-damage|p2b: Archaludon|0 fnt\n|faint|p2b: Archaludon\n|\n|-weather|RainDance|[upkeep]\n|upkeep\n|turn|10\n|\n|t:|1775991230\n|move|p1b: Red|Scorching Sands|p2a: Incineroar\n|-supereffective|p2a: Incineroar|1\n|-damage|p2a: Incineroar|28/100\n|-enditem|p2a: Incineroar|Sitrus Berry|[eat]\n|-heal|p2a: Incineroar|52/100|[from] item: Sitrus Berry\n|move|p2a: Incineroar|Parting Shot|p1b: Red\n|-unboost|p1b: Red|atk|1\n|-unboost|p1b: Red|spa|1\n|\n|-weather|none\n|upkeep\n|turn|11\n|\n|t:|1775991247\n|move|p1b: Red|Scorching Sands|p2a: Incineroar\n|-supereffective|p2a: Incineroar|1\n|-crit|p2a: Incineroar\n|-damage|p2a: Incineroar|0 fnt\n|faint|p2a: Incineroar\n|\n|win|theoneiguess\n|raw|theoneiguess's rating: 1000 &rarr; <strong>1048</strong><br />(+48 for winning)\n|raw|omengaming3's rating: 1074 &rarr; <strong>1048</strong><br />(-26 for losing)\n|c|\u2606theoneiguess|Gg\n|l|\u2606omengaming3\n|player|p2|\n",
  "uploadtime": 1775991274,
  "views": 24,
  "formatid": "gen9championsvgc2026regma",
  "rating": 1048,
  "private": 0,
  "password": null
}