{
  "id": "gen9championsvgc2026regma-2586628385",
  "format": "[Gen 9 Champions] VGC 2026 Reg M-A",
  "players": [
    "luiz red",
    "devaunte"
  ],
  "log": "|j|\u2606luiz red\n|j|\u2606devaunte\n|t:|1776447937\n|gametype|doubles\n|player|p1|luiz red|102|1053\n|player|p2|devaunte|266|1121\n|gen|9\n|tier|[Gen 9 Champions] VGC 2026 Reg M-A\n|rated|\n|rule|Species Clause: Limit one of each Pok\u00e9mon\n|rule|Item Clause: Limit 1 of each item\n|clearpoke\n|poke|p1|Infernape, L50, M|\n|poke|p1|Corviknight, L50, M|\n|poke|p1|Dragapult, L50, F|\n|poke|p1|Archaludon, L50, F|\n|poke|p1|Pelipper, L50, M|\n|poke|p1|Meganium, L50, M|\n|poke|p2|Lycanroc-Dusk, L50, F|\n|poke|p2|Scizor, L50, M|\n|poke|p2|Farigiraf, L50, F|\n|poke|p2|Pelipper, L50, M|\n|poke|p2|Meganium, L50, M|\n|poke|p2|Archaludon, L50, M|\n|teampreview|4\n|inactive|Battle timer is ON: inactive players will automatically lose when time's up. (requested by devaunte)\ndevaunte rejected open team sheets.\n|inactive|luiz red has 60 seconds left.\n|\n|t:|1776448008\n|teamsize|p1|4\n|teamsize|p2|4\n|start\n|switch|p1a: Archaludon|Archaludon, L50, F|100/100\n|switch|p1b: Corviknight|Corviknight, L50, M|100/100\n|switch|p2a: Archaludon|Archaludon, L50, M|100/100\n|switch|p2b: Pelipper|Pelipper, L50, M|100/100\n|-weather|RainDance|[from] ability: Drizzle|[of] p2b: Pelipper\n|turn|1\n|\n|t:|1776448027\n|move|p1b: Corviknight|Protect|p1b: Corviknight\n|-singleturn|p1b: Corviknight|Protect\n|move|p2b: Pelipper|Tailwind|p2b: Pelipper\n|-sidestart|p2: devaunte|move: Tailwind\n|move|p2a: Archaludon|Electro Shot||[still]\n|-prepare|p2a: Archaludon|Electro Shot\n|-boost|p2a: Archaludon|spa|1\n|-anim|p2a: Archaludon|Electro Shot|p1b: Corviknight\n|-activate|p1b: Corviknight|move: Protect\n|move|p1a: Archaludon|Electro Shot||[still]\n|-prepare|p1a: Archaludon|Electro Shot\n|-boost|p1a: Archaludon|spa|1\n|-anim|p1a: Archaludon|Electro Shot|p2b: Pelipper\n|-supereffective|p2b: Pelipper|2\n|-damage|p2b: Pelipper|0 fnt\n|faint|p2b: Pelipper\n|\n|-weather|RainDance|[upkeep]\n|upkeep\n|\n|t:|1776448052\n|switch|p2b: Farigiraf|Farigiraf, L50, F|100/100\n|turn|2\n|\n|t:|1776448068\n|switch|p1b: Dragapult|Dragapult, L50, F|100/100\n|move|p2a: Archaludon|Electro Shot||[still]\n|-prepare|p2a: Archaludon|Electro Shot\n|-boost|p2a: Archaludon|spa|1\n|-anim|p2a: Archaludon|Electro Shot|p1b: Dragapult\n|-resisted|p1b: Dragapult|1\n|-damage|p1b: Dragapult|53/100\n|move|p2b: Farigiraf|Hyper Voice|p1b: Dragapult|[spread] p1a\n|-immune|p1b: Dragapult\n|-resisted|p1a: Archaludon|1\n|-damage|p1a: Archaludon|88/100\n|move|p1a: Archaludon|Electro Shot||[still]\n|-prepare|p1a: Archaludon|Electro Shot\n|-boost|p1a: Archaludon|spa|1\n|-anim|p1a: Archaludon|Electro Shot|p2b: Farigiraf\n|-damage|p2b: Farigiraf|16/100\n|-enditem|p2b: Farigiraf|Sitrus Berry|[eat]\n|-heal|p2b: Farigiraf|41/100|[from] item: Sitrus Berry\n|\n|-weather|RainDance|[upkeep]\n|upkeep\n|turn|3\n|\n|t:|1776448094\n|move|p1b: Dragapult|Protect|p1b: Dragapult\n|-singleturn|p1b: Dragapult|Protect\n|move|p2a: Archaludon|Draco Meteor|p1a: Archaludon|[miss]\n|-miss|p2a: Archaludon|p1a: Archaludon\n|move|p1a: Archaludon|Electro Shot||[still]\n|-prepare|p1a: Archaludon|Electro Shot\n|-boost|p1a: Archaludon|spa|1\n|-anim|p1a: Archaludon|Electro Shot|p2b: Farigiraf\n|-damage|p2b: Farigiraf|0 fnt\n|faint|p2b: Farigiraf\n|\n|-weather|RainDance|[upkeep]\n|upkeep\n|c|\u2606devaunte|mons is crazy\n|\n|t:|1776448107\n|switch|p2b: Scizor|Scizor, L50, M|100/100\n|turn|4\n|\n|t:|1776448132\n|detailschange|p2b: Scizor|Scizor-Mega, L50, M\n|-mega|p2b: Scizor|Scizor|Scizorite\n|move|p1b: Dragapult|Protect||[still]\n|-fail|p1b: Dragapult\n|move|p2b: Scizor|Bullet Punch|p1b: Dragapult\n|-damage|p1b: Dragapult|8/100\n|move|p2a: Archaludon|Draco Meteor|p1a: Archaludon\n|-damage|p1a: Archaludon|0 fnt\n|-unboost|p2a: Archaludon|spa|2\n|faint|p1a: Archaludon\n|\n|-weather|RainDance|[upkeep]\n|-sideend|p2: devaunte|move: Tailwind\n|upkeep\n|\n|t:|1776448148\n|switch|p1a: Corviknight|Corviknight, L50, M|100/100\n|turn|5\n|\n|t:|1776448159\n|move|p1b: Dragapult|Protect|p1b: Dragapult\n|-singleturn|p1b: Dragapult|Protect\n|move|p1a: Corviknight|Protect|p1a: Corviknight\n|-singleturn|p1a: Corviknight|Protect\n|move|p2b: Scizor|Bullet Punch|p1b: Dragapult\n|-activate|p1b: Dragapult|move: Protect\n|move|p2a: Archaludon|Electro Shot||[still]\n|-prepare|p2a: Archaludon|Electro Shot\n|-boost|p2a: Archaludon|spa|1\n|-anim|p2a: Archaludon|Electro Shot|p1a: Corviknight\n|-activate|p1a: Corviknight|move: Protect\n|\n|-weather|none\n|upkeep\n|turn|6\n|inactive|luiz red has 30 seconds left.\n|\n|t:|1776448188\n|move|p2b: Scizor|Bullet Punch|p1b: Dragapult\n|-damage|p1b: Dragapult|0 fnt\n|faint|p1b: Dragapult\n|move|p2a: Archaludon|Electro Shot||[still]\n|-prepare|p2a: Archaludon|Electro Shot\n|-boost|p2a: Archaludon|spa|1\n|move|p1a: Corviknight|Body Press|p2a: Archaludon\n|-supereffective|p2a: Archaludon|1\n|-damage|p2a: Archaludon|68/100\n|\n|-heal|p2a: Archaludon|74/100|[from] item: Leftovers\n|upkeep\n|\n|t:|1776448200\n|switch|p1b: Meganium|Meganium, L50, M|100/100\n|turn|7\n|\n|t:|1776448222\n|move|p1a: Corviknight|Protect|p1a: Corviknight\n|-singleturn|p1a: Corviknight|Protect\n|move|p2a: Archaludon|Electro Shot|p1a: Corviknight|[from] lockedmove\n|-activate|p1a: Corviknight|move: Protect\n|move|p1b: Meganium|Dazzling Gleam|p2a: Archaludon|[spread] p2a,p2b\n|-resisted|p2b: Scizor|1\n|-damage|p2a: Archaludon|53/100\n|-damage|p2b: Scizor|93/100\n|move|p2b: Scizor|Bug Bite|p1b: Meganium\n|-supereffective|p1b: Meganium|1\n|-damage|p1b: Meganium|0 fnt\n|faint|p1b: Meganium\n|\n|-heal|p2a: Archaludon|59/100|[from] item: Leftovers\n|upkeep\n|turn|8\n|\n|t:|1776448244\n|move|p2a: Archaludon|Flash Cannon|p1a: Corviknight\n|-resisted|p1a: Corviknight|1\n|-damage|p1a: Corviknight|67/100\n|move|p1a: Corviknight|Iron Defense|p1a: Corviknight\n|-boost|p1a: Corviknight|def|2\n|move|p2b: Scizor|Bug Bite|p1a: Corviknight\n|-resisted|p1a: Corviknight|2\n|-damage|p1a: Corviknight|61/100\n|\n|-heal|p2a: Archaludon|65/100|[from] item: Leftovers\n|-heal|p1a: Corviknight|68/100|[from] item: Leftovers\n|upkeep\n|turn|9\n|\n|t:|1776448262\n|move|p2a: Archaludon|Flash Cannon|p1a: Corviknight\n|-resisted|p1a: Corviknight|1\n|-damage|p1a: Corviknight|35/100\n|move|p1a: Corviknight|Body Press|p2a: Archaludon\n|-supereffective|p2a: Archaludon|1\n|-crit|p2a: Archaludon\n|-damage|p2a: Archaludon|0 fnt\n|faint|p2a: Archaludon\n|move|p2b: Scizor|Bug Bite|p1a: Corviknight\n|-resisted|p1a: Corviknight|2\n|-damage|p1a: Corviknight|30/100\n|\n|-heal|p1a: Corviknight|36/100|[from] item: Leftovers\n|upkeep\n|turn|10\n|c|\u2606devaunte|gg\n|\n|t:|1776448279\n|move|p1a: Corviknight|Protect|p1a: Corviknight\n|-singleturn|p1a: Corviknight|Protect\n|move|p2b: Scizor|Bug Bite|p1a: Corviknight\n|-activate|p1a: Corviknight|move: Protect\n|\n|-heal|p1a: Corviknight|43/100|[from] item: Leftovers\n|upkeep\n|turn|11\n|\n|t:|1776448288\n|move|p2b: Scizor|Bullet Punch|p1a: Corviknight\n|-resisted|p1a: Corviknight|1\n|-damage|p1a: Corviknight|35/100\n|move|p1a: Corviknight|Body Press|p2b: Scizor\n|-damage|p2b: Scizor|59/100\n|\n|-heal|p1a: Corviknight|41/100|[from] item: Leftovers\n|upkeep\n|turn|12\n|\n|t:|1776448298\n|move|p1a: Corviknight|Protect|p1a: Corviknight\n|-singleturn|p1a: Corviknight|Protect\n|move|p2b: Scizor|Bullet Punch|p1a: Corviknight\n|-activate|p1a: Corviknight|move: Protect\n|\n|-heal|p1a: Corviknight|47/100|[from] item: Leftovers\n|upkeep\n|turn|13\n|c|\u2606devaunte|brother just attack\n|\n|t:|1776448306\n|move|p2b: Scizor|Bullet Punch|p1a: Corviknight\n|-resisted|p1a: Corviknight|1\n|-damage|p1a: Corviknight|40/100\n|move|p1a: Corviknight|Iron Defense|p1a: Corviknight\n|-boost|p1a: Corviknight|def|2\n|\n|-heal|p1a: Corviknight|46/100|[from] item: Leftovers\n|upkeep\n|turn|14\n|c|\u2606devaunte|you live a crit\n|inactive|devaunte has 30 seconds left.\n|inactive|devaunte has 20 seconds left.\n|inactive|devaunte has 15 seconds left.\n|inactive|devaunte has 10 seconds left.\n|inactive|devaunte has 5 seconds left.\n|\n|t:|1776448361\n|move|p1a: Corviknight|Protect|p1a: Corviknight\n|-singleturn|p1a: Corviknight|Protect\n|move|p2b: Scizor|Bullet Punch|p1a: Corviknight\n|-activate|p1a: Corviknight|move: Protect\n|\n|-heal|p1a: Corviknight|52/100|[from] item: Leftovers\n|upkeep\n|turn|15\n|inactive|devaunte has 30 seconds left.\n|inactive|devaunte has 20 seconds left.\n|inactive|devaunte has 15 seconds left.\n|inactive|devaunte has 10 seconds left.\n|inactive|devaunte has 5 seconds left.\n|\n|t:|1776448417\n|move|p2b: Scizor|Bullet Punch|p1a: Corviknight\n|-resisted|p1a: Corviknight|1\n|-damage|p1a: Corviknight|47/100\n|move|p1a: Corviknight|Body Press|p2b: Scizor\n|-damage|p2b: Scizor|8/100\n|\n|-heal|p1a: Corviknight|54/100|[from] item: Leftovers\n|upkeep\n|turn|16\n|inactive|devaunte has 30 seconds left.\n|inactive|devaunte has 20 seconds left.\n|inactive|devaunte has 15 seconds left.\n|inactive|devaunte has 10 seconds left.\n|inactive|devaunte has 5 seconds left.\n|\n|t:|1776448472\n|move|p2b: Scizor|Bullet Punch|p1a: Corviknight\n|-resisted|p1a: Corviknight|1\n|-damage|p1a: Corviknight|49/100\n|move|p1a: Corviknight|Body Press|p2b: Scizor\n|-damage|p2b: Scizor|0 fnt\n|faint|p2b: Scizor\n|\n|win|luiz red\n|raw|luiz red's rating: 1053 &rarr; <strong>1091</strong><br />(+38 for winning)\n|raw|devaunte's rating: 1121 &rarr; <strong>1091</strong><br />(-30 for losing)\n|l|\u2606devaunte\n|player|p2|\n",
  "uploadtime": 1776448481,
  "views": 30,
  "formatid": "gen9championsvgc2026regma",
  "rating": 1091,
  "private": 0,
  "password": null
}