{
  "id": "gen9championsvgc2026regma-2581227556",
  "format": "[Gen 9 Champions] VGC 2026 Reg M-A",
  "players": [
    "ryankun26",
    "jucypoo"
  ],
  "log": "|j|\u2606ryankun26\n|j|\u2606jucypoo\n|t:|1775973306\n|gametype|doubles\n|player|p1|ryankun26|hilda|1109\n|player|p2|jucypoo|hilbert|1052\n|gen|9\n|tier|[Gen 9 Champions] VGC 2026 Reg M-A\n|rated|\n|rule|Species Clause: Limit one of each Pok\u00e9mon\n|rule|Item Clause: Limit 1 of each item\n|clearpoke\n|poke|p1|Skarmory, L50, F|\n|poke|p1|Meowscarada, L50, M|\n|poke|p1|Clefable, L50, M|\n|poke|p1|Pelipper, L50, M|\n|poke|p1|Hydreigon, L50, M|\n|poke|p1|Charizard, L50, M|\n|poke|p2|Glimmora, L50, F|\n|poke|p2|Orthworm, L50, M|\n|poke|p2|Farigiraf, L50, F|\n|poke|p2|Incineroar, L50, F|\n|poke|p2|Aerodactyl, L50, M|\n|poke|p2|Basculegion, L50, M|\n|teampreview|4\n|inactive|Battle timer is ON: inactive players will automatically lose when time's up. (requested by ryankun26)\n|inactive|ryankun26 has 60 seconds left.\n|inactive|jucypoo has 60 seconds left.\n|inactive|ryankun26 has 30 seconds left.\n|inactive|ryankun26 has 20 seconds left.\n|inactive|ryankun26 has 15 seconds left.\n|inactive|ryankun26 has 10 seconds left.\n|\n|t:|1775973390\n|teamsize|p1|4\n|teamsize|p2|4\n|start\n|switch|p1a: Clefable|Clefable, L50, M|100/100\n|switch|p1b: Skarmory|Skarmory, L50, F|100/100\n|switch|p2a: Glimmora|Glimmora, L50, F|100/100\n|switch|p2b: Aerodactyl|Aerodactyl, L50, M|100/100\n|-ability|p2b: Aerodactyl|Unnerve\n|turn|1\n|\n|t:|1775973412\n|detailschange|p2a: Glimmora|Glimmora-Mega, L50, F\n|-mega|p2a: Glimmora|Glimmora|Glimmoranite\n|move|p1b: Skarmory|Protect|p1b: Skarmory\n|-singleturn|p1b: Skarmory|Protect\n|move|p1a: Clefable|Protect|p1a: Clefable\n|-singleturn|p1a: Clefable|Protect\n|move|p2b: Aerodactyl|Tailwind|p2b: Aerodactyl\n|-sidestart|p2: jucypoo|move: Tailwind\n|move|p2a: Glimmora|Power Gem|p1b: Skarmory\n|-activate|p1b: Skarmory|move: Protect\n|\n|upkeep\n|turn|2\n|\n|t:|1775973428\n|switch|p2b: Orthworm|Orthworm, L50, M|100/100\n|detailschange|p1b: Skarmory|Skarmory-Mega, L50, F\n|-mega|p1b: Skarmory|Skarmory|Skarmorite\n|move|p1a: Clefable|Follow Me|p1a: Clefable\n|-singleturn|p1a: Clefable|move: Follow Me\n|move|p2a: Glimmora|Sludge Wave|p1a: Clefable|[spread] p1a\n|-immune|p2b: Orthworm\n|-immune|p1b: Skarmory\n|-supereffective|p1a: Clefable|1\n|-damage|p1a: Clefable|0 fnt\n|faint|p1a: Clefable\n|move|p1b: Skarmory|Iron Head|p2a: Glimmora\n|-supereffective|p2a: Glimmora|1\n|-damage|p2a: Glimmora|20/100\n|\n|upkeep\n|\n|t:|1775973441\n|switch|p1a: Pelipper|Pelipper, L50, M|100/100\n|-weather|RainDance|[from] ability: Drizzle|[of] p1a: Pelipper\n|turn|3\n|\n|t:|1775973457\n|switch|p2a: Incineroar|Incineroar, L50, F|100/100\n|-ability|p2a: Incineroar|Intimidate|boost\n|-unboost|p1a: Pelipper|atk|1\n|-unboost|p1b: Skarmory|atk|1\n|switch|p1a: Meowscarada|Meowscarada, L50, M|100/100\n|move|p1b: Skarmory|Iron Head|p2a: Incineroar\n|-resisted|p2a: Incineroar|1\n|-damage|p2a: Incineroar|88/100\n|move|p2b: Orthworm|Shed Tail|p2b: Orthworm\n|-start|p2b: Orthworm|Substitute|[from] move: Shed Tail\n|-damage|p2b: Orthworm|50/100\n|-enditem|p2b: Orthworm|Sitrus Berry|[eat]\n|-heal|p2b: Orthworm|75/100|[from] item: Sitrus Berry\n|\n|t:|1775973474\n|switch|p2b: Glimmora|Glimmora-Mega, L50, F|20/100|[from] Shed Tail\n|\n|-weather|RainDance|[upkeep]\n|upkeep\n|turn|4\n|inactive|jucypoo has 30 seconds left.\n|\n|t:|1775973501\n|move|p1a: Meowscarada|Protect|p1a: Meowscarada\n|-singleturn|p1a: Meowscarada|Protect\n|move|p1b: Skarmory|Protect|p1b: Skarmory\n|-singleturn|p1b: Skarmory|Protect\n|move|p2a: Incineroar|Fake Out|p1b: Skarmory\n|-activate|p1b: Skarmory|move: Protect\n|move|p2b: Glimmora|Power Gem|p1b: Skarmory\n|-activate|p1b: Skarmory|move: Protect\n|\n|-weather|RainDance|[upkeep]\n|-sideend|p2: jucypoo|move: Tailwind\n|upkeep\n|turn|5\n|\n|t:|1775973523\n|move|p2b: Glimmora|Protect|p2b: Glimmora\n|-singleturn|p2b: Glimmora|Protect\n|move|p1a: Meowscarada|Knock Off|p2a: Incineroar\n|-resisted|p2a: Incineroar|1\n|-damage|p2a: Incineroar|66/100\n|-enditem|p2a: Incineroar|Lum Berry|[from] move: Knock Off|[of] p1a: Meowscarada\n|move|p1b: Skarmory|Rock Slide|p2b: Glimmora|[spread] p2a\n|-activate|p2b: Glimmora|move: Protect\n|-supereffective|p2a: Incineroar|1\n|-damage|p2a: Incineroar|39/100\n|move|p2a: Incineroar|Parting Shot|p1b: Skarmory\n|-unboost|p1b: Skarmory|atk|1\n|-unboost|p1b: Skarmory|spa|1\n|c|\u2606ryankun26|Why protect and not spiky shield on glimm?\n|\n|t:|1775973542\n|switch|p2a: Aerodactyl|Aerodactyl, L50, M|100/100|[from] Parting Shot\n|-ability|p2a: Aerodactyl|Unnerve\n|\n|-weather|RainDance|[upkeep]\n|upkeep\n|turn|6\n|c|\u2606jucypoo|forgot\n|inactive|ryankun26 has 30 seconds left.\n|inactive|jucypoo has 30 seconds left.\n|\n|t:|1775973576\n|move|p2a: Aerodactyl|Tailwind|p2a: Aerodactyl\n|-sidestart|p2: jucypoo|move: Tailwind\n|move|p2b: Glimmora|Power Gem|p1b: Skarmory\n|-damage|p1b: Skarmory|15/100\n|move|p1a: Meowscarada|Flower Trick|p2a: Aerodactyl\n|-crit|p2a: Aerodactyl\n|-damage|p2a: Aerodactyl|25/100\n|move|p1b: Skarmory|Rock Slide|p2b: Glimmora|[spread] p2a\n|-miss|p1b: Skarmory|p2b: Glimmora\n|-supereffective|p2a: Aerodactyl|1\n|-damage|p2a: Aerodactyl|0 fnt\n|faint|p2a: Aerodactyl\n|\n|-weather|RainDance|[upkeep]\n|upkeep\n|c|\u2606ryankun26|Haha fair\n|\n|t:|1775973591\n|switch|p2a: Incineroar|Incineroar, L50, F|39/100\n|-ability|p2a: Incineroar|Intimidate|boost\n|-unboost|p1a: Meowscarada|atk|1\n|-unboost|p1b: Skarmory|atk|1\n|turn|7\n|c|\u2606ryankun26|It's a good swap to make\n|c|\u2606jucypoo|yeah will do thx for reminding me\n|c|\u2606ryankun26|All g, I live glimmora\n|c|\u2606ryankun26|Love*\n|inactive|jucypoo has 30 seconds left.\n|\n|t:|1775973618\n|switch|p1a: Pelipper|Pelipper, L50, M|100/100\n|move|p2a: Incineroar|Fake Out|p1a: Pelipper\n|-damage|p1a: Pelipper|87/100\n|move|p2b: Glimmora|Power Gem|p1b: Skarmory\n|-damage|p1b: Skarmory|0 fnt\n|faint|p1b: Skarmory\n|\n|-weather|none\n|upkeep\n|\n|t:|1775973625\n|switch|p1b: Meowscarada|Meowscarada, L50, M|100/100\n|turn|8\n|\n|t:|1775973639\n|switch|p2a: Orthworm|Orthworm, L50, M|75/100\n|move|p1b: Meowscarada|Protect|p1b: Meowscarada\n|-singleturn|p1b: Meowscarada|Protect\n|move|p2b: Glimmora|Sludge Wave|p1b: Meowscarada|[spread] p1a\n|-activate|p1b: Meowscarada|move: Protect\n|-immune|p2a: Orthworm\n|-damage|p1a: Pelipper|0 fnt\n|faint|p1a: Pelipper\n|\n|upkeep\n|turn|9\n|c|\u2606ryankun26|This is definitely GG, my friend\n|c|\u2606ryankun26|I love the orthworm\n|c|\u2606ryankun26|Super strong combo\n|c|\u2606jucypoo|ggs for sure\n|inactive|ryankun26 has 30 seconds left.\n|c|\u2606jucypoo|ya thank you surprisingly good\n|c|\u2606ryankun26|How's it go into Floette?\n|-message|ryankun26 forfeited.\n|\n|win|jucypoo\n|raw|ryankun26's rating: 1109 &rarr; <strong>1080</strong><br />(-29 for losing)\n|raw|jucypoo's rating: 1052 &rarr; <strong>1089</strong><br />(+37 for winning)\n|c|\u2606jucypoo|walls tf outa exca and chomp\n|c|\u2606jucypoo|havent played one yet with the team so not sure\n|c|\u2606ryankun26|I think I might steal that combo haha\n|c|\u2606ryankun26|I wish you luck!\n|c|\u2606jucypoo|its so good lol\n|c|\u2606jucypoo|you too friend\n|l|\u2606jucypoo\n|player|p2|\n|c|\u2606ryankun26|Have a great day \ud83d\ude01\n",
  "uploadtime": 1775973698,
  "views": 24,
  "formatid": "gen9championsvgc2026regma",
  "rating": 1080,
  "private": 0,
  "password": null
}