{
  "id": "gen9championsvgc2026regma-2586930228",
  "format": "[Gen 9 Champions] VGC 2026 Reg M-A",
  "players": [
    "tubbatub",
    "Dewin Maratus"
  ],
  "log": "|j|\u2606tubbatub\n|j|\u2606Dewin Maratus\n|t:|1776472870\n|gametype|doubles\n|player|p1|tubbatub|fantina|1065\n|player|p2|Dewin Maratus|veteran|1015\n|gen|9\n|tier|[Gen 9 Champions] VGC 2026 Reg M-A\n|rated|\n|rule|Species Clause: Limit one of each Pok\u00e9mon\n|rule|Item Clause: Limit 1 of each item\n|clearpoke\n|poke|p1|Rotom-Wash, L50|\n|poke|p1|Farigiraf, L50, M|\n|poke|p1|Crabominable, L50, F|\n|poke|p1|Incineroar, L50, M|\n|poke|p1|Garchomp, L50, M|\n|poke|p1|Tyranitar, L50, F|\n|poke|p2|Pikachu, L50, M|\n|poke|p2|Maushold, L50|\n|poke|p2|Sneasler, L50, F|\n|poke|p2|Incineroar, L50, M|\n|poke|p2|Dragonite, L50, F|\n|poke|p2|Sinistcha, L50|\n|teampreview|4\n|inactive|Battle timer is ON: inactive players will automatically lose when time's up. (requested by tubbatub)\n|\n|t:|1776472897\n|teamsize|p1|4\n|teamsize|p2|4\n|start\n|switch|p1a: Garchomp|Garchomp, L50, M|100/100\n|switch|p1b: Tyranitar|Tyranitar, L50, F|100/100\n|switch|p2a: Kinanna|Incineroar, L50, M|100/100\n|switch|p2b: Sparks|Pikachu, L50, M|100/100\n|-weather|Sandstorm|[from] ability: Sand Stream|[of] p1b: Tyranitar\n|-ability|p2a: Kinanna|Intimidate|boost\n|-unboost|p1a: Garchomp|atk|1\n|-unboost|p1b: Tyranitar|atk|1\n|turn|1\n|\n|t:|1776472919\n|move|p2a: Kinanna|Fake Out|p1a: Garchomp|[miss]\n|-miss|p2a: Kinanna|p1a: Garchomp\n|move|p1a: Garchomp|Breaking Swipe|p2b: Sparks|[spread] p2a,p2b\n|-damage|p2a: Kinanna|85/100\n|-damage|p2b: Sparks|54/100\n|-unboost|p2a: Kinanna|atk|1\n|-unboost|p2b: Sparks|atk|1\n|move|p2b: Sparks|Surf|p1b: Tyranitar|[spread] p2a,p1a,p1b\n|-supereffective|p2a: Kinanna|1\n|-supereffective|p1b: Tyranitar|1\n|-damage|p2a: Kinanna|30/100\n|-damage|p1a: Garchomp|71/100\n|-damage|p1b: Tyranitar|68/100\n|move|p1b: Tyranitar|Rock Slide|p2b: Sparks|[spread] p2a,p2b\n|-supereffective|p2a: Kinanna|1\n|-damage|p2a: Kinanna|0 fnt\n|-damage|p2b: Sparks|0 fnt\n|faint|p2a: Kinanna\n|faint|p2b: Sparks\n|\n|-weather|Sandstorm|[upkeep]\n|upkeep\n|\n|t:|1776472938\n|switch|p2b: Sneasler|Sneasler, L50, F|100/100\n|switch|p2a: Sinistcha|Sinistcha, L50|100/100\n|turn|2\n|inactive|tubbatub has 30 seconds left.\n|\n|t:|1776472969\n|switch|p1b: Rotom|Rotom-Wash, L50|100/100\n|move|p2b: Sneasler|Fake Out|p1a: Garchomp\n|-damage|p1a: Garchomp|57/100\n|cant|p1a: Garchomp|flinch\n|move|p2a: Sinistcha|Matcha Gotcha|p1b: Rotom|[spread] p1a,p1b\n|-supereffective|p1b: Rotom|1\n|-damage|p1a: Garchomp|31/100\n|-damage|p1b: Rotom|53/100\n|\n|-weather|Sandstorm|[upkeep]\n|-damage|p2b: Sneasler|95/100|[from] Sandstorm\n|-damage|p1b: Rotom|47/100|[from] Sandstorm\n|-damage|p2a: Sinistcha|94/100|[from] Sandstorm\n|-heal|p1b: Rotom|53/100|[from] item: Leftovers\n|upkeep\n|turn|3\n|inactive|Dewin Maratus has 30 seconds left.\n|\n|t:|1776472998\n|switch|p1a: Incineroar|Incineroar, L50, M|100/100\n|-ability|p1a: Incineroar|Intimidate|boost\n|-unboost|p2a: Sinistcha|atk|1\n|-unboost|p2b: Sneasler|atk|1\n|-enditem|p2b: Sneasler|White Herb\n|-clearnegativeboost|p2b: Sneasler|[silent]\n|move|p1b: Rotom|Protect|p1b: Rotom\n|-singleturn|p1b: Rotom|Protect\n|move|p2b: Sneasler|Close Combat|p1a: Incineroar\n|-supereffective|p1a: Incineroar|1\n|-damage|p1a: Incineroar|6/100\n|-unboost|p2b: Sneasler|def|1\n|-unboost|p2b: Sneasler|spd|1\n|-enditem|p1a: Incineroar|Sitrus Berry|[eat]\n|-heal|p1a: Incineroar|30/100|[from] item: Sitrus Berry\n|move|p2a: Sinistcha|Matcha Gotcha|p1a: Incineroar|[spread] p1a\n|-activate|p1b: Rotom|move: Protect\n|-resisted|p1a: Incineroar|1\n|-damage|p1a: Incineroar|20/100\n|-heal|p2a: Sinistcha|99/100|[from] drain|[of] p1a: Incineroar\n|\n|-weather|Sandstorm|[upkeep]\n|-damage|p2b: Sneasler|89/100|[from] Sandstorm\n|-damage|p1b: Rotom|47/100|[from] Sandstorm\n|-damage|p2a: Sinistcha|94/100|[from] Sandstorm\n|-damage|p1a: Incineroar|14/100|[from] Sandstorm\n|-heal|p1b: Rotom|53/100|[from] item: Leftovers\n|upkeep\n|turn|4\n|inactive|Dewin Maratus has 30 seconds left.\n|\n|t:|1776473031\n|move|p1a: Incineroar|Fake Out|p2b: Sneasler\n|-damage|p2b: Sneasler|64/100\n|move|p2a: Sinistcha|Rage Powder|p2a: Sinistcha\n|-singleturn|p2a: Sinistcha|move: Rage Powder\n|cant|p2b: Sneasler|flinch\n|move|p1b: Rotom|Pain Split|p2a: Sinistcha\n|-sethp|p2a: Sinistcha|69/100|[from] move: Pain Split|[silent]\n|-sethp|p1b: Rotom|81/100|[from] move: Pain Split\n|\n|-weather|Sandstorm|[upkeep]\n|-damage|p2b: Sneasler|58/100|[from] Sandstorm\n|-damage|p1b: Rotom|75/100|[from] Sandstorm\n|-damage|p2a: Sinistcha|63/100|[from] Sandstorm\n|-damage|p1a: Incineroar|8/100|[from] Sandstorm\n|-heal|p1b: Rotom|81/100|[from] item: Leftovers\n|upkeep\n|turn|5\n|inactive|Dewin Maratus has 30 seconds left.\n|\n|t:|1776473065\n|move|p1b: Rotom|Protect|p1b: Rotom\n|-singleturn|p1b: Rotom|Protect\n|move|p2b: Sneasler|Dire Claw|p1a: Incineroar\n|-damage|p1a: Incineroar|0 fnt\n|faint|p1a: Incineroar\n|move|p2a: Sinistcha|Matcha Gotcha|p1b: Rotom\n|-activate|p1b: Rotom|move: Protect\n|\n|-weather|none\n|-heal|p1b: Rotom|87/100|[from] item: Leftovers\n|upkeep\n|\n|t:|1776473076\n|switch|p1a: Garchomp|Garchomp, L50, M|31/100\n|turn|6\n|\n|t:|1776473094\n|move|p2b: Sneasler|Protect|p2b: Sneasler\n|-singleturn|p2b: Sneasler|Protect\n|move|p1a: Garchomp|Earthquake|p2b: Sneasler|[spread] p2a\n|-activate|p2b: Sneasler|move: Protect\n|-immune|p1b: Rotom|[from] ability: Levitate\n|-resisted|p2a: Sinistcha|1\n|-damage|p2a: Sinistcha|45/100\n|-enditem|p2a: Sinistcha|Sitrus Berry|[eat]\n|-heal|p2a: Sinistcha|70/100|[from] item: Sitrus Berry\n|move|p1b: Rotom|Hydro Pump|p2b: Sneasler\n|-activate|p2b: Sneasler|move: Protect\n|move|p2a: Sinistcha|Matcha Gotcha|p1b: Rotom|[spread] p1a\n|-miss|p2a: Sinistcha|p1b: Rotom\n|-damage|p1a: Garchomp|5/100\n|-heal|p2a: Sinistcha|84/100|[from] drain|[of] p1a: Garchomp\n|-status|p1a: Garchomp|brn\n|\n|-heal|p1b: Rotom|93/100|[from] item: Leftovers\n|-damage|p1a: Garchomp|0 fnt|[from] brn\n|faint|p1a: Garchomp\n|upkeep\n|\n|t:|1776473104\n|switch|p1a: Tyranitar|Tyranitar, L50, F|68/100\n|-weather|Sandstorm|[from] ability: Sand Stream|[of] p1a: Tyranitar\n|turn|7\n|\n|t:|1776473124\n|detailschange|p1a: Tyranitar|Tyranitar-Mega, L50, F\n|-mega|p1a: Tyranitar|Tyranitar|Tyranitarite\n|move|p1a: Tyranitar|Protect|p1a: Tyranitar\n|-singleturn|p1a: Tyranitar|Protect\n|move|p2b: Sneasler|Close Combat|p1a: Tyranitar\n|-activate|p1a: Tyranitar|move: Protect\n|move|p1b: Rotom|Hydro Pump|p2b: Sneasler\n|-damage|p2b: Sneasler|0 fnt\n|faint|p2b: Sneasler\n|move|p2a: Sinistcha|Matcha Gotcha|p1b: Rotom|[spread] p1b\n|-activate|p1a: Tyranitar|move: Protect\n|-supereffective|p1b: Rotom|1\n|-damage|p1b: Rotom|50/100\n|-heal|p2a: Sinistcha|100/100|[from] drain|[of] p1b: Rotom\n|\n|-weather|Sandstorm|[upkeep]\n|-damage|p1b: Rotom|44/100|[from] Sandstorm\n|-damage|p2a: Sinistcha|94/100|[from] Sandstorm\n|-heal|p1b: Rotom|50/100|[from] item: Leftovers\n|upkeep\n|turn|8\n|\n|t:|1776473146\n|move|p1a: Tyranitar|Knock Off|p2a: Sinistcha\n|-supereffective|p2a: Sinistcha|1\n|-damage|p2a: Sinistcha|19/100\n|move|p1b: Rotom|Reflect|p1b: Rotom\n|-sidestart|p1: tubbatub|Reflect\n|move|p2a: Sinistcha|Matcha Gotcha|p1b: Rotom|[spread] p1a,p1b\n|-supereffective|p1a: Tyranitar|1\n|-supereffective|p1b: Rotom|1\n|-damage|p1a: Tyranitar|41/100\n|-heal|p2a: Sinistcha|33/100|[from] drain|[of] p1a: Tyranitar\n|-damage|p1b: Rotom|6/100\n|-heal|p2a: Sinistcha|51/100|[from] drain|[of] p1b: Rotom\n|\n|-weather|Sandstorm|[upkeep]\n|-damage|p1b: Rotom|0 fnt|[from] Sandstorm\n|-damage|p2a: Sinistcha|45/100|[from] Sandstorm\n|faint|p1b: Rotom\n|upkeep\n|turn|9\n|\n|t:|1776473164\n|move|p1a: Tyranitar|Knock Off|p2a: Sinistcha\n|-supereffective|p2a: Sinistcha|1\n|-damage|p2a: Sinistcha|0 fnt\n|faint|p2a: Sinistcha\n|\n|win|tubbatub\n|raw|tubbatub's rating: 1065 &rarr; <strong>1091</strong><br />(+26 for winning)\n|raw|Dewin Maratus's rating: 1015 &rarr; <strong>1005</strong><br />(-10 for losing)\n",
  "uploadtime": 1776473168,
  "views": 18,
  "formatid": "gen9championsvgc2026regma",
  "rating": 1005,
  "private": 0,
  "password": null
}