{
  "id": "gen9championsvgc2026regma-2581330405",
  "format": "[Gen 9 Champions] VGC 2026 Reg M-A",
  "players": [
    "Karratti",
    "wrjisami"
  ],
  "log": "|j|\u2606Karratti\n|j|\u2606wrjisami\n|t:|1775987573\n|gametype|doubles\n|player|p1|Karratti|harlequin|1028\n|player|p2|wrjisami|1|1120\n|gen|9\n|tier|[Gen 9 Champions] VGC 2026 Reg M-A\n|rated|\n|rule|Species Clause: Limit one of each Pok\u00e9mon\n|rule|Item Clause: Limit 1 of each item\n|clearpoke\n|poke|p1|Aerodactyl, L50, F|\n|poke|p1|Ninetales-Alola, L50, F|\n|poke|p1|Zoroark-Hisui, L50, M|\n|poke|p1|Arcanine, L50, M|\n|poke|p1|Ditto, L50|\n|poke|p1|Whimsicott, L50, F|\n|poke|p2|Gengar, L50, F|\n|poke|p2|Incineroar, L50, M|\n|poke|p2|Politoed, L50, F|\n|poke|p2|Archaludon, L50, F|\n|poke|p2|Blastoise, L50, F|\n|poke|p2|Maushold-Four, L50|\n|teampreview|4\n|inactive|Battle timer is ON: inactive players will automatically lose when time's up. (requested by wrjisami)\nKarratti rejected open team sheets.\n|inactive|wrjisami has 60 seconds left.\n|inactive|wrjisami has 30 seconds left.\n|\n|t:|1775987639\n|teamsize|p1|4\n|teamsize|p2|4\n|start\n|switch|p1a: Ninetales|Ninetales-Alola, L50, F, shiny|100/100\n|switch|p1b: Whimsicott|Whimsicott, L50, F|100/100\n|switch|p2a: Politoed|Politoed, L50, F|100/100\n|switch|p2b: Archaludon|Archaludon, L50, F|100/100\n|-weather|Snowscape|[from] ability: Snow Warning|[of] p1a: Ninetales\n|-weather|RainDance|[from] ability: Drizzle|[of] p2a: Politoed\n|turn|1\n|inactive|Karratti has 30 seconds left.\n|inactive|wrjisami has 30 seconds left.\n|inactive|wrjisami has 20 seconds left.\n|inactive|wrjisami has 15 seconds left.\n|\n|t:|1775987681\n|move|p1a: Ninetales|Protect|p1a: Ninetales\n|-singleturn|p1a: Ninetales|Protect\n|move|p1b: Whimsicott|Nasty Plot|p1b: Whimsicott\n|-boost|p1b: Whimsicott|spa|2\n|move|p2b: Archaludon|Flash Cannon|p1b: Whimsicott\n|-damage|p1b: Whimsicott|19/100\n|replace|p1b: Zoroark|Zoroark-Hisui, L50, M, shiny\n|-end|p1b: Zoroark|Illusion\n|move|p2a: Politoed|Weather Ball|p1a: Ninetales\n|-activate|p1a: Ninetales|move: Protect\n|\n|-weather|RainDance|[upkeep]\n|upkeep\n|turn|2\n|inactive|Karratti has 30 seconds left.\n|\n|t:|1775987707\n|move|p1a: Ninetales|Dazzling Gleam|p2b: Archaludon|[spread] p2a,p2b\n|-damage|p2a: Politoed|82/100\n|-damage|p2b: Archaludon|75/100\n|move|p1b: Zoroark|Shadow Ball|p2b: Archaludon\n|-damage|p2b: Archaludon|0 fnt\n|faint|p2b: Archaludon\n|move|p2a: Politoed|Weather Ball|p1b: Zoroark\n|-damage|p1b: Zoroark|0 fnt\n|faint|p1b: Zoroark\n|\n|-weather|RainDance|[upkeep]\n|-heal|p2a: Politoed|88/100|[from] item: Leftovers\n|upkeep\n|\n|t:|1775987725\n|switch|p1b: Whimsicott|Whimsicott, L50, F|100/100\n|switch|p2b: Incineroar|Incineroar, L50, M|100/100\n|-ability|p2b: Incineroar|Intimidate|boost\n|-unboost|p1a: Ninetales|atk|1\n|-unboost|p1b: Whimsicott|atk|1\n|turn|3\n|inactive|Karratti has 30 seconds left.\n|\n|t:|1775987759\n|move|p1b: Whimsicott|Protect|p1b: Whimsicott\n|-singleturn|p1b: Whimsicott|Protect\n|move|p1a: Ninetales|Protect|p1a: Ninetales\n|-singleturn|p1a: Ninetales|Protect\n|move|p2b: Incineroar|Fake Out|p1b: Whimsicott\n|-activate|p1b: Whimsicott|move: Protect\n|move|p2a: Politoed|Weather Ball|p1a: Ninetales\n|-activate|p1a: Ninetales|move: Protect\n|\n|-weather|RainDance|[upkeep]\n|-heal|p2a: Politoed|94/100|[from] item: Leftovers\n|upkeep\n|turn|4\n|\n|t:|1775987782\n|move|p2a: Politoed|Protect|p2a: Politoed\n|-singleturn|p2a: Politoed|Protect\n|move|p1b: Whimsicott|Tailwind|p1b: Whimsicott\n|-sidestart|p1: Karratti|move: Tailwind\n|move|p1a: Ninetales|Dazzling Gleam|p2a: Politoed|[spread] p2b\n|-activate|p2a: Politoed|move: Protect\n|-damage|p2b: Incineroar|85/100\n|move|p2b: Incineroar|Flare Blitz|p1a: Ninetales\n|-supereffective|p1a: Ninetales|1\n|-damage|p1a: Ninetales|32/100\n|-enditem|p1a: Ninetales|Sitrus Berry|[eat]\n|-heal|p1a: Ninetales|57/100|[from] item: Sitrus Berry\n|-damage|p2b: Incineroar|68/100|[from] Recoil\n|\n|-weather|RainDance|[upkeep]\n|-heal|p2a: Politoed|99/100|[from] item: Leftovers\n|upkeep\n|turn|5\n|\n|t:|1775987803\n|move|p1b: Whimsicott|Encore|p2a: Politoed\n|-start|p2a: Politoed|Encore\n|move|p2a: Politoed|Protect||[still]\n|-fail|p2a: Politoed\n|move|p1a: Ninetales|Dazzling Gleam|p2b: Incineroar|[spread] p2a,p2b\n|-damage|p2a: Politoed|83/100\n|-damage|p2b: Incineroar|53/100\n|move|p2b: Incineroar|Flare Blitz|p1a: Ninetales\n|-supereffective|p1a: Ninetales|1\n|-damage|p1a: Ninetales|0 fnt\n|faint|p1a: Ninetales\n|-damage|p2b: Incineroar|40/100|[from] Recoil\n|-enditem|p2b: Incineroar|Sitrus Berry|[eat]\n|-heal|p2b: Incineroar|64/100|[from] item: Sitrus Berry\n|\n|-weather|none\n|-heal|p2a: Politoed|89/100|[from] item: Leftovers\n|upkeep\n|\n|t:|1775987812\n|switch|p1a: Aerodactyl|Aerodactyl, L50, F, shiny|100/100\n|turn|6\n|inactive|wrjisami has 30 seconds left.\n|\n|t:|1775987840\n|switch|p2a: Maushold|Maushold-Four, L50|100/100\n|detailschange|p1a: Aerodactyl|Aerodactyl-Mega, L50, F, shiny\n|-mega|p1a: Aerodactyl|Aerodactyl|Aerodactylite\n|move|p2b: Incineroar|Protect|p2b: Incineroar\n|-singleturn|p2b: Incineroar|Protect\n|move|p1a: Aerodactyl|Rock Slide|p2b: Incineroar|[spread] p2a\n|-activate|p2b: Incineroar|move: Protect\n|-crit|p2a: Maushold\n|-damage|p2a: Maushold|34/100\n|move|p1b: Whimsicott|Moonblast|p2b: Incineroar\n|-activate|p2b: Incineroar|move: Protect\n|\n|upkeep\n|turn|7\n|inactive|wrjisami has 30 seconds left.\n|\n|t:|1775987866\n|move|p1a: Aerodactyl|Rock Slide|p2b: Incineroar|[spread] p2a,p2b\n|-crit|p2a: Maushold\n|-supereffective|p2b: Incineroar|1\n|-damage|p2a: Maushold|0 fnt\n|-damage|p2b: Incineroar|21/100\n|faint|p2a: Maushold\n|move|p1b: Whimsicott|Moonblast|p2b: Incineroar\n|-damage|p2b: Incineroar|0 fnt\n|faint|p2b: Incineroar\n|\n|-sideend|p1: Karratti|move: Tailwind\n|upkeep\n|-message|wrjisami forfeited.\n|\n|win|Karratti\n|raw|Karratti's rating: 1028 &rarr; <strong>1073</strong><br />(+45 for winning)\n|raw|wrjisami's rating: 1120 &rarr; <strong>1089</strong><br />(-31 for losing)\n|l|\u2606wrjisami\n|player|p2|\n",
  "uploadtime": 1775987883,
  "views": 26,
  "formatid": "gen9championsvgc2026regma",
  "rating": 1073,
  "private": 0,
  "password": null
}