{
  "id": "gen9championsvgc2026regma-2583956366",
  "format": "[Gen 9 Champions] VGC 2026 Reg M-A",
  "players": [
    "A5h3r",
    "Nixstar22"
  ],
  "log": "|j|\u2606A5h3r\n|j|\u2606Nixstar22\n|t:|1776211623\n|gametype|doubles\n|player|p1|A5h3r|alder|1138\n|player|p2|Nixstar22|rosa|1095\n|gen|9\n|tier|[Gen 9 Champions] VGC 2026 Reg M-A\n|rated|\n|rule|Species Clause: Limit one of each Pok\u00e9mon\n|rule|Item Clause: Limit 1 of each item\n|clearpoke\n|poke|p1|Tyranitar, L50, M|\n|poke|p1|Excadrill, L50, F|\n|poke|p1|Floette-Eternal, L50, F|\n|poke|p1|Alakazam, L50, M|\n|poke|p1|Palafin, L50, M|\n|poke|p1|Delphox, L50, M|\n|poke|p2|Dragonite, L50, M|\n|poke|p2|Corviknight, L50, M|\n|poke|p2|Basculegion, L50, M|\n|poke|p2|Pelipper, L50, M|\n|poke|p2|Incineroar, L50, M|\n|poke|p2|Meganium, L50, M|\n|teampreview|4\n|c|\u2606A5h3r|glhf\n|\n|t:|1776211692\n|teamsize|p1|4\n|teamsize|p2|4\n|start\n|switch|p1a: Excadrill|Excadrill, L50, F|100/100\n|switch|p1b: Palafin|Palafin, L50, M|100/100\n|switch|p2a: Rocky Road|Corviknight, L50, M|100/100\n|switch|p2b: Red Velvet|Incineroar, L50, M|100/100\n|-ability|p2b: Red Velvet|Intimidate|boost\n|-unboost|p1a: Excadrill|atk|1\n|-unboost|p1b: Palafin|atk|1\n|turn|1\n|\n|t:|1776211709\n|move|p1a: Excadrill|Protect|p1a: Excadrill\n|-singleturn|p1a: Excadrill|Protect\n|move|p1b: Palafin|Protect|p1b: Palafin\n|-singleturn|p1b: Palafin|Protect\n|move|p2b: Red Velvet|Fake Out|p1a: Excadrill\n|-activate|p1a: Excadrill|move: Protect\n|move|p2a: Rocky Road|Bulk Up|p2a: Rocky Road\n|-boost|p2a: Rocky Road|atk|1\n|-boost|p2a: Rocky Road|def|1\n|\n|upkeep\n|turn|2\n|\n|t:|1776211738\n|detailschange|p1b: Palafin|Palafin-Hero, L50, M\n|switch|p1b: Delphox|Delphox, L50, M|100/100\n|move|p1a: Excadrill|Rock Slide|p2a: Rocky Road|[spread] p2a,p2b\n|-supereffective|p2b: Red Velvet|1\n|-damage|p2a: Rocky Road|93/100\n|-damage|p2b: Red Velvet|72/100\n|move|p2a: Rocky Road|Body Press|p1a: Excadrill\n|-supereffective|p1a: Excadrill|1\n|-damage|p1a: Excadrill|3/100\n|cant|p2b: Red Velvet|flinch\n|\n|-heal|p2a: Rocky Road|99/100|[from] item: Leftovers\n|upkeep\n|turn|3\n|\n|t:|1776211759\n|switch|p1a: Tyranitar|Tyranitar, L50, M|100/100\n|-weather|Sandstorm|[from] ability: Sand Stream|[of] p1a: Tyranitar\n|detailschange|p1b: Delphox|Delphox-Mega, L50, M\n|-mega|p1b: Delphox|Delphox|Delphoxite\n|move|p1b: Delphox|Heat Wave|p2a: Rocky Road|[spread] p2a\n|-miss|p1b: Delphox|p2b: Red Velvet\n|-supereffective|p2a: Rocky Road|1\n|-damage|p2a: Rocky Road|11/100\n|move|p2b: Red Velvet|Parting Shot|p1b: Delphox\n|-unboost|p1b: Delphox|atk|1\n|-unboost|p1b: Delphox|spa|1\n|\n|t:|1776211772\n|switch|p2b: Ube|Basculegion, L50, M, shiny|100/100|[from] Parting Shot\n|move|p2a: Rocky Road|Body Press|p1a: Tyranitar\n|-supereffective|p1a: Tyranitar|2\n|-enditem|p1a: Tyranitar|Chople Berry|[eat]\n|-enditem|p1a: Tyranitar|Chople Berry|[weaken]\n|-damage|p1a: Tyranitar|42/100\n|\n|-weather|Sandstorm|[upkeep]\n|-damage|p1b: Delphox|94/100|[from] Sandstorm\n|-damage|p2b: Ube|95/100|[from] Sandstorm\n|-heal|p2a: Rocky Road|17/100|[from] item: Leftovers\n|upkeep\n|turn|4\n|\n|t:|1776211812\n|switch|p2a: Red Velvet|Incineroar, L50, M|72/100\n|-ability|p2a: Red Velvet|Intimidate|boost\n|-unboost|p1a: Tyranitar|atk|1\n|-unboost|p1b: Delphox|atk|1\n|switch|p1a: Palafin|Palafin-Hero, L50, M|100/100\n|-activate|p1a: Palafin|ability: Zero to Hero\n|move|p1b: Delphox|Protect|p1b: Delphox\n|-singleturn|p1b: Delphox|Protect\n|move|p2b: Ube|Wave Crash|p1b: Delphox\n|-activate|p1b: Delphox|move: Protect\n|\n|-weather|Sandstorm|[upkeep]\n|-damage|p1b: Delphox|88/100|[from] Sandstorm\n|-damage|p2b: Ube|89/100|[from] Sandstorm\n|-damage|p1a: Palafin|95/100|[from] Sandstorm\n|-damage|p2a: Red Velvet|66/100|[from] Sandstorm\n|upkeep\n|turn|5\n|\n|t:|1776211840\n|switch|p1b: Tyranitar|Tyranitar, L50, M|42/100\n|move|p2a: Red Velvet|Fake Out|p1a: Palafin\n|-damage|p1a: Palafin|84/100\n|cant|p1a: Palafin|flinch\n|move|p2b: Ube|Wave Crash|p1b: Tyranitar\n|-supereffective|p1b: Tyranitar|1\n|-damage|p1b: Tyranitar|0 fnt\n|faint|p1b: Tyranitar\n|-damage|p2b: Ube|75/100|[from] Recoil\n|\n|-weather|Sandstorm|[upkeep]\n|-damage|p2b: Ube|69/100|[from] Sandstorm\n|-damage|p1a: Palafin|78/100|[from] Sandstorm\n|-damage|p2a: Red Velvet|60/100|[from] Sandstorm\n|upkeep\n|\n|t:|1776211854\n|switch|p1b: Excadrill|Excadrill, L50, F|3/100\n|turn|6\n|\n|t:|1776211871\n|move|p1b: Excadrill|Earthquake|p2a: Red Velvet|[spread] p1a,p2a,p2b\n|-supereffective|p2a: Red Velvet|1\n|-damage|p1a: Palafin|41/100\n|-damage|p2a: Red Velvet|0 fnt\n|-damage|p2b: Ube|23/100\n|faint|p2a: Red Velvet\n|move|p2b: Ube|Wave Crash|p1b: Excadrill\n|-supereffective|p1b: Excadrill|1\n|-crit|p1b: Excadrill\n|-damage|p1b: Excadrill|0 fnt\n|faint|p1b: Excadrill\n|-damage|p2b: Ube|22/100|[from] Recoil\n|move|p1a: Palafin|Wave Crash|p2b: Ube\n|-resisted|p2b: Ube|1\n|-damage|p2b: Ube|0 fnt\n|faint|p2b: Ube\n|-damage|p1a: Palafin|34/100|[from] Recoil\n|\n|-weather|Sandstorm|[upkeep]\n|-damage|p1a: Palafin|28/100|[from] Sandstorm\n|upkeep\n|\n|t:|1776211890\n|switch|p1b: Delphox|Delphox-Mega, L50, M|88/100\n|switch|p2b: Rocky Road|Corviknight, L50, M|17/100\n|switch|p2a: Dr. Pistacho|Meganium, L50, M|100/100\n|turn|7\n|\n|t:|1776211903\n|move|p1a: Palafin|Protect|p1a: Palafin\n|-singleturn|p1a: Palafin|Protect\n|move|p2a: Dr. Pistacho|Protect|p2a: Dr. Pistacho\n|-singleturn|p2a: Dr. Pistacho|Protect\n|move|p1b: Delphox|Heat Wave|p2b: Rocky Road|[spread] p2b\n|-activate|p2a: Dr. Pistacho|move: Protect\n|-supereffective|p2b: Rocky Road|1\n|-damage|p2b: Rocky Road|0 fnt\n|faint|p2b: Rocky Road\n|\n|-weather|none\n|upkeep\n|turn|8\n|\n|t:|1776211920\n|detailschange|p2a: Dr. Pistacho|Meganium-Mega, L50, M\n|-mega|p2a: Dr. Pistacho|Meganium|Meganiumite\n|move|p1b: Delphox|Heat Wave|p2a: Dr. Pistacho\n|-supereffective|p2a: Dr. Pistacho|1\n|-damage|p2a: Dr. Pistacho|0 fnt\n|faint|p2a: Dr. Pistacho\n|\n|win|A5h3r\n|raw|A5h3r's rating: 1138 &rarr; <strong>1160</strong><br />(+22 for winning)\n|raw|Nixstar22's rating: 1095 &rarr; <strong>1074</strong><br />(-21 for losing)\n|c|\u2606Nixstar22|gg\n|c|\u2606A5h3r|glhf\n|c|\u2606A5h3r|egg\n|c|\u2606A5h3r|gg\n",
  "uploadtime": 1776211936,
  "views": 17,
  "formatid": "gen9championsvgc2026regma",
  "rating": 1074,
  "private": 0,
  "password": null
}