{
  "id": "gen9championsvgc2026regma-2582212880",
  "format": "[Gen 9 Champions] VGC 2026 Reg M-A",
  "players": [
    "Daafjeweerwolfje",
    "henitusec"
  ],
  "log": "|j|\u2606Daafjeweerwolfje\n|j|\u2606henitusec\n|t:|1776071981\n|gametype|doubles\n|player|p1|Daafjeweerwolfje|265|1131\n|player|p2|henitusec|volo|1042\n|gen|9\n|tier|[Gen 9 Champions] VGC 2026 Reg M-A\n|rated|\n|rule|Species Clause: Limit one of each Pok\u00e9mon\n|rule|Item Clause: Limit 1 of each item\n|clearpoke\n|poke|p1|Gengar, L50, M|\n|poke|p1|Farigiraf, L50, F|\n|poke|p1|Incineroar, L50, M|\n|poke|p1|Kommo-o, L50, M|\n|poke|p1|Palafin, L50, M|\n|poke|p1|Crabominable, L50, M|\n|poke|p2|Gardevoir, L50, F|\n|poke|p2|Aegislash, L50, F|\n|poke|p2|Incineroar, L50, F|\n|poke|p2|Vivillon-Polar, L50, F|\n|poke|p2|Hydreigon, L50, M|\n|poke|p2|Tauros-Paldea-Aqua, L50, M|\n|teampreview|4\n|inactive|Battle timer is ON: inactive players will automatically lose when time's up. (requested by henitusec)\n|inactive|henitusec has 60 seconds left.\n|\n|t:|1776072013\n|teamsize|p1|4\n|teamsize|p2|4\n|start\n|switch|p1a: Incineroar|Incineroar, L50, M, shiny|100/100\n|switch|p1b: Gengar|Gengar, L50, M, shiny|100/100\n|switch|p2a: Incineroar|Incineroar, L50, F|100/100\n|switch|p2b: Gardevoir|Gardevoir, L50, F, shiny|100/100\n|-ability|p2b: Gardevoir|Cursed Body|Trace|[from] ability: Trace|[of] p1b: Gengar\n|-ability|p2a: Incineroar|Intimidate|boost\n|-unboost|p1a: Incineroar|atk|1\n|-unboost|p1b: Gengar|atk|1\n|-ability|p1a: Incineroar|Intimidate|boost\n|-unboost|p2a: Incineroar|atk|1\n|-unboost|p2b: Gardevoir|atk|1\n|turn|1\n|inactive|henitusec has 30 seconds left.\n|inactive|henitusec has 20 seconds left.\n|\n|t:|1776072051\n|detailschange|p1b: Gengar|Gengar-Mega, L50, M, shiny\n|-mega|p1b: Gengar|Gengar|Gengarite\n|detailschange|p2b: Gardevoir|Gardevoir-Mega, L50, F, shiny\n|-mega|p2b: Gardevoir|Gardevoir|Gardevoirite\n|move|p1a: Incineroar|Fake Out|p2b: Gardevoir\n|-damage|p2b: Gardevoir|91/100\n|move|p1b: Gengar|Perish Song|p1b: Gengar\n|-start|p1a: Incineroar|perish3|[silent]\n|-start|p1b: Gengar|perish3|[silent]\n|-start|p2a: Incineroar|perish3|[silent]\n|-start|p2b: Gardevoir|perish3|[silent]\n|-fieldactivate|move: Perish Song\n|cant|p2b: Gardevoir|flinch\n|move|p2a: Incineroar|Flare Blitz|p1b: Gengar\n|-damage|p1b: Gengar|61/100\n|-damage|p2a: Incineroar|90/100|[from] Recoil\n|\n|-start|p1b: Gengar|perish3\n|-start|p2b: Gardevoir|perish3\n|-start|p2a: Incineroar|perish3\n|-start|p1a: Incineroar|perish3\n|upkeep\n|turn|2\n|\n|t:|1776072072\n|move|p2a: Incineroar|Helping Hand|p2b: Gardevoir\n|-singleturn|p2b: Gardevoir|Helping Hand|[of] p2a: Incineroar\n|move|p1b: Gengar|Protect|p1b: Gengar\n|-singleturn|p1b: Gengar|Protect\n|move|p1a: Incineroar|Protect|p1a: Incineroar\n|-singleturn|p1a: Incineroar|Protect\n|move|p2b: Gardevoir|Hyper Voice|p1a: Incineroar|[spread] \n|-activate|p1a: Incineroar|move: Protect\n|-activate|p1b: Gengar|move: Protect\n|\n|-start|p1b: Gengar|perish2\n|-start|p2b: Gardevoir|perish2\n|-start|p2a: Incineroar|perish2\n|-start|p1a: Incineroar|perish2\n|upkeep\n|turn|3\n|inactive|Daafjeweerwolfje has 30 seconds left.\n|\n|t:|1776072098\n|switch|p1b: Palafin|Palafin, L50, M, shiny|100/100\n|move|p2a: Incineroar|Helping Hand|p2b: Gardevoir\n|-singleturn|p2b: Gardevoir|Helping Hand|[of] p2a: Incineroar\n|move|p2b: Gardevoir|Hyper Voice|p1b: Palafin|[spread] p1a,p1b\n|-damage|p1a: Incineroar|42/100\n|-damage|p1b: Palafin|1/100\n|-enditem|p1a: Incineroar|Sitrus Berry|[eat]\n|-heal|p1a: Incineroar|67/100|[from] item: Sitrus Berry\n|move|p1a: Incineroar|Parting Shot|p2b: Gardevoir\n|-unboost|p2b: Gardevoir|atk|1\n|-unboost|p2b: Gardevoir|spa|1\n|\n|t:|1776072111\n|switch|p1a: Gengar|Gengar-Mega, L50, M, shiny|61/100|[from] Parting Shot\n|\n|-start|p2b: Gardevoir|perish1\n|-start|p2a: Incineroar|perish1\n|upkeep\n|turn|4\n|\n|t:|1776072132\n|move|p1a: Gengar|Protect|p1a: Gengar\n|-singleturn|p1a: Gengar|Protect\n|move|p1b: Palafin|Flip Turn|p2a: Incineroar\n|-supereffective|p2a: Incineroar|1\n|-damage|p2a: Incineroar|54/100\n|\n|t:|1776072139\n|detailschange|p1b: Palafin|Palafin-Hero, L50, M, shiny\n|switch|p1b: Incineroar|Incineroar, L50, M, shiny|67/100|[from] Flip Turn\n|-ability|p1b: Incineroar|Intimidate|boost\n|-unboost|p2a: Incineroar|atk|1\n|-unboost|p2b: Gardevoir|atk|1\n|move|p2b: Gardevoir|Hyper Voice|p1a: Gengar|[spread] p1b\n|-activate|p1a: Gengar|move: Protect\n|-damage|p1b: Incineroar|43/100\n|move|p2a: Incineroar|Flare Blitz|p1a: Gengar\n|-activate|p1a: Gengar|move: Protect\n|\n|-start|p2b: Gardevoir|perish0\n|-start|p2a: Incineroar|perish0\n|faint|p2b: Gardevoir\n|faint|p2a: Incineroar\n|upkeep\n|\n|t:|1776072143\n|switch|p2b: Aegislash|Aegislash, L50, F|100/100\n|switch|p2a: Tauros|Tauros-Paldea-Aqua, L50, M|100/100\n|-ability|p2a: Tauros|Intimidate|boost\n|-unboost|p1a: Gengar|atk|1\n|-unboost|p1b: Incineroar|atk|1\n|turn|5\n|inactive|Daafjeweerwolfje has 30 seconds left.\n|inactive|henitusec has 30 seconds left.\n|inactive|henitusec has 20 seconds left.\n|\n|t:|1776072182\n|move|p1b: Incineroar|Fake Out|p2a: Tauros\n|-damage|p2a: Tauros|94/100\n|move|p1a: Gengar|Shadow Ball|p2b: Aegislash\n|-supereffective|p2b: Aegislash|1\n|-damage|p2b: Aegislash|20/100\n|cant|p2a: Tauros|flinch\n|-formechange|p2b: Aegislash|Aegislash-Blade|\n|move|p2b: Aegislash|Poltergeist|p1a: Gengar\n|-activate|p1a: Gengar|move: Poltergeist|Gengarite\n|-supereffective|p1a: Gengar|1\n|-damage|p1a: Gengar|0 fnt\n|faint|p1a: Gengar\n|\n|upkeep\n|\n|t:|1776072197\n|switch|p1a: Palafin|Palafin-Hero, L50, M, shiny|1/100\n|-activate|p1a: Palafin|ability: Zero to Hero\n|turn|6\n|\n|t:|1776072204\n|-formechange|p2b: Aegislash|Aegislash|\n|move|p2b: Aegislash|King's Shield|p2b: Aegislash\n|-singleturn|p2b: Aegislash|Protect\n|move|p2a: Tauros|Aqua Jet|p1a: Palafin\n|-resisted|p1a: Palafin|1\n|-damage|p1a: Palafin|0 fnt\n|faint|p1a: Palafin\n|move|p1b: Incineroar|Parting Shot|p2a: Tauros\n|-unboost|p2a: Tauros|atk|1\n|-unboost|p2a: Tauros|spa|1\n|\n|t:|1776072215\n|switch|p1b: Kommo-o|Kommo-o, L50, M, shiny|100/100|[from] Parting Shot\n|\n|upkeep\n|\n|t:|1776072220\n|switch|p1a: Incineroar|Incineroar, L50, M, shiny|43/100\n|-ability|p1a: Incineroar|Intimidate|boost\n|-unboost|p2a: Tauros|atk|1\n|-unboost|p2b: Aegislash|atk|1\n|-enditem|p2b: Aegislash|White Herb\n|-clearnegativeboost|p2b: Aegislash|[silent]\n|turn|7\n|\n|t:|1776072244\n|move|p2a: Tauros|Protect|p2a: Tauros\n|-singleturn|p2a: Tauros|Protect\n|move|p1a: Incineroar|Fake Out|p2a: Tauros\n|-activate|p2a: Tauros|move: Protect\n|move|p1b: Kommo-o|Iron Defense|p1b: Kommo-o\n|-boost|p1b: Kommo-o|def|2\n|-formechange|p2b: Aegislash|Aegislash-Blade|\n|move|p2b: Aegislash|Sacred Sword|p1a: Incineroar\n|-supereffective|p1a: Incineroar|1\n|-damage|p1a: Incineroar|0 fnt\n|faint|p1a: Incineroar\n|\n|upkeep\n|turn|8\n|\n|t:|1776072261\n|-formechange|p2b: Aegislash|Aegislash|\n|move|p2b: Aegislash|King's Shield|p2b: Aegislash\n|-singleturn|p2b: Aegislash|Protect\n|move|p2a: Tauros|Close Combat|p1b: Kommo-o\n|-crit|p1b: Kommo-o\n|-damage|p1b: Kommo-o|36/100\n|-unboost|p2a: Tauros|def|1\n|-unboost|p2a: Tauros|spd|1\n|move|p1b: Kommo-o|Draco Meteor|p2b: Aegislash\n|-activate|p2b: Aegislash|move: Protect\n|\n|upkeep\n|turn|9\n|\n|t:|1776072278\n|move|p2a: Tauros|Close Combat|p1b: Kommo-o\n|-damage|p1b: Kommo-o|26/100\n|-unboost|p2a: Tauros|def|1\n|-unboost|p2a: Tauros|spd|1\n|move|p1b: Kommo-o|Body Press|p2a: Tauros\n|-damage|p2a: Tauros|0 fnt\n|faint|p2a: Tauros\n|-formechange|p2b: Aegislash|Aegislash-Blade|\n|move|p2b: Aegislash|Poltergeist|p1b: Kommo-o\n|-activate|p1b: Kommo-o|move: Poltergeist|Haban Berry\n|-damage|p1b: Kommo-o|6/100\n|\n|upkeep\n|turn|10\n|\n|t:|1776072294\n|-formechange|p2b: Aegislash|Aegislash|\n|move|p2b: Aegislash|King's Shield|p2b: Aegislash\n|-singleturn|p2b: Aegislash|Protect\n|move|p1b: Kommo-o|Draco Meteor|p2b: Aegislash\n|-activate|p2b: Aegislash|move: Protect\n|\n|upkeep\n|turn|11\n|\n|t:|1776072303\n|move|p1b: Kommo-o|Draco Meteor|p2b: Aegislash\n|-resisted|p2b: Aegislash|1\n|-damage|p2b: Aegislash|2/100\n|-unboost|p1b: Kommo-o|spa|2\n|-formechange|p2b: Aegislash|Aegislash-Blade|\n|move|p2b: Aegislash|Iron Head|p1b: Kommo-o\n|-damage|p1b: Kommo-o|0 fnt\n|faint|p1b: Kommo-o\n|\n|win|henitusec\n|raw|Daafjeweerwolfje's rating: 1131 &rarr; <strong>1100</strong><br />(-31 for losing)\n|raw|henitusec's rating: 1042 &rarr; <strong>1084</strong><br />(+42 for winning)\n",
  "uploadtime": 1776072310,
  "views": 8,
  "formatid": "gen9championsvgc2026regma",
  "rating": 1084,
  "private": 0,
  "password": null
}