{
  "id": "gen9championsvgc2026regma-2588020099",
  "format": "[Gen 9 Champions] VGC 2026 Reg M-A",
  "players": [
    "sampath113",
    "iccr"
  ],
  "log": "|j|\u2606sampath113\n|j|\u2606iccr\n|t:|1776593897\n|gametype|doubles\n|player|p1|sampath113|cyrus|1124\n|player|p2|iccr|170|1218\n|gen|9\n|tier|[Gen 9 Champions] VGC 2026 Reg M-A\n|rated|\n|rule|Species Clause: Limit one of each Pok\u00e9mon\n|rule|Item Clause: Limit 1 of each item\n|clearpoke\n|poke|p1|Meganium, L50, M|\n|poke|p1|Pelipper, L50, F|\n|poke|p1|Sneasler, L50, M|\n|poke|p1|Incineroar, L50, F|\n|poke|p1|Basculegion, L50, M|\n|poke|p1|Sinistcha-Masterpiece, L50|\n|poke|p2|Torkoal, L50, F|\n|poke|p2|Drampa, L50, M|\n|poke|p2|Mimikyu, L50, M|\n|poke|p2|Farigiraf, L50, F|\n|poke|p2|Kingambit, L50, M, shiny|\n|poke|p2|Sneasler, L50, M|\n|teampreview|4\n|inactive|Battle timer is ON: inactive players will automatically lose when time's up. (requested by sampath113)\n|inactive|iccr has 60 seconds left.\n|\n|t:|1776593930\n|teamsize|p1|4\n|teamsize|p2|4\n|start\n|switch|p1a: Meganium|Meganium, L50, M|100/100\n|switch|p1b: Sneasler|Sneasler, L50, M|100/100\n|switch|p2a: Farigiraf|Farigiraf, L50, F|100/100\n|switch|p2b: Kingambit|Kingambit, L50, M, shiny|100/100\n|turn|1\n|\n|t:|1776593949\n|move|p1b: Sneasler|Protect|p1b: Sneasler\n|-singleturn|p1b: Sneasler|Protect\n|move|p1a: Meganium|Protect|p1a: Meganium\n|-singleturn|p1a: Meganium|Protect\n|move|p2b: Kingambit|Protect|p2b: Kingambit\n|-singleturn|p2b: Kingambit|Protect\n|move|p2a: Farigiraf|Trick Room|p2a: Farigiraf\n|-fieldstart|move: Trick Room|[of] p2a: Farigiraf\n|\n|upkeep\n|turn|2\n|\n|t:|1776593973\n|switch|p1a: Pelipper|Pelipper, L50, F|100/100\n|-weather|RainDance|[from] ability: Drizzle|[of] p1a: Pelipper\n|move|p2b: Kingambit|Kowtow Cleave|p1a: Pelipper\n|-damage|p1a: Pelipper|48/100\n|move|p2a: Farigiraf|Twin Beam|p1b: Sneasler\n|-supereffective|p1b: Sneasler|2\n|-damage|p1b: Sneasler|0 fnt\n|faint|p1b: Sneasler\n|-hitcount|p1: Sneasler|1\n|\n|-weather|RainDance|[upkeep]\n|upkeep\n|\n|t:|1776593992\n|switch|p1b: Meganium|Meganium, L50, M|100/100\n|turn|3\n|\n|t:|1776594003\n|switch|p1a: Basculegion|Basculegion, L50, M|100/100\n|detailschange|p1b: Meganium|Meganium-Mega, L50, M\n|-mega|p1b: Meganium|Meganium|Meganiumite\n|move|p2b: Kingambit|Kowtow Cleave|p1a: Basculegion\n|-supereffective|p1a: Basculegion|1\n|-damage|p1a: Basculegion|0 fnt\n|faint|p1a: Basculegion\n|move|p2a: Farigiraf|Twin Beam|p1b: Meganium\n|-damage|p1b: Meganium|84/100\n|-damage|p1b: Meganium|66/100\n|-hitcount|p1b: Meganium|2\n|move|p1b: Meganium|Weather Ball|p2b: Kingambit\n|-supereffective|p2b: Kingambit|1\n|-damage|p2b: Kingambit|0 fnt\n|faint|p2b: Kingambit\n|\n|-weather|RainDance|[upkeep]\n|upkeep\n|\n|t:|1776594025\n|switch|p2b: Drampa|Drampa, L50, M|100/100\n|switch|p1a: Pelipper|Pelipper, L50, F|48/100\n|-ability|p2b: Drampa|Cloud Nine\n|turn|4\n|\n|t:|1776594043\n|detailschange|p2b: Drampa|Drampa-Mega, L50, M\n|-mega|p2b: Drampa|Drampa|Drampanite\n|move|p2a: Farigiraf|Helping Hand|p2b: Drampa\n|-singleturn|p2b: Drampa|Helping Hand|[of] p2a: Farigiraf\n|move|p1a: Pelipper|Protect|p1a: Pelipper\n|-singleturn|p1a: Pelipper|Protect\n|move|p2b: Drampa|Hyper Voice|p1a: Pelipper|[spread] p1b\n|-activate|p1a: Pelipper|move: Protect\n|-damage|p1b: Meganium|13/100\n|move|p1b: Meganium|Dazzling Gleam|p2b: Drampa|[spread] p2a,p2b\n|-supereffective|p2b: Drampa|1\n|-damage|p2a: Farigiraf|62/100\n|-damage|p2b: Drampa|36/100\n|-ability|p2b: Drampa|Berserk|boost\n|-boost|p2b: Drampa|spa|1\n|\n|-weather|RainDance|[upkeep]\n|upkeep\n|turn|5\n|\n|t:|1776594062\n|move|p2a: Farigiraf|Helping Hand|p2b: Drampa\n|-singleturn|p2b: Drampa|Helping Hand|[of] p2a: Farigiraf\n|move|p1b: Meganium|Protect|p1b: Meganium\n|-singleturn|p1b: Meganium|Protect\n|move|p1a: Pelipper|Wide Guard|p1a: Pelipper\n|-singleturn|p1a: Pelipper|Wide Guard\n|move|p2b: Drampa|Hyper Voice|p1a: Pelipper|[spread] \n|-activate|p1a: Pelipper|move: Wide Guard\n|-activate|p1b: Meganium|move: Wide Guard\n|\n|-weather|RainDance|[upkeep]\n|-fieldend|move: Trick Room\n|upkeep\n|turn|6\n|\n|t:|1776594075\n|move|p2b: Drampa|Protect|p2b: Drampa\n|-singleturn|p2b: Drampa|Protect\n|move|p1a: Pelipper|Wide Guard|p1a: Pelipper\n|-singleturn|p1a: Pelipper|Wide Guard\n|move|p1b: Meganium|Dazzling Gleam|p2a: Farigiraf|[spread] p2a\n|-activate|p2b: Drampa|move: Protect\n|-damage|p2a: Farigiraf|27/100\n|-enditem|p2a: Farigiraf|Sitrus Berry|[eat]\n|-heal|p2a: Farigiraf|52/100|[from] item: Sitrus Berry\n|move|p2a: Farigiraf|Trick Room|p2a: Farigiraf\n|-fieldstart|move: Trick Room|[of] p2a: Farigiraf\n|\n|-weather|none\n|upkeep\n|turn|7\n|\n|t:|1776594092\n|move|p1a: Pelipper|Wide Guard|p1a: Pelipper\n|-singleturn|p1a: Pelipper|Wide Guard\n|move|p2b: Drampa|Shadow Ball|p1a: Pelipper\n|-damage|p1a: Pelipper|0 fnt\n|faint|p1a: Pelipper\n|move|p2a: Farigiraf|Twin Beam|p1b: Meganium\n|-damage|p1b: Meganium|0 fnt\n|faint|p1b: Meganium\n|-hitcount|p1: Meganium|1\n|\n|win|iccr\n|raw|sampath113's rating: 1124 &rarr; <strong>1106</strong><br />(-18 for losing)\n|raw|iccr's rating: 1218 &rarr; <strong>1236</strong><br />(+18 for winning)\n|l|\u2606sampath113\n|player|p1|\n",
  "uploadtime": 1776594104,
  "views": 11,
  "formatid": "gen9championsvgc2026regma",
  "rating": 1106,
  "private": 0,
  "password": null
}