{
  "id": "gen9championsvgc2026regma-2585405807",
  "format": "[Gen 9 Champions] VGC 2026 Reg M-A",
  "players": [
    "Disfrazdetigre",
    "tulsyggeasihteb"
  ],
  "log": "|j|\u2606Disfrazdetigre\n|j|\u2606tulsyggeasihteb\n|t:|1776344972\n|gametype|doubles\n|player|p1|Disfrazdetigre|2|1400\n|player|p2|tulsyggeasihteb|265|1366\n|gen|9\n|tier|[Gen 9 Champions] VGC 2026 Reg M-A\n|rated|\n|rule|Species Clause: Limit one of each Pok\u00e9mon\n|rule|Item Clause: Limit 1 of each item\n|clearpoke\n|poke|p1|Orthworm, L50, M|\n|poke|p1|Arcanine-Hisui, L50, F|\n|poke|p1|Medicham, L50, F|\n|poke|p1|Alakazam, L50, M|\n|poke|p1|Blastoise, L50, F|\n|poke|p1|Kingambit, L50, M|\n|poke|p2|Goodra-Hisui, L50, M|\n|poke|p2|Aromatisse, L50, M|\n|poke|p2|Incineroar, L50, F|\n|poke|p2|Scovillain, L50, M|\n|poke|p2|Sneasler, L50, F|\n|poke|p2|Glimmora, L50, M|\n|teampreview|4\n|\n|t:|1776345026\n|teamsize|p1|4\n|teamsize|p2|4\n|start\n|switch|p1a: Orthworm|Orthworm, L50, M|100/100\n|switch|p1b: Medicham|Medicham, L50, F|100/100\n|switch|p2a: Scovillain|Scovillain, L50, M|100/100\n|switch|p2b: Aromatisse|Aromatisse, L50, M, shiny|100/100\n|turn|1\n|inactive|Battle timer is ON: inactive players will automatically lose when time's up. (requested by Disfrazdetigre)\n|\n|t:|1776345053\n|detailschange|p1b: Medicham|Medicham-Mega, L50, F\n|-mega|p1b: Medicham|Medicham|Medichamite\n|move|p2a: Scovillain|Protect|p2a: Scovillain\n|-singleturn|p2a: Scovillain|Protect\n|move|p2b: Aromatisse|Protect|p2b: Aromatisse\n|-singleturn|p2b: Aromatisse|Protect\n|move|p1b: Medicham|Fake Out|p2b: Aromatisse\n|-activate|p2b: Aromatisse|move: Protect\n|move|p1a: Orthworm|Shed Tail|p1a: Orthworm\n|-start|p1a: Orthworm|Substitute|[from] move: Shed Tail\n|-damage|p1a: Orthworm|50/100\n|-enditem|p1a: Orthworm|Sitrus Berry|[eat]\n|-heal|p1a: Orthworm|75/100|[from] item: Sitrus Berry\n|\n|t:|1776345078\n|switch|p1a: Blastoise|Blastoise, L50, F|100/100|[from] Shed Tail\n|\n|upkeep\n|turn|2\n|c|\u2606Disfrazdetigre|No moody\n|\n|t:|1776345097\n|detailschange|p2a: Scovillain|Scovillain-Mega, L50, M\n|-mega|p2a: Scovillain|Scovillain|Scovillainite\n|move|p2a: Scovillain|Rage Powder|p2a: Scovillain\n|-singleturn|p2a: Scovillain|move: Rage Powder\n|move|p1b: Medicham|Close Combat|p2a: Scovillain\n|-damage|p2a: Scovillain|7/100\n|-unboost|p1b: Medicham|def|1\n|-unboost|p1b: Medicham|spd|1\n|-status|p1b: Medicham|brn|[from] ability: Spicy Spray|[of] p2a: Scovillain\n|move|p1a: Blastoise|Shell Smash|p1a: Blastoise\n|-unboost|p1a: Blastoise|def|1\n|-unboost|p1a: Blastoise|spd|1\n|-boost|p1a: Blastoise|atk|2\n|-boost|p1a: Blastoise|spa|2\n|-boost|p1a: Blastoise|spe|2\n|-enditem|p1a: Blastoise|White Herb\n|-clearnegativeboost|p1a: Blastoise|[silent]\n|move|p2b: Aromatisse|Trick Room|p2b: Aromatisse\n|-fieldstart|move: Trick Room|[of] p2b: Aromatisse\n|\n|-damage|p1b: Medicham|95/100 brn|[from] brn\n|upkeep\n|turn|3\n|c|\u2606tulsyggeasihteb|fks me uo more than useful\n|\n|t:|1776345121\n|move|p2b: Aromatisse|Moonblast|p1a: Blastoise\n|-end|p1a: Blastoise|Substitute\n|move|p2a: Scovillain|Leaf Storm|p1a: Blastoise|[miss]\n|-miss|p2a: Scovillain|p1a: Blastoise\n|move|p1a: Blastoise|Muddy Water|p2b: Aromatisse|[spread] p2a,p2b\n|-damage|p2a: Scovillain|0 fnt\n|-damage|p2b: Aromatisse|51/100\n|-status|p1a: Blastoise|brn|[from] ability: Spicy Spray|[of] p2a: Scovillain\n|faint|p2a: Scovillain\n|move|p1b: Medicham|Trick Room|p1b: Medicham\n|-fieldend|move: Trick Room\n|\n|-damage|p1a: Blastoise|94/100 brn|[from] brn\n|-damage|p1b: Medicham|89/100 brn|[from] brn\n|upkeep\n|c|\u2606tulsyggeasihteb|well gg\n|c|\u2606Disfrazdetigre|Wow\n|\n|t:|1776345143\n|switch|p2a: Incineroar|Incineroar, L50, F, shiny|100/100\n|-ability|p2a: Incineroar|Intimidate|boost\n|-unboost|p1a: Blastoise|atk|1\n|-unboost|p1b: Medicham|atk|1\n|turn|4\n|\n|t:|1776345162\n|switch|p1b: Arcanine|Arcanine-Hisui, L50, F|100/100\n|-ability|p1b: Arcanine|Intimidate|boost\n|-unboost|p2a: Incineroar|atk|1\n|-unboost|p2b: Aromatisse|atk|1\n|move|p1a: Blastoise|Protect|p1a: Blastoise\n|-singleturn|p1a: Blastoise|Protect\n|move|p2a: Incineroar|Fake Out|p1b: Arcanine\n|-resisted|p1b: Arcanine|1\n|-damage|p1b: Arcanine|96/100\n|move|p2b: Aromatisse|Trick Room|p2b: Aromatisse\n|-fieldstart|move: Trick Room|[of] p2b: Aromatisse\n|\n|-damage|p1a: Blastoise|88/100 brn|[from] brn\n|upkeep\n|turn|5\n|\n|t:|1776345178\n|switch|p2a: Goodra|Goodra-Hisui, L50, M|100/100\n|move|p2b: Aromatisse|Aromatic Mist|p2a: Goodra\n|-boost|p2a: Goodra|spd|1\n|move|p1b: Arcanine|Rock Slide|p2b: Aromatisse|[spread] p2a,p2b\n|-resisted|p2a: Goodra|1\n|-damage|p2a: Goodra|90/100\n|-damage|p2b: Aromatisse|24/100\n|-enditem|p2b: Aromatisse|Sitrus Berry|[eat]\n|-heal|p2b: Aromatisse|49/100|[from] item: Sitrus Berry\n|move|p1a: Blastoise|Muddy Water|p2b: Aromatisse|[spread] p2a,p2b\n|-resisted|p2a: Goodra|1\n|-damage|p2a: Goodra|79/100\n|-damage|p2b: Aromatisse|4/100\n|-unboost|p2b: Aromatisse|accuracy|1\n|\n|-damage|p1a: Blastoise|82/100 brn|[from] brn\n|upkeep\n|turn|6\n|\n|t:|1776345201\n|move|p2b: Aromatisse|Aromatic Mist|p2a: Goodra\n|-boost|p2a: Goodra|spd|1\n|move|p2a: Goodra|Shelter|p2a: Goodra\n|-boost|p2a: Goodra|def|2\n|move|p1b: Arcanine|Rock Slide|p2a: Goodra|[spread] p2a,p2b\n|-resisted|p2a: Goodra|1\n|-damage|p2a: Goodra|73/100\n|-damage|p2b: Aromatisse|0 fnt\n|faint|p2b: Aromatisse\n|move|p1a: Blastoise|Muddy Water|p2a: Goodra\n|-resisted|p2a: Goodra|1\n|-damage|p2a: Goodra|62/100\n|-unboost|p2a: Goodra|accuracy|1\n|\n|-damage|p1a: Blastoise|75/100 brn|[from] brn\n|upkeep\n|\n|t:|1776345214\n|switch|p2b: Incineroar|Incineroar, L50, F, shiny|100/100\n|-ability|p2b: Incineroar|Intimidate|boost\n|-unboost|p1a: Blastoise|atk|1\n|-unboost|p1b: Arcanine|atk|1\n|turn|7\n|\n|t:|1776345223\n|switch|p1b: Medicham|Medicham-Mega, L50, F|89/100 brn\n|move|p2b: Incineroar|Fake Out|p1b: Medicham\n|-damage|p1b: Medicham|76/100 brn\n|move|p2a: Goodra|Shelter|p2a: Goodra\n|-boost|p2a: Goodra|def|2\n|move|p1a: Blastoise|Muddy Water|p2a: Goodra|[spread] p2a,p2b\n|-resisted|p2a: Goodra|1\n|-supereffective|p2b: Incineroar|1\n|-damage|p2a: Goodra|52/100\n|-damage|p2b: Incineroar|20/100\n|\n|-damage|p1b: Medicham|70/100 brn|[from] brn\n|-damage|p1a: Blastoise|69/100 brn|[from] brn\n|upkeep\n|turn|8\n|\n|t:|1776345244\n|move|p1a: Blastoise|Protect|p1a: Blastoise\n|-singleturn|p1a: Blastoise|Protect\n|move|p1b: Medicham|Fake Out|p2a: Goodra\n|-resisted|p2a: Goodra|1\n|-damage|p2a: Goodra|51/100\n|cant|p2a: Goodra|flinch\n|move|p2b: Incineroar|Flare Blitz|p1b: Medicham\n|-damage|p1b: Medicham|9/100 brn\n|-damage|p2b: Incineroar|4/100|[from] Recoil\n|\n|-damage|p1b: Medicham|4/100 brn|[from] brn\n|-damage|p1a: Blastoise|63/100 brn|[from] brn\n|-fieldend|move: Trick Room\n|upkeep\n|turn|9\n|inactive|Disfrazdetigre has 30 seconds left.\n|\n|t:|1776345271\n|move|p1a: Blastoise|Muddy Water|p2a: Goodra|[spread] p2a,p2b\n|-resisted|p2a: Goodra|1\n|-supereffective|p2b: Incineroar|1\n|-damage|p2a: Goodra|42/100\n|-damage|p2b: Incineroar|0 fnt\n|faint|p2b: Incineroar\n|move|p1b: Medicham|Close Combat|p2a: Goodra\n|-supereffective|p2a: Goodra|1\n|-damage|p2a: Goodra|11/100\n|-unboost|p1b: Medicham|def|1\n|-unboost|p1b: Medicham|spd|1\n|move|p2a: Goodra|Rest|p2a: Goodra\n|-status|p2a: Goodra|slp|[from] move: Rest\n|-heal|p2a: Goodra|100/100 slp|[silent]\n|-enditem|p2a: Goodra|Chesto Berry|[eat]\n|-curestatus|p2a: Goodra|slp|[msg]\n|\n|-damage|p1a: Blastoise|57/100 brn|[from] brn\n|-damage|p1b: Medicham|0 fnt|[from] brn\n|faint|p1b: Medicham\n|upkeep\n|\n|t:|1776345289\n|switch|p1b: Arcanine|Arcanine-Hisui, L50, F|96/100\n|-ability|p1b: Arcanine|Intimidate|boost\n|-unboost|p2a: Goodra|atk|1\n|turn|10\n|c|\u2606tulsyggeasihteb|what a beast\n|\n|t:|1776345301\n|move|p1a: Blastoise|Muddy Water|p2a: Goodra\n|-resisted|p2a: Goodra|1\n|-damage|p2a: Goodra|89/100\n|-unboost|p2a: Goodra|accuracy|1\n|move|p1b: Arcanine|Rock Slide|p2a: Goodra\n|-resisted|p2a: Goodra|1\n|-damage|p2a: Goodra|84/100\n|move|p2a: Goodra|Body Press|p1b: Arcanine\n|-supereffective|p1b: Arcanine|1\n|-damage|p1b: Arcanine|0 fnt\n|faint|p1b: Arcanine\n|\n|-damage|p1a: Blastoise|50/100 brn|[from] brn\n|upkeep\n|\n|t:|1776345314\n|switch|p1b: Orthworm|Orthworm, L50, M|75/100\n|turn|11\n|c|\u2606Disfrazdetigre|It\u2019s a beast\n|c|\u2606Disfrazdetigre|my goodness\n|inactive|Disfrazdetigre has 30 seconds left.\n|\n|t:|1776345340\n|move|p1a: Blastoise|Muddy Water|p2a: Goodra\n|-resisted|p2a: Goodra|1\n|-damage|p2a: Goodra|71/100\n|-unboost|p2a: Goodra|accuracy|1\n|move|p1b: Orthworm|Iron Defense|p1b: Orthworm\n|-boost|p1b: Orthworm|def|2\n|move|p2a: Goodra|Body Press|p1b: Orthworm\n|-supereffective|p1b: Orthworm|1\n|-damage|p1b: Orthworm|24/100\n|\n|-damage|p1a: Blastoise|44/100 brn|[from] brn\n|upkeep\n|turn|12\n|c|\u2606tulsyggeasihteb|my greatest creation\n|\n|t:|1776345357\n|move|p1a: Blastoise|Shell Smash|p1a: Blastoise\n|-unboost|p1a: Blastoise|def|1\n|-unboost|p1a: Blastoise|spd|1\n|-boost|p1a: Blastoise|atk|2\n|-boost|p1a: Blastoise|spa|2\n|-boost|p1a: Blastoise|spe|2\n|move|p1b: Orthworm|Body Press|p2a: Goodra\n|-supereffective|p2a: Goodra|1\n|-damage|p2a: Goodra|46/100\n|move|p2a: Goodra|Body Press|p1b: Orthworm|[miss]\n|-miss|p2a: Goodra|p1b: Orthworm\n|\n|-damage|p1a: Blastoise|38/100 brn|[from] brn\n|upkeep\n|turn|13\n|c|\u2606Disfrazdetigre|Phew\n|c|\u2606tulsyggeasihteb|3 drops is crazy\n|inactive|tulsyggeasihteb has 30 seconds left.\n|c|\u2606Disfrazdetigre|Ye\n|c|\u2606tulsyggeasihteb|should be dead also\n|c|\u2606Disfrazdetigre|I expected flinch too from rock slide\n|inactive|tulsyggeasihteb has 20 seconds left.\n|inactive|tulsyggeasihteb has 15 seconds left.\n|c|\u2606Disfrazdetigre|Blastoise the luckiest\n|\n|t:|1776345400\n|move|p1a: Blastoise|Ice Beam|p2a: Goodra\n|-damage|p2a: Goodra|24/100\n|move|p1b: Orthworm|Body Press|p2a: Goodra\n|-supereffective|p2a: Goodra|1\n|-damage|p2a: Goodra|0 fnt\n|faint|p2a: Goodra\n|\n|win|Disfrazdetigre\n|raw|Disfrazdetigre's rating: 1400 &rarr; <strong>1418</strong><br />(+18 for winning)\n|raw|tulsyggeasihteb's rating: 1366 &rarr; <strong>1348</strong><br />(-18 for losing)\n|c|\u2606Disfrazdetigre|Gg\n|l|\u2606tulsyggeasihteb\n|player|p2|\n|c|\u2606Disfrazdetigre|Nice ream\n",
  "uploadtime": 1776345418,
  "views": 41,
  "formatid": "gen9championsvgc2026regma",
  "rating": 1348,
  "private": 0,
  "password": null
}