{
  "id": "gen9championsvgc2026regma-2586638536",
  "format": "[Gen 9 Champions] VGC 2026 Reg M-A",
  "players": [
    "sciwilliam",
    "dagen09"
  ],
  "log": "|j|\u2606sciwilliam\n|j|\u2606dagen09\n|t:|1776448624\n|gametype|doubles\n|player|p1|sciwilliam|hilbert|1067\n|player|p2|dagen09|colress|1027\n|gen|9\n|tier|[Gen 9 Champions] VGC 2026 Reg M-A\n|rated|\n|rule|Species Clause: Limit one of each Pok\u00e9mon\n|rule|Item Clause: Limit 1 of each item\n|clearpoke\n|poke|p1|Gengar, L50, M|\n|poke|p1|Talonflame, L50, M|\n|poke|p1|Sinistcha, L50|\n|poke|p1|Quaquaval, L50, M|\n|poke|p1|Goodra-Hisui, L50, M|\n|poke|p1|Gyarados, L50, M|\n|poke|p2|Camerupt, L50, F|\n|poke|p2|Delphox, L50, M|\n|poke|p2|Charizard, L50, F|\n|poke|p2|Absol, L50, F|\n|poke|p2|Clefable, L50, M|\n|poke|p2|Whimsicott, L50, M|\n|teampreview|4\n|inactive|Battle timer is ON: inactive players will automatically lose when time's up. (requested by sciwilliam)\n|\n|t:|1776448649\n|teamsize|p1|4\n|teamsize|p2|4\n|start\n|switch|p1a: Gengar|Gengar, L50, M|100/100\n|switch|p1b: Talonflame|Talonflame, L50, M|100/100\n|switch|p2a: Whimsicott|Whimsicott, L50, M|100/100\n|switch|p2b: Absol|Absol, L50, F|100/100\n|turn|1\n|inactive|sciwilliam has 30 seconds left.\n|inactive|sciwilliam has 20 seconds left.\n|\n|t:|1776448686\n|detailschange|p1a: Gengar|Gengar-Mega, L50, M\n|-mega|p1a: Gengar|Gengar|Gengarite\n|move|p1a: Gengar|Protect|p1a: Gengar\n|-singleturn|p1a: Gengar|Protect\n|move|p1b: Talonflame|Tailwind|p1b: Talonflame\n|-sidestart|p1: sciwilliam|move: Tailwind\n|move|p2b: Absol|Focus Energy|p2b: Absol\n|-start|p2b: Absol|move: Focus Energy\n|move|p2a: Whimsicott|Trick Room|p2a: Whimsicott\n|-fieldstart|move: Trick Room|[of] p2a: Whimsicott\n|\n|upkeep\n|turn|2\n|inactive|sciwilliam has 30 seconds left.\n|\n|t:|1776448713\n|switch|p1b: Quaquaval|Quaquaval, L50, M|100/100\n|move|p2a: Whimsicott|U-turn|p1b: Quaquaval\n|-resisted|p1b: Quaquaval|1\n|-damage|p1b: Quaquaval|93/100\n|\n|t:|1776448719\n|switch|p2a: Camerupt|Camerupt, L50, F|100/100|[from] U-turn\n|move|p2b: Absol|Round|p2a: Camerupt\n|-crit|p2a: Camerupt\n|-damage|p2a: Camerupt|81/100\n|-setboost|p2a: Camerupt|atk|6|[from] ability: Anger Point\n|move|p1a: Gengar|Sludge Bomb|p2a: Camerupt\n|-resisted|p2a: Camerupt|1\n|-damage|p2a: Camerupt|42/100\n|\n|upkeep\n|turn|3\n|inactive|sciwilliam has 30 seconds left.\n|\n|t:|1776448745\n|detailschange|p2a: Camerupt|Camerupt-Mega, L50, F\n|-mega|p2a: Camerupt|Camerupt|Cameruptite\n|move|p1a: Gengar|Protect|p1a: Gengar\n|-singleturn|p1a: Gengar|Protect\n|move|p2a: Camerupt|Earthquake|p1a: Gengar|[spread] p2b,p1b\n|-activate|p1a: Gengar|move: Protect\n|-damage|p2b: Absol|0 fnt\n|-damage|p1b: Quaquaval|0 fnt\n|faint|p2b: Absol\n|faint|p1b: Quaquaval\n|\n|upkeep\n|\n|t:|1776448759\n|switch|p2b: Clefable|Clefable, L50, M|100/100\n|switch|p1b: Talonflame|Talonflame, L50, M|100/100\n|turn|4\n|\n|t:|1776448774\n|switch|p1a: Goodra|Goodra-Hisui, L50, M|100/100\n|move|p2b: Clefable|Follow Me|p2b: Clefable\n|-singleturn|p2b: Clefable|move: Follow Me\n|move|p1b: Talonflame|Dual Wingbeat|p2b: Clefable\n|-damage|p2b: Clefable|89/100\n|-damage|p2b: Clefable|77/100\n|-hitcount|p2b: Clefable|2\n|move|p2a: Camerupt|Earthquake|p1b: Talonflame|[spread] p2b,p1a\n|-immune|p1b: Talonflame\n|-crit|p2b: Clefable\n|-supereffective|p1a: Goodra|1\n|-damage|p2b: Clefable|0 fnt\n|-damage|p1a: Goodra|0 fnt\n|faint|p2b: Clefable\n|faint|p1a: Goodra\n|\n|-sideend|p1: sciwilliam|move: Tailwind\n|upkeep\n|\n|t:|1776448788\n|switch|p1a: Gengar|Gengar-Mega, L50, M|100/100\n|switch|p2b: Whimsicott|Whimsicott, L50, M|100/100\n|turn|5\n|\n|t:|1776448805\n|move|p1a: Gengar|Protect|p1a: Gengar\n|-singleturn|p1a: Gengar|Protect\n|move|p2b: Whimsicott|Light Screen|p2b: Whimsicott\n|-sidestart|p2: dagen09|move: Light Screen\n|move|p2a: Camerupt|Flame Charge|p1b: Talonflame\n|-resisted|p1b: Talonflame|1\n|-enditem|p1b: Talonflame|Focus Sash\n|-damage|p1b: Talonflame|1/100\n|move|p1b: Talonflame|Flare Blitz|p2b: Whimsicott\n|-supereffective|p2b: Whimsicott|1\n|-damage|p2b: Whimsicott|13/100\n|-damage|p1b: Talonflame|0 fnt|[from] Recoil\n|faint|p1b: Talonflame\n|\n|-fieldend|move: Trick Room\n|upkeep\n|turn|6\n|\n|t:|1776448825\n|move|p2b: Whimsicott|Encore|p1a: Gengar\n|-start|p1a: Gengar|Encore\n|move|p1a: Gengar|Protect||[still]\n|-fail|p1a: Gengar\n|move|p2a: Camerupt|Earthquake|p1a: Gengar|[spread] p2b,p1a\n|-resisted|p2b: Whimsicott|1\n|-supereffective|p1a: Gengar|1\n|-damage|p2b: Whimsicott|0 fnt\n|-damage|p1a: Gengar|0 fnt\n|faint|p2b: Whimsicott\n|faint|p1a: Gengar\n|\n|win|dagen09\n|raw|sciwilliam's rating: 1067 &rarr; <strong>1045</strong><br />(-22 for losing)\n|raw|dagen09's rating: 1027 &rarr; <strong>1067</strong><br />(+40 for winning)\n",
  "uploadtime": 1776448843,
  "views": 34,
  "formatid": "gen9championsvgc2026regma",
  "rating": 1045,
  "private": 0,
  "password": null
}