{
  "id": "gen9championsvgc2026regma-2584429197",
  "format": "[Gen 9 Champions] VGC 2026 Reg M-A",
  "players": [
    "Ninja_Tim21",
    "rajyesh1"
  ],
  "log": "|j|\u2606Ninja_Tim21\n|j|\u2606rajyesh1\n|t:|1776260248\n|gametype|doubles\n|player|p1|Ninja_Tim21|shadowtriad|1160\n|player|p2|rajyesh1|unknown|1152\n|gen|9\n|tier|[Gen 9 Champions] VGC 2026 Reg M-A\n|rated|\n|rule|Species Clause: Limit one of each Pok\u00e9mon\n|rule|Item Clause: Limit 1 of each item\n|clearpoke\n|poke|p1|Sneasler, L50, M|\n|poke|p1|Starmie, L50|\n|poke|p1|Sableye, L50, M|\n|poke|p1|Talonflame, L50, F|\n|poke|p1|Basculegion, L50, M|\n|poke|p1|Ninetales-Alola, L50, F|\n|poke|p2|Charizard, L50, M|\n|poke|p2|Venusaur, L50, M|\n|poke|p2|Garchomp, L50, F|\n|poke|p2|Rotom-Wash, L50|\n|poke|p2|Sneasler, L50, M|\n|poke|p2|Incineroar, L50, M|\n|teampreview|4\n|inactive|Battle timer is ON: inactive players will automatically lose when time's up. (requested by rajyesh1)\n|inactive|Ninja_Tim21 has 60 seconds left.\n|inactive|rajyesh1 has 60 seconds left.\n|\n|t:|1776260307\n|teamsize|p1|4\n|teamsize|p2|4\n|start\n|switch|p1a: Sneasler|Sneasler, L50, M, shiny|100/100\n|switch|p1b: Starmie|Starmie, L50|100/100\n|switch|p2a: Charizard|Charizard, L50, M|100/100\n|switch|p2b: Sneasler|Sneasler, L50, M|100/100\n|turn|1\n|inactive|rajyesh1 has 30 seconds left.\n|inactive|rajyesh1 has 20 seconds left.\n|inactive|rajyesh1 has 15 seconds left.\n|\n|t:|1776260351\n|detailschange|p1b: Starmie|Starmie-Mega, L50\n|-mega|p1b: Starmie|Starmie|Starminite\n|detailschange|p2a: Charizard|Charizard-Mega-Y, L50, M\n|-mega|p2a: Charizard|Charizard|Charizardite Y\n|-weather|SunnyDay|[from] ability: Drought|[of] p2a: Charizard\n|move|p2a: Charizard|Protect|p2a: Charizard\n|-singleturn|p2a: Charizard|Protect\n|move|p2b: Sneasler|Fake Out|p1b: Starmie\n|-damage|p1b: Starmie|83/100\n|move|p1a: Sneasler|Fake Out|p2a: Charizard\n|-activate|p2a: Charizard|move: Protect\n|cant|p1b: Starmie|flinch\n|\n|-weather|SunnyDay|[upkeep]\n|upkeep\n|turn|2\n|\n|t:|1776260374\n|switch|p1b: Ninetales|Ninetales-Alola, L50, F|100/100\n|-weather|Snowscape|[from] ability: Snow Warning|[of] p1b: Ninetales\n|move|p2b: Sneasler|Rock Tomb|p1b: Ninetales\n|-supereffective|p1b: Ninetales|1\n|-damage|p1b: Ninetales|59/100\n|-unboost|p1b: Ninetales|spe|1\n|move|p1a: Sneasler|Dire Claw|p2a: Charizard\n|-damage|p2a: Charizard|38/100\n|move|p2a: Charizard|Solar Beam||[still]\n|-prepare|p2a: Charizard|Solar Beam\n|\n|-weather|Snowscape|[upkeep]\n|upkeep\n|turn|3\n|inactive|rajyesh1 has 30 seconds left.\n|inactive|rajyesh1 has 20 seconds left.\n|inactive|rajyesh1 has 15 seconds left.\n|\n|t:|1776260414\n|move|p1a: Sneasler|Close Combat|p2b: Sneasler\n|-resisted|p2b: Sneasler|1\n|-damage|p2b: Sneasler|47/100\n|-unboost|p1a: Sneasler|def|1\n|-unboost|p1a: Sneasler|spd|1\n|move|p2b: Sneasler|Close Combat|p1b: Ninetales\n|-damage|p1b: Ninetales|0 fnt\n|-unboost|p2b: Sneasler|def|1\n|-unboost|p2b: Sneasler|spd|1\n|faint|p1b: Ninetales\n|-enditem|p2b: Sneasler|White Herb\n|-clearnegativeboost|p2b: Sneasler|[silent]\n|move|p2a: Charizard|Solar Beam|p1a: Sneasler|[from] lockedmove\n|-resisted|p1a: Sneasler|1\n|-damage|p1a: Sneasler|78/100\n|\n|-weather|Snowscape|[upkeep]\n|upkeep\n|\n|t:|1776260426\n|switch|p1b: Basculegion|Basculegion, L50, M|100/100\n|turn|4\n|inactive|rajyesh1 has 30 seconds left.\n|inactive|rajyesh1 has 20 seconds left.\n|inactive|rajyesh1 has 15 seconds left.\n|\n|t:|1776260471\n|switch|p2a: Rotom|Rotom-Wash, L50|100/100\n|move|p2b: Sneasler|Close Combat|p1a: Sneasler\n|-resisted|p1a: Sneasler|1\n|-damage|p1a: Sneasler|0 fnt\n|-unboost|p2b: Sneasler|def|1\n|-unboost|p2b: Sneasler|spd|1\n|faint|p1a: Sneasler\n|move|p1b: Basculegion|Last Respects|p2b: Sneasler\n|-damage|p2b: Sneasler|0 fnt\n|faint|p2b: Sneasler\n|\n|-weather|Snowscape|[upkeep]\n|upkeep\n|\n|t:|1776260489\n|switch|p2b: Charizard|Charizard-Mega-Y, L50, M|38/100\n|switch|p1a: Starmie|Starmie-Mega, L50|83/100\n|-weather|SunnyDay|[from] ability: Drought|[of] p2b: Charizard\n|turn|5\n|inactive|rajyesh1 has 30 seconds left.\n|\n|t:|1776260519\n|move|p1a: Starmie|Protect|p1a: Starmie\n|-singleturn|p1a: Starmie|Protect\n|move|p2b: Charizard|Protect|p2b: Charizard\n|-singleturn|p2b: Charizard|Protect\n|move|p1b: Basculegion|Last Respects|p2b: Charizard\n|-activate|p2b: Charizard|move: Protect\n|move|p2a: Rotom|Thunderbolt|p1a: Starmie\n|-activate|p1a: Starmie|move: Protect\n|\n|-weather|SunnyDay|[upkeep]\n|upkeep\n|turn|6\n|\n|t:|1776260540\n|switch|p2b: Garchomp|Garchomp, L50, F|100/100\n|move|p1b: Basculegion|Last Respects|p2a: Rotom\n|-damage|p2a: Rotom|13/100\n|move|p1a: Starmie|Liquidation|p2b: Garchomp\n|-damage|p2b: Garchomp|61/100\n|-damage|p1a: Starmie|71/100|[from] ability: Rough Skin|[of] p2b: Garchomp\n|move|p2a: Rotom|Thunderbolt|p1a: Starmie\n|-supereffective|p1a: Starmie|1\n|-damage|p1a: Starmie|0 fnt\n|faint|p1a: Starmie\n|\n|-weather|SunnyDay|[upkeep]\n|-heal|p2a: Rotom|18/100|[from] item: Leftovers\n|upkeep\n|turn|7\n|\n|t:|1776260562\n|move|p2b: Garchomp|Earthquake|p1b: Basculegion|[spread] p1b\n|-immune|p2a: Rotom|[from] ability: Levitate\n|-damage|p1b: Basculegion|38/100\n|move|p1b: Basculegion|Last Respects|p2a: Rotom\n|-damage|p2a: Rotom|0 fnt\n|faint|p2a: Rotom\n|\n|-weather|SunnyDay|[upkeep]\n|upkeep\n|\n|t:|1776260571\n|switch|p2a: Charizard|Charizard-Mega-Y, L50, M|38/100\n|turn|8\n|\n|t:|1776260577\n|move|p2b: Garchomp|Earthquake|p1b: Basculegion|[spread] p1b\n|-immune|p2a: Charizard\n|-crit|p1b: Basculegion\n|-damage|p1b: Basculegion|0 fnt\n|faint|p1b: Basculegion\n|\n|win|rajyesh1\n|raw|Ninja_Tim21's rating: 1160 &rarr; <strong>1134</strong><br />(-26 for losing)\n|raw|rajyesh1's rating: 1152 &rarr; <strong>1178</strong><br />(+26 for winning)\n|l|\u2606Ninja_Tim21\n|player|p1|\n",
  "uploadtime": 1776260586,
  "views": 19,
  "formatid": "gen9championsvgc2026regma",
  "rating": 1134,
  "private": 0,
  "password": null
}