{
  "id": "gen9championsvgc2026regma-2588780140",
  "format": "[Gen 9 Champions] VGC 2026 Reg M-A",
  "players": [
    "InferenciaII",
    "kryptosfang"
  ],
  "log": "|j|\u2606InferenciaII\n|j|\u2606kryptosfang\n|t:|1776669840\n|gametype|doubles\n|player|p1|InferenciaII|2|1049\n|player|p2|kryptosfang|1|1003\n|gen|9\n|tier|[Gen 9 Champions] VGC 2026 Reg M-A\n|rated|\n|rule|Species Clause: Limit one of each Pok\u00e9mon\n|rule|Item Clause: Limit 1 of each item\n|clearpoke\n|poke|p1|Lucario, L50, M|\n|poke|p1|Chandelure, L50, F|\n|poke|p1|Gyarados, L50, M|\n|poke|p1|Mudsdale, L50, M|\n|poke|p1|Ampharos, L50, F|\n|poke|p1|Serperior, L50, F|\n|poke|p2|Drampa, L50, F|\n|poke|p2|Slowking-Galar, L50, F|\n|poke|p2|Sinistcha, L50, shiny|\n|poke|p2|Incineroar, L50, F|\n|poke|p2|Rotom-Wash, L50|\n|poke|p2|Skarmory, L50, M, shiny|\n|teampreview|4\n|inactive|Battle timer is ON: inactive players will automatically lose when time's up. (requested by kryptosfang)\n|\n|t:|1776669860\n|teamsize|p1|4\n|teamsize|p2|4\n|start\n|switch|p1a: Ampharos|Ampharos, L50, F|100/100\n|switch|p1b: Mudsdale|Mudsdale, L50, M|100/100\n|switch|p2a: Drampa|Drampa, L50, F|100/100\n|switch|p2b: Slowking|Slowking-Galar, L50, F|100/100\n|turn|1\n|\n|t:|1776669876\n|detailschange|p1a: Ampharos|Ampharos-Mega, L50, F\n|-mega|p1a: Ampharos|Ampharos|Ampharosite\n|-ability|p1a: Ampharos|Mold Breaker\n|detailschange|p2a: Drampa|Drampa-Mega, L50, F\n|-mega|p2a: Drampa|Drampa|Drampanite\n|move|p2a: Drampa|Protect|p2a: Drampa\n|-singleturn|p2a: Drampa|Protect\n|move|p1a: Ampharos|Dragon Pulse|p2a: Drampa\n|-activate|p2a: Drampa|move: Protect\n|move|p1b: Mudsdale|Earthquake|p2a: Drampa|[spread] p1a,p2b\n|-activate|p2a: Drampa|move: Protect\n|-supereffective|p1a: Ampharos|1\n|-supereffective|p2b: Slowking|1\n|-damage|p1a: Ampharos|44/100\n|-damage|p2b: Slowking|29/100\n|move|p2b: Slowking|Trick Room|p2b: Slowking\n|-fieldstart|move: Trick Room|[of] p2b: Slowking\n|\n|upkeep\n|turn|2\n|\n|t:|1776669897\n|move|p2b: Slowking|Toxic|p1b: Mudsdale\n|-status|p1b: Mudsdale|tox\n|move|p2a: Drampa|Hyper Voice|p1b: Mudsdale|[spread] p1a,p1b\n|-damage|p1a: Ampharos|9/100\n|-damage|p1b: Mudsdale|50/100 tox\n|-ability|p1b: Mudsdale|Stamina|boost\n|-boost|p1b: Mudsdale|def|1\n|move|p1b: Mudsdale|Heavy Slam|p2b: Slowking\n|-damage|p2b: Slowking|0 fnt\n|faint|p2b: Slowking\n|move|p1a: Ampharos|Dragon Pulse|p2a: Drampa\n|-supereffective|p2a: Drampa|1\n|-damage|p2a: Drampa|4/100\n|-ability|p2a: Drampa|Berserk|boost\n|-boost|p2a: Drampa|spa|1\n|\n|-damage|p1b: Mudsdale|44/100 tox|[from] psn\n|upkeep\n|\n|t:|1776669906\n|switch|p2b: Sinistcha|Sinistcha, L50, shiny|100/100\n|-heal|p2a: Drampa|29/100|[from] ability: Hospitality|[of] p2b: Sinistcha\n|turn|3\n|inactive|InferenciaII has 30 seconds left.\n|\n|t:|1776669936\n|move|p2a: Drampa|Hyper Voice|p1b: Mudsdale|[spread] p1a,p1b\n|-damage|p1a: Ampharos|0 fnt\n|-damage|p1b: Mudsdale|0 fnt\n|faint|p1a: Ampharos\n|faint|p1b: Mudsdale\n|move|p2b: Sinistcha|Life Dew||[still]|[spread] p2a,p2b\n|-heal|p2a: Drampa|54/100\n|-fail|p2b: Sinistcha|heal\n|\n|upkeep\n|\n|t:|1776669944\n|switch|p1b: Serperior|Serperior, L50, F|100/100\n|switch|p1a: Lucario|Lucario, L50, M|100/100\n|turn|4\n|\n|t:|1776669966\n|move|p2b: Sinistcha|Rage Powder|p2b: Sinistcha\n|-singleturn|p2b: Sinistcha|move: Rage Powder\n|move|p2a: Drampa|Heat Wave|p1b: Serperior|[spread] p1a,p1b\n|-supereffective|p1a: Lucario|1\n|-supereffective|p1b: Serperior|1\n|-damage|p1a: Lucario|0 fnt\n|-damage|p1b: Serperior|4/100\n|faint|p1a: Lucario\n|move|p1b: Serperior|Leaf Storm|p2b: Sinistcha\n|-resisted|p2b: Sinistcha|1\n|-damage|p2b: Sinistcha|82/100\n|-boost|p1b: Serperior|spa|2\n|\n|upkeep\n|turn|5\n|\n|t:|1776669979\n|move|p2b: Sinistcha|Rage Powder|p2b: Sinistcha\n|-singleturn|p2b: Sinistcha|move: Rage Powder\n|move|p2a: Drampa|Heat Wave|p1b: Serperior\n|-supereffective|p1b: Serperior|1\n|-damage|p1b: Serperior|0 fnt\n|faint|p1b: Serperior\n|\n|win|kryptosfang\n|raw|InferenciaII's rating: 1049 &rarr; <strong>1029</strong><br />(-20 for losing)\n|raw|kryptosfang's rating: 1003 &rarr; <strong>1048</strong><br />(+45 for winning)\n|l|\u2606InferenciaII\n|player|p1|\n",
  "uploadtime": 1776669990,
  "views": 11,
  "formatid": "gen9championsvgc2026regma",
  "rating": 1029,
  "private": 0,
  "password": null
}