{
  "id": "gen9championsvgc2026regma-2581037858",
  "format": "[Gen 9 Champions] VGC 2026 Reg M-A",
  "players": [
    "ranned bats",
    "Kiryuri"
  ],
  "log": "|j|\u2606ranned bats\n|j|\u2606Kiryuri\n|t:|1775954013\n|gametype|doubles\n|player|p1|ranned bats|winona|1133\n|player|p2|Kiryuri|acetrainerf|1144\n|gen|9\n|tier|[Gen 9 Champions] VGC 2026 Reg M-A\n|rated|\n|rule|Species Clause: Limit one of each Pok\u00e9mon\n|rule|Item Clause: Limit 1 of each item\n|clearpoke\n|poke|p1|Scizor, L50, F|\n|poke|p1|Venusaur, L50, F|\n|poke|p1|Charizard, L50, F|\n|poke|p1|Klefki, L50, M|\n|poke|p1|Basculegion, L50, M|\n|poke|p1|Goodra, L50, F|\n|poke|p2|Corviknight, L50, F|\n|poke|p2|Gardevoir, L50, F|\n|poke|p2|Garchomp, L50, F|\n|poke|p2|Sinistcha, L50|\n|poke|p2|Dragonite, L50, F|\n|poke|p2|Sneasler, L50, F|\n|teampreview|4\n|c|\u2606ranned bats|glhf\nKiryuri has agreed to open team sheets.\n|c|\u2606Kiryuri|glhf\n|inactive|Battle timer is ON: inactive players will automatically lose when time's up. (requested by Kiryuri)\nranned bats rejected open team sheets.\n|inactive|Kiryuri has 60 seconds left.\n|\n|t:|1775954070\n|teamsize|p1|4\n|teamsize|p2|4\n|start\n|switch|p1a: Venusaur|Venusaur, L50, F|100/100\n|switch|p1b: Charizard|Charizard, L50, F|100/100\n|switch|p2a: Dragonite|Dragonite, L50, F|100/100\n|switch|p2b: Garchomp|Garchomp, L50, F|100/100\n|turn|1\n|inactive|Kiryuri has 30 seconds left.\n|inactive|Kiryuri has 20 seconds left.\n|inactive|Kiryuri has 15 seconds left.\n|\n|t:|1775954111\n|detailschange|p1a: Venusaur|Venusaur-Mega, L50, F\n|-mega|p1a: Venusaur|Venusaur|Venusaurite\n|move|p2b: Garchomp|Protect|p2b: Garchomp\n|-singleturn|p2b: Garchomp|Protect\n|move|p1b: Charizard|Will-O-Wisp|p2b: Garchomp\n|-activate|p2b: Garchomp|move: Protect\n|move|p2a: Dragonite|Tailwind|p2a: Dragonite\n|-sidestart|p2: Kiryuri|move: Tailwind\n|move|p1a: Venusaur|Leech Seed|p2a: Dragonite\n|-start|p2a: Dragonite|move: Leech Seed\n|\n|-damage|p2a: Dragonite|88/100|[from] Leech Seed|[of] p1a: Venusaur\n|upkeep\n|turn|2\n|inactive|ranned bats has 30 seconds left.\n|inactive|Kiryuri has 30 seconds left.\n|inactive|Kiryuri has 20 seconds left.\n|\n|t:|1775954149\n|move|p2b: Garchomp|Earthquake|p1a: Venusaur|[spread] p1a\n|-immune|p2a: Dragonite\n|-immune|p1b: Charizard\n|-damage|p1a: Venusaur|67/100\n|move|p2a: Dragonite|Scale Shot|p1a: Venusaur\n|-damage|p1a: Venusaur|56/100\n|-damage|p1a: Venusaur|44/100\n|-hitcount|p1a: Venusaur|2\n|-unboost|p2a: Dragonite|def|1\n|-boost|p2a: Dragonite|spe|1\n|move|p1b: Charizard|Will-O-Wisp|p2b: Garchomp\n|-status|p2b: Garchomp|brn\n|move|p1a: Venusaur|Sludge Bomb|p2a: Dragonite\n|-damage|p2a: Dragonite|35/100\n|\n|-damage|p2a: Dragonite|23/100|[from] Leech Seed|[of] p1a: Venusaur\n|-heal|p1a: Venusaur|56/100|[silent]\n|-damage|p2b: Garchomp|95/100 brn|[from] brn\n|upkeep\n|turn|3\n|inactive|ranned bats has 30 seconds left.\n|inactive|Kiryuri has 30 seconds left.\n|inactive|Kiryuri has 20 seconds left.\n|\n|t:|1775954185\n|move|p2a: Dragonite|Scale Shot|p1a: Venusaur\n|-damage|p1a: Venusaur|44/100\n|-damage|p1a: Venusaur|32/100\n|-damage|p1a: Venusaur|21/100\n|-hitcount|p1a: Venusaur|3\n|-unboost|p2a: Dragonite|def|1\n|-boost|p2a: Dragonite|spe|1\n|move|p2b: Garchomp|Earthquake|p1a: Venusaur|[spread] p1a\n|-immune|p2a: Dragonite\n|-immune|p1b: Charizard\n|-crit|p1a: Venusaur\n|-damage|p1a: Venusaur|0 fnt\n|faint|p1a: Venusaur\n|move|p1b: Charizard|Will-O-Wisp|p2a: Dragonite\n|-status|p2a: Dragonite|brn\n|-enditem|p2a: Dragonite|Lum Berry|[eat]\n|-curestatus|p2a: Dragonite|brn|[msg]\n|\n|-damage|p2b: Garchomp|89/100 brn|[from] brn\n|upkeep\n|\n|t:|1775954199\n|switch|p1a: Klefki|Klefki, L50, M|100/100\n|turn|4\n|\n|t:|1775954214\n|switch|p1b: Basculegion|Basculegion, L50, M|100/100\n|move|p1a: Klefki|Reflect|p1a: Klefki\n|-sidestart|p1: ranned bats|Reflect\n|move|p2a: Dragonite|Scale Shot|p1b: Basculegion\n|-damage|p1b: Basculegion|89/100\n|-damage|p1b: Basculegion|78/100\n|-damage|p1b: Basculegion|65/100\n|-hitcount|p1b: Basculegion|3\n|-unboost|p2a: Dragonite|def|1\n|-boost|p2a: Dragonite|spe|1\n|move|p2b: Garchomp|Earthquake|p1a: Klefki|[spread] p1a,p1b\n|-immune|p2a: Dragonite\n|-supereffective|p1a: Klefki|1\n|-damage|p1a: Klefki|76/100\n|-damage|p1b: Basculegion|51/100\n|\n|-damage|p2a: Dragonite|10/100|[from] Leech Seed|[of] p1a: Klefki\n|-heal|p1a: Klefki|90/100|[silent]\n|-damage|p2b: Garchomp|83/100 brn|[from] brn\n|-sideend|p2: Kiryuri|move: Tailwind\n|upkeep\n|turn|5\n|\n|t:|1775954237\n|move|p1a: Klefki|Rain Dance|p1a: Klefki\n|-weather|RainDance\n|move|p2a: Dragonite|Tailwind|p2a: Dragonite\n|-sidestart|p2: Kiryuri|move: Tailwind\n|move|p2b: Garchomp|Earthquake|p1a: Klefki|[spread] p1a,p1b\n|-immune|p2a: Dragonite\n|-supereffective|p1a: Klefki|1\n|-damage|p1a: Klefki|65/100\n|-damage|p1b: Basculegion|37/100\n|move|p1b: Basculegion|Wave Crash|p2b: Garchomp\n|-damage|p2b: Garchomp|0 fnt\n|faint|p2b: Garchomp\n|-damage|p1b: Basculegion|14/100|[from] Recoil\n|\n|-weather|RainDance|[upkeep]\n|-damage|p2a: Dragonite|0 fnt|[from] Leech Seed|[of] p1a: Klefki\n|-heal|p1a: Klefki|75/100|[silent]\n|faint|p2a: Dragonite\n|upkeep\n|\n|t:|1775954255\n|switch|p2b: Sinistcha|Sinistcha, L50|100/100\n|switch|p2a: Gardevoir|Gardevoir, L50, F, shiny|100/100\n|turn|6\n|\n|t:|1775954272\n|detailschange|p2a: Gardevoir|Gardevoir-Mega, L50, F, shiny\n|-mega|p2a: Gardevoir|Gardevoir|Gardevoirite\n|move|p1b: Basculegion|Protect|p1b: Basculegion\n|-singleturn|p1b: Basculegion|Protect\n|move|p2b: Sinistcha|Rage Powder|p2b: Sinistcha\n|-singleturn|p2b: Sinistcha|move: Rage Powder\n|move|p1a: Klefki|Light Screen|p1a: Klefki\n|-sidestart|p1: ranned bats|move: Light Screen\n|move|p2a: Gardevoir|Hyper Voice|p1b: Basculegion|[spread] p1a\n|-activate|p1b: Basculegion|move: Protect\n|-resisted|p1a: Klefki|1\n|-damage|p1a: Klefki|57/100\n|\n|-weather|RainDance|[upkeep]\n|upkeep\n|turn|7\n|\n|t:|1775954293\n|switch|p1b: Charizard|Charizard, L50, F|100/100\n|move|p2a: Gardevoir|Protect|p2a: Gardevoir\n|-singleturn|p2a: Gardevoir|Protect\n|move|p1a: Klefki|Sunny Day|p1a: Klefki\n|-weather|SunnyDay\n|move|p2b: Sinistcha|Matcha Gotcha|p1b: Charizard|[spread] p1a,p1b\n|-resisted|p1a: Klefki|1\n|-resisted|p1b: Charizard|2\n|-damage|p1a: Klefki|49/100\n|-damage|p1b: Charizard|95/100\n|\n|-weather|SunnyDay|[upkeep]\n|upkeep\n|turn|8\n|inactive|Kiryuri has 30 seconds left.\n|inactive|Kiryuri has 20 seconds left.\n|inactive|Kiryuri has 15 seconds left.\n|\n|t:|1775954334\n|move|p1a: Klefki|Light Screen||[still]\n|-fail|p1a: Klefki\n|move|p2a: Gardevoir|Psychic|p1b: Charizard\n|-damage|p1b: Charizard|41/100\n|-unboost|p1b: Charizard|spd|1\n|move|p1b: Charizard|Heat Wave|p2a: Gardevoir|[spread] p2a,p2b\n|-supereffective|p2b: Sinistcha|1\n|-enditem|p2b: Sinistcha|Occa Berry|[eat]\n|-enditem|p2b: Sinistcha|Occa Berry|[weaken]\n|-damage|p2a: Gardevoir|59/100\n|-damage|p2b: Sinistcha|55/100\n|move|p2b: Sinistcha|Matcha Gotcha|p1b: Charizard|[spread] p1a,p1b\n|-resisted|p1a: Klefki|1\n|-resisted|p1b: Charizard|2\n|-damage|p1a: Klefki|40/100\n|-heal|p2b: Sinistcha|59/100|[from] drain|[of] p1a: Klefki\n|-damage|p1b: Charizard|33/100\n|-heal|p2b: Sinistcha|62/100|[from] drain|[of] p1b: Charizard\n|\n|-weather|SunnyDay|[upkeep]\n|-sideend|p1: ranned bats|Reflect\n|-sideend|p2: Kiryuri|move: Tailwind\n|upkeep\n|turn|9\n|inactive|Kiryuri has 30 seconds left.\n|\n|t:|1775954361\n|move|p1a: Klefki|Rain Dance|p1a: Klefki\n|-weather|RainDance\n|move|p1b: Charizard|Hurricane|p2b: Sinistcha\n|-supereffective|p2b: Sinistcha|1\n|-damage|p2b: Sinistcha|0 fnt\n|faint|p2b: Sinistcha\n|move|p2a: Gardevoir|Hyper Voice|p1b: Charizard|[spread] p1a,p1b\n|-resisted|p1a: Klefki|1\n|-resisted|p1b: Charizard|1\n|-damage|p1a: Klefki|20/100\n|-damage|p1b: Charizard|0 fnt\n|faint|p1b: Charizard\n|\n|-weather|RainDance|[upkeep]\n|upkeep\n|\n|t:|1775954367\n|switch|p1b: Basculegion|Basculegion, L50, M|14/100\n|turn|10\n|\n|t:|1775954378\n|move|p1a: Klefki|Reflect|p1a: Klefki\n|-sidestart|p1: ranned bats|Reflect\n|move|p1b: Basculegion|Last Respects|p2a: Gardevoir\n|-supereffective|p2a: Gardevoir|1\n|-damage|p2a: Gardevoir|0 fnt\n|faint|p2a: Gardevoir\n|\n|win|ranned bats\n|raw|ranned bats's rating: 1133 &rarr; <strong>1159</strong><br />(+26 for winning)\n|raw|Kiryuri's rating: 1144 &rarr; <strong>1118</strong><br />(-26 for losing)\n|c|\u2606ranned bats|gg\n",
  "uploadtime": 1775954392,
  "views": 15,
  "formatid": "gen9championsvgc2026regma",
  "rating": 1118,
  "private": 0,
  "password": null
}