{
  "id": "gen9championsvgc2026regma-2580743986",
  "format": "[Gen 9 Champions] VGC 2026 Reg M-A",
  "players": [
    "StrawberryBalloons",
    "turkfrog"
  ],
  "log": "|j|\u2606StrawberryBalloons\n|j|\u2606turkfrog\n|t:|1775928904\n|gametype|doubles\n|player|p1|StrawberryBalloons|fisherman-gen4|1009\n|player|p2|turkfrog|plasmagruntf-gen5bw|1033\n|gen|9\n|tier|[Gen 9 Champions] VGC 2026 Reg M-A\n|rated|\n|rule|Species Clause: Limit one of each Pok\u00e9mon\n|rule|Item Clause: Limit 1 of each item\n|clearpoke\n|poke|p1|Incineroar, L50, M|\n|poke|p1|Ninetales-Alola, L50, M|\n|poke|p1|Floette-Eternal, L50, F|\n|poke|p1|Sableye, L50, M|\n|poke|p1|Gengar, L50, M|\n|poke|p1|Aegislash, L50, M|\n|poke|p2|Meowscarada, L50, F|\n|poke|p2|Sneasler, L50, M|\n|poke|p2|Pelipper, L50, M|\n|poke|p2|Basculegion, L50, M|\n|poke|p2|Archaludon, L50, M|\n|poke|p2|Armarouge, L50, M|\n|teampreview|4\n|inactive|Battle timer is ON: inactive players will automatically lose when time's up. (requested by StrawberryBalloons)\n|\n|t:|1775928933\n|teamsize|p1|4\n|teamsize|p2|4\n|start\n|switch|p1a: Sableye|Sableye, L50, M|100/100\n|switch|p1b: Gengar|Gengar, L50, M, shiny|100/100\n|switch|p2a: Railgun|Archaludon, L50, M|100/100\n|switch|p2b: Armory|Armarouge, L50, M|100/100\n|turn|1\n|\n|t:|1775928952\n|move|p1a: Sableye|Fake Out|p2a: Railgun\n|-resisted|p2a: Railgun|1\n|-damage|p2a: Railgun|96/100\n|-ability|p2a: Railgun|Stamina|boost\n|-boost|p2a: Railgun|def|1\n|move|p1b: Gengar|Shadow Ball|p2b: Armory\n|-supereffective|p2b: Armory|1\n|-damage|p2b: Armory|0 fnt\n|faint|p2b: Armory\n|cant|p2a: Railgun|flinch\n|\n|-heal|p2a: Railgun|100/100|[from] item: Leftovers\n|upkeep\n|\n|t:|1775928972\n|switch|p2b: Mailman|Pelipper, L50, M|100/100\n|-weather|RainDance|[from] ability: Drizzle|[of] p2b: Mailman\n|turn|2\n|\n|t:|1775928986\n|move|p1b: Gengar|Destiny Bond|p1b: Gengar\n|-singlemove|p1b: Gengar|Destiny Bond\n|move|p2a: Railgun|Dragon Pulse|p1b: Gengar\n|-damage|p1b: Gengar|31/100\n|move|p2b: Mailman|Tailwind|p2b: Mailman\n|-sidestart|p2: turkfrog|move: Tailwind\n|move|p1a: Sableye|Metal Burst||[still]\n|-fail|p1a: Sableye\n|\n|-weather|RainDance|[upkeep]\n|upkeep\n|turn|3\n|\n|t:|1775929006\n|move|p2a: Railgun|Thunder|p1a: Sableye\n|-damage|p1a: Sableye|41/100\n|move|p2b: Mailman|Weather Ball|p1b: Gengar\n|-damage|p1b: Gengar|0 fnt\n|-start|p2b: Mailman|Disable|Weather Ball|[from] ability: Cursed Body|[of] p1b: Gengar\n|faint|p1b: Gengar\n|-activate|p1b: Gengar|move: Destiny Bond\n|faint|p2b: Mailman\n|move|p1a: Sableye|Metal Burst|p2a: Railgun\n|-damage|p2a: Railgun|29/100\n|-ability|p2a: Railgun|Stamina|boost\n|-boost|p2a: Railgun|def|1\n|\n|-weather|RainDance|[upkeep]\n|-heal|p2a: Railgun|35/100|[from] item: Leftovers\n|upkeep\n|\n|t:|1775929024\n|switch|p1b: Ninetales|Ninetales-Alola, L50, M, shiny|100/100\n|switch|p2b: A keg|Basculegion, L50, M, shiny|100/100\n|-weather|Snowscape|[from] ability: Snow Warning|[of] p1b: Ninetales\n|turn|4\n|\n|t:|1775929042\n|move|p1a: Sableye|Will-O-Wisp|p2b: A keg\n|-status|p2b: A keg|brn\n|move|p2b: A keg|Last Respects|p1a: Sableye\n|-damage|p1a: Sableye|0 fnt\n|faint|p1a: Sableye\n|move|p2a: Railgun|Flash Cannon|p1b: Ninetales\n|-supereffective|p1b: Ninetales|2\n|-enditem|p1b: Ninetales|Babiri Berry|[eat]\n|-enditem|p1b: Ninetales|Babiri Berry|[weaken]\n|-damage|p1b: Ninetales|3/100\n|move|p1b: Ninetales|Aurora Veil|p1b: Ninetales\n|-sidestart|p1: StrawberryBalloons|move: Aurora Veil\n|\n|-weather|Snowscape|[upkeep]\n|-heal|p2a: Railgun|41/100|[from] item: Leftovers\n|-damage|p2b: A keg|95/100 brn|[from] brn\n|upkeep\n|\n|t:|1775929054\n|switch|p1a: Floette|Floette-Eternal, L50, F|100/100\n|turn|5\n|\n|t:|1775929074\n|detailschange|p1a: Floette|Floette-Mega, L50, F\n|-mega|p1a: Floette|Floette|Floettite\n|-ability|p1a: Floette|Fairy Aura\n|move|p2b: A keg|Aqua Jet|p1b: Ninetales\n|-damage|p1b: Ninetales|0 fnt\n|faint|p1b: Ninetales\n|move|p2a: Railgun|Flash Cannon|p1a: Floette\n|-supereffective|p1a: Floette|1\n|-damage|p1a: Floette|54/100\n|move|p1a: Floette|Dazzling Gleam|p2a: Railgun|[spread] p2a,p2b\n|-damage|p2a: Railgun|0 fnt\n|-damage|p2b: A keg|45/100 brn\n|faint|p2a: Railgun\n|\n|-weather|Snowscape|[upkeep]\n|-damage|p2b: A keg|39/100 brn|[from] brn\n|-sideend|p2: turkfrog|move: Tailwind\n|upkeep\n|turn|6\n|\n|t:|1775929098\n|move|p1a: Floette|Moonblast|p2b: A keg\n|-damage|p2b: A keg|0 fnt\n|faint|p2b: A keg\n|\n|win|StrawberryBalloons\n|raw|StrawberryBalloons's rating: 1009 &rarr; <strong>1050</strong><br />(+41 for winning)\n|raw|turkfrog's rating: 1033 &rarr; <strong>1017</strong><br />(-16 for losing)\n",
  "uploadtime": 1775929102,
  "views": 11,
  "formatid": "gen9championsvgc2026regma",
  "rating": 1017,
  "private": 0,
  "password": null
}