{
  "id": "gen9championsvgc2026regma-2586872117",
  "format": "[Gen 9 Champions] VGC 2026 Reg M-A",
  "players": [
    "fnjdnfjfjfjf",
    "old cluf"
  ],
  "log": "|j|\u2606fnjdnfjfjfjf\n|j|\u2606old cluf\n|t:|1776467222\n|gametype|doubles\n|player|p1|fnjdnfjfjfjf|170|1134\n|player|p2|old cluf|2|1122\n|gen|9\n|tier|[Gen 9 Champions] VGC 2026 Reg M-A\n|rated|\n|rule|Species Clause: Limit one of each Pok\u00e9mon\n|rule|Item Clause: Limit 1 of each item\n|clearpoke\n|poke|p1|Scizor, L50, M|\n|poke|p1|Kommo-o, L50, F|\n|poke|p1|Basculegion, L50, M|\n|poke|p1|Incineroar, L50, M|\n|poke|p1|Ninetales-Alola, L50, F|\n|poke|p1|Sinistcha, L50|\n|poke|p2|Aerodactyl, L50, M|\n|poke|p2|Farigiraf, L50, F|\n|poke|p2|Sneasler, L50, M|\n|poke|p2|Aegislash, L50, M|\n|poke|p2|Charizard, L50, M|\n|poke|p2|Garchomp, L50, M|\n|teampreview|4\n|\n|t:|1776467257\n|teamsize|p1|4\n|teamsize|p2|4\n|start\n|switch|p1a: Kommo-o|Kommo-o, L50, F|100/100\n|switch|p1b: Incineroar|Incineroar, L50, M|100/100\n|switch|p2a: Charizard|Charizard, L50, M|100/100\n|switch|p2b: Sneasler|Sneasler, L50, M|100/100\n|-ability|p1b: Incineroar|Intimidate|boost\n|-unboost|p2a: Charizard|atk|1\n|-unboost|p2b: Sneasler|atk|1\n|-enditem|p2b: Sneasler|White Herb\n|-clearnegativeboost|p2b: Sneasler|[silent]\n|turn|1\n|\n|t:|1776467272\n|switch|p2a: Farigiraf|Farigiraf, L50, F|100/100\n|move|p2b: Sneasler|Close Combat|p1b: Incineroar\n|-supereffective|p1b: Incineroar|1\n|-damage|p1b: Incineroar|4/100\n|-unboost|p2b: Sneasler|def|1\n|-unboost|p2b: Sneasler|spd|1\n|-enditem|p1b: Incineroar|Sitrus Berry|[eat]\n|-heal|p1b: Incineroar|29/100|[from] item: Sitrus Berry\n|move|p1a: Kommo-o|Clangorous Soul|p1a: Kommo-o\n|-boost|p1a: Kommo-o|atk|1\n|-boost|p1a: Kommo-o|def|1\n|-boost|p1a: Kommo-o|spa|1\n|-boost|p1a: Kommo-o|spd|1\n|-boost|p1a: Kommo-o|spe|1\n|-damage|p1a: Kommo-o|68/100\n|move|p1b: Incineroar|Parting Shot|p2a: Farigiraf\n|-unboost|p2a: Farigiraf|atk|1\n|-unboost|p2a: Farigiraf|spa|1\n|inactive|Battle timer is ON: inactive players will automatically lose when time's up. (requested by old cluf)\n|\n|t:|1776467298\n|switch|p1b: Ninetales|Ninetales-Alola, L50, F|100/100|[from] Parting Shot\n|-weather|Snowscape|[from] ability: Snow Warning|[of] p1b: Ninetales\n|\n|-weather|Snowscape|[upkeep]\n|-heal|p1a: Kommo-o|74/100|[from] item: Leftovers\n|upkeep\n|turn|2\n|\n|t:|1776467324\n|move|p2b: Sneasler|Close Combat|p1a: Kommo-o\n|-damage|p1a: Kommo-o|39/100\n|-unboost|p2b: Sneasler|def|1\n|-unboost|p2b: Sneasler|spd|1\n|move|p1a: Kommo-o|Clanging Scales|p2a: Farigiraf|[spread] p2a,p2b\n|-damage|p2a: Farigiraf|51/100\n|-damage|p2b: Sneasler|0 fnt\n|faint|p2b: Sneasler\n|-unboost|p1a: Kommo-o|def|1\n|move|p1b: Ninetales|Blizzard|p2a: Farigiraf\n|-damage|p2a: Farigiraf|13/100\n|-status|p2a: Farigiraf|frz\n|-curestatus|p2a: Farigiraf|frz|[msg]\n|move|p2a: Farigiraf|Psychic Noise|p1a: Kommo-o\n|-immune|p1a: Kommo-o|[from] ability: Soundproof\n|\n|-weather|Snowscape|[upkeep]\n|-heal|p1a: Kommo-o|45/100|[from] item: Leftovers\n|upkeep\n|inactive|old cluf has 30 seconds left.\n|\n|t:|1776467352\n|switch|p2b: Aegislash|Aegislash, L50, M|100/100\n|turn|3\n|inactive|fnjdnfjfjfjf has 30 seconds left.\n|inactive|fnjdnfjfjfjf has 20 seconds left.\n|\n|t:|1776467387\n|move|p2b: Aegislash|Wide Guard|p2b: Aegislash\n|-singleturn|p2b: Aegislash|Wide Guard\n|move|p1a: Kommo-o|Aura Sphere|p2a: Farigiraf\n|-damage|p2a: Farigiraf|0 fnt\n|faint|p2a: Farigiraf\n|move|p1b: Ninetales|Blizzard|p2b: Aegislash\n|-activate|p2b: Aegislash|move: Wide Guard\n|\n|-weather|Snowscape|[upkeep]\n|-heal|p1a: Kommo-o|51/100|[from] item: Leftovers\n|upkeep\n|\n|t:|1776467394\n|switch|p2a: Charizard|Charizard, L50, M|100/100\n|turn|4\n|\n|t:|1776467404\n|detailschange|p2a: Charizard|Charizard-Mega-Y, L50, M\n|-mega|p2a: Charizard|Charizard|Charizardite Y\n|-weather|SunnyDay|[from] ability: Drought|[of] p2a: Charizard\n|move|p1a: Kommo-o|Protect|p1a: Kommo-o\n|-singleturn|p1a: Kommo-o|Protect\n|move|p1b: Ninetales|Encore|p2b: Aegislash\n|-start|p2b: Aegislash|Encore\n|move|p2b: Aegislash|Wide Guard|p2b: Aegislash\n|-singleturn|p2b: Aegislash|Wide Guard\n|move|p2a: Charizard|Heat Wave|p1b: Ninetales|[spread] p1b\n|-activate|p1a: Kommo-o|move: Protect\n|-supereffective|p1b: Ninetales|1\n|-enditem|p1b: Ninetales|Focus Sash\n|-damage|p1b: Ninetales|1/100\n|\n|-weather|SunnyDay|[upkeep]\n|-heal|p1a: Kommo-o|56/100|[from] item: Leftovers\n|upkeep\n|turn|5\n|inactive|fnjdnfjfjfjf has 30 seconds left.\n|inactive|fnjdnfjfjfjf has 20 seconds left.\n|inactive|fnjdnfjfjfjf has 15 seconds left.\n|inactive|fnjdnfjfjfjf has 10 seconds left.\n|\n|t:|1776467453\n|move|p2b: Aegislash|Wide Guard|p2b: Aegislash\n|-singleturn|p2b: Aegislash|Wide Guard\n|move|p1a: Kommo-o|Aura Sphere|p2a: Charizard\n|-resisted|p2a: Charizard|1\n|-damage|p2a: Charizard|77/100\n|move|p1b: Ninetales|Encore|p2a: Charizard\n|-start|p2a: Charizard|Encore\n|move|p2a: Charizard|Heat Wave|p1a: Kommo-o|[spread] p1a,p1b\n|-resisted|p1a: Kommo-o|1\n|-supereffective|p1b: Ninetales|1\n|-damage|p1a: Kommo-o|32/100\n|-damage|p1b: Ninetales|0 fnt\n|faint|p1b: Ninetales\n|\n|-weather|SunnyDay|[upkeep]\n|-heal|p1a: Kommo-o|38/100|[from] item: Leftovers\n|upkeep\n|\n|t:|1776467469\n|switch|p1b: Incineroar|Incineroar, L50, M|29/100\n|-ability|p1b: Incineroar|Intimidate|boost\n|-unboost|p2a: Charizard|atk|1\n|-unboost|p2b: Aegislash|atk|1\n|turn|6\n|\n|t:|1776467482\n|move|p1a: Kommo-o|Protect|p1a: Kommo-o\n|-singleturn|p1a: Kommo-o|Protect\n|move|p2b: Aegislash|Wide Guard|p2b: Aegislash\n|-singleturn|p2b: Aegislash|Wide Guard\n|move|p2a: Charizard|Heat Wave|p1a: Kommo-o|[spread] \n|-activate|p1a: Kommo-o|move: Protect\n|-miss|p2a: Charizard|p1b: Incineroar\n|move|p1b: Incineroar|Flare Blitz|p2b: Aegislash\n|-supereffective|p2b: Aegislash|1\n|-damage|p2b: Aegislash|0 fnt\n|faint|p2b: Aegislash\n|-damage|p1b: Incineroar|2/100|[from] Recoil\n|\n|-weather|SunnyDay|[upkeep]\n|-heal|p1a: Kommo-o|44/100|[from] item: Leftovers\n|upkeep\n|turn|7\n|\n|t:|1776467495\n|switch|p1b: Sinistcha|Sinistcha, L50|100/100\n|-heal|p1a: Kommo-o|68/100|[from] ability: Hospitality|[of] p1b: Sinistcha\n|move|p1a: Kommo-o|Clanging Scales|p2a: Charizard\n|-damage|p2a: Charizard|10/100\n|-unboost|p1a: Kommo-o|def|1\n|move|p2a: Charizard|Heat Wave|p1a: Kommo-o|[spread] p1a,p1b\n|-resisted|p1a: Kommo-o|1\n|-supereffective|p1b: Sinistcha|1\n|-enditem|p1b: Sinistcha|Occa Berry|[eat]\n|-enditem|p1b: Sinistcha|Occa Berry|[weaken]\n|-damage|p1a: Kommo-o|44/100\n|-damage|p1b: Sinistcha|36/100\n|-status|p1b: Sinistcha|brn\n|\n|-weather|SunnyDay|[upkeep]\n|-heal|p1a: Kommo-o|50/100|[from] item: Leftovers\n|-damage|p1b: Sinistcha|30/100 brn|[from] brn\n|-end|p2a: Charizard|Encore\n|upkeep\n|turn|8\n|\n|t:|1776467511\n|move|p1a: Kommo-o|Clanging Scales|p2a: Charizard\n|-damage|p2a: Charizard|0 fnt\n|faint|p2a: Charizard\n|\n|win|fnjdnfjfjfjf\n|raw|fnjdnfjfjfjf's rating: 1134 &rarr; <strong>1158</strong><br />(+24 for winning)\n|raw|old cluf's rating: 1122 &rarr; <strong>1098</strong><br />(-24 for losing)\n",
  "uploadtime": 1776467518,
  "views": 22,
  "formatid": "gen9championsvgc2026regma",
  "rating": 1098,
  "private": 0,
  "password": null
}