{
  "id": "gen9championsvgc2026regma-2581709522",
  "format": "[Gen 9 Champions] VGC 2026 Reg M-A",
  "players": [
    "Autismic2",
    "octyMD"
  ],
  "log": "|j|\u2606Autismic2\n|j|\u2606octyMD\n|t:|1776022438\n|gametype|doubles\n|player|p1|Autismic2|266|1075\n|player|p2|octyMD|benga|1046\n|gen|9\n|tier|[Gen 9 Champions] VGC 2026 Reg M-A\n|rated|\n|rule|Species Clause: Limit one of each Pok\u00e9mon\n|rule|Item Clause: Limit 1 of each item\n|clearpoke\n|poke|p1|Zoroark-Hisui, L50, F|\n|poke|p1|Aegislash, L50, F|\n|poke|p1|Kommo-o, L50, F|\n|poke|p1|Starmie, L50|\n|poke|p1|Pelipper, L50, F|\n|poke|p1|Sinistcha, L50|\n|poke|p2|Kangaskhan, L50, F|\n|poke|p2|Talonflame, L50, F|\n|poke|p2|Sinistcha, L50|\n|poke|p2|Garchomp, L50, M|\n|poke|p2|Clefable, L50, M|\n|poke|p2|Sneasler, L50, F|\n|teampreview|4\n|inactive|Battle timer is ON: inactive players will automatically lose when time's up. (requested by Autismic2)\n|inactive|Autismic2 has 60 seconds left.\n|\n|t:|1776022469\n|teamsize|p1|4\n|teamsize|p2|4\n|start\n|switch|p1a: Starmie|Starmie, L50, shiny|100/100\n|switch|p1b: Kommo-o|Kommo-o, L50, F|100/100\n|switch|p2a: Talonflame|Talonflame, L50, F|100/100\n|switch|p2b: Sneasler|Sneasler, L50, F|100/100\n|turn|1\n|\n|t:|1776022489\n|move|p1b: Kommo-o|Protect|p1b: Kommo-o\n|-singleturn|p1b: Kommo-o|Protect\n|move|p2b: Sneasler|Fake Out|p1a: Starmie\n|-immune|p1a: Starmie\n|move|p2a: Talonflame|Taunt|p1b: Kommo-o\n|-activate|p1b: Kommo-o|move: Protect\n|move|p1a: Starmie|Icy Wind|p2b: Sneasler|[spread] p2a,p2b\n|-damage|p2a: Talonflame|79/100\n|-damage|p2b: Sneasler|83/100\n|-unboost|p2a: Talonflame|spe|1\n|-unboost|p2b: Sneasler|spe|1\n|\n|upkeep\n|turn|2\n|\n|t:|1776022513\n|switch|p2b: Garchomp|Garchomp, L50, M|100/100\n|move|p1a: Starmie|Bitter Malice|p2b: Garchomp\n|-damage|p2b: Garchomp|63/100\n|-unboost|p2b: Garchomp|atk|1\n|-enditem|p2b: Garchomp|White Herb\n|-clearnegativeboost|p2b: Garchomp|[silent]\n|move|p1b: Kommo-o|Clanging Scales|p2a: Talonflame|[spread] p2a,p2b\n|-supereffective|p2b: Garchomp|1\n|-damage|p2a: Talonflame|8/100\n|-damage|p2b: Garchomp|0 fnt\n|faint|p2b: Garchomp\n|-unboost|p1b: Kommo-o|def|1\n|move|p2a: Talonflame|Tailwind|p2a: Talonflame\n|-sidestart|p2: octyMD|move: Tailwind\n|\n|upkeep\n|\n|t:|1776022528\n|switch|p2b: Kangaskhan|Kangaskhan, L50, F|100/100\n|turn|3\n|\n|t:|1776022539\n|detailschange|p2b: Kangaskhan|Kangaskhan-Mega, L50, F\n|-mega|p2b: Kangaskhan|Kangaskhan|Kangaskhanite\n|move|p1b: Kommo-o|Protect|p1b: Kommo-o\n|-singleturn|p1b: Kommo-o|Protect\n|move|p2a: Talonflame|Brave Bird|p1b: Kommo-o\n|-activate|p1b: Kommo-o|move: Protect\n|move|p2b: Kangaskhan|Double-Edge|p1a: Starmie\n|-immune|p1a: Starmie\n|move|p1a: Starmie|Icy Wind|p2b: Kangaskhan|[spread] p2a,p2b\n|-damage|p2a: Talonflame|0 fnt\n|-damage|p2b: Kangaskhan|88/100\n|-unboost|p2b: Kangaskhan|spe|1\n|faint|p2a: Talonflame\n|\n|upkeep\n|inactive|octyMD has 30 seconds left.\n|inactive|octyMD has 20 seconds left.\n|inactive|octyMD has 15 seconds left.\n|inactive|octyMD has 10 seconds left.\n|\n|t:|1776022587\n|switch|p2a: Sneasler|Sneasler, L50, F|83/100\n|turn|4\n|\n|t:|1776022597\n|switch|p1b: Pelipper|Pelipper, L50, F, shiny|100/100\n|-weather|RainDance|[from] ability: Drizzle|[of] p1b: Pelipper\n|move|p2b: Kangaskhan|Sucker Punch|p1a: Starmie\n|-supereffective|p1a: Starmie|1\n|-damage|p1a: Starmie|5/100\n|replace|p1a: Zoroark|Zoroark-Hisui, L50, F, shiny\n|-end|p1a: Zoroark|Illusion\n|-supereffective|p1a: Zoroark|1\n|-damage|p1a: Zoroark|0 fnt\n|faint|p1a: Zoroark\n|-hitcount|p1: Zoroark|2\n|move|p2a: Sneasler|Dire Claw|p1b: Pelipper\n|-damage|p1b: Pelipper|38/100\n|\n|-weather|RainDance|[upkeep]\n|upkeep\n|\n|t:|1776022610\n|switch|p1a: Starmie|Starmie, L50, shiny|100/100\n|turn|5\n|\n|t:|1776022632\n|detailschange|p1a: Starmie|Starmie-Mega, L50, shiny\n|-mega|p1a: Starmie|Starmie|Starminite\n|move|p1a: Starmie|Protect|p1a: Starmie\n|-singleturn|p1a: Starmie|Protect\n|move|p2b: Kangaskhan|Sucker Punch||[still]\n|-fail|p2b: Kangaskhan\n|move|p2a: Sneasler|Coaching|p2b: Kangaskhan\n|-boost|p2b: Kangaskhan|atk|1\n|-boost|p2b: Kangaskhan|def|1\n|move|p1b: Pelipper|Tailwind|p1b: Pelipper\n|-sidestart|p1: Autismic2|move: Tailwind\n|\n|-weather|RainDance|[upkeep]\n|-sideend|p2: octyMD|move: Tailwind\n|upkeep\n|turn|6\n|\n|t:|1776022650\n|switch|p1b: Kommo-o|Kommo-o, L50, F|100/100\n|move|p2b: Kangaskhan|Sucker Punch|p1a: Starmie\n|-supereffective|p1a: Starmie|1\n|-damage|p1a: Starmie|1/100\n|-supereffective|p1a: Starmie|1\n|-damage|p1a: Starmie|0 fnt\n|faint|p1a: Starmie\n|-hitcount|p1: Starmie|2\n|move|p2a: Sneasler|Dire Claw|p1b: Kommo-o\n|-damage|p1b: Kommo-o|59/100\n|\n|-weather|RainDance|[upkeep]\n|upkeep\n|\n|t:|1776022652\n|switch|p1a: Pelipper|Pelipper, L50, F, shiny|38/100\n|turn|7\n|\n|t:|1776022671\n|move|p2b: Kangaskhan|Protect|p2b: Kangaskhan\n|-singleturn|p2b: Kangaskhan|Protect\n|move|p1a: Pelipper|Hurricane|p2a: Sneasler\n|-supereffective|p2a: Sneasler|1\n|-damage|p2a: Sneasler|0 fnt\n|faint|p2a: Sneasler\n|move|p1b: Kommo-o|Clanging Scales|p2b: Kangaskhan\n|-activate|p2b: Kangaskhan|move: Protect\n|\n|-weather|RainDance|[upkeep]\n|upkeep\n|turn|8\n|\n|t:|1776022691\n|move|p2b: Kangaskhan|Protect||[still]\n|-fail|p2b: Kangaskhan\n|move|p1a: Pelipper|Hurricane|p2b: Kangaskhan\n|-damage|p2b: Kangaskhan|49/100\n|move|p1b: Kommo-o|Aura Sphere|p2b: Kangaskhan\n|-supereffective|p2b: Kangaskhan|1\n|-damage|p2b: Kangaskhan|0 fnt\n|faint|p2b: Kangaskhan\n|\n|win|Autismic2\n|raw|Autismic2's rating: 1075 &rarr; <strong>1101</strong><br />(+26 for winning)\n|raw|octyMD's rating: 1046 &rarr; <strong>1031</strong><br />(-15 for losing)\n|l|\u2606octyMD\n|player|p2|\n",
  "uploadtime": 1776022702,
  "views": 13,
  "formatid": "gen9championsvgc2026regma",
  "rating": 1031,
  "private": 0,
  "password": null
}