{
  "id": "gen9championsvgc2026regma-2588770627",
  "format": "[Gen 9 Champions] VGC 2026 Reg M-A",
  "players": [
    "leolc0926",
    "shadowll16"
  ],
  "log": "|j|\u2606leolc0926\n|j|\u2606shadowll16\n|t:|1776668588\n|gametype|doubles\n|player|p1|leolc0926|steven|1233\n|player|p2|shadowll16|cyrus|1288\n|gen|9\n|tier|[Gen 9 Champions] VGC 2026 Reg M-A\n|rated|\n|rule|Species Clause: Limit one of each Pok\u00e9mon\n|rule|Item Clause: Limit 1 of each item\n|clearpoke\n|poke|p1|Gardevoir, L50, F|\n|poke|p1|Incineroar, L50, M|\n|poke|p1|Garchomp, L50, F|\n|poke|p1|Maushold, L50|\n|poke|p1|Kingambit, L50, F|\n|poke|p1|Sneasler, L50, M|\n|poke|p2|Incineroar, L50, M, shiny|\n|poke|p2|Floette-Eternal, L50, F, shiny|\n|poke|p2|Kommo-o, L50, M, shiny|\n|poke|p2|Aegislash, L50, M, shiny|\n|poke|p2|Rotom-Wash, L50, shiny|\n|poke|p2|Sneasler, L50, M, shiny|\n|teampreview|4\n|inactive|Battle timer is ON: inactive players will automatically lose when time's up. (requested by shadowll16)\n|inactive|shadowll16 has 60 seconds left.\n|\n|t:|1776668641\n|teamsize|p1|4\n|teamsize|p2|4\n|start\n|switch|p1a: Maushold|Maushold, L50|100/100\n|switch|p1b: Gardevoir|Gardevoir, L50, F|100/100\n|switch|p2a: Rotom|Rotom-Wash, L50, shiny|100/100\n|switch|p2b: Sneasler|Sneasler, L50, M, shiny|100/100\n|-ability|p1b: Gardevoir|Levitate|Trace|[from] ability: Trace|[of] p2a: Rotom\n|turn|1\n|\n|t:|1776668663\n|detailschange|p1b: Gardevoir|Gardevoir-Mega, L50, F\n|-mega|p1b: Gardevoir|Gardevoir|Gardevoirite\n|move|p2a: Rotom|Electroweb|p1a: Maushold|[spread] p1a,p1b\n|-damage|p1a: Maushold|85/100\n|-damage|p1b: Gardevoir|91/100\n|-unboost|p1a: Maushold|spe|1\n|-unboost|p1b: Gardevoir|spe|1\n|move|p2b: Sneasler|Dire Claw|p1b: Gardevoir\n|-supereffective|p1b: Gardevoir|1\n|-damage|p1b: Gardevoir|14/100\n|move|p1a: Maushold|Super Fang|p2b: Sneasler\n|-damage|p2b: Sneasler|50/100\n|move|p1b: Gardevoir|Hyper Voice|p2b: Sneasler|[spread] p2a,p2b\n|-damage|p2a: Rotom|40/100\n|-damage|p2b: Sneasler|0 fnt\n|faint|p2b: Sneasler\n|\n|upkeep\n|\n|t:|1776668678\n|switch|p2b: Floette|Floette-Eternal, L50, F, shiny|100/100\n|turn|2\n|\n|t:|1776668699\n|switch|p2a: Kommo-o|Kommo-o, L50, M, shiny|100/100\n|switch|p1b: Kingambit|Kingambit, L50, F|100/100\n|detailschange|p2b: Floette|Floette-Mega, L50, F, shiny\n|-mega|p2b: Floette|Floette|Floettite\n|-ability|p2b: Floette|Fairy Aura\n|move|p2b: Floette|Dazzling Gleam|p1b: Kingambit|[spread] p1a,p1b\n|-damage|p1a: Maushold|35/100\n|-damage|p1b: Kingambit|65/100\n|move|p1a: Maushold|Super Fang|p2b: Floette\n|-damage|p2b: Floette|51/100\n|\n|upkeep\n|turn|3\n|inactive|leolc0926 has 30 seconds left.\n|inactive|shadowll16 has 30 seconds left.\n|inactive|leolc0926 has 20 seconds left.\n|inactive|shadowll16 has 20 seconds left.\n|inactive|leolc0926 has 15 seconds left.\n|inactive|shadowll16 has 15 seconds left.\n|\n|t:|1776668742\n|move|p1b: Kingambit|Protect|p1b: Kingambit\n|-singleturn|p1b: Kingambit|Protect\n|move|p2a: Kommo-o|Aura Sphere|p1b: Kingambit\n|-activate|p1b: Kingambit|move: Protect\n|move|p2b: Floette|Dazzling Gleam|p1b: Kingambit|[spread] p1a\n|-activate|p1b: Kingambit|move: Protect\n|-damage|p1a: Maushold|0 fnt\n|faint|p1a: Maushold\n|\n|upkeep\n|\n|t:|1776668751\n|switch|p1a: Incineroar|Incineroar, L50, M|100/100\n|-ability|p1a: Incineroar|Intimidate|boost\n|-unboost|p2a: Kommo-o|atk|1\n|-unboost|p2b: Floette|atk|1\n|turn|4\n|\n|t:|1776668763\n|move|p2b: Floette|Protect|p2b: Floette\n|-singleturn|p2b: Floette|Protect\n|move|p1a: Incineroar|Fake Out|p2a: Kommo-o\n|-damage|p2a: Kommo-o|87/100\n|cant|p2a: Kommo-o|flinch\n|move|p1b: Kingambit|Iron Head|p2b: Floette\n|-activate|p2b: Floette|move: Protect\n|\n|-heal|p2a: Kommo-o|93/100|[from] item: Leftovers\n|upkeep\n|turn|5\n|inactive|shadowll16 has 30 seconds left.\n|\n|t:|1776668792\n|move|p1b: Kingambit|Sucker Punch|p2b: Floette\n|-resisted|p2b: Floette|1\n|-damage|p2b: Floette|26/100\n|move|p2a: Kommo-o|Aura Sphere|p1b: Kingambit\n|-supereffective|p1b: Kingambit|2\n|-damage|p1b: Kingambit|0 fnt\n|faint|p1b: Kingambit\n|move|p2b: Floette|Moonblast|p1a: Incineroar\n|-damage|p1a: Incineroar|36/100\n|move|p1a: Incineroar|Flare Blitz|p2b: Floette\n|-damage|p2b: Floette|0 fnt\n|faint|p2b: Floette\n|-damage|p1a: Incineroar|28/100|[from] Recoil\n|\n|-heal|p2a: Kommo-o|99/100|[from] item: Leftovers\n|upkeep\n|\n|t:|1776668807\n|switch|p2b: Rotom|Rotom-Wash, L50, shiny|40/100\n|switch|p1b: Gardevoir|Gardevoir-Mega, L50, F|14/100\n|turn|6\n|\n|t:|1776668820\n|move|p2a: Kommo-o|Protect|p2a: Kommo-o\n|-singleturn|p2a: Kommo-o|Protect\n|move|p2b: Rotom|Electroweb|p1b: Gardevoir|[spread] p1a,p1b\n|-damage|p1a: Incineroar|13/100\n|-damage|p1b: Gardevoir|1/100\n|-unboost|p1a: Incineroar|spe|1\n|-unboost|p1b: Gardevoir|spe|1\n|-enditem|p1a: Incineroar|White Herb\n|-clearnegativeboost|p1a: Incineroar|[silent]\n|move|p1b: Gardevoir|Hyper Voice|p2b: Rotom|[spread] p2b\n|-activate|p2a: Kommo-o|move: Protect\n|-damage|p2b: Rotom|0 fnt\n|faint|p2b: Rotom\n|move|p1a: Incineroar|Close Combat|p2a: Kommo-o\n|-activate|p2a: Kommo-o|move: Protect\n|\n|-heal|p2a: Kommo-o|100/100|[from] item: Leftovers\n|upkeep\n|turn|7\n|inactive|shadowll16 has 30 seconds left.\n|inactive|leolc0926 has 30 seconds left.\n|inactive|shadowll16 has 20 seconds left.\n|\n|t:|1776668867\n|move|p1b: Gardevoir|Protect|p1b: Gardevoir\n|-singleturn|p1b: Gardevoir|Protect\n|move|p2a: Kommo-o|Aura Sphere|p1b: Gardevoir\n|-activate|p1b: Gardevoir|move: Protect\n|move|p1a: Incineroar|Close Combat|p2a: Kommo-o\n|-crit|p2a: Kommo-o\n|-damage|p2a: Kommo-o|39/100\n|-unboost|p1a: Incineroar|def|1\n|-unboost|p1a: Incineroar|spd|1\n|\n|-heal|p2a: Kommo-o|45/100|[from] item: Leftovers\n|upkeep\n|turn|8\n|\n|t:|1776668882\n|move|p2a: Kommo-o|Aura Sphere|p1a: Incineroar\n|-supereffective|p1a: Incineroar|1\n|-damage|p1a: Incineroar|0 fnt\n|faint|p1a: Incineroar\n|move|p1b: Gardevoir|Hyper Voice|p2a: Kommo-o\n|-immune|p2a: Kommo-o|[from] ability: Soundproof\n|\n|-heal|p2a: Kommo-o|51/100|[from] item: Leftovers\n|upkeep\n|turn|9\n|c|\u2606leolc0926|gg\n|c|\u2606shadowll16|gg\n|-message|leolc0926 forfeited.\n|\n|win|shadowll16\n|raw|leolc0926's rating: 1233 &rarr; <strong>1212</strong><br />(-21 for losing)\n|raw|shadowll16's rating: 1288 &rarr; <strong>1309</strong><br />(+21 for winning)\n|l|\u2606shadowll16\n|player|p2|\n",
  "uploadtime": 1776668900,
  "views": 13,
  "formatid": "gen9championsvgc2026regma",
  "rating": 1212,
  "private": 0,
  "password": null
}