{
  "id": "gen9championsvgc2026regma-2580679357",
  "format": "[Gen 9 Champions] VGC 2026 Reg M-A",
  "players": [
    "lolgz",
    "shadow perish"
  ],
  "log": "|j|\u2606lolgz\n|j|\u2606shadow perish\n|t:|1775923672\n|gametype|doubles\n|player|p1|lolgz|265|1145\n|player|p2|shadow perish|1|1148\n|gen|9\n|tier|[Gen 9 Champions] VGC 2026 Reg M-A\n|rated|\n|rule|Species Clause: Limit one of each Pok\u00e9mon\n|rule|Item Clause: Limit 1 of each item\n|clearpoke\n|poke|p1|Charizard, L50, F|\n|poke|p1|Whimsicott, L50, F|\n|poke|p1|Basculegion, L50, M|\n|poke|p1|Farigiraf, L50, M|\n|poke|p1|Sneasler, L50, F|\n|poke|p1|Floette-Eternal, L50, F|\n|poke|p2|Gengar, L50, M|\n|poke|p2|Incineroar, L50, M|\n|poke|p2|Basculegion, L50, M|\n|poke|p2|Politoed, L50, F|\n|poke|p2|Archaludon, L50, M|\n|poke|p2|Sinistcha, L50|\n|teampreview|4\n|\n|t:|1775923733\n|teamsize|p1|4\n|teamsize|p2|4\n|start\n|switch|p1a: Farigiraf|Farigiraf, L50, M|100/100\n|switch|p1b: Sneasler|Sneasler, L50, F|100/100\n|switch|p2a: Archaludon|Archaludon, L50, M|100/100\n|switch|p2b: Gengar|Gengar, L50, M, shiny|100/100\n|turn|1\n|\n|t:|1775923758\n|detailschange|p2b: Gengar|Gengar-Mega, L50, M, shiny\n|-mega|p2b: Gengar|Gengar|Gengarite\n|move|p1a: Farigiraf|Helping Hand|p1b: Sneasler\n|-singleturn|p1b: Sneasler|Helping Hand|[of] p1a: Farigiraf\n|move|p2b: Gengar|Shadow Ball|p1b: Sneasler\n|-damage|p1b: Sneasler|39/100\n|move|p1b: Sneasler|Close Combat|p2a: Archaludon\n|-supereffective|p2a: Archaludon|1\n|-enditem|p2a: Archaludon|Chople Berry|[eat]\n|-enditem|p2a: Archaludon|Chople Berry|[weaken]\n|-damage|p2a: Archaludon|24/100\n|-unboost|p1b: Sneasler|def|1\n|-unboost|p1b: Sneasler|spd|1\n|-enditem|p1b: Sneasler|White Herb\n|-clearnegativeboost|p1b: Sneasler|[silent]\n|move|p2a: Archaludon|Flash Cannon|p1b: Sneasler\n|-damage|p1b: Sneasler|0 fnt\n|faint|p1b: Sneasler\n|\n|upkeep\n|\n|t:|1775923777\n|switch|p1b: Whimsicott|Whimsicott, L50, F|100/100\n|turn|2\n|\n|t:|1775923795\n|switch|p2a: Politoed|Politoed, L50, F|100/100\n|-weather|RainDance|[from] ability: Drizzle|[of] p2a: Politoed\n|move|p2b: Gengar|Perish Song|p2b: Gengar\n|-start|p1a: Farigiraf|perish3|[silent]\n|-start|p1b: Whimsicott|perish3|[silent]\n|-start|p2a: Politoed|perish3|[silent]\n|-start|p2b: Gengar|perish3|[silent]\n|-fieldactivate|move: Perish Song\n|move|p1b: Whimsicott|Moonblast|p2a: Politoed\n|-damage|p2a: Politoed|77/100\n|move|p1a: Farigiraf|Psychic|p2b: Gengar\n|-supereffective|p2b: Gengar|1\n|-damage|p2b: Gengar|3/100\n|\n|-weather|RainDance|[upkeep]\n|-heal|p2a: Politoed|83/100|[from] item: Leftovers\n|-start|p2b: Gengar|perish3\n|-start|p1b: Whimsicott|perish3\n|-start|p2a: Politoed|perish3\n|-start|p1a: Farigiraf|perish3\n|upkeep\n|turn|3\n|\n|t:|1775923837\n|switch|p2a: Sinistcha|Sinistcha, L50|100/100\n|-heal|p2b: Gengar|28/100|[from] ability: Hospitality|[of] p2a: Sinistcha\n|move|p2b: Gengar|Protect|p2b: Gengar\n|-singleturn|p2b: Gengar|Protect\n|move|p1b: Whimsicott|Moonblast|p2a: Sinistcha\n|-damage|p2a: Sinistcha|63/100\n|move|p1a: Farigiraf|Psychic|p2b: Gengar\n|-activate|p2b: Gengar|move: Protect\n|\n|-weather|RainDance|[upkeep]\n|-start|p2b: Gengar|perish2\n|-start|p1b: Whimsicott|perish2\n|-start|p1a: Farigiraf|perish2\n|upkeep\n|turn|4\n|\n|t:|1775923872\n|move|p2a: Sinistcha|Rage Powder|p2a: Sinistcha\n|-singleturn|p2a: Sinistcha|move: Rage Powder\n|move|p1b: Whimsicott|Encore|p2b: Gengar\n|-start|p2b: Gengar|Encore\n|move|p2b: Gengar|Protect||[still]\n|-fail|p2b: Gengar\n|move|p1a: Farigiraf|Psychic|p2a: Sinistcha\n|-damage|p2a: Sinistcha|24/100\n|-unboost|p2a: Sinistcha|spd|1\n|\n|-weather|RainDance|[upkeep]\n|-start|p2b: Gengar|perish1\n|-start|p1b: Whimsicott|perish1\n|-start|p1a: Farigiraf|perish1\n|upkeep\n|turn|5\n|\n|t:|1775923896\n|switch|p2b: Politoed|Politoed, L50, F|83/100\n|move|p2a: Sinistcha|Protect|p2a: Sinistcha\n|-singleturn|p2a: Sinistcha|Protect\n|move|p1b: Whimsicott|Moonblast|p2b: Politoed\n|-damage|p2b: Politoed|57/100\n|move|p1a: Farigiraf|Psychic|p2a: Sinistcha\n|-activate|p2a: Sinistcha|move: Protect\n|\n|-weather|RainDance|[upkeep]\n|-heal|p2b: Politoed|63/100|[from] item: Leftovers\n|-start|p1b: Whimsicott|perish0\n|-start|p1a: Farigiraf|perish0\n|faint|p1b: Whimsicott\n|faint|p1a: Farigiraf\n|upkeep\n|\n|t:|1775923901\n|switch|p1b: Floette|Floette-Eternal, L50, F|100/100\n|turn|6\n|-message|lolgz forfeited.\n|\n|win|shadow perish\n|raw|lolgz's rating: 1145 &rarr; <strong>1120</strong><br />(-25 for losing)\n|raw|shadow perish's rating: 1148 &rarr; <strong>1173</strong><br />(+25 for winning)\n",
  "uploadtime": 1775923905,
  "views": 15,
  "formatid": "gen9championsvgc2026regma",
  "rating": 1120,
  "private": 0,
  "password": null
}