{
  "id": "gen9championsvgc2026regma-2583648564",
  "format": "[Gen 9 Champions] VGC 2026 Reg M-A",
  "players": [
    "Artuts321",
    "bolachoris3"
  ],
  "log": "|j|\u2606Artuts321\n|j|\u2606bolachoris3\n|t:|1776188670\n|gametype|doubles\n|player|p1|Artuts321|102|1161\n|player|p2|bolachoris3|n|1115\n|gen|9\n|tier|[Gen 9 Champions] VGC 2026 Reg M-A\n|rated|\n|rule|Species Clause: Limit one of each Pok\u00e9mon\n|rule|Item Clause: Limit 1 of each item\n|clearpoke\n|poke|p1|Gengar, L50, F|\n|poke|p1|Incineroar, L50, M|\n|poke|p1|Primarina, L50, F|\n|poke|p1|Sableye, L50, M|\n|poke|p1|Clefable, L50, M|\n|poke|p1|Sneasler, L50, F|\n|poke|p2|Palafin, L50, M|\n|poke|p2|Pelipper, L50, F|\n|poke|p2|Gengar, L50, M|\n|poke|p2|Aegislash, L50, F|\n|poke|p2|Hydrapple, L50, M|\n|poke|p2|Incineroar, L50, F|\n|teampreview|4\n|\n|t:|1776188719\n|teamsize|p1|4\n|teamsize|p2|4\n|start\n|switch|p1a: Sableye|Sableye, L50, M|100/100\n|switch|p1b: Gengar|Gengar, L50, F|100/100\n|switch|p2a: Gengar|Gengar, L50, M|100/100\n|switch|p2b: Palafin|Palafin, L50, M|100/100\n|turn|1\n|\n|t:|1776188756\n|detailschange|p1b: Gengar|Gengar-Mega, L50, F\n|-mega|p1b: Gengar|Gengar|Gengarite\n|detailschange|p2a: Gengar|Gengar-Mega, L50, M\n|-mega|p2a: Gengar|Gengar|Gengarite\n|move|p1a: Sableye|Fake Out|p2b: Palafin\n|-damage|p2b: Palafin|90/100\n|cant|p2b: Palafin|flinch\n|move|p1b: Gengar|Shadow Ball|p2a: Gengar\n|-supereffective|p2a: Gengar|1\n|-damage|p2a: Gengar|0 fnt\n|faint|p2a: Gengar\n|\n|upkeep\n|\n|t:|1776188770\n|switch|p2a: Incineroar|Incineroar, L50, F|100/100\n|-ability|p2a: Incineroar|Intimidate|boost\n|-unboost|p1a: Sableye|atk|1\n|-unboost|p1b: Gengar|atk|1\n|turn|2\n|\n|t:|1776188792\n|move|p1a: Sableye|Protect|p1a: Sableye\n|-singleturn|p1a: Sableye|Protect\n|move|p1b: Gengar|Protect|p1b: Gengar\n|-singleturn|p1b: Gengar|Protect\n|move|p2b: Palafin|Flip Turn|p1a: Sableye\n|-activate|p1a: Sableye|move: Protect\n|move|p2a: Incineroar|Darkest Lariat|p1b: Gengar\n|-activate|p1b: Gengar|move: Protect\n|\n|upkeep\n|turn|3\n|\n|t:|1776188835\n|switch|p1a: Sneasler|Sneasler, L50, F|100/100\n|move|p2b: Palafin|Flip Turn|p1a: Sneasler\n|-damage|p1a: Sneasler|66/100\n|\n|t:|1776188841\n|detailschange|p2b: Palafin|Palafin-Hero, L50, M\n|switch|p2b: Pelipper|Pelipper, L50, F|100/100|[from] Flip Turn\n|-weather|RainDance|[from] ability: Drizzle|[of] p2b: Pelipper\n|move|p1b: Gengar|Disable|p2a: Incineroar\n|-start|p2a: Incineroar|Disable|Darkest Lariat\n|move|p2a: Incineroar|Parting Shot|p1b: Gengar\n|-unboost|p1b: Gengar|atk|1\n|-unboost|p1b: Gengar|spa|1\n|\n|t:|1776188851\n|switch|p2a: Palafin|Palafin-Hero, L50, M|90/100|[from] Parting Shot\n|-activate|p2a: Palafin|ability: Zero to Hero\n|\n|-weather|RainDance|[upkeep]\n|upkeep\n|turn|4\n|\n|t:|1776188874\n|switch|p1b: Incineroar|Incineroar, L50, M|100/100\n|-ability|p1b: Incineroar|Intimidate|boost\n|-unboost|p2a: Palafin|atk|1\n|-unboost|p2b: Pelipper|atk|1\n|move|p2a: Palafin|Flip Turn|p1a: Sneasler\n|-damage|p1a: Sneasler|0 fnt\n|faint|p1a: Sneasler\n|\n|t:|1776188882\n|switch|p2a: Incineroar|Incineroar, L50, F|100/100|[from] Flip Turn\n|-ability|p2a: Incineroar|Intimidate|boost\n|-unboost|p1b: Incineroar|atk|1\n|move|p2b: Pelipper|Tailwind|p2b: Pelipper\n|-sidestart|p2: bolachoris3|move: Tailwind\n|\n|-weather|RainDance|[upkeep]\n|upkeep\n|\n|t:|1776188889\n|switch|p1a: Sableye|Sableye, L50, M|100/100\n|turn|5\n|\n|t:|1776188907\n|move|p2a: Incineroar|Fake Out|p1b: Incineroar\n|-damage|p1b: Incineroar|91/100\n|cant|p1b: Incineroar|flinch\n|move|p1a: Sableye|Encore|p2b: Pelipper\n|-start|p2b: Pelipper|Encore\n|move|p2b: Pelipper|Tailwind||[still]\n|-fail|p2b: Pelipper\n|\n|-weather|RainDance|[upkeep]\n|upkeep\n|turn|6\n|\n|t:|1776188927\n|switch|p2b: Palafin|Palafin-Hero, L50, M|90/100\n|move|p1a: Sableye|Protect|p1a: Sableye\n|-singleturn|p1a: Sableye|Protect\n|move|p2a: Incineroar|Darkest Lariat|p1a: Sableye\n|-activate|p1a: Sableye|move: Protect\n|move|p1b: Incineroar|Throat Chop|p2b: Palafin\n|-damage|p2b: Palafin|68/100\n|-start|p2b: Palafin|Throat Chop|[silent]\n|\n|-weather|RainDance|[upkeep]\n|upkeep\n|turn|7\n|\n|t:|1776188981\n|move|p1a: Sableye|Quash|p2b: Palafin\n|-activate|p2b: Palafin|move: Quash\n|move|p2a: Incineroar|Darkest Lariat|p1a: Sableye\n|-damage|p1a: Sableye|47/100\n|move|p1b: Incineroar|Parting Shot|p2b: Palafin\n|-unboost|p2b: Palafin|atk|1\n|-unboost|p2b: Palafin|spa|1\n|\n|t:|1776188989\n|switch|p1b: Gengar|Gengar-Mega, L50, F|100/100|[from] Parting Shot\n|move|p2b: Palafin|Aqua Tail|p1b: Gengar\n|-damage|p1b: Gengar|28/100\n|\n|-weather|none\n|-end|p2b: Palafin|Throat Chop|[silent]\n|-sideend|p2: bolachoris3|move: Tailwind\n|upkeep\n|turn|8\n|\n|t:|1776189012\n|move|p1a: Sableye|Quash|p2b: Palafin\n|-activate|p2b: Palafin|move: Quash\n|move|p1b: Gengar|Shadow Ball|p2b: Palafin\n|-damage|p2b: Palafin|22/100\n|move|p2a: Incineroar|Parting Shot|p1b: Gengar\n|-unboost|p1b: Gengar|atk|1\n|-unboost|p1b: Gengar|spa|1\n|\n|t:|1776189021\n|switch|p2a: Pelipper|Pelipper, L50, F|100/100|[from] Parting Shot\n|-weather|RainDance|[from] ability: Drizzle|[of] p2a: Pelipper\n|move|p2b: Palafin|Aqua Tail|p1a: Sableye|[miss]\n|-miss|p2b: Palafin|p1a: Sableye\n|\n|-weather|RainDance|[upkeep]\n|upkeep\n|turn|9\n|\n|t:|1776189076\n|move|p1a: Sableye|Protect|p1a: Sableye\n|-singleturn|p1a: Sableye|Protect\n|move|p1b: Gengar|Protect|p1b: Gengar\n|-singleturn|p1b: Gengar|Protect\n|move|p2b: Palafin|Aqua Tail|p1a: Sableye\n|-activate|p1a: Sableye|move: Protect\n|move|p2a: Pelipper|Tailwind|p2a: Pelipper\n|-sidestart|p2: bolachoris3|move: Tailwind\n|\n|-weather|RainDance|[upkeep]\n|upkeep\n|turn|10\n|\n|t:|1776189095\n|move|p1a: Sableye|Encore|p2a: Pelipper\n|-start|p2a: Pelipper|Encore\n|move|p2b: Palafin|Aqua Tail|p1a: Sableye\n|-damage|p1a: Sableye|0 fnt\n|faint|p1a: Sableye\n|move|p1b: Gengar|Shadow Ball|p2b: Palafin\n|-damage|p2b: Palafin|0 fnt\n|faint|p2b: Palafin\n|move|p2a: Pelipper|Tailwind||[still]\n|-fail|p2a: Pelipper\n|\n|-weather|RainDance|[upkeep]\n|upkeep\n|\n|t:|1776189107\n|switch|p2b: Incineroar|Incineroar, L50, F|100/100\n|switch|p1a: Incineroar|Incineroar, L50, M|91/100\n|-ability|p2b: Incineroar|Intimidate|boost\n|-unboost|p1a: Incineroar|atk|1\n|-unboost|p1b: Gengar|atk|1\n|-ability|p1a: Incineroar|Intimidate|boost\n|-unboost|p2a: Pelipper|atk|1\n|-unboost|p2b: Incineroar|atk|1\n|turn|11\n|\n|t:|1776189121\n|move|p2b: Incineroar|Fake Out|p1a: Incineroar\n|-damage|p1a: Incineroar|85/100\n|cant|p1a: Incineroar|flinch\n|move|p1b: Gengar|Perish Song|p1b: Gengar\n|-start|p1a: Incineroar|perish3|[silent]\n|-start|p1b: Gengar|perish3|[silent]\n|-start|p2a: Pelipper|perish3|[silent]\n|-start|p2b: Incineroar|perish3|[silent]\n|-fieldactivate|move: Perish Song\n|move|p2a: Pelipper|Tailwind||[still]\n|-fail|p2a: Pelipper\n|\n|-weather|RainDance|[upkeep]\n|-start|p1b: Gengar|perish3\n|-start|p2b: Incineroar|perish3\n|-start|p2a: Pelipper|perish3\n|-start|p1a: Incineroar|perish3\n|upkeep\n|turn|12\n|\n|t:|1776189155\n|move|p1b: Gengar|Protect|p1b: Gengar\n|-singleturn|p1b: Gengar|Protect\n|move|p2b: Incineroar|Darkest Lariat|p1b: Gengar\n|-activate|p1b: Gengar|move: Protect\n|move|p2a: Pelipper|Tailwind||[still]\n|-fail|p2a: Pelipper\n|move|p1a: Incineroar|Parting Shot|p2b: Incineroar\n|-unboost|p2b: Incineroar|atk|1\n|-unboost|p2b: Incineroar|spa|1\n|\n|-weather|none\n|-end|p2a: Pelipper|Encore\n|-start|p1b: Gengar|perish2\n|-start|p2b: Incineroar|perish2\n|-start|p2a: Pelipper|perish2\n|-start|p1a: Incineroar|perish2\n|-sideend|p2: bolachoris3|move: Tailwind\n|upkeep\n|turn|13\n|\n|t:|1776189188\n|move|p1a: Incineroar|Protect|p1a: Incineroar\n|-singleturn|p1a: Incineroar|Protect\n|move|p1b: Gengar|Disable|p2b: Incineroar\n|-start|p2b: Incineroar|Disable|Darkest Lariat\n|cant|p2b: Incineroar|Disable|Darkest Lariat\n|move|p2a: Pelipper|Ice Beam|p1b: Gengar\n|-damage|p1b: Gengar|0 fnt\n|faint|p1b: Gengar\n|\n|-start|p2b: Incineroar|perish1\n|-start|p2a: Pelipper|perish1\n|-start|p1a: Incineroar|perish1\n|upkeep\n|turn|14\n|\n|t:|1776189217\n|move|p1a: Incineroar|Protect||[still]\n|-fail|p1a: Incineroar\n|move|p2b: Incineroar|Flare Blitz|p1a: Incineroar\n|-resisted|p1a: Incineroar|1\n|-damage|p1a: Incineroar|74/100\n|-damage|p2b: Incineroar|96/100|[from] Recoil\n|move|p2a: Pelipper|U-turn|p1a: Incineroar\n|-damage|p1a: Incineroar|68/100\n|\n|-start|p2b: Incineroar|perish0\n|-start|p2a: Pelipper|perish0\n|-start|p1a: Incineroar|perish0\n|upkeep\n|faint|p2b: Incineroar\n|faint|p2a: Pelipper\n|faint|p1a: Incineroar\n|\n|win|Artuts321\n|raw|Artuts321's rating: 1161 &rarr; <strong>1183</strong><br />(+22 for winning)\n|raw|bolachoris3's rating: 1115 &rarr; <strong>1093</strong><br />(-22 for losing)\n",
  "uploadtime": 1776189247,
  "views": 14,
  "formatid": "gen9championsvgc2026regma",
  "rating": 1093,
  "private": 0,
  "password": null
}