{
  "id": "gen9championsvgc2026regma-2584764622",
  "format": "[Gen 9 Champions] VGC 2026 Reg M-A",
  "players": [
    "Devta",
    "ThinManMono"
  ],
  "log": "|j|\u2606Devta\n|j|\u2606ThinManMono\n|t:|1776282028\n|gametype|doubles\n|player|p1|Devta|hexmaniac-gen6|1131\n|player|p2|ThinManMono|ltsurge|1102\n|gen|9\n|tier|[Gen 9 Champions] VGC 2026 Reg M-A\n|rated|\n|rule|Species Clause: Limit one of each Pok\u00e9mon\n|rule|Item Clause: Limit 1 of each item\n|clearpoke\n|poke|p1|Gardevoir, L50, F|\n|poke|p1|Hydreigon, L50, M|\n|poke|p1|Incineroar, L50, M|\n|poke|p1|Rotom-Wash, L50|\n|poke|p1|Skarmory, L50, M|\n|poke|p1|Sneasler, L50, M|\n|poke|p2|Steelix, L50, F|\n|poke|p2|Farigiraf, L50, F|\n|poke|p2|Hatterene, L50, F|\n|poke|p2|Tyranitar, L50, F|\n|poke|p2|Excadrill, L50, M|\n|poke|p2|Stunfisk, L50, F|\n|teampreview|4\n|inactive|Battle timer is ON: inactive players will automatically lose when time's up. (requested by Devta)\n|inactive|ThinManMono also wants the timer to be on.\n|\n|t:|1776282058\n|teamsize|p1|4\n|teamsize|p2|4\n|start\n|switch|p1a: Hydreigon|Hydreigon, L50, M|100/100\n|switch|p1b: Gardevoir|Gardevoir, L50, F, shiny|100/100\n|switch|p2a: Conquest|Steelix, L50, F, shiny|100/100\n|switch|p2b: Allen|Tyranitar, L50, F|100/100\n|-weather|Sandstorm|[from] ability: Sand Stream|[of] p2b: Allen\n|turn|1\n|\n|t:|1776282080\n|detailschange|p2a: Conquest|Steelix-Mega, L50, F, shiny\n|-mega|p2a: Conquest|Steelix|Steelixite\n|move|p1b: Gardevoir|Protect|p1b: Gardevoir\n|-singleturn|p1b: Gardevoir|Protect\n|move|p1a: Hydreigon|Bulldoze|p2b: Allen|[spread] p2a,p2b\n|-activate|p1b: Gardevoir|move: Protect\n|-supereffective|p2a: Conquest|1\n|-supereffective|p2b: Allen|1\n|-damage|p2a: Conquest|91/100\n|-damage|p2b: Allen|86/100\n|-unboost|p2a: Conquest|spe|1\n|-unboost|p2b: Allen|spe|1\n|move|p2b: Allen|Rock Slide|p1a: Hydreigon|[spread] p1a\n|-activate|p1b: Gardevoir|move: Protect\n|-damage|p1a: Hydreigon|65/100\n|move|p2a: Conquest|Iron Defense|p2a: Conquest\n|-boost|p2a: Conquest|def|2\n|\n|-weather|Sandstorm|[upkeep]\n|-damage|p1a: Hydreigon|59/100|[from] Sandstorm\n|-damage|p1b: Gardevoir|94/100|[from] Sandstorm\n|upkeep\n|turn|2\n|inactive|Devta has 30 seconds left.\n|\n|t:|1776282107\n|switch|p1a: Rotom|Rotom-Wash, L50, shiny|100/100\n|detailschange|p1b: Gardevoir|Gardevoir-Mega, L50, F, shiny\n|-mega|p1b: Gardevoir|Gardevoir|Gardevoirite\n|move|p2b: Allen|Protect|p2b: Allen\n|-singleturn|p2b: Allen|Protect\n|move|p1b: Gardevoir|Vacuum Wave|p2a: Conquest\n|-supereffective|p2a: Conquest|1\n|-damage|p2a: Conquest|47/100\n|move|p2a: Conquest|Heavy Slam|p1b: Gardevoir\n|-supereffective|p1b: Gardevoir|1\n|-damage|p1b: Gardevoir|0 fnt\n|faint|p1b: Gardevoir\n|\n|-weather|Sandstorm|[upkeep]\n|-damage|p1a: Rotom|95/100|[from] Sandstorm\n|upkeep\n|\n|t:|1776282117\n|switch|p1b: Sneasler|Sneasler, L50, M|100/100\n|turn|3\n|\n|t:|1776282132\n|move|p2a: Conquest|Protect|p2a: Conquest\n|-singleturn|p2a: Conquest|Protect\n|move|p1b: Sneasler|Close Combat|p2b: Allen\n|-supereffective|p2b: Allen|2\n|-enditem|p2b: Allen|Chople Berry|[eat]\n|-enditem|p2b: Allen|Chople Berry|[weaken]\n|-damage|p2b: Allen|0 fnt\n|-unboost|p1b: Sneasler|def|1\n|-unboost|p1b: Sneasler|spd|1\n|faint|p2b: Allen\n|-enditem|p1b: Sneasler|White Herb\n|-clearnegativeboost|p1b: Sneasler|[silent]\n|move|p1a: Rotom|Hydro Pump|p2a: Conquest\n|-activate|p2a: Conquest|move: Protect\n|\n|-weather|Sandstorm|[upkeep]\n|-damage|p1b: Sneasler|95/100|[from] Sandstorm\n|-damage|p1a: Rotom|89/100|[from] Sandstorm\n|upkeep\n|\n|t:|1776282146\n|switch|p2b: Invincible|Excadrill, L50, M|100/100\n|turn|4\n|\n|t:|1776282166\n|move|p1b: Sneasler|Protect|p1b: Sneasler\n|-singleturn|p1b: Sneasler|Protect\n|move|p2b: Invincible|Double-Edge|p1a: Rotom\n|-damage|p1a: Rotom|44/100\n|-enditem|p1a: Rotom|Sitrus Berry|[eat]\n|-heal|p1a: Rotom|69/100|[from] item: Sitrus Berry\n|-damage|p2b: Invincible|88/100|[from] Recoil\n|move|p1a: Rotom|Hydro Pump|p2a: Conquest|[miss]\n|-miss|p1a: Rotom|p2a: Conquest\n|move|p2a: Conquest|Body Press|p1a: Rotom\n|-damage|p1a: Rotom|0 fnt\n|faint|p1a: Rotom\n|\n|-weather|Sandstorm|[upkeep]\n|-damage|p1b: Sneasler|89/100|[from] Sandstorm\n|upkeep\n|\n|t:|1776282177\n|switch|p1a: Hydreigon|Hydreigon, L50, M|59/100\n|turn|5\n|\n|t:|1776282200\n|switch|p2b: Oliver|Stunfisk, L50, F|100/100\n|move|p2a: Conquest|Protect|p2a: Conquest\n|-singleturn|p2a: Conquest|Protect\n|move|p1b: Sneasler|Close Combat|p2b: Oliver\n|-damage|p2b: Oliver|49/100\n|-unboost|p1b: Sneasler|def|1\n|-unboost|p1b: Sneasler|spd|1\n|move|p1a: Hydreigon|Dark Pulse|p2a: Conquest\n|-activate|p2a: Conquest|move: Protect\n|\n|-weather|none\n|upkeep\n|turn|6\n|inactive|ThinManMono has 30 seconds left.\n|inactive|Devta has 30 seconds left.\n|\n|t:|1776282237\n|move|p1b: Sneasler|Close Combat|p2a: Conquest\n|-supereffective|p2a: Conquest|1\n|-damage|p2a: Conquest|18/100\n|-unboost|p1b: Sneasler|def|1\n|-unboost|p1b: Sneasler|spd|1\n|move|p1a: Hydreigon|Dark Pulse|p2a: Conquest\n|-damage|p2a: Conquest|0 fnt\n|faint|p2a: Conquest\n|move|p2b: Oliver|Earth Power|p1b: Sneasler\n|-supereffective|p1b: Sneasler|1\n|-damage|p1b: Sneasler|0 fnt\n|faint|p1b: Sneasler\n|\n|upkeep\n|\n|t:|1776282245\n|switch|p2a: Invincible|Excadrill, L50, M|88/100\n|turn|7\n|\n|t:|1776282260\n|move|p1a: Hydreigon|Dark Pulse|p2a: Invincible\n|-damage|p2a: Invincible|23/100\n|move|p2a: Invincible|Double-Edge|p1a: Hydreigon\n|-damage|p1a: Hydreigon|6/100\n|-damage|p2a: Invincible|8/100|[from] Recoil\n|move|p2b: Oliver|Earth Power|p1a: Hydreigon\n|-immune|p1a: Hydreigon|[from] ability: Levitate\n|\n|upkeep\n|turn|8\n|\n|t:|1776282277\n|move|p1a: Hydreigon|Dark Pulse|p2a: Invincible\n|-damage|p2a: Invincible|0 fnt\n|faint|p2a: Invincible\n|move|p2b: Oliver|Scald|p1a: Hydreigon\n|-resisted|p1a: Hydreigon|1\n|-damage|p1a: Hydreigon|0 fnt\n|faint|p1a: Hydreigon\n|\n|win|ThinManMono\n|raw|Devta's rating: 1131 &rarr; <strong>1104</strong><br />(-27 for losing)\n|raw|ThinManMono's rating: 1102 &rarr; <strong>1129</strong><br />(+27 for winning)\n",
  "uploadtime": 1776282277,
  "views": 19,
  "formatid": "gen9championsvgc2026regma",
  "rating": 1104,
  "private": 0,
  "password": null
}