{
  "id": "gen9championsvgc2026regma-2586498860",
  "format": "[Gen 9 Champions] VGC 2026 Reg M-A",
  "players": [
    "Ferchuu9",
    "mdrampavgc"
  ],
  "log": "|j|\u2606Ferchuu9\n|j|\u2606mdrampavgc\n|t:|1776438867\n|gametype|doubles\n|player|p1|Ferchuu9|169|1180\n|player|p2|mdrampavgc|169|1249\n|gen|9\n|tier|[Gen 9 Champions] VGC 2026 Reg M-A\n|rated|\n|rule|Species Clause: Limit one of each Pok\u00e9mon\n|rule|Item Clause: Limit 1 of each item\n|clearpoke\n|poke|p1|Mimikyu, L50, M|\n|poke|p1|Incineroar, L50, F|\n|poke|p1|Charizard, L50, M|\n|poke|p1|Sinistcha, L50|\n|poke|p1|Dragapult, L50, F|\n|poke|p1|Golurk, L50|\n|poke|p2|Drampa, L50, M|\n|poke|p2|Farigiraf, L50, F|\n|poke|p2|Aegislash, L50, M|\n|poke|p2|Incineroar, L50, F|\n|poke|p2|Primarina, L50, M|\n|poke|p2|Mamoswine, L50, M|\n|teampreview|4\n|\n|t:|1776438925\n|teamsize|p1|4\n|teamsize|p2|4\n|start\n|switch|p1a: Incineroar|Incineroar, L50, F|100/100\n|switch|p1b: Charizard|Charizard, L50, M|100/100\n|switch|p2a: Farigiraf|Farigiraf, L50, F|100/100\n|switch|p2b: Incineroar|Incineroar, L50, F|100/100\n|-ability|p2b: Incineroar|Intimidate|boost\n|-unboost|p1a: Incineroar|atk|1\n|-unboost|p1b: Charizard|atk|1\n|-ability|p1a: Incineroar|Intimidate|boost\n|-unboost|p2a: Farigiraf|atk|1\n|-unboost|p2b: Incineroar|atk|1\n|turn|1\n|\n|t:|1776438956\n|detailschange|p1b: Charizard|Charizard-Mega-Y, L50, M\n|-mega|p1b: Charizard|Charizard|Charizardite Y\n|-weather|SunnyDay|[from] ability: Drought|[of] p1b: Charizard\n|move|p1b: Charizard|Protect|p1b: Charizard\n|-singleturn|p1b: Charizard|Protect\n|move|p2b: Incineroar|Parting Shot|p1b: Charizard\n|-activate|p1b: Charizard|move: Protect\n|move|p1a: Incineroar|Throat Chop|p2a: Farigiraf\n|-supereffective|p2a: Farigiraf|1\n|-damage|p2a: Farigiraf|73/100\n|-start|p2a: Farigiraf|Throat Chop|[silent]\n|move|p2a: Farigiraf|Trick Room|p2a: Farigiraf\n|-fieldstart|move: Trick Room|[of] p2a: Farigiraf\n|\n|-weather|SunnyDay|[upkeep]\n|upkeep\n|turn|2\n|\n|t:|1776438975\n|switch|p2a: Primarina|Primarina, L50, M|100/100\n|move|p1a: Incineroar|Parting Shot|p2a: Primarina\n|-unboost|p2a: Primarina|atk|1\n|-unboost|p2a: Primarina|spa|1\n|\n|t:|1776438982\n|switch|p1a: Dragapult|Dragapult, L50, F|100/100|[from] Parting Shot\n|move|p2b: Incineroar|Parting Shot|p1b: Charizard\n|-unboost|p1b: Charizard|atk|1\n|-unboost|p1b: Charizard|spa|1\n|\n|t:|1776438988\n|switch|p2b: Drampa|Drampa, L50, M|100/100|[from] Parting Shot\n|-ability|p2b: Drampa|Cloud Nine\n|move|p1b: Charizard|Heat Wave|p2a: Primarina|[spread] p2a\n|-miss|p1b: Charizard|p2b: Drampa\n|-resisted|p2a: Primarina|1\n|-damage|p2a: Primarina|87/100\n|\n|-weather|SunnyDay|[upkeep]\n|upkeep\n|turn|3\n|\n|t:|1776439021\n|switch|p2b: Incineroar|Incineroar, L50, F|100/100\n|-ability|p2b: Incineroar|Intimidate|boost\n|-fail|p1a: Dragapult|unboost|[from] ability: Clear Body|[of] p1a: Dragapult\n|-unboost|p1b: Charizard|atk|1\n|switch|p1a: Incineroar|Incineroar, L50, F|100/100\n|-ability|p1a: Incineroar|Intimidate|boost\n|-unboost|p2a: Primarina|atk|1\n|-unboost|p2b: Incineroar|atk|1\n|move|p1b: Charizard|Protect|p1b: Charizard\n|-singleturn|p1b: Charizard|Protect\n|move|p2a: Primarina|Moonblast|p1a: Incineroar\n|-damage|p1a: Incineroar|75/100\n|-unboost|p1a: Incineroar|spa|1\n|\n|-weather|SunnyDay|[upkeep]\n|upkeep\n|turn|4\n|\n|t:|1776439047\n|switch|p2a: Farigiraf|Farigiraf, L50, F|73/100\n|switch|p1b: Sinistcha|Sinistcha, L50|100/100\n|-heal|p1a: Incineroar|99/100|[from] ability: Hospitality|[of] p1b: Sinistcha\n|move|p2b: Incineroar|Fake Out|p1b: Sinistcha\n|-immune|p1b: Sinistcha\n|move|p1a: Incineroar|Parting Shot|p2a: Farigiraf\n|-unboost|p2a: Farigiraf|atk|1\n|-unboost|p2a: Farigiraf|spa|1\n|\n|t:|1776439062\n|switch|p1a: Charizard|Charizard-Mega-Y, L50, M|100/100|[from] Parting Shot\n|\n|-weather|SunnyDay|[upkeep]\n|upkeep\n|turn|5\n|\n|t:|1776439084\n|switch|p2a: Primarina|Primarina, L50, M|87/100\n|move|p1b: Sinistcha|Protect|p1b: Sinistcha\n|-singleturn|p1b: Sinistcha|Protect\n|move|p2b: Incineroar|Flare Blitz|p1b: Sinistcha\n|-activate|p1b: Sinistcha|move: Protect\n|move|p1a: Charizard|Air Slash|p2b: Incineroar\n|-damage|p2b: Incineroar|70/100\n|\n|-weather|none\n|-fieldend|move: Trick Room\n|upkeep\n|turn|6\n|\n|t:|1776439104\n|switch|p1a: Dragapult|Dragapult, L50, F|100/100\n|switch|p1b: Incineroar|Incineroar, L50, F|99/100\n|-ability|p1b: Incineroar|Intimidate|boost\n|-unboost|p2a: Primarina|atk|1\n|-unboost|p2b: Incineroar|atk|1\n|move|p2b: Incineroar|Parting Shot|p1b: Incineroar\n|-unboost|p1b: Incineroar|atk|1\n|-unboost|p1b: Incineroar|spa|1\n|\n|t:|1776439114\n|switch|p2b: Farigiraf|Farigiraf, L50, F|73/100|[from] Parting Shot\n|move|p2a: Primarina|Hyper Voice|p1a: Dragapult|[spread] p1a,p1b\n|-resisted|p1a: Dragapult|1\n|-supereffective|p1b: Incineroar|1\n|-damage|p1a: Dragapult|71/100\n|-damage|p1b: Incineroar|32/100\n|-enditem|p1b: Incineroar|Sitrus Berry|[eat]\n|-heal|p1b: Incineroar|56/100|[from] item: Sitrus Berry\n|\n|upkeep\n|turn|7\n|\n|t:|1776439148\n|switch|p2b: Incineroar|Incineroar, L50, F|70/100\n|-ability|p2b: Incineroar|Intimidate|boost\n|-fail|p1a: Dragapult|unboost|[from] ability: Clear Body|[of] p1a: Dragapult\n|-unboost|p1b: Incineroar|atk|1\n|switch|p1b: Charizard|Charizard-Mega-Y, L50, M|100/100\n|-weather|SunnyDay|[from] ability: Drought|[of] p1b: Charizard\n|move|p1a: Dragapult|Thunder|p2a: Primarina|[miss]\n|-miss|p1a: Dragapult|p2a: Primarina\n|move|p2a: Primarina|Hyper Voice|p1b: Charizard|[spread] p1a,p1b\n|-resisted|p1a: Dragapult|1\n|-supereffective|p1b: Charizard|1\n|-damage|p1a: Dragapult|57/100\n|-damage|p1b: Charizard|58/100\n|\n|-weather|SunnyDay|[upkeep]\n|upkeep\n|turn|8\n|\n|t:|1776439180\n|switch|p1a: Incineroar|Incineroar, L50, F|56/100\n|-ability|p1a: Incineroar|Intimidate|boost\n|-unboost|p2a: Primarina|atk|1\n|-unboost|p2b: Incineroar|atk|1\n|move|p1b: Charizard|Solar Beam||[still]\n|-prepare|p1b: Charizard|Solar Beam\n|-anim|p1b: Charizard|Solar Beam|p2a: Primarina\n|-supereffective|p2a: Primarina|1\n|-damage|p2a: Primarina|6/100\n|move|p2b: Incineroar|Darkest Lariat|p1a: Incineroar\n|-resisted|p1a: Incineroar|1\n|-damage|p1a: Incineroar|48/100\n|move|p2a: Primarina|Moonblast|p1a: Incineroar\n|-damage|p1a: Incineroar|8/100\n|\n|-weather|SunnyDay|[upkeep]\n|upkeep\n|turn|9\n|\n|t:|1776439203\n|move|p2a: Primarina|Protect|p2a: Primarina\n|-singleturn|p2a: Primarina|Protect\n|move|p1a: Incineroar|Fake Out|p2a: Primarina\n|-activate|p2a: Primarina|move: Protect\n|move|p1b: Charizard|Air Slash|p2b: Incineroar\n|-damage|p2b: Incineroar|36/100\n|move|p2b: Incineroar|Parting Shot|p1b: Charizard\n|-unboost|p1b: Charizard|atk|1\n|-unboost|p1b: Charizard|spa|1\n|\n|t:|1776439217\n|switch|p2b: Farigiraf|Farigiraf, L50, F|73/100|[from] Parting Shot\n|\n|-weather|SunnyDay|[upkeep]\n|upkeep\n|turn|10\n|\n|t:|1776439230\n|switch|p2a: Drampa|Drampa, L50, M|100/100\n|-ability|p2a: Drampa|Cloud Nine\n|move|p1b: Charizard|Heat Wave|p2a: Drampa|[spread] p2a,p2b\n|-resisted|p2a: Drampa|1\n|-damage|p2a: Drampa|86/100\n|-damage|p2b: Farigiraf|45/100\n|-enditem|p2b: Farigiraf|Sitrus Berry|[eat]\n|-heal|p2b: Farigiraf|70/100|[from] item: Sitrus Berry\n|move|p1a: Incineroar|Parting Shot|p2a: Drampa\n|-unboost|p2a: Drampa|atk|1\n|-unboost|p2a: Drampa|spa|1\n|\n|t:|1776439243\n|switch|p1a: Sinistcha|Sinistcha, L50|100/100|[from] Parting Shot\n|-heal|p1b: Charizard|82/100|[from] ability: Hospitality|[of] p1a: Sinistcha\n|move|p2b: Farigiraf|Trick Room|p2b: Farigiraf\n|-fieldstart|move: Trick Room|[of] p2b: Farigiraf\n|\n|-weather|SunnyDay|[upkeep]\n|upkeep\n|turn|11\n|\n|t:|1776439262\n|switch|p1b: Incineroar|Incineroar, L50, F|8/100\n|-ability|p1b: Incineroar|Intimidate|boost\n|-unboost|p2a: Drampa|atk|1\n|-unboost|p2b: Farigiraf|atk|1\n|move|p2a: Drampa|Calm Mind|p2a: Drampa\n|-boost|p2a: Drampa|spa|1\n|-boost|p2a: Drampa|spd|1\n|move|p2b: Farigiraf|Shadow Ball|p1a: Sinistcha\n|-supereffective|p1a: Sinistcha|1\n|-damage|p1a: Sinistcha|57/100\n|move|p1a: Sinistcha|Matcha Gotcha|p2b: Farigiraf|[spread] p2a,p2b\n|-resisted|p2a: Drampa|1\n|-damage|p2a: Drampa|74/100\n|-heal|p1a: Sinistcha|64/100|[from] drain|[of] p2a: Drampa\n|-damage|p2b: Farigiraf|39/100\n|-heal|p1a: Sinistcha|88/100|[from] drain|[of] p2b: Farigiraf\n|\n|-weather|none\n|-heal|p1a: Sinistcha|94/100|[from] item: Leftovers\n|upkeep\n|turn|12\n|\n|t:|1776439294\n|move|p2a: Drampa|Protect|p2a: Drampa\n|-singleturn|p2a: Drampa|Protect\n|move|p1b: Incineroar|Parting Shot|p2a: Drampa\n|-activate|p2a: Drampa|move: Protect\n|move|p2b: Farigiraf|Shadow Ball|p1b: Incineroar\n|-resisted|p1b: Incineroar|1\n|-damage|p1b: Incineroar|0 fnt\n|faint|p1b: Incineroar\n|move|p1a: Sinistcha|Matcha Gotcha|p2a: Drampa|[spread] p2b\n|-activate|p2a: Drampa|move: Protect\n|-crit|p2b: Farigiraf\n|-damage|p2b: Farigiraf|0 fnt\n|-heal|p1a: Sinistcha|100/100|[from] drain|[of] p2b: Farigiraf\n|faint|p2b: Farigiraf\n|\n|upkeep\n|\n|t:|1776439314\n|switch|p1b: Charizard|Charizard-Mega-Y, L50, M|82/100\n|switch|p2b: Primarina|Primarina, L50, M|6/100\n|-weather|SunnyDay|[from] ability: Drought|[of] p1b: Charizard\n|turn|13\n|\n|t:|1776439336\n|move|p2b: Primarina|Protect|p2b: Primarina\n|-singleturn|p2b: Primarina|Protect\n|move|p1b: Charizard|Protect|p1b: Charizard\n|-singleturn|p1b: Charizard|Protect\n|move|p2a: Drampa|Calm Mind|p2a: Drampa\n|-boost|p2a: Drampa|spa|1\n|-boost|p2a: Drampa|spd|1\n|move|p1a: Sinistcha|Matcha Gotcha|p2a: Drampa|[spread] p2a\n|-activate|p2b: Primarina|move: Protect\n|-resisted|p2a: Drampa|1\n|-damage|p2a: Drampa|65/100\n|\n|-weather|SunnyDay|[upkeep]\n|upkeep\n|turn|14\n|\n|t:|1776439359\n|switch|p1b: Dragapult|Dragapult, L50, F|57/100\n|move|p2a: Drampa|Hyper Voice|p1a: Sinistcha|[spread] \n|-immune|p1a: Sinistcha\n|-immune|p1b: Dragapult\n|move|p2b: Primarina|Hyper Voice|p1a: Sinistcha|[spread] p1a,p1b\n|-resisted|p1a: Sinistcha|1\n|-resisted|p1b: Dragapult|1\n|-damage|p1a: Sinistcha|76/100\n|-damage|p1b: Dragapult|31/100\n|move|p1a: Sinistcha|Matcha Gotcha|p2a: Drampa|[spread] p2a,p2b\n|-resisted|p2a: Drampa|1\n|-supereffective|p2b: Primarina|1\n|-damage|p2a: Drampa|56/100\n|-heal|p1a: Sinistcha|81/100|[from] drain|[of] p2a: Drampa\n|-damage|p2b: Primarina|0 fnt\n|-heal|p1a: Sinistcha|85/100|[from] drain|[of] p2b: Primarina\n|faint|p2b: Primarina\n|\n|-weather|SunnyDay|[upkeep]\n|-heal|p1a: Sinistcha|91/100|[from] item: Leftovers\n|-fieldend|move: Trick Room\n|upkeep\n|\n|t:|1776439364\n|switch|p2b: Incineroar|Incineroar, L50, F|36/100\n|-ability|p2b: Incineroar|Intimidate|boost\n|-unboost|p1a: Sinistcha|atk|1\n|-fail|p1b: Dragapult|unboost|[from] ability: Clear Body|[of] p1b: Dragapult\n|turn|15\n|\n|t:|1776439400\n|switch|p1b: Charizard|Charizard-Mega-Y, L50, M|82/100\n|move|p2a: Drampa|Protect|p2a: Drampa\n|-singleturn|p2a: Drampa|Protect\n|move|p2b: Incineroar|Darkest Lariat|p1b: Charizard\n|-damage|p1b: Charizard|40/100\n|move|p1a: Sinistcha|Matcha Gotcha|p2b: Incineroar|[spread] p2b\n|-activate|p2a: Drampa|move: Protect\n|-resisted|p2b: Incineroar|1\n|-damage|p2b: Incineroar|24/100\n|-heal|p1a: Sinistcha|99/100|[from] drain|[of] p2b: Incineroar\n|\n|-weather|SunnyDay|[upkeep]\n|-heal|p1a: Sinistcha|100/100|[from] item: Leftovers\n|upkeep\n|turn|16\n|\n|t:|1776439422\n|switch|p1a: Dragapult|Dragapult, L50, F|31/100\n|detailschange|p2a: Drampa|Drampa-Mega, L50, M\n|-mega|p2a: Drampa|Drampa|Drampanite\n|move|p1b: Charizard|Protect|p1b: Charizard\n|-singleturn|p1b: Charizard|Protect\n|move|p2b: Incineroar|Flare Blitz|p1b: Charizard\n|-activate|p1b: Charizard|move: Protect\n|move|p2a: Drampa|Dragon Pulse|p1a: Dragapult\n|-supereffective|p1a: Dragapult|1\n|-damage|p1a: Dragapult|0 fnt\n|faint|p1a: Dragapult\n|\n|-weather|SunnyDay|[upkeep]\n|upkeep\n|\n|t:|1776439438\n|switch|p1a: Sinistcha|Sinistcha, L50|100/100\n|-heal|p1b: Charizard|64/100|[from] ability: Hospitality|[of] p1a: Sinistcha\n|turn|17\n|\n|t:|1776439449\n|move|p1b: Charizard|Heat Wave|p2b: Incineroar|[spread] p2a,p2b\n|-resisted|p2a: Drampa|1\n|-resisted|p2b: Incineroar|1\n|-damage|p2a: Drampa|43/100\n|-damage|p2b: Incineroar|3/100\n|-ability|p2a: Drampa|Berserk|boost\n|-boost|p2a: Drampa|spa|1\n|move|p2b: Incineroar|Flare Blitz|p1a: Sinistcha\n|-supereffective|p1a: Sinistcha|1\n|-damage|p1a: Sinistcha|0 fnt\n|faint|p1a: Sinistcha\n|-damage|p2b: Incineroar|0 fnt|[from] Recoil\n|faint|p2b: Incineroar\n|move|p2a: Drampa|Hyper Voice|p1b: Charizard\n|-damage|p1b: Charizard|0 fnt\n|faint|p1b: Charizard\n|\n|win|mdrampavgc\n|raw|Ferchuu9's rating: 1180 &rarr; <strong>1160</strong><br />(-20 for losing)\n|raw|mdrampavgc's rating: 1249 &rarr; <strong>1269</strong><br />(+20 for winning)\n|l|\u2606Ferchuu9\n|player|p1|\n",
  "uploadtime": 1776439465,
  "views": 27,
  "formatid": "gen9championsvgc2026regma",
  "rating": 1160,
  "private": 0,
  "password": null
}