{
  "id": "gen9championsvgc2026regma-2582701586",
  "format": "[Gen 9 Champions] VGC 2026 Reg M-A",
  "players": [
    "porygon-epilepz",
    "MilkTeaWayGalaxy"
  ],
  "log": "|j|\u2606porygon-epilepz\n|j|\u2606MilkTeaWayGalaxy\n|html|<table width=\"100%\"><tr><td align=\"left\">porygon-epilepz</td><td align=\"right\">MilkTeaWayGalaxy</tr><tr><td align=\"left\"><i class=\"fa fa-circle\"></i> <i class=\"fa fa-circle-o\"></i> </td><td align=\"right\"><i class=\"fa fa-circle-o\"></i> <i class=\"fa fa-circle\"></i> </tr></table>\n|uhtml|bestof|<h2><strong>Game 3</strong> of <a href=\"/game-bestof3-gen9championsvgc2026regma-2582692703\">a best-of-3</a></h2>\n|t:|1776108250\n|gametype|doubles\n|player|p1|porygon-epilepz|hiker-gen4|\n|player|p2|MilkTeaWayGalaxy|rosa-pokestar3|\n|gen|9\n|tier|[Gen 9 Champions] VGC 2026 Reg M-A\n|rated|Tournament battle\n|rule|Species Clause: Limit one of each Pok\u00e9mon\n|rule|Item Clause: Limit 1 of each item\n|raw|<div class=\"infobox\"><details class=\"readmore\" open><summary><strong>2 custom rules:</strong></summary> Force Open Team Sheets, Best of = 3</details></div>\n|clearpoke\n|poke|p1|Kommo-o, L50, F|\n|poke|p1|Incineroar, L50, F|\n|poke|p1|Glimmora, L50, M|\n|poke|p1|Sinistcha, L50|\n|poke|p1|Talonflame, L50, F|\n|poke|p1|Rotom-Wash, L50|\n|poke|p2|Froslass, L50, F|\n|poke|p2|Sinistcha, L50|\n|poke|p2|Kingambit, L50, F|\n|poke|p2|Sneasler, L50, F|\n|poke|p2|Incineroar, L50, M|\n|poke|p2|Basculegion, L50, M|\n|teampreview|4\n|showteam|p1|Kommo-o||Leftovers|Overcoat|ClangorousSoul,ClangingScales,Protect,AuraSphere|||F|||50|]Incineroar||ShucaBerry|Intimidate|FakeOut,FlareBlitz,ThroatChop,PartingShot|||F|||50|]Glimmora||Glimmoranite|ToxicDebris|PowerGem,SludgeBomb,SpikyShield,EarthPower|||M|||50|]Sinistcha||SitrusBerry|Hospitality|RagePowder,Protect,LifeDew,MatchaGotcha||||||50|]Talonflame||FocusSash|GaleWings|Tailwind,QuickGuard,DualWingbeat,Protect|||F|||50|]Rotom-Wash||RindoBerry|Levitate|Thunderbolt,WillOWisp,HydroPump,Protect||||||50|\n|showteam|p2|Froslass||Froslassite|CursedBody|Protect,Blizzard,AuroraVeil,ShadowBall|||F|||50|]Sinistcha||SitrusBerry|Hospitality|MatchaGotcha,RagePowder,LifeDew,Protect||||||50|]Kingambit||BlackGlasses|Defiant|SuckerPunch,KowtowCleave,IronHead,Protect|||F|||50|]Sneasler||WhiteHerb|Unburden|Coaching,Protect,DireClaw,CloseCombat|||F|||50|]Incineroar||Leftovers|Intimidate|DarkestLariat,FlareBlitz,FakeOut,PartingShot|||M|||50|]Basculegion||MysticWater|Adaptability|WaveCrash,Protect,AquaJet,LastRespects|||M|||50|\n|j| 1#MiraidonHater\n|\n|t:|1776108323\n|teamsize|p1|4\n|teamsize|p2|4\n|start\n|switch|p1a: Talonflame|Talonflame, L50, F|100/100\n|switch|p1b: Glimmora|Glimmora, L50, M|100/100\n|switch|p2a: Froslass|Froslass, L50, F|100/100\n|switch|p2b: Kingambit|Kingambit, L50, F|100/100\n|turn|1\n|\n|t:|1776108348\n|detailschange|p1b: Glimmora|Glimmora-Mega, L50, M\n|-mega|p1b: Glimmora|Glimmora|Glimmoranite\n|move|p2a: Froslass|Protect|p2a: Froslass\n|-singleturn|p2a: Froslass|Protect\n|move|p1a: Talonflame|Tailwind|p1a: Talonflame\n|-sidestart|p1: porygon-epilepz|move: Tailwind\n|move|p1b: Glimmora|Power Gem|p2a: Froslass\n|-activate|p2a: Froslass|move: Protect\n|move|p2b: Kingambit|Iron Head|p1b: Glimmora\n|-supereffective|p1b: Glimmora|1\n|-damage|p1b: Glimmora|9/100\n|\n|upkeep\n|turn|2\n|\n|t:|1776108373\n|switch|p2a: Sneasler|Sneasler, L50, F|100/100\n|move|p1b: Glimmora|Spiky Shield|p1b: Glimmora\n|-singleturn|p1b: Glimmora|move: Protect\n|move|p1a: Talonflame|Dual Wingbeat|p2a: Sneasler\n|-supereffective|p2a: Sneasler|1\n|-damage|p2a: Sneasler|57/100\n|-supereffective|p2a: Sneasler|1\n|-damage|p2a: Sneasler|12/100\n|-hitcount|p2a: Sneasler|2\n|move|p2b: Kingambit|Kowtow Cleave|p1a: Talonflame\n|-damage|p1a: Talonflame|20/100\n|\n|upkeep\n|turn|3\n|\n|t:|1776108387\n|switch|p1b: Rotom|Rotom-Wash, L50|100/100\n|move|p2a: Sneasler|Protect|p2a: Sneasler\n|-singleturn|p2a: Sneasler|Protect\n|move|p1a: Talonflame|Dual Wingbeat|p2a: Sneasler\n|-activate|p2a: Sneasler|move: Protect\n|move|p2b: Kingambit|Kowtow Cleave|p1b: Rotom\n|-damage|p1b: Rotom|47/100\n|\n|upkeep\n|turn|4\n|\n|t:|1776108413\n|switch|p2a: Basculegion|Basculegion, L50, M|100/100\n|switch|p2b: Froslass|Froslass, L50, F|100/100\n|move|p1a: Talonflame|Dual Wingbeat|p2a: Basculegion\n|-damage|p2a: Basculegion|83/100\n|-damage|p2a: Basculegion|67/100\n|-hitcount|p2a: Basculegion|2\n|move|p1b: Rotom|Will-O-Wisp|p2b: Froslass\n|-status|p2b: Froslass|brn\n|\n|-damage|p2b: Froslass|94/100 brn|[from] brn\n|-sideend|p1: porygon-epilepz|move: Tailwind\n|upkeep\n|turn|5\n|\n|t:|1776108431\n|detailschange|p2b: Froslass|Froslass-Mega, L50, F\n|-mega|p2b: Froslass|Froslass|Froslassite\n|-weather|Snowscape|[from] ability: Snow Warning|[of] p2b: Froslass\n|move|p1a: Talonflame|Protect|p1a: Talonflame\n|-singleturn|p1a: Talonflame|Protect\n|move|p2a: Basculegion|Aqua Jet|p1a: Talonflame\n|-activate|p1a: Talonflame|move: Protect\n|move|p2b: Froslass|Aurora Veil|p2b: Froslass\n|-sidestart|p2: MilkTeaWayGalaxy|move: Aurora Veil\n|move|p1b: Rotom|Thunderbolt|p2a: Basculegion\n|-supereffective|p2a: Basculegion|1\n|-crit|p2a: Basculegion\n|-damage|p2a: Basculegion|0 fnt\n|faint|p2a: Basculegion\n|\n|-weather|Snowscape|[upkeep]\n|-damage|p2b: Froslass|88/100 brn|[from] brn\n|upkeep\n|\n|t:|1776108448\n|switch|p2a: Sneasler|Sneasler, L50, F|12/100\n|turn|6\n|\n|t:|1776108470\n|move|p1a: Talonflame|Dual Wingbeat|p2a: Sneasler\n|-supereffective|p2a: Sneasler|1\n|-damage|p2a: Sneasler|0 fnt\n|faint|p2a: Sneasler\n|-hitcount|p2: Sneasler|1\n|move|p2b: Froslass|Blizzard|p1b: Rotom|[spread] p1a,p1b\n|-resisted|p1b: Rotom|1\n|-damage|p1a: Talonflame|0 fnt\n|-damage|p1b: Rotom|32/100\n|faint|p1a: Talonflame\n|move|p1b: Rotom|Thunderbolt|p2b: Froslass\n|-damage|p2b: Froslass|61/100 brn\n|\n|-weather|Snowscape|[upkeep]\n|-damage|p2b: Froslass|55/100 brn|[from] brn\n|upkeep\n|\n|t:|1776108487\n|switch|p1a: Glimmora|Glimmora-Mega, L50, M|9/100\n|switch|p2a: Kingambit|Kingambit, L50, F|100/100\n|turn|7\n|\n|t:|1776108495\n|move|p1a: Glimmora|Spiky Shield|p1a: Glimmora\n|-singleturn|p1a: Glimmora|move: Protect\n|move|p1b: Rotom|Protect|p1b: Rotom\n|-singleturn|p1b: Rotom|Protect\n|move|p2a: Kingambit|Sucker Punch||[still]\n|-fail|p2a: Kingambit\n|move|p2b: Froslass|Shadow Ball|p1b: Rotom\n|-activate|p1b: Rotom|move: Protect\n|\n|-weather|Snowscape|[upkeep]\n|-damage|p2b: Froslass|49/100 brn|[from] brn\n|upkeep\n|turn|8\n|\n|t:|1776108535\n|move|p1a: Glimmora|Spiky Shield||[still]\n|-fail|p1a: Glimmora\n|move|p2a: Kingambit|Sucker Punch||[still]\n|-fail|p2a: Kingambit\n|move|p2b: Froslass|Shadow Ball|p1b: Rotom\n|-damage|p1b: Rotom|0 fnt\n|faint|p1b: Rotom\n|\n|-weather|Snowscape|[upkeep]\n|-damage|p2b: Froslass|43/100 brn|[from] brn\n|upkeep\n|\n|t:|1776108542\n|switch|p1b: Kommo-o|Kommo-o, L50, F|100/100\n|turn|9\n|\n|t:|1776108547\n|move|p1a: Glimmora|Spiky Shield|p1a: Glimmora\n|-singleturn|p1a: Glimmora|move: Protect\n|move|p1b: Kommo-o|Protect|p1b: Kommo-o\n|-singleturn|p1b: Kommo-o|Protect\n|move|p2a: Kingambit|Sucker Punch||[still]\n|-fail|p2a: Kingambit\n|move|p2b: Froslass|Blizzard|p1b: Kommo-o|[spread] \n|-activate|p1a: Glimmora|move: Protect\n|-activate|p1b: Kommo-o|move: Protect\n|\n|-weather|none\n|-damage|p2b: Froslass|37/100 brn|[from] brn\n|-sideend|p2: MilkTeaWayGalaxy|move: Aurora Veil\n|upkeep\n|turn|10\n|\n|t:|1776108578\n|move|p2a: Kingambit|Sucker Punch|p1a: Glimmora\n|-damage|p1a: Glimmora|0 fnt\n|faint|p1a: Glimmora\n|move|p2b: Froslass|Blizzard|p1b: Kommo-o\n|-supereffective|p1b: Kommo-o|1\n|-damage|p1b: Kommo-o|0 fnt\n|faint|p1b: Kommo-o\n|\n|win|MilkTeaWayGalaxy\n|l|\u2606porygon-epilepz\n|player|p1|\n",
  "uploadtime": 1776108256,
  "views": 23,
  "formatid": "gen9championsvgc2026regma",
  "rating": null,
  "private": 0,
  "password": null
}