{
  "id": "gen9championsvgc2026regma-2583172428",
  "format": "[Gen 9 Champions] VGC 2026 Reg M-A",
  "players": [
    "O1AM1DE",
    "jaisha4"
  ],
  "log": "|j|\u2606O1AM1DE\n|j|\u2606jaisha4\n|t:|1776150813\n|gametype|doubles\n|player|p1|O1AM1DE|cynthia-gen4|\n|player|p2|jaisha4|ghetsis-gen5bw|\n|gen|9\n|tier|[Gen 9 Champions] VGC 2026 Reg M-A\n|rule|Species Clause: Limit one of each Pok\u00e9mon\n|rule|Item Clause: Limit 1 of each item\n|clearpoke\n|poke|p1|Froslass, L50, F|\n|poke|p1|Hatterene, L50, F|\n|poke|p1|Incineroar, L50, M|\n|poke|p1|Armarouge, L50, F|\n|poke|p2|Serperior, L50, M|\n|poke|p2|Gengar, L50, F|\n|poke|p2|Altaria, L50, F|\n|poke|p2|Arcanine-Hisui, L50, F|\n|poke|p2|Pelipper, L50, M|\n|poke|p2|Aegislash, L50, F|\n|teampreview|4\n|l|\u2606O1AM1DE\n|player|p1|\n|\n|t:|1776150846\n|teamsize|p1|4\n|teamsize|p2|4\n|start\n|switch|p1a: Froslass|Froslass, L50, F|100/100\n|switch|p1b: Incineroar|Incineroar, L50, M|100/100\n|switch|p2a: Arcanine|Arcanine-Hisui, L50, F|100/100\n|switch|p2b: Gengar|Gengar, L50, F|100/100\n|-ability|p2a: Arcanine|Intimidate|boost\n|-unboost|p1a: Froslass|atk|1\n|-unboost|p1b: Incineroar|atk|1\n|-ability|p1b: Incineroar|Intimidate|boost\n|-unboost|p2a: Arcanine|atk|1\n|-unboost|p2b: Gengar|atk|1\n|turn|1\n|j|\u2606O1AM1DE\n|player|p1|O1AM1DE|cynthia-gen4|\n|\n|t:|1776150875\n|detailschange|p1a: Froslass|Froslass-Mega, L50, F\n|-mega|p1a: Froslass|Froslass|Froslassite\n|-weather|Snowscape|[from] ability: Snow Warning|[of] p1a: Froslass\n|move|p1b: Incineroar|Fake Out|p2a: Arcanine\n|-resisted|p2a: Arcanine|1\n|-damage|p2a: Arcanine|95/100\n|move|p1a: Froslass|Blizzard|p2a: Arcanine|[spread] p2a,p2b\n|-resisted|p2a: Arcanine|1\n|-damage|p2a: Arcanine|65/100\n|-damage|p2b: Gengar|29/100\n|move|p2b: Gengar|Taunt|p1a: Froslass\n|-start|p1a: Froslass|move: Taunt\n|cant|p2a: Arcanine|flinch\n|\n|-weather|Snowscape|[upkeep]\n|upkeep\n|turn|2\n|l|\u2606O1AM1DE\n|player|p1|\n|j|\u2606O1AM1DE\n|player|p1|O1AM1DE|cynthia-gen4|\n|\n|t:|1776150908\n|move|p2b: Gengar|Protect|p2b: Gengar\n|-singleturn|p2b: Gengar|Protect\n|move|p1a: Froslass|Blizzard|p2b: Gengar|[spread] p2a\n|-activate|p2b: Gengar|move: Protect\n|-resisted|p2a: Arcanine|1\n|-damage|p2a: Arcanine|36/100\n|move|p2a: Arcanine|Temper Flare|p1a: Froslass\n|-supereffective|p1a: Froslass|1\n|-damage|p1a: Froslass|1/100\n|move|p1b: Incineroar|Close Combat|p2a: Arcanine\n|-supereffective|p2a: Arcanine|1\n|-damage|p2a: Arcanine|0 fnt\n|-unboost|p1b: Incineroar|def|1\n|-unboost|p1b: Incineroar|spd|1\n|faint|p2a: Arcanine\n|\n|-weather|Snowscape|[upkeep]\n|upkeep\n|l|\u2606O1AM1DE\n|player|p1|\n|j|\u2606O1AM1DE\n|player|p1|O1AM1DE|cynthia-gen4|\n|\n|t:|1776150935\n|switch|p2a: Altaria|Altaria, L50, F|100/100\n|turn|3\n|\n|t:|1776150947\n|detailschange|p2b: Gengar|Gengar-Mega, L50, F\n|-mega|p2b: Gengar|Gengar|Gengarite\n|move|p2b: Gengar|Shadow Ball|p1a: Froslass\n|-supereffective|p1a: Froslass|1\n|-damage|p1a: Froslass|0 fnt\n|faint|p1a: Froslass\n|move|p2a: Altaria|Hyper Voice|p1b: Incineroar\n|-damage|p1b: Incineroar|68/100\n|move|p1b: Incineroar|Flare Blitz|p2a: Altaria\n|-resisted|p2a: Altaria|1\n|-damage|p2a: Altaria|73/100\n|-damage|p1b: Incineroar|61/100|[from] Recoil\n|\n|-weather|Snowscape|[upkeep]\n|-heal|p1b: Incineroar|67/100|[from] item: Leftovers\n|upkeep\n|\n|t:|1776150959\n|switch|p1a: Hatterene|Hatterene, L50, F|100/100\n|turn|4\n|\n|t:|1776150971\n|move|p2b: Gengar|Shadow Ball|p1a: Hatterene\n|-supereffective|p1a: Hatterene|1\n|-damage|p1a: Hatterene|3/100\n|-unboost|p1a: Hatterene|spd|1\n|move|p2a: Altaria|Draco Meteor|p1b: Incineroar\n|-damage|p1b: Incineroar|6/100\n|-unboost|p2a: Altaria|spa|2\n|move|p1b: Incineroar|Flare Blitz|p2b: Gengar\n|-damage|p2b: Gengar|0 fnt\n|faint|p2b: Gengar\n|-damage|p1b: Incineroar|0 fnt|[from] Recoil\n|faint|p1b: Incineroar\n|move|p1a: Hatterene|Psychic Terrain|p1a: Hatterene\n|-fieldstart|move: Psychic Terrain\n|\n|-weather|Snowscape|[upkeep]\n|upkeep\n|\n|t:|1776150989\n|switch|p2b: Pelipper|Pelipper, L50, M|100/100\n|switch|p1b: Armarouge|Armarouge, L50, F|100/100\n|-weather|RainDance|[from] ability: Drizzle|[of] p2b: Pelipper\n|turn|5\n|\n|t:|1776151008\n|move|p2a: Altaria|Hyper Voice|p1b: Armarouge|[spread] p1a,p1b\n|-damage|p1a: Hatterene|0 fnt\n|-damage|p1b: Armarouge|90/100\n|faint|p1a: Hatterene\n|move|p1b: Armarouge|Expanding Force|p2b: Pelipper|[spread] p2a,p2b\n|-damage|p2a: Altaria|5/100\n|-damage|p2b: Pelipper|12/100\n|move|p2b: Pelipper|Weather Ball|p1b: Armarouge\n|-supereffective|p1b: Armarouge|1\n|-damage|p1b: Armarouge|0 fnt\n|faint|p1b: Armarouge\n|\n|win|jaisha4\n|l|\u2606O1AM1DE\n|player|p1|\n",
  "uploadtime": 1776151055,
  "views": 13,
  "formatid": "gen9championsvgc2026regma",
  "rating": null,
  "private": 0,
  "password": null
}