{
  "id": "gen9championsvgc2026regma-2586499002",
  "format": "[Gen 9 Champions] VGC 2026 Reg M-A",
  "players": [
    "appatheboppa",
    "t4334t34t34"
  ],
  "log": "|j|\u2606appatheboppa\n|j|\u203dt4334t34t34\n|t:|1776438876\n|gametype|doubles\n|player|p1|appatheboppa|rocketgrunt|1033\n|player|p2|t4334t34t34|dawn|1085\n|gen|9\n|tier|[Gen 9 Champions] VGC 2026 Reg M-A\n|rated|\n|rule|Species Clause: Limit one of each Pok\u00e9mon\n|rule|Item Clause: Limit 1 of each item\n|clearpoke\n|poke|p1|Charizard, L50, M|\n|poke|p1|Whimsicott, L50, F|\n|poke|p1|Farigiraf, L50, M|\n|poke|p1|Sneasler, L50, F|\n|poke|p1|Garchomp, L50, M|\n|poke|p1|Kingambit, L50, F|\n|poke|p2|Basculegion, L50, M|\n|poke|p2|Kingambit, L50, M|\n|poke|p2|Rotom-Heat, L50|\n|poke|p2|Froslass, L50, F|\n|poke|p2|Sneasler, L50, F|\n|poke|p2|Clefable, L50, M|\n|teampreview|4\nappatheboppa has agreed to open team sheets.\nt4334t34t34 rejected open team sheets.\n|inactive|Battle timer is ON: inactive players will automatically lose when time's up. (requested by t4334t34t34)\n|\n|t:|1776438913\n|teamsize|p1|4\n|teamsize|p2|4\n|start\n|switch|p1a: Charizard|Charizard, L50, M|100/100\n|switch|p1b: Kingambit|Kingambit, L50, F|100/100\n|switch|p2a: Froslass|Froslass, L50, F|100/100\n|switch|p2b: Clefable|Clefable, L50, M|100/100\n|turn|1\n|\n|t:|1776438928\n|switch|p1b: Whimsicott|Whimsicott, L50, F|100/100\n|move|p2a: Froslass|Protect|p2a: Froslass\n|-singleturn|p2a: Froslass|Protect\n|move|p1a: Charizard|Protect|p1a: Charizard\n|-singleturn|p1a: Charizard|Protect\n|move|p2b: Clefable|Protect||[still]\n|-fail|p2b: Clefable\n|\n|upkeep\n|turn|2\n|\n|t:|1776438953\n|detailschange|p2a: Froslass|Froslass-Mega, L50, F\n|-mega|p2a: Froslass|Froslass|Froslassite\n|-weather|Snowscape|[from] ability: Snow Warning|[of] p2a: Froslass\n|move|p2b: Clefable|Helping Hand|p2a: Froslass\n|-singleturn|p2a: Froslass|Helping Hand|[of] p2b: Clefable\n|move|p1b: Whimsicott|Tailwind|p1b: Whimsicott\n|-sidestart|p1: appatheboppa|move: Tailwind\n|move|p1a: Charizard|Heat Wave|p2a: Froslass|[spread] p2a,p2b\n|-supereffective|p2a: Froslass|1\n|-damage|p2a: Froslass|23/100\n|-damage|p2b: Clefable|79/100\n|move|p2a: Froslass|Blizzard|p1b: Whimsicott|[spread] p1a,p1b\n|-supereffective|p1b: Whimsicott|1\n|-damage|p1a: Charizard|9/100\n|-enditem|p1b: Whimsicott|Focus Sash\n|-damage|p1b: Whimsicott|1/100\n|\n|-weather|Snowscape|[upkeep]\n|upkeep\n|turn|3\n|inactive|appatheboppa has 30 seconds left.\n|\n|t:|1776438986\n|move|p1b: Whimsicott|Protect|p1b: Whimsicott\n|-singleturn|p1b: Whimsicott|Protect\n|move|p2a: Froslass|Protect|p2a: Froslass\n|-singleturn|p2a: Froslass|Protect\n|move|p1a: Charizard|Heat Wave|p2b: Clefable|[spread] p2b\n|-activate|p2a: Froslass|move: Protect\n|-damage|p2b: Clefable|57/100\n|move|p2b: Clefable|Moonblast|p1a: Charizard\n|-resisted|p1a: Charizard|1\n|-damage|p1a: Charizard|0 fnt\n|faint|p1a: Charizard\n|\n|-weather|Snowscape|[upkeep]\n|upkeep\n|\n|t:|1776439003\n|switch|p1a: Kingambit|Kingambit, L50, F|100/100\n|turn|4\n|\n|t:|1776439026\n|switch|p1b: Farigiraf|Farigiraf, L50, M|100/100\n|switch|p2a: Kingambit|Kingambit, L50, M|100/100\n|move|p2b: Clefable|Protect|p2b: Clefable\n|-singleturn|p2b: Clefable|Protect\n|move|p1a: Kingambit|Sucker Punch||[still]\n|-fail|p1a: Kingambit\n|\n|-weather|Snowscape|[upkeep]\n|upkeep\n|turn|5\n|inactive|appatheboppa has 30 seconds left.\n|\n|t:|1776439060\n|move|p1a: Kingambit|Protect|p1a: Kingambit\n|-singleturn|p1a: Kingambit|Protect\n|move|p2b: Clefable|Follow Me|p2b: Clefable\n|-singleturn|p2b: Clefable|move: Follow Me\n|move|p1b: Farigiraf|Imprison|p1b: Farigiraf\n|-start|p1b: Farigiraf|move: Imprison\n|move|p2a: Kingambit|Swords Dance|p2a: Kingambit\n|-boost|p2a: Kingambit|atk|2\n|\n|-weather|Snowscape|[upkeep]\n|-sideend|p1: appatheboppa|move: Tailwind\n|upkeep\n|turn|6\n|inactive|t4334t34t34 has 30 seconds left.\n|\n|t:|1776439093\n|switch|p1a: Whimsicott|Whimsicott, L50, F|1/100\n|move|p2b: Clefable|Helping Hand|p2a: Kingambit\n|-singleturn|p2a: Kingambit|Helping Hand|[of] p2b: Clefable\n|move|p2a: Kingambit|Kowtow Cleave|p1b: Farigiraf\n|-supereffective|p1b: Farigiraf|1\n|-damage|p1b: Farigiraf|0 fnt\n|faint|p1b: Farigiraf\n|\n|-weather|none\n|upkeep\n|\n|t:|1776439102\n|switch|p1b: Kingambit|Kingambit, L50, F|100/100\n|turn|7\n|\n|t:|1776439118\n|move|p1b: Kingambit|Protect|p1b: Kingambit\n|-singleturn|p1b: Kingambit|Protect\n|move|p2b: Clefable|Follow Me|p2b: Clefable\n|-singleturn|p2b: Clefable|move: Follow Me\n|move|p1a: Whimsicott|Moonblast|p2b: Clefable\n|-damage|p2b: Clefable|38/100\n|-enditem|p2b: Clefable|Sitrus Berry|[eat]\n|-heal|p2b: Clefable|62/100|[from] item: Sitrus Berry\n|move|p2a: Kingambit|Kowtow Cleave|p1b: Kingambit\n|-activate|p1b: Kingambit|move: Protect\n|\n|upkeep\n|turn|8\n|\n|t:|1776439139\n|move|p1a: Whimsicott|Protect|p1a: Whimsicott\n|-singleturn|p1a: Whimsicott|Protect\n|move|p2b: Clefable|Moonblast|p1a: Whimsicott\n|-activate|p1a: Whimsicott|move: Protect\n|move|p2a: Kingambit|Kowtow Cleave|p1b: Kingambit\n|-resisted|p1b: Kingambit|1\n|-damage|p1b: Kingambit|56/100\n|move|p1b: Kingambit|Swords Dance|p1b: Kingambit\n|-boost|p1b: Kingambit|atk|2\n|\n|upkeep\n|turn|9\n|\n|t:|1776439154\n|move|p1a: Whimsicott|Protect|p1a: Whimsicott\n|-singleturn|p1a: Whimsicott|Protect\n|move|p1b: Kingambit|Protect|p1b: Kingambit\n|-singleturn|p1b: Kingambit|Protect\n|move|p2b: Clefable|Follow Me|p2b: Clefable\n|-singleturn|p2b: Clefable|move: Follow Me\n|move|p2a: Kingambit|Kowtow Cleave|p1b: Kingambit\n|-activate|p1b: Kingambit|move: Protect\n|\n|upkeep\n|turn|10\n|\n|t:|1776439170\n|move|p2b: Clefable|Helping Hand|p2a: Kingambit\n|-singleturn|p2a: Kingambit|Helping Hand|[of] p2b: Clefable\n|move|p1a: Whimsicott|Tailwind|p1a: Whimsicott\n|-sidestart|p1: appatheboppa|move: Tailwind\n|move|p1b: Kingambit|Kowtow Cleave|p2a: Kingambit\n|-resisted|p2a: Kingambit|1\n|-damage|p2a: Kingambit|47/100\n|move|p2a: Kingambit|Kowtow Cleave|p1b: Kingambit\n|-resisted|p1b: Kingambit|1\n|-damage|p1b: Kingambit|0 fnt\n|faint|p1b: Kingambit\n|\n|upkeep\n|turn|11\n|\n|t:|1776439184\n|move|p2a: Kingambit|Sucker Punch|p1a: Whimsicott\n|-resisted|p1a: Whimsicott|1\n|-damage|p1a: Whimsicott|0 fnt\n|faint|p1a: Whimsicott\n|\n|win|t4334t34t34\n|raw|appatheboppa's rating: 1033 &rarr; <strong>1020</strong><br />(-13 for losing)\n|raw|t4334t34t34's rating: 1085 &rarr; <strong>1108</strong><br />(+23 for winning)\n",
  "uploadtime": 1776439191,
  "views": 34,
  "formatid": "gen9championsvgc2026regma",
  "rating": 1020,
  "private": 0,
  "password": null
}