{
  "id": "gen9championsvgc2026regma-2587932680",
  "format": "[Gen 9 Champions] VGC 2026 Reg M-A",
  "players": [
    "adivthedabber",
    "pikacon999"
  ],
  "log": "|j|\u2606adivthedabber\n|j|\u2606pikacon999\n|t:|1776580985\n|gametype|doubles\n|player|p1|adivthedabber|unknown|1044\n|player|p2|pikacon999|dawn|1058\n|gen|9\n|tier|[Gen 9 Champions] VGC 2026 Reg M-A\n|rated|\n|rule|Species Clause: Limit one of each Pok\u00e9mon\n|rule|Item Clause: Limit 1 of each item\n|clearpoke\n|poke|p1|Heracross, L50, F|\n|poke|p1|Mimikyu, L50, M|\n|poke|p1|Incineroar, L50, F|\n|poke|p1|Golurk, L50|\n|poke|p1|Ditto, L50|\n|poke|p1|Empoleon, L50, F|\n|poke|p2|Charizard, L50, M|\n|poke|p2|Whimsicott, L50, F|\n|poke|p2|Garchomp, L50, M|\n|poke|p2|Rotom-Wash, L50|\n|poke|p2|Venusaur, L50, F|\n|poke|p2|Incineroar, L50, M|\n|teampreview|4\n|inactive|Battle timer is ON: inactive players will automatically lose when time's up. (requested by adivthedabber)\npikacon999 rejected open team sheets.\n|inactive|pikacon999 has 60 seconds left.\n|\n|t:|1776581021\n|teamsize|p1|4\n|teamsize|p2|4\n|start\n|switch|p1a: Mimikyu|Mimikyu, L50, M|100/100\n|switch|p1b: Heracross|Heracross, L50, F|100/100\n|switch|p2a: Whimsy my beloved|Whimsicott, L50, F|100/100\n|switch|p2b: Garchomp|Garchomp, L50, M|100/100\n|turn|1\n|inactive|pikacon999 has 30 seconds left.\n|\n|t:|1776581054\n|switch|p2b: Charizard|Charizard, L50, M|100/100\n|move|p1b: Heracross|Protect|p1b: Heracross\n|-singleturn|p1b: Heracross|Protect\n|move|p2a: Whimsy my beloved|Moonblast|p1b: Heracross\n|-activate|p1b: Heracross|move: Protect\n|move|p1a: Mimikyu|Trick Room|p1a: Mimikyu\n|-fieldstart|move: Trick Room|[of] p1a: Mimikyu\n|\n|upkeep\n|turn|2\n|\n|t:|1776581078\n|detailschange|p2b: Charizard|Charizard-Mega-Y, L50, M\n|-mega|p2b: Charizard|Charizard|Charizardite Y\n|-weather|SunnyDay|[from] ability: Drought|[of] p2b: Charizard\n|move|p2a: Whimsy my beloved|Encore|p1a: Mimikyu\n|-start|p1a: Mimikyu|Encore\n|-enditem|p1a: Mimikyu|Mental Herb\n|-end|p1a: Mimikyu|Encore\n|move|p1a: Mimikyu|Shadow Claw|p2a: Whimsy my beloved\n|-damage|p2a: Whimsy my beloved|74/100\n|move|p1b: Heracross|Rock Blast|p2b: Charizard\n|-supereffective|p2b: Charizard|2\n|-damage|p2b: Charizard|50/100\n|-supereffective|p2b: Charizard|2\n|-damage|p2b: Charizard|0 fnt\n|faint|p2b: Charizard\n|-hitcount|p2: Charizard|2\n|\n|-weather|SunnyDay|[upkeep]\n|upkeep\n|\n|t:|1776581096\n|switch|p2b: Garchomp|Garchomp, L50, M|100/100\n|turn|3\n|inactive|pikacon999 has 30 seconds left.\n|\n|t:|1776581122\n|detailschange|p1b: Heracross|Heracross-Mega, L50, F\n|-mega|p1b: Heracross|Heracross|Heracronite\n|move|p1b: Heracross|Pin Missile|p2a: Whimsy my beloved\n|-damage|p2a: Whimsy my beloved|53/100\n|-damage|p2a: Whimsy my beloved|32/100\n|-damage|p2a: Whimsy my beloved|12/100\n|-damage|p2a: Whimsy my beloved|0 fnt\n|faint|p2a: Whimsy my beloved\n|-hitcount|p2: Whimsy my beloved|4\n|move|p1a: Mimikyu|Will-O-Wisp|p2b: Garchomp\n|-status|p2b: Garchomp|brn\n|move|p2b: Garchomp|Rock Slide|p1a: Mimikyu|[spread] p1a,p1b\n|-activate|p1a: Mimikyu|ability: Disguise\n|-damage|p1a: Mimikyu|100/100\n|-damage|p1b: Heracross|92/100\n|detailschange|p1a: Mimikyu|Mimikyu-Busted, L50, M\n|-damage|p1a: Mimikyu|88/100|[from] pokemon: Mimikyu-Busted\n|\n|-weather|SunnyDay|[upkeep]\n|-damage|p2b: Garchomp|95/100 brn|[from] brn\n|upkeep\n|\n|t:|1776581141\n|switch|p2a: Venusaur|Venusaur, L50, F|100/100\n|turn|4\n|\n|t:|1776581151\n|move|p2a: Venusaur|Protect|p2a: Venusaur\n|-singleturn|p2a: Venusaur|Protect\n|move|p1b: Heracross|Pin Missile|p2a: Venusaur\n|-activate|p2a: Venusaur|move: Protect\n|move|p1a: Mimikyu|Play Rough|p2b: Garchomp\n|-supereffective|p2b: Garchomp|1\n|-damage|p2b: Garchomp|43/100 brn\n|-damage|p1a: Mimikyu|76/100|[from] ability: Rough Skin|[of] p2b: Garchomp\n|move|p2b: Garchomp|Rock Slide|p1b: Heracross|[spread] p1a,p1b\n|-damage|p1a: Mimikyu|63/100\n|-damage|p1b: Heracross|84/100\n|\n|-weather|SunnyDay|[upkeep]\n|-damage|p2b: Garchomp|37/100 brn|[from] brn\n|upkeep\n|turn|5\n|\n|t:|1776581169\n|move|p1b: Heracross|Pin Missile|p2a: Venusaur\n|-damage|p2a: Venusaur|78/100\n|-damage|p2a: Venusaur|55/100\n|-damage|p2a: Venusaur|31/100\n|-damage|p2a: Venusaur|7/100\n|-damage|p2a: Venusaur|0 fnt\n|faint|p2a: Venusaur\n|-hitcount|p2: Venusaur|5\n|move|p1a: Mimikyu|Play Rough|p2b: Garchomp\n|-supereffective|p2b: Garchomp|1\n|-damage|p2b: Garchomp|0 fnt\n|-damage|p1a: Mimikyu|50/100|[from] ability: Rough Skin|[of] p2b: Garchomp\n|faint|p2b: Garchomp\n|\n|win|adivthedabber\n|raw|adivthedabber's rating: 1044 &rarr; <strong>1079</strong><br />(+35 for winning)\n|raw|pikacon999's rating: 1058 &rarr; <strong>1039</strong><br />(-19 for losing)\n|l|\u2606adivthedabber\n|player|p1|\n",
  "uploadtime": 1776581186,
  "views": 8,
  "formatid": "gen9championsvgc2026regma",
  "rating": 1039,
  "private": 0,
  "password": null
}