{
  "id": "gen9championsvgc2026regma-2584289906",
  "format": "[Gen 9 Champions] VGC 2026 Reg M-A",
  "players": [
    "roku_w",
    "heartbreaker7"
  ],
  "log": "|j|\u2606roku_w\n|j|\u2606heartbreaker7\n|t:|1776247633\n|gametype|doubles\n|player|p1|roku_w|hilbert|1174\n|player|p2|heartbreaker7|red-masters2|1077\n|gen|9\n|tier|[Gen 9 Champions] VGC 2026 Reg M-A\n|rated|\n|rule|Species Clause: Limit one of each Pok\u00e9mon\n|rule|Item Clause: Limit 1 of each item\n|clearpoke\n|poke|p1|Charizard, L50, F|\n|poke|p1|Gengar, L50, F|\n|poke|p1|Incineroar, L50, F|\n|poke|p1|Garchomp, L50, F|\n|poke|p1|Whimsicott, L50, M|\n|poke|p1|Maushold, L50|\n|poke|p2|Arcanine-Hisui, L50, M|\n|poke|p2|Feraligatr, L50, M|\n|poke|p2|Sinistcha, L50|\n|poke|p2|Umbreon, L50, F|\n|poke|p2|Skarmory, L50, F|\n|poke|p2|Zoroark-Hisui, L50, M|\n|teampreview|4\nheartbreaker7 rejected open team sheets.\n|inactive|Battle timer is ON: inactive players will automatically lose when time's up. (requested by heartbreaker7)\n|\n|t:|1776247713\n|teamsize|p1|4\n|teamsize|p2|4\n|start\n|switch|p1a: Charizard|Charizard, L50, F, shiny|100/100\n|switch|p1b: Whimsicott|Whimsicott, L50, M|100/100\n|switch|p2a: Feraligatr|Feraligatr, L50, M|100/100\n|switch|p2b: Umbreon|Umbreon, L50, F|100/100\n|turn|1\n|\n|t:|1776247724\n|detailschange|p2a: Feraligatr|Feraligatr-Mega, L50, M\n|-mega|p2a: Feraligatr|Feraligatr|Feraligite\n|move|p2b: Umbreon|Helping Hand|p2a: Feraligatr\n|-singleturn|p2a: Feraligatr|Helping Hand|[of] p2b: Umbreon\n|move|p1a: Charizard|Protect|p1a: Charizard\n|-singleturn|p1a: Charizard|Protect\n|move|p1b: Whimsicott|Tailwind|p1b: Whimsicott\n|-sidestart|p1: roku_w|move: Tailwind\n|move|p2a: Feraligatr|Iron Tail|p1b: Whimsicott|[miss]\n|-miss|p2a: Feraligatr|p1b: Whimsicott\n|\n|upkeep\n|turn|2\n|\n|t:|1776247740\n|detailschange|p1a: Charizard|Charizard-Mega-Y, L50, F, shiny\n|-mega|p1a: Charizard|Charizard|Charizardite Y\n|-weather|SunnyDay|[from] ability: Drought|[of] p1a: Charizard\n|move|p2b: Umbreon|Helping Hand|p2a: Feraligatr\n|-singleturn|p2a: Feraligatr|Helping Hand|[of] p2b: Umbreon\n|move|p2a: Feraligatr|Aqua Jet|p1a: Charizard\n|-supereffective|p1a: Charizard|1\n|-damage|p1a: Charizard|54/100\n|move|p1b: Whimsicott|Moonblast|p2a: Feraligatr\n|-supereffective|p2a: Feraligatr|1\n|-damage|p2a: Feraligatr|46/100\n|move|p1a: Charizard|Heat Wave|p2a: Feraligatr|[spread] p2a,p2b\n|-resisted|p2a: Feraligatr|2\n|-crit|p2b: Umbreon\n|-damage|p2a: Feraligatr|33/100\n|-damage|p2b: Umbreon|26/100\n|\n|-weather|SunnyDay|[upkeep]\n|-heal|p2b: Umbreon|32/100|[from] item: Leftovers\n|upkeep\n|turn|3\n|\n|t:|1776247762\n|switch|p1a: Incineroar|Incineroar, L50, F, shiny|100/100\n|-ability|p1a: Incineroar|Intimidate|boost\n|-unboost|p2a: Feraligatr|atk|1\n|-fail|p2b: Umbreon|unboost|Attack|[from] ability: Inner Focus|[of] p2b: Umbreon\n|switch|p2a: Arcanine|Arcanine-Hisui, L50, M|100/100\n|move|p2b: Umbreon|Protect|p2b: Umbreon\n|-singleturn|p2b: Umbreon|Protect\n|move|p1b: Whimsicott|Moonblast|p2a: Arcanine\n|-resisted|p2a: Arcanine|1\n|-damage|p2a: Arcanine|78/100\n|\n|-weather|SunnyDay|[upkeep]\n|-heal|p2b: Umbreon|38/100|[from] item: Leftovers\n|upkeep\n|turn|4\n|\n|t:|1776247782\n|switch|p1b: Garchomp|Garchomp, L50, F|100/100\n|move|p1a: Incineroar|Fake Out|p2a: Arcanine\n|-resisted|p2a: Arcanine|1\n|-damage|p2a: Arcanine|72/100\n|cant|p2a: Arcanine|flinch\n|move|p2b: Umbreon|Moonlight|p2b: Umbreon\n|-heal|p2b: Umbreon|100/100\n|\n|-weather|SunnyDay|[upkeep]\n|-sideend|p1: roku_w|move: Tailwind\n|upkeep\n|turn|5\n|inactive|heartbreaker7 has 30 seconds left.\n|inactive|heartbreaker7 has 20 seconds left.\n|\n|t:|1776247817\n|switch|p1a: Charizard|Charizard-Mega-Y, L50, F, shiny|54/100\n|move|p2a: Arcanine|Rock Slide|p1b: Garchomp|[spread] p1a,p1b\n|-supereffective|p1a: Charizard|2\n|-resisted|p1b: Garchomp|1\n|-damage|p1a: Charizard|0 fnt\n|-damage|p1b: Garchomp|86/100\n|faint|p1a: Charizard\n|move|p1b: Garchomp|Earthquake|p2b: Umbreon|[spread] p2a,p2b\n|-supereffective|p2a: Arcanine|2\n|-damage|p2a: Arcanine|0 fnt\n|-damage|p2b: Umbreon|73/100\n|faint|p2a: Arcanine\n|move|p2b: Umbreon|Foul Play|p1b: Garchomp\n|-damage|p1b: Garchomp|33/100\n|-damage|p2b: Umbreon|61/100|[from] ability: Rough Skin|[of] p1b: Garchomp\n|\n|-weather|SunnyDay|[upkeep]\n|-heal|p2b: Umbreon|67/100|[from] item: Leftovers\n|upkeep\n|\n|t:|1776247834\n|switch|p2a: Feraligatr|Feraligatr-Mega, L50, M|100/100\n|switch|p1a: Whimsicott|Whimsicott, L50, M|100/100\n|turn|6\n|\n|t:|1776247862\n|switch|p1b: Incineroar|Incineroar, L50, F, shiny|100/100\n|-ability|p1b: Incineroar|Intimidate|boost\n|-unboost|p2a: Feraligatr|atk|1\n|-fail|p2b: Umbreon|unboost|Attack|[from] ability: Inner Focus|[of] p2b: Umbreon\n|move|p2b: Umbreon|Helping Hand|p2a: Feraligatr\n|-singleturn|p2a: Feraligatr|Helping Hand|[of] p2b: Umbreon\n|move|p1a: Whimsicott|Tailwind|p1a: Whimsicott\n|-sidestart|p1: roku_w|move: Tailwind\n|move|p2a: Feraligatr|Hyper Voice|p1b: Incineroar|[spread] p1a,p1b\n|-damage|p1a: Whimsicott|14/100\n|-damage|p1b: Incineroar|54/100\n|\n|-weather|none\n|-heal|p2b: Umbreon|73/100|[from] item: Leftovers\n|upkeep\n|turn|7\n|inactive|heartbreaker7 has 30 seconds left.\n|\n|t:|1776247894\n|move|p2b: Umbreon|Protect|p2b: Umbreon\n|-singleturn|p2b: Umbreon|Protect\n|move|p1a: Whimsicott|Moonblast|p2b: Umbreon\n|-activate|p2b: Umbreon|move: Protect\n|move|p2a: Feraligatr|Nasty Plot|p2a: Feraligatr\n|-boost|p2a: Feraligatr|spa|2\n|move|p1b: Incineroar|Darkest Lariat|p2a: Feraligatr\n|-supereffective|p2a: Feraligatr|1\n|-enditem|p2a: Feraligatr|Focus Sash\n|-damage|p2a: Feraligatr|1/100\n|replace|p2a: Zoroark|Zoroark-Hisui, L50, M\n|-end|p2a: Zoroark|Illusion\n|\n|-heal|p2b: Umbreon|79/100|[from] item: Leftovers\n|upkeep\n|turn|8\n|inactive|roku_w has 30 seconds left.\n|inactive|heartbreaker7 has 30 seconds left.\n|\n|t:|1776247928\n|move|p1a: Whimsicott|Moonblast|p2a: Zoroark\n|-damage|p2a: Zoroark|0 fnt\n|faint|p2a: Zoroark\n|move|p1b: Incineroar|Parting Shot|p2b: Umbreon\n|-unboost|p2b: Umbreon|atk|1\n|-unboost|p2b: Umbreon|spa|1\n|\n|t:|1776247931\n|switch|p1b: Garchomp|Garchomp, L50, F|33/100|[from] Parting Shot\n|move|p2b: Umbreon|Moonlight|p2b: Umbreon\n|-heal|p2b: Umbreon|100/100\n|\n|upkeep\n|\n|t:|1776247939\n|switch|p2a: Feraligatr|Feraligatr-Mega, L50, M|33/100\n|turn|9\n|\n|t:|1776247960\n|move|p1a: Whimsicott|Sunny Day|p1a: Whimsicott\n|-weather|SunnyDay\n|move|p2a: Feraligatr|Aqua Jet|p1a: Whimsicott\n|-resisted|p1a: Whimsicott|1\n|-damage|p1a: Whimsicott|6/100\n|move|p1b: Garchomp|Dragon Claw|p2a: Feraligatr\n|-supereffective|p2a: Feraligatr|1\n|-damage|p2a: Feraligatr|0 fnt\n|faint|p2a: Feraligatr\n|move|p2b: Umbreon|Foul Play|p1b: Garchomp\n|-damage|p1b: Garchomp|0 fnt\n|-damage|p2b: Umbreon|88/100|[from] ability: Rough Skin|[of] p1b: Garchomp\n|faint|p1b: Garchomp\n|\n|-weather|SunnyDay|[upkeep]\n|-heal|p2b: Umbreon|94/100|[from] item: Leftovers\n|-sideend|p1: roku_w|move: Tailwind\n|upkeep\n|\n|t:|1776247967\n|switch|p1b: Incineroar|Incineroar, L50, F, shiny|54/100\n|-ability|p1b: Incineroar|Intimidate|boost\n|-fail|p2b: Umbreon|unboost|Attack|[from] ability: Inner Focus|[of] p2b: Umbreon\n|turn|10\n|c|\u2606heartbreaker7|gg\n|\n|t:|1776247981\n|move|p2b: Umbreon|Protect|p2b: Umbreon\n|-singleturn|p2b: Umbreon|Protect\n|move|p1a: Whimsicott|Moonblast|p2b: Umbreon\n|-activate|p2b: Umbreon|move: Protect\n|move|p1b: Incineroar|Flare Blitz|p2b: Umbreon\n|-activate|p2b: Umbreon|move: Protect\n|\n|-weather|SunnyDay|[upkeep]\n|-heal|p2b: Umbreon|99/100|[from] item: Leftovers\n|upkeep\n|turn|11\n|\n|t:|1776247987\n|move|p1a: Whimsicott|Moonblast|p2b: Umbreon\n|-supereffective|p2b: Umbreon|1\n|-damage|p2b: Umbreon|54/100\n|move|p2b: Umbreon|Foul Play|p1a: Whimsicott\n|-resisted|p1a: Whimsicott|1\n|-damage|p1a: Whimsicott|0 fnt\n|faint|p1a: Whimsicott\n|move|p1b: Incineroar|Flare Blitz|p2b: Umbreon\n|-damage|p2b: Umbreon|9/100\n|-damage|p1b: Incineroar|39/100|[from] Recoil\n|-enditem|p1b: Incineroar|Sitrus Berry|[eat]\n|-heal|p1b: Incineroar|64/100|[from] item: Sitrus Berry\n|\n|-weather|SunnyDay|[upkeep]\n|-heal|p2b: Umbreon|15/100|[from] item: Leftovers\n|upkeep\n|turn|12\n|inactive|roku_w has 30 seconds left.\n|inactive|roku_w has 20 seconds left.\n|inactive|roku_w has 15 seconds left.\n|inactive|roku_w has 10 seconds left.\n|\n|t:|1776248033\n|move|p2b: Umbreon|Moonlight|p2b: Umbreon\n|-heal|p2b: Umbreon|82/100\n|move|p1b: Incineroar|Flare Blitz|p2b: Umbreon\n|-damage|p2b: Umbreon|37/100\n|-damage|p1b: Incineroar|49/100|[from] Recoil\n|\n|-weather|SunnyDay|[upkeep]\n|-heal|p2b: Umbreon|43/100|[from] item: Leftovers\n|upkeep\n|turn|13\n|\n|t:|1776248041\n|move|p2b: Umbreon|Moonlight|p2b: Umbreon\n|-heal|p2b: Umbreon|100/100\n|move|p1b: Incineroar|Flare Blitz|p2b: Umbreon\n|-damage|p2b: Umbreon|51/100\n|-damage|p1b: Incineroar|32/100|[from] Recoil\n|\n|-weather|none\n|-heal|p2b: Umbreon|57/100|[from] item: Leftovers\n|upkeep\n|turn|14\n|\n|t:|1776248052\n|move|p2b: Umbreon|Moonlight|p2b: Umbreon\n|-heal|p2b: Umbreon|100/100\n|move|p1b: Incineroar|Flare Blitz|p2b: Umbreon\n|-damage|p2b: Umbreon|68/100\n|-damage|p1b: Incineroar|21/100|[from] Recoil\n|\n|-heal|p2b: Umbreon|74/100|[from] item: Leftovers\n|upkeep\n|turn|15\n|\n|t:|1776248060\n|move|p2b: Umbreon|Moonlight|p2b: Umbreon\n|-heal|p2b: Umbreon|100/100\n|move|p1b: Incineroar|Darkest Lariat|p2b: Umbreon\n|-resisted|p2b: Umbreon|1\n|-damage|p2b: Umbreon|90/100\n|\n|-heal|p2b: Umbreon|96/100|[from] item: Leftovers\n|upkeep\n|turn|16\n|\n|t:|1776248067\n|move|p2b: Umbreon|Foul Play|p1b: Incineroar\n|-resisted|p1b: Incineroar|1\n|-crit|p1b: Incineroar\n|-damage|p1b: Incineroar|0 fnt\n|faint|p1b: Incineroar\n|\n|win|heartbreaker7\n|raw|roku_w's rating: 1174 &rarr; <strong>1142</strong><br />(-32 for losing)\n|raw|heartbreaker7's rating: 1077 &rarr; <strong>1113</strong><br />(+36 for winning)\n|l|\u2606roku_w\n|player|p1|\n",
  "uploadtime": 1776248074,
  "views": 36,
  "formatid": "gen9championsvgc2026regma",
  "rating": 1113,
  "private": 0,
  "password": null
}