{
  "id": "gen9championsvgc2026regma-2588453741",
  "format": "[Gen 9 Champions] VGC 2026 Reg M-A",
  "players": [
    "baddy bad bonsly",
    "Yslade"
  ],
  "log": "|j|\u2606baddy bad bonsly\n|j|\u2606Yslade\n|t:|1776634899\n|gametype|doubles\n|player|p1|baddy bad bonsly|rood|1203\n|player|p2|Yslade|preschooler|1271\n|gen|9\n|tier|[Gen 9 Champions] VGC 2026 Reg M-A\n|rated|\n|rule|Species Clause: Limit one of each Pok\u00e9mon\n|rule|Item Clause: Limit 1 of each item\n|clearpoke\n|poke|p1|Drampa, L50, M|\n|poke|p1|Farigiraf, L50, M|\n|poke|p1|Volcarona, L50, M|\n|poke|p1|Primarina, L50, M|\n|poke|p1|Sneasler, L50, M|\n|poke|p1|Tyranitar, L50, M|\n|poke|p2|Torkoal, L50, F|\n|poke|p2|Oranguru, L50, M|\n|poke|p2|Sinistcha, L50|\n|poke|p2|Floette-Eternal, L50, F|\n|poke|p2|Incineroar, L50, M|\n|poke|p2|Kingambit, L50, F|\n|teampreview|4\n|inactive|Battle timer is ON: inactive players will automatically lose when time's up. (requested by Yslade)\nYslade rejected open team sheets.\n|inactive|baddy bad bonsly has 60 seconds left.\n|inactive|Yslade has 60 seconds left.\n|\n|t:|1776634940\n|teamsize|p1|4\n|teamsize|p2|4\n|start\n|switch|p1a: Tyranitar|Tyranitar, L50, M|100/100\n|switch|p1b: Sneasler|Sneasler, L50, M|100/100\n|switch|p2a: Oranguru|Oranguru, L50, M|100/100\n|switch|p2b: Incineroar|Incineroar, L50, M|100/100\n|-ability|p2b: Incineroar|Intimidate|boost\n|-unboost|p1a: Tyranitar|atk|1\n|-unboost|p1b: Sneasler|atk|1\n|-weather|Sandstorm|[from] ability: Sand Stream|[of] p1a: Tyranitar\n|-enditem|p1b: Sneasler|White Herb\n|-clearnegativeboost|p1b: Sneasler|[silent]\n|turn|1\n|\n|t:|1776634961\n|detailschange|p1a: Tyranitar|Tyranitar-Mega, L50, M\n|-mega|p1a: Tyranitar|Tyranitar|Tyranitarite\n|move|p1b: Sneasler|Fake Out|p2b: Incineroar\n|-damage|p2b: Incineroar|86/100\n|move|p1a: Tyranitar|Crunch|p2a: Oranguru\n|-supereffective|p2a: Oranguru|1\n|-damage|p2a: Oranguru|43/100\n|cant|p2b: Incineroar|flinch\n|move|p2a: Oranguru|Trick Room|p2a: Oranguru\n|-fieldstart|move: Trick Room|[of] p2a: Oranguru\n|\n|-weather|Sandstorm|[upkeep]\n|-damage|p2a: Oranguru|37/100|[from] Sandstorm\n|-damage|p2b: Incineroar|80/100|[from] Sandstorm\n|-damage|p1b: Sneasler|95/100|[from] Sandstorm\n|upkeep\n|turn|2\n|inactive|baddy bad bonsly has 30 seconds left.\n|inactive|baddy bad bonsly has 20 seconds left.\n|inactive|baddy bad bonsly has 15 seconds left.\n|\n|t:|1776635003\n|move|p2a: Oranguru|Protect|p2a: Oranguru\n|-singleturn|p2a: Oranguru|Protect\n|move|p1a: Tyranitar|Protect|p1a: Tyranitar\n|-singleturn|p1a: Tyranitar|Protect\n|move|p2b: Incineroar|Parting Shot|p1b: Sneasler\n|-unboost|p1b: Sneasler|atk|1\n|-unboost|p1b: Sneasler|spa|1\n|\n|t:|1776635014\n|switch|p2b: Floette|Floette-Eternal, L50, F|100/100|[from] Parting Shot\n|move|p1b: Sneasler|Coaching|p1a: Tyranitar\n|-boost|p1a: Tyranitar|atk|1\n|-boost|p1a: Tyranitar|def|1\n|\n|-weather|Sandstorm|[upkeep]\n|-damage|p2a: Oranguru|30/100|[from] Sandstorm\n|-damage|p2b: Floette|94/100|[from] Sandstorm\n|-damage|p1b: Sneasler|89/100|[from] Sandstorm\n|upkeep\n|turn|3\n|\n|t:|1776635038\n|detailschange|p2b: Floette|Floette-Mega, L50, F\n|-mega|p2b: Floette|Floette|Floettite\n|-ability|p2b: Floette|Fairy Aura\n|move|p2a: Oranguru|Psyshock|p1b: Sneasler\n|-supereffective|p1b: Sneasler|2\n|-damage|p1b: Sneasler|0 fnt\n|faint|p1b: Sneasler\n|move|p1a: Tyranitar|Rock Slide|p2b: Floette|[spread] p2a,p2b\n|-damage|p2a: Oranguru|3/100\n|-damage|p2b: Floette|54/100\n|move|p2b: Floette|Moonblast|p1a: Tyranitar\n|-supereffective|p1a: Tyranitar|1\n|-damage|p1a: Tyranitar|21/100\n|\n|-weather|Sandstorm|[upkeep]\n|-damage|p2a: Oranguru|0 fnt|[from] Sandstorm\n|-damage|p2b: Floette|48/100|[from] Sandstorm\n|faint|p2a: Oranguru\n|upkeep\n|\n|t:|1776635055\n|switch|p2a: Torkoal|Torkoal, L50, F|100/100\n|switch|p1b: Primarina|Primarina, L50, M|100/100\n|-weather|SunnyDay|[from] ability: Drought|[of] p2a: Torkoal\n|turn|4\n|inactive|baddy bad bonsly has 30 seconds left.\n|inactive|Yslade has 30 seconds left.\n|\n|t:|1776635087\n|switch|p1a: Farigiraf|Farigiraf, L50, M|100/100\n|move|p2a: Torkoal|Protect|p2a: Torkoal\n|-singleturn|p2a: Torkoal|Protect\n|move|p1b: Primarina|Hyper Voice|p2b: Floette|[spread] p2b\n|-activate|p2a: Torkoal|move: Protect\n|-damage|p2b: Floette|33/100\n|move|p2b: Floette|Moonblast|p1b: Primarina\n|-damage|p1b: Primarina|36/100\n|-unboost|p1b: Primarina|spa|1\n|\n|-weather|SunnyDay|[upkeep]\n|upkeep\n|turn|5\n|\n|t:|1776635107\n|switch|p1b: Tyranitar|Tyranitar-Mega, L50, M|21/100\n|-weather|Sandstorm|[from] ability: Sand Stream|[of] p1b: Tyranitar\n|move|p2a: Torkoal|Eruption|p1b: Tyranitar|[spread] p1a,p1b\n|-resisted|p1b: Tyranitar|1\n|-damage|p1a: Farigiraf|37/100\n|-damage|p1b: Tyranitar|7/100\n|move|p1a: Farigiraf|Psychic|p2b: Floette\n|-damage|p2b: Floette|1/100\n|move|p2b: Floette|Dazzling Gleam|p1a: Farigiraf|[spread] p1a,p1b\n|-supereffective|p1b: Tyranitar|1\n|-damage|p1a: Farigiraf|0 fnt\n|-damage|p1b: Tyranitar|0 fnt\n|faint|p1a: Farigiraf\n|faint|p1b: Tyranitar\n|\n|-weather|Sandstorm|[upkeep]\n|-damage|p2a: Torkoal|94/100|[from] Sandstorm\n|-damage|p2b: Floette|0 fnt|[from] Sandstorm\n|faint|p2b: Floette\n|-fieldend|move: Trick Room\n|upkeep\n|\n|t:|1776635125\n|switch|p2b: Incineroar|Incineroar, L50, M|80/100\n|switch|p1b: Primarina|Primarina, L50, M|36/100\n|-ability|p2b: Incineroar|Intimidate|boost\n|-unboost|p1b: Primarina|atk|1\n|turn|6\n|\n|t:|1776635133\n|move|p1b: Primarina|Protect|p1b: Primarina\n|-singleturn|p1b: Primarina|Protect\n|move|p2b: Incineroar|Fake Out|p1b: Primarina\n|-activate|p1b: Primarina|move: Protect\n|move|p2a: Torkoal|Eruption|p1b: Primarina\n|-activate|p1b: Primarina|move: Protect\n|\n|-weather|Sandstorm|[upkeep]\n|-damage|p2b: Incineroar|74/100|[from] Sandstorm\n|-damage|p1b: Primarina|30/100|[from] Sandstorm\n|-damage|p2a: Torkoal|88/100|[from] Sandstorm\n|upkeep\n|turn|7\n|\n|t:|1776635143\n|move|p2b: Incineroar|Parting Shot|p1b: Primarina\n|-unboost|p1b: Primarina|atk|1\n|-unboost|p1b: Primarina|spa|1\n|move|p1b: Primarina|Hyper Voice|p2b: Incineroar|[spread] p2a,p2b\n|-supereffective|p2a: Torkoal|1\n|-supereffective|p2b: Incineroar|1\n|-damage|p2a: Torkoal|9/100\n|-damage|p2b: Incineroar|30/100\n|-enditem|p2b: Incineroar|Sitrus Berry|[eat]\n|-heal|p2b: Incineroar|54/100|[from] item: Sitrus Berry\n|move|p2a: Torkoal|Eruption|p1b: Primarina\n|-resisted|p1b: Primarina|1\n|-damage|p1b: Primarina|28/100\n|\n|-weather|Sandstorm|[upkeep]\n|-damage|p2b: Incineroar|49/100|[from] Sandstorm\n|-damage|p1b: Primarina|22/100|[from] Sandstorm\n|-damage|p2a: Torkoal|3/100|[from] Sandstorm\n|upkeep\n|turn|8\n|\n|t:|1776635163\n|move|p2b: Incineroar|Flare Blitz|p1b: Primarina\n|-resisted|p1b: Primarina|1\n|-damage|p1b: Primarina|0 fnt\n|faint|p1b: Primarina\n|-damage|p2b: Incineroar|42/100|[from] Recoil\n|\n|win|Yslade\n|raw|baddy bad bonsly's rating: 1203 &rarr; <strong>1183</strong><br />(-20 for losing)\n|raw|Yslade's rating: 1271 &rarr; <strong>1291</strong><br />(+20 for winning)\n",
  "uploadtime": 1776635170,
  "views": 11,
  "formatid": "gen9championsvgc2026regma",
  "rating": 1183,
  "private": 0,
  "password": null
}