{
  "id": "gen9championsvgc2026regma-2588128311",
  "format": "[Gen 9 Champions] VGC 2026 Reg M-A",
  "players": [
    "Xernos123",
    "bestpinkpyssu"
  ],
  "log": "|j|\u2606Xernos123\n|j|\u2606bestpinkpyssu\n|t:|1776607259\n|gametype|doubles\n|player|p1|Xernos123|2|1068\n|player|p2|bestpinkpyssu|169|1026\n|gen|9\n|tier|[Gen 9 Champions] VGC 2026 Reg M-A\n|rated|\n|rule|Species Clause: Limit one of each Pok\u00e9mon\n|rule|Item Clause: Limit 1 of each item\n|clearpoke\n|poke|p1|Farigiraf, L50, M|\n|poke|p1|Mimikyu, L50, F|\n|poke|p1|Drampa, L50, M|\n|poke|p1|Kingambit, L50, F|\n|poke|p1|Crabominable, L50, M|\n|poke|p1|Chesnaught, L50, F|\n|poke|p2|Farigiraf, L50, F|\n|poke|p2|Golurk, L50|\n|poke|p2|Kingambit, L50, F|\n|poke|p2|Aggron, L50, F|\n|poke|p2|Maushold-Four, L50|\n|poke|p2|Quaquaval, L50, M|\n|teampreview|4\n|inactive|Battle timer is ON: inactive players will automatically lose when time's up. (requested by Xernos123)\nXernos123 rejected open team sheets.\n|inactive|bestpinkpyssu has 60 seconds left.\n|\n|t:|1776607295\n|teamsize|p1|4\n|teamsize|p2|4\n|start\n|switch|p1a: Mimikyu|Mimikyu, L50, F|100/100\n|switch|p1b: Drampa|Drampa, L50, M|100/100\n|switch|p2a: Farigiraf|Farigiraf, L50, F|100/100\n|switch|p2b: Maushold|Maushold-Four, L50|100/100\n|turn|1\n|\n|t:|1776607306\n|detailschange|p1b: Drampa|Drampa-Mega, L50, M\n|-mega|p1b: Drampa|Drampa|Drampanite\n|move|p2a: Farigiraf|Helping Hand|p2b: Maushold\n|-singleturn|p2b: Maushold|Helping Hand|[of] p2a: Farigiraf\n|move|p2b: Maushold|Population Bomb|p1b: Drampa\n|-damage|p1b: Drampa|84/100\n|-damage|p1b: Drampa|68/100\n|-damage|p1b: Drampa|49/100\n|-damage|p1b: Drampa|31/100\n|-damage|p1b: Drampa|15/100\n|-damage|p1b: Drampa|0 fnt\n|faint|p1b: Drampa\n|-hitcount|p1: Drampa|6\n|move|p1a: Mimikyu|Will-O-Wisp|p2b: Maushold\n|-status|p2b: Maushold|brn\n|\n|-damage|p2b: Maushold|95/100 brn|[from] brn\n|upkeep\n|\n|t:|1776607314\n|switch|p1b: Kingambit|Kingambit, L50, F|100/100\n|turn|2\n|inactive|bestpinkpyssu has 30 seconds left.\n|\n|t:|1776607346\n|move|p2a: Farigiraf|Helping Hand|p2b: Maushold\n|-singleturn|p2b: Maushold|Helping Hand|[of] p2a: Farigiraf\n|move|p2b: Maushold|Population Bomb|p1b: Kingambit\n|-resisted|p1b: Kingambit|1\n|-damage|p1b: Kingambit|97/100\n|-resisted|p1b: Kingambit|1\n|-damage|p1b: Kingambit|93/100\n|-resisted|p1b: Kingambit|1\n|-damage|p1b: Kingambit|90/100\n|-resisted|p1b: Kingambit|1\n|-damage|p1b: Kingambit|86/100\n|-resisted|p1b: Kingambit|1\n|-damage|p1b: Kingambit|83/100\n|-resisted|p1b: Kingambit|1\n|-damage|p1b: Kingambit|80/100\n|-resisted|p1b: Kingambit|1\n|-crit|p1b: Kingambit\n|-damage|p1b: Kingambit|74/100\n|-resisted|p1b: Kingambit|1\n|-damage|p1b: Kingambit|71/100\n|-resisted|p1b: Kingambit|1\n|-damage|p1b: Kingambit|68/100\n|-hitcount|p1b: Kingambit|9\n|move|p1b: Kingambit|Kowtow Cleave|p2a: Farigiraf\n|-supereffective|p2a: Farigiraf|1\n|-damage|p2a: Farigiraf|0 fnt\n|faint|p2a: Farigiraf\n|move|p1a: Mimikyu|Trick Room|p1a: Mimikyu\n|-fieldstart|move: Trick Room|[of] p1a: Mimikyu\n|\n|-damage|p2b: Maushold|89/100 brn|[from] brn\n|upkeep\n|\n|t:|1776607369\n|switch|p2a: Aggron|Aggron, L50, F|100/100\n|turn|3\n|\n|t:|1776607382\n|detailschange|p2a: Aggron|Aggron-Mega, L50, F\n|-mega|p2a: Aggron|Aggron|Aggronite\n|move|p2b: Maushold|Follow Me|p2b: Maushold\n|-singleturn|p2b: Maushold|move: Follow Me\n|move|p1b: Kingambit|Brick Break|p2b: Maushold\n|-supereffective|p2b: Maushold|1\n|-damage|p2b: Maushold|0 fnt\n|faint|p2b: Maushold\n|move|p2a: Aggron|Body Press|p1b: Kingambit\n|-supereffective|p1b: Kingambit|2\n|-damage|p1b: Kingambit|0 fnt\n|faint|p1b: Kingambit\n|move|p1a: Mimikyu|Swords Dance|p1a: Mimikyu\n|-boost|p1a: Mimikyu|atk|2\n|\n|upkeep\n|\n|t:|1776607393\n|switch|p1b: Chesnaught|Chesnaught, L50, F|100/100\n|switch|p2b: Kingambit|Kingambit, L50, F|100/100\n|turn|4\n|\n|t:|1776607402\n|move|p2a: Aggron|Protect|p2a: Aggron\n|-singleturn|p2a: Aggron|Protect\n|move|p2b: Kingambit|Iron Head|p1a: Mimikyu\n|-activate|p1a: Mimikyu|ability: Disguise\n|-damage|p1a: Mimikyu|100/100\n|detailschange|p1a: Mimikyu|Mimikyu-Busted, L50, F\n|-damage|p1a: Mimikyu|88/100|[from] pokemon: Mimikyu-Busted\n|move|p1b: Chesnaught|Leech Seed|p2a: Aggron\n|-activate|p2a: Aggron|move: Protect\n|move|p1a: Mimikyu|Will-O-Wisp|p2b: Kingambit\n|-status|p2b: Kingambit|brn\n|\n|-damage|p2b: Kingambit|95/100 brn|[from] brn\n|upkeep\n|turn|5\n|\n|t:|1776607421\n|move|p2a: Aggron|Heavy Slam|p1a: Mimikyu\n|-supereffective|p1a: Mimikyu|1\n|-damage|p1a: Mimikyu|0 fnt\n|faint|p1a: Mimikyu\n|move|p2b: Kingambit|Kowtow Cleave|p1b: Chesnaught\n|-resisted|p1b: Chesnaught|1\n|-damage|p1b: Chesnaught|92/100\n|move|p1b: Chesnaught|Leech Seed|p2b: Kingambit\n|-start|p2b: Kingambit|move: Leech Seed\n|\n|-heal|p1b: Chesnaught|98/100|[from] item: Leftovers\n|-damage|p2b: Kingambit|83/100 brn|[from] Leech Seed|[of] p1b: Chesnaught\n|-heal|p1b: Chesnaught|100/100|[silent]\n|-damage|p2b: Kingambit|77/100 brn|[from] brn\n|upkeep\n|turn|6\n|\n|t:|1776607439\n|move|p1b: Chesnaught|Spiky Shield|p1b: Chesnaught\n|-singleturn|p1b: Chesnaught|move: Protect\n|move|p2b: Kingambit|Kowtow Cleave|p1b: Chesnaught\n|-activate|p1b: Chesnaught|move: Protect\n|-damage|p2b: Kingambit|65/100 brn|[from] Spiky Shield|[of] p1b: Chesnaught\n|move|p2a: Aggron|Body Press|p1b: Chesnaught\n|-activate|p1b: Chesnaught|move: Protect\n|-damage|p2a: Aggron|88/100|[from] Spiky Shield|[of] p1b: Chesnaught\n|\n|-damage|p2b: Kingambit|53/100 brn|[from] Leech Seed|[of] p1b: Chesnaught\n|-damage|p2b: Kingambit|47/100 brn|[from] brn\n|-fieldend|move: Trick Room\n|upkeep\n|turn|7\n|\n|t:|1776607449\n|move|p2b: Kingambit|Sucker Punch||[still]\n|-fail|p2b: Kingambit\n|move|p1b: Chesnaught|Leech Seed|p2a: Aggron\n|-start|p2a: Aggron|move: Leech Seed\n|move|p2a: Aggron|Body Press|p1b: Chesnaught\n|-damage|p1b: Chesnaught|75/100\n|\n|-heal|p1b: Chesnaught|81/100|[from] item: Leftovers\n|-damage|p2b: Kingambit|35/100 brn|[from] Leech Seed|[of] p1b: Chesnaught\n|-heal|p1b: Chesnaught|93/100|[silent]\n|-damage|p2a: Aggron|76/100|[from] Leech Seed|[of] p1b: Chesnaught\n|-heal|p1b: Chesnaught|100/100|[silent]\n|-damage|p2b: Kingambit|29/100 brn|[from] brn\n|upkeep\n|turn|8\n|inactive|bestpinkpyssu has 30 seconds left.\n|\n|t:|1776607482\n|move|p1b: Chesnaught|Spiky Shield|p1b: Chesnaught\n|-singleturn|p1b: Chesnaught|move: Protect\n|move|p2a: Aggron|Heavy Slam|p1b: Chesnaught\n|-activate|p1b: Chesnaught|move: Protect\n|-damage|p2a: Aggron|64/100|[from] Spiky Shield|[of] p1b: Chesnaught\n|move|p2b: Kingambit|Kowtow Cleave|p1b: Chesnaught\n|-activate|p1b: Chesnaught|move: Protect\n|-damage|p2b: Kingambit|17/100 brn|[from] Spiky Shield|[of] p1b: Chesnaught\n|\n|-damage|p2b: Kingambit|5/100 brn|[from] Leech Seed|[of] p1b: Chesnaught\n|-damage|p2a: Aggron|52/100|[from] Leech Seed|[of] p1b: Chesnaught\n|-damage|p2b: Kingambit|0 fnt|[from] brn\n|faint|p2b: Kingambit\n|upkeep\n|turn|9\n|\n|t:|1776607495\n|move|p1b: Chesnaught|Spiky Shield||[still]\n|-fail|p1b: Chesnaught\n|move|p2a: Aggron|Protect||[still]\n|-fail|p2a: Aggron\n|\n|-damage|p2a: Aggron|39/100|[from] Leech Seed|[of] p1b: Chesnaught\n|upkeep\n|turn|10\n|\n|t:|1776607501\n|move|p1b: Chesnaught|Leech Seed||[still]\n|-fail|p1b: Chesnaught\n|move|p2a: Aggron|Heavy Slam|p1b: Chesnaught\n|-damage|p1b: Chesnaught|73/100\n|\n|-heal|p1b: Chesnaught|79/100|[from] item: Leftovers\n|-damage|p2a: Aggron|27/100|[from] Leech Seed|[of] p1b: Chesnaught\n|-heal|p1b: Chesnaught|88/100|[silent]\n|upkeep\n|turn|11\n|\n|t:|1776607506\n|move|p1b: Chesnaught|Spiky Shield|p1b: Chesnaught\n|-singleturn|p1b: Chesnaught|move: Protect\n|move|p2a: Aggron|Heavy Slam|p1b: Chesnaught\n|-activate|p1b: Chesnaught|move: Protect\n|-damage|p2a: Aggron|15/100|[from] Spiky Shield|[of] p1b: Chesnaught\n|\n|-heal|p1b: Chesnaught|94/100|[from] item: Leftovers\n|-damage|p2a: Aggron|3/100|[from] Leech Seed|[of] p1b: Chesnaught\n|-heal|p1b: Chesnaught|100/100|[silent]\n|upkeep\n|turn|12\n|\n|t:|1776607514\n|move|p1b: Chesnaught|Spiky Shield||[still]\n|-fail|p1b: Chesnaught\n|move|p2a: Aggron|Heavy Slam|p1b: Chesnaught\n|-crit|p1b: Chesnaught\n|-damage|p1b: Chesnaught|60/100\n|\n|-heal|p1b: Chesnaught|66/100|[from] item: Leftovers\n|-damage|p2a: Aggron|0 fnt|[from] Leech Seed|[of] p1b: Chesnaught\n|-heal|p1b: Chesnaught|68/100|[silent]\n|faint|p2a: Aggron\n|\n|win|Xernos123\n|raw|Xernos123's rating: 1068 &rarr; <strong>1094</strong><br />(+26 for winning)\n|raw|bestpinkpyssu's rating: 1026 &rarr; <strong>1014</strong><br />(-12 for losing)\n|l|\u2606bestpinkpyssu\n|player|p2|\n",
  "uploadtime": 1776607520,
  "views": 8,
  "formatid": "gen9championsvgc2026regma",
  "rating": 1014,
  "private": 0,
  "password": null
}