{
  "id": "gen9championsvgc2026regma-2582230190",
  "format": "[Gen 9 Champions] VGC 2026 Reg M-A",
  "players": [
    "canelaverde",
    "Tava1on"
  ],
  "log": "|j|\u2606canelaverde\n|j|\u2606Tava1on\n|t:|1776073918\n|gametype|doubles\n|player|p1|canelaverde|veteran|1000\n|player|p2|Tava1on|101|1045\n|gen|9\n|tier|[Gen 9 Champions] VGC 2026 Reg M-A\n|rated|\n|rule|Species Clause: Limit one of each Pok\u00e9mon\n|rule|Item Clause: Limit 1 of each item\n|clearpoke\n|poke|p1|Pelipper, L50, M|\n|poke|p1|Manectric, L50, F|\n|poke|p1|Azumarill, L50, F|\n|poke|p1|Garchomp, L50, F|\n|poke|p1|Scizor, L50, M|\n|poke|p1|Sinistcha, L50|\n|poke|p2|Chandelure, L50, M|\n|poke|p2|Kangaskhan, L50, F|\n|poke|p2|Kommo-o, L50, M|\n|poke|p2|Corviknight, L50, M|\n|poke|p2|Azumarill, L50, F|\n|poke|p2|Sinistcha, L50|\n|teampreview|4\n|\n|t:|1776073957\n|teamsize|p1|4\n|teamsize|p2|4\n|start\n|switch|p1a: Pelipper|Pelipper, L50, M|100/100\n|switch|p1b: Manectric|Manectric, L50, F|100/100\n|switch|p2a: Kangaskhan|Kangaskhan, L50, F|100/100\n|switch|p2b: Chandelure|Chandelure, L50, M|100/100\n|-weather|RainDance|[from] ability: Drizzle|[of] p1a: Pelipper\n|turn|1\n|inactive|Battle timer is ON: inactive players will automatically lose when time's up. (requested by Tava1on)\n|\n|t:|1776073986\n|detailschange|p2a: Kangaskhan|Kangaskhan-Mega, L50, F\n|-mega|p2a: Kangaskhan|Kangaskhan|Kangaskhanite\n|move|p2a: Kangaskhan|Fake Out|p1b: Manectric\n|-damage|p1b: Manectric|71/100\n|-damage|p1b: Manectric|63/100\n|-hitcount|p1b: Manectric|2\n|cant|p1b: Manectric|flinch\n|move|p1a: Pelipper|Muddy Water|p2a: Kangaskhan|[spread] p2a,p2b\n|-supereffective|p2b: Chandelure|1\n|-damage|p2a: Kangaskhan|62/100\n|-enditem|p2b: Chandelure|Focus Sash\n|-damage|p2b: Chandelure|1/100\n|-unboost|p2b: Chandelure|accuracy|1\n|move|p2b: Chandelure|Trick Room|p2b: Chandelure\n|-fieldstart|move: Trick Room|[of] p2b: Chandelure\n|\n|-weather|RainDance|[upkeep]\n|upkeep\n|turn|2\n|inactive|canelaverde has 30 seconds left.\n|\n|t:|1776074014\n|move|p2b: Chandelure|Shadow Ball|p1b: Manectric\n|-damage|p1b: Manectric|0 fnt\n|faint|p1b: Manectric\n|move|p2a: Kangaskhan|Double-Edge|p1a: Pelipper\n|-damage|p1a: Pelipper|30/100\n|-damage|p1a: Pelipper|13/100\n|-hitcount|p1a: Pelipper|2\n|-damage|p2a: Kangaskhan|43/100|[from] Recoil\n|move|p1a: Pelipper|Muddy Water|p2b: Chandelure|[spread] p2a,p2b\n|-supereffective|p2b: Chandelure|1\n|-damage|p2a: Kangaskhan|6/100\n|-damage|p2b: Chandelure|0 fnt\n|-unboost|p2a: Kangaskhan|accuracy|1\n|faint|p2b: Chandelure\n|\n|-weather|RainDance|[upkeep]\n|upkeep\n|\n|t:|1776074036\n|switch|p2b: Sinistcha|Sinistcha, L50|100/100\n|switch|p1b: Azumarill|Azumarill, L50, F|100/100\n|-heal|p2a: Kangaskhan|31/100|[from] ability: Hospitality|[of] p2b: Sinistcha\n|turn|3\n|\n|t:|1776074057\n|switch|p1b: Garchomp|Garchomp, L50, F|100/100\n|move|p2b: Sinistcha|Matcha Gotcha|p1b: Garchomp|[spread] p1a,p1b\n|-damage|p1a: Pelipper|0 fnt\n|-damage|p1b: Garchomp|75/100\n|-status|p1b: Garchomp|brn\n|faint|p1a: Pelipper\n|move|p2a: Kangaskhan|Double-Edge|p1b: Garchomp\n|-damage|p1b: Garchomp|22/100 brn\n|-damage|p2a: Kangaskhan|19/100|[from] ability: Rough Skin|[of] p1b: Garchomp\n|-damage|p1b: Garchomp|8/100 brn\n|-damage|p2a: Kangaskhan|7/100|[from] ability: Rough Skin|[of] p1b: Garchomp\n|-hitcount|p1b: Garchomp|2\n|-damage|p2a: Kangaskhan|0 fnt|[from] Recoil\n|faint|p2a: Kangaskhan\n|\n|-weather|RainDance|[upkeep]\n|-damage|p1b: Garchomp|2/100 brn|[from] brn\n|upkeep\n|inactive|canelaverde has 30 seconds left.\n|\n|t:|1776074084\n|switch|p2a: Kommo-o|Kommo-o, L50, M|100/100\n|switch|p1a: Azumarill|Azumarill, L50, F|100/100\n|turn|4\n|inactive|canelaverde has 30 seconds left.\n|\n|t:|1776074118\n|move|p1a: Azumarill|Play Rough|p2a: Kommo-o\n|-supereffective|p2a: Kommo-o|2\n|-enditem|p2a: Kommo-o|Roseli Berry|[eat]\n|-enditem|p2a: Kommo-o|Roseli Berry|[weaken]\n|-damage|p2a: Kommo-o|15/100\n|-unboost|p2a: Kommo-o|atk|1\n|move|p2b: Sinistcha|Matcha Gotcha|p1a: Azumarill|[spread] p1a,p1b\n|-supereffective|p1a: Azumarill|1\n|-damage|p1a: Azumarill|50/100\n|-damage|p1b: Garchomp|0 fnt\n|-status|p1a: Azumarill|brn\n|faint|p1b: Garchomp\n|move|p2a: Kommo-o|Aura Sphere|p1a: Azumarill\n|-resisted|p1a: Azumarill|1\n|-damage|p1a: Azumarill|31/100 brn\n|\n|-weather|RainDance|[upkeep]\n|-damage|p1a: Azumarill|25/100 brn|[from] brn\n|upkeep\n|turn|5\n|inactive|canelaverde has 30 seconds left.\n|\n|t:|1776074147\n|move|p2a: Kommo-o|Protect|p2a: Kommo-o\n|-singleturn|p2a: Kommo-o|Protect\n|move|p1a: Azumarill|Play Rough|p2a: Kommo-o\n|-activate|p2a: Kommo-o|move: Protect\n|move|p2b: Sinistcha|Matcha Gotcha|p1a: Azumarill\n|-supereffective|p1a: Azumarill|1\n|-damage|p1a: Azumarill|0 fnt\n|faint|p1a: Azumarill\n|\n|win|Tava1on\n|raw|canelaverde's rating: 1000 &rarr; <strong>1000</strong><br />(+0 for losing)\n|raw|Tava1on's rating: 1045 &rarr; <strong>1074</strong><br />(+29 for winning)\n|c|\u2606Tava1on|G\n|l|\u2606canelaverde\n|player|p1|\n|c|\u2606Tava1on|Gg\n",
  "uploadtime": 1776074164,
  "views": 26,
  "formatid": "gen9championsvgc2026regma",
  "rating": 1000,
  "private": 0,
  "password": null
}