{
  "id": "gen9championsvgc2026regma-2582468912",
  "format": "[Gen 9 Champions] VGC 2026 Reg M-A",
  "players": [
    "HL SIGNAL",
    "MaxiSilv"
  ],
  "log": "|j|\u2606HL SIGNAL\n|j|\u2606MaxiSilv\n|t:|1776093681\n|gametype|doubles\n|player|p1|HL SIGNAL|drayden|1268\n|player|p2|MaxiSilv|1|1242\n|gen|9\n|tier|[Gen 9 Champions] VGC 2026 Reg M-A\n|rated|\n|rule|Species Clause: Limit one of each Pok\u00e9mon\n|rule|Item Clause: Limit 1 of each item\n|clearpoke\n|poke|p1|Tyranitar, L50, F|\n|poke|p1|Whimsicott, L50, F|\n|poke|p1|Aegislash, L50, M|\n|poke|p1|Garchomp, L50, F|\n|poke|p1|Rotom-Wash, L50|\n|poke|p1|Incineroar, L50, M|\n|poke|p2|Tyranitar, L50, M|\n|poke|p2|Excadrill, L50, M|\n|poke|p2|Delphox, L50, F|\n|poke|p2|Milotic, L50, M|\n|poke|p2|Sinistcha, L50|\n|poke|p2|Sylveon, L50, F|\n|teampreview|4\nMaxiSilv has agreed to open team sheets.\n|inactive|Battle timer is ON: inactive players will automatically lose when time's up. (requested by HL SIGNAL)\nHL SIGNAL has agreed to open team sheets.\n|showteam|p1|Tyranitar||Tyranitarite|SandStream|Crunch,RockSlide,LowKick,Protect|||F|||50|]Whimsicott||FocusSash|Prankster|Moonblast,Encore,Tailwind,Protect|||F|||50|]Aegislash||SpellTag|StanceChange|WideGuard,ShadowBall,FlashCannon,KingsShield|||M|||50|]Garchomp||YacheBerry|SandVeil|Earthquake,RockSlide,DragonClaw,Protect|||F|||50|]Rotom-Wash||Leftovers|Levitate|Thunderbolt,HydroPump,WillOWisp,Protect||||||50|]Incineroar||SitrusBerry|Intimidate|DarkestLariat,FlareBlitz,PartingShot,FakeOut|||M|||50|\n|showteam|p2|Tyranitar||Tyranitarite|SandStream|Crunch,RockSlide,Superpower,Protect|||M|||50|]Excadrill||FocusSash|SandRush|HighHorsepower,IronHead,RockSlide,Earthquake|||M|||50|]Delphox||Delphoxite|Blaze|HeatWave,Psychic,Encore,Protect|||F|||50|]Milotic||Leftovers|Competitive|Scald,IcyWind,HelpingHand,Protect|||M|||50|]Sinistcha||SitrusBerry|Hospitality|MatchaGotcha,StrengthSap,RagePowder,TrickRoom||||||50|]Sylveon||FairyFeather|Pixilate|HyperVoice,Moonblast,QuickAttack,Detect|||F|||50|\n|\n|t:|1776093729\n|teamsize|p1|4\n|teamsize|p2|4\n|start\n|switch|p1a: Whimsicott|Whimsicott, L50, F|100/100\n|switch|p1b: Rotom|Rotom-Wash, L50|100/100\n|switch|p2a: Milotic|Milotic, L50, M|100/100\n|switch|p2b: Delphox|Delphox, L50, F|100/100\n|turn|1\n|inactive|HL SIGNAL has 30 seconds left.\n|inactive|MaxiSilv has 30 seconds left.\n|inactive|HL SIGNAL has 20 seconds left.\n|inactive|MaxiSilv has 20 seconds left.\n|inactive|HL SIGNAL has 15 seconds left.\n|inactive|MaxiSilv has 15 seconds left.\n|inactive|MaxiSilv has 10 seconds left.\n|\n|t:|1776093778\n|switch|p2a: Sinistcha|Sinistcha, L50|100/100\n|detailschange|p2b: Delphox|Delphox-Mega, L50, F\n|-mega|p2b: Delphox|Delphox|Delphoxite\n|move|p1a: Whimsicott|Tailwind|p1a: Whimsicott\n|-sidestart|p1: HL SIGNAL|move: Tailwind\n|move|p1b: Rotom|Thunderbolt|p2a: Sinistcha\n|-resisted|p2a: Sinistcha|1\n|-damage|p2a: Sinistcha|81/100\n|move|p2b: Delphox|Psychic|p1b: Rotom\n|-damage|p1b: Rotom|41/100\n|\n|-heal|p1b: Rotom|47/100|[from] item: Leftovers\n|upkeep\n|turn|2\n|inactive|HL SIGNAL has 30 seconds left.\n|inactive|MaxiSilv has 30 seconds left.\n|inactive|HL SIGNAL has 20 seconds left.\n|inactive|MaxiSilv has 20 seconds left.\n|\n|t:|1776093814\n|switch|p1b: Aegislash|Aegislash, L50, M|100/100\n|move|p1a: Whimsicott|Encore|p2b: Delphox\n|-start|p2b: Delphox|Encore\n|move|p2b: Delphox|Psychic|p1a: Whimsicott\n|-enditem|p1a: Whimsicott|Focus Sash\n|-damage|p1a: Whimsicott|1/100\n|move|p2a: Sinistcha|Matcha Gotcha|p1a: Whimsicott|[spread] p1a,p1b\n|-resisted|p1a: Whimsicott|1\n|-resisted|p1b: Aegislash|1\n|-damage|p1a: Whimsicott|0 fnt\n|-heal|p2a: Sinistcha|81/100|[from] drain|[of] p1a: Whimsicott\n|-damage|p1b: Aegislash|87/100\n|-heal|p2a: Sinistcha|86/100|[from] drain|[of] p1b: Aegislash\n|faint|p1a: Whimsicott\n|\n|upkeep\n|inactive|HL SIGNAL has 30 seconds left.\n|\n|t:|1776093843\n|switch|p1a: Rotom|Rotom-Wash, L50|47/100\n|turn|3\n|\n|t:|1776093868\n|switch|p2b: Milotic|Milotic, L50, M|100/100\n|-formechange|p1b: Aegislash|Aegislash-Blade|\n|move|p1b: Aegislash|Shadow Ball|p2a: Sinistcha\n|-supereffective|p2a: Sinistcha|1\n|-damage|p2a: Sinistcha|0 fnt\n|faint|p2a: Sinistcha\n|move|p1a: Rotom|Hydro Pump|p2b: Milotic\n|-resisted|p2b: Milotic|1\n|-damage|p2b: Milotic|83/100\n|\n|-heal|p1a: Rotom|53/100|[from] item: Leftovers\n|-heal|p2b: Milotic|89/100|[from] item: Leftovers\n|upkeep\n|\n|t:|1776093881\n|switch|p2a: Sylveon|Sylveon, L50, F|100/100\n|turn|4\n|\n|t:|1776093903\n|move|p2b: Milotic|Protect|p2b: Milotic\n|-singleturn|p2b: Milotic|Protect\n|move|p2a: Sylveon|Detect|p2a: Sylveon\n|-singleturn|p2a: Sylveon|Protect\n|move|p1b: Aegislash|Flash Cannon|p2a: Sylveon\n|-activate|p2a: Sylveon|move: Protect\n|move|p1a: Rotom|Thunderbolt|p2b: Milotic\n|-activate|p2b: Milotic|move: Protect\n|\n|-heal|p1a: Rotom|59/100|[from] item: Leftovers\n|-heal|p2b: Milotic|95/100|[from] item: Leftovers\n|-sideend|p1: HL SIGNAL|move: Tailwind\n|upkeep\n|turn|5\n|\n|t:|1776093920\n|move|p1b: Aegislash|Wide Guard|p1b: Aegislash\n|-singleturn|p1b: Aegislash|Wide Guard\n|move|p2b: Milotic|Scald|p1a: Rotom\n|-resisted|p1a: Rotom|1\n|-damage|p1a: Rotom|46/100\n|move|p1a: Rotom|Thunderbolt|p2b: Milotic\n|-supereffective|p2b: Milotic|1\n|-damage|p2b: Milotic|43/100\n|move|p2a: Sylveon|Moonblast|p1a: Rotom\n|-damage|p1a: Rotom|0 fnt\n|faint|p1a: Rotom\n|\n|-heal|p2b: Milotic|49/100|[from] item: Leftovers\n|upkeep\n|\n|t:|1776093931\n|switch|p1a: Garchomp|Garchomp, L50, F|100/100\n|turn|6\n|\n|t:|1776093955\n|move|p1a: Garchomp|Protect|p1a: Garchomp\n|-singleturn|p1a: Garchomp|Protect\n|move|p2a: Sylveon|Detect|p2a: Sylveon\n|-singleturn|p2a: Sylveon|Protect\n|move|p1b: Aegislash|Flash Cannon|p2a: Sylveon\n|-activate|p2a: Sylveon|move: Protect\n|move|p2b: Milotic|Icy Wind|p1b: Aegislash|[spread] p1b\n|-activate|p1a: Garchomp|move: Protect\n|-resisted|p1b: Aegislash|1\n|-damage|p1b: Aegislash|77/100\n|-unboost|p1b: Aegislash|spe|1\n|\n|-heal|p2b: Milotic|55/100|[from] item: Leftovers\n|upkeep\n|turn|7\n|inactive|HL SIGNAL has 30 seconds left.\n|inactive|MaxiSilv has 30 seconds left.\n|inactive|HL SIGNAL has 20 seconds left.\n|inactive|HL SIGNAL has 15 seconds left.\n|inactive|HL SIGNAL has 10 seconds left.\n|\n|t:|1776094000\n|move|p1a: Garchomp|Rock Slide|p2a: Sylveon|[spread] p2a,p2b\n|-damage|p2a: Sylveon|81/100\n|-damage|p2b: Milotic|38/100\n|cant|p2b: Milotic|flinch\n|cant|p2a: Sylveon|flinch\n|move|p1b: Aegislash|Flash Cannon|p2a: Sylveon\n|-supereffective|p2a: Sylveon|1\n|-damage|p2a: Sylveon|10/100\n|\n|-heal|p2b: Milotic|44/100|[from] item: Leftovers\n|upkeep\n|turn|8\n|c|\u2606MaxiSilv|omgg\n|c|\u2606HL SIGNAL|Lol\n|inactive|HL SIGNAL has 30 seconds left.\n|inactive|MaxiSilv has 30 seconds left.\n|\n|t:|1776094030\n|move|p2b: Milotic|Protect|p2b: Milotic\n|-singleturn|p2b: Milotic|Protect\n|move|p2a: Sylveon|Detect|p2a: Sylveon\n|-singleturn|p2a: Sylveon|Protect\n|move|p1a: Garchomp|Rock Slide|p2b: Milotic|[spread] \n|-activate|p2a: Sylveon|move: Protect\n|-activate|p2b: Milotic|move: Protect\n|move|p1b: Aegislash|Shadow Ball|p2b: Milotic\n|-activate|p2b: Milotic|move: Protect\n|\n|-heal|p2b: Milotic|50/100|[from] item: Leftovers\n|upkeep\n|turn|9\n|\n|t:|1776094046\n|move|p2a: Sylveon|Quick Attack|p1a: Garchomp\n|-supereffective|p1a: Garchomp|1\n|-damage|p1a: Garchomp|77/100\n|move|p1a: Garchomp|Rock Slide|p2b: Milotic|[spread] p2b\n|-miss|p1a: Garchomp|p2a: Sylveon\n|-damage|p2b: Milotic|35/100\n|move|p2b: Milotic|Icy Wind|p1b: Aegislash|[spread] p1a,p1b\n|-supereffective|p1a: Garchomp|2\n|-enditem|p1a: Garchomp|Yache Berry|[eat]\n|-enditem|p1a: Garchomp|Yache Berry|[weaken]\n|-resisted|p1b: Aegislash|1\n|-damage|p1a: Garchomp|54/100\n|-damage|p1b: Aegislash|66/100\n|-unboost|p1a: Garchomp|spe|1\n|-unboost|p1b: Aegislash|spe|1\n|move|p1b: Aegislash|Shadow Ball|p2b: Milotic\n|-damage|p2b: Milotic|0 fnt\n|faint|p2b: Milotic\n|\n|upkeep\n|\n|t:|1776094063\n|switch|p2b: Delphox|Delphox-Mega, L50, F|100/100\n|turn|10\n|inactive|HL SIGNAL has 30 seconds left.\n|inactive|MaxiSilv has 30 seconds left.\n|inactive|HL SIGNAL has 20 seconds left.\n|inactive|MaxiSilv has 20 seconds left.\n|inactive|HL SIGNAL has 15 seconds left.\n|inactive|MaxiSilv has 15 seconds left.\n|\n|t:|1776094105\n|move|p1a: Garchomp|Protect|p1a: Garchomp\n|-singleturn|p1a: Garchomp|Protect\n|move|p2b: Delphox|Heat Wave|p1a: Garchomp|[spread] p1b\n|-activate|p1a: Garchomp|move: Protect\n|-supereffective|p1b: Aegislash|1\n|-damage|p1b: Aegislash|0 fnt\n|faint|p1b: Aegislash\n|move|p2a: Sylveon|Hyper Voice|p1a: Garchomp\n|-activate|p1a: Garchomp|move: Protect\n|\n|upkeep\n|turn|11\n|c|\u2606HL SIGNAL|Gg\n|\n|t:|1776094126\n|move|p2b: Delphox|Encore|p1a: Garchomp\n|-start|p1a: Garchomp|Encore\n|move|p1a: Garchomp|Protect||[still]\n|-fail|p1a: Garchomp\n|move|p2a: Sylveon|Moonblast|p1a: Garchomp\n|-supereffective|p1a: Garchomp|1\n|-damage|p1a: Garchomp|0 fnt\n|faint|p1a: Garchomp\n|\n|win|MaxiSilv\n|raw|HL SIGNAL's rating: 1268 &rarr; <strong>1241</strong><br />(-27 for losing)\n|raw|MaxiSilv's rating: 1242 &rarr; <strong>1269</strong><br />(+27 for winning)\n|c|\u2606MaxiSilv|gg\n|l|\u2606HL SIGNAL\n|player|p1|\n",
  "uploadtime": 1776094126,
  "views": 66,
  "formatid": "gen9championsvgc2026regma",
  "rating": 1241,
  "private": 0,
  "password": null
}