{
  "id": "gen9championsvgc2026regma-2588914602",
  "format": "[Gen 9 Champions] VGC 2026 Reg M-A",
  "players": [
    "navinsachump",
    "goobsheistmaster67"
  ],
  "log": "|j|\u2606navinsachump\n|j|\u2606goobsheistmaster67\n|t:|1776685406\n|gametype|doubles\n|player|p1|navinsachump|smasher|1507\n|player|p2|goobsheistmaster67|bugcatcher-gen4dp|1490\n|gen|9\n|tier|[Gen 9 Champions] VGC 2026 Reg M-A\n|rated|\n|rule|Species Clause: Limit one of each Pok\u00e9mon\n|rule|Item Clause: Limit 1 of each item\n|clearpoke\n|poke|p1|Charizard, L50, F|\n|poke|p1|Sneasler, L50, M|\n|poke|p1|Basculegion, L50, M|\n|poke|p1|Garchomp, L50, F|\n|poke|p1|Incineroar, L50, M|\n|poke|p1|Venusaur, L50, F|\n|poke|p2|Floette-Eternal, L50, F|\n|poke|p2|Klefki, L50, F|\n|poke|p2|Milotic, L50, M|\n|poke|p2|Farigiraf, L50, F|\n|poke|p2|Incineroar, L50, M|\n|poke|p2|Sneasler, L50, F|\n|teampreview|4\n|inactive|Battle timer is ON: inactive players will automatically lose when time's up. (requested by navinsachump)\n|j| Oby'Kodara\n|\n|t:|1776685425\n|teamsize|p1|4\n|teamsize|p2|4\n|start\n|switch|p1a: Sneasler|Sneasler, L50, M|100/100\n|switch|p1b: Basculegion|Basculegion, L50, M|100/100\n|switch|p2a: Incineroar|Incineroar, L50, M|100/100\n|switch|p2b: Sneasler|Sneasler, L50, F|100/100\n|-ability|p2a: Incineroar|Intimidate|boost\n|-unboost|p1a: Sneasler|atk|1\n|-unboost|p1b: Basculegion|atk|1\n|-enditem|p1a: Sneasler|White Herb\n|-clearnegativeboost|p1a: Sneasler|[silent]\n|turn|1\n|j| porygon-epilepz\n|l| Oby'Kodara\n|\n|t:|1776685440\n|move|p1a: Sneasler|Protect|p1a: Sneasler\n|-singleturn|p1a: Sneasler|Protect\n|move|p2b: Sneasler|Fake Out|p1a: Sneasler\n|-activate|p1a: Sneasler|move: Protect\n|move|p1b: Basculegion|Flip Turn|p2b: Sneasler\n|-damage|p2b: Sneasler|57/100\n|\n|t:|1776685450\n|switch|p1b: Garchomp|Garchomp, L50, F|100/100|[from] Flip Turn\n|move|p2a: Incineroar|Throat Chop|p1b: Garchomp\n|-damage|p1b: Garchomp|59/100\n|-start|p1b: Garchomp|Throat Chop|[silent]\n|-damage|p2a: Incineroar|88/100|[from] ability: Rough Skin|[of] p1b: Garchomp\n|\n|upkeep\n|turn|2\n|inactive|navinsachump has 30 seconds left.\n|\n|t:|1776685478\n|switch|p2a: Milotic|Milotic, L50, M|100/100\n|move|p1a: Sneasler|Close Combat|p2a: Milotic\n|-damage|p2a: Milotic|26/100\n|-unboost|p1a: Sneasler|def|1\n|-unboost|p1a: Sneasler|spd|1\n|move|p2b: Sneasler|Close Combat|p1b: Garchomp\n|-damage|p1b: Garchomp|4/100\n|-unboost|p2b: Sneasler|def|1\n|-unboost|p2b: Sneasler|spd|1\n|-damage|p2b: Sneasler|44/100|[from] ability: Rough Skin|[of] p1b: Garchomp\n|move|p1b: Garchomp|Dragon Claw|p2b: Sneasler\n|-damage|p2b: Sneasler|0 fnt\n|faint|p2b: Sneasler\n|\n|-heal|p2a: Milotic|32/100|[from] item: Leftovers\n|-end|p1b: Garchomp|Throat Chop|[silent]\n|upkeep\n|\n|t:|1776685491\n|switch|p2b: Incineroar|Incineroar, L50, M|88/100\n|-ability|p2b: Incineroar|Intimidate|boost\n|-unboost|p1a: Sneasler|atk|1\n|-unboost|p1b: Garchomp|atk|1\n|turn|3\n|inactive|goobsheistmaster67 has 30 seconds left.\n|inactive|goobsheistmaster67 has 20 seconds left.\n|\n|t:|1776685529\n|move|p1a: Sneasler|Protect|p1a: Sneasler\n|-singleturn|p1a: Sneasler|Protect\n|move|p1b: Garchomp|Protect|p1b: Garchomp\n|-singleturn|p1b: Garchomp|Protect\n|move|p2b: Incineroar|Fake Out|p1b: Garchomp\n|-activate|p1b: Garchomp|move: Protect\n|move|p2a: Milotic|Coil|p2a: Milotic\n|-boost|p2a: Milotic|atk|1\n|-boost|p2a: Milotic|def|1\n|-boost|p2a: Milotic|accuracy|1\n|\n|-heal|p2a: Milotic|38/100|[from] item: Leftovers\n|upkeep\n|turn|4\n|\n|t:|1776685548\n|switch|p2b: Floette|Floette-Eternal, L50, F|100/100\n|move|p1a: Sneasler|Close Combat|p2b: Floette\n|-resisted|p2b: Floette|1\n|-damage|p2b: Floette|76/100\n|-unboost|p1a: Sneasler|def|1\n|-unboost|p1a: Sneasler|spd|1\n|move|p1b: Garchomp|Dragon Claw|p2a: Milotic\n|-damage|p2a: Milotic|19/100\n|move|p2a: Milotic|Life Dew|p2a: Milotic|[spread] p2a,p2b\n|-heal|p2a: Milotic|44/100\n|-heal|p2b: Floette|100/100\n|\n|-heal|p2a: Milotic|50/100|[from] item: Leftovers\n|upkeep\n|turn|5\n|l| porygon-epilepz\n|\n|t:|1776685572\n|detailschange|p2b: Floette|Floette-Mega, L50, F\n|-mega|p2b: Floette|Floette|Floettite\n|-ability|p2b: Floette|Fairy Aura\n|move|p2b: Floette|Protect|p2b: Floette\n|-singleturn|p2b: Floette|Protect\n|move|p1a: Sneasler|Dire Claw|p2b: Floette\n|-activate|p2b: Floette|move: Protect\n|move|p1b: Garchomp|Rock Slide|p2a: Milotic|[spread] \n|-activate|p2b: Floette|move: Protect\n|-miss|p1b: Garchomp|p2a: Milotic\n|move|p2a: Milotic|Hypnosis|p1a: Sneasler\n|-status|p1a: Sneasler|slp|[from] move: Hypnosis\n|\n|-heal|p2a: Milotic|56/100|[from] item: Leftovers\n|upkeep\n|turn|6\n|\n|t:|1776685587\n|switch|p1a: Charizard|Charizard, L50, F|100/100\n|move|p1b: Garchomp|Rock Slide|p2b: Floette|[spread] p2a,p2b\n|-damage|p2a: Milotic|47/100\n|-damage|p2b: Floette|88/100\n|move|p2b: Floette|Calm Mind|p2b: Floette\n|-boost|p2b: Floette|spa|1\n|-boost|p2b: Floette|spd|1\n|cant|p2a: Milotic|flinch\n|\n|-heal|p2a: Milotic|52/100|[from] item: Leftovers\n|upkeep\n|turn|7\n|\n|t:|1776685607\n|detailschange|p1a: Charizard|Charizard-Mega-Y, L50, F\n|-mega|p1a: Charizard|Charizard|Charizardite Y\n|-weather|SunnyDay|[from] ability: Drought|[of] p1a: Charizard\n|move|p1b: Garchomp|Rock Slide|p2a: Milotic|[spread] p2a,p2b\n|-crit|p2a: Milotic\n|-damage|p2a: Milotic|21/100\n|-damage|p2b: Floette|75/100\n|move|p1a: Charizard|Heat Wave|p2a: Milotic|[spread] p2b\n|-miss|p1a: Charizard|p2a: Milotic\n|-damage|p2b: Floette|42/100\n|move|p2b: Floette|Calm Mind|p2b: Floette\n|-boost|p2b: Floette|spa|1\n|-boost|p2b: Floette|spd|1\n|move|p2a: Milotic|Hypnosis|p1a: Charizard|[miss]\n|-miss|p2a: Milotic|p1a: Charizard\n|\n|-weather|SunnyDay|[upkeep]\n|-heal|p2a: Milotic|27/100|[from] item: Leftovers\n|upkeep\n|turn|8\n|\n|t:|1776685624\n|move|p2b: Floette|Protect|p2b: Floette\n|-singleturn|p2b: Floette|Protect\n|move|p1b: Garchomp|Rock Slide|p2a: Milotic|[spread] p2a\n|-activate|p2b: Floette|move: Protect\n|-damage|p2a: Milotic|16/100\n|move|p1a: Charizard|Heat Wave|p2a: Milotic|[spread] p2a\n|-activate|p2b: Floette|move: Protect\n|-resisted|p2a: Milotic|1\n|-damage|p2a: Milotic|0 fnt\n|faint|p2a: Milotic\n|\n|-weather|SunnyDay|[upkeep]\n|upkeep\n|\n|t:|1776685633\n|switch|p2a: Incineroar|Incineroar, L50, M|88/100\n|-ability|p2a: Incineroar|Intimidate|boost\n|-unboost|p1a: Charizard|atk|1\n|-unboost|p1b: Garchomp|atk|1\n|turn|9\n|\n|t:|1776685638\n|switch|p1b: Sneasler|Sneasler, L50, M|100/100 slp\n|move|p1a: Charizard|Protect|p1a: Charizard\n|-singleturn|p1a: Charizard|Protect\n|move|p2a: Incineroar|Fake Out|p1a: Charizard\n|-activate|p1a: Charizard|move: Protect\n|move|p2b: Floette|Draining Kiss|p1a: Charizard\n|-activate|p1a: Charizard|move: Protect\n|\n|-weather|SunnyDay|[upkeep]\n|upkeep\n|turn|10\n|\n|t:|1776685656\n|switch|p1a: Garchomp|Garchomp, L50, F|4/100\n|cant|p1b: Sneasler|slp\n|move|p2b: Floette|Draining Kiss|p1b: Sneasler\n|-damage|p1b: Sneasler|0 fnt\n|-heal|p2b: Floette|100/100|[from] drain|[of] p1b: Sneasler\n|faint|p1b: Sneasler\n|move|p2a: Incineroar|Throat Chop|p1a: Garchomp\n|-damage|p1a: Garchomp|0 fnt\n|-damage|p2a: Incineroar|76/100|[from] ability: Rough Skin|[of] p1a: Garchomp\n|faint|p1a: Garchomp\n|\n|-weather|SunnyDay|[upkeep]\n|upkeep\n|\n|t:|1776685664\n|switch|p1b: Basculegion|Basculegion, L50, M|100/100\n|switch|p1a: Charizard|Charizard-Mega-Y, L50, F|100/100\n|turn|11\n|\n|t:|1776685677\n|move|p2b: Floette|Protect|p2b: Floette\n|-singleturn|p2b: Floette|Protect\n|move|p1b: Basculegion|Last Respects|p2a: Incineroar\n|-resisted|p2a: Incineroar|1\n|-damage|p2a: Incineroar|28/100\n|move|p1a: Charizard|Air Slash|p2a: Incineroar\n|-damage|p2a: Incineroar|0 fnt\n|faint|p2a: Incineroar\n|\n|-weather|none\n|upkeep\n|turn|12\n|\n|t:|1776685684\n|move|p1b: Basculegion|Last Respects|p2b: Floette\n|-damage|p2b: Floette|11/100\n|move|p1a: Charizard|Air Slash|p2b: Floette\n|-damage|p2b: Floette|0 fnt\n|faint|p2b: Floette\n|\n|win|navinsachump\n",
  "uploadtime": 1776685441,
  "views": 8,
  "formatid": "gen9championsvgc2026regma",
  "rating": null,
  "private": 0,
  "password": null
}