{
  "id": "gen9championsvgc2026regma-2584479921",
  "format": "[Gen 9 Champions] VGC 2026 Reg M-A",
  "players": [
    "micmol",
    "smp on whimsicott"
  ],
  "log": "|j|\u2606micmol\n|j|\u2606smp on whimsicott\n|t:|1776263648\n|gametype|doubles\n|player|p1|micmol|102|1281\n|player|p2|smp on whimsicott|artist-gen4|1339\n|gen|9\n|tier|[Gen 9 Champions] VGC 2026 Reg M-A\n|rated|\n|rule|Species Clause: Limit one of each Pok\u00e9mon\n|rule|Item Clause: Limit 1 of each item\n|clearpoke\n|poke|p1|Tyranitar, L50, M|\n|poke|p1|Gourgeist-*, L50, F|\n|poke|p1|Incineroar, L50, F|\n|poke|p1|Empoleon, L50, M|\n|poke|p1|Orthworm, L50, M|\n|poke|p1|Alakazam, L50, F|\n|poke|p2|Floette-Eternal, L50, F|\n|poke|p2|Aegislash, L50, M|\n|poke|p2|Talonflame, L50, F|\n|poke|p2|Basculegion, L50, M|\n|poke|p2|Milotic, L50, M|\n|poke|p2|Garchomp, L50, M|\n|teampreview|4\n|\n|t:|1776263685\n|teamsize|p1|4\n|teamsize|p2|4\n|start\n|switch|p1a: gODZILLA|Tyranitar, L50, M, shiny|100/100\n|switch|p1b: Gourgie|Gourgeist-Super, L50, F, shiny|100/100\n|switch|p2a: Basculegion|Basculegion, L50, M|100/100\n|switch|p2b: Milotic|Milotic, L50, M|100/100\n|-weather|Sandstorm|[from] ability: Sand Stream|[of] p1a: gODZILLA\n|turn|1\n|\n|t:|1776263700\n|detailschange|p1a: gODZILLA|Tyranitar-Mega, L50, M, shiny\n|-mega|p1a: gODZILLA|Tyranitar|Tyranitarite\n|move|p1a: gODZILLA|Protect|p1a: gODZILLA\n|-singleturn|p1a: gODZILLA|Protect\n|move|p2a: Basculegion|Wave Crash|p1a: gODZILLA\n|-activate|p1a: gODZILLA|move: Protect\n|move|p2b: Milotic|Icy Wind|p1a: gODZILLA|[spread] p1b\n|-activate|p1a: gODZILLA|move: Protect\n|-supereffective|p1b: Gourgie|1\n|-damage|p1b: Gourgie|82/100\n|-unboost|p1b: Gourgie|spe|1\n|move|p1b: Gourgie|Trick Room|p1b: Gourgie\n|-fieldstart|move: Trick Room|[of] p1b: Gourgie\n|\n|-weather|Sandstorm|[upkeep]\n|-damage|p1b: Gourgie|76/100|[from] Sandstorm\n|-damage|p2b: Milotic|95/100|[from] Sandstorm\n|-damage|p2a: Basculegion|94/100|[from] Sandstorm\n|-heal|p2b: Milotic|100/100|[from] item: Leftovers\n|upkeep\n|turn|2\n|\n|t:|1776263724\n|switch|p2a: Floette|Floette-Eternal, L50, F|100/100\n|move|p1b: Gourgie|Seed Bomb|p2b: Milotic\n|-supereffective|p2b: Milotic|1\n|-damage|p2b: Milotic|44/100\n|move|p1a: gODZILLA|Knock Off|p2b: Milotic\n|-damage|p2b: Milotic|0 fnt\n|-enditem|p2b: Milotic|Leftovers|[from] move: Knock Off|[of] p1a: gODZILLA\n|faint|p2b: Milotic\n|\n|-weather|Sandstorm|[upkeep]\n|-damage|p1b: Gourgie|70/100|[from] Sandstorm\n|-damage|p2a: Floette|94/100|[from] Sandstorm\n|upkeep\n|\n|t:|1776263731\n|switch|p2b: Aegislash|Aegislash, L50, M|100/100\n|turn|3\n|\n|t:|1776263758\n|detailschange|p2a: Floette|Floette-Mega, L50, F\n|-mega|p2a: Floette|Floette|Floettite\n|-ability|p2a: Floette|Fairy Aura\n|move|p2b: Aegislash|King's Shield|p2b: Aegislash\n|-singleturn|p2b: Aegislash|Protect\n|move|p1b: Gourgie|Trick-or-Treat|p1a: gODZILLA\n|-start|p1a: gODZILLA|typeadd|Ghost|[from] move: Trick-or-Treat\n|move|p1a: gODZILLA|Rock Slide|p2b: Aegislash|[spread] p2a\n|-activate|p2b: Aegislash|move: Protect\n|-damage|p2a: Floette|59/100\n|move|p2a: Floette|Moonblast|p1a: gODZILLA\n|-supereffective|p1a: gODZILLA|1\n|-damage|p1a: gODZILLA|28/100\n|\n|-weather|Sandstorm|[upkeep]\n|-damage|p1b: Gourgie|64/100|[from] Sandstorm\n|-damage|p2a: Floette|53/100|[from] Sandstorm\n|upkeep\n|turn|4\n|\n|t:|1776263776\n|-formechange|p2b: Aegislash|Aegislash-Blade|\n|move|p2b: Aegislash|Shadow Sneak|p1a: gODZILLA\n|-damage|p1a: gODZILLA|15/100\n|move|p1b: Gourgie|Seed Bomb|p2a: Floette\n|-damage|p2a: Floette|26/100\n|move|p1a: gODZILLA|Knock Off|p2b: Aegislash\n|-supereffective|p2b: Aegislash|1\n|-enditem|p2b: Aegislash|Focus Sash\n|-damage|p2b: Aegislash|1/100\n|move|p2a: Floette|Moonblast|p1b: Gourgie\n|-damage|p1b: Gourgie|6/100\n|\n|-weather|Sandstorm|[upkeep]\n|-damage|p1b: Gourgie|0 fnt|[from] Sandstorm\n|-damage|p2a: Floette|20/100|[from] Sandstorm\n|faint|p1b: Gourgie\n|upkeep\n|\n|t:|1776263784\n|switch|p1b: Orthworm|Orthworm, L50, M|100/100\n|turn|5\n|\n|t:|1776263795\n|move|p1a: gODZILLA|Protect|p1a: gODZILLA\n|-singleturn|p1a: gODZILLA|Protect\n|move|p2a: Floette|Protect|p2a: Floette\n|-singleturn|p2a: Floette|Protect\n|move|p2b: Aegislash|Shadow Sneak|p1a: gODZILLA\n|-activate|p1a: gODZILLA|move: Protect\n|move|p1b: Orthworm|Shed Tail|p1b: Orthworm\n|-start|p1b: Orthworm|Substitute|[from] move: Shed Tail\n|-damage|p1b: Orthworm|50/100\n|-enditem|p1b: Orthworm|Sitrus Berry|[eat]\n|-heal|p1b: Orthworm|75/100|[from] item: Sitrus Berry\n|\n|t:|1776263801\n|switch|p1b: Alakazam|Alakazam, L50, F|100/100|[from] Shed Tail\n|\n|-weather|none\n|-fieldend|move: Trick Room\n|upkeep\n|turn|6\n|\n|t:|1776263823\n|switch|p1a: Orthworm|Orthworm, L50, M|75/100\n|move|p1b: Alakazam|Psychic|p2b: Aegislash\n|-resisted|p2b: Aegislash|1\n|-damage|p2b: Aegislash|0 fnt\n|faint|p2b: Aegislash\n|move|p2a: Floette|Dazzling Gleam|p1a: Orthworm|[spread] p1a,p1b\n|-end|p1b: Alakazam|Substitute\n|-resisted|p1a: Orthworm|1\n|-crit|p1a: Orthworm\n|-damage|p1a: Orthworm|36/100\n|\n|upkeep\n|\n|t:|1776263828\n|switch|p2b: Basculegion|Basculegion, L50, M|94/100\n|turn|7\n|\n|t:|1776263860\n|move|p2b: Basculegion|Last Respects|p1b: Alakazam\n|-supereffective|p1b: Alakazam|1\n|-enditem|p1b: Alakazam|Focus Sash\n|-damage|p1b: Alakazam|1/100\n|move|p1b: Alakazam|Shadow Ball|p2b: Basculegion\n|-supereffective|p2b: Basculegion|1\n|-damage|p2b: Basculegion|31/100\n|move|p2a: Floette|Dazzling Gleam|p1a: Orthworm|[spread] p1a,p1b\n|-resisted|p1a: Orthworm|1\n|-damage|p1a: Orthworm|11/100\n|-damage|p1b: Alakazam|0 fnt\n|faint|p1b: Alakazam\n|move|p1a: Orthworm|Iron Head|p2a: Floette\n|-supereffective|p2a: Floette|1\n|-damage|p2a: Floette|0 fnt\n|faint|p2a: Floette\n|\n|upkeep\n|\n|t:|1776263875\n|switch|p1b: gODZILLA|Tyranitar-Mega, L50, M, shiny|15/100\n|-weather|Sandstorm|[from] ability: Sand Stream|[of] p1b: gODZILLA\n|turn|8\n|\n|t:|1776263880\n|move|p2b: Basculegion|Last Respects|p1a: Orthworm\n|-damage|p1a: Orthworm|0 fnt\n|faint|p1a: Orthworm\n|move|p1b: gODZILLA|Knock Off|p2b: Basculegion\n|-supereffective|p2b: Basculegion|1\n|-damage|p2b: Basculegion|0 fnt\n|-enditem|p2b: Basculegion|Choice Scarf|[from] move: Knock Off|[of] p1b: gODZILLA\n|faint|p2b: Basculegion\n|\n|win|micmol\n|raw|micmol's rating: 1281 &rarr; <strong>1310</strong><br />(+29 for winning)\n|raw|smp on whimsicott's rating: 1339 &rarr; <strong>1316</strong><br />(-23 for losing)\n",
  "uploadtime": 1776263880,
  "views": 30,
  "formatid": "gen9championsvgc2026regma",
  "rating": 1310,
  "private": 0,
  "password": null
}