{
  "id": "gen9championsvgc2026regma-2586121958",
  "format": "[Gen 9 Champions] VGC 2026 Reg M-A",
  "players": [
    "chlib",
    "sansperaya"
  ],
  "log": "|j|\u2606chlib\n|j|\u2606sansperaya\n|t:|1776401629\n|gametype|doubles\n|player|p1|chlib|101|1099\n|player|p2|sansperaya|2|1000\n|gen|9\n|tier|[Gen 9 Champions] VGC 2026 Reg M-A\n|rated|\n|rule|Species Clause: Limit one of each Pok\u00e9mon\n|rule|Item Clause: Limit 1 of each item\n|clearpoke\n|poke|p1|Gengar, L50, M|\n|poke|p1|Orthworm, L50, F|\n|poke|p1|Incineroar, L50, F|\n|poke|p1|Garchomp, L50, F|\n|poke|p1|Venusaur, L50, F|\n|poke|p1|Charizard, L50, M|\n|poke|p2|Palafin, L50, M|\n|poke|p2|Delphox, L50, F|\n|poke|p2|Victreebel, L50, F|\n|poke|p2|Alcremie-Mint-Cream, L50, F|\n|poke|p2|Archaludon, L50, F|\n|poke|p2|Aegislash, L50, F|\n|teampreview|4\n|inactive|Battle timer is ON: inactive players will automatically lose when time's up. (requested by sansperaya)\n|inactive|sansperaya has 60 seconds left.\n|\n|t:|1776401661\n|teamsize|p1|4\n|teamsize|p2|4\n|start\n|switch|p1a: Orthworm|Orthworm, L50, F, shiny|100/100\n|switch|p1b: Garchomp|Garchomp, L50, F|100/100\n|switch|p2a: Victreebel|Victreebel, L50, F|100/100\n|switch|p2b: Palafin|Palafin, L50, M|100/100\n|turn|1\n|\n|t:|1776401686\n|move|p2b: Palafin|Ice Punch|p1b: Garchomp\n|-supereffective|p1b: Garchomp|2\n|-damage|p1b: Garchomp|36/100\n|-damage|p2b: Palafin|88/100|[from] ability: Rough Skin|[of] p1b: Garchomp\n|move|p1b: Garchomp|Dragon Claw|p2a: Victreebel\n|-damage|p2a: Victreebel|46/100\n|-heal|p1b: Garchomp|42/100|[from] item: Shell Bell|[of] p2a: Victreebel\n|move|p1a: Orthworm|Iron Defense|p1a: Orthworm\n|-boost|p1a: Orthworm|def|2\n|move|p2a: Victreebel|Leaf Blade|p1a: Orthworm\n|-resisted|p1a: Orthworm|1\n|-damage|p1a: Orthworm|95/100\n|\n|upkeep\n|turn|2\n|inactive|chlib has 30 seconds left.\n|\n|t:|1776401720\n|switch|p1b: Venusaur|Venusaur, L50, F|100/100\n|move|p2b: Palafin|Flip Turn|p1b: Venusaur\n|-resisted|p1b: Venusaur|1\n|-damage|p1b: Venusaur|89/100\n|\n|t:|1776401728\n|detailschange|p2b: Palafin|Palafin-Hero, L50, M\n|switch|p2b: Delphox|Delphox, L50, F|100/100|[from] Flip Turn\n|move|p1a: Orthworm|Shed Tail|p1a: Orthworm\n|-start|p1a: Orthworm|Substitute|[from] move: Shed Tail\n|-damage|p1a: Orthworm|45/100\n|-enditem|p1a: Orthworm|Sitrus Berry|[eat]\n|-heal|p1a: Orthworm|70/100|[from] item: Sitrus Berry\n|\n|t:|1776401740\n|switch|p1a: Garchomp|Garchomp, L50, F|42/100|[from] Shed Tail\n|move|p2a: Victreebel|Sludge Bomb|p1b: Venusaur\n|-damage|p1b: Venusaur|58/100\n|\n|upkeep\n|turn|3\n|\n|t:|1776401762\n|detailschange|p2b: Delphox|Delphox-Mega, L50, F\n|-mega|p2b: Delphox|Delphox|Delphoxite\n|move|p1b: Venusaur|Protect|p1b: Venusaur\n|-singleturn|p1b: Venusaur|Protect\n|move|p2b: Delphox|Psychic|p1b: Venusaur\n|-activate|p1b: Venusaur|move: Protect\n|move|p1a: Garchomp|Earthquake|p2a: Victreebel|[spread] p2a\n|-activate|p1b: Venusaur|move: Protect\n|-immune|p2b: Delphox|[from] ability: Levitate\n|-damage|p2a: Victreebel|0 fnt\n|faint|p2a: Victreebel\n|-heal|p1a: Garchomp|46/100|[from] item: Shell Bell|[of] p2b: Delphox\n|\n|upkeep\n|\n|t:|1776401768\n|switch|p2a: Palafin|Palafin-Hero, L50, M|88/100\n|-activate|p2a: Palafin|ability: Zero to Hero\n|turn|4\n|\n|t:|1776401785\n|switch|p1b: Orthworm|Orthworm, L50, F, shiny|70/100\n|move|p2b: Delphox|Flamethrower|p1b: Orthworm\n|-supereffective|p1b: Orthworm|1\n|-damage|p1b: Orthworm|0 fnt\n|faint|p1b: Orthworm\n|move|p2a: Palafin|Ice Punch|p1a: Garchomp\n|-supereffective|p1a: Garchomp|2\n|-end|p1a: Garchomp|Substitute\n|move|p1a: Garchomp|Earthquake|p2b: Delphox|[spread] p2a\n|-immune|p2b: Delphox|[from] ability: Levitate\n|-damage|p2a: Palafin|46/100\n|-heal|p1a: Garchomp|51/100|[from] item: Shell Bell|[of] p2b: Delphox\n|\n|upkeep\n|inactive|chlib has 30 seconds left.\n|\n|t:|1776401818\n|switch|p1b: Venusaur|Venusaur, L50, F|58/100\n|turn|5\n|\n|t:|1776401831\n|move|p1a: Garchomp|Protect|p1a: Garchomp\n|-singleturn|p1a: Garchomp|Protect\n|move|p2b: Delphox|Flamethrower|p1b: Venusaur\n|-supereffective|p1b: Venusaur|1\n|-damage|p1b: Venusaur|0 fnt\n|faint|p1b: Venusaur\n|move|p2a: Palafin|Ice Punch|p1a: Garchomp\n|-activate|p1a: Garchomp|move: Protect\n|\n|upkeep\n|\n|t:|1776401840\n|switch|p1b: Charizard|Charizard, L50, M, shiny|100/100\n|turn|6\n|\n|t:|1776401859\n|detailschange|p1b: Charizard|Charizard-Mega-Y, L50, M, shiny\n|-mega|p1b: Charizard|Charizard|Charizardite Y\n|-weather|SunnyDay|[from] ability: Drought|[of] p1b: Charizard\n|move|p2b: Delphox|Psychic|p1a: Garchomp\n|-damage|p1a: Garchomp|0 fnt\n|faint|p1a: Garchomp\n|move|p2a: Palafin|Wave Crash|p1b: Charizard\n|-supereffective|p1b: Charizard|1\n|-damage|p1b: Charizard|0 fnt\n|faint|p1b: Charizard\n|-damage|p2a: Palafin|11/100|[from] Recoil\n|\n|win|sansperaya\n|raw|chlib's rating: 1099 &rarr; <strong>1067</strong><br />(-32 for losing)\n|raw|sansperaya's rating: 1000 &rarr; <strong>1051</strong><br />(+51 for winning)\n",
  "uploadtime": 1776401874,
  "views": 18,
  "formatid": "gen9championsvgc2026regma",
  "rating": 1051,
  "private": 0,
  "password": null
}