{
  "id": "gen9championsvgc2026regma-2582892591",
  "format": "[Gen 9 Champions] VGC 2026 Reg M-A",
  "players": [
    "croakie_yt",
    "Ahelo"
  ],
  "log": "|j|\u2606croakie_yt\n|j|\u2606Ahelo\n|t:|1776122624\n|gametype|doubles\n|player|p1|croakie_yt|102|1085\n|player|p2|Ahelo|red|1053\n|gen|9\n|tier|[Gen 9 Champions] VGC 2026 Reg M-A\n|rated|\n|rule|Species Clause: Limit one of each Pok\u00e9mon\n|rule|Item Clause: Limit 1 of each item\n|clearpoke\n|poke|p1|Milotic, L50, M|\n|poke|p1|Altaria, L50, M|\n|poke|p1|Armarouge, L50, M|\n|poke|p1|Gyarados, L50, F|\n|poke|p1|Kangaskhan, L50, F|\n|poke|p1|Politoed, L50, F|\n|poke|p2|Froslass, L50, F|\n|poke|p2|Arcanine, L50, F|\n|poke|p2|Garchomp, L50, M|\n|poke|p2|Whimsicott, L50, F|\n|poke|p2|Raichu, L50, M|\n|poke|p2|Araquanid, L50, M|\n|teampreview|4\n|inactive|Battle timer is ON: inactive players will automatically lose when time's up. (requested by croakie_yt)\n|\n|t:|1776122642\n|teamsize|p1|4\n|teamsize|p2|4\n|start\n|switch|p1a: Armarouge|Armarouge, L50, M|100/100\n|switch|p1b: Milotic|Milotic, L50, M|100/100\n|switch|p2a: Froslass|Froslass, L50, F|100/100\n|switch|p2b: Whimsicott|Whimsicott, L50, F, shiny|100/100\n|turn|1\n|\n|t:|1776122655\n|switch|p1b: Altaria|Altaria, L50, M|100/100\n|-ability|p1b: Altaria|Cloud Nine\n|detailschange|p2a: Froslass|Froslass-Mega, L50, F\n|-mega|p2a: Froslass|Froslass|Froslassite\n|-weather|Snowscape|[from] ability: Snow Warning|[of] p2a: Froslass\n|move|p2b: Whimsicott|Taunt|p1a: Armarouge\n|-start|p1a: Armarouge|move: Taunt\n|move|p2a: Froslass|Aurora Veil||[still]\n|-fail|p2a: Froslass\n|move|p1a: Armarouge|Flamethrower|p2a: Froslass\n|-supereffective|p2a: Froslass|1\n|-damage|p2a: Froslass|0 fnt\n|faint|p2a: Froslass\n|\n|-weather|Snowscape|[upkeep]\n|upkeep\n|\n|t:|1776122661\n|switch|p2a: Garchomp|Garchomp, L50, M|100/100\n|turn|2\n|\n|t:|1776122677\n|detailschange|p1b: Altaria|Altaria-Mega, L50, M\n|-mega|p1b: Altaria|Altaria|Altarianite\n|move|p2b: Whimsicott|Taunt|p1b: Altaria\n|-start|p1b: Altaria|move: Taunt\n|move|p2a: Garchomp|Rock Slide|p1b: Altaria|[spread] p1a,p1b\n|-supereffective|p1a: Armarouge|1\n|-damage|p1a: Armarouge|57/100\n|-damage|p1b: Altaria|78/100\n|-ability|p1a: Armarouge|Weak Armor|boost\n|-unboost|p1a: Armarouge|def|1\n|-boost|p1a: Armarouge|spe|2\n|move|p1a: Armarouge|Flamethrower|p2b: Whimsicott\n|-supereffective|p2b: Whimsicott|1\n|-enditem|p2b: Whimsicott|Focus Sash\n|-damage|p2b: Whimsicott|1/100\n|cant|p1b: Altaria|move: Taunt|Dragon Dance\n|\n|-weather|Snowscape|[upkeep]\n|upkeep\n|turn|3\n|c|\u2606croakie_yt|lol\n|\n|t:|1776122695\n|move|p2b: Whimsicott|Tailwind|p2b: Whimsicott\n|-sidestart|p2: Ahelo|move: Tailwind\n|move|p2a: Garchomp|Rock Slide|p1a: Armarouge|[spread] p1a,p1b\n|-supereffective|p1a: Armarouge|1\n|-damage|p1a: Armarouge|0 fnt\n|-damage|p1b: Altaria|57/100\n|faint|p1a: Armarouge\n|cant|p1b: Altaria|flinch\n|\n|-weather|Snowscape|[upkeep]\n|upkeep\n|\n|t:|1776122700\n|switch|p1a: Kangaskhan|Kangaskhan, L50, F|100/100\n|turn|4\n|\n|t:|1776122712\n|switch|p2a: Arcanine|Arcanine, L50, F|100/100\n|-ability|p2a: Arcanine|Intimidate|boost\n|-fail|p1a: Kangaskhan|unboost|Attack|[from] ability: Scrappy|[of] p1a: Kangaskhan\n|-unboost|p1b: Altaria|atk|1\n|move|p2b: Whimsicott|Protect|p2b: Whimsicott\n|-singleturn|p2b: Whimsicott|Protect\n|move|p1a: Kangaskhan|Fake Out|p2a: Arcanine\n|-damage|p2a: Arcanine|79/100\n|move|p1b: Altaria|Dragon Claw|p2a: Arcanine\n|-damage|p2a: Arcanine|46/100\n|-enditem|p2a: Arcanine|Sitrus Berry|[eat]\n|-heal|p2a: Arcanine|71/100|[from] item: Sitrus Berry\n|\n|-weather|Snowscape|[upkeep]\n|-end|p1b: Altaria|move: Taunt\n|upkeep\n|turn|5\n|\n|t:|1776122733\n|switch|p1b: Milotic|Milotic, L50, M|100/100\n|move|p2b: Whimsicott|Leech Seed|p1a: Kangaskhan\n|-start|p1a: Kangaskhan|move: Leech Seed\n|move|p2a: Arcanine|Will-O-Wisp|p1b: Milotic\n|-status|p1b: Milotic|brn\n|move|p1a: Kangaskhan|Earthquake|p2a: Arcanine|[spread] p1b,p2a,p2b\n|-supereffective|p2a: Arcanine|1\n|-resisted|p2b: Whimsicott|1\n|-damage|p1b: Milotic|74/100 brn\n|-damage|p2a: Arcanine|15/100\n|-damage|p2b: Whimsicott|0 fnt\n|faint|p2b: Whimsicott\n|\n|-weather|none\n|-damage|p1b: Milotic|68/100 brn|[from] brn\n|upkeep\n|\n|t:|1776122750\n|switch|p2b: Garchomp|Garchomp, L50, M|100/100\n|turn|6\n|\n|t:|1776122758\n|move|p2a: Arcanine|Protect|p2a: Arcanine\n|-singleturn|p2a: Arcanine|Protect\n|move|p2b: Garchomp|Earthquake|p1a: Kangaskhan|[spread] p1a,p1b\n|-activate|p2a: Arcanine|move: Protect\n|-damage|p1a: Kangaskhan|50/100\n|-damage|p1b: Milotic|22/100 brn\n|move|p1a: Kangaskhan|Drain Punch|p2b: Garchomp\n|-damage|p2b: Garchomp|79/100\n|-heal|p1a: Kangaskhan|62/100|[from] drain|[of] p2b: Garchomp\n|-damage|p1a: Kangaskhan|49/100|[from] ability: Rough Skin|[of] p2b: Garchomp\n|move|p1b: Milotic|Icy Wind|p2a: Arcanine|[spread] p2b\n|-activate|p2a: Arcanine|move: Protect\n|-supereffective|p2b: Garchomp|2\n|-damage|p2b: Garchomp|26/100\n|-unboost|p2b: Garchomp|spe|1\n|\n|-damage|p1a: Kangaskhan|37/100|[from] Leech Seed|[of] p2b: Garchomp\n|-heal|p2b: Garchomp|38/100|[silent]\n|-damage|p1b: Milotic|16/100 brn|[from] brn\n|-sideend|p2: Ahelo|move: Tailwind\n|upkeep\n|turn|7\n|\n|t:|1776122779\n|move|p2a: Arcanine|Protect||[still]\n|-fail|p2a: Arcanine\n|move|p2b: Garchomp|Earthquake|p1b: Milotic|[spread] p2a,p1a,p1b\n|-supereffective|p2a: Arcanine|1\n|-damage|p2a: Arcanine|0 fnt\n|-damage|p1a: Kangaskhan|0 fnt\n|-damage|p1b: Milotic|0 fnt\n|faint|p2a: Arcanine\n|faint|p1a: Kangaskhan\n|faint|p1b: Milotic\n|\n|upkeep\n|\n|t:|1776122783\n|switch|p1a: Altaria|Altaria-Mega, L50, M|57/100\n|turn|8\n|c|\u2606croakie_yt|gg\n|\n|t:|1776122791\n|move|p2b: Garchomp|Earthquake|p1a: Altaria\n|-damage|p1a: Altaria|0 fnt\n|faint|p1a: Altaria\n|\n|win|Ahelo\n|raw|croakie_yt's rating: 1085 &rarr; <strong>1060</strong><br />(-25 for losing)\n|raw|Ahelo's rating: 1053 &rarr; <strong>1088</strong><br />(+35 for winning)\n",
  "uploadtime": 1776122797,
  "views": 11,
  "formatid": "gen9championsvgc2026regma",
  "rating": 1060,
  "private": 0,
  "password": null
}