{
  "id": "gen9championsvgc2026regma-2588342906",
  "format": "[Gen 9 Champions] VGC 2026 Reg M-A",
  "players": [
    "Its me Lukas",
    "testballs"
  ],
  "log": "|j|\u2606Its me Lukas\n|j|\u203dtestballs\n|t:|1776625679\n|gametype|doubles\n|player|p1|Its me Lukas|1|1463\n|player|p2|testballs|twins|1444\n|gen|9\n|tier|[Gen 9 Champions] VGC 2026 Reg M-A\n|rated|\n|rule|Species Clause: Limit one of each Pok\u00e9mon\n|rule|Item Clause: Limit 1 of each item\n|clearpoke\n|poke|p1|Pelipper, L50, F|\n|poke|p1|Archaludon, L50, F|\n|poke|p1|Kingambit, L50, M|\n|poke|p1|Sneasler, L50, F|\n|poke|p1|Basculegion, L50, M|\n|poke|p1|Floette-Eternal, L50, F|\n|poke|p2|Hydreigon, L50, F|\n|poke|p2|Meganium, L50, M|\n|poke|p2|Volcarona, L50, F|\n|poke|p2|Scizor, L50, M|\n|poke|p2|Milotic, L50, M|\n|poke|p2|Sneasler, L50, F|\n|teampreview|4\n|\n|t:|1776625707\n|teamsize|p1|4\n|teamsize|p2|4\n|start\n|switch|p1a: Pelipper|Pelipper, L50, F|100/100\n|switch|p1b: Basculegion|Basculegion, L50, M|100/100\n|switch|p2a: Hydreigon|Hydreigon, L50, F|100/100\n|switch|p2b: Meganium|Meganium, L50, M|100/100\n|-weather|RainDance|[from] ability: Drizzle|[of] p1a: Pelipper\n|turn|1\n|inactive|Battle timer is ON: inactive players will automatically lose when time's up. (requested by Its me Lukas)\n|\n|t:|1776625731\n|detailschange|p2b: Meganium|Meganium-Mega, L50, M\n|-mega|p2b: Meganium|Meganium|Meganiumite\n|move|p2a: Hydreigon|Dark Pulse|p1b: Basculegion\n|-supereffective|p1b: Basculegion|1\n|-damage|p1b: Basculegion|11/100\n|move|p1b: Basculegion|Flip Turn|p2a: Hydreigon\n|-resisted|p2a: Hydreigon|1\n|-damage|p2a: Hydreigon|71/100\n|\n|t:|1776625738\n|switch|p1b: Sneasler|Sneasler, L50, F|100/100|[from] Flip Turn\n|move|p1a: Pelipper|Tailwind|p1a: Pelipper\n|-sidestart|p1: Its me Lukas|move: Tailwind\n|move|p2b: Meganium|Solar Beam||[still]\n|-prepare|p2b: Meganium|Solar Beam\n|-activate|p2b: Meganium|ability: Mega Sol\n|-anim|p2b: Meganium|Solar Beam|p1a: Pelipper\n|-enditem|p1a: Pelipper|Focus Sash\n|-damage|p1a: Pelipper|1/100\n|\n|-weather|RainDance|[upkeep]\n|upkeep\n|turn|2\n|inactive|testballs has 30 seconds left.\n|\n|t:|1776625763\n|switch|p2a: Scizor|Scizor, L50, M|100/100\n|move|p2b: Meganium|Protect|p2b: Meganium\n|-singleturn|p2b: Meganium|Protect\n|move|p1b: Sneasler|Close Combat|p2a: Scizor\n|-damage|p2a: Scizor|41/100\n|-unboost|p1b: Sneasler|def|1\n|-unboost|p1b: Sneasler|spd|1\n|-enditem|p1b: Sneasler|White Herb\n|-clearnegativeboost|p1b: Sneasler|[silent]\n|move|p1a: Pelipper|Hurricane|p2b: Meganium\n|-activate|p2b: Meganium|move: Protect\n|\n|-weather|RainDance|[upkeep]\n|upkeep\n|turn|3\n|inactive|testballs has 30 seconds left.\n|inactive|testballs has 20 seconds left.\n|\n|t:|1776625801\n|switch|p1a: Archaludon|Archaludon, L50, F|100/100\n|switch|p2b: Volcarona|Volcarona, L50, F|100/100\n|move|p2a: Scizor|Bullet Punch|p1a: Archaludon\n|-resisted|p1a: Archaludon|1\n|-damage|p1a: Archaludon|88/100\n|-ability|p1a: Archaludon|Stamina|boost\n|-boost|p1a: Archaludon|def|1\n|move|p1b: Sneasler|Dire Claw|p2b: Volcarona\n|-damage|p2b: Volcarona|54/100\n|\n|-weather|RainDance|[upkeep]\n|upkeep\n|turn|4\n|\n|t:|1776625812\n|move|p2b: Volcarona|Rage Powder|p2b: Volcarona\n|-singleturn|p2b: Volcarona|move: Rage Powder\n|move|p1b: Sneasler|Close Combat|p2b: Volcarona\n|-resisted|p2b: Volcarona|1\n|-damage|p2b: Volcarona|22/100\n|-unboost|p1b: Sneasler|def|1\n|-unboost|p1b: Sneasler|spd|1\n|-status|p1b: Sneasler|brn|[from] ability: Flame Body|[of] p2b: Volcarona\n|-enditem|p2b: Volcarona|Sitrus Berry|[eat]\n|-heal|p2b: Volcarona|47/100|[from] item: Sitrus Berry\n|move|p1a: Archaludon|Electro Shot||[still]\n|-prepare|p1a: Archaludon|Electro Shot\n|-boost|p1a: Archaludon|spa|1\n|-anim|p1a: Archaludon|Electro Shot|p2b: Volcarona\n|-damage|p2b: Volcarona|0 fnt\n|faint|p2b: Volcarona\n|move|p2a: Scizor|Dual Wingbeat|p1b: Sneasler\n|-supereffective|p1b: Sneasler|1\n|-damage|p1b: Sneasler|0 fnt\n|faint|p1b: Sneasler\n|-hitcount|p1: Sneasler|1\n|\n|-weather|RainDance|[upkeep]\n|-sideend|p1: Its me Lukas|move: Tailwind\n|upkeep\n|\n|t:|1776625831\n|switch|p1b: Basculegion|Basculegion, L50, M|11/100\n|switch|p2b: Hydreigon|Hydreigon, L50, F|71/100\n|turn|5\n|\n|t:|1776625838\n|move|p1b: Basculegion|Aqua Jet|p2a: Scizor\n|-damage|p2a: Scizor|6/100\n|move|p2a: Scizor|Bullet Punch|p1b: Basculegion\n|-resisted|p1b: Basculegion|1\n|-damage|p1b: Basculegion|0 fnt\n|faint|p1b: Basculegion\n|move|p2b: Hydreigon|Draco Meteor|p1a: Archaludon\n|-damage|p1a: Archaludon|0 fnt\n|-unboost|p2b: Hydreigon|spa|2\n|faint|p1a: Archaludon\n|\n|-weather|none\n|upkeep\n|\n|t:|1776625841\n|switch|p1b: Pelipper|Pelipper, L50, F|1/100\n|-weather|RainDance|[from] ability: Drizzle|[of] p1b: Pelipper\n|turn|6\n|-message|Its me Lukas forfeited.\n|\n|win|testballs\n|raw|Its me Lukas's rating: 1463 &rarr; <strong>1442</strong><br />(-21 for losing)\n|raw|testballs's rating: 1444 &rarr; <strong>1465</strong><br />(+21 for winning)\n|l|\u2606Its me Lukas\n|player|p1|\n",
  "uploadtime": 1776625933,
  "views": 13,
  "formatid": "gen9championsvgc2026regma",
  "rating": 1442,
  "private": 0,
  "password": null
}