{
  "id": "gen9championsvgc2026regma-2586594524",
  "format": "[Gen 9 Champions] VGC 2026 Reg M-A",
  "players": [
    "alvaro079",
    "Riancox123"
  ],
  "log": "|j|\u2606alvaro079\n|j|\u2606Riancox123\n|t:|1776445546\n|gametype|doubles\n|player|p1|alvaro079|ethan|1119\n|player|p2|Riancox123|266|1131\n|gen|9\n|tier|[Gen 9 Champions] VGC 2026 Reg M-A\n|rated|\n|rule|Species Clause: Limit one of each Pok\u00e9mon\n|rule|Item Clause: Limit 1 of each item\n|clearpoke\n|poke|p1|Gengar, L50, F|\n|poke|p1|Incineroar, L50, F|\n|poke|p1|Sneasler, L50, F|\n|poke|p1|Sinistcha, L50|\n|poke|p1|Garchomp, L50, F|\n|poke|p1|Politoed, L50, F|\n|poke|p2|Incineroar, L50, M|\n|poke|p2|Sneasler, L50, M|\n|poke|p2|Hydreigon, L50, M|\n|poke|p2|Froslass, L50, F|\n|poke|p2|Clefable, L50, M|\n|poke|p2|Whimsicott, L50, M|\n|teampreview|4\nalvaro079 has agreed to open team sheets.\n|inactive|Battle timer is ON: inactive players will automatically lose when time's up. (requested by alvaro079)\n|\n|t:|1776445590\n|teamsize|p1|4\n|teamsize|p2|4\n|start\n|switch|p1a: Politoed|Politoed, L50, F|100/100\n|switch|p1b: Gengar|Gengar, L50, F, shiny|100/100\n|switch|p2a: Whimsicott|Whimsicott, L50, M|100/100\n|switch|p2b: Froslass|Froslass, L50, F|100/100\n|-weather|RainDance|[from] ability: Drizzle|[of] p1a: Politoed\n|turn|1\n|\n|t:|1776445609\n|switch|p1b: Incineroar|Incineroar, L50, F|100/100\n|-ability|p1b: Incineroar|Intimidate|boost\n|-unboost|p2a: Whimsicott|atk|1\n|-unboost|p2b: Froslass|atk|1\n|detailschange|p2b: Froslass|Froslass-Mega, L50, F\n|-mega|p2b: Froslass|Froslass|Froslassite\n|-weather|Snowscape|[from] ability: Snow Warning|[of] p2b: Froslass\n|move|p2a: Whimsicott|Tailwind|p2a: Whimsicott\n|-sidestart|p2: Riancox123|move: Tailwind\n|move|p2b: Froslass|Shadow Ball|p1b: Incineroar\n|-resisted|p1b: Incineroar|1\n|-damage|p1b: Incineroar|82/100\n|move|p1a: Politoed|Encore|p2a: Whimsicott\n|-start|p2a: Whimsicott|Encore\n|\n|-weather|Snowscape|[upkeep]\n|upkeep\n|turn|2\n|inactive|Riancox123 has 30 seconds left.\n|\n|t:|1776445634\n|switch|p2a: Incineroar|Incineroar, L50, M|100/100\n|-ability|p2a: Incineroar|Intimidate|boost\n|-unboost|p1a: Politoed|atk|1\n|-unboost|p1b: Incineroar|atk|1\n|move|p2b: Froslass|Aurora Veil|p2b: Froslass\n|-sidestart|p2: Riancox123|move: Aurora Veil\n|move|p1a: Politoed|Weather Ball|p2a: Incineroar\n|-resisted|p2a: Incineroar|1\n|-damage|p2a: Incineroar|94/100\n|move|p1b: Incineroar|Throat Chop|p2b: Froslass\n|-supereffective|p2b: Froslass|1\n|-damage|p2b: Froslass|70/100\n|-start|p2b: Froslass|Throat Chop|[silent]\n|\n|-weather|Snowscape|[upkeep]\n|upkeep\n|turn|3\n|\n|t:|1776445660\n|move|p1a: Politoed|Protect|p1a: Politoed\n|-singleturn|p1a: Politoed|Protect\n|move|p2a: Incineroar|Fake Out|p1b: Incineroar\n|-damage|p1b: Incineroar|70/100\n|move|p2b: Froslass|Blizzard|p1a: Politoed|[spread] p1b\n|-activate|p1a: Politoed|move: Protect\n|-resisted|p1b: Incineroar|1\n|-damage|p1b: Incineroar|51/100\n|cant|p1b: Incineroar|flinch\n|\n|-weather|Snowscape|[upkeep]\n|-end|p2b: Froslass|Throat Chop|[silent]\n|upkeep\n|turn|4\n|inactive|alvaro079 has 30 seconds left.\n|\n|t:|1776445694\n|switch|p1a: Sneasler|Sneasler, L50, F|100/100\n|move|p2b: Froslass|Blizzard|p1a: Sneasler|[spread] p1a,p1b\n|-resisted|p1b: Incineroar|1\n|-damage|p1a: Sneasler|35/100\n|-damage|p1b: Incineroar|32/100\n|-status|p1a: Sneasler|frz\n|-enditem|p1b: Incineroar|Sitrus Berry|[eat]\n|-heal|p1b: Incineroar|57/100|[from] item: Sitrus Berry\n|move|p2a: Incineroar|Throat Chop|p1b: Incineroar\n|-resisted|p1b: Incineroar|1\n|-damage|p1b: Incineroar|39/100\n|-start|p1b: Incineroar|Throat Chop|[silent]\n|cant|p1b: Incineroar|move: Throat Chop\n|\n|-weather|Snowscape|[upkeep]\n|-sideend|p2: Riancox123|move: Tailwind\n|upkeep\n|turn|5\n|\n|t:|1776445718\n|switch|p1a: Politoed|Politoed, L50, F|100/100\n|-weather|RainDance|[from] ability: Drizzle|[of] p1a: Politoed\n|move|p2b: Froslass|Blizzard|p1a: Politoed|[spread] p1a,p1b\n|-resisted|p1a: Politoed|1\n|-resisted|p1b: Incineroar|1\n|-damage|p1a: Politoed|72/100\n|-damage|p1b: Incineroar|20/100\n|-status|p1b: Incineroar|frz\n|move|p2a: Incineroar|Throat Chop|p1b: Incineroar\n|-resisted|p1b: Incineroar|1\n|-damage|p1b: Incineroar|3/100 frz\n|cant|p1b: Incineroar|frz\n|\n|-weather|RainDance|[upkeep]\n|-end|p1b: Incineroar|Throat Chop|[silent]\n|upkeep\n|turn|6\n|\n|t:|1776445737\n|switch|p2b: Hydreigon|Hydreigon, L50, M|100/100\n|move|p1a: Politoed|Weather Ball|p2a: Incineroar\n|-supereffective|p2a: Incineroar|1\n|-damage|p2a: Incineroar|4/100\n|-enditem|p2a: Incineroar|Sitrus Berry|[eat]\n|-heal|p2a: Incineroar|29/100|[from] item: Sitrus Berry\n|move|p2a: Incineroar|Throat Chop|p1b: Incineroar\n|-resisted|p1b: Incineroar|1\n|-damage|p1b: Incineroar|0 fnt\n|faint|p1b: Incineroar\n|\n|-weather|RainDance|[upkeep]\n|-sideend|p2: Riancox123|move: Aurora Veil\n|upkeep\n|\n|t:|1776445751\n|switch|p1b: Gengar|Gengar, L50, F, shiny|100/100\n|turn|7\n|\n|t:|1776445775\n|switch|p2a: Froslass|Froslass-Mega, L50, F|70/100\n|-weather|Snowscape|[from] ability: Snow Warning|[of] p2a: Froslass\n|move|p1b: Gengar|Protect|p1b: Gengar\n|-singleturn|p1b: Gengar|Protect\n|move|p1a: Politoed|Protect|p1a: Politoed\n|-singleturn|p1a: Politoed|Protect\n|move|p2b: Hydreigon|Focus Energy|p2b: Hydreigon\n|-start|p2b: Hydreigon|move: Focus Energy\n|\n|-weather|Snowscape|[upkeep]\n|upkeep\n|turn|8\n|inactive|alvaro079 has 30 seconds left.\n|inactive|Riancox123 has 30 seconds left.\n|\n|t:|1776445803\n|switch|p1b: Sneasler|Sneasler, L50, F|35/100 frz\n|switch|p2a: Whimsicott|Whimsicott, L50, M|100/100\n|move|p2b: Hydreigon|Draco Meteor|p1b: Sneasler\n|-crit|p1b: Sneasler\n|-damage|p1b: Sneasler|0 fnt\n|-unboost|p2b: Hydreigon|spa|2\n|faint|p1b: Sneasler\n|move|p1a: Politoed|Weather Ball|p2b: Hydreigon\n|-supereffective|p2b: Hydreigon|1\n|-damage|p2b: Hydreigon|50/100\n|\n|-weather|Snowscape|[upkeep]\n|upkeep\n|\n|t:|1776445816\n|switch|p1b: Gengar|Gengar, L50, F, shiny|100/100\n|turn|9\n|inactive|alvaro079 has 30 seconds left.\n|\n|t:|1776445845\n|move|p1b: Gengar|Protect|p1b: Gengar\n|-singleturn|p1b: Gengar|Protect\n|move|p2a: Whimsicott|Tailwind|p2a: Whimsicott\n|-sidestart|p2: Riancox123|move: Tailwind\n|move|p2b: Hydreigon|Draco Meteor|p1a: Politoed|[miss]\n|-miss|p2b: Hydreigon|p1a: Politoed\n|move|p1a: Politoed|Perish Song|p1a: Politoed\n|-start|p1a: Politoed|perish3|[silent]\n|-start|p1b: Gengar|perish3|[silent]\n|-start|p2a: Whimsicott|perish3|[silent]\n|-start|p2b: Hydreigon|perish3|[silent]\n|-fieldactivate|move: Perish Song\n|\n|-weather|Snowscape|[upkeep]\n|-start|p2a: Whimsicott|perish3\n|-start|p2b: Hydreigon|perish3\n|-start|p1b: Gengar|perish3\n|-start|p1a: Politoed|perish3\n|upkeep\n|turn|10\n|inactive|alvaro079 has 30 seconds left.\n|inactive|Riancox123 has 30 seconds left.\n|\n|t:|1776445876\n|detailschange|p1b: Gengar|Gengar-Mega, L50, F, shiny\n|-mega|p1b: Gengar|Gengar|Gengarite\n|move|p2a: Whimsicott|Energy Ball|p1a: Politoed\n|-supereffective|p1a: Politoed|1\n|-damage|p1a: Politoed|0 fnt\n|faint|p1a: Politoed\n|move|p2b: Hydreigon|Draco Meteor|p1b: Gengar\n|-crit|p1b: Gengar\n|-damage|p1b: Gengar|0 fnt\n|-unboost|p2b: Hydreigon|spa|2\n|faint|p1b: Gengar\n|\n|win|Riancox123\n|raw|alvaro079's rating: 1119 &rarr; <strong>1095</strong><br />(-24 for losing)\n|raw|Riancox123's rating: 1131 &rarr; <strong>1155</strong><br />(+24 for winning)\n|l|\u2606alvaro079\n|player|p1|\n",
  "uploadtime": 1776445931,
  "views": 25,
  "formatid": "gen9championsvgc2026regma",
  "rating": 1095,
  "private": 0,
  "password": null
}