{
  "id": "gen9championsvgc2026regma-2587893991",
  "format": "[Gen 9 Champions] VGC 2026 Reg M-A",
  "players": [
    "ritoo",
    "12lego2"
  ],
  "log": "|j|\u2606ritoo\n|j|\u260612lego2\n|t:|1776575654\n|gametype|doubles\n|player|p1|ritoo|blackbelt-gen4dp|1080\n|player|p2|12lego2|265|1066\n|gen|9\n|tier|[Gen 9 Champions] VGC 2026 Reg M-A\n|rated|\n|rule|Species Clause: Limit one of each Pok\u00e9mon\n|rule|Item Clause: Limit 1 of each item\n|clearpoke\n|poke|p1|Gyarados, L50, F|\n|poke|p1|Lucario, L50, M|\n|poke|p1|Incineroar, L50, F|\n|poke|p1|Ninetales-Alola, L50, F|\n|poke|p1|Meganium, L50, F|\n|poke|p1|Milotic, L50, F|\n|poke|p2|Houndoom, L50, M|\n|poke|p2|Ninetales, L50, M|\n|poke|p2|Hydreigon, L50, M|\n|poke|p2|Tsareena, L50, F|\n|poke|p2|Sableye, L50, M|\n|poke|p2|Corviknight, L50, M|\n|teampreview|4\n|\n|t:|1776575695\n|teamsize|p1|4\n|teamsize|p2|4\n|start\n|switch|p1a: Gyarados|Gyarados, L50, F|100/100\n|switch|p1b: Incineroar|Incineroar, L50, F|100/100\n|switch|p2a: Sableye|Sableye, L50, M|100/100\n|switch|p2b: Hydreigon|Hydreigon, L50, M|100/100\n|-ability|p1a: Gyarados|Intimidate|boost\n|-unboost|p2a: Sableye|atk|1\n|-unboost|p2b: Hydreigon|atk|1\n|-ability|p1b: Incineroar|Intimidate|boost\n|-unboost|p2a: Sableye|atk|1\n|-unboost|p2b: Hydreigon|atk|1\n|turn|1\n|\n|t:|1776575721\n|move|p1b: Incineroar|Fake Out|p2b: Hydreigon\n|-damage|p2b: Hydreigon|88/100\n|move|p2a: Sableye|Will-O-Wisp|p1a: Gyarados\n|-status|p1a: Gyarados|brn\n|move|p1a: Gyarados|Substitute|p1a: Gyarados\n|-start|p1a: Gyarados|Substitute\n|-damage|p1a: Gyarados|75/100 brn\n|cant|p2b: Hydreigon|flinch\n|\n|-damage|p1a: Gyarados|70/100 brn|[from] brn\n|upkeep\n|turn|2\n|\n|t:|1776575749\n|move|p2a: Sableye|Sunny Day|p2a: Sableye\n|-weather|SunnyDay\n|move|p1a: Gyarados|Dragon Dance|p1a: Gyarados\n|-boost|p1a: Gyarados|atk|1\n|-boost|p1a: Gyarados|spe|1\n|move|p2b: Hydreigon|Tailwind|p2b: Hydreigon\n|-sidestart|p2: 12lego2|move: Tailwind\n|move|p1b: Incineroar|Will-O-Wisp|p2a: Sableye\n|-status|p2a: Sableye|brn\n|\n|-weather|SunnyDay|[upkeep]\n|-damage|p1a: Gyarados|64/100 brn|[from] brn\n|-damage|p2a: Sableye|95/100 brn|[from] brn\n|upkeep\n|turn|3\n|\n|t:|1776575782\n|switch|p2a: Tsareena|Tsareena, L50, F|100/100\n|move|p2b: Hydreigon|Dark Pulse|p1a: Gyarados\n|-end|p1a: Gyarados|Substitute\n|move|p1a: Gyarados|Dragon Dance|p1a: Gyarados\n|-boost|p1a: Gyarados|atk|1\n|-boost|p1a: Gyarados|spe|1\n|move|p1b: Incineroar|Parting Shot|p2b: Hydreigon\n|-unboost|p2b: Hydreigon|atk|1\n|-unboost|p2b: Hydreigon|spa|1\n|\n|t:|1776575792\n|switch|p1b: Ninetales|Ninetales-Alola, L50, F|100/100|[from] Parting Shot\n|-weather|Snowscape|[from] ability: Snow Warning|[of] p1b: Ninetales\n|\n|-weather|Snowscape|[upkeep]\n|-damage|p1a: Gyarados|58/100 brn|[from] brn\n|upkeep\n|turn|4\n|\n|t:|1776575826\n|move|p1a: Gyarados|Ice Fang|p2b: Hydreigon\n|-supereffective|p2b: Hydreigon|1\n|-damage|p2b: Hydreigon|39/100\n|-enditem|p2b: Hydreigon|Sitrus Berry|[eat]\n|-heal|p2b: Hydreigon|64/100|[from] item: Sitrus Berry\n|move|p2b: Hydreigon|Dark Pulse|p1a: Gyarados\n|-damage|p1a: Gyarados|30/100 brn\n|move|p2a: Tsareena|High Jump Kick|p1b: Ninetales\n|-damage|p1b: Ninetales|56/100\n|move|p1b: Ninetales|Aurora Veil|p1b: Ninetales\n|-sidestart|p1: ritoo|move: Aurora Veil\n|\n|-weather|Snowscape|[upkeep]\n|-damage|p1a: Gyarados|24/100 brn|[from] brn\n|upkeep\n|turn|5\n|\n|t:|1776575854\n|move|p1a: Gyarados|Ice Fang|p2a: Tsareena\n|-supereffective|p2a: Tsareena|1\n|-damage|p2a: Tsareena|41/100\n|move|p2b: Hydreigon|Dark Pulse|p1a: Gyarados\n|-damage|p1a: Gyarados|3/100 brn\n|cant|p2a: Tsareena|flinch\n|move|p1b: Ninetales|Blizzard|p2b: Hydreigon|[spread] p2a,p2b\n|-supereffective|p2a: Tsareena|1\n|-supereffective|p2b: Hydreigon|1\n|-damage|p2a: Tsareena|0 fnt\n|-damage|p2b: Hydreigon|0 fnt\n|faint|p2a: Tsareena\n|faint|p2b: Hydreigon\n|\n|-weather|Snowscape|[upkeep]\n|-damage|p1a: Gyarados|0 fnt|[from] brn\n|faint|p1a: Gyarados\n|-sideend|p2: 12lego2|move: Tailwind\n|upkeep\n|\n|t:|1776575872\n|switch|p1a: Incineroar|Incineroar, L50, F|100/100\n|switch|p2b: Houndoom|Houndoom, L50, M|100/100\n|switch|p2a: Sableye|Sableye, L50, M|95/100 brn\n|-ability|p1a: Incineroar|Intimidate|boost\n|-unboost|p2a: Sableye|atk|1\n|-unboost|p2b: Houndoom|atk|1\n|turn|6\n|\n|t:|1776575889\n|move|p2b: Houndoom|Protect|p2b: Houndoom\n|-singleturn|p2b: Houndoom|Protect\n|move|p1a: Incineroar|Fake Out|p2b: Houndoom\n|-activate|p2b: Houndoom|move: Protect\n|move|p2a: Sableye|Fake Out|p1b: Ninetales\n|-damage|p1b: Ninetales|55/100\n|cant|p1b: Ninetales|flinch\n|\n|-weather|Snowscape|[upkeep]\n|-damage|p2a: Sableye|89/100 brn|[from] brn\n|upkeep\n|turn|7\n|\n|t:|1776575910\n|detailschange|p2b: Houndoom|Houndoom-Mega, L50, M\n|-mega|p2b: Houndoom|Houndoom|Houndoominite\n|move|p2a: Sableye|Sunny Day|p2a: Sableye\n|-weather|SunnyDay\n|move|p2b: Houndoom|Fire Blast|p1b: Ninetales\n|-supereffective|p1b: Ninetales|1\n|-damage|p1b: Ninetales|0 fnt\n|faint|p1b: Ninetales\n|move|p1a: Incineroar|Parting Shot|p2b: Houndoom\n|-unboost|p2b: Houndoom|atk|1\n|-unboost|p2b: Houndoom|spa|1\n|\n|t:|1776575919\n|switch|p1a: Lucario|Lucario, L50, M|100/100|[from] Parting Shot\n|\n|-weather|SunnyDay|[upkeep]\n|-damage|p2b: Houndoom|88/100|[from] ability: Solar Power|[of] p2b: Houndoom\n|-damage|p2a: Sableye|84/100 brn|[from] brn\n|upkeep\n|\n|t:|1776575926\n|switch|p1b: Incineroar|Incineroar, L50, F|100/100\n|-ability|p1b: Incineroar|Intimidate|boost\n|-unboost|p2a: Sableye|atk|1\n|-unboost|p2b: Houndoom|atk|1\n|turn|8\n|\n|t:|1776575938\n|move|p1a: Lucario|Protect|p1a: Lucario\n|-singleturn|p1a: Lucario|Protect\n|move|p2a: Sableye|Will-O-Wisp|p1a: Lucario\n|-activate|p1a: Lucario|move: Protect\n|move|p2b: Houndoom|Nasty Plot|p2b: Houndoom\n|-boost|p2b: Houndoom|spa|2\n|move|p1b: Incineroar|Parting Shot|p2b: Houndoom\n|-unboost|p2b: Houndoom|atk|1\n|-unboost|p2b: Houndoom|spa|1\n|\n|-weather|SunnyDay|[upkeep]\n|-damage|p2b: Houndoom|76/100|[from] ability: Solar Power|[of] p2b: Houndoom\n|-damage|p2a: Sableye|78/100 brn|[from] brn\n|-sideend|p1: ritoo|move: Aurora Veil\n|upkeep\n|turn|9\n|\n|t:|1776575960\n|detailschange|p1a: Lucario|Lucario-Mega, L50, M\n|-mega|p1a: Lucario|Lucario|Lucarionite\n|move|p2a: Sableye|Will-O-Wisp|p1a: Lucario\n|-status|p1a: Lucario|brn\n|move|p2b: Houndoom|Fire Blast|p1a: Lucario\n|-supereffective|p1a: Lucario|1\n|-damage|p1a: Lucario|0 fnt\n|faint|p1a: Lucario\n|move|p1b: Incineroar|Flare Blitz|p2a: Sableye\n|-damage|p2a: Sableye|0 fnt\n|faint|p2a: Sableye\n|-damage|p1b: Incineroar|85/100|[from] Recoil\n|\n|-weather|SunnyDay|[upkeep]\n|-damage|p2b: Houndoom|64/100|[from] ability: Solar Power|[of] p2b: Houndoom\n|upkeep\n|turn|10\n|\n|t:|1776575984\n|move|p2b: Houndoom|Nasty Plot|p2b: Houndoom\n|-boost|p2b: Houndoom|spa|2\n|move|p1b: Incineroar|Flare Blitz|p2b: Houndoom\n|-resisted|p2b: Houndoom|1\n|-damage|p2b: Houndoom|18/100\n|-damage|p1b: Incineroar|73/100|[from] Recoil\n|\n|-weather|SunnyDay|[upkeep]\n|-damage|p2b: Houndoom|6/100|[from] ability: Solar Power|[of] p2b: Houndoom\n|upkeep\n|turn|11\n|\n|t:|1776575997\n|move|p2b: Houndoom|Fire Blast|p1b: Incineroar\n|-resisted|p1b: Incineroar|1\n|-damage|p1b: Incineroar|0 fnt\n|faint|p1b: Incineroar\n|\n|win|12lego2\n|raw|ritoo's rating: 1080 &rarr; <strong>1057</strong><br />(-23 for losing)\n|raw|12lego2's rating: 1066 &rarr; <strong>1097</strong><br />(+31 for winning)\n|c|\u260612lego2|ghg\n|c|\u2606ritoo|gg\n|l|\u2606ritoo\n|player|p1|\n",
  "uploadtime": 1776576012,
  "views": 16,
  "formatid": "gen9championsvgc2026regma",
  "rating": 1057,
  "private": 0,
  "password": null
}