{
  "id": "gen9championsvgc2026regma-2587683956",
  "format": "[Gen 9 Champions] VGC 2026 Reg M-A",
  "players": [
    "T\u67e5\u723e\u65af\u7684\u52dd\u5229Bonezz",
    "pedroplay033"
  ],
  "log": "|j|\u2606T\u67e5\u723e\u65af\u7684\u52dd\u5229Bonezz\n|j|\u2606pedroplay033\n|t:|1776553608\n|gametype|doubles\n|player|p1|T\u67e5\u723e\u65af\u7684\u52dd\u5229Bonezz|170|1114\n|player|p2|pedroplay033|n|1045\n|gen|9\n|tier|[Gen 9 Champions] VGC 2026 Reg M-A\n|rated|\n|rule|Species Clause: Limit one of each Pok\u00e9mon\n|rule|Item Clause: Limit 1 of each item\n|clearpoke\n|poke|p1|Ceruledge, L50, F|\n|poke|p1|Ninetales-Alola, L50, F|\n|poke|p1|Milotic, L50, F|\n|poke|p1|Farigiraf, L50, F|\n|poke|p1|Scovillain, L50, M|\n|poke|p1|Rotom-Fan, L50|\n|poke|p2|Meowstic, L50, M|\n|poke|p2|Alcremie, L50, F|\n|poke|p2|Garchomp, L50, M|\n|poke|p2|Tyranitar, L50, F|\n|poke|p2|Incineroar, L50, M|\n|poke|p2|Arbok, L50, F|\n|teampreview|4\n|\n|t:|1776553637\n|teamsize|p1|4\n|teamsize|p2|4\n|start\n|switch|p1a: Milotic|Milotic, L50, F|100/100\n|switch|p1b: Farigiraf|Farigiraf, L50, F|100/100\n|switch|p2a: Meowstic|Meowstic, L50, M|100/100\n|switch|p2b: Tyranitar|Tyranitar, L50, F|100/100\n|-weather|Sandstorm|[from] ability: Sand Stream|[of] p2b: Tyranitar\n|turn|1\n|\n|t:|1776553659\n|switch|p1b: Ninetales|Ninetales-Alola, L50, F|100/100\n|-weather|Snowscape|[from] ability: Snow Warning|[of] p1b: Ninetales\n|move|p2a: Meowstic|Psychic Terrain|p2a: Meowstic\n|-fieldstart|move: Psychic Terrain\n|move|p1a: Milotic|Scald|p2b: Tyranitar\n|-supereffective|p2b: Tyranitar|1\n|-damage|p2b: Tyranitar|51/100\n|move|p2b: Tyranitar|Knock Off|p1b: Ninetales\n|-resisted|p1b: Ninetales|1\n|-damage|p1b: Ninetales|77/100\n|-enditem|p1b: Ninetales|Focus Sash|[from] move: Knock Off|[of] p2b: Tyranitar\n|\n|-weather|Snowscape|[upkeep]\n|upkeep\n|turn|2\n|\n|t:|1776553677\n|switch|p2b: Alcremie|Alcremie, L50, F|100/100\n|detailschange|p2a: Meowstic|Meowstic-M-Mega, L50, M\n|-mega|p2a: Meowstic|Meowstic|Meowsticite\n|-ability|p2a: Meowstic|Snow Warning|Trace|[from] ability: Trace|[of] p1b: Ninetales\n|move|p2a: Meowstic|Expanding Force|p1b: Ninetales|[spread] p1a,p1b\n|-damage|p1a: Milotic|65/100\n|-damage|p1b: Ninetales|27/100\n|move|p1b: Ninetales|Blizzard|p2a: Meowstic|[spread] p2a,p2b\n|-damage|p2a: Meowstic|74/100\n|-damage|p2b: Alcremie|84/100\n|move|p1a: Milotic|Scald|p2b: Alcremie\n|-damage|p2b: Alcremie|64/100\n|\n|-weather|Snowscape|[upkeep]\n|-heal|p1a: Milotic|71/100|[from] item: Leftovers\n|upkeep\n|turn|3\n|\n|t:|1776553706\n|switch|p1b: Farigiraf|Farigiraf, L50, F|100/100\n|move|p2a: Meowstic|Protect|p2a: Meowstic\n|-singleturn|p2a: Meowstic|Protect\n|move|p1a: Milotic|Blizzard|p2a: Meowstic|[spread] p2b\n|-activate|p2a: Meowstic|move: Protect\n|-damage|p2b: Alcremie|51/100\n|move|p2b: Alcremie|Decorate|p2a: Meowstic\n|-boost|p2a: Meowstic|atk|2\n|-boost|p2a: Meowstic|spa|2\n|\n|-weather|Snowscape|[upkeep]\n|-heal|p1a: Milotic|77/100|[from] item: Leftovers\n|upkeep\n|turn|4\n|-activate|p2b: Alcremie|item: Quick Claw\n|\n|t:|1776553722\n|move|p2b: Alcremie|Decorate|p2a: Meowstic\n|-boost|p2a: Meowstic|atk|2\n|-boost|p2a: Meowstic|spa|2\n|move|p2a: Meowstic|Expanding Force|p1a: Milotic|[spread] p1a,p1b\n|-resisted|p1b: Farigiraf|1\n|-crit|p1b: Farigiraf\n|-damage|p1a: Milotic|0 fnt\n|-damage|p1b: Farigiraf|0 fnt\n|faint|p1a: Milotic\n|faint|p1b: Farigiraf\n|\n|-weather|Snowscape|[upkeep]\n|upkeep\n|\n|t:|1776553732\n|switch|p1a: \u90aa\u60e1\u7684\u96d9\u6301\u5e7d\u9748\u7537|Ceruledge, L50, F|100/100\n|switch|p1b: Ninetales|Ninetales-Alola, L50, F|27/100\n|turn|5\n|\n|t:|1776553752\n|switch|p2b: Incineroar|Incineroar, L50, M|100/100\n|-ability|p2b: Incineroar|Intimidate|boost\n|-unboost|p1a: \u90aa\u60e1\u7684\u96d9\u6301\u5e7d\u9748\u7537|atk|1\n|-unboost|p1b: Ninetales|atk|1\n|move|p1a: \u90aa\u60e1\u7684\u96d9\u6301\u5e7d\u9748\u7537|Shadow Sneak|p2a: Meowstic\n|-activate|p2a: Meowstic|move: Psychic Terrain\n|move|p2a: Meowstic|Expanding Force|p1a: \u90aa\u60e1\u7684\u96d9\u6301\u5e7d\u9748\u7537|[spread] p1a,p1b\n|-damage|p1a: \u90aa\u60e1\u7684\u96d9\u6301\u5e7d\u9748\u7537|0 fnt\n|-damage|p1b: Ninetales|0 fnt\n|faint|p1a: \u90aa\u60e1\u7684\u96d9\u6301\u5e7d\u9748\u7537\n|faint|p1b: Ninetales\n|\n|win|pedroplay033\n|raw|T\u67e5\u723e\u65af\u7684\u52dd\u5229Bonezz's rating: 1114 &rarr; <strong>1084</strong><br />(-30 for losing)\n|raw|pedroplay033's rating: 1045 &rarr; <strong>1085</strong><br />(+40 for winning)\n|l|\u2606T\u67e5\u723e\u65af\u7684\u52dd\u5229Bonezz\n|player|p1|\n",
  "uploadtime": 1776553765,
  "views": 11,
  "formatid": "gen9championsvgc2026regma",
  "rating": 1084,
  "private": 0,
  "password": null
}