{
  "id": "gen9championsvgc2026regma-2584382169",
  "format": "[Gen 9 Champions] VGC 2026 Reg M-A",
  "players": [
    "lets buy packs",
    "Matxp60"
  ],
  "log": "|j|\u2606lets buy packs\n|j|\u2606Matxp60\n|t:|1776256650\n|gametype|doubles\n|player|p1|lets buy packs|red-masters3|1061\n|player|p2|Matxp60|ethan|1000\n|gen|9\n|tier|[Gen 9 Champions] VGC 2026 Reg M-A\n|rated|\n|rule|Species Clause: Limit one of each Pok\u00e9mon\n|rule|Item Clause: Limit 1 of each item\n|clearpoke\n|poke|p1|Crabominable, L50, M|\n|poke|p1|Sinistcha, L50|\n|poke|p1|Oranguru, L50, F|\n|poke|p1|Incineroar, L50, M|\n|poke|p1|Gengar, L50, M|\n|poke|p1|Politoed, L50, M|\n|poke|p2|Chesnaught, L50, M|\n|poke|p2|Sableye, L50, M|\n|poke|p2|Incineroar, L50, M|\n|poke|p2|Heliolisk, L50, F|\n|poke|p2|Politoed, L50, F|\n|poke|p2|Basculegion, L50, M|\n|teampreview|4\n|inactive|Battle timer is ON: inactive players will automatically lose when time's up. (requested by lets buy packs)\nMatxp60 rejected open team sheets.\n|inactive|Matxp60 has 60 seconds left.\n|inactive|Matxp60 has 30 seconds left.\n|inactive|Matxp60 has 20 seconds left.\n|inactive|Matxp60 has 15 seconds left.\n|inactive|Matxp60 has 10 seconds left.\n|\n|t:|1776256733\n|teamsize|p1|4\n|teamsize|p2|4\n|start\n|switch|p1a: Gengar|Gengar, L50, M, shiny|100/100\n|switch|p1b: Incineroar|Incineroar, L50, M|100/100\n|switch|p2a: Heliolisk|Heliolisk, L50, F|100/100\n|switch|p2b: Incineroar|Incineroar, L50, M|100/100\n|-ability|p1b: Incineroar|Intimidate|boost\n|-unboost|p2a: Heliolisk|atk|1\n|-unboost|p2b: Incineroar|atk|1\n|-ability|p2b: Incineroar|Intimidate|boost\n|-unboost|p1a: Gengar|atk|1\n|-unboost|p1b: Incineroar|atk|1\n|turn|1\n|\n|t:|1776256745\n|detailschange|p1a: Gengar|Gengar-Mega, L50, M, shiny\n|-mega|p1a: Gengar|Gengar|Gengarite\n|move|p1b: Incineroar|Fake Out|p2b: Incineroar\n|-damage|p2b: Incineroar|94/100\n|move|p1a: Gengar|Perish Song|p1a: Gengar\n|-start|p1a: Gengar|perish3|[silent]\n|-start|p1b: Incineroar|perish3|[silent]\n|-start|p2a: Heliolisk|perish3|[silent]\n|-start|p2b: Incineroar|perish3|[silent]\n|-fieldactivate|move: Perish Song\n|move|p2a: Heliolisk|Shed Tail|p2a: Heliolisk\n|-start|p2a: Heliolisk|Substitute|[from] move: Shed Tail\n|-damage|p2a: Heliolisk|50/100\n|\n|t:|1776256755\n|switch|p2a: Chesnaught|Chesnaught, L50, M, shiny|100/100|[from] Shed Tail\n|cant|p2b: Incineroar|flinch\n|\n|-start|p1a: Gengar|perish3\n|-start|p2b: Incineroar|perish3\n|-start|p1b: Incineroar|perish3\n|upkeep\n|turn|2\n|\n|t:|1776256767\n|detailschange|p2a: Chesnaught|Chesnaught-Mega, L50, M, shiny\n|-mega|p2a: Chesnaught|Chesnaught|Chesnaughtite\n|move|p1a: Gengar|Perish Song|p1a: Gengar\n|-start|p2a: Chesnaught|perish3|[silent]\n|-fieldactivate|move: Perish Song\n|move|p2b: Incineroar|Parting Shot|p1a: Gengar\n|-unboost|p1a: Gengar|atk|1\n|-unboost|p1a: Gengar|spa|1\n|\n|t:|1776256777\n|switch|p2b: Politoed|Politoed, L50, F|100/100|[from] Parting Shot\n|-weather|RainDance|[from] ability: Drizzle|[of] p2b: Politoed\n|move|p1b: Incineroar|Parting Shot|p2a: Chesnaught\n|-unboost|p2a: Chesnaught|atk|1\n|-unboost|p2a: Chesnaught|spa|1\n|\n|t:|1776256783\n|switch|p1b: Sinistcha|Sinistcha, L50|100/100|[from] Parting Shot\n|move|p2a: Chesnaught|Iron Defense|p2a: Chesnaught\n|-boost|p2a: Chesnaught|def|2\n|\n|-weather|RainDance|[upkeep]\n|-start|p1a: Gengar|perish2\n|-start|p2a: Chesnaught|perish3\n|upkeep\n|turn|3\n|\n|t:|1776256801\n|move|p1a: Gengar|Perish Song|p1a: Gengar\n|-start|p1b: Sinistcha|perish3|[silent]\n|-start|p2b: Politoed|perish3|[silent]\n|-fieldactivate|move: Perish Song\n|move|p2b: Politoed|Icy Wind|p1b: Sinistcha|[spread] p1a,p1b\n|-supereffective|p1b: Sinistcha|1\n|-damage|p1a: Gengar|87/100\n|-damage|p1b: Sinistcha|78/100\n|-unboost|p1a: Gengar|spe|1\n|-unboost|p1b: Sinistcha|spe|1\n|move|p2a: Chesnaught|Leech Seed|p1a: Gengar\n|-start|p1a: Gengar|move: Leech Seed\n|move|p1b: Sinistcha|Life Dew|p1b: Sinistcha|[spread] p1a,p1b\n|-heal|p1a: Gengar|100/100\n|-heal|p1b: Sinistcha|100/100\n|\n|-weather|RainDance|[upkeep]\n|-damage|p1a: Gengar|89/100|[from] Leech Seed|[of] p2a: Chesnaught\n|-start|p1a: Gengar|perish1\n|-start|p2b: Politoed|perish3\n|-start|p2a: Chesnaught|perish2\n|-start|p1b: Sinistcha|perish3\n|upkeep\n|turn|4\n|inactive|Matxp60 has 30 seconds left.\n|\n|t:|1776256827\n|switch|p1a: Incineroar|Incineroar, L50, M|100/100\n|-ability|p1a: Incineroar|Intimidate|boost\n|-immune|p2a: Chesnaught\n|-unboost|p2b: Politoed|atk|1\n|move|p2b: Politoed|Icy Wind|p1a: Incineroar|[spread] p1a,p1b\n|-resisted|p1a: Incineroar|1\n|-crit|p1a: Incineroar\n|-supereffective|p1b: Sinistcha|1\n|-damage|p1a: Incineroar|95/100\n|-damage|p1b: Sinistcha|77/100\n|-unboost|p1a: Incineroar|spe|1\n|-unboost|p1b: Sinistcha|spe|1\n|move|p2a: Chesnaught|Body Press|p1a: Incineroar\n|-supereffective|p1a: Incineroar|1\n|-enditem|p1a: Incineroar|Chople Berry|[eat]\n|-enditem|p1a: Incineroar|Chople Berry|[weaken]\n|-damage|p1a: Incineroar|13/100\n|move|p1b: Sinistcha|Matcha Gotcha|p2b: Politoed|[spread] p2a\n|-miss|p1b: Sinistcha|p2b: Politoed\n|-resisted|p2a: Chesnaught|1\n|-activate|p2a: Chesnaught|move: Substitute|[damage]\n|-heal|p1b: Sinistcha|82/100|[from] drain|[of] p2a: Chesnaught\n|\n|-weather|RainDance|[upkeep]\n|-start|p2b: Politoed|perish2\n|-start|p2a: Chesnaught|perish1\n|-start|p1b: Sinistcha|perish2\n|upkeep\n|turn|5\n|inactive|Matxp60 has 30 seconds left.\n|\n|t:|1776256853\n|switch|p2a: Incineroar|Incineroar, L50, M|94/100\n|-ability|p2a: Incineroar|Intimidate|boost\n|-unboost|p1a: Incineroar|atk|1\n|-unboost|p1b: Sinistcha|atk|1\n|switch|p1a: Gengar|Gengar-Mega, L50, M, shiny|89/100\n|move|p2b: Politoed|Weather Ball|p1a: Gengar\n|-damage|p1a: Gengar|20/100\n|move|p1b: Sinistcha|Matcha Gotcha|p2b: Politoed|[spread] p2a,p2b\n|-resisted|p2a: Incineroar|1\n|-supereffective|p2b: Politoed|1\n|-damage|p2a: Incineroar|83/100\n|-heal|p1b: Sinistcha|88/100|[from] drain|[of] p2a: Incineroar\n|-damage|p2b: Politoed|48/100\n|-heal|p1b: Sinistcha|100/100|[from] drain|[of] p2b: Politoed\n|\n|-weather|RainDance|[upkeep]\n|-heal|p2b: Politoed|54/100|[from] item: Leftovers\n|-start|p2b: Politoed|perish1\n|-start|p1b: Sinistcha|perish1\n|upkeep\n|turn|6\n|\n|t:|1776256876\n|switch|p1b: Politoed|Politoed, L50, M, shiny|100/100\n|move|p2b: Politoed|Helping Hand|p2a: Incineroar\n|-singleturn|p2a: Incineroar|Helping Hand|[of] p2b: Politoed\n|move|p1a: Gengar|Protect|p1a: Gengar\n|-singleturn|p1a: Gengar|Protect\n|move|p2a: Incineroar|Throat Chop|p1b: Politoed\n|-crit|p1b: Politoed\n|-damage|p1b: Politoed|47/100\n|-start|p1b: Politoed|Throat Chop|[silent]\n|\n|-weather|none\n|-heal|p2b: Politoed|60/100|[from] item: Leftovers\n|-heal|p1b: Politoed|53/100|[from] item: Leftovers\n|-start|p2b: Politoed|perish0\n|faint|p2b: Politoed\n|upkeep\n|\n|t:|1776256887\n|switch|p2b: Chesnaught|Chesnaught-Mega, L50, M, shiny|100/100\n|turn|7\n|\n|t:|1776256898\n|switch|p1a: Incineroar|Incineroar, L50, M|13/100\n|-ability|p1a: Incineroar|Intimidate|boost\n|-unboost|p2a: Incineroar|atk|1\n|-unboost|p2b: Chesnaught|atk|1\n|move|p1b: Politoed|Muddy Water|p2b: Chesnaught|[spread] p2b\n|-miss|p1b: Politoed|p2a: Incineroar\n|-resisted|p2b: Chesnaught|1\n|-damage|p2b: Chesnaught|94/100\n|-unboost|p2b: Chesnaught|accuracy|1\n|move|p2a: Incineroar|Throat Chop|p1a: Incineroar\n|-resisted|p1a: Incineroar|1\n|-damage|p1a: Incineroar|3/100\n|-start|p1a: Incineroar|Throat Chop|[silent]\n|move|p2b: Chesnaught|Iron Defense|p2b: Chesnaught\n|-boost|p2b: Chesnaught|def|2\n|\n|-heal|p1b: Politoed|59/100|[from] item: Leftovers\n|-end|p1b: Politoed|Throat Chop|[silent]\n|upkeep\n|turn|8\n|l|\u2606Matxp60\n|inactive|Matxp60 disconnected and has a minute to reconnect!\n|player|p2|\n|inactive|Matxp60 has 30 seconds left.\n|j|\u2606Matxp60\n|inactive|Matxp60 reconnected and has 25 seconds left.\n|player|p2|Matxp60|ethan|\n|inactive|Matxp60 has 20 seconds left.\n|\n|t:|1776256936\n|switch|p1b: Gengar|Gengar-Mega, L50, M, shiny|20/100\n|move|p1a: Incineroar|Fake Out|p2a: Incineroar\n|-damage|p2a: Incineroar|73/100\n|cant|p2a: Incineroar|flinch\n|move|p2b: Chesnaught|Body Press|p1b: Gengar\n|-immune|p1b: Gengar\n|\n|-end|p1a: Incineroar|Throat Chop|[silent]\n|upkeep\n|turn|9\n|\n|t:|1776256946\n|switch|p1a: Sinistcha|Sinistcha, L50|100/100\n|-heal|p1b: Gengar|45/100|[from] ability: Hospitality|[of] p1a: Sinistcha\n|move|p1b: Gengar|Protect|p1b: Gengar\n|-singleturn|p1b: Gengar|Protect\n|move|p2a: Incineroar|Throat Chop|p1b: Gengar\n|-activate|p1b: Gengar|move: Protect\n|move|p2b: Chesnaught|Leech Seed|p1b: Gengar\n|-activate|p1b: Gengar|move: Protect\n|\n|upkeep\n|turn|10\n|\n|t:|1776256970\n|move|p1a: Sinistcha|Rage Powder|p1a: Sinistcha\n|-singleturn|p1a: Sinistcha|move: Rage Powder\n|move|p1b: Gengar|Shadow Ball|p2b: Chesnaught\n|-immune|p2b: Chesnaught|[from] ability: Bulletproof\n|move|p2a: Incineroar|Flare Blitz|p1a: Sinistcha\n|-supereffective|p1a: Sinistcha|1\n|-damage|p1a: Sinistcha|45/100\n|-enditem|p1a: Sinistcha|Sitrus Berry|[eat]\n|-heal|p1a: Sinistcha|70/100|[from] item: Sitrus Berry\n|-damage|p2a: Incineroar|57/100|[from] Recoil\n|move|p2b: Chesnaught|Leech Seed|p1b: Gengar\n|-start|p1b: Gengar|move: Leech Seed\n|\n|-damage|p1b: Gengar|33/100|[from] Leech Seed|[of] p2b: Chesnaught\n|-heal|p2b: Chesnaught|100/100|[silent]\n|upkeep\n|turn|11\n|\n|t:|1776256992\n|switch|p1b: Politoed|Politoed, L50, M, shiny|59/100\n|-weather|RainDance|[from] ability: Drizzle|[of] p1b: Politoed\n|move|p1a: Sinistcha|Life Dew|p1a: Sinistcha|[spread] p1a,p1b\n|-heal|p1a: Sinistcha|95/100\n|-heal|p1b: Politoed|84/100\n|move|p2a: Incineroar|Flare Blitz|p1a: Sinistcha\n|-supereffective|p1a: Sinistcha|1\n|-damage|p1a: Sinistcha|68/100\n|-damage|p2a: Incineroar|49/100|[from] Recoil\n|move|p2b: Chesnaught|Body Press|p1a: Sinistcha\n|-immune|p1a: Sinistcha\n|\n|-weather|RainDance|[upkeep]\n|-heal|p1b: Politoed|90/100|[from] item: Leftovers\n|upkeep\n|turn|12\n|inactive|Matxp60 has 30 seconds left.\n|l|\u2606Matxp60\n|inactive|Matxp60 disconnected and has a minute to reconnect!\n|player|p2|\n|inactive|Matxp60 has 20 seconds left.\n|inactive|Matxp60 has 15 seconds left.\n|inactive|Matxp60 has 10 seconds left.\n|inactive|Matxp60 has 5 seconds left.\n|-message|Matxp60 lost due to inactivity.\n|\n|win|lets buy packs\n|raw|lets buy packs's rating: 1061 &rarr; <strong>1086</strong><br />(+25 for winning)\n|raw|Matxp60's rating: 1000 &rarr; <strong>1000</strong><br />(+0 for losing)\n",
  "uploadtime": 1776257048,
  "views": 20,
  "formatid": "gen9championsvgc2026regma",
  "rating": 1000,
  "private": 0,
  "password": null
}