{
  "id": "gen9championsvgc2026regma-2581061118",
  "format": "[Gen 9 Champions] VGC 2026 Reg M-A",
  "players": [
    "thuuuud",
    "Rhicu"
  ],
  "log": "|j|\u2606thuuuud\n|j|\u2606Rhicu\n|t:|1775956173\n|gametype|doubles\n|player|p1|thuuuud|barry|1000\n|player|p2|Rhicu|benga|1093\n|gen|9\n|tier|[Gen 9 Champions] VGC 2026 Reg M-A\n|rated|\n|rule|Species Clause: Limit one of each Pok\u00e9mon\n|rule|Item Clause: Limit 1 of each item\n|clearpoke\n|poke|p1|Arcanine-Hisui, L50, F|\n|poke|p1|Archaludon, L50, M|\n|poke|p1|Sneasler, L50, M|\n|poke|p1|Basculegion, L50, M|\n|poke|p1|Farigiraf, L50, F|\n|poke|p1|Meganium, L50, M|\n|poke|p2|Floette-Eternal, L50, F|\n|poke|p2|Whimsicott, L50, M|\n|poke|p2|Aerodactyl, L50, M|\n|poke|p2|Sinistcha-Masterpiece, L50|\n|poke|p2|Farigiraf, L50, M|\n|poke|p2|Arcanine, L50, M|\n|teampreview|4\n|inactive|Battle timer is ON: inactive players will automatically lose when time's up. (requested by thuuuud)\nthuuuud rejected open team sheets.\n|inactive|Rhicu has 60 seconds left.\n|\n|t:|1775956249\n|teamsize|p1|4\n|teamsize|p2|4\n|start\n|switch|p1a: Arcanine|Arcanine-Hisui, L50, F, shiny|100/100\n|switch|p1b: Sneasler|Sneasler, L50, M, shiny|100/100\n|switch|p2a: Whimsicott|Whimsicott, L50, M|100/100\n|switch|p2b: Arcanine|Arcanine, L50, M|100/100\n|-ability|p1a: Arcanine|Intimidate|boost\n|-unboost|p2a: Whimsicott|atk|1\n|-unboost|p2b: Arcanine|atk|1\n|-ability|p2b: Arcanine|Intimidate|boost\n|-unboost|p1a: Arcanine|atk|1\n|-unboost|p1b: Sneasler|atk|1\n|-enditem|p1b: Sneasler|White Herb\n|-clearnegativeboost|p1b: Sneasler|[silent]\n|turn|1\n|\n|t:|1775956270\n|move|p2a: Whimsicott|Protect|p2a: Whimsicott\n|-singleturn|p2a: Whimsicott|Protect\n|move|p2b: Arcanine|Protect|p2b: Arcanine\n|-singleturn|p2b: Arcanine|Protect\n|move|p1b: Sneasler|Dire Claw|p2a: Whimsicott\n|-activate|p2a: Whimsicott|move: Protect\n|move|p1a: Arcanine|Rock Slide|p2a: Whimsicott|[spread] \n|-activate|p2a: Whimsicott|move: Protect\n|-activate|p2b: Arcanine|move: Protect\n|\n|upkeep\n|turn|2\n|\n|t:|1775956291\n|move|p2a: Whimsicott|Tailwind|p2a: Whimsicott\n|-sidestart|p2: Rhicu|move: Tailwind\n|move|p1b: Sneasler|Dire Claw|p2a: Whimsicott\n|-supereffective|p2a: Whimsicott|2\n|-damage|p2a: Whimsicott|0 fnt\n|faint|p2a: Whimsicott\n|move|p2b: Arcanine|Scorching Sands|p1b: Sneasler\n|-supereffective|p1b: Sneasler|1\n|-damage|p1b: Sneasler|39/100\n|-status|p1b: Sneasler|brn\n|move|p1a: Arcanine|Rock Slide|p2b: Arcanine\n|-supereffective|p2b: Arcanine|1\n|-crit|p2b: Arcanine\n|-enditem|p2b: Arcanine|Charti Berry|[eat]\n|-enditem|p2b: Arcanine|Charti Berry|[weaken]\n|-damage|p2b: Arcanine|50/100\n|\n|-damage|p1b: Sneasler|33/100 brn|[from] brn\n|upkeep\n|inactive|Rhicu has 30 seconds left.\n|inactive|Rhicu has 20 seconds left.\n|\n|t:|1775956328\n|switch|p2a: Floette|Floette-Eternal, L50, F|100/100\n|turn|3\n|inactive|thuuuud has 30 seconds left.\n|inactive|Rhicu has 30 seconds left.\n|inactive|thuuuud has 20 seconds left.\n|inactive|thuuuud has 15 seconds left.\n|\n|t:|1775956368\n|detailschange|p2a: Floette|Floette-Mega, L50, F\n|-mega|p2a: Floette|Floette|Floettite\n|-ability|p2a: Floette|Fairy Aura\n|move|p1a: Arcanine|Extreme Speed|p2a: Floette\n|-damage|p2a: Floette|80/100\n|move|p1b: Sneasler|Close Combat|p2b: Arcanine\n|-damage|p2b: Arcanine|19/100\n|-unboost|p1b: Sneasler|def|1\n|-unboost|p1b: Sneasler|spd|1\n|move|p2a: Floette|Dazzling Gleam|p1a: Arcanine|[spread] p1a,p1b\n|-resisted|p1a: Arcanine|1\n|-damage|p1a: Arcanine|70/100\n|-damage|p1b: Sneasler|0 fnt\n|faint|p1b: Sneasler\n|move|p2b: Arcanine|Scorching Sands|p1a: Arcanine\n|-supereffective|p1a: Arcanine|2\n|-damage|p1a: Arcanine|0 fnt\n|faint|p1a: Arcanine\n|\n|upkeep\n|\n|t:|1775956387\n|switch|p1b: Basculegion|Basculegion, L50, M, shiny|100/100\n|switch|p1a: Archaludon|Archaludon, L50, M, shiny|100/100\n|turn|4\n|\n|t:|1775956410\n|switch|p2b: Sinistcha|Sinistcha-Masterpiece, L50|100/100\n|-heal|p2a: Floette|100/100|[from] ability: Hospitality|[of] p2b: Sinistcha\n|move|p2a: Floette|Protect|p2a: Floette\n|-singleturn|p2a: Floette|Protect\n|move|p1b: Basculegion|Wave Crash|p2b: Sinistcha\n|-resisted|p2b: Sinistcha|1\n|-damage|p2b: Sinistcha|70/100\n|-damage|p1b: Basculegion|92/100|[from] Recoil\n|move|p1a: Archaludon|Flash Cannon|p2a: Floette\n|-activate|p2a: Floette|move: Protect\n|\n|upkeep\n|turn|5\n|inactive|thuuuud has 30 seconds left.\n|\n|t:|1775956437\n|switch|p2a: Arcanine|Arcanine, L50, M|19/100\n|-ability|p2a: Arcanine|Intimidate|boost\n|-unboost|p1a: Archaludon|atk|1\n|-unboost|p1b: Basculegion|atk|1\n|move|p1b: Basculegion|Wave Crash|p2a: Arcanine\n|-supereffective|p2a: Arcanine|1\n|-damage|p2a: Arcanine|0 fnt\n|faint|p2a: Arcanine\n|-damage|p1b: Basculegion|86/100|[from] Recoil\n|move|p2b: Sinistcha|Matcha Gotcha|p1a: Archaludon|[spread] p1a,p1b\n|-resisted|p1a: Archaludon|2\n|-supereffective|p1b: Basculegion|1\n|-damage|p1a: Archaludon|94/100\n|-heal|p2b: Sinistcha|74/100|[from] drain|[of] p1a: Archaludon\n|-damage|p1b: Basculegion|22/100\n|-heal|p2b: Sinistcha|100/100|[from] drain|[of] p1b: Basculegion\n|-ability|p1a: Archaludon|Stamina|boost\n|-boost|p1a: Archaludon|def|1\n|move|p1a: Archaludon|Flash Cannon|p2b: Sinistcha\n|-damage|p2b: Sinistcha|37/100\n|\n|-sideend|p2: Rhicu|move: Tailwind\n|upkeep\n|\n|t:|1775956457\n|switch|p2a: Floette|Floette-Mega, L50, F|100/100\n|-ability|p2a: Floette|Fairy Aura\n|turn|6\n|\n|t:|1775956473\n|move|p2b: Sinistcha|Rage Powder|p2b: Sinistcha\n|-singleturn|p2b: Sinistcha|move: Rage Powder\n|move|p1b: Basculegion|Wave Crash|p2b: Sinistcha\n|-resisted|p2b: Sinistcha|1\n|-damage|p2b: Sinistcha|18/100\n|-damage|p1b: Basculegion|16/100|[from] Recoil\n|move|p2a: Floette|Dazzling Gleam|p1a: Archaludon|[spread] p1a,p1b\n|-damage|p1a: Archaludon|37/100\n|-damage|p1b: Basculegion|0 fnt\n|-ability|p1a: Archaludon|Stamina|boost\n|-boost|p1a: Archaludon|def|1\n|faint|p1b: Basculegion\n|move|p1a: Archaludon|Flash Cannon|p2b: Sinistcha\n|-damage|p2b: Sinistcha|0 fnt\n|faint|p2b: Sinistcha\n|\n|upkeep\n|turn|7\n|\n|t:|1775956489\n|move|p2a: Floette|Dazzling Gleam|p1a: Archaludon\n|-damage|p1a: Archaludon|0 fnt\n|faint|p1a: Archaludon\n|\n|win|Rhicu\n|raw|thuuuud's rating: 1000 &rarr; <strong>1000</strong><br />(+0 for losing)\n|raw|Rhicu's rating: 1093 &rarr; <strong>1112</strong><br />(+19 for winning)\n",
  "uploadtime": 1775956496,
  "views": 17,
  "formatid": "gen9championsvgc2026regma",
  "rating": 1000,
  "private": 0,
  "password": null
}