{
  "id": "gen9championsvgc2026regma-2584857015",
  "format": "[Gen 9 Champions] VGC 2026 Reg M-A",
  "players": [
    "ARC Pa1adin",
    "SunTufo"
  ],
  "log": "|j|\u2606ARC Pa1adin\n|j|\u2606SunTufo\n|t:|1776289109\n|gametype|doubles\n|player|p1|ARC Pa1adin|acetrainer-gen4dp|1121\n|player|p2|SunTufo|li|1207\n|gen|9\n|tier|[Gen 9 Champions] VGC 2026 Reg M-A\n|rated|\n|rule|Species Clause: Limit one of each Pok\u00e9mon\n|rule|Item Clause: Limit 1 of each item\n|clearpoke\n|poke|p1|Scizor, L50, F|\n|poke|p1|Pelipper, L50, M|\n|poke|p1|Sinistcha, L50|\n|poke|p1|Basculegion, L50, M|\n|poke|p1|Blastoise, L50, M|\n|poke|p1|Gyarados, L50, F|\n|poke|p2|Skarmory, L50, M|\n|poke|p2|Garchomp, L50, M|\n|poke|p2|Milotic, L50, F|\n|poke|p2|Rotom-Wash, L50|\n|poke|p2|Sneasler, L50, M|\n|poke|p2|Tyranitar, L50, M|\n|teampreview|4\n|inactive|Battle timer is ON: inactive players will automatically lose when time's up. (requested by SunTufo)\n|inactive|ARC Pa1adin has 60 seconds left.\n|inactive|SunTufo has 60 seconds left.\n|\n|t:|1776289141\n|teamsize|p1|4\n|teamsize|p2|4\n|start\n|switch|p1a: Gyarados|Gyarados, L50, F|100/100\n|switch|p1b: Blastoise|Blastoise, L50, M|100/100\n|switch|p2a: Rotom|Rotom-Wash, L50, shiny|100/100\n|switch|p2b: Milotic|Milotic, L50, F, shiny|100/100\n|-ability|p1a: Gyarados|Intimidate|boost\n|-unboost|p2a: Rotom|atk|1\n|-unboost|p2b: Milotic|atk|1\n|-ability|p2b: Milotic|Competitive|boost\n|-boost|p2b: Milotic|spa|2\n|turn|1\n|\n|t:|1776289157\n|detailschange|p1b: Blastoise|Blastoise-Mega, L50, M\n|-mega|p1b: Blastoise|Blastoise|Blastoisinite\n|move|p1b: Blastoise|Protect|p1b: Blastoise\n|-singleturn|p1b: Blastoise|Protect\n|move|p2a: Rotom|Thunderbolt|p1b: Blastoise\n|-activate|p1b: Blastoise|move: Protect\n|move|p2b: Milotic|Ice Beam|p1a: Gyarados\n|-damage|p1a: Gyarados|56/100\n|move|p1a: Gyarados|Thunder Wave|p2b: Milotic|[miss]\n|-miss|p1a: Gyarados|p2b: Milotic\n|\n|-heal|p1a: Gyarados|62/100|[from] item: Leftovers\n|upkeep\n|turn|2\n|inactive|ARC Pa1adin has 30 seconds left.\n|\n|t:|1776289189\n|move|p1a: Gyarados|Protect|p1a: Gyarados\n|-singleturn|p1a: Gyarados|Protect\n|move|p2a: Rotom|Thunderbolt|p1a: Gyarados\n|-activate|p1a: Gyarados|move: Protect\n|move|p1b: Blastoise|Aura Sphere|p2a: Rotom\n|-damage|p2a: Rotom|33/100\n|move|p2b: Milotic|Muddy Water|p1a: Gyarados|[spread] p1b\n|-activate|p1a: Gyarados|move: Protect\n|-resisted|p1b: Blastoise|1\n|-damage|p1b: Blastoise|74/100\n|\n|-heal|p1a: Gyarados|68/100|[from] item: Leftovers\n|upkeep\n|turn|3\n|\n|t:|1776289209\n|switch|p1a: Sinistcha|Sinistcha, L50|100/100\n|-heal|p1b: Blastoise|99/100|[from] ability: Hospitality|[of] p1a: Sinistcha\n|move|p1b: Blastoise|Protect|p1b: Blastoise\n|-singleturn|p1b: Blastoise|Protect\n|move|p2a: Rotom|Thunderbolt|p1a: Sinistcha\n|-resisted|p1a: Sinistcha|1\n|-damage|p1a: Sinistcha|80/100\n|move|p2b: Milotic|Muddy Water|p1a: Sinistcha|[spread] p1a\n|-activate|p1b: Blastoise|move: Protect\n|-resisted|p1a: Sinistcha|1\n|-damage|p1a: Sinistcha|54/100\n|\n|upkeep\n|turn|4\n|\n|t:|1776289229\n|switch|p2a: Garchomp|Garchomp, L50, M, shiny|100/100\n|move|p1a: Sinistcha|Rage Powder|p1a: Sinistcha\n|-singleturn|p1a: Sinistcha|move: Rage Powder\n|move|p1b: Blastoise|Aura Sphere|p2a: Garchomp\n|-damage|p2a: Garchomp|50/100\n|move|p2b: Milotic|Ice Beam|p1a: Sinistcha\n|-supereffective|p1a: Sinistcha|1\n|-damage|p1a: Sinistcha|0 fnt\n|faint|p1a: Sinistcha\n|\n|upkeep\n|\n|t:|1776289242\n|switch|p1a: Pelipper|Pelipper, L50, M|100/100\n|-weather|RainDance|[from] ability: Drizzle|[of] p1a: Pelipper\n|turn|5\n|\n|t:|1776289250\n|move|p1a: Pelipper|Wide Guard|p1a: Pelipper\n|-singleturn|p1a: Pelipper|Wide Guard\n|move|p2a: Garchomp|Rock Slide|p1a: Pelipper|[spread] \n|-activate|p1a: Pelipper|move: Wide Guard\n|-activate|p1b: Blastoise|move: Wide Guard\n|move|p1b: Blastoise|Ice Beam|p2a: Garchomp\n|-supereffective|p2a: Garchomp|2\n|-damage|p2a: Garchomp|0 fnt\n|faint|p2a: Garchomp\n|move|p2b: Milotic|Muddy Water|p1b: Blastoise|[spread] \n|-activate|p1a: Pelipper|move: Wide Guard\n|-activate|p1b: Blastoise|move: Wide Guard\n|\n|-weather|RainDance|[upkeep]\n|upkeep\n|\n|t:|1776289255\n|switch|p2a: Sneasler|Sneasler, L50, M, shiny|100/100\n|turn|6\n|\n|t:|1776289271\n|move|p1b: Blastoise|Protect|p1b: Blastoise\n|-singleturn|p1b: Blastoise|Protect\n|move|p1a: Pelipper|Protect||[still]\n|-fail|p1a: Pelipper\n|move|p2a: Sneasler|Dire Claw|p1a: Pelipper\n|-damage|p1a: Pelipper|68/100\n|move|p2b: Milotic|Ice Beam|p1a: Pelipper\n|-damage|p1a: Pelipper|0 fnt\n|faint|p1a: Pelipper\n|\n|-weather|RainDance|[upkeep]\n|upkeep\n|\n|t:|1776289282\n|switch|p1a: Gyarados|Gyarados, L50, F|68/100\n|-ability|p1a: Gyarados|Intimidate|boost\n|-unboost|p2a: Sneasler|atk|1\n|-unboost|p2b: Milotic|atk|1\n|-ability|p2b: Milotic|Competitive|boost\n|-boost|p2b: Milotic|spa|2\n|turn|7\n|\n|t:|1776289295\n|move|p2a: Sneasler|Close Combat|p1b: Blastoise\n|-damage|p1b: Blastoise|60/100\n|-unboost|p2a: Sneasler|def|1\n|-unboost|p2a: Sneasler|spd|1\n|move|p1b: Blastoise|Hydro Pump|p2a: Sneasler\n|-enditem|p2a: Sneasler|Focus Sash\n|-damage|p2a: Sneasler|1/100\n|move|p2b: Milotic|Muddy Water|p1a: Gyarados|[spread] p1a,p1b\n|-resisted|p1a: Gyarados|1\n|-resisted|p1b: Blastoise|1\n|-damage|p1a: Gyarados|22/100\n|-damage|p1b: Blastoise|0 fnt\n|-unboost|p1a: Gyarados|accuracy|1\n|faint|p1b: Blastoise\n|move|p1a: Gyarados|Thunder Wave|p2b: Milotic\n|-status|p2b: Milotic|par\n|\n|-weather|RainDance|[upkeep]\n|-heal|p1a: Gyarados|28/100|[from] item: Leftovers\n|upkeep\n|turn|8\n|-message|ARC Pa1adin forfeited.\n|\n|win|SunTufo\n|raw|ARC Pa1adin's rating: 1121 &rarr; <strong>1102</strong><br />(-19 for losing)\n|raw|SunTufo's rating: 1207 &rarr; <strong>1226</strong><br />(+19 for winning)\n",
  "uploadtime": 1776289307,
  "views": 20,
  "formatid": "gen9championsvgc2026regma",
  "rating": 1102,
  "private": 0,
  "password": null
}