{
  "id": "gen9championsvgc2026regma-2585008006",
  "format": "[Gen 9 Champions] VGC 2026 Reg M-A",
  "players": [
    "chargem13",
    "Menrad"
  ],
  "log": "|j|\u2606chargem13\n|j|\u2606Menrad\n|html|<table width=\"100%\"><tr><td align=\"left\">chargem13</td><td align=\"right\">Menrad</tr><tr><td align=\"left\"><i class=\"fa fa-circle-o\"></i> <i class=\"fa fa-circle-o\"></i> </td><td align=\"right\"><i class=\"fa fa-circle-o\"></i> <i class=\"fa fa-circle-o\"></i> </tr></table>\n|uhtml|bestof|<h2><strong>Game 1</strong> of <a href=\"/game-bestof3-gen9championsvgc2026regma-2585008005\">a best-of-3</a></h2>\n|t:|1776302834\n|gametype|doubles\n|player|p1|chargem13|aaron|\n|player|p2|Menrad|benga|\n|gen|9\n|tier|[Gen 9 Champions] VGC 2026 Reg M-A\n|rule|Species Clause: Limit one of each Pok\u00e9mon\n|rule|Item Clause: Limit 1 of each item\n|raw|<div class=\"infobox\"><details class=\"readmore\" open><summary><strong>1 custom rule:</strong></summary> Best of = 3</details></div>\n|clearpoke\n|poke|p1|Toucannon, L50, M|\n|poke|p1|Incineroar, L50, M|\n|poke|p1|Goodra, L50, F|\n|poke|p1|Raichu, L50, F|\n|poke|p1|Blastoise, L50, M|\n|poke|p1|Sinistcha, L50|\n|poke|p2|Manectric, L50, M|\n|poke|p2|Chimecho, L50, F|\n|poke|p2|Incineroar, L50, F|\n|poke|p2|Orthworm, L50, M|\n|poke|p2|Clefable, L50, M|\n|poke|p2|Runerigus, L50, M|\n|teampreview|4\n|inactive|Battle timer is ON: inactive players will automatically lose when time's up. (requested by Menrad)\n|inactiveoff|Battle timer is now OFF.\n|\n|t:|1776302881\n|teamsize|p1|4\n|teamsize|p2|4\n|start\n|switch|p1a: Budgerigar|Toucannon, L50, M|100/100\n|switch|p1b: Pas\u016b|Raichu, L50, F, shiny|100/100\n|switch|p2a: Chimecho|Chimecho, L50, F|100/100\n|switch|p2b: Incineroar|Incineroar, L50, F|100/100\n|-ability|p2b: Incineroar|Intimidate|boost\n|-unboost|p1a: Budgerigar|atk|1\n|-unboost|p1b: Pas\u016b|atk|1\n|turn|1\n|-activate|p2b: Incineroar|item: Quick Claw\n|\n|t:|1776302956\n|switch|p2a: Runerigus|Runerigus, L50, M|100/100\n|move|p1b: Pas\u016b|Fake Out|p2b: Incineroar\n|-damage|p2b: Incineroar|96/100\n|cant|p2b: Incineroar|flinch\n|move|p1a: Budgerigar|Encore||[still]\n|-fail|p1a: Budgerigar\n|\n|upkeep\n|turn|2\n|j| RrrrrMemes9\n|\n|t:|1776303013\n|switch|p2b: Chimecho|Chimecho, L50, F|100/100\n|switch|p1a: Alksha|Blastoise, L50, M|100/100\n|move|p1b: Pas\u016b|Rain Dance|p1b: Pas\u016b\n|-weather|RainDance\n|move|p2a: Runerigus|Earthquake|p1b: Pas\u016b|[spread] p1a,p1b\n|-immune|p2b: Chimecho|[from] ability: Levitate\n|-supereffective|p1b: Pas\u016b|1\n|-damage|p1a: Alksha|69/100\n|-enditem|p1b: Pas\u016b|Focus Sash\n|-damage|p1b: Pas\u016b|1/100\n|\n|-weather|RainDance|[upkeep]\n|upkeep\n|turn|3\n|\n|t:|1776303096\n|detailschange|p1a: Alksha|Blastoise-Mega, L50, M\n|-mega|p1a: Alksha|Blastoise|Blastoisinite\n|move|p2a: Runerigus|Ally Switch|p2a: Runerigus\n|swap|p2a: Runerigus|1|[from] move: Ally Switch\n|move|p1b: Pas\u016b|Thunder|p2b: Runerigus\n|-immune|p2b: Runerigus\n|move|p1a: Alksha|Water Spout|p2b: Runerigus|[spread] p2a,p2b\n|-supereffective|p2b: Runerigus|1\n|-damage|p2a: Chimecho|45/100\n|-damage|p2b: Runerigus|0 fnt\n|faint|p2b: Runerigus\n|move|p2a: Chimecho|Skill Swap|p1a: Alksha\n|-activate|p2a: Chimecho|Skill Swap|Mega Launcher|Levitate|[of] p1a: Alksha\n|\n|-weather|RainDance|[upkeep]\n|upkeep\n|\n|t:|1776303116\n|switch|p2b: Incineroar|Incineroar, L50, F|96/100\n|-ability|p2b: Incineroar|Intimidate|boost\n|-unboost|p1a: Alksha|atk|1\n|-unboost|p1b: Pas\u016b|atk|1\n|turn|4\n|-activate|p2b: Incineroar|item: Quick Claw\n|\n|t:|1776303154\n|move|p2b: Incineroar|Fake Out|p1a: Alksha\n|-damage|p1a: Alksha|58/100\n|move|p1b: Pas\u016b|Electroweb|p2b: Incineroar|[spread] p2a,p2b\n|-damage|p2a: Chimecho|28/100\n|-damage|p2b: Incineroar|83/100\n|-unboost|p2a: Chimecho|spe|1\n|-unboost|p2b: Incineroar|spe|1\n|cant|p1a: Alksha|flinch\n|move|p2a: Chimecho|Dazzling Gleam|p1b: Pas\u016b|[spread] p1a,p1b\n|-damage|p1a: Alksha|46/100\n|-damage|p1b: Pas\u016b|0 fnt\n|faint|p1b: Pas\u016b\n|\n|-weather|RainDance|[upkeep]\n|upkeep\n|\n|t:|1776303172\n|switch|p1b: Budgerigar|Toucannon, L50, M|100/100\n|turn|5\n|-activate|p2b: Incineroar|item: Quick Claw\n|\n|t:|1776303218\n|move|p2b: Incineroar|Parting Shot|p1a: Alksha\n|-unboost|p1a: Alksha|atk|1\n|-unboost|p1a: Alksha|spa|1\n|\n|t:|1776303226\n|switch|p2b: Manectric|Manectric, L50, M|100/100|[from] Parting Shot\n|move|p1a: Alksha|Water Spout|p2b: Manectric|[spread] p2a,p2b\n|-damage|p2a: Chimecho|2/100\n|-damage|p2b: Manectric|72/100\n|move|p1b: Budgerigar|Tailwind|p1b: Budgerigar\n|-sidestart|p1: chargem13|move: Tailwind\n|move|p2a: Chimecho|Recover|p2a: Chimecho\n|-heal|p2a: Chimecho|52/100\n|\n|-weather|RainDance|[upkeep]\n|upkeep\n|turn|6\n|\n|t:|1776303274\n|detailschange|p2b: Manectric|Manectric-Mega, L50, M\n|-mega|p2b: Manectric|Manectric|Manectite\n|-ability|p2b: Manectric|Intimidate|boost\n|-unboost|p1a: Alksha|atk|1\n|-unboost|p1b: Budgerigar|atk|1\n|move|p1a: Alksha|Ice Beam|p2b: Manectric\n|-crit|p2b: Manectric\n|-damage|p2b: Manectric|26/100\n|-status|p2b: Manectric|frz\n|-curestatus|p2b: Manectric|frz|[msg]\n|move|p2b: Manectric|Thunderbolt|p1b: Budgerigar\n|-supereffective|p1b: Budgerigar|1\n|-damage|p1b: Budgerigar|2/100\n|move|p1b: Budgerigar|Brave Bird|p2a: Chimecho\n|-damage|p2a: Chimecho|0 fnt\n|faint|p2a: Chimecho\n|-damage|p1b: Budgerigar|0 fnt|[from] Recoil\n|faint|p1b: Budgerigar\n|\n|-weather|none\n|upkeep\n|\n|t:|1776303291\n|switch|p2a: Incineroar|Incineroar, L50, F|83/100\n|switch|p1b: Bengal|Incineroar, L50, M|100/100\n|-ability|p1b: Bengal|Intimidate|boost\n|-unboost|p2a: Incineroar|atk|1\n|-unboost|p2b: Manectric|atk|1\n|-ability|p2a: Incineroar|Intimidate|boost\n|-unboost|p1a: Alksha|atk|1\n|-unboost|p1b: Bengal|atk|1\n|turn|7\n|\n|t:|1776303358\n|move|p1b: Bengal|Fake Out|p2b: Manectric\n|-crit|p2b: Manectric\n|-damage|p2b: Manectric|2/100\n|move|p2a: Incineroar|Fake Out|p1a: Alksha\n|-crit|p1a: Alksha\n|-damage|p1a: Alksha|31/100\n|cant|p1a: Alksha|flinch\n|cant|p2b: Manectric|flinch\n|\n|upkeep\n|turn|8\n|\n|t:|1776303383\n|move|p1a: Alksha|Water Spout|p2a: Incineroar|[spread] p2a,p2b\n|-supereffective|p2a: Incineroar|1\n|-damage|p2a: Incineroar|61/100\n|-damage|p2b: Manectric|0 fnt\n|faint|p2b: Manectric\n|move|p1b: Bengal|Flare Blitz|p2a: Incineroar\n|-resisted|p2a: Incineroar|1\n|-crit|p2a: Incineroar\n|-damage|p2a: Incineroar|14/100\n|-damage|p1b: Bengal|83/100|[from] Recoil\n|move|p2a: Incineroar|Drain Punch|p1b: Bengal\n|-supereffective|p1b: Bengal|1\n|-damage|p1b: Bengal|54/100\n|-heal|p2a: Incineroar|27/100|[from] drain|[of] p1b: Bengal\n|\n|-sideend|p1: chargem13|move: Tailwind\n|upkeep\n|turn|9\n|\n|t:|1776303405\n|move|p1a: Alksha|Water Spout|p2a: Incineroar\n|-supereffective|p2a: Incineroar|1\n|-damage|p2a: Incineroar|0 fnt\n|faint|p2a: Incineroar\n|\n|win|chargem13\n||chargem13 is ready for game 2.\n|inactive|Menrad has 30 seconds to confirm battle start!\n|inactive|Menrad has 20 seconds to confirm battle start!\n||Menrad is ready for game 2.\n|uhtml|next|Next: <a href=\"/battle-gen9championsvgc2026regma-2585014283\"><strong>Game 2 of 3</strong></a>\n",
  "uploadtime": 1776303710,
  "views": 23,
  "formatid": "gen9championsvgc2026regma",
  "rating": null,
  "private": 0,
  "password": null
}