{
  "id": "gen9championsvgc2026regma-2588108316",
  "format": "[Gen 9 Champions] VGC 2026 Reg M-A",
  "players": [
    "paquito35",
    "HiImGroote"
  ],
  "log": "|j|\u2606paquito35\n|j|\u2606HiImGroote\n|t:|1776605168\n|gametype|doubles\n|player|p1|paquito35|169|1104\n|player|p2|HiImGroote|266|1052\n|gen|9\n|tier|[Gen 9 Champions] VGC 2026 Reg M-A\n|rated|\n|rule|Species Clause: Limit one of each Pok\u00e9mon\n|rule|Item Clause: Limit 1 of each item\n|clearpoke\n|poke|p1|Whimsicott, L50, F|\n|poke|p1|Hawlucha, L50, M|\n|poke|p1|Sneasler, L50, F|\n|poke|p1|Alakazam, L50, M|\n|poke|p1|Infernape, L50, M|\n|poke|p1|Incineroar, L50, M|\n|poke|p2|Meganium, L50, F|\n|poke|p2|Aerodactyl, L50, F|\n|poke|p2|Archaludon, L50, M|\n|poke|p2|Tauros-Paldea-Aqua, L50, M|\n|poke|p2|Typhlosion-Hisui, L50, F|\n|poke|p2|Kangaskhan, L50, F|\n|teampreview|4\n|inactive|Battle timer is ON: inactive players will automatically lose when time's up. (requested by HiImGroote)\n|inactive|HiImGroote has 60 seconds left.\n|\n|t:|1776605213\n|teamsize|p1|4\n|teamsize|p2|4\n|start\n|switch|p1a: Hawlucha|Hawlucha, L50, M|100/100\n|switch|p1b: Sneasler|Sneasler, L50, F|100/100\n|switch|p2a: Aerodactyl|Aerodactyl, L50, F|100/100\n|switch|p2b: Typhlosion|Typhlosion-Hisui, L50, F|100/100\n|-ability|p2a: Aerodactyl|Unnerve\n|-item|p1a: Hawlucha|Hawluchanite|[from] ability: Frisk|[of] p2b: Typhlosion\n|-item|p1b: Sneasler|Scope Lens|[from] ability: Frisk|[of] p2b: Typhlosion\n|turn|1\n|inactive|HiImGroote has 30 seconds left.\n|\n|t:|1776605239\n|detailschange|p1a: Hawlucha|Hawlucha-Mega, L50, M\n|-mega|p1a: Hawlucha|Hawlucha|Hawluchanite\n|move|p1b: Sneasler|Fake Out|p2a: Aerodactyl\n|-resisted|p2a: Aerodactyl|1\n|-damage|p2a: Aerodactyl|89/100\n|move|p2b: Typhlosion|Eruption|p1b: Sneasler|[spread] p1a,p1b\n|-damage|p1a: Hawlucha|27/100\n|-damage|p1b: Sneasler|29/100\n|cant|p2a: Aerodactyl|flinch\n|move|p1a: Hawlucha|Rock Slide|p2b: Typhlosion|[spread] p2a,p2b\n|-supereffective|p2a: Aerodactyl|1\n|-supereffective|p2b: Typhlosion|1\n|-damage|p2a: Aerodactyl|23/100\n|-damage|p2b: Typhlosion|44/100\n|\n|upkeep\n|turn|2\n|inactive|HiImGroote has 30 seconds left.\n|\n|t:|1776605264\n|move|p1a: Hawlucha|Protect|p1a: Hawlucha\n|-singleturn|p1a: Hawlucha|Protect\n|move|p2b: Typhlosion|Eruption|p1a: Hawlucha|[spread] p1b\n|-activate|p1a: Hawlucha|move: Protect\n|-damage|p1b: Sneasler|0 fnt\n|faint|p1b: Sneasler\n|move|p2a: Aerodactyl|Dual Wingbeat|p1a: Hawlucha\n|-activate|p1a: Hawlucha|move: Protect\n|\n|upkeep\n|\n|t:|1776605273\n|switch|p1b: Infernape|Infernape, L50, M|100/100\n|turn|3\n|\n|t:|1776605282\n|move|p1b: Infernape|Earthquake|p2b: Typhlosion|[spread] p2b\n|-immune|p1a: Hawlucha\n|-immune|p2a: Aerodactyl\n|-supereffective|p2b: Typhlosion|1\n|-damage|p2b: Typhlosion|0 fnt\n|faint|p2b: Typhlosion\n|move|p2a: Aerodactyl|Dual Wingbeat|p1b: Infernape\n|-supereffective|p1b: Infernape|1\n|-damage|p1b: Infernape|37/100\n|-supereffective|p1b: Infernape|1\n|-damage|p1b: Infernape|0 fnt\n|faint|p1b: Infernape\n|-hitcount|p1: Infernape|2\n|move|p1a: Hawlucha|Rock Slide|p2a: Aerodactyl\n|-supereffective|p2a: Aerodactyl|1\n|-damage|p2a: Aerodactyl|0 fnt\n|faint|p2a: Aerodactyl\n|\n|upkeep\n|\n|t:|1776605298\n|switch|p2a: Tauros|Tauros-Paldea-Aqua, L50, M|100/100\n|switch|p1b: Alakazam|Alakazam, L50, M|100/100\n|switch|p2b: Meganium|Meganium, L50, F|100/100\n|-ability|p2a: Tauros|Intimidate|boost\n|-unboost|p1a: Hawlucha|atk|1\n|-fail|p1b: Alakazam|unboost|Attack|[from] ability: Inner Focus|[of] p1b: Alakazam\n|turn|4\n|inactive|HiImGroote has 30 seconds left.\n|\n|t:|1776605329\n|detailschange|p2b: Meganium|Meganium-Mega, L50, F\n|-mega|p2b: Meganium|Meganium|Meganiumite\n|move|p1b: Alakazam|Psychic|p2a: Tauros\n|-supereffective|p2a: Tauros|1\n|-damage|p2a: Tauros|0 fnt\n|faint|p2a: Tauros\n|move|p1a: Hawlucha|Poison Jab|p2b: Meganium\n|-supereffective|p2b: Meganium|2\n|-damage|p2b: Meganium|32/100\n|move|p2b: Meganium|Dazzling Gleam|p1a: Hawlucha|[spread] p1a,p1b\n|-supereffective|p1a: Hawlucha|1\n|-damage|p1a: Hawlucha|0 fnt\n|-damage|p1b: Alakazam|61/100\n|faint|p1a: Hawlucha\n|\n|upkeep\n|turn|5\n|\n|t:|1776605349\n|move|p1b: Alakazam|Psychic|p2b: Meganium\n|-damage|p2b: Meganium|0 fnt\n|faint|p2b: Meganium\n|\n|win|paquito35\n|raw|paquito35's rating: 1104 &rarr; <strong>1125</strong><br />(+21 for winning)\n|raw|HiImGroote's rating: 1052 &rarr; <strong>1037</strong><br />(-15 for losing)\n|l|\u2606paquito35\n|player|p1|\n",
  "uploadtime": 1776605359,
  "views": 7,
  "formatid": "gen9championsvgc2026regma",
  "rating": 1037,
  "private": 0,
  "password": null
}