{
  "id": "gen9championsvgc2026regma-2587168011",
  "format": "[Gen 9 Champions] VGC 2026 Reg M-A",
  "players": [
    "adeiza9",
    "tf_lecter"
  ],
  "log": "|j|\u2606adeiza9\n|j|\u2606tf_lecter\n|t:|1776503396\n|gametype|doubles\n|player|p1|adeiza9|steven|1133\n|player|p2|tf_lecter|sabrina|1074\n|gen|9\n|tier|[Gen 9 Champions] VGC 2026 Reg M-A\n|rated|\n|rule|Species Clause: Limit one of each Pok\u00e9mon\n|rule|Item Clause: Limit 1 of each item\n|clearpoke\n|poke|p1|Basculegion, L50, M, shiny|\n|poke|p1|Sneasler, L50, F, shiny|\n|poke|p1|Kingambit, L50, M, shiny|\n|poke|p1|Pelipper, L50, F|\n|poke|p1|Blastoise, L50, F|\n|poke|p1|Archaludon, L50, M, shiny|\n|poke|p2|Rotom-Wash, L50|\n|poke|p2|Politoed, L50, M|\n|poke|p2|Feraligatr, L50, M|\n|poke|p2|Sneasler, L50, F|\n|poke|p2|Scizor, L50, M|\n|poke|p2|Sinistcha, L50|\n|teampreview|4\n|\n|t:|1776503411\n|teamsize|p1|4\n|teamsize|p2|4\n|start\n|switch|p1a: Sneasler|Sneasler, L50, F, shiny|100/100\n|switch|p1b: Archaludon|Archaludon, L50, M, shiny|100/100\n|switch|p2a: the glue (sniffer)|Sneasler, L50, F|100/100\n|switch|p2b: samus|Scizor, L50, M|100/100\n|turn|1\n|\n|t:|1776503431\n|detailschange|p2b: samus|Scizor-Mega, L50, M\n|-mega|p2b: samus|Scizor|Scizorite\n|move|p1b: Archaludon|Protect|p1b: Archaludon\n|-singleturn|p1b: Archaludon|Protect\n|move|p1a: Sneasler|Fake Out|p2a: the glue (sniffer)\n|-damage|p2a: the glue (sniffer)|79/100\n|cant|p2a: the glue (sniffer)|flinch\n|move|p2b: samus|Close Combat|p1b: Archaludon\n|-activate|p1b: Archaludon|move: Protect\n|\n|upkeep\n|turn|2\n|\n|t:|1776503457\n|switch|p1b: Pelipper|Pelipper, L50, F|100/100\n|-weather|RainDance|[from] ability: Drizzle|[of] p1b: Pelipper\n|move|p2b: samus|Protect|p2b: samus\n|-singleturn|p2b: samus|Protect\n|move|p1a: Sneasler|Close Combat|p2b: samus\n|-activate|p2b: samus|move: Protect\n|move|p2a: the glue (sniffer)|Close Combat|p1b: Pelipper\n|-resisted|p1b: Pelipper|1\n|-damage|p1b: Pelipper|63/100\n|-unboost|p2a: the glue (sniffer)|def|1\n|-unboost|p2a: the glue (sniffer)|spd|1\n|\n|-weather|RainDance|[upkeep]\n|upkeep\n|turn|3\n|\n|t:|1776503488\n|move|p1a: Sneasler|Protect|p1a: Sneasler\n|-singleturn|p1a: Sneasler|Protect\n|move|p2a: the glue (sniffer)|Gunk Shot|p1b: Pelipper\n|-damage|p1b: Pelipper|0 fnt\n|faint|p1b: Pelipper\n|move|p2b: samus|Knock Off|p1a: Sneasler\n|-activate|p1a: Sneasler|move: Protect\n|\n|-weather|RainDance|[upkeep]\n|upkeep\n|\n|t:|1776503499\n|switch|p1b: Blastoise|Blastoise, L50, F|100/100\n|turn|4\n|\n|t:|1776503509\n|switch|p2b: yum :d|Sinistcha, L50|100/100\n|-heal|p2a: the glue (sniffer)|100/100|[from] ability: Hospitality|[of] p2b: yum :d\n|detailschange|p1b: Blastoise|Blastoise-Mega, L50, F\n|-mega|p1b: Blastoise|Blastoise|Blastoisinite\n|move|p2a: the glue (sniffer)|Protect|p2a: the glue (sniffer)\n|-singleturn|p2a: the glue (sniffer)|Protect\n|move|p1b: Blastoise|Fake Out|p2a: the glue (sniffer)\n|-activate|p2a: the glue (sniffer)|move: Protect\n|move|p1a: Sneasler|Close Combat|p2b: yum :d\n|-immune|p2b: yum :d\n|\n|-weather|RainDance|[upkeep]\n|upkeep\n|turn|5\n|\n|t:|1776503534\n|switch|p1a: Archaludon|Archaludon, L50, M, shiny|100/100\n|move|p2b: yum :d|Protect|p2b: yum :d\n|-singleturn|p2b: yum :d|Protect\n|move|p2a: the glue (sniffer)|Gunk Shot|p1b: Blastoise\n|-damage|p1b: Blastoise|36/100\n|move|p1b: Blastoise|Hydro Pump|p2a: the glue (sniffer)|[miss]\n|-miss|p1b: Blastoise|p2a: the glue (sniffer)\n|\n|-weather|RainDance|[upkeep]\n|upkeep\n|turn|6\n|\n|t:|1776503554\n|move|p2a: the glue (sniffer)|Protect|p2a: the glue (sniffer)\n|-singleturn|p2a: the glue (sniffer)|Protect\n|move|p1a: Archaludon|Electro Shot||[still]\n|-prepare|p1a: Archaludon|Electro Shot\n|-boost|p1a: Archaludon|spa|1\n|-anim|p1a: Archaludon|Electro Shot|p2a: the glue (sniffer)\n|-activate|p2a: the glue (sniffer)|move: Protect\n|move|p1b: Blastoise|Ice Beam|p2b: yum :d\n|-supereffective|p2b: yum :d|1\n|-damage|p2b: yum :d|30/100\n|move|p2b: yum :d|Matcha Gotcha|p1a: Archaludon|[spread] p1a,p1b\n|-resisted|p1a: Archaludon|2\n|-supereffective|p1b: Blastoise|1\n|-damage|p1a: Archaludon|94/100\n|-heal|p2b: yum :d|33/100|[from] drain|[of] p1a: Archaludon\n|-damage|p1b: Blastoise|0 fnt\n|-heal|p2b: yum :d|48/100|[from] drain|[of] p1b: Blastoise\n|-ability|p1a: Archaludon|Stamina|boost\n|-boost|p1a: Archaludon|def|1\n|faint|p1b: Blastoise\n|\n|-weather|none\n|upkeep\n|\n|t:|1776503577\n|switch|p1b: Sneasler|Sneasler, L50, F, shiny|100/100\n|turn|7\n|\n|t:|1776503592\n|switch|p2a: fridge on mid|Rotom-Wash, L50|100/100\n|move|p2b: yum :d|Protect|p2b: yum :d\n|-singleturn|p2b: yum :d|Protect\n|move|p1b: Sneasler|Dire Claw|p2b: yum :d\n|-activate|p2b: yum :d|move: Protect\n|move|p1a: Archaludon|Electro Shot||[still]\n|-prepare|p1a: Archaludon|Electro Shot\n|-boost|p1a: Archaludon|spa|1\n|\n|upkeep\n|turn|8\n|\n|t:|1776503616\n|move|p1b: Sneasler|Close Combat|p2b: yum :d\n|-immune|p2b: yum :d\n|move|p1a: Archaludon|Electro Shot|p2a: fridge on mid|[from] lockedmove\n|-damage|p2a: fridge on mid|4/100\n|move|p2a: fridge on mid|Will-O-Wisp|p1b: Sneasler\n|-status|p1b: Sneasler|brn\n|move|p2b: yum :d|Memento|p1a: Archaludon\n|-unboost|p1a: Archaludon|atk|2\n|-unboost|p1a: Archaludon|spa|2\n|faint|p2b: yum :d\n|\n|-damage|p1b: Sneasler|95/100 brn|[from] brn\n|upkeep\n|\n|t:|1776503635\n|switch|p2b: the glue (sniffer)|Sneasler, L50, F|100/100\n|turn|9\n|\n|t:|1776503645\n|move|p1b: Sneasler|Protect|p1b: Sneasler\n|-singleturn|p1b: Sneasler|Protect\n|move|p2b: the glue (sniffer)|Fake Out|p1b: Sneasler\n|-activate|p1b: Sneasler|move: Protect\n|move|p1a: Archaludon|Electro Shot||[still]\n|-prepare|p1a: Archaludon|Electro Shot\n|-boost|p1a: Archaludon|spa|1\n|move|p2a: fridge on mid|Hydro Pump|p1b: Sneasler\n|-activate|p1b: Sneasler|move: Protect\n|\n|-damage|p1b: Sneasler|89/100 brn|[from] brn\n|upkeep\n|turn|10\n|-message|adeiza9 forfeited.\n|\n|win|tf_lecter\n|raw|adeiza9's rating: 1133 &rarr; <strong>1104</strong><br />(-29 for losing)\n|raw|tf_lecter's rating: 1074 &rarr; <strong>1108</strong><br />(+34 for winning)\n|l|\u2606adeiza9\n|player|p1|\n",
  "uploadtime": 1776503686,
  "views": 20,
  "formatid": "gen9championsvgc2026regma",
  "rating": 1104,
  "private": 0,
  "password": null
}