{
  "id": "gen9championsvgc2026regma-2586455619",
  "format": "[Gen 9 Champions] VGC 2026 Reg M-A",
  "players": [
    "NegaiFreak",
    "Javitoo13"
  ],
  "log": "|j|\u2606NegaiFreak\n|j|\u2606Javitoo13\n|t:|1776435883\n|gametype|doubles\n|player|p1|NegaiFreak|266|1415\n|player|p2|Javitoo13|170|1420\n|gen|9\n|tier|[Gen 9 Champions] VGC 2026 Reg M-A\n|rated|\n|rule|Species Clause: Limit one of each Pok\u00e9mon\n|rule|Item Clause: Limit 1 of each item\n|clearpoke\n|poke|p1|Archaludon, L50, M|\n|poke|p1|Pelipper, L50, M|\n|poke|p1|Basculegion, L50, M|\n|poke|p1|Meganium, L50, M|\n|poke|p1|Maushold-Four, L50|\n|poke|p1|Farigiraf, L50, M|\n|poke|p2|Floette-Eternal, L50, F|\n|poke|p2|Garchomp, L50, M|\n|poke|p2|Kingambit, L50, M|\n|poke|p2|Basculegion, L50, M|\n|poke|p2|Sneasler, L50, F|\n|poke|p2|Froslass, L50, F|\n|teampreview|4\n|inactive|Battle timer is ON: inactive players will automatically lose when time's up. (requested by NegaiFreak)\n|\n|t:|1776435905\n|teamsize|p1|4\n|teamsize|p2|4\n|start\n|switch|p1a: Archaludon|Archaludon, L50, M|100/100\n|switch|p1b: Meganium|Meganium, L50, M|100/100\n|switch|p2a: Floette|Floette-Eternal, L50, F|100/100\n|switch|p2b: Kingambit|Kingambit, L50, M|100/100\n|turn|1\n|\n|t:|1776435923\n|detailschange|p2a: Floette|Floette-Mega, L50, F\n|-mega|p2a: Floette|Floette|Floettite\n|-ability|p2a: Floette|Fairy Aura\n|detailschange|p1b: Meganium|Meganium-Mega, L50, M\n|-mega|p1b: Meganium|Meganium|Meganiumite\n|move|p2a: Floette|Dazzling Gleam|p1a: Archaludon|[spread] p1a,p1b\n|-damage|p1a: Archaludon|26/100\n|-damage|p1b: Meganium|58/100\n|move|p1a: Archaludon|Flash Cannon|p2a: Floette\n|-supereffective|p2a: Floette|1\n|-damage|p2a: Floette|29/100\n|move|p1b: Meganium|Weather Ball|p2b: Kingambit\n|-supereffective|p2b: Kingambit|1\n|-damage|p2b: Kingambit|0 fnt\n|faint|p2b: Kingambit\n|\n|upkeep\n|\n|t:|1776435942\n|switch|p2b: Sneasler|Sneasler, L50, F|100/100\n|turn|2\n|\n|t:|1776435963\n|switch|p1b: Pelipper|Pelipper, L50, M|100/100\n|-weather|RainDance|[from] ability: Drizzle|[of] p1b: Pelipper\n|move|p2b: Sneasler|Dire Claw|p1b: Pelipper\n|-damage|p1b: Pelipper|37/100\n|-status|p1b: Pelipper|psn|[from] ability: Poison Touch|[of] p2b: Sneasler\n|move|p2a: Floette|Moonblast|p1a: Archaludon\n|-damage|p1a: Archaludon|0 fnt\n|faint|p1a: Archaludon\n|\n|-weather|RainDance|[upkeep]\n|-damage|p1b: Pelipper|25/100 psn|[from] psn\n|upkeep\n|\n|t:|1776435978\n|switch|p1a: Farigiraf|Farigiraf, L50, M|100/100\n|turn|3\n|\n|t:|1776435992\n|move|p2b: Sneasler|Close Combat|p1a: Farigiraf\n|-damage|p1a: Farigiraf|42/100\n|-unboost|p2b: Sneasler|def|1\n|-unboost|p2b: Sneasler|spd|1\n|-status|p1a: Farigiraf|psn|[from] ability: Poison Touch|[of] p2b: Sneasler\n|move|p2a: Floette|Moonblast|p1a: Farigiraf\n|-crit|p1a: Farigiraf\n|-damage|p1a: Farigiraf|0 fnt\n|faint|p1a: Farigiraf\n|move|p1b: Pelipper|Hurricane|p2b: Sneasler\n|-supereffective|p2b: Sneasler|1\n|-enditem|p2b: Sneasler|Focus Sash\n|-damage|p2b: Sneasler|1/100\n|-start|p2b: Sneasler|confusion\n|\n|-weather|RainDance|[upkeep]\n|-damage|p1b: Pelipper|12/100 psn|[from] psn\n|upkeep\n|\n|t:|1776436005\n|switch|p1a: Meganium|Meganium-Mega, L50, M|58/100\n|turn|4\n|\n|t:|1776436016\n|-activate|p2b: Sneasler|confusion\n|move|p2b: Sneasler|Protect|p2b: Sneasler\n|-singleturn|p2b: Sneasler|Protect\n|move|p2a: Floette|Protect|p2a: Floette\n|-singleturn|p2a: Floette|Protect\n|move|p1b: Pelipper|Tailwind|p1b: Pelipper\n|-sidestart|p1: NegaiFreak|move: Tailwind\n|move|p1a: Meganium|Solar Beam||[still]\n|-prepare|p1a: Meganium|Solar Beam\n|-activate|p1a: Meganium|ability: Mega Sol\n|-anim|p1a: Meganium|Solar Beam|p2a: Floette\n|-activate|p2a: Floette|move: Protect\n|\n|-weather|RainDance|[upkeep]\n|-damage|p1b: Pelipper|0 fnt|[from] psn\n|faint|p1b: Pelipper\n|upkeep\n|turn|5\n|\n|t:|1776436041\n|move|p1a: Meganium|Dazzling Gleam|p2a: Floette|[spread] p2a,p2b\n|-damage|p2a: Floette|0 fnt\n|-damage|p2b: Sneasler|0 fnt\n|faint|p2a: Floette\n|faint|p2b: Sneasler\n|\n|-weather|RainDance|[upkeep]\n|upkeep\n|\n|t:|1776436054\n|switch|p2a: Basculegion|Basculegion, L50, M|100/100\n|turn|6\n|\n|t:|1776436064\n|move|p2a: Basculegion|Protect|p2a: Basculegion\n|-singleturn|p2a: Basculegion|Protect\n|move|p1a: Meganium|Solar Beam||[still]\n|-prepare|p1a: Meganium|Solar Beam\n|-activate|p1a: Meganium|ability: Mega Sol\n|-anim|p1a: Meganium|Solar Beam|p2a: Basculegion\n|-activate|p2a: Basculegion|move: Protect\n|\n|-weather|none\n|upkeep\n|turn|7\n|\n|t:|1776436075\n|move|p1a: Meganium|Solar Beam||[still]\n|-prepare|p1a: Meganium|Solar Beam\n|-activate|p1a: Meganium|ability: Mega Sol\n|-anim|p1a: Meganium|Solar Beam|p2a: Basculegion\n|-supereffective|p2a: Basculegion|1\n|-damage|p2a: Basculegion|0 fnt\n|faint|p2a: Basculegion\n|\n|win|NegaiFreak\n|raw|NegaiFreak's rating: 1415 &rarr; <strong>1435</strong><br />(+20 for winning)\n|raw|Javitoo13's rating: 1420 &rarr; <strong>1400</strong><br />(-20 for losing)\n|l|\u2606Javitoo13\n|player|p2|\n|c|\u2606NegaiFreak|GG, WP\n",
  "uploadtime": 1776436090,
  "views": 36,
  "formatid": "gen9championsvgc2026regma",
  "rating": 1400,
  "private": 0,
  "password": null
}