{
  "id": "gen9championsvgc2026regma-2588508117",
  "format": "[Gen 9 Champions] VGC 2026 Reg M-A",
  "players": [
    "taieigou",
    "Markiito18"
  ],
  "log": "|j|\u2606taieigou\n|j|\u2606Markiito18\n|t:|1776639933\n|gametype|doubles\n|player|p1|taieigou|101|1367\n|player|p2|Markiito18|rood|1396\n|gen|9\n|tier|[Gen 9 Champions] VGC 2026 Reg M-A\n|rated|\n|rule|Species Clause: Limit one of each Pok\u00e9mon\n|rule|Item Clause: Limit 1 of each item\n|clearpoke\n|poke|p1|Floette-Eternal, L50, F|\n|poke|p1|Garchomp, L50, F|\n|poke|p1|Incineroar, L50, M|\n|poke|p1|Sinistcha, L50|\n|poke|p1|Sneasler, L50, F|\n|poke|p1|Aerodactyl, L50, F|\n|poke|p2|Farigiraf, L50, M, shiny|\n|poke|p2|Sylveon, L50, F, shiny|\n|poke|p2|Hydreigon, L50, M, shiny|\n|poke|p2|Aegislash, L50, M, shiny|\n|poke|p2|Slowking-Galar, L50, M, shiny|\n|poke|p2|Lopunny, L50, F, shiny|\n|teampreview|4\n|inactive|Battle timer is ON: inactive players will automatically lose when time's up. (requested by taieigou)\n|inactive|taieigou has 60 seconds left.\n|inactive|Markiito18 has 60 seconds left.\n|inactive|Markiito18 has 30 seconds left.\n|inactive|Markiito18 has 20 seconds left.\n|inactive|Markiito18 has 15 seconds left.\n|inactive|Markiito18 has 10 seconds left.\n|inactive|Markiito18 has 5 seconds left.\n|\n|t:|1776640022\n|teamsize|p1|4\n|teamsize|p2|4\n|start\n|switch|p1a: Incineroar|Incineroar, L50, M|100/100\n|switch|p1b: Floette|Floette-Eternal, L50, F|100/100\n|switch|p2a: Lopunny|Lopunny, L50, F, shiny|100/100\n|switch|p2b: Slowking|Slowking-Galar, L50, M, shiny|100/100\n|-ability|p1a: Incineroar|Intimidate|boost\n|-unboost|p2a: Lopunny|atk|1\n|-unboost|p2b: Slowking|atk|1\n|-clearboost|p2a: Lopunny|[from] ability: Curious Medicine|[of] p2b: Slowking\n|turn|1\n|\n|t:|1776640039\n|detailschange|p2a: Lopunny|Lopunny-Mega, L50, F, shiny\n|-mega|p2a: Lopunny|Lopunny|Lopunnite\n|detailschange|p1b: Floette|Floette-Mega, L50, F\n|-mega|p1b: Floette|Floette|Floettite\n|-ability|p1b: Floette|Fairy Aura\n|move|p2a: Lopunny|Fake Out|p1b: Floette\n|-damage|p1b: Floette|81/100\n|move|p1a: Incineroar|Fake Out|p2b: Slowking\n|-damage|p2b: Slowking|89/100\n|cant|p1b: Floette|flinch\n|cant|p2b: Slowking|flinch\n|\n|upkeep\n|turn|2\n|inactive|taieigou has 30 seconds left.\n|\n|t:|1776640069\n|move|p2a: Lopunny|Encore|p1a: Incineroar\n|-start|p1a: Incineroar|Encore\n|move|p1a: Incineroar|Fake Out||[still]\n|-hint|Fake Out only works on your first turn out.\n|-fail|p1a: Incineroar\n|move|p1b: Floette|Calm Mind|p1b: Floette\n|-boost|p1b: Floette|spa|1\n|-boost|p1b: Floette|spd|1\n|move|p2b: Slowking|Sludge Bomb|p1b: Floette\n|-supereffective|p1b: Floette|1\n|-damage|p1b: Floette|46/100\n|-status|p1b: Floette|psn\n|\n|-damage|p1b: Floette|34/100 psn|[from] psn\n|upkeep\n|turn|3\n|\n|t:|1776640093\n|switch|p1a: Sinistcha|Sinistcha, L50|100/100\n|-heal|p1b: Floette|59/100 psn|[from] ability: Hospitality|[of] p1a: Sinistcha\n|move|p1b: Floette|Protect|p1b: Floette\n|-singleturn|p1b: Floette|Protect\n|move|p2a: Lopunny|Encore|p1b: Floette\n|-activate|p1b: Floette|move: Protect\n|move|p2b: Slowking|Ice Beam|p1a: Sinistcha\n|-supereffective|p1a: Sinistcha|1\n|-damage|p1a: Sinistcha|57/100\n|\n|-heal|p1a: Sinistcha|63/100|[from] item: Leftovers\n|-damage|p1b: Floette|47/100 psn|[from] psn\n|upkeep\n|turn|4\n|inactive|Markiito18 has 30 seconds left.\n|inactive|Markiito18 has 20 seconds left.\n|\n|t:|1776640130\n|switch|p2a: Sylveon|Sylveon, L50, F, shiny|100/100\n|move|p1a: Sinistcha|Rage Powder|p1a: Sinistcha\n|-singleturn|p1a: Sinistcha|move: Rage Powder\n|move|p1b: Floette|Dazzling Gleam|p2b: Slowking|[spread] p2a,p2b\n|-resisted|p2b: Slowking|1\n|-damage|p2a: Sylveon|37/100\n|-damage|p2b: Slowking|64/100\n|move|p2b: Slowking|Trick Room|p2b: Slowking\n|-fieldstart|move: Trick Room|[of] p2b: Slowking\n|\n|-heal|p1a: Sinistcha|69/100|[from] item: Leftovers\n|-damage|p1b: Floette|35/100 psn|[from] psn\n|upkeep\n|turn|5\n|inactive|Markiito18 has 30 seconds left.\n|inactive|Markiito18 has 20 seconds left.\n|inactive|Markiito18 has 15 seconds left.\n|inactive|Markiito18 has 10 seconds left.\n|\n|t:|1776640177\n|move|p1b: Floette|Protect|p1b: Floette\n|-singleturn|p1b: Floette|Protect\n|move|p2b: Slowking|Sludge Bomb|p1a: Sinistcha\n|-damage|p1a: Sinistcha|33/100\n|-status|p1a: Sinistcha|psn\n|move|p2a: Sylveon|Hyper Voice|p1b: Floette|[spread] p1a\n|-activate|p1b: Floette|move: Protect\n|-damage|p1a: Sinistcha|0 fnt\n|faint|p1a: Sinistcha\n|\n|-damage|p1b: Floette|23/100 psn|[from] psn\n|upkeep\n|\n|t:|1776640192\n|switch|p1a: Garchomp|Garchomp, L50, F|100/100\n|turn|6\n|\n|t:|1776640203\n|move|p2b: Slowking|Ice Beam|p1a: Garchomp\n|-supereffective|p1a: Garchomp|2\n|-damage|p1a: Garchomp|0 fnt\n|faint|p1a: Garchomp\n|move|p2a: Sylveon|Hyper Voice|p1b: Floette\n|-damage|p1b: Floette|0 fnt\n|faint|p1b: Floette\n|\n|upkeep\n|inactive|taieigou has 30 seconds left.\n|inactive|taieigou has 20 seconds left.\n|inactive|taieigou has 15 seconds left.\n|inactive|taieigou has 10 seconds left.\n|inactive|taieigou has 5 seconds left.\n|\n|t:|1776640258\n|switch|p1a: Incineroar|Incineroar, L50, M|100/100\n|-ability|p1a: Incineroar|Intimidate|boost\n|-unboost|p2a: Sylveon|atk|1\n|-unboost|p2b: Slowking|atk|1\n|turn|7\n|inactive|taieigou has 30 seconds left.\n|inactive|taieigou has 20 seconds left.\n|inactive|taieigou has 15 seconds left.\n|inactive|taieigou has 10 seconds left.\n|inactive|taieigou has 5 seconds left.\n|\n|t:|1776640313\n|move|p1a: Incineroar|Fake Out|p2a: Sylveon\n|-damage|p2a: Sylveon|26/100\n|move|p2b: Slowking|Sludge Bomb|p1a: Incineroar\n|-damage|p1a: Incineroar|72/100\n|cant|p2a: Sylveon|flinch\n|\n|upkeep\n|turn|8\n|inactive|taieigou has 30 seconds left.\n|inactive|taieigou has 20 seconds left.\n|inactive|taieigou has 15 seconds left.\n|inactive|taieigou has 10 seconds left.\n|inactive|taieigou has 5 seconds left.\n|\n|t:|1776640368\n|move|p1a: Incineroar|Fake Out||[still]\n|-hint|Fake Out only works on your first turn out.\n|-fail|p1a: Incineroar\n|move|p2b: Slowking|Sludge Bomb|p1a: Incineroar\n|-damage|p1a: Incineroar|44/100\n|-enditem|p1a: Incineroar|Sitrus Berry|[eat]\n|-heal|p1a: Incineroar|69/100|[from] item: Sitrus Berry\n|move|p2a: Sylveon|Hyper Voice|p1a: Incineroar\n|-damage|p1a: Incineroar|24/100\n|\n|-fieldend|move: Trick Room\n|upkeep\n|turn|9\n|inactive|taieigou has 30 seconds left.\n|inactive|taieigou has 20 seconds left.\n|inactive|taieigou has 15 seconds left.\n|inactive|taieigou has 10 seconds left.\n|inactive|taieigou has 5 seconds left.\n|\n|t:|1776640423\n|move|p2a: Sylveon|Hyper Voice|p1a: Incineroar\n|-damage|p1a: Incineroar|0 fnt\n|faint|p1a: Incineroar\n|\n|win|Markiito18\n|raw|taieigou's rating: 1367 &rarr; <strong>1349</strong><br />(-18 for losing)\n|raw|Markiito18's rating: 1396 &rarr; <strong>1414</strong><br />(+18 for winning)\n",
  "uploadtime": 1776640429,
  "views": 14,
  "formatid": "gen9championsvgc2026regma",
  "rating": 1349,
  "private": 0,
  "password": null
}