{
  "id": "gen9championsvgc2026regma-2583125791",
  "format": "[Gen 9 Champions] VGC 2026 Reg M-A",
  "players": [
    "shin-tv07",
    "Kdog2025"
  ],
  "log": "|j|\u2606shin-tv07\n|j|\u2606Kdog2025\n|t:|1776145092\n|gametype|doubles\n|player|p1|shin-tv07|twins-gen4dp|1142\n|player|p2|Kdog2025|101|1231\n|gen|9\n|tier|[Gen 9 Champions] VGC 2026 Reg M-A\n|rated|\n|rule|Species Clause: Limit one of each Pok\u00e9mon\n|rule|Item Clause: Limit 1 of each item\n|clearpoke\n|poke|p1|Tauros-Paldea-Aqua, L50, M|\n|poke|p1|Froslass, L50, F|\n|poke|p1|Whimsicott, L50, F|\n|poke|p1|Incineroar, L50, M|\n|poke|p1|Palafin, L50, F|\n|poke|p1|Floette-Eternal, L50, F|\n|poke|p2|Empoleon, L50, M|\n|poke|p2|Floette-Eternal, L50, F|\n|poke|p2|Ninetales-Alola, L50, M|\n|poke|p2|Incineroar, L50, F|\n|poke|p2|Aerodactyl, L50, M|\n|poke|p2|Farigiraf, L50, M|\n|teampreview|4\n|inactive|Battle timer is ON: inactive players will automatically lose when time's up. (requested by Kdog2025)\n|inactive|Kdog2025 has 60 seconds left.\n|\n|t:|1776145131\n|teamsize|p1|4\n|teamsize|p2|4\n|start\n|switch|p1a: Tauros|Tauros-Paldea-Aqua, L50, M|100/100\n|switch|p1b: Froslass|Froslass, L50, F|100/100\n|switch|p2a: Empoleon|Empoleon, L50, M|100/100\n|switch|p2b: Aerodactyl|Aerodactyl, L50, M|100/100\n|-ability|p2b: Aerodactyl|Unnerve\n|turn|1\n|\n|t:|1776145147\n|move|p2b: Aerodactyl|Tailwind|p2b: Aerodactyl\n|-sidestart|p2: Kdog2025|move: Tailwind\n|move|p1b: Froslass|Frost Breath|p1a: Tauros\n|-resisted|p1a: Tauros|1\n|-crit|p1a: Tauros\n|-damage|p1a: Tauros|86/100\n|-setboost|p1a: Tauros|atk|6|[from] ability: Anger Point\n|move|p2a: Empoleon|Flash Cannon|p1b: Froslass\n|-supereffective|p1b: Froslass|1\n|-damage|p1b: Froslass|33/100\n|move|p1a: Tauros|Rock Slide|p2a: Empoleon|[spread] p2a,p2b\n|-resisted|p2a: Empoleon|1\n|-supereffective|p2b: Aerodactyl|1\n|-damage|p2a: Empoleon|78/100\n|-enditem|p2b: Aerodactyl|Focus Sash\n|-damage|p2b: Aerodactyl|1/100\n|\n|upkeep\n|turn|2\n|inactive|shin-tv07 has 30 seconds left.\n|inactive|Kdog2025 has 30 seconds left.\n|\n|t:|1776145177\n|switch|p1b: Palafin|Palafin, L50, F|100/100\n|move|p1a: Tauros|Aqua Jet|p2b: Aerodactyl\n|-supereffective|p2b: Aerodactyl|1\n|-damage|p2b: Aerodactyl|0 fnt\n|faint|p2b: Aerodactyl\n|move|p2a: Empoleon|Flash Cannon|p1b: Palafin\n|-resisted|p1b: Palafin|1\n|-damage|p1b: Palafin|79/100\n|-unboost|p1b: Palafin|spd|1\n|\n|upkeep\n|\n|t:|1776145183\n|switch|p2b: Ninetales|Ninetales-Alola, L50, M|100/100\n|-weather|Snowscape|[from] ability: Snow Warning|[of] p2b: Ninetales\n|turn|3\n|\n|t:|1776145196\n|move|p2b: Ninetales|Protect|p2b: Ninetales\n|-singleturn|p2b: Ninetales|Protect\n|move|p1a: Tauros|Aqua Jet|p2b: Ninetales\n|-activate|p2b: Ninetales|move: Protect\n|move|p1b: Palafin|Flip Turn|p2b: Ninetales\n|-activate|p2b: Ninetales|move: Protect\n|move|p2a: Empoleon|Hydro Pump|p1a: Tauros\n|-resisted|p1a: Tauros|1\n|-damage|p1a: Tauros|62/100\n|\n|-weather|Snowscape|[upkeep]\n|upkeep\n|turn|4\n|\n|t:|1776145203\n|move|p1a: Tauros|Aqua Jet|p2b: Ninetales\n|-damage|p2b: Ninetales|42/100\n|move|p2b: Ninetales|Freeze-Dry|p1a: Tauros\n|-supereffective|p1a: Tauros|1\n|-damage|p1a: Tauros|0 fnt\n|faint|p1a: Tauros\n|move|p1b: Palafin|Flip Turn|p2b: Ninetales\n|-damage|p2b: Ninetales|22/100\n|\n|t:|1776145210\n|detailschange|p1b: Palafin|Palafin-Hero, L50, F\n|switch|p1b: Whimsicott|Whimsicott, L50, F|100/100|[from] Flip Turn\n|move|p2a: Empoleon|Hydro Pump|p1b: Whimsicott\n|-resisted|p1b: Whimsicott|1\n|-damage|p1b: Whimsicott|63/100\n|\n|-weather|Snowscape|[upkeep]\n|-sideend|p2: Kdog2025|move: Tailwind\n|upkeep\n|\n|t:|1776145222\n|switch|p1a: Palafin|Palafin-Hero, L50, F|79/100\n|-activate|p1a: Palafin|ability: Zero to Hero\n|turn|5\n|\n|t:|1776145231\n|move|p2b: Ninetales|Protect|p2b: Ninetales\n|-singleturn|p2b: Ninetales|Protect\n|move|p1b: Whimsicott|Tailwind|p1b: Whimsicott\n|-sidestart|p1: shin-tv07|move: Tailwind\n|move|p1a: Palafin|Close Combat|p2a: Empoleon\n|-supereffective|p2a: Empoleon|1\n|-enditem|p2a: Empoleon|Chople Berry|[eat]\n|-enditem|p2a: Empoleon|Chople Berry|[weaken]\n|-damage|p2a: Empoleon|39/100\n|-unboost|p1a: Palafin|def|1\n|-unboost|p1a: Palafin|spd|1\n|move|p2a: Empoleon|Icy Wind|p1a: Palafin|[spread] p1a,p1b\n|-resisted|p1a: Palafin|1\n|-supereffective|p1b: Whimsicott|1\n|-damage|p1a: Palafin|71/100\n|-damage|p1b: Whimsicott|30/100\n|-unboost|p1a: Palafin|spe|1\n|-unboost|p1b: Whimsicott|spe|1\n|\n|-weather|Snowscape|[upkeep]\n|upkeep\n|turn|6\n|\n|t:|1776145245\n|move|p1a: Palafin|Close Combat|p2a: Empoleon\n|-supereffective|p2a: Empoleon|1\n|-damage|p2a: Empoleon|0 fnt\n|-unboost|p1a: Palafin|def|1\n|-unboost|p1a: Palafin|spd|1\n|faint|p2a: Empoleon\n|move|p1b: Whimsicott|Moonblast|p2b: Ninetales\n|-damage|p2b: Ninetales|0 fnt\n|faint|p2b: Ninetales\n|\n|-weather|Snowscape|[upkeep]\n|upkeep\n|\n|t:|1776145248\n|switch|p2b: Floette|Floette-Eternal, L50, F|100/100\n|turn|7\n|\n|t:|1776145260\n|detailschange|p2b: Floette|Floette-Mega, L50, F\n|-mega|p2b: Floette|Floette|Floettite\n|-ability|p2b: Floette|Fairy Aura\n|move|p1a: Palafin|Close Combat|p2b: Floette\n|-resisted|p2b: Floette|1\n|-damage|p2b: Floette|71/100\n|-unboost|p1a: Palafin|def|1\n|-unboost|p1a: Palafin|spd|1\n|move|p1b: Whimsicott|Moonblast|p2b: Floette\n|-damage|p2b: Floette|34/100\n|move|p2b: Floette|Dazzling Gleam|p1a: Palafin|[spread] p1a,p1b\n|-damage|p1a: Palafin|0 fnt\n|-damage|p1b: Whimsicott|0 fnt\n|faint|p1a: Palafin\n|faint|p1b: Whimsicott\n|\n|-weather|none\n|upkeep\n|\n|t:|1776145266\n|switch|p1b: Froslass|Froslass, L50, F|33/100\n|turn|8\n|\n|t:|1776145274\n|detailschange|p1b: Froslass|Froslass-Mega, L50, F\n|-mega|p1b: Froslass|Froslass|Froslassite\n|-weather|Snowscape|[from] ability: Snow Warning|[of] p1b: Froslass\n|move|p2b: Floette|Protect|p2b: Floette\n|-singleturn|p2b: Floette|Protect\n|move|p1b: Froslass|Blizzard|p2b: Floette\n|-activate|p2b: Floette|move: Protect\n|\n|-weather|Snowscape|[upkeep]\n|-sideend|p1: shin-tv07|move: Tailwind\n|upkeep\n|turn|9\n|\n|t:|1776145279\n|move|p1b: Froslass|Blizzard|p2b: Floette\n|-damage|p2b: Floette|0 fnt\n|faint|p2b: Floette\n|\n|win|shin-tv07\n|raw|shin-tv07's rating: 1142 &rarr; <strong>1173</strong><br />(+31 for winning)\n|raw|Kdog2025's rating: 1231 &rarr; <strong>1200</strong><br />(-31 for losing)\n|l|\u2606Kdog2025\n|player|p2|\n|c|\u2606shin-tv07|gg\n|c|\u2606shin-tv07|you tried\n",
  "uploadtime": 1776145286,
  "views": 15,
  "formatid": "gen9championsvgc2026regma",
  "rating": 1173,
  "private": 0,
  "password": null
}