{
  "id": "gen9championsvgc2026regma-2588327272",
  "format": "[Gen 9 Champions] VGC 2026 Reg M-A",
  "players": [
    "xomni",
    "nefffffffff"
  ],
  "log": "|j|\u2606xomni\n|j|\u2606nefffffffff\n|t:|1776624404\n|gametype|doubles\n|player|p1|xomni|1|1000\n|player|p2|nefffffffff|blackbelt-gen4|1078\n|gen|9\n|tier|[Gen 9 Champions] VGC 2026 Reg M-A\n|rated|\n|rule|Species Clause: Limit one of each Pok\u00e9mon\n|rule|Item Clause: Limit 1 of each item\n|clearpoke\n|poke|p1|Scovillain, L50, F|\n|poke|p1|Talonflame, L50, M|\n|poke|p1|Armarouge, L50, F|\n|poke|p1|Incineroar, L50, F|\n|poke|p1|Tauros-Paldea-Blaze, L50, M|\n|poke|p1|Torkoal, L50, M|\n|poke|p2|Floette-Eternal, L50, F|\n|poke|p2|Arcanine-Hisui, L50, M|\n|poke|p2|Whimsicott, L50, F|\n|poke|p2|Sneasler, L50, F|\n|poke|p2|Palafin, L50, F|\n|poke|p2|Garchomp, L50, F|\n|teampreview|4\n|\n|t:|1776624459\n|teamsize|p1|4\n|teamsize|p2|4\n|start\n|switch|p1a: Armarouge|Armarouge, L50, F|100/100\n|switch|p1b: Incineroar|Incineroar, L50, F|100/100\n|switch|p2a: Palafin|Palafin, L50, F|100/100\n|switch|p2b: Garchomp|Garchomp, L50, F|100/100\n|-ability|p1b: Incineroar|Intimidate|boost\n|-unboost|p2a: Palafin|atk|1\n|-unboost|p2b: Garchomp|atk|1\n|turn|1\n|\n|t:|1776624492\n|detailschange|p2a: Palafin|Palafin-Hero, L50, F\n|switch|p2a: Arcanine|Arcanine-Hisui, L50, M|100/100\n|-ability|p2a: Arcanine|Intimidate|boost\n|-unboost|p1a: Armarouge|atk|1\n|-unboost|p1b: Incineroar|atk|1\n|move|p1b: Incineroar|Fake Out|p2b: Garchomp\n|-damage|p2b: Garchomp|93/100\n|-damage|p1b: Incineroar|88/100|[from] ability: Rough Skin|[of] p2b: Garchomp\n|cant|p2b: Garchomp|flinch\n|move|p1a: Armarouge|Trick Room|p1a: Armarouge\n|-fieldstart|move: Trick Room|[of] p1a: Armarouge\n|\n|upkeep\n|turn|2\n|\n|t:|1776624509\n|move|p1a: Armarouge|Wide Guard|p1a: Armarouge\n|-singleturn|p1a: Armarouge|Wide Guard\n|move|p1b: Incineroar|Parting Shot|p2a: Arcanine\n|-unboost|p2a: Arcanine|atk|1\n|-unboost|p2a: Arcanine|spa|1\n|\n|t:|1776624515\n|switch|p1b: Torkoal|Torkoal, L50, M|100/100|[from] Parting Shot\n|-weather|SunnyDay|[from] ability: Drought|[of] p1b: Torkoal\n|move|p2a: Arcanine|Rock Slide|p1b: Torkoal|[spread] \n|-activate|p1a: Armarouge|move: Wide Guard\n|-activate|p1b: Torkoal|move: Wide Guard\n|move|p2b: Garchomp|Rock Slide|p1a: Armarouge|[spread] \n|-activate|p1a: Armarouge|move: Wide Guard\n|-activate|p1b: Torkoal|move: Wide Guard\n|\n|-weather|SunnyDay|[upkeep]\n|upkeep\n|turn|3\n|\n|t:|1776624547\n|switch|p2b: Palafin|Palafin-Hero, L50, F|100/100\n|-activate|p2b: Palafin|ability: Zero to Hero\n|move|p1a: Armarouge|Wide Guard|p1a: Armarouge\n|-singleturn|p1a: Armarouge|Wide Guard\n|move|p1b: Torkoal|Eruption|p2b: Palafin|[spread] p2a,p2b\n|-resisted|p2a: Arcanine|2\n|-resisted|p2b: Palafin|1\n|-damage|p2a: Arcanine|80/100\n|-damage|p2b: Palafin|57/100\n|move|p2a: Arcanine|Head Smash|p1b: Torkoal|[miss]\n|-miss|p2a: Arcanine|p1b: Torkoal\n|\n|-weather|SunnyDay|[upkeep]\n|upkeep\n|turn|4\n|\n|t:|1776624569\n|switch|p1a: Incineroar|Incineroar, L50, F|88/100\n|-ability|p1a: Incineroar|Intimidate|boost\n|-unboost|p2a: Arcanine|atk|1\n|-unboost|p2b: Palafin|atk|1\n|move|p1b: Torkoal|Protect|p1b: Torkoal\n|-singleturn|p1b: Torkoal|Protect\n|move|p2b: Palafin|Jet Punch|p1b: Torkoal\n|-activate|p1b: Torkoal|move: Protect\n|move|p2a: Arcanine|Head Smash|p1a: Incineroar\n|-supereffective|p1a: Incineroar|1\n|-crit|p1a: Incineroar\n|-damage|p1a: Incineroar|0 fnt\n|faint|p1a: Incineroar\n|-damage|p2a: Arcanine|36/100|[from] Recoil\n|\n|-weather|SunnyDay|[upkeep]\n|upkeep\n|\n|t:|1776624589\n|switch|p1a: Scovillain|Scovillain, L50, F|100/100\n|turn|5\n|\n|t:|1776624594\n|detailschange|p1a: Scovillain|Scovillain-Mega, L50, F\n|-mega|p1a: Scovillain|Scovillain|Scovillainite\n|move|p2a: Arcanine|Protect|p2a: Arcanine\n|-singleturn|p2a: Arcanine|Protect\n|move|p2b: Palafin|Protect|p2b: Palafin\n|-singleturn|p2b: Palafin|Protect\n|move|p1a: Scovillain|Rage Powder|p1a: Scovillain\n|-singleturn|p1a: Scovillain|move: Rage Powder\n|move|p1b: Torkoal|Eruption|p2b: Palafin|[spread] \n|-activate|p2a: Arcanine|move: Protect\n|-activate|p2b: Palafin|move: Protect\n|\n|-weather|SunnyDay|[upkeep]\n|-fieldend|move: Trick Room\n|upkeep\n|turn|6\n|\n|t:|1776624628\n|move|p1b: Torkoal|Protect|p1b: Torkoal\n|-singleturn|p1b: Torkoal|Protect\n|move|p2b: Palafin|Wave Crash|p1b: Torkoal\n|-activate|p1b: Torkoal|move: Protect\n|move|p1a: Scovillain|Leaf Storm|p2b: Palafin\n|-supereffective|p2b: Palafin|1\n|-damage|p2b: Palafin|0 fnt\n|-unboost|p1a: Scovillain|spa|2\n|faint|p2b: Palafin\n|move|p2a: Arcanine|Rock Slide|p1b: Torkoal|[spread] p1a\n|-activate|p1b: Torkoal|move: Protect\n|-supereffective|p1a: Scovillain|1\n|-damage|p1a: Scovillain|64/100\n|-immune|p2a: Arcanine\n|\n|-weather|none\n|upkeep\n|\n|t:|1776624636\n|switch|p2b: Garchomp|Garchomp, L50, F|93/100\n|turn|7\n|\n|t:|1776624662\n|switch|p1b: Armarouge|Armarouge, L50, F|100/100\n|move|p2b: Garchomp|Rock Slide|p1a: Scovillain|[spread] p1b\n|-miss|p2b: Garchomp|p1a: Scovillain\n|-supereffective|p1b: Armarouge|1\n|-enditem|p1b: Armarouge|Charti Berry|[eat]\n|-enditem|p1b: Armarouge|Charti Berry|[weaken]\n|-damage|p1b: Armarouge|87/100\n|move|p1a: Scovillain|Leaf Storm|p2a: Arcanine\n|-damage|p2a: Arcanine|3/100\n|-unboost|p1a: Scovillain|spa|2\n|move|p2a: Arcanine|Rock Slide|p1b: Armarouge|[spread] p1a,p1b\n|-supereffective|p1a: Scovillain|1\n|-supereffective|p1b: Armarouge|1\n|-damage|p1a: Scovillain|30/100\n|-damage|p1b: Armarouge|67/100\n|-immune|p2a: Arcanine\n|\n|upkeep\n|turn|8\n|\n|t:|1776624697\n|switch|p2b: Whimsicott|Whimsicott, L50, F|100/100\n|move|p1a: Scovillain|Leaf Storm|p2b: Whimsicott\n|-resisted|p2b: Whimsicott|1\n|-damage|p2b: Whimsicott|85/100\n|-unboost|p1a: Scovillain|spa|2\n|move|p2a: Arcanine|Head Smash|p1a: Scovillain\n|-supereffective|p1a: Scovillain|1\n|-damage|p1a: Scovillain|0 fnt\n|-immune|p2a: Arcanine\n|faint|p1a: Scovillain\n|-damage|p2a: Arcanine|0 fnt|[from] Recoil\n|faint|p2a: Arcanine\n|move|p1b: Armarouge|Trick Room|p1b: Armarouge\n|-fieldstart|move: Trick Room|[of] p1b: Armarouge\n|\n|upkeep\n|\n|t:|1776624713\n|switch|p2a: Garchomp|Garchomp, L50, F|93/100\n|switch|p1a: Torkoal|Torkoal, L50, M|100/100\n|-weather|SunnyDay|[from] ability: Drought|[of] p1a: Torkoal\n|turn|9\n|\n|t:|1776624724\n|move|p2b: Whimsicott|Protect|p2b: Whimsicott\n|-singleturn|p2b: Whimsicott|Protect\n|move|p1a: Torkoal|Eruption|p2a: Garchomp|[spread] p2a\n|-activate|p2b: Whimsicott|move: Protect\n|-resisted|p2a: Garchomp|1\n|-damage|p2a: Garchomp|43/100\n|move|p1b: Armarouge|Psychic|p2a: Garchomp\n|-damage|p2a: Garchomp|2/100\n|move|p2a: Garchomp|Dragon Claw|p1a: Torkoal\n|-damage|p1a: Torkoal|64/100\n|\n|-weather|SunnyDay|[upkeep]\n|upkeep\n|turn|10\n|\n|t:|1776624743\n|move|p2b: Whimsicott|Encore|p1b: Armarouge\n|-start|p1b: Armarouge|Encore\n|move|p1a: Torkoal|Overheat|p2b: Whimsicott\n|-supereffective|p2b: Whimsicott|1\n|-damage|p2b: Whimsicott|0 fnt\n|-unboost|p1a: Torkoal|spa|2\n|faint|p2b: Whimsicott\n|move|p1b: Armarouge|Psychic|p2a: Garchomp\n|-damage|p2a: Garchomp|0 fnt\n|faint|p2a: Garchomp\n|\n|win|xomni\n|raw|xomni's rating: 1000 &rarr; <strong>1049</strong><br />(+49 for winning)\n|raw|nefffffffff's rating: 1078 &rarr; <strong>1052</strong><br />(-26 for losing)\n|l|\u2606nefffffffff\n|player|p2|\n",
  "uploadtime": 1776624756,
  "views": 14,
  "formatid": "gen9championsvgc2026regma",
  "rating": 1049,
  "private": 0,
  "password": null
}