{
  "id": "gen9championsvgc2026regma-2586003547",
  "format": "[Gen 9 Champions] VGC 2026 Reg M-A",
  "players": [
    "stuggle(ing) bug",
    "DanielP4l4d1n0"
  ],
  "log": "|j|\u2606stuggle(ing) bug\n|j|\u2606DanielP4l4d1n0\n|t:|1776389335\n|gametype|doubles\n|player|p1|stuggle(ing) bug|pokemaniac|\n|player|p2|DanielP4l4d1n0|ivor|\n|gen|9\n|tier|[Gen 9 Champions] VGC 2026 Reg M-A\n|rated|Tournament battle\n|rule|Species Clause: Limit one of each Pok\u00e9mon\n|rule|Item Clause: Limit 1 of each item\n|raw|<div class=\"infobox\"><details class=\"readmore\" open><summary><strong>1 custom rule:</strong></summary> Force Open Team Sheets</details></div>\n|clearpoke\n|poke|p1|Delphox, L50, M|\n|poke|p1|Garchomp, L50, F|\n|poke|p1|Sneasler, L50, F|\n|poke|p1|Sinistcha, L50|\n|poke|p1|Rotom-Wash, L50|\n|poke|p1|Meganium, L50, F|\n|poke|p2|Kangaskhan, L50, F|\n|poke|p2|Incineroar, L50, M|\n|poke|p2|Azumarill, L50, F|\n|poke|p2|Sinistcha, L50|\n|poke|p2|Dragapult, L50, M|\n|poke|p2|Glimmora, L50, M|\n|teampreview|4\n|showteam|p1|Delphox||Delphoxite|Blaze|HeatWave,Psychic,Protect,NastyPlot|||M|||50|]Garchomp||ChoiceScarf|RoughSkin|Earthquake,DragonClaw,RockSlide,Bulldoze|||F|||50|]Sneasler||WhiteHerb|Unburden|CloseCombat,DireClaw,Protect,FakeOut|||F|||50|]Sinistcha||SitrusBerry|Hospitality|MatchaGotcha,RagePowder,TrickRoom,Imprison||||||50|]Rotom-Wash||Magnet|Levitate|HydroPump,VoltSwitch,Discharge,Electroweb||||||50|]Meganium||Meganiumite|Overgrow|SolarBeam,DazzlingGleam,WeatherBall,Protect|||F|||50|\n|showteam|p2|Kangaskhan||Kangaskhanite|Scrappy|FakeOut,DoubleEdge,SuckerPunch,LowKick|||F|||50|]Incineroar||ChopleBerry|Intimidate|FlareBlitz,ThroatChop,FakeOut,PartingShot|||M|||50|]Azumarill||SitrusBerry|HugePower|AquaJet,PlayRough,BellyDrum,Protect|||F|||50|]Sinistcha||MentalHerb|Hospitality|MatchaGotcha,Imprison,RagePowder,TrickRoom||||||50|]Dragapult||FocusSash|ClearBody|DragonDarts,PhantomForce,WillOWisp,Protect|||M|||50|]Glimmora||Glimmoranite|ToxicDebris|SludgeBomb,PowerGem,EarthPower,SpikyShield|||M|||50|\n|inactive|Battle timer is ON: inactive players will automatically lose when time's up. (requested by DanielP4l4d1n0)\n|inactive|stuggle(ing) bug also wants the timer to be on.\n|c|\u2606stuggle(ing) bug|glhf!\n|c|\u2606DanielP4l4d1n0|u2\n|inactive|stuggle(ing) bug has 60 seconds left.\n|inactive|DanielP4l4d1n0 has 60 seconds left.\n|inactive|stuggle(ing) bug has 30 seconds left.\n|inactive|stuggle(ing) bug has 20 seconds left.\n|inactive|stuggle(ing) bug has 15 seconds left.\n|\n|t:|1776389413\n|teamsize|p1|4\n|teamsize|p2|4\n|start\n|switch|p1a: Sinistcha|Sinistcha, L50|100/100\n|switch|p1b: Delphox|Delphox, L50, M|100/100\n|switch|p2a: Incineroar|Incineroar, L50, M|100/100\n|switch|p2b: Amarelorill|Azumarill, L50, F, shiny|100/100\n|-ability|p2a: Incineroar|Intimidate|boost\n|-unboost|p1a: Sinistcha|atk|1\n|-unboost|p1b: Delphox|atk|1\n|turn|1\n|j| Xmann0025\n|inactive|stuggle(ing) bug has 30 seconds left.\n|\n|t:|1776389442\n|switch|p1b: Garchomp|Garchomp, L50, F|100/100\n|switch|p2b: Kangaskhan|Kangaskhan, L50, F|100/100\n|move|p2a: Incineroar|Fake Out|p1b: Garchomp\n|-damage|p1b: Garchomp|90/100\n|-damage|p2a: Incineroar|88/100|[from] ability: Rough Skin|[of] p1b: Garchomp\n|move|p1a: Sinistcha|Matcha Gotcha|p2b: Kangaskhan|[spread] p2a,p2b\n|-resisted|p2a: Incineroar|1\n|-crit|p2a: Incineroar\n|-crit|p2b: Kangaskhan\n|-damage|p2a: Incineroar|76/100\n|-damage|p2b: Kangaskhan|62/100\n|\n|upkeep\n|turn|2\n|l| Xmann0025\n|j|+skymin<3\n|inactive|stuggle(ing) bug has 30 seconds left.\n|l|+skymin<3\n|inactive|stuggle(ing) bug has 20 seconds left.\n|inactive|stuggle(ing) bug has 15 seconds left.\n|inactive|stuggle(ing) bug has 10 seconds left.\n|j| Thefastpig\n|\n|t:|1776389492\n|move|p2b: Kangaskhan|Fake Out|p1b: Garchomp\n|-damage|p1b: Garchomp|70/100\n|-damage|p2b: Kangaskhan|50/100|[from] ability: Rough Skin|[of] p1b: Garchomp\n|cant|p1b: Garchomp|flinch\n|move|p1a: Sinistcha|Matcha Gotcha|p2b: Kangaskhan|[spread] p2a,p2b\n|-resisted|p2a: Incineroar|1\n|-damage|p2a: Incineroar|67/100\n|-damage|p2b: Kangaskhan|24/100\n|move|p2a: Incineroar|Parting Shot|p1b: Garchomp\n|-unboost|p1b: Garchomp|atk|1\n|-unboost|p1b: Garchomp|spa|1\n|\n|t:|1776389500\n|switch|p2a: Sinistcha|Sinistcha, L50|100/100|[from] Parting Shot\n|-heal|p2b: Kangaskhan|49/100|[from] ability: Hospitality|[of] p2a: Sinistcha\n|\n|upkeep\n|turn|3\n|inactive|stuggle(ing) bug has 30 seconds left.\n|inactive|stuggle(ing) bug has 20 seconds left.\n|\n|t:|1776389538\n|switch|p1b: Delphox|Delphox, L50, M|100/100\n|switch|p2b: Amarelorill|Azumarill, L50, F, shiny|100/100\n|move|p2a: Sinistcha|Imprison|p2a: Sinistcha\n|-start|p2a: Sinistcha|move: Imprison\n|cant|p1a: Sinistcha|move: Imprison|Imprison\n|\n|upkeep\n|turn|4\n|\n|t:|1776389558\n|switch|p2a: Incineroar|Incineroar, L50, M|67/100\n|-ability|p2a: Incineroar|Intimidate|boost\n|-unboost|p1a: Sinistcha|atk|1\n|-unboost|p1b: Delphox|atk|1\n|switch|p1a: Garchomp|Garchomp, L50, F|70/100\n|detailschange|p1b: Delphox|Delphox-Mega, L50, M\n|-mega|p1b: Delphox|Delphox|Delphoxite\n|move|p1b: Delphox|Heat Wave|p2b: Amarelorill|[spread] p2a,p2b\n|-resisted|p2a: Incineroar|1\n|-resisted|p2b: Amarelorill|1\n|-damage|p2a: Incineroar|52/100\n|-damage|p2b: Amarelorill|76/100\n|move|p2b: Amarelorill|Belly Drum|p2b: Amarelorill\n|-damage|p2b: Amarelorill|26/100\n|-setboost|p2b: Amarelorill|atk|6|[from] move: Belly Drum\n|-enditem|p2b: Amarelorill|Sitrus Berry|[eat]\n|-heal|p2b: Amarelorill|51/100|[from] item: Sitrus Berry\n|\n|upkeep\n|turn|5\n|inactive|stuggle(ing) bug has 30 seconds left.\n|inactive|DanielP4l4d1n0 has 30 seconds left.\n|\n|t:|1776389593\n|switch|p1a: Sinistcha|Sinistcha, L50|100/100\n|switch|p2a: Sinistcha|Sinistcha, L50|100/100\n|-heal|p2b: Amarelorill|76/100|[from] ability: Hospitality|[of] p2a: Sinistcha\n|move|p1b: Delphox|Protect|p1b: Delphox\n|-singleturn|p1b: Delphox|Protect\n|move|p2b: Amarelorill|Aqua Jet|p1b: Delphox\n|-activate|p1b: Delphox|move: Protect\n|\n|upkeep\n|turn|6\n|inactive|DanielP4l4d1n0 has 30 seconds left.\n|inactive|DanielP4l4d1n0 has 20 seconds left.\n|inactive|DanielP4l4d1n0 has 15 seconds left.\n|\n|t:|1776389634\n|switch|p1a: Sneasler|Sneasler, L50, F|100/100\n|move|p2b: Amarelorill|Protect|p2b: Amarelorill\n|-singleturn|p2b: Amarelorill|Protect\n|move|p1b: Delphox|Nasty Plot|p1b: Delphox\n|-boost|p1b: Delphox|spa|2\n|move|p2a: Sinistcha|Imprison|p2a: Sinistcha\n|-start|p2a: Sinistcha|move: Imprison\n|\n|upkeep\n|turn|7\n|j| teal_knight\n|inactive|DanielP4l4d1n0 has 30 seconds left.\n|\n|t:|1776389668\n|switch|p2a: Incineroar|Incineroar, L50, M|52/100\n|-ability|p2a: Incineroar|Intimidate|boost\n|-unboost|p1a: Sneasler|atk|1\n|-unboost|p1b: Delphox|atk|1\n|-enditem|p1a: Sneasler|White Herb\n|-clearnegativeboost|p1a: Sneasler|[silent]\n|move|p2b: Amarelorill|Protect||[still]\n|-fail|p2b: Amarelorill\n|move|p1a: Sneasler|Fake Out|p2b: Amarelorill\n|-damage|p2b: Amarelorill|62/100\n|move|p1b: Delphox|Heat Wave|p2b: Amarelorill|[spread] p2a,p2b\n|-resisted|p2a: Incineroar|1\n|-resisted|p2b: Amarelorill|1\n|-damage|p2a: Incineroar|23/100\n|-damage|p2b: Amarelorill|15/100\n|\n|upkeep\n|turn|8\n|inactive|DanielP4l4d1n0 has 30 seconds left.\n|\n|t:|1776389694\n|switch|p1a: Sinistcha|Sinistcha, L50|100/100\n|switch|p2a: Sinistcha|Sinistcha, L50|100/100\n|-heal|p2b: Amarelorill|40/100|[from] ability: Hospitality|[of] p2a: Sinistcha\n|move|p1b: Delphox|Protect|p1b: Delphox\n|-singleturn|p1b: Delphox|Protect\n|move|p2b: Amarelorill|Play Rough|p1a: Sinistcha\n|-damage|p1a: Sinistcha|0 fnt\n|faint|p1a: Sinistcha\n|\n|upkeep\n|\n|t:|1776389704\n|switch|p1a: Sneasler|Sneasler, L50, F|100/100\n|turn|9\n|inactive|stuggle(ing) bug has 30 seconds left.\n|inactive|DanielP4l4d1n0 has 30 seconds left.\n|inactive|stuggle(ing) bug has 20 seconds left.\n|inactive|DanielP4l4d1n0 has 20 seconds left.\n|\n|t:|1776389743\n|move|p2b: Amarelorill|Protect|p2b: Amarelorill\n|-singleturn|p2b: Amarelorill|Protect\n|move|p1a: Sneasler|Fake Out|p2b: Amarelorill\n|-activate|p2b: Amarelorill|move: Protect\n|move|p1b: Delphox|Heat Wave|p2b: Amarelorill|[spread] p2a\n|-activate|p2b: Amarelorill|move: Protect\n|-supereffective|p2a: Sinistcha|1\n|-damage|p2a: Sinistcha|0 fnt\n|faint|p2a: Sinistcha\n|\n|upkeep\n|\n|t:|1776389752\n|switch|p2a: Incineroar|Incineroar, L50, M|23/100\n|-ability|p2a: Incineroar|Intimidate|boost\n|-unboost|p1a: Sneasler|atk|1\n|-unboost|p1b: Delphox|atk|1\n|turn|10\n|\n|t:|1776389763\n|move|p1b: Delphox|Protect|p1b: Delphox\n|-singleturn|p1b: Delphox|Protect\n|move|p1a: Sneasler|Protect|p1a: Sneasler\n|-singleturn|p1a: Sneasler|Protect\n|move|p2a: Incineroar|Fake Out|p1b: Delphox\n|-activate|p1b: Delphox|move: Protect\n|move|p2b: Amarelorill|Aqua Jet|p1a: Sneasler\n|-activate|p1a: Sneasler|move: Protect\n|\n|upkeep\n|turn|11\n|inactive|DanielP4l4d1n0 has 30 seconds left.\n|inactive|DanielP4l4d1n0 has 20 seconds left.\n|inactive|DanielP4l4d1n0 has 15 seconds left.\n|inactive|stuggle(ing) bug has 30 seconds left.\n|inactive|DanielP4l4d1n0 has 10 seconds left.\n|inactive|stuggle(ing) bug has 20 seconds left.\n|\n|t:|1776389818\n|move|p2b: Amarelorill|Aqua Jet|p1b: Delphox\n|-supereffective|p1b: Delphox|1\n|-damage|p1b: Delphox|0 fnt\n|faint|p1b: Delphox\n|move|p1a: Sneasler|Dire Claw|p2b: Amarelorill\n|-supereffective|p2b: Amarelorill|1\n|-damage|p2b: Amarelorill|0 fnt\n|faint|p2b: Amarelorill\n|move|p2a: Incineroar|Parting Shot|p1a: Sneasler\n|-unboost|p1a: Sneasler|atk|1\n|-unboost|p1a: Sneasler|spa|1\n|\n|t:|1776389836\n|switch|p2a: Kangaskhan|Kangaskhan, L50, F|49/100|[from] Parting Shot\n|\n|upkeep\n|\n|t:|1776389840\n|switch|p1b: Garchomp|Garchomp, L50, F|70/100\n|switch|p2b: Incineroar|Incineroar, L50, M|23/100\n|-ability|p2b: Incineroar|Intimidate|boost\n|-unboost|p1a: Sneasler|atk|1\n|-unboost|p1b: Garchomp|atk|1\n|turn|12\n|inactive|stuggle(ing) bug has 30 seconds left.\n|inactive|DanielP4l4d1n0 has 30 seconds left.\n|l| teal_knight\n|inactive|stuggle(ing) bug has 20 seconds left.\n|inactive|stuggle(ing) bug has 15 seconds left.\n|\n|t:|1776389888\n|detailschange|p2a: Kangaskhan|Kangaskhan-Mega, L50, F\n|-mega|p2a: Kangaskhan|Kangaskhan|Kangaskhanite\n|move|p2b: Incineroar|Fake Out|p1b: Garchomp\n|-damage|p1b: Garchomp|60/100\n|-damage|p2b: Incineroar|10/100|[from] ability: Rough Skin|[of] p1b: Garchomp\n|cant|p1b: Garchomp|flinch\n|move|p1a: Sneasler|Close Combat|p2a: Kangaskhan\n|-supereffective|p2a: Kangaskhan|1\n|-damage|p2a: Kangaskhan|6/100\n|-unboost|p1a: Sneasler|def|1\n|-unboost|p1a: Sneasler|spd|1\n|move|p2a: Kangaskhan|Double-Edge|p1b: Garchomp\n|-damage|p1b: Garchomp|0 fnt\n|-damage|p2a: Kangaskhan|0 fnt|[from] ability: Rough Skin|[of] p1b: Garchomp\n|faint|p1b: Garchomp\n|faint|p2a: Kangaskhan\n|-hitcount|p1: Garchomp|1\n|\n|upkeep\n|turn|13\n|\n|t:|1776389902\n|move|p1a: Sneasler|Close Combat|p2b: Incineroar\n|-supereffective|p2b: Incineroar|1\n|-enditem|p2b: Incineroar|Chople Berry|[eat]\n|-enditem|p2b: Incineroar|Chople Berry|[weaken]\n|-damage|p2b: Incineroar|0 fnt\n|-unboost|p1a: Sneasler|def|1\n|-unboost|p1a: Sneasler|spd|1\n|faint|p2b: Incineroar\n|\n|win|stuggle(ing) bug\n|n|\u2606stuggle(ing) bug|stuggleingbug\n|n|\u2606DanielP4l4d1n0|danielp4l4d1n0\n|n| Thefastpig|thefastpig\n|c|\u2606stuggle(ing) bug|ggs\n|c|\u2606DanielP4l4d1n0|gg\n|l|\u2606DanielP4l4d1n0\n|player|p2|\n",
  "uploadtime": 1776389912,
  "views": 25,
  "formatid": "gen9championsvgc2026regma",
  "rating": null,
  "private": 0,
  "password": null
}