{
  "id": "gen9championsvgc2026regma-2581202932",
  "format": "[Gen 9 Champions] VGC 2026 Reg M-A",
  "players": [
    "j bbl4",
    "pokemon_oofer"
  ],
  "log": "|j|\u2606j bbl4\n|j|\u2606pokemon_oofer\n|t:|1775970313\n|gametype|doubles\n|player|p1|j bbl4|101|1072\n|player|p2|pokemon_oofer|miku-ground|1000\n|gen|9\n|tier|[Gen 9 Champions] VGC 2026 Reg M-A\n|rated|\n|rule|Species Clause: Limit one of each Pok\u00e9mon\n|rule|Item Clause: Limit 1 of each item\n|clearpoke\n|poke|p1|Milotic, L50, F|\n|poke|p1|Dragonite, L50, M|\n|poke|p1|Klefki, L50, F|\n|poke|p1|Sneasler, L50, M|\n|poke|p1|Pelipper, L50, M|\n|poke|p1|Basculegion, L50, M|\n|poke|p2|Froslass, L50, F|\n|poke|p2|Dragonite, L50, M|\n|poke|p2|Drampa, L50, M|\n|poke|p2|Incineroar, L50, M|\n|poke|p2|Sneasler, L50, F|\n|poke|p2|Whimsicott, L50, M|\n|teampreview|4\n|\n|t:|1775970339\n|teamsize|p1|4\n|teamsize|p2|4\n|start\n|switch|p1a: Milotic|Milotic, L50, F|100/100\n|switch|p1b: Pelipper|Pelipper, L50, M|100/100\n|switch|p2a: Drampa|Drampa, L50, M|100/100\n|switch|p2b: Whimsicott|Whimsicott, L50, M|100/100\n|-weather|RainDance|[from] ability: Drizzle|[of] p1b: Pelipper\n|-ability|p2a: Drampa|Cloud Nine\n|turn|1\n|\n|t:|1775970357\n|move|p1a: Milotic|Ice Beam|p2a: Drampa\n|-supereffective|p2a: Drampa|1\n|-damage|p2a: Drampa|55/100\n|move|p1b: Pelipper|Hurricane|p2b: Whimsicott|[miss]\n|-miss|p1b: Pelipper|p2b: Whimsicott\n|move|p2a: Drampa|Thunderbolt|p1b: Pelipper\n|-supereffective|p1b: Pelipper|2\n|-damage|p1b: Pelipper|0 fnt\n|faint|p1b: Pelipper\n|move|p2b: Whimsicott|Trick Room|p2b: Whimsicott\n|-fieldstart|move: Trick Room|[of] p2b: Whimsicott\n|\n|-weather|RainDance|[upkeep]\n|upkeep\n|\n|t:|1775970370\n|switch|p1b: Klefki|Klefki, L50, F|100/100\n|turn|2\n|\n|t:|1775970382\n|detailschange|p2a: Drampa|Drampa-Mega, L50, M\n|-mega|p2a: Drampa|Drampa|Drampanite\n|move|p2b: Whimsicott|Helping Hand|p2a: Drampa\n|-singleturn|p2a: Drampa|Helping Hand|[of] p2b: Whimsicott\n|move|p1b: Klefki|Light Screen|p1b: Klefki\n|-sidestart|p1: j bbl4|move: Light Screen\n|move|p2a: Drampa|Thunderbolt|p1a: Milotic\n|-supereffective|p1a: Milotic|1\n|-damage|p1a: Milotic|52/100\n|move|p1a: Milotic|Alluring Voice|p2a: Drampa\n|-supereffective|p2a: Drampa|1\n|-damage|p2a: Drampa|22/100\n|-ability|p2a: Drampa|Berserk|boost\n|-boost|p2a: Drampa|spa|1\n|\n|-weather|RainDance|[upkeep]\n|upkeep\n|turn|3\n|\n|t:|1775970416\n|switch|p2a: Incineroar|Incineroar, L50, M|100/100\n|-ability|p2a: Incineroar|Intimidate|boost\n|-unboost|p1a: Milotic|atk|1\n|-unboost|p1b: Klefki|atk|1\n|move|p1b: Klefki|Reflect|p1b: Klefki\n|-sidestart|p1: j bbl4|Reflect\n|move|p2b: Whimsicott|Encore|p1b: Klefki\n|-start|p1b: Klefki|Encore\n|-enditem|p1b: Klefki|Mental Herb\n|-end|p1b: Klefki|Encore\n|move|p1a: Milotic|Ice Beam|p2a: Incineroar\n|-resisted|p2a: Incineroar|1\n|-damage|p2a: Incineroar|90/100\n|-status|p2a: Incineroar|frz\n|\n|-weather|RainDance|[upkeep]\n|upkeep\n|turn|4\n|\n|t:|1775970449\n|-curestatus|p2a: Incineroar|frz|[msg]\n|move|p2a: Incineroar|Fake Out|p1a: Milotic\n|-damage|p1a: Milotic|46/100\n|move|p2b: Whimsicott|Encore|p1b: Klefki\n|-start|p1b: Klefki|Encore\n|move|p1b: Klefki|Reflect||[still]\n|-fail|p1b: Klefki\n|cant|p1a: Milotic|flinch\n|\n|-weather|RainDance|[upkeep]\n|upkeep\n|turn|5\n|\n|t:|1775970485\n|switch|p1b: Dragonite|Dragonite, L50, M|100/100\n|move|p2b: Whimsicott|Tailwind|p2b: Whimsicott\n|-sidestart|p2: pokemon_oofer|move: Tailwind\n|move|p1a: Milotic|Ice Beam|p2b: Whimsicott\n|-supereffective|p2b: Whimsicott|1\n|-damage|p2b: Whimsicott|48/100\n|move|p2a: Incineroar|Parting Shot|p1a: Milotic\n|-unboost|p1a: Milotic|atk|1\n|-unboost|p1a: Milotic|spa|1\n|\n|t:|1775970499\n|switch|p2a: Dragonite|Dragonite, L50, M|100/100|[from] Parting Shot\n|\n|-weather|none\n|-fieldend|move: Trick Room\n|upkeep\n|turn|6\n|\n|t:|1775970523\n|switch|p1a: Klefki|Klefki, L50, F|100/100\n|detailschange|p1b: Dragonite|Dragonite-Mega, L50, M\n|-mega|p1b: Dragonite|Dragonite|Dragoninite\n|move|p2b: Whimsicott|Helping Hand|p2a: Dragonite\n|-singleturn|p2a: Dragonite|Helping Hand|[of] p2b: Whimsicott\n|move|p2a: Dragonite|Ice Beam|p1b: Dragonite\n|-supereffective|p1b: Dragonite|2\n|-damage|p1b: Dragonite|46/100\n|move|p1b: Dragonite|Flamethrower|p2b: Whimsicott\n|-supereffective|p2b: Whimsicott|1\n|-damage|p2b: Whimsicott|0 fnt\n|faint|p2b: Whimsicott\n|\n|-sideend|p1: j bbl4|move: Light Screen\n|upkeep\n|\n|t:|1775970536\n|switch|p2b: Incineroar|Incineroar, L50, M|90/100\n|-ability|p2b: Incineroar|Intimidate|boost\n|-unboost|p1a: Klefki|atk|1\n|-unboost|p1b: Dragonite|atk|1\n|turn|7\n|\n|t:|1775970551\n|switch|p1b: Milotic|Milotic, L50, F|46/100\n|move|p2b: Incineroar|Fake Out|p1a: Klefki\n|-resisted|p1a: Klefki|1\n|-damage|p1a: Klefki|97/100\n|cant|p1a: Klefki|flinch\n|move|p2a: Dragonite|Draco Meteor|p1b: Milotic\n|-damage|p1b: Milotic|8/100\n|-unboost|p2a: Dragonite|spa|2\n|-enditem|p2a: Dragonite|White Herb\n|-clearnegativeboost|p2a: Dragonite|[silent]\n|\n|-sideend|p1: j bbl4|Reflect\n|upkeep\n|turn|8\n|\n|t:|1775970574\n|move|p1b: Milotic|Protect|p1b: Milotic\n|-singleturn|p1b: Milotic|Protect\n|move|p2a: Dragonite|Extreme Speed|p1b: Milotic\n|-activate|p1b: Milotic|move: Protect\n|move|p2b: Incineroar|Parting Shot|p1a: Klefki\n|-unboost|p1a: Klefki|atk|1\n|-unboost|p1a: Klefki|spa|1\n|\n|t:|1775970582\n|switch|p2b: Drampa|Drampa-Mega, L50, M|22/100|[from] Parting Shot\n|move|p1a: Klefki|Dazzling Gleam|p2b: Drampa|[spread] p2a,p2b\n|-supereffective|p2a: Dragonite|1\n|-supereffective|p2b: Drampa|1\n|-damage|p2a: Dragonite|89/100\n|-damage|p2b: Drampa|4/100\n|\n|-sideend|p2: pokemon_oofer|move: Tailwind\n|upkeep\n|turn|9\n|\n|t:|1775970598\n|move|p2a: Dragonite|Extreme Speed|p1b: Milotic\n|-damage|p1b: Milotic|0 fnt\n|faint|p1b: Milotic\n|move|p1a: Klefki|Dazzling Gleam|p2b: Drampa|[spread] p2a,p2b\n|-supereffective|p2a: Dragonite|1\n|-supereffective|p2b: Drampa|1\n|-damage|p2a: Dragonite|68/100\n|-damage|p2b: Drampa|0 fnt\n|faint|p2b: Drampa\n|\n|upkeep\n|\n|t:|1775970607\n|switch|p1b: Dragonite|Dragonite-Mega, L50, M|46/100\n|switch|p2b: Incineroar|Incineroar, L50, M|90/100\n|-ability|p2b: Incineroar|Intimidate|boost\n|-unboost|p1a: Klefki|atk|1\n|-unboost|p1b: Dragonite|atk|1\n|turn|10\n|\n|t:|1775970639\n|move|p2b: Incineroar|Fake Out|p1b: Dragonite\n|-damage|p1b: Dragonite|37/100\n|move|p1a: Klefki|Reflect|p1a: Klefki\n|-sidestart|p1: j bbl4|Reflect\n|cant|p1b: Dragonite|flinch\n|move|p2a: Dragonite|Ice Beam|p1b: Dragonite\n|-supereffective|p1b: Dragonite|2\n|-crit|p1b: Dragonite\n|-damage|p1b: Dragonite|0 fnt\n|faint|p1b: Dragonite\n|\n|upkeep\n|turn|11\n|\n|t:|1775970655\n|move|p1a: Klefki|Dazzling Gleam|p2b: Incineroar|[spread] p2a,p2b\n|-supereffective|p2a: Dragonite|1\n|-damage|p2a: Dragonite|47/100\n|-damage|p2b: Incineroar|79/100\n|move|p2a: Dragonite|Ice Beam|p1a: Klefki\n|-resisted|p1a: Klefki|1\n|-damage|p1a: Klefki|81/100\n|-status|p1a: Klefki|frz\n|move|p2b: Incineroar|Flare Blitz|p1a: Klefki\n|-supereffective|p1a: Klefki|1\n|-damage|p1a: Klefki|27/100 frz\n|-curestatus|p1a: Klefki|frz|[msg]\n|-damage|p2b: Incineroar|65/100|[from] Recoil\n|\n|upkeep\n|turn|12\n|\n|t:|1775970668\n|move|p1a: Klefki|Dazzling Gleam|p2a: Dragonite|[spread] p2a,p2b\n|-supereffective|p2a: Dragonite|1\n|-damage|p2a: Dragonite|25/100\n|-damage|p2b: Incineroar|53/100\n|move|p2a: Dragonite|Ice Beam|p1a: Klefki\n|-resisted|p1a: Klefki|1\n|-damage|p1a: Klefki|9/100\n|move|p2b: Incineroar|Flare Blitz|p1a: Klefki\n|-supereffective|p1a: Klefki|1\n|-damage|p1a: Klefki|0 fnt\n|faint|p1a: Klefki\n|-damage|p2b: Incineroar|50/100|[from] Recoil\n|-enditem|p2b: Incineroar|Sitrus Berry|[eat]\n|-heal|p2b: Incineroar|75/100|[from] item: Sitrus Berry\n|\n|win|pokemon_oofer\n|raw|j bbl4's rating: 1072 &rarr; <strong>1047</strong><br />(-25 for losing)\n|raw|pokemon_oofer's rating: 1000 &rarr; <strong>1048</strong><br />(+48 for winning)\n|c|\u2606pokemon_oofer|gg\n|l|\u2606j bbl4\n|player|p1|\n",
  "uploadtime": 1775970683,
  "views": 18,
  "formatid": "gen9championsvgc2026regma",
  "rating": 1047,
  "private": 0,
  "password": null
}