{
  "id": "gen9championsvgc2026regma-2581765809",
  "format": "[Gen 9 Champions] VGC 2026 Reg M-A",
  "players": [
    "Ophiuca",
    "shadowofroserade04"
  ],
  "log": "|j|\u2606Ophiuca\n|j|\u2606shadowofroserade04\n|t:|1776026706\n|gametype|doubles\n|player|p1|Ophiuca|winona|1206\n|player|p2|shadowofroserade04|roxie|1295\n|gen|9\n|tier|[Gen 9 Champions] VGC 2026 Reg M-A\n|rated|\n|rule|Species Clause: Limit one of each Pok\u00e9mon\n|rule|Item Clause: Limit 1 of each item\n|clearpoke\n|poke|p1|Glimmora, L50, F|\n|poke|p1|Gardevoir, L50, M|\n|poke|p1|Incineroar, L50, F|\n|poke|p1|Corviknight, L50, M|\n|poke|p1|Garchomp, L50, F|\n|poke|p1|Empoleon, L50, F|\n|poke|p2|Incineroar, L50, M|\n|poke|p2|Sneasler, L50, M|\n|poke|p2|Zoroark-Hisui, L50, M|\n|poke|p2|Sinistcha, L50|\n|poke|p2|Gardevoir, L50, M|\n|poke|p2|Drampa, L50, F|\n|teampreview|4\n|\n|t:|1776026736\n|teamsize|p1|4\n|teamsize|p2|4\n|start\n|switch|p1a: Corviknight|Corviknight, L50, M|100/100\n|switch|p1b: Incineroar|Incineroar, L50, F|100/100\n|switch|p2a: Sinistcha|Sinistcha, L50|100/100\n|switch|p2b: Gardevoir|Gardevoir, L50, M|100/100\n|-ability|p1b: Incineroar|Intimidate|boost\n|-unboost|p2a: Sinistcha|atk|1\n|-unboost|p2b: Gardevoir|atk|1\n|turn|1\n|\n|t:|1776026756\n|move|p2b: Gardevoir|Protect|p2b: Gardevoir\n|-singleturn|p2b: Gardevoir|Protect\n|move|p1b: Incineroar|Fake Out|p2b: Gardevoir\n|-activate|p2b: Gardevoir|move: Protect\n|move|p2a: Sinistcha|Taunt|p1a: Corviknight\n|-start|p1a: Corviknight|move: Taunt\n|cant|p1a: Corviknight|move: Taunt|Tailwind\n|\n|upkeep\n|turn|2\n|\n|t:|1776026774\n|detailschange|p2b: Gardevoir|Gardevoir-Mega, L50, M\n|-mega|p2b: Gardevoir|Gardevoir|Gardevoirite\n|move|p1b: Incineroar|Helping Hand|p1a: Corviknight\n|-singleturn|p1a: Corviknight|Helping Hand|[of] p1b: Incineroar\n|move|p2a: Sinistcha|Will-O-Wisp|p1a: Corviknight\n|-status|p1a: Corviknight|brn\n|move|p2b: Gardevoir|Hyper Voice|p1b: Incineroar|[spread] p1a,p1b\n|-resisted|p1a: Corviknight|1\n|-damage|p1a: Corviknight|81/100 brn\n|-damage|p1b: Incineroar|57/100\n|move|p1a: Corviknight|Iron Head|p2b: Gardevoir\n|-supereffective|p2b: Gardevoir|1\n|-crit|p2b: Gardevoir\n|-damage|p2b: Gardevoir|23/100\n|\n|-heal|p1a: Corviknight|87/100 brn|[from] item: Leftovers\n|-damage|p1a: Corviknight|81/100 brn|[from] brn\n|upkeep\n|turn|3\n|\n|t:|1776026819\n|switch|p2a: Sinistcha|Sinistcha, L50|100/100\n|-heal|p2b: Gardevoir|48/100|[from] ability: Hospitality|[of] p2a: Sinistcha\n|move|p2b: Gardevoir|Protect|p2b: Gardevoir\n|-singleturn|p2b: Gardevoir|Protect\n|move|p1a: Corviknight|Iron Head|p2b: Gardevoir\n|-activate|p2b: Gardevoir|move: Protect\n|move|p1b: Incineroar|Darkest Lariat|p2a: Sinistcha\n|-supereffective|p2a: Sinistcha|1\n|-damage|p2a: Sinistcha|39/100\n|-enditem|p2a: Sinistcha|Sitrus Berry|[eat]\n|-heal|p2a: Sinistcha|63/100|[from] item: Sitrus Berry\n|\n|-heal|p1a: Corviknight|87/100 brn|[from] item: Leftovers\n|-damage|p1a: Corviknight|81/100 brn|[from] brn\n|-end|p1a: Corviknight|move: Taunt\n|upkeep\n|turn|4\n|\n|t:|1776026846\n|move|p2a: Sinistcha|Rage Powder|p2a: Sinistcha\n|-singleturn|p2a: Sinistcha|move: Rage Powder\n|move|p2b: Gardevoir|Hyper Voice|p1a: Corviknight|[spread] p1a,p1b\n|-resisted|p1a: Corviknight|1\n|-damage|p1a: Corviknight|61/100 brn\n|-damage|p1b: Incineroar|17/100\n|move|p1a: Corviknight|Tailwind|p1a: Corviknight\n|-sidestart|p1: Ophiuca|move: Tailwind\n|move|p1b: Incineroar|Flare Blitz|p2a: Sinistcha\n|-supereffective|p2a: Sinistcha|1\n|-damage|p2a: Sinistcha|0 fnt\n|faint|p2a: Sinistcha\n|-damage|p1b: Incineroar|0 fnt|[from] Recoil\n|faint|p1b: Incineroar\n|\n|-heal|p1a: Corviknight|67/100 brn|[from] item: Leftovers\n|-damage|p1a: Corviknight|61/100 brn|[from] brn\n|upkeep\n|\n|t:|1776026864\n|switch|p2a: Sneasler|Sneasler, L50, M|100/100\n|switch|p1b: Glimmora|Glimmora, L50, F|100/100\n|turn|5\n|\n|t:|1776026882\n|detailschange|p1b: Glimmora|Glimmora-Mega, L50, F\n|-mega|p1b: Glimmora|Glimmora|Glimmoranite\n|move|p2b: Gardevoir|Protect|p2b: Gardevoir\n|-singleturn|p2b: Gardevoir|Protect\n|move|p1b: Glimmora|Earth Power|p2a: Sneasler\n|-damage|p2a: Sneasler|25/100\n|replace|p2a: Zoroark|Zoroark-Hisui, L50, M\n|-end|p2a: Zoroark|Illusion\n|move|p2a: Zoroark|Bitter Malice|p1b: Glimmora\n|-damage|p1b: Glimmora|53/100\n|-unboost|p1b: Glimmora|atk|1\n|move|p1a: Corviknight|Iron Head|p2b: Gardevoir\n|-activate|p2b: Gardevoir|move: Protect\n|\n|-heal|p1a: Corviknight|67/100 brn|[from] item: Leftovers\n|-damage|p1a: Corviknight|61/100 brn|[from] brn\n|upkeep\n|turn|6\n|\n|t:|1776026914\n|switch|p2b: Sneasler|Sneasler, L50, M|100/100\n|move|p1b: Glimmora|Sludge Wave|p2a: Zoroark|[spread] p2a,p2b\n|-immune|p1a: Corviknight\n|-resisted|p2a: Zoroark|1\n|-resisted|p2b: Sneasler|1\n|-damage|p2a: Zoroark|0 fnt\n|-damage|p2b: Sneasler|65/100\n|faint|p2a: Zoroark\n|move|p1a: Corviknight|Brave Bird|p2b: Sneasler\n|-supereffective|p2b: Sneasler|1\n|-damage|p2b: Sneasler|0 fnt\n|faint|p2b: Sneasler\n|-damage|p1a: Corviknight|44/100 brn|[from] Recoil\n|\n|-heal|p1a: Corviknight|50/100 brn|[from] item: Leftovers\n|-damage|p1a: Corviknight|44/100 brn|[from] brn\n|upkeep\n|\n|t:|1776026922\n|switch|p2b: Gardevoir|Gardevoir-Mega, L50, M|48/100\n|turn|7\n|\n|t:|1776026933\n|move|p2b: Gardevoir|Protect|p2b: Gardevoir\n|-singleturn|p2b: Gardevoir|Protect\n|move|p1b: Glimmora|Sludge Wave|p2b: Gardevoir|[spread] \n|-activate|p2b: Gardevoir|move: Protect\n|-immune|p1a: Corviknight\n|move|p1a: Corviknight|Iron Head|p2b: Gardevoir\n|-activate|p2b: Gardevoir|move: Protect\n|\n|-heal|p1a: Corviknight|50/100 brn|[from] item: Leftovers\n|-damage|p1a: Corviknight|44/100 brn|[from] brn\n|-sideend|p1: Ophiuca|move: Tailwind\n|upkeep\n|turn|8\n|\n|t:|1776026939\n|move|p1b: Glimmora|Spiky Shield|p1b: Glimmora\n|-singleturn|p1b: Glimmora|move: Protect\n|move|p2b: Gardevoir|Hyper Voice|p1b: Glimmora|[spread] p1a\n|-activate|p1b: Glimmora|move: Protect\n|-resisted|p1a: Corviknight|1\n|-damage|p1a: Corviknight|22/100 brn\n|move|p1a: Corviknight|Tailwind|p1a: Corviknight\n|-sidestart|p1: Ophiuca|move: Tailwind\n|\n|-heal|p1a: Corviknight|28/100 brn|[from] item: Leftovers\n|-damage|p1a: Corviknight|22/100 brn|[from] brn\n|upkeep\n|turn|9\n|-message|shadowofroserade04 forfeited.\n|\n|win|Ophiuca\n|raw|Ophiuca's rating: 1206 &rarr; <strong>1237</strong><br />(+31 for winning)\n|raw|shadowofroserade04's rating: 1295 &rarr; <strong>1264</strong><br />(-31 for losing)\n|l|\u2606shadowofroserade04\n|player|p2|\n",
  "uploadtime": 1776026951,
  "views": 28,
  "formatid": "gen9championsvgc2026regma",
  "rating": 1237,
  "private": 0,
  "password": null
}