{
  "id": "gen9championsvgc2026regma-2580503017",
  "format": "[Gen 9 Champions] VGC 2026 Reg M-A",
  "players": [
    "Cereales_Hacendado",
    "SculoWally"
  ],
  "log": "|j|\u2606Cereales_Hacendado\n|j|\u2606SculoWally\n|t:|1775905853\n|gametype|doubles\n|player|p1|Cereales_Hacendado|ghetsis|1171\n|player|p2|SculoWally|2|1211\n|gen|9\n|tier|[Gen 9 Champions] VGC 2026 Reg M-A\n|rated|\n|rule|Species Clause: Limit one of each Pok\u00e9mon\n|rule|Item Clause: Limit 1 of each item\n|clearpoke\n|poke|p1|Aegislash, L50, F|\n|poke|p1|Corviknight, L50, M|\n|poke|p1|Starmie, L50|\n|poke|p1|Gardevoir, L50, F|\n|poke|p1|Milotic, L50, F|\n|poke|p1|Zoroark-Hisui, L50, M|\n|poke|p2|Floette-Eternal, L50, F|\n|poke|p2|Excadrill, L50, F|\n|poke|p2|Sinistcha, L50|\n|poke|p2|Sneasler, L50, F|\n|poke|p2|Altaria, L50, F|\n|poke|p2|Basculegion, L50, M|\n|teampreview|4\nCereales_Hacendado rejected open team sheets.\n|\n|t:|1775905910\n|teamsize|p1|4\n|teamsize|p2|4\n|start\n|switch|p1a: Skip leg day|Starmie, L50, shiny|100/100\n|switch|p1b: Metal Krowy|Corviknight, L50, M, shiny|100/100\n|switch|p2a: Altaria|Altaria, L50, F|100/100\n|switch|p2b: Floette|Floette-Eternal, L50, F|100/100\n|-ability|p2a: Altaria|Cloud Nine\n|turn|1\n|\n|t:|1775905939\n|detailschange|p2b: Floette|Floette-Mega, L50, F\n|-mega|p2b: Floette|Floette|Floettite\n|-ability|p2b: Floette|Fairy Aura\n|move|p1a: Skip leg day|Hyper Voice|p2a: Altaria|[spread] p2a,p2b\n|-damage|p2a: Altaria|69/100\n|-damage|p2b: Floette|77/100\n|move|p2a: Altaria|Tailwind|p2a: Altaria\n|-sidestart|p2: SculoWally|move: Tailwind\n|move|p2b: Floette|Calm Mind|p2b: Floette\n|-boost|p2b: Floette|spa|1\n|-boost|p2b: Floette|spd|1\n|move|p1b: Metal Krowy|Bulk Up|p1b: Metal Krowy\n|-boost|p1b: Metal Krowy|atk|1\n|-boost|p1b: Metal Krowy|def|1\n|\n|upkeep\n|turn|2\n|\n|t:|1775905955\n|move|p2a: Altaria|Will-O-Wisp|p1b: Metal Krowy\n|-status|p1b: Metal Krowy|brn\n|move|p2b: Floette|Draining Kiss|p1a: Skip leg day\n|-enditem|p1a: Skip leg day|Focus Sash\n|-damage|p1a: Skip leg day|1/100\n|-heal|p2b: Floette|100/100|[from] drain|[of] p1a: Skip leg day\n|replace|p1a: Ment\u00ed hist\u00f3rico|Zoroark-Hisui, L50, M\n|-end|p1a: Ment\u00ed hist\u00f3rico|Illusion\n|move|p1a: Ment\u00ed hist\u00f3rico|Hyper Voice|p2a: Altaria|[spread] p2a,p2b\n|-crit|p2b: Floette\n|-damage|p2a: Altaria|40/100\n|-damage|p2b: Floette|65/100\n|move|p1b: Metal Krowy|Brave Bird|p2b: Floette\n|-crit|p2b: Floette\n|-damage|p2b: Floette|24/100\n|-damage|p1b: Metal Krowy|88/100 brn|[from] Recoil\n|\n|-damage|p1b: Metal Krowy|82/100 brn|[from] brn\n|upkeep\n|turn|3\n|\n|t:|1775905990\n|move|p2b: Floette|Protect|p2b: Floette\n|-singleturn|p2b: Floette|Protect\n|move|p1a: Ment\u00ed hist\u00f3rico|Protect|p1a: Ment\u00ed hist\u00f3rico\n|-singleturn|p1a: Ment\u00ed hist\u00f3rico|Protect\n|move|p2a: Altaria|Draco Meteor|p1a: Ment\u00ed hist\u00f3rico\n|-activate|p1a: Ment\u00ed hist\u00f3rico|move: Protect\n|move|p1b: Metal Krowy|Brave Bird|p2b: Floette\n|-activate|p2b: Floette|move: Protect\n|\n|-damage|p1b: Metal Krowy|77/100 brn|[from] brn\n|upkeep\n|turn|4\n|\n|t:|1775906004\n|move|p1a: Ment\u00ed hist\u00f3rico|Protect||[still]\n|-fail|p1a: Ment\u00ed hist\u00f3rico\n|move|p2a: Altaria|Draco Meteor|p1a: Ment\u00ed hist\u00f3rico|[miss]\n|-miss|p2a: Altaria|p1a: Ment\u00ed hist\u00f3rico\n|move|p2b: Floette|Draining Kiss|p1b: Metal Krowy\n|-resisted|p1b: Metal Krowy|1\n|-damage|p1b: Metal Krowy|56/100 brn\n|-heal|p2b: Floette|41/100|[from] drain|[of] p1b: Metal Krowy\n|move|p1b: Metal Krowy|Brave Bird|p2b: Floette\n|-damage|p2b: Floette|16/100\n|-damage|p1b: Metal Krowy|49/100 brn|[from] Recoil\n|-enditem|p1b: Metal Krowy|Sitrus Berry|[eat]\n|-heal|p1b: Metal Krowy|74/100 brn|[from] item: Sitrus Berry\n|\n|-damage|p1b: Metal Krowy|68/100 brn|[from] brn\n|-sideend|p2: SculoWally|move: Tailwind\n|upkeep\n|turn|5\n|\n|t:|1775906028\n|move|p2b: Floette|Protect|p2b: Floette\n|-singleturn|p2b: Floette|Protect\n|move|p1a: Ment\u00ed hist\u00f3rico|Hyper Voice|p2a: Altaria|[spread] p2a\n|-activate|p2b: Floette|move: Protect\n|-damage|p2a: Altaria|4/100\n|move|p2a: Altaria|Draco Meteor|p1a: Ment\u00ed hist\u00f3rico\n|-damage|p1a: Ment\u00ed hist\u00f3rico|0 fnt\n|-unboost|p2a: Altaria|spa|2\n|faint|p1a: Ment\u00ed hist\u00f3rico\n|move|p1b: Metal Krowy|Brave Bird|p2a: Altaria\n|-damage|p2a: Altaria|0 fnt\n|faint|p2a: Altaria\n|-damage|p1b: Metal Krowy|67/100 brn|[from] Recoil\n|\n|-damage|p1b: Metal Krowy|61/100 brn|[from] brn\n|upkeep\n|\n|t:|1775906045\n|switch|p1a: Skip leg day|Starmie, L50, shiny|100/100\n|switch|p2a: Sneasler|Sneasler, L50, F|100/100\n|turn|6\n|\n|t:|1775906059\n|detailschange|p1a: Skip leg day|Starmie-Mega, L50, shiny\n|-mega|p1a: Skip leg day|Starmie|Starminite\n|move|p1a: Skip leg day|Protect|p1a: Skip leg day\n|-singleturn|p1a: Skip leg day|Protect\n|move|p2a: Sneasler|Fake Out|p1a: Skip leg day\n|-activate|p1a: Skip leg day|move: Protect\n|move|p2b: Floette|Draining Kiss|p1b: Metal Krowy\n|-resisted|p1b: Metal Krowy|1\n|-damage|p1b: Metal Krowy|41/100 brn\n|-heal|p2b: Floette|33/100|[from] drain|[of] p1b: Metal Krowy\n|move|p1b: Metal Krowy|Brave Bird|p2b: Floette\n|-damage|p2b: Floette|8/100\n|-damage|p1b: Metal Krowy|34/100 brn|[from] Recoil\n|\n|-damage|p1b: Metal Krowy|28/100 brn|[from] brn\n|upkeep\n|turn|7\n|\n|t:|1775906090\n|move|p1a: Skip leg day|Aqua Jet|p2b: Floette\n|-damage|p2b: Floette|0 fnt\n|faint|p2b: Floette\n|move|p2a: Sneasler|Close Combat|p1b: Metal Krowy\n|-damage|p1b: Metal Krowy|0 fnt\n|-unboost|p2a: Sneasler|def|1\n|-unboost|p2a: Sneasler|spd|1\n|faint|p1b: Metal Krowy\n|-enditem|p2a: Sneasler|White Herb\n|-clearnegativeboost|p2a: Sneasler|[silent]\n|\n|upkeep\n|\n|t:|1775906099\n|switch|p2b: Excadrill|Excadrill, L50, F|100/100\n|switch|p1b: I ho acceptar\u00e0s|Aegislash, L50, F|100/100\n|-ability|p2b: Excadrill|Mold Breaker\n|turn|8\n|\n|t:|1775906117\n|move|p2a: Sneasler|Dire Claw|p1a: Skip leg day\n|-damage|p1a: Skip leg day|40/100\n|move|p1a: Skip leg day|Liquidation|p2b: Excadrill\n|-supereffective|p2b: Excadrill|1\n|-enditem|p2b: Excadrill|Focus Sash\n|-damage|p2b: Excadrill|1/100\n|move|p2b: Excadrill|High Horsepower|p1b: I ho acceptar\u00e0s\n|-supereffective|p1b: I ho acceptar\u00e0s|1\n|-damage|p1b: I ho acceptar\u00e0s|24/100\n|-formechange|p1b: I ho acceptar\u00e0s|Aegislash-Blade|\n|move|p1b: I ho acceptar\u00e0s|Iron Head|p2a: Sneasler\n|-damage|p2a: Sneasler|22/100\n|\n|upkeep\n|turn|9\n|\n|t:|1775906132\n|move|p2b: Excadrill|Protect|p2b: Excadrill\n|-singleturn|p2b: Excadrill|Protect\n|move|p1a: Skip leg day|Aqua Jet|p2a: Sneasler\n|-damage|p2a: Sneasler|0 fnt\n|faint|p2a: Sneasler\n|move|p1b: I ho acceptar\u00e0s|Shadow Sneak|p2b: Excadrill\n|-activate|p2b: Excadrill|move: Protect\n|\n|upkeep\n|turn|10\n|\n|t:|1775906143\n|move|p1a: Skip leg day|Aqua Jet|p2b: Excadrill\n|-supereffective|p2b: Excadrill|1\n|-damage|p2b: Excadrill|0 fnt\n|faint|p2b: Excadrill\n|\n|win|Cereales_Hacendado\n|raw|Cereales_Hacendado's rating: 1171 &rarr; <strong>1199</strong><br />(+28 for winning)\n|raw|SculoWally's rating: 1211 &rarr; <strong>1183</strong><br />(-28 for losing)\n",
  "uploadtime": 1775906149,
  "views": 17,
  "formatid": "gen9championsvgc2026regma",
  "rating": 1183,
  "private": 0,
  "password": null
}