{
  "id": "gen9championsvgc2026regma-2584818863",
  "format": "[Gen 9 Champions] VGC 2026 Reg M-A",
  "players": [
    "stunky37",
    "sirae"
  ],
  "log": "|j|\u2606stunky37\n|j|\u2606sirae\n|t:|1776286008\n|gametype|doubles\n|player|p1|stunky37|1|1273\n|player|p2|sirae|caitlin|1348\n|gen|9\n|tier|[Gen 9 Champions] VGC 2026 Reg M-A\n|rated|\n|rule|Species Clause: Limit one of each Pok\u00e9mon\n|rule|Item Clause: Limit 1 of each item\n|clearpoke\n|poke|p1|Zoroark-Hisui, L50, M|\n|poke|p1|Floette-Eternal, L50, F|\n|poke|p1|Milotic, L50, M|\n|poke|p1|Sneasler, L50, M|\n|poke|p1|Corviknight, L50, F|\n|poke|p1|Delphox, L50, F|\n|poke|p2|Incineroar, L50, F|\n|poke|p2|Gengar, L50, F|\n|poke|p2|Archaludon, L50, F|\n|poke|p2|Farigiraf, L50, F|\n|poke|p2|Pelipper, L50, F|\n|poke|p2|Dragonite, L50, F|\n|teampreview|4\n|inactive|Battle timer is ON: inactive players will automatically lose when time's up. (requested by sirae)\n|inactive|sirae has 60 seconds left.\n|\n|t:|1776286059\n|teamsize|p1|4\n|teamsize|p2|4\n|start\n|switch|p1a: Corviknight|Corviknight, L50, F|100/100\n|switch|p1b: Sneasler|Sneasler, L50, M|100/100\n|switch|p2a: Incineroar|Incineroar, L50, F|100/100\n|switch|p2b: Gengar|Gengar, L50, F|100/100\n|-ability|p2a: Incineroar|Intimidate|boost\n|-ability|p1a: Corviknight|Mirror Armor\n|-unboost|p2a: Incineroar|atk|1\n|-unboost|p1b: Sneasler|atk|1\n|-enditem|p1b: Sneasler|White Herb\n|-clearnegativeboost|p1b: Sneasler|[silent]\n|-enditem|p2a: Incineroar|White Herb\n|-clearnegativeboost|p2a: Incineroar|[silent]\n|turn|1\n|\n|t:|1776286082\n|detailschange|p2b: Gengar|Gengar-Mega, L50, F\n|-mega|p2b: Gengar|Gengar|Gengarite\n|move|p2a: Incineroar|Fake Out|p1b: Sneasler\n|-damage|p1b: Sneasler|79/100\n|cant|p1b: Sneasler|flinch\n|move|p2b: Gengar|Perish Song|p2b: Gengar\n|-start|p1a: Corviknight|perish3|[silent]\n|-start|p1b: Sneasler|perish3|[silent]\n|-start|p2a: Incineroar|perish3|[silent]\n|-start|p2b: Gengar|perish3|[silent]\n|-fieldactivate|move: Perish Song\n|move|p1a: Corviknight|Body Press|p2a: Incineroar\n|-supereffective|p2a: Incineroar|1\n|-damage|p2a: Incineroar|50/100\n|\n|-start|p1b: Sneasler|perish3\n|-start|p2b: Gengar|perish3\n|-start|p1a: Corviknight|perish3\n|-start|p2a: Incineroar|perish3\n|upkeep\n|turn|2\n|inactive|sirae has 30 seconds left.\n|inactive|stunky37 has 30 seconds left.\n|\n|t:|1776286116\n|switch|p2a: Pelipper|Pelipper, L50, F|100/100\n|-weather|RainDance|[from] ability: Drizzle|[of] p2a: Pelipper\n|move|p1b: Sneasler|Dire Claw|p2a: Pelipper\n|-damage|p2a: Pelipper|52/100\n|move|p2b: Gengar|Disable|p1a: Corviknight\n|-start|p1a: Corviknight|Disable|Body Press\n|cant|p1a: Corviknight|Disable|Body Press\n|\n|-weather|RainDance|[upkeep]\n|-start|p1b: Sneasler|perish2\n|-start|p2b: Gengar|perish2\n|-start|p1a: Corviknight|perish2\n|upkeep\n|turn|3\n|inactive|stunky37 has 30 seconds left.\n|inactive|sirae has 30 seconds left.\n|\n|t:|1776286150\n|switch|p2a: Archaludon|Archaludon, L50, F|100/100\n|move|p1b: Sneasler|Dire Claw|p2a: Archaludon\n|-immune|p2a: Archaludon\n|move|p2b: Gengar|Disable|p1b: Sneasler\n|-start|p1b: Sneasler|Disable|Dire Claw\n|move|p1a: Corviknight|Tailwind|p1a: Corviknight\n|-sidestart|p1: stunky37|move: Tailwind\n|\n|-weather|RainDance|[upkeep]\n|-start|p1b: Sneasler|perish1\n|-start|p1a: Corviknight|perish1\n|-start|p2b: Gengar|perish1\n|upkeep\n|turn|4\n|\n|t:|1776286173\n|switch|p2b: Pelipper|Pelipper, L50, F|52/100\n|move|p1b: Sneasler|Close Combat|p2a: Archaludon\n|-supereffective|p2a: Archaludon|1\n|-crit|p2a: Archaludon\n|-damage|p2a: Archaludon|0 fnt\n|-unboost|p1b: Sneasler|def|1\n|-unboost|p1b: Sneasler|spd|1\n|faint|p2a: Archaludon\n|move|p1a: Corviknight|Iron Head|p2b: Pelipper\n|-resisted|p2b: Pelipper|1\n|-damage|p2b: Pelipper|38/100\n|-enditem|p2b: Pelipper|Sitrus Berry|[eat]\n|-heal|p2b: Pelipper|63/100|[from] item: Sitrus Berry\n|\n|-weather|RainDance|[upkeep]\n|-start|p1b: Sneasler|perish0\n|-start|p1a: Corviknight|perish0\n|faint|p1b: Sneasler\n|faint|p1a: Corviknight\n|upkeep\n|\n|t:|1776286190\n|switch|p1b: Floette|Floette-Eternal, L50, F|100/100\n|switch|p1a: Floette|Floette-Eternal, L50, F|100/100\n|switch|p2a: Gengar|Gengar-Mega, L50, F|100/100\n|turn|5\n|\n|t:|1776286211\n|detailschange|p1b: Floette|Floette-Mega, L50, F\n|-mega|p1b: Floette|Floette|Floettite\n|-ability|p1b: Floette|Fairy Aura\n|move|p2b: Pelipper|Wide Guard|p2b: Pelipper\n|-singleturn|p2b: Pelipper|Wide Guard\n|move|p1a: Floette|Shadow Ball|p2a: Gengar\n|-supereffective|p2a: Gengar|1\n|-damage|p2a: Gengar|13/100\n|move|p1b: Floette|Calm Mind|p1b: Floette\n|-boost|p1b: Floette|spa|1\n|-boost|p1b: Floette|spd|1\n|move|p2a: Gengar|Perish Song|p2a: Gengar\n|-start|p1a: Floette|perish3|[silent]\n|-start|p1b: Floette|perish3|[silent]\n|-start|p2a: Gengar|perish3|[silent]\n|-start|p2b: Pelipper|perish3|[silent]\n|-fieldactivate|move: Perish Song\n|\n|-weather|RainDance|[upkeep]\n|-start|p1a: Floette|perish3\n|-start|p1b: Floette|perish3\n|-start|p2a: Gengar|perish3\n|-start|p2b: Pelipper|perish3\n|upkeep\n|turn|6\n|inactive|stunky37 has 30 seconds left.\n|inactive|sirae has 30 seconds left.\n|\n|t:|1776286246\n|switch|p2b: Incineroar|Incineroar, L50, F|50/100\n|-ability|p2b: Incineroar|Intimidate|boost\n|-unboost|p1a: Floette|atk|1\n|-unboost|p1b: Floette|atk|1\n|move|p2a: Gengar|Protect|p2a: Gengar\n|-singleturn|p2a: Gengar|Protect\n|move|p1a: Floette|Shadow Ball|p2b: Incineroar\n|-resisted|p2b: Incineroar|1\n|-crit|p2b: Incineroar\n|-damage|p2b: Incineroar|21/100\n|move|p1b: Floette|Draining Kiss|p2a: Gengar\n|-activate|p2a: Gengar|move: Protect\n|\n|-weather|none\n|-start|p1a: Floette|perish2\n|-start|p1b: Floette|perish2\n|-start|p2a: Gengar|perish2\n|-sideend|p1: stunky37|move: Tailwind\n|upkeep\n|turn|7\n|inactive|stunky37 has 30 seconds left.\n|inactive|stunky37 has 20 seconds left.\n|\n|t:|1776286283\n|switch|p2a: Pelipper|Pelipper, L50, F|63/100\n|-weather|RainDance|[from] ability: Drizzle|[of] p2a: Pelipper\n|move|p2b: Incineroar|Fake Out|p1b: Floette\n|-crit|p1b: Floette\n|-damage|p1b: Floette|85/100\n|move|p1a: Floette|Snarl|p2a: Pelipper|[spread] p2a\n|-miss|p1a: Floette|p2b: Incineroar\n|-damage|p2a: Pelipper|47/100\n|-unboost|p2a: Pelipper|spa|1\n|cant|p1b: Floette|flinch\n|\n|-weather|RainDance|[upkeep]\n|-start|p1a: Floette|perish1\n|-start|p1b: Floette|perish1\n|upkeep\n|turn|8\n|\n|t:|1776286305\n|move|p2a: Pelipper|Wide Guard|p2a: Pelipper\n|-singleturn|p2a: Pelipper|Wide Guard\n|move|p1a: Floette|Shadow Ball|p2a: Pelipper\n|-damage|p2a: Pelipper|0 fnt\n|faint|p2a: Pelipper\n|move|p1b: Floette|Draining Kiss|p2b: Incineroar\n|-damage|p2b: Incineroar|0 fnt\n|-heal|p1b: Floette|99/100|[from] drain|[of] p2b: Incineroar\n|faint|p2b: Incineroar\n|\n|-weather|RainDance|[upkeep]\n|-start|p1a: Floette|perish0\n|-start|p1b: Floette|perish0\n|upkeep\n|faint|p1a: Floette\n|faint|p1b: Floette\n|\n|win|sirae\n|raw|stunky37's rating: 1273 &rarr; <strong>1253</strong><br />(-20 for losing)\n|raw|sirae's rating: 1348 &rarr; <strong>1364</strong><br />(+16 for winning)\n|l|\u2606stunky37\n|player|p1|\n",
  "uploadtime": 1776286319,
  "views": 42,
  "formatid": "gen9championsvgc2026regma",
  "rating": 1253,
  "private": 0,
  "password": null
}