{
  "id": "gen9championsvgc2026regma-2584857022",
  "format": "[Gen 9 Champions] VGC 2026 Reg M-A",
  "players": [
    "bambuverde",
    "WizardGibby"
  ],
  "log": "|j|\u2606bambuverde\n|j|\u2606WizardGibby\n|t:|1776289109\n|gametype|doubles\n|player|p1|bambuverde|266|1122\n|player|p2|WizardGibby|scientistf|1058\n|gen|9\n|tier|[Gen 9 Champions] VGC 2026 Reg M-A\n|rated|\n|rule|Species Clause: Limit one of each Pok\u00e9mon\n|rule|Item Clause: Limit 1 of each item\n|clearpoke\n|poke|p1|Sneasler, L50, F|\n|poke|p1|Aerodactyl, L50, F|\n|poke|p1|Klefki, L50, F|\n|poke|p1|Rotom-Wash, L50|\n|poke|p1|Scizor, L50, F|\n|poke|p1|Aegislash, L50, F|\n|poke|p2|Hawlucha, L50, M|\n|poke|p2|Mr. Rime, L50, M|\n|poke|p2|Aurorus, L50, F|\n|poke|p2|Aerodactyl, L50, F|\n|poke|p2|Sneasler, L50, M|\n|poke|p2|Snorlax, L50, F|\n|teampreview|4\n|\n|t:|1776289131\n|teamsize|p1|4\n|teamsize|p2|4\n|start\n|switch|p1a: Klefki|Klefki, L50, F|100/100\n|switch|p1b: Sneasler|Sneasler, L50, F|100/100\n|switch|p2a: Sneasler|Sneasler, L50, M|100/100\n|switch|p2b: Mr. Rime|Mr. Rime, L50, M|100/100\n|turn|1\n|\n|t:|1776289149\n|move|p1b: Sneasler|Fake Out|p2b: Mr. Rime\n|-damage|p2b: Mr. Rime|84/100\n|move|p2a: Sneasler|Upper Hand||[still]\n|-fail|p2a: Sneasler\n|cant|p2b: Mr. Rime|flinch\n|move|p1a: Klefki|Light Screen|p1a: Klefki\n|-sidestart|p1: bambuverde|move: Light Screen\n|\n|upkeep\n|turn|2\n|\n|t:|1776289166\n|move|p1a: Klefki|Reflect|p1a: Klefki\n|-sidestart|p1: bambuverde|Reflect\n|move|p1b: Sneasler|U-turn|p2b: Mr. Rime\n|-supereffective|p2b: Mr. Rime|1\n|-damage|p2b: Mr. Rime|30/100\n|\n|t:|1776289173\n|switch|p1b: Aerodactyl|Aerodactyl, L50, F|100/100|[from] U-turn\n|-ability|p1b: Aerodactyl|Unnerve\n|move|p2a: Sneasler|U-turn|p1b: Aerodactyl\n|-resisted|p1b: Aerodactyl|1\n|-damage|p1b: Aerodactyl|88/100\n|\n|t:|1776289182\n|switch|p2a: Snorlax|Snorlax, L50, F|100/100|[from] U-turn\n|move|p2b: Mr. Rime|Trick Room|p2b: Mr. Rime\n|-fieldstart|move: Trick Room|[of] p2b: Mr. Rime\n|\n|upkeep\n|turn|3\n|\n|t:|1776289208\n|switch|p2b: Hawlucha|Hawlucha, L50, M|100/100\n|switch|p1b: Aegislash|Aegislash, L50, F|100/100\n|move|p1a: Klefki|Thunder Wave|p2a: Snorlax\n|-status|p2a: Snorlax|par\n|move|p2a: Snorlax|Thunder Punch|p1b: Aegislash\n|-damage|p1b: Aegislash|90/100\n|\n|upkeep\n|turn|4\n|\n|t:|1776289237\n|detailschange|p2b: Hawlucha|Hawlucha-Mega, L50, M\n|-mega|p2b: Hawlucha|Hawlucha|Hawluchanite\n|move|p1a: Klefki|Thunder Wave|p2b: Hawlucha\n|-status|p2b: Hawlucha|par\n|move|p2a: Snorlax|Encore|p1a: Klefki\n|-start|p1a: Klefki|Encore\n|-enditem|p1a: Klefki|Mental Herb\n|-end|p1a: Klefki|Encore\n|-formechange|p1b: Aegislash|Aegislash-Blade|\n|move|p1b: Aegislash|Sacred Sword|p2a: Snorlax\n|-supereffective|p2a: Snorlax|1\n|-damage|p2a: Snorlax|51/100 par\n|move|p2b: Hawlucha|Entrainment|p2a: Snorlax\n|-ability|p2a: Snorlax|No Guard|Thick Fat|[from] move: Entrainment|[of] p2b: Hawlucha\n|\n|-heal|p2a: Snorlax|57/100 par|[from] item: Leftovers\n|upkeep\n|turn|5\n|\n|t:|1776289269\n|switch|p1b: Aerodactyl|Aerodactyl, L50, F|88/100\n|-ability|p1b: Aerodactyl|Unnerve\n|cant|p2a: Snorlax|par\n|move|p2b: Hawlucha|Encore||[still]\n|-fail|p2b: Hawlucha\n|move|p1a: Klefki|Draining Kiss|p2b: Hawlucha\n|-supereffective|p2b: Hawlucha|1\n|-damage|p2b: Hawlucha|71/100 par\n|\n|-heal|p2a: Snorlax|63/100 par|[from] item: Leftovers\n|-sideend|p1: bambuverde|move: Light Screen\n|upkeep\n|turn|6\n|\n|t:|1776289303\n|detailschange|p1b: Aerodactyl|Aerodactyl-Mega, L50, F\n|-mega|p1b: Aerodactyl|Aerodactyl|Aerodactylite\n|move|p2a: Snorlax|Fissure|p1a: Klefki\n|-damage|p1a: Klefki|0 fnt\n|faint|p1a: Klefki\n|-ohko\n|move|p2b: Hawlucha|Encore||[still]\n|-fail|p2b: Hawlucha\n|move|p1b: Aerodactyl|Dual Wingbeat|p2b: Hawlucha\n|-supereffective|p2b: Hawlucha|1\n|-damage|p2b: Hawlucha|11/100 par\n|-supereffective|p2b: Hawlucha|1\n|-damage|p2b: Hawlucha|0 fnt\n|faint|p2b: Hawlucha\n|-hitcount|p2: Hawlucha|2\n|\n|-heal|p2a: Snorlax|69/100 par|[from] item: Leftovers\n|-sideend|p1: bambuverde|Reflect\n|-fieldend|move: Trick Room\n|upkeep\n|\n|t:|1776289324\n|switch|p2b: Sneasler|Sneasler, L50, M|100/100\n|switch|p1a: Sneasler|Sneasler, L50, F|100/100\n|turn|7\n|\n|t:|1776289339\n|move|p1a: Sneasler|Fake Out|p2a: Snorlax\n|-damage|p2a: Snorlax|60/100 par\n|move|p2b: Sneasler|Upper Hand||[still]\n|-fail|p2b: Sneasler\n|move|p1b: Aerodactyl|Psychic Fangs|p2b: Sneasler\n|-supereffective|p2b: Sneasler|2\n|-damage|p2b: Sneasler|0 fnt\n|faint|p2b: Sneasler\n|cant|p2a: Snorlax|flinch\n|\n|-heal|p2a: Snorlax|66/100 par|[from] item: Leftovers\n|upkeep\n|\n|t:|1776289352\n|switch|p2b: Mr. Rime|Mr. Rime, L50, M|30/100\n|turn|8\n|\n|t:|1776289363\n|move|p2b: Mr. Rime|Fake Out|p1b: Aerodactyl\n|-resisted|p1b: Aerodactyl|1\n|-damage|p1b: Aerodactyl|83/100\n|cant|p1b: Aerodactyl|flinch\n|move|p1a: Sneasler|Close Combat|p2a: Snorlax\n|-supereffective|p2a: Snorlax|1\n|-crit|p2a: Snorlax\n|-damage|p2a: Snorlax|0 fnt\n|-unboost|p1a: Sneasler|def|1\n|-unboost|p1a: Sneasler|spd|1\n|faint|p2a: Snorlax\n|-enditem|p1a: Sneasler|White Herb\n|-clearnegativeboost|p1a: Sneasler|[silent]\n|\n|upkeep\n|turn|9\n|-message|WizardGibby forfeited.\n|\n|win|bambuverde\n|raw|bambuverde's rating: 1122 &rarr; <strong>1142</strong><br />(+20 for winning)\n|raw|WizardGibby's rating: 1058 &rarr; <strong>1043</strong><br />(-15 for losing)\n|l|\u2606WizardGibby\n|player|p2|\n",
  "uploadtime": 1776289391,
  "views": 24,
  "formatid": "gen9championsvgc2026regma",
  "rating": 1043,
  "private": 0,
  "password": null
}