{
  "id": "gen9championsvgc2026regma-2583729151",
  "format": "[Gen 9 Champions] VGC 2026 Reg M-A",
  "players": [
    "so_tireeed",
    "dtyuhgdtu"
  ],
  "log": "|j|\u2606so_tireeed\n|j|\u2606dtyuhgdtu\n|t:|1776193710\n|gametype|doubles\n|player|p1|so_tireeed|pilot|1000\n|player|p2|dtyuhgdtu|169|1000\n|gen|9\n|tier|[Gen 9 Champions] VGC 2026 Reg M-A\n|rated|\n|rule|Species Clause: Limit one of each Pok\u00e9mon\n|rule|Item Clause: Limit 1 of each item\n|clearpoke\n|poke|p1|Feraligatr, L50, F|\n|poke|p1|Dragonite, L50, F|\n|poke|p1|Pelipper, L50, F|\n|poke|p1|Incineroar, L50, M|\n|poke|p1|Archaludon, L50, M|\n|poke|p1|Excadrill, L50, F|\n|poke|p2|Incineroar, L50, F|\n|poke|p2|Pelipper, L50, F|\n|poke|p2|Basculegion, L50, M|\n|poke|p2|Floette-Eternal, L50, F|\n|poke|p2|Sinistcha, L50|\n|poke|p2|Kommo-o, L50, F|\n|teampreview|4\n|inactive|Battle timer is ON: inactive players will automatically lose when time's up. (requested by so_tireeed)\n|inactive|so_tireeed has 60 seconds left.\n|inactive|so_tireeed has 30 seconds left.\n|inactive|so_tireeed has 20 seconds left.\n|inactive|so_tireeed has 15 seconds left.\n|\n|t:|1776193791\n|teamsize|p1|4\n|teamsize|p2|4\n|start\n|switch|p1a: Pelipper|Pelipper, L50, F|100/100\n|switch|p1b: Incineroar|Incineroar, L50, M|100/100\n|switch|p2a: Incineroar|Incineroar, L50, F|100/100\n|switch|p2b: Floette|Floette-Eternal, L50, F|100/100\n|-ability|p2a: Incineroar|Intimidate|boost\n|-unboost|p1a: Pelipper|atk|1\n|-unboost|p1b: Incineroar|atk|1\n|-weather|RainDance|[from] ability: Drizzle|[of] p1a: Pelipper\n|-ability|p1b: Incineroar|Intimidate|boost\n|-unboost|p2a: Incineroar|atk|1\n|-unboost|p2b: Floette|atk|1\n|turn|1\n|inactive|so_tireeed has 30 seconds left.\n|inactive|so_tireeed has 20 seconds left.\n|\n|t:|1776193828\n|detailschange|p2b: Floette|Floette-Mega, L50, F\n|-mega|p2b: Floette|Floette|Floettite\n|-ability|p2b: Floette|Fairy Aura\n|move|p2a: Incineroar|Fake Out|p1b: Incineroar\n|-damage|p1b: Incineroar|94/100\n|move|p2b: Floette|Calm Mind|p2b: Floette\n|-boost|p2b: Floette|spa|1\n|-boost|p2b: Floette|spd|1\n|move|p1a: Pelipper|Weather Ball|p2a: Incineroar\n|-supereffective|p2a: Incineroar|1\n|-damage|p2a: Incineroar|0 fnt\n|faint|p2a: Incineroar\n|cant|p1b: Incineroar|flinch\n|\n|-weather|RainDance|[upkeep]\n|upkeep\n|\n|t:|1776193845\n|switch|p2a: Kommo-o|Kommo-o, L50, F|100/100\n|turn|2\n|inactive|so_tireeed has 30 seconds left.\n|inactive|so_tireeed has 20 seconds left.\n|inactive|so_tireeed has 15 seconds left.\n|inactive|so_tireeed has 10 seconds left.\n|inactive|so_tireeed has 5 seconds left.\n|\n|t:|1776193897\n|move|p2a: Kommo-o|Clangorous Soul|p2a: Kommo-o\n|-boost|p2a: Kommo-o|atk|1\n|-boost|p2a: Kommo-o|def|1\n|-boost|p2a: Kommo-o|spa|1\n|-boost|p2a: Kommo-o|spd|1\n|-boost|p2a: Kommo-o|spe|1\n|-damage|p2a: Kommo-o|68/100\n|move|p2b: Floette|Moonblast|p1b: Incineroar\n|-damage|p1b: Incineroar|15/100\n|-enditem|p1b: Incineroar|Sitrus Berry|[eat]\n|-heal|p1b: Incineroar|40/100|[from] item: Sitrus Berry\n|move|p1a: Pelipper|Hurricane|p2a: Kommo-o\n|-supereffective|p2a: Kommo-o|1\n|-damage|p2a: Kommo-o|0 fnt\n|faint|p2a: Kommo-o\n|move|p1b: Incineroar|Parting Shot|p2b: Floette\n|-unboost|p2b: Floette|atk|1\n|-unboost|p2b: Floette|spa|1\n|\n|t:|1776193914\n|switch|p1b: Excadrill|Excadrill, L50, F|100/100|[from] Parting Shot\n|-ability|p1b: Excadrill|Mold Breaker\n|\n|-weather|RainDance|[upkeep]\n|upkeep\n|\n|t:|1776193918\n|switch|p2a: Sinistcha|Sinistcha, L50|100/100\n|turn|3\n|inactive|so_tireeed has 30 seconds left.\n|inactive|so_tireeed has 20 seconds left.\n|inactive|so_tireeed has 15 seconds left.\n|inactive|so_tireeed has 10 seconds left.\n|\n|t:|1776193967\n|move|p1a: Pelipper|Wide Guard|p1a: Pelipper\n|-singleturn|p1a: Pelipper|Wide Guard\n|move|p1b: Excadrill|Iron Head|p2b: Floette\n|-supereffective|p2b: Floette|1\n|-damage|p2b: Floette|23/100\n|cant|p2b: Floette|flinch\n|move|p2a: Sinistcha|Matcha Gotcha|p1b: Excadrill|[spread] \n|-activate|p1a: Pelipper|move: Wide Guard\n|-activate|p1b: Excadrill|move: Wide Guard\n|\n|-weather|RainDance|[upkeep]\n|upkeep\n|turn|4\n|\n|t:|1776193989\n|switch|p1b: Incineroar|Incineroar, L50, M|40/100\n|-ability|p1b: Incineroar|Intimidate|boost\n|-unboost|p2a: Sinistcha|atk|1\n|-unboost|p2b: Floette|atk|1\n|move|p2b: Floette|Protect|p2b: Floette\n|-singleturn|p2b: Floette|Protect\n|move|p2a: Sinistcha|Life Dew||[still]|[spread] p2a,p2b\n|-fail|p2a: Sinistcha|heal\n|-heal|p2b: Floette|47/100\n|move|p1a: Pelipper|Hurricane|p2a: Sinistcha\n|-supereffective|p2a: Sinistcha|1\n|-damage|p2a: Sinistcha|0 fnt\n|faint|p2a: Sinistcha\n|\n|-weather|RainDance|[upkeep]\n|upkeep\n|turn|5\n|\n|t:|1776194004\n|move|p1b: Incineroar|Fake Out|p2b: Floette\n|-damage|p2b: Floette|37/100\n|cant|p2b: Floette|flinch\n|move|p1a: Pelipper|Weather Ball|p2b: Floette\n|-damage|p2b: Floette|0 fnt\n|faint|p2b: Floette\n|\n|win|so_tireeed\n|raw|so_tireeed's rating: 1000 &rarr; <strong>1045</strong><br />(+45 for winning)\n|raw|dtyuhgdtu's rating: 1048 &rarr; <strong>1028</strong><br />(-20 for losing)\n|l|\u2606dtyuhgdtu\n|player|p2|\n|n|\u2606so_tireeed|sotireeed\n",
  "uploadtime": 1776194008,
  "views": 31,
  "formatid": "gen9championsvgc2026regma",
  "rating": 1028,
  "private": 0,
  "password": null
}