{
  "id": "gen9championsvgc2026regma-2585336013",
  "format": "[Gen 9 Champions] VGC 2026 Reg M-A",
  "players": [
    "NegaiFreak",
    "qbqj"
  ],
  "log": "|j|\u2606NegaiFreak\n|j|\u2606qbqj\n|t:|1776339006\n|gametype|doubles\n|player|p1|NegaiFreak|265|1328\n|player|p2|qbqj|rosa|1367\n|gen|9\n|tier|[Gen 9 Champions] VGC 2026 Reg M-A\n|rated|\n|rule|Species Clause: Limit one of each Pok\u00e9mon\n|rule|Item Clause: Limit 1 of each item\n|clearpoke\n|poke|p1|Archaludon, L50, M|\n|poke|p1|Pelipper, L50, F|\n|poke|p1|Basculegion, L50, M|\n|poke|p1|Meganium, L50, F|\n|poke|p1|Maushold-Four, L50|\n|poke|p1|Farigiraf, L50, M|\n|poke|p2|Aerodactyl, L50, F|\n|poke|p2|Sinistcha, L50|\n|poke|p2|Sneasler, L50, F|\n|poke|p2|Kingambit, L50, F|\n|poke|p2|Kangaskhan, L50, F|\n|poke|p2|Gengar, L50, F|\n|teampreview|4\n|inactive|Battle timer is ON: inactive players will automatically lose when time's up. (requested by NegaiFreak)\n|\n|t:|1776339026\n|teamsize|p1|4\n|teamsize|p2|4\n|start\n|switch|p1a: Archaludon|Archaludon, L50, M|100/100\n|switch|p1b: Pelipper|Pelipper, L50, F|100/100\n|switch|p2a: Aerodactyl|Aerodactyl, L50, F, shiny|100/100\n|switch|p2b: Kangaskhan|Kangaskhan, L50, F, shiny|100/100\n|-ability|p2a: Aerodactyl|Pressure\n|-weather|RainDance|[from] ability: Drizzle|[of] p1b: Pelipper\n|turn|1\n|c|\u2606NegaiFreak|GLHF\n|\n|t:|1776339047\n|switch|p1b: Farigiraf|Farigiraf, L50, M|100/100\n|detailschange|p2b: Kangaskhan|Kangaskhan-Mega, L50, F, shiny\n|-mega|p2b: Kangaskhan|Kangaskhan|Kangaskhanite\n|move|p2a: Aerodactyl|Rock Slide|p1b: Farigiraf|[spread] p1a,p1b\n|-resisted|p1a: Archaludon|1\n|-damage|p1a: Archaludon|89/100\n|-damage|p1b: Farigiraf|80/100\n|move|p2b: Kangaskhan|Drain Punch|p1a: Archaludon\n|-supereffective|p1a: Archaludon|1\n|-damage|p1a: Archaludon|41/100\n|-supereffective|p1a: Archaludon|1\n|-damage|p1a: Archaludon|30/100\n|-hitcount|p1a: Archaludon|2\n|move|p1a: Archaludon|Electro Shot||[still]\n|-prepare|p1a: Archaludon|Electro Shot\n|-boost|p1a: Archaludon|spa|1\n|-anim|p1a: Archaludon|Electro Shot|p2b: Kangaskhan\n|-damage|p2b: Kangaskhan|35/100\n|\n|-weather|RainDance|[upkeep]\n|upkeep\n|turn|2\n|inactive|NegaiFreak has 30 seconds left.\n|inactive|qbqj has 30 seconds left.\n|\n|t:|1776339075\n|move|p2a: Aerodactyl|Tailwind|p2a: Aerodactyl\n|-sidestart|p2: qbqj|move: Tailwind\n|move|p2b: Kangaskhan|Rock Slide|p1b: Farigiraf|[spread] p1a,p1b\n|-resisted|p1a: Archaludon|1\n|-damage|p1a: Archaludon|23/100\n|-damage|p1b: Farigiraf|64/100\n|move|p1a: Archaludon|Flash Cannon|p2a: Aerodactyl\n|-supereffective|p2a: Aerodactyl|1\n|-damage|p2a: Aerodactyl|0 fnt\n|faint|p2a: Aerodactyl\n|move|p1b: Farigiraf|Trick Room|p1b: Farigiraf\n|-fieldstart|move: Trick Room|[of] p1b: Farigiraf\n|\n|-weather|RainDance|[upkeep]\n|upkeep\n|\n|t:|1776339081\n|switch|p2a: Sinistcha|Sinistcha, L50|100/100\n|-heal|p2b: Kangaskhan|60/100|[from] ability: Hospitality|[of] p2a: Sinistcha\n|turn|3\n|inactive|NegaiFreak has 30 seconds left.\n|\n|t:|1776339106\n|move|p2a: Sinistcha|Rage Powder|p2a: Sinistcha\n|-singleturn|p2a: Sinistcha|move: Rage Powder\n|move|p1b: Farigiraf|Psychic|p2a: Sinistcha\n|-damage|p2a: Sinistcha|59/100\n|move|p1a: Archaludon|Dragon Pulse|p2a: Sinistcha\n|-damage|p2a: Sinistcha|0 fnt\n|faint|p2a: Sinistcha\n|move|p2b: Kangaskhan|Drain Punch|p1a: Archaludon\n|-supereffective|p1a: Archaludon|1\n|-damage|p1a: Archaludon|0 fnt\n|-heal|p2b: Kangaskhan|70/100|[from] drain|[of] p1a: Archaludon\n|faint|p1a: Archaludon\n|-hitcount|p1: Archaludon|1\n|\n|-weather|RainDance|[upkeep]\n|upkeep\n|\n|t:|1776339115\n|switch|p2a: Sneasler|Sneasler, L50, F|100/100\n|switch|p1a: Meganium|Meganium, L50, F|100/100\n|turn|4\n|\n|t:|1776339129\n|detailschange|p1a: Meganium|Meganium-Mega, L50, F\n|-mega|p1a: Meganium|Meganium|Meganiumite\n|move|p1b: Farigiraf|Psychic|p2a: Sneasler\n|-supereffective|p2a: Sneasler|2\n|-damage|p2a: Sneasler|0 fnt\n|faint|p2a: Sneasler\n|move|p1a: Meganium|Dazzling Gleam|p2b: Kangaskhan\n|-damage|p2b: Kangaskhan|21/100\n|move|p2b: Kangaskhan|Drain Punch|p1b: Farigiraf\n|-damage|p1b: Farigiraf|42/100\n|-heal|p2b: Kangaskhan|35/100|[from] drain|[of] p1b: Farigiraf\n|-damage|p1b: Farigiraf|36/100\n|-heal|p2b: Kangaskhan|38/100|[from] drain|[of] p1b: Farigiraf\n|-hitcount|p1b: Farigiraf|2\n|\n|-weather|RainDance|[upkeep]\n|upkeep\n|turn|5\n|\n|t:|1776339138\n|move|p1b: Farigiraf|Psychic|p2b: Kangaskhan\n|-damage|p2b: Kangaskhan|5/100\n|move|p1a: Meganium|Solar Beam||[still]\n|-prepare|p1a: Meganium|Solar Beam\n|-activate|p1a: Meganium|ability: Mega Sol\n|-anim|p1a: Meganium|Solar Beam|p2b: Kangaskhan\n|-damage|p2b: Kangaskhan|0 fnt\n|faint|p2b: Kangaskhan\n|\n|win|NegaiFreak\n|raw|NegaiFreak's rating: 1328 &rarr; <strong>1350</strong><br />(+22 for winning)\n|raw|qbqj's rating: 1367 &rarr; <strong>1345</strong><br />(-22 for losing)\n|l|\u2606qbqj\n|player|p2|\n|c|\u2606NegaiFreak|GG, WP\n",
  "uploadtime": 1776339152,
  "views": 31,
  "formatid": "gen9championsvgc2026regma",
  "rating": 1345,
  "private": 0,
  "password": null
}