{
  "id": "gen9championsvgc2026regma-2584860398",
  "format": "[Gen 9 Champions] VGC 2026 Reg M-A",
  "players": [
    "thealex610",
    "mazto"
  ],
  "log": "|j|\u2606thealex610\n|j|\u2606mazto\n|t:|1776289390\n|gametype|doubles\n|player|p1|thealex610|101|1132\n|player|p2|mazto|101|1204\n|gen|9\n|tier|[Gen 9 Champions] VGC 2026 Reg M-A\n|rated|\n|rule|Species Clause: Limit one of each Pok\u00e9mon\n|rule|Item Clause: Limit 1 of each item\n|clearpoke\n|poke|p1|Sneasler, L50, M|\n|poke|p1|Talonflame, L50, F|\n|poke|p1|Milotic, L50, F|\n|poke|p1|Aegislash, L50, F|\n|poke|p1|Scizor, L50, F|\n|poke|p1|Tyranitar, L50, F|\n|poke|p2|Pelipper, L50, M|\n|poke|p2|Archaludon, L50, F|\n|poke|p2|Sneasler, L50, F|\n|poke|p2|Basculegion, L50, M|\n|poke|p2|Floette-Eternal, L50, F|\n|poke|p2|Maushold-Four, L50|\n|teampreview|4\n|inactive|Battle timer is ON: inactive players will automatically lose when time's up. (requested by thealex610)\n|\n|t:|1776289411\n|teamsize|p1|4\n|teamsize|p2|4\n|start\n|switch|p1a: Sneasler|Sneasler, L50, M|100/100\n|switch|p1b: Scizor|Scizor, L50, F, shiny|100/100\n|switch|p2a: Sneasler|Sneasler, L50, F|100/100\n|switch|p2b: Basculegion|Basculegion, L50, M|100/100\n|turn|1\n|inactive|thealex610 has 30 seconds left.\n|inactive|thealex610 has 20 seconds left.\n|inactive|thealex610 has 15 seconds left.\n|inactive|thealex610 has 10 seconds left.\n|\n|t:|1776289458\n|detailschange|p1b: Scizor|Scizor-Mega, L50, F, shiny\n|-mega|p1b: Scizor|Scizor|Scizorite\n|move|p1a: Sneasler|Fake Out|p2a: Sneasler\n|-damage|p2a: Sneasler|77/100\n|move|p2b: Basculegion|Wave Crash|p1a: Sneasler\n|-damage|p1a: Sneasler|0 fnt\n|faint|p1a: Sneasler\n|-damage|p2b: Basculegion|75/100|[from] Recoil\n|cant|p2a: Sneasler|flinch\n|move|p1b: Scizor|Dual Wingbeat|p2a: Sneasler\n|-supereffective|p2a: Sneasler|1\n|-damage|p2a: Sneasler|1/100\n|-supereffective|p2a: Sneasler|1\n|-damage|p2a: Sneasler|0 fnt\n|faint|p2a: Sneasler\n|-hitcount|p2: Sneasler|2\n|\n|upkeep\n|\n|t:|1776289478\n|switch|p2a: Pelipper|Pelipper, L50, M|100/100\n|switch|p1a: Aegislash|Aegislash, L50, F|100/100\n|-weather|RainDance|[from] ability: Drizzle|[of] p2a: Pelipper\n|turn|2\n|inactive|thealex610 has 30 seconds left.\n|\n|t:|1776289504\n|switch|p1b: Tyranitar|Tyranitar, L50, F|100/100\n|-weather|Sandstorm|[from] ability: Sand Stream|[of] p1b: Tyranitar\n|switch|p2a: Archaludon|Archaludon, L50, F|100/100\n|-formechange|p1a: Aegislash|Aegislash-Blade|\n|move|p1a: Aegislash|Shadow Sneak|p2b: Basculegion\n|-supereffective|p2b: Basculegion|1\n|-damage|p2b: Basculegion|23/100\n|move|p2b: Basculegion|Wave Crash|p1b: Tyranitar\n|-supereffective|p1b: Tyranitar|1\n|-damage|p1b: Tyranitar|0 fnt\n|faint|p1b: Tyranitar\n|-damage|p2b: Basculegion|0 fnt|[from] Recoil\n|faint|p2b: Basculegion\n|\n|-weather|Sandstorm|[upkeep]\n|upkeep\n|\n|t:|1776289521\n|switch|p2b: Pelipper|Pelipper, L50, M|100/100\n|switch|p1b: Scizor|Scizor-Mega, L50, F, shiny|100/100\n|-weather|RainDance|[from] ability: Drizzle|[of] p2b: Pelipper\n|turn|3\n|\n|t:|1776289538\n|move|p1b: Scizor|Dual Wingbeat|p2b: Pelipper|[miss]\n|-miss|p1b: Scizor|p2b: Pelipper\n|move|p2a: Archaludon|Electro Shot||[still]\n|-prepare|p2a: Archaludon|Electro Shot\n|-boost|p2a: Archaludon|spa|1\n|-anim|p2a: Archaludon|Electro Shot|p1a: Aegislash\n|-damage|p1a: Aegislash|12/100\n|move|p2b: Pelipper|Tailwind|p2b: Pelipper\n|-sidestart|p2: mazto|move: Tailwind\n|move|p1a: Aegislash|Sacred Sword|p2a: Archaludon\n|-supereffective|p2a: Archaludon|1\n|-damage|p2a: Archaludon|59/100\n|-ability|p2a: Archaludon|Stamina|boost\n|-boost|p2a: Archaludon|def|1\n|\n|-weather|RainDance|[upkeep]\n|-heal|p1a: Aegislash|18/100|[from] item: Leftovers\n|upkeep\n|turn|4\n|\n|t:|1776289562\n|-formechange|p1a: Aegislash|Aegislash|\n|move|p1a: Aegislash|King's Shield|p1a: Aegislash\n|-singleturn|p1a: Aegislash|Protect\n|move|p2a: Archaludon|Electro Shot||[still]\n|-prepare|p2a: Archaludon|Electro Shot\n|-boost|p2a: Archaludon|spa|1\n|-anim|p2a: Archaludon|Electro Shot|p1b: Scizor\n|-damage|p1b: Scizor|16/100\n|move|p2b: Pelipper|Weather Ball|p1a: Aegislash\n|-activate|p1a: Aegislash|move: Protect\n|move|p1b: Scizor|Dual Wingbeat|p2b: Pelipper\n|-damage|p2b: Pelipper|66/100\n|-damage|p2b: Pelipper|32/100\n|-hitcount|p2b: Pelipper|2\n|\n|-weather|RainDance|[upkeep]\n|-heal|p1a: Aegislash|24/100|[from] item: Leftovers\n|upkeep\n|turn|5\n|inactive|thealex610 has 30 seconds left.\n|inactive|thealex610 has 20 seconds left.\n|\n|t:|1776289600\n|-formechange|p1a: Aegislash|Aegislash-Blade|\n|move|p1a: Aegislash|Shadow Sneak|p2b: Pelipper\n|-damage|p2b: Pelipper|5/100\n|move|p2a: Archaludon|Electro Shot||[still]\n|-prepare|p2a: Archaludon|Electro Shot\n|-boost|p2a: Archaludon|spa|1\n|-anim|p2a: Archaludon|Electro Shot|p1b: Scizor\n|-damage|p1b: Scizor|0 fnt\n|faint|p1b: Scizor\n|move|p2b: Pelipper|Weather Ball|p1a: Aegislash\n|-damage|p1a: Aegislash|0 fnt\n|faint|p1a: Aegislash\n|\n|win|mazto\n|raw|thealex610's rating: 1132 &rarr; <strong>1112</strong><br />(-20 for losing)\n|raw|mazto's rating: 1204 &rarr; <strong>1224</strong><br />(+20 for winning)\n",
  "uploadtime": 1776289613,
  "views": 19,
  "formatid": "gen9championsvgc2026regma",
  "rating": 1112,
  "private": 0,
  "password": null
}