{
  "id": "gen9championsvgc2026regma-2583436928",
  "format": "[Gen 9 Champions] VGC 2026 Reg M-A",
  "players": [
    "Northgdh",
    "Bennyboy97"
  ],
  "log": "|j|\u2606Northgdh\n|j|\u2606Bennyboy97\n|t:|1776175579\n|gametype|doubles\n|player|p1|Northgdh|pokemonranger-gen4|1232\n|player|p2|Bennyboy97|102|1142\n|gen|9\n|tier|[Gen 9 Champions] VGC 2026 Reg M-A\n|rated|\n|rule|Species Clause: Limit one of each Pok\u00e9mon\n|rule|Item Clause: Limit 1 of each item\n|clearpoke\n|poke|p1|Gengar, L50, F|\n|poke|p1|Vivillon-Polar, L50, F|\n|poke|p1|Incineroar, L50, M|\n|poke|p1|Basculegion, L50, M|\n|poke|p1|Kingambit, L50, M|\n|poke|p1|Politoed, L50, F|\n|poke|p2|Starmie, L50|\n|poke|p2|Archaludon, L50, F|\n|poke|p2|Pelipper, L50, F|\n|poke|p2|Incineroar, L50, M|\n|poke|p2|Sinistcha, L50|\n|poke|p2|Aegislash, L50, F|\n|teampreview|4\n|inactive|Battle timer is ON: inactive players will automatically lose when time's up. (requested by Northgdh)\n|inactive|Northgdh has 60 seconds left.\n|\n|t:|1776175631\n|teamsize|p1|4\n|teamsize|p2|4\n|start\n|switch|p1a: Zenith|Vivillon-Polar, L50, F|100/100\n|switch|p1b: BalancePatch|Kingambit, L50, M, shiny|100/100\n|switch|p2a: Starmie|Starmie, L50, shiny|100/100\n|switch|p2b: Incineroar|Incineroar, L50, M|100/100\n|-ability|p2b: Incineroar|Intimidate|boost\n|-unboost|p1a: Zenith|atk|1\n|-unboost|p1b: BalancePatch|atk|1\n|-ability|p1b: BalancePatch|Defiant|boost\n|-boost|p1b: BalancePatch|atk|2\n|turn|1\n|\n|t:|1776175655\n|detailschange|p2a: Starmie|Starmie-Mega, L50, shiny\n|-mega|p2a: Starmie|Starmie|Starminite\n|move|p1a: Zenith|Protect|p1a: Zenith\n|-singleturn|p1a: Zenith|Protect\n|move|p2b: Incineroar|Fake Out|p1b: BalancePatch\n|-resisted|p1b: BalancePatch|1\n|-damage|p1b: BalancePatch|96/100\n|move|p2a: Starmie|Liquidation|p1b: BalancePatch\n|-damage|p1b: BalancePatch|40/100\n|cant|p1b: BalancePatch|flinch\n|\n|upkeep\n|turn|2\n|\n|t:|1776175679\n|move|p2a: Starmie|Protect|p2a: Starmie\n|-singleturn|p2a: Starmie|Protect\n|move|p1b: BalancePatch|Protect|p1b: BalancePatch\n|-singleturn|p1b: BalancePatch|Protect\n|move|p1a: Zenith|Tailwind|p1a: Zenith\n|-sidestart|p1: Northgdh|move: Tailwind\n|move|p2b: Incineroar|Parting Shot|p1b: BalancePatch\n|-activate|p1b: BalancePatch|move: Protect\n|\n|upkeep\n|turn|3\n|c|\u2606Northgdh|Huge call\n|inactive|Bennyboy97 has 30 seconds left.\n|\n|t:|1776175705\n|switch|p2a: Sinistcha|Sinistcha, L50|100/100\n|move|p1a: Zenith|Sleep Powder|p2b: Incineroar\n|-status|p2b: Incineroar|slp|[from] move: Sleep Powder\n|move|p1b: BalancePatch|Kowtow Cleave|p2a: Sinistcha\n|-supereffective|p2a: Sinistcha|1\n|-damage|p2a: Sinistcha|0 fnt\n|faint|p2a: Sinistcha\n|cant|p2b: Incineroar|slp\n|\n|upkeep\n|\n|t:|1776175720\n|switch|p2a: Starmie|Starmie-Mega, L50, shiny|100/100\n|turn|4\n|\n|t:|1776175728\n|move|p2a: Starmie|Protect|p2a: Starmie\n|-singleturn|p2a: Starmie|Protect\n|move|p1a: Zenith|Sleep Powder|p2a: Starmie\n|-activate|p2a: Starmie|move: Protect\n|move|p1b: BalancePatch|Swords Dance|p1b: BalancePatch\n|-boost|p1b: BalancePatch|atk|2\n|cant|p2b: Incineroar|slp\n|\n|upkeep\n|turn|5\n|\n|t:|1776175739\n|move|p1b: BalancePatch|Sucker Punch|p2a: Starmie\n|-supereffective|p2a: Starmie|1\n|-damage|p2a: Starmie|0 fnt\n|faint|p2a: Starmie\n|move|p1a: Zenith|Air Slash|p2b: Incineroar\n|-damage|p2b: Incineroar|78/100 slp\n|-curestatus|p2b: Incineroar|slp|[msg]\n|cant|p2b: Incineroar|flinch\n|\n|-sideend|p1: Northgdh|move: Tailwind\n|upkeep\n|\n|t:|1776175742\n|switch|p2a: Aegislash|Aegislash, L50, F|100/100\n|turn|6\n|\n|t:|1776175757\n|move|p2b: Incineroar|Protect|p2b: Incineroar\n|-singleturn|p2b: Incineroar|Protect\n|move|p1b: BalancePatch|Protect|p1b: BalancePatch\n|-singleturn|p1b: BalancePatch|Protect\n|move|p1a: Zenith|Tailwind|p1a: Zenith\n|-sidestart|p1: Northgdh|move: Tailwind\n|-formechange|p2a: Aegislash|Aegislash-Blade|\n|move|p2a: Aegislash|Poltergeist|p1b: BalancePatch\n|-activate|p1b: BalancePatch|move: Protect\n|\n|upkeep\n|turn|7\n|\n|t:|1776175774\n|-formechange|p2a: Aegislash|Aegislash|\n|move|p2a: Aegislash|King's Shield|p2a: Aegislash\n|-singleturn|p2a: Aegislash|Protect\n|move|p1a: Zenith|Sleep Powder|p2b: Incineroar\n|-status|p2b: Incineroar|slp|[from] move: Sleep Powder\n|move|p1b: BalancePatch|Kowtow Cleave|p2b: Incineroar\n|-resisted|p2b: Incineroar|1\n|-damage|p2b: Incineroar|14/100 slp\n|-enditem|p2b: Incineroar|Sitrus Berry|[eat]\n|-heal|p2b: Incineroar|39/100 slp|[from] item: Sitrus Berry\n|cant|p2b: Incineroar|slp\n|\n|upkeep\n|turn|8\n|\n|t:|1776175782\n|move|p1a: Zenith|Sleep Powder|p2a: Aegislash\n|-status|p2a: Aegislash|slp|[from] move: Sleep Powder\n|move|p1b: BalancePatch|Kowtow Cleave|p2a: Aegislash\n|-supereffective|p2a: Aegislash|1\n|-damage|p2a: Aegislash|0 fnt\n|faint|p2a: Aegislash\n|cant|p2b: Incineroar|slp\n|\n|upkeep\n|turn|9\n|-message|Bennyboy97 forfeited.\n|\n|win|Northgdh\n|raw|Northgdh's rating: 1232 &rarr; <strong>1251</strong><br />(+19 for winning)\n|raw|Bennyboy97's rating: 1142 &rarr; <strong>1123</strong><br />(-19 for losing)\n|l|\u2606Bennyboy97\n|player|p2|\n",
  "uploadtime": 1776175792,
  "views": 21,
  "formatid": "gen9championsvgc2026regma",
  "rating": 1123,
  "private": 0,
  "password": null
}