{
  "id": "gen9championsvgc2026regma-2587630744",
  "format": "[Gen 9 Champions] VGC 2026 Reg M-A",
  "players": [
    "anekilator3169",
    "zaulpokemonpro"
  ],
  "log": "|j|\u2606anekilator3169\n|j|\u2606zaulpokemonpro\n|t:|1776548585\n|gametype|doubles\n|player|p1|anekilator3169|265|1167\n|player|p2|zaulpokemonpro|morty|1237\n|gen|9\n|tier|[Gen 9 Champions] VGC 2026 Reg M-A\n|rated|\n|rule|Species Clause: Limit one of each Pok\u00e9mon\n|rule|Item Clause: Limit 1 of each item\n|clearpoke\n|poke|p1|Aegislash, L50, M, shiny|\n|poke|p1|Dragonite, L50, F|\n|poke|p1|Sneasler, L50, M|\n|poke|p1|Venusaur, L50, M|\n|poke|p1|Incineroar, L50, F, shiny|\n|poke|p1|Basculegion, L50, M|\n|poke|p2|Froslass, L50, F|\n|poke|p2|Garchomp, L50, M|\n|poke|p2|Rotom-Frost, L50|\n|poke|p2|Empoleon, L50, F|\n|poke|p2|Incineroar, L50, M|\n|poke|p2|Kingambit, L50, F|\n|teampreview|4\n|\n|t:|1776548634\n|teamsize|p1|4\n|teamsize|p2|4\n|start\n|switch|p1a: Basculegion|Basculegion, L50, M|100/100\n|switch|p1b: Dragonite|Dragonite, L50, F|100/100\n|switch|p2a: Incineroar|Incineroar, L50, M|100/100\n|switch|p2b: Garchomp|Garchomp, L50, M|100/100\n|-ability|p2a: Incineroar|Intimidate|boost\n|-unboost|p1a: Basculegion|atk|1\n|-unboost|p1b: Dragonite|atk|1\n|turn|1\n|inactive|Battle timer is ON: inactive players will automatically lose when time's up. (requested by zaulpokemonpro)\n|\n|t:|1776548693\n|switch|p1a: Aegislash|Aegislash, L50, M, shiny|100/100\n|detailschange|p1b: Dragonite|Dragonite-Mega, L50, F\n|-mega|p1b: Dragonite|Dragonite|Dragoninite\n|move|p1b: Dragonite|Protect|p1b: Dragonite\n|-singleturn|p1b: Dragonite|Protect\n|move|p2a: Incineroar|Fake Out|p1b: Dragonite\n|-activate|p1b: Dragonite|move: Protect\n|move|p2b: Garchomp|Dragon Claw|p1b: Dragonite\n|-activate|p1b: Dragonite|move: Protect\n|\n|upkeep\n|turn|2\n|inactive|anekilator3169 has 30 seconds left.\n|inactive|zaulpokemonpro has 30 seconds left.\n|inactive|anekilator3169 has 20 seconds left.\n|inactive|zaulpokemonpro has 20 seconds left.\n|inactive|anekilator3169 has 15 seconds left.\n|inactive|anekilator3169 has 10 seconds left.\n|\n|t:|1776548738\n|switch|p2b: Rotom|Rotom-Frost, L50|100/100\n|move|p1b: Dragonite|Icy Wind|p2b: Rotom|[spread] p2a,p2b\n|-resisted|p2a: Incineroar|1\n|-resisted|p2b: Rotom|1\n|-damage|p2a: Incineroar|93/100\n|-damage|p2b: Rotom|90/100\n|-unboost|p2a: Incineroar|spe|1\n|-unboost|p2b: Rotom|spe|1\n|-formechange|p1a: Aegislash|Aegislash-Blade|\n|move|p1a: Aegislash|Close Combat|p2a: Incineroar\n|-supereffective|p2a: Incineroar|1\n|-damage|p2a: Incineroar|22/100\n|-unboost|p1a: Aegislash|def|1\n|-unboost|p1a: Aegislash|spd|1\n|-enditem|p2a: Incineroar|Sitrus Berry|[eat]\n|-heal|p2a: Incineroar|47/100|[from] item: Sitrus Berry\n|move|p2a: Incineroar|Flare Blitz|p1a: Aegislash\n|-supereffective|p1a: Aegislash|1\n|-damage|p1a: Aegislash|0 fnt\n|faint|p1a: Aegislash\n|-damage|p2a: Incineroar|20/100|[from] Recoil\n|\n|upkeep\n|\n|t:|1776548763\n|switch|p1a: Sneasler|Sneasler, L50, M|100/100\n|-ability|p1a: Sneasler|Pressure\n|turn|3\n|inactive|anekilator3169 has 30 seconds left.\n|inactive|zaulpokemonpro has 30 seconds left.\n|inactive|zaulpokemonpro has 20 seconds left.\n|inactive|anekilator3169 has 20 seconds left.\n|inactive|zaulpokemonpro has 15 seconds left.\n|\n|t:|1776548806\n|switch|p2a: Garchomp|Garchomp, L50, M|100/100\n|move|p1a: Sneasler|Close Combat|p2b: Rotom\n|-supereffective|p2b: Rotom|1\n|-damage|p2b: Rotom|0 fnt\n|-unboost|p1a: Sneasler|def|1\n|-unboost|p1a: Sneasler|spd|1\n|faint|p2b: Rotom\n|move|p1b: Dragonite|Dragon Pulse|p2a: Garchomp\n|-supereffective|p2a: Garchomp|1\n|-damage|p2a: Garchomp|0 fnt\n|faint|p2a: Garchomp\n|\n|upkeep\n|\n|t:|1776548820\n|switch|p2a: Froslass|Froslass, L50, F|100/100\n|switch|p2b: Incineroar|Incineroar, L50, M|20/100\n|-ability|p2b: Incineroar|Intimidate|boost\n|-unboost|p1a: Sneasler|atk|1\n|-unboost|p1b: Dragonite|atk|1\n|turn|4\n|inactive|anekilator3169 has 30 seconds left.\n|\n|t:|1776548853\n|switch|p1a: Basculegion|Basculegion, L50, M|100/100\n|detailschange|p2a: Froslass|Froslass-Mega, L50, F\n|-mega|p2a: Froslass|Froslass|Froslassite\n|-weather|Snowscape|[from] ability: Snow Warning|[of] p2a: Froslass\n|move|p2b: Incineroar|Fake Out|p1a: Basculegion\n|-immune|p1a: Basculegion\n|move|p2a: Froslass|Blizzard|p1b: Dragonite|[spread] p1a,p1b\n|-resisted|p1a: Basculegion|1\n|-supereffective|p1b: Dragonite|2\n|-damage|p1a: Basculegion|73/100\n|-damage|p1b: Dragonite|27/100\n|-status|p1b: Dragonite|frz\n|cant|p1b: Dragonite|frz\n|\n|-weather|Snowscape|[upkeep]\n|upkeep\n|turn|5\n|inactive|anekilator3169 has 30 seconds left.\n|inactive|zaulpokemonpro has 30 seconds left.\n|\n|t:|1776548881\n|cant|p1b: Dragonite|frz\n|move|p1a: Basculegion|Last Respects|p2a: Froslass\n|-supereffective|p2a: Froslass|1\n|-damage|p2a: Froslass|0 fnt\n|faint|p2a: Froslass\n|move|p2b: Incineroar|Darkest Lariat|p1a: Basculegion\n|-supereffective|p1a: Basculegion|1\n|-damage|p1a: Basculegion|0 fnt\n|faint|p1a: Basculegion\n|\n|-weather|Snowscape|[upkeep]\n|upkeep\n|\n|t:|1776548890\n|switch|p1a: Sneasler|Sneasler, L50, M|100/100\n|-ability|p1a: Sneasler|Pressure\n|turn|6\n|\n|t:|1776548900\n|-curestatus|p1b: Dragonite|frz|[msg]\n|move|p1b: Dragonite|Protect|p1b: Dragonite\n|-singleturn|p1b: Dragonite|Protect\n|move|p1a: Sneasler|Close Combat|p2b: Incineroar\n|-supereffective|p2b: Incineroar|1\n|-damage|p2b: Incineroar|0 fnt\n|-unboost|p1a: Sneasler|def|1\n|-unboost|p1a: Sneasler|spd|1\n|faint|p2b: Incineroar\n|\n|win|anekilator3169\n|raw|anekilator3169's rating: 1167 &rarr; <strong>1197</strong><br />(+30 for winning)\n|raw|zaulpokemonpro's rating: 1237 &rarr; <strong>1207</strong><br />(-30 for losing)\n",
  "uploadtime": 1776548914,
  "views": 12,
  "formatid": "gen9championsvgc2026regma",
  "rating": 1197,
  "private": 0,
  "password": null
}