{
  "id": "gen9championsvgc2026regma-2582007373",
  "format": "[Gen 9 Champions] VGC 2026 Reg M-A",
  "players": [
    "vnunesp12",
    "Memphis Guy"
  ],
  "log": "|j|\u2606vnunesp12\n|j|\u2606Memphis Guy\n|t:|1776047783\n|gametype|doubles\n|player|p1|vnunesp12|red|1121\n|player|p2|Memphis Guy|pokemonbreeder|1030\n|gen|9\n|tier|[Gen 9 Champions] VGC 2026 Reg M-A\n|rated|\n|rule|Species Clause: Limit one of each Pok\u00e9mon\n|rule|Item Clause: Limit 1 of each item\n|clearpoke\n|poke|p1|Manectric, L50, M|\n|poke|p1|Pelipper, L50, M|\n|poke|p1|Sinistcha, L50|\n|poke|p1|Basculegion, L50, M|\n|poke|p1|Sneasler, L50, M|\n|poke|p1|Kingambit, L50, F|\n|poke|p2|Tyranitar, L50, F|\n|poke|p2|Excadrill, L50, M|\n|poke|p2|Garchomp, L50, F|\n|poke|p2|Heracross, L50, M|\n|poke|p2|Whimsicott, L50, F|\n|poke|p2|Camerupt, L50, F|\n|teampreview|4\n|inactive|Battle timer is ON: inactive players will automatically lose when time's up. (requested by vnunesp12)\n|inactive|vnunesp12 has 60 seconds left.\n|\n|t:|1776047826\n|teamsize|p1|4\n|teamsize|p2|4\n|start\n|switch|p1a: Pulga|Sneasler, L50, M|100/100\n|switch|p1b: Jean Lucas|Basculegion, L50, M|100/100\n|switch|p2a: Excadrill|Excadrill, L50, M|100/100\n|switch|p2b: Garchomp|Garchomp, L50, F|100/100\n|turn|1\n|\n|t:|1776047850\n|move|p1a: Pulga|Fake Out|p2a: Excadrill\n|-resisted|p2a: Excadrill|1\n|-damage|p2a: Excadrill|91/100\n|cant|p2a: Excadrill|flinch\n|move|p1b: Jean Lucas|Flip Turn|p2b: Garchomp\n|-damage|p2b: Garchomp|75/100\n|\n|t:|1776047866\n|switch|p1b: \u00c9verton Ribeiro|Pelipper, L50, M|100/100|[from] Flip Turn\n|-weather|RainDance|[from] ability: Drizzle|[of] p1b: \u00c9verton Ribeiro\n|move|p2b: Garchomp|Crunch|p1b: \u00c9verton Ribeiro\n|-damage|p1b: \u00c9verton Ribeiro|69/100\n|\n|-weather|RainDance|[upkeep]\n|upkeep\n|turn|2\n|c|\u2606Memphis Guy|Brasil\n|inactive|vnunesp12 has 30 seconds left.\n|\n|t:|1776047893\n|move|p2a: Excadrill|Rock Slide|p1a: Pulga|[spread] p1b\n|-miss|p2a: Excadrill|p1a: Pulga\n|-supereffective|p1b: \u00c9verton Ribeiro|1\n|-damage|p1b: \u00c9verton Ribeiro|17/100\n|move|p1a: Pulga|Close Combat|p2b: Garchomp\n|-damage|p2b: Garchomp|14/100\n|-unboost|p1a: Pulga|def|1\n|-unboost|p1a: Pulga|spd|1\n|-enditem|p1a: Pulga|White Herb\n|-clearnegativeboost|p1a: Pulga|[silent]\n|move|p2b: Garchomp|Dragon Claw|p1a: Pulga\n|-damage|p1a: Pulga|31/100\n|move|p1b: \u00c9verton Ribeiro|Tailwind|p1b: \u00c9verton Ribeiro\n|-sidestart|p1: vnunesp12|move: Tailwind\n|\n|-weather|RainDance|[upkeep]\n|upkeep\n|turn|3\n|inactive|vnunesp12 has 30 seconds left.\n|inactive|Memphis Guy has 30 seconds left.\n|\n|t:|1776047922\n|move|p1a: Pulga|Close Combat|p2b: Garchomp\n|-damage|p2b: Garchomp|0 fnt\n|-unboost|p1a: Pulga|def|1\n|-unboost|p1a: Pulga|spd|1\n|faint|p2b: Garchomp\n|move|p1b: \u00c9verton Ribeiro|Weather Ball|p2a: Excadrill\n|-supereffective|p2a: Excadrill|1\n|-damage|p2a: Excadrill|0 fnt\n|faint|p2a: Excadrill\n|\n|-weather|RainDance|[upkeep]\n|upkeep\n|\n|t:|1776047933\n|switch|p2b: Tyranitar|Tyranitar, L50, F, shiny|100/100\n|switch|p2a: Camerupt|Camerupt, L50, F|100/100\n|-weather|Sandstorm|[from] ability: Sand Stream|[of] p2b: Tyranitar\n|turn|4\n|inactive|vnunesp12 has 30 seconds left.\n|\n|t:|1776047960\n|switch|p1b: Jean Lucas|Basculegion, L50, M|100/100\n|detailschange|p2b: Tyranitar|Tyranitar-Mega, L50, F, shiny\n|-mega|p2b: Tyranitar|Tyranitar|Tyranitarite\n|move|p1a: Pulga|Close Combat|p2b: Tyranitar\n|-supereffective|p2b: Tyranitar|2\n|-damage|p2b: Tyranitar|0 fnt\n|-unboost|p1a: Pulga|def|1\n|-unboost|p1a: Pulga|spd|1\n|faint|p2b: Tyranitar\n|move|p2a: Camerupt|Earth Power|p1a: Pulga\n|-supereffective|p1a: Pulga|1\n|-damage|p1a: Pulga|0 fnt\n|faint|p1a: Pulga\n|\n|-weather|Sandstorm|[upkeep]\n|-damage|p1b: Jean Lucas|94/100|[from] Sandstorm\n|upkeep\n|\n|t:|1776047977\n|switch|p1a: \u00c9verton Ribeiro|Pelipper, L50, M|17/100\n|-weather|RainDance|[from] ability: Drizzle|[of] p1a: \u00c9verton Ribeiro\n|turn|5\n|\n|t:|1776047995\n|move|p1b: Jean Lucas|Wave Crash|p2a: Camerupt\n|-supereffective|p2a: Camerupt|2\n|-enditem|p2a: Camerupt|Focus Sash\n|-damage|p2a: Camerupt|1/100\n|-damage|p1b: Jean Lucas|65/100|[from] Recoil\n|move|p1a: \u00c9verton Ribeiro|Weather Ball|p2a: Camerupt\n|-supereffective|p2a: Camerupt|2\n|-damage|p2a: Camerupt|0 fnt\n|faint|p2a: Camerupt\n|\n|win|vnunesp12\n|raw|vnunesp12's rating: 1121 &rarr; <strong>1140</strong><br />(+19 for winning)\n|raw|Memphis Guy's rating: 1030 &rarr; <strong>1019</strong><br />(-11 for losing)\n|l|\u2606Memphis Guy\n|player|p2|\n",
  "uploadtime": 1776048015,
  "views": 12,
  "formatid": "gen9championsvgc2026regma",
  "rating": 1019,
  "private": 0,
  "password": null
}