{
  "id": "gen9championsvgc2026regma-2582719115",
  "format": "[Gen 9 Champions] VGC 2026 Reg M-A",
  "players": [
    "WaluigiVGC",
    "lufox2.0"
  ],
  "log": "|j|\u2606WaluigiVGC\n|j|\u2606lufox2.0\n|t:|1776109408\n|gametype|doubles\n|player|p1|WaluigiVGC|102|1103\n|player|p2|lufox2.0|n|1101\n|gen|9\n|tier|[Gen 9 Champions] VGC 2026 Reg M-A\n|rated|\n|rule|Species Clause: Limit one of each Pok\u00e9mon\n|rule|Item Clause: Limit 1 of each item\n|clearpoke\n|poke|p1|Archaludon, L50, M|\n|poke|p1|Pelipper, L50, F|\n|poke|p1|Sneasler, L50, M|\n|poke|p1|Incineroar, L50, M|\n|poke|p1|Basculegion, L50, M|\n|poke|p1|Gengar, L50, M|\n|poke|p2|Glimmora, L50, F|\n|poke|p2|Whimsicott, L50, M|\n|poke|p2|Incineroar, L50, M|\n|poke|p2|Tinkaton, L50, F|\n|poke|p2|Rotom-Wash, L50|\n|poke|p2|Krookodile, L50, F|\n|teampreview|4\n|inactive|Battle timer is ON: inactive players will automatically lose when time's up. (requested by lufox2.0)\n|j| cursid420\n|\n|t:|1776109437\n|teamsize|p1|4\n|teamsize|p2|4\n|start\n|switch|p1a: Sneasler|Sneasler, L50, M|100/100\n|switch|p1b: Basculegion|Basculegion, L50, M|100/100\n|switch|p2a: Whimsicott|Whimsicott, L50, M, shiny|100/100\n|switch|p2b: Rotom|Rotom-Wash, L50, shiny|100/100\n|turn|1\n|inactive|WaluigiVGC has 30 seconds left.\n|\n|t:|1776109466\n|move|p2a: Whimsicott|Protect|p2a: Whimsicott\n|-singleturn|p2a: Whimsicott|Protect\n|move|p1a: Sneasler|Fake Out|p2a: Whimsicott\n|-activate|p2a: Whimsicott|move: Protect\n|move|p1b: Basculegion|Last Respects|p2b: Rotom\n|-damage|p2b: Rotom|64/100\n|move|p2b: Rotom|Electroweb|p1a: Sneasler|[spread] p1a,p1b\n|-supereffective|p1b: Basculegion|1\n|-damage|p1a: Sneasler|77/100\n|-damage|p1b: Basculegion|60/100\n|-unboost|p1a: Sneasler|spe|1\n|-unboost|p1b: Basculegion|spe|1\n|-enditem|p1a: Sneasler|White Herb\n|-clearnegativeboost|p1a: Sneasler|[silent]\n|\n|upkeep\n|turn|2\n|\n|t:|1776109486\n|switch|p1b: Archaludon|Archaludon, L50, M|100/100\n|move|p1a: Sneasler|Dire Claw|p2a: Whimsicott\n|-supereffective|p2a: Whimsicott|2\n|-damage|p2a: Whimsicott|0 fnt\n|faint|p2a: Whimsicott\n|move|p2b: Rotom|Electroweb|p1a: Sneasler|[spread] p1b\n|-miss|p2b: Rotom|p1a: Sneasler\n|-resisted|p1b: Archaludon|1\n|-damage|p1b: Archaludon|92/100\n|-unboost|p1b: Archaludon|spe|1\n|-ability|p1b: Archaludon|Stamina|boost\n|-boost|p1b: Archaludon|def|1\n|\n|-heal|p1b: Archaludon|98/100|[from] item: Leftovers\n|upkeep\n|\n|t:|1776109509\n|switch|p2a: Glimmora|Glimmora, L50, F, shiny|100/100\n|turn|3\n|\n|t:|1776109521\n|detailschange|p2a: Glimmora|Glimmora-Mega, L50, F, shiny\n|-mega|p2a: Glimmora|Glimmora|Glimmoranite\n|move|p1a: Sneasler|Dire Claw|p2b: Rotom\n|-damage|p2b: Rotom|10/100\n|move|p2a: Glimmora|Earth Power|p1a: Sneasler\n|-supereffective|p1a: Sneasler|1\n|-damage|p1a: Sneasler|0 fnt\n|faint|p1a: Sneasler\n|move|p2b: Rotom|Will-O-Wisp|p1b: Archaludon\n|-status|p1b: Archaludon|brn\n|move|p1b: Archaludon|Flash Cannon|p2a: Glimmora\n|-supereffective|p2a: Glimmora|1\n|-damage|p2a: Glimmora|12/100\n|\n|-heal|p1b: Archaludon|100/100 brn|[from] item: Leftovers\n|-damage|p1b: Archaludon|94/100 brn|[from] brn\n|upkeep\n|inactive|WaluigiVGC has 30 seconds left.\n|\n|t:|1776109549\n|switch|p1a: Pelipper|Pelipper, L50, F|100/100\n|-weather|RainDance|[from] ability: Drizzle|[of] p1a: Pelipper\n|turn|4\n|\n|t:|1776109565\n|move|p2a: Glimmora|Earth Power|p1b: Archaludon\n|-supereffective|p1b: Archaludon|1\n|-damage|p1b: Archaludon|11/100 brn\n|-ability|p1b: Archaludon|Stamina|boost\n|-boost|p1b: Archaludon|def|1\n|move|p2b: Rotom|Electroweb|p1b: Archaludon|[spread] p1a,p1b\n|-supereffective|p1a: Pelipper|2\n|-resisted|p1b: Archaludon|1\n|-enditem|p1a: Pelipper|Focus Sash\n|-damage|p1a: Pelipper|1/100\n|-damage|p1b: Archaludon|2/100 brn\n|-unboost|p1a: Pelipper|spe|1\n|-unboost|p1b: Archaludon|spe|1\n|-ability|p1b: Archaludon|Stamina|boost\n|-boost|p1b: Archaludon|def|1\n|move|p1a: Pelipper|Weather Ball|p2a: Glimmora\n|-supereffective|p2a: Glimmora|1\n|-damage|p2a: Glimmora|0 fnt\n|faint|p2a: Glimmora\n|move|p1b: Archaludon|Electro Shot||[still]\n|-prepare|p1b: Archaludon|Electro Shot\n|-boost|p1b: Archaludon|spa|1\n|-anim|p1b: Archaludon|Electro Shot|p2b: Rotom\n|-damage|p2b: Rotom|0 fnt\n|faint|p2b: Rotom\n|\n|-weather|RainDance|[upkeep]\n|-heal|p1b: Archaludon|8/100 brn|[from] item: Leftovers\n|-damage|p1b: Archaludon|2/100 brn|[from] brn\n|upkeep\n|\n|t:|1776109589\n|switch|p2a: Krookodile|Krookodile, L50, F, shiny|100/100\n|turn|5\n|\n|t:|1776109611\n|move|p2a: Krookodile|High Horsepower|p1a: Pelipper\n|-immune|p1a: Pelipper\n|move|p1a: Pelipper|Weather Ball|p2a: Krookodile\n|-supereffective|p2a: Krookodile|1\n|-damage|p2a: Krookodile|0 fnt\n|faint|p2a: Krookodile\n|\n|win|WaluigiVGC\n|raw|WaluigiVGC's rating: 1103 &rarr; <strong>1128</strong><br />(+25 for winning)\n|raw|lufox2.0's rating: 1101 &rarr; <strong>1076</strong><br />(-25 for losing)\n",
  "uploadtime": 1776109620,
  "views": 11,
  "formatid": "gen9championsvgc2026regma",
  "rating": 1076,
  "private": 0,
  "password": null
}