{
  "id": "gen9championsvgc2026regma-2584453462",
  "format": "[Gen 9 Champions] VGC 2026 Reg M-A",
  "players": [
    "steamboatwilly",
    "Qloser"
  ],
  "log": "|j|\u2606steamboatwilly\n|j|\u2606Qloser\n|t:|1776261931\n|gametype|doubles\n|player|p1|steamboatwilly|cynthia|1306\n|player|p2|Qloser|norman|1310\n|gen|9\n|tier|[Gen 9 Champions] VGC 2026 Reg M-A\n|rated|\n|rule|Species Clause: Limit one of each Pok\u00e9mon\n|rule|Item Clause: Limit 1 of each item\n|clearpoke\n|poke|p1|Froslass, L50, F|\n|poke|p1|Garchomp, L50, M|\n|poke|p1|Incineroar, L50, F|\n|poke|p1|Rotom-Wash, L50|\n|poke|p1|Aerodactyl, L50, F|\n|poke|p1|Sneasler, L50, F|\n|poke|p2|Charizard, L50, M|\n|poke|p2|Kingambit, L50, F|\n|poke|p2|Rotom-Wash, L50|\n|poke|p2|Tyranitar, L50, F|\n|poke|p2|Sinistcha, L50|\n|poke|p2|Excadrill, L50, F|\n|teampreview|4\n|inactive|Battle timer is ON: inactive players will automatically lose when time's up. (requested by Qloser)\n|inactive|steamboatwilly has 60 seconds left.\n|inactive|steamboatwilly has 30 seconds left.\n|\n|t:|1776261997\n|teamsize|p1|4\n|teamsize|p2|4\n|start\n|switch|p1a: Rotom|Rotom-Wash, L50, shiny|100/100\n|switch|p1b: Aerodactyl|Aerodactyl, L50, F, shiny|100/100\n|switch|p2a: Kingambit|Kingambit, L50, F|100/100\n|switch|p2b: Tyranitar|Tyranitar, L50, F|100/100\n|-ability|p1b: Aerodactyl|Unnerve\n|-weather|Sandstorm|[from] ability: Sand Stream|[of] p2b: Tyranitar\n|turn|1\n|inactive|steamboatwilly has 30 seconds left.\n|\n|t:|1776262028\n|move|p1a: Rotom|Trick|p2a: Kingambit\n|-activate|p1a: Rotom|move: Trick|[of] p2a: Kingambit\n|-item|p2a: Kingambit|Choice Scarf|[from] move: Trick\n|-item|p1a: Rotom|Black Glasses|[from] move: Trick\n|move|p1b: Aerodactyl|Tailwind|p1b: Aerodactyl\n|-sidestart|p1: steamboatwilly|move: Tailwind\n|move|p2b: Tyranitar|Knock Off|p1b: Aerodactyl\n|-damage|p1b: Aerodactyl|29/100\n|-enditem|p1b: Aerodactyl|Focus Sash|[from] move: Knock Off|[of] p2b: Tyranitar\n|move|p2a: Kingambit|Kowtow Cleave|p1b: Aerodactyl\n|-damage|p1b: Aerodactyl|0 fnt\n|faint|p1b: Aerodactyl\n|\n|-weather|Sandstorm|[upkeep]\n|-damage|p1a: Rotom|95/100|[from] Sandstorm\n|upkeep\n|\n|t:|1776262052\n|switch|p1b: Garchomp|Garchomp, L50, M, shiny|100/100\n|turn|2\n|\n|t:|1776262066\n|switch|p2b: Sinistcha|Sinistcha, L50|100/100\n|move|p1b: Garchomp|Earthquake|p2a: Kingambit|[spread] p2a,p2b\n|-immune|p1a: Rotom|[from] ability: Levitate\n|-supereffective|p2a: Kingambit|1\n|-resisted|p2b: Sinistcha|1\n|-damage|p2a: Kingambit|28/100\n|-damage|p2b: Sinistcha|83/100\n|move|p1a: Rotom|Hydro Pump|p2b: Sinistcha\n|-resisted|p2b: Sinistcha|1\n|-damage|p2b: Sinistcha|60/100\n|move|p2a: Kingambit|Kowtow Cleave|p1a: Rotom\n|-damage|p1a: Rotom|32/100\n|\n|-weather|Sandstorm|[upkeep]\n|-damage|p1a: Rotom|26/100|[from] Sandstorm\n|-damage|p2b: Sinistcha|54/100|[from] Sandstorm\n|-heal|p2b: Sinistcha|60/100|[from] item: Leftovers\n|upkeep\n|turn|3\n|inactive|steamboatwilly has 30 seconds left.\n|\n|t:|1776262094\n|move|p1b: Garchomp|Earthquake|p2b: Sinistcha|[spread] p2a,p2b\n|-immune|p1a: Rotom|[from] ability: Levitate\n|-supereffective|p2a: Kingambit|1\n|-resisted|p2b: Sinistcha|1\n|-damage|p2a: Kingambit|0 fnt\n|-damage|p2b: Sinistcha|41/100\n|faint|p2a: Kingambit\n|move|p1a: Rotom|Volt Switch|p2b: Sinistcha\n|-resisted|p2b: Sinistcha|1\n|-damage|p2b: Sinistcha|24/100\n|\n|t:|1776262103\n|switch|p1a: Sneasler|Sneasler, L50, F, shiny|100/100|[from] Volt Switch\n|move|p2b: Sinistcha|Matcha Gotcha|p1a: Sneasler|[spread] p1a,p1b\n|-resisted|p1a: Sneasler|1\n|-damage|p1a: Sneasler|83/100\n|-heal|p2b: Sinistcha|32/100|[from] drain|[of] p1a: Sneasler\n|-damage|p1b: Garchomp|76/100\n|-heal|p2b: Sinistcha|45/100|[from] drain|[of] p1b: Garchomp\n|\n|-weather|Sandstorm|[upkeep]\n|-damage|p1a: Sneasler|77/100|[from] Sandstorm\n|-damage|p2b: Sinistcha|39/100|[from] Sandstorm\n|-heal|p2b: Sinistcha|45/100|[from] item: Leftovers\n|upkeep\n|\n|t:|1776262116\n|switch|p2a: Excadrill|Excadrill, L50, F|100/100\n|turn|4\n|inactive|steamboatwilly has 30 seconds left.\n|\n|t:|1776262145\n|move|p2a: Excadrill|Protect|p2a: Excadrill\n|-singleturn|p2a: Excadrill|Protect\n|move|p1a: Sneasler|Fake Out|p2a: Excadrill\n|-activate|p2a: Excadrill|move: Protect\n|move|p1b: Garchomp|Dragon Claw|p2b: Sinistcha\n|-damage|p2b: Sinistcha|11/100\n|move|p2b: Sinistcha|Strength Sap|p1a: Sneasler\n|-unboost|p1a: Sneasler|atk|1\n|-heal|p2b: Sinistcha|100/100\n|-enditem|p1a: Sneasler|White Herb\n|-clearnegativeboost|p1a: Sneasler|[silent]\n|\n|-weather|Sandstorm|[upkeep]\n|-damage|p1a: Sneasler|71/100|[from] Sandstorm\n|-damage|p2b: Sinistcha|94/100|[from] Sandstorm\n|-heal|p2b: Sinistcha|100/100|[from] item: Leftovers\n|-sideend|p1: steamboatwilly|move: Tailwind\n|upkeep\n|turn|5\n|inactive|steamboatwilly has 30 seconds left.\n|inactive|steamboatwilly has 20 seconds left.\n|inactive|steamboatwilly has 15 seconds left.\n|\n|t:|1776262186\n|switch|p1a: Rotom|Rotom-Wash, L50, shiny|26/100\n|move|p2b: Sinistcha|Rage Powder|p2b: Sinistcha\n|-singleturn|p2b: Sinistcha|move: Rage Powder\n|move|p2a: Excadrill|High Horsepower|p1a: Rotom\n|-immune|p1a: Rotom|[from] ability: Levitate\n|move|p1b: Garchomp|Earthquake|p2a: Excadrill|[spread] p2a,p2b\n|-immune|p1a: Rotom|[from] ability: Levitate\n|-supereffective|p2a: Excadrill|1\n|-resisted|p2b: Sinistcha|1\n|-enditem|p2a: Excadrill|Focus Sash\n|-damage|p2a: Excadrill|1/100\n|-damage|p2b: Sinistcha|81/100\n|\n|-weather|none\n|-heal|p2b: Sinistcha|87/100|[from] item: Leftovers\n|upkeep\n|turn|6\n|inactive|steamboatwilly has 30 seconds left.\n|inactive|steamboatwilly has 20 seconds left.\n|\n|t:|1776262221\n|switch|p2b: Tyranitar|Tyranitar, L50, F|100/100\n|-weather|Sandstorm|[from] ability: Sand Stream|[of] p2b: Tyranitar\n|move|p2a: Excadrill|Rock Slide|p1b: Garchomp|[spread] p1a,p1b\n|-resisted|p1b: Garchomp|1\n|-damage|p1a: Rotom|0 fnt\n|-damage|p1b: Garchomp|66/100\n|faint|p1a: Rotom\n|move|p1b: Garchomp|Earthquake|p2a: Excadrill|[spread] p2a,p2b\n|-supereffective|p2a: Excadrill|1\n|-supereffective|p2b: Tyranitar|1\n|-damage|p2a: Excadrill|0 fnt\n|-damage|p2b: Tyranitar|7/100\n|faint|p2a: Excadrill\n|\n|-weather|Sandstorm|[upkeep]\n|upkeep\n|\n|t:|1776262237\n|switch|p1a: Sneasler|Sneasler, L50, F, shiny|71/100\n|switch|p2a: Sinistcha|Sinistcha, L50|87/100\n|-heal|p2b: Tyranitar|32/100|[from] ability: Hospitality|[of] p2a: Sinistcha\n|turn|7\n|\n|t:|1776262253\n|move|p1a: Sneasler|Protect|p1a: Sneasler\n|-singleturn|p1a: Sneasler|Protect\n|move|p2b: Tyranitar|Ice Punch|p1b: Garchomp\n|-supereffective|p1b: Garchomp|2\n|-crit|p1b: Garchomp\n|-damage|p1b: Garchomp|0 fnt\n|-damage|p2b: Tyranitar|20/100|[from] ability: Rough Skin|[of] p1b: Garchomp\n|faint|p1b: Garchomp\n|move|p2a: Sinistcha|Matcha Gotcha|p1a: Sneasler\n|-activate|p1a: Sneasler|move: Protect\n|\n|-weather|Sandstorm|[upkeep]\n|-damage|p1a: Sneasler|66/100|[from] Sandstorm\n|-damage|p2a: Sinistcha|81/100|[from] Sandstorm\n|-heal|p2a: Sinistcha|87/100|[from] item: Leftovers\n|upkeep\n|turn|8\n|\n|t:|1776262277\n|move|p2b: Tyranitar|Ice Punch|p1a: Sneasler\n|-damage|p1a: Sneasler|16/100\n|move|p1a: Sneasler|Close Combat|p2b: Tyranitar\n|-supereffective|p2b: Tyranitar|2\n|-damage|p2b: Tyranitar|0 fnt\n|-unboost|p1a: Sneasler|def|1\n|-unboost|p1a: Sneasler|spd|1\n|faint|p2b: Tyranitar\n|move|p2a: Sinistcha|Strength Sap|p1a: Sneasler\n|-unboost|p1a: Sneasler|atk|1\n|-heal|p2a: Sinistcha|100/100\n|\n|-weather|Sandstorm|[upkeep]\n|-damage|p1a: Sneasler|10/100|[from] Sandstorm\n|-damage|p2a: Sinistcha|94/100|[from] Sandstorm\n|-heal|p2a: Sinistcha|100/100|[from] item: Leftovers\n|upkeep\n|turn|9\n|\n|t:|1776262294\n|move|p1a: Sneasler|Dire Claw|p2a: Sinistcha\n|-damage|p2a: Sinistcha|74/100\n|-status|p2a: Sinistcha|psn\n|move|p2a: Sinistcha|Matcha Gotcha|p1a: Sneasler|[miss]\n|-miss|p2a: Sinistcha|p1a: Sneasler\n|\n|-weather|Sandstorm|[upkeep]\n|-damage|p1a: Sneasler|4/100|[from] Sandstorm\n|-damage|p2a: Sinistcha|68/100 psn|[from] Sandstorm\n|-heal|p2a: Sinistcha|74/100 psn|[from] item: Leftovers\n|-damage|p2a: Sinistcha|62/100 psn|[from] psn\n|upkeep\n|turn|10\n|\n|t:|1776262308\n|move|p1a: Sneasler|Dire Claw|p2a: Sinistcha\n|-damage|p2a: Sinistcha|36/100 psn\n|move|p2a: Sinistcha|Matcha Gotcha|p1a: Sneasler\n|-resisted|p1a: Sneasler|1\n|-damage|p1a: Sneasler|0 fnt\n|-heal|p2a: Sinistcha|38/100 psn|[from] drain|[of] p1a: Sneasler\n|faint|p1a: Sneasler\n|\n|win|Qloser\n|raw|steamboatwilly's rating: 1306 &rarr; <strong>1286</strong><br />(-20 for losing)\n|raw|Qloser's rating: 1310 &rarr; <strong>1330</strong><br />(+20 for winning)\n",
  "uploadtime": 1776262308,
  "views": 45,
  "formatid": "gen9championsvgc2026regma",
  "rating": 1286,
  "private": 0,
  "password": null
}