{
  "id": "gen9championsvgc2026regma-2584983096",
  "format": "[Gen 9 Champions] VGC 2026 Reg M-A",
  "players": [
    "galawal",
    "Alfredope"
  ],
  "log": "|j|\u2606galawal\n|j|\u2606Alfredope\n|t:|1776300492\n|gametype|doubles\n|player|p1|galawal|2|1113\n|player|p2|Alfredope|n|1061\n|gen|9\n|tier|[Gen 9 Champions] VGC 2026 Reg M-A\n|rated|\n|rule|Species Clause: Limit one of each Pok\u00e9mon\n|rule|Item Clause: Limit 1 of each item\n|clearpoke\n|poke|p1|Meganium, L50, F|\n|poke|p1|Tyranitar, L50, F|\n|poke|p1|Excadrill, L50, F|\n|poke|p1|Rotom-Wash, L50|\n|poke|p1|Dragapult, L50, M|\n|poke|p1|Sneasler, L50, F|\n|poke|p2|Manectric, L50, M|\n|poke|p2|Pelipper, L50, F|\n|poke|p2|Dragonite, L50, F|\n|poke|p2|Basculegion, L50, M|\n|poke|p2|Sinistcha, L50|\n|poke|p2|Archaludon, L50, M|\n|teampreview|4\n|\n|t:|1776300512\n|teamsize|p1|4\n|teamsize|p2|4\n|start\n|switch|p1a: Dragapult|Dragapult, L50, M|100/100\n|switch|p1b: Meganium|Meganium, L50, F|100/100\n|switch|p2a: Dragonite|Dragonite, L50, F|100/100\n|switch|p2b: Pelipper|Pelipper, L50, F, shiny|100/100\n|-weather|RainDance|[from] ability: Drizzle|[of] p2b: Pelipper\n|turn|1\n|\n|t:|1776300549\n|detailschange|p2a: Dragonite|Dragonite-Mega, L50, F\n|-mega|p2a: Dragonite|Dragonite|Dragoninite\n|detailschange|p1b: Meganium|Meganium-Mega, L50, F\n|-mega|p1b: Meganium|Meganium|Meganiumite\n|move|p2a: Dragonite|Protect|p2a: Dragonite\n|-singleturn|p2a: Dragonite|Protect\n|move|p1a: Dragapult|Dragon Darts|p2b: Pelipper\n|-damage|p2b: Pelipper|76/100\n|-anim|p1a: Dragapult|Dragon Darts|p2b: Pelipper\n|-damage|p2b: Pelipper|53/100\n|move|p1b: Meganium|Dazzling Gleam|p2b: Pelipper|[spread] p2b\n|-activate|p2a: Dragonite|move: Protect\n|-damage|p2b: Pelipper|0 fnt\n|faint|p2b: Pelipper\n|\n|-weather|RainDance|[upkeep]\n|upkeep\n|\n|t:|1776300575\n|switch|p2b: Basculegion|Basculegion, L50, M, shiny|100/100\n|turn|2\n|\n|t:|1776300616\n|switch|p1b: Tyranitar|Tyranitar, L50, F|100/100\n|-weather|Sandstorm|[from] ability: Sand Stream|[of] p1b: Tyranitar\n|move|p1a: Dragapult|Will-O-Wisp|p2b: Basculegion\n|-status|p2b: Basculegion|brn\n|move|p2a: Dragonite|Hurricane|p1b: Tyranitar|[miss]\n|-miss|p2a: Dragonite|p1b: Tyranitar\n|move|p2b: Basculegion|Last Respects|p1a: Dragapult\n|-supereffective|p1a: Dragapult|1\n|-damage|p1a: Dragapult|30/100\n|\n|-weather|Sandstorm|[upkeep]\n|-damage|p1a: Dragapult|24/100|[from] Sandstorm\n|-damage|p2a: Dragonite|94/100|[from] Sandstorm\n|-damage|p2b: Basculegion|94/100 brn|[from] Sandstorm\n|-damage|p2b: Basculegion|88/100 brn|[from] brn\n|upkeep\n|turn|3\n|\n|t:|1776300676\n|switch|p2a: Sinistcha|Sinistcha, L50|100/100\n|-heal|p2b: Basculegion|100/100 brn|[from] ability: Hospitality|[of] p2a: Sinistcha\n|move|p1b: Tyranitar|Protect|p1b: Tyranitar\n|-singleturn|p1b: Tyranitar|Protect\n|move|p1a: Dragapult|Phantom Force||[still]\n|-prepare|p1a: Dragapult|Phantom Force\n|move|p2b: Basculegion|Wave Crash|p1a: Dragapult|[miss]\n|-miss|p2b: Basculegion|p1a: Dragapult\n|\n|-weather|Sandstorm|[upkeep]\n|-damage|p1a: Dragapult|18/100|[from] Sandstorm\n|-damage|p2b: Basculegion|94/100 brn|[from] Sandstorm\n|-damage|p2a: Sinistcha|94/100|[from] Sandstorm\n|-damage|p2b: Basculegion|88/100 brn|[from] brn\n|upkeep\n|turn|4\n|\n|t:|1776300710\n|switch|p1b: Meganium|Meganium-Mega, L50, F|100/100\n|move|p2b: Basculegion|Aqua Jet|p1a: Dragapult|[miss]\n|-miss|p2b: Basculegion|p1a: Dragapult\n|move|p1a: Dragapult|Phantom Force|p2b: Basculegion|[from] lockedmove\n|-supereffective|p2b: Basculegion|1\n|-damage|p2b: Basculegion|0 fnt\n|faint|p2b: Basculegion\n|move|p2a: Sinistcha|Matcha Gotcha|p1b: Meganium|[spread] p1a,p1b\n|-resisted|p1a: Dragapult|1\n|-resisted|p1b: Meganium|1\n|-damage|p1a: Dragapult|0 fnt\n|-heal|p2a: Sinistcha|100/100|[from] drain|[of] p1a: Dragapult\n|-damage|p1b: Meganium|86/100\n|-status|p1b: Meganium|brn\n|faint|p1a: Dragapult\n|\n|-weather|Sandstorm|[upkeep]\n|-damage|p1b: Meganium|80/100 brn|[from] Sandstorm\n|-damage|p2a: Sinistcha|94/100|[from] Sandstorm\n|-damage|p1b: Meganium|74/100 brn|[from] brn\n|upkeep\n|\n|t:|1776300722\n|switch|p1a: Excadrill|Excadrill, L50, F|100/100\n|switch|p2b: Dragonite|Dragonite-Mega, L50, F|94/100\n|turn|5\n|\n|t:|1776300759\n|switch|p1b: Tyranitar|Tyranitar, L50, F|100/100\n|move|p1a: Excadrill|Iron Head|p2a: Sinistcha\n|-damage|p2a: Sinistcha|51/100\n|move|p2b: Dragonite|Hurricane|p1b: Tyranitar|[miss]\n|-miss|p2b: Dragonite|p1b: Tyranitar\n|move|p2a: Sinistcha|Strength Sap|p1a: Excadrill\n|-unboost|p1a: Excadrill|atk|1\n|-heal|p2a: Sinistcha|100/100\n|\n|-weather|Sandstorm|[upkeep]\n|-damage|p2b: Dragonite|88/100|[from] Sandstorm\n|-damage|p2a: Sinistcha|94/100|[from] Sandstorm\n|upkeep\n|turn|6\n|\n|t:|1776300795\n|move|p2a: Sinistcha|Protect|p2a: Sinistcha\n|-singleturn|p2a: Sinistcha|Protect\n|move|p1a: Excadrill|Iron Head|p2a: Sinistcha\n|-activate|p2a: Sinistcha|move: Protect\n|move|p2b: Dragonite|Dragon Pulse|p1a: Excadrill\n|-resisted|p1a: Excadrill|1\n|-damage|p1a: Excadrill|66/100\n|move|p1b: Tyranitar|Ice Punch|p2b: Dragonite\n|-supereffective|p2b: Dragonite|2\n|-damage|p2b: Dragonite|0 fnt\n|faint|p2b: Dragonite\n|\n|-weather|none\n|upkeep\n|turn|7\n|\n|t:|1776300813\n|switch|p1a: Meganium|Meganium-Mega, L50, F|74/100 brn\n|move|p1b: Tyranitar|Knock Off|p2a: Sinistcha\n|-supereffective|p2a: Sinistcha|1\n|-damage|p2a: Sinistcha|0 fnt\n|-enditem|p2a: Sinistcha|Mental Herb|[from] move: Knock Off|[of] p1b: Tyranitar\n|faint|p2a: Sinistcha\n|\n|win|galawal\n|raw|galawal's rating: 1113 &rarr; <strong>1134</strong><br />(+21 for winning)\n|raw|Alfredope's rating: 1061 &rarr; <strong>1045</strong><br />(-16 for losing)\n|l|\u2606Alfredope\n|player|p2|\n",
  "uploadtime": 1776300822,
  "views": 26,
  "formatid": "gen9championsvgc2026regma",
  "rating": 1045,
  "private": 0,
  "password": null
}