{
  "id": "gen9championsvgc2026regma-2581008907",
  "format": "[Gen 9 Champions] VGC 2026 Reg M-A",
  "players": [
    "Vortex-invisible",
    "FastForwardMyGame"
  ],
  "log": "|j|\u2606Vortex-invisible\n|j|\u2606FastForwardMyGame\n|t:|1775951288\n|gametype|doubles\n|player|p1|Vortex-invisible|marnie-masters3|1054\n|player|p2|FastForwardMyGame|cyclist|1130\n|gen|9\n|tier|[Gen 9 Champions] VGC 2026 Reg M-A\n|rated|\n|rule|Species Clause: Limit one of each Pok\u00e9mon\n|rule|Item Clause: Limit 1 of each item\n|clearpoke\n|poke|p1|Lucario, L50, M|\n|poke|p1|Froslass, L50, F|\n|poke|p1|Aerodactyl, L50, F|\n|poke|p1|Garchomp, L50, M|\n|poke|p1|Orthworm, L50, M|\n|poke|p1|Rotom-Wash, L50|\n|poke|p2|Aromatisse, L50, M|\n|poke|p2|Aegislash, L50, M|\n|poke|p2|Ceruledge, L50, M|\n|poke|p2|Aerodactyl, L50, F|\n|poke|p2|Primarina, L50, F|\n|poke|p2|Pangoro, L50, M|\n|teampreview|4\n|inactive|Battle timer is ON: inactive players will automatically lose when time's up. (requested by Vortex-invisible)\n|\n|t:|1775951299\n|teamsize|p1|4\n|teamsize|p2|4\n|start\n|switch|p1a: Aerodactyl|Aerodactyl, L50, F|100/100\n|switch|p1b: Orthworm|Orthworm, L50, M|100/100\n|switch|p2a: HarpNote|Aromatisse, L50, M, shiny|100/100\n|switch|p2b: AcideIllegal|Aegislash, L50, M|100/100\n|-ability|p1a: Aerodactyl|Unnerve\n|turn|1\n|\n|t:|1775951315\n|move|p1a: Aerodactyl|Protect|p1a: Aerodactyl\n|-singleturn|p1a: Aerodactyl|Protect\n|move|p2b: AcideIllegal|Swords Dance|p2b: AcideIllegal\n|-boost|p2b: AcideIllegal|atk|2\n|move|p1b: Orthworm|Shed Tail|p1b: Orthworm\n|-start|p1b: Orthworm|Substitute|[from] move: Shed Tail\n|-damage|p1b: Orthworm|50/100\n|-enditem|p1b: Orthworm|Sitrus Berry|[eat]\n|-heal|p1b: Orthworm|75/100|[from] item: Sitrus Berry\n|\n|t:|1775951323\n|switch|p1b: Lucario|Lucario, L50, M|100/100|[from] Shed Tail\n|move|p2a: HarpNote|Trick Room|p2a: HarpNote\n|-fieldstart|move: Trick Room|[of] p2a: HarpNote\n|\n|upkeep\n|turn|2\n|\n|t:|1775951337\n|detailschange|p1b: Lucario|Lucario-Mega, L50, M\n|-mega|p1b: Lucario|Lucario|Lucarionite\n|move|p1b: Lucario|Bullet Punch|p2a: HarpNote\n|-supereffective|p2a: HarpNote|1\n|-crit|p2a: HarpNote\n|-damage|p2a: HarpNote|10/100\n|move|p2a: HarpNote|Moonblast|p1b: Lucario\n|-end|p1b: Lucario|Substitute\n|-formechange|p2b: AcideIllegal|Aegislash-Blade|\n|move|p2b: AcideIllegal|Close Combat|p1b: Lucario\n|-supereffective|p1b: Lucario|1\n|-damage|p1b: Lucario|0 fnt\n|-unboost|p2b: AcideIllegal|def|1\n|-unboost|p2b: AcideIllegal|spd|1\n|faint|p1b: Lucario\n|-enditem|p2b: AcideIllegal|White Herb\n|-clearnegativeboost|p2b: AcideIllegal|[silent]\n|move|p1a: Aerodactyl|Rock Slide|p2a: HarpNote|[spread] p2a,p2b\n|-resisted|p2b: AcideIllegal|1\n|-damage|p2a: HarpNote|0 fnt\n|-damage|p2b: AcideIllegal|80/100\n|faint|p2a: HarpNote\n|\n|upkeep\n|\n|t:|1775951353\n|switch|p2a: DreadJoker|Pangoro, L50, M|100/100\n|switch|p1b: Orthworm|Orthworm, L50, M|75/100\n|turn|3\n|\n|t:|1775951362\n|move|p1b: Orthworm|Shed Tail|p1b: Orthworm\n|-start|p1b: Orthworm|Substitute|[from] move: Shed Tail\n|-damage|p1b: Orthworm|25/100\n|\n|t:|1775951366\n|switch|p1b: Garchomp|Garchomp, L50, M|100/100|[from] Shed Tail\n|move|p2b: AcideIllegal|Poltergeist|p1a: Aerodactyl\n|-activate|p1a: Aerodactyl|move: Poltergeist|Focus Sash\n|-enditem|p1a: Aerodactyl|Focus Sash\n|-damage|p1a: Aerodactyl|1/100\n|move|p2a: DreadJoker|Close Combat|p1b: Garchomp\n|-end|p1b: Garchomp|Substitute\n|-unboost|p2a: DreadJoker|def|1\n|-unboost|p2a: DreadJoker|spd|1\n|move|p1a: Aerodactyl|Dual Wingbeat|p2a: DreadJoker\n|-supereffective|p2a: DreadJoker|1\n|-damage|p2a: DreadJoker|35/100\n|-supereffective|p2a: DreadJoker|1\n|-damage|p2a: DreadJoker|0 fnt\n|faint|p2a: DreadJoker\n|-hitcount|p2: DreadJoker|2\n|\n|upkeep\n|\n|t:|1775951383\n|switch|p2a: Starforce.OS|Ceruledge, L50, M, shiny|100/100\n|turn|4\n|\n|t:|1775951405\n|switch|p1a: Orthworm|Orthworm, L50, M|25/100\n|-formechange|p2b: AcideIllegal|Aegislash|\n|move|p2b: AcideIllegal|King's Shield|p2b: AcideIllegal\n|-singleturn|p2b: AcideIllegal|Protect\n|move|p2a: Starforce.OS|Bitter Blade|p1a: Orthworm\n|-supereffective|p1a: Orthworm|1\n|-damage|p1a: Orthworm|0 fnt\n|faint|p1a: Orthworm\n|move|p1b: Garchomp|Earthquake|p2b: AcideIllegal|[spread] p2a\n|-activate|p2b: AcideIllegal|move: Protect\n|-supereffective|p2a: Starforce.OS|1\n|-damage|p2a: Starforce.OS|4/100\n|-ability|p2a: Starforce.OS|Weak Armor|boost\n|-unboost|p2a: Starforce.OS|def|1\n|-boost|p2a: Starforce.OS|spe|2\n|\n|upkeep\n|\n|t:|1775951408\n|switch|p1a: Aerodactyl|Aerodactyl, L50, F|1/100\n|-ability|p1a: Aerodactyl|Unnerve\n|turn|5\n|\n|t:|1775951425\n|move|p1a: Aerodactyl|Protect|p1a: Aerodactyl\n|-singleturn|p1a: Aerodactyl|Protect\n|move|p2a: Starforce.OS|Protect|p2a: Starforce.OS\n|-singleturn|p2a: Starforce.OS|Protect\n|-formechange|p2b: AcideIllegal|Aegislash-Blade|\n|move|p2b: AcideIllegal|Poltergeist|p1b: Garchomp\n|-activate|p1b: Garchomp|move: Poltergeist|Choice Scarf\n|-damage|p1b: Garchomp|0 fnt\n|faint|p1b: Garchomp\n|\n|-fieldend|move: Trick Room\n|upkeep\n|turn|6\n|\n|t:|1775951439\n|move|p2a: Starforce.OS|Phantom Force||[still]\n|-prepare|p2a: Starforce.OS|Phantom Force\n|move|p1a: Aerodactyl|Rock Slide|p2b: AcideIllegal|[spread] p2b\n|-miss|p1a: Aerodactyl|p2a: Starforce.OS\n|-resisted|p2b: AcideIllegal|1\n|-damage|p2b: AcideIllegal|56/100\n|move|p2b: AcideIllegal|Close Combat|p1a: Aerodactyl\n|-damage|p1a: Aerodactyl|0 fnt\n|-unboost|p2b: AcideIllegal|def|1\n|-unboost|p2b: AcideIllegal|spd|1\n|faint|p1a: Aerodactyl\n|\n|win|FastForwardMyGame\n|raw|Vortex-invisible's rating: 1054 &rarr; <strong>1040</strong><br />(-14 for losing)\n|raw|FastForwardMyGame's rating: 1130 &rarr; <strong>1150</strong><br />(+20 for winning)\n|l|\u2606FastForwardMyGame\n|player|p2|\n",
  "uploadtime": 1775951453,
  "views": 15,
  "formatid": "gen9championsvgc2026regma",
  "rating": 1040,
  "private": 0,
  "password": null
}