{
  "id": "gen9championsvgc2026regma-2588652407",
  "format": "[Gen 9 Champions] VGC 2026 Reg M-A",
  "players": [
    "IrwinFonda",
    "Heartway"
  ],
  "log": "|j|\u2606IrwinFonda\n|j|\u2606Heartway\n|t:|1776654031\n|gametype|doubles\n|player|p1|IrwinFonda|lucas|1000\n|player|p2|Heartway|170|1060\n|gen|9\n|tier|[Gen 9 Champions] VGC 2026 Reg M-A\n|rated|\n|rule|Species Clause: Limit one of each Pok\u00e9mon\n|rule|Item Clause: Limit 1 of each item\n|clearpoke\n|poke|p1|Victreebel, L50, F|\n|poke|p1|Farigiraf, L50, F|\n|poke|p1|Aerodactyl, L50, F|\n|poke|p1|Sinistcha, L50|\n|poke|p1|Garchomp, L50, F|\n|poke|p1|Tyranitar, L50, M|\n|poke|p2|Alcremie, L50, F|\n|poke|p2|Chimecho, L50, F|\n|poke|p2|Sinistcha, L50|\n|poke|p2|Incineroar, L50, M|\n|poke|p2|Rotom-Wash, L50|\n|poke|p2|Orthworm, L50, F|\n|teampreview|4\n|\n|t:|1776654053\n|teamsize|p1|4\n|teamsize|p2|4\n|start\n|switch|p1a: Victreebel|Victreebel, L50, F|100/100\n|switch|p1b: Farigiraf|Farigiraf, L50, F|100/100\n|switch|p2a: Rotom|Rotom-Wash, L50|100/100\n|switch|p2b: Chimecho|Chimecho, L50, F|100/100\n|turn|1\n|inactive|Battle timer is ON: inactive players will automatically lose when time's up. (requested by IrwinFonda)\n|\n|t:|1776654067\n|detailschange|p2b: Chimecho|Chimecho-Mega, L50, F\n|-mega|p2b: Chimecho|Chimecho|Chimechite\n|detailschange|p1a: Victreebel|Victreebel-Mega, L50, F\n|-mega|p1a: Victreebel|Victreebel|Victreebelite\n|move|p2a: Rotom|Volt Switch|p1b: Farigiraf\n|-damage|p1b: Farigiraf|71/100\n|\n|t:|1776654076\n|switch|p2a: Sinistcha|Sinistcha, L50|100/100|[from] Volt Switch\n|move|p2b: Chimecho|Cosmic Power|p2b: Chimecho\n|-boost|p2b: Chimecho|def|1\n|-boost|p2b: Chimecho|spd|1\n|move|p1a: Victreebel|Bullet Seed|p1b: Farigiraf\n|-ability|p1b: Farigiraf|Sap Sipper|boost\n|-boost|p1b: Farigiraf|atk|1\n|move|p1b: Farigiraf|Trick Room|p1b: Farigiraf\n|-fieldstart|move: Trick Room|[of] p1b: Farigiraf\n|\n|upkeep\n|turn|2\n|inactive|IrwinFonda has 30 seconds left.\n|\n|t:|1776654105\n|move|p2a: Sinistcha|Rage Powder|p2a: Sinistcha\n|-singleturn|p2a: Sinistcha|move: Rage Powder\n|move|p1b: Farigiraf|Psychic|p2a: Sinistcha\n|-damage|p2a: Sinistcha|68/100\n|move|p1a: Victreebel|Bullet Seed|p1b: Farigiraf\n|-ability|p1b: Farigiraf|Sap Sipper|boost\n|-boost|p1b: Farigiraf|atk|1\n|move|p2b: Chimecho|Cosmic Power|p2b: Chimecho\n|-boost|p2b: Chimecho|def|1\n|-boost|p2b: Chimecho|spd|1\n|\n|upkeep\n|turn|3\n|\n|t:|1776654122\n|move|p1b: Farigiraf|Baton Pass|p1b: Farigiraf\n|\n|t:|1776654124\n|switch|p1b: Tyranitar|Tyranitar, L50, M|100/100|[from] Baton Pass\n|-weather|Sandstorm|[from] ability: Sand Stream|[of] p1b: Tyranitar\n|move|p2a: Sinistcha|Matcha Gotcha|p1b: Tyranitar|[spread] p1b\n|-miss|p2a: Sinistcha|p1a: Victreebel\n|-supereffective|p1b: Tyranitar|1\n|-damage|p1b: Tyranitar|76/100\n|-heal|p2a: Sinistcha|82/100|[from] drain|[of] p1b: Tyranitar\n|move|p1a: Victreebel|Knock Off|p2a: Sinistcha\n|-supereffective|p2a: Sinistcha|1\n|-damage|p2a: Sinistcha|40/100\n|-enditem|p2a: Sinistcha|Focus Sash|[from] move: Knock Off|[of] p1a: Victreebel\n|move|p2b: Chimecho|Cosmic Power|p2b: Chimecho\n|-boost|p2b: Chimecho|def|1\n|-boost|p2b: Chimecho|spd|1\n|\n|-weather|Sandstorm|[upkeep]\n|-damage|p2a: Sinistcha|34/100|[from] Sandstorm\n|-damage|p1a: Victreebel|95/100|[from] Sandstorm\n|upkeep\n|turn|4\n|inactive|IrwinFonda has 30 seconds left.\n|inactive|IrwinFonda has 20 seconds left.\n|inactive|IrwinFonda has 15 seconds left.\n|inactive|IrwinFonda has 10 seconds left.\n|\n|t:|1776654169\n|move|p1b: Tyranitar|Crunch|p2b: Chimecho\n|-supereffective|p2b: Chimecho|1\n|-damage|p2b: Chimecho|42/100\n|move|p1a: Victreebel|Knock Off|p2a: Sinistcha\n|-supereffective|p2a: Sinistcha|1\n|-damage|p2a: Sinistcha|3/100\n|move|p2a: Sinistcha|Matcha Gotcha|p1b: Tyranitar|[spread] p1a,p1b\n|-resisted|p1a: Victreebel|2\n|-supereffective|p1b: Tyranitar|1\n|-damage|p1a: Victreebel|90/100\n|-heal|p2a: Sinistcha|6/100|[from] drain|[of] p1a: Victreebel\n|-damage|p1b: Tyranitar|52/100\n|-heal|p2a: Sinistcha|20/100|[from] drain|[of] p1b: Tyranitar\n|move|p2b: Chimecho|Draining Kiss|p1b: Tyranitar\n|-supereffective|p1b: Tyranitar|1\n|-damage|p1b: Tyranitar|37/100\n|-heal|p2b: Chimecho|56/100|[from] drain|[of] p1b: Tyranitar\n|\n|-weather|Sandstorm|[upkeep]\n|-damage|p2a: Sinistcha|14/100|[from] Sandstorm\n|-damage|p1a: Victreebel|84/100|[from] Sandstorm\n|upkeep\n|turn|5\n|inactive|Heartway has 30 seconds left.\n|\n|t:|1776654195\n|move|p2a: Sinistcha|Rage Powder|p2a: Sinistcha\n|-singleturn|p2a: Sinistcha|move: Rage Powder\n|move|p1b: Tyranitar|Crunch|p2a: Sinistcha\n|-supereffective|p2a: Sinistcha|1\n|-damage|p2a: Sinistcha|0 fnt\n|faint|p2a: Sinistcha\n|move|p1a: Victreebel|Knock Off|p2b: Chimecho\n|-supereffective|p2b: Chimecho|1\n|-damage|p2b: Chimecho|43/100\n|move|p2b: Chimecho|Draining Kiss|p1b: Tyranitar\n|-supereffective|p1b: Tyranitar|1\n|-damage|p1b: Tyranitar|20/100\n|-heal|p2b: Chimecho|58/100|[from] drain|[of] p1b: Tyranitar\n|\n|-weather|Sandstorm|[upkeep]\n|-damage|p1a: Victreebel|78/100|[from] Sandstorm\n|-fieldend|move: Trick Room\n|upkeep\n|\n|t:|1776654209\n|switch|p2a: Alcremie|Alcremie, L50, F|100/100\n|turn|6\n|\n|t:|1776654229\n|switch|p1a: Sinistcha|Sinistcha, L50|100/100\n|-heal|p1b: Tyranitar|45/100|[from] ability: Hospitality|[of] p1a: Sinistcha\n|move|p2a: Alcremie|Helping Hand|p2b: Chimecho\n|-singleturn|p2b: Chimecho|Helping Hand|[of] p2a: Alcremie\n|move|p2b: Chimecho|Draining Kiss|p1b: Tyranitar\n|-supereffective|p1b: Tyranitar|1\n|-damage|p1b: Tyranitar|20/100\n|-heal|p2b: Chimecho|80/100|[from] drain|[of] p1b: Tyranitar\n|move|p1b: Tyranitar|Rock Slide|p2a: Alcremie|[spread] p2a,p2b\n|-resisted|p2b: Chimecho|1\n|-damage|p2a: Alcremie|35/100\n|-damage|p2b: Chimecho|71/100\n|\n|-weather|Sandstorm|[upkeep]\n|-damage|p1a: Sinistcha|94/100|[from] Sandstorm\n|-damage|p2a: Alcremie|29/100|[from] Sandstorm\n|-heal|p1a: Sinistcha|100/100|[from] item: Leftovers\n|upkeep\n|turn|7\n|\n|t:|1776654253\n|move|p1a: Sinistcha|Rage Powder|p1a: Sinistcha\n|-singleturn|p1a: Sinistcha|move: Rage Powder\n|move|p2b: Chimecho|Draining Kiss|p1a: Sinistcha\n|-damage|p1a: Sinistcha|85/100\n|-heal|p2b: Chimecho|82/100|[from] drain|[of] p1a: Sinistcha\n|move|p2a: Alcremie|Decorate|p1a: Sinistcha\n|-boost|p1a: Sinistcha|atk|2\n|-boost|p1a: Sinistcha|spa|2\n|move|p1b: Tyranitar|Crunch|p2b: Chimecho\n|-supereffective|p2b: Chimecho|1\n|-damage|p2b: Chimecho|23/100\n|\n|-weather|none\n|-heal|p1a: Sinistcha|92/100|[from] item: Leftovers\n|upkeep\n|turn|8\n|\n|t:|1776654273\n|move|p1a: Sinistcha|Rage Powder|p1a: Sinistcha\n|-singleturn|p1a: Sinistcha|move: Rage Powder\n|move|p2b: Chimecho|Stored Power|p1a: Sinistcha\n|-damage|p1a: Sinistcha|27/100\n|move|p2a: Alcremie|Dazzling Gleam|p1a: Sinistcha|[spread] p1a,p1b\n|-supereffective|p1b: Tyranitar|1\n|-damage|p1a: Sinistcha|6/100\n|-damage|p1b: Tyranitar|0 fnt\n|faint|p1b: Tyranitar\n|\n|-heal|p1a: Sinistcha|12/100|[from] item: Leftovers\n|upkeep\n|\n|t:|1776654282\n|switch|p1b: Victreebel|Victreebel-Mega, L50, F|78/100\n|turn|9\n|inactive|Heartway has 30 seconds left.\n|\n|t:|1776654308\n|switch|p1a: Farigiraf|Farigiraf, L50, F|71/100\n|move|p2b: Chimecho|Stored Power|p1a: Farigiraf\n|-resisted|p1a: Farigiraf|1\n|-damage|p1a: Farigiraf|43/100\n|-enditem|p1a: Farigiraf|Sitrus Berry|[eat]\n|-heal|p1a: Farigiraf|68/100|[from] item: Sitrus Berry\n|move|p1b: Victreebel|Knock Off|p2a: Alcremie|[miss]\n|-miss|p1b: Victreebel|p2a: Alcremie\n|move|p2a: Alcremie|Dazzling Gleam|p1a: Farigiraf|[spread] p1a,p1b\n|-resisted|p1b: Victreebel|1\n|-damage|p1a: Farigiraf|47/100\n|-damage|p1b: Victreebel|69/100\n|\n|upkeep\n|turn|10\n|\n|t:|1776654325\n|move|p2b: Chimecho|Draining Kiss|p1a: Farigiraf\n|-damage|p1a: Farigiraf|34/100\n|-heal|p2b: Chimecho|36/100|[from] drain|[of] p1a: Farigiraf\n|move|p1b: Victreebel|Knock Off|p2a: Alcremie\n|-resisted|p2a: Alcremie|1\n|-damage|p2a: Alcremie|14/100\n|-enditem|p2a: Alcremie|Bright Powder|[from] move: Knock Off|[of] p1b: Victreebel\n|move|p2a: Alcremie|Decorate|p2b: Chimecho\n|-boost|p2b: Chimecho|atk|2\n|-boost|p2b: Chimecho|spa|2\n|move|p1a: Farigiraf|Hyper Voice|p2b: Chimecho|[spread] p2a,p2b\n|-resisted|p2b: Chimecho|1\n|-damage|p2a: Alcremie|0 fnt\n|-damage|p2b: Chimecho|32/100\n|faint|p2a: Alcremie\n|\n|upkeep\n|\n|t:|1776654329\n|switch|p2a: Rotom|Rotom-Wash, L50|100/100\n|turn|11\n|inactive|IrwinFonda has 30 seconds left.\n|inactive|IrwinFonda has 20 seconds left.\n|\n|t:|1776654365\n|move|p2a: Rotom|Shadow Ball|p1b: Victreebel\n|-damage|p1b: Victreebel|50/100\n|-unboost|p1b: Victreebel|spd|1\n|move|p2b: Chimecho|Draining Kiss|p1a: Farigiraf\n|-damage|p1a: Farigiraf|6/100\n|-heal|p2b: Chimecho|59/100|[from] drain|[of] p1a: Farigiraf\n|move|p1b: Victreebel|Bullet Seed|p2a: Rotom\n|-supereffective|p2a: Rotom|1\n|-damage|p2a: Rotom|71/100\n|-supereffective|p2a: Rotom|1\n|-damage|p2a: Rotom|42/100\n|-hitcount|p2a: Rotom|2\n|move|p1a: Farigiraf|Hyper Voice|p2b: Chimecho|[spread] p2a,p2b\n|-resisted|p2b: Chimecho|1\n|-damage|p2a: Rotom|6/100\n|-damage|p2b: Chimecho|56/100\n|\n|upkeep\n|turn|12\n|\n|t:|1776654387\n|switch|p1a: Sinistcha|Sinistcha, L50|12/100\n|-heal|p1b: Victreebel|75/100|[from] ability: Hospitality|[of] p1a: Sinistcha\n|move|p2a: Rotom|Shadow Ball|p1b: Victreebel\n|-damage|p1b: Victreebel|44/100\n|move|p2b: Chimecho|Stored Power|p1b: Victreebel\n|-supereffective|p1b: Victreebel|1\n|-damage|p1b: Victreebel|0 fnt\n|-damage|p2b: Chimecho|9/100|[from] ability: Innards Out|[of] p1b: Victreebel\n|faint|p1b: Victreebel\n|\n|-heal|p1a: Sinistcha|18/100|[from] item: Leftovers\n|upkeep\n|\n|t:|1776654399\n|switch|p1b: Farigiraf|Farigiraf, L50, F|6/100\n|turn|13\n|\n|t:|1776654411\n|move|p1a: Sinistcha|Rage Powder|p1a: Sinistcha\n|-singleturn|p1a: Sinistcha|move: Rage Powder\n|move|p2a: Rotom|Shadow Ball|p1a: Sinistcha\n|-supereffective|p1a: Sinistcha|1\n|-damage|p1a: Sinistcha|0 fnt\n|faint|p1a: Sinistcha\n|move|p2b: Chimecho|Draining Kiss|p1b: Farigiraf\n|-damage|p1b: Farigiraf|0 fnt\n|-heal|p2b: Chimecho|15/100|[from] drain|[of] p1b: Farigiraf\n|faint|p1b: Farigiraf\n|\n|win|Heartway\n|raw|IrwinFonda's rating: 1000 &rarr; <strong>1000</strong><br />(+0 for losing)\n|raw|Heartway's rating: 1060 &rarr; <strong>1086</strong><br />(+26 for winning)\n|l|\u2606IrwinFonda\n|player|p1|\n",
  "uploadtime": 1776654427,
  "views": 23,
  "formatid": "gen9championsvgc2026regma",
  "rating": 1000,
  "private": 0,
  "password": null
}