{
  "id": "gen9championsvgc2026regma-2587628060",
  "format": "[Gen 9 Champions] VGC 2026 Reg M-A",
  "players": [
    "guyzilla12065",
    "y4kle"
  ],
  "log": "|j|\u2606guyzilla12065\n|j|\u2606y4kle\n|t:|1776548334\n|gametype|doubles\n|player|p1|guyzilla12065|swimmerf|1097\n|player|p2|y4kle|1|1123\n|gen|9\n|tier|[Gen 9 Champions] VGC 2026 Reg M-A\n|rated|\n|rule|Species Clause: Limit one of each Pok\u00e9mon\n|rule|Item Clause: Limit 1 of each item\n|clearpoke\n|poke|p1|Charizard, L50, F, shiny|\n|poke|p1|Venusaur, L50, F, shiny|\n|poke|p1|Incineroar, L50, M, shiny|\n|poke|p1|Basculegion, L50, M, shiny|\n|poke|p1|Rotom-Wash, L50, shiny|\n|poke|p1|Sneasler, L50, M, shiny|\n|poke|p2|Blastoise, L50, F|\n|poke|p2|Sinistcha, L50|\n|poke|p2|Pelipper, L50, F|\n|poke|p2|Kingambit, L50, F|\n|poke|p2|Raichu, L50, F|\n|poke|p2|Incineroar, L50, F|\n|teampreview|4\n|\n|t:|1776548360\n|teamsize|p1|4\n|teamsize|p2|4\n|start\n|switch|p1a: Incineroar|Incineroar, L50, M, shiny|100/100\n|switch|p1b: Rotom|Rotom-Wash, L50, shiny|100/100\n|switch|p2a: Raichu|Raichu, L50, F|100/100\n|switch|p2b: Incineroar|Incineroar, L50, F|100/100\n|-ability|p2b: Incineroar|Intimidate|boost\n|-unboost|p1a: Incineroar|atk|1\n|-unboost|p1b: Rotom|atk|1\n|-ability|p1a: Incineroar|Intimidate|boost\n|-unboost|p2a: Raichu|atk|1\n|-unboost|p2b: Incineroar|atk|1\n|turn|1\n|inactive|Battle timer is ON: inactive players will automatically lose when time's up. (requested by y4kle)\n|\n|t:|1776548389\n|move|p2b: Incineroar|Fake Out|p1b: Rotom\n|-damage|p1b: Rotom|94/100\n|move|p1a: Incineroar|Fake Out|p2b: Incineroar\n|-damage|p2b: Incineroar|95/100\n|move|p2a: Raichu|Nuzzle|p1a: Incineroar\n|-damage|p1a: Incineroar|98/100\n|-status|p1a: Incineroar|par\n|-enditem|p1a: Incineroar|Lum Berry|[eat]\n|-curestatus|p1a: Incineroar|par|[msg]\n|cant|p1b: Rotom|flinch\n|\n|upkeep\n|turn|2\n|inactive|guyzilla12065 has 30 seconds left.\n|inactive|y4kle has 30 seconds left.\n|inactive|y4kle has 20 seconds left.\n|\n|t:|1776548428\n|move|p1b: Rotom|Protect|p1b: Rotom\n|-singleturn|p1b: Rotom|Protect\n|move|p2a: Raichu|Encore|p1a: Incineroar\n|-start|p1a: Incineroar|Encore\n|move|p1a: Incineroar|Fake Out||[still]\n|-hint|Fake Out only works on your first turn out.\n|-fail|p1a: Incineroar\n|move|p2b: Incineroar|Will-O-Wisp|p1b: Rotom\n|-activate|p1b: Rotom|move: Protect\n|\n|upkeep\n|turn|3\n|inactive|guyzilla12065 has 30 seconds left.\n|\n|t:|1776548461\n|switch|p1a: Basculegion|Basculegion, L50, M, shiny|100/100\n|move|p2a: Raichu|Encore|p1b: Rotom\n|-start|p1b: Rotom|Encore\n|move|p1b: Rotom|Protect||[still]\n|-fail|p1b: Rotom\n|move|p2b: Incineroar|Will-O-Wisp|p1a: Basculegion\n|-status|p1a: Basculegion|brn\n|\n|-damage|p1a: Basculegion|94/100 brn|[from] brn\n|upkeep\n|turn|4\n|inactive|guyzilla12065 has 30 seconds left.\n|inactive|y4kle has 30 seconds left.\n|inactive|y4kle has 20 seconds left.\n|\n|t:|1776548496\n|switch|p1b: Incineroar|Incineroar, L50, M, shiny|98/100\n|-ability|p1b: Incineroar|Intimidate|boost\n|-unboost|p2a: Raichu|atk|1\n|-unboost|p2b: Incineroar|atk|1\n|move|p1a: Basculegion|Aqua Jet|p2b: Incineroar\n|-supereffective|p2b: Incineroar|1\n|-damage|p2b: Incineroar|75/100\n|move|p2a: Raichu|Volt Switch|p1a: Basculegion\n|-supereffective|p1a: Basculegion|1\n|-damage|p1a: Basculegion|45/100 brn\n|\n|t:|1776548506\n|switch|p2a: Blastoise|Blastoise, L50, F|100/100|[from] Volt Switch\n|move|p2b: Incineroar|Parting Shot|p1b: Incineroar\n|-unboost|p1b: Incineroar|atk|1\n|-unboost|p1b: Incineroar|spa|1\n|\n|t:|1776548514\n|switch|p2b: Raichu|Raichu, L50, F|100/100|[from] Parting Shot\n|\n|-damage|p1a: Basculegion|39/100 brn|[from] brn\n|upkeep\n|turn|5\n|inactive|guyzilla12065 has 30 seconds left.\n|\n|t:|1776548548\n|switch|p1a: Charizard|Charizard, L50, F, shiny|100/100\n|detailschange|p2a: Blastoise|Blastoise-Mega, L50, F\n|-mega|p2a: Blastoise|Blastoise|Blastoisinite\n|move|p2b: Raichu|Fake Out|p1b: Incineroar\n|-damage|p1b: Incineroar|92/100\n|cant|p1b: Incineroar|flinch\n|move|p2a: Blastoise|Water Spout|p1b: Incineroar|[spread] p1a,p1b\n|-supereffective|p1a: Charizard|1\n|-supereffective|p1b: Incineroar|1\n|-damage|p1a: Charizard|0 fnt\n|-damage|p1b: Incineroar|0 fnt\n|faint|p1a: Charizard\n|faint|p1b: Incineroar\n|\n|upkeep\n|\n|t:|1776548565\n|switch|p1a: Basculegion|Basculegion, L50, M, shiny|39/100 brn\n|switch|p1b: Rotom|Rotom-Wash, L50, shiny|94/100\n|turn|6\n|inactive|y4kle has 30 seconds left.\n|\n|t:|1776548590\n|move|p1a: Basculegion|Wave Crash|p2b: Raichu\n|-damage|p2b: Raichu|56/100\n|-damage|p1a: Basculegion|26/100 brn|[from] Recoil\n|move|p2b: Raichu|Nuzzle|p1a: Basculegion\n|-supereffective|p1a: Basculegion|1\n|-damage|p1a: Basculegion|11/100 brn\n|move|p1b: Rotom|Thunderbolt|p2b: Raichu\n|-activate|p2b: Raichu|ability: Lightning Rod\n|-ability|p2b: Raichu|Lightning Rod|boost\n|-boost|p2b: Raichu|spa|1\n|move|p2a: Blastoise|Water Spout|p1a: Basculegion|[spread] p1a,p1b\n|-resisted|p1a: Basculegion|1\n|-resisted|p1b: Rotom|1\n|-damage|p1a: Basculegion|0 fnt\n|-damage|p1b: Rotom|59/100\n|faint|p1a: Basculegion\n|\n|upkeep\n|turn|7\n|\n|t:|1776548612\n|move|p2b: Raichu|Encore|p1b: Rotom\n|-start|p1b: Rotom|Encore\n|move|p1b: Rotom|Thunderbolt|p2b: Raichu\n|-activate|p2b: Raichu|ability: Lightning Rod\n|-ability|p2b: Raichu|Lightning Rod|boost\n|-boost|p2b: Raichu|spa|1\n|move|p2a: Blastoise|Dark Pulse|p1b: Rotom\n|-damage|p1b: Rotom|4/100\n|-enditem|p1b: Rotom|Sitrus Berry|[eat]\n|-heal|p1b: Rotom|29/100|[from] item: Sitrus Berry\n|\n|upkeep\n|turn|8\n|\n|t:|1776548627\n|move|p2b: Raichu|Nuzzle|p1b: Rotom\n|-damage|p1b: Rotom|23/100\n|move|p1b: Rotom|Thunderbolt|p2b: Raichu\n|-activate|p2b: Raichu|ability: Lightning Rod\n|-ability|p2b: Raichu|Lightning Rod|boost\n|-boost|p2b: Raichu|spa|1\n|move|p2a: Blastoise|Dark Pulse|p1b: Rotom\n|-damage|p1b: Rotom|0 fnt\n|faint|p1b: Rotom\n|\n|win|y4kle\n|raw|guyzilla12065's rating: 1097 &rarr; <strong>1074</strong><br />(-23 for losing)\n|raw|y4kle's rating: 1123 &rarr; <strong>1146</strong><br />(+23 for winning)\n|l|\u2606guyzilla12065\n|player|p1|\n",
  "uploadtime": 1776548644,
  "views": 16,
  "formatid": "gen9championsvgc2026regma",
  "rating": 1074,
  "private": 0,
  "password": null
}