{
  "id": "gen9championsvgc2026regma-2583013079",
  "format": "[Gen 9 Champions] VGC 2026 Reg M-A",
  "players": [
    "h0nchkrow",
    "Pataru"
  ],
  "log": "|j|\u2606h0nchkrow\n|j|\u2606Pataru\n|html|<table width=\"100%\"><tr><td align=\"left\">h0nchkrow</td><td align=\"right\">Pataru</tr><tr><td align=\"left\"><i class=\"fa fa-circle-o\"></i> <i class=\"fa fa-circle-o\"></i> </td><td align=\"right\"><i class=\"fa fa-circle-o\"></i> <i class=\"fa fa-circle-o\"></i> </tr></table>\n|uhtml|bestof|<h2><strong>Game 1</strong> of <a href=\"/game-bestof3-gen9championsvgc2026regma-2583013078\">a best-of-3</a></h2>\n|t:|1776133316\n|gametype|doubles\n|player|p1|h0nchkrow|preschooler|\n|player|p2|Pataru|fisherman-gen4|\n|gen|9\n|tier|[Gen 9 Champions] VGC 2026 Reg M-A\n|rated|Tournament battle\n|rule|Species Clause: Limit one of each Pok\u00e9mon\n|rule|Item Clause: Limit 1 of each item\n|raw|<div class=\"infobox\"><details class=\"readmore\" open><summary><strong>2 custom rules:</strong></summary> Force Open Team Sheets, Best of = 3</details></div>\n|clearpoke\n|poke|p1|Floette-Eternal, L50, F|\n|poke|p1|Maushold, L50|\n|poke|p1|Garchomp, L50, F|\n|poke|p1|Talonflame, L50, F|\n|poke|p1|Rotom-Wash, L50|\n|poke|p1|Aegislash, L50, M|\n|poke|p2|Whimsicott, L50, F|\n|poke|p2|Froslass, L50, F|\n|poke|p2|Sneasler, L50, F|\n|poke|p2|Rotom-Wash, L50|\n|poke|p2|Arcanine-Hisui, L50, F|\n|poke|p2|Garchomp, L50, M|\n|teampreview|4\n|showteam|p1|Floette-Eternal||Floettite|FlowerVeil|Moonblast,DazzlingGleam,CalmMind,Protect|||F|||50|]Maushold||FocusSash|FriendGuard|SuperFang,Taunt,FollowMe,Protect||||||50|]Garchomp||SoftSand|RoughSkin|Earthquake,StompingTantrum,StoneEdge,Protect|||F|||50|]Talonflame|||GaleWings|Acrobatics,FlareBlitz,Tailwind,Protect|||F|||50|]Rotom-Wash||SitrusBerry|Levitate|HydroPump,VoltSwitch,Thunderbolt,HelpingHand||||||50|]Aegislash||SpellTag|StanceChange|Poltergeist,ShadowSneak,IronHead,KingsShield|||M|||50|\n|showteam|p2|Whimsicott||FocusSash|Prankster|Tailwind,Encore,Taunt,Moonblast|||F|||50|]Froslass||Froslassite|SnowCloak|Blizzard,ShadowBall,AuroraVeil,Protect|||F|||50|]Sneasler||WhiteHerb|Unburden|FakeOut,CloseCombat,DireClaw,Protect|||F|||50|]Rotom-Wash||Leftovers|Levitate|HydroPump,VoltSwitch,WillOWisp,Protect||||||50|]Arcanine-Hisui||KingsRock|Intimidate|FlareBlitz,RockSlide,ExtremeSpeed,Protect|||F|||50|]Garchomp||ChoiceScarf|RoughSkin|StompingTantrum,Bulldoze,RockSlide,DragonClaw|||M|||50|\n|inactive|Battle timer is ON: inactive players will automatically lose when time's up. (requested by h0nchkrow)\n|j| xHoliTheus\n|inactive|h0nchkrow has 60 seconds left.\n|c| xHoliTheus|Gl yall\n|\n|t:|1776133353\n|teamsize|p1|4\n|teamsize|p2|4\n|start\n|switch|p1a: Floette|Floette-Eternal, L50, F|100/100\n|switch|p1b: Maushold|Maushold, L50|100/100\n|switch|p2a: Whimsicott|Whimsicott, L50, F|100/100\n|switch|p2b: Froslass|Froslass, L50, F|100/100\n|turn|1\n|\n|t:|1776133372\n|detailschange|p2b: Froslass|Froslass-Mega, L50, F\n|-mega|p2b: Froslass|Froslass|Froslassite\n|-weather|Snowscape|[from] ability: Snow Warning|[of] p2b: Froslass\n|detailschange|p1a: Floette|Floette-Mega, L50, F\n|-mega|p1a: Floette|Floette|Floettite\n|-ability|p1a: Floette|Fairy Aura\n|move|p2a: Whimsicott|Tailwind|p2a: Whimsicott\n|-sidestart|p2: Pataru|move: Tailwind\n|move|p2b: Froslass|Blizzard|p1b: Maushold|[spread] p1a,p1b\n|-damage|p1a: Floette|78/100\n|-damage|p1b: Maushold|42/100\n|move|p1b: Maushold|Super Fang|p2a: Whimsicott\n|-damage|p2a: Whimsicott|50/100\n|move|p1a: Floette|Calm Mind|p1a: Floette\n|-boost|p1a: Floette|spa|1\n|-boost|p1a: Floette|spd|1\n|\n|-weather|Snowscape|[upkeep]\n|upkeep\n|turn|2\n|j| Solanum\n|inactive|h0nchkrow has 30 seconds left.\n|\n|t:|1776133405\n|move|p1b: Maushold|Protect|p1b: Maushold\n|-singleturn|p1b: Maushold|Protect\n|move|p2b: Froslass|Aurora Veil|p2b: Froslass\n|-sidestart|p2: Pataru|move: Aurora Veil\n|move|p2a: Whimsicott|Moonblast|p1b: Maushold\n|-activate|p1b: Maushold|move: Protect\n|move|p1a: Floette|Moonblast|p2b: Froslass\n|-damage|p2b: Froslass|0 fnt\n|faint|p2b: Froslass\n|\n|-weather|Snowscape|[upkeep]\n|upkeep\n|\n|t:|1776133410\n|switch|p2b: Sneasler|Sneasler, L50, F|100/100\n|turn|3\n|j| OnToTheOther\n|inactive|h0nchkrow has 30 seconds left.\n|\n|t:|1776133436\n|move|p1a: Floette|Protect|p1a: Floette\n|-singleturn|p1a: Floette|Protect\n|move|p2a: Whimsicott|Taunt|p1b: Maushold\n|-start|p1b: Maushold|move: Taunt\n|move|p2b: Sneasler|Dire Claw|p1a: Floette\n|-activate|p1a: Floette|move: Protect\n|move|p1b: Maushold|Super Fang|p2b: Sneasler|[miss]\n|-miss|p1b: Maushold|p2b: Sneasler\n|\n|-weather|Snowscape|[upkeep]\n|upkeep\n|turn|4\n|j| 4sterisk\n|l| 4sterisk\n|\n|t:|1776133457\n|switch|p1a: Aegislash|Aegislash, L50, M|100/100\n|move|p2b: Sneasler|Dire Claw|p1a: Aegislash\n|-immune|p1a: Aegislash\n|move|p2a: Whimsicott|Moonblast|p1b: Maushold\n|-damage|p1b: Maushold|0 fnt\n|faint|p1b: Maushold\n|\n|-weather|Snowscape|[upkeep]\n|-sideend|p2: Pataru|move: Tailwind\n|upkeep\n|\n|t:|1776133467\n|switch|p1b: Rotom|Rotom-Wash, L50|100/100\n|turn|5\n|\n|t:|1776133482\n|switch|p2b: Rotom|Rotom-Wash, L50|100/100\n|move|p1b: Rotom|Helping Hand|p1a: Aegislash\n|-singleturn|p1a: Aegislash|Helping Hand|[of] p1b: Rotom\n|move|p2a: Whimsicott|Moonblast|p1b: Rotom\n|-damage|p1b: Rotom|62/100\n|-formechange|p1a: Aegislash|Aegislash-Blade|\n|move|p1a: Aegislash|Iron Head|p2a: Whimsicott\n|-supereffective|p2a: Whimsicott|1\n|-damage|p2a: Whimsicott|0 fnt\n|faint|p2a: Whimsicott\n|\n|-weather|none\n|upkeep\n|\n|t:|1776133486\n|switch|p2a: Sneasler|Sneasler, L50, F|100/100\n|turn|6\n|inactive|h0nchkrow has 30 seconds left.\n|\n|t:|1776133512\n|-formechange|p1a: Aegislash|Aegislash|\n|move|p1a: Aegislash|King's Shield|p1a: Aegislash\n|-singleturn|p1a: Aegislash|Protect\n|move|p2a: Sneasler|Fake Out|p1b: Rotom\n|-damage|p1b: Rotom|46/100\n|-enditem|p1b: Rotom|Sitrus Berry|[eat]\n|-heal|p1b: Rotom|71/100|[from] item: Sitrus Berry\n|cant|p1b: Rotom|flinch\n|move|p2b: Rotom|Volt Switch|p1b: Rotom\n|-damage|p1b: Rotom|41/100\n|\n|-sideend|p2: Pataru|move: Aurora Veil\n|upkeep\n|turn|7\n|\n|t:|1776133534\n|move|p1b: Rotom|Helping Hand|p1a: Aegislash\n|-singleturn|p1a: Aegislash|Helping Hand|[of] p1b: Rotom\n|move|p2a: Sneasler|Close Combat|p1b: Rotom\n|-damage|p1b: Rotom|0 fnt\n|-unboost|p2a: Sneasler|def|1\n|-unboost|p2a: Sneasler|spd|1\n|faint|p1b: Rotom\n|-enditem|p2a: Sneasler|White Herb\n|-clearnegativeboost|p2a: Sneasler|[silent]\n|move|p2b: Rotom|Volt Switch|p1a: Aegislash\n|-damage|p1a: Aegislash|78/100\n|-formechange|p1a: Aegislash|Aegislash-Blade|\n|move|p1a: Aegislash|Poltergeist|p2b: Rotom\n|-activate|p2b: Rotom|move: Poltergeist|Leftovers\n|-damage|p2b: Rotom|5/100\n|\n|-heal|p2b: Rotom|12/100|[from] item: Leftovers\n|upkeep\n|\n|t:|1776133553\n|switch|p1b: Floette|Floette-Mega, L50, F|78/100\n|-ability|p1b: Floette|Fairy Aura\n|turn|8\n|\n|t:|1776133560\n|move|p2b: Rotom|Protect|p2b: Rotom\n|-singleturn|p2b: Rotom|Protect\n|move|p1a: Aegislash|Shadow Sneak|p2b: Rotom\n|-activate|p2b: Rotom|move: Protect\n|move|p2a: Sneasler|Dire Claw|p1b: Floette\n|-supereffective|p1b: Floette|1\n|-damage|p1b: Floette|0 fnt\n|faint|p1b: Floette\n|\n|-heal|p2b: Rotom|18/100|[from] item: Leftovers\n|upkeep\n|turn|9\n|\n|t:|1776133569\n|move|p1a: Aegislash|Shadow Sneak|p2b: Rotom\n|-damage|p2b: Rotom|0 fnt\n|faint|p2b: Rotom\n|move|p2a: Sneasler|Dire Claw|p1a: Aegislash\n|-immune|p1a: Aegislash\n|\n|upkeep\n|turn|10\n|-message|Pataru forfeited.\n|\n|win|h0nchkrow\n",
  "uploadtime": 1776133573,
  "views": 9,
  "formatid": "gen9championsvgc2026regma",
  "rating": null,
  "private": 0,
  "password": null
}