{
  "id": "gen9championsvgc2026regma-2587617480",
  "format": "[Gen 9 Champions] VGC 2026 Reg M-A",
  "players": [
    "seemeier",
    "FernandaXP"
  ],
  "log": "|j|\u2606seemeier\n|j|\u2606FernandaXP\n|t:|1776547379\n|gametype|doubles\n|player|p1|seemeier|1|1438\n|player|p2|FernandaXP|boarder|1444\n|gen|9\n|tier|[Gen 9 Champions] VGC 2026 Reg M-A\n|rated|\n|rule|Species Clause: Limit one of each Pok\u00e9mon\n|rule|Item Clause: Limit 1 of each item\n|clearpoke\n|poke|p1|Gengar, L50, F|\n|poke|p1|Incineroar, L50, F|\n|poke|p1|Sneasler, L50, M|\n|poke|p1|Sinistcha, L50|\n|poke|p1|Aerodactyl, L50, F|\n|poke|p1|Kingambit, L50, F|\n|poke|p2|Froslass, L50, F|\n|poke|p2|Orthworm, L50, F|\n|poke|p2|Garchomp, L50, F|\n|poke|p2|Basculegion, L50, M|\n|poke|p2|Incineroar, L50, M|\n|poke|p2|Rotom-Frost, L50|\n|teampreview|4\n|inactive|Battle timer is ON: inactive players will automatically lose when time's up. (requested by seemeier)\n|inactive|seemeier has 60 seconds left.\n|inactive|seemeier has 30 seconds left.\n|inactive|seemeier has 20 seconds left.\n|\n|t:|1776547454\n|teamsize|p1|4\n|teamsize|p2|4\n|start\n|switch|p1a: Incineroar|Incineroar, L50, F|100/100\n|switch|p1b: Kingambit|Kingambit, L50, F|100/100\n|switch|p2a: Orthworm|Orthworm, L50, F|100/100\n|switch|p2b: Garchomp|Garchomp, L50, F|100/100\n|-ability|p1a: Incineroar|Intimidate|boost\n|-unboost|p2a: Orthworm|atk|1\n|-unboost|p2b: Garchomp|atk|1\n|turn|1\n|inactive|FernandaXP has 30 seconds left.\n|\n|t:|1776547482\n|move|p2b: Garchomp|Protect|p2b: Garchomp\n|-singleturn|p2b: Garchomp|Protect\n|move|p1a: Incineroar|Fake Out|p2b: Garchomp\n|-activate|p2b: Garchomp|move: Protect\n|move|p1b: Kingambit|Kowtow Cleave|p2a: Orthworm\n|-damage|p2a: Orthworm|65/100\n|move|p2a: Orthworm|Iron Defense|p2a: Orthworm\n|-boost|p2a: Orthworm|def|2\n|\n|upkeep\n|turn|2\n|\n|t:|1776547499\n|move|p2b: Garchomp|Earthquake|p1a: Incineroar|[spread] p1a,p1b\n|-heal|p2a: Orthworm|90/100|[from] ability: Earth Eater|[of] p2b: Garchomp\n|-supereffective|p1a: Incineroar|1\n|-supereffective|p1b: Kingambit|1\n|-damage|p1a: Incineroar|48/100\n|-damage|p1b: Kingambit|60/100\n|-enditem|p1a: Incineroar|Sitrus Berry|[eat]\n|-heal|p1a: Incineroar|73/100|[from] item: Sitrus Berry\n|move|p1a: Incineroar|Parting Shot|p2b: Garchomp\n|-unboost|p2b: Garchomp|atk|1\n|-unboost|p2b: Garchomp|spa|1\n|\n|t:|1776547512\n|switch|p1a: Sneasler|Sneasler, L50, M|100/100|[from] Parting Shot\n|move|p1b: Kingambit|Low Kick|p2a: Orthworm\n|-supereffective|p2a: Orthworm|1\n|-damage|p2a: Orthworm|59/100\n|move|p2a: Orthworm|Body Press|p1b: Kingambit\n|-supereffective|p1b: Kingambit|2\n|-damage|p1b: Kingambit|0 fnt\n|faint|p1b: Kingambit\n|\n|upkeep\n|\n|t:|1776547523\n|switch|p1b: Incineroar|Incineroar, L50, F|73/100\n|-ability|p1b: Incineroar|Intimidate|boost\n|-unboost|p2a: Orthworm|atk|1\n|-unboost|p2b: Garchomp|atk|1\n|turn|3\n|\n|t:|1776547536\n|switch|p2b: Incineroar|Incineroar, L50, M|100/100\n|-ability|p2b: Incineroar|Intimidate|boost\n|-unboost|p1a: Sneasler|atk|1\n|-unboost|p1b: Incineroar|atk|1\n|-enditem|p1a: Sneasler|White Herb\n|-clearnegativeboost|p1a: Sneasler|[silent]\n|move|p1a: Sneasler|Close Combat|p2a: Orthworm\n|-supereffective|p2a: Orthworm|1\n|-crit|p2a: Orthworm\n|-damage|p2a: Orthworm|0 fnt\n|-unboost|p1a: Sneasler|def|1\n|-unboost|p1a: Sneasler|spd|1\n|faint|p2a: Orthworm\n|move|p1b: Incineroar|Darkest Lariat|p2b: Incineroar\n|-resisted|p2b: Incineroar|1\n|-damage|p2b: Incineroar|88/100\n|\n|upkeep\n|c|\u2606FernandaXP|nah\n|\n|t:|1776547561\n|switch|p2a: Garchomp|Garchomp, L50, F|100/100\n|turn|4\n|\n|t:|1776547571\n|move|p1a: Sneasler|Protect|p1a: Sneasler\n|-singleturn|p1a: Sneasler|Protect\n|move|p2b: Incineroar|Fake Out|p1a: Sneasler\n|-activate|p1a: Sneasler|move: Protect\n|move|p2a: Garchomp|Earthquake|p1a: Sneasler|[spread] p2b,p1b\n|-activate|p1a: Sneasler|move: Protect\n|-supereffective|p2b: Incineroar|1\n|-supereffective|p1b: Incineroar|1\n|-damage|p2b: Incineroar|7/100\n|-damage|p1b: Incineroar|0 fnt\n|faint|p1b: Incineroar\n|\n|upkeep\n|\n|t:|1776547583\n|switch|p1b: Gengar|Gengar, L50, F|100/100\n|turn|5\n|\n|t:|1776547591\n|detailschange|p1b: Gengar|Gengar-Mega, L50, F\n|-mega|p1b: Gengar|Gengar|Gengarite\n|move|p2a: Garchomp|Protect|p2a: Garchomp\n|-singleturn|p2a: Garchomp|Protect\n|move|p1a: Sneasler|Close Combat|p2a: Garchomp\n|-activate|p2a: Garchomp|move: Protect\n|move|p1b: Gengar|Sludge Wave|p2b: Incineroar|[spread] p1a,p2b\n|-activate|p2a: Garchomp|move: Protect\n|-resisted|p1a: Sneasler|1\n|-damage|p1a: Sneasler|56/100\n|-damage|p2b: Incineroar|0 fnt\n|faint|p2b: Incineroar\n|\n|upkeep\n|\n|t:|1776547602\n|switch|p2b: Basculegion|Basculegion, L50, M|100/100\n|turn|6\n|\n|t:|1776547621\n|move|p1b: Gengar|Protect|p1b: Gengar\n|-singleturn|p1b: Gengar|Protect\n|move|p1a: Sneasler|Dire Claw|p2b: Basculegion\n|-resisted|p2b: Basculegion|1\n|-damage|p2b: Basculegion|72/100\n|-status|p2b: Basculegion|slp\n|cant|p2b: Basculegion|slp\n|move|p2a: Garchomp|Earthquake|p1b: Gengar|[spread] p2b,p1a\n|-activate|p1b: Gengar|move: Protect\n|-supereffective|p1a: Sneasler|1\n|-damage|p2b: Basculegion|24/100 slp\n|-damage|p1a: Sneasler|0 fnt\n|faint|p1a: Sneasler\n|\n|upkeep\n|turn|7\n|\n|t:|1776547636\n|move|p2a: Garchomp|Protect|p2a: Garchomp\n|-singleturn|p2a: Garchomp|Protect\n|cant|p2b: Basculegion|slp\n|move|p1b: Gengar|Sludge Wave|p2a: Garchomp|[spread] p2b\n|-activate|p2a: Garchomp|move: Protect\n|-resisted|p2b: Basculegion|1\n|-damage|p2b: Basculegion|0 fnt\n|faint|p2b: Basculegion\n|\n|upkeep\n|turn|8\n|\n|t:|1776547645\n|move|p1b: Gengar|Shadow Ball|p2a: Garchomp\n|-damage|p2a: Garchomp|46/100\n|move|p2a: Garchomp|Earthquake|p1b: Gengar\n|-supereffective|p1b: Gengar|1\n|-damage|p1b: Gengar|0 fnt\n|faint|p1b: Gengar\n|\n|win|FernandaXP\n|raw|seemeier's rating: 1438 &rarr; <strong>1418</strong><br />(-20 for losing)\n|raw|FernandaXP's rating: 1444 &rarr; <strong>1464</strong><br />(+20 for winning)\n",
  "uploadtime": 1776547647,
  "views": 17,
  "formatid": "gen9championsvgc2026regma",
  "rating": 1418,
  "private": 0,
  "password": null
}