{
  "id": "gen9championsvgc2026regma-2588651693",
  "format": "[Gen 9 Champions] VGC 2026 Reg M-A",
  "players": [
    "Nightfront",
    "freshveggies2"
  ],
  "log": "|j|\u2606Nightfront\n|j|\u2606freshveggies2\n|html|<table width=\"100%\"><tr><td align=\"left\">Nightfront</td><td align=\"right\">freshveggies2</tr><tr><td align=\"left\"><i class=\"fa fa-circle-o\"></i> <i class=\"fa fa-circle-o\"></i> </td><td align=\"right\"><i class=\"fa fa-circle-o\"></i> <i class=\"fa fa-circle-o\"></i> </tr></table>\n|uhtml|bestof|<h2><strong>Game 1</strong> of <a href=\"/game-bestof3-gen9championsvgc2026regma-2588651692\">a best-of-3</a></h2>\n|t:|1776653957\n|gametype|doubles\n|player|p1|Nightfront|winona-gen6|\n|player|p2|freshveggies2|2|\n|gen|9\n|tier|[Gen 9 Champions] VGC 2026 Reg M-A\n|rule|Species Clause: Limit one of each Pok\u00e9mon\n|rule|Item Clause: Limit 1 of each item\n|raw|<div class=\"infobox\"><details class=\"readmore\" open><summary><strong>1 custom rule:</strong></summary> Best of = 3</details></div>\n|clearpoke\n|poke|p1|Primarina, L50, F|\n|poke|p1|Volcarona, L50, M|\n|poke|p1|Rotom-Fan, L50|\n|poke|p1|Goodra-Hisui, L50, M|\n|poke|p1|Mamoswine, L50, F|\n|poke|p1|Meowstic, L50, M|\n|poke|p2|Aerodactyl, L50, F|\n|poke|p2|Garchomp, L50, M|\n|poke|p2|Charizard, L50, F|\n|poke|p2|Basculegion-F, L50, F|\n|poke|p2|Farigiraf, L50, F|\n|poke|p2|Clefable, L50, M|\n|teampreview|4\n|c|\u2606freshveggies2|glhf\nNightfront rejected open team sheets.\n|\n|t:|1776654012\n|teamsize|p1|4\n|teamsize|p2|4\n|start\n|switch|p1a: Meowstic|Meowstic, L50, M|100/100\n|switch|p1b: Rotom|Rotom-Fan, L50|100/100\n|switch|p2a: Garchomp|Garchomp, L50, M|100/100\n|switch|p2b: Clefable|Clefable, L50, M|100/100\n|turn|1\n|\n|t:|1776654035\n|switch|p1b: Primarina|Primarina, L50, F|100/100\n|move|p2b: Clefable|Follow Me|p2b: Clefable\n|-singleturn|p2b: Clefable|move: Follow Me\n|move|p1a: Meowstic|Reflect|p1a: Meowstic\n|-sidestart|p1: Nightfront|Reflect\n|move|p2a: Garchomp|Swords Dance|p2a: Garchomp\n|-boost|p2a: Garchomp|atk|2\n|\n|upkeep\n|turn|2\n|\n|t:|1776654058\n|move|p2b: Clefable|Follow Me|p2b: Clefable\n|-singleturn|p2b: Clefable|move: Follow Me\n|move|p2a: Garchomp|Swords Dance|p2a: Garchomp\n|-boost|p2a: Garchomp|atk|2\n|move|p1a: Meowstic|Psychic|p2b: Clefable\n|-damage|p2b: Clefable|80/100\n|move|p1b: Primarina|Hyper Voice|p2b: Clefable|[spread] p2a,p2b\n|-damage|p2a: Garchomp|61/100\n|-damage|p2b: Clefable|52/100\n|\n|upkeep\n|turn|3\n|\n|t:|1776654074\n|move|p2b: Clefable|Helping Hand|p2a: Garchomp\n|-singleturn|p2a: Garchomp|Helping Hand|[of] p2b: Clefable\n|move|p2a: Garchomp|Earthquake|p1a: Meowstic|[spread] p2b,p1a,p1b\n|-damage|p2b: Clefable|2/100\n|-damage|p1a: Meowstic|0 fnt\n|-damage|p1b: Primarina|0 fnt\n|faint|p1a: Meowstic\n|faint|p1b: Primarina\n|\n|upkeep\n|c|\u2606Nightfront|I'm shocked\n|c|\u2606Nightfront|that clef lived\n|c|\u2606Nightfront|even with unaware\n|c|\u2606freshveggies2|honestly same\n|\n|t:|1776654092\n|switch|p1a: Rotom|Rotom-Fan, L50|100/100\n|switch|p1b: Mamoswine|Mamoswine, L50, F|100/100\n|turn|4\n|\n|t:|1776654108\n|move|p2a: Garchomp|Protect|p2a: Garchomp\n|-singleturn|p2a: Garchomp|Protect\n|move|p2b: Clefable|Protect|p2b: Clefable\n|-singleturn|p2b: Clefable|Protect\n|move|p1b: Mamoswine|Icicle Crash|p2b: Clefable\n|-activate|p2b: Clefable|move: Protect\n|move|p1a: Rotom|Foul Play|p2a: Garchomp\n|-activate|p2a: Garchomp|move: Protect\n|\n|upkeep\n|turn|5\n|\n|t:|1776654123\n|move|p2b: Clefable|Follow Me|p2b: Clefable\n|-singleturn|p2b: Clefable|move: Follow Me\n|move|p1b: Mamoswine|Icicle Crash|p2b: Clefable|[miss]\n|-miss|p1b: Mamoswine|p2b: Clefable\n|move|p2a: Garchomp|Rock Slide|p1b: Mamoswine|[spread] p1a,p1b\n|-supereffective|p1a: Rotom|1\n|-enditem|p1a: Rotom|Charti Berry|[eat]\n|-enditem|p1a: Rotom|Charti Berry|[weaken]\n|-damage|p1a: Rotom|58/100\n|-damage|p1b: Mamoswine|54/100\n|move|p1a: Rotom|Foul Play|p2b: Clefable\n|-resisted|p2b: Clefable|1\n|-damage|p2b: Clefable|0 fnt\n|faint|p2b: Clefable\n|\n|-sideend|p1: Nightfront|Reflect\n|upkeep\n|c|\u2606Nightfront|welp, of course I miss\n|\n|t:|1776654141\n|switch|p2b: Aerodactyl|Aerodactyl, L50, F|100/100\n|-ability|p2b: Aerodactyl|Unnerve\n|turn|6\n|\n|t:|1776654148\n|move|p2a: Garchomp|Protect|p2a: Garchomp\n|-singleturn|p2a: Garchomp|Protect\n|move|p1b: Mamoswine|Icicle Crash|p2a: Garchomp\n|-activate|p2a: Garchomp|move: Protect\n|move|p2b: Aerodactyl|Tailwind|p2b: Aerodactyl\n|-sidestart|p2: freshveggies2|move: Tailwind\n|move|p1a: Rotom|Thunderbolt|p2b: Aerodactyl\n|-supereffective|p2b: Aerodactyl|1\n|-damage|p2b: Aerodactyl|9/100\n|\n|upkeep\n|turn|7\n|\n|t:|1776654155\n|move|p2b: Aerodactyl|Rock Slide|p1a: Rotom|[spread] p1a,p1b\n|-supereffective|p1a: Rotom|1\n|-damage|p1a: Rotom|0 fnt\n|-damage|p1b: Mamoswine|27/100\n|faint|p1a: Rotom\n|move|p2a: Garchomp|Earthquake|p1b: Mamoswine|[spread] p1b\n|-immune|p2b: Aerodactyl\n|-damage|p1b: Mamoswine|0 fnt\n|faint|p1b: Mamoswine\n|\n|win|freshveggies2\n||freshveggies2 is ready for game 2.\n||Nightfront is ready for game 2.\n|uhtml|next|Next: <a href=\"/battle-gen9championsvgc2026regma-2588653612\"><strong>Game 2 of 3</strong></a>\n",
  "uploadtime": 1776654495,
  "views": 19,
  "formatid": "gen9championsvgc2026regma",
  "rating": null,
  "private": 0,
  "password": null
}