{
  "id": "gen9championsvgc2026regma-2584150928",
  "format": "[Gen 9 Champions] VGC 2026 Reg M-A",
  "players": [
    "retrojp",
    "Duelyst II"
  ],
  "log": "|j|\u2606retrojp\n|j|\u2606Duelyst II\n|t:|1776231157\n|gametype|doubles\n|player|p1|retrojp|101|1103\n|player|p2|Duelyst II|rose|1056\n|gen|9\n|tier|[Gen 9 Champions] VGC 2026 Reg M-A\n|rated|\n|rule|Species Clause: Limit one of each Pok\u00e9mon\n|rule|Item Clause: Limit 1 of each item\n|clearpoke\n|poke|p1|Aggron, L50, F|\n|poke|p1|Aerodactyl, L50, M|\n|poke|p1|Hydreigon, L50, M|\n|poke|p1|Tyranitar, L50, F|\n|poke|p1|Sneasler, L50, F|\n|poke|p1|Sinistcha, L50|\n|poke|p2|Decidueye-Hisui, L50, F|\n|poke|p2|Oranguru, L50, F|\n|poke|p2|Tyranitar, L50, F|\n|poke|p2|Skarmory, L50, M|\n|poke|p2|Milotic, L50, M|\n|poke|p2|Alcremie, L50, F|\n|teampreview|4\n|inactive|Battle timer is ON: inactive players will automatically lose when time's up. (requested by retrojp)\n|inactive|Duelyst II has 60 seconds left.\n|\n|t:|1776231226\n|teamsize|p1|4\n|teamsize|p2|4\n|start\n|switch|p1a: Aggron|Aggron, L50, F|100/100\n|switch|p1b: Sneasler|Sneasler, L50, F|100/100\n|switch|p2a: Skarmory|Skarmory, L50, M|100/100\n|switch|p2b: Alcremie|Alcremie, L50, F|100/100\n|-ability|p1b: Sneasler|Pressure\n|turn|1\n|\n|t:|1776231248\n|move|p2b: Alcremie|Decorate|p2a: Skarmory\n|-boost|p2a: Skarmory|atk|2\n|-boost|p2a: Skarmory|spa|2\n|move|p1b: Sneasler|Coaching|p1a: Aggron\n|-boost|p1a: Aggron|atk|1\n|-boost|p1a: Aggron|def|1\n|move|p2a: Skarmory|Tailwind|p2a: Skarmory\n|-sidestart|p2: Duelyst II|move: Tailwind\n|move|p1a: Aggron|Iron Defense|p1a: Aggron\n|-boost|p1a: Aggron|def|2\n|\n|upkeep\n|turn|2\n|inactive|Duelyst II has 30 seconds left.\n|inactive|Duelyst II has 20 seconds left.\n|inactive|Duelyst II has 15 seconds left.\n|inactive|Duelyst II has 10 seconds left.\n|\n|t:|1776231297\n|detailschange|p1a: Aggron|Aggron-Mega, L50, F\n|-mega|p1a: Aggron|Aggron|Aggronite\n|move|p2b: Alcremie|Decorate|p2a: Skarmory\n|-boost|p2a: Skarmory|atk|2\n|-boost|p2a: Skarmory|spa|2\n|move|p1b: Sneasler|Coaching|p1a: Aggron\n|-boost|p1a: Aggron|atk|1\n|-boost|p1a: Aggron|def|1\n|move|p2a: Skarmory|Iron Head|p1a: Aggron\n|-resisted|p1a: Aggron|1\n|-damage|p1a: Aggron|93/100\n|move|p1a: Aggron|Body Press|p2b: Alcremie\n|-resisted|p2b: Alcremie|1\n|-damage|p2b: Alcremie|20/100\n|\n|upkeep\n|turn|3\n|l|\u2606retrojp\n|inactive|retrojp disconnected and has a minute to reconnect!\n|player|p1|\n|inactive|retrojp has 30 seconds left.\n|inactive|retrojp has 20 seconds left.\n|j|\u2606retrojp\n|inactive|retrojp reconnected and has 20 seconds left.\n|player|p1|retrojp|101|\n|inactive|retrojp has 15 seconds left.\n|\n|t:|1776231338\n|switch|p2b: Milotic|Milotic, L50, M|100/100\n|detailschange|p2a: Skarmory|Skarmory-Mega, L50, M\n|-mega|p2a: Skarmory|Skarmory|Skarmorite\n|move|p2a: Skarmory|Brave Bird|p1b: Sneasler\n|-supereffective|p1b: Sneasler|1\n|-damage|p1b: Sneasler|0 fnt\n|faint|p1b: Sneasler\n|-damage|p2a: Skarmory|64/100|[from] Recoil\n|move|p1a: Aggron|Body Press|p2b: Milotic\n|-damage|p2b: Milotic|0 fnt\n|faint|p2b: Milotic\n|\n|upkeep\n|\n|t:|1776231356\n|switch|p1b: Sinistcha|Sinistcha, L50|100/100\n|switch|p2b: Decidueye|Decidueye-Hisui, L50, F|100/100\n|-heal|p1a: Aggron|100/100|[from] ability: Hospitality|[of] p1b: Sinistcha\n|turn|4\n|\n|t:|1776231377\n|move|p2b: Decidueye|Protect|p2b: Decidueye\n|-singleturn|p2b: Decidueye|Protect\n|move|p2a: Skarmory|Brave Bird|p1b: Sinistcha\n|-supereffective|p1b: Sinistcha|1\n|-damage|p1b: Sinistcha|0 fnt\n|faint|p1b: Sinistcha\n|-damage|p2a: Skarmory|23/100|[from] Recoil\n|move|p1a: Aggron|Body Press|p2b: Decidueye\n|-activate|p2b: Decidueye|move: Protect\n|\n|-sideend|p2: Duelyst II|move: Tailwind\n|upkeep\n|\n|t:|1776231389\n|switch|p1b: Aerodactyl|Aerodactyl, L50, M|100/100\n|-ability|p1b: Aerodactyl|Unnerve\n|turn|5\n|\n|t:|1776231413\n|move|p2b: Decidueye|Protect|p2b: Decidueye\n|-singleturn|p2b: Decidueye|Protect\n|move|p1b: Aerodactyl|Rock Slide|p2b: Decidueye|[spread] p2a\n|-activate|p2b: Decidueye|move: Protect\n|-damage|p2a: Skarmory|0 fnt\n|faint|p2a: Skarmory\n|move|p1a: Aggron|Body Press|p2b: Decidueye\n|-activate|p2b: Decidueye|move: Protect\n|\n|upkeep\n|\n|t:|1776231422\n|switch|p2a: Alcremie|Alcremie, L50, F|20/100\n|turn|6\n|\n|t:|1776231429\n|move|p1b: Aerodactyl|Rock Slide|p2b: Decidueye|[spread] p2b\n|-miss|p1b: Aerodactyl|p2a: Alcremie\n|-resisted|p2b: Decidueye|1\n|-damage|p2b: Decidueye|86/100\n|move|p2a: Alcremie|Decorate|p2b: Decidueye\n|-boost|p2b: Decidueye|atk|2\n|-boost|p2b: Decidueye|spa|2\n|cant|p2b: Decidueye|flinch\n|move|p1a: Aggron|Body Press|p2b: Decidueye\n|-damage|p2b: Decidueye|0 fnt\n|faint|p2b: Decidueye\n|\n|upkeep\n|turn|7\n|-message|Duelyst II forfeited.\n|\n|win|retrojp\n|raw|retrojp's rating: 1103 &rarr; <strong>1125</strong><br />(+22 for winning)\n|raw|Duelyst II's rating: 1056 &rarr; <strong>1040</strong><br />(-16 for losing)\n|l|\u2606Duelyst II\n|player|p2|\n",
  "uploadtime": 1776231447,
  "views": 18,
  "formatid": "gen9championsvgc2026regma",
  "rating": 1040,
  "private": 0,
  "password": null
}