{
  "id": "gen9championsvgc2026regma-2583458064",
  "format": "[Gen 9 Champions] VGC 2026 Reg M-A",
  "players": [
    "GaleonCmmnd",
    "Abarr56"
  ],
  "log": "|j|\u2606GaleonCmmnd\n|j|\u2606Abarr56\n|t:|1776176942\n|gametype|doubles\n|player|p1|GaleonCmmnd|sabi|1000\n|player|p2|Abarr56|lucas-gen4pt|1059\n|gen|9\n|tier|[Gen 9 Champions] VGC 2026 Reg M-A\n|rated|\n|rule|Species Clause: Limit one of each Pok\u00e9mon\n|rule|Item Clause: Limit 1 of each item\n|clearpoke\n|poke|p1|Chesnaught, L50, M|\n|poke|p1|Tinkaton, L50, F|\n|poke|p1|Basculegion, L50, M|\n|poke|p1|Maushold-Four, L50|\n|poke|p1|Conkeldurr, L50, F|\n|poke|p1|Farigiraf, L50, M|\n|poke|p2|Talonflame, L50, M|\n|poke|p2|Sneasler, L50, F|\n|poke|p2|Torkoal, L50, M|\n|poke|p2|Garchomp, L50, M|\n|poke|p2|Hatterene, L50, F|\n|poke|p2|Sylveon, L50, M|\n|teampreview|4\n|\n|t:|1776176971\n|teamsize|p1|4\n|teamsize|p2|4\n|start\n|switch|p1a: Chesnaught|Chesnaught, L50, M|100/100\n|switch|p1b: Maushold|Maushold-Four, L50|100/100\n|switch|p2a: Talonflame|Talonflame, L50, M|100/100\n|switch|p2b: Sneasler|Sneasler, L50, F|100/100\n|turn|1\n|\n|t:|1776176990\n|detailschange|p1a: Chesnaught|Chesnaught-Mega, L50, M\n|-mega|p1a: Chesnaught|Chesnaught|Chesnaughtite\n|move|p2a: Talonflame|Upper Hand||[still]\n|-fail|p2a: Talonflame\n|move|p1b: Maushold|Follow Me|p1b: Maushold\n|-singleturn|p1b: Maushold|move: Follow Me\n|move|p2b: Sneasler|Close Combat|p1b: Maushold\n|-supereffective|p1b: Maushold|1\n|-enditem|p1b: Maushold|Chople Berry|[eat]\n|-enditem|p1b: Maushold|Chople Berry|[weaken]\n|-damage|p1b: Maushold|16/100\n|-unboost|p2b: Sneasler|def|1\n|-unboost|p2b: Sneasler|spd|1\n|-enditem|p2b: Sneasler|White Herb\n|-clearnegativeboost|p2b: Sneasler|[silent]\n|move|p1a: Chesnaught|Iron Defense|p1a: Chesnaught\n|-boost|p1a: Chesnaught|def|2\n|\n|upkeep\n|turn|2\n|\n|t:|1776177021\n|switch|p1b: Basculegion|Basculegion, L50, M|100/100\n|move|p2b: Sneasler|Dire Claw|p1a: Chesnaught\n|-supereffective|p1a: Chesnaught|1\n|-damage|p1a: Chesnaught|79/100\n|move|p2a: Talonflame|Flare Blitz|p1b: Basculegion\n|-resisted|p1b: Basculegion|1\n|-damage|p1b: Basculegion|77/100\n|-damage|p2a: Talonflame|90/100|[from] Recoil\n|move|p1a: Chesnaught|Body Press|p2b: Sneasler\n|-resisted|p2b: Sneasler|1\n|-damage|p2b: Sneasler|13/100\n|\n|-heal|p1b: Basculegion|83/100|[from] item: Leftovers\n|upkeep\n|turn|3\n|\n|t:|1776177045\n|move|p2b: Sneasler|Protect|p2b: Sneasler\n|-singleturn|p2b: Sneasler|Protect\n|move|p1b: Basculegion|Aqua Jet|p2a: Talonflame\n|-supereffective|p2a: Talonflame|1\n|-damage|p2a: Talonflame|10/100\n|move|p2a: Talonflame|Flare Blitz|p1a: Chesnaught\n|-supereffective|p1a: Chesnaught|1\n|-damage|p1a: Chesnaught|59/100\n|-damage|p2a: Talonflame|1/100|[from] Recoil\n|move|p1a: Chesnaught|Body Press|p2b: Sneasler\n|-activate|p2b: Sneasler|move: Protect\n|\n|-heal|p1b: Basculegion|89/100|[from] item: Leftovers\n|upkeep\n|turn|4\n|\n|t:|1776177069\n|switch|p2b: Sylveon|Sylveon, L50, M|100/100\n|move|p1a: Chesnaught|Spiky Shield|p1a: Chesnaught\n|-singleturn|p1a: Chesnaught|move: Protect\n|move|p2a: Talonflame|Tailwind|p2a: Talonflame\n|-sidestart|p2: Abarr56|move: Tailwind\n|move|p1b: Basculegion|Flip Turn|p2a: Talonflame\n|-supereffective|p2a: Talonflame|1\n|-damage|p2a: Talonflame|0 fnt\n|faint|p2a: Talonflame\n|\n|t:|1776177079\n|switch|p1b: Farigiraf|Farigiraf, L50, M|100/100|[from] Flip Turn\n|\n|upkeep\n|\n|t:|1776177084\n|switch|p2a: Sneasler|Sneasler, L50, F|13/100\n|turn|5\n|\n|t:|1776177094\n|move|p2a: Sneasler|Close Combat|p1b: Farigiraf\n|-damage|p1b: Farigiraf|39/100\n|-unboost|p2a: Sneasler|def|1\n|-unboost|p2a: Sneasler|spd|1\n|move|p2b: Sylveon|Hyper Voice|p1b: Farigiraf|[spread] p1a,p1b\n|-supereffective|p1a: Chesnaught|1\n|-damage|p1a: Chesnaught|0 fnt\n|-damage|p1b: Farigiraf|2/100\n|faint|p1a: Chesnaught\n|move|p1b: Farigiraf|Trick Room|p1b: Farigiraf\n|-fieldstart|move: Trick Room|[of] p1b: Farigiraf\n|\n|upkeep\n|\n|t:|1776177107\n|switch|p1a: Basculegion|Basculegion, L50, M|89/100\n|turn|6\n|\n|t:|1776177121\n|move|p1b: Farigiraf|Hyper Voice|p2a: Sneasler|[spread] p2a,p2b\n|-damage|p2a: Sneasler|0 fnt\n|-damage|p2b: Sylveon|81/100\n|faint|p2a: Sneasler\n|move|p1a: Basculegion|Wave Crash|p2b: Sylveon\n|-damage|p2b: Sylveon|0 fnt\n|faint|p2b: Sylveon\n|-damage|p1a: Basculegion|70/100|[from] Recoil\n|\n|-heal|p1a: Basculegion|76/100|[from] item: Leftovers\n|upkeep\n|\n|t:|1776177134\n|switch|p2b: Garchomp|Garchomp, L50, M|100/100\n|turn|7\n|\n|t:|1776177149\n|move|p1b: Farigiraf|Helping Hand|p1a: Basculegion\n|-singleturn|p1a: Basculegion|Helping Hand|[of] p1b: Farigiraf\n|move|p1a: Basculegion|Wave Crash|p2b: Garchomp\n|-damage|p2b: Garchomp|0 fnt\n|-damage|p1a: Basculegion|63/100|[from] ability: Rough Skin|[of] p2b: Garchomp\n|faint|p2b: Garchomp\n|-damage|p1a: Basculegion|37/100|[from] Recoil\n|\n|win|GaleonCmmnd\n|raw|GaleonCmmnd's rating: 1000 &rarr; <strong>1047</strong><br />(+47 for winning)\n|raw|Abarr56's rating: 1059 &rarr; <strong>1037</strong><br />(-22 for losing)\n|l|\u2606Abarr56\n|player|p2|\n|c|\u2606GaleonCmmnd|gg\n",
  "uploadtime": 1776177165,
  "views": 24,
  "formatid": "gen9championsvgc2026regma",
  "rating": 1037,
  "private": 0,
  "password": null
}