{
  "id": "gen9championsvgc2026regma-2584999835",
  "format": "[Gen 9 Champions] VGC 2026 Reg M-A",
  "players": [
    "catball 1500",
    "Chloe"
  ],
  "log": "|j|\u2606catball 1500\n|j|\u2606Chloe\n|html|<table width=\"100%\"><tr><td align=\"left\">catball 1500</td><td align=\"right\">Chloe</tr><tr><td align=\"left\"><i class=\"fa fa-circle\"></i> <i class=\"fa fa-circle-o\"></i> </td><td align=\"right\"><i class=\"fa fa-circle-o\"></i> <i class=\"fa fa-circle-o\"></i> </tr></table>\n|uhtml|bestof|<h2><strong>Game 2</strong> of <a href=\"/game-bestof3-gen9championsvgc2026regma-2584998422\">a best-of-3</a></h2>\n|t:|1776302069\n|gametype|doubles\n|player|p1|catball 1500|roughneck|\n|player|p2|Chloe|gwynn|\n|gen|9\n|tier|[Gen 9 Champions] VGC 2026 Reg M-A\n|rated|Tournament battle\n|rule|Species Clause: Limit one of each Pok\u00e9mon\n|rule|Item Clause: Limit 1 of each item\n|raw|<div class=\"infobox\"><details class=\"readmore\" open><summary><strong>2 custom rules:</strong></summary> Force Open Team Sheets, Best of = 3</details></div>\n|clearpoke\n|poke|p1|Orthworm, L50, M|\n|poke|p1|Garchomp, L50, M|\n|poke|p1|Farigiraf, L50, F|\n|poke|p1|Sinistcha, L50|\n|poke|p1|Floette-Eternal, L50, F|\n|poke|p1|Rotom-Wash, L50|\n|poke|p2|Gardevoir, L50, F|\n|poke|p2|Primarina, L50, F|\n|poke|p2|Whimsicott, L50, F|\n|poke|p2|Sneasler, L50, M|\n|poke|p2|Arcanine-Hisui, L50, F|\n|poke|p2|Kingambit, L50, M|\n|teampreview|4\n|showteam|p1|Orthworm||SitrusBerry|EarthEater|HeavySlam,BodyPress,IronDefense,ShedTail|||M|||50|]Garchomp||FocusSash|RoughSkin|Earthquake,DragonClaw,RockSlide,Protect|||M|||50|]Farigiraf||ColburBerry|ArmorTail|Psychic,Earthquake,TrickRoom,Protect|||F|||50|]Sinistcha||OccaBerry|Hospitality|MatchaGotcha,ShadowBall,RagePowder,TrickRoom||||||50|]Floette-Eternal||Floettite|FlowerVeil|Moonblast,CalmMind,DazzlingGleam,Protect|||F|||50|]Rotom-Wash||Leftovers|Levitate|HydroPump,Electroweb,VoltSwitch,Protect||||||50|\n|showteam|p2|Gardevoir||Gardevoirite|Trace|HyperVoice,Psychic,TrickRoom,Protect|||F|||50|]Primarina||Leftovers|LiquidVoice|HyperVoice,Moonblast,CalmMind,Protect|||F|||50|]Whimsicott||FocusSash|Prankster|Tailwind,Moonblast,Encore,Protect|||F|||50|]Sneasler||WhiteHerb|Unburden|CloseCombat,DireClaw,FakeOut,Protect|||M|||50|]Arcanine-Hisui||SitrusBerry|Intimidate|RockSlide,FlareBlitz,ExtremeSpeed,Protect|||F|||50|]Kingambit||BlackGlasses|Defiant|KowtowCleave,SuckerPunch,IronHead,Protect|||M|||50|\n|inactive|Battle timer is ON: inactive players will automatically lose when time's up. (requested by Chloe)\n|inactive|catball 1500 also wants the timer to be on.\n|j|+holdingb\n|j|@Radio Free C-Side\n|\n|t:|1776302087\n|teamsize|p1|4\n|teamsize|p2|4\n|start\n|switch|p1a: Farigiraf|Farigiraf, L50, F|100/100\n|switch|p1b: Garchomp|Garchomp, L50, M|100/100\n|switch|p2a: Sneasler|Sneasler, L50, M|100/100\n|switch|p2b: Gardevoir|Gardevoir, L50, F|100/100\n|-ability|p2b: Gardevoir|Armor Tail|Trace|[from] ability: Trace|[of] p1a: Farigiraf\n|turn|1\n|\n|t:|1776302110\n|detailschange|p2b: Gardevoir|Gardevoir-Mega, L50, F\n|-mega|p2b: Gardevoir|Gardevoir|Gardevoirite\n|move|p2a: Sneasler|Close Combat|p1a: Farigiraf\n|-damage|p1a: Farigiraf|44/100\n|-unboost|p2a: Sneasler|def|1\n|-unboost|p2a: Sneasler|spd|1\n|-enditem|p2a: Sneasler|White Herb\n|-clearnegativeboost|p2a: Sneasler|[silent]\n|move|p1b: Garchomp|Earthquake|p2b: Gardevoir|[spread] p1a,p2a,p2b\n|-supereffective|p2a: Sneasler|1\n|-damage|p1a: Farigiraf|6/100\n|-damage|p2a: Sneasler|0 fnt\n|-damage|p2b: Gardevoir|37/100\n|faint|p2a: Sneasler\n|move|p2b: Gardevoir|Hyper Voice|p1a: Farigiraf|[spread] p1a,p1b\n|-supereffective|p1b: Garchomp|1\n|-damage|p1a: Farigiraf|0 fnt\n|-enditem|p1b: Garchomp|Focus Sash\n|-damage|p1b: Garchomp|1/100\n|faint|p1a: Farigiraf\n|\n|upkeep\n|j|+Hasayo\n|\n|t:|1776302132\n|switch|p2a: Whimsicott|Whimsicott, L50, F|100/100\n|switch|p1a: Orthworm|Orthworm, L50, M|100/100\n|turn|2\n|\n|t:|1776302141\n|move|p1b: Garchomp|Protect|p1b: Garchomp\n|-singleturn|p1b: Garchomp|Protect\n|move|p2b: Gardevoir|Protect|p2b: Gardevoir\n|-singleturn|p2b: Gardevoir|Protect\n|move|p2a: Whimsicott|Tailwind|p2a: Whimsicott\n|-sidestart|p2: Chloe|move: Tailwind\n|move|p1a: Orthworm|Heavy Slam|p2a: Whimsicott\n|-supereffective|p2a: Whimsicott|1\n|-enditem|p2a: Whimsicott|Focus Sash\n|-damage|p2a: Whimsicott|1/100\n|\n|upkeep\n|turn|3\n|\n|t:|1776302155\n|switch|p2b: Arcanine|Arcanine-Hisui, L50, F|100/100\n|-ability|p2b: Arcanine|Intimidate|boost\n|-unboost|p1a: Orthworm|atk|1\n|-unboost|p1b: Garchomp|atk|1\n|move|p2a: Whimsicott|Encore|p1b: Garchomp\n|-start|p1b: Garchomp|Encore\n|move|p1b: Garchomp|Protect||[still]\n|-fail|p1b: Garchomp\n|move|p1a: Orthworm|Heavy Slam|p2b: Arcanine\n|-damage|p2b: Arcanine|86/100\n|\n|upkeep\n|turn|4\n|\n|t:|1776302172\n|switch|p1b: Rotom|Rotom-Wash, L50|100/100\n|move|p2a: Whimsicott|Encore|p1a: Orthworm\n|-start|p1a: Orthworm|Encore\n|move|p2b: Arcanine|Flare Blitz|p1a: Orthworm\n|-supereffective|p1a: Orthworm|1\n|-damage|p1a: Orthworm|19/100\n|-enditem|p1a: Orthworm|Sitrus Berry|[eat]\n|-heal|p1a: Orthworm|44/100|[from] item: Sitrus Berry\n|-damage|p2b: Arcanine|59/100|[from] Recoil\n|move|p1a: Orthworm|Heavy Slam|p2a: Whimsicott\n|-supereffective|p2a: Whimsicott|1\n|-damage|p2a: Whimsicott|0 fnt\n|faint|p2a: Whimsicott\n|\n|upkeep\n|\n|t:|1776302183\n|switch|p2a: Gardevoir|Gardevoir-Mega, L50, F|37/100\n|turn|5\n|\n|t:|1776302189\n|switch|p1a: Garchomp|Garchomp, L50, M|1/100\n|move|p2b: Arcanine|Flare Blitz|p1a: Garchomp\n|-resisted|p1a: Garchomp|1\n|-damage|p1a: Garchomp|0 fnt\n|-damage|p2b: Arcanine|47/100|[from] ability: Rough Skin|[of] p1a: Garchomp\n|-enditem|p2b: Arcanine|Sitrus Berry|[eat]\n|-heal|p2b: Arcanine|72/100|[from] item: Sitrus Berry\n|faint|p1a: Garchomp\n|-damage|p2b: Arcanine|71/100|[from] Recoil\n|move|p1b: Rotom|Electroweb|p2b: Arcanine|[spread] p2a,p2b\n|-crit|p2a: Gardevoir\n|-damage|p2a: Gardevoir|15/100\n|-damage|p2b: Arcanine|48/100\n|-unboost|p2a: Gardevoir|spe|1\n|-unboost|p2b: Arcanine|spe|1\n|move|p2a: Gardevoir|Trick Room|p2a: Gardevoir\n|-fieldstart|move: Trick Room|[of] p2a: Gardevoir\n|\n|-sideend|p2: Chloe|move: Tailwind\n|upkeep\n|\n|t:|1776302195\n|switch|p1a: Orthworm|Orthworm, L50, M|44/100\n|turn|6\n|inactive|Chloe has 30 seconds left.\n|inactive|Chloe has 20 seconds left.\n|inactive|Chloe has 15 seconds left.\n|\n|t:|1776302236\n|move|p2a: Gardevoir|Hyper Voice|p1a: Orthworm|[spread] p1a,p1b\n|-resisted|p1a: Orthworm|1\n|-damage|p1a: Orthworm|0 fnt\n|-damage|p1b: Rotom|46/100\n|faint|p1a: Orthworm\n|move|p2b: Arcanine|Flare Blitz|p1b: Rotom\n|-resisted|p1b: Rotom|1\n|-damage|p1b: Rotom|15/100\n|-damage|p2b: Arcanine|39/100|[from] Recoil\n|move|p1b: Rotom|Hydro Pump|p2b: Arcanine\n|-supereffective|p2b: Arcanine|2\n|-damage|p2b: Arcanine|0 fnt\n|faint|p2b: Arcanine\n|\n|-heal|p1b: Rotom|21/100|[from] item: Leftovers\n|upkeep\n|turn|7\n|\n|t:|1776302249\n|move|p1b: Rotom|Protect|p1b: Rotom\n|-singleturn|p1b: Rotom|Protect\n|move|p2a: Gardevoir|Hyper Voice|p1b: Rotom\n|-activate|p1b: Rotom|move: Protect\n|\n|-heal|p1b: Rotom|27/100|[from] item: Leftovers\n|upkeep\n|turn|8\n|\n|t:|1776302259\n|move|p2a: Gardevoir|Hyper Voice|p1b: Rotom\n|-damage|p1b: Rotom|0 fnt\n|faint|p1b: Rotom\n|\n|win|Chloe\n||catball 1500 is ready for game 3.\n||Chloe is ready for game 3.\n|uhtml|next|Next: <a href=\"/battle-gen9championsvgc2026regma-2585001870\"><strong>Game 3 of 3</strong></a>\n|l|@Radio Free C-Side\n",
  "uploadtime": 1776302282,
  "views": 17,
  "formatid": "gen9championsvgc2026regma",
  "rating": null,
  "private": 0,
  "password": null
}