{
  "id": "gen9championsvgc2026regma-2583085657",
  "format": "[Gen 9 Champions] VGC 2026 Reg M-A",
  "players": [
    "ruddyreboot",
    "Michael YunGOOBian"
  ],
  "log": "|j|\u2606ruddyreboot\n|j|\u2606Michael YunGOOBian\n|t:|1776140329\n|gametype|doubles\n|player|p1|ruddyreboot|169|1198\n|player|p2|Michael YunGOOBian|benga|1249\n|gen|9\n|tier|[Gen 9 Champions] VGC 2026 Reg M-A\n|rated|\n|rule|Species Clause: Limit one of each Pok\u00e9mon\n|rule|Item Clause: Limit 1 of each item\n|clearpoke\n|poke|p1|Kangaskhan, L50, F|\n|poke|p1|Torkoal, L50, M|\n|poke|p1|Farigiraf, L50, F|\n|poke|p1|Hatterene, L50, F|\n|poke|p1|Kingambit, L50, M|\n|poke|p1|Scovillain, L50, M|\n|poke|p2|Tyranitar, L50, F|\n|poke|p2|Excadrill, L50, M|\n|poke|p2|Gyarados, L50, F|\n|poke|p2|Sinistcha, L50|\n|poke|p2|Rotom-Heat, L50|\n|poke|p2|Gardevoir, L50, M|\n|teampreview|4\n|inactive|Battle timer is ON: inactive players will automatically lose when time's up. (requested by ruddyreboot)\n|inactive|ruddyreboot has 60 seconds left.\n|inactive|Michael YunGOOBian has 60 seconds left.\n|\n|t:|1776140381\n|teamsize|p1|4\n|teamsize|p2|4\n|start\n|switch|p1a: Scovillain|Scovillain, L50, M|100/100\n|switch|p1b: Farigiraf|Farigiraf, L50, F|100/100\n|switch|p2a: Excadrill|Excadrill, L50, M|100/100\n|switch|p2b: Gyarados|Gyarados, L50, F|100/100\n|-ability|p2b: Gyarados|Intimidate|boost\n|-unboost|p1a: Scovillain|atk|1\n|-unboost|p1b: Farigiraf|atk|1\n|turn|1\n|\n|t:|1776140398\n|detailschange|p1a: Scovillain|Scovillain-Mega, L50, M\n|-mega|p1a: Scovillain|Scovillain|Scovillainite\n|move|p1a: Scovillain|Rage Powder|p1a: Scovillain\n|-singleturn|p1a: Scovillain|move: Rage Powder\n|move|p2a: Excadrill|Earthquake|p1b: Farigiraf|[spread] p1a,p1b\n|-immune|p2b: Gyarados\n|-crit|p1b: Farigiraf\n|-damage|p1a: Scovillain|64/100\n|-damage|p1b: Farigiraf|40/100\n|-status|p2a: Excadrill|brn|[from] ability: Spicy Spray|[of] p1a: Scovillain\n|-enditem|p1b: Farigiraf|Sitrus Berry|[eat]\n|-heal|p1b: Farigiraf|65/100|[from] item: Sitrus Berry\n|move|p2b: Gyarados|Taunt|p1a: Scovillain\n|-start|p1a: Scovillain|move: Taunt\n|move|p1b: Farigiraf|Trick Room|p1b: Farigiraf\n|-fieldstart|move: Trick Room|[of] p1b: Farigiraf\n|\n|-damage|p2a: Excadrill|95/100 brn|[from] brn\n|upkeep\n|turn|2\n|inactive|Michael YunGOOBian has 30 seconds left.\n|\n|t:|1776140426\n|move|p2b: Gyarados|Protect|p2b: Gyarados\n|-singleturn|p2b: Gyarados|Protect\n|move|p2a: Excadrill|Protect|p2a: Excadrill\n|-singleturn|p2a: Excadrill|Protect\n|move|p1b: Farigiraf|Psychic|p2b: Gyarados\n|-activate|p2b: Gyarados|move: Protect\n|move|p1a: Scovillain|Flare Blitz|p2a: Excadrill\n|-activate|p2a: Excadrill|move: Protect\n|\n|-damage|p2a: Excadrill|89/100 brn|[from] brn\n|upkeep\n|turn|3\n|\n|t:|1776140443\n|switch|p2a: Rotom|Rotom-Heat, L50|100/100\n|move|p1b: Farigiraf|Psychic|p2b: Gyarados\n|-damage|p2b: Gyarados|67/100\n|move|p1a: Scovillain|Flare Blitz|p2a: Rotom\n|-resisted|p2a: Rotom|1\n|-damage|p2a: Rotom|77/100\n|-damage|p1a: Scovillain|57/100|[from] Recoil\n|move|p2b: Gyarados|Waterfall|p1a: Scovillain\n|-damage|p1a: Scovillain|25/100\n|-status|p2b: Gyarados|brn|[from] ability: Spicy Spray|[of] p1a: Scovillain\n|\n|-heal|p2b: Gyarados|73/100 brn|[from] item: Leftovers\n|-damage|p2b: Gyarados|67/100 brn|[from] brn\n|upkeep\n|turn|4\n|\n|t:|1776140462\n|switch|p2b: Excadrill|Excadrill, L50, M|89/100 brn\n|move|p1b: Farigiraf|Hyper Voice|p2b: Excadrill|[spread] p2a,p2b\n|-resisted|p2b: Excadrill|1\n|-crit|p2b: Excadrill\n|-damage|p2a: Rotom|29/100\n|-damage|p2b: Excadrill|56/100 brn\n|move|p1a: Scovillain|Flare Blitz|p2a: Rotom\n|-resisted|p2a: Rotom|1\n|-damage|p2a: Rotom|5/100\n|-damage|p1a: Scovillain|19/100|[from] Recoil\n|move|p2a: Rotom|Discharge|p1a: Scovillain|[spread] p1a,p1b\n|-immune|p2b: Excadrill\n|-resisted|p1a: Scovillain|1\n|-damage|p1a: Scovillain|5/100\n|-damage|p1b: Farigiraf|35/100\n|-immune|p2a: Rotom\n|\n|-damage|p2b: Excadrill|50/100 brn|[from] brn\n|-end|p1a: Scovillain|move: Taunt\n|upkeep\n|turn|5\n|inactive|ruddyreboot has 30 seconds left.\n|\n|t:|1776140489\n|move|p1a: Scovillain|Endure|p1a: Scovillain\n|-singleturn|p1a: Scovillain|move: Endure\n|move|p2b: Excadrill|Protect|p2b: Excadrill\n|-singleturn|p2b: Excadrill|Protect\n|move|p1b: Farigiraf|Hyper Voice|p2a: Rotom|[spread] p2a\n|-activate|p2b: Excadrill|move: Protect\n|-damage|p2a: Rotom|0 fnt\n|faint|p2a: Rotom\n|\n|-damage|p2b: Excadrill|44/100 brn|[from] brn\n|-fieldend|move: Trick Room\n|upkeep\n|\n|t:|1776140499\n|switch|p2a: Tyranitar|Tyranitar, L50, F|100/100\n|-weather|Sandstorm|[from] ability: Sand Stream|[of] p2a: Tyranitar\n|turn|6\n|\n|t:|1776140523\n|switch|p1b: Kingambit|Kingambit, L50, M|100/100\n|detailschange|p2a: Tyranitar|Tyranitar-Mega, L50, F\n|-mega|p2a: Tyranitar|Tyranitar|Tyranitarite\n|move|p1a: Scovillain|Endure||[still]\n|-fail|p1a: Scovillain\n|move|p2b: Excadrill|High Horsepower|p1a: Scovillain\n|-damage|p1a: Scovillain|0 fnt\n|faint|p1a: Scovillain\n|move|p2a: Tyranitar|Rock Slide|p1b: Kingambit\n|-resisted|p1b: Kingambit|1\n|-damage|p1b: Kingambit|83/100\n|\n|-weather|Sandstorm|[upkeep]\n|-damage|p2b: Excadrill|38/100 brn|[from] brn\n|upkeep\n|\n|t:|1776140539\n|switch|p1a: Torkoal|Torkoal, L50, M|100/100\n|-weather|SunnyDay|[from] ability: Drought|[of] p1a: Torkoal\n|turn|7\n|inactive|Michael YunGOOBian has 30 seconds left.\n|\n|t:|1776140569\n|move|p2b: Excadrill|Earthquake|p1b: Kingambit|[spread] p2a,p1a,p1b\n|-supereffective|p2a: Tyranitar|1\n|-supereffective|p1a: Torkoal|1\n|-supereffective|p1b: Kingambit|1\n|-damage|p2a: Tyranitar|72/100\n|-damage|p1a: Torkoal|68/100\n|-damage|p1b: Kingambit|51/100\n|move|p2a: Tyranitar|Dragon Dance|p2a: Tyranitar\n|-boost|p2a: Tyranitar|atk|1\n|-boost|p2a: Tyranitar|spe|1\n|move|p1b: Kingambit|Iron Head|p2a: Tyranitar\n|-supereffective|p2a: Tyranitar|1\n|-damage|p2a: Tyranitar|3/100\n|move|p1a: Torkoal|Earth Power|p2a: Tyranitar\n|-supereffective|p2a: Tyranitar|1\n|-damage|p2a: Tyranitar|0 fnt\n|faint|p2a: Tyranitar\n|\n|-weather|SunnyDay|[upkeep]\n|-damage|p2b: Excadrill|32/100 brn|[from] brn\n|upkeep\n|-message|Michael YunGOOBian forfeited.\n|\n|win|ruddyreboot\n|raw|ruddyreboot's rating: 1198 &rarr; <strong>1227</strong><br />(+29 for winning)\n|raw|Michael YunGOOBian's rating: 1249 &rarr; <strong>1220</strong><br />(-29 for losing)\n|l|\u2606Michael YunGOOBian\n|player|p2|\n",
  "uploadtime": 1776140590,
  "views": 30,
  "formatid": "gen9championsvgc2026regma",
  "rating": 1220,
  "private": 0,
  "password": null
}