{
  "id": "gen9championsvgc2026regma-2585052493",
  "format": "[Gen 9 Champions] VGC 2026 Reg M-A",
  "players": [
    "chargem13",
    "Menrad"
  ],
  "log": "|j|\u2606chargem13\n|j|\u2606Menrad\n|t:|1776306992\n|gametype|doubles\n|player|p1|chargem13|veteran|\n|player|p2|Menrad|benga|\n|gen|9\n|tier|[Gen 9 Champions] VGC 2026 Reg M-A\n|rule|Species Clause: Limit one of each Pok\u00e9mon\n|rule|Item Clause: Limit 1 of each item\n|clearpoke\n|poke|p1|Sableye, L50, M|\n|poke|p1|Feraligatr, L50, M|\n|poke|p1|Pelipper, L50, M|\n|poke|p1|Mimikyu, L50, F|\n|poke|p1|Incineroar, L50, M|\n|poke|p1|Tinkaton, L50, F|\n|poke|p2|Gardevoir, L50, F|\n|poke|p2|Maushold, L50|\n|poke|p2|Sneasler, L50, F|\n|poke|p2|Talonflame, L50, F|\n|poke|p2|Excadrill, L50, F|\n|poke|p2|Polteageist, L50|\n|teampreview|4\n|inactive|Battle timer is ON: inactive players will automatically lose when time's up. (requested by Menrad)\nchargem13 has agreed to open team sheets.\n|inactive|Menrad has 60 seconds left.\n|\n|t:|1776307024\n|teamsize|p1|4\n|teamsize|p2|4\n|start\n|switch|p1a: Sableye|Sableye, L50, M|100/100\n|switch|p1b: Feraligatr|Feraligatr, L50, M|100/100\n|switch|p2a: Talonflame|Talonflame, L50, F|100/100\n|switch|p2b: Gardevoir|Gardevoir, L50, F|100/100\n|-ability|p2b: Gardevoir|Prankster|Trace|[from] ability: Trace|[of] p1a: Sableye\n|turn|1\n|inactive|chargem13 has 30 seconds left.\n|inactive|chargem13 has 20 seconds left.\n|j| RrrrrMemes9\n|inactive|chargem13 has 15 seconds left.\n|\n|t:|1776307068\n|detailschange|p2b: Gardevoir|Gardevoir-Mega, L50, F\n|-mega|p2b: Gardevoir|Gardevoir|Gardevoirite\n|detailschange|p1b: Feraligatr|Feraligatr-Mega, L50, M\n|-mega|p1b: Feraligatr|Feraligatr|Feraligite\n|move|p1a: Sableye|Fake Out|p2b: Gardevoir\n|-damage|p2b: Gardevoir|86/100\n|move|p2a: Talonflame|Tailwind|p2a: Talonflame\n|-sidestart|p2: Menrad|move: Tailwind\n|cant|p2b: Gardevoir|flinch\n|move|p1b: Feraligatr|Dragon Dance|p1b: Feraligatr\n|-boost|p1b: Feraligatr|atk|1\n|-boost|p1b: Feraligatr|spe|1\n|\n|upkeep\n|turn|2\n|inactiveoff|Battle timer is now OFF.\n|\n|t:|1776307102\n|move|p1a: Sableye|Quash|p2b: Gardevoir\n|-activate|p2b: Gardevoir|move: Quash\n|move|p2a: Talonflame|Flare Blitz|p1a: Sableye\n|-damage|p1a: Sableye|37/100\n|-enditem|p1a: Sableye|Sitrus Berry|[eat]\n|-heal|p1a: Sableye|62/100|[from] item: Sitrus Berry\n|-damage|p2a: Talonflame|79/100|[from] Recoil\n|move|p1b: Feraligatr|Liquidation|p2b: Gardevoir\n|-damage|p2b: Gardevoir|0 fnt\n|faint|p2b: Gardevoir\n|\n|-heal|p2a: Talonflame|85/100|[from] item: Leftovers\n|upkeep\n|\n|t:|1776307118\n|switch|p2b: Sneasler|Sneasler, L50, F|100/100\n|-ability|p2b: Sneasler|Pressure\n|turn|3\n|\n|t:|1776307157\n|move|p2b: Sneasler|Fake Out|p1b: Feraligatr\n|-damage|p1b: Feraligatr|86/100\n|move|p1a: Sableye|Will-O-Wisp|p1b: Feraligatr\n|-status|p1b: Feraligatr|brn\n|cant|p1b: Feraligatr|flinch\n|move|p2a: Talonflame|Whirlwind|p1b: Feraligatr\n|drag|p1b: Mimikyu|Mimikyu, L50, F|100/100\n|\n|-heal|p2a: Talonflame|91/100|[from] item: Leftovers\n|upkeep\n|turn|4\n|\n|t:|1776307234\n|move|p1a: Sableye|Quash|p2a: Talonflame\n|-activate|p2a: Talonflame|move: Quash\n|move|p2b: Sneasler|Throat Chop|p1b: Mimikyu\n|-activate|p1b: Mimikyu|ability: Disguise\n|-damage|p1b: Mimikyu|100/100\n|-start|p1b: Mimikyu|Throat Chop|[silent]\n|detailschange|p1b: Mimikyu|Mimikyu-Busted, L50, F\n|-damage|p1b: Mimikyu|88/100|[from] pokemon: Mimikyu-Busted\n|move|p1b: Mimikyu|Will-O-Wisp|p2b: Sneasler\n|-status|p2b: Sneasler|brn\n|move|p2a: Talonflame|Flare Blitz|p1a: Sableye\n|-damage|p1a: Sableye|4/100\n|-damage|p2a: Talonflame|71/100|[from] Recoil\n|\n|-heal|p2a: Talonflame|77/100|[from] item: Leftovers\n|-damage|p2b: Sneasler|95/100 brn|[from] brn\n|-sideend|p2: Menrad|move: Tailwind\n|upkeep\n|turn|5\n|\n|t:|1776307280\n|move|p1a: Sableye|Quash|p2a: Talonflame\n|-activate|p2a: Talonflame|move: Quash\n|move|p2b: Sneasler|Throat Chop|p1b: Mimikyu\n|-crit|p1b: Mimikyu\n|-damage|p1b: Mimikyu|60/100\n|move|p1b: Mimikyu|Swords Dance|p1b: Mimikyu\n|-boost|p1b: Mimikyu|atk|2\n|move|p2a: Talonflame|U-turn|p1a: Sableye\n|-damage|p1a: Sableye|0 fnt\n|faint|p1a: Sableye\n|\n|t:|1776307289\n|switch|p2a: Polteageist|Polteageist, L50|100/100|[from] U-turn\n|\n|-damage|p2b: Sneasler|89/100 brn|[from] brn\n|-end|p1b: Mimikyu|Throat Chop|[silent]\n|upkeep\n|\n|t:|1776307318\n|switch|p1a: Pelipper|Pelipper, L50, M|100/100\n|-weather|RainDance|[from] ability: Drizzle|[of] p1a: Pelipper\n|turn|6\n|\n|t:|1776307340\n|move|p1b: Mimikyu|Shadow Sneak|p2a: Polteageist\n|-supereffective|p2a: Polteageist|1\n|-crit|p2a: Polteageist\n|-damage|p2a: Polteageist|0 fnt\n|faint|p2a: Polteageist\n|move|p2b: Sneasler|Throat Chop|p1b: Mimikyu\n|-damage|p1b: Mimikyu|42/100\n|-start|p1b: Mimikyu|Throat Chop|[silent]\n|move|p1a: Pelipper|Hurricane|p2b: Sneasler\n|-supereffective|p2b: Sneasler|1\n|-damage|p2b: Sneasler|0 fnt\n|faint|p2b: Sneasler\n|\n|-weather|RainDance|[upkeep]\n|upkeep\n|\n|t:|1776307349\n|switch|p2b: Talonflame|Talonflame, L50, F|77/100\n|turn|7\n|\n|t:|1776307368\n|move|p1b: Mimikyu|Shadow Sneak|p2b: Talonflame\n|-damage|p2b: Talonflame|40/100\n|move|p1a: Pelipper|Muddy Water|p2b: Talonflame\n|-supereffective|p2b: Talonflame|1\n|-damage|p2b: Talonflame|0 fnt\n|faint|p2b: Talonflame\n|\n|win|chargem13\n|l| RrrrrMemes9\n|l|\u2606Menrad\n|player|p2|\n",
  "uploadtime": 1776307721,
  "views": 17,
  "formatid": "gen9championsvgc2026regma",
  "rating": null,
  "private": 0,
  "password": null
}