{
  "id": "gen9championsvgc2026regma-2588693991",
  "format": "[Gen 9 Champions] VGC 2026 Reg M-A",
  "players": [
    "KeckleonKidVGC",
    "TwiddleStick"
  ],
  "log": "|j|\u2606KeckleonKidVGC\n|j|\u2606TwiddleStick\n|t:|1776658563\n|gametype|doubles\n|player|p1|KeckleonKidVGC|1|1270\n|player|p2|TwiddleStick|101|1353\n|gen|9\n|tier|[Gen 9 Champions] VGC 2026 Reg M-A\n|rated|\n|rule|Species Clause: Limit one of each Pok\u00e9mon\n|rule|Item Clause: Limit 1 of each item\n|clearpoke\n|poke|p1|Pelipper, L50, M|\n|poke|p1|Basculegion, L50, M|\n|poke|p1|Farigiraf, L50, M|\n|poke|p1|Archaludon, L50, F|\n|poke|p1|Drampa, L50, M|\n|poke|p1|Venusaur, L50, F|\n|poke|p2|Aggron, L50, M|\n|poke|p2|Farigiraf, L50, F|\n|poke|p2|Tyranitar, L50, M|\n|poke|p2|Primarina, L50, M|\n|poke|p2|Sinistcha, L50|\n|poke|p2|Pelipper, L50, F|\n|teampreview|4\n|inactive|Battle timer is ON: inactive players will automatically lose when time's up. (requested by KeckleonKidVGC)\n|inactive|TwiddleStick has 60 seconds left.\n|\n|t:|1776658616\n|teamsize|p1|4\n|teamsize|p2|4\n|start\n|switch|p1a: Basculegion|Basculegion, L50, M|100/100\n|switch|p1b: Venusaur|Venusaur, L50, F|100/100\n|switch|p2a: Aggron|Aggron, L50, M|100/100\n|switch|p2b: Farigiraf|Farigiraf, L50, F|100/100\n|turn|1\n|inactive|KeckleonKidVGC has 30 seconds left.\n|inactive|TwiddleStick has 30 seconds left.\n|\n|t:|1776658648\n|detailschange|p1b: Venusaur|Venusaur-Mega, L50, F\n|-mega|p1b: Venusaur|Venusaur|Venusaurite\n|detailschange|p2a: Aggron|Aggron-Mega, L50, M\n|-mega|p2a: Aggron|Aggron|Aggronite\n|move|p1a: Basculegion|Wave Crash|p2a: Aggron\n|-damage|p2a: Aggron|60/100\n|-damage|p1a: Basculegion|88/100|[from] Recoil\n|move|p1b: Venusaur|Earth Power|p2a: Aggron\n|-supereffective|p2a: Aggron|1\n|-damage|p2a: Aggron|13/100\n|-unboost|p2a: Aggron|spd|1\n|move|p2a: Aggron|Iron Defense|p2a: Aggron\n|-boost|p2a: Aggron|def|2\n|move|p2b: Farigiraf|Trick Room|p2b: Farigiraf\n|-fieldstart|move: Trick Room|[of] p2b: Farigiraf\n|\n|upkeep\n|turn|2\n|inactive|TwiddleStick has 30 seconds left.\n|\n|t:|1776658680\n|move|p1b: Venusaur|Protect|p1b: Venusaur\n|-singleturn|p1b: Venusaur|Protect\n|move|p2a: Aggron|Body Press|p1b: Venusaur\n|-activate|p1b: Venusaur|move: Protect\n|move|p2b: Farigiraf|Psychic|p1b: Venusaur\n|-activate|p1b: Venusaur|move: Protect\n|move|p1a: Basculegion|Flip Turn|p2a: Aggron\n|-damage|p2a: Aggron|2/100\n|\n|t:|1776658692\n|switch|p1a: Pelipper|Pelipper, L50, M|100/100|[from] Flip Turn\n|-weather|RainDance|[from] ability: Drizzle|[of] p1a: Pelipper\n|\n|-weather|RainDance|[upkeep]\n|upkeep\n|turn|3\n|inactive|TwiddleStick has 30 seconds left.\n|\n|t:|1776658723\n|switch|p2a: Tyranitar|Tyranitar, L50, M|100/100\n|-weather|Sandstorm|[from] ability: Sand Stream|[of] p2a: Tyranitar\n|switch|p1b: Basculegion|Basculegion, L50, M|88/100\n|move|p2b: Farigiraf|Psychic|p1b: Basculegion\n|-damage|p1b: Basculegion|45/100\n|move|p1a: Pelipper|Hurricane|p2a: Tyranitar\n|-resisted|p2a: Tyranitar|1\n|-damage|p2a: Tyranitar|86/100\n|\n|-weather|Sandstorm|[upkeep]\n|-damage|p2b: Farigiraf|94/100|[from] Sandstorm\n|-damage|p1a: Pelipper|95/100|[from] Sandstorm\n|-damage|p1b: Basculegion|39/100|[from] Sandstorm\n|upkeep\n|turn|4\n|inactive|TwiddleStick has 30 seconds left.\n|\n|t:|1776658756\n|switch|p1a: Archaludon|Archaludon, L50, F|100/100\n|move|p1b: Basculegion|Protect|p1b: Basculegion\n|-singleturn|p1b: Basculegion|Protect\n|move|p2a: Tyranitar|Rock Slide|p1b: Basculegion|[spread] p1a\n|-activate|p1b: Basculegion|move: Protect\n|-resisted|p1a: Archaludon|1\n|-damage|p1a: Archaludon|88/100\n|-ability|p1a: Archaludon|Stamina|boost\n|-boost|p1a: Archaludon|def|1\n|move|p2b: Farigiraf|Psychic|p1b: Basculegion\n|-activate|p1b: Basculegion|move: Protect\n|\n|-weather|Sandstorm|[upkeep]\n|-damage|p2b: Farigiraf|88/100|[from] Sandstorm\n|-damage|p1b: Basculegion|33/100|[from] Sandstorm\n|-heal|p1a: Archaludon|94/100|[from] item: Leftovers\n|upkeep\n|turn|5\n|inactive|TwiddleStick has 30 seconds left.\n|inactive|TwiddleStick has 20 seconds left.\n|inactive|TwiddleStick has 15 seconds left.\n|\n|t:|1776658798\n|move|p2a: Tyranitar|Protect|p2a: Tyranitar\n|-singleturn|p2a: Tyranitar|Protect\n|move|p2b: Farigiraf|Psychic|p1b: Basculegion\n|-damage|p1b: Basculegion|0 fnt\n|faint|p1b: Basculegion\n|move|p1a: Archaludon|Dragon Pulse|p2b: Farigiraf\n|-damage|p2b: Farigiraf|51/100\n|\n|-weather|Sandstorm|[upkeep]\n|-damage|p2b: Farigiraf|45/100|[from] Sandstorm\n|-heal|p1a: Archaludon|100/100|[from] item: Leftovers\n|-fieldend|move: Trick Room\n|upkeep\n|inactive|KeckleonKidVGC has 30 seconds left.\n|\n|t:|1776658826\n|switch|p1b: Venusaur|Venusaur-Mega, L50, F|100/100\n|turn|6\n|inactive|TwiddleStick has 30 seconds left.\n|\n|t:|1776658855\n|switch|p2a: Sinistcha|Sinistcha, L50|100/100\n|-heal|p2b: Farigiraf|70/100|[from] ability: Hospitality|[of] p2a: Sinistcha\n|move|p1a: Archaludon|Dragon Pulse|p2b: Farigiraf\n|-damage|p2b: Farigiraf|33/100\n|move|p1b: Venusaur|Energy Ball|p2a: Sinistcha\n|-resisted|p2a: Sinistcha|1\n|-damage|p2a: Sinistcha|77/100\n|move|p2b: Farigiraf|Psychic|p1b: Venusaur\n|-supereffective|p1b: Venusaur|1\n|-damage|p1b: Venusaur|40/100\n|\n|-weather|Sandstorm|[upkeep]\n|-damage|p1b: Venusaur|34/100|[from] Sandstorm\n|-damage|p2a: Sinistcha|71/100|[from] Sandstorm\n|-damage|p2b: Farigiraf|27/100|[from] Sandstorm\n|upkeep\n|turn|7\n|\n|t:|1776658880\n|switch|p2b: Tyranitar|Tyranitar, L50, M|86/100\n|move|p1a: Archaludon|Dragon Pulse|p2a: Sinistcha\n|-damage|p2a: Sinistcha|30/100\n|-enditem|p2a: Sinistcha|Sitrus Berry|[eat]\n|-heal|p2a: Sinistcha|54/100|[from] item: Sitrus Berry\n|move|p1b: Venusaur|Energy Ball|p2b: Tyranitar\n|-supereffective|p2b: Tyranitar|1\n|-damage|p2b: Tyranitar|29/100\n|move|p2a: Sinistcha|Trick Room|p2a: Sinistcha\n|-fieldstart|move: Trick Room|[of] p2a: Sinistcha\n|\n|-weather|none\n|upkeep\n|turn|8\n|inactive|TwiddleStick has 30 seconds left.\n|\n|t:|1776658913\n|move|p1b: Venusaur|Protect|p1b: Venusaur\n|-singleturn|p1b: Venusaur|Protect\n|move|p2b: Tyranitar|Earthquake|p1a: Archaludon|[spread] p2a,p1a\n|-activate|p1b: Venusaur|move: Protect\n|-resisted|p2a: Sinistcha|1\n|-supereffective|p1a: Archaludon|1\n|-damage|p2a: Sinistcha|41/100\n|-damage|p1a: Archaludon|71/100\n|-ability|p1a: Archaludon|Stamina|boost\n|-boost|p1a: Archaludon|def|1\n|move|p2a: Sinistcha|Shadow Ball|p1b: Venusaur\n|-activate|p1b: Venusaur|move: Protect\n|move|p1a: Archaludon|Dragon Pulse|p2a: Sinistcha\n|-damage|p2a: Sinistcha|4/100\n|\n|-heal|p1a: Archaludon|77/100|[from] item: Leftovers\n|upkeep\n|turn|9\n|\n|t:|1776658937\n|switch|p1b: Pelipper|Pelipper, L50, M|95/100\n|-weather|RainDance|[from] ability: Drizzle|[of] p1b: Pelipper\n|move|p2b: Tyranitar|Rock Slide|p1a: Archaludon|[spread] p1a,p1b\n|-resisted|p1a: Archaludon|1\n|-supereffective|p1b: Pelipper|1\n|-damage|p1a: Archaludon|71/100\n|-damage|p1b: Pelipper|3/100\n|-ability|p1a: Archaludon|Stamina|boost\n|-boost|p1a: Archaludon|def|1\n|move|p2a: Sinistcha|Shadow Ball|p1b: Pelipper\n|-damage|p1b: Pelipper|0 fnt\n|faint|p1b: Pelipper\n|move|p1a: Archaludon|Electro Shot||[still]\n|-prepare|p1a: Archaludon|Electro Shot\n|-boost|p1a: Archaludon|spa|1\n|-anim|p1a: Archaludon|Electro Shot|p2b: Tyranitar\n|-damage|p2b: Tyranitar|0 fnt\n|faint|p2b: Tyranitar\n|\n|-weather|RainDance|[upkeep]\n|-heal|p1a: Archaludon|77/100|[from] item: Leftovers\n|upkeep\n|inactive|TwiddleStick has 30 seconds left.\n|\n|t:|1776658966\n|switch|p2b: Farigiraf|Farigiraf, L50, F|27/100\n|switch|p1b: Venusaur|Venusaur-Mega, L50, F|34/100\n|turn|10\n|\n|t:|1776658987\n|switch|p2a: Aggron|Aggron-Mega, L50, M|2/100\n|move|p1b: Venusaur|Protect|p1b: Venusaur\n|-singleturn|p1b: Venusaur|Protect\n|move|p2b: Farigiraf|Psychic|p1b: Venusaur\n|-activate|p1b: Venusaur|move: Protect\n|move|p1a: Archaludon|Dragon Pulse|p2b: Farigiraf\n|-crit|p2b: Farigiraf\n|-damage|p2b: Farigiraf|0 fnt\n|faint|p2b: Farigiraf\n|\n|-weather|RainDance|[upkeep]\n|-heal|p1a: Archaludon|83/100|[from] item: Leftovers\n|upkeep\n|\n|t:|1776659000\n|switch|p2b: Sinistcha|Sinistcha, L50|4/100\n|-heal|p2a: Aggron|27/100|[from] ability: Hospitality|[of] p2b: Sinistcha\n|turn|11\n|inactive|TwiddleStick has 30 seconds left.\n|\n|t:|1776659028\n|move|p1a: Archaludon|Protect|p1a: Archaludon\n|-singleturn|p1a: Archaludon|Protect\n|move|p2a: Aggron|Heavy Slam|p1b: Venusaur\n|-damage|p1b: Venusaur|13/100\n|move|p2b: Sinistcha|Shadow Ball|p1b: Venusaur\n|-damage|p1b: Venusaur|0 fnt\n|faint|p1b: Venusaur\n|\n|-weather|RainDance|[upkeep]\n|-heal|p1a: Archaludon|90/100|[from] item: Leftovers\n|-fieldend|move: Trick Room\n|upkeep\n|turn|12\n|\n|t:|1776659052\n|move|p2a: Aggron|Protect|p2a: Aggron\n|-singleturn|p2a: Aggron|Protect\n|move|p1a: Archaludon|Electro Shot||[still]\n|-prepare|p1a: Archaludon|Electro Shot\n|-boost|p1a: Archaludon|spa|1\n|-anim|p1a: Archaludon|Electro Shot|p2a: Aggron\n|-activate|p2a: Aggron|move: Protect\n|move|p2b: Sinistcha|Trick Room|p2b: Sinistcha\n|-fieldstart|move: Trick Room|[of] p2b: Sinistcha\n|\n|-weather|RainDance|[upkeep]\n|-heal|p1a: Archaludon|96/100|[from] item: Leftovers\n|upkeep\n|turn|13\n|inactive|TwiddleStick has 30 seconds left.\n|inactive|TwiddleStick has 20 seconds left.\n|\n|t:|1776659090\n|move|p2a: Aggron|Protect||[still]\n|-fail|p2a: Aggron\n|move|p2b: Sinistcha|Shadow Ball|p1a: Archaludon\n|-damage|p1a: Archaludon|65/100\n|-ability|p1a: Archaludon|Stamina|boost\n|-boost|p1a: Archaludon|def|1\n|move|p1a: Archaludon|Electro Shot||[still]\n|-prepare|p1a: Archaludon|Electro Shot\n|-boost|p1a: Archaludon|spa|1\n|-anim|p1a: Archaludon|Electro Shot|p2a: Aggron\n|-damage|p2a: Aggron|0 fnt\n|faint|p2a: Aggron\n|\n|-weather|none\n|-heal|p1a: Archaludon|71/100|[from] item: Leftovers\n|upkeep\n|turn|14\n|inactive|TwiddleStick has 30 seconds left.\n|\n|t:|1776659105\n|move|p2b: Sinistcha|Shadow Ball|p1a: Archaludon\n|-damage|p1a: Archaludon|40/100\n|-unboost|p1a: Archaludon|spd|1\n|-ability|p1a: Archaludon|Stamina|boost\n|-boost|p1a: Archaludon|def|1\n|move|p1a: Archaludon|Flash Cannon|p2b: Sinistcha\n|-damage|p2b: Sinistcha|0 fnt\n|faint|p2b: Sinistcha\n|\n|win|KeckleonKidVGC\n|raw|KeckleonKidVGC's rating: 1270 &rarr; <strong>1301</strong><br />(+31 for winning)\n|raw|TwiddleStick's rating: 1353 &rarr; <strong>1328</strong><br />(-25 for losing)\n",
  "uploadtime": 1776659114,
  "views": 12,
  "formatid": "gen9championsvgc2026regma",
  "rating": 1301,
  "private": 0,
  "password": null
}