{
  "id": "gen9championsvgc2026regma-2583998924",
  "format": "[Gen 9 Champions] VGC 2026 Reg M-A",
  "players": [
    "EXSA",
    "LD000"
  ],
  "log": "|j|\u2606EXSA\n|j|\u2606LD000\n|t:|1776215456\n|gametype|doubles\n|player|p1|EXSA|1|1201\n|player|p2|LD000|cynthia-gen4|1189\n|gen|9\n|tier|[Gen 9 Champions] VGC 2026 Reg M-A\n|rated|\n|rule|Species Clause: Limit one of each Pok\u00e9mon\n|rule|Item Clause: Limit 1 of each item\n|clearpoke\n|poke|p1|Charizard, L50, F|\n|poke|p1|Incineroar, L50, M|\n|poke|p1|Maushold-Four, L50|\n|poke|p1|Hawlucha, L50, F|\n|poke|p1|Garchomp, L50, F|\n|poke|p1|Whimsicott, L50, F|\n|poke|p2|Charizard, L50, M|\n|poke|p2|Garchomp, L50, M|\n|poke|p2|Venusaur, L50, F|\n|poke|p2|Incineroar, L50, M|\n|poke|p2|Sneasler, L50, M|\n|poke|p2|Basculegion, L50, M|\n|teampreview|4\n|inactive|Battle timer is ON: inactive players will automatically lose when time's up. (requested by LD000)\n|\n|t:|1776215482\n|teamsize|p1|4\n|teamsize|p2|4\n|start\n|switch|p1a: Incineroar|Incineroar, L50, M|100/100\n|switch|p1b: Garchomp|Garchomp, L50, F|100/100\n|switch|p2a: Sneasler|Sneasler, L50, M|100/100\n|switch|p2b: Incineroar|Incineroar, L50, M|100/100\n|-ability|p2b: Incineroar|Intimidate|boost\n|-unboost|p1a: Incineroar|atk|1\n|-unboost|p1b: Garchomp|atk|1\n|-ability|p1a: Incineroar|Intimidate|boost\n|-unboost|p2a: Sneasler|atk|1\n|-unboost|p2b: Incineroar|atk|1\n|-enditem|p2a: Sneasler|White Herb\n|-clearnegativeboost|p2a: Sneasler|[silent]\n|turn|1\n|inactive|EXSA has 30 seconds left.\n|\n|t:|1776215509\n|switch|p1a: Whimsicott|Whimsicott, L50, F|100/100\n|move|p2b: Incineroar|Fake Out|p1b: Garchomp\n|-damage|p1b: Garchomp|92/100\n|-damage|p2b: Incineroar|88/100|[from] ability: Rough Skin|[of] p1b: Garchomp\n|move|p2a: Sneasler|Close Combat|p1a: Whimsicott\n|-resisted|p1a: Whimsicott|1\n|-damage|p1a: Whimsicott|48/100\n|-unboost|p2a: Sneasler|def|1\n|-unboost|p2a: Sneasler|spd|1\n|cant|p1b: Garchomp|flinch\n|\n|upkeep\n|turn|2\n|inactive|EXSA has 30 seconds left.\n|\n|t:|1776215542\n|switch|p1a: Incineroar|Incineroar, L50, M|100/100\n|-ability|p1a: Incineroar|Intimidate|boost\n|-unboost|p2a: Sneasler|atk|1\n|-unboost|p2b: Incineroar|atk|1\n|move|p2a: Sneasler|Dire Claw|p1a: Incineroar\n|-damage|p1a: Incineroar|70/100\n|-status|p1a: Incineroar|slp\n|move|p1b: Garchomp|Rock Slide|p2a: Sneasler|[spread] p2a,p2b\n|-resisted|p2a: Sneasler|1\n|-supereffective|p2b: Incineroar|1\n|-damage|p2a: Sneasler|81/100\n|-damage|p2b: Incineroar|56/100\n|move|p2b: Incineroar|Darkest Lariat|p1b: Garchomp\n|-damage|p1b: Garchomp|71/100\n|-damage|p2b: Incineroar|44/100|[from] ability: Rough Skin|[of] p1b: Garchomp\n|-enditem|p2b: Incineroar|Sitrus Berry|[eat]\n|-heal|p2b: Incineroar|69/100|[from] item: Sitrus Berry\n|\n|upkeep\n|turn|3\n|inactive|EXSA has 30 seconds left.\n|\n|t:|1776215577\n|switch|p2a: Charizard|Charizard, L50, M, shiny|100/100\n|switch|p1a: Charizard|Charizard, L50, F, shiny|100/100\n|move|p1b: Garchomp|Rock Slide|p2b: Incineroar|[spread] p2a\n|-miss|p1b: Garchomp|p2b: Incineroar\n|-supereffective|p2a: Charizard|2\n|-damage|p2a: Charizard|22/100\n|move|p2b: Incineroar|Parting Shot|p1b: Garchomp\n|-unboost|p1b: Garchomp|atk|1\n|-unboost|p1b: Garchomp|spa|1\n|\n|t:|1776215591\n|switch|p2b: Sneasler|Sneasler, L50, M|81/100|[from] Parting Shot\n|\n|upkeep\n|turn|4\n|\n|t:|1776215613\n|detailschange|p1a: Charizard|Charizard-Mega-Y, L50, F, shiny\n|-mega|p1a: Charizard|Charizard|Charizardite Y\n|-weather|SunnyDay|[from] ability: Drought|[of] p1a: Charizard\n|detailschange|p2a: Charizard|Charizard-Mega-Y, L50, M, shiny\n|-mega|p2a: Charizard|Charizard|Charizardite Y\n|move|p1b: Garchomp|Rock Slide|p2b: Sneasler|[spread] p2a,p2b\n|-supereffective|p2a: Charizard|2\n|-resisted|p2b: Sneasler|1\n|-damage|p2a: Charizard|0 fnt\n|-damage|p2b: Sneasler|72/100\n|faint|p2a: Charizard\n|move|p2b: Sneasler|Rock Slide|p1a: Charizard|[spread] p1a,p1b\n|-supereffective|p1a: Charizard|2\n|-resisted|p1b: Garchomp|1\n|-damage|p1a: Charizard|0 fnt\n|-damage|p1b: Garchomp|60/100\n|faint|p1a: Charizard\n|\n|-weather|SunnyDay|[upkeep]\n|upkeep\n|\n|t:|1776215633\n|switch|p1a: Whimsicott|Whimsicott, L50, F|48/100\n|switch|p2a: Incineroar|Incineroar, L50, M|69/100\n|-ability|p2a: Incineroar|Intimidate|boost\n|-unboost|p1a: Whimsicott|atk|1\n|-unboost|p1b: Garchomp|atk|1\n|turn|5\n|\n|t:|1776215646\n|switch|p1a: Incineroar|Incineroar, L50, M|70/100 slp\n|-ability|p1a: Incineroar|Intimidate|boost\n|-unboost|p2a: Incineroar|atk|1\n|-unboost|p2b: Sneasler|atk|1\n|move|p2a: Incineroar|Fake Out|p1b: Garchomp\n|-damage|p1b: Garchomp|52/100\n|-damage|p2a: Incineroar|56/100|[from] ability: Rough Skin|[of] p1b: Garchomp\n|cant|p1b: Garchomp|flinch\n|move|p2b: Sneasler|Dire Claw|p1a: Incineroar\n|-damage|p1a: Incineroar|40/100 slp\n|-enditem|p1a: Incineroar|Sitrus Berry|[eat]\n|-heal|p1a: Incineroar|64/100 slp|[from] item: Sitrus Berry\n|\n|-weather|SunnyDay|[upkeep]\n|upkeep\n|turn|6\n|\n|t:|1776215664\n|switch|p1a: Whimsicott|Whimsicott, L50, F|48/100\n|move|p1b: Garchomp|Rock Slide|p2a: Incineroar|[spread] p2b\n|-miss|p1b: Garchomp|p2a: Incineroar\n|-resisted|p2b: Sneasler|1\n|-damage|p2b: Sneasler|64/100\n|cant|p2b: Sneasler|flinch\n|move|p2a: Incineroar|Parting Shot|p1b: Garchomp\n|-unboost|p1b: Garchomp|atk|1\n|-unboost|p1b: Garchomp|spa|1\n|\n|t:|1776215676\n|switch|p2a: Basculegion|Basculegion, L50, M, shiny|100/100|[from] Parting Shot\n|\n|-weather|SunnyDay|[upkeep]\n|upkeep\n|turn|7\n|\n|t:|1776215686\n|switch|p1b: Incineroar|Incineroar, L50, M|64/100 slp\n|-ability|p1b: Incineroar|Intimidate|boost\n|-unboost|p2a: Basculegion|atk|1\n|-unboost|p2b: Sneasler|atk|1\n|move|p1a: Whimsicott|Tailwind|p1a: Whimsicott\n|-sidestart|p1: EXSA|move: Tailwind\n|move|p2a: Basculegion|Last Respects|p1b: Incineroar\n|-resisted|p1b: Incineroar|1\n|-damage|p1b: Incineroar|43/100 slp\n|move|p2b: Sneasler|Close Combat|p1a: Whimsicott\n|-resisted|p1a: Whimsicott|1\n|-damage|p1a: Whimsicott|20/100\n|-unboost|p2b: Sneasler|def|1\n|-unboost|p2b: Sneasler|spd|1\n|\n|-weather|SunnyDay|[upkeep]\n|upkeep\n|turn|8\n|\n|t:|1776215709\n|cant|p1b: Incineroar|slp\n|move|p1a: Whimsicott|Moonblast|p2a: Basculegion\n|-damage|p2a: Basculegion|56/100\n|move|p2a: Basculegion|Last Respects|p1a: Whimsicott\n|-damage|p1a: Whimsicott|0 fnt\n|faint|p1a: Whimsicott\n|move|p2b: Sneasler|Rock Slide|p1b: Incineroar\n|-supereffective|p1b: Incineroar|1\n|-damage|p1b: Incineroar|12/100 slp\n|\n|-weather|none\n|upkeep\n|\n|t:|1776215711\n|switch|p1a: Garchomp|Garchomp, L50, F|52/100\n|turn|9\n|\n|t:|1776215727\n|switch|p2a: Incineroar|Incineroar, L50, M|56/100\n|-ability|p2a: Incineroar|Intimidate|boost\n|-unboost|p1a: Garchomp|atk|1\n|-unboost|p1b: Incineroar|atk|1\n|move|p1a: Garchomp|Earthquake|p2b: Sneasler|[spread] p1b,p2a,p2b\n|-supereffective|p1b: Incineroar|1\n|-supereffective|p2a: Incineroar|1\n|-supereffective|p2b: Sneasler|1\n|-damage|p1b: Incineroar|0 fnt\n|-damage|p2a: Incineroar|0 fnt\n|-damage|p2b: Sneasler|0 fnt\n|faint|p1b: Incineroar\n|faint|p2a: Incineroar\n|faint|p2b: Sneasler\n|\n|upkeep\n|\n|t:|1776215735\n|switch|p2b: Basculegion|Basculegion, L50, M, shiny|56/100\n|turn|10\n|\n|t:|1776215738\n|move|p1a: Garchomp|Earthquake|p2b: Basculegion\n|-crit|p2b: Basculegion\n|-damage|p2b: Basculegion|0 fnt\n|faint|p2b: Basculegion\n|\n|win|EXSA\n|raw|EXSA's rating: 1201 &rarr; <strong>1225</strong><br />(+24 for winning)\n|raw|LD000's rating: 1189 &rarr; <strong>1165</strong><br />(-24 for losing)\n",
  "uploadtime": 1776215743,
  "views": 16,
  "formatid": "gen9championsvgc2026regma",
  "rating": 1165,
  "private": 0,
  "password": null
}