{
  "id": "gen9championsvgc2026regma-2589531931",
  "format": "[Gen 9 Champions] VGC 2026 Reg M-A",
  "players": [
    "Mark the day",
    "brand rats"
  ],
  "log": "|j|\u2606Mark the day\n|j|\u2606brand rats\n|t:|1776731536\n|gametype|doubles\n|player|p1|Mark the day|265|1051\n|player|p2|brand rats|winona|1027\n|gen|9\n|tier|[Gen 9 Champions] VGC 2026 Reg M-A\n|rated|\n|rule|Species Clause: Limit one of each Pok\u00e9mon\n|rule|Item Clause: Limit 1 of each item\n|clearpoke\n|poke|p1|Kangaskhan, L50, F|\n|poke|p1|Rotom-Wash, L50|\n|poke|p1|Kommo-o, L50, F|\n|poke|p1|Sinistcha, L50|\n|poke|p1|Excadrill, L50, F|\n|poke|p1|Incineroar, L50, F|\n|poke|p2|Tsareena, L50, F|\n|poke|p2|Zoroark-Hisui, L50, M|\n|poke|p2|Meowstic-F, L50, F|\n|poke|p2|Klefki, L50, M|\n|poke|p2|Blastoise, L50, M|\n|poke|p2|Incineroar, L50, M|\n|teampreview|4\n|inactive|Battle timer is ON: inactive players will automatically lose when time's up. (requested by Mark the day)\n|inactive|Mark the day has 60 seconds left.\n|inactive|brand rats has 60 seconds left.\n|inactive|Mark the day has 30 seconds left.\n|inactive|Mark the day has 20 seconds left.\n|inactive|Mark the day has 15 seconds left.\n|inactive|Mark the day has 10 seconds left.\n|inactive|Mark the day has 5 seconds left.\n|\n|t:|1776731630\n|teamsize|p1|4\n|teamsize|p2|4\n|start\n|switch|p1a: Kangaskhan|Kangaskhan, L50, F|100/100\n|switch|p1b: Rotom|Rotom-Wash, L50|100/100\n|switch|p2a: Meowstic|Meowstic-F, L50, F|100/100\n|switch|p2b: Klefki|Klefki, L50, M|100/100\n|turn|1\n|\n|t:|1776731651\n|switch|p1a: Sinistcha|Sinistcha, L50|100/100\n|move|p2a: Meowstic|Protect|p2a: Meowstic\n|-singleturn|p2a: Meowstic|Protect\n|move|p2b: Klefki|Reflect|p2b: Klefki\n|-sidestart|p2: brand rats|Reflect\n|move|p1b: Rotom|Hydro Pump|p2a: Meowstic\n|-activate|p2a: Meowstic|move: Protect\n|\n|upkeep\n|turn|2\n|inactive|brand rats has 30 seconds left.\n|inactive|brand rats has 20 seconds left.\n|\n|t:|1776731688\n|switch|p2a: Tsareena|Tsareena, L50, F|100/100\n|move|p2b: Klefki|Light Screen|p2b: Klefki\n|-sidestart|p2: brand rats|move: Light Screen\n|move|p1b: Rotom|Hydro Pump|p2a: Tsareena|[miss]\n|-miss|p1b: Rotom|p2a: Tsareena\n|move|p1a: Sinistcha|Matcha Gotcha|p2a: Tsareena|[spread] p2b\n|-miss|p1a: Sinistcha|p2a: Tsareena\n|-resisted|p2b: Klefki|1\n|-damage|p2b: Klefki|90/100\n|\n|upkeep\n|turn|3\n|inactive|Mark the day has 30 seconds left.\n|inactive|brand rats has 30 seconds left.\n|\n|t:|1776731720\n|switch|p1b: Kommo-o|Kommo-o, L50, F|100/100\n|switch|p2b: Meowstic|Meowstic-F, L50, F|100/100\n|move|p1a: Sinistcha|Rage Powder|p1a: Sinistcha\n|-singleturn|p1a: Sinistcha|move: Rage Powder\n|move|p2a: Tsareena|Trop Kick|p1b: Kommo-o\n|-resisted|p1b: Kommo-o|1\n|-damage|p1b: Kommo-o|83/100\n|-unboost|p1b: Kommo-o|atk|1\n|\n|upkeep\n|turn|4\n|inactive|brand rats has 30 seconds left.\n|\n|t:|1776731747\n|move|p2b: Meowstic|Fake Out|p1b: Kommo-o\n|-damage|p1b: Kommo-o|78/100\n|move|p2a: Tsareena|Taunt|p1a: Sinistcha\n|-start|p1a: Sinistcha|move: Taunt\n|cant|p1b: Kommo-o|flinch\n|move|p1a: Sinistcha|Shadow Ball|p2a: Tsareena\n|-damage|p2a: Tsareena|80/100\n|-unboost|p2a: Tsareena|spd|1\n|\n|upkeep\n|turn|5\n|\n|t:|1776731764\n|detailschange|p2b: Meowstic|Meowstic-F-Mega, L50, F\n|-mega|p2b: Meowstic|Meowstic|Meowsticite\n|-ability|p2b: Meowstic|Soundproof|Trace|[from] ability: Trace|[of] p1b: Kommo-o\n|move|p2b: Meowstic|Alluring Voice|p1b: Kommo-o\n|-immune|p1b: Kommo-o|[from] ability: Soundproof\n|move|p2a: Tsareena|U-turn|p1b: Kommo-o\n|-resisted|p1b: Kommo-o|1\n|-damage|p1b: Kommo-o|69/100\n|\n|t:|1776731775\n|switch|p2a: Incineroar|Incineroar, L50, M|100/100|[from] U-turn\n|-ability|p2a: Incineroar|Intimidate|boost\n|-unboost|p1a: Sinistcha|atk|1\n|-unboost|p1b: Kommo-o|atk|1\n|move|p1b: Kommo-o|Clangorous Soul|p1b: Kommo-o\n|-boost|p1b: Kommo-o|atk|1\n|-boost|p1b: Kommo-o|def|1\n|-boost|p1b: Kommo-o|spa|1\n|-boost|p1b: Kommo-o|spd|1\n|-boost|p1b: Kommo-o|spe|1\n|-damage|p1b: Kommo-o|36/100\n|-enditem|p1b: Kommo-o|Sitrus Berry|[eat]\n|-heal|p1b: Kommo-o|60/100|[from] item: Sitrus Berry\n|move|p1a: Sinistcha|Shadow Ball|p2a: Incineroar\n|-resisted|p2a: Incineroar|1\n|-crit|p2a: Incineroar\n|-damage|p2a: Incineroar|77/100\n|-unboost|p2a: Incineroar|spd|1\n|\n|-sideend|p2: brand rats|Reflect\n|upkeep\n|turn|6\n|\n|t:|1776731796\n|switch|p1a: Kangaskhan|Kangaskhan, L50, F|100/100\n|move|p2a: Incineroar|Fake Out|p1b: Kommo-o\n|-damage|p1b: Kommo-o|54/100\n|move|p2b: Meowstic|Psychic|p1b: Kommo-o\n|-supereffective|p1b: Kommo-o|1\n|-damage|p1b: Kommo-o|3/100\n|cant|p1b: Kommo-o|flinch\n|\n|-sideend|p2: brand rats|move: Light Screen\n|upkeep\n|turn|7\n|\n|t:|1776731811\n|detailschange|p1a: Kangaskhan|Kangaskhan-Mega, L50, F\n|-mega|p1a: Kangaskhan|Kangaskhan|Kangaskhanite\n|move|p2b: Meowstic|Psychic|p1b: Kommo-o\n|-supereffective|p1b: Kommo-o|1\n|-damage|p1b: Kommo-o|0 fnt\n|faint|p1b: Kommo-o\n|move|p1a: Kangaskhan|Double-Edge|p2b: Meowstic\n|-damage|p2b: Meowstic|0 fnt\n|faint|p2b: Meowstic\n|-hitcount|p2: Meowstic|1\n|-damage|p1a: Kangaskhan|77/100|[from] Recoil\n|move|p2a: Incineroar|Parting Shot|p1a: Kangaskhan\n|-unboost|p1a: Kangaskhan|atk|1\n|-unboost|p1a: Kangaskhan|spa|1\n|\n|t:|1776731820\n|switch|p2a: Tsareena|Tsareena, L50, F|80/100|[from] Parting Shot\n|\n|upkeep\n|\n|t:|1776731828\n|switch|p2b: Incineroar|Incineroar, L50, M|77/100\n|switch|p1b: Rotom|Rotom-Wash, L50|100/100\n|-ability|p2b: Incineroar|Intimidate|boost\n|-unboost|p1a: Kangaskhan|atk|1\n|-unboost|p1b: Rotom|atk|1\n|turn|8\n|\n|t:|1776731841\n|switch|p1a: Sinistcha|Sinistcha, L50|100/100\n|move|p1b: Rotom|Protect|p1b: Rotom\n|-singleturn|p1b: Rotom|Protect\n|move|p2b: Incineroar|Fake Out|p1a: Sinistcha\n|-immune|p1a: Sinistcha\n|move|p2a: Tsareena|Trop Kick|p1b: Rotom\n|-activate|p1b: Rotom|move: Protect\n|\n|upkeep\n|turn|9\n|\n|t:|1776731860\n|switch|p1b: Kangaskhan|Kangaskhan-Mega, L50, F|77/100\n|move|p2a: Tsareena|Trop Kick|p1b: Kangaskhan\n|-damage|p1b: Kangaskhan|41/100\n|-unboost|p1b: Kangaskhan|atk|1\n|move|p1a: Sinistcha|Shadow Ball|p2a: Tsareena\n|-damage|p2a: Tsareena|44/100\n|move|p2b: Incineroar|Darkest Lariat|p1a: Sinistcha\n|-supereffective|p1a: Sinistcha|1\n|-damage|p1a: Sinistcha|9/100\n|\n|upkeep\n|turn|10\n|\n|t:|1776731880\n|move|p1b: Kangaskhan|Ice Punch|p2a: Tsareena\n|-supereffective|p2a: Tsareena|1\n|-damage|p2a: Tsareena|8/100\n|-supereffective|p2a: Tsareena|1\n|-damage|p2a: Tsareena|0 fnt\n|faint|p2a: Tsareena\n|-hitcount|p2: Tsareena|2\n|move|p1a: Sinistcha|Life Dew|p1a: Sinistcha|[spread] p1a,p1b\n|-heal|p1a: Sinistcha|35/100\n|-heal|p1b: Kangaskhan|66/100\n|move|p2b: Incineroar|Darkest Lariat|p1a: Sinistcha\n|-supereffective|p1a: Sinistcha|1\n|-damage|p1a: Sinistcha|0 fnt\n|faint|p1a: Sinistcha\n|\n|upkeep\n|\n|t:|1776731893\n|switch|p2a: Klefki|Klefki, L50, M|90/100\n|switch|p1a: Rotom|Rotom-Wash, L50|100/100\n|turn|11\n|\n|t:|1776731918\n|move|p2a: Klefki|Light Screen|p2a: Klefki\n|-sidestart|p2: brand rats|move: Light Screen\n|move|p1b: Kangaskhan|Drain Punch|p2b: Incineroar\n|-supereffective|p2b: Incineroar|1\n|-damage|p2b: Incineroar|44/100\n|-heal|p1b: Kangaskhan|81/100|[from] drain|[of] p2b: Incineroar\n|-supereffective|p2b: Incineroar|1\n|-damage|p2b: Incineroar|36/100\n|-heal|p1b: Kangaskhan|85/100|[from] drain|[of] p2b: Incineroar\n|-hitcount|p2b: Incineroar|2\n|move|p1a: Rotom|Hydro Pump|p2a: Klefki\n|-damage|p2a: Klefki|56/100\n|move|p2b: Incineroar|Darkest Lariat|p1b: Kangaskhan\n|-damage|p1b: Kangaskhan|41/100\n|\n|upkeep\n|turn|12\n|\n|t:|1776731939\n|move|p2a: Klefki|Thunder Wave|p1b: Kangaskhan\n|-status|p1b: Kangaskhan|par\n|move|p1a: Rotom|Hydro Pump|p2a: Klefki\n|-damage|p2a: Klefki|22/100\n|move|p2b: Incineroar|Darkest Lariat|p1b: Kangaskhan\n|-damage|p1b: Kangaskhan|1/100 par\n|move|p1b: Kangaskhan|Drain Punch|p2b: Incineroar\n|-supereffective|p2b: Incineroar|1\n|-damage|p2b: Incineroar|2/100\n|-heal|p1b: Kangaskhan|17/100 par|[from] drain|[of] p2b: Incineroar\n|-supereffective|p2b: Incineroar|1\n|-damage|p2b: Incineroar|0 fnt\n|-heal|p1b: Kangaskhan|17/100 par|[from] drain|[of] p2b: Incineroar\n|faint|p2b: Incineroar\n|-hitcount|p2: Incineroar|2\n|\n|upkeep\n|turn|13\n|\n|t:|1776731964\n|move|p1a: Rotom|Shadow Ball|p2a: Klefki\n|-damage|p2a: Klefki|7/100\n|move|p2a: Klefki|Foul Play|p1b: Kangaskhan\n|-damage|p1b: Kangaskhan|0 fnt\n|faint|p1b: Kangaskhan\n|\n|upkeep\n|turn|14\n|\n|t:|1776731976\n|move|p1a: Rotom|Thunderbolt|p2a: Klefki\n|-damage|p2a: Klefki|0 fnt\n|faint|p2a: Klefki\n|\n|win|Mark the day\n|raw|Mark the day's rating: 1051 &rarr; <strong>1081</strong><br />(+30 for winning)\n|raw|brand rats's rating: 1027 &rarr; <strong>1014</strong><br />(-13 for losing)\n",
  "uploadtime": 1776731979,
  "views": 11,
  "formatid": "gen9championsvgc2026regma",
  "rating": 1014,
  "private": 0,
  "password": null
}