{
  "id": "gen9championsvgc2026regma-2584667868",
  "format": "[Gen 9 Champions] VGC 2026 Reg M-A",
  "players": [
    "gdmklrfnkg",
    "kelcandle"
  ],
  "log": "|j|\u2606gdmklrfnkg\n|j|\u2606kelcandle\n|t:|1776275563\n|gametype|doubles\n|player|p1|gdmklrfnkg|101|1081\n|player|p2|kelcandle|boarder|1000\n|gen|9\n|tier|[Gen 9 Champions] VGC 2026 Reg M-A\n|rated|\n|rule|Species Clause: Limit one of each Pok\u00e9mon\n|rule|Item Clause: Limit 1 of each item\n|clearpoke\n|poke|p1|Garchomp, L50, F|\n|poke|p1|Tyranitar, L50, M|\n|poke|p1|Kingambit, L50, M|\n|poke|p1|Farigiraf, L50, F|\n|poke|p1|Milotic, L50, F|\n|poke|p1|Sinistcha, L50|\n|poke|p2|Maushold, L50|\n|poke|p2|Sinistcha, L50|\n|poke|p2|Tyranitar, L50, F|\n|poke|p2|Excadrill, L50, F|\n|poke|p2|Rotom-Wash, L50|\n|poke|p2|Aerodactyl, L50, M|\n|teampreview|4\n|\n|t:|1776275601\n|teamsize|p1|4\n|teamsize|p2|4\n|start\n|switch|p1a: Milotic|Milotic, L50, F|100/100\n|switch|p1b: Garchomp|Garchomp, L50, F|100/100\n|switch|p2a: Maushold|Maushold, L50|100/100\n|switch|p2b: Tyranitar|Tyranitar, L50, F|100/100\n|-weather|Sandstorm|[from] ability: Sand Stream|[of] p2b: Tyranitar\n|turn|1\n|\n|t:|1776275631\n|detailschange|p1b: Garchomp|Garchomp-Mega, L50, F\n|-mega|p1b: Garchomp|Garchomp|Garchompite\n|detailschange|p2b: Tyranitar|Tyranitar-Mega, L50, F\n|-mega|p2b: Tyranitar|Tyranitar|Tyranitarite\n|move|p1b: Garchomp|Protect|p1b: Garchomp\n|-singleturn|p1b: Garchomp|Protect\n|move|p2a: Maushold|Follow Me|p2a: Maushold\n|-singleturn|p2a: Maushold|move: Follow Me\n|move|p1a: Milotic|Scald|p2a: Maushold\n|-damage|p2a: Maushold|70/100\n|-status|p2a: Maushold|brn\n|move|p2b: Tyranitar|Dragon Dance|p2b: Tyranitar\n|-boost|p2b: Tyranitar|atk|1\n|-boost|p2b: Tyranitar|spe|1\n|\n|-weather|Sandstorm|[upkeep]\n|-damage|p2a: Maushold|65/100 brn|[from] Sandstorm\n|-damage|p1a: Milotic|95/100|[from] Sandstorm\n|-heal|p1a: Milotic|100/100|[from] item: Leftovers\n|-damage|p2a: Maushold|59/100 brn|[from] brn\n|upkeep\n|turn|2\n|\n|t:|1776275664\n|move|p2a: Maushold|Follow Me|p2a: Maushold\n|-singleturn|p2a: Maushold|move: Follow Me\n|move|p1b: Garchomp|Earthquake|p2a: Maushold|[spread] p1a,p2a,p2b\n|-supereffective|p2b: Tyranitar|1\n|-damage|p1a: Milotic|40/100\n|-damage|p2a: Maushold|0 fnt\n|-damage|p2b: Tyranitar|40/100\n|faint|p2a: Maushold\n|move|p2b: Tyranitar|Rock Slide|p1b: Garchomp|[spread] p1a,p1b\n|-resisted|p1b: Garchomp|1\n|-damage|p1a: Milotic|0 fnt\n|-damage|p1b: Garchomp|78/100\n|faint|p1a: Milotic\n|\n|-weather|Sandstorm|[upkeep]\n|upkeep\n|\n|t:|1776275687\n|switch|p2a: Aerodactyl|Aerodactyl, L50, M|100/100\n|switch|p1a: Sinistcha|Sinistcha, L50|100/100\n|-ability|p2a: Aerodactyl|Unnerve\n|-heal|p1b: Garchomp|100/100|[from] ability: Hospitality|[of] p1a: Sinistcha\n|turn|3\n|\n|t:|1776275710\n|move|p2b: Tyranitar|Protect|p2b: Tyranitar\n|-singleturn|p2b: Tyranitar|Protect\n|move|p2a: Aerodactyl|Dual Wingbeat|p1a: Sinistcha\n|-supereffective|p1a: Sinistcha|1\n|-damage|p1a: Sinistcha|72/100\n|-supereffective|p1a: Sinistcha|1\n|-damage|p1a: Sinistcha|41/100\n|-hitcount|p1a: Sinistcha|2\n|move|p1b: Garchomp|Iron Head|p2a: Aerodactyl\n|-supereffective|p2a: Aerodactyl|1\n|-damage|p2a: Aerodactyl|0 fnt\n|-enditem|p1a: Sinistcha|Sitrus Berry|[eat]\n|-heal|p1a: Sinistcha|66/100|[from] item: Sitrus Berry\n|faint|p2a: Aerodactyl\n|move|p1a: Sinistcha|Matcha Gotcha|p2b: Tyranitar\n|-activate|p2b: Tyranitar|move: Protect\n|\n|-weather|Sandstorm|[upkeep]\n|-damage|p1a: Sinistcha|59/100|[from] Sandstorm\n|upkeep\n|\n|t:|1776275724\n|switch|p2a: Excadrill|Excadrill, L50, F|100/100\n|turn|4\n|\n|t:|1776275740\n|move|p2a: Excadrill|Iron Head|p1b: Garchomp\n|-damage|p1b: Garchomp|62/100\n|move|p1b: Garchomp|Earthquake|p2b: Tyranitar|[spread] p1a,p2a,p2b\n|-resisted|p1a: Sinistcha|1\n|-supereffective|p2a: Excadrill|1\n|-supereffective|p2b: Tyranitar|1\n|-crit|p2b: Tyranitar\n|-damage|p1a: Sinistcha|32/100\n|-enditem|p2a: Excadrill|Focus Sash\n|-damage|p2a: Excadrill|1/100\n|-damage|p2b: Tyranitar|0 fnt\n|faint|p2b: Tyranitar\n|move|p1a: Sinistcha|Matcha Gotcha|p2a: Excadrill|[miss]\n|-miss|p1a: Sinistcha|p2a: Excadrill\n|\n|-weather|Sandstorm|[upkeep]\n|-damage|p1a: Sinistcha|26/100|[from] Sandstorm\n|upkeep\n|turn|5\n|-message|kelcandle forfeited.\n|\n|win|gdmklrfnkg\n|raw|gdmklrfnkg's rating: 1081 &rarr; <strong>1102</strong><br />(+21 for winning)\n|raw|kelcandle's rating: 1000 &rarr; <strong>1000</strong><br />(+0 for losing)\n|l|\u2606kelcandle\n|player|p2|\n",
  "uploadtime": 1776275877,
  "views": 19,
  "formatid": "gen9championsvgc2026regma",
  "rating": 1000,
  "private": 0,
  "password": null
}