{
  "id": "gen9championsvgc2026regma-2583210622",
  "format": "[Gen 9 Champions] VGC 2026 Reg M-A",
  "players": [
    "orionsayshi",
    "Salemali76"
  ],
  "log": "|j|\u2606orionsayshi\n|j|\u2606Salemali76\n|t:|1776155151\n|gametype|doubles\n|player|p1|orionsayshi|elesa|1156\n|player|p2|Salemali76|byron|1078\n|gen|9\n|tier|[Gen 9 Champions] VGC 2026 Reg M-A\n|rated|\n|rule|Species Clause: Limit one of each Pok\u00e9mon\n|rule|Item Clause: Limit 1 of each item\n|clearpoke\n|poke|p1|Gengar, L50, F|\n|poke|p1|Sinistcha, L50|\n|poke|p1|Palafin, L50, F|\n|poke|p1|Sableye, L50, F|\n|poke|p1|Kommo-o, L50, F|\n|poke|p1|Heliolisk, L50, F|\n|poke|p2|Charizard, L50, F|\n|poke|p2|Milotic, L50, M|\n|poke|p2|Sinistcha, L50|\n|poke|p2|Sneasler, L50, F|\n|poke|p2|Typhlosion-Hisui, L50, F|\n|poke|p2|Heliolisk, L50, M|\n|teampreview|4\n|\n|t:|1776155180\n|teamsize|p1|4\n|teamsize|p2|4\n|start\n|switch|p1a: Gengar|Gengar, L50, F|100/100\n|switch|p1b: Sableye|Sableye, L50, F|100/100\n|switch|p2a: Charizard|Charizard, L50, F|100/100\n|switch|p2b: Milotic|Milotic, L50, M|100/100\n|turn|1\n|\n|t:|1776155197\n|detailschange|p1a: Gengar|Gengar-Mega, L50, F\n|-mega|p1a: Gengar|Gengar|Gengarite\n|detailschange|p2a: Charizard|Charizard-Mega-X, L50, F\n|-mega|p2a: Charizard|Charizard|Charizardite X\n|move|p1b: Sableye|Protect|p1b: Sableye\n|-singleturn|p1b: Sableye|Protect\n|move|p1a: Gengar|Protect|p1a: Gengar\n|-singleturn|p1a: Gengar|Protect\n|move|p2a: Charizard|Breaking Swipe|p1a: Gengar|[spread] \n|-activate|p1a: Gengar|move: Protect\n|-activate|p1b: Sableye|move: Protect\n|move|p2b: Milotic|Icy Wind|p1a: Gengar|[spread] \n|-activate|p1a: Gengar|move: Protect\n|-activate|p1b: Sableye|move: Protect\n|\n|upkeep\n|turn|2\n|\n|t:|1776155228\n|move|p2a: Charizard|Protect|p2a: Charizard\n|-singleturn|p2a: Charizard|Protect\n|move|p1b: Sableye|Disable|p2a: Charizard\n|-activate|p2a: Charizard|move: Protect\n|move|p1a: Gengar|Perish Song|p1a: Gengar\n|-start|p1a: Gengar|perish3|[silent]\n|-start|p1b: Sableye|perish3|[silent]\n|-start|p2a: Charizard|perish3|[silent]\n|-start|p2b: Milotic|perish3|[silent]\n|-fieldactivate|move: Perish Song\n|move|p2b: Milotic|Scald|p1a: Gengar\n|-damage|p1a: Gengar|70/100\n|\n|-start|p1a: Gengar|perish3\n|-start|p2a: Charizard|perish3\n|-start|p2b: Milotic|perish3\n|-start|p1b: Sableye|perish3\n|upkeep\n|turn|3\n|\n|t:|1776155253\n|move|p1a: Gengar|Protect|p1a: Gengar\n|-singleturn|p1a: Gengar|Protect\n|move|p1b: Sableye|Encore|p2a: Charizard\n|-start|p2a: Charizard|Encore\n|move|p2a: Charizard|Protect|p2a: Charizard\n|-singleturn|p2a: Charizard|Protect\n|move|p2b: Milotic|Icy Wind|p1a: Gengar|[spread] p1b\n|-activate|p1a: Gengar|move: Protect\n|-damage|p1b: Sableye|85/100\n|-unboost|p1b: Sableye|spe|1\n|\n|-start|p1a: Gengar|perish2\n|-start|p2a: Charizard|perish2\n|-start|p2b: Milotic|perish2\n|-start|p1b: Sableye|perish2\n|upkeep\n|turn|4\n|\n|t:|1776155290\n|move|p2a: Charizard|Protect||[still]\n|-fail|p2a: Charizard\n|move|p1b: Sableye|Disable|p2b: Milotic\n|-start|p2b: Milotic|Disable|Icy Wind\n|move|p1a: Gengar|Substitute|p1a: Gengar\n|-start|p1a: Gengar|Substitute\n|-damage|p1a: Gengar|45/100\n|move|p2b: Milotic|Scald|p1a: Gengar\n|-end|p1a: Gengar|Substitute\n|\n|-start|p1a: Gengar|perish1\n|-start|p2a: Charizard|perish1\n|-start|p2b: Milotic|perish1\n|-start|p1b: Sableye|perish1\n|upkeep\n|turn|5\n|\n|t:|1776155310\n|switch|p1a: Heliolisk|Heliolisk, L50, F|100/100\n|switch|p1b: Palafin|Palafin, L50, F|100/100\n|move|p2a: Charizard|Protect|p2a: Charizard\n|-singleturn|p2a: Charizard|Protect\n|move|p2b: Milotic|Scald|p1a: Heliolisk\n|-immune|p1a: Heliolisk|[from] ability: Dry Skin\n|\n|-end|p2a: Charizard|Encore\n|-start|p2a: Charizard|perish0\n|-start|p2b: Milotic|perish0\n|faint|p2a: Charizard\n|faint|p2b: Milotic\n|upkeep\n|-message|Salemali76 forfeited.\n|\n|win|orionsayshi\n|raw|orionsayshi's rating: 1156 &rarr; <strong>1175</strong><br />(+19 for winning)\n|raw|Salemali76's rating: 1078 &rarr; <strong>1061</strong><br />(-17 for losing)\n|l|\u2606Salemali76\n|player|p2|\n|j|\u2606Salemali76\n|player|p2|Salemali76|byron|\n",
  "uploadtime": 1776155325,
  "views": 26,
  "formatid": "gen9championsvgc2026regma",
  "rating": 1061,
  "private": 0,
  "password": null
}