{
  "id": "gen9championsvgc2026regma-2585324197",
  "format": "[Gen 9 Champions] VGC 2026 Reg M-A",
  "players": [
    "iLiseq",
    "mslayer_"
  ],
  "log": "|j|\u2606iLiseq\n|j|\u2606mslayer_\n|t:|1776337855\n|gametype|doubles\n|player|p1|iLiseq|guzma|1164\n|player|p2|mslayer_|265|1118\n|gen|9\n|tier|[Gen 9 Champions] VGC 2026 Reg M-A\n|rated|\n|rule|Species Clause: Limit one of each Pok\u00e9mon\n|rule|Item Clause: Limit 1 of each item\n|clearpoke\n|poke|p1|Drampa, L50, F|\n|poke|p1|Alakazam, L50, F|\n|poke|p1|Sinistcha, L50|\n|poke|p1|Basculegion, L50, M|\n|poke|p1|Scizor, L50, F|\n|poke|p1|Pelipper, L50, F|\n|poke|p2|Floette-Eternal, L50, F|\n|poke|p2|Aerodactyl, L50, M|\n|poke|p2|Incineroar, L50, M|\n|poke|p2|Garchomp, L50, M|\n|poke|p2|Charizard, L50, F|\n|poke|p2|Venusaur, L50, F|\n|teampreview|4\n|inactive|Battle timer is ON: inactive players will automatically lose when time's up. (requested by mslayer_)\n|\n|t:|1776337888\n|teamsize|p1|4\n|teamsize|p2|4\n|start\n|switch|p1a: Alakazam|Alakazam, L50, F|100/100\n|switch|p1b: Drampa|Drampa, L50, F|100/100\n|switch|p2a: Incineroar|Incineroar, L50, M|100/100\n|switch|p2b: Aerodactyl|Aerodactyl, L50, M|100/100\n|-ability|p2b: Aerodactyl|Unnerve\n|-ability|p2a: Incineroar|Intimidate|boost\n|-fail|p1a: Alakazam|unboost|Attack|[from] ability: Inner Focus|[of] p1a: Alakazam\n|-unboost|p1b: Drampa|atk|1\n|-ability|p1b: Drampa|Cloud Nine\n|turn|1\n|inactive|iLiseq has 30 seconds left.\n|inactive|mslayer_ has 30 seconds left.\n|\n|t:|1776337920\n|detailschange|p1b: Drampa|Drampa-Mega, L50, F\n|-mega|p1b: Drampa|Drampa|Drampanite\n|move|p1b: Drampa|Protect|p1b: Drampa\n|-singleturn|p1b: Drampa|Protect\n|move|p1a: Alakazam|Reflect|p1a: Alakazam\n|-sidestart|p1: iLiseq|Reflect\n|move|p2b: Aerodactyl|Tailwind|p2b: Aerodactyl\n|-sidestart|p2: mslayer_|move: Tailwind\n|move|p2a: Incineroar|Throat Chop|p1a: Alakazam\n|-supereffective|p1a: Alakazam|1\n|-damage|p1a: Alakazam|0 fnt\n|faint|p1a: Alakazam\n|\n|upkeep\n|\n|t:|1776337937\n|switch|p1a: Sinistcha|Sinistcha, L50|100/100\n|turn|2\n|\n|t:|1776337955\n|move|p2b: Aerodactyl|Dual Wingbeat|p1a: Sinistcha\n|-supereffective|p1a: Sinistcha|1\n|-damage|p1a: Sinistcha|85/100\n|-supereffective|p1a: Sinistcha|1\n|-damage|p1a: Sinistcha|69/100\n|-hitcount|p1a: Sinistcha|2\n|move|p2a: Incineroar|Flare Blitz|p1a: Sinistcha\n|-supereffective|p1a: Sinistcha|1\n|-damage|p1a: Sinistcha|24/100\n|-damage|p2a: Incineroar|88/100|[from] Recoil\n|move|p1b: Drampa|Calm Mind|p1b: Drampa\n|-boost|p1b: Drampa|spa|1\n|-boost|p1b: Drampa|spd|1\n|move|p1a: Sinistcha|Trick Room|p1a: Sinistcha\n|-fieldstart|move: Trick Room|[of] p1a: Sinistcha\n|\n|upkeep\n|turn|3\n|inactive|iLiseq has 30 seconds left.\n|\n|t:|1776337984\n|move|p1b: Drampa|Hyper Voice|p2a: Incineroar|[spread] p2a,p2b\n|-resisted|p2b: Aerodactyl|1\n|-damage|p2a: Incineroar|22/100\n|-damage|p2b: Aerodactyl|52/100\n|-enditem|p2a: Incineroar|Sitrus Berry|[eat]\n|-heal|p2a: Incineroar|47/100|[from] item: Sitrus Berry\n|move|p1a: Sinistcha|Matcha Gotcha|p2b: Aerodactyl|[spread] p2a\n|-miss|p1a: Sinistcha|p2b: Aerodactyl\n|-resisted|p2a: Incineroar|1\n|-damage|p2a: Incineroar|35/100\n|-heal|p1a: Sinistcha|31/100|[from] drain|[of] p2a: Incineroar\n|move|p2a: Incineroar|Parting Shot|p1b: Drampa\n|-unboost|p1b: Drampa|atk|1\n|-unboost|p1b: Drampa|spa|1\n|\n|t:|1776338002\n|switch|p2a: Venusaur|Venusaur, L50, F|100/100|[from] Parting Shot\n|move|p2b: Aerodactyl|Rock Slide|p1a: Sinistcha|[spread] p1a,p1b\n|-damage|p1a: Sinistcha|19/100\n|-damage|p1b: Drampa|84/100\n|\n|upkeep\n|turn|4\n|\n|t:|1776338022\n|move|p1b: Drampa|Calm Mind|p1b: Drampa\n|-boost|p1b: Drampa|spa|1\n|-boost|p1b: Drampa|spd|1\n|move|p1a: Sinistcha|Matcha Gotcha|p2b: Aerodactyl|[spread] p2a,p2b\n|-resisted|p2a: Venusaur|2\n|-damage|p2a: Venusaur|93/100\n|-heal|p1a: Sinistcha|22/100|[from] drain|[of] p2a: Venusaur\n|-damage|p2b: Aerodactyl|21/100\n|-heal|p1a: Sinistcha|37/100|[from] drain|[of] p2b: Aerodactyl\n|-status|p2b: Aerodactyl|brn\n|-enditem|p2b: Aerodactyl|Lum Berry|[eat]\n|-curestatus|p2b: Aerodactyl|brn|[msg]\n|move|p2a: Venusaur|Sleep Powder|p1b: Drampa\n|-status|p1b: Drampa|slp|[from] move: Sleep Powder\n|move|p2b: Aerodactyl|Dual Wingbeat|p1a: Sinistcha\n|-supereffective|p1a: Sinistcha|1\n|-damage|p1a: Sinistcha|19/100\n|-supereffective|p1a: Sinistcha|1\n|-damage|p1a: Sinistcha|3/100\n|-hitcount|p1a: Sinistcha|2\n|\n|-sideend|p2: mslayer_|move: Tailwind\n|upkeep\n|turn|5\n|inactive|iLiseq has 30 seconds left.\n|inactive|mslayer_ has 30 seconds left.\n|inactive|iLiseq has 20 seconds left.\n|inactive|iLiseq has 15 seconds left.\n|\n|t:|1776338063\n|switch|p2b: Incineroar|Incineroar, L50, M|35/100\n|-enditem|p1a: Sinistcha|Sitrus Berry|[eat]\n|-heal|p1a: Sinistcha|28/100|[from] item: Sitrus Berry\n|-ability|p2b: Incineroar|Intimidate|boost\n|-unboost|p1a: Sinistcha|atk|1\n|-unboost|p1b: Drampa|atk|1\n|cant|p1b: Drampa|slp\n|move|p1a: Sinistcha|Life Dew|p1a: Sinistcha|[spread] p1a,p1b\n|-heal|p1a: Sinistcha|53/100\n|-heal|p1b: Drampa|100/100 slp\n|move|p2a: Venusaur|Sludge Bomb|p1a: Sinistcha\n|-damage|p1a: Sinistcha|0 fnt\n|faint|p1a: Sinistcha\n|\n|-sideend|p1: iLiseq|Reflect\n|upkeep\n|\n|t:|1776338086\n|switch|p1a: Pelipper|Pelipper, L50, F|100/100\n|-weather|RainDance|[from] ability: Drizzle|[of] p1a: Pelipper\n|turn|6\n|\n|t:|1776338109\n|move|p1a: Pelipper|Protect|p1a: Pelipper\n|-singleturn|p1a: Pelipper|Protect\n|cant|p1b: Drampa|slp\n|move|p2b: Incineroar|Parting Shot|p1b: Drampa\n|-unboost|p1b: Drampa|atk|1\n|-unboost|p1b: Drampa|spa|1\n|\n|t:|1776338118\n|switch|p2b: Charizard|Charizard, L50, F|100/100|[from] Parting Shot\n|move|p2a: Venusaur|Sludge Bomb|p1a: Pelipper\n|-activate|p1a: Pelipper|move: Protect\n|\n|-weather|RainDance|[upkeep]\n|-fieldend|move: Trick Room\n|upkeep\n|turn|7\n|inactive|mslayer_ has 30 seconds left.\n|\n|t:|1776338146\n|detailschange|p2b: Charizard|Charizard-Mega-Y, L50, F\n|-mega|p2b: Charizard|Charizard|Charizardite Y\n|-weather|SunnyDay|[from] ability: Drought|[of] p2b: Charizard\n|move|p2a: Venusaur|Sludge Bomb|p1a: Pelipper\n|-damage|p1a: Pelipper|39/100\n|move|p2b: Charizard|Air Slash|p1a: Pelipper\n|-damage|p1a: Pelipper|0 fnt\n|faint|p1a: Pelipper\n|-curestatus|p1b: Drampa|slp|[msg]\n|move|p1b: Drampa|Hyper Voice|p2a: Venusaur|[spread] p2a,p2b\n|-damage|p2a: Venusaur|40/100\n|-damage|p2b: Charizard|59/100\n|\n|-weather|SunnyDay|[upkeep]\n|upkeep\n|turn|8\n|\n|t:|1776338163\n|move|p2a: Venusaur|Sleep Powder|p1b: Drampa\n|-status|p1b: Drampa|slp|[from] move: Sleep Powder\n|move|p2b: Charizard|Weather Ball|p1b: Drampa\n|-resisted|p1b: Drampa|1\n|-damage|p1b: Drampa|78/100 slp\n|cant|p1b: Drampa|slp\n|\n|-weather|SunnyDay|[upkeep]\n|upkeep\n|turn|9\n|\n|t:|1776338171\n|switch|p2a: Incineroar|Incineroar, L50, M|35/100\n|-ability|p2a: Incineroar|Intimidate|boost\n|-unboost|p1b: Drampa|atk|1\n|move|p2b: Charizard|Air Slash|p1b: Drampa\n|-damage|p1b: Drampa|55/100 slp\n|-curestatus|p1b: Drampa|slp|[msg]\n|move|p1b: Drampa|Hyper Voice|p2a: Incineroar|[spread] p2a,p2b\n|-damage|p2a: Incineroar|0 fnt\n|-damage|p2b: Charizard|13/100\n|faint|p2a: Incineroar\n|\n|-weather|SunnyDay|[upkeep]\n|upkeep\n|\n|t:|1776338184\n|switch|p2a: Aerodactyl|Aerodactyl, L50, M|21/100\n|-ability|p2a: Aerodactyl|Unnerve\n|turn|10\n|\n|t:|1776338197\n|move|p2a: Aerodactyl|Rock Slide|p1b: Drampa\n|-damage|p1b: Drampa|25/100\n|-ability|p1b: Drampa|Berserk|boost\n|-boost|p1b: Drampa|spa|1\n|move|p2b: Charizard|Air Slash|p1b: Drampa|[miss]\n|-miss|p2b: Charizard|p1b: Drampa\n|move|p1b: Drampa|Hyper Voice|p2b: Charizard|[spread] p2a,p2b\n|-resisted|p2a: Aerodactyl|1\n|-damage|p2a: Aerodactyl|0 fnt\n|-damage|p2b: Charizard|0 fnt\n|faint|p2a: Aerodactyl\n|faint|p2b: Charizard\n|\n|-weather|SunnyDay|[upkeep]\n|upkeep\n|\n|t:|1776338206\n|switch|p2b: Venusaur|Venusaur, L50, F|40/100\n|turn|11\n|\n|t:|1776338216\n|move|p2b: Venusaur|Sludge Bomb|p1b: Drampa\n|-damage|p1b: Drampa|8/100\n|move|p1b: Drampa|Hyper Voice|p2b: Venusaur\n|-damage|p2b: Venusaur|0 fnt\n|faint|p2b: Venusaur\n|\n|win|iLiseq\n|raw|iLiseq's rating: 1164 &rarr; <strong>1186</strong><br />(+22 for winning)\n|raw|mslayer_'s rating: 1118 &rarr; <strong>1096</strong><br />(-22 for losing)\n|l|\u2606mslayer_\n|player|p2|\n",
  "uploadtime": 1776338725,
  "views": 23,
  "formatid": "gen9championsvgc2026regma",
  "rating": 1096,
  "private": 0,
  "password": null
}