{
  "id": "gen9championsvgc2026regma-2581227197",
  "format": "[Gen 9 Champions] VGC 2026 Reg M-A",
  "players": [
    "yamzinyobooty",
    "Caedas"
  ],
  "log": "|j|\u2606yamzinyobooty\n|j|\u2606Caedas\n|t:|1775973262\n|gametype|doubles\n|player|p1|yamzinyobooty|102|1045\n|player|p2|Caedas|harlequin|1062\n|gen|9\n|tier|[Gen 9 Champions] VGC 2026 Reg M-A\n|rated|\n|rule|Species Clause: Limit one of each Pok\u00e9mon\n|rule|Item Clause: Limit 1 of each item\n|clearpoke\n|poke|p1|Mimikyu, L50, F|\n|poke|p1|Oranguru, L50, M|\n|poke|p1|Incineroar, L50, M|\n|poke|p1|Rotom-Wash, L50|\n|poke|p1|Kommo-o, L50, F|\n|poke|p1|Sneasler, L50, F|\n|poke|p2|Starmie, L50|\n|poke|p2|Sneasler, L50, M|\n|poke|p2|Sinistcha, L50|\n|poke|p2|Kingambit, L50, F|\n|poke|p2|Dragonite, L50, F|\n|poke|p2|Pelipper, L50, F|\n|teampreview|4\n|inactive|Battle timer is ON: inactive players will automatically lose when time's up. (requested by yamzinyobooty)\nCaedas has agreed to open team sheets.\n|\n|t:|1775973283\n|teamsize|p1|4\n|teamsize|p2|4\n|start\n|switch|p1a: Mimikyu|Mimikyu, L50, F|100/100\n|switch|p1b: Oranguru|Oranguru, L50, M, shiny|100/100\n|switch|p2a: Dragonite|Dragonite, L50, F|100/100\n|switch|p2b: Sinistcha|Sinistcha, L50|100/100\n|turn|1\n|inactive|Caedas has 30 seconds left.\n|inactive|Caedas has 20 seconds left.\n|\n|t:|1775973319\n|detailschange|p2a: Dragonite|Dragonite-Mega, L50, F\n|-mega|p2a: Dragonite|Dragonite|Dragoninite\n|move|p1b: Oranguru|Protect|p1b: Oranguru\n|-singleturn|p1b: Oranguru|Protect\n|move|p2a: Dragonite|Tailwind|p2a: Dragonite\n|-sidestart|p2: Caedas|move: Tailwind\n|move|p2b: Sinistcha|Matcha Gotcha|p1a: Mimikyu|[spread] p1a\n|-activate|p1b: Oranguru|move: Protect\n|-activate|p1a: Mimikyu|ability: Disguise\n|-damage|p1a: Mimikyu|100/100\n|detailschange|p1a: Mimikyu|Mimikyu-Busted, L50, F\n|-damage|p1a: Mimikyu|88/100|[from] pokemon: Mimikyu-Busted\n|move|p1a: Mimikyu|Double Team|p1a: Mimikyu\n|-boost|p1a: Mimikyu|evasion|1\n|\n|upkeep\n|turn|2\n|\n|t:|1775973342\n|move|p2a: Dragonite|Dragon Pulse|p1b: Oranguru\n|-damage|p1b: Oranguru|63/100\n|move|p2b: Sinistcha|Matcha Gotcha|p1b: Oranguru|[spread] p1a,p1b\n|-damage|p1a: Mimikyu|62/100\n|-damage|p1b: Oranguru|44/100\n|move|p1b: Oranguru|Instruct|p1a: Mimikyu\n|-singleturn|p1a: Mimikyu|move: Instruct|[of] p1b: Oranguru\n|move|p1a: Mimikyu|Double Team|p1a: Mimikyu\n|-boost|p1a: Mimikyu|evasion|1\n|move|p1a: Mimikyu|Double Team|p1a: Mimikyu\n|-boost|p1a: Mimikyu|evasion|1\n|\n|upkeep\n|turn|3\n|\n|t:|1775973366\n|move|p2a: Dragonite|Dragon Pulse|p1b: Oranguru\n|-damage|p1b: Oranguru|3/100\n|move|p2b: Sinistcha|Matcha Gotcha|p1b: Oranguru|[spread] p1a,p1b\n|-damage|p1a: Mimikyu|36/100\n|-damage|p1b: Oranguru|0 fnt\n|faint|p1b: Oranguru\n|move|p1a: Mimikyu|Double Team|p1a: Mimikyu\n|-boost|p1a: Mimikyu|evasion|1\n|\n|upkeep\n|\n|t:|1775973374\n|switch|p1b: Incineroar|Incineroar, L50, M|100/100\n|-ability|p1b: Incineroar|Intimidate|boost\n|-unboost|p2a: Dragonite|atk|1\n|-unboost|p2b: Sinistcha|atk|1\n|turn|4\n|\n|t:|1775973395\n|move|p2a: Dragonite|Hurricane|p1a: Mimikyu|[miss]\n|-miss|p2a: Dragonite|p1a: Mimikyu\n|move|p2b: Sinistcha|Matcha Gotcha|p1b: Incineroar|[spread] \n|-miss|p2b: Sinistcha|p1a: Mimikyu\n|-miss|p2b: Sinistcha|p1b: Incineroar\n|move|p1a: Mimikyu|Double Team|p1a: Mimikyu\n|-boost|p1a: Mimikyu|evasion|1\n|move|p1b: Incineroar|Flare Blitz|p2b: Sinistcha\n|-supereffective|p2b: Sinistcha|1\n|-damage|p2b: Sinistcha|26/100\n|-enditem|p2b: Sinistcha|Sitrus Berry|[eat]\n|-heal|p2b: Sinistcha|51/100|[from] item: Sitrus Berry\n|-damage|p1b: Incineroar|79/100|[from] Recoil\n|\n|-sideend|p2: Caedas|move: Tailwind\n|upkeep\n|turn|5\n|inactive|Caedas has 30 seconds left.\n|inactive|Caedas has 20 seconds left.\n|\n|t:|1775973434\n|move|p2a: Dragonite|Hurricane|p1b: Incineroar\n|-damage|p1b: Incineroar|25/100\n|-enditem|p1b: Incineroar|Sitrus Berry|[eat]\n|-heal|p1b: Incineroar|50/100|[from] item: Sitrus Berry\n|move|p2b: Sinistcha|Matcha Gotcha|p1a: Mimikyu|[spread] p1a,p1b\n|-resisted|p1b: Incineroar|1\n|-damage|p1a: Mimikyu|8/100\n|-heal|p2b: Sinistcha|64/100|[from] drain|[of] p1a: Mimikyu\n|-damage|p1b: Incineroar|39/100\n|-heal|p2b: Sinistcha|70/100|[from] drain|[of] p1b: Incineroar\n|move|p1b: Incineroar|Throat Chop|p2b: Sinistcha\n|-supereffective|p2b: Sinistcha|1\n|-crit|p2b: Sinistcha\n|-damage|p2b: Sinistcha|0 fnt\n|faint|p2b: Sinistcha\n|move|p1a: Mimikyu|Trick Room|p1a: Mimikyu\n|-fieldstart|move: Trick Room|[of] p1a: Mimikyu\n|\n|upkeep\n|\n|t:|1775973454\n|switch|p2b: Kingambit|Kingambit, L50, F|100/100\n|turn|6\n|inactive|Caedas has 30 seconds left.\n|\n|t:|1775973489\n|move|p2b: Kingambit|Iron Head|p1a: Mimikyu\n|-supereffective|p1a: Mimikyu|1\n|-damage|p1a: Mimikyu|0 fnt\n|faint|p1a: Mimikyu\n|move|p1b: Incineroar|Flare Blitz|p2b: Kingambit\n|-supereffective|p2b: Kingambit|1\n|-damage|p2b: Kingambit|40/100\n|-status|p2b: Kingambit|brn\n|-damage|p1b: Incineroar|18/100|[from] Recoil\n|move|p2a: Dragonite|Hurricane|p1b: Incineroar\n|-damage|p1b: Incineroar|0 fnt\n|faint|p1b: Incineroar\n|\n|-damage|p2b: Kingambit|34/100 brn|[from] brn\n|upkeep\n|\n|t:|1775973497\n|switch|p1b: Rotom|Rotom-Wash, L50, shiny|100/100\n|turn|7\n|\n|t:|1775973512\n|move|p2b: Kingambit|Kowtow Cleave|p1b: Rotom\n|-damage|p1b: Rotom|76/100\n|move|p1b: Rotom|Electroweb|p2b: Kingambit|[spread] p2a,p2b\n|-damage|p2a: Dragonite|94/100\n|-damage|p2b: Kingambit|16/100 brn\n|-unboost|p2a: Dragonite|spe|1\n|-unboost|p2b: Kingambit|spe|1\n|-ability|p2b: Kingambit|Defiant|boost\n|-boost|p2b: Kingambit|atk|2\n|move|p2a: Dragonite|Dragon Pulse|p1b: Rotom\n|-damage|p1b: Rotom|28/100\n|\n|-damage|p2b: Kingambit|10/100 brn|[from] brn\n|upkeep\n|turn|8\n|\n|t:|1775973529\n|move|p2b: Kingambit|Kowtow Cleave|p1b: Rotom\n|-damage|p1b: Rotom|0 fnt\n|faint|p1b: Rotom\n|\n|win|Caedas\n|raw|yamzinyobooty's rating: 1045 &rarr; <strong>1029</strong><br />(-16 for losing)\n|raw|Caedas's rating: 1062 &rarr; <strong>1091</strong><br />(+29 for winning)\n",
  "uploadtime": 1775973266,
  "views": 16,
  "formatid": "gen9championsvgc2026regma",
  "rating": 1029,
  "private": 0,
  "password": null
}