{
  "id": "gen9championsvgc2026regma-2587174315",
  "format": "[Gen 9 Champions] VGC 2026 Reg M-A",
  "players": [
    "elganadordeljuego",
    "NathanaelW19"
  ],
  "log": "|j|\u2606elganadordeljuego\n|j|\u2606NathanaelW19\n|t:|1776504313\n|gametype|doubles\n|player|p1|elganadordeljuego|norman|1051\n|player|p2|NathanaelW19|dragontamer|1070\n|gen|9\n|tier|[Gen 9 Champions] VGC 2026 Reg M-A\n|rated|\n|rule|Species Clause: Limit one of each Pok\u00e9mon\n|rule|Item Clause: Limit 1 of each item\n|clearpoke\n|poke|p1|Gardevoir, L50, F|\n|poke|p1|Basculegion, L50, M|\n|poke|p1|Maushold-Four, L50|\n|poke|p1|Talonflame, L50, M|\n|poke|p1|Kingambit, L50, F|\n|poke|p1|Garchomp, L50, M|\n|poke|p2|Medicham, L50, F, shiny|\n|poke|p2|Banette, L50, M, shiny|\n|poke|p2|Froslass, L50, F, shiny|\n|poke|p2|Arcanine-Hisui, L50, F|\n|poke|p2|Kommo-o, L50, F|\n|poke|p2|Corviknight, L50, F, shiny|\n|teampreview|4\n|inactive|Battle timer is ON: inactive players will automatically lose when time's up. (requested by NathanaelW19)\n|inactive|elganadordeljuego has 60 seconds left.\n|\n|t:|1776504363\n|teamsize|p1|4\n|teamsize|p2|4\n|start\n|switch|p1a: Talonflame|Talonflame, L50, M|100/100\n|switch|p1b: Garchomp|Garchomp, L50, M|100/100\n|switch|p2a: Medicham|Medicham, L50, F, shiny|100/100\n|switch|p2b: Banette|Banette, L50, M, shiny|100/100\n|-item|p1b: Garchomp|White Herb|[from] ability: Frisk|[of] p2b: Banette\n|turn|1\n|\n|t:|1776504375\n|detailschange|p2b: Banette|Banette-Mega, L50, M, shiny\n|-mega|p2b: Banette|Banette|Banettite\n|move|p1b: Garchomp|Protect|p1b: Garchomp\n|-singleturn|p1b: Garchomp|Protect\n|move|p2a: Medicham|Fake Out|p1a: Talonflame\n|-damage|p1a: Talonflame|76/100\n|move|p2b: Banette|Skill Swap|p2a: Medicham\n|-activate|p2b: Banette|Skill Swap|||[of] p2a: Medicham\n|cant|p1a: Talonflame|flinch\n|\n|upkeep\n|turn|2\n|\n|t:|1776504389\n|switch|p1b: Kingambit|Kingambit, L50, F|100/100\n|move|p2a: Medicham|Coaching|p2b: Banette\n|-boost|p2b: Banette|atk|1\n|-boost|p2b: Banette|def|1\n|move|p2b: Banette|Shadow Sneak|p1a: Talonflame\n|-damage|p1a: Talonflame|0 fnt\n|faint|p1a: Talonflame\n|\n|upkeep\n|\n|t:|1776504401\n|switch|p1a: Garchomp|Garchomp, L50, M|100/100\n|turn|3\n|\n|t:|1776504409\n|move|p2a: Medicham|Coaching|p2b: Banette\n|-boost|p2b: Banette|atk|1\n|-boost|p2b: Banette|def|1\n|move|p2b: Banette|Shadow Sneak|p1a: Garchomp\n|-damage|p1a: Garchomp|0 fnt\n|-damage|p2b: Banette|88/100|[from] ability: Rough Skin|[of] p1a: Garchomp\n|faint|p1a: Garchomp\n|move|p1b: Kingambit|Low Kick|p2a: Medicham\n|-resisted|p2a: Medicham|1\n|-damage|p2a: Medicham|81/100\n|\n|upkeep\n|\n|t:|1776504419\n|switch|p1a: Gardevoir|Gardevoir, L50, F|100/100\n|turn|4\n|\n|t:|1776504433\n|detailschange|p1a: Gardevoir|Gardevoir-Mega, L50, F\n|-mega|p1a: Gardevoir|Gardevoir|Gardevoirite\n|move|p2b: Banette|Shadow Sneak|p1a: Gardevoir\n|-supereffective|p1a: Gardevoir|1\n|-damage|p1a: Gardevoir|0 fnt\n|faint|p1a: Gardevoir\n|move|p2a: Medicham|Close Combat|p1b: Kingambit\n|-supereffective|p1b: Kingambit|2\n|-enditem|p1b: Kingambit|Chople Berry|[eat]\n|-enditem|p1b: Kingambit|Chople Berry|[weaken]\n|-damage|p1b: Kingambit|41/100\n|-unboost|p2a: Medicham|def|1\n|-unboost|p2a: Medicham|spd|1\n|move|p1b: Kingambit|Iron Head|p2b: Banette\n|-damage|p2b: Banette|58/100\n|\n|upkeep\n|turn|5\n|inactive|elganadordeljuego has 30 seconds left.\n|inactive|elganadordeljuego has 20 seconds left.\n|inactive|elganadordeljuego has 15 seconds left.\n|inactive|elganadordeljuego has 10 seconds left.\n|-message|elganadordeljuego forfeited.\n|\n|win|NathanaelW19\n|raw|elganadordeljuego's rating: 1051 &rarr; <strong>1034</strong><br />(-17 for losing)\n|raw|NathanaelW19's rating: 1070 &rarr; <strong>1098</strong><br />(+28 for winning)\n|l|\u2606elganadordeljuego\n|player|p1|\n",
  "uploadtime": 1776504488,
  "views": 13,
  "formatid": "gen9championsvgc2026regma",
  "rating": 1034,
  "private": 0,
  "password": null
}