{
  "id": "gen9championsvgc2026regma-2584420924",
  "format": "[Gen 9 Champions] VGC 2026 Reg M-A",
  "players": [
    "DracovishGlazer",
    "dkapflzksh"
  ],
  "log": "|j|\u2606DracovishGlazer\n|j|\u2606dkapflzksh\n|t:|1776259655\n|gametype|doubles\n|player|p1|DracovishGlazer|skier|1433\n|player|p2|dkapflzksh|scientist-gen4dp|1353\n|gen|9\n|tier|[Gen 9 Champions] VGC 2026 Reg M-A\n|rated|\n|rule|Species Clause: Limit one of each Pok\u00e9mon\n|rule|Item Clause: Limit 1 of each item\n|clearpoke\n|poke|p1|Archaludon, L50, F|\n|poke|p1|Pelipper, L50, F|\n|poke|p1|Basculegion, L50, M|\n|poke|p1|Floette-Eternal, L50, F|\n|poke|p1|Kingambit, L50, M|\n|poke|p1|Dragonite, L50, F|\n|poke|p2|Pelipper, L50, M|\n|poke|p2|Basculegion, L50, M|\n|poke|p2|Dragonite, L50, F|\n|poke|p2|Archaludon, L50, F|\n|poke|p2|Incineroar, L50, M|\n|poke|p2|Sinistcha-Masterpiece, L50|\n|teampreview|4\n|inactive|Battle timer is ON: inactive players will automatically lose when time's up. (requested by DracovishGlazer)\ndkapflzksh has agreed to open team sheets.\nDracovishGlazer has agreed to open team sheets.\n|showteam|p1|Archaludon||Magnet|Sturdy|DracoMeteor,FlashCannon,ElectroShot,Protect|||F|||50|]Pelipper||FocusSash|Drizzle|Hurricane,Uturn,Tailwind,WideGuard|||F|||50|]Basculegion||ChoiceScarf|Adaptability|Liquidation,LastRespects,FlipTurn,AquaJet|||M|||50|]Floette-Eternal||Floettite|FlowerVeil|DazzlingGleam,Moonblast,LightofRuin,Protect|||F|||50|]Kingambit||BlackGlasses|Defiant|KowtowCleave,SuckerPunch,SwordsDance,Protect|||M|||50|]Dragonite||Dragoninite|Multiscale|Hurricane,DracoMeteor,Thunder,Protect|||F|||50|\n|showteam|p2|Pelipper||ChoiceScarf|Drizzle|Hurricane,WeatherBall,IcyWind,Uturn|||M|||50|]Basculegion||FocusSash|SwiftSwim|Liquidation,AquaJet,LastRespects,FlipTurn|||M|||50|]Dragonite||Dragoninite|InnerFocus|Hurricane,FocusBlast,DracoMeteor,Protect|||F|||50|]Archaludon||Leftovers|Stamina|ElectroShot,DragonPulse,AuraSphere,Protect|||F|||50|]Incineroar||ChopleBerry|Intimidate|FakeOut,PartingShot,WillOWisp,ThroatChop|||M|||50|]Sinistcha-Masterpiece||SitrusBerry|Hospitality|MatchaGotcha,StrengthSap,RagePowder,TrickRoom||||||50|\n|inactive|dkapflzksh has 60 seconds left.\n|inactive|dkapflzksh has 30 seconds left.\n|\n|t:|1776259733\n|teamsize|p1|4\n|teamsize|p2|4\n|start\n|switch|p1a: Archaludon|Archaludon, L50, F|100/100\n|switch|p1b: Pelipper|Pelipper, L50, F|100/100\n|switch|p2a: Pelipper|Pelipper, L50, M, shiny|100/100\n|switch|p2b: Archaludon|Archaludon, L50, F, shiny|100/100\n|-weather|RainDance|[from] ability: Drizzle|[of] p2a: Pelipper\n|turn|1\n|\n|t:|1776259758\n|move|p2a: Pelipper|Icy Wind|p1a: Archaludon|[spread] p1a,p1b\n|-damage|p1a: Archaludon|84/100\n|-damage|p1b: Pelipper|79/100\n|-unboost|p1a: Archaludon|spe|1\n|-unboost|p1b: Pelipper|spe|1\n|move|p2b: Archaludon|Electro Shot||[still]\n|-prepare|p2b: Archaludon|Electro Shot\n|-boost|p2b: Archaludon|spa|1\n|-anim|p2b: Archaludon|Electro Shot|p1b: Pelipper\n|-supereffective|p1b: Pelipper|2\n|-damage|p1b: Pelipper|0 fnt\n|faint|p1b: Pelipper\n|move|p1a: Archaludon|Electro Shot||[still]\n|-prepare|p1a: Archaludon|Electro Shot\n|-boost|p1a: Archaludon|spa|1\n|-anim|p1a: Archaludon|Electro Shot|p2a: Pelipper\n|-supereffective|p2a: Pelipper|2\n|-damage|p2a: Pelipper|0 fnt\n|faint|p2a: Pelipper\n|\n|-weather|RainDance|[upkeep]\n|upkeep\n|inactive|dkapflzksh has 30 seconds left.\n|\n|t:|1776259788\n|switch|p2a: Basculegion|Basculegion, L50, M, shiny|100/100\n|switch|p1b: Dragonite|Dragonite, L50, F|100/100\n|turn|2\n|\n|t:|1776259806\n|detailschange|p1b: Dragonite|Dragonite-Mega, L50, F\n|-mega|p1b: Dragonite|Dragonite|Dragoninite\n|move|p1a: Archaludon|Protect|p1a: Archaludon\n|-singleturn|p1a: Archaludon|Protect\n|move|p2a: Basculegion|Last Respects|p1b: Dragonite\n|-damage|p1b: Dragonite|78/100\n|move|p1b: Dragonite|Thunder|p2a: Basculegion\n|-supereffective|p2a: Basculegion|1\n|-enditem|p2a: Basculegion|Focus Sash\n|-damage|p2a: Basculegion|1/100\n|-status|p2a: Basculegion|par\n|move|p2b: Archaludon|Aura Sphere|p1a: Archaludon\n|-activate|p1a: Archaludon|move: Protect\n|\n|-weather|RainDance|[upkeep]\n|upkeep\n|turn|3\n|\n|t:|1776259830\n|move|p2a: Basculegion|Aqua Jet|p1b: Dragonite\n|-resisted|p1b: Dragonite|1\n|-damage|p1b: Dragonite|65/100\n|move|p1b: Dragonite|Draco Meteor|p2b: Archaludon\n|-damage|p2b: Archaludon|27/100\n|-unboost|p1b: Dragonite|spa|2\n|-ability|p2b: Archaludon|Stamina|boost\n|-boost|p2b: Archaludon|def|1\n|move|p2b: Archaludon|Aura Sphere|p1a: Archaludon\n|-supereffective|p1a: Archaludon|1\n|-damage|p1a: Archaludon|0 fnt\n|faint|p1a: Archaludon\n|\n|-weather|RainDance|[upkeep]\n|-heal|p2b: Archaludon|33/100|[from] item: Leftovers\n|upkeep\n|\n|t:|1776259841\n|switch|p1a: Basculegion|Basculegion, L50, M|100/100\n|turn|4\n|\n|t:|1776259857\n|switch|p2a: Dragonite|Dragonite, L50, F, shiny|100/100\n|move|p2b: Archaludon|Protect|p2b: Archaludon\n|-singleturn|p2b: Archaludon|Protect\n|move|p1a: Basculegion|Last Respects|p2b: Archaludon\n|-activate|p2b: Archaludon|move: Protect\n|move|p1b: Dragonite|Hurricane|p2a: Dragonite\n|-crit|p2a: Dragonite\n|-damage|p2a: Dragonite|0 fnt\n|faint|p2a: Dragonite\n|\n|-weather|RainDance|[upkeep]\n|-heal|p2b: Archaludon|39/100|[from] item: Leftovers\n|upkeep\n|\n|t:|1776259868\n|switch|p2a: Basculegion|Basculegion, L50, M, shiny|1/100 par\n|turn|5\n|\n|t:|1776259887\n|move|p1a: Basculegion|Last Respects|p2b: Archaludon\n|-damage|p2b: Archaludon|0 fnt\n|faint|p2b: Archaludon\n|move|p2a: Basculegion|Last Respects|p1a: Basculegion\n|-supereffective|p1a: Basculegion|1\n|-damage|p1a: Basculegion|0 fnt\n|faint|p1a: Basculegion\n|move|p1b: Dragonite|Hurricane|p2a: Basculegion\n|-damage|p2a: Basculegion|0 fnt\n|faint|p2a: Basculegion\n|\n|win|DracovishGlazer\n|raw|DracovishGlazer's rating: 1433 &rarr; <strong>1448</strong><br />(+15 for winning)\n|raw|dkapflzksh's rating: 1353 &rarr; <strong>1338</strong><br />(-15 for losing)\n",
  "uploadtime": 1776259887,
  "views": 43,
  "formatid": "gen9championsvgc2026regma",
  "rating": 1338,
  "private": 0,
  "password": null
}