{
  "id": "gen9championsvgc2026regma-2582421242",
  "format": "[Gen 9 Champions] VGC 2026 Reg M-A",
  "players": [
    "Ph4npy",
    "netanyahu kirk"
  ],
  "log": "|j|\u2606Ph4npy\n|j|\u2606netanyahu kirk\n|t:|1776090587\n|gametype|doubles\n|player|p1|Ph4npy|2|1107\n|player|p2|netanyahu kirk|boarder|1110\n|gen|9\n|tier|[Gen 9 Champions] VGC 2026 Reg M-A\n|rated|\n|rule|Species Clause: Limit one of each Pok\u00e9mon\n|rule|Item Clause: Limit 1 of each item\n|clearpoke\n|poke|p1|Morpeko, L50, M|\n|poke|p1|Passimian, L50, F|\n|poke|p1|Golurk, L50|\n|poke|p1|Charizard, L50, M|\n|poke|p1|Salazzle, L50, F|\n|poke|p1|Hydrapple, L50, M|\n|poke|p2|Gengar, L50, M|\n|poke|p2|Whimsicott, L50, F|\n|poke|p2|Incineroar, L50, F|\n|poke|p2|Dragonite, L50, M|\n|poke|p2|Sneasler, L50, F|\n|poke|p2|Primarina, L50, F|\n|teampreview|4\n|inactive|Battle timer is ON: inactive players will automatically lose when time's up. (requested by netanyahu kirk)\n|inactive|Ph4npy has 60 seconds left.\n|\n|t:|1776090633\n|teamsize|p1|4\n|teamsize|p2|4\n|start\n|switch|p1a: Passimian|Passimian, L50, F|100/100\n|switch|p1b: Charizard|Charizard, L50, M|100/100\n|switch|p2a: Whimsicott|Whimsicott, L50, F, shiny|100/100\n|switch|p2b: Gengar|Gengar, L50, M, shiny|100/100\n|turn|1\n|inactive|netanyahu kirk has 30 seconds left.\n|inactive|netanyahu kirk has 20 seconds left.\n|inactive|netanyahu kirk has 15 seconds left.\n|inactive|netanyahu kirk has 10 seconds left.\n|\n|t:|1776090679\n|switch|p2b: Primarina|Primarina, L50, F, shiny|100/100\n|move|p1b: Charizard|Protect|p1b: Charizard\n|-singleturn|p1b: Charizard|Protect\n|move|p2a: Whimsicott|Tailwind|p2a: Whimsicott\n|-sidestart|p2: netanyahu kirk|move: Tailwind\n|move|p1a: Passimian|Electroweb|p2a: Whimsicott|[spread] p2a,p2b\n|-resisted|p2a: Whimsicott|1\n|-supereffective|p2b: Primarina|1\n|-damage|p2a: Whimsicott|97/100\n|-damage|p2b: Primarina|93/100\n|-unboost|p2a: Whimsicott|spe|1\n|-unboost|p2b: Primarina|spe|1\n|\n|-heal|p2b: Primarina|99/100|[from] item: Leftovers\n|upkeep\n|turn|2\n|inactive|Ph4npy has 30 seconds left.\n|inactive|netanyahu kirk has 30 seconds left.\n|inactive|Ph4npy has 20 seconds left.\n|inactive|Ph4npy has 15 seconds left.\n|\n|t:|1776090723\n|detailschange|p1b: Charizard|Charizard-Mega-X, L50, M\n|-mega|p1b: Charizard|Charizard|Charizardite X\n|move|p2b: Primarina|Protect|p2b: Primarina\n|-singleturn|p2b: Primarina|Protect\n|move|p2a: Whimsicott|Moonblast|p1a: Passimian\n|-supereffective|p1a: Passimian|1\n|-damage|p1a: Passimian|18/100\n|move|p1a: Passimian|Coaching|p1b: Charizard\n|-boost|p1b: Charizard|atk|1\n|-boost|p1b: Charizard|def|1\n|move|p1b: Charizard|Thunder Punch|p2b: Primarina\n|-activate|p2b: Primarina|move: Protect\n|\n|-heal|p1a: Passimian|24/100|[from] item: Leftovers\n|-heal|p2b: Primarina|100/100|[from] item: Leftovers\n|upkeep\n|turn|3\n|inactive|netanyahu kirk has 30 seconds left.\n|\n|t:|1776090755\n|switch|p2b: Sneasler|Sneasler, L50, F|100/100\n|move|p1b: Charizard|Protect|p1b: Charizard\n|-singleturn|p1b: Charizard|Protect\n|move|p2a: Whimsicott|Moonblast|p1a: Passimian\n|-supereffective|p1a: Passimian|1\n|-damage|p1a: Passimian|0 fnt\n|faint|p1a: Passimian\n|\n|upkeep\n|\n|t:|1776090765\n|switch|p1a: Morpeko|Morpeko, L50, M|100/100\n|turn|4\n|\n|t:|1776090777\n|switch|p2a: Gengar|Gengar, L50, M, shiny|100/100\n|move|p2b: Sneasler|Fake Out|p1b: Charizard\n|-crit|p1b: Charizard\n|-damage|p1b: Charizard|81/100\n|move|p1a: Morpeko|Fake Out|p2b: Sneasler\n|-damage|p2b: Sneasler|81/100\n|cant|p1b: Charizard|flinch\n|\n|-sideend|p2: netanyahu kirk|move: Tailwind\n|-formechange|p1a: Morpeko|Morpeko-Hangry|\n|upkeep\n|turn|5\n|\n|t:|1776090801\n|switch|p2b: Primarina|Primarina, L50, F, shiny|100/100\n|detailschange|p2a: Gengar|Gengar-Mega, L50, M, shiny\n|-mega|p2a: Gengar|Gengar|Gengarite\n|move|p1b: Charizard|Protect|p1b: Charizard\n|-singleturn|p1b: Charizard|Protect\n|move|p2a: Gengar|Sludge Bomb|p1b: Charizard\n|-activate|p1b: Charizard|move: Protect\n|move|p1a: Morpeko|Aura Wheel|p2a: Gengar\n|-supereffective|p2a: Gengar|1\n|-damage|p2a: Gengar|0 fnt\n|-boost|p1a: Morpeko|spe|1\n|faint|p2a: Gengar\n|\n|-formechange|p1a: Morpeko|Morpeko|\n|upkeep\n|\n|t:|1776090816\n|switch|p2a: Sneasler|Sneasler, L50, F|81/100\n|turn|6\n|\n|t:|1776090838\n|switch|p1b: Salazzle|Salazzle, L50, F|100/100\n|switch|p2b: Whimsicott|Whimsicott, L50, F, shiny|97/100\n|move|p2a: Sneasler|Fake Out|p1a: Morpeko\n|-damage|p1a: Morpeko|69/100\n|cant|p1a: Morpeko|flinch\n|\n|-formechange|p1a: Morpeko|Morpeko-Hangry|\n|upkeep\n|turn|7\n|\n|t:|1776090854\n|move|p2b: Whimsicott|Protect|p2b: Whimsicott\n|-singleturn|p2b: Whimsicott|Protect\n|move|p1b: Salazzle|Fake Out|p2b: Whimsicott\n|-activate|p2b: Whimsicott|move: Protect\n|move|p1a: Morpeko|Stomping Tantrum|p2a: Sneasler\n|-supereffective|p2a: Sneasler|1\n|-damage|p2a: Sneasler|0 fnt\n|faint|p2a: Sneasler\n|\n|-formechange|p1a: Morpeko|Morpeko|\n|upkeep\n|\n|t:|1776090863\n|switch|p2a: Primarina|Primarina, L50, F, shiny|100/100\n|turn|8\n|\n|t:|1776090872\n|move|p2b: Whimsicott|Tailwind|p2b: Whimsicott\n|-sidestart|p2: netanyahu kirk|move: Tailwind\n|move|p1a: Morpeko|Aura Wheel|p2a: Primarina\n|-supereffective|p2a: Primarina|1\n|-damage|p2a: Primarina|0 fnt\n|-boost|p1a: Morpeko|spe|1\n|faint|p2a: Primarina\n|move|p1b: Salazzle|Toxic|p2b: Whimsicott\n|-status|p2b: Whimsicott|tox\n|\n|-damage|p2b: Whimsicott|91/100 tox|[from] psn\n|-formechange|p1a: Morpeko|Morpeko-Hangry|\n|upkeep\n|turn|9\n|-message|netanyahu kirk forfeited.\n|\n|win|Ph4npy\n|raw|Ph4npy's rating: 1107 &rarr; <strong>1132</strong><br />(+25 for winning)\n|raw|netanyahu kirk's rating: 1110 &rarr; <strong>1085</strong><br />(-25 for losing)\n|l|\u2606netanyahu kirk\n|player|p2|\n|c|\u2606Ph4npy|GG\n",
  "uploadtime": 1776090887,
  "views": 11,
  "formatid": "gen9championsvgc2026regma",
  "rating": 1085,
  "private": 0,
  "password": null
}