{
  "id": "gen9championsvgc2026regma-2585240418",
  "format": "[Gen 9 Champions] VGC 2026 Reg M-A",
  "players": [
    "Juan1618",
    "TheWonderfulGirl"
  ],
  "log": "|j|\u2606Juan1618\n|j|\u2606TheWonderfulGirl\n|t:|1776328847\n|gametype|doubles\n|player|p1|Juan1618|2|1154\n|player|p2|TheWonderfulGirl|pokekid|1145\n|gen|9\n|tier|[Gen 9 Champions] VGC 2026 Reg M-A\n|rated|\n|rule|Species Clause: Limit one of each Pok\u00e9mon\n|rule|Item Clause: Limit 1 of each item\n|clearpoke\n|poke|p1|Incineroar, L50, F|\n|poke|p1|Kingambit, L50, M|\n|poke|p1|Dragonite, L50, F|\n|poke|p1|Gardevoir, L50, M|\n|poke|p1|Sneasler, L50, M|\n|poke|p1|Garchomp, L50, F|\n|poke|p2|Froslass, L50, F|\n|poke|p2|Garchomp, L50, M|\n|poke|p2|Rotom-Frost, L50|\n|poke|p2|Empoleon, L50, F|\n|poke|p2|Incineroar, L50, F|\n|poke|p2|Kingambit, L50, M|\n|teampreview|4\n|inactive|Battle timer is ON: inactive players will automatically lose when time's up. (requested by TheWonderfulGirl)\n|inactive|Juan1618 also wants the timer to be on.\n|\n|t:|1776328876\n|teamsize|p1|4\n|teamsize|p2|4\n|start\n|switch|p1a: Kingambit|Kingambit, L50, M|100/100\n|switch|p1b: Sneasler|Sneasler, L50, M|100/100\n|switch|p2a: Rotom|Rotom-Frost, L50|100/100\n|switch|p2b: Garchomp|Garchomp, L50, M|100/100\n|-ability|p1b: Sneasler|Pressure\n|turn|1\n|\n|t:|1776328898\n|move|p1a: Kingambit|Protect|p1a: Kingambit\n|-singleturn|p1a: Kingambit|Protect\n|move|p2a: Rotom|Blizzard|p1a: Kingambit|[spread] \n|-activate|p1a: Kingambit|move: Protect\n|-miss|p2a: Rotom|p1b: Sneasler\n|move|p1b: Sneasler|Close Combat|p2b: Garchomp\n|-damage|p2b: Garchomp|42/100\n|-unboost|p1b: Sneasler|def|1\n|-unboost|p1b: Sneasler|spd|1\n|-damage|p1b: Sneasler|88/100|[from] ability: Rough Skin|[of] p2b: Garchomp\n|move|p2b: Garchomp|Earthquake|p1a: Kingambit|[spread] p1b\n|-activate|p1a: Kingambit|move: Protect\n|-immune|p2a: Rotom|[from] ability: Levitate\n|-supereffective|p1b: Sneasler|1\n|-damage|p1b: Sneasler|0 fnt\n|faint|p1b: Sneasler\n|\n|upkeep\n|\n|t:|1776328914\n|switch|p1b: Incineroar|Incineroar, L50, F|100/100\n|-ability|p1b: Incineroar|Intimidate|boost\n|-unboost|p2a: Rotom|atk|1\n|-unboost|p2b: Garchomp|atk|1\n|-enditem|p2b: Garchomp|White Herb\n|-clearnegativeboost|p2b: Garchomp|[silent]\n|turn|2\n|\n|t:|1776328932\n|switch|p2a: Kingambit|Kingambit, L50, M|100/100\n|move|p2b: Garchomp|Protect|p2b: Garchomp\n|-singleturn|p2b: Garchomp|Protect\n|move|p1b: Incineroar|Flare Blitz|p2a: Kingambit\n|-supereffective|p2a: Kingambit|1\n|-enditem|p2a: Kingambit|Focus Sash\n|-damage|p2a: Kingambit|1/100\n|-damage|p1b: Incineroar|72/100|[from] Recoil\n|move|p1a: Kingambit|Iron Head|p2b: Garchomp\n|-activate|p2b: Garchomp|move: Protect\n|\n|upkeep\n|turn|3\n|inactive|Juan1618 has 30 seconds left.\n|\n|t:|1776328966\n|move|p2a: Kingambit|Protect|p2a: Kingambit\n|-singleturn|p2a: Kingambit|Protect\n|move|p1a: Kingambit|Protect|p1a: Kingambit\n|-singleturn|p1a: Kingambit|Protect\n|move|p2b: Garchomp|Earthquake|p1a: Kingambit|[spread] p1b\n|-activate|p2a: Kingambit|move: Protect\n|-activate|p1a: Kingambit|move: Protect\n|-supereffective|p1b: Incineroar|1\n|-damage|p1b: Incineroar|3/100\n|move|p1b: Incineroar|Darkest Lariat|p2b: Garchomp\n|-damage|p2b: Garchomp|0 fnt\n|-damage|p1b: Incineroar|0 fnt|[from] ability: Rough Skin|[of] p2b: Garchomp\n|faint|p2b: Garchomp\n|faint|p1b: Incineroar\n|\n|upkeep\n|\n|t:|1776328989\n|switch|p2b: Froslass|Froslass, L50, F|100/100\n|switch|p1b: Gardevoir|Gardevoir, L50, M|100/100\n|turn|4\n|\n|t:|1776329007\n|detailschange|p2b: Froslass|Froslass-Mega, L50, F\n|-mega|p2b: Froslass|Froslass|Froslassite\n|-weather|Snowscape|[from] ability: Snow Warning|[of] p2b: Froslass\n|detailschange|p1b: Gardevoir|Gardevoir-Mega, L50, M\n|-mega|p1b: Gardevoir|Gardevoir|Gardevoirite\n|move|p1a: Kingambit|Sucker Punch|p2a: Kingambit\n|-resisted|p2a: Kingambit|1\n|-damage|p2a: Kingambit|0 fnt\n|faint|p2a: Kingambit\n|move|p2b: Froslass|Aurora Veil|p2b: Froslass\n|-sidestart|p2: TheWonderfulGirl|move: Aurora Veil\n|move|p1b: Gardevoir|Calm Mind|p1b: Gardevoir\n|-boost|p1b: Gardevoir|spa|1\n|-boost|p1b: Gardevoir|spd|1\n|\n|-weather|Snowscape|[upkeep]\n|upkeep\n|\n|t:|1776329021\n|switch|p2a: Rotom|Rotom-Frost, L50|100/100\n|turn|5\n|\n|t:|1776329041\n|move|p2a: Rotom|Thunderbolt|p1a: Kingambit\n|-damage|p1a: Kingambit|60/100\n|move|p2b: Froslass|Blizzard|p1b: Gardevoir|[spread] p1a,p1b\n|-resisted|p1a: Kingambit|1\n|-damage|p1a: Kingambit|37/100\n|-damage|p1b: Gardevoir|71/100\n|-status|p1b: Gardevoir|frz\n|cant|p1b: Gardevoir|frz\n|move|p1a: Kingambit|Kowtow Cleave|p2b: Froslass\n|-supereffective|p2b: Froslass|1\n|-damage|p2b: Froslass|35/100\n|\n|-weather|Snowscape|[upkeep]\n|-heal|p1a: Kingambit|43/100|[from] item: Leftovers\n|upkeep\n|turn|6\n|inactive|Juan1618 has 30 seconds left.\n|inactive|TheWonderfulGirl has 30 seconds left.\n|\n|t:|1776329067\n|move|p1a: Kingambit|Sucker Punch|p2b: Froslass\n|-supereffective|p2b: Froslass|1\n|-damage|p2b: Froslass|0 fnt\n|faint|p2b: Froslass\n|move|p2a: Rotom|Thunderbolt|p1a: Kingambit\n|-damage|p1a: Kingambit|3/100\n|cant|p1b: Gardevoir|frz\n|\n|-weather|Snowscape|[upkeep]\n|-heal|p1a: Kingambit|9/100|[from] item: Leftovers\n|upkeep\n|turn|7\n|\n|t:|1776329078\n|move|p1a: Kingambit|Protect|p1a: Kingambit\n|-singleturn|p1a: Kingambit|Protect\n|move|p2a: Rotom|Thunderbolt|p1a: Kingambit\n|-activate|p1a: Kingambit|move: Protect\n|-curestatus|p1b: Gardevoir|frz|[msg]\n|move|p1b: Gardevoir|Aura Sphere|p2a: Rotom\n|-supereffective|p2a: Rotom|1\n|-damage|p2a: Rotom|19/100\n|\n|-weather|Snowscape|[upkeep]\n|-heal|p1a: Kingambit|15/100|[from] item: Leftovers\n|upkeep\n|turn|8\n|\n|t:|1776329099\n|move|p1a: Kingambit|Sucker Punch|p2a: Rotom\n|-damage|p2a: Rotom|0 fnt\n|faint|p2a: Rotom\n|\n|win|Juan1618\n|raw|Juan1618's rating: 1154 &rarr; <strong>1178</strong><br />(+24 for winning)\n|raw|TheWonderfulGirl's rating: 1145 &rarr; <strong>1121</strong><br />(-24 for losing)\n",
  "uploadtime": 1776329103,
  "views": 22,
  "formatid": "gen9championsvgc2026regma",
  "rating": 1121,
  "private": 0,
  "password": null
}