{
  "id": "gen9championsvgc2026regma-2583032903",
  "format": "[Gen 9 Champions] VGC 2026 Reg M-A",
  "players": [
    "caustic soda",
    "DevilsroseVA"
  ],
  "log": "|j|\u2606caustic soda\n|j|\u2606DevilsroseVA\n|t:|1776135120\n|gametype|doubles\n|player|p1|caustic soda|102|1169\n|player|p2|DevilsroseVA|hilbert-wonderlauncher|1214\n|gen|9\n|tier|[Gen 9 Champions] VGC 2026 Reg M-A\n|rated|\n|rule|Species Clause: Limit one of each Pok\u00e9mon\n|rule|Item Clause: Limit 1 of each item\n|clearpoke\n|poke|p1|Tyranitar, L50, F|\n|poke|p1|Excadrill, L50, F|\n|poke|p1|Garchomp, L50, F|\n|poke|p1|Aerodactyl, L50, M|\n|poke|p1|Gardevoir, L50, M|\n|poke|p1|Incineroar, L50, F|\n|poke|p2|Dragonite, L50, M|\n|poke|p2|Pelipper, L50, F|\n|poke|p2|Meowstic, L50, M|\n|poke|p2|Archaludon, L50, F|\n|poke|p2|Sinistcha, L50|\n|poke|p2|Basculegion, L50, M|\n|teampreview|4\n|inactive|Battle timer is ON: inactive players will automatically lose when time's up. (requested by DevilsroseVA)\n|\n|t:|1776135162\n|teamsize|p1|4\n|teamsize|p2|4\n|start\n|switch|p1a: Garchomp|Garchomp, L50, F|100/100\n|switch|p1b: Aerodactyl|Aerodactyl, L50, M|100/100\n|switch|p2a: Meowstic|Meowstic, L50, M, shiny|100/100\n|switch|p2b: Dragonite|Dragonite, L50, M, shiny|100/100\n|-ability|p1b: Aerodactyl|Unnerve\n|turn|1\n|inactive|caustic soda has 30 seconds left.\n|\n|t:|1776135195\n|move|p2b: Dragonite|Protect|p2b: Dragonite\n|-singleturn|p2b: Dragonite|Protect\n|move|p2a: Meowstic|Reflect|p2a: Meowstic\n|-sidestart|p2: DevilsroseVA|Reflect\n|move|p1a: Garchomp|Stomping Tantrum|p2a: Meowstic\n|-damage|p2a: Meowstic|66/100\n|move|p1b: Aerodactyl|Tailwind|p1b: Aerodactyl\n|-sidestart|p1: caustic soda|move: Tailwind\n|\n|upkeep\n|turn|2\n|inactive|caustic soda has 30 seconds left.\n|inactive|caustic soda has 20 seconds left.\n|inactive|caustic soda has 15 seconds left.\n|inactive|caustic soda has 10 seconds left.\n|\n|t:|1776135240\n|switch|p1a: Tyranitar|Tyranitar, L50, F|100/100\n|-weather|Sandstorm|[from] ability: Sand Stream|[of] p1a: Tyranitar\n|detailschange|p2b: Dragonite|Dragonite-Mega, L50, M, shiny\n|-mega|p2b: Dragonite|Dragonite|Dragoninite\n|move|p2a: Meowstic|Rain Dance|p2a: Meowstic\n|-weather|RainDance\n|move|p1b: Aerodactyl|Rock Slide|p2a: Meowstic|[spread] p2a,p2b\n|-supereffective|p2b: Dragonite|1\n|-damage|p2a: Meowstic|43/100\n|-damage|p2b: Dragonite|87/100\n|move|p2b: Dragonite|Thunder|p1b: Aerodactyl\n|-supereffective|p1b: Aerodactyl|1\n|-damage|p1b: Aerodactyl|0 fnt\n|-enditem|p2a: Meowstic|Sitrus Berry|[eat]\n|-heal|p2a: Meowstic|68/100|[from] item: Sitrus Berry\n|faint|p1b: Aerodactyl\n|\n|-weather|RainDance|[upkeep]\n|upkeep\n|\n|t:|1776135258\n|switch|p1b: Incineroar|Incineroar, L50, F|100/100\n|-ability|p1b: Incineroar|Intimidate|boost\n|-unboost|p2a: Meowstic|atk|1\n|-unboost|p2b: Dragonite|atk|1\n|turn|3\n|\n|t:|1776135282\n|switch|p2a: Sinistcha|Sinistcha, L50|100/100\n|-heal|p2b: Dragonite|100/100|[from] ability: Hospitality|[of] p2a: Sinistcha\n|detailschange|p1a: Tyranitar|Tyranitar-Mega, L50, F\n|-mega|p1a: Tyranitar|Tyranitar|Tyranitarite\n|-weather|Sandstorm|[from] ability: Sand Stream|[of] p1a: Tyranitar\n|move|p2b: Dragonite|Protect|p2b: Dragonite\n|-singleturn|p2b: Dragonite|Protect\n|move|p1b: Incineroar|Fake Out|p2a: Sinistcha\n|-immune|p2a: Sinistcha\n|move|p1a: Tyranitar|Rock Slide|p2a: Sinistcha|[spread] \n|-activate|p2b: Dragonite|move: Protect\n|-miss|p1a: Tyranitar|p2a: Sinistcha\n|\n|-weather|Sandstorm|[upkeep]\n|-damage|p1b: Incineroar|95/100|[from] Sandstorm\n|-damage|p2b: Dragonite|94/100|[from] Sandstorm\n|-damage|p2a: Sinistcha|94/100|[from] Sandstorm\n|upkeep\n|turn|4\n|\n|t:|1776135303\n|switch|p2b: Archaludon|Archaludon, L50, F, shiny|100/100\n|move|p1a: Tyranitar|Rock Slide|p2b: Archaludon|[spread] p2a,p2b\n|-resisted|p2b: Archaludon|1\n|-damage|p2a: Sinistcha|74/100\n|-damage|p2b: Archaludon|92/100\n|-ability|p2b: Archaludon|Stamina|boost\n|-boost|p2b: Archaludon|def|1\n|move|p1b: Incineroar|Darkest Lariat|p2a: Sinistcha\n|-supereffective|p2a: Sinistcha|1\n|-damage|p2a: Sinistcha|33/100\n|move|p2a: Sinistcha|Scald|p1a: Tyranitar\n|-supereffective|p1a: Tyranitar|1\n|-damage|p1a: Tyranitar|73/100\n|\n|-weather|Sandstorm|[upkeep]\n|-damage|p1b: Incineroar|89/100|[from] Sandstorm\n|-damage|p2a: Sinistcha|27/100|[from] Sandstorm\n|-heal|p2b: Archaludon|98/100|[from] item: Leftovers\n|-sideend|p1: caustic soda|move: Tailwind\n|upkeep\n|turn|5\n|\n|t:|1776135326\n|switch|p1a: Garchomp|Garchomp, L50, F|100/100\n|move|p2a: Sinistcha|Protect|p2a: Sinistcha\n|-singleturn|p2a: Sinistcha|Protect\n|move|p2b: Archaludon|Flash Cannon|p1a: Garchomp\n|-damage|p1a: Garchomp|50/100\n|move|p1b: Incineroar|Parting Shot|p2b: Archaludon\n|-unboost|p2b: Archaludon|atk|1\n|-unboost|p2b: Archaludon|spa|1\n|\n|t:|1776135340\n|switch|p1b: Tyranitar|Tyranitar-Mega, L50, F|73/100|[from] Parting Shot\n|\n|-weather|Sandstorm|[upkeep]\n|-damage|p2a: Sinistcha|21/100|[from] Sandstorm\n|-heal|p2b: Archaludon|100/100|[from] item: Leftovers\n|-sideend|p2: DevilsroseVA|Reflect\n|upkeep\n|turn|6\n|\n|t:|1776135359\n|switch|p2b: Meowstic|Meowstic, L50, M, shiny|68/100\n|move|p1a: Garchomp|Stomping Tantrum|p2b: Meowstic\n|-damage|p2b: Meowstic|18/100\n|move|p1b: Tyranitar|Rock Slide|p2b: Meowstic|[spread] p2a,p2b\n|-crit|p2b: Meowstic\n|-damage|p2a: Sinistcha|0 fnt\n|-damage|p2b: Meowstic|0 fnt\n|faint|p2a: Sinistcha\n|faint|p2b: Meowstic\n|\n|-weather|Sandstorm|[upkeep]\n|upkeep\n|\n|t:|1776135367\n|switch|p2b: Archaludon|Archaludon, L50, F, shiny|100/100\n|switch|p2a: Dragonite|Dragonite-Mega, L50, M, shiny|94/100\n|turn|7\n|\n|t:|1776135377\n|move|p2a: Dragonite|Protect|p2a: Dragonite\n|-singleturn|p2a: Dragonite|Protect\n|move|p1a: Garchomp|Stomping Tantrum|p2b: Archaludon\n|-supereffective|p2b: Archaludon|1\n|-damage|p2b: Archaludon|45/100\n|-ability|p2b: Archaludon|Stamina|boost\n|-boost|p2b: Archaludon|def|1\n|move|p1b: Tyranitar|Rock Slide|p2b: Archaludon|[spread] p2b\n|-activate|p2a: Dragonite|move: Protect\n|-resisted|p2b: Archaludon|1\n|-damage|p2b: Archaludon|36/100\n|-ability|p2b: Archaludon|Stamina|boost\n|-boost|p2b: Archaludon|def|1\n|cant|p2b: Archaludon|flinch\n|\n|-weather|none\n|-heal|p2b: Archaludon|42/100|[from] item: Leftovers\n|upkeep\n|turn|8\n|\n|t:|1776135397\n|move|p2b: Archaludon|Protect|p2b: Archaludon\n|-singleturn|p2b: Archaludon|Protect\n|move|p1a: Garchomp|Stomping Tantrum|p2b: Archaludon\n|-activate|p2b: Archaludon|move: Protect\n|move|p2a: Dragonite|Draco Meteor|p1a: Garchomp\n|-supereffective|p1a: Garchomp|1\n|-damage|p1a: Garchomp|0 fnt\n|-unboost|p2a: Dragonite|spa|2\n|faint|p1a: Garchomp\n|move|p1b: Tyranitar|Rock Slide|p2b: Archaludon|[spread] p2a\n|-activate|p2b: Archaludon|move: Protect\n|-supereffective|p2a: Dragonite|1\n|-damage|p2a: Dragonite|42/100\n|\n|-heal|p2b: Archaludon|48/100|[from] item: Leftovers\n|upkeep\n|\n|t:|1776135401\n|switch|p1a: Incineroar|Incineroar, L50, F|89/100\n|-ability|p1a: Incineroar|Intimidate|boost\n|-unboost|p2a: Dragonite|atk|1\n|-unboost|p2b: Archaludon|atk|1\n|turn|9\n|\n|t:|1776135421\n|move|p2a: Dragonite|Protect|p2a: Dragonite\n|-singleturn|p2a: Dragonite|Protect\n|move|p1a: Incineroar|Fake Out|p2b: Archaludon\n|-resisted|p2b: Archaludon|1\n|-damage|p2b: Archaludon|46/100\n|-ability|p2b: Archaludon|Stamina|boost\n|-boost|p2b: Archaludon|def|1\n|move|p1b: Tyranitar|Dragon Dance|p1b: Tyranitar\n|-boost|p1b: Tyranitar|atk|1\n|-boost|p1b: Tyranitar|spe|1\n|cant|p2b: Archaludon|flinch\n|\n|-heal|p2b: Archaludon|52/100|[from] item: Leftovers\n|upkeep\n|turn|10\n|\n|t:|1776135440\n|move|p1b: Tyranitar|Rock Slide|p2a: Dragonite|[spread] p2a,p2b\n|-supereffective|p2a: Dragonite|1\n|-resisted|p2b: Archaludon|1\n|-damage|p2a: Dragonite|0 fnt\n|-damage|p2b: Archaludon|45/100\n|-ability|p2b: Archaludon|Stamina|boost\n|-boost|p2b: Archaludon|def|1\n|faint|p2a: Dragonite\n|move|p2b: Archaludon|Flash Cannon|p1b: Tyranitar\n|-supereffective|p1b: Tyranitar|1\n|-damage|p1b: Tyranitar|10/100\n|move|p1a: Incineroar|Parting Shot|p2b: Archaludon\n|-unboost|p2b: Archaludon|atk|1\n|-unboost|p2b: Archaludon|spa|1\n|\n|-heal|p2b: Archaludon|51/100|[from] item: Leftovers\n|upkeep\n|turn|11\n|-message|DevilsroseVA forfeited.\n|\n|win|caustic soda\n|raw|caustic soda's rating: 1169 &rarr; <strong>1197</strong><br />(+28 for winning)\n|raw|DevilsroseVA's rating: 1214 &rarr; <strong>1186</strong><br />(-28 for losing)\n|l|\u2606DevilsroseVA\n|player|p2|\n",
  "uploadtime": 1776135476,
  "views": 15,
  "formatid": "gen9championsvgc2026regma",
  "rating": 1186,
  "private": 0,
  "password": null
}