{
  "id": "gen9championsvgc2026regma-2589392390",
  "format": "[Gen 9 Champions] VGC 2026 Reg M-A",
  "players": [
    "melon storme",
    "froakieguy08"
  ],
  "log": "|j|\u2606melon storme\n|j|\u2606froakieguy08\n|t:|1776719281\n|gametype|doubles\n|player|p1|melon storme|kieran-festival|1292\n|player|p2|froakieguy08|102|1243\n|gen|9\n|tier|[Gen 9 Champions] VGC 2026 Reg M-A\n|rated|\n|rule|Species Clause: Limit one of each Pok\u00e9mon\n|rule|Item Clause: Limit 1 of each item\n|clearpoke\n|poke|p1|Scovillain, L50, M|\n|poke|p1|Conkeldurr, L50, F|\n|poke|p1|Aerodactyl, L50, F|\n|poke|p1|Farigiraf, L50, M|\n|poke|p1|Dragapult, L50, M|\n|poke|p1|Kingambit, L50, M|\n|poke|p2|Floette-Eternal, L50, F|\n|poke|p2|Aerodactyl, L50, M|\n|poke|p2|Aegislash, L50, M|\n|poke|p2|Garchomp, L50, F|\n|poke|p2|Rotom-Wash, L50|\n|poke|p2|Kingambit, L50, M|\n|teampreview|4\n|inactive|Battle timer is ON: inactive players will automatically lose when time's up. (requested by froakieguy08)\n|\n|t:|1776719376\n|teamsize|p1|4\n|teamsize|p2|4\n|start\n|switch|p1a: Scovillain|Scovillain, L50, M|100/100\n|switch|p1b: Aerodactyl|Aerodactyl, L50, F|100/100\n|switch|p2a: Rotom|Rotom-Wash, L50|100/100\n|switch|p2b: Floette|Floette-Eternal, L50, F|100/100\n|-ability|p1b: Aerodactyl|Unnerve\n|turn|1\n|\n|t:|1776719398\n|detailschange|p2b: Floette|Floette-Mega, L50, F\n|-mega|p2b: Floette|Floette|Floettite\n|-ability|p2b: Floette|Fairy Aura\n|move|p1a: Scovillain|Protect|p1a: Scovillain\n|-singleturn|p1a: Scovillain|Protect\n|move|p2a: Rotom|Electroweb|p1a: Scovillain|[spread] p1b\n|-activate|p1a: Scovillain|move: Protect\n|-supereffective|p1b: Aerodactyl|1\n|-damage|p1b: Aerodactyl|51/100\n|-unboost|p1b: Aerodactyl|spe|1\n|move|p2b: Floette|Dazzling Gleam|p1a: Scovillain|[spread] p1b\n|-activate|p1a: Scovillain|move: Protect\n|-damage|p1b: Aerodactyl|0 fnt\n|faint|p1b: Aerodactyl\n|\n|-ability|p1a: Scovillain|Moody|boost\n|-boost|p1a: Scovillain|spd|2\n|-unboost|p1a: Scovillain|atk|1\n|upkeep\n|\n|t:|1776719414\n|switch|p1b: Kingambit|Kingambit, L50, M|100/100\n|turn|2\n|\n|t:|1776719422\n|switch|p2a: Garchomp|Garchomp, L50, F|100/100\n|detailschange|p1a: Scovillain|Scovillain-Mega, L50, M\n|-mega|p1a: Scovillain|Scovillain|Scovillainite\n|move|p2b: Floette|Protect|p2b: Floette\n|-singleturn|p2b: Floette|Protect\n|move|p1a: Scovillain|Leech Seed|p2b: Floette\n|-activate|p2b: Floette|move: Protect\n|move|p1b: Kingambit|Swords Dance|p1b: Kingambit\n|-boost|p1b: Kingambit|atk|2\n|\n|upkeep\n|turn|3\n|\n|t:|1776719438\n|move|p1b: Kingambit|Protect|p1b: Kingambit\n|-singleturn|p1b: Kingambit|Protect\n|move|p2a: Garchomp|Earthquake|p1a: Scovillain|[spread] p2b,p1a\n|-activate|p1b: Kingambit|move: Protect\n|-damage|p2b: Floette|48/100\n|-damage|p1a: Scovillain|62/100\n|-status|p2a: Garchomp|brn|[from] ability: Spicy Spray|[of] p1a: Scovillain\n|move|p2b: Floette|Moonblast|p1b: Kingambit\n|-activate|p1b: Kingambit|move: Protect\n|move|p1a: Scovillain|Leech Seed|p2b: Floette\n|-start|p2b: Floette|move: Leech Seed\n|\n|-damage|p2b: Floette|36/100|[from] Leech Seed|[of] p1a: Scovillain\n|-heal|p1a: Scovillain|75/100|[silent]\n|-damage|p2a: Garchomp|94/100 brn|[from] brn\n|upkeep\n|turn|4\n|\n|t:|1776719460\n|switch|p2b: Rotom|Rotom-Wash, L50|100/100\n|move|p1b: Kingambit|Sucker Punch||[still]\n|-fail|p1b: Kingambit\n|move|p2a: Garchomp|Earthquake|p1b: Kingambit|[spread] p1a,p1b\n|-immune|p2b: Rotom|[from] ability: Levitate\n|-supereffective|p1b: Kingambit|1\n|-damage|p1a: Scovillain|55/100\n|-damage|p1b: Kingambit|74/100\n|move|p1a: Scovillain|Leech Seed|p2a: Garchomp\n|-start|p2a: Garchomp|move: Leech Seed\n|\n|-damage|p2a: Garchomp|82/100 brn|[from] Leech Seed|[of] p1a: Scovillain\n|-heal|p1a: Scovillain|73/100|[silent]\n|-damage|p2a: Garchomp|76/100 brn|[from] brn\n|upkeep\n|turn|5\n|\n|t:|1776719480\n|move|p1a: Scovillain|Protect|p1a: Scovillain\n|-singleturn|p1a: Scovillain|Protect\n|move|p1b: Kingambit|Protect|p1b: Kingambit\n|-singleturn|p1b: Kingambit|Protect\n|move|p2b: Rotom|Will-O-Wisp|p1b: Kingambit\n|-activate|p1b: Kingambit|move: Protect\n|move|p2a: Garchomp|Earthquake|p1a: Scovillain|[spread] \n|-activate|p1a: Scovillain|move: Protect\n|-activate|p1b: Kingambit|move: Protect\n|-immune|p2b: Rotom|[from] ability: Levitate\n|\n|-damage|p2a: Garchomp|63/100 brn|[from] Leech Seed|[of] p1a: Scovillain\n|-heal|p1a: Scovillain|90/100|[silent]\n|-damage|p2a: Garchomp|57/100 brn|[from] brn\n|upkeep\n|turn|6\n|\n|t:|1776719496\n|switch|p1b: Dragapult|Dragapult, L50, M|100/100\n|move|p2b: Rotom|Will-O-Wisp|p1b: Dragapult\n|-status|p1b: Dragapult|brn\n|move|p2a: Garchomp|Earthquake|p1a: Scovillain|[spread] p1a,p1b\n|-immune|p2b: Rotom|[from] ability: Levitate\n|-damage|p1a: Scovillain|70/100\n|-damage|p1b: Dragapult|74/100 brn\n|move|p1a: Scovillain|Leech Seed|p2b: Rotom\n|-start|p2b: Rotom|move: Leech Seed\n|\n|-damage|p2b: Rotom|88/100|[from] Leech Seed|[of] p1a: Scovillain\n|-heal|p1a: Scovillain|82/100|[silent]\n|-damage|p2a: Garchomp|45/100 brn|[from] Leech Seed|[of] p1a: Scovillain\n|-heal|p1a: Scovillain|99/100|[silent]\n|-damage|p1b: Dragapult|68/100 brn|[from] brn\n|-damage|p2a: Garchomp|39/100 brn|[from] brn\n|upkeep\n|turn|7\n|\n|t:|1776719517\n|switch|p2b: Aegislash|Aegislash, L50, M|100/100\n|move|p2a: Garchomp|Protect|p2a: Garchomp\n|-singleturn|p2a: Garchomp|Protect\n|move|p1b: Dragapult|Hex|p2a: Garchomp\n|-activate|p2a: Garchomp|move: Protect\n|move|p1a: Scovillain|Leech Seed|p2b: Aegislash\n|-start|p2b: Aegislash|move: Leech Seed\n|\n|-damage|p2a: Garchomp|26/100 brn|[from] Leech Seed|[of] p1a: Scovillain\n|-heal|p1a: Scovillain|100/100|[silent]\n|-damage|p2b: Aegislash|89/100|[from] Leech Seed|[of] p1a: Scovillain\n|-damage|p1b: Dragapult|62/100 brn|[from] brn\n|-damage|p2a: Garchomp|20/100 brn|[from] brn\n|upkeep\n|turn|8\n|\n|t:|1776719526\n|move|p2b: Aegislash|King's Shield|p2b: Aegislash\n|-singleturn|p2b: Aegislash|Protect\n|move|p1a: Scovillain|Rage Powder|p1a: Scovillain\n|-singleturn|p1a: Scovillain|move: Rage Powder\n|move|p1b: Dragapult|Hex|p2b: Aegislash\n|-activate|p2b: Aegislash|move: Protect\n|move|p2a: Garchomp|Dragon Claw|p1a: Scovillain\n|-damage|p1a: Scovillain|79/100\n|\n|-damage|p2a: Garchomp|8/100 brn|[from] Leech Seed|[of] p1a: Scovillain\n|-heal|p1a: Scovillain|96/100|[silent]\n|-damage|p2b: Aegislash|77/100|[from] Leech Seed|[of] p1a: Scovillain\n|-heal|p1a: Scovillain|100/100|[silent]\n|-damage|p1b: Dragapult|56/100 brn|[from] brn\n|-damage|p2a: Garchomp|2/100 brn|[from] brn\n|upkeep\n|turn|9\n|\n|t:|1776719539\n|move|p1a: Scovillain|Rage Powder|p1a: Scovillain\n|-singleturn|p1a: Scovillain|move: Rage Powder\n|-formechange|p2b: Aegislash|Aegislash-Blade|\n|move|p2b: Aegislash|Shadow Sneak|p1a: Scovillain\n|-damage|p1a: Scovillain|64/100\n|-status|p2b: Aegislash|brn|[from] ability: Spicy Spray|[of] p1a: Scovillain\n|move|p1b: Dragapult|Hex|p2b: Aegislash\n|-supereffective|p2b: Aegislash|1\n|-damage|p2b: Aegislash|0 fnt\n|faint|p2b: Aegislash\n|move|p2a: Garchomp|Dragon Claw|p1a: Scovillain\n|-damage|p1a: Scovillain|43/100\n|\n|-damage|p2a: Garchomp|0 fnt|[from] Leech Seed|[of] p1a: Scovillain\n|-heal|p1a: Scovillain|45/100|[silent]\n|faint|p2a: Garchomp\n|-damage|p1b: Dragapult|50/100 brn|[from] brn\n|upkeep\n|\n|t:|1776719546\n|switch|p2a: Floette|Floette-Mega, L50, F|36/100\n|switch|p2b: Rotom|Rotom-Wash, L50|88/100\n|-ability|p2a: Floette|Fairy Aura\n|turn|10\n|\n|t:|1776719570\n|move|p1b: Dragapult|Protect|p1b: Dragapult\n|-singleturn|p1b: Dragapult|Protect\n|move|p2b: Rotom|Electroweb|p1a: Scovillain|[spread] p1a\n|-activate|p1b: Dragapult|move: Protect\n|-resisted|p1a: Scovillain|1\n|-damage|p1a: Scovillain|40/100\n|-unboost|p1a: Scovillain|spe|1\n|-status|p2b: Rotom|brn|[from] ability: Spicy Spray|[of] p1a: Scovillain\n|move|p2a: Floette|Dazzling Gleam|p1b: Dragapult|[spread] p1a\n|-activate|p1b: Dragapult|move: Protect\n|-resisted|p1a: Scovillain|1\n|-damage|p1a: Scovillain|28/100\n|-status|p2a: Floette|brn|[from] ability: Spicy Spray|[of] p1a: Scovillain\n|move|p1a: Scovillain|Leech Seed|p2a: Floette\n|-start|p2a: Floette|move: Leech Seed\n|\n|-damage|p2a: Floette|24/100 brn|[from] Leech Seed|[of] p1a: Scovillain\n|-heal|p1a: Scovillain|41/100|[silent]\n|-damage|p2b: Rotom|82/100 brn|[from] brn\n|-damage|p1b: Dragapult|44/100 brn|[from] brn\n|-damage|p2a: Floette|18/100 brn|[from] brn\n|upkeep\n|turn|11\n|-message|froakieguy08 forfeited.\n|\n|win|melon storme\n|raw|melon storme's rating: 1292 &rarr; <strong>1312</strong><br />(+20 for winning)\n|raw|froakieguy08's rating: 1217 &rarr; <strong>1197</strong><br />(-20 for losing)\n|l|\u2606froakieguy08\n|player|p2|\n",
  "uploadtime": 1776719590,
  "views": 9,
  "formatid": "gen9championsvgc2026regma",
  "rating": 1197,
  "private": 0,
  "password": null
}