{
  "id": "gen9championsvgc2026regma-2582146259",
  "format": "[Gen 9 Champions] VGC 2026 Reg M-A",
  "players": [
    "faric",
    "Samsalt6363"
  ],
  "log": "|j|\u2606faric\n|j|\u2606Samsalt6363\n|t:|1776063953\n|gametype|doubles\n|player|p1|faric|102|1086\n|player|p2|Samsalt6363|170|1040\n|gen|9\n|tier|[Gen 9 Champions] VGC 2026 Reg M-A\n|rated|\n|rule|Species Clause: Limit one of each Pok\u00e9mon\n|rule|Item Clause: Limit 1 of each item\n|clearpoke\n|poke|p1|Charizard, L50, M|\n|poke|p1|Venusaur, L50, F|\n|poke|p1|Garchomp, L50, F|\n|poke|p1|Rotom-Wash, L50|\n|poke|p1|Incineroar, L50, M|\n|poke|p1|Sneasler, L50, F|\n|poke|p2|Conkeldurr, L50, M|\n|poke|p2|Venusaur, L50, F|\n|poke|p2|Sableye, L50, F|\n|poke|p2|Mamoswine, L50, F|\n|poke|p2|Rotom-Wash, L50|\n|poke|p2|Charizard, L50, F|\n|teampreview|4\n|inactive|Battle timer is ON: inactive players will automatically lose when time's up. (requested by faric)\n|\n|t:|1776063992\n|teamsize|p1|4\n|teamsize|p2|4\n|start\n|switch|p1a: Garchomp|Garchomp, L50, F|100/100\n|switch|p1b: Incineroar|Incineroar, L50, M|100/100\n|switch|p2a: Sableye|Sableye, L50, F|100/100\n|switch|p2b: Conkeldurr|Conkeldurr, L50, M|100/100\n|-ability|p1b: Incineroar|Intimidate|boost\n|-unboost|p2a: Sableye|atk|1\n|-unboost|p2b: Conkeldurr|atk|1\n|turn|1\n|inactive|faric has 30 seconds left.\n|\n|t:|1776064022\n|switch|p1a: Charizard|Charizard, L50, M|100/100\n|move|p2b: Conkeldurr|Protect|p2b: Conkeldurr\n|-singleturn|p2b: Conkeldurr|Protect\n|move|p1b: Incineroar|Fake Out|p2b: Conkeldurr\n|-activate|p2b: Conkeldurr|move: Protect\n|move|p2a: Sableye|Reflect|p2a: Sableye\n|-sidestart|p2: Samsalt6363|Reflect\n|\n|upkeep\n|turn|2\n|inactive|Samsalt6363 has 30 seconds left.\n|\n|t:|1776064048\n|detailschange|p1a: Charizard|Charizard-Mega-Y, L50, M\n|-mega|p1a: Charizard|Charizard|Charizardite Y\n|-weather|SunnyDay|[from] ability: Drought|[of] p1a: Charizard\n|move|p2a: Sableye|Light Screen|p2a: Sableye\n|-sidestart|p2: Samsalt6363|move: Light Screen\n|move|p2b: Conkeldurr|Mach Punch|p1b: Incineroar\n|-supereffective|p1b: Incineroar|1\n|-damage|p1b: Incineroar|55/100\n|move|p1a: Charizard|Heat Wave|p2a: Sableye|[spread] p2b\n|-miss|p1a: Charizard|p2a: Sableye\n|-damage|p2b: Conkeldurr|51/100\n|move|p1b: Incineroar|Flare Blitz|p2a: Sableye\n|-damage|p2a: Sableye|12/100\n|-damage|p1b: Incineroar|32/100|[from] Recoil\n|-enditem|p1b: Incineroar|Sitrus Berry|[eat]\n|-heal|p1b: Incineroar|57/100|[from] item: Sitrus Berry\n|\n|-weather|SunnyDay|[upkeep]\n|upkeep\n|turn|3\n|inactive|Samsalt6363 has 30 seconds left.\n|\n|t:|1776064076\n|move|p1a: Charizard|Protect|p1a: Charizard\n|-singleturn|p1a: Charizard|Protect\n|move|p2a: Sableye|Quash|p1a: Charizard\n|-activate|p1a: Charizard|move: Protect\n|move|p1b: Incineroar|Parting Shot|p2b: Conkeldurr\n|-unboost|p2b: Conkeldurr|atk|1\n|-unboost|p2b: Conkeldurr|spa|1\n|\n|t:|1776064086\n|switch|p1b: Venusaur|Venusaur, L50, F|100/100|[from] Parting Shot\n|move|p2b: Conkeldurr|Ice Punch|p1a: Charizard\n|-activate|p1a: Charizard|move: Protect\n|\n|-weather|SunnyDay|[upkeep]\n|upkeep\n|turn|4\n|\n|t:|1776064099\n|move|p2b: Conkeldurr|Protect|p2b: Conkeldurr\n|-singleturn|p2b: Conkeldurr|Protect\n|move|p2a: Sableye|Encore|p1a: Charizard\n|-start|p1a: Charizard|Encore\n|move|p1a: Charizard|Protect|p1a: Charizard\n|-singleturn|p1a: Charizard|Protect\n|move|p1b: Venusaur|Sludge Bomb|p2b: Conkeldurr\n|-activate|p2b: Conkeldurr|move: Protect\n|\n|-weather|SunnyDay|[upkeep]\n|upkeep\n|turn|5\n|\n|t:|1776064117\n|switch|p1a: Incineroar|Incineroar, L50, M|57/100\n|-ability|p1a: Incineroar|Intimidate|boost\n|-unboost|p2a: Sableye|atk|1\n|-unboost|p2b: Conkeldurr|atk|1\n|move|p2a: Sableye|Quash|p1b: Venusaur\n|-activate|p1b: Venusaur|move: Quash\n|move|p2b: Conkeldurr|Ice Punch|p1b: Venusaur\n|-supereffective|p1b: Venusaur|1\n|-damage|p1b: Venusaur|60/100\n|move|p1b: Venusaur|Sludge Bomb|p2a: Sableye\n|-resisted|p2a: Sableye|1\n|-damage|p2a: Sableye|0 fnt\n|faint|p2a: Sableye\n|\n|-weather|SunnyDay|[upkeep]\n|-sideend|p2: Samsalt6363|Reflect\n|upkeep\n|\n|t:|1776064134\n|switch|p2a: Charizard|Charizard, L50, F|100/100\n|turn|6\n|\n|t:|1776064158\n|switch|p2a: Venusaur|Venusaur, L50, F|100/100\n|move|p1a: Incineroar|Fake Out|p2a: Venusaur\n|-damage|p2a: Venusaur|81/100\n|move|p1b: Venusaur|Sleep Powder|p2a: Venusaur\n|-immune|p2a: Venusaur\n|move|p2b: Conkeldurr|Drain Punch|p1a: Incineroar\n|-supereffective|p1a: Incineroar|1\n|-damage|p1a: Incineroar|9/100\n|-heal|p2b: Conkeldurr|74/100|[from] drain|[of] p1a: Incineroar\n|\n|-weather|none\n|-sideend|p2: Samsalt6363|move: Light Screen\n|upkeep\n|turn|7\n|inactive|Samsalt6363 has 30 seconds left.\n|\n|t:|1776064186\n|switch|p1a: Garchomp|Garchomp, L50, F|100/100\n|move|p2b: Conkeldurr|Mach Punch|p1a: Garchomp\n|-damage|p1a: Garchomp|85/100\n|-damage|p2b: Conkeldurr|61/100|[from] ability: Rough Skin|[of] p1a: Garchomp\n|move|p2a: Venusaur|Sludge Bomb|p1b: Venusaur\n|-damage|p1b: Venusaur|15/100\n|move|p1b: Venusaur|Sludge Bomb|p2b: Conkeldurr\n|-damage|p2b: Conkeldurr|14/100\n|-status|p2b: Conkeldurr|psn\n|\n|-damage|p2b: Conkeldurr|2/100 psn|[from] psn\n|upkeep\n|turn|8\n|inactive|faric has 30 seconds left.\n|\n|t:|1776064211\n|switch|p2a: Charizard|Charizard, L50, F|100/100\n|move|p2b: Conkeldurr|Mach Punch|p1b: Venusaur\n|-resisted|p1b: Venusaur|1\n|-damage|p1b: Venusaur|6/100\n|move|p1a: Garchomp|Rock Slide|p2a: Charizard|[spread] p2a,p2b\n|-supereffective|p2a: Charizard|2\n|-resisted|p2b: Conkeldurr|1\n|-damage|p2a: Charizard|0 fnt\n|-damage|p2b: Conkeldurr|0 fnt\n|faint|p2a: Charizard\n|faint|p2b: Conkeldurr\n|move|p1b: Venusaur|Sludge Bomb|p2: Charizard|[notarget]\n|-fail|p1b: Venusaur\n|\n|upkeep\n|-message|Samsalt6363 forfeited.\n|\n|win|faric\n|raw|faric's rating: 1086 &rarr; <strong>1110</strong><br />(+24 for winning)\n|raw|Samsalt6363's rating: 1040 &rarr; <strong>1026</strong><br />(-14 for losing)\n|l|\u2606Samsalt6363\n|player|p2|\n",
  "uploadtime": 1776064228,
  "views": 51,
  "formatid": "gen9championsvgc2026regma",
  "rating": 1026,
  "private": 0,
  "password": null
}