{
  "id": "gen9championsvgc2026regma-2582728882",
  "format": "[Gen 9 Champions] VGC 2026 Reg M-A",
  "players": [
    "ahskie",
    "Cleitim"
  ],
  "log": "|j|\u2606ahskie\n|j|\u2606Cleitim\n|t:|1776110052\n|gametype|doubles\n|player|p1|ahskie|266|1122\n|player|p2|Cleitim|depotagent|1063\n|gen|9\n|tier|[Gen 9 Champions] VGC 2026 Reg M-A\n|rated|\n|rule|Species Clause: Limit one of each Pok\u00e9mon\n|rule|Item Clause: Limit 1 of each item\n|clearpoke\n|poke|p1|Garchomp, L50, F|\n|poke|p1|Tyranitar, L50, M|\n|poke|p1|Sneasler, L50, F|\n|poke|p1|Scizor, L50, F|\n|poke|p1|Rotom-Wash, L50|\n|poke|p1|Incineroar, L50, F|\n|poke|p2|Beedrill, L50, F|\n|poke|p2|Pelipper, L50, M|\n|poke|p2|Maushold-Four, L50|\n|poke|p2|Incineroar, L50, F|\n|poke|p2|Farigiraf, L50, F|\n|poke|p2|Toxapex, L50, M|\n|teampreview|4\nCleitim has agreed to open team sheets.\n|\n|t:|1776110107\n|teamsize|p1|4\n|teamsize|p2|4\n|start\n|switch|p1a: Rotom|Rotom-Wash, L50|100/100\n|switch|p1b: Tyranitar|Tyranitar, L50, M|100/100\n|switch|p2a: Beedrill|Beedrill, L50, F|100/100\n|switch|p2b: Incineroar|Incineroar, L50, F|100/100\n|-weather|Sandstorm|[from] ability: Sand Stream|[of] p1b: Tyranitar\n|-ability|p2b: Incineroar|Intimidate|boost\n|-unboost|p1a: Rotom|atk|1\n|-unboost|p1b: Tyranitar|atk|1\n|turn|1\n|inactive|Battle timer is ON: inactive players will automatically lose when time's up. (requested by ahskie)\n|\n|t:|1776110126\n|detailschange|p2a: Beedrill|Beedrill-Mega, L50, F\n|-mega|p2a: Beedrill|Beedrill|Beedrillite\n|move|p2b: Incineroar|Fake Out|p1a: Rotom\n|-damage|p1a: Rotom|90/100\n|move|p2a: Beedrill|U-turn|p1b: Tyranitar\n|-supereffective|p1b: Tyranitar|1\n|-damage|p1b: Tyranitar|0 fnt\n|faint|p1b: Tyranitar\n|\n|t:|1776110135\n|switch|p2a: Pelipper|Pelipper, L50, M|100/100|[from] U-turn\n|-weather|RainDance|[from] ability: Drizzle|[of] p2a: Pelipper\n|cant|p1a: Rotom|flinch\n|\n|-weather|RainDance|[upkeep]\n|upkeep\n|\n|t:|1776110147\n|switch|p1b: Garchomp|Garchomp, L50, F|100/100\n|turn|2\n|\n|t:|1776110158\n|move|p2a: Pelipper|Wide Guard|p2a: Pelipper\n|-singleturn|p2a: Pelipper|Wide Guard\n|move|p1b: Garchomp|Stomping Tantrum|p2b: Incineroar\n|-supereffective|p2b: Incineroar|1\n|-damage|p2b: Incineroar|28/100\n|move|p1a: Rotom|Thunderbolt|p2a: Pelipper\n|-supereffective|p2a: Pelipper|2\n|-damage|p2a: Pelipper|0 fnt\n|faint|p2a: Pelipper\n|move|p2b: Incineroar|Parting Shot|p1b: Garchomp\n|-unboost|p1b: Garchomp|atk|1\n|-unboost|p1b: Garchomp|spa|1\n|\n|t:|1776110169\n|switch|p2b: Beedrill|Beedrill-Mega, L50, F|100/100|[from] Parting Shot\n|\n|-weather|RainDance|[upkeep]\n|upkeep\n|\n|t:|1776110170\n|switch|p2a: Maushold|Maushold-Four, L50|100/100\n|turn|3\n|\n|t:|1776110181\n|switch|p1b: Incineroar|Incineroar, L50, F|100/100\n|-ability|p1b: Incineroar|Intimidate|boost\n|-unboost|p2a: Maushold|atk|1\n|-unboost|p2b: Beedrill|atk|1\n|move|p2b: Beedrill|U-turn|p1b: Incineroar\n|-damage|p1b: Incineroar|60/100\n|\n|t:|1776110186\n|switch|p2b: Incineroar|Incineroar, L50, F|28/100|[from] U-turn\n|-ability|p2b: Incineroar|Intimidate|boost\n|-unboost|p1a: Rotom|atk|1\n|-unboost|p1b: Incineroar|atk|1\n|move|p2a: Maushold|Population Bomb|p1a: Rotom\n|-damage|p1a: Rotom|83/100\n|-hitcount|p1a: Rotom|1\n|move|p1a: Rotom|Will-O-Wisp|p2b: Incineroar|[miss]\n|-miss|p1a: Rotom|p2b: Incineroar\n|\n|-weather|RainDance|[upkeep]\n|-heal|p1b: Incineroar|66/100|[from] item: Leftovers\n|upkeep\n|turn|4\n|\n|t:|1776110206\n|move|p2a: Maushold|Protect|p2a: Maushold\n|-singleturn|p2a: Maushold|Protect\n|move|p2b: Incineroar|Protect|p2b: Incineroar\n|-singleturn|p2b: Incineroar|Protect\n|move|p1b: Incineroar|Fake Out|p2b: Incineroar\n|-activate|p2b: Incineroar|move: Protect\n|move|p1a: Rotom|Thunderbolt|p2a: Maushold\n|-activate|p2a: Maushold|move: Protect\n|\n|-weather|RainDance|[upkeep]\n|-heal|p1b: Incineroar|73/100|[from] item: Leftovers\n|upkeep\n|turn|5\n|\n|t:|1776110225\n|move|p1a: Rotom|Protect|p1a: Rotom\n|-singleturn|p1a: Rotom|Protect\n|move|p2a: Maushold|Encore|p1b: Incineroar\n|-start|p1b: Incineroar|Encore\n|move|p1b: Incineroar|Fake Out||[still]\n|-hint|Fake Out only works on your first turn out.\n|-fail|p1b: Incineroar\n|move|p2b: Incineroar|Parting Shot|p1a: Rotom\n|-activate|p1a: Rotom|move: Protect\n|\n|-weather|none\n|-heal|p1b: Incineroar|79/100|[from] item: Leftovers\n|upkeep\n|turn|6\n|\n|t:|1776110245\n|switch|p1b: Garchomp|Garchomp, L50, F|100/100\n|move|p2a: Maushold|Population Bomb|p1a: Rotom\n|-damage|p1a: Rotom|77/100\n|-damage|p1a: Rotom|71/100\n|-damage|p1a: Rotom|64/100\n|-damage|p1a: Rotom|58/100\n|-hitcount|p1a: Rotom|4\n|move|p1a: Rotom|Will-O-Wisp|p2b: Incineroar\n|-immune|p2b: Incineroar\n|move|p2b: Incineroar|Parting Shot|p1b: Garchomp\n|-unboost|p1b: Garchomp|atk|1\n|-unboost|p1b: Garchomp|spa|1\n|\n|t:|1776110260\n|switch|p2b: Beedrill|Beedrill-Mega, L50, F|100/100|[from] Parting Shot\n|\n|upkeep\n|turn|7\n|\n|t:|1776110271\n|switch|p1b: Incineroar|Incineroar, L50, F|79/100\n|-ability|p1b: Incineroar|Intimidate|boost\n|-unboost|p2a: Maushold|atk|1\n|-unboost|p2b: Beedrill|atk|1\n|move|p2a: Maushold|Follow Me|p2a: Maushold\n|-singleturn|p2a: Maushold|move: Follow Me\n|move|p2b: Beedrill|Poison Jab|p1a: Rotom\n|-damage|p1a: Rotom|8/100\n|-enditem|p1a: Rotom|Sitrus Berry|[eat]\n|-heal|p1a: Rotom|33/100|[from] item: Sitrus Berry\n|move|p1a: Rotom|Thunderbolt|p2a: Maushold\n|-damage|p2a: Maushold|47/100\n|-status|p2a: Maushold|par\n|\n|-heal|p1b: Incineroar|85/100|[from] item: Leftovers\n|upkeep\n|turn|8\n|\n|t:|1776110292\n|switch|p1b: Garchomp|Garchomp, L50, F|100/100\n|move|p2b: Beedrill|Protect|p2b: Beedrill\n|-singleturn|p2b: Beedrill|Protect\n|move|p2a: Maushold|Protect|p2a: Maushold\n|-singleturn|p2a: Maushold|Protect\n|move|p1a: Rotom|Thunderbolt|p2a: Maushold\n|-activate|p2a: Maushold|move: Protect\n|\n|upkeep\n|turn|9\n|\n|t:|1776110307\n|switch|p1a: Incineroar|Incineroar, L50, F|85/100\n|-ability|p1a: Incineroar|Intimidate|boost\n|-unboost|p2a: Maushold|atk|1\n|-unboost|p2b: Beedrill|atk|1\n|move|p2b: Beedrill|U-turn|p1a: Incineroar\n|-damage|p1a: Incineroar|54/100\n|\n|t:|1776110313\n|switch|p2b: Incineroar|Incineroar, L50, F|28/100|[from] U-turn\n|-ability|p2b: Incineroar|Intimidate|boost\n|-unboost|p1a: Incineroar|atk|1\n|-unboost|p1b: Garchomp|atk|1\n|move|p1b: Garchomp|Swords Dance|p1b: Garchomp\n|-boost|p1b: Garchomp|atk|2\n|move|p2a: Maushold|Population Bomb|p1a: Incineroar\n|-damage|p1a: Incineroar|50/100\n|-damage|p1a: Incineroar|46/100\n|-damage|p1a: Incineroar|42/100\n|-damage|p1a: Incineroar|38/100\n|-damage|p1a: Incineroar|35/100\n|-damage|p1a: Incineroar|31/100\n|-damage|p1a: Incineroar|27/100\n|-damage|p1a: Incineroar|24/100\n|-damage|p1a: Incineroar|20/100\n|-hitcount|p1a: Incineroar|9\n|\n|-heal|p1a: Incineroar|26/100|[from] item: Leftovers\n|upkeep\n|turn|10\n|inactive|ahskie has 30 seconds left.\n|\n|t:|1776110345\n|move|p1a: Incineroar|Fake Out|p2b: Incineroar|[miss]\n|-miss|p1a: Incineroar|p2b: Incineroar\n|move|p2b: Incineroar|Fake Out|p1b: Garchomp\n|-damage|p1b: Garchomp|91/100\n|cant|p1b: Garchomp|flinch\n|move|p2a: Maushold|Encore|p1b: Garchomp\n|-start|p1b: Garchomp|Encore\n|\n|-heal|p1a: Incineroar|33/100|[from] item: Leftovers\n|upkeep\n|turn|11\n|\n|t:|1776110367\n|switch|p1a: Rotom|Rotom-Wash, L50|33/100\n|move|p1b: Garchomp|Swords Dance|p1b: Garchomp\n|-boost|p1b: Garchomp|atk|2\n|move|p2a: Maushold|Population Bomb|p1a: Rotom\n|-damage|p1a: Rotom|29/100\n|-damage|p1a: Rotom|25/100\n|-hitcount|p1a: Rotom|2\n|move|p2b: Incineroar|Parting Shot|p1b: Garchomp\n|-unboost|p1b: Garchomp|atk|1\n|-unboost|p1b: Garchomp|spa|1\n|\n|t:|1776110377\n|switch|p2b: Beedrill|Beedrill-Mega, L50, F|100/100|[from] Parting Shot\n|\n|upkeep\n|turn|12\n|\n|t:|1776110396\n|move|p2b: Beedrill|Poison Jab|p1a: Rotom\n|-damage|p1a: Rotom|0 fnt\n|faint|p1a: Rotom\n|move|p1b: Garchomp|Swords Dance|p1b: Garchomp\n|-boost|p1b: Garchomp|atk|2\n|move|p2a: Maushold|Population Bomb|p1b: Garchomp\n|-damage|p1b: Garchomp|87/100\n|-damage|p1b: Garchomp|83/100\n|-damage|p1b: Garchomp|79/100\n|-damage|p1b: Garchomp|76/100\n|-damage|p1b: Garchomp|71/100\n|-damage|p1b: Garchomp|67/100\n|-damage|p1b: Garchomp|63/100\n|-damage|p1b: Garchomp|58/100\n|-hitcount|p1b: Garchomp|8\n|\n|upkeep\n|\n|t:|1776110413\n|switch|p1a: Incineroar|Incineroar, L50, F|33/100\n|-ability|p1a: Incineroar|Intimidate|boost\n|-unboost|p2a: Maushold|atk|1\n|-unboost|p2b: Beedrill|atk|1\n|turn|13\n|\n|t:|1776110426\n|switch|p2b: Incineroar|Incineroar, L50, F|28/100\n|-ability|p2b: Incineroar|Intimidate|boost\n|-unboost|p1a: Incineroar|atk|1\n|-unboost|p1b: Garchomp|atk|1\n|move|p2a: Maushold|Protect|p2a: Maushold\n|-singleturn|p2a: Maushold|Protect\n|move|p1a: Incineroar|Fake Out|p2a: Maushold\n|-activate|p2a: Maushold|move: Protect\n|move|p1b: Garchomp|Swords Dance|p1b: Garchomp\n|-boost|p1b: Garchomp|atk|2\n|\n|-heal|p1a: Incineroar|39/100|[from] item: Leftovers\n|-end|p1b: Garchomp|Encore\n|upkeep\n|turn|14\n|\n|t:|1776110443\n|move|p1b: Garchomp|Protect|p1b: Garchomp\n|-singleturn|p1b: Garchomp|Protect\n|move|p2b: Incineroar|Fake Out|p1b: Garchomp\n|-activate|p1b: Garchomp|move: Protect\n|move|p2a: Maushold|Encore|p1b: Garchomp\n|-activate|p1b: Garchomp|move: Protect\n|move|p1a: Incineroar|Flare Blitz|p2a: Maushold\n|-damage|p2a: Maushold|1/100 par\n|-damage|p1a: Incineroar|24/100|[from] Recoil\n|\n|-heal|p1a: Incineroar|31/100|[from] item: Leftovers\n|upkeep\n|turn|15\n|inactive|Cleitim has 30 seconds left.\n|\n|t:|1776110478\n|move|p1b: Garchomp|Protect||[still]\n|-fail|p1b: Garchomp\n|move|p2b: Incineroar|Protect|p2b: Incineroar\n|-singleturn|p2b: Incineroar|Protect\n|move|p2a: Maushold|Population Bomb|p1a: Incineroar\n|-damage|p1a: Incineroar|27/100\n|-damage|p1a: Incineroar|24/100\n|-damage|p1a: Incineroar|21/100\n|-damage|p1a: Incineroar|18/100\n|-hitcount|p1a: Incineroar|4\n|move|p1a: Incineroar|Flare Blitz|p2a: Maushold\n|-damage|p2a: Maushold|0 fnt\n|faint|p2a: Maushold\n|-damage|p1a: Incineroar|18/100|[from] Recoil\n|\n|-heal|p1a: Incineroar|24/100|[from] item: Leftovers\n|upkeep\n|\n|t:|1776110491\n|switch|p2a: Beedrill|Beedrill-Mega, L50, F|100/100\n|turn|16\n|\n|t:|1776110512\n|move|p2a: Beedrill|Lunge|p1b: Garchomp\n|-damage|p1b: Garchomp|0 fnt\n|faint|p1b: Garchomp\n|move|p1a: Incineroar|Flare Blitz|p2a: Beedrill\n|-supereffective|p2a: Beedrill|1\n|-damage|p2a: Beedrill|0 fnt\n|faint|p2a: Beedrill\n|-damage|p1a: Incineroar|0 fnt|[from] Recoil\n|faint|p1a: Incineroar\n|\n|win|Cleitim\n|raw|ahskie's rating: 1122 &rarr; <strong>1093</strong><br />(-29 for losing)\n|raw|Cleitim's rating: 1063 &rarr; <strong>1099</strong><br />(+36 for winning)\n|l|\u2606ahskie\n|player|p1|\n",
  "uploadtime": 1776110670,
  "views": 37,
  "formatid": "gen9championsvgc2026regma",
  "rating": 1093,
  "private": 0,
  "password": null
}