{
  "id": "gen9championsvgc2026regma-2588849594",
  "format": "[Gen 9 Champions] VGC 2026 Reg M-A",
  "players": [
    "Mumm17",
    "UtterlyIncapable"
  ],
  "log": "|j|\u2606Mumm17\n|j|\u2606UtterlyIncapable\n|t:|1776678323\n|gametype|doubles\n|player|p1|Mumm17|266|1158\n|player|p2|UtterlyIncapable|firebreather|1189\n|gen|9\n|tier|[Gen 9 Champions] VGC 2026 Reg M-A\n|rated|\n|rule|Species Clause: Limit one of each Pok\u00e9mon\n|rule|Item Clause: Limit 1 of each item\n|clearpoke\n|poke|p1|Primarina, L50, F|\n|poke|p1|Scovillain, L50, M|\n|poke|p1|Sneasler, L50, F|\n|poke|p1|Aegislash, L50, F|\n|poke|p1|Aerodactyl, L50, F|\n|poke|p1|Meowstic, L50, M|\n|poke|p2|Victreebel, L50, F|\n|poke|p2|Zoroark-Hisui, L50, F|\n|poke|p2|Alakazam, L50, F|\n|poke|p2|Farigiraf, L50, F|\n|poke|p2|Torkoal, L50, F|\n|poke|p2|Whimsicott, L50, M|\n|teampreview|4\n|\n|t:|1776678369\n|teamsize|p1|4\n|teamsize|p2|4\n|start\n|switch|p1a: Sneasler|Sneasler, L50, F|100/100\n|switch|p1b: Primarina|Primarina, L50, F|100/100\n|switch|p2a: Alakazam|Alakazam, L50, F|100/100\n|switch|p2b: Torkoal|Torkoal, L50, F|100/100\n|-weather|SunnyDay|[from] ability: Drought|[of] p2b: Torkoal\n|turn|1\n|\n|t:|1776678393\n|move|p2b: Torkoal|Protect|p2b: Torkoal\n|-singleturn|p2b: Torkoal|Protect\n|move|p1a: Sneasler|Fake Out|p2b: Torkoal\n|-activate|p2b: Torkoal|move: Protect\n|move|p2a: Alakazam|Light Screen|p2a: Alakazam\n|-sidestart|p2: UtterlyIncapable|move: Light Screen\n|move|p1b: Primarina|Calm Mind|p1b: Primarina\n|-boost|p1b: Primarina|spa|1\n|-boost|p1b: Primarina|spd|1\n|\n|-weather|SunnyDay|[upkeep]\n|upkeep\n|turn|2\n|\n|t:|1776678450\n|move|p2a: Alakazam|Speed Swap|p2b: Torkoal\n|-activate|p2a: Alakazam|move: Speed Swap|[of] p2b: Torkoal\n|move|p1a: Sneasler|Dire Claw|p2b: Torkoal\n|-damage|p2b: Torkoal|69/100\n|move|p2b: Torkoal|Eruption|p1a: Sneasler|[spread] p1a,p1b\n|-resisted|p1b: Primarina|1\n|-damage|p1a: Sneasler|17/100\n|-damage|p1b: Primarina|81/100\n|move|p1b: Primarina|Moonblast|p2a: Alakazam\n|-damage|p2a: Alakazam|41/100\n|\n|-weather|SunnyDay|[upkeep]\n|upkeep\n|turn|3\n|\n|t:|1776678496\n|switch|p2a: Victreebel|Victreebel, L50, F|100/100\n|move|p1a: Sneasler|Dire Claw|p2b: Torkoal\n|-damage|p2b: Torkoal|39/100\n|move|p2b: Torkoal|Eruption|p1b: Primarina|[spread] p1a,p1b\n|-resisted|p1b: Primarina|1\n|-damage|p1a: Sneasler|0 fnt\n|-damage|p1b: Primarina|70/100\n|faint|p1a: Sneasler\n|move|p1b: Primarina|Hyper Voice|p2b: Torkoal|[spread] p2a,p2b\n|-resisted|p2a: Victreebel|1\n|-supereffective|p2b: Torkoal|1\n|-damage|p2a: Victreebel|86/100\n|-damage|p2b: Torkoal|0 fnt\n|faint|p2b: Torkoal\n|\n|-weather|SunnyDay|[upkeep]\n|upkeep\n|\n|t:|1776678505\n|switch|p1a: Scovillain|Scovillain, L50, M|100/100\n|switch|p2b: Whimsicott|Whimsicott, L50, M|100/100\n|turn|4\n|\n|t:|1776678518\n|detailschange|p2a: Victreebel|Victreebel-Mega, L50, F\n|-mega|p2a: Victreebel|Victreebel|Victreebelite\n|move|p1b: Primarina|Protect|p1b: Primarina\n|-singleturn|p1b: Primarina|Protect\n|move|p2b: Whimsicott|Encore|p1b: Primarina\n|-activate|p1b: Primarina|move: Protect\n|move|p2a: Victreebel|Sludge Bomb|p1a: Scovillain\n|-supereffective|p1a: Scovillain|1\n|-damage|p1a: Scovillain|0 fnt\n|faint|p1a: Scovillain\n|\n|-weather|SunnyDay|[upkeep]\n|upkeep\n|inactive|Battle timer is ON: inactive players will automatically lose when time's up. (requested by UtterlyIncapable)\n|\n|t:|1776678564\n|switch|p1a: Aerodactyl|Aerodactyl, L50, F|100/100\n|-ability|p1a: Aerodactyl|Unnerve\n|turn|5\n|\n|t:|1776678572\n|move|p2b: Whimsicott|Encore|p1b: Primarina\n|-start|p1b: Primarina|Encore\n|move|p1b: Primarina|Protect||[still]\n|-fail|p1b: Primarina\n|move|p1a: Aerodactyl|Dual Wingbeat|p2b: Whimsicott\n|-supereffective|p2b: Whimsicott|1\n|-damage|p2b: Whimsicott|54/100\n|-supereffective|p2b: Whimsicott|1\n|-damage|p2b: Whimsicott|9/100\n|-hitcount|p2b: Whimsicott|2\n|move|p2a: Victreebel|Strength Sap|p1a: Aerodactyl\n|-unboost|p1a: Aerodactyl|atk|1\n|-heal|p2a: Victreebel|100/100\n|\n|-weather|none\n|-sideend|p2: UtterlyIncapable|move: Light Screen\n|upkeep\n|turn|6\n|\n|t:|1776678584\n|move|p2b: Whimsicott|Protect|p2b: Whimsicott\n|-singleturn|p2b: Whimsicott|Protect\n|move|p1b: Primarina|Protect|p1b: Primarina\n|-singleturn|p1b: Primarina|Protect\n|move|p1a: Aerodactyl|Dual Wingbeat|p2b: Whimsicott\n|-activate|p2b: Whimsicott|move: Protect\n|move|p2a: Victreebel|Sleep Powder|p1a: Aerodactyl\n|-status|p1a: Aerodactyl|slp|[from] move: Sleep Powder\n|\n|upkeep\n|turn|7\n|inactive|Mumm17 has 30 seconds left.\n|inactive|Mumm17 has 20 seconds left.\n|inactive|Mumm17 has 15 seconds left.\n|inactive|Mumm17 has 10 seconds left.\n|inactive|Mumm17 has 5 seconds left.\n|\n|t:|1776678639\n|move|p1b: Primarina|Protect|p1b: Primarina\n|-singleturn|p1b: Primarina|Protect\n|cant|p1a: Aerodactyl|slp\n|move|p2b: Whimsicott|Moonblast|p1b: Primarina\n|-activate|p1b: Primarina|move: Protect\n|move|p2a: Victreebel|Sludge Bomb|p1b: Primarina\n|-activate|p1b: Primarina|move: Protect\n|\n|-end|p1b: Primarina|Encore\n|upkeep\n|turn|8\n|inactive|Mumm17 has 30 seconds left.\n|\n|t:|1776678665\n|move|p2b: Whimsicott|Encore|p1b: Primarina\n|-start|p1b: Primarina|Encore\n|move|p1b: Primarina|Protect||[still]\n|-fail|p1b: Primarina\n|cant|p1a: Aerodactyl|slp\n|move|p2a: Victreebel|Sludge Bomb|p1b: Primarina\n|-supereffective|p1b: Primarina|1\n|-damage|p1b: Primarina|4/100\n|\n|upkeep\n|turn|9\n|l|\u2606Mumm17\n|inactive|Mumm17 disconnected and has a minute to reconnect!\n|player|p1|\n|\n|t:|1776678678\n|move|p2b: Whimsicott|Protect|p2b: Whimsicott\n|-singleturn|p2b: Whimsicott|Protect\n|move|p1b: Primarina|Protect|p1b: Primarina\n|-singleturn|p1b: Primarina|Protect\n|-curestatus|p1a: Aerodactyl|slp|[msg]\n|move|p1a: Aerodactyl|Dual Wingbeat|p2b: Whimsicott\n|-activate|p2b: Whimsicott|move: Protect\n|move|p2a: Victreebel|Strength Sap|p1a: Aerodactyl\n|-unboost|p1a: Aerodactyl|atk|1\n|\n|upkeep\n|turn|10\n|inactive|Mumm17 has 30 seconds left.\n|inactive|Mumm17 has 20 seconds left.\n|inactive|Mumm17 has 15 seconds left.\n|inactive|Mumm17 has 10 seconds left.\n|inactive|UtterlyIncapable has 30 seconds left.\n|inactive|Mumm17 has 5 seconds left.\n|-message|Mumm17 lost due to inactivity.\n|\n|win|UtterlyIncapable\n|raw|Mumm17's rating: 1158 &rarr; <strong>1135</strong><br />(-23 for losing)\n|raw|UtterlyIncapable's rating: 1189 &rarr; <strong>1212</strong><br />(+23 for winning)\n",
  "uploadtime": 1776678740,
  "views": 13,
  "formatid": "gen9championsvgc2026regma",
  "rating": 1135,
  "private": 0,
  "password": null
}