{
  "id": "gen9championsvgc2026regma-2581919273",
  "format": "[Gen 9 Champions] VGC 2026 Reg M-A",
  "players": [
    "Viijohnny07",
    "sadasdsdffff"
  ],
  "log": "|j|\u2606Viijohnny07\n|j|\u2606sadasdsdffff\n|t:|1776039745\n|gametype|doubles\n|player|p1|Viijohnny07|266|1075\n|player|p2|sadasdsdffff|101|1029\n|gen|9\n|tier|[Gen 9 Champions] VGC 2026 Reg M-A\n|rated|\n|rule|Species Clause: Limit one of each Pok\u00e9mon\n|rule|Item Clause: Limit 1 of each item\n|clearpoke\n|poke|p1|Charizard, L50, M|\n|poke|p1|Torkoal, L50, F|\n|poke|p1|Farigiraf, L50, F|\n|poke|p1|Sneasler, L50, M|\n|poke|p1|Meganium, L50, F|\n|poke|p1|Garchomp, L50, M|\n|poke|p2|Delphox, L50, F|\n|poke|p2|Garchomp, L50, M|\n|poke|p2|Sneasler, L50, F|\n|poke|p2|Sinistcha, L50|\n|poke|p2|Pelipper, L50, F|\n|poke|p2|Hydreigon, L50, M|\n|teampreview|4\n|inactive|Battle timer is ON: inactive players will automatically lose when time's up. (requested by Viijohnny07)\n|\n|t:|1776039770\n|teamsize|p1|4\n|teamsize|p2|4\n|start\n|switch|p1a: Farigiraf|Farigiraf, L50, F|100/100\n|switch|p1b: Sneasler|Sneasler, L50, M|100/100\n|switch|p2a: Garchomp|Garchomp, L50, M|100/100\n|switch|p2b: Delphox|Delphox, L50, F|100/100\n|turn|1\n|\n|t:|1776039794\n|move|p2a: Garchomp|Protect|p2a: Garchomp\n|-singleturn|p2a: Garchomp|Protect\n|move|p2b: Delphox|Protect|p2b: Delphox\n|-singleturn|p2b: Delphox|Protect\n|move|p1b: Sneasler|Fake Out|p2b: Delphox\n|-activate|p2b: Delphox|move: Protect\n|move|p1a: Farigiraf|Trick Room|p1a: Farigiraf\n|-fieldstart|move: Trick Room|[of] p1a: Farigiraf\n|\n|upkeep\n|turn|2\n|\n|t:|1776039813\n|detailschange|p2b: Delphox|Delphox-Mega, L50, F\n|-mega|p2b: Delphox|Delphox|Delphoxite\n|move|p1a: Farigiraf|Psychic|p2a: Garchomp\n|-damage|p2a: Garchomp|61/100\n|move|p2a: Garchomp|Earthquake|p1a: Farigiraf|[spread] p1a,p1b\n|-immune|p2b: Delphox|[from] ability: Levitate\n|-supereffective|p1b: Sneasler|1\n|-damage|p1a: Farigiraf|67/100\n|-enditem|p1b: Sneasler|Focus Sash\n|-damage|p1b: Sneasler|1/100\n|move|p2b: Delphox|Psychic|p1b: Sneasler\n|-supereffective|p1b: Sneasler|2\n|-damage|p1b: Sneasler|0 fnt\n|faint|p1b: Sneasler\n|\n|upkeep\n|\n|t:|1776039832\n|switch|p1b: Charizard|Charizard, L50, M|100/100\n|turn|3\n|inactive|sadasdsdffff has 30 seconds left.\n|inactive|sadasdsdffff has 20 seconds left.\n|\n|t:|1776039870\n|detailschange|p1b: Charizard|Charizard-Mega-X, L50, M\n|-mega|p1b: Charizard|Charizard|Charizardite X\n|move|p2a: Garchomp|Protect|p2a: Garchomp\n|-singleturn|p2a: Garchomp|Protect\n|move|p2b: Delphox|Protect|p2b: Delphox\n|-singleturn|p2b: Delphox|Protect\n|move|p1a: Farigiraf|Imprison|p1a: Farigiraf\n|-start|p1a: Farigiraf|move: Imprison\n|move|p1b: Charizard|Dragon Claw|p2a: Garchomp\n|-activate|p2a: Garchomp|move: Protect\n|\n|upkeep\n|turn|4\n|inactive|Viijohnny07 has 30 seconds left.\n|inactive|sadasdsdffff has 30 seconds left.\n|inactive|Viijohnny07 has 20 seconds left.\n|inactive|sadasdsdffff has 20 seconds left.\n|inactive|sadasdsdffff has 15 seconds left.\n|inactive|sadasdsdffff has 10 seconds left.\n|inactive|sadasdsdffff has 5 seconds left.\n|\n|t:|1776039922\n|switch|p2a: Pelipper|Pelipper, L50, F|100/100\n|-weather|RainDance|[from] ability: Drizzle|[of] p2a: Pelipper\n|move|p1a: Farigiraf|Psychic|p2b: Delphox\n|-resisted|p2b: Delphox|1\n|-damage|p2b: Delphox|84/100\n|move|p1b: Charizard|Dragon Claw|p2b: Delphox\n|-damage|p2b: Delphox|0 fnt\n|faint|p2b: Delphox\n|\n|-weather|RainDance|[upkeep]\n|upkeep\n|\n|t:|1776039940\n|switch|p2b: Garchomp|Garchomp, L50, M|61/100\n|turn|5\n|-message|sadasdsdffff forfeited.\n|\n|win|Viijohnny07\n|raw|Viijohnny07's rating: 1075 &rarr; <strong>1100</strong><br />(+25 for winning)\n|raw|sadasdsdffff's rating: 1029 &rarr; <strong>1017</strong><br />(-12 for losing)\n|l|\u2606sadasdsdffff\n|player|p2|\n",
  "uploadtime": 1776039966,
  "views": 24,
  "formatid": "gen9championsvgc2026regma",
  "rating": 1017,
  "private": 0,
  "password": null
}