{
  "id": "gen9championsvgc2026regma-2586106186",
  "format": "[Gen 9 Champions] VGC 2026 Reg M-A",
  "players": [
    "roykeenkennedy",
    "Chococroc"
  ],
  "log": "|j|\u2606roykeenkennedy\n|j|\u2606Chococroc\n|t:|1776399703\n|gametype|doubles\n|player|p1|roykeenkennedy|1|1597\n|player|p2|Chococroc|pokemaniac|1550\n|gen|9\n|tier|[Gen 9 Champions] VGC 2026 Reg M-A\n|rated|\n|rule|Species Clause: Limit one of each Pok\u00e9mon\n|rule|Item Clause: Limit 1 of each item\n|clearpoke\n|poke|p1|Sableye, L50, M|\n|poke|p1|Sinistcha, L50|\n|poke|p1|Archaludon, L50, F|\n|poke|p1|Basculegion, L50, M|\n|poke|p1|Aerodactyl, L50, M|\n|poke|p1|Sneasler, L50, M|\n|poke|p2|Gengar, L50, F|\n|poke|p2|Snorlax, L50, M|\n|poke|p2|Politoed, L50, F|\n|poke|p2|Archaludon, L50, M|\n|poke|p2|Whimsicott, L50, F|\n|poke|p2|Incineroar, L50, M|\n|teampreview|4\n|\n|t:|1776399717\n|teamsize|p1|4\n|teamsize|p2|4\n|start\n|switch|p1a: Sableye|Sableye, L50, M|100/100\n|switch|p1b: Basculegion|Basculegion, L50, M|100/100\n|switch|p2a: Whimsicott|Whimsicott, L50, F|100/100\n|switch|p2b: Gengar|Gengar, L50, F|100/100\n|turn|1\n|\n|t:|1776399731\n|detailschange|p2b: Gengar|Gengar-Mega, L50, F\n|-mega|p2b: Gengar|Gengar|Gengarite\n|move|p2b: Gengar|Protect|p2b: Gengar\n|-singleturn|p2b: Gengar|Protect\n|move|p1a: Sableye|Quash|p2b: Gengar\n|-activate|p2b: Gengar|move: Protect\n|move|p1b: Basculegion|Flip Turn|p2b: Gengar\n|-activate|p2b: Gengar|move: Protect\n|move|p2a: Whimsicott|Moonblast|p1a: Sableye\n|-supereffective|p1a: Sableye|1\n|-damage|p1a: Sableye|15/100\n|\n|upkeep\n|turn|2\n|\n|t:|1776399754\n|switch|p1b: Archaludon|Archaludon, L50, F|100/100\n|switch|p2b: Archaludon|Archaludon, L50, M|100/100\n|move|p1a: Sableye|Light Screen|p1a: Sableye\n|-sidestart|p1: roykeenkennedy|move: Light Screen\n|move|p2a: Whimsicott|Moonblast|p1a: Sableye\n|-supereffective|p1a: Sableye|1\n|-damage|p1a: Sableye|0 fnt\n|faint|p1a: Sableye\n|\n|upkeep\n|\n|t:|1776399769\n|switch|p1a: Sinistcha|Sinistcha, L50|100/100\n|turn|3\n|\n|t:|1776399783\n|switch|p2b: Gengar|Gengar-Mega, L50, F|100/100\n|move|p2a: Whimsicott|Moonblast|p1a: Sinistcha\n|-damage|p1a: Sinistcha|73/100\n|move|p1b: Archaludon|Flash Cannon|p2a: Whimsicott\n|-supereffective|p2a: Whimsicott|1\n|-enditem|p2a: Whimsicott|Focus Sash\n|-damage|p2a: Whimsicott|1/100\n|-unboost|p2a: Whimsicott|spd|1\n|move|p1a: Sinistcha|Matcha Gotcha|p2b: Gengar|[spread] p2b\n|-miss|p1a: Sinistcha|p2a: Whimsicott\n|-resisted|p2b: Gengar|1\n|-damage|p2b: Gengar|82/100\n|-heal|p1a: Sinistcha|80/100|[from] drain|[of] p2b: Gengar\n|\n|-heal|p1a: Sinistcha|86/100|[from] item: Leftovers\n|upkeep\n|turn|4\n|inactive|Battle timer is ON: inactive players will automatically lose when time's up. (requested by Chococroc)\n|c|\u2606roykeenkennedy|I am so fckn sick kf rng right now\n|c|\u2606roykeenkennedy|Shafted 4 games in a row\n|inactive|roykeenkennedy has 60 seconds left.\n|\n|t:|1776399847\n|move|p2a: Whimsicott|Protect|p2a: Whimsicott\n|-singleturn|p2a: Whimsicott|Protect\n|move|p2b: Gengar|Protect|p2b: Gengar\n|-singleturn|p2b: Gengar|Protect\n|move|p1b: Archaludon|Snarl|p2b: Gengar|[spread] \n|-activate|p2a: Whimsicott|move: Protect\n|-activate|p2b: Gengar|move: Protect\n|move|p1a: Sinistcha|Matcha Gotcha|p2a: Whimsicott|[spread] \n|-activate|p2a: Whimsicott|move: Protect\n|-activate|p2b: Gengar|move: Protect\n|\n|-heal|p1a: Sinistcha|92/100|[from] item: Leftovers\n|upkeep\n|turn|5\n|\n|t:|1776399867\n|move|p2a: Whimsicott|Encore|p1b: Archaludon\n|-start|p1b: Archaludon|Encore\n|move|p2b: Gengar|Disable|p1b: Archaludon\n|-start|p1b: Archaludon|Disable|Snarl\n|cant|p1b: Archaludon|Disable|Snarl\n|move|p1a: Sinistcha|Matcha Gotcha|p2a: Whimsicott|[spread] p2a,p2b\n|-resisted|p2a: Whimsicott|1\n|-resisted|p2b: Gengar|1\n|-damage|p2a: Whimsicott|0 fnt\n|-heal|p1a: Sinistcha|92/100|[from] drain|[of] p2a: Whimsicott\n|-damage|p2b: Gengar|63/100\n|-heal|p1a: Sinistcha|99/100|[from] drain|[of] p2b: Gengar\n|faint|p2a: Whimsicott\n|\n|-heal|p1a: Sinistcha|100/100|[from] item: Leftovers\n|upkeep\n|\n|t:|1776399881\n|switch|p2a: Archaludon|Archaludon, L50, M|100/100\n|turn|6\n|\n|t:|1776399891\n|move|p2b: Gengar|Shadow Ball|p1a: Sinistcha\n|-supereffective|p1a: Sinistcha|1\n|-damage|p1a: Sinistcha|36/100\n|-activate|p1b: Archaludon|move: Struggle\n|move|p1b: Archaludon|Struggle|p2a: Archaludon\n|-damage|p2a: Archaludon|93/100\n|-ability|p2a: Archaludon|Stamina|boost\n|-boost|p2a: Archaludon|def|1\n|-damage|p1b: Archaludon|75/100|[from] recoil\n|move|p2a: Archaludon|Electro Shot||[still]\n|-prepare|p2a: Archaludon|Electro Shot\n|-boost|p2a: Archaludon|spa|1\n|move|p1a: Sinistcha|Trick Room|p1a: Sinistcha\n|-fieldstart|move: Trick Room|[of] p1a: Sinistcha\n|\n|-heal|p1a: Sinistcha|42/100|[from] item: Leftovers\n|-sideend|p1: roykeenkennedy|move: Light Screen\n|upkeep\n|turn|7\n|j| p74\n|\n|t:|1776399913\n|move|p1a: Sinistcha|Shadow Ball|p2b: Gengar\n|-supereffective|p2b: Gengar|1\n|-damage|p2b: Gengar|0 fnt\n|faint|p2b: Gengar\n|move|p2a: Archaludon|Electro Shot|p1a: Sinistcha|[from] lockedmove\n|-resisted|p1a: Sinistcha|1\n|-damage|p1a: Sinistcha|4/100\n|-activate|p1b: Archaludon|move: Struggle\n|move|p1b: Archaludon|Struggle|p2a: Archaludon\n|-damage|p2a: Archaludon|87/100\n|-ability|p2a: Archaludon|Stamina|boost\n|-boost|p2a: Archaludon|def|1\n|-damage|p1b: Archaludon|50/100|[from] recoil\n|-enditem|p1b: Archaludon|Sitrus Berry|[eat]\n|-heal|p1b: Archaludon|75/100|[from] item: Sitrus Berry\n|\n|-heal|p1a: Sinistcha|10/100|[from] item: Leftovers\n|-end|p1b: Archaludon|Encore\n|upkeep\n|\n|t:|1776399918\n|switch|p2b: Politoed|Politoed, L50, F|100/100\n|-weather|RainDance|[from] ability: Drizzle|[of] p2b: Politoed\n|turn|8\n|\n|t:|1776399942\n|move|p2b: Politoed|Weather Ball|p1a: Sinistcha\n|-resisted|p1a: Sinistcha|1\n|-damage|p1a: Sinistcha|0 fnt\n|faint|p1a: Sinistcha\n|move|p2a: Archaludon|Draco Meteor|p1b: Archaludon\n|-damage|p1b: Archaludon|0 fnt\n|-unboost|p2a: Archaludon|spa|2\n|faint|p1b: Archaludon\n|\n|-weather|RainDance|[upkeep]\n|upkeep\n|-message|roykeenkennedy forfeited.\n|\n|win|Chococroc\n|raw|roykeenkennedy's rating: 1597 &rarr; <strong>1574</strong><br />(-23 for losing)\n|raw|Chococroc's rating: 1550 &rarr; <strong>1573</strong><br />(+23 for winning)\n|l|\u2606roykeenkennedy\n|player|p1|\n|l|\u2606Chococroc\n|player|p2|\n",
  "uploadtime": 1776400032,
  "views": 101,
  "formatid": "gen9championsvgc2026regma",
  "rating": 1573,
  "private": 0,
  "password": null
}