{
  "id": "gen9championsvgc2026regma-2587907353",
  "format": "[Gen 9 Champions] VGC 2026 Reg M-A",
  "players": [
    "mahuecvasd",
    "Snowykyte"
  ],
  "log": "|j|\u2606mahuecvasd\n|j|\u2606Snowykyte\n|t:|1776577411\n|gametype|doubles\n|player|p1|mahuecvasd|266|1139\n|player|p2|Snowykyte|youngster-gen4dp|1074\n|gen|9\n|tier|[Gen 9 Champions] VGC 2026 Reg M-A\n|rated|\n|rule|Species Clause: Limit one of each Pok\u00e9mon\n|rule|Item Clause: Limit 1 of each item\n|clearpoke\n|poke|p1|Alakazam, L50, F, shiny|\n|poke|p1|Meowstic, L50, M, shiny|\n|poke|p1|Tyranitar, L50, F, shiny|\n|poke|p1|Excadrill, L50, F, shiny|\n|poke|p1|Sableye, L50, F, shiny|\n|poke|p1|Sneasler, L50, F, shiny|\n|poke|p2|Feraligatr, L50, F|\n|poke|p2|Dragapult, L50, M, shiny|\n|poke|p2|Whimsicott, L50, M|\n|poke|p2|Arcanine-Hisui, L50, F|\n|poke|p2|Farigiraf, L50, M|\n|poke|p2|Meowstic-F, L50, F|\n|teampreview|4\n|\n|t:|1776577455\n|teamsize|p1|4\n|teamsize|p2|4\n|start\n|switch|p1a: Tyranitar|Tyranitar, L50, F, shiny|100/100\n|switch|p1b: Excadrill|Excadrill, L50, F, shiny|100/100\n|switch|p2a: Dragapult|Dragapult, L50, M, shiny|100/100\n|switch|p2b: Arcanine|Arcanine-Hisui, L50, F|100/100\n|-ability|p2b: Arcanine|Intimidate|boost\n|-unboost|p1a: Tyranitar|atk|1\n|-unboost|p1b: Excadrill|atk|1\n|-weather|Sandstorm|[from] ability: Sand Stream|[of] p1a: Tyranitar\n|turn|1\n|inactive|Battle timer is ON: inactive players will automatically lose when time's up. (requested by Snowykyte)\n|\n|t:|1776577483\n|switch|p2b: Whimsicott|Whimsicott, L50, M|100/100\n|detailschange|p1a: Tyranitar|Tyranitar-Mega, L50, F, shiny\n|-mega|p1a: Tyranitar|Tyranitar|Tyranitarite\n|move|p2a: Dragapult|Protect|p2a: Dragapult\n|-singleturn|p2a: Dragapult|Protect\n|move|p1b: Excadrill|Rock Slide|p2a: Dragapult|[spread] p2b\n|-activate|p2a: Dragapult|move: Protect\n|-damage|p2b: Whimsicott|75/100\n|move|p1a: Tyranitar|Rock Slide|p2b: Whimsicott|[spread] p2b\n|-activate|p2a: Dragapult|move: Protect\n|-damage|p2b: Whimsicott|38/100\n|\n|-weather|Sandstorm|[upkeep]\n|-damage|p2a: Dragapult|94/100|[from] Sandstorm\n|-damage|p2b: Whimsicott|32/100|[from] Sandstorm\n|upkeep\n|turn|2\n|\n|t:|1776577508\n|move|p2b: Whimsicott|Tailwind|p2b: Whimsicott\n|-sidestart|p2: Snowykyte|move: Tailwind\n|move|p2a: Dragapult|Will-O-Wisp|p1b: Excadrill|[miss]\n|-miss|p2a: Dragapult|p1b: Excadrill\n|move|p1b: Excadrill|Rock Slide|p2b: Whimsicott|[spread] p2a,p2b\n|-damage|p2a: Dragapult|76/100\n|-damage|p2b: Whimsicott|6/100\n|move|p1a: Tyranitar|Rock Slide|p2b: Whimsicott|[spread] p2a,p2b\n|-damage|p2a: Dragapult|49/100\n|-damage|p2b: Whimsicott|0 fnt\n|-enditem|p2a: Dragapult|Sitrus Berry|[eat]\n|-heal|p2a: Dragapult|73/100|[from] item: Sitrus Berry\n|faint|p2b: Whimsicott\n|\n|-weather|Sandstorm|[upkeep]\n|-damage|p2a: Dragapult|67/100|[from] Sandstorm\n|upkeep\n|\n|t:|1776577516\n|switch|p2b: Arcanine|Arcanine-Hisui, L50, F|100/100\n|-ability|p2b: Arcanine|Intimidate|boost\n|-unboost|p1a: Tyranitar|atk|1\n|-unboost|p1b: Excadrill|atk|1\n|turn|3\n|\n|t:|1776577535\n|switch|p1b: Alakazam|Alakazam, L50, F, shiny|100/100\n|switch|p1a: Meowstic|Meowstic, L50, M, shiny|100/100\n|move|p2b: Arcanine|Close Combat|p1b: Alakazam\n|-resisted|p1b: Alakazam|1\n|-damage|p1b: Alakazam|47/100\n|-unboost|p2b: Arcanine|def|1\n|-unboost|p2b: Arcanine|spd|1\n|move|p2a: Dragapult|Dragon Darts|p1a: Meowstic\n|-damage|p1a: Meowstic|72/100\n|-anim|p2a: Dragapult|Dragon Darts|p1b: Alakazam\n|-damage|p1b: Alakazam|0 fnt\n|faint|p1b: Alakazam\n|\n|-weather|Sandstorm|[upkeep]\n|-damage|p2a: Dragapult|61/100|[from] Sandstorm\n|-damage|p1a: Meowstic|66/100|[from] Sandstorm\n|upkeep\n|\n|t:|1776577553\n|switch|p1b: Tyranitar|Tyranitar-Mega, L50, F, shiny|100/100\n|turn|4\n|\n|t:|1776577569\n|switch|p2b: Feraligatr|Feraligatr, L50, F|100/100\n|move|p2a: Dragapult|Will-O-Wisp|p1b: Tyranitar\n|-status|p1b: Tyranitar|brn\n|move|p1b: Tyranitar|Knock Off|p2a: Dragapult\n|-supereffective|p2a: Dragapult|1\n|-crit|p2a: Dragapult\n|-damage|p2a: Dragapult|0 fnt\n|faint|p2a: Dragapult\n|move|p1a: Meowstic|Trick Room|p1a: Meowstic\n|-fieldstart|move: Trick Room|[of] p1a: Meowstic\n|\n|-weather|Sandstorm|[upkeep]\n|-damage|p1a: Meowstic|60/100|[from] Sandstorm\n|-damage|p2b: Feraligatr|95/100|[from] Sandstorm\n|-damage|p1b: Tyranitar|95/100 brn|[from] brn\n|upkeep\n|\n|t:|1776577581\n|switch|p2a: Arcanine|Arcanine-Hisui, L50, F|100/100\n|-ability|p2a: Arcanine|Intimidate|boost\n|-unboost|p1a: Meowstic|atk|1\n|-unboost|p1b: Tyranitar|atk|1\n|turn|5\n|\n|t:|1776577605\n|switch|p1b: Excadrill|Excadrill, L50, F, shiny|100/100\n|detailschange|p2b: Feraligatr|Feraligatr-Mega, L50, F\n|-mega|p2b: Feraligatr|Feraligatr|Feraligite\n|move|p1a: Meowstic|Gravity|p1a: Meowstic\n|-fieldstart|move: Gravity\n|move|p2b: Feraligatr|Liquidation|p1b: Excadrill\n|-supereffective|p1b: Excadrill|1\n|-enditem|p1b: Excadrill|Focus Sash\n|-damage|p1b: Excadrill|1/100\n|-unboost|p1b: Excadrill|def|1\n|move|p2a: Arcanine|Flare Blitz|p1a: Meowstic\n|-damage|p1a: Meowstic|0 fnt\n|faint|p1a: Meowstic\n|-damage|p2a: Arcanine|84/100|[from] Recoil\n|\n|-weather|none\n|-sideend|p2: Snowykyte|move: Tailwind\n|upkeep\n|\n|t:|1776577620\n|switch|p1a: Tyranitar|Tyranitar-Mega, L50, F, shiny|95/100 brn\n|-weather|Sandstorm|[from] ability: Sand Stream|[of] p1a: Tyranitar\n|turn|6\n|\n|t:|1776577633\n|move|p2b: Feraligatr|Aqua Jet|p1b: Excadrill\n|-supereffective|p1b: Excadrill|1\n|-damage|p1b: Excadrill|0 fnt\n|faint|p1b: Excadrill\n|move|p1a: Tyranitar|Rock Slide|p2b: Feraligatr|[spread] p2a,p2b\n|-supereffective|p2a: Arcanine|1\n|-damage|p2a: Arcanine|36/100\n|-damage|p2b: Feraligatr|80/100\n|move|p2a: Arcanine|Flare Blitz|p1a: Tyranitar\n|-resisted|p1a: Tyranitar|1\n|-damage|p1a: Tyranitar|75/100 brn\n|-damage|p2a: Arcanine|28/100|[from] Recoil\n|\n|-weather|Sandstorm|[upkeep]\n|-damage|p2b: Feraligatr|74/100|[from] Sandstorm\n|-damage|p1a: Tyranitar|69/100 brn|[from] brn\n|upkeep\n|turn|7\n|\n|t:|1776577650\n|move|p1a: Tyranitar|Rock Slide|p2a: Arcanine|[spread] p2a,p2b\n|-supereffective|p2a: Arcanine|1\n|-damage|p2a: Arcanine|0 fnt\n|-damage|p2b: Feraligatr|60/100\n|faint|p2a: Arcanine\n|move|p2b: Feraligatr|Liquidation|p1a: Tyranitar\n|-supereffective|p1a: Tyranitar|1\n|-damage|p1a: Tyranitar|2/100 brn\n|-unboost|p1a: Tyranitar|def|1\n|\n|-weather|Sandstorm|[upkeep]\n|-damage|p2b: Feraligatr|54/100|[from] Sandstorm\n|-damage|p1a: Tyranitar|0 fnt|[from] brn\n|faint|p1a: Tyranitar\n|\n|win|Snowykyte\n|raw|mahuecvasd's rating: 1107 &rarr; <strong>1080</strong><br />(-27 for losing)\n|raw|Snowykyte's rating: 1074 &rarr; <strong>1106</strong><br />(+32 for winning)\n",
  "uploadtime": 1776577664,
  "views": 8,
  "formatid": "gen9championsvgc2026regma",
  "rating": 1080,
  "private": 0,
  "password": null
}