{
  "id": "gen9championsvgc2026regma-2584926794",
  "format": "[Gen 9 Champions] VGC 2026 Reg M-A",
  "players": [
    "ShreeKlime",
    "jb2189"
  ],
  "log": "|j|\u2606ShreeKlime\n|j|\u2606jb2189\n|t:|1776295224\n|gametype|doubles\n|player|p1|ShreeKlime|steven|1034\n|player|p2|jb2189|170|1000\n|gen|9\n|tier|[Gen 9 Champions] VGC 2026 Reg M-A\n|rated|\n|rule|Species Clause: Limit one of each Pok\u00e9mon\n|rule|Item Clause: Limit 1 of each item\n|clearpoke\n|poke|p1|Starmie, L50|\n|poke|p1|Meganium, L50, F|\n|poke|p1|Heliolisk, L50, M|\n|poke|p1|Sneasler, L50, M|\n|poke|p1|Pelipper, L50, M|\n|poke|p1|Sinistcha, L50|\n|poke|p2|Empoleon, L50, M|\n|poke|p2|Gliscor, L50, F|\n|poke|p2|Corviknight, L50, M|\n|poke|p2|Gardevoir, L50, M|\n|poke|p2|Meowscarada, L50, F|\n|poke|p2|Kingambit, L50, F|\n|teampreview|4\n|\n|t:|1776295248\n|teamsize|p1|4\n|teamsize|p2|4\n|start\n|switch|p1a: Heliolisk|Heliolisk, L50, M|100/100\n|switch|p1b: Sneasler|Sneasler, L50, M|100/100\n|switch|p2a: Empoleon|Empoleon, L50, M|100/100\n|switch|p2b: Corviknight|Corviknight, L50, M|100/100\n|-ability|p2b: Corviknight|Pressure\n|turn|1\n|\n|t:|1776295279\n|switch|p2a: Gliscor|Gliscor, L50, F|100/100\n|move|p1a: Heliolisk|Shed Tail|p1a: Heliolisk\n|-start|p1a: Heliolisk|Substitute|[from] move: Shed Tail\n|-damage|p1a: Heliolisk|50/100\n|\n|t:|1776295285\n|switch|p1a: Starmie|Starmie, L50|100/100|[from] Shed Tail\n|move|p1b: Sneasler|Rain Dance|p1b: Sneasler\n|-weather|RainDance\n|move|p2b: Corviknight|Body Press|p1a: Starmie\n|-resisted|p1a: Starmie|1\n|-activate|p1a: Starmie|move: Substitute|[damage]\n|\n|-weather|RainDance|[upkeep]\n|upkeep\n|turn|2\n|\n|t:|1776295301\n|detailschange|p1a: Starmie|Starmie-Mega, L50\n|-mega|p1a: Starmie|Starmie|Starminite\n|move|p1b: Sneasler|Close Combat|p2b: Corviknight\n|-damage|p2b: Corviknight|56/100\n|-unboost|p1b: Sneasler|def|1\n|-unboost|p1b: Sneasler|spd|1\n|-enditem|p1b: Sneasler|White Herb\n|-clearnegativeboost|p1b: Sneasler|[silent]\n|move|p1a: Starmie|Waterfall|p2a: Gliscor\n|-supereffective|p2a: Gliscor|1\n|-damage|p2a: Gliscor|0 fnt\n|faint|p2a: Gliscor\n|move|p2b: Corviknight|U-turn|p1a: Starmie\n|-supereffective|p1a: Starmie|1\n|-end|p1a: Starmie|Substitute\n|inactive|Battle timer is ON: inactive players will automatically lose when time's up. (requested by jb2189)\n|\n|t:|1776295316\n|switch|p2b: Gardevoir|Gardevoir, L50, M|100/100|[from] U-turn\n|-ability|p2b: Gardevoir|Huge Power|Trace|[from] ability: Trace|[of] p1a: Starmie\n|\n|-weather|RainDance|[upkeep]\n|upkeep\n|\n|t:|1776295319\n|switch|p2a: Empoleon|Empoleon, L50, M|100/100\n|turn|3\n|inactive|jb2189 has 30 seconds left.\n|\n|t:|1776295348\n|move|p1a: Starmie|Protect|p1a: Starmie\n|-singleturn|p1a: Starmie|Protect\n|move|p1b: Sneasler|Dire Claw|p2b: Gardevoir\n|-supereffective|p2b: Gardevoir|1\n|-damage|p2b: Gardevoir|0 fnt\n|faint|p2b: Gardevoir\n|move|p2a: Empoleon|Hydro Pump|p1b: Sneasler\n|-damage|p1b: Sneasler|0 fnt\n|faint|p1b: Sneasler\n|\n|-weather|RainDance|[upkeep]\n|upkeep\n|\n|t:|1776295362\n|switch|p1b: Heliolisk|Heliolisk, L50, M|50/100\n|switch|p2b: Corviknight|Corviknight, L50, M|56/100\n|-ability|p2b: Corviknight|Pressure\n|turn|4\n|\n|t:|1776295374\n|move|p1b: Heliolisk|Thunder|p2a: Empoleon\n|-supereffective|p2a: Empoleon|1\n|-crit|p2a: Empoleon\n|-damage|p2a: Empoleon|0 fnt\n|faint|p2a: Empoleon\n|move|p1a: Starmie|Waterfall|p2b: Corviknight\n|-damage|p2b: Corviknight|1/100\n|-enditem|p2b: Corviknight|Sitrus Berry|[eat]\n|-heal|p2b: Corviknight|26/100|[from] item: Sitrus Berry\n|move|p2b: Corviknight|Roost|p2b: Corviknight\n|-heal|p2b: Corviknight|77/100\n|-singleturn|p2b: Corviknight|move: Roost\n|\n|-weather|RainDance|[upkeep]\n|-heal|p1b: Heliolisk|63/100|[from] ability: Dry Skin\n|upkeep\n|turn|5\n|\n|t:|1776295393\n|move|p1b: Heliolisk|Thunder|p2b: Corviknight\n|-supereffective|p2b: Corviknight|1\n|-damage|p2b: Corviknight|0 fnt\n|faint|p2b: Corviknight\n|\n|win|ShreeKlime\n|raw|ShreeKlime's rating: 1034 &rarr; <strong>1065</strong><br />(+31 for winning)\n|raw|jb2189's rating: 1000 &rarr; <strong>1000</strong><br />(+0 for losing)\n|l|\u2606jb2189\n|player|p2|\n",
  "uploadtime": 1776295400,
  "views": 20,
  "formatid": "gen9championsvgc2026regma",
  "rating": 1000,
  "private": 0,
  "password": null
}