{
  "id": "gen9championsvgc2026regma-2584023620",
  "format": "[Gen 9 Champions] VGC 2026 Reg M-A",
  "players": [
    "duffmcwhaling",
    "null_is_cool"
  ],
  "log": "|j|\u2606duffmcwhaling\n|j|\u2606null_is_cool\n|t:|1776217711\n|gametype|doubles\n|player|p1|duffmcwhaling|scientist-gen4dp|1143\n|player|p2|null_is_cool|170|1205\n|gen|9\n|tier|[Gen 9 Champions] VGC 2026 Reg M-A\n|rated|\n|rule|Species Clause: Limit one of each Pok\u00e9mon\n|rule|Item Clause: Limit 1 of each item\n|clearpoke\n|poke|p1|Orthworm, L50, M|\n|poke|p1|Farigiraf, L50, M|\n|poke|p1|Garchomp, L50, M|\n|poke|p1|Froslass, L50, F|\n|poke|p1|Sinistcha-Masterpiece, L50|\n|poke|p1|Incineroar, L50, M|\n|poke|p2|Excadrill, L50, M|\n|poke|p2|Tyranitar, L50, M|\n|poke|p2|Dragapult, L50, F|\n|poke|p2|Gyarados, L50, M|\n|poke|p2|Rotom-Heat, L50|\n|poke|p2|Incineroar, L50, M|\n|teampreview|4\n|\n|t:|1776217736\n|teamsize|p1|4\n|teamsize|p2|4\n|start\n|switch|p1a: Incineroar|Incineroar, L50, M|100/100\n|switch|p1b: Orthworm|Orthworm, L50, M|100/100\n|switch|p2a: Incineroar|Incineroar, L50, M, shiny|100/100\n|switch|p2b: Dragapult|Dragapult, L50, F, shiny|100/100\n|-ability|p2a: Incineroar|Intimidate|boost\n|-unboost|p1a: Incineroar|atk|1\n|-unboost|p1b: Orthworm|atk|1\n|-ability|p1a: Incineroar|Intimidate|boost\n|-unboost|p2a: Incineroar|atk|1\n|-fail|p2b: Dragapult|unboost|[from] ability: Clear Body|[of] p2b: Dragapult\n|turn|1\n|\n|t:|1776217776\n|switch|p1b: Garchomp|Garchomp, L50, M|100/100\n|move|p2a: Incineroar|Fake Out|p1b: Garchomp\n|-damage|p1b: Garchomp|93/100\n|-damage|p2a: Incineroar|88/100|[from] ability: Rough Skin|[of] p1b: Garchomp\n|move|p2b: Dragapult|Shadow Ball|p1b: Garchomp\n|-damage|p1b: Garchomp|55/100\n|move|p1a: Incineroar|Parting Shot|p2a: Incineroar\n|-unboost|p2a: Incineroar|atk|1\n|-unboost|p2a: Incineroar|spa|1\n|\n|t:|1776217794\n|switch|p1a: Orthworm|Orthworm, L50, M|100/100|[from] Parting Shot\n|\n|upkeep\n|turn|2\n|\n|t:|1776217807\n|move|p1b: Garchomp|Dragon Claw|p2b: Dragapult\n|-supereffective|p2b: Dragapult|1\n|-damage|p2b: Dragapult|0 fnt\n|faint|p2b: Dragapult\n|move|p2a: Incineroar|Flare Blitz|p1a: Orthworm\n|-supereffective|p1a: Orthworm|1\n|-damage|p1a: Orthworm|72/100\n|-damage|p2a: Incineroar|80/100|[from] Recoil\n|move|p1a: Orthworm|Shed Tail|p1a: Orthworm\n|-start|p1a: Orthworm|Substitute|[from] move: Shed Tail\n|-damage|p1a: Orthworm|22/100\n|-enditem|p1a: Orthworm|Sitrus Berry|[eat]\n|-heal|p1a: Orthworm|47/100|[from] item: Sitrus Berry\n|\n|t:|1776217821\n|switch|p1a: Froslass|Froslass, L50, F|100/100|[from] Shed Tail\n|\n|upkeep\n|\n|t:|1776217826\n|switch|p2b: Tyranitar|Tyranitar, L50, M, shiny|100/100\n|-weather|Sandstorm|[from] ability: Sand Stream|[of] p2b: Tyranitar\n|turn|3\n|\n|t:|1776217848\n|detailschange|p1a: Froslass|Froslass-Mega, L50, F\n|-mega|p1a: Froslass|Froslass|Froslassite\n|-weather|Snowscape|[from] ability: Snow Warning|[of] p1a: Froslass\n|detailschange|p2b: Tyranitar|Tyranitar-Mega, L50, M, shiny\n|-mega|p2b: Tyranitar|Tyranitar|Tyranitarite\n|-weather|Sandstorm|[from] ability: Sand Stream|[of] p2b: Tyranitar\n|move|p1b: Garchomp|Dragon Claw|p2b: Tyranitar\n|-damage|p2b: Tyranitar|74/100\n|move|p1a: Froslass|Blizzard|p2b: Tyranitar|[spread] p2a,p2b\n|-resisted|p2a: Incineroar|1\n|-damage|p2a: Incineroar|59/100\n|-damage|p2b: Tyranitar|54/100\n|move|p2b: Tyranitar|Knock Off|p1a: Froslass\n|-supereffective|p1a: Froslass|1\n|-end|p1a: Froslass|Substitute\n|move|p2a: Incineroar|Darkest Lariat|p1a: Froslass\n|-supereffective|p1a: Froslass|1\n|-damage|p1a: Froslass|35/100\n|\n|-weather|Sandstorm|[upkeep]\n|-damage|p1a: Froslass|29/100|[from] Sandstorm\n|-damage|p2a: Incineroar|53/100|[from] Sandstorm\n|upkeep\n|turn|4\n|\n|t:|1776217869\n|switch|p1a: Incineroar|Incineroar, L50, M|100/100\n|-ability|p1a: Incineroar|Intimidate|boost\n|-unboost|p2a: Incineroar|atk|1\n|-unboost|p2b: Tyranitar|atk|1\n|move|p1b: Garchomp|Dragon Claw|p2b: Tyranitar\n|-damage|p2b: Tyranitar|30/100\n|move|p2b: Tyranitar|Rock Slide|p1b: Garchomp|[spread] p1a,p1b\n|-supereffective|p1a: Incineroar|1\n|-resisted|p1b: Garchomp|1\n|-damage|p1a: Incineroar|53/100\n|-damage|p1b: Garchomp|42/100\n|move|p2a: Incineroar|Darkest Lariat|p1a: Incineroar\n|-resisted|p1a: Incineroar|1\n|-damage|p1a: Incineroar|46/100\n|\n|-weather|Sandstorm|[upkeep]\n|-damage|p2a: Incineroar|47/100|[from] Sandstorm\n|-damage|p1a: Incineroar|40/100|[from] Sandstorm\n|-enditem|p2a: Incineroar|Sitrus Berry|[eat]\n|-heal|p2a: Incineroar|72/100|[from] item: Sitrus Berry\n|upkeep\n|turn|5\n|\n|t:|1776217893\n|move|p2b: Tyranitar|Protect|p2b: Tyranitar\n|-singleturn|p2b: Tyranitar|Protect\n|move|p1a: Incineroar|Fake Out|p2b: Tyranitar\n|-activate|p2b: Tyranitar|move: Protect\n|move|p1b: Garchomp|Dragon Claw|p2b: Tyranitar\n|-activate|p2b: Tyranitar|move: Protect\n|move|p2a: Incineroar|Darkest Lariat|p1b: Garchomp\n|-damage|p1b: Garchomp|26/100\n|-damage|p2a: Incineroar|59/100|[from] ability: Rough Skin|[of] p1b: Garchomp\n|\n|-weather|Sandstorm|[upkeep]\n|-damage|p2a: Incineroar|53/100|[from] Sandstorm\n|-damage|p1a: Incineroar|34/100|[from] Sandstorm\n|upkeep\n|turn|6\n|\n|t:|1776217923\n|switch|p1a: Orthworm|Orthworm, L50, M|47/100\n|move|p1b: Garchomp|Dragon Claw|p2b: Tyranitar\n|-crit|p2b: Tyranitar\n|-damage|p2b: Tyranitar|0 fnt\n|faint|p2b: Tyranitar\n|move|p2a: Incineroar|Parting Shot|p1b: Garchomp\n|-unboost|p1b: Garchomp|atk|1\n|-unboost|p1b: Garchomp|spa|1\n|\n|t:|1776217932\n|switch|p2a: Excadrill|Excadrill, L50, M, shiny|100/100|[from] Parting Shot\n|\n|-weather|Sandstorm|[upkeep]\n|upkeep\n|\n|t:|1776217937\n|switch|p2b: Incineroar|Incineroar, L50, M, shiny|53/100\n|-ability|p2b: Incineroar|Intimidate|boost\n|-unboost|p1a: Orthworm|atk|1\n|-unboost|p1b: Garchomp|atk|1\n|turn|7\n|\n|t:|1776217965\n|switch|p1b: Incineroar|Incineroar, L50, M|34/100\n|-ability|p1b: Incineroar|Intimidate|boost\n|-unboost|p2a: Excadrill|atk|1\n|-unboost|p2b: Incineroar|atk|1\n|move|p2b: Incineroar|Fake Out|p1a: Orthworm\n|-resisted|p1a: Orthworm|1\n|-damage|p1a: Orthworm|45/100\n|move|p2a: Excadrill|High Horsepower|p1b: Incineroar\n|-supereffective|p1b: Incineroar|1\n|-damage|p1b: Incineroar|0 fnt\n|faint|p1b: Incineroar\n|cant|p1a: Orthworm|flinch\n|\n|-weather|none\n|upkeep\n|\n|t:|1776217978\n|switch|p1b: Garchomp|Garchomp, L50, M|26/100\n|turn|8\n|\n|t:|1776217986\n|move|p1b: Garchomp|Earthquake|p2b: Incineroar|[spread] p2a,p2b\n|-heal|p1a: Orthworm|69/100|[from] ability: Earth Eater|[of] p1b: Garchomp\n|-supereffective|p2a: Excadrill|1\n|-supereffective|p2b: Incineroar|1\n|-enditem|p2a: Excadrill|Focus Sash\n|-damage|p2a: Excadrill|1/100\n|-damage|p2b: Incineroar|0 fnt\n|faint|p2b: Incineroar\n|move|p2a: Excadrill|High Horsepower|p1b: Garchomp\n|-damage|p1b: Garchomp|0 fnt\n|-damage|p2a: Excadrill|0 fnt|[from] ability: Rough Skin|[of] p1b: Garchomp\n|faint|p1b: Garchomp\n|faint|p2a: Excadrill\n|\n|win|duffmcwhaling\n|raw|duffmcwhaling's rating: 1143 &rarr; <strong>1172</strong><br />(+29 for winning)\n|raw|null_is_cool's rating: 1205 &rarr; <strong>1176</strong><br />(-29 for losing)\n|l|\u2606null_is_cool\n|player|p2|\n",
  "uploadtime": 1776218000,
  "views": 24,
  "formatid": "gen9championsvgc2026regma",
  "rating": 1172,
  "private": 0,
  "password": null
}