{
  "id": "gen9championsvgc2026regma-2585431260",
  "format": "[Gen 9 Champions] VGC 2026 Reg M-A",
  "players": [
    "dragonlift",
    "Kashorts"
  ],
  "log": "|j|\u2606dragonlift\n|j|\u2606Kashorts\n|t:|1776346830\n|gametype|doubles\n|player|p1|dragonlift|1|1198\n|player|p2|Kashorts|roxie|1101\n|gen|9\n|tier|[Gen 9 Champions] VGC 2026 Reg M-A\n|rated|\n|rule|Species Clause: Limit one of each Pok\u00e9mon\n|rule|Item Clause: Limit 1 of each item\n|clearpoke\n|poke|p1|Dragonite, L50, M|\n|poke|p1|Pelipper, L50, M|\n|poke|p1|Froslass, L50, F|\n|poke|p1|Rotom-Frost, L50|\n|poke|p1|Incineroar, L50, M|\n|poke|p1|Sinistcha-Masterpiece, L50|\n|poke|p2|Pidgeot, L50, M|\n|poke|p2|Alcremie, L50, F|\n|poke|p2|Raichu, L50, M|\n|poke|p2|Hydrapple, L50, F|\n|poke|p2|Primarina, L50, F|\n|poke|p2|Aegislash, L50, M|\n|teampreview|4\n|inactive|Battle timer is ON: inactive players will automatically lose when time's up. (requested by dragonlift)\n|\n|t:|1776346869\n|teamsize|p1|4\n|teamsize|p2|4\n|start\n|switch|p1a: Froslass|Froslass, L50, F|100/100\n|switch|p1b: Rotom|Rotom-Frost, L50|100/100\n|switch|p2a: Pidgeot|Pidgeot, L50, M|100/100\n|switch|p2b: Aegislash|Aegislash, L50, M|100/100\n|turn|1\n|\n|t:|1776346885\n|detailschange|p1a: Froslass|Froslass-Mega, L50, F\n|-mega|p1a: Froslass|Froslass|Froslassite\n|-weather|Snowscape|[from] ability: Snow Warning|[of] p1a: Froslass\n|detailschange|p2a: Pidgeot|Pidgeot-Mega, L50, M\n|-mega|p2a: Pidgeot|Pidgeot|Pidgeotite\n|move|p2b: Aegislash|Wide Guard|p2b: Aegislash\n|-singleturn|p2b: Aegislash|Wide Guard\n|move|p1b: Rotom|Volt Switch|p2b: Aegislash\n|-damage|p2b: Aegislash|69/100\n|\n|t:|1776346896\n|switch|p1b: Incineroar|Incineroar, L50, M|100/100|[from] Volt Switch\n|-ability|p1b: Incineroar|Intimidate|boost\n|-unboost|p2a: Pidgeot|atk|1\n|-unboost|p2b: Aegislash|atk|1\n|move|p2a: Pidgeot|Heat Wave|p1b: Incineroar|[spread] p1a,p1b\n|-supereffective|p1a: Froslass|1\n|-resisted|p1b: Incineroar|1\n|-damage|p1a: Froslass|37/100\n|-damage|p1b: Incineroar|89/100\n|move|p1a: Froslass|Blizzard|p2a: Pidgeot|[spread] \n|-activate|p2a: Pidgeot|move: Wide Guard\n|-activate|p2b: Aegislash|move: Wide Guard\n|\n|-weather|Snowscape|[upkeep]\n|-heal|p1b: Incineroar|95/100|[from] item: Leftovers\n|-heal|p2b: Aegislash|75/100|[from] item: Leftovers\n|upkeep\n|turn|2\n|inactive|Kashorts has 30 seconds left.\n|\n|t:|1776346928\n|move|p2a: Pidgeot|Protect|p2a: Pidgeot\n|-singleturn|p2a: Pidgeot|Protect\n|move|p1b: Incineroar|Fake Out|p2a: Pidgeot\n|-activate|p2a: Pidgeot|move: Protect\n|move|p1a: Froslass|Blizzard|p2b: Aegislash|[spread] p2b\n|-activate|p2a: Pidgeot|move: Protect\n|-resisted|p2b: Aegislash|1\n|-damage|p2b: Aegislash|57/100\n|-formechange|p2b: Aegislash|Aegislash-Blade|\n|move|p2b: Aegislash|Poltergeist|p1a: Froslass\n|-activate|p1a: Froslass|move: Poltergeist|Froslassite\n|-supereffective|p1a: Froslass|1\n|-damage|p1a: Froslass|0 fnt\n|faint|p1a: Froslass\n|\n|-weather|Snowscape|[upkeep]\n|-heal|p1b: Incineroar|100/100|[from] item: Leftovers\n|-heal|p2b: Aegislash|63/100|[from] item: Leftovers\n|upkeep\n|\n|t:|1776346941\n|switch|p1a: Rotom|Rotom-Frost, L50|100/100\n|turn|3\n|\n|t:|1776346960\n|switch|p2b: Raichu|Raichu, L50, M|100/100\n|move|p1a: Rotom|Volt Switch|p2b: Raichu\n|-activate|p2b: Raichu|ability: Lightning Rod\n|-ability|p2b: Raichu|Lightning Rod|boost\n|-boost|p2b: Raichu|spa|1\n|move|p2a: Pidgeot|Heat Wave|p1b: Incineroar|[spread] p1a,p1b\n|-supereffective|p1a: Rotom|1\n|-resisted|p1b: Incineroar|1\n|-damage|p1a: Rotom|30/100\n|-damage|p1b: Incineroar|88/100\n|move|p1b: Incineroar|Darkest Lariat|p2b: Raichu\n|-damage|p2b: Raichu|12/100\n|\n|-weather|Snowscape|[upkeep]\n|-heal|p1b: Incineroar|94/100|[from] item: Leftovers\n|upkeep\n|turn|4\n|inactive|Kashorts has 30 seconds left.\n|\n|t:|1776346993\n|switch|p1a: Sinistcha|Sinistcha-Masterpiece, L50|100/100\n|-heal|p1b: Incineroar|100/100|[from] ability: Hospitality|[of] p1a: Sinistcha\n|move|p2b: Raichu|Fake Out|p1b: Incineroar\n|-damage|p1b: Incineroar|89/100\n|move|p2a: Pidgeot|Heat Wave|p1a: Sinistcha|[spread] p1a,p1b\n|-supereffective|p1a: Sinistcha|1\n|-resisted|p1b: Incineroar|1\n|-crit|p1b: Incineroar\n|-damage|p1a: Sinistcha|41/100\n|-damage|p1b: Incineroar|71/100\n|cant|p1b: Incineroar|flinch\n|\n|-weather|Snowscape|[upkeep]\n|-heal|p1b: Incineroar|77/100|[from] item: Leftovers\n|upkeep\n|turn|5\n|\n|t:|1776347012\n|move|p2a: Pidgeot|Hurricane|p1a: Sinistcha\n|-supereffective|p1a: Sinistcha|1\n|-damage|p1a: Sinistcha|0 fnt\n|faint|p1a: Sinistcha\n|move|p2b: Raichu|Draining Kiss|p1b: Incineroar\n|-damage|p1b: Incineroar|64/100\n|-heal|p2b: Raichu|26/100|[from] drain|[of] p1b: Incineroar\n|move|p1b: Incineroar|Flare Blitz|p2a: Pidgeot\n|-damage|p2a: Pidgeot|11/100\n|-damage|p1b: Incineroar|41/100|[from] Recoil\n|\n|-weather|none\n|-heal|p1b: Incineroar|47/100|[from] item: Leftovers\n|upkeep\n|\n|t:|1776347022\n|switch|p1a: Rotom|Rotom-Frost, L50|30/100\n|turn|6\n|\n|t:|1776347042\n|move|p1a: Rotom|Blizzard|p2b: Raichu|[spread] p2a,p2b\n|-supereffective|p2a: Pidgeot|1\n|-crit|p2a: Pidgeot\n|-damage|p2a: Pidgeot|0 fnt\n|-damage|p2b: Raichu|0 fnt\n|faint|p2a: Pidgeot\n|faint|p2b: Raichu\n|move|p1b: Incineroar|Darkest Lariat|p2: Pidgeot|[notarget]\n|-fail|p1b: Incineroar\n|\n|-heal|p1b: Incineroar|53/100|[from] item: Leftovers\n|upkeep\n|\n|t:|1776347047\n|switch|p2a: Aegislash|Aegislash, L50, M|63/100\n|switch|p2b: Primarina|Primarina, L50, F|100/100\n|turn|7\n|c|\u2606dragonlift|gg\n|inactive|Kashorts has 30 seconds left.\n|\n|t:|1776347077\n|move|p1a: Rotom|Blizzard|p2b: Primarina|[spread] p2a,p2b\n|-resisted|p2a: Aegislash|1\n|-resisted|p2b: Primarina|1\n|-damage|p2a: Aegislash|47/100\n|-damage|p2b: Primarina|81/100\n|move|p2b: Primarina|Hyper Voice|p1a: Rotom|[spread] p1a,p1b\n|-supereffective|p1b: Incineroar|1\n|-damage|p1a: Rotom|0 fnt\n|-damage|p1b: Incineroar|0 fnt\n|faint|p1a: Rotom\n|faint|p1b: Incineroar\n|\n|win|Kashorts\n|raw|dragonlift's rating: 1198 &rarr; <strong>1166</strong><br />(-32 for losing)\n|raw|Kashorts's rating: 1101 &rarr; <strong>1133</strong><br />(+32 for winning)\n|l|\u2606dragonlift\n|player|p1|\n",
  "uploadtime": 1776347458,
  "views": 30,
  "formatid": "gen9championsvgc2026regma",
  "rating": 1133,
  "private": 0,
  "password": null
}