{
  "id": "gen9championsvgc2026regma-2584963818",
  "format": "[Gen 9 Champions] VGC 2026 Reg M-A",
  "players": [
    "LuckTDM",
    "JustDevi"
  ],
  "log": "|j|\u2606LuckTDM\n|j|\u2606JustDevi\n|t:|1776298678\n|gametype|doubles\n|player|p1|LuckTDM|hilbert|1000\n|player|p2|JustDevi|2|1048\n|gen|9\n|tier|[Gen 9 Champions] VGC 2026 Reg M-A\n|rated|\n|rule|Species Clause: Limit one of each Pok\u00e9mon\n|rule|Item Clause: Limit 1 of each item\n|clearpoke\n|poke|p1|Gallade, L50, M|\n|poke|p1|Incineroar, L50, F|\n|poke|p1|Garchomp, L50, M|\n|poke|p1|Whimsicott, L50, F|\n|poke|p1|Rotom-Heat, L50|\n|poke|p1|Aegislash, L50, F|\n|poke|p2|Archaludon, L50, M|\n|poke|p2|Chesnaught, L50, M|\n|poke|p2|Basculegion, L50, M|\n|poke|p2|Pelipper, L50, M|\n|poke|p2|Lycanroc-Dusk, L50, F|\n|poke|p2|Incineroar, L50, F|\n|teampreview|4\n|inactive|Battle timer is ON: inactive players will automatically lose when time's up. (requested by LuckTDM)\nLuckTDM rejected open team sheets.\n|inactive|LuckTDM has 60 seconds left.\n|\n|t:|1776298714\n|teamsize|p1|4\n|teamsize|p2|4\n|start\n|switch|p1a: Whimsicott|Whimsicott, L50, F, shiny|100/100\n|switch|p1b: Garchomp|Garchomp, L50, M, shiny|100/100\n|switch|p2a: Gonza|Incineroar, L50, F|100/100\n|switch|p2b: Chispin|Chesnaught, L50, M, shiny|100/100\n|-ability|p2a: Gonza|Intimidate|boost\n|-unboost|p1a: Whimsicott|atk|1\n|-unboost|p1b: Garchomp|atk|1\n|turn|1\n|\n|t:|1776298736\n|detailschange|p2b: Chispin|Chesnaught-Mega, L50, M, shiny\n|-mega|p2b: Chispin|Chesnaught|Chesnaughtite\n|move|p2a: Gonza|Fake Out|p1a: Whimsicott\n|-damage|p1a: Whimsicott|85/100\n|cant|p1a: Whimsicott|flinch\n|move|p1b: Garchomp|Earthquake|p2a: Gonza|[spread] p1a,p2a,p2b\n|-resisted|p1a: Whimsicott|1\n|-supereffective|p2a: Gonza|1\n|-resisted|p2b: Chispin|1\n|-damage|p1a: Whimsicott|65/100\n|-damage|p2a: Gonza|56/100\n|-damage|p2b: Chispin|93/100\n|move|p2b: Chispin|Leech Seed|p1b: Garchomp\n|-start|p1b: Garchomp|move: Leech Seed\n|\n|-damage|p1b: Garchomp|88/100|[from] Leech Seed|[of] p2b: Chispin\n|-heal|p2b: Chispin|100/100|[silent]\n|upkeep\n|turn|2\n|inactive|JustDevi has 30 seconds left.\n|\n|t:|1776298762\n|switch|p2a: MINE MINE MINE|Pelipper, L50, M|100/100\n|-weather|RainDance|[from] ability: Drizzle|[of] p2a: MINE MINE MINE\n|move|p1a: Whimsicott|Tailwind|p1a: Whimsicott\n|-sidestart|p1: LuckTDM|move: Tailwind\n|move|p1b: Garchomp|Earthquake|p2a: MINE MINE MINE|[spread] p1a,p2b\n|-immune|p2a: MINE MINE MINE\n|-resisted|p1a: Whimsicott|1\n|-resisted|p2b: Chispin|1\n|-damage|p1a: Whimsicott|44/100\n|-damage|p2b: Chispin|93/100\n|move|p2b: Chispin|Knock Off|p1b: Garchomp\n|-damage|p1b: Garchomp|59/100\n|-damage|p2b: Chispin|81/100|[from] ability: Rough Skin|[of] p1b: Garchomp\n|-enditem|p1b: Garchomp|Choice Scarf|[from] move: Knock Off|[of] p2b: Chispin\n|\n|-weather|RainDance|[upkeep]\n|-damage|p1b: Garchomp|47/100|[from] Leech Seed|[of] p2b: Chispin\n|-heal|p2b: Chispin|92/100|[silent]\n|upkeep\n|turn|3\n|inactive|JustDevi has 30 seconds left.\n|\n|t:|1776298793\n|move|p2a: MINE MINE MINE|Wide Guard|p2a: MINE MINE MINE\n|-singleturn|p2a: MINE MINE MINE|Wide Guard\n|move|p1a: Whimsicott|Endeavor|p2b: Chispin\n|-damage|p2b: Chispin|31/100\n|move|p1b: Garchomp|Rock Slide|p2a: MINE MINE MINE|[spread] \n|-activate|p2a: MINE MINE MINE|move: Wide Guard\n|-activate|p2b: Chispin|move: Wide Guard\n|move|p2b: Chispin|Body Press|p1a: Whimsicott\n|-resisted|p1a: Whimsicott|1\n|-damage|p1a: Whimsicott|4/100\n|\n|-weather|RainDance|[upkeep]\n|-damage|p1b: Garchomp|35/100|[from] Leech Seed|[of] p2b: Chispin\n|-heal|p2b: Chispin|42/100|[silent]\n|upkeep\n|turn|4\n|\n|t:|1776298809\n|move|p2b: Chispin|Spiky Shield|p2b: Chispin\n|-singleturn|p2b: Chispin|move: Protect\n|move|p1a: Whimsicott|Endeavor|p2a: MINE MINE MINE\n|-damage|p2a: MINE MINE MINE|4/100\n|move|p1b: Garchomp|Dragon Claw|p2b: Chispin\n|-activate|p2b: Chispin|move: Protect\n|-damage|p1b: Garchomp|23/100|[from] Spiky Shield|[of] p2b: Chispin\n|move|p2a: MINE MINE MINE|Tailwind|p2a: MINE MINE MINE\n|-sidestart|p2: JustDevi|move: Tailwind\n|\n|-weather|RainDance|[upkeep]\n|-damage|p1b: Garchomp|11/100|[from] Leech Seed|[of] p2b: Chispin\n|-heal|p2b: Chispin|54/100|[silent]\n|upkeep\n|turn|5\n|\n|t:|1776298832\n|move|p2b: Chispin|Spiky Shield||[still]\n|-fail|p2b: Chispin\n|move|p1a: Whimsicott|Endeavor|p2b: Chispin\n|-damage|p2b: Chispin|3/100\n|move|p1b: Garchomp|Dragon Claw|p2a: MINE MINE MINE\n|-crit|p2a: MINE MINE MINE\n|-damage|p2a: MINE MINE MINE|0 fnt\n|faint|p2a: MINE MINE MINE\n|\n|-weather|RainDance|[upkeep]\n|-damage|p1b: Garchomp|0 fnt|[from] Leech Seed|[of] p2b: Chispin\n|-heal|p2b: Chispin|13/100|[silent]\n|faint|p1b: Garchomp\n|-sideend|p1: LuckTDM|move: Tailwind\n|upkeep\n|\n|t:|1776298847\n|switch|p1b: Gallade|Gallade, L50, M, shiny|100/100\n|switch|p2a: MIKE KILL ALL|Archaludon, L50, M, shiny|100/100\n|turn|6\n|\n|t:|1776298859\n|detailschange|p1b: Gallade|Gallade-Mega, L50, M, shiny\n|-mega|p1b: Gallade|Gallade|Galladite\n|move|p2b: Chispin|Spiky Shield|p2b: Chispin\n|-singleturn|p2b: Chispin|move: Protect\n|move|p1a: Whimsicott|Tailwind|p1a: Whimsicott\n|-sidestart|p1: LuckTDM|move: Tailwind\n|move|p1b: Gallade|Drain Punch|p2a: MIKE KILL ALL\n|-supereffective|p2a: MIKE KILL ALL|1\n|-damage|p2a: MIKE KILL ALL|29/100\n|-ability|p2a: MIKE KILL ALL|Stamina|boost\n|-boost|p2a: MIKE KILL ALL|def|1\n|move|p2a: MIKE KILL ALL|Electro Shot||[still]\n|-prepare|p2a: MIKE KILL ALL|Electro Shot\n|-boost|p2a: MIKE KILL ALL|spa|1\n|-anim|p2a: MIKE KILL ALL|Electro Shot|p1a: Whimsicott\n|-resisted|p1a: Whimsicott|1\n|-damage|p1a: Whimsicott|0 fnt\n|faint|p1a: Whimsicott\n|\n|-weather|none\n|-heal|p2a: MIKE KILL ALL|35/100|[from] item: Leftovers\n|upkeep\n|\n|t:|1776298868\n|switch|p1a: Aegislash|Aegislash, L50, F, shiny|100/100\n|turn|7\n|\n|t:|1776298878\n|switch|p2b: Gonza|Incineroar, L50, F|56/100\n|-ability|p2b: Gonza|Intimidate|boost\n|-unboost|p1a: Aegislash|atk|1\n|-fail|p1b: Gallade|unboost|Attack|[from] ability: Inner Focus|[of] p1b: Gallade\n|move|p2a: MIKE KILL ALL|Protect|p2a: MIKE KILL ALL\n|-singleturn|p2a: MIKE KILL ALL|Protect\n|move|p1b: Gallade|Drain Punch|p2a: MIKE KILL ALL\n|-activate|p2a: MIKE KILL ALL|move: Protect\n|move|p1a: Aegislash|Swords Dance|p1a: Aegislash\n|-boost|p1a: Aegislash|atk|2\n|\n|-heal|p2a: MIKE KILL ALL|41/100|[from] item: Leftovers\n|-sideend|p2: JustDevi|move: Tailwind\n|upkeep\n|turn|8\n|inactive|JustDevi has 30 seconds left.\n|\n|t:|1776298906\n|move|p1a: Aegislash|King's Shield|p1a: Aegislash\n|-singleturn|p1a: Aegislash|Protect\n|move|p1b: Gallade|Drain Punch|p2b: Gonza\n|-supereffective|p2b: Gonza|1\n|-damage|p2b: Gonza|0 fnt\n|faint|p2b: Gonza\n|move|p2a: MIKE KILL ALL|Flash Cannon|p1b: Gallade\n|-damage|p1b: Gallade|31/100\n|\n|-heal|p2a: MIKE KILL ALL|47/100|[from] item: Leftovers\n|upkeep\n|\n|t:|1776298915\n|switch|p2b: Chispin|Chesnaught-Mega, L50, M, shiny|13/100\n|turn|9\n|\n|t:|1776298927\n|move|p2a: MIKE KILL ALL|Protect|p2a: MIKE KILL ALL\n|-singleturn|p2a: MIKE KILL ALL|Protect\n|move|p2b: Chispin|Spiky Shield|p2b: Chispin\n|-singleturn|p2b: Chispin|move: Protect\n|move|p1b: Gallade|Drain Punch|p2a: MIKE KILL ALL\n|-activate|p2a: MIKE KILL ALL|move: Protect\n|-formechange|p1a: Aegislash|Aegislash-Blade|\n|move|p1a: Aegislash|Shadow Claw|p2b: Chispin\n|-activate|p2b: Chispin|move: Protect\n|-damage|p1a: Aegislash|89/100|[from] Spiky Shield|[of] p2b: Chispin\n|\n|-heal|p2a: MIKE KILL ALL|54/100|[from] item: Leftovers\n|-sideend|p1: LuckTDM|move: Tailwind\n|upkeep\n|turn|10\n|\n|t:|1776298946\n|move|p1b: Gallade|Drain Punch|p2a: MIKE KILL ALL\n|-supereffective|p2a: MIKE KILL ALL|1\n|-damage|p2a: MIKE KILL ALL|4/100\n|-heal|p1b: Gallade|65/100|[from] drain|[of] p2a: MIKE KILL ALL\n|-ability|p2a: MIKE KILL ALL|Stamina|boost\n|-boost|p2a: MIKE KILL ALL|def|1\n|move|p2a: MIKE KILL ALL|Flash Cannon|p1b: Gallade\n|-damage|p1b: Gallade|0 fnt\n|faint|p1b: Gallade\n|move|p1a: Aegislash|Shadow Claw|p2b: Chispin\n|-damage|p2b: Chispin|0 fnt\n|faint|p2b: Chispin\n|\n|-heal|p2a: MIKE KILL ALL|10/100|[from] item: Leftovers\n|upkeep\n|turn|11\n|\n|t:|1776298960\n|move|p2a: MIKE KILL ALL|Protect|p2a: MIKE KILL ALL\n|-singleturn|p2a: MIKE KILL ALL|Protect\n|move|p1a: Aegislash|Shadow Claw|p2a: MIKE KILL ALL\n|-activate|p2a: MIKE KILL ALL|move: Protect\n|\n|-heal|p2a: MIKE KILL ALL|16/100|[from] item: Leftovers\n|upkeep\n|turn|12\n|\n|t:|1776298976\n|move|p2a: MIKE KILL ALL|Draco Meteor|p1a: Aegislash\n|-resisted|p1a: Aegislash|1\n|-damage|p1a: Aegislash|0 fnt\n|-unboost|p2a: MIKE KILL ALL|spa|2\n|faint|p1a: Aegislash\n|\n|win|JustDevi\n|raw|LuckTDM's rating: 1000 &rarr; <strong>1000</strong><br />(+0 for losing)\n|raw|JustDevi's rating: 1048 &rarr; <strong>1076</strong><br />(+28 for winning)\n|c|\u2606LuckTDM|Stop stalling pssy\n|l|\u2606LuckTDM\n|player|p1|\n",
  "uploadtime": 1776298982,
  "views": 30,
  "formatid": "gen9championsvgc2026regma",
  "rating": 1000,
  "private": 0,
  "password": null
}