{
  "id": "gen9championsvgc2026regma-2585555253",
  "format": "[Gen 9 Champions] VGC 2026 Reg M-A",
  "players": [
    "2thyfor",
    "nicholth"
  ],
  "log": "|j|\u26062thyfor\n|j|\u2606nicholth\n|t:|1776355233\n|gametype|doubles\n|player|p1|2thyfor|169|\n|player|p2|nicholth|265|\n|gen|9\n|tier|[Gen 9 Champions] VGC 2026 Reg M-A\n|rated|Tournament battle\n|rule|Species Clause: Limit one of each Pok\u00e9mon\n|rule|Item Clause: Limit 1 of each item\n|clearpoke\n|poke|p1|Whimsicott, L50, F|\n|poke|p1|Farigiraf, L50, F|\n|poke|p1|Charizard, L50, M|\n|poke|p1|Garchomp, L50, M|\n|poke|p1|Kingambit, L50, F|\n|poke|p1|Sneasler, L50, M|\n|poke|p2|Charizard, L50, M|\n|poke|p2|Incineroar, L50, F|\n|poke|p2|Venusaur, L50, M|\n|poke|p2|Garchomp, L50, M|\n|poke|p2|Rotom-Wash, L50|\n|poke|p2|Sneasler, L50, M|\n|teampreview|4\n|j| do something babe\n|c|\u2606nicholth|glhf\n|j| testing247\n|c|\u26062thyfor|u2\n|j| Zonkah\n|j| cwill4044\n|j| tomcheung22\n2thyfor has agreed to open team sheets.\nnicholth has agreed to open team sheets.\n|showteam|p1|Whimsicott||FocusSash|Prankster|Moonblast,Encore,SunnyDay,Tailwind|||F|||50|]Farigiraf||SitrusBerry|ArmorTail|Protect,HyperVoice,Psychic,TrickRoom|||F|||50|]Charizard||CharizarditeY|SolarPower|Protect,WeatherBall,HeatWave,SolarBeam|||M|||50|]Garchomp||ChoiceScarf|RoughSkin|Earthquake,StompingTantrum,DragonClaw,RockSlide|||M|||50|]Kingambit||BlackGlasses|Defiant|Protect,KowtowCleave,SuckerPunch,SwordsDance|||F|||50|]Sneasler||WhiteHerb|Unburden|Protect,CloseCombat,DireClaw,FakeOut|||M|||50|\n|showteam|p2|Charizard||CharizarditeY|Blaze|Protect,HeatWave,AirSlash,WeatherBall|||M|||50|]Incineroar||SitrusBerry|Intimidate|ThroatChop,PartingShot,FakeOut,FlareBlitz|||F|||50|]Venusaur||FocusSash|Chlorophyll|EnergyBall,SludgeBomb,EarthPower,SleepPowder|||M|||50|]Garchomp||HabanBerry|RoughSkin|Protect,Earthquake,DragonClaw,RockSlide|||M|||50|]Rotom-Wash||ChoiceScarf|Levitate|Trick,WillOWisp,Thunderbolt,HydroPump||||||50|]Sneasler||WhiteHerb|Unburden|Protect,DireClaw,CloseCombat,RockSlide|||M|||50|\n|j| Saudasawdust\n|l| Saudasawdust\n|l| tomcheung22\n|c|\u26062thyfor|Saudasawdust nice btd6 refrence\n|\n|t:|1776355307\n|teamsize|p1|4\n|teamsize|p2|4\n|start\n|switch|p1a: Whimsicott|Whimsicott, L50, F|100/100\n|switch|p1b: Garchomp|Garchomp, L50, M|100/100\n|switch|p2a: Venusaur|Venusaur, L50, M|100/100\n|switch|p2b: Charizard|Charizard, L50, M|100/100\n|turn|1\n|\n|t:|1776355336\n|move|p2b: Charizard|Protect|p2b: Charizard\n|-singleturn|p2b: Charizard|Protect\n|move|p1a: Whimsicott|Tailwind|p1a: Whimsicott\n|-sidestart|p1: 2thyfor|move: Tailwind\n|move|p1b: Garchomp|Rock Slide|p2b: Charizard|[spread] p2a\n|-activate|p2b: Charizard|move: Protect\n|-damage|p2a: Venusaur|75/100\n|move|p2a: Venusaur|Sleep Powder|p1b: Garchomp\n|-status|p1b: Garchomp|slp|[from] move: Sleep Powder\n|\n|upkeep\n|turn|2\n|j| tomcheung22\n|j| Bowdidee\n|l| Bowdidee\n|\n|t:|1776355354\n|detailschange|p2b: Charizard|Charizard-Mega-Y, L50, M\n|-mega|p2b: Charizard|Charizard|Charizardite Y\n|-weather|SunnyDay|[from] ability: Drought|[of] p2b: Charizard\n|move|p1a: Whimsicott|Encore|p2b: Charizard\n|-start|p2b: Charizard|Encore\n|move|p2b: Charizard|Protect||[still]\n|-fail|p2b: Charizard\n|cant|p1b: Garchomp|slp\n|move|p2a: Venusaur|Sludge Bomb|p1a: Whimsicott\n|-supereffective|p1a: Whimsicott|2\n|-enditem|p1a: Whimsicott|Focus Sash\n|-damage|p1a: Whimsicott|1/100\n|-status|p1a: Whimsicott|psn\n|\n|-weather|SunnyDay|[upkeep]\n|-damage|p1a: Whimsicott|0 fnt|[from] psn\n|faint|p1a: Whimsicott\n|upkeep\n|\n|t:|1776355360\n|switch|p1a: Sneasler|Sneasler, L50, M|100/100\n|turn|3\n|\n|t:|1776355374\n|switch|p2a: Garchomp|Garchomp, L50, M|100/100\n|move|p2b: Charizard|Protect|p2b: Charizard\n|-singleturn|p2b: Charizard|Protect\n|-curestatus|p1b: Garchomp|slp|[msg]\n|move|p1b: Garchomp|Rock Slide|p2b: Charizard|[spread] p2a\n|-activate|p2b: Charizard|move: Protect\n|-resisted|p2a: Garchomp|1\n|-damage|p2a: Garchomp|92/100\n|move|p1a: Sneasler|Dire Claw|p2a: Garchomp\n|-resisted|p2a: Garchomp|1\n|-damage|p2a: Garchomp|70/100\n|-damage|p1a: Sneasler|88/100|[from] ability: Rough Skin|[of] p2a: Garchomp\n|\n|-weather|SunnyDay|[upkeep]\n|upkeep\n|turn|4\n|\n|t:|1776355402\n|switch|p2b: Venusaur|Venusaur, L50, M|75/100\n|move|p1b: Garchomp|Rock Slide|p2b: Venusaur|[spread] p2b\n|-miss|p1b: Garchomp|p2a: Garchomp\n|-crit|p2b: Venusaur\n|-damage|p2b: Venusaur|36/100\n|move|p1a: Sneasler|Close Combat|p2b: Venusaur\n|-resisted|p2b: Venusaur|1\n|-damage|p2b: Venusaur|0 fnt\n|-unboost|p1a: Sneasler|def|1\n|-unboost|p1a: Sneasler|spd|1\n|faint|p2b: Venusaur\n|-enditem|p1a: Sneasler|White Herb\n|-clearnegativeboost|p1a: Sneasler|[silent]\n|move|p2a: Garchomp|Dragon Claw|p1b: Garchomp\n|-supereffective|p1b: Garchomp|1\n|-damage|p1b: Garchomp|21/100\n|-damage|p2a: Garchomp|58/100|[from] ability: Rough Skin|[of] p1b: Garchomp\n|\n|-weather|SunnyDay|[upkeep]\n|-sideend|p1: 2thyfor|move: Tailwind\n|upkeep\n|j| VC824\n|j| Im_Neutro\n|\n|t:|1776355424\n|switch|p2b: Sneasler|Sneasler, L50, M|100/100\n|turn|5\n|\n|t:|1776355453\n|move|p2a: Garchomp|Protect|p2a: Garchomp\n|-singleturn|p2a: Garchomp|Protect\n|move|p1a: Sneasler|Close Combat|p2a: Garchomp\n|-activate|p2a: Garchomp|move: Protect\n|move|p1b: Garchomp|Rock Slide|p2a: Garchomp|[spread] p2b\n|-activate|p2a: Garchomp|move: Protect\n|-resisted|p2b: Sneasler|1\n|-damage|p2b: Sneasler|85/100\n|cant|p2b: Sneasler|flinch\n|\n|-weather|SunnyDay|[upkeep]\n|upkeep\n|turn|6\n|j| tastyfloop\n|\n|t:|1776355473\n|switch|p1b: Charizard|Charizard, L50, M, shiny|100/100\n|move|p2b: Sneasler|Protect|p2b: Sneasler\n|-singleturn|p2b: Sneasler|Protect\n|move|p1a: Sneasler|Close Combat|p2a: Garchomp\n|-damage|p2a: Garchomp|0 fnt\n|-unboost|p1a: Sneasler|def|1\n|-unboost|p1a: Sneasler|spd|1\n|-damage|p1a: Sneasler|76/100|[from] ability: Rough Skin|[of] p2a: Garchomp\n|faint|p2a: Garchomp\n|\n|-weather|none\n|upkeep\n|\n|t:|1776355477\n|switch|p2a: Charizard|Charizard-Mega-Y, L50, M|100/100\n|-weather|SunnyDay|[from] ability: Drought|[of] p2a: Charizard\n|turn|7\n|\n|t:|1776355493\n|detailschange|p1b: Charizard|Charizard-Mega-Y, L50, M, shiny\n|-mega|p1b: Charizard|Charizard|Charizardite Y\n|move|p1a: Sneasler|Dire Claw|p2b: Sneasler\n|-resisted|p2b: Sneasler|1\n|-damage|p2b: Sneasler|44/100\n|move|p2b: Sneasler|Rock Slide|p1b: Charizard|[spread] p1a,p1b\n|-resisted|p1a: Sneasler|1\n|-supereffective|p1b: Charizard|2\n|-damage|p1a: Sneasler|51/100\n|-damage|p1b: Charizard|7/100\n|move|p1b: Charizard|Weather Ball|p2b: Sneasler\n|-damage|p2b: Sneasler|0 fnt\n|faint|p2b: Sneasler\n|move|p2a: Charizard|Air Slash|p1a: Sneasler\n|-supereffective|p1a: Sneasler|1\n|-damage|p1a: Sneasler|0 fnt\n|faint|p1a: Sneasler\n|\n|-weather|SunnyDay|[upkeep]\n|upkeep\n|\n|t:|1776355500\n|switch|p1a: Garchomp|Garchomp, L50, M|21/100\n|turn|8\n|\n|t:|1776355515\n|move|p1a: Garchomp|Rock Slide|p2a: Charizard\n|-supereffective|p2a: Charizard|2\n|-damage|p2a: Charizard|0 fnt\n|faint|p2a: Charizard\n|\n|win|2thyfor\n|n|\u26062thyfor|2thyfor\n|n|\u2606nicholth|nicholth\n|n| do something babe|dosomethingbabe\n|n| testing247|testing247\n|n| Zonkah|zonkah\n|n| cwill4044|cwill4044\n|n| tomcheung22|tomcheung22\n|n| VC824|vc824\n|n| Im_Neutro|imneutro\n|n| tastyfloop|tastyfloop\n",
  "uploadtime": 1776355515,
  "views": 19,
  "formatid": "gen9championsvgc2026regma",
  "rating": null,
  "private": 0,
  "password": null
}