{
  "id": "gen9championsvgc2026regma-2581040481",
  "format": "[Gen 9 Champions] VGC 2026 Reg M-A",
  "players": [
    "IzanFu",
    "Xhucker"
  ],
  "log": "|j|\u2606IzanFu\n|j|\u2606Xhucker\n|t:|1775954264\n|gametype|doubles\n|player|p1|IzanFu|265|1045\n|player|p2|Xhucker|steven|1000\n|gen|9\n|tier|[Gen 9 Champions] VGC 2026 Reg M-A\n|rated|\n|rule|Species Clause: Limit one of each Pok\u00e9mon\n|rule|Item Clause: Limit 1 of each item\n|clearpoke\n|poke|p1|Charizard, L50, M|\n|poke|p1|Feraligatr, L50, F|\n|poke|p1|Dragonite, L50, F|\n|poke|p1|Venusaur, L50, F|\n|poke|p1|Excadrill, L50, F|\n|poke|p1|Gardevoir, L50, F|\n|poke|p2|Golurk, L50|\n|poke|p2|Farigiraf, L50, M|\n|poke|p2|Incineroar, L50, M|\n|poke|p2|Sinistcha, L50|\n|poke|p2|Torkoal, L50, M|\n|poke|p2|Sneasler, L50, F|\n|teampreview|4\n|inactive|Battle timer is ON: inactive players will automatically lose when time's up. (requested by Xhucker)\n|inactive|IzanFu also wants the timer to be on.\nIzanFu has agreed to open team sheets.\n|\n|t:|1775954283\n|teamsize|p1|4\n|teamsize|p2|4\n|start\n|switch|p1a: earthquake go boom|Excadrill, L50, F|100/100\n|switch|p1b: speed spammer|Dragonite, L50, F|100/100\n|switch|p2a: Golurk|Golurk, L50|100/100\n|switch|p2b: Sinistcha|Sinistcha, L50|100/100\n|-ability|p1a: earthquake go boom|Mold Breaker\n|turn|1\n|\n|t:|1775954302\n|detailschange|p2a: Golurk|Golurk-Mega, L50\n|-mega|p2a: Golurk|Golurk|Golurkite\n|move|p2a: Golurk|Protect|p2a: Golurk\n|-singleturn|p2a: Golurk|Protect\n|move|p1a: earthquake go boom|Iron Head|p2b: Sinistcha\n|-damage|p2b: Sinistcha|58/100\n|move|p1b: speed spammer|Air Slash|p2b: Sinistcha\n|-supereffective|p2b: Sinistcha|1\n|-damage|p2b: Sinistcha|0 fnt\n|faint|p2b: Sinistcha\n|\n|upkeep\n|\n|t:|1775954313\n|switch|p2b: Torkoal|Torkoal, L50, M|100/100\n|-weather|SunnyDay|[from] ability: Drought|[of] p2b: Torkoal\n|turn|2\n|\n|t:|1775954324\n|move|p1a: earthquake go boom|Drill Run|p2b: Torkoal\n|-supereffective|p2b: Torkoal|1\n|-damage|p2b: Torkoal|35/100\n|move|p1b: speed spammer|Flamethrower|p2a: Golurk\n|-damage|p2a: Golurk|66/100\n|-status|p2a: Golurk|brn\n|move|p2a: Golurk|Headlong Rush|p1a: earthquake go boom\n|-supereffective|p1a: earthquake go boom|1\n|-enditem|p1a: earthquake go boom|Focus Sash\n|-damage|p1a: earthquake go boom|1/100\n|-unboost|p2a: Golurk|def|1\n|-unboost|p2a: Golurk|spd|1\n|move|p2b: Torkoal|Heat Wave|p1b: speed spammer|[spread] p1a,p1b\n|-supereffective|p1a: earthquake go boom|1\n|-resisted|p1b: speed spammer|1\n|-damage|p1a: earthquake go boom|0 fnt\n|-damage|p1b: speed spammer|70/100\n|faint|p1a: earthquake go boom\n|\n|-weather|SunnyDay|[upkeep]\n|-damage|p2a: Golurk|60/100 brn|[from] brn\n|upkeep\n|\n|t:|1775954345\n|switch|p1a: healer|Venusaur, L50, F|100/100\n|turn|3\n|\n|t:|1775954361\n|move|p2b: Torkoal|Protect|p2b: Torkoal\n|-singleturn|p2b: Torkoal|Protect\n|move|p1a: healer|Giga Drain|p2a: Golurk\n|-supereffective|p2a: Golurk|1\n|-damage|p2a: Golurk|0 fnt\n|faint|p2a: Golurk\n|move|p1b: speed spammer|Air Slash|p2b: Torkoal\n|-activate|p2b: Torkoal|move: Protect\n|\n|-weather|SunnyDay|[upkeep]\n|upkeep\n|\n|t:|1775954366\n|switch|p2a: Farigiraf|Farigiraf, L50, M|100/100\n|turn|4\n|\n|t:|1775954380\n|move|p2a: Farigiraf|Protect|p2a: Farigiraf\n|-singleturn|p2a: Farigiraf|Protect\n|move|p1a: healer|Sleep Powder|p2a: Farigiraf\n|-activate|p2a: Farigiraf|move: Protect\n|move|p1b: speed spammer|Air Slash|p2b: Torkoal\n|-crit|p2b: Torkoal\n|-damage|p2b: Torkoal|0 fnt\n|faint|p2b: Torkoal\n|\n|-weather|SunnyDay|[upkeep]\n|upkeep\n|turn|5\n|\n|t:|1775954395\n|detailschange|p1b: speed spammer|Dragonite-Mega, L50, F\n|-mega|p1b: speed spammer|Dragonite|Dragoninite\n|move|p1a: healer|Sleep Powder|p2a: Farigiraf\n|-status|p2a: Farigiraf|slp|[from] move: Sleep Powder\n|move|p1b: speed spammer|Draco Meteor|p2a: Farigiraf\n|-damage|p2a: Farigiraf|45/100 slp\n|-unboost|p1b: speed spammer|spa|2\n|cant|p2a: Farigiraf|slp\n|\n|-weather|SunnyDay|[upkeep]\n|-heal|p2a: Farigiraf|52/100 slp|[from] item: Leftovers\n|upkeep\n|turn|6\n|-message|Xhucker forfeited.\n|\n|win|IzanFu\n|raw|IzanFu's rating: 1045 &rarr; <strong>1074</strong><br />(+29 for winning)\n|raw|Xhucker's rating: 1000 &rarr; <strong>1000</strong><br />(+0 for losing)\n|l|\u2606Xhucker\n|player|p2|\n",
  "uploadtime": 1775954435,
  "views": 9,
  "formatid": "gen9championsvgc2026regma",
  "rating": 1000,
  "private": 0,
  "password": null
}