{
  "id": "gen9championsvgc2026regma-2584769654",
  "format": "[Gen 9 Champions] VGC 2026 Reg M-A",
  "players": [
    "1#MiraidonHater",
    "blazar421"
  ],
  "log": "|j|\u26061#MiraidonHater\n|j|\u2606blazar421\n|t:|1776282394\n|gametype|doubles\n|player|p1|1#MiraidonHater|2|1313\n|player|p2|blazar421|lucas|1329\n|gen|9\n|tier|[Gen 9 Champions] VGC 2026 Reg M-A\n|rated|\n|rule|Species Clause: Limit one of each Pok\u00e9mon\n|rule|Item Clause: Limit 1 of each item\n|clearpoke\n|poke|p1|Gardevoir, L50, M|\n|poke|p1|Garchomp, L50, F|\n|poke|p1|Aerodactyl, L50, F|\n|poke|p1|Tsareena, L50, F|\n|poke|p1|Incineroar, L50, M|\n|poke|p1|Basculegion, L50, M|\n|poke|p2|Floette-Eternal, L50, F|\n|poke|p2|Incineroar, L50, F|\n|poke|p2|Sinistcha, L50|\n|poke|p2|Rotom-Wash, L50|\n|poke|p2|Garchomp, L50, F|\n|poke|p2|Aerodactyl, L50, M|\n|teampreview|4\n|inactive|Battle timer is ON: inactive players will automatically lose when time's up. (requested by blazar421)\n|\n|t:|1776282447\n|teamsize|p1|4\n|teamsize|p2|4\n|start\n|switch|p1a: Gardevoir|Gardevoir, L50, M|100/100\n|switch|p1b: Incineroar|Incineroar, L50, M|100/100\n|switch|p2a: Garchomp|Garchomp, L50, F|100/100\n|switch|p2b: Aerodactyl|Aerodactyl, L50, M|100/100\n|-ability|p2b: Aerodactyl|Unnerve\n|-ability|p1b: Incineroar|Intimidate|boost\n|-unboost|p2a: Garchomp|atk|1\n|-unboost|p2b: Aerodactyl|atk|1\n|turn|1\n|\n|t:|1776282463\n|detailschange|p1a: Gardevoir|Gardevoir-Mega, L50, M\n|-mega|p1a: Gardevoir|Gardevoir|Gardevoirite\n|move|p1b: Incineroar|Fake Out|p2b: Aerodactyl\n|-resisted|p2b: Aerodactyl|1\n|-damage|p2b: Aerodactyl|92/100\n|cant|p2b: Aerodactyl|flinch\n|move|p2a: Garchomp|Earthquake|p1b: Incineroar|[spread] p1a,p1b\n|-immune|p2b: Aerodactyl\n|-supereffective|p1b: Incineroar|1\n|-damage|p1a: Gardevoir|52/100\n|-damage|p1b: Incineroar|38/100\n|move|p1a: Gardevoir|Hyper Voice|p2a: Garchomp|[spread] p2a,p2b\n|-supereffective|p2a: Garchomp|1\n|-damage|p2a: Garchomp|0 fnt\n|-damage|p2b: Aerodactyl|16/100\n|faint|p2a: Garchomp\n|\n|upkeep\n|\n|t:|1776282469\n|switch|p2a: Floette|Floette-Eternal, L50, F|100/100\n|turn|2\n|inactive|1#MiraidonHater has 30 seconds left.\n|inactive|1#MiraidonHater has 20 seconds left.\n|inactive|1#MiraidonHater has 15 seconds left.\n|\n|t:|1776282512\n|detailschange|p2a: Floette|Floette-Mega, L50, F\n|-mega|p2a: Floette|Floette|Floettite\n|-ability|p2a: Floette|Fairy Aura\n|move|p1a: Gardevoir|Protect|p1a: Gardevoir\n|-singleturn|p1a: Gardevoir|Protect\n|move|p2b: Aerodactyl|Tailwind|p2b: Aerodactyl\n|-sidestart|p2: blazar421|move: Tailwind\n|move|p2a: Floette|Dazzling Gleam|p1a: Gardevoir|[spread] p1b\n|-activate|p1a: Gardevoir|move: Protect\n|-damage|p1b: Incineroar|0 fnt\n|faint|p1b: Incineroar\n|\n|upkeep\n|\n|t:|1776282520\n|switch|p1b: Basculegion|Basculegion, L50, M|100/100\n|turn|3\n|inactive|blazar421 has 30 seconds left.\n|inactive|blazar421 has 20 seconds left.\n|\n|t:|1776282559\n|move|p2b: Aerodactyl|Rock Slide|p1b: Basculegion|[spread] p1a,p1b\n|-damage|p1a: Gardevoir|29/100\n|-damage|p1b: Basculegion|80/100\n|move|p2a: Floette|Dazzling Gleam|p1b: Basculegion|[spread] p1a,p1b\n|-crit|p1a: Gardevoir\n|-damage|p1a: Gardevoir|0 fnt\n|-damage|p1b: Basculegion|25/100\n|faint|p1a: Gardevoir\n|move|p1b: Basculegion|Last Respects|p2a: Floette\n|-damage|p2a: Floette|0 fnt\n|faint|p2a: Floette\n|\n|upkeep\n|inactive|1#MiraidonHater has 30 seconds left.\n|\n|t:|1776282585\n|switch|p1a: Tsareena|Tsareena, L50, F|100/100\n|switch|p2a: Sinistcha|Sinistcha, L50|100/100\n|-heal|p2b: Aerodactyl|41/100|[from] ability: Hospitality|[of] p2a: Sinistcha\n|turn|4\n|\n|t:|1776282595\n|move|p2b: Aerodactyl|Dual Wingbeat|p1a: Tsareena\n|-supereffective|p1a: Tsareena|1\n|-damage|p1a: Tsareena|76/100\n|-supereffective|p1a: Tsareena|1\n|-crit|p1a: Tsareena\n|-damage|p1a: Tsareena|24/100\n|-hitcount|p1a: Tsareena|2\n|move|p1b: Basculegion|Last Respects|p2b: Aerodactyl\n|-damage|p2b: Aerodactyl|0 fnt\n|-enditem|p1a: Tsareena|Sitrus Berry|[eat]\n|-heal|p1a: Tsareena|49/100|[from] item: Sitrus Berry\n|faint|p2b: Aerodactyl\n|move|p2a: Sinistcha|Matcha Gotcha|p1a: Tsareena|[spread] p1a,p1b\n|-resisted|p1a: Tsareena|1\n|-supereffective|p1b: Basculegion|1\n|-damage|p1a: Tsareena|38/100\n|-damage|p1b: Basculegion|0 fnt\n|faint|p1b: Basculegion\n|move|p1a: Tsareena|Triple Axel|p2a: Sinistcha\n|-supereffective|p2a: Sinistcha|1\n|-damage|p2a: Sinistcha|88/100\n|-supereffective|p2a: Sinistcha|1\n|-damage|p2a: Sinistcha|68/100\n|-supereffective|p2a: Sinistcha|1\n|-damage|p2a: Sinistcha|37/100\n|-enditem|p2a: Sinistcha|Sitrus Berry|[eat]\n|-heal|p2a: Sinistcha|62/100|[from] item: Sitrus Berry\n|-hitcount|p2a: Sinistcha|3\n|\n|upkeep\n|turn|5\n|\n|t:|1776282613\n|move|p1a: Tsareena|Protect|p1a: Tsareena\n|-singleturn|p1a: Tsareena|Protect\n|move|p2a: Sinistcha|Matcha Gotcha|p1a: Tsareena\n|-activate|p1a: Tsareena|move: Protect\n|\n|-sideend|p2: blazar421|move: Tailwind\n|upkeep\n|turn|6\n|\n|t:|1776282619\n|move|p1a: Tsareena|Triple Axel|p2a: Sinistcha\n|-supereffective|p2a: Sinistcha|1\n|-damage|p2a: Sinistcha|52/100\n|-supereffective|p2a: Sinistcha|1\n|-damage|p2a: Sinistcha|32/100\n|-supereffective|p2a: Sinistcha|1\n|-damage|p2a: Sinistcha|3/100\n|-hitcount|p2a: Sinistcha|3\n|move|p2a: Sinistcha|Matcha Gotcha|p1a: Tsareena\n|-resisted|p1a: Tsareena|1\n|-damage|p1a: Tsareena|23/100\n|-heal|p2a: Sinistcha|11/100|[from] drain|[of] p1a: Tsareena\n|\n|upkeep\n|turn|7\n|\n|t:|1776282631\n|move|p1a: Tsareena|Trop Kick|p2a: Sinistcha\n|-resisted|p2a: Sinistcha|1\n|-damage|p2a: Sinistcha|0 fnt\n|faint|p2a: Sinistcha\n|\n|win|1#MiraidonHater\n|raw|1#MiraidonHater's rating: 1313 &rarr; <strong>1334</strong><br />(+21 for winning)\n|raw|blazar421's rating: 1329 &rarr; <strong>1308</strong><br />(-21 for losing)\n|l|\u2606blazar421\n|player|p2|\n",
  "uploadtime": 1776282397,
  "views": 37,
  "formatid": "gen9championsvgc2026regma",
  "rating": 1308,
  "private": 0,
  "password": null
}