{
  "id": "gen9championsvgc2026regma-2589421607",
  "format": "[Gen 9 Champions] VGC 2026 Reg M-A",
  "players": [
    "Typespammer",
    "melon storme"
  ],
  "log": "|j|\u2606Typespammer\n|j|\u2606melon storme\n|t:|1776721573\n|gametype|doubles\n|player|p1|Typespammer|1|1359\n|player|p2|melon storme|kieran-festival|1322\n|gen|9\n|tier|[Gen 9 Champions] VGC 2026 Reg M-A\n|rated|\n|rule|Species Clause: Limit one of each Pok\u00e9mon\n|rule|Item Clause: Limit 1 of each item\n|clearpoke\n|poke|p1|Tinkaton, L50, F, shiny|\n|poke|p1|Froslass, L50, F, shiny|\n|poke|p1|Ceruledge, L50, F, shiny|\n|poke|p1|Kingambit, L50, M, shiny|\n|poke|p1|Machamp, L50, F, shiny|\n|poke|p1|Milotic, L50, F, shiny|\n|poke|p2|Scovillain, L50, M|\n|poke|p2|Conkeldurr, L50, M|\n|poke|p2|Aerodactyl, L50, F|\n|poke|p2|Farigiraf, L50, M|\n|poke|p2|Dragapult, L50, F|\n|poke|p2|Kingambit, L50, M|\n|teampreview|4\nmelon storme has agreed to open team sheets.\n|\n|t:|1776721611\n|teamsize|p1|4\n|teamsize|p2|4\n|start\n|switch|p1a: Ceruledge|Ceruledge, L50, F, shiny|100/100\n|switch|p1b: Milotic|Milotic, L50, F, shiny|100/100\n|switch|p2a: Scovillain|Scovillain, L50, M|100/100\n|switch|p2b: Aerodactyl|Aerodactyl, L50, F|100/100\n|-ability|p2b: Aerodactyl|Unnerve\n|turn|1\n|\n|t:|1776721624\n|move|p2a: Scovillain|Protect|p2a: Scovillain\n|-singleturn|p2a: Scovillain|Protect\n|move|p2b: Aerodactyl|Tailwind|p2b: Aerodactyl\n|-sidestart|p2: melon storme|move: Tailwind\n|move|p1a: Ceruledge|Bitter Blade|p2a: Scovillain\n|-activate|p2a: Scovillain|move: Protect\n|move|p1b: Milotic|Icy Wind|p2a: Scovillain|[spread] \n|-activate|p2a: Scovillain|move: Protect\n|-miss|p1b: Milotic|p2b: Aerodactyl\n|\n|-ability|p2a: Scovillain|Moody|boost\n|-boost|p2a: Scovillain|spe|2\n|-unboost|p2a: Scovillain|spd|1\n|upkeep\n|turn|2\n|\n|t:|1776721647\n|move|p2a: Scovillain|Leech Seed|p1b: Milotic\n|-start|p1b: Milotic|move: Leech Seed\n|move|p2b: Aerodactyl|Rock Slide|p1b: Milotic|[spread] p1a\n|-miss|p2b: Aerodactyl|p1b: Milotic\n|-supereffective|p1a: Ceruledge|1\n|-damage|p1a: Ceruledge|32/100\n|cant|p1a: Ceruledge|flinch\n|move|p1b: Milotic|Icy Wind|p2a: Scovillain|[spread] p2a,p2b\n|-supereffective|p2b: Aerodactyl|1\n|-damage|p2a: Scovillain|80/100\n|-damage|p2b: Aerodactyl|71/100\n|-unboost|p2a: Scovillain|spe|1\n|-unboost|p2b: Aerodactyl|spe|1\n|\n|-damage|p1b: Milotic|88/100|[from] Leech Seed|[of] p2a: Scovillain\n|-heal|p2a: Scovillain|98/100|[silent]\n|-ability|p2a: Scovillain|Moody|boost\n|-boost|p2a: Scovillain|spa|2\n|-unboost|p2a: Scovillain|spd|1\n|upkeep\n|turn|3\n|\n|t:|1776721666\n|move|p2a: Scovillain|Protect|p2a: Scovillain\n|-singleturn|p2a: Scovillain|Protect\n|move|p1a: Ceruledge|Protect|p1a: Ceruledge\n|-singleturn|p1a: Ceruledge|Protect\n|move|p2b: Aerodactyl|Rock Slide|p1a: Ceruledge|[spread] p1b\n|-activate|p1a: Ceruledge|move: Protect\n|-damage|p1b: Milotic|66/100\n|cant|p1b: Milotic|flinch\n|\n|-heal|p1b: Milotic|72/100|[from] item: Leftovers\n|-damage|p1b: Milotic|59/100|[from] Leech Seed|[of] p2a: Scovillain\n|-heal|p2a: Scovillain|100/100|[silent]\n|-ability|p2a: Scovillain|Moody|boost\n|-boost|p2a: Scovillain|spe|2\n|-unboost|p2a: Scovillain|atk|1\n|upkeep\n|turn|4\n|\n|t:|1776721690\n|detailschange|p2a: Scovillain|Scovillain-Mega, L50, M\n|-mega|p2a: Scovillain|Scovillain|Scovillainite\n|move|p1a: Ceruledge|Shadow Sneak|p2a: Scovillain\n|-damage|p2a: Scovillain|70/100\n|-immune|p1a: Ceruledge\n|move|p2a: Scovillain|Flamethrower|p1b: Milotic\n|-resisted|p1b: Milotic|1\n|-damage|p1b: Milotic|27/100\n|move|p2b: Aerodactyl|Rock Slide|p1b: Milotic|[spread] p1a,p1b\n|-supereffective|p1a: Ceruledge|1\n|-damage|p1a: Ceruledge|0 fnt\n|-damage|p1b: Milotic|5/100\n|faint|p1a: Ceruledge\n|move|p1b: Milotic|Icy Wind|p2a: Scovillain|[spread] p2a,p2b\n|-supereffective|p2b: Aerodactyl|1\n|-damage|p2a: Scovillain|47/100\n|-damage|p2b: Aerodactyl|39/100\n|-unboost|p2a: Scovillain|spe|1\n|-unboost|p2b: Aerodactyl|spe|1\n|-status|p1b: Milotic|brn|[from] ability: Spicy Spray|[of] p2a: Scovillain\n|\n|-heal|p1b: Milotic|11/100 brn|[from] item: Leftovers\n|-damage|p1b: Milotic|0 fnt|[from] Leech Seed|[of] p2a: Scovillain\n|-heal|p2a: Scovillain|63/100|[silent]\n|faint|p1b: Milotic\n|-sideend|p2: melon storme|move: Tailwind\n|upkeep\n|\n|t:|1776721708\n|switch|p1a: Machamp|Machamp, L50, F, shiny|100/100\n|switch|p1b: Froslass|Froslass, L50, F, shiny|100/100\n|turn|5\n|\n|t:|1776721727\n|switch|p2b: Kingambit|Kingambit, L50, M|100/100\n|detailschange|p1b: Froslass|Froslass-Mega, L50, F, shiny\n|-mega|p1b: Froslass|Froslass|Froslassite\n|-weather|Snowscape|[from] ability: Snow Warning|[of] p1b: Froslass\n|move|p2a: Scovillain|Protect|p2a: Scovillain\n|-singleturn|p2a: Scovillain|Protect\n|move|p1a: Machamp|Wide Guard|p1a: Machamp\n|-singleturn|p1a: Machamp|Wide Guard\n|move|p1b: Froslass|Blizzard|p2a: Scovillain|[spread] p2b\n|-activate|p2a: Scovillain|move: Protect\n|-resisted|p2b: Kingambit|1\n|-damage|p2b: Kingambit|79/100\n|\n|-weather|Snowscape|[upkeep]\n|upkeep\n|turn|6\n|\n|t:|1776721752\n|move|p1b: Froslass|Protect|p1b: Froslass\n|-singleturn|p1b: Froslass|Protect\n|move|p2a: Scovillain|Flamethrower|p1b: Froslass\n|-activate|p1b: Froslass|move: Protect\n|move|p1a: Machamp|Stone Edge|p2a: Scovillain\n|-supereffective|p2a: Scovillain|1\n|-damage|p2a: Scovillain|0 fnt\n|-status|p1a: Machamp|brn|[from] ability: Spicy Spray|[of] p2a: Scovillain\n|faint|p2a: Scovillain\n|move|p2b: Kingambit|Kowtow Cleave|p1b: Froslass\n|-activate|p1b: Froslass|move: Protect\n|\n|-weather|Snowscape|[upkeep]\n|-damage|p1a: Machamp|94/100 brn|[from] brn\n|upkeep\n|\n|t:|1776721760\n|switch|p2a: Aerodactyl|Aerodactyl, L50, F|39/100\n|-ability|p2a: Aerodactyl|Unnerve\n|turn|7\n|\n|t:|1776721770\n|move|p1b: Froslass|Protect||[still]\n|-fail|p1b: Froslass\n|move|p2a: Aerodactyl|Dual Wingbeat|p1a: Machamp\n|-supereffective|p1a: Machamp|1\n|-damage|p1a: Machamp|55/100 brn\n|-supereffective|p1a: Machamp|1\n|-damage|p1a: Machamp|15/100 brn\n|-hitcount|p1a: Machamp|2\n|move|p1a: Machamp|Dynamic Punch|p2b: Kingambit\n|-supereffective|p2b: Kingambit|2\n|-enditem|p2b: Kingambit|Chople Berry|[eat]\n|-enditem|p2b: Kingambit|Chople Berry|[weaken]\n|-damage|p2b: Kingambit|40/100\n|-start|p2b: Kingambit|confusion\n|-activate|p2b: Kingambit|confusion\n|move|p2b: Kingambit|Swords Dance|p2b: Kingambit\n|-boost|p2b: Kingambit|atk|2\n|\n|-weather|Snowscape|[upkeep]\n|-damage|p1a: Machamp|9/100 brn|[from] brn\n|upkeep\n|turn|8\n|\n|t:|1776721792\n|move|p1a: Machamp|Bullet Punch|p2b: Kingambit\n|-resisted|p2b: Kingambit|1\n|-damage|p2b: Kingambit|37/100\n|-end|p2b: Kingambit|confusion\n|move|p2b: Kingambit|Sucker Punch|p1b: Froslass\n|-supereffective|p1b: Froslass|1\n|-damage|p1b: Froslass|0 fnt\n|faint|p1b: Froslass\n|move|p2a: Aerodactyl|Dual Wingbeat|p1a: Machamp\n|-supereffective|p1a: Machamp|1\n|-damage|p1a: Machamp|0 fnt\n|faint|p1a: Machamp\n|-hitcount|p1: Machamp|1\n|\n|win|melon storme\n|raw|Typespammer's rating: 1359 &rarr; <strong>1337</strong><br />(-22 for losing)\n|raw|melon storme's rating: 1322 &rarr; <strong>1344</strong><br />(+22 for winning)\n|c|\u2606melon storme|ggs\n|l|\u2606Typespammer\n|player|p1|\n",
  "uploadtime": 1776721803,
  "views": 6,
  "formatid": "gen9championsvgc2026regma",
  "rating": 1337,
  "private": 0,
  "password": null
}