{
  "id": "gen9championsvgc2026regma-2582049599",
  "format": "[Gen 9 Champions] VGC 2026 Reg M-A",
  "players": [
    "smk1111",
    "jenny ki"
  ],
  "log": "|j|\u2606smk1111\n|j|\u2606jenny ki\n|t:|1776051931\n|gametype|doubles\n|player|p1|smk1111|265|1057\n|player|p2|jenny ki|shauntal|1144\n|gen|9\n|tier|[Gen 9 Champions] VGC 2026 Reg M-A\n|rated|\n|rule|Species Clause: Limit one of each Pok\u00e9mon\n|rule|Item Clause: Limit 1 of each item\n|clearpoke\n|poke|p1|Sylveon, L50, M|\n|poke|p1|Farigiraf, L50, M|\n|poke|p1|Clefable, L50, F|\n|poke|p1|Rotom-Heat, L50|\n|poke|p1|Golurk, L50|\n|poke|p1|Torkoal, L50, M|\n|poke|p2|Chandelure, L50, M|\n|poke|p2|Farigiraf, L50, F|\n|poke|p2|Sneasler, L50, M|\n|poke|p2|Primarina, L50, F|\n|poke|p2|Vivillon-Modern, L50, M|\n|poke|p2|Whimsicott, L50, M|\n|teampreview|4\n|\n|t:|1776051955\n|teamsize|p1|4\n|teamsize|p2|4\n|start\n|switch|p1a: Farigiraf|Farigiraf, L50, M, shiny|100/100\n|switch|p1b: Golurk|Golurk, L50, shiny|100/100\n|switch|p2a: Vivillon|Vivillon-Modern, L50, M|100/100\n|switch|p2b: Chandelure|Chandelure, L50, M|100/100\n|turn|1\n|\n|t:|1776051985\n|detailschange|p2b: Chandelure|Chandelure-Mega, L50, M\n|-mega|p2b: Chandelure|Chandelure|Chandelurite\n|detailschange|p1b: Golurk|Golurk-Mega, L50, shiny\n|-mega|p1b: Golurk|Golurk|Golurkite\n|move|p1b: Golurk|Protect|p1b: Golurk\n|-singleturn|p1b: Golurk|Protect\n|move|p2a: Vivillon|Sleep Powder|p1a: Farigiraf\n|-status|p1a: Farigiraf|slp|[from] move: Sleep Powder\n|move|p2b: Chandelure|Shadow Ball|p1b: Golurk\n|-activate|p1b: Golurk|move: Protect\n|cant|p1a: Farigiraf|slp\n|\n|upkeep\n|turn|2\n|\n|t:|1776052005\n|move|p2a: Vivillon|Sleep Powder|p1b: Golurk\n|-status|p1b: Golurk|slp|[from] move: Sleep Powder\n|move|p2b: Chandelure|Calm Mind|p2b: Chandelure\n|-boost|p2b: Chandelure|spa|1\n|-boost|p2b: Chandelure|spd|1\n|cant|p1b: Golurk|slp\n|cant|p1a: Farigiraf|slp\n|\n|upkeep\n|turn|3\n|\n|t:|1776052018\n|-curestatus|p1b: Golurk|slp|[msg]\n|move|p1b: Golurk|Protect|p1b: Golurk\n|-singleturn|p1b: Golurk|Protect\n|move|p2a: Vivillon|Hurricane|p1a: Farigiraf\n|-damage|p1a: Farigiraf|62/100 slp\n|move|p2b: Chandelure|Heat Wave|p1b: Golurk|[spread] p1a\n|-activate|p1b: Golurk|move: Protect\n|-damage|p1a: Farigiraf|0 fnt\n|faint|p1a: Farigiraf\n|\n|upkeep\n|\n|t:|1776052032\n|switch|p1a: Sylveon|Sylveon, L50, M, shiny|100/100\n|turn|4\n|\n|t:|1776052041\n|move|p2b: Chandelure|Protect|p2b: Chandelure\n|-singleturn|p2b: Chandelure|Protect\n|move|p1a: Sylveon|Protect|p1a: Sylveon\n|-singleturn|p1a: Sylveon|Protect\n|move|p2a: Vivillon|Tailwind|p2a: Vivillon\n|-sidestart|p2: jenny ki|move: Tailwind\n|move|p1b: Golurk|Poltergeist|p2b: Chandelure\n|-activate|p2b: Chandelure|move: Protect\n|\n|upkeep\n|turn|5\n|c|\u2606jenny ki|wait\n|c|\u2606jenny ki|is that a bug\n|c|\u2606jenny ki|doesn't unseen fist go through protect\n|\n|t:|1776052066\n|switch|p1a: Clefable|Clefable, L50, F, shiny|100/100\n|move|p2a: Vivillon|Sleep Powder|p1a: Clefable\n|-status|p1a: Clefable|slp|[from] move: Sleep Powder\n|move|p2b: Chandelure|Shadow Ball|p1b: Golurk\n|-supereffective|p1b: Golurk|1\n|-damage|p1b: Golurk|0 fnt\n|faint|p1b: Golurk\n|\n|upkeep\n|-message|smk1111 forfeited.\n|\n|win|jenny ki\n|raw|smk1111's rating: 1057 &rarr; <strong>1043</strong><br />(-14 for losing)\n|raw|jenny ki's rating: 1144 &rarr; <strong>1163</strong><br />(+19 for winning)\n|l|\u2606smk1111\n|player|p1|\n",
  "uploadtime": 1776052088,
  "views": 9,
  "formatid": "gen9championsvgc2026regma",
  "rating": 1043,
  "private": 0,
  "password": null
}