{
  "id": "gen9championsvgc2026regma-2584554873",
  "format": "[Gen 9 Champions] VGC 2026 Reg M-A",
  "players": [
    "Taradikiev",
    "lerdihnuhrong"
  ],
  "log": "|j|\u2606Taradikiev\n|j|\u2606lerdihnuhrong\n|t:|1776268438\n|gametype|doubles\n|player|p1|Taradikiev|169|1000\n|player|p2|lerdihnuhrong|2|1040\n|gen|9\n|tier|[Gen 9 Champions] VGC 2026 Reg M-A\n|rated|\n|rule|Species Clause: Limit one of each Pok\u00e9mon\n|rule|Item Clause: Limit 1 of each item\n|clearpoke\n|poke|p1|Crabominable, L50, M|\n|poke|p1|Sinistcha, L50|\n|poke|p1|Gallade, L50, M|\n|poke|p1|Pelipper, L50, M|\n|poke|p1|Basculegion, L50, M|\n|poke|p1|Araquanid, L50, F|\n|poke|p2|Charizard, L50, F|\n|poke|p2|Scovillain, L50, M|\n|poke|p2|Araquanid, L50, M|\n|poke|p2|Krookodile, L50, M|\n|poke|p2|Rotom-Wash, L50|\n|poke|p2|Sneasler, L50, F|\n|teampreview|4\n|inactive|Battle timer is ON: inactive players will automatically lose when time's up. (requested by lerdihnuhrong)\nlerdihnuhrong has agreed to open team sheets.\n|inactive|Taradikiev has 60 seconds left.\n|\n|t:|1776268471\n|teamsize|p1|4\n|teamsize|p2|4\n|start\n|switch|p1a: Sinistcha|Sinistcha, L50|100/100\n|switch|p1b: Pelipper|Pelipper, L50, M|100/100\n|switch|p2a: Krookodile|Krookodile, L50, M|100/100\n|switch|p2b: Rotom|Rotom-Wash, L50|100/100\n|-ability|p2a: Krookodile|Intimidate|boost\n|-unboost|p1a: Sinistcha|atk|1\n|-unboost|p1b: Pelipper|atk|1\n|-weather|RainDance|[from] ability: Drizzle|[of] p1b: Pelipper\n|turn|1\n|inactive|Taradikiev has 30 seconds left.\n|\n|t:|1776268498\n|move|p1a: Sinistcha|Protect|p1a: Sinistcha\n|-singleturn|p1a: Sinistcha|Protect\n|move|p2a: Krookodile|Knock Off|p1a: Sinistcha\n|-activate|p1a: Sinistcha|move: Protect\n|move|p2b: Rotom|Volt Switch|p1b: Pelipper\n|-supereffective|p1b: Pelipper|2\n|-damage|p1b: Pelipper|0 fnt\n|faint|p1b: Pelipper\n|\n|t:|1776268506\n|switch|p2b: Charizard|Charizard, L50, F|100/100|[from] Volt Switch\n|\n|-weather|RainDance|[upkeep]\n|upkeep\n|\n|t:|1776268513\n|switch|p1b: Gallade|Gallade, L50, M|100/100\n|turn|2\n|\n|t:|1776268522\n|detailschange|p2b: Charizard|Charizard-Mega-Y, L50, F\n|-mega|p2b: Charizard|Charizard|Charizardite Y\n|-weather|SunnyDay|[from] ability: Drought|[of] p2b: Charizard\n|move|p2a: Krookodile|Knock Off|p1a: Sinistcha\n|-supereffective|p1a: Sinistcha|1\n|-damage|p1a: Sinistcha|9/100\n|-enditem|p1a: Sinistcha|Occa Berry|[from] move: Knock Off|[of] p2a: Krookodile\n|move|p2b: Charizard|Weather Ball|p1b: Gallade\n|-damage|p1b: Gallade|24/100\n|move|p1b: Gallade|Sacred Sword|p2a: Krookodile\n|-supereffective|p2a: Krookodile|1\n|-damage|p2a: Krookodile|0 fnt\n|faint|p2a: Krookodile\n|move|p1a: Sinistcha|Trick Room|p1a: Sinistcha\n|-fieldstart|move: Trick Room|[of] p1a: Sinistcha\n|\n|-weather|SunnyDay|[upkeep]\n|upkeep\n|\n|t:|1776268535\n|switch|p2a: Rotom|Rotom-Wash, L50|100/100\n|turn|3\n|\n|t:|1776268547\n|move|p2b: Charizard|Protect|p2b: Charizard\n|-singleturn|p2b: Charizard|Protect\n|move|p1a: Sinistcha|Matcha Gotcha|p2a: Rotom|[spread] p2a\n|-activate|p2b: Charizard|move: Protect\n|-supereffective|p2a: Rotom|1\n|-crit|p2a: Rotom\n|-enditem|p2a: Rotom|Rindo Berry|[eat]\n|-enditem|p2a: Rotom|Rindo Berry|[weaken]\n|-damage|p2a: Rotom|53/100\n|-heal|p1a: Sinistcha|26/100|[from] drain|[of] p2a: Rotom\n|move|p1b: Gallade|Sacred Sword|p2a: Rotom\n|-damage|p2a: Rotom|0 fnt\n|faint|p2a: Rotom\n|\n|-weather|SunnyDay|[upkeep]\n|upkeep\n|\n|t:|1776268555\n|switch|p2a: Araquanid|Araquanid, L50, M|100/100\n|turn|4\n|\n|t:|1776268572\n|move|p1a: Sinistcha|Rage Powder|p1a: Sinistcha\n|-singleturn|p1a: Sinistcha|move: Rage Powder\n|move|p2a: Araquanid|Lunge|p1a: Sinistcha\n|-damage|p1a: Sinistcha|0 fnt\n|faint|p1a: Sinistcha\n|move|p1b: Gallade|Shadow Claw|p2a: Araquanid\n|-damage|p2a: Araquanid|58/100\n|move|p2b: Charizard|Heat Wave|p1b: Gallade\n|-damage|p1b: Gallade|0 fnt\n|faint|p1b: Gallade\n|\n|-weather|SunnyDay|[upkeep]\n|upkeep\n|\n|t:|1776268583\n|switch|p1a: Crabominable|Crabominable, L50, M|100/100\n|turn|5\n|inactive|lerdihnuhrong has 30 seconds left.\n|\n|t:|1776268620\n|detailschange|p1a: Crabominable|Crabominable-Mega, L50, M\n|-mega|p1a: Crabominable|Crabominable|Crabominite\n|move|p2b: Charizard|Protect|p2b: Charizard\n|-singleturn|p2b: Charizard|Protect\n|move|p1a: Crabominable|Ice Hammer|p2b: Charizard\n|-activate|p2b: Charizard|move: Protect\n|move|p2a: Araquanid|Waterfall|p1a: Crabominable\n|-damage|p1a: Crabominable|76/100\n|\n|-weather|SunnyDay|[upkeep]\n|upkeep\n|turn|6\n|\n|t:|1776268629\n|move|p1a: Crabominable|Ice Hammer|p2b: Charizard\n|-damage|p2b: Charizard|0 fnt\n|-unboost|p1a: Crabominable|spe|1\n|faint|p2b: Charizard\n|move|p2a: Araquanid|Waterfall|p1a: Crabominable\n|-damage|p1a: Crabominable|49/100\n|\n|-weather|none\n|-fieldend|move: Trick Room\n|upkeep\n|turn|7\n|\n|t:|1776268643\n|move|p2a: Araquanid|Waterfall|p1a: Crabominable\n|-damage|p1a: Crabominable|0 fnt\n|faint|p1a: Crabominable\n|\n|win|lerdihnuhrong\n|raw|Taradikiev's rating: 1000 &rarr; <strong>1000</strong><br />(+0 for losing)\n|raw|lerdihnuhrong's rating: 1040 &rarr; <strong>1070</strong><br />(+30 for winning)\n|l|\u2606Taradikiev\n|player|p1|\n",
  "uploadtime": 1776268653,
  "views": 23,
  "formatid": "gen9championsvgc2026regma",
  "rating": 1000,
  "private": 0,
  "password": null
}