{
  "id": "gen9championsvgc2026regma-2583093506",
  "format": "[Gen 9 Champions] VGC 2026 Reg M-A",
  "players": [
    "WisiML",
    "citricsage"
  ],
  "log": "|j|\u2606WisiML\n|j|\u2606citricsage\n|t:|1776141218\n|gametype|doubles\n|player|p1|WisiML|102|1210\n|player|p2|citricsage|rika|1190\n|gen|9\n|tier|[Gen 9 Champions] VGC 2026 Reg M-A\n|rated|\n|rule|Species Clause: Limit one of each Pok\u00e9mon\n|rule|Item Clause: Limit 1 of each item\n|clearpoke\n|poke|p1|Charizard, L50, F|\n|poke|p1|Maushold-Four, L50|\n|poke|p1|Sneasler, L50, M|\n|poke|p1|Dragapult, L50, F|\n|poke|p1|Kingambit, L50, F|\n|poke|p1|Garchomp, L50, F|\n|poke|p2|Victreebel, L50, F|\n|poke|p2|Milotic, L50, M|\n|poke|p2|Tyranitar, L50, F|\n|poke|p2|Garchomp, L50, M|\n|poke|p2|Talonflame, L50, M|\n|poke|p2|Aegislash, L50, F|\n|teampreview|4\n|\n|t:|1776141258\n|teamsize|p1|4\n|teamsize|p2|4\n|start\n|switch|p1a: Sneasler|Sneasler, L50, M|100/100\n|switch|p1b: Garchomp|Garchomp, L50, F, shiny|100/100\n|switch|p2a: Octobomb|Victreebel, L50, F|100/100\n|switch|p2b: Hisame|Milotic, L50, M|100/100\n|turn|1\n|\n|t:|1776141279\n|detailschange|p2a: Octobomb|Victreebel-Mega, L50, F\n|-mega|p2a: Octobomb|Victreebel|Victreebelite\n|move|p1b: Garchomp|Dragon Claw|p2b: Hisame\n|-damage|p2b: Hisame|48/100\n|move|p1a: Sneasler|Dire Claw|p2a: Octobomb\n|-damage|p2a: Octobomb|55/100\n|move|p2b: Hisame|Icy Wind|p1b: Garchomp|[spread] p1a,p1b\n|-supereffective|p1b: Garchomp|2\n|-damage|p1a: Sneasler|83/100\n|-damage|p1b: Garchomp|45/100\n|-unboost|p1a: Sneasler|spe|1\n|-unboost|p1b: Garchomp|spe|1\n|move|p2a: Octobomb|Stun Spore|p1b: Garchomp\n|-status|p1b: Garchomp|par\n|\n|-heal|p2b: Hisame|54/100|[from] item: Leftovers\n|upkeep\n|turn|2\n|\n|t:|1776141311\n|switch|p1b: Maushold|Maushold-Four, L50|100/100\n|move|p2b: Hisame|Icy Wind|p1a: Sneasler|[spread] p1a,p1b\n|-crit|p1a: Sneasler\n|-damage|p1a: Sneasler|65/100\n|-damage|p1b: Maushold|85/100\n|-unboost|p1a: Sneasler|spe|1\n|-unboost|p1b: Maushold|spe|1\n|move|p2a: Octobomb|Stun Spore|p1a: Sneasler\n|-status|p1a: Sneasler|par\n|move|p1a: Sneasler|Dire Claw|p2a: Octobomb\n|-damage|p2a: Octobomb|10/100\n|\n|-heal|p2b: Hisame|60/100|[from] item: Leftovers\n|upkeep\n|turn|3\n|\n|t:|1776141338\n|switch|p2b: Alexandra|Aegislash, L50, F|100/100\n|switch|p1a: Charizard|Charizard, L50, F, shiny|100/100\n|move|p1b: Maushold|Follow Me|p1b: Maushold\n|-singleturn|p1b: Maushold|move: Follow Me\n|move|p2a: Octobomb|Strength Sap|p1b: Maushold\n|-unboost|p1b: Maushold|atk|1\n|-heal|p2a: Octobomb|61/100\n|\n|upkeep\n|turn|4\n|\n|t:|1776141356\n|detailschange|p1a: Charizard|Charizard-Mega-Y, L50, F, shiny\n|-mega|p1a: Charizard|Charizard|Charizardite Y\n|-weather|SunnyDay|[from] ability: Drought|[of] p1a: Charizard\n|move|p2b: Alexandra|King's Shield|p2b: Alexandra\n|-singleturn|p2b: Alexandra|Protect\n|move|p1b: Maushold|Follow Me|p1b: Maushold\n|-singleturn|p1b: Maushold|move: Follow Me\n|move|p1a: Charizard|Heat Wave|p2b: Alexandra|[spread] \n|-activate|p2b: Alexandra|move: Protect\n|-miss|p1a: Charizard|p2a: Octobomb\n|move|p2a: Octobomb|Stun Spore|p1b: Maushold\n|-status|p1b: Maushold|par\n|\n|-weather|SunnyDay|[upkeep]\n|upkeep\n|turn|5\n|\n|t:|1776141379\n|switch|p2b: Hisame|Milotic, L50, M|60/100\n|move|p1b: Maushold|Protect|p1b: Maushold\n|-singleturn|p1b: Maushold|Protect\n|move|p1a: Charizard|Heat Wave|p2a: Octobomb|[spread] p2a,p2b\n|-supereffective|p2a: Octobomb|1\n|-resisted|p2b: Hisame|1\n|-damage|p2a: Octobomb|0 fnt\n|-damage|p2b: Hisame|35/100\n|-damage|p1a: Charizard|39/100|[from] ability: Innards Out|[of] p2a: Octobomb\n|faint|p2a: Octobomb\n|\n|-weather|SunnyDay|[upkeep]\n|-heal|p2b: Hisame|41/100|[from] item: Leftovers\n|upkeep\n|\n|t:|1776141383\n|switch|p2a: Desscaras|Garchomp, L50, M|100/100\n|turn|6\n|\n|t:|1776141391\n|move|p1b: Maushold|Follow Me|p1b: Maushold\n|-singleturn|p1b: Maushold|move: Follow Me\n|move|p2a: Desscaras|Rock Slide|p1a: Charizard|[spread] p1a,p1b\n|-supereffective|p1a: Charizard|2\n|-damage|p1a: Charizard|0 fnt\n|-damage|p1b: Maushold|59/100 par\n|faint|p1a: Charizard\n|move|p2b: Hisame|Muddy Water|p1b: Maushold|[miss]\n|-miss|p2b: Hisame|p1b: Maushold\n|\n|-weather|SunnyDay|[upkeep]\n|-heal|p2b: Hisame|47/100|[from] item: Leftovers\n|upkeep\n|\n|t:|1776141408\n|switch|p1a: Garchomp|Garchomp, L50, F, shiny|45/100 par\n|turn|7\n|\n|t:|1776141415\n|cant|p1b: Maushold|par\n|move|p2a: Desscaras|Stomping Tantrum|p1a: Garchomp\n|-damage|p1a: Garchomp|13/100 par\n|-damage|p2a: Desscaras|88/100|[from] ability: Rough Skin|[of] p1a: Garchomp\n|move|p2b: Hisame|Icy Wind|p1a: Garchomp|[spread] p1a,p1b\n|-supereffective|p1a: Garchomp|2\n|-damage|p1a: Garchomp|0 fnt\n|-damage|p1b: Maushold|44/100 par\n|-unboost|p1b: Maushold|spe|1\n|faint|p1a: Garchomp\n|\n|-weather|SunnyDay|[upkeep]\n|-heal|p2b: Hisame|54/100|[from] item: Leftovers\n|upkeep\n|\n|t:|1776141429\n|switch|p1a: Sneasler|Sneasler, L50, M|65/100 par\n|turn|8\n|\n|t:|1776141437\n|move|p1b: Maushold|Follow Me|p1b: Maushold\n|-singleturn|p1b: Maushold|move: Follow Me\n|move|p2a: Desscaras|Earthquake|p1a: Sneasler|[spread] p2b,p1a,p1b\n|-supereffective|p1a: Sneasler|1\n|-damage|p2b: Hisame|0 fnt\n|-damage|p1a: Sneasler|0 fnt\n|-damage|p1b: Maushold|0 fnt\n|faint|p2b: Hisame\n|faint|p1a: Sneasler\n|faint|p1b: Maushold\n|\n|win|citricsage\n|raw|WisiML's rating: 1210 &rarr; <strong>1184</strong><br />(-26 for losing)\n|raw|citricsage's rating: 1190 &rarr; <strong>1216</strong><br />(+26 for winning)\n",
  "uploadtime": 1776141447,
  "views": 16,
  "formatid": "gen9championsvgc2026regma",
  "rating": 1184,
  "private": 0,
  "password": null
}