{
  "id": "gen9championsvgc2026regma-2583677783",
  "format": "[Gen 9 Champions] VGC 2026 Reg M-A",
  "players": [
    "eduardc11",
    "outofthebox215"
  ],
  "log": "|j|\u2606eduardc11\n|j|\u2606outofthebox215\n|t:|1776190471\n|gametype|doubles\n|player|p1|eduardc11|266|1000\n|player|p2|outofthebox215|102|1047\n|gen|9\n|tier|[Gen 9 Champions] VGC 2026 Reg M-A\n|rated|\n|rule|Species Clause: Limit one of each Pok\u00e9mon\n|rule|Item Clause: Limit 1 of each item\n|clearpoke\n|poke|p1|Dragonite, L50, F|\n|poke|p1|Pelipper, L50, F|\n|poke|p1|Kingambit, L50, M|\n|poke|p1|Sneasler, L50, F|\n|poke|p1|Sinistcha, L50|\n|poke|p1|Rotom-Wash, L50|\n|poke|p2|Drampa, L50, F|\n|poke|p2|Alakazam, L50, M|\n|poke|p2|Basculegion, L50, M|\n|poke|p2|Sinistcha, L50|\n|poke|p2|Skarmory, L50, F|\n|poke|p2|Incineroar, L50, M|\n|teampreview|4\n|inactive|Battle timer is ON: inactive players will automatically lose when time's up. (requested by eduardc11)\neduardc11 rejected open team sheets.\n|inactive|outofthebox215 has 60 seconds left.\n|inactive|outofthebox215 has 30 seconds left.\n|inactive|outofthebox215 has 20 seconds left.\n|inactive|outofthebox215 has 15 seconds left.\n|inactive|outofthebox215 has 10 seconds left.\n|\n|t:|1776190568\n|teamsize|p1|4\n|teamsize|p2|4\n|start\n|switch|p1a: Kingambit|Kingambit, L50, M|100/100\n|switch|p1b: Sneasler|Sneasler, L50, F|100/100\n|switch|p2a: Drampa|Drampa, L50, F, shiny|100/100\n|switch|p2b: Alakazam|Alakazam, L50, M, shiny|100/100\n|-ability|p2a: Drampa|Cloud Nine\n|turn|1\n|inactive|eduardc11 has 30 seconds left.\n|inactive|outofthebox215 has 30 seconds left.\n|\n|t:|1776190596\n|move|p2a: Drampa|Protect|p2a: Drampa\n|-singleturn|p2a: Drampa|Protect\n|move|p1b: Sneasler|Fake Out|p2a: Drampa\n|-activate|p2a: Drampa|move: Protect\n|move|p1a: Kingambit|Sucker Punch||[still]\n|-fail|p1a: Kingambit\n|move|p2b: Alakazam|Reflect|p2b: Alakazam\n|-sidestart|p2: outofthebox215|Reflect\n|\n|upkeep\n|turn|2\n|inactive|outofthebox215 has 30 seconds left.\n|\n|t:|1776190630\n|detailschange|p2a: Drampa|Drampa-Mega, L50, F, shiny\n|-mega|p2a: Drampa|Drampa|Drampanite\n|move|p2b: Alakazam|Speed Swap|p2a: Drampa\n|-activate|p2b: Alakazam|move: Speed Swap|[of] p2a: Drampa\n|move|p2a: Drampa|Calm Mind|p2a: Drampa\n|-boost|p2a: Drampa|spa|1\n|-boost|p2a: Drampa|spd|1\n|move|p1b: Sneasler|Coaching|p1a: Kingambit\n|-boost|p1a: Kingambit|atk|1\n|-boost|p1a: Kingambit|def|1\n|move|p1a: Kingambit|Kowtow Cleave|p2b: Alakazam\n|-supereffective|p2b: Alakazam|1\n|-enditem|p2b: Alakazam|Focus Sash\n|-damage|p2b: Alakazam|1/100\n|\n|upkeep\n|turn|3\n|inactive|outofthebox215 has 30 seconds left.\n|\n|t:|1776190655\n|move|p1a: Kingambit|Sucker Punch|p2b: Alakazam\n|-supereffective|p2b: Alakazam|1\n|-damage|p2b: Alakazam|0 fnt\n|faint|p2b: Alakazam\n|move|p2a: Drampa|Earth Power|p1a: Kingambit\n|-supereffective|p1a: Kingambit|1\n|-damage|p1a: Kingambit|0 fnt\n|faint|p1a: Kingambit\n|move|p1b: Sneasler|Dire Claw|p2a: Drampa\n|-damage|p2a: Drampa|73/100\n|-status|p2a: Drampa|psn\n|\n|-damage|p2a: Drampa|60/100 psn|[from] psn\n|upkeep\n|\n|t:|1776190679\n|switch|p2b: Basculegion|Basculegion, L50, M, shiny|100/100\n|switch|p1a: Dragonite|Dragonite, L50, F|100/100\n|turn|4\n|\n|t:|1776190688\n|detailschange|p1a: Dragonite|Dragonite-Mega, L50, F\n|-mega|p1a: Dragonite|Dragonite|Dragoninite\n|move|p2b: Basculegion|Flip Turn|p1b: Sneasler\n|-damage|p1b: Sneasler|50/100\n|\n|t:|1776190692\n|switch|p2b: Incineroar|Incineroar, L50, M, shiny|100/100|[from] Flip Turn\n|-ability|p2b: Incineroar|Intimidate|boost\n|-unboost|p1a: Dragonite|atk|1\n|-unboost|p1b: Sneasler|atk|1\n|-enditem|p1b: Sneasler|White Herb\n|-clearnegativeboost|p1b: Sneasler|[silent]\n|move|p1b: Sneasler|Dire Claw|p2b: Incineroar\n|-damage|p2b: Incineroar|70/100\n|-status|p2b: Incineroar|par\n|move|p2a: Drampa|Hyper Voice|p1b: Sneasler|[spread] p1a,p1b\n|-damage|p1a: Dragonite|71/100\n|-damage|p1b: Sneasler|0 fnt\n|faint|p1b: Sneasler\n|move|p1a: Dragonite|Dragon Pulse|p2a: Drampa\n|-supereffective|p2a: Drampa|1\n|-damage|p2a: Drampa|0 fnt\n|faint|p2a: Drampa\n|\n|upkeep\n|\n|t:|1776190712\n|switch|p1b: Rotom|Rotom-Wash, L50|100/100\n|switch|p2a: Basculegion|Basculegion, L50, M, shiny|100/100\n|turn|5\n|inactive|outofthebox215 has 30 seconds left.\n|inactive|outofthebox215 has 20 seconds left.\n|\n|t:|1776190747\n|move|p2b: Incineroar|Fake Out|p1b: Rotom\n|-damage|p1b: Rotom|85/100\n|move|p2a: Basculegion|Last Respects|p1a: Dragonite\n|-damage|p1a: Dragonite|0 fnt\n|faint|p1a: Dragonite\n|cant|p1b: Rotom|flinch\n|\n|-sideend|p2: outofthebox215|Reflect\n|upkeep\n|turn|6\n|\n|t:|1776190760\n|move|p2a: Basculegion|Last Respects|p1b: Rotom\n|-damage|p1b: Rotom|0 fnt\n|faint|p1b: Rotom\n|\n|win|outofthebox215\n|raw|eduardc11's rating: 1000 &rarr; <strong>1000</strong><br />(+0 for losing)\n|raw|outofthebox215's rating: 1047 &rarr; <strong>1076</strong><br />(+29 for winning)\n|l|\u2606eduardc11\n|player|p1|\n",
  "uploadtime": 1776190767,
  "views": 27,
  "formatid": "gen9championsvgc2026regma",
  "rating": 1000,
  "private": 0,
  "password": null
}