{
  "id": "gen9championsvgc2026regma-2586357949",
  "format": "[Gen 9 Champions] VGC 2026 Reg M-A",
  "players": [
    "Mr.Nidoom",
    "Kyooby"
  ],
  "log": "|j|\u2606Mr.Nidoom\n|j|\u2606Kyooby\n|t:|1776428489\n|gametype|doubles\n|player|p1|Mr.Nidoom|backpacker|1024\n|player|p2|Kyooby|volkner|1106\n|gen|9\n|tier|[Gen 9 Champions] VGC 2026 Reg M-A\n|rated|\n|rule|Species Clause: Limit one of each Pok\u00e9mon\n|rule|Item Clause: Limit 1 of each item\n|clearpoke\n|poke|p1|Crabominable, L50, M|\n|poke|p1|Kingambit, L50, M|\n|poke|p1|Slowking-Galar, L50, F|\n|poke|p1|Ninetales-Alola, L50, F|\n|poke|p1|Palafin, L50, M|\n|poke|p1|Rotom-Heat, L50|\n|poke|p2|Maushold-Four, L50|\n|poke|p2|Gardevoir, L50, M|\n|poke|p2|Espathra, L50, M|\n|poke|p2|Kommo-o, L50, M|\n|poke|p2|Gyarados, L50, M|\n|poke|p2|Heliolisk, L50, M|\n|teampreview|4\n|inactive|Battle timer is ON: inactive players will automatically lose when time's up. (requested by Kyooby)\n|inactive|Mr.Nidoom has 60 seconds left.\n|inactive|Kyooby has 60 seconds left.\n|\n|t:|1776428538\n|teamsize|p1|4\n|teamsize|p2|4\n|start\n|switch|p1a: Ninetales|Ninetales-Alola, L50, F, shiny|100/100\n|switch|p1b: Palafin|Palafin, L50, M, shiny|100/100\n|switch|p2a: Espathra|Espathra, L50, M|100/100\n|switch|p2b: Gyarados|Gyarados, L50, M|100/100\n|-weather|Snowscape|[from] ability: Snow Warning|[of] p1a: Ninetales\n|-ability|p2b: Gyarados|Intimidate|boost\n|-unboost|p1a: Ninetales|atk|1\n|-unboost|p1b: Palafin|atk|1\n|turn|1\n|inactive|Kyooby has 30 seconds left.\n|\n|t:|1776428564\n|move|p1a: Ninetales|Blizzard|p2b: Gyarados|[spread] p2a,p2b\n|-damage|p2a: Espathra|61/100\n|-damage|p2b: Gyarados|67/100\n|move|p2a: Espathra|Lumina Crash|p1a: Ninetales\n|-damage|p1a: Ninetales|62/100\n|-unboost|p1a: Ninetales|spd|2\n|move|p2b: Gyarados|Dragon Dance|p2b: Gyarados\n|-boost|p2b: Gyarados|atk|1\n|-boost|p2b: Gyarados|spe|1\n|move|p1b: Palafin|Flip Turn|p2a: Espathra\n|-damage|p2a: Espathra|39/100\n|\n|t:|1776428582\n|detailschange|p1b: Palafin|Palafin-Hero, L50, M, shiny\n|switch|p1b: Slowking|Slowking-Galar, L50, F|100/100|[from] Flip Turn\n|-clearboost|p1a: Ninetales|[from] ability: Curious Medicine|[of] p1b: Slowking\n|\n|-weather|Snowscape|[upkeep]\n|-ability|p2a: Espathra|Speed Boost|boost\n|-boost|p2a: Espathra|spe|1\n|upkeep\n|turn|2\n|\n|t:|1776428600\n|detailschange|p2b: Gyarados|Gyarados-Mega, L50, M\n|-mega|p2b: Gyarados|Gyarados|Gyaradosite\n|-ability|p2b: Gyarados|Mold Breaker\n|move|p2a: Espathra|Lumina Crash|p1b: Slowking\n|-damage|p1b: Slowking|73/100\n|-unboost|p1b: Slowking|spd|2\n|move|p2b: Gyarados|Crunch|p1b: Slowking\n|-supereffective|p1b: Slowking|1\n|-enditem|p1b: Slowking|Colbur Berry|[eat]\n|-enditem|p1b: Slowking|Colbur Berry|[weaken]\n|-damage|p1b: Slowking|4/100\n|move|p1a: Ninetales|Aurora Veil|p1a: Ninetales\n|-sidestart|p1: Mr.Nidoom|move: Aurora Veil\n|move|p1b: Slowking|Trick Room|p1b: Slowking\n|-fieldstart|move: Trick Room|[of] p1b: Slowking\n|\n|-weather|Snowscape|[upkeep]\n|-ability|p2a: Espathra|Speed Boost|boost\n|-boost|p2a: Espathra|spe|1\n|upkeep\n|turn|3\n|inactive|Kyooby has 30 seconds left.\n|\n|t:|1776428630\n|switch|p2b: Maushold|Maushold-Four, L50|100/100\n|move|p1b: Slowking|Psychic Noise|p2a: Espathra\n|-resisted|p2a: Espathra|1\n|-damage|p2a: Espathra|21/100\n|-start|p2a: Espathra|move: Heal Block\n|move|p1a: Ninetales|Moonblast|p2b: Maushold\n|-damage|p2b: Maushold|59/100\n|move|p2a: Espathra|Rain Dance|p2a: Espathra\n|-weather|RainDance\n|\n|-weather|RainDance|[upkeep]\n|-ability|p2a: Espathra|Speed Boost|boost\n|-boost|p2a: Espathra|spe|1\n|upkeep\n|turn|4\n|\n|t:|1776428649\n|switch|p1a: Palafin|Palafin-Hero, L50, M, shiny|100/100\n|-activate|p1a: Palafin|ability: Zero to Hero\n|move|p2b: Maushold|Protect|p2b: Maushold\n|-singleturn|p2b: Maushold|Protect\n|move|p2a: Espathra|Protect|p2a: Espathra\n|-singleturn|p2a: Espathra|Protect\n|-prepare|p1b: Slowking|Chilly Reception|[premajor]\n|move|p1b: Slowking|Chilly Reception|p1b: Slowking\n|-weather|Snowscape\n|\n|t:|1776428662\n|switch|p1b: Vandal33|Crabominable, L50, M|100/100|[from] Chilly Reception\n|\n|-weather|Snowscape|[upkeep]\n|-end|p2a: Espathra|move: Heal Block\n|-ability|p2a: Espathra|Speed Boost|boost\n|-boost|p2a: Espathra|spe|1\n|upkeep\n|turn|5\n|\n|t:|1776428677\n|switch|p2b: Kommo-o|Kommo-o, L50, M|100/100\n|switch|p2a: Gyarados|Gyarados-Mega, L50, M|67/100\n|-ability|p2a: Gyarados|Mold Breaker\n|detailschange|p1b: Vandal33|Crabominable-Mega, L50, M\n|-mega|p1b: Vandal33|Crabominable|Crabominite\n|move|p1b: Vandal33|Rock Slide|p2a: Gyarados|[spread] p2b\n|-miss|p1b: Vandal33|p2a: Gyarados\n|-resisted|p2b: Kommo-o|1\n|-damage|p2b: Kommo-o|90/100\n|move|p1a: Palafin|Close Combat|p2b: Kommo-o\n|-damage|p2b: Kommo-o|43/100\n|-unboost|p1a: Palafin|def|1\n|-unboost|p1a: Palafin|spd|1\n|\n|-weather|Snowscape|[upkeep]\n|-heal|p2b: Kommo-o|49/100|[from] item: Leftovers\n|upkeep\n|turn|6\n|inactive|Mr.Nidoom has 30 seconds left.\n|inactive|Kyooby has 30 seconds left.\n|\n|t:|1776428707\n|switch|p2b: Maushold|Maushold-Four, L50|59/100\n|move|p2a: Gyarados|Protect|p2a: Gyarados\n|-singleturn|p2a: Gyarados|Protect\n|move|p1b: Vandal33|Ice Hammer|p2a: Gyarados\n|-activate|p2a: Gyarados|move: Protect\n|move|p1a: Palafin|Wave Crash|p2b: Maushold\n|-damage|p2b: Maushold|0 fnt\n|faint|p2b: Maushold\n|-damage|p1a: Palafin|82/100|[from] Recoil\n|\n|-weather|Snowscape|[upkeep]\n|-sideend|p1: Mr.Nidoom|move: Aurora Veil\n|-fieldend|move: Trick Room\n|upkeep\n|\n|t:|1776428726\n|switch|p2b: Espathra|Espathra, L50, M|21/100\n|turn|7\n|\n|t:|1776428734\n|switch|p2a: Kommo-o|Kommo-o, L50, M|49/100\n|move|p1a: Palafin|Jet Punch|p2b: Espathra\n|-damage|p2b: Espathra|0 fnt\n|faint|p2b: Espathra\n|move|p1b: Vandal33|Ice Hammer|p2a: Kommo-o\n|-supereffective|p2a: Kommo-o|1\n|-damage|p2a: Kommo-o|0 fnt\n|-unboost|p1b: Vandal33|spe|1\n|faint|p2a: Kommo-o\n|\n|-weather|Snowscape|[upkeep]\n|upkeep\n|-message|Kyooby forfeited.\n|\n|win|Mr.Nidoom\n|raw|Mr.Nidoom's rating: 1024 &rarr; <strong>1069</strong><br />(+45 for winning)\n|raw|Kyooby's rating: 1106 &rarr; <strong>1075</strong><br />(-31 for losing)\n",
  "uploadtime": 1776428742,
  "views": 29,
  "formatid": "gen9championsvgc2026regma",
  "rating": 1069,
  "private": 0,
  "password": null
}