{
  "id": "gen9championsvgc2026regma-2587819719",
  "format": "[Gen 9 Champions] VGC 2026 Reg M-A",
  "players": [
    "magato123",
    "Kylow901"
  ],
  "log": "|j|\u2606magato123\n|j|\u2606Kylow901\n|t:|1776567279\n|gametype|doubles\n|player|p1|magato123|turo-ai|1040\n|player|p2|Kylow901|wallace|1043\n|gen|9\n|tier|[Gen 9 Champions] VGC 2026 Reg M-A\n|rated|\n|rule|Species Clause: Limit one of each Pok\u00e9mon\n|rule|Item Clause: Limit 1 of each item\n|clearpoke\n|poke|p1|Gengar, L50, M|\n|poke|p1|Garchomp, L50, F|\n|poke|p1|Basculegion, L50, M|\n|poke|p1|Clefable, L50, F|\n|poke|p1|Sneasler, L50, F|\n|poke|p1|Sableye, L50, F|\n|poke|p2|Tyranitar, L50, M, shiny|\n|poke|p2|Arcanine-Hisui, L50, F, shiny|\n|poke|p2|Excadrill, L50, M, shiny|\n|poke|p2|Aegislash, L50, F, shiny|\n|poke|p2|Rotom-Wash, L50, shiny|\n|poke|p2|Whimsicott, L50, F, shiny|\n|teampreview|4\n|inactive|Battle timer is ON: inactive players will automatically lose when time's up. (requested by magato123)\nmagato123 has agreed to open team sheets.\n|j| SADATO69\n|inactive|magato123 has 60 seconds left.\n|inactive|Kylow901 has 60 seconds left.\n|inactive|magato123 has 30 seconds left.\n|inactive|magato123 has 20 seconds left.\n|inactive|magato123 has 15 seconds left.\n|inactive|magato123 has 10 seconds left.\n|inactive|magato123 has 5 seconds left.\n|\n|t:|1776567370\n|teamsize|p1|4\n|teamsize|p2|4\n|start\n|switch|p1a: Gengar|Gengar, L50, M|100/100\n|switch|p1b: Garchomp|Garchomp, L50, F|100/100\n|switch|p2a: Rotom|Rotom-Wash, L50, shiny|100/100\n|switch|p2b: Aegislash|Aegislash, L50, F, shiny|100/100\n|turn|1\n|l| SADATO69\n|inactive|Kylow901 has 30 seconds left.\n|inactive|Kylow901 has 20 seconds left.\n|inactive|Kylow901 has 15 seconds left.\n|inactive|Kylow901 has 10 seconds left.\n|j| SADATO69\n|inactive|Kylow901 has 5 seconds left.\n|\n|t:|1776567423\n|switch|p1b: Clefable|Clefable, L50, F|100/100\n|move|p2b: Aegislash|King's Shield|p2b: Aegislash\n|-singleturn|p2b: Aegislash|Protect\n|move|p2a: Rotom|Volt Switch|p1a: Gengar\n|-damage|p1a: Gengar|52/100\n|\n|t:|1776567431\n|switch|p2a: Tyranitar|Tyranitar, L50, M, shiny|100/100|[from] Volt Switch\n|-weather|Sandstorm|[from] ability: Sand Stream|[of] p2a: Tyranitar\n|move|p1a: Gengar|Focus Blast|p2a: Tyranitar\n|-supereffective|p2a: Tyranitar|2\n|-damage|p2a: Tyranitar|0 fnt\n|faint|p2a: Tyranitar\n|\n|-weather|Sandstorm|[upkeep]\n|-damage|p1a: Gengar|46/100|[from] Sandstorm\n|upkeep\n|c|\u2606Kylow901|o k e y\n|\n|t:|1776567454\n|switch|p2a: Excadrill|Excadrill, L50, M, shiny|100/100\n|turn|2\n|inactive|Kylow901 has 30 seconds left.\n|\n|t:|1776567485\n|switch|p1b: Garchomp|Garchomp, L50, F|100/100\n|switch|p2b: Rotom|Rotom-Wash, L50, shiny|100/100\n|move|p2a: Excadrill|Protect|p2a: Excadrill\n|-singleturn|p2a: Excadrill|Protect\n|move|p1a: Gengar|Focus Blast|p2b: Rotom\n|-damage|p2b: Rotom|49/100\n|\n|-weather|Sandstorm|[upkeep]\n|-damage|p2b: Rotom|44/100|[from] Sandstorm\n|-damage|p1a: Gengar|41/100|[from] Sandstorm\n|upkeep\n|turn|3\n|inactive|Kylow901 has 30 seconds left.\n|\n|t:|1776567514\n|detailschange|p1a: Gengar|Gengar-Mega, L50, M\n|-mega|p1a: Gengar|Gengar|Gengarite\n|move|p2a: Excadrill|Rock Slide|p1b: Garchomp|[spread] p1b\n|-miss|p2a: Excadrill|p1a: Gengar\n|-resisted|p1b: Garchomp|1\n|-damage|p1b: Garchomp|91/100\n|move|p2b: Rotom|Hydro Pump|p1b: Garchomp\n|-damage|p1b: Garchomp|42/100\n|move|p1a: Gengar|Shadow Ball|p2a: Excadrill\n|-damage|p2a: Excadrill|30/100\n|move|p1b: Garchomp|Dragon Rush|p2b: Rotom\n|-damage|p2b: Rotom|0 fnt\n|faint|p2b: Rotom\n|\n|-weather|Sandstorm|[upkeep]\n|-damage|p1a: Gengar|35/100|[from] Sandstorm\n|upkeep\n|\n|t:|1776567524\n|switch|p2b: Aegislash|Aegislash, L50, F, shiny|100/100\n|turn|4\n|\n|t:|1776567544\n|switch|p1a: Clefable|Clefable, L50, F|100/100\n|move|p2a: Excadrill|Drill Run|p1b: Garchomp\n|-damage|p1b: Garchomp|0 fnt\n|faint|p1b: Garchomp\n|-formechange|p2b: Aegislash|Aegislash-Blade|\n|move|p2b: Aegislash|Shadow Ball|p1a: Clefable\n|-damage|p1a: Clefable|63/100\n|\n|-weather|Sandstorm|[upkeep]\n|-heal|p1a: Clefable|69/100|[from] item: Leftovers\n|upkeep\n|\n|t:|1776567545\n|switch|p1b: Basculegion|Basculegion, L50, M|100/100\n|turn|5\n|inactive|Kylow901 has 30 seconds left.\n|inactive|Kylow901 has 20 seconds left.\n|\n|t:|1776567580\n|move|p2a: Excadrill|Protect|p2a: Excadrill\n|-singleturn|p2a: Excadrill|Protect\n|-formechange|p2b: Aegislash|Aegislash|\n|move|p2b: Aegislash|King's Shield|p2b: Aegislash\n|-singleturn|p2b: Aegislash|Protect\n|move|p1b: Basculegion|Last Respects|p2b: Aegislash\n|-activate|p2b: Aegislash|move: Protect\n|move|p1a: Clefable|Icy Wind|p2b: Aegislash|[spread] \n|-activate|p2a: Excadrill|move: Protect\n|-activate|p2b: Aegislash|move: Protect\n|\n|-weather|none\n|-heal|p1a: Clefable|75/100|[from] item: Leftovers\n|upkeep\n|turn|6\n|inactive|Kylow901 has 30 seconds left.\n|inactive|Kylow901 has 20 seconds left.\n|\n|t:|1776567620\n|move|p1b: Basculegion|Last Respects|p2a: Excadrill\n|-damage|p2a: Excadrill|0 fnt\n|faint|p2a: Excadrill\n|move|p1a: Clefable|Reflect|p1a: Clefable\n|-sidestart|p1: magato123|Reflect\n|-formechange|p2b: Aegislash|Aegislash-Blade|\n|move|p2b: Aegislash|Shadow Ball|p1b: Basculegion\n|-supereffective|p1b: Basculegion|1\n|-damage|p1b: Basculegion|0 fnt\n|faint|p1b: Basculegion\n|\n|-heal|p1a: Clefable|81/100|[from] item: Leftovers\n|upkeep\n|\n|t:|1776567621\n|switch|p1b: Gengar|Gengar-Mega, L50, M|35/100\n|turn|7\n|inactive|Kylow901 has 30 seconds left.\n|\n|t:|1776567649\n|move|p1b: Gengar|Protect|p1b: Gengar\n|-singleturn|p1b: Gengar|Protect\n|-formechange|p2b: Aegislash|Aegislash|\n|move|p2b: Aegislash|King's Shield|p2b: Aegislash\n|-singleturn|p2b: Aegislash|Protect\n|move|p1a: Clefable|Follow Me|p1a: Clefable\n|-singleturn|p1a: Clefable|move: Follow Me\n|\n|-heal|p1a: Clefable|87/100|[from] item: Leftovers\n|upkeep\n|turn|8\n|inactive|Kylow901 has 30 seconds left.\n|\n|t:|1776567674\n|move|p1b: Gengar|Protect|p1b: Gengar\n|-singleturn|p1b: Gengar|Protect\n|move|p1a: Clefable|Gravity|p1a: Clefable\n|-fieldstart|move: Gravity\n|-formechange|p2b: Aegislash|Aegislash-Blade|\n|move|p2b: Aegislash|Shadow Ball|p1b: Gengar\n|-activate|p1b: Gengar|move: Protect\n|\n|-heal|p1a: Clefable|93/100|[from] item: Leftovers\n|upkeep\n|turn|9\n|\n|t:|1776567679\n|-formechange|p2b: Aegislash|Aegislash|\n|move|p2b: Aegislash|King's Shield|p2b: Aegislash\n|-singleturn|p2b: Aegislash|Protect\n|move|p1b: Gengar|Hypnosis|p2b: Aegislash\n|-status|p2b: Aegislash|slp|[from] move: Hypnosis\n|move|p1a: Clefable|Icy Wind|p2b: Aegislash\n|-activate|p2b: Aegislash|move: Protect\n|\n|-heal|p1a: Clefable|99/100|[from] item: Leftovers\n|upkeep\n|turn|10\n|\n|t:|1776567687\n|move|p1b: Gengar|Focus Blast|p2b: Aegislash\n|-immune|p2b: Aegislash\n|move|p1a: Clefable|Icy Wind|p2b: Aegislash\n|-resisted|p2b: Aegislash|1\n|-damage|p2b: Aegislash|95/100 slp\n|-unboost|p2b: Aegislash|spe|1\n|cant|p2b: Aegislash|slp\n|\n|-heal|p1a: Clefable|100/100|[from] item: Leftovers\n|-heal|p2b: Aegislash|100/100 slp|[from] item: Leftovers\n|-sideend|p1: magato123|Reflect\n|upkeep\n|turn|11\n|\n|t:|1776567695\n|move|p1b: Gengar|Focus Blast|p2b: Aegislash\n|-immune|p2b: Aegislash\n|move|p1a: Clefable|Icy Wind|p2b: Aegislash\n|-resisted|p2b: Aegislash|1\n|-damage|p2b: Aegislash|95/100 slp\n|-unboost|p2b: Aegislash|spe|1\n|cant|p2b: Aegislash|slp\n|\n|-heal|p2b: Aegislash|100/100 slp|[from] item: Leftovers\n|upkeep\n|turn|12\n|\n|t:|1776567701\n|move|p1b: Gengar|Hypnosis|p2b: Aegislash\n|-fail|p2b: Aegislash|slp\n|move|p1a: Clefable|Icy Wind|p2b: Aegislash\n|-resisted|p2b: Aegislash|1\n|-damage|p2b: Aegislash|96/100 slp\n|-unboost|p2b: Aegislash|spe|1\n|-curestatus|p2b: Aegislash|slp|[msg]\n|-formechange|p2b: Aegislash|Aegislash-Blade|\n|move|p2b: Aegislash|Shadow Ball|p1a: Clefable\n|-damage|p1a: Clefable|57/100\n|\n|-heal|p1a: Clefable|63/100|[from] item: Leftovers\n|-heal|p2b: Aegislash|100/100|[from] item: Leftovers\n|-fieldend|move: Gravity\n|upkeep\n|turn|13\n|inactive|Kylow901 has 30 seconds left.\n|\n|t:|1776567736\n|move|p1b: Gengar|Focus Blast|p2b: Aegislash\n|-immune|p2b: Aegislash\n|move|p1a: Clefable|Reflect|p1a: Clefable\n|-sidestart|p1: magato123|Reflect\n|move|p2b: Aegislash|Shadow Ball|p1a: Clefable\n|-damage|p1a: Clefable|25/100\n|\n|-heal|p1a: Clefable|31/100|[from] item: Leftovers\n|upkeep\n|turn|14\n|\n|t:|1776567742\n|move|p1a: Clefable|Follow Me|p1a: Clefable\n|-singleturn|p1a: Clefable|move: Follow Me\n|move|p1b: Gengar|Hypnosis|p2b: Aegislash|[miss]\n|-miss|p1b: Gengar|p2b: Aegislash\n|move|p2b: Aegislash|Shadow Ball|p1a: Clefable\n|-damage|p1a: Clefable|0 fnt\n|faint|p1a: Clefable\n|\n|upkeep\n|turn|15\n|\n|t:|1776567751\n|move|p1b: Gengar|Focus Blast|p2b: Aegislash\n|-immune|p2b: Aegislash\n|move|p2b: Aegislash|Shadow Ball|p1b: Gengar\n|-supereffective|p1b: Gengar|1\n|-damage|p1b: Gengar|0 fnt\n|faint|p1b: Gengar\n|\n|win|Kylow901\n|raw|magato123's rating: 1040 &rarr; <strong>1024</strong><br />(-16 for losing)\n|raw|Kylow901's rating: 1043 &rarr; <strong>1076</strong><br />(+33 for winning)\n",
  "uploadtime": 1776567751,
  "views": 9,
  "formatid": "gen9championsvgc2026regma",
  "rating": 1024,
  "private": 0,
  "password": null
}