{
  "id": "gen9championsvgc2026regma-2582781944",
  "format": "[Gen 9 Champions] VGC 2026 Reg M-A",
  "players": [
    "la javineta",
    "WaluigiVGC"
  ],
  "log": "|j|\u2606la javineta\n|j|\u2606WaluigiVGC\n|t:|1776113713\n|gametype|doubles\n|player|p1|la javineta|1|1236\n|player|p2|WaluigiVGC|102|1222\n|gen|9\n|tier|[Gen 9 Champions] VGC 2026 Reg M-A\n|rated|\n|rule|Species Clause: Limit one of each Pok\u00e9mon\n|rule|Item Clause: Limit 1 of each item\n|clearpoke\n|poke|p1|Meowstic, L50, M|\n|poke|p1|Alakazam, L50, M|\n|poke|p1|Passimian, L50, M|\n|poke|p1|Blastoise, L50, M|\n|poke|p1|Sinistcha, L50|\n|poke|p1|Talonflame, L50, F|\n|poke|p2|Archaludon, L50, M|\n|poke|p2|Pelipper, L50, M|\n|poke|p2|Sneasler, L50, F|\n|poke|p2|Incineroar, L50, F|\n|poke|p2|Basculegion, L50, M|\n|poke|p2|Gengar, L50, M|\n|teampreview|4\n|\n|t:|1776113733\n|teamsize|p1|4\n|teamsize|p2|4\n|start\n|switch|p1a: Alakazam|Alakazam, L50, M|100/100\n|switch|p1b: Passimian|Passimian, L50, M|100/100\n|switch|p2a: Sneasler|Sneasler, L50, F|100/100\n|switch|p2b: Basculegion|Basculegion, L50, M|100/100\n|turn|1\n|\n|t:|1776113751\n|detailschange|p1a: Alakazam|Alakazam-Mega, L50, M\n|-mega|p1a: Alakazam|Alakazam|Alakazite\n|-ability|p1a: Alakazam|Unburden|Trace|[from] ability: Trace|[of] p2a: Sneasler\n|move|p1a: Alakazam|Protect|p1a: Alakazam\n|-singleturn|p1a: Alakazam|Protect\n|move|p2b: Basculegion|Flip Turn|p1b: Passimian\n|-damage|p1b: Passimian|61/100\n|\n|t:|1776113763\n|switch|p2b: Pelipper|Pelipper, L50, M|100/100|[from] Flip Turn\n|-weather|RainDance|[from] ability: Drizzle|[of] p2b: Pelipper\n|move|p1b: Passimian|U-turn|p2b: Pelipper\n|-resisted|p2b: Pelipper|1\n|-damage|p2b: Pelipper|86/100\n|\n|t:|1776113771\n|switch|p1b: Sinistcha|Sinistcha, L50|100/100|[from] U-turn\n|move|p2a: Sneasler|Dire Claw|p1a: Alakazam\n|-activate|p1a: Alakazam|move: Protect\n|\n|-weather|RainDance|[upkeep]\n|upkeep\n|turn|2\n|\n|t:|1776113789\n|move|p1b: Sinistcha|Rage Powder|p1b: Sinistcha\n|-singleturn|p1b: Sinistcha|move: Rage Powder\n|move|p1a: Alakazam|Calm Mind|p1a: Alakazam\n|-boost|p1a: Alakazam|spa|1\n|-boost|p1a: Alakazam|spd|1\n|move|p2a: Sneasler|Dire Claw|p1b: Sinistcha\n|-damage|p1b: Sinistcha|65/100\n|move|p2b: Pelipper|Hurricane|p1b: Sinistcha\n|-supereffective|p1b: Sinistcha|1\n|-crit|p1b: Sinistcha\n|-damage|p1b: Sinistcha|0 fnt\n|faint|p1b: Sinistcha\n|\n|-weather|RainDance|[upkeep]\n|upkeep\n|\n|t:|1776113798\n|switch|p1b: Meowstic|Meowstic, L50, M|100/100\n|turn|3\n|\n|t:|1776113819\n|move|p1b: Meowstic|Fake Out|p2a: Sneasler\n|-damage|p2a: Sneasler|90/100\n|move|p1a: Alakazam|Expanding Force|p2a: Sneasler\n|-supereffective|p2a: Sneasler|2\n|-damage|p2a: Sneasler|0 fnt\n|faint|p2a: Sneasler\n|move|p2b: Pelipper|Weather Ball|p1b: Meowstic\n|-damage|p1b: Meowstic|31/100\n|\n|-weather|RainDance|[upkeep]\n|upkeep\n|\n|t:|1776113833\n|switch|p2a: Basculegion|Basculegion, L50, M|100/100\n|turn|4\n|\n|t:|1776113846\n|move|p1a: Alakazam|Protect|p1a: Alakazam\n|-singleturn|p1a: Alakazam|Protect\n|move|p1b: Meowstic|Psychic Terrain|p1b: Meowstic\n|-fieldstart|move: Psychic Terrain\n|move|p2a: Basculegion|Wave Crash|p1a: Alakazam\n|-activate|p1a: Alakazam|move: Protect\n|move|p2b: Pelipper|Weather Ball|p1b: Meowstic\n|-damage|p1b: Meowstic|0 fnt\n|faint|p1b: Meowstic\n|\n|-weather|RainDance|[upkeep]\n|upkeep\n|\n|t:|1776113854\n|switch|p1b: Passimian|Passimian, L50, M|61/100\n|turn|5\n|\n|t:|1776113865\n|move|p1a: Alakazam|Protect||[still]\n|-fail|p1a: Alakazam\n|move|p2a: Basculegion|Wave Crash|p1a: Alakazam\n|-damage|p1a: Alakazam|0 fnt\n|faint|p1a: Alakazam\n|-damage|p2a: Basculegion|77/100|[from] Recoil\n|move|p1b: Passimian|Knock Off|p2a: Basculegion\n|-supereffective|p2a: Basculegion|1\n|-damage|p2a: Basculegion|0 fnt\n|-enditem|p2a: Basculegion|Choice Scarf|[from] move: Knock Off|[of] p1b: Passimian\n|faint|p2a: Basculegion\n|move|p2b: Pelipper|Hurricane|p1b: Passimian\n|-supereffective|p1b: Passimian|1\n|-damage|p1b: Passimian|0 fnt\n|faint|p1b: Passimian\n|\n|win|WaluigiVGC\n|raw|la javineta's rating: 1236 &rarr; <strong>1210</strong><br />(-26 for losing)\n|raw|WaluigiVGC's rating: 1222 &rarr; <strong>1248</strong><br />(+26 for winning)\n|l|\u2606la javineta\n|player|p1|\n",
  "uploadtime": 1776113882,
  "views": 40,
  "formatid": "gen9championsvgc2026regma",
  "rating": 1210,
  "private": 0,
  "password": null
}