{
  "id": "gen9championsvgc2026regma-2580681791",
  "format": "[Gen 9 Champions] VGC 2026 Reg M-A",
  "players": [
    "bl4ze4444",
    "rudy06"
  ],
  "log": "|j|\u2606bl4ze4444\n|j|\u2606rudy06\n|t:|1775923866\n|gametype|doubles\n|player|p1|bl4ze4444|steven|1111\n|player|p2|rudy06|169|1069\n|gen|9\n|tier|[Gen 9 Champions] VGC 2026 Reg M-A\n|rated|\n|rule|Species Clause: Limit one of each Pok\u00e9mon\n|rule|Item Clause: Limit 1 of each item\n|clearpoke\n|poke|p1|Froslass, L50, F|\n|poke|p1|Kingambit, L50, M|\n|poke|p1|Whimsicott, L50, M|\n|poke|p1|Arcanine-Hisui, L50, M|\n|poke|p1|Garchomp, L50, M|\n|poke|p1|Rotom-Wash, L50|\n|poke|p2|Floette-Eternal, L50, F|\n|poke|p2|Maushold, L50|\n|poke|p2|Garchomp, L50, F|\n|poke|p2|Talonflame, L50, M|\n|poke|p2|Sneasler, L50, F|\n|poke|p2|Incineroar, L50, F|\n|teampreview|4\n|inactive|Battle timer is ON: inactive players will automatically lose when time's up. (requested by rudy06)\n|inactive|bl4ze4444 has 60 seconds left.\n|\n|t:|1775923912\n|teamsize|p1|4\n|teamsize|p2|4\n|start\n|switch|p1a: Froslass|Froslass, L50, F|100/100\n|switch|p1b: Whimsicott|Whimsicott, L50, M|100/100\n|switch|p2a: Floette|Floette-Eternal, L50, F|100/100\n|switch|p2b: Maushold|Maushold, L50|100/100\n|turn|1\n|inactive|rudy06 has 30 seconds left.\n|\n|t:|1775923941\n|detailschange|p1a: Froslass|Froslass-Mega, L50, F\n|-mega|p1a: Froslass|Froslass|Froslassite\n|-weather|Snowscape|[from] ability: Snow Warning|[of] p1a: Froslass\n|move|p2a: Floette|Protect|p2a: Floette\n|-singleturn|p2a: Floette|Protect\n|move|p1b: Whimsicott|Tailwind|p1b: Whimsicott\n|-sidestart|p1: bl4ze4444|move: Tailwind\n|move|p1a: Froslass|Blizzard|p2a: Floette|[spread] p2b\n|-activate|p2a: Floette|move: Protect\n|-damage|p2b: Maushold|54/100\n|move|p2b: Maushold|Super Fang|p1b: Whimsicott\n|-damage|p1b: Whimsicott|51/100\n|\n|-weather|Snowscape|[upkeep]\n|upkeep\n|turn|2\n|inactive|rudy06 has 30 seconds left.\n|\n|t:|1775923966\n|detailschange|p2a: Floette|Floette-Mega, L50, F\n|-mega|p2a: Floette|Floette|Floettite\n|-ability|p2a: Floette|Fairy Aura\n|move|p2b: Maushold|Helping Hand|p2a: Floette\n|-singleturn|p2a: Floette|Helping Hand|[of] p2b: Maushold\n|move|p1b: Whimsicott|Encore|p2a: Floette\n|-start|p2a: Floette|Encore\n|move|p2a: Floette|Protect||[still]\n|-fail|p2a: Floette\n|move|p1a: Froslass|Blizzard|p2a: Floette|[spread] p2a,p2b\n|-damage|p2a: Floette|74/100\n|-damage|p2b: Maushold|5/100\n|\n|-weather|Snowscape|[upkeep]\n|upkeep\n|turn|3\n|\n|t:|1775923989\n|switch|p2a: Talonflame|Talonflame, L50, M|100/100\n|move|p2b: Maushold|Protect|p2b: Maushold\n|-singleturn|p2b: Maushold|Protect\n|move|p1a: Froslass|Blizzard|p2a: Talonflame|[spread] p2a\n|-activate|p2b: Maushold|move: Protect\n|-damage|p2a: Talonflame|50/100\n|move|p1b: Whimsicott|Moonblast|p2a: Talonflame\n|-resisted|p2a: Talonflame|1\n|-damage|p2a: Talonflame|29/100\n|\n|-weather|Snowscape|[upkeep]\n|upkeep\n|turn|4\n|inactive|rudy06 has 30 seconds left.\n|\n|t:|1775924016\n|move|p2b: Maushold|Follow Me|p2b: Maushold\n|-singleturn|p2b: Maushold|move: Follow Me\n|move|p1b: Whimsicott|Encore|p2b: Maushold\n|-start|p2b: Maushold|Encore\n|move|p1a: Froslass|Blizzard|p2a: Talonflame|[spread] p2a,p2b\n|-damage|p2a: Talonflame|0 fnt\n|-damage|p2b: Maushold|0 fnt\n|faint|p2a: Talonflame\n|faint|p2b: Maushold\n|\n|-weather|Snowscape|[upkeep]\n|-sideend|p1: bl4ze4444|move: Tailwind\n|upkeep\n|\n|t:|1775924026\n|switch|p2a: Garchomp|Garchomp, L50, F|100/100\n|switch|p2b: Floette|Floette-Mega, L50, F|74/100\n|-ability|p2b: Floette|Fairy Aura\n|turn|5\n|inactive|bl4ze4444 has 30 seconds left.\n|\n|t:|1775924060\n|switch|p1a: Rotom|Rotom-Wash, L50|100/100\n|move|p1b: Whimsicott|Tailwind|p1b: Whimsicott\n|-sidestart|p1: bl4ze4444|move: Tailwind\n|move|p2a: Garchomp|Rock Slide|p1a: Rotom|[spread] p1a,p1b\n|-crit|p1a: Rotom\n|-damage|p1a: Rotom|65/100\n|-damage|p1b: Whimsicott|20/100\n|move|p2b: Floette|Dazzling Gleam|p1a: Rotom|[spread] p1a,p1b\n|-damage|p1a: Rotom|12/100\n|-damage|p1b: Whimsicott|0 fnt\n|-enditem|p1a: Rotom|Sitrus Berry|[eat]\n|-heal|p1a: Rotom|37/100|[from] item: Sitrus Berry\n|faint|p1b: Whimsicott\n|\n|-weather|none\n|upkeep\n|\n|t:|1775924074\n|switch|p1b: Froslass|Froslass-Mega, L50, F|100/100\n|-weather|Snowscape|[from] ability: Snow Warning|[of] p1b: Froslass\n|turn|6\n|\n|t:|1775924099\n|move|p1b: Froslass|Blizzard|p2b: Floette|[spread] p2a,p2b\n|-supereffective|p2a: Garchomp|2\n|-damage|p2a: Garchomp|0 fnt\n|-damage|p2b: Floette|38/100\n|faint|p2a: Garchomp\n|move|p1a: Rotom|Hydro Pump|p2b: Floette|[miss]\n|-miss|p1a: Rotom|p2b: Floette\n|move|p2b: Floette|Dazzling Gleam|p1b: Froslass|[spread] p1a,p1b\n|-damage|p1a: Rotom|0 fnt\n|-damage|p1b: Froslass|35/100\n|faint|p1a: Rotom\n|\n|-weather|Snowscape|[upkeep]\n|upkeep\n|\n|t:|1775924111\n|switch|p1a: Garchomp|Garchomp, L50, M|100/100\n|turn|7\n|inactive|bl4ze4444 has 30 seconds left.\n|\n|t:|1775924138\n|move|p1b: Froslass|Blizzard|p2b: Floette\n|-damage|p2b: Floette|0 fnt\n|faint|p2b: Floette\n|\n|win|bl4ze4444\n|raw|bl4ze4444's rating: 1111 &rarr; <strong>1133</strong><br />(+22 for winning)\n|raw|rudy06's rating: 1069 &rarr; <strong>1051</strong><br />(-18 for losing)\n|l|\u2606rudy06\n|player|p2|\n",
  "uploadtime": 1775924201,
  "views": 11,
  "formatid": "gen9championsvgc2026regma",
  "rating": 1051,
  "private": 0,
  "password": null
}