{
  "id": "gen9championsvgc2026regma-2584478722",
  "format": "[Gen 9 Champions] VGC 2026 Reg M-A",
  "players": [
    "KogaAF1219",
    "hoons"
  ],
  "log": "|j|\u2606KogaAF1219\n|j|\u2606hoons\n|t:|1776263572\n|gametype|doubles\n|player|p1|KogaAF1219|koga|1328\n|player|p2|hoons|2|1323\n|gen|9\n|tier|[Gen 9 Champions] VGC 2026 Reg M-A\n|rated|\n|rule|Species Clause: Limit one of each Pok\u00e9mon\n|rule|Item Clause: Limit 1 of each item\n|clearpoke\n|poke|p1|Rotom-Mow, L50|\n|poke|p1|Excadrill, L50, M|\n|poke|p1|Garchomp, L50, M|\n|poke|p1|Incineroar, L50, F|\n|poke|p1|Gengar, L50, F|\n|poke|p1|Hippowdon, L50, M|\n|poke|p2|Gengar, L50, F|\n|poke|p2|Whimsicott, L50, F|\n|poke|p2|Basculegion, L50, M|\n|poke|p2|Pelipper, L50, M|\n|poke|p2|Garchomp, L50, F|\n|poke|p2|Tyranitar, L50, M|\n|teampreview|4\n|inactive|Battle timer is ON: inactive players will automatically lose when time's up. (requested by KogaAF1219)\nKogaAF1219 has agreed to open team sheets.\n|inactive|hoons has 60 seconds left.\n|\n|t:|1776263655\n|teamsize|p1|4\n|teamsize|p2|4\n|start\n|switch|p1a: Rotom|Rotom-Mow, L50|100/100\n|switch|p1b: Excadrill|Excadrill, L50, M|100/100\n|switch|p2a: Garchomp|Garchomp, L50, F|100/100\n|switch|p2b: Whimsicott|Whimsicott, L50, F|100/100\n|turn|1\n|\n|t:|1776263668\n|move|p1a: Rotom|Will-O-Wisp|p2a: Garchomp\n|-status|p2a: Garchomp|brn\n|move|p2b: Whimsicott|Moonblast|p1a: Rotom\n|-damage|p1a: Rotom|42/100\n|move|p2a: Garchomp|Swords Dance|p2a: Garchomp\n|-boost|p2a: Garchomp|atk|2\n|move|p1b: Excadrill|Iron Head|p2b: Whimsicott\n|-supereffective|p2b: Whimsicott|1\n|-damage|p2b: Whimsicott|0 fnt\n|faint|p2b: Whimsicott\n|\n|-damage|p2a: Garchomp|94/100 brn|[from] brn\n|upkeep\n|\n|t:|1776263677\n|switch|p2b: Gengar|Gengar, L50, F|100/100\n|turn|2\n|inactive|KogaAF1219 has 30 seconds left.\n|\n|t:|1776263706\n|switch|p1a: Incineroar|Incineroar, L50, F|100/100\n|-ability|p1a: Incineroar|Intimidate|boost\n|-unboost|p2a: Garchomp|atk|1\n|-unboost|p2b: Gengar|atk|1\n|detailschange|p2b: Gengar|Gengar-Mega, L50, F\n|-mega|p2b: Gengar|Gengar|Gengarite\n|move|p2b: Gengar|Protect|p2b: Gengar\n|-singleturn|p2b: Gengar|Protect\n|move|p1b: Excadrill|Protect|p1b: Excadrill\n|-singleturn|p1b: Excadrill|Protect\n|move|p2a: Garchomp|Earthquake|p1a: Incineroar|[spread] p1a\n|-activate|p2b: Gengar|move: Protect\n|-activate|p1b: Excadrill|move: Protect\n|-supereffective|p1a: Incineroar|1\n|-damage|p1a: Incineroar|49/100\n|\n|-damage|p2a: Garchomp|88/100 brn|[from] brn\n|upkeep\n|turn|3\n|inactive|hoons has 30 seconds left.\n|inactive|KogaAF1219 has 30 seconds left.\n|\n|t:|1776263741\n|switch|p2b: Basculegion|Basculegion, L50, M|100/100\n|move|p2a: Garchomp|Swords Dance|p2a: Garchomp\n|-boost|p2a: Garchomp|atk|2\n|move|p1b: Excadrill|Earthquake|p2b: Basculegion|[spread] p1a,p2a,p2b\n|-supereffective|p1a: Incineroar|1\n|-damage|p1a: Incineroar|0 fnt\n|-damage|p2a: Garchomp|47/100 brn\n|-damage|p2b: Basculegion|46/100\n|faint|p1a: Incineroar\n|\n|-damage|p2a: Garchomp|41/100 brn|[from] brn\n|upkeep\n|\n|t:|1776263746\n|switch|p1a: Rotom|Rotom-Mow, L50|42/100\n|turn|4\n|\n|t:|1776263758\n|move|p2a: Garchomp|Protect|p2a: Garchomp\n|-singleturn|p2a: Garchomp|Protect\n|move|p1a: Rotom|Volt Switch|p2b: Basculegion\n|-supereffective|p2b: Basculegion|1\n|-damage|p2b: Basculegion|0 fnt\n|faint|p2b: Basculegion\n|\n|t:|1776263764\n|switch|p1a: Hippowdon|Hippowdon, L50, M|100/100|[from] Volt Switch\n|-weather|Sandstorm|[from] ability: Sand Stream|[of] p1a: Hippowdon\n|move|p1b: Excadrill|Earthquake|p2a: Garchomp|[spread] p1a\n|-activate|p2a: Garchomp|move: Protect\n|-damage|p1a: Hippowdon|70/100\n|\n|-weather|Sandstorm|[upkeep]\n|-damage|p2a: Garchomp|35/100 brn|[from] brn\n|upkeep\n|\n|t:|1776263766\n|switch|p2b: Gengar|Gengar-Mega, L50, F|100/100\n|turn|5\n|\n|t:|1776263779\n|move|p2a: Garchomp|Protect||[still]\n|-fail|p2a: Garchomp\n|move|p1a: Hippowdon|Protect|p1a: Hippowdon\n|-singleturn|p1a: Hippowdon|Protect\n|move|p1b: Excadrill|Earthquake|p2b: Gengar|[spread] p2a,p2b\n|-activate|p1a: Hippowdon|move: Protect\n|-supereffective|p2b: Gengar|1\n|-damage|p2a: Garchomp|0 fnt\n|-damage|p2b: Gengar|0 fnt\n|faint|p2a: Garchomp\n|faint|p2b: Gengar\n|\n|win|KogaAF1219\n|raw|KogaAF1219's rating: 1328 &rarr; <strong>1348</strong><br />(+20 for winning)\n|raw|hoons's rating: 1323 &rarr; <strong>1303</strong><br />(-20 for losing)\n",
  "uploadtime": 1776263782,
  "views": 42,
  "formatid": "gen9championsvgc2026regma",
  "rating": 1303,
  "private": 0,
  "password": null
}