{
  "id": "gen9championsvgc2026regma-2584414922",
  "format": "[Gen 9 Champions] VGC 2026 Reg M-A",
  "players": [
    "BigRoflet",
    "randomn1ck"
  ],
  "log": "|j|\u203dBigRoflet\n|j|\u2606randomn1ck\n|t:|1776259219\n|gametype|doubles\n|player|p1|BigRoflet|harlequin|1221\n|player|p2|randomn1ck|265|1264\n|gen|9\n|tier|[Gen 9 Champions] VGC 2026 Reg M-A\n|rated|\n|rule|Species Clause: Limit one of each Pok\u00e9mon\n|rule|Item Clause: Limit 1 of each item\n|clearpoke\n|poke|p1|Incineroar, L50, M|\n|poke|p1|Farigiraf, L50, M|\n|poke|p1|Aerodactyl, L50, M|\n|poke|p1|Archaludon, L50, F|\n|poke|p1|Chesnaught, L50, F|\n|poke|p1|Gengar, L50, M|\n|poke|p2|Froslass, L50, F|\n|poke|p2|Aerodactyl, L50, M|\n|poke|p2|Incineroar, L50, M|\n|poke|p2|Sinistcha-Masterpiece, L50|\n|poke|p2|Milotic, L50, F|\n|poke|p2|Kingambit, L50, M|\n|teampreview|4\n|inactive|Battle timer is ON: inactive players will automatically lose when time's up. (requested by randomn1ck)\n|\n|t:|1776259238\n|teamsize|p1|4\n|teamsize|p2|4\n|start\n|switch|p1a: Farigiraf|Farigiraf, L50, M|100/100\n|switch|p1b: Archaludon|Archaludon, L50, F|100/100\n|switch|p2a: Milotic|Milotic, L50, F, shiny|100/100\n|switch|p2b: Froslass|Froslass, L50, F, shiny|100/100\n|turn|1\n|\n|t:|1776259257\n|move|p2b: Froslass|Protect|p2b: Froslass\n|-singleturn|p2b: Froslass|Protect\n|move|p1b: Archaludon|Flash Cannon|p2b: Froslass\n|-activate|p2b: Froslass|move: Protect\n|move|p2a: Milotic|Coil|p2a: Milotic\n|-boost|p2a: Milotic|atk|1\n|-boost|p2a: Milotic|def|1\n|-boost|p2a: Milotic|accuracy|1\n|move|p1a: Farigiraf|Trick Room|p1a: Farigiraf\n|-fieldstart|move: Trick Room|[of] p1a: Farigiraf\n|\n|upkeep\n|turn|2\n|\n|t:|1776259275\n|switch|p2b: Incineroar|Incineroar, L50, M, shiny|100/100\n|-ability|p2b: Incineroar|Intimidate|boost\n|-unboost|p1a: Farigiraf|atk|1\n|-unboost|p1b: Archaludon|atk|1\n|move|p1a: Farigiraf|Thunderbolt|p2a: Milotic\n|-supereffective|p2a: Milotic|1\n|-damage|p2a: Milotic|69/100\n|move|p2a: Milotic|Hypnosis|p1b: Archaludon\n|-status|p1b: Archaludon|slp|[from] move: Hypnosis\n|cant|p1b: Archaludon|slp\n|\n|-heal|p2a: Milotic|75/100|[from] item: Leftovers\n|upkeep\n|turn|3\n|inactive|BigRoflet has 30 seconds left.\n|inactive|randomn1ck has 30 seconds left.\n|inactive|randomn1ck has 20 seconds left.\n|\n|t:|1776259311\n|switch|p1b: Chesnaught|Chesnaught, L50, F|100/100\n|move|p1a: Farigiraf|Thunderbolt|p2a: Milotic\n|-supereffective|p2a: Milotic|1\n|-damage|p2a: Milotic|40/100\n|move|p2b: Incineroar|Parting Shot|p1b: Chesnaught\n|-unboost|p1b: Chesnaught|atk|1\n|-unboost|p1b: Chesnaught|spa|1\n|l|\u203dBigRoflet\n|inactive|BigRoflet disconnected and has a minute to reconnect!\n|player|p1|\n|\n|t:|1776259322\n|switch|p2b: Sinistcha|Sinistcha-Masterpiece, L50, shiny|100/100|[from] Parting Shot\n|-heal|p2a: Milotic|65/100|[from] ability: Hospitality|[of] p2b: Sinistcha\n|move|p2a: Milotic|Hypnosis|p1a: Farigiraf\n|-status|p1a: Farigiraf|slp|[from] move: Hypnosis\n|\n|-heal|p2a: Milotic|71/100|[from] item: Leftovers\n|upkeep\n|turn|4\n|j|\u203dBigRoflet\n|inactive|BigRoflet reconnected and has 55 seconds left.\n|player|p1|BigRoflet|harlequin|\n|n|\u203dBigRoflet|bigroflet\n|\n|t:|1776259337\n|switch|p2a: Incineroar|Incineroar, L50, M, shiny|100/100\n|-ability|p2a: Incineroar|Intimidate|boost\n|-unboost|p1a: Farigiraf|atk|1\n|-unboost|p1b: Chesnaught|atk|1\n|detailschange|p1b: Chesnaught|Chesnaught-Mega, L50, F\n|-mega|p1b: Chesnaught|Chesnaught|Chesnaughtite\n|move|p1b: Chesnaught|Poison Jab|p2b: Sinistcha\n|-damage|p2b: Sinistcha|89/100\n|-status|p2b: Sinistcha|psn\n|cant|p1a: Farigiraf|slp\n|move|p2b: Sinistcha|Matcha Gotcha|p1a: Farigiraf|[spread] p1a,p1b\n|-resisted|p1b: Chesnaught|1\n|-damage|p1a: Farigiraf|78/100 slp\n|-heal|p2b: Sinistcha|100/100 psn|[from] drain|[of] p1a: Farigiraf\n|-damage|p1b: Chesnaught|93/100\n|\n|-damage|p2b: Sinistcha|88/100 psn|[from] psn\n|upkeep\n|turn|5\n|\n|t:|1776259362\n|switch|p2b: Froslass|Froslass, L50, F, shiny|100/100\n|move|p1b: Chesnaught|Wide Guard|p1b: Chesnaught\n|-singleturn|p1b: Chesnaught|Wide Guard\n|cant|p1a: Farigiraf|slp\n|move|p2a: Incineroar|Darkest Lariat|p1a: Farigiraf\n|-supereffective|p1a: Farigiraf|1\n|-damage|p1a: Farigiraf|26/100 slp\n|-enditem|p1a: Farigiraf|Sitrus Berry|[eat]\n|-heal|p1a: Farigiraf|51/100 slp|[from] item: Sitrus Berry\n|\n|-fieldend|move: Trick Room\n|upkeep\n|turn|6\n|\n|t:|1776259379\n|switch|p1a: Incineroar|Incineroar, L50, M|100/100\n|-ability|p1a: Incineroar|Intimidate|boost\n|-unboost|p2a: Incineroar|atk|1\n|-unboost|p2b: Froslass|atk|1\n|detailschange|p2b: Froslass|Froslass-Mega, L50, F, shiny\n|-mega|p2b: Froslass|Froslass|Froslassite\n|-weather|Snowscape|[from] ability: Snow Warning|[of] p2b: Froslass\n|move|p1b: Chesnaught|Spiky Shield||[still]\n|-fail|p1b: Chesnaught\n|move|p2b: Froslass|Aurora Veil|p2b: Froslass\n|-sidestart|p2: randomn1ck|move: Aurora Veil\n|move|p2a: Incineroar|Parting Shot|p1a: Incineroar\n|-unboost|p1a: Incineroar|atk|1\n|-unboost|p1a: Incineroar|spa|1\n|\n|t:|1776259383\n|switch|p2a: Milotic|Milotic, L50, F, shiny|71/100|[from] Parting Shot\n|\n|-weather|Snowscape|[upkeep]\n|-heal|p2a: Milotic|77/100|[from] item: Leftovers\n|upkeep\n|turn|7\n|\n|t:|1776259404\n|switch|p2b: Incineroar|Incineroar, L50, M, shiny|100/100\n|-ability|p2b: Incineroar|Intimidate|boost\n|-unboost|p1a: Incineroar|atk|1\n|-unboost|p1b: Chesnaught|atk|1\n|switch|p1b: Archaludon|Archaludon, L50, F|100/100 slp\n|move|p2a: Milotic|Muddy Water|p1a: Incineroar|[spread] p1a\n|-miss|p2a: Milotic|p1b: Archaludon\n|-supereffective|p1a: Incineroar|1\n|-damage|p1a: Incineroar|53/100\n|-unboost|p1a: Incineroar|accuracy|1\n|move|p1a: Incineroar|Flare Blitz|p2b: Incineroar\n|-resisted|p2b: Incineroar|1\n|-damage|p2b: Incineroar|92/100\n|-damage|p1a: Incineroar|50/100|[from] Recoil\n|\n|-weather|Snowscape|[upkeep]\n|-heal|p2a: Milotic|83/100|[from] item: Leftovers\n|upkeep\n|turn|8\n|inactive|BigRoflet has 30 seconds left.\n|\n|t:|1776259433\n|cant|p1b: Archaludon|slp\n|move|p2a: Milotic|Coil|p2a: Milotic\n|-boost|p2a: Milotic|atk|1\n|-boost|p2a: Milotic|def|1\n|-boost|p2a: Milotic|accuracy|1\n|move|p2b: Incineroar|Parting Shot|p1b: Archaludon\n|-unboost|p1b: Archaludon|atk|1\n|-unboost|p1b: Archaludon|spa|1\n|\n|t:|1776259440\n|switch|p2b: Sinistcha|Sinistcha-Masterpiece, L50, shiny|88/100 psn|[from] Parting Shot\n|-heal|p2a: Milotic|100/100|[from] ability: Hospitality|[of] p2b: Sinistcha\n|move|p1a: Incineroar|Parting Shot|p2b: Sinistcha\n|-unboost|p2b: Sinistcha|atk|1\n|-unboost|p2b: Sinistcha|spa|1\n|\n|t:|1776259451\n|switch|p1a: Farigiraf|Farigiraf, L50, M|51/100 slp|[from] Parting Shot\n|\n|-weather|Snowscape|[upkeep]\n|-damage|p2b: Sinistcha|76/100 psn|[from] psn\n|upkeep\n|turn|9\n|\n|t:|1776259467\n|switch|p1b: Chesnaught|Chesnaught-Mega, L50, F|93/100\n|move|p2b: Sinistcha|Rage Powder|p2b: Sinistcha\n|-singleturn|p2b: Sinistcha|move: Rage Powder\n|move|p2a: Milotic|Muddy Water|p1a: Farigiraf|[spread] p1a,p1b\n|-resisted|p1b: Chesnaught|1\n|-crit|p1b: Chesnaught\n|-damage|p1a: Farigiraf|26/100 slp\n|-damage|p1b: Chesnaught|78/100\n|-curestatus|p1a: Farigiraf|slp|[msg]\n|move|p1a: Farigiraf|Trick Room|p1a: Farigiraf\n|-fieldstart|move: Trick Room|[of] p1a: Farigiraf\n|\n|-weather|Snowscape|[upkeep]\n|-damage|p2b: Sinistcha|63/100 psn|[from] psn\n|upkeep\n|turn|10\n|\n|t:|1776259484\n|switch|p2b: Incineroar|Incineroar, L50, M, shiny|92/100\n|-ability|p2b: Incineroar|Intimidate|boost\n|-unboost|p1a: Farigiraf|atk|1\n|-unboost|p1b: Chesnaught|atk|1\n|move|p1b: Chesnaught|Body Press|p2a: Milotic\n|-damage|p2a: Milotic|80/100\n|move|p1a: Farigiraf|Thunderbolt|p2a: Milotic\n|-supereffective|p2a: Milotic|1\n|-damage|p2a: Milotic|60/100\n|move|p2a: Milotic|Hypnosis|p1b: Chesnaught\n|-status|p1b: Chesnaught|slp|[from] move: Hypnosis\n|\n|-weather|none\n|-heal|p2a: Milotic|66/100|[from] item: Leftovers\n|-sideend|p2: randomn1ck|move: Aurora Veil\n|upkeep\n|turn|11\n|inactive|BigRoflet has 30 seconds left.\n|\n|t:|1776259512\n|switch|p1a: Archaludon|Archaludon, L50, F|100/100 slp\n|cant|p1b: Chesnaught|slp\n|move|p2b: Incineroar|Darkest Lariat|p1a: Archaludon\n|-damage|p1a: Archaludon|68/100 slp\n|-ability|p1a: Archaludon|Stamina|boost\n|-boost|p1a: Archaludon|def|1\n|move|p2a: Milotic|Recover|p2a: Milotic\n|-heal|p2a: Milotic|100/100\n|\n|-heal|p1a: Archaludon|74/100 slp|[from] item: Leftovers\n|upkeep\n|turn|12\n|\n|t:|1776259530\n|-curestatus|p1b: Chesnaught|slp|[msg]\n|move|p1b: Chesnaught|Wide Guard|p1b: Chesnaught\n|-singleturn|p1b: Chesnaught|Wide Guard\n|move|p2b: Incineroar|Parting Shot|p1a: Archaludon\n|-unboost|p1a: Archaludon|atk|1\n|-unboost|p1a: Archaludon|spa|1\n|\n|t:|1776259535\n|switch|p2b: Sinistcha|Sinistcha-Masterpiece, L50, shiny|63/100 psn|[from] Parting Shot\n|move|p2a: Milotic|Muddy Water|p1a: Archaludon|[spread] \n|-activate|p1a: Archaludon|move: Wide Guard\n|-activate|p1b: Chesnaught|move: Wide Guard\n|-curestatus|p1a: Archaludon|slp|[msg]\n|move|p1a: Archaludon|Electro Shot||[still]\n|-prepare|p1a: Archaludon|Electro Shot\n|-boost|p1a: Archaludon|spa|1\n|\n|-heal|p1a: Archaludon|80/100|[from] item: Leftovers\n|-damage|p2b: Sinistcha|51/100 psn|[from] psn\n|upkeep\n|turn|13\n|\n|t:|1776259554\n|move|p1b: Chesnaught|Poison Jab|p2b: Sinistcha\n|-damage|p2b: Sinistcha|36/100 psn\n|move|p2b: Sinistcha|Life Dew||[still]|[spread] p2a,p2b\n|-fail|p2a: Milotic|heal\n|-heal|p2b: Sinistcha|62/100 psn\n|move|p2a: Milotic|Hypnosis|p1a: Archaludon\n|-status|p1a: Archaludon|slp|[from] move: Hypnosis\n|cant|p1a: Archaludon|slp\n|\n|-heal|p1a: Archaludon|86/100 slp|[from] item: Leftovers\n|-damage|p2b: Sinistcha|49/100 psn|[from] psn\n|-fieldend|move: Trick Room\n|upkeep\n|turn|14\n|inactive|BigRoflet has 30 seconds left.\n|\n|t:|1776259588\n|-curestatus|p1a: Archaludon|slp|[msg]\n|move|p1a: Archaludon|Electro Shot||[still]\n|-prepare|p1a: Archaludon|Electro Shot\n|-boost|p1a: Archaludon|spa|1\n|move|p2a: Milotic|Hypnosis|p1b: Chesnaught\n|-status|p1b: Chesnaught|slp|[from] move: Hypnosis\n|move|p2b: Sinistcha|Life Dew||[still]|[spread] p2a,p2b\n|-fail|p2a: Milotic|heal\n|-heal|p2b: Sinistcha|75/100 psn\n|cant|p1b: Chesnaught|slp\n|\n|-heal|p1a: Archaludon|92/100|[from] item: Leftovers\n|-damage|p2b: Sinistcha|62/100 psn|[from] psn\n|upkeep\n|turn|15\n|\n|t:|1776259604\n|-curestatus|p1b: Chesnaught|slp|[msg]\n|move|p1b: Chesnaught|Wide Guard|p1b: Chesnaught\n|-singleturn|p1b: Chesnaught|Wide Guard\n|move|p2b: Sinistcha|Rage Powder|p2b: Sinistcha\n|-singleturn|p2b: Sinistcha|move: Rage Powder\n|move|p1a: Archaludon|Electro Shot|p2b: Sinistcha|[from] lockedmove\n|-resisted|p2b: Sinistcha|1\n|-damage|p2b: Sinistcha|33/100 psn\n|move|p2a: Milotic|Hypnosis|p1a: Archaludon\n|-status|p1a: Archaludon|slp|[from] move: Hypnosis\n|\n|-heal|p1a: Archaludon|98/100 slp|[from] item: Leftovers\n|-damage|p2b: Sinistcha|20/100 psn|[from] psn\n|upkeep\n|turn|16\n|inactive|BigRoflet has 30 seconds left.\n|\n|t:|1776259629\n|switch|p2b: Froslass|Froslass-Mega, L50, F, shiny|100/100\n|-weather|Snowscape|[from] ability: Snow Warning|[of] p2b: Froslass\n|cant|p1a: Archaludon|slp\n|move|p2a: Milotic|Hypnosis|p1b: Chesnaught\n|-status|p1b: Chesnaught|slp|[from] move: Hypnosis\n|cant|p1b: Chesnaught|slp\n|\n|-weather|Snowscape|[upkeep]\n|-heal|p1a: Archaludon|100/100 slp|[from] item: Leftovers\n|upkeep\n|turn|17\n|\n|t:|1776259648\n|switch|p1a: Farigiraf|Farigiraf, L50, M|26/100\n|cant|p1b: Chesnaught|slp\n|move|p2b: Froslass|Blizzard|p1a: Farigiraf|[spread] p1a,p1b\n|-supereffective|p1b: Chesnaught|1\n|-damage|p1a: Farigiraf|0 fnt\n|-damage|p1b: Chesnaught|14/100 slp\n|faint|p1a: Farigiraf\n|move|p2a: Milotic|Muddy Water|p1b: Chesnaught\n|-resisted|p1b: Chesnaught|1\n|-damage|p1b: Chesnaught|2/100 slp\n|\n|-weather|Snowscape|[upkeep]\n|upkeep\n|\n|t:|1776259662\n|switch|p1a: Incineroar|Incineroar, L50, M|50/100\n|-ability|p1a: Incineroar|Intimidate|boost\n|-unboost|p2a: Milotic|atk|1\n|-ability|p2a: Milotic|Competitive|boost\n|-boost|p2a: Milotic|spa|2\n|-unboost|p2b: Froslass|atk|1\n|turn|18\n|\n|t:|1776259673\n|switch|p1b: Archaludon|Archaludon, L50, F|100/100 slp\n|move|p2b: Froslass|Aurora Veil|p2b: Froslass\n|-sidestart|p2: randomn1ck|move: Aurora Veil\n|move|p2a: Milotic|Muddy Water|p1a: Incineroar|[spread] p1a,p1b\n|-supereffective|p1a: Incineroar|1\n|-resisted|p1b: Archaludon|1\n|-damage|p1a: Incineroar|0 fnt\n|-damage|p1b: Archaludon|77/100 slp\n|-ability|p1b: Archaludon|Stamina|boost\n|-boost|p1b: Archaludon|def|1\n|faint|p1a: Incineroar\n|\n|-weather|Snowscape|[upkeep]\n|-heal|p1b: Archaludon|83/100 slp|[from] item: Leftovers\n|upkeep\n|\n|t:|1776259680\n|switch|p1a: Chesnaught|Chesnaught-Mega, L50, F|2/100 slp\n|turn|19\n|\n|t:|1776259689\n|-curestatus|p1a: Chesnaught|slp|[msg]\n|move|p1a: Chesnaught|Wide Guard|p1a: Chesnaught\n|-singleturn|p1a: Chesnaught|Wide Guard\n|move|p2b: Froslass|Blizzard|p1a: Chesnaught|[spread] \n|-activate|p1a: Chesnaught|move: Wide Guard\n|-activate|p1b: Archaludon|move: Wide Guard\n|cant|p1b: Archaludon|slp\n|move|p2a: Milotic|Muddy Water|p1a: Chesnaught|[spread] \n|-activate|p1a: Chesnaught|move: Wide Guard\n|-activate|p1b: Archaludon|move: Wide Guard\n|\n|-weather|Snowscape|[upkeep]\n|-heal|p1b: Archaludon|89/100 slp|[from] item: Leftovers\n|upkeep\n|turn|20\n|inactive|BigRoflet has 30 seconds left.\n|inactive|BigRoflet has 20 seconds left.\n|\n|t:|1776259725\n|move|p2b: Froslass|Protect|p2b: Froslass\n|-singleturn|p2b: Froslass|Protect\n|move|p1a: Chesnaught|Spiky Shield||[still]\n|-fail|p1a: Chesnaught\n|-curestatus|p1b: Archaludon|slp|[msg]\n|move|p1b: Archaludon|Flash Cannon|p2b: Froslass\n|-activate|p2b: Froslass|move: Protect\n|move|p2a: Milotic|Hypnosis|p1a: Chesnaught\n|-status|p1a: Chesnaught|slp|[from] move: Hypnosis\n|\n|-weather|none\n|-heal|p1b: Archaludon|95/100|[from] item: Leftovers\n|upkeep\n|turn|21\n|inactive|BigRoflet has 25 seconds left this turn.\n|inactive|BigRoflet has 20 seconds left.\n|inactive|BigRoflet has 15 seconds left.\n|inactive|BigRoflet has 10 seconds left.\n|inactive|BigRoflet has 5 seconds left.\n|\n|t:|1776259745\n|switch|p2b: Incineroar|Incineroar, L50, M, shiny|92/100\n|-ability|p2b: Incineroar|Intimidate|boost\n|-unboost|p1a: Chesnaught|atk|1\n|-unboost|p1b: Archaludon|atk|1\n|cant|p1a: Chesnaught|slp\n|move|p1b: Archaludon|Draco Meteor|p2a: Milotic\n|-damage|p2a: Milotic|70/100\n|-unboost|p1b: Archaludon|spa|2\n|move|p2a: Milotic|Hypnosis|p1b: Archaludon\n|-status|p1b: Archaludon|slp|[from] move: Hypnosis\n|\n|-heal|p1b: Archaludon|100/100 slp|[from] item: Leftovers\n|-heal|p2a: Milotic|76/100|[from] item: Leftovers\n|upkeep\n|turn|22\n|inactive|BigRoflet has 5 seconds left this turn.\n|-message|BigRoflet lost due to inactivity.\n|\n|win|randomn1ck\n|raw|BigRoflet's rating: 1221 &rarr; <strong>1199</strong><br />(-22 for losing)\n|raw|randomn1ck's rating: 1264 &rarr; <strong>1286</strong><br />(+22 for winning)\n",
  "uploadtime": 1776259752,
  "views": 34,
  "formatid": "gen9championsvgc2026regma",
  "rating": 1199,
  "private": 0,
  "password": null
}