{
  "id": "gen9championsvgc2026regma-2583822167",
  "format": "[Gen 9 Champions] VGC 2026 Reg M-A",
  "players": [
    "poobleunderscore",
    "sadcasuals"
  ],
  "log": "|j|\u2606poobleunderscore\n|j|\u2606sadcasuals\n|t:|1776200408\n|gametype|doubles\n|player|p1|poobleunderscore|crasherwake|1159\n|player|p2|sadcasuals|102|1159\n|gen|9\n|tier|[Gen 9 Champions] VGC 2026 Reg M-A\n|rated|\n|rule|Species Clause: Limit one of each Pok\u00e9mon\n|rule|Item Clause: Limit 1 of each item\n|clearpoke\n|poke|p1|Charizard, L50, M|\n|poke|p1|Aerodactyl, L50, F|\n|poke|p1|Rotom-Wash, L50|\n|poke|p1|Ninetales-Alola, L50, M|\n|poke|p1|Scizor, L50, M|\n|poke|p1|Tauros-Paldea-Aqua, L50, M|\n|poke|p2|Mimikyu, L50, M|\n|poke|p2|Golurk, L50|\n|poke|p2|Oranguru, L50, F|\n|poke|p2|Torkoal, L50, M|\n|poke|p2|Milotic, L50, F|\n|poke|p2|Hydrapple, L50, M|\n|teampreview|4\n|\n|t:|1776200460\n|teamsize|p1|4\n|teamsize|p2|4\n|start\n|switch|p1a: Charizard|Charizard, L50, M|100/100\n|switch|p1b: Tauros|Tauros-Paldea-Aqua, L50, M|100/100\n|switch|p2a: Oranguru|Oranguru, L50, F|100/100\n|switch|p2b: Golurk|Golurk, L50|100/100\n|-ability|p1b: Tauros|Intimidate|boost\n|-unboost|p2a: Oranguru|atk|1\n|-unboost|p2b: Golurk|atk|1\n|turn|1\n|\n|t:|1776200479\n|switch|p2b: Hydrapple|Hydrapple, L50, M|100/100\n|detailschange|p1a: Charizard|Charizard-Mega-X, L50, M\n|-mega|p1a: Charizard|Charizard|Charizardite X\n|move|p1a: Charizard|Flare Blitz|p2a: Oranguru\n|-damage|p2a: Oranguru|37/100\n|-enditem|p2a: Oranguru|Sitrus Berry|[eat]\n|-heal|p2a: Oranguru|61/100|[from] item: Sitrus Berry\n|-damage|p1a: Charizard|78/100|[from] Recoil\n|move|p1b: Tauros|Wave Crash|p2a: Oranguru\n|-damage|p2a: Oranguru|14/100\n|-damage|p1b: Tauros|83/100|[from] Recoil\n|move|p2a: Oranguru|Trick Room|p2a: Oranguru\n|-fieldstart|move: Trick Room|[of] p2a: Oranguru\n|\n|upkeep\n|turn|2\n|\n|t:|1776200493\n|move|p2a: Oranguru|Protect|p2a: Oranguru\n|-singleturn|p2a: Oranguru|Protect\n|move|p1a: Charizard|Protect|p1a: Charizard\n|-singleturn|p1a: Charizard|Protect\n|move|p1b: Tauros|Aqua Jet|p2a: Oranguru\n|-activate|p2a: Oranguru|move: Protect\n|move|p2b: Hydrapple|Giga Drain|p1b: Tauros\n|-supereffective|p1b: Tauros|1\n|-crit|p1b: Tauros\n|-damage|p1b: Tauros|0 fnt\n|faint|p1b: Tauros\n|\n|upkeep\n|\n|t:|1776200496\n|switch|p1b: Ninetales|Ninetales-Alola, L50, M|100/100\n|-weather|Snowscape|[from] ability: Snow Warning|[of] p1b: Ninetales\n|turn|3\n|\n|t:|1776200517\n|switch|p2a: Mimikyu|Mimikyu, L50, M|100/100\n|move|p2b: Hydrapple|Fickle Beam|p1a: Charizard|[anim] Fickle Beam All Out\n|-activate|p2b: Hydrapple|move: Fickle Beam\n|-supereffective|p1a: Charizard|1\n|-damage|p1a: Charizard|0 fnt\n|faint|p1a: Charizard\n|move|p1b: Ninetales|Blizzard|p2a: Mimikyu|[spread] p2a,p2b\n|-supereffective|p2b: Hydrapple|2\n|-activate|p2a: Mimikyu|ability: Disguise\n|-damage|p2a: Mimikyu|100/100\n|-damage|p2b: Hydrapple|10/100\n|-status|p2a: Mimikyu|frz\n|detailschange|p2a: Mimikyu|Mimikyu-Busted, L50, M\n|-damage|p2a: Mimikyu|88/100 frz|[from] pokemon: Mimikyu-Busted\n|\n|-weather|Snowscape|[upkeep]\n|upkeep\n|\n|t:|1776200527\n|switch|p1a: Aerodactyl|Aerodactyl, L50, F|100/100\n|-ability|p1a: Aerodactyl|Unnerve\n|turn|4\n|\n|t:|1776200538\n|move|p2b: Hydrapple|Fickle Beam|p1a: Aerodactyl\n|-damage|p1a: Aerodactyl|42/100\n|-curestatus|p2a: Mimikyu|frz|[msg]\n|move|p2a: Mimikyu|Curse|p1b: Ninetales\n|-start|p1b: Ninetales|Curse|[of] p2a: Mimikyu\n|-damage|p2a: Mimikyu|38/100\n|move|p1b: Ninetales|Aurora Veil|p1b: Ninetales\n|-sidestart|p1: poobleunderscore|move: Aurora Veil\n|move|p1a: Aerodactyl|Rock Slide|p2b: Hydrapple|[spread] p2a,p2b\n|-damage|p2a: Mimikyu|13/100\n|-damage|p2b: Hydrapple|0 fnt\n|faint|p2b: Hydrapple\n|\n|-weather|Snowscape|[upkeep]\n|-damage|p1b: Ninetales|76/100|[from] Curse\n|upkeep\n|\n|t:|1776200543\n|switch|p2b: Golurk|Golurk, L50|100/100\n|turn|5\n|\n|t:|1776200572\n|detailschange|p2b: Golurk|Golurk-Mega, L50\n|-mega|p2b: Golurk|Golurk|Golurkite\n|move|p1a: Aerodactyl|Protect|p1a: Aerodactyl\n|-singleturn|p1a: Aerodactyl|Protect\n|move|p2b: Golurk|Phantom Force||[still]\n|-prepare|p2b: Golurk|Phantom Force\n|move|p2a: Mimikyu|Curse|p1a: Aerodactyl\n|-start|p1a: Aerodactyl|Curse|[of] p2a: Mimikyu\n|-damage|p2a: Mimikyu|0 fnt\n|faint|p2a: Mimikyu\n|move|p1b: Ninetales|Blizzard|p2b: Golurk|[miss]\n|-miss|p1b: Ninetales|p2b: Golurk\n|\n|-weather|Snowscape|[upkeep]\n|-damage|p1b: Ninetales|51/100|[from] Curse\n|-damage|p1a: Aerodactyl|17/100|[from] Curse\n|-fieldend|move: Trick Room\n|upkeep\n|\n|t:|1776200584\n|switch|p2a: Oranguru|Oranguru, L50, F|14/100\n|turn|6\n|\n|t:|1776200595\n|move|p2a: Oranguru|Protect|p2a: Oranguru\n|-singleturn|p2a: Oranguru|Protect\n|move|p1a: Aerodactyl|Dual Wingbeat|p2a: Oranguru\n|-activate|p2a: Oranguru|move: Protect\n|move|p1b: Ninetales|Blizzard|p2a: Oranguru|[spread] \n|-miss|p1b: Ninetales|p2b: Golurk\n|-activate|p2a: Oranguru|move: Protect\n|move|p2b: Golurk|Phantom Force|p1b: Ninetales|[from] lockedmove\n|-damage|p1b: Ninetales|20/100\n|\n|-weather|Snowscape|[upkeep]\n|-damage|p1a: Aerodactyl|0 fnt|[from] Curse\n|faint|p1a: Aerodactyl\n|-damage|p1b: Ninetales|0 fnt|[from] Curse\n|faint|p1b: Ninetales\n|\n|win|sadcasuals\n|raw|poobleunderscore's rating: 1159 &rarr; <strong>1134</strong><br />(-25 for losing)\n|raw|sadcasuals's rating: 1159 &rarr; <strong>1184</strong><br />(+25 for winning)\n|l|\u2606poobleunderscore\n|player|p1|\n",
  "uploadtime": 1776200611,
  "views": 39,
  "formatid": "gen9championsvgc2026regma",
  "rating": 1134,
  "private": 0,
  "password": null
}