{
  "id": "gen9championsvgc2026regma-2588500044",
  "format": "[Gen 9 Champions] VGC 2026 Reg M-A",
  "players": [
    "Ewys12",
    "thicc latina lover"
  ],
  "log": "|j|\u2606Ewys12\n|j|\u2606thicc latina lover\n|t:|1776639154\n|gametype|doubles\n|player|p1|Ewys12|lillie-z|1344\n|player|p2|thicc latina lover|skyla|1403\n|gen|9\n|tier|[Gen 9 Champions] VGC 2026 Reg M-A\n|rated|\n|rule|Species Clause: Limit one of each Pok\u00e9mon\n|rule|Item Clause: Limit 1 of each item\n|clearpoke\n|poke|p1|Scizor, L50, F|\n|poke|p1|Tyranitar, L50, M|\n|poke|p1|Milotic, L50, M|\n|poke|p1|Incineroar, L50, M|\n|poke|p1|Sinistcha, L50|\n|poke|p1|Sneasler, L50, M|\n|poke|p2|Venusaur, L50, M, shiny|\n|poke|p2|Pelipper, L50, F, shiny|\n|poke|p2|Basculegion, L50, M|\n|poke|p2|Archaludon, L50, F|\n|poke|p2|Sneasler, L50, M|\n|poke|p2|Incineroar, L50, F|\n|teampreview|4\nEwys12 has agreed to open team sheets.\n|inactive|Battle timer is ON: inactive players will automatically lose when time's up. (requested by Ewys12)\nthicc latina lover has agreed to open team sheets.\n|showteam|p1|Scizor||Scizorite|Technician|BulletPunch,BugBite,SwordsDance,Protect|||F|||50|]Tyranitar||Tyranitarite|SandStream|RockSlide,Crunch,LowKick,Protect|||M|||50|]Milotic||Leftovers|Competitive|Scald,IcyWind,Recover,Protect|||M|||50|]Incineroar||SitrusBerry|Intimidate|FakeOut,FlareBlitz,ThroatChop,PartingShot|||M|||50|]Sinistcha||CobaBerry|Hospitality|MatchaGotcha,RagePowder,LifeDew,TrickRoom||||||50|]Sneasler||WhiteHerb|Unburden|FakeOut,DireClaw,CloseCombat,Coaching|||M|||50|\n|showteam|p2|Venusaur||Venusaurite|Chlorophyll|LeechSeed,GigaDrain,SludgeBomb,Protect|||M|||50|]Pelipper||FocusSash|Drizzle|WeatherBall,Hurricane,Tailwind,Protect|||F|||50|]Basculegion||ChoiceScarf|Adaptability|WaveCrash,AquaJet,FlipTurn,LastRespects|||M|||50|]Archaludon||Leftovers|Stamina|ElectroShot,FlashCannon,DragonPulse,Protect|||F|||50|]Sneasler||WhiteHerb|Unburden|FakeOut,CloseCombat,DireClaw,Coaching|||M|||50|]Incineroar||ChopleBerry|Intimidate|PartingShot,DarkestLariat,FakeOut,WillOWisp|||F|||50|\n|inactive|Ewys12 has 60 seconds left.\n|inactive|thicc latina lover has 60 seconds left.\n|\n|t:|1776639236\n|teamsize|p1|4\n|teamsize|p2|4\n|start\n|switch|p1a: Sneasler|Sneasler, L50, M|100/100\n|switch|p1b: Scizor|Scizor, L50, F|100/100\n|switch|p2a: Sneasler|Sneasler, L50, M|100/100\n|switch|p2b: Venusaur|Venusaur, L50, M, shiny|100/100\n|turn|1\n|\n|t:|1776639252\n|switch|p2b: Archaludon|Archaludon, L50, F|100/100\n|detailschange|p1b: Scizor|Scizor-Mega, L50, F\n|-mega|p1b: Scizor|Scizor|Scizorite\n|move|p1b: Scizor|Protect|p1b: Scizor\n|-singleturn|p1b: Scizor|Protect\n|move|p2a: Sneasler|Fake Out|p1b: Scizor\n|-activate|p1b: Scizor|move: Protect\n|move|p1a: Sneasler|Coaching|p1b: Scizor\n|-boost|p1b: Scizor|atk|1\n|-boost|p1b: Scizor|def|1\n|\n|upkeep\n|turn|2\n|inactive|Ewys12 has 30 seconds left.\n|inactive|Ewys12 has 20 seconds left.\n|inactive|Ewys12 has 15 seconds left.\n|inactive|Ewys12 has 10 seconds left.\n|inactive|Ewys12 has 5 seconds left.\n|\n|t:|1776639302\n|move|p2b: Archaludon|Protect|p2b: Archaludon\n|-singleturn|p2b: Archaludon|Protect\n|move|p1b: Scizor|Bullet Punch|p2a: Sneasler\n|-damage|p2a: Sneasler|3/100\n|move|p2a: Sneasler|Coaching|p2b: Archaludon\n|-boost|p2b: Archaludon|atk|1\n|-boost|p2b: Archaludon|def|1\n|move|p1a: Sneasler|Coaching|p1b: Scizor\n|-boost|p1b: Scizor|atk|1\n|-boost|p1b: Scizor|def|1\n|\n|upkeep\n|turn|3\n|inactive|Ewys12 has 30 seconds left.\n|\n|t:|1776639329\n|move|p2a: Sneasler|Coaching|p2b: Archaludon\n|-boost|p2b: Archaludon|atk|1\n|-boost|p2b: Archaludon|def|1\n|move|p1a: Sneasler|Close Combat|p2a: Sneasler\n|-resisted|p2a: Sneasler|1\n|-damage|p2a: Sneasler|0 fnt\n|-unboost|p1a: Sneasler|def|1\n|-unboost|p1a: Sneasler|spd|1\n|faint|p2a: Sneasler\n|-enditem|p1a: Sneasler|White Herb\n|-clearnegativeboost|p1a: Sneasler|[silent]\n|move|p2b: Archaludon|Electro Shot||[still]\n|-prepare|p2b: Archaludon|Electro Shot\n|-boost|p2b: Archaludon|spa|1\n|move|p1b: Scizor|Swords Dance|p1b: Scizor\n|-boost|p1b: Scizor|atk|2\n|\n|upkeep\n|\n|t:|1776639340\n|switch|p2a: Pelipper|Pelipper, L50, F, shiny|100/100\n|-weather|RainDance|[from] ability: Drizzle|[of] p2a: Pelipper\n|turn|4\n|\n|t:|1776639351\n|move|p1b: Scizor|Bullet Punch|p2a: Pelipper\n|-resisted|p2a: Pelipper|1\n|-damage|p2a: Pelipper|33/100\n|move|p1a: Sneasler|Close Combat|p2b: Archaludon\n|-supereffective|p2b: Archaludon|1\n|-damage|p2b: Archaludon|48/100\n|-unboost|p1a: Sneasler|def|1\n|-unboost|p1a: Sneasler|spd|1\n|-ability|p2b: Archaludon|Stamina|boost\n|-boost|p2b: Archaludon|def|1\n|move|p2a: Pelipper|Hurricane|p1a: Sneasler\n|-supereffective|p1a: Sneasler|1\n|-crit|p1a: Sneasler\n|-damage|p1a: Sneasler|0 fnt\n|faint|p1a: Sneasler\n|move|p2b: Archaludon|Electro Shot|p1b: Scizor|[from] lockedmove\n|-damage|p1b: Scizor|43/100\n|\n|-weather|RainDance|[upkeep]\n|-heal|p2b: Archaludon|54/100|[from] item: Leftovers\n|upkeep\n|\n|t:|1776639362\n|switch|p1a: Sinistcha|Sinistcha, L50|100/100\n|-heal|p1b: Scizor|68/100|[from] ability: Hospitality|[of] p1a: Sinistcha\n|turn|5\n|\n|t:|1776639376\n|move|p2a: Pelipper|Protect|p2a: Pelipper\n|-singleturn|p2a: Pelipper|Protect\n|move|p1b: Scizor|Bullet Punch|p2a: Pelipper\n|-activate|p2a: Pelipper|move: Protect\n|move|p2b: Archaludon|Electro Shot||[still]\n|-prepare|p2b: Archaludon|Electro Shot\n|-boost|p2b: Archaludon|spa|1\n|-anim|p2b: Archaludon|Electro Shot|p1b: Scizor\n|-damage|p1b: Scizor|0 fnt\n|faint|p1b: Scizor\n|move|p1a: Sinistcha|Matcha Gotcha|p2b: Archaludon|[spread] \n|-activate|p2a: Pelipper|move: Protect\n|-miss|p1a: Sinistcha|p2b: Archaludon\n|\n|-weather|RainDance|[upkeep]\n|-heal|p2b: Archaludon|60/100|[from] item: Leftovers\n|upkeep\n|\n|t:|1776639381\n|switch|p1b: Milotic|Milotic, L50, M|100/100\n|turn|6\n|\n|t:|1776639393\n|move|p1b: Milotic|Protect|p1b: Milotic\n|-singleturn|p1b: Milotic|Protect\n|move|p2a: Pelipper|Hurricane|p1a: Sinistcha\n|-supereffective|p1a: Sinistcha|1\n|-enditem|p1a: Sinistcha|Coba Berry|[eat]\n|-enditem|p1a: Sinistcha|Coba Berry|[weaken]\n|-damage|p1a: Sinistcha|53/100\n|move|p2b: Archaludon|Electro Shot||[still]\n|-prepare|p2b: Archaludon|Electro Shot\n|-boost|p2b: Archaludon|spa|1\n|-anim|p2b: Archaludon|Electro Shot|p1b: Milotic\n|-activate|p1b: Milotic|move: Protect\n|move|p1a: Sinistcha|Matcha Gotcha|p2b: Archaludon|[spread] p2a,p2b\n|-resisted|p2b: Archaludon|2\n|-damage|p2a: Pelipper|0 fnt\n|-heal|p1a: Sinistcha|65/100|[from] drain|[of] p2a: Pelipper\n|-damage|p2b: Archaludon|55/100\n|-heal|p1a: Sinistcha|68/100|[from] drain|[of] p2b: Archaludon\n|-ability|p2b: Archaludon|Stamina|boost\n|-boost|p2b: Archaludon|def|1\n|faint|p2a: Pelipper\n|\n|-weather|RainDance|[upkeep]\n|-heal|p2b: Archaludon|61/100|[from] item: Leftovers\n|upkeep\n|\n|t:|1776639396\n|switch|p2a: Venusaur|Venusaur, L50, M, shiny|100/100\n|turn|7\n|\n|t:|1776639407\n|detailschange|p2a: Venusaur|Venusaur-Mega, L50, M, shiny\n|-mega|p2a: Venusaur|Venusaur|Venusaurite\n|move|p1b: Milotic|Scald|p2b: Archaludon\n|-resisted|p2b: Archaludon|1\n|-damage|p2b: Archaludon|43/100\n|-status|p2b: Archaludon|brn\n|-ability|p2b: Archaludon|Stamina|boost\n|-boost|p2b: Archaludon|def|1\n|move|p2b: Archaludon|Dragon Pulse|p1a: Sinistcha\n|-crit|p1a: Sinistcha\n|-damage|p1a: Sinistcha|0 fnt\n|faint|p1a: Sinistcha\n|move|p2a: Venusaur|Leech Seed|p1b: Milotic\n|-start|p1b: Milotic|move: Leech Seed\n|\n|-weather|RainDance|[upkeep]\n|-heal|p2b: Archaludon|49/100 brn|[from] item: Leftovers\n|-damage|p1b: Milotic|88/100|[from] Leech Seed|[of] p2a: Venusaur\n|-damage|p2b: Archaludon|43/100 brn|[from] brn\n|upkeep\n|turn|8\n|\n|t:|1776639418\n|move|p1b: Milotic|Scald|p2b: Archaludon\n|-resisted|p2b: Archaludon|1\n|-damage|p2b: Archaludon|23/100 brn\n|-ability|p2b: Archaludon|Stamina|boost\n|-boost|p2b: Archaludon|def|1\n|move|p2b: Archaludon|Electro Shot||[still]\n|-prepare|p2b: Archaludon|Electro Shot\n|-boost|p2b: Archaludon|spa|1\n|-anim|p2b: Archaludon|Electro Shot|p1b: Milotic\n|-supereffective|p1b: Milotic|1\n|-damage|p1b: Milotic|0 fnt\n|faint|p1b: Milotic\n|\n|win|thicc latina lover\n|raw|Ewys12's rating: 1344 &rarr; <strong>1327</strong><br />(-17 for losing)\n|raw|thicc latina lover's rating: 1403 &rarr; <strong>1420</strong><br />(+17 for winning)\n",
  "uploadtime": 1776639418,
  "views": 9,
  "formatid": "gen9championsvgc2026regma",
  "rating": 1327,
  "private": 0,
  "password": null
}