{
  "id": "gen9championsvgc2026regma-2586395466",
  "format": "[Gen 9 Champions] VGC 2026 Reg M-A",
  "players": [
    "actuary97",
    "vicsgc"
  ],
  "log": "|j|\u2606actuary97\n|j|\u2606vicsgc\n|t:|1776431607\n|gametype|doubles\n|player|p1|actuary97|sabrina-frlg|1554\n|player|p2|vicsgc|266|1609\n|gen|9\n|tier|[Gen 9 Champions] VGC 2026 Reg M-A\n|rated|\n|rule|Species Clause: Limit one of each Pok\u00e9mon\n|rule|Item Clause: Limit 1 of each item\n|clearpoke\n|poke|p1|Incineroar, L50, M|\n|poke|p1|Farigiraf, L50, M|\n|poke|p1|Tyranitar, L50, F|\n|poke|p1|Gallade, L50, M|\n|poke|p1|Sinistcha, L50|\n|poke|p1|Corviknight, L50, M|\n|poke|p2|Froslass, L50, F|\n|poke|p2|Aerodactyl, L50, F|\n|poke|p2|Incineroar, L50, F|\n|poke|p2|Primarina, L50, F|\n|poke|p2|Sneasler, L50, F|\n|poke|p2|Garchomp, L50, F|\n|teampreview|4\n|\n|t:|1776431640\n|teamsize|p1|4\n|teamsize|p2|4\n|start\n|switch|p1a: Farigiraf|Farigiraf, L50, M|100/100\n|switch|p1b: Gallade|Gallade, L50, M, shiny|100/100\n|switch|p2a: Sneasler|Sneasler, L50, F|100/100\n|switch|p2b: Primarina|Primarina, L50, F|100/100\n|turn|1\n|j| Bayern72915\n|\n|t:|1776431654\n|switch|p2a: Incineroar|Incineroar, L50, F|100/100\n|-ability|p2a: Incineroar|Intimidate|boost\n|-unboost|p1a: Farigiraf|atk|1\n|-unboost|p1b: Gallade|atk|1\n|move|p1b: Gallade|Leaf Blade|p2b: Primarina\n|-supereffective|p2b: Primarina|1\n|-damage|p2b: Primarina|38/100\n|move|p2b: Primarina|Calm Mind|p2b: Primarina\n|-boost|p2b: Primarina|spa|1\n|-boost|p2b: Primarina|spd|1\n|move|p1a: Farigiraf|Psyshock|p2a: Incineroar\n|-immune|p2a: Incineroar\n|\n|-heal|p2b: Primarina|44/100|[from] item: Leftovers\n|upkeep\n|turn|2\n|\n|t:|1776431674\n|move|p1b: Gallade|Protect|p1b: Gallade\n|-singleturn|p1b: Gallade|Protect\n|move|p2b: Primarina|Protect|p2b: Primarina\n|-singleturn|p2b: Primarina|Protect\n|move|p2a: Incineroar|Parting Shot|p1b: Gallade\n|-activate|p1b: Gallade|move: Protect\n|move|p1a: Farigiraf|Nasty Plot|p1a: Farigiraf\n|-boost|p1a: Farigiraf|spa|2\n|\n|-heal|p2b: Primarina|50/100|[from] item: Leftovers\n|upkeep\n|turn|3\n|\n|t:|1776431695\n|switch|p2b: Froslass|Froslass, L50, F|100/100\n|move|p1b: Gallade|Leaf Blade|p2b: Froslass\n|-crit|p2b: Froslass\n|-damage|p2b: Froslass|0 fnt\n|faint|p2b: Froslass\n|move|p1a: Farigiraf|Hyper Voice|p2a: Incineroar\n|-damage|p2a: Incineroar|32/100\n|-enditem|p2a: Incineroar|Sitrus Berry|[eat]\n|-heal|p2a: Incineroar|56/100|[from] item: Sitrus Berry\n|move|p2a: Incineroar|Throat Chop|p1a: Farigiraf\n|-supereffective|p1a: Farigiraf|1\n|-enditem|p1a: Farigiraf|Colbur Berry|[eat]\n|-enditem|p1a: Farigiraf|Colbur Berry|[weaken]\n|-damage|p1a: Farigiraf|66/100\n|-start|p1a: Farigiraf|Throat Chop|[silent]\n|\n|upkeep\n|\n|t:|1776431711\n|switch|p2b: Sneasler|Sneasler, L50, F|100/100\n|turn|4\n|\n|t:|1776431720\n|move|p2b: Sneasler|Dire Claw|p1b: Gallade\n|-damage|p1b: Gallade|26/100\n|-status|p1b: Gallade|par\n|move|p2a: Incineroar|Throat Chop|p1a: Farigiraf\n|-supereffective|p1a: Farigiraf|1\n|-damage|p1a: Farigiraf|3/100\n|move|p1a: Farigiraf|Psyshock|p2b: Sneasler\n|-supereffective|p2b: Sneasler|2\n|-damage|p2b: Sneasler|0 fnt\n|faint|p2b: Sneasler\n|move|p1b: Gallade|Sacred Sword|p2a: Incineroar\n|-supereffective|p2a: Incineroar|1\n|-damage|p2a: Incineroar|0 fnt\n|faint|p2a: Incineroar\n|\n|-end|p1a: Farigiraf|Throat Chop|[silent]\n|upkeep\n|\n|t:|1776431732\n|switch|p2b: Primarina|Primarina, L50, F|50/100\n|turn|5\n|l| Bayern72915\n|\n|t:|1776431739\n|move|p2b: Primarina|Hyper Voice|p1a: Farigiraf|[spread] p1a,p1b\n|-damage|p1a: Farigiraf|0 fnt\n|-damage|p1b: Gallade|0 fnt\n|faint|p1a: Farigiraf\n|faint|p1b: Gallade\n|\n|-heal|p2b: Primarina|56/100|[from] item: Leftovers\n|upkeep\n|\n|t:|1776431741\n|switch|p1b: Corviknight|Corviknight, L50, M|100/100\n|switch|p1a: Tyranitar|Tyranitar, L50, F, shiny|100/100\n|-weather|Sandstorm|[from] ability: Sand Stream|[of] p1a: Tyranitar\n|turn|6\n|\n|t:|1776431749\n|detailschange|p1a: Tyranitar|Tyranitar-Mega, L50, F, shiny\n|-mega|p1a: Tyranitar|Tyranitar|Tyranitarite\n|move|p1a: Tyranitar|Rock Slide|p2b: Primarina|[miss]\n|-miss|p1a: Tyranitar|p2b: Primarina\n|move|p1b: Corviknight|Brave Bird|p2b: Primarina\n|-damage|p2b: Primarina|24/100\n|-damage|p1b: Corviknight|91/100|[from] Recoil\n|move|p2b: Primarina|Hyper Voice|p1b: Corviknight|[spread] p1a,p1b\n|-supereffective|p1a: Tyranitar|1\n|-damage|p1a: Tyranitar|72/100\n|-damage|p1b: Corviknight|70/100\n|\n|-weather|Sandstorm|[upkeep]\n|-damage|p2b: Primarina|18/100|[from] Sandstorm\n|-heal|p1b: Corviknight|76/100|[from] item: Leftovers\n|-heal|p2b: Primarina|24/100|[from] item: Leftovers\n|upkeep\n|turn|7\n|j| stinkyton\n|-message|vicsgc forfeited.\n|\n|win|actuary97\n|raw|actuary97's rating: 1554 &rarr; <strong>1577</strong><br />(+23 for winning)\n|raw|vicsgc's rating: 1609 &rarr; <strong>1586</strong><br />(-23 for losing)\n|l|\u2606vicsgc\n|player|p2|\n",
  "uploadtime": 1776431773,
  "views": 91,
  "formatid": "gen9championsvgc2026regma",
  "rating": 1577,
  "private": 0,
  "password": null
}