{
  "id": "gen9championsvgc2026regma-2582010356",
  "format": "[Gen 9 Champions] VGC 2026 Reg M-A",
  "players": [
    "The_alanlyal",
    "TLP27"
  ],
  "log": "|j|\u2606The_alanlyal\n|j|\u2606TLP27\n|t:|1776048065\n|gametype|doubles\n|player|p1|The_alanlyal|2|1061\n|player|p2|TLP27|lady|1074\n|gen|9\n|tier|[Gen 9 Champions] VGC 2026 Reg M-A\n|rated|\n|rule|Species Clause: Limit one of each Pok\u00e9mon\n|rule|Item Clause: Limit 1 of each item\n|clearpoke\n|poke|p1|Glimmora, L50, F|\n|poke|p1|Pelipper, L50, M|\n|poke|p1|Archaludon, L50, M|\n|poke|p1|Whimsicott, L50, F|\n|poke|p1|Incineroar, L50, M|\n|poke|p1|Basculegion, L50, M|\n|poke|p2|Kangaskhan, L50, F|\n|poke|p2|Tinkaton, L50, F|\n|poke|p2|Incineroar, L50, F|\n|poke|p2|Pelipper, L50, F|\n|poke|p2|Archaludon, L50, M|\n|poke|p2|Basculegion, L50, M|\n|teampreview|4\n|inactive|Battle timer is ON: inactive players will automatically lose when time's up. (requested by The_alanlyal)\n|\n|t:|1776048099\n|teamsize|p1|4\n|teamsize|p2|4\n|start\n|switch|p1a: Archaludon|Archaludon, L50, M|100/100\n|switch|p1b: Whimsicott|Whimsicott, L50, F|100/100\n|switch|p2a: Incineroar|Incineroar, L50, F|100/100\n|switch|p2b: Tinkaton|Tinkaton, L50, F|100/100\n|-ability|p2b: Tinkaton|Mold Breaker\n|-ability|p2a: Incineroar|Intimidate|boost\n|-unboost|p1a: Archaludon|atk|1\n|-unboost|p1b: Whimsicott|atk|1\n|-enditem|p1a: Archaludon|White Herb\n|-clearnegativeboost|p1a: Archaludon|[silent]\n|turn|1\n|\n|t:|1776048118\n|switch|p1b: Pelipper|Pelipper, L50, M|100/100\n|-weather|RainDance|[from] ability: Drizzle|[of] p1b: Pelipper\n|move|p1a: Archaludon|Protect|p1a: Archaludon\n|-singleturn|p1a: Archaludon|Protect\n|move|p2b: Tinkaton|Fake Out|p1a: Archaludon\n|-activate|p1a: Archaludon|move: Protect\n|move|p2a: Incineroar|Fake Out|p1b: Pelipper\n|-damage|p1b: Pelipper|85/100\n|\n|-weather|RainDance|[upkeep]\n|upkeep\n|turn|2\n|inactive|TLP27 has 30 seconds left.\n|\n|t:|1776048145\n|switch|p2b: Kangaskhan|Kangaskhan, L50, F|100/100\n|move|p1b: Pelipper|Weather Ball|p2a: Incineroar\n|-supereffective|p2a: Incineroar|1\n|-damage|p2a: Incineroar|0 fnt\n|faint|p2a: Incineroar\n|move|p1a: Archaludon|Electro Shot||[still]\n|-prepare|p1a: Archaludon|Electro Shot\n|-boost|p1a: Archaludon|spa|1\n|-anim|p1a: Archaludon|Electro Shot|p2b: Kangaskhan\n|-damage|p2b: Kangaskhan|27/100\n|\n|-weather|RainDance|[upkeep]\n|upkeep\n|\n|t:|1776048158\n|switch|p2a: Basculegion|Basculegion, L50, M|100/100\n|turn|3\n|\n|t:|1776048172\n|switch|p1b: Whimsicott|Whimsicott, L50, F|100/100\n|detailschange|p2b: Kangaskhan|Kangaskhan-Mega, L50, F\n|-mega|p2b: Kangaskhan|Kangaskhan|Kangaskhanite\n|move|p1a: Archaludon|Protect|p1a: Archaludon\n|-singleturn|p1a: Archaludon|Protect\n|move|p2a: Basculegion|Last Respects|p1a: Archaludon\n|-activate|p1a: Archaludon|move: Protect\n|move|p2b: Kangaskhan|Low Kick|p1a: Archaludon\n|-activate|p1a: Archaludon|move: Protect\n|\n|-weather|RainDance|[upkeep]\n|upkeep\n|turn|4\n|\n|t:|1776048192\n|move|p1b: Whimsicott|Tailwind|p1b: Whimsicott\n|-sidestart|p1: The_alanlyal|move: Tailwind\n|move|p1a: Archaludon|Electro Shot||[still]\n|-prepare|p1a: Archaludon|Electro Shot\n|-boost|p1a: Archaludon|spa|1\n|-anim|p1a: Archaludon|Electro Shot|p2a: Basculegion\n|-supereffective|p2a: Basculegion|1\n|-damage|p2a: Basculegion|0 fnt\n|faint|p2a: Basculegion\n|move|p2b: Kangaskhan|Low Kick|p1a: Archaludon\n|-supereffective|p1a: Archaludon|1\n|-damage|p1a: Archaludon|57/100\n|-supereffective|p1a: Archaludon|1\n|-damage|p1a: Archaludon|45/100\n|-hitcount|p1a: Archaludon|2\n|\n|-weather|RainDance|[upkeep]\n|upkeep\n|\n|t:|1776048206\n|switch|p2a: Tinkaton|Tinkaton, L50, F|100/100\n|-ability|p2a: Tinkaton|Mold Breaker\n|turn|5\n|inactive|TLP27 has 30 seconds left.\n|\n|t:|1776048236\n|move|p1a: Archaludon|Protect|p1a: Archaludon\n|-singleturn|p1a: Archaludon|Protect\n|move|p1b: Whimsicott|Fake Tears|p2a: Tinkaton\n|-unboost|p2a: Tinkaton|spd|2\n|move|p2b: Kangaskhan|Low Kick|p1a: Archaludon\n|-activate|p1a: Archaludon|move: Protect\n|move|p2a: Tinkaton|Gigaton Hammer|p1b: Whimsicott\n|-supereffective|p1b: Whimsicott|1\n|-damage|p1b: Whimsicott|0 fnt\n|faint|p1b: Whimsicott\n|\n|-weather|none\n|upkeep\n|\n|t:|1776048240\n|switch|p1b: Pelipper|Pelipper, L50, M|85/100\n|-weather|RainDance|[from] ability: Drizzle|[of] p1b: Pelipper\n|turn|6\n|\n|t:|1776048263\n|move|p1b: Pelipper|Weather Ball|p2b: Kangaskhan\n|-damage|p2b: Kangaskhan|0 fnt\n|faint|p2b: Kangaskhan\n|move|p1a: Archaludon|Electro Shot||[still]\n|-prepare|p1a: Archaludon|Electro Shot\n|-boost|p1a: Archaludon|spa|1\n|-anim|p1a: Archaludon|Electro Shot|p2a: Tinkaton\n|-damage|p2a: Tinkaton|0 fnt\n|faint|p2a: Tinkaton\n|\n|win|The_alanlyal\n|raw|The_alanlyal's rating: 1061 &rarr; <strong>1093</strong><br />(+32 for winning)\n|raw|TLP27's rating: 1074 &rarr; <strong>1052</strong><br />(-22 for losing)\n|l|\u2606The_alanlyal\n|player|p1|\n",
  "uploadtime": 1776048272,
  "views": 34,
  "formatid": "gen9championsvgc2026regma",
  "rating": 1052,
  "private": 0,
  "password": null
}