{
  "id": "gen9championsvgc2026regma-2586500912",
  "format": "[Gen 9 Champions] VGC 2026 Reg M-A",
  "players": [
    "1 not 2",
    "liuyuny"
  ],
  "log": "|j|\u26061 not 2\n|j|\u2606liuyuny\n|t:|1776439005\n|gametype|doubles\n|player|p1|1 not 2|2|1064\n|player|p2|liuyuny|roxie|1000\n|gen|9\n|tier|[Gen 9 Champions] VGC 2026 Reg M-A\n|rated|\n|rule|Species Clause: Limit one of each Pok\u00e9mon\n|rule|Item Clause: Limit 1 of each item\n|clearpoke\n|poke|p1|Weavile, L50, F|\n|poke|p1|Floette-Eternal, L50, F|\n|poke|p1|Sinistcha, L50|\n|poke|p1|Aerodactyl, L50, M|\n|poke|p1|Rotom-Wash, L50|\n|poke|p1|Chandelure, L50, F|\n|poke|p2|Charizard, L50, M|\n|poke|p2|Sneasler, L50, M|\n|poke|p2|Whimsicott, L50, M|\n|poke|p2|Incineroar, L50, M|\n|poke|p2|Rotom-Wash, L50|\n|poke|p2|Garchomp, L50, M|\n|teampreview|4\n|\n|t:|1776439067\n|teamsize|p1|4\n|teamsize|p2|4\n|start\n|switch|p1a: Weavile|Weavile, L50, F|100/100\n|switch|p1b: Aerodactyl|Aerodactyl, L50, M|100/100\n|switch|p2a: Whimsicott|Whimsicott, L50, M|100/100\n|switch|p2b: Charizard|Charizard, L50, M, shiny|100/100\n|-ability|p1b: Aerodactyl|Pressure\n|turn|1\n|\n|t:|1776439102\n|move|p2b: Charizard|Protect|p2b: Charizard\n|-singleturn|p2b: Charizard|Protect\n|move|p1a: Weavile|Fake Out|p2a: Whimsicott\n|-damage|p2a: Whimsicott|81/100\n|move|p1b: Aerodactyl|Dual Wingbeat|p2a: Whimsicott\n|-supereffective|p2a: Whimsicott|1\n|-damage|p2a: Whimsicott|19/100\n|-supereffective|p2a: Whimsicott|1\n|-damage|p2a: Whimsicott|0 fnt\n|faint|p2a: Whimsicott\n|-hitcount|p2: Whimsicott|2\n|\n|upkeep\n|\n|t:|1776439114\n|switch|p2a: Garchomp|Garchomp, L50, M|100/100\n|turn|2\n|\n|t:|1776439123\n|detailschange|p2b: Charizard|Charizard-Mega-Y, L50, M, shiny\n|-mega|p2b: Charizard|Charizard|Charizardite Y\n|-weather|SunnyDay|[from] ability: Drought|[of] p2b: Charizard\n|move|p2a: Garchomp|Rock Slide|p1b: Aerodactyl|[spread] p1a,p1b\n|-supereffective|p1a: Weavile|1\n|-supereffective|p1b: Aerodactyl|1\n|-damage|p1a: Weavile|25/100\n|-damage|p1b: Aerodactyl|36/100\n|move|p1b: Aerodactyl|Rock Slide|p2a: Garchomp|[spread] p2a,p2b\n|-resisted|p2a: Garchomp|1\n|-supereffective|p2b: Charizard|2\n|-damage|p2a: Garchomp|89/100\n|-damage|p2b: Charizard|0 fnt\n|faint|p2b: Charizard\n|cant|p1a: Weavile|flinch\n|\n|-weather|SunnyDay|[upkeep]\n|upkeep\n|\n|t:|1776439139\n|switch|p2b: Rotom|Rotom-Wash, L50|100/100\n|turn|3\n|\n|t:|1776439162\n|switch|p1a: Rotom|Rotom-Wash, L50|100/100\n|move|p1b: Aerodactyl|Protect|p1b: Aerodactyl\n|-singleturn|p1b: Aerodactyl|Protect\n|move|p2b: Rotom|Protect|p2b: Rotom\n|-singleturn|p2b: Rotom|Protect\n|move|p2a: Garchomp|Rock Slide|p1b: Aerodactyl|[spread] p1a\n|-activate|p1b: Aerodactyl|move: Protect\n|-damage|p1a: Rotom|78/100\n|\n|-weather|SunnyDay|[upkeep]\n|-heal|p1a: Rotom|83/100|[from] item: Leftovers\n|upkeep\n|turn|4\n|\n|t:|1776439195\n|move|p2a: Garchomp|Rock Slide|p1a: Rotom|[spread] p1a,p1b\n|-supereffective|p1b: Aerodactyl|1\n|-damage|p1a: Rotom|64/100\n|-damage|p1b: Aerodactyl|0 fnt\n|faint|p1b: Aerodactyl\n|move|p2b: Rotom|Electroweb|p1a: Rotom|[miss]\n|-miss|p2b: Rotom|p1a: Rotom\n|move|p1a: Rotom|Hydro Pump|p2a: Garchomp\n|-damage|p2a: Garchomp|62/100\n|\n|-weather|SunnyDay|[upkeep]\n|-heal|p1a: Rotom|69/100|[from] item: Leftovers\n|upkeep\n|\n|t:|1776439213\n|switch|p1b: Floette|Floette-Eternal, L50, F|100/100\n|turn|5\n|\n|t:|1776439224\n|detailschange|p1b: Floette|Floette-Mega, L50, F\n|-mega|p1b: Floette|Floette|Floettite\n|-ability|p1b: Floette|Fairy Aura\n|move|p2a: Garchomp|Rock Slide|p1b: Floette|[spread] p1a,p1b\n|-damage|p1a: Rotom|49/100\n|-damage|p1b: Floette|73/100\n|cant|p1b: Floette|flinch\n|move|p2b: Rotom|Electroweb|p1a: Rotom|[spread] p1a,p1b\n|-damage|p1a: Rotom|34/100\n|-damage|p1b: Floette|62/100\n|-unboost|p1a: Rotom|spe|1\n|-unboost|p1b: Floette|spe|1\n|cant|p1a: Rotom|flinch\n|\n|-weather|SunnyDay|[upkeep]\n|-heal|p1a: Rotom|39/100|[from] item: Leftovers\n|upkeep\n|turn|6\n|\n|t:|1776439249\n|move|p1b: Floette|Protect|p1b: Floette\n|-singleturn|p1b: Floette|Protect\n|move|p2a: Garchomp|Rock Slide|p1a: Rotom|[spread] p1a\n|-activate|p1b: Floette|move: Protect\n|-damage|p1a: Rotom|17/100\n|move|p2b: Rotom|Hydro Pump|p1b: Floette\n|-activate|p1b: Floette|move: Protect\n|move|p1a: Rotom|Thunderbolt|p2b: Rotom\n|-damage|p2b: Rotom|54/100\n|\n|-weather|none\n|-heal|p2b: Rotom|60/100|[from] item: Leftovers\n|-heal|p1a: Rotom|23/100|[from] item: Leftovers\n|upkeep\n|turn|7\n|\n|t:|1776439277\n|switch|p1b: Weavile|Weavile, L50, F|25/100\n|move|p2a: Garchomp|Rock Slide|p1b: Weavile|[spread] p1a,p1b\n|-supereffective|p1b: Weavile|1\n|-damage|p1a: Rotom|3/100\n|-damage|p1b: Weavile|0 fnt\n|faint|p1b: Weavile\n|move|p2b: Rotom|Hydro Pump|p1a: Rotom\n|-resisted|p1a: Rotom|1\n|-damage|p1a: Rotom|0 fnt\n|faint|p1a: Rotom\n|\n|-heal|p2b: Rotom|66/100|[from] item: Leftovers\n|upkeep\n|\n|t:|1776439287\n|switch|p1b: Floette|Floette-Mega, L50, F|62/100\n|-ability|p1b: Floette|Fairy Aura\n|turn|8\n|\n|t:|1776439302\n|move|p2a: Garchomp|Rock Slide|p1b: Floette\n|-damage|p1b: Floette|29/100\n|move|p1b: Floette|Giga Drain|p2b: Rotom\n|-supereffective|p2b: Rotom|1\n|-damage|p2b: Rotom|0 fnt\n|-heal|p1b: Floette|62/100|[from] drain|[of] p2b: Rotom\n|faint|p2b: Rotom\n|\n|upkeep\n|turn|9\n|\n|t:|1776439319\n|move|p2a: Garchomp|Rock Slide|p1b: Floette\n|-damage|p1b: Floette|28/100\n|cant|p1b: Floette|flinch\n|\n|upkeep\n|turn|10\n|\n|t:|1776439331\n|move|p1b: Floette|Protect|p1b: Floette\n|-singleturn|p1b: Floette|Protect\n|move|p2a: Garchomp|Rock Slide|p1b: Floette\n|-activate|p1b: Floette|move: Protect\n|\n|upkeep\n|turn|11\n|\n|t:|1776439341\n|-activate|p2a: Garchomp|move: Struggle\n|move|p2a: Garchomp|Struggle|p1b: Floette\n|-damage|p1b: Floette|5/100\n|-damage|p2a: Garchomp|37/100|[from] recoil\n|move|p1b: Floette|Light of Ruin|p2a: Garchomp\n|-supereffective|p2a: Garchomp|1\n|-damage|p2a: Garchomp|0 fnt\n|faint|p2a: Garchomp\n|-damage|p1b: Floette|0 fnt|[from] Recoil\n|faint|p1b: Floette\n|\n|win|1 not 2\n|raw|1 not 2's rating: 1064 &rarr; <strong>1089</strong><br />(+25 for winning)\n|raw|liuyuny's rating: 1000 &rarr; <strong>1000</strong><br />(+0 for losing)\n|l|\u26061 not 2\n|player|p1|\n|l|\u2606liuyuny\n|player|p2|\n",
  "uploadtime": 1776439407,
  "views": 21,
  "formatid": "gen9championsvgc2026regma",
  "rating": 1000,
  "private": 0,
  "password": null
}