{
  "id": "gen9championsvgc2026regma-2584946289",
  "format": "[Gen 9 Champions] VGC 2026 Reg M-A",
  "players": [
    "BK Sergio",
    "Kazthor5"
  ],
  "log": "|j|\u2606BK Sergio\n|j|\u2606Kazthor5\n|t:|1776297029\n|gametype|doubles\n|player|p1|BK Sergio|birdkeeper-gen4dp|\n|player|p2|Kazthor5|drayden|\n|gen|9\n|tier|[Gen 9 Champions] VGC 2026 Reg M-A\n|rule|Species Clause: Limit one of each Pok\u00e9mon\n|rule|Item Clause: Limit 1 of each item\n|clearpoke\n|poke|p1|Garchomp, L50, F|\n|poke|p1|Charizard, L50, F|\n|poke|p1|Sneasler, L50, M|\n|poke|p1|Venusaur, L50, F|\n|poke|p1|Incineroar, L50, M|\n|poke|p1|Rotom-Wash, L50|\n|poke|p2|Charizard, L50, M|\n|poke|p2|Dragapult, L50, M|\n|poke|p2|Venusaur, L50, F|\n|poke|p2|Sneasler, L50, F|\n|poke|p2|Farigiraf, L50, F|\n|poke|p2|Clefable, L50, F|\n|teampreview|4\nKazthor5 rejected open team sheets.\n|inactive|Battle timer is ON: inactive players will automatically lose when time's up. (requested by Kazthor5)\n|\n|t:|1776297072\n|teamsize|p1|4\n|teamsize|p2|4\n|start\n|switch|p1a: Charizard|Charizard, L50, F|100/100\n|switch|p1b: Venusaur|Venusaur, L50, F|100/100\n|switch|p2a: Dragapult|Dragapult, L50, M|100/100\n|switch|p2b: Luna|Clefable, L50, F, shiny|100/100\n|turn|1\n|\n|t:|1776297088\n|detailschange|p1a: Charizard|Charizard-Mega-Y, L50, F\n|-mega|p1a: Charizard|Charizard|Charizardite Y\n|-weather|SunnyDay|[from] ability: Drought|[of] p1a: Charizard\n|move|p1b: Venusaur|Sludge Bomb|p2b: Luna\n|-supereffective|p2b: Luna|1\n|-damage|p2b: Luna|29/100\n|-status|p2b: Luna|psn\n|-enditem|p2b: Luna|Sitrus Berry|[eat]\n|-heal|p2b: Luna|54/100 psn|[from] item: Sitrus Berry\n|move|p2a: Dragapult|Phantom Force||[still]\n|-prepare|p2a: Dragapult|Phantom Force\n|move|p1a: Charizard|Heat Wave|p2b: Luna|[spread] p2b\n|-miss|p1a: Charizard|p2a: Dragapult\n|-damage|p2b: Luna|0 fnt\n|faint|p2b: Luna\n|\n|-weather|SunnyDay|[upkeep]\n|upkeep\n|\n|t:|1776297108\n|switch|p2b: Nika|Charizard, L50, M|100/100\n|turn|2\n|\n|t:|1776297120\n|switch|p1a: Incineroar|Incineroar, L50, M|100/100\n|-ability|p1a: Incineroar|Intimidate|boost\n|-fail|p2a: Dragapult|unboost|[from] ability: Clear Body|[of] p2a: Dragapult\n|-unboost|p2b: Nika|atk|1\n|detailschange|p2b: Nika|Charizard-Mega-Y, L50, M\n|-mega|p2b: Nika|Charizard|Charizardite Y\n|move|p1b: Venusaur|Sleep Powder|p2b: Nika|[miss]\n|-miss|p1b: Venusaur|p2b: Nika\n|move|p2a: Dragapult|Phantom Force|p1a: Incineroar|[from] lockedmove\n|-resisted|p1a: Incineroar|1\n|-damage|p1a: Incineroar|75/100\n|move|p2b: Nika|Air Slash|p1b: Venusaur\n|-supereffective|p1b: Venusaur|1\n|-enditem|p1b: Venusaur|Focus Sash\n|-damage|p1b: Venusaur|1/100\n|\n|-weather|SunnyDay|[upkeep]\n|upkeep\n|turn|3\n|\n|t:|1776297145\n|move|p1a: Incineroar|Fake Out|p2b: Nika\n|-damage|p2b: Nika|82/100\n|move|p2a: Dragapult|Sucker Punch||[still]\n|-fail|p2a: Dragapult\n|move|p1b: Venusaur|Sleep Powder|p2a: Dragapult\n|-status|p2a: Dragapult|slp|[from] move: Sleep Powder\n|cant|p2b: Nika|flinch\n|\n|-weather|SunnyDay|[upkeep]\n|upkeep\n|turn|4\n|\n|t:|1776297161\n|cant|p2a: Dragapult|slp\n|move|p1b: Venusaur|Sludge Bomb|p2b: Nika\n|-damage|p2b: Nika|41/100\n|move|p2b: Nika|Heat Wave|p1b: Venusaur|[spread] p1b\n|-miss|p2b: Nika|p1a: Incineroar\n|-supereffective|p1b: Venusaur|1\n|-damage|p1b: Venusaur|0 fnt\n|faint|p1b: Venusaur\n|move|p1a: Incineroar|Darkest Lariat|p2a: Dragapult\n|-supereffective|p2a: Dragapult|1\n|-enditem|p2a: Dragapult|Focus Sash\n|-damage|p2a: Dragapult|1/100 slp\n|\n|-weather|SunnyDay|[upkeep]\n|upkeep\n|\n|t:|1776297175\n|switch|p1b: Garchomp|Garchomp, L50, F|100/100\n|turn|5\n|\n|t:|1776297184\n|move|p1b: Garchomp|Rock Slide|p2a: Dragapult|[spread] p2a,p2b\n|-supereffective|p2b: Nika|2\n|-damage|p2a: Dragapult|0 fnt\n|-damage|p2b: Nika|0 fnt\n|faint|p2a: Dragapult\n|faint|p2b: Nika\n|move|p1a: Incineroar|Parting Shot|p2: Dragapult|[notarget]\n|-fail|p1a: Incineroar\n|\n|-weather|none\n|upkeep\n|-message|Kazthor5 forfeited.\n|\n|win|BK Sergio\n|l|\u2606Kazthor5\n|player|p2|\n",
  "uploadtime": 1776297193,
  "views": 48,
  "formatid": "gen9championsvgc2026regma",
  "rating": null,
  "private": 0,
  "password": null
}