{
  "id": "gen9championsvgc2026regma-2586159322",
  "format": "[Gen 9 Champions] VGC 2026 Reg M-A",
  "players": [
    "IDon'tWinBattles",
    "Rockletz"
  ],
  "log": "|j|\u2606IDon'tWinBattles\n|j|\u2606Rockletz\n|t:|1776406536\n|gametype|doubles\n|player|p1|IDon'tWinBattles|heroine2-conquest|1180\n|player|p2|Rockletz|hilda-wonderlauncher|1174\n|gen|9\n|tier|[Gen 9 Champions] VGC 2026 Reg M-A\n|rated|\n|rule|Species Clause: Limit one of each Pok\u00e9mon\n|rule|Item Clause: Limit 1 of each item\n|clearpoke\n|poke|p1|Gardevoir, L50, M|\n|poke|p1|Sneasler, L50, M|\n|poke|p1|Farigiraf, L50, F|\n|poke|p1|Kingambit, L50, F|\n|poke|p1|Sinistcha, L50|\n|poke|p1|Meowstic, L50, M|\n|poke|p2|Gengar, L50, F|\n|poke|p2|Politoed, L50, M|\n|poke|p2|Sinistcha, L50|\n|poke|p2|Incineroar, L50, F|\n|poke|p2|Archaludon, L50, F|\n|poke|p2|Kingambit, L50, M|\n|teampreview|4\n|\n|t:|1776406554\n|teamsize|p1|4\n|teamsize|p2|4\n|start\n|switch|p1a: Checkmate|Kingambit, L50, F|100/100\n|switch|p1b: The Keeper|Sneasler, L50, M|100/100\n|switch|p2a: Kingambit|Kingambit, L50, M|100/100\n|switch|p2b: Gengar|Gengar, L50, F|100/100\n|turn|1\n|inactive|Battle timer is ON: inactive players will automatically lose when time's up. (requested by IDon'tWinBattles)\n|inactive|Rockletz has 60 seconds left.\n|\n|t:|1776406607\n|switch|p2a: Incineroar|Incineroar, L50, F|100/100\n|-ability|p2a: Incineroar|Intimidate|boost\n|-unboost|p1a: Checkmate|atk|1\n|-ability|p1a: Checkmate|Defiant|boost\n|-boost|p1a: Checkmate|atk|2\n|-unboost|p1b: The Keeper|atk|1\n|-enditem|p1b: The Keeper|White Herb\n|-clearnegativeboost|p1b: The Keeper|[silent]\n|detailschange|p2b: Gengar|Gengar-Mega, L50, F\n|-mega|p2b: Gengar|Gengar|Gengarite\n|move|p2b: Gengar|Protect|p2b: Gengar\n|-singleturn|p2b: Gengar|Protect\n|move|p1b: The Keeper|Close Combat|p2a: Incineroar\n|-supereffective|p2a: Incineroar|1\n|-crit|p2a: Incineroar\n|-enditem|p2a: Incineroar|Chople Berry|[eat]\n|-enditem|p2a: Incineroar|Chople Berry|[weaken]\n|-damage|p2a: Incineroar|14/100\n|-unboost|p1b: The Keeper|def|1\n|-unboost|p1b: The Keeper|spd|1\n|move|p1a: Checkmate|Kowtow Cleave|p2b: Gengar\n|-activate|p2b: Gengar|move: Protect\n|\n|upkeep\n|turn|2\n|\n|t:|1776406631\n|move|p2a: Incineroar|Fake Out|p1a: Checkmate\n|-resisted|p1a: Checkmate|1\n|-damage|p1a: Checkmate|97/100\n|move|p1b: The Keeper|Close Combat|p2a: Incineroar\n|-supereffective|p2a: Incineroar|1\n|-damage|p2a: Incineroar|0 fnt\n|-unboost|p1b: The Keeper|def|1\n|-unboost|p1b: The Keeper|spd|1\n|faint|p2a: Incineroar\n|move|p2b: Gengar|Perish Song|p2b: Gengar\n|-start|p1a: Checkmate|perish3|[silent]\n|-start|p1b: The Keeper|perish3|[silent]\n|-start|p2b: Gengar|perish3|[silent]\n|-fieldactivate|move: Perish Song\n|cant|p1a: Checkmate|flinch\n|\n|-start|p1b: The Keeper|perish3\n|-start|p2b: Gengar|perish3\n|-start|p1a: Checkmate|perish3\n|upkeep\n|\n|t:|1776406640\n|switch|p2a: Politoed|Politoed, L50, M|100/100\n|-weather|RainDance|[from] ability: Drizzle|[of] p2a: Politoed\n|turn|3\n|\n|t:|1776406661\n|move|p2b: Gengar|Protect|p2b: Gengar\n|-singleturn|p2b: Gengar|Protect\n|move|p2a: Politoed|Protect|p2a: Politoed\n|-singleturn|p2a: Politoed|Protect\n|move|p1b: The Keeper|Close Combat|p2a: Politoed\n|-activate|p2a: Politoed|move: Protect\n|move|p1a: Checkmate|Kowtow Cleave|p2b: Gengar\n|-activate|p2b: Gengar|move: Protect\n|\n|-weather|RainDance|[upkeep]\n|-start|p1b: The Keeper|perish2\n|-start|p2b: Gengar|perish2\n|-start|p1a: Checkmate|perish2\n|upkeep\n|turn|4\n|inactive|Rockletz has 30 seconds left.\n|inactive|Rockletz has 20 seconds left.\n|inactive|Rockletz has 15 seconds left.\n|inactive|Rockletz has 10 seconds left.\n|\n|t:|1776406708\n|switch|p2b: Kingambit|Kingambit, L50, M|100/100\n|move|p1b: The Keeper|Close Combat|p2b: Kingambit\n|-supereffective|p2b: Kingambit|2\n|-damage|p2b: Kingambit|0 fnt\n|-unboost|p1b: The Keeper|def|1\n|-unboost|p1b: The Keeper|spd|1\n|faint|p2b: Kingambit\n|move|p2a: Politoed|Weather Ball|p1a: Checkmate\n|-damage|p1a: Checkmate|49/100\n|move|p1a: Checkmate|Kowtow Cleave|p2a: Politoed\n|-damage|p2a: Politoed|4/100\n|-enditem|p2a: Politoed|Sitrus Berry|[eat]\n|-heal|p2a: Politoed|29/100|[from] item: Sitrus Berry\n|\n|-weather|RainDance|[upkeep]\n|-start|p1b: The Keeper|perish1\n|-start|p1a: Checkmate|perish1\n|upkeep\n|\n|t:|1776406724\n|switch|p2b: Gengar|Gengar-Mega, L50, F|100/100\n|turn|5\n|\n|t:|1776406740\n|move|p2b: Gengar|Protect|p2b: Gengar\n|-singleturn|p2b: Gengar|Protect\n|move|p2a: Politoed|Protect|p2a: Politoed\n|-singleturn|p2a: Politoed|Protect\n|move|p1b: The Keeper|Close Combat|p2a: Politoed\n|-activate|p2a: Politoed|move: Protect\n|move|p1a: Checkmate|Kowtow Cleave|p2b: Gengar\n|-activate|p2b: Gengar|move: Protect\n|\n|-weather|RainDance|[upkeep]\n|-start|p1b: The Keeper|perish0\n|-start|p1a: Checkmate|perish0\n|faint|p1b: The Keeper\n|faint|p1a: Checkmate\n|upkeep\n|\n|t:|1776406743\n|switch|p1b: Justice!|Gardevoir, L50, M, shiny|100/100\n|switch|p1a: Hope|Farigiraf, L50, F|100/100\n|turn|6\n|\n|t:|1776406761\n|detailschange|p1b: Justice!|Gardevoir-Mega, L50, M, shiny\n|-mega|p1b: Justice!|Gardevoir|Gardevoirite\n|move|p1b: Justice!|Protect|p1b: Justice!\n|-singleturn|p1b: Justice!|Protect\n|move|p2b: Gengar|Sludge Bomb|p1b: Justice!\n|-activate|p1b: Justice!|move: Protect\n|move|p2a: Politoed|Weather Ball|p1b: Justice!\n|-activate|p1b: Justice!|move: Protect\n|move|p1a: Hope|Trick Room|p1a: Hope\n|-fieldstart|move: Trick Room|[of] p1a: Hope\n|\n|-weather|RainDance|[upkeep]\n|upkeep\n|turn|7\n|\n|t:|1776406773\n|move|p2b: Gengar|Protect|p2b: Gengar\n|-singleturn|p2b: Gengar|Protect\n|move|p1a: Hope|Psychic|p2b: Gengar\n|-activate|p2b: Gengar|move: Protect\n|move|p1b: Justice!|Hyper Voice|p2a: Politoed|[spread] p2a\n|-activate|p2b: Gengar|move: Protect\n|-damage|p2a: Politoed|0 fnt\n|faint|p2a: Politoed\n|\n|-weather|none\n|upkeep\n|turn|8\n|-message|Rockletz forfeited.\n|\n|win|IDon'tWinBattles\n|raw|IDon&apos;tWinBattles's rating: 1180 &rarr; <strong>1205</strong><br />(+25 for winning)\n|raw|Rockletz's rating: 1174 &rarr; <strong>1149</strong><br />(-25 for losing)\n|l|\u2606Rockletz\n|player|p2|\n",
  "uploadtime": 1776406787,
  "views": 39,
  "formatid": "gen9championsvgc2026regma",
  "rating": 1149,
  "private": 0,
  "password": null
}