{
  "id": "gen9championsvgc2026regma-2586493184",
  "format": "[Gen 9 Champions] VGC 2026 Reg M-A",
  "players": [
    "Schtuball",
    "skywalkingchris"
  ],
  "log": "|j|\u2606Schtuball\n|j|\u2606skywalkingchris\n|t:|1776438483\n|gametype|doubles\n|player|p1|Schtuball|clown|1075\n|player|p2|skywalkingchris|265|1146\n|gen|9\n|tier|[Gen 9 Champions] VGC 2026 Reg M-A\n|rated|\n|rule|Species Clause: Limit one of each Pok\u00e9mon\n|rule|Item Clause: Limit 1 of each item\n|clearpoke\n|poke|p1|Drampa, L50, M|\n|poke|p1|Basculegion, L50, M|\n|poke|p1|Archaludon, L50, M|\n|poke|p1|Sinistcha, L50|\n|poke|p1|Pelipper, L50, F|\n|poke|p1|Kingambit, L50, F|\n|poke|p2|Garchomp, L50, F|\n|poke|p2|Chimecho, L50, M|\n|poke|p2|Tyranitar, L50, F|\n|poke|p2|Glimmora, L50, F|\n|poke|p2|Kangaskhan, L50, F|\n|poke|p2|Sinistcha-Masterpiece, L50|\n|teampreview|4\n|\n|t:|1776438558\n|teamsize|p1|4\n|teamsize|p2|4\n|start\n|switch|p1a: Pelipper|Pelipper, L50, F|100/100\n|switch|p1b: Archaludon|Archaludon, L50, M|100/100\n|switch|p2a: Glimmora|Glimmora, L50, F|100/100\n|switch|p2b: Garchomp|Garchomp, L50, F|100/100\n|-weather|RainDance|[from] ability: Drizzle|[of] p1a: Pelipper\n|turn|1\n|\n|t:|1776438601\n|switch|p2a: Tyranitar|Tyranitar, L50, F|100/100\n|-weather|Sandstorm|[from] ability: Sand Stream|[of] p2a: Tyranitar\n|move|p2b: Garchomp|Stomping Tantrum|p1b: Archaludon\n|-supereffective|p1b: Archaludon|1\n|-damage|p1b: Archaludon|37/100\n|-ability|p1b: Archaludon|Stamina|boost\n|-boost|p1b: Archaludon|def|1\n|move|p1b: Archaludon|Dragon Pulse|p2b: Garchomp\n|-supereffective|p2b: Garchomp|1\n|-damage|p2b: Garchomp|0 fnt\n|faint|p2b: Garchomp\n|move|p1a: Pelipper|Tailwind|p1a: Pelipper\n|-sidestart|p1: Schtuball|move: Tailwind\n|\n|-weather|Sandstorm|[upkeep]\n|-damage|p1a: Pelipper|95/100|[from] Sandstorm\n|-heal|p1a: Pelipper|100/100|[from] item: Leftovers\n|upkeep\n|\n|t:|1776438619\n|switch|p2b: Kangaskhan|Kangaskhan, L50, F|100/100\n|turn|2\n|\n|t:|1776438654\n|switch|p1a: Sinistcha|Sinistcha, L50|100/100\n|-heal|p1b: Archaludon|61/100|[from] ability: Hospitality|[of] p1a: Sinistcha\n|detailschange|p2b: Kangaskhan|Kangaskhan-Mega, L50, F\n|-mega|p2b: Kangaskhan|Kangaskhan|Kangaskhanite\n|move|p1b: Archaludon|Protect|p1b: Archaludon\n|-singleturn|p1b: Archaludon|Protect\n|move|p2b: Kangaskhan|Double-Edge|p1b: Archaludon\n|-activate|p1b: Archaludon|move: Protect\n|move|p2a: Tyranitar|Knock Off|p1a: Sinistcha\n|-supereffective|p1a: Sinistcha|1\n|-damage|p1a: Sinistcha|22/100\n|-enditem|p1a: Sinistcha|Sitrus Berry|[from] move: Knock Off|[of] p2a: Tyranitar\n|\n|-weather|Sandstorm|[upkeep]\n|-damage|p1a: Sinistcha|16/100|[from] Sandstorm\n|-damage|p2b: Kangaskhan|94/100|[from] Sandstorm\n|upkeep\n|turn|3\n|\n|t:|1776438699\n|switch|p2a: Glimmora|Glimmora, L50, F|100/100\n|move|p1b: Archaludon|Flash Cannon|p2a: Glimmora\n|-supereffective|p2a: Glimmora|1\n|-damage|p2a: Glimmora|39/100\n|-enditem|p2a: Glimmora|Sitrus Berry|[eat]\n|-heal|p2a: Glimmora|64/100|[from] item: Sitrus Berry\n|move|p1a: Sinistcha|Matcha Gotcha|p2a: Glimmora|[spread] p2a,p2b\n|-damage|p2a: Glimmora|48/100\n|-heal|p1a: Sinistcha|25/100|[from] drain|[of] p2a: Glimmora\n|-damage|p2b: Kangaskhan|69/100\n|-heal|p1a: Sinistcha|38/100|[from] drain|[of] p2b: Kangaskhan\n|move|p2b: Kangaskhan|Double-Edge|p1a: Sinistcha\n|-immune|p1a: Sinistcha\n|\n|-weather|Sandstorm|[upkeep]\n|-damage|p1a: Sinistcha|31/100|[from] Sandstorm\n|-damage|p2b: Kangaskhan|63/100|[from] Sandstorm\n|upkeep\n|turn|4\n|\n|t:|1776438728\n|switch|p1a: Pelipper|Pelipper, L50, F|100/100\n|-weather|RainDance|[from] ability: Drizzle|[of] p1a: Pelipper\n|move|p2b: Kangaskhan|Protect|p2b: Kangaskhan\n|-singleturn|p2b: Kangaskhan|Protect\n|move|p2a: Glimmora|Endure|p2a: Glimmora\n|-singleturn|p2a: Glimmora|move: Endure\n|move|p1b: Archaludon|Electro Shot||[still]\n|-prepare|p1b: Archaludon|Electro Shot\n|-boost|p1b: Archaludon|spa|1\n|-anim|p1b: Archaludon|Electro Shot|p2b: Kangaskhan\n|-activate|p2b: Kangaskhan|move: Protect\n|\n|-weather|RainDance|[upkeep]\n|-sideend|p1: Schtuball|move: Tailwind\n|upkeep\n|turn|5\n|\n|t:|1776438761\n|move|p2b: Kangaskhan|Double-Edge|p1a: Pelipper\n|-damage|p1a: Pelipper|38/100\n|-damage|p1a: Pelipper|23/100\n|-hitcount|p1a: Pelipper|2\n|-damage|p2b: Kangaskhan|39/100|[from] Recoil\n|move|p2a: Glimmora|Earth Power|p1b: Archaludon\n|-supereffective|p1b: Archaludon|1\n|-damage|p1b: Archaludon|0 fnt\n|faint|p1b: Archaludon\n|move|p1a: Pelipper|Tailwind|p1a: Pelipper\n|-sidestart|p1: Schtuball|move: Tailwind\n|\n|-weather|RainDance|[upkeep]\n|-heal|p1a: Pelipper|29/100|[from] item: Leftovers\n|upkeep\n|\n|t:|1776438781\n|switch|p1b: Drampa|Drampa, L50, M|100/100\n|turn|6\n|\n|t:|1776438796\n|switch|p2a: Tyranitar|Tyranitar, L50, F|100/100\n|-weather|Sandstorm|[from] ability: Sand Stream|[of] p2a: Tyranitar\n|detailschange|p1b: Drampa|Drampa-Mega, L50, M\n|-mega|p1b: Drampa|Drampa|Drampanite\n|move|p2b: Kangaskhan|Protect|p2b: Kangaskhan\n|-singleturn|p2b: Kangaskhan|Protect\n|move|p1a: Pelipper|Weather Ball|p2a: Tyranitar\n|-damage|p2a: Tyranitar|88/100\n|move|p1b: Drampa|Calm Mind|p1b: Drampa\n|-boost|p1b: Drampa|spa|1\n|-boost|p1b: Drampa|spd|1\n|\n|-weather|Sandstorm|[upkeep]\n|-damage|p1a: Pelipper|23/100|[from] Sandstorm\n|-damage|p2b: Kangaskhan|33/100|[from] Sandstorm\n|-damage|p1b: Drampa|95/100|[from] Sandstorm\n|-heal|p1a: Pelipper|29/100|[from] item: Leftovers\n|upkeep\n|turn|7\n|\n|t:|1776438822\n|switch|p1a: Sinistcha|Sinistcha, L50|31/100\n|-heal|p1b: Drampa|100/100|[from] ability: Hospitality|[of] p1a: Sinistcha\n|switch|p2b: Glimmora|Glimmora, L50, F|48/100\n|move|p2a: Tyranitar|Dragon Dance|p2a: Tyranitar\n|-boost|p2a: Tyranitar|atk|1\n|-boost|p2a: Tyranitar|spe|1\n|move|p1b: Drampa|Earth Power|p2a: Tyranitar\n|-supereffective|p2a: Tyranitar|1\n|-damage|p2a: Tyranitar|22/100\n|\n|-weather|Sandstorm|[upkeep]\n|-damage|p1a: Sinistcha|25/100|[from] Sandstorm\n|-damage|p1b: Drampa|95/100|[from] Sandstorm\n|upkeep\n|turn|8\n|\n|t:|1776438845\n|switch|p1a: Pelipper|Pelipper, L50, F|29/100\n|-weather|RainDance|[from] ability: Drizzle|[of] p1a: Pelipper\n|switch|p2b: Kangaskhan|Kangaskhan-Mega, L50, F|33/100\n|move|p2a: Tyranitar|Protect|p2a: Tyranitar\n|-singleturn|p2a: Tyranitar|Protect\n|move|p1b: Drampa|Hyper Voice|p2a: Tyranitar|[spread] p2b\n|-activate|p2a: Tyranitar|move: Protect\n|-damage|p2b: Kangaskhan|0 fnt\n|faint|p2b: Kangaskhan\n|\n|-weather|RainDance|[upkeep]\n|-heal|p1a: Pelipper|35/100|[from] item: Leftovers\n|-sideend|p1: Schtuball|move: Tailwind\n|upkeep\n|\n|t:|1776438859\n|switch|p2b: Glimmora|Glimmora, L50, F|48/100\n|turn|9\n|\n|t:|1776438871\n|move|p2a: Tyranitar|Rock Slide|p1b: Drampa|[spread] p1a,p1b\n|-supereffective|p1a: Pelipper|1\n|-damage|p1a: Pelipper|0 fnt\n|-damage|p1b: Drampa|62/100\n|faint|p1a: Pelipper\n|move|p2b: Glimmora|Power Gem|p1b: Drampa\n|-damage|p1b: Drampa|43/100\n|-ability|p1b: Drampa|Berserk|boost\n|-boost|p1b: Drampa|spa|1\n|cant|p1b: Drampa|flinch\n|\n|-weather|RainDance|[upkeep]\n|upkeep\n|\n|t:|1776438884\n|switch|p1a: Sinistcha|Sinistcha, L50|25/100\n|-heal|p1b: Drampa|68/100|[from] ability: Hospitality|[of] p1a: Sinistcha\n|turn|10\n|\n|t:|1776438903\n|move|p1a: Sinistcha|Rage Powder|p1a: Sinistcha\n|-singleturn|p1a: Sinistcha|move: Rage Powder\n|move|p2a: Tyranitar|Rock Slide|p1a: Sinistcha|[spread] p1b\n|-miss|p2a: Tyranitar|p1a: Sinistcha\n|-damage|p1b: Drampa|37/100\n|-ability|p1b: Drampa|Berserk|boost\n|-boost|p1b: Drampa|spa|1\n|move|p2b: Glimmora|Mortal Spin|p1a: Sinistcha|[spread] p1a,p1b\n|-damage|p1a: Sinistcha|21/100\n|-damage|p1b: Drampa|33/100\n|-status|p1a: Sinistcha|psn\n|-status|p1b: Drampa|psn\n|move|p1b: Drampa|Earth Power|p2b: Glimmora\n|-supereffective|p2b: Glimmora|2\n|-damage|p2b: Glimmora|0 fnt\n|faint|p2b: Glimmora\n|\n|-weather|RainDance|[upkeep]\n|-damage|p1a: Sinistcha|9/100 psn|[from] psn\n|-damage|p1b: Drampa|20/100 psn|[from] psn\n|upkeep\n|turn|11\n|\n|t:|1776438927\n|move|p1a: Sinistcha|Rage Powder|p1a: Sinistcha\n|-singleturn|p1a: Sinistcha|move: Rage Powder\n|move|p2a: Tyranitar|Rock Slide|p1a: Sinistcha|[spread] p1a\n|-miss|p2a: Tyranitar|p1b: Drampa\n|-crit|p1a: Sinistcha\n|-damage|p1a: Sinistcha|0 fnt\n|faint|p1a: Sinistcha\n|move|p1b: Drampa|Earth Power|p2a: Tyranitar\n|-supereffective|p2a: Tyranitar|1\n|-damage|p2a: Tyranitar|0 fnt\n|faint|p2a: Tyranitar\n|\n|win|Schtuball\n|raw|Schtuball's rating: 1075 &rarr; <strong>1110</strong><br />(+35 for winning)\n|raw|skywalkingchris's rating: 1146 &rarr; <strong>1116</strong><br />(-30 for losing)\n|c|\u2606skywalkingchris|wtf\n|l|\u2606Schtuball\n|player|p1|\n",
  "uploadtime": 1776438946,
  "views": 42,
  "formatid": "gen9championsvgc2026regma",
  "rating": 1110,
  "private": 0,
  "password": null
}