{
  "id": "gen9championsvgc2026regma-2581925646",
  "format": "[Gen 9 Champions] VGC 2026 Reg M-A",
  "players": [
    "yollm",
    "Jay Jingles"
  ],
  "log": "|j|\u2606yollm\n|j|\u2606Jay Jingles\n|t:|1776040319\n|gametype|doubles\n|player|p1|yollm|bertha|1052\n|player|p2|Jay Jingles|170|1140\n|gen|9\n|tier|[Gen 9 Champions] VGC 2026 Reg M-A\n|rated|\n|rule|Species Clause: Limit one of each Pok\u00e9mon\n|rule|Item Clause: Limit 1 of each item\n|clearpoke\n|poke|p1|Ceruledge, L50, F|\n|poke|p1|Sylveon, L50, M|\n|poke|p1|Ninetales-Alola, L50, F|\n|poke|p1|Talonflame, L50, M|\n|poke|p1|Dragonite, L50, M|\n|poke|p1|Garchomp, L50, F|\n|poke|p2|Gardevoir, L50, F|\n|poke|p2|Primarina, L50, F|\n|poke|p2|Zoroark-Hisui, L50, F|\n|poke|p2|Drampa, L50, F|\n|poke|p2|Whimsicott, L50, F|\n|poke|p2|Farigiraf, L50, F|\n|teampreview|4\n|l|\u2606yollm\n|player|p1|\n|j|\u2606yollm\n|player|p1|yollm|bertha|\n|inactive|Battle timer is ON: inactive players will automatically lose when time's up. (requested by yollm)\n|inactive|Jay Jingles has 60 seconds left.\n|\n|t:|1776040428\n|teamsize|p1|4\n|teamsize|p2|4\n|start\n|switch|p1a: Ceruledge|Ceruledge, L50, F|100/100\n|switch|p1b: Ninetales|Ninetales-Alola, L50, F|100/100\n|switch|p2a: Farigiraf|Farigiraf, L50, F|100/100\n|switch|p2b: Primarina|Primarina, L50, F|100/100\n|-weather|Snowscape|[from] ability: Snow Warning|[of] p1b: Ninetales\n|turn|1\n|inactive|Jay Jingles has 30 seconds left.\n|\n|t:|1776040458\n|move|p2a: Farigiraf|Helping Hand|p2b: Primarina\n|-singleturn|p2b: Primarina|Helping Hand|[of] p2a: Farigiraf\n|move|p1a: Ceruledge|Protect|p1a: Ceruledge\n|-singleturn|p1a: Ceruledge|Protect\n|move|p2b: Primarina|Shadow Ball|p1a: Ceruledge\n|-activate|p1a: Ceruledge|move: Protect\n|move|p1b: Ninetales|Aurora Veil|p1b: Ninetales\n|-sidestart|p1: yollm|move: Aurora Veil\n|\n|-weather|Snowscape|[upkeep]\n|upkeep\n|turn|2\n|\n|t:|1776040477\n|switch|p1a: Talonflame|Talonflame, L50, M|100/100\n|move|p2b: Primarina|Shadow Ball|p1a: Talonflame\n|-damage|p1a: Talonflame|65/100\n|-unboost|p1a: Talonflame|spd|1\n|move|p1b: Ninetales|Icy Wind|p2a: Farigiraf|[spread] p2a\n|-miss|p1b: Ninetales|p2b: Primarina\n|-damage|p2a: Farigiraf|90/100\n|-unboost|p2a: Farigiraf|spe|1\n|move|p2a: Farigiraf|Trick Room|p2a: Farigiraf\n|-fieldstart|move: Trick Room|[of] p2a: Farigiraf\n|\n|-weather|Snowscape|[upkeep]\n|upkeep\n|turn|3\n|inactive|yollm has 30 seconds left.\n|inactive|Jay Jingles has 30 seconds left.\n|inactive|yollm has 20 seconds left.\n|inactive|Jay Jingles has 20 seconds left.\n|\n|t:|1776040515\n|switch|p2b: Gardevoir|Gardevoir, L50, F|100/100\n|-ability|p2b: Gardevoir|Snow Warning|Trace|[from] ability: Trace|[of] p1b: Ninetales\n|move|p2a: Farigiraf|Thunderbolt|p1a: Talonflame\n|-supereffective|p1a: Talonflame|1\n|-damage|p1a: Talonflame|0 fnt\n|faint|p1a: Talonflame\n|move|p1b: Ninetales|Icy Wind|p2a: Farigiraf|[spread] p2a,p2b\n|-damage|p2a: Farigiraf|79/100\n|-damage|p2b: Gardevoir|88/100\n|-unboost|p2a: Farigiraf|spe|1\n|-unboost|p2b: Gardevoir|spe|1\n|\n|-weather|Snowscape|[upkeep]\n|upkeep\n|\n|t:|1776040531\n|switch|p1a: Dragonite|Dragonite, L50, M|100/100\n|turn|4\n|\n|t:|1776040542\n|detailschange|p2b: Gardevoir|Gardevoir-Mega, L50, F\n|-mega|p2b: Gardevoir|Gardevoir|Gardevoirite\n|move|p2a: Farigiraf|Twin Beam|p1a: Dragonite\n|-damage|p1a: Dragonite|94/100\n|-damage|p1a: Dragonite|83/100\n|-hitcount|p1a: Dragonite|2\n|move|p2b: Gardevoir|Hyper Voice|p1b: Ninetales|[spread] p1a,p1b\n|-supereffective|p1a: Dragonite|1\n|-damage|p1a: Dragonite|16/100\n|-damage|p1b: Ninetales|64/100\n|move|p1a: Dragonite|Dragon Dance|p1a: Dragonite\n|-boost|p1a: Dragonite|atk|1\n|-boost|p1a: Dragonite|spe|1\n|move|p1b: Ninetales|Encore|p2a: Farigiraf\n|-start|p2a: Farigiraf|Encore\n|\n|-weather|Snowscape|[upkeep]\n|upkeep\n|turn|5\n|inactive|yollm has 30 seconds left.\n|\n|t:|1776040571\n|move|p1b: Ninetales|Helping Hand|p1a: Dragonite\n|-singleturn|p1a: Dragonite|Helping Hand|[of] p1b: Ninetales\n|move|p1a: Dragonite|Extreme Speed||[still]\n|cant|p2a: Farigiraf|ability: Armor Tail|Extreme Speed|[of] p1a: Dragonite\n|move|p2a: Farigiraf|Twin Beam|p1a: Dragonite\n|-damage|p1a: Dragonite|4/100\n|-damage|p1a: Dragonite|0 fnt\n|faint|p1a: Dragonite\n|-hitcount|p1: Dragonite|2\n|move|p2b: Gardevoir|Hyper Voice|p1b: Ninetales\n|-crit|p1b: Ninetales\n|-damage|p1b: Ninetales|0 fnt\n|faint|p1b: Ninetales\n|\n|-weather|none\n|-sideend|p1: yollm|move: Aurora Veil\n|upkeep\n|inactive|yollm has 30 seconds left.\n|-message|yollm forfeited.\n|\n|win|Jay Jingles\n|raw|yollm's rating: 1052 &rarr; <strong>1039</strong><br />(-13 for losing)\n|raw|Jay Jingles's rating: 1140 &rarr; <strong>1159</strong><br />(+19 for winning)\n|l|\u2606yollm\n|player|p1|\n",
  "uploadtime": 1776040638,
  "views": 13,
  "formatid": "gen9championsvgc2026regma",
  "rating": 1039,
  "private": 0,
  "password": null
}