{
  "id": "gen9championsvgc2026regma-2583146599",
  "format": "[Gen 9 Champions] VGC 2026 Reg M-A",
  "players": [
    "kjflkajflajekfa",
    "faric"
  ],
  "log": "|j|\u2606kjflkajflajekfa\n|j|\u2606faric\n|t:|1776147695\n|gametype|doubles\n|player|p1|kjflkajflajekfa|skyla|1079\n|player|p2|faric|2|1172\n|gen|9\n|tier|[Gen 9 Champions] VGC 2026 Reg M-A\n|rated|\n|rule|Species Clause: Limit one of each Pok\u00e9mon\n|rule|Item Clause: Limit 1 of each item\n|clearpoke\n|poke|p1|Gengar, L50, M|\n|poke|p1|Whimsicott, L50, M|\n|poke|p1|Maushold-Four, L50|\n|poke|p1|Kingambit, L50, M|\n|poke|p1|Froslass, L50, F|\n|poke|p1|Incineroar, L50, M|\n|poke|p2|Charizard, L50, F|\n|poke|p2|Garchomp, L50, M|\n|poke|p2|Rotom-Wash, L50|\n|poke|p2|Incineroar, L50, F|\n|poke|p2|Sneasler, L50, M|\n|poke|p2|Whimsicott, L50, F|\n|teampreview|4\n|\n|t:|1776147729\n|teamsize|p1|4\n|teamsize|p2|4\n|start\n|switch|p1a: Froslass|Froslass, L50, F|100/100\n|switch|p1b: Incineroar|Incineroar, L50, M|100/100\n|switch|p2a: Garchomp|Garchomp, L50, M|100/100\n|switch|p2b: Charizard|Charizard, L50, F|100/100\n|-ability|p1b: Incineroar|Intimidate|boost\n|-unboost|p2a: Garchomp|atk|1\n|-unboost|p2b: Charizard|atk|1\n|turn|1\n|inactive|Battle timer is ON: inactive players will automatically lose when time's up. (requested by faric)\n|\n|t:|1776147746\n|switch|p2a: Incineroar|Incineroar, L50, F|100/100\n|-ability|p2a: Incineroar|Intimidate|boost\n|-unboost|p1a: Froslass|atk|1\n|-unboost|p1b: Incineroar|atk|1\n|detailschange|p1a: Froslass|Froslass-Mega, L50, F\n|-mega|p1a: Froslass|Froslass|Froslassite\n|-weather|Snowscape|[from] ability: Snow Warning|[of] p1a: Froslass\n|move|p2b: Charizard|Protect|p2b: Charizard\n|-singleturn|p2b: Charizard|Protect\n|move|p1b: Incineroar|Fake Out|p2a: Incineroar\n|-damage|p2a: Incineroar|91/100\n|move|p1a: Froslass|Blizzard|p2b: Charizard|[spread] p2a\n|-activate|p2b: Charizard|move: Protect\n|-resisted|p2a: Incineroar|1\n|-damage|p2a: Incineroar|70/100\n|\n|-weather|Snowscape|[upkeep]\n|upkeep\n|turn|2\n|\n|t:|1776147769\n|switch|p1a: Whimsicott|Whimsicott, L50, M|100/100\n|detailschange|p2b: Charizard|Charizard-Mega-Y, L50, F\n|-mega|p2b: Charizard|Charizard|Charizardite Y\n|-weather|SunnyDay|[from] ability: Drought|[of] p2b: Charizard\n|move|p2a: Incineroar|Fake Out|p1b: Incineroar\n|-damage|p1b: Incineroar|87/100\n|move|p2b: Charizard|Heat Wave|p1a: Whimsicott|[spread] p1a,p1b\n|-supereffective|p1a: Whimsicott|1\n|-resisted|p1b: Incineroar|1\n|-enditem|p1a: Whimsicott|Focus Sash\n|-damage|p1a: Whimsicott|1/100\n|-damage|p1b: Incineroar|56/100\n|cant|p1b: Incineroar|flinch\n|\n|-weather|SunnyDay|[upkeep]\n|upkeep\n|turn|3\n|\n|t:|1776147795\n|switch|p2b: Rotom|Rotom-Wash, L50|100/100\n|move|p1a: Whimsicott|Tailwind|p1a: Whimsicott\n|-sidestart|p1: kjflkajflajekfa|move: Tailwind\n|move|p1b: Incineroar|Flare Blitz|p2b: Rotom\n|-resisted|p2b: Rotom|1\n|-damage|p2b: Rotom|69/100\n|-damage|p1b: Incineroar|47/100|[from] Recoil\n|-enditem|p1b: Incineroar|Sitrus Berry|[eat]\n|-heal|p1b: Incineroar|72/100|[from] item: Sitrus Berry\n|move|p2a: Incineroar|Flare Blitz|p1a: Whimsicott\n|-supereffective|p1a: Whimsicott|1\n|-damage|p1a: Whimsicott|0 fnt\n|faint|p1a: Whimsicott\n|-damage|p2a: Incineroar|69/100|[from] Recoil\n|\n|-weather|SunnyDay|[upkeep]\n|-heal|p2b: Rotom|74/100|[from] item: Leftovers\n|upkeep\n|\n|t:|1776147806\n|switch|p1a: Gengar|Gengar, L50, M, shiny|100/100\n|turn|4\n|\n|t:|1776147820\n|move|p1a: Gengar|Sludge Bomb|p2b: Rotom\n|-damage|p2b: Rotom|30/100\n|-status|p2b: Rotom|psn\n|move|p1b: Incineroar|Flare Blitz|p2a: Incineroar\n|-resisted|p2a: Incineroar|1\n|-damage|p2a: Incineroar|41/100\n|-enditem|p2a: Incineroar|Sitrus Berry|[eat]\n|-heal|p2a: Incineroar|66/100|[from] item: Sitrus Berry\n|-damage|p1b: Incineroar|62/100|[from] Recoil\n|move|p2b: Rotom|Thunderbolt|p1a: Gengar\n|-damage|p1a: Gengar|44/100\n|-start|p2b: Rotom|Disable|Thunderbolt|[from] ability: Cursed Body|[of] p1a: Gengar\n|move|p2a: Incineroar|Darkest Lariat|p1a: Gengar\n|-supereffective|p1a: Gengar|1\n|-damage|p1a: Gengar|0 fnt\n|-start|p2a: Incineroar|Disable|Darkest Lariat|[from] ability: Cursed Body|[of] p1a: Gengar\n|faint|p1a: Gengar\n|\n|-weather|SunnyDay|[upkeep]\n|-heal|p2b: Rotom|36/100 psn|[from] item: Leftovers\n|-damage|p2b: Rotom|23/100 psn|[from] psn\n|upkeep\n|\n|t:|1776147835\n|switch|p1a: Froslass|Froslass-Mega, L50, F|100/100\n|-weather|Snowscape|[from] ability: Snow Warning|[of] p1a: Froslass\n|turn|5\n|\n|t:|1776147858\n|switch|p2a: Charizard|Charizard-Mega-Y, L50, F|100/100\n|-weather|SunnyDay|[from] ability: Drought|[of] p2a: Charizard\n|move|p1a: Froslass|Weather Ball|p2b: Rotom\n|-resisted|p2b: Rotom|1\n|-damage|p2b: Rotom|0 fnt\n|faint|p2b: Rotom\n|move|p1b: Incineroar|Flare Blitz|p2a: Charizard\n|-resisted|p2a: Charizard|1\n|-crit|p2a: Charizard\n|-damage|p2a: Charizard|18/100\n|-damage|p1b: Incineroar|39/100|[from] Recoil\n|\n|-weather|SunnyDay|[upkeep]\n|upkeep\n|\n|t:|1776147867\n|switch|p2b: Incineroar|Incineroar, L50, F|66/100\n|-ability|p2b: Incineroar|Intimidate|boost\n|-unboost|p1a: Froslass|atk|1\n|-unboost|p1b: Incineroar|atk|1\n|turn|6\n|\n|t:|1776147884\n|move|p2a: Charizard|Protect|p2a: Charizard\n|-singleturn|p2a: Charizard|Protect\n|move|p1a: Froslass|Weather Ball|p2a: Charizard\n|-activate|p2a: Charizard|move: Protect\n|move|p1b: Incineroar|Flare Blitz|p2b: Incineroar\n|-resisted|p2b: Incineroar|1\n|-damage|p2b: Incineroar|44/100\n|-damage|p1b: Incineroar|31/100|[from] Recoil\n|move|p2b: Incineroar|Flare Blitz|p1a: Froslass\n|-supereffective|p1a: Froslass|1\n|-damage|p1a: Froslass|0 fnt\n|faint|p1a: Froslass\n|-damage|p2b: Incineroar|20/100|[from] Recoil\n|\n|-weather|SunnyDay|[upkeep]\n|-sideend|p1: kjflkajflajekfa|move: Tailwind\n|upkeep\n|turn|7\n|-message|kjflkajflajekfa forfeited.\n|\n|win|faric\n|raw|kjflkajflajekfa's rating: 1079 &rarr; <strong>1063</strong><br />(-16 for losing)\n|raw|faric's rating: 1172 &rarr; <strong>1190</strong><br />(+18 for winning)\n|l|\u2606kjflkajflajekfa\n|player|p1|\n",
  "uploadtime": 1776147900,
  "views": 51,
  "formatid": "gen9championsvgc2026regma",
  "rating": 1063,
  "private": 0,
  "password": null
}