{
  "id": "gen9championsvgc2026regma-2588192254",
  "format": "[Gen 9 Champions] VGC 2026 Reg M-A",
  "players": [
    "gdog6969",
    "Tempy's Sharky"
  ],
  "log": "|j|\u2606gdog6969\n|j|\u2606Tempy's Sharky\n|t:|1776613103\n|gametype|doubles\n|player|p1|gdog6969|170|1054\n|player|p2|Tempy's Sharky|shauntal|1035\n|gen|9\n|tier|[Gen 9 Champions] VGC 2026 Reg M-A\n|rated|\n|rule|Species Clause: Limit one of each Pok\u00e9mon\n|rule|Item Clause: Limit 1 of each item\n|clearpoke\n|poke|p1|Gardevoir, L50, M|\n|poke|p1|Kommo-o, L50, F|\n|poke|p1|Incineroar, L50, M|\n|poke|p1|Farigiraf, L50, F|\n|poke|p1|Milotic, L50, M|\n|poke|p1|Sinistcha, L50|\n|poke|p2|Froslass, L50, F|\n|poke|p2|Sneasler, L50, M|\n|poke|p2|Aerodactyl, L50, M|\n|poke|p2|Rotom-Wash, L50|\n|poke|p2|Sinistcha, L50|\n|poke|p2|Incineroar, L50, F|\n|teampreview|4\n|inactive|Battle timer is ON: inactive players will automatically lose when time's up. (requested by Tempy's Sharky)\nTempy's Sharky has agreed to open team sheets.\n|inactive|gdog6969 has 60 seconds left.\n|inactive|Tempy's Sharky has 60 seconds left.\n|inactive|gdog6969 has 30 seconds left.\n|inactive|gdog6969 has 20 seconds left.\n|inactive|gdog6969 has 15 seconds left.\n|inactive|gdog6969 has 10 seconds left.\n|inactive|gdog6969 has 5 seconds left.\n|\n|t:|1776613190\n|teamsize|p1|4\n|teamsize|p2|4\n|start\n|switch|p1a: Kommo-o|Kommo-o, L50, F|100/100\n|switch|p1b: Milotic|Milotic, L50, M|100/100\n|switch|p2a: Froslass|Froslass, L50, F|100/100\n|switch|p2b: Aerodactyl|Aerodactyl, L50, M|100/100\n|-ability|p2b: Aerodactyl|Unnerve\n|turn|1\n|inactive|Tempy's Sharky has 30 seconds left.\n|\n|t:|1776613224\n|switch|p1a: Sinistcha|Sinistcha, L50|100/100\n|move|p2a: Froslass|Protect|p2a: Froslass\n|-singleturn|p2a: Froslass|Protect\n|move|p2b: Aerodactyl|Taunt|p1a: Sinistcha\n|-start|p1a: Sinistcha|move: Taunt\n|move|p1b: Milotic|Icy Wind|p2b: Aerodactyl|[spread] p2b\n|-activate|p2a: Froslass|move: Protect\n|-supereffective|p2b: Aerodactyl|1\n|-damage|p2b: Aerodactyl|64/100\n|-unboost|p2b: Aerodactyl|spe|1\n|\n|upkeep\n|turn|2\n|inactive|gdog6969 has 30 seconds left.\n|inactive|Tempy's Sharky has 30 seconds left.\n|inactive|gdog6969 has 20 seconds left.\n|inactive|gdog6969 has 15 seconds left.\n|inactive|gdog6969 has 10 seconds left.\n|inactive|gdog6969 has 5 seconds left.\n|\n|t:|1776613279\n|detailschange|p2a: Froslass|Froslass-Mega, L50, F\n|-mega|p2a: Froslass|Froslass|Froslassite\n|-weather|Snowscape|[from] ability: Snow Warning|[of] p2a: Froslass\n|move|p2a: Froslass|Blizzard|p1a: Sinistcha|[spread] p1a,p1b\n|-supereffective|p1a: Sinistcha|1\n|-resisted|p1b: Milotic|1\n|-damage|p1a: Sinistcha|23/100\n|-damage|p1b: Milotic|80/100\n|move|p2b: Aerodactyl|Rock Slide|p1a: Sinistcha|[spread] p1a,p1b\n|-damage|p1a: Sinistcha|1/100\n|-damage|p1b: Milotic|55/100\n|move|p1b: Milotic|Life Dew|p1b: Milotic|[spread] p1a,p1b\n|-heal|p1a: Sinistcha|26/100\n|-heal|p1b: Milotic|80/100\n|move|p1a: Sinistcha|Matcha Gotcha|p2a: Froslass|[spread] p2a,p2b\n|-damage|p2a: Froslass|73/100\n|-heal|p1a: Sinistcha|38/100|[from] drain|[of] p2a: Froslass\n|-damage|p2b: Aerodactyl|31/100\n|-heal|p1a: Sinistcha|52/100|[from] drain|[of] p2b: Aerodactyl\n|\n|-weather|Snowscape|[upkeep]\n|-heal|p1b: Milotic|86/100|[from] item: Leftovers\n|upkeep\n|turn|3\n|inactive|gdog6969 has 30 seconds left.\n|inactive|Tempy's Sharky has 30 seconds left.\n|inactive|Tempy's Sharky has 20 seconds left.\n|inactive|Tempy's Sharky has 15 seconds left.\n|inactive|Tempy's Sharky has 10 seconds left.\n|inactive|Tempy's Sharky has 5 seconds left.\n|\n|t:|1776613330\n|move|p2a: Froslass|Shadow Ball|p1b: Milotic\n|-damage|p1b: Milotic|48/100\n|move|p2b: Aerodactyl|Dual Wingbeat|p1a: Sinistcha\n|-supereffective|p1a: Sinistcha|1\n|-damage|p1a: Sinistcha|21/100\n|-supereffective|p1a: Sinistcha|1\n|-crit|p1a: Sinistcha\n|-damage|p1a: Sinistcha|0 fnt\n|faint|p1a: Sinistcha\n|-hitcount|p1: Sinistcha|2\n|move|p1b: Milotic|Icy Wind|p2b: Aerodactyl|[spread] p2a,p2b\n|-resisted|p2a: Froslass|1\n|-supereffective|p2b: Aerodactyl|1\n|-damage|p2a: Froslass|66/100\n|-damage|p2b: Aerodactyl|0 fnt\n|-unboost|p2a: Froslass|spe|1\n|faint|p2b: Aerodactyl\n|\n|-weather|Snowscape|[upkeep]\n|-heal|p1b: Milotic|53/100|[from] item: Leftovers\n|upkeep\n|\n|t:|1776613346\n|switch|p2b: Rotom|Rotom-Wash, L50|100/100\n|switch|p1a: Kommo-o|Kommo-o, L50, F|100/100\n|turn|4\n|\n|t:|1776613365\n|move|p2b: Rotom|Trick|p1a: Kommo-o\n|-activate|p2b: Rotom|move: Trick|[of] p1a: Kommo-o\n|-item|p1a: Kommo-o|Choice Scarf|[from] move: Trick\n|-item|p2b: Rotom|Sitrus Berry|[from] move: Trick\n|move|p1a: Kommo-o|Clangorous Soul|p1a: Kommo-o\n|-boost|p1a: Kommo-o|atk|1\n|-boost|p1a: Kommo-o|def|1\n|-boost|p1a: Kommo-o|spa|1\n|-boost|p1a: Kommo-o|spd|1\n|-boost|p1a: Kommo-o|spe|1\n|-damage|p1a: Kommo-o|68/100\n|move|p2a: Froslass|Blizzard|p1b: Milotic|[spread] p1a,p1b\n|-supereffective|p1a: Kommo-o|1\n|-resisted|p1b: Milotic|1\n|-damage|p1a: Kommo-o|0 fnt\n|-damage|p1b: Milotic|34/100\n|faint|p1a: Kommo-o\n|move|p1b: Milotic|Life Dew|p1b: Milotic\n|-heal|p1b: Milotic|59/100\n|\n|-weather|Snowscape|[upkeep]\n|-heal|p1b: Milotic|65/100|[from] item: Leftovers\n|upkeep\n|inactive|gdog6969 has 30 seconds left.\n|inactive|gdog6969 has 20 seconds left.\n|inactive|gdog6969 has 15 seconds left.\n|inactive|gdog6969 has 10 seconds left.\n|inactive|gdog6969 has 5 seconds left.\n|\n|t:|1776613420\n|switch|p1a: Gardevoir|Gardevoir, L50, M|100/100\n|turn|5\n|inactive|gdog6969 has 30 seconds left.\n|inactive|Tempy's Sharky has 30 seconds left.\n|inactive|gdog6969 has 20 seconds left.\n|inactive|Tempy's Sharky has 20 seconds left.\n|inactive|gdog6969 has 15 seconds left.\n|inactive|Tempy's Sharky has 15 seconds left.\n|inactive|gdog6969 has 10 seconds left.\n|inactive|Tempy's Sharky has 10 seconds left.\n|inactive|gdog6969 has 5 seconds left.\n|\n|t:|1776613475\n|switch|p2a: Sneasler|Sneasler, L50, M|100/100\n|move|p2b: Rotom|Volt Switch|p1a: Gardevoir\n|-damage|p1a: Gardevoir|64/100\n|\n|t:|1776613480\n|switch|p2b: Froslass|Froslass-Mega, L50, F|66/100|[from] Volt Switch\n|move|p1a: Gardevoir|Psych Up|p2a: Sneasler\n|-copyboost|p1a: Gardevoir|p2a: Sneasler|[from] move: Psych Up\n|move|p1b: Milotic|Life Dew|p1b: Milotic|[spread] p1a,p1b\n|-heal|p1a: Gardevoir|89/100\n|-heal|p1b: Milotic|90/100\n|\n|-weather|Snowscape|[upkeep]\n|-heal|p1b: Milotic|96/100|[from] item: Leftovers\n|upkeep\n|turn|6\n|inactive|gdog6969 has 30 seconds left.\n|inactive|Tempy's Sharky has 30 seconds left.\n|inactive|gdog6969 has 20 seconds left.\n|inactive|gdog6969 has 15 seconds left.\n|inactive|gdog6969 has 10 seconds left.\n|inactive|gdog6969 has 5 seconds left.\n|\n|t:|1776613535\n|move|p2a: Sneasler|Dire Claw|p1a: Gardevoir\n|-supereffective|p1a: Gardevoir|1\n|-damage|p1a: Gardevoir|0 fnt\n|faint|p1a: Gardevoir\n|move|p2b: Froslass|Shadow Ball|p1b: Milotic\n|-damage|p1b: Milotic|59/100\n|move|p1b: Milotic|Life Dew|p1b: Milotic\n|-heal|p1b: Milotic|84/100\n|\n|-weather|none\n|-heal|p1b: Milotic|89/100|[from] item: Leftovers\n|upkeep\n|turn|7\n|inactive|gdog6969 has 30 seconds left.\n|inactive|gdog6969 has 20 seconds left.\n|inactive|gdog6969 has 15 seconds left.\n|-message|gdog6969 forfeited.\n|\n|win|Tempy's Sharky\n|raw|gdog6969's rating: 1054 &rarr; <strong>1035</strong><br />(-19 for losing)\n|raw|Tempy&apos;s Sharky's rating: 1035 &rarr; <strong>1072</strong><br />(+37 for winning)\n|l|\u2606gdog6969\n|player|p1|\n",
  "uploadtime": 1776613578,
  "views": 8,
  "formatid": "gen9championsvgc2026regma",
  "rating": 1035,
  "private": 0,
  "password": null
}