{
  "id": "gen9championsvgc2026regma-2583120400",
  "format": "[Gen 9 Champions] VGC 2026 Reg M-A",
  "players": [
    "stellaflowers",
    "Princess Nezu"
  ],
  "log": "|j|\u2606stellaflowers\n|j|\u2606Princess Nezu\n|t:|1776144414\n|gametype|doubles\n|player|p1|stellaflowers|265|1036\n|player|p2|Princess Nezu|265|1000\n|gen|9\n|tier|[Gen 9 Champions] VGC 2026 Reg M-A\n|rated|\n|rule|Species Clause: Limit one of each Pok\u00e9mon\n|rule|Item Clause: Limit 1 of each item\n|clearpoke\n|poke|p1|Delphox, L50, M|\n|poke|p1|Sneasler, L50, M|\n|poke|p1|Sinistcha, L50|\n|poke|p1|Garchomp, L50, M|\n|poke|p2|Houndoom, L50, M|\n|poke|p2|Whimsicott, L50, M|\n|poke|p2|Basculegion, L50, M|\n|poke|p2|Meowstic, L50, M|\n|poke|p2|Kingambit, L50, M|\n|poke|p2|Conkeldurr, L50, M|\n|teampreview|4\n|\n|t:|1776144424\n|teamsize|p1|4\n|teamsize|p2|4\n|start\n|switch|p1a: Delphox|Delphox, L50, M|100/100\n|switch|p1b: Sneasler|Sneasler, L50, M|100/100\n|switch|p2a: Houndoom|Houndoom, L50, M|100/100\n|switch|p2b: Whimsicott|Whimsicott, L50, M, shiny|100/100\n|turn|1\n|\n|t:|1776144448\n|detailschange|p1a: Delphox|Delphox-Mega, L50, M\n|-mega|p1a: Delphox|Delphox|Delphoxite\n|move|p2a: Houndoom|Protect|p2a: Houndoom\n|-singleturn|p2a: Houndoom|Protect\n|move|p1b: Sneasler|Fake Out|p2b: Whimsicott\n|-damage|p2b: Whimsicott|80/100\n|cant|p2b: Whimsicott|flinch\n|move|p1a: Delphox|Heat Wave|p2b: Whimsicott|[spread] p2b\n|-activate|p2a: Houndoom|move: Protect\n|-supereffective|p2b: Whimsicott|1\n|-damage|p2b: Whimsicott|11/100\n|\n|upkeep\n|turn|2\n|\n|t:|1776144468\n|move|p2b: Whimsicott|Tailwind|p2b: Whimsicott\n|-sidestart|p2: Princess Nezu|move: Tailwind\n|move|p2a: Houndoom|Nasty Plot|p2a: Houndoom\n|-boost|p2a: Houndoom|spa|2\n|move|p1a: Delphox|Hyper Voice|p2a: Houndoom|[spread] p2a,p2b\n|-damage|p2a: Houndoom|64/100\n|-damage|p2b: Whimsicott|0 fnt\n|faint|p2b: Whimsicott\n|move|p1b: Sneasler|Close Combat|p2a: Houndoom\n|-supereffective|p2a: Houndoom|1\n|-damage|p2a: Houndoom|0 fnt\n|-unboost|p1b: Sneasler|def|1\n|-unboost|p1b: Sneasler|spd|1\n|faint|p2a: Houndoom\n|\n|upkeep\n|\n|t:|1776144473\n|switch|p2a: Conkeldurr|Conkeldurr, L50, M, shiny|100/100\n|switch|p2b: Basculegion|Basculegion, L50, M, shiny|100/100\n|turn|3\n|\n|t:|1776144500\n|switch|p1a: Garchomp|Garchomp, L50, M|100/100\n|move|p2b: Basculegion|Last Respects|p1a: Garchomp\n|-damage|p1a: Garchomp|13/100\n|move|p1b: Sneasler|U-turn|p2a: Conkeldurr\n|-resisted|p2a: Conkeldurr|1\n|-damage|p2a: Conkeldurr|89/100\n|\n|t:|1776144508\n|switch|p1b: Sinistcha|Sinistcha, L50|100/100|[from] U-turn\n|-heal|p1a: Garchomp|38/100|[from] ability: Hospitality|[of] p1b: Sinistcha\n|move|p2a: Conkeldurr|Ice Punch|p1b: Sinistcha\n|-supereffective|p1b: Sinistcha|1\n|-damage|p1b: Sinistcha|31/100\n|-enditem|p1b: Sinistcha|Sitrus Berry|[eat]\n|-heal|p1b: Sinistcha|56/100|[from] item: Sitrus Berry\n|\n|upkeep\n|turn|4\n|\n|t:|1776144529\n|move|p2b: Basculegion|Last Respects|p1a: Garchomp\n|-damage|p1a: Garchomp|0 fnt\n|faint|p1a: Garchomp\n|move|p2a: Conkeldurr|Ice Punch|p1b: Sinistcha\n|-supereffective|p1b: Sinistcha|1\n|-crit|p1b: Sinistcha\n|-damage|p1b: Sinistcha|0 fnt\n|faint|p1b: Sinistcha\n|\n|upkeep\n|\n|t:|1776144538\n|switch|p1a: Sneasler|Sneasler, L50, M|100/100\n|switch|p1b: Delphox|Delphox-Mega, L50, M|100/100\n|turn|5\n|\n|t:|1776144555\n|move|p1a: Sneasler|Fake Out|p2a: Conkeldurr\n|-damage|p2a: Conkeldurr|75/100\n|move|p2b: Basculegion|Last Respects|p1b: Delphox\n|-supereffective|p1b: Delphox|1\n|-damage|p1b: Delphox|0 fnt\n|faint|p1b: Delphox\n|cant|p2a: Conkeldurr|flinch\n|\n|-sideend|p2: Princess Nezu|move: Tailwind\n|upkeep\n|turn|6\n|\n|t:|1776144570\n|move|p1a: Sneasler|Dire Claw|p2b: Basculegion\n|-resisted|p2b: Basculegion|1\n|-damage|p2b: Basculegion|71/100\n|move|p2b: Basculegion|Last Respects|p1a: Sneasler\n|-enditem|p1a: Sneasler|Focus Sash\n|-damage|p1a: Sneasler|1/100\n|move|p2a: Conkeldurr|Ice Punch|p1a: Sneasler\n|-damage|p1a: Sneasler|0 fnt\n|faint|p1a: Sneasler\n|\n|win|Princess Nezu\n|raw|stellaflowers's rating: 1036 &rarr; <strong>1019</strong><br />(-17 for losing)\n|raw|Princess Nezu's rating: 1000 &rarr; <strong>1044</strong><br />(+44 for winning)\n|l|\u2606stellaflowers\n|player|p1|\n",
  "uploadtime": 1776144580,
  "views": 26,
  "formatid": "gen9championsvgc2026regma",
  "rating": 1019,
  "private": 0,
  "password": null
}