{
  "id": "gen9championsvgc2026regma-2588615860",
  "format": "[Gen 9 Champions] VGC 2026 Reg M-A",
  "players": [
    "wemore",
    "blue schucle"
  ],
  "log": "|j|\u2606wemore\n|j|\u2606blue schucle\n|t:|1776650393\n|gametype|doubles\n|player|p1|wemore|2|1361\n|player|p2|blue schucle|lance|1331\n|gen|9\n|tier|[Gen 9 Champions] VGC 2026 Reg M-A\n|rated|\n|rule|Species Clause: Limit one of each Pok\u00e9mon\n|rule|Item Clause: Limit 1 of each item\n|clearpoke\n|poke|p1|Venusaur, L50, M|\n|poke|p1|Tyranitar, L50, M|\n|poke|p1|Corviknight, L50, F|\n|poke|p1|Garchomp, L50, M|\n|poke|p1|Rotom-Heat, L50|\n|poke|p1|Primarina, L50, M|\n|poke|p2|Tauros-Paldea-Aqua, L50, M, shiny|\n|poke|p2|Incineroar, L50, F|\n|poke|p2|Snorlax, L50, M, shiny|\n|poke|p2|Scovillain, L50, F|\n|poke|p2|Sneasler, L50, F|\n|poke|p2|Garchomp, L50, M|\n|teampreview|4\n|inactive|Battle timer is ON: inactive players will automatically lose when time's up. (requested by wemore)\n|inactive|wemore has 60 seconds left.\n|inactive|wemore has 30 seconds left.\n|inactive|wemore has 20 seconds left.\n|inactive|wemore has 15 seconds left.\n|inactive|wemore has 10 seconds left.\n|\n|t:|1776650479\n|teamsize|p1|4\n|teamsize|p2|4\n|start\n|switch|p1a: Venusaur|Venusaur, L50, M|100/100\n|switch|p1b: Corviknight|Corviknight, L50, F|100/100\n|switch|p2a: Montezuma|Snorlax, L50, M, shiny|100/100\n|switch|p2b: Boi da cara preta|Tauros-Paldea-Aqua, L50, M, shiny|100/100\n|-ability|p2b: Boi da cara preta|Intimidate|boost\n|-unboost|p1a: Venusaur|atk|1\n|-ability|p1b: Corviknight|Mirror Armor\n|-unboost|p2b: Boi da cara preta|atk|1\n|-enditem|p2b: Boi da cara preta|White Herb\n|-clearnegativeboost|p2b: Boi da cara preta|[silent]\n|turn|1\n|inactive|blue schucle has 30 seconds left.\n|\n|t:|1776650507\n|detailschange|p1a: Venusaur|Venusaur-Mega, L50, M\n|-mega|p1a: Venusaur|Venusaur|Venusaurite\n|move|p2b: Boi da cara preta|Protect|p2b: Boi da cara preta\n|-singleturn|p2b: Boi da cara preta|Protect\n|move|p1a: Venusaur|Sludge Bomb|p2a: Montezuma\n|-damage|p2a: Montezuma|72/100\n|move|p1b: Corviknight|Tailwind|p1b: Corviknight\n|-sidestart|p1: wemore|move: Tailwind\n|move|p2a: Montezuma|Stockpile|p2a: Montezuma\n|-start|p2a: Montezuma|stockpile1\n|-boost|p2a: Montezuma|def|1\n|-boost|p2a: Montezuma|spd|1\n|\n|-heal|p2a: Montezuma|78/100|[from] item: Leftovers\n|upkeep\n|turn|2\n|\n|t:|1776650531\n|switch|p2b: Destructo|Garchomp, L50, M|100/100\n|move|p2a: Montezuma|Protect|p2a: Montezuma\n|-singleturn|p2a: Montezuma|Protect\n|move|p1a: Venusaur|Sludge Bomb|p2a: Montezuma\n|-activate|p2a: Montezuma|move: Protect\n|move|p1b: Corviknight|Brave Bird|p2a: Montezuma\n|-activate|p2a: Montezuma|move: Protect\n|\n|-heal|p2a: Montezuma|84/100|[from] item: Leftovers\n|upkeep\n|turn|3\n|inactive|wemore has 30 seconds left.\n|\n|t:|1776650558\n|move|p1a: Venusaur|Giga Drain|p2b: Destructo\n|-damage|p2b: Destructo|60/100\n|move|p1b: Corviknight|Brave Bird|p2a: Montezuma\n|-damage|p2a: Montezuma|65/100\n|-damage|p1b: Corviknight|92/100|[from] Recoil\n|move|p2b: Destructo|Swords Dance|p2b: Destructo\n|-boost|p2b: Destructo|atk|2\n|move|p2a: Montezuma|Yawn|p1a: Venusaur\n|-start|p1a: Venusaur|move: Yawn|[of] p2a: Montezuma\n|\n|-heal|p1b: Corviknight|98/100|[from] item: Leftovers\n|-heal|p2a: Montezuma|71/100|[from] item: Leftovers\n|upkeep\n|turn|4\n|inactive|wemore has 30 seconds left.\n|inactive|wemore has 20 seconds left.\n|\n|t:|1776650595\n|switch|p1a: Garchomp|Garchomp, L50, M|100/100\n|move|p1b: Corviknight|Iron Head|p2a: Montezuma\n|-damage|p2a: Montezuma|57/100\n|move|p2b: Destructo|Dragon Claw|p1a: Garchomp\n|-supereffective|p1a: Garchomp|1\n|-enditem|p1a: Garchomp|Haban Berry|[eat]\n|-enditem|p1a: Garchomp|Haban Berry|[weaken]\n|-damage|p1a: Garchomp|20/100\n|-damage|p2b: Destructo|48/100|[from] ability: Rough Skin|[of] p1a: Garchomp\n|move|p2a: Montezuma|Yawn|p1b: Corviknight\n|-start|p1b: Corviknight|move: Yawn|[of] p2a: Montezuma\n|\n|-heal|p1b: Corviknight|100/100|[from] item: Leftovers\n|-heal|p2a: Montezuma|63/100|[from] item: Leftovers\n|-sideend|p1: wemore|move: Tailwind\n|upkeep\n|turn|5\n|inactive|blue schucle has 30 seconds left.\n|\n|t:|1776650621\n|move|p1a: Garchomp|Protect|p1a: Garchomp\n|-singleturn|p1a: Garchomp|Protect\n|move|p2b: Destructo|Stomping Tantrum|p1a: Garchomp\n|-activate|p1a: Garchomp|move: Protect\n|move|p1b: Corviknight|Tailwind|p1b: Corviknight\n|-sidestart|p1: wemore|move: Tailwind\n|move|p2a: Montezuma|Stockpile|p2a: Montezuma\n|-start|p2a: Montezuma|stockpile2\n|-boost|p2a: Montezuma|def|1\n|-boost|p2a: Montezuma|spd|1\n|\n|-heal|p2a: Montezuma|69/100|[from] item: Leftovers\n|-end|p1b: Corviknight|move: Yawn|[silent]\n|-status|p1b: Corviknight|slp\n|upkeep\n|turn|6\n|inactive|wemore has 30 seconds left.\n|inactive|blue schucle has 30 seconds left.\n|inactive|wemore has 20 seconds left.\n|inactive|wemore has 15 seconds left.\n|\n|t:|1776650664\n|switch|p1a: Rotom|Rotom-Heat, L50|100/100\n|switch|p2b: Boi da cara preta|Tauros-Paldea-Aqua, L50, M, shiny|100/100\n|-ability|p2b: Boi da cara preta|Intimidate|boost\n|-unboost|p1a: Rotom|atk|1\n|-ability|p1b: Corviknight|Mirror Armor\n|-unboost|p2b: Boi da cara preta|atk|1\n|cant|p1b: Corviknight|slp\n|move|p2a: Montezuma|Body Press|p1a: Rotom\n|-damage|p1a: Rotom|55/100\n|\n|-heal|p2a: Montezuma|75/100|[from] item: Leftovers\n|upkeep\n|turn|7\n|inactive|wemore has 30 seconds left.\n|inactive|blue schucle has 30 seconds left.\n|inactive|wemore has 20 seconds left.\n|\n|t:|1776650701\n|move|p2b: Boi da cara preta|Aqua Jet|p1a: Rotom\n|-supereffective|p1a: Rotom|1\n|-damage|p1a: Rotom|24/100\n|move|p1a: Rotom|Thunderbolt|p2b: Boi da cara preta\n|-supereffective|p2b: Boi da cara preta|1\n|-damage|p2b: Boi da cara preta|0 fnt\n|faint|p2b: Boi da cara preta\n|-curestatus|p1b: Corviknight|slp|[msg]\n|move|p1b: Corviknight|Iron Head|p2a: Montezuma\n|-damage|p2a: Montezuma|66/100\n|move|p2a: Montezuma|Stockpile|p2a: Montezuma\n|-start|p2a: Montezuma|stockpile3\n|-boost|p2a: Montezuma|def|1\n|-boost|p2a: Montezuma|spd|1\n|\n|-heal|p2a: Montezuma|72/100|[from] item: Leftovers\n|upkeep\n|\n|t:|1776650718\n|switch|p2b: Spicy girls|Scovillain, L50, F|100/100\n|turn|8\n|\n|t:|1776650725\n|move|p2b: Spicy girls|Protect|p2b: Spicy girls\n|-singleturn|p2b: Spicy girls|Protect\n|move|p1a: Rotom|Thunderbolt|p2b: Spicy girls\n|-activate|p2b: Spicy girls|move: Protect\n|move|p1b: Corviknight|Brave Bird|p2b: Spicy girls\n|-activate|p2b: Spicy girls|move: Protect\n|move|p2a: Montezuma|Body Press|p1a: Rotom\n|-damage|p1a: Rotom|0 fnt\n|faint|p1a: Rotom\n|\n|-heal|p2a: Montezuma|78/100|[from] item: Leftovers\n|-sideend|p1: wemore|move: Tailwind\n|-ability|p2b: Spicy girls|Moody|boost\n|-boost|p2b: Spicy girls|spe|2\n|-unboost|p2b: Spicy girls|spd|1\n|upkeep\n|\n|t:|1776650736\n|switch|p1a: Venusaur|Venusaur-Mega, L50, M|100/100\n|turn|9\n|inactive|wemore has 30 seconds left.\n|inactive|blue schucle has 30 seconds left.\n|inactive|wemore has 20 seconds left.\n|\n|t:|1776650779\n|switch|p1b: Garchomp|Garchomp, L50, M|20/100\n|detailschange|p2b: Spicy girls|Scovillain-Mega, L50, F\n|-mega|p2b: Spicy girls|Scovillain|Scovillainite\n|move|p2b: Spicy girls|Flamethrower|p1b: Garchomp\n|-resisted|p1b: Garchomp|1\n|-damage|p1b: Garchomp|0 fnt\n|faint|p1b: Garchomp\n|move|p1a: Venusaur|Sludge Bomb|p2b: Spicy girls\n|-supereffective|p2b: Spicy girls|1\n|-damage|p2b: Spicy girls|0 fnt\n|-status|p1a: Venusaur|brn|[from] ability: Spicy Spray|[of] p2b: Spicy girls\n|faint|p2b: Spicy girls\n|move|p2a: Montezuma|Body Press|p1a: Venusaur\n|-resisted|p1a: Venusaur|1\n|-damage|p1a: Venusaur|81/100 brn\n|\n|-heal|p2a: Montezuma|84/100|[from] item: Leftovers\n|-damage|p1a: Venusaur|75/100 brn|[from] brn\n|upkeep\n|\n|t:|1776650800\n|switch|p1b: Corviknight|Corviknight, L50, F|100/100\n|switch|p2b: Destructo|Garchomp, L50, M|48/100\n|turn|10\n|inactive|wemore has 30 seconds left.\n|\n|t:|1776650831\n|move|p2b: Destructo|Stomping Tantrum|p1a: Venusaur\n|-damage|p1a: Venusaur|43/100 brn\n|move|p1a: Venusaur|Giga Drain|p2b: Destructo\n|-damage|p2b: Destructo|8/100\n|-heal|p1a: Venusaur|63/100 brn|[from] drain|[of] p2b: Destructo\n|move|p1b: Corviknight|Tailwind|p1b: Corviknight\n|-sidestart|p1: wemore|move: Tailwind\n|move|p2a: Montezuma|Yawn|p1b: Corviknight\n|-start|p1b: Corviknight|move: Yawn|[of] p2a: Montezuma\n|\n|-heal|p2a: Montezuma|90/100|[from] item: Leftovers\n|-damage|p1a: Venusaur|57/100 brn|[from] brn\n|upkeep\n|turn|11\n|\n|t:|1776650853\n|move|p1a: Venusaur|Giga Drain|p2b: Destructo\n|-damage|p2b: Destructo|0 fnt\n|-heal|p1a: Venusaur|61/100 brn|[from] drain|[of] p2b: Destructo\n|faint|p2b: Destructo\n|move|p1b: Corviknight|Iron Head|p2a: Montezuma\n|-crit|p2a: Montezuma\n|-damage|p2a: Montezuma|59/100\n|move|p2a: Montezuma|Body Press|p1b: Corviknight\n|-damage|p1b: Corviknight|60/100\n|\n|-heal|p1b: Corviknight|65/100|[from] item: Leftovers\n|-heal|p2a: Montezuma|65/100|[from] item: Leftovers\n|-damage|p1a: Venusaur|55/100 brn|[from] brn\n|-end|p1b: Corviknight|move: Yawn|[silent]\n|-status|p1b: Corviknight|slp\n|upkeep\n|turn|12\n|\n|t:|1776650870\n|move|p2a: Montezuma|Protect|p2a: Montezuma\n|-singleturn|p2a: Montezuma|Protect\n|move|p1a: Venusaur|Sludge Bomb|p2a: Montezuma\n|-activate|p2a: Montezuma|move: Protect\n|cant|p1b: Corviknight|slp\n|\n|-heal|p1b: Corviknight|71/100 slp|[from] item: Leftovers\n|-heal|p2a: Montezuma|71/100|[from] item: Leftovers\n|-damage|p1a: Venusaur|49/100 brn|[from] brn\n|upkeep\n|turn|13\n|\n|t:|1776650885\n|move|p1a: Venusaur|Sludge Bomb|p2a: Montezuma\n|-damage|p2a: Montezuma|59/100\n|cant|p1b: Corviknight|slp\n|move|p2a: Montezuma|Body Press|p1a: Venusaur\n|-resisted|p1a: Venusaur|1\n|-damage|p1a: Venusaur|31/100 brn\n|\n|-heal|p1b: Corviknight|77/100 slp|[from] item: Leftovers\n|-heal|p2a: Montezuma|65/100|[from] item: Leftovers\n|-damage|p1a: Venusaur|25/100 brn|[from] brn\n|-sideend|p1: wemore|move: Tailwind\n|upkeep\n|turn|14\n|\n|t:|1776650903\n|move|p2a: Montezuma|Protect|p2a: Montezuma\n|-singleturn|p2a: Montezuma|Protect\n|move|p1a: Venusaur|Giga Drain|p1b: Corviknight\n|-resisted|p1b: Corviknight|2\n|-damage|p1b: Corviknight|68/100 slp\n|-heal|p1a: Venusaur|30/100 brn|[from] drain|[of] p1b: Corviknight\n|-curestatus|p1b: Corviknight|slp|[msg]\n|move|p1b: Corviknight|Roost|p1b: Corviknight\n|-heal|p1b: Corviknight|100/100\n|-singleturn|p1b: Corviknight|move: Roost\n|\n|-heal|p2a: Montezuma|71/100|[from] item: Leftovers\n|-damage|p1a: Venusaur|24/100 brn|[from] brn\n|upkeep\n|turn|15\n|\n|t:|1776650919\n|move|p1a: Venusaur|Sludge Bomb|p2a: Montezuma\n|-damage|p2a: Montezuma|60/100\n|move|p1b: Corviknight|Iron Head|p2a: Montezuma\n|-damage|p2a: Montezuma|51/100\n|move|p2a: Montezuma|Body Press|p1a: Venusaur\n|-resisted|p1a: Venusaur|1\n|-damage|p1a: Venusaur|5/100 brn\n|\n|-heal|p2a: Montezuma|57/100|[from] item: Leftovers\n|-damage|p1a: Venusaur|0 fnt|[from] brn\n|faint|p1a: Venusaur\n|upkeep\n|turn|16\n|\n|t:|1776650937\n|move|p1b: Corviknight|Iron Head|p2a: Montezuma\n|-damage|p2a: Montezuma|50/100\n|move|p2a: Montezuma|Yawn|p1b: Corviknight\n|-start|p1b: Corviknight|move: Yawn|[of] p2a: Montezuma\n|\n|-heal|p2a: Montezuma|56/100|[from] item: Leftovers\n|upkeep\n|turn|17\n|\n|t:|1776650946\n|move|p1b: Corviknight|Iron Head|p2a: Montezuma\n|-damage|p2a: Montezuma|48/100\n|move|p2a: Montezuma|Stockpile||[still]\n|-fail|p2a: Montezuma\n|\n|-heal|p2a: Montezuma|54/100|[from] item: Leftovers\n|-end|p1b: Corviknight|move: Yawn|[silent]\n|-status|p1b: Corviknight|slp\n|upkeep\n|turn|18\n|\n|t:|1776650956\n|cant|p1b: Corviknight|slp\n|move|p2a: Montezuma|Body Press|p1b: Corviknight\n|-damage|p1b: Corviknight|58/100 slp\n|\n|-heal|p1b: Corviknight|63/100 slp|[from] item: Leftovers\n|-heal|p2a: Montezuma|60/100|[from] item: Leftovers\n|upkeep\n|turn|19\n|\n|t:|1776650965\n|-curestatus|p1b: Corviknight|slp|[msg]\n|move|p1b: Corviknight|Roost|p1b: Corviknight\n|-heal|p1b: Corviknight|100/100\n|-singleturn|p1b: Corviknight|move: Roost\n|move|p2a: Montezuma|Body Press|p1b: Corviknight\n|-supereffective|p1b: Corviknight|1\n|-damage|p1b: Corviknight|22/100\n|\n|-heal|p1b: Corviknight|28/100|[from] item: Leftovers\n|-heal|p2a: Montezuma|66/100|[from] item: Leftovers\n|upkeep\n|turn|20\n|\n|t:|1776650978\n|move|p1b: Corviknight|Roost|p1b: Corviknight\n|-heal|p1b: Corviknight|79/100\n|-singleturn|p1b: Corviknight|move: Roost\n|move|p2a: Montezuma|Body Press|p1b: Corviknight\n|-supereffective|p1b: Corviknight|1\n|-damage|p1b: Corviknight|0 fnt\n|faint|p1b: Corviknight\n|\n|win|blue schucle\n|raw|wemore's rating: 1361 &rarr; <strong>1339</strong><br />(-22 for losing)\n|raw|blue schucle's rating: 1331 &rarr; <strong>1353</strong><br />(+22 for winning)\n",
  "uploadtime": 1776650987,
  "views": 8,
  "formatid": "gen9championsvgc2026regma",
  "rating": 1339,
  "private": 0,
  "password": null
}