{
  "id": "gen9championsvgc2026regma-2585477744",
  "format": "[Gen 9 Champions] VGC 2026 Reg M-A",
  "players": [
    "peyo_snk",
    "jacrepid"
  ],
  "log": "|j|\u2606peyo_snk\n|j|\u2606jacrepid\n|t:|1776350060\n|gametype|doubles\n|player|p1|peyo_snk|101|1087\n|player|p2|jacrepid|acetrainer-gen4dp|1000\n|gen|9\n|tier|[Gen 9 Champions] VGC 2026 Reg M-A\n|rated|\n|rule|Species Clause: Limit one of each Pok\u00e9mon\n|rule|Item Clause: Limit 1 of each item\n|clearpoke\n|poke|p1|Charizard, L50, M|\n|poke|p1|Whimsicott, L50, F|\n|poke|p1|Sneasler, L50, F|\n|poke|p1|Incineroar, L50, M|\n|poke|p1|Rotom-Wash, L50|\n|poke|p1|Gardevoir, L50, M|\n|poke|p2|Gyarados, L50, F|\n|poke|p2|Whimsicott, L50, F|\n|poke|p2|Tauros-Paldea-Blaze, L50, M|\n|poke|p2|Manectric, L50, F|\n|poke|p2|Sneasler, L50, M|\n|poke|p2|Ninetales-Alola, L50, F|\n|teampreview|4\n|\n|t:|1776350093\n|teamsize|p1|4\n|teamsize|p2|4\n|start\n|switch|p1a: Sneasler|Sneasler, L50, F|100/100\n|switch|p1b: Gardevoir|Gardevoir, L50, M|100/100\n|switch|p2a: Manectric|Manectric, L50, F|100/100\n|switch|p2b: Whimsicott|Whimsicott, L50, F|100/100\n|-ability|p1b: Gardevoir|Static|Trace|[from] ability: Trace|[of] p2a: Manectric\n|turn|1\n|inactive|Battle timer is ON: inactive players will automatically lose when time's up. (requested by peyo_snk)\n|\n|t:|1776350127\n|detailschange|p2a: Manectric|Manectric-Mega, L50, F\n|-mega|p2a: Manectric|Manectric|Manectite\n|-ability|p2a: Manectric|Intimidate|boost\n|-unboost|p1a: Sneasler|atk|1\n|-unboost|p1b: Gardevoir|atk|1\n|-enditem|p1a: Sneasler|White Herb\n|-clearnegativeboost|p1a: Sneasler|[silent]\n|move|p1a: Sneasler|Fake Out|p2b: Whimsicott\n|-damage|p2b: Whimsicott|78/100\n|cant|p2b: Whimsicott|flinch\n|move|p1b: Gardevoir|Moonblast|p2a: Manectric\n|-damage|p2a: Manectric|25/100\n|move|p2a: Manectric|Electro Ball|p1b: Gardevoir\n|-damage|p1b: Gardevoir|75/100\n|\n|upkeep\n|turn|2\n|\n|t:|1776350148\n|move|p2b: Whimsicott|Tailwind|p2b: Whimsicott\n|-sidestart|p2: jacrepid|move: Tailwind\n|move|p2a: Manectric|Volt Switch|p1b: Gardevoir\n|-damage|p1b: Gardevoir|31/100\n|\n|t:|1776350153\n|switch|p2a: Tauros|Tauros-Paldea-Blaze, L50, M|100/100|[from] Volt Switch\n|-ability|p2a: Tauros|Intimidate|boost\n|-unboost|p1a: Sneasler|atk|1\n|-unboost|p1b: Gardevoir|atk|1\n|move|p1a: Sneasler|Dire Claw|p2b: Whimsicott\n|-supereffective|p2b: Whimsicott|2\n|-damage|p2b: Whimsicott|0 fnt\n|faint|p2b: Whimsicott\n|move|p1b: Gardevoir|Moonblast|p2a: Tauros\n|-damage|p2a: Tauros|22/100\n|\n|upkeep\n|\n|t:|1776350165\n|switch|p2b: Ninetales|Ninetales-Alola, L50, F|100/100\n|-weather|Snowscape|[from] ability: Snow Warning|[of] p2b: Ninetales\n|turn|3\n|\n|t:|1776350178\n|move|p2a: Tauros|Rock Slide|p1b: Gardevoir|[spread] p1a,p1b\n|-resisted|p1a: Sneasler|1\n|-damage|p1a: Sneasler|85/100\n|-damage|p1b: Gardevoir|0 fnt\n|faint|p1b: Gardevoir\n|cant|p1a: Sneasler|flinch\n|move|p2b: Ninetales|Blizzard|p1a: Sneasler\n|-damage|p1a: Sneasler|25/100\n|\n|-weather|Snowscape|[upkeep]\n|upkeep\n|\n|t:|1776350188\n|switch|p1b: Whimsicott|Whimsicott, L50, F|100/100\n|turn|4\n|\n|t:|1776350199\n|move|p1b: Whimsicott|Sunny Day|p1b: Whimsicott\n|-weather|SunnyDay\n|move|p2a: Tauros|Rock Slide|p1b: Whimsicott|[spread] p1b\n|-miss|p2a: Tauros|p1a: Sneasler\n|-damage|p1b: Whimsicott|80/100\n|move|p1a: Sneasler|Close Combat|p2a: Tauros\n|-damage|p2a: Tauros|0 fnt\n|-unboost|p1a: Sneasler|def|1\n|-unboost|p1a: Sneasler|spd|1\n|faint|p2a: Tauros\n|move|p2b: Ninetales|Blizzard|p1a: Sneasler|[spread] p1a,p1b\n|-supereffective|p1b: Whimsicott|1\n|-damage|p1a: Sneasler|0 fnt\n|-damage|p1b: Whimsicott|0 fnt\n|faint|p1a: Sneasler\n|faint|p1b: Whimsicott\n|\n|-weather|SunnyDay|[upkeep]\n|upkeep\n|\n|t:|1776350212\n|switch|p1b: Charizard|Charizard, L50, M|100/100\n|switch|p2a: Manectric|Manectric-Mega, L50, F|25/100\n|-ability|p2a: Manectric|Intimidate|boost\n|-unboost|p1b: Charizard|atk|1\n|turn|5\n|\n|t:|1776350226\n|detailschange|p1b: Charizard|Charizard-Mega-Y, L50, M\n|-mega|p1b: Charizard|Charizard|Charizardite Y\n|move|p1b: Charizard|Protect|p1b: Charizard\n|-singleturn|p1b: Charizard|Protect\n|move|p2a: Manectric|Electro Ball|p1b: Charizard\n|-activate|p1b: Charizard|move: Protect\n|move|p2b: Ninetales|Moonblast|p1b: Charizard\n|-activate|p1b: Charizard|move: Protect\n|\n|-weather|SunnyDay|[upkeep]\n|-sideend|p2: jacrepid|move: Tailwind\n|upkeep\n|turn|6\n|\n|t:|1776350234\n|move|p2a: Manectric|Volt Switch|p1b: Charizard\n|-supereffective|p1b: Charizard|1\n|-damage|p1b: Charizard|34/100\n|move|p2b: Ninetales|Moonblast|p1b: Charizard\n|-resisted|p1b: Charizard|1\n|-damage|p1b: Charizard|18/100\n|move|p1b: Charizard|Heat Wave|p2a: Manectric|[spread] p2a,p2b\n|-supereffective|p2b: Ninetales|1\n|-damage|p2a: Manectric|0 fnt\n|-damage|p2b: Ninetales|0 fnt\n|faint|p2a: Manectric\n|faint|p2b: Ninetales\n|\n|win|peyo_snk\n|raw|peyo_snk's rating: 1087 &rarr; <strong>1107</strong><br />(+20 for winning)\n|raw|jacrepid's rating: 1000 &rarr; <strong>1000</strong><br />(+0 for losing)\n",
  "uploadtime": 1776350235,
  "views": 26,
  "formatid": "gen9championsvgc2026regma",
  "rating": 1000,
  "private": 0,
  "password": null
}