{
  "id": "gen9championsvgc2026regma-2585298355",
  "format": "[Gen 9 Champions] VGC 2026 Reg M-A",
  "players": [
    "TheTurtlePerson6",
    "reddev94"
  ],
  "log": "|j|\u2606TheTurtlePerson6\n|j|\u2606reddev94\n|t:|1776335199\n|gametype|doubles\n|player|p1|TheTurtlePerson6|scientist-gen4dp|1307\n|player|p2|reddev94|2|1337\n|gen|9\n|tier|[Gen 9 Champions] VGC 2026 Reg M-A\n|rated|\n|rule|Species Clause: Limit one of each Pok\u00e9mon\n|rule|Item Clause: Limit 1 of each item\n|clearpoke\n|poke|p1|Aggron, L50, F|\n|poke|p1|Sinistcha, L50|\n|poke|p1|Incineroar, L50, F|\n|poke|p1|Tyranitar, L50, F|\n|poke|p1|Aerodactyl, L50, F|\n|poke|p1|Sneasler, L50, F|\n|poke|p2|Charizard, L50, F|\n|poke|p2|Venusaur, L50, F|\n|poke|p2|Incineroar, L50, F|\n|poke|p2|Garchomp, L50, F|\n|poke|p2|Mimikyu, L50, F|\n|poke|p2|Basculegion, L50, M|\n|teampreview|4\n|inactive|Battle timer is ON: inactive players will automatically lose when time's up. (requested by TheTurtlePerson6)\n|\n|t:|1776335227\n|teamsize|p1|4\n|teamsize|p2|4\n|start\n|switch|p1a: Incineroar|Incineroar, L50, F|100/100\n|switch|p1b: Tyranitar|Tyranitar, L50, F|100/100\n|switch|p2a: Mimikyu|Mimikyu, L50, F|100/100\n|switch|p2b: Basculegion|Basculegion, L50, M|100/100\n|-weather|Sandstorm|[from] ability: Sand Stream|[of] p1b: Tyranitar\n|-ability|p1a: Incineroar|Intimidate|boost\n|-unboost|p2a: Mimikyu|atk|1\n|-unboost|p2b: Basculegion|atk|1\n|turn|1\n|inactive|TheTurtlePerson6 has 30 seconds left.\n|\n|t:|1776335256\n|move|p2b: Basculegion|Flip Turn|p1a: Incineroar\n|-supereffective|p1a: Incineroar|1\n|-damage|p1a: Incineroar|65/100\n|\n|t:|1776335260\n|switch|p2b: Garchomp|Garchomp, L50, F|100/100|[from] Flip Turn\n|move|p2a: Mimikyu|Will-O-Wisp|p1b: Tyranitar\n|-status|p1b: Tyranitar|brn\n|move|p1b: Tyranitar|Rock Slide|p2a: Mimikyu|[spread] p2a,p2b\n|-resisted|p2b: Garchomp|1\n|-activate|p2a: Mimikyu|ability: Disguise\n|-damage|p2a: Mimikyu|100/100\n|-damage|p2b: Garchomp|94/100\n|detailschange|p2a: Mimikyu|Mimikyu-Busted, L50, F\n|-damage|p2a: Mimikyu|88/100|[from] pokemon: Mimikyu-Busted\n|move|p1a: Incineroar|Darkest Lariat|p2b: Garchomp\n|-damage|p2b: Garchomp|62/100\n|-damage|p1a: Incineroar|52/100|[from] ability: Rough Skin|[of] p2b: Garchomp\n|\n|-weather|Sandstorm|[upkeep]\n|-damage|p2a: Mimikyu|82/100|[from] Sandstorm\n|-damage|p1a: Incineroar|47/100|[from] Sandstorm\n|-heal|p2b: Garchomp|68/100|[from] item: Leftovers\n|-damage|p1b: Tyranitar|95/100 brn|[from] brn\n|upkeep\n|turn|2\n|inactive|reddev94 has 30 seconds left.\n|\n|t:|1776335288\n|move|p2b: Garchomp|Dragon Claw|p1a: Incineroar\n|-damage|p1a: Incineroar|17/100\n|move|p2a: Mimikyu|Play Rough|p1a: Incineroar\n|-damage|p1a: Incineroar|0 fnt\n|faint|p1a: Incineroar\n|move|p1b: Tyranitar|Ice Punch|p2b: Garchomp\n|-supereffective|p2b: Garchomp|2\n|-damage|p2b: Garchomp|21/100\n|-damage|p1b: Tyranitar|83/100 brn|[from] ability: Rough Skin|[of] p2b: Garchomp\n|\n|-weather|Sandstorm|[upkeep]\n|-damage|p2a: Mimikyu|76/100|[from] Sandstorm\n|-heal|p2b: Garchomp|28/100|[from] item: Leftovers\n|-damage|p1b: Tyranitar|77/100 brn|[from] brn\n|upkeep\n|\n|t:|1776335295\n|switch|p1a: Sinistcha|Sinistcha, L50|100/100\n|-heal|p1b: Tyranitar|100/100 brn|[from] ability: Hospitality|[of] p1a: Sinistcha\n|turn|3\n|\n|t:|1776335304\n|move|p2b: Garchomp|Protect|p2b: Garchomp\n|-singleturn|p2b: Garchomp|Protect\n|move|p2a: Mimikyu|Will-O-Wisp|p1a: Sinistcha\n|-status|p1a: Sinistcha|brn\n|move|p1a: Sinistcha|Matcha Gotcha|p2b: Garchomp|[spread] p2a\n|-activate|p2b: Garchomp|move: Protect\n|-damage|p2a: Mimikyu|50/100\n|-status|p2a: Mimikyu|brn\n|move|p1b: Tyranitar|Knock Off|p2a: Mimikyu\n|-damage|p2a: Mimikyu|23/100 brn\n|-enditem|p2a: Mimikyu|Mental Herb|[from] move: Knock Off|[of] p1b: Tyranitar\n|\n|-weather|Sandstorm|[upkeep]\n|-damage|p2a: Mimikyu|17/100 brn|[from] Sandstorm\n|-damage|p1a: Sinistcha|94/100 brn|[from] Sandstorm\n|-heal|p2b: Garchomp|34/100|[from] item: Leftovers\n|-damage|p2a: Mimikyu|10/100 brn|[from] brn\n|-damage|p1a: Sinistcha|88/100 brn|[from] brn\n|-damage|p1b: Tyranitar|95/100 brn|[from] brn\n|upkeep\n|turn|4\n|inactive|reddev94 has 30 seconds left.\n|\n|t:|1776335336\n|move|p1b: Tyranitar|Protect|p1b: Tyranitar\n|-singleturn|p1b: Tyranitar|Protect\n|move|p2a: Mimikyu|Shadow Sneak|p1a: Sinistcha\n|-supereffective|p1a: Sinistcha|1\n|-damage|p1a: Sinistcha|80/100 brn\n|move|p2b: Garchomp|Stomping Tantrum|p1b: Tyranitar\n|-activate|p1b: Tyranitar|move: Protect\n|move|p1a: Sinistcha|Matcha Gotcha|p2b: Garchomp|[spread] p2a,p2b\n|-damage|p2a: Mimikyu|0 fnt\n|-heal|p1a: Sinistcha|84/100 brn|[from] drain|[of] p2a: Mimikyu\n|-damage|p2b: Garchomp|7/100\n|-heal|p1a: Sinistcha|99/100 brn|[from] drain|[of] p2b: Garchomp\n|-status|p2b: Garchomp|brn\n|faint|p2a: Mimikyu\n|\n|-weather|Sandstorm|[upkeep]\n|-damage|p1a: Sinistcha|93/100 brn|[from] Sandstorm\n|-heal|p2b: Garchomp|14/100 brn|[from] item: Leftovers\n|-damage|p2b: Garchomp|7/100 brn|[from] brn\n|-damage|p1a: Sinistcha|86/100 brn|[from] brn\n|-damage|p1b: Tyranitar|89/100 brn|[from] brn\n|upkeep\n|\n|t:|1776335348\n|switch|p2a: Charizard|Charizard, L50, F|100/100\n|turn|5\n|\n|t:|1776335372\n|detailschange|p2a: Charizard|Charizard-Mega-Y, L50, F\n|-mega|p2a: Charizard|Charizard|Charizardite Y\n|-weather|SunnyDay|[from] ability: Drought|[of] p2a: Charizard\n|move|p2b: Garchomp|Protect|p2b: Garchomp\n|-singleturn|p2b: Garchomp|Protect\n|move|p1a: Sinistcha|Rage Powder|p1a: Sinistcha\n|-singleturn|p1a: Sinistcha|move: Rage Powder\n|move|p2a: Charizard|Air Slash|p1a: Sinistcha\n|-supereffective|p1a: Sinistcha|1\n|-damage|p1a: Sinistcha|0 fnt\n|faint|p1a: Sinistcha\n|move|p1b: Tyranitar|Rock Slide|p2b: Garchomp|[spread] p2a\n|-activate|p2b: Garchomp|move: Protect\n|-supereffective|p2a: Charizard|2\n|-damage|p2a: Charizard|29/100\n|\n|-weather|SunnyDay|[upkeep]\n|-heal|p2b: Garchomp|14/100 brn|[from] item: Leftovers\n|-damage|p2b: Garchomp|7/100 brn|[from] brn\n|-damage|p1b: Tyranitar|83/100 brn|[from] brn\n|upkeep\n|\n|t:|1776335382\n|switch|p1a: Aggron|Aggron, L50, F|100/100\n|turn|6\n|\n|t:|1776335401\n|detailschange|p1a: Aggron|Aggron-Mega, L50, F\n|-mega|p1a: Aggron|Aggron|Aggronite\n|move|p2b: Garchomp|Stomping Tantrum|p1b: Tyranitar\n|-supereffective|p1b: Tyranitar|1\n|-damage|p1b: Tyranitar|58/100 brn\n|move|p2a: Charizard|Heat Wave|p1b: Tyranitar|[spread] p1a\n|-miss|p2a: Charizard|p1b: Tyranitar\n|-supereffective|p1a: Aggron|1\n|-damage|p1a: Aggron|6/100\n|move|p1b: Tyranitar|Rock Slide|p2a: Charizard|[spread] p2a,p2b\n|-supereffective|p2a: Charizard|2\n|-resisted|p2b: Garchomp|1\n|-damage|p2a: Charizard|0 fnt\n|-damage|p2b: Garchomp|0 fnt\n|faint|p2a: Charizard\n|faint|p2b: Garchomp\n|move|p1a: Aggron|Body Press|p2: Charizard|[notarget]\n|-fail|p1a: Aggron\n|\n|-weather|SunnyDay|[upkeep]\n|-damage|p1b: Tyranitar|52/100 brn|[from] brn\n|upkeep\n|\n|t:|1776335413\n|switch|p2b: Basculegion|Basculegion, L50, M|100/100\n|turn|7\n|\n|t:|1776335421\n|move|p1b: Tyranitar|Protect|p1b: Tyranitar\n|-singleturn|p1b: Tyranitar|Protect\n|move|p2b: Basculegion|Wave Crash|p1b: Tyranitar\n|-activate|p1b: Tyranitar|move: Protect\n|move|p1a: Aggron|Rest|p1a: Aggron\n|-status|p1a: Aggron|slp|[from] move: Rest\n|-heal|p1a: Aggron|100/100 slp|[silent]\n|\n|-weather|SunnyDay|[upkeep]\n|-damage|p1b: Tyranitar|46/100 brn|[from] brn\n|upkeep\n|turn|8\n|\n|t:|1776335433\n|move|p2b: Basculegion|Wave Crash|p1b: Tyranitar\n|-supereffective|p1b: Tyranitar|1\n|-damage|p1b: Tyranitar|0 fnt\n|faint|p1b: Tyranitar\n|-damage|p2b: Basculegion|85/100|[from] Recoil\n|cant|p1a: Aggron|slp\n|\n|-weather|SunnyDay|[upkeep]\n|upkeep\n|turn|9\n|\n|t:|1776335439\n|move|p2b: Basculegion|Wave Crash|p1a: Aggron\n|-damage|p1a: Aggron|81/100 slp\n|-damage|p2b: Basculegion|79/100|[from] Recoil\n|cant|p1a: Aggron|slp\n|\n|-weather|none\n|upkeep\n|turn|10\n|\n|t:|1776335444\n|move|p2b: Basculegion|Wave Crash|p1a: Aggron\n|-crit|p1a: Aggron\n|-damage|p1a: Aggron|25/100 slp\n|-damage|p2b: Basculegion|62/100|[from] Recoil\n|-curestatus|p1a: Aggron|slp|[msg]\n|move|p1a: Aggron|Iron Defense|p1a: Aggron\n|-boost|p1a: Aggron|def|2\n|\n|upkeep\n|turn|11\n|\n|t:|1776335450\n|move|p2b: Basculegion|Wave Crash|p1a: Aggron\n|-damage|p1a: Aggron|4/100\n|-damage|p2b: Basculegion|56/100|[from] Recoil\n|move|p1a: Aggron|Rest|p1a: Aggron\n|-status|p1a: Aggron|slp|[from] move: Rest\n|-heal|p1a: Aggron|100/100 slp|[silent]\n|\n|upkeep\n|turn|12\n|\n|t:|1776335456\n|move|p2b: Basculegion|Wave Crash|p1a: Aggron\n|-damage|p1a: Aggron|80/100 slp\n|-damage|p2b: Basculegion|50/100|[from] Recoil\n|cant|p1a: Aggron|slp\n|\n|upkeep\n|turn|13\n|\n|t:|1776335461\n|move|p2b: Basculegion|Wave Crash|p1a: Aggron\n|-damage|p1a: Aggron|60/100 slp\n|-damage|p2b: Basculegion|44/100|[from] Recoil\n|cant|p1a: Aggron|slp\n|\n|upkeep\n|turn|14\n|\n|t:|1776335467\n|move|p2b: Basculegion|Wave Crash|p1a: Aggron\n|-damage|p1a: Aggron|41/100 slp\n|-damage|p2b: Basculegion|38/100|[from] Recoil\n|-curestatus|p1a: Aggron|slp|[msg]\n|move|p1a: Aggron|Rest|p1a: Aggron\n|-status|p1a: Aggron|slp|[from] move: Rest\n|-heal|p1a: Aggron|100/100 slp|[silent]\n|\n|upkeep\n|turn|15\n|-message|reddev94 forfeited.\n|\n|win|TheTurtlePerson6\n|raw|TheTurtlePerson6's rating: 1307 &rarr; <strong>1329</strong><br />(+22 for winning)\n|raw|reddev94's rating: 1337 &rarr; <strong>1315</strong><br />(-22 for losing)\n|l|\u2606reddev94\n|player|p2|\n",
  "uploadtime": 1776335500,
  "views": 26,
  "formatid": "gen9championsvgc2026regma",
  "rating": 1315,
  "private": 0,
  "password": null
}