{
  "id": "gen9championsvgc2026regma-2586624310",
  "format": "[Gen 9 Champions] VGC 2026 Reg M-A",
  "players": [
    "CasualitoGaming",
    "battleofthebulge"
  ],
  "log": "|j|\u2606CasualitoGaming\n|j|\u2606battleofthebulge\n|t:|1776447658\n|gametype|doubles\n|player|p1|CasualitoGaming|harlequin|1157\n|player|p2|battleofthebulge|1|1079\n|gen|9\n|tier|[Gen 9 Champions] VGC 2026 Reg M-A\n|rated|\n|rule|Species Clause: Limit one of each Pok\u00e9mon\n|rule|Item Clause: Limit 1 of each item\n|clearpoke\n|poke|p1|Clawitzer, L50, M|\n|poke|p1|Politoed, L50, M|\n|poke|p1|Farigiraf, L50, M|\n|poke|p1|Gallade, L50, M|\n|poke|p1|Gengar, L50, M|\n|poke|p1|Incineroar, L50, F|\n|poke|p2|Golurk, L50|\n|poke|p2|Farigiraf, L50, M|\n|poke|p2|Incineroar, L50, F|\n|poke|p2|Torkoal, L50, M|\n|poke|p2|Sneasler, L50, M|\n|poke|p2|Venusaur, L50, F|\n|teampreview|4\n|c|\u2606battleofthebulge|WOOOO\n|c|\u2606battleofthebulge|YOU READY FOR THIS\n|\n|t:|1776447694\n|teamsize|p1|4\n|teamsize|p2|4\n|start\n|switch|p1a: Farigiraf|Farigiraf, L50, M|100/100\n|switch|p1b: Incineroar|Incineroar, L50, F|100/100\n|switch|p2a: Farigiraf|Farigiraf, L50, M|100/100\n|switch|p2b: Sneasler|Sneasler, L50, M|100/100\n|-ability|p1b: Incineroar|Intimidate|boost\n|-unboost|p2a: Farigiraf|atk|1\n|-unboost|p2b: Sneasler|atk|1\n|-enditem|p2b: Sneasler|White Herb\n|-clearnegativeboost|p2b: Sneasler|[silent]\n|turn|1\n|inactive|Battle timer is ON: inactive players will automatically lose when time's up. (requested by battleofthebulge)\n|\n|t:|1776447719\n|move|p1a: Farigiraf|Protect|p1a: Farigiraf\n|-singleturn|p1a: Farigiraf|Protect\n|move|p2b: Sneasler|Close Combat|p1b: Incineroar\n|-supereffective|p1b: Incineroar|1\n|-damage|p1b: Incineroar|0 fnt\n|-unboost|p2b: Sneasler|def|1\n|-unboost|p2b: Sneasler|spd|1\n|faint|p1b: Incineroar\n|move|p2a: Farigiraf|Hyper Voice|p1a: Farigiraf\n|-activate|p1a: Farigiraf|move: Protect\n|\n|upkeep\n|\n|t:|1776447729\n|switch|p1b: Politoed|Politoed, L50, M|100/100\n|-weather|RainDance|[from] ability: Drizzle|[of] p1b: Politoed\n|turn|2\n|\n|t:|1776447745\n|move|p2b: Sneasler|Close Combat|p1b: Politoed\n|-damage|p1b: Politoed|50/100\n|-unboost|p2b: Sneasler|def|1\n|-unboost|p2b: Sneasler|spd|1\n|move|p1b: Politoed|Muddy Water|p2a: Farigiraf|[spread] p2a,p2b\n|-damage|p2a: Farigiraf|70/100\n|-damage|p2b: Sneasler|17/100\n|move|p1a: Farigiraf|Psychic|p2b: Sneasler\n|-supereffective|p2b: Sneasler|2\n|-damage|p2b: Sneasler|0 fnt\n|faint|p2b: Sneasler\n|move|p2a: Farigiraf|Hyper Voice|p1b: Politoed|[spread] p1a,p1b\n|-damage|p1a: Farigiraf|73/100\n|-damage|p1b: Politoed|26/100\n|\n|-weather|RainDance|[upkeep]\n|-heal|p1b: Politoed|32/100|[from] item: Leftovers\n|upkeep\n|c|\u2606battleofthebulge|YOU GON MAKE ME DO THIS?!\n|\n|t:|1776447764\n|switch|p2b: Torkoal|Torkoal, L50, M|100/100\n|-weather|SunnyDay|[from] ability: Drought|[of] p2b: Torkoal\n|turn|3\n|\n|t:|1776447777\n|switch|p1b: Clawitzer|Clawitzer, L50, M|100/100\n|move|p2b: Torkoal|Protect|p2b: Torkoal\n|-singleturn|p2b: Torkoal|Protect\n|move|p2a: Farigiraf|Trick Room|p2a: Farigiraf\n|-fieldstart|move: Trick Room|[of] p2a: Farigiraf\n|move|p1a: Farigiraf|Trick Room|p1a: Farigiraf\n|-fieldend|move: Trick Room\n|\n|-weather|SunnyDay|[upkeep]\n|upkeep\n|turn|4\n|inactive|CasualitoGaming has 30 seconds left.\n|\n|t:|1776447812\n|move|p1a: Farigiraf|Psychic|p2b: Torkoal\n|-damage|p2b: Torkoal|55/100\n|move|p1b: Clawitzer|Dark Pulse|p2a: Farigiraf\n|-supereffective|p2a: Farigiraf|1\n|-damage|p2a: Farigiraf|0 fnt\n|faint|p2a: Farigiraf\n|move|p2b: Torkoal|Weather Ball|p1a: Farigiraf\n|-damage|p1a: Farigiraf|0 fnt\n|faint|p1a: Farigiraf\n|\n|-weather|SunnyDay|[upkeep]\n|upkeep\n|\n|t:|1776447823\n|switch|p2a: Golurk|Golurk, L50|100/100\n|switch|p1a: Politoed|Politoed, L50, M|32/100\n|-weather|RainDance|[from] ability: Drizzle|[of] p1a: Politoed\n|turn|5\n|\n|t:|1776447838\n|detailschange|p2a: Golurk|Golurk-Mega, L50\n|-mega|p2a: Golurk|Golurk|Golurkite\n|move|p1a: Politoed|Muddy Water|p2a: Golurk|[spread] p2a,p2b\n|-supereffective|p2a: Golurk|1\n|-supereffective|p2b: Torkoal|1\n|-damage|p2a: Golurk|41/100\n|-damage|p2b: Torkoal|0 fnt\n|-unboost|p2a: Golurk|accuracy|1\n|faint|p2b: Torkoal\n|move|p2a: Golurk|Poltergeist|p1b: Clawitzer|[miss]\n|-miss|p2a: Golurk|p1b: Clawitzer\n|move|p1b: Clawitzer|Water Pulse|p2a: Golurk\n|-supereffective|p2a: Golurk|1\n|-damage|p2a: Golurk|0 fnt\n|faint|p2a: Golurk\n|\n|win|CasualitoGaming\n|raw|CasualitoGaming's rating: 1157 &rarr; <strong>1176</strong><br />(+19 for winning)\n|raw|battleofthebulge's rating: 1079 &rarr; <strong>1062</strong><br />(-17 for losing)\n|l|\u2606battleofthebulge\n|player|p2|\n|c|\u2606CasualitoGaming|gg\n",
  "uploadtime": 1776448020,
  "views": 24,
  "formatid": "gen9championsvgc2026regma",
  "rating": 1062,
  "private": 0,
  "password": null
}