{
  "id": "gen9championsvgc2026regma-2587646473",
  "format": "[Gen 9 Champions] VGC 2026 Reg M-A",
  "players": [
    "SergiM11",
    "Deltanaa"
  ],
  "log": "|j|\u2606SergiM11\n|j|\u2606Deltanaa\n|t:|1776550062\n|gametype|doubles\n|player|p1|SergiM11|2|1116\n|player|p2|Deltanaa|dawn-gen4pt|1071\n|gen|9\n|tier|[Gen 9 Champions] VGC 2026 Reg M-A\n|rated|\n|rule|Species Clause: Limit one of each Pok\u00e9mon\n|rule|Item Clause: Limit 1 of each item\n|clearpoke\n|poke|p1|Ninetales-Alola, L50, F|\n|poke|p1|Crabominable, L50, F|\n|poke|p1|Farigiraf, L50, M|\n|poke|p1|Incineroar, L50, M|\n|poke|p1|Basculegion, L50, M|\n|poke|p1|Scizor, L50, F|\n|poke|p2|Aggron, L50, F|\n|poke|p2|Tyranitar, L50, F|\n|poke|p2|Klefki, L50, F|\n|poke|p2|Glimmora, L50, F|\n|poke|p2|Farigiraf, L50, F|\n|poke|p2|Hatterene, L50, F|\n|teampreview|4\n|inactive|Battle timer is ON: inactive players will automatically lose when time's up. (requested by Deltanaa)\n|\n|t:|1776550151\n|teamsize|p1|4\n|teamsize|p2|4\n|start\n|switch|p1a: Basculegion|Basculegion, L50, M|100/100\n|switch|p1b: Scizor|Scizor, L50, F|100/100\n|switch|p2a: Aggron|Aggron, L50, F|100/100\n|switch|p2b: Klefki|Klefki, L50, F|100/100\n|turn|1\n|inactive|SergiM11 has 30 seconds left.\n|inactive|SergiM11 has 20 seconds left.\n|\n|t:|1776550188\n|switch|p1b: Incineroar|Incineroar, L50, M|100/100\n|-ability|p1b: Incineroar|Intimidate|boost\n|-unboost|p2a: Aggron|atk|1\n|-unboost|p2b: Klefki|atk|1\n|detailschange|p2a: Aggron|Aggron-Mega, L50, F\n|-mega|p2a: Aggron|Aggron|Aggronite\n|move|p1a: Basculegion|Wave Crash|p2a: Aggron\n|-damage|p2a: Aggron|58/100\n|-damage|p1a: Basculegion|88/100|[from] Recoil\n|move|p2a: Aggron|Iron Defense|p2a: Aggron\n|-boost|p2a: Aggron|def|2\n|move|p2b: Klefki|Trick Room|p2b: Klefki\n|-fieldstart|move: Trick Room|[of] p2b: Klefki\n|\n|upkeep\n|turn|2\n|\n|t:|1776550211\n|move|p2a: Aggron|Protect|p2a: Aggron\n|-singleturn|p2a: Aggron|Protect\n|move|p2b: Klefki|Reflect|p2b: Klefki\n|-sidestart|p2: Deltanaa|Reflect\n|move|p1b: Incineroar|Flare Blitz|p2a: Aggron\n|-activate|p2a: Aggron|move: Protect\n|move|p1a: Basculegion|Wave Crash|p2b: Klefki\n|-damage|p2b: Klefki|41/100\n|-damage|p1a: Basculegion|75/100|[from] Recoil\n|\n|upkeep\n|turn|3\n|\n|t:|1776550232\n|switch|p2b: Hatterene|Hatterene, L50, F|100/100\n|move|p2a: Aggron|Body Press|p1b: Incineroar\n|-supereffective|p1b: Incineroar|1\n|-damage|p1b: Incineroar|0 fnt\n|faint|p1b: Incineroar\n|move|p1a: Basculegion|Wave Crash|p2a: Aggron\n|-damage|p2a: Aggron|42/100\n|-damage|p1a: Basculegion|70/100|[from] Recoil\n|\n|upkeep\n|\n|t:|1776550253\n|switch|p1b: Scizor|Scizor, L50, F|100/100\n|turn|4\n|\n|t:|1776550271\n|detailschange|p1b: Scizor|Scizor-Mega, L50, F\n|-mega|p1b: Scizor|Scizor|Scizorite\n|move|p1b: Scizor|Bullet Punch|p2b: Hatterene\n|-supereffective|p2b: Hatterene|1\n|-damage|p2b: Hatterene|44/100\n|move|p2b: Hatterene|Mystical Fire|p1b: Scizor\n|-supereffective|p1b: Scizor|2\n|-damage|p1b: Scizor|0 fnt\n|faint|p1b: Scizor\n|move|p2a: Aggron|Heavy Slam|p1a: Basculegion\n|-resisted|p1a: Basculegion|1\n|-damage|p1a: Basculegion|55/100\n|move|p1a: Basculegion|Wave Crash|p2b: Hatterene\n|-damage|p2b: Hatterene|0 fnt\n|faint|p2b: Hatterene\n|-damage|p1a: Basculegion|43/100|[from] Recoil\n|\n|upkeep\n|\n|t:|1776550289\n|switch|p2b: Klefki|Klefki, L50, F|41/100\n|switch|p1b: Ninetales|Ninetales-Alola, L50, F|100/100\n|-weather|Snowscape|[from] ability: Snow Warning|[of] p1b: Ninetales\n|turn|5\n|inactive|SergiM11 has 30 seconds left.\n|\n|t:|1776550316\n|move|p2a: Aggron|Heavy Slam|p1b: Ninetales\n|-supereffective|p1b: Ninetales|2\n|-enditem|p1b: Ninetales|Focus Sash\n|-damage|p1b: Ninetales|1/100\n|move|p2b: Klefki|Dazzling Gleam|p1a: Basculegion|[spread] p1a,p1b\n|-damage|p1a: Basculegion|24/100\n|-damage|p1b: Ninetales|0 fnt\n|faint|p1b: Ninetales\n|move|p1a: Basculegion|Wave Crash|p2a: Aggron\n|-damage|p2a: Aggron|29/100\n|-damage|p1a: Basculegion|20/100|[from] Recoil\n|\n|-weather|Snowscape|[upkeep]\n|-fieldend|move: Trick Room\n|upkeep\n|turn|6\n|\n|t:|1776550335\n|move|p1a: Basculegion|Wave Crash|p2a: Aggron\n|-damage|p2a: Aggron|15/100\n|-damage|p1a: Basculegion|16/100|[from] Recoil\n|move|p2b: Klefki|Dazzling Gleam|p1a: Basculegion\n|-damage|p1a: Basculegion|0 fnt\n|faint|p1a: Basculegion\n|\n|win|Deltanaa\n|raw|SergiM11's rating: 1116 &rarr; <strong>1088</strong><br />(-28 for losing)\n|raw|Deltanaa's rating: 1071 &rarr; <strong>1104</strong><br />(+33 for winning)\n|l|\u2606SergiM11\n|player|p1|\n",
  "uploadtime": 1776550345,
  "views": 11,
  "formatid": "gen9championsvgc2026regma",
  "rating": 1088,
  "private": 0,
  "password": null
}