{
  "id": "gen9championsvgc2026regma-2585793095",
  "format": "[Gen 9 Champions] VGC 2026 Reg M-A",
  "players": [
    "Yunobo7",
    "Choklit Milk"
  ],
  "log": "|j|\u2606Yunobo7\n|j|\u2606Choklit Milk\n|t:|1776371031\n|gametype|doubles\n|player|p1|Yunobo7|miku-ghost|1366\n|player|p2|Choklit Milk|170|1432\n|gen|9\n|tier|[Gen 9 Champions] VGC 2026 Reg M-A\n|rated|\n|rule|Species Clause: Limit one of each Pok\u00e9mon\n|rule|Item Clause: Limit 1 of each item\n|clearpoke\n|poke|p1|Venusaur, L50, F|\n|poke|p1|Milotic, L50, F|\n|poke|p1|Incineroar, L50, M|\n|poke|p1|Aegislash, L50, M|\n|poke|p1|Delphox, L50, M|\n|poke|p1|Sneasler, L50, M|\n|poke|p2|Delphox, L50, M|\n|poke|p2|Sylveon, L50, F|\n|poke|p2|Kingambit, L50, M|\n|poke|p2|Sneasler, L50, F|\n|poke|p2|Garchomp, L50, M|\n|poke|p2|Farigiraf, L50, M|\n|teampreview|4\n|inactive|Battle timer is ON: inactive players will automatically lose when time's up. (requested by Yunobo7)\n|inactive|Yunobo7 has 60 seconds left.\n|inactive|Choklit Milk has 60 seconds left.\n|inactive|Yunobo7 has 30 seconds left.\n|inactive|Yunobo7 has 20 seconds left.\n|inactive|Yunobo7 has 15 seconds left.\n|inactive|Yunobo7 has 10 seconds left.\n|inactive|Yunobo7 has 5 seconds left.\n|\n|t:|1776371118\n|teamsize|p1|4\n|teamsize|p2|4\n|start\n|switch|p1a: Milotic|Milotic, L50, F|100/100\n|switch|p1b: Delphox|Delphox, L50, M|100/100\n|switch|p2a: Delphox|Delphox, L50, M|100/100\n|switch|p2b: Kingambit|Kingambit, L50, M|100/100\n|turn|1\n|inactive|Choklit Milk has 30 seconds left.\n|\n|t:|1776371147\n|detailschange|p2a: Delphox|Delphox-Mega, L50, M\n|-mega|p2a: Delphox|Delphox|Delphoxite\n|detailschange|p1b: Delphox|Delphox-Mega, L50, M\n|-mega|p1b: Delphox|Delphox|Delphoxite\n|move|p2a: Delphox|Protect|p2a: Delphox\n|-singleturn|p2a: Delphox|Protect\n|move|p1b: Delphox|Substitute|p1b: Delphox\n|-start|p1b: Delphox|Substitute\n|-damage|p1b: Delphox|76/100\n|move|p1a: Milotic|Scald|p2a: Delphox\n|-activate|p2a: Delphox|move: Protect\n|move|p2b: Kingambit|Kowtow Cleave|p1b: Delphox\n|-supereffective|p1b: Delphox|1\n|-end|p1b: Delphox|Substitute\n|\n|upkeep\n|turn|2\n|inactive|Choklit Milk has 30 seconds left.\n|inactive|Choklit Milk has 20 seconds left.\n|\n|t:|1776371183\n|move|p2a: Delphox|Encore|p1b: Delphox\n|-start|p1b: Delphox|Encore\n|move|p1b: Delphox|Substitute|p1b: Delphox\n|-start|p1b: Delphox|Substitute\n|-damage|p1b: Delphox|51/100\n|move|p1a: Milotic|Scald|p2a: Delphox\n|-supereffective|p2a: Delphox|1\n|-damage|p2a: Delphox|48/100\n|move|p2b: Kingambit|Kowtow Cleave|p1a: Milotic\n|-damage|p1a: Milotic|47/100\n|\n|-heal|p1a: Milotic|52/100|[from] item: Leftovers\n|upkeep\n|turn|3\n|inactive|Choklit Milk has 30 seconds left.\n|\n|t:|1776371218\n|switch|p1b: Aegislash|Aegislash, L50, M|100/100\n|move|p2a: Delphox|Psychic|p1a: Milotic\n|-damage|p1a: Milotic|16/100\n|move|p1a: Milotic|Scald|p2b: Kingambit\n|-damage|p2b: Kingambit|74/100\n|-status|p2b: Kingambit|brn\n|move|p2b: Kingambit|Kowtow Cleave|p1b: Aegislash\n|-supereffective|p1b: Aegislash|1\n|-damage|p1b: Aegislash|53/100\n|\n|-heal|p1a: Milotic|22/100|[from] item: Leftovers\n|-damage|p2b: Kingambit|69/100 brn|[from] brn\n|upkeep\n|turn|4\n|inactive|Choklit Milk has 30 seconds left.\n|\n|t:|1776371252\n|-formechange|p1b: Aegislash|Aegislash-Blade|\n|move|p1b: Aegislash|Shadow Sneak|p2a: Delphox\n|-supereffective|p2a: Delphox|1\n|-damage|p2a: Delphox|0 fnt\n|faint|p2a: Delphox\n|move|p1a: Milotic|Recover|p1a: Milotic\n|-heal|p1a: Milotic|72/100\n|move|p2b: Kingambit|Kowtow Cleave|p1a: Milotic\n|-damage|p1a: Milotic|47/100\n|\n|-heal|p1a: Milotic|52/100|[from] item: Leftovers\n|-damage|p2b: Kingambit|63/100 brn|[from] brn\n|upkeep\n|\n|t:|1776371270\n|switch|p2a: Garchomp|Garchomp, L50, M|100/100\n|turn|5\n|\n|t:|1776371284\n|switch|p2b: Sneasler|Sneasler, L50, F|100/100\n|move|p2a: Garchomp|Stomping Tantrum|p1a: Milotic\n|-damage|p1a: Milotic|17/100\n|move|p1a: Milotic|Recover|p1a: Milotic\n|-heal|p1a: Milotic|67/100\n|move|p1b: Aegislash|Poltergeist|p2a: Garchomp\n|-activate|p2a: Garchomp|move: Poltergeist|Choice Scarf\n|-damage|p2a: Garchomp|28/100\n|\n|-heal|p1a: Milotic|73/100|[from] item: Leftovers\n|upkeep\n|turn|6\n|\n|t:|1776371305\n|move|p1a: Milotic|Protect|p1a: Milotic\n|-singleturn|p1a: Milotic|Protect\n|-formechange|p1b: Aegislash|Aegislash|\n|move|p1b: Aegislash|King's Shield|p1b: Aegislash\n|-singleturn|p1b: Aegislash|Protect\n|move|p2b: Sneasler|Fake Out|p1a: Milotic\n|-activate|p1a: Milotic|move: Protect\n|move|p2a: Garchomp|Stomping Tantrum|p1a: Milotic\n|-activate|p1a: Milotic|move: Protect\n|\n|-heal|p1a: Milotic|79/100|[from] item: Leftovers\n|upkeep\n|turn|7\n|\n|t:|1776371322\n|switch|p1b: Delphox|Delphox-Mega, L50, M|51/100\n|move|p2a: Garchomp|Stomping Tantrum|p1b: Delphox\n|-immune|p1b: Delphox|[from] ability: Levitate\n|move|p2b: Sneasler|Dire Claw|p1a: Milotic\n|-damage|p1a: Milotic|38/100\n|move|p1a: Milotic|Icy Wind|p2a: Garchomp|[spread] p2a,p2b\n|-supereffective|p2a: Garchomp|2\n|-damage|p2a: Garchomp|0 fnt\n|-damage|p2b: Sneasler|87/100\n|-unboost|p2b: Sneasler|spe|1\n|faint|p2a: Garchomp\n|-enditem|p2b: Sneasler|White Herb\n|-clearnegativeboost|p2b: Sneasler|[silent]\n|\n|-heal|p1a: Milotic|44/100|[from] item: Leftovers\n|upkeep\n|inactive|Choklit Milk has 30 seconds left.\n|\n|t:|1776371348\n|switch|p2a: Kingambit|Kingambit, L50, M|63/100 brn\n|turn|8\n|\n|t:|1776371360\n|move|p2b: Sneasler|Protect|p2b: Sneasler\n|-singleturn|p2b: Sneasler|Protect\n|move|p1b: Delphox|Protect|p1b: Delphox\n|-singleturn|p1b: Delphox|Protect\n|move|p1a: Milotic|Recover|p1a: Milotic\n|-heal|p1a: Milotic|94/100\n|move|p2a: Kingambit|Kowtow Cleave|p1a: Milotic\n|-damage|p1a: Milotic|66/100\n|\n|-heal|p1a: Milotic|72/100|[from] item: Leftovers\n|-damage|p2a: Kingambit|57/100 brn|[from] brn\n|upkeep\n|turn|9\n|inactive|Choklit Milk has 30 seconds left.\n|\n|t:|1776371387\n|move|p2b: Sneasler|Dire Claw|p1b: Delphox\n|-damage|p1b: Delphox|0 fnt\n|faint|p1b: Delphox\n|move|p1a: Milotic|Scald|p2b: Sneasler\n|-damage|p2b: Sneasler|46/100\n|-status|p2b: Sneasler|brn\n|move|p2a: Kingambit|Kowtow Cleave|p1a: Milotic\n|-damage|p1a: Milotic|45/100\n|\n|-heal|p1a: Milotic|51/100|[from] item: Leftovers\n|-damage|p2b: Sneasler|40/100 brn|[from] brn\n|-damage|p2a: Kingambit|51/100 brn|[from] brn\n|upkeep\n|\n|t:|1776371394\n|switch|p1b: Sneasler|Sneasler, L50, M|100/100\n|turn|10\n|c|\u2606Choklit Milk|Crazy\n|inactive|Choklit Milk has 30 seconds left.\n|inactive|Choklit Milk has 20 seconds left.\n|-message|Choklit Milk forfeited.\n|\n|win|Yunobo7\n|raw|Yunobo7's rating: 1366 &rarr; <strong>1390</strong><br />(+24 for winning)\n|raw|Choklit Milk's rating: 1432 &rarr; <strong>1408</strong><br />(-24 for losing)\n|l|\u2606Choklit Milk\n|player|p2|\n",
  "uploadtime": 1776371442,
  "views": 41,
  "formatid": "gen9championsvgc2026regma",
  "rating": 1390,
  "private": 0,
  "password": null
}