{
  "id": "gen9championsvgc2026regma-2586407428",
  "format": "[Gen 9 Champions] VGC 2026 Reg M-A",
  "players": [
    "blazke",
    "axelpogi13"
  ],
  "log": "|j|\u2606blazke\n|j|\u2606axelpogi13\n|t:|1776432498\n|gametype|doubles\n|player|p1|blazke|riley|\n|player|p2|axelpogi13|youngster-gen4dp|\n|gen|9\n|tier|[Gen 9 Champions] VGC 2026 Reg M-A\n|rule|Species Clause: Limit one of each Pok\u00e9mon\n|rule|Item Clause: Limit 1 of each item\n|clearpoke\n|poke|p1|Glimmora, L50, F|\n|poke|p1|Whimsicott, L50, M|\n|poke|p1|Farigiraf, L50, M|\n|poke|p1|Golurk, L50|\n|poke|p1|Basculegion, L50, M|\n|poke|p1|Incineroar, L50, M|\n|poke|p2|Froslass, L50, F|\n|poke|p2|Basculegion, L50, M|\n|poke|p2|Kingambit, L50, F|\n|poke|p2|Torkoal, L50, M|\n|poke|p2|Aerodactyl, L50, F|\n|poke|p2|Maushold, L50|\n|teampreview|4\n|inactive|Battle timer is ON: inactive players will automatically lose when time's up. (requested by blazke)\n|inactive|blazke has 60 seconds left.\n|inactive|axelpogi13 has 60 seconds left.\n|inactive|axelpogi13 has 30 seconds left.\n|\n|t:|1776432559\n|teamsize|p1|4\n|teamsize|p2|4\n|start\n|switch|p1a: Whimsicott|Whimsicott, L50, M|100/100\n|switch|p1b: Glimmora|Glimmora, L50, F|100/100\n|switch|p2a: Froslass|Froslass, L50, F|100/100\n|switch|p2b: Kingambit|Kingambit, L50, F|100/100\n|turn|1\n|\n|t:|1776432582\n|detailschange|p1b: Glimmora|Glimmora-Mega, L50, F\n|-mega|p1b: Glimmora|Glimmora|Glimmoranite\n|move|p1a: Whimsicott|Tailwind|p1a: Whimsicott\n|-sidestart|p1: blazke|move: Tailwind\n|move|p1b: Glimmora|Power Gem|p2a: Froslass\n|-supereffective|p2a: Froslass|1\n|-damage|p2a: Froslass|0 fnt\n|faint|p2a: Froslass\n|move|p2b: Kingambit|Iron Head|p1b: Glimmora\n|-supereffective|p1b: Glimmora|1\n|-damage|p1b: Glimmora|10/100\n|\n|upkeep\n|\n|t:|1776432595\n|switch|p2a: Aerodactyl|Aerodactyl, L50, F|100/100\n|-ability|p2a: Aerodactyl|Unnerve\n|turn|2\n|inactive|blazke has 30 seconds left.\n|inactive|axelpogi13 has 30 seconds left.\n|inactive|blazke has 20 seconds left.\n|inactive|axelpogi13 has 20 seconds left.\n|inactive|blazke has 15 seconds left.\n|inactive|blazke has 10 seconds left.\n|inactive|blazke has 5 seconds left.\n|inactive|axelpogi13 has 15 seconds left.\n|inactive|axelpogi13 has 10 seconds left.\n|inactive|axelpogi13 has 5 seconds left.\n|\n|t:|1776432656\n|move|p1a: Whimsicott|Moonblast|p2a: Aerodactyl\n|-damage|p2a: Aerodactyl|52/100\n|move|p1b: Glimmora|Power Gem|p2a: Aerodactyl\n|-supereffective|p2a: Aerodactyl|1\n|-damage|p2a: Aerodactyl|0 fnt\n|faint|p2a: Aerodactyl\n|move|p2b: Kingambit|Iron Head|p1b: Glimmora\n|-supereffective|p1b: Glimmora|1\n|-damage|p1b: Glimmora|0 fnt\n|faint|p1b: Glimmora\n|\n|upkeep\n|\n|t:|1776432673\n|switch|p1b: Basculegion|Basculegion, L50, M|100/100\n|switch|p2a: Torkoal|Torkoal, L50, M|100/100\n|-weather|SunnyDay|[from] ability: Drought|[of] p2a: Torkoal\n|turn|3\n|inactive|axelpogi13 has 30 seconds left.\n|\n|t:|1776432704\n|move|p1a: Whimsicott|Sunny Day||[still]\n|-fail|p1a: Whimsicott\n|move|p1b: Basculegion|Flip Turn|p2a: Torkoal\n|-supereffective|p2a: Torkoal|1\n|-damage|p2a: Torkoal|68/100\n|\n|t:|1776432709\n|switch|p1b: Incineroar|Incineroar, L50, M|100/100|[from] Flip Turn\n|-ability|p1b: Incineroar|Intimidate|boost\n|-unboost|p2a: Torkoal|atk|1\n|-unboost|p2b: Kingambit|atk|1\n|-ability|p2b: Kingambit|Defiant|boost\n|-boost|p2b: Kingambit|atk|2\n|move|p2b: Kingambit|Kowtow Cleave|p1b: Incineroar\n|-resisted|p1b: Incineroar|1\n|-damage|p1b: Incineroar|68/100\n|move|p2a: Torkoal|Eruption|p1b: Incineroar|[spread] p1a,p1b\n|-supereffective|p1a: Whimsicott|1\n|-crit|p1a: Whimsicott\n|-resisted|p1b: Incineroar|1\n|-enditem|p1a: Whimsicott|Focus Sash\n|-damage|p1a: Whimsicott|1/100\n|-damage|p1b: Incineroar|48/100\n|-enditem|p1b: Incineroar|Sitrus Berry|[eat]\n|-heal|p1b: Incineroar|73/100|[from] item: Sitrus Berry\n|\n|-weather|SunnyDay|[upkeep]\n|upkeep\n|turn|4\n|inactive|blazke has 30 seconds left.\n|inactive|axelpogi13 has 30 seconds left.\n|inactive|blazke has 20 seconds left.\n|inactive|axelpogi13 has 20 seconds left.\n|inactive|blazke has 15 seconds left.\n|inactive|axelpogi13 has 15 seconds left.\n|inactive|axelpogi13 has 10 seconds left.\n|inactive|axelpogi13 has 5 seconds left.\n|\n|t:|1776432765\n|move|p2a: Torkoal|Protect|p2a: Torkoal\n|-singleturn|p2a: Torkoal|Protect\n|move|p1b: Incineroar|Fake Out|p2a: Torkoal\n|-activate|p2a: Torkoal|move: Protect\n|move|p1a: Whimsicott|Moonblast|p2b: Kingambit\n|-damage|p2b: Kingambit|66/100\n|move|p2b: Kingambit|Kowtow Cleave|p1a: Whimsicott\n|-resisted|p1a: Whimsicott|1\n|-damage|p1a: Whimsicott|0 fnt\n|faint|p1a: Whimsicott\n|\n|-weather|SunnyDay|[upkeep]\n|-sideend|p1: blazke|move: Tailwind\n|upkeep\n|\n|t:|1776432773\n|switch|p1a: Basculegion|Basculegion, L50, M|100/100\n|turn|5\n|\n|t:|1776432793\n|move|p1a: Basculegion|Wave Crash|p2a: Torkoal\n|-supereffective|p2a: Torkoal|1\n|-damage|p2a: Torkoal|0 fnt\n|faint|p2a: Torkoal\n|-damage|p1a: Basculegion|84/100|[from] Recoil\n|move|p1b: Incineroar|Flare Blitz|p2b: Kingambit\n|-supereffective|p2b: Kingambit|1\n|-damage|p2b: Kingambit|0 fnt\n|faint|p2b: Kingambit\n|-damage|p1b: Incineroar|53/100|[from] Recoil\n|\n|win|blazke\n",
  "uploadtime": 1776432811,
  "views": 22,
  "formatid": "gen9championsvgc2026regma",
  "rating": null,
  "private": 0,
  "password": null
}