{
  "id": "gen9championsvgc2026regma-2582578492",
  "format": "[Gen 9 Champions] VGC 2026 Reg M-A",
  "players": [
    "KarmicPines2002",
    "umaryusha"
  ],
  "log": "|j|\u2606KarmicPines2002\n|j|\u2606umaryusha\n|t:|1776100530\n|gametype|doubles\n|player|p1|KarmicPines2002|2|1000\n|player|p2|umaryusha|1|1076\n|gen|9\n|tier|[Gen 9 Champions] VGC 2026 Reg M-A\n|rated|\n|rule|Species Clause: Limit one of each Pok\u00e9mon\n|rule|Item Clause: Limit 1 of each item\n|clearpoke\n|poke|p1|Tyranitar, L50, M|\n|poke|p1|Hatterene, L50, F|\n|poke|p1|Farigiraf, L50, M|\n|poke|p1|Gallade, L50, M|\n|poke|p1|Incineroar, L50, F|\n|poke|p1|Garchomp, L50, F|\n|poke|p2|Meganium, L50, F|\n|poke|p2|Pelipper, L50, F|\n|poke|p2|Archaludon, L50, M|\n|poke|p2|Incineroar, L50, M|\n|poke|p2|Basculegion, L50, M|\n|poke|p2|Maushold-Four, L50|\n|teampreview|4\n|inactive|Battle timer is ON: inactive players will automatically lose when time's up. (requested by KarmicPines2002)\n|inactive|KarmicPines2002 has 60 seconds left.\n|inactive|umaryusha has 60 seconds left.\n|\n|t:|1776100584\n|teamsize|p1|4\n|teamsize|p2|4\n|start\n|switch|p1a: Farigiraf|Farigiraf, L50, M|100/100\n|switch|p1b: Gallade|Gallade, L50, M|100/100\n|switch|p2a: Maushold|Maushold-Four, L50|100/100\n|switch|p2b: Basculegion|Basculegion, L50, M|100/100\n|turn|1\n|inactive|KarmicPines2002 has 30 seconds left.\n|\n|t:|1776100614\n|move|p2b: Basculegion|Wave Crash|p1a: Farigiraf\n|-damage|p1a: Farigiraf|4/100\n|-damage|p2b: Basculegion|66/100|[from] Recoil\n|move|p2a: Maushold|Rain Dance|p2a: Maushold\n|-weather|RainDance\n|move|p1b: Gallade|Sacred Sword|p2a: Maushold\n|-supereffective|p2a: Maushold|1\n|-enditem|p2a: Maushold|Chople Berry|[eat]\n|-enditem|p2a: Maushold|Chople Berry|[weaken]\n|-damage|p2a: Maushold|0 fnt\n|faint|p2a: Maushold\n|move|p1a: Farigiraf|Trick Room|p1a: Farigiraf\n|-fieldstart|move: Trick Room|[of] p1a: Farigiraf\n|\n|-weather|RainDance|[upkeep]\n|upkeep\n|\n|t:|1776100629\n|switch|p2a: Meganium|Meganium, L50, F|100/100\n|turn|2\n|inactive|KarmicPines2002 has 30 seconds left.\n|\n|t:|1776100662\n|switch|p2b: Pelipper|Pelipper, L50, F|100/100\n|detailschange|p2a: Meganium|Meganium-Mega, L50, F\n|-mega|p2a: Meganium|Meganium|Meganiumite\n|move|p1a: Farigiraf|Psychic|p2b: Pelipper\n|-damage|p2b: Pelipper|25/100\n|move|p1b: Gallade|Psycho Cut|p2b: Pelipper\n|-crit|p2b: Pelipper\n|-damage|p2b: Pelipper|0 fnt\n|faint|p2b: Pelipper\n|move|p2a: Meganium|Dazzling Gleam|p1a: Farigiraf|[spread] p1a,p1b\n|-supereffective|p1b: Gallade|1\n|-damage|p1a: Farigiraf|0 fnt\n|-damage|p1b: Gallade|24/100\n|faint|p1a: Farigiraf\n|\n|-weather|RainDance|[upkeep]\n|upkeep\n|\n|t:|1776100680\n|switch|p1a: Tyranitar|Tyranitar, L50, M, shiny|100/100\n|switch|p2b: Basculegion|Basculegion, L50, M|66/100\n|-weather|Sandstorm|[from] ability: Sand Stream|[of] p1a: Tyranitar\n|turn|3\n|\n|t:|1776100700\n|move|p1a: Tyranitar|Protect|p1a: Tyranitar\n|-singleturn|p1a: Tyranitar|Protect\n|move|p2b: Basculegion|Aqua Jet|p1a: Tyranitar\n|-activate|p1a: Tyranitar|move: Protect\n|move|p1b: Gallade|Psycho Cut|p2b: Basculegion\n|-damage|p2b: Basculegion|0 fnt\n|faint|p2b: Basculegion\n|move|p2a: Meganium|Dazzling Gleam|p1a: Tyranitar|[spread] p1b\n|-activate|p1a: Tyranitar|move: Protect\n|-supereffective|p1b: Gallade|1\n|-damage|p1b: Gallade|0 fnt\n|faint|p1b: Gallade\n|\n|-weather|Sandstorm|[upkeep]\n|-damage|p2a: Meganium|95/100|[from] Sandstorm\n|upkeep\n|\n|t:|1776100716\n|switch|p1b: Garchomp|Garchomp, L50, F|100/100\n|turn|4\n|\n|t:|1776100730\n|detailschange|p1a: Tyranitar|Tyranitar-Mega, L50, M, shiny\n|-mega|p1a: Tyranitar|Tyranitar|Tyranitarite\n|move|p1a: Tyranitar|Rock Slide|p2a: Meganium|[miss]\n|-miss|p1a: Tyranitar|p2a: Meganium\n|move|p2a: Meganium|Dazzling Gleam|p1a: Tyranitar|[spread] p1a,p1b\n|-supereffective|p1a: Tyranitar|1\n|-supereffective|p1b: Garchomp|1\n|-damage|p1a: Tyranitar|45/100\n|-damage|p1b: Garchomp|14/100\n|move|p1b: Garchomp|Rock Slide|p2a: Meganium\n|-damage|p2a: Meganium|71/100\n|\n|-weather|Sandstorm|[upkeep]\n|-damage|p2a: Meganium|65/100|[from] Sandstorm\n|upkeep\n|turn|5\n|\n|t:|1776100748\n|move|p1b: Garchomp|Protect|p1b: Garchomp\n|-singleturn|p1b: Garchomp|Protect\n|move|p1a: Tyranitar|Rock Slide|p2a: Meganium\n|-damage|p2a: Meganium|22/100\n|cant|p2a: Meganium|flinch\n|\n|-weather|Sandstorm|[upkeep]\n|-damage|p2a: Meganium|17/100|[from] Sandstorm\n|-fieldend|move: Trick Room\n|upkeep\n|turn|6\n|\n|t:|1776100762\n|move|p1b: Garchomp|Rock Slide|p2a: Meganium\n|-damage|p2a: Meganium|0 fnt\n|faint|p2a: Meganium\n|\n|win|KarmicPines2002\n|raw|KarmicPines2002's rating: 1000 &rarr; <strong>1049</strong><br />(+49 for winning)\n|raw|umaryusha's rating: 1076 &rarr; <strong>1050</strong><br />(-26 for losing)\n|l|\u2606umaryusha\n|player|p2|\n",
  "uploadtime": 1776100769,
  "views": 13,
  "formatid": "gen9championsvgc2026regma",
  "rating": 1049,
  "private": 0,
  "password": null
}