{
  "id": "gen9championsvgc2026regma-2582392224",
  "format": "[Gen 9 Champions] VGC 2026 Reg M-A",
  "players": [
    "Mango404",
    "aolani"
  ],
  "log": "|j|\u2606Mango404\n|j|\u2606aolani\n|t:|1776088632\n|gametype|doubles\n|player|p1|Mango404|harlequin|1042\n|player|p2|aolani|psychic-gen3|1031\n|gen|9\n|tier|[Gen 9 Champions] VGC 2026 Reg M-A\n|rated|\n|rule|Species Clause: Limit one of each Pok\u00e9mon\n|rule|Item Clause: Limit 1 of each item\n|clearpoke\n|poke|p1|Meganium, L50, M|\n|poke|p1|Incineroar, L50, M|\n|poke|p1|Slowking, L50, F|\n|poke|p1|Crabominable, L50, M|\n|poke|p1|Sinistcha, L50|\n|poke|p1|Basculegion, L50, M|\n|poke|p2|Beedrill, L50, M|\n|poke|p2|Sinistcha, L50|\n|poke|p2|Wyrdeer, L50, F|\n|poke|p2|Meowstic-F, L50, F|\n|poke|p2|Gardevoir, L50, F|\n|poke|p2|Primarina, L50, F|\n|teampreview|4\n|inactive|Battle timer is ON: inactive players will automatically lose when time's up. (requested by aolani)\n|\n|t:|1776088650\n|teamsize|p1|4\n|teamsize|p2|4\n|start\n|switch|p1a: Incineroar|Incineroar, L50, M|100/100\n|switch|p1b: Slowking|Slowking, L50, F|100/100\n|switch|p2a: Wyrdeer|Wyrdeer, L50, F|100/100\n|switch|p2b: Meowstic|Meowstic-F, L50, F|100/100\n|-ability|p2a: Wyrdeer|Intimidate|boost\n|-unboost|p1a: Incineroar|atk|1\n|-fail|p1b: Slowking|unboost|Attack|[from] ability: Oblivious|[of] p1b: Slowking\n|-ability|p1a: Incineroar|Intimidate|boost\n|-unboost|p2a: Wyrdeer|atk|1\n|-unboost|p2b: Meowstic|atk|1\n|-ability|p2b: Meowstic|Competitive|boost\n|-boost|p2b: Meowstic|spa|2\n|turn|1\n|\n|t:|1776088670\n|move|p2b: Meowstic|Protect|p2b: Meowstic\n|-singleturn|p2b: Meowstic|Protect\n|move|p1a: Incineroar|Fake Out|p2b: Meowstic\n|-activate|p2b: Meowstic|move: Protect\n|move|p2a: Wyrdeer|Skill Swap|p1a: Incineroar\n|-activate|p2a: Wyrdeer|Skill Swap|Intimidate|Intimidate|[of] p1a: Incineroar\n|-ability|p1a: Incineroar|Intimidate|boost\n|-unboost|p2a: Wyrdeer|atk|1\n|-unboost|p2b: Meowstic|atk|1\n|-ability|p2b: Meowstic|Competitive|boost\n|-boost|p2b: Meowstic|spa|2\n|-ability|p2a: Wyrdeer|Intimidate|boost\n|-unboost|p1a: Incineroar|atk|1\n|-fail|p1b: Slowking|unboost|Attack|[from] ability: Oblivious|[of] p1b: Slowking\n|move|p1b: Slowking|Yawn|p2a: Wyrdeer\n|-start|p2a: Wyrdeer|move: Yawn|[of] p1b: Slowking\n|\n|upkeep\n|turn|2\n|inactive|Mango404 has 30 seconds left.\n|inactive|Mango404 has 20 seconds left.\n|\n|t:|1776088706\n|switch|p2a: Gardevoir|Gardevoir, L50, F|100/100\n|detailschange|p2b: Meowstic|Meowstic-F-Mega, L50, F\n|-mega|p2b: Meowstic|Meowstic|Meowsticite\n|-ability|p2b: Meowstic|Oblivious|Trace|[from] ability: Trace|[of] p1b: Slowking\n|move|p2b: Meowstic|Shadow Ball|p1b: Slowking\n|-supereffective|p1b: Slowking|1\n|-damage|p1b: Slowking|0 fnt\n|faint|p1b: Slowking\n|move|p1a: Incineroar|Parting Shot|p2a: Gardevoir\n|-unboost|p2a: Gardevoir|atk|1\n|-unboost|p2a: Gardevoir|spa|1\n|\n|t:|1776088717\n|switch|p1a: Sinistcha|Sinistcha, L50|100/100|[from] Parting Shot\n|\n|upkeep\n|\n|t:|1776088719\n|switch|p1b: Meganium|Meganium, L50, M|100/100\n|turn|3\n|\n|t:|1776088733\n|detailschange|p1b: Meganium|Meganium-Mega, L50, M\n|-mega|p1b: Meganium|Meganium|Meganiumite\n|move|p1a: Sinistcha|Rage Powder|p1a: Sinistcha\n|-singleturn|p1a: Sinistcha|move: Rage Powder\n|move|p2b: Meowstic|Shadow Ball|p1a: Sinistcha\n|-supereffective|p1a: Sinistcha|1\n|-damage|p1a: Sinistcha|0 fnt\n|faint|p1a: Sinistcha\n|move|p2a: Gardevoir|Psychic Terrain|p2a: Gardevoir\n|-fieldstart|move: Psychic Terrain\n|move|p1b: Meganium|Solar Beam||[still]\n|-prepare|p1b: Meganium|Solar Beam\n|-activate|p1b: Meganium|ability: Mega Sol\n|-anim|p1b: Meganium|Solar Beam|p2b: Meowstic\n|-damage|p2b: Meowstic|15/100\n|\n|upkeep\n|\n|t:|1776088741\n|switch|p1a: Incineroar|Incineroar, L50, M|100/100\n|-ability|p1a: Incineroar|Intimidate|boost\n|-unboost|p2a: Gardevoir|atk|1\n|-fail|p2b: Meowstic|unboost|Attack|[from] ability: Oblivious|[of] p2b: Meowstic\n|turn|4\n|-activate|p2a: Gardevoir|item: Quick Claw\n|\n|t:|1776088757\n|move|p2b: Meowstic|Protect|p2b: Meowstic\n|-singleturn|p2b: Meowstic|Protect\n|move|p1b: Meganium|Protect|p1b: Meganium\n|-singleturn|p1b: Meganium|Protect\n|move|p2a: Gardevoir|Life Dew||[still]|[spread] p2a,p2b\n|-fail|p2a: Gardevoir|heal\n|-heal|p2b: Meowstic|40/100\n|move|p1a: Incineroar|Throat Chop|p2b: Meowstic\n|-activate|p2b: Meowstic|move: Protect\n|\n|upkeep\n|turn|5\n|inactive|aolani has 30 seconds left.\n|\n|t:|1776088786\n|switch|p2a: Sinistcha|Sinistcha, L50|100/100\n|-heal|p2b: Meowstic|65/100|[from] ability: Hospitality|[of] p2a: Sinistcha\n|move|p2b: Meowstic|Expanding Force|p1b: Meganium|[spread] p1b\n|-immune|p1a: Incineroar\n|-damage|p1b: Meganium|0 fnt\n|faint|p1b: Meganium\n|move|p1a: Incineroar|Throat Chop|p2b: Meowstic\n|-supereffective|p2b: Meowstic|1\n|-damage|p2b: Meowstic|0 fnt\n|faint|p2b: Meowstic\n|\n|upkeep\n|\n|t:|1776088797\n|switch|p2b: Wyrdeer|Wyrdeer, L50, F|100/100\n|-ability|p2b: Wyrdeer|Intimidate|boost\n|-unboost|p1a: Incineroar|atk|1\n|turn|6\n|\n|t:|1776088811\n|move|p2a: Sinistcha|Scald|p1a: Incineroar\n|-supereffective|p1a: Incineroar|1\n|-damage|p1a: Incineroar|46/100\n|move|p2b: Wyrdeer|Lunge|p1a: Incineroar\n|-damage|p1a: Incineroar|26/100\n|-unboost|p1a: Incineroar|atk|1\n|move|p1a: Incineroar|Throat Chop|p2a: Sinistcha\n|-supereffective|p2a: Sinistcha|1\n|-damage|p2a: Sinistcha|62/100\n|-start|p2a: Sinistcha|Throat Chop|[silent]\n|\n|upkeep\n|turn|7\n|-message|Mango404 forfeited.\n|\n|win|aolani\n|raw|Mango404's rating: 1042 &rarr; <strong>1025</strong><br />(-17 for losing)\n|raw|aolani's rating: 1031 &rarr; <strong>1067</strong><br />(+36 for winning)\n|l|\u2606Mango404\n|player|p1|\n",
  "uploadtime": 1776088828,
  "views": 9,
  "formatid": "gen9championsvgc2026regma",
  "rating": 1025,
  "private": 0,
  "password": null
}