{
  "id": "gen9championsvgc2026regma-2586543907",
  "format": "[Gen 9 Champions] VGC 2026 Reg M-A",
  "players": [
    "471 Scyther",
    "DylanNoPancakes"
  ],
  "log": "|j|\u2606471 Scyther\n|j|\u2606DylanNoPancakes\n|t:|1776441945\n|gametype|doubles\n|player|p1|471 Scyther|2|1219\n|player|p2|DylanNoPancakes|265|1149\n|gen|9\n|tier|[Gen 9 Champions] VGC 2026 Reg M-A\n|rated|\n|rule|Species Clause: Limit one of each Pok\u00e9mon\n|rule|Item Clause: Limit 1 of each item\n|clearpoke\n|poke|p1|Gardevoir, L50, M|\n|poke|p1|Garchomp, L50, F|\n|poke|p1|Aerodactyl, L50, M|\n|poke|p1|Rotom-Wash, L50|\n|poke|p1|Kingambit, L50, M|\n|poke|p1|Typhlosion-Hisui, L50, M|\n|poke|p2|Pelipper, L50, F|\n|poke|p2|Basculegion, L50, M|\n|poke|p2|Incineroar, L50, M|\n|poke|p2|Sinistcha, L50|\n|poke|p2|Glalie, L50, F|\n|poke|p2|Sneasler, L50, M|\n|teampreview|4\n|\n|t:|1776441985\n|teamsize|p1|4\n|teamsize|p2|4\n|start\n|switch|p1a: Aerodactyl|Aerodactyl, L50, M|100/100\n|switch|p1b: Rotom|Rotom-Wash, L50|100/100\n|switch|p2a: Sneasler|Sneasler, L50, M|100/100\n|switch|p2b: Pelipper|Pelipper, L50, F|100/100\n|-ability|p1a: Aerodactyl|Unnerve\n|-weather|RainDance|[from] ability: Drizzle|[of] p2b: Pelipper\n|turn|1\n|inactive|Battle timer is ON: inactive players will automatically lose when time's up. (requested by DylanNoPancakes)\n|\n|t:|1776442004\n|move|p2a: Sneasler|Fake Out|p1a: Aerodactyl\n|-resisted|p1a: Aerodactyl|1\n|-damage|p1a: Aerodactyl|89/100\n|cant|p1a: Aerodactyl|flinch\n|move|p2b: Pelipper|Tailwind|p2b: Pelipper\n|-sidestart|p2: DylanNoPancakes|move: Tailwind\n|move|p1b: Rotom|Volt Switch|p2b: Pelipper\n|-supereffective|p2b: Pelipper|2\n|-enditem|p2b: Pelipper|Focus Sash\n|-damage|p2b: Pelipper|1/100\n|\n|t:|1776442019\n|switch|p1b: Kingambit|Kingambit, L50, M|100/100|[from] Volt Switch\n|\n|-weather|RainDance|[upkeep]\n|upkeep\n|turn|2\n|\n|t:|1776442040\n|move|p1b: Kingambit|Sucker Punch|p2b: Pelipper\n|-damage|p2b: Pelipper|0 fnt\n|faint|p2b: Pelipper\n|move|p2a: Sneasler|Close Combat|p1b: Kingambit\n|-supereffective|p1b: Kingambit|2\n|-enditem|p1b: Kingambit|Chople Berry|[eat]\n|-enditem|p1b: Kingambit|Chople Berry|[weaken]\n|-damage|p1b: Kingambit|8/100\n|-unboost|p2a: Sneasler|def|1\n|-unboost|p2a: Sneasler|spd|1\n|-enditem|p2a: Sneasler|White Herb\n|-clearnegativeboost|p2a: Sneasler|[silent]\n|move|p1a: Aerodactyl|Dual Wingbeat|p2a: Sneasler\n|-supereffective|p2a: Sneasler|1\n|-damage|p2a: Sneasler|36/100\n|-supereffective|p2a: Sneasler|1\n|-damage|p2a: Sneasler|0 fnt\n|faint|p2a: Sneasler\n|-hitcount|p2: Sneasler|2\n|\n|-weather|RainDance|[upkeep]\n|upkeep\n|\n|t:|1776442046\n|switch|p2a: Basculegion|Basculegion, L50, M|100/100\n|switch|p2b: Glalie|Glalie, L50, F|100/100\n|turn|3\n|\n|t:|1776442061\n|detailschange|p2b: Glalie|Glalie-Mega, L50, F\n|-mega|p2b: Glalie|Glalie|Glalitite\n|move|p2a: Basculegion|Aqua Jet|p1b: Kingambit\n|-damage|p1b: Kingambit|0 fnt\n|faint|p1b: Kingambit\n|move|p2b: Glalie|Body Slam|p1a: Aerodactyl\n|-supereffective|p1a: Aerodactyl|1\n|-damage|p1a: Aerodactyl|0 fnt\n|faint|p1a: Aerodactyl\n|\n|-weather|RainDance|[upkeep]\n|upkeep\n|\n|t:|1776442071\n|switch|p1a: Rotom|Rotom-Wash, L50|100/100\n|switch|p1b: Gardevoir|Gardevoir, L50, M, shiny|100/100\n|turn|4\n|\n|t:|1776442096\n|detailschange|p1b: Gardevoir|Gardevoir-Mega, L50, M, shiny\n|-mega|p1b: Gardevoir|Gardevoir|Gardevoirite\n|move|p1b: Gardevoir|Protect|p1b: Gardevoir\n|-singleturn|p1b: Gardevoir|Protect\n|move|p2a: Basculegion|Aqua Jet|p1a: Rotom\n|-resisted|p1a: Rotom|1\n|-damage|p1a: Rotom|83/100\n|move|p2b: Glalie|Freeze-Dry|p1a: Rotom\n|-supereffective|p1a: Rotom|1\n|-damage|p1a: Rotom|20/100\n|move|p1a: Rotom|Volt Switch|p2a: Basculegion\n|-supereffective|p2a: Basculegion|1\n|-damage|p2a: Basculegion|37/100\n|\n|-weather|RainDance|[upkeep]\n|-heal|p1a: Rotom|26/100|[from] item: Leftovers\n|-sideend|p2: DylanNoPancakes|move: Tailwind\n|upkeep\n|turn|5\n|\n|t:|1776442114\n|move|p1a: Rotom|Protect|p1a: Rotom\n|-singleturn|p1a: Rotom|Protect\n|move|p2a: Basculegion|Aqua Jet|p1b: Gardevoir\n|-damage|p1b: Gardevoir|46/100\n|move|p2b: Glalie|Explosion|p1b: Gardevoir|[spread] p2a,p1b\n|-activate|p1a: Rotom|move: Protect\n|-resisted|p2a: Basculegion|1\n|-crit|p1b: Gardevoir\n|-damage|p2a: Basculegion|0 fnt\n|-damage|p1b: Gardevoir|0 fnt\n|faint|p2b: Glalie\n|faint|p2a: Basculegion\n|faint|p1b: Gardevoir\n|\n|win|471 Scyther\n|raw|471 Scyther's rating: 1219 &rarr; <strong>1239</strong><br />(+20 for winning)\n|raw|DylanNoPancakes's rating: 1149 &rarr; <strong>1129</strong><br />(-20 for losing)\n|c|\u2606DylanNoPancakes|rofl\n|c|\u2606DylanNoPancakes|gg\n|c|\u2606471 Scyther|gg\n",
  "uploadtime": 1776442130,
  "views": 31,
  "formatid": "gen9championsvgc2026regma",
  "rating": 1129,
  "private": 0,
  "password": null
}