{
  "id": "gen9championsvgc2026regma-2585819844",
  "format": "[Gen 9 Champions] VGC 2026 Reg M-A",
  "players": [
    "Starving_Venom_459",
    "raikudosenien"
  ],
  "log": "|j|\u2606Starving_Venom_459\n|j|\u2606raikudosenien\n|t:|1776373020\n|gametype|doubles\n|player|p1|Starving_Venom_459|265|1112\n|player|p2|raikudosenien|1|1035\n|gen|9\n|tier|[Gen 9 Champions] VGC 2026 Reg M-A\n|rated|\n|rule|Species Clause: Limit one of each Pok\u00e9mon\n|rule|Item Clause: Limit 1 of each item\n|clearpoke\n|poke|p1|Araquanid, L50, F|\n|poke|p1|Rotom-Wash, L50|\n|poke|p1|Garchomp, L50, F|\n|poke|p1|Froslass, L50, F|\n|poke|p1|Sneasler, L50, F|\n|poke|p1|Kingambit, L50, F|\n|poke|p2|Gengar, L50, F|\n|poke|p2|Hydrapple, L50, M|\n|poke|p2|Cofagrigus, L50, F|\n|poke|p2|Toxapex, L50, F|\n|poke|p2|Absol, L50, M|\n|poke|p2|Clawitzer, L50, M|\n|teampreview|4\n|inactive|Battle timer is ON: inactive players will automatically lose when time's up. (requested by Starving_Venom_459)\n|\n|t:|1776373048\n|teamsize|p1|4\n|teamsize|p2|4\n|start\n|switch|p1a: Araquanid|Araquanid, L50, F, shiny|100/100\n|switch|p1b: Sneasler|Sneasler, L50, F|100/100\n|switch|p2a: Cofagrigus|Cofagrigus, L50, F|100/100\n|switch|p2b: Toxapex|Toxapex, L50, F|100/100\n|turn|1\n|\n|t:|1776373063\n|switch|p1b: Rotom|Rotom-Wash, L50|100/100\n|move|p1a: Araquanid|Sticky Web|p2b: Toxapex\n|-sidestart|p2: raikudosenien|move: Sticky Web\n|move|p2b: Toxapex|Toxic|p1a: Araquanid\n|-status|p1a: Araquanid|tox\n|move|p2a: Cofagrigus|Trick Room|p2a: Cofagrigus\n|-fieldstart|move: Trick Room|[of] p2a: Cofagrigus\n|\n|-damage|p1a: Araquanid|95/100 tox|[from] psn\n|upkeep\n|turn|2\n|inactive|Starving_Venom_459 has 30 seconds left.\n|inactive|raikudosenien has 30 seconds left.\n|inactive|Starving_Venom_459 has 20 seconds left.\n|inactive|Starving_Venom_459 has 15 seconds left.\n|\n|t:|1776373106\n|move|p1a: Araquanid|Wide Guard|p1a: Araquanid\n|-singleturn|p1a: Araquanid|Wide Guard\n|move|p2a: Cofagrigus|Psychic|p1b: Rotom\n|-damage|p1b: Rotom|81/100\n|move|p2b: Toxapex|Toxic|p1b: Rotom\n|-status|p1b: Rotom|tox\n|move|p1b: Rotom|Thunderbolt|p2b: Toxapex\n|-supereffective|p2b: Toxapex|1\n|-damage|p2b: Toxapex|46/100\n|\n|-heal|p2b: Toxapex|51/100|[from] item: Leftovers\n|-heal|p1a: Araquanid|100/100 tox|[from] item: Leftovers\n|-damage|p1a: Araquanid|89/100 tox|[from] psn\n|-damage|p1b: Rotom|75/100 tox|[from] psn\n|upkeep\n|turn|3\n|inactive|raikudosenien has 30 seconds left.\n|\n|t:|1776373136\n|switch|p2a: Gengar|Gengar, L50, F|100/100\n|-activate|p2a: Gengar|move: Sticky Web\n|-unboost|p2a: Gengar|spe|1\n|move|p2b: Toxapex|Baneful Bunker|p2b: Toxapex\n|-singleturn|p2b: Toxapex|move: Protect\n|move|p1a: Araquanid|Liquidation|p2b: Toxapex\n|-activate|p2b: Toxapex|move: Protect\n|move|p1b: Rotom|Thunderbolt|p2b: Toxapex\n|-activate|p2b: Toxapex|move: Protect\n|\n|-heal|p2b: Toxapex|57/100|[from] item: Leftovers\n|-heal|p1a: Araquanid|95/100 tox|[from] item: Leftovers\n|-damage|p1a: Araquanid|78/100 tox|[from] psn\n|-damage|p1b: Rotom|64/100 tox|[from] psn\n|upkeep\n|turn|4\n|\n|t:|1776373160\n|detailschange|p2a: Gengar|Gengar-Mega, L50, F\n|-mega|p2a: Gengar|Gengar|Gengarite\n|move|p2b: Toxapex|Recover|p2b: Toxapex\n|-heal|p2b: Toxapex|100/100\n|move|p1a: Araquanid|Liquidation|p2b: Toxapex\n|-resisted|p2b: Toxapex|1\n|-damage|p2b: Toxapex|86/100\n|move|p2a: Gengar|Hex|p1b: Rotom\n|-damage|p1b: Rotom|0 fnt\n|faint|p1b: Rotom\n|\n|-heal|p2b: Toxapex|92/100|[from] item: Leftovers\n|-heal|p1a: Araquanid|83/100 tox|[from] item: Leftovers\n|-damage|p1a: Araquanid|60/100 tox|[from] psn\n|upkeep\n|\n|t:|1776373170\n|switch|p1b: Froslass|Froslass, L50, F|100/100\n|turn|5\n|\n|t:|1776373178\n|move|p1a: Araquanid|Protect|p1a: Araquanid\n|-singleturn|p1a: Araquanid|Protect\n|move|p1b: Froslass|Protect|p1b: Froslass\n|-singleturn|p1b: Froslass|Protect\n|move|p2b: Toxapex|Toxic|p1b: Froslass\n|-activate|p1b: Froslass|move: Protect\n|move|p2a: Gengar|Hex|p1b: Froslass\n|-activate|p1b: Froslass|move: Protect\n|\n|-heal|p2b: Toxapex|97/100|[from] item: Leftovers\n|-heal|p1a: Araquanid|66/100 tox|[from] item: Leftovers\n|-damage|p1a: Araquanid|38/100 tox|[from] psn\n|-fieldend|move: Trick Room\n|upkeep\n|turn|6\n|inactive|Starving_Venom_459 has 30 seconds left.\n|\n|t:|1776373209\n|switch|p2b: Cofagrigus|Cofagrigus, L50, F|100/100\n|-activate|p2b: Cofagrigus|move: Sticky Web\n|-unboost|p2b: Cofagrigus|spe|1\n|detailschange|p1b: Froslass|Froslass-Mega, L50, F\n|-mega|p1b: Froslass|Froslass|Froslassite\n|-weather|Snowscape|[from] ability: Snow Warning|[of] p1b: Froslass\n|move|p2a: Gengar|Protect|p2a: Gengar\n|-singleturn|p2a: Gengar|Protect\n|move|p1b: Froslass|Shadow Ball|p2a: Gengar\n|-activate|p2a: Gengar|move: Protect\n|move|p1a: Araquanid|Liquidation|p2a: Gengar\n|-activate|p2a: Gengar|move: Protect\n|\n|-weather|Snowscape|[upkeep]\n|-heal|p1a: Araquanid|43/100 tox|[from] item: Leftovers\n|-damage|p1a: Araquanid|9/100 tox|[from] psn\n|upkeep\n|turn|7\n|inactive|Starving_Venom_459 has 30 seconds left.\n|inactive|raikudosenien has 30 seconds left.\n|\n|t:|1776373238\n|move|p2b: Cofagrigus|Protect|p2b: Cofagrigus\n|-singleturn|p2b: Cofagrigus|Protect\n|move|p1b: Froslass|Shadow Ball|p2b: Cofagrigus\n|-activate|p2b: Cofagrigus|move: Protect\n|move|p2a: Gengar|Hex|p1b: Froslass\n|-supereffective|p1b: Froslass|1\n|-crit|p1b: Froslass\n|-damage|p1b: Froslass|0 fnt\n|faint|p1b: Froslass\n|move|p1a: Araquanid|Liquidation|p2a: Gengar\n|-damage|p2a: Gengar|48/100\n|-unboost|p2a: Gengar|def|1\n|\n|-weather|Snowscape|[upkeep]\n|-heal|p1a: Araquanid|15/100 tox|[from] item: Leftovers\n|-damage|p1a: Araquanid|0 fnt|[from] psn\n|faint|p1a: Araquanid\n|upkeep\n|-message|Starving_Venom_459 forfeited.\n|\n|win|raikudosenien\n|raw|Starving_Venom_459's rating: 1112 &rarr; <strong>1082</strong><br />(-30 for losing)\n|raw|raikudosenien's rating: 1035 &rarr; <strong>1077</strong><br />(+42 for winning)\n|l|\u2606Starving_Venom_459\n|player|p1|\n",
  "uploadtime": 1776373256,
  "views": 22,
  "formatid": "gen9championsvgc2026regma",
  "rating": 1077,
  "private": 0,
  "password": null
}