{
  "id": "gen9championsvgc2026regma-2584396455",
  "format": "[Gen 9 Champions] VGC 2026 Reg M-A",
  "players": [
    "Yamifist",
    "thepeasent"
  ],
  "log": "|j|\u2606Yamifist\n|j|\u2606thepeasent\n|t:|1776257816\n|gametype|doubles\n|player|p1|Yamifist|ingo|1299\n|player|p2|thepeasent|gloria-dojo|1303\n|gen|9\n|tier|[Gen 9 Champions] VGC 2026 Reg M-A\n|rated|\n|rule|Species Clause: Limit one of each Pok\u00e9mon\n|rule|Item Clause: Limit 1 of each item\n|clearpoke\n|poke|p1|Dragonite, L50, M|\n|poke|p1|Hydreigon, L50, M|\n|poke|p1|Feraligatr, L50, M|\n|poke|p1|Aggron, L50, M|\n|poke|p1|Sneasler, L50, F|\n|poke|p1|Aerodactyl, L50, M|\n|poke|p2|Glimmora, L50, M|\n|poke|p2|Tyranitar, L50, M|\n|poke|p2|Excadrill, L50, M|\n|poke|p2|Milotic, L50, F|\n|poke|p2|Sneasler, L50, F|\n|poke|p2|Rotom-Wash, L50|\n|teampreview|4\n|inactive|Battle timer is ON: inactive players will automatically lose when time's up. (requested by thepeasent)\n|inactive|Yamifist has 60 seconds left.\n|\n|t:|1776257862\n|teamsize|p1|4\n|teamsize|p2|4\n|start\n|switch|p1a: Glo|Sneasler, L50, F|100/100\n|switch|p1b: Gates|Feraligatr, L50, M, shiny|100/100\n|switch|p2a: Excadrill|Excadrill, L50, M|100/100\n|switch|p2b: Rotom|Rotom-Wash, L50|100/100\n|turn|1\n|inactive|Yamifist has 30 seconds left.\n|\n|t:|1776257887\n|move|p2a: Excadrill|Protect|p2a: Excadrill\n|-singleturn|p2a: Excadrill|Protect\n|move|p1a: Glo|Fake Out|p2b: Rotom\n|-damage|p2b: Rotom|85/100\n|move|p1b: Gates|Liquidation|p2a: Excadrill\n|-activate|p2a: Excadrill|move: Protect\n|cant|p2b: Rotom|flinch\n|\n|upkeep\n|turn|2\n|\n|t:|1776257899\n|move|p1b: Gates|Protect|p1b: Gates\n|-singleturn|p1b: Gates|Protect\n|move|p1a: Glo|Close Combat|p2a: Excadrill\n|-supereffective|p2a: Excadrill|1\n|-enditem|p2a: Excadrill|Focus Sash\n|-damage|p2a: Excadrill|1/100\n|-unboost|p1a: Glo|def|1\n|-unboost|p1a: Glo|spd|1\n|-enditem|p1a: Glo|White Herb\n|-clearnegativeboost|p1a: Glo|[silent]\n|move|p2a: Excadrill|Earthquake|p1a: Glo|[spread] p1a\n|-activate|p1b: Gates|move: Protect\n|-immune|p2b: Rotom|[from] ability: Levitate\n|-supereffective|p1a: Glo|1\n|-damage|p1a: Glo|0 fnt\n|faint|p1a: Glo\n|move|p2b: Rotom|Electroweb|p1b: Gates\n|-activate|p1b: Gates|move: Protect\n|\n|upkeep\n|\n|t:|1776257915\n|switch|p1a: Atlas|Aggron, L50, M|100/100\n|turn|3\n|\n|t:|1776257934\n|switch|p1b: Sugenite|Dragonite, L50, M, shiny|100/100\n|detailschange|p1a: Atlas|Aggron-Mega, L50, M\n|-mega|p1a: Atlas|Aggron|Aggronite\n|move|p2a: Excadrill|Protect|p2a: Excadrill\n|-singleturn|p2a: Excadrill|Protect\n|move|p2b: Rotom|Electroweb|p1b: Sugenite|[spread] p1a,p1b\n|-damage|p1a: Atlas|85/100\n|-damage|p1b: Sugenite|93/100\n|-unboost|p1a: Atlas|spe|1\n|-unboost|p1b: Sugenite|spe|1\n|move|p1a: Atlas|Iron Defense|p1a: Atlas\n|-boost|p1a: Atlas|def|2\n|\n|upkeep\n|turn|4\n|\n|t:|1776257955\n|move|p1b: Sugenite|Extreme Speed|p2a: Excadrill\n|-resisted|p2a: Excadrill|1\n|-damage|p2a: Excadrill|0 fnt\n|faint|p2a: Excadrill\n|move|p2b: Rotom|Hydro Pump|p1a: Atlas\n|-damage|p1a: Atlas|43/100\n|move|p1a: Atlas|Body Press|p2b: Rotom\n|-damage|p2b: Rotom|11/100\n|-enditem|p2b: Rotom|Sitrus Berry|[eat]\n|-heal|p2b: Rotom|36/100|[from] item: Sitrus Berry\n|\n|upkeep\n|\n|t:|1776257964\n|switch|p2a: Milotic|Milotic, L50, F|100/100\n|turn|5\n|\n|t:|1776257973\n|move|p1b: Sugenite|Extreme Speed|p2b: Rotom\n|-damage|p2b: Rotom|4/100\n|move|p2b: Rotom|Hydro Pump|p1a: Atlas\n|-damage|p1a: Atlas|0 fnt\n|faint|p1a: Atlas\n|move|p2a: Milotic|Icy Wind|p1b: Sugenite\n|-supereffective|p1b: Sugenite|2\n|-damage|p1b: Sugenite|47/100\n|-unboost|p1b: Sugenite|spe|1\n|\n|upkeep\n|\n|t:|1776257977\n|switch|p1a: Gates|Feraligatr, L50, M, shiny|100/100\n|turn|6\n|\n|t:|1776257984\n|move|p1b: Sugenite|Extreme Speed|p2b: Rotom\n|-damage|p2b: Rotom|0 fnt\n|faint|p2b: Rotom\n|move|p1a: Gates|Body Slam|p2a: Milotic\n|-damage|p2a: Milotic|71/100\n|move|p2a: Milotic|Icy Wind|p1b: Sugenite|[spread] p1a,p1b\n|-resisted|p1a: Gates|1\n|-supereffective|p1b: Sugenite|2\n|-crit|p1b: Sugenite\n|-damage|p1a: Gates|94/100\n|-damage|p1b: Sugenite|0 fnt\n|-unboost|p1a: Gates|spe|1\n|faint|p1b: Sugenite\n|\n|-heal|p2a: Milotic|77/100|[from] item: Leftovers\n|upkeep\n|\n|t:|1776257986\n|switch|p2b: Tyranitar|Tyranitar, L50, M, shiny|100/100\n|-weather|Sandstorm|[from] ability: Sand Stream|[of] p2b: Tyranitar\n|turn|7\n|\n|t:|1776257995\n|move|p2a: Milotic|Muddy Water|p1a: Gates\n|-resisted|p1a: Gates|1\n|-damage|p1a: Gates|76/100\n|-unboost|p1a: Gates|accuracy|1\n|move|p2b: Tyranitar|Crunch|p1a: Gates\n|-damage|p1a: Gates|31/100\n|move|p1a: Gates|Liquidation|p2b: Tyranitar|[miss]\n|-miss|p1a: Gates|p2b: Tyranitar\n|\n|-weather|Sandstorm|[upkeep]\n|-damage|p2a: Milotic|71/100|[from] Sandstorm\n|-damage|p1a: Gates|25/100|[from] Sandstorm\n|-heal|p2a: Milotic|77/100|[from] item: Leftovers\n|upkeep\n|turn|8\n|-message|Yamifist forfeited.\n|\n|win|thepeasent\n|raw|Yamifist's rating: 1299 &rarr; <strong>1274</strong><br />(-25 for losing)\n|raw|thepeasent's rating: 1303 &rarr; <strong>1323</strong><br />(+20 for winning)\n|l|\u2606Yamifist\n|player|p1|\n",
  "uploadtime": 1776258011,
  "views": 74,
  "formatid": "gen9championsvgc2026regma",
  "rating": 1274,
  "private": 0,
  "password": null
}