{
  "id": "gen9championsvgc2026regma-2580561923",
  "format": "[Gen 9 Champions] VGC 2026 Reg M-A",
  "players": [
    "Fneis",
    "marke38567"
  ],
  "log": "|j|\u2606Fneis\n|j|\u2606marke38567\n|t:|1775913086\n|gametype|doubles\n|player|p1|Fneis|1|1000\n|player|p2|marke38567|169|1000\n|gen|9\n|tier|[Gen 9 Champions] VGC 2026 Reg M-A\n|rated|\n|rule|Species Clause: Limit one of each Pok\u00e9mon\n|rule|Item Clause: Limit 1 of each item\n|clearpoke\n|poke|p1|Golurk, L50|\n|poke|p1|Sinistcha, L50|\n|poke|p1|Farigiraf, L50, M|\n|poke|p1|Maushold, L50|\n|poke|p1|Incineroar, L50, F|\n|poke|p1|Rotom-Wash, L50|\n|poke|p2|Tyranitar, L50, M|\n|poke|p2|Reuniclus, L50, M|\n|poke|p2|Excadrill, L50, M|\n|poke|p2|Incineroar, L50, M|\n|poke|p2|Kingambit, L50, M|\n|poke|p2|Aggron, L50, M|\n|teampreview|4\n|inactive|Battle timer is ON: inactive players will automatically lose when time's up. (requested by Fneis)\n|inactive|Fneis has 60 seconds left.\n|\n|t:|1775913120\n|teamsize|p1|4\n|teamsize|p2|4\n|start\n|switch|p1a: Sinistcha|Sinistcha, L50|100/100\n|switch|p1b: Incineroar|Incineroar, L50, F|100/100\n|switch|p2a: Tyranitar|Tyranitar, L50, M|100/100\n|switch|p2b: Excadrill|Excadrill, L50, M|100/100\n|-weather|Sandstorm|[from] ability: Sand Stream|[of] p2a: Tyranitar\n|-ability|p1b: Incineroar|Intimidate|boost\n|-unboost|p2a: Tyranitar|atk|1\n|-unboost|p2b: Excadrill|atk|1\n|turn|1\n|inactive|marke38567 has 30 seconds left.\n|inactive|Fneis has 30 seconds left.\n|\n|t:|1775913156\n|move|p1b: Incineroar|Fake Out|p2a: Tyranitar\n|-resisted|p2a: Tyranitar|1\n|-damage|p2a: Tyranitar|97/100\n|move|p2b: Excadrill|High Horsepower|p1b: Incineroar\n|-supereffective|p1b: Incineroar|1\n|-enditem|p1b: Incineroar|Shuca Berry|[eat]\n|-enditem|p1b: Incineroar|Shuca Berry|[weaken]\n|-damage|p1b: Incineroar|72/100\n|cant|p2a: Tyranitar|flinch\n|move|p1a: Sinistcha|Trick Room|p1a: Sinistcha\n|-fieldstart|move: Trick Room|[of] p1a: Sinistcha\n|\n|-weather|Sandstorm|[upkeep]\n|-damage|p1b: Incineroar|66/100|[from] Sandstorm\n|-damage|p1a: Sinistcha|95/100|[from] Sandstorm\n|upkeep\n|turn|2\n|\n|t:|1775913180\n|switch|p1b: Golurk|Golurk, L50|100/100\n|detailschange|p2a: Tyranitar|Tyranitar-Mega, L50, M\n|-mega|p2a: Tyranitar|Tyranitar|Tyranitarite\n|move|p1a: Sinistcha|Matcha Gotcha|p2b: Excadrill|[spread] p2a,p2b\n|-supereffective|p2a: Tyranitar|1\n|-damage|p2a: Tyranitar|75/100\n|-heal|p1a: Sinistcha|100/100|[from] drain|[of] p2a: Tyranitar\n|-damage|p2b: Excadrill|74/100\n|-status|p2a: Tyranitar|brn\n|move|p2a: Tyranitar|Rock Slide|p1b: Golurk|[spread] p1a\n|-miss|p2a: Tyranitar|p1b: Golurk\n|-damage|p1a: Sinistcha|90/100\n|move|p2b: Excadrill|High Horsepower|p1b: Golurk\n|-damage|p1b: Golurk|63/100\n|\n|-weather|Sandstorm|[upkeep]\n|-damage|p1a: Sinistcha|84/100|[from] Sandstorm\n|-damage|p2a: Tyranitar|69/100 brn|[from] brn\n|upkeep\n|turn|3\n|inactive|Fneis has 30 seconds left.\n|inactive|marke38567 has 30 seconds left.\n|\n|t:|1775913212\n|detailschange|p1b: Golurk|Golurk-Mega, L50\n|-mega|p1b: Golurk|Golurk|Golurkite\n|move|p1b: Golurk|Headlong Rush|p2b: Excadrill\n|-supereffective|p2b: Excadrill|1\n|-damage|p2b: Excadrill|0 fnt\n|-unboost|p1b: Golurk|def|1\n|-unboost|p1b: Golurk|spd|1\n|faint|p2b: Excadrill\n|move|p1a: Sinistcha|Matcha Gotcha|p2a: Tyranitar\n|-supereffective|p2a: Tyranitar|1\n|-damage|p2a: Tyranitar|36/100 brn\n|-heal|p1a: Sinistcha|100/100|[from] drain|[of] p2a: Tyranitar\n|move|p2a: Tyranitar|Crunch|p1a: Sinistcha\n|-supereffective|p1a: Sinistcha|1\n|-damage|p1a: Sinistcha|73/100\n|-unboost|p1a: Sinistcha|def|1\n|\n|-weather|Sandstorm|[upkeep]\n|-damage|p1a: Sinistcha|68/100|[from] Sandstorm\n|-damage|p2a: Tyranitar|30/100 brn|[from] brn\n|upkeep\n|\n|t:|1775913233\n|switch|p2b: Incineroar|Incineroar, L50, M|100/100\n|-ability|p2b: Incineroar|Intimidate|boost\n|-unboost|p1a: Sinistcha|atk|1\n|-unboost|p1b: Golurk|atk|1\n|turn|4\n|\n|t:|1775913253\n|move|p1a: Sinistcha|Rage Powder|p1a: Sinistcha\n|-singleturn|p1a: Sinistcha|move: Rage Powder\n|move|p1b: Golurk|Headlong Rush|p2a: Tyranitar\n|-supereffective|p2a: Tyranitar|1\n|-crit|p2a: Tyranitar\n|-damage|p2a: Tyranitar|0 fnt\n|-unboost|p1b: Golurk|def|1\n|-unboost|p1b: Golurk|spd|1\n|faint|p2a: Tyranitar\n|move|p2b: Incineroar|Darkest Lariat|p1a: Sinistcha\n|-supereffective|p1a: Sinistcha|1\n|-damage|p1a: Sinistcha|10/100\n|\n|-weather|Sandstorm|[upkeep]\n|-damage|p2b: Incineroar|94/100|[from] Sandstorm\n|-damage|p1a: Sinistcha|4/100|[from] Sandstorm\n|upkeep\n|\n|t:|1775913267\n|switch|p2a: Kingambit|Kingambit, L50, M|100/100\n|-activate|p2a: Kingambit|ability: Supreme Overlord\n|-start|p2a: Kingambit|fallen2|[silent]\n|turn|5\n|\n|t:|1775913292\n|switch|p1b: Rotom|Rotom-Wash, L50|100/100\n|switch|p1a: Incineroar|Incineroar, L50, F|66/100\n|-ability|p1a: Incineroar|Intimidate|boost\n|-unboost|p2a: Kingambit|atk|1\n|-unboost|p2b: Incineroar|atk|1\n|move|p2a: Kingambit|Kowtow Cleave|p1b: Rotom\n|-damage|p1b: Rotom|63/100\n|move|p2b: Incineroar|Darkest Lariat|p1a: Incineroar\n|-resisted|p1a: Incineroar|1\n|-damage|p1a: Incineroar|56/100\n|\n|-weather|none\n|-fieldend|move: Trick Room\n|upkeep\n|turn|6\n|\n|t:|1775913312\n|move|p2b: Incineroar|Protect|p2b: Incineroar\n|-singleturn|p2b: Incineroar|Protect\n|move|p1b: Rotom|Hydro Pump|p2b: Incineroar\n|-activate|p2b: Incineroar|move: Protect\n|move|p1a: Incineroar|Flare Blitz|p2a: Kingambit\n|-supereffective|p2a: Kingambit|1\n|-damage|p2a: Kingambit|38/100\n|-damage|p1a: Incineroar|37/100|[from] Recoil\n|move|p2a: Kingambit|Brick Break|p1a: Incineroar\n|-supereffective|p1a: Incineroar|1\n|-damage|p1a: Incineroar|0 fnt\n|faint|p1a: Incineroar\n|\n|upkeep\n|\n|t:|1775913322\n|switch|p1a: Golurk|Golurk-Mega, L50|63/100\n|turn|7\n|inactive|marke38567 has 30 seconds left.\n|inactive|marke38567 has 20 seconds left.\n|inactive|marke38567 has 15 seconds left.\n|\n|t:|1775913366\n|switch|p1b: Sinistcha|Sinistcha, L50|4/100\n|-heal|p1a: Golurk|88/100|[from] ability: Hospitality|[of] p1b: Sinistcha\n|move|p1a: Golurk|Protect|p1a: Golurk\n|-singleturn|p1a: Golurk|Protect\n|move|p2b: Incineroar|Darkest Lariat|p1a: Golurk\n|-activate|p1a: Golurk|move: Protect\n|move|p2a: Kingambit|Night Slash|p1a: Golurk\n|-activate|p1a: Golurk|move: Protect\n|\n|upkeep\n|turn|8\n|inactive|Fneis has 30 seconds left.\n|inactive|marke38567 has 30 seconds left.\n|inactive|Fneis has 20 seconds left.\n|\n|t:|1775913403\n|move|p2b: Incineroar|Protect|p2b: Incineroar\n|-singleturn|p2b: Incineroar|Protect\n|move|p1b: Sinistcha|Rage Powder|p1b: Sinistcha\n|-singleturn|p1b: Sinistcha|move: Rage Powder\n|move|p2a: Kingambit|Night Slash|p1b: Sinistcha\n|-supereffective|p1b: Sinistcha|1\n|-damage|p1b: Sinistcha|0 fnt\n|faint|p1b: Sinistcha\n|move|p1a: Golurk|Headlong Rush|p2a: Kingambit\n|-supereffective|p2a: Kingambit|1\n|-damage|p2a: Kingambit|0 fnt\n|-unboost|p1a: Golurk|def|1\n|-unboost|p1a: Golurk|spd|1\n|faint|p2a: Kingambit\n|-end|p2a: Kingambit|fallen2|[silent]\n|\n|upkeep\n|\n|t:|1775913413\n|switch|p1b: Rotom|Rotom-Wash, L50|63/100\n|turn|9\n|\n|t:|1775913422\n|move|p1b: Rotom|Hydro Pump|p2b: Incineroar\n|-supereffective|p2b: Incineroar|1\n|-damage|p2b: Incineroar|28/100\n|move|p2b: Incineroar|Darkest Lariat|p1a: Golurk\n|-supereffective|p1a: Golurk|1\n|-damage|p1a: Golurk|45/100\n|move|p1a: Golurk|Headlong Rush|p2b: Incineroar\n|-supereffective|p2b: Incineroar|1\n|-damage|p2b: Incineroar|0 fnt\n|-unboost|p1a: Golurk|def|1\n|-unboost|p1a: Golurk|spd|1\n|faint|p2b: Incineroar\n|\n|win|Fneis\n|raw|Fneis's rating: 1000 &rarr; <strong>1040</strong><br />(+40 for winning)\n|raw|marke38567's rating: 1000 &rarr; <strong>1000</strong><br />(+0 for losing)\n|l|\u2606marke38567\n|player|p2|\n",
  "uploadtime": 1775913435,
  "views": 17,
  "formatid": "gen9championsvgc2026regma",
  "rating": 1000,
  "private": 0,
  "password": null
}