{
  "id": "gen9championsvgc2026regma-2580404849",
  "format": "[Gen 9 Champions] VGC 2026 Reg M-A",
  "players": [
    "FatCheesyPants",
    "TiredBeanos"
  ],
  "log": "|j|\u2606FatCheesyPants\n|j|\u2606TiredBeanos\n|t:|1775891456\n|gametype|doubles\n|player|p1|FatCheesyPants|169|1041\n|player|p2|TiredBeanos|miku-ghost|1000\n|gen|9\n|tier|[Gen 9 Champions] VGC 2026 Reg M-A\n|rated|\n|rule|Species Clause: Limit one of each Pok\u00e9mon\n|rule|Item Clause: Limit 1 of each item\n|clearpoke\n|poke|p1|Rampardos, L50, M|\n|poke|p1|Starmie, L50|\n|poke|p1|Whimsicott, L50, M|\n|poke|p1|Incineroar, L50, F|\n|poke|p1|Talonflame, L50, M|\n|poke|p1|Conkeldurr, L50, M|\n|poke|p2|Starmie, L50|\n|poke|p2|Gengar, L50, F|\n|poke|p2|Incineroar, L50, F|\n|poke|p2|Sinistcha, L50|\n|poke|p2|Whimsicott, L50, F|\n|poke|p2|Gardevoir, L50, M|\n|teampreview|4\nTiredBeanos rejected open team sheets.\n|\n|t:|1775891502\n|teamsize|p1|4\n|teamsize|p2|4\n|start\n|switch|p1a: Starmie|Starmie, L50|100/100\n|switch|p1b: Rampardos|Rampardos, L50, M, shiny|100/100\n|switch|p2a: Sinistcha|Sinistcha, L50|100/100\n|switch|p2b: Starmie|Starmie, L50|100/100\n|turn|1\n|\n|t:|1775891538\n|detailschange|p2b: Starmie|Starmie-Mega, L50\n|-mega|p2b: Starmie|Starmie|Starminite\n|detailschange|p1a: Starmie|Starmie-Mega, L50\n|-mega|p1a: Starmie|Starmie|Starminite\n|move|p2a: Sinistcha|Rage Powder|p2a: Sinistcha\n|-singleturn|p2a: Sinistcha|move: Rage Powder\n|move|p2b: Starmie|Liquidation|p1b: Rampardos\n|-supereffective|p1b: Rampardos|1\n|-damage|p1b: Rampardos|0 fnt\n|faint|p1b: Rampardos\n|move|p1a: Starmie|Skill Swap|p2a: Sinistcha\n|-activate|p1a: Starmie|Skill Swap|Hospitality|Huge Power|[of] p2a: Sinistcha\n|\n|upkeep\n|\n|t:|1775891557\n|switch|p1b: Incineroar|Incineroar, L50, F|100/100\n|-ability|p1b: Incineroar|Intimidate|boost\n|-unboost|p2a: Sinistcha|atk|1\n|-unboost|p2b: Starmie|atk|1\n|turn|2\n|\n|t:|1775891590\n|move|p2b: Starmie|Protect|p2b: Starmie\n|-singleturn|p2b: Starmie|Protect\n|move|p1b: Incineroar|Fake Out|p2b: Starmie\n|-activate|p2b: Starmie|move: Protect\n|move|p1a: Starmie|Psychic|p2a: Sinistcha\n|-damage|p2a: Sinistcha|59/100\n|move|p2a: Sinistcha|Matcha Gotcha|p1b: Incineroar|[spread] p1a,p1b\n|-supereffective|p1a: Starmie|1\n|-resisted|p1b: Incineroar|1\n|-damage|p1a: Starmie|53/100\n|-heal|p2a: Sinistcha|82/100|[from] drain|[of] p1a: Starmie\n|-damage|p1b: Incineroar|92/100\n|-heal|p2a: Sinistcha|86/100|[from] drain|[of] p1b: Incineroar\n|\n|-heal|p2a: Sinistcha|93/100|[from] item: Leftovers\n|upkeep\n|turn|3\n|\n|t:|1775891625\n|move|p1a: Starmie|Protect|p1a: Starmie\n|-singleturn|p1a: Starmie|Protect\n|move|p2a: Sinistcha|Rage Powder|p2a: Sinistcha\n|-singleturn|p2a: Sinistcha|move: Rage Powder\n|move|p2b: Starmie|Liquidation|p1b: Incineroar\n|-supereffective|p1b: Incineroar|1\n|-damage|p1b: Incineroar|1/100\n|-enditem|p1b: Incineroar|Sitrus Berry|[eat]\n|-heal|p1b: Incineroar|26/100|[from] item: Sitrus Berry\n|move|p1b: Incineroar|Parting Shot|p2a: Sinistcha\n|-unboost|p2a: Sinistcha|atk|1\n|-unboost|p2a: Sinistcha|spa|1\n|\n|t:|1775891638\n|switch|p1b: Talonflame|Talonflame, L50, M|100/100|[from] Parting Shot\n|\n|-heal|p2a: Sinistcha|99/100|[from] item: Leftovers\n|upkeep\n|turn|4\n|\n|t:|1775891670\n|switch|p2a: Incineroar|Incineroar, L50, F|100/100\n|-ability|p2a: Incineroar|Intimidate|boost\n|-unboost|p1a: Starmie|atk|1\n|-unboost|p1b: Talonflame|atk|1\n|move|p1b: Talonflame|Brave Bird|p2a: Incineroar\n|-damage|p2a: Incineroar|72/100\n|-damage|p1b: Talonflame|90/100|[from] Recoil\n|move|p2b: Starmie|Liquidation|p1b: Talonflame\n|-supereffective|p1b: Talonflame|1\n|-damage|p1b: Talonflame|0 fnt\n|faint|p1b: Talonflame\n|move|p1a: Starmie|Psychic|p2a: Incineroar\n|-immune|p2a: Incineroar\n|\n|upkeep\n|\n|t:|1775891685\n|switch|p1b: Incineroar|Incineroar, L50, F|26/100\n|-ability|p1b: Incineroar|Intimidate|boost\n|-unboost|p2a: Incineroar|atk|1\n|-unboost|p2b: Starmie|atk|1\n|turn|5\n|\n|t:|1775891712\n|move|p2b: Starmie|Protect|p2b: Starmie\n|-singleturn|p2b: Starmie|Protect\n|move|p1b: Incineroar|Fake Out|p2b: Starmie\n|-activate|p2b: Starmie|move: Protect\n|move|p2a: Incineroar|Fake Out|p1a: Starmie\n|-damage|p1a: Starmie|44/100\n|cant|p1a: Starmie|flinch\n|\n|upkeep\n|turn|6\n|\n|t:|1775891731\n|switch|p2a: Sinistcha|Sinistcha, L50|99/100\n|move|p1b: Incineroar|Protect|p1b: Incineroar\n|-singleturn|p1b: Incineroar|Protect\n|move|p2b: Starmie|Liquidation|p1b: Incineroar\n|-activate|p1b: Incineroar|move: Protect\n|move|p1a: Starmie|Scald|p2a: Sinistcha\n|-resisted|p2a: Sinistcha|1\n|-damage|p2a: Sinistcha|78/100\n|-status|p2a: Sinistcha|brn\n|\n|-heal|p2a: Sinistcha|84/100 brn|[from] item: Leftovers\n|-damage|p2a: Sinistcha|78/100 brn|[from] brn\n|upkeep\n|turn|7\n|\n|t:|1775891757\n|move|p2a: Sinistcha|Rage Powder|p2a: Sinistcha\n|-singleturn|p2a: Sinistcha|move: Rage Powder\n|move|p2b: Starmie|Liquidation|p1b: Incineroar\n|-supereffective|p1b: Incineroar|1\n|-damage|p1b: Incineroar|0 fnt\n|faint|p1b: Incineroar\n|move|p1a: Starmie|Psychic|p2a: Sinistcha\n|-damage|p2a: Sinistcha|32/100 brn\n|\n|-heal|p2a: Sinistcha|38/100 brn|[from] item: Leftovers\n|-damage|p2a: Sinistcha|32/100 brn|[from] brn\n|upkeep\n|turn|8\n|\n|t:|1775891796\n|move|p2b: Starmie|Liquidation|p1a: Starmie\n|-resisted|p1a: Starmie|1\n|-damage|p1a: Starmie|26/100\n|-unboost|p1a: Starmie|def|1\n|move|p1a: Starmie|Psychic|p2a: Sinistcha\n|-damage|p2a: Sinistcha|0 fnt\n|faint|p2a: Sinistcha\n|\n|upkeep\n|\n|t:|1775891808\n|switch|p2a: Incineroar|Incineroar, L50, F|72/100\n|-ability|p2a: Incineroar|Intimidate|boost\n|-unboost|p1a: Starmie|atk|1\n|turn|9\n|\n|t:|1775891815\n|move|p2a: Incineroar|Fake Out|p1a: Starmie\n|-damage|p1a: Starmie|9/100\n|move|p2b: Starmie|Zen Headbutt|p1a: Starmie\n|-resisted|p1a: Starmie|1\n|-damage|p1a: Starmie|0 fnt\n|faint|p1a: Starmie\n|\n|win|TiredBeanos\n|raw|FatCheesyPants's rating: 1041 &rarr; <strong>1023</strong><br />(-18 for losing)\n|raw|TiredBeanos's rating: 1000 &rarr; <strong>1045</strong><br />(+45 for winning)\n|l|\u2606FatCheesyPants\n|player|p1|\n",
  "uploadtime": 1775891838,
  "views": 16,
  "formatid": "gen9championsvgc2026regma",
  "rating": 1023,
  "private": 0,
  "password": null
}