{
  "id": "gen9championsvgc2026regma-2584921890",
  "format": "[Gen 9 Champions] VGC 2026 Reg M-A",
  "players": [
    "OCFrey",
    "ChainsPkmn"
  ],
  "log": "|j|\u2606OCFrey\n|j|\u2606ChainsPkmn\n|html|<table width=\"100%\"><tr><td align=\"left\">OCFrey</td><td align=\"right\">ChainsPkmn</tr><tr><td align=\"left\"><i class=\"fa fa-circle-o\"></i> <i class=\"fa fa-circle-o\"></i> </td><td align=\"right\"><i class=\"fa fa-circle-o\"></i> <i class=\"fa fa-circle\"></i> </tr></table>\n|uhtml|bestof|<h2><strong>Game 2</strong> of <a href=\"/game-bestof3-gen9championsvgc2026regma-2584918592\">a best-of-3</a></h2>\n|t:|1776294763\n|gametype|doubles\n|player|p1|OCFrey|boarder|\n|player|p2|ChainsPkmn|miku-water|\n|gen|9\n|tier|[Gen 9 Champions] VGC 2026 Reg M-A\n|rule|Species Clause: Limit one of each Pok\u00e9mon\n|rule|Item Clause: Limit 1 of each item\n|raw|<div class=\"infobox\"><details class=\"readmore\" open><summary><strong>1 custom rule:</strong></summary> Best of = 3</details></div>\n|clearpoke\n|poke|p1|Espathra, L50, F|\n|poke|p1|Froslass, L50, F|\n|poke|p1|Incineroar, L50, F|\n|poke|p1|Mimikyu, L50, M|\n|poke|p1|Hydrapple, L50, M|\n|poke|p1|Kingambit, L50, M|\n|poke|p2|Gengar, L50, F|\n|poke|p2|Palafin, L50, M|\n|poke|p2|Politoed, L50, M|\n|poke|p2|Kommo-o, L50, F|\n|poke|p2|Skarmory, L50, F|\n|poke|p2|Sableye, L50, F|\n|teampreview|4\n|inactive|Battle timer is ON: inactive players will automatically lose when time's up. (requested by ChainsPkmn)\nOCFrey rejected open team sheets.\n|inactive|ChainsPkmn has 60 seconds left.\n|\n|t:|1776294823\n|teamsize|p1|4\n|teamsize|p2|4\n|start\n|switch|p1a: Mimikyu|Mimikyu, L50, M|100/100\n|switch|p1b: Hydrapple|Hydrapple, L50, M|100/100\n|switch|p2a: Gengar|Gengar, L50, F, shiny|100/100\n|switch|p2b: Palafin|Palafin, L50, M|100/100\n|turn|1\n|inactive|ChainsPkmn has 30 seconds left.\n|\n|t:|1776294851\n|switch|p1b: Incineroar|Incineroar, L50, F|100/100\n|-ability|p1b: Incineroar|Intimidate|boost\n|-unboost|p2a: Gengar|atk|1\n|-unboost|p2b: Palafin|atk|1\n|detailschange|p2a: Gengar|Gengar-Mega, L50, F, shiny\n|-mega|p2a: Gengar|Gengar|Gengarite\n|move|p1a: Mimikyu|Protect|p1a: Mimikyu\n|-singleturn|p1a: Mimikyu|Protect\n|move|p2b: Palafin|Jet Punch|p1a: Mimikyu\n|-activate|p1a: Mimikyu|move: Protect\n|move|p2a: Gengar|Shadow Ball|p1a: Mimikyu\n|-activate|p1a: Mimikyu|move: Protect\n|\n|upkeep\n|turn|2\n|inactive|ChainsPkmn has 30 seconds left.\n|\n|t:|1776294885\n|detailschange|p2b: Palafin|Palafin-Hero, L50, M\n|switch|p2b: Politoed|Politoed, L50, M|100/100\n|-weather|RainDance|[from] ability: Drizzle|[of] p2b: Politoed\n|move|p1b: Incineroar|Fake Out|p2b: Politoed\n|-damage|p2b: Politoed|88/100\n|move|p2a: Gengar|Thunder|p1a: Mimikyu\n|-activate|p1a: Mimikyu|ability: Disguise\n|-damage|p1a: Mimikyu|100/100\n|detailschange|p1a: Mimikyu|Mimikyu-Busted, L50, M\n|-damage|p1a: Mimikyu|88/100|[from] pokemon: Mimikyu-Busted\n|move|p1a: Mimikyu|Trick Room|p1a: Mimikyu\n|-fieldstart|move: Trick Room|[of] p1a: Mimikyu\n|\n|-weather|RainDance|[upkeep]\n|upkeep\n|turn|3\n|inactive|ChainsPkmn has 30 seconds left.\n|\n|t:|1776294911\n|switch|p2a: Skarmory|Skarmory, L50, F|100/100\n|move|p1b: Incineroar|Parting Shot|p2b: Politoed\n|-unboost|p2b: Politoed|atk|1\n|-unboost|p2b: Politoed|spa|1\n|\n|t:|1776294917\n|switch|p1b: Hydrapple|Hydrapple, L50, M|100/100|[from] Parting Shot\n|move|p2b: Politoed|Weather Ball|p1a: Mimikyu\n|-damage|p1a: Mimikyu|50/100\n|move|p1a: Mimikyu|Shadow Claw|p2a: Skarmory\n|-damage|p2a: Skarmory|81/100\n|\n|-weather|RainDance|[upkeep]\n|-heal|p2a: Skarmory|87/100|[from] item: Leftovers\n|upkeep\n|turn|4\n|\n|t:|1776294935\n|move|p2b: Politoed|Protect|p2b: Politoed\n|-singleturn|p2b: Politoed|Protect\n|move|p1b: Hydrapple|Hydro Pump|p2a: Skarmory\n|-damage|p2a: Skarmory|29/100\n|move|p2a: Skarmory|Iron Defense|p2a: Skarmory\n|-boost|p2a: Skarmory|def|2\n|move|p1a: Mimikyu|Shadow Claw|p2b: Politoed\n|-activate|p2b: Politoed|move: Protect\n|\n|-weather|RainDance|[upkeep]\n|-heal|p2a: Skarmory|35/100|[from] item: Leftovers\n|upkeep\n|turn|5\n|\n|t:|1776294956\n|switch|p2b: Palafin|Palafin-Hero, L50, M|100/100\n|-activate|p2b: Palafin|ability: Zero to Hero\n|move|p1a: Mimikyu|Protect|p1a: Mimikyu\n|-singleturn|p1a: Mimikyu|Protect\n|move|p1b: Hydrapple|Hydro Pump|p2a: Skarmory\n|-damage|p2a: Skarmory|0 fnt\n|faint|p2a: Skarmory\n|\n|-weather|RainDance|[upkeep]\n|upkeep\n|\n|t:|1776294970\n|switch|p2a: Gengar|Gengar-Mega, L50, F, shiny|100/100\n|turn|6\n|inactive|ChainsPkmn has 30 seconds left.\n|\n|t:|1776294997\n|switch|p1a: Incineroar|Incineroar, L50, F|100/100\n|-ability|p1a: Incineroar|Intimidate|boost\n|-unboost|p2a: Gengar|atk|1\n|-unboost|p2b: Palafin|atk|1\n|move|p2b: Palafin|Protect|p2b: Palafin\n|-singleturn|p2b: Palafin|Protect\n|move|p2a: Gengar|Protect|p2a: Gengar\n|-singleturn|p2a: Gengar|Protect\n|move|p1b: Hydrapple|Giga Drain|p2b: Palafin\n|-activate|p2b: Palafin|move: Protect\n|\n|-weather|none\n|-fieldend|move: Trick Room\n|upkeep\n|turn|7\n|inactive|ChainsPkmn has 30 seconds left.\n|inactive|OCFrey has 30 seconds left.\n|inactive|ChainsPkmn has 20 seconds left.\n|\n|t:|1776295035\n|switch|p2b: Politoed|Politoed, L50, M|88/100\n|-weather|RainDance|[from] ability: Drizzle|[of] p2b: Politoed\n|move|p1a: Incineroar|Fake Out|p2b: Politoed\n|-damage|p2b: Politoed|75/100\n|move|p2a: Gengar|Shadow Ball|p1b: Hydrapple\n|-damage|p1b: Hydrapple|56/100\n|move|p1b: Hydrapple|Giga Drain|p2b: Politoed\n|-supereffective|p2b: Politoed|1\n|-damage|p2b: Politoed|0 fnt\n|-heal|p1b: Hydrapple|91/100|[from] drain|[of] p2b: Politoed\n|faint|p2b: Politoed\n|-heal|p1b: Hydrapple|99/100|[from] item: Shell Bell|[of] p2: Politoed\n|\n|-weather|RainDance|[upkeep]\n|upkeep\n|\n|t:|1776295044\n|switch|p2b: Palafin|Palafin-Hero, L50, M|100/100\n|turn|8\n|\n|t:|1776295060\n|move|p2a: Gengar|Shadow Ball|p1b: Hydrapple\n|-damage|p1b: Hydrapple|57/100\n|move|p2b: Palafin|Close Combat|p1b: Hydrapple\n|-damage|p1b: Hydrapple|21/100\n|-unboost|p2b: Palafin|def|1\n|-unboost|p2b: Palafin|spd|1\n|move|p1a: Incineroar|Throat Chop|p2a: Gengar\n|-supereffective|p2a: Gengar|1\n|-damage|p2a: Gengar|21/100\n|-start|p2a: Gengar|Throat Chop|[silent]\n|move|p1b: Hydrapple|Giga Drain|p2b: Palafin\n|-supereffective|p2b: Palafin|1\n|-damage|p2b: Palafin|0 fnt\n|-heal|p1b: Hydrapple|62/100|[from] drain|[of] p2b: Palafin\n|faint|p2b: Palafin\n|-heal|p1b: Hydrapple|73/100|[from] item: Shell Bell|[of] p2: Palafin\n|\n|-weather|RainDance|[upkeep]\n|upkeep\n|turn|9\n|\n|t:|1776295075\n|move|p2a: Gengar|Focus Blast|p1a: Incineroar\n|-supereffective|p1a: Incineroar|1\n|-damage|p1a: Incineroar|22/100\n|move|p1a: Incineroar|Throat Chop|p2a: Gengar\n|-supereffective|p2a: Gengar|1\n|-damage|p2a: Gengar|0 fnt\n|faint|p2a: Gengar\n|\n|win|OCFrey\n||OCFrey is ready for game 3.\n||ChainsPkmn is ready for game 3.\n|uhtml|next|Next: <a href=\"/battle-gen9championsvgc2026regma-2584925305\"><strong>Game 3 of 3</strong></a>\n|l|\u2606OCFrey\n|player|p1|\n",
  "uploadtime": 1776295570,
  "views": 19,
  "formatid": "gen9championsvgc2026regma",
  "rating": null,
  "private": 0,
  "password": null
}