{
  "id": "gen9championsvgc2026regma-2580694177",
  "format": "[Gen 9 Champions] VGC 2026 Reg M-A",
  "players": [
    "Markiito18",
    "higs14"
  ],
  "log": "|j|\u2606Markiito18\n|j|\u2606higs14\n|t:|1775924858\n|gametype|doubles\n|player|p1|Markiito18|rood|1000\n|player|p2|higs14|fisherman-gen4|1052\n|gen|9\n|tier|[Gen 9 Champions] VGC 2026 Reg M-A\n|rated|\n|rule|Species Clause: Limit one of each Pok\u00e9mon\n|rule|Item Clause: Limit 1 of each item\n|clearpoke\n|poke|p1|Floette-Eternal, L50, F|\n|poke|p1|Incineroar, L50, M|\n|poke|p1|Garchomp, L50, F|\n|poke|p1|Sinistcha, L50|\n|poke|p1|Orthworm, L50, M|\n|poke|p1|Delphox, L50, F|\n|poke|p2|Froslass, L50, F|\n|poke|p2|Zoroark-Hisui, L50, F|\n|poke|p2|Incineroar, L50, M|\n|poke|p2|Tyranitar, L50, M|\n|poke|p2|Garchomp, L50, F|\n|poke|p2|Palafin, L50, F|\n|teampreview|4\n|inactive|Battle timer is ON: inactive players will automatically lose when time's up. (requested by higs14)\n|inactive|Markiito18 has 60 seconds left.\n|inactive|Markiito18 has 30 seconds left.\n|inactive|Markiito18 has 20 seconds left.\nhigs14 has agreed to open team sheets.\n|inactive|Markiito18 has 15 seconds left.\n|inactive|Markiito18 has 10 seconds left.\n|inactive|Markiito18 has 5 seconds left.\n|\n|t:|1775924949\n|teamsize|p1|4\n|teamsize|p2|4\n|start\n|switch|p1a: Floette|Floette-Eternal, L50, F, shiny|100/100\n|switch|p1b: Garchomp|Garchomp, L50, F|100/100\n|switch|p2a: Tyranitar|Tyranitar, L50, M|100/100\n|switch|p2b: Palafin|Palafin, L50, F|100/100\n|-weather|Sandstorm|[from] ability: Sand Stream|[of] p2a: Tyranitar\n|turn|1\n|\n|t:|1775924973\n|switch|p1b: Orthworm|Orthworm, L50, M, shiny|100/100\n|switch|p2a: Incineroar|Incineroar, L50, M|100/100\n|-ability|p2a: Incineroar|Intimidate|boost\n|-unboost|p1a: Floette|atk|1\n|-unboost|p1b: Orthworm|atk|1\n|detailschange|p1a: Floette|Floette-Mega, L50, F, shiny\n|-mega|p1a: Floette|Floette|Floettite\n|-ability|p1a: Floette|Fairy Aura\n|move|p2b: Palafin|Icy Wind|p1b: Orthworm|[spread] p1a,p1b\n|-resisted|p1b: Orthworm|1\n|-damage|p1a: Floette|93/100\n|-damage|p1b: Orthworm|91/100\n|-unboost|p1a: Floette|spe|1\n|-unboost|p1b: Orthworm|spe|1\n|move|p1a: Floette|Calm Mind|p1a: Floette\n|-boost|p1a: Floette|spa|1\n|-boost|p1a: Floette|spd|1\n|\n|-weather|Sandstorm|[upkeep]\n|-damage|p2b: Palafin|94/100|[from] Sandstorm\n|-damage|p1a: Floette|87/100|[from] Sandstorm\n|-damage|p2a: Incineroar|95/100|[from] Sandstorm\n|upkeep\n|turn|2\n|c|\u2606Markiito18|wow\n|inactive|Markiito18 has 30 seconds left.\n|inactive|higs14 has 30 seconds left.\n|inactive|Markiito18 has 20 seconds left.\n|inactive|Markiito18 has 15 seconds left.\n|\n|t:|1775925014\n|move|p2b: Palafin|Nasty Plot|p2b: Palafin\n|-boost|p2b: Palafin|spa|2\n|move|p1a: Floette|Dazzling Gleam|p2b: Palafin|[spread] p2a,p2b\n|-damage|p2a: Incineroar|41/100\n|-damage|p2b: Palafin|0 fnt\n|replace|p2b: Zoroark|Zoroark-Hisui, L50, F\n|-end|p2b: Zoroark|Illusion\n|-enditem|p2a: Incineroar|Sitrus Berry|[eat]\n|-heal|p2a: Incineroar|65/100|[from] item: Sitrus Berry\n|faint|p2b: Zoroark\n|move|p2a: Incineroar|Parting Shot|p1a: Floette\n|-unboost|p1a: Floette|atk|1\n|-unboost|p1a: Floette|spa|1\n|\n|t:|1775925021\n|switch|p2a: Palafin|Palafin, L50, F|100/100|[from] Parting Shot\n|move|p1b: Orthworm|Iron Defense|p1b: Orthworm\n|-boost|p1b: Orthworm|def|2\n|\n|-weather|Sandstorm|[upkeep]\n|-damage|p2a: Palafin|95/100|[from] Sandstorm\n|-damage|p1a: Floette|81/100|[from] Sandstorm\n|upkeep\n|\n|t:|1775925024\n|switch|p2b: Tyranitar|Tyranitar, L50, M|100/100\n|turn|3\n|inactive|Markiito18 has 30 seconds left.\n|inactive|Markiito18 has 20 seconds left.\n|inactive|Markiito18 has 15 seconds left.\n|inactive|Markiito18 has 10 seconds left.\n|\n|t:|1775925071\n|detailschange|p2a: Palafin|Palafin-Hero, L50, F\n|switch|p2a: Incineroar|Incineroar, L50, M|65/100\n|-ability|p2a: Incineroar|Intimidate|boost\n|-unboost|p1a: Floette|atk|1\n|-unboost|p1b: Orthworm|atk|1\n|detailschange|p2b: Tyranitar|Tyranitar-Mega, L50, M\n|-mega|p2b: Tyranitar|Tyranitar|Tyranitarite\n|move|p1a: Floette|Protect|p1a: Floette\n|-singleturn|p1a: Floette|Protect\n|move|p2b: Tyranitar|Rock Slide|p1b: Orthworm|[spread] p1b\n|-activate|p1a: Floette|move: Protect\n|-resisted|p1b: Orthworm|1\n|-damage|p1b: Orthworm|86/100\n|move|p1b: Orthworm|Iron Defense|p1b: Orthworm\n|-boost|p1b: Orthworm|def|2\n|\n|-weather|Sandstorm|[upkeep]\n|-damage|p1a: Floette|75/100|[from] Sandstorm\n|-damage|p2a: Incineroar|59/100|[from] Sandstorm\n|upkeep\n|turn|4\n|inactive|higs14 has 30 seconds left.\n|\n|t:|1775925100\n|move|p2b: Tyranitar|Rock Slide|p1a: Floette|[spread] p1a,p1b\n|-resisted|p1b: Orthworm|1\n|-damage|p1a: Floette|49/100\n|-damage|p1b: Orthworm|83/100\n|move|p1a: Floette|Dazzling Gleam|p2b: Tyranitar|[spread] p2a,p2b\n|-supereffective|p2b: Tyranitar|1\n|-crit|p2b: Tyranitar\n|-damage|p2a: Incineroar|20/100\n|-damage|p2b: Tyranitar|25/100\n|move|p2a: Incineroar|Parting Shot|p1a: Floette\n|-unboost|p1a: Floette|atk|1\n|-unboost|p1a: Floette|spa|1\n|\n|t:|1775925112\n|switch|p2a: Palafin|Palafin-Hero, L50, F|95/100|[from] Parting Shot\n|-activate|p2a: Palafin|ability: Zero to Hero\n|move|p1b: Orthworm|Body Press|p2b: Tyranitar\n|-supereffective|p2b: Tyranitar|2\n|-damage|p2b: Tyranitar|0 fnt\n|faint|p2b: Tyranitar\n|\n|-weather|Sandstorm|[upkeep]\n|-damage|p2a: Palafin|89/100|[from] Sandstorm\n|-damage|p1a: Floette|42/100|[from] Sandstorm\n|upkeep\n|\n|t:|1775925119\n|switch|p2b: Incineroar|Incineroar, L50, M|20/100\n|-ability|p2b: Incineroar|Intimidate|boost\n|-unboost|p1a: Floette|atk|1\n|-unboost|p1b: Orthworm|atk|1\n|turn|5\n|\n|t:|1775925137\n|move|p1a: Floette|Protect|p1a: Floette\n|-singleturn|p1a: Floette|Protect\n|move|p2b: Incineroar|Fake Out|p1b: Orthworm\n|-resisted|p1b: Orthworm|1\n|-damage|p1b: Orthworm|82/100\n|move|p2a: Palafin|Bulk Up|p2a: Palafin\n|-boost|p2a: Palafin|atk|1\n|-boost|p2a: Palafin|def|1\n|cant|p1b: Orthworm|flinch\n|\n|-weather|none\n|upkeep\n|turn|6\n|\n|t:|1775925162\n|move|p2a: Palafin|Jet Punch|p1a: Floette\n|-damage|p1a: Floette|0 fnt\n|faint|p1a: Floette\n|move|p2b: Incineroar|Flare Blitz|p1b: Orthworm\n|-supereffective|p1b: Orthworm|1\n|-damage|p1b: Orthworm|58/100\n|-damage|p2b: Incineroar|13/100|[from] Recoil\n|move|p1b: Orthworm|Body Press|p2a: Palafin\n|-damage|p2a: Palafin|16/100\n|\n|upkeep\n|\n|t:|1775925171\n|switch|p1a: Garchomp|Garchomp, L50, F|100/100\n|turn|7\n|c|\u2606Markiito18|gg\n|\n|t:|1775925186\n|move|p2a: Palafin|Jet Punch|p1a: Garchomp\n|-damage|p1a: Garchomp|36/100\n|-damage|p2a: Palafin|4/100|[from] ability: Rough Skin|[of] p1a: Garchomp\n|move|p1a: Garchomp|Earthquake|p2a: Palafin|[spread] p2a,p2b\n|-heal|p1b: Orthworm|83/100|[from] ability: Earth Eater|[of] p1a: Garchomp\n|-supereffective|p2b: Incineroar|1\n|-damage|p2a: Palafin|0 fnt\n|-damage|p2b: Incineroar|0 fnt\n|faint|p2a: Palafin\n|faint|p2b: Incineroar\n|\n|win|Markiito18\n|raw|Markiito18's rating: 1000 &rarr; <strong>1046</strong><br />(+46 for winning)\n|raw|higs14's rating: 1052 &rarr; <strong>1032</strong><br />(-20 for losing)\n",
  "uploadtime": 1775925196,
  "views": 11,
  "formatid": "gen9championsvgc2026regma",
  "rating": 1032,
  "private": 0,
  "password": null
}