{
  "id": "gen9championsvgc2026regma-2589444615",
  "format": "[Gen 9 Champions] VGC 2026 Reg M-A",
  "players": [
    "lcyy",
    "testingtesting101"
  ],
  "log": "|j|\u2606lcyy\n|j|\u2606testingtesting101\n|t:|1776723514\n|gametype|doubles\n|player|p1|lcyy|2|\n|player|p2|testingtesting101|buck|\n|gen|9\n|tier|[Gen 9 Champions] VGC 2026 Reg M-A\n|rated|Tournament battle\n|rule|Species Clause: Limit one of each Pok\u00e9mon\n|rule|Item Clause: Limit 1 of each item\n|clearpoke\n|poke|p1|Meganium, L50, F|\n|poke|p1|Archaludon, L50, M|\n|poke|p1|Aerodactyl, L50, M|\n|poke|p1|Typhlosion-Hisui, L50, F|\n|poke|p1|Tauros-Paldea-Aqua, L50, M|\n|poke|p1|Kangaskhan, L50, F|\n|poke|p2|Greninja, L50, M|\n|poke|p2|Politoed, L50, M|\n|poke|p2|Basculegion, L50, M|\n|poke|p2|Lucario, L50, M|\n|poke|p2|Sinistcha, L50|\n|poke|p2|Toxicroak, L50, M|\n|teampreview|4\n|inactive|Battle timer is ON: inactive players will automatically lose when time's up. (requested by lcyy)\n|j| Flarchangel\ntestingtesting101 rejected open team sheets.\n|j| Cachapita\n|inactive|testingtesting101 has 60 seconds left.\n|\n|t:|1776723565\n|teamsize|p1|4\n|teamsize|p2|4\n|start\n|switch|p1a: Meganium|Meganium, L50, F|100/100\n|switch|p1b: Aerodactyl|Aerodactyl, L50, M|100/100\n|switch|p2a: Greninja|Greninja, L50, M|100/100\n|switch|p2b: Basculegion|Basculegion, L50, M|100/100\n|-ability|p1b: Aerodactyl|Unnerve\n|turn|1\n|\n|t:|1776723583\n|move|p2a: Greninja|Protect|p2a: Greninja\n|-start|p2a: Greninja|typechange|Normal|[from] ability: Protean\n|-singleturn|p2a: Greninja|Protect\n|move|p1a: Meganium|Protect|p1a: Meganium\n|-singleturn|p1a: Meganium|Protect\n|move|p1b: Aerodactyl|Tailwind|p1b: Aerodactyl\n|-sidestart|p1: lcyy|move: Tailwind\n|move|p2b: Basculegion|Flip Turn|p1b: Aerodactyl\n|-supereffective|p1b: Aerodactyl|1\n|-enditem|p1b: Aerodactyl|Focus Sash\n|-damage|p1b: Aerodactyl|1/100\n|j|+crystalninetales\n|\n|t:|1776723592\n|switch|p2b: Toxicroak|Toxicroak, L50, M|100/100|[from] Flip Turn\n|\n|upkeep\n|turn|2\n|l|+crystalninetales\n|inactive|testingtesting101 has 30 seconds left.\n|\n|t:|1776723618\n|switch|p2a: Politoed|Politoed, L50, M|100/100\n|-weather|RainDance|[from] ability: Drizzle|[of] p2a: Politoed\n|detailschange|p1a: Meganium|Meganium-Mega, L50, F\n|-mega|p1a: Meganium|Meganium|Meganiumite\n|move|p2b: Toxicroak|Sucker Punch|p1b: Aerodactyl\n|-damage|p1b: Aerodactyl|0 fnt\n|faint|p1b: Aerodactyl\n|move|p1a: Meganium|Dazzling Gleam|p2b: Toxicroak|[spread] p2a,p2b\n|-damage|p2a: Politoed|74/100\n|-damage|p2b: Toxicroak|44/100\n|\n|-weather|RainDance|[upkeep]\n|-heal|p2b: Toxicroak|57/100|[from] ability: Dry Skin\n|upkeep\n|\n|t:|1776723634\n|switch|p1b: Archaludon|Archaludon, L50, M|100/100\n|turn|3\n|j| dannyboy2000\n|inactive|testingtesting101 has 30 seconds left.\n|\n|t:|1776723665\n|move|p2b: Toxicroak|Protect|p2b: Toxicroak\n|-singleturn|p2b: Toxicroak|Protect\n|move|p2a: Politoed|Protect|p2a: Politoed\n|-singleturn|p2a: Politoed|Protect\n|move|p1b: Archaludon|Thunderbolt|p2a: Politoed\n|-activate|p2a: Politoed|move: Protect\n|move|p1a: Meganium|Weather Ball|p2b: Toxicroak\n|-activate|p2b: Toxicroak|move: Protect\n|\n|-weather|RainDance|[upkeep]\n|-heal|p2b: Toxicroak|69/100|[from] ability: Dry Skin\n|upkeep\n|turn|4\n|l| dannyboy2000\n|\n|t:|1776723677\n|switch|p2b: Basculegion|Basculegion, L50, M|100/100\n|move|p1b: Archaludon|Thunderbolt|p2a: Politoed\n|-supereffective|p2a: Politoed|1\n|-damage|p2a: Politoed|30/100\n|-enditem|p2a: Politoed|Sitrus Berry|[eat]\n|-heal|p2a: Politoed|55/100|[from] item: Sitrus Berry\n|move|p1a: Meganium|Solar Beam||[still]\n|-prepare|p1a: Meganium|Solar Beam\n|-activate|p1a: Meganium|ability: Mega Sol\n|-anim|p1a: Meganium|Solar Beam|p2b: Basculegion\n|-supereffective|p2b: Basculegion|1\n|-damage|p2b: Basculegion|0 fnt\n|faint|p2b: Basculegion\n|move|p2a: Politoed|Ice Beam|p1a: Meganium\n|-supereffective|p1a: Meganium|1\n|-damage|p1a: Meganium|68/100\n|\n|-weather|RainDance|[upkeep]\n|-sideend|p1: lcyy|move: Tailwind\n|upkeep\n|inactive|testingtesting101 has 30 seconds left.\n|\n|t:|1776723706\n|switch|p2b: Toxicroak|Toxicroak, L50, M|69/100\n|turn|5\n|j| psychic system\n|\n|t:|1776723717\n|switch|p1b: Tauros|Tauros-Paldea-Aqua, L50, M|100/100\n|-ability|p1b: Tauros|Intimidate|boost\n|-unboost|p2a: Politoed|atk|1\n|-unboost|p2b: Toxicroak|atk|1\n|move|p2a: Politoed|Helping Hand|p2b: Toxicroak\n|-singleturn|p2b: Toxicroak|Helping Hand|[of] p2a: Politoed\n|move|p1a: Meganium|Protect|p1a: Meganium\n|-singleturn|p1a: Meganium|Protect\n|move|p2b: Toxicroak|Close Combat|p1b: Tauros\n|-damage|p1b: Tauros|37/100\n|-unboost|p2b: Toxicroak|def|1\n|-unboost|p2b: Toxicroak|spd|1\n|\n|-weather|RainDance|[upkeep]\n|-heal|p2b: Toxicroak|82/100|[from] ability: Dry Skin\n|upkeep\n|turn|6\n|inactive|testingtesting101 has 30 seconds left.\n|inactive|lcyy has 30 seconds left.\n|\n|t:|1776723748\n|move|p2b: Toxicroak|Protect|p2b: Toxicroak\n|-singleturn|p2b: Toxicroak|Protect\n|move|p1b: Tauros|Close Combat|p2b: Toxicroak\n|-activate|p2b: Toxicroak|move: Protect\n|move|p1a: Meganium|Solar Beam||[still]\n|-prepare|p1a: Meganium|Solar Beam\n|-activate|p1a: Meganium|ability: Mega Sol\n|-anim|p1a: Meganium|Solar Beam|p2a: Politoed\n|-supereffective|p2a: Politoed|1\n|-damage|p2a: Politoed|0 fnt\n|faint|p2a: Politoed\n|\n|-weather|none\n|upkeep\n|\n|t:|1776723754\n|switch|p2a: Greninja|Greninja, L50, M|100/100\n|turn|7\n|\n|t:|1776723777\n|detailschange|p2a: Greninja|Greninja-Mega, L50, M\n|-mega|p2a: Greninja|Greninja|Greninjite\n|move|p2a: Greninja|Ice Beam|p1b: Tauros\n|-start|p2a: Greninja|typechange|Ice|[from] ability: Protean\n|-resisted|p1b: Tauros|1\n|-damage|p1b: Tauros|0 fnt\n|faint|p1b: Tauros\n|move|p2b: Toxicroak|Poison Jab|p1a: Meganium\n|-supereffective|p1a: Meganium|2\n|-damage|p1a: Meganium|0 fnt\n|faint|p1a: Meganium\n|\n|upkeep\n|c|\u2606testingtesting101|Gg\n|\n|t:|1776723787\n|switch|p1b: Archaludon|Archaludon, L50, M|100/100\n|turn|8\n|c|\u2606lcyy|gg\n|\n|t:|1776723797\n|move|p2a: Greninja|Ice Beam|p1b: Archaludon\n|-damage|p1b: Archaludon|33/100\n|move|p2b: Toxicroak|Close Combat|p1b: Archaludon\n|-supereffective|p1b: Archaludon|1\n|-damage|p1b: Archaludon|0 fnt\n|-unboost|p2b: Toxicroak|def|1\n|-unboost|p2b: Toxicroak|spd|1\n|faint|p1b: Archaludon\n|\n|win|testingtesting101\n|n|\u2606lcyy|lcyy\n|n|\u2606testingtesting101|testingtesting101\n|n| Flarchangel|flarchangel\n|n| Cachapita|cachapita\n|n| psychic system|psychicsystem\n",
  "uploadtime": 1776723802,
  "views": 3,
  "formatid": "gen9championsvgc2026regma",
  "rating": null,
  "private": 0,
  "password": null
}