{
  "id": "gen9championsvgc2026regma-2585361648",
  "format": "[Gen 9 Champions] VGC 2026 Reg M-A",
  "players": [
    "somebodygod",
    "TY0418"
  ],
  "log": "|j|\u2606somebodygod\n|j|\u2606TY0418\n|t:|1776341346\n|gametype|doubles\n|player|p1|somebodygod|266|1000\n|player|p2|TY0418|170|1000\n|gen|9\n|tier|[Gen 9 Champions] VGC 2026 Reg M-A\n|rated|\n|rule|Species Clause: Limit one of each Pok\u00e9mon\n|rule|Item Clause: Limit 1 of each item\n|clearpoke\n|poke|p1|Gardevoir, L50, M|\n|poke|p1|Aerodactyl, L50, M|\n|poke|p1|Incineroar, L50, F|\n|poke|p1|Kingambit, L50, F|\n|poke|p1|Garchomp, L50, M|\n|poke|p1|Basculegion, L50, M|\n|poke|p2|Charizard, L50, M|\n|poke|p2|Whimsicott, L50, F|\n|poke|p2|Incineroar, L50, M|\n|poke|p2|Garchomp, L50, M|\n|poke|p2|Kingambit, L50, F|\n|poke|p2|Sneasler, L50, F|\n|teampreview|4\n|j| r4ndom79\n|j| abuelaentanga3000\n|inactive|Battle timer is ON: inactive players will automatically lose when time's up. (requested by TY0418)\nTY0418 rejected open team sheets.\n|c| r4ndom79|brah brought incineroar\n|c| r4ndom79|big epsteiraoar\n|\n|t:|1776341395\n|teamsize|p1|4\n|teamsize|p2|4\n|start\n|switch|p1a: Kingambit|Kingambit, L50, F|100/100\n|switch|p1b: Gardevoir|Gardevoir, L50, M|100/100\n|switch|p2a: Garchomp|Garchomp, L50, M|100/100\n|switch|p2b: Incineroar|Incineroar, L50, M|100/100\n|-ability|p2b: Incineroar|Intimidate|boost\n|-unboost|p1a: Kingambit|atk|1\n|-ability|p1a: Kingambit|Defiant|boost\n|-boost|p1a: Kingambit|atk|2\n|-unboost|p1b: Gardevoir|atk|1\n|turn|1\n|c| r4ndom79|lead aerodactyl kingambit trust\n|c| abuelaentanga3000|whats is this diddy blud doing on pokemon showdown\n|inactive|somebodygod has 30 seconds left.\n|inactive|TY0418 has 30 seconds left.\n|c| r4ndom79|incigga\n|\n|t:|1776341427\n|move|p1a: Kingambit|Protect|p1a: Kingambit\n|-singleturn|p1a: Kingambit|Protect\n|move|p2b: Incineroar|Fake Out|p1b: Gardevoir\n|-damage|p1b: Gardevoir|86/100\n|move|p2a: Garchomp|Rock Slide|p1a: Kingambit|[spread] p1b\n|-activate|p1a: Kingambit|move: Protect\n|-damage|p1b: Gardevoir|58/100\n|cant|p1b: Gardevoir|flinch\n|\n|upkeep\n|turn|2\n|c| r4ndom79|cuh flinched\n|inactive|somebodygod has 30 seconds left.\n|\n|t:|1776341456\n|switch|p2a: Whimsicott|Whimsicott, L50, F|100/100\n|detailschange|p1b: Gardevoir|Gardevoir-Mega, L50, M\n|-mega|p1b: Gardevoir|Gardevoir|Gardevoirite\n|move|p1b: Gardevoir|Hyper Voice|p2a: Whimsicott|[spread] p2a,p2b\n|-damage|p2a: Whimsicott|15/100\n|-damage|p2b: Incineroar|63/100\n|move|p2b: Incineroar|Parting Shot|p1b: Gardevoir\n|-unboost|p1b: Gardevoir|atk|1\n|-unboost|p1b: Gardevoir|spa|1\n|\n|t:|1776341467\n|switch|p2b: Charizard|Charizard, L50, M|100/100|[from] Parting Shot\n|move|p1a: Kingambit|Kowtow Cleave|p2a: Whimsicott\n|-resisted|p2a: Whimsicott|1\n|-damage|p2a: Whimsicott|0 fnt\n|faint|p2a: Whimsicott\n|\n|upkeep\n|c| r4ndom79|shi brah\n|\n|t:|1776341476\n|switch|p2a: Garchomp|Garchomp, L50, M|100/100\n|turn|3\n|c| r4ndom79|man ts pmo ngl icl og\n|\n|t:|1776341489\n|detailschange|p2b: Charizard|Charizard-Mega-Y, L50, M\n|-mega|p2b: Charizard|Charizard|Charizardite Y\n|-weather|SunnyDay|[from] ability: Drought|[of] p2b: Charizard\n|move|p1b: Gardevoir|Protect|p1b: Gardevoir\n|-singleturn|p1b: Gardevoir|Protect\n|move|p1a: Kingambit|Sucker Punch|p2b: Charizard\n|-damage|p2b: Charizard|0 fnt\n|faint|p2b: Charizard\n|move|p2a: Garchomp|Earthquake|p1b: Gardevoir|[spread] p1a\n|-activate|p1b: Gardevoir|move: Protect\n|-supereffective|p1a: Kingambit|1\n|-damage|p1a: Kingambit|48/100\n|\n|-weather|SunnyDay|[upkeep]\n|upkeep\n|\n|t:|1776341506\n|switch|p2b: Incineroar|Incineroar, L50, M|63/100\n|-ability|p2b: Incineroar|Intimidate|boost\n|-unboost|p1a: Kingambit|atk|1\n|-ability|p1a: Kingambit|Defiant|boost\n|-boost|p1a: Kingambit|atk|2\n|-unboost|p1b: Gardevoir|atk|1\n|turn|4\n|c| r4ndom79|carlos zard died\n|\n|t:|1776341521\n|move|p2b: Incineroar|Fake Out|p1a: Kingambit\n|-resisted|p1a: Kingambit|1\n|-damage|p1a: Kingambit|44/100\n|cant|p1a: Kingambit|flinch\n|move|p2a: Garchomp|Earthquake|p1b: Gardevoir|[spread] p2b,p1a,p1b\n|-supereffective|p2b: Incineroar|1\n|-supereffective|p1a: Kingambit|1\n|-damage|p2b: Incineroar|0 fnt\n|-damage|p1a: Kingambit|0 fnt\n|-damage|p1b: Gardevoir|7/100\n|faint|p2b: Incineroar\n|faint|p1a: Kingambit\n|move|p1b: Gardevoir|Hyper Voice|p2a: Garchomp\n|-supereffective|p2a: Garchomp|1\n|-damage|p2a: Garchomp|6/100\n|\n|-weather|SunnyDay|[upkeep]\n|upkeep\n|c| r4ndom79|bruah got faked out\n|c| r4ndom79|cuh died\n|c| r4ndom79|aint no way\n|c| r4ndom79|shi crazy\n|\n|t:|1776341537\n|switch|p1a: Aerodactyl|Aerodactyl, L50, M|100/100\n|-ability|p1a: Aerodactyl|Unnerve\n|turn|5\n|-message|TY0418 forfeited.\n|\n|win|somebodygod\n",
  "uploadtime": 1776341452,
  "views": 21,
  "formatid": "gen9championsvgc2026regma",
  "rating": null,
  "private": 0,
  "password": null
}