{
  "id": "gen9championsvgc2026regma-2588316183",
  "format": "[Gen 9 Champions] VGC 2026 Reg M-A",
  "players": [
    "banana superior",
    "Zoom644Z"
  ],
  "log": "|j|\u2606banana superior\n|j|\u2606Zoom644Z\n|t:|1776623495\n|gametype|doubles\n|player|p1|banana superior|smasher|1413\n|player|p2|Zoom644Z|266|1432\n|gen|9\n|tier|[Gen 9 Champions] VGC 2026 Reg M-A\n|rated|\n|rule|Species Clause: Limit one of each Pok\u00e9mon\n|rule|Item Clause: Limit 1 of each item\n|clearpoke\n|poke|p1|Floette-Eternal, L50, F|\n|poke|p1|Mimikyu, L50, F, shiny|\n|poke|p1|Torkoal, L50, M|\n|poke|p1|Incineroar, L50, F|\n|poke|p1|Gengar, L50, M|\n|poke|p1|Maushold-Four, L50|\n|poke|p2|Floette-Eternal, L50, F|\n|poke|p2|Tyranitar, L50, M|\n|poke|p2|Corviknight, L50, M, shiny|\n|poke|p2|Incineroar, L50, F|\n|poke|p2|Garchomp, L50, F|\n|poke|p2|Rotom-Wash, L50|\n|teampreview|4\n|inactive|Battle timer is ON: inactive players will automatically lose when time's up. (requested by Zoom644Z)\n|\n|t:|1776623518\n|teamsize|p1|4\n|teamsize|p2|4\n|start\n|switch|p1a: Mimikyu|Mimikyu, L50, F, shiny|100/100\n|switch|p1b: Incineroar|Incineroar, L50, F|100/100\n|switch|p2a: Rotom|Rotom-Wash, L50|100/100\n|switch|p2b: Garchomp|Garchomp, L50, F|100/100\n|-ability|p1b: Incineroar|Intimidate|boost\n|-unboost|p2a: Rotom|atk|1\n|-unboost|p2b: Garchomp|atk|1\n|turn|1\n|\n|t:|1776623534\n|move|p1b: Incineroar|Fake Out|p2a: Rotom\n|-damage|p2a: Rotom|90/100\n|move|p2b: Garchomp|Earthquake|p1b: Incineroar|[spread] p1a,p1b\n|-immune|p2a: Rotom|[from] ability: Levitate\n|-supereffective|p1b: Incineroar|1\n|-activate|p1a: Mimikyu|ability: Disguise\n|-damage|p1a: Mimikyu|100/100\n|-damage|p1b: Incineroar|64/100\n|detailschange|p1a: Mimikyu|Mimikyu-Busted, L50, F, shiny\n|-damage|p1a: Mimikyu|89/100|[from] pokemon: Mimikyu-Busted\n|cant|p2a: Rotom|flinch\n|move|p1a: Mimikyu|Trick Room|p1a: Mimikyu\n|-fieldstart|move: Trick Room|[of] p1a: Mimikyu\n|\n|upkeep\n|turn|2\n|inactive|banana superior has 30 seconds left.\n|\n|t:|1776623562\n|switch|p2b: Incineroar|Incineroar, L50, F|100/100\n|-ability|p2b: Incineroar|Intimidate|boost\n|-unboost|p1a: Mimikyu|atk|1\n|-unboost|p1b: Incineroar|atk|1\n|move|p1b: Incineroar|Parting Shot|p2b: Incineroar\n|-unboost|p2b: Incineroar|atk|1\n|-unboost|p2b: Incineroar|spa|1\n|\n|t:|1776623573\n|switch|p1b: Floette|Floette-Eternal, L50, F|100/100|[from] Parting Shot\n|move|p1a: Mimikyu|Play Rough|p2b: Incineroar\n|-damage|p2b: Incineroar|76/100\n|move|p2a: Rotom|Will-O-Wisp|p1a: Mimikyu\n|-status|p1a: Mimikyu|brn\n|\n|-damage|p1a: Mimikyu|83/100 brn|[from] brn\n|upkeep\n|turn|3\n|inactive|banana superior has 30 seconds left.\n|\n|t:|1776623599\n|switch|p1a: Incineroar|Incineroar, L50, F|64/100\n|-ability|p1a: Incineroar|Intimidate|boost\n|-unboost|p2a: Rotom|atk|1\n|-unboost|p2b: Incineroar|atk|1\n|detailschange|p1b: Floette|Floette-Mega, L50, F\n|-mega|p1b: Floette|Floette|Floettite\n|-ability|p1b: Floette|Fairy Aura\n|move|p2b: Incineroar|Fake Out|p1b: Floette\n|-damage|p1b: Floette|95/100\n|cant|p1b: Floette|flinch\n|move|p2a: Rotom|Hydro Pump|p1b: Floette|[miss]\n|-miss|p2a: Rotom|p1b: Floette\n|\n|upkeep\n|turn|4\n|inactive|banana superior has 30 seconds left.\n|inactive|Zoom644Z has 30 seconds left.\n|inactive|Zoom644Z has 20 seconds left.\n|inactive|banana superior has 20 seconds left.\n|inactive|Zoom644Z has 15 seconds left.\n|inactive|banana superior has 15 seconds left.\n|\n|t:|1776623647\n|move|p1a: Incineroar|Parting Shot|p2b: Incineroar\n|-unboost|p2b: Incineroar|atk|1\n|-unboost|p2b: Incineroar|spa|1\n|\n|t:|1776623651\n|switch|p1a: Mimikyu|Mimikyu-Busted, L50, F, shiny|83/100 brn|[from] Parting Shot\n|move|p2b: Incineroar|Flare Blitz|p1b: Floette\n|-damage|p1b: Floette|75/100\n|-damage|p2b: Incineroar|70/100|[from] Recoil\n|move|p1b: Floette|Dazzling Gleam|p2b: Incineroar|[spread] p2a,p2b\n|-damage|p2a: Rotom|34/100\n|-damage|p2b: Incineroar|27/100\n|-enditem|p2a: Rotom|Sitrus Berry|[eat]\n|-heal|p2a: Rotom|59/100|[from] item: Sitrus Berry\n|move|p2a: Rotom|Hydro Pump|p1b: Floette\n|-damage|p1b: Floette|46/100\n|\n|-damage|p1a: Mimikyu|77/100 brn|[from] brn\n|upkeep\n|turn|5\n|\n|t:|1776623673\n|move|p2b: Incineroar|Flare Blitz|p1a: Mimikyu\n|-damage|p1a: Mimikyu|53/100 brn\n|-damage|p2b: Incineroar|21/100|[from] Recoil\n|move|p1a: Mimikyu|Light Screen|p1a: Mimikyu\n|-sidestart|p1: banana superior|move: Light Screen\n|move|p1b: Floette|Dazzling Gleam|p2a: Rotom|[spread] p2a,p2b\n|-damage|p2a: Rotom|5/100\n|-damage|p2b: Incineroar|0 fnt\n|faint|p2b: Incineroar\n|move|p2a: Rotom|Electroweb|p1a: Mimikyu|[spread] p1a,p1b\n|-damage|p1a: Mimikyu|43/100 brn\n|-damage|p1b: Floette|39/100\n|-unboost|p1a: Mimikyu|spe|1\n|-unboost|p1b: Floette|spe|1\n|\n|-damage|p1a: Mimikyu|37/100 brn|[from] brn\n|-fieldend|move: Trick Room\n|upkeep\n|\n|t:|1776623688\n|switch|p2b: Garchomp|Garchomp, L50, F|100/100\n|turn|6\n|\n|t:|1776623695\n|switch|p1b: Incineroar|Incineroar, L50, F|64/100\n|-ability|p1b: Incineroar|Intimidate|boost\n|-unboost|p2a: Rotom|atk|1\n|-unboost|p2b: Garchomp|atk|1\n|move|p2b: Garchomp|Earthquake|p1a: Mimikyu|[spread] p1a,p1b\n|-immune|p2a: Rotom|[from] ability: Levitate\n|-supereffective|p1b: Incineroar|1\n|-damage|p1a: Mimikyu|3/100 brn\n|-damage|p1b: Incineroar|25/100\n|-enditem|p1b: Incineroar|Sitrus Berry|[eat]\n|-heal|p1b: Incineroar|50/100|[from] item: Sitrus Berry\n|move|p2a: Rotom|Hydro Pump|p1b: Incineroar\n|-supereffective|p1b: Incineroar|1\n|-damage|p1b: Incineroar|0 fnt\n|faint|p1b: Incineroar\n|move|p1a: Mimikyu|Trick Room|p1a: Mimikyu\n|-fieldstart|move: Trick Room|[of] p1a: Mimikyu\n|\n|-damage|p1a: Mimikyu|0 fnt|[from] brn\n|faint|p1a: Mimikyu\n|upkeep\n|\n|t:|1776623713\n|switch|p1b: Floette|Floette-Mega, L50, F|39/100\n|switch|p1a: Torkoal|Torkoal, L50, M|100/100\n|-weather|SunnyDay|[from] ability: Drought|[of] p1a: Torkoal\n|-ability|p1b: Floette|Fairy Aura\n|turn|7\n|\n|t:|1776623723\n|move|p1a: Torkoal|Eruption|p2a: Rotom|[spread] p2a,p2b\n|-resisted|p2a: Rotom|1\n|-resisted|p2b: Garchomp|1\n|-crit|p2b: Garchomp\n|-damage|p2a: Rotom|0 fnt\n|-damage|p2b: Garchomp|34/100\n|faint|p2a: Rotom\n|move|p1b: Floette|Dazzling Gleam|p2b: Garchomp\n|-supereffective|p2b: Garchomp|1\n|-damage|p2b: Garchomp|0 fnt\n|faint|p2b: Garchomp\n|\n|-weather|SunnyDay|[upkeep]\n|upkeep\n|\n|t:|1776623726\n|switch|p2b: Floette|Floette-Eternal, L50, F|100/100\n|turn|8\n|\n|t:|1776623741\n|detailschange|p2b: Floette|Floette-Mega, L50, F\n|-mega|p2b: Floette|Floette|Floettite\n|-ability|p2b: Floette|Fairy Aura\n|move|p2b: Floette|Protect|p2b: Floette\n|-singleturn|p2b: Floette|Protect\n|move|p1a: Torkoal|Eruption|p2b: Floette\n|-activate|p2b: Floette|move: Protect\n|move|p1b: Floette|Calm Mind|p1b: Floette\n|-boost|p1b: Floette|spa|1\n|-boost|p1b: Floette|spd|1\n|\n|-weather|SunnyDay|[upkeep]\n|upkeep\n|turn|9\n|\n|t:|1776623750\n|move|p1a: Torkoal|Eruption|p2b: Floette\n|-damage|p2b: Floette|15/100\n|move|p1b: Floette|Moonblast|p2b: Floette\n|-damage|p2b: Floette|0 fnt\n|faint|p2b: Floette\n|\n|win|banana superior\n|raw|banana superior's rating: 1413 &rarr; <strong>1434</strong><br />(+21 for winning)\n|raw|Zoom644Z's rating: 1432 &rarr; <strong>1411</strong><br />(-21 for losing)\n|l|\u2606Zoom644Z\n|player|p2|\n",
  "uploadtime": 1776623761,
  "views": 10,
  "formatid": "gen9championsvgc2026regma",
  "rating": 1411,
  "private": 0,
  "password": null
}