{
  "id": "gen9championsvgc2026regma-2586459229",
  "format": "[Gen 9 Champions] VGC 2026 Reg M-A",
  "players": [
    "Froza_panda",
    "iliasdelm"
  ],
  "log": "|j|\u2606Froza_panda\n|j|\u2606iliasdelm\n|t:|1776436120\n|gametype|doubles\n|player|p1|Froza_panda|170|1320\n|player|p2|iliasdelm|gambler|1402\n|gen|9\n|tier|[Gen 9 Champions] VGC 2026 Reg M-A\n|rated|\n|rule|Species Clause: Limit one of each Pok\u00e9mon\n|rule|Item Clause: Limit 1 of each item\n|clearpoke\n|poke|p1|Talonflame, L50, F|\n|poke|p1|Froslass, L50, F|\n|poke|p1|Milotic, L50, M|\n|poke|p1|Kingambit, L50, F|\n|poke|p1|Garchomp, L50, F|\n|poke|p1|Sneasler, L50, M|\n|poke|p2|Heracross, L50, F|\n|poke|p2|Pelipper, L50, F|\n|poke|p2|Archaludon, L50, M|\n|poke|p2|Dragonite, L50, M|\n|poke|p2|Basculegion, L50, M|\n|poke|p2|Incineroar, L50, M|\n|teampreview|4\n|j| surchoux\n|inactive|Battle timer is ON: inactive players will automatically lose when time's up. (requested by iliasdelm)\n|\n|t:|1776436151\n|teamsize|p1|4\n|teamsize|p2|4\n|start\n|switch|p1a: Sneasler|Sneasler, L50, M|100/100\n|switch|p1b: Kingambit|Kingambit, L50, F|100/100\n|switch|p2a: Archaludon|Archaludon, L50, M|100/100\n|switch|p2b: Heracross|Heracross, L50, F|100/100\n|turn|1\n|l| surchoux\n|inactive|Froza_panda has 30 seconds left.\n|inactive|Froza_panda has 20 seconds left.\n|inactive|Froza_panda has 15 seconds left.\n|\n|t:|1776436195\n|detailschange|p2b: Heracross|Heracross-Mega, L50, F\n|-mega|p2b: Heracross|Heracross|Heracronite\n|move|p2a: Archaludon|Protect|p2a: Archaludon\n|-singleturn|p2a: Archaludon|Protect\n|move|p1a: Sneasler|Fake Out|p2b: Heracross\n|-damage|p2b: Heracross|88/100\n|cant|p2b: Heracross|flinch\n|move|p1b: Kingambit|Kowtow Cleave|p2a: Archaludon\n|-activate|p2a: Archaludon|move: Protect\n|\n|upkeep\n|turn|2\n|inactive|Froza_panda has 30 seconds left.\n|inactive|iliasdelm has 30 seconds left.\n|inactive|Froza_panda has 20 seconds left.\n|\n|t:|1776436235\n|switch|p2a: Pelipper|Pelipper, L50, F|100/100\n|-weather|RainDance|[from] ability: Drizzle|[of] p2a: Pelipper\n|switch|p1b: Milotic|Milotic, L50, M|100/100\n|move|p1a: Sneasler|Close Combat|p2a: Pelipper\n|-resisted|p2a: Pelipper|1\n|-damage|p2a: Pelipper|68/100\n|-unboost|p1a: Sneasler|def|1\n|-unboost|p1a: Sneasler|spd|1\n|-enditem|p1a: Sneasler|White Herb\n|-clearnegativeboost|p1a: Sneasler|[silent]\n|move|p2b: Heracross|Close Combat|p1b: Milotic\n|-damage|p1b: Milotic|17/100\n|-unboost|p2b: Heracross|def|1\n|-unboost|p2b: Heracross|spd|1\n|\n|-weather|RainDance|[upkeep]\n|-heal|p1b: Milotic|23/100|[from] item: Leftovers\n|upkeep\n|turn|3\n|inactive|Froza_panda has 30 seconds left.\n|inactive|iliasdelm has 30 seconds left.\n|inactive|Froza_panda has 20 seconds left.\n|\n|t:|1776436272\n|move|p1b: Milotic|Helping Hand|p1a: Sneasler\n|-singleturn|p1a: Sneasler|Helping Hand|[of] p1b: Milotic\n|move|p2b: Heracross|Protect|p2b: Heracross\n|-singleturn|p2b: Heracross|Protect\n|move|p1a: Sneasler|Dire Claw|p2b: Heracross\n|-activate|p2b: Heracross|move: Protect\n|move|p2a: Pelipper|Tailwind|p2a: Pelipper\n|-sidestart|p2: iliasdelm|move: Tailwind\n|\n|-weather|RainDance|[upkeep]\n|-heal|p1b: Milotic|29/100|[from] item: Leftovers\n|upkeep\n|turn|4\n|\n|t:|1776436287\n|switch|p2b: Incineroar|Incineroar, L50, M, shiny|100/100\n|-ability|p2b: Incineroar|Intimidate|boost\n|-unboost|p1a: Sneasler|atk|1\n|-unboost|p1b: Milotic|atk|1\n|-ability|p1b: Milotic|Competitive|boost\n|-boost|p1b: Milotic|spa|2\n|move|p1a: Sneasler|Dire Claw|p2b: Incineroar\n|-damage|p2b: Incineroar|77/100\n|move|p2a: Pelipper|Hurricane|p1b: Milotic\n|-damage|p1b: Milotic|2/100\n|move|p1b: Milotic|Icy Wind|p2b: Incineroar|[spread] p2a,p2b\n|-resisted|p2b: Incineroar|1\n|-damage|p2a: Pelipper|44/100\n|-damage|p2b: Incineroar|66/100\n|-unboost|p2a: Pelipper|spe|1\n|-unboost|p2b: Incineroar|spe|1\n|\n|-weather|RainDance|[upkeep]\n|-heal|p2b: Incineroar|72/100|[from] item: Leftovers\n|-heal|p1b: Milotic|8/100|[from] item: Leftovers\n|upkeep\n|turn|5\n|inactive|Froza_panda has 30 seconds left.\n|inactive|iliasdelm has 30 seconds left.\n|inactive|Froza_panda has 20 seconds left.\n|inactive|Froza_panda has 15 seconds left.\n|inactive|Froza_panda has 10 seconds left.\n|inactive|Froza_panda has 5 seconds left.\n|\n|t:|1776436338\n|move|p2b: Incineroar|Fake Out|p1b: Milotic\n|-damage|p1b: Milotic|0 fnt\n|faint|p1b: Milotic\n|move|p1a: Sneasler|Close Combat|p2b: Incineroar\n|-supereffective|p2b: Incineroar|1\n|-damage|p2b: Incineroar|6/100\n|-unboost|p1a: Sneasler|def|1\n|-unboost|p1a: Sneasler|spd|1\n|move|p2a: Pelipper|Icy Wind|p1a: Sneasler\n|-damage|p1a: Sneasler|72/100\n|-unboost|p1a: Sneasler|spe|1\n|\n|-weather|RainDance|[upkeep]\n|-heal|p2b: Incineroar|12/100|[from] item: Leftovers\n|upkeep\n|\n|t:|1776436357\n|switch|p1b: Froslass|Froslass, L50, F, shiny|100/100\n|turn|6\n|\n|t:|1776436371\n|switch|p2a: Archaludon|Archaludon, L50, M|100/100\n|detailschange|p1b: Froslass|Froslass-Mega, L50, F, shiny\n|-mega|p1b: Froslass|Froslass|Froslassite\n|-weather|Snowscape|[from] ability: Snow Warning|[of] p1b: Froslass\n|move|p1a: Sneasler|Protect|p1a: Sneasler\n|-singleturn|p1a: Sneasler|Protect\n|move|p1b: Froslass|Protect|p1b: Froslass\n|-singleturn|p1b: Froslass|Protect\n|move|p2b: Incineroar|Parting Shot|p1b: Froslass\n|-activate|p1b: Froslass|move: Protect\n|\n|-weather|Snowscape|[upkeep]\n|-heal|p2b: Incineroar|18/100|[from] item: Leftovers\n|-sideend|p2: iliasdelm|move: Tailwind\n|upkeep\n|turn|7\n|inactive|Froza_panda has 30 seconds left.\n|\n|t:|1776436398\n|switch|p2b: Pelipper|Pelipper, L50, F|44/100\n|-weather|RainDance|[from] ability: Drizzle|[of] p2b: Pelipper\n|move|p1a: Sneasler|Dire Claw|p2b: Pelipper\n|-damage|p2b: Pelipper|17/100\n|-status|p2b: Pelipper|psn\n|move|p1b: Froslass|Blizzard|p2b: Pelipper|[spread] p2a,p2b\n|-damage|p2a: Archaludon|56/100\n|-damage|p2b: Pelipper|0 fnt\n|-ability|p2a: Archaludon|Stamina|boost\n|-boost|p2a: Archaludon|def|1\n|faint|p2b: Pelipper\n|move|p2a: Archaludon|Flash Cannon|p1a: Sneasler\n|-damage|p1a: Sneasler|0 fnt\n|faint|p1a: Sneasler\n|\n|-weather|RainDance|[upkeep]\n|upkeep\n|\n|t:|1776436414\n|switch|p1a: Kingambit|Kingambit, L50, F|100/100\n|switch|p2b: Heracross|Heracross-Mega, L50, F|88/100\n|turn|8\n|\n|t:|1776436435\n|move|p1b: Froslass|Blizzard|p2a: Archaludon|[spread] p2b\n|-miss|p1b: Froslass|p2a: Archaludon\n|-damage|p2b: Heracross|49/100\n|move|p2a: Archaludon|Electro Shot||[still]\n|-prepare|p2a: Archaludon|Electro Shot\n|-boost|p2a: Archaludon|spa|1\n|-anim|p2a: Archaludon|Electro Shot|p1b: Froslass\n|-damage|p1b: Froslass|29/100\n|move|p2b: Heracross|Close Combat|p1a: Kingambit\n|-supereffective|p1a: Kingambit|2\n|-damage|p1a: Kingambit|0 fnt\n|-unboost|p2b: Heracross|def|1\n|-unboost|p2b: Heracross|spd|1\n|faint|p1a: Kingambit\n|\n|-weather|RainDance|[upkeep]\n|upkeep\n|turn|9\n|\n|t:|1776436451\n|switch|p2b: Incineroar|Incineroar, L50, M, shiny|18/100\n|-ability|p2b: Incineroar|Intimidate|boost\n|-unboost|p1b: Froslass|atk|1\n|move|p1b: Froslass|Blizzard|p2a: Archaludon|[spread] p2a,p2b\n|-resisted|p2b: Incineroar|1\n|-damage|p2a: Archaludon|19/100\n|-damage|p2b: Incineroar|0 fnt\n|-ability|p2a: Archaludon|Stamina|boost\n|-boost|p2a: Archaludon|def|1\n|-enditem|p2a: Archaludon|Sitrus Berry|[eat]\n|-heal|p2a: Archaludon|44/100|[from] item: Sitrus Berry\n|faint|p2b: Incineroar\n|move|p2a: Archaludon|Electro Shot||[still]\n|-prepare|p2a: Archaludon|Electro Shot\n|-boost|p2a: Archaludon|spa|1\n|-anim|p2a: Archaludon|Electro Shot|p1b: Froslass\n|-damage|p1b: Froslass|0 fnt\n|faint|p1b: Froslass\n|\n|win|iliasdelm\n|raw|Froza_panda's rating: 1320 &rarr; <strong>1305</strong><br />(-15 for losing)\n|raw|iliasdelm's rating: 1402 &rarr; <strong>1417</strong><br />(+15 for winning)\n",
  "uploadtime": 1776436452,
  "views": 30,
  "formatid": "gen9championsvgc2026regma",
  "rating": 1305,
  "private": 0,
  "password": null
}