{
  "id": "gen9championsvgc2026regma-2582793341",
  "format": "[Gen 9 Champions] VGC 2026 Reg M-A",
  "players": [
    "axiel2127",
    "iccr"
  ],
  "log": "|j|\u2606axiel2127\n|j|\u2606iccr\n|t:|1776114561\n|gametype|doubles\n|player|p1|axiel2127|265|1070\n|player|p2|iccr|265|1120\n|gen|9\n|tier|[Gen 9 Champions] VGC 2026 Reg M-A\n|rated|\n|rule|Species Clause: Limit one of each Pok\u00e9mon\n|rule|Item Clause: Limit 1 of each item\n|clearpoke\n|poke|p1|Charizard, L50, M|\n|poke|p1|Whimsicott, L50, F|\n|poke|p1|Typhlosion-Hisui, L50, F|\n|poke|p1|Sneasler, L50, M|\n|poke|p1|Incineroar, L50, F|\n|poke|p1|Rotom-Wash, L50|\n|poke|p2|Pelipper, L50, F|\n|poke|p2|Basculegion-F, L50, F|\n|poke|p2|Starmie, L50|\n|poke|p2|Sneasler, L50, M|\n|poke|p2|Sableye, L50, M|\n|poke|p2|Archaludon, L50, F|\n|teampreview|4\n|inactive|Battle timer is ON: inactive players will automatically lose when time's up. (requested by iccr)\n|\n|t:|1776114616\n|teamsize|p1|4\n|teamsize|p2|4\n|start\n|switch|p1a: Cotton candy|Whimsicott, L50, F, shiny|100/100\n|switch|p1b: Tom|Incineroar, L50, F|100/100\n|switch|p2a: Sableye|Sableye, L50, M, shiny|100/100\n|switch|p2b: Basculegion|Basculegion-F, L50, F, shiny|100/100\n|-ability|p1b: Tom|Intimidate|boost\n|-unboost|p2a: Sableye|atk|1\n|-unboost|p2b: Basculegion|atk|1\n|turn|1\n|inactive|axiel2127 has 30 seconds left.\n|\n|t:|1776114645\n|move|p1a: Cotton candy|Tailwind|p1a: Cotton candy\n|-sidestart|p1: axiel2127|move: Tailwind\n|move|p2a: Sableye|Rain Dance|p2a: Sableye\n|-weather|RainDance\n|move|p2b: Basculegion|Chilling Water|p1b: Tom\n|-supereffective|p1b: Tom|1\n|-damage|p1b: Tom|38/100\n|-unboost|p1b: Tom|atk|1\n|-enditem|p1b: Tom|Sitrus Berry|[eat]\n|-heal|p1b: Tom|63/100|[from] item: Sitrus Berry\n|move|p1b: Tom|Parting Shot|p2b: Basculegion\n|-unboost|p2b: Basculegion|atk|1\n|-unboost|p2b: Basculegion|spa|1\n|\n|t:|1776114657\n|switch|p1b: Typhlosion|Typhlosion-Hisui, L50, F|100/100|[from] Parting Shot\n|-item|p2a: Sableye|Roseli Berry|[from] ability: Frisk|[of] p1b: Typhlosion\n|-item|p2b: Basculegion|Scope Lens|[from] ability: Frisk|[of] p1b: Typhlosion\n|\n|-weather|RainDance|[upkeep]\n|upkeep\n|turn|2\n|\n|t:|1776114664\n|move|p1a: Cotton candy|Sunny Day|p1a: Cotton candy\n|-weather|SunnyDay\n|move|p2a: Sableye|Rain Dance|p2a: Sableye\n|-weather|RainDance\n|move|p1b: Typhlosion|Eruption|p2b: Basculegion|[spread] p2a,p2b\n|-resisted|p2b: Basculegion|1\n|-damage|p2a: Sableye|65/100\n|-damage|p2b: Basculegion|84/100\n|move|p2b: Basculegion|Shadow Ball|p1b: Typhlosion\n|-supereffective|p1b: Typhlosion|1\n|-damage|p1b: Typhlosion|26/100\n|\n|-weather|RainDance|[upkeep]\n|upkeep\n|turn|3\n|\n|t:|1776114684\n|switch|p1b: Tom|Incineroar, L50, F|63/100\n|-ability|p1b: Tom|Intimidate|boost\n|-unboost|p2a: Sableye|atk|1\n|-unboost|p2b: Basculegion|atk|1\n|move|p1a: Cotton candy|Encore|p2a: Sableye\n|-hint|Since gen 7, Dark is immune to Prankster moves.\n|-immune|p2a: Sableye\n|move|p2a: Sableye|Rain Dance||[still]\n|-fail|p2a: Sableye\n|move|p2b: Basculegion|Muddy Water|p1b: Tom|[spread] p1a\n|-miss|p2b: Basculegion|p1b: Tom\n|-resisted|p1a: Cotton candy|1\n|-damage|p1a: Cotton candy|80/100\n|\n|-weather|RainDance|[upkeep]\n|upkeep\n|turn|4\n|inactive|axiel2127 has 30 seconds left.\n|\n|t:|1776114718\n|move|p1a: Cotton candy|Sunny Day|p1a: Cotton candy\n|-weather|SunnyDay\n|move|p1b: Tom|Flare Blitz|p2a: Sableye\n|-damage|p2a: Sableye|0 fnt\n|faint|p2a: Sableye\n|-damage|p1b: Tom|46/100|[from] Recoil\n|move|p2b: Basculegion|Chilling Water|p1b: Tom\n|-supereffective|p1b: Tom|1\n|-damage|p1b: Tom|33/100\n|-unboost|p1b: Tom|atk|1\n|\n|-weather|SunnyDay|[upkeep]\n|-sideend|p1: axiel2127|move: Tailwind\n|upkeep\n|\n|t:|1776114726\n|switch|p2a: Sneasler|Sneasler, L50, M|100/100\n|turn|5\n|\n|t:|1776114741\n|switch|p2b: Archaludon|Archaludon, L50, F|100/100\n|move|p1a: Cotton candy|Tailwind|p1a: Cotton candy\n|-sidestart|p1: axiel2127|move: Tailwind\n|move|p2a: Sneasler|Close Combat|p1b: Tom\n|-supereffective|p1b: Tom|1\n|-damage|p1b: Tom|0 fnt\n|-unboost|p2a: Sneasler|def|1\n|-unboost|p2a: Sneasler|spd|1\n|faint|p1b: Tom\n|-enditem|p2a: Sneasler|White Herb\n|-clearnegativeboost|p2a: Sneasler|[silent]\n|\n|-weather|SunnyDay|[upkeep]\n|upkeep\n|\n|t:|1776114762\n|switch|p1b: Draig|Charizard, L50, M, shiny|100/100\n|turn|6\n|inactive|axiel2127 has 30 seconds left.\n|\n|t:|1776114795\n|switch|p1a: Typhlosion|Typhlosion-Hisui, L50, F|26/100\n|-item|p2b: Archaludon|Sitrus Berry|[from] ability: Frisk|[of] p1a: Typhlosion\n|detailschange|p1b: Draig|Charizard-Mega-Y, L50, M, shiny\n|-mega|p1b: Draig|Charizard|Charizardite Y\n|move|p2a: Sneasler|Dire Claw|p1b: Draig\n|-damage|p1b: Draig|46/100\n|move|p1b: Draig|Weather Ball|p2b: Archaludon\n|-damage|p2b: Archaludon|4/100\n|-enditem|p2b: Archaludon|Sitrus Berry|[eat]\n|-heal|p2b: Archaludon|29/100|[from] item: Sitrus Berry\n|move|p2b: Archaludon|Draco Meteor|p1b: Draig\n|-crit|p1b: Draig\n|-damage|p1b: Draig|0 fnt\n|-unboost|p2b: Archaludon|spa|2\n|faint|p1b: Draig\n|\n|-weather|SunnyDay|[upkeep]\n|upkeep\n|inactive|axiel2127 has 30 seconds left.\n|\n|t:|1776114830\n|switch|p1b: Cotton candy|Whimsicott, L50, F, shiny|80/100\n|turn|7\n|\n|t:|1776114837\n|switch|p2b: Basculegion|Basculegion-F, L50, F, shiny|84/100\n|move|p1b: Cotton candy|Encore||[still]\n|-fail|p1b: Cotton candy\n|move|p1a: Typhlosion|Eruption|p2a: Sneasler|[spread] p2a,p2b\n|-resisted|p2b: Basculegion|1\n|-damage|p2a: Sneasler|65/100\n|-damage|p2b: Basculegion|72/100\n|move|p2a: Sneasler|Dire Claw|p1a: Typhlosion\n|-resisted|p1a: Typhlosion|1\n|-damage|p1a: Typhlosion|0 fnt\n|faint|p1a: Typhlosion\n|\n|-weather|SunnyDay|[upkeep]\n|upkeep\n|turn|8\n|\n|t:|1776114852\n|move|p2a: Sneasler|Dire Claw|p1b: Cotton candy\n|-supereffective|p1b: Cotton candy|2\n|-damage|p1b: Cotton candy|0 fnt\n|faint|p1b: Cotton candy\n|\n|win|iccr\n|raw|axiel2127's rating: 1070 &rarr; <strong>1052</strong><br />(-18 for losing)\n|raw|iccr's rating: 1120 &rarr; <strong>1141</strong><br />(+21 for winning)\n",
  "uploadtime": 1776114857,
  "views": 21,
  "formatid": "gen9championsvgc2026regma",
  "rating": 1052,
  "private": 0,
  "password": null
}