{
  "id": "gen9championsvgc2026regma-2587938352",
  "format": "[Gen 9 Champions] VGC 2026 Reg M-A",
  "players": [
    "Vgc tester italy",
    "Graves Wu"
  ],
  "log": "|j|\u2606Vgc tester italy\n|j|\u2606Graves Wu\n|t:|1776581829\n|gametype|doubles\n|player|p1|Vgc tester italy|266|1422\n|player|p2|Graves Wu|steven|1371\n|gen|9\n|tier|[Gen 9 Champions] VGC 2026 Reg M-A\n|rated|\n|rule|Species Clause: Limit one of each Pok\u00e9mon\n|rule|Item Clause: Limit 1 of each item\n|clearpoke\n|poke|p1|Gengar, L50, M, shiny|\n|poke|p1|Clefable, L50, M, shiny|\n|poke|p1|Kommo-o, L50, M, shiny|\n|poke|p1|Basculegion, L50, M, shiny|\n|poke|p1|Krookodile, L50, M, shiny|\n|poke|p1|Corviknight, L50, M, shiny|\n|poke|p2|Incineroar, L50, M, shiny|\n|poke|p2|Charizard, L50, M|\n|poke|p2|Sneasler, L50, M|\n|poke|p2|Whimsicott, L50, F, shiny|\n|poke|p2|Rotom-Wash, L50, shiny|\n|poke|p2|Garchomp, L50, M, shiny|\n|teampreview|4\n|inactive|Battle timer is ON: inactive players will automatically lose when time's up. (requested by Graves Wu)\n|j| jakejog\n|l| jakejog\n|inactive|Graves Wu has 60 seconds left.\n|\n|t:|1776581862\n|teamsize|p1|4\n|teamsize|p2|4\n|start\n|switch|p1a: Corviknight|Corviknight, L50, M, shiny|100/100\n|switch|p1b: Gengar|Gengar, L50, M, shiny|100/100\n|switch|p2a: Charizard|Charizard, L50, M|100/100\n|switch|p2b: Whimsicott|Whimsicott, L50, F, shiny|100/100\n|turn|1\n|\n|t:|1776581883\n|detailschange|p1b: Gengar|Gengar-Mega, L50, M, shiny\n|-mega|p1b: Gengar|Gengar|Gengarite\n|detailschange|p2a: Charizard|Charizard-Mega-Y, L50, M\n|-mega|p2a: Charizard|Charizard|Charizardite Y\n|-weather|SunnyDay|[from] ability: Drought|[of] p2a: Charizard\n|move|p2b: Whimsicott|Tailwind|p2b: Whimsicott\n|-sidestart|p2: Graves Wu|move: Tailwind\n|move|p2a: Charizard|Heat Wave|p1a: Corviknight|[spread] p1a,p1b\n|-supereffective|p1a: Corviknight|1\n|-damage|p1a: Corviknight|0 fnt\n|-damage|p1b: Gengar|30/100\n|faint|p1a: Corviknight\n|move|p1b: Gengar|Sludge Bomb|p2a: Charizard\n|-damage|p2a: Charizard|53/100\n|\n|-weather|SunnyDay|[upkeep]\n|upkeep\n|\n|t:|1776581902\n|switch|p1a: Kommo-o|Kommo-o, L50, M, shiny|100/100\n|turn|2\n|\n|t:|1776581920\n|move|p2b: Whimsicott|Moonblast|p1a: Kommo-o\n|-supereffective|p1a: Kommo-o|2\n|-damage|p1a: Kommo-o|0 fnt\n|faint|p1a: Kommo-o\n|move|p2a: Charizard|Heat Wave|p1b: Gengar|[miss]\n|-miss|p2a: Charizard|p1b: Gengar\n|move|p1b: Gengar|Sludge Bomb|p2b: Whimsicott\n|-supereffective|p2b: Whimsicott|2\n|-enditem|p2b: Whimsicott|Focus Sash\n|-damage|p2b: Whimsicott|1/100\n|\n|-weather|SunnyDay|[upkeep]\n|upkeep\n|\n|t:|1776581928\n|switch|p1a: Basculegion|Basculegion, L50, M, shiny|100/100\n|turn|3\n|\n|t:|1776581945\n|move|p2b: Whimsicott|Moonblast|p1b: Gengar\n|-resisted|p1b: Gengar|1\n|-damage|p1b: Gengar|12/100\n|move|p2a: Charizard|Solar Beam||[still]\n|-prepare|p2a: Charizard|Solar Beam\n|-anim|p2a: Charizard|Solar Beam|p1a: Basculegion\n|-supereffective|p1a: Basculegion|1\n|-damage|p1a: Basculegion|0 fnt\n|faint|p1a: Basculegion\n|move|p1b: Gengar|Shadow Ball|p2b: Whimsicott\n|-damage|p2b: Whimsicott|0 fnt\n|faint|p2b: Whimsicott\n|\n|-weather|SunnyDay|[upkeep]\n|upkeep\n|j| Maiesk\n|\n|t:|1776581960\n|switch|p2b: Garchomp|Garchomp, L50, M, shiny|100/100\n|turn|4\n|\n|t:|1776581966\n|move|p1b: Gengar|Protect|p1b: Gengar\n|-singleturn|p1b: Gengar|Protect\n|move|p2b: Garchomp|Earthquake|p1b: Gengar|[spread] \n|-activate|p1b: Gengar|move: Protect\n|-immune|p2a: Charizard\n|move|p2a: Charizard|Weather Ball|p1b: Gengar\n|-activate|p1b: Gengar|move: Protect\n|\n|-weather|SunnyDay|[upkeep]\n|-sideend|p2: Graves Wu|move: Tailwind\n|upkeep\n|turn|5\n|\n|t:|1776581978\n|move|p2b: Garchomp|Earthquake|p1b: Gengar|[spread] p1b\n|-immune|p2a: Charizard\n|-supereffective|p1b: Gengar|1\n|-damage|p1b: Gengar|0 fnt\n|faint|p1b: Gengar\n|\n|win|Graves Wu\n|raw|Vgc tester italy's rating: 1422 &rarr; <strong>1399</strong><br />(-23 for losing)\n|raw|Graves Wu's rating: 1371 &rarr; <strong>1394</strong><br />(+23 for winning)\n|l|\u2606Vgc tester italy\n|player|p1|\n|l|\u2606Graves Wu\n|player|p2|\n",
  "uploadtime": 1776581994,
  "views": 14,
  "formatid": "gen9championsvgc2026regma",
  "rating": 1394,
  "private": 0,
  "password": null
}