{
  "id": "gen9championsvgc2026regma-2586030158",
  "format": "[Gen 9 Champions] VGC 2026 Reg M-A",
  "players": [
    "ruti3131",
    "JasmineThia"
  ],
  "log": "|j|\u2606ruti3131\n|j|\u2606JasmineThia\n|t:|1776391878\n|gametype|doubles\n|player|p1|ruti3131|266|1327\n|player|p2|JasmineThia|selene-masters2|1390\n|gen|9\n|tier|[Gen 9 Champions] VGC 2026 Reg M-A\n|rated|\n|rule|Species Clause: Limit one of each Pok\u00e9mon\n|rule|Item Clause: Limit 1 of each item\n|clearpoke\n|poke|p1|Sneasler, L50, F|\n|poke|p1|Aerodactyl, L50, M|\n|poke|p1|Pelipper, L50, M|\n|poke|p1|Archaludon, L50, F|\n|poke|p1|Venusaur, L50, M|\n|poke|p1|Torkoal, L50, M|\n|poke|p2|Kangaskhan, L50, F|\n|poke|p2|Primarina, L50, F|\n|poke|p2|Aegislash, L50, M|\n|poke|p2|Dragonite, L50, F|\n|poke|p2|Farigiraf, L50, M|\n|poke|p2|Volcarona, L50, F|\n|teampreview|4\n|inactive|Battle timer is ON: inactive players will automatically lose when time's up. (requested by JasmineThia)\n|j| Choklit Milk\n|\n|t:|1776391910\n|teamsize|p1|4\n|teamsize|p2|4\n|start\n|switch|p1a: Aerodactyl|Aerodactyl, L50, M|100/100\n|switch|p1b: Sneasler|Sneasler, L50, F|100/100\n|switch|p2a: Dragonite|Dragonite, L50, F|100/100\n|switch|p2b: Kangaskhan|Kangaskhan, L50, F|100/100\n|-ability|p1a: Aerodactyl|Pressure\n|turn|1\n|\n|t:|1776391936\n|detailschange|p1a: Aerodactyl|Aerodactyl-Mega, L50, M\n|-mega|p1a: Aerodactyl|Aerodactyl|Aerodactylite\n|detailschange|p2b: Kangaskhan|Kangaskhan-Mega, L50, F\n|-mega|p2b: Kangaskhan|Kangaskhan|Kangaskhanite\n|move|p2b: Kangaskhan|Fake Out|p1a: Aerodactyl\n|-resisted|p1a: Aerodactyl|1\n|-damage|p1a: Aerodactyl|88/100\n|-resisted|p1a: Aerodactyl|1\n|-damage|p1a: Aerodactyl|86/100\n|-hitcount|p1a: Aerodactyl|2\n|cant|p1a: Aerodactyl|flinch\n|move|p1b: Sneasler|Close Combat|p2b: Kangaskhan\n|-supereffective|p2b: Kangaskhan|1\n|-damage|p2b: Kangaskhan|1/100\n|-unboost|p1b: Sneasler|def|1\n|-unboost|p1b: Sneasler|spd|1\n|-enditem|p1b: Sneasler|White Herb\n|-clearnegativeboost|p1b: Sneasler|[silent]\n|move|p2a: Dragonite|Scale Shot|p1b: Sneasler\n|-damage|p1b: Sneasler|79/100\n|-damage|p1b: Sneasler|57/100\n|-damage|p1b: Sneasler|33/100\n|-damage|p1b: Sneasler|11/100\n|-damage|p1b: Sneasler|0 fnt\n|faint|p1b: Sneasler\n|-hitcount|p1: Sneasler|5\n|-unboost|p2a: Dragonite|def|1\n|-boost|p2a: Dragonite|spe|1\n|\n|upkeep\n|inactive|ruti3131 has 30 seconds left.\n|\n|t:|1776391967\n|switch|p1b: Pelipper|Pelipper, L50, M|100/100\n|-weather|RainDance|[from] ability: Drizzle|[of] p1b: Pelipper\n|turn|2\n|\n|t:|1776391981\n|move|p2b: Kangaskhan|Sucker Punch|p1a: Aerodactyl\n|-damage|p1a: Aerodactyl|57/100\n|-damage|p1a: Aerodactyl|50/100\n|-hitcount|p1a: Aerodactyl|2\n|move|p1a: Aerodactyl|Rock Slide|p2a: Dragonite|[spread] p2a,p2b\n|-supereffective|p2a: Dragonite|1\n|-crit|p2a: Dragonite\n|-damage|p2a: Dragonite|35/100\n|-damage|p2b: Kangaskhan|0 fnt\n|faint|p2b: Kangaskhan\n|move|p2a: Dragonite|Tailwind|p2a: Dragonite\n|-sidestart|p2: JasmineThia|move: Tailwind\n|move|p1b: Pelipper|Icy Wind|p2a: Dragonite\n|-supereffective|p2a: Dragonite|2\n|-damage|p2a: Dragonite|0 fnt\n|faint|p2a: Dragonite\n|\n|-weather|RainDance|[upkeep]\n|upkeep\n|\n|t:|1776391987\n|switch|p2b: Volcarona|Volcarona, L50, F|100/100\n|switch|p2a: Primarina|Primarina, L50, F|100/100\n|turn|3\n|inactive|ruti3131 has 30 seconds left.\n|inactive|ruti3131 has 20 seconds left.\n|l| Choklit Milk\n|\n|t:|1776392027\n|move|p2a: Primarina|Aqua Jet|p1a: Aerodactyl\n|-supereffective|p1a: Aerodactyl|1\n|-damage|p1a: Aerodactyl|0 fnt\n|faint|p1a: Aerodactyl\n|move|p2b: Volcarona|Quiver Dance|p2b: Volcarona\n|-boost|p2b: Volcarona|spa|1\n|-boost|p2b: Volcarona|spd|1\n|-boost|p2b: Volcarona|spe|1\n|move|p1b: Pelipper|Icy Wind|p2a: Primarina|[spread] p2a,p2b\n|-resisted|p2a: Primarina|1\n|-resisted|p2b: Volcarona|1\n|-damage|p2a: Primarina|95/100\n|-damage|p2b: Volcarona|97/100\n|-unboost|p2a: Primarina|spe|1\n|-unboost|p2b: Volcarona|spe|1\n|\n|-weather|RainDance|[upkeep]\n|upkeep\n|j| Choklit Milk\n|\n|t:|1776392043\n|switch|p1a: Archaludon|Archaludon, L50, F|100/100\n|turn|4\n|\n|t:|1776392050\n|move|p2b: Volcarona|Quiver Dance|p2b: Volcarona\n|-boost|p2b: Volcarona|spa|1\n|-boost|p2b: Volcarona|spd|1\n|-boost|p2b: Volcarona|spe|1\n|move|p1b: Pelipper|Icy Wind|p2b: Volcarona|[spread] p2b\n|-miss|p1b: Pelipper|p2a: Primarina\n|-resisted|p2b: Volcarona|1\n|-damage|p2b: Volcarona|94/100\n|-unboost|p2b: Volcarona|spe|1\n|move|p1a: Archaludon|Electro Shot||[still]\n|-prepare|p1a: Archaludon|Electro Shot\n|-boost|p1a: Archaludon|spa|1\n|-anim|p1a: Archaludon|Electro Shot|p2a: Primarina\n|-supereffective|p2a: Primarina|1\n|-damage|p2a: Primarina|0 fnt\n|faint|p2a: Primarina\n|\n|-weather|RainDance|[upkeep]\n|upkeep\n|turn|5\n|\n|t:|1776392075\n|move|p2b: Volcarona|Quiver Dance|p2b: Volcarona\n|-boost|p2b: Volcarona|spa|1\n|-boost|p2b: Volcarona|spd|1\n|-boost|p2b: Volcarona|spe|1\n|move|p1b: Pelipper|Icy Wind|p2b: Volcarona\n|-resisted|p2b: Volcarona|1\n|-damage|p2b: Volcarona|91/100\n|-unboost|p2b: Volcarona|spe|1\n|move|p1a: Archaludon|Thunder|p2b: Volcarona\n|-damage|p2b: Volcarona|70/100\n|\n|-weather|RainDance|[upkeep]\n|-sideend|p2: JasmineThia|move: Tailwind\n|upkeep\n|turn|6\n|\n|t:|1776392091\n|move|p2b: Volcarona|Protect|p2b: Volcarona\n|-singleturn|p2b: Volcarona|Protect\n|move|p1b: Pelipper|Icy Wind|p2b: Volcarona\n|-activate|p2b: Volcarona|move: Protect\n|move|p1a: Archaludon|Snarl|p2b: Volcarona\n|-activate|p2b: Volcarona|move: Protect\n|\n|-weather|none\n|upkeep\n|turn|7\n|\n|t:|1776392104\n|move|p1b: Pelipper|Icy Wind|p2b: Volcarona\n|-resisted|p2b: Volcarona|1\n|-damage|p2b: Volcarona|66/100\n|-unboost|p2b: Volcarona|spe|1\n|move|p1a: Archaludon|Snarl|p2b: Volcarona\n|-damage|p2b: Volcarona|54/100\n|-unboost|p2b: Volcarona|spa|1\n|move|p2b: Volcarona|Heat Wave|p1b: Pelipper|[spread] p1a,p1b\n|-resisted|p1b: Pelipper|1\n|-damage|p1a: Archaludon|10/100\n|-damage|p1b: Pelipper|53/100\n|-ability|p1a: Archaludon|Stamina|boost\n|-boost|p1a: Archaludon|def|1\n|-enditem|p1a: Archaludon|Sitrus Berry|[eat]\n|-heal|p1a: Archaludon|34/100|[from] item: Sitrus Berry\n|\n|upkeep\n|turn|8\n|\n|t:|1776392126\n|move|p1b: Pelipper|Icy Wind|p2b: Volcarona\n|-resisted|p2b: Volcarona|1\n|-damage|p2b: Volcarona|51/100\n|-unboost|p2b: Volcarona|spe|1\n|move|p1a: Archaludon|Snarl|p2b: Volcarona\n|-damage|p2b: Volcarona|40/100\n|-unboost|p2b: Volcarona|spa|1\n|move|p2b: Volcarona|Giga Drain|p1b: Pelipper\n|-damage|p1b: Pelipper|2/100\n|-heal|p2b: Volcarona|59/100|[from] drain|[of] p1b: Pelipper\n|\n|upkeep\n|turn|9\n|\n|t:|1776392142\n|move|p1b: Pelipper|Icy Wind|p2b: Volcarona\n|-resisted|p2b: Volcarona|1\n|-damage|p2b: Volcarona|55/100\n|-unboost|p2b: Volcarona|spe|1\n|move|p1a: Archaludon|Flash Cannon|p2b: Volcarona\n|-resisted|p2b: Volcarona|1\n|-damage|p2b: Volcarona|43/100\n|move|p2b: Volcarona|Heat Wave|p1a: Archaludon|[spread] p1a,p1b\n|-crit|p1a: Archaludon\n|-resisted|p1b: Pelipper|1\n|-damage|p1a: Archaludon|0 fnt\n|-damage|p1b: Pelipper|0 fnt\n|faint|p1a: Archaludon\n|faint|p1b: Pelipper\n|\n|win|JasmineThia\n|raw|ruti3131's rating: 1327 &rarr; <strong>1311</strong><br />(-16 for losing)\n|raw|JasmineThia's rating: 1390 &rarr; <strong>1406</strong><br />(+16 for winning)\n",
  "uploadtime": 1776392147,
  "views": 31,
  "formatid": "gen9championsvgc2026regma",
  "rating": 1311,
  "private": 0,
  "password": null
}