{
  "id": "gen9championsvgc2026regma-2585982988",
  "format": "[Gen 9 Champions] VGC 2026 Reg M-A",
  "players": [
    "capacete5",
    "DAVID867"
  ],
  "log": "|j|\u2606capacete5\n|j|\u2606DAVID867\n|t:|1776387407\n|gametype|doubles\n|player|p1|capacete5|byron|\n|player|p2|DAVID867|1|\n|gen|9\n|tier|[Gen 9 Champions] VGC 2026 Reg M-A\n|rule|Species Clause: Limit one of each Pok\u00e9mon\n|rule|Item Clause: Limit 1 of each item\n|clearpoke\n|poke|p1|Charizard, L50, M|\n|poke|p1|Venusaur, L50, M|\n|poke|p1|Milotic, L50, F|\n|poke|p1|Garchomp, L50, F|\n|poke|p1|Kingambit, L50, F|\n|poke|p1|Whimsicott, L50, M|\n|poke|p2|Charizard, L50, F|\n|poke|p2|Maushold-Four, L50|\n|poke|p2|Sneasler, L50, F|\n|poke|p2|Garchomp, L50, F|\n|poke|p2|Kingambit, L50, F|\n|poke|p2|Dragapult, L50, F|\n|teampreview|4\n|inactive|Battle timer is ON: inactive players will automatically lose when time's up. (requested by capacete5)\ncapacete5 has agreed to open team sheets.\nDAVID867 has agreed to open team sheets.\n|showteam|p1|Charizard||CharizarditeY|Blaze|HeatWave,Overheat,Protect,SolarBeam|||M|||50|]Venusaur||SitrusBerry|Chlorophyll|EnergyBall,SleepPowder,SludgeBomb,Protect|||M|||50|]Milotic||Leftovers|Competitive|Protect,Scald,Recover,IcyWind|||F|||50|]Garchomp||ChoiceScarf|RoughSkin|Earthquake,RockSlide,DragonClaw,PoisonJab|||F|||50|]Kingambit||BlackGlasses|Defiant|IronHead,SuckerPunch,Protect,SwordsDance|||F|||50|]Whimsicott||FocusSash|Prankster|Tailwind,SunnyDay,CottonSpore,Encore|||M|||50|\n|showteam|p2|Charizard||CharizarditeY|Blaze|Protect,HeatWave,SolarBeam,Overheat|||F|||50|]Maushold-Four||ChopleBerry|FriendGuard|Protect,FollowMe,SuperFang,Taunt||||||50|]Sneasler||FocusSash|Unburden|FakeOut,CloseCombat,Protect,DireClaw|||F|||50|]Garchomp||ChoiceScarf|RoughSkin|Earthquake,RockSlide,DragonClaw,PoisonJab|||F|||50|]Kingambit||BlackGlasses|Defiant|IronHead,LowKick,SuckerPunch,Protect|||F|||50|]Dragapult||DragonFang|ClearBody|DracoMeteor,ShadowBall,WillOWisp,Uturn|||F|||50|\n|inactive|capacete5 has 60 seconds left.\n|\n|t:|1776387461\n|teamsize|p1|4\n|teamsize|p2|4\n|start\n|switch|p1a: Charizard|Charizard, L50, M|100/100\n|switch|p1b: Whimsicott|Whimsicott, L50, M|100/100\n|switch|p2a: Charizard|Charizard, L50, F|100/100\n|switch|p2b: Garchomp|Garchomp, L50, F|100/100\n|turn|1\n|inactive|capacete5 has 30 seconds left.\n|inactive|capacete5 has 20 seconds left.\n|\n|t:|1776387500\n|detailschange|p2a: Charizard|Charizard-Mega-Y, L50, F\n|-mega|p2a: Charizard|Charizard|Charizardite Y\n|-weather|SunnyDay|[from] ability: Drought|[of] p2a: Charizard\n|detailschange|p1a: Charizard|Charizard-Mega-Y, L50, M\n|-mega|p1a: Charizard|Charizard|Charizardite Y\n|move|p1b: Whimsicott|Cotton Spore|p2b: Garchomp|[spread] p2a,p2b\n|-unboost|p2a: Charizard|spe|2\n|-unboost|p2b: Garchomp|spe|2\n|move|p1a: Charizard|Overheat|p2b: Garchomp\n|-resisted|p2b: Garchomp|1\n|-damage|p2b: Garchomp|28/100\n|-unboost|p1a: Charizard|spa|2\n|move|p2b: Garchomp|Rock Slide|p1a: Charizard|[spread] p1a,p1b\n|-supereffective|p1a: Charizard|2\n|-damage|p1a: Charizard|0 fnt\n|-damage|p1b: Whimsicott|75/100\n|faint|p1a: Charizard\n|move|p2a: Charizard|Heat Wave|p1b: Whimsicott\n|-supereffective|p1b: Whimsicott|1\n|-damage|p1b: Whimsicott|0 fnt\n|faint|p1b: Whimsicott\n|\n|-weather|SunnyDay|[upkeep]\n|upkeep\n|\n|t:|1776387519\n|switch|p1a: Milotic|Milotic, L50, F|100/100\n|switch|p1b: Garchomp|Garchomp, L50, F|100/100\n|turn|2\n|inactive|DAVID867 has 30 seconds left.\n|inactive|DAVID867 has 20 seconds left.\n|inactive|DAVID867 has 15 seconds left.\n|\n|t:|1776387564\n|switch|p2b: Dragapult|Dragapult, L50, F|100/100\n|move|p2a: Charizard|Protect|p2a: Charizard\n|-singleturn|p2a: Charizard|Protect\n|move|p1b: Garchomp|Rock Slide|p2a: Charizard|[spread] p2b\n|-activate|p2a: Charizard|move: Protect\n|-damage|p2b: Dragapult|71/100\n|move|p1a: Milotic|Icy Wind|p2a: Charizard|[spread] p2b\n|-activate|p2a: Charizard|move: Protect\n|-supereffective|p2b: Dragapult|1\n|-damage|p2b: Dragapult|44/100\n|\n|-weather|SunnyDay|[upkeep]\n|upkeep\n|turn|3\n|\n|t:|1776387585\n|switch|p2a: Sneasler|Sneasler, L50, F|100/100\n|move|p1b: Garchomp|Rock Slide|p2b: Dragapult|[spread] p2b\n|-miss|p1b: Garchomp|p2a: Sneasler\n|-damage|p2b: Dragapult|14/100\n|move|p2b: Dragapult|Will-O-Wisp|p1b: Garchomp\n|-status|p1b: Garchomp|brn\n|move|p1a: Milotic|Icy Wind|p2a: Sneasler|[spread] p2a,p2b\n|-supereffective|p2b: Dragapult|1\n|-damage|p2a: Sneasler|87/100\n|-damage|p2b: Dragapult|0 fnt\n|-unboost|p2a: Sneasler|spe|1\n|faint|p2b: Dragapult\n|\n|-weather|SunnyDay|[upkeep]\n|-damage|p1b: Garchomp|95/100 brn|[from] brn\n|upkeep\n|\n|t:|1776387604\n|switch|p2b: Charizard|Charizard-Mega-Y, L50, F|100/100\n|turn|4\n|\n|t:|1776387617\n|move|p1a: Milotic|Protect|p1a: Milotic\n|-singleturn|p1a: Milotic|Protect\n|move|p2a: Sneasler|Fake Out|p1a: Milotic\n|-activate|p1a: Milotic|move: Protect\n|move|p1b: Garchomp|Rock Slide|p2b: Charizard|[spread] p2a,p2b\n|-resisted|p2a: Sneasler|1\n|-supereffective|p2b: Charizard|2\n|-damage|p2a: Sneasler|79/100\n|-damage|p2b: Charizard|41/100\n|cant|p2b: Charizard|flinch\n|\n|-weather|SunnyDay|[upkeep]\n|-damage|p1b: Garchomp|89/100 brn|[from] brn\n|upkeep\n|turn|5\n|\n|t:|1776387633\n|switch|p2b: Garchomp|Garchomp, L50, F|28/100\n|move|p1b: Garchomp|Rock Slide|p2a: Sneasler|[spread] p2a,p2b\n|-resisted|p2a: Sneasler|1\n|-resisted|p2b: Garchomp|1\n|-damage|p2a: Sneasler|70/100\n|-damage|p2b: Garchomp|23/100\n|move|p2a: Sneasler|Dire Claw|p1a: Milotic\n|-damage|p1a: Milotic|67/100\n|move|p1a: Milotic|Icy Wind|p2b: Garchomp|[spread] p2a,p2b\n|-supereffective|p2b: Garchomp|2\n|-damage|p2a: Sneasler|57/100\n|-damage|p2b: Garchomp|0 fnt\n|-unboost|p2a: Sneasler|spe|1\n|faint|p2b: Garchomp\n|\n|-weather|none\n|-heal|p1a: Milotic|73/100|[from] item: Leftovers\n|-damage|p1b: Garchomp|83/100 brn|[from] brn\n|upkeep\n|\n|t:|1776387649\n|switch|p2b: Charizard|Charizard-Mega-Y, L50, F|41/100\n|-weather|SunnyDay|[from] ability: Drought|[of] p2b: Charizard\n|turn|6\n|\n|t:|1776387659\n|move|p2b: Charizard|Protect|p2b: Charizard\n|-singleturn|p2b: Charizard|Protect\n|move|p1b: Garchomp|Rock Slide|p2b: Charizard|[spread] p2a\n|-activate|p2b: Charizard|move: Protect\n|-resisted|p2a: Sneasler|1\n|-damage|p2a: Sneasler|48/100\n|move|p1a: Milotic|Scald|p2a: Sneasler\n|-damage|p2a: Sneasler|28/100\n|move|p2a: Sneasler|Dire Claw|p1a: Milotic\n|-damage|p1a: Milotic|39/100\n|\n|-weather|SunnyDay|[upkeep]\n|-heal|p1a: Milotic|45/100|[from] item: Leftovers\n|-damage|p1b: Garchomp|77/100 brn|[from] brn\n|upkeep\n|turn|7\n|\n|t:|1776387680\n|move|p1b: Garchomp|Rock Slide|p2b: Charizard|[spread] p2a,p2b\n|-resisted|p2a: Sneasler|1\n|-supereffective|p2b: Charizard|2\n|-damage|p2a: Sneasler|18/100\n|-damage|p2b: Charizard|0 fnt\n|faint|p2b: Charizard\n|move|p1a: Milotic|Icy Wind|p2a: Sneasler\n|-damage|p2a: Sneasler|2/100\n|-unboost|p2a: Sneasler|spe|1\n|move|p2a: Sneasler|Dire Claw|p1a: Milotic\n|-damage|p1a: Milotic|12/100\n|-status|p1a: Milotic|par\n|\n|-weather|SunnyDay|[upkeep]\n|-heal|p1a: Milotic|18/100 par|[from] item: Leftovers\n|-damage|p1b: Garchomp|71/100 brn|[from] brn\n|upkeep\n|turn|8\n|-message|DAVID867 forfeited.\n|\n|win|capacete5\n",
  "uploadtime": 1776387695,
  "views": 20,
  "formatid": "gen9championsvgc2026regma",
  "rating": null,
  "private": 0,
  "password": null
}