{
  "id": "gen9championsvgc2026regma-2582595239",
  "format": "[Gen 9 Champions] VGC 2026 Reg M-A",
  "players": [
    "DrAlphaStone",
    "p00pnatwork"
  ],
  "log": "|j|\u2606DrAlphaStone\n|j|\u2606p00pnatwork\n|t:|1776101559\n|gametype|doubles\n|player|p1|DrAlphaStone|karen|1433\n|player|p2|p00pnatwork|swimmer|1347\n|gen|9\n|tier|[Gen 9 Champions] VGC 2026 Reg M-A\n|rated|\n|rule|Species Clause: Limit one of each Pok\u00e9mon\n|rule|Item Clause: Limit 1 of each item\n|clearpoke\n|poke|p1|Floette-Eternal, L50, F|\n|poke|p1|Dragapult, L50, F|\n|poke|p1|Maushold, L50|\n|poke|p1|Sneasler, L50, F|\n|poke|p1|Incineroar, L50, F|\n|poke|p1|Aerodactyl, L50, M|\n|poke|p2|Hawlucha, L50, M|\n|poke|p2|Tyranitar, L50, M|\n|poke|p2|Excadrill, L50, M|\n|poke|p2|Sinistcha-Masterpiece, L50|\n|poke|p2|Snorlax, L50, F|\n|poke|p2|Farigiraf, L50, M|\n|teampreview|4\n|j| CARtu348rjf90\n|inactive|Battle timer is ON: inactive players will automatically lose when time's up. (requested by DrAlphaStone)\n|\n|t:|1776101671\n|teamsize|p1|4\n|teamsize|p2|4\n|start\n|switch|p1a: Dragapult|Dragapult, L50, F|100/100\n|switch|p1b: Incineroar|Incineroar, L50, F|100/100\n|switch|p2a: Tyranitar|Tyranitar, L50, M|100/100\n|switch|p2b: Excadrill|Excadrill, L50, M|100/100\n|-weather|Sandstorm|[from] ability: Sand Stream|[of] p2a: Tyranitar\n|-ability|p1b: Incineroar|Intimidate|boost\n|-unboost|p2a: Tyranitar|atk|1\n|-unboost|p2b: Excadrill|atk|1\n|turn|1\n|j| HappyLiga\n|inactive|DrAlphaStone has 30 seconds left.\n|\n|t:|1776101697\n|switch|p2b: Farigiraf|Farigiraf, L50, M|100/100\n|detailschange|p2a: Tyranitar|Tyranitar-Mega, L50, M\n|-mega|p2a: Tyranitar|Tyranitar|Tyranitarite\n|move|p1b: Incineroar|Fake Out||[still]\n|cant|p2b: Farigiraf|ability: Armor Tail|Fake Out|[of] p1b: Incineroar\n|move|p1a: Dragapult|Will-O-Wisp|p2a: Tyranitar\n|-status|p2a: Tyranitar|brn\n|move|p2a: Tyranitar|Rock Slide|p1a: Dragapult|[spread] p1a\n|-miss|p2a: Tyranitar|p1b: Incineroar\n|-damage|p1a: Dragapult|86/100\n|\n|-weather|Sandstorm|[upkeep]\n|-damage|p1a: Dragapult|80/100|[from] Sandstorm\n|-damage|p1b: Incineroar|95/100|[from] Sandstorm\n|-damage|p2b: Farigiraf|94/100|[from] Sandstorm\n|-damage|p2a: Tyranitar|95/100 brn|[from] brn\n|upkeep\n|turn|2\n|\n|t:|1776101721\n|move|p1a: Dragapult|Reflect|p1a: Dragapult\n|-sidestart|p1: DrAlphaStone|Reflect\n|move|p2a: Tyranitar|Rock Slide|p1b: Incineroar|[spread] p1a,p1b\n|-supereffective|p1b: Incineroar|1\n|-damage|p1a: Dragapult|71/100\n|-damage|p1b: Incineroar|81/100\n|cant|p1b: Incineroar|flinch\n|move|p2b: Farigiraf|Trick Room|p2b: Farigiraf\n|-fieldstart|move: Trick Room|[of] p2b: Farigiraf\n|\n|-weather|Sandstorm|[upkeep]\n|-damage|p2b: Farigiraf|88/100|[from] Sandstorm\n|-damage|p1b: Incineroar|75/100|[from] Sandstorm\n|-damage|p1a: Dragapult|65/100|[from] Sandstorm\n|-damage|p2a: Tyranitar|89/100 brn|[from] brn\n|upkeep\n|turn|3\n|\n|t:|1776101738\n|move|p2b: Farigiraf|Hyper Voice|p1a: Dragapult|[spread] p1b\n|-immune|p1a: Dragapult\n|-damage|p1b: Incineroar|38/100\n|-enditem|p1b: Incineroar|Sitrus Berry|[eat]\n|-heal|p1b: Incineroar|62/100|[from] item: Sitrus Berry\n|move|p1b: Incineroar|Darkest Lariat|p2b: Farigiraf\n|-supereffective|p2b: Farigiraf|1\n|-damage|p2b: Farigiraf|13/100\n|move|p2a: Tyranitar|Knock Off|p1a: Dragapult\n|-supereffective|p1a: Dragapult|1\n|-enditem|p1a: Dragapult|Colbur Berry|[eat]\n|-enditem|p1a: Dragapult|Colbur Berry|[weaken]\n|-damage|p1a: Dragapult|46/100\n|move|p1a: Dragapult|Dragon Darts|p2a: Tyranitar\n|-damage|p2a: Tyranitar|75/100 brn\n|-anim|p1a: Dragapult|Dragon Darts|p2b: Farigiraf\n|-damage|p2b: Farigiraf|0 fnt\n|faint|p2b: Farigiraf\n|\n|-weather|Sandstorm|[upkeep]\n|-damage|p1b: Incineroar|56/100|[from] Sandstorm\n|-damage|p1a: Dragapult|40/100|[from] Sandstorm\n|-damage|p2a: Tyranitar|70/100 brn|[from] brn\n|upkeep\n|l| HappyLiga\n|\n|t:|1776101753\n|switch|p2b: Snorlax|Snorlax, L50, F|100/100\n|turn|4\n|\n|t:|1776101767\n|move|p2b: Snorlax|Protect|p2b: Snorlax\n|-singleturn|p2b: Snorlax|Protect\n|move|p1b: Incineroar|Parting Shot|p2b: Snorlax\n|-activate|p2b: Snorlax|move: Protect\n|move|p2a: Tyranitar|Knock Off|p1a: Dragapult\n|-supereffective|p1a: Dragapult|1\n|-damage|p1a: Dragapult|17/100\n|move|p1a: Dragapult|Will-O-Wisp|p2b: Snorlax\n|-activate|p2b: Snorlax|move: Protect\n|\n|-weather|Sandstorm|[upkeep]\n|-damage|p2b: Snorlax|95/100|[from] Sandstorm\n|-damage|p1b: Incineroar|50/100|[from] Sandstorm\n|-damage|p1a: Dragapult|11/100|[from] Sandstorm\n|-damage|p2a: Tyranitar|64/100 brn|[from] brn\n|upkeep\n|turn|5\n|\n|t:|1776101790\n|switch|p1a: Sneasler|Sneasler, L50, F|100/100\n|move|p2b: Snorlax|Body Slam|p1b: Incineroar\n|-damage|p1b: Incineroar|34/100\n|-status|p1b: Incineroar|par\n|move|p1b: Incineroar|Parting Shot|p2b: Snorlax\n|-unboost|p2b: Snorlax|atk|1\n|-unboost|p2b: Snorlax|spa|1\n|\n|t:|1776101802\n|switch|p1b: Floette|Floette-Eternal, L50, F|100/100|[from] Parting Shot\n|move|p2a: Tyranitar|Rock Slide|p1b: Floette|[spread] p1a,p1b\n|-resisted|p1a: Sneasler|1\n|-damage|p1a: Sneasler|93/100\n|-damage|p1b: Floette|91/100\n|\n|-weather|none\n|-damage|p2a: Tyranitar|58/100 brn|[from] brn\n|upkeep\n|turn|6\n|\n|t:|1776101819\n|switch|p2a: Excadrill|Excadrill, L50, M|100/100\n|detailschange|p1b: Floette|Floette-Mega, L50, F\n|-mega|p1b: Floette|Floette|Floettite\n|-ability|p1b: Floette|Fairy Aura\n|move|p1a: Sneasler|Fake Out|p2b: Snorlax\n|-damage|p2b: Snorlax|84/100\n|cant|p2b: Snorlax|flinch\n|move|p1b: Floette|Dazzling Gleam|p2b: Snorlax|[spread] p2a,p2b\n|-resisted|p2a: Excadrill|1\n|-damage|p2a: Excadrill|68/100\n|-damage|p2b: Snorlax|55/100\n|\n|-sideend|p1: DrAlphaStone|Reflect\n|-fieldend|move: Trick Room\n|upkeep\n|turn|7\n|\n|t:|1776101831\n|switch|p2b: Tyranitar|Tyranitar-Mega, L50, M|58/100 brn\n|-weather|Sandstorm|[from] ability: Sand Stream|[of] p2b: Tyranitar\n|move|p1b: Floette|Protect|p1b: Floette\n|-singleturn|p1b: Floette|Protect\n|move|p2a: Excadrill|High Horsepower|p1a: Sneasler\n|-supereffective|p1a: Sneasler|1\n|-damage|p1a: Sneasler|0 fnt\n|faint|p1a: Sneasler\n|\n|-weather|Sandstorm|[upkeep]\n|-damage|p1b: Floette|86/100|[from] Sandstorm\n|-damage|p2b: Tyranitar|52/100 brn|[from] brn\n|upkeep\n|\n|t:|1776101838\n|switch|p1a: Incineroar|Incineroar, L50, F|34/100 par\n|-ability|p1a: Incineroar|Intimidate|boost\n|-unboost|p2a: Excadrill|atk|1\n|-unboost|p2b: Tyranitar|atk|1\n|turn|8\n|\n|t:|1776101854\n|switch|p2a: Snorlax|Snorlax, L50, F|55/100\n|move|p2b: Tyranitar|Protect|p2b: Tyranitar\n|-singleturn|p2b: Tyranitar|Protect\n|move|p1a: Incineroar|Fake Out|p2a: Snorlax\n|-damage|p2a: Snorlax|48/100\n|-enditem|p2a: Snorlax|Sitrus Berry|[eat]\n|-heal|p2a: Snorlax|73/100|[from] item: Sitrus Berry\n|move|p1b: Floette|Dazzling Gleam|p2a: Snorlax|[spread] p2a\n|-activate|p2b: Tyranitar|move: Protect\n|-damage|p2a: Snorlax|42/100\n|\n|-weather|Sandstorm|[upkeep]\n|-damage|p1b: Floette|80/100|[from] Sandstorm\n|-damage|p2a: Snorlax|36/100|[from] Sandstorm\n|-damage|p1a: Incineroar|28/100 par|[from] Sandstorm\n|-damage|p2b: Tyranitar|46/100 brn|[from] brn\n|upkeep\n|turn|9\n|\n|t:|1776101874\n|switch|p1a: Dragapult|Dragapult, L50, F|11/100\n|move|p1b: Floette|Dazzling Gleam|p2b: Tyranitar|[spread] p2a,p2b\n|-supereffective|p2b: Tyranitar|1\n|-damage|p2a: Snorlax|5/100\n|-damage|p2b: Tyranitar|0 fnt\n|faint|p2b: Tyranitar\n|move|p2a: Snorlax|Yawn|p1b: Floette\n|-start|p1b: Floette|move: Yawn|[of] p2a: Snorlax\n|\n|-weather|Sandstorm|[upkeep]\n|-damage|p1a: Dragapult|5/100|[from] Sandstorm\n|-damage|p1b: Floette|74/100|[from] Sandstorm\n|-damage|p2a: Snorlax|0 fnt|[from] Sandstorm\n|faint|p2a: Snorlax\n|upkeep\n|\n|t:|1776101883\n|switch|p2b: Excadrill|Excadrill, L50, M|68/100\n|turn|10\n|\n|t:|1776101895\n|switch|p1b: Incineroar|Incineroar, L50, F|28/100 par\n|-ability|p1b: Incineroar|Intimidate|boost\n|-unboost|p2b: Excadrill|atk|1\n|move|p2b: Excadrill|Iron Head|p1a: Dragapult\n|-crit|p1a: Dragapult\n|-damage|p1a: Dragapult|0 fnt\n|faint|p1a: Dragapult\n|\n|-weather|Sandstorm|[upkeep]\n|-damage|p1b: Incineroar|22/100 par|[from] Sandstorm\n|upkeep\n|\n|t:|1776101904\n|switch|p1a: Floette|Floette-Mega, L50, F|74/100\n|-ability|p1a: Floette|Fairy Aura\n|turn|11\n|\n|t:|1776101916\n|move|p2b: Excadrill|Protect|p2b: Excadrill\n|-singleturn|p2b: Excadrill|Protect\n|move|p1b: Incineroar|Fake Out|p2b: Excadrill\n|-activate|p2b: Excadrill|move: Protect\n|move|p1a: Floette|Calm Mind|p1a: Floette\n|-boost|p1a: Floette|spa|1\n|-boost|p1a: Floette|spd|1\n|\n|-weather|none\n|upkeep\n|turn|12\n|\n|t:|1776101922\n|move|p2b: Excadrill|Iron Head|p1a: Floette\n|-supereffective|p1a: Floette|1\n|-damage|p1a: Floette|18/100\n|cant|p1a: Floette|flinch\n|move|p1b: Incineroar|Flare Blitz|p2b: Excadrill\n|-supereffective|p2b: Excadrill|1\n|-damage|p2b: Excadrill|0 fnt\n|faint|p2b: Excadrill\n|-damage|p1b: Incineroar|2/100 par|[from] Recoil\n|\n|win|DrAlphaStone\n|raw|DrAlphaStone's rating: 1433 &rarr; <strong>1448</strong><br />(+15 for winning)\n|raw|p00pnatwork's rating: 1347 &rarr; <strong>1332</strong><br />(-15 for losing)\n|l|\u2606p00pnatwork\n|player|p2|\n|l|\u2606DrAlphaStone\n|player|p1|\n",
  "uploadtime": 1776101961,
  "views": 25,
  "formatid": "gen9championsvgc2026regma",
  "rating": 1332,
  "private": 0,
  "password": null
}