{
  "id": "gen9championsvgc2026regma-2583431194",
  "format": "[Gen 9 Champions] VGC 2026 Reg M-A",
  "players": [
    "Shuckleplayschess",
    "KopeensHobbyShop"
  ],
  "log": "|j|\u2606Shuckleplayschess\n|j|\u2606KopeensHobbyShop\n|t:|1776175197\n|gametype|doubles\n|player|p1|Shuckleplayschess|ingo|1256\n|player|p2|KopeensHobbyShop|grimsley|1299\n|gen|9\n|tier|[Gen 9 Champions] VGC 2026 Reg M-A\n|rated|\n|rule|Species Clause: Limit one of each Pok\u00e9mon\n|rule|Item Clause: Limit 1 of each item\n|clearpoke\n|poke|p1|Glimmora, L50, M|\n|poke|p1|Tyranitar, L50, F|\n|poke|p1|Meganium, L50, F|\n|poke|p1|Orthworm, L50, F|\n|poke|p1|Aegislash, L50, F|\n|poke|p1|Garchomp, L50, M|\n|poke|p2|Alakazam, L50, F|\n|poke|p2|Floette-Eternal, L50, F|\n|poke|p2|Zoroark-Hisui, L50, M|\n|poke|p2|Sinistcha, L50|\n|poke|p2|Politoed, L50, M|\n|poke|p2|Incineroar, L50, F|\n|teampreview|4\n|inactive|Battle timer is ON: inactive players will automatically lose when time's up. (requested by Shuckleplayschess)\n|inactive|Shuckleplayschess has 60 seconds left.\n|inactive|KopeensHobbyShop has 60 seconds left.\n|\n|t:|1776175238\n|teamsize|p1|4\n|teamsize|p2|4\n|start\n|switch|p1a: Garchomp|Garchomp, L50, M|100/100\n|switch|p1b: Glimmora|Glimmora, L50, M, shiny|100/100\n|switch|p2a: Sinistcha|Sinistcha, L50|100/100\n|switch|p2b: Incineroar|Incineroar, L50, F|100/100\n|-ability|p2b: Incineroar|Intimidate|boost\n|-unboost|p1a: Garchomp|atk|1\n|-unboost|p1b: Glimmora|atk|1\n|turn|1\n|\n|t:|1776175251\n|detailschange|p1b: Glimmora|Glimmora-Mega, L50, M, shiny\n|-mega|p1b: Glimmora|Glimmora|Glimmoranite\n|move|p2b: Incineroar|Fake Out|p1b: Glimmora\n|-resisted|p1b: Glimmora|1\n|-crit|p1b: Glimmora\n|-damage|p1b: Glimmora|92/100\n|move|p1a: Garchomp|Stomping Tantrum|p2b: Incineroar\n|-supereffective|p2b: Incineroar|1\n|-damage|p2b: Incineroar|61/100\n|move|p2a: Sinistcha|Nasty Plot|p2a: Sinistcha\n|-boost|p2a: Sinistcha|spa|2\n|cant|p1b: Glimmora|flinch\n|\n|upkeep\n|turn|2\n|\n|t:|1776175272\n|move|p1a: Garchomp|Stomping Tantrum|p2b: Incineroar\n|-supereffective|p2b: Incineroar|1\n|-damage|p2b: Incineroar|22/100\n|-enditem|p2b: Incineroar|Sitrus Berry|[eat]\n|-heal|p2b: Incineroar|47/100|[from] item: Sitrus Berry\n|move|p2a: Sinistcha|Shadow Ball|p1b: Glimmora\n|-damage|p1b: Glimmora|0 fnt\n|faint|p1b: Glimmora\n|move|p2b: Incineroar|Parting Shot|p1a: Garchomp\n|-unboost|p1a: Garchomp|atk|1\n|-unboost|p1a: Garchomp|spa|1\n|\n|t:|1776175284\n|switch|p2b: Politoed|Politoed, L50, M|100/100|[from] Parting Shot\n|-weather|RainDance|[from] ability: Drizzle|[of] p2b: Politoed\n|\n|-weather|RainDance|[upkeep]\n|upkeep\n|inactive|Shuckleplayschess has 30 seconds left.\n|inactive|Shuckleplayschess has 20 seconds left.\n|inactive|Shuckleplayschess has 15 seconds left.\n|inactive|Shuckleplayschess has 10 seconds left.\n|\n|t:|1776175334\n|switch|p1b: Tyranitar|Tyranitar, L50, F|100/100\n|-weather|Sandstorm|[from] ability: Sand Stream|[of] p1b: Tyranitar\n|turn|3\n|c|\u2606Shuckleplayschess|How did sinistcha outspeed glim\n|\n|t:|1776175354\n|switch|p1a: Orthworm|Orthworm, L50, F, shiny|100/100\n|switch|p2b: Incineroar|Incineroar, L50, F|47/100\n|-ability|p2b: Incineroar|Intimidate|boost\n|-unboost|p1a: Orthworm|atk|1\n|-unboost|p1b: Tyranitar|atk|1\n|move|p2a: Sinistcha|Protect|p2a: Sinistcha\n|-singleturn|p2a: Sinistcha|Protect\n|move|p1b: Tyranitar|Protect||[still]\n|-fail|p1b: Tyranitar\n|\n|-weather|Sandstorm|[upkeep]\n|-damage|p2a: Sinistcha|94/100|[from] Sandstorm\n|-damage|p2b: Incineroar|41/100|[from] Sandstorm\n|upkeep\n|turn|4\n|c|\u2606Shuckleplayschess|Oh\n|c|\u2606Shuckleplayschess|I\u2019m dumb\n|c|\u2606KopeensHobbyShop|i dont think that's sinistcha\n|\n|t:|1776175379\n|move|p2b: Incineroar|Fake Out|p1b: Tyranitar\n|-resisted|p1b: Tyranitar|1\n|-damage|p1b: Tyranitar|96/100\n|move|p2a: Sinistcha|Shadow Ball|p1a: Orthworm\n|-damage|p1a: Orthworm|0 fnt\n|faint|p1a: Orthworm\n|cant|p1b: Tyranitar|flinch\n|\n|-weather|Sandstorm|[upkeep]\n|-damage|p2a: Sinistcha|88/100|[from] Sandstorm\n|-damage|p2b: Incineroar|35/100|[from] Sandstorm\n|upkeep\n|\n|t:|1776175385\n|switch|p1a: Garchomp|Garchomp, L50, M|100/100\n|turn|5\n|\n|t:|1776175397\n|switch|p2b: Politoed|Politoed, L50, M|100/100\n|-weather|RainDance|[from] ability: Drizzle|[of] p2b: Politoed\n|move|p2a: Sinistcha|Protect|p2a: Sinistcha\n|-singleturn|p2a: Sinistcha|Protect\n|move|p1a: Garchomp|Stomping Tantrum|p2a: Sinistcha\n|-activate|p2a: Sinistcha|move: Protect\n|move|p1b: Tyranitar|Rock Slide|p2b: Politoed|[spread] p2b\n|-activate|p2a: Sinistcha|move: Protect\n|-damage|p2b: Politoed|81/100\n|\n|-weather|RainDance|[upkeep]\n|-heal|p2b: Politoed|87/100|[from] item: Leftovers\n|upkeep\n|turn|6\n|inactive|KopeensHobbyShop has 30 seconds left.\n|\n|t:|1776175428\n|move|p1b: Tyranitar|Protect|p1b: Tyranitar\n|-singleturn|p1b: Tyranitar|Protect\n|move|p1a: Garchomp|Stomping Tantrum|p2a: Sinistcha\n|-damage|p2a: Sinistcha|7/100\n|replace|p2a: Zoroark|Zoroark-Hisui, L50, M\n|-end|p2a: Zoroark|Illusion\n|move|p2a: Zoroark|Shadow Ball|p1a: Garchomp\n|-damage|p1a: Garchomp|2/100\n|move|p2b: Politoed|Weather Ball|p1b: Tyranitar\n|-activate|p1b: Tyranitar|move: Protect\n|\n|-weather|RainDance|[upkeep]\n|-heal|p2b: Politoed|93/100|[from] item: Leftovers\n|upkeep\n|turn|7\n|\n|t:|1776175451\n|move|p2a: Zoroark|Protect|p2a: Zoroark\n|-singleturn|p2a: Zoroark|Protect\n|move|p1a: Garchomp|Stomping Tantrum|p2a: Zoroark\n|-activate|p2a: Zoroark|move: Protect\n|move|p1b: Tyranitar|Dragon Dance|p1b: Tyranitar\n|-boost|p1b: Tyranitar|atk|1\n|-boost|p1b: Tyranitar|spe|1\n|move|p2b: Politoed|Icy Wind|p1a: Garchomp|[spread] p1a,p1b\n|-supereffective|p1a: Garchomp|2\n|-damage|p1a: Garchomp|0 fnt\n|-damage|p1b: Tyranitar|87/100\n|-unboost|p1b: Tyranitar|spe|1\n|faint|p1a: Garchomp\n|\n|-weather|RainDance|[upkeep]\n|-heal|p2b: Politoed|99/100|[from] item: Leftovers\n|upkeep\n|turn|8\n|\n|t:|1776175469\n|move|p2a: Zoroark|Shadow Ball|p1b: Tyranitar\n|-resisted|p1b: Tyranitar|1\n|-damage|p1b: Tyranitar|38/100\n|-unboost|p1b: Tyranitar|spd|1\n|move|p1b: Tyranitar|Rock Slide|p2b: Politoed|[spread] p2a\n|-miss|p1b: Tyranitar|p2b: Politoed\n|-damage|p2a: Zoroark|0 fnt\n|faint|p2a: Zoroark\n|move|p2b: Politoed|Weather Ball|p1b: Tyranitar\n|-supereffective|p1b: Tyranitar|1\n|-damage|p1b: Tyranitar|0 fnt\n|faint|p1b: Tyranitar\n|\n|win|KopeensHobbyShop\n|raw|Shuckleplayschess's rating: 1256 &rarr; <strong>1234</strong><br />(-22 for losing)\n|raw|KopeensHobbyShop's rating: 1299 &rarr; <strong>1321</strong><br />(+22 for winning)\n|l|\u2606Shuckleplayschess\n|player|p1|\n|c|\u2606KopeensHobbyShop|gg\n",
  "uploadtime": 1776175483,
  "views": 41,
  "formatid": "gen9championsvgc2026regma",
  "rating": 1234,
  "private": 0,
  "password": null
}