{
  "id": "gen9championsvgc2026regma-2581457121",
  "format": "[Gen 9 Champions] VGC 2026 Reg M-A",
  "players": [
    "hurhe",
    "Nytter877"
  ],
  "log": "|j|\u2606hurhe\n|j|\u2606Nytter877\n|t:|1776002270\n|gametype|doubles\n|player|p1|hurhe|266|1091\n|player|p2|Nytter877|hooligans|1125\n|gen|9\n|tier|[Gen 9 Champions] VGC 2026 Reg M-A\n|rated|\n|rule|Species Clause: Limit one of each Pok\u00e9mon\n|rule|Item Clause: Limit 1 of each item\n|clearpoke\n|poke|p1|Leafeon, L50, F|\n|poke|p1|Bellibolt, L50, F|\n|poke|p1|Charizard, L50, M|\n|poke|p1|Meowstic, L50, M|\n|poke|p1|Primarina, L50, F|\n|poke|p1|Vivillon-Icy Snow, L50, M|\n|poke|p2|Sneasler, L50, M|\n|poke|p2|Crabominable, L50, M|\n|poke|p2|Arcanine-Hisui, L50, F|\n|poke|p2|Farigiraf, L50, F|\n|poke|p2|Kingambit, L50, F|\n|poke|p2|Ampharos, L50, M|\n|teampreview|4\n|inactive|Battle timer is ON: inactive players will automatically lose when time's up. (requested by hurhe)\nNytter877 has agreed to open team sheets.\n|inactive|hurhe has 60 seconds left.\n|inactive|Nytter877 has 60 seconds left.\n|\n|t:|1776002311\n|teamsize|p1|4\n|teamsize|p2|4\n|start\n|switch|p1a: Vivillon|Vivillon-Icy Snow, L50, M|100/100\n|switch|p1b: Charizard|Charizard, L50, M|100/100\n|switch|p2a: Arcanine|Arcanine-Hisui, L50, F, shiny|100/100\n|switch|p2b: Farigiraf|Farigiraf, L50, F|100/100\n|-ability|p2a: Arcanine|Intimidate|boost\n|-unboost|p1a: Vivillon|atk|1\n|-unboost|p1b: Charizard|atk|1\n|turn|1\n|\n|t:|1776002325\n|move|p1b: Charizard|Protect|p1b: Charizard\n|-singleturn|p1b: Charizard|Protect\n|move|p1a: Vivillon|Sleep Powder|p2b: Farigiraf\n|-status|p2b: Farigiraf|slp|[from] move: Sleep Powder\n|move|p2a: Arcanine|Rock Slide|p1a: Vivillon|[spread] p1a\n|-activate|p1b: Charizard|move: Protect\n|-supereffective|p1a: Vivillon|2\n|-enditem|p1a: Vivillon|Focus Sash\n|-damage|p1a: Vivillon|1/100\n|cant|p2b: Farigiraf|slp\n|\n|upkeep\n|turn|2\n|\n|t:|1776002343\n|detailschange|p1b: Charizard|Charizard-Mega-Y, L50, M\n|-mega|p1b: Charizard|Charizard|Charizardite Y\n|-weather|SunnyDay|[from] ability: Drought|[of] p1b: Charizard\n|move|p2a: Arcanine|Extreme Speed|p1a: Vivillon\n|-damage|p1a: Vivillon|0 fnt\n|faint|p1a: Vivillon\n|move|p1b: Charizard|Scorching Sands|p2a: Arcanine\n|-supereffective|p2a: Arcanine|2\n|-damage|p2a: Arcanine|0 fnt\n|faint|p2a: Arcanine\n|cant|p2b: Farigiraf|slp\n|\n|-weather|SunnyDay|[upkeep]\n|upkeep\n|\n|t:|1776002355\n|switch|p1a: Meowstic|Meowstic, L50, M|100/100\n|switch|p2a: Ampharos|Ampharos, L50, M, shiny|100/100\n|turn|3\n|\n|t:|1776002364\n|detailschange|p2a: Ampharos|Ampharos-Mega, L50, M, shiny\n|-mega|p2a: Ampharos|Ampharos|Ampharosite\n|-ability|p2a: Ampharos|Mold Breaker\n|move|p1a: Meowstic|Helping Hand|p1b: Charizard\n|-singleturn|p1b: Charizard|Helping Hand|[of] p1a: Meowstic\n|move|p1b: Charizard|Heat Wave|p2a: Ampharos|[spread] p2a,p2b\n|-resisted|p2a: Ampharos|1\n|-damage|p2a: Ampharos|57/100\n|-damage|p2b: Farigiraf|11/100 slp\n|move|p2a: Ampharos|Volt Switch|p1b: Charizard\n|-supereffective|p1b: Charizard|1\n|-damage|p1b: Charizard|18/100\n|\n|t:|1776002375\n|switch|p2a: Sneasler|Sneasler, L50, M, shiny|100/100|[from] Volt Switch\n|-curestatus|p2b: Farigiraf|slp|[msg]\n|move|p2b: Farigiraf|Trick Room|p2b: Farigiraf\n|-fieldstart|move: Trick Room|[of] p2b: Farigiraf\n|\n|-weather|SunnyDay|[upkeep]\n|upkeep\n|turn|4\n|\n|t:|1776002396\n|move|p1b: Charizard|Protect|p1b: Charizard\n|-singleturn|p1b: Charizard|Protect\n|move|p2a: Sneasler|Fake Out|p1b: Charizard\n|-activate|p1b: Charizard|move: Protect\n|move|p2b: Farigiraf|Hyper Voice|p1b: Charizard|[spread] p1a\n|-activate|p1b: Charizard|move: Protect\n|-damage|p1a: Meowstic|77/100\n|move|p1a: Meowstic|Psychic Noise|p2a: Sneasler\n|-supereffective|p2a: Sneasler|2\n|-enditem|p2a: Sneasler|Focus Sash\n|-damage|p2a: Sneasler|1/100\n|-start|p2a: Sneasler|move: Heal Block\n|\n|-weather|SunnyDay|[upkeep]\n|upkeep\n|turn|5\n|inactive|hurhe has 30 seconds left.\n|\n|t:|1776002424\n|switch|p1b: Leafeon|Leafeon, L50, F|100/100\n|move|p2b: Farigiraf|Hyper Voice|p1b: Leafeon|[spread] p1a,p1b\n|-damage|p1a: Meowstic|50/100\n|-damage|p1b: Leafeon|52/100\n|move|p1a: Meowstic|Psychic Noise|p2a: Sneasler\n|-supereffective|p2a: Sneasler|2\n|-crit|p2a: Sneasler\n|-damage|p2a: Sneasler|0 fnt\n|faint|p2a: Sneasler\n|\n|-weather|SunnyDay|[upkeep]\n|upkeep\n|\n|t:|1776002435\n|switch|p2a: Ampharos|Ampharos-Mega, L50, M, shiny|57/100\n|-ability|p2a: Ampharos|Mold Breaker\n|turn|6\n|\n|t:|1776002446\n|move|p1a: Meowstic|Helping Hand|p1b: Leafeon\n|-singleturn|p1b: Leafeon|Helping Hand|[of] p1a: Meowstic\n|move|p2a: Ampharos|Dragon Pulse|p1b: Leafeon\n|-damage|p1b: Leafeon|0 fnt\n|faint|p1b: Leafeon\n|move|p2b: Farigiraf|Hyper Voice|p1a: Meowstic\n|-damage|p1a: Meowstic|15/100\n|\n|-weather|none\n|upkeep\n|\n|t:|1776002452\n|switch|p1b: Charizard|Charizard-Mega-Y, L50, M|18/100\n|-weather|SunnyDay|[from] ability: Drought|[of] p1b: Charizard\n|turn|7\n|\n|t:|1776002469\n|move|p1b: Charizard|Protect|p1b: Charizard\n|-singleturn|p1b: Charizard|Protect\n|move|p2a: Ampharos|Volt Switch|p1a: Meowstic\n|-damage|p1a: Meowstic|0 fnt\n|faint|p1a: Meowstic\n|move|p2b: Farigiraf|Hyper Voice|p1b: Charizard\n|-activate|p1b: Charizard|move: Protect\n|\n|-weather|SunnyDay|[upkeep]\n|-fieldend|move: Trick Room\n|upkeep\n|turn|8\n|\n|t:|1776002482\n|move|p1b: Charizard|Heat Wave|p2a: Ampharos|[spread] p2a,p2b\n|-resisted|p2a: Ampharos|1\n|-damage|p2a: Ampharos|32/100\n|-damage|p2b: Farigiraf|0 fnt\n|-status|p2a: Ampharos|brn\n|faint|p2b: Farigiraf\n|move|p2a: Ampharos|Volt Switch|p1b: Charizard\n|-supereffective|p1b: Charizard|1\n|-damage|p1b: Charizard|0 fnt\n|faint|p1b: Charizard\n|\n|win|Nytter877\n|raw|hurhe's rating: 1091 &rarr; <strong>1070</strong><br />(-21 for losing)\n|raw|Nytter877's rating: 1125 &rarr; <strong>1148</strong><br />(+23 for winning)\n|l|\u2606hurhe\n|player|p1|\n",
  "uploadtime": 1776002672,
  "views": 18,
  "formatid": "gen9championsvgc2026regma",
  "rating": 1070,
  "private": 0,
  "password": null
}