{
  "id": "gen9championsvgc2026regma-2581412800",
  "format": "[Gen 9 Champions] VGC 2026 Reg M-A",
  "players": [
    "QB1K",
    "blazikenrox"
  ],
  "log": "|j|\u2606QB1K\n|j|\u2606blazikenrox\n|t:|1775997833\n|gametype|doubles\n|player|p1|QB1K|winona|1128\n|player|p2|blazikenrox|lisia|1067\n|gen|9\n|tier|[Gen 9 Champions] VGC 2026 Reg M-A\n|rated|\n|rule|Species Clause: Limit one of each Pok\u00e9mon\n|rule|Item Clause: Limit 1 of each item\n|clearpoke\n|poke|p1|Orthworm, L50, F|\n|poke|p1|Incineroar, L50, M|\n|poke|p1|Froslass, L50, F|\n|poke|p1|Basculegion, L50, M|\n|poke|p1|Rotom-Frost, L50|\n|poke|p1|Garchomp, L50, F|\n|poke|p2|Floette-Eternal, L50, F|\n|poke|p2|Sneasler, L50, M|\n|poke|p2|Incineroar, L50, M|\n|poke|p2|Sinistcha, L50|\n|poke|p2|Dragapult, L50, F|\n|poke|p2|Milotic, L50, M|\n|teampreview|4\n|inactive|Battle timer is ON: inactive players will automatically lose when time's up. (requested by blazikenrox)\n|inactive|QB1K has 60 seconds left.\n|\n|t:|1775997875\n|teamsize|p1|4\n|teamsize|p2|4\n|start\n|switch|p1a: Incineroar|Incineroar, L50, M|100/100\n|switch|p1b: Orthworm|Orthworm, L50, F|100/100\n|switch|p2a: Incineroar|Incineroar, L50, M|100/100\n|switch|p2b: Floette|Floette-Eternal, L50, F|100/100\n|-ability|p1a: Incineroar|Intimidate|boost\n|-unboost|p2a: Incineroar|atk|1\n|-unboost|p2b: Floette|atk|1\n|-ability|p2a: Incineroar|Intimidate|boost\n|-unboost|p1a: Incineroar|atk|1\n|-unboost|p1b: Orthworm|atk|1\n|turn|1\n|\n|t:|1775997897\n|detailschange|p2b: Floette|Floette-Mega, L50, F\n|-mega|p2b: Floette|Floette|Floettite\n|-ability|p2b: Floette|Fairy Aura\n|move|p2b: Floette|Protect|p2b: Floette\n|-singleturn|p2b: Floette|Protect\n|move|p1a: Incineroar|Fake Out|p2a: Incineroar\n|-damage|p2a: Incineroar|95/100\n|cant|p2a: Incineroar|flinch\n|move|p1b: Orthworm|Shed Tail|p1b: Orthworm\n|-start|p1b: Orthworm|Substitute|[from] move: Shed Tail\n|-damage|p1b: Orthworm|50/100\n|-enditem|p1b: Orthworm|Sitrus Berry|[eat]\n|-heal|p1b: Orthworm|75/100|[from] item: Sitrus Berry\n|\n|t:|1775997909\n|switch|p1b: Froslass|Froslass, L50, F|100/100|[from] Shed Tail\n|\n|upkeep\n|turn|2\n|\n|t:|1775997923\n|move|p1b: Froslass|Nasty Plot|p1b: Froslass\n|-boost|p1b: Froslass|spa|2\n|move|p2b: Floette|Calm Mind|p2b: Floette\n|-boost|p2b: Floette|spa|1\n|-boost|p2b: Floette|spd|1\n|move|p1a: Incineroar|Parting Shot|p2b: Floette\n|-unboost|p2b: Floette|atk|1\n|-unboost|p2b: Floette|spa|1\n|\n|t:|1775997932\n|switch|p1a: Orthworm|Orthworm, L50, F|75/100|[from] Parting Shot\n|move|p2a: Incineroar|Parting Shot|p1b: Froslass\n|-unboost|p1b: Froslass|atk|1\n|-unboost|p1b: Froslass|spa|1\n|\n|t:|1775997935\n|switch|p2a: Sinistcha|Sinistcha, L50|100/100|[from] Parting Shot\n|\n|upkeep\n|turn|3\n|\n|t:|1775997951\n|switch|p2a: Incineroar|Incineroar, L50, M|95/100\n|-ability|p2a: Incineroar|Intimidate|boost\n|-unboost|p1a: Orthworm|atk|1\n|-immune|p1b: Froslass\n|move|p1b: Froslass|Nasty Plot|p1b: Froslass\n|-boost|p1b: Froslass|spa|2\n|move|p2b: Floette|Dazzling Gleam|p1a: Orthworm|[spread] p1a,p1b\n|-end|p1b: Froslass|Substitute\n|-resisted|p1a: Orthworm|1\n|-damage|p1a: Orthworm|42/100\n|move|p1a: Orthworm|Heavy Slam|p2b: Floette\n|-supereffective|p2b: Floette|1\n|-damage|p2b: Floette|56/100\n|\n|upkeep\n|turn|4\n|inactive|QB1K has 30 seconds left.\n|inactive|blazikenrox has 30 seconds left.\n|\n|t:|1775997983\n|switch|p1a: Incineroar|Incineroar, L50, M|100/100\n|-ability|p1a: Incineroar|Intimidate|boost\n|-unboost|p2a: Incineroar|atk|1\n|-unboost|p2b: Floette|atk|1\n|move|p1b: Froslass|Protect|p1b: Froslass\n|-singleturn|p1b: Froslass|Protect\n|move|p2b: Floette|Draining Kiss|p1b: Froslass\n|-activate|p1b: Froslass|move: Protect\n|move|p2a: Incineroar|Flare Blitz|p1b: Froslass\n|-activate|p1b: Froslass|move: Protect\n|\n|upkeep\n|turn|5\n|\n|t:|1775997997\n|detailschange|p1b: Froslass|Froslass-Mega, L50, F\n|-mega|p1b: Froslass|Froslass|Froslassite\n|-weather|Snowscape|[from] ability: Snow Warning|[of] p1b: Froslass\n|move|p2b: Floette|Protect|p2b: Floette\n|-singleturn|p2b: Floette|Protect\n|move|p1a: Incineroar|Fake Out|p2b: Floette\n|-activate|p2b: Floette|move: Protect\n|move|p1b: Froslass|Blizzard|p2b: Floette|[spread] p2a\n|-activate|p2b: Floette|move: Protect\n|-resisted|p2a: Incineroar|1\n|-damage|p2a: Incineroar|50/100\n|-enditem|p2a: Incineroar|Sitrus Berry|[eat]\n|-heal|p2a: Incineroar|75/100|[from] item: Sitrus Berry\n|move|p2a: Incineroar|Flare Blitz|p1b: Froslass\n|-supereffective|p1b: Froslass|1\n|-damage|p1b: Froslass|38/100\n|-damage|p2a: Incineroar|60/100|[from] Recoil\n|\n|-weather|Snowscape|[upkeep]\n|upkeep\n|turn|6\n|inactive|QB1K has 30 seconds left.\n|inactive|QB1K has 20 seconds left.\n|inactive|QB1K has 15 seconds left.\n|\n|t:|1775998038\n|switch|p2b: Milotic|Milotic, L50, M|100/100\n|move|p1b: Froslass|Blizzard|p2a: Incineroar|[spread] p2a,p2b\n|-resisted|p2a: Incineroar|1\n|-resisted|p2b: Milotic|1\n|-damage|p2a: Incineroar|10/100\n|-damage|p2b: Milotic|59/100\n|move|p1a: Incineroar|Flare Blitz|p2b: Milotic\n|-resisted|p2b: Milotic|1\n|-damage|p2b: Milotic|38/100\n|-damage|p1a: Incineroar|93/100|[from] Recoil\n|move|p2a: Incineroar|Flare Blitz|p1b: Froslass\n|-supereffective|p1b: Froslass|1\n|-damage|p1b: Froslass|0 fnt\n|faint|p1b: Froslass\n|-damage|p2a: Incineroar|1/100|[from] Recoil\n|\n|-weather|Snowscape|[upkeep]\n|-heal|p2b: Milotic|44/100|[from] item: Leftovers\n|upkeep\n|\n|t:|1775998047\n|switch|p1b: Orthworm|Orthworm, L50, F|42/100\n|turn|7\n|\n|t:|1775998055\n|move|p2b: Milotic|Scald|p1a: Incineroar\n|-supereffective|p1a: Incineroar|1\n|-damage|p1a: Incineroar|29/100\n|move|p1a: Incineroar|Darkest Lariat|p2b: Milotic\n|-damage|p2b: Milotic|16/100\n|move|p1b: Orthworm|Body Press|p2a: Incineroar\n|-supereffective|p2a: Incineroar|1\n|-damage|p2a: Incineroar|0 fnt\n|faint|p2a: Incineroar\n|\n|-weather|Snowscape|[upkeep]\n|-heal|p2b: Milotic|22/100|[from] item: Leftovers\n|upkeep\n|\n|t:|1775998062\n|switch|p2a: Sinistcha|Sinistcha, L50|100/100\n|-heal|p2b: Milotic|47/100|[from] ability: Hospitality|[of] p2a: Sinistcha\n|turn|8\n|\n|t:|1775998072\n|move|p2b: Milotic|Scald|p1a: Incineroar\n|-supereffective|p1a: Incineroar|1\n|-damage|p1a: Incineroar|0 fnt\n|faint|p1a: Incineroar\n|move|p2a: Sinistcha|Life Dew||[still]|[spread] p2a,p2b\n|-fail|p2a: Sinistcha|heal\n|-heal|p2b: Milotic|72/100\n|move|p1b: Orthworm|Body Press|p2b: Milotic\n|-damage|p2b: Milotic|49/100\n|\n|-weather|Snowscape|[upkeep]\n|-heal|p2b: Milotic|55/100|[from] item: Leftovers\n|upkeep\n|\n|t:|1775998081\n|switch|p1a: Basculegion|Basculegion, L50, M|100/100\n|turn|9\n|\n|t:|1775998096\n|move|p2a: Sinistcha|Rage Powder|p2a: Sinistcha\n|-singleturn|p2a: Sinistcha|move: Rage Powder\n|move|p1a: Basculegion|Last Respects|p2a: Sinistcha\n|-supereffective|p2a: Sinistcha|1\n|-damage|p2a: Sinistcha|0 fnt\n|faint|p2a: Sinistcha\n|move|p2b: Milotic|Scald|p1a: Basculegion\n|-resisted|p1a: Basculegion|1\n|-damage|p1a: Basculegion|82/100\n|move|p1b: Orthworm|Heavy Slam|p2b: Milotic\n|-resisted|p2b: Milotic|1\n|-damage|p2b: Milotic|50/100\n|\n|-weather|none\n|-heal|p2b: Milotic|56/100|[from] item: Leftovers\n|upkeep\n|\n|t:|1775998106\n|switch|p2a: Floette|Floette-Mega, L50, F|56/100\n|-ability|p2a: Floette|Fairy Aura\n|turn|10\n|\n|t:|1775998111\n|move|p2b: Milotic|Protect|p2b: Milotic\n|-singleturn|p2b: Milotic|Protect\n|move|p1a: Basculegion|Last Respects|p2b: Milotic\n|-activate|p2b: Milotic|move: Protect\n|move|p2a: Floette|Draining Kiss|p1a: Basculegion\n|-damage|p1a: Basculegion|32/100\n|-heal|p2a: Floette|100/100|[from] drain|[of] p1a: Basculegion\n|move|p1b: Orthworm|Heavy Slam|p2a: Floette\n|-supereffective|p2a: Floette|1\n|-damage|p2a: Floette|39/100\n|\n|-heal|p2b: Milotic|62/100|[from] item: Leftovers\n|upkeep\n|turn|11\n|\n|t:|1775998125\n|move|p1a: Basculegion|Last Respects|p2b: Milotic\n|-damage|p2b: Milotic|0 fnt\n|faint|p2b: Milotic\n|move|p2a: Floette|Draining Kiss|p1a: Basculegion\n|-damage|p1a: Basculegion|0 fnt\n|-heal|p2a: Floette|70/100|[from] drain|[of] p1a: Basculegion\n|faint|p1a: Basculegion\n|move|p1b: Orthworm|Heavy Slam|p2a: Floette\n|-supereffective|p2a: Floette|1\n|-damage|p2a: Floette|2/100\n|\n|upkeep\n|turn|12\n|\n|t:|1775998134\n|move|p2a: Floette|Draining Kiss|p1b: Orthworm\n|-resisted|p1b: Orthworm|1\n|-damage|p1b: Orthworm|17/100\n|-heal|p2a: Floette|24/100|[from] drain|[of] p1b: Orthworm\n|move|p1b: Orthworm|Heavy Slam|p2a: Floette\n|-supereffective|p2a: Floette|1\n|-damage|p2a: Floette|0 fnt\n|faint|p2a: Floette\n|\n|win|QB1K\n|raw|QB1K's rating: 1128 &rarr; <strong>1151</strong><br />(+23 for winning)\n|raw|blazikenrox's rating: 1101 &rarr; <strong>1078</strong><br />(-23 for losing)\n|l|\u2606blazikenrox\n|player|p2|\n",
  "uploadtime": 1775998150,
  "views": 24,
  "formatid": "gen9championsvgc2026regma",
  "rating": 1078,
  "private": 0,
  "password": null
}