{
  "id": "gen9championsvgc2026regma-2582161670",
  "format": "[Gen 9 Champions] VGC 2026 Reg M-A",
  "players": [
    "mannchicken",
    "Hongtao7"
  ],
  "log": "|j|\u2606mannchicken\n|j|\u2606Hongtao7\n|t:|1776065879\n|gametype|doubles\n|player|p1|mannchicken|clown|1152\n|player|p2|Hongtao7|gambler|1138\n|gen|9\n|tier|[Gen 9 Champions] VGC 2026 Reg M-A\n|rated|\n|rule|Species Clause: Limit one of each Pok\u00e9mon\n|rule|Item Clause: Limit 1 of each item\n|clearpoke\n|poke|p1|Golurk, L50|\n|poke|p1|Conkeldurr, L50, F|\n|poke|p1|Cofagrigus, L50, M|\n|poke|p1|Armarouge, L50, F|\n|poke|p1|Kingambit, L50, M|\n|poke|p1|Farigiraf, L50, M|\n|poke|p2|Incineroar, L50, M|\n|poke|p2|Garchomp, L50, F|\n|poke|p2|Floette-Eternal, L50, F|\n|poke|p2|Aerodactyl, L50, F|\n|poke|p2|Delphox, L50, F|\n|poke|p2|Maushold-Four, L50|\n|teampreview|4\n|inactive|Battle timer is ON: inactive players will automatically lose when time's up. (requested by Hongtao7)\n|inactive|mannchicken has 60 seconds left.\n|inactive|Hongtao7 has 60 seconds left.\n|\n|t:|1776065925\n|teamsize|p1|4\n|teamsize|p2|4\n|start\n|switch|p1a: Kingambit|Kingambit, L50, M|100/100\n|switch|p1b: Armarouge|Armarouge, L50, F|100/100\n|switch|p2a: Maushold|Maushold-Four, L50|100/100\n|switch|p2b: Floette|Floette-Eternal, L50, F|100/100\n|turn|1\n|\n|t:|1776065946\n|move|p2b: Floette|Protect|p2b: Floette\n|-singleturn|p2b: Floette|Protect\n|move|p2a: Maushold|Super Fang|p1a: Kingambit\n|-damage|p1a: Kingambit|51/100\n|move|p1b: Armarouge|Heat Wave|p2b: Floette|[spread] p2a\n|-activate|p2b: Floette|move: Protect\n|-damage|p2a: Maushold|64/100\n|move|p1a: Kingambit|Kowtow Cleave|p2a: Maushold\n|-damage|p2a: Maushold|24/100\n|\n|upkeep\n|turn|2\n|inactive|mannchicken has 30 seconds left.\n|\n|t:|1776065975\n|detailschange|p2b: Floette|Floette-Mega, L50, F\n|-mega|p2b: Floette|Floette|Floettite\n|-ability|p2b: Floette|Fairy Aura\n|move|p1a: Kingambit|Protect|p1a: Kingambit\n|-singleturn|p1a: Kingambit|Protect\n|move|p2a: Maushold|Follow Me|p2a: Maushold\n|-singleturn|p2a: Maushold|move: Follow Me\n|move|p2b: Floette|Moonblast|p1a: Kingambit\n|-activate|p1a: Kingambit|move: Protect\n|move|p1b: Armarouge|Trick Room|p1b: Armarouge\n|-fieldstart|move: Trick Room|[of] p1b: Armarouge\n|\n|upkeep\n|turn|3\n|inactive|Hongtao7 has 30 seconds left.\n|\n|t:|1776066002\n|move|p1b: Armarouge|Ally Switch|p1b: Armarouge\n|swap|p1b: Armarouge|0|[from] move: Ally Switch\n|move|p2a: Maushold|Follow Me|p2a: Maushold\n|-singleturn|p2a: Maushold|move: Follow Me\n|move|p1b: Kingambit|Iron Head|p2a: Maushold\n|-damage|p2a: Maushold|0 fnt\n|faint|p2a: Maushold\n|move|p2b: Floette|Moonblast|p1a: Armarouge\n|-resisted|p1a: Armarouge|1\n|-damage|p1a: Armarouge|70/100\n|\n|upkeep\n|\n|t:|1776066014\n|switch|p2a: Garchomp|Garchomp, L50, F|100/100\n|turn|4\n|\n|t:|1776066029\n|move|p2b: Floette|Protect|p2b: Floette\n|-singleturn|p2b: Floette|Protect\n|move|p1a: Armarouge|Wide Guard|p1a: Armarouge\n|-singleturn|p1a: Armarouge|Wide Guard\n|move|p1b: Kingambit|Iron Head|p2b: Floette\n|-activate|p2b: Floette|move: Protect\n|move|p2a: Garchomp|Earthquake|p1a: Armarouge|[spread] \n|-activate|p1a: Armarouge|move: Wide Guard\n|-activate|p1b: Kingambit|move: Wide Guard\n|-activate|p2b: Floette|move: Protect\n|\n|upkeep\n|turn|5\n|inactive|mannchicken has 30 seconds left.\n|\n|t:|1776066054\n|switch|p2b: Incineroar|Incineroar, L50, M|100/100\n|-ability|p2b: Incineroar|Intimidate|boost\n|-unboost|p1a: Armarouge|atk|1\n|-unboost|p1b: Kingambit|atk|1\n|-ability|p1b: Kingambit|Defiant|boost\n|-boost|p1b: Kingambit|atk|2\n|move|p2a: Garchomp|Protect|p2a: Garchomp\n|-singleturn|p2a: Garchomp|Protect\n|move|p1a: Armarouge|Wide Guard|p1a: Armarouge\n|-singleturn|p1a: Armarouge|Wide Guard\n|move|p1b: Kingambit|Iron Head|p2b: Incineroar\n|-resisted|p2b: Incineroar|1\n|-damage|p2b: Incineroar|78/100\n|\n|upkeep\n|turn|6\n|inactive|mannchicken has 30 seconds left.\n|inactive|Hongtao7 has 30 seconds left.\n|inactive|Hongtao7 has 20 seconds left.\n|\n|t:|1776066094\n|switch|p1b: Farigiraf|Farigiraf, L50, M|100/100\n|switch|p2a: Floette|Floette-Mega, L50, F|100/100\n|-ability|p2a: Floette|Fairy Aura\n|move|p2b: Incineroar|Fake Out||[still]\n|cant|p1b: Farigiraf|ability: Armor Tail|Fake Out|[of] p2b: Incineroar\n|move|p1a: Armarouge|Wide Guard||[still]\n|-fail|p1a: Armarouge\n|\n|-fieldend|move: Trick Room\n|upkeep\n|turn|7\n|inactive|mannchicken has 30 seconds left.\n|inactive|mannchicken has 20 seconds left.\n|inactive|mannchicken has 15 seconds left.\n|inactive|mannchicken has 10 seconds left.\n|\n|t:|1776066140\n|move|p1a: Armarouge|Ally Switch|p1a: Armarouge\n|swap|p1a: Armarouge|1|[from] move: Ally Switch\n|move|p2a: Floette|Light of Ruin|p1b: Armarouge\n|-resisted|p1b: Armarouge|1\n|-damage|p1b: Armarouge|29/100\n|-damage|p2a: Floette|74/100|[from] Recoil\n|move|p2b: Incineroar|Throat Chop|p1a: Farigiraf\n|-supereffective|p1a: Farigiraf|1\n|-damage|p1a: Farigiraf|36/100\n|-start|p1a: Farigiraf|Throat Chop|[silent]\n|move|p1a: Farigiraf|Trick Room|p1a: Farigiraf\n|-fieldstart|move: Trick Room|[of] p1a: Farigiraf\n|\n|-heal|p1a: Farigiraf|42/100|[from] item: Leftovers\n|upkeep\n|turn|8\n|inactive|Hongtao7 has 30 seconds left.\n|\n|t:|1776066169\n|move|p2a: Floette|Protect|p2a: Floette\n|-singleturn|p2a: Floette|Protect\n|move|p1a: Farigiraf|Psychic|p2a: Floette\n|-activate|p2a: Floette|move: Protect\n|move|p2b: Incineroar|Parting Shot|p1b: Armarouge\n|-unboost|p1b: Armarouge|atk|1\n|-unboost|p1b: Armarouge|spa|1\n|\n|t:|1776066179\n|switch|p2b: Garchomp|Garchomp, L50, F|100/100|[from] Parting Shot\n|move|p1b: Armarouge|Heat Wave|p2b: Garchomp|[spread] p2b\n|-activate|p2a: Floette|move: Protect\n|-resisted|p2b: Garchomp|1\n|-damage|p2b: Garchomp|90/100\n|\n|-heal|p1a: Farigiraf|49/100|[from] item: Leftovers\n|-end|p1a: Farigiraf|Throat Chop|[silent]\n|upkeep\n|turn|9\n|\n|t:|1776066197\n|switch|p1a: Golurk|Golurk, L50|100/100\n|switch|p2a: Incineroar|Incineroar, L50, M|78/100\n|-ability|p2a: Incineroar|Intimidate|boost\n|-unboost|p1a: Golurk|atk|1\n|-unboost|p1b: Armarouge|atk|1\n|move|p2b: Garchomp|Protect|p2b: Garchomp\n|-singleturn|p2b: Garchomp|Protect\n|move|p1b: Armarouge|Wide Guard||[still]\n|-fail|p1b: Armarouge\n|\n|upkeep\n|turn|10\n|inactive|mannchicken has 30 seconds left.\n|inactive|Hongtao7 has 30 seconds left.\n|inactive|mannchicken has 20 seconds left.\n|inactive|Hongtao7 has 20 seconds left.\n|inactive|mannchicken has 15 seconds left.\n|inactive|Hongtao7 has 15 seconds left.\n|inactive|Hongtao7 has 10 seconds left.\n|inactive|Hongtao7 has 5 seconds left.\n|\n|t:|1776066249\n|move|p2a: Incineroar|Fake Out|p1b: Armarouge\n|-damage|p1b: Armarouge|19/100\n|move|p1a: Golurk|Poltergeist|p2b: Garchomp\n|-activate|p2b: Garchomp|move: Poltergeist|White Herb\n|-damage|p2b: Garchomp|47/100\n|cant|p1b: Armarouge|flinch\n|move|p2b: Garchomp|Dragon Claw|p1a: Golurk\n|-damage|p1a: Golurk|56/100\n|\n|upkeep\n|turn|11\n|inactive|mannchicken has 30 seconds left.\n|inactive|Hongtao7 has 30 seconds left.\n|\n|t:|1776066281\n|detailschange|p1a: Golurk|Golurk-Mega, L50\n|-mega|p1a: Golurk|Golurk|Golurkite\n|move|p2b: Garchomp|Protect|p2b: Garchomp\n|-singleturn|p2b: Garchomp|Protect\n|move|p1b: Armarouge|Ally Switch|p1b: Armarouge\n|swap|p1b: Armarouge|0|[from] move: Ally Switch\n|move|p1b: Golurk|Drain Punch|p2a: Incineroar\n|-supereffective|p2a: Incineroar|1\n|-crit|p2a: Incineroar\n|-damage|p2a: Incineroar|5/100\n|-heal|p1b: Golurk|94/100|[from] drain|[of] p2a: Incineroar\n|-enditem|p2a: Incineroar|Sitrus Berry|[eat]\n|-heal|p2a: Incineroar|30/100|[from] item: Sitrus Berry\n|move|p2a: Incineroar|Throat Chop|p1b: Golurk\n|-supereffective|p1b: Golurk|1\n|-damage|p1b: Golurk|35/100\n|-start|p1b: Golurk|Throat Chop|[silent]\n|\n|-fieldend|move: Trick Room\n|upkeep\n|turn|12\n|inactive|mannchicken has 30 seconds left.\n|inactive|mannchicken has 20 seconds left.\n|\n|t:|1776066320\n|move|p2b: Garchomp|Dragon Claw|p1a: Armarouge\n|-damage|p1a: Armarouge|0 fnt\n|faint|p1a: Armarouge\n|move|p2a: Incineroar|Throat Chop|p1b: Golurk\n|-supereffective|p1b: Golurk|1\n|-damage|p1b: Golurk|0 fnt\n|faint|p1b: Golurk\n|\n|upkeep\n|\n|t:|1776066327\n|switch|p1a: Farigiraf|Farigiraf, L50, M|49/100\n|switch|p1b: Kingambit|Kingambit, L50, M|51/100\n|turn|13\n|\n|t:|1776066348\n|move|p1a: Farigiraf|Ally Switch|p1a: Farigiraf\n|swap|p1a: Farigiraf|1|[from] move: Ally Switch\n|move|p2b: Garchomp|Dragon Claw|p1b: Farigiraf\n|-damage|p1b: Farigiraf|9/100\n|move|p2a: Incineroar|Flare Blitz|p1b: Farigiraf\n|-damage|p1b: Farigiraf|0 fnt\n|faint|p1b: Farigiraf\n|-damage|p2a: Incineroar|27/100|[from] Recoil\n|move|p1a: Kingambit|Kowtow Cleave|p2b: Garchomp\n|-crit|p2b: Garchomp\n|-damage|p2b: Garchomp|0 fnt\n|-damage|p1a: Kingambit|39/100|[from] ability: Rough Skin|[of] p2b: Garchomp\n|faint|p2b: Garchomp\n|\n|upkeep\n|\n|t:|1776066353\n|switch|p2b: Floette|Floette-Mega, L50, F|74/100\n|-ability|p2b: Floette|Fairy Aura\n|turn|14\n|c|\u2606mannchicken|mega slave fuck die\n|-message|mannchicken forfeited.\n|\n|win|Hongtao7\n",
  "uploadtime": 1776066367,
  "views": 11,
  "formatid": "gen9championsvgc2026regma",
  "rating": null,
  "private": 0,
  "password": null
}