{
  "id": "gen9championsvgc2026regma-2581664206",
  "format": "[Gen 9 Champions] VGC 2026 Reg M-A",
  "players": [
    "darckph",
    "injuryreserv3"
  ],
  "log": "|j|\u2606darckph\n|j|\u2606injuryreserv3\n|t:|1776019006\n|gametype|doubles\n|player|p1|darckph|169|1175\n|player|p2|injuryreserv3|sabrina|1198\n|gen|9\n|tier|[Gen 9 Champions] VGC 2026 Reg M-A\n|rated|\n|rule|Species Clause: Limit one of each Pok\u00e9mon\n|rule|Item Clause: Limit 1 of each item\n|clearpoke\n|poke|p1|Charizard, L50, M|\n|poke|p1|Venusaur, L50, F|\n|poke|p1|Tyranitar, L50, F|\n|poke|p1|Garchomp, L50, M|\n|poke|p1|Incineroar, L50, M|\n|poke|p1|Excadrill, L50, M|\n|poke|p2|Whimsicott, L50, F|\n|poke|p2|Charizard, L50, F|\n|poke|p2|Sneasler, L50, M|\n|poke|p2|Basculegion, L50, M|\n|poke|p2|Floette-Eternal, L50, F|\n|poke|p2|Incineroar, L50, M|\n|teampreview|4\n|\n|t:|1776019025\n|teamsize|p1|4\n|teamsize|p2|4\n|start\n|switch|p1a: Incineroar|Incineroar, L50, M, shiny|100/100\n|switch|p1b: Excadrill|Excadrill, L50, M|100/100\n|switch|p2a: Sneasler|Sneasler, L50, M|100/100\n|switch|p2b: Incineroar|Incineroar, L50, M|100/100\n|-ability|p2b: Incineroar|Intimidate|boost\n|-unboost|p1a: Incineroar|atk|1\n|-unboost|p1b: Excadrill|atk|1\n|-ability|p1a: Incineroar|Intimidate|boost\n|-unboost|p2a: Sneasler|atk|1\n|-unboost|p2b: Incineroar|atk|1\n|-enditem|p2a: Sneasler|White Herb\n|-clearnegativeboost|p2a: Sneasler|[silent]\n|turn|1\n|\n|t:|1776019048\n|move|p1b: Excadrill|Protect|p1b: Excadrill\n|-singleturn|p1b: Excadrill|Protect\n|move|p2a: Sneasler|Fake Out|p1b: Excadrill\n|-activate|p1b: Excadrill|move: Protect\n|move|p2b: Incineroar|Fake Out|p1a: Incineroar\n|-damage|p1a: Incineroar|95/100\n|cant|p1a: Incineroar|flinch\n|\n|upkeep\n|turn|2\n|\n|t:|1776019064\n|switch|p1b: Garchomp|Garchomp, L50, M|100/100\n|move|p2a: Sneasler|Close Combat|p1a: Incineroar\n|-supereffective|p1a: Incineroar|1\n|-damage|p1a: Incineroar|0 fnt\n|-unboost|p2a: Sneasler|def|1\n|-unboost|p2a: Sneasler|spd|1\n|faint|p1a: Incineroar\n|move|p2b: Incineroar|Flare Blitz|p1b: Garchomp\n|-resisted|p1b: Garchomp|1\n|-damage|p1b: Garchomp|85/100\n|-damage|p2b: Incineroar|88/100|[from] ability: Rough Skin|[of] p1b: Garchomp\n|-damage|p2b: Incineroar|83/100|[from] Recoil\n|\n|-heal|p2b: Incineroar|89/100|[from] item: Leftovers\n|upkeep\n|\n|t:|1776019069\n|switch|p1a: Tyranitar|Tyranitar, L50, F|100/100\n|-weather|Sandstorm|[from] ability: Sand Stream|[of] p1a: Tyranitar\n|turn|3\n|inactive|Battle timer is ON: inactive players will automatically lose when time's up. (requested by darckph)\n|\n|t:|1776019103\n|move|p1a: Tyranitar|Protect|p1a: Tyranitar\n|-singleturn|p1a: Tyranitar|Protect\n|move|p2a: Sneasler|U-turn|p1b: Garchomp\n|-damage|p1b: Garchomp|56/100\n|-damage|p2a: Sneasler|88/100|[from] ability: Rough Skin|[of] p1b: Garchomp\n|\n|t:|1776019112\n|switch|p2a: Basculegion|Basculegion, L50, M|100/100|[from] U-turn\n|move|p1b: Garchomp|Earthquake|p2a: Basculegion|[spread] p2a,p2b\n|-activate|p1a: Tyranitar|move: Protect\n|-supereffective|p2b: Incineroar|1\n|-damage|p2a: Basculegion|48/100\n|-damage|p2b: Incineroar|26/100\n|move|p2b: Incineroar|Parting Shot|p1b: Garchomp\n|-unboost|p1b: Garchomp|atk|1\n|-unboost|p1b: Garchomp|spa|1\n|\n|t:|1776019124\n|switch|p2b: Floette|Floette-Eternal, L50, F|100/100|[from] Parting Shot\n|\n|-weather|Sandstorm|[upkeep]\n|-damage|p2a: Basculegion|42/100|[from] Sandstorm\n|-damage|p2b: Floette|94/100|[from] Sandstorm\n|upkeep\n|turn|4\n|\n|t:|1776019140\n|switch|p1b: Excadrill|Excadrill, L50, M|100/100\n|detailschange|p2b: Floette|Floette-Mega, L50, F\n|-mega|p2b: Floette|Floette|Floettite\n|-ability|p2b: Floette|Fairy Aura\n|move|p2a: Basculegion|Wave Crash|p1a: Tyranitar\n|-supereffective|p1a: Tyranitar|1\n|-damage|p1a: Tyranitar|0 fnt\n|faint|p1a: Tyranitar\n|-damage|p2a: Basculegion|12/100|[from] Recoil\n|move|p2b: Floette|Dazzling Gleam|p1b: Excadrill\n|-resisted|p1b: Excadrill|1\n|-damage|p1b: Excadrill|57/100\n|\n|-weather|Sandstorm|[upkeep]\n|-damage|p2a: Basculegion|6/100|[from] Sandstorm\n|-damage|p2b: Floette|88/100|[from] Sandstorm\n|upkeep\n|\n|t:|1776019154\n|switch|p1a: Garchomp|Garchomp, L50, M|56/100\n|turn|5\n|inactive|injuryreserv3 has 30 seconds left.\n|\n|t:|1776019187\n|switch|p2a: Incineroar|Incineroar, L50, M|26/100\n|-ability|p2a: Incineroar|Intimidate|boost\n|-unboost|p1a: Garchomp|atk|1\n|-unboost|p1b: Excadrill|atk|1\n|move|p1b: Excadrill|Iron Head|p2b: Floette\n|-supereffective|p2b: Floette|1\n|-damage|p2b: Floette|11/100\n|move|p1a: Garchomp|Stomping Tantrum|p2a: Incineroar\n|-supereffective|p2a: Incineroar|1\n|-damage|p2a: Incineroar|0 fnt\n|faint|p2a: Incineroar\n|move|p2b: Floette|Dazzling Gleam|p1a: Garchomp|[spread] p1a,p1b\n|-supereffective|p1a: Garchomp|1\n|-resisted|p1b: Excadrill|1\n|-damage|p1a: Garchomp|0 fnt\n|-damage|p1b: Excadrill|24/100\n|faint|p1a: Garchomp\n|\n|-weather|Sandstorm|[upkeep]\n|-damage|p2b: Floette|5/100|[from] Sandstorm\n|upkeep\n|inactive|injuryreserv3 has 30 seconds left.\n|\n|t:|1776019215\n|switch|p2a: Sneasler|Sneasler, L50, M|88/100\n|turn|6\n|c|\u2606darckph|gg\n|c|\u2606injuryreserv3|gg\n|\n|t:|1776019226\n|move|p2a: Sneasler|Fake Out|p1b: Excadrill\n|-resisted|p1b: Excadrill|1\n|-damage|p1b: Excadrill|15/100\n|cant|p1b: Excadrill|flinch\n|move|p2b: Floette|Synthesis|p2b: Floette\n|-heal|p2b: Floette|29/100\n|\n|-weather|Sandstorm|[upkeep]\n|-damage|p2a: Sneasler|83/100|[from] Sandstorm\n|-damage|p2b: Floette|23/100|[from] Sandstorm\n|upkeep\n|turn|7\n|\n|t:|1776019238\n|move|p1b: Excadrill|High Horsepower|p2a: Sneasler\n|-supereffective|p2a: Sneasler|1\n|-damage|p2a: Sneasler|0 fnt\n|faint|p2a: Sneasler\n|move|p2b: Floette|Dazzling Gleam|p1b: Excadrill\n|-resisted|p1b: Excadrill|1\n|-damage|p1b: Excadrill|0 fnt\n|faint|p1b: Excadrill\n|\n|win|injuryreserv3\n|raw|darckph's rating: 1175 &rarr; <strong>1152</strong><br />(-23 for losing)\n|raw|injuryreserv3's rating: 1198 &rarr; <strong>1221</strong><br />(+23 for winning)\n|l|\u2606darckph\n|player|p1|\n",
  "uploadtime": 1776019246,
  "views": 26,
  "formatid": "gen9championsvgc2026regma",
  "rating": 1152,
  "private": 0,
  "password": null
}