{
  "id": "gen9championsvgc2026regma-2587348667",
  "format": "[Gen 9 Champions] VGC 2026 Reg M-A",
  "players": [
    "flaemm",
    "Crispytoesss"
  ],
  "log": "|j|\u2606flaemm\n|j|\u2606Crispytoesss\n|t:|1776524240\n|gametype|doubles\n|player|p1|flaemm|alder|\n|player|p2|Crispytoesss|silver|\n|gen|9\n|tier|[Gen 9 Champions] VGC 2026 Reg M-A\n|rule|Species Clause: Limit one of each Pok\u00e9mon\n|rule|Item Clause: Limit 1 of each item\n|clearpoke\n|poke|p1|Farigiraf, L50, M|\n|poke|p1|Torkoal, L50, F|\n|poke|p1|Victreebel, L50, M|\n|poke|p1|Sneasler, L50, M|\n|poke|p1|Incineroar, L50, M|\n|poke|p1|Crabominable, L50, M|\n|poke|p2|Pidgeot, L50, M, shiny|\n|poke|p2|Farigiraf, L50, M|\n|poke|p2|Incineroar, L50, M|\n|poke|p2|Basculegion, L50, M|\n|poke|p2|Dragapult, L50, M, shiny|\n|poke|p2|Sneasler, L50, M, shiny|\n|teampreview|4\nCrispytoesss has agreed to open team sheets.\nflaemm has agreed to open team sheets.\n|showteam|p1|Farigiraf||MentalHerb|ArmorTail|HyperVoice,CalmMind,BatonPass,TrickRoom|||M|||50|]Torkoal||Charcoal|Drought|Eruption,WeatherBall,EarthPower,Protect|||F|||50|]Victreebel||FocusSash|Chlorophyll|EnergyBall,Encore,SleepPowder,Protect|||M|||50|]Sneasler||WhiteHerb|Unburden|FakeOut,CloseCombat,DireClaw,Coaching|||M|||50|]Incineroar||SitrusBerry|Intimidate|FakeOut,FlareBlitz,ThroatChop,PartingShot|||M|||50|]Crabominable||Crabominite|IronFist|IceHammer,DrainPunch,ThunderPunch,Protect|||M|||50|\n|showteam|p2|Pidgeot||Pidgeotite|BigPecks|Hurricane,HeatWave,Protect,Tailwind|||M|||50|]Farigiraf||MentalHerb|ArmorTail|Imprison,TrickRoom,CalmMind,TwinBeam|||M|||50|]Incineroar||ChopleBerry|Intimidate|FakeOut,PartingShot,ThroatChop,WillOWisp|||M|||50|]Basculegion||ChoiceScarf|Adaptability|LastRespects,AquaJet,WaveCrash,FlipTurn|||M|||50|]Dragapult||DragonFang|ClearBody|DragonDance,DragonDarts,PhantomForce,Protect|||M|||50|]Sneasler||FocusSash|Unburden|DireClaw,Protect,CloseCombat,FakeOut|||M|||50|\n|\n|t:|1776524296\n|teamsize|p1|4\n|teamsize|p2|4\n|start\n|switch|p1a: Victreebel|Victreebel, L50, M|100/100\n|switch|p1b: Incineroar|Incineroar, L50, M|100/100\n|switch|p2a: piss jet|Dragapult, L50, M, shiny|100/100\n|switch|p2b: piss thing|Sneasler, L50, M, shiny|100/100\n|-ability|p1b: Incineroar|Intimidate|boost\n|-fail|p2a: piss jet|unboost|[from] ability: Clear Body|[of] p2a: piss jet\n|-unboost|p2b: piss thing|atk|1\n|turn|1\n|\n|t:|1776524318\n|move|p2b: piss thing|Fake Out|p1a: Victreebel\n|-damage|p1a: Victreebel|85/100\n|move|p2a: piss jet|Dragon Dance|p2a: piss jet\n|-boost|p2a: piss jet|atk|1\n|-boost|p2a: piss jet|spe|1\n|cant|p1a: Victreebel|flinch\n|move|p1b: Incineroar|Parting Shot|p2b: piss thing\n|-unboost|p2b: piss thing|atk|1\n|-unboost|p2b: piss thing|spa|1\n|\n|t:|1776524321\n|switch|p1b: Torkoal|Torkoal, L50, F|100/100|[from] Parting Shot\n|-weather|SunnyDay|[from] ability: Drought|[of] p1b: Torkoal\n|\n|-weather|SunnyDay|[upkeep]\n|upkeep\n|turn|2\n|\n|t:|1776524362\n|move|p2a: piss jet|Phantom Force||[still]\n|-prepare|p2a: piss jet|Phantom Force\n|move|p1a: Victreebel|Sleep Powder|p2b: piss thing\n|-status|p2b: piss thing|slp|[from] move: Sleep Powder\n|cant|p2b: piss thing|slp\n|move|p1b: Torkoal|Eruption|p2a: piss jet|[spread] p2b\n|-miss|p1b: Torkoal|p2a: piss jet\n|-enditem|p2b: piss thing|Focus Sash\n|-damage|p2b: piss thing|1/100 slp\n|\n|-weather|SunnyDay|[upkeep]\n|upkeep\n|turn|3\n|\n|t:|1776524373\n|switch|p1a: Incineroar|Incineroar, L50, M|100/100\n|-ability|p1a: Incineroar|Intimidate|boost\n|-fail|p2a: piss jet|unboost|[from] ability: Clear Body|[of] p2a: piss jet\n|-unboost|p2b: piss thing|atk|1\n|cant|p2b: piss thing|slp\n|move|p2a: piss jet|Phantom Force|p1a: Incineroar|[from] lockedmove\n|-resisted|p1a: Incineroar|1\n|-damage|p1a: Incineroar|68/100\n|move|p1b: Torkoal|Eruption|p2a: piss jet|[spread] p2a,p2b\n|-resisted|p2a: piss jet|1\n|-damage|p2a: piss jet|43/100\n|-damage|p2b: piss thing|0 fnt\n|faint|p2b: piss thing\n|\n|-weather|SunnyDay|[upkeep]\n|upkeep\n|\n|t:|1776524388\n|switch|p2b: Basculegion|Basculegion, L50, M|100/100\n|turn|4\n|\n|t:|1776524452\n|move|p2a: piss jet|Dragon Darts|p1a: Incineroar\n|-damage|p1a: Incineroar|27/100\n|-enditem|p1a: Incineroar|Sitrus Berry|[eat]\n|-heal|p1a: Incineroar|52/100|[from] item: Sitrus Berry\n|-anim|p2a: piss jet|Dragon Darts|p1b: Torkoal\n|-damage|p1b: Torkoal|60/100\n|move|p2b: Basculegion|Flip Turn|p1b: Torkoal\n|-supereffective|p1b: Torkoal|1\n|-damage|p1b: Torkoal|30/100\n|\n|t:|1776524461\n|switch|p2b: piss birb|Pidgeot, L50, M, shiny|100/100|[from] Flip Turn\n|move|p1a: Incineroar|Throat Chop|p2b: piss birb\n|-damage|p2b: piss birb|47/100\n|-start|p2b: piss birb|Throat Chop|[silent]\n|move|p1b: Torkoal|Weather Ball|p2b: piss birb\n|-damage|p2b: piss birb|0 fnt\n|faint|p2b: piss birb\n|\n|-weather|SunnyDay|[upkeep]\n|upkeep\n|\n|t:|1776524468\n|switch|p2b: Basculegion|Basculegion, L50, M|100/100\n|turn|5\n|\n|t:|1776524504\n|move|p1b: Torkoal|Protect|p1b: Torkoal\n|-singleturn|p1b: Torkoal|Protect\n|move|p2a: piss jet|Dragon Darts|p1a: Incineroar\n|-damage|p1a: Incineroar|7/100\n|-anim|p2a: piss jet|Dragon Darts|p1a: Incineroar\n|-damage|p1a: Incineroar|0 fnt\n|faint|p1a: Incineroar\n|move|p2b: Basculegion|Wave Crash|p1b: Torkoal\n|-activate|p1b: Torkoal|move: Protect\n|\n|-weather|none\n|upkeep\n|\n|t:|1776524511\n|switch|p1a: Victreebel|Victreebel, L50, M|85/100\n|turn|6\n|\n|t:|1776524550\n|switch|p1b: Sneasler|Sneasler, L50, M|100/100\n|move|p2a: piss jet|Dragon Darts|p1a: Victreebel\n|-damage|p1a: Victreebel|13/100\n|-anim|p2a: piss jet|Dragon Darts|p1b: Sneasler\n|-damage|p1b: Sneasler|20/100\n|move|p2b: Basculegion|Wave Crash|p1b: Sneasler\n|-damage|p1b: Sneasler|0 fnt\n|faint|p1b: Sneasler\n|-damage|p2b: Basculegion|95/100|[from] Recoil\n|move|p1a: Victreebel|Sleep Powder|p2b: Basculegion\n|-status|p2b: Basculegion|slp|[from] move: Sleep Powder\n|\n|upkeep\n|\n|t:|1776524555\n|switch|p1b: Torkoal|Torkoal, L50, F|30/100\n|-weather|SunnyDay|[from] ability: Drought|[of] p1b: Torkoal\n|turn|7\n|\n|t:|1776524572\n|move|p2a: piss jet|Dragon Darts|p1a: Victreebel\n|-damage|p1a: Victreebel|0 fnt\n|-anim|p2a: piss jet|Dragon Darts|p1b: Torkoal\n|-damage|p1b: Torkoal|0 fnt\n|faint|p1a: Victreebel\n|faint|p1b: Torkoal\n|\n|win|Crispytoesss\n",
  "uploadtime": 1776524581,
  "views": 22,
  "formatid": "gen9championsvgc2026regma",
  "rating": null,
  "private": 0,
  "password": null
}