{
  "id": "gen9championsvgc2026regma-2580431664",
  "format": "[Gen 9 Champions] VGC 2026 Reg M-A",
  "players": [
    "kynshi",
    "imnoob2"
  ],
  "log": "|j|\u2606kynshi\n|j|\u2606imnoob2\n|t:|1775895556\n|gametype|doubles\n|player|p1|kynshi|265|1040\n|player|p2|imnoob2|1|1076\n|gen|9\n|tier|[Gen 9 Champions] VGC 2026 Reg M-A\n|rated|\n|rule|Species Clause: Limit one of each Pok\u00e9mon\n|rule|Item Clause: Limit 1 of each item\n|clearpoke\n|poke|p1|Gardevoir, L50, F|\n|poke|p1|Whimsicott, L50, M|\n|poke|p1|Incineroar, L50, F|\n|poke|p1|Garchomp, L50, M|\n|poke|p1|Sneasler, L50, F|\n|poke|p1|Pelipper, L50, M|\n|poke|p2|Froslass, L50, F|\n|poke|p2|Glaceon, L50, M|\n|poke|p2|Rotom-Wash, L50|\n|poke|p2|Garchomp, L50, F|\n|poke|p2|Arcanine-Hisui, L50, M|\n|poke|p2|Kingambit, L50, M|\n|teampreview|4\n|inactive|Battle timer is ON: inactive players will automatically lose when time's up. (requested by kynshi)\n|inactive|imnoob2 has 60 seconds left.\n|\n|t:|1775895608\n|teamsize|p1|4\n|teamsize|p2|4\n|start\n|switch|p1a: Gardevoir|Gardevoir, L50, F|100/100\n|switch|p1b: Whimsicott|Whimsicott, L50, M|100/100\n|switch|p2a: Froslass|Froslass, L50, F|100/100\n|switch|p2b: Rotom|Rotom-Wash, L50|100/100\n|turn|1\n|inactive|kynshi has 30 seconds left.\n|inactive|kynshi has 20 seconds left.\n|inactive|kynshi has 15 seconds left.\n|inactive|kynshi has 10 seconds left.\n|\n|t:|1775895656\n|switch|p2b: Arcanine|Arcanine-Hisui, L50, M|100/100\n|-ability|p2b: Arcanine|Intimidate|boost\n|-unboost|p1a: Gardevoir|atk|1\n|-unboost|p1b: Whimsicott|atk|1\n|switch|p1a: Pelipper|Pelipper, L50, M|100/100\n|-weather|RainDance|[from] ability: Drizzle|[of] p1a: Pelipper\n|detailschange|p2a: Froslass|Froslass-Mega, L50, F\n|-mega|p2a: Froslass|Froslass|Froslassite\n|-weather|Snowscape|[from] ability: Snow Warning|[of] p2a: Froslass\n|move|p1b: Whimsicott|Tailwind|p1b: Whimsicott\n|-sidestart|p1: kynshi|move: Tailwind\n|move|p2a: Froslass|Shadow Ball|p1a: Pelipper\n|-damage|p1a: Pelipper|48/100\n|\n|-weather|Snowscape|[upkeep]\n|upkeep\n|turn|2\n|inactive|kynshi has 30 seconds left.\n|inactive|kynshi has 20 seconds left.\n|inactive|imnoob2 has 30 seconds left.\n|\n|t:|1775895696\n|switch|p2b: Rotom|Rotom-Wash, L50|100/100\n|move|p1b: Whimsicott|Protect|p1b: Whimsicott\n|-singleturn|p1b: Whimsicott|Protect\n|move|p1a: Pelipper|Wide Guard|p1a: Pelipper\n|-singleturn|p1a: Pelipper|Wide Guard\n|move|p2a: Froslass|Shadow Ball|p1a: Pelipper\n|-damage|p1a: Pelipper|0 fnt\n|faint|p1a: Pelipper\n|\n|-weather|Snowscape|[upkeep]\n|upkeep\n|\n|t:|1775895715\n|switch|p1a: Sneasler|Sneasler, L50, F|100/100\n|turn|3\n|\n|t:|1775895750\n|move|p1b: Whimsicott|Moonblast|p2a: Froslass\n|-crit|p2a: Froslass\n|-damage|p2a: Froslass|33/100\n|move|p1a: Sneasler|Dire Claw|p2a: Froslass\n|-resisted|p2a: Froslass|1\n|-damage|p2a: Froslass|9/100\n|-status|p2a: Froslass|psn\n|move|p2b: Rotom|Volt Switch|p1a: Sneasler\n|-damage|p1a: Sneasler|68/100\n|\n|t:|1775895764\n|switch|p2b: Garchomp|Garchomp, L50, F|100/100|[from] Volt Switch\n|move|p2a: Froslass|Blizzard|p1a: Sneasler|[spread] p1a,p1b\n|-supereffective|p1b: Whimsicott|1\n|-damage|p1a: Sneasler|20/100\n|-enditem|p1b: Whimsicott|Focus Sash\n|-damage|p1b: Whimsicott|1/100\n|\n|-weather|Snowscape|[upkeep]\n|-damage|p2a: Froslass|0 fnt|[from] psn\n|faint|p2a: Froslass\n|upkeep\n|\n|t:|1775895780\n|switch|p2a: Arcanine|Arcanine-Hisui, L50, M|100/100\n|-ability|p2a: Arcanine|Intimidate|boost\n|-unboost|p1a: Sneasler|atk|1\n|-unboost|p1b: Whimsicott|atk|1\n|-enditem|p1a: Sneasler|White Herb\n|-clearnegativeboost|p1a: Sneasler|[silent]\n|turn|4\n|\n|t:|1775895796\n|move|p2a: Arcanine|Extreme Speed|p1b: Whimsicott\n|-damage|p1b: Whimsicott|0 fnt\n|faint|p1b: Whimsicott\n|move|p1a: Sneasler|Close Combat|p2a: Arcanine\n|-supereffective|p2a: Arcanine|1\n|-damage|p2a: Arcanine|0 fnt\n|-unboost|p1a: Sneasler|def|1\n|-unboost|p1a: Sneasler|spd|1\n|faint|p2a: Arcanine\n|move|p2b: Garchomp|Stomping Tantrum|p1a: Sneasler\n|-supereffective|p1a: Sneasler|1\n|-damage|p1a: Sneasler|0 fnt\n|faint|p1a: Sneasler\n|\n|-weather|Snowscape|[upkeep]\n|-sideend|p1: kynshi|move: Tailwind\n|upkeep\n|inactive|kynshi has 30 seconds left.\n|\n|t:|1775895827\n|switch|p1a: Gardevoir|Gardevoir, L50, F|100/100\n|switch|p2a: Rotom|Rotom-Wash, L50|100/100\n|turn|5\n|\n|t:|1775895840\n|detailschange|p1a: Gardevoir|Gardevoir-Mega, L50, F\n|-mega|p1a: Gardevoir|Gardevoir|Gardevoirite\n|move|p1a: Gardevoir|Protect|p1a: Gardevoir\n|-singleturn|p1a: Gardevoir|Protect\n|move|p2a: Rotom|Electroweb|p1a: Gardevoir\n|-activate|p1a: Gardevoir|move: Protect\n|move|p2b: Garchomp|Earthquake|p1a: Gardevoir|[spread] \n|-activate|p1a: Gardevoir|move: Protect\n|-immune|p2a: Rotom|[from] ability: Levitate\n|\n|-weather|none\n|upkeep\n|turn|6\n|\n|t:|1775895852\n|move|p2a: Rotom|Electroweb|p1a: Gardevoir\n|-damage|p1a: Gardevoir|83/100\n|-unboost|p1a: Gardevoir|spe|1\n|move|p2b: Garchomp|Earthquake|p1a: Gardevoir|[spread] p1a\n|-immune|p2a: Rotom|[from] ability: Levitate\n|-damage|p1a: Gardevoir|20/100\n|move|p1a: Gardevoir|Hyper Voice|p2a: Rotom|[spread] p2a,p2b\n|-supereffective|p2b: Garchomp|1\n|-damage|p2a: Rotom|31/100\n|-damage|p2b: Garchomp|0 fnt\n|faint|p2b: Garchomp\n|\n|upkeep\n|turn|7\n|\n|t:|1775895865\n|move|p1a: Gardevoir|Protect|p1a: Gardevoir\n|-singleturn|p1a: Gardevoir|Protect\n|move|p2a: Rotom|Electroweb|p1a: Gardevoir\n|-activate|p1a: Gardevoir|move: Protect\n|\n|upkeep\n|turn|8\n|\n|t:|1775895873\n|move|p2a: Rotom|Electroweb|p1a: Gardevoir\n|-damage|p1a: Gardevoir|1/100\n|-unboost|p1a: Gardevoir|spe|1\n|move|p1a: Gardevoir|Hyper Voice|p2a: Rotom\n|-damage|p2a: Rotom|0 fnt\n|faint|p2a: Rotom\n|\n|win|kynshi\n|raw|kynshi's rating: 1040 &rarr; <strong>1078</strong><br />(+38 for winning)\n|raw|imnoob2's rating: 1076 &rarr; <strong>1052</strong><br />(-24 for losing)\n|l|\u2606imnoob2\n|player|p2|\n",
  "uploadtime": 1775895915,
  "views": 16,
  "formatid": "gen9championsvgc2026regma",
  "rating": 1052,
  "private": 0,
  "password": null
}