{
  "id": "gen9championsvgc2026regma-2585557987",
  "format": "[Gen 9 Champions] VGC 2026 Reg M-A",
  "players": [
    "MvillMpersonality",
    "iWafflez"
  ],
  "log": "|j|\u2606MvillMpersonality\n|j|\u2606iWafflez\n|t:|1776355416\n|gametype|doubles\n|player|p1|MvillMpersonality|pokemaniac|1149\n|player|p2|iWafflez|102|1146\n|gen|9\n|tier|[Gen 9 Champions] VGC 2026 Reg M-A\n|rated|\n|rule|Species Clause: Limit one of each Pok\u00e9mon\n|rule|Item Clause: Limit 1 of each item\n|clearpoke\n|poke|p1|Scovillain, L50, M|\n|poke|p1|Sinistcha, L50|\n|poke|p1|Hatterene, L50, F|\n|poke|p1|Kingambit, L50, F|\n|poke|p1|Rhyperior, L50, M|\n|poke|p1|Tyranitar, L50, M|\n|poke|p2|Delphox, L50, F|\n|poke|p2|Kingambit, L50, F|\n|poke|p2|Meowstic, L50, M|\n|poke|p2|Garchomp, L50, M|\n|poke|p2|Sinistcha, L50|\n|poke|p2|Manectric, L50, M|\n|teampreview|4\n|\n|t:|1776355453\n|teamsize|p1|4\n|teamsize|p2|4\n|start\n|switch|p1a: Scovillain|Scovillain, L50, M|100/100\n|switch|p1b: Rhyperior|Rhyperior, L50, M|100/100\n|switch|p2a: Sinistcha|Sinistcha, L50|100/100\n|switch|p2b: Delphox|Delphox, L50, F|100/100\n|turn|1\n|inactive|Battle timer is ON: inactive players will automatically lose when time's up. (requested by iWafflez)\n|inactive|iWafflez has 60 seconds left.\n|\n|t:|1776355487\n|switch|p2a: Garchomp|Garchomp, L50, M|100/100\n|detailschange|p2b: Delphox|Delphox-Mega, L50, F\n|-mega|p2b: Delphox|Delphox|Delphoxite\n|detailschange|p1a: Scovillain|Scovillain-Mega, L50, M\n|-mega|p1a: Scovillain|Scovillain|Scovillainite\n|move|p2b: Delphox|Protect|p2b: Delphox\n|-singleturn|p2b: Delphox|Protect\n|move|p1b: Rhyperior|Protect|p1b: Rhyperior\n|-singleturn|p1b: Rhyperior|Protect\n|move|p1a: Scovillain|Overheat|p2a: Garchomp\n|-resisted|p2a: Garchomp|1\n|-damage|p2a: Garchomp|64/100\n|-unboost|p1a: Scovillain|spa|2\n|\n|upkeep\n|turn|2\n|inactive|iWafflez has 30 seconds left.\n|\n|t:|1776355518\n|switch|p2b: Sinistcha|Sinistcha, L50|100/100\n|-heal|p2a: Garchomp|89/100|[from] ability: Hospitality|[of] p2b: Sinistcha\n|move|p1a: Scovillain|Rage Powder|p1a: Scovillain\n|-singleturn|p1a: Scovillain|move: Rage Powder\n|move|p2a: Garchomp|Swords Dance|p2a: Garchomp\n|-boost|p2a: Garchomp|atk|2\n|move|p1b: Rhyperior|Rock Slide|p2b: Sinistcha|[spread] p2a,p2b\n|-resisted|p2a: Garchomp|1\n|-damage|p2a: Garchomp|70/100\n|-damage|p2b: Sinistcha|66/100\n|\n|upkeep\n|turn|3\n|inactive|iWafflez has 30 seconds left.\n|\n|t:|1776355547\n|move|p1b: Rhyperior|Protect|p1b: Rhyperior\n|-singleturn|p1b: Rhyperior|Protect\n|move|p1a: Scovillain|Rage Powder|p1a: Scovillain\n|-singleturn|p1a: Scovillain|move: Rage Powder\n|move|p2a: Garchomp|Earthquake|p1b: Rhyperior|[spread] p2b,p1a\n|-activate|p1b: Rhyperior|move: Protect\n|-resisted|p2b: Sinistcha|1\n|-damage|p2b: Sinistcha|32/100\n|-damage|p1a: Scovillain|25/100\n|-status|p2a: Garchomp|brn|[from] ability: Spicy Spray|[of] p1a: Scovillain\n|-enditem|p2b: Sinistcha|Sitrus Berry|[eat]\n|-heal|p2b: Sinistcha|57/100|[from] item: Sitrus Berry\n|move|p2b: Sinistcha|Matcha Gotcha|p1a: Scovillain|[spread] p1a\n|-activate|p1b: Rhyperior|move: Protect\n|-resisted|p1a: Scovillain|2\n|-damage|p1a: Scovillain|19/100\n|-heal|p2b: Sinistcha|60/100|[from] drain|[of] p1a: Scovillain\n|-status|p2b: Sinistcha|brn|[from] ability: Spicy Spray|[of] p1a: Scovillain\n|\n|-damage|p2a: Garchomp|64/100 brn|[from] brn\n|-damage|p2b: Sinistcha|54/100 brn|[from] brn\n|upkeep\n|turn|4\n|inactive|MvillMpersonality has 30 seconds left.\n|inactive|iWafflez has 30 seconds left.\n|inactive|MvillMpersonality has 20 seconds left.\n|inactive|iWafflez has 20 seconds left.\n|\n|t:|1776355586\n|switch|p2b: Kingambit|Kingambit, L50, F|100/100\n|switch|p1a: Hatterene|Hatterene, L50, F|100/100\n|move|p2a: Garchomp|Protect|p2a: Garchomp\n|-singleturn|p2a: Garchomp|Protect\n|move|p1b: Rhyperior|Swords Dance|p1b: Rhyperior\n|-boost|p1b: Rhyperior|atk|2\n|\n|-damage|p2a: Garchomp|58/100 brn|[from] brn\n|upkeep\n|turn|5\n|inactive|iWafflez has 30 seconds left.\n|inactive|MvillMpersonality has 30 seconds left.\n|inactive|iWafflez has 20 seconds left.\n|inactive|iWafflez has 15 seconds left.\n|\n|t:|1776355629\n|switch|p1a: Scovillain|Scovillain-Mega, L50, M|19/100\n|move|p1b: Rhyperior|Protect|p1b: Rhyperior\n|-singleturn|p1b: Rhyperior|Protect\n|move|p2a: Garchomp|Earthquake|p1b: Rhyperior|[spread] p2b,p1a\n|-activate|p1b: Rhyperior|move: Protect\n|-supereffective|p2b: Kingambit|1\n|-damage|p2b: Kingambit|37/100\n|-damage|p1a: Scovillain|0 fnt\n|faint|p1a: Scovillain\n|move|p2b: Kingambit|Iron Head|p1b: Rhyperior\n|-activate|p1b: Rhyperior|move: Protect\n|\n|-damage|p2a: Garchomp|52/100 brn|[from] brn\n|upkeep\n|\n|t:|1776355647\n|switch|p1a: Hatterene|Hatterene, L50, F|100/100\n|turn|6\n|\n|t:|1776355663\n|move|p2b: Kingambit|Protect|p2b: Kingambit\n|-singleturn|p2b: Kingambit|Protect\n|move|p2a: Garchomp|Earthquake|p1a: Hatterene|[spread] p1a,p1b\n|-activate|p2b: Kingambit|move: Protect\n|-supereffective|p1b: Rhyperior|1\n|-damage|p1a: Hatterene|57/100\n|-damage|p1b: Rhyperior|53/100\n|move|p1b: Rhyperior|High Horsepower|p2b: Kingambit\n|-activate|p2b: Kingambit|move: Protect\n|move|p1a: Hatterene|Trick Room|p1a: Hatterene\n|-fieldstart|move: Trick Room|[of] p1a: Hatterene\n|\n|-damage|p2a: Garchomp|46/100 brn|[from] brn\n|upkeep\n|turn|7\n|\n|t:|1776355686\n|switch|p2b: Delphox|Delphox-Mega, L50, F|100/100\n|move|p2a: Garchomp|Protect|p2a: Garchomp\n|-singleturn|p2a: Garchomp|Protect\n|move|p1a: Hatterene|Dazzling Gleam|p2b: Delphox|[spread] p2b\n|-activate|p2a: Garchomp|move: Protect\n|-resisted|p2b: Delphox|1\n|-damage|p2b: Delphox|86/100\n|move|p1b: Rhyperior|Swords Dance|p1b: Rhyperior\n|-boost|p1b: Rhyperior|atk|2\n|\n|-damage|p2a: Garchomp|40/100 brn|[from] brn\n|upkeep\n|turn|8\n|inactive|iWafflez has 30 seconds left.\n|\n|t:|1776355720\n|switch|p1a: Tyranitar|Tyranitar, L50, M|100/100\n|-weather|Sandstorm|[from] ability: Sand Stream|[of] p1a: Tyranitar\n|move|p2a: Garchomp|Protect|p2a: Garchomp\n|-singleturn|p2a: Garchomp|Protect\n|move|p2b: Delphox|Protect|p2b: Delphox\n|-singleturn|p2b: Delphox|Protect\n|move|p1b: Rhyperior|Rock Slide|p2a: Garchomp|[spread] \n|-activate|p2a: Garchomp|move: Protect\n|-activate|p2b: Delphox|move: Protect\n|\n|-weather|Sandstorm|[upkeep]\n|-damage|p2b: Delphox|80/100|[from] Sandstorm\n|-damage|p2a: Garchomp|34/100 brn|[from] brn\n|upkeep\n|turn|9\n|\n|t:|1776355744\n|switch|p2b: Sinistcha|Sinistcha, L50|54/100 brn\n|-heal|p2a: Garchomp|58/100 brn|[from] ability: Hospitality|[of] p2b: Sinistcha\n|move|p1b: Rhyperior|Rock Slide|p2a: Garchomp|[spread] p2a,p2b\n|-resisted|p2a: Garchomp|1\n|-damage|p2a: Garchomp|0 fnt\n|-damage|p2b: Sinistcha|0 fnt\n|faint|p2a: Garchomp\n|faint|p2b: Sinistcha\n|move|p1a: Tyranitar|Rock Slide|p2: Garchomp|[notarget]\n|-fail|p1a: Tyranitar\n|\n|-weather|Sandstorm|[upkeep]\n|upkeep\n|\n|t:|1776355756\n|switch|p2b: Delphox|Delphox-Mega, L50, F|80/100\n|switch|p2a: Kingambit|Kingambit, L50, F|37/100\n|turn|10\n|inactive|iWafflez has 30 seconds left.\n|inactive|iWafflez has 20 seconds left.\n|inactive|iWafflez has 15 seconds left.\n|\n|t:|1776355798\n|switch|p1a: Hatterene|Hatterene, L50, F|57/100\n|move|p2a: Kingambit|Protect|p2a: Kingambit\n|-singleturn|p2a: Kingambit|Protect\n|move|p2b: Delphox|Protect|p2b: Delphox\n|-singleturn|p2b: Delphox|Protect\n|move|p1b: Rhyperior|Swords Dance|p1b: Rhyperior\n|-boost|p1b: Rhyperior|atk|2\n|\n|-weather|Sandstorm|[upkeep]\n|-damage|p1a: Hatterene|50/100|[from] Sandstorm\n|-damage|p2b: Delphox|74/100|[from] Sandstorm\n|-enditem|p1a: Hatterene|Sitrus Berry|[eat]\n|-heal|p1a: Hatterene|75/100|[from] item: Sitrus Berry\n|-fieldend|move: Trick Room\n|upkeep\n|turn|11\n|inactive|MvillMpersonality has 30 seconds left.\n|inactive|iWafflez has 30 seconds left.\n|inactive|MvillMpersonality has 20 seconds left.\n|\n|t:|1776355834\n|move|p2b: Delphox|Dazzling Gleam|p1a: Hatterene|[spread] p1a,p1b\n|-damage|p1a: Hatterene|52/100\n|-damage|p1b: Rhyperior|39/100\n|move|p2a: Kingambit|Iron Head|p1b: Rhyperior\n|-supereffective|p1b: Rhyperior|1\n|-damage|p1b: Rhyperior|0 fnt\n|faint|p1b: Rhyperior\n|move|p1a: Hatterene|Trick Room|p1a: Hatterene\n|-fieldstart|move: Trick Room|[of] p1a: Hatterene\n|\n|-weather|Sandstorm|[upkeep]\n|-damage|p1a: Hatterene|46/100|[from] Sandstorm\n|-damage|p2b: Delphox|68/100|[from] Sandstorm\n|upkeep\n|\n|t:|1776355843\n|switch|p1b: Tyranitar|Tyranitar, L50, M|100/100\n|turn|12\n|\n|t:|1776355857\n|move|p2b: Delphox|Protect|p2b: Delphox\n|-singleturn|p2b: Delphox|Protect\n|move|p1a: Hatterene|Dazzling Gleam|p2a: Kingambit|[spread] p2a\n|-activate|p2b: Delphox|move: Protect\n|-damage|p2a: Kingambit|5/100\n|move|p2a: Kingambit|Low Kick|p1b: Tyranitar\n|-supereffective|p1b: Tyranitar|2\n|-enditem|p1b: Tyranitar|Chople Berry|[eat]\n|-enditem|p1b: Tyranitar|Chople Berry|[weaken]\n|-damage|p1b: Tyranitar|29/100\n|move|p1b: Tyranitar|Brick Break|p2a: Kingambit\n|-supereffective|p2a: Kingambit|2\n|-damage|p2a: Kingambit|0 fnt\n|faint|p2a: Kingambit\n|\n|-weather|none\n|upkeep\n|turn|13\n|inactive|MvillMpersonality has 30 seconds left.\n|\n|t:|1776355883\n|move|p1a: Hatterene|Expanding Force|p2b: Delphox\n|-resisted|p2b: Delphox|1\n|-damage|p2b: Delphox|48/100\n|move|p1b: Tyranitar|Rock Slide|p2b: Delphox\n|-supereffective|p2b: Delphox|1\n|-damage|p2b: Delphox|0 fnt\n|faint|p2b: Delphox\n|\n|win|MvillMpersonality\n|raw|MvillMpersonality's rating: 1149 &rarr; <strong>1174</strong><br />(+25 for winning)\n|raw|iWafflez's rating: 1146 &rarr; <strong>1121</strong><br />(-25 for losing)\n|c|\u2606iWafflez|gg\n|l|\u2606iWafflez\n|player|p2|\n|c|\u2606MvillMpersonality|You too!\n",
  "uploadtime": 1776355904,
  "views": 24,
  "formatid": "gen9championsvgc2026regma",
  "rating": 1121,
  "private": 0,
  "password": null
}