{
  "id": "gen9championsvgc2026regma-2588264657",
  "format": "[Gen 9 Champions] VGC 2026 Reg M-A",
  "players": [
    "YorkBC",
    "darlasfeets"
  ],
  "log": "|j|\u2606YorkBC\n|j|\u2606darlasfeets\n|t:|1776619264\n|gametype|doubles\n|player|p1|YorkBC|youngster-gen4dp|1194\n|player|p2|darlasfeets|102|1110\n|gen|9\n|tier|[Gen 9 Champions] VGC 2026 Reg M-A\n|rated|\n|rule|Species Clause: Limit one of each Pok\u00e9mon\n|rule|Item Clause: Limit 1 of each item\n|clearpoke\n|poke|p1|Garchomp, L50, F|\n|poke|p1|Tyranitar, L50, F|\n|poke|p1|Gengar, L50, F|\n|poke|p1|Gyarados, L50, F|\n|poke|p1|Arcanine, L50, M|\n|poke|p1|Chesnaught, L50, F|\n|poke|p2|Drampa, L50, M|\n|poke|p2|Sinistcha, L50|\n|poke|p2|Farigiraf, L50, F|\n|poke|p2|Torkoal, L50, M|\n|poke|p2|Sneasler, L50, M|\n|poke|p2|Skarmory, L50, F|\n|teampreview|4\n|inactive|Battle timer is ON: inactive players will automatically lose when time's up. (requested by YorkBC)\nYorkBC rejected open team sheets.\n|inactive|YorkBC has 60 seconds left.\n|inactive|darlasfeets has 60 seconds left.\n|\n|t:|1776619308\n|teamsize|p1|4\n|teamsize|p2|4\n|start\n|switch|p1a: Gengar|Gengar, L50, F|100/100\n|switch|p1b: Garchomp|Garchomp, L50, F|100/100\n|switch|p2a: Drampa|Drampa, L50, M|100/100\n|switch|p2b: Farigiraf|Farigiraf, L50, F|100/100\n|turn|1\n|inactive|YorkBC has 30 seconds left.\n|\n|t:|1776619336\n|detailschange|p1b: Garchomp|Garchomp-Mega, L50, F\n|-mega|p1b: Garchomp|Garchomp|Garchompite\n|detailschange|p2a: Drampa|Drampa-Mega, L50, M\n|-mega|p2a: Drampa|Drampa|Drampanite\n|move|p2a: Drampa|Protect|p2a: Drampa\n|-singleturn|p2a: Drampa|Protect\n|move|p1a: Gengar|Sludge Bomb|p2b: Farigiraf\n|-damage|p2b: Farigiraf|62/100\n|move|p1b: Garchomp|Dragon Claw|p2a: Drampa\n|-activate|p2a: Drampa|move: Protect\n|move|p2b: Farigiraf|Trick Room|p2b: Farigiraf\n|-fieldstart|move: Trick Room|[of] p2b: Farigiraf\n|\n|upkeep\n|turn|2\n|\n|t:|1776619360\n|move|p1b: Garchomp|Protect|p1b: Garchomp\n|-singleturn|p1b: Garchomp|Protect\n|move|p2a: Drampa|Draco Meteor|p1b: Garchomp\n|-activate|p1b: Garchomp|move: Protect\n|move|p2b: Farigiraf|Psychic Noise|p1a: Gengar\n|-supereffective|p1a: Gengar|1\n|-enditem|p1a: Gengar|Focus Sash\n|-damage|p1a: Gengar|1/100\n|-start|p1a: Gengar|move: Heal Block\n|move|p1a: Gengar|Taunt|p2a: Drampa\n|-start|p2a: Drampa|move: Taunt\n|\n|upkeep\n|turn|3\n|\n|t:|1776619383\n|switch|p1a: Tyranitar|Tyranitar, L50, F|100/100\n|-weather|Sandstorm|[from] ability: Sand Stream|[of] p1a: Tyranitar\n|move|p2a: Drampa|Draco Meteor|p1b: Garchomp\n|-supereffective|p1b: Garchomp|1\n|-damage|p1b: Garchomp|0 fnt\n|-unboost|p2a: Drampa|spa|2\n|faint|p1b: Garchomp\n|move|p2b: Farigiraf|Psychic Noise|p1a: Tyranitar\n|-immune|p1a: Tyranitar\n|\n|-weather|Sandstorm|[upkeep]\n|-damage|p2a: Drampa|94/100|[from] Sandstorm\n|-damage|p2b: Farigiraf|56/100|[from] Sandstorm\n|upkeep\n|\n|t:|1776619399\n|switch|p1b: Arcanine|Arcanine, L50, M|100/100\n|-ability|p1b: Arcanine|Intimidate|boost\n|-unboost|p2a: Drampa|atk|1\n|-unboost|p2b: Farigiraf|atk|1\n|turn|4\n|\n|t:|1776619409\n|switch|p2a: Torkoal|Torkoal, L50, M|100/100\n|-weather|SunnyDay|[from] ability: Drought|[of] p2a: Torkoal\n|move|p1a: Tyranitar|Protect|p1a: Tyranitar\n|-singleturn|p1a: Tyranitar|Protect\n|move|p1b: Arcanine|Protect|p1b: Arcanine\n|-singleturn|p1b: Arcanine|Protect\n|move|p2b: Farigiraf|Hyper Voice|p1b: Arcanine|[spread] \n|-activate|p1a: Tyranitar|move: Protect\n|-activate|p1b: Arcanine|move: Protect\n|\n|-weather|SunnyDay|[upkeep]\n|upkeep\n|turn|5\n|\n|t:|1776619428\n|switch|p1a: Gengar|Gengar, L50, F|1/100\n|move|p2a: Torkoal|Eruption|p1b: Arcanine|[spread] p1a,p1b\n|-resisted|p1b: Arcanine|1\n|-damage|p1a: Gengar|0 fnt\n|-damage|p1b: Arcanine|51/100\n|faint|p1a: Gengar\n|move|p2b: Farigiraf|Hyper Voice|p1b: Arcanine\n|-damage|p1b: Arcanine|8/100\n|-enditem|p1b: Arcanine|Sitrus Berry|[eat]\n|-heal|p1b: Arcanine|33/100|[from] item: Sitrus Berry\n|move|p1b: Arcanine|Snarl|p2a: Torkoal|[spread] p2a,p2b\n|-supereffective|p2b: Farigiraf|1\n|-damage|p2a: Torkoal|89/100\n|-damage|p2b: Farigiraf|41/100\n|-unboost|p2a: Torkoal|spa|1\n|-unboost|p2b: Farigiraf|spa|1\n|-enditem|p2b: Farigiraf|Sitrus Berry|[eat]\n|-heal|p2b: Farigiraf|66/100|[from] item: Sitrus Berry\n|\n|-weather|SunnyDay|[upkeep]\n|-fieldend|move: Trick Room\n|upkeep\n|\n|t:|1776619446\n|switch|p1a: Tyranitar|Tyranitar, L50, F|100/100\n|-weather|Sandstorm|[from] ability: Sand Stream|[of] p1a: Tyranitar\n|turn|6\n|\n|t:|1776619453\n|switch|p2a: Sinistcha|Sinistcha, L50|100/100\n|-heal|p2b: Farigiraf|91/100|[from] ability: Hospitality|[of] p2a: Sinistcha\n|move|p1b: Arcanine|Snarl|p2a: Sinistcha|[spread] p2a,p2b\n|-supereffective|p2a: Sinistcha|1\n|-supereffective|p2b: Farigiraf|1\n|-damage|p2a: Sinistcha|78/100\n|-damage|p2b: Farigiraf|77/100\n|-unboost|p2a: Sinistcha|spa|1\n|-unboost|p2b: Farigiraf|spa|1\n|move|p1a: Tyranitar|Rock Slide|p2b: Farigiraf|[spread] p2a,p2b\n|-damage|p2a: Sinistcha|49/100\n|-damage|p2b: Farigiraf|47/100\n|move|p2b: Farigiraf|Trick Room|p2b: Farigiraf\n|-fieldstart|move: Trick Room|[of] p2b: Farigiraf\n|\n|-weather|Sandstorm|[upkeep]\n|-damage|p2b: Farigiraf|41/100|[from] Sandstorm\n|-damage|p2a: Sinistcha|43/100|[from] Sandstorm\n|-damage|p1b: Arcanine|27/100|[from] Sandstorm\n|-heal|p2a: Sinistcha|49/100|[from] item: Leftovers\n|upkeep\n|turn|7\n|\n|t:|1776619478\n|switch|p2b: Torkoal|Torkoal, L50, M|89/100\n|-weather|SunnyDay|[from] ability: Drought|[of] p2b: Torkoal\n|move|p2a: Sinistcha|Strength Sap|p1a: Tyranitar\n|-unboost|p1a: Tyranitar|atk|1\n|-heal|p2a: Sinistcha|100/100\n|move|p1a: Tyranitar|Crunch|p2b: Torkoal\n|-damage|p2b: Torkoal|63/100\n|-unboost|p2b: Torkoal|def|1\n|move|p1b: Arcanine|Will-O-Wisp|p2a: Sinistcha\n|-status|p2a: Sinistcha|brn\n|\n|-weather|SunnyDay|[upkeep]\n|-damage|p2a: Sinistcha|94/100 brn|[from] brn\n|upkeep\n|turn|8\n|\n|t:|1776619502\n|move|p2a: Sinistcha|Rage Powder|p2a: Sinistcha\n|-singleturn|p2a: Sinistcha|move: Rage Powder\n|move|p2b: Torkoal|Eruption|p1a: Tyranitar|[spread] p1a,p1b\n|-resisted|p1a: Tyranitar|1\n|-resisted|p1b: Arcanine|1\n|-damage|p1a: Tyranitar|78/100\n|-damage|p1b: Arcanine|0 fnt\n|faint|p1b: Arcanine\n|move|p1a: Tyranitar|Rock Slide|p2b: Torkoal|[spread] p2a,p2b\n|-supereffective|p2b: Torkoal|1\n|-damage|p2a: Sinistcha|74/100 brn\n|-damage|p2b: Torkoal|6/100\n|\n|-weather|SunnyDay|[upkeep]\n|-heal|p2a: Sinistcha|80/100 brn|[from] item: Leftovers\n|-damage|p2a: Sinistcha|74/100 brn|[from] brn\n|upkeep\n|turn|9\n|\n|t:|1776619517\n|move|p1a: Tyranitar|Protect|p1a: Tyranitar\n|-singleturn|p1a: Tyranitar|Protect\n|move|p2b: Torkoal|Will-O-Wisp|p1a: Tyranitar\n|-activate|p1a: Tyranitar|move: Protect\n|move|p2a: Sinistcha|Strength Sap|p1a: Tyranitar\n|-activate|p1a: Tyranitar|move: Protect\n|\n|-weather|SunnyDay|[upkeep]\n|-heal|p2a: Sinistcha|80/100 brn|[from] item: Leftovers\n|-damage|p2a: Sinistcha|74/100 brn|[from] brn\n|upkeep\n|turn|10\n|\n|t:|1776619530\n|move|p2b: Torkoal|Will-O-Wisp|p1a: Tyranitar|[miss]\n|-miss|p2b: Torkoal|p1a: Tyranitar\n|move|p2a: Sinistcha|Strength Sap|p1a: Tyranitar\n|-unboost|p1a: Tyranitar|atk|1\n|-heal|p2a: Sinistcha|100/100 brn\n|move|p1a: Tyranitar|Rock Slide|p2a: Sinistcha|[spread] p2a\n|-miss|p1a: Tyranitar|p2b: Torkoal\n|-damage|p2a: Sinistcha|84/100 brn\n|\n|-weather|SunnyDay|[upkeep]\n|-heal|p2a: Sinistcha|90/100 brn|[from] item: Leftovers\n|-damage|p2a: Sinistcha|84/100 brn|[from] brn\n|-fieldend|move: Trick Room\n|upkeep\n|turn|11\n|\n|t:|1776619545\n|move|p1a: Tyranitar|Protect|p1a: Tyranitar\n|-singleturn|p1a: Tyranitar|Protect\n|move|p2b: Torkoal|Will-O-Wisp|p1a: Tyranitar\n|-activate|p1a: Tyranitar|move: Protect\n|move|p2a: Sinistcha|Trick Room|p2a: Sinistcha\n|-fieldstart|move: Trick Room|[of] p2a: Sinistcha\n|\n|-weather|none\n|-heal|p2a: Sinistcha|90/100 brn|[from] item: Leftovers\n|-damage|p2a: Sinistcha|84/100 brn|[from] brn\n|upkeep\n|turn|12\n|\n|t:|1776619556\n|move|p2b: Torkoal|Will-O-Wisp|p1a: Tyranitar\n|-status|p1a: Tyranitar|brn\n|move|p1a: Tyranitar|Rock Slide|p2b: Torkoal|[spread] p2a,p2b\n|-supereffective|p2b: Torkoal|1\n|-damage|p2a: Sinistcha|76/100 brn\n|-damage|p2b: Torkoal|0 fnt\n|faint|p2b: Torkoal\n|cant|p2a: Sinistcha|flinch\n|\n|-heal|p2a: Sinistcha|82/100 brn|[from] item: Leftovers\n|-damage|p1a: Tyranitar|72/100 brn|[from] brn\n|-damage|p2a: Sinistcha|76/100 brn|[from] brn\n|upkeep\n|\n|t:|1776619567\n|switch|p2b: Drampa|Drampa-Mega, L50, M|94/100\n|turn|13\n|\n|t:|1776619579\n|move|p2b: Drampa|Draco Meteor|p1a: Tyranitar\n|-damage|p1a: Tyranitar|7/100 brn\n|-unboost|p2b: Drampa|spa|2\n|move|p1a: Tyranitar|Low Kick|p2b: Drampa\n|-supereffective|p2b: Drampa|1\n|-damage|p2b: Drampa|73/100\n|move|p2a: Sinistcha|Strength Sap|p1a: Tyranitar\n|-unboost|p1a: Tyranitar|atk|1\n|-heal|p2a: Sinistcha|100/100 brn\n|\n|-damage|p1a: Tyranitar|1/100 brn|[from] brn\n|-damage|p2a: Sinistcha|94/100 brn|[from] brn\n|upkeep\n|turn|14\n|\n|t:|1776619600\n|move|p2b: Drampa|Protect|p2b: Drampa\n|-singleturn|p2b: Drampa|Protect\n|move|p1a: Tyranitar|Low Kick|p2b: Drampa\n|-activate|p2b: Drampa|move: Protect\n|move|p2a: Sinistcha|Strength Sap|p1a: Tyranitar\n|-unboost|p1a: Tyranitar|atk|1\n|-heal|p2a: Sinistcha|100/100 brn\n|\n|-damage|p1a: Tyranitar|0 fnt|[from] brn\n|faint|p1a: Tyranitar\n|\n|win|darlasfeets\n|raw|YorkBC's rating: 1194 &rarr; <strong>1163</strong><br />(-31 for losing)\n|raw|darlasfeets's rating: 1110 &rarr; <strong>1141</strong><br />(+31 for winning)\n",
  "uploadtime": 1776619638,
  "views": 9,
  "formatid": "gen9championsvgc2026regma",
  "rating": 1141,
  "private": 0,
  "password": null
}