{
  "id": "gen9championsvgc2026regma-2585462622",
  "format": "[Gen 9 Champions] VGC 2026 Reg M-A",
  "players": [
    "Evin_HBK",
    "reisquaza1"
  ],
  "log": "|j|\u2606Evin_HBK\n|j|\u2606reisquaza1\n|t:|1776348929\n|gametype|doubles\n|player|p1|Evin_HBK|leon-masters|1415\n|player|p2|reisquaza1|sabrina-frlg|1362\n|gen|9\n|tier|[Gen 9 Champions] VGC 2026 Reg M-A\n|rated|\n|rule|Species Clause: Limit one of each Pok\u00e9mon\n|rule|Item Clause: Limit 1 of each item\n|clearpoke\n|poke|p1|Charizard, L50, M|\n|poke|p1|Kingambit, L50, F|\n|poke|p1|Garchomp, L50, M|\n|poke|p1|Sneasler, L50, M|\n|poke|p1|Whimsicott, L50, F|\n|poke|p1|Basculegion, L50, M|\n|poke|p2|Floette-Eternal, L50, F|\n|poke|p2|Delphox, L50, F|\n|poke|p2|Palafin, L50, F|\n|poke|p2|Incineroar, L50, M|\n|poke|p2|Sinistcha, L50|\n|poke|p2|Aerodactyl, L50, F|\n|teampreview|4\nreisquaza1 has agreed to open team sheets.\n|inactive|Battle timer is ON: inactive players will automatically lose when time's up. (requested by reisquaza1)\n|j| VegitoSKBEST\n|l| VegitoSKBEST\n|inactive|Evin_HBK has 60 seconds left.\n|inactive|reisquaza1 has 60 seconds left.\n|inactive|Evin_HBK has 30 seconds left.\n|inactive|reisquaza1 has 30 seconds left.\n|inactive|Evin_HBK has 20 seconds left.\n|inactive|Evin_HBK has 15 seconds left.\n|inactive|Evin_HBK has 10 seconds left.\n|inactive|Evin_HBK has 5 seconds left.\n|\n|t:|1776349019\n|teamsize|p1|4\n|teamsize|p2|4\n|start\n|switch|p1a: Kingambit|Kingambit, L50, F|100/100\n|switch|p1b: Sneasler|Sneasler, L50, M|100/100\n|switch|p2a: Floette|Floette-Eternal, L50, F|100/100\n|switch|p2b: Aerodactyl|Aerodactyl, L50, F|100/100\n|turn|1\n|\n|t:|1776349032\n|detailschange|p2a: Floette|Floette-Mega, L50, F\n|-mega|p2a: Floette|Floette|Floettite\n|-ability|p2a: Floette|Fairy Aura\n|move|p2b: Aerodactyl|Protect|p2b: Aerodactyl\n|-singleturn|p2b: Aerodactyl|Protect\n|move|p2a: Floette|Protect|p2a: Floette\n|-singleturn|p2a: Floette|Protect\n|move|p1b: Sneasler|Dire Claw|p2a: Floette\n|-activate|p2a: Floette|move: Protect\n|move|p1a: Kingambit|Kowtow Cleave|p2b: Aerodactyl\n|-activate|p2b: Aerodactyl|move: Protect\n|\n|upkeep\n|turn|2\n|inactive|reisquaza1 has 30 seconds left.\n|inactive|reisquaza1 has 20 seconds left.\n|inactive|reisquaza1 has 15 seconds left.\n|\n|t:|1776349076\n|move|p2b: Aerodactyl|Tailwind|p2b: Aerodactyl\n|-sidestart|p2: reisquaza1|move: Tailwind\n|move|p2a: Floette|Moonblast|p1b: Sneasler\n|-crit|p1b: Sneasler\n|-damage|p1b: Sneasler|0 fnt\n|faint|p1b: Sneasler\n|move|p1a: Kingambit|Kowtow Cleave|p2b: Aerodactyl\n|-damage|p2b: Aerodactyl|2/100\n|\n|upkeep\n|\n|t:|1776349093\n|switch|p1b: Basculegion|Basculegion, L50, M|100/100\n|turn|3\n|inactive|reisquaza1 has 30 seconds left.\n|\n|t:|1776349122\n|move|p2a: Floette|Protect|p2a: Floette\n|-singleturn|p2a: Floette|Protect\n|move|p2b: Aerodactyl|Dual Wingbeat|p1b: Basculegion\n|-damage|p1b: Basculegion|79/100\n|-damage|p1b: Basculegion|57/100\n|-hitcount|p1b: Basculegion|2\n|move|p1b: Basculegion|Last Respects|p2a: Floette\n|-activate|p2a: Floette|move: Protect\n|move|p1a: Kingambit|Kowtow Cleave|p2a: Floette\n|-activate|p2a: Floette|move: Protect\n|\n|upkeep\n|turn|4\n|\n|t:|1776349146\n|switch|p2b: Sinistcha|Sinistcha, L50|100/100\n|move|p1b: Basculegion|Protect|p1b: Basculegion\n|-singleturn|p1b: Basculegion|Protect\n|move|p2a: Floette|Dazzling Gleam|p1b: Basculegion|[spread] p1a\n|-activate|p1b: Basculegion|move: Protect\n|-damage|p1a: Kingambit|51/100\n|move|p1a: Kingambit|Kowtow Cleave|p2a: Floette\n|-resisted|p2a: Floette|1\n|-damage|p2a: Floette|59/100\n|\n|upkeep\n|turn|5\n|inactive|reisquaza1 has 30 seconds left.\n|inactive|reisquaza1 has 20 seconds left.\n|\n|t:|1776349185\n|move|p2a: Floette|Dazzling Gleam|p1b: Basculegion|[spread] p1a,p1b\n|-damage|p1a: Kingambit|6/100\n|-damage|p1b: Basculegion|7/100\n|move|p2b: Sinistcha|Matcha Gotcha|p1b: Basculegion|[spread] p1a,p1b\n|-resisted|p1a: Kingambit|1\n|-supereffective|p1b: Basculegion|1\n|-damage|p1a: Kingambit|0 fnt\n|-damage|p1b: Basculegion|0 fnt\n|faint|p1a: Kingambit\n|faint|p1b: Basculegion\n|\n|-sideend|p2: reisquaza1|move: Tailwind\n|upkeep\n|\n|t:|1776349193\n|switch|p1b: Garchomp|Garchomp, L50, M|100/100\n|turn|6\n|inactive|reisquaza1 has 30 seconds left.\n|\n|t:|1776349224\n|move|p1b: Garchomp|Rock Slide|p2b: Sinistcha|[spread] p2a,p2b\n|-damage|p2a: Floette|30/100\n|-damage|p2b: Sinistcha|81/100\n|move|p2a: Floette|Moonblast|p1b: Garchomp\n|-supereffective|p1b: Garchomp|1\n|-damage|p1b: Garchomp|0 fnt\n|faint|p1b: Garchomp\n|\n|win|reisquaza1\n|raw|Evin_HBK's rating: 1415 &rarr; <strong>1392</strong><br />(-23 for losing)\n|raw|reisquaza1's rating: 1362 &rarr; <strong>1385</strong><br />(+23 for winning)\n|l|\u2606Evin_HBK\n|player|p1|\n",
  "uploadtime": 1776349401,
  "views": 58,
  "formatid": "gen9championsvgc2026regma",
  "rating": 1385,
  "private": 0,
  "password": null
}