{
  "id": "gen9championsvgc2026regma-2588629915",
  "format": "[Gen 9 Champions] VGC 2026 Reg M-A",
  "players": [
    "ItsKapri",
    "taterstotz"
  ],
  "log": "|j|\u2606ItsKapri\n|j|\u203dtaterstotz\n|t:|1776651780\n|gametype|doubles\n|player|p1|ItsKapri|miku-ground|1413\n|player|p2|taterstotz|266|1489\n|gen|9\n|tier|[Gen 9 Champions] VGC 2026 Reg M-A\n|rated|\n|rule|Species Clause: Limit one of each Pok\u00e9mon\n|rule|Item Clause: Limit 1 of each item\n|clearpoke\n|poke|p1|Aegislash, L50, F|\n|poke|p1|Garchomp, L50, M|\n|poke|p1|Rotom-Wash, L50|\n|poke|p1|Aerodactyl, L50, M|\n|poke|p1|Gardevoir, L50, M, shiny|\n|poke|p1|Incineroar, L50, M|\n|poke|p2|Tyranitar, L50, M|\n|poke|p2|Excadrill, L50, M|\n|poke|p2|Rotom-Wash, L50|\n|poke|p2|Sinistcha, L50|\n|poke|p2|Gengar, L50, F|\n|poke|p2|Corviknight, L50, M|\n|teampreview|4\n|inactive|Battle timer is ON: inactive players will automatically lose when time's up. (requested by ItsKapri)\n|\n|t:|1776651805\n|teamsize|p1|4\n|teamsize|p2|4\n|start\n|switch|p1a: Garchomp|Garchomp, L50, M|100/100\n|switch|p1b: Aerodactyl|Aerodactyl, L50, M|100/100\n|switch|p2a: Rotom|Rotom-Wash, L50|100/100\n|switch|p2b: Excadrill|Excadrill, L50, M|100/100\n|-ability|p1b: Aerodactyl|Unnerve\n|turn|1\n|\n|t:|1776651814\n|move|p2b: Excadrill|Protect|p2b: Excadrill\n|-singleturn|p2b: Excadrill|Protect\n|move|p1a: Garchomp|Protect|p1a: Garchomp\n|-singleturn|p1a: Garchomp|Protect\n|move|p1b: Aerodactyl|Tailwind|p1b: Aerodactyl\n|-sidestart|p1: ItsKapri|move: Tailwind\n|move|p2a: Rotom|Will-O-Wisp|p1a: Garchomp\n|-activate|p1a: Garchomp|move: Protect\n|\n|upkeep\n|turn|2\n|\n|t:|1776651830\n|switch|p2b: Sinistcha|Sinistcha, L50|100/100\n|move|p1b: Aerodactyl|Rock Slide|p2b: Sinistcha|[spread] p2a,p2b\n|-damage|p2a: Rotom|72/100\n|-damage|p2b: Sinistcha|80/100\n|move|p1a: Garchomp|Earthquake|p2a: Rotom|[spread] p2b\n|-immune|p1b: Aerodactyl\n|-immune|p2a: Rotom|[from] ability: Levitate\n|-resisted|p2b: Sinistcha|1\n|-damage|p2b: Sinistcha|62/100\n|cant|p2a: Rotom|flinch\n|\n|upkeep\n|turn|3\n|\n|t:|1776651845\n|switch|p1a: Incineroar|Incineroar, L50, M|100/100\n|-ability|p1a: Incineroar|Intimidate|boost\n|-unboost|p2a: Rotom|atk|1\n|-unboost|p2b: Sinistcha|atk|1\n|move|p1b: Aerodactyl|Dual Wingbeat|p2b: Sinistcha\n|-supereffective|p2b: Sinistcha|1\n|-damage|p2b: Sinistcha|28/100\n|-supereffective|p2b: Sinistcha|1\n|-damage|p2b: Sinistcha|0 fnt\n|faint|p2b: Sinistcha\n|-hitcount|p2: Sinistcha|2\n|move|p2a: Rotom|Will-O-Wisp|p1a: Incineroar\n|-immune|p1a: Incineroar\n|\n|upkeep\n|\n|t:|1776651851\n|switch|p2b: Tyranitar|Tyranitar, L50, M|100/100\n|-weather|Sandstorm|[from] ability: Sand Stream|[of] p2b: Tyranitar\n|turn|4\n|\n|t:|1776651869\n|detailschange|p2b: Tyranitar|Tyranitar-Mega, L50, M\n|-mega|p2b: Tyranitar|Tyranitar|Tyranitarite\n|move|p1a: Incineroar|Fake Out|p2a: Rotom\n|-damage|p2a: Rotom|60/100\n|move|p1b: Aerodactyl|Rock Slide|p2b: Tyranitar|[spread] p2a,p2b\n|-crit|p2a: Rotom\n|-damage|p2a: Rotom|22/100\n|-damage|p2b: Tyranitar|86/100\n|cant|p2a: Rotom|flinch\n|move|p2b: Tyranitar|Rock Slide|p1b: Aerodactyl|[spread] p1a,p1b\n|-supereffective|p1a: Incineroar|1\n|-supereffective|p1b: Aerodactyl|1\n|-damage|p1a: Incineroar|52/100\n|-enditem|p1b: Aerodactyl|Focus Sash\n|-damage|p1b: Aerodactyl|1/100\n|\n|-weather|Sandstorm|[upkeep]\n|-damage|p1a: Incineroar|46/100|[from] Sandstorm\n|-damage|p2a: Rotom|16/100|[from] Sandstorm\n|-enditem|p1a: Incineroar|Sitrus Berry|[eat]\n|-heal|p1a: Incineroar|71/100|[from] item: Sitrus Berry\n|-sideend|p1: ItsKapri|move: Tailwind\n|upkeep\n|turn|5\n|\n|t:|1776651887\n|move|p1b: Aerodactyl|Tailwind|p1b: Aerodactyl\n|-sidestart|p1: ItsKapri|move: Tailwind\n|move|p1a: Incineroar|Parting Shot|p2b: Tyranitar\n|-unboost|p2b: Tyranitar|atk|1\n|-unboost|p2b: Tyranitar|spa|1\n|\n|t:|1776651892\n|switch|p1a: Garchomp|Garchomp, L50, M|100/100|[from] Parting Shot\n|move|p2a: Rotom|Volt Switch|p1b: Aerodactyl\n|-supereffective|p1b: Aerodactyl|1\n|-damage|p1b: Aerodactyl|0 fnt\n|-enditem|p2a: Rotom|Sitrus Berry|[eat]\n|-heal|p2a: Rotom|41/100|[from] item: Sitrus Berry\n|faint|p1b: Aerodactyl\n|\n|t:|1776651897\n|switch|p2a: Excadrill|Excadrill, L50, M|100/100|[from] Volt Switch\n|move|p2b: Tyranitar|Rock Slide|p1a: Garchomp\n|-resisted|p1a: Garchomp|1\n|-damage|p1a: Garchomp|87/100\n|\n|-weather|Sandstorm|[upkeep]\n|upkeep\n|\n|t:|1776651902\n|switch|p1b: Incineroar|Incineroar, L50, M|71/100\n|-ability|p1b: Incineroar|Intimidate|boost\n|-unboost|p2a: Excadrill|atk|1\n|-unboost|p2b: Tyranitar|atk|1\n|turn|6\n|-message|taterstotz forfeited.\n|\n|win|ItsKapri\n|raw|ItsKapri's rating: 1413 &rarr; <strong>1437</strong><br />(+24 for winning)\n|raw|taterstotz's rating: 1489 &rarr; <strong>1465</strong><br />(-24 for losing)\n|l|\u203dtaterstotz\n|player|p2|\n",
  "uploadtime": 1776651904,
  "views": 26,
  "formatid": "gen9championsvgc2026regma",
  "rating": 1437,
  "private": 0,
  "password": null
}