{
  "id": "gen9championsvgc2026regma-2582912826",
  "format": "[Gen 9 Champions] VGC 2026 Reg M-A",
  "players": [
    "chichinitz",
    "Twat24"
  ],
  "log": "|j|\u2606chichinitz\n|j|\u2606Twat24\n|t:|1776124408\n|gametype|doubles\n|player|p1|chichinitz|psychic-gen4|1248\n|player|p2|Twat24|clair|1146\n|gen|9\n|tier|[Gen 9 Champions] VGC 2026 Reg M-A\n|rated|\n|rule|Species Clause: Limit one of each Pok\u00e9mon\n|rule|Item Clause: Limit 1 of each item\n|clearpoke\n|poke|p1|Meganium, L50, F|\n|poke|p1|Pelipper, L50, M|\n|poke|p1|Basculegion, L50, M|\n|poke|p1|Archaludon, L50, F|\n|poke|p1|Sinistcha, L50|\n|poke|p1|Manectric, L50, M|\n|poke|p2|Whimsicott, L50, F|\n|poke|p2|Garchomp, L50, M|\n|poke|p2|Sneasler, L50, M|\n|poke|p2|Incineroar, L50, M|\n|poke|p2|Charizard, L50, M|\n|poke|p2|Venusaur, L50, F|\n|teampreview|4\n|inactive|Battle timer is ON: inactive players will automatically lose when time's up. (requested by chichinitz)\n|\n|t:|1776124453\n|teamsize|p1|4\n|teamsize|p2|4\n|start\n|switch|p1a: Manectric|Manectric, L50, M|100/100\n|switch|p1b: Archaludon|Archaludon, L50, F|100/100\n|switch|p2a: Charizard|Charizard, L50, M, shiny|100/100\n|switch|p2b: Whimsicott|Whimsicott, L50, F, shiny|100/100\n|turn|1\n|\n|t:|1776124469\n|detailschange|p2a: Charizard|Charizard-Mega-Y, L50, M, shiny\n|-mega|p2a: Charizard|Charizard|Charizardite Y\n|-weather|SunnyDay|[from] ability: Drought|[of] p2a: Charizard\n|move|p2a: Charizard|Protect|p2a: Charizard\n|-singleturn|p2a: Charizard|Protect\n|move|p2b: Whimsicott|Moonblast|p1a: Manectric\n|-damage|p1a: Manectric|38/100\n|move|p1a: Manectric|Rain Dance|p1a: Manectric\n|-weather|RainDance\n|move|p1b: Archaludon|Electro Shot||[still]\n|-prepare|p1b: Archaludon|Electro Shot\n|-boost|p1b: Archaludon|spa|1\n|-anim|p1b: Archaludon|Electro Shot|p2a: Charizard\n|-activate|p2a: Charizard|move: Protect\n|\n|-weather|RainDance|[upkeep]\n|upkeep\n|turn|2\n|inactive|chichinitz has 30 seconds left.\n|\n|t:|1776124500\n|move|p2b: Whimsicott|Sunny Day|p2b: Whimsicott\n|-weather|SunnyDay\n|move|p1a: Manectric|Volt Switch|p2a: Charizard\n|-supereffective|p2a: Charizard|1\n|-damage|p2a: Charizard|33/100\n|\n|t:|1776124504\n|switch|p1a: Pelipper|Pelipper, L50, M|100/100|[from] Volt Switch\n|-weather|RainDance|[from] ability: Drizzle|[of] p1a: Pelipper\n|move|p2a: Charizard|Heat Wave|p1a: Pelipper|[spread] p1b\n|-miss|p2a: Charizard|p1a: Pelipper\n|-damage|p1b: Archaludon|79/100\n|move|p1b: Archaludon|Draco Meteor|p2a: Charizard\n|-damage|p2a: Charizard|0 fnt\n|-unboost|p1b: Archaludon|spa|2\n|faint|p2a: Charizard\n|\n|-weather|RainDance|[upkeep]\n|upkeep\n|\n|t:|1776124517\n|switch|p2a: Venusaur|Venusaur, L50, F, shiny|100/100\n|turn|3\n|\n|t:|1776124535\n|switch|p1a: Manectric|Manectric, L50, M|38/100\n|switch|p1b: Meganium|Meganium, L50, F|100/100\n|move|p2b: Whimsicott|Sunny Day|p2b: Whimsicott\n|-weather|SunnyDay\n|move|p2a: Venusaur|Sleep Powder|p1a: Manectric|[miss]\n|-miss|p2a: Venusaur|p1a: Manectric\n|\n|-weather|SunnyDay|[upkeep]\n|upkeep\n|turn|4\n|\n|t:|1776124554\n|detailschange|p1b: Meganium|Meganium-Mega, L50, F\n|-mega|p1b: Meganium|Meganium|Meganiumite\n|move|p2a: Venusaur|Weather Ball|p1b: Meganium\n|-supereffective|p1b: Meganium|1\n|-damage|p1b: Meganium|17/100\n|move|p2b: Whimsicott|Moonblast|p1a: Manectric\n|-damage|p1a: Manectric|0 fnt\n|faint|p1a: Manectric\n|move|p1b: Meganium|Weather Ball|p2a: Venusaur\n|-supereffective|p2a: Venusaur|1\n|-damage|p2a: Venusaur|0 fnt\n|faint|p2a: Venusaur\n|\n|-weather|SunnyDay|[upkeep]\n|upkeep\n|\n|t:|1776124572\n|switch|p1a: Archaludon|Archaludon, L50, F|79/100\n|switch|p2a: Garchomp|Garchomp, L50, M, shiny|100/100\n|turn|5\n|\n|t:|1776124589\n|switch|p1a: Pelipper|Pelipper, L50, M|100/100\n|-weather|RainDance|[from] ability: Drizzle|[of] p1a: Pelipper\n|move|p1b: Meganium|Protect|p1b: Meganium\n|-singleturn|p1b: Meganium|Protect\n|move|p2b: Whimsicott|Moonblast|p1b: Meganium\n|-activate|p1b: Meganium|move: Protect\n|move|p2a: Garchomp|Earthquake|p1b: Meganium|[spread] p2b\n|-activate|p1b: Meganium|move: Protect\n|-immune|p1a: Pelipper\n|-resisted|p2b: Whimsicott|1\n|-damage|p2b: Whimsicott|72/100\n|\n|-weather|RainDance|[upkeep]\n|upkeep\n|turn|6\n|inactive|Twat24 has 30 seconds left.\n|inactive|chichinitz has 30 seconds left.\n|\n|t:|1776124619\n|switch|p1b: Archaludon|Archaludon, L50, F|79/100\n|move|p2b: Whimsicott|Encore||[still]\n|-fail|p2b: Whimsicott\n|move|p2a: Garchomp|Rock Slide|p1b: Archaludon|[spread] p1a,p1b\n|-supereffective|p1a: Pelipper|1\n|-resisted|p1b: Archaludon|1\n|-damage|p1a: Pelipper|49/100\n|-damage|p1b: Archaludon|72/100\n|move|p1a: Pelipper|Tailwind|p1a: Pelipper\n|-sidestart|p1: chichinitz|move: Tailwind\n|\n|-weather|RainDance|[upkeep]\n|upkeep\n|turn|7\n|inactive|chichinitz has 30 seconds left.\n|\n|t:|1776124654\n|move|p1a: Pelipper|Wide Guard|p1a: Pelipper\n|-singleturn|p1a: Pelipper|Wide Guard\n|move|p2b: Whimsicott|Tailwind|p2b: Whimsicott\n|-sidestart|p2: Twat24|move: Tailwind\n|move|p2a: Garchomp|Rock Slide|p1b: Archaludon|[spread] \n|-activate|p1a: Pelipper|move: Wide Guard\n|-activate|p1b: Archaludon|move: Wide Guard\n|move|p1b: Archaludon|Flash Cannon|p2b: Whimsicott\n|-supereffective|p2b: Whimsicott|1\n|-damage|p2b: Whimsicott|0 fnt\n|faint|p2b: Whimsicott\n|\n|-weather|RainDance|[upkeep]\n|upkeep\n|turn|8\n|-message|Twat24 forfeited.\n|\n|win|chichinitz\n|raw|chichinitz's rating: 1248 &rarr; <strong>1266</strong><br />(+18 for winning)\n|raw|Twat24's rating: 1146 &rarr; <strong>1128</strong><br />(-18 for losing)\n|l|\u2606Twat24\n|player|p2|\n",
  "uploadtime": 1776124676,
  "views": 24,
  "formatid": "gen9championsvgc2026regma",
  "rating": 1128,
  "private": 0,
  "password": null
}