{
  "id": "gen9championsvgc2026regma-2584281446",
  "format": "[Gen 9 Champions] VGC 2026 Reg M-A",
  "players": [
    "devadyuti",
    "smp on whimsicott"
  ],
  "log": "|j|\u2606devadyuti\n|j|\u2606smp on whimsicott\n|t:|1776246704\n|gametype|doubles\n|player|p1|devadyuti|cynthia-gen4|1145\n|player|p2|smp on whimsicott|artist-gen4|1134\n|gen|9\n|tier|[Gen 9 Champions] VGC 2026 Reg M-A\n|rated|\n|rule|Species Clause: Limit one of each Pok\u00e9mon\n|rule|Item Clause: Limit 1 of each item\n|clearpoke\n|poke|p1|Tyranitar, L50, M|\n|poke|p1|Rotom-Wash, L50|\n|poke|p1|Garchomp, L50, F|\n|poke|p1|Whimsicott, L50, F|\n|poke|p1|Incineroar, L50, M|\n|poke|p1|Charizard, L50, F|\n|poke|p2|Incineroar, L50, F|\n|poke|p2|Politoed, L50, M|\n|poke|p2|Gengar, L50, M|\n|poke|p2|Whimsicott, L50, F|\n|poke|p2|Floette-Eternal, L50, F|\n|poke|p2|Kommo-o, L50, F|\n|teampreview|4\n|\n|t:|1776246758\n|teamsize|p1|4\n|teamsize|p2|4\n|start\n|switch|p1a: Charizard|Charizard, L50, F|100/100\n|switch|p1b: Incineroar|Incineroar, L50, M|100/100\n|switch|p2a: Gengar|Gengar, L50, M|100/100\n|switch|p2b: Politoed|Politoed, L50, M|100/100\n|-weather|RainDance|[from] ability: Drizzle|[of] p2b: Politoed\n|-ability|p1b: Incineroar|Intimidate|boost\n|-unboost|p2a: Gengar|atk|1\n|-unboost|p2b: Politoed|atk|1\n|turn|1\n|\n|t:|1776246784\n|switch|p2b: Incineroar|Incineroar, L50, F|100/100\n|-ability|p2b: Incineroar|Intimidate|boost\n|-unboost|p1a: Charizard|atk|1\n|-unboost|p1b: Incineroar|atk|1\n|detailschange|p2a: Gengar|Gengar-Mega, L50, M\n|-mega|p2a: Gengar|Gengar|Gengarite\n|detailschange|p1a: Charizard|Charizard-Mega-Y, L50, F\n|-mega|p1a: Charizard|Charizard|Charizardite Y\n|-weather|SunnyDay|[from] ability: Drought|[of] p1a: Charizard\n|move|p2a: Gengar|Protect|p2a: Gengar\n|-singleturn|p2a: Gengar|Protect\n|move|p1a: Charizard|Heat Wave|p2a: Gengar|[spread] p2b\n|-activate|p2a: Gengar|move: Protect\n|-resisted|p2b: Incineroar|1\n|-damage|p2b: Incineroar|77/100\n|move|p1b: Incineroar|Parting Shot|p2a: Gengar\n|-activate|p2a: Gengar|move: Protect\n|\n|-weather|SunnyDay|[upkeep]\n|upkeep\n|turn|2\n|\n|t:|1776246849\n|switch|p2a: Politoed|Politoed, L50, M|100/100\n|-weather|RainDance|[from] ability: Drizzle|[of] p2a: Politoed\n|move|p1a: Charizard|Protect|p1a: Charizard\n|-singleturn|p1a: Charizard|Protect\n|move|p1b: Incineroar|Parting Shot|p2a: Politoed\n|-unboost|p2a: Politoed|atk|1\n|-unboost|p2a: Politoed|spa|1\n|\n|t:|1776246861\n|switch|p1b: Garchomp|Garchomp, L50, F|100/100|[from] Parting Shot\n|move|p2b: Incineroar|Parting Shot|p1a: Charizard\n|-activate|p1a: Charizard|move: Protect\n|\n|-weather|RainDance|[upkeep]\n|upkeep\n|turn|3\n|\n|t:|1776246885\n|switch|p1a: Whimsicott|Whimsicott, L50, F|100/100\n|switch|p2b: Whimsicott|Whimsicott, L50, F|100/100\n|move|p1b: Garchomp|Earthquake|p2a: Politoed|[spread] p1a,p2a,p2b\n|-resisted|p1a: Whimsicott|1\n|-resisted|p2b: Whimsicott|1\n|-damage|p1a: Whimsicott|69/100\n|-damage|p2a: Politoed|68/100\n|-damage|p2b: Whimsicott|67/100\n|move|p2a: Politoed|Icy Wind|p1a: Whimsicott|[spread] p1a,p1b\n|-supereffective|p1a: Whimsicott|1\n|-supereffective|p1b: Garchomp|2\n|-damage|p1a: Whimsicott|49/100\n|-damage|p1b: Garchomp|75/100\n|-unboost|p1a: Whimsicott|spe|1\n|-unboost|p1b: Garchomp|spe|1\n|\n|-weather|RainDance|[upkeep]\n|upkeep\n|turn|4\n|\n|t:|1776246931\n|switch|p1b: Charizard|Charizard-Mega-Y, L50, F|100/100\n|-weather|SunnyDay|[from] ability: Drought|[of] p1b: Charizard\n|move|p2b: Whimsicott|Moonblast|p1a: Whimsicott\n|-damage|p1a: Whimsicott|0 fnt\n|faint|p1a: Whimsicott\n|move|p2a: Politoed|Icy Wind|p1b: Charizard\n|-crit|p1b: Charizard\n|-damage|p1b: Charizard|84/100\n|-unboost|p1b: Charizard|spe|1\n|\n|-weather|SunnyDay|[upkeep]\n|upkeep\n|\n|t:|1776246954\n|switch|p1a: Garchomp|Garchomp, L50, F|75/100\n|turn|5\n|\n|t:|1776246979\n|switch|p2a: Incineroar|Incineroar, L50, F|77/100\n|-ability|p2a: Incineroar|Intimidate|boost\n|-unboost|p1a: Garchomp|atk|1\n|-unboost|p1b: Charizard|atk|1\n|move|p2b: Whimsicott|Tailwind|p2b: Whimsicott\n|-sidestart|p2: smp on whimsicott|move: Tailwind\n|move|p1a: Garchomp|Iron Head|p2b: Whimsicott\n|-supereffective|p2b: Whimsicott|1\n|-damage|p2b: Whimsicott|6/100\n|move|p1b: Charizard|Solar Beam||[still]\n|-prepare|p1b: Charizard|Solar Beam\n|-anim|p1b: Charizard|Solar Beam|p2a: Incineroar\n|-resisted|p2a: Incineroar|1\n|-crit|p2a: Incineroar\n|-damage|p2a: Incineroar|45/100\n|\n|-weather|SunnyDay|[upkeep]\n|upkeep\n|turn|6\n|\n|t:|1776247001\n|switch|p1a: Incineroar|Incineroar, L50, M|100/100\n|-ability|p1a: Incineroar|Intimidate|boost\n|-unboost|p2a: Incineroar|atk|1\n|-unboost|p2b: Whimsicott|atk|1\n|move|p1b: Charizard|Protect|p1b: Charizard\n|-singleturn|p1b: Charizard|Protect\n|move|p2b: Whimsicott|Moonblast|p1a: Incineroar\n|-damage|p1a: Incineroar|72/100\n|move|p2a: Incineroar|Throat Chop|p1b: Charizard\n|-activate|p1b: Charizard|move: Protect\n|\n|-weather|SunnyDay|[upkeep]\n|upkeep\n|turn|7\n|\n|t:|1776247043\n|switch|p2b: Politoed|Politoed, L50, M|68/100\n|-weather|RainDance|[from] ability: Drizzle|[of] p2b: Politoed\n|move|p1a: Incineroar|Fake Out|p2a: Incineroar\n|-damage|p2a: Incineroar|35/100\n|cant|p2a: Incineroar|flinch\n|move|p1b: Charizard|Heat Wave|p2a: Incineroar|[spread] p2b\n|-miss|p1b: Charizard|p2a: Incineroar\n|-resisted|p2b: Politoed|1\n|-damage|p2b: Politoed|58/100\n|-status|p2b: Politoed|brn\n|\n|-weather|RainDance|[upkeep]\n|-damage|p2b: Politoed|52/100 brn|[from] brn\n|upkeep\n|turn|8\n|inactive|Battle timer is ON: inactive players will automatically lose when time's up. (requested by smp on whimsicott)\n|inactive|devadyuti has 60 seconds left.\n|\n|t:|1776247086\n|switch|p1a: Garchomp|Garchomp, L50, F|75/100\n|move|p2b: Politoed|Muddy Water|p1a: Garchomp|[spread] p1a,p1b\n|-supereffective|p1b: Charizard|1\n|-damage|p1a: Garchomp|40/100\n|-damage|p1b: Charizard|18/100\n|move|p2a: Incineroar|Parting Shot|p1a: Garchomp\n|-unboost|p1a: Garchomp|atk|1\n|-unboost|p1a: Garchomp|spa|1\n|\n|t:|1776247107\n|switch|p2a: Whimsicott|Whimsicott, L50, F|6/100|[from] Parting Shot\n|move|p1b: Charizard|Weather Ball|p2a: Whimsicott\n|-resisted|p2a: Whimsicott|1\n|-damage|p2a: Whimsicott|0 fnt\n|faint|p2a: Whimsicott\n|\n|-weather|RainDance|[upkeep]\n|-damage|p2b: Politoed|46/100 brn|[from] brn\n|-sideend|p2: smp on whimsicott|move: Tailwind\n|upkeep\n|-enditem|p2b: Politoed|Sitrus Berry|[eat]\n|-heal|p2b: Politoed|71/100 brn|[from] item: Sitrus Berry\n|\n|t:|1776247111\n|switch|p2a: Gengar|Gengar-Mega, L50, M|100/100\n|turn|9\n|\n|t:|1776247128\n|move|p1b: Charizard|Protect|p1b: Charizard\n|-singleturn|p1b: Charizard|Protect\n|move|p1a: Garchomp|Earthquake|p2b: Politoed|[spread] p2a,p2b\n|-activate|p1b: Charizard|move: Protect\n|-supereffective|p2a: Gengar|1\n|-damage|p2a: Gengar|27/100\n|-damage|p2b: Politoed|49/100 brn\n|move|p2a: Gengar|Shadow Ball|p1a: Garchomp\n|-damage|p1a: Garchomp|0 fnt\n|faint|p1a: Garchomp\n|move|p2b: Politoed|Muddy Water|p1b: Charizard\n|-activate|p1b: Charizard|move: Protect\n|\n|-weather|RainDance|[upkeep]\n|-damage|p2b: Politoed|43/100 brn|[from] brn\n|upkeep\n|\n|t:|1776247143\n|switch|p1a: Incineroar|Incineroar, L50, M|72/100\n|-ability|p1a: Incineroar|Intimidate|boost\n|-unboost|p2a: Gengar|atk|1\n|-unboost|p2b: Politoed|atk|1\n|turn|10\n|\n|t:|1776247166\n|move|p1a: Incineroar|Fake Out|p2b: Politoed\n|-damage|p2b: Politoed|32/100 brn\n|move|p2a: Gengar|Shadow Ball|p1b: Charizard\n|-damage|p1b: Charizard|0 fnt\n|faint|p1b: Charizard\n|cant|p2b: Politoed|flinch\n|\n|-weather|RainDance|[upkeep]\n|-damage|p2b: Politoed|25/100 brn|[from] brn\n|upkeep\n|turn|11\n|-message|devadyuti forfeited.\n|\n|win|smp on whimsicott\n|raw|devadyuti's rating: 1145 &rarr; <strong>1119</strong><br />(-26 for losing)\n|raw|smp on whimsicott's rating: 1134 &rarr; <strong>1160</strong><br />(+26 for winning)\n|l|\u2606devadyuti\n|player|p1|\n",
  "uploadtime": 1776247175,
  "views": 23,
  "formatid": "gen9championsvgc2026regma",
  "rating": 1119,
  "private": 0,
  "password": null
}