{
  "id": "gen9championsvgc2026regma-2586117158",
  "format": "[Gen 9 Champions] VGC 2026 Reg M-A",
  "players": [
    "jamppa500",
    "Phillip Blevin"
  ],
  "log": "|j|\u2606jamppa500\n|j|\u2606Phillip Blevin\n|t:|1776401034\n|gametype|doubles\n|player|p1|jamppa500|hiker|1378\n|player|p2|Phillip Blevin|cynthia-masters4|1318\n|gen|9\n|tier|[Gen 9 Champions] VGC 2026 Reg M-A\n|rated|\n|rule|Species Clause: Limit one of each Pok\u00e9mon\n|rule|Item Clause: Limit 1 of each item\n|clearpoke\n|poke|p1|Gardevoir, L50, F|\n|poke|p1|Kingambit, L50, M|\n|poke|p1|Milotic, L50, M|\n|poke|p1|Sneasler, L50, F|\n|poke|p1|Zoroark-Hisui, L50, M|\n|poke|p1|Machamp, L50, M|\n|poke|p2|Froslass, L50, F|\n|poke|p2|Corviknight, L50, F|\n|poke|p2|Incineroar, L50, F|\n|poke|p2|Rotom-Mow, L50|\n|poke|p2|Sneasler, L50, F|\n|poke|p2|Primarina, L50, F|\n|teampreview|4\n|inactive|Battle timer is ON: inactive players will automatically lose when time's up. (requested by Phillip Blevin)\nPhillip Blevin has agreed to open team sheets.\n|inactive|jamppa500 has 60 seconds left.\n|\n|t:|1776401069\n|teamsize|p1|4\n|teamsize|p2|4\n|start\n|switch|p1a: Gardevoir|Gardevoir, L50, F, shiny|100/100\n|switch|p1b: Milotic|Milotic, L50, M|100/100\n|switch|p2a: Rotom|Rotom-Mow, L50|100/100\n|switch|p2b: Incineroar|Incineroar, L50, F|100/100\n|-ability|p2b: Incineroar|Intimidate|boost\n|-unboost|p1a: Gardevoir|atk|1\n|-unboost|p1b: Milotic|atk|1\n|-ability|p1b: Milotic|Competitive|boost\n|-boost|p1b: Milotic|spa|2\n|turn|1\n|\n|t:|1776401089\n|move|p1b: Milotic|Protect|p1b: Milotic\n|-singleturn|p1b: Milotic|Protect\n|move|p2b: Incineroar|Fake Out|p1a: Gardevoir\n|-immune|p1a: Gardevoir\n|move|p1a: Gardevoir|Sludge Bomb|p2a: Rotom\n|-supereffective|p2a: Rotom|1\n|-damage|p2a: Rotom|33/100\n|move|p2a: Rotom|Leaf Storm|p1b: Milotic\n|-activate|p1b: Milotic|move: Protect\n|\n|upkeep\n|turn|2\n|\n|t:|1776401104\n|move|p1a: Gardevoir|Sludge Bomb|p2a: Rotom\n|-supereffective|p2a: Rotom|1\n|-damage|p2a: Rotom|0 fnt\n|faint|p2a: Rotom\n|move|p1b: Milotic|Scald|p2b: Incineroar\n|-supereffective|p2b: Incineroar|1\n|-enditem|p2b: Incineroar|Passho Berry|[eat]\n|-enditem|p2b: Incineroar|Passho Berry|[weaken]\n|-damage|p2b: Incineroar|35/100\n|move|p2b: Incineroar|Darkest Lariat|p1a: Gardevoir\n|-supereffective|p1a: Gardevoir|1\n|-crit|p1a: Gardevoir\n|-damage|p1a: Gardevoir|0 fnt\n|replace|p1a: Zoroark|Zoroark-Hisui, L50, M\n|-end|p1a: Zoroark|Illusion\n|faint|p1a: Zoroark\n|\n|upkeep\n|\n|t:|1776401117\n|switch|p1a: Gardevoir|Gardevoir, L50, F, shiny|100/100\n|switch|p2a: Froslass|Froslass, L50, F|100/100\n|turn|3\n|\n|t:|1776401129\n|detailschange|p2a: Froslass|Froslass-Mega, L50, F\n|-mega|p2a: Froslass|Froslass|Froslassite\n|-weather|Snowscape|[from] ability: Snow Warning|[of] p2a: Froslass\n|move|p1a: Gardevoir|Protect|p1a: Gardevoir\n|-singleturn|p1a: Gardevoir|Protect\n|move|p2a: Froslass|Aurora Veil|p2a: Froslass\n|-sidestart|p2: Phillip Blevin|move: Aurora Veil\n|move|p1b: Milotic|Icy Wind|p2b: Incineroar|[spread] p2a,p2b\n|-resisted|p2a: Froslass|1\n|-resisted|p2b: Incineroar|1\n|-damage|p2a: Froslass|90/100\n|-damage|p2b: Incineroar|28/100\n|-unboost|p2a: Froslass|spe|1\n|-unboost|p2b: Incineroar|spe|1\n|move|p2b: Incineroar|Flare Blitz|p1a: Gardevoir\n|-activate|p1a: Gardevoir|move: Protect\n|\n|-weather|Snowscape|[upkeep]\n|upkeep\n|turn|4\n|\n|t:|1776401149\n|detailschange|p1a: Gardevoir|Gardevoir-Mega, L50, F, shiny\n|-mega|p1a: Gardevoir|Gardevoir|Gardevoirite\n|move|p1a: Gardevoir|Mystical Fire|p2a: Froslass\n|-supereffective|p2a: Froslass|1\n|-damage|p2a: Froslass|34/100\n|-unboost|p2a: Froslass|spa|1\n|move|p2a: Froslass|Shadow Ball|p1a: Gardevoir\n|-supereffective|p1a: Gardevoir|1\n|-damage|p1a: Gardevoir|40/100\n|-unboost|p1a: Gardevoir|spd|1\n|move|p1b: Milotic|Scald|p2b: Incineroar\n|-supereffective|p2b: Incineroar|1\n|-damage|p2b: Incineroar|0 fnt\n|faint|p2b: Incineroar\n|\n|-weather|Snowscape|[upkeep]\n|upkeep\n|\n|t:|1776401157\n|switch|p2b: Primarina|Primarina, L50, F|100/100\n|turn|5\n|\n|t:|1776401166\n|move|p1a: Gardevoir|Hyper Voice|p2b: Primarina|[spread] p2a,p2b\n|-damage|p2a: Froslass|0 fnt\n|-damage|p2b: Primarina|73/100\n|faint|p2a: Froslass\n|move|p1b: Milotic|Ice Beam|p2b: Primarina\n|-resisted|p2b: Primarina|1\n|-damage|p2b: Primarina|59/100\n|move|p2b: Primarina|Calm Mind|p2b: Primarina\n|-boost|p2b: Primarina|spa|1\n|-boost|p2b: Primarina|spd|1\n|\n|-weather|Snowscape|[upkeep]\n|upkeep\n|turn|6\n|\n|t:|1776401176\n|move|p1a: Gardevoir|Mystical Fire|p2b: Primarina\n|-resisted|p2b: Primarina|1\n|-damage|p2b: Primarina|53/100\n|-unboost|p2b: Primarina|spa|1\n|move|p1b: Milotic|Ice Beam|p2b: Primarina\n|-resisted|p2b: Primarina|1\n|-damage|p2b: Primarina|44/100\n|-enditem|p2b: Primarina|Sitrus Berry|[eat]\n|-heal|p2b: Primarina|69/100|[from] item: Sitrus Berry\n|move|p2b: Primarina|Hyper Voice|p1b: Milotic|[spread] p1a,p1b\n|-resisted|p1b: Milotic|1\n|-damage|p1a: Gardevoir|0 fnt\n|-damage|p1b: Milotic|90/100\n|faint|p1a: Gardevoir\n|\n|-weather|Snowscape|[upkeep]\n|-heal|p1b: Milotic|95/100|[from] item: Leftovers\n|upkeep\n|\n|t:|1776401179\n|switch|p1a: Machamp|Machamp, L50, M|100/100\n|turn|7\n|\n|t:|1776401188\n|move|p2b: Primarina|Protect|p2b: Primarina\n|-singleturn|p2b: Primarina|Protect\n|move|p1b: Milotic|Ice Beam|p2b: Primarina\n|-activate|p2b: Primarina|move: Protect\n|move|p1a: Machamp|Knock Off|p2b: Primarina\n|-activate|p2b: Primarina|move: Protect\n|\n|-weather|none\n|-heal|p1b: Milotic|100/100|[from] item: Leftovers\n|-sideend|p2: Phillip Blevin|move: Aurora Veil\n|upkeep\n|turn|8\n|\n|t:|1776401196\n|move|p1b: Milotic|Icy Wind|p2b: Primarina\n|-resisted|p2b: Primarina|1\n|-damage|p2b: Primarina|60/100\n|-unboost|p2b: Primarina|spe|1\n|move|p1a: Machamp|Knock Off|p2b: Primarina\n|-resisted|p2b: Primarina|1\n|-damage|p2b: Primarina|47/100\n|move|p2b: Primarina|Moonblast|p1a: Machamp\n|-supereffective|p1a: Machamp|1\n|-enditem|p1a: Machamp|Roseli Berry|[eat]\n|-enditem|p1a: Machamp|Roseli Berry|[weaken]\n|-damage|p1a: Machamp|56/100\n|\n|upkeep\n|turn|9\n|\n|t:|1776401213\n|move|p1b: Milotic|Ice Beam|p2b: Primarina\n|-resisted|p2b: Primarina|1\n|-damage|p2b: Primarina|33/100\n|move|p1a: Machamp|Dynamic Punch|p2b: Primarina\n|-resisted|p2b: Primarina|1\n|-damage|p2b: Primarina|6/100\n|-start|p2b: Primarina|confusion\n|-activate|p2b: Primarina|confusion\n|move|p2b: Primarina|Hyper Voice|p1a: Machamp|[spread] p1a,p1b\n|-resisted|p1b: Milotic|1\n|-damage|p1a: Machamp|24/100\n|-damage|p1b: Milotic|88/100\n|\n|-heal|p1b: Milotic|94/100|[from] item: Leftovers\n|upkeep\n|turn|10\n|-message|Phillip Blevin forfeited.\n|\n|win|jamppa500\n|raw|jamppa500's rating: 1378 &rarr; <strong>1395</strong><br />(+17 for winning)\n|raw|Phillip Blevin's rating: 1318 &rarr; <strong>1301</strong><br />(-17 for losing)\n",
  "uploadtime": 1776401222,
  "views": 27,
  "formatid": "gen9championsvgc2026regma",
  "rating": 1301,
  "private": 0,
  "password": null
}