{
  "id": "gen9championsvgc2026regma-2587313505",
  "format": "[Gen 9 Champions] VGC 2026 Reg M-A",
  "players": [
    "ismokeweed",
    "ArgosX5"
  ],
  "log": "|j|\u2606ismokeweed\n|j|\u2606ArgosX5\n|t:|1776521068\n|gametype|doubles\n|player|p1|ismokeweed|depotagent|1156\n|player|p2|ArgosX5|cynthia-gen4|1162\n|gen|9\n|tier|[Gen 9 Champions] VGC 2026 Reg M-A\n|rated|\n|rule|Species Clause: Limit one of each Pok\u00e9mon\n|rule|Item Clause: Limit 1 of each item\n|clearpoke\n|poke|p1|Maushold, L50|\n|poke|p1|Oranguru, L50, F|\n|poke|p1|Orthworm, L50, F|\n|poke|p1|Froslass, L50, F|\n|poke|p1|Rotom-Wash, L50|\n|poke|p1|Volcarona, L50, F|\n|poke|p2|Golurk, L50, shiny|\n|poke|p2|Farigiraf, L50, M|\n|poke|p2|Incineroar, L50, F|\n|poke|p2|Torkoal, L50, F|\n|poke|p2|Venusaur, L50, F|\n|poke|p2|Sneasler, L50, F|\n|teampreview|4\n|\n|t:|1776521118\n|teamsize|p1|4\n|teamsize|p2|4\n|start\n|switch|p1a: Maushold|Maushold, L50|100/100\n|switch|p1b: Oranguru|Oranguru, L50, F|100/100\n|switch|p2a: Farigiraf|Farigiraf, L50, M|100/100\n|switch|p2b: Incineroar|Incineroar, L50, F|100/100\n|-ability|p2b: Incineroar|Intimidate|boost\n|-unboost|p1a: Maushold|atk|1\n|-fail|p1b: Oranguru|unboost|Attack|[from] ability: Inner Focus|[of] p1b: Oranguru\n|turn|1\n|inactive|Battle timer is ON: inactive players will automatically lose when time's up. (requested by ismokeweed)\n|\n|t:|1776521144\n|move|p2b: Incineroar|Fake Out|p1a: Maushold\n|-damage|p1a: Maushold|85/100\n|cant|p1a: Maushold|flinch\n|move|p1b: Oranguru|Trick|p2b: Incineroar\n|-activate|p1b: Oranguru|move: Trick|[of] p2b: Incineroar\n|-item|p2b: Incineroar|Choice Scarf|[from] move: Trick\n|-item|p1b: Oranguru|Shuca Berry|[from] move: Trick\n|move|p2a: Farigiraf|Hyper Voice|p1a: Maushold|[spread] p1a,p1b\n|-damage|p1a: Maushold|41/100\n|-damage|p1b: Oranguru|78/100\n|\n|upkeep\n|turn|2\n|\n|t:|1776521164\n|move|p1a: Maushold|Population Bomb|p2a: Farigiraf\n|-damage|p2a: Farigiraf|94/100\n|-damage|p2a: Farigiraf|87/100\n|-damage|p2a: Farigiraf|81/100\n|-damage|p2a: Farigiraf|74/100\n|-damage|p2a: Farigiraf|68/100\n|-damage|p2a: Farigiraf|62/100\n|-damage|p2a: Farigiraf|56/100\n|-damage|p2a: Farigiraf|50/100\n|-enditem|p2a: Farigiraf|Sitrus Berry|[eat]\n|-heal|p2a: Farigiraf|75/100|[from] item: Sitrus Berry\n|-damage|p2a: Farigiraf|68/100\n|-damage|p2a: Farigiraf|62/100\n|-hitcount|p2a: Farigiraf|10\n|move|p2b: Incineroar|Darkest Lariat|p1b: Oranguru\n|-supereffective|p1b: Oranguru|1\n|-damage|p1b: Oranguru|8/100\n|move|p1b: Oranguru|Instruct|p1a: Maushold\n|-singleturn|p1a: Maushold|move: Instruct|[of] p1b: Oranguru\n|move|p1a: Maushold|Population Bomb|p2a: Farigiraf\n|-damage|p2a: Farigiraf|57/100\n|-damage|p2a: Farigiraf|51/100\n|-damage|p2a: Farigiraf|45/100\n|-hitcount|p2a: Farigiraf|3\n|cant|p2a: Farigiraf|flinch\n|\n|upkeep\n|turn|3\n|inactive|ismokeweed has 30 seconds left.\n|inactive|ismokeweed has 20 seconds left.\n|inactive|ismokeweed has 15 seconds left.\n|\n|t:|1776521207\n|switch|p2a: Golurk|Golurk, L50, shiny|100/100\n|move|p1a: Maushold|Bite|p2a: Golurk\n|-supereffective|p2a: Golurk|1\n|-damage|p2a: Golurk|68/100\n|move|p2b: Incineroar|Darkest Lariat|p1b: Oranguru\n|-supereffective|p1b: Oranguru|1\n|-damage|p1b: Oranguru|0 fnt\n|faint|p1b: Oranguru\n|\n|upkeep\n|\n|t:|1776521219\n|switch|p1b: Volcarona|Volcarona, L50, F|100/100\n|turn|4\n|\n|t:|1776521232\n|move|p2a: Golurk|Protect|p2a: Golurk\n|-singleturn|p2a: Golurk|Protect\n|move|p1a: Maushold|Population Bomb|p2b: Incineroar\n|-damage|p2b: Incineroar|95/100\n|-damage|p2b: Incineroar|89/100\n|-damage|p2b: Incineroar|83/100\n|-damage|p2b: Incineroar|78/100\n|-damage|p2b: Incineroar|72/100\n|-damage|p2b: Incineroar|66/100\n|-damage|p2b: Incineroar|60/100\n|-damage|p2b: Incineroar|54/100\n|-damage|p2b: Incineroar|48/100\n|-damage|p2b: Incineroar|42/100\n|-hitcount|p2b: Incineroar|10\n|move|p1b: Volcarona|Bug Buzz|p2b: Incineroar\n|-damage|p2b: Incineroar|1/100\n|cant|p2b: Incineroar|flinch\n|\n|upkeep\n|turn|5\n|\n|t:|1776521256\n|switch|p2b: Farigiraf|Farigiraf, L50, M|45/100\n|detailschange|p2a: Golurk|Golurk-Mega, L50, shiny\n|-mega|p2a: Golurk|Golurk|Golurkite\n|move|p1a: Maushold|Encore|p2a: Golurk\n|-start|p2a: Golurk|Encore\n|move|p2a: Golurk|Protect|p2a: Golurk\n|-singleturn|p2a: Golurk|Protect\n|move|p1b: Volcarona|Heat Wave|p2a: Golurk|[spread] p2b\n|-activate|p2a: Golurk|move: Protect\n|-damage|p2b: Farigiraf|9/100\n|\n|upkeep\n|turn|6\n|\n|t:|1776521272\n|switch|p2a: Incineroar|Incineroar, L50, F|1/100\n|-ability|p2a: Incineroar|Intimidate|boost\n|-unboost|p1a: Maushold|atk|1\n|-unboost|p1b: Volcarona|atk|1\n|move|p1a: Maushold|Bite|p2a: Incineroar\n|-resisted|p2a: Incineroar|1\n|-damage|p2a: Incineroar|0 fnt\n|faint|p2a: Incineroar\n|move|p1b: Volcarona|Heat Wave|p2b: Farigiraf\n|-damage|p2b: Farigiraf|0 fnt\n|faint|p2b: Farigiraf\n|\n|upkeep\n|\n|t:|1776521280\n|switch|p2a: Sneasler|Sneasler, L50, F|100/100\n|switch|p2b: Golurk|Golurk-Mega, L50, shiny|68/100\n|turn|7\n|\n|t:|1776521301\n|move|p2a: Sneasler|Fake Out|p1a: Maushold\n|-damage|p1a: Maushold|18/100\n|cant|p1a: Maushold|flinch\n|move|p1b: Volcarona|Tailwind|p1b: Volcarona\n|-sidestart|p1: ismokeweed|move: Tailwind\n|move|p2b: Golurk|Poltergeist|p1b: Volcarona\n|-activate|p1b: Volcarona|move: Poltergeist|Focus Sash\n|-enditem|p1b: Volcarona|Focus Sash\n|-damage|p1b: Volcarona|1/100\n|\n|upkeep\n|turn|8\n|\n|t:|1776521330\n|move|p2b: Golurk|Protect|p2b: Golurk\n|-singleturn|p2b: Golurk|Protect\n|move|p1b: Volcarona|Rage Powder|p1b: Volcarona\n|-singleturn|p1b: Volcarona|move: Rage Powder\n|move|p1a: Maushold|Population Bomb|p2a: Sneasler\n|-damage|p2a: Sneasler|91/100\n|-damage|p2a: Sneasler|81/100\n|-damage|p2a: Sneasler|72/100\n|-damage|p2a: Sneasler|62/100\n|-damage|p2a: Sneasler|51/100\n|-damage|p2a: Sneasler|41/100\n|-damage|p2a: Sneasler|32/100\n|-damage|p2a: Sneasler|22/100\n|-damage|p2a: Sneasler|12/100\n|-crit|p2a: Sneasler\n|-damage|p2a: Sneasler|0 fnt\n|faint|p2a: Sneasler\n|-hitcount|p2: Sneasler|10\n|\n|upkeep\n|turn|9\n|\n|t:|1776521344\n|move|p1a: Maushold|Bite|p2b: Golurk\n|-supereffective|p2b: Golurk|1\n|-damage|p2b: Golurk|48/100\n|move|p1b: Volcarona|Heat Wave|p2b: Golurk\n|-damage|p2b: Golurk|0 fnt\n|faint|p2b: Golurk\n|\n|win|ismokeweed\n|raw|ismokeweed's rating: 1156 &rarr; <strong>1181</strong><br />(+25 for winning)\n|raw|ArgosX5's rating: 1162 &rarr; <strong>1137</strong><br />(-25 for losing)\n|l|\u2606ArgosX5\n|player|p2|\n",
  "uploadtime": 1776521395,
  "views": 14,
  "formatid": "gen9championsvgc2026regma",
  "rating": 1137,
  "private": 0,
  "password": null
}