{
  "id": "gen9championsvgc2026regma-2581706976",
  "format": "[Gen 9 Champions] VGC 2026 Reg M-A",
  "players": [
    "Missed Ledgedash",
    "chaarlyyyyy"
  ],
  "log": "|j|\u2606Missed Ledgedash\n|j|\u2606chaarlyyyyy\n|t:|1776022240\n|gametype|doubles\n|player|p1|Missed Ledgedash|juan-gen3|1126\n|player|p2|chaarlyyyyy|170|1206\n|gen|9\n|tier|[Gen 9 Champions] VGC 2026 Reg M-A\n|rated|\n|rule|Species Clause: Limit one of each Pok\u00e9mon\n|rule|Item Clause: Limit 1 of each item\n|clearpoke\n|poke|p1|Incineroar, L50, M|\n|poke|p1|Gengar, L50, F|\n|poke|p1|Gyarados, L50, M|\n|poke|p1|Tyranitar, L50, F|\n|poke|p1|Sneasler, L50, F|\n|poke|p1|Excadrill, L50, M|\n|poke|p2|Politoed, L50, M|\n|poke|p2|Gengar, L50, M|\n|poke|p2|Basculegion, L50, M|\n|poke|p2|Incineroar, L50, M|\n|poke|p2|Whimsicott, L50, F|\n|poke|p2|Floette-Eternal, L50, F|\n|teampreview|4\n|inactive|Battle timer is ON: inactive players will automatically lose when time's up. (requested by chaarlyyyyy)\n|inactive|Missed Ledgedash has 60 seconds left.\n|\n|t:|1776022295\n|teamsize|p1|4\n|teamsize|p2|4\n|start\n|switch|p1a: Tyranitar|Tyranitar, L50, F|100/100\n|switch|p1b: Sneasler|Sneasler, L50, F|100/100\n|switch|p2a: Basculegion|Basculegion, L50, M|100/100\n|switch|p2b: Whimsicott|Whimsicott, L50, F, shiny|100/100\n|-weather|Sandstorm|[from] ability: Sand Stream|[of] p1a: Tyranitar\n|turn|1\n|\n|t:|1776022313\n|switch|p2b: CARLITOS|Politoed, L50, M, shiny|100/100\n|-weather|RainDance|[from] ability: Drizzle|[of] p2b: CARLITOS\n|detailschange|p1a: Tyranitar|Tyranitar-Mega, L50, F\n|-mega|p1a: Tyranitar|Tyranitar|Tyranitarite\n|-weather|Sandstorm|[from] ability: Sand Stream|[of] p1a: Tyranitar\n|move|p1b: Sneasler|Fake Out|p2b: CARLITOS\n|-damage|p2b: CARLITOS|86/100\n|move|p2a: Basculegion|Flip Turn|p1b: Sneasler\n|-crit|p1b: Sneasler\n|-damage|p1b: Sneasler|0 fnt\n|faint|p1b: Sneasler\n|\n|t:|1776022324\n|switch|p2a: Whimsicott|Whimsicott, L50, F, shiny|100/100|[from] Flip Turn\n|move|p1a: Tyranitar|Knock Off|p2a: Whimsicott\n|-resisted|p2a: Whimsicott|1\n|-damage|p2a: Whimsicott|68/100\n|-enditem|p2a: Whimsicott|Focus Sash|[from] move: Knock Off|[of] p1a: Tyranitar\n|\n|-weather|Sandstorm|[upkeep]\n|-damage|p2a: Whimsicott|62/100|[from] Sandstorm\n|-damage|p2b: CARLITOS|80/100|[from] Sandstorm\n|upkeep\n|\n|t:|1776022333\n|switch|p1b: Excadrill|Excadrill, L50, M|100/100\n|turn|2\n|\n|t:|1776022340\n|switch|p2b: Basculegion|Basculegion, L50, M|100/100\n|move|p2a: Whimsicott|Tailwind|p2a: Whimsicott\n|-sidestart|p2: chaarlyyyyy|move: Tailwind\n|move|p1b: Excadrill|Rock Slide|p2a: Whimsicott|[spread] p2a,p2b\n|-damage|p2a: Whimsicott|41/100\n|-damage|p2b: Basculegion|77/100\n|move|p1a: Tyranitar|Rock Slide|p2a: Whimsicott|[spread] p2a,p2b\n|-damage|p2a: Whimsicott|3/100\n|-damage|p2b: Basculegion|30/100\n|\n|-weather|Sandstorm|[upkeep]\n|-damage|p2b: Basculegion|24/100|[from] Sandstorm\n|-damage|p2a: Whimsicott|0 fnt|[from] Sandstorm\n|faint|p2a: Whimsicott\n|upkeep\n|\n|t:|1776022342\n|switch|p2a: CARLITOS|Politoed, L50, M, shiny|80/100\n|-weather|RainDance|[from] ability: Drizzle|[of] p2a: CARLITOS\n|turn|3\n|\n|t:|1776022360\n|move|p1a: Tyranitar|Protect|p1a: Tyranitar\n|-singleturn|p1a: Tyranitar|Protect\n|move|p2b: Basculegion|Flip Turn|p1b: Excadrill\n|-supereffective|p1b: Excadrill|1\n|-enditem|p1b: Excadrill|Focus Sash\n|-damage|p1b: Excadrill|1/100\n|\n|t:|1776022364\n|switch|p2b: Floette|Floette-Eternal, L50, F|100/100|[from] Flip Turn\n|move|p2a: CARLITOS|Muddy Water|p1a: Tyranitar|[spread] p1b\n|-activate|p1a: Tyranitar|move: Protect\n|-supereffective|p1b: Excadrill|1\n|-damage|p1b: Excadrill|0 fnt\n|faint|p1b: Excadrill\n|\n|-weather|RainDance|[upkeep]\n|upkeep\n|\n|t:|1776022372\n|switch|p1b: Incineroar|Incineroar, L50, M|100/100\n|-ability|p1b: Incineroar|Intimidate|boost\n|-unboost|p2a: CARLITOS|atk|1\n|-unboost|p2b: Floette|atk|1\n|turn|4\n|\n|t:|1776022380\n|move|p2b: Floette|Protect|p2b: Floette\n|-singleturn|p2b: Floette|Protect\n|move|p2a: CARLITOS|Protect|p2a: CARLITOS\n|-singleturn|p2a: CARLITOS|Protect\n|move|p1b: Incineroar|Fake Out|p2b: Floette\n|-activate|p2b: Floette|move: Protect\n|move|p1a: Tyranitar|Rock Slide|p2a: CARLITOS|[spread] \n|-activate|p2a: CARLITOS|move: Protect\n|-activate|p2b: Floette|move: Protect\n|\n|-weather|RainDance|[upkeep]\n|upkeep\n|turn|5\n|\n|t:|1776022388\n|detailschange|p2b: Floette|Floette-Mega, L50, F\n|-mega|p2b: Floette|Floette|Floettite\n|-ability|p2b: Floette|Fairy Aura\n|move|p1b: Incineroar|Protect|p1b: Incineroar\n|-singleturn|p1b: Incineroar|Protect\n|move|p1a: Tyranitar|Protect|p1a: Tyranitar\n|-singleturn|p1a: Tyranitar|Protect\n|move|p2b: Floette|Dazzling Gleam|p1a: Tyranitar|[spread] \n|-activate|p1a: Tyranitar|move: Protect\n|-activate|p1b: Incineroar|move: Protect\n|move|p2a: CARLITOS|Muddy Water|p1a: Tyranitar|[spread] \n|-activate|p1a: Tyranitar|move: Protect\n|-activate|p1b: Incineroar|move: Protect\n|\n|-weather|RainDance|[upkeep]\n|-sideend|p2: chaarlyyyyy|move: Tailwind\n|upkeep\n|turn|6\n|\n|t:|1776022397\n|move|p2b: Floette|Light of Ruin|p1a: Tyranitar\n|-supereffective|p1a: Tyranitar|1\n|-damage|p1a: Tyranitar|0 fnt\n|faint|p1a: Tyranitar\n|-damage|p2b: Floette|43/100|[from] Recoil\n|move|p1b: Incineroar|Parting Shot|p2a: CARLITOS\n|-unboost|p2a: CARLITOS|atk|1\n|-unboost|p2a: CARLITOS|spa|1\n|move|p2a: CARLITOS|Muddy Water|p1b: Incineroar\n|-supereffective|p1b: Incineroar|1\n|-damage|p1b: Incineroar|20/100\n|-enditem|p1b: Incineroar|Sitrus Berry|[eat]\n|-heal|p1b: Incineroar|45/100|[from] item: Sitrus Berry\n|\n|-weather|RainDance|[upkeep]\n|upkeep\n|turn|7\n|-message|Missed Ledgedash forfeited.\n|\n|win|chaarlyyyyy\n|raw|Missed Ledgedash's rating: 1126 &rarr; <strong>1107</strong><br />(-19 for losing)\n|raw|chaarlyyyyy's rating: 1206 &rarr; <strong>1225</strong><br />(+19 for winning)\n",
  "uploadtime": 1776022408,
  "views": 14,
  "formatid": "gen9championsvgc2026regma",
  "rating": 1107,
  "private": 0,
  "password": null
}