{
  "id": "gen9championsvgc2026regma-2582318228",
  "format": "[Gen 9 Champions] VGC 2026 Reg M-A",
  "players": [
    "alyamasha",
    "NegaiFreak"
  ],
  "log": "|j|\u2606alyamasha\n|j|\u2606NegaiFreak\n|t:|1776082878\n|gametype|doubles\n|player|p1|alyamasha|102|1060\n|player|p2|NegaiFreak|170|1083\n|gen|9\n|tier|[Gen 9 Champions] VGC 2026 Reg M-A\n|rated|\n|rule|Species Clause: Limit one of each Pok\u00e9mon\n|rule|Item Clause: Limit 1 of each item\n|clearpoke\n|poke|p1|Banette, L50, F|\n|poke|p1|Sylveon, L50, F|\n|poke|p1|Gallade, L50, M|\n|poke|p1|Incineroar, L50, F|\n|poke|p1|Hydrapple, L50, M|\n|poke|p1|Empoleon, L50, F|\n|poke|p2|Archaludon, L50, M|\n|poke|p2|Pelipper, L50, M|\n|poke|p2|Basculegion, L50, M|\n|poke|p2|Meganium, L50, F|\n|poke|p2|Maushold-Four, L50|\n|poke|p2|Farigiraf, L50, M|\n|teampreview|4\n|inactive|Battle timer is ON: inactive players will automatically lose when time's up. (requested by NegaiFreak)\nalyamasha rejected open team sheets.\n|inactive|NegaiFreak has 60 seconds left.\n|\n|t:|1776082911\n|teamsize|p1|4\n|teamsize|p2|4\n|start\n|switch|p1a: Banette|Banette, L50, F|100/100\n|switch|p1b: Sylveon|Sylveon, L50, F|100/100\n|switch|p2a: Pelipper|Pelipper, L50, M|100/100\n|switch|p2b: Archaludon|Archaludon, L50, M|100/100\n|-weather|RainDance|[from] ability: Drizzle|[of] p2a: Pelipper\n|-item|p2a: Pelipper|Focus Sash|[from] ability: Frisk|[of] p1a: Banette\n|-item|p2b: Archaludon|Scope Lens|[from] ability: Frisk|[of] p1a: Banette\n|turn|1\n|inactive|alyamasha has 30 seconds left.\n|\n|t:|1776082939\n|detailschange|p1a: Banette|Banette-Mega, L50, F\n|-mega|p1a: Banette|Banette|Banettite\n|move|p1a: Banette|Protect|p1a: Banette\n|-singleturn|p1a: Banette|Protect\n|move|p2b: Archaludon|Electro Shot||[still]\n|-prepare|p2b: Archaludon|Electro Shot\n|-boost|p2b: Archaludon|spa|1\n|-anim|p2b: Archaludon|Electro Shot|p1b: Sylveon\n|-damage|p1b: Sylveon|51/100\n|move|p2a: Pelipper|Hurricane|p1b: Sylveon\n|-damage|p1b: Sylveon|15/100\n|-start|p1b: Sylveon|confusion\n|-activate|p1b: Sylveon|confusion\n|move|p1b: Sylveon|Hyper Voice|p2a: Pelipper|[spread] p2a,p2b\n|-damage|p2a: Pelipper|14/100\n|-damage|p2b: Archaludon|30/100\n|\n|-weather|RainDance|[upkeep]\n|upkeep\n|turn|2\n|inactive|alyamasha has 30 seconds left.\n|inactive|alyamasha has 20 seconds left.\n|\n|t:|1776082976\n|switch|p2a: Farigiraf|Farigiraf, L50, M|100/100\n|-end|p1b: Sylveon|confusion\n|move|p1b: Sylveon|Protect|p1b: Sylveon\n|-singleturn|p1b: Sylveon|Protect\n|move|p2b: Archaludon|Electro Shot||[still]\n|-prepare|p2b: Archaludon|Electro Shot\n|-boost|p2b: Archaludon|spa|1\n|-anim|p2b: Archaludon|Electro Shot|p1b: Sylveon\n|-activate|p1b: Sylveon|move: Protect\n|move|p1a: Banette|Poltergeist|p2b: Archaludon\n|-activate|p2b: Archaludon|move: Poltergeist|Scope Lens\n|-damage|p2b: Archaludon|0 fnt\n|faint|p2b: Archaludon\n|\n|-weather|RainDance|[upkeep]\n|upkeep\n|\n|t:|1776082984\n|switch|p2b: Meganium|Meganium, L50, F|100/100\n|turn|3\n|inactive|alyamasha has 30 seconds left.\n|inactive|NegaiFreak has 30 seconds left.\n|inactive|NegaiFreak has 20 seconds left.\n|inactive|NegaiFreak has 15 seconds left.\n|\n|t:|1776083024\n|detailschange|p2b: Meganium|Meganium-Mega, L50, F\n|-mega|p2b: Meganium|Meganium|Meganiumite\n|move|p2b: Meganium|Dazzling Gleam|p1b: Sylveon|[spread] p1a,p1b\n|-damage|p1a: Banette|57/100\n|-damage|p1b: Sylveon|0 fnt\n|faint|p1b: Sylveon\n|move|p1a: Banette|Poltergeist|p2a: Farigiraf\n|-immune|p2a: Farigiraf\n|move|p2a: Farigiraf|Psychic|p1a: Banette\n|-damage|p1a: Banette|11/100\n|\n|-weather|RainDance|[upkeep]\n|upkeep\n|\n|t:|1776083040\n|switch|p1b: Gallade|Gallade, L50, M|100/100\n|turn|4\n|\n|t:|1776083058\n|move|p1a: Banette|Destiny Bond|p1a: Banette\n|-singlemove|p1a: Banette|Destiny Bond\n|move|p1b: Gallade|Sacred Sword|p2a: Farigiraf\n|-damage|p2a: Farigiraf|39/100\n|move|p2b: Meganium|Solar Beam||[still]\n|-prepare|p2b: Meganium|Solar Beam\n|-activate|p2b: Meganium|ability: Mega Sol\n|-anim|p2b: Meganium|Solar Beam|p1b: Gallade\n|-damage|p1b: Gallade|28/100\n|move|p2a: Farigiraf|Psychic|p1b: Gallade\n|-damage|p1b: Gallade|0 fnt\n|faint|p1b: Gallade\n|\n|-weather|RainDance|[upkeep]\n|upkeep\n|\n|t:|1776083075\n|switch|p1b: Incineroar|Incineroar, L50, F|100/100\n|-ability|p1b: Incineroar|Intimidate|boost\n|-unboost|p2a: Farigiraf|atk|1\n|-unboost|p2b: Meganium|atk|1\n|turn|5\n|\n|t:|1776083089\n|move|p2b: Meganium|Weather Ball|p1b: Incineroar\n|-resisted|p1b: Incineroar|1\n|-damage|p1b: Incineroar|76/100\n|move|p1a: Banette|Poltergeist|p2b: Meganium\n|-activate|p2b: Meganium|move: Poltergeist|Meganiumite\n|-damage|p2b: Meganium|38/100\n|move|p2a: Farigiraf|Psychic|p1a: Banette\n|-damage|p1a: Banette|0 fnt\n|faint|p1a: Banette\n|move|p1b: Incineroar|Throat Chop|p2a: Farigiraf\n|-supereffective|p2a: Farigiraf|1\n|-damage|p2a: Farigiraf|0 fnt\n|faint|p2a: Farigiraf\n|\n|-weather|none\n|upkeep\n|\n|t:|1776083099\n|switch|p2a: Pelipper|Pelipper, L50, M|14/100\n|-weather|RainDance|[from] ability: Drizzle|[of] p2a: Pelipper\n|turn|6\n|\n|t:|1776083113\n|move|p2a: Pelipper|Weather Ball|p1b: Incineroar\n|-supereffective|p1b: Incineroar|1\n|-damage|p1b: Incineroar|0 fnt\n|faint|p1b: Incineroar\n|\n|win|NegaiFreak\n|raw|alyamasha's rating: 1060 &rarr; <strong>1042</strong><br />(-18 for losing)\n|raw|NegaiFreak's rating: 1083 &rarr; <strong>1109</strong><br />(+26 for winning)\n|l|\u2606alyamasha\n|player|p1|\n|c|\u2606NegaiFreak|GG, WP\n",
  "uploadtime": 1776083129,
  "views": 11,
  "formatid": "gen9championsvgc2026regma",
  "rating": 1042,
  "private": 0,
  "password": null
}