{
  "id": "gen9championsvgc2026regma-2588677899",
  "format": "[Gen 9 Champions] VGC 2026 Reg M-A",
  "players": [
    "raigonjoy",
    "karyuu07 _"
  ],
  "log": "|j|\u2606raigonjoy\n|j|\u2606karyuu07 _\n|t:|1776656742\n|gametype|doubles\n|player|p1|raigonjoy|1|1044\n|player|p2|karyuu07 _|dawn|1137\n|gen|9\n|tier|[Gen 9 Champions] VGC 2026 Reg M-A\n|rated|\n|rule|Species Clause: Limit one of each Pok\u00e9mon\n|rule|Item Clause: Limit 1 of each item\n|clearpoke\n|poke|p1|Gengar, L50, F|\n|poke|p1|Zoroark-Hisui, L50, F|\n|poke|p1|Basculegion, L50, M|\n|poke|p1|Kingambit, L50, M|\n|poke|p1|Sneasler, L50, M|\n|poke|p1|Sableye, L50, M|\n|poke|p2|Gardevoir, L50, M|\n|poke|p2|Incineroar, L50, M|\n|poke|p2|Hydreigon, L50, M|\n|poke|p2|Aegislash, L50, F|\n|poke|p2|Vivillon, L50, M|\n|poke|p2|Tauros-Paldea-Aqua, L50, M|\n|teampreview|4\n|inactive|Battle timer is ON: inactive players will automatically lose when time's up. (requested by raigonjoy)\n|inactive|raigonjoy has 60 seconds left.\n|inactive|raigonjoy has 30 seconds left.\n|\n|t:|1776656815\n|teamsize|p1|4\n|teamsize|p2|4\n|start\n|switch|p1a: Gengar|Gengar, L50, F|100/100\n|switch|p1b: Kingambit|Kingambit, L50, M|100/100\n|switch|p2a: Vivillon|Vivillon, L50, M|100/100\n|switch|p2b: Aegislash|Aegislash, L50, F|100/100\n|turn|1\n|\n|t:|1776656833\n|switch|p1a: Kingambit|Kingambit, L50, M|100/100\n|move|p2a: Vivillon|Protect|p2a: Vivillon\n|-singleturn|p2a: Vivillon|Protect\n|move|p2b: Aegislash|King's Shield|p2b: Aegislash\n|-singleturn|p2b: Aegislash|Protect\n|move|p1b: Kingambit|Will-O-Wisp|p2b: Aegislash\n|-status|p2b: Aegislash|brn\n|\n|-damage|p2b: Aegislash|95/100 brn|[from] brn\n|upkeep\n|turn|2\n|inactive|karyuu07 _ has 30 seconds left.\n|inactive|karyuu07 _ has 20 seconds left.\n|inactive|karyuu07 _ has 15 seconds left.\n|\n|t:|1776656874\n|move|p1b: Kingambit|U-turn|p2a: Vivillon\n|-resisted|p2a: Vivillon|1\n|-damage|p2a: Vivillon|86/100\n|\n|t:|1776656878\n|switch|p1b: Sneasler|Sneasler, L50, M|100/100|[from] U-turn\n|move|p2a: Vivillon|Sleep Powder|p1b: Sneasler\n|-status|p1b: Sneasler|slp|[from] move: Sleep Powder\n|-formechange|p2b: Aegislash|Aegislash-Blade|\n|move|p2b: Aegislash|Poltergeist|p1a: Kingambit\n|-activate|p1a: Kingambit|move: Poltergeist|Chople Berry\n|-resisted|p1a: Kingambit|1\n|-damage|p1a: Kingambit|90/100\n|move|p1a: Kingambit|Kowtow Cleave|p2b: Aegislash\n|-supereffective|p2b: Aegislash|1\n|-damage|p2b: Aegislash|0 fnt\n|faint|p2b: Aegislash\n|\n|upkeep\n|\n|t:|1776656893\n|switch|p2b: Tauros|Tauros-Paldea-Aqua, L50, M|100/100\n|-ability|p2b: Tauros|Intimidate|boost\n|-unboost|p1a: Kingambit|atk|1\n|-ability|p1a: Kingambit|Defiant|boost\n|-boost|p1a: Kingambit|atk|2\n|-unboost|p1b: Sneasler|atk|1\n|-enditem|p1b: Sneasler|White Herb\n|-clearnegativeboost|p1b: Sneasler|[silent]\n|turn|3\n|\n|t:|1776656912\n|move|p1a: Kingambit|Protect|p1a: Kingambit\n|-singleturn|p1a: Kingambit|Protect\n|cant|p1b: Sneasler|slp\n|move|p2a: Vivillon|Sleep Powder|p1a: Kingambit\n|-activate|p1a: Kingambit|move: Protect\n|move|p2b: Tauros|Wave Crash|p1b: Sneasler\n|-damage|p1b: Sneasler|0 fnt\n|faint|p1b: Sneasler\n|-damage|p2b: Tauros|70/100|[from] Recoil\n|\n|upkeep\n|\n|t:|1776656931\n|switch|p1b: Gengar|Gengar, L50, F|100/100\n|turn|4\n|\n|t:|1776656940\n|switch|p1a: Kingambit|Kingambit, L50, M|100/100\n|detailschange|p1b: Gengar|Gengar-Mega, L50, F\n|-mega|p1b: Gengar|Gengar|Gengarite\n|move|p1b: Gengar|Perish Song|p1b: Gengar\n|-start|p1a: Kingambit|perish3|[silent]\n|-start|p1b: Gengar|perish3|[silent]\n|-start|p2a: Vivillon|perish3|[silent]\n|-start|p2b: Tauros|perish3|[silent]\n|-fieldactivate|move: Perish Song\n|move|p2a: Vivillon|Sleep Powder|p1b: Gengar\n|-status|p1b: Gengar|slp|[from] move: Sleep Powder\n|move|p2b: Tauros|Close Combat|p1a: Kingambit\n|-immune|p1a: Kingambit\n|\n|-start|p1a: Kingambit|perish3\n|-start|p1b: Gengar|perish3\n|-start|p2a: Vivillon|perish3\n|-start|p2b: Tauros|perish3\n|upkeep\n|turn|5\n|inactive|raigonjoy has 30 seconds left.\n|\n|t:|1776656969\n|cant|p1b: Gengar|slp\n|move|p1a: Kingambit|Will-O-Wisp|p2b: Tauros\n|-status|p2b: Tauros|brn\n|move|p2a: Vivillon|Sleep Powder|p1b: Gengar\n|-fail|p1b: Gengar|slp\n|move|p2b: Tauros|Wave Crash|p1a: Kingambit\n|-damage|p1a: Kingambit|32/100\n|replace|p1a: Zoroark|Zoroark-Hisui, L50, F\n|-end|p1a: Zoroark|Illusion\n|-damage|p2b: Tauros|53/100 brn|[from] Recoil\n|\n|-damage|p2b: Tauros|47/100 brn|[from] brn\n|-start|p1a: Zoroark|perish2\n|-start|p1b: Gengar|perish2\n|-start|p2a: Vivillon|perish2\n|-start|p2b: Tauros|perish2\n|upkeep\n|turn|6\n|\n|t:|1776656991\n|switch|p1b: Kingambit|Kingambit, L50, M|90/100\n|move|p1a: Zoroark|U-turn|p1b: Kingambit\n|-damage|p1b: Kingambit|78/100\n|\n|t:|1776656996\n|switch|p1a: Gengar|Gengar-Mega, L50, F|100/100 slp|[from] U-turn\n|move|p2a: Vivillon|Hurricane|p1b: Kingambit\n|-resisted|p1b: Kingambit|1\n|-damage|p1b: Kingambit|62/100\n|move|p2b: Tauros|Wave Crash|p1a: Gengar\n|-damage|p1a: Gengar|68/100 slp\n|-damage|p2b: Tauros|37/100 brn|[from] Recoil\n|\n|-damage|p2b: Tauros|31/100 brn|[from] brn\n|-start|p2a: Vivillon|perish1\n|-start|p2b: Tauros|perish1\n|upkeep\n|turn|7\n|inactive|karyuu07 _ has 30 seconds left.\n|\n|t:|1776657028\n|-curestatus|p1a: Gengar|slp|[msg]\n|move|p1a: Gengar|Protect|p1a: Gengar\n|-singleturn|p1a: Gengar|Protect\n|move|p1b: Kingambit|Protect|p1b: Kingambit\n|-singleturn|p1b: Kingambit|Protect\n|move|p2a: Vivillon|Sleep Powder|p1b: Kingambit\n|-activate|p1b: Kingambit|move: Protect\n|move|p2b: Tauros|Wave Crash|p1a: Gengar\n|-activate|p1a: Gengar|move: Protect\n|\n|-damage|p2b: Tauros|25/100 brn|[from] brn\n|-start|p2a: Vivillon|perish0\n|-start|p2b: Tauros|perish0\n|faint|p2a: Vivillon\n|faint|p2b: Tauros\n|upkeep\n|\n|t:|1776657035\n|switch|p2a: Hydreigon|Hydreigon, L50, M|100/100\n|turn|8\n|-message|karyuu07 _ forfeited.\n|\n|win|raigonjoy\n|raw|raigonjoy's rating: 1044 &rarr; <strong>1086</strong><br />(+42 for winning)\n|raw|karyuu07 _'s rating: 1137 &rarr; <strong>1105</strong><br />(-32 for losing)\n|l|\u2606karyuu07 _\n|player|p2|\n",
  "uploadtime": 1776657054,
  "views": 15,
  "formatid": "gen9championsvgc2026regma",
  "rating": 1086,
  "private": 0,
  "password": null
}