{
  "id": "gen9championsvgc2026regma-2584544100",
  "format": "[Gen 9 Champions] VGC 2026 Reg M-A",
  "players": [
    "amorjdhzdlfjdjs",
    "Arachnocomm"
  ],
  "log": "|j|\u2606amorjdhzdlfjdjs\n|j|\u2606Arachnocomm\n|t:|1776267759\n|gametype|doubles\n|player|p1|amorjdhzdlfjdjs|2|1085\n|player|p2|Arachnocomm|gambler|1061\n|gen|9\n|tier|[Gen 9 Champions] VGC 2026 Reg M-A\n|rated|\n|rule|Species Clause: Limit one of each Pok\u00e9mon\n|rule|Item Clause: Limit 1 of each item\n|clearpoke\n|poke|p1|Floette-Eternal, L50, F|\n|poke|p1|Dragonite, L50, F|\n|poke|p1|Scovillain, L50, F|\n|poke|p1|Basculegion, L50, M|\n|poke|p1|Talonflame, L50, F|\n|poke|p1|Espeon, L50, M|\n|poke|p2|Aggron, L50, M|\n|poke|p2|Clefable, L50, F|\n|poke|p2|Farigiraf, L50, M|\n|poke|p2|Drampa, L50, M|\n|poke|p2|Rotom-Wash, L50|\n|poke|p2|Incineroar, L50, M|\n|teampreview|4\n|\n|t:|1776267783\n|teamsize|p1|4\n|teamsize|p2|4\n|start\n|switch|p1a: Floette|Floette-Eternal, L50, F|100/100\n|switch|p1b: Dragonite|Dragonite, L50, F|100/100\n|switch|p2a: Clefable|Clefable, L50, F, shiny|100/100\n|switch|p2b: Farigiraf|Farigiraf, L50, M, shiny|100/100\n|turn|1\n|\n|t:|1776267799\n|move|p1b: Dragonite|Extreme Speed||[still]\n|cant|p2b: Farigiraf|ability: Armor Tail|Extreme Speed|[of] p1b: Dragonite\n|move|p2a: Clefable|Follow Me|p2a: Clefable\n|-singleturn|p2a: Clefable|move: Follow Me\n|move|p1a: Floette|Moonblast|p2a: Clefable\n|-damage|p2a: Clefable|66/100\n|move|p2b: Farigiraf|Trick Room|p2b: Farigiraf\n|-fieldstart|move: Trick Room|[of] p2b: Farigiraf\n|\n|upkeep\n|turn|2\n|-activate|p2a: Clefable|item: Quick Claw\n|\n|t:|1776267822\n|move|p2a: Clefable|Moonblast|p1b: Dragonite\n|-supereffective|p1b: Dragonite|1\n|-damage|p1b: Dragonite|32/100\n|move|p2b: Farigiraf|Hyper Voice|p1b: Dragonite|[spread] p1a,p1b\n|-damage|p1a: Floette|67/100\n|-damage|p1b: Dragonite|0 fnt\n|faint|p1b: Dragonite\n|move|p1a: Floette|Calm Mind|p1a: Floette\n|-boost|p1a: Floette|spa|1\n|-boost|p1a: Floette|spd|1\n|\n|upkeep\n|\n|t:|1776267835\n|switch|p1b: Basculegion|Basculegion, L50, M|100/100\n|turn|3\n|\n|t:|1776267866\n|switch|p2b: Aggron|Aggron, L50, M, shiny|100/100\n|switch|p2a: Rotom|Rotom-Wash, L50, shiny|100/100\n|move|p1b: Basculegion|Liquidation|p2b: Aggron\n|-supereffective|p2b: Aggron|1\n|-damage|p2b: Aggron|28/100\n|move|p1a: Floette|Moonblast|p2a: Rotom\n|-damage|p2a: Rotom|26/100\n|\n|-heal|p2a: Rotom|32/100|[from] item: Leftovers\n|upkeep\n|turn|4\n|\n|t:|1776267888\n|detailschange|p2b: Aggron|Aggron-Mega, L50, M, shiny\n|-mega|p2b: Aggron|Aggron|Aggronite\n|move|p1b: Basculegion|Protect|p1b: Basculegion\n|-singleturn|p1b: Basculegion|Protect\n|move|p1a: Floette|Protect|p1a: Floette\n|-singleturn|p1a: Floette|Protect\n|move|p2b: Aggron|Heavy Slam|p1a: Floette\n|-activate|p1a: Floette|move: Protect\n|move|p2a: Rotom|Thunderbolt|p1b: Basculegion\n|-activate|p1b: Basculegion|move: Protect\n|\n|-heal|p2a: Rotom|37/100|[from] item: Leftovers\n|upkeep\n|turn|5\n|\n|t:|1776267911\n|switch|p1a: Talonflame|Talonflame, L50, F|100/100\n|move|p1b: Basculegion|Aqua Jet|p2b: Aggron\n|-damage|p2b: Aggron|15/100\n|move|p2b: Aggron|Heavy Slam|p1a: Talonflame\n|-resisted|p1a: Talonflame|1\n|-damage|p1a: Talonflame|68/100\n|move|p2a: Rotom|Thunderbolt|p1b: Basculegion\n|-supereffective|p1b: Basculegion|1\n|-damage|p1b: Basculegion|32/100\n|\n|-heal|p2a: Rotom|43/100|[from] item: Leftovers\n|-fieldend|move: Trick Room\n|upkeep\n|turn|6\n|\n|t:|1776267935\n|switch|p2b: Farigiraf|Farigiraf, L50, M, shiny|100/100\n|move|p1a: Talonflame|Flare Blitz|p2a: Rotom\n|-resisted|p2a: Rotom|1\n|-damage|p2a: Rotom|15/100\n|-damage|p1a: Talonflame|60/100|[from] Recoil\n|move|p2a: Rotom|Thunderbolt|p1b: Basculegion\n|-supereffective|p1b: Basculegion|1\n|-damage|p1b: Basculegion|0 fnt\n|faint|p1b: Basculegion\n|\n|-heal|p2a: Rotom|20/100|[from] item: Leftovers\n|upkeep\n|\n|t:|1776267949\n|switch|p1b: Floette|Floette-Eternal, L50, F|67/100\n|turn|7\n|\n|t:|1776267961\n|detailschange|p1b: Floette|Floette-Mega, L50, F\n|-mega|p1b: Floette|Floette|Floettite\n|-ability|p1b: Floette|Fairy Aura\n|move|p1b: Floette|Dazzling Gleam|p2a: Rotom|[spread] p2a,p2b\n|-damage|p2a: Rotom|0 fnt\n|-damage|p2b: Farigiraf|46/100\n|-enditem|p2b: Farigiraf|Sitrus Berry|[eat]\n|-heal|p2b: Farigiraf|71/100|[from] item: Sitrus Berry\n|faint|p2a: Rotom\n|move|p1a: Talonflame|Brave Bird|p2b: Farigiraf\n|-damage|p2b: Farigiraf|14/100\n|-damage|p1a: Talonflame|39/100|[from] Recoil\n|move|p2b: Farigiraf|Trick Room|p2b: Farigiraf\n|-fieldstart|move: Trick Room|[of] p2b: Farigiraf\n|\n|upkeep\n|\n|t:|1776267977\n|switch|p2a: Aggron|Aggron-Mega, L50, M, shiny|15/100\n|turn|8\n|\n|t:|1776267989\n|move|p1b: Floette|Protect|p1b: Floette\n|-singleturn|p1b: Floette|Protect\n|move|p2a: Aggron|Heavy Slam|p1b: Floette\n|-activate|p1b: Floette|move: Protect\n|move|p2b: Farigiraf|Psychic|p1a: Talonflame\n|-damage|p1a: Talonflame|0 fnt\n|faint|p1a: Talonflame\n|\n|upkeep\n|turn|9\n|\n|t:|1776268017\n|move|p2a: Aggron|Heavy Slam|p1b: Floette\n|-supereffective|p1b: Floette|1\n|-damage|p1b: Floette|0 fnt\n|faint|p1b: Floette\n|\n|win|Arachnocomm\n|raw|amorjdhzdlfjdjs's rating: 1085 &rarr; <strong>1061</strong><br />(-24 for losing)\n|raw|Arachnocomm's rating: 1061 &rarr; <strong>1094</strong><br />(+33 for winning)\n|l|\u2606amorjdhzdlfjdjs\n|player|p1|\n",
  "uploadtime": 1776268025,
  "views": 17,
  "formatid": "gen9championsvgc2026regma",
  "rating": 1061,
  "private": 0,
  "password": null
}