{
  "id": "gen9championsvgc2026regma-2585315652",
  "format": "[Gen 9 Champions] VGC 2026 Reg M-A",
  "players": [
    "Ardi824",
    "miujao4"
  ],
  "log": "|j|\u2606Ardi824\n|j|\u2606miujao4\n|t:|1776336984\n|gametype|doubles\n|player|p1|Ardi824|1|1047\n|player|p2|miujao4|christoph|1062\n|gen|9\n|tier|[Gen 9 Champions] VGC 2026 Reg M-A\n|rated|\n|rule|Species Clause: Limit one of each Pok\u00e9mon\n|rule|Item Clause: Limit 1 of each item\n|clearpoke\n|poke|p1|Charizard, L50, F|\n|poke|p1|Garchomp, L50, F|\n|poke|p1|Whimsicott, L50, M|\n|poke|p1|Incineroar, L50, F|\n|poke|p1|Venusaur, L50, F|\n|poke|p1|Sneasler, L50, F|\n|poke|p2|Excadrill, L50, F|\n|poke|p2|Whimsicott, L50, F|\n|poke|p2|Incineroar, L50, M|\n|poke|p2|Dragapult, L50, F|\n|poke|p2|Delphox, L50, M|\n|poke|p2|Farigiraf, L50, F|\n|teampreview|4\n|\n|t:|1776337018\n|teamsize|p1|4\n|teamsize|p2|4\n|start\n|switch|p1a: Whimsicott|Whimsicott, L50, M|100/100\n|switch|p1b: Sneasler|Sneasler, L50, F|100/100\n|switch|p2a: Farigiraf|Farigiraf, L50, F|100/100\n|switch|p2b: Ventinho|Whimsicott, L50, F|100/100\n|turn|1\n|\n|t:|1776337033\n|move|p1b: Sneasler|Fake Out||[still]\n|cant|p2a: Farigiraf|ability: Armor Tail|Fake Out|[of] p1b: Sneasler\n|move|p2b: Ventinho|Tailwind|p2b: Ventinho\n|-sidestart|p2: miujao4|move: Tailwind\n|move|p1a: Whimsicott|Tailwind|p1a: Whimsicott\n|-sidestart|p1: Ardi824|move: Tailwind\n|move|p2a: Farigiraf|Psychic|p1b: Sneasler\n|-supereffective|p1b: Sneasler|2\n|-damage|p1b: Sneasler|0 fnt\n|faint|p1b: Sneasler\n|\n|upkeep\n|\n|t:|1776337045\n|switch|p1b: Charizard|Charizard, L50, F|100/100\n|turn|2\n|\n|t:|1776337059\n|detailschange|p1b: Charizard|Charizard-Mega-Y, L50, F\n|-mega|p1b: Charizard|Charizard|Charizardite Y\n|-weather|SunnyDay|[from] ability: Drought|[of] p1b: Charizard\n|move|p2b: Ventinho|Encore|p1a: Whimsicott\n|-start|p1a: Whimsicott|Encore\n|move|p1a: Whimsicott|Tailwind||[still]\n|-fail|p1a: Whimsicott\n|move|p1b: Charizard|Flamethrower|p2b: Ventinho\n|-supereffective|p2b: Ventinho|1\n|-damage|p2b: Ventinho|0 fnt\n|faint|p2b: Ventinho\n|move|p2a: Farigiraf|Hyper Voice|p1a: Whimsicott|[spread] p1a,p1b\n|-damage|p1a: Whimsicott|60/100\n|-damage|p1b: Charizard|63/100\n|\n|-weather|SunnyDay|[upkeep]\n|upkeep\n|\n|t:|1776337078\n|switch|p2b: Mega terremoto|Excadrill, L50, F|100/100\n|turn|3\n|\n|t:|1776337091\n|switch|p1a: Garchomp|Garchomp, L50, F|100/100\n|detailschange|p2b: Mega terremoto|Excadrill-Mega, L50, F\n|-mega|p2b: Mega terremoto|Excadrill|Excadrite\n|move|p1b: Charizard|Protect|p1b: Charizard\n|-singleturn|p1b: Charizard|Protect\n|move|p2b: Mega terremoto|Rock Slide|p1a: Garchomp|[spread] p1a\n|-activate|p1b: Charizard|move: Protect\n|-resisted|p1a: Garchomp|1\n|-damage|p1a: Garchomp|90/100\n|move|p2a: Farigiraf|Hyper Voice|p1b: Charizard|[spread] p1a\n|-activate|p1b: Charizard|move: Protect\n|-damage|p1a: Garchomp|49/100\n|\n|-weather|SunnyDay|[upkeep]\n|upkeep\n|turn|4\n|\n|t:|1776337115\n|move|p2b: Mega terremoto|Rock Slide|p1b: Charizard|[spread] p1a,p1b\n|-resisted|p1a: Garchomp|1\n|-supereffective|p1b: Charizard|2\n|-damage|p1a: Garchomp|37/100\n|-damage|p1b: Charizard|0 fnt\n|faint|p1b: Charizard\n|move|p1a: Garchomp|Earthquake|p2b: Mega terremoto|[spread] p2a,p2b\n|-supereffective|p2b: Mega terremoto|1\n|-damage|p2a: Farigiraf|61/100\n|-damage|p2b: Mega terremoto|13/100\n|move|p2a: Farigiraf|Hyper Voice|p1a: Garchomp\n|-damage|p1a: Garchomp|0 fnt\n|faint|p1a: Garchomp\n|\n|-weather|SunnyDay|[upkeep]\n|-sideend|p2: miujao4|move: Tailwind\n|-sideend|p1: Ardi824|move: Tailwind\n|upkeep\n|\n|t:|1776337136\n|switch|p1b: Whimsicott|Whimsicott, L50, M|60/100\n|turn|5\n|\n|t:|1776337143\n|move|p1b: Whimsicott|Protect|p1b: Whimsicott\n|-singleturn|p1b: Whimsicott|Protect\n|move|p2b: Mega terremoto|Iron Head|p1b: Whimsicott\n|-supereffective|p1b: Whimsicott|1\n|-ability|p2b: Mega terremoto|Piercing Drill\n|-zbroken|p1b: Whimsicott\n|-damage|p1b: Whimsicott|28/100\n|move|p2a: Farigiraf|Psychic|p1b: Whimsicott\n|-activate|p1b: Whimsicott|move: Protect\n|\n|-weather|SunnyDay|[upkeep]\n|upkeep\n|turn|6\n|\n|t:|1776337156\n|move|p2b: Mega terremoto|Iron Head|p1b: Whimsicott\n|-supereffective|p1b: Whimsicott|1\n|-damage|p1b: Whimsicott|0 fnt\n|faint|p1b: Whimsicott\n|\n|win|miujao4\n|raw|Ardi824's rating: 1047 &rarr; <strong>1032</strong><br />(-15 for losing)\n|raw|miujao4's rating: 1087 &rarr; <strong>1111</strong><br />(+24 for winning)\n|l|\u2606Ardi824\n|player|p1|\n",
  "uploadtime": 1776337323,
  "views": 23,
  "formatid": "gen9championsvgc2026regma",
  "rating": 1032,
  "private": 0,
  "password": null
}