{
  "id": "gen9championsvgc2026regma-2587832128",
  "format": "[Gen 9 Champions] VGC 2026 Reg M-A",
  "players": [
    "SilverVT",
    "Marspiter"
  ],
  "log": "|j|\u2606SilverVT\n|j|\u2606Marspiter\n|t:|1776568568\n|gametype|doubles\n|player|p1|SilverVT|silver-masters|1529\n|player|p2|Marspiter|steven|1533\n|gen|9\n|tier|[Gen 9 Champions] VGC 2026 Reg M-A\n|rated|\n|rule|Species Clause: Limit one of each Pok\u00e9mon\n|rule|Item Clause: Limit 1 of each item\n|clearpoke\n|poke|p1|Whimsicott, L50, M|\n|poke|p1|Gardevoir, L50, F|\n|poke|p1|Garchomp, L50, M|\n|poke|p1|Incineroar, L50, M|\n|poke|p1|Sneasler, L50, F|\n|poke|p1|Farigiraf, L50, F|\n|poke|p2|Meganium, L50, M|\n|poke|p2|Sneasler, L50, F|\n|poke|p2|Archaludon, L50, M|\n|poke|p2|Basculegion, L50, M|\n|poke|p2|Pelipper, L50, M|\n|poke|p2|Kingambit, L50, F|\n|teampreview|4\n|inactive|Battle timer is ON: inactive players will automatically lose when time's up. (requested by SilverVT)\n|inactive|SilverVT has 60 seconds left.\n|inactive|Marspiter has 60 seconds left.\n|j| anubisjr\n|l| anubisjr\n|\n|t:|1776568619\n|teamsize|p1|4\n|teamsize|p2|4\n|start\n|switch|p1a: Whimsicott|Whimsicott, L50, M|100/100\n|switch|p1b: Garchomp|Garchomp, L50, M|100/100\n|switch|p2a: Sneasler|Sneasler, L50, F|100/100\n|switch|p2b: Kingambit|Kingambit, L50, F|100/100\n|turn|1\n|inactive|Marspiter has 30 seconds left.\n|j| r4gn4r96\n|\n|t:|1776568654\n|move|p1a: Whimsicott|Protect|p1a: Whimsicott\n|-singleturn|p1a: Whimsicott|Protect\n|move|p1b: Garchomp|Protect|p1b: Garchomp\n|-singleturn|p1b: Garchomp|Protect\n|move|p2a: Sneasler|Close Combat|p1b: Garchomp\n|-activate|p1b: Garchomp|move: Protect\n|move|p2b: Kingambit|Kowtow Cleave|p1b: Garchomp\n|-activate|p1b: Garchomp|move: Protect\n|\n|upkeep\n|turn|2\n|j| thruxytwo\n|\n|t:|1776568675\n|switch|p2b: Pelipper|Pelipper, L50, M|100/100\n|-weather|RainDance|[from] ability: Drizzle|[of] p2b: Pelipper\n|move|p2a: Sneasler|Protect|p2a: Sneasler\n|-singleturn|p2a: Sneasler|Protect\n|move|p1a: Whimsicott|Moonblast|p2b: Pelipper\n|-damage|p2b: Pelipper|41/100\n|move|p1b: Garchomp|Stomping Tantrum|p2b: Pelipper\n|-immune|p2b: Pelipper\n|\n|-weather|RainDance|[upkeep]\n|upkeep\n|turn|3\n|inactive|Marspiter has 30 seconds left.\n|inactive|Marspiter has 20 seconds left.\n|inactive|Marspiter has 15 seconds left.\n|\n|t:|1776568716\n|move|p2b: Pelipper|Protect|p2b: Pelipper\n|-singleturn|p2b: Pelipper|Protect\n|move|p1a: Whimsicott|Moonblast|p2b: Pelipper\n|-activate|p2b: Pelipper|move: Protect\n|move|p2a: Sneasler|Dire Claw|p1a: Whimsicott\n|-supereffective|p1a: Whimsicott|2\n|-enditem|p1a: Whimsicott|Focus Sash\n|-damage|p1a: Whimsicott|1/100\n|move|p1b: Garchomp|Stomping Tantrum|p2a: Sneasler\n|-supereffective|p2a: Sneasler|1\n|-damage|p2a: Sneasler|0 fnt\n|faint|p2a: Sneasler\n|\n|-weather|RainDance|[upkeep]\n|upkeep\n|\n|t:|1776568733\n|switch|p2a: Meganium|Meganium, L50, M|100/100\n|turn|4\n|\n|t:|1776568754\n|detailschange|p2a: Meganium|Meganium-Mega, L50, M\n|-mega|p2a: Meganium|Meganium|Meganiumite\n|move|p1a: Whimsicott|Tailwind|p1a: Whimsicott\n|-sidestart|p1: SilverVT|move: Tailwind\n|move|p1b: Garchomp|Dragon Claw|p2b: Pelipper\n|-damage|p2b: Pelipper|0 fnt\n|faint|p2b: Pelipper\n|move|p2a: Meganium|Dazzling Gleam|p1b: Garchomp|[spread] p1a,p1b\n|-supereffective|p1b: Garchomp|1\n|-damage|p1a: Whimsicott|0 fnt\n|-damage|p1b: Garchomp|24/100\n|faint|p1a: Whimsicott\n|\n|-weather|RainDance|[upkeep]\n|upkeep\n|j| xxxnotverygoodxxx\n|\n|t:|1776568768\n|switch|p1a: Sneasler|Sneasler, L50, F|100/100\n|switch|p2b: Kingambit|Kingambit, L50, F|100/100\n|turn|5\n|\n|t:|1776568781\n|move|p2b: Kingambit|Protect|p2b: Kingambit\n|-singleturn|p2b: Kingambit|Protect\n|move|p1a: Sneasler|Dire Claw|p2a: Meganium\n|-supereffective|p2a: Meganium|2\n|-damage|p2a: Meganium|0 fnt\n|faint|p2a: Meganium\n|move|p1b: Garchomp|Stomping Tantrum|p2b: Kingambit\n|-activate|p2b: Kingambit|move: Protect\n|\n|-weather|RainDance|[upkeep]\n|upkeep\n|turn|6\n|-message|Marspiter forfeited.\n|\n|win|SilverVT\n|raw|SilverVT's rating: 1529 &rarr; <strong>1549</strong><br />(+20 for winning)\n|raw|Marspiter's rating: 1533 &rarr; <strong>1513</strong><br />(-20 for losing)\n|l|\u2606Marspiter\n|player|p2|\n|l|\u2606SilverVT\n|player|p1|\n|l| thruxytwo\n",
  "uploadtime": 1776568811,
  "views": 14,
  "formatid": "gen9championsvgc2026regma",
  "rating": 1513,
  "private": 0,
  "password": null
}