{
  "id": "gen9championsvgc2026regma-2582472535",
  "format": "[Gen 9 Champions] VGC 2026 Reg M-A",
  "players": [
    "Lerminlime",
    "faric"
  ],
  "log": "|j|\u2606Lerminlime\n|j|\u2606faric\n|t:|1776093914\n|gametype|doubles\n|player|p1|Lerminlime|101|1198\n|player|p2|faric|266|1214\n|gen|9\n|tier|[Gen 9 Champions] VGC 2026 Reg M-A\n|rated|\n|rule|Species Clause: Limit one of each Pok\u00e9mon\n|rule|Item Clause: Limit 1 of each item\n|clearpoke\n|poke|p1|Sneasler, L50, F|\n|poke|p1|Farigiraf, L50, F|\n|poke|p1|Milotic, L50, F|\n|poke|p1|Garchomp, L50, F|\n|poke|p1|Aggron, L50, F|\n|poke|p1|Delphox, L50, F|\n|poke|p2|Charizard, L50, F|\n|poke|p2|Venusaur, L50, M|\n|poke|p2|Garchomp, L50, M|\n|poke|p2|Rotom-Wash, L50|\n|poke|p2|Incineroar, L50, F|\n|poke|p2|Sneasler, L50, M|\n|teampreview|4\n|l|\u2606Lerminlime\n|player|p1|\n|j|\u2606Lerminlime\n|player|p1|Lerminlime|101|\n|inactive|Battle timer is ON: inactive players will automatically lose when time's up. (requested by Lerminlime)\n|\n|t:|1776093986\n|teamsize|p1|4\n|teamsize|p2|4\n|start\n|switch|p1a: Aggron|Aggron, L50, F, shiny|100/100\n|switch|p1b: Sneasler|Sneasler, L50, F, shiny|100/100\n|switch|p2a: Rotom|Rotom-Wash, L50|100/100\n|switch|p2b: Incineroar|Incineroar, L50, F|100/100\n|-ability|p2b: Incineroar|Intimidate|boost\n|-unboost|p1a: Aggron|atk|1\n|-unboost|p1b: Sneasler|atk|1\n|-enditem|p1b: Sneasler|White Herb\n|-clearnegativeboost|p1b: Sneasler|[silent]\n|turn|1\n|\n|t:|1776094010\n|move|p1b: Sneasler|Fake Out|p2a: Rotom\n|-damage|p2a: Rotom|83/100\n|move|p2b: Incineroar|Fake Out|p1b: Sneasler\n|-damage|p1b: Sneasler|76/100\n|cant|p2a: Rotom|flinch\n|move|p1a: Aggron|Stealth Rock|p2a: Rotom\n|-sidestart|p2: faric|move: Stealth Rock\n|\n|-heal|p2a: Rotom|88/100|[from] item: Leftovers\n|upkeep\n|turn|2\n|\n|t:|1776094028\n|move|p1b: Sneasler|Close Combat|p2b: Incineroar\n|-supereffective|p2b: Incineroar|1\n|-damage|p2b: Incineroar|0 fnt\n|-unboost|p1b: Sneasler|def|1\n|-unboost|p1b: Sneasler|spd|1\n|faint|p2b: Incineroar\n|move|p2a: Rotom|Hydro Pump|p1a: Aggron\n|-supereffective|p1a: Aggron|1\n|-ability|p1a: Aggron|Sturdy\n|-damage|p1a: Aggron|1/100\n|move|p1a: Aggron|Endeavor|p2a: Rotom\n|-damage|p2a: Rotom|1/100\n|\n|-heal|p2a: Rotom|7/100|[from] item: Leftovers\n|upkeep\n|\n|t:|1776094035\n|switch|p2b: Venusaur|Venusaur, L50, M|100/100\n|-damage|p2b: Venusaur|88/100|[from] Stealth Rock\n|turn|3\n|\n|t:|1776094052\n|move|p2a: Rotom|Protect|p2a: Rotom\n|-singleturn|p2a: Rotom|Protect\n|move|p1b: Sneasler|Dire Claw|p2a: Rotom\n|-activate|p2a: Rotom|move: Protect\n|move|p2b: Venusaur|Sleep Powder|p1b: Sneasler\n|-status|p1b: Sneasler|slp|[from] move: Sleep Powder\n|move|p1a: Aggron|Endeavor|p2b: Venusaur\n|-damage|p2b: Venusaur|1/100\n|\n|-heal|p2a: Rotom|13/100|[from] item: Leftovers\n|upkeep\n|turn|4\n|\n|t:|1776094074\n|cant|p1b: Sneasler|slp\n|move|p2b: Venusaur|Sludge Bomb|p1b: Sneasler\n|-resisted|p1b: Sneasler|1\n|-damage|p1b: Sneasler|30/100 slp\n|move|p2a: Rotom|Thunderbolt|p1b: Sneasler\n|-crit|p1b: Sneasler\n|-damage|p1b: Sneasler|0 fnt\n|faint|p1b: Sneasler\n|move|p1a: Aggron|Rock Slide|p2a: Rotom|[spread] p2a,p2b\n|-crit|p2a: Rotom\n|-damage|p2a: Rotom|0 fnt\n|-damage|p2b: Venusaur|0 fnt\n|faint|p2a: Rotom\n|faint|p2b: Venusaur\n|\n|upkeep\n|\n|t:|1776094092\n|switch|p1b: Delphox|Delphox, L50, F, shiny|100/100\n|switch|p2b: Charizard|Charizard, L50, F|100/100\n|-damage|p2b: Charizard|51/100|[from] Stealth Rock\n|turn|5\n|\n|t:|1776094110\n|detailschange|p1b: Delphox|Delphox-Mega, L50, F, shiny\n|-mega|p1b: Delphox|Delphox|Delphoxite\n|detailschange|p2b: Charizard|Charizard-Mega-Y, L50, F\n|-mega|p2b: Charizard|Charizard|Charizardite Y\n|-weather|SunnyDay|[from] ability: Drought|[of] p2b: Charizard\n|move|p1b: Delphox|Psychic|p2b: Charizard\n|-damage|p2b: Charizard|0 fnt\n|faint|p2b: Charizard\n|\n|win|Lerminlime\n|raw|Lerminlime's rating: 1198 &rarr; <strong>1224</strong><br />(+26 for winning)\n|raw|faric's rating: 1214 &rarr; <strong>1188</strong><br />(-26 for losing)\n|l|\u2606Lerminlime\n|player|p1|\n",
  "uploadtime": 1776094166,
  "views": 14,
  "formatid": "gen9championsvgc2026regma",
  "rating": 1188,
  "private": 0,
  "password": null
}