{
  "id": "gen9championsvgc2026regma-2585878054",
  "format": "[Gen 9 Champions] VGC 2026 Reg M-A",
  "players": [
    "raimeki",
    "lil_smol_froggy"
  ],
  "log": "|j|\u2606raimeki\n|j|\u2606lil_smol_froggy\n|t:|1776377741\n|gametype|doubles\n|player|p1|raimeki|hilbert-wonderlauncher|1048\n|player|p2|lil_smol_froggy|doubleteam|1022\n|gen|9\n|tier|[Gen 9 Champions] VGC 2026 Reg M-A\n|rated|\n|rule|Species Clause: Limit one of each Pok\u00e9mon\n|rule|Item Clause: Limit 1 of each item\n|clearpoke\n|poke|p1|Tyranitar, L50, M|\n|poke|p1|Corviknight, L50, M|\n|poke|p1|Torkoal, L50, F|\n|poke|p1|Slowbro, L50, M|\n|poke|p1|Tinkaton, L50, F|\n|poke|p1|Sinistcha, L50|\n|poke|p2|Alakazam, L50, F|\n|poke|p2|Meowstic, L50, M|\n|poke|p2|Sneasler, L50, F|\n|poke|p2|Kingambit, L50, F|\n|poke|p2|Sinistcha, L50|\n|poke|p2|Garchomp, L50, F|\n|teampreview|4\n|\n|t:|1776377759\n|teamsize|p1|4\n|teamsize|p2|4\n|start\n|switch|p1a: Slowbro|Slowbro, L50, M|100/100\n|switch|p1b: Tinkaton|Tinkaton, L50, F|100/100\n|switch|p2a: Meowstic|Meowstic, L50, M|100/100\n|switch|p2b: Sneasler|Sneasler, L50, F|100/100\n|-ability|p1b: Tinkaton|Mold Breaker\n|turn|1\n|\n|t:|1776377791\n|detailschange|p1a: Slowbro|Slowbro-Mega, L50, M\n|-mega|p1a: Slowbro|Slowbro|Slowbronite\n|move|p1b: Tinkaton|Protect|p1b: Tinkaton\n|-singleturn|p1b: Tinkaton|Protect\n|move|p2b: Sneasler|Fake Out|p1a: Slowbro\n|-damage|p1a: Slowbro|92/100\n|move|p2a: Meowstic|Reflect|p2a: Meowstic\n|-sidestart|p2: lil_smol_froggy|Reflect\n|cant|p1a: Slowbro|flinch\n|\n|upkeep\n|turn|2\n|\n|t:|1776377806\n|move|p2a: Meowstic|Psychic Terrain|p2a: Meowstic\n|-fieldstart|move: Psychic Terrain\n|move|p2b: Sneasler|Dire Claw|p1a: Slowbro\n|-damage|p1a: Slowbro|65/100\n|-status|p1a: Slowbro|slp\n|move|p1b: Tinkaton|Rock Slide|p2b: Sneasler|[spread] p2a,p2b\n|-resisted|p2b: Sneasler|1\n|-crit|p2b: Sneasler\n|-damage|p2a: Meowstic|90/100\n|-damage|p2b: Sneasler|82/100\n|cant|p1a: Slowbro|slp\n|\n|upkeep\n|turn|3\n|\n|t:|1776377831\n|switch|p2a: Alakazam|Alakazam, L50, F|100/100\n|move|p2b: Sneasler|Close Combat|p1b: Tinkaton\n|-damage|p1b: Tinkaton|31/100\n|-unboost|p2b: Sneasler|def|1\n|-unboost|p2b: Sneasler|spd|1\n|-enditem|p2b: Sneasler|White Herb\n|-clearnegativeboost|p2b: Sneasler|[silent]\n|move|p1b: Tinkaton|Gigaton Hammer|p2a: Alakazam\n|-damage|p2a: Alakazam|7/100\n|-curestatus|p1a: Slowbro|slp|[msg]\n|move|p1a: Slowbro|Scald|p2b: Sneasler\n|-damage|p2b: Sneasler|28/100\n|\n|upkeep\n|turn|4\n|\n|t:|1776377854\n|switch|p1b: Sinistcha|Sinistcha, L50|100/100\n|-heal|p1a: Slowbro|90/100|[from] ability: Hospitality|[of] p1b: Sinistcha\n|detailschange|p2a: Alakazam|Alakazam-Mega, L50, F\n|-mega|p2a: Alakazam|Alakazam|Alakazite\n|-ability|p2a: Alakazam|Hospitality|Trace|[from] ability: Trace|[of] p1b: Sinistcha\n|-heal|p2b: Sneasler|53/100|[from] ability: Hospitality|[of] p2a: Alakazam\n|move|p2b: Sneasler|Dire Claw|p1a: Slowbro\n|-damage|p1a: Slowbro|62/100\n|move|p2a: Alakazam|Expanding Force|p1a: Slowbro|[spread] p1a,p1b\n|-resisted|p1a: Slowbro|1\n|-damage|p1a: Slowbro|31/100\n|-damage|p1b: Sinistcha|27/100\n|move|p1a: Slowbro|Scald|p2b: Sneasler\n|-damage|p2b: Sneasler|4/100\n|\n|-heal|p1b: Sinistcha|32/100|[from] item: Leftovers\n|upkeep\n|turn|5\n|\n|t:|1776377877\n|move|p2b: Sneasler|Dire Claw|p1a: Slowbro\n|-damage|p1a: Slowbro|5/100\n|move|p2a: Alakazam|Expanding Force|p1b: Sinistcha|[spread] p1a,p1b\n|-resisted|p1a: Slowbro|1\n|-damage|p1a: Slowbro|0 fnt\n|-damage|p1b: Sinistcha|0 fnt\n|faint|p1a: Slowbro\n|faint|p1b: Sinistcha\n|\n|-sideend|p2: lil_smol_froggy|Reflect\n|upkeep\n|\n|t:|1776377887\n|switch|p1b: Torkoal|Torkoal, L50, F|100/100\n|switch|p1a: Tinkaton|Tinkaton, L50, F|31/100\n|-ability|p1a: Tinkaton|Mold Breaker\n|-weather|SunnyDay|[from] ability: Drought|[of] p1b: Torkoal\n|turn|6\n|\n|t:|1776377900\n|move|p1a: Tinkaton|Fake Out|p2a: Alakazam\n|-activate|p2a: Alakazam|move: Psychic Terrain\n|move|p2b: Sneasler|Close Combat|p1a: Tinkaton\n|-damage|p1a: Tinkaton|0 fnt\n|-unboost|p2b: Sneasler|def|1\n|-unboost|p2b: Sneasler|spd|1\n|faint|p1a: Tinkaton\n|move|p2a: Alakazam|Expanding Force|p1b: Torkoal\n|-damage|p1b: Torkoal|0 fnt\n|faint|p1b: Torkoal\n|\n|win|lil_smol_froggy\n|raw|raimeki's rating: 1048 &rarr; <strong>1030</strong><br />(-18 for losing)\n|raw|lil_smol_froggy's rating: 1022 &rarr; <strong>1061</strong><br />(+39 for winning)\n|l|\u2606raimeki\n|player|p1|\n",
  "uploadtime": 1776377926,
  "views": 21,
  "formatid": "gen9championsvgc2026regma",
  "rating": 1030,
  "private": 0,
  "password": null
}