{
  "id": "gen9championsvgc2026regma-2582785749",
  "format": "[Gen 9 Champions] VGC 2026 Reg M-A",
  "players": [
    "cloudyskyloftymoon",
    "retromaster14"
  ],
  "log": "|j|\u2606cloudyskyloftymoon\n|j|\u2606retromaster14\n|t:|1776113996\n|gametype|doubles\n|player|p1|cloudyskyloftymoon|acetrainerf|\n|player|p2|retromaster14|101|\n|gen|9\n|tier|[Gen 9 Champions] VGC 2026 Reg M-A\n|rule|Species Clause: Limit one of each Pok\u00e9mon\n|rule|Item Clause: Limit 1 of each item\n|clearpoke\n|poke|p1|Meganium, L50, F|\n|poke|p1|Pelipper, L50, F|\n|poke|p1|Archaludon, L50, M|\n|poke|p1|Basculegion, L50, M|\n|poke|p1|Sinistcha, L50|\n|poke|p1|Farigiraf, L50, F|\n|poke|p2|Pelipper, L50, M|\n|poke|p2|Basculegion, L50, M|\n|poke|p2|Archaludon, L50, F|\n|poke|p2|Meganium, L50, F|\n|poke|p2|Sneasler, L50, M|\n|poke|p2|Greninja-*, L50, M|\n|teampreview|4\n|\n|t:|1776114033\n|teamsize|p1|4\n|teamsize|p2|4\n|start\n|switch|p1a: Sinistcha|Sinistcha, L50|100/100\n|switch|p1b: Basculegion|Basculegion, L50, M|100/100\n|switch|p2a: Archaludon|Archaludon, L50, F|100/100\n|switch|p2b: Greninja|Greninja, L50, M|100/100\n|turn|1\n|\n|t:|1776114078\n|move|p2b: Greninja|Dark Pulse|p1b: Basculegion\n|-start|p2b: Greninja|typechange|Dark|[from] ability: Protean\n|-supereffective|p1b: Basculegion|1\n|-damage|p1b: Basculegion|24/100\n|move|p1b: Basculegion|Flip Turn|p2b: Greninja\n|-damage|p2b: Greninja|35/100\n|\n|t:|1776114092\n|switch|p1b: Pelipper|Pelipper, L50, F|100/100|[from] Flip Turn\n|-weather|RainDance|[from] ability: Drizzle|[of] p1b: Pelipper\n|move|p2a: Archaludon|Flash Cannon|p1b: Pelipper\n|-resisted|p1b: Pelipper|1\n|-damage|p1b: Pelipper|74/100\n|move|p1a: Sinistcha|Trick Room|p1a: Sinistcha\n|-fieldstart|move: Trick Room|[of] p1a: Sinistcha\n|\n|-weather|RainDance|[upkeep]\n|upkeep\n|turn|2\n|\n|t:|1776114112\n|switch|p2b: Basculegion|Basculegion, L50, M|100/100\n|move|p1a: Sinistcha|Matcha Gotcha|p2b: Basculegion|[spread] p2a,p2b\n|-resisted|p2a: Archaludon|2\n|-supereffective|p2b: Basculegion|1\n|-damage|p2a: Archaludon|92/100\n|-damage|p2b: Basculegion|32/100\n|-status|p2a: Archaludon|brn\n|-ability|p2a: Archaludon|Stamina|boost\n|-boost|p2a: Archaludon|def|1\n|move|p1b: Pelipper|U-turn|p2b: Basculegion\n|-resisted|p2b: Basculegion|1\n|-damage|p2b: Basculegion|26/100\n|\n|t:|1776114123\n|switch|p1b: Meganium|Meganium, L50, F|100/100|[from] U-turn\n|move|p2a: Archaludon|Electro Shot||[still]\n|-prepare|p2a: Archaludon|Electro Shot\n|-boost|p2a: Archaludon|spa|1\n|-anim|p2a: Archaludon|Electro Shot|p1b: Meganium\n|-resisted|p1b: Meganium|1\n|-damage|p1b: Meganium|70/100\n|\n|-weather|RainDance|[upkeep]\n|-heal|p2a: Archaludon|98/100 brn|[from] item: Leftovers\n|-damage|p2a: Archaludon|92/100 brn|[from] brn\n|upkeep\n|turn|3\n|\n|t:|1776114154\n|detailschange|p1b: Meganium|Meganium-Mega, L50, F\n|-mega|p1b: Meganium|Meganium|Meganiumite\n|move|p1a: Sinistcha|Strength Sap|p2b: Basculegion\n|-unboost|p2b: Basculegion|atk|1\n|move|p1b: Meganium|Dazzling Gleam|p2b: Basculegion|[spread] p2a,p2b\n|-damage|p2a: Archaludon|54/100 brn\n|-damage|p2b: Basculegion|0 fnt\n|-ability|p2a: Archaludon|Stamina|boost\n|-boost|p2a: Archaludon|def|1\n|faint|p2b: Basculegion\n|move|p2a: Archaludon|Flash Cannon|p1b: Meganium\n|-supereffective|p1b: Meganium|1\n|-damage|p1b: Meganium|0 fnt\n|faint|p1b: Meganium\n|\n|-weather|RainDance|[upkeep]\n|-heal|p2a: Archaludon|60/100 brn|[from] item: Leftovers\n|-damage|p2a: Archaludon|54/100 brn|[from] brn\n|upkeep\n|c|\u2606cloudyskyloftymoon|ngl, did not expect that to kill\n|c|\u2606retromaster14|same\n|\n|t:|1776114191\n|switch|p1b: Pelipper|Pelipper, L50, F|74/100\n|switch|p2b: Sneasler|Sneasler, L50, M|100/100\n|turn|4\n|\n|t:|1776114211\n|move|p2b: Sneasler|Fake Out|p1b: Pelipper\n|-damage|p1b: Pelipper|58/100\n|move|p1a: Sinistcha|Rage Powder|p1a: Sinistcha\n|-singleturn|p1a: Sinistcha|move: Rage Powder\n|cant|p1b: Pelipper|flinch\n|move|p2a: Archaludon|Electro Shot||[still]\n|-prepare|p2a: Archaludon|Electro Shot\n|-boost|p2a: Archaludon|spa|1\n|-anim|p2a: Archaludon|Electro Shot|p1a: Sinistcha\n|-resisted|p1a: Sinistcha|1\n|-damage|p1a: Sinistcha|48/100\n|-enditem|p1a: Sinistcha|Sitrus Berry|[eat]\n|-heal|p1a: Sinistcha|72/100|[from] item: Sitrus Berry\n|\n|-weather|RainDance|[upkeep]\n|-heal|p2a: Archaludon|60/100 brn|[from] item: Leftovers\n|-damage|p2a: Archaludon|54/100 brn|[from] brn\n|upkeep\n|turn|5\n|\n|t:|1776114255\n|move|p2b: Sneasler|Protect|p2b: Sneasler\n|-singleturn|p2b: Sneasler|Protect\n|move|p1a: Sinistcha|Matcha Gotcha|p2b: Sneasler|[spread] p2a\n|-activate|p2b: Sneasler|move: Protect\n|-resisted|p2a: Archaludon|2\n|-damage|p2a: Archaludon|45/100 brn\n|-heal|p1a: Sinistcha|77/100|[from] drain|[of] p2a: Archaludon\n|-ability|p2a: Archaludon|Stamina|boost\n|-boost|p2a: Archaludon|def|1\n|move|p1b: Pelipper|Tailwind|p1b: Pelipper\n|-sidestart|p1: cloudyskyloftymoon|move: Tailwind\n|move|p2a: Archaludon|Electro Shot||[still]\n|-prepare|p2a: Archaludon|Electro Shot\n|-boost|p2a: Archaludon|spa|1\n|-anim|p2a: Archaludon|Electro Shot|p1b: Pelipper\n|-supereffective|p1b: Pelipper|2\n|-damage|p1b: Pelipper|0 fnt\n|faint|p1b: Pelipper\n|\n|-weather|none\n|-heal|p2a: Archaludon|52/100 brn|[from] item: Leftovers\n|-damage|p2a: Archaludon|45/100 brn|[from] brn\n|-fieldend|move: Trick Room\n|upkeep\n|\n|t:|1776114276\n|switch|p1b: Basculegion|Basculegion, L50, M|24/100\n|turn|6\n|\n|t:|1776114289\n|move|p1b: Basculegion|Psychic Fangs|p2b: Sneasler\n|-supereffective|p2b: Sneasler|2\n|-damage|p2b: Sneasler|0 fnt\n|faint|p2b: Sneasler\n|move|p1a: Sinistcha|Matcha Gotcha|p2a: Archaludon\n|-resisted|p2a: Archaludon|2\n|-damage|p2a: Archaludon|33/100 brn\n|-heal|p1a: Sinistcha|84/100|[from] drain|[of] p2a: Archaludon\n|-ability|p2a: Archaludon|Stamina|boost\n|-boost|p2a: Archaludon|def|1\n|move|p2a: Archaludon|Flash Cannon|p1b: Basculegion\n|-resisted|p1b: Basculegion|1\n|-damage|p1b: Basculegion|0 fnt\n|faint|p1b: Basculegion\n|\n|-heal|p2a: Archaludon|39/100 brn|[from] item: Leftovers\n|-damage|p2a: Archaludon|33/100 brn|[from] brn\n|upkeep\n|c|\u2606cloudyskyloftymoon|my other anti sneasler tech lol\n|c|\u2606retromaster14|lmao\n|\n|t:|1776114307\n|switch|p2b: Greninja|Greninja, L50, M|35/100\n|turn|7\n|c|\u2606cloudyskyloftymoon|did let Archeludon live for too long\n|\n|t:|1776114345\n|detailschange|p2b: Greninja|Greninja-Mega, L50, M\n|-mega|p2b: Greninja|Greninja|Greninjite\n|move|p2b: Greninja|Dark Pulse|p1a: Sinistcha\n|-start|p2b: Greninja|typechange|Dark|[from] ability: Protean\n|-supereffective|p1a: Sinistcha|1\n|-damage|p1a: Sinistcha|0 fnt\n|faint|p1a: Sinistcha\n|\n|win|retromaster14\n|c|\u2606cloudyskyloftymoon|ggwp\n|c|\u2606retromaster14|gg\n|l|\u2606cloudyskyloftymoon\n|player|p1|\n",
  "uploadtime": 1776114370,
  "views": 17,
  "formatid": "gen9championsvgc2026regma",
  "rating": null,
  "private": 0,
  "password": null
}