{
  "id": "gen9championsvgc2026regma-2588005619",
  "format": "[Gen 9 Champions] VGC 2026 Reg M-A",
  "players": [
    "EXSA",
    "culattone22"
  ],
  "log": "|j|\u2606EXSA\n|j|\u2606culattone22\n|t:|1776591820\n|gametype|doubles\n|player|p1|EXSA|101|1182\n|player|p2|culattone22|101|1243\n|gen|9\n|tier|[Gen 9 Champions] VGC 2026 Reg M-A\n|rated|\n|rule|Species Clause: Limit one of each Pok\u00e9mon\n|rule|Item Clause: Limit 1 of each item\n|clearpoke\n|poke|p1|Oranguru, L50, F|\n|poke|p1|Incineroar, L50, M|\n|poke|p1|Torkoal, L50, F|\n|poke|p1|Venusaur, L50, M|\n|poke|p1|Aerodactyl, L50, M|\n|poke|p1|Gallade, L50, M|\n|poke|p2|Meganium, L50, M|\n|poke|p2|Volcarona, L50, F|\n|poke|p2|Hydreigon, L50, M|\n|poke|p2|Aegislash, L50, M|\n|poke|p2|Basculegion, L50, M|\n|poke|p2|Maushold-Four, L50|\n|teampreview|4\n|\n|t:|1776591926\n|teamsize|p1|4\n|teamsize|p2|4\n|start\n|switch|p1a: Incineroar|Incineroar, L50, M|100/100\n|switch|p1b: Oranguru|Oranguru, L50, F|100/100\n|switch|p2a: Hydreigon|Hydreigon, L50, M|100/100\n|switch|p2b: Basculegion|Basculegion, L50, M|100/100\n|-ability|p1a: Incineroar|Intimidate|boost\n|-unboost|p2a: Hydreigon|atk|1\n|-unboost|p2b: Basculegion|atk|1\n|turn|1\n|\n|t:|1776591954\n|switch|p1a: Venusaur|Venusaur, L50, M|100/100\n|move|p2b: Basculegion|Wave Crash|p1b: Oranguru\n|-damage|p1b: Oranguru|60/100\n|-damage|p2b: Basculegion|87/100|[from] Recoil\n|move|p2a: Hydreigon|Dark Pulse|p1b: Oranguru\n|-supereffective|p1b: Oranguru|1\n|-damage|p1b: Oranguru|0 fnt\n|faint|p1b: Oranguru\n|\n|upkeep\n|\n|t:|1776591967\n|switch|p1b: Incineroar|Incineroar, L50, M|100/100\n|-ability|p1b: Incineroar|Intimidate|boost\n|-unboost|p2a: Hydreigon|atk|1\n|-unboost|p2b: Basculegion|atk|1\n|turn|2\n|\n|t:|1776591988\n|switch|p2b: Maushold|Maushold-Four, L50|100/100\n|move|p1b: Incineroar|Fake Out|p2a: Hydreigon\n|-crit|p2a: Hydreigon\n|-damage|p2a: Hydreigon|84/100\n|cant|p2a: Hydreigon|flinch\n|move|p1a: Venusaur|Leaf Storm|p2b: Maushold\n|-damage|p2b: Maushold|37/100\n|-unboost|p1a: Venusaur|spa|2\n|\n|upkeep\n|turn|3\n|\n|t:|1776592010\n|switch|p1a: Torkoal|Torkoal, L50, F|100/100\n|-weather|SunnyDay|[from] ability: Drought|[of] p1a: Torkoal\n|move|p2b: Maushold|Protect|p2b: Maushold\n|-singleturn|p2b: Maushold|Protect\n|move|p2a: Hydreigon|Draco Meteor|p1b: Incineroar\n|-damage|p1b: Incineroar|41/100\n|-unboost|p2a: Hydreigon|spa|2\n|-enditem|p1b: Incineroar|Sitrus Berry|[eat]\n|-heal|p1b: Incineroar|65/100|[from] item: Sitrus Berry\n|move|p1b: Incineroar|Parting Shot|p2b: Maushold\n|-activate|p2b: Maushold|move: Protect\n|\n|-weather|SunnyDay|[upkeep]\n|upkeep\n|turn|4\n|\n|t:|1776592026\n|move|p2a: Hydreigon|Snarl|p1a: Torkoal|[spread] p1a,p1b\n|-resisted|p1b: Incineroar|1\n|-damage|p1a: Torkoal|83/100\n|-damage|p1b: Incineroar|61/100\n|-unboost|p1a: Torkoal|spa|1\n|-unboost|p1b: Incineroar|spa|1\n|move|p2b: Maushold|Super Fang|p1a: Torkoal\n|-damage|p1a: Torkoal|42/100\n|move|p1b: Incineroar|Parting Shot|p2a: Hydreigon\n|-unboost|p2a: Hydreigon|atk|1\n|-unboost|p2a: Hydreigon|spa|1\n|\n|t:|1776592030\n|switch|p1b: Venusaur|Venusaur, L50, M|100/100|[from] Parting Shot\n|move|p1a: Torkoal|Weather Ball|p2b: Maushold\n|-damage|p2b: Maushold|0 fnt\n|faint|p2b: Maushold\n|\n|-weather|SunnyDay|[upkeep]\n|upkeep\n|\n|t:|1776592039\n|switch|p2b: Meganium|Meganium, L50, M|100/100\n|turn|5\n|\n|t:|1776592061\n|switch|p1a: Incineroar|Incineroar, L50, M|61/100\n|-ability|p1a: Incineroar|Intimidate|boost\n|-unboost|p2a: Hydreigon|atk|1\n|-unboost|p2b: Meganium|atk|1\n|move|p1b: Venusaur|Sludge Bomb|p2b: Meganium\n|-supereffective|p2b: Meganium|1\n|-damage|p2b: Meganium|23/100\n|-status|p2b: Meganium|psn\n|move|p2a: Hydreigon|Snarl|p1a: Incineroar|[spread] p1a,p1b\n|-resisted|p1a: Incineroar|1\n|-damage|p1a: Incineroar|57/100\n|-damage|p1b: Venusaur|92/100\n|-unboost|p1a: Incineroar|spa|1\n|-unboost|p1b: Venusaur|spa|1\n|move|p2b: Meganium|Weather Ball|p1b: Venusaur\n|-supereffective|p1b: Venusaur|1\n|-damage|p1b: Venusaur|29/100\n|\n|-weather|SunnyDay|[upkeep]\n|-damage|p2b: Meganium|11/100 psn|[from] psn\n|upkeep\n|turn|6\n|\n|t:|1776592111\n|move|p1b: Venusaur|Protect|p1b: Venusaur\n|-singleturn|p1b: Venusaur|Protect\n|move|p1a: Incineroar|Fake Out|p2a: Hydreigon\n|-damage|p2a: Hydreigon|67/100\n|cant|p2a: Hydreigon|flinch\n|move|p2b: Meganium|Weather Ball|p1b: Venusaur\n|-activate|p1b: Venusaur|move: Protect\n|\n|-weather|SunnyDay|[upkeep]\n|-damage|p2b: Meganium|0 fnt|[from] psn\n|faint|p2b: Meganium\n|upkeep\n|\n|t:|1776592114\n|switch|p2b: Basculegion|Basculegion, L50, M|87/100\n|turn|7\n|\n|t:|1776592135\n|move|p1b: Venusaur|Leaf Storm|p2b: Basculegion\n|-supereffective|p2b: Basculegion|1\n|-damage|p2b: Basculegion|0 fnt\n|-unboost|p1b: Venusaur|spa|2\n|faint|p2b: Basculegion\n|move|p2a: Hydreigon|Dark Pulse|p1b: Venusaur\n|-damage|p1b: Venusaur|13/100\n|move|p1a: Incineroar|Parting Shot|p2a: Hydreigon\n|-unboost|p2a: Hydreigon|atk|1\n|-unboost|p2a: Hydreigon|spa|1\n|\n|t:|1776592138\n|switch|p1a: Torkoal|Torkoal, L50, F|42/100|[from] Parting Shot\n|\n|-weather|none\n|upkeep\n|turn|8\n|\n|t:|1776592151\n|switch|p1a: Incineroar|Incineroar, L50, M|57/100\n|-ability|p1a: Incineroar|Intimidate|boost\n|-unboost|p2a: Hydreigon|atk|1\n|move|p1b: Venusaur|Protect|p1b: Venusaur\n|-singleturn|p1b: Venusaur|Protect\n|move|p2a: Hydreigon|Snarl|p1a: Incineroar|[spread] p1a\n|-activate|p1b: Venusaur|move: Protect\n|-resisted|p1a: Incineroar|1\n|-damage|p1a: Incineroar|53/100\n|-unboost|p1a: Incineroar|spa|1\n|\n|upkeep\n|turn|9\n|\n|t:|1776592159\n|move|p1a: Incineroar|Fake Out|p2a: Hydreigon\n|-damage|p2a: Hydreigon|52/100\n|cant|p2a: Hydreigon|flinch\n|move|p1b: Venusaur|Leech Seed|p2a: Hydreigon\n|-start|p2a: Hydreigon|move: Leech Seed\n|\n|-damage|p2a: Hydreigon|39/100|[from] Leech Seed|[of] p1b: Venusaur\n|-heal|p1b: Venusaur|24/100|[silent]\n|upkeep\n|turn|10\n|-message|culattone22 forfeited.\n|\n|win|EXSA\n|raw|EXSA's rating: 1182 &rarr; <strong>1211</strong><br />(+29 for winning)\n|raw|culattone22's rating: 1243 &rarr; <strong>1214</strong><br />(-29 for losing)\n|l|\u2606culattone22\n|player|p2|\n",
  "uploadtime": 1776592165,
  "views": 12,
  "formatid": "gen9championsvgc2026regma",
  "rating": 1211,
  "private": 0,
  "password": null
}