{
  "id": "gen9championsvgc2026regma-2581322494",
  "format": "[Gen 9 Champions] VGC 2026 Reg M-A",
  "players": [
    "miquellapolis",
    "siunhanech"
  ],
  "log": "|j|\u2606miquellapolis\n|j|\u2606siunhanech\n|t:|1775986508\n|gametype|doubles\n|player|p1|miquellapolis|clair|1358\n|player|p2|siunhanech|cynthia-gen4|1391\n|gen|9\n|tier|[Gen 9 Champions] VGC 2026 Reg M-A\n|rated|\n|rule|Species Clause: Limit one of each Pok\u00e9mon\n|rule|Item Clause: Limit 1 of each item\n|clearpoke\n|poke|p1|Floette-Eternal, L50, F|\n|poke|p1|Incineroar, L50, M|\n|poke|p1|Whimsicott, L50, F|\n|poke|p1|Sneasler, L50, F|\n|poke|p1|Garchomp, L50, M|\n|poke|p1|Zoroark-Hisui, L50, M|\n|poke|p2|Incineroar, L50, F|\n|poke|p2|Garchomp, L50, F|\n|poke|p2|Rotom-Wash, L50|\n|poke|p2|Orthworm, L50, F|\n|poke|p2|Basculegion, L50, M|\n|poke|p2|Froslass, L50, F|\n|teampreview|4\n|inactive|Battle timer is ON: inactive players will automatically lose when time's up. (requested by miquellapolis)\nsiunhanech has agreed to open team sheets.\n|j| gE1xjZRtuhW2DdT0AK\n|\n|t:|1775986537\n|teamsize|p1|4\n|teamsize|p2|4\n|start\n|switch|p1a: Floette|Floette-Eternal, L50, F|100/100\n|switch|p1b: Sneasler|Sneasler, L50, F|100/100\n|switch|p2a: S\u00e2u b\u00e9o|Orthworm, L50, F|100/100\n|switch|p2b: C\u00e1 m\u1eadp b\u00e9o|Garchomp, L50, F|100/100\n|turn|1\n|j| Andrey Koitrans\n|l| Andrey Koitrans\n|\n|t:|1775986557\n|move|p2b: C\u00e1 m\u1eadp b\u00e9o|Protect|p2b: C\u00e1 m\u1eadp b\u00e9o\n|-singleturn|p2b: C\u00e1 m\u1eadp b\u00e9o|Protect\n|move|p1b: Sneasler|Fake Out|p2b: C\u00e1 m\u1eadp b\u00e9o\n|-activate|p2b: C\u00e1 m\u1eadp b\u00e9o|move: Protect\n|move|p1a: Floette|Hyper Voice|p2a: S\u00e2u b\u00e9o|[spread] p2a\n|-activate|p2b: C\u00e1 m\u1eadp b\u00e9o|move: Protect\n|-resisted|p2a: S\u00e2u b\u00e9o|1\n|-damage|p2a: S\u00e2u b\u00e9o|68/100\n|move|p2a: S\u00e2u b\u00e9o|Heavy Slam|p1a: Floette\n|-damage|p1a: Floette|37/100\n|replace|p1a: Zoroark|Zoroark-Hisui, L50, M\n|-end|p1a: Zoroark|Illusion\n|\n|upkeep\n|turn|2\n|inactive|siunhanech has 30 seconds left.\n|\n|t:|1775986583\n|switch|p2a: C\u00e1 ch\u00e9p r\u00e1n|Basculegion, L50, M, shiny|100/100\n|move|p1a: Zoroark|Hyper Voice|p2a: C\u00e1 ch\u00e9p r\u00e1n|[spread] p2b\n|-immune|p2a: C\u00e1 ch\u00e9p r\u00e1n\n|-damage|p2b: C\u00e1 m\u1eadp b\u00e9o|58/100\n|move|p1b: Sneasler|Close Combat|p2b: C\u00e1 m\u1eadp b\u00e9o\n|-damage|p2b: C\u00e1 m\u1eadp b\u00e9o|0 fnt\n|-unboost|p1b: Sneasler|def|1\n|-unboost|p1b: Sneasler|spd|1\n|-damage|p1b: Sneasler|88/100|[from] ability: Rough Skin|[of] p2b: C\u00e1 m\u1eadp b\u00e9o\n|faint|p2b: C\u00e1 m\u1eadp b\u00e9o\n|-enditem|p1b: Sneasler|White Herb\n|-clearnegativeboost|p1b: Sneasler|[silent]\n|\n|upkeep\n|\n|t:|1775986594\n|switch|p2b: M\u00e1y gi\u1eb7t b\u00e9o|Rotom-Wash, L50, shiny|100/100\n|turn|3\n|\n|t:|1775986606\n|switch|p2a: S\u00e2u b\u00e9o|Orthworm, L50, F|68/100\n|move|p1b: Sneasler|Dire Claw|p2a: S\u00e2u b\u00e9o\n|-immune|p2a: S\u00e2u b\u00e9o\n|move|p1a: Zoroark|Shadow Ball|p2a: S\u00e2u b\u00e9o\n|-damage|p2a: S\u00e2u b\u00e9o|8/100\n|-enditem|p2a: S\u00e2u b\u00e9o|Sitrus Berry|[eat]\n|-heal|p2a: S\u00e2u b\u00e9o|33/100|[from] item: Sitrus Berry\n|move|p2b: M\u00e1y gi\u1eb7t b\u00e9o|Will-O-Wisp|p1b: Sneasler\n|-status|p1b: Sneasler|brn\n|\n|-damage|p1b: Sneasler|83/100 brn|[from] brn\n|upkeep\n|turn|4\n|inactive|siunhanech has 30 seconds left.\n|\n|t:|1775986640\n|switch|p2a: C\u00e1 ch\u00e9p r\u00e1n|Basculegion, L50, M, shiny|100/100\n|move|p1b: Sneasler|Dire Claw|p2b: M\u00e1y gi\u1eb7t b\u00e9o\n|-damage|p2b: M\u00e1y gi\u1eb7t b\u00e9o|74/100\n|move|p1a: Zoroark|Shadow Ball|p2a: C\u00e1 ch\u00e9p r\u00e1n\n|-supereffective|p2a: C\u00e1 ch\u00e9p r\u00e1n|1\n|-damage|p2a: C\u00e1 ch\u00e9p r\u00e1n|6/100\n|move|p2b: M\u00e1y gi\u1eb7t b\u00e9o|Electroweb|p1a: Zoroark|[spread] p1a,p1b\n|-damage|p1a: Zoroark|3/100\n|-damage|p1b: Sneasler|59/100 brn\n|-unboost|p1a: Zoroark|spe|1\n|-unboost|p1b: Sneasler|spe|1\n|\n|-heal|p2b: M\u00e1y gi\u1eb7t b\u00e9o|79/100|[from] item: Leftovers\n|-damage|p1b: Sneasler|53/100 brn|[from] brn\n|upkeep\n|turn|5\n|\n|t:|1775986666\n|move|p2a: C\u00e1 ch\u00e9p r\u00e1n|Aqua Jet|p1a: Zoroark\n|-damage|p1a: Zoroark|0 fnt\n|faint|p1a: Zoroark\n|move|p1b: Sneasler|Dire Claw|p2a: C\u00e1 ch\u00e9p r\u00e1n\n|-resisted|p2a: C\u00e1 ch\u00e9p r\u00e1n|1\n|-damage|p2a: C\u00e1 ch\u00e9p r\u00e1n|0 fnt\n|faint|p2a: C\u00e1 ch\u00e9p r\u00e1n\n|move|p2b: M\u00e1y gi\u1eb7t b\u00e9o|Volt Switch|p1b: Sneasler\n|-damage|p1b: Sneasler|17/100 brn\n|\n|t:|1775986672\n|switch|p2b: S\u00e2u b\u00e9o|Orthworm, L50, F|33/100|[from] Volt Switch\n|\n|-damage|p1b: Sneasler|11/100 brn|[from] brn\n|upkeep\n|\n|t:|1775986675\n|switch|p1a: Incineroar|Incineroar, L50, M|100/100\n|switch|p2a: M\u00e1y gi\u1eb7t b\u00e9o|Rotom-Wash, L50, shiny|79/100\n|-ability|p1a: Incineroar|Intimidate|boost\n|-unboost|p2a: M\u00e1y gi\u1eb7t b\u00e9o|atk|1\n|-unboost|p2b: S\u00e2u b\u00e9o|atk|1\n|turn|6\n|\n|t:|1775986680\n|move|p1a: Incineroar|Fake Out|p2a: M\u00e1y gi\u1eb7t b\u00e9o\n|-damage|p2a: M\u00e1y gi\u1eb7t b\u00e9o|69/100\n|move|p1b: Sneasler|Close Combat|p2b: S\u00e2u b\u00e9o\n|-supereffective|p2b: S\u00e2u b\u00e9o|1\n|-crit|p2b: S\u00e2u b\u00e9o\n|-damage|p2b: S\u00e2u b\u00e9o|0 fnt\n|-unboost|p1b: Sneasler|def|1\n|-unboost|p1b: Sneasler|spd|1\n|faint|p2b: S\u00e2u b\u00e9o\n|cant|p2a: M\u00e1y gi\u1eb7t b\u00e9o|flinch\n|\n|-heal|p2a: M\u00e1y gi\u1eb7t b\u00e9o|74/100|[from] item: Leftovers\n|-damage|p1b: Sneasler|6/100 brn|[from] brn\n|upkeep\n|turn|7\n|\n|t:|1775986686\n|move|p1b: Sneasler|Dire Claw|p2a: M\u00e1y gi\u1eb7t b\u00e9o\n|-damage|p2a: M\u00e1y gi\u1eb7t b\u00e9o|51/100\n|-status|p2a: M\u00e1y gi\u1eb7t b\u00e9o|slp\n|cant|p2a: M\u00e1y gi\u1eb7t b\u00e9o|slp\n|move|p1a: Incineroar|Parting Shot|p2a: M\u00e1y gi\u1eb7t b\u00e9o\n|-unboost|p2a: M\u00e1y gi\u1eb7t b\u00e9o|atk|1\n|-unboost|p2a: M\u00e1y gi\u1eb7t b\u00e9o|spa|1\n|-message|siunhanech forfeited.\n|\n|win|miquellapolis\n|raw|miquellapolis's rating: 1358 &rarr; <strong>1380</strong><br />(+22 for winning)\n|raw|siunhanech's rating: 1391 &rarr; <strong>1369</strong><br />(-22 for losing)\n|l|\u2606siunhanech\n|player|p2|\n|l|\u2606miquellapolis\n|player|p1|\n",
  "uploadtime": 1775986740,
  "views": 41,
  "formatid": "gen9championsvgc2026regma",
  "rating": 1369,
  "private": 0,
  "password": null
}