{
  "id": "gen9championsvgc2026regma-2587158051",
  "format": "[Gen 9 Champions] VGC 2026 Reg M-A",
  "players": [
    "TiTRAINium",
    "KMMULLER2020"
  ],
  "log": "|j|\u2606TiTRAINium\n|j|\u2606KMMULLER2020\n|t:|1776501939\n|gametype|doubles\n|player|p1|TiTRAINium|scientist-gen4dp|1153\n|player|p2|KMMULLER2020|nate|1244\n|gen|9\n|tier|[Gen 9 Champions] VGC 2026 Reg M-A\n|rated|\n|rule|Species Clause: Limit one of each Pok\u00e9mon\n|rule|Item Clause: Limit 1 of each item\n|clearpoke\n|poke|p1|Kingambit, L50, M|\n|poke|p1|Hawlucha, L50, F|\n|poke|p1|Basculegion, L50, M|\n|poke|p1|Arcanine, L50, F|\n|poke|p1|Farigiraf, L50, F|\n|poke|p1|Steelix, L50, M|\n|poke|p2|Gardevoir, L50, F|\n|poke|p2|Kingambit, L50, M|\n|poke|p2|Ninetales-Alola, L50, M|\n|poke|p2|Arcanine-Hisui, L50, M|\n|poke|p2|Garchomp, L50, M|\n|poke|p2|Gyarados, L50, M|\n|teampreview|4\n|inactive|Battle timer is ON: inactive players will automatically lose when time's up. (requested by KMMULLER2020)\n|inactive|TiTRAINium also wants the timer to be on.\n|inactive|KMMULLER2020 has 60 seconds left.\n|inactive|KMMULLER2020 has 30 seconds left.\n|inactive|KMMULLER2020 has 20 seconds left.\n|inactive|KMMULLER2020 has 15 seconds left.\n|inactive|KMMULLER2020 has 10 seconds left.\n|inactive|KMMULLER2020 has 5 seconds left.\n|\n|t:|1776502025\n|teamsize|p1|4\n|teamsize|p2|4\n|start\n|switch|p1a: Kingambit|Kingambit, L50, M|100/100\n|switch|p1b: Hawlucha|Hawlucha, L50, F|100/100\n|switch|p2a: Gardevoir|Gardevoir, L50, F|100/100\n|switch|p2b: Garchomp|Garchomp, L50, M|100/100\n|-ability|p2a: Gardevoir|Defiant|Trace|[from] ability: Trace|[of] p1a: Kingambit\n|turn|1\n|inactive|TiTRAINium has 30 seconds left.\n|\n|t:|1776502052\n|detailschange|p1b: Hawlucha|Hawlucha-Mega, L50, F\n|-mega|p1b: Hawlucha|Hawlucha|Hawluchanite\n|detailschange|p2a: Gardevoir|Gardevoir-Mega, L50, F\n|-mega|p2a: Gardevoir|Gardevoir|Gardevoirite\n|move|p2b: Garchomp|Stomping Tantrum|p1a: Kingambit\n|-supereffective|p1a: Kingambit|1\n|-damage|p1a: Kingambit|40/100\n|move|p1b: Hawlucha|Entrainment|p1a: Kingambit\n|-ability|p1a: Kingambit|No Guard|Defiant|[from] move: Entrainment|[of] p1b: Hawlucha\n|move|p2a: Gardevoir|Hyper Voice|p1b: Hawlucha|[spread] p1a,p1b\n|-supereffective|p1b: Hawlucha|1\n|-damage|p1a: Kingambit|1/100\n|-damage|p1b: Hawlucha|0 fnt\n|faint|p1b: Hawlucha\n|move|p1a: Kingambit|Guillotine|p2b: Garchomp\n|-damage|p2b: Garchomp|0 fnt\n|-damage|p1a: Kingambit|0 fnt|[from] ability: Rough Skin|[of] p2b: Garchomp\n|faint|p2b: Garchomp\n|faint|p1a: Kingambit\n|-ohko\n|\n|upkeep\n|\n|t:|1776502074\n|switch|p1b: Steelix|Steelix, L50, M|100/100\n|switch|p2b: Ninetales|Ninetales-Alola, L50, M|100/100\n|switch|p1a: Basculegion|Basculegion, L50, M|100/100\n|-weather|Snowscape|[from] ability: Snow Warning|[of] p2b: Ninetales\n|turn|2\n|\n|t:|1776502087\n|switch|p2a: Kingambit|Kingambit, L50, M|100/100\n|move|p1a: Basculegion|Last Respects|p2a: Kingambit\n|-resisted|p2a: Kingambit|1\n|-damage|p2a: Kingambit|65/100\n|move|p2b: Ninetales|Aurora Veil|p2b: Ninetales\n|-sidestart|p2: KMMULLER2020|move: Aurora Veil\n|move|p1b: Steelix|Iron Defense|p1b: Steelix\n|-boost|p1b: Steelix|def|2\n|\n|-weather|Snowscape|[upkeep]\n|upkeep\n|turn|3\n|\n|t:|1776502100\n|move|p2a: Kingambit|Sucker Punch|p1a: Basculegion\n|-supereffective|p1a: Basculegion|1\n|-damage|p1a: Basculegion|8/100\n|move|p1a: Basculegion|Last Respects|p2b: Ninetales\n|-damage|p2b: Ninetales|28/100\n|move|p2b: Ninetales|Blizzard|p1b: Steelix|[spread] p1a,p1b\n|-resisted|p1a: Basculegion|1\n|-damage|p1a: Basculegion|0 fnt\n|-damage|p1b: Steelix|70/100\n|faint|p1a: Basculegion\n|move|p1b: Steelix|Body Press|p2a: Kingambit\n|-supereffective|p2a: Kingambit|2\n|-damage|p2a: Kingambit|0 fnt\n|faint|p2a: Kingambit\n|\n|-weather|Snowscape|[upkeep]\n|-heal|p1b: Steelix|76/100|[from] item: Leftovers\n|upkeep\n|\n|t:|1776502115\n|switch|p2a: Gardevoir|Gardevoir-Mega, L50, F|100/100\n|turn|4\n|\n|t:|1776502120\n|move|p2b: Ninetales|Protect|p2b: Ninetales\n|-singleturn|p2b: Ninetales|Protect\n|move|p2a: Gardevoir|Calm Mind|p2a: Gardevoir\n|-boost|p2a: Gardevoir|spa|1\n|-boost|p2a: Gardevoir|spd|1\n|move|p1b: Steelix|Body Press|p2b: Ninetales\n|-activate|p2b: Ninetales|move: Protect\n|\n|-weather|Snowscape|[upkeep]\n|-heal|p1b: Steelix|82/100|[from] item: Leftovers\n|upkeep\n|turn|5\n|\n|t:|1776502131\n|move|p2b: Ninetales|Blizzard|p1b: Steelix\n|-damage|p1b: Steelix|42/100\n|move|p2a: Gardevoir|Hyper Voice|p1b: Steelix\n|-resisted|p1b: Steelix|1\n|-damage|p1b: Steelix|0 fnt\n|faint|p1b: Steelix\n|\n|win|KMMULLER2020\n|raw|TiTRAINium's rating: 1153 &rarr; <strong>1134</strong><br />(-19 for losing)\n|raw|KMMULLER2020's rating: 1244 &rarr; <strong>1263</strong><br />(+19 for winning)\n|c|\u2606TiTRAINium|Gg\n|c|\u2606KMMULLER2020|gg\n",
  "uploadtime": 1776502139,
  "views": 15,
  "formatid": "gen9championsvgc2026regma",
  "rating": 1134,
  "private": 0,
  "password": null
}