{
  "id": "gen9championsvgc2026regma-2586708737",
  "format": "[Gen 9 Champions] VGC 2026 Reg M-A",
  "players": [
    "Juya",
    "OrtegaFX"
  ],
  "log": "|j|\u2606Juya\n|j|\u2606OrtegaFX\n|t:|1776453830\n|gametype|doubles\n|player|p1|Juya|2|1359\n|player|p2|OrtegaFX|n|1276\n|gen|9\n|tier|[Gen 9 Champions] VGC 2026 Reg M-A\n|rated|\n|rule|Species Clause: Limit one of each Pok\u00e9mon\n|rule|Item Clause: Limit 1 of each item\n|clearpoke\n|poke|p1|Glimmora, L50, F|\n|poke|p1|Gyarados, L50, M|\n|poke|p1|Corviknight, L50, M|\n|poke|p1|Garchomp, L50, M|\n|poke|p1|Volcarona, L50, M|\n|poke|p1|Ninetales-Alola, L50, F|\n|poke|p2|Floette-Eternal, L50, F|\n|poke|p2|Kingambit, L50, M|\n|poke|p2|Sneasler, L50, F|\n|poke|p2|Garchomp, L50, M|\n|poke|p2|Basculegion, L50, M|\n|poke|p2|Froslass, L50, F|\n|teampreview|4\n|inactive|Battle timer is ON: inactive players will automatically lose when time's up. (requested by OrtegaFX)\n|inactive|Juya also wants the timer to be on.\n|inactive|Juya has 60 seconds left.\n|inactive|OrtegaFX has 60 seconds left.\n|inactive|OrtegaFX has 30 seconds left.\n|inactive|OrtegaFX has 20 seconds left.\n|inactive|OrtegaFX has 15 seconds left.\n|inactive|OrtegaFX has 10 seconds left.\n|inactive|OrtegaFX has 5 seconds left.\n|\n|t:|1776453920\n|teamsize|p1|4\n|teamsize|p2|4\n|start\n|switch|p1a: Glimmora|Glimmora, L50, F|100/100\n|switch|p1b: Garchomp|Garchomp, L50, M|100/100\n|switch|p2a: Floette|Floette-Eternal, L50, F|100/100\n|switch|p2b: Kingambit|Kingambit, L50, M, shiny|100/100\n|turn|1\n|inactive|Juya has 30 seconds left.\n|inactive|OrtegaFX has 30 seconds left.\n|inactive|Juya has 20 seconds left.\n|inactive|OrtegaFX has 20 seconds left.\n|inactive|Juya has 15 seconds left.\n|inactive|OrtegaFX has 15 seconds left.\n|inactive|OrtegaFX has 10 seconds left.\n|inactive|Juya has 10 seconds left.\n|inactive|OrtegaFX has 5 seconds left.\n|\n|t:|1776453975\n|detailschange|p1a: Glimmora|Glimmora-Mega, L50, F\n|-mega|p1a: Glimmora|Glimmora|Glimmoranite\n|detailschange|p2a: Floette|Floette-Mega, L50, F\n|-mega|p2a: Floette|Floette|Floettite\n|-ability|p2a: Floette|Fairy Aura\n|move|p2b: Kingambit|Sucker Punch|p1a: Glimmora\n|-damage|p1a: Glimmora|57/100\n|move|p1b: Garchomp|Stomping Tantrum|p2b: Kingambit\n|-supereffective|p2b: Kingambit|1\n|-damage|p2b: Kingambit|39/100\n|move|p1a: Glimmora|Sludge Bomb|p2a: Floette\n|-supereffective|p2a: Floette|1\n|-damage|p2a: Floette|0 fnt\n|faint|p2a: Floette\n|\n|upkeep\n|\n|t:|1776453986\n|switch|p2a: Garchomp|Garchomp, L50, M|100/100\n|turn|2\n|\n|t:|1776453991\n|switch|p1b: Corviknight|Corviknight, L50, M, shiny|100/100\n|move|p1a: Glimmora|Spiky Shield|p1a: Glimmora\n|-singleturn|p1a: Glimmora|move: Protect\n|move|p2b: Kingambit|Protect|p2b: Kingambit\n|-singleturn|p2b: Kingambit|Protect\n|move|p2a: Garchomp|Earthquake|p1b: Corviknight|[spread] \n|-activate|p2b: Kingambit|move: Protect\n|-activate|p1a: Glimmora|move: Protect\n|-immune|p1b: Corviknight\n|\n|upkeep\n|turn|3\n|\n|t:|1776454006\n|switch|p1a: Volcarona|Volcarona, L50, M|100/100\n|move|p2a: Garchomp|Rock Slide|p1b: Corviknight|[spread] p1a,p1b\n|-supereffective|p1a: Volcarona|2\n|-crit|p1b: Corviknight\n|-damage|p1a: Volcarona|16/100\n|-damage|p1b: Corviknight|78/100\n|move|p1b: Corviknight|Iron Defense|p1b: Corviknight\n|-boost|p1b: Corviknight|def|2\n|move|p2b: Kingambit|Low Kick|p1b: Corviknight\n|-damage|p1b: Corviknight|65/100\n|\n|-heal|p1a: Volcarona|22/100|[from] item: Leftovers\n|upkeep\n|turn|4\n|inactive|OrtegaFX has 30 seconds left.\n|\n|t:|1776454035\n|move|p2a: Garchomp|Rock Slide|p1b: Corviknight|[spread] p1b\n|-miss|p2a: Garchomp|p1a: Volcarona\n|-damage|p1b: Corviknight|59/100\n|move|p1a: Volcarona|Heat Wave|p2a: Garchomp|[spread] p2b\n|-miss|p1a: Volcarona|p2a: Garchomp\n|-supereffective|p2b: Kingambit|1\n|-damage|p2b: Kingambit|0 fnt\n|faint|p2b: Kingambit\n|cant|p1b: Corviknight|flinch\n|\n|-heal|p1a: Volcarona|28/100|[from] item: Leftovers\n|upkeep\n|\n|t:|1776454041\n|switch|p2b: Sneasler|Sneasler, L50, F|100/100\n|turn|5\n|\n|t:|1776454052\n|move|p2b: Sneasler|Fake Out|p1b: Corviknight\n|-resisted|p1b: Corviknight|1\n|-crit|p1b: Corviknight\n|-damage|p1b: Corviknight|49/100\n|-enditem|p1b: Corviknight|Sitrus Berry|[eat]\n|-heal|p1b: Corviknight|74/100|[from] item: Sitrus Berry\n|move|p1a: Volcarona|Rage Powder|p1a: Volcarona\n|-singleturn|p1a: Volcarona|move: Rage Powder\n|move|p2a: Garchomp|Rock Slide|p1a: Volcarona|[spread] p1a,p1b\n|-supereffective|p1a: Volcarona|2\n|-damage|p1a: Volcarona|0 fnt\n|-damage|p1b: Corviknight|67/100\n|faint|p1a: Volcarona\n|cant|p1b: Corviknight|flinch\n|\n|upkeep\n|\n|t:|1776454063\n|switch|p1a: Garchomp|Garchomp, L50, M|100/100\n|turn|6\n|\n|t:|1776454071\n|move|p1a: Garchomp|Earthquake|p2b: Sneasler|[spread] p2a,p2b\n|-immune|p1b: Corviknight\n|-supereffective|p2b: Sneasler|1\n|-damage|p2a: Garchomp|64/100\n|-enditem|p2b: Sneasler|Focus Sash\n|-damage|p2b: Sneasler|1/100\n|move|p2b: Sneasler|Close Combat|p1b: Corviknight\n|-damage|p1b: Corviknight|42/100\n|-unboost|p2b: Sneasler|def|1\n|-unboost|p2b: Sneasler|spd|1\n|move|p2a: Garchomp|Dragon Claw|p1a: Garchomp\n|-supereffective|p1a: Garchomp|1\n|-damage|p1a: Garchomp|19/100\n|-damage|p2a: Garchomp|52/100|[from] ability: Rough Skin|[of] p1a: Garchomp\n|move|p1b: Corviknight|Iron Defense|p1b: Corviknight\n|-boost|p1b: Corviknight|def|2\n|\n|upkeep\n|turn|7\n|\n|t:|1776454095\n|move|p1a: Garchomp|Earthquake|p2b: Sneasler|[spread] p2a,p2b\n|-immune|p1b: Corviknight\n|-supereffective|p2b: Sneasler|1\n|-damage|p2a: Garchomp|17/100\n|-damage|p2b: Sneasler|0 fnt\n|faint|p2b: Sneasler\n|move|p2a: Garchomp|Rock Slide|p1b: Corviknight|[spread] p1a,p1b\n|-resisted|p1a: Garchomp|1\n|-damage|p1a: Garchomp|9/100\n|-damage|p1b: Corviknight|37/100\n|cant|p1b: Corviknight|flinch\n|\n|upkeep\n|turn|8\n|\n|t:|1776454106\n|move|p1a: Garchomp|Earthquake|p2a: Garchomp|[spread] p2a\n|-immune|p1b: Corviknight\n|-damage|p2a: Garchomp|0 fnt\n|faint|p2a: Garchomp\n|\n|win|Juya\n|raw|Juya's rating: 1359 &rarr; <strong>1374</strong><br />(+15 for winning)\n|raw|OrtegaFX's rating: 1276 &rarr; <strong>1257</strong><br />(-19 for losing)\n",
  "uploadtime": 1776454113,
  "views": 41,
  "formatid": "gen9championsvgc2026regma",
  "rating": 1257,
  "private": 0,
  "password": null
}