{
  "id": "gen9championsvgc2026regma-2582605636",
  "format": "[Gen 9 Champions] VGC 2026 Reg M-A",
  "players": [
    "ChErRy786",
    "Willish6634"
  ],
  "log": "|j|\u2606ChErRy786\n|j|\u2606Willish6634\n|t:|1776102196\n|gametype|doubles\n|player|p1|ChErRy786|roxie-masters|1111\n|player|p2|Willish6634|cyrus|1080\n|gen|9\n|tier|[Gen 9 Champions] VGC 2026 Reg M-A\n|rated|\n|rule|Species Clause: Limit one of each Pok\u00e9mon\n|rule|Item Clause: Limit 1 of each item\n|clearpoke\n|poke|p1|Tyranitar, L50, M|\n|poke|p1|Excadrill, L50, M|\n|poke|p1|Garchomp, L50, M|\n|poke|p1|Incineroar, L50, M|\n|poke|p1|Aegislash, L50, F|\n|poke|p1|Chimecho, L50, F|\n|poke|p2|Froslass, L50, F|\n|poke|p2|Orthworm, L50, M|\n|poke|p2|Incineroar, L50, F|\n|poke|p2|Rotom-Wash, L50|\n|poke|p2|Aerodactyl, L50, M|\n|poke|p2|Floette-Eternal, L50, F|\n|teampreview|4\n|inactive|Battle timer is ON: inactive players will automatically lose when time's up. (requested by ChErRy786)\n|\n|t:|1776102229\n|teamsize|p1|4\n|teamsize|p2|4\n|start\n|switch|p1a: Chimecho|Chimecho, L50, F|100/100\n|switch|p1b: Incineroar|Incineroar, L50, M|100/100\n|switch|p2a: Orthworm|Orthworm, L50, M|100/100\n|switch|p2b: Aerodactyl|Aerodactyl, L50, M|100/100\n|-ability|p2b: Aerodactyl|Unnerve\n|-ability|p1b: Incineroar|Intimidate|boost\n|-unboost|p2a: Orthworm|atk|1\n|-unboost|p2b: Aerodactyl|atk|1\n|turn|1\n|\n|t:|1776102246\n|detailschange|p1a: Chimecho|Chimecho-Mega, L50, F\n|-mega|p1a: Chimecho|Chimecho|Chimechite\n|move|p2a: Orthworm|Protect|p2a: Orthworm\n|-singleturn|p2a: Orthworm|Protect\n|move|p1b: Incineroar|Fake Out|p2a: Orthworm\n|-activate|p2a: Orthworm|move: Protect\n|move|p2b: Aerodactyl|Rock Slide|p1b: Incineroar|[spread] p1a\n|-miss|p2b: Aerodactyl|p1b: Incineroar\n|-resisted|p1a: Chimecho|1\n|-crit|p1a: Chimecho\n|-damage|p1a: Chimecho|87/100\n|cant|p1a: Chimecho|flinch\n|\n|upkeep\n|turn|2\n|\n|t:|1776102266\n|switch|p1b: Garchomp|Garchomp, L50, M|100/100\n|move|p2b: Aerodactyl|Rock Slide|p1a: Chimecho|[spread] p1a\n|-miss|p2b: Aerodactyl|p1b: Garchomp\n|-resisted|p1a: Chimecho|1\n|-damage|p1a: Chimecho|81/100\n|move|p1a: Chimecho|Calm Mind|p1a: Chimecho\n|-boost|p1a: Chimecho|spa|1\n|-boost|p1a: Chimecho|spd|1\n|move|p2a: Orthworm|Body Press|p1b: Garchomp\n|-damage|p1b: Garchomp|73/100\n|\n|upkeep\n|turn|3\n|\n|t:|1776102284\n|move|p2b: Aerodactyl|Rock Slide|p1a: Chimecho|[spread] p1a,p1b\n|-resisted|p1a: Chimecho|1\n|-resisted|p1b: Garchomp|1\n|-damage|p1a: Chimecho|74/100\n|-damage|p1b: Garchomp|64/100\n|move|p1b: Garchomp|Substitute|p1b: Garchomp\n|-start|p1b: Garchomp|Substitute\n|-damage|p1b: Garchomp|39/100\n|move|p2a: Orthworm|Shed Tail|p2a: Orthworm\n|-start|p2a: Orthworm|Substitute|[from] move: Shed Tail\n|-damage|p2a: Orthworm|50/100\n|-enditem|p2a: Orthworm|Sitrus Berry|[eat]\n|-heal|p2a: Orthworm|75/100|[from] item: Sitrus Berry\n|\n|t:|1776102288\n|switch|p2a: Froslass|Froslass, L50, F|100/100|[from] Shed Tail\n|move|p1a: Chimecho|Calm Mind|p1a: Chimecho\n|-boost|p1a: Chimecho|spa|1\n|-boost|p1a: Chimecho|spd|1\n|\n|upkeep\n|turn|4\n|\n|t:|1776102308\n|detailschange|p2a: Froslass|Froslass-Mega, L50, F\n|-mega|p2a: Froslass|Froslass|Froslassite\n|-weather|Snowscape|[from] ability: Snow Warning|[of] p2a: Froslass\n|move|p1b: Garchomp|Protect|p1b: Garchomp\n|-singleturn|p1b: Garchomp|Protect\n|move|p2b: Aerodactyl|Rock Slide|p1b: Garchomp|[spread] p1a\n|-activate|p1b: Garchomp|move: Protect\n|-resisted|p1a: Chimecho|1\n|-damage|p1a: Chimecho|68/100\n|move|p2a: Froslass|Nasty Plot|p2a: Froslass\n|-boost|p2a: Froslass|spa|2\n|move|p1a: Chimecho|Psychic Noise|p2a: Froslass\n|-damage|p2a: Froslass|15/100\n|-start|p2a: Froslass|move: Heal Block\n|\n|-weather|Snowscape|[upkeep]\n|upkeep\n|turn|5\n|\n|t:|1776102328\n|move|p2b: Aerodactyl|Dual Wingbeat|p1a: Chimecho|[miss]\n|-miss|p2b: Aerodactyl|p1a: Chimecho\n|move|p2a: Froslass|Shadow Ball|p1a: Chimecho\n|-supereffective|p1a: Chimecho|1\n|-damage|p1a: Chimecho|0 fnt\n|faint|p1a: Chimecho\n|move|p1b: Garchomp|Dragon Claw|p2b: Aerodactyl\n|-damage|p2b: Aerodactyl|44/100\n|\n|-weather|Snowscape|[upkeep]\n|-end|p2a: Froslass|move: Heal Block\n|upkeep\n|\n|t:|1776102340\n|switch|p1a: Incineroar|Incineroar, L50, M|100/100\n|-ability|p1a: Incineroar|Intimidate|boost\n|-immune|p2a: Froslass\n|-unboost|p2b: Aerodactyl|atk|1\n|turn|6\n|\n|t:|1776102360\n|move|p1a: Incineroar|Fake Out|p2b: Aerodactyl\n|-resisted|p2b: Aerodactyl|1\n|-damage|p2b: Aerodactyl|36/100\n|cant|p2b: Aerodactyl|flinch\n|move|p2a: Froslass|Blizzard|p1b: Garchomp|[spread] p1a,p1b\n|-supereffective|p1b: Garchomp|2\n|-end|p1b: Garchomp|Substitute\n|-resisted|p1a: Incineroar|1\n|-damage|p1a: Incineroar|63/100\n|move|p1b: Garchomp|Earthquake|p2a: Froslass|[spread] p1a,p2a\n|-immune|p2b: Aerodactyl\n|-end|p2a: Froslass|Substitute\n|-supereffective|p1a: Incineroar|1\n|-damage|p1a: Incineroar|12/100\n|\n|-weather|Snowscape|[upkeep]\n|upkeep\n|turn|7\n|\n|t:|1776102378\n|move|p1b: Garchomp|Protect|p1b: Garchomp\n|-singleturn|p1b: Garchomp|Protect\n|move|p2b: Aerodactyl|Rock Slide|p1a: Incineroar|[spread] p1a\n|-activate|p1b: Garchomp|move: Protect\n|-supereffective|p1a: Incineroar|1\n|-damage|p1a: Incineroar|0 fnt\n|faint|p1a: Incineroar\n|move|p2a: Froslass|Blizzard|p1b: Garchomp\n|-activate|p1b: Garchomp|move: Protect\n|\n|-weather|Snowscape|[upkeep]\n|upkeep\n|\n|t:|1776102381\n|switch|p1a: Aegislash|Aegislash, L50, F|100/100\n|turn|8\n|\n|t:|1776102390\n|move|p2a: Froslass|Protect|p2a: Froslass\n|-singleturn|p2a: Froslass|Protect\n|move|p1a: Aegislash|Wide Guard|p1a: Aegislash\n|-singleturn|p1a: Aegislash|Wide Guard\n|move|p2b: Aerodactyl|Dual Wingbeat|p1b: Garchomp\n|-damage|p1b: Garchomp|29/100\n|-damage|p1b: Garchomp|20/100\n|-hitcount|p1b: Garchomp|2\n|move|p1b: Garchomp|Dragon Claw|p2a: Froslass\n|-activate|p2a: Froslass|move: Protect\n|\n|-weather|none\n|upkeep\n|turn|9\n|-message|ChErRy786 forfeited.\n|\n|win|Willish6634\n|raw|ChErRy786's rating: 1111 &rarr; <strong>1084</strong><br />(-27 for losing)\n|raw|Willish6634's rating: 1080 &rarr; <strong>1110</strong><br />(+30 for winning)\n|l|\u2606ChErRy786\n|player|p1|\n",
  "uploadtime": 1776102444,
  "views": 18,
  "formatid": "gen9championsvgc2026regma",
  "rating": 1084,
  "private": 0,
  "password": null
}