{
  "id": "gen9championsvgc2026regma-2582820452",
  "format": "[Gen 9 Champions] VGC 2026 Reg M-A",
  "players": [
    "mayhemicdimise",
    "JarlomenVGC"
  ],
  "log": "|j|\u2606mayhemicdimise\n|j|\u2606JarlomenVGC\n|t:|1776116601\n|gametype|doubles\n|player|p1|mayhemicdimise|benga|1088\n|player|p2|JarlomenVGC|hiker-gen4|1025\n|gen|9\n|tier|[Gen 9 Champions] VGC 2026 Reg M-A\n|rated|\n|rule|Species Clause: Limit one of each Pok\u00e9mon\n|rule|Item Clause: Limit 1 of each item\n|clearpoke\n|poke|p1|Froslass, L50, F|\n|poke|p1|Delphox, L50, M|\n|poke|p1|Incineroar, L50, F|\n|poke|p1|Orthworm, L50, M|\n|poke|p1|Garchomp, L50, M|\n|poke|p1|Whimsicott, L50, F|\n|poke|p2|Pinsir, L50, F|\n|poke|p2|Garchomp, L50, F|\n|poke|p2|Pelipper, L50, F|\n|poke|p2|Basculegion, L50, M|\n|poke|p2|Whimsicott, L50, M|\n|poke|p2|Maushold, L50|\n|teampreview|4\n|inactive|Battle timer is ON: inactive players will automatically lose when time's up. (requested by JarlomenVGC)\nmayhemicdimise rejected open team sheets.\n|c|\u2606mayhemicdimise|Glhf\n|c|\u2606JarlomenVGC|gl hf\n|inactive|JarlomenVGC has 60 seconds left.\n|\n|t:|1776116648\n|teamsize|p1|4\n|teamsize|p2|4\n|start\n|switch|p1a: Chompy|Garchomp, L50, M, shiny|100/100\n|switch|p1b: Wormy|Orthworm, L50, M, shiny|100/100\n|switch|p2a: Pinsir|Pinsir, L50, F|100/100\n|switch|p2b: Maushold|Maushold, L50|100/100\n|turn|1\n|\n|t:|1776116672\n|detailschange|p2a: Pinsir|Pinsir-Mega, L50, F\n|-mega|p2a: Pinsir|Pinsir|Pinsirite\n|move|p2b: Maushold|Super Fang|p1b: Wormy\n|-damage|p1b: Wormy|51/100\n|move|p2a: Pinsir|Close Combat|p1b: Wormy\n|-supereffective|p1b: Wormy|1\n|-damage|p1b: Wormy|0 fnt\n|-unboost|p2a: Pinsir|def|1\n|-unboost|p2a: Pinsir|spd|1\n|faint|p1b: Wormy\n|move|p1a: Chompy|Earthquake|p2a: Pinsir|[spread] p2b\n|-immune|p2a: Pinsir\n|-damage|p2b: Maushold|49/100\n|-enditem|p2b: Maushold|Sitrus Berry|[eat]\n|-heal|p2b: Maushold|74/100|[from] item: Sitrus Berry\n|\n|upkeep\n|\n|t:|1776116688\n|switch|p1b: Kitsune|Delphox, L50, M, shiny|100/100\n|turn|2\n|\n|t:|1776116707\n|switch|p2a: Pelipper|Pelipper, L50, F|100/100\n|-weather|RainDance|[from] ability: Drizzle|[of] p2a: Pelipper\n|detailschange|p1b: Kitsune|Delphox-Mega, L50, M, shiny\n|-mega|p1b: Kitsune|Delphox|Delphoxite\n|move|p1b: Kitsune|Heat Wave|p2a: Pelipper|[spread] p2a,p2b\n|-resisted|p2a: Pelipper|1\n|-damage|p2a: Pelipper|86/100\n|-damage|p2b: Maushold|49/100\n|move|p2b: Maushold|Shadow Claw|p1b: Kitsune\n|-supereffective|p1b: Kitsune|1\n|-damage|p1b: Kitsune|62/100\n|move|p1a: Chompy|Earthquake|p2b: Maushold|[spread] p2b\n|-immune|p1b: Kitsune|[from] ability: Levitate\n|-immune|p2a: Pelipper\n|-damage|p2b: Maushold|0 fnt\n|faint|p2b: Maushold\n|\n|-weather|RainDance|[upkeep]\n|upkeep\n|\n|t:|1776116730\n|switch|p2b: Basculegion|Basculegion, L50, M|100/100\n|turn|3\n|\n|t:|1776116749\n|move|p1b: Kitsune|Protect|p1b: Kitsune\n|-singleturn|p1b: Kitsune|Protect\n|move|p2b: Basculegion|Last Respects|p1b: Kitsune\n|-activate|p1b: Kitsune|move: Protect\n|move|p1a: Chompy|Dragon Claw|p2b: Basculegion\n|-damage|p2b: Basculegion|47/100\n|move|p2a: Pelipper|Weather Ball|p1b: Kitsune\n|-activate|p1b: Kitsune|move: Protect\n|\n|-weather|RainDance|[upkeep]\n|upkeep\n|turn|4\n|\n|t:|1776116765\n|switch|p1b: Weaved|Incineroar, L50, F, shiny|100/100\n|-ability|p1b: Weaved|Intimidate|boost\n|-unboost|p2a: Pelipper|atk|1\n|-unboost|p2b: Basculegion|atk|1\n|move|p2b: Basculegion|Protect|p2b: Basculegion\n|-singleturn|p2b: Basculegion|Protect\n|move|p1a: Chompy|Dragon Claw|p2b: Basculegion\n|-activate|p2b: Basculegion|move: Protect\n|move|p2a: Pelipper|Weather Ball|p1b: Weaved\n|-supereffective|p1b: Weaved|1\n|-crit|p1b: Weaved\n|-damage|p1b: Weaved|0 fnt\n|faint|p1b: Weaved\n|\n|-weather|RainDance|[upkeep]\n|upkeep\n|\n|t:|1776116783\n|switch|p1b: Kitsune|Delphox-Mega, L50, M, shiny|62/100\n|turn|5\n|\n|t:|1776116798\n|move|p2b: Basculegion|Wave Crash|p1b: Kitsune\n|-supereffective|p1b: Kitsune|1\n|-damage|p1b: Kitsune|0 fnt\n|faint|p1b: Kitsune\n|-damage|p2b: Basculegion|31/100|[from] Recoil\n|move|p1a: Chompy|Earthquake|p2a: Pelipper|[spread] p2b\n|-immune|p2a: Pelipper\n|-damage|p2b: Basculegion|0 fnt\n|faint|p2b: Basculegion\n|move|p2a: Pelipper|Weather Ball|p1a: Chompy\n|-damage|p1a: Chompy|37/100\n|\n|-weather|RainDance|[upkeep]\n|upkeep\n|\n|t:|1776116810\n|switch|p2b: Pinsir|Pinsir-Mega, L50, F|100/100\n|turn|6\n|c|\u2606JarlomenVGC|gg\n|c|\u2606mayhemicdimise|Ggs\n|\n|t:|1776116823\n|move|p1a: Chompy|Protect|p1a: Chompy\n|-singleturn|p1a: Chompy|Protect\n|move|p2a: Pelipper|Wide Guard|p2a: Pelipper\n|-singleturn|p2a: Pelipper|Wide Guard\n|move|p2b: Pinsir|Close Combat|p1a: Chompy\n|-activate|p1a: Chompy|move: Protect\n|\n|-weather|none\n|upkeep\n|turn|7\n|c|\u2606mayhemicdimise|?\n|c|\u2606mayhemicdimise|Why wide guard there\n|inactive|mayhemicdimise has 30 seconds left.\n|\n|t:|1776116852\n|move|p2a: Pelipper|Wide Guard|p2a: Pelipper\n|-singleturn|p2a: Pelipper|Wide Guard\n|move|p2b: Pinsir|Close Combat|p1a: Chompy\n|-damage|p1a: Chompy|0 fnt\n|-unboost|p2b: Pinsir|def|1\n|-unboost|p2b: Pinsir|spd|1\n|-damage|p2b: Pinsir|88/100|[from] ability: Rough Skin|[of] p1a: Chompy\n|faint|p1a: Chompy\n|\n|win|JarlomenVGC\n|raw|mayhemicdimise's rating: 1088 &rarr; <strong>1061</strong><br />(-27 for losing)\n|raw|JarlomenVGC's rating: 1025 &rarr; <strong>1068</strong><br />(+43 for winning)\n|c|\u2606JarlomenVGC|You could have rock slide\n|c|\u2606mayhemicdimise|Ah true\n|c|\u2606mayhemicdimise|Ggs mate\n|c|\u2606JarlomenVGC|ggs\n|c|\u2606mayhemicdimise|Why pinsir\n|c|\u2606JarlomenVGC|No one is using him\n|c|\u2606mayhemicdimise|Mmm true\n|c|\u2606mayhemicdimise|Some 1 got to love him\n|c|\u2606JarlomenVGC|He is one of the cooler ones\n|c|\u2606mayhemicdimise|He looks dope\n|c|\u2606JarlomenVGC|He isn't horrible either. There are just better choices\n|c|\u2606mayhemicdimise|But sadly they screwed him over with the typing and mega salamance\n|c|\u2606mayhemicdimise|Yeah\n|c|\u2606JarlomenVGC|And taking away Return\n|c|\u2606mayhemicdimise|Yep\n|c|\u2606JarlomenVGC|Now he has Facade though I guess...\n|c|\u2606mayhemicdimise|I kinda want to try giga impact dragonize\n|c|\u2606mayhemicdimise|But flowers are everywhere with perish trap\n|c|\u2606JarlomenVGC|I am not in master ball yet in game so I am not seeing any of those\n|c|\u2606JarlomenVGC|Ultra ball 2 or 3 I think\n|c|\u2606JarlomenVGC|Running sand atm\n|c|\u2606mayhemicdimise|I dont got a switch\n|c|\u2606JarlomenVGC|Ah okay.\n|c|\u2606mayhemicdimise|This is the only way i can play champs rn\n|c|\u2606JarlomenVGC|Well comes to mobile at some point\n|c|\u2606mayhemicdimise|Yeah\n|c|\u2606mayhemicdimise|Sadly im poor\n|c|\u2606mayhemicdimise|And i have to use the recurtor\n|c|\u2606JarlomenVGC|I feel that. Only reason I have a Switch is an ex bought it for me\n|c|\u2606mayhemicdimise|Bcs i got none of the games\n|c|\u2606JarlomenVGC|Anyways. gl with the rest of your matches. It was fun\n",
  "uploadtime": 1776116884,
  "views": 15,
  "formatid": "gen9championsvgc2026regma",
  "rating": 1061,
  "private": 0,
  "password": null
}