{
  "id": "gen9championsvgc2026regma-2580378777",
  "format": "[Gen 9 Champions] VGC 2026 Reg M-A",
  "players": [
    "bujo0n",
    "K1tfox"
  ],
  "log": "|j|\u2606bujo0n\n|j|\u2606K1tfox\n|t:|1775887689\n|gametype|doubles\n|player|p1|bujo0n|pokemaniac|1135\n|player|p2|K1tfox|harlequin|1073\n|gen|9\n|tier|[Gen 9 Champions] VGC 2026 Reg M-A\n|rated|\n|rule|Species Clause: Limit one of each Pok\u00e9mon\n|rule|Item Clause: Limit 1 of each item\n|clearpoke\n|poke|p1|Farigiraf, L50, F|\n|poke|p1|Golurk, L50|\n|poke|p1|Torkoal, L50, M|\n|poke|p1|Venusaur, L50, F|\n|poke|p1|Sneasler, L50, F|\n|poke|p1|Incineroar, L50, M|\n|poke|p2|Charizard, L50, M|\n|poke|p2|Pelipper, L50, F|\n|poke|p2|Basculegion, L50, M|\n|poke|p2|Typhlosion-Hisui, L50, F|\n|poke|p2|Araquanid, L50, M|\n|poke|p2|Oranguru, L50, M|\n|teampreview|4\n|j| peanut_w_salt\n|\n|t:|1775887707\n|teamsize|p1|4\n|teamsize|p2|4\n|start\n|switch|p1a: Farigiraf|Farigiraf, L50, F, shiny|100/100\n|switch|p1b: Golurk|Golurk, L50, shiny|100/100\n|switch|p2a: Hrcmthsun|Charizard, L50, M|100/100\n|switch|p2b: Yesthatone|Typhlosion-Hisui, L50, F|100/100\n|turn|1\n|c|\u2606K1tfox|Gl\n|c|\u2606K1tfox|Wait does lurk have mega?\n|c|\u2606K1tfox|Still iron fist rift?\n|\n|t:|1775887738\n|detailschange|p2a: Hrcmthsun|Charizard-Mega-Y, L50, M\n|-mega|p2a: Hrcmthsun|Charizard|Charizardite Y\n|-weather|SunnyDay|[from] ability: Drought|[of] p2a: Hrcmthsun\n|move|p1b: Golurk|Protect|p1b: Golurk\n|-singleturn|p1b: Golurk|Protect\n|move|p2b: Yesthatone|Eruption|p1b: Golurk|[spread] p1a\n|-activate|p1b: Golurk|move: Protect\n|-damage|p1a: Farigiraf|26/100\n|move|p2a: Hrcmthsun|Air Cutter|p1b: Golurk|[spread] p1a\n|-activate|p1b: Golurk|move: Protect\n|-damage|p1a: Farigiraf|0 fnt\n|faint|p1a: Farigiraf\n|\n|-weather|SunnyDay|[upkeep]\n|upkeep\n|c|\u2606bujo0n|glhf\n|\n|t:|1775887752\n|switch|p1a: Torkoal|Torkoal, L50, M, shiny|100/100\n|turn|2\n|\n|t:|1775887766\n|detailschange|p1b: Golurk|Golurk-Mega, L50, shiny\n|-mega|p1b: Golurk|Golurk|Golurkite\n|move|p2b: Yesthatone|Eruption|p1a: Torkoal|[spread] p1a,p1b\n|-resisted|p1a: Torkoal|1\n|-damage|p1a: Torkoal|42/100\n|-damage|p1b: Golurk|30/100\n|move|p2a: Hrcmthsun|Scorching Sands|p1a: Torkoal\n|-supereffective|p1a: Torkoal|1\n|-damage|p1a: Torkoal|0 fnt\n|faint|p1a: Torkoal\n|move|p1b: Golurk|Headlong Rush|p2b: Yesthatone\n|-supereffective|p2b: Yesthatone|1\n|-damage|p2b: Yesthatone|0 fnt\n|-unboost|p1b: Golurk|def|1\n|-unboost|p1b: Golurk|spd|1\n|faint|p2b: Yesthatone\n|\n|-weather|SunnyDay|[upkeep]\n|upkeep\n|c|\u2606K1tfox|Wtf it upgrades to unseen fist\n|c|\u2606K1tfox|That's nuts!\n|\n|t:|1775887786\n|switch|p2b: AgAIn|Oranguru, L50, M|100/100\n|switch|p1a: Venusaur|Venusaur, L50, F, shiny|100/100\n|turn|3\n|c|\u2606bujo0n|Unseen fist got nerfed\n|c|\u2606K1tfox|Oh\n|c|\u2606K1tfox|25%?\n|\n|t:|1775887814\n|move|p1a: Venusaur|Sleep Powder|p2a: Hrcmthsun\n|-status|p2a: Hrcmthsun|slp|[from] move: Sleep Powder\n|cant|p2a: Hrcmthsun|slp\n|move|p1b: Golurk|Headlong Rush|p2b: AgAIn\n|-crit|p2b: AgAIn\n|-damage|p2b: AgAIn|0 fnt\n|-unboost|p1b: Golurk|def|1\n|-unboost|p1b: Golurk|spd|1\n|faint|p2b: AgAIn\n|\n|-weather|SunnyDay|[upkeep]\n|upkeep\n|\n|t:|1775887826\n|switch|p2b: Spooder|Araquanid, L50, M|100/100\n|turn|4\n|\n|t:|1775887866\n|move|p1a: Venusaur|Giga Drain|p2b: Spooder\n|-damage|p2b: Spooder|74/100\n|cant|p2a: Hrcmthsun|slp\n|move|p1b: Golurk|Poltergeist|p2a: Hrcmthsun\n|-activate|p2a: Hrcmthsun|move: Poltergeist|Charizardite Y\n|-damage|p2a: Hrcmthsun|19/100 slp\n|move|p2b: Spooder|Crunch|p1b: Golurk\n|-supereffective|p1b: Golurk|1\n|-damage|p1b: Golurk|0 fnt\n|faint|p1b: Golurk\n|\n|-weather|SunnyDay|[upkeep]\n|upkeep\n|turn|5\n|\n|t:|1775887906\n|move|p1a: Venusaur|Sludge Bomb|p2a: Hrcmthsun\n|-damage|p2a: Hrcmthsun|0 fnt\n|faint|p2a: Hrcmthsun\n|move|p2b: Spooder|Leech Life|p1a: Venusaur\n|-damage|p1a: Venusaur|65/100\n|-heal|p2b: Spooder|93/100|[from] drain|[of] p1a: Venusaur\n|\n|-weather|none\n|upkeep\n|turn|6\n|\n|t:|1775887913\n|move|p1a: Venusaur|Sleep Powder|p2b: Spooder\n|-status|p2b: Spooder|slp|[from] move: Sleep Powder\n|cant|p2b: Spooder|slp\n|\n|upkeep\n|turn|7\n|\n|t:|1775887922\n|move|p1a: Venusaur|Giga Drain|p2b: Spooder\n|-damage|p2b: Spooder|66/100 slp\n|-heal|p1a: Venusaur|78/100|[from] drain|[of] p2b: Spooder\n|cant|p2b: Spooder|slp\n|\n|upkeep\n|turn|8\n|c|\u2606K1tfox|Ah dang\n|\n|t:|1775887933\n|move|p1a: Venusaur|Giga Drain|p2b: Spooder\n|-damage|p2b: Spooder|39/100 slp\n|-heal|p1a: Venusaur|90/100|[from] drain|[of] p2b: Spooder\n|-curestatus|p2b: Spooder|slp|[msg]\n|move|p2b: Spooder|Leech Life|p1a: Venusaur\n|-damage|p1a: Venusaur|58/100\n|-heal|p2b: Spooder|57/100|[from] drain|[of] p1a: Venusaur\n|\n|upkeep\n|turn|9\n|\n|t:|1775887937\n|move|p1a: Venusaur|Sleep Powder|p2b: Spooder|[miss]\n|-miss|p1a: Venusaur|p2b: Spooder\n|move|p2b: Spooder|Leech Life|p1a: Venusaur\n|-damage|p1a: Venusaur|27/100\n|-heal|p2b: Spooder|74/100|[from] drain|[of] p1a: Venusaur\n|\n|upkeep\n|turn|10\n|c|\u2606K1tfox|The battle of the succ\n|\n|t:|1775887944\n|move|p1a: Venusaur|Sleep Powder|p2b: Spooder\n|-status|p2b: Spooder|slp|[from] move: Sleep Powder\n|cant|p2b: Spooder|slp\n|\n|upkeep\n|turn|11\n|\n|t:|1775887953\n|move|p1a: Venusaur|Giga Drain|p2b: Spooder\n|-damage|p2b: Spooder|46/100 slp\n|-heal|p1a: Venusaur|40/100|[from] drain|[of] p2b: Spooder\n|cant|p2b: Spooder|slp\n|\n|upkeep\n|turn|12\n|\n|t:|1775887956\n|move|p1a: Venusaur|Sludge Bomb|p2b: Spooder\n|-damage|p2b: Spooder|15/100 slp\n|-curestatus|p2b: Spooder|slp|[msg]\n|move|p2b: Spooder|Leech Life|p1a: Venusaur\n|-damage|p1a: Venusaur|4/100\n|-heal|p2b: Spooder|34/100|[from] drain|[of] p1a: Venusaur\n|\n|upkeep\n|turn|13\n|\n|t:|1775887964\n|move|p1a: Venusaur|Sleep Powder|p2b: Spooder\n|-status|p2b: Spooder|slp|[from] move: Sleep Powder\n|cant|p2b: Spooder|slp\n|\n|upkeep\n|turn|14\n|\n|t:|1775887969\n|move|p1a: Venusaur|Sludge Bomb|p2b: Spooder\n|-damage|p2b: Spooder|2/100 slp\n|cant|p2b: Spooder|slp\n|\n|upkeep\n|turn|15\n|\n|t:|1775887974\n|move|p1a: Venusaur|Giga Drain|p2b: Spooder\n|-damage|p2b: Spooder|0 fnt\n|-heal|p1a: Venusaur|5/100|[from] drain|[of] p2b: Spooder\n|faint|p2b: Spooder\n|\n|win|bujo0n\n|raw|bujo0n's rating: 1135 &rarr; <strong>1156</strong><br />(+21 for winning)\n|raw|K1tfox's rating: 1073 &rarr; <strong>1056</strong><br />(-17 for losing)\n|c|\u2606K1tfox|Ggz!\n|c|\u2606bujo0n|gg\n",
  "uploadtime": 1775887981,
  "views": 12,
  "formatid": "gen9championsvgc2026regma",
  "rating": 1056,
  "private": 0,
  "password": null
}