{
  "id": "gen9championsvgc2026regma-2583698302",
  "format": "[Gen 9 Champions] VGC 2026 Reg M-A",
  "players": [
    "Tastytongue",
    "EkCantDrawLol"
  ],
  "log": "|j|\u2606Tastytongue\n|j|\u203dEkCantDrawLol\n|t:|1776191736\n|gametype|doubles\n|player|p1|Tastytongue|burglar|1269\n|player|p2|EkCantDrawLol|skierf|1235\n|gen|9\n|tier|[Gen 9 Champions] VGC 2026 Reg M-A\n|rated|\n|rule|Species Clause: Limit one of each Pok\u00e9mon\n|rule|Item Clause: Limit 1 of each item\n|clearpoke\n|poke|p1|Incineroar, L50, F|\n|poke|p1|Farigiraf, L50, M|\n|poke|p1|Glimmora, L50, F|\n|poke|p1|Whimsicott, L50, F|\n|poke|p1|Primarina, L50, M|\n|poke|p1|Crabominable, L50, F|\n|poke|p2|Corviknight, L50, F|\n|poke|p2|Froslass, L50, F|\n|poke|p2|Garchomp, L50, M|\n|poke|p2|Rotom-Wash, L50|\n|poke|p2|Sneasler, L50, M|\n|poke|p2|Incineroar, L50, F|\n|teampreview|4\n|inactive|Battle timer is ON: inactive players will automatically lose when time's up. (requested by Tastytongue)\n|\n|t:|1776191770\n|teamsize|p1|4\n|teamsize|p2|4\n|start\n|switch|p1a: Incineroar|Incineroar, L50, F|100/100\n|switch|p1b: Farigiraf|Farigiraf, L50, M|100/100\n|switch|p2a: Corviknight|Corviknight, L50, F|100/100\n|switch|p2b: Incineroar|Incineroar, L50, F, shiny|100/100\n|-ability|p1a: Incineroar|Intimidate|boost\n|-ability|p2a: Corviknight|Mirror Armor\n|-unboost|p1a: Incineroar|atk|1\n|-unboost|p2b: Incineroar|atk|1\n|-ability|p2b: Incineroar|Intimidate|boost\n|-unboost|p1a: Incineroar|atk|1\n|-unboost|p1b: Farigiraf|atk|1\n|turn|1\n|\n|t:|1776191786\n|move|p1a: Incineroar|Fake Out|p2b: Incineroar\n|-damage|p2b: Incineroar|95/100\n|move|p2a: Corviknight|Taunt|p1b: Farigiraf\n|-start|p1b: Farigiraf|move: Taunt\n|cant|p2b: Incineroar|flinch\n|cant|p1b: Farigiraf|move: Taunt|Trick Room\n|\n|upkeep\n|turn|2\n|inactive|EkCantDrawLol has 30 seconds left.\n|inactive|EkCantDrawLol has 20 seconds left.\n|\n|t:|1776191824\n|move|p2a: Corviknight|Protect|p2a: Corviknight\n|-singleturn|p2a: Corviknight|Protect\n|move|p1a: Incineroar|Flare Blitz|p2a: Corviknight\n|-activate|p2a: Corviknight|move: Protect\n|move|p2b: Incineroar|Parting Shot|p1b: Farigiraf\n|-unboost|p1b: Farigiraf|atk|1\n|-unboost|p1b: Farigiraf|spa|1\n|\n|t:|1776191831\n|switch|p2b: Garchomp|Garchomp, L50, M|100/100|[from] Parting Shot\n|move|p1b: Farigiraf|Hyper Voice|p2a: Corviknight|[spread] p2b\n|-activate|p2a: Corviknight|move: Protect\n|-damage|p2b: Garchomp|74/100\n|\n|upkeep\n|turn|3\n|inactive|Tastytongue has 30 seconds left.\n|inactive|Tastytongue has 20 seconds left.\n|\n|t:|1776191867\n|move|p2b: Garchomp|Earthquake|p1b: Farigiraf|[spread] p1a,p1b\n|-immune|p2a: Corviknight\n|-supereffective|p1a: Incineroar|1\n|-crit|p1a: Incineroar\n|-damage|p1a: Incineroar|0 fnt\n|-damage|p1b: Farigiraf|63/100\n|faint|p1a: Incineroar\n|move|p2a: Corviknight|Body Press|p1b: Farigiraf\n|-damage|p1b: Farigiraf|38/100\n|-enditem|p1b: Farigiraf|Sitrus Berry|[eat]\n|-heal|p1b: Farigiraf|62/100|[from] item: Sitrus Berry\n|move|p1b: Farigiraf|Hyper Voice|p2b: Garchomp|[spread] p2a,p2b\n|-resisted|p2a: Corviknight|1\n|-crit|p2b: Garchomp\n|-damage|p2a: Corviknight|89/100\n|-damage|p2b: Garchomp|20/100\n|\n|-end|p1b: Farigiraf|move: Taunt\n|upkeep\n|\n|t:|1776191888\n|switch|p1a: Primarina|Primarina, L50, M|100/100\n|turn|4\n|\n|t:|1776191903\n|move|p2b: Garchomp|Earthquake|p1a: Primarina|[spread] p1a,p1b\n|-immune|p2a: Corviknight\n|-damage|p1a: Primarina|56/100\n|-damage|p1b: Farigiraf|19/100\n|move|p1a: Primarina|Hyper Voice|p2b: Garchomp|[spread] p2a,p2b\n|-damage|p2a: Corviknight|49/100\n|-damage|p2b: Garchomp|0 fnt\n|faint|p2b: Garchomp\n|move|p2a: Corviknight|Taunt|p1b: Farigiraf\n|-start|p1b: Farigiraf|move: Taunt\n|cant|p1b: Farigiraf|move: Taunt|Trick Room\n|\n|upkeep\n|\n|t:|1776191910\n|switch|p2b: Sneasler|Sneasler, L50, M|100/100\n|turn|5\n|\n|t:|1776191917\n|move|p2b: Sneasler|Dire Claw|p1a: Primarina\n|-supereffective|p1a: Primarina|1\n|-damage|p1a: Primarina|0 fnt\n|faint|p1a: Primarina\n|move|p2a: Corviknight|Body Press|p1b: Farigiraf\n|-damage|p1b: Farigiraf|0 fnt\n|faint|p1b: Farigiraf\n|\n|upkeep\n|-message|Tastytongue forfeited.\n|\n|win|EkCantDrawLol\n|raw|Tastytongue's rating: 1269 &rarr; <strong>1242</strong><br />(-27 for losing)\n|raw|EkCantDrawLol's rating: 1235 &rarr; <strong>1262</strong><br />(+27 for winning)\n|l|\u2606Tastytongue\n|player|p1|\n",
  "uploadtime": 1776191926,
  "views": 36,
  "formatid": "gen9championsvgc2026regma",
  "rating": 1242,
  "private": 0,
  "password": null
}