{
  "id": "gen9championsvgc2026regma-2582591506",
  "format": "[Gen 9 Champions] VGC 2026 Reg M-A",
  "players": [
    "colfox",
    "PYS_Max"
  ],
  "log": "|j|\u2606colfox\n|j|\u2606PYS_Max\n|t:|1776101331\n|gametype|doubles\n|player|p1|colfox|265|1228\n|player|p2|PYS_Max|linebacker|1284\n|gen|9\n|tier|[Gen 9 Champions] VGC 2026 Reg M-A\n|rated|\n|rule|Species Clause: Limit one of each Pok\u00e9mon\n|rule|Item Clause: Limit 1 of each item\n|clearpoke\n|poke|p1|Ninetales, L50, M|\n|poke|p1|Dragonite, L50, M|\n|poke|p1|Sylveon, L50, F|\n|poke|p1|Milotic, L50, F|\n|poke|p1|Delphox, L50, M|\n|poke|p1|Garchomp, L50, F|\n|poke|p2|Kangaskhan, L50, F|\n|poke|p2|Milotic, L50, M|\n|poke|p2|Sinistcha, L50|\n|poke|p2|Incineroar, L50, F|\n|poke|p2|Garchomp, L50, M|\n|poke|p2|Sneasler, L50, F|\n|teampreview|4\n|\n|t:|1776101373\n|teamsize|p1|4\n|teamsize|p2|4\n|start\n|switch|p1a: Milotic|Milotic, L50, F|100/100\n|switch|p1b: Garchomp|Garchomp, L50, F|100/100\n|switch|p2a: Incineroar|Incineroar, L50, F|100/100\n|switch|p2b: Miloti\u0107|Milotic, L50, M|100/100\n|-ability|p2a: Incineroar|Intimidate|boost\n|-unboost|p1a: Milotic|atk|1\n|-ability|p1a: Milotic|Competitive|boost\n|-boost|p1a: Milotic|spa|2\n|-unboost|p1b: Garchomp|atk|1\n|turn|1\n|\n|t:|1776101416\n|move|p2a: Incineroar|Fake Out|p1a: Milotic\n|-damage|p1a: Milotic|86/100\n|move|p1b: Garchomp|Rock Slide|p2a: Incineroar|[spread] \n|-miss|p1b: Garchomp|p2a: Incineroar\n|-miss|p1b: Garchomp|p2b: Miloti\u0107\n|move|p2b: Miloti\u0107|Scald|p1a: Milotic\n|-resisted|p1a: Milotic|1\n|-damage|p1a: Milotic|77/100\n|cant|p1a: Milotic|flinch\n|\n|-heal|p1a: Milotic|83/100|[from] item: Leftovers\n|upkeep\n|turn|2\n|\n|t:|1776101448\n|switch|p1b: Sylveon|Sylveon, L50, F|100/100\n|move|p2b: Miloti\u0107|Icy Wind|p1a: Milotic|[spread] p1a,p1b\n|-resisted|p1a: Milotic|1\n|-damage|p1a: Milotic|79/100\n|-damage|p1b: Sylveon|94/100\n|-unboost|p1a: Milotic|spe|1\n|-ability|p1a: Milotic|Competitive|boost\n|-boost|p1a: Milotic|spa|2\n|-unboost|p1b: Sylveon|spe|1\n|move|p2a: Incineroar|Throat Chop|p1a: Milotic\n|-damage|p1a: Milotic|36/100\n|-start|p1a: Milotic|Throat Chop|[silent]\n|move|p1a: Milotic|Scald|p2a: Incineroar\n|-supereffective|p2a: Incineroar|1\n|-damage|p2a: Incineroar|0 fnt\n|faint|p2a: Incineroar\n|\n|-heal|p1a: Milotic|42/100|[from] item: Leftovers\n|upkeep\n|\n|t:|1776101467\n|switch|p2a: Kangaskhan|Kangaskhan, L50, F|100/100\n|turn|3\n|\n|t:|1776101481\n|detailschange|p2a: Kangaskhan|Kangaskhan-Mega, L50, F\n|-mega|p2a: Kangaskhan|Kangaskhan|Kangaskhanite\n|move|p1a: Milotic|Protect|p1a: Milotic\n|-singleturn|p1a: Milotic|Protect\n|move|p2a: Kangaskhan|Double-Edge|p1a: Milotic\n|-activate|p1a: Milotic|move: Protect\n|move|p2b: Miloti\u0107|Scald|p1b: Sylveon\n|-damage|p1b: Sylveon|74/100\n|move|p1b: Sylveon|Hyper Voice|p2b: Miloti\u0107|[spread] p2a,p2b\n|-damage|p2a: Kangaskhan|56/100\n|-damage|p2b: Miloti\u0107|67/100\n|\n|-heal|p2b: Miloti\u0107|73/100|[from] item: Leftovers\n|-heal|p1a: Milotic|48/100|[from] item: Leftovers\n|-end|p1a: Milotic|Throat Chop|[silent]\n|upkeep\n|turn|4\n|\n|t:|1776101506\n|move|p2a: Kangaskhan|Double-Edge|p1a: Milotic\n|-damage|p1a: Milotic|0 fnt\n|faint|p1a: Milotic\n|-hitcount|p1: Milotic|1\n|-damage|p2a: Kangaskhan|40/100|[from] Recoil\n|move|p2b: Miloti\u0107|Life Dew|p2b: Miloti\u0107|[spread] p2a,p2b\n|-heal|p2a: Kangaskhan|65/100\n|-heal|p2b: Miloti\u0107|98/100\n|move|p1b: Sylveon|Hyper Voice|p2a: Kangaskhan|[spread] p2a,p2b\n|-damage|p2a: Kangaskhan|21/100\n|-damage|p2b: Miloti\u0107|64/100\n|\n|-heal|p2b: Miloti\u0107|70/100|[from] item: Leftovers\n|upkeep\n|\n|t:|1776101521\n|switch|p1a: Delphox|Delphox, L50, M|100/100\n|turn|5\n|\n|t:|1776101548\n|move|p1b: Sylveon|Helping Hand|p1a: Delphox\n|-singleturn|p1a: Delphox|Helping Hand|[of] p1b: Sylveon\n|move|p1a: Delphox|Heat Wave|p2a: Kangaskhan|[spread] p2a,p2b\n|-resisted|p2b: Miloti\u0107|1\n|-damage|p2a: Kangaskhan|0 fnt\n|-damage|p2b: Miloti\u0107|55/100\n|faint|p2a: Kangaskhan\n|move|p2b: Miloti\u0107|Scald|p1a: Delphox\n|-supereffective|p1a: Delphox|1\n|-damage|p1a: Delphox|40/100\n|\n|-heal|p2b: Miloti\u0107|61/100|[from] item: Leftovers\n|upkeep\n|\n|t:|1776101560\n|switch|p2a: Garchomp|Garchomp, L50, M|100/100\n|turn|6\n|\n|t:|1776101569\n|move|p2a: Garchomp|Protect|p2a: Garchomp\n|-singleturn|p2a: Garchomp|Protect\n|move|p1a: Delphox|Psychic|p2b: Miloti\u0107\n|-damage|p2b: Miloti\u0107|33/100\n|move|p2b: Miloti\u0107|Scald|p1b: Sylveon\n|-damage|p1b: Sylveon|52/100\n|move|p1b: Sylveon|Hyper Voice|p2a: Garchomp|[spread] p2b\n|-activate|p2a: Garchomp|move: Protect\n|-damage|p2b: Miloti\u0107|0 fnt\n|faint|p2b: Miloti\u0107\n|\n|upkeep\n|turn|7\n|-message|PYS_Max forfeited.\n|\n|win|colfox\n|raw|colfox's rating: 1228 &rarr; <strong>1257</strong><br />(+29 for winning)\n|raw|PYS_Max's rating: 1284 &rarr; <strong>1255</strong><br />(-29 for losing)\n|l|\u2606PYS_Max\n|player|p2|\n",
  "uploadtime": 1776101593,
  "views": 44,
  "formatid": "gen9championsvgc2026regma",
  "rating": 1255,
  "private": 0,
  "password": null
}