{
  "id": "gen9championsvgc2026regma-2582005877",
  "format": "[Gen 9 Champions] VGC 2026 Reg M-A",
  "players": [
    "TheMaquaGuy",
    "Bigmanbattle"
  ],
  "log": "|j|\u2606TheMaquaGuy\n|j|\u2606Bigmanbattle\n|t:|1776047638\n|gametype|doubles\n|player|p1|TheMaquaGuy|cheryl|\n|player|p2|Bigmanbattle|crasherwake|\n|gen|9\n|tier|[Gen 9 Champions] VGC 2026 Reg M-A\n|rule|Species Clause: Limit one of each Pok\u00e9mon\n|rule|Item Clause: Limit 1 of each item\n|clearpoke\n|poke|p1|Aerodactyl, L50, F|\n|poke|p1|Tyranitar, L50, M|\n|poke|p1|Excadrill, L50, F|\n|poke|p1|Arcanine-Hisui, L50, F|\n|poke|p1|Meganium, L50, M|\n|poke|p1|Garchomp, L50, M|\n|poke|p2|Greninja-*, L50, M|\n|poke|p2|Aegislash, L50, M|\n|poke|p2|Sneasler, L50, F|\n|poke|p2|Garchomp, L50, M|\n|poke|p2|Talonflame, L50, M|\n|poke|p2|Ninetales-Alola, L50, F|\n|teampreview|4\n|\n|t:|1776047664\n|teamsize|p1|4\n|teamsize|p2|4\n|start\n|switch|p1a: Zilla|Tyranitar, L50, M|100/100\n|switch|p1b: Rockanine|Arcanine-Hisui, L50, F|100/100\n|switch|p2a: Greninja|Greninja, L50, M, shiny|100/100\n|switch|p2b: Talonflame|Talonflame, L50, M|100/100\n|-ability|p1b: Rockanine|Intimidate|boost\n|-unboost|p2a: Greninja|atk|1\n|-unboost|p2b: Talonflame|atk|1\n|-weather|Sandstorm|[from] ability: Sand Stream|[of] p1a: Zilla\n|turn|1\n|inactive|Battle timer is ON: inactive players will automatically lose when time's up. (requested by TheMaquaGuy)\n|c|\u2606TheMaquaGuy|Chop chop\n|\n|t:|1776047697\n|detailschange|p2a: Greninja|Greninja-Mega, L50, M, shiny\n|-mega|p2a: Greninja|Greninja|Greninjite\n|move|p1b: Rockanine|Protect|p1b: Rockanine\n|-singleturn|p1b: Rockanine|Protect\n|move|p2b: Talonflame|Tailwind|p2b: Talonflame\n|-sidestart|p2: Bigmanbattle|move: Tailwind\n|move|p2a: Greninja|Water Shuriken|p1b: Rockanine\n|-start|p2a: Greninja|typechange|Water|[from] ability: Protean\n|-activate|p1b: Rockanine|move: Protect\n|move|p1a: Zilla|Rock Slide|p2a: Greninja|[spread] p2a,p2b\n|-supereffective|p2b: Talonflame|2\n|-damage|p2a: Greninja|56/100\n|-damage|p2b: Talonflame|0 fnt\n|faint|p2b: Talonflame\n|\n|-weather|Sandstorm|[upkeep]\n|-damage|p2a: Greninja|50/100|[from] Sandstorm\n|upkeep\n|c|\u2606TheMaquaGuy|Son\n|\n|t:|1776047718\n|switch|p2b: Sneasler|Sneasler, L50, F|100/100\n|turn|2\n|inactive|TheMaquaGuy has 30 seconds left.\n|inactive|TheMaquaGuy has 20 seconds left.\n|\n|t:|1776047757\n|move|p2b: Sneasler|Fake Out|p1a: Zilla\n|-resisted|p1a: Zilla|1\n|-damage|p1a: Zilla|95/100\n|move|p2a: Greninja|Water Shuriken|p1b: Rockanine\n|-supereffective|p1b: Rockanine|2\n|-damage|p1b: Rockanine|73/100\n|-supereffective|p1b: Rockanine|2\n|-damage|p1b: Rockanine|42/100\n|-supereffective|p1b: Rockanine|2\n|-damage|p1b: Rockanine|12/100\n|-hitcount|p1b: Rockanine|3\n|move|p1b: Rockanine|Wild Charge|p2a: Greninja\n|-supereffective|p2a: Greninja|1\n|-damage|p2a: Greninja|0 fnt\n|faint|p2a: Greninja\n|-damage|p1b: Rockanine|1/100|[from] Recoil\n|cant|p1a: Zilla|flinch\n|\n|-weather|Sandstorm|[upkeep]\n|-damage|p2b: Sneasler|95/100|[from] Sandstorm\n|-heal|p1a: Zilla|100/100|[from] item: Leftovers\n|upkeep\n|c|\u2606TheMaquaGuy|SON\n|\n|t:|1776047777\n|switch|p2a: Garchomp|Garchomp, L50, M|100/100\n|turn|3\n|\n|t:|1776047790\n|move|p2b: Sneasler|Protect|p2b: Sneasler\n|-singleturn|p2b: Sneasler|Protect\n|move|p1b: Rockanine|Protect|p1b: Rockanine\n|-singleturn|p1b: Rockanine|Protect\n|move|p2a: Garchomp|Earthquake|p1a: Zilla|[spread] p1a\n|-activate|p2b: Sneasler|move: Protect\n|-activate|p1b: Rockanine|move: Protect\n|-supereffective|p1a: Zilla|1\n|-damage|p1a: Zilla|34/100\n|move|p1a: Zilla|Earthquake|p2b: Sneasler|[spread] p2a\n|-activate|p1b: Rockanine|move: Protect\n|-activate|p2b: Sneasler|move: Protect\n|-damage|p2a: Garchomp|70/100\n|\n|-weather|Sandstorm|[upkeep]\n|-damage|p2b: Sneasler|89/100|[from] Sandstorm\n|-heal|p1a: Zilla|40/100|[from] item: Leftovers\n|upkeep\n|turn|4\n|inactive|TheMaquaGuy has 30 seconds left.\n|inactive|Bigmanbattle has 30 seconds left.\n|inactive|Bigmanbattle has 20 seconds left.\n|\n|t:|1776047826\n|switch|p1a: Lumi|Meganium, L50, M, shiny|100/100\n|move|p2b: Sneasler|Dire Claw|p1a: Lumi\n|-supereffective|p1a: Lumi|1\n|-damage|p1a: Lumi|22/100\n|move|p2a: Garchomp|Rock Slide|p1a: Lumi|[spread] p1a,p1b\n|-supereffective|p1b: Rockanine|1\n|-damage|p1a: Lumi|5/100\n|-damage|p1b: Rockanine|0 fnt\n|faint|p1b: Rockanine\n|\n|-weather|Sandstorm|[upkeep]\n|-damage|p2b: Sneasler|83/100|[from] Sandstorm\n|-damage|p1a: Lumi|0 fnt|[from] Sandstorm\n|faint|p1a: Lumi\n|-sideend|p2: Bigmanbattle|move: Tailwind\n|upkeep\n|\n|t:|1776047842\n|switch|p1b: Zilla|Tyranitar, L50, M|40/100\n|switch|p1a: Scary monster|Aerodactyl, L50, F|100/100\n|turn|5\n|c|\u2606TheMaquaGuy|Yikes\n|\n|t:|1776047859\n|detailschange|p1a: Scary monster|Aerodactyl-Mega, L50, F\n|-mega|p1a: Scary monster|Aerodactyl|Aerodactylite\n|move|p2b: Sneasler|Protect|p2b: Sneasler\n|-singleturn|p2b: Sneasler|Protect\n|move|p1b: Zilla|Protect|p1b: Zilla\n|-singleturn|p1b: Zilla|Protect\n|move|p1a: Scary monster|Earthquake|p2a: Garchomp|[spread] p2a\n|-activate|p1b: Zilla|move: Protect\n|-activate|p2b: Sneasler|move: Protect\n|-damage|p2a: Garchomp|45/100\n|move|p2a: Garchomp|Earthquake|p1a: Scary monster|[spread] \n|-activate|p2b: Sneasler|move: Protect\n|-activate|p1b: Zilla|move: Protect\n|-immune|p1a: Scary monster\n|\n|-weather|none\n|-heal|p1b: Zilla|45/100|[from] item: Leftovers\n|upkeep\n|turn|6\n|inactive|TheMaquaGuy has 30 seconds left.\n|\n|t:|1776047887\n|move|p1a: Scary monster|Dual Wingbeat|p2b: Sneasler\n|-supereffective|p2b: Sneasler|1\n|-damage|p2b: Sneasler|0 fnt\n|faint|p2b: Sneasler\n|-hitcount|p2: Sneasler|1\n|move|p2a: Garchomp|Rock Slide|p1b: Zilla|[spread] p1a,p1b\n|-supereffective|p1a: Scary monster|1\n|-crit|p1b: Zilla\n|-damage|p1a: Scary monster|46/100\n|-damage|p1b: Zilla|22/100\n|move|p1b: Zilla|Earthquake|p2a: Garchomp|[spread] p2a\n|-immune|p1a: Scary monster\n|-damage|p2a: Garchomp|14/100\n|\n|-heal|p1b: Zilla|28/100|[from] item: Leftovers\n|upkeep\n|turn|7\n|\n|t:|1776047908\n|move|p2a: Garchomp|Protect|p2a: Garchomp\n|-singleturn|p2a: Garchomp|Protect\n|move|p1a: Scary monster|Dual Wingbeat|p2a: Garchomp\n|-activate|p2a: Garchomp|move: Protect\n|move|p1b: Zilla|Knock Off|p2a: Garchomp\n|-activate|p2a: Garchomp|move: Protect\n|\n|-heal|p1b: Zilla|34/100|[from] item: Leftovers\n|upkeep\n|turn|8\n|\n|t:|1776047919\n|move|p1a: Scary monster|Dual Wingbeat|p2a: Garchomp\n|-damage|p2a: Garchomp|0 fnt\n|-damage|p1a: Scary monster|34/100|[from] ability: Rough Skin|[of] p2a: Garchomp\n|faint|p2a: Garchomp\n|-hitcount|p2: Garchomp|1\n|\n|win|TheMaquaGuy\n",
  "uploadtime": 1776047935,
  "views": 10,
  "formatid": "gen9championsvgc2026regma",
  "rating": null,
  "private": 0,
  "password": null
}