{
  "id": "gen9championsvgc2026regma-2588233865",
  "format": "[Gen 9 Champions] VGC 2026 Reg M-A",
  "players": [
    "kurama802",
    "yyssummer"
  ],
  "log": "|j|\u2606kurama802\n|j|\u2606yyssummer\n|t:|1776616687\n|gametype|doubles\n|player|p1|kurama802|backersf|1297\n|player|p2|yyssummer|169|1402\n|gen|9\n|tier|[Gen 9 Champions] VGC 2026 Reg M-A\n|rated|\n|rule|Species Clause: Limit one of each Pok\u00e9mon\n|rule|Item Clause: Limit 1 of each item\n|clearpoke\n|poke|p1|Sneasler, L50, M|\n|poke|p1|Ampharos, L50, F, shiny|\n|poke|p1|Sinistcha, L50|\n|poke|p1|Skarmory, L50, F|\n|poke|p1|Incineroar, L50, M, shiny|\n|poke|p1|Glimmora, L50, M|\n|poke|p2|Aerodactyl, L50, F, shiny|\n|poke|p2|Farigiraf, L50, M, shiny|\n|poke|p2|Sneasler, L50, F|\n|poke|p2|Meowscarada, L50, F|\n|poke|p2|Primarina, L50, M, shiny|\n|poke|p2|Camerupt, L50, M, shiny|\n|teampreview|4\n|c|\u2606kurama802|glhf\n|\n|t:|1776616731\n|teamsize|p1|4\n|teamsize|p2|4\n|start\n|switch|p1a: Amphy|Ampharos, L50, F, shiny|100/100\n|switch|p1b: The Sneasler|Sneasler, L50, M|100/100\n|switch|p2a: Meowscarada|Meowscarada, L50, F|100/100\n|switch|p2b: Sneasler|Sneasler, L50, F|100/100\n|turn|1\n|\n|t:|1776616769\n|switch|p2b: Farigiraf|Farigiraf, L50, M, shiny|100/100\n|detailschange|p1a: Amphy|Ampharos-Mega, L50, F, shiny\n|-mega|p1a: Amphy|Ampharos|Ampharosite\n|-ability|p1a: Amphy|Mold Breaker\n|move|p1b: The Sneasler|Fake Out||[still]\n|cant|p2b: Farigiraf|ability: Armor Tail|Fake Out|[of] p1b: The Sneasler\n|move|p2a: Meowscarada|Triple Axel|p1a: Amphy\n|-start|p2a: Meowscarada|typechange|Ice|[from] ability: Protean\n|-supereffective|p1a: Amphy|1\n|-damage|p1a: Amphy|82/100\n|-supereffective|p1a: Amphy|1\n|-damage|p1a: Amphy|49/100\n|-supereffective|p1a: Amphy|1\n|-damage|p1a: Amphy|2/100\n|-hitcount|p1a: Amphy|3\n|move|p1a: Amphy|Dragon Pulse|p2a: Meowscarada\n|-damage|p2a: Meowscarada|6/100\n|\n|upkeep\n|turn|2\n|\n|t:|1776616803\n|switch|p1a: Wolfey|Incineroar, L50, M, shiny|100/100\n|-ability|p1a: Wolfey|Intimidate|boost\n|-unboost|p2a: Meowscarada|atk|1\n|-unboost|p2b: Farigiraf|atk|1\n|move|p2a: Meowscarada|Triple Axel|p1a: Wolfey\n|-resisted|p1a: Wolfey|1\n|-damage|p1a: Wolfey|98/100\n|-resisted|p1a: Wolfey|1\n|-damage|p1a: Wolfey|92/100\n|-resisted|p1a: Wolfey|1\n|-damage|p1a: Wolfey|83/100\n|-hitcount|p1a: Wolfey|3\n|move|p1b: The Sneasler|Close Combat|p2b: Farigiraf\n|-damage|p2b: Farigiraf|51/100\n|-unboost|p1b: The Sneasler|def|1\n|-unboost|p1b: The Sneasler|spd|1\n|-enditem|p1b: The Sneasler|White Herb\n|-clearnegativeboost|p1b: The Sneasler|[silent]\n|move|p2b: Farigiraf|Psychic|p1b: The Sneasler\n|-supereffective|p1b: The Sneasler|2\n|-damage|p1b: The Sneasler|0 fnt\n|faint|p1b: The Sneasler\n|\n|upkeep\n|\n|t:|1776616828\n|switch|p1b: Baja Blast|Sinistcha, L50|100/100\n|-heal|p1a: Wolfey|100/100|[from] ability: Hospitality|[of] p1b: Baja Blast\n|turn|3\n|\n|t:|1776616848\n|move|p1b: Baja Blast|Protect|p1b: Baja Blast\n|-singleturn|p1b: Baja Blast|Protect\n|move|p2b: Farigiraf|Protect|p2b: Farigiraf\n|-singleturn|p2b: Farigiraf|Protect\n|move|p2a: Meowscarada|Triple Axel|p1b: Baja Blast\n|-activate|p1b: Baja Blast|move: Protect\n|move|p1a: Wolfey|Flare Blitz|p2a: Meowscarada\n|-supereffective|p2a: Meowscarada|1\n|-damage|p2a: Meowscarada|0 fnt\n|faint|p2a: Meowscarada\n|-damage|p1a: Wolfey|99/100|[from] Recoil\n|\n|upkeep\n|\n|t:|1776616866\n|switch|p2a: Sneasler|Sneasler, L50, F|100/100\n|turn|4\n|\n|t:|1776616909\n|move|p2a: Sneasler|Fake Out|p1a: Wolfey\n|-damage|p1a: Wolfey|87/100\n|move|p1b: Baja Blast|Rage Powder|p1b: Baja Blast\n|-singleturn|p1b: Baja Blast|move: Rage Powder\n|cant|p1a: Wolfey|flinch\n|move|p2b: Farigiraf|Trick Room|p2b: Farigiraf\n|-fieldstart|move: Trick Room|[of] p2b: Farigiraf\n|\n|upkeep\n|turn|5\n|\n|t:|1776616936\n|move|p1a: Wolfey|Flare Blitz|p2a: Sneasler\n|-damage|p2a: Sneasler|7/100\n|-damage|p1a: Wolfey|62/100|[from] Recoil\n|move|p2b: Farigiraf|Imprison|p2b: Farigiraf\n|-start|p2b: Farigiraf|move: Imprison\n|move|p1b: Baja Blast|Matcha Gotcha|p2a: Sneasler|[spread] p2a,p2b\n|-resisted|p2a: Sneasler|1\n|-damage|p2a: Sneasler|0 fnt\n|-damage|p2b: Farigiraf|28/100\n|-status|p2b: Farigiraf|brn\n|-enditem|p2b: Farigiraf|Sitrus Berry|[eat]\n|-heal|p2b: Farigiraf|53/100 brn|[from] item: Sitrus Berry\n|faint|p2a: Sneasler\n|\n|-damage|p2b: Farigiraf|47/100 brn|[from] brn\n|upkeep\n|\n|t:|1776616954\n|switch|p2a: Camerupt|Camerupt, L50, M, shiny|100/100\n|turn|6\n|\n|t:|1776617001\n|switch|p1b: Amphy|Ampharos-Mega, L50, F, shiny|2/100\n|-ability|p1b: Amphy|Mold Breaker\n|detailschange|p2a: Camerupt|Camerupt-Mega, L50, M, shiny\n|-mega|p2a: Camerupt|Camerupt|Cameruptite\n|move|p2a: Camerupt|Eruption|p1b: Amphy|[spread] p1a,p1b\n|-resisted|p1a: Wolfey|1\n|-crit|p1a: Wolfey\n|-resisted|p1b: Amphy|1\n|-damage|p1a: Wolfey|14/100\n|-damage|p1b: Amphy|0 fnt\n|-enditem|p1a: Wolfey|Sitrus Berry|[eat]\n|-heal|p1a: Wolfey|39/100|[from] item: Sitrus Berry\n|faint|p1b: Amphy\n|move|p1a: Wolfey|Throat Chop|p2b: Farigiraf\n|-supereffective|p2b: Farigiraf|1\n|-damage|p2b: Farigiraf|0 fnt\n|faint|p2b: Farigiraf\n|\n|upkeep\n|\n|t:|1776617016\n|switch|p1b: Baja Blast|Sinistcha, L50|100/100\n|-heal|p1a: Wolfey|63/100|[from] ability: Hospitality|[of] p1b: Baja Blast\n|turn|7\n|\n|t:|1776617036\n|move|p1b: Baja Blast|Protect|p1b: Baja Blast\n|-singleturn|p1b: Baja Blast|Protect\n|move|p2a: Camerupt|Earth Power|p1a: Wolfey\n|-supereffective|p1a: Wolfey|1\n|-damage|p1a: Wolfey|0 fnt\n|faint|p1a: Wolfey\n|\n|upkeep\n|turn|8\n|\n|t:|1776617046\n|move|p1b: Baja Blast|Protect||[still]\n|-fail|p1b: Baja Blast\n|move|p2a: Camerupt|Eruption|p1b: Baja Blast\n|-supereffective|p1b: Baja Blast|1\n|-damage|p1b: Baja Blast|0 fnt\n|faint|p1b: Baja Blast\n|\n|win|yyssummer\n|raw|kurama802's rating: 1297 &rarr; <strong>1279</strong><br />(-18 for losing)\n|raw|yyssummer's rating: 1402 &rarr; <strong>1416</strong><br />(+14 for winning)\n|c|\u2606kurama802|gg\n",
  "uploadtime": 1776617055,
  "views": 35,
  "formatid": "gen9championsvgc2026regma",
  "rating": 1279,
  "private": 0,
  "password": null
}