{
  "id": "gen9championsvgc2026regma-2588956077",
  "format": "[Gen 9 Champions] VGC 2026 Reg M-A",
  "players": [
    "Gosset",
    "moogathekid"
  ],
  "log": "|j|\u2606Gosset\n|j|\u2606moogathekid\n|t:|1776689284\n|gametype|doubles\n|player|p1|Gosset|170|1081\n|player|p2|moogathekid|steven|1151\n|gen|9\n|tier|[Gen 9 Champions] VGC 2026 Reg M-A\n|rated|\n|rule|Species Clause: Limit one of each Pok\u00e9mon\n|rule|Item Clause: Limit 1 of each item\n|clearpoke\n|poke|p1|Froslass, L50, F|\n|poke|p1|Glaceon, L50, M|\n|poke|p1|Alcremie, L50, F|\n|poke|p1|Ninetales-Alola, L50, F|\n|poke|p1|Abomasnow, L50, F|\n|poke|p1|Mamoswine, L50, F|\n|poke|p2|Gardevoir, L50, F, shiny|\n|poke|p2|Whimsicott, L50, M|\n|poke|p2|Milotic, L50, F|\n|poke|p2|Incineroar, L50, F|\n|poke|p2|Zoroark-Hisui, L50, F|\n|poke|p2|Oranguru, L50, F|\n|teampreview|4\n|inactive|Battle timer is ON: inactive players will automatically lose when time's up. (requested by Gosset)\n|\n|t:|1776689323\n|teamsize|p1|4\n|teamsize|p2|4\n|start\n|switch|p1a: Froslass|Froslass, L50, F|100/100\n|switch|p1b: Glaceon|Glaceon, L50, M|100/100\n|switch|p2a: Gardevoir|Gardevoir, L50, F, shiny|100/100\n|switch|p2b: Whimsicott|Whimsicott, L50, M|100/100\n|turn|1\n|\n|t:|1776689348\n|detailschange|p1a: Froslass|Froslass-Mega, L50, F\n|-mega|p1a: Froslass|Froslass|Froslassite\n|-weather|Snowscape|[from] ability: Snow Warning|[of] p1a: Froslass\n|move|p2b: Whimsicott|Stun Spore|p1a: Froslass\n|-status|p1a: Froslass|par\n|move|p2a: Gardevoir|Taunt|p1a: Froslass\n|-start|p1a: Froslass|move: Taunt\n|cant|p1a: Froslass|move: Taunt|Aurora Veil\n|move|p1b: Glaceon|Blizzard|p2b: Whimsicott|[spread] p2a,p2b\n|-supereffective|p2b: Whimsicott|1\n|-damage|p2a: Gardevoir|1/100\n|-damage|p2b: Whimsicott|0 fnt\n|replace|p2a: Zoroark|Zoroark-Hisui, L50, F\n|-end|p2a: Zoroark|Illusion\n|faint|p2b: Whimsicott\n|\n|-weather|Snowscape|[upkeep]\n|upkeep\n|\n|t:|1776689362\n|switch|p2b: Incineroar|Incineroar, L50, F|100/100\n|-ability|p2b: Incineroar|Intimidate|boost\n|-unboost|p1a: Froslass|atk|1\n|-unboost|p1b: Glaceon|atk|1\n|turn|2\n|\n|t:|1776689372\n|switch|p1a: Mamoswine|Mamoswine, L50, F|100/100\n|move|p1b: Glaceon|Detect|p1b: Glaceon\n|-singleturn|p1b: Glaceon|Protect\n|move|p2b: Incineroar|Fake Out|p1b: Glaceon\n|-activate|p1b: Glaceon|move: Protect\n|move|p2a: Zoroark|Bitter Malice|p1a: Mamoswine\n|-damage|p1a: Mamoswine|42/100\n|-unboost|p1a: Mamoswine|atk|1\n|\n|-weather|Snowscape|[upkeep]\n|upkeep\n|turn|3\n|inactive|Gosset has 30 seconds left.\n|\n|t:|1776689403\n|move|p2a: Zoroark|Detect|p2a: Zoroark\n|-singleturn|p2a: Zoroark|Protect\n|move|p1a: Mamoswine|Rock Slide|p2a: Zoroark|[spread] p2b\n|-activate|p2a: Zoroark|move: Protect\n|-supereffective|p2b: Incineroar|1\n|-damage|p2b: Incineroar|75/100\n|move|p1b: Glaceon|Blizzard|p2a: Zoroark|[spread] p2b\n|-activate|p2a: Zoroark|move: Protect\n|-resisted|p2b: Incineroar|1\n|-damage|p2b: Incineroar|50/100\n|-enditem|p2b: Incineroar|Sitrus Berry|[eat]\n|-heal|p2b: Incineroar|75/100|[from] item: Sitrus Berry\n|move|p2b: Incineroar|Flare Blitz|p1b: Glaceon\n|-supereffective|p1b: Glaceon|1\n|-damage|p1b: Glaceon|24/100\n|-damage|p2b: Incineroar|53/100|[from] Recoil\n|\n|-weather|Snowscape|[upkeep]\n|upkeep\n|turn|4\n|\n|t:|1776689423\n|move|p1a: Mamoswine|Rock Slide|p2a: Zoroark|[spread] p2a,p2b\n|-supereffective|p2b: Incineroar|1\n|-damage|p2a: Zoroark|0 fnt\n|-damage|p2b: Incineroar|28/100\n|faint|p2a: Zoroark\n|move|p1b: Glaceon|Blizzard|p2b: Incineroar\n|-resisted|p2b: Incineroar|1\n|-crit|p2b: Incineroar\n|-damage|p2b: Incineroar|0 fnt\n|faint|p2b: Incineroar\n|\n|-weather|Snowscape|[upkeep]\n|upkeep\n|\n|t:|1776689427\n|switch|p2a: Gardevoir|Gardevoir, L50, F, shiny|100/100\n|-ability|p2a: Gardevoir|Snow Cloak|Trace|[from] ability: Trace|[of] p1a: Mamoswine\n|turn|5\n|\n|t:|1776689441\n|detailschange|p2a: Gardevoir|Gardevoir-Mega, L50, F, shiny\n|-mega|p2a: Gardevoir|Gardevoir|Gardevoirite\n|move|p1a: Mamoswine|Rock Slide|p2a: Gardevoir\n|-damage|p2a: Gardevoir|78/100\n|move|p2a: Gardevoir|Hyper Voice|p1b: Glaceon|[spread] p1a,p1b\n|-damage|p1a: Mamoswine|0 fnt\n|-damage|p1b: Glaceon|0 fnt\n|faint|p1a: Mamoswine\n|faint|p1b: Glaceon\n|\n|-weather|none\n|upkeep\n|\n|t:|1776689449\n|switch|p1a: Froslass|Froslass-Mega, L50, F|100/100 par\n|switch|p1b: Abomasnow|Abomasnow, L50, F|100/100\n|-weather|Snowscape|[from] ability: Snow Warning|[of] p1a: Froslass\n|turn|6\n|\n|t:|1776689457\n|move|p2a: Gardevoir|Shadow Ball|p1a: Froslass\n|-supereffective|p1a: Froslass|1\n|-damage|p1a: Froslass|24/100 par\n|move|p1a: Froslass|Disable|p2a: Gardevoir\n|-start|p2a: Gardevoir|Disable|Shadow Ball\n|move|p1b: Abomasnow|Shadow Ball|p2a: Gardevoir\n|-supereffective|p2a: Gardevoir|1\n|-damage|p2a: Gardevoir|39/100\n|\n|-weather|Snowscape|[upkeep]\n|upkeep\n|turn|7\n|c|\u2606moogathekid|Im cooked\n|\n|t:|1776689472\n|move|p2a: Gardevoir|Hyper Voice|p1b: Abomasnow|[spread] p1a,p1b\n|-damage|p1a: Froslass|0 fnt\n|-damage|p1b: Abomasnow|42/100\n|faint|p1a: Froslass\n|move|p1b: Abomasnow|Shadow Ball|p2a: Gardevoir\n|-supereffective|p2a: Gardevoir|1\n|-damage|p2a: Gardevoir|3/100\n|\n|-weather|Snowscape|[upkeep]\n|-heal|p1b: Abomasnow|48/100|[from] item: Leftovers\n|upkeep\n|turn|8\n|c|\u2606moogathekid|Why no one told me abomasnow learn shadow ball\n|\n|t:|1776689493\n|move|p2a: Gardevoir|Hyper Voice|p1b: Abomasnow\n|-damage|p1b: Abomasnow|0 fnt\n|faint|p1b: Abomasnow\n|\n|win|moogathekid\n|raw|Gosset's rating: 1081 &rarr; <strong>1063</strong><br />(-18 for losing)\n|raw|moogathekid's rating: 1151 &rarr; <strong>1171</strong><br />(+20 for winning)\n|c|\u2606Gosset|i just knew 10 min ago hahaha\n|c|\u2606Gosset|wp !\n|c|\u2606moogathekid|Thank\n|l|\u2606Gosset\n|player|p1|\n|c|\u2606moogathekid|Didnt expect gardevoir to tank allthat\ud83d\udc80\n",
  "uploadtime": 1776689517,
  "views": 17,
  "formatid": "gen9championsvgc2026regma",
  "rating": 1063,
  "private": 0,
  "password": null
}