{
  "id": "gen9championsvgc2026regma-2585403810",
  "format": "[Gen 9 Champions] VGC 2026 Reg M-A",
  "players": [
    "Analyst-86",
    "saasca"
  ],
  "log": "|j|\u2606Analyst-86\n|j|\u2606saasca\n|t:|1776344817\n|gametype|doubles\n|player|p1|Analyst-86|hilbert|1056\n|player|p2|saasca|lucas|1118\n|gen|9\n|tier|[Gen 9 Champions] VGC 2026 Reg M-A\n|rated|\n|rule|Species Clause: Limit one of each Pok\u00e9mon\n|rule|Item Clause: Limit 1 of each item\n|clearpoke\n|poke|p1|Tyranitar, L50, F|\n|poke|p1|Incineroar, L50, M|\n|poke|p1|Whimsicott, L50, F|\n|poke|p1|Aggron, L50, M|\n|poke|p1|Blastoise, L50, M|\n|poke|p1|Aegislash, L50, M|\n|poke|p2|Machamp, L50, F|\n|poke|p2|Aggron, L50, F|\n|poke|p2|Floette-Eternal, L50, F|\n|poke|p2|Milotic, L50, F|\n|poke|p2|Ditto, L50|\n|poke|p2|Cofagrigus, L50, F|\n|teampreview|4\n|inactive|Battle timer is ON: inactive players will automatically lose when time's up. (requested by saasca)\nsaasca rejected open team sheets.\n|inactive|Analyst-86 has 60 seconds left.\n|\n|t:|1776344857\n|teamsize|p1|4\n|teamsize|p2|4\n|start\n|switch|p1a: Joyen|Whimsicott, L50, F|100/100\n|switch|p1b: Dozer|Aggron, L50, M|100/100\n|switch|p2a: Milotic|Milotic, L50, F|100/100\n|switch|p2b: Cofagrigus|Cofagrigus, L50, F|100/100\n|turn|1\n|inactive|Analyst-86 has 30 seconds left.\n|\n|t:|1776344886\n|detailschange|p1b: Dozer|Aggron-Mega, L50, M\n|-mega|p1b: Dozer|Aggron|Aggronite\n|move|p1a: Joyen|Light Screen|p1a: Joyen\n|-sidestart|p1: Analyst-86|move: Light Screen\n|move|p2a: Milotic|Scald|p1b: Dozer\n|-damage|p1b: Dozer|81/100\n|-status|p1b: Dozer|brn\n|move|p1b: Dozer|Iron Defense|p1b: Dozer\n|-boost|p1b: Dozer|def|2\n|move|p2b: Cofagrigus|Trick Room|p2b: Cofagrigus\n|-fieldstart|move: Trick Room|[of] p2b: Cofagrigus\n|\n|-damage|p1b: Dozer|75/100 brn|[from] brn\n|upkeep\n|turn|2\n|inactive|Analyst-86 has 30 seconds left.\n|inactive|saasca has 30 seconds left.\n|inactive|saasca has 20 seconds left.\n|inactive|saasca has 15 seconds left.\n|inactive|saasca has 10 seconds left.\n|\n|t:|1776344933\n|switch|p1a: Tena|Tyranitar, L50, F|100/100\n|-weather|Sandstorm|[from] ability: Sand Stream|[of] p1a: Tena\n|move|p2b: Cofagrigus|Shadow Ball|p1a: Tena\n|-resisted|p1a: Tena|1\n|-damage|p1a: Tena|93/100\n|-unboost|p1a: Tena|spd|1\n|move|p1b: Dozer|Body Press|p2a: Milotic\n|-damage|p2a: Milotic|59/100\n|move|p2a: Milotic|Ice Beam|p1a: Tena\n|-damage|p1a: Tena|80/100\n|\n|-weather|Sandstorm|[upkeep]\n|-damage|p2b: Cofagrigus|94/100|[from] Sandstorm\n|-damage|p2a: Milotic|53/100|[from] Sandstorm\n|-heal|p1a: Tena|86/100|[from] item: Leftovers\n|-heal|p2a: Milotic|59/100|[from] item: Leftovers\n|-damage|p1b: Dozer|69/100 brn|[from] brn\n|upkeep\n|turn|3\n|inactive|Analyst-86 has 30 seconds left.\n|inactive|saasca has 30 seconds left.\n|\n|t:|1776344960\n|switch|p2a: Ditto|Ditto, L50|100/100\n|-transform|p2a: Ditto|p1b: Dozer|[from] ability: Imposter\n|move|p2b: Cofagrigus|Shadow Ball|p1b: Dozer\n|-damage|p1b: Dozer|42/100 brn\n|move|p1b: Dozer|Iron Defense|p1b: Dozer\n|-boost|p1b: Dozer|def|2\n|move|p1a: Tena|Knock Off|p2b: Cofagrigus\n|-supereffective|p2b: Cofagrigus|1\n|-damage|p2b: Cofagrigus|6/100\n|-activate|p2b: Cofagrigus|ability: Mummy|p1a: Tena|[ability] Sand Stream\n|-enditem|p2b: Cofagrigus|Sitrus Berry|[from] move: Knock Off|[of] p1a: Tena\n|\n|-weather|Sandstorm|[upkeep]\n|-damage|p2b: Cofagrigus|0 fnt|[from] Sandstorm\n|faint|p2b: Cofagrigus\n|-heal|p1a: Tena|92/100|[from] item: Leftovers\n|-damage|p1b: Dozer|36/100 brn|[from] brn\n|upkeep\n|\n|t:|1776344976\n|switch|p2b: Milotic|Milotic, L50, F|59/100\n|turn|4\n|\n|t:|1776344997\n|move|p1b: Dozer|Body Press|p2a: Ditto\n|-supereffective|p2a: Ditto|1\n|-damage|p2a: Ditto|77/100\n|move|p2a: Ditto|Body Press|p1b: Dozer\n|-supereffective|p1b: Dozer|1\n|-damage|p1b: Dozer|14/100 brn\n|move|p2b: Milotic|Scald|p1a: Tena\n|-supereffective|p1a: Tena|1\n|-damage|p1a: Tena|58/100\n|-status|p1a: Tena|brn\n|move|p1a: Tena|Knock Off|p2b: Milotic\n|-damage|p2b: Milotic|35/100\n|-enditem|p2b: Milotic|Leftovers|[from] move: Knock Off|[of] p1a: Tena\n|\n|-weather|Sandstorm|[upkeep]\n|-damage|p2b: Milotic|29/100|[from] Sandstorm\n|-heal|p1a: Tena|63/100 brn|[from] item: Leftovers\n|-damage|p1b: Dozer|8/100 brn|[from] brn\n|-damage|p1a: Tena|58/100 brn|[from] brn\n|upkeep\n|turn|5\n|inactive|Analyst-86 has 30 seconds left.\n|\n|t:|1776345031\n|move|p1b: Dozer|Body Press|p2a: Ditto\n|-supereffective|p2a: Ditto|1\n|-damage|p2a: Ditto|55/100\n|move|p2a: Ditto|Body Press|p1a: Tena\n|-supereffective|p1a: Tena|2\n|-damage|p1a: Tena|0 fnt\n|-activate|p1a: Tena|ability: Mummy|p2a: Ditto|[ability] Filter\n|faint|p1a: Tena\n|move|p2b: Milotic|Scald|p1b: Dozer\n|-damage|p1b: Dozer|0 fnt\n|faint|p1b: Dozer\n|\n|-weather|Sandstorm|[upkeep]\n|-damage|p2b: Milotic|23/100|[from] Sandstorm\n|-sideend|p1: Analyst-86|move: Light Screen\n|-fieldend|move: Trick Room\n|upkeep\n|\n|t:|1776345048\n|switch|p1a: Joyen|Whimsicott, L50, F|100/100\n|switch|p1b: Wolfebane|Incineroar, L50, M|100/100\n|-ability|p1b: Wolfebane|Intimidate|boost\n|-unboost|p2a: Ditto|atk|1\n|-unboost|p2b: Milotic|atk|1\n|-ability|p2b: Milotic|Competitive|boost\n|-boost|p2b: Milotic|spa|2\n|turn|6\n|inactive|saasca has 30 seconds left.\n|\n|t:|1776345075\n|move|p1b: Wolfebane|Fake Out|p2a: Ditto\n|-resisted|p2a: Ditto|1\n|-damage|p2a: Ditto|54/100\n|-activate|p2a: Ditto|ability: Mummy|p1b: Wolfebane|[ability] Intimidate\n|move|p1a: Joyen|Energy Ball|p2b: Milotic\n|-supereffective|p2b: Milotic|1\n|-damage|p2b: Milotic|0 fnt\n|faint|p2b: Milotic\n|cant|p2a: Ditto|flinch\n|\n|-weather|none\n|upkeep\n|\n|t:|1776345086\n|switch|p2b: Aggron|Aggron, L50, F|100/100\n|turn|7\n|\n|t:|1776345104\n|detailschange|p2b: Aggron|Aggron-Mega, L50, F\n|-mega|p2b: Aggron|Aggron|Aggronite\n|move|p1a: Joyen|Tailwind|p1a: Joyen\n|-sidestart|p1: Analyst-86|move: Tailwind\n|move|p1b: Wolfebane|Darkest Lariat|p2a: Ditto\n|-damage|p2a: Ditto|38/100\n|move|p2a: Ditto|Body Press|p1b: Wolfebane\n|-supereffective|p1b: Wolfebane|1\n|-damage|p1b: Wolfebane|0 fnt\n|faint|p1b: Wolfebane\n|move|p2b: Aggron|Heavy Slam|p1a: Joyen\n|-supereffective|p1a: Joyen|1\n|-enditem|p1a: Joyen|Focus Sash\n|-damage|p1a: Joyen|1/100\n|\n|upkeep\n|turn|8\n|c|\u2606Analyst-86|Oh god, Double wall\n|inactive|Analyst-86 has 30 seconds left.\n|inactive|saasca has 30 seconds left.\n|c|\u2606saasca|yeah\n|inactive|Analyst-86 has 20 seconds left.\n|inactive|Analyst-86 has 15 seconds left.\n|inactive|Analyst-86 has 10 seconds left.\n|c|\u2606Analyst-86|GG I can't even be mad at double MAggron\n|\n|t:|1776345154\n|move|p1a: Joyen|Energy Ball|p2a: Ditto\n|-resisted|p2a: Ditto|1\n|-damage|p2a: Ditto|19/100\n|move|p2a: Ditto|Body Press|p1a: Joyen\n|-resisted|p1a: Joyen|1\n|-damage|p1a: Joyen|0 fnt\n|faint|p1a: Joyen\n|\n|win|saasca\n|raw|Analyst-86's rating: 1056 &rarr; <strong>1042</strong><br />(-14 for losing)\n|raw|saasca's rating: 1140 &rarr; <strong>1159</strong><br />(+19 for winning)\n",
  "uploadtime": 1776345176,
  "views": 22,
  "formatid": "gen9championsvgc2026regma",
  "rating": 1042,
  "private": 0,
  "password": null
}