{
  "id": "gen9championsvgc2026regma-2587276973",
  "format": "[Gen 9 Champions] VGC 2026 Reg M-A",
  "players": [
    "KTHAN0S",
    "EveJiie"
  ],
  "log": "|j|\u2606KTHAN0S\n|j|\u2606EveJiie\n|t:|1776517450\n|gametype|doubles\n|player|p1|KTHAN0S|hooligans|1039\n|player|p2|EveJiie|waitress-gen4|1135\n|gen|9\n|tier|[Gen 9 Champions] VGC 2026 Reg M-A\n|rated|\n|rule|Species Clause: Limit one of each Pok\u00e9mon\n|rule|Item Clause: Limit 1 of each item\n|clearpoke\n|poke|p1|Aegislash, L50, F|\n|poke|p1|Floette-Eternal, L50, F|\n|poke|p1|Whimsicott, L50, F|\n|poke|p1|Incineroar, L50, F|\n|poke|p1|Excadrill, L50, M|\n|poke|p1|Rotom-Wash, L50|\n|poke|p2|Dragonite, L50, F|\n|poke|p2|Floette-Eternal, L50, F|\n|poke|p2|Kingambit, L50, M|\n|poke|p2|Sinistcha, L50|\n|poke|p2|Rotom-Wash, L50|\n|poke|p2|Arcanine-Hisui, L50, M|\n|teampreview|4\n|inactive|Battle timer is ON: inactive players will automatically lose when time's up. (requested by KTHAN0S)\n|inactive|KTHAN0S has 60 seconds left.\n|\n|t:|1776517484\n|teamsize|p1|4\n|teamsize|p2|4\n|start\n|switch|p1a: Rotom|Rotom-Wash, L50|100/100\n|switch|p1b: Excadrill|Excadrill, L50, M|100/100\n|switch|p2a: Arcanine|Arcanine-Hisui, L50, M|100/100\n|switch|p2b: Dragonite|Dragonite, L50, F|100/100\n|-ability|p1b: Excadrill|Mold Breaker\n|-ability|p2a: Arcanine|Intimidate|boost\n|-unboost|p1a: Rotom|atk|1\n|-unboost|p1b: Excadrill|atk|1\n|turn|1\n|\n|t:|1776517507\n|detailschange|p1b: Excadrill|Excadrill-Mega, L50, M\n|-mega|p1b: Excadrill|Excadrill|Excadrite\n|move|p1b: Excadrill|Protect|p1b: Excadrill\n|-singleturn|p1b: Excadrill|Protect\n|move|p1a: Rotom|Discharge|p2a: Arcanine|[spread] p2a,p2b\n|-activate|p1b: Excadrill|move: Protect\n|-damage|p2a: Arcanine|67/100\n|-damage|p2b: Dragonite|91/100\n|-status|p2b: Dragonite|par\n|move|p2a: Arcanine|Will-O-Wisp|p1b: Excadrill\n|-activate|p1b: Excadrill|move: Protect\n|move|p2b: Dragonite|Tailwind|p2b: Dragonite\n|-sidestart|p2: EveJiie|move: Tailwind\n|\n|-heal|p2b: Dragonite|97/100 par|[from] item: Leftovers\n|upkeep\n|turn|2\n|\n|t:|1776517530\n|switch|p1a: Aegislash|Aegislash, L50, F|100/100\n|switch|p1b: Whimsicott|Whimsicott, L50, F|100/100\n|move|p2a: Arcanine|Will-O-Wisp|p1b: Whimsicott\n|-status|p1b: Whimsicott|brn\n|move|p2b: Dragonite|Dragon Claw|p1a: Aegislash\n|-resisted|p1a: Aegislash|1\n|-damage|p1a: Aegislash|83/100\n|\n|-heal|p2b: Dragonite|100/100 par|[from] item: Leftovers\n|-damage|p1b: Whimsicott|95/100 brn|[from] brn\n|upkeep\n|turn|3\n|inactive|KTHAN0S has 30 seconds left.\n|inactive|KTHAN0S has 20 seconds left.\n|inactive|KTHAN0S has 15 seconds left.\n|\n|t:|1776517572\n|move|p2b: Dragonite|Protect|p2b: Dragonite\n|-singleturn|p2b: Dragonite|Protect\n|move|p1b: Whimsicott|Encore|p2a: Arcanine\n|-start|p2a: Arcanine|Encore\n|move|p2a: Arcanine|Will-O-Wisp|p1a: Aegislash\n|-status|p1a: Aegislash|brn\n|-formechange|p1a: Aegislash|Aegislash-Blade|\n|move|p1a: Aegislash|Shadow Ball|p2b: Dragonite\n|-activate|p2b: Dragonite|move: Protect\n|\n|-damage|p1b: Whimsicott|89/100 brn|[from] brn\n|-damage|p1a: Aegislash|77/100 brn|[from] brn\n|upkeep\n|turn|4\n|\n|t:|1776517593\n|switch|p2a: Sinistcha|Sinistcha, L50|100/100\n|move|p2b: Dragonite|Extreme Speed|p1b: Whimsicott\n|-damage|p1b: Whimsicott|49/100 brn\n|move|p1b: Whimsicott|Tailwind|p1b: Whimsicott\n|-sidestart|p1: KTHAN0S|move: Tailwind\n|move|p1a: Aegislash|Shadow Ball|p2b: Dragonite\n|-damage|p2b: Dragonite|79/100 par\n|\n|-heal|p2b: Dragonite|85/100 par|[from] item: Leftovers\n|-damage|p1b: Whimsicott|43/100 brn|[from] brn\n|-damage|p1a: Aegislash|71/100 brn|[from] brn\n|-sideend|p2: EveJiie|move: Tailwind\n|upkeep\n|turn|5\n|\n|t:|1776517614\n|move|p2b: Dragonite|Extreme Speed|p1b: Whimsicott\n|-damage|p1b: Whimsicott|3/100 brn\n|move|p1b: Whimsicott|Endeavor|p2b: Dragonite\n|-damage|p2b: Dragonite|2/100 par\n|move|p1a: Aegislash|Shadow Ball|p2a: Sinistcha\n|-supereffective|p2a: Sinistcha|1\n|-damage|p2a: Sinistcha|8/100\n|-enditem|p2a: Sinistcha|Sitrus Berry|[eat]\n|-heal|p2a: Sinistcha|33/100|[from] item: Sitrus Berry\n|move|p2a: Sinistcha|Trick Room|p2a: Sinistcha\n|-fieldstart|move: Trick Room|[of] p2a: Sinistcha\n|\n|-heal|p2b: Dragonite|8/100 par|[from] item: Leftovers\n|-damage|p1a: Aegislash|65/100 brn|[from] brn\n|-damage|p1b: Whimsicott|0 fnt|[from] brn\n|faint|p1b: Whimsicott\n|upkeep\n|\n|t:|1776517636\n|switch|p1b: Rotom|Rotom-Wash, L50|100/100\n|turn|6\n|\n|t:|1776517654\n|-formechange|p1a: Aegislash|Aegislash|\n|move|p1a: Aegislash|King's Shield|p1a: Aegislash\n|-singleturn|p1a: Aegislash|Protect\n|move|p2b: Dragonite|Dragon Claw|p1b: Rotom\n|-damage|p1b: Rotom|45/100\n|move|p2a: Sinistcha|Matcha Gotcha|p1a: Aegislash|[spread] p1b\n|-activate|p1a: Aegislash|move: Protect\n|-supereffective|p1b: Rotom|1\n|-crit|p1b: Rotom\n|-damage|p1b: Rotom|0 fnt\n|-heal|p2a: Sinistcha|49/100|[from] drain|[of] p1b: Rotom\n|faint|p1b: Rotom\n|\n|-heal|p2b: Dragonite|14/100 par|[from] item: Leftovers\n|-damage|p1a: Aegislash|59/100 brn|[from] brn\n|upkeep\n|\n|t:|1776517665\n|switch|p1b: Excadrill|Excadrill-Mega, L50, M|100/100\n|turn|7\n|-activate|p1a: Aegislash|item: Quick Claw\n|\n|t:|1776517686\n|move|p1b: Excadrill|Protect|p1b: Excadrill\n|-singleturn|p1b: Excadrill|Protect\n|-formechange|p1a: Aegislash|Aegislash-Blade|\n|move|p1a: Aegislash|Shadow Ball|p2a: Sinistcha\n|-supereffective|p2a: Sinistcha|1\n|-damage|p2a: Sinistcha|0 fnt\n|faint|p2a: Sinistcha\n|move|p2b: Dragonite|Dragon Claw|p1a: Aegislash\n|-resisted|p1a: Aegislash|1\n|-damage|p1a: Aegislash|17/100 brn\n|\n|-heal|p2b: Dragonite|20/100 par|[from] item: Leftovers\n|-damage|p1a: Aegislash|11/100 brn|[from] brn\n|-sideend|p1: KTHAN0S|move: Tailwind\n|upkeep\n|\n|t:|1776517699\n|switch|p2a: Arcanine|Arcanine-Hisui, L50, M|67/100\n|-ability|p2a: Arcanine|Intimidate|boost\n|-unboost|p1a: Aegislash|atk|1\n|-unboost|p1b: Excadrill|atk|1\n|turn|8\n|-activate|p1a: Aegislash|item: Quick Claw\n|\n|t:|1776517717\n|move|p1a: Aegislash|Steel Beam|p2a: Arcanine\n|-damage|p2a: Arcanine|0 fnt\n|-damage|p1a: Aegislash|0 fnt|[from] steelbeam\n|faint|p1a: Aegislash\n|faint|p2a: Arcanine\n|move|p2b: Dragonite|Dragon Claw|p1b: Excadrill\n|-resisted|p1b: Excadrill|1\n|-damage|p1b: Excadrill|79/100\n|move|p1b: Excadrill|Rock Slide|p2b: Dragonite\n|-supereffective|p2b: Dragonite|1\n|-damage|p2b: Dragonite|0 fnt\n|faint|p2b: Dragonite\n|\n|upkeep\n|\n|t:|1776517732\n|switch|p2a: Kingambit|Kingambit, L50, M|100/100\n|turn|9\n|\n|t:|1776517742\n|move|p2a: Kingambit|Kowtow Cleave|p1b: Excadrill\n|-damage|p1b: Excadrill|29/100\n|move|p1b: Excadrill|Earthquake|p2a: Kingambit\n|-supereffective|p2a: Kingambit|1\n|-damage|p2a: Kingambit|37/100\n|\n|-fieldend|move: Trick Room\n|upkeep\n|turn|10\n|\n|t:|1776517754\n|move|p1b: Excadrill|Protect|p1b: Excadrill\n|-singleturn|p1b: Excadrill|Protect\n|move|p2a: Kingambit|Sucker Punch||[still]\n|-fail|p2a: Kingambit\n|\n|upkeep\n|turn|11\n|\n|t:|1776517760\n|move|p1b: Excadrill|Protect||[still]\n|-fail|p1b: Excadrill\n|move|p2a: Kingambit|Sucker Punch||[still]\n|-fail|p2a: Kingambit\n|\n|upkeep\n|turn|12\n|\n|t:|1776517766\n|move|p1b: Excadrill|Protect|p1b: Excadrill\n|-singleturn|p1b: Excadrill|Protect\n|move|p2a: Kingambit|Sucker Punch||[still]\n|-fail|p2a: Kingambit\n|\n|upkeep\n|turn|13\n|l|\u2606KTHAN0S\n|inactive|KTHAN0S disconnected and has a minute to reconnect!\n|player|p1|\n|inactive|KTHAN0S has 30 seconds left.\n|inactive|KTHAN0S has 20 seconds left.\n|j|\u2606KTHAN0S\n|inactive|KTHAN0S reconnected and has 20 seconds left.\n|player|p1|KTHAN0S|hooligans|\n|inactive|KTHAN0S has 15 seconds left.\n|\n|t:|1776517806\n|move|p2a: Kingambit|Sucker Punch|p1b: Excadrill\n|-damage|p1b: Excadrill|0 fnt\n|faint|p1b: Excadrill\n|\n|win|EveJiie\n|raw|KTHAN0S's rating: 1039 &rarr; <strong>1027</strong><br />(-12 for losing)\n|raw|EveJiie's rating: 1135 &rarr; <strong>1153</strong><br />(+18 for winning)\n|c|\u2606EveJiie|gg\n|l|\u2606KTHAN0S\n|player|p1|\n",
  "uploadtime": 1776517817,
  "views": 16,
  "formatid": "gen9championsvgc2026regma",
  "rating": 1027,
  "private": 0,
  "password": null
}