{
  "id": "gen9championsvgc2026regma-2587040446",
  "format": "[Gen 9 Champions] VGC 2026 Reg M-A",
  "players": [
    "incinaddled",
    "mrguy888"
  ],
  "log": "|j|\u2606incinaddled\n|j|\u2606mrguy888\n|t:|1776484219\n|gametype|doubles\n|player|p1|incinaddled|proton|1241\n|player|p2|mrguy888|noland-gen3|1321\n|gen|9\n|tier|[Gen 9 Champions] VGC 2026 Reg M-A\n|rated|\n|rule|Species Clause: Limit one of each Pok\u00e9mon\n|rule|Item Clause: Limit 1 of each item\n|clearpoke\n|poke|p1|Gardevoir, L50, F|\n|poke|p1|Aerodactyl, L50, M|\n|poke|p1|Incineroar, L50, F|\n|poke|p1|Kingambit, L50, F|\n|poke|p1|Garchomp, L50, F|\n|poke|p1|Basculegion, L50, M|\n|poke|p2|Floette-Eternal, L50, F|\n|poke|p2|Aerodactyl, L50, M|\n|poke|p2|Tauros-Paldea-Aqua, L50, M|\n|poke|p2|Kangaskhan, L50, F|\n|poke|p2|Rotom-Heat, L50|\n|poke|p2|Aegislash, L50, M|\n|teampreview|4\n|inactive|Battle timer is ON: inactive players will automatically lose when time's up. (requested by mrguy888)\n|inactive|incinaddled also wants the timer to be on.\n|inactive|incinaddled has 60 seconds left.\n|inactive|mrguy888 has 60 seconds left.\n|\n|t:|1776484276\n|teamsize|p1|4\n|teamsize|p2|4\n|start\n|switch|p1a: Incineroar|Incineroar, L50, F|100/100\n|switch|p1b: Gardevoir|Gardevoir, L50, F, shiny|100/100\n|switch|p2a: Floette|Floette-Eternal, L50, F|100/100\n|switch|p2b: Rotom|Rotom-Heat, L50|100/100\n|-ability|p1a: Incineroar|Intimidate|boost\n|-unboost|p2a: Floette|atk|1\n|-unboost|p2b: Rotom|atk|1\n|turn|1\n|\n|t:|1776484300\n|detailschange|p2a: Floette|Floette-Mega, L50, F\n|-mega|p2a: Floette|Floette|Floettite\n|-ability|p2a: Floette|Fairy Aura\n|detailschange|p1b: Gardevoir|Gardevoir-Mega, L50, F, shiny\n|-mega|p1b: Gardevoir|Gardevoir|Gardevoirite\n|move|p1a: Incineroar|Fake Out|p2a: Floette\n|-damage|p2a: Floette|89/100\n|move|p2b: Rotom|Volt Switch|p1b: Gardevoir\n|-damage|p1b: Gardevoir|78/100\n|\n|t:|1776484309\n|switch|p2b: Aegislash|Aegislash, L50, M|100/100|[from] Volt Switch\n|move|p1b: Gardevoir|Hyper Voice|p2a: Floette|[spread] p2a,p2b\n|-resisted|p2b: Aegislash|1\n|-damage|p2a: Floette|37/100\n|-damage|p2b: Aegislash|71/100\n|cant|p2a: Floette|flinch\n|\n|upkeep\n|turn|2\n|inactive|incinaddled has 30 seconds left.\n|\n|t:|1776484334\n|switch|p2b: Rotom|Rotom-Heat, L50|100/100\n|move|p1b: Gardevoir|Protect|p1b: Gardevoir\n|-singleturn|p1b: Gardevoir|Protect\n|move|p2a: Floette|Moonblast|p1a: Incineroar\n|-damage|p1a: Incineroar|32/100\n|-enditem|p1a: Incineroar|Sitrus Berry|[eat]\n|-heal|p1a: Incineroar|56/100|[from] item: Sitrus Berry\n|move|p1a: Incineroar|Parting Shot|p2a: Floette\n|-unboost|p2a: Floette|atk|1\n|-unboost|p2a: Floette|spa|1\n|\n|t:|1776484344\n|switch|p1a: Aerodactyl|Aerodactyl, L50, M|100/100|[from] Parting Shot\n|-ability|p1a: Aerodactyl|Unnerve\n|\n|upkeep\n|turn|3\n|raw|<div class=\"broadcast-red\"><b>The server is restarting soon.</b><br />Please finish your battles quickly. No new battles can be started until the server resets in a few minutes.</div>\n|inactive|staff also wants the timer to be on.\n|raw|<div class=\"broadcast-red\"><b>Moderated chat was set to +!</b><br />Only users of rank + and higher can talk.</div>\n|\n|t:|1776484366\n|move|p1a: Aerodactyl|Protect|p1a: Aerodactyl\n|-singleturn|p1a: Aerodactyl|Protect\n|move|p2b: Rotom|Electroweb|p1a: Aerodactyl|[spread] p1b\n|-activate|p1a: Aerodactyl|move: Protect\n|-damage|p1b: Gardevoir|66/100\n|-unboost|p1b: Gardevoir|spe|1\n|move|p2a: Floette|Dazzling Gleam|p1a: Aerodactyl|[spread] p1b\n|-activate|p1a: Aerodactyl|move: Protect\n|-damage|p1b: Gardevoir|39/100\n|move|p1b: Gardevoir|Hyper Voice|p2b: Rotom|[spread] p2a,p2b\n|-resisted|p2b: Rotom|1\n|-damage|p2a: Floette|0 fnt\n|-damage|p2b: Rotom|63/100\n|faint|p2a: Floette\n|\n|upkeep\n|\n|t:|1776484382\n|switch|p2a: Aegislash|Aegislash, L50, M|71/100\n|turn|4\n|\n|t:|1776484396\n|switch|p1b: Incineroar|Incineroar, L50, F|56/100\n|-ability|p1b: Incineroar|Intimidate|boost\n|-unboost|p2a: Aegislash|atk|1\n|-unboost|p2b: Rotom|atk|1\n|move|p2b: Rotom|Electroweb|p1b: Incineroar|[spread] p1a,p1b\n|-supereffective|p1a: Aerodactyl|1\n|-damage|p1a: Aerodactyl|53/100\n|-damage|p1b: Incineroar|44/100\n|-unboost|p1a: Aerodactyl|spe|1\n|-unboost|p1b: Incineroar|spe|1\n|move|p1a: Aerodactyl|Tailwind|p1a: Aerodactyl\n|-sidestart|p1: incinaddled|move: Tailwind\n|-formechange|p2a: Aegislash|Aegislash-Blade|\n|move|p2a: Aegislash|Iron Head|p1a: Aerodactyl\n|-supereffective|p1a: Aerodactyl|1\n|-damage|p1a: Aerodactyl|0 fnt\n|faint|p1a: Aerodactyl\n|\n|upkeep\n|\n|t:|1776484409\n|switch|p1a: Garchomp|Garchomp, L50, F|100/100\n|turn|5\n|\n|t:|1776484424\n|switch|p2b: Tauros|Tauros-Paldea-Aqua, L50, M|100/100\n|-ability|p2b: Tauros|Intimidate|boost\n|-unboost|p1a: Garchomp|atk|1\n|-unboost|p1b: Incineroar|atk|1\n|-enditem|p1a: Garchomp|White Herb\n|-clearnegativeboost|p1a: Garchomp|[silent]\n|-formechange|p2a: Aegislash|Aegislash|\n|move|p2a: Aegislash|King's Shield|p2a: Aegislash\n|-singleturn|p2a: Aegislash|Protect\n|move|p1a: Garchomp|Rock Slide|p2b: Tauros|[spread] p2b\n|-activate|p2a: Aegislash|move: Protect\n|-resisted|p2b: Tauros|1\n|-damage|p2b: Tauros|90/100\n|move|p1b: Incineroar|Assurance|p2a: Aegislash\n|-activate|p2a: Aegislash|move: Protect\n|-unboost|p1b: Incineroar|atk|1\n|\n|upkeep\n|turn|6\n|inactive|incinaddled has 30 seconds left.\n|inactive|mrguy888 has 30 seconds left.\n|inactive|incinaddled has 20 seconds left.\n|inactive|incinaddled has 15 seconds left.\n|inactive|incinaddled has 10 seconds left.\n|inactive|incinaddled has 5 seconds left.\n|\n|t:|1776484476\n|switch|p2a: Rotom|Rotom-Heat, L50|63/100\n|move|p1a: Garchomp|Earthquake|p2a: Rotom|[spread] p1b,p2b\n|-immune|p2a: Rotom|[from] ability: Levitate\n|-supereffective|p1b: Incineroar|1\n|-damage|p1b: Incineroar|0 fnt\n|-damage|p2b: Tauros|48/100\n|faint|p1b: Incineroar\n|move|p2b: Tauros|Close Combat|p1a: Garchomp\n|-damage|p1a: Garchomp|43/100\n|-unboost|p2b: Tauros|def|1\n|-unboost|p2b: Tauros|spd|1\n|-damage|p2b: Tauros|35/100|[from] ability: Rough Skin|[of] p1a: Garchomp\n|-enditem|p2b: Tauros|White Herb\n|-clearnegativeboost|p2b: Tauros|[silent]\n|\n|upkeep\n|\n|t:|1776484487\n|switch|p1b: Gardevoir|Gardevoir-Mega, L50, F, shiny|39/100\n|turn|7\n|\n|t:|1776484509\n|move|p2b: Tauros|Protect|p2b: Tauros\n|-singleturn|p2b: Tauros|Protect\n|move|p1a: Garchomp|Rock Slide|p2b: Tauros|[spread] p2a\n|-activate|p2b: Tauros|move: Protect\n|-supereffective|p2a: Rotom|1\n|-damage|p2a: Rotom|16/100\n|move|p1b: Gardevoir|Hyper Voice|p2b: Tauros|[spread] p2a\n|-activate|p2b: Tauros|move: Protect\n|-resisted|p2a: Rotom|1\n|-damage|p2a: Rotom|0 fnt\n|faint|p2a: Rotom\n|\n|-sideend|p1: incinaddled|move: Tailwind\n|upkeep\n|\n|t:|1776484518\n|switch|p2a: Aegislash|Aegislash, L50, M|71/100\n|turn|8\n|\n|t:|1776484542\n|move|p2b: Tauros|Aqua Jet|p1a: Garchomp\n|-damage|p1a: Garchomp|20/100\n|-damage|p2b: Tauros|23/100|[from] ability: Rough Skin|[of] p1a: Garchomp\n|-formechange|p2a: Aegislash|Aegislash-Blade|\n|move|p2a: Aegislash|Shadow Sneak|p1a: Garchomp\n|-crit|p1a: Garchomp\n|-damage|p1a: Garchomp|0 fnt\n|-damage|p2a: Aegislash|59/100|[from] ability: Rough Skin|[of] p1a: Garchomp\n|faint|p1a: Garchomp\n|move|p1b: Gardevoir|Hyper Voice|p2a: Aegislash|[spread] p2a,p2b\n|-resisted|p2a: Aegislash|1\n|-supereffective|p2b: Tauros|1\n|-damage|p2a: Aegislash|13/100\n|-damage|p2b: Tauros|0 fnt\n|faint|p2b: Tauros\n|\n|upkeep\n|turn|9\n|\n|t:|1776484558\n|move|p1b: Gardevoir|Protect|p1b: Gardevoir\n|-singleturn|p1b: Gardevoir|Protect\n|move|p2a: Aegislash|Shadow Sneak|p1b: Gardevoir\n|-activate|p1b: Gardevoir|move: Protect\n|\n|upkeep\n|turn|10\n|\n|t:|1776484564\n|move|p2a: Aegislash|Shadow Sneak|p1b: Gardevoir\n|-supereffective|p1b: Gardevoir|1\n|-crit|p1b: Gardevoir\n|-damage|p1b: Gardevoir|0 fnt\n|faint|p1b: Gardevoir\n|\n|win|mrguy888\n|raw|incinaddled's rating: 1241 &rarr; <strong>1222</strong><br />(-19 for losing)\n|raw|mrguy888's rating: 1321 &rarr; <strong>1336</strong><br />(+15 for winning)\n",
  "uploadtime": 1776484566,
  "views": 27,
  "formatid": "gen9championsvgc2026regma",
  "rating": 1222,
  "private": 0,
  "password": null
}