{
  "id": "gen9championsvgc2026regma-2589593582",
  "format": "[Gen 9 Champions] VGC 2026 Reg M-A",
  "players": [
    "shiver419",
    "theunknownbsyt"
  ],
  "log": "|init|battle\n|title|shiver419 vs. theunknownbsyt\n|j|\u2606shiver419\n|j|\u2606theunknownbsyt\n|t:|1776737303\n|gametype|doubles\n|player|p1|shiver419|169|1401\n|player|p2|theunknownbsyt|102|1452\n|gen|9\n|tier|[Gen 9 Champions] VGC 2026 Reg M-A\n|rated|\n|rule|Species Clause: Limit one of each Pok\u00e9mon\n|rule|Item Clause: Limit 1 of each item\n|clearpoke\n|poke|p1|Scovillain, L50, F|\n|poke|p1|Dragapult, L50, M|\n|poke|p1|Primarina, L50, F|\n|poke|p1|Tyranitar, L50, F|\n|poke|p1|Excadrill, L50, F|\n|poke|p1|Farigiraf, L50, F|\n|poke|p2|Floette-Eternal, L50, F|\n|poke|p2|Kingambit, L50, F|\n|poke|p2|Basculegion, L50, M|\n|poke|p2|Sneasler, L50, M|\n|poke|p2|Froslass, L50, F|\n|poke|p2|Excadrill, L50, M|\n|teampreview|4\n|inactive|Battle timer is ON: inactive players will automatically lose when time's up. (requested by theunknownbsyt)\n|inactive|theunknownbsyt has 60 seconds left.\n|\n|t:|1776737336\n|teamsize|p1|4\n|teamsize|p2|4\n|start\n|switch|p1a: Dragapult|Dragapult, L50, M|100/100\n|switch|p1b: Farigiraf|Farigiraf, L50, F|100/100\n|switch|p2a: Mosspass|Froslass, L50, F|100/100\n|switch|p2b: Rat|Sneasler, L50, M|100/100\n|turn|1\n|\n|t:|1776737360\n|detailschange|p2a: Mosspass|Froslass-Mega, L50, F\n|-mega|p2a: Mosspass|Froslass|Froslassite\n|-weather|Snowscape|[from] ability: Snow Warning|[of] p2a: Mosspass\n|move|p1a: Dragapult|Phantom Force||[still]\n|-prepare|p1a: Dragapult|Phantom Force\n|move|p2b: Rat|Dire Claw|p1b: Farigiraf\n|-damage|p1b: Farigiraf|59/100\n|-status|p1b: Farigiraf|slp\n|move|p2a: Mosspass|Blizzard|p1b: Farigiraf|[spread] p1b\n|-miss|p2a: Mosspass|p1a: Dragapult\n|-damage|p1b: Farigiraf|21/100 slp\n|cant|p1b: Farigiraf|slp\n|\n|-weather|Snowscape|[upkeep]\n|upkeep\n|turn|2\n|inactive|theunknownbsyt has 30 seconds left.\n|inactive|theunknownbsyt has 20 seconds left.\n|inactive|theunknownbsyt has 15 seconds left.\n|inactive|theunknownbsyt has 10 seconds left.\n|\n|t:|1776737405\n|switch|p1b: Tyranitar|Tyranitar, L50, F|100/100\n|-weather|Sandstorm|[from] ability: Sand Stream|[of] p1b: Tyranitar\n|move|p1a: Dragapult|Phantom Force|p2a: Mosspass|[from] lockedmove\n|-supereffective|p2a: Mosspass|1\n|-damage|p2a: Mosspass|0 fnt\n|faint|p2a: Mosspass\n|move|p2b: Rat|Dire Claw|p1a: Dragapult\n|-resisted|p1a: Dragapult|1\n|-damage|p1a: Dragapult|66/100\n|\n|-weather|Sandstorm|[upkeep]\n|-damage|p1a: Dragapult|60/100|[from] Sandstorm\n|-damage|p2b: Rat|95/100|[from] Sandstorm\n|upkeep\n|\n|t:|1776737414\n|switch|p2a: Excadrill|Excadrill, L50, M|100/100\n|-ability|p2a: Excadrill|Mold Breaker\n|turn|3\n|\n|t:|1776737437\n|switch|p1b: Farigiraf|Farigiraf, L50, F|21/100 slp\n|move|p2a: Excadrill|High Horsepower|p1b: Farigiraf\n|-damage|p1b: Farigiraf|0 fnt\n|faint|p1b: Farigiraf\n|move|p1a: Dragapult|Steel Wing|p2b: Rat\n|-damage|p2b: Rat|38/100\n|move|p2b: Rat|Close Combat|p1a: Dragapult\n|-immune|p1a: Dragapult\n|\n|-weather|Sandstorm|[upkeep]\n|-damage|p1a: Dragapult|54/100|[from] Sandstorm\n|-damage|p2b: Rat|33/100|[from] Sandstorm\n|upkeep\n|\n|t:|1776737449\n|switch|p1b: Excadrill|Excadrill, L50, F|100/100\n|turn|4\n|\n|t:|1776737456\n|move|p1b: Excadrill|High Horsepower|p2a: Excadrill\n|-supereffective|p2a: Excadrill|1\n|-damage|p2a: Excadrill|0 fnt\n|faint|p2a: Excadrill\n|move|p1a: Dragapult|Dragon Darts|p2b: Rat\n|-crit|p2b: Rat\n|-damage|p2b: Rat|0 fnt\n|faint|p2b: Rat\n|\n|-weather|Sandstorm|[upkeep]\n|-damage|p1a: Dragapult|48/100|[from] Sandstorm\n|upkeep\n|\n|t:|1776737464\n|switch|p2b: Style|Floette-Eternal, L50, F|100/100\n|turn|5\n|\n|t:|1776737469\n|move|p1b: Excadrill|Protect|p1b: Excadrill\n|-singleturn|p1b: Excadrill|Protect\n|move|p1a: Dragapult|Steel Wing|p2b: Style\n|-supereffective|p2b: Style|1\n|-damage|p2b: Style|13/100\n|-boost|p1a: Dragapult|def|1\n|move|p2b: Style|Dazzling Gleam|p1b: Excadrill|[spread] p1a\n|-activate|p1b: Excadrill|move: Protect\n|-supereffective|p1a: Dragapult|1\n|-damage|p1a: Dragapult|0 fnt\n|faint|p1a: Dragapult\n|\n|-weather|Sandstorm|[upkeep]\n|-damage|p2b: Style|7/100|[from] Sandstorm\n|upkeep\n|-message|theunknownbsyt forfeited.\n|\n|win|shiver419",
  "uploadtime": 1776737474,
  "rating": 1452,
  "source": "spectated"
}