{
  "id": "gen9championsvgc2026regma-2583444809",
  "format": "[Gen 9 Champions] VGC 2026 Reg M-A",
  "players": [
    "blazingaareen",
    "Team Evasion Boss"
  ],
  "log": "|j|\u2606blazingaareen\n|j|\u2606Team Evasion Boss\n|t:|1776176089\n|gametype|doubles\n|player|p1|blazingaareen|ethan|1061\n|player|p2|Team Evasion Boss|chuck|1118\n|gen|9\n|tier|[Gen 9 Champions] VGC 2026 Reg M-A\n|rated|\n|rule|Species Clause: Limit one of each Pok\u00e9mon\n|rule|Item Clause: Limit 1 of each item\n|clearpoke\n|poke|p1|Starmie, L50|\n|poke|p1|Kingambit, L50, F|\n|poke|p1|Incineroar, L50, M|\n|poke|p1|Sylveon, L50, M|\n|poke|p1|Sneasler, L50, M|\n|poke|p1|Sinistcha, L50|\n|poke|p2|Aggron, L50, M|\n|poke|p2|Incineroar, L50, M|\n|poke|p2|Sinistcha, L50|\n|poke|p2|Sneasler, L50, M|\n|poke|p2|Palafin, L50, M|\n|poke|p2|Pelipper, L50, M|\n|teampreview|4\n|inactive|Battle timer is ON: inactive players will automatically lose when time's up. (requested by blazingaareen)\n|\n|t:|1776176122\n|teamsize|p1|4\n|teamsize|p2|4\n|start\n|switch|p1a: Starmie|Starmie, L50|100/100\n|switch|p1b: Sneasler|Sneasler, L50, M|100/100\n|switch|p2a: Behemoth|Aggron, L50, M|100/100\n|switch|p2b: Dr. Monster|Sneasler, L50, M|100/100\n|turn|1\n|inactive|Team Evasion Boss has 30 seconds left.\n|\n|t:|1776176147\n|switch|p2b: Bonesaw|Incineroar, L50, M, shiny|100/100\n|-ability|p2b: Bonesaw|Intimidate|boost\n|-unboost|p1a: Starmie|atk|1\n|-unboost|p1b: Sneasler|atk|1\n|detailschange|p1a: Starmie|Starmie-Mega, L50\n|-mega|p1a: Starmie|Starmie|Starminite\n|detailschange|p2a: Behemoth|Aggron-Mega, L50, M\n|-mega|p2a: Behemoth|Aggron|Aggronite\n|move|p2a: Behemoth|Protect|p2a: Behemoth\n|-singleturn|p2a: Behemoth|Protect\n|move|p1b: Sneasler|Fake Out|p2b: Bonesaw\n|-damage|p2b: Bonesaw|93/100\n|move|p1a: Starmie|Liquidation|p2a: Behemoth\n|-activate|p2a: Behemoth|move: Protect\n|\n|upkeep\n|turn|2\n|inactive|Team Evasion Boss has 30 seconds left.\n|\n|t:|1776176181\n|move|p2b: Bonesaw|Fake Out|p1b: Sneasler\n|-damage|p1b: Sneasler|83/100\n|cant|p1b: Sneasler|flinch\n|move|p1a: Starmie|Liquidation|p2b: Bonesaw\n|-supereffective|p2b: Bonesaw|1\n|-damage|p2b: Bonesaw|6/100\n|-enditem|p2b: Bonesaw|Sitrus Berry|[eat]\n|-heal|p2b: Bonesaw|31/100|[from] item: Sitrus Berry\n|move|p2a: Behemoth|Iron Defense|p2a: Behemoth\n|-boost|p2a: Behemoth|def|2\n|\n|upkeep\n|turn|3\n|inactive|Team Evasion Boss has 30 seconds left.\n|inactive|blazingaareen has 30 seconds left.\n|\n|t:|1776176215\n|move|p1b: Sneasler|Coaching|p1a: Starmie\n|-boost|p1a: Starmie|atk|1\n|-boost|p1a: Starmie|def|1\n|move|p1a: Starmie|Liquidation|p2b: Bonesaw\n|-supereffective|p2b: Bonesaw|1\n|-damage|p2b: Bonesaw|0 fnt\n|faint|p2b: Bonesaw\n|move|p2a: Behemoth|Iron Defense|p2a: Behemoth\n|-boost|p2a: Behemoth|def|2\n|\n|upkeep\n|\n|t:|1776176223\n|switch|p2b: Dr. Monster|Sneasler, L50, M|100/100\n|turn|4\n|\n|t:|1776176237\n|move|p2b: Dr. Monster|Protect|p2b: Dr. Monster\n|-singleturn|p2b: Dr. Monster|Protect\n|move|p1a: Starmie|Protect|p1a: Starmie\n|-singleturn|p1a: Starmie|Protect\n|move|p1b: Sneasler|Coaching|p1a: Starmie\n|-boost|p1a: Starmie|atk|1\n|-boost|p1a: Starmie|def|1\n|move|p2a: Behemoth|Body Press|p1a: Starmie\n|-activate|p1a: Starmie|move: Protect\n|\n|upkeep\n|turn|5\n|\n|t:|1776176259\n|move|p2b: Dr. Monster|Dire Claw|p1a: Starmie\n|-damage|p1a: Starmie|76/100\n|-status|p1a: Starmie|slp\n|move|p1b: Sneasler|Close Combat|p2a: Behemoth\n|-supereffective|p2a: Behemoth|1\n|-damage|p2a: Behemoth|90/100\n|-unboost|p1b: Sneasler|def|1\n|-unboost|p1b: Sneasler|spd|1\n|cant|p1a: Starmie|slp\n|move|p2a: Behemoth|Body Press|p1a: Starmie\n|-resisted|p1a: Starmie|1\n|-damage|p1a: Starmie|39/100 slp\n|\n|upkeep\n|turn|6\n|\n|t:|1776176281\n|move|p1b: Sneasler|Close Combat|p2a: Behemoth\n|-supereffective|p2a: Behemoth|1\n|-crit|p2a: Behemoth\n|-damage|p2a: Behemoth|21/100\n|-unboost|p1b: Sneasler|def|1\n|-unboost|p1b: Sneasler|spd|1\n|move|p2b: Dr. Monster|Coaching|p2a: Behemoth\n|-boost|p2a: Behemoth|atk|1\n|-boost|p2a: Behemoth|def|1\n|cant|p1a: Starmie|slp\n|move|p2a: Behemoth|Body Press|p1a: Starmie\n|-resisted|p1a: Starmie|1\n|-damage|p1a: Starmie|0 fnt\n|faint|p1a: Starmie\n|\n|upkeep\n|\n|t:|1776176295\n|switch|p1a: Sylveon|Sylveon, L50, M|100/100\n|turn|7\n|\n|t:|1776176303\n|switch|p2b: Dunkin'|Sinistcha, L50|100/100\n|-heal|p2a: Behemoth|46/100|[from] ability: Hospitality|[of] p2b: Dunkin'\n|move|p1a: Sylveon|Detect|p1a: Sylveon\n|-singleturn|p1a: Sylveon|Protect\n|move|p2a: Behemoth|Protect|p2a: Behemoth\n|-singleturn|p2a: Behemoth|Protect\n|move|p1b: Sneasler|Close Combat|p2a: Behemoth\n|-activate|p2a: Behemoth|move: Protect\n|\n|upkeep\n|turn|8\n|\n|t:|1776176324\n|move|p1a: Sylveon|Helping Hand|p1b: Sneasler\n|-singleturn|p1b: Sneasler|Helping Hand|[of] p1a: Sylveon\n|move|p1b: Sneasler|Close Combat|p2a: Behemoth\n|-supereffective|p2a: Behemoth|1\n|-damage|p2a: Behemoth|32/100\n|-unboost|p1b: Sneasler|def|1\n|-unboost|p1b: Sneasler|spd|1\n|move|p2b: Dunkin'|Life Dew||[still]|[spread] p2a,p2b\n|-heal|p2a: Behemoth|57/100\n|-fail|p2b: Dunkin'|heal\n|move|p2a: Behemoth|Heavy Slam|p1b: Sneasler\n|-damage|p1b: Sneasler|0 fnt\n|faint|p1b: Sneasler\n|\n|upkeep\n|\n|t:|1776176335\n|switch|p1b: Kingambit|Kingambit, L50, F|100/100\n|turn|9\n|\n|t:|1776176353\n|switch|p2b: Dr. Monster|Sneasler, L50, M|100/100\n|move|p1a: Sylveon|Helping Hand|p1b: Kingambit\n|-singleturn|p1b: Kingambit|Helping Hand|[of] p1a: Sylveon\n|move|p1b: Kingambit|Low Kick|p2a: Behemoth\n|-supereffective|p2a: Behemoth|1\n|-damage|p2a: Behemoth|43/100\n|move|p2a: Behemoth|Heavy Slam|p1a: Sylveon\n|-supereffective|p1a: Sylveon|1\n|-damage|p1a: Sylveon|0 fnt\n|faint|p1a: Sylveon\n|\n|upkeep\n|turn|10\n|\n|t:|1776176367\n|move|p2b: Dr. Monster|Close Combat|p1b: Kingambit\n|-supereffective|p1b: Kingambit|2\n|-damage|p1b: Kingambit|0 fnt\n|-unboost|p2b: Dr. Monster|def|1\n|-unboost|p2b: Dr. Monster|spd|1\n|faint|p1b: Kingambit\n|\n|win|Team Evasion Boss\n|raw|blazingaareen's rating: 1061 &rarr; <strong>1045</strong><br />(-16 for losing)\n|raw|Team Evasion Boss's rating: 1118 &rarr; <strong>1139</strong><br />(+21 for winning)\n|l|\u2606blazingaareen\n|player|p1|\n",
  "uploadtime": 1776176388,
  "views": 15,
  "formatid": "gen9championsvgc2026regma",
  "rating": 1045,
  "private": 0,
  "password": null
}