{
  "id": "gen9championsvgc2026regma-2581718810",
  "format": "[Gen 9 Champions] VGC 2026 Reg M-A",
  "players": [
    "SimMikaze",
    "Portallus"
  ],
  "log": "|j|\u2606SimMikaze\n|j|\u2606Portallus\n|t:|1776023144\n|gametype|doubles\n|player|p1|SimMikaze|miku-ghost|1212\n|player|p2|Portallus|ethan-gen2|1190\n|gen|9\n|tier|[Gen 9 Champions] VGC 2026 Reg M-A\n|rated|\n|rule|Species Clause: Limit one of each Pok\u00e9mon\n|rule|Item Clause: Limit 1 of each item\n|clearpoke\n|poke|p1|Hawlucha, L50, M|\n|poke|p1|Snorlax, L50, M|\n|poke|p1|Excadrill, L50, M|\n|poke|p1|Incineroar, L50, M|\n|poke|p1|Sinistcha, L50|\n|poke|p1|Basculegion, L50, M|\n|poke|p2|Tyranitar, L50, F|\n|poke|p2|Excadrill, L50, M|\n|poke|p2|Milotic, L50, F|\n|poke|p2|Sinistcha, L50|\n|poke|p2|Corviknight, L50, M|\n|poke|p2|Sneasler, L50, F|\n|teampreview|4\n|inactive|Battle timer is ON: inactive players will automatically lose when time's up. (requested by Portallus)\n|inactive|SimMikaze has 60 seconds left.\n|\n|t:|1776023201\n|teamsize|p1|4\n|teamsize|p2|4\n|start\n|switch|p1a: Hawlucha|Hawlucha, L50, M|100/100\n|switch|p1b: Excadrill|Excadrill, L50, M|100/100\n|switch|p2a: Corviknight|Corviknight, L50, M|100/100\n|switch|p2b: Sneasler|Sneasler, L50, F|100/100\n|turn|1\n|\n|t:|1776023217\n|move|p1a: Hawlucha|Protect|p1a: Hawlucha\n|-singleturn|p1a: Hawlucha|Protect\n|move|p1b: Excadrill|Protect|p1b: Excadrill\n|-singleturn|p1b: Excadrill|Protect\n|move|p2b: Sneasler|Fake Out|p1a: Hawlucha\n|-activate|p1a: Hawlucha|move: Protect\n|move|p2a: Corviknight|Tailwind|p2a: Corviknight\n|-sidestart|p2: Portallus|move: Tailwind\n|\n|upkeep\n|turn|2\n|inactive|SimMikaze has 30 seconds left.\n|inactive|SimMikaze has 20 seconds left.\n|\n|t:|1776023254\n|detailschange|p1a: Hawlucha|Hawlucha-Mega, L50, M\n|-mega|p1a: Hawlucha|Hawlucha|Hawluchanite\n|move|p2b: Sneasler|Coaching|p2a: Corviknight\n|-boost|p2a: Corviknight|atk|1\n|-boost|p2a: Corviknight|def|1\n|move|p2a: Corviknight|Body Press|p1b: Excadrill\n|-supereffective|p1b: Excadrill|1\n|-damage|p1b: Excadrill|9/100\n|move|p1a: Hawlucha|Entrainment|p1b: Excadrill\n|-ability|p1b: Excadrill|No Guard|Sand Rush|[from] move: Entrainment|[of] p1a: Hawlucha\n|move|p1b: Excadrill|Horn Drill|p2a: Corviknight\n|-damage|p2a: Corviknight|0 fnt\n|faint|p2a: Corviknight\n|-ohko\n|\n|upkeep\n|\n|t:|1776023267\n|switch|p2a: Tyranitar|Tyranitar, L50, F|100/100\n|-weather|Sandstorm|[from] ability: Sand Stream|[of] p2a: Tyranitar\n|turn|3\n|inactive|SimMikaze has 30 seconds left.\n|\n|t:|1776023295\n|switch|p1a: Incineroar|Incineroar, L50, M, shiny|100/100\n|-ability|p1a: Incineroar|Intimidate|boost\n|-unboost|p2a: Tyranitar|atk|1\n|-unboost|p2b: Sneasler|atk|1\n|-enditem|p2b: Sneasler|White Herb\n|-clearnegativeboost|p2b: Sneasler|[silent]\n|move|p2a: Tyranitar|Protect|p2a: Tyranitar\n|-singleturn|p2a: Tyranitar|Protect\n|move|p1b: Excadrill|Protect|p1b: Excadrill\n|-singleturn|p1b: Excadrill|Protect\n|move|p2b: Sneasler|Close Combat|p1b: Excadrill\n|-activate|p1b: Excadrill|move: Protect\n|\n|-weather|Sandstorm|[upkeep]\n|-damage|p2b: Sneasler|95/100|[from] Sandstorm\n|-damage|p1a: Incineroar|94/100|[from] Sandstorm\n|upkeep\n|turn|4\n|inactive|SimMikaze has 30 seconds left.\n|inactive|SimMikaze has 20 seconds left.\n|inactive|SimMikaze has 15 seconds left.\n|\n|t:|1776023338\n|detailschange|p2a: Tyranitar|Tyranitar-Mega, L50, F\n|-mega|p2a: Tyranitar|Tyranitar|Tyranitarite\n|move|p1a: Incineroar|Fake Out|p2a: Tyranitar\n|-resisted|p2a: Tyranitar|1\n|-damage|p2a: Tyranitar|97/100\n|move|p2b: Sneasler|Close Combat|p1b: Excadrill\n|-supereffective|p1b: Excadrill|1\n|-damage|p1b: Excadrill|0 fnt\n|-unboost|p2b: Sneasler|def|1\n|-unboost|p2b: Sneasler|spd|1\n|faint|p1b: Excadrill\n|cant|p2a: Tyranitar|flinch\n|\n|-weather|Sandstorm|[upkeep]\n|-damage|p2b: Sneasler|89/100|[from] Sandstorm\n|-damage|p1a: Incineroar|88/100|[from] Sandstorm\n|-sideend|p2: Portallus|move: Tailwind\n|upkeep\n|\n|t:|1776023346\n|switch|p1b: Hawlucha|Hawlucha-Mega, L50, M|100/100\n|turn|5\n|inactive|SimMikaze has 30 seconds left.\n|inactive|SimMikaze has 20 seconds left.\n|inactive|SimMikaze has 15 seconds left.\n|\n|t:|1776023388\n|move|p2b: Sneasler|Close Combat|p1a: Incineroar\n|-supereffective|p1a: Incineroar|1\n|-damage|p1a: Incineroar|0 fnt\n|-unboost|p2b: Sneasler|def|1\n|-unboost|p2b: Sneasler|spd|1\n|faint|p1a: Incineroar\n|move|p1b: Hawlucha|Dual Wingbeat|p2b: Sneasler\n|-supereffective|p2b: Sneasler|1\n|-damage|p2b: Sneasler|0 fnt\n|faint|p2b: Sneasler\n|-hitcount|p2: Sneasler|1\n|move|p2a: Tyranitar|Rock Slide|p1b: Hawlucha\n|-damage|p1b: Hawlucha|66/100\n|\n|-weather|Sandstorm|[upkeep]\n|-damage|p1b: Hawlucha|60/100|[from] Sandstorm\n|upkeep\n|\n|t:|1776023404\n|switch|p2b: Excadrill|Excadrill, L50, M|100/100\n|switch|p1a: Basculegion|Basculegion, L50, M|100/100\n|turn|6\n|inactive|SimMikaze has 30 seconds left.\n|inactive|Portallus has 30 seconds left.\n|inactive|SimMikaze has 20 seconds left.\n|inactive|Portallus has 20 seconds left.\n|inactive|SimMikaze has 15 seconds left.\n|inactive|SimMikaze has 10 seconds left.\n|\n|t:|1776023450\n|move|p2a: Tyranitar|Protect|p2a: Tyranitar\n|-singleturn|p2a: Tyranitar|Protect\n|move|p2b: Excadrill|Rock Slide|p1a: Basculegion|[spread] p1a,p1b\n|-damage|p1a: Basculegion|74/100\n|-damage|p1b: Hawlucha|39/100\n|cant|p1a: Basculegion|flinch\n|move|p1b: Hawlucha|High Jump Kick|p2a: Tyranitar\n|-activate|p2a: Tyranitar|move: Protect\n|-damage|p1b: Hawlucha|0 fnt|[from] highjumpkick\n|faint|p1b: Hawlucha\n|\n|-weather|Sandstorm|[upkeep]\n|-damage|p1a: Basculegion|68/100|[from] Sandstorm\n|upkeep\n|turn|7\n|\n|t:|1776023468\n|move|p2b: Excadrill|Rock Slide|p1a: Basculegion\n|-damage|p1a: Basculegion|31/100\n|move|p1a: Basculegion|Wave Crash|p2b: Excadrill\n|-supereffective|p2b: Excadrill|1\n|-enditem|p2b: Excadrill|Focus Sash\n|-damage|p2b: Excadrill|1/100\n|-damage|p1a: Basculegion|0 fnt|[from] Recoil\n|faint|p1a: Basculegion\n|\n|win|Portallus\n|raw|SimMikaze's rating: 1212 &rarr; <strong>1185</strong><br />(-27 for losing)\n|raw|Portallus's rating: 1190 &rarr; <strong>1217</strong><br />(+27 for winning)\n|c|\u2606SimMikaze|Nahh\n|l|\u2606Portallus\n|player|p2|\n|c|\u2606SimMikaze|That flinch was so terrible\n",
  "uploadtime": 1776023491,
  "views": 16,
  "formatid": "gen9championsvgc2026regma",
  "rating": 1185,
  "private": 0,
  "password": null
}