{
  "id": "gen9championsvgc2026regma-2582952286",
  "format": "[Gen 9 Champions] VGC 2026 Reg M-A",
  "players": [
    "iFrozenShadow",
    "the same as here"
  ],
  "log": "|j|\u2606iFrozenShadow\n|j|\u2606the same as here\n|t:|1776127924\n|gametype|doubles\n|player|p1|iFrozenShadow|2|1145\n|player|p2|the same as here|janitor|1150\n|gen|9\n|tier|[Gen 9 Champions] VGC 2026 Reg M-A\n|rated|\n|rule|Species Clause: Limit one of each Pok\u00e9mon\n|rule|Item Clause: Limit 1 of each item\n|clearpoke\n|poke|p1|Gengar, L50, F|\n|poke|p1|Whimsicott, L50, M|\n|poke|p1|Incineroar, L50, F|\n|poke|p1|Garganacl, L50, M|\n|poke|p1|Hawlucha, L50, M|\n|poke|p1|Typhlosion-Hisui, L50, F|\n|poke|p2|Floette-Eternal, L50, F|\n|poke|p2|Sinistcha, L50|\n|poke|p2|Incineroar, L50, M|\n|poke|p2|Gyarados, L50, F|\n|poke|p2|Garchomp, L50, M|\n|poke|p2|Glimmora, L50, F|\n|teampreview|4\n|c|\u2606the same as here|Hf\n|inactive|Battle timer is ON: inactive players will automatically lose when time's up. (requested by the same as here)\n|\n|t:|1776128025\n|teamsize|p1|4\n|teamsize|p2|4\n|start\n|switch|p1a: Gengar|Gengar, L50, F, shiny|100/100\n|switch|p1b: Whimsicott|Whimsicott, L50, M|100/100\n|switch|p2a: Ye old Gyara|Gyarados, L50, F|100/100\n|switch|p2b: The difference|Incineroar, L50, M|100/100\n|-ability|p2a: Ye old Gyara|Intimidate|boost\n|-unboost|p1a: Gengar|atk|1\n|-unboost|p1b: Whimsicott|atk|1\n|-ability|p2b: The difference|Intimidate|boost\n|-unboost|p1a: Gengar|atk|1\n|-unboost|p1b: Whimsicott|atk|1\n|turn|1\n|\n|t:|1776128041\n|detailschange|p1a: Gengar|Gengar-Mega, L50, F, shiny\n|-mega|p1a: Gengar|Gengar|Gengarite\n|move|p1b: Whimsicott|Protect|p1b: Whimsicott\n|-singleturn|p1b: Whimsicott|Protect\n|move|p1a: Gengar|Protect|p1a: Gengar\n|-singleturn|p1a: Gengar|Protect\n|move|p2b: The difference|Fake Out|p1b: Whimsicott\n|-activate|p1b: Whimsicott|move: Protect\n|move|p2a: Ye old Gyara|Taunt|p1b: Whimsicott\n|-activate|p1b: Whimsicott|move: Protect\n|\n|upkeep\n|turn|2\n|\n|t:|1776128064\n|move|p1b: Whimsicott|Encore|p2a: Ye old Gyara\n|-start|p2a: Ye old Gyara|Encore\n|move|p1a: Gengar|Sludge Bomb|p2b: The difference\n|-damage|p2b: The difference|63/100\n|move|p2a: Ye old Gyara|Taunt|p1b: Whimsicott\n|-start|p1b: Whimsicott|move: Taunt\n|move|p2b: The difference|Parting Shot|p1b: Whimsicott\n|-unboost|p1b: Whimsicott|atk|1\n|-unboost|p1b: Whimsicott|spa|1\n|\n|t:|1776128074\n|switch|p2b: Piano|Garchomp, L50, M|100/100|[from] Parting Shot\n|\n|upkeep\n|turn|3\n|\n|t:|1776128087\n|move|p1a: Gengar|Protect|p1a: Gengar\n|-singleturn|p1a: Gengar|Protect\n|move|p2b: Piano|Protect|p2b: Piano\n|-singleturn|p2b: Piano|Protect\n|move|p1b: Whimsicott|Moonblast|p2b: Piano\n|-activate|p2b: Piano|move: Protect\n|move|p2a: Ye old Gyara|Taunt|p1a: Gengar\n|-activate|p1a: Gengar|move: Protect\n|\n|upkeep\n|turn|4\n|\n|t:|1776128105\n|move|p1a: Gengar|Shadow Ball|p2b: Piano\n|-damage|p2b: Piano|55/100\n|move|p1b: Whimsicott|Moonblast|p2b: Piano\n|-supereffective|p2b: Piano|1\n|-damage|p2b: Piano|14/100\n|move|p2b: Piano|Stomping Tantrum|p1a: Gengar\n|-supereffective|p1a: Gengar|1\n|-damage|p1a: Gengar|0 fnt\n|faint|p1a: Gengar\n|move|p2a: Ye old Gyara|Taunt||[still]\n|-fail|p2a: Ye old Gyara\n|\n|-end|p2a: Ye old Gyara|Encore\n|upkeep\n|\n|t:|1776128119\n|switch|p1a: Garganacl|Garganacl, L50, M|100/100\n|turn|5\n|\n|t:|1776128133\n|switch|p2b: The difference|Incineroar, L50, M|63/100\n|-ability|p2b: The difference|Intimidate|boost\n|-unboost|p1a: Garganacl|atk|1\n|-unboost|p1b: Whimsicott|atk|1\n|move|p1b: Whimsicott|Moonblast|p2b: The difference\n|-damage|p2b: The difference|48/100\n|move|p2a: Ye old Gyara|Taunt|p1a: Garganacl\n|-start|p1a: Garganacl|move: Taunt\n|move|p1a: Garganacl|Salt Cure|p2a: Ye old Gyara\n|-supereffective|p2a: Ye old Gyara|1\n|-damage|p2a: Ye old Gyara|80/100\n|-start|p2a: Ye old Gyara|Salt Cure\n|\n|-heal|p2a: Ye old Gyara|86/100|[from] item: Leftovers\n|-damage|p2a: Ye old Gyara|73/100|[from] Salt Cure\n|-end|p1b: Whimsicott|move: Taunt\n|upkeep\n|turn|6\n|inactive|iFrozenShadow has 30 seconds left.\n|inactive|the same as here has 30 seconds left.\n|\n|t:|1776128170\n|switch|p2a: Piano|Garchomp, L50, M|14/100\n|move|p1b: Whimsicott|Encore||[still]\n|-fail|p1b: Whimsicott\n|move|p2b: The difference|Flare Blitz|p1b: Whimsicott\n|-supereffective|p1b: Whimsicott|1\n|-enditem|p1b: Whimsicott|Focus Sash\n|-damage|p1b: Whimsicott|1/100\n|-damage|p2b: The difference|20/100|[from] Recoil\n|move|p1a: Garganacl|Salt Cure|p2b: The difference\n|-supereffective|p2b: The difference|1\n|-damage|p2b: The difference|2/100\n|-start|p2b: The difference|Salt Cure\n|\n|-damage|p2b: The difference|0 fnt|[from] Salt Cure\n|faint|p2b: The difference\n|upkeep\n|\n|t:|1776128181\n|switch|p2b: Mini Flutter Mane|Floette-Eternal, L50, F|100/100\n|turn|7\n|\n|t:|1776128206\n|detailschange|p2b: Mini Flutter Mane|Floette-Mega, L50, F\n|-mega|p2b: Mini Flutter Mane|Floette|Floettite\n|-ability|p2b: Mini Flutter Mane|Fairy Aura\n|move|p1b: Whimsicott|Moonblast|p2a: Piano\n|-supereffective|p2a: Piano|1\n|-damage|p2a: Piano|0 fnt\n|faint|p2a: Piano\n|move|p2b: Mini Flutter Mane|Dazzling Gleam|p1b: Whimsicott|[spread] p1a,p1b\n|-damage|p1a: Garganacl|55/100\n|-damage|p1b: Whimsicott|0 fnt\n|faint|p1b: Whimsicott\n|move|p1a: Garganacl|Fissure|p2b: Mini Flutter Mane\n|-damage|p2b: Mini Flutter Mane|0 fnt\n|faint|p2b: Mini Flutter Mane\n|-ohko\n|\n|-heal|p1a: Garganacl|61/100|[from] item: Leftovers\n|-end|p1a: Garganacl|move: Taunt\n|upkeep\n|\n|t:|1776128221\n|switch|p1b: Hawlucha|Hawlucha, L50, M|100/100\n|switch|p2b: Ye old Gyara|Gyarados, L50, F|73/100\n|-ability|p1b: Hawlucha|Mold Breaker\n|-ability|p2b: Ye old Gyara|Intimidate|boost\n|-unboost|p1a: Garganacl|atk|1\n|-unboost|p1b: Hawlucha|atk|1\n|turn|8\n|c|\u2606the same as here|Hawlucha's not required IG\n|c|\u2606the same as here|Lmao\n|c|\u2606iFrozenShadow|nope\n|c|\u2606the same as here|ggs!\n|\n|t:|1776128244\n|move|p1b: Hawlucha|Entrainment|p2b: Ye old Gyara\n|-ability|p2b: Ye old Gyara|Mold Breaker|Intimidate|[from] move: Entrainment|[of] p1b: Hawlucha\n|-ability|p2b: Ye old Gyara|Mold Breaker\n|move|p2b: Ye old Gyara|Waterfall|p1a: Garganacl\n|-supereffective|p1a: Garganacl|1\n|-damage|p1a: Garganacl|22/100\n|cant|p1a: Garganacl|flinch\n|\n|-heal|p2b: Ye old Gyara|79/100|[from] item: Leftovers\n|-heal|p1a: Garganacl|28/100|[from] item: Leftovers\n|upkeep\n|turn|9\n|\n|t:|1776128266\n|move|p1b: Hawlucha|High Jump Kick|p2b: Ye old Gyara\n|-resisted|p2b: Ye old Gyara|1\n|-damage|p2b: Ye old Gyara|66/100\n|move|p2b: Ye old Gyara|Waterfall|p1a: Garganacl\n|-supereffective|p1a: Garganacl|1\n|-damage|p1a: Garganacl|0 fnt\n|faint|p1a: Garganacl\n|\n|-heal|p2b: Ye old Gyara|72/100|[from] item: Leftovers\n|upkeep\n|turn|10\n|-message|iFrozenShadow forfeited.\n|\n|win|the same as here\n|raw|iFrozenShadow's rating: 1145 &rarr; <strong>1120</strong><br />(-25 for losing)\n|raw|the same as here's rating: 1150 &rarr; <strong>1175</strong><br />(+25 for winning)\n|l|\u2606iFrozenShadow\n|player|p1|\n",
  "uploadtime": 1776128273,
  "views": 12,
  "formatid": "gen9championsvgc2026regma",
  "rating": 1120,
  "private": 0,
  "password": null
}