{
  "id": "gen9championsvgc2026regma-2580628188",
  "format": "[Gen 9 Champions] VGC 2026 Reg M-A",
  "players": [
    "battlenoivern",
    "AidzPlayz"
  ],
  "log": "|j|\u2606battlenoivern\n|j|\u2606AidzPlayz\n|t:|1775919435\n|gametype|doubles\n|player|p1|battlenoivern|2|1073\n|player|p2|AidzPlayz|ghetsis-gen5bw|1043\n|gen|9\n|tier|[Gen 9 Champions] VGC 2026 Reg M-A\n|rated|\n|rule|Species Clause: Limit one of each Pok\u00e9mon\n|rule|Item Clause: Limit 1 of each item\n|clearpoke\n|poke|p1|Aggron, L50, M|\n|poke|p1|Kommo-o, L50, M|\n|poke|p1|Sinistcha-Masterpiece, L50|\n|poke|p1|Incineroar, L50, F|\n|poke|p1|Pelipper, L50, M|\n|poke|p1|Basculegion, L50, M|\n|poke|p2|Aerodactyl, L50, M|\n|poke|p2|Incineroar, L50, F|\n|poke|p2|Floette-Eternal, L50, F|\n|poke|p2|Basculegion, L50, M|\n|poke|p2|Garchomp, L50, M|\n|poke|p2|Sneasler, L50, M|\n|teampreview|4\n|inactive|Battle timer is ON: inactive players will automatically lose when time's up. (requested by AidzPlayz)\n|inactive|battlenoivern has 60 seconds left.\n|inactive|AidzPlayz has 60 seconds left.\n|\n|t:|1775919490\n|teamsize|p1|4\n|teamsize|p2|4\n|start\n|switch|p1a: Incineroar|Incineroar, L50, F|100/100\n|switch|p1b: Aggron|Aggron, L50, M|100/100\n|switch|p2a: Aerodactyl|Aerodactyl, L50, M|100/100\n|switch|p2b: Floette|Floette-Eternal, L50, F|100/100\n|-ability|p2a: Aerodactyl|Unnerve\n|-ability|p1a: Incineroar|Intimidate|boost\n|-unboost|p2a: Aerodactyl|atk|1\n|-unboost|p2b: Floette|atk|1\n|turn|1\n|inactive|AidzPlayz has 30 seconds left.\n|\n|t:|1775919516\n|move|p2a: Aerodactyl|Protect|p2a: Aerodactyl\n|-singleturn|p2a: Aerodactyl|Protect\n|move|p2b: Floette|Protect|p2b: Floette\n|-singleturn|p2b: Floette|Protect\n|move|p1a: Incineroar|Fake Out|p2b: Floette\n|-activate|p2b: Floette|move: Protect\n|move|p1b: Aggron|Iron Defense|p1b: Aggron\n|-boost|p1b: Aggron|def|2\n|\n|upkeep\n|turn|2\n|inactive|battlenoivern has 30 seconds left.\n|\n|t:|1775919542\n|detailschange|p2b: Floette|Floette-Mega, L50, F\n|-mega|p2b: Floette|Floette|Floettite\n|-ability|p2b: Floette|Fairy Aura\n|detailschange|p1b: Aggron|Aggron-Mega, L50, M\n|-mega|p1b: Aggron|Aggron|Aggronite\n|move|p2a: Aerodactyl|Tailwind|p2a: Aerodactyl\n|-sidestart|p2: AidzPlayz|move: Tailwind\n|move|p2b: Floette|Light of Ruin|p1b: Aggron\n|-resisted|p1b: Aggron|1\n|-damage|p1b: Aggron|48/100\n|-damage|p2b: Floette|69/100|[from] Recoil\n|move|p1a: Incineroar|Parting Shot|p2b: Floette\n|-unboost|p2b: Floette|atk|1\n|-unboost|p2b: Floette|spa|1\n|\n|t:|1775919552\n|switch|p1a: Sinistcha|Sinistcha-Masterpiece, L50|100/100|[from] Parting Shot\n|-heal|p1b: Aggron|73/100|[from] ability: Hospitality|[of] p1a: Sinistcha\n|move|p1b: Aggron|Heavy Slam|p2b: Floette\n|-supereffective|p2b: Floette|1\n|-damage|p2b: Floette|0 fnt\n|faint|p2b: Floette\n|\n|upkeep\n|\n|t:|1775919569\n|switch|p2b: Incineroar|Incineroar, L50, F|100/100\n|-ability|p2b: Incineroar|Intimidate|boost\n|-unboost|p1a: Sinistcha|atk|1\n|-unboost|p1b: Aggron|atk|1\n|turn|3\n|\n|t:|1775919589\n|switch|p1a: Incineroar|Incineroar, L50, F|100/100\n|-ability|p1a: Incineroar|Intimidate|boost\n|-unboost|p2a: Aerodactyl|atk|1\n|-unboost|p2b: Incineroar|atk|1\n|move|p2b: Incineroar|Fake Out|p1b: Aggron\n|-resisted|p1b: Aggron|1\n|-damage|p1b: Aggron|72/100\n|move|p2a: Aerodactyl|Dual Wingbeat|p1a: Incineroar\n|-damage|p1a: Incineroar|91/100\n|-damage|p1a: Incineroar|81/100\n|-hitcount|p1a: Incineroar|2\n|cant|p1b: Aggron|flinch\n|\n|upkeep\n|turn|4\n|\n|t:|1775919612\n|switch|p1a: Sinistcha|Sinistcha-Masterpiece, L50|100/100\n|-heal|p1b: Aggron|97/100|[from] ability: Hospitality|[of] p1a: Sinistcha\n|move|p2a: Aerodactyl|Protect|p2a: Aerodactyl\n|-singleturn|p2a: Aerodactyl|Protect\n|move|p2b: Incineroar|Flare Blitz|p1b: Aggron\n|-supereffective|p1b: Aggron|1\n|-damage|p1b: Aggron|84/100\n|-damage|p2b: Incineroar|97/100|[from] Recoil\n|move|p1b: Aggron|Iron Defense|p1b: Aggron\n|-boost|p1b: Aggron|def|2\n|\n|upkeep\n|turn|5\n|-message|AidzPlayz forfeited.\n|\n|win|battlenoivern\n|raw|battlenoivern's rating: 1073 &rarr; <strong>1100</strong><br />(+27 for winning)\n|raw|AidzPlayz's rating: 1043 &rarr; <strong>1028</strong><br />(-15 for losing)\n",
  "uploadtime": 1775919625,
  "views": 10,
  "formatid": "gen9championsvgc2026regma",
  "rating": 1028,
  "private": 0,
  "password": null
}