{
  "id": "gen9championsvgc2026regma-2588424436",
  "format": "[Gen 9 Champions] VGC 2026 Reg M-A",
  "players": [
    "Yamh",
    "VicsGC"
  ],
  "log": "|j|\u2606Yamh\n|j|\u2606VicsGC\n|t:|1776632360\n|gametype|doubles\n|player|p1|Yamh|darach-caitlin|1419\n|player|p2|VicsGC|1|1450\n|gen|9\n|tier|[Gen 9 Champions] VGC 2026 Reg M-A\n|rated|\n|rule|Species Clause: Limit one of each Pok\u00e9mon\n|rule|Item Clause: Limit 1 of each item\n|clearpoke\n|poke|p1|Sneasler, L50, F|\n|poke|p1|Kingambit, L50, F|\n|poke|p1|Milotic, L50, F|\n|poke|p1|Gardevoir, L50, F, shiny|\n|poke|p1|Basculegion, L50, M|\n|poke|p1|Aerodactyl, L50, M|\n|poke|p2|Froslass, L50, F|\n|poke|p2|Aerodactyl, L50, M|\n|poke|p2|Sneasler, L50, M|\n|poke|p2|Garchomp, L50, F|\n|poke|p2|Primarina, L50, F|\n|poke|p2|Sinistcha, L50|\n|teampreview|4\n|j| guilhermass\n|\n|t:|1776632385\n|teamsize|p1|4\n|teamsize|p2|4\n|start\n|switch|p1a: Reptilia|Aerodactyl, L50, M|100/100\n|switch|p1b: Snivel|Sneasler, L50, F|100/100\n|switch|p2a: Garchomp|Garchomp, L50, F|100/100\n|switch|p2b: Aerodactyl|Aerodactyl, L50, M|100/100\n|-ability|p1a: Reptilia|Unnerve\n|-ability|p2b: Aerodactyl|Unnerve\n|turn|1\n|\n|t:|1776632399\n|move|p2b: Aerodactyl|Protect|p2b: Aerodactyl\n|-singleturn|p2b: Aerodactyl|Protect\n|move|p1b: Snivel|Fake Out|p2a: Garchomp\n|-crit|p2a: Garchomp\n|-damage|p2a: Garchomp|82/100\n|-damage|p1b: Snivel|88/100|[from] ability: Rough Skin|[of] p2a: Garchomp\n|move|p1a: Reptilia|Tailwind|p1a: Reptilia\n|-sidestart|p1: Yamh|move: Tailwind\n|cant|p2a: Garchomp|flinch\n|\n|upkeep\n|turn|2\n|\n|t:|1776632417\n|switch|p2b: Sneasler|Sneasler, L50, M|100/100\n|move|p1a: Reptilia|Rock Slide|p2a: Garchomp|[spread] p2a,p2b\n|-resisted|p2a: Garchomp|1\n|-resisted|p2b: Sneasler|1\n|-damage|p2a: Garchomp|72/100\n|-damage|p2b: Sneasler|81/100\n|move|p1b: Snivel|Rock Slide|p2a: Garchomp|[spread] p2a,p2b\n|-resisted|p2a: Garchomp|1\n|-resisted|p2b: Sneasler|1\n|-damage|p2a: Garchomp|64/100\n|-damage|p2b: Sneasler|61/100\n|cant|p2a: Garchomp|flinch\n|\n|upkeep\n|turn|3\n|\n|t:|1776632443\n|switch|p2b: Sinistcha|Sinistcha, L50|100/100\n|-heal|p2a: Garchomp|88/100|[from] ability: Hospitality|[of] p2b: Sinistcha\n|move|p1b: Snivel|Protect|p1b: Snivel\n|-singleturn|p1b: Snivel|Protect\n|move|p1a: Reptilia|Dual Wingbeat|p2b: Sinistcha\n|-supereffective|p2b: Sinistcha|1\n|-damage|p2b: Sinistcha|67/100\n|-supereffective|p2b: Sinistcha|1\n|-damage|p2b: Sinistcha|30/100\n|-hitcount|p2b: Sinistcha|2\n|move|p2a: Garchomp|Stomping Tantrum|p1b: Snivel\n|-activate|p1b: Snivel|move: Protect\n|\n|upkeep\n|turn|4\n|\n|t:|1776632462\n|switch|p2b: Aerodactyl|Aerodactyl, L50, M|100/100\n|-ability|p2b: Aerodactyl|Unnerve\n|move|p1a: Reptilia|Dual Wingbeat|p2b: Aerodactyl\n|-resisted|p2b: Aerodactyl|1\n|-crit|p2b: Aerodactyl\n|-damage|p2b: Aerodactyl|77/100\n|-resisted|p2b: Aerodactyl|1\n|-damage|p2b: Aerodactyl|63/100\n|-hitcount|p2b: Aerodactyl|2\n|move|p1b: Snivel|Close Combat|p2a: Garchomp\n|-damage|p2a: Garchomp|31/100\n|-unboost|p1b: Snivel|def|1\n|-unboost|p1b: Snivel|spd|1\n|-damage|p1b: Snivel|76/100|[from] ability: Rough Skin|[of] p2a: Garchomp\n|-enditem|p1b: Snivel|White Herb\n|-clearnegativeboost|p1b: Snivel|[silent]\n|move|p2a: Garchomp|Stomping Tantrum|p1b: Snivel\n|-supereffective|p1b: Snivel|1\n|-crit|p1b: Snivel\n|-damage|p1b: Snivel|0 fnt\n|faint|p1b: Snivel\n|\n|-sideend|p1: Yamh|move: Tailwind\n|upkeep\n|\n|t:|1776632483\n|switch|p1b: Greta|Basculegion, L50, M|100/100\n|turn|5\n|\n|t:|1776632494\n|switch|p2a: Sinistcha|Sinistcha, L50|30/100\n|-heal|p2b: Aerodactyl|88/100|[from] ability: Hospitality|[of] p2a: Sinistcha\n|move|p2b: Aerodactyl|Protect|p2b: Aerodactyl\n|-singleturn|p2b: Aerodactyl|Protect\n|move|p1b: Greta|Last Respects|p2a: Sinistcha\n|-supereffective|p2a: Sinistcha|1\n|-damage|p2a: Sinistcha|0 fnt\n|faint|p2a: Sinistcha\n|move|p1a: Reptilia|Tailwind|p1a: Reptilia\n|-sidestart|p1: Yamh|move: Tailwind\n|\n|upkeep\n|\n|t:|1776632498\n|switch|p2a: Sneasler|Sneasler, L50, M|61/100\n|turn|6\n|-message|VicsGC forfeited.\n|\n|win|Yamh\n|raw|Yamh's rating: 1419 &rarr; <strong>1441</strong><br />(+22 for winning)\n|raw|VicsGC's rating: 1450 &rarr; <strong>1428</strong><br />(-22 for losing)\n|l|\u2606VicsGC\n|player|p2|\n",
  "uploadtime": 1776632516,
  "views": 22,
  "formatid": "gen9championsvgc2026regma",
  "rating": 1428,
  "private": 0,
  "password": null
}