{
  "id": "gen9championsvgc2026regma-2588336766",
  "format": "[Gen 9 Champions] VGC 2026 Reg M-A",
  "players": [
    "disciple of blahaj",
    "Biblical greed-ent"
  ],
  "log": "|j|\u2606disciple of blahaj\n|j|\u2606Biblical greed-ent\n|t:|1776625179\n|gametype|doubles\n|player|p1|disciple of blahaj|jacinthe|1251\n|player|p2|Biblical greed-ent|266|1316\n|gen|9\n|tier|[Gen 9 Champions] VGC 2026 Reg M-A\n|rated|\n|rule|Species Clause: Limit one of each Pok\u00e9mon\n|rule|Item Clause: Limit 1 of each item\n|clearpoke\n|poke|p1|Lopunny, L50, M, shiny|\n|poke|p1|Basculegion, L50, M|\n|poke|p1|Klefki, L50, M, shiny|\n|poke|p1|Pelipper, L50, M|\n|poke|p1|Garchomp, L50, F|\n|poke|p1|Aegislash, L50, M|\n|poke|p2|Aggron, L50, M|\n|poke|p2|Farigiraf, L50, F|\n|poke|p2|Pelipper, L50, M|\n|poke|p2|Camerupt, L50, M, shiny|\n|poke|p2|Araquanid, L50, M, shiny|\n|poke|p2|Starmie, L50|\n|teampreview|4\n|inactive|Battle timer is ON: inactive players will automatically lose when time's up. (requested by disciple of blahaj)\n|\n|t:|1776625231\n|teamsize|p1|4\n|teamsize|p2|4\n|start\n|switch|p1a: Basculegion|Basculegion, L50, M|100/100\n|switch|p1b: Klefki|Klefki, L50, M, shiny|100/100\n|switch|p2a: Farigiraf|Farigiraf, L50, F|100/100\n|switch|p2b: Aggron|Aggron, L50, M|100/100\n|turn|1\n|inactive|Biblical greed-ent has 30 seconds left.\n|\n|t:|1776625260\n|move|p2b: Aggron|Protect|p2b: Aggron\n|-singleturn|p2b: Aggron|Protect\n|move|p1b: Klefki|Imprison|p1b: Klefki\n|-start|p1b: Klefki|move: Imprison\n|move|p1a: Basculegion|Flip Turn|p2b: Aggron\n|-activate|p2b: Aggron|move: Protect\n|cant|p2a: Farigiraf|move: Imprison|Trick Room\n|\n|upkeep\n|turn|2\n|\n|t:|1776625283\n|switch|p2b: Starmie|Starmie, L50|100/100\n|move|p1a: Basculegion|Flip Turn|p2b: Starmie\n|-resisted|p2b: Starmie|1\n|-damage|p2b: Starmie|67/100\n|\n|t:|1776625291\n|switch|p1a: Aegislash|Aegislash, L50, M|100/100|[from] Flip Turn\n|move|p1b: Klefki|Dazzling Gleam|p2a: Farigiraf|[spread] p2a,p2b\n|-damage|p2a: Farigiraf|82/100\n|-damage|p2b: Starmie|42/100\n|move|p2a: Farigiraf|Hyper Voice|p1a: Aegislash|[spread] p1b\n|-immune|p1a: Aegislash\n|-resisted|p1b: Klefki|1\n|-damage|p1b: Klefki|88/100\n|\n|upkeep\n|turn|3\n|inactive|disciple of blahaj has 30 seconds left.\n|\n|t:|1776625324\n|detailschange|p2b: Starmie|Starmie-Mega, L50\n|-mega|p2b: Starmie|Starmie|Starminite\n|move|p2a: Farigiraf|Helping Hand|p2b: Starmie\n|-singleturn|p2b: Starmie|Helping Hand|[of] p2a: Farigiraf\n|move|p2b: Starmie|Liquidation|p1a: Aegislash\n|-damage|p1a: Aegislash|6/100\n|move|p1b: Klefki|Dazzling Gleam|p2b: Starmie|[spread] p2a,p2b\n|-damage|p2a: Farigiraf|64/100\n|-damage|p2b: Starmie|22/100\n|-formechange|p1a: Aegislash|Aegislash-Blade|\n|move|p1a: Aegislash|Poltergeist|p2b: Starmie\n|-activate|p2b: Starmie|move: Poltergeist|Starminite\n|-supereffective|p2b: Starmie|1\n|-damage|p2b: Starmie|0 fnt\n|faint|p2b: Starmie\n|\n|-heal|p1a: Aegislash|12/100|[from] item: Leftovers\n|upkeep\n|\n|t:|1776625337\n|switch|p2b: Aggron|Aggron, L50, M|100/100\n|turn|4\n|\n|t:|1776625349\n|switch|p2a: Araquanid|Araquanid, L50, M, shiny|100/100\n|move|p1b: Klefki|Dazzling Gleam|p2a: Araquanid|[spread] p2a,p2b\n|-resisted|p2b: Aggron|1\n|-damage|p2a: Araquanid|86/100\n|-damage|p2b: Aggron|86/100\n|move|p1a: Aegislash|Sacred Sword|p2b: Aggron\n|-supereffective|p2b: Aggron|2\n|-damage|p2b: Aggron|12/100\n|move|p2b: Aggron|Heavy Slam|p1b: Klefki\n|-damage|p1b: Klefki|29/100\n|\n|-heal|p1a: Aegislash|18/100|[from] item: Leftovers\n|upkeep\n|turn|5\n|inactive|Biblical greed-ent has 30 seconds left.\n|\n|t:|1776625379\n|move|p2a: Araquanid|Wide Guard|p2a: Araquanid\n|-singleturn|p2a: Araquanid|Wide Guard\n|move|p1b: Klefki|Dazzling Gleam|p2b: Aggron|[spread] \n|-activate|p2a: Araquanid|move: Wide Guard\n|-activate|p2b: Aggron|move: Wide Guard\n|move|p1a: Aegislash|Poltergeist|p2a: Araquanid\n|-activate|p2a: Araquanid|move: Poltergeist|Mystic Water\n|-damage|p2a: Araquanid|19/100\n|move|p2b: Aggron|Heavy Slam|p1b: Klefki\n|-damage|p1b: Klefki|0 fnt\n|faint|p1b: Klefki\n|\n|-heal|p1a: Aegislash|24/100|[from] item: Leftovers\n|upkeep\n|\n|t:|1776625385\n|switch|p1b: Basculegion|Basculegion, L50, M|100/100\n|turn|6\n|\n|t:|1776625399\n|switch|p2b: Farigiraf|Farigiraf, L50, F|64/100\n|move|p2a: Araquanid|Protect||[still]\n|-fail|p2a: Araquanid\n|move|p1b: Basculegion|Flip Turn|p2b: Farigiraf\n|-damage|p2b: Farigiraf|26/100\n|\n|t:|1776625407\n|switch|p1b: Garchomp|Garchomp, L50, F|100/100|[from] Flip Turn\n|move|p1a: Aegislash|Poltergeist|p2a: Araquanid|[miss]\n|-miss|p1a: Aegislash|p2a: Araquanid\n|\n|-heal|p1a: Aegislash|30/100|[from] item: Leftovers\n|upkeep\n|turn|7\n|\n|t:|1776625418\n|move|p2a: Araquanid|Protect|p2a: Araquanid\n|-singleturn|p2a: Araquanid|Protect\n|move|p1b: Garchomp|Dragon Claw|p2a: Araquanid\n|-activate|p2a: Araquanid|move: Protect\n|move|p1a: Aegislash|Iron Head|p2b: Farigiraf\n|-damage|p2b: Farigiraf|0 fnt\n|faint|p2b: Farigiraf\n|\n|-heal|p1a: Aegislash|36/100|[from] item: Leftovers\n|upkeep\n|\n|t:|1776625421\n|switch|p2b: Aggron|Aggron, L50, M|12/100\n|turn|8\n|\n|t:|1776625438\n|move|p1b: Garchomp|Dragon Claw|p2a: Araquanid\n|-damage|p2a: Araquanid|0 fnt\n|faint|p2a: Araquanid\n|move|p1a: Aegislash|Iron Head|p2b: Aggron\n|-damage|p2b: Aggron|0 fnt\n|faint|p2b: Aggron\n|\n|win|disciple of blahaj\n|raw|disciple of blahaj's rating: 1251 &rarr; <strong>1281</strong><br />(+30 for winning)\n|raw|Biblical greed-ent's rating: 1316 &rarr; <strong>1292</strong><br />(-24 for losing)\n",
  "uploadtime": 1776625453,
  "views": 11,
  "formatid": "gen9championsvgc2026regma",
  "rating": 1281,
  "private": 0,
  "password": null
}