{
  "id": "gen9championsvgc2026regma-2587978025",
  "format": "[Gen 9 Champions] VGC 2026 Reg M-A",
  "players": [
    "oilive",
    "tomgrk"
  ],
  "log": "|j|\u2606oilive\n|j|\u2606tomgrk\n|t:|1776587775\n|gametype|doubles\n|player|p1|oilive|iris|1169\n|player|p2|tomgrk|101|1099\n|gen|9\n|tier|[Gen 9 Champions] VGC 2026 Reg M-A\n|rated|\n|rule|Species Clause: Limit one of each Pok\u00e9mon\n|rule|Item Clause: Limit 1 of each item\n|clearpoke\n|poke|p1|Araquanid, L50, M|\n|poke|p1|Hatterene, L50, F|\n|poke|p1|Tsareena, L50, F|\n|poke|p1|Maushold, L50|\n|poke|p1|Camerupt, L50, M|\n|poke|p1|Feraligatr, L50, M|\n|poke|p2|Charizard, L50, F|\n|poke|p2|Sinistcha, L50|\n|poke|p2|Sneasler, L50, F|\n|poke|p2|Rotom-Wash, L50|\n|poke|p2|Incineroar, L50, F|\n|poke|p2|Aerodactyl, L50, F|\n|teampreview|4\n|inactive|Battle timer is ON: inactive players will automatically lose when time's up. (requested by oilive)\n|inactive|tomgrk has 60 seconds left.\n|\n|t:|1776587846\n|teamsize|p1|4\n|teamsize|p2|4\n|start\n|switch|p1a: Hatterene|Hatterene, L50, F|100/100\n|switch|p1b: Araquanid|Araquanid, L50, M|100/100\n|switch|p2a: Sneasler|Sneasler, L50, F|100/100\n|switch|p2b: Aerodactyl|Aerodactyl, L50, F|100/100\n|-ability|p2b: Aerodactyl|Unnerve\n|turn|1\n|\n|t:|1776587869\n|move|p2b: Aerodactyl|Rock Slide|p1a: Hatterene|[spread] p1b\n|-miss|p2b: Aerodactyl|p1a: Hatterene\n|-supereffective|p1b: Araquanid|1\n|-damage|p1b: Araquanid|48/100\n|move|p2a: Sneasler|Dire Claw|p1a: Hatterene\n|-supereffective|p1a: Hatterene|1\n|-damage|p1a: Hatterene|0 fnt\n|faint|p1a: Hatterene\n|move|p1b: Araquanid|Liquidation|p2b: Aerodactyl\n|-supereffective|p2b: Aerodactyl|1\n|-enditem|p2b: Aerodactyl|Focus Sash\n|-damage|p2b: Aerodactyl|1/100\n|\n|upkeep\n|\n|t:|1776587888\n|switch|p1a: Tsareena|Tsareena, L50, F|100/100\n|turn|2\n|\n|t:|1776587900\n|move|p1b: Araquanid|Wide Guard|p1b: Araquanid\n|-singleturn|p1b: Araquanid|Wide Guard\n|move|p2b: Aerodactyl|Rock Slide|p1a: Tsareena|[spread] \n|-activate|p1a: Tsareena|move: Wide Guard\n|-activate|p1b: Araquanid|move: Wide Guard\n|move|p2a: Sneasler|Dire Claw|p1a: Tsareena\n|-supereffective|p1a: Tsareena|1\n|-damage|p1a: Tsareena|17/100\n|move|p1a: Tsareena|U-turn|p2b: Aerodactyl\n|-resisted|p2b: Aerodactyl|1\n|-damage|p2b: Aerodactyl|0 fnt\n|faint|p2b: Aerodactyl\n|\n|t:|1776587913\n|switch|p1a: Feraligatr|Feraligatr, L50, M|100/100|[from] U-turn\n|\n|upkeep\n|\n|t:|1776587924\n|switch|p2b: Rotom|Rotom-Wash, L50|100/100\n|turn|3\n|\n|t:|1776587944\n|detailschange|p1a: Feraligatr|Feraligatr-Mega, L50, M\n|-mega|p1a: Feraligatr|Feraligatr|Feraligite\n|move|p1b: Araquanid|Protect|p1b: Araquanid\n|-singleturn|p1b: Araquanid|Protect\n|move|p2a: Sneasler|Dire Claw|p1a: Feraligatr\n|-damage|p1a: Feraligatr|70/100\n|move|p2b: Rotom|Electroweb|p1a: Feraligatr|[spread] p1a\n|-activate|p1b: Araquanid|move: Protect\n|-crit|p1a: Feraligatr\n|-damage|p1a: Feraligatr|49/100\n|-unboost|p1a: Feraligatr|spe|1\n|move|p1a: Feraligatr|Double-Edge|p2a: Sneasler\n|-crit|p2a: Sneasler\n|-damage|p2a: Sneasler|0 fnt\n|faint|p2a: Sneasler\n|-damage|p1a: Feraligatr|22/100|[from] Recoil\n|\n|upkeep\n|\n|t:|1776587959\n|switch|p2a: Charizard|Charizard, L50, F|100/100\n|turn|4\n|\n|t:|1776587975\n|detailschange|p2a: Charizard|Charizard-Mega-X, L50, F\n|-mega|p2a: Charizard|Charizard|Charizardite X\n|move|p1a: Feraligatr|Protect|p1a: Feraligatr\n|-singleturn|p1a: Feraligatr|Protect\n|move|p2a: Charizard|Dragon Claw|p1a: Feraligatr\n|-activate|p1a: Feraligatr|move: Protect\n|move|p2b: Rotom|Electroweb|p1b: Araquanid|[spread] p1b\n|-activate|p1a: Feraligatr|move: Protect\n|-supereffective|p1b: Araquanid|1\n|-damage|p1b: Araquanid|23/100\n|-unboost|p1b: Araquanid|spe|1\n|move|p1b: Araquanid|Liquidation|p2a: Charizard\n|-crit|p2a: Charizard\n|-damage|p2a: Charizard|0 fnt\n|faint|p2a: Charizard\n|\n|upkeep\n|turn|5\n|-message|tomgrk forfeited.\n|\n|win|oilive\n|raw|oilive's rating: 1169 &rarr; <strong>1189</strong><br />(+20 for winning)\n|raw|tomgrk's rating: 1099 &rarr; <strong>1079</strong><br />(-20 for losing)\n|l|\u2606tomgrk\n|player|p2|\n",
  "uploadtime": 1776588029,
  "views": 9,
  "formatid": "gen9championsvgc2026regma",
  "rating": 1079,
  "private": 0,
  "password": null
}