{
  "id": "gen9championsvgc2026regma-2584483159",
  "format": "[Gen 9 Champions] VGC 2026 Reg M-A",
  "players": [
    "Barber1",
    "mksgms"
  ],
  "log": "|j|\u2606Barber1\n|j|\u2606mksgms\n|t:|1776263859\n|gametype|doubles\n|player|p1|Barber1|cynthia-gen4|1366\n|player|p2|mksgms|1|1311\n|gen|9\n|tier|[Gen 9 Champions] VGC 2026 Reg M-A\n|rated|\n|rule|Species Clause: Limit one of each Pok\u00e9mon\n|rule|Item Clause: Limit 1 of each item\n|clearpoke\n|poke|p1|Floette-Eternal, L50, F|\n|poke|p1|Sneasler, L50, F|\n|poke|p1|Aerodactyl, L50, F|\n|poke|p1|Delphox, L50, M|\n|poke|p1|Kingambit, L50, M|\n|poke|p1|Garchomp, L50, M|\n|poke|p2|Floette-Eternal, L50, F|\n|poke|p2|Sneasler, L50, M|\n|poke|p2|Garchomp, L50, M|\n|poke|p2|Talonflame, L50, M|\n|poke|p2|Rotom-Wash, L50|\n|poke|p2|Kingambit, L50, M|\n|teampreview|4\n|inactive|Battle timer is ON: inactive players will automatically lose when time's up. (requested by mksgms)\n|inactive|Barber1 also wants the timer to be on.\n|inactive|Barber1 has 60 seconds left.\n|inactive|mksgms has 60 seconds left.\n|\n|t:|1776263898\n|teamsize|p1|4\n|teamsize|p2|4\n|start\n|switch|p1a: Delphox|Delphox, L50, M|100/100\n|switch|p1b: Sneasler|Sneasler, L50, F|100/100\n|switch|p2a: Talonflame|Talonflame, L50, M|100/100\n|switch|p2b: Garchomp|Garchomp, L50, M|100/100\n|turn|1\n|\n|t:|1776263920\n|detailschange|p1a: Delphox|Delphox-Mega, L50, M\n|-mega|p1a: Delphox|Delphox|Delphoxite\n|move|p2a: Talonflame|Quick Guard|p2a: Talonflame\n|-singleturn|p2a: Talonflame|Quick Guard\n|move|p1b: Sneasler|Fake Out|p2a: Talonflame\n|-activate|p2a: Talonflame|move: Quick Guard\n|move|p1a: Delphox|Psychic|p2a: Talonflame\n|-damage|p2a: Talonflame|23/100\n|move|p2b: Garchomp|Rock Slide|p1a: Delphox|[spread] p1a,p1b\n|-supereffective|p1a: Delphox|1\n|-resisted|p1b: Sneasler|1\n|-damage|p1a: Delphox|53/100\n|-damage|p1b: Sneasler|84/100\n|\n|upkeep\n|turn|2\n|inactive|Barber1 has 30 seconds left.\n|inactive|mksgms has 30 seconds left.\n|\n|t:|1776263951\n|move|p1a: Delphox|Heat Wave|p2a: Talonflame|[spread] p2a,p2b\n|-resisted|p2a: Talonflame|1\n|-resisted|p2b: Garchomp|1\n|-damage|p2a: Talonflame|0 fnt\n|-damage|p2b: Garchomp|82/100\n|faint|p2a: Talonflame\n|move|p1b: Sneasler|Close Combat|p2b: Garchomp\n|-damage|p2b: Garchomp|11/100\n|-unboost|p1b: Sneasler|def|1\n|-unboost|p1b: Sneasler|spd|1\n|-damage|p1b: Sneasler|71/100|[from] ability: Rough Skin|[of] p2b: Garchomp\n|-enditem|p1b: Sneasler|White Herb\n|-clearnegativeboost|p1b: Sneasler|[silent]\n|move|p2b: Garchomp|Rock Slide|p1a: Delphox|[spread] p1a,p1b\n|-supereffective|p1a: Delphox|1\n|-resisted|p1b: Sneasler|1\n|-damage|p1a: Delphox|7/100\n|-damage|p1b: Sneasler|55/100\n|\n|upkeep\n|\n|t:|1776263968\n|switch|p2a: Rotom|Rotom-Wash, L50|100/100\n|turn|3\n|\n|t:|1776263986\n|move|p2b: Garchomp|Protect|p2b: Garchomp\n|-singleturn|p2b: Garchomp|Protect\n|move|p1b: Sneasler|Close Combat|p2b: Garchomp\n|-activate|p2b: Garchomp|move: Protect\n|move|p1a: Delphox|Psychic|p2a: Rotom\n|-damage|p2a: Rotom|45/100\n|-unboost|p2a: Rotom|spd|1\n|-enditem|p2a: Rotom|Sitrus Berry|[eat]\n|-heal|p2a: Rotom|70/100|[from] item: Sitrus Berry\n|move|p2a: Rotom|Thunderbolt|p1b: Sneasler\n|-damage|p1b: Sneasler|0 fnt\n|faint|p1b: Sneasler\n|\n|upkeep\n|inactive|Barber1 has 30 seconds left.\n|\n|t:|1776264014\n|switch|p1b: Garchomp|Garchomp, L50, M|100/100\n|turn|4\n|\n|t:|1776264034\n|move|p1a: Delphox|Heat Wave|p2b: Garchomp|[spread] p2a,p2b\n|-resisted|p2a: Rotom|1\n|-resisted|p2b: Garchomp|1\n|-damage|p2a: Rotom|41/100\n|-damage|p2b: Garchomp|0 fnt\n|faint|p2b: Garchomp\n|move|p1b: Garchomp|Dragon Claw|p2a: Rotom\n|-damage|p2a: Rotom|0 fnt\n|faint|p2a: Rotom\n|\n|upkeep\n|\n|t:|1776264043\n|switch|p2a: Floette|Floette-Eternal, L50, F|100/100\n|turn|5\n|\n|t:|1776264061\n|detailschange|p2a: Floette|Floette-Mega, L50, F\n|-mega|p2a: Floette|Floette|Floettite\n|-ability|p2a: Floette|Fairy Aura\n|move|p1a: Delphox|Heat Wave|p2a: Floette\n|-damage|p2a: Floette|65/100\n|-status|p2a: Floette|brn\n|move|p1b: Garchomp|Earthquake|p2a: Floette|[spread] p2a\n|-immune|p1a: Delphox|[from] ability: Levitate\n|-damage|p2a: Floette|20/100 brn\n|move|p2a: Floette|Dazzling Gleam|p1b: Garchomp|[spread] p1a,p1b\n|-resisted|p1a: Delphox|1\n|-supereffective|p1b: Garchomp|1\n|-crit|p1b: Garchomp\n|-damage|p1a: Delphox|0 fnt\n|-damage|p1b: Garchomp|0 fnt\n|faint|p1a: Delphox\n|faint|p1b: Garchomp\n|\n|-damage|p2a: Floette|14/100 brn|[from] brn\n|upkeep\n|\n|t:|1776264082\n|switch|p1b: Kingambit|Kingambit, L50, M|100/100\n|-activate|p1b: Kingambit|ability: Supreme Overlord\n|-start|p1b: Kingambit|fallen3|[silent]\n|turn|6\n|\n|t:|1776264098\n|move|p1b: Kingambit|Protect|p1b: Kingambit\n|-singleturn|p1b: Kingambit|Protect\n|move|p2a: Floette|Moonblast|p1b: Kingambit\n|-activate|p1b: Kingambit|move: Protect\n|\n|-damage|p2a: Floette|8/100 brn|[from] brn\n|upkeep\n|turn|7\n|\n|t:|1776264107\n|move|p1b: Kingambit|Sucker Punch|p2a: Floette\n|-resisted|p2a: Floette|1\n|-damage|p2a: Floette|0 fnt\n|faint|p2a: Floette\n|\n|win|Barber1\n|raw|Barber1's rating: 1366 &rarr; <strong>1384</strong><br />(+18 for winning)\n|raw|mksgms's rating: 1327 &rarr; <strong>1309</strong><br />(-18 for losing)\n",
  "uploadtime": 1776264113,
  "views": 38,
  "formatid": "gen9championsvgc2026regma",
  "rating": 1309,
  "private": 0,
  "password": null
}