{
  "id": "gen9championsvgc2026regma-2580398478",
  "format": "[Gen 9 Champions] VGC 2026 Reg M-A",
  "players": [
    "ester98",
    "TTT x"
  ],
  "log": "|j|\u2606ester98\n|j|\u2606TTT x\n|t:|1775890527\n|gametype|doubles\n|player|p1|ester98|phoebe-masters|\n|player|p2|TTT x|#smogonxnpa2025draftee|\n|gen|9\n|tier|[Gen 9 Champions] VGC 2026 Reg M-A\n|rated|Tournament battle\n|rule|Species Clause: Limit one of each Pok\u00e9mon\n|rule|Item Clause: Limit 1 of each item\n|clearpoke\n|poke|p1|Milotic, L50, F|\n|poke|p1|Tyranitar, L50, F|\n|poke|p1|Garchomp, L50, M|\n|poke|p1|Corviknight, L50, F|\n|poke|p1|Sinistcha, L50|\n|poke|p1|Sneasler, L50, F|\n|poke|p2|Manectric, L50, F|\n|poke|p2|Archaludon, L50, M|\n|poke|p2|Venusaur, L50, M|\n|poke|p2|Sinistcha, L50|\n|poke|p2|Politoed, L50, F|\n|poke|p2|Incineroar, L50, F|\n|teampreview|4\n|j| hariyama lover\n|c|\u2606ester98|glhf\n|j| WolborgVGC\nester98 has agreed to open team sheets.\n|j| Cmach\n|j| pseudoSavant\n|j| JustAnAlpaca<3\n|j| LelBoii\n|j| kritath\n|j| Bman311\n|j| 7as6d\n|\n|t:|1775890570\n|teamsize|p1|4\n|teamsize|p2|4\n|start\n|switch|p1a: Sneasler|Sneasler, L50, F|100/100\n|switch|p1b: Tyranitar|Tyranitar, L50, F|100/100\n|switch|p2a: Manectric|Manectric, L50, F|100/100\n|switch|p2b: Archaludon|Archaludon, L50, M|100/100\n|-weather|Sandstorm|[from] ability: Sand Stream|[of] p1b: Tyranitar\n|turn|1\n|j| TuroVGC\n|\n|t:|1775890587\n|detailschange|p2a: Manectric|Manectric-Mega, L50, F\n|-mega|p2a: Manectric|Manectric|Manectite\n|-ability|p2a: Manectric|Intimidate|boost\n|-unboost|p1a: Sneasler|atk|1\n|-unboost|p1b: Tyranitar|atk|1\n|-enditem|p1a: Sneasler|White Herb\n|-clearnegativeboost|p1a: Sneasler|[silent]\n|move|p1a: Sneasler|Protect|p1a: Sneasler\n|-singleturn|p1a: Sneasler|Protect\n|move|p2a: Manectric|Protect|p2a: Manectric\n|-singleturn|p2a: Manectric|Protect\n|move|p2b: Archaludon|Protect|p2b: Archaludon\n|-singleturn|p2b: Archaludon|Protect\n|move|p1b: Tyranitar|Protect||[still]\n|-fail|p1b: Tyranitar\n|\n|-weather|Sandstorm|[upkeep]\n|-damage|p1a: Sneasler|95/100|[from] Sandstorm\n|-damage|p2a: Manectric|94/100|[from] Sandstorm\n|upkeep\n|turn|2\n|c|\u2606ester98|great turn\n|j| tastyfloop\n|\n|t:|1775890607\n|switch|p2b: Sinistcha|Sinistcha, L50|100/100\n|-heal|p2a: Manectric|100/100|[from] ability: Hospitality|[of] p2b: Sinistcha\n|switch|p1b: Garchomp|Garchomp, L50, M|100/100\n|move|p1a: Sneasler|Close Combat|p2b: Sinistcha\n|-immune|p2b: Sinistcha\n|move|p2a: Manectric|Volt Switch|p1a: Sneasler\n|-damage|p1a: Sneasler|50/100\n|c| TuroVGC|top 1 of reg M-A here, gl hf guys\n|\n|t:|1775890621\n|switch|p2a: Archaludon|Archaludon, L50, M|100/100|[from] Volt Switch\n|\n|-weather|Sandstorm|[upkeep]\n|-damage|p1a: Sneasler|44/100|[from] Sandstorm\n|-damage|p2b: Sinistcha|94/100|[from] Sandstorm\n|upkeep\n|turn|3\n|j| mynamegrassgreen\n|l| kritath\n|j| StoriedGiant4\n|c|\u2606ester98|youre actually top 2\n|c|\u2606ester98|:/\n|j| kritath\n|c| pseudoSavant|oof\n|c| Bman311|damn\n|\n|t:|1775890655\n|switch|p1a: Corviknight|Corviknight, L50, F|100/100\n|move|p2b: Sinistcha|Rage Powder|p2b: Sinistcha\n|-singleturn|p2b: Sinistcha|move: Rage Powder\n|move|p1b: Garchomp|Earthquake|p2b: Sinistcha|[spread] p2a,p2b\n|-immune|p1a: Corviknight\n|-supereffective|p2a: Archaludon|1\n|-crit|p2a: Archaludon\n|-resisted|p2b: Sinistcha|1\n|-damage|p2a: Archaludon|18/100\n|-damage|p2b: Sinistcha|77/100\n|-ability|p2a: Archaludon|Stamina|boost\n|-boost|p2a: Archaludon|def|1\n|move|p2a: Archaludon|Dragon Pulse|p1b: Garchomp|[miss]\n|-miss|p2a: Archaludon|p1b: Garchomp\n|\n|-weather|Sandstorm|[upkeep]\n|-damage|p2b: Sinistcha|71/100|[from] Sandstorm\n|-heal|p2a: Archaludon|24/100|[from] item: Leftovers\n|upkeep\n|turn|4\n|l| LelBoii\n|\n|t:|1775890671\n|switch|p2b: Manectric|Manectric-Mega, L50, F|100/100\n|-ability|p2b: Manectric|Intimidate|boost\n|-ability|p1a: Corviknight|Mirror Armor\n|-unboost|p2b: Manectric|atk|1\n|-unboost|p1b: Garchomp|atk|1\n|move|p2a: Archaludon|Protect|p2a: Archaludon\n|-singleturn|p2a: Archaludon|Protect\n|move|p1b: Garchomp|Earthquake|p2a: Archaludon|[spread] p2b\n|-activate|p2a: Archaludon|move: Protect\n|-immune|p1a: Corviknight\n|-supereffective|p2b: Manectric|1\n|-damage|p2b: Manectric|42/100\n|move|p1a: Corviknight|Brave Bird|p2b: Manectric\n|-resisted|p2b: Manectric|1\n|-damage|p2b: Manectric|20/100\n|-damage|p1a: Corviknight|94/100|[from] Recoil\n|\n|-weather|Sandstorm|[upkeep]\n|-damage|p2b: Manectric|14/100|[from] Sandstorm\n|-heal|p2a: Archaludon|31/100|[from] item: Leftovers\n|-heal|p1a: Corviknight|99/100|[from] item: Leftovers\n|upkeep\n|turn|5\n|c|\u2606ester98|ty chomp youre so swag\n|\n|t:|1775890693\n|switch|p2b: Sinistcha|Sinistcha, L50|71/100\n|-heal|p2a: Archaludon|56/100|[from] ability: Hospitality|[of] p2b: Sinistcha\n|move|p1b: Garchomp|Earthquake|p2b: Sinistcha|[spread] p2a,p2b\n|-immune|p1a: Corviknight\n|-supereffective|p2a: Archaludon|1\n|-resisted|p2b: Sinistcha|1\n|-crit|p2b: Sinistcha\n|-damage|p2a: Archaludon|30/100\n|-damage|p2b: Sinistcha|44/100\n|-ability|p2a: Archaludon|Stamina|boost\n|-boost|p2a: Archaludon|def|1\n|move|p2a: Archaludon|Dragon Pulse|p1b: Garchomp\n|-supereffective|p1b: Garchomp|1\n|-damage|p1b: Garchomp|22/100\n|move|p1a: Corviknight|Brave Bird|p2a: Archaludon\n|-resisted|p2a: Archaludon|1\n|-damage|p2a: Archaludon|22/100\n|-ability|p2a: Archaludon|Stamina|boost\n|-boost|p2a: Archaludon|def|1\n|-damage|p1a: Corviknight|98/100|[from] Recoil\n|\n|-weather|none\n|-heal|p2a: Archaludon|28/100|[from] item: Leftovers\n|-heal|p1a: Corviknight|100/100|[from] item: Leftovers\n|upkeep\n|turn|6\n|\n|t:|1775890712\n|switch|p2b: Politoed|Politoed, L50, F|100/100\n|-weather|RainDance|[from] ability: Drizzle|[of] p2b: Politoed\n|move|p2a: Archaludon|Protect|p2a: Archaludon\n|-singleturn|p2a: Archaludon|Protect\n|move|p1b: Garchomp|Earthquake|p2b: Politoed|[spread] p2b\n|-activate|p2a: Archaludon|move: Protect\n|-immune|p1a: Corviknight\n|-crit|p2b: Politoed\n|-damage|p2b: Politoed|44/100\n|-enditem|p2b: Politoed|Sitrus Berry|[eat]\n|-heal|p2b: Politoed|69/100|[from] item: Sitrus Berry\n|move|p1a: Corviknight|Brave Bird|p2b: Politoed\n|-crit|p2b: Politoed\n|-damage|p2b: Politoed|21/100\n|-damage|p1a: Corviknight|86/100|[from] Recoil\n|\n|-weather|RainDance|[upkeep]\n|-heal|p2a: Archaludon|34/100|[from] item: Leftovers\n|-heal|p1a: Corviknight|92/100|[from] item: Leftovers\n|upkeep\n|turn|7\n|\n|t:|1775890730\n|switch|p2b: Sinistcha|Sinistcha, L50|44/100\n|-heal|p2a: Archaludon|59/100|[from] ability: Hospitality|[of] p2b: Sinistcha\n|move|p1b: Garchomp|Earthquake|p2b: Sinistcha|[spread] p2a,p2b\n|-immune|p1a: Corviknight\n|-supereffective|p2a: Archaludon|1\n|-crit|p2a: Archaludon\n|-resisted|p2b: Sinistcha|1\n|-damage|p2a: Archaludon|0 fnt\n|-damage|p2b: Sinistcha|33/100\n|faint|p2a: Archaludon\n|move|p1a: Corviknight|Brave Bird|p2b: Sinistcha\n|-supereffective|p2b: Sinistcha|1\n|-damage|p2b: Sinistcha|0 fnt\n|faint|p2b: Sinistcha\n|-damage|p1a: Corviknight|82/100|[from] Recoil\n|\n|-weather|RainDance|[upkeep]\n|-heal|p1a: Corviknight|88/100|[from] item: Leftovers\n|upkeep\n|c| Bman311|holy crits\n|j| LelBoii\n|c| pseudoSavant|pog\n|\n|t:|1775890738\n|switch|p2a: Manectric|Manectric-Mega, L50, F|14/100\n|switch|p2b: Politoed|Politoed, L50, F|21/100\n|-ability|p2a: Manectric|Intimidate|boost\n|-ability|p1a: Corviknight|Mirror Armor\n|-unboost|p2a: Manectric|atk|1\n|-unboost|p1b: Garchomp|atk|1\n|turn|8\n|c|\u2606ester98|sob\n|c|\u2606ester98|sorry\n|j| TheParasectKing\n|j| washedpower\n|\n|t:|1775890755\n|switch|p1b: Tyranitar|Tyranitar, L50, F|100/100\n|-weather|Sandstorm|[from] ability: Sand Stream|[of] p1b: Tyranitar\n|move|p2a: Manectric|Thunder|p1a: Corviknight\n|-supereffective|p1a: Corviknight|1\n|-damage|p1a: Corviknight|5/100\n|move|p2b: Politoed|Ice Beam|p1b: Tyranitar\n|-damage|p1b: Tyranitar|88/100\n|move|p1a: Corviknight|Brave Bird|p2b: Politoed\n|-damage|p2b: Politoed|0 fnt\n|faint|p2b: Politoed\n|-damage|p1a: Corviknight|0 fnt|[from] Recoil\n|faint|p1a: Corviknight\n|\n|-weather|Sandstorm|[upkeep]\n|-damage|p2a: Manectric|8/100|[from] Sandstorm\n|upkeep\n|c| kritath|Nahhh\n|j| venson04\n|\n|t:|1775890766\n|switch|p1a: Garchomp|Garchomp, L50, M|22/100\n|turn|9\n|-message|TTT x forfeited.\n|\n|win|ester98\n|n|\u2606ester98|ester98\n|n|\u2606TTT x|tttx\n|n| hariyama lover|hariyamalover\n|n| WolborgVGC|wolborgvgc\n|n| Cmach|cmach\n|n| pseudoSavant|pseudosavant\n|n| JustAnAlpaca<3|justanalpaca3\n|n| Bman311|bman311\n|n| 7as6d|7as6d\n|n| TuroVGC|turovgc\n|n| tastyfloop|tastyfloop\n|n| mynamegrassgreen|mynamegrassgreen\n|n| StoriedGiant4|storiedgiant4\n|n| kritath|kritath\n|n| LelBoii|lelboii\n|n| TheParasectKing|theparasectking\n|n| washedpower|washedpower\n|n| venson04|venson04\n|l|\u2606TTT x\n|player|p2|\n|c|\u2606ester98|gg\n",
  "uploadtime": 1775890771,
  "views": 60,
  "formatid": "gen9championsvgc2026regma",
  "rating": null,
  "private": 0,
  "password": null
}