{
  "id": "gen9championsvgc2026regma-2586193609",
  "format": "[Gen 9 Champions] VGC 2026 Reg M-A",
  "players": [
    "Andy6005",
    "AAAlelele"
  ],
  "log": "|j|\u2606Andy6005\n|j|\u2606AAAlelele\n|t:|1776410800\n|gametype|doubles\n|player|p1|Andy6005|policeman-gen4|1199\n|player|p2|AAAlelele|ninjaboy|1152\n|gen|9\n|tier|[Gen 9 Champions] VGC 2026 Reg M-A\n|rated|\n|rule|Species Clause: Limit one of each Pok\u00e9mon\n|rule|Item Clause: Limit 1 of each item\n|clearpoke\n|poke|p1|Vivillon, L50, M|\n|poke|p1|Gengar, L50, M|\n|poke|p1|Whimsicott, L50, F|\n|poke|p1|Sneasler, L50, M|\n|poke|p1|Garchomp, L50, M|\n|poke|p1|Incineroar, L50, F|\n|poke|p2|Floette-Eternal, L50, F|\n|poke|p2|Sneasler, L50, F|\n|poke|p2|Kingambit, L50, F|\n|poke|p2|Farigiraf, L50, F|\n|poke|p2|Camerupt, L50, M|\n|poke|p2|Rotom-Heat, L50|\n|teampreview|4\n|\n|t:|1776410852\n|teamsize|p1|4\n|teamsize|p2|4\n|start\n|switch|p1a: Vivillon|Vivillon, L50, M|100/100\n|switch|p1b: Sneasler|Sneasler, L50, M|100/100\n|switch|p2a: Sneasler|Sneasler, L50, F|100/100\n|switch|p2b: Farigiraf|Farigiraf, L50, F|100/100\n|turn|1\n|\n|t:|1776410870\n|move|p2a: Sneasler|Fake Out|p1a: Vivillon\n|-damage|p1a: Vivillon|74/100\n|move|p1b: Sneasler|U-turn|p2a: Sneasler\n|-resisted|p2a: Sneasler|2\n|-damage|p2a: Sneasler|90/100\n|\n|t:|1776410872\n|switch|p1b: Garchomp|Garchomp, L50, M|100/100|[from] U-turn\n|cant|p1a: Vivillon|flinch\n|move|p2b: Farigiraf|Trick Room|p2b: Farigiraf\n|-fieldstart|move: Trick Room|[of] p2b: Farigiraf\n|\n|upkeep\n|turn|2\n|\n|t:|1776410905\n|move|p2b: Farigiraf|Hyper Voice|p1b: Garchomp|[spread] p1a,p1b\n|-damage|p1a: Vivillon|6/100\n|-damage|p1b: Garchomp|62/100\n|move|p1a: Vivillon|Sleep Powder|p2b: Farigiraf\n|-status|p2b: Farigiraf|slp|[from] move: Sleep Powder\n|move|p1b: Garchomp|Earthquake|p2a: Sneasler|[spread] p2a,p2b\n|-immune|p1a: Vivillon\n|-supereffective|p2a: Sneasler|1\n|-damage|p2a: Sneasler|0 fnt\n|-damage|p2b: Farigiraf|51/100 slp\n|faint|p2a: Sneasler\n|\n|upkeep\n|\n|t:|1776410917\n|switch|p2a: Camerupt|Camerupt, L50, M|100/100\n|turn|3\n|inactive|Battle timer is ON: inactive players will automatically lose when time's up. (requested by AAAlelele)\n|\n|t:|1776410984\n|detailschange|p2a: Camerupt|Camerupt-Mega, L50, M\n|-mega|p2a: Camerupt|Camerupt|Cameruptite\n|cant|p2b: Farigiraf|slp\n|move|p1a: Vivillon|Protect|p1a: Vivillon\n|-singleturn|p1a: Vivillon|Protect\n|move|p2a: Camerupt|Eruption|p1a: Vivillon|[spread] p1b\n|-activate|p1a: Vivillon|move: Protect\n|-resisted|p1b: Garchomp|1\n|-damage|p1b: Garchomp|25/100\n|move|p1b: Garchomp|Earthquake|p2b: Farigiraf|[spread] p2a,p2b\n|-activate|p1a: Vivillon|move: Protect\n|-supereffective|p2a: Camerupt|1\n|-damage|p2a: Camerupt|18/100\n|-damage|p2b: Farigiraf|4/100 slp\n|\n|upkeep\n|turn|4\n|\n|t:|1776411003\n|move|p2a: Camerupt|Heat Wave|p1b: Garchomp|[spread] p1a,p1b\n|-supereffective|p1a: Vivillon|1\n|-resisted|p1b: Garchomp|1\n|-damage|p1a: Vivillon|0 fnt\n|-damage|p1b: Garchomp|0 fnt\n|faint|p1a: Vivillon\n|faint|p1b: Garchomp\n|cant|p2b: Farigiraf|slp\n|\n|upkeep\n|\n|t:|1776411007\n|switch|p1a: Gengar|Gengar, L50, M|100/100\n|switch|p1b: Sneasler|Sneasler, L50, M|100/100\n|turn|5\n|\n|t:|1776411021\n|move|p1a: Gengar|Protect|p1a: Gengar\n|-singleturn|p1a: Gengar|Protect\n|move|p2a: Camerupt|Heat Wave|p1a: Gengar|[spread] p1b\n|-activate|p1a: Gengar|move: Protect\n|-damage|p1b: Sneasler|26/100\n|-curestatus|p2b: Farigiraf|slp|[msg]\n|move|p2b: Farigiraf|Psychic|p1b: Sneasler\n|-supereffective|p1b: Sneasler|2\n|-damage|p1b: Sneasler|0 fnt\n|faint|p1b: Sneasler\n|\n|-fieldend|move: Trick Room\n|upkeep\n|turn|6\n|\n|t:|1776411035\n|detailschange|p1a: Gengar|Gengar-Mega, L50, M\n|-mega|p1a: Gengar|Gengar|Gengarite\n|move|p1a: Gengar|Shadow Ball|p2a: Camerupt\n|-damage|p2a: Camerupt|0 fnt\n|faint|p2a: Camerupt\n|move|p2b: Farigiraf|Psychic|p1a: Gengar\n|-supereffective|p1a: Gengar|1\n|-damage|p1a: Gengar|0 fnt\n|faint|p1a: Gengar\n|\n|win|AAAlelele\n|raw|Andy6005's rating: 1199 &rarr; <strong>1171</strong><br />(-28 for losing)\n|raw|AAAlelele's rating: 1152 &rarr; <strong>1180</strong><br />(+28 for winning)\n|l|\u2606Andy6005\n|player|p1|\n",
  "uploadtime": 1776411046,
  "views": 22,
  "formatid": "gen9championsvgc2026regma",
  "rating": 1171,
  "private": 0,
  "password": null
}