{
  "id": "gen9championsvgc2026regma-2581016336",
  "format": "[Gen 9 Champions] VGC 2026 Reg M-A",
  "players": [
    "Burner Accnt",
    "Antripus"
  ],
  "log": "|j|\u2606Burner Accnt\n|j|\u2606Antripus\n|t:|1775952003\n|gametype|doubles\n|player|p1|Burner Accnt|bugcatcher-gen1|1047\n|player|p2|Antripus|2|1101\n|gen|9\n|tier|[Gen 9 Champions] VGC 2026 Reg M-A\n|rated|\n|rule|Species Clause: Limit one of each Pok\u00e9mon\n|rule|Item Clause: Limit 1 of each item\n|clearpoke\n|poke|p1|Gengar, L50, F|\n|poke|p1|Incineroar, L50, M|\n|poke|p1|Sinistcha, L50|\n|poke|p1|Tyranitar, L50, M|\n|poke|p1|Excadrill, L50, F|\n|poke|p1|Whimsicott, L50, M|\n|poke|p2|Dragapult, L50, M|\n|poke|p2|Dragonite, L50, F|\n|poke|p2|Goodra-Hisui, L50, M|\n|poke|p2|Arcanine, L50, M|\n|poke|p2|Sneasler, L50, M|\n|poke|p2|Sinistcha, L50|\n|teampreview|4\n|inactive|Battle timer is ON: inactive players will automatically lose when time's up. (requested by Burner Accnt)\n|inactive|Antripus has 60 seconds left.\n|\n|t:|1775952044\n|teamsize|p1|4\n|teamsize|p2|4\n|start\n|switch|p1a: Gengar|Gengar, L50, F|100/100\n|switch|p1b: Whimsicott|Whimsicott, L50, M|100/100\n|switch|p2a: Sneasler|Sneasler, L50, M|100/100\n|switch|p2b: Dragonite|Dragonite, L50, F|100/100\n|turn|1\n|\n|t:|1775952071\n|detailschange|p2b: Dragonite|Dragonite-Mega, L50, F\n|-mega|p2b: Dragonite|Dragonite|Dragoninite\n|move|p1b: Whimsicott|Protect|p1b: Whimsicott\n|-singleturn|p1b: Whimsicott|Protect\n|move|p1a: Gengar|Protect|p1a: Gengar\n|-singleturn|p1a: Gengar|Protect\n|move|p2a: Sneasler|Throat Chop|p1a: Gengar\n|-activate|p1a: Gengar|move: Protect\n|move|p2b: Dragonite|Ice Beam|p1b: Whimsicott\n|-activate|p1b: Whimsicott|move: Protect\n|\n|upkeep\n|turn|2\n|inactive|Burner Accnt has 30 seconds left.\n|inactive|Antripus has 30 seconds left.\n|inactive|Antripus has 20 seconds left.\n|inactive|Antripus has 15 seconds left.\n|inactive|Burner Accnt has 20 seconds left.\n|inactive|Antripus has 10 seconds left.\n|inactive|Burner Accnt has 15 seconds left.\n|\n|t:|1775952122\n|switch|p1a: Incineroar|Incineroar, L50, M|100/100\n|-ability|p1a: Incineroar|Intimidate|boost\n|-unboost|p2a: Sneasler|atk|1\n|-unboost|p2b: Dragonite|atk|1\n|move|p1b: Whimsicott|Tailwind|p1b: Whimsicott\n|-sidestart|p1: Burner Accnt|move: Tailwind\n|move|p2a: Sneasler|Throat Chop|p1a: Incineroar\n|-resisted|p1a: Incineroar|1\n|-damage|p1a: Incineroar|91/100\n|-start|p1a: Incineroar|Throat Chop|[silent]\n|move|p2b: Dragonite|Ice Beam|p1a: Incineroar\n|-resisted|p1a: Incineroar|1\n|-damage|p1a: Incineroar|69/100\n|-status|p1a: Incineroar|frz\n|\n|-heal|p1a: Incineroar|74/100 frz|[from] item: Leftovers\n|upkeep\n|turn|3\n|inactive|Antripus has 30 seconds left.\n|inactive|Burner Accnt has 30 seconds left.\n|inactive|Antripus has 20 seconds left.\n|inactive|Antripus has 15 seconds left.\n|inactive|Antripus has 10 seconds left.\n|inactive|Antripus has 5 seconds left.\n|\n|t:|1775952178\n|-curestatus|p1a: Incineroar|frz|[msg]\n|move|p1a: Incineroar|Fake Out|p2a: Sneasler\n|-damage|p2a: Sneasler|74/100\n|move|p1b: Whimsicott|Fake Tears|p2b: Dragonite\n|-unboost|p2b: Dragonite|spd|2\n|cant|p2a: Sneasler|flinch\n|move|p2b: Dragonite|Flamethrower|p1a: Incineroar\n|-resisted|p1a: Incineroar|1\n|-damage|p1a: Incineroar|54/100\n|\n|-heal|p1a: Incineroar|60/100|[from] item: Leftovers\n|-end|p1a: Incineroar|Throat Chop|[silent]\n|upkeep\n|turn|4\n|\n|t:|1775952202\n|switch|p2a: Dragapult|Dragapult, L50, M|100/100\n|move|p1b: Whimsicott|Moonblast|p2a: Dragapult\n|-supereffective|p2a: Dragapult|1\n|-damage|p2a: Dragapult|0 fnt\n|faint|p2a: Dragapult\n|move|p1a: Incineroar|Parting Shot|p2b: Dragonite\n|-unboost|p2b: Dragonite|atk|1\n|-unboost|p2b: Dragonite|spa|1\n|\n|t:|1775952211\n|switch|p1a: Gengar|Gengar, L50, F|100/100|[from] Parting Shot\n|move|p2b: Dragonite|Flamethrower|p1b: Whimsicott\n|-supereffective|p1b: Whimsicott|1\n|-damage|p1b: Whimsicott|16/100\n|\n|upkeep\n|\n|t:|1775952219\n|switch|p2a: Sneasler|Sneasler, L50, M|74/100\n|turn|5\n|\n|t:|1775952230\n|move|p1b: Whimsicott|Protect|p1b: Whimsicott\n|-singleturn|p1b: Whimsicott|Protect\n|move|p1a: Gengar|Protect|p1a: Gengar\n|-singleturn|p1a: Gengar|Protect\n|move|p2a: Sneasler|Dire Claw|p1a: Gengar\n|-activate|p1a: Gengar|move: Protect\n|move|p2b: Dragonite|Ice Beam|p1b: Whimsicott\n|-activate|p1b: Whimsicott|move: Protect\n|\n|-sideend|p1: Burner Accnt|move: Tailwind\n|upkeep\n|turn|6\n|inactive|Burner Accnt has 30 seconds left.\n|inactive|Burner Accnt has 20 seconds left.\n|inactive|Burner Accnt has 15 seconds left.\n|inactive|Burner Accnt has 10 seconds left.\n|\n|t:|1775952279\n|switch|p1a: Incineroar|Incineroar, L50, M|60/100\n|-ability|p1a: Incineroar|Intimidate|boost\n|-unboost|p2a: Sneasler|atk|1\n|-unboost|p2b: Dragonite|atk|1\n|move|p1b: Whimsicott|Tailwind|p1b: Whimsicott\n|-sidestart|p1: Burner Accnt|move: Tailwind\n|move|p2a: Sneasler|Close Combat|p1a: Incineroar\n|-supereffective|p1a: Incineroar|1\n|-damage|p1a: Incineroar|0 fnt\n|-unboost|p2a: Sneasler|def|1\n|-unboost|p2a: Sneasler|spd|1\n|faint|p1a: Incineroar\n|move|p2b: Dragonite|Ice Beam|p1b: Whimsicott\n|-supereffective|p1b: Whimsicott|1\n|-damage|p1b: Whimsicott|0 fnt\n|faint|p1b: Whimsicott\n|\n|upkeep\n|\n|t:|1775952294\n|switch|p1b: Sinistcha|Sinistcha, L50|100/100\n|switch|p1a: Gengar|Gengar, L50, F|100/100\n|turn|7\n|\n|t:|1775952318\n|detailschange|p1a: Gengar|Gengar-Mega, L50, F\n|-mega|p1a: Gengar|Gengar|Gengarite\n|move|p1a: Gengar|Shadow Ball|p2a: Sneasler\n|-damage|p2a: Sneasler|0 fnt\n|faint|p2a: Sneasler\n|move|p1b: Sinistcha|Matcha Gotcha|p2b: Dragonite\n|-resisted|p2b: Dragonite|2\n|-crit|p2b: Dragonite\n|-damage|p2b: Dragonite|88/100\n|move|p2b: Dragonite|Ice Beam|p1a: Gengar\n|-damage|p1a: Gengar|65/100\n|\n|upkeep\n|\n|t:|1775952330\n|switch|p2a: Sinistcha|Sinistcha, L50|100/100\n|-heal|p2b: Dragonite|100/100|[from] ability: Hospitality|[of] p2a: Sinistcha\n|turn|8\n|\n|t:|1775952350\n|move|p1a: Gengar|Shadow Ball|p2a: Sinistcha\n|-supereffective|p2a: Sinistcha|1\n|-damage|p2a: Sinistcha|0 fnt\n|faint|p2a: Sinistcha\n|move|p1b: Sinistcha|Life Dew||[still]|[spread] p1a,p1b\n|-heal|p1a: Gengar|90/100\n|-fail|p1b: Sinistcha|heal\n|move|p2b: Dragonite|Ice Beam|p1b: Sinistcha\n|-supereffective|p1b: Sinistcha|1\n|-damage|p1b: Sinistcha|29/100\n|-enditem|p1b: Sinistcha|Sitrus Berry|[eat]\n|-heal|p1b: Sinistcha|54/100|[from] item: Sitrus Berry\n|\n|upkeep\n|turn|9\n|\n|t:|1775952368\n|move|p1a: Gengar|Sludge Bomb|p2b: Dragonite\n|-damage|p2b: Dragonite|49/100\n|move|p1b: Sinistcha|Life Dew|p1b: Sinistcha|[spread] p1a,p1b\n|-heal|p1a: Gengar|100/100\n|-heal|p1b: Sinistcha|79/100\n|move|p2b: Dragonite|Ice Beam|p1b: Sinistcha\n|-supereffective|p1b: Sinistcha|1\n|-damage|p1b: Sinistcha|3/100\n|\n|-sideend|p1: Burner Accnt|move: Tailwind\n|upkeep\n|turn|10\n|-message|Antripus forfeited.\n|\n|win|Burner Accnt\n|raw|Burner Accnt's rating: 1047 &rarr; <strong>1085</strong><br />(+38 for winning)\n|raw|Antripus's rating: 1101 &rarr; <strong>1072</strong><br />(-29 for losing)\n|l|\u2606Antripus\n|player|p2|\n",
  "uploadtime": 1775952387,
  "views": 33,
  "formatid": "gen9championsvgc2026regma",
  "rating": 1072,
  "private": 0,
  "password": null
}