{
  "id": "gen9championsvgc2026regma-2583691385",
  "format": "[Gen 9 Champions] VGC 2026 Reg M-A",
  "players": [
    "Demonroo",
    "StrawHatIzzy"
  ],
  "log": "|j|\u2606Demonroo\n|j|\u2606StrawHatIzzy\n|t:|1776191314\n|gametype|doubles\n|player|p1|Demonroo|flannery|1184\n|player|p2|StrawHatIzzy|170|1144\n|gen|9\n|tier|[Gen 9 Champions] VGC 2026 Reg M-A\n|rated|\n|rule|Species Clause: Limit one of each Pok\u00e9mon\n|rule|Item Clause: Limit 1 of each item\n|clearpoke\n|poke|p1|Hatterene, L50, F|\n|poke|p1|Aegislash, L50, F|\n|poke|p1|Hydreigon, L50, F|\n|poke|p1|Farigiraf, L50, M|\n|poke|p1|Conkeldurr, L50, M|\n|poke|p1|Scovillain, L50, F|\n|poke|p2|Charizard, L50, F|\n|poke|p2|Kingambit, L50, F|\n|poke|p2|Ninetales-Alola, L50, F|\n|poke|p2|Basculegion, L50, M|\n|poke|p2|Sneasler, L50, F|\n|poke|p2|Sinistcha, L50|\n|teampreview|4\n|\n|t:|1776191366\n|teamsize|p1|4\n|teamsize|p2|4\n|start\n|switch|p1a: Farigiraf|Farigiraf, L50, M|100/100\n|switch|p1b: Conkeldurr|Conkeldurr, L50, M|100/100\n|switch|p2a: Kingambit|Kingambit, L50, F|100/100\n|switch|p2b: Sinistcha|Sinistcha, L50|100/100\n|turn|1\n|inactive|Battle timer is ON: inactive players will automatically lose when time's up. (requested by StrawHatIzzy)\n|\n|t:|1776191391\n|move|p2b: Sinistcha|Rage Powder|p2b: Sinistcha\n|-singleturn|p2b: Sinistcha|move: Rage Powder\n|move|p2a: Kingambit|Swords Dance|p2a: Kingambit\n|-boost|p2a: Kingambit|atk|2\n|move|p1b: Conkeldurr|Thunder Punch|p2b: Sinistcha\n|-resisted|p2b: Sinistcha|1\n|-crit|p2b: Sinistcha\n|-damage|p2b: Sinistcha|80/100\n|-status|p2b: Sinistcha|par\n|move|p1a: Farigiraf|Trick Room|p1a: Farigiraf\n|-fieldstart|move: Trick Room|[of] p1a: Farigiraf\n|\n|upkeep\n|turn|2\n|inactive|Demonroo has 30 seconds left.\n|\n|t:|1776191423\n|switch|p1a: Aegislash|Aegislash, L50, F|100/100\n|move|p2b: Sinistcha|Rage Powder|p2b: Sinistcha\n|-singleturn|p2b: Sinistcha|move: Rage Powder\n|move|p1b: Conkeldurr|Drain Punch|p2b: Sinistcha\n|-immune|p2b: Sinistcha\n|move|p2a: Kingambit|Iron Head|p1a: Aegislash\n|-resisted|p1a: Aegislash|1\n|-damage|p1a: Aegislash|60/100\n|\n|-heal|p1a: Aegislash|66/100|[from] item: Leftovers\n|upkeep\n|turn|3\n|inactive|StrawHatIzzy has 30 seconds left.\n|\n|t:|1776191448\n|move|p2a: Kingambit|Protect|p2a: Kingambit\n|-singleturn|p2a: Kingambit|Protect\n|move|p2b: Sinistcha|Matcha Gotcha|p1b: Conkeldurr|[spread] p1a,p1b\n|-resisted|p1a: Aegislash|1\n|-crit|p1b: Conkeldurr\n|-damage|p1a: Aegislash|57/100\n|-heal|p2b: Sinistcha|85/100 par|[from] drain|[of] p1a: Aegislash\n|-damage|p1b: Conkeldurr|59/100\n|-heal|p2b: Sinistcha|100/100 par|[from] drain|[of] p1b: Conkeldurr\n|move|p1b: Conkeldurr|Drain Punch|p2a: Kingambit\n|-activate|p2a: Kingambit|move: Protect\n|-formechange|p1a: Aegislash|Aegislash-Blade|\n|move|p1a: Aegislash|Poltergeist|p2b: Sinistcha\n|-activate|p2b: Sinistcha|move: Poltergeist|Sitrus Berry\n|-supereffective|p2b: Sinistcha|1\n|-damage|p2b: Sinistcha|0 fnt\n|faint|p2b: Sinistcha\n|\n|-heal|p1a: Aegislash|63/100|[from] item: Leftovers\n|upkeep\n|\n|t:|1776191465\n|switch|p2b: Charizard|Charizard, L50, F|100/100\n|turn|4\n|\n|t:|1776191488\n|detailschange|p2b: Charizard|Charizard-Mega-X, L50, F\n|-mega|p2b: Charizard|Charizard|Charizardite X\n|move|p2a: Kingambit|Sucker Punch|p1b: Conkeldurr\n|-resisted|p1b: Conkeldurr|1\n|-damage|p1b: Conkeldurr|19/100\n|move|p1b: Conkeldurr|Drain Punch|p2a: Kingambit\n|-supereffective|p2a: Kingambit|2\n|-damage|p2a: Kingambit|0 fnt\n|-heal|p1b: Conkeldurr|68/100|[from] drain|[of] p2a: Kingambit\n|faint|p2a: Kingambit\n|move|p1a: Aegislash|Poltergeist|p2b: Charizard\n|-activate|p2b: Charizard|move: Poltergeist|Charizardite X\n|-damage|p2b: Charizard|25/100\n|move|p2b: Charizard|Flare Blitz|p1a: Aegislash\n|-supereffective|p1a: Aegislash|1\n|-damage|p1a: Aegislash|0 fnt\n|faint|p1a: Aegislash\n|-damage|p2b: Charizard|3/100|[from] Recoil\n|\n|upkeep\n|\n|t:|1776191508\n|switch|p2a: Ninetales|Ninetales-Alola, L50, F|100/100\n|switch|p1a: Scovillain|Scovillain, L50, F|100/100\n|-weather|Snowscape|[from] ability: Snow Warning|[of] p2a: Ninetales\n|turn|5\n|\n|t:|1776191517\n|detailschange|p1a: Scovillain|Scovillain-Mega, L50, F\n|-mega|p1a: Scovillain|Scovillain|Scovillainite\n|move|p2b: Charizard|Protect|p2b: Charizard\n|-singleturn|p2b: Charizard|Protect\n|move|p2a: Ninetales|Protect|p2a: Ninetales\n|-singleturn|p2a: Ninetales|Protect\n|move|p1a: Scovillain|Rage Powder|p1a: Scovillain\n|-singleturn|p1a: Scovillain|move: Rage Powder\n|move|p1b: Conkeldurr|Earthquake|p2b: Charizard|[spread] p1a\n|-activate|p2a: Ninetales|move: Protect\n|-activate|p2b: Charizard|move: Protect\n|-damage|p1a: Scovillain|68/100\n|-status|p1b: Conkeldurr|brn|[from] ability: Spicy Spray|[of] p1a: Scovillain\n|\n|-weather|Snowscape|[upkeep]\n|-damage|p1b: Conkeldurr|62/100 brn|[from] brn\n|-fieldend|move: Trick Room\n|upkeep\n|turn|6\n|inactive|Demonroo has 30 seconds left.\n|\n|t:|1776191542\n|move|p1a: Scovillain|Rage Powder|p1a: Scovillain\n|-singleturn|p1a: Scovillain|move: Rage Powder\n|move|p2a: Ninetales|Blizzard|p1a: Scovillain|[spread] p1a,p1b\n|-damage|p1a: Scovillain|38/100\n|-damage|p1b: Conkeldurr|23/100 brn\n|-status|p1a: Scovillain|frz\n|-status|p2a: Ninetales|brn|[from] ability: Spicy Spray|[of] p1a: Scovillain\n|move|p2b: Charizard|Rock Slide|p1a: Scovillain|[spread] p1a,p1b\n|-supereffective|p1a: Scovillain|1\n|-resisted|p1b: Conkeldurr|1\n|-crit|p1b: Conkeldurr\n|-damage|p1a: Scovillain|0 fnt\n|-damage|p1b: Conkeldurr|9/100 brn\n|-immune|p2b: Charizard\n|faint|p1a: Scovillain\n|move|p1b: Conkeldurr|Earthquake|p2a: Ninetales|[spread] p2a,p2b\n|-supereffective|p2b: Charizard|1\n|-damage|p2a: Ninetales|52/100 brn\n|-damage|p2b: Charizard|0 fnt\n|faint|p2b: Charizard\n|\n|-weather|Snowscape|[upkeep]\n|-damage|p2a: Ninetales|46/100 brn|[from] brn\n|-damage|p1b: Conkeldurr|3/100 brn|[from] brn\n|upkeep\n|\n|t:|1776191564\n|switch|p1a: Farigiraf|Farigiraf, L50, M|100/100\n|turn|7\n|\n|t:|1776191577\n|move|p2a: Ninetales|Blizzard|p1b: Conkeldurr|[spread] p1a,p1b\n|-damage|p1a: Farigiraf|74/100\n|-damage|p1b: Conkeldurr|0 fnt\n|faint|p1b: Conkeldurr\n|move|p1a: Farigiraf|Twin Beam|p2a: Ninetales\n|-damage|p2a: Ninetales|21/100 brn\n|-damage|p2a: Ninetales|0 fnt\n|faint|p2a: Ninetales\n|-hitcount|p2: Ninetales|2\n|\n|win|Demonroo\n|raw|Demonroo's rating: 1184 &rarr; <strong>1206</strong><br />(+22 for winning)\n|raw|StrawHatIzzy's rating: 1144 &rarr; <strong>1122</strong><br />(-22 for losing)\n|l|\u2606StrawHatIzzy\n|player|p2|\n",
  "uploadtime": 1776191628,
  "views": 22,
  "formatid": "gen9championsvgc2026regma",
  "rating": 1122,
  "private": 0,
  "password": null
}