{
  "id": "gen9championsvgc2026regma-2588816362",
  "format": "[Gen 9 Champions] VGC 2026 Reg M-A",
  "players": [
    "tukitiko",
    "Noitila"
  ],
  "log": "|j|\u2606tukitiko\n|j|\u2606Noitila\n|t:|1776674388\n|gametype|doubles\n|player|p1|tukitiko|aquasuit|1326\n|player|p2|Noitila|102|1357\n|gen|9\n|tier|[Gen 9 Champions] VGC 2026 Reg M-A\n|rated|\n|rule|Species Clause: Limit one of each Pok\u00e9mon\n|rule|Item Clause: Limit 1 of each item\n|clearpoke\n|poke|p1|Kingambit, L50, M, shiny|\n|poke|p1|Crabominable, L50, M|\n|poke|p1|Slowking-Galar, L50, M|\n|poke|p1|Primarina, L50, M|\n|poke|p1|Sinistcha-Masterpiece, L50|\n|poke|p1|Incineroar, L50, M|\n|poke|p2|Crabominable, L50, F|\n|poke|p2|Slowking, L50, M|\n|poke|p2|Primarina, L50, F, shiny|\n|poke|p2|Kingambit, L50, M|\n|poke|p2|Incineroar, L50, M|\n|poke|p2|Sinistcha-Masterpiece, L50|\n|teampreview|4\n|c|\u2606Noitila|Negger wtf\n|c|\u2606tukitiko|Yo bro cool team\ntukitiko rejected open team sheets.\n|inactive|Battle timer is ON: inactive players will automatically lose when time's up. (requested by Noitila)\n|\n|t:|1776674467\n|teamsize|p1|4\n|teamsize|p2|4\n|start\n|switch|p1a: Poltcharo|Sinistcha-Masterpiece, L50|100/100\n|switch|p1b: Crabbo|Crabominable, L50, M|100/100\n|switch|p2a: Kingambit|Kingambit, L50, M|100/100\n|switch|p2b: Incineroar|Incineroar, L50, M|100/100\n|-ability|p2b: Incineroar|Intimidate|boost\n|-unboost|p1a: Poltcharo|atk|1\n|-fail|p1b: Crabbo|unboost|Attack|[from] ability: Hyper Cutter|[of] p1b: Crabbo\n|turn|1\n|\n|t:|1776674484\n|move|p1a: Poltcharo|Protect|p1a: Poltcharo\n|-singleturn|p1a: Poltcharo|Protect\n|move|p1b: Crabbo|Protect|p1b: Crabbo\n|-singleturn|p1b: Crabbo|Protect\n|move|p2b: Incineroar|Flare Blitz|p1a: Poltcharo\n|-activate|p1a: Poltcharo|move: Protect\n|move|p2a: Kingambit|Kowtow Cleave|p1a: Poltcharo\n|-activate|p1a: Poltcharo|move: Protect\n|\n|upkeep\n|turn|2\n|\n|t:|1776674498\n|switch|p1a: Jhon VGC|Incineroar, L50, M|100/100\n|-ability|p1a: Jhon VGC|Intimidate|boost\n|-unboost|p2a: Kingambit|atk|1\n|-ability|p2a: Kingambit|Defiant|boost\n|-boost|p2a: Kingambit|atk|2\n|-unboost|p2b: Incineroar|atk|1\n|detailschange|p1b: Crabbo|Crabominable-Mega, L50, M\n|-mega|p1b: Crabbo|Crabominable|Crabominite\n|move|p2b: Incineroar|Flare Blitz|p1b: Crabbo\n|-supereffective|p1b: Crabbo|1\n|-damage|p1b: Crabbo|56/100\n|-damage|p2b: Incineroar|85/100|[from] Recoil\n|move|p2a: Kingambit|Iron Head|p1b: Crabbo\n|-supereffective|p1b: Crabbo|1\n|-damage|p1b: Crabbo|0 fnt\n|faint|p1b: Crabbo\n|\n|upkeep\n|\n|t:|1776674508\n|switch|p1b: Poppy|Primarina, L50, M|100/100\n|turn|3\n|inactive|Noitila has 30 seconds left.\n|\n|t:|1776674541\n|switch|p2b: Sinistcha|Sinistcha-Masterpiece, L50|100/100\n|move|p2a: Kingambit|Protect|p2a: Kingambit\n|-singleturn|p2a: Kingambit|Protect\n|move|p1a: Jhon VGC|Will-O-Wisp|p2a: Kingambit\n|-activate|p2a: Kingambit|move: Protect\n|move|p1b: Poppy|Calm Mind|p1b: Poppy\n|-boost|p1b: Poppy|spa|1\n|-boost|p1b: Poppy|spd|1\n|\n|upkeep\n|turn|4\n|\n|t:|1776674566\n|move|p1b: Poppy|Protect|p1b: Poppy\n|-singleturn|p1b: Poppy|Protect\n|move|p2b: Sinistcha|Rage Powder|p2b: Sinistcha\n|-singleturn|p2b: Sinistcha|move: Rage Powder\n|move|p1a: Jhon VGC|Parting Shot|p2b: Sinistcha\n|-unboost|p2b: Sinistcha|atk|1\n|-unboost|p2b: Sinistcha|spa|1\n|\n|t:|1776674571\n|switch|p1a: Poltcharo|Sinistcha-Masterpiece, L50|100/100|[from] Parting Shot\n|move|p2a: Kingambit|Iron Head|p1b: Poppy\n|-activate|p1b: Poppy|move: Protect\n|\n|upkeep\n|turn|5\n|\n|t:|1776674594\n|move|p1a: Poltcharo|Protect|p1a: Poltcharo\n|-singleturn|p1a: Poltcharo|Protect\n|move|p1b: Poppy|Moonblast|p2a: Kingambit\n|-damage|p2a: Kingambit|29/100\n|move|p2a: Kingambit|Kowtow Cleave|p1a: Poltcharo\n|-activate|p1a: Poltcharo|move: Protect\n|move|p2b: Sinistcha|Trick Room|p2b: Sinistcha\n|-fieldstart|move: Trick Room|[of] p2b: Sinistcha\n|\n|upkeep\n|turn|6\n|\n|t:|1776674610\n|move|p2a: Kingambit|Protect|p2a: Kingambit\n|-singleturn|p2a: Kingambit|Protect\n|move|p1a: Poltcharo|Rage Powder|p1a: Poltcharo\n|-singleturn|p1a: Poltcharo|move: Rage Powder\n|move|p1b: Poppy|Hyper Voice|p2b: Sinistcha|[spread] p2b\n|-activate|p2a: Kingambit|move: Protect\n|-resisted|p2b: Sinistcha|1\n|-damage|p2b: Sinistcha|74/100\n|move|p2b: Sinistcha|Matcha Gotcha|p1a: Poltcharo|[spread] p1a,p1b\n|-resisted|p1a: Poltcharo|1\n|-supereffective|p1b: Poppy|1\n|-crit|p1b: Poppy\n|-damage|p1a: Poltcharo|94/100\n|-heal|p2b: Sinistcha|78/100|[from] drain|[of] p1a: Poltcharo\n|-damage|p1b: Poppy|37/100\n|-heal|p2b: Sinistcha|100/100|[from] drain|[of] p1b: Poppy\n|\n|-heal|p1b: Poppy|43/100|[from] item: Leftovers\n|upkeep\n|turn|7\n|\n|t:|1776674632\n|move|p1a: Poltcharo|Rage Powder|p1a: Poltcharo\n|-singleturn|p1a: Poltcharo|move: Rage Powder\n|move|p2a: Kingambit|Kowtow Cleave|p1a: Poltcharo\n|-supereffective|p1a: Poltcharo|1\n|-damage|p1a: Poltcharo|0 fnt\n|faint|p1a: Poltcharo\n|move|p1b: Poppy|Hyper Voice|p2a: Kingambit|[spread] p2a,p2b\n|-resisted|p2b: Sinistcha|1\n|-damage|p2a: Kingambit|0 fnt\n|-damage|p2b: Sinistcha|72/100\n|faint|p2a: Kingambit\n|move|p2b: Sinistcha|Matcha Gotcha|p1b: Poppy\n|-supereffective|p1b: Poppy|1\n|-damage|p1b: Poppy|19/100\n|-heal|p2b: Sinistcha|84/100|[from] drain|[of] p1b: Poppy\n|\n|-heal|p1b: Poppy|25/100|[from] item: Leftovers\n|upkeep\n|inactive|Noitila has 30 seconds left.\n|\n|t:|1776674663\n|switch|p2a: Crabominable|Crabominable, L50, F|100/100\n|switch|p1a: Jhon VGC|Incineroar, L50, M|100/100\n|-ability|p1a: Jhon VGC|Intimidate|boost\n|-fail|p2a: Crabominable|unboost|Attack|[from] ability: Hyper Cutter|[of] p2a: Crabominable\n|-unboost|p2b: Sinistcha|atk|1\n|turn|8\n|\n|t:|1776674671\n|move|p2a: Crabominable|Protect|p2a: Crabominable\n|-singleturn|p2a: Crabominable|Protect\n|move|p2b: Sinistcha|Protect|p2b: Sinistcha\n|-singleturn|p2b: Sinistcha|Protect\n|move|p1a: Jhon VGC|Fake Out|p2a: Crabominable\n|-activate|p2a: Crabominable|move: Protect\n|move|p1b: Poppy|Moonblast|p2b: Sinistcha\n|-activate|p2b: Sinistcha|move: Protect\n|\n|-heal|p1b: Poppy|31/100|[from] item: Leftovers\n|upkeep\n|turn|9\n|inactive|Noitila has 30 seconds left.\n|inactive|Noitila has 20 seconds left.\n|\n|t:|1776674707\n|switch|p2b: Incineroar|Incineroar, L50, M|85/100\n|-ability|p2b: Incineroar|Intimidate|boost\n|-unboost|p1a: Jhon VGC|atk|1\n|-unboost|p1b: Poppy|atk|1\n|detailschange|p2a: Crabominable|Crabominable-Mega, L50, F\n|-mega|p2a: Crabominable|Crabominable|Crabominite\n|move|p2a: Crabominable|Drain Punch|p1b: Poppy\n|-resisted|p1b: Poppy|1\n|-damage|p1b: Poppy|0 fnt\n|faint|p1b: Poppy\n|move|p1a: Jhon VGC|Throat Chop|p2b: Incineroar\n|-resisted|p2b: Incineroar|1\n|-damage|p2b: Incineroar|77/100\n|-start|p2b: Incineroar|Throat Chop|[silent]\n|\n|-fieldend|move: Trick Room\n|upkeep\n|turn|10\n|\n|t:|1776674730\n|move|p2b: Incineroar|Fake Out|p1a: Jhon VGC\n|-damage|p1a: Jhon VGC|90/100\n|cant|p1a: Jhon VGC|flinch\n|move|p2a: Crabominable|Drain Punch|p1a: Jhon VGC\n|-supereffective|p1a: Jhon VGC|1\n|-damage|p1a: Jhon VGC|0 fnt\n|faint|p1a: Jhon VGC\n|\n|win|Noitila\n|raw|tukitiko's rating: 1326 &rarr; <strong>1308</strong><br />(-18 for losing)\n|raw|Noitila's rating: 1357 &rarr; <strong>1375</strong><br />(+18 for winning)\n|c|\u2606Noitila|Gg\n|c|\u2606tukitiko|ggs\n|c|\u2606tukitiko|Good luck crabfella\n|l|\u2606tukitiko\n|player|p1|\n",
  "uploadtime": 1776674401,
  "views": 14,
  "formatid": "gen9championsvgc2026regma",
  "rating": 1308,
  "private": 0,
  "password": null
}