{
  "id": "gen9championsvgc2026regma-2586375643",
  "format": "[Gen 9 Champions] VGC 2026 Reg M-A",
  "players": [
    "fangyusuhe",
    "iwantacoolname"
  ],
  "log": "|j|\u2606fangyusuhe\n|j|\u2606iwantacoolname\n|t:|1776430008\n|gametype|doubles\n|player|p1|fangyusuhe|dawn|1461\n|player|p2|iwantacoolname|170|1376\n|gen|9\n|tier|[Gen 9 Champions] VGC 2026 Reg M-A\n|rated|\n|rule|Species Clause: Limit one of each Pok\u00e9mon\n|rule|Item Clause: Limit 1 of each item\n|clearpoke\n|poke|p1|Floette-Eternal, L50, F|\n|poke|p1|Garchomp, L50, M|\n|poke|p1|Sinistcha, L50|\n|poke|p1|Kingambit, L50, M|\n|poke|p1|Delphox, L50, F|\n|poke|p1|Aerodactyl, L50, F|\n|poke|p2|Scovillain, L50, M|\n|poke|p2|Aerodactyl, L50, F|\n|poke|p2|Sneasler, L50, F|\n|poke|p2|Sinistcha-Masterpiece, L50|\n|poke|p2|Primarina, L50, M|\n|poke|p2|Dragonite, L50, F|\n|teampreview|4\n|inactive|Battle timer is ON: inactive players will automatically lose when time's up. (requested by fangyusuhe)\n|\n|t:|1776430028\n|teamsize|p1|4\n|teamsize|p2|4\n|start\n|switch|p1a: Delphox|Delphox, L50, F|100/100\n|switch|p1b: Aerodactyl|Aerodactyl, L50, F|100/100\n|switch|p2a: Primarina|Primarina, L50, M|100/100\n|switch|p2b: Scovillain|Scovillain, L50, M|100/100\n|-ability|p1b: Aerodactyl|Unnerve\n|turn|1\n|\n|t:|1776430040\n|switch|p1a: Floette|Floette-Eternal, L50, F|100/100\n|detailschange|p2b: Scovillain|Scovillain-Mega, L50, M\n|-mega|p2b: Scovillain|Scovillain|Scovillainite\n|move|p2b: Scovillain|Rage Powder|p2b: Scovillain\n|-singleturn|p2b: Scovillain|move: Rage Powder\n|move|p1b: Aerodactyl|Rock Slide|p2b: Scovillain|[spread] p2a,p2b\n|-supereffective|p2b: Scovillain|1\n|-damage|p2a: Primarina|72/100\n|-damage|p2b: Scovillain|55/100\n|-status|p1b: Aerodactyl|brn|[from] ability: Spicy Spray|[of] p2b: Scovillain\n|cant|p2a: Primarina|flinch\n|\n|-heal|p2a: Primarina|78/100|[from] item: Leftovers\n|-damage|p1b: Aerodactyl|95/100 brn|[from] brn\n|upkeep\n|turn|2\n|\n|t:|1776430055\n|detailschange|p1a: Floette|Floette-Mega, L50, F\n|-mega|p1a: Floette|Floette|Floettite\n|-ability|p1a: Floette|Fairy Aura\n|move|p1b: Aerodactyl|Tailwind|p1b: Aerodactyl\n|-sidestart|p1: fangyusuhe|move: Tailwind\n|move|p1a: Floette|Dazzling Gleam|p2a: Primarina|[spread] p2a,p2b\n|-resisted|p2b: Scovillain|1\n|-damage|p2a: Primarina|33/100\n|-damage|p2b: Scovillain|29/100\n|-status|p1a: Floette|brn|[from] ability: Spicy Spray|[of] p2b: Scovillain\n|move|p2a: Primarina|Calm Mind|p2a: Primarina\n|-boost|p2a: Primarina|spa|1\n|-boost|p2a: Primarina|spd|1\n|move|p2b: Scovillain|Leech Seed|p1a: Floette\n|-start|p1a: Floette|move: Leech Seed\n|\n|-heal|p2a: Primarina|39/100|[from] item: Leftovers\n|-damage|p1a: Floette|88/100 brn|[from] Leech Seed|[of] p2b: Scovillain\n|-heal|p2b: Scovillain|40/100|[silent]\n|-damage|p1b: Aerodactyl|89/100 brn|[from] brn\n|-damage|p1a: Floette|82/100 brn|[from] brn\n|upkeep\n|turn|3\n|\n|t:|1776430068\n|move|p2b: Scovillain|Rage Powder|p2b: Scovillain\n|-singleturn|p2b: Scovillain|move: Rage Powder\n|move|p1b: Aerodactyl|Dual Wingbeat|p2b: Scovillain\n|-supereffective|p2b: Scovillain|1\n|-damage|p2b: Scovillain|24/100\n|-supereffective|p2b: Scovillain|1\n|-damage|p2b: Scovillain|9/100\n|-hitcount|p2b: Scovillain|2\n|move|p1a: Floette|Light of Ruin|p2b: Scovillain\n|-resisted|p2b: Scovillain|1\n|-damage|p2b: Scovillain|0 fnt\n|faint|p2b: Scovillain\n|-damage|p1a: Floette|78/100 brn|[from] Recoil\n|move|p2a: Primarina|Moonblast|p1a: Floette\n|-damage|p1a: Floette|0 fnt\n|faint|p1a: Floette\n|\n|-heal|p2a: Primarina|45/100|[from] item: Leftovers\n|-damage|p1b: Aerodactyl|83/100 brn|[from] brn\n|upkeep\n|\n|t:|1776430081\n|switch|p1a: Sinistcha|Sinistcha, L50|100/100\n|switch|p2b: Aerodactyl|Aerodactyl, L50, F|100/100\n|-ability|p2b: Aerodactyl|Unnerve\n|-heal|p1b: Aerodactyl|100/100 brn|[from] ability: Hospitality|[of] p1a: Sinistcha\n|turn|4\n|\n|t:|1776430090\n|move|p2a: Primarina|Protect|p2a: Primarina\n|-singleturn|p2a: Primarina|Protect\n|move|p1b: Aerodactyl|Rock Slide|p2a: Primarina|[spread] p2b\n|-activate|p2a: Primarina|move: Protect\n|-supereffective|p2b: Aerodactyl|1\n|-damage|p2b: Aerodactyl|59/100\n|move|p2b: Aerodactyl|Tailwind|p2b: Aerodactyl\n|-sidestart|p2: iwantacoolname|move: Tailwind\n|move|p1a: Sinistcha|Matcha Gotcha|p2b: Aerodactyl|[spread] p2b\n|-activate|p2a: Primarina|move: Protect\n|-crit|p2b: Aerodactyl\n|-damage|p2b: Aerodactyl|3/100\n|\n|-heal|p2a: Primarina|52/100|[from] item: Leftovers\n|-damage|p1b: Aerodactyl|95/100 brn|[from] brn\n|upkeep\n|turn|5\n|\n|t:|1776430112\n|move|p2b: Aerodactyl|Dual Wingbeat|p1a: Sinistcha\n|-supereffective|p1a: Sinistcha|1\n|-damage|p1a: Sinistcha|70/100\n|-supereffective|p1a: Sinistcha|1\n|-damage|p1a: Sinistcha|35/100\n|-hitcount|p1a: Sinistcha|2\n|move|p1b: Aerodactyl|Rock Slide|p2a: Primarina|[spread] p2a,p2b\n|-supereffective|p2b: Aerodactyl|1\n|-damage|p2a: Primarina|37/100\n|-damage|p2b: Aerodactyl|0 fnt\n|-enditem|p1a: Sinistcha|Sitrus Berry|[eat]\n|-heal|p1a: Sinistcha|60/100|[from] item: Sitrus Berry\n|faint|p2b: Aerodactyl\n|move|p2a: Primarina|Hyper Voice|p1b: Aerodactyl|[spread] p1a,p1b\n|-resisted|p1a: Sinistcha|1\n|-supereffective|p1b: Aerodactyl|1\n|-damage|p1a: Sinistcha|35/100\n|-damage|p1b: Aerodactyl|0 fnt\n|faint|p1b: Aerodactyl\n|move|p1a: Sinistcha|Matcha Gotcha|p2a: Primarina\n|-supereffective|p2a: Primarina|1\n|-damage|p2a: Primarina|0 fnt\n|-heal|p1a: Sinistcha|54/100|[from] drain|[of] p2a: Primarina\n|faint|p2a: Primarina\n|\n|-sideend|p1: fangyusuhe|move: Tailwind\n|upkeep\n|\n|t:|1776430130\n|switch|p2b: Sneasler|Sneasler, L50, F|100/100\n|switch|p1b: Delphox|Delphox, L50, F|100/100\n|turn|6\n|c|\u2606iwantacoolname|gg\n|\n|t:|1776430141\n|move|p2b: Sneasler|Dire Claw|p1a: Sinistcha\n|-damage|p1a: Sinistcha|15/100\n|-status|p1a: Sinistcha|slp\n|move|p1b: Delphox|Psyshock|p2b: Sneasler\n|-supereffective|p2b: Sneasler|2\n|-damage|p2b: Sneasler|0 fnt\n|faint|p2b: Sneasler\n|\n|win|fangyusuhe\n|raw|fangyusuhe's rating: 1461 &rarr; <strong>1476</strong><br />(+15 for winning)\n|raw|iwantacoolname's rating: 1376 &rarr; <strong>1361</strong><br />(-15 for losing)\n|l|\u2606iwantacoolname\n|player|p2|\n",
  "uploadtime": 1776430151,
  "views": 51,
  "formatid": "gen9championsvgc2026regma",
  "rating": 1361,
  "private": 0,
  "password": null
}