{
  "id": "gen9championsvgc2026regma-2588307209",
  "format": "[Gen 9 Champions] VGC 2026 Reg M-A",
  "players": [
    "StrengPengu",
    "Pkalexlovesliepard"
  ],
  "log": "|j|\u2606StrengPengu\n|j|\u2606Pkalexlovesliepard\n|t:|1776622767\n|gametype|doubles\n|player|p1|StrengPengu|ivor|1252\n|player|p2|Pkalexlovesliepard|n|1263\n|gen|9\n|tier|[Gen 9 Champions] VGC 2026 Reg M-A\n|rated|\n|rule|Species Clause: Limit one of each Pok\u00e9mon\n|rule|Item Clause: Limit 1 of each item\n|clearpoke\n|poke|p1|Torkoal, L50, M|\n|poke|p1|Farigiraf, L50, F|\n|poke|p1|Gardevoir, L50, F|\n|poke|p1|Golurk, L50|\n|poke|p1|Kingambit, L50, M|\n|poke|p1|Sneasler, L50, F|\n|poke|p2|Rotom-Mow, L50|\n|poke|p2|Milotic, L50, F|\n|poke|p2|Crabominable, L50, F, shiny|\n|poke|p2|Aerodactyl, L50, M|\n|poke|p2|Incineroar, L50, M|\n|poke|p2|Scizor, L50, M|\n|teampreview|4\n|\n|t:|1776622814\n|teamsize|p1|4\n|teamsize|p2|4\n|start\n|switch|p1a: Farigiraf|Farigiraf, L50, F|100/100\n|switch|p1b: Sneasler|Sneasler, L50, F|100/100\n|switch|p2a: Incineroar|Incineroar, L50, M|100/100\n|switch|p2b: Rotom|Rotom-Mow, L50|100/100\n|-ability|p2a: Incineroar|Intimidate|boost\n|-unboost|p1a: Farigiraf|atk|1\n|-unboost|p1b: Sneasler|atk|1\n|turn|1\n|\n|t:|1776622827\n|move|p1b: Sneasler|Fake Out|p2a: Incineroar\n|-damage|p2a: Incineroar|92/100\n|move|p2b: Rotom|Will-O-Wisp|p1b: Sneasler\n|-status|p1b: Sneasler|brn\n|cant|p2a: Incineroar|flinch\n|move|p1a: Farigiraf|Trick Room|p1a: Farigiraf\n|-fieldstart|move: Trick Room|[of] p1a: Farigiraf\n|\n|-damage|p1b: Sneasler|95/100 brn|[from] brn\n|upkeep\n|turn|2\n|\n|t:|1776622857\n|switch|p2b: Crabominable|Crabominable, L50, F, shiny|100/100\n|move|p1a: Farigiraf|Hyper Voice|p2a: Incineroar|[spread] p2a,p2b\n|-damage|p2a: Incineroar|64/100\n|-damage|p2b: Crabominable|65/100\n|move|p2a: Incineroar|Parting Shot|p1a: Farigiraf\n|-unboost|p1a: Farigiraf|atk|1\n|-unboost|p1a: Farigiraf|spa|1\n|\n|t:|1776622869\n|switch|p2a: Rotom|Rotom-Mow, L50|100/100|[from] Parting Shot\n|move|p1b: Sneasler|Dire Claw|p2b: Crabominable\n|-damage|p2b: Crabominable|50/100\n|-status|p2b: Crabominable|slp\n|\n|-damage|p1b: Sneasler|89/100 brn|[from] brn\n|upkeep\n|turn|3\n|\n|t:|1776622886\n|switch|p1a: Torkoal|Torkoal, L50, M|100/100\n|-weather|SunnyDay|[from] ability: Drought|[of] p1a: Torkoal\n|detailschange|p2b: Crabominable|Crabominable-Mega, L50, F, shiny\n|-mega|p2b: Crabominable|Crabominable|Crabominite\n|cant|p2b: Crabominable|slp\n|move|p1b: Sneasler|Dire Claw|p2a: Rotom\n|-supereffective|p2a: Rotom|1\n|-damage|p2a: Rotom|61/100\n|move|p2a: Rotom|Thunder|p1a: Torkoal\n|-damage|p1a: Torkoal|33/100\n|\n|-weather|SunnyDay|[upkeep]\n|-damage|p1b: Sneasler|83/100 brn|[from] brn\n|upkeep\n|turn|4\n|\n|t:|1776622919\n|-curestatus|p2b: Crabominable|slp|[msg]\n|move|p2b: Crabominable|Mach Punch|p1a: Torkoal\n|-crit|p1a: Torkoal\n|-damage|p1a: Torkoal|0 fnt\n|faint|p1a: Torkoal\n|move|p1b: Sneasler|Dire Claw|p2a: Rotom\n|-supereffective|p2a: Rotom|1\n|-damage|p2a: Rotom|22/100\n|move|p2a: Rotom|Thunder|p1b: Sneasler\n|-damage|p1b: Sneasler|20/100 brn\n|\n|-weather|SunnyDay|[upkeep]\n|-damage|p1b: Sneasler|15/100 brn|[from] brn\n|upkeep\n|\n|t:|1776622951\n|switch|p1a: Farigiraf|Farigiraf, L50, F|100/100\n|turn|5\n|\n|t:|1776622970\n|switch|p2a: Scizor|Scizor, L50, M|100/100\n|move|p1a: Farigiraf|Protect|p1a: Farigiraf\n|-singleturn|p1a: Farigiraf|Protect\n|move|p1b: Sneasler|Protect|p1b: Sneasler\n|-singleturn|p1b: Sneasler|Protect\n|move|p2b: Crabominable|Drain Punch|p1a: Farigiraf\n|-activate|p1a: Farigiraf|move: Protect\n|\n|-weather|SunnyDay|[upkeep]\n|-damage|p1b: Sneasler|9/100 brn|[from] brn\n|-fieldend|move: Trick Room\n|upkeep\n|turn|6\n|\n|t:|1776622993\n|move|p2a: Scizor|Bullet Punch||[still]\n|cant|p1a: Farigiraf|ability: Armor Tail|Bullet Punch|[of] p2a: Scizor\n|move|p1b: Sneasler|Close Combat|p2a: Scizor\n|-damage|p2a: Scizor|80/100\n|-unboost|p1b: Sneasler|def|1\n|-unboost|p1b: Sneasler|spd|1\n|move|p1a: Farigiraf|Twin Beam|p2b: Crabominable\n|-supereffective|p2b: Crabominable|1\n|-damage|p2b: Crabominable|20/100\n|-supereffective|p2b: Crabominable|1\n|-damage|p2b: Crabominable|0 fnt\n|faint|p2b: Crabominable\n|-hitcount|p2: Crabominable|2\n|\n|-weather|SunnyDay|[upkeep]\n|-damage|p1b: Sneasler|3/100 brn|[from] brn\n|upkeep\n|\n|t:|1776623007\n|switch|p2b: Incineroar|Incineroar, L50, M|64/100\n|-ability|p2b: Incineroar|Intimidate|boost\n|-unboost|p1a: Farigiraf|atk|1\n|-unboost|p1b: Sneasler|atk|1\n|turn|7\n|\n|t:|1776623023\n|move|p1b: Sneasler|Close Combat|p2b: Incineroar\n|-supereffective|p2b: Incineroar|1\n|-damage|p2b: Incineroar|33/100\n|-unboost|p1b: Sneasler|def|1\n|-unboost|p1b: Sneasler|spd|1\n|move|p2b: Incineroar|Flare Blitz|p1a: Farigiraf\n|-damage|p1a: Farigiraf|25/100\n|-enditem|p1a: Farigiraf|Sitrus Berry|[eat]\n|-heal|p1a: Farigiraf|49/100|[from] item: Sitrus Berry\n|-damage|p2b: Incineroar|4/100|[from] Recoil\n|move|p2a: Scizor|Swords Dance|p2a: Scizor\n|-boost|p2a: Scizor|atk|2\n|move|p1a: Farigiraf|Hyper Voice|p2a: Scizor|[spread] p2a,p2b\n|-resisted|p2a: Scizor|1\n|-damage|p2a: Scizor|61/100\n|-damage|p2b: Incineroar|0 fnt\n|faint|p2b: Incineroar\n|\n|-weather|none\n|-damage|p1b: Sneasler|0 fnt|[from] brn\n|faint|p1b: Sneasler\n|upkeep\n|\n|t:|1776623039\n|switch|p1b: Golurk|Golurk, L50|100/100\n|switch|p2b: Rotom|Rotom-Mow, L50|22/100\n|turn|8\n|\n|t:|1776623051\n|detailschange|p1b: Golurk|Golurk-Mega, L50\n|-mega|p1b: Golurk|Golurk|Golurkite\n|move|p1b: Golurk|Protect|p1b: Golurk\n|-singleturn|p1b: Golurk|Protect\n|move|p2b: Rotom|Leaf Storm|p1b: Golurk\n|-activate|p1b: Golurk|move: Protect\n|move|p2a: Scizor|Swords Dance|p2a: Scizor\n|-boost|p2a: Scizor|atk|2\n|move|p1a: Farigiraf|Trick Room|p1a: Farigiraf\n|-fieldstart|move: Trick Room|[of] p1a: Farigiraf\n|\n|upkeep\n|turn|9\n|\n|t:|1776623069\n|move|p1b: Golurk|Headlong Rush|p2a: Scizor\n|-damage|p2a: Scizor|0 fnt\n|-unboost|p1b: Golurk|def|1\n|-unboost|p1b: Golurk|spd|1\n|faint|p2a: Scizor\n|move|p1a: Farigiraf|Twin Beam|p2b: Rotom\n|-damage|p2b: Rotom|0 fnt\n|faint|p2b: Rotom\n|-hitcount|p2: Rotom|1\n|\n|win|StrengPengu\n|raw|StrengPengu's rating: 1252 &rarr; <strong>1276</strong><br />(+24 for winning)\n|raw|Pkalexlovesliepard's rating: 1236 &rarr; <strong>1212</strong><br />(-24 for losing)\n|l|\u2606Pkalexlovesliepard\n|player|p2|\n",
  "uploadtime": 1776623080,
  "views": 13,
  "formatid": "gen9championsvgc2026regma",
  "rating": 1212,
  "private": 0,
  "password": null
}