{
  "id": "gen9championsvgc2026regma-2584607598",
  "format": "[Gen 9 Champions] VGC 2026 Reg M-A",
  "players": [
    "Kirbo5500",
    "sono_la_tua_fuga"
  ],
  "log": "|j|\u2606Kirbo5500\n|j|\u2606sono_la_tua_fuga\n|t:|1776271783\n|gametype|doubles\n|player|p1|Kirbo5500|266|1079\n|player|p2|sono_la_tua_fuga|2|1152\n|gen|9\n|tier|[Gen 9 Champions] VGC 2026 Reg M-A\n|rated|\n|rule|Species Clause: Limit one of each Pok\u00e9mon\n|rule|Item Clause: Limit 1 of each item\n|clearpoke\n|poke|p1|Meganium, L50, M|\n|poke|p1|Primarina, L50, F|\n|poke|p1|Incineroar, L50, M|\n|poke|p1|Garchomp, L50, M|\n|poke|p1|Vivillon, L50, M|\n|poke|p1|Lucario, L50, M|\n|poke|p2|Chesnaught, L50, F|\n|poke|p2|Maushold-Four, L50|\n|poke|p2|Aegislash, L50, F|\n|poke|p2|Sylveon, L50, F|\n|poke|p2|Farigiraf, L50, F|\n|poke|p2|Pelipper, L50, M|\n|teampreview|4\n|inactive|Battle timer is ON: inactive players will automatically lose when time's up. (requested by sono_la_tua_fuga)\nsono_la_tua_fuga has agreed to open team sheets.\n|inactive|sono_la_tua_fuga has 60 seconds left.\n|\n|t:|1776271836\n|teamsize|p1|4\n|teamsize|p2|4\n|start\n|switch|p1a: Garchomp|Garchomp, L50, M|100/100\n|switch|p1b: Meganium|Meganium, L50, M|100/100\n|switch|p2a: Chesnaught|Chesnaught, L50, F|100/100\n|switch|p2b: Maushold|Maushold-Four, L50|100/100\n|turn|1\n|inactive|sono_la_tua_fuga has 30 seconds left.\n|inactive|sono_la_tua_fuga has 20 seconds left.\n|\n|t:|1776271875\n|detailschange|p1b: Meganium|Meganium-Mega, L50, M\n|-mega|p1b: Meganium|Meganium|Meganiumite\n|move|p2a: Chesnaught|Spiky Shield|p2a: Chesnaught\n|-singleturn|p2a: Chesnaught|move: Protect\n|move|p2b: Maushold|Super Fang|p1b: Meganium\n|-damage|p1b: Meganium|51/100\n|move|p1a: Garchomp|Stealth Rock|p2b: Maushold\n|-sidestart|p2: sono_la_tua_fuga|move: Stealth Rock\n|move|p1b: Meganium|Weather Ball|p2a: Chesnaught\n|-activate|p2a: Chesnaught|move: Protect\n|\n|upkeep\n|turn|2\n|inactive|sono_la_tua_fuga has 30 seconds left.\n|inactive|Kirbo5500 has 30 seconds left.\n|inactive|sono_la_tua_fuga has 20 seconds left.\n|\n|t:|1776271916\n|switch|p2a: Pelipper|Pelipper, L50, M|100/100\n|-damage|p2a: Pelipper|76/100|[from] Stealth Rock\n|-weather|RainDance|[from] ability: Drizzle|[of] p2a: Pelipper\n|move|p2b: Maushold|Encore|p1a: Garchomp\n|-start|p1a: Garchomp|Encore\n|move|p1a: Garchomp|Stealth Rock||[still]\n|-fail|p1a: Garchomp\n|move|p1b: Meganium|Weather Ball|p2a: Pelipper\n|-resisted|p2a: Pelipper|1\n|-damage|p2a: Pelipper|39/100\n|\n|-weather|RainDance|[upkeep]\n|upkeep\n|turn|3\n|\n|t:|1776271941\n|switch|p1a: Primarina|Primarina, L50, F|100/100\n|move|p2b: Maushold|Follow Me|p2b: Maushold\n|-singleturn|p2b: Maushold|move: Follow Me\n|move|p2a: Pelipper|Hurricane|p1b: Meganium\n|-supereffective|p1b: Meganium|1\n|-damage|p1b: Meganium|0 fnt\n|faint|p1b: Meganium\n|\n|-weather|RainDance|[upkeep]\n|upkeep\n|\n|t:|1776271951\n|switch|p1b: Garchomp|Garchomp, L50, M|100/100\n|turn|4\n|\n|t:|1776271973\n|move|p2b: Maushold|Super Fang|p1a: Primarina\n|-damage|p1a: Primarina|51/100\n|move|p1b: Garchomp|Breaking Swipe|p2b: Maushold|[spread] p2a,p2b\n|-damage|p2a: Pelipper|14/100\n|-damage|p2b: Maushold|72/100\n|-unboost|p2a: Pelipper|atk|1\n|-unboost|p2b: Maushold|atk|1\n|move|p2a: Pelipper|Hurricane|p1a: Primarina\n|-damage|p1a: Primarina|9/100\n|move|p1a: Primarina|Hyper Voice|p2a: Pelipper|[spread] p2a,p2b\n|-resisted|p2a: Pelipper|1\n|-damage|p2a: Pelipper|0 fnt\n|-damage|p2b: Maushold|0 fnt\n|faint|p2a: Pelipper\n|faint|p2b: Maushold\n|\n|-weather|RainDance|[upkeep]\n|upkeep\n|\n|t:|1776271987\n|switch|p2b: Chesnaught|Chesnaught, L50, F|100/100\n|switch|p2a: Aegislash|Aegislash, L50, F|100/100\n|-damage|p2b: Chesnaught|94/100|[from] Stealth Rock\n|-damage|p2a: Aegislash|95/100|[from] Stealth Rock\n|turn|5\n|inactive|sono_la_tua_fuga has 30 seconds left.\n|inactive|sono_la_tua_fuga has 20 seconds left.\n|\n|t:|1776272023\n|move|p1a: Primarina|Protect|p1a: Primarina\n|-singleturn|p1a: Primarina|Protect\n|move|p2b: Chesnaught|Spiky Shield|p2b: Chesnaught\n|-singleturn|p2b: Chesnaught|move: Protect\n|move|p1b: Garchomp|Earthquake|p2a: Aegislash|[spread] p2a\n|-activate|p1a: Primarina|move: Protect\n|-activate|p2b: Chesnaught|move: Protect\n|-supereffective|p2a: Aegislash|1\n|-damage|p2a: Aegislash|18/100\n|-enditem|p2a: Aegislash|Sitrus Berry|[eat]\n|-heal|p2a: Aegislash|42/100|[from] item: Sitrus Berry\n|-formechange|p2a: Aegislash|Aegislash-Blade|\n|move|p2a: Aegislash|Flash Cannon|p1a: Primarina\n|-activate|p1a: Primarina|move: Protect\n|\n|-weather|RainDance|[upkeep]\n|upkeep\n|turn|6\n|\n|t:|1776272042\n|detailschange|p2b: Chesnaught|Chesnaught-Mega, L50, F\n|-mega|p2b: Chesnaught|Chesnaught|Chesnaughtite\n|-formechange|p2a: Aegislash|Aegislash|\n|move|p2a: Aegislash|King's Shield|p2a: Aegislash\n|-singleturn|p2a: Aegislash|Protect\n|move|p1b: Garchomp|Breaking Swipe|p2a: Aegislash|[spread] p2b\n|-activate|p2a: Aegislash|move: Protect\n|-unboost|p1b: Garchomp|atk|1\n|-damage|p2b: Chesnaught|88/100\n|-unboost|p2b: Chesnaught|atk|1\n|move|p1a: Primarina|Icy Wind|p2a: Aegislash|[spread] p2b\n|-activate|p2a: Aegislash|move: Protect\n|-supereffective|p2b: Chesnaught|1\n|-damage|p2b: Chesnaught|61/100\n|-unboost|p2b: Chesnaught|spe|1\n|move|p2b: Chesnaught|Body Press|p1a: Primarina\n|-resisted|p1a: Primarina|1\n|-damage|p1a: Primarina|0 fnt\n|faint|p1a: Primarina\n|\n|-weather|none\n|upkeep\n|\n|t:|1776272048\n|switch|p1a: Incineroar|Incineroar, L50, M|100/100\n|-ability|p1a: Incineroar|Intimidate|boost\n|-unboost|p2a: Aegislash|atk|1\n|-unboost|p2b: Chesnaught|atk|1\n|turn|7\n|inactive|sono_la_tua_fuga has 30 seconds left.\n|\n|t:|1776272074\n|move|p2b: Chesnaught|Spiky Shield|p2b: Chesnaught\n|-singleturn|p2b: Chesnaught|move: Protect\n|move|p1a: Incineroar|Fake Out|p2b: Chesnaught\n|-activate|p2b: Chesnaught|move: Protect\n|-damage|p1a: Incineroar|88/100|[from] Spiky Shield|[of] p2b: Chesnaught\n|move|p1b: Garchomp|Breaking Swipe|p2a: Aegislash|[spread] p2a\n|-activate|p2b: Chesnaught|move: Protect\n|-damage|p1b: Garchomp|88/100|[from] Spiky Shield|[of] p2b: Chesnaught\n|-resisted|p2a: Aegislash|1\n|-damage|p2a: Aegislash|37/100\n|-unboost|p2a: Aegislash|atk|1\n|-formechange|p2a: Aegislash|Aegislash-Blade|\n|move|p2a: Aegislash|Shadow Ball|p1b: Garchomp\n|-damage|p1b: Garchomp|49/100\n|\n|upkeep\n|turn|8\n|inactive|Kirbo5500 has 30 seconds left.\n|\n|t:|1776272105\n|move|p1b: Garchomp|Protect|p1b: Garchomp\n|-singleturn|p1b: Garchomp|Protect\n|-formechange|p2a: Aegislash|Aegislash|\n|move|p2a: Aegislash|King's Shield|p2a: Aegislash\n|-singleturn|p2a: Aegislash|Protect\n|move|p1a: Incineroar|Flare Blitz|p2b: Chesnaught\n|-supereffective|p2b: Chesnaught|1\n|-damage|p2b: Chesnaught|8/100\n|-status|p2b: Chesnaught|brn\n|-damage|p1a: Incineroar|71/100|[from] Recoil\n|move|p2b: Chesnaught|Body Press|p1a: Incineroar\n|-supereffective|p1a: Incineroar|1\n|-damage|p1a: Incineroar|14/100\n|-enditem|p1a: Incineroar|Sitrus Berry|[eat]\n|-heal|p1a: Incineroar|39/100|[from] item: Sitrus Berry\n|\n|-damage|p2b: Chesnaught|2/100 brn|[from] brn\n|upkeep\n|turn|9\n|inactive|sono_la_tua_fuga has 30 seconds left.\n|\n|t:|1776272140\n|move|p1b: Garchomp|Earthquake|p2a: Aegislash|[spread] p1a,p2a,p2b\n|-supereffective|p1a: Incineroar|1\n|-supereffective|p2a: Aegislash|1\n|-resisted|p2b: Chesnaught|1\n|-damage|p1a: Incineroar|0 fnt\n|-damage|p2a: Aegislash|0 fnt\n|-damage|p2b: Chesnaught|0 fnt\n|faint|p1a: Incineroar\n|faint|p2a: Aegislash\n|faint|p2b: Chesnaught\n|\n|win|Kirbo5500\n|raw|Kirbo5500's rating: 1079 &rarr; <strong>1113</strong><br />(+34 for winning)\n|raw|sono_la_tua_fuga's rating: 1152 &rarr; <strong>1122</strong><br />(-30 for losing)\n|l|\u2606sono_la_tua_fuga\n|player|p2|\n",
  "uploadtime": 1776272148,
  "views": 18,
  "formatid": "gen9championsvgc2026regma",
  "rating": 1113,
  "private": 0,
  "password": null
}