{
  "id": "gen9championsvgc2026regma-2583169090",
  "format": "[Gen 9 Champions] VGC 2026 Reg M-A",
  "players": [
    "charlie55555",
    "CementTheBlock"
  ],
  "log": "|j|\u2606charlie55555\n|j|\u2606CementTheBlock\n|t:|1776150418\n|gametype|doubles\n|player|p1|charlie55555|102|1115\n|player|p2|CementTheBlock|pokefanf|1204\n|gen|9\n|tier|[Gen 9 Champions] VGC 2026 Reg M-A\n|rated|\n|rule|Species Clause: Limit one of each Pok\u00e9mon\n|rule|Item Clause: Limit 1 of each item\n|clearpoke\n|poke|p1|Kangaskhan, L50, F|\n|poke|p1|Gyarados, L50, F|\n|poke|p1|Volcarona, L50, M|\n|poke|p1|Sinistcha, L50|\n|poke|p1|Kingambit, L50, M|\n|poke|p1|Garchomp, L50, F|\n|poke|p2|Froslass, L50, F|\n|poke|p2|Arcanine-Hisui, L50, M|\n|poke|p2|Maushold, L50|\n|poke|p2|Espeon, L50, M|\n|poke|p2|Hydreigon, L50, F|\n|poke|p2|Rotom-Wash, L50|\n|teampreview|4\n|inactive|Battle timer is ON: inactive players will automatically lose when time's up. (requested by charlie55555)\n|\n|t:|1776150438\n|teamsize|p1|4\n|teamsize|p2|4\n|start\n|switch|p1a: Kangaskhan|Kangaskhan, L50, F|100/100\n|switch|p1b: Volcarona|Volcarona, L50, M|100/100\n|switch|p2a: Froslass|Froslass, L50, F|100/100\n|switch|p2b: Maushold|Maushold, L50|100/100\n|turn|1\n|inactive|CementTheBlock has 30 seconds left.\n|\n|t:|1776150463\n|detailschange|p2a: Froslass|Froslass-Mega, L50, F\n|-mega|p2a: Froslass|Froslass|Froslassite\n|-weather|Snowscape|[from] ability: Snow Warning|[of] p2a: Froslass\n|move|p1a: Kangaskhan|Fake Out|p2a: Froslass\n|-damage|p2a: Froslass|86/100\n|move|p2b: Maushold|Follow Me|p2b: Maushold\n|-singleturn|p2b: Maushold|move: Follow Me\n|cant|p2a: Froslass|flinch\n|move|p1b: Volcarona|Tailwind|p1b: Volcarona\n|-sidestart|p1: charlie55555|move: Tailwind\n|\n|-weather|Snowscape|[upkeep]\n|upkeep\n|turn|2\n|\n|t:|1776150484\n|detailschange|p1a: Kangaskhan|Kangaskhan-Mega, L50, F\n|-mega|p1a: Kangaskhan|Kangaskhan|Kangaskhanite\n|move|p2b: Maushold|Follow Me|p2b: Maushold\n|-singleturn|p2b: Maushold|move: Follow Me\n|move|p1b: Volcarona|Struggle Bug|p2a: Froslass|[spread] p2a,p2b\n|-resisted|p2a: Froslass|1\n|-damage|p2a: Froslass|78/100\n|-damage|p2b: Maushold|81/100\n|-unboost|p2a: Froslass|spa|1\n|-unboost|p2b: Maushold|spa|1\n|move|p1a: Kangaskhan|Double-Edge|p2b: Maushold\n|-damage|p2b: Maushold|5/100\n|-crit|p2b: Maushold\n|-damage|p2b: Maushold|0 fnt\n|faint|p2b: Maushold\n|-hitcount|p2: Maushold|2\n|-damage|p1a: Kangaskhan|76/100|[from] Recoil\n|move|p2a: Froslass|Aurora Veil|p2a: Froslass\n|-sidestart|p2: CementTheBlock|move: Aurora Veil\n|\n|-weather|Snowscape|[upkeep]\n|upkeep\n|\n|t:|1776150503\n|switch|p2b: Arcanine|Arcanine-Hisui, L50, M|100/100\n|-ability|p2b: Arcanine|Intimidate|boost\n|-unboost|p1a: Kangaskhan|atk|1\n|-unboost|p1b: Volcarona|atk|1\n|turn|3\n|\n|t:|1776150516\n|switch|p1b: Sinistcha|Sinistcha, L50|100/100\n|-heal|p1a: Kangaskhan|100/100|[from] ability: Hospitality|[of] p1b: Sinistcha\n|switch|p1a: Gyarados|Gyarados, L50, F|100/100\n|-ability|p1a: Gyarados|Intimidate|boost\n|-unboost|p2a: Froslass|atk|1\n|-unboost|p2b: Arcanine|atk|1\n|move|p2a: Froslass|Blizzard|p1a: Gyarados|[spread] p1a,p1b\n|-supereffective|p1b: Sinistcha|1\n|-damage|p1a: Gyarados|75/100\n|-damage|p1b: Sinistcha|45/100\n|-enditem|p1b: Sinistcha|Sitrus Berry|[eat]\n|-heal|p1b: Sinistcha|70/100|[from] item: Sitrus Berry\n|move|p2b: Arcanine|Rock Slide|p1a: Gyarados|[spread] p1b\n|-miss|p2b: Arcanine|p1a: Gyarados\n|-damage|p1b: Sinistcha|53/100\n|\n|-weather|Snowscape|[upkeep]\n|upkeep\n|turn|4\n|inactive|charlie55555 has 30 seconds left.\n|\n|t:|1776150545\n|move|p2a: Froslass|Protect|p2a: Froslass\n|-singleturn|p2a: Froslass|Protect\n|move|p2b: Arcanine|Protect|p2b: Arcanine\n|-singleturn|p2b: Arcanine|Protect\n|move|p1a: Gyarados|Waterfall|p2b: Arcanine\n|-activate|p2b: Arcanine|move: Protect\n|move|p1b: Sinistcha|Matcha Gotcha|p2a: Froslass|[spread] \n|-activate|p2a: Froslass|move: Protect\n|-activate|p2b: Arcanine|move: Protect\n|\n|-weather|Snowscape|[upkeep]\n|-sideend|p1: charlie55555|move: Tailwind\n|upkeep\n|turn|5\n|\n|t:|1776150570\n|move|p2a: Froslass|Blizzard|p1b: Sinistcha|[spread] p1a,p1b\n|-supereffective|p1b: Sinistcha|1\n|-damage|p1a: Gyarados|49/100\n|-damage|p1b: Sinistcha|0 fnt\n|-status|p1a: Gyarados|frz\n|faint|p1b: Sinistcha\n|move|p2b: Arcanine|Rock Slide|p1a: Gyarados\n|-supereffective|p1a: Gyarados|1\n|-damage|p1a: Gyarados|6/100 frz\n|-curestatus|p1a: Gyarados|frz|[msg]\n|move|p1a: Gyarados|Waterfall|p2b: Arcanine\n|-supereffective|p2b: Arcanine|2\n|-enditem|p2b: Arcanine|Passho Berry|[eat]\n|-enditem|p2b: Arcanine|Passho Berry|[weaken]\n|-damage|p2b: Arcanine|37/100\n|\n|-weather|none\n|upkeep\n|\n|t:|1776150584\n|switch|p1b: Kangaskhan|Kangaskhan-Mega, L50, F|100/100\n|turn|6\n|\n|t:|1776150599\n|switch|p2a: Rotom|Rotom-Wash, L50|100/100\n|move|p2b: Arcanine|Protect|p2b: Arcanine\n|-singleturn|p2b: Arcanine|Protect\n|move|p1b: Kangaskhan|Bite|p2a: Rotom\n|-damage|p2a: Rotom|86/100\n|-damage|p2a: Rotom|83/100\n|-hitcount|p2a: Rotom|2\n|move|p1a: Gyarados|Waterfall|p2b: Arcanine\n|-activate|p2b: Arcanine|move: Protect\n|\n|-heal|p2a: Rotom|88/100|[from] item: Leftovers\n|-sideend|p2: CementTheBlock|move: Aurora Veil\n|upkeep\n|turn|7\n|\n|t:|1776150620\n|switch|p2b: Froslass|Froslass-Mega, L50, F|78/100\n|-weather|Snowscape|[from] ability: Snow Warning|[of] p2b: Froslass\n|move|p1b: Kangaskhan|Double-Edge|p2a: Rotom\n|-damage|p2a: Rotom|22/100\n|-damage|p2a: Rotom|6/100\n|-hitcount|p2a: Rotom|2\n|-damage|p1b: Kangaskhan|78/100|[from] Recoil\n|move|p2a: Rotom|Electroweb|p1a: Gyarados|[spread] p1a,p1b\n|-supereffective|p1a: Gyarados|2\n|-enditem|p1a: Gyarados|Wacan Berry|[eat]\n|-enditem|p1a: Gyarados|Wacan Berry|[weaken]\n|-damage|p1a: Gyarados|0 fnt\n|-damage|p1b: Kangaskhan|58/100\n|-unboost|p1b: Kangaskhan|spe|1\n|faint|p1a: Gyarados\n|\n|-weather|Snowscape|[upkeep]\n|-heal|p2a: Rotom|11/100|[from] item: Leftovers\n|upkeep\n|\n|t:|1776150633\n|switch|p1a: Volcarona|Volcarona, L50, M|100/100\n|turn|8\n|\n|t:|1776150649\n|move|p2b: Froslass|Blizzard|p1b: Kangaskhan|[spread] p1a,p1b\n|-resisted|p1a: Volcarona|1\n|-damage|p1a: Volcarona|78/100\n|-damage|p1b: Kangaskhan|15/100\n|move|p1a: Volcarona|Struggle Bug|p2a: Rotom|[spread] p2a,p2b\n|-resisted|p2b: Froslass|1\n|-damage|p2a: Rotom|0 fnt\n|-damage|p2b: Froslass|69/100\n|-unboost|p2b: Froslass|spa|1\n|faint|p2a: Rotom\n|move|p1b: Kangaskhan|Bite|p2b: Froslass\n|-supereffective|p2b: Froslass|1\n|-damage|p2b: Froslass|25/100\n|-supereffective|p2b: Froslass|1\n|-damage|p2b: Froslass|14/100\n|-hitcount|p2b: Froslass|2\n|\n|-weather|Snowscape|[upkeep]\n|-heal|p1a: Volcarona|85/100|[from] item: Leftovers\n|upkeep\n|\n|t:|1776150665\n|switch|p2a: Arcanine|Arcanine-Hisui, L50, M|37/100\n|-ability|p2a: Arcanine|Intimidate|boost\n|-unboost|p1a: Volcarona|atk|1\n|-unboost|p1b: Kangaskhan|atk|1\n|turn|9\n|\n|t:|1776150677\n|move|p2b: Froslass|Blizzard|p1a: Volcarona|[spread] p1a,p1b\n|-resisted|p1a: Volcarona|1\n|-damage|p1a: Volcarona|69/100\n|-damage|p1b: Kangaskhan|0 fnt\n|faint|p1b: Kangaskhan\n|move|p1a: Volcarona|Struggle Bug|p2a: Arcanine|[spread] p2a,p2b\n|-resisted|p2a: Arcanine|1\n|-resisted|p2b: Froslass|1\n|-damage|p2a: Arcanine|27/100\n|-damage|p2b: Froslass|4/100\n|-unboost|p2a: Arcanine|spa|1\n|-unboost|p2b: Froslass|spa|1\n|move|p2a: Arcanine|Rock Slide|p1a: Volcarona|[miss]\n|-miss|p2a: Arcanine|p1a: Volcarona\n|\n|-weather|Snowscape|[upkeep]\n|-heal|p1a: Volcarona|75/100|[from] item: Leftovers\n|upkeep\n|turn|10\n|\n|t:|1776150699\n|move|p2b: Froslass|Shadow Ball|p1a: Volcarona\n|-damage|p1a: Volcarona|52/100\n|-unboost|p1a: Volcarona|spd|1\n|move|p1a: Volcarona|Struggle Bug|p2b: Froslass|[spread] p2a,p2b\n|-resisted|p2a: Arcanine|1\n|-resisted|p2b: Froslass|1\n|-crit|p2b: Froslass\n|-damage|p2a: Arcanine|16/100\n|-damage|p2b: Froslass|0 fnt\n|-unboost|p2a: Arcanine|spa|1\n|faint|p2b: Froslass\n|move|p2a: Arcanine|Rock Slide|p1a: Volcarona|[miss]\n|-miss|p2a: Arcanine|p1a: Volcarona\n|\n|-weather|Snowscape|[upkeep]\n|-heal|p1a: Volcarona|58/100|[from] item: Leftovers\n|upkeep\n|turn|11\n|\n|t:|1776150718\n|move|p1a: Volcarona|Struggle Bug|p2a: Arcanine\n|-resisted|p2a: Arcanine|1\n|-damage|p2a: Arcanine|3/100\n|-unboost|p2a: Arcanine|spa|1\n|move|p2a: Arcanine|Rock Slide|p1a: Volcarona\n|-supereffective|p1a: Volcarona|2\n|-damage|p1a: Volcarona|0 fnt\n|faint|p1a: Volcarona\n|\n|win|CementTheBlock\n|raw|charlie55555's rating: 1115 &rarr; <strong>1096</strong><br />(-19 for losing)\n|raw|CementTheBlock's rating: 1204 &rarr; <strong>1223</strong><br />(+19 for winning)\n|l|\u2606charlie55555\n|player|p1|\n",
  "uploadtime": 1776150738,
  "views": 16,
  "formatid": "gen9championsvgc2026regma",
  "rating": 1096,
  "private": 0,
  "password": null
}