{
  "id": "gen9championsvgc2026regma-2583178980",
  "format": "[Gen 9 Champions] VGC 2026 Reg M-A",
  "players": [
    "Piedi mistici",
    "choxx"
  ],
  "log": "|j|\u2606Piedi mistici\n|j|\u2606choxx\n|t:|1776151557\n|gametype|doubles\n|player|p1|Piedi mistici|beni-ninja|1185\n|player|p2|choxx|101|1163\n|gen|9\n|tier|[Gen 9 Champions] VGC 2026 Reg M-A\n|rated|\n|rule|Species Clause: Limit one of each Pok\u00e9mon\n|rule|Item Clause: Limit 1 of each item\n|clearpoke\n|poke|p1|Gengar, L50, M|\n|poke|p1|Politoed, L50, F|\n|poke|p1|Basculegion, L50, M|\n|poke|p1|Incineroar, L50, F|\n|poke|p1|Sinistcha, L50|\n|poke|p1|Kangaskhan, L50, F|\n|poke|p2|Typhlosion-Hisui, L50, F|\n|poke|p2|Charizard, L50, M|\n|poke|p2|Venusaur, L50, F|\n|poke|p2|Sneasler, L50, M|\n|poke|p2|Rotom-Wash, L50|\n|poke|p2|Whimsicott, L50, M|\n|teampreview|4\n|inactive|Battle timer is ON: inactive players will automatically lose when time's up. (requested by choxx)\n|inactive|Piedi mistici has 60 seconds left.\n|\n|t:|1776151604\n|teamsize|p1|4\n|teamsize|p2|4\n|start\n|switch|p1a: Kangaskhan|Kangaskhan, L50, F|100/100\n|switch|p1b: Sinistcha|Sinistcha, L50|100/100\n|switch|p2a: Charizard|Charizard, L50, M|100/100\n|switch|p2b: Sneasler|Sneasler, L50, M|100/100\n|turn|1\n|\n|t:|1776151621\n|switch|p1b: Incineroar|Incineroar, L50, F|100/100\n|-ability|p1b: Incineroar|Intimidate|boost\n|-unboost|p2a: Charizard|atk|1\n|-unboost|p2b: Sneasler|atk|1\n|-enditem|p2b: Sneasler|White Herb\n|-clearnegativeboost|p2b: Sneasler|[silent]\n|move|p2b: Sneasler|Protect|p2b: Sneasler\n|-singleturn|p2b: Sneasler|Protect\n|move|p2a: Charizard|Protect|p2a: Charizard\n|-singleturn|p2a: Charizard|Protect\n|move|p1a: Kangaskhan|Fake Out|p2a: Charizard\n|-activate|p2a: Charizard|move: Protect\n|\n|upkeep\n|turn|2\n|inactive|choxx has 30 seconds left.\n|\n|t:|1776151653\n|switch|p2b: Typhlosion|Typhlosion-Hisui, L50, F|100/100\n|-item|p1a: Kangaskhan|Kangaskhanite|[from] ability: Frisk|[of] p2b: Typhlosion\n|-item|p1b: Incineroar|Shuca Berry|[from] ability: Frisk|[of] p2b: Typhlosion\n|detailschange|p2a: Charizard|Charizard-Mega-Y, L50, M\n|-mega|p2a: Charizard|Charizard|Charizardite Y\n|-weather|SunnyDay|[from] ability: Drought|[of] p2a: Charizard\n|detailschange|p1a: Kangaskhan|Kangaskhan-Mega, L50, F\n|-mega|p1a: Kangaskhan|Kangaskhan|Kangaskhanite\n|move|p1b: Incineroar|Fake Out|p2b: Typhlosion\n|-immune|p2b: Typhlosion\n|move|p2a: Charizard|Heat Wave|p1a: Kangaskhan|[spread] p1a,p1b\n|-resisted|p1b: Incineroar|1\n|-damage|p1a: Kangaskhan|39/100\n|-damage|p1b: Incineroar|71/100\n|move|p1a: Kangaskhan|Double-Edge|p2a: Charizard\n|-damage|p2a: Charizard|0 fnt\n|faint|p2a: Charizard\n|-hitcount|p2: Charizard|1\n|-damage|p1a: Kangaskhan|14/100|[from] Recoil\n|\n|-weather|SunnyDay|[upkeep]\n|upkeep\n|\n|t:|1776151672\n|switch|p2a: Sneasler|Sneasler, L50, M|100/100\n|turn|3\n|\n|t:|1776151686\n|switch|p1b: Politoed|Politoed, L50, F|100/100\n|-weather|RainDance|[from] ability: Drizzle|[of] p1b: Politoed\n|move|p1a: Kangaskhan|Sucker Punch|p2b: Typhlosion\n|-supereffective|p2b: Typhlosion|1\n|-damage|p2b: Typhlosion|25/100\n|-supereffective|p2b: Typhlosion|1\n|-damage|p2b: Typhlosion|6/100\n|-hitcount|p2b: Typhlosion|2\n|move|p2b: Typhlosion|Eruption|p1a: Kangaskhan|[spread] p1a,p1b\n|-resisted|p1b: Politoed|1\n|-damage|p1a: Kangaskhan|13/100\n|-damage|p1b: Politoed|99/100\n|move|p2a: Sneasler|Close Combat|p1b: Politoed\n|-damage|p1b: Politoed|14/100\n|-unboost|p2a: Sneasler|def|1\n|-unboost|p2a: Sneasler|spd|1\n|\n|-weather|RainDance|[upkeep]\n|upkeep\n|turn|4\n|\n|t:|1776151704\n|switch|p2b: Rotom|Rotom-Wash, L50|100/100\n|move|p2a: Sneasler|Protect|p2a: Sneasler\n|-singleturn|p2a: Sneasler|Protect\n|move|p1a: Kangaskhan|Double-Edge|p2a: Sneasler\n|-activate|p2a: Sneasler|move: Protect\n|move|p1b: Politoed|Muddy Water|p2a: Sneasler|[spread] p2b\n|-activate|p2a: Sneasler|move: Protect\n|-resisted|p2b: Rotom|1\n|-damage|p2b: Rotom|70/100\n|\n|-weather|RainDance|[upkeep]\n|-heal|p2b: Rotom|76/100|[from] item: Leftovers\n|upkeep\n|turn|5\n|\n|t:|1776151725\n|switch|p1a: Sinistcha|Sinistcha, L50|100/100\n|-heal|p1b: Politoed|39/100|[from] ability: Hospitality|[of] p1a: Sinistcha\n|move|p1b: Politoed|Protect|p1b: Politoed\n|-singleturn|p1b: Politoed|Protect\n|move|p2a: Sneasler|Dire Claw|p1a: Sinistcha\n|-damage|p1a: Sinistcha|53/100\n|move|p2b: Rotom|Volt Switch|p1b: Politoed\n|-activate|p1b: Politoed|move: Protect\n|\n|-weather|RainDance|[upkeep]\n|-heal|p2b: Rotom|81/100|[from] item: Leftovers\n|upkeep\n|turn|6\n|\n|t:|1776151741\n|switch|p1b: Incineroar|Incineroar, L50, F|71/100\n|-ability|p1b: Incineroar|Intimidate|boost\n|-unboost|p2a: Sneasler|atk|1\n|-unboost|p2b: Rotom|atk|1\n|move|p2a: Sneasler|Dire Claw|p1a: Sinistcha\n|-damage|p1a: Sinistcha|26/100\n|-status|p1a: Sinistcha|slp\n|move|p2b: Rotom|Volt Switch|p1b: Incineroar\n|-damage|p1b: Incineroar|46/100\n|\n|t:|1776151748\n|switch|p2b: Typhlosion|Typhlosion-Hisui, L50, F|6/100|[from] Volt Switch\n|-item|p1a: Sinistcha|Miracle Seed|[from] ability: Frisk|[of] p2b: Typhlosion\n|-item|p1b: Incineroar|Shuca Berry|[from] ability: Frisk|[of] p2b: Typhlosion\n|cant|p1a: Sinistcha|slp\n|\n|-weather|RainDance|[upkeep]\n|upkeep\n|turn|7\n|\n|t:|1776151764\n|switch|p1b: Kangaskhan|Kangaskhan-Mega, L50, F|13/100\n|move|p2a: Sneasler|Protect|p2a: Sneasler\n|-singleturn|p2a: Sneasler|Protect\n|move|p2b: Typhlosion|Shadow Ball|p1a: Sinistcha\n|-supereffective|p1a: Sinistcha|1\n|-damage|p1a: Sinistcha|0 fnt\n|faint|p1a: Sinistcha\n|\n|-weather|none\n|upkeep\n|\n|t:|1776151772\n|switch|p1a: Politoed|Politoed, L50, F|39/100\n|-weather|RainDance|[from] ability: Drizzle|[of] p1a: Politoed\n|turn|8\n|\n|t:|1776151786\n|switch|p2a: Rotom|Rotom-Wash, L50|81/100\n|switch|p1a: Incineroar|Incineroar, L50, F|46/100\n|-ability|p1a: Incineroar|Intimidate|boost\n|-unboost|p2a: Rotom|atk|1\n|-unboost|p2b: Typhlosion|atk|1\n|move|p1b: Kangaskhan|Sucker Punch|p2b: Typhlosion\n|-supereffective|p2b: Typhlosion|1\n|-crit|p2b: Typhlosion\n|-damage|p2b: Typhlosion|0 fnt\n|faint|p2b: Typhlosion\n|-hitcount|p2: Typhlosion|1\n|\n|-weather|RainDance|[upkeep]\n|-heal|p2a: Rotom|87/100|[from] item: Leftovers\n|upkeep\n|\n|t:|1776151791\n|switch|p2b: Sneasler|Sneasler, L50, M|100/100\n|turn|9\n|inactive|Piedi mistici has 30 seconds left.\n|\n|t:|1776151817\n|move|p2b: Sneasler|Protect|p2b: Sneasler\n|-singleturn|p2b: Sneasler|Protect\n|move|p1a: Incineroar|Fake Out|p2b: Sneasler\n|-activate|p2b: Sneasler|move: Protect\n|move|p1b: Kangaskhan|Double-Edge|p2a: Rotom\n|-damage|p2a: Rotom|16/100\n|-damage|p2a: Rotom|0 fnt\n|faint|p2a: Rotom\n|-hitcount|p2: Rotom|2\n|-damage|p1b: Kangaskhan|0 fnt|[from] Recoil\n|faint|p1b: Kangaskhan\n|\n|-weather|RainDance|[upkeep]\n|upkeep\n|\n|t:|1776151825\n|switch|p1b: Politoed|Politoed, L50, F|39/100\n|turn|10\n|inactive|choxx has 30 seconds left.\n|\n|t:|1776151852\n|move|p1b: Politoed|Protect|p1b: Politoed\n|-singleturn|p1b: Politoed|Protect\n|move|p2b: Sneasler|Dire Claw|p1b: Politoed\n|-activate|p1b: Politoed|move: Protect\n|move|p1a: Incineroar|Parting Shot|p2b: Sneasler\n|-unboost|p2b: Sneasler|atk|1\n|-unboost|p2b: Sneasler|spa|1\n|\n|-weather|RainDance|[upkeep]\n|upkeep\n|turn|11\n|\n|t:|1776151862\n|move|p2b: Sneasler|Close Combat|p1b: Politoed\n|-crit|p1b: Politoed\n|-damage|p1b: Politoed|0 fnt\n|-unboost|p2b: Sneasler|def|1\n|-unboost|p2b: Sneasler|spd|1\n|faint|p1b: Politoed\n|move|p1a: Incineroar|Darkest Lariat|p2b: Sneasler\n|-resisted|p2b: Sneasler|1\n|-damage|p2b: Sneasler|70/100\n|\n|-weather|RainDance|[upkeep]\n|upkeep\n|turn|12\n|\n|t:|1776151866\n|move|p2b: Sneasler|Close Combat|p1a: Incineroar\n|-supereffective|p1a: Incineroar|1\n|-damage|p1a: Incineroar|0 fnt\n|-unboost|p2b: Sneasler|def|1\n|-unboost|p2b: Sneasler|spd|1\n|faint|p1a: Incineroar\n|\n|win|choxx\n|raw|Piedi mistici's rating: 1185 &rarr; <strong>1158</strong><br />(-27 for losing)\n|raw|choxx's rating: 1163 &rarr; <strong>1190</strong><br />(+27 for winning)\n|l|\u2606choxx\n|player|p2|\n",
  "uploadtime": 1776151891,
  "views": 15,
  "formatid": "gen9championsvgc2026regma",
  "rating": 1158,
  "private": 0,
  "password": null
}