{
  "id": "gen9championsvgc2026regma-2588621525",
  "format": "[Gen 9 Champions] VGC 2026 Reg M-A",
  "players": [
    "EisenMToR",
    "LightJKookie"
  ],
  "log": "|j|\u2606EisenMToR\n|j|\u2606LightJKookie\n|t:|1776650947\n|gametype|doubles\n|player|p1|EisenMToR|proton|1129\n|player|p2|LightJKookie|brycen|1081\n|gen|9\n|tier|[Gen 9 Champions] VGC 2026 Reg M-A\n|rated|\n|rule|Species Clause: Limit one of each Pok\u00e9mon\n|rule|Item Clause: Limit 1 of each item\n|clearpoke\n|poke|p1|Aerodactyl, L50, M|\n|poke|p1|Rampardos, L50, M|\n|poke|p1|Sneasler, L50, F, shiny|\n|poke|p1|Feraligatr, L50, M, shiny|\n|poke|p1|Pelipper, L50, M|\n|poke|p1|Archaludon, L50, M, shiny|\n|poke|p2|Manectric, L50, F|\n|poke|p2|Incineroar, L50, M|\n|poke|p2|Hydreigon, L50, M|\n|poke|p2|Garchomp, L50, M|\n|poke|p2|Whimsicott, L50, F|\n|poke|p2|Farigiraf, L50, M|\n|teampreview|4\n|\n|t:|1776650988\n|teamsize|p1|4\n|teamsize|p2|4\n|start\n|switch|p1a: Aerodactyl|Aerodactyl, L50, M|100/100\n|switch|p1b: Feraligatr|Feraligatr, L50, M, shiny|100/100\n|switch|p2a: Farigiraf|Farigiraf, L50, M|100/100\n|switch|p2b: Whimsicott|Whimsicott, L50, F|100/100\n|-ability|p1a: Aerodactyl|Unnerve\n|turn|1\n|\n|t:|1776651013\n|detailschange|p1b: Feraligatr|Feraligatr-Mega, L50, M, shiny\n|-mega|p1b: Feraligatr|Feraligatr|Feraligite\n|move|p2b: Whimsicott|Tailwind|p2b: Whimsicott\n|-sidestart|p2: LightJKookie|move: Tailwind\n|move|p1a: Aerodactyl|Dual Wingbeat|p2b: Whimsicott\n|-supereffective|p2b: Whimsicott|1\n|-damage|p2b: Whimsicott|43/100\n|-supereffective|p2b: Whimsicott|1\n|-damage|p2b: Whimsicott|0 fnt\n|faint|p2b: Whimsicott\n|-hitcount|p2: Whimsicott|2\n|move|p2a: Farigiraf|Foul Play|p1b: Feraligatr\n|-damage|p1b: Feraligatr|60/100\n|move|p1b: Feraligatr|Dragon Dance|p1b: Feraligatr\n|-boost|p1b: Feraligatr|atk|1\n|-boost|p1b: Feraligatr|spe|1\n|\n|upkeep\n|\n|t:|1776651031\n|switch|p2b: Garchomp|Garchomp, L50, M|100/100\n|turn|2\n|\n|t:|1776651050\n|move|p1b: Feraligatr|Protect|p1b: Feraligatr\n|-singleturn|p1b: Feraligatr|Protect\n|move|p2b: Garchomp|Dragon Claw|p1b: Feraligatr\n|-activate|p1b: Feraligatr|move: Protect\n|move|p1a: Aerodactyl|Tailwind|p1a: Aerodactyl\n|-sidestart|p1: EisenMToR|move: Tailwind\n|move|p2a: Farigiraf|Foul Play|p1a: Aerodactyl\n|-damage|p1a: Aerodactyl|55/100\n|\n|upkeep\n|turn|3\n|\n|t:|1776651072\n|move|p2b: Garchomp|Dragon Claw|p1b: Feraligatr\n|-supereffective|p1b: Feraligatr|1\n|-crit|p1b: Feraligatr\n|-damage|p1b: Feraligatr|0 fnt\n|faint|p1b: Feraligatr\n|move|p1a: Aerodactyl|Rock Slide|p2a: Farigiraf|[spread] p2a,p2b\n|-resisted|p2b: Garchomp|1\n|-crit|p2b: Garchomp\n|-damage|p2a: Farigiraf|77/100\n|-damage|p2b: Garchomp|79/100\n|move|p2a: Farigiraf|Foul Play|p1a: Aerodactyl\n|-damage|p1a: Aerodactyl|6/100\n|\n|-heal|p2a: Farigiraf|83/100|[from] item: Leftovers\n|upkeep\n|\n|t:|1776651101\n|switch|p1b: Archaludon|Archaludon, L50, M, shiny|100/100\n|turn|4\n|\n|t:|1776651111\n|move|p1a: Aerodactyl|Protect|p1a: Aerodactyl\n|-singleturn|p1a: Aerodactyl|Protect\n|move|p1b: Archaludon|Protect|p1b: Archaludon\n|-singleturn|p1b: Archaludon|Protect\n|move|p2b: Garchomp|Dragon Claw|p1a: Aerodactyl\n|-activate|p1a: Aerodactyl|move: Protect\n|move|p2a: Farigiraf|Trick Room|p2a: Farigiraf\n|-fieldstart|move: Trick Room|[of] p2a: Farigiraf\n|\n|-heal|p2a: Farigiraf|89/100|[from] item: Leftovers\n|-sideend|p2: LightJKookie|move: Tailwind\n|upkeep\n|turn|5\n|\n|t:|1776651135\n|move|p2a: Farigiraf|Hyper Voice|p1a: Aerodactyl|[spread] p1a,p1b\n|-resisted|p1a: Aerodactyl|1\n|-resisted|p1b: Archaludon|1\n|-damage|p1a: Aerodactyl|0 fnt\n|-damage|p1b: Archaludon|77/100\n|faint|p1a: Aerodactyl\n|move|p2b: Garchomp|Dragon Claw|p1b: Archaludon\n|-damage|p1b: Archaludon|43/100\n|move|p1b: Archaludon|Draco Meteor|p2b: Garchomp\n|-supereffective|p2b: Garchomp|1\n|-damage|p2b: Garchomp|0 fnt\n|-unboost|p1b: Archaludon|spa|2\n|faint|p2b: Garchomp\n|\n|-heal|p2a: Farigiraf|95/100|[from] item: Leftovers\n|-sideend|p1: EisenMToR|move: Tailwind\n|upkeep\n|\n|t:|1776651149\n|switch|p2b: Manectric|Manectric, L50, F|100/100\n|switch|p1a: Sneasler|Sneasler, L50, F, shiny|100/100\n|turn|6\n|\n|t:|1776651178\n|detailschange|p2b: Manectric|Manectric-Mega, L50, F\n|-mega|p2b: Manectric|Manectric|Manectite\n|-ability|p2b: Manectric|Intimidate|boost\n|-unboost|p1a: Sneasler|atk|1\n|-unboost|p1b: Archaludon|atk|1\n|move|p2a: Farigiraf|Helping Hand|p2b: Manectric\n|-singleturn|p2b: Manectric|Helping Hand|[of] p2a: Farigiraf\n|move|p1a: Sneasler|Fake Out||[still]\n|cant|p2a: Farigiraf|ability: Armor Tail|Fake Out|[of] p1a: Sneasler\n|move|p1b: Archaludon|Draco Meteor|p2a: Farigiraf\n|-damage|p2a: Farigiraf|58/100\n|-unboost|p1b: Archaludon|spa|2\n|move|p2b: Manectric|Thunderbolt|p1a: Sneasler\n|-enditem|p1a: Sneasler|Focus Sash\n|-damage|p1a: Sneasler|1/100\n|\n|-heal|p2a: Farigiraf|64/100|[from] item: Leftovers\n|upkeep\n|turn|7\n|\n|t:|1776651199\n|move|p2a: Farigiraf|Hyper Voice|p1b: Archaludon|[spread] p1a,p1b\n|-resisted|p1b: Archaludon|1\n|-damage|p1a: Sneasler|0 fnt\n|-damage|p1b: Archaludon|18/100\n|faint|p1a: Sneasler\n|move|p1b: Archaludon|Flash Cannon|p2a: Farigiraf\n|-damage|p2a: Farigiraf|50/100\n|move|p2b: Manectric|Overheat|p1b: Archaludon\n|-damage|p1b: Archaludon|0 fnt\n|-unboost|p2b: Manectric|spa|2\n|faint|p1b: Archaludon\n|\n|win|LightJKookie\n|raw|EisenMToR's rating: 1129 &rarr; <strong>1101</strong><br />(-28 for losing)\n|raw|LightJKookie's rating: 1081 &rarr; <strong>1113</strong><br />(+32 for winning)\n|l|\u2606EisenMToR\n|player|p1|\n",
  "uploadtime": 1776651216,
  "views": 8,
  "formatid": "gen9championsvgc2026regma",
  "rating": 1101,
  "private": 0,
  "password": null
}