{
  "id": "gen9championsvgc2026regma-2582312192",
  "format": "[Gen 9 Champions] VGC 2026 Reg M-A",
  "players": [
    "PokeHys",
    "redistr"
  ],
  "log": "|j|\u2606PokeHys\n|j|\u2606redistr\n|t:|1776082339\n|gametype|doubles\n|player|p1|PokeHys|blackbelt-gen4dp|1418\n|player|p2|redistr|chili|1320\n|gen|9\n|tier|[Gen 9 Champions] VGC 2026 Reg M-A\n|rated|\n|rule|Species Clause: Limit one of each Pok\u00e9mon\n|rule|Item Clause: Limit 1 of each item\n|clearpoke\n|poke|p1|Torkoal, L50, F|\n|poke|p1|Farigiraf, L50, F|\n|poke|p1|Venusaur, L50, F|\n|poke|p1|Golurk, L50|\n|poke|p1|Incineroar, L50, M|\n|poke|p1|Charizard, L50, F|\n|poke|p2|Delphox, L50, F|\n|poke|p2|Garchomp, L50, F|\n|poke|p2|Floette-Eternal, L50, F|\n|poke|p2|Sneasler, L50, F|\n|poke|p2|Kingambit, L50, M|\n|poke|p2|Farigiraf, L50, F|\n|teampreview|4\n|inactive|Battle timer is ON: inactive players will automatically lose when time's up. (requested by redistr)\n|inactive|PokeHys also wants the timer to be on.\n|inactive|redistr has 60 seconds left.\n|\n|t:|1776082386\n|teamsize|p1|4\n|teamsize|p2|4\n|start\n|switch|p1a: Charizard|Charizard, L50, F|100/100\n|switch|p1b: Venusaur|Venusaur, L50, F|100/100\n|switch|p2a: NOT On My Watch|Farigiraf, L50, F, shiny|100/100\n|switch|p2b: Again Again!|Delphox, L50, F, shiny|100/100\n|turn|1\n|inactive|redistr has 30 seconds left.\n|\n|t:|1776082412\n|switch|p2a: Mother|Sneasler, L50, F, shiny|100/100\n|detailschange|p2b: Again Again!|Delphox-Mega, L50, F, shiny\n|-mega|p2b: Again Again!|Delphox|Delphoxite\n|detailschange|p1a: Charizard|Charizard-Mega-Y, L50, F\n|-mega|p1a: Charizard|Charizard|Charizardite Y\n|-weather|SunnyDay|[from] ability: Drought|[of] p1a: Charizard\n|move|p1b: Venusaur|Sludge Bomb|p2a: Mother\n|-resisted|p2a: Mother|1\n|-damage|p2a: Mother|69/100\n|move|p2b: Again Again!|Psychic|p1b: Venusaur\n|-supereffective|p1b: Venusaur|1\n|-enditem|p1b: Venusaur|Focus Sash\n|-damage|p1b: Venusaur|1/100\n|move|p1a: Charizard|Heat Wave|p2b: Again Again!|[spread] p2a,p2b\n|-resisted|p2b: Again Again!|1\n|-damage|p2a: Mother|0 fnt\n|-damage|p2b: Again Again!|73/100\n|faint|p2a: Mother\n|\n|-weather|SunnyDay|[upkeep]\n|upkeep\n|\n|t:|1776082430\n|switch|p2a: Butch Queen|Kingambit, L50, M, shiny|100/100\n|turn|2\n|\n|t:|1776082441\n|move|p2a: Butch Queen|Sucker Punch|p1a: Charizard\n|-damage|p1a: Charizard|50/100\n|move|p1b: Venusaur|Sleep Powder|p2b: Again Again!\n|-status|p2b: Again Again!|slp|[from] move: Sleep Powder\n|cant|p2b: Again Again!|slp\n|move|p1a: Charizard|Weather Ball|p2a: Butch Queen\n|-supereffective|p2a: Butch Queen|1\n|-crit|p2a: Butch Queen\n|-damage|p2a: Butch Queen|0 fnt\n|faint|p2a: Butch Queen\n|\n|-weather|SunnyDay|[upkeep]\n|upkeep\n|\n|t:|1776082448\n|switch|p2a: NOT On My Watch|Farigiraf, L50, F, shiny|100/100\n|turn|3\n|\n|t:|1776082455\n|move|p2a: NOT On My Watch|Protect|p2a: NOT On My Watch\n|-singleturn|p2a: NOT On My Watch|Protect\n|move|p1b: Venusaur|Sludge Bomb|p2a: NOT On My Watch\n|-activate|p2a: NOT On My Watch|move: Protect\n|cant|p2b: Again Again!|slp\n|move|p1a: Charizard|Heat Wave|p2b: Again Again!|[spread] p2b\n|-activate|p2a: NOT On My Watch|move: Protect\n|-resisted|p2b: Again Again!|1\n|-damage|p2b: Again Again!|45/100 slp\n|\n|-weather|SunnyDay|[upkeep]\n|upkeep\n|turn|4\n|\n|t:|1776082465\n|move|p2a: NOT On My Watch|Protect||[still]\n|-fail|p2a: NOT On My Watch\n|move|p1b: Venusaur|Sludge Bomb|p2b: Again Again!\n|-damage|p2b: Again Again!|2/100 slp\n|-curestatus|p2b: Again Again!|slp|[msg]\n|move|p2b: Again Again!|Heat Wave|p1b: Venusaur|[spread] p1a,p1b\n|-resisted|p1a: Charizard|1\n|-supereffective|p1b: Venusaur|1\n|-damage|p1a: Charizard|23/100\n|-damage|p1b: Venusaur|0 fnt\n|faint|p1b: Venusaur\n|move|p1a: Charizard|Heat Wave|p2a: NOT On My Watch|[spread] p2a\n|-miss|p1a: Charizard|p2b: Again Again!\n|-damage|p2a: NOT On My Watch|42/100\n|-status|p2a: NOT On My Watch|brn\n|\n|-weather|SunnyDay|[upkeep]\n|-heal|p2a: NOT On My Watch|48/100 brn|[from] item: Leftovers\n|-damage|p2a: NOT On My Watch|42/100 brn|[from] brn\n|upkeep\n|\n|t:|1776082469\n|switch|p1b: Incineroar|Incineroar, L50, M|100/100\n|-ability|p1b: Incineroar|Intimidate|boost\n|-unboost|p2a: NOT On My Watch|atk|1\n|-unboost|p2b: Again Again!|atk|1\n|turn|5\n|\n|t:|1776082482\n|move|p2b: Again Again!|Protect|p2b: Again Again!\n|-singleturn|p2b: Again Again!|Protect\n|move|p2a: NOT On My Watch|Protect|p2a: NOT On My Watch\n|-singleturn|p2a: NOT On My Watch|Protect\n|move|p1b: Incineroar|Fake Out||[still]\n|cant|p2a: NOT On My Watch|ability: Armor Tail|Fake Out|[of] p1b: Incineroar\n|move|p1a: Charizard|Weather Ball|p2a: NOT On My Watch\n|-activate|p2a: NOT On My Watch|move: Protect\n|\n|-weather|none\n|-heal|p2a: NOT On My Watch|48/100 brn|[from] item: Leftovers\n|-damage|p2a: NOT On My Watch|42/100 brn|[from] brn\n|upkeep\n|turn|6\n|\n|t:|1776082489\n|move|p2b: Again Again!|Encore|p1b: Incineroar\n|-start|p1b: Incineroar|Encore\n|move|p1b: Incineroar|Fake Out||[still]\n|cant|p2a: NOT On My Watch|ability: Armor Tail|Fake Out|[of] p1b: Incineroar\n|move|p1a: Charizard|Heat Wave|p2a: NOT On My Watch|[spread] p2a,p2b\n|-resisted|p2b: Again Again!|1\n|-crit|p2b: Again Again!\n|-damage|p2a: NOT On My Watch|3/100 brn\n|-damage|p2b: Again Again!|0 fnt\n|faint|p2b: Again Again!\n|move|p2a: NOT On My Watch|Hyper Voice|p1b: Incineroar|[spread] p1a,p1b\n|-damage|p1a: Charizard|0 fnt\n|-damage|p1b: Incineroar|74/100\n|faint|p1a: Charizard\n|\n|-heal|p2a: NOT On My Watch|9/100 brn|[from] item: Leftovers\n|-damage|p2a: NOT On My Watch|3/100 brn|[from] brn\n|upkeep\n|\n|t:|1776082491\n|switch|p1a: Farigiraf|Farigiraf, L50, F|100/100\n|turn|7\n|\n|t:|1776082497\n|-activate|p1b: Incineroar|move: Struggle\n|move|p1b: Incineroar|Struggle|p2a: NOT On My Watch\n|-damage|p2a: NOT On My Watch|0 fnt\n|faint|p2a: NOT On My Watch\n|-damage|p1b: Incineroar|49/100|[from] recoil\n|\n|win|PokeHys\n|raw|PokeHys's rating: 1418 &rarr; <strong>1433</strong><br />(+15 for winning)\n|raw|redistr's rating: 1320 &rarr; <strong>1305</strong><br />(-15 for losing)\n|l|\u2606redistr\n|player|p2|\n",
  "uploadtime": 1776082507,
  "views": 39,
  "formatid": "gen9championsvgc2026regma",
  "rating": 1305,
  "private": 0,
  "password": null
}