{
  "id": "gen9championsvgc2026regma-2586808630",
  "format": "[Gen 9 Champions] VGC 2026 Reg M-A",
  "players": [
    "dingoconperish",
    "CementTheBlock"
  ],
  "log": "|j|\u2606dingoconperish\n|j|\u2606CementTheBlock\n|t:|1776461621\n|gametype|doubles\n|player|p1|dingoconperish|guitarist-gen4|1176\n|player|p2|CementTheBlock|pokefanf|1190\n|gen|9\n|tier|[Gen 9 Champions] VGC 2026 Reg M-A\n|rated|\n|rule|Species Clause: Limit one of each Pok\u00e9mon\n|rule|Item Clause: Limit 1 of each item\n|clearpoke\n|poke|p1|Starmie, L50|\n|poke|p1|Tsareena, L50, F|\n|poke|p1|Aerodactyl, L50, M|\n|poke|p1|Volcarona, L50, F|\n|poke|p1|Heliolisk, L50, M|\n|poke|p1|Incineroar, L50, M|\n|poke|p2|Froslass, L50, F|\n|poke|p2|Arcanine-Hisui, L50, M|\n|poke|p2|Sinistcha, L50|\n|poke|p2|Palafin, L50, M|\n|poke|p2|Kingambit, L50, F|\n|poke|p2|Sneasler, L50, M|\n|teampreview|4\n|inactive|Battle timer is ON: inactive players will automatically lose when time's up. (requested by CementTheBlock)\n|inactive|dingoconperish has 60 seconds left.\n|\n|t:|1776461654\n|teamsize|p1|4\n|teamsize|p2|4\n|start\n|switch|p1a: Aerodactyl|Aerodactyl, L50, M|100/100\n|switch|p1b: Starmie|Starmie, L50|100/100\n|switch|p2a: Froslass|Froslass, L50, F|100/100\n|switch|p2b: Palafin|Palafin, L50, M|100/100\n|-ability|p1a: Aerodactyl|Unnerve\n|turn|1\n|\n|t:|1776461673\n|detailschange|p2b: Palafin|Palafin-Hero, L50, M\n|switch|p2b: Arcanine|Arcanine-Hisui, L50, M|100/100\n|-ability|p2b: Arcanine|Intimidate|boost\n|-unboost|p1a: Aerodactyl|atk|1\n|-unboost|p1b: Starmie|atk|1\n|detailschange|p2a: Froslass|Froslass-Mega, L50, F\n|-mega|p2a: Froslass|Froslass|Froslassite\n|-weather|Snowscape|[from] ability: Snow Warning|[of] p2a: Froslass\n|detailschange|p1b: Starmie|Starmie-Mega, L50\n|-mega|p1b: Starmie|Starmie|Starminite\n|move|p1a: Aerodactyl|Tailwind|p1a: Aerodactyl\n|-sidestart|p1: dingoconperish|move: Tailwind\n|move|p1b: Starmie|Liquidation|p2a: Froslass\n|-damage|p2a: Froslass|39/100\n|-unboost|p2a: Froslass|def|1\n|move|p2a: Froslass|Aurora Veil|p2a: Froslass\n|-sidestart|p2: CementTheBlock|move: Aurora Veil\n|\n|-weather|Snowscape|[upkeep]\n|upkeep\n|turn|2\n|\n|t:|1776461698\n|switch|p2b: Sinistcha|Sinistcha, L50|100/100\n|-heal|p2a: Froslass|64/100|[from] ability: Hospitality|[of] p2b: Sinistcha\n|move|p2a: Froslass|Protect|p2a: Froslass\n|-singleturn|p2a: Froslass|Protect\n|move|p1a: Aerodactyl|Rock Slide|p2b: Sinistcha|[spread] p2b\n|-activate|p2a: Froslass|move: Protect\n|-damage|p2b: Sinistcha|92/100\n|move|p1b: Starmie|Liquidation|p2b: Sinistcha\n|-resisted|p2b: Sinistcha|1\n|-damage|p2b: Sinistcha|77/100\n|\n|-weather|Snowscape|[upkeep]\n|-heal|p2b: Sinistcha|83/100|[from] item: Leftovers\n|upkeep\n|turn|3\n|inactive|dingoconperish has 30 seconds left.\n|\n|t:|1776461731\n|switch|p1b: Incineroar|Incineroar, L50, M|100/100\n|-ability|p1b: Incineroar|Intimidate|boost\n|-unboost|p2a: Froslass|atk|1\n|-unboost|p2b: Sinistcha|atk|1\n|switch|p2a: Arcanine|Arcanine-Hisui, L50, M|100/100\n|-ability|p2a: Arcanine|Intimidate|boost\n|-unboost|p1a: Aerodactyl|atk|1\n|-unboost|p1b: Incineroar|atk|1\n|move|p1a: Aerodactyl|Dual Wingbeat|p2b: Sinistcha\n|-supereffective|p2b: Sinistcha|1\n|-damage|p2b: Sinistcha|74/100\n|-supereffective|p2b: Sinistcha|1\n|-damage|p2b: Sinistcha|62/100\n|-hitcount|p2b: Sinistcha|2\n|move|p2b: Sinistcha|Matcha Gotcha|p1a: Aerodactyl|[spread] p1a,p1b\n|-resisted|p1b: Incineroar|1\n|-damage|p1a: Aerodactyl|66/100\n|-heal|p2b: Sinistcha|77/100|[from] drain|[of] p1a: Aerodactyl\n|-damage|p1b: Incineroar|90/100\n|-heal|p2b: Sinistcha|84/100|[from] drain|[of] p1b: Incineroar\n|\n|-weather|Snowscape|[upkeep]\n|-heal|p2b: Sinistcha|90/100|[from] item: Leftovers\n|upkeep\n|turn|4\n|inactive|CementTheBlock has 30 seconds left.\n|\n|t:|1776461763\n|switch|p2b: Palafin|Palafin-Hero, L50, M|100/100\n|-activate|p2b: Palafin|ability: Zero to Hero\n|move|p1a: Aerodactyl|Protect|p1a: Aerodactyl\n|-singleturn|p1a: Aerodactyl|Protect\n|move|p2a: Arcanine|Protect|p2a: Arcanine\n|-singleturn|p2a: Arcanine|Protect\n|move|p1b: Incineroar|Fake Out|p2a: Arcanine\n|-activate|p2a: Arcanine|move: Protect\n|\n|-weather|Snowscape|[upkeep]\n|-sideend|p1: dingoconperish|move: Tailwind\n|upkeep\n|turn|5\n|\n|t:|1776461783\n|move|p2b: Palafin|Jet Punch|p1b: Incineroar\n|-supereffective|p1b: Incineroar|1\n|-damage|p1b: Incineroar|15/100\n|move|p1a: Aerodactyl|Tailwind|p1a: Aerodactyl\n|-sidestart|p1: dingoconperish|move: Tailwind\n|move|p1b: Incineroar|Parting Shot|p2b: Palafin\n|-unboost|p2b: Palafin|atk|1\n|-unboost|p2b: Palafin|spa|1\n|\n|t:|1776461793\n|switch|p1b: Starmie|Starmie-Mega, L50|100/100|[from] Parting Shot\n|move|p2a: Arcanine|Rock Slide|p1a: Aerodactyl|[spread] p1a,p1b\n|-supereffective|p1a: Aerodactyl|1\n|-damage|p1a: Aerodactyl|0 fnt\n|-damage|p1b: Starmie|68/100\n|faint|p1a: Aerodactyl\n|\n|-weather|none\n|-sideend|p2: CementTheBlock|move: Aurora Veil\n|upkeep\n|\n|t:|1776461801\n|switch|p1a: Volcarona|Volcarona, L50, F|100/100\n|turn|6\n|\n|t:|1776461818\n|switch|p2b: Sinistcha|Sinistcha, L50|90/100\n|move|p2a: Arcanine|Protect|p2a: Arcanine\n|-singleturn|p2a: Arcanine|Protect\n|move|p1b: Starmie|Liquidation|p2a: Arcanine\n|-activate|p2a: Arcanine|move: Protect\n|move|p1a: Volcarona|Giga Drain|p2b: Sinistcha\n|-resisted|p2b: Sinistcha|1\n|-damage|p2b: Sinistcha|80/100\n|\n|-heal|p2b: Sinistcha|86/100|[from] item: Leftovers\n|upkeep\n|turn|7\n|\n|t:|1776461843\n|switch|p2a: Palafin|Palafin-Hero, L50, M|100/100\n|move|p2b: Sinistcha|Protect|p2b: Sinistcha\n|-singleturn|p2b: Sinistcha|Protect\n|move|p1b: Starmie|Liquidation|p2a: Palafin\n|-resisted|p2a: Palafin|1\n|-damage|p2a: Palafin|58/100\n|move|p1a: Volcarona|Quiver Dance|p1a: Volcarona\n|-boost|p1a: Volcarona|spa|1\n|-boost|p1a: Volcarona|spd|1\n|-boost|p1a: Volcarona|spe|1\n|\n|-heal|p2b: Sinistcha|92/100|[from] item: Leftovers\n|upkeep\n|turn|8\n|\n|t:|1776461864\n|switch|p1b: Incineroar|Incineroar, L50, M|15/100\n|-ability|p1b: Incineroar|Intimidate|boost\n|-unboost|p2a: Palafin|atk|1\n|-unboost|p2b: Sinistcha|atk|1\n|switch|p2b: Arcanine|Arcanine-Hisui, L50, M|100/100\n|-ability|p2b: Arcanine|Intimidate|boost\n|-unboost|p1a: Volcarona|atk|1\n|-unboost|p1b: Incineroar|atk|1\n|move|p2a: Palafin|Protect|p2a: Palafin\n|-singleturn|p2a: Palafin|Protect\n|move|p1a: Volcarona|Giga Drain|p2a: Palafin\n|-activate|p2a: Palafin|move: Protect\n|\n|-sideend|p1: dingoconperish|move: Tailwind\n|upkeep\n|turn|9\n|inactive|CementTheBlock has 30 seconds left.\n|\n|t:|1776461892\n|switch|p2a: Froslass|Froslass-Mega, L50, F|64/100\n|-weather|Snowscape|[from] ability: Snow Warning|[of] p2a: Froslass\n|move|p1b: Incineroar|Fake Out|p2b: Arcanine\n|-resisted|p2b: Arcanine|1\n|-damage|p2b: Arcanine|96/100\n|move|p1a: Volcarona|Giga Drain|p2a: Froslass\n|-damage|p2a: Froslass|22/100\n|cant|p2b: Arcanine|flinch\n|\n|-weather|Snowscape|[upkeep]\n|upkeep\n|turn|10\n|\n|t:|1776461907\n|move|p1a: Volcarona|Protect|p1a: Volcarona\n|-singleturn|p1a: Volcarona|Protect\n|move|p2a: Froslass|Aurora Veil|p2a: Froslass\n|-sidestart|p2: CementTheBlock|move: Aurora Veil\n|move|p2b: Arcanine|Rock Slide|p1b: Incineroar|[spread] p1b\n|-activate|p1a: Volcarona|move: Protect\n|-supereffective|p1b: Incineroar|1\n|-damage|p1b: Incineroar|0 fnt\n|faint|p1b: Incineroar\n|\n|-weather|Snowscape|[upkeep]\n|upkeep\n|\n|t:|1776461913\n|switch|p1b: Starmie|Starmie-Mega, L50|68/100\n|turn|11\n|\n|t:|1776461926\n|move|p1b: Starmie|Aqua Jet|p2b: Arcanine\n|-supereffective|p2b: Arcanine|2\n|-enditem|p2b: Arcanine|Passho Berry|[eat]\n|-enditem|p2b: Arcanine|Passho Berry|[weaken]\n|-damage|p2b: Arcanine|33/100\n|move|p2a: Froslass|Shadow Ball|p1b: Starmie\n|-supereffective|p1b: Starmie|1\n|-damage|p1b: Starmie|0 fnt\n|faint|p1b: Starmie\n|move|p1a: Volcarona|Heat Wave|p2b: Arcanine|[spread] p2a,p2b\n|-supereffective|p2a: Froslass|1\n|-resisted|p2b: Arcanine|2\n|-damage|p2a: Froslass|0 fnt\n|-damage|p2b: Arcanine|23/100\n|faint|p2a: Froslass\n|move|p2b: Arcanine|Rock Slide|p1a: Volcarona\n|-supereffective|p1a: Volcarona|2\n|-damage|p1a: Volcarona|0 fnt\n|faint|p1a: Volcarona\n|\n|win|CementTheBlock\n|raw|dingoconperish's rating: 1176 &rarr; <strong>1152</strong><br />(-24 for losing)\n|raw|CementTheBlock's rating: 1190 &rarr; <strong>1214</strong><br />(+24 for winning)\n|l|\u2606dingoconperish\n|player|p1|\n",
  "uploadtime": 1776461990,
  "views": 21,
  "formatid": "gen9championsvgc2026regma",
  "rating": 1152,
  "private": 0,
  "password": null
}