{
  "id": "gen9championsvgc2026regma-2584448625",
  "format": "[Gen 9 Champions] VGC 2026 Reg M-A",
  "players": [
    "Spearstorms",
    "ASlabOfBacon"
  ],
  "log": "|j|\u2606Spearstorms\n|j|\u2606ASlabOfBacon\n|t:|1776261600\n|gametype|doubles\n|player|p1|Spearstorms|266|1087\n|player|p2|ASlabOfBacon|170|1160\n|gen|9\n|tier|[Gen 9 Champions] VGC 2026 Reg M-A\n|rated|\n|rule|Species Clause: Limit one of each Pok\u00e9mon\n|rule|Item Clause: Limit 1 of each item\n|clearpoke\n|poke|p1|Milotic, L50, M|\n|poke|p1|Sinistcha-Masterpiece, L50|\n|poke|p1|Froslass, L50, F|\n|poke|p1|Incineroar, L50, M|\n|poke|p1|Aerodactyl, L50, F|\n|poke|p1|Sneasler, L50, M|\n|poke|p2|Aerodactyl, L50, F|\n|poke|p2|Meganium, L50, F|\n|poke|p2|Kangaskhan, L50, F|\n|poke|p2|Archaludon, L50, F|\n|poke|p2|Tauros-Paldea-Aqua, L50, M|\n|poke|p2|Typhlosion-Hisui, L50, F|\n|teampreview|4\n|\n|t:|1776261633\n|teamsize|p1|4\n|teamsize|p2|4\n|start\n|switch|p1a: Aerodactyl|Aerodactyl, L50, F|100/100\n|switch|p1b: Sneasler|Sneasler, L50, M|100/100\n|switch|p2a: Typhlosion|Typhlosion-Hisui, L50, F|100/100\n|switch|p2b: Tauros|Tauros-Paldea-Aqua, L50, M|100/100\n|-ability|p1a: Aerodactyl|Unnerve\n|-item|p1a: Aerodactyl|Focus Sash|[from] ability: Frisk|[of] p2a: Typhlosion\n|-item|p1b: Sneasler|White Herb|[from] ability: Frisk|[of] p2a: Typhlosion\n|-ability|p2b: Tauros|Intimidate|boost\n|-unboost|p1a: Aerodactyl|atk|1\n|-unboost|p1b: Sneasler|atk|1\n|-enditem|p1b: Sneasler|White Herb\n|-clearnegativeboost|p1b: Sneasler|[silent]\n|turn|1\n|\n|t:|1776261667\n|switch|p1b: Milotic|Milotic, L50, M|100/100\n|switch|p2b: Aerodactyl|Aerodactyl, L50, F|100/100\n|-ability|p2b: Aerodactyl|Unnerve\n|move|p2a: Typhlosion|Eruption|p1b: Milotic|[spread] p1a,p1b\n|-resisted|p1a: Aerodactyl|1\n|-resisted|p1b: Milotic|1\n|-damage|p1a: Aerodactyl|56/100\n|-damage|p1b: Milotic|77/100\n|move|p1a: Aerodactyl|Tailwind|p1a: Aerodactyl\n|-sidestart|p1: Spearstorms|move: Tailwind\n|\n|-heal|p1b: Milotic|83/100|[from] item: Leftovers\n|upkeep\n|turn|2\n|\n|t:|1776261686\n|switch|p2a: Archaludon|Archaludon, L50, F|100/100\n|move|p1a: Aerodactyl|Rock Slide|p2a: Archaludon|[spread] p2a,p2b\n|-resisted|p2a: Archaludon|1\n|-supereffective|p2b: Aerodactyl|1\n|-damage|p2a: Archaludon|93/100\n|-damage|p2b: Aerodactyl|46/100\n|move|p1b: Milotic|Muddy Water|p2a: Archaludon|[spread] p2a,p2b\n|-resisted|p2a: Archaludon|1\n|-supereffective|p2b: Aerodactyl|1\n|-damage|p2a: Archaludon|75/100\n|-damage|p2b: Aerodactyl|0 fnt\n|faint|p2b: Aerodactyl\n|\n|-heal|p1b: Milotic|89/100|[from] item: Leftovers\n|-heal|p2a: Archaludon|81/100|[from] item: Leftovers\n|upkeep\n|\n|t:|1776261705\n|switch|p2b: Typhlosion|Typhlosion-Hisui, L50, F|100/100\n|-item|p1a: Aerodactyl|Focus Sash|[from] ability: Frisk|[of] p2b: Typhlosion\n|-item|p1b: Milotic|Leftovers|[from] ability: Frisk|[of] p2b: Typhlosion\n|turn|3\n|\n|t:|1776261737\n|switch|p1a: Incineroar|Incineroar, L50, M|100/100\n|-ability|p1a: Incineroar|Intimidate|boost\n|-unboost|p2a: Archaludon|atk|1\n|-unboost|p2b: Typhlosion|atk|1\n|move|p2b: Typhlosion|Shadow Ball|p1b: Milotic\n|-damage|p1b: Milotic|58/100\n|move|p1b: Milotic|Scald|p2b: Typhlosion\n|-supereffective|p2b: Typhlosion|1\n|-damage|p2b: Typhlosion|22/100\n|move|p2a: Archaludon|Flash Cannon|p1a: Incineroar\n|-resisted|p1a: Incineroar|1\n|-crit|p1a: Incineroar\n|-damage|p1a: Incineroar|66/100\n|\n|-heal|p1b: Milotic|64/100|[from] item: Leftovers\n|-heal|p2a: Archaludon|87/100|[from] item: Leftovers\n|upkeep\n|turn|4\n|\n|t:|1776261762\n|move|p2b: Typhlosion|Shadow Ball|p1b: Milotic\n|-damage|p1b: Milotic|33/100\n|-unboost|p1b: Milotic|spd|1\n|-ability|p1b: Milotic|Competitive|boost\n|-boost|p1b: Milotic|spa|2\n|move|p1b: Milotic|Muddy Water|p2a: Archaludon|[spread] p2a,p2b\n|-resisted|p2a: Archaludon|1\n|-supereffective|p2b: Typhlosion|1\n|-damage|p2a: Archaludon|53/100\n|-damage|p2b: Typhlosion|0 fnt\n|faint|p2b: Typhlosion\n|move|p1a: Incineroar|Flare Blitz|p2a: Archaludon\n|-damage|p2a: Archaludon|0 fnt\n|faint|p2a: Archaludon\n|-damage|p1a: Incineroar|52/100|[from] Recoil\n|\n|-heal|p1b: Milotic|39/100|[from] item: Leftovers\n|-sideend|p1: Spearstorms|move: Tailwind\n|upkeep\n|\n|t:|1776261775\n|switch|p2b: Tauros|Tauros-Paldea-Aqua, L50, M|100/100\n|-ability|p2b: Tauros|Intimidate|boost\n|-unboost|p1a: Incineroar|atk|1\n|-unboost|p1b: Milotic|atk|1\n|-ability|p1b: Milotic|Competitive|boost\n|-boost|p1b: Milotic|spa|2\n|turn|5\n|\n|t:|1776261784\n|move|p1b: Milotic|Protect|p1b: Milotic\n|-singleturn|p1b: Milotic|Protect\n|move|p2b: Tauros|Close Combat|p1b: Milotic\n|-activate|p1b: Milotic|move: Protect\n|move|p1a: Incineroar|Parting Shot|p2b: Tauros\n|-unboost|p2b: Tauros|atk|1\n|-unboost|p2b: Tauros|spa|1\n|\n|t:|1776261790\n|switch|p1a: Aerodactyl|Aerodactyl, L50, F|56/100|[from] Parting Shot\n|-enditem|p2b: Tauros|White Herb\n|-clearnegativeboost|p2b: Tauros|[silent]\n|-ability|p1a: Aerodactyl|Unnerve\n|\n|-heal|p1b: Milotic|45/100|[from] item: Leftovers\n|upkeep\n|turn|6\n|-message|ASlabOfBacon forfeited.\n|\n|win|Spearstorms\n|raw|Spearstorms's rating: 1087 &rarr; <strong>1120</strong><br />(+33 for winning)\n|raw|ASlabOfBacon's rating: 1160 &rarr; <strong>1130</strong><br />(-30 for losing)\n|l|\u2606ASlabOfBacon\n|player|p2|\n",
  "uploadtime": 1776261794,
  "views": 30,
  "formatid": "gen9championsvgc2026regma",
  "rating": 1120,
  "private": 0,
  "password": null
}