{
  "id": "gen9championsvgc2026regma-2581217078",
  "format": "[Gen 9 Champions] VGC 2026 Reg M-A",
  "players": [
    "yamzinyobooty",
    "Zach1717"
  ],
  "log": "|j|\u2606yamzinyobooty\n|j|\u2606Zach1717\n|t:|1775972006\n|gametype|doubles\n|player|p1|yamzinyobooty|102|1068\n|player|p2|Zach1717|wattson|1136\n|gen|9\n|tier|[Gen 9 Champions] VGC 2026 Reg M-A\n|rated|\n|rule|Species Clause: Limit one of each Pok\u00e9mon\n|rule|Item Clause: Limit 1 of each item\n|clearpoke\n|poke|p1|Tyranitar, L50, M|\n|poke|p1|Excadrill, L50, M|\n|poke|p1|Rotom-Wash, L50|\n|poke|p1|Basculegion, L50, M|\n|poke|p1|Meganium, L50, F|\n|poke|p1|Talonflame, L50, F|\n|poke|p2|Scovillain, L50, M|\n|poke|p2|Garchomp, L50, M|\n|poke|p2|Primarina, L50, F|\n|poke|p2|Kingambit, L50, F|\n|poke|p2|Dragonite, L50, M|\n|poke|p2|Sneasler, L50, M|\n|teampreview|4\n|inactive|Battle timer is ON: inactive players will automatically lose when time's up. (requested by yamzinyobooty)\n|\n|t:|1775972033\n|teamsize|p1|4\n|teamsize|p2|4\n|start\n|switch|p1a: Rotom|Rotom-Wash, L50, shiny|100/100\n|switch|p1b: Basculegion|Basculegion, L50, M|100/100\n|switch|p2a: Sneasler|Sneasler, L50, M|100/100\n|switch|p2b: JOE VILLAIN|Scovillain, L50, M, shiny|100/100\n|turn|1\n|inactive|yamzinyobooty has 30 seconds left.\n|\n|t:|1775972059\n|move|p1a: Rotom|Protect|p1a: Rotom\n|-singleturn|p1a: Rotom|Protect\n|move|p2a: Sneasler|Fake Out|p1a: Rotom\n|-activate|p1a: Rotom|move: Protect\n|move|p1b: Basculegion|Wave Crash|p2a: Sneasler\n|-enditem|p2a: Sneasler|Focus Sash\n|-damage|p2a: Sneasler|1/100\n|-damage|p1b: Basculegion|75/100|[from] Recoil\n|move|p2b: JOE VILLAIN|Giga Drain|p1b: Basculegion\n|-supereffective|p1b: Basculegion|1\n|-damage|p1b: Basculegion|14/100\n|\n|-ability|p2b: JOE VILLAIN|Moody|boost\n|-boost|p2b: JOE VILLAIN|spe|2\n|-unboost|p2b: JOE VILLAIN|spd|1\n|upkeep\n|turn|2\n|inactive|Zach1717 has 30 seconds left.\n|\n|t:|1775972088\n|detailschange|p2b: JOE VILLAIN|Scovillain-Mega, L50, M, shiny\n|-mega|p2b: JOE VILLAIN|Scovillain|Scovillainite\n|move|p2b: JOE VILLAIN|Rage Powder|p2b: JOE VILLAIN\n|-singleturn|p2b: JOE VILLAIN|move: Rage Powder\n|move|p2a: Sneasler|Dire Claw|p1a: Rotom\n|-damage|p1a: Rotom|51/100\n|move|p1b: Basculegion|Wave Crash|p2b: JOE VILLAIN\n|-damage|p2b: JOE VILLAIN|29/100\n|-status|p1b: Basculegion|brn|[from] ability: Spicy Spray|[of] p2b: JOE VILLAIN\n|-damage|p1b: Basculegion|0 fnt|[from] Recoil\n|faint|p1b: Basculegion\n|move|p1a: Rotom|Electroweb|p2b: JOE VILLAIN|[spread] p2a,p2b\n|-resisted|p2b: JOE VILLAIN|1\n|-damage|p2a: Sneasler|0 fnt\n|-damage|p2b: JOE VILLAIN|17/100\n|-unboost|p2b: JOE VILLAIN|spe|1\n|-status|p1a: Rotom|brn|[from] ability: Spicy Spray|[of] p2b: JOE VILLAIN\n|faint|p2a: Sneasler\n|\n|-damage|p1a: Rotom|45/100 brn|[from] brn\n|upkeep\n|-enditem|p1a: Rotom|Sitrus Berry|[eat]\n|-heal|p1a: Rotom|70/100 brn|[from] item: Sitrus Berry\n|\n|t:|1775972110\n|switch|p2a: Garchomp|Garchomp, L50, M|100/100\n|switch|p1b: Tyranitar|Tyranitar, L50, M|100/100\n|-weather|Sandstorm|[from] ability: Sand Stream|[of] p1b: Tyranitar\n|turn|3\n|\n|t:|1775972129\n|move|p2a: Garchomp|Stomping Tantrum|p1b: Tyranitar\n|-supereffective|p1b: Tyranitar|1\n|-damage|p1b: Tyranitar|53/100\n|move|p2b: JOE VILLAIN|Giga Drain|p1a: Rotom\n|-supereffective|p1a: Rotom|1\n|-damage|p1a: Rotom|2/100 brn\n|-heal|p2b: JOE VILLAIN|46/100|[from] drain|[of] p1a: Rotom\n|move|p1a: Rotom|Hydro Pump|p2a: Garchomp\n|-damage|p2a: Garchomp|58/100\n|move|p1b: Tyranitar|Knock Off|p2a: Garchomp\n|-damage|p2a: Garchomp|9/100\n|-damage|p1b: Tyranitar|41/100|[from] ability: Rough Skin|[of] p2a: Garchomp\n|-enditem|p2a: Garchomp|Lum Berry|[from] move: Knock Off|[of] p1b: Tyranitar\n|\n|-weather|Sandstorm|[upkeep]\n|-damage|p2b: JOE VILLAIN|40/100|[from] Sandstorm\n|-damage|p1a: Rotom|0 fnt|[from] Sandstorm\n|faint|p1a: Rotom\n|upkeep\n|\n|t:|1775972149\n|switch|p1a: Excadrill|Excadrill, L50, M|100/100\n|turn|4\n|\n|t:|1775972169\n|move|p2b: JOE VILLAIN|Protect|p2b: JOE VILLAIN\n|-singleturn|p2b: JOE VILLAIN|Protect\n|move|p1b: Tyranitar|Protect|p1b: Tyranitar\n|-singleturn|p1b: Tyranitar|Protect\n|move|p1a: Excadrill|Earthquake|p2a: Garchomp|[spread] p2a\n|-activate|p1b: Tyranitar|move: Protect\n|-activate|p2b: JOE VILLAIN|move: Protect\n|-damage|p2a: Garchomp|0 fnt\n|faint|p2a: Garchomp\n|\n|-weather|Sandstorm|[upkeep]\n|-damage|p2b: JOE VILLAIN|34/100|[from] Sandstorm\n|upkeep\n|\n|t:|1775972181\n|switch|p2a: Primarina|Primarina, L50, F|100/100\n|turn|5\n|\n|t:|1775972200\n|move|p1a: Excadrill|Iron Head|p2a: Primarina\n|-damage|p2a: Primarina|51/100\n|move|p2b: JOE VILLAIN|Giga Drain|p1a: Excadrill\n|-damage|p1a: Excadrill|53/100\n|-heal|p2b: JOE VILLAIN|60/100|[from] drain|[of] p1a: Excadrill\n|move|p1b: Tyranitar|Rock Slide|p2b: JOE VILLAIN|[spread] p2a,p2b\n|-supereffective|p2b: JOE VILLAIN|1\n|-damage|p2a: Primarina|20/100\n|-damage|p2b: JOE VILLAIN|9/100\n|-status|p1b: Tyranitar|brn|[from] ability: Spicy Spray|[of] p2b: JOE VILLAIN\n|cant|p2a: Primarina|flinch\n|\n|-weather|Sandstorm|[upkeep]\n|-damage|p2b: JOE VILLAIN|3/100|[from] Sandstorm\n|-damage|p2a: Primarina|14/100|[from] Sandstorm\n|-heal|p2a: Primarina|20/100|[from] item: Leftovers\n|-damage|p1b: Tyranitar|35/100 brn|[from] brn\n|upkeep\n|turn|6\n|inactive|Zach1717 has 30 seconds left.\n|c|\u2606yamzinyobooty|ggs\n|\n|t:|1775972228\n|move|p1b: Tyranitar|Protect|p1b: Tyranitar\n|-singleturn|p1b: Tyranitar|Protect\n|move|p2a: Primarina|Protect|p2a: Primarina\n|-singleturn|p2a: Primarina|Protect\n|move|p2b: JOE VILLAIN|Rage Powder|p2b: JOE VILLAIN\n|-singleturn|p2b: JOE VILLAIN|move: Rage Powder\n|move|p1a: Excadrill|Earthquake|p2b: JOE VILLAIN|[spread] p2b\n|-activate|p1b: Tyranitar|move: Protect\n|-activate|p2a: Primarina|move: Protect\n|-damage|p2b: JOE VILLAIN|0 fnt\n|-status|p1a: Excadrill|brn|[from] ability: Spicy Spray|[of] p2b: JOE VILLAIN\n|faint|p2b: JOE VILLAIN\n|\n|-weather|Sandstorm|[upkeep]\n|-damage|p2a: Primarina|14/100|[from] Sandstorm\n|-heal|p2a: Primarina|20/100|[from] item: Leftovers\n|-damage|p1a: Excadrill|48/100 brn|[from] brn\n|-damage|p1b: Tyranitar|29/100 brn|[from] brn\n|upkeep\n|turn|7\n|inactive|yamzinyobooty has 30 seconds left.\n|\n|t:|1775972259\n|move|p2a: Primarina|Protect||[still]\n|-fail|p2a: Primarina\n|move|p1a: Excadrill|Iron Head|p2a: Primarina\n|-damage|p2a: Primarina|0 fnt\n|faint|p2a: Primarina\n|\n|win|yamzinyobooty\n|raw|yamzinyobooty's rating: 1068 &rarr; <strong>1104</strong><br />(+36 for winning)\n|raw|Zach1717's rating: 1136 &rarr; <strong>1106</strong><br />(-30 for losing)\n",
  "uploadtime": 1775972259,
  "views": 13,
  "formatid": "gen9championsvgc2026regma",
  "rating": 1104,
  "private": 0,
  "password": null
}