{
  "id": "gen9championsvgc2026regma-2584250220",
  "format": "[Gen 9 Champions] VGC 2026 Reg M-A",
  "players": [
    "Valency GL",
    "thededooo"
  ],
  "log": "|j|\u2606Valency GL\n|j|\u2606thededooo\n|t:|1776243200\n|gametype|doubles\n|player|p1|Valency GL|102|1109\n|player|p2|thededooo|cynthia-gen4|1096\n|gen|9\n|tier|[Gen 9 Champions] VGC 2026 Reg M-A\n|rated|\n|rule|Species Clause: Limit one of each Pok\u00e9mon\n|rule|Item Clause: Limit 1 of each item\n|clearpoke\n|poke|p1|Azumarill, L50, M|\n|poke|p1|Maushold-Four, L50|\n|poke|p1|Glimmora, L50, M|\n|poke|p1|Sinistcha, L50|\n|poke|p1|Incineroar, L50, F|\n|poke|p1|Archaludon, L50, M|\n|poke|p2|Tyranitar, L50, F|\n|poke|p2|Excadrill, L50, M|\n|poke|p2|Corviknight, L50, M|\n|poke|p2|Primarina, L50, M|\n|poke|p2|Sinistcha, L50|\n|poke|p2|Incineroar, L50, M|\n|teampreview|4\n|inactive|Battle timer is ON: inactive players will automatically lose when time's up. (requested by thededooo)\n|inactive|thededooo has 60 seconds left.\n|\n|t:|1776243252\n|teamsize|p1|4\n|teamsize|p2|4\n|start\n|switch|p1a: Azumarill|Azumarill, L50, M|100/100\n|switch|p1b: Incineroar|Incineroar, L50, F|100/100\n|switch|p2a: Incineroar|Incineroar, L50, M|100/100\n|switch|p2b: Primarina|Primarina, L50, M|100/100\n|-ability|p2a: Incineroar|Intimidate|boost\n|-unboost|p1a: Azumarill|atk|1\n|-unboost|p1b: Incineroar|atk|1\n|-ability|p1b: Incineroar|Intimidate|boost\n|-unboost|p2a: Incineroar|atk|1\n|-unboost|p2b: Primarina|atk|1\n|turn|1\n|\n|t:|1776243274\n|switch|p2a: Sinistcha|Sinistcha, L50|100/100\n|move|p1b: Incineroar|Fake Out|p2a: Sinistcha\n|-immune|p2a: Sinistcha\n|move|p2b: Primarina|Haze|p2b: Primarina\n|-clearallboost\n|move|p1a: Azumarill|Belly Drum|p1a: Azumarill\n|-damage|p1a: Azumarill|50/100\n|-setboost|p1a: Azumarill|atk|6|[from] move: Belly Drum\n|-enditem|p1a: Azumarill|Sitrus Berry|[eat]\n|-heal|p1a: Azumarill|75/100|[from] item: Sitrus Berry\n|\n|upkeep\n|turn|2\n|inactive|thededooo has 30 seconds left.\n|\n|t:|1776243304\n|switch|p2a: Incineroar|Incineroar, L50, M|100/100\n|-ability|p2a: Incineroar|Intimidate|boost\n|-unboost|p1a: Azumarill|atk|1\n|-unboost|p1b: Incineroar|atk|1\n|move|p1a: Azumarill|Aqua Jet|p2b: Primarina\n|-resisted|p2b: Primarina|1\n|-damage|p2b: Primarina|52/100\n|move|p2b: Primarina|Haze|p2b: Primarina\n|-clearallboost\n|move|p1b: Incineroar|Flare Blitz|p2a: Incineroar\n|-resisted|p2a: Incineroar|1\n|-damage|p2a: Incineroar|78/100\n|-damage|p1b: Incineroar|93/100|[from] Recoil\n|\n|upkeep\n|turn|3\n|\n|t:|1776243324\n|move|p1a: Azumarill|Protect|p1a: Azumarill\n|-singleturn|p1a: Azumarill|Protect\n|move|p2a: Incineroar|Fake Out|p1a: Azumarill\n|-activate|p1a: Azumarill|move: Protect\n|move|p2b: Primarina|Hyper Voice|p1b: Incineroar|[spread] p1b\n|-activate|p1a: Azumarill|move: Protect\n|-supereffective|p1b: Incineroar|1\n|-damage|p1b: Incineroar|36/100\n|move|p1b: Incineroar|Parting Shot|p2b: Primarina\n|-unboost|p2b: Primarina|atk|1\n|-unboost|p2b: Primarina|spa|1\n|\n|t:|1776243336\n|switch|p1b: Maushold|Maushold-Four, L50|100/100|[from] Parting Shot\n|\n|upkeep\n|turn|4\n|\n|t:|1776243355\n|switch|p2b: Sinistcha|Sinistcha, L50|100/100\n|-heal|p2a: Incineroar|100/100|[from] ability: Hospitality|[of] p2b: Sinistcha\n|switch|p2a: Corviknight|Corviknight, L50, M|100/100\n|move|p1b: Maushold|Taunt|p2b: Sinistcha\n|-start|p2b: Sinistcha|move: Taunt\n|move|p1a: Azumarill|Belly Drum|p1a: Azumarill\n|-damage|p1a: Azumarill|25/100\n|-setboost|p1a: Azumarill|atk|6|[from] move: Belly Drum\n|\n|upkeep\n|turn|5\n|inactive|Valency GL has 30 seconds left.\n|\n|t:|1776243387\n|switch|p2a: Incineroar|Incineroar, L50, M|100/100\n|-ability|p2a: Incineroar|Intimidate|boost\n|-unboost|p1a: Azumarill|atk|1\n|-unboost|p1b: Maushold|atk|1\n|move|p1a: Azumarill|Protect|p1a: Azumarill\n|-singleturn|p1a: Azumarill|Protect\n|move|p1b: Maushold|Super Fang|p2a: Incineroar\n|-damage|p2a: Incineroar|50/100\n|move|p2b: Sinistcha|Matcha Gotcha|p1a: Azumarill|[spread] p1b\n|-activate|p1a: Azumarill|move: Protect\n|-damage|p1b: Maushold|69/100\n|\n|upkeep\n|turn|6\n|\n|t:|1776243411\n|switch|p1b: Sinistcha|Sinistcha, L50|100/100\n|-heal|p1a: Azumarill|50/100|[from] ability: Hospitality|[of] p1b: Sinistcha\n|move|p2a: Incineroar|Fake Out|p1b: Sinistcha\n|-immune|p1b: Sinistcha\n|move|p2b: Sinistcha|Matcha Gotcha|p1b: Sinistcha|[spread] p1a,p1b\n|-supereffective|p1a: Azumarill|1\n|-resisted|p1b: Sinistcha|1\n|-damage|p1a: Azumarill|5/100\n|-damage|p1b: Sinistcha|89/100\n|-status|p1b: Sinistcha|brn\n|move|p1a: Azumarill|Play Rough|p2b: Sinistcha\n|-damage|p2b: Sinistcha|0 fnt\n|faint|p2b: Sinistcha\n|\n|-damage|p1b: Sinistcha|83/100 brn|[from] brn\n|upkeep\n|\n|t:|1776243421\n|switch|p2b: Corviknight|Corviknight, L50, M|100/100\n|turn|7\n|\n|t:|1776243428\n|switch|p2a: Primarina|Primarina, L50, M|52/100\n|move|p1a: Azumarill|Protect|p1a: Azumarill\n|-singleturn|p1a: Azumarill|Protect\n|move|p1b: Sinistcha|Life Dew|p1b: Sinistcha|[spread] p1a,p1b\n|-heal|p1a: Azumarill|30/100\n|-heal|p1b: Sinistcha|100/100 brn\n|move|p2b: Corviknight|Tailwind|p2b: Corviknight\n|-sidestart|p2: thededooo|move: Tailwind\n|\n|-damage|p1b: Sinistcha|94/100 brn|[from] brn\n|upkeep\n|turn|8\n|\n|t:|1776243446\n|move|p1b: Sinistcha|Rage Powder|p1b: Sinistcha\n|-singleturn|p1b: Sinistcha|move: Rage Powder\n|move|p1a: Azumarill|Aqua Jet|p2a: Primarina\n|-resisted|p2a: Primarina|1\n|-damage|p2a: Primarina|4/100\n|move|p2a: Primarina|Haze|p2a: Primarina\n|-clearallboost\n|move|p2b: Corviknight|Brave Bird|p1b: Sinistcha\n|-supereffective|p1b: Sinistcha|1\n|-damage|p1b: Sinistcha|24/100 brn\n|-damage|p2b: Corviknight|80/100|[from] Recoil\n|\n|-heal|p2b: Corviknight|86/100|[from] item: Leftovers\n|-damage|p1b: Sinistcha|17/100 brn|[from] brn\n|upkeep\n|turn|9\n|\n|t:|1776243468\n|move|p2a: Primarina|Protect|p2a: Primarina\n|-singleturn|p2a: Primarina|Protect\n|move|p1a: Azumarill|Protect|p1a: Azumarill\n|-singleturn|p1a: Azumarill|Protect\n|move|p2b: Corviknight|Brave Bird|p1b: Sinistcha\n|-supereffective|p1b: Sinistcha|1\n|-damage|p1b: Sinistcha|0 fnt\n|faint|p1b: Sinistcha\n|-damage|p2b: Corviknight|81/100|[from] Recoil\n|\n|-heal|p2b: Corviknight|87/100|[from] item: Leftovers\n|upkeep\n|\n|t:|1776243473\n|switch|p1b: Incineroar|Incineroar, L50, F|36/100\n|-ability|p1b: Incineroar|Intimidate|boost\n|-unboost|p2a: Primarina|atk|1\n|-ability|p2b: Corviknight|Mirror Armor\n|-unboost|p1b: Incineroar|atk|1\n|turn|10\n|\n|t:|1776243495\n|switch|p2a: Incineroar|Incineroar, L50, M|50/100\n|-ability|p2a: Incineroar|Intimidate|boost\n|-unboost|p1a: Azumarill|atk|1\n|-unboost|p1b: Incineroar|atk|1\n|move|p1b: Incineroar|Fake Out|p2b: Corviknight\n|-resisted|p2b: Corviknight|1\n|-damage|p2b: Corviknight|85/100\n|move|p1a: Azumarill|Aqua Jet|p2a: Incineroar\n|-supereffective|p2a: Incineroar|1\n|-damage|p2a: Incineroar|26/100\n|cant|p2b: Corviknight|flinch\n|\n|-heal|p2b: Corviknight|91/100|[from] item: Leftovers\n|-sideend|p2: thededooo|move: Tailwind\n|upkeep\n|turn|11\n|\n|t:|1776243512\n|move|p1a: Azumarill|Protect|p1a: Azumarill\n|-singleturn|p1a: Azumarill|Protect\n|move|p2a: Incineroar|Fake Out|p1a: Azumarill\n|-activate|p1a: Azumarill|move: Protect\n|move|p2b: Corviknight|Brave Bird|p1b: Incineroar\n|-damage|p1b: Incineroar|3/100\n|-damage|p2b: Corviknight|80/100|[from] Recoil\n|move|p1b: Incineroar|Parting Shot|p2a: Incineroar\n|-unboost|p2a: Incineroar|atk|1\n|-unboost|p2a: Incineroar|spa|1\n|\n|t:|1776243524\n|switch|p1b: Maushold|Maushold-Four, L50|69/100|[from] Parting Shot\n|\n|-heal|p2b: Corviknight|86/100|[from] item: Leftovers\n|upkeep\n|turn|12\n|inactive|Valency GL has 30 seconds left.\n|\n|t:|1776243551\n|switch|p2a: Primarina|Primarina, L50, M|4/100\n|move|p1a: Azumarill|Aqua Jet|p2a: Primarina\n|-resisted|p2a: Primarina|1\n|-damage|p2a: Primarina|0 fnt\n|faint|p2a: Primarina\n|move|p1b: Maushold|Super Fang|p2b: Corviknight\n|-damage|p2b: Corviknight|43/100\n|move|p2b: Corviknight|Tailwind|p2b: Corviknight\n|-sidestart|p2: thededooo|move: Tailwind\n|\n|-heal|p2b: Corviknight|49/100|[from] item: Leftovers\n|upkeep\n|\n|t:|1776243557\n|switch|p2a: Incineroar|Incineroar, L50, M|26/100\n|-ability|p2a: Incineroar|Intimidate|boost\n|-unboost|p1a: Azumarill|atk|1\n|-unboost|p1b: Maushold|atk|1\n|turn|13\n|\n|t:|1776243571\n|switch|p1a: Incineroar|Incineroar, L50, F|3/100\n|-ability|p1a: Incineroar|Intimidate|boost\n|-unboost|p2a: Incineroar|atk|1\n|-ability|p2b: Corviknight|Mirror Armor\n|-unboost|p1a: Incineroar|atk|1\n|move|p1b: Maushold|Protect|p1b: Maushold\n|-singleturn|p1b: Maushold|Protect\n|move|p2a: Incineroar|Fake Out|p1b: Maushold\n|-activate|p1b: Maushold|move: Protect\n|move|p2b: Corviknight|Brave Bird|p1b: Maushold\n|-activate|p1b: Maushold|move: Protect\n|\n|-heal|p2b: Corviknight|55/100|[from] item: Leftovers\n|upkeep\n|turn|14\n|inactive|thededooo has 30 seconds left.\n|\n|t:|1776243598\n|move|p1a: Incineroar|Fake Out|p2a: Incineroar\n|-damage|p2a: Incineroar|20/100\n|move|p1b: Maushold|Super Fang|p2b: Corviknight|[miss]\n|-miss|p1b: Maushold|p2b: Corviknight\n|move|p2b: Corviknight|Roost|p2b: Corviknight\n|-heal|p2b: Corviknight|100/100\n|-singleturn|p2b: Corviknight|move: Roost\n|cant|p2a: Incineroar|flinch\n|\n|upkeep\n|turn|15\n|inactive|thededooo has 30 seconds left.\n|\n|t:|1776243624\n|move|p1b: Maushold|Protect|p1b: Maushold\n|-singleturn|p1b: Maushold|Protect\n|move|p2b: Corviknight|Brave Bird|p1b: Maushold\n|-activate|p1b: Maushold|move: Protect\n|move|p2a: Incineroar|Flare Blitz|p1b: Maushold\n|-activate|p1b: Maushold|move: Protect\n|move|p1a: Incineroar|Flare Blitz|p2b: Corviknight\n|-supereffective|p2b: Corviknight|1\n|-crit|p2b: Corviknight\n|-damage|p2b: Corviknight|10/100\n|-damage|p1a: Incineroar|0 fnt|[from] Recoil\n|faint|p1a: Incineroar\n|\n|-heal|p2b: Corviknight|16/100|[from] item: Leftovers\n|-sideend|p2: thededooo|move: Tailwind\n|upkeep\n|-message|thededooo forfeited.\n|\n|win|Valency GL\n|raw|Valency GL's rating: 1109 &rarr; <strong>1133</strong><br />(+24 for winning)\n|raw|thededooo's rating: 1096 &rarr; <strong>1073</strong><br />(-23 for losing)\n|l|\u2606thededooo\n|player|p2|\n",
  "uploadtime": 1776243649,
  "views": 24,
  "formatid": "gen9championsvgc2026regma",
  "rating": 1073,
  "private": 0,
  "password": null
}