{
  "id": "gen9championsvgc2026regma-2586449995",
  "format": "[Gen 9 Champions] VGC 2026 Reg M-A",
  "players": [
    "He sits 2 pee",
    "1Neku"
  ],
  "log": "|j|\u2606He sits 2 pee\n|j|\u26061Neku\n|t:|1776435502\n|gametype|doubles\n|player|p1|He sits 2 pee|2|1297\n|player|p2|1Neku|lucas-gen4pt|1209\n|gen|9\n|tier|[Gen 9 Champions] VGC 2026 Reg M-A\n|rated|\n|rule|Species Clause: Limit one of each Pok\u00e9mon\n|rule|Item Clause: Limit 1 of each item\n|clearpoke\n|poke|p1|Floette-Eternal, L50, F|\n|poke|p1|Talonflame, L50, M|\n|poke|p1|Incineroar, L50, F|\n|poke|p1|Rotom-Wash, L50|\n|poke|p1|Sinistcha, L50|\n|poke|p1|Garchomp, L50, F|\n|poke|p2|Pelipper, L50, M|\n|poke|p2|Basculegion, L50, M|\n|poke|p2|Sinistcha, L50|\n|poke|p2|Archaludon, L50, F|\n|poke|p2|Sneasler, L50, M|\n|poke|p2|Dragonite, L50, F|\n|teampreview|4\nHe sits 2 pee has agreed to open team sheets.\n|inactive|Battle timer is ON: inactive players will automatically lose when time's up. (requested by He sits 2 pee)\n|inactive|1Neku has 60 seconds left.\n|\n|t:|1776435554\n|teamsize|p1|4\n|teamsize|p2|4\n|start\n|switch|p1a: Talonflame|Talonflame, L50, M|100/100\n|switch|p1b: Garchomp|Garchomp, L50, F|100/100\n|switch|p2a: Sneasler|Sneasler, L50, M|100/100\n|switch|p2b: Basculegion|Basculegion, L50, M|100/100\n|turn|1\n|inactive|He sits 2 pee has 30 seconds left.\n|inactive|1Neku has 30 seconds left.\n|inactive|He sits 2 pee has 20 seconds left.\n|inactive|1Neku has 20 seconds left.\n|inactive|He sits 2 pee has 15 seconds left.\n|inactive|He sits 2 pee has 10 seconds left.\n|inactive|He sits 2 pee has 5 seconds left.\n|\n|t:|1776435608\n|move|p2a: Sneasler|Fake Out|p1b: Garchomp\n|-damage|p1b: Garchomp|87/100\n|-damage|p2a: Sneasler|88/100|[from] ability: Rough Skin|[of] p1b: Garchomp\n|move|p1a: Talonflame|Tailwind|p1a: Talonflame\n|-sidestart|p1: He sits 2 pee|move: Tailwind\n|cant|p1b: Garchomp|flinch\n|move|p2b: Basculegion|Wave Crash|p1a: Talonflame\n|-supereffective|p1a: Talonflame|1\n|-damage|p1a: Talonflame|0 fnt\n|-status|p2b: Basculegion|brn|[from] ability: Flame Body|[of] p1a: Talonflame\n|faint|p1a: Talonflame\n|-damage|p2b: Basculegion|75/100 brn|[from] Recoil\n|\n|-damage|p2b: Basculegion|69/100 brn|[from] brn\n|upkeep\n|\n|t:|1776435612\n|switch|p1a: Rotom|Rotom-Wash, L50|100/100\n|turn|2\n|c|\u2606He sits 2 pee|mince\n|c|\u2606He sits 2 pee|nice\n|inactive|He sits 2 pee has 30 seconds left.\n|inactive|1Neku has 30 seconds left.\n|inactive|1Neku has 20 seconds left.\n|inactive|1Neku has 15 seconds left.\n|inactive|1Neku has 10 seconds left.\n|\n|t:|1776435666\n|switch|p2b: Archaludon|Archaludon, L50, F|100/100\n|move|p2a: Sneasler|Protect|p2a: Sneasler\n|-singleturn|p2a: Sneasler|Protect\n|move|p1a: Rotom|Thunderbolt|p2b: Archaludon\n|-resisted|p2b: Archaludon|1\n|-damage|p2b: Archaludon|78/100\n|-ability|p2b: Archaludon|Stamina|boost\n|-boost|p2b: Archaludon|def|1\n|move|p1b: Garchomp|Earthquake|p2b: Archaludon|[spread] p2b\n|-activate|p2a: Sneasler|move: Protect\n|-immune|p1a: Rotom|[from] ability: Levitate\n|-supereffective|p2b: Archaludon|1\n|-damage|p2b: Archaludon|45/100\n|-ability|p2b: Archaludon|Stamina|boost\n|-boost|p2b: Archaludon|def|1\n|\n|-heal|p2b: Archaludon|51/100|[from] item: Leftovers\n|upkeep\n|turn|3\n|inactive|1Neku has 30 seconds left.\n|inactive|1Neku has 20 seconds left.\n|inactive|1Neku has 15 seconds left.\n|inactive|1Neku has 10 seconds left.\n|inactive|1Neku has 5 seconds left.\n|\n|t:|1776435719\n|move|p2b: Archaludon|Protect|p2b: Archaludon\n|-singleturn|p2b: Archaludon|Protect\n|move|p1a: Rotom|Thunderbolt|p2a: Sneasler\n|-damage|p2a: Sneasler|35/100\n|move|p1b: Garchomp|Earthquake|p2a: Sneasler|[spread] p2a\n|-activate|p2b: Archaludon|move: Protect\n|-immune|p1a: Rotom|[from] ability: Levitate\n|-supereffective|p2a: Sneasler|1\n|-crit|p2a: Sneasler\n|-damage|p2a: Sneasler|0 fnt\n|faint|p2a: Sneasler\n|\n|-heal|p2b: Archaludon|57/100|[from] item: Leftovers\n|upkeep\n|\n|t:|1776435734\n|switch|p2a: Pelipper|Pelipper, L50, M, shiny|100/100\n|-weather|RainDance|[from] ability: Drizzle|[of] p2a: Pelipper\n|turn|4\n|\n|t:|1776435754\n|move|p1a: Rotom|Thunderbolt|p2a: Pelipper\n|-supereffective|p2a: Pelipper|2\n|-enditem|p2a: Pelipper|Focus Sash\n|-damage|p2a: Pelipper|1/100\n|move|p1b: Garchomp|Swords Dance|p1b: Garchomp\n|-boost|p1b: Garchomp|atk|2\n|move|p2a: Pelipper|Tailwind|p2a: Pelipper\n|-sidestart|p2: 1Neku|move: Tailwind\n|move|p2b: Archaludon|Electro Shot||[still]\n|-prepare|p2b: Archaludon|Electro Shot\n|-boost|p2b: Archaludon|spa|1\n|-anim|p2b: Archaludon|Electro Shot|p1a: Rotom\n|-damage|p1a: Rotom|20/100\n|\n|-weather|RainDance|[upkeep]\n|-heal|p2b: Archaludon|63/100|[from] item: Leftovers\n|-sideend|p1: He sits 2 pee|move: Tailwind\n|upkeep\n|turn|5\n|inactive|1Neku has 30 seconds left.\n|c|\u2606He sits 2 pee|A mess of my own creation here\n|inactive|1Neku has 20 seconds left.\n|\n|t:|1776435793\n|move|p2a: Pelipper|Hurricane|p1a: Rotom\n|-resisted|p1a: Rotom|1\n|-crit|p1a: Rotom\n|-damage|p1a: Rotom|0 fnt\n|faint|p1a: Rotom\n|move|p2b: Archaludon|Draco Meteor|p1b: Garchomp\n|-supereffective|p1b: Garchomp|1\n|-damage|p1b: Garchomp|0 fnt\n|-unboost|p2b: Archaludon|spa|2\n|faint|p1b: Garchomp\n|\n|-weather|RainDance|[upkeep]\n|-heal|p2b: Archaludon|69/100|[from] item: Leftovers\n|upkeep\n|c|\u2606He sits 2 pee|I got greedy gg\n|-message|He sits 2 pee forfeited.\n|\n|win|1Neku\n|raw|He sits 2 pee's rating: 1297 &rarr; <strong>1266</strong><br />(-31 for losing)\n|raw|1Neku's rating: 1209 &rarr; <strong>1240</strong><br />(+31 for winning)\n|l|\u2606He sits 2 pee\n|player|p1|\n",
  "uploadtime": 1776435810,
  "views": 46,
  "formatid": "gen9championsvgc2026regma",
  "rating": 1240,
  "private": 0,
  "password": null
}