{
  "id": "gen9championsvgc2026regma-2588176982",
  "format": "[Gen 9 Champions] VGC 2026 Reg M-A",
  "players": [
    "Mikitrash",
    "treeshhhh"
  ],
  "log": "|j|\u2606Mikitrash\n|j|\u2606treeshhhh\n|t:|1776611741\n|gametype|doubles\n|player|p1|Mikitrash|tourist|1408\n|player|p2|treeshhhh|101|1442\n|gen|9\n|tier|[Gen 9 Champions] VGC 2026 Reg M-A\n|rated|\n|rule|Species Clause: Limit one of each Pok\u00e9mon\n|rule|Item Clause: Limit 1 of each item\n|clearpoke\n|poke|p1|Chandelure, L50, F, shiny|\n|poke|p1|Hydreigon, L50, F|\n|poke|p1|Whimsicott, L50, F|\n|poke|p1|Primarina, L50, F|\n|poke|p1|Tsareena, L50, F|\n|poke|p1|Excadrill, L50, M, shiny|\n|poke|p2|Lucario, L50, F, shiny|\n|poke|p2|Dragonite, L50, F, shiny|\n|poke|p2|Archaludon, L50, M, shiny|\n|poke|p2|Kingambit, L50, F, shiny|\n|poke|p2|Basculegion, L50, M, shiny|\n|poke|p2|Pelipper, L50, M, shiny|\n|teampreview|4\n|j| LUMK\n|\n|t:|1776611819\n|teamsize|p1|4\n|teamsize|p2|4\n|start\n|switch|p1a: Whimsicott|Whimsicott, L50, F|100/100\n|switch|p1b: Chandelure|Chandelure, L50, F, shiny|100/100\n|switch|p2a: Basculegion|Basculegion, L50, M, shiny|100/100\n|switch|p2b: Archaludon|Archaludon, L50, M, shiny|100/100\n|turn|1\n|\n|t:|1776611835\n|detailschange|p1b: Chandelure|Chandelure-Mega, L50, F, shiny\n|-mega|p1b: Chandelure|Chandelure|Chandelurite\n|move|p1a: Whimsicott|Tailwind|p1a: Whimsicott\n|-sidestart|p1: Mikitrash|move: Tailwind\n|move|p1b: Chandelure|Shadow Ball|p2a: Basculegion\n|-supereffective|p2a: Basculegion|1\n|-damage|p2a: Basculegion|0 fnt\n|faint|p2a: Basculegion\n|move|p2b: Archaludon|Electro Shot||[still]\n|-prepare|p2b: Archaludon|Electro Shot\n|-boost|p2b: Archaludon|spa|1\n|\n|upkeep\n|\n|t:|1776611842\n|switch|p2a: Pelipper|Pelipper, L50, M, shiny|100/100\n|-weather|RainDance|[from] ability: Drizzle|[of] p2a: Pelipper\n|turn|2\n|\n|t:|1776611848\n|move|p1b: Chandelure|Protect|p1b: Chandelure\n|-singleturn|p1b: Chandelure|Protect\n|move|p1a: Whimsicott|Taunt|p2a: Pelipper\n|-start|p2a: Pelipper|move: Taunt\n|move|p2a: Pelipper|Weather Ball|p1b: Chandelure\n|-activate|p1b: Chandelure|move: Protect\n|move|p2b: Archaludon|Electro Shot|p1a: Whimsicott|[from] lockedmove\n|-resisted|p1a: Whimsicott|1\n|-damage|p1a: Whimsicott|67/100\n|\n|-weather|RainDance|[upkeep]\n|upkeep\n|turn|3\n|\n|t:|1776611903\n|move|p1a: Whimsicott|Fake Tears|p2b: Archaludon\n|-unboost|p2b: Archaludon|spd|2\n|move|p1b: Chandelure|Shadow Ball|p2a: Pelipper\n|-enditem|p2a: Pelipper|Focus Sash\n|-damage|p2a: Pelipper|1/100\n|move|p2a: Pelipper|Weather Ball|p1b: Chandelure\n|-supereffective|p1b: Chandelure|1\n|-damage|p1b: Chandelure|0 fnt\n|faint|p1b: Chandelure\n|move|p2b: Archaludon|Flash Cannon|p1a: Whimsicott\n|-supereffective|p1a: Whimsicott|1\n|-damage|p1a: Whimsicott|0 fnt\n|faint|p1a: Whimsicott\n|\n|-weather|RainDance|[upkeep]\n|upkeep\n|\n|t:|1776611909\n|switch|p1a: Excadrill|Excadrill, L50, M, shiny|100/100\n|switch|p1b: Hydreigon|Hydreigon, L50, F|100/100\n|-ability|p1a: Excadrill|Mold Breaker\n|turn|4\n|\n|t:|1776611940\n|move|p2b: Archaludon|Protect|p2b: Archaludon\n|-singleturn|p2b: Archaludon|Protect\n|move|p1a: Excadrill|Earthquake|p2b: Archaludon|[spread] p1b\n|-activate|p2b: Archaludon|move: Protect\n|-immune|p2a: Pelipper\n|-damage|p1b: Hydreigon|61/100\n|move|p1b: Hydreigon|Draco Meteor|p2b: Archaludon\n|-activate|p2b: Archaludon|move: Protect\n|move|p2a: Pelipper|Weather Ball|p1a: Excadrill\n|-supereffective|p1a: Excadrill|1\n|-damage|p1a: Excadrill|0 fnt\n|faint|p1a: Excadrill\n|\n|-weather|RainDance|[upkeep]\n|-end|p2a: Pelipper|move: Taunt\n|-sideend|p1: Mikitrash|move: Tailwind\n|upkeep\n|turn|5\n|\n|t:|1776611962\n|move|p1b: Hydreigon|Snarl|p2b: Archaludon|[spread] p2a,p2b\n|-damage|p2a: Pelipper|0 fnt\n|-damage|p2b: Archaludon|65/100\n|-unboost|p2b: Archaludon|spa|1\n|-ability|p2b: Archaludon|Stamina|boost\n|-boost|p2b: Archaludon|def|1\n|faint|p2a: Pelipper\n|move|p2b: Archaludon|Draco Meteor|p1b: Hydreigon\n|-supereffective|p1b: Hydreigon|1\n|-damage|p1b: Hydreigon|0 fnt\n|-unboost|p2b: Archaludon|spa|2\n|faint|p1b: Hydreigon\n|\n|win|treeshhhh\n|raw|Mikitrash's rating: 1408 &rarr; <strong>1390</strong><br />(-18 for losing)\n|raw|treeshhhh's rating: 1442 &rarr; <strong>1460</strong><br />(+18 for winning)\n|l|\u2606Mikitrash\n|player|p1|\n|l| LUMK\n",
  "uploadtime": 1776612014,
  "views": 22,
  "formatid": "gen9championsvgc2026regma",
  "rating": 1390,
  "private": 0,
  "password": null
}