{
  "id": "gen9championsvgc2026regma-2586125446",
  "format": "[Gen 9 Champions] VGC 2026 Reg M-A",
  "players": [
    "ajbfajdbf",
    "EXSA"
  ],
  "log": "|j|\u2606ajbfajdbf\n|j|\u2606EXSA\n|t:|1776402071\n|gametype|doubles\n|player|p1|ajbfajdbf|1|1027\n|player|p2|EXSA|102|1081\n|gen|9\n|tier|[Gen 9 Champions] VGC 2026 Reg M-A\n|rated|\n|rule|Species Clause: Limit one of each Pok\u00e9mon\n|rule|Item Clause: Limit 1 of each item\n|clearpoke\n|poke|p1|Garchomp, L50, M|\n|poke|p1|Venusaur, L50, F|\n|poke|p1|Whimsicott, L50, M|\n|poke|p1|Charizard, L50, F|\n|poke|p1|Incineroar, L50, M|\n|poke|p1|Kingambit, L50, M|\n|poke|p2|Charizard, L50, F|\n|poke|p2|Incineroar, L50, M|\n|poke|p2|Maushold-Four, L50|\n|poke|p2|Garchomp, L50, F|\n|poke|p2|Whimsicott, L50, F|\n|poke|p2|Kingambit, L50, M|\n|teampreview|4\n|inactive|Battle timer is ON: inactive players will automatically lose when time's up. (requested by EXSA)\najbfajdbf rejected open team sheets.\n|inactive|EXSA has 60 seconds left.\n|\n|t:|1776402110\n|teamsize|p1|4\n|teamsize|p2|4\n|start\n|switch|p1a: Whimsicott|Whimsicott, L50, M|100/100\n|switch|p1b: Garchomp|Garchomp, L50, M|100/100\n|switch|p2a: Charizard|Charizard, L50, F, shiny|100/100\n|switch|p2b: Whimsicott|Whimsicott, L50, F|100/100\n|turn|1\n|\n|t:|1776402131\n|switch|p2a: Incineroar|Incineroar, L50, M|100/100\n|-ability|p2a: Incineroar|Intimidate|boost\n|-unboost|p1a: Whimsicott|atk|1\n|-unboost|p1b: Garchomp|atk|1\n|move|p2b: Whimsicott|Tailwind|p2b: Whimsicott\n|-sidestart|p2: EXSA|move: Tailwind\n|move|p1a: Whimsicott|Tailwind|p1a: Whimsicott\n|-sidestart|p1: ajbfajdbf|move: Tailwind\n|move|p1b: Garchomp|Rock Slide|p2a: Incineroar|[spread] p2a,p2b\n|-supereffective|p2a: Incineroar|1\n|-damage|p2a: Incineroar|72/100\n|-damage|p2b: Whimsicott|79/100\n|\n|upkeep\n|turn|2\n|inactive|ajbfajdbf has 30 seconds left.\n|\n|t:|1776402162\n|switch|p1b: Incineroar|Incineroar, L50, M|100/100\n|-ability|p1b: Incineroar|Intimidate|boost\n|-unboost|p2a: Incineroar|atk|1\n|-unboost|p2b: Whimsicott|atk|1\n|move|p2a: Incineroar|Fake Out|p1a: Whimsicott\n|-damage|p1a: Whimsicott|90/100\n|cant|p1a: Whimsicott|flinch\n|move|p2b: Whimsicott|Moonblast|p1b: Incineroar\n|-damage|p1b: Incineroar|69/100\n|\n|upkeep\n|turn|3\n|inactive|ajbfajdbf has 30 seconds left.\n|inactive|EXSA has 30 seconds left.\n|\n|t:|1776402192\n|switch|p2b: Garchomp|Garchomp, L50, F|100/100\n|move|p1b: Incineroar|Fake Out|p2a: Incineroar\n|-damage|p2a: Incineroar|57/100\n|cant|p2a: Incineroar|flinch\n|move|p1a: Whimsicott|Trick Room|p1a: Whimsicott\n|-fieldstart|move: Trick Room|[of] p1a: Whimsicott\n|\n|upkeep\n|turn|4\n|inactive|ajbfajdbf has 30 seconds left.\n|inactive|EXSA has 30 seconds left.\n|\n|t:|1776402218\n|move|p2a: Incineroar|Flare Blitz|p1a: Whimsicott\n|-supereffective|p1a: Whimsicott|1\n|-damage|p1a: Whimsicott|0 fnt\n|faint|p1a: Whimsicott\n|-damage|p2a: Incineroar|36/100|[from] Recoil\n|-enditem|p2a: Incineroar|Sitrus Berry|[eat]\n|-heal|p2a: Incineroar|61/100|[from] item: Sitrus Berry\n|move|p1b: Incineroar|Flare Blitz|p2b: Garchomp\n|-resisted|p2b: Garchomp|1\n|-damage|p2b: Garchomp|70/100\n|-damage|p1b: Incineroar|56/100|[from] ability: Rough Skin|[of] p2b: Garchomp\n|-damage|p1b: Incineroar|47/100|[from] Recoil\n|-enditem|p1b: Incineroar|Sitrus Berry|[eat]\n|-heal|p1b: Incineroar|71/100|[from] item: Sitrus Berry\n|move|p2b: Garchomp|Rock Slide|p1b: Incineroar\n|-supereffective|p1b: Incineroar|1\n|-damage|p1b: Incineroar|21/100\n|\n|-sideend|p2: EXSA|move: Tailwind\n|-sideend|p1: ajbfajdbf|move: Tailwind\n|upkeep\n|\n|t:|1776402239\n|switch|p1a: Garchomp|Garchomp, L50, M|100/100\n|turn|5\n|\n|t:|1776402254\n|move|p1b: Incineroar|Darkest Lariat|p2b: Garchomp\n|-damage|p2b: Garchomp|29/100\n|-damage|p1b: Incineroar|8/100|[from] ability: Rough Skin|[of] p2b: Garchomp\n|move|p2a: Incineroar|Parting Shot|p1a: Garchomp\n|-unboost|p1a: Garchomp|atk|1\n|-unboost|p1a: Garchomp|spa|1\n|\n|t:|1776402262\n|switch|p2a: Whimsicott|Whimsicott, L50, F|79/100|[from] Parting Shot\n|move|p1a: Garchomp|Outrage|p2a: Whimsicott\n|-immune|p2a: Whimsicott\n|move|p2b: Garchomp|Rock Slide|p1b: Incineroar|[spread] p1a,p1b\n|-resisted|p1a: Garchomp|1\n|-supereffective|p1b: Incineroar|1\n|-damage|p1a: Garchomp|91/100\n|-damage|p1b: Incineroar|0 fnt\n|faint|p1b: Incineroar\n|\n|upkeep\n|-message|ajbfajdbf forfeited.\n|\n|win|EXSA\n|raw|ajbfajdbf's rating: 1027 &rarr; <strong>1015</strong><br />(-12 for losing)\n|raw|EXSA's rating: 1081 &rarr; <strong>1105</strong><br />(+24 for winning)\n|l|\u2606ajbfajdbf\n|player|p1|\n",
  "uploadtime": 1776402270,
  "views": 14,
  "formatid": "gen9championsvgc2026regma",
  "rating": 1015,
  "private": 0,
  "password": null
}