{
  "id": "gen9championsvgc2026regma-2588920526",
  "format": "[Gen 9 Champions] VGC 2026 Reg M-A",
  "players": [
    "jingming",
    "SubToPenglin"
  ],
  "log": "|j|\u2606jingming\n|j|\u2606SubToPenglin\n|t:|1776685986\n|gametype|doubles\n|player|p1|jingming|rosa|1218\n|player|p2|SubToPenglin|lady|1230\n|gen|9\n|tier|[Gen 9 Champions] VGC 2026 Reg M-A\n|rated|\n|rule|Species Clause: Limit one of each Pok\u00e9mon\n|rule|Item Clause: Limit 1 of each item\n|clearpoke\n|poke|p1|Aerodactyl, L50, F|\n|poke|p1|Tyranitar, L50, M|\n|poke|p1|Excadrill, L50, M|\n|poke|p1|Corviknight, L50, M|\n|poke|p1|Sinistcha, L50|\n|poke|p1|Dragapult, L50, M|\n|poke|p2|Tyranitar, L50, F|\n|poke|p2|Glimmora, L50, M|\n|poke|p2|Sneasler, L50, M|\n|poke|p2|Aerodactyl, L50, M|\n|poke|p2|Decidueye-Hisui, L50, M|\n|poke|p2|Tsareena, L50, F|\n|teampreview|4\n|inactive|Battle timer is ON: inactive players will automatically lose when time's up. (requested by SubToPenglin)\n|\n|t:|1776686010\n|teamsize|p1|4\n|teamsize|p2|4\n|start\n|switch|p1a: Aerodactyl|Aerodactyl, L50, F|100/100\n|switch|p1b: Corviknight|Corviknight, L50, M|100/100\n|switch|p2a: Aerodactyl|Aerodactyl, L50, M|100/100\n|switch|p2b: Tsareena|Tsareena, L50, F|100/100\n|-ability|p1a: Aerodactyl|Unnerve\n|turn|1\n|\n|t:|1776686027\n|move|p1a: Aerodactyl|Tailwind|p1a: Aerodactyl\n|-sidestart|p1: jingming|move: Tailwind\n|move|p2a: Aerodactyl|Tailwind|p2a: Aerodactyl\n|-sidestart|p2: SubToPenglin|move: Tailwind\n|move|p2b: Tsareena|Triple Axel|p1a: Aerodactyl\n|-supereffective|p1a: Aerodactyl|1\n|-damage|p1a: Aerodactyl|75/100\n|-supereffective|p1a: Aerodactyl|1\n|-damage|p1a: Aerodactyl|27/100\n|-supereffective|p1a: Aerodactyl|1\n|-damage|p1a: Aerodactyl|0 fnt\n|faint|p1a: Aerodactyl\n|-hitcount|p1: Aerodactyl|3\n|move|p1b: Corviknight|Brave Bird|p2b: Tsareena\n|-supereffective|p2b: Tsareena|1\n|-damage|p2b: Tsareena|5/100\n|-damage|p1b: Corviknight|78/100|[from] Recoil\n|\n|-heal|p1b: Corviknight|84/100|[from] item: Leftovers\n|upkeep\n|\n|t:|1776686043\n|switch|p1a: Excadrill|Excadrill, L50, M|100/100\n|turn|2\n|\n|t:|1776686050\n|move|p1a: Excadrill|Rock Slide|p2a: Aerodactyl|[spread] p2a,p2b\n|-supereffective|p2a: Aerodactyl|1\n|-damage|p2a: Aerodactyl|40/100\n|-damage|p2b: Tsareena|0 fnt\n|faint|p2b: Tsareena\n|cant|p2a: Aerodactyl|flinch\n|move|p1b: Corviknight|Iron Defense|p1b: Corviknight\n|-boost|p1b: Corviknight|def|2\n|\n|-heal|p1b: Corviknight|90/100|[from] item: Leftovers\n|upkeep\n|\n|t:|1776686064\n|switch|p2b: Decidueye|Decidueye-Hisui, L50, M|100/100\n|turn|3\n|\n|t:|1776686072\n|move|p2a: Aerodactyl|Protect|p2a: Aerodactyl\n|-singleturn|p2a: Aerodactyl|Protect\n|move|p1a: Excadrill|Rock Slide|p2a: Aerodactyl|[spread] p2b\n|-activate|p2a: Aerodactyl|move: Protect\n|-resisted|p2b: Decidueye|1\n|-damage|p2b: Decidueye|87/100\n|move|p2b: Decidueye|Triple Arrows|p1b: Corviknight\n|-damage|p1b: Corviknight|72/100\n|cant|p1b: Corviknight|flinch\n|\n|-heal|p1b: Corviknight|78/100|[from] item: Leftovers\n|upkeep\n|turn|4\n|\n|t:|1776686086\n|switch|p2a: Tyranitar|Tyranitar, L50, F|100/100\n|-weather|Sandstorm|[from] ability: Sand Stream|[of] p2a: Tyranitar\n|move|p1a: Excadrill|Rock Slide|p2a: Tyranitar|[spread] p2a,p2b\n|-resisted|p2b: Decidueye|1\n|-damage|p2a: Tyranitar|81/100\n|-damage|p2b: Decidueye|74/100\n|move|p2b: Decidueye|Triple Arrows|p1b: Corviknight\n|-crit|p1b: Corviknight\n|-damage|p1b: Corviknight|26/100\n|-ability|p1b: Corviknight|Mirror Armor\n|-unboost|p2b: Decidueye|def|1\n|cant|p1b: Corviknight|flinch\n|\n|-weather|Sandstorm|[upkeep]\n|-damage|p2b: Decidueye|68/100|[from] Sandstorm\n|-heal|p1b: Corviknight|32/100|[from] item: Leftovers\n|-sideend|p2: SubToPenglin|move: Tailwind\n|-sideend|p1: jingming|move: Tailwind\n|upkeep\n|turn|5\n|\n|t:|1776686109\n|detailschange|p2a: Tyranitar|Tyranitar-Mega, L50, F\n|-mega|p2a: Tyranitar|Tyranitar|Tyranitarite\n|move|p1a: Excadrill|Rock Slide|p2b: Decidueye|[spread] p2a,p2b\n|-resisted|p2b: Decidueye|1\n|-damage|p2a: Tyranitar|67/100\n|-damage|p2b: Decidueye|48/100\n|move|p2a: Tyranitar|Ice Punch|p1a: Excadrill\n|-damage|p1a: Excadrill|59/100\n|-status|p1a: Excadrill|frz\n|move|p2b: Decidueye|Triple Arrows|p1b: Corviknight\n|-damage|p1b: Corviknight|15/100\n|move|p1b: Corviknight|Roost|p1b: Corviknight\n|-heal|p1b: Corviknight|65/100\n|-singleturn|p1b: Corviknight|move: Roost\n|\n|-weather|Sandstorm|[upkeep]\n|-damage|p2b: Decidueye|42/100|[from] Sandstorm\n|-heal|p1b: Corviknight|71/100|[from] item: Leftovers\n|upkeep\n|turn|6\n|inactive|jingming has 30 seconds left.\n|\n|t:|1776686143\n|-curestatus|p1a: Excadrill|frz|[msg]\n|move|p1a: Excadrill|Rock Slide|p2a: Tyranitar|[spread] p2a,p2b\n|-resisted|p2b: Decidueye|1\n|-damage|p2a: Tyranitar|51/100\n|-damage|p2b: Decidueye|24/100\n|move|p2a: Tyranitar|Knock Off|p1b: Corviknight\n|-damage|p1b: Corviknight|46/100\n|-enditem|p1b: Corviknight|Leftovers|[from] move: Knock Off|[of] p2a: Tyranitar\n|move|p2b: Decidueye|Triple Arrows|p1b: Corviknight\n|-damage|p1b: Corviknight|28/100\n|-ability|p1b: Corviknight|Mirror Armor\n|-unboost|p2b: Decidueye|def|1\n|move|p1b: Corviknight|Iron Defense|p1b: Corviknight\n|-boost|p1b: Corviknight|def|2\n|\n|-weather|Sandstorm|[upkeep]\n|-damage|p2b: Decidueye|18/100|[from] Sandstorm\n|upkeep\n|turn|7\n|\n|t:|1776686162\n|move|p2b: Decidueye|Protect|p2b: Decidueye\n|-singleturn|p2b: Decidueye|Protect\n|move|p1a: Excadrill|Rock Slide|p2b: Decidueye|[spread] p2a\n|-activate|p2b: Decidueye|move: Protect\n|-damage|p2a: Tyranitar|37/100\n|move|p2a: Tyranitar|Knock Off|p1a: Excadrill\n|-crit|p1a: Excadrill\n|-damage|p1a: Excadrill|0 fnt\n|-enditem|p1a: Excadrill|Choice Scarf|[from] move: Knock Off|[of] p2a: Tyranitar\n|faint|p1a: Excadrill\n|move|p1b: Corviknight|Roost|p1b: Corviknight\n|-heal|p1b: Corviknight|79/100\n|-singleturn|p1b: Corviknight|move: Roost\n|\n|-weather|Sandstorm|[upkeep]\n|-damage|p2b: Decidueye|12/100|[from] Sandstorm\n|upkeep\n|\n|t:|1776686171\n|switch|p1a: Dragapult|Dragapult, L50, M|100/100\n|turn|8\n|\n|t:|1776686176\n|switch|p2b: Aerodactyl|Aerodactyl, L50, M|40/100\n|move|p1a: Dragapult|Will-O-Wisp|p2a: Tyranitar\n|-status|p2a: Tyranitar|brn\n|move|p2a: Tyranitar|Knock Off|p1a: Dragapult\n|-supereffective|p1a: Dragapult|1\n|-damage|p1a: Dragapult|24/100\n|-enditem|p1a: Dragapult|Spell Tag|[from] move: Knock Off|[of] p2a: Tyranitar\n|move|p1b: Corviknight|Brave Bird|p2b: Aerodactyl\n|-resisted|p2b: Aerodactyl|1\n|-damage|p2b: Aerodactyl|10/100\n|-damage|p1b: Corviknight|71/100|[from] Recoil\n|\n|-weather|none\n|-damage|p2a: Tyranitar|31/100 brn|[from] brn\n|upkeep\n|turn|9\n|\n|t:|1776686199\n|move|p1a: Dragapult|Protect|p1a: Dragapult\n|-singleturn|p1a: Dragapult|Protect\n|move|p2b: Aerodactyl|Dual Wingbeat|p1a: Dragapult\n|-activate|p1a: Dragapult|move: Protect\n|move|p2a: Tyranitar|Knock Off|p1a: Dragapult\n|-activate|p1a: Dragapult|move: Protect\n|move|p1b: Corviknight|Body Press|p2a: Tyranitar\n|-supereffective|p2a: Tyranitar|2\n|-damage|p2a: Tyranitar|0 fnt\n|faint|p2a: Tyranitar\n|\n|upkeep\n|\n|t:|1776686202\n|switch|p2a: Decidueye|Decidueye-Hisui, L50, M|12/100\n|turn|10\n|\n|t:|1776686216\n|move|p2b: Aerodactyl|Protect|p2b: Aerodactyl\n|-singleturn|p2b: Aerodactyl|Protect\n|move|p1a: Dragapult|Shadow Ball|p2a: Decidueye\n|-crit|p2a: Decidueye\n|-damage|p2a: Decidueye|0 fnt\n|faint|p2a: Decidueye\n|move|p1b: Corviknight|Brave Bird|p2b: Aerodactyl\n|-activate|p2b: Aerodactyl|move: Protect\n|\n|upkeep\n|turn|11\n|-message|SubToPenglin forfeited.\n|\n|win|jingming\n|raw|jingming's rating: 1218 &rarr; <strong>1244</strong><br />(+26 for winning)\n|raw|SubToPenglin's rating: 1230 &rarr; <strong>1204</strong><br />(-26 for losing)\n|l|\u2606SubToPenglin\n|player|p2|\n",
  "uploadtime": 1776686228,
  "views": 13,
  "formatid": "gen9championsvgc2026regma",
  "rating": 1204,
  "private": 0,
  "password": null
}