{
  "id": "gen9championsvgc2026regma-2587579504",
  "format": "[Gen 9 Champions] VGC 2026 Reg M-A",
  "players": [
    "vassock",
    "Notaker"
  ],
  "log": "|j|\u2606vassock\n|j|\u2606Notaker\n|html|<table width=\"100%\"><tr><td align=\"left\">vassock</td><td align=\"right\">Notaker</tr><tr><td align=\"left\"><i class=\"fa fa-circle-o\"></i> <i class=\"fa fa-circle-o\"></i> </td><td align=\"right\"><i class=\"fa fa-circle-o\"></i> <i class=\"fa fa-circle\"></i> </tr></table>\n|uhtml|bestof|<h2><strong>Game 2</strong> of <a href=\"/game-bestof3-gen9championsvgc2026regma-2587575027\">a best-of-3</a></h2>\n|t:|1776543992\n|gametype|doubles\n|player|p1|vassock|169|\n|player|p2|Notaker|steven|\n|gen|9\n|tier|[Gen 9 Champions] VGC 2026 Reg M-A\n|rule|Species Clause: Limit one of each Pok\u00e9mon\n|rule|Item Clause: Limit 1 of each item\n|raw|<div class=\"infobox\"><details class=\"readmore\" open><summary><strong>1 custom rule:</strong></summary> Best of = 3</details></div>\n|clearpoke\n|poke|p1|Incineroar, L50, M, shiny|\n|poke|p1|Aegislash, L50, M, shiny|\n|poke|p1|Conkeldurr, L50, M, shiny|\n|poke|p1|Noivern, L50, F, shiny|\n|poke|p1|Froslass, L50, F|\n|poke|p1|Sharpedo, L50, F, shiny|\n|poke|p2|Aggron, L50, M|\n|poke|p2|Sinistcha, L50|\n|poke|p2|Tyranitar, L50, M|\n|poke|p2|Primarina, L50, M|\n|poke|p2|Emboar, L50, F|\n|poke|p2|Weavile, L50, F|\n|teampreview|4\n|\n|t:|1776544149\n|teamsize|p1|4\n|teamsize|p2|4\n|start\n|switch|p1a: Incineroar|Incineroar, L50, M, shiny|100/100\n|switch|p1b: Sharpedo|Sharpedo, L50, F, shiny|100/100\n|switch|p2a: Aggron|Aggron, L50, M|100/100\n|switch|p2b: Weavile|Weavile, L50, F|100/100\n|-ability|p1a: Incineroar|Intimidate|boost\n|-unboost|p2a: Aggron|atk|1\n|-unboost|p2b: Weavile|atk|1\n|turn|1\n|\n|t:|1776544170\n|move|p1b: Sharpedo|Protect|p1b: Sharpedo\n|-singleturn|p1b: Sharpedo|Protect\n|move|p2b: Weavile|Fake Out|p1a: Incineroar\n|-damage|p1a: Incineroar|94/100\n|cant|p1a: Incineroar|flinch\n|move|p2a: Aggron|Body Press|p1b: Sharpedo\n|-activate|p1b: Sharpedo|move: Protect\n|\n|-ability|p1b: Sharpedo|Speed Boost|boost\n|-boost|p1b: Sharpedo|spe|1\n|upkeep\n|turn|2\n|\n|t:|1776544224\n|switch|p2b: Primarina|Primarina, L50, M|100/100\n|switch|p1b: Aegislash|Aegislash, L50, M, shiny|100/100\n|move|p1a: Incineroar|Flare Blitz|p2a: Aggron\n|-damage|p2a: Aggron|73/100\n|-damage|p1a: Incineroar|86/100|[from] Recoil\n|move|p2a: Aggron|Iron Defense|p2a: Aggron\n|-boost|p2a: Aggron|def|2\n|\n|upkeep\n|turn|3\n|\n|t:|1776544255\n|-formechange|p1b: Aegislash|Aegislash-Blade|\n|move|p1b: Aegislash|Shadow Ball|p2a: Aggron\n|-damage|p2a: Aggron|19/100\n|move|p2b: Primarina|Hyper Voice|p1a: Incineroar|[spread] p1a,p1b\n|-supereffective|p1a: Incineroar|1\n|-damage|p1a: Incineroar|17/100\n|-damage|p1b: Aegislash|19/100\n|-enditem|p1a: Incineroar|Sitrus Berry|[eat]\n|-heal|p1a: Incineroar|42/100|[from] item: Sitrus Berry\n|move|p1a: Incineroar|Parting Shot|p2b: Primarina\n|-unboost|p2b: Primarina|atk|1\n|-unboost|p2b: Primarina|spa|1\n|\n|t:|1776544268\n|switch|p1a: Sharpedo|Sharpedo, L50, F, shiny|100/100|[from] Parting Shot\n|move|p2a: Aggron|Body Press|p1a: Sharpedo\n|-supereffective|p1a: Sharpedo|1\n|-enditem|p1a: Sharpedo|Focus Sash\n|-damage|p1a: Sharpedo|1/100\n|\n|upkeep\n|turn|4\n|\n|t:|1776544306\n|detailschange|p2a: Aggron|Aggron-Mega, L50, M\n|-mega|p2a: Aggron|Aggron|Aggronite\n|move|p1a: Sharpedo|Protect|p1a: Sharpedo\n|-singleturn|p1a: Sharpedo|Protect\n|-formechange|p1b: Aegislash|Aegislash|\n|move|p1b: Aegislash|King's Shield|p1b: Aegislash\n|-singleturn|p1b: Aegislash|Protect\n|move|p2a: Aggron|Protect|p2a: Aggron\n|-singleturn|p2a: Aggron|Protect\n|move|p2b: Primarina|Hyper Voice|p1a: Sharpedo|[spread] \n|-activate|p1a: Sharpedo|move: Protect\n|-activate|p1b: Aegislash|move: Protect\n|\n|-ability|p1a: Sharpedo|Speed Boost|boost\n|-boost|p1a: Sharpedo|spe|1\n|upkeep\n|turn|5\n|\n|t:|1776544334\n|move|p1a: Sharpedo|Liquidation|p2a: Aggron\n|-damage|p2a: Aggron|7/100\n|-formechange|p1b: Aegislash|Aegislash-Blade|\n|move|p1b: Aegislash|Shadow Ball|p2b: Primarina\n|-damage|p2b: Primarina|57/100\n|move|p2b: Primarina|Hyper Voice|p1a: Sharpedo|[spread] p1a,p1b\n|-resisted|p1a: Sharpedo|1\n|-damage|p1a: Sharpedo|0 fnt\n|-damage|p1b: Aegislash|0 fnt\n|faint|p1a: Sharpedo\n|faint|p1b: Aegislash\n|move|p2a: Aggron|Body Press|p1: Sharpedo|[notarget]\n|-fail|p2a: Aggron\n|\n|-heal|p2b: Primarina|63/100|[from] item: Leftovers\n|upkeep\n|\n|t:|1776544351\n|switch|p1a: Froslass|Froslass, L50, F|100/100\n|switch|p1b: Incineroar|Incineroar, L50, M, shiny|42/100\n|-ability|p1b: Incineroar|Intimidate|boost\n|-unboost|p2a: Aggron|atk|1\n|-unboost|p2b: Primarina|atk|1\n|turn|6\n|\n|t:|1776544380\n|detailschange|p1a: Froslass|Froslass-Mega, L50, F\n|-mega|p1a: Froslass|Froslass|Froslassite\n|-weather|Snowscape|[from] ability: Snow Warning|[of] p1a: Froslass\n|move|p1a: Froslass|Protect|p1a: Froslass\n|-singleturn|p1a: Froslass|Protect\n|move|p2b: Primarina|Perish Song|p2b: Primarina\n|-start|p1a: Froslass|perish3|[silent]\n|-start|p1b: Incineroar|perish3|[silent]\n|-start|p2a: Aggron|perish3|[silent]\n|-start|p2b: Primarina|perish3|[silent]\n|-fieldactivate|move: Perish Song\n|move|p1b: Incineroar|Darkest Lariat|p2a: Aggron\n|-damage|p2a: Aggron|0 fnt\n|faint|p2a: Aggron\n|\n|-weather|Snowscape|[upkeep]\n|-heal|p2b: Primarina|69/100|[from] item: Leftovers\n|-start|p1a: Froslass|perish3\n|-start|p2b: Primarina|perish3\n|-start|p1b: Incineroar|perish3\n|upkeep\n|\n|t:|1776544397\n|switch|p2a: Emboar|Emboar, L50, F|100/100\n|turn|7\n|\n|t:|1776544421\n|move|p2a: Emboar|Protect|p2a: Emboar\n|-singleturn|p2a: Emboar|Protect\n|move|p2b: Primarina|Protect|p2b: Primarina\n|-singleturn|p2b: Primarina|Protect\n|move|p1a: Froslass|Nasty Plot|p1a: Froslass\n|-boost|p1a: Froslass|spa|2\n|move|p1b: Incineroar|Darkest Lariat|p2b: Primarina\n|-activate|p2b: Primarina|move: Protect\n|\n|-weather|Snowscape|[upkeep]\n|-heal|p2b: Primarina|75/100|[from] item: Leftovers\n|-start|p1a: Froslass|perish2\n|-start|p2b: Primarina|perish2\n|-start|p1b: Incineroar|perish2\n|upkeep\n|turn|8\n|\n|t:|1776544446\n|move|p1a: Froslass|Blizzard|p2b: Primarina|[spread] p2a,p2b\n|-resisted|p2a: Emboar|1\n|-resisted|p2b: Primarina|1\n|-damage|p2a: Emboar|51/100\n|-damage|p2b: Primarina|38/100\n|move|p2a: Emboar|Flare Blitz|p1a: Froslass\n|-supereffective|p1a: Froslass|1\n|-damage|p1a: Froslass|0 fnt\n|faint|p1a: Froslass\n|-damage|p2a: Emboar|28/100|[from] Recoil\n|move|p1b: Incineroar|Darkest Lariat|p2a: Emboar\n|-resisted|p2a: Emboar|1\n|-damage|p2a: Emboar|9/100\n|move|p2b: Primarina|Hyper Voice|p1b: Incineroar\n|-supereffective|p1b: Incineroar|1\n|-damage|p1b: Incineroar|0 fnt\n|faint|p1b: Incineroar\n|\n|win|Notaker\n",
  "uploadtime": 1776544465,
  "views": 41,
  "formatid": "gen9championsvgc2026regma",
  "rating": null,
  "private": 0,
  "password": null
}