{
  "id": "gen9championsvgc2026regma-2586066606",
  "format": "[Gen 9 Champions] VGC 2026 Reg M-A",
  "players": [
    "testy accounty 2",
    "jmariowo"
  ],
  "log": "|j|\u2606testy accounty 2\n|j|\u2606jmariowo\n|t:|1776395436\n|gametype|doubles\n|player|p1|testy accounty 2|170|1435\n|player|p2|jmariowo|169|1354\n|gen|9\n|tier|[Gen 9 Champions] VGC 2026 Reg M-A\n|rated|\n|rule|Species Clause: Limit one of each Pok\u00e9mon\n|rule|Item Clause: Limit 1 of each item\n|clearpoke\n|poke|p1|Gengar, L50, F|\n|poke|p1|Incineroar, L50, M|\n|poke|p1|Politoed, L50, M|\n|poke|p1|Archaludon, L50, F|\n|poke|p1|Basculegion, L50, M|\n|poke|p1|Meganium, L50, M|\n|poke|p2|Froslass, L50, F|\n|poke|p2|Sinistcha, L50|\n|poke|p2|Arcanine-Hisui, L50, M|\n|poke|p2|Primarina, L50, M|\n|poke|p2|Sneasler, L50, F|\n|poke|p2|Kingambit, L50, M|\n|teampreview|4\n|inactive|Battle timer is ON: inactive players will automatically lose when time's up. (requested by testy accounty 2)\n|\n|t:|1776395513\n|teamsize|p1|4\n|teamsize|p2|4\n|start\n|switch|p1a: Kathleen|Archaludon, L50, F|100/100\n|switch|p1b: Meganium|Meganium, L50, M|100/100\n|switch|p2a: Kingambit|Kingambit, L50, M|100/100\n|switch|p2b: Sneasler|Sneasler, L50, F|100/100\n|turn|1\n|\n|t:|1776395534\n|move|p1b: Meganium|Protect|p1b: Meganium\n|-singleturn|p1b: Meganium|Protect\n|move|p2b: Sneasler|Close Combat|p1a: Kathleen\n|-supereffective|p1a: Kathleen|1\n|-enditem|p1a: Kathleen|Chople Berry|[eat]\n|-enditem|p1a: Kathleen|Chople Berry|[weaken]\n|-damage|p1a: Kathleen|53/100\n|-unboost|p2b: Sneasler|def|1\n|-unboost|p2b: Sneasler|spd|1\n|-ability|p1a: Kathleen|Stamina|boost\n|-boost|p1a: Kathleen|def|1\n|-enditem|p2b: Sneasler|White Herb\n|-clearnegativeboost|p2b: Sneasler|[silent]\n|move|p1a: Kathleen|Draco Meteor|p2b: Sneasler\n|-damage|p2b: Sneasler|0 fnt\n|-unboost|p1a: Kathleen|spa|2\n|faint|p2b: Sneasler\n|move|p2a: Kingambit|Swords Dance|p2a: Kingambit\n|-boost|p2a: Kingambit|atk|2\n|\n|upkeep\n|\n|t:|1776395559\n|switch|p2b: Froslass|Froslass, L50, F|100/100\n|turn|2\n|\n|t:|1776395573\n|switch|p1a: Ian|Incineroar, L50, M|100/100\n|-ability|p1a: Ian|Intimidate|boost\n|-unboost|p2a: Kingambit|atk|1\n|-ability|p2a: Kingambit|Defiant|boost\n|-boost|p2a: Kingambit|atk|2\n|-unboost|p2b: Froslass|atk|1\n|detailschange|p2b: Froslass|Froslass-Mega, L50, F\n|-mega|p2b: Froslass|Froslass|Froslassite\n|-weather|Snowscape|[from] ability: Snow Warning|[of] p2b: Froslass\n|detailschange|p1b: Meganium|Meganium-Mega, L50, M\n|-mega|p1b: Meganium|Meganium|Meganiumite\n|move|p2b: Froslass|Aurora Veil|p2b: Froslass\n|-sidestart|p2: jmariowo|move: Aurora Veil\n|move|p1b: Meganium|Weather Ball|p2a: Kingambit\n|-supereffective|p2a: Kingambit|1\n|-damage|p2a: Kingambit|19/100\n|move|p2a: Kingambit|Kowtow Cleave|p1a: Ian\n|-resisted|p1a: Ian|1\n|-damage|p1a: Ian|31/100\n|-enditem|p1a: Ian|Sitrus Berry|[eat]\n|-heal|p1a: Ian|56/100|[from] item: Sitrus Berry\n|\n|-weather|Snowscape|[upkeep]\n|upkeep\n|turn|3\n|inactive|testy accounty 2 has 30 seconds left.\n|inactive|jmariowo has 30 seconds left.\n|inactive|jmariowo has 20 seconds left.\n|inactive|testy accounty 2 has 20 seconds left.\n|inactive|testy accounty 2 has 15 seconds left.\n|\n|t:|1776395619\n|move|p1b: Meganium|Protect|p1b: Meganium\n|-singleturn|p1b: Meganium|Protect\n|move|p2a: Kingambit|Protect|p2a: Kingambit\n|-singleturn|p2a: Kingambit|Protect\n|move|p2b: Froslass|Blizzard|p1a: Ian|[spread] p1a\n|-activate|p1b: Meganium|move: Protect\n|-resisted|p1a: Ian|1\n|-damage|p1a: Ian|41/100\n|move|p1a: Ian|Flare Blitz|p2a: Kingambit\n|-activate|p2a: Kingambit|move: Protect\n|\n|-weather|Snowscape|[upkeep]\n|upkeep\n|turn|4\n|\n|t:|1776395637\n|move|p2a: Kingambit|Sucker Punch|p1b: Meganium\n|-resisted|p1b: Meganium|1\n|-damage|p1b: Meganium|50/100\n|move|p2b: Froslass|Blizzard|p1b: Meganium|[spread] p1a,p1b\n|-resisted|p1a: Ian|1\n|-supereffective|p1b: Meganium|1\n|-damage|p1a: Ian|28/100\n|-damage|p1b: Meganium|0 fnt\n|faint|p1b: Meganium\n|move|p1a: Ian|Flare Blitz|p2a: Kingambit\n|-supereffective|p2a: Kingambit|1\n|-damage|p2a: Kingambit|0 fnt\n|faint|p2a: Kingambit\n|-damage|p1a: Ian|21/100|[from] Recoil\n|\n|-weather|Snowscape|[upkeep]\n|upkeep\n|\n|t:|1776395652\n|switch|p1b: Rosey|Politoed, L50, M|100/100\n|switch|p2a: Arcanine|Arcanine-Hisui, L50, M|100/100\n|-ability|p2a: Arcanine|Intimidate|boost\n|-unboost|p1a: Ian|atk|1\n|-unboost|p1b: Rosey|atk|1\n|-weather|RainDance|[from] ability: Drizzle|[of] p1b: Rosey\n|turn|5\n|\n|t:|1776395676\n|switch|p1a: Kathleen|Archaludon, L50, F|53/100\n|move|p2b: Froslass|Shadow Ball|p1b: Rosey\n|-damage|p1b: Rosey|72/100\n|move|p2a: Arcanine|Rock Slide|p1b: Rosey|[spread] p1a,p1b\n|-resisted|p1a: Kathleen|1\n|-damage|p1a: Kathleen|43/100\n|-damage|p1b: Rosey|44/100\n|-ability|p1a: Kathleen|Stamina|boost\n|-boost|p1a: Kathleen|def|1\n|move|p1b: Rosey|Perish Song|p1b: Rosey\n|-start|p1a: Kathleen|perish3|[silent]\n|-start|p1b: Rosey|perish3|[silent]\n|-start|p2a: Arcanine|perish3|[silent]\n|-start|p2b: Froslass|perish3|[silent]\n|-fieldactivate|move: Perish Song\n|\n|-weather|RainDance|[upkeep]\n|-heal|p1b: Rosey|50/100|[from] item: Leftovers\n|-start|p2b: Froslass|perish3\n|-start|p2a: Arcanine|perish3\n|-start|p1a: Kathleen|perish3\n|-start|p1b: Rosey|perish3\n|upkeep\n|turn|6\n|\n|t:|1776395699\n|move|p1a: Kathleen|Protect|p1a: Kathleen\n|-singleturn|p1a: Kathleen|Protect\n|move|p1b: Rosey|Protect|p1b: Rosey\n|-singleturn|p1b: Rosey|Protect\n|move|p2b: Froslass|Shadow Ball|p1a: Kathleen\n|-activate|p1a: Kathleen|move: Protect\n|move|p2a: Arcanine|Rock Slide|p1b: Rosey|[spread] \n|-activate|p1a: Kathleen|move: Protect\n|-activate|p1b: Rosey|move: Protect\n|\n|-weather|RainDance|[upkeep]\n|-heal|p1b: Rosey|56/100|[from] item: Leftovers\n|-start|p2b: Froslass|perish2\n|-start|p2a: Arcanine|perish2\n|-start|p1a: Kathleen|perish2\n|-start|p1b: Rosey|perish2\n|-sideend|p2: jmariowo|move: Aurora Veil\n|upkeep\n|turn|7\n|\n|t:|1776395724\n|move|p1a: Kathleen|Protect||[still]\n|-fail|p1a: Kathleen\n|move|p1b: Rosey|Protect||[still]\n|-fail|p1b: Rosey\n|move|p2b: Froslass|Blizzard|p1b: Rosey|[spread] p1a,p1b\n|-resisted|p1b: Rosey|1\n|-damage|p1a: Kathleen|0 fnt\n|-damage|p1b: Rosey|43/100\n|faint|p1a: Kathleen\n|move|p2a: Arcanine|Rock Slide|p1b: Rosey\n|-damage|p1b: Rosey|3/100\n|\n|-weather|RainDance|[upkeep]\n|-heal|p1b: Rosey|9/100|[from] item: Leftovers\n|-start|p2b: Froslass|perish1\n|-start|p2a: Arcanine|perish1\n|-start|p1b: Rosey|perish1\n|upkeep\n|\n|t:|1776395732\n|switch|p1a: Ian|Incineroar, L50, M|21/100\n|-ability|p1a: Ian|Intimidate|boost\n|-unboost|p2a: Arcanine|atk|1\n|-unboost|p2b: Froslass|atk|1\n|turn|8\n|\n|t:|1776395744\n|move|p1b: Rosey|Protect|p1b: Rosey\n|-singleturn|p1b: Rosey|Protect\n|move|p1a: Ian|Protect|p1a: Ian\n|-singleturn|p1a: Ian|Protect\n|move|p2b: Froslass|Blizzard|p1b: Rosey|[spread] \n|-activate|p1a: Ian|move: Protect\n|-activate|p1b: Rosey|move: Protect\n|move|p2a: Arcanine|Rock Slide|p1a: Ian|[spread] \n|-activate|p1a: Ian|move: Protect\n|-activate|p1b: Rosey|move: Protect\n|\n|-weather|RainDance|[upkeep]\n|-heal|p1b: Rosey|15/100|[from] item: Leftovers\n|-start|p2b: Froslass|perish0\n|-start|p2a: Arcanine|perish0\n|-start|p1b: Rosey|perish0\n|faint|p2b: Froslass\n|faint|p2a: Arcanine\n|faint|p1b: Rosey\n|\n|win|testy accounty 2\n|raw|testy accounty 2's rating: 1435 &rarr; <strong>1450</strong><br />(+15 for winning)\n|raw|jmariowo's rating: 1354 &rarr; <strong>1339</strong><br />(-15 for losing)\n|l|\u2606jmariowo\n|player|p2|\n",
  "uploadtime": 1776395765,
  "views": 56,
  "formatid": "gen9championsvgc2026regma",
  "rating": 1339,
  "private": 0,
  "password": null
}