{
  "id": "gen9championsvgc2026regma-2587499710",
  "format": "[Gen 9 Champions] VGC 2026 Reg M-A",
  "players": [
    "jhonny2307",
    "stevesaint"
  ],
  "log": "|j|\u203djhonny2307\n|j|\u2606stevesaint\n|t:|1776537047\n|gametype|doubles\n|player|p1|jhonny2307|101|1320\n|player|p2|stevesaint|firebreather|1418\n|gen|9\n|tier|[Gen 9 Champions] VGC 2026 Reg M-A\n|rated|\n|rule|Species Clause: Limit one of each Pok\u00e9mon\n|rule|Item Clause: Limit 1 of each item\n|clearpoke\n|poke|p1|Floette-Eternal, L50, F|\n|poke|p1|Garchomp, L50, M|\n|poke|p1|Rotom-Wash, L50|\n|poke|p1|Talonflame, L50, M|\n|poke|p1|Ceruledge, L50, M|\n|poke|p1|Maushold, L50|\n|poke|p2|Incineroar, L50, F, shiny|\n|poke|p2|Milotic, L50, M, shiny|\n|poke|p2|Sneasler, L50, M, shiny|\n|poke|p2|Garchomp, L50, F, shiny|\n|poke|p2|Charizard, L50, M, shiny|\n|poke|p2|Whimsicott, L50, F, shiny|\n|teampreview|4\n|inactive|Battle timer is ON: inactive players will automatically lose when time's up. (requested by stevesaint)\n|\n|t:|1776537119\n|teamsize|p1|4\n|teamsize|p2|4\n|start\n|switch|p1a: Talonflame|Talonflame, L50, M|100/100\n|switch|p1b: Garchomp|Garchomp, L50, M|100/100\n|switch|p2a: Sneasler|Sneasler, L50, M, shiny|100/100\n|switch|p2b: Garchomp|Garchomp, L50, F, shiny|100/100\n|turn|1\n|\n|t:|1776537138\n|move|p1a: Talonflame|Protect|p1a: Talonflame\n|-singleturn|p1a: Talonflame|Protect\n|move|p1b: Garchomp|Protect|p1b: Garchomp\n|-singleturn|p1b: Garchomp|Protect\n|move|p2b: Garchomp|Dragon Claw|p1b: Garchomp\n|-activate|p1b: Garchomp|move: Protect\n|move|p2a: Sneasler|Rock Slide|p1b: Garchomp|[spread] \n|-activate|p1a: Talonflame|move: Protect\n|-activate|p1b: Garchomp|move: Protect\n|\n|upkeep\n|turn|2\n|inactive|jhonny2307 has 30 seconds left.\n|\n|t:|1776537165\n|switch|p1b: Floette|Floette-Eternal, L50, F|100/100\n|move|p1a: Talonflame|Dual Wingbeat|p2a: Sneasler\n|-supereffective|p2a: Sneasler|1\n|-crit|p2a: Sneasler\n|-damage|p2a: Sneasler|15/100\n|-supereffective|p2a: Sneasler|1\n|-damage|p2a: Sneasler|0 fnt\n|faint|p2a: Sneasler\n|-hitcount|p2: Sneasler|2\n|move|p2b: Garchomp|Dragon Claw|p1b: Floette\n|-immune|p1b: Floette\n|\n|upkeep\n|\n|t:|1776537177\n|switch|p2a: Whimsicott|Whimsicott, L50, F, shiny|100/100\n|turn|3\n|\n|t:|1776537189\n|detailschange|p1b: Floette|Floette-Mega, L50, F\n|-mega|p1b: Floette|Floette|Floettite\n|-ability|p1b: Floette|Fairy Aura\n|move|p1a: Talonflame|Tailwind|p1a: Talonflame\n|-sidestart|p1: jhonny2307|move: Tailwind\n|move|p2a: Whimsicott|Light Screen|p2a: Whimsicott\n|-sidestart|p2: stevesaint|move: Light Screen\n|move|p1b: Floette|Dazzling Gleam|p2b: Garchomp|[spread] p2a,p2b\n|-supereffective|p2b: Garchomp|1\n|-damage|p2a: Whimsicott|48/100\n|-damage|p2b: Garchomp|36/100\n|move|p2b: Garchomp|Dragon Claw|p1a: Talonflame\n|-damage|p1a: Talonflame|40/100\n|\n|upkeep\n|turn|4\n|inactive|jhonny2307 has 30 seconds left.\n|\n|t:|1776537219\n|move|p2a: Whimsicott|Tailwind|p2a: Whimsicott\n|-sidestart|p2: stevesaint|move: Tailwind\n|move|p2b: Garchomp|Dragon Claw|p1a: Talonflame\n|-damage|p1a: Talonflame|0 fnt\n|faint|p1a: Talonflame\n|move|p1b: Floette|Dazzling Gleam|p2b: Garchomp|[spread] p2a,p2b\n|-supereffective|p2b: Garchomp|1\n|-damage|p2a: Whimsicott|0 fnt\n|-damage|p2b: Garchomp|0 fnt\n|faint|p2a: Whimsicott\n|faint|p2b: Garchomp\n|\n|upkeep\n|\n|t:|1776537233\n|switch|p1a: Maushold|Maushold, L50|100/100\n|switch|p2a: Charizard|Charizard, L50, M, shiny|100/100\n|turn|5\n|\n|t:|1776537245\n|detailschange|p2a: Charizard|Charizard-Mega-Y, L50, M, shiny\n|-mega|p2a: Charizard|Charizard|Charizardite Y\n|-weather|SunnyDay|[from] ability: Drought|[of] p2a: Charizard\n|move|p1a: Maushold|Super Fang|p2a: Charizard\n|-damage|p2a: Charizard|51/100\n|move|p1b: Floette|Calm Mind|p1b: Floette\n|-boost|p1b: Floette|spa|1\n|-boost|p1b: Floette|spd|1\n|move|p2a: Charizard|Heat Wave|p1b: Floette|[spread] p1a,p1b\n|-damage|p1a: Maushold|25/100\n|-damage|p1b: Floette|72/100\n|\n|-weather|SunnyDay|[upkeep]\n|upkeep\n|turn|6\n|\n|t:|1776537264\n|move|p1a: Maushold|Taunt|p2a: Charizard\n|-start|p2a: Charizard|move: Taunt\n|move|p1b: Floette|Moonblast|p2a: Charizard\n|-resisted|p2a: Charizard|1\n|-crit|p2a: Charizard\n|-damage|p2a: Charizard|0 fnt\n|faint|p2a: Charizard\n|\n|win|jhonny2307\n|raw|jhonny2307's rating: 1320 &rarr; <strong>1345</strong><br />(+25 for winning)\n|raw|stevesaint's rating: 1418 &rarr; <strong>1393</strong><br />(-25 for losing)\n|l|\u2606stevesaint\n|player|p2|\n",
  "uploadtime": 1776537356,
  "views": 27,
  "formatid": "gen9championsvgc2026regma",
  "rating": 1345,
  "private": 0,
  "password": null
}