{
  "id": "gen9championsvgc2026regma-2581861691",
  "format": "[Gen 9 Champions] VGC 2026 Reg M-A",
  "players": [
    "Gsue03",
    "aa11ss"
  ],
  "log": "|j|\u2606Gsue03\n|j|\u2606aa11ss\n|t:|1776034573\n|gametype|doubles\n|player|p1|Gsue03|hugh|1066\n|player|p2|aa11ss|101|1166\n|gen|9\n|tier|[Gen 9 Champions] VGC 2026 Reg M-A\n|rated|\n|rule|Species Clause: Limit one of each Pok\u00e9mon\n|rule|Item Clause: Limit 1 of each item\n|clearpoke\n|poke|p1|Floette-Eternal, L50, F|\n|poke|p1|Basculegion, L50, M|\n|poke|p1|Gengar, L50, M|\n|poke|p1|Pelipper, L50, M|\n|poke|p1|Kingambit, L50, M|\n|poke|p1|Archaludon, L50, M|\n|poke|p2|Orthworm, L50, F|\n|poke|p2|Blastoise, L50, M|\n|poke|p2|Garchomp, L50, M|\n|poke|p2|Delphox, L50, M|\n|poke|p2|Aerodactyl, L50, M|\n|poke|p2|Sneasler, L50, F|\n|teampreview|4\n|inactive|Battle timer is ON: inactive players will automatically lose when time's up. (requested by aa11ss)\n|\n|t:|1776034641\n|teamsize|p1|4\n|teamsize|p2|4\n|start\n|switch|p1a: Pelipper|Pelipper, L50, M|100/100\n|switch|p1b: Basculegion|Basculegion, L50, M|100/100\n|switch|p2a: Orthworm|Orthworm, L50, F|100/100\n|switch|p2b: Garchomp|Garchomp, L50, M|100/100\n|-weather|RainDance|[from] ability: Drizzle|[of] p1a: Pelipper\n|turn|1\n|inactive|Gsue03 has 30 seconds left.\n|\n|t:|1776034673\n|move|p1b: Basculegion|Flip Turn|p2b: Garchomp\n|-damage|p2b: Garchomp|52/100\n|\n|t:|1776034688\n|switch|p1b: Kingambit|Kingambit, L50, M|100/100|[from] Flip Turn\n|move|p1a: Pelipper|U-turn|p2b: Garchomp\n|-crit|p2b: Garchomp\n|-damage|p2b: Garchomp|40/100\n|\n|t:|1776034695\n|switch|p1a: Basculegion|Basculegion, L50, M|100/100|[from] U-turn\n|move|p2b: Garchomp|Earthquake|p1a: Basculegion|[spread] p1a,p1b\n|-immune|p2a: Orthworm|[from] ability: Earth Eater\n|-supereffective|p1b: Kingambit|1\n|-damage|p1a: Basculegion|57/100\n|-damage|p1b: Kingambit|40/100\n|move|p2a: Orthworm|Shed Tail|p2a: Orthworm\n|-start|p2a: Orthworm|Substitute|[from] move: Shed Tail\n|-damage|p2a: Orthworm|50/100\n|-enditem|p2a: Orthworm|Sitrus Berry|[eat]\n|-heal|p2a: Orthworm|75/100|[from] item: Sitrus Berry\n|\n|t:|1776034708\n|switch|p2a: Blastoise|Blastoise, L50, M|100/100|[from] Shed Tail\n|\n|-weather|RainDance|[upkeep]\n|-heal|p2b: Garchomp|46/100|[from] item: Leftovers\n|upkeep\n|turn|2\n|\n|t:|1776034730\n|detailschange|p2a: Blastoise|Blastoise-Mega, L50, M\n|-mega|p2a: Blastoise|Blastoise|Blastoisinite\n|move|p1b: Kingambit|Protect|p1b: Kingambit\n|-singleturn|p1b: Kingambit|Protect\n|move|p1a: Basculegion|Flip Turn|p2b: Garchomp\n|-crit|p2b: Garchomp\n|-damage|p2b: Garchomp|0 fnt\n|faint|p2b: Garchomp\n|\n|t:|1776034744\n|switch|p1a: Gengar|Gengar, L50, M|100/100|[from] Flip Turn\n|move|p2a: Blastoise|Shell Smash|p2a: Blastoise\n|-unboost|p2a: Blastoise|def|1\n|-unboost|p2a: Blastoise|spd|1\n|-boost|p2a: Blastoise|atk|2\n|-boost|p2a: Blastoise|spa|2\n|-boost|p2a: Blastoise|spe|2\n|\n|-weather|RainDance|[upkeep]\n|upkeep\n|\n|t:|1776034751\n|switch|p2b: Sneasler|Sneasler, L50, F|100/100\n|turn|3\n|inactive|Gsue03 has 30 seconds left.\n|inactive|Gsue03 has 20 seconds left.\n|\n|t:|1776034790\n|move|p1b: Kingambit|Protect||[still]\n|-fail|p1b: Kingambit\n|move|p2b: Sneasler|Fake Out|p1b: Kingambit\n|-resisted|p1b: Kingambit|1\n|-damage|p1b: Kingambit|34/100\n|move|p2a: Blastoise|Water Spout|p1a: Gengar|[spread] p1a,p1b\n|-enditem|p1a: Gengar|Focus Sash\n|-damage|p1a: Gengar|1/100\n|-damage|p1b: Kingambit|0 fnt\n|-start|p2a: Blastoise|Disable|Water Spout|[from] ability: Cursed Body|[of] p1a: Gengar\n|faint|p1b: Kingambit\n|move|p1a: Gengar|Sludge Bomb|p2a: Blastoise\n|-end|p2a: Blastoise|Substitute\n|\n|-weather|RainDance|[upkeep]\n|upkeep\n|\n|t:|1776034809\n|switch|p1b: Pelipper|Pelipper, L50, M|100/100\n|turn|4\n|\n|t:|1776034833\n|move|p2a: Blastoise|Ice Beam|p1b: Pelipper\n|-damage|p1b: Pelipper|0 fnt\n|faint|p1b: Pelipper\n|move|p1a: Gengar|Sludge Bomb|p2a: Blastoise\n|-damage|p2a: Blastoise|27/100\n|move|p2b: Sneasler|Dire Claw|p1a: Gengar\n|-resisted|p1a: Gengar|2\n|-damage|p1a: Gengar|0 fnt\n|-start|p2b: Sneasler|Disable|Dire Claw|[from] ability: Cursed Body|[of] p1a: Gengar\n|faint|p1a: Gengar\n|\n|-weather|RainDance|[upkeep]\n|upkeep\n|\n|t:|1776034837\n|switch|p1b: Basculegion|Basculegion, L50, M|57/100\n|turn|5\n|\n|t:|1776034851\n|switch|p2b: Orthworm|Orthworm, L50, F|75/100\n|move|p2a: Blastoise|Ice Beam|p1b: Basculegion\n|-resisted|p1b: Basculegion|1\n|-damage|p1b: Basculegion|19/100\n|move|p1b: Basculegion|Wave Crash|p2b: Orthworm\n|-damage|p2b: Orthworm|0 fnt\n|faint|p2b: Orthworm\n|-damage|p1b: Basculegion|0 fnt|[from] Recoil\n|faint|p1b: Basculegion\n|\n|win|aa11ss\n|raw|Gsue03's rating: 1066 &rarr; <strong>1052</strong><br />(-14 for losing)\n|raw|aa11ss's rating: 1166 &rarr; <strong>1184</strong><br />(+18 for winning)\n|l|\u2606aa11ss\n|player|p2|\n|j|\u2606aa11ss\n|player|p2|aa11ss|101|\n",
  "uploadtime": 1776034982,
  "views": 12,
  "formatid": "gen9championsvgc2026regma",
  "rating": 1052,
  "private": 0,
  "password": null
}