{
  "id": "gen9championsvgc2026regma-2583441795",
  "format": "[Gen 9 Champions] VGC 2026 Reg M-A",
  "players": [
    "dresovense",
    "Riczi"
  ],
  "log": "|j|\u2606dresovense\n|j|\u2606Riczi\n|t:|1776175901\n|gametype|doubles\n|player|p1|dresovense|266|1232\n|player|p2|Riczi|101|1282\n|gen|9\n|tier|[Gen 9 Champions] VGC 2026 Reg M-A\n|rated|\n|rule|Species Clause: Limit one of each Pok\u00e9mon\n|rule|Item Clause: Limit 1 of each item\n|clearpoke\n|poke|p1|Kommo-o, L50, M|\n|poke|p1|Gengar, L50, F|\n|poke|p1|Kingambit, L50, M|\n|poke|p1|Farigiraf, L50, M|\n|poke|p1|Sinistcha, L50|\n|poke|p1|Incineroar, L50, M|\n|poke|p2|Farigiraf, L50, F|\n|poke|p2|Kingambit, L50, M|\n|poke|p2|Basculegion, L50, M|\n|poke|p2|Abomasnow, L50, F|\n|poke|p2|Incineroar, L50, F|\n|poke|p2|Aerodactyl, L50, M|\n|teampreview|4\n|inactive|Battle timer is ON: inactive players will automatically lose when time's up. (requested by dresovense)\n|inactive|dresovense has 60 seconds left.\n|inactive|Riczi has 60 seconds left.\n|\n|t:|1776175941\n|teamsize|p1|4\n|teamsize|p2|4\n|start\n|switch|p1a: Incineroar|Incineroar, L50, M|100/100\n|switch|p1b: Farigiraf|Farigiraf, L50, M|100/100\n|switch|p2a: Farigiraf|Farigiraf, L50, F|100/100\n|switch|p2b: Basculegion|Basculegion, L50, M|100/100\n|-ability|p1a: Incineroar|Intimidate|boost\n|-unboost|p2a: Farigiraf|atk|1\n|-unboost|p2b: Basculegion|atk|1\n|turn|1\n|\n|t:|1776175960\n|move|p2a: Farigiraf|Protect|p2a: Farigiraf\n|-singleturn|p2a: Farigiraf|Protect\n|move|p2b: Basculegion|Flip Turn|p1a: Incineroar\n|-supereffective|p1a: Incineroar|1\n|-damage|p1a: Incineroar|68/100\n|\n|t:|1776175966\n|switch|p2b: Aerodactyl|Aerodactyl, L50, M|100/100|[from] Flip Turn\n|-ability|p2b: Aerodactyl|Unnerve\n|move|p1a: Incineroar|Darkest Lariat|p2b: Aerodactyl\n|-damage|p2b: Aerodactyl|50/100\n|move|p1b: Farigiraf|Psychic|p2b: Aerodactyl\n|-damage|p2b: Aerodactyl|0 fnt\n|faint|p2b: Aerodactyl\n|\n|upkeep\n|\n|t:|1776175976\n|switch|p2b: Basculegion|Basculegion, L50, M|100/100\n|turn|2\n|\n|t:|1776175989\n|switch|p1a: Kommo-o|Kommo-o, L50, M|100/100\n|move|p2b: Basculegion|Wave Crash|p1a: Kommo-o\n|-resisted|p1a: Kommo-o|1\n|-damage|p1a: Kommo-o|81/100\n|-damage|p2b: Basculegion|94/100|[from] Recoil\n|move|p2a: Farigiraf|Hyper Voice|p1b: Farigiraf|[spread] p1a,p1b\n|-damage|p1a: Kommo-o|56/100\n|-damage|p1b: Farigiraf|71/100\n|move|p1b: Farigiraf|Psychic|p2b: Basculegion\n|-damage|p2b: Basculegion|51/100\n|\n|-heal|p1a: Kommo-o|62/100|[from] item: Leftovers\n|upkeep\n|turn|3\n|\n|t:|1776176006\n|switch|p2b: Abomasnow|Abomasnow, L50, F|100/100\n|-weather|Snowscape|[from] ability: Snow Warning|[of] p2b: Abomasnow\n|switch|p1a: Incineroar|Incineroar, L50, M|68/100\n|-ability|p1a: Incineroar|Intimidate|boost\n|-unboost|p2a: Farigiraf|atk|1\n|-unboost|p2b: Abomasnow|atk|1\n|move|p1b: Farigiraf|Psychic|p2b: Abomasnow\n|-damage|p2b: Abomasnow|62/100\n|move|p2a: Farigiraf|Trick Room|p2a: Farigiraf\n|-fieldstart|move: Trick Room|[of] p2a: Farigiraf\n|\n|-weather|Snowscape|[upkeep]\n|upkeep\n|turn|4\n|\n|t:|1776176021\n|detailschange|p2b: Abomasnow|Abomasnow-Mega, L50, F\n|-mega|p2b: Abomasnow|Abomasnow|Abomasite\n|move|p2b: Abomasnow|Earth Power|p1a: Incineroar\n|-supereffective|p1a: Incineroar|1\n|-damage|p1a: Incineroar|19/100\n|move|p1b: Farigiraf|Hyper Voice|p2a: Farigiraf|[spread] p2a,p2b\n|-damage|p2a: Farigiraf|74/100\n|-damage|p2b: Abomasnow|37/100\n|move|p1a: Incineroar|Flare Blitz|p2b: Abomasnow\n|-supereffective|p2b: Abomasnow|2\n|-damage|p2b: Abomasnow|0 fnt\n|faint|p2b: Abomasnow\n|-damage|p1a: Incineroar|7/100|[from] Recoil\n|move|p2a: Farigiraf|Hyper Voice|p1a: Incineroar|[spread] p1a,p1b\n|-damage|p1a: Incineroar|0 fnt\n|-damage|p1b: Farigiraf|41/100\n|faint|p1a: Incineroar\n|\n|-weather|Snowscape|[upkeep]\n|upkeep\n|\n|t:|1776176039\n|switch|p2b: Basculegion|Basculegion, L50, M|51/100\n|switch|p1a: Kommo-o|Kommo-o, L50, M|62/100\n|turn|5\n|\n|t:|1776176057\n|move|p1a: Kommo-o|Protect|p1a: Kommo-o\n|-singleturn|p1a: Kommo-o|Protect\n|move|p1b: Farigiraf|Hyper Voice|p2a: Farigiraf|[spread] p2a\n|-immune|p2b: Basculegion\n|-damage|p2a: Farigiraf|47/100\n|move|p2a: Farigiraf|Twin Beam|p1a: Kommo-o\n|-activate|p1a: Kommo-o|move: Protect\n|move|p2b: Basculegion|Wave Crash|p1b: Farigiraf\n|-damage|p1b: Farigiraf|0 fnt\n|faint|p1b: Farigiraf\n|-damage|p2b: Basculegion|36/100|[from] Recoil\n|\n|-weather|Snowscape|[upkeep]\n|-heal|p1a: Kommo-o|68/100|[from] item: Leftovers\n|upkeep\n|\n|t:|1776176072\n|switch|p1b: Kingambit|Kingambit, L50, M|100/100\n|turn|6\n|\n|t:|1776176093\n|move|p1b: Kingambit|Protect|p1b: Kingambit\n|-singleturn|p1b: Kingambit|Protect\n|move|p2a: Farigiraf|Twin Beam|p1a: Kommo-o\n|-supereffective|p1a: Kommo-o|1\n|-damage|p1a: Kommo-o|38/100\n|-supereffective|p1a: Kommo-o|1\n|-damage|p1a: Kommo-o|5/100\n|-hitcount|p1a: Kommo-o|2\n|move|p1a: Kommo-o|Draco Meteor|p2a: Farigiraf\n|-damage|p2a: Farigiraf|8/100\n|-unboost|p1a: Kommo-o|spa|2\n|move|p2b: Basculegion|Wave Crash|p1b: Kingambit\n|-activate|p1b: Kingambit|move: Protect\n|\n|-weather|Snowscape|[upkeep]\n|-heal|p1a: Kommo-o|11/100|[from] item: Leftovers\n|upkeep\n|turn|7\n|\n|t:|1776176113\n|move|p1b: Kingambit|Iron Head|p2a: Farigiraf\n|-damage|p2a: Farigiraf|0 fnt\n|faint|p2a: Farigiraf\n|move|p1a: Kommo-o|Body Press|p2b: Basculegion\n|-immune|p2b: Basculegion\n|move|p2b: Basculegion|Wave Crash|p1b: Kingambit\n|-damage|p1b: Kingambit|60/100\n|-damage|p2b: Basculegion|22/100|[from] Recoil\n|\n|-weather|none\n|-heal|p1a: Kommo-o|18/100|[from] item: Leftovers\n|-fieldend|move: Trick Room\n|upkeep\n|turn|8\n|\n|t:|1776176126\n|move|p1b: Kingambit|Sucker Punch|p2b: Basculegion\n|-supereffective|p2b: Basculegion|1\n|-damage|p2b: Basculegion|0 fnt\n|faint|p2b: Basculegion\n|\n|win|dresovense\n|raw|dresovense's rating: 1232 &rarr; <strong>1261</strong><br />(+29 for winning)\n|raw|Riczi's rating: 1282 &rarr; <strong>1253</strong><br />(-29 for losing)\n",
  "uploadtime": 1776176129,
  "views": 36,
  "formatid": "gen9championsvgc2026regma",
  "rating": 1253,
  "private": 0,
  "password": null
}