{
  "id": "gen9championsvgc2026regma-2589445592",
  "format": "[Gen 9 Champions] VGC 2026 Reg M-A",
  "players": [
    "sneedjak",
    "omnicoter"
  ],
  "log": "|j|\u2606sneedjak\n|j|\u2606omnicoter\n|t:|1776723598\n|gametype|doubles\n|player|p1|sneedjak|170|1201\n|player|p2|omnicoter|steven|1114\n|gen|9\n|tier|[Gen 9 Champions] VGC 2026 Reg M-A\n|rated|\n|rule|Species Clause: Limit one of each Pok\u00e9mon\n|rule|Item Clause: Limit 1 of each item\n|clearpoke\n|poke|p1|Incineroar, L50, M|\n|poke|p1|Sinistcha, L50|\n|poke|p1|Basculegion, L50, M|\n|poke|p1|Floette-Eternal, L50, F|\n|poke|p1|Whimsicott, L50, M|\n|poke|p1|Liepard, L50, F, shiny|\n|poke|p2|Rotom-Wash, L50|\n|poke|p2|Tyranitar, L50, M|\n|poke|p2|Garchomp, L50, M|\n|poke|p2|Sneasler, L50, F|\n|poke|p2|Sinistcha-Masterpiece, L50|\n|poke|p2|Corviknight, L50, M|\n|teampreview|4\n|\n|t:|1776723647\n|teamsize|p1|4\n|teamsize|p2|4\n|start\n|switch|p1a: Floette|Floette-Eternal, L50, F|100/100\n|switch|p1b: Liepard|Liepard, L50, F, shiny|100/100\n|switch|p2a: Rotom|Rotom-Wash, L50|100/100\n|switch|p2b: Garchomp|Garchomp, L50, M|100/100\n|turn|1\n|\n|t:|1776723671\n|switch|p2b: Corviknight|Corviknight, L50, M|100/100\n|-ability|p2b: Corviknight|Pressure\n|detailschange|p1a: Floette|Floette-Mega, L50, F\n|-mega|p1a: Floette|Floette|Floettite\n|-ability|p1a: Floette|Fairy Aura\n|move|p1b: Liepard|Fake Tears|p2a: Rotom\n|-unboost|p2a: Rotom|spd|2\n|move|p1a: Floette|Dazzling Gleam|p2b: Corviknight|[spread] p2a,p2b\n|-resisted|p2b: Corviknight|1\n|-damage|p2a: Rotom|0 fnt\n|-damage|p2b: Corviknight|80/100\n|faint|p2a: Rotom\n|\n|-heal|p2b: Corviknight|86/100|[from] item: Leftovers\n|upkeep\n|\n|t:|1776723688\n|switch|p2a: Sinistcha|Sinistcha-Masterpiece, L50|100/100\n|-heal|p2b: Corviknight|100/100|[from] ability: Hospitality|[of] p2a: Sinistcha\n|turn|2\n|\n|t:|1776723704\n|move|p2a: Sinistcha|Rage Powder|p2a: Sinistcha\n|-singleturn|p2a: Sinistcha|move: Rage Powder\n|move|p1b: Liepard|Fake Tears|p2a: Sinistcha\n|-unboost|p2a: Sinistcha|spd|2\n|move|p1a: Floette|Dazzling Gleam|p2b: Corviknight|[spread] p2a,p2b\n|-resisted|p2b: Corviknight|1\n|-damage|p2a: Sinistcha|14/100\n|-damage|p2b: Corviknight|80/100\n|move|p2b: Corviknight|Brave Bird|p1a: Floette\n|-damage|p1a: Floette|52/100\n|-damage|p2b: Corviknight|68/100|[from] Recoil\n|\n|-heal|p2b: Corviknight|74/100|[from] item: Leftovers\n|upkeep\n|turn|3\n|\n|t:|1776723728\n|move|p2a: Sinistcha|Protect|p2a: Sinistcha\n|-singleturn|p2a: Sinistcha|Protect\n|move|p1b: Liepard|Fake Tears|p2b: Corviknight\n|-unboost|p2b: Corviknight|spd|2\n|move|p1a: Floette|Dazzling Gleam|p2b: Corviknight|[spread] p2b\n|-activate|p2a: Sinistcha|move: Protect\n|-resisted|p2b: Corviknight|1\n|-damage|p2b: Corviknight|31/100\n|move|p2b: Corviknight|Brave Bird|p1a: Floette\n|-damage|p1a: Floette|0 fnt\n|faint|p1a: Floette\n|-damage|p2b: Corviknight|19/100|[from] Recoil\n|\n|-heal|p2b: Corviknight|25/100|[from] item: Leftovers\n|upkeep\n|\n|t:|1776723738\n|switch|p1a: Sinistcha|Sinistcha, L50|100/100\n|turn|4\n|\n|t:|1776723751\n|move|p1b: Liepard|Fake Tears|p2b: Corviknight\n|-unboost|p2b: Corviknight|spd|2\n|move|p2a: Sinistcha|Life Dew|p2a: Sinistcha|[spread] p2a,p2b\n|-heal|p2a: Sinistcha|39/100\n|-heal|p2b: Corviknight|50/100\n|move|p1a: Sinistcha|Matcha Gotcha|p2a: Sinistcha|[spread] p2a,p2b\n|-resisted|p2a: Sinistcha|1\n|-resisted|p2b: Corviknight|2\n|-damage|p2a: Sinistcha|15/100\n|-damage|p2b: Corviknight|28/100\n|-status|p2b: Corviknight|brn\n|move|p2b: Corviknight|Tailwind|p2b: Corviknight\n|-sidestart|p2: omnicoter|move: Tailwind\n|\n|-heal|p2b: Corviknight|34/100 brn|[from] item: Leftovers\n|-damage|p2b: Corviknight|28/100 brn|[from] brn\n|upkeep\n|turn|5\n|\n|t:|1776723771\n|move|p1b: Liepard|Fake Tears|p2a: Sinistcha\n|-unboost|p2a: Sinistcha|spd|2\n|move|p2a: Sinistcha|Matcha Gotcha|p1a: Sinistcha|[spread] p1a,p1b\n|-resisted|p1a: Sinistcha|1\n|-crit|p1a: Sinistcha\n|-damage|p1a: Sinistcha|73/100\n|-heal|p2a: Sinistcha|26/100|[from] drain|[of] p1a: Sinistcha\n|-damage|p1b: Liepard|63/100\n|-heal|p2a: Sinistcha|44/100|[from] drain|[of] p1b: Liepard\n|move|p2b: Corviknight|Brave Bird|p1a: Sinistcha\n|-supereffective|p1a: Sinistcha|1\n|-damage|p1a: Sinistcha|43/100\n|-damage|p2b: Corviknight|20/100 brn|[from] Recoil\n|move|p1a: Sinistcha|Matcha Gotcha|p2b: Corviknight|[spread] p2a,p2b\n|-resisted|p2a: Sinistcha|1\n|-resisted|p2b: Corviknight|2\n|-damage|p2a: Sinistcha|7/100\n|-heal|p1a: Sinistcha|66/100|[from] drain|[of] p2a: Sinistcha\n|-damage|p2b: Corviknight|1/100 brn\n|-heal|p1a: Sinistcha|80/100|[from] drain|[of] p2b: Corviknight\n|\n|-heal|p2b: Corviknight|7/100 brn|[from] item: Leftovers\n|-heal|p1a: Sinistcha|86/100|[from] item: Leftovers\n|-damage|p2b: Corviknight|1/100 brn|[from] brn\n|upkeep\n|turn|6\n|\n|t:|1776723804\n|move|p1b: Liepard|Quick Attack|p2b: Corviknight\n|-resisted|p2b: Corviknight|1\n|-damage|p2b: Corviknight|0 fnt\n|faint|p2b: Corviknight\n|move|p2a: Sinistcha|Matcha Gotcha|p1b: Liepard|[spread] p1a,p1b\n|-resisted|p1a: Sinistcha|1\n|-damage|p1a: Sinistcha|67/100\n|-heal|p2a: Sinistcha|15/100|[from] drain|[of] p1a: Sinistcha\n|-damage|p1b: Liepard|22/100\n|-heal|p2a: Sinistcha|34/100|[from] drain|[of] p1b: Liepard\n|move|p1a: Sinistcha|Matcha Gotcha|p2a: Sinistcha\n|-resisted|p2a: Sinistcha|1\n|-damage|p2a: Sinistcha|0 fnt\n|-heal|p1a: Sinistcha|88/100|[from] drain|[of] p2a: Sinistcha\n|faint|p2a: Sinistcha\n|\n|-heal|p1a: Sinistcha|94/100|[from] item: Leftovers\n|upkeep\n|\n|t:|1776723823\n|switch|p2b: Garchomp|Garchomp, L50, M|100/100\n|turn|7\n|\n|t:|1776723836\n|move|p1a: Sinistcha|Rage Powder|p1a: Sinistcha\n|-singleturn|p1a: Sinistcha|move: Rage Powder\n|move|p1b: Liepard|Fake Tears|p2b: Garchomp\n|-unboost|p2b: Garchomp|spd|2\n|move|p2b: Garchomp|Earthquake|p1a: Sinistcha|[spread] p1a,p1b\n|-resisted|p1a: Sinistcha|1\n|-damage|p1a: Sinistcha|75/100\n|-damage|p1b: Liepard|0 fnt\n|faint|p1b: Liepard\n|\n|-heal|p1a: Sinistcha|82/100|[from] item: Leftovers\n|-sideend|p2: omnicoter|move: Tailwind\n|upkeep\n|\n|t:|1776723841\n|switch|p1b: Basculegion|Basculegion, L50, M|100/100\n|turn|8\n|\n|t:|1776723855\n|move|p2b: Garchomp|Earthquake|p1a: Sinistcha|[spread] p1a,p1b\n|-resisted|p1a: Sinistcha|1\n|-damage|p1a: Sinistcha|65/100\n|-damage|p1b: Basculegion|50/100\n|move|p1b: Basculegion|Last Respects|p2b: Garchomp\n|-damage|p2b: Garchomp|0 fnt\n|faint|p2b: Garchomp\n|\n|win|sneedjak\n|raw|sneedjak's rating: 1201 &rarr; <strong>1220</strong><br />(+19 for winning)\n|raw|omnicoter's rating: 1114 &rarr; <strong>1095</strong><br />(-19 for losing)\n|l|\u2606omnicoter\n|player|p2|\n",
  "uploadtime": 1776723863,
  "views": 4,
  "formatid": "gen9championsvgc2026regma",
  "rating": 1095,
  "private": 0,
  "password": null
}