{
  "id": "gen9championsvgc2026regma-2583371084",
  "format": "[Gen 9 Champions] VGC 2026 Reg M-A",
  "players": [
    "leoscerni",
    "Timmmmmmmmmmmmm"
  ],
  "log": "|j|\u2606leoscerni\n|j|\u2606Timmmmmmmmmmmmm\n|t:|1776170896\n|gametype|doubles\n|player|p1|leoscerni|1|1302\n|player|p2|Timmmmmmmmmmmmm|alder|1290\n|gen|9\n|tier|[Gen 9 Champions] VGC 2026 Reg M-A\n|rated|\n|rule|Species Clause: Limit one of each Pok\u00e9mon\n|rule|Item Clause: Limit 1 of each item\n|clearpoke\n|poke|p1|Scovillain, L50, F|\n|poke|p1|Tyranitar, L50, F|\n|poke|p1|Aegislash, L50, F|\n|poke|p1|Kommo-o, L50, F|\n|poke|p1|Rotom-Wash, L50|\n|poke|p1|Garchomp, L50, M|\n|poke|p2|Hawlucha, L50, M|\n|poke|p2|Sinistcha, L50|\n|poke|p2|Maushold, L50|\n|poke|p2|Pelipper, L50, F|\n|poke|p2|Archaludon, L50, M|\n|poke|p2|Kingambit, L50, M|\n|teampreview|4\n|inactive|Battle timer is ON: inactive players will automatically lose when time's up. (requested by leoscerni)\n|inactive|leoscerni has 60 seconds left.\n|\n|t:|1776170941\n|teamsize|p1|4\n|teamsize|p2|4\n|start\n|switch|p1a: Scovillain|Scovillain, L50, F|100/100\n|switch|p1b: Kommo-o|Kommo-o, L50, F|100/100\n|switch|p2a: The Big E|Maushold, L50|100/100\n|switch|p2b: Staples|Archaludon, L50, M|100/100\n|turn|1\n|\n|t:|1776170954\n|detailschange|p1a: Scovillain|Scovillain-Mega, L50, F\n|-mega|p1a: Scovillain|Scovillain|Scovillainite\n|move|p1a: Scovillain|Rage Powder|p1a: Scovillain\n|-singleturn|p1a: Scovillain|move: Rage Powder\n|move|p2a: The Big E|Population Bomb|p1a: Scovillain\n|-damage|p1a: Scovillain|92/100\n|-status|p2a: The Big E|brn|[from] ability: Spicy Spray|[of] p1a: Scovillain\n|-damage|p1a: Scovillain|88/100\n|-damage|p1a: Scovillain|84/100\n|-damage|p1a: Scovillain|81/100\n|-damage|p1a: Scovillain|77/100\n|-damage|p1a: Scovillain|73/100\n|-damage|p1a: Scovillain|69/100\n|-damage|p1a: Scovillain|66/100\n|-damage|p1a: Scovillain|62/100\n|-damage|p1a: Scovillain|58/100\n|-hitcount|p1a: Scovillain|10\n|move|p1b: Kommo-o|Clangorous Soul|p1b: Kommo-o\n|-boost|p1b: Kommo-o|atk|1\n|-boost|p1b: Kommo-o|def|1\n|-boost|p1b: Kommo-o|spa|1\n|-boost|p1b: Kommo-o|spd|1\n|-boost|p1b: Kommo-o|spe|1\n|-damage|p1b: Kommo-o|68/100\n|move|p2b: Staples|Dragon Pulse|p1a: Scovillain\n|-damage|p1a: Scovillain|18/100\n|-status|p2b: Staples|brn|[from] ability: Spicy Spray|[of] p1a: Scovillain\n|\n|-damage|p2a: The Big E|94/100 brn|[from] brn\n|-damage|p2b: Staples|94/100 brn|[from] brn\n|upkeep\n|turn|2\n|inactive|leoscerni has 30 seconds left.\n|inactive|Timmmmmmmmmmmmm has 30 seconds left.\n|inactive|leoscerni has 20 seconds left.\n|inactive|Timmmmmmmmmmmmm has 20 seconds left.\n|inactive|leoscerni has 15 seconds left.\n|inactive|Timmmmmmmmmmmmm has 15 seconds left.\n|inactive|Timmmmmmmmmmmmm has 10 seconds left.\n|\n|t:|1776171002\n|move|p2a: The Big E|Follow Me|p2a: The Big E\n|-singleturn|p2a: The Big E|move: Follow Me\n|move|p1a: Scovillain|Rage Powder|p1a: Scovillain\n|-singleturn|p1a: Scovillain|move: Rage Powder\n|move|p1b: Kommo-o|Aura Sphere|p2a: The Big E\n|-supereffective|p2a: The Big E|1\n|-damage|p2a: The Big E|0 fnt\n|faint|p2a: The Big E\n|move|p2b: Staples|Dragon Pulse|p1a: Scovillain\n|-damage|p1a: Scovillain|0 fnt\n|faint|p1a: Scovillain\n|\n|-heal|p2b: Staples|100/100 brn|[from] item: Leftovers\n|-damage|p2b: Staples|94/100 brn|[from] brn\n|upkeep\n|\n|t:|1776171013\n|switch|p2a: Trump|Sinistcha, L50|100/100\n|switch|p1a: Tyranitar|Tyranitar, L50, F|100/100\n|-weather|Sandstorm|[from] ability: Sand Stream|[of] p1a: Tyranitar\n|-heal|p2b: Staples|100/100 brn|[from] ability: Hospitality|[of] p2a: Trump\n|turn|3\n|\n|t:|1776171021\n|move|p1b: Kommo-o|Protect|p1b: Kommo-o\n|-singleturn|p1b: Kommo-o|Protect\n|move|p2a: Trump|Rage Powder|p2a: Trump\n|-singleturn|p2a: Trump|move: Rage Powder\n|move|p2b: Staples|Dragon Pulse|p1b: Kommo-o\n|-activate|p1b: Kommo-o|move: Protect\n|move|p1a: Tyranitar|Knock Off|p2a: Trump\n|-supereffective|p2a: Trump|1\n|-crit|p2a: Trump\n|-damage|p2a: Trump|0 fnt\n|-enditem|p2a: Trump|Sitrus Berry|[from] move: Knock Off|[of] p1a: Tyranitar\n|faint|p2a: Trump\n|\n|-weather|Sandstorm|[upkeep]\n|-damage|p1b: Kommo-o|61/100|[from] Sandstorm\n|-damage|p2b: Staples|94/100 brn|[from] brn\n|upkeep\n|\n|t:|1776171025\n|switch|p2a: Netanyahu|Pelipper, L50, F|100/100\n|-weather|RainDance|[from] ability: Drizzle|[of] p2a: Netanyahu\n|turn|4\n|inactive|leoscerni has 30 seconds left.\n|inactive|leoscerni has 20 seconds left.\n|\n|t:|1776171063\n|move|p2b: Staples|Protect|p2b: Staples\n|-singleturn|p2b: Staples|Protect\n|move|p1b: Kommo-o|Clanging Scales|p2b: Staples|[spread] p2a\n|-activate|p2b: Staples|move: Protect\n|-crit|p2a: Netanyahu\n|-damage|p2a: Netanyahu|0 fnt\n|faint|p2a: Netanyahu\n|-unboost|p1b: Kommo-o|def|1\n|move|p1a: Tyranitar|Rock Slide|p2b: Staples\n|-activate|p2b: Staples|move: Protect\n|\n|-weather|RainDance|[upkeep]\n|-heal|p2b: Staples|100/100 brn|[from] item: Leftovers\n|-damage|p2b: Staples|94/100 brn|[from] brn\n|upkeep\n|turn|5\n|\n|t:|1776171080\n|move|p1b: Kommo-o|Aura Sphere|p2b: Staples\n|-supereffective|p2b: Staples|1\n|-damage|p2b: Staples|0 fnt\n|faint|p2b: Staples\n|\n|win|leoscerni\n|raw|leoscerni's rating: 1302 &rarr; <strong>1321</strong><br />(+19 for winning)\n|raw|Timmmmmmmmmmmmm's rating: 1290 &rarr; <strong>1266</strong><br />(-24 for losing)\n|l|\u2606Timmmmmmmmmmmmm\n|player|p2|\n",
  "uploadtime": 1776171087,
  "views": 47,
  "formatid": "gen9championsvgc2026regma",
  "rating": 1266,
  "private": 0,
  "password": null
}