{
  "id": "gen9championsvgc2026regma-2588654077",
  "format": "[Gen 9 Champions] VGC 2026 Reg M-A",
  "players": [
    "BundleMySon",
    "0TX - Zenith"
  ],
  "log": "|j|\u2606BundleMySon\n|j|\u26060TX - Zenith\n|t:|1776654209\n|gametype|doubles\n|player|p1|BundleMySon|266|1308\n|player|p2|0TX - Zenith|gambler|1234\n|gen|9\n|tier|[Gen 9 Champions] VGC 2026 Reg M-A\n|rated|\n|rule|Species Clause: Limit one of each Pok\u00e9mon\n|rule|Item Clause: Limit 1 of each item\n|clearpoke\n|poke|p1|Aerodactyl, L50, F|\n|poke|p1|Delphox, L50, F|\n|poke|p1|Garchomp, L50, M|\n|poke|p1|Maushold, L50|\n|poke|p1|Gardevoir, L50, F|\n|poke|p1|Incineroar, L50, M|\n|poke|p2|Whimsicott, L50, M|\n|poke|p2|Incineroar, L50, M|\n|poke|p2|Hawlucha, L50, F|\n|poke|p2|Vanilluxe, L50, F|\n|poke|p2|Milotic, L50, F|\n|poke|p2|Aegislash, L50, M|\n|teampreview|4\n|inactive|Battle timer is ON: inactive players will automatically lose when time's up. (requested by BundleMySon)\n0TX - Zenith rejected open team sheets.\n|\n|t:|1776654239\n|teamsize|p1|4\n|teamsize|p2|4\n|start\n|switch|p1a: Delphox|Delphox, L50, F|100/100\n|switch|p1b: Gardevoir|Gardevoir, L50, F|100/100\n|switch|p2a: Whimsicott|Whimsicott, L50, M|100/100\n|switch|p2b: Vanilluxe|Vanilluxe, L50, F|100/100\n|-weather|Snowscape|[from] ability: Snow Warning|[of] p2b: Vanilluxe\n|turn|1\n|\n|t:|1776654255\n|switch|p2b: Milotic|Milotic, L50, F|100/100\n|detailschange|p1a: Delphox|Delphox-Mega, L50, F\n|-mega|p1a: Delphox|Delphox|Delphoxite\n|move|p2a: Whimsicott|Tailwind|p2a: Whimsicott\n|-sidestart|p2: 0TX - Zenith|move: Tailwind\n|move|p1b: Gardevoir|Icy Wind|p2a: Whimsicott|[spread] p2a,p2b\n|-supereffective|p2a: Whimsicott|1\n|-resisted|p2b: Milotic|1\n|-damage|p2a: Whimsicott|61/100\n|-damage|p2b: Milotic|96/100\n|-unboost|p2a: Whimsicott|spe|1\n|-unboost|p2b: Milotic|spe|1\n|-ability|p2b: Milotic|Competitive|boost\n|-boost|p2b: Milotic|spa|2\n|move|p1a: Delphox|Heat Wave|p2b: Milotic|[spread] p2a,p2b\n|-supereffective|p2a: Whimsicott|1\n|-resisted|p2b: Milotic|1\n|-damage|p2a: Whimsicott|0 fnt\n|-damage|p2b: Milotic|79/100\n|faint|p2a: Whimsicott\n|\n|-weather|Snowscape|[upkeep]\n|-heal|p2b: Milotic|85/100|[from] item: Leftovers\n|upkeep\n|inactive|0TX - Zenith has 30 seconds left.\n|\n|t:|1776654289\n|switch|p2a: Hawlucha|Hawlucha, L50, F|100/100\n|turn|2\n|\n|t:|1776654296\n|switch|p1b: Maushold|Maushold, L50|100/100\n|detailschange|p2a: Hawlucha|Hawlucha-Mega, L50, F\n|-mega|p2a: Hawlucha|Hawlucha|Hawluchanite\n|move|p2a: Hawlucha|Protect|p2a: Hawlucha\n|-singleturn|p2a: Hawlucha|Protect\n|move|p1a: Delphox|Protect|p1a: Delphox\n|-singleturn|p1a: Delphox|Protect\n|move|p2b: Milotic|Scald|p1a: Delphox\n|-activate|p1a: Delphox|move: Protect\n|\n|-weather|Snowscape|[upkeep]\n|-heal|p2b: Milotic|91/100|[from] item: Leftovers\n|upkeep\n|turn|3\n|\n|t:|1776654321\n|switch|p1a: Gardevoir|Gardevoir, L50, F|100/100\n|move|p2a: Hawlucha|Cross Chop|p1b: Maushold\n|-supereffective|p1b: Maushold|1\n|-crit|p1b: Maushold\n|-enditem|p1b: Maushold|Focus Sash\n|-damage|p1b: Maushold|1/100\n|move|p2b: Milotic|Scald|p1a: Gardevoir\n|-damage|p1a: Gardevoir|46/100\n|move|p1b: Maushold|Super Fang|p2b: Milotic|[miss]\n|-miss|p1b: Maushold|p2b: Milotic\n|\n|-weather|Snowscape|[upkeep]\n|-heal|p2b: Milotic|97/100|[from] item: Leftovers\n|upkeep\n|turn|4\n|\n|t:|1776654343\n|move|p1b: Maushold|Protect|p1b: Maushold\n|-singleturn|p1b: Maushold|Protect\n|move|p2a: Hawlucha|Cross Chop|p1b: Maushold\n|-activate|p1b: Maushold|move: Protect\n|move|p1a: Gardevoir|Moonblast|p2b: Milotic\n|-damage|p2b: Milotic|60/100\n|move|p2b: Milotic|Scald|p1a: Gardevoir\n|-damage|p1a: Gardevoir|0 fnt\n|faint|p1a: Gardevoir\n|\n|-weather|Snowscape|[upkeep]\n|-heal|p2b: Milotic|66/100|[from] item: Leftovers\n|-sideend|p2: 0TX - Zenith|move: Tailwind\n|upkeep\n|\n|t:|1776654357\n|switch|p1a: Delphox|Delphox-Mega, L50, F|100/100\n|turn|5\n|\n|t:|1776654364\n|move|p1b: Maushold|Helping Hand|p1a: Delphox\n|-singleturn|p1a: Delphox|Helping Hand|[of] p1b: Maushold\n|move|p2a: Hawlucha|Protect|p2a: Hawlucha\n|-singleturn|p2a: Hawlucha|Protect\n|move|p1a: Delphox|Psychic|p2b: Milotic\n|-damage|p2b: Milotic|11/100\n|move|p2b: Milotic|Icy Wind|p1b: Maushold|[spread] p1a,p1b\n|-resisted|p1a: Delphox|1\n|-damage|p1a: Delphox|92/100\n|-damage|p1b: Maushold|0 fnt\n|-unboost|p1a: Delphox|spe|1\n|faint|p1b: Maushold\n|\n|-weather|none\n|-heal|p2b: Milotic|17/100|[from] item: Leftovers\n|upkeep\n|\n|t:|1776654373\n|switch|p1b: Garchomp|Garchomp, L50, M|100/100\n|turn|6\n|\n|t:|1776654394\n|move|p2a: Hawlucha|Dual Wingbeat|p1a: Delphox\n|-damage|p1a: Delphox|56/100\n|-damage|p1a: Delphox|20/100\n|-hitcount|p1a: Delphox|2\n|move|p1a: Delphox|Psychic|p2a: Hawlucha\n|-supereffective|p2a: Hawlucha|1\n|-damage|p2a: Hawlucha|0 fnt\n|faint|p2a: Hawlucha\n|move|p1b: Garchomp|Dragon Claw|p2b: Milotic\n|-damage|p2b: Milotic|0 fnt\n|faint|p2b: Milotic\n|\n|upkeep\n|\n|t:|1776654405\n|switch|p2a: Vanilluxe|Vanilluxe, L50, F|100/100\n|-weather|Snowscape|[from] ability: Snow Warning|[of] p2a: Vanilluxe\n|turn|7\n|\n|t:|1776654411\n|move|p2a: Vanilluxe|Blizzard|p1b: Garchomp|[spread] p1a,p1b\n|-resisted|p1a: Delphox|1\n|-supereffective|p1b: Garchomp|2\n|-damage|p1a: Delphox|0 fnt\n|-damage|p1b: Garchomp|0 fnt\n|faint|p1a: Delphox\n|faint|p1b: Garchomp\n|\n|win|0TX - Zenith\n|raw|BundleMySon's rating: 1308 &rarr; <strong>1284</strong><br />(-24 for losing)\n|raw|0TX - Zenith's rating: 1234 &rarr; <strong>1264</strong><br />(+30 for winning)\n|l|\u2606BundleMySon\n|player|p1|\n",
  "uploadtime": 1776654502,
  "views": 15,
  "formatid": "gen9championsvgc2026regma",
  "rating": 1264,
  "private": 0,
  "password": null
}