{
  "id": "gen9championsvgc2026regma-2584662662",
  "format": "[Gen 9 Champions] VGC 2026 Reg M-A",
  "players": [
    "xershhhhh",
    "viatles"
  ],
  "log": "|j|\u2606xershhhhh\n|j|\u2606viatles\n|t:|1776275229\n|gametype|doubles\n|player|p1|xershhhhh|266|1100\n|player|p2|viatles|hiker|1000\n|gen|9\n|tier|[Gen 9 Champions] VGC 2026 Reg M-A\n|rated|\n|rule|Species Clause: Limit one of each Pok\u00e9mon\n|rule|Item Clause: Limit 1 of each item\n|clearpoke\n|poke|p1|Glimmora, L50, M|\n|poke|p1|Whimsicott, L50, F|\n|poke|p1|Archaludon, L50, M|\n|poke|p1|Pelipper, L50, M|\n|poke|p1|Basculegion, L50, M|\n|poke|p1|Incineroar, L50, M|\n|poke|p2|Beedrill, L50, M|\n|poke|p2|Whimsicott, L50, F|\n|poke|p2|Toxicroak, L50, M|\n|poke|p2|Farigiraf, L50, M|\n|poke|p2|Pelipper, L50, M|\n|poke|p2|Primarina, L50, F|\n|teampreview|4\n|c|\u2606viatles|gl hf\n|inactive|Battle timer is ON: inactive players will automatically lose when time's up. (requested by viatles)\n|\n|t:|1776275245\n|teamsize|p1|4\n|teamsize|p2|4\n|start\n|switch|p1a: Glimmora|Glimmora, L50, M|100/100\n|switch|p1b: Whimsicott|Whimsicott, L50, F, shiny|100/100\n|switch|p2a: Whimsicott|Whimsicott, L50, F|100/100\n|switch|p2b: Toxicroak|Toxicroak, L50, M|100/100\n|turn|1\n|\n|t:|1776275259\n|detailschange|p1a: Glimmora|Glimmora-Mega, L50, M\n|-mega|p1a: Glimmora|Glimmora|Glimmoranite\n|move|p2b: Toxicroak|Fake Out|p1b: Whimsicott\n|-damage|p1b: Whimsicott|84/100\n|move|p2a: Whimsicott|Tailwind|p2a: Whimsicott\n|-sidestart|p2: viatles|move: Tailwind\n|cant|p1b: Whimsicott|flinch\n|move|p1a: Glimmora|Earth Power|p2b: Toxicroak\n|-supereffective|p2b: Toxicroak|1\n|-damage|p2b: Toxicroak|10/100\n|\n|upkeep\n|turn|2\n|inactive|xershhhhh has 30 seconds left.\n|inactive|viatles has 30 seconds left.\n|\n|t:|1776275287\n|move|p2a: Whimsicott|Tailwind||[still]\n|-fail|p2a: Whimsicott\n|move|p1b: Whimsicott|Tailwind|p1b: Whimsicott\n|-sidestart|p1: xershhhhh|move: Tailwind\n|move|p1a: Glimmora|Sludge Bomb|p2a: Whimsicott\n|-supereffective|p2a: Whimsicott|2\n|-enditem|p2a: Whimsicott|Focus Sash\n|-damage|p2a: Whimsicott|1/100\n|move|p2b: Toxicroak|Close Combat|p1a: Glimmora\n|-damage|p1a: Glimmora|44/100\n|-unboost|p2b: Toxicroak|def|1\n|-unboost|p2b: Toxicroak|spd|1\n|-enditem|p2b: Toxicroak|White Herb\n|-clearnegativeboost|p2b: Toxicroak|[silent]\n|\n|upkeep\n|turn|3\n|\n|t:|1776275309\n|move|p2a: Whimsicott|Endeavor|p1a: Glimmora\n|-damage|p1a: Glimmora|1/100\n|move|p1b: Whimsicott|Moonblast|p2b: Toxicroak\n|-damage|p2b: Toxicroak|0 fnt\n|faint|p2b: Toxicroak\n|move|p1a: Glimmora|Sludge Bomb|p2a: Whimsicott\n|-supereffective|p2a: Whimsicott|2\n|-damage|p2a: Whimsicott|0 fnt\n|faint|p2a: Whimsicott\n|\n|upkeep\n|\n|t:|1776275320\n|switch|p2a: Beedrill|Beedrill, L50, M|100/100\n|switch|p2b: Primarina|Primarina, L50, F|100/100\n|turn|4\n|\n|t:|1776275339\n|switch|p1b: Incineroar|Incineroar, L50, M|100/100\n|-ability|p1b: Incineroar|Intimidate|boost\n|-unboost|p2a: Beedrill|atk|1\n|-unboost|p2b: Primarina|atk|1\n|detailschange|p2a: Beedrill|Beedrill-Mega, L50, M\n|-mega|p2a: Beedrill|Beedrill|Beedrillite\n|move|p2a: Beedrill|Poison Jab|p1b: Incineroar\n|-damage|p1b: Incineroar|59/100\n|move|p1a: Glimmora|Sludge Bomb|p2b: Primarina\n|-supereffective|p2b: Primarina|1\n|-damage|p2b: Primarina|0 fnt\n|faint|p2b: Primarina\n|\n|-sideend|p2: viatles|move: Tailwind\n|upkeep\n|turn|5\n|\n|t:|1776275351\n|move|p2a: Beedrill|Protect|p2a: Beedrill\n|-singleturn|p2a: Beedrill|Protect\n|move|p1a: Glimmora|Power Gem|p2a: Beedrill\n|-activate|p2a: Beedrill|move: Protect\n|move|p1b: Incineroar|Flare Blitz|p2a: Beedrill\n|-activate|p2a: Beedrill|move: Protect\n|\n|-sideend|p1: xershhhhh|move: Tailwind\n|upkeep\n|turn|6\n|\n|t:|1776275370\n|move|p2a: Beedrill|U-turn|p1a: Glimmora\n|-resisted|p1a: Glimmora|1\n|-damage|p1a: Glimmora|0 fnt\n|faint|p1a: Glimmora\n|move|p1b: Incineroar|Flare Blitz|p2a: Beedrill\n|-supereffective|p2a: Beedrill|1\n|-damage|p2a: Beedrill|0 fnt\n|faint|p2a: Beedrill\n|-damage|p1b: Incineroar|36/100|[from] Recoil\n|-enditem|p1b: Incineroar|Sitrus Berry|[eat]\n|-heal|p1b: Incineroar|60/100|[from] item: Sitrus Berry\n|\n|win|xershhhhh\n|raw|xershhhhh's rating: 1100 &rarr; <strong>1118</strong><br />(+18 for winning)\n|raw|viatles's rating: 1000 &rarr; <strong>1000</strong><br />(+0 for losing)\n|l|\u2606xershhhhh\n|player|p1|\n|c|\u2606viatles|gg\n",
  "uploadtime": 1776275377,
  "views": 23,
  "formatid": "gen9championsvgc2026regma",
  "rating": 1000,
  "private": 0,
  "password": null
}