{
  "id": "gen9championsvgc2026regma-2586846383",
  "format": "[Gen 9 Champions] VGC 2026 Reg M-A",
  "players": [
    "jwag1234",
    "askeru"
  ],
  "log": "|j|\u2606jwag1234\n|j|\u2606askeru\n|t:|1776464874\n|gametype|doubles\n|player|p1|jwag1234|266|1150\n|player|p2|askeru|aromalady|1085\n|gen|9\n|tier|[Gen 9 Champions] VGC 2026 Reg M-A\n|rated|\n|rule|Species Clause: Limit one of each Pok\u00e9mon\n|rule|Item Clause: Limit 1 of each item\n|clearpoke\n|poke|p1|Kingambit, L50, M|\n|poke|p1|Sneasler, L50, M|\n|poke|p1|Ninetales-Alola, L50, M|\n|poke|p1|Charizard, L50, F|\n|poke|p1|Rotom-Wash, L50|\n|poke|p1|Sinistcha, L50|\n|poke|p2|Gardevoir, L50, M|\n|poke|p2|Ninetales-Alola, L50, M|\n|poke|p2|Corviknight, L50, F|\n|poke|p2|Sneasler, L50, F|\n|poke|p2|Umbreon, L50, M|\n|poke|p2|Clefable, L50, M|\n|teampreview|4\n|\n|t:|1776464918\n|teamsize|p1|4\n|teamsize|p2|4\n|start\n|switch|p1a: Sneasler|Sneasler, L50, M|100/100\n|switch|p1b: Kingambit|Kingambit, L50, M|100/100\n|switch|p2a: Ninetales|Ninetales-Alola, L50, M|100/100\n|switch|p2b: Umbreon|Umbreon, L50, M|100/100\n|-weather|Snowscape|[from] ability: Snow Warning|[of] p2a: Ninetales\n|turn|1\n|inactive|Battle timer is ON: inactive players will automatically lose when time's up. (requested by jwag1234)\n|\n|t:|1776464971\n|move|p1a: Sneasler|Fake Out|p2a: Ninetales\n|-damage|p2a: Ninetales|88/100\n|cant|p2a: Ninetales|flinch\n|move|p2b: Umbreon|Yawn|p1a: Sneasler\n|-start|p1a: Sneasler|move: Yawn|[of] p2b: Umbreon\n|move|p1b: Kingambit|Iron Head|p2a: Ninetales\n|-supereffective|p2a: Ninetales|2\n|-damage|p2a: Ninetales|0 fnt\n|faint|p2a: Ninetales\n|\n|-weather|Snowscape|[upkeep]\n|upkeep\n|inactive|askeru has 30 seconds left.\n|\n|t:|1776464997\n|switch|p2a: Clefable|Clefable, L50, M|100/100\n|turn|2\n|inactive|jwag1234 has 30 seconds left.\n|\n|t:|1776465028\n|switch|p1a: Charizard|Charizard, L50, F|100/100\n|move|p2a: Clefable|Follow Me|p2a: Clefable\n|-singleturn|p2a: Clefable|move: Follow Me\n|move|p2b: Umbreon|Yawn|p1a: Charizard\n|-start|p1a: Charizard|move: Yawn|[of] p2b: Umbreon\n|move|p1b: Kingambit|Iron Head|p2a: Clefable\n|-supereffective|p2a: Clefable|1\n|-damage|p2a: Clefable|16/100\n|-enditem|p2a: Clefable|Sitrus Berry|[eat]\n|-heal|p2a: Clefable|41/100|[from] item: Sitrus Berry\n|\n|-weather|Snowscape|[upkeep]\n|upkeep\n|turn|3\n|\n|t:|1776465051\n|switch|p1a: Sneasler|Sneasler, L50, M|100/100\n|switch|p2a: Gardevoir|Gardevoir, L50, M|100/100\n|-ability|p2a: Gardevoir|Unburden|Trace|[from] ability: Trace|[of] p1a: Sneasler\n|move|p2b: Umbreon|Wish|p2b: Umbreon\n|move|p1b: Kingambit|Iron Head|p2a: Gardevoir\n|-supereffective|p2a: Gardevoir|1\n|-damage|p2a: Gardevoir|3/100\n|\n|-weather|Snowscape|[upkeep]\n|upkeep\n|turn|4\n|\n|t:|1776465071\n|switch|p2b: Clefable|Clefable, L50, M|41/100\n|detailschange|p2a: Gardevoir|Gardevoir-Mega, L50, M\n|-mega|p2a: Gardevoir|Gardevoir|Gardevoirite\n|move|p2a: Gardevoir|Protect|p2a: Gardevoir\n|-singleturn|p2a: Gardevoir|Protect\n|move|p1a: Sneasler|Fake Out|p2a: Gardevoir\n|-activate|p2a: Gardevoir|move: Protect\n|move|p1b: Kingambit|Iron Head|p2b: Clefable\n|-supereffective|p2b: Clefable|1\n|-damage|p2b: Clefable|0 fnt\n|faint|p2b: Clefable\n|\n|-weather|Snowscape|[upkeep]\n|upkeep\n|\n|t:|1776465083\n|switch|p2b: Umbreon|Umbreon, L50, M|100/100\n|turn|5\n|\n|t:|1776465098\n|move|p1b: Kingambit|Sucker Punch|p2a: Gardevoir\n|-damage|p2a: Gardevoir|0 fnt\n|faint|p2a: Gardevoir\n|move|p1a: Sneasler|Close Combat|p2b: Umbreon\n|-supereffective|p2b: Umbreon|1\n|-crit|p2b: Umbreon\n|-damage|p2b: Umbreon|0 fnt\n|-unboost|p1a: Sneasler|def|1\n|-unboost|p1a: Sneasler|spd|1\n|faint|p2b: Umbreon\n|\n|win|jwag1234\n|raw|jwag1234's rating: 1150 &rarr; <strong>1170</strong><br />(+20 for winning)\n|raw|askeru's rating: 1085 &rarr; <strong>1066</strong><br />(-19 for losing)\n|l|\u2606askeru\n|player|p2|\n",
  "uploadtime": 1776465285,
  "views": 33,
  "formatid": "gen9championsvgc2026regma",
  "rating": 1066,
  "private": 0,
  "password": null
}