{
  "id": "gen9championsvgc2026regma-2583720363",
  "format": "[Gen 9 Champions] VGC 2026 Reg M-A",
  "players": [
    "theBESTjstn",
    "IdkImScared"
  ],
  "log": "|j|\u2606theBESTjstn\n|j|\u2606IdkImScared\n|t:|1776193124\n|gametype|doubles\n|player|p1|theBESTjstn|giovanni|1102\n|player|p2|IdkImScared|workerice|1129\n|gen|9\n|tier|[Gen 9 Champions] VGC 2026 Reg M-A\n|rated|\n|rule|Species Clause: Limit one of each Pok\u00e9mon\n|rule|Item Clause: Limit 1 of each item\n|clearpoke\n|poke|p1|Charizard, L50, F|\n|poke|p1|Garchomp, L50, F|\n|poke|p1|Sneasler, L50, F|\n|poke|p1|Venusaur, L50, M|\n|poke|p1|Rotom-Wash, L50|\n|poke|p1|Incineroar, L50, F|\n|poke|p2|Floette-Eternal, L50, F|\n|poke|p2|Garchomp, L50, F|\n|poke|p2|Maushold-Four, L50|\n|poke|p2|Talonflame, L50, M|\n|poke|p2|Rotom-Wash, L50|\n|poke|p2|Aegislash, L50, F|\n|teampreview|4\n|inactive|Battle timer is ON: inactive players will automatically lose when time's up. (requested by theBESTjstn)\n|inactive|IdkImScared has 60 seconds left.\n|\n|t:|1776193165\n|teamsize|p1|4\n|teamsize|p2|4\n|start\n|switch|p1a: Charizard|Charizard, L50, F|100/100\n|switch|p1b: Garchomp|Garchomp, L50, F|100/100\n|switch|p2a: Space Eagle|Talonflame, L50, M|100/100\n|switch|p2b: DAWGfish|Garchomp, L50, F|100/100\n|turn|1\n|\n|t:|1776193181\n|switch|p1a: Incineroar|Incineroar, L50, F|100/100\n|-ability|p1a: Incineroar|Intimidate|boost\n|-unboost|p2a: Space Eagle|atk|1\n|-unboost|p2b: DAWGfish|atk|1\n|move|p2a: Space Eagle|Tailwind|p2a: Space Eagle\n|-sidestart|p2: IdkImScared|move: Tailwind\n|move|p2b: DAWGfish|Stone Edge|p1a: Incineroar\n|-supereffective|p1a: Incineroar|1\n|-damage|p1a: Incineroar|58/100\n|move|p1b: Garchomp|Dragon Claw|p2b: DAWGfish\n|-supereffective|p2b: DAWGfish|1\n|-damage|p2b: DAWGfish|13/100\n|-damage|p1b: Garchomp|88/100|[from] ability: Rough Skin|[of] p2b: DAWGfish\n|\n|upkeep\n|turn|2\n|inactive|IdkImScared has 30 seconds left.\n|\n|t:|1776193215\n|switch|p2a: Maytag|Rotom-Wash, L50|100/100\n|switch|p2b: Flour|Floette-Eternal, L50, F|100/100\n|move|p1a: Incineroar|Fake Out|p2a: Maytag\n|-damage|p2a: Maytag|85/100\n|move|p1b: Garchomp|Dragon Claw|p2b: Flour\n|-immune|p2b: Flour\n|\n|upkeep\n|turn|3\n|\n|t:|1776193240\n|detailschange|p2b: Flour|Floette-Mega, L50, F\n|-mega|p2b: Flour|Floette|Floettite\n|-ability|p2b: Flour|Fairy Aura\n|move|p2b: Flour|Calm Mind|p2b: Flour\n|-boost|p2b: Flour|spa|1\n|-boost|p2b: Flour|spd|1\n|move|p1b: Garchomp|Dragon Claw|p2a: Maytag\n|-damage|p2a: Maytag|37/100\n|-enditem|p2a: Maytag|Sitrus Berry|[eat]\n|-heal|p2a: Maytag|62/100|[from] item: Sitrus Berry\n|move|p2a: Maytag|Thunderbolt|p1a: Incineroar\n|-damage|p1a: Incineroar|20/100\n|-enditem|p1a: Incineroar|Sitrus Berry|[eat]\n|-heal|p1a: Incineroar|45/100|[from] item: Sitrus Berry\n|move|p1a: Incineroar|Parting Shot|p2b: Flour\n|-unboost|p2b: Flour|atk|1\n|-unboost|p2b: Flour|spa|1\n|\n|t:|1776193263\n|switch|p1a: Venusaur|Venusaur, L50, M|100/100|[from] Parting Shot\n|\n|upkeep\n|turn|4\n|\n|t:|1776193277\n|switch|p1b: Incineroar|Incineroar, L50, F|45/100\n|-ability|p1b: Incineroar|Intimidate|boost\n|-unboost|p2a: Maytag|atk|1\n|-unboost|p2b: Flour|atk|1\n|move|p2b: Flour|Protect|p2b: Flour\n|-singleturn|p2b: Flour|Protect\n|move|p2a: Maytag|Volt Switch|p1a: Venusaur\n|-resisted|p1a: Venusaur|1\n|-damage|p1a: Venusaur|80/100\n|\n|t:|1776193288\n|switch|p2a: DAWGfish|Garchomp, L50, F|13/100|[from] Volt Switch\n|move|p1a: Venusaur|Leaf Storm|p2a: DAWGfish\n|-damage|p2a: DAWGfish|0 fnt\n|-unboost|p1a: Venusaur|spa|2\n|faint|p2a: DAWGfish\n|\n|-sideend|p2: IdkImScared|move: Tailwind\n|upkeep\n|\n|t:|1776193293\n|switch|p2a: Space Eagle|Talonflame, L50, M|100/100\n|turn|5\n|\n|t:|1776193310\n|switch|p1a: Garchomp|Garchomp, L50, F|88/100\n|move|p2a: Space Eagle|Tailwind|p2a: Space Eagle\n|-sidestart|p2: IdkImScared|move: Tailwind\n|move|p2b: Flour|Calm Mind|p2b: Flour\n|-boost|p2b: Flour|spa|1\n|-boost|p2b: Flour|spd|1\n|move|p1b: Incineroar|Parting Shot|p2b: Flour\n|-unboost|p2b: Flour|atk|1\n|-unboost|p2b: Flour|spa|1\n|\n|t:|1776193323\n|switch|p1b: Venusaur|Venusaur, L50, M|80/100|[from] Parting Shot\n|\n|upkeep\n|turn|6\n|\n|t:|1776193332\n|switch|p1b: Incineroar|Incineroar, L50, F|45/100\n|-ability|p1b: Incineroar|Intimidate|boost\n|-unboost|p2a: Space Eagle|atk|1\n|-unboost|p2b: Flour|atk|1\n|move|p2a: Space Eagle|Dual Wingbeat|p1b: Incineroar\n|-damage|p1b: Incineroar|35/100\n|-crit|p1b: Incineroar\n|-damage|p1b: Incineroar|12/100\n|-hitcount|p1b: Incineroar|2\n|move|p2b: Flour|Dazzling Gleam|p1a: Garchomp|[spread] p1a,p1b\n|-supereffective|p1a: Garchomp|1\n|-damage|p1a: Garchomp|0 fnt\n|-damage|p1b: Incineroar|0 fnt\n|faint|p1a: Garchomp\n|faint|p1b: Incineroar\n|\n|upkeep\n|\n|t:|1776193346\n|switch|p1a: Charizard|Charizard, L50, F|100/100\n|switch|p1b: Venusaur|Venusaur, L50, M|80/100\n|turn|7\n|inactive|IdkImScared has 30 seconds left.\n|\n|t:|1776193378\n|detailschange|p1a: Charizard|Charizard-Mega-Y, L50, F\n|-mega|p1a: Charizard|Charizard|Charizardite Y\n|-weather|SunnyDay|[from] ability: Drought|[of] p1a: Charizard\n|move|p2a: Space Eagle|Flare Blitz|p1b: Venusaur\n|-supereffective|p1b: Venusaur|1\n|-damage|p1b: Venusaur|0 fnt\n|faint|p1b: Venusaur\n|-damage|p2a: Space Eagle|74/100|[from] Recoil\n|move|p2b: Flour|Calm Mind|p2b: Flour\n|-boost|p2b: Flour|spa|1\n|-boost|p2b: Flour|spd|1\n|move|p1a: Charizard|Heat Wave|p2a: Space Eagle|[spread] p2a,p2b\n|-resisted|p2a: Space Eagle|1\n|-damage|p2a: Space Eagle|20/100\n|-damage|p2b: Flour|83/100\n|\n|-weather|SunnyDay|[upkeep]\n|upkeep\n|turn|8\n|\n|t:|1776193398\n|move|p2a: Space Eagle|Flare Blitz|p1a: Charizard\n|-resisted|p1a: Charizard|1\n|-damage|p1a: Charizard|67/100\n|-damage|p2a: Space Eagle|9/100|[from] Recoil\n|move|p2b: Flour|Moonblast|p1a: Charizard\n|-resisted|p1a: Charizard|1\n|-damage|p1a: Charizard|9/100\n|move|p1a: Charizard|Solar Beam||[still]\n|-prepare|p1a: Charizard|Solar Beam\n|-anim|p1a: Charizard|Solar Beam|p2b: Flour\n|-damage|p2b: Flour|68/100\n|\n|-weather|SunnyDay|[upkeep]\n|-sideend|p2: IdkImScared|move: Tailwind\n|upkeep\n|turn|9\n|-message|theBESTjstn forfeited.\n|\n|win|IdkImScared\n|raw|theBESTjstn's rating: 1102 &rarr; <strong>1079</strong><br />(-23 for losing)\n|raw|IdkImScared's rating: 1129 &rarr; <strong>1152</strong><br />(+23 for winning)\n|l|\u2606theBESTjstn\n|player|p1|\n",
  "uploadtime": 1776193417,
  "views": 30,
  "formatid": "gen9championsvgc2026regma",
  "rating": 1079,
  "private": 0,
  "password": null
}