{
  "id": "gen9championsvgc2026regma-2584144442",
  "format": "[Gen 9 Champions] VGC 2026 Reg M-A",
  "players": [
    "catpotatt",
    "Yersi03"
  ],
  "log": "|j|\u2606catpotatt\n|j|\u2606Yersi03\n|t:|1776230302\n|gametype|doubles\n|player|p1|catpotatt|roxie|1173\n|player|p2|Yersi03|lance|1235\n|gen|9\n|tier|[Gen 9 Champions] VGC 2026 Reg M-A\n|rated|\n|rule|Species Clause: Limit one of each Pok\u00e9mon\n|rule|Item Clause: Limit 1 of each item\n|clearpoke\n|poke|p1|Basculegion, L50, M|\n|poke|p1|Floette-Eternal, L50, F|\n|poke|p1|Talonflame, L50, F|\n|poke|p1|Garchomp, L50, M|\n|poke|p1|Gardevoir, L50, F|\n|poke|p1|Rotom-Heat, L50|\n|poke|p2|Araquanid, L50, M|\n|poke|p2|Sneasler, L50, M|\n|poke|p2|Farigiraf, L50, F|\n|poke|p2|Whimsicott, L50, F|\n|poke|p2|Gardevoir, L50, F|\n|poke|p2|Incineroar, L50, M|\n|teampreview|4\n|\n|t:|1776230366\n|teamsize|p1|4\n|teamsize|p2|4\n|start\n|switch|p1a: Gardevoir|Gardevoir, L50, F|100/100\n|switch|p1b: Garchomp|Garchomp, L50, M|100/100\n|switch|p2a: The Quanid|Araquanid, L50, M|100/100\n|switch|p2b: Gardevoir|Gardevoir, L50, F|100/100\n|turn|1\n|\n|t:|1776230384\n|detailschange|p2b: Gardevoir|Gardevoir-Mega, L50, F\n|-mega|p2b: Gardevoir|Gardevoir|Gardevoirite\n|move|p2b: Gardevoir|Protect|p2b: Gardevoir\n|-singleturn|p2b: Gardevoir|Protect\n|move|p1b: Garchomp|Stone Edge|p2a: The Quanid\n|-supereffective|p2a: The Quanid|1\n|-damage|p2a: The Quanid|18/100\n|move|p1a: Gardevoir|Imprison|p1a: Gardevoir\n|-start|p1a: Gardevoir|move: Imprison\n|move|p2a: The Quanid|Liquidation|p1a: Gardevoir\n|-damage|p1a: Gardevoir|0 fnt\n|faint|p1a: Gardevoir\n|\n|upkeep\n|\n|t:|1776230399\n|switch|p1a: Talonflame|Talonflame, L50, F|100/100\n|turn|2\n|\n|t:|1776230407\n|switch|p2a: Farigiraf|Farigiraf, L50, F|100/100\n|move|p1a: Talonflame|Dual Wingbeat||[still]\n|cant|p2a: Farigiraf|ability: Armor Tail|Dual Wingbeat|[of] p1a: Talonflame\n|move|p1b: Garchomp|Earthquake|p2b: Gardevoir|[spread] p2a,p2b\n|-immune|p1a: Talonflame\n|-damage|p2a: Farigiraf|68/100\n|-damage|p2b: Gardevoir|35/100\n|move|p2b: Gardevoir|Hyper Voice|p1b: Garchomp|[spread] p1a,p1b\n|-resisted|p1a: Talonflame|1\n|-supereffective|p1b: Garchomp|1\n|-damage|p1a: Talonflame|59/100\n|-damage|p1b: Garchomp|0 fnt\n|faint|p1b: Garchomp\n|\n|upkeep\n|\n|t:|1776230413\n|switch|p1b: Floette|Floette-Eternal, L50, F|100/100\n|turn|3\n|\n|t:|1776230434\n|detailschange|p1b: Floette|Floette-Mega, L50, F\n|-mega|p1b: Floette|Floette|Floettite\n|-ability|p1b: Floette|Fairy Aura\n|move|p1a: Talonflame|Dual Wingbeat|p2a: Farigiraf\n|-damage|p2a: Farigiraf|55/100\n|-damage|p2a: Farigiraf|40/100\n|-hitcount|p2a: Farigiraf|2\n|move|p1b: Floette|Dazzling Gleam|p2a: Farigiraf|[spread] p2a,p2b\n|-damage|p2a: Farigiraf|0 fnt\n|-damage|p2b: Gardevoir|0 fnt\n|faint|p2a: Farigiraf\n|faint|p2b: Gardevoir\n|\n|upkeep\n|\n|t:|1776230445\n|switch|p2b: Sneasler|Sneasler, L50, M|100/100\n|switch|p2a: The Quanid|Araquanid, L50, M|18/100\n|turn|4\n|\n|t:|1776230478\n|move|p1a: Talonflame|Protect|p1a: Talonflame\n|-singleturn|p1a: Talonflame|Protect\n|move|p1b: Floette|Protect|p1b: Floette\n|-singleturn|p1b: Floette|Protect\n|move|p2b: Sneasler|Fake Out|p1b: Floette\n|-activate|p1b: Floette|move: Protect\n|move|p2a: The Quanid|Liquidation|p1b: Floette\n|-activate|p1b: Floette|move: Protect\n|\n|upkeep\n|turn|5\n|\n|t:|1776230504\n|move|p1a: Talonflame|Dual Wingbeat|p2b: Sneasler\n|-supereffective|p2b: Sneasler|1\n|-damage|p2b: Sneasler|33/100\n|-supereffective|p2b: Sneasler|1\n|-damage|p2b: Sneasler|0 fnt\n|faint|p2b: Sneasler\n|-hitcount|p2: Sneasler|2\n|move|p1b: Floette|Dazzling Gleam|p2a: The Quanid\n|-crit|p2a: The Quanid\n|-damage|p2a: The Quanid|0 fnt\n|faint|p2a: The Quanid\n|\n|win|catpotatt\n|raw|catpotatt's rating: 1173 &rarr; <strong>1202</strong><br />(+29 for winning)\n|raw|Yersi03's rating: 1235 &rarr; <strong>1206</strong><br />(-29 for losing)\n",
  "uploadtime": 1776230510,
  "views": 24,
  "formatid": "gen9championsvgc2026regma",
  "rating": 1202,
  "private": 0,
  "password": null
}