{
  "id": "gen9championsvgc2026regma-2582194977",
  "format": "[Gen 9 Champions] VGC 2026 Reg M-A",
  "players": [
    "CarrotsAreVeryPog",
    "ester98"
  ],
  "log": "|j|\u2606CarrotsAreVeryPog\n|j|\u2606ester98\n|html|<table width=\"100%\"><tr><td align=\"left\">CarrotsAreVeryPog</td><td align=\"right\">ester98</tr><tr><td align=\"left\"><i class=\"fa fa-circle\"></i> <i class=\"fa fa-circle-o\"></i> </td><td align=\"right\"><i class=\"fa fa-circle-o\"></i> <i class=\"fa fa-circle-o\"></i> </tr></table>\n|uhtml|bestof|<h2><strong>Game 2</strong> of <a href=\"/game-bestof3-gen9championsvgc2026regma-2582193863\">a best-of-3</a></h2>\n|t:|1776069879\n|gametype|doubles\n|player|p1|CarrotsAreVeryPog|veteran|\n|player|p2|ester98|lebanne|\n|gen|9\n|tier|[Gen 9 Champions] VGC 2026 Reg M-A\n|rated|Tournament battle\n|rule|Species Clause: Limit one of each Pok\u00e9mon\n|rule|Item Clause: Limit 1 of each item\n|raw|<div class=\"infobox\"><details class=\"readmore\" open><summary><strong>2 custom rules:</strong></summary> Force Open Team Sheets, Best of = 3</details></div>\n|clearpoke\n|poke|p1|Aggron, L50, M|\n|poke|p1|Sinistcha, L50|\n|poke|p1|Politoed, L50, F|\n|poke|p1|Basculegion, L50, M|\n|poke|p1|Gardevoir, L50, M|\n|poke|p2|Milotic, L50, F|\n|poke|p2|Tyranitar, L50, M|\n|poke|p2|Garchomp, L50, F|\n|poke|p2|Corviknight, L50, M|\n|poke|p2|Sinistcha, L50|\n|poke|p2|Sneasler, L50, F|\n|teampreview|4\n|showteam|p1|Aggron||Aggronite|HeavyMetal|BodyPress,HeavySlam,Curse,Protect|||M|||50|]Sinistcha||SitrusBerry|Hospitality|MatchaGotcha,RagePowder,TrickRoom,StrengthSap||||||50|]Politoed||Leftovers|Drizzle|WeatherBall,PerishSong,Encore,Protect|||F|||50|]Basculegion||ChoiceScarf|Adaptability|AquaJet,LastRespects,WaveCrash,FlipTurn|||M|||50|]Gardevoir||Gardevoirite|Trace|HyperVoice,Psyshock,Protect,TrickRoom|||M|||50|\n|showteam|p2|Milotic||SitrusBerry|Competitive|Scald,IcyWind,Recover,Protect|||F|||50|]Tyranitar||Tyranitarite|SandStream|RockSlide,KnockOff,LowKick,Protect|||M|||50|]Garchomp||BrightPowder|SandVeil|DragonClaw,Earthquake,RockSlide,Protect|||F|||50|]Corviknight||Leftovers|MirrorArmor|BodyPress,BraveBird,BulkUp,Roost|||M|||50|]Sinistcha||KasibBerry|Hospitality|MatchaGotcha,RagePowder,TrickRoom,LifeDew||||||50|]Sneasler||WhiteHerb|Unburden|CloseCombat,DireClaw,FakeOut,Protect|||F|||50|\n|\n|t:|1776069905\n|teamsize|p1|4\n|teamsize|p2|4\n|start\n|switch|p1a: Gardevoir|Gardevoir, L50, M|100/100\n|switch|p1b: Basculegion|Basculegion, L50, M|100/100\n|switch|p2a: Sinistcha|Sinistcha, L50|100/100\n|switch|p2b: Corviknight|Corviknight, L50, M|100/100\n|-ability|p1a: Gardevoir|Hospitality|Trace|[from] ability: Trace|[of] p2a: Sinistcha\n|turn|1\n|\n|t:|1776069922\n|detailschange|p1a: Gardevoir|Gardevoir-Mega, L50, M\n|-mega|p1a: Gardevoir|Gardevoir|Gardevoirite\n|move|p2a: Sinistcha|Rage Powder|p2a: Sinistcha\n|-singleturn|p2a: Sinistcha|move: Rage Powder\n|move|p1b: Basculegion|Flip Turn|p2a: Sinistcha\n|-resisted|p2a: Sinistcha|1\n|-damage|p2a: Sinistcha|85/100\n|\n|t:|1776069927\n|switch|p1b: Politoed|Politoed, L50, F|100/100|[from] Flip Turn\n|-weather|RainDance|[from] ability: Drizzle|[of] p1b: Politoed\n|move|p1a: Gardevoir|Hyper Voice|p2b: Corviknight|[spread] p2a,p2b\n|-resisted|p2b: Corviknight|1\n|-damage|p2a: Sinistcha|31/100\n|-damage|p2b: Corviknight|79/100\n|move|p2b: Corviknight|Bulk Up|p2b: Corviknight\n|-boost|p2b: Corviknight|atk|1\n|-boost|p2b: Corviknight|def|1\n|\n|-weather|RainDance|[upkeep]\n|-heal|p2b: Corviknight|84/100|[from] item: Leftovers\n|upkeep\n|turn|2\n|\n|t:|1776069941\n|switch|p2a: Milotic|Milotic, L50, F|100/100\n|move|p1a: Gardevoir|Hyper Voice|p2a: Milotic|[spread] p2a,p2b\n|-resisted|p2b: Corviknight|1\n|-damage|p2a: Milotic|63/100\n|-damage|p2b: Corviknight|60/100\n|move|p1b: Politoed|Weather Ball|p2b: Corviknight\n|-damage|p2b: Corviknight|12/100\n|move|p2b: Corviknight|Brave Bird|p1a: Gardevoir\n|-damage|p1a: Gardevoir|24/100\n|-damage|p2b: Corviknight|0 fnt|[from] Recoil\n|faint|p2b: Corviknight\n|\n|-weather|RainDance|[upkeep]\n|upkeep\n|\n|t:|1776069945\n|switch|p2b: Tyranitar|Tyranitar, L50, M|100/100\n|-weather|Sandstorm|[from] ability: Sand Stream|[of] p2b: Tyranitar\n|turn|3\n|\n|t:|1776069954\n|switch|p1b: Sinistcha|Sinistcha, L50|100/100\n|-heal|p1a: Gardevoir|49/100|[from] ability: Hospitality|[of] p1b: Sinistcha\n|detailschange|p2b: Tyranitar|Tyranitar-Mega, L50, M\n|-mega|p2b: Tyranitar|Tyranitar|Tyranitarite\n|move|p1a: Gardevoir|Protect|p1a: Gardevoir\n|-singleturn|p1a: Gardevoir|Protect\n|move|p2a: Milotic|Recover|p2a: Milotic\n|-heal|p2a: Milotic|100/100\n|move|p2b: Tyranitar|Rock Slide|p1b: Sinistcha|[spread] p1b\n|-activate|p1a: Gardevoir|move: Protect\n|-damage|p1b: Sinistcha|69/100\n|\n|-weather|Sandstorm|[upkeep]\n|-damage|p1a: Gardevoir|43/100|[from] Sandstorm\n|-damage|p2a: Milotic|95/100|[from] Sandstorm\n|-damage|p1b: Sinistcha|63/100|[from] Sandstorm\n|upkeep\n|turn|4\n|\n|t:|1776069964\n|move|p2b: Tyranitar|Protect|p2b: Tyranitar\n|-singleturn|p2b: Tyranitar|Protect\n|move|p1b: Sinistcha|Rage Powder|p1b: Sinistcha\n|-singleturn|p1b: Sinistcha|move: Rage Powder\n|move|p1a: Gardevoir|Hyper Voice|p2a: Milotic|[spread] p2a\n|-activate|p2b: Tyranitar|move: Protect\n|-damage|p2a: Milotic|56/100\n|move|p2a: Milotic|Icy Wind|p1a: Gardevoir|[spread] p1a,p1b\n|-supereffective|p1b: Sinistcha|1\n|-damage|p1a: Gardevoir|34/100\n|-damage|p1b: Sinistcha|40/100\n|-unboost|p1a: Gardevoir|spe|1\n|-unboost|p1b: Sinistcha|spe|1\n|-enditem|p1b: Sinistcha|Sitrus Berry|[eat]\n|-heal|p1b: Sinistcha|65/100|[from] item: Sitrus Berry\n|\n|-weather|Sandstorm|[upkeep]\n|-damage|p2a: Milotic|50/100|[from] Sandstorm\n|-damage|p1a: Gardevoir|28/100|[from] Sandstorm\n|-damage|p1b: Sinistcha|59/100|[from] Sandstorm\n|-enditem|p2a: Milotic|Sitrus Berry|[eat]\n|-heal|p2a: Milotic|75/100|[from] item: Sitrus Berry\n|upkeep\n|turn|5\n|\n|t:|1776069975\n|move|p1a: Gardevoir|Protect|p1a: Gardevoir\n|-singleturn|p1a: Gardevoir|Protect\n|move|p2a: Milotic|Icy Wind|p1b: Sinistcha|[spread] p1b\n|-activate|p1a: Gardevoir|move: Protect\n|-supereffective|p1b: Sinistcha|1\n|-damage|p1b: Sinistcha|35/100\n|-unboost|p1b: Sinistcha|spe|1\n|move|p2b: Tyranitar|Rock Slide|p1b: Sinistcha|[spread] p1b\n|-activate|p1a: Gardevoir|move: Protect\n|-damage|p1b: Sinistcha|0 fnt\n|faint|p1b: Sinistcha\n|\n|-weather|Sandstorm|[upkeep]\n|-damage|p2a: Milotic|69/100|[from] Sandstorm\n|-damage|p1a: Gardevoir|22/100|[from] Sandstorm\n|upkeep\n|\n|t:|1776069986\n|switch|p1b: Politoed|Politoed, L50, F|100/100\n|-weather|RainDance|[from] ability: Drizzle|[of] p1b: Politoed\n|turn|6\n|\n|t:|1776070000\n|switch|p2b: Sinistcha|Sinistcha, L50|31/100\n|-heal|p2a: Milotic|94/100|[from] ability: Hospitality|[of] p2b: Sinistcha\n|move|p1a: Gardevoir|Protect||[still]\n|-fail|p1a: Gardevoir\n|move|p2a: Milotic|Scald|p1a: Gardevoir\n|-damage|p1a: Gardevoir|0 fnt\n|faint|p1a: Gardevoir\n|move|p1b: Politoed|Weather Ball|p2b: Sinistcha\n|-resisted|p2b: Sinistcha|1\n|-damage|p2b: Sinistcha|3/100\n|\n|-weather|RainDance|[upkeep]\n|upkeep\n|\n|t:|1776070004\n|switch|p1a: Basculegion|Basculegion, L50, M|100/100\n|turn|7\n|\n|t:|1776070013\n|move|p2b: Sinistcha|Rage Powder|p2b: Sinistcha\n|-singleturn|p2b: Sinistcha|move: Rage Powder\n|move|p1a: Basculegion|Wave Crash|p2b: Sinistcha\n|-resisted|p2b: Sinistcha|1\n|-damage|p2b: Sinistcha|0 fnt\n|faint|p2b: Sinistcha\n|-damage|p1a: Basculegion|99/100|[from] Recoil\n|move|p2a: Milotic|Icy Wind|p1a: Basculegion|[spread] p1a,p1b\n|-resisted|p1a: Basculegion|1\n|-resisted|p1b: Politoed|1\n|-damage|p1a: Basculegion|93/100\n|-damage|p1b: Politoed|95/100\n|-unboost|p1a: Basculegion|spe|1\n|-unboost|p1b: Politoed|spe|1\n|move|p1b: Politoed|Weather Ball|p2a: Milotic\n|-resisted|p2a: Milotic|1\n|-damage|p2a: Milotic|75/100\n|\n|-weather|RainDance|[upkeep]\n|-heal|p1b: Politoed|100/100|[from] item: Leftovers\n|upkeep\n|\n|t:|1776070021\n|switch|p2b: Tyranitar|Tyranitar-Mega, L50, M|100/100\n|-weather|Sandstorm|[from] ability: Sand Stream|[of] p2b: Tyranitar\n|turn|8\n|\n|t:|1776070031\n|move|p2b: Tyranitar|Protect|p2b: Tyranitar\n|-singleturn|p2b: Tyranitar|Protect\n|move|p1a: Basculegion|Wave Crash|p2b: Tyranitar\n|-activate|p2b: Tyranitar|move: Protect\n|move|p2a: Milotic|Icy Wind|p1b: Politoed|[spread] p1a,p1b\n|-resisted|p1a: Basculegion|1\n|-resisted|p1b: Politoed|1\n|-damage|p1a: Basculegion|87/100\n|-damage|p1b: Politoed|96/100\n|-unboost|p1a: Basculegion|spe|1\n|-unboost|p1b: Politoed|spe|1\n|move|p1b: Politoed|Perish Song|p1b: Politoed\n|-start|p1a: Basculegion|perish3|[silent]\n|-start|p1b: Politoed|perish3|[silent]\n|-start|p2a: Milotic|perish3|[silent]\n|-start|p2b: Tyranitar|perish3|[silent]\n|-fieldactivate|move: Perish Song\n|\n|-weather|Sandstorm|[upkeep]\n|-damage|p1a: Basculegion|81/100|[from] Sandstorm\n|-damage|p2a: Milotic|69/100|[from] Sandstorm\n|-damage|p1b: Politoed|90/100|[from] Sandstorm\n|-heal|p1b: Politoed|96/100|[from] item: Leftovers\n|-start|p1a: Basculegion|perish3\n|-start|p2a: Milotic|perish3\n|-start|p2b: Tyranitar|perish3\n|-start|p1b: Politoed|perish3\n|upkeep\n|turn|9\n|\n|t:|1776070040\n|move|p1a: Basculegion|Wave Crash|p2b: Tyranitar\n|-supereffective|p2b: Tyranitar|1\n|-damage|p2b: Tyranitar|2/100\n|-damage|p1a: Basculegion|47/100|[from] Recoil\n|move|p2a: Milotic|Scald|p1a: Basculegion\n|-resisted|p1a: Basculegion|1\n|-damage|p1a: Basculegion|27/100\n|move|p2b: Tyranitar|Knock Off|p1a: Basculegion\n|-supereffective|p1a: Basculegion|1\n|-damage|p1a: Basculegion|0 fnt\n|-enditem|p1a: Basculegion|Choice Scarf|[from] move: Knock Off|[of] p2b: Tyranitar\n|faint|p1a: Basculegion\n|move|p1b: Politoed|Encore|p2a: Milotic\n|-start|p2a: Milotic|Encore\n|\n|-weather|Sandstorm|[upkeep]\n|-damage|p2a: Milotic|63/100|[from] Sandstorm\n|-damage|p1b: Politoed|90/100|[from] Sandstorm\n|-heal|p1b: Politoed|96/100|[from] item: Leftovers\n|-start|p2a: Milotic|perish2\n|-start|p2b: Tyranitar|perish2\n|-start|p1b: Politoed|perish2\n|upkeep\n|turn|10\n|\n|t:|1776070048\n|move|p1b: Politoed|Protect|p1b: Politoed\n|-singleturn|p1b: Politoed|Protect\n|move|p2a: Milotic|Scald|p1b: Politoed\n|-activate|p1b: Politoed|move: Protect\n|move|p2b: Tyranitar|Knock Off|p1b: Politoed\n|-activate|p1b: Politoed|move: Protect\n|\n|-weather|Sandstorm|[upkeep]\n|-damage|p2a: Milotic|57/100|[from] Sandstorm\n|-damage|p1b: Politoed|90/100|[from] Sandstorm\n|-heal|p1b: Politoed|96/100|[from] item: Leftovers\n|-start|p2a: Milotic|perish1\n|-start|p2b: Tyranitar|perish1\n|-start|p1b: Politoed|perish1\n|upkeep\n|turn|11\n|\n|t:|1776070051\n|move|p1b: Politoed|Protect|p1b: Politoed\n|-singleturn|p1b: Politoed|Protect\n|move|p2a: Milotic|Scald|p1b: Politoed\n|-activate|p1b: Politoed|move: Protect\n|move|p2b: Tyranitar|Knock Off|p1b: Politoed\n|-activate|p1b: Politoed|move: Protect\n|\n|-weather|Sandstorm|[upkeep]\n|-damage|p2a: Milotic|51/100|[from] Sandstorm\n|-damage|p1b: Politoed|90/100|[from] Sandstorm\n|-heal|p1b: Politoed|96/100|[from] item: Leftovers\n|-start|p2a: Milotic|perish0\n|-start|p2b: Tyranitar|perish0\n|-start|p1b: Politoed|perish0\n|faint|p2a: Milotic\n|faint|p2b: Tyranitar\n|faint|p1b: Politoed\n|\n|win|CarrotsAreVeryPog\n|c|\u2606ester98|gg\n|c|\u2606CarrotsAreVeryPog|Ggs\n|l|\u2606ester98\n|player|p2|\n",
  "uploadtime": 1776070088,
  "views": 11,
  "formatid": "gen9championsvgc2026regma",
  "rating": null,
  "private": 0,
  "password": null
}