{
  "id": "gen9championsvgc2026regma-2588115983",
  "format": "[Gen 9 Champions] VGC 2026 Reg M-A",
  "players": [
    "campeondelfitness",
    "jvmummy"
  ],
  "log": "|j|\u2606campeondelfitness\n|j|\u2606jvmummy\n|t:|1776605996\n|gametype|doubles\n|player|p1|campeondelfitness|swimmer|1262\n|player|p2|jvmummy|1|1245\n|gen|9\n|tier|[Gen 9 Champions] VGC 2026 Reg M-A\n|rated|\n|rule|Species Clause: Limit one of each Pok\u00e9mon\n|rule|Item Clause: Limit 1 of each item\n|clearpoke\n|poke|p1|Tyranitar, L50, M|\n|poke|p1|Garchomp, L50, M|\n|poke|p1|Heliolisk, L50, F|\n|poke|p1|Rotom-Heat, L50|\n|poke|p1|Orthworm, L50, M|\n|poke|p1|Aerodactyl, L50, M|\n|poke|p2|Delphox, L50, F|\n|poke|p2|Clefable, L50, M|\n|poke|p2|Kingambit, L50, F|\n|poke|p2|Sneasler, L50, F|\n|poke|p2|Dragonite, L50, F|\n|poke|p2|Basculegion, L50, M|\n|teampreview|4\n|inactive|Battle timer is ON: inactive players will automatically lose when time's up. (requested by campeondelfitness)\n|inactive|campeondelfitness has 60 seconds left.\n|inactive|jvmummy has 60 seconds left.\n|inactive|campeondelfitness has 30 seconds left.\n|inactive|campeondelfitness has 20 seconds left.\n|\n|t:|1776606068\n|teamsize|p1|4\n|teamsize|p2|4\n|start\n|switch|p1a: Orthworm|Orthworm, L50, M|100/100\n|switch|p1b: Rotom|Rotom-Heat, L50|100/100\n|switch|p2a: Sneasler|Sneasler, L50, F|100/100\n|switch|p2b: Clefable|Clefable, L50, M|100/100\n|turn|1\n|inactive|jvmummy has 30 seconds left.\n|inactive|campeondelfitness has 30 seconds left.\n|\n|t:|1776606102\n|switch|p2b: Basculegion|Basculegion, L50, M|100/100\n|move|p2a: Sneasler|Fake Out|p1b: Rotom\n|-damage|p1b: Rotom|86/100\n|cant|p1b: Rotom|flinch\n|move|p1a: Orthworm|Shed Tail|p1a: Orthworm\n|-start|p1a: Orthworm|Substitute|[from] move: Shed Tail\n|-damage|p1a: Orthworm|50/100\n|\n|t:|1776606111\n|switch|p1a: Garchomp|Garchomp, L50, M|100/100|[from] Shed Tail\n|\n|upkeep\n|turn|2\n|\n|t:|1776606131\n|detailschange|p1a: Garchomp|Garchomp-Mega, L50, M\n|-mega|p1a: Garchomp|Garchomp|Garchompite\n|move|p2a: Sneasler|Protect|p2a: Sneasler\n|-singleturn|p2a: Sneasler|Protect\n|move|p2b: Basculegion|Flip Turn|p1b: Rotom\n|-supereffective|p1b: Rotom|1\n|-damage|p1b: Rotom|17/100\n|\n|t:|1776606138\n|switch|p2b: Clefable|Clefable, L50, M|100/100|[from] Flip Turn\n|move|p1a: Garchomp|Earthquake|p2a: Sneasler|[spread] p2b\n|-activate|p2a: Sneasler|move: Protect\n|-immune|p1b: Rotom|[from] ability: Levitate\n|-damage|p2b: Clefable|65/100\n|move|p1b: Rotom|Discharge|p2b: Clefable|[spread] p2b\n|-activate|p2a: Sneasler|move: Protect\n|-immune|p1a: Garchomp\n|-damage|p2b: Clefable|44/100\n|-enditem|p2b: Clefable|Sitrus Berry|[eat]\n|-heal|p2b: Clefable|68/100|[from] item: Sitrus Berry\n|\n|upkeep\n|turn|3\n|\n|t:|1776606157\n|switch|p1b: Orthworm|Orthworm, L50, M|50/100\n|move|p2a: Sneasler|Dire Claw|p1b: Orthworm\n|-immune|p1b: Orthworm\n|move|p1a: Garchomp|Earthquake|p2b: Clefable|[spread] p2a,p2b\n|-heal|p1b: Orthworm|75/100|[from] ability: Earth Eater|[of] p1a: Garchomp\n|-supereffective|p2a: Sneasler|1\n|-enditem|p2a: Sneasler|Focus Sash\n|-damage|p2a: Sneasler|1/100\n|-damage|p2b: Clefable|28/100\n|move|p2b: Clefable|Moonblast|p1a: Garchomp\n|-supereffective|p1a: Garchomp|1\n|-end|p1a: Garchomp|Substitute\n|\n|-heal|p1b: Orthworm|81/100|[from] item: Leftovers\n|upkeep\n|turn|4\n|inactive|campeondelfitness has 30 seconds left.\n|\n|t:|1776606187\n|move|p2a: Sneasler|Close Combat|p1b: Orthworm\n|-supereffective|p1b: Orthworm|1\n|-damage|p1b: Orthworm|16/100\n|-unboost|p2a: Sneasler|def|1\n|-unboost|p2a: Sneasler|spd|1\n|move|p1a: Garchomp|Earthquake|p2a: Sneasler|[spread] p2a,p2b\n|-heal|p1b: Orthworm|41/100|[from] ability: Earth Eater|[of] p1a: Garchomp\n|-supereffective|p2a: Sneasler|1\n|-damage|p2a: Sneasler|0 fnt\n|-damage|p2b: Clefable|0 fnt\n|faint|p2a: Sneasler\n|faint|p2b: Clefable\n|move|p1b: Orthworm|Iron Defense|p1b: Orthworm\n|-boost|p1b: Orthworm|def|2\n|\n|-heal|p1b: Orthworm|47/100|[from] item: Leftovers\n|upkeep\n|\n|t:|1776606195\n|switch|p2a: Delphox|Delphox, L50, F|100/100\n|switch|p2b: Basculegion|Basculegion, L50, M|100/100\n|turn|5\n|inactive|jvmummy has 30 seconds left.\n|\n|t:|1776606226\n|detailschange|p2a: Delphox|Delphox-Mega, L50, F\n|-mega|p2a: Delphox|Delphox|Delphoxite\n|move|p2a: Delphox|Psychic|p1a: Garchomp\n|-crit|p1a: Garchomp\n|-damage|p1a: Garchomp|12/100\n|move|p2b: Basculegion|Last Respects|p1a: Garchomp\n|-damage|p1a: Garchomp|0 fnt\n|faint|p1a: Garchomp\n|move|p1b: Orthworm|Body Press|p2a: Delphox\n|-resisted|p2a: Delphox|1\n|-damage|p2a: Delphox|49/100\n|\n|-heal|p1b: Orthworm|53/100|[from] item: Leftovers\n|upkeep\n|\n|t:|1776606240\n|switch|p1a: Tyranitar|Tyranitar, L50, M|100/100\n|-weather|Sandstorm|[from] ability: Sand Stream|[of] p1a: Tyranitar\n|turn|6\n|\n|t:|1776606248\n|move|p2a: Delphox|Heat Wave|p1a: Tyranitar|[spread] p1a,p1b\n|-resisted|p1a: Tyranitar|1\n|-supereffective|p1b: Orthworm|1\n|-damage|p1a: Tyranitar|88/100\n|-damage|p1b: Orthworm|0 fnt\n|faint|p1b: Orthworm\n|move|p2b: Basculegion|Last Respects|p1a: Tyranitar\n|-resisted|p1a: Tyranitar|1\n|-damage|p1a: Tyranitar|63/100\n|move|p1a: Tyranitar|Knock Off|p2b: Basculegion\n|-supereffective|p2b: Basculegion|1\n|-damage|p2b: Basculegion|0 fnt\n|-enditem|p2b: Basculegion|Choice Scarf|[from] move: Knock Off|[of] p1a: Tyranitar\n|faint|p2b: Basculegion\n|\n|-weather|Sandstorm|[upkeep]\n|-damage|p2a: Delphox|43/100|[from] Sandstorm\n|upkeep\n|-message|jvmummy forfeited.\n|\n|win|campeondelfitness\n|raw|campeondelfitness's rating: 1262 &rarr; <strong>1286</strong><br />(+24 for winning)\n|raw|jvmummy's rating: 1245 &rarr; <strong>1221</strong><br />(-24 for losing)\n|l|\u2606jvmummy\n|player|p2|\n",
  "uploadtime": 1776606263,
  "views": 12,
  "formatid": "gen9championsvgc2026regma",
  "rating": 1221,
  "private": 0,
  "password": null
}