{
  "id": "gen9championsvgc2026regma-2586139459",
  "format": "[Gen 9 Champions] VGC 2026 Reg M-A",
  "players": [
    "gimwepaw",
    "Jackalope11"
  ],
  "log": "|j|\u2606gimwepaw\n|j|\u2606Jackalope11\n|html|<table width=\"100%\"><tr><td align=\"left\">gimwepaw</td><td align=\"right\">Jackalope11</tr><tr><td align=\"left\"><i class=\"fa fa-circle-o\"></i> <i class=\"fa fa-circle-o\"></i> </td><td align=\"right\"><i class=\"fa fa-circle-o\"></i> <i class=\"fa fa-circle-o\"></i> </tr></table>\n|uhtml|bestof|<h2><strong>Game 1</strong> of <a href=\"/game-bestof3-gen9championsvgc2026regma-2586139458\">a best-of-3</a></h2>\n|t:|1776403928\n|gametype|doubles\n|player|p1|gimwepaw|170|\n|player|p2|Jackalope11|265|\n|gen|9\n|tier|[Gen 9 Champions] VGC 2026 Reg M-A\n|rule|Species Clause: Limit one of each Pok\u00e9mon\n|rule|Item Clause: Limit 1 of each item\n|raw|<div class=\"infobox\"><details class=\"readmore\" open><summary><strong>1 custom rule:</strong></summary> Best of = 3</details></div>\n|clearpoke\n|poke|p1|Blastoise, L50, F|\n|poke|p1|Sableye, L50, F|\n|poke|p1|Basculegion, L50, M|\n|poke|p1|Sneasler, L50, M|\n|poke|p1|Kingambit, L50, M|\n|poke|p1|Aerodactyl, L50, M|\n|poke|p2|Milotic, L50, M|\n|poke|p2|Excadrill, L50, M|\n|poke|p2|Tyranitar, L50, F|\n|poke|p2|Sinistcha, L50|\n|poke|p2|Aerodactyl, L50, F|\n|poke|p2|Volcarona, L50, F|\n|teampreview|4\n|c|\u2606Jackalope11|this is all i have\n|c|\u2606gimwepaw|bro how did i lose\n|c|\u2606gimwepaw|im so sad\n|c|\u2606Jackalope11|u prayed to big yahu too btw\n|c|\u2606Jackalope11|sleep and scald burn\n|\n|t:|1776404007\n|teamsize|p1|4\n|teamsize|p2|4\n|start\n|switch|p1a: Blastoise|Blastoise, L50, F|100/100\n|switch|p1b: Aerodactyl|Aerodactyl, L50, M|100/100\n|switch|p2a: Sinistcha|Sinistcha, L50|100/100\n|switch|p2b: Volcarona|Volcarona, L50, F|100/100\n|-ability|p1b: Aerodactyl|Unnerve\n|turn|1\n|inactive|Battle timer is ON: inactive players will automatically lose when time's up. (requested by gimwepaw)\n|inactive|gimwepaw has 60 seconds left.\n|\n|t:|1776404040\n|detailschange|p1a: Blastoise|Blastoise-Mega, L50, F\n|-mega|p1a: Blastoise|Blastoise|Blastoisinite\n|move|p1b: Aerodactyl|Rock Slide|p2a: Sinistcha|[spread] p2a,p2b\n|-supereffective|p2b: Volcarona|2\n|-damage|p2a: Sinistcha|76/100\n|-damage|p2b: Volcarona|0 fnt\n|faint|p2b: Volcarona\n|move|p1a: Blastoise|Ice Beam|p2a: Sinistcha\n|-supereffective|p2a: Sinistcha|1\n|-damage|p2a: Sinistcha|10/100\n|move|p2a: Sinistcha|Matcha Gotcha|p1b: Aerodactyl|[spread] p1a,p1b\n|-supereffective|p1a: Blastoise|1\n|-damage|p1a: Blastoise|51/100\n|-heal|p2a: Sinistcha|33/100|[from] drain|[of] p1a: Blastoise\n|-damage|p1b: Aerodactyl|68/100\n|-heal|p2a: Sinistcha|48/100|[from] drain|[of] p1b: Aerodactyl\n|-status|p1a: Blastoise|brn\n|\n|-damage|p1a: Blastoise|46/100 brn|[from] brn\n|upkeep\n|c|\u2606Jackalope11|thats my bad\n|c|\u2606Jackalope11|i even have the rock fruit\n|inactive|Jackalope11 has 30 seconds left.\n|c|\u2606Jackalope11|but i didnt do the ivs for it\n|\n|t:|1776404072\n|switch|p2b: Excadrill|Excadrill, L50, M|100/100\n|turn|2\n|\n|t:|1776404084\n|switch|p2a: Tyranitar|Tyranitar, L50, F|100/100\n|-weather|Sandstorm|[from] ability: Sand Stream|[of] p2a: Tyranitar\n|move|p1a: Blastoise|Protect|p1a: Blastoise\n|-singleturn|p1a: Blastoise|Protect\n|move|p2b: Excadrill|Rock Slide|p1a: Blastoise|[spread] p1b\n|-activate|p1a: Blastoise|move: Protect\n|-supereffective|p1b: Aerodactyl|1\n|-damage|p1b: Aerodactyl|0 fnt\n|faint|p1b: Aerodactyl\n|\n|-weather|Sandstorm|[upkeep]\n|-damage|p1a: Blastoise|40/100 brn|[from] Sandstorm\n|-damage|p1a: Blastoise|34/100 brn|[from] brn\n|upkeep\n|c|\u2606Jackalope11|i think im retiring volcarona for incin\n|\n|t:|1776404096\n|switch|p1b: Sableye|Sableye, L50, F|100/100\n|turn|3\n|\n|t:|1776404112\n|detailschange|p2a: Tyranitar|Tyranitar-Mega, L50, F\n|-mega|p2a: Tyranitar|Tyranitar|Tyranitarite\n|move|p1b: Sableye|Rain Dance|p1b: Sableye\n|-weather|RainDance\n|move|p2b: Excadrill|Iron Head|p1a: Blastoise\n|-resisted|p1a: Blastoise|1\n|-damage|p1a: Blastoise|10/100 brn\n|move|p1a: Blastoise|Muddy Water|p2b: Excadrill|[spread] p2a,p2b\n|-supereffective|p2a: Tyranitar|1\n|-supereffective|p2b: Excadrill|1\n|-damage|p2a: Tyranitar|0 fnt\n|-enditem|p2b: Excadrill|Focus Sash\n|-damage|p2b: Excadrill|1/100\n|faint|p2a: Tyranitar\n|\n|-weather|RainDance|[upkeep]\n|-damage|p1a: Blastoise|4/100 brn|[from] brn\n|upkeep\n|c|\u2606gimwepaw|bro why is that super effective on aerodactyl\n|\n|t:|1776404123\n|switch|p2a: Sinistcha|Sinistcha, L50|48/100\n|-enditem|p2a: Sinistcha|Sitrus Berry|[eat]\n|-heal|p2a: Sinistcha|73/100|[from] item: Sitrus Berry\n|-heal|p2b: Excadrill|26/100|[from] ability: Hospitality|[of] p2a: Sinistcha\n|turn|4\n|\n|t:|1776404143\n|move|p2a: Sinistcha|Rage Powder|p2a: Sinistcha\n|-singleturn|p2a: Sinistcha|move: Rage Powder\n|move|p1b: Sableye|Disable|p2a: Sinistcha\n|-start|p2a: Sinistcha|Disable|Rage Powder\n|move|p2b: Excadrill|Earthquake|p1a: Blastoise|[spread] p2a,p1a,p1b\n|-resisted|p2a: Sinistcha|1\n|-damage|p2a: Sinistcha|54/100\n|-damage|p1a: Blastoise|0 fnt\n|-damage|p1b: Sableye|41/100\n|faint|p1a: Blastoise\n|\n|-weather|RainDance|[upkeep]\n|upkeep\n|\n|t:|1776404150\n|switch|p1a: Basculegion|Basculegion, L50, M|100/100\n|turn|5\n|c|\u2606Jackalope11|o shit\n|c|\u2606Jackalope11|W disable\n|inactive|gimwepaw has 30 seconds left.\n|c|\u2606Jackalope11|does he learn encore\n|\n|t:|1776404180\n|move|p2b: Excadrill|Protect|p2b: Excadrill\n|-singleturn|p2b: Excadrill|Protect\n|move|p1b: Sableye|Encore|p2a: Sinistcha\n|-start|p2a: Sinistcha|Encore\n|cant|p2a: Sinistcha|Disable|Rage Powder\n|move|p1a: Basculegion|Last Respects|p2b: Excadrill\n|-activate|p2b: Excadrill|move: Protect\n|\n|-weather|RainDance|[upkeep]\n|upkeep\n|turn|6\n|c|\u2606Jackalope11|yes he does\n|\n|t:|1776404201\n|move|p1b: Sableye|Taunt|p2a: Sinistcha\n|-start|p2a: Sinistcha|move: Taunt\n|move|p1a: Basculegion|Last Respects|p2b: Excadrill\n|-damage|p2b: Excadrill|0 fnt\n|faint|p2b: Excadrill\n|-activate|p2a: Sinistcha|move: Struggle\n|move|p2a: Sinistcha|Struggle|p1a: Basculegion\n|-damage|p1a: Basculegion|92/100\n|-damage|p2a: Sinistcha|29/100|[from] recoil\n|\n|-weather|RainDance|[upkeep]\n|upkeep\n|turn|7\n|\n|t:|1776404213\n|move|p1b: Sableye|Rain Dance||[still]\n|-fail|p1b: Sableye\n|move|p1a: Basculegion|Last Respects|p2a: Sinistcha\n|-supereffective|p2a: Sinistcha|1\n|-damage|p2a: Sinistcha|0 fnt\n|faint|p2a: Sinistcha\n|\n|win|gimwepaw\n|c|\u2606gimwepaw|bro im the goat\n|inactive|gimwepaw has 30 seconds to confirm battle start!\n|inactive|Jackalope11 has 30 seconds to confirm battle start!\n||gimwepaw is ready for game 2.\n||Jackalope11 is ready for game 2.\n|uhtml|next|Next: <a href=\"/battle-gen9championsvgc2026regma-2586141730\"><strong>Game 2 of 3</strong></a>\n",
  "uploadtime": 1776404694,
  "views": 16,
  "formatid": "gen9championsvgc2026regma",
  "rating": null,
  "private": 0,
  "password": null
}