{
  "id": "gen9championsvgc2026regma-2581844465",
  "format": "[Gen 9 Champions] VGC 2026 Reg M-A",
  "players": [
    "Mitchzukage",
    "Yashinon"
  ],
  "log": "|j|\u2606Mitchzukage\n|j|\u2606Yashinon\n|t:|1776033093\n|gametype|doubles\n|player|p1|Mitchzukage|265|1044\n|player|p2|Yashinon|266|1035\n|gen|9\n|tier|[Gen 9 Champions] VGC 2026 Reg M-A\n|rated|\n|rule|Species Clause: Limit one of each Pok\u00e9mon\n|rule|Item Clause: Limit 1 of each item\n|clearpoke\n|poke|p1|Charizard, L50, M|\n|poke|p1|Infernape, L50, M|\n|poke|p1|Ninetales, L50, F|\n|poke|p1|Kingambit, L50, F|\n|poke|p1|Clefable, L50, F|\n|poke|p1|Garchomp, L50, M|\n|poke|p2|Gengar, L50, F|\n|poke|p2|Incineroar, L50, F|\n|poke|p2|Politoed, L50, F|\n|poke|p2|Archaludon, L50, F|\n|poke|p2|Sinistcha-Masterpiece, L50|\n|poke|p2|Primarina, L50, M|\n|teampreview|4\n|\n|t:|1776033137\n|teamsize|p1|4\n|teamsize|p2|4\n|start\n|switch|p1a: Charizard|Charizard, L50, M, shiny|100/100\n|switch|p1b: Infernape|Infernape, L50, M, shiny|100/100\n|switch|p2a: Sinistcha|Sinistcha-Masterpiece, L50|100/100\n|switch|p2b: Primarina|Primarina, L50, M|100/100\n|turn|1\n|\n|t:|1776033189\n|detailschange|p1a: Charizard|Charizard-Mega-Y, L50, M, shiny\n|-mega|p1a: Charizard|Charizard|Charizardite Y\n|-weather|SunnyDay|[from] ability: Drought|[of] p1a: Charizard\n|move|p2b: Primarina|Protect|p2b: Primarina\n|-singleturn|p2b: Primarina|Protect\n|move|p1b: Infernape|U-turn|p2a: Sinistcha\n|-damage|p2a: Sinistcha|81/100\n|\n|t:|1776033198\n|switch|p1b: Kingambit|Kingambit, L50, F, shiny|100/100|[from] U-turn\n|move|p1a: Charizard|Heat Wave|p2b: Primarina|[spread] p2a\n|-activate|p2b: Primarina|move: Protect\n|-supereffective|p2a: Sinistcha|1\n|-damage|p2a: Sinistcha|0 fnt\n|faint|p2a: Sinistcha\n|\n|-weather|SunnyDay|[upkeep]\n|upkeep\n|\n|t:|1776033209\n|switch|p2a: Politoed|Politoed, L50, F|100/100\n|-weather|RainDance|[from] ability: Drizzle|[of] p2a: Politoed\n|turn|2\n|\n|t:|1776033224\n|switch|p1b: Ninetales|Ninetales, L50, F, shiny|100/100\n|-weather|SunnyDay|[from] ability: Drought|[of] p1b: Ninetales\n|move|p1a: Charizard|Solar Beam||[still]\n|-prepare|p1a: Charizard|Solar Beam\n|-anim|p1a: Charizard|Solar Beam|p2b: Primarina\n|-supereffective|p2b: Primarina|1\n|-damage|p2b: Primarina|3/100\n|move|p2a: Politoed|Weather Ball|p1a: Charizard\n|-resisted|p1a: Charizard|1\n|-damage|p1a: Charizard|84/100\n|move|p2b: Primarina|Hyper Voice|p1b: Ninetales|[spread] p1a,p1b\n|-supereffective|p1a: Charizard|1\n|-supereffective|p1b: Ninetales|1\n|-damage|p1a: Charizard|37/100\n|-damage|p1b: Ninetales|52/100\n|\n|-weather|SunnyDay|[upkeep]\n|upkeep\n|turn|3\n|\n|t:|1776033256\n|switch|p2b: Incineroar|Incineroar, L50, F|100/100\n|-ability|p2b: Incineroar|Intimidate|boost\n|-unboost|p1a: Charizard|atk|1\n|-unboost|p1b: Ninetales|atk|1\n|-enditem|p1b: Ninetales|White Herb\n|-clearnegativeboost|p1b: Ninetales|[silent]\n|move|p1b: Ninetales|Helping Hand|p1a: Charizard\n|-singleturn|p1a: Charizard|Helping Hand|[of] p1b: Ninetales\n|move|p1a: Charizard|Heat Wave|p2a: Politoed|[spread] p2a,p2b\n|-resisted|p2a: Politoed|1\n|-crit|p2a: Politoed\n|-resisted|p2b: Incineroar|1\n|-damage|p2a: Politoed|39/100\n|-damage|p2b: Incineroar|60/100\n|-enditem|p2a: Politoed|Sitrus Berry|[eat]\n|-heal|p2a: Politoed|63/100|[from] item: Sitrus Berry\n|move|p2a: Politoed|Rain Dance|p2a: Politoed\n|-weather|RainDance\n|\n|-weather|RainDance|[upkeep]\n|upkeep\n|turn|4\n|\n|t:|1776033295\n|switch|p1b: Infernape|Infernape, L50, M, shiny|100/100\n|move|p1a: Charizard|Protect|p1a: Charizard\n|-singleturn|p1a: Charizard|Protect\n|move|p2a: Politoed|Weather Ball|p1b: Infernape\n|-supereffective|p1b: Infernape|1\n|-enditem|p1b: Infernape|Focus Sash\n|-damage|p1b: Infernape|1/100\n|move|p2b: Incineroar|Parting Shot|p1a: Charizard\n|-activate|p1a: Charizard|move: Protect\n|\n|-weather|RainDance|[upkeep]\n|upkeep\n|turn|5\n|\n|t:|1776033321\n|move|p2a: Politoed|Protect|p2a: Politoed\n|-singleturn|p2a: Politoed|Protect\n|move|p1b: Infernape|Close Combat|p2a: Politoed\n|-activate|p2a: Politoed|move: Protect\n|move|p1a: Charizard|Weather Ball|p2b: Incineroar\n|-supereffective|p2b: Incineroar|1\n|-damage|p2b: Incineroar|0 fnt\n|faint|p2b: Incineroar\n|\n|-weather|RainDance|[upkeep]\n|upkeep\n|\n|t:|1776033333\n|switch|p2b: Primarina|Primarina, L50, M|3/100\n|turn|6\n|\n|t:|1776033355\n|switch|p1b: Ninetales|Ninetales, L50, F, shiny|52/100\n|-weather|SunnyDay|[from] ability: Drought|[of] p1b: Ninetales\n|move|p1a: Charizard|Heat Wave|p2b: Primarina|[spread] p2a,p2b\n|-resisted|p2a: Politoed|1\n|-resisted|p2b: Primarina|1\n|-damage|p2a: Politoed|35/100\n|-damage|p2b: Primarina|0 fnt\n|faint|p2b: Primarina\n|move|p2a: Politoed|Rain Dance|p2a: Politoed\n|-weather|RainDance\n|\n|-weather|RainDance|[upkeep]\n|upkeep\n|turn|7\n|\n|t:|1776033380\n|switch|p1a: Kingambit|Kingambit, L50, F, shiny|100/100\n|move|p1b: Ninetales|Hypnosis|p2a: Politoed\n|-status|p2a: Politoed|slp|[from] move: Hypnosis\n|cant|p2a: Politoed|slp\n|\n|-weather|RainDance|[upkeep]\n|upkeep\n|turn|8\n|-message|Yashinon forfeited.\n|\n|win|Mitchzukage\n|raw|Mitchzukage's rating: 1044 &rarr; <strong>1077</strong><br />(+33 for winning)\n|raw|Yashinon's rating: 1035 &rarr; <strong>1020</strong><br />(-15 for losing)\n|l|\u2606Yashinon\n|player|p2|\n",
  "uploadtime": 1776033393,
  "views": 23,
  "formatid": "gen9championsvgc2026regma",
  "rating": 1020,
  "private": 0,
  "password": null
}