{
  "id": "gen9championsvgc2026regma-2588350556",
  "format": "[Gen 9 Champions] VGC 2026 Reg M-A",
  "players": [
    "Annie4U",
    "shunosaurus"
  ],
  "log": "|j|\u2606Annie4U\n|j|\u2606shunosaurus\n|t:|1776626298\n|gametype|doubles\n|player|p1|Annie4U|miku-water|1474\n|player|p2|shunosaurus|psychic-gen4|1512\n|gen|9\n|tier|[Gen 9 Champions] VGC 2026 Reg M-A\n|rated|\n|rule|Species Clause: Limit one of each Pok\u00e9mon\n|rule|Item Clause: Limit 1 of each item\n|clearpoke\n|poke|p1|Kangaskhan, L50, F, shiny|\n|poke|p1|Torkoal, L50, F, shiny|\n|poke|p1|Zoroark-Hisui, L50, F|\n|poke|p1|Farigiraf, L50, F, shiny|\n|poke|p1|Decidueye-Hisui, L50, M|\n|poke|p1|Kingambit, L50, M, shiny|\n|poke|p2|Excadrill, L50, M|\n|poke|p2|Tyranitar, L50, M|\n|poke|p2|Sinistcha, L50|\n|poke|p2|Primarina, L50, F|\n|poke|p2|Dragapult, L50, M|\n|poke|p2|Rotom-Heat, L50|\n|teampreview|4\n|inactive|Battle timer is ON: inactive players will automatically lose when time's up. (requested by Annie4U)\n|c|\u2606shunosaurus|glhf\n|inactive|shunosaurus has 60 seconds left.\n|inactive|shunosaurus has 30 seconds left.\n|\n|t:|1776626359\n|teamsize|p1|4\n|teamsize|p2|4\n|start\n|switch|p1a: Kangaskhan|Kangaskhan, L50, F, shiny|100/100\n|switch|p1b: Farigiraf|Farigiraf, L50, F, shiny|100/100\n|switch|p2a: Tyranitar|Tyranitar, L50, M|100/100\n|switch|p2b: Sinistcha|Sinistcha, L50|100/100\n|-weather|Sandstorm|[from] ability: Sand Stream|[of] p2a: Tyranitar\n|turn|1\n|\n|t:|1776626375\n|detailschange|p1a: Kangaskhan|Kangaskhan-Mega, L50, F, shiny\n|-mega|p1a: Kangaskhan|Kangaskhan|Kangaskhanite\n|move|p2a: Tyranitar|Protect|p2a: Tyranitar\n|-singleturn|p2a: Tyranitar|Protect\n|move|p1a: Kangaskhan|Hammer Arm|p2a: Tyranitar\n|-activate|p2a: Tyranitar|move: Protect\n|move|p2b: Sinistcha|Trick Room|p2b: Sinistcha\n|-fieldstart|move: Trick Room|[of] p2b: Sinistcha\n|move|p1b: Farigiraf|Trick Room|p1b: Farigiraf\n|-fieldend|move: Trick Room\n|\n|-weather|Sandstorm|[upkeep]\n|-damage|p1a: Kangaskhan|94/100|[from] Sandstorm\n|-damage|p2b: Sinistcha|94/100|[from] Sandstorm\n|-damage|p1b: Farigiraf|94/100|[from] Sandstorm\n|upkeep\n|turn|2\n|\n|t:|1776626387\n|detailschange|p2a: Tyranitar|Tyranitar-Mega, L50, M\n|-mega|p2a: Tyranitar|Tyranitar|Tyranitarite\n|move|p1b: Farigiraf|Protect|p1b: Farigiraf\n|-singleturn|p1b: Farigiraf|Protect\n|move|p2b: Sinistcha|Rage Powder|p2b: Sinistcha\n|-singleturn|p2b: Sinistcha|move: Rage Powder\n|move|p1a: Kangaskhan|Crunch|p2b: Sinistcha\n|-supereffective|p2b: Sinistcha|1\n|-damage|p2b: Sinistcha|48/100\n|-enditem|p2b: Sinistcha|Sitrus Berry|[eat]\n|-heal|p2b: Sinistcha|73/100|[from] item: Sitrus Berry\n|-supereffective|p2b: Sinistcha|1\n|-damage|p2b: Sinistcha|63/100\n|-unboost|p2b: Sinistcha|def|1\n|-hitcount|p2b: Sinistcha|2\n|move|p2a: Tyranitar|Knock Off|p1b: Farigiraf\n|-activate|p1b: Farigiraf|move: Protect\n|\n|-weather|Sandstorm|[upkeep]\n|-damage|p1a: Kangaskhan|88/100|[from] Sandstorm\n|-damage|p2b: Sinistcha|57/100|[from] Sandstorm\n|-damage|p1b: Farigiraf|88/100|[from] Sandstorm\n|upkeep\n|turn|3\n|j| LegitLadderingInc\n|\n|t:|1776626402\n|switch|p1b: Kingambit|Kingambit, L50, M, shiny|100/100\n|move|p2b: Sinistcha|Rage Powder|p2b: Sinistcha\n|-singleturn|p2b: Sinistcha|move: Rage Powder\n|move|p1a: Kangaskhan|Crunch|p2b: Sinistcha\n|-supereffective|p2b: Sinistcha|1\n|-damage|p2b: Sinistcha|0 fnt\n|faint|p2b: Sinistcha\n|-hitcount|p2: Sinistcha|1\n|move|p2a: Tyranitar|Knock Off|p1b: Kingambit\n|-resisted|p1b: Kingambit|1\n|-damage|p1b: Kingambit|75/100\n|-enditem|p1b: Kingambit|Black Glasses|[from] move: Knock Off|[of] p2a: Tyranitar\n|\n|-weather|Sandstorm|[upkeep]\n|-damage|p1a: Kangaskhan|82/100|[from] Sandstorm\n|upkeep\n|\n|t:|1776626409\n|switch|p2b: Rotom|Rotom-Heat, L50|100/100\n|turn|4\n|\n|t:|1776626421\n|switch|p2a: Primarina|Primarina, L50, F|100/100\n|move|p1b: Kingambit|Protect|p1b: Kingambit\n|-singleturn|p1b: Kingambit|Protect\n|move|p2b: Rotom|Overheat|p1b: Kingambit\n|-activate|p1b: Kingambit|move: Protect\n|move|p1a: Kangaskhan|Double-Edge|p2b: Rotom\n|-damage|p2b: Rotom|8/100\n|-crit|p2b: Rotom\n|-damage|p2b: Rotom|0 fnt\n|faint|p2b: Rotom\n|-hitcount|p2: Rotom|2\n|-damage|p1a: Kangaskhan|61/100|[from] Recoil\n|\n|-weather|Sandstorm|[upkeep]\n|-damage|p1a: Kangaskhan|55/100|[from] Sandstorm\n|-damage|p2a: Primarina|95/100|[from] Sandstorm\n|upkeep\n|\n|t:|1776626428\n|switch|p2b: Tyranitar|Tyranitar-Mega, L50, M|100/100\n|turn|5\n|inactive|Annie4U has 30 seconds left.\n|\n|t:|1776626463\n|move|p2b: Tyranitar|Protect|p2b: Tyranitar\n|-singleturn|p2b: Tyranitar|Protect\n|move|p1a: Kangaskhan|Hammer Arm|p2b: Tyranitar\n|-activate|p2b: Tyranitar|move: Protect\n|move|p2a: Primarina|Moonblast|p1a: Kangaskhan\n|-damage|p1a: Kangaskhan|14/100\n|move|p1b: Kingambit|Iron Head|p2b: Tyranitar\n|-activate|p2b: Tyranitar|move: Protect\n|\n|-weather|none\n|upkeep\n|turn|6\n|\n|t:|1776626476\n|move|p2b: Tyranitar|Protect||[still]\n|-fail|p2b: Tyranitar\n|move|p1a: Kangaskhan|Hammer Arm|p2b: Tyranitar\n|-supereffective|p2b: Tyranitar|2\n|-damage|p2b: Tyranitar|10/100\n|-unboost|p1a: Kangaskhan|spe|1\n|-supereffective|p2b: Tyranitar|2\n|-damage|p2b: Tyranitar|0 fnt\n|-unboost|p1a: Kangaskhan|spe|1\n|faint|p2b: Tyranitar\n|-hitcount|p2: Tyranitar|2\n|move|p2a: Primarina|Hyper Voice|p1b: Kingambit|[spread] p1a,p1b\n|-damage|p1a: Kangaskhan|0 fnt\n|-damage|p1b: Kingambit|41/100\n|faint|p1a: Kangaskhan\n|move|p1b: Kingambit|Iron Head|p2a: Primarina\n|-damage|p2a: Primarina|33/100\n|\n|upkeep\n|c|\u2606shunosaurus|gg\n|\n|t:|1776626481\n|switch|p1a: Decidueye|Decidueye-Hisui, L50, M|100/100\n|turn|7\n|\n|t:|1776626485\n|move|p1a: Decidueye|Leaf Blade|p2a: Primarina\n|-supereffective|p2a: Primarina|1\n|-damage|p2a: Primarina|0 fnt\n|faint|p2a: Primarina\n|\n|win|Annie4U\n|raw|Annie4U's rating: 1474 &rarr; <strong>1496</strong><br />(+22 for winning)\n|raw|shunosaurus's rating: 1512 &rarr; <strong>1490</strong><br />(-22 for losing)\n|l|\u2606shunosaurus\n|player|p2|\n",
  "uploadtime": 1776626491,
  "views": 12,
  "formatid": "gen9championsvgc2026regma",
  "rating": 1490,
  "private": 0,
  "password": null
}