{
  "id": "gen9championsvgc2026regma-2587205761",
  "format": "[Gen 9 Champions] VGC 2026 Reg M-A",
  "players": [
    "RyushinYuki",
    "Demoledorsus"
  ],
  "log": "|j|\u2606RyushinYuki\n|j|\u2606Demoledorsus\n|t:|1776508758\n|gametype|doubles\n|player|p1|RyushinYuki|cynthia-masters|1246\n|player|p2|Demoledorsus|1|1229\n|gen|9\n|tier|[Gen 9 Champions] VGC 2026 Reg M-A\n|rated|\n|rule|Species Clause: Limit one of each Pok\u00e9mon\n|rule|Item Clause: Limit 1 of each item\n|clearpoke\n|poke|p1|Lopunny, L50, F|\n|poke|p1|Dragonite, L50, M|\n|poke|p1|Kingambit, L50, M|\n|poke|p1|Sinistcha, L50|\n|poke|p1|Gyarados, L50, M|\n|poke|p1|Rotom-Heat, L50|\n|poke|p2|Aggron, L50, M|\n|poke|p2|Azumarill, L50, F, shiny|\n|poke|p2|Sinistcha, L50, shiny|\n|poke|p2|Torkoal, L50, M|\n|poke|p2|Farigiraf, L50, M|\n|poke|p2|Sneasler, L50, F|\n|teampreview|4\n|inactive|Battle timer is ON: inactive players will automatically lose when time's up. (requested by Demoledorsus)\n|\n|t:|1776508794\n|teamsize|p1|4\n|teamsize|p2|4\n|start\n|switch|p1a: Gyarados|Gyarados, L50, M|100/100\n|switch|p1b: Lopunny|Lopunny, L50, F|100/100\n|switch|p2a: THE WALL|Aggron, L50, M|100/100\n|switch|p2b: Farigiraf|Farigiraf, L50, M|100/100\n|-ability|p1a: Gyarados|Intimidate|boost\n|-unboost|p2a: THE WALL|atk|1\n|-unboost|p2b: Farigiraf|atk|1\n|turn|1\n|inactive|RyushinYuki has 30 seconds left.\n|\n|t:|1776508821\n|switch|p1b: Rotom|Rotom-Heat, L50|100/100\n|detailschange|p2a: THE WALL|Aggron-Mega, L50, M\n|-mega|p2a: THE WALL|Aggron|Aggronite\n|move|p2a: THE WALL|Protect|p2a: THE WALL\n|-singleturn|p2a: THE WALL|Protect\n|move|p1a: Gyarados|Taunt|p2b: Farigiraf\n|-start|p2b: Farigiraf|move: Taunt\n|cant|p2b: Farigiraf|move: Taunt|Trick Room\n|\n|upkeep\n|turn|2\n|\n|t:|1776508840\n|switch|p2b: Sinistcha|Sinistcha, L50, shiny|100/100\n|switch|p2a: Azumarill|Azumarill, L50, F, shiny|100/100\n|move|p1b: Rotom|Overheat|p2a: Azumarill\n|-resisted|p2a: Azumarill|1\n|-damage|p2a: Azumarill|66/100\n|-unboost|p1b: Rotom|spa|2\n|move|p1a: Gyarados|Taunt|p2a: Azumarill\n|-start|p2a: Azumarill|move: Taunt\n|\n|upkeep\n|turn|3\n|\n|t:|1776508859\n|switch|p1b: Sinistcha|Sinistcha, L50|100/100\n|move|p2a: Azumarill|Liquidation|p1b: Sinistcha\n|-resisted|p1b: Sinistcha|1\n|-damage|p1b: Sinistcha|79/100\n|-unboost|p1b: Sinistcha|def|1\n|move|p1a: Gyarados|Taunt|p2b: Sinistcha\n|-start|p2b: Sinistcha|move: Taunt\n|move|p2b: Sinistcha|Matcha Gotcha|p1b: Sinistcha|[spread] p1a,p1b\n|-resisted|p1b: Sinistcha|1\n|-damage|p1a: Gyarados|76/100\n|-damage|p1b: Sinistcha|63/100\n|\n|upkeep\n|turn|4\n|\n|t:|1776508880\n|switch|p2a: THE WALL|Aggron-Mega, L50, M|100/100\n|switch|p2b: Farigiraf|Farigiraf, L50, M|100/100\n|move|p1a: Gyarados|Crunch|p2b: Farigiraf\n|-supereffective|p2b: Farigiraf|1\n|-damage|p2b: Farigiraf|44/100\n|move|p1b: Sinistcha|Calm Mind|p1b: Sinistcha\n|-boost|p1b: Sinistcha|spa|1\n|-boost|p1b: Sinistcha|spd|1\n|\n|upkeep\n|turn|5\n|\n|t:|1776508899\n|move|p1a: Gyarados|Crunch|p2b: Farigiraf\n|-supereffective|p2b: Farigiraf|1\n|-damage|p2b: Farigiraf|0 fnt\n|faint|p2b: Farigiraf\n|move|p1b: Sinistcha|Matcha Gotcha|p2a: THE WALL\n|-resisted|p2a: THE WALL|1\n|-damage|p2a: THE WALL|67/100\n|-heal|p1b: Sinistcha|80/100|[from] drain|[of] p2a: THE WALL\n|-status|p2a: THE WALL|brn\n|move|p2a: THE WALL|Heavy Slam|p1b: Sinistcha\n|-damage|p1b: Sinistcha|45/100\n|-enditem|p1b: Sinistcha|Sitrus Berry|[eat]\n|-heal|p1b: Sinistcha|70/100|[from] item: Sitrus Berry\n|\n|-damage|p2a: THE WALL|60/100 brn|[from] brn\n|upkeep\n|\n|t:|1776508909\n|switch|p2b: Azumarill|Azumarill, L50, F, shiny|66/100\n|turn|6\n|inactive|Demoledorsus has 30 seconds left.\n|\n|t:|1776508940\n|move|p2b: Azumarill|Play Rough|p1a: Gyarados\n|-damage|p1a: Gyarados|12/100\n|move|p1a: Gyarados|Taunt|p2b: Azumarill\n|-start|p2b: Azumarill|move: Taunt\n|move|p1b: Sinistcha|Matcha Gotcha|p2b: Azumarill|[spread] p2a,p2b\n|-resisted|p2a: THE WALL|1\n|-supereffective|p2b: Azumarill|1\n|-damage|p2a: THE WALL|35/100 brn\n|-heal|p1b: Sinistcha|83/100|[from] drain|[of] p2a: THE WALL\n|-damage|p2b: Azumarill|0 fnt\n|-heal|p1b: Sinistcha|100/100|[from] drain|[of] p2b: Azumarill\n|faint|p2b: Azumarill\n|move|p2a: THE WALL|Heavy Slam|p1b: Sinistcha\n|-damage|p1b: Sinistcha|62/100\n|\n|-damage|p2a: THE WALL|29/100 brn|[from] brn\n|upkeep\n|\n|t:|1776508944\n|switch|p2b: Sinistcha|Sinistcha, L50, shiny|100/100\n|-heal|p2a: THE WALL|54/100 brn|[from] ability: Hospitality|[of] p2b: Sinistcha\n|turn|7\n|\n|t:|1776508965\n|detailschange|p1a: Gyarados|Gyarados-Mega, L50, M\n|-mega|p1a: Gyarados|Gyarados|Gyaradosite\n|-ability|p1a: Gyarados|Mold Breaker\n|move|p1a: Gyarados|Crunch|p2b: Sinistcha\n|-supereffective|p2b: Sinistcha|1\n|-damage|p2b: Sinistcha|6/100\n|-unboost|p2b: Sinistcha|def|1\n|move|p2b: Sinistcha|Shadow Ball|p1b: Sinistcha\n|-supereffective|p1b: Sinistcha|1\n|-damage|p1b: Sinistcha|7/100\n|move|p1b: Sinistcha|Matcha Gotcha|p2b: Sinistcha|[spread] p2a,p2b\n|-resisted|p2a: THE WALL|1\n|-resisted|p2b: Sinistcha|1\n|-damage|p2a: THE WALL|29/100 brn\n|-heal|p1b: Sinistcha|20/100|[from] drain|[of] p2a: THE WALL\n|-damage|p2b: Sinistcha|0 fnt\n|-heal|p1b: Sinistcha|22/100|[from] drain|[of] p2b: Sinistcha\n|faint|p2b: Sinistcha\n|move|p2a: THE WALL|Heavy Slam|p1a: Gyarados\n|-resisted|p1a: Gyarados|1\n|-crit|p1a: Gyarados\n|-damage|p1a: Gyarados|7/100\n|\n|-damage|p2a: THE WALL|23/100 brn|[from] brn\n|upkeep\n|turn|8\n|\n|t:|1776508987\n|move|p1a: Gyarados|Taunt|p2a: THE WALL\n|-start|p2a: THE WALL|move: Taunt\n|move|p1b: Sinistcha|Matcha Gotcha|p2a: THE WALL\n|-resisted|p2a: THE WALL|1\n|-damage|p2a: THE WALL|0 fnt\n|-heal|p1b: Sinistcha|34/100|[from] drain|[of] p2a: THE WALL\n|faint|p2a: THE WALL\n|\n|win|RyushinYuki\n|raw|RyushinYuki's rating: 1246 &rarr; <strong>1270</strong><br />(+24 for winning)\n|raw|Demoledorsus's rating: 1229 &rarr; <strong>1205</strong><br />(-24 for losing)\n|l|\u2606Demoledorsus\n|player|p2|\n",
  "uploadtime": 1776509006,
  "views": 30,
  "formatid": "gen9championsvgc2026regma",
  "rating": 1205,
  "private": 0,
  "password": null
}