{
  "id": "gen9championsvgc2026regma-2588752599",
  "format": "[Gen 9 Champions] VGC 2026 Reg M-A",
  "players": [
    "sleemo2",
    "MilkTeaWayGalaxy"
  ],
  "log": "|j|\u2606sleemo2\n|j|\u2606MilkTeaWayGalaxy\n|t:|1776666188\n|gametype|doubles\n|player|p1|sleemo2|acetrainerf|1366\n|player|p2|MilkTeaWayGalaxy|rosa-pokestar3|1397\n|gen|9\n|tier|[Gen 9 Champions] VGC 2026 Reg M-A\n|rated|\n|rule|Species Clause: Limit one of each Pok\u00e9mon\n|rule|Item Clause: Limit 1 of each item\n|clearpoke\n|poke|p1|Scovillain, L50, M|\n|poke|p1|Incineroar, L50, M|\n|poke|p1|Sinistcha, L50|\n|poke|p1|Dragapult, L50, F|\n|poke|p1|Basculegion, L50, M|\n|poke|p1|Pelipper, L50, M|\n|poke|p2|Froslass, L50, F, shiny|\n|poke|p2|Sinistcha, L50|\n|poke|p2|Kingambit, L50, F|\n|poke|p2|Sneasler, L50, F|\n|poke|p2|Incineroar, L50, M, shiny|\n|poke|p2|Basculegion, L50, M|\n|teampreview|4\n|inactive|Battle timer is ON: inactive players will automatically lose when time's up. (requested by sleemo2)\n|\n|t:|1776666227\n|teamsize|p1|4\n|teamsize|p2|4\n|start\n|switch|p1a: Scovillain|Scovillain, L50, M|100/100\n|switch|p1b: Dragapult|Dragapult, L50, F|100/100\n|switch|p2a: Froslass|Froslass, L50, F, shiny|100/100\n|switch|p2b: Incineroar|Incineroar, L50, M, shiny|100/100\n|-ability|p2b: Incineroar|Intimidate|boost\n|-unboost|p1a: Scovillain|atk|1\n|-fail|p1b: Dragapult|unboost|[from] ability: Clear Body|[of] p1b: Dragapult\n|turn|1\n|\n|t:|1776666247\n|detailschange|p2a: Froslass|Froslass-Mega, L50, F, shiny\n|-mega|p2a: Froslass|Froslass|Froslassite\n|-weather|Snowscape|[from] ability: Snow Warning|[of] p2a: Froslass\n|move|p2b: Incineroar|Fake Out|p1a: Scovillain\n|-damage|p1a: Scovillain|87/100\n|move|p1b: Dragapult|Light Screen|p1b: Dragapult\n|-sidestart|p1: sleemo2|move: Light Screen\n|move|p2a: Froslass|Aurora Veil|p2a: Froslass\n|-sidestart|p2: MilkTeaWayGalaxy|move: Aurora Veil\n|cant|p1a: Scovillain|flinch\n|\n|-weather|Snowscape|[upkeep]\n|-ability|p1a: Scovillain|Moody|boost\n|-boost|p1a: Scovillain|spa|2\n|-unboost|p1a: Scovillain|spe|1\n|upkeep\n|turn|2\n|\n|t:|1776666264\n|move|p1b: Dragapult|Protect|p1b: Dragapult\n|-singleturn|p1b: Dragapult|Protect\n|move|p1a: Scovillain|Protect|p1a: Scovillain\n|-singleturn|p1a: Scovillain|Protect\n|move|p2a: Froslass|Blizzard|p1a: Scovillain|[spread] \n|-activate|p1a: Scovillain|move: Protect\n|-activate|p1b: Dragapult|move: Protect\n|move|p2b: Incineroar|Parting Shot|p1a: Scovillain\n|-activate|p1a: Scovillain|move: Protect\n|\n|-weather|Snowscape|[upkeep]\n|-ability|p1a: Scovillain|Moody|boost\n|-boost|p1a: Scovillain|spa|2\n|-unboost|p1a: Scovillain|atk|1\n|upkeep\n|turn|3\n|\n|t:|1776666281\n|switch|p1b: Incineroar|Incineroar, L50, M|100/100\n|-ability|p1b: Incineroar|Intimidate|boost\n|-unboost|p2a: Froslass|atk|1\n|-unboost|p2b: Incineroar|atk|1\n|move|p2a: Froslass|Blizzard|p1a: Scovillain|[spread] p1a,p1b\n|-resisted|p1b: Incineroar|1\n|-damage|p1a: Scovillain|57/100\n|-damage|p1b: Incineroar|89/100\n|move|p2b: Incineroar|Parting Shot|p1a: Scovillain\n|-unboost|p1a: Scovillain|atk|1\n|-unboost|p1a: Scovillain|spa|1\n|\n|t:|1776666293\n|switch|p2b: Basculegion|Basculegion, L50, M|100/100|[from] Parting Shot\n|move|p1a: Scovillain|Leech Seed|p2a: Froslass|[miss]\n|-miss|p1a: Scovillain|p2a: Froslass\n|\n|-weather|Snowscape|[upkeep]\n|-ability|p1a: Scovillain|Moody|boost\n|-boost|p1a: Scovillain|atk|2\n|-unboost|p1a: Scovillain|def|1\n|upkeep\n|turn|4\n|\n|t:|1776666309\n|switch|p2a: Incineroar|Incineroar, L50, M, shiny|100/100\n|-ability|p2a: Incineroar|Intimidate|boost\n|-unboost|p1a: Scovillain|atk|1\n|-unboost|p1b: Incineroar|atk|1\n|detailschange|p1a: Scovillain|Scovillain-Mega, L50, M\n|-mega|p1a: Scovillain|Scovillain|Scovillainite\n|move|p1a: Scovillain|Rage Powder|p1a: Scovillain\n|-singleturn|p1a: Scovillain|move: Rage Powder\n|move|p2b: Basculegion|Wave Crash|p1a: Scovillain\n|-damage|p1a: Scovillain|0 fnt\n|-status|p2b: Basculegion|brn|[from] ability: Spicy Spray|[of] p1a: Scovillain\n|faint|p1a: Scovillain\n|-damage|p2b: Basculegion|84/100 brn|[from] Recoil\n|move|p1b: Incineroar|Darkest Lariat|p2b: Basculegion\n|-supereffective|p2b: Basculegion|1\n|-damage|p2b: Basculegion|42/100 brn\n|\n|-weather|Snowscape|[upkeep]\n|-damage|p2b: Basculegion|36/100 brn|[from] brn\n|upkeep\n|\n|t:|1776666327\n|switch|p1a: Dragapult|Dragapult, L50, F|100/100\n|turn|5\n|\n|t:|1776666341\n|move|p2b: Basculegion|Wave Crash|p1b: Incineroar\n|-supereffective|p1b: Incineroar|1\n|-damage|p1b: Incineroar|25/100\n|-damage|p2b: Basculegion|15/100 brn|[from] Recoil\n|move|p1a: Dragapult|Dragon Darts|p2a: Incineroar\n|-damage|p2a: Incineroar|87/100\n|-anim|p1a: Dragapult|Dragon Darts|p2b: Basculegion\n|-damage|p2b: Basculegion|0 fnt\n|faint|p2b: Basculegion\n|move|p1b: Incineroar|Parting Shot|p2a: Incineroar\n|-unboost|p2a: Incineroar|atk|1\n|-unboost|p2a: Incineroar|spa|1\n|-message|sleemo2 forfeited.\n|\n|win|MilkTeaWayGalaxy\n|raw|sleemo2's rating: 1366 &rarr; <strong>1348</strong><br />(-18 for losing)\n|raw|MilkTeaWayGalaxy's rating: 1397 &rarr; <strong>1415</strong><br />(+18 for winning)\n|l|\u2606sleemo2\n|player|p1|\n",
  "uploadtime": 1776666373,
  "views": 16,
  "formatid": "gen9championsvgc2026regma",
  "rating": 1348,
  "private": 0,
  "password": null
}