{
  "id": "gen9championsvgc2026regma-2588213281",
  "format": "[Gen 9 Champions] VGC 2026 Reg M-A",
  "players": [
    "insanipapu",
    "SDLT 2KRL March"
  ],
  "log": "|raw|<div class=\"broadcast-blue\"><strong>This battle is required to be public due to a player having a name starting with 'sdlt'.</div>\n|j|\u2606insanipapu\n|j|\u2606SDLT 2KRL March\n|t:|1776614951\n|gametype|doubles\n|player|p1|insanipapu|hiker-gen4|1075\n|player|p2|SDLT 2KRL March|valerie|1000\n|gen|9\n|tier|[Gen 9 Champions] VGC 2026 Reg M-A\n|rated|\n|rule|Species Clause: Limit one of each Pok\u00e9mon\n|rule|Item Clause: Limit 1 of each item\n|clearpoke\n|poke|p1|Pelipper, L50, F|\n|poke|p1|Blastoise, L50, F|\n|poke|p1|Meowstic, L50, M|\n|poke|p1|Sinistcha, L50|\n|poke|p1|Basculegion, L50, M|\n|poke|p1|Sneasler, L50, M|\n|poke|p2|Kangaskhan, L50, F, shiny|\n|poke|p2|Farigiraf, L50, F, shiny|\n|poke|p2|Talonflame, L50, M, shiny|\n|poke|p2|Floette-Eternal, L50, F|\n|poke|p2|Sneasler, L50, M, shiny|\n|poke|p2|Basculegion, L50, M|\n|teampreview|4\n|inactive|Battle timer is ON: inactive players will automatically lose when time's up. (requested by insanipapu)\n|inactive|insanipapu has 60 seconds left.\n|\n|t:|1776614998\n|teamsize|p1|4\n|teamsize|p2|4\n|start\n|switch|p1a: Pelipper|Pelipper, L50, F|100/100\n|switch|p1b: Blastoise|Blastoise, L50, F|100/100\n|switch|p2a: Ryoiki Tenkai|Farigiraf, L50, F, shiny|100/100\n|switch|p2b: Kangaskhan|Kangaskhan, L50, F, shiny|100/100\n|-weather|RainDance|[from] ability: Drizzle|[of] p1a: Pelipper\n|turn|1\n|inactive|SDLT 2KRL March also wants the timer to be on.\n|\n|t:|1776615018\n|detailschange|p1b: Blastoise|Blastoise-Mega, L50, F\n|-mega|p1b: Blastoise|Blastoise|Blastoisinite\n|move|p2b: Kangaskhan|Fake Out|p1b: Blastoise\n|-damage|p1b: Blastoise|85/100\n|cant|p1b: Blastoise|flinch\n|move|p1a: Pelipper|Tailwind|p1a: Pelipper\n|-sidestart|p1: insanipapu|move: Tailwind\n|move|p2a: Ryoiki Tenkai|Trick Room|p2a: Ryoiki Tenkai\n|-fieldstart|move: Trick Room|[of] p2a: Ryoiki Tenkai\n|\n|-weather|RainDance|[upkeep]\n|upkeep\n|turn|2\n|\n|t:|1776615043\n|detailschange|p2b: Kangaskhan|Kangaskhan-Mega, L50, F, shiny\n|-mega|p2b: Kangaskhan|Kangaskhan|Kangaskhanite\n|move|p2a: Ryoiki Tenkai|Hyper Voice|p1a: Pelipper|[spread] p1a,p1b\n|-damage|p1a: Pelipper|47/100\n|-damage|p1b: Blastoise|58/100\n|move|p2b: Kangaskhan|Hammer Arm|p1b: Blastoise|[miss]\n|-miss|p2b: Kangaskhan|p1b: Blastoise\n|move|p1a: Pelipper|U-turn|p2a: Ryoiki Tenkai\n|-supereffective|p2a: Ryoiki Tenkai|1\n|-damage|p2a: Ryoiki Tenkai|82/100\n|\n|t:|1776615054\n|switch|p1a: Sinistcha|Sinistcha, L50|100/100|[from] U-turn\n|-heal|p1b: Blastoise|82/100|[from] ability: Hospitality|[of] p1a: Sinistcha\n|move|p1b: Blastoise|Dark Pulse|p2a: Ryoiki Tenkai\n|-supereffective|p2a: Ryoiki Tenkai|1\n|-enditem|p2a: Ryoiki Tenkai|Colbur Berry|[eat]\n|-enditem|p2a: Ryoiki Tenkai|Colbur Berry|[weaken]\n|-damage|p2a: Ryoiki Tenkai|36/100\n|\n|-weather|RainDance|[upkeep]\n|upkeep\n|turn|3\n|\n|t:|1776615072\n|move|p1b: Blastoise|Protect|p1b: Blastoise\n|-singleturn|p1b: Blastoise|Protect\n|move|p2a: Ryoiki Tenkai|Hyper Voice|p1b: Blastoise|[spread] \n|-activate|p1b: Blastoise|move: Protect\n|-immune|p1a: Sinistcha\n|move|p2b: Kangaskhan|Crunch|p1a: Sinistcha\n|-supereffective|p1a: Sinistcha|1\n|-damage|p1a: Sinistcha|57/100\n|-supereffective|p1a: Sinistcha|1\n|-damage|p1a: Sinistcha|45/100\n|-hitcount|p1a: Sinistcha|2\n|move|p1a: Sinistcha|Strength Sap|p2b: Kangaskhan\n|-unboost|p2b: Kangaskhan|atk|1\n|-heal|p1a: Sinistcha|100/100\n|\n|-weather|RainDance|[upkeep]\n|upkeep\n|turn|4\n|\n|t:|1776615097\n|move|p2a: Ryoiki Tenkai|Hyper Voice|p1a: Sinistcha|[spread] p1b\n|-immune|p1a: Sinistcha\n|-damage|p1b: Blastoise|54/100\n|move|p2b: Kangaskhan|Crunch|p1a: Sinistcha\n|-supereffective|p1a: Sinistcha|1\n|-damage|p1a: Sinistcha|71/100\n|-supereffective|p1a: Sinistcha|1\n|-damage|p1a: Sinistcha|63/100\n|-unboost|p1a: Sinistcha|def|1\n|-hitcount|p1a: Sinistcha|2\n|move|p1a: Sinistcha|Matcha Gotcha|p2a: Ryoiki Tenkai|[spread] p2a,p2b\n|-damage|p2a: Ryoiki Tenkai|7/100\n|-heal|p1a: Sinistcha|83/100|[from] drain|[of] p2a: Ryoiki Tenkai\n|-damage|p2b: Kangaskhan|75/100\n|-heal|p1a: Sinistcha|99/100|[from] drain|[of] p2b: Kangaskhan\n|move|p1b: Blastoise|Hydro Pump|p2b: Kangaskhan\n|-damage|p2b: Kangaskhan|0 fnt\n|faint|p2b: Kangaskhan\n|\n|-weather|RainDance|[upkeep]\n|-heal|p1a: Sinistcha|100/100|[from] item: Leftovers\n|-sideend|p1: insanipapu|move: Tailwind\n|upkeep\n|\n|t:|1776615121\n|switch|p2b: Basculegion|Basculegion, L50, M|100/100\n|turn|5\n|\n|t:|1776615140\n|move|p1a: Sinistcha|Protect|p1a: Sinistcha\n|-singleturn|p1a: Sinistcha|Protect\n|move|p2a: Ryoiki Tenkai|Hyper Voice|p1b: Blastoise|[spread] p1b\n|-activate|p1a: Sinistcha|move: Protect\n|-damage|p1b: Blastoise|24/100\n|move|p2b: Basculegion|Last Respects|p1a: Sinistcha\n|-activate|p1a: Sinistcha|move: Protect\n|move|p1b: Blastoise|Dark Pulse|p2b: Basculegion\n|-supereffective|p2b: Basculegion|1\n|-damage|p2b: Basculegion|1/100\n|\n|-weather|none\n|-fieldend|move: Trick Room\n|upkeep\n|turn|6\n|inactive|insanipapu has 30 seconds left.\n|inactive|SDLT 2KRL March has 30 seconds left.\n|\n|t:|1776615169\n|switch|p1a: Sneasler|Sneasler, L50, M|100/100\n|move|p2b: Basculegion|Protect|p2b: Basculegion\n|-singleturn|p2b: Basculegion|Protect\n|move|p1b: Blastoise|Dark Pulse|p2b: Basculegion\n|-activate|p2b: Basculegion|move: Protect\n|move|p2a: Ryoiki Tenkai|Hyper Voice|p1a: Sneasler|[spread] p1a,p1b\n|-damage|p1a: Sneasler|51/100\n|-damage|p1b: Blastoise|0 fnt\n|faint|p1b: Blastoise\n|\n|upkeep\n|\n|t:|1776615187\n|switch|p1b: Sinistcha|Sinistcha, L50|100/100\n|-heal|p1a: Sneasler|76/100|[from] ability: Hospitality|[of] p1b: Sinistcha\n|turn|7\n|inactive|SDLT 2KRL March has 30 seconds left.\n|inactive|SDLT 2KRL March has 20 seconds left.\n|inactive|SDLT 2KRL March has 15 seconds left.\n|\n|t:|1776615228\n|move|p1b: Sinistcha|Protect|p1b: Sinistcha\n|-singleturn|p1b: Sinistcha|Protect\n|move|p1a: Sneasler|Fake Out||[still]\n|cant|p2a: Ryoiki Tenkai|ability: Armor Tail|Fake Out|[of] p1a: Sneasler\n|move|p2b: Basculegion|Last Respects|p1b: Sinistcha\n|-activate|p1b: Sinistcha|move: Protect\n|move|p2a: Ryoiki Tenkai|Psychic|p1a: Sneasler\n|-supereffective|p1a: Sneasler|2\n|-damage|p1a: Sneasler|0 fnt\n|faint|p1a: Sneasler\n|\n|upkeep\n|\n|t:|1776615241\n|switch|p1a: Pelipper|Pelipper, L50, F|47/100\n|-weather|RainDance|[from] ability: Drizzle|[of] p1a: Pelipper\n|turn|8\n|\n|t:|1776615256\n|move|p2b: Basculegion|Last Respects|p1b: Sinistcha\n|-supereffective|p1b: Sinistcha|1\n|-crit|p1b: Sinistcha\n|-damage|p1b: Sinistcha|0 fnt\n|faint|p1b: Sinistcha\n|move|p1a: Pelipper|Weather Ball|p2b: Basculegion\n|-resisted|p2b: Basculegion|1\n|-damage|p2b: Basculegion|0 fnt\n|faint|p2b: Basculegion\n|move|p2a: Ryoiki Tenkai|Hyper Voice|p1a: Pelipper\n|-damage|p1a: Pelipper|0 fnt\n|faint|p1a: Pelipper\n|\n|win|SDLT 2KRL March\n|raw|insanipapu's rating: 1075 &rarr; <strong>1055</strong><br />(-20 for losing)\n|raw|SDLT 2KRL March's rating: 1088 &rarr; <strong>1114</strong><br />(+26 for winning)\n",
  "uploadtime": 1776615256,
  "views": 7,
  "formatid": "gen9championsvgc2026regma",
  "rating": 1055,
  "private": 0,
  "password": null
}