{
  "id": "gen9championsvgc2026regma-2585390570",
  "format": "[Gen 9 Champions] VGC 2026 Reg M-A",
  "players": [
    "Keyan_Sans",
    "bomberojohn"
  ],
  "log": "|j|\u2606Keyan_Sans\n|j|\u2606bomberojohn\n|t:|1776343755\n|gametype|doubles\n|player|p1|Keyan_Sans|hugh|1222\n|player|p2|bomberojohn|rancher|1259\n|gen|9\n|tier|[Gen 9 Champions] VGC 2026 Reg M-A\n|rated|\n|rule|Species Clause: Limit one of each Pok\u00e9mon\n|rule|Item Clause: Limit 1 of each item\n|clearpoke\n|poke|p1|Dragonite, L50, M|\n|poke|p1|Pelipper, L50, F|\n|poke|p1|Basculegion, L50, M|\n|poke|p1|Archaludon, L50, M|\n|poke|p1|Sneasler, L50, F|\n|poke|p1|Maushold-Four, L50|\n|poke|p2|Dragapult, L50, M|\n|poke|p2|Kingambit, L50, M|\n|poke|p2|Sneasler, L50, M|\n|poke|p2|Maushold-Four, L50|\n|poke|p2|Charizard, L50, M|\n|poke|p2|Garchomp, L50, F|\n|teampreview|4\nKeyan_Sans rejected open team sheets.\n|inactive|Battle timer is ON: inactive players will automatically lose when time's up. (requested by Keyan_Sans)\n|\n|t:|1776343783\n|teamsize|p1|4\n|teamsize|p2|4\n|start\n|switch|p1a: Pelipper|Pelipper, L50, F|100/100\n|switch|p1b: Maushold|Maushold-Four, L50|100/100\n|switch|p2a: Kingambit|Kingambit, L50, M|100/100\n|switch|p2b: Sneasler|Sneasler, L50, M|100/100\n|-ability|p2b: Sneasler|Pressure\n|-weather|RainDance|[from] ability: Drizzle|[of] p1a: Pelipper\n|turn|1\n|\n|t:|1776343799\n|move|p1b: Maushold|Protect|p1b: Maushold\n|-singleturn|p1b: Maushold|Protect\n|move|p1a: Pelipper|Protect|p1a: Pelipper\n|-singleturn|p1a: Pelipper|Protect\n|move|p2b: Sneasler|Fake Out|p1a: Pelipper\n|-activate|p1a: Pelipper|move: Protect\n|move|p2a: Kingambit|Iron Head|p1b: Maushold\n|-activate|p1b: Maushold|move: Protect\n|\n|-weather|RainDance|[upkeep]\n|upkeep\n|turn|2\n|inactive|Keyan_Sans has 30 seconds left.\n|\n|t:|1776343825\n|switch|p2b: Dragapult|Dragapult, L50, M|100/100\n|switch|p1b: Archaludon|Archaludon, L50, M|100/100\n|move|p1a: Pelipper|Tailwind|p1a: Pelipper\n|-sidestart|p1: Keyan_Sans|move: Tailwind\n|move|p2a: Kingambit|Kowtow Cleave|p1b: Archaludon\n|-damage|p1b: Archaludon|50/100\n|-ability|p1b: Archaludon|Stamina|boost\n|-boost|p1b: Archaludon|def|1\n|\n|-weather|RainDance|[upkeep]\n|-heal|p1b: Archaludon|56/100|[from] item: Leftovers\n|upkeep\n|turn|3\n|inactive|bomberojohn has 30 seconds left.\n|\n|t:|1776343860\n|switch|p1a: Maushold|Maushold-Four, L50|100/100\n|move|p2a: Kingambit|Sucker Punch||[still]\n|-fail|p2a: Kingambit\n|move|p1b: Archaludon|Electro Shot||[still]\n|-prepare|p1b: Archaludon|Electro Shot\n|-boost|p1b: Archaludon|spa|1\n|-anim|p1b: Archaludon|Electro Shot|p2a: Kingambit\n|-damage|p2a: Kingambit|37/100\n|move|p2b: Dragapult|Draco Meteor|p1a: Maushold\n|-damage|p1a: Maushold|39/100\n|-unboost|p2b: Dragapult|spa|2\n|\n|-weather|RainDance|[upkeep]\n|-heal|p1b: Archaludon|62/100|[from] item: Leftovers\n|upkeep\n|turn|4\n|inactive|bomberojohn has 30 seconds left.\n|inactive|bomberojohn has 20 seconds left.\n|\n|t:|1776343897\n|move|p1a: Maushold|Population Bomb|p1b: Archaludon\n|-resisted|p1b: Archaludon|1\n|-damage|p1b: Archaludon|60/100\n|-ability|p1b: Archaludon|Stamina|boost\n|-boost|p1b: Archaludon|def|1\n|-resisted|p1b: Archaludon|1\n|-damage|p1b: Archaludon|60/100\n|-ability|p1b: Archaludon|Stamina|boost\n|-boost|p1b: Archaludon|def|1\n|-resisted|p1b: Archaludon|1\n|-crit|p1b: Archaludon\n|-damage|p1b: Archaludon|57/100\n|-ability|p1b: Archaludon|Stamina|boost\n|-boost|p1b: Archaludon|def|1\n|-resisted|p1b: Archaludon|1\n|-damage|p1b: Archaludon|57/100\n|-ability|p1b: Archaludon|Stamina|boost\n|-boost|p1b: Archaludon|def|1\n|-resisted|p1b: Archaludon|1\n|-damage|p1b: Archaludon|56/100\n|-ability|p1b: Archaludon|Stamina|boost\n|-boost|p1b: Archaludon|def|1\n|-resisted|p1b: Archaludon|1\n|-damage|p1b: Archaludon|56/100\n|-hitcount|p1b: Archaludon|6\n|move|p1b: Archaludon|Electro Shot||[still]\n|-prepare|p1b: Archaludon|Electro Shot\n|-boost|p1b: Archaludon|spa|1\n|-anim|p1b: Archaludon|Electro Shot|p2a: Kingambit\n|-damage|p2a: Kingambit|0 fnt\n|faint|p2a: Kingambit\n|move|p2b: Dragapult|Shadow Ball|p1b: Archaludon\n|-damage|p1b: Archaludon|40/100\n|\n|-weather|RainDance|[upkeep]\n|-heal|p1b: Archaludon|47/100|[from] item: Leftovers\n|upkeep\n|\n|t:|1776343906\n|switch|p2a: Sneasler|Sneasler, L50, M|100/100\n|-ability|p2a: Sneasler|Pressure\n|turn|5\n|\n|t:|1776343924\n|move|p1a: Maushold|Protect|p1a: Maushold\n|-singleturn|p1a: Maushold|Protect\n|move|p1b: Archaludon|Protect|p1b: Archaludon\n|-singleturn|p1b: Archaludon|Protect\n|move|p2b: Dragapult|Will-O-Wisp|p1b: Archaludon\n|-activate|p1b: Archaludon|move: Protect\n|move|p2a: Sneasler|Close Combat|p1a: Maushold\n|-activate|p1a: Maushold|move: Protect\n|\n|-weather|none\n|-heal|p1b: Archaludon|53/100|[from] item: Leftovers\n|-sideend|p1: Keyan_Sans|move: Tailwind\n|upkeep\n|turn|6\n|\n|t:|1776343939\n|move|p1a: Maushold|Follow Me|p1a: Maushold\n|-singleturn|p1a: Maushold|move: Follow Me\n|move|p2b: Dragapult|Will-O-Wisp|p1a: Maushold\n|-status|p1a: Maushold|brn\n|move|p2a: Sneasler|Close Combat|p1a: Maushold\n|-supereffective|p1a: Maushold|1\n|-damage|p1a: Maushold|0 fnt\n|-unboost|p2a: Sneasler|def|1\n|-unboost|p2a: Sneasler|spd|1\n|faint|p1a: Maushold\n|move|p1b: Archaludon|Dragon Pulse|p2a: Sneasler\n|-enditem|p2a: Sneasler|Focus Sash\n|-damage|p2a: Sneasler|1/100\n|\n|-heal|p1b: Archaludon|59/100|[from] item: Leftovers\n|upkeep\n|\n|t:|1776343946\n|switch|p1a: Pelipper|Pelipper, L50, F|100/100\n|-weather|RainDance|[from] ability: Drizzle|[of] p1a: Pelipper\n|turn|7\n|inactive|bomberojohn has 30 seconds left.\n|\n|t:|1776343975\n|switch|p2b: Charizard|Charizard, L50, M, shiny|100/100\n|move|p1b: Archaludon|Protect|p1b: Archaludon\n|-singleturn|p1b: Archaludon|Protect\n|move|p2a: Sneasler|Feint|p1b: Archaludon\n|-activate|p1b: Archaludon|move: Feint\n|-resisted|p1b: Archaludon|1\n|-damage|p1b: Archaludon|57/100\n|move|p1a: Pelipper|Tailwind|p1a: Pelipper\n|-sidestart|p1: Keyan_Sans|move: Tailwind\n|\n|-weather|RainDance|[upkeep]\n|-heal|p1b: Archaludon|64/100|[from] item: Leftovers\n|upkeep\n|turn|8\n|\n|t:|1776343995\n|switch|p1a: Basculegion|Basculegion, L50, M|100/100\n|detailschange|p2b: Charizard|Charizard-Mega-Y, L50, M, shiny\n|-mega|p2b: Charizard|Charizard|Charizardite Y\n|-weather|SunnyDay|[from] ability: Drought|[of] p2b: Charizard\n|move|p1b: Archaludon|Dragon Pulse|p2b: Charizard\n|-damage|p2b: Charizard|28/100\n|move|p2a: Sneasler|Close Combat|p1b: Archaludon\n|-supereffective|p1b: Archaludon|1\n|-damage|p1b: Archaludon|34/100\n|-unboost|p2a: Sneasler|def|1\n|-unboost|p2a: Sneasler|spd|1\n|move|p2b: Charizard|Heat Wave|p1b: Archaludon|[spread] p1a,p1b\n|-resisted|p1a: Basculegion|1\n|-damage|p1a: Basculegion|61/100\n|-damage|p1b: Archaludon|0 fnt\n|faint|p1b: Archaludon\n|\n|-weather|SunnyDay|[upkeep]\n|upkeep\n|\n|t:|1776343997\n|switch|p1b: Pelipper|Pelipper, L50, F|100/100\n|-weather|RainDance|[from] ability: Drizzle|[of] p1b: Pelipper\n|turn|9\n|\n|t:|1776344019\n|switch|p2b: Dragapult|Dragapult, L50, M|100/100\n|move|p1a: Basculegion|Aqua Jet|p2a: Sneasler\n|-crit|p2a: Sneasler\n|-damage|p2a: Sneasler|0 fnt\n|faint|p2a: Sneasler\n|move|p1b: Pelipper|Hurricane|p2b: Dragapult\n|-damage|p2b: Dragapult|44/100\n|-start|p2b: Dragapult|confusion\n|-enditem|p2b: Dragapult|Lum Berry|[eat]\n|-end|p2b: Dragapult|confusion\n|\n|-weather|RainDance|[upkeep]\n|upkeep\n|\n|t:|1776344030\n|switch|p2a: Charizard|Charizard-Mega-Y, L50, M, shiny|28/100\n|-weather|SunnyDay|[from] ability: Drought|[of] p2a: Charizard\n|turn|10\n|\n|t:|1776344045\n|move|p2a: Charizard|Protect|p2a: Charizard\n|-singleturn|p2a: Charizard|Protect\n|move|p1a: Basculegion|Aqua Jet|p2a: Charizard\n|-activate|p2a: Charizard|move: Protect\n|move|p2b: Dragapult|Shadow Ball|p1a: Basculegion\n|-supereffective|p1a: Basculegion|1\n|-damage|p1a: Basculegion|2/100\n|move|p1b: Pelipper|Hurricane|p2b: Dragapult|[miss]\n|-miss|p1b: Pelipper|p2b: Dragapult\n|\n|-weather|SunnyDay|[upkeep]\n|-sideend|p1: Keyan_Sans|move: Tailwind\n|upkeep\n|turn|11\n|\n|t:|1776344068\n|move|p1a: Basculegion|Aqua Jet|p2a: Charizard\n|-supereffective|p2a: Charizard|1\n|-damage|p2a: Charizard|0 fnt\n|faint|p2a: Charizard\n|move|p2b: Dragapult|Draco Meteor|p1b: Pelipper\n|-damage|p1b: Pelipper|53/100\n|-unboost|p2b: Dragapult|spa|2\n|move|p1b: Pelipper|Hurricane|p2b: Dragapult\n|-damage|p2b: Dragapult|0 fnt\n|faint|p2b: Dragapult\n|\n|win|Keyan_Sans\n|raw|Keyan_Sans's rating: 1246 &rarr; <strong>1272</strong><br />(+26 for winning)\n|raw|bomberojohn's rating: 1259 &rarr; <strong>1233</strong><br />(-26 for losing)\n",
  "uploadtime": 1776344071,
  "views": 38,
  "formatid": "gen9championsvgc2026regma",
  "rating": 1233,
  "private": 0,
  "password": null
}