{
  "id": "gen9championsvgc2026regma-2587336244",
  "format": "[Gen 9 Champions] VGC 2026 Reg M-A",
  "players": [
    "flaemm",
    "Crispytoesss"
  ],
  "log": "|j|\u2606flaemm\n|j|\u2606Crispytoesss\n|t:|1776523155\n|gametype|doubles\n|player|p1|flaemm|alder|\n|player|p2|Crispytoesss|silver|\n|gen|9\n|tier|[Gen 9 Champions] VGC 2026 Reg M-A\n|rule|Species Clause: Limit one of each Pok\u00e9mon\n|rule|Item Clause: Limit 1 of each item\n|clearpoke\n|poke|p1|Meowstic, L50, M|\n|poke|p1|Incineroar, L50, M|\n|poke|p1|Maushold-Four, L50|\n|poke|p1|Aegislash, L50, M|\n|poke|p1|Alakazam, L50, F, shiny|\n|poke|p1|Aerodactyl, L50, M|\n|poke|p2|Pidgeot, L50, M, shiny|\n|poke|p2|Farigiraf, L50, M|\n|poke|p2|Incineroar, L50, M|\n|poke|p2|Basculegion, L50, M|\n|poke|p2|Dragapult, L50, F, shiny|\n|poke|p2|Sneasler, L50, M, shiny|\n|teampreview|4\nflaemm has agreed to open team sheets.\nCrispytoesss has agreed to open team sheets.\n|showteam|p1|Meowstic||MentalHerb|Prankster|FakeOut,PsychicTerrain,HelpingHand,BatonPass|||M|||50|]Incineroar||SitrusBerry|Intimidate|FakeOut,FlareBlitz,CloseCombat,PartingShot|||M|||50|]Maushold-Four||ChopleBerry|FriendGuard|FollowMe,SuperFang,HelpingHand,Protect||||||50|]Aegislash||SpellTag|StanceChange|Poltergeist,SacredSword,KingsShield,WideGuard|||M|||50|]Alakazam||Alakazite|InnerFocus|ExpandingForce,DazzlingGleam,Substitute,Protect|||F|||50|]Aerodactyl||FocusSash|Unnerve|Tailwind,RockSlide,DualWingbeat,Protect|||M|||50|\n|showteam|p2|Pidgeot||Pidgeotite|BigPecks|Hurricane,HeatWave,Protect,Tailwind|||M|||50|]Farigiraf||MentalHerb|ArmorTail|Imprison,TrickRoom,CalmMind,TwinBeam|||M|||50|]Incineroar||ChopleBerry|Intimidate|FakeOut,PartingShot,ThroatChop,WillOWisp|||M|||50|]Basculegion||ChoiceScarf|Adaptability|LastRespects,AquaJet,WaveCrash,FlipTurn|||M|||50|]Dragapult||DragonFang|ClearBody|DragonDance,DragonDarts,PhantomForce,Protect|||F|||50|]Sneasler||FocusSash|Unburden|DireClaw,Protect,CloseCombat,FakeOut|||M|||50|\n|\n|t:|1776523228\n|teamsize|p1|4\n|teamsize|p2|4\n|start\n|switch|p1a: Meowstic|Meowstic, L50, M|100/100\n|switch|p1b: Alakazam|Alakazam, L50, F, shiny|100/100\n|switch|p2a: Incineroar|Incineroar, L50, M|100/100\n|switch|p2b: piss jet|Dragapult, L50, F, shiny|100/100\n|-ability|p2a: Incineroar|Intimidate|boost\n|-unboost|p1a: Meowstic|atk|1\n|-fail|p1b: Alakazam|unboost|Attack|[from] ability: Inner Focus|[of] p1b: Alakazam\n|turn|1\n|\n|t:|1776523249\n|move|p2a: Incineroar|Fake Out|p1a: Meowstic\n|-damage|p1a: Meowstic|88/100\n|cant|p1a: Meowstic|flinch\n|move|p2b: piss jet|Dragon Dance|p2b: piss jet\n|-boost|p2b: piss jet|atk|1\n|-boost|p2b: piss jet|spe|1\n|move|p1b: Alakazam|Substitute|p1b: Alakazam\n|-start|p1b: Alakazam|Substitute\n|-damage|p1b: Alakazam|76/100\n|\n|upkeep\n|turn|2\n|\n|t:|1776523267\n|detailschange|p1b: Alakazam|Alakazam-Mega, L50, F, shiny\n|-mega|p1b: Alakazam|Alakazam|Alakazite\n|-ability|p1b: Alakazam|Clear Body|Trace|[from] ability: Trace|[of] p2b: piss jet\n|move|p1a: Meowstic|Baton Pass|p1a: Meowstic\n|\n|t:|1776523275\n|switch|p1a: Maushold|Maushold-Four, L50|100/100|[from] Baton Pass\n|move|p2b: piss jet|Phantom Force||[still]\n|-prepare|p2b: piss jet|Phantom Force\n|move|p1b: Alakazam|Dazzling Gleam|p2a: Incineroar|[spread] p2a\n|-miss|p1b: Alakazam|p2b: piss jet\n|-damage|p2a: Incineroar|79/100\n|move|p2a: Incineroar|Throat Chop|p1b: Alakazam\n|-supereffective|p1b: Alakazam|1\n|-end|p1b: Alakazam|Substitute\n|\n|upkeep\n|turn|3\n|\n|t:|1776523290\n|switch|p1b: Aegislash|Aegislash, L50, M|100/100\n|move|p1a: Maushold|Follow Me|p1a: Maushold\n|-singleturn|p1a: Maushold|move: Follow Me\n|move|p2b: piss jet|Phantom Force|p1a: Maushold|[from] lockedmove\n|-immune|p1a: Maushold\n|move|p2a: Incineroar|Throat Chop|p1a: Maushold\n|-damage|p1a: Maushold|72/100\n|-start|p1a: Maushold|Throat Chop|[silent]\n|\n|upkeep\n|turn|4\n|\n|t:|1776523327\n|move|p1a: Maushold|Follow Me|p1a: Maushold\n|-singleturn|p1a: Maushold|move: Follow Me\n|move|p2b: piss jet|Dragon Darts|p1a: Maushold\n|-crit|p1a: Maushold\n|-damage|p1a: Maushold|12/100\n|-anim|p2b: piss jet|Dragon Darts|p1a: Maushold\n|-damage|p1a: Maushold|0 fnt\n|faint|p1a: Maushold\n|-formechange|p1b: Aegislash|Aegislash-Blade|\n|move|p1b: Aegislash|Sacred Sword|p2a: Incineroar\n|-supereffective|p2a: Incineroar|1\n|-enditem|p2a: Incineroar|Chople Berry|[eat]\n|-enditem|p2a: Incineroar|Chople Berry|[weaken]\n|-damage|p2a: Incineroar|55/100\n|move|p2a: Incineroar|Will-O-Wisp|p1b: Aegislash\n|-status|p1b: Aegislash|brn\n|\n|-damage|p1b: Aegislash|95/100 brn|[from] brn\n|upkeep\n|\n|t:|1776523345\n|switch|p1a: Meowstic|Meowstic, L50, M|88/100\n|turn|5\n|\n|t:|1776523371\n|-formechange|p1b: Aegislash|Aegislash|\n|move|p1b: Aegislash|King's Shield|p1b: Aegislash\n|-singleturn|p1b: Aegislash|Protect\n|move|p1a: Meowstic|Psychic Terrain|p1a: Meowstic\n|-fieldstart|move: Psychic Terrain\n|move|p2b: piss jet|Phantom Force||[still]\n|-prepare|p2b: piss jet|Phantom Force\n|move|p2a: Incineroar|Throat Chop|p1b: Aegislash\n|-activate|p1b: Aegislash|move: Protect\n|-unboost|p2a: Incineroar|atk|1\n|\n|-damage|p1b: Aegislash|89/100 brn|[from] brn\n|upkeep\n|turn|6\n|\n|t:|1776523398\n|move|p1a: Meowstic|Helping Hand|p1b: Aegislash\n|-singleturn|p1b: Aegislash|Helping Hand|[of] p1a: Meowstic\n|move|p2b: piss jet|Phantom Force|p1a: Meowstic|[from] lockedmove\n|-supereffective|p1a: Meowstic|1\n|-damage|p1a: Meowstic|0 fnt\n|faint|p1a: Meowstic\n|-formechange|p1b: Aegislash|Aegislash-Blade|\n|move|p1b: Aegislash|Poltergeist|p2b: piss jet\n|-activate|p2b: piss jet|move: Poltergeist|Dragon Fang\n|-supereffective|p2b: piss jet|1\n|-damage|p2b: piss jet|0 fnt\n|faint|p2b: piss jet\n|move|p2a: Incineroar|Throat Chop|p1b: Aegislash\n|-supereffective|p1b: Aegislash|1\n|-damage|p1b: Aegislash|9/100 brn\n|-start|p1b: Aegislash|Throat Chop|[silent]\n|\n|-damage|p1b: Aegislash|3/100 brn|[from] brn\n|upkeep\n|\n|t:|1776523418\n|switch|p2b: piss birb|Pidgeot, L50, M, shiny|100/100\n|switch|p1a: Alakazam|Alakazam-Mega, L50, F, shiny|76/100\n|-ability|p1a: Alakazam|Big Pecks|Trace|[from] ability: Trace|[of] p2b: piss birb\n|turn|7\n|\n|t:|1776523440\n|move|p2b: piss birb|Protect|p2b: piss birb\n|-singleturn|p2b: piss birb|Protect\n|move|p1b: Aegislash|Wide Guard|p1b: Aegislash\n|-singleturn|p1b: Aegislash|Wide Guard\n|move|p1a: Alakazam|Expanding Force|p2b: piss birb|[spread] \n|-activate|p2b: piss birb|move: Protect\n|-immune|p2a: Incineroar\n|move|p2a: Incineroar|Throat Chop|p1a: Alakazam\n|-supereffective|p1a: Alakazam|1\n|-damage|p1a: Alakazam|9/100\n|-start|p1a: Alakazam|Throat Chop|[silent]\n|\n|-damage|p1b: Aegislash|0 fnt|[from] brn\n|faint|p1b: Aegislash\n|upkeep\n|turn|8\n|\n|t:|1776523459\n|detailschange|p2b: piss birb|Pidgeot-Mega, L50, M, shiny\n|-mega|p2b: piss birb|Pidgeot|Pidgeotite\n|move|p1a: Alakazam|Expanding Force|p2b: piss birb|[spread] p2b\n|-immune|p2a: Incineroar\n|-damage|p2b: piss birb|0 fnt\n|faint|p2b: piss birb\n|move|p2a: Incineroar|Throat Chop|p1a: Alakazam\n|-supereffective|p1a: Alakazam|1\n|-damage|p1a: Alakazam|0 fnt\n|faint|p1a: Alakazam\n|\n|win|Crispytoesss\n|l|\u2606flaemm\n|player|p1|\n",
  "uploadtime": 1776523472,
  "views": 26,
  "formatid": "gen9championsvgc2026regma",
  "rating": null,
  "private": 0,
  "password": null
}