{
  "id": "gen9championsvgc2026regma-2580697533",
  "format": "[Gen 9 Champions] VGC 2026 Reg M-A",
  "players": [
    "atfalse",
    "OctarineFire"
  ],
  "log": "|j|\u2606atfalse\n|j|\u2606OctarineFire\n|t:|1775925130\n|gametype|doubles\n|player|p1|atfalse|shadowtriad|1202\n|player|p2|OctarineFire|lass-gen4|1248\n|gen|9\n|tier|[Gen 9 Champions] VGC 2026 Reg M-A\n|rated|\n|rule|Species Clause: Limit one of each Pok\u00e9mon\n|rule|Item Clause: Limit 1 of each item\n|clearpoke\n|poke|p1|Maushold, L50|\n|poke|p1|Garchomp, L50, M|\n|poke|p1|Rotom-Wash, L50|\n|poke|p1|Floette-Eternal, L50, F|\n|poke|p1|Talonflame, L50, F|\n|poke|p1|Aegislash, L50, F|\n|poke|p2|Incineroar, L50, F|\n|poke|p2|Farigiraf, L50, M|\n|poke|p2|Primarina, L50, F|\n|poke|p2|Tyranitar, L50, F|\n|poke|p2|Meganium, L50, F|\n|poke|p2|Sneasler, L50, F|\n|teampreview|4\n|inactive|Battle timer is ON: inactive players will automatically lose when time's up. (requested by OctarineFire)\nOctarineFire rejected open team sheets.\n|inactive|atfalse has 60 seconds left.\n|inactive|OctarineFire has 60 seconds left.\n|j| gE1xjZRtuhW2DdT0AK\n|inactive|atfalse has 30 seconds left.\n|inactive|atfalse has 20 seconds left.\n|inactive|atfalse has 15 seconds left.\n|inactive|atfalse has 10 seconds left.\n|\n|t:|1775925213\n|teamsize|p1|4\n|teamsize|p2|4\n|start\n|switch|p1a: Floette|Floette-Eternal, L50, F|100/100\n|switch|p1b: Maushold|Maushold, L50|100/100\n|switch|p2a: Sneasler|Sneasler, L50, F|100/100\n|switch|p2b: Farigiraf|Farigiraf, L50, M|100/100\n|turn|1\n|j| KNGredpanda\n|\n|t:|1775925236\n|detailschange|p1a: Floette|Floette-Mega, L50, F\n|-mega|p1a: Floette|Floette|Floettite\n|-ability|p1a: Floette|Fairy Aura\n|move|p1b: Maushold|Follow Me|p1b: Maushold\n|-singleturn|p1b: Maushold|move: Follow Me\n|move|p2a: Sneasler|Taunt|p1b: Maushold\n|-start|p1b: Maushold|move: Taunt\n|move|p1a: Floette|Moonblast|p2a: Sneasler\n|-damage|p2a: Sneasler|0 fnt\n|faint|p2a: Sneasler\n|move|p2b: Farigiraf|Reflect|p2b: Farigiraf\n|-sidestart|p2: OctarineFire|Reflect\n|\n|upkeep\n|\n|t:|1775925253\n|switch|p2a: Meganium|Meganium, L50, F|100/100\n|turn|2\n|l| KNGredpanda\n|\n|t:|1775925269\n|detailschange|p2a: Meganium|Meganium-Mega, L50, F\n|-mega|p2a: Meganium|Meganium|Meganiumite\n|move|p1b: Maushold|Super Fang|p2a: Meganium\n|-damage|p2a: Meganium|51/100\n|move|p1a: Floette|Moonblast|p2a: Meganium\n|-damage|p2a: Meganium|0 fnt\n|faint|p2a: Meganium\n|move|p2b: Farigiraf|Trick Room|p2b: Farigiraf\n|-fieldstart|move: Trick Room|[of] p2b: Farigiraf\n|\n|upkeep\n|\n|t:|1775925278\n|switch|p2a: Primarina|Primarina, L50, F|100/100\n|turn|3\n|\n|t:|1775925294\n|switch|p1b: Rotom|Rotom-Wash, L50|100/100\n|move|p1a: Floette|Protect|p1a: Floette\n|-singleturn|p1a: Floette|Protect\n|move|p2a: Primarina|Moonblast|p1a: Floette\n|-activate|p1a: Floette|move: Protect\n|move|p2b: Farigiraf|Hyper Voice|p1b: Rotom|[spread] p1b\n|-activate|p1a: Floette|move: Protect\n|-damage|p1b: Rotom|74/100\n|\n|upkeep\n|turn|4\n|\n|t:|1775925312\n|move|p2b: Farigiraf|Ally Switch|p2b: Farigiraf\n|swap|p2b: Farigiraf|0|[from] move: Ally Switch\n|move|p2b: Primarina|Moonblast|p1b: Rotom\n|-damage|p1b: Rotom|0 fnt\n|faint|p1b: Rotom\n|move|p1a: Floette|Dazzling Gleam|p2b: Primarina|[spread] p2a,p2b\n|-damage|p2a: Farigiraf|62/100\n|-damage|p2b: Primarina|60/100\n|\n|-heal|p2b: Primarina|66/100|[from] item: Leftovers\n|upkeep\n|\n|t:|1775925322\n|switch|p1b: Maushold|Maushold, L50|100/100\n|turn|5\n|inactive|atfalse has 30 seconds left.\n|\n|t:|1775925349\n|move|p1a: Floette|Protect|p1a: Floette\n|-singleturn|p1a: Floette|Protect\n|move|p1b: Maushold|Protect|p1b: Maushold\n|-singleturn|p1b: Maushold|Protect\n|move|p2b: Primarina|Hyper Voice|p1b: Maushold|[spread] \n|-activate|p1a: Floette|move: Protect\n|-activate|p1b: Maushold|move: Protect\n|move|p2a: Farigiraf|Hyper Voice|p1a: Floette|[spread] \n|-activate|p1a: Floette|move: Protect\n|-activate|p1b: Maushold|move: Protect\n|\n|-heal|p2b: Primarina|72/100|[from] item: Leftovers\n|-sideend|p2: OctarineFire|Reflect\n|upkeep\n|turn|6\n|inactive|atfalse has 30 seconds left.\n|\n|t:|1775925377\n|move|p2a: Farigiraf|Hyper Voice|p1a: Floette|[spread] p1a,p1b\n|-damage|p1a: Floette|88/100\n|-damage|p1b: Maushold|71/100\n|move|p2b: Primarina|Moonblast|p1a: Floette\n|-damage|p1a: Floette|48/100\n|move|p1a: Floette|Dazzling Gleam|p2a: Farigiraf|[spread] p2a,p2b\n|-damage|p2a: Farigiraf|22/100\n|-damage|p2b: Primarina|29/100\n|move|p1b: Maushold|Super Fang|p2a: Farigiraf|[miss]\n|-miss|p1b: Maushold|p2a: Farigiraf\n|\n|-heal|p2b: Primarina|35/100|[from] item: Leftovers\n|-fieldend|move: Trick Room\n|upkeep\n|turn|7\n|inactive|atfalse has 30 seconds left.\n|inactive|OctarineFire has 30 seconds left.\n|\n|t:|1775925402\n|move|p1b: Maushold|Taunt|p2b: Primarina\n|-start|p2b: Primarina|move: Taunt\n|move|p1a: Floette|Dazzling Gleam|p2a: Farigiraf|[spread] p2a,p2b\n|-crit|p2a: Farigiraf\n|-damage|p2a: Farigiraf|0 fnt\n|-damage|p2b: Primarina|0 fnt\n|faint|p2a: Farigiraf\n|faint|p2b: Primarina\n|\n|win|atfalse\n|raw|atfalse's rating: 1202 &rarr; <strong>1230</strong><br />(+28 for winning)\n|raw|OctarineFire's rating: 1248 &rarr; <strong>1220</strong><br />(-28 for losing)\n|l|\u2606atfalse\n|player|p1|\n|c|\u2606OctarineFire|gg\n",
  "uploadtime": 1775925425,
  "views": 58,
  "formatid": "gen9championsvgc2026regma",
  "rating": 1220,
  "private": 0,
  "password": null
}