{
  "id": "gen9championsvgc2026regma-2585955443",
  "format": "[Gen 9 Champions] VGC 2026 Reg M-A",
  "players": [
    "YugePower",
    "Phillip Blevin"
  ],
  "log": "|j|\u2606YugePower\n|j|\u2606Phillip Blevin\n|t:|1776384831\n|gametype|doubles\n|player|p1|YugePower|266|1136\n|player|p2|Phillip Blevin|cynthia-masters4|1228\n|gen|9\n|tier|[Gen 9 Champions] VGC 2026 Reg M-A\n|rated|\n|rule|Species Clause: Limit one of each Pok\u00e9mon\n|rule|Item Clause: Limit 1 of each item\n|clearpoke\n|poke|p1|Dragonite, L50, F|\n|poke|p1|Politoed, L50, F|\n|poke|p1|Aerodactyl, L50, F|\n|poke|p1|Corviknight, L50, F|\n|poke|p1|Chesnaught, L50, F|\n|poke|p1|Slowbro, L50, F|\n|poke|p2|Tyranitar, L50, M|\n|poke|p2|Incineroar, L50, M|\n|poke|p2|Chesnaught, L50, F|\n|poke|p2|Sinistcha, L50|\n|poke|p2|Rotom-Wash, L50|\n|poke|p2|Garchomp, L50, M|\n|teampreview|4\n|inactive|Battle timer is ON: inactive players will automatically lose when time's up. (requested by Phillip Blevin)\nPhillip Blevin has agreed to open team sheets.\n|inactive|YugePower has 60 seconds left.\n|inactive|Phillip Blevin has 60 seconds left.\n|inactive|YugePower has 30 seconds left.\n|inactive|YugePower has 20 seconds left.\n|inactive|YugePower has 15 seconds left.\n|inactive|YugePower has 10 seconds left.\n|inactive|YugePower has 5 seconds left.\n|\n|t:|1776384918\n|teamsize|p1|4\n|teamsize|p2|4\n|start\n|switch|p1a: Corviknight|Corviknight, L50, F|100/100\n|switch|p1b: Politoed|Politoed, L50, F|100/100\n|switch|p2a: Rotom|Rotom-Wash, L50|100/100\n|switch|p2b: Garchomp|Garchomp, L50, M|100/100\n|-weather|RainDance|[from] ability: Drizzle|[of] p1b: Politoed\n|turn|1\n|inactive|YugePower has 30 seconds left.\n|inactive|YugePower has 20 seconds left.\n|inactive|YugePower has 15 seconds left.\n|inactive|YugePower has 10 seconds left.\n|\n|t:|1776384967\n|switch|p1b: Chesnaught|Chesnaught, L50, F|100/100\n|move|p2b: Garchomp|Protect|p2b: Garchomp\n|-singleturn|p2b: Garchomp|Protect\n|move|p2a: Rotom|Electroweb|p1b: Chesnaught|[spread] p1a,p1b\n|-supereffective|p1a: Corviknight|1\n|-crit|p1a: Corviknight\n|-resisted|p1b: Chesnaught|1\n|-damage|p1a: Corviknight|53/100\n|-damage|p1b: Chesnaught|91/100\n|-ability|p1a: Corviknight|Mirror Armor\n|-unboost|p2a: Rotom|spe|1\n|-unboost|p1b: Chesnaught|spe|1\n|move|p1a: Corviknight|Tailwind|p1a: Corviknight\n|-sidestart|p1: YugePower|move: Tailwind\n|\n|-weather|RainDance|[upkeep]\n|upkeep\n|turn|2\n|inactive|YugePower has 30 seconds left.\n|inactive|YugePower has 20 seconds left.\n|inactive|YugePower has 15 seconds left.\n|inactive|YugePower has 10 seconds left.\n|\n|t:|1776385015\n|switch|p2b: Incineroar|Incineroar, L50, M|100/100\n|-ability|p2b: Incineroar|Intimidate|boost\n|-ability|p1a: Corviknight|Mirror Armor\n|-unboost|p2b: Incineroar|atk|1\n|-unboost|p1b: Chesnaught|atk|1\n|move|p1a: Corviknight|U-turn|p2a: Rotom\n|-damage|p2a: Rotom|81/100\n|\n|t:|1776385038\n|switch|p1a: Dragonite|Dragonite, L50, F|100/100|[from] U-turn\n|move|p2a: Rotom|Electroweb|p1b: Chesnaught|[spread] p1a,p1b\n|-resisted|p1b: Chesnaught|1\n|-damage|p1a: Dragonite|93/100\n|-damage|p1b: Chesnaught|83/100\n|-unboost|p1a: Dragonite|spe|1\n|-unboost|p1b: Chesnaught|spe|1\n|move|p1b: Chesnaught|Body Press|p2a: Rotom\n|-damage|p2a: Rotom|32/100\n|\n|-weather|RainDance|[upkeep]\n|upkeep\n|turn|3\n|inactive|YugePower has 30 seconds left.\n|inactive|YugePower has 20 seconds left.\n|inactive|YugePower has 15 seconds left.\n|inactive|YugePower has 10 seconds left.\n|\n|t:|1776385086\n|switch|p2a: Garchomp|Garchomp, L50, M|100/100\n|detailschange|p1a: Dragonite|Dragonite-Mega, L50, F\n|-mega|p1a: Dragonite|Dragonite|Dragoninite\n|move|p2b: Incineroar|Fake Out|p1b: Chesnaught\n|-damage|p1b: Chesnaught|78/100\n|move|p1a: Dragonite|Thunder|p2a: Garchomp\n|-immune|p2a: Garchomp\n|cant|p1b: Chesnaught|flinch\n|\n|-weather|RainDance|[upkeep]\n|upkeep\n|turn|4\n|inactive|YugePower has 30 seconds left.\n|inactive|Phillip Blevin has 30 seconds left.\n|inactive|YugePower has 20 seconds left.\n|inactive|YugePower has 15 seconds left.\n|inactive|YugePower has 10 seconds left.\n|\n|t:|1776385135\n|move|p2a: Garchomp|Protect|p2a: Garchomp\n|-singleturn|p2a: Garchomp|Protect\n|move|p1a: Dragonite|Dragon Pulse|p2a: Garchomp\n|-activate|p2a: Garchomp|move: Protect\n|move|p2b: Incineroar|Parting Shot|p1a: Dragonite\n|-unboost|p1a: Dragonite|atk|1\n|-unboost|p1a: Dragonite|spa|1\n|\n|t:|1776385139\n|switch|p2b: Tyranitar|Tyranitar, L50, M|100/100|[from] Parting Shot\n|-weather|Sandstorm|[from] ability: Sand Stream|[of] p2b: Tyranitar\n|move|p1b: Chesnaught|Body Press|p2b: Tyranitar\n|-supereffective|p2b: Tyranitar|2\n|-damage|p2b: Tyranitar|0 fnt\n|faint|p2b: Tyranitar\n|\n|-weather|Sandstorm|[upkeep]\n|-damage|p1a: Dragonite|87/100|[from] Sandstorm\n|-damage|p1b: Chesnaught|72/100|[from] Sandstorm\n|-sideend|p1: YugePower|move: Tailwind\n|upkeep\n|\n|t:|1776385144\n|switch|p2b: Incineroar|Incineroar, L50, M|100/100\n|-ability|p2b: Incineroar|Intimidate|boost\n|-unboost|p1a: Dragonite|atk|1\n|-unboost|p1b: Chesnaught|atk|1\n|turn|5\n|\n|t:|1776385168\n|switch|p1a: Politoed|Politoed, L50, F|100/100\n|-weather|RainDance|[from] ability: Drizzle|[of] p1a: Politoed\n|move|p1b: Chesnaught|Spiky Shield|p1b: Chesnaught\n|-singleturn|p1b: Chesnaught|move: Protect\n|move|p2b: Incineroar|Fake Out|p1b: Chesnaught\n|-activate|p1b: Chesnaught|move: Protect\n|-damage|p2b: Incineroar|88/100|[from] Spiky Shield|[of] p1b: Chesnaught\n|move|p2a: Garchomp|Dragon Claw|p1a: Politoed\n|-damage|p1a: Politoed|57/100\n|\n|-weather|RainDance|[upkeep]\n|-heal|p1a: Politoed|63/100|[from] item: Leftovers\n|upkeep\n|turn|6\n|inactive|YugePower has 30 seconds left.\n|\n|t:|1776385199\n|switch|p1b: Corviknight|Corviknight, L50, F|53/100\n|move|p2a: Garchomp|Dragon Claw|p1a: Politoed\n|-damage|p1a: Politoed|25/100\n|move|p1a: Politoed|Icy Wind|p2a: Garchomp|[spread] p2a,p2b\n|-supereffective|p2a: Garchomp|2\n|-resisted|p2b: Incineroar|1\n|-damage|p2a: Garchomp|63/100\n|-damage|p2b: Incineroar|85/100\n|-unboost|p2a: Garchomp|spe|1\n|-unboost|p2b: Incineroar|spe|1\n|-enditem|p2a: Garchomp|White Herb\n|-clearnegativeboost|p2a: Garchomp|[silent]\n|move|p2b: Incineroar|Parting Shot|p1b: Corviknight\n|-ability|p1b: Corviknight|Mirror Armor\n|-unboost|p2b: Incineroar|atk|1\n|-ability|p1b: Corviknight|Mirror Armor\n|-unboost|p2b: Incineroar|spa|1\n|\n|t:|1776385204\n|switch|p2b: Rotom|Rotom-Wash, L50|32/100|[from] Parting Shot\n|\n|-weather|RainDance|[upkeep]\n|-heal|p1a: Politoed|31/100|[from] item: Leftovers\n|upkeep\n|turn|7\n|inactive|YugePower has 30 seconds left.\n|inactive|YugePower has 20 seconds left.\n|inactive|YugePower has 15 seconds left.\n|inactive|YugePower has 10 seconds left.\n|\n|t:|1776385252\n|move|p2b: Rotom|Electroweb|p1b: Corviknight|[spread] p1a,p1b\n|-supereffective|p1a: Politoed|1\n|-supereffective|p1b: Corviknight|1\n|-damage|p1a: Politoed|9/100\n|-damage|p1b: Corviknight|20/100\n|-unboost|p1a: Politoed|spe|1\n|-ability|p1b: Corviknight|Mirror Armor\n|-unboost|p2b: Rotom|spe|1\n|-enditem|p1b: Corviknight|Sitrus Berry|[eat]\n|-heal|p1b: Corviknight|44/100|[from] item: Sitrus Berry\n|move|p2a: Garchomp|Dragon Claw|p1b: Corviknight\n|-resisted|p1b: Corviknight|1\n|-damage|p1b: Corviknight|30/100\n|move|p1b: Corviknight|Tailwind|p1b: Corviknight\n|-sidestart|p1: YugePower|move: Tailwind\n|move|p1a: Politoed|Icy Wind|p2b: Rotom|[spread] p2a,p2b\n|-supereffective|p2a: Garchomp|2\n|-resisted|p2b: Rotom|1\n|-damage|p2a: Garchomp|26/100\n|-damage|p2b: Rotom|28/100\n|-unboost|p2a: Garchomp|spe|1\n|-unboost|p2b: Rotom|spe|1\n|\n|-weather|RainDance|[upkeep]\n|-heal|p1a: Politoed|15/100|[from] item: Leftovers\n|upkeep\n|turn|8\n|inactive|YugePower has 30 seconds left.\n|inactive|YugePower has 20 seconds left.\n|\n|t:|1776385289\n|switch|p2a: Incineroar|Incineroar, L50, M|85/100\n|-ability|p2a: Incineroar|Intimidate|boost\n|-unboost|p1a: Politoed|atk|1\n|-ability|p1b: Corviknight|Mirror Armor\n|-unboost|p2a: Incineroar|atk|1\n|move|p1b: Corviknight|Iron Head|p2b: Rotom\n|-resisted|p2b: Rotom|2\n|-damage|p2b: Rotom|19/100\n|move|p1a: Politoed|Icy Wind|p2a: Incineroar|[spread] p2a,p2b\n|-resisted|p2a: Incineroar|1\n|-resisted|p2b: Rotom|1\n|-damage|p2a: Incineroar|82/100\n|-damage|p2b: Rotom|15/100\n|-unboost|p2a: Incineroar|spe|1\n|-unboost|p2b: Rotom|spe|1\n|move|p2b: Rotom|Electroweb|p1a: Politoed|[spread] p1a,p1b\n|-supereffective|p1a: Politoed|1\n|-supereffective|p1b: Corviknight|1\n|-damage|p1a: Politoed|0 fnt\n|-damage|p1b: Corviknight|1/100\n|-ability|p1b: Corviknight|Mirror Armor\n|-unboost|p2b: Rotom|spe|1\n|faint|p1a: Politoed\n|\n|-weather|RainDance|[upkeep]\n|upkeep\n|inactive|YugePower has 30 seconds left.\n|\n|t:|1776385323\n|switch|p1a: Chesnaught|Chesnaught, L50, F|72/100\n|turn|9\n|\n|t:|1776385339\n|move|p2a: Incineroar|Fake Out|p1a: Chesnaught\n|-damage|p1a: Chesnaught|68/100\n|move|p1b: Corviknight|U-turn|p2b: Rotom\n|-damage|p2b: Rotom|0 fnt\n|faint|p2b: Rotom\n|\n|t:|1776385345\n|switch|p1b: Dragonite|Dragonite-Mega, L50, F|87/100|[from] U-turn\n|cant|p1a: Chesnaught|flinch\n|\n|-weather|none\n|upkeep\n|\n|t:|1776385347\n|switch|p2b: Garchomp|Garchomp, L50, M|26/100\n|turn|10\n|inactive|YugePower has 30 seconds left.\n|inactive|YugePower has 20 seconds left.\n|inactive|YugePower has 15 seconds left.\n|inactive|YugePower has 10 seconds left.\n|\n|t:|1776385379\n|move|p1b: Dragonite|Dragon Pulse|p2b: Garchomp\n|-supereffective|p2b: Garchomp|1\n|-damage|p2b: Garchomp|0 fnt\n|faint|p2b: Garchomp\n|move|p1a: Chesnaught|Body Press|p2a: Incineroar\n|-supereffective|p2a: Incineroar|1\n|-damage|p2a: Incineroar|0 fnt\n|faint|p2a: Incineroar\n|\n|win|YugePower\n|raw|YugePower's rating: 1136 &rarr; <strong>1167</strong><br />(+31 for winning)\n|raw|Phillip Blevin's rating: 1228 &rarr; <strong>1197</strong><br />(-31 for losing)\n",
  "uploadtime": 1776385379,
  "views": 18,
  "formatid": "gen9championsvgc2026regma",
  "rating": 1167,
  "private": 0,
  "password": null
}