{
  "id": "gen9championsvgc2026regma-2581998408",
  "format": "[Gen 9 Champions] VGC 2026 Reg M-A",
  "players": [
    "actno1",
    "KingOvershield"
  ],
  "log": "|j|\u2606actno1\n|j|\u2606KingOvershield\n|t:|1776046935\n|gametype|doubles\n|player|p1|actno1|gambler|1057\n|player|p2|KingOvershield|bugcatcher-gen4dp|1016\n|gen|9\n|tier|[Gen 9 Champions] VGC 2026 Reg M-A\n|rated|\n|rule|Species Clause: Limit one of each Pok\u00e9mon\n|rule|Item Clause: Limit 1 of each item\n|clearpoke\n|poke|p1|Froslass, L50, F|\n|poke|p1|Rotom-Wash, L50|\n|poke|p1|Whimsicott, L50, M|\n|poke|p1|Garchomp, L50, F|\n|poke|p1|Farigiraf, L50, F|\n|poke|p1|Milotic, L50, M|\n|poke|p2|Incineroar, L50, F|\n|poke|p2|Gengar, L50, M|\n|poke|p2|Sinistcha, L50|\n|poke|p2|Kingambit, L50, M|\n|poke|p2|Tyranitar, L50, M|\n|poke|p2|Kommo-o, L50, F|\n|teampreview|4\n|\n|t:|1776047012\n|teamsize|p1|4\n|teamsize|p2|4\n|start\n|switch|p1a: Farigiraf|Farigiraf, L50, F|100/100\n|switch|p1b: Milotic|Milotic, L50, M|100/100\n|switch|p2a: Gengar|Gengar, L50, M|100/100\n|switch|p2b: Tyranitar|Tyranitar, L50, M|100/100\n|-weather|Sandstorm|[from] ability: Sand Stream|[of] p2b: Tyranitar\n|turn|1\n|\n|t:|1776047067\n|switch|p2b: Kingambit|Kingambit, L50, M|100/100\n|switch|p1a: Whimsicott|Whimsicott, L50, M|100/100\n|detailschange|p2a: Gengar|Gengar-Mega, L50, M\n|-mega|p2a: Gengar|Gengar|Gengarite\n|move|p2a: Gengar|Perish Song|p2a: Gengar\n|-start|p1a: Whimsicott|perish3|[silent]\n|-start|p1b: Milotic|perish3|[silent]\n|-start|p2a: Gengar|perish3|[silent]\n|-start|p2b: Kingambit|perish3|[silent]\n|-fieldactivate|move: Perish Song\n|move|p1b: Milotic|Muddy Water|p2b: Kingambit|[spread] p2a\n|-miss|p1b: Milotic|p2b: Kingambit\n|-damage|p2a: Gengar|62/100\n|\n|-weather|Sandstorm|[upkeep]\n|-damage|p2a: Gengar|56/100|[from] Sandstorm\n|-damage|p1a: Whimsicott|95/100|[from] Sandstorm\n|-damage|p1b: Milotic|95/100|[from] Sandstorm\n|-heal|p1b: Milotic|100/100|[from] item: Leftovers\n|-start|p2a: Gengar|perish3\n|-start|p1a: Whimsicott|perish3\n|-start|p1b: Milotic|perish3\n|-start|p2b: Kingambit|perish3\n|upkeep\n|turn|2\n|\n|t:|1776047097\n|switch|p2b: Sinistcha|Sinistcha, L50|100/100\n|-heal|p2a: Gengar|81/100|[from] ability: Hospitality|[of] p2b: Sinistcha\n|move|p2a: Gengar|Protect|p2a: Gengar\n|-singleturn|p2a: Gengar|Protect\n|move|p1a: Whimsicott|Tailwind|p1a: Whimsicott\n|-sidestart|p1: actno1|move: Tailwind\n|move|p1b: Milotic|Icy Wind|p2b: Sinistcha|[spread] p2b\n|-activate|p2a: Gengar|move: Protect\n|-supereffective|p2b: Sinistcha|1\n|-damage|p2b: Sinistcha|76/100\n|-unboost|p2b: Sinistcha|spe|1\n|\n|-weather|Sandstorm|[upkeep]\n|-damage|p1a: Whimsicott|89/100|[from] Sandstorm\n|-damage|p1b: Milotic|95/100|[from] Sandstorm\n|-damage|p2a: Gengar|75/100|[from] Sandstorm\n|-damage|p2b: Sinistcha|69/100|[from] Sandstorm\n|-heal|p1b: Milotic|100/100|[from] item: Leftovers\n|-start|p1a: Whimsicott|perish2\n|-start|p1b: Milotic|perish2\n|-start|p2a: Gengar|perish2\n|upkeep\n|turn|3\n|\n|t:|1776047137\n|move|p1a: Whimsicott|Encore|p2a: Gengar\n|-start|p2a: Gengar|Encore\n|move|p2a: Gengar|Protect||[still]\n|-fail|p2a: Gengar\n|move|p1b: Milotic|Icy Wind|p2a: Gengar|[spread] p2a,p2b\n|-supereffective|p2b: Sinistcha|1\n|-damage|p2a: Gengar|59/100\n|-damage|p2b: Sinistcha|45/100\n|-unboost|p2a: Gengar|spe|1\n|-unboost|p2b: Sinistcha|spe|1\n|-enditem|p2b: Sinistcha|Sitrus Berry|[eat]\n|-heal|p2b: Sinistcha|69/100|[from] item: Sitrus Berry\n|move|p2b: Sinistcha|Life Dew|p2b: Sinistcha|[spread] p2a,p2b\n|-heal|p2a: Gengar|84/100\n|-heal|p2b: Sinistcha|94/100\n|\n|-weather|Sandstorm|[upkeep]\n|-damage|p1a: Whimsicott|83/100|[from] Sandstorm\n|-damage|p1b: Milotic|95/100|[from] Sandstorm\n|-damage|p2a: Gengar|78/100|[from] Sandstorm\n|-damage|p2b: Sinistcha|88/100|[from] Sandstorm\n|-heal|p1b: Milotic|100/100|[from] item: Leftovers\n|-start|p1a: Whimsicott|perish1\n|-start|p1b: Milotic|perish1\n|-start|p2a: Gengar|perish1\n|upkeep\n|turn|4\n|\n|t:|1776047201\n|switch|p2a: Kingambit|Kingambit, L50, M|100/100\n|move|p1a: Whimsicott|Encore|p2b: Sinistcha\n|-start|p2b: Sinistcha|Encore\n|move|p1b: Milotic|Icy Wind|p2a: Kingambit|[spread] p2b\n|-miss|p1b: Milotic|p2a: Kingambit\n|-supereffective|p2b: Sinistcha|1\n|-crit|p2b: Sinistcha\n|-damage|p2b: Sinistcha|52/100\n|-unboost|p2b: Sinistcha|spe|1\n|move|p2b: Sinistcha|Life Dew||[still]|[spread] p2a,p2b\n|-fail|p2a: Kingambit|heal\n|-heal|p2b: Sinistcha|77/100\n|\n|-weather|Sandstorm|[upkeep]\n|-damage|p1a: Whimsicott|77/100|[from] Sandstorm\n|-damage|p1b: Milotic|95/100|[from] Sandstorm\n|-damage|p2b: Sinistcha|71/100|[from] Sandstorm\n|-heal|p1b: Milotic|100/100|[from] item: Leftovers\n|-start|p1a: Whimsicott|perish0\n|-start|p1b: Milotic|perish0\n|faint|p1a: Whimsicott\n|faint|p1b: Milotic\n|upkeep\n|\n|t:|1776047222\n|switch|p1a: Froslass|Froslass, L50, F|100/100\n|switch|p1b: Farigiraf|Farigiraf, L50, F|100/100\n|turn|5\n|\n|t:|1776047241\n|detailschange|p1a: Froslass|Froslass-Mega, L50, F\n|-mega|p1a: Froslass|Froslass|Froslassite\n|-weather|Snowscape|[from] ability: Snow Warning|[of] p1a: Froslass\n|move|p1a: Froslass|Blizzard|p2a: Kingambit|[spread] p2a,p2b\n|-resisted|p2a: Kingambit|1\n|-supereffective|p2b: Sinistcha|1\n|-damage|p2a: Kingambit|79/100\n|-damage|p2b: Sinistcha|0 fnt\n|faint|p2b: Sinistcha\n|move|p1b: Farigiraf|Hyper Voice|p2a: Kingambit\n|-resisted|p2a: Kingambit|1\n|-damage|p2a: Kingambit|56/100\n|move|p2a: Kingambit|Iron Head|p1a: Froslass\n|-supereffective|p1a: Froslass|1\n|-damage|p1a: Froslass|5/100\n|\n|-weather|Snowscape|[upkeep]\n|-sideend|p1: actno1|move: Tailwind\n|upkeep\n|\n|t:|1776047255\n|switch|p2b: Tyranitar|Tyranitar, L50, M|100/100\n|-weather|Sandstorm|[from] ability: Sand Stream|[of] p2b: Tyranitar\n|turn|6\n|-message|actno1 forfeited.\n|\n|win|KingOvershield\n|raw|actno1's rating: 1057 &rarr; <strong>1036</strong><br />(-21 for losing)\n|raw|KingOvershield's rating: 1016 &rarr; <strong>1058</strong><br />(+42 for winning)\n|l|\u2606actno1\n|player|p1|\n",
  "uploadtime": 1776047286,
  "views": 10,
  "formatid": "gen9championsvgc2026regma",
  "rating": 1036,
  "private": 0,
  "password": null
}