{
  "id": "gen9championsvgc2026regma-2582935526",
  "format": "[Gen 9 Champions] VGC 2026 Reg M-A",
  "players": [
    "XJayyXY",
    "disciple of blahaj"
  ],
  "log": "|j|\u2606XJayyXY\n|j|\u2606disciple of blahaj\n|t:|1776126438\n|gametype|doubles\n|player|p1|XJayyXY|guitarist|1176\n|player|p2|disciple of blahaj|jacinthe|1213\n|gen|9\n|tier|[Gen 9 Champions] VGC 2026 Reg M-A\n|rated|\n|rule|Species Clause: Limit one of each Pok\u00e9mon\n|rule|Item Clause: Limit 1 of each item\n|clearpoke\n|poke|p1|Bellibolt, L50, F|\n|poke|p1|Oranguru, L50, M|\n|poke|p1|Pelipper, L50, F|\n|poke|p1|Arbok, L50, F|\n|poke|p1|Tinkaton, L50, F|\n|poke|p1|Chesnaught, L50, F|\n|poke|p2|Meganium, L50, M|\n|poke|p2|Pelipper, L50, M|\n|poke|p2|Archaludon, L50, F|\n|poke|p2|Sneasler, L50, F|\n|poke|p2|Basculegion, L50, M|\n|poke|p2|Garchomp, L50, M|\n|teampreview|4\n|inactive|Battle timer is ON: inactive players will automatically lose when time's up. (requested by disciple of blahaj)\n|\n|t:|1776126477\n|teamsize|p1|4\n|teamsize|p2|4\n|start\n|switch|p1a: Oranguru|Oranguru, L50, M|100/100\n|switch|p1b: Tinkaton|Tinkaton, L50, F|100/100\n|switch|p2a: Archaludon|Archaludon, L50, F, shiny|100/100\n|switch|p2b: Sneasler|Sneasler, L50, F, shiny|100/100\n|turn|1\n|\n|t:|1776126495\n|move|p2b: Sneasler|Fake Out|p1a: Oranguru\n|-damage|p1a: Oranguru|87/100\n|move|p1b: Tinkaton|Fake Out|p2a: Archaludon\n|-resisted|p2a: Archaludon|1\n|-damage|p2a: Archaludon|97/100\n|cant|p2a: Archaludon|flinch\n|cant|p1a: Oranguru|flinch\n|\n|upkeep\n|turn|2\n|\n|t:|1776126506\n|move|p2b: Sneasler|Rain Dance|p2b: Sneasler\n|-weather|RainDance\n|move|p1b: Tinkaton|Swords Dance|p1b: Tinkaton\n|-boost|p1b: Tinkaton|atk|2\n|move|p2a: Archaludon|Electro Shot||[still]\n|-prepare|p2a: Archaludon|Electro Shot\n|-boost|p2a: Archaludon|spa|1\n|-anim|p2a: Archaludon|Electro Shot|p1a: Oranguru\n|-damage|p1a: Oranguru|26/100\n|move|p1a: Oranguru|Trick Room|p1a: Oranguru\n|-fieldstart|move: Trick Room|[of] p1a: Oranguru\n|\n|-weather|RainDance|[upkeep]\n|upkeep\n|turn|3\n|inactive|XJayyXY has 30 seconds left.\n|inactive|disciple of blahaj has 30 seconds left.\n|\n|t:|1776126536\n|switch|p2b: Pelipper|Pelipper, L50, M|100/100\n|move|p1a: Oranguru|Psychic|p2b: Pelipper\n|-damage|p2b: Pelipper|47/100\n|move|p2a: Archaludon|Electro Shot||[still]\n|-prepare|p2a: Archaludon|Electro Shot\n|-boost|p2a: Archaludon|spa|1\n|-anim|p2a: Archaludon|Electro Shot|p1a: Oranguru\n|-damage|p1a: Oranguru|0 fnt\n|faint|p1a: Oranguru\n|move|p1b: Tinkaton|Play Rough|p2a: Archaludon\n|-damage|p2a: Archaludon|57/100\n|\n|-weather|RainDance|[upkeep]\n|upkeep\n|\n|t:|1776126548\n|switch|p1a: Arbok|Arbok, L50, F, shiny|100/100\n|-ability|p1a: Arbok|Intimidate|boost\n|-unboost|p2a: Archaludon|atk|1\n|-unboost|p2b: Pelipper|atk|1\n|turn|4\n|\n|t:|1776126572\n|move|p1a: Arbok|Sucker Punch|p2a: Archaludon\n|-damage|p2a: Archaludon|42/100\n|move|p2a: Archaludon|Electro Shot||[still]\n|-prepare|p2a: Archaludon|Electro Shot\n|-boost|p2a: Archaludon|spa|1\n|-anim|p2a: Archaludon|Electro Shot|p1a: Arbok\n|-crit|p1a: Arbok\n|-damage|p1a: Arbok|0 fnt\n|faint|p1a: Arbok\n|move|p1b: Tinkaton|Play Rough|p2a: Archaludon\n|-damage|p2a: Archaludon|2/100\n|move|p2b: Pelipper|Hurricane|p1b: Tinkaton\n|-resisted|p1b: Tinkaton|1\n|-damage|p1b: Tinkaton|78/100\n|\n|-weather|RainDance|[upkeep]\n|upkeep\n|\n|t:|1776126583\n|switch|p1a: Chesnaught|Chesnaught, L50, F|100/100\n|turn|5\n|inactive|disciple of blahaj has 30 seconds left.\n|\n|t:|1776126611\n|switch|p2b: Sneasler|Sneasler, L50, F, shiny|100/100\n|detailschange|p1a: Chesnaught|Chesnaught-Mega, L50, F\n|-mega|p1a: Chesnaught|Chesnaught|Chesnaughtite\n|move|p1a: Chesnaught|Protect|p1a: Chesnaught\n|-singleturn|p1a: Chesnaught|Protect\n|move|p2a: Archaludon|Electro Shot||[still]\n|-prepare|p2a: Archaludon|Electro Shot\n|-boost|p2a: Archaludon|spa|1\n|-anim|p2a: Archaludon|Electro Shot|p1b: Tinkaton\n|-damage|p1b: Tinkaton|0 fnt\n|faint|p1b: Tinkaton\n|\n|-weather|RainDance|[upkeep]\n|upkeep\n|turn|6\n|-message|XJayyXY forfeited.\n|\n|win|disciple of blahaj\n|raw|XJayyXY's rating: 1176 &rarr; <strong>1154</strong><br />(-22 for losing)\n|raw|disciple of blahaj's rating: 1213 &rarr; <strong>1235</strong><br />(+22 for winning)\n|l|\u2606XJayyXY\n|player|p1|\n",
  "uploadtime": 1776126631,
  "views": 12,
  "formatid": "gen9championsvgc2026regma",
  "rating": 1154,
  "private": 0,
  "password": null
}