{
  "id": "gen9championsvgc2026regma-2580905348",
  "format": "[Gen 9 Champions] VGC 2026 Reg M-A",
  "players": [
    "4G3NC_NEET",
    "jayoticnl"
  ],
  "log": "|j|\u26064G3NC_NEET\n|j|\u2606jayoticnl\n|t:|1775942148\n|gametype|doubles\n|player|p1|4G3NC_NEET|burglar|1105\n|player|p2|jayoticnl|idol|1138\n|gen|9\n|tier|[Gen 9 Champions] VGC 2026 Reg M-A\n|rated|\n|rule|Species Clause: Limit one of each Pok\u00e9mon\n|rule|Item Clause: Limit 1 of each item\n|clearpoke\n|poke|p1|Golurk, L50|\n|poke|p1|Venusaur, L50, M|\n|poke|p1|Incineroar, L50, F|\n|poke|p1|Torkoal, L50, F|\n|poke|p1|Farigiraf, L50, M|\n|poke|p1|Sneasler, L50, F|\n|poke|p2|Talonflame, L50, M|\n|poke|p2|Floette-Eternal, L50, F|\n|poke|p2|Sneasler, L50, M|\n|poke|p2|Garchomp, L50, F|\n|poke|p2|Rotom-Wash, L50|\n|poke|p2|Maushold, L50|\n|teampreview|4\n|\n|t:|1775942214\n|teamsize|p1|4\n|teamsize|p2|4\n|start\n|switch|p1a: Farigiraf|Farigiraf, L50, M|100/100\n|switch|p1b: Incineroar|Incineroar, L50, F|100/100\n|switch|p2a: Maushold|Maushold, L50|100/100\n|switch|p2b: Floette|Floette-Eternal, L50, F|100/100\n|-ability|p1b: Incineroar|Intimidate|boost\n|-unboost|p2a: Maushold|atk|1\n|-unboost|p2b: Floette|atk|1\n|turn|1\n|\n|t:|1775942242\n|detailschange|p2b: Floette|Floette-Mega, L50, F\n|-mega|p2b: Floette|Floette|Floettite\n|-ability|p2b: Floette|Fairy Aura\n|move|p1b: Incineroar|Fake Out|p2a: Maushold\n|-damage|p2a: Maushold|82/100\n|cant|p2a: Maushold|flinch\n|move|p2b: Floette|Dazzling Gleam|p1b: Incineroar|[spread] p1a,p1b\n|-damage|p1a: Farigiraf|57/100\n|-damage|p1b: Incineroar|51/100\n|move|p1a: Farigiraf|Trick Room|p1a: Farigiraf\n|-fieldstart|move: Trick Room|[of] p1a: Farigiraf\n|\n|upkeep\n|turn|2\n|\n|t:|1775942264\n|move|p2a: Maushold|Protect|p2a: Maushold\n|-singleturn|p2a: Maushold|Protect\n|move|p1a: Farigiraf|Hyper Voice|p2b: Floette|[spread] p2b\n|-activate|p2a: Maushold|move: Protect\n|-damage|p2b: Floette|81/100\n|move|p1b: Incineroar|Parting Shot|p2b: Floette\n|-unboost|p2b: Floette|atk|1\n|-unboost|p2b: Floette|spa|1\n|\n|t:|1775942273\n|switch|p1b: Torkoal|Torkoal, L50, F|100/100|[from] Parting Shot\n|-weather|SunnyDay|[from] ability: Drought|[of] p1b: Torkoal\n|move|p2b: Floette|Moonblast|p1b: Torkoal\n|-resisted|p1b: Torkoal|1\n|-damage|p1b: Torkoal|62/100\n|\n|-weather|SunnyDay|[upkeep]\n|upkeep\n|turn|3\n|\n|t:|1775942285\n|switch|p2b: Garchomp|Garchomp, L50, F|100/100\n|switch|p2a: Rotom|Rotom-Wash, L50|100/100\n|move|p1a: Farigiraf|Helping Hand|p1b: Torkoal\n|-singleturn|p1b: Torkoal|Helping Hand|[of] p1a: Farigiraf\n|move|p1b: Torkoal|Eruption|p2b: Garchomp|[spread] p2a,p2b\n|-resisted|p2a: Rotom|1\n|-resisted|p2b: Garchomp|1\n|-damage|p2a: Rotom|60/100\n|-damage|p2b: Garchomp|59/100\n|\n|-weather|SunnyDay|[upkeep]\n|upkeep\n|turn|4\n|\n|t:|1775942313\n|move|p1b: Torkoal|Eruption|p2a: Rotom|[spread] p2a,p2b\n|-resisted|p2a: Rotom|1\n|-resisted|p2b: Garchomp|1\n|-damage|p2a: Rotom|31/100\n|-damage|p2b: Garchomp|28/100\n|-enditem|p2a: Rotom|Sitrus Berry|[eat]\n|-heal|p2a: Rotom|56/100|[from] item: Sitrus Berry\n|move|p1a: Farigiraf|Hyper Voice|p2b: Garchomp|[spread] p2a,p2b\n|-damage|p2a: Rotom|27/100\n|-damage|p2b: Garchomp|0 fnt\n|faint|p2b: Garchomp\n|move|p2a: Rotom|Thunderbolt|p1b: Torkoal\n|-damage|p1b: Torkoal|7/100\n|\n|-weather|SunnyDay|[upkeep]\n|upkeep\n|\n|t:|1775942325\n|switch|p2b: Floette|Floette-Mega, L50, F|81/100\n|-ability|p2b: Floette|Fairy Aura\n|turn|5\n|\n|t:|1775942333\n|move|p1a: Farigiraf|Helping Hand|p1b: Torkoal\n|-singleturn|p1b: Torkoal|Helping Hand|[of] p1a: Farigiraf\n|move|p2a: Rotom|Protect|p2a: Rotom\n|-singleturn|p2a: Rotom|Protect\n|move|p2b: Floette|Protect|p2b: Floette\n|-singleturn|p2b: Floette|Protect\n|move|p1b: Torkoal|Eruption|p2b: Floette|[spread] \n|-activate|p2a: Rotom|move: Protect\n|-activate|p2b: Floette|move: Protect\n|\n|-weather|SunnyDay|[upkeep]\n|-fieldend|move: Trick Room\n|upkeep\n|turn|6\n|\n|t:|1775942357\n|switch|p1b: Incineroar|Incineroar, L50, F|51/100\n|-ability|p1b: Incineroar|Intimidate|boost\n|-unboost|p2a: Rotom|atk|1\n|-unboost|p2b: Floette|atk|1\n|move|p2b: Floette|Moonblast|p1a: Farigiraf\n|-damage|p1a: Farigiraf|0 fnt\n|faint|p1a: Farigiraf\n|move|p2a: Rotom|Thunderbolt|p1b: Incineroar\n|-damage|p1b: Incineroar|9/100\n|\n|-weather|none\n|upkeep\n|\n|t:|1775942369\n|switch|p1a: Golurk|Golurk, L50|100/100\n|turn|7\n|\n|t:|1775942391\n|switch|p1a: Torkoal|Torkoal, L50, F|7/100\n|-weather|SunnyDay|[from] ability: Drought|[of] p1a: Torkoal\n|move|p2b: Floette|Protect|p2b: Floette\n|-singleturn|p2b: Floette|Protect\n|move|p2a: Rotom|Protect|p2a: Rotom\n|-singleturn|p2a: Rotom|Protect\n|move|p1b: Incineroar|Fake Out|p2b: Floette\n|-activate|p2b: Floette|move: Protect\n|\n|-weather|SunnyDay|[upkeep]\n|upkeep\n|turn|8\n|\n|t:|1775942409\n|move|p1a: Torkoal|Protect|p1a: Torkoal\n|-singleturn|p1a: Torkoal|Protect\n|move|p2b: Floette|Dazzling Gleam|p1b: Incineroar|[spread] p1b\n|-activate|p1a: Torkoal|move: Protect\n|-damage|p1b: Incineroar|0 fnt\n|faint|p1b: Incineroar\n|move|p2a: Rotom|Hydro Pump|p1a: Torkoal\n|-activate|p1a: Torkoal|move: Protect\n|\n|-weather|SunnyDay|[upkeep]\n|upkeep\n|\n|t:|1775942414\n|switch|p1b: Golurk|Golurk, L50|100/100\n|turn|9\n|\n|t:|1775942443\n|detailschange|p1b: Golurk|Golurk-Mega, L50\n|-mega|p1b: Golurk|Golurk|Golurkite\n|move|p2b: Floette|Dazzling Gleam|p1a: Torkoal|[spread] p1a,p1b\n|-resisted|p1a: Torkoal|1\n|-damage|p1a: Torkoal|0 fnt\n|-damage|p1b: Golurk|59/100\n|faint|p1a: Torkoal\n|move|p2a: Rotom|Will-O-Wisp|p1b: Golurk\n|-status|p1b: Golurk|brn\n|move|p1b: Golurk|Headlong Rush|p2b: Floette\n|-damage|p2b: Floette|24/100\n|-unboost|p1b: Golurk|def|1\n|-unboost|p1b: Golurk|spd|1\n|\n|-weather|SunnyDay|[upkeep]\n|-damage|p1b: Golurk|53/100 brn|[from] brn\n|upkeep\n|turn|10\n|\n|t:|1775942462\n|move|p2b: Floette|Moonblast|p1b: Golurk\n|-damage|p1b: Golurk|0 fnt\n|faint|p1b: Golurk\n|\n|win|jayoticnl\n|raw|4G3NC_NEET's rating: 1105 &rarr; <strong>1082</strong><br />(-23 for losing)\n|raw|jayoticnl's rating: 1138 &rarr; <strong>1161</strong><br />(+23 for winning)\n|l|\u26064G3NC_NEET\n|player|p1|\n|l|\u2606jayoticnl\n|player|p2|\n|j|\u2606jayoticnl\n|player|p2|jayoticnl|idol|\n",
  "uploadtime": 1775942555,
  "views": 35,
  "formatid": "gen9championsvgc2026regma",
  "rating": 1082,
  "private": 0,
  "password": null
}