{
  "id": "gen9championsvgc2026regma-2583457713",
  "format": "[Gen 9 Champions] VGC 2026 Reg M-A",
  "players": [
    "Spiritomb0722",
    "DesiredFood"
  ],
  "log": "|j|\u2606Spiritomb0722\n|j|\u2606DesiredFood\n|t:|1776176920\n|gametype|doubles\n|player|p1|Spiritomb0722|cynthia-gen4|1173\n|player|p2|DesiredFood|magmagruntf-rse|1232\n|gen|9\n|tier|[Gen 9 Champions] VGC 2026 Reg M-A\n|rated|\n|rule|Species Clause: Limit one of each Pok\u00e9mon\n|rule|Item Clause: Limit 1 of each item\n|clearpoke\n|poke|p1|Incineroar, L50, F|\n|poke|p1|Sinistcha, L50|\n|poke|p1|Scovillain, L50, F|\n|poke|p1|Aerodactyl, L50, F|\n|poke|p1|Rotom-Wash, L50|\n|poke|p1|Excadrill, L50, F|\n|poke|p2|Pelipper, L50, M|\n|poke|p2|Archaludon, L50, M|\n|poke|p2|Sinistcha, L50|\n|poke|p2|Feraligatr, L50, M|\n|poke|p2|Chesnaught, L50, M|\n|poke|p2|Incineroar, L50, M|\n|teampreview|4\n|inactive|Battle timer is ON: inactive players will automatically lose when time's up. (requested by DesiredFood)\n|\n|t:|1776176978\n|teamsize|p1|4\n|teamsize|p2|4\n|start\n|switch|p1a: Rotom|Rotom-Wash, L50|100/100\n|switch|p1b: Excadrill|Excadrill, L50, F|100/100\n|switch|p2a: Pelipper|Pelipper, L50, M, shiny|100/100\n|switch|p2b: Incineroar|Incineroar, L50, M|100/100\n|-ability|p1b: Excadrill|Mold Breaker\n|-weather|RainDance|[from] ability: Drizzle|[of] p2a: Pelipper\n|-ability|p2b: Incineroar|Intimidate|boost\n|-unboost|p1a: Rotom|atk|1\n|-unboost|p1b: Excadrill|atk|1\n|turn|1\n|inactive|Spiritomb0722 has 30 seconds left.\n|inactive|DesiredFood has 30 seconds left.\n|\n|t:|1776177008\n|switch|p2a: Chesnaught|Chesnaught, L50, M, shiny|100/100\n|switch|p2b: Feraligatr|Feraligatr, L50, M, shiny|100/100\n|move|p1b: Excadrill|Rock Slide|p2b: Feraligatr|[spread] p2a,p2b\n|-resisted|p2a: Chesnaught|1\n|-damage|p2a: Chesnaught|96/100\n|-damage|p2b: Feraligatr|87/100\n|move|p1a: Rotom|Thunderbolt|p2a: Chesnaught\n|-resisted|p2a: Chesnaught|1\n|-crit|p2a: Chesnaught\n|-damage|p2a: Chesnaught|70/100\n|\n|-weather|RainDance|[upkeep]\n|upkeep\n|turn|2\n|inactive|DesiredFood has 30 seconds left.\n|\n|t:|1776177033\n|switch|p1b: Sinistcha|Sinistcha, L50|100/100\n|switch|p1a: Scovillain|Scovillain, L50, F|100/100\n|detailschange|p2b: Feraligatr|Feraligatr-Mega, L50, M, shiny\n|-mega|p2b: Feraligatr|Feraligatr|Feraligite\n|move|p2b: Feraligatr|Double-Edge|p1a: Scovillain\n|-damage|p1a: Scovillain|0 fnt\n|faint|p1a: Scovillain\n|-damage|p2b: Feraligatr|57/100|[from] Recoil\n|move|p2a: Chesnaught|Body Press|p1b: Sinistcha\n|-immune|p1b: Sinistcha\n|\n|-weather|RainDance|[upkeep]\n|upkeep\n|\n|t:|1776177050\n|switch|p1a: Excadrill|Excadrill, L50, F|100/100\n|-ability|p1a: Excadrill|Mold Breaker\n|turn|3\n|\n|t:|1776177076\n|switch|p2b: Incineroar|Incineroar, L50, M|100/100\n|-ability|p2b: Incineroar|Intimidate|boost\n|-unboost|p1a: Excadrill|atk|1\n|-unboost|p1b: Sinistcha|atk|1\n|move|p1a: Excadrill|Stomping Tantrum|p2b: Incineroar\n|-supereffective|p2b: Incineroar|1\n|-damage|p2b: Incineroar|55/100\n|move|p2a: Chesnaught|Knock Off|p1b: Sinistcha\n|-supereffective|p1b: Sinistcha|1\n|-damage|p1b: Sinistcha|58/100\n|-enditem|p1b: Sinistcha|Occa Berry|[from] move: Knock Off|[of] p2a: Chesnaught\n|move|p1b: Sinistcha|Matcha Gotcha|p2a: Chesnaught|[spread] p2a,p2b\n|-resisted|p2a: Chesnaught|1\n|-resisted|p2b: Incineroar|1\n|-damage|p2a: Chesnaught|60/100\n|-heal|p1b: Sinistcha|63/100|[from] drain|[of] p2a: Chesnaught\n|-damage|p2b: Incineroar|46/100\n|-heal|p1b: Sinistcha|68/100|[from] drain|[of] p2b: Incineroar\n|\n|-weather|RainDance|[upkeep]\n|upkeep\n|turn|4\n|inactive|Spiritomb0722 has 30 seconds left.\n|inactive|Spiritomb0722 has 20 seconds left.\n|\n|t:|1776177114\n|move|p2b: Incineroar|Fake Out|p1a: Excadrill\n|-resisted|p1a: Excadrill|1\n|-damage|p1a: Excadrill|93/100\n|cant|p1a: Excadrill|flinch\n|move|p2a: Chesnaught|Iron Defense|p2a: Chesnaught\n|-boost|p2a: Chesnaught|def|2\n|move|p1b: Sinistcha|Matcha Gotcha|p2b: Incineroar|[spread] p2a,p2b\n|-resisted|p2a: Chesnaught|1\n|-resisted|p2b: Incineroar|1\n|-damage|p2a: Chesnaught|50/100\n|-heal|p1b: Sinistcha|74/100|[from] drain|[of] p2a: Chesnaught\n|-damage|p2b: Incineroar|37/100\n|-heal|p1b: Sinistcha|79/100|[from] drain|[of] p2b: Incineroar\n|\n|-weather|RainDance|[upkeep]\n|upkeep\n|turn|5\n|inactive|Spiritomb0722 has 30 seconds left.\n|inactive|DesiredFood has 30 seconds left.\n|inactive|Spiritomb0722 has 20 seconds left.\n|\n|t:|1776177151\n|switch|p2b: Feraligatr|Feraligatr-Mega, L50, M, shiny|57/100\n|move|p1a: Excadrill|Stomping Tantrum|p2a: Chesnaught\n|-resisted|p2a: Chesnaught|1\n|-damage|p2a: Chesnaught|41/100\n|move|p2a: Chesnaught|Body Press|p1a: Excadrill\n|-supereffective|p1a: Excadrill|1\n|-damage|p1a: Excadrill|0 fnt\n|faint|p1a: Excadrill\n|move|p1b: Sinistcha|Matcha Gotcha|p2a: Chesnaught|[spread] p2b\n|-miss|p1b: Sinistcha|p2a: Chesnaught\n|-damage|p2b: Feraligatr|37/100\n|-heal|p1b: Sinistcha|90/100|[from] drain|[of] p2b: Feraligatr\n|\n|-weather|none\n|upkeep\n|\n|t:|1776177166\n|switch|p1a: Rotom|Rotom-Wash, L50|100/100\n|turn|6\n|\n|t:|1776177173\n|move|p2b: Feraligatr|Protect|p2b: Feraligatr\n|-singleturn|p2b: Feraligatr|Protect\n|move|p1a: Rotom|Protect|p1a: Rotom\n|-singleturn|p1a: Rotom|Protect\n|move|p2a: Chesnaught|Body Press|p1a: Rotom\n|-activate|p1a: Rotom|move: Protect\n|move|p1b: Sinistcha|Matcha Gotcha|p2a: Chesnaught|[spread] p2a\n|-activate|p2b: Feraligatr|move: Protect\n|-resisted|p2a: Chesnaught|1\n|-damage|p2a: Chesnaught|31/100\n|-heal|p1b: Sinistcha|96/100|[from] drain|[of] p2a: Chesnaught\n|\n|upkeep\n|turn|7\n|\n|t:|1776177192\n|move|p2a: Chesnaught|Spiky Shield|p2a: Chesnaught\n|-singleturn|p2a: Chesnaught|move: Protect\n|move|p2b: Feraligatr|Double-Edge|p1a: Rotom\n|-damage|p1a: Rotom|5/100\n|-enditem|p1a: Rotom|Sitrus Berry|[eat]\n|-heal|p1a: Rotom|30/100|[from] item: Sitrus Berry\n|-damage|p2b: Feraligatr|11/100|[from] Recoil\n|move|p1a: Rotom|Thunderbolt|p2b: Feraligatr\n|-damage|p2b: Feraligatr|0 fnt\n|faint|p2b: Feraligatr\n|move|p1b: Sinistcha|Matcha Gotcha|p2a: Chesnaught\n|-activate|p2a: Chesnaught|move: Protect\n|\n|upkeep\n|\n|t:|1776177199\n|switch|p2b: Pelipper|Pelipper, L50, M, shiny|100/100\n|-weather|RainDance|[from] ability: Drizzle|[of] p2b: Pelipper\n|turn|8\n|\n|t:|1776177215\n|move|p1a: Rotom|Protect|p1a: Rotom\n|-singleturn|p1a: Rotom|Protect\n|move|p2b: Pelipper|Tailwind|p2b: Pelipper\n|-sidestart|p2: DesiredFood|move: Tailwind\n|move|p2a: Chesnaught|Knock Off|p1b: Sinistcha\n|-supereffective|p1b: Sinistcha|1\n|-damage|p1b: Sinistcha|67/100\n|move|p1b: Sinistcha|Matcha Gotcha|p2a: Chesnaught|[spread] p2a,p2b\n|-resisted|p2a: Chesnaught|1\n|-damage|p2a: Chesnaught|21/100\n|-heal|p1b: Sinistcha|72/100|[from] drain|[of] p2a: Chesnaught\n|-damage|p2b: Pelipper|57/100\n|-heal|p1b: Sinistcha|89/100|[from] drain|[of] p2b: Pelipper\n|-status|p2a: Chesnaught|brn\n|-status|p2b: Pelipper|brn\n|\n|-weather|RainDance|[upkeep]\n|-damage|p2b: Pelipper|51/100 brn|[from] brn\n|-damage|p2a: Chesnaught|15/100 brn|[from] brn\n|upkeep\n|turn|9\n|\n|t:|1776177234\n|move|p2b: Pelipper|Hurricane|p1b: Sinistcha\n|-supereffective|p1b: Sinistcha|1\n|-damage|p1b: Sinistcha|0 fnt\n|faint|p1b: Sinistcha\n|move|p2a: Chesnaught|Body Press|p1a: Rotom\n|-damage|p1a: Rotom|0 fnt\n|faint|p1a: Rotom\n|\n|win|DesiredFood\n|raw|Spiritomb0722's rating: 1173 &rarr; <strong>1152</strong><br />(-21 for losing)\n|raw|DesiredFood's rating: 1232 &rarr; <strong>1253</strong><br />(+21 for winning)\n|l|\u2606Spiritomb0722\n|player|p1|\n",
  "uploadtime": 1776177296,
  "views": 17,
  "formatid": "gen9championsvgc2026regma",
  "rating": 1152,
  "private": 0,
  "password": null
}