{
  "id": "gen9championsvgc2026regma-2581859116",
  "format": "[Gen 9 Champions] VGC 2026 Reg M-A",
  "players": [
    "KingOvershield",
    "f8s"
  ],
  "log": "|j|\u2606KingOvershield\n|j|\u2606f8s\n|t:|1776034350\n|gametype|doubles\n|player|p1|KingOvershield|bugcatcher-gen4dp|1135\n|player|p2|f8s|102|1112\n|gen|9\n|tier|[Gen 9 Champions] VGC 2026 Reg M-A\n|rated|\n|rule|Species Clause: Limit one of each Pok\u00e9mon\n|rule|Item Clause: Limit 1 of each item\n|clearpoke\n|poke|p1|Garganacl, L50, F|\n|poke|p1|Sylveon, L50, M|\n|poke|p1|Pinsir, L50, M|\n|poke|p1|Aegislash, L50, M|\n|poke|p1|Ninetales-Alola, L50, M|\n|poke|p1|Incineroar, L50, M|\n|poke|p2|Tyranitar, L50, M|\n|poke|p2|Gardevoir, L50, M|\n|poke|p2|Gyarados, L50, M|\n|poke|p2|Excadrill, L50, M|\n|poke|p2|Sinistcha, L50|\n|poke|p2|Rotom-Heat, L50|\n|teampreview|4\n|inactive|Battle timer is ON: inactive players will automatically lose when time's up. (requested by f8s)\n|inactive|KingOvershield has 60 seconds left.\n|inactive|KingOvershield has 30 seconds left.\n|\n|t:|1776034412\n|teamsize|p1|4\n|teamsize|p2|4\n|start\n|switch|p1a: Sylveon|Sylveon, L50, M|100/100\n|switch|p1b: Incineroar|Incineroar, L50, M|100/100\n|switch|p2a: Gardevoir|Gardevoir, L50, M|100/100\n|switch|p2b: Sinistcha|Sinistcha, L50|100/100\n|-ability|p1b: Incineroar|Intimidate|boost\n|-unboost|p2a: Gardevoir|atk|1\n|-unboost|p2b: Sinistcha|atk|1\n|turn|1\n|inactive|KingOvershield has 30 seconds left.\n|inactive|KingOvershield has 20 seconds left.\n|inactive|KingOvershield has 15 seconds left.\n|\n|t:|1776034455\n|switch|p2b: Excadrill|Excadrill, L50, M|100/100\n|move|p1b: Incineroar|Darkest Lariat|p2b: Excadrill\n|-damage|p2b: Excadrill|42/100\n|move|p2a: Gardevoir|Calm Mind|p2a: Gardevoir\n|-boost|p2a: Gardevoir|spa|1\n|-boost|p2a: Gardevoir|spd|1\n|move|p1a: Sylveon|Yawn|p2a: Gardevoir\n|-start|p2a: Gardevoir|move: Yawn|[of] p1a: Sylveon\n|\n|upkeep\n|turn|2\n|inactive|KingOvershield has 30 seconds left.\n|inactive|f8s has 30 seconds left.\n|inactive|f8s has 20 seconds left.\n|\n|t:|1776034490\n|switch|p2a: Sinistcha|Sinistcha, L50|100/100\n|-heal|p2b: Excadrill|67/100|[from] ability: Hospitality|[of] p2a: Sinistcha\n|move|p2b: Excadrill|Iron Head|p1a: Sylveon\n|-supereffective|p1a: Sylveon|1\n|-damage|p1a: Sylveon|7/100\n|move|p1b: Incineroar|Parting Shot|p2b: Excadrill\n|-unboost|p2b: Excadrill|atk|1\n|-unboost|p2b: Excadrill|spa|1\n|\n|t:|1776034507\n|switch|p1b: Ninetales|Ninetales-Alola, L50, M|100/100|[from] Parting Shot\n|-weather|Snowscape|[from] ability: Snow Warning|[of] p1b: Ninetales\n|move|p1a: Sylveon|Wish|p1a: Sylveon\n|\n|-weather|Snowscape|[upkeep]\n|upkeep\n|turn|3\n|\n|t:|1776034528\n|switch|p2a: Tyranitar|Tyranitar, L50, M|100/100\n|-weather|Sandstorm|[from] ability: Sand Stream|[of] p2a: Tyranitar\n|move|p1a: Sylveon|Protect|p1a: Sylveon\n|-singleturn|p1a: Sylveon|Protect\n|move|p2b: Excadrill|Iron Head|p1b: Ninetales\n|-supereffective|p1b: Ninetales|2\n|-crit|p1b: Ninetales\n|-enditem|p1b: Ninetales|Focus Sash\n|-damage|p1b: Ninetales|1/100\n|move|p1b: Ninetales|Blizzard|p2a: Tyranitar|[spread] \n|-miss|p1b: Ninetales|p2a: Tyranitar\n|-miss|p1b: Ninetales|p2b: Excadrill\n|\n|-weather|Sandstorm|[upkeep]\n|-damage|p1b: Ninetales|0 fnt|[from] Sandstorm\n|-damage|p1a: Sylveon|1/100|[from] Sandstorm\n|faint|p1b: Ninetales\n|-heal|p1a: Sylveon|51/100|[from] move: Wish|[wisher] Sylveon\n|upkeep\n|c|\u2606KingOvershield|classic\n|\n|t:|1776034549\n|switch|p1b: Incineroar|Incineroar, L50, M|100/100\n|-ability|p1b: Incineroar|Intimidate|boost\n|-unboost|p2a: Tyranitar|atk|1\n|-unboost|p2b: Excadrill|atk|1\n|turn|4\n|inactive|KingOvershield has 30 seconds left.\n|inactive|f8s has 30 seconds left.\n|inactive|KingOvershield has 20 seconds left.\n|inactive|f8s has 20 seconds left.\n|inactive|KingOvershield has 15 seconds left.\n|inactive|f8s has 15 seconds left.\n|inactive|KingOvershield has 10 seconds left.\n|\n|t:|1776034597\n|switch|p2b: Gardevoir|Gardevoir, L50, M|100/100\n|detailschange|p2a: Tyranitar|Tyranitar-Mega, L50, M\n|-mega|p2a: Tyranitar|Tyranitar|Tyranitarite\n|move|p1b: Incineroar|Fake Out|p2a: Tyranitar\n|-resisted|p2a: Tyranitar|1\n|-crit|p2a: Tyranitar\n|-damage|p2a: Tyranitar|94/100\n|cant|p2a: Tyranitar|flinch\n|move|p1a: Sylveon|Wish|p1a: Sylveon\n|\n|-weather|Sandstorm|[upkeep]\n|-damage|p1b: Incineroar|94/100|[from] Sandstorm\n|-damage|p2b: Gardevoir|95/100|[from] Sandstorm\n|-damage|p1a: Sylveon|45/100|[from] Sandstorm\n|upkeep\n|turn|5\n|inactive|KingOvershield has 30 seconds left.\n|inactive|KingOvershield has 20 seconds left.\n|inactive|KingOvershield has 15 seconds left.\n|\n|t:|1776034638\n|move|p2a: Tyranitar|Dragon Dance|p2a: Tyranitar\n|-boost|p2a: Tyranitar|atk|1\n|-boost|p2a: Tyranitar|spe|1\n|move|p1b: Incineroar|Parting Shot|p2b: Gardevoir\n|-unboost|p2b: Gardevoir|atk|1\n|-unboost|p2b: Gardevoir|spa|1\n|\n|t:|1776034644\n|switch|p1b: Pinsir|Pinsir, L50, M|100/100|[from] Parting Shot\n|move|p2b: Gardevoir|Calm Mind|p2b: Gardevoir\n|-boost|p2b: Gardevoir|spa|1\n|-boost|p2b: Gardevoir|spd|1\n|move|p1a: Sylveon|Hyper Voice|p2b: Gardevoir|[spread] p2a,p2b\n|-supereffective|p2a: Tyranitar|1\n|-damage|p2a: Tyranitar|38/100\n|-damage|p2b: Gardevoir|68/100\n|\n|-weather|Sandstorm|[upkeep]\n|-damage|p1b: Pinsir|94/100|[from] Sandstorm\n|-damage|p2b: Gardevoir|63/100|[from] Sandstorm\n|-damage|p1a: Sylveon|39/100|[from] Sandstorm\n|-heal|p1a: Sylveon|89/100|[from] move: Wish|[wisher] Sylveon\n|upkeep\n|turn|6\n|inactive|KingOvershield has 30 seconds left.\n|inactive|KingOvershield has 20 seconds left.\n|\n|t:|1776034681\n|switch|p2b: Sinistcha|Sinistcha, L50|100/100\n|-heal|p2a: Tyranitar|63/100|[from] ability: Hospitality|[of] p2b: Sinistcha\n|switch|p1a: Incineroar|Incineroar, L50, M|94/100\n|-ability|p1a: Incineroar|Intimidate|boost\n|-unboost|p2a: Tyranitar|atk|1\n|-unboost|p2b: Sinistcha|atk|1\n|detailschange|p1b: Pinsir|Pinsir-Mega, L50, M\n|-mega|p1b: Pinsir|Pinsir|Pinsirite\n|move|p2a: Tyranitar|Rock Slide|p1b: Pinsir|[spread] p1a\n|-miss|p2a: Tyranitar|p1b: Pinsir\n|-supereffective|p1a: Incineroar|1\n|-damage|p1a: Incineroar|51/100\n|move|p1b: Pinsir|Lunge|p2a: Tyranitar\n|-supereffective|p2a: Tyranitar|1\n|-damage|p2a: Tyranitar|0 fnt\n|faint|p2a: Tyranitar\n|\n|-weather|Sandstorm|[upkeep]\n|-damage|p1b: Pinsir|88/100|[from] Sandstorm\n|-damage|p1a: Incineroar|45/100|[from] Sandstorm\n|-damage|p2b: Sinistcha|94/100|[from] Sandstorm\n|-enditem|p1a: Incineroar|Sitrus Berry|[eat]\n|-heal|p1a: Incineroar|69/100|[from] item: Sitrus Berry\n|upkeep\n|\n|t:|1776034704\n|switch|p2a: Excadrill|Excadrill, L50, M|67/100\n|turn|7\n|inactive|KingOvershield has 30 seconds left.\n|\n|t:|1776034733\n|move|p1a: Incineroar|Fake Out|p2a: Excadrill\n|-resisted|p2a: Excadrill|1\n|-damage|p2a: Excadrill|57/100\n|cant|p2a: Excadrill|flinch\n|move|p1b: Pinsir|Body Slam|p2b: Sinistcha\n|-supereffective|p2b: Sinistcha|1\n|-damage|p2b: Sinistcha|0 fnt\n|faint|p2b: Sinistcha\n|\n|-weather|none\n|upkeep\n|\n|t:|1776034745\n|switch|p2b: Gardevoir|Gardevoir, L50, M|63/100\n|turn|8\n|-message|f8s forfeited.\n|\n|win|KingOvershield\n|raw|KingOvershield's rating: 1135 &rarr; <strong>1158</strong><br />(+23 for winning)\n|raw|f8s's rating: 1112 &rarr; <strong>1089</strong><br />(-23 for losing)\n|l|\u2606f8s\n|player|p2|\n",
  "uploadtime": 1776034760,
  "views": 14,
  "formatid": "gen9championsvgc2026regma",
  "rating": 1089,
  "private": 0,
  "password": null
}