{
  "id": "gen9championsvgc2026regma-2583000083",
  "format": "[Gen 9 Champions] VGC 2026 Reg M-A",
  "players": [
    "WeoKeo",
    "Bman311"
  ],
  "log": "|j|\u2606WeoKeo\n|j|\u2606Bman311\n|t:|1776132162\n|gametype|doubles\n|player|p1|WeoKeo|265|1248\n|player|p2|Bman311|1|1349\n|gen|9\n|tier|[Gen 9 Champions] VGC 2026 Reg M-A\n|rated|\n|rule|Species Clause: Limit one of each Pok\u00e9mon\n|rule|Item Clause: Limit 1 of each item\n|clearpoke\n|poke|p1|Gengar, L50, M|\n|poke|p1|Whimsicott, L50, M|\n|poke|p1|Basculegion, L50, M|\n|poke|p1|Chesnaught, L50, F|\n|poke|p1|Pelipper, L50, M|\n|poke|p1|Archaludon, L50, F|\n|poke|p2|Aegislash, L50, F|\n|poke|p2|Garchomp, L50, F|\n|poke|p2|Delphox, L50, F|\n|poke|p2|Floette-Eternal, L50, F|\n|poke|p2|Maushold-Four, L50|\n|poke|p2|Talonflame, L50, F|\n|teampreview|4\n|inactive|Battle timer is ON: inactive players will automatically lose when time's up. (requested by Bman311)\nBman311 has agreed to open team sheets.\n|inactive|Bman311 has 60 seconds left.\n|\n|t:|1776132196\n|teamsize|p1|4\n|teamsize|p2|4\n|start\n|switch|p1a: Whimsicott|Whimsicott, L50, M|100/100\n|switch|p1b: Gengar|Gengar, L50, M, shiny|100/100\n|switch|p2a: Floette|Floette-Eternal, L50, F|100/100\n|switch|p2b: Maushold|Maushold-Four, L50|100/100\n|turn|1\n|\n|t:|1776132209\n|detailschange|p1b: Gengar|Gengar-Mega, L50, M, shiny\n|-mega|p1b: Gengar|Gengar|Gengarite\n|move|p2b: Maushold|Follow Me|p2b: Maushold\n|-singleturn|p2b: Maushold|move: Follow Me\n|move|p1a: Whimsicott|Tailwind|p1a: Whimsicott\n|-sidestart|p1: WeoKeo|move: Tailwind\n|move|p1b: Gengar|Sludge Bomb|p2b: Maushold\n|-damage|p2b: Maushold|24/100\n|-status|p2b: Maushold|psn\n|move|p2a: Floette|Calm Mind|p2a: Floette\n|-boost|p2a: Floette|spa|1\n|-boost|p2a: Floette|spd|1\n|\n|-damage|p2b: Maushold|12/100 psn|[from] psn\n|upkeep\n|turn|2\n|\n|t:|1776132224\n|detailschange|p2a: Floette|Floette-Mega, L50, F\n|-mega|p2a: Floette|Floette|Floettite\n|-ability|p2a: Floette|Fairy Aura\n|move|p1a: Whimsicott|Protect|p1a: Whimsicott\n|-singleturn|p1a: Whimsicott|Protect\n|move|p1b: Gengar|Protect|p1b: Gengar\n|-singleturn|p1b: Gengar|Protect\n|move|p2b: Maushold|Follow Me|p2b: Maushold\n|-singleturn|p2b: Maushold|move: Follow Me\n|move|p2a: Floette|Dazzling Gleam|p1a: Whimsicott|[spread] \n|-activate|p1a: Whimsicott|move: Protect\n|-activate|p1b: Gengar|move: Protect\n|\n|-damage|p2b: Maushold|0 fnt|[from] psn\n|faint|p2b: Maushold\n|upkeep\n|\n|t:|1776132233\n|switch|p2b: Talonflame|Talonflame, L50, F|100/100\n|turn|3\n|\n|t:|1776132240\n|move|p1a: Whimsicott|Encore|p2a: Floette\n|-start|p2a: Floette|Encore\n|move|p2b: Talonflame|Tailwind|p2b: Talonflame\n|-sidestart|p2: Bman311|move: Tailwind\n|move|p1b: Gengar|Disable|p2a: Floette\n|-start|p2a: Floette|Disable|Dazzling Gleam\n|cant|p2a: Floette|Disable|Dazzling Gleam\n|\n|upkeep\n|turn|4\n|\n|t:|1776132254\n|switch|p1a: Pelipper|Pelipper, L50, M|100/100\n|-weather|RainDance|[from] ability: Drizzle|[of] p1a: Pelipper\n|move|p2b: Talonflame|Acrobatics|p1b: Gengar\n|-damage|p1b: Gengar|30/100\n|move|p1b: Gengar|Sludge Bomb|p2a: Floette\n|-supereffective|p2a: Floette|1\n|-damage|p2a: Floette|51/100\n|-status|p2a: Floette|psn\n|-activate|p2a: Floette|move: Struggle\n|move|p2a: Floette|Struggle|p1b: Gengar\n|-damage|p1b: Gengar|17/100\n|-damage|p2a: Floette|26/100 psn|[from] recoil\n|\n|-weather|RainDance|[upkeep]\n|-damage|p2a: Floette|14/100 psn|[from] psn\n|-sideend|p1: WeoKeo|move: Tailwind\n|upkeep\n|turn|5\n|\n|t:|1776132268\n|move|p1b: Gengar|Protect|p1b: Gengar\n|-singleturn|p1b: Gengar|Protect\n|move|p2b: Talonflame|Acrobatics|p1b: Gengar\n|-activate|p1b: Gengar|move: Protect\n|-activate|p2a: Floette|move: Struggle\n|move|p2a: Floette|Struggle|p1a: Pelipper\n|-damage|p1a: Pelipper|93/100\n|-damage|p2a: Floette|0 fnt|[from] recoil\n|faint|p2a: Floette\n|move|p1a: Pelipper|Hydro Pump|p2b: Talonflame\n|-supereffective|p2b: Talonflame|1\n|-damage|p2b: Talonflame|0 fnt\n|faint|p2b: Talonflame\n|\n|-weather|RainDance|[upkeep]\n|upkeep\n|\n|t:|1776132271\n|switch|p2b: Garchomp|Garchomp, L50, F|100/100\n|turn|6\n|\n|t:|1776132288\n|switch|p1b: Whimsicott|Whimsicott, L50, M|100/100\n|move|p2b: Garchomp|Rock Slide|p1b: Whimsicott|[spread] p1a,p1b\n|-supereffective|p1a: Pelipper|1\n|-damage|p1a: Pelipper|65/100\n|-damage|p1b: Whimsicott|82/100\n|move|p1a: Pelipper|Hurricane|p2b: Garchomp\n|-damage|p2b: Garchomp|65/100\n|\n|-weather|RainDance|[upkeep]\n|-sideend|p2: Bman311|move: Tailwind\n|upkeep\n|turn|7\n|\n|t:|1776132297\n|move|p1b: Whimsicott|Encore|p2b: Garchomp\n|-start|p2b: Garchomp|Encore\n|move|p2b: Garchomp|Rock Slide|p1a: Pelipper|[spread] p1a,p1b\n|-supereffective|p1a: Pelipper|1\n|-damage|p1a: Pelipper|34/100\n|-damage|p1b: Whimsicott|66/100\n|-enditem|p1a: Pelipper|Sitrus Berry|[eat]\n|-heal|p1a: Pelipper|59/100|[from] item: Sitrus Berry\n|move|p1a: Pelipper|Hurricane|p2b: Garchomp\n|-damage|p2b: Garchomp|29/100\n|-enditem|p2b: Garchomp|Sitrus Berry|[eat]\n|-heal|p2b: Garchomp|53/100|[from] item: Sitrus Berry\n|\n|-weather|RainDance|[upkeep]\n|upkeep\n|turn|8\n|\n|t:|1776132309\n|switch|p1b: Basculegion|Basculegion, L50, M|100/100\n|move|p2b: Garchomp|Rock Slide|p1b: Basculegion|[spread] p1a\n|-miss|p2b: Garchomp|p1b: Basculegion\n|-supereffective|p1a: Pelipper|1\n|-damage|p1a: Pelipper|26/100\n|move|p1a: Pelipper|Hurricane|p2b: Garchomp\n|-damage|p2b: Garchomp|16/100\n|\n|-weather|none\n|upkeep\n|turn|9\n|\n|t:|1776132313\n|move|p2b: Garchomp|Rock Slide|p1b: Basculegion|[spread] p1a,p1b\n|-supereffective|p1a: Pelipper|1\n|-damage|p1a: Pelipper|0 fnt\n|-damage|p1b: Basculegion|79/100\n|faint|p1a: Pelipper\n|cant|p1b: Basculegion|flinch\n|\n|-end|p2b: Garchomp|Encore\n|upkeep\n|\n|t:|1776132318\n|switch|p1a: Gengar|Gengar-Mega, L50, M, shiny|17/100\n|turn|10\n|\n|t:|1776132323\n|move|p1a: Gengar|Shadow Ball|p2b: Garchomp\n|-damage|p2b: Garchomp|0 fnt\n|faint|p2b: Garchomp\n|\n|win|WeoKeo\n|raw|WeoKeo's rating: 1248 &rarr; <strong>1280</strong><br />(+32 for winning)\n|raw|Bman311's rating: 1349 &rarr; <strong>1323</strong><br />(-26 for losing)\n",
  "uploadtime": 1776132327,
  "views": 24,
  "formatid": "gen9championsvgc2026regma",
  "rating": 1280,
  "private": 0,
  "password": null
}