{
  "id": "gen9championsvgc2026regma-2585072082",
  "format": "[Gen 9 Champions] VGC 2026 Reg M-A",
  "players": [
    "jewstein7",
    "SayyyCheese"
  ],
  "log": "|j|\u2606jewstein7\n|j|\u2606SayyyCheese\n|t:|1776308876\n|gametype|doubles\n|player|p1|jewstein7|266|1075\n|player|p2|SayyyCheese|2|1173\n|gen|9\n|tier|[Gen 9 Champions] VGC 2026 Reg M-A\n|rated|\n|rule|Species Clause: Limit one of each Pok\u00e9mon\n|rule|Item Clause: Limit 1 of each item\n|clearpoke\n|poke|p1|Alcremie, L50, F|\n|poke|p1|Abomasnow, L50, M|\n|poke|p1|Froslass, L50, F|\n|poke|p1|Farigiraf, L50, F|\n|poke|p1|Incineroar, L50, M|\n|poke|p1|Rotom-Wash, L50|\n|poke|p2|Decidueye-Hisui, L50, M|\n|poke|p2|Farigiraf, L50, M|\n|poke|p2|Oranguru, L50, M|\n|poke|p2|Golurk, L50|\n|poke|p2|Sinistcha, L50|\n|poke|p2|Hatterene, L50, F|\n|teampreview|4\n|inactive|Battle timer is ON: inactive players will automatically lose when time's up. (requested by SayyyCheese)\n|\n|t:|1776308906\n|teamsize|p1|4\n|teamsize|p2|4\n|start\n|switch|p1a: Farigiraf|Farigiraf, L50, F|100/100\n|switch|p1b: Rotom|Rotom-Wash, L50|100/100\n|switch|p2a: Farigiraf|Farigiraf, L50, M|100/100\n|switch|p2b: Oranguru|Oranguru, L50, M|100/100\n|turn|1\n|\n|t:|1776308920\n|move|p1b: Rotom|Trick|p2a: Farigiraf\n|-activate|p1b: Rotom|move: Trick|[of] p2a: Farigiraf\n|-item|p2a: Farigiraf|Choice Scarf|[from] move: Trick\n|-item|p1b: Rotom|Sitrus Berry|[from] move: Trick\n|move|p2a: Farigiraf|Expanding Force|p1b: Rotom\n|-damage|p1b: Rotom|49/100\n|-enditem|p1b: Rotom|Sitrus Berry|[eat]\n|-heal|p1b: Rotom|74/100|[from] item: Sitrus Berry\n|move|p2b: Oranguru|Psychic Terrain|p2b: Oranguru\n|-fieldstart|move: Psychic Terrain\n|move|p1a: Farigiraf|Foul Play|p2b: Oranguru\n|-supereffective|p2b: Oranguru|1\n|-damage|p2b: Oranguru|77/100\n|\n|upkeep\n|turn|2\n|inactive|jewstein7 has 30 seconds left.\n|\n|t:|1776308945\n|switch|p1a: Incineroar|Incineroar, L50, M|100/100\n|-ability|p1a: Incineroar|Intimidate|boost\n|-unboost|p2a: Farigiraf|atk|1\n|-unboost|p2b: Oranguru|atk|1\n|move|p1b: Rotom|Hydro Pump|p2b: Oranguru|[miss]\n|-miss|p1b: Rotom|p2b: Oranguru\n|move|p2a: Farigiraf|Expanding Force|p1b: Rotom|[spread] p1b\n|-immune|p1a: Incineroar\n|-damage|p1b: Rotom|0 fnt\n|faint|p1b: Rotom\n|move|p2b: Oranguru|Trick Room|p2b: Oranguru\n|-fieldstart|move: Trick Room|[of] p2b: Oranguru\n|\n|upkeep\n|\n|t:|1776308956\n|switch|p1b: Farigiraf|Farigiraf, L50, F|100/100\n|turn|3\n|\n|t:|1776308967\n|move|p1b: Farigiraf|Helping Hand|p1a: Incineroar\n|-singleturn|p1a: Incineroar|Helping Hand|[of] p1b: Farigiraf\n|move|p2b: Oranguru|Instruct|p2a: Farigiraf\n|-singleturn|p2a: Farigiraf|move: Instruct|[of] p2b: Oranguru\n|move|p2a: Farigiraf|Expanding Force|p1b: Farigiraf|[spread] p1b\n|-immune|p1a: Incineroar\n|-resisted|p1b: Farigiraf|1\n|-damage|p1b: Farigiraf|79/100\n|move|p1a: Incineroar|Flare Blitz|p2a: Farigiraf\n|-damage|p2a: Farigiraf|21/100\n|-damage|p1a: Incineroar|70/100|[from] Recoil\n|move|p2a: Farigiraf|Expanding Force|p1a: Incineroar|[spread] p1b\n|-immune|p1a: Incineroar\n|-resisted|p1b: Farigiraf|1\n|-damage|p1b: Farigiraf|57/100\n|\n|-heal|p1a: Incineroar|76/100|[from] item: Leftovers\n|upkeep\n|turn|4\n|inactive|jewstein7 has 30 seconds left.\n|inactive|SayyyCheese has 30 seconds left.\n|\n|t:|1776308994\n|switch|p2a: Golurk|Golurk, L50|100/100\n|move|p1b: Farigiraf|Foul Play|p2b: Oranguru\n|-supereffective|p2b: Oranguru|1\n|-damage|p2b: Oranguru|60/100\n|move|p2b: Oranguru|Light Screen|p2b: Oranguru\n|-sidestart|p2: SayyyCheese|move: Light Screen\n|move|p1a: Incineroar|Flare Blitz|p2a: Golurk\n|-damage|p2a: Golurk|39/100\n|-damage|p1a: Incineroar|56/100|[from] Recoil\n|\n|-heal|p1a: Incineroar|62/100|[from] item: Leftovers\n|upkeep\n|turn|5\n|\n|t:|1776309011\n|detailschange|p2a: Golurk|Golurk-Mega, L50\n|-mega|p2a: Golurk|Golurk|Golurkite\n|move|p2a: Golurk|Earthquake|p1a: Incineroar|[spread] p1a,p1b\n|-activate|p2b: Oranguru|ability: Telepathy\n|-supereffective|p1a: Incineroar|1\n|-damage|p1a: Incineroar|0 fnt\n|-damage|p1b: Farigiraf|8/100\n|-enditem|p1b: Farigiraf|Sitrus Berry|[eat]\n|-heal|p1b: Farigiraf|33/100|[from] item: Sitrus Berry\n|faint|p1a: Incineroar\n|move|p1b: Farigiraf|Foul Play|p2a: Golurk\n|-supereffective|p2a: Golurk|1\n|-damage|p2a: Golurk|0 fnt\n|faint|p2a: Golurk\n|move|p2b: Oranguru|Instruct|p2: Golurk|[notarget]\n|-fail|p2b: Oranguru\n|\n|-fieldend|move: Psychic Terrain\n|upkeep\n|\n|t:|1776309027\n|switch|p2a: Hatterene|Hatterene, L50, F, shiny|100/100\n|switch|p1a: Froslass|Froslass, L50, F|100/100\n|turn|6\n|\n|t:|1776309047\n|detailschange|p1a: Froslass|Froslass-Mega, L50, F\n|-mega|p1a: Froslass|Froslass|Froslassite\n|-weather|Snowscape|[from] ability: Snow Warning|[of] p1a: Froslass\n|move|p1b: Farigiraf|Psychic Noise|p2a: Hatterene\n|-resisted|p2a: Hatterene|1\n|-damage|p2a: Hatterene|90/100\n|-start|p2a: Hatterene|move: Heal Block\n|move|p1a: Froslass|Nasty Plot|p1a: Froslass\n|-boost|p1a: Froslass|spa|2\n|move|p2a: Hatterene|Trick Room|p2a: Hatterene\n|-fieldend|move: Trick Room\n|move|p2b: Oranguru|Trick Room|p2b: Oranguru\n|-fieldstart|move: Trick Room|[of] p2b: Oranguru\n|\n|-weather|Snowscape|[upkeep]\n|upkeep\n|turn|7\n|inactive|SayyyCheese has 30 seconds left.\n|inactive|SayyyCheese has 20 seconds left.\n|inactive|SayyyCheese has 15 seconds left.\n|inactive|SayyyCheese has 10 seconds left.\n|inactive|SayyyCheese has 5 seconds left.\n|\n|t:|1776309103\n|move|p2a: Hatterene|Expanding Force|p1a: Froslass\n|-damage|p1a: Froslass|37/100\n|move|p2b: Oranguru|Psychic Terrain|p2b: Oranguru\n|-fieldstart|move: Psychic Terrain\n|move|p1a: Froslass|Blizzard|p2a: Hatterene|[spread] p2a,p2b\n|-damage|p2a: Hatterene|22/100\n|-damage|p2b: Oranguru|12/100\n|move|p1b: Farigiraf|Trick Room|p1b: Farigiraf\n|-fieldend|move: Trick Room\n|\n|-weather|Snowscape|[upkeep]\n|-end|p2a: Hatterene|move: Heal Block\n|upkeep\n|turn|8\n|inactive|SayyyCheese has 30 seconds left.\n|\n|t:|1776309129\n|move|p1a: Froslass|Blizzard|p2a: Hatterene|[spread] p2a,p2b\n|-damage|p2a: Hatterene|0 fnt\n|-damage|p2b: Oranguru|0 fnt\n|faint|p2a: Hatterene\n|faint|p2b: Oranguru\n|move|p1b: Farigiraf|Psychic Noise|p2: Hatterene|[notarget]\n|-fail|p1b: Farigiraf\n|\n|-weather|Snowscape|[upkeep]\n|-sideend|p2: SayyyCheese|move: Light Screen\n|upkeep\n|\n|t:|1776309133\n|switch|p2b: Farigiraf|Farigiraf, L50, M|21/100\n|turn|9\n|\n|t:|1776309145\n|move|p1a: Froslass|Blizzard|p2b: Farigiraf\n|-damage|p2b: Farigiraf|0 fnt\n|faint|p2b: Farigiraf\n|\n|win|jewstein7\n|raw|jewstein7's rating: 1075 &rarr; <strong>1112</strong><br />(+37 for winning)\n|raw|SayyyCheese's rating: 1173 &rarr; <strong>1141</strong><br />(-32 for losing)\n|l|\u2606SayyyCheese\n|player|p2|\n",
  "uploadtime": 1776309177,
  "views": 55,
  "formatid": "gen9championsvgc2026regma",
  "rating": 1112,
  "private": 0,
  "password": null
}