{
  "id": "gen9championsvgc2026regma-2587399527",
  "format": "[Gen 9 Champions] VGC 2026 Reg M-A",
  "players": [
    "strickhon",
    "uocjcobo"
  ],
  "log": "|j|\u2606strickhon\n|j|\u2606uocjcobo\n|t:|1776528609\n|gametype|doubles\n|player|p1|strickhon|2|1292\n|player|p2|uocjcobo|rosa-masters|1298\n|gen|9\n|tier|[Gen 9 Champions] VGC 2026 Reg M-A\n|rated|\n|rule|Species Clause: Limit one of each Pok\u00e9mon\n|rule|Item Clause: Limit 1 of each item\n|clearpoke\n|poke|p1|Rotom-Wash, L50|\n|poke|p1|Maushold-Four, L50|\n|poke|p1|Corviknight, L50, M|\n|poke|p1|Excadrill, L50, M|\n|poke|p1|Tyranitar, L50, F|\n|poke|p1|Ninetales-Alola, L50, F|\n|poke|p2|Floette-Eternal, L50, F|\n|poke|p2|Aerodactyl, L50, M|\n|poke|p2|Incineroar, L50, F|\n|poke|p2|Kingambit, L50, F|\n|poke|p2|Sinistcha, L50|\n|poke|p2|Sneasler, L50, F|\n|teampreview|4\n|inactive|Battle timer is ON: inactive players will automatically lose when time's up. (requested by uocjcobo)\n|inactive|strickhon has 60 seconds left.\n|inactive|uocjcobo has 60 seconds left.\n|\n|t:|1776528654\n|teamsize|p1|4\n|teamsize|p2|4\n|start\n|switch|p1a: Corviknight|Corviknight, L50, M|100/100\n|switch|p1b: Excadrill|Excadrill, L50, M|100/100\n|switch|p2a: Floette|Floette-Eternal, L50, F|100/100\n|switch|p2b: Incineroar|Incineroar, L50, F|100/100\n|-ability|p2b: Incineroar|Intimidate|boost\n|-ability|p1a: Corviknight|Mirror Armor\n|-unboost|p2b: Incineroar|atk|1\n|-unboost|p1b: Excadrill|atk|1\n|turn|1\n|inactive|strickhon has 30 seconds left.\n|\n|t:|1776528685\n|detailschange|p1b: Excadrill|Excadrill-Mega, L50, M\n|-mega|p1b: Excadrill|Excadrill|Excadrite\n|move|p2a: Floette|Protect|p2a: Floette\n|-singleturn|p2a: Floette|Protect\n|move|p1b: Excadrill|Iron Head|p2a: Floette\n|-supereffective|p2a: Floette|1\n|-ability|p1b: Excadrill|Piercing Drill\n|-zbroken|p2a: Floette\n|-damage|p2a: Floette|81/100\n|move|p1a: Corviknight|Tailwind|p1a: Corviknight\n|-sidestart|p1: strickhon|move: Tailwind\n|move|p2b: Incineroar|Flare Blitz|p1a: Corviknight\n|-supereffective|p1a: Corviknight|1\n|-damage|p1a: Corviknight|45/100\n|-damage|p2b: Incineroar|82/100|[from] Recoil\n|\n|-heal|p1a: Corviknight|51/100|[from] item: Leftovers\n|upkeep\n|turn|2\n|inactive|strickhon has 30 seconds left.\n|\n|t:|1776528716\n|switch|p2a: Sneasler|Sneasler, L50, F|100/100\n|move|p1b: Excadrill|Earthquake|p2b: Incineroar|[spread] p2a,p2b\n|-immune|p1a: Corviknight\n|-supereffective|p2a: Sneasler|1\n|-supereffective|p2b: Incineroar|1\n|-damage|p2a: Sneasler|0 fnt\n|-damage|p2b: Incineroar|25/100\n|faint|p2a: Sneasler\n|move|p1a: Corviknight|Body Press|p2b: Incineroar\n|-supereffective|p2b: Incineroar|1\n|-enditem|p2b: Incineroar|Chople Berry|[eat]\n|-enditem|p2b: Incineroar|Chople Berry|[weaken]\n|-damage|p2b: Incineroar|8/100\n|move|p2b: Incineroar|Flare Blitz|p1b: Excadrill\n|-supereffective|p1b: Excadrill|1\n|-damage|p1b: Excadrill|36/100\n|-damage|p2b: Incineroar|0 fnt|[from] Recoil\n|faint|p2b: Incineroar\n|\n|-heal|p1a: Corviknight|57/100|[from] item: Leftovers\n|upkeep\n|\n|t:|1776528724\n|switch|p2a: Aerodactyl|Aerodactyl, L50, M|100/100\n|switch|p2b: Floette|Floette-Eternal, L50, F|81/100\n|-ability|p2a: Aerodactyl|Unnerve\n|turn|3\n|\n|t:|1776528740\n|switch|p1b: Tyranitar|Tyranitar, L50, F|100/100\n|-weather|Sandstorm|[from] ability: Sand Stream|[of] p1b: Tyranitar\n|move|p2b: Floette|Protect|p2b: Floette\n|-singleturn|p2b: Floette|Protect\n|move|p1a: Corviknight|Body Press|p2a: Aerodactyl\n|-damage|p2a: Aerodactyl|72/100\n|move|p2a: Aerodactyl|Tailwind|p2a: Aerodactyl\n|-sidestart|p2: uocjcobo|move: Tailwind\n|\n|-weather|Sandstorm|[upkeep]\n|-damage|p2b: Floette|75/100|[from] Sandstorm\n|-heal|p1a: Corviknight|62/100|[from] item: Leftovers\n|upkeep\n|turn|4\n|\n|t:|1776528758\n|detailschange|p2b: Floette|Floette-Mega, L50, F\n|-mega|p2b: Floette|Floette|Floettite\n|-ability|p2b: Floette|Fairy Aura\n|move|p2a: Aerodactyl|Rock Slide|p1a: Corviknight|[spread] p1a,p1b\n|-damage|p1a: Corviknight|40/100\n|-damage|p1b: Tyranitar|82/100\n|move|p2b: Floette|Moonblast|p1b: Tyranitar\n|-supereffective|p1b: Tyranitar|1\n|-damage|p1b: Tyranitar|0 fnt\n|faint|p1b: Tyranitar\n|cant|p1a: Corviknight|flinch\n|\n|-weather|Sandstorm|[upkeep]\n|-damage|p2b: Floette|69/100|[from] Sandstorm\n|-heal|p1a: Corviknight|46/100|[from] item: Leftovers\n|-sideend|p1: strickhon|move: Tailwind\n|upkeep\n|\n|t:|1776528776\n|switch|p1b: Excadrill|Excadrill-Mega, L50, M|36/100\n|turn|5\n|inactive|strickhon has 30 seconds left.\n|inactive|strickhon has 20 seconds left.\n|inactive|strickhon has 15 seconds left.\n|\n|t:|1776528817\n|move|p2a: Aerodactyl|Rock Slide|p1b: Excadrill|[spread] p1a,p1b\n|-resisted|p1b: Excadrill|2\n|-damage|p1a: Corviknight|25/100\n|-damage|p1b: Excadrill|31/100\n|move|p2b: Floette|Dazzling Gleam|p1a: Corviknight|[spread] p1a,p1b\n|-resisted|p1a: Corviknight|1\n|-resisted|p1b: Excadrill|1\n|-damage|p1a: Corviknight|4/100\n|-damage|p1b: Excadrill|0 fnt\n|faint|p1b: Excadrill\n|move|p1a: Corviknight|Tailwind|p1a: Corviknight\n|-sidestart|p1: strickhon|move: Tailwind\n|\n|-weather|Sandstorm|[upkeep]\n|-damage|p2b: Floette|63/100|[from] Sandstorm\n|-heal|p1a: Corviknight|10/100|[from] item: Leftovers\n|upkeep\n|\n|t:|1776528826\n|switch|p1b: Maushold|Maushold-Four, L50|100/100\n|turn|6\n|inactive|strickhon has 30 seconds left.\n|\n|t:|1776528857\n|move|p2a: Aerodactyl|Rock Slide|p1b: Maushold|[spread] p1a,p1b\n|-damage|p1a: Corviknight|0 fnt\n|-damage|p1b: Maushold|68/100\n|faint|p1a: Corviknight\n|move|p1b: Maushold|Super Fang|p2b: Floette\n|-damage|p2b: Floette|32/100\n|move|p2b: Floette|Moonblast|p1b: Maushold\n|-damage|p1b: Maushold|0 fnt\n|faint|p1b: Maushold\n|\n|win|uocjcobo\n|raw|strickhon's rating: 1292 &rarr; <strong>1267</strong><br />(-25 for losing)\n|raw|uocjcobo's rating: 1298 &rarr; <strong>1323</strong><br />(+25 for winning)\n",
  "uploadtime": 1776528858,
  "views": 26,
  "formatid": "gen9championsvgc2026regma",
  "rating": 1267,
  "private": 0,
  "password": null
}