{
  "id": "gen9championsvgc2026regma-2583574542",
  "format": "[Gen 9 Champions] VGC 2026 Reg M-A",
  "players": [
    "Zabe",
    "Penguin4456"
  ],
  "log": "|j|\u2606Zabe\n|j|\u2606Penguin4456\n|t:|1776184219\n|gametype|doubles\n|player|p1|Zabe|boarder|1129\n|player|p2|Penguin4456|266|1110\n|gen|9\n|tier|[Gen 9 Champions] VGC 2026 Reg M-A\n|rated|\n|rule|Species Clause: Limit one of each Pok\u00e9mon\n|rule|Item Clause: Limit 1 of each item\n|clearpoke\n|poke|p1|Garchomp, L50, F|\n|poke|p1|Tyranitar, L50, F|\n|poke|p1|Chandelure, L50, F|\n|poke|p1|Corviknight, L50, F|\n|poke|p1|Venusaur, L50, F|\n|poke|p1|Hawlucha, L50, M|\n|poke|p2|Slowbro, L50, M|\n|poke|p2|Farigiraf, L50, M|\n|poke|p2|Sinistcha, L50|\n|poke|p2|Sylveon, L50, M|\n|poke|p2|Goodra-Hisui, L50, M|\n|poke|p2|Arcanine-Hisui, L50, F|\n|teampreview|4\n|\n|t:|1776184256\n|teamsize|p1|4\n|teamsize|p2|4\n|start\n|switch|p1a: Garchomp|Garchomp, L50, F, shiny|100/100\n|switch|p1b: Tyranitar|Tyranitar, L50, F, shiny|100/100\n|switch|p2a: Farigiraf|Farigiraf, L50, M|100/100\n|switch|p2b: Goodra|Goodra-Hisui, L50, M|100/100\n|-weather|Sandstorm|[from] ability: Sand Stream|[of] p1b: Tyranitar\n|turn|1\n|\n|t:|1776184288\n|move|p1a: Garchomp|Outrage|p2b: Goodra\n|-damage|p2b: Goodra|41/100\n|move|p1b: Tyranitar|Stealth Rock|p2b: Goodra\n|-sidestart|p2: Penguin4456|move: Stealth Rock\n|move|p2b: Goodra|Draco Meteor|p1a: Garchomp\n|-supereffective|p1a: Garchomp|1\n|-damage|p1a: Garchomp|0 fnt\n|-unboost|p2b: Goodra|spa|2\n|faint|p1a: Garchomp\n|move|p2a: Farigiraf|Trick Room|p2a: Farigiraf\n|-fieldstart|move: Trick Room|[of] p2a: Farigiraf\n|\n|-weather|Sandstorm|[upkeep]\n|-damage|p2a: Farigiraf|94/100|[from] Sandstorm\n|upkeep\n|\n|t:|1776184305\n|switch|p1a: Venusaur|Venusaur, L50, F|100/100\n|turn|2\n|\n|t:|1776184318\n|move|p1b: Tyranitar|Crunch|p2a: Farigiraf\n|-supereffective|p2a: Farigiraf|1\n|-crit|p2a: Farigiraf\n|-enditem|p2a: Farigiraf|Colbur Berry|[eat]\n|-enditem|p2a: Farigiraf|Colbur Berry|[weaken]\n|-damage|p2a: Farigiraf|38/100\n|move|p2b: Goodra|Shelter|p2b: Goodra\n|-boost|p2b: Goodra|def|2\n|move|p2a: Farigiraf|Psychic|p1a: Venusaur\n|-supereffective|p1a: Venusaur|1\n|-damage|p1a: Venusaur|45/100\n|move|p1a: Venusaur|Earth Power|p2b: Goodra\n|-supereffective|p2b: Goodra|1\n|-damage|p2b: Goodra|11/100\n|\n|-weather|Sandstorm|[upkeep]\n|-damage|p2a: Farigiraf|31/100|[from] Sandstorm\n|-damage|p1a: Venusaur|39/100|[from] Sandstorm\n|upkeep\n|turn|3\n|\n|t:|1776184343\n|switch|p1a: Chandelure|Chandelure, L50, F|100/100\n|move|p2a: Farigiraf|Protect|p2a: Farigiraf\n|-singleturn|p2a: Farigiraf|Protect\n|move|p1b: Tyranitar|Crunch|p2a: Farigiraf\n|-activate|p2a: Farigiraf|move: Protect\n|move|p2b: Goodra|Body Press|p1b: Tyranitar\n|-supereffective|p1b: Tyranitar|2\n|-crit|p1b: Tyranitar\n|-damage|p1b: Tyranitar|0 fnt\n|faint|p1b: Tyranitar\n|\n|-weather|Sandstorm|[upkeep]\n|-damage|p2a: Farigiraf|25/100|[from] Sandstorm\n|-damage|p1a: Chandelure|95/100|[from] Sandstorm\n|upkeep\n|\n|t:|1776184359\n|switch|p1b: Venusaur|Venusaur, L50, F|39/100\n|turn|4\n|\n|t:|1776184371\n|move|p2b: Goodra|Draco Meteor|p1a: Chandelure\n|-damage|p1a: Chandelure|59/100\n|-unboost|p2b: Goodra|spa|2\n|move|p2a: Farigiraf|Psychic|p1b: Venusaur\n|-supereffective|p1b: Venusaur|1\n|-damage|p1b: Venusaur|0 fnt\n|faint|p1b: Venusaur\n|move|p1a: Chandelure|Fire Blast|p2b: Goodra\n|-damage|p2b: Goodra|0 fnt\n|faint|p2b: Goodra\n|\n|-weather|Sandstorm|[upkeep]\n|-damage|p2a: Farigiraf|19/100|[from] Sandstorm\n|-damage|p1a: Chandelure|53/100|[from] Sandstorm\n|upkeep\n|\n|t:|1776184387\n|switch|p2b: Slowbro|Slowbro, L50, M|100/100\n|-damage|p2b: Slowbro|88/100|[from] Stealth Rock\n|turn|5\n|\n|t:|1776184394\n|detailschange|p2b: Slowbro|Slowbro-Mega, L50, M\n|-mega|p2b: Slowbro|Slowbro|Slowbronite\n|move|p2b: Slowbro|Muddy Water|p1a: Chandelure\n|-supereffective|p1a: Chandelure|1\n|-damage|p1a: Chandelure|0 fnt\n|faint|p1a: Chandelure\n|\n|win|Penguin4456\n|raw|Zabe's rating: 1129 &rarr; <strong>1103</strong><br />(-26 for losing)\n|raw|Penguin4456's rating: 1110 &rarr; <strong>1136</strong><br />(+26 for winning)\n|l|\u2606Zabe\n|player|p1|\n",
  "uploadtime": 1776184403,
  "views": 14,
  "formatid": "gen9championsvgc2026regma",
  "rating": 1103,
  "private": 0,
  "password": null
}