{
  "id": "gen9championsvgc2026regma-2589478825",
  "format": "[Gen 9 Champions] VGC 2026 Reg M-A",
  "players": [
    "FlareonFan100",
    "muffinmcbluffin"
  ],
  "log": "|j|\u2606FlareonFan100\n|j|\u203dmuffinmcbluffin\n|t:|1776726629\n|gametype|doubles\n|player|p1|FlareonFan100|hero-conquest|1376\n|player|p2|muffinmcbluffin|2|1317\n|gen|9\n|tier|[Gen 9 Champions] VGC 2026 Reg M-A\n|rated|\n|rule|Species Clause: Limit one of each Pok\u00e9mon\n|rule|Item Clause: Limit 1 of each item\n|clearpoke\n|poke|p1|Ninetales-Alola, L50, F|\n|poke|p1|Sneasler, L50, F|\n|poke|p1|Aggron, L50, M|\n|poke|p1|Hydreigon, L50, F|\n|poke|p1|Sinistcha, L50|\n|poke|p1|Incineroar, L50, F|\n|poke|p2|Tyranitar, L50, M|\n|poke|p2|Corviknight, L50, F|\n|poke|p2|Rotom-Wash, L50|\n|poke|p2|Incineroar, L50, M|\n|poke|p2|Sinistcha, L50|\n|poke|p2|Excadrill, L50, F|\n|teampreview|4\n|\n|t:|1776726712\n|teamsize|p1|4\n|teamsize|p2|4\n|start\n|switch|p1a: Aggron|Aggron, L50, M|100/100\n|switch|p1b: Incineroar|Incineroar, L50, F|100/100\n|switch|p2a: Incineroar|Incineroar, L50, M|100/100\n|switch|p2b: Corviknight|Corviknight, L50, F|100/100\n|-ability|p1b: Incineroar|Intimidate|boost\n|-unboost|p2a: Incineroar|atk|1\n|-ability|p2b: Corviknight|Mirror Armor\n|-unboost|p1b: Incineroar|atk|1\n|-ability|p2a: Incineroar|Intimidate|boost\n|-unboost|p1a: Aggron|atk|1\n|-unboost|p1b: Incineroar|atk|1\n|turn|1\n|\n|t:|1776726728\n|detailschange|p1a: Aggron|Aggron-Mega, L50, M\n|-mega|p1a: Aggron|Aggron|Aggronite\n|move|p1b: Incineroar|Fake Out|p2a: Incineroar\n|-damage|p2a: Incineroar|94/100\n|cant|p2a: Incineroar|flinch\n|move|p2b: Corviknight|Iron Defense|p2b: Corviknight\n|-boost|p2b: Corviknight|def|2\n|move|p1a: Aggron|Curse|p1a: Aggron\n|-unboost|p1a: Aggron|spe|1\n|-boost|p1a: Aggron|atk|1\n|-boost|p1a: Aggron|def|1\n|\n|upkeep\n|turn|2\n|\n|t:|1776726765\n|switch|p1b: Sneasler|Sneasler, L50, F|100/100\n|move|p2b: Corviknight|Iron Defense|p2b: Corviknight\n|-boost|p2b: Corviknight|def|2\n|move|p2a: Incineroar|Parting Shot|p1a: Aggron\n|-unboost|p1a: Aggron|atk|1\n|-unboost|p1a: Aggron|spa|1\n|\n|t:|1776726769\n|switch|p2a: Sinistcha|Sinistcha, L50|100/100|[from] Parting Shot\n|move|p1a: Aggron|Curse|p1a: Aggron\n|-unboost|p1a: Aggron|spe|1\n|-boost|p1a: Aggron|atk|1\n|-boost|p1a: Aggron|def|1\n|\n|upkeep\n|turn|3\n|\n|t:|1776726790\n|switch|p2a: Incineroar|Incineroar, L50, M|94/100\n|-ability|p2a: Incineroar|Intimidate|boost\n|-unboost|p1a: Aggron|atk|1\n|-unboost|p1b: Sneasler|atk|1\n|-enditem|p1b: Sneasler|White Herb\n|-clearnegativeboost|p1b: Sneasler|[silent]\n|move|p1b: Sneasler|Fake Out|p2b: Corviknight\n|-resisted|p2b: Corviknight|1\n|-damage|p2b: Corviknight|99/100\n|cant|p2b: Corviknight|flinch\n|move|p1a: Aggron|Curse|p1a: Aggron\n|-unboost|p1a: Aggron|spe|1\n|-boost|p1a: Aggron|atk|1\n|-boost|p1a: Aggron|def|1\n|\n|-heal|p2b: Corviknight|100/100|[from] item: Leftovers\n|upkeep\n|turn|4\n|\n|t:|1776726816\n|move|p1b: Sneasler|Close Combat|p2a: Incineroar\n|-supereffective|p2a: Incineroar|1\n|-enditem|p2a: Incineroar|Chople Berry|[eat]\n|-enditem|p2a: Incineroar|Chople Berry|[weaken]\n|-damage|p2a: Incineroar|37/100\n|-unboost|p1b: Sneasler|def|1\n|-unboost|p1b: Sneasler|spd|1\n|move|p2b: Corviknight|Body Press|p1a: Aggron\n|-supereffective|p1a: Aggron|1\n|-damage|p1a: Aggron|83/100\n|move|p2a: Incineroar|Parting Shot|p1a: Aggron\n|-unboost|p1a: Aggron|atk|1\n|-unboost|p1a: Aggron|spa|1\n|\n|t:|1776726819\n|switch|p2a: Tyranitar|Tyranitar, L50, M|100/100|[from] Parting Shot\n|-weather|Sandstorm|[from] ability: Sand Stream|[of] p2a: Tyranitar\n|move|p1a: Aggron|Body Press|p2b: Corviknight\n|-damage|p2b: Corviknight|76/100\n|\n|-weather|Sandstorm|[upkeep]\n|-damage|p1b: Sneasler|95/100|[from] Sandstorm\n|-heal|p2b: Corviknight|81/100|[from] item: Leftovers\n|upkeep\n|turn|5\n|\n|t:|1776726861\n|switch|p2a: Sinistcha|Sinistcha, L50|100/100\n|-heal|p2b: Corviknight|100/100|[from] ability: Hospitality|[of] p2a: Sinistcha\n|move|p1b: Sneasler|Protect|p1b: Sneasler\n|-singleturn|p1b: Sneasler|Protect\n|move|p2b: Corviknight|Iron Defense|p2b: Corviknight\n|-boost|p2b: Corviknight|def|2\n|move|p1a: Aggron|Body Press|p2a: Sinistcha\n|-immune|p2a: Sinistcha\n|\n|-weather|Sandstorm|[upkeep]\n|-damage|p1b: Sneasler|89/100|[from] Sandstorm\n|-damage|p2a: Sinistcha|94/100|[from] Sandstorm\n|upkeep\n|turn|6\n|\n|t:|1776726880\n|switch|p1b: Incineroar|Incineroar, L50, F|100/100\n|-ability|p1b: Incineroar|Intimidate|boost\n|-unboost|p2a: Sinistcha|atk|1\n|-ability|p2b: Corviknight|Mirror Armor\n|-unboost|p1b: Incineroar|atk|1\n|move|p2a: Sinistcha|Matcha Gotcha|p1a: Aggron|[spread] p1a,p1b\n|-resisted|p1a: Aggron|1\n|-resisted|p1b: Incineroar|1\n|-damage|p1a: Aggron|73/100\n|-heal|p2a: Sinistcha|99/100|[from] drain|[of] p1a: Aggron\n|-damage|p1b: Incineroar|89/100\n|-heal|p2a: Sinistcha|100/100|[from] drain|[of] p1b: Incineroar\n|move|p2b: Corviknight|Body Press|p1a: Aggron\n|-supereffective|p1a: Aggron|1\n|-damage|p1a: Aggron|48/100\n|move|p1a: Aggron|Curse|p1a: Aggron\n|-unboost|p1a: Aggron|spe|1\n|-boost|p1a: Aggron|atk|1\n|-boost|p1a: Aggron|def|1\n|\n|-weather|Sandstorm|[upkeep]\n|-damage|p1b: Incineroar|83/100|[from] Sandstorm\n|-damage|p2a: Sinistcha|94/100|[from] Sandstorm\n|upkeep\n|turn|7\n|\n|t:|1776726915\n|switch|p1b: Sinistcha|Sinistcha, L50|100/100\n|-heal|p1a: Aggron|73/100|[from] ability: Hospitality|[of] p1b: Sinistcha\n|switch|p2a: Incineroar|Incineroar, L50, M|37/100\n|-ability|p2a: Incineroar|Intimidate|boost\n|-unboost|p1a: Aggron|atk|1\n|-unboost|p1b: Sinistcha|atk|1\n|move|p2b: Corviknight|Body Press|p1b: Sinistcha\n|-immune|p1b: Sinistcha\n|move|p1a: Aggron|Heavy Slam|p2a: Incineroar\n|-resisted|p2a: Incineroar|1\n|-damage|p2a: Incineroar|21/100\n|\n|-weather|Sandstorm|[upkeep]\n|-damage|p1b: Sinistcha|94/100|[from] Sandstorm\n|-damage|p2a: Incineroar|15/100|[from] Sandstorm\n|upkeep\n|turn|8\n|\n|t:|1776726956\n|move|p2b: Corviknight|Brave Bird|p1b: Sinistcha\n|-supereffective|p1b: Sinistcha|1\n|-damage|p1b: Sinistcha|44/100\n|-damage|p2b: Corviknight|86/100|[from] Recoil\n|move|p1b: Sinistcha|Life Dew|p1b: Sinistcha|[spread] p1a,p1b\n|-heal|p1a: Aggron|98/100\n|-heal|p1b: Sinistcha|69/100\n|move|p2a: Incineroar|Flare Blitz|p1b: Sinistcha\n|-supereffective|p1b: Sinistcha|1\n|-crit|p1b: Sinistcha\n|-damage|p1b: Sinistcha|0 fnt\n|faint|p1b: Sinistcha\n|-damage|p2a: Incineroar|0 fnt|[from] Recoil\n|faint|p2a: Incineroar\n|move|p1a: Aggron|Body Press|p2b: Corviknight\n|-damage|p2b: Corviknight|64/100\n|\n|-weather|none\n|-heal|p2b: Corviknight|70/100|[from] item: Leftovers\n|upkeep\n|\n|t:|1776726975\n|switch|p1b: Incineroar|Incineroar, L50, F|83/100\n|switch|p2a: Sinistcha|Sinistcha, L50|94/100\n|-ability|p1b: Incineroar|Intimidate|boost\n|-unboost|p2a: Sinistcha|atk|1\n|-ability|p2b: Corviknight|Mirror Armor\n|-unboost|p1b: Incineroar|atk|1\n|-heal|p2b: Corviknight|95/100|[from] ability: Hospitality|[of] p2a: Sinistcha\n|turn|9\n|\n|t:|1776726994\n|move|p1b: Incineroar|Fake Out|p2b: Corviknight\n|-resisted|p2b: Corviknight|1\n|-damage|p2b: Corviknight|94/100\n|move|p2a: Sinistcha|Matcha Gotcha|p1b: Incineroar|[spread] p1b\n|-miss|p2a: Sinistcha|p1a: Aggron\n|-resisted|p1b: Incineroar|1\n|-damage|p1b: Incineroar|70/100\n|-heal|p2a: Sinistcha|100/100|[from] drain|[of] p1b: Incineroar\n|cant|p2b: Corviknight|flinch\n|move|p1a: Aggron|Curse|p1a: Aggron\n|-unboost|p1a: Aggron|spe|1\n|-boost|p1a: Aggron|atk|1\n|-boost|p1a: Aggron|def|1\n|\n|-heal|p2b: Corviknight|99/100|[from] item: Leftovers\n|upkeep\n|turn|10\n|\n|t:|1776727026\n|move|p1b: Incineroar|Flare Blitz|p2a: Sinistcha\n|-supereffective|p2a: Sinistcha|1\n|-damage|p2a: Sinistcha|25/100\n|-enditem|p2a: Sinistcha|Sitrus Berry|[eat]\n|-heal|p2a: Sinistcha|50/100|[from] item: Sitrus Berry\n|-damage|p1b: Incineroar|49/100|[from] Recoil\n|-enditem|p1b: Incineroar|Sitrus Berry|[eat]\n|-heal|p1b: Incineroar|73/100|[from] item: Sitrus Berry\n|move|p2a: Sinistcha|Matcha Gotcha|p1a: Aggron|[spread] p1a,p1b\n|-resisted|p1a: Aggron|1\n|-resisted|p1b: Incineroar|1\n|-damage|p1a: Aggron|89/100\n|-heal|p2a: Sinistcha|54/100|[from] drain|[of] p1a: Aggron\n|-damage|p1b: Incineroar|63/100\n|-heal|p2a: Sinistcha|61/100|[from] drain|[of] p1b: Incineroar\n|move|p2b: Corviknight|Body Press|p1a: Aggron\n|-supereffective|p1a: Aggron|1\n|-damage|p1a: Aggron|72/100\n|move|p1a: Aggron|Curse|p1a: Aggron\n|-unboost|p1a: Aggron|spe|1\n|-boost|p1a: Aggron|atk|1\n|-boost|p1a: Aggron|def|1\n|\n|-heal|p2b: Corviknight|100/100|[from] item: Leftovers\n|upkeep\n|turn|11\n|\n|t:|1776727062\n|switch|p2a: Tyranitar|Tyranitar, L50, M|100/100\n|-weather|Sandstorm|[from] ability: Sand Stream|[of] p2a: Tyranitar\n|move|p1b: Incineroar|Flare Blitz|p2a: Tyranitar\n|-resisted|p2a: Tyranitar|1\n|-damage|p2a: Tyranitar|84/100\n|-damage|p1b: Incineroar|57/100|[from] Recoil\n|move|p2b: Corviknight|Body Press|p1a: Aggron\n|-supereffective|p1a: Aggron|1\n|-damage|p1a: Aggron|56/100\n|move|p1a: Aggron|Body Press|p2a: Tyranitar\n|-supereffective|p2a: Tyranitar|2\n|-damage|p2a: Tyranitar|0 fnt\n|faint|p2a: Tyranitar\n|\n|-weather|Sandstorm|[upkeep]\n|-damage|p1b: Incineroar|51/100|[from] Sandstorm\n|upkeep\n|\n|t:|1776727065\n|switch|p2a: Sinistcha|Sinistcha, L50|61/100\n|turn|12\n|\n|t:|1776727083\n|move|p1b: Incineroar|Flare Blitz|p2a: Sinistcha\n|-supereffective|p2a: Sinistcha|1\n|-damage|p2a: Sinistcha|0 fnt\n|faint|p2a: Sinistcha\n|-damage|p1b: Incineroar|34/100|[from] Recoil\n|move|p2b: Corviknight|Body Press|p1a: Aggron\n|-supereffective|p1a: Aggron|1\n|-damage|p1a: Aggron|40/100\n|move|p1a: Aggron|Body Press|p2b: Corviknight\n|-crit|p2b: Corviknight\n|-damage|p2b: Corviknight|0 fnt\n|faint|p2b: Corviknight\n|\n|win|FlareonFan100\n|raw|FlareonFan100's rating: 1376 &rarr; <strong>1393</strong><br />(+17 for winning)\n|raw|muffinmcbluffin's rating: 1317 &rarr; <strong>1300</strong><br />(-17 for losing)\n",
  "uploadtime": 1776727095,
  "views": 8,
  "formatid": "gen9championsvgc2026regma",
  "rating": 1300,
  "private": 0,
  "password": null
}