{
  "id": "gen9championsvgc2026regma-2588135549",
  "format": "[Gen 9 Champions] VGC 2026 Reg M-A",
  "players": [
    "Gulptubus",
    "shiningthunder"
  ],
  "log": "|j|\u2606Gulptubus\n|j|\u2606shiningthunder\n|t:|1776607964\n|gametype|doubles\n|player|p1|Gulptubus|pokemonranger-gen4|1120\n|player|p2|shiningthunder|acetrainersnowf|1142\n|gen|9\n|tier|[Gen 9 Champions] VGC 2026 Reg M-A\n|rated|\n|rule|Species Clause: Limit one of each Pok\u00e9mon\n|rule|Item Clause: Limit 1 of each item\n|clearpoke\n|poke|p1|Tyranitar, L50, F|\n|poke|p1|Excadrill, L50, F|\n|poke|p1|Arcanine-Hisui, L50, M|\n|poke|p1|Sneasler, L50, M|\n|poke|p1|Milotic, L50, F|\n|poke|p1|Sinistcha, L50|\n|poke|p2|Absol, L50, F|\n|poke|p2|Sneasler, L50, M|\n|poke|p2|Talonflame, L50, F|\n|poke|p2|Meowstic, L50, M|\n|poke|p2|Delphox, L50, M|\n|poke|p2|Garchomp, L50, F|\n|teampreview|4\n|\n|t:|1776608020\n|teamsize|p1|4\n|teamsize|p2|4\n|start\n|switch|p1a: Tyranitar|Tyranitar, L50, F|100/100\n|switch|p1b: Excadrill|Excadrill, L50, F|100/100\n|switch|p2a: Absol|Absol, L50, F|100/100\n|switch|p2b: Sneasler|Sneasler, L50, M|100/100\n|-weather|Sandstorm|[from] ability: Sand Stream|[of] p1a: Tyranitar\n|turn|1\n|\n|t:|1776608049\n|move|p1b: Excadrill|Protect|p1b: Excadrill\n|-singleturn|p1b: Excadrill|Protect\n|move|p1a: Tyranitar|Protect|p1a: Tyranitar\n|-singleturn|p1a: Tyranitar|Protect\n|move|p2b: Sneasler|Fake Out|p1b: Excadrill\n|-activate|p1b: Excadrill|move: Protect\n|move|p2a: Absol|Close Combat|p1a: Tyranitar\n|-activate|p1a: Tyranitar|move: Protect\n|\n|-weather|Sandstorm|[upkeep]\n|-damage|p2b: Sneasler|95/100|[from] Sandstorm\n|-damage|p2a: Absol|95/100|[from] Sandstorm\n|upkeep\n|turn|2\n|\n|t:|1776608075\n|switch|p1a: Sneasler|Sneasler, L50, M|100/100\n|move|p2a: Absol|Protect|p2a: Absol\n|-singleturn|p2a: Absol|Protect\n|move|p1b: Excadrill|High Horsepower|p2b: Sneasler\n|-supereffective|p2b: Sneasler|1\n|-damage|p2b: Sneasler|0 fnt\n|faint|p2b: Sneasler\n|\n|-weather|Sandstorm|[upkeep]\n|-damage|p1a: Sneasler|95/100|[from] Sandstorm\n|-damage|p2a: Absol|89/100|[from] Sandstorm\n|upkeep\n|\n|t:|1776608097\n|switch|p2b: Delphox|Delphox, L50, M|100/100\n|turn|3\n|\n|t:|1776608123\n|switch|p2a: Garchomp|Garchomp, L50, F|100/100\n|detailschange|p2b: Delphox|Delphox-Mega, L50, M\n|-mega|p2b: Delphox|Delphox|Delphoxite\n|move|p1b: Excadrill|Protect|p1b: Excadrill\n|-singleturn|p1b: Excadrill|Protect\n|move|p1a: Sneasler|Close Combat|p2a: Garchomp\n|-damage|p2a: Garchomp|38/100\n|-unboost|p1a: Sneasler|def|1\n|-unboost|p1a: Sneasler|spd|1\n|-damage|p1a: Sneasler|83/100|[from] ability: Rough Skin|[of] p2a: Garchomp\n|-enditem|p1a: Sneasler|White Herb\n|-clearnegativeboost|p1a: Sneasler|[silent]\n|move|p2b: Delphox|Heat Wave|p1a: Sneasler|[spread] \n|-activate|p1b: Excadrill|move: Protect\n|-miss|p2b: Delphox|p1a: Sneasler\n|\n|-weather|Sandstorm|[upkeep]\n|-damage|p1a: Sneasler|77/100|[from] Sandstorm\n|-damage|p2b: Delphox|94/100|[from] Sandstorm\n|upkeep\n|turn|4\n|\n|t:|1776608150\n|switch|p1b: Milotic|Milotic, L50, F|100/100\n|move|p1a: Sneasler|Close Combat|p2a: Garchomp\n|-damage|p2a: Garchomp|0 fnt\n|-unboost|p1a: Sneasler|def|1\n|-unboost|p1a: Sneasler|spd|1\n|-damage|p1a: Sneasler|65/100|[from] ability: Rough Skin|[of] p2a: Garchomp\n|faint|p2a: Garchomp\n|move|p2b: Delphox|Heat Wave|p1b: Milotic|[spread] p1a,p1b\n|-resisted|p1b: Milotic|1\n|-damage|p1a: Sneasler|0 fnt\n|-damage|p1b: Milotic|83/100\n|faint|p1a: Sneasler\n|\n|-weather|Sandstorm|[upkeep]\n|-damage|p2b: Delphox|88/100|[from] Sandstorm\n|-damage|p1b: Milotic|77/100|[from] Sandstorm\n|-heal|p1b: Milotic|83/100|[from] item: Leftovers\n|upkeep\n|\n|t:|1776608169\n|switch|p1a: Tyranitar|Tyranitar, L50, F|100/100\n|switch|p2a: Absol|Absol, L50, F|89/100\n|turn|5\n|\n|t:|1776608185\n|move|p1a: Tyranitar|Protect|p1a: Tyranitar\n|-singleturn|p1a: Tyranitar|Protect\n|move|p2a: Absol|Close Combat|p1a: Tyranitar\n|-activate|p1a: Tyranitar|move: Protect\n|move|p2b: Delphox|Psychic|p1b: Milotic\n|-damage|p1b: Milotic|39/100\n|move|p1b: Milotic|Muddy Water|p2b: Delphox|[spread] p2a,p2b\n|-supereffective|p2b: Delphox|1\n|-damage|p2a: Absol|33/100\n|-damage|p2b: Delphox|46/100\n|-unboost|p2a: Absol|accuracy|1\n|\n|-weather|none\n|-heal|p1b: Milotic|45/100|[from] item: Leftovers\n|upkeep\n|turn|6\n|\n|t:|1776608214\n|detailschange|p1a: Tyranitar|Tyranitar-Mega, L50, F\n|-mega|p1a: Tyranitar|Tyranitar|Tyranitarite\n|-weather|Sandstorm|[from] ability: Sand Stream|[of] p1a: Tyranitar\n|move|p1b: Milotic|Protect|p1b: Milotic\n|-singleturn|p1b: Milotic|Protect\n|move|p2a: Absol|Close Combat|p1a: Tyranitar\n|-supereffective|p1a: Tyranitar|2\n|-crit|p1a: Tyranitar\n|-damage|p1a: Tyranitar|0 fnt\n|-unboost|p2a: Absol|def|1\n|-unboost|p2a: Absol|spd|1\n|faint|p1a: Tyranitar\n|move|p2b: Delphox|Expanding Force|p1b: Milotic\n|-activate|p1b: Milotic|move: Protect\n|\n|-weather|Sandstorm|[upkeep]\n|-damage|p2a: Absol|27/100|[from] Sandstorm\n|-damage|p2b: Delphox|40/100|[from] Sandstorm\n|-damage|p1b: Milotic|39/100|[from] Sandstorm\n|-heal|p1b: Milotic|45/100|[from] item: Leftovers\n|upkeep\n|\n|t:|1776608222\n|switch|p1a: Excadrill|Excadrill, L50, F|100/100\n|turn|7\n|\n|t:|1776608247\n|move|p2a: Absol|Protect|p2a: Absol\n|-singleturn|p2a: Absol|Protect\n|move|p1a: Excadrill|Iron Head|p2a: Absol\n|-activate|p2a: Absol|move: Protect\n|move|p2b: Delphox|Heat Wave|p1a: Excadrill|[spread] p1a,p1b\n|-supereffective|p1a: Excadrill|1\n|-resisted|p1b: Milotic|1\n|-enditem|p1a: Excadrill|Focus Sash\n|-damage|p1a: Excadrill|1/100\n|-damage|p1b: Milotic|28/100\n|-status|p1a: Excadrill|brn\n|move|p1b: Milotic|Muddy Water|p2a: Absol|[spread] p2b\n|-activate|p2a: Absol|move: Protect\n|-supereffective|p2b: Delphox|1\n|-damage|p2b: Delphox|0 fnt\n|faint|p2b: Delphox\n|\n|-weather|Sandstorm|[upkeep]\n|-damage|p2a: Absol|21/100|[from] Sandstorm\n|-damage|p1b: Milotic|22/100|[from] Sandstorm\n|-heal|p1b: Milotic|28/100|[from] item: Leftovers\n|-damage|p1a: Excadrill|0 fnt|[from] brn\n|faint|p1a: Excadrill\n|upkeep\n|turn|8\n|\n|t:|1776608273\n|move|p1b: Milotic|Protect|p1b: Milotic\n|-singleturn|p1b: Milotic|Protect\n|move|p2a: Absol|Sucker Punch||[still]\n|-fail|p2a: Absol\n|\n|-weather|Sandstorm|[upkeep]\n|-damage|p2a: Absol|15/100|[from] Sandstorm\n|-damage|p1b: Milotic|22/100|[from] Sandstorm\n|-heal|p1b: Milotic|28/100|[from] item: Leftovers\n|upkeep\n|turn|9\n|\n|t:|1776608283\n|move|p2a: Absol|Sucker Punch|p1b: Milotic\n|-crit|p1b: Milotic\n|-damage|p1b: Milotic|0 fnt\n|faint|p1b: Milotic\n|\n|win|shiningthunder\n|raw|Gulptubus's rating: 1120 &rarr; <strong>1097</strong><br />(-23 for losing)\n|raw|shiningthunder's rating: 1142 &rarr; <strong>1165</strong><br />(+23 for winning)\n",
  "uploadtime": 1776608286,
  "views": 13,
  "formatid": "gen9championsvgc2026regma",
  "rating": 1097,
  "private": 0,
  "password": null
}