{
  "id": "gen9championsvgc2026regma-2586722460",
  "format": "[Gen 9 Champions] VGC 2026 Reg M-A",
  "players": [
    "Isidino",
    "LimeAbuser"
  ],
  "log": "|j|\u2606Isidino\n|j|\u2606LimeAbuser\n|t:|1776454853\n|gametype|doubles\n|player|p1|Isidino|1|1338\n|player|p2|LimeAbuser|265|1436\n|gen|9\n|tier|[Gen 9 Champions] VGC 2026 Reg M-A\n|rated|\n|rule|Species Clause: Limit one of each Pok\u00e9mon\n|rule|Item Clause: Limit 1 of each item\n|clearpoke\n|poke|p1|Pelipper, L50, M|\n|poke|p1|Basculegion-F, L50, F|\n|poke|p1|Starmie, L50|\n|poke|p1|Sneasler, L50, M|\n|poke|p1|Sableye, L50, M|\n|poke|p1|Lucario, L50, F|\n|poke|p2|Floette-Eternal, L50, F|\n|poke|p2|Aegislash, L50, F|\n|poke|p2|Talonflame, L50, F|\n|poke|p2|Incineroar, L50, F|\n|poke|p2|Garchomp, L50, F|\n|poke|p2|Rotom-Wash, L50|\n|teampreview|4\n|inactive|Battle timer is ON: inactive players will automatically lose when time's up. (requested by LimeAbuser)\n|inactive|Isidino also wants the timer to be on.\n|\n|t:|1776454880\n|teamsize|p1|4\n|teamsize|p2|4\n|start\n|switch|p1a: Sableye|Sableye, L50, M, shiny|100/100\n|switch|p1b: Basculegion|Basculegion-F, L50, F, shiny|100/100\n|switch|p2a: Incineroar|Incineroar, L50, F|100/100\n|switch|p2b: Rotom|Rotom-Wash, L50|100/100\n|-ability|p2a: Incineroar|Intimidate|boost\n|-unboost|p1a: Sableye|atk|1\n|-unboost|p1b: Basculegion|atk|1\n|turn|1\n|\n|t:|1776454899\n|move|p1a: Sableye|Rain Dance|p1a: Sableye\n|-weather|RainDance\n|move|p1b: Basculegion|Muddy Water|p2a: Incineroar|[spread] p2a,p2b\n|-supereffective|p2a: Incineroar|1\n|-resisted|p2b: Rotom|1\n|-damage|p2a: Incineroar|5/100\n|-damage|p2b: Rotom|67/100\n|-unboost|p2a: Incineroar|accuracy|1\n|move|p2b: Rotom|Thunderbolt|p1b: Basculegion\n|-supereffective|p1b: Basculegion|1\n|-damage|p1b: Basculegion|8/100\n|move|p2a: Incineroar|Parting Shot|p1b: Basculegion|[miss]\n|-miss|p2a: Incineroar|p1b: Basculegion\n|\n|-weather|RainDance|[upkeep]\n|-heal|p2a: Incineroar|11/100|[from] item: Leftovers\n|upkeep\n|turn|2\n|inactive|LimeAbuser has 30 seconds left.\n|\n|t:|1776454926\n|switch|p1a: Pelipper|Pelipper, L50, M|100/100\n|move|p1b: Basculegion|Muddy Water|p2b: Rotom|[spread] p2b\n|-miss|p1b: Basculegion|p2a: Incineroar\n|-resisted|p2b: Rotom|1\n|-damage|p2b: Rotom|33/100\n|-enditem|p2b: Rotom|Sitrus Berry|[eat]\n|-heal|p2b: Rotom|58/100|[from] item: Sitrus Berry\n|move|p2b: Rotom|Thunderbolt|p1b: Basculegion\n|-supereffective|p1b: Basculegion|1\n|-damage|p1b: Basculegion|0 fnt\n|faint|p1b: Basculegion\n|move|p2a: Incineroar|Darkest Lariat|p1a: Pelipper\n|-damage|p1a: Pelipper|56/100\n|\n|-weather|RainDance|[upkeep]\n|-heal|p2a: Incineroar|17/100|[from] item: Leftovers\n|upkeep\n|j| Rworwo\n|\n|t:|1776454937\n|switch|p1b: Starmie|Starmie, L50, shiny|100/100\n|turn|3\n|\n|t:|1776454955\n|detailschange|p1b: Starmie|Starmie-Mega, L50, shiny\n|-mega|p1b: Starmie|Starmie|Starminite\n|move|p1b: Starmie|Liquidation|p2b: Rotom\n|-resisted|p2b: Rotom|1\n|-damage|p2b: Rotom|0 fnt\n|faint|p2b: Rotom\n|move|p1a: Pelipper|Tailwind|p1a: Pelipper\n|-sidestart|p1: Isidino|move: Tailwind\n|move|p2a: Incineroar|Parting Shot|p1b: Starmie\n|-unboost|p1b: Starmie|atk|1\n|-unboost|p1b: Starmie|spa|1\n|\n|t:|1776454964\n|switch|p2a: Aegislash|Aegislash, L50, F|100/100|[from] Parting Shot\n|\n|-weather|RainDance|[upkeep]\n|upkeep\n|\n|t:|1776454966\n|switch|p2b: Incineroar|Incineroar, L50, F|17/100\n|-ability|p2b: Incineroar|Intimidate|boost\n|-unboost|p1a: Pelipper|atk|1\n|-unboost|p1b: Starmie|atk|1\n|turn|4\n|\n|t:|1776454975\n|switch|p1b: Sableye|Sableye, L50, M, shiny|100/100\n|move|p1a: Pelipper|Protect|p1a: Pelipper\n|-singleturn|p1a: Pelipper|Protect\n|move|p2b: Incineroar|Fake Out|p1b: Sableye\n|-immune|p1b: Sableye\n|-formechange|p2a: Aegislash|Aegislash-Blade|\n|move|p2a: Aegislash|Poltergeist|p1a: Pelipper\n|-activate|p1a: Pelipper|move: Protect\n|\n|-weather|RainDance|[upkeep]\n|-heal|p2b: Incineroar|23/100|[from] item: Leftovers\n|upkeep\n|turn|5\n|inactive|LimeAbuser has 30 seconds left.\n|\n|t:|1776455009\n|move|p1b: Sableye|Encore|p2a: Aegislash\n|-start|p2a: Aegislash|Encore\n|move|p1a: Pelipper|Weather Ball|p2b: Incineroar\n|-supereffective|p2b: Incineroar|1\n|-damage|p2b: Incineroar|0 fnt\n|faint|p2b: Incineroar\n|move|p2a: Aegislash|Poltergeist|p1b: Sableye\n|-activate|p1b: Sableye|move: Poltergeist|Sitrus Berry\n|-damage|p1b: Sableye|4/100\n|-enditem|p1b: Sableye|Sitrus Berry|[eat]\n|-heal|p1b: Sableye|29/100|[from] item: Sitrus Berry\n|\n|-weather|none\n|upkeep\n|\n|t:|1776455015\n|switch|p2b: Garchomp|Garchomp, L50, F|100/100\n|turn|6\n|\n|t:|1776455035\n|move|p1b: Sableye|Quash|p2b: Garchomp\n|-activate|p2b: Garchomp|move: Quash\n|move|p1a: Pelipper|Hurricane|p2b: Garchomp\n|-damage|p2b: Garchomp|54/100\n|-start|p2b: Garchomp|confusion\n|move|p2a: Aegislash|Poltergeist|p1a: Pelipper\n|-activate|p1a: Pelipper|move: Poltergeist|Focus Sash\n|-damage|p1a: Pelipper|0 fnt\n|faint|p1a: Pelipper\n|-activate|p2b: Garchomp|confusion\n|-damage|p2b: Garchomp|40/100|[from] confusion\n|\n|-sideend|p1: Isidino|move: Tailwind\n|upkeep\n|\n|t:|1776455038\n|switch|p1a: Starmie|Starmie-Mega, L50, shiny|100/100\n|turn|7\n|\n|t:|1776455056\n|move|p1b: Sableye|Rain Dance|p1b: Sableye\n|-weather|RainDance\n|move|p1a: Starmie|Liquidation|p2a: Aegislash\n|-damage|p2a: Aegislash|0 fnt\n|faint|p2a: Aegislash\n|-activate|p2b: Garchomp|confusion\n|-damage|p2b: Garchomp|25/100|[from] confusion\n|\n|-weather|RainDance|[upkeep]\n|upkeep\n|turn|8\n|\n|t:|1776455064\n|move|p1b: Sableye|Quash|p2b: Garchomp\n|-activate|p2b: Garchomp|move: Quash\n|move|p1a: Starmie|Ice Spinner|p2b: Garchomp\n|-supereffective|p2b: Garchomp|2\n|-damage|p2b: Garchomp|0 fnt\n|-damage|p1a: Starmie|89/100|[from] ability: Rough Skin|[of] p2b: Garchomp\n|faint|p2b: Garchomp\n|\n|win|Isidino\n|raw|Isidino's rating: 1338 &rarr; <strong>1363</strong><br />(+25 for winning)\n|raw|LimeAbuser's rating: 1436 &rarr; <strong>1411</strong><br />(-25 for losing)\n",
  "uploadtime": 1776455068,
  "views": 58,
  "formatid": "gen9championsvgc2026regma",
  "rating": 1363,
  "private": 0,
  "password": null
}