{
  "id": "gen9championsvgc2026regma-2588569912",
  "format": "[Gen 9 Champions] VGC 2026 Reg M-A",
  "players": [
    "soulo333",
    "yulleyt"
  ],
  "log": "|j|\u2606soulo333\n|j|\u2606yulleyt\n|t:|1776645960\n|gametype|doubles\n|player|p1|soulo333|102|1262\n|player|p2|yulleyt|170|1269\n|gen|9\n|tier|[Gen 9 Champions] VGC 2026 Reg M-A\n|rated|\n|rule|Species Clause: Limit one of each Pok\u00e9mon\n|rule|Item Clause: Limit 1 of each item\n|clearpoke\n|poke|p1|Charizard, L50, F|\n|poke|p1|Sneasler, L50, M|\n|poke|p1|Sinistcha, L50|\n|poke|p1|Incineroar, L50, M|\n|poke|p1|Milotic, L50, F|\n|poke|p1|Tyranitar, L50, F|\n|poke|p2|Kangaskhan, L50, F|\n|poke|p2|Farigiraf, L50, M|\n|poke|p2|Dragapult, L50, M|\n|poke|p2|Sneasler, L50, F|\n|poke|p2|Torkoal, L50, F|\n|poke|p2|Sinistcha-Masterpiece, L50|\n|teampreview|4\n|\n|t:|1776645978\n|teamsize|p1|4\n|teamsize|p2|4\n|start\n|switch|p1a: Incineroar|Incineroar, L50, M|100/100\n|switch|p1b: Sneasler|Sneasler, L50, M|100/100\n|switch|p2a: Farigiraf|Farigiraf, L50, M|100/100\n|switch|p2b: Dragapult|Dragapult, L50, M|100/100\n|-ability|p1a: Incineroar|Intimidate|boost\n|-unboost|p2a: Farigiraf|atk|1\n|-fail|p2b: Dragapult|unboost|[from] ability: Clear Body|[of] p2b: Dragapult\n|turn|1\n|\n|t:|1776645994\n|move|p2b: Dragapult|Draco Meteor|p1a: Incineroar\n|-damage|p1a: Incineroar|37/100\n|-unboost|p2b: Dragapult|spa|2\n|-enditem|p1a: Incineroar|Sitrus Berry|[eat]\n|-heal|p1a: Incineroar|62/100|[from] item: Sitrus Berry\n|move|p1b: Sneasler|Close Combat|p2a: Farigiraf\n|-damage|p2a: Farigiraf|54/100\n|-unboost|p1b: Sneasler|def|1\n|-unboost|p1b: Sneasler|spd|1\n|-enditem|p1b: Sneasler|White Herb\n|-clearnegativeboost|p1b: Sneasler|[silent]\n|move|p1a: Incineroar|Throat Chop|p2a: Farigiraf\n|-supereffective|p2a: Farigiraf|1\n|-crit|p2a: Farigiraf\n|-damage|p2a: Farigiraf|0 fnt\n|faint|p2a: Farigiraf\n|\n|upkeep\n|\n|t:|1776646015\n|switch|p2a: Kangaskhan|Kangaskhan, L50, F|100/100\n|turn|2\n|\n|t:|1776646027\n|switch|p1a: Tyranitar|Tyranitar, L50, F|100/100\n|-weather|Sandstorm|[from] ability: Sand Stream|[of] p1a: Tyranitar\n|detailschange|p2a: Kangaskhan|Kangaskhan-Mega, L50, F\n|-mega|p2a: Kangaskhan|Kangaskhan|Kangaskhanite\n|move|p2a: Kangaskhan|Fake Out|p1b: Sneasler\n|-damage|p1b: Sneasler|62/100\n|-damage|p1b: Sneasler|54/100\n|-hitcount|p1b: Sneasler|2\n|cant|p1b: Sneasler|flinch\n|move|p2b: Dragapult|Dragon Darts|p1b: Sneasler\n|-damage|p1b: Sneasler|13/100\n|-anim|p2b: Dragapult|Dragon Darts|p1a: Tyranitar\n|-damage|p1a: Tyranitar|79/100\n|\n|-weather|Sandstorm|[upkeep]\n|-damage|p1b: Sneasler|8/100|[from] Sandstorm\n|-damage|p2b: Dragapult|94/100|[from] Sandstorm\n|-damage|p2a: Kangaskhan|95/100|[from] Sandstorm\n|upkeep\n|turn|3\n|\n|t:|1776646048\n|switch|p2b: Sneasler|Sneasler, L50, F|100/100\n|detailschange|p1a: Tyranitar|Tyranitar-Mega, L50, F\n|-mega|p1a: Tyranitar|Tyranitar|Tyranitarite\n|move|p2a: Kangaskhan|Sucker Punch||[still]\n|-fail|p2a: Kangaskhan\n|move|p1b: Sneasler|Coaching|p1a: Tyranitar\n|-boost|p1a: Tyranitar|atk|1\n|-boost|p1a: Tyranitar|def|1\n|move|p1a: Tyranitar|Crunch|p2a: Kangaskhan\n|-damage|p2a: Kangaskhan|21/100\n|-unboost|p2a: Kangaskhan|def|1\n|\n|-weather|Sandstorm|[upkeep]\n|-damage|p1b: Sneasler|2/100|[from] Sandstorm\n|-damage|p2b: Sneasler|95/100|[from] Sandstorm\n|-damage|p2a: Kangaskhan|15/100|[from] Sandstorm\n|upkeep\n|turn|4\n|\n|t:|1776646068\n|switch|p1b: Incineroar|Incineroar, L50, M|62/100\n|-ability|p1b: Incineroar|Intimidate|boost\n|-unboost|p2a: Kangaskhan|atk|1\n|-unboost|p2b: Sneasler|atk|1\n|move|p2a: Kangaskhan|Sucker Punch||[still]\n|-fail|p2a: Kangaskhan\n|move|p2b: Sneasler|Close Combat|p1a: Tyranitar\n|-supereffective|p1a: Tyranitar|2\n|-damage|p1a: Tyranitar|8/100\n|-unboost|p2b: Sneasler|def|1\n|-unboost|p2b: Sneasler|spd|1\n|move|p1a: Tyranitar|Rock Slide|p2b: Sneasler|[spread] p2a,p2b\n|-resisted|p2b: Sneasler|1\n|-damage|p2a: Kangaskhan|0 fnt\n|-damage|p2b: Sneasler|28/100\n|faint|p2a: Kangaskhan\n|\n|-weather|Sandstorm|[upkeep]\n|-damage|p2b: Sneasler|22/100|[from] Sandstorm\n|-damage|p1b: Incineroar|56/100|[from] Sandstorm\n|upkeep\n|\n|t:|1776646082\n|switch|p2a: Dragapult|Dragapult, L50, M|94/100\n|turn|5\n|\n|t:|1776646091\n|move|p2a: Dragapult|Dragon Darts|p1a: Tyranitar\n|-damage|p1a: Tyranitar|0 fnt\n|-anim|p2a: Dragapult|Dragon Darts|p1b: Incineroar\n|-damage|p1b: Incineroar|34/100\n|faint|p1a: Tyranitar\n|move|p2b: Sneasler|Close Combat|p1b: Incineroar\n|-supereffective|p1b: Incineroar|1\n|-damage|p1b: Incineroar|0 fnt\n|-unboost|p2b: Sneasler|def|1\n|-unboost|p2b: Sneasler|spd|1\n|faint|p1b: Incineroar\n|\n|-weather|Sandstorm|[upkeep]\n|-damage|p2a: Dragapult|88/100|[from] Sandstorm\n|-damage|p2b: Sneasler|16/100|[from] Sandstorm\n|upkeep\n|\n|t:|1776646094\n|switch|p1a: Sinistcha|Sinistcha, L50|100/100\n|switch|p1b: Sneasler|Sneasler, L50, M|2/100\n|-heal|p1b: Sneasler|27/100|[from] ability: Hospitality|[of] p1a: Sinistcha\n|turn|6\n|\n|t:|1776646108\n|move|p1b: Sneasler|Fake Out|p2b: Sneasler\n|-damage|p2b: Sneasler|0 fnt\n|faint|p2b: Sneasler\n|move|p2a: Dragapult|Dragon Darts|p1b: Sneasler\n|-damage|p1b: Sneasler|0 fnt\n|-anim|p2a: Dragapult|Dragon Darts|p1a: Sinistcha\n|-damage|p1a: Sinistcha|80/100\n|faint|p1b: Sneasler\n|move|p1a: Sinistcha|Life Dew|p1a: Sinistcha\n|-heal|p1a: Sinistcha|100/100\n|\n|-weather|none\n|upkeep\n|turn|7\n|\n|t:|1776646120\n|move|p2a: Dragapult|Dragon Darts|p1a: Sinistcha\n|-damage|p1a: Sinistcha|80/100\n|-anim|p2a: Dragapult|Dragon Darts|p1a: Sinistcha\n|-damage|p1a: Sinistcha|61/100\n|move|p1a: Sinistcha|Matcha Gotcha|p2a: Dragapult\n|-resisted|p2a: Dragapult|1\n|-damage|p2a: Dragapult|65/100\n|-heal|p1a: Sinistcha|72/100|[from] drain|[of] p2a: Dragapult\n|\n|upkeep\n|turn|8\n|\n|t:|1776646130\n|move|p2a: Dragapult|Draco Meteor|p1a: Sinistcha\n|-damage|p1a: Sinistcha|6/100\n|-unboost|p2a: Dragapult|spa|2\n|move|p1a: Sinistcha|Matcha Gotcha|p2a: Dragapult\n|-resisted|p2a: Dragapult|1\n|-damage|p2a: Dragapult|41/100\n|-heal|p1a: Sinistcha|17/100|[from] drain|[of] p2a: Dragapult\n|-status|p2a: Dragapult|brn\n|\n|-damage|p2a: Dragapult|35/100 brn|[from] brn\n|upkeep\n|turn|9\n|-message|soulo333 forfeited.\n|\n|win|yulleyt\n|raw|soulo333's rating: 1262 &rarr; <strong>1238</strong><br />(-24 for losing)\n|raw|yulleyt's rating: 1269 &rarr; <strong>1293</strong><br />(+24 for winning)\n",
  "uploadtime": 1776646137,
  "views": 8,
  "formatid": "gen9championsvgc2026regma",
  "rating": 1238,
  "private": 0,
  "password": null
}