{
  "id": "gen9championsvgc2026regma-2585251440",
  "format": "[Gen 9 Champions] VGC 2026 Reg M-A",
  "players": [
    "dsfadsgas",
    "TheWonderfulGirl"
  ],
  "log": "|j|\u2606dsfadsgas\n|j|\u2606TheWonderfulGirl\n|t:|1776330090\n|gametype|doubles\n|player|p1|dsfadsgas|lucas|1143\n|player|p2|TheWonderfulGirl|pokekid|1067\n|gen|9\n|tier|[Gen 9 Champions] VGC 2026 Reg M-A\n|rated|\n|rule|Species Clause: Limit one of each Pok\u00e9mon\n|rule|Item Clause: Limit 1 of each item\n|clearpoke\n|poke|p1|Froslass, L50, F|\n|poke|p1|Rotom-Wash, L50|\n|poke|p1|Kingambit, L50, F|\n|poke|p1|Aerodactyl, L50, M|\n|poke|p1|Incineroar, L50, F|\n|poke|p1|Garchomp, L50, F|\n|poke|p2|Froslass, L50, F|\n|poke|p2|Garchomp, L50, F|\n|poke|p2|Rotom-Frost, L50|\n|poke|p2|Empoleon, L50, F|\n|poke|p2|Incineroar, L50, M|\n|poke|p2|Kingambit, L50, F|\n|teampreview|4\n|inactive|Battle timer is ON: inactive players will automatically lose when time's up. (requested by TheWonderfulGirl)\n|\n|t:|1776330117\n|teamsize|p1|4\n|teamsize|p2|4\n|start\n|switch|p1a: Aerodactyl|Aerodactyl, L50, M, shiny|100/100\n|switch|p1b: Incineroar|Incineroar, L50, F, shiny|100/100\n|switch|p2a: Froslass|Froslass, L50, F|100/100\n|switch|p2b: Rotom|Rotom-Frost, L50|100/100\n|-ability|p1a: Aerodactyl|Unnerve\n|-ability|p1b: Incineroar|Intimidate|boost\n|-unboost|p2a: Froslass|atk|1\n|-unboost|p2b: Rotom|atk|1\n|turn|1\n|\n|t:|1776330142\n|detailschange|p2a: Froslass|Froslass-Mega, L50, F\n|-mega|p2a: Froslass|Froslass|Froslassite\n|-weather|Snowscape|[from] ability: Snow Warning|[of] p2a: Froslass\n|move|p2b: Rotom|Electroweb|p1b: Incineroar|[spread] p1a,p1b\n|-supereffective|p1a: Aerodactyl|1\n|-damage|p1a: Aerodactyl|47/100\n|-damage|p1b: Incineroar|83/100\n|-unboost|p1a: Aerodactyl|spe|1\n|-unboost|p1b: Incineroar|spe|1\n|move|p2a: Froslass|Blizzard|p1b: Incineroar|[spread] p1a,p1b\n|-supereffective|p1a: Aerodactyl|1\n|-resisted|p1b: Incineroar|1\n|-damage|p1a: Aerodactyl|0 fnt\n|-damage|p1b: Incineroar|61/100\n|faint|p1a: Aerodactyl\n|move|p1b: Incineroar|Darkest Lariat|p2a: Froslass\n|-supereffective|p2a: Froslass|1\n|-damage|p2a: Froslass|31/100\n|\n|-weather|Snowscape|[upkeep]\n|upkeep\n|\n|t:|1776330159\n|switch|p1a: Rotom|Rotom-Wash, L50, shiny|100/100\n|turn|2\n|inactive|TheWonderfulGirl has 30 seconds left.\n|\n|t:|1776330187\n|switch|p2a: Kingambit|Kingambit, L50, F|100/100\n|move|p2b: Rotom|Electroweb|p1b: Incineroar|[spread] p1a,p1b\n|-damage|p1a: Rotom|85/100\n|-damage|p1b: Incineroar|45/100\n|-unboost|p1a: Rotom|spe|1\n|-unboost|p1b: Incineroar|spe|1\n|-enditem|p1b: Incineroar|Sitrus Berry|[eat]\n|-heal|p1b: Incineroar|70/100|[from] item: Sitrus Berry\n|move|p1a: Rotom|Thunderbolt|p2a: Kingambit\n|-damage|p2a: Kingambit|60/100\n|move|p1b: Incineroar|Flare Blitz|p2b: Rotom\n|-supereffective|p2b: Rotom|1\n|-damage|p2b: Rotom|9/100\n|-damage|p1b: Incineroar|51/100|[from] Recoil\n|\n|-weather|Snowscape|[upkeep]\n|-heal|p1a: Rotom|90/100|[from] item: Leftovers\n|upkeep\n|turn|3\n|inactive|dsfadsgas has 30 seconds left.\n|inactive|TheWonderfulGirl has 30 seconds left.\n|inactive|dsfadsgas has 20 seconds left.\n|inactive|dsfadsgas has 15 seconds left.\n|inactive|TheWonderfulGirl has 20 seconds left.\n|\n|t:|1776330231\n|switch|p2b: Empoleon|Empoleon, L50, F|100/100\n|move|p2a: Kingambit|Low Kick|p1b: Incineroar\n|-supereffective|p1b: Incineroar|1\n|-damage|p1b: Incineroar|11/100\n|move|p1a: Rotom|Will-O-Wisp|p2a: Kingambit\n|-status|p2a: Kingambit|brn\n|move|p1b: Incineroar|Darkest Lariat|p2b: Empoleon\n|-damage|p2b: Empoleon|69/100\n|\n|-weather|Snowscape|[upkeep]\n|-heal|p2b: Empoleon|75/100|[from] item: Leftovers\n|-heal|p1a: Rotom|96/100|[from] item: Leftovers\n|-damage|p2a: Kingambit|55/100 brn|[from] brn\n|upkeep\n|turn|4\n|\n|t:|1776330254\n|move|p2b: Empoleon|Protect|p2b: Empoleon\n|-singleturn|p2b: Empoleon|Protect\n|move|p2a: Kingambit|Low Kick|p1b: Incineroar\n|-supereffective|p1b: Incineroar|1\n|-damage|p1b: Incineroar|0 fnt\n|faint|p1b: Incineroar\n|move|p1a: Rotom|Thunderbolt|p2b: Empoleon\n|-activate|p2b: Empoleon|move: Protect\n|\n|-weather|Snowscape|[upkeep]\n|-heal|p2b: Empoleon|81/100|[from] item: Leftovers\n|-heal|p1a: Rotom|100/100|[from] item: Leftovers\n|-damage|p2a: Kingambit|49/100 brn|[from] brn\n|upkeep\n|inactive|dsfadsgas has 30 seconds left.\n|inactive|dsfadsgas has 20 seconds left.\n|\n|t:|1776330293\n|switch|p1b: Garchomp|Garchomp, L50, F, shiny|100/100\n|turn|5\n|inactive|TheWonderfulGirl has 30 seconds left.\n|\n|t:|1776330319\n|move|p2a: Kingambit|Sucker Punch|p1a: Rotom\n|-damage|p1a: Rotom|79/100\n|move|p1b: Garchomp|Earthquake|p2a: Kingambit|[spread] p2a,p2b\n|-immune|p1a: Rotom|[from] ability: Levitate\n|-supereffective|p2a: Kingambit|1\n|-supereffective|p2b: Empoleon|1\n|-damage|p2a: Kingambit|0 fnt\n|-damage|p2b: Empoleon|0 fnt\n|faint|p2a: Kingambit\n|faint|p2b: Empoleon\n|move|p1a: Rotom|Thunderbolt|p2: Kingambit|[notarget]\n|-fail|p1a: Rotom\n|\n|-weather|none\n|-heal|p1a: Rotom|85/100|[from] item: Leftovers\n|upkeep\n|\n|t:|1776330339\n|switch|p2a: Rotom|Rotom-Frost, L50|9/100\n|switch|p2b: Froslass|Froslass-Mega, L50, F|31/100\n|-weather|Snowscape|[from] ability: Snow Warning|[of] p2b: Froslass\n|turn|6\n|\n|t:|1776330352\n|move|p1b: Garchomp|Earthquake|p2a: Rotom|[spread] p2b\n|-immune|p1a: Rotom|[from] ability: Levitate\n|-immune|p2a: Rotom|[from] ability: Levitate\n|-damage|p2b: Froslass|0 fnt\n|faint|p2b: Froslass\n|move|p2a: Rotom|Thunderbolt|p1a: Rotom\n|-damage|p1a: Rotom|50/100\n|move|p1a: Rotom|Thunderbolt|p2a: Rotom\n|-resisted|p2a: Rotom|1\n|-damage|p2a: Rotom|0 fnt\n|faint|p2a: Rotom\n|\n|win|dsfadsgas\n|raw|dsfadsgas's rating: 1143 &rarr; <strong>1163</strong><br />(+20 for winning)\n|raw|TheWonderfulGirl's rating: 1067 &rarr; <strong>1051</strong><br />(-16 for losing)\n|c|\u2606TheWonderfulGirl|Gg\n",
  "uploadtime": 1776330368,
  "views": 18,
  "formatid": "gen9championsvgc2026regma",
  "rating": 1051,
  "private": 0,
  "password": null
}