{
  "id": "gen9championsvgc2026regma-2580963097",
  "format": "[Gen 9 Champions] VGC 2026 Reg M-A",
  "players": [
    "alolatiago",
    "ZJFoster"
  ],
  "log": "|j|\u2606alolatiago\n|j|\u2606ZJFoster\n|t:|1775947114\n|gametype|doubles\n|player|p1|alolatiago|hilbert-wonderlauncher|1084\n|player|p2|ZJFoster|benga|1101\n|gen|9\n|tier|[Gen 9 Champions] VGC 2026 Reg M-A\n|rated|\n|rule|Species Clause: Limit one of each Pok\u00e9mon\n|rule|Item Clause: Limit 1 of each item\n|clearpoke\n|poke|p1|Tsareena, L50, F|\n|poke|p1|Armarouge, L50, M|\n|poke|p1|Maushold-Four, L50|\n|poke|p1|Mudsdale, L50, M|\n|poke|p1|Crabominable, L50, F|\n|poke|p1|Oranguru, L50, M|\n|poke|p2|Torkoal, L50, M|\n|poke|p2|Golurk, L50|\n|poke|p2|Garchomp, L50, F|\n|poke|p2|Maushold-Four, L50|\n|poke|p2|Oranguru, L50, M|\n|poke|p2|Hatterene, L50, F|\n|teampreview|4\n|inactive|Battle timer is ON: inactive players will automatically lose when time's up. (requested by alolatiago)\n|\n|t:|1775947131\n|teamsize|p1|4\n|teamsize|p2|4\n|start\n|switch|p1a: Armarouge|Armarouge, L50, M|100/100\n|switch|p1b: Theena|Tsareena, L50, F|100/100\n|switch|p2a: Princess|Garchomp, L50, F, shiny|100/100\n|switch|p2b: The Aftons|Maushold-Four, L50, shiny|100/100\n|turn|1\n|\n|t:|1775947148\n|move|p1a: Armarouge|Wide Guard|p1a: Armarouge\n|-singleturn|p1a: Armarouge|Wide Guard\n|move|p2b: The Aftons|Taunt|p1a: Armarouge\n|-start|p1a: Armarouge|move: Taunt\n|move|p2a: Princess|Rock Slide|p1b: Theena|[spread] \n|-activate|p1a: Armarouge|move: Wide Guard\n|-activate|p1b: Theena|move: Wide Guard\n|move|p1b: Theena|Triple Axel|p2a: Princess|[miss]\n|-miss|p1b: Theena|p2a: Princess\n|\n|upkeep\n|turn|2\n|\n|t:|1775947166\n|move|p2b: The Aftons|Population Bomb|p1b: Theena\n|-damage|p1b: Theena|93/100\n|-damage|p1b: Theena|85/100\n|-hitcount|p1b: Theena|2\n|move|p2a: Princess|Rock Slide|p1a: Armarouge|[spread] p1a,p1b\n|-supereffective|p1a: Armarouge|1\n|-damage|p1a: Armarouge|63/100\n|-damage|p1b: Theena|64/100\n|move|p1b: Theena|Triple Axel|p2a: Princess\n|-supereffective|p2a: Princess|2\n|-damage|p2a: Princess|78/100\n|-damage|p1b: Theena|51/100|[from] ability: Rough Skin|[of] p2a: Princess\n|-supereffective|p2a: Princess|2\n|-damage|p2a: Princess|36/100\n|-damage|p1b: Theena|39/100|[from] ability: Rough Skin|[of] p2a: Princess\n|-supereffective|p2a: Princess|2\n|-damage|p2a: Princess|0 fnt\n|-damage|p1b: Theena|27/100|[from] ability: Rough Skin|[of] p2a: Princess\n|faint|p2a: Princess\n|-hitcount|p2: Princess|3\n|-heal|p1b: Theena|41/100|[from] item: Shell Bell|[of] p2: Princess\n|cant|p1a: Armarouge|flinch\n|\n|upkeep\n|\n|t:|1775947189\n|switch|p2a: Muten Roshi|Oranguru, L50, M, shiny|100/100\n|turn|3\n|\n|t:|1775947200\n|move|p2b: The Aftons|Population Bomb|p1b: Theena\n|-damage|p1b: Theena|33/100\n|-damage|p1b: Theena|25/100\n|-damage|p1b: Theena|17/100\n|-damage|p1b: Theena|9/100\n|-damage|p1b: Theena|1/100\n|-damage|p1b: Theena|0 fnt\n|faint|p1b: Theena\n|-hitcount|p1: Theena|6\n|move|p1a: Armarouge|Armor Cannon|p2b: The Aftons\n|-damage|p2b: The Aftons|4/100\n|-unboost|p1a: Armarouge|def|1\n|-unboost|p1a: Armarouge|spd|1\n|move|p2a: Muten Roshi|Instruct|p2b: The Aftons\n|-singleturn|p2b: The Aftons|move: Instruct|[of] p2a: Muten Roshi\n|move|p2b: The Aftons|Population Bomb|p1a: Armarouge\n|-damage|p1a: Armarouge|52/100\n|-damage|p1a: Armarouge|40/100\n|-damage|p1a: Armarouge|29/100\n|-damage|p1a: Armarouge|18/100\n|-damage|p1a: Armarouge|8/100\n|-damage|p1a: Armarouge|0 fnt\n|faint|p1a: Armarouge\n|-hitcount|p1: Armarouge|6\n|\n|upkeep\n|inactive|alolatiago has 30 seconds left.\n|\n|t:|1775947226\n|switch|p1b: Crabominable|Crabominable, L50, F|100/100\n|switch|p1a: Mudsdale|Mudsdale, L50, M|100/100\n|turn|4\n|\n|t:|1775947235\n|move|p1b: Crabominable|Protect|p1b: Crabominable\n|-singleturn|p1b: Crabominable|Protect\n|move|p2b: The Aftons|Follow Me|p2b: The Aftons\n|-singleturn|p2b: The Aftons|move: Follow Me\n|move|p1a: Mudsdale|Body Press|p2b: The Aftons\n|-supereffective|p2b: The Aftons|1\n|-damage|p2b: The Aftons|0 fnt\n|faint|p2b: The Aftons\n|move|p2a: Muten Roshi|Trick Room|p2a: Muten Roshi\n|-fieldstart|move: Trick Room|[of] p2a: Muten Roshi\n|\n|upkeep\n|\n|t:|1775947245\n|switch|p2b: Unmatched Power|Torkoal, L50, M, shiny|100/100\n|-weather|SunnyDay|[from] ability: Drought|[of] p2b: Unmatched Power\n|turn|5\n|\n|t:|1775947257\n|detailschange|p1b: Crabominable|Crabominable-Mega, L50, F\n|-mega|p1b: Crabominable|Crabominable|Crabominite\n|move|p1b: Crabominable|Mach Punch|p2b: Unmatched Power\n|-damage|p2b: Unmatched Power|73/100\n|move|p2b: Unmatched Power|Eruption|p1b: Crabominable|[spread] p1a,p1b\n|-supereffective|p1b: Crabominable|1\n|-damage|p1a: Mudsdale|60/100\n|-damage|p1b: Crabominable|8/100\n|-ability|p1a: Mudsdale|Stamina|boost\n|-boost|p1a: Mudsdale|def|1\n|move|p1a: Mudsdale|High Horsepower|p2b: Unmatched Power\n|-supereffective|p2b: Unmatched Power|1\n|-damage|p2b: Unmatched Power|15/100\n|move|p2a: Muten Roshi|Instruct|p2b: Unmatched Power\n|-singleturn|p2b: Unmatched Power|move: Instruct|[of] p2a: Muten Roshi\n|move|p2b: Unmatched Power|Eruption|p1b: Crabominable|[spread] p1a,p1b\n|-supereffective|p1b: Crabominable|1\n|-damage|p1a: Mudsdale|51/100\n|-damage|p1b: Crabominable|0 fnt\n|-ability|p1a: Mudsdale|Stamina|boost\n|-boost|p1a: Mudsdale|def|1\n|faint|p1b: Crabominable\n|\n|-weather|SunnyDay|[upkeep]\n|-heal|p1a: Mudsdale|57/100|[from] item: Leftovers\n|upkeep\n|turn|6\n|inactive|ZJFoster has 30 seconds left.\n|\n|t:|1775947285\n|move|p2b: Unmatched Power|Protect|p2b: Unmatched Power\n|-singleturn|p2b: Unmatched Power|Protect\n|move|p1a: Mudsdale|Body Press|p2b: Unmatched Power\n|-activate|p2b: Unmatched Power|move: Protect\n|move|p2a: Muten Roshi|Psychic|p1a: Mudsdale\n|-damage|p1a: Mudsdale|34/100\n|-ability|p1a: Mudsdale|Stamina|boost\n|-boost|p1a: Mudsdale|def|1\n|\n|-weather|SunnyDay|[upkeep]\n|-heal|p1a: Mudsdale|40/100|[from] item: Leftovers\n|upkeep\n|turn|7\n|\n|t:|1775947299\n|move|p2b: Unmatched Power|Heat Wave|p1a: Mudsdale\n|-damage|p1a: Mudsdale|0 fnt\n|faint|p1a: Mudsdale\n|\n|win|ZJFoster\n|raw|alolatiago's rating: 1084 &rarr; <strong>1063</strong><br />(-21 for losing)\n|raw|ZJFoster's rating: 1101 &rarr; <strong>1125</strong><br />(+24 for winning)\n",
  "uploadtime": 1775947306,
  "views": 39,
  "formatid": "gen9championsvgc2026regma",
  "rating": 1063,
  "private": 0,
  "password": null
}