{
  "id": "gen9championsvgc2026regma-2582794375",
  "format": "[Gen 9 Champions] VGC 2026 Reg M-A",
  "players": [
    "retrojp",
    "Eloc the Wizard"
  ],
  "log": "|j|\u2606retrojp\n|j|\u2606Eloc the Wizard\n|t:|1776114643\n|gametype|doubles\n|player|p1|retrojp|266|1051\n|player|p2|Eloc the Wizard|blaine|1000\n|gen|9\n|tier|[Gen 9 Champions] VGC 2026 Reg M-A\n|rated|\n|rule|Species Clause: Limit one of each Pok\u00e9mon\n|rule|Item Clause: Limit 1 of each item\n|clearpoke\n|poke|p1|Tyranitar, L50, F|\n|poke|p1|Corviknight, L50, M|\n|poke|p1|Primarina, L50, F|\n|poke|p1|Incineroar, L50, M|\n|poke|p1|Excadrill, L50, M|\n|poke|p1|Sinistcha, L50|\n|poke|p2|Beedrill, L50, M|\n|poke|p2|Starmie, L50|\n|poke|p2|Incineroar, L50, M|\n|poke|p2|Whimsicott, L50, M|\n|poke|p2|Aerodactyl, L50, M|\n|poke|p2|Farigiraf, L50, M|\n|teampreview|4\n|inactive|Battle timer is ON: inactive players will automatically lose when time's up. (requested by Eloc the Wizard)\n|\n|t:|1776114671\n|teamsize|p1|4\n|teamsize|p2|4\n|start\n|switch|p1a: Tyranitar|Tyranitar, L50, F|100/100\n|switch|p1b: Excadrill|Excadrill, L50, M|100/100\n|switch|p2a: Incineroar|Incineroar, L50, M|100/100\n|switch|p2b: Farigiraf|Farigiraf, L50, M|100/100\n|-weather|Sandstorm|[from] ability: Sand Stream|[of] p1a: Tyranitar\n|-ability|p2a: Incineroar|Intimidate|boost\n|-unboost|p1a: Tyranitar|atk|1\n|-unboost|p1b: Excadrill|atk|1\n|turn|1\n|inactive|retrojp has 30 seconds left.\n|inactive|retrojp has 20 seconds left.\n|\n|t:|1776114709\n|move|p2a: Incineroar|Fake Out|p1b: Excadrill\n|-resisted|p1b: Excadrill|1\n|-damage|p1b: Excadrill|91/100\n|cant|p1b: Excadrill|flinch\n|move|p1a: Tyranitar|Rock Slide|p2b: Farigiraf|[spread] p2a,p2b\n|-supereffective|p2a: Incineroar|1\n|-damage|p2a: Incineroar|65/100\n|-damage|p2b: Farigiraf|79/100\n|cant|p2b: Farigiraf|flinch\n|\n|-weather|Sandstorm|[upkeep]\n|-damage|p2a: Incineroar|59/100|[from] Sandstorm\n|-damage|p2b: Farigiraf|73/100|[from] Sandstorm\n|-heal|p2b: Farigiraf|79/100|[from] item: Leftovers\n|upkeep\n|turn|2\n|\n|t:|1776114730\n|move|p1b: Excadrill|High Horsepower|p2a: Incineroar\n|-supereffective|p2a: Incineroar|1\n|-damage|p2a: Incineroar|0 fnt\n|faint|p2a: Incineroar\n|move|p1a: Tyranitar|Crunch|p2b: Farigiraf\n|-supereffective|p2b: Farigiraf|1\n|-damage|p2b: Farigiraf|19/100\n|move|p2b: Farigiraf|Psychic Terrain|p2b: Farigiraf\n|-fieldstart|move: Psychic Terrain\n|\n|-weather|Sandstorm|[upkeep]\n|-damage|p2b: Farigiraf|12/100|[from] Sandstorm\n|-heal|p2b: Farigiraf|19/100|[from] item: Leftovers\n|upkeep\n|\n|t:|1776114742\n|switch|p2a: Starmie|Starmie, L50|100/100\n|turn|3\n|\n|t:|1776114763\n|switch|p2b: Beedrill|Beedrill, L50, M|100/100\n|detailschange|p2a: Starmie|Starmie-Mega, L50\n|-mega|p2a: Starmie|Starmie|Starminite\n|detailschange|p1a: Tyranitar|Tyranitar-Mega, L50, F\n|-mega|p1a: Tyranitar|Tyranitar|Tyranitarite\n|move|p1b: Excadrill|High Horsepower|p2a: Starmie\n|-damage|p2a: Starmie|57/100\n|move|p2a: Starmie|Skill Swap|p2b: Beedrill\n|-activate|p2a: Starmie|Skill Swap|||[of] p2b: Beedrill\n|move|p1a: Tyranitar|Crunch|p2a: Starmie\n|-supereffective|p2a: Starmie|1\n|-damage|p2a: Starmie|0 fnt\n|faint|p2a: Starmie\n|\n|-weather|Sandstorm|[upkeep]\n|-damage|p2b: Beedrill|95/100|[from] Sandstorm\n|upkeep\n|\n|t:|1776114777\n|switch|p2a: Farigiraf|Farigiraf, L50, M|19/100\n|turn|4\n|\n|t:|1776114794\n|move|p2b: Beedrill|Protect|p2b: Beedrill\n|-singleturn|p2b: Beedrill|Protect\n|move|p1b: Excadrill|High Horsepower|p2b: Beedrill\n|-activate|p2b: Beedrill|move: Protect\n|move|p1a: Tyranitar|Crunch|p2a: Farigiraf\n|-supereffective|p2a: Farigiraf|1\n|-damage|p2a: Farigiraf|0 fnt\n|faint|p2a: Farigiraf\n|\n|-weather|Sandstorm|[upkeep]\n|-damage|p2b: Beedrill|89/100|[from] Sandstorm\n|upkeep\n|turn|5\n|\n|t:|1776114813\n|move|p1b: Excadrill|High Horsepower|p2b: Beedrill\n|-damage|p2b: Beedrill|4/100\n|move|p2b: Beedrill|Knock Off|p1b: Excadrill\n|-damage|p1b: Excadrill|13/100\n|-enditem|p1b: Excadrill|Focus Sash|[from] move: Knock Off|[of] p2b: Beedrill\n|move|p1a: Tyranitar|Rock Slide|p2b: Beedrill\n|-supereffective|p2b: Beedrill|1\n|-damage|p2b: Beedrill|0 fnt\n|faint|p2b: Beedrill\n|\n|win|retrojp\n|raw|retrojp's rating: 1051 &rarr; <strong>1079</strong><br />(+28 for winning)\n|raw|Eloc the Wizard's rating: 1000 &rarr; <strong>1000</strong><br />(+0 for losing)\n|l|\u2606Eloc the Wizard\n|player|p2|\n",
  "uploadtime": 1776114827,
  "views": 12,
  "formatid": "gen9championsvgc2026regma",
  "rating": 1000,
  "private": 0,
  "password": null
}