{
  "id": "gen9championsvgc2026regma-2583486938",
  "format": "[Gen 9 Champions] VGC 2026 Reg M-A",
  "players": [
    "Juya",
    "Cazuelacnmayo"
  ],
  "log": "|j|\u2606Juya\n|j|\u2606Cazuelacnmayo\n|t:|1776178754\n|gametype|doubles\n|player|p1|Juya|266|1170\n|player|p2|Cazuelacnmayo|265|1218\n|gen|9\n|tier|[Gen 9 Champions] VGC 2026 Reg M-A\n|rated|\n|rule|Species Clause: Limit one of each Pok\u00e9mon\n|rule|Item Clause: Limit 1 of each item\n|clearpoke\n|poke|p1|Floette-Eternal, L50, F|\n|poke|p1|Whimsicott, L50, F|\n|poke|p1|Tyranitar, L50, F|\n|poke|p1|Garchomp, L50, F|\n|poke|p1|Typhlosion-Hisui, L50, F|\n|poke|p1|Tsareena, L50, F|\n|poke|p2|Delphox, L50, M|\n|poke|p2|Maushold, L50|\n|poke|p2|Aerodactyl, L50, M|\n|poke|p2|Floette-Eternal, L50, F|\n|poke|p2|Garchomp, L50, M|\n|poke|p2|Incineroar, L50, M|\n|teampreview|4\n|inactive|Battle timer is ON: inactive players will automatically lose when time's up. (requested by Juya)\n|inactive|Cazuelacnmayo also wants the timer to be on.\n|inactive|Juya has 60 seconds left.\n|\n|t:|1776178785\n|teamsize|p1|4\n|teamsize|p2|4\n|start\n|switch|p1a: Tyranitar|Tyranitar, L50, F|100/100\n|switch|p1b: Garchomp|Garchomp, L50, F|100/100\n|switch|p2a: Floette|Floette-Eternal, L50, F|100/100\n|switch|p2b: Incineroar|Incineroar, L50, M|100/100\n|-weather|Sandstorm|[from] ability: Sand Stream|[of] p1a: Tyranitar\n|-ability|p2b: Incineroar|Intimidate|boost\n|-unboost|p1a: Tyranitar|atk|1\n|-unboost|p1b: Garchomp|atk|1\n|turn|1\n|\n|t:|1776178805\n|detailschange|p2a: Floette|Floette-Mega, L50, F\n|-mega|p2a: Floette|Floette|Floettite\n|-ability|p2a: Floette|Fairy Aura\n|move|p1b: Garchomp|Protect|p1b: Garchomp\n|-singleturn|p1b: Garchomp|Protect\n|move|p2b: Incineroar|Fake Out|p1b: Garchomp\n|-activate|p1b: Garchomp|move: Protect\n|move|p2a: Floette|Dazzling Gleam|p1a: Tyranitar|[spread] p1a\n|-activate|p1b: Garchomp|move: Protect\n|-supereffective|p1a: Tyranitar|1\n|-damage|p1a: Tyranitar|50/100\n|move|p1a: Tyranitar|Rock Slide|p2a: Floette|[spread] p2a\n|-miss|p1a: Tyranitar|p2b: Incineroar\n|-damage|p2a: Floette|80/100\n|\n|-weather|Sandstorm|[upkeep]\n|-damage|p2a: Floette|73/100|[from] Sandstorm\n|-damage|p2b: Incineroar|95/100|[from] Sandstorm\n|upkeep\n|turn|2\n|inactive|Juya has 30 seconds left.\n|inactive|Cazuelacnmayo has 30 seconds left.\n|\n|t:|1776178834\n|switch|p1a: Floette|Floette-Eternal, L50, F|100/100\n|switch|p2b: Garchomp|Garchomp, L50, M|100/100\n|move|p1b: Garchomp|Swords Dance|p1b: Garchomp\n|-boost|p1b: Garchomp|atk|2\n|move|p2a: Floette|Dazzling Gleam|p1b: Garchomp|[spread] p1a,p1b\n|-supereffective|p1b: Garchomp|1\n|-enditem|p1b: Garchomp|Roseli Berry|[eat]\n|-enditem|p1b: Garchomp|Roseli Berry|[weaken]\n|-damage|p1a: Floette|56/100\n|-damage|p1b: Garchomp|49/100\n|\n|-weather|Sandstorm|[upkeep]\n|-damage|p1a: Floette|49/100|[from] Sandstorm\n|-damage|p2a: Floette|67/100|[from] Sandstorm\n|upkeep\n|turn|3\n|inactive|Juya has 30 seconds left.\n|inactive|Cazuelacnmayo has 30 seconds left.\n|inactive|Cazuelacnmayo has 20 seconds left.\n|inactive|Cazuelacnmayo has 15 seconds left.\n|\n|t:|1776178877\n|detailschange|p1a: Floette|Floette-Mega, L50, F\n|-mega|p1a: Floette|Floette|Floettite\n|-ability|p1a: Floette|Fairy Aura\n|move|p2a: Floette|Protect|p2a: Floette\n|-singleturn|p2a: Floette|Protect\n|move|p1a: Floette|Moonblast|p2b: Garchomp\n|-supereffective|p2b: Garchomp|1\n|-damage|p2b: Garchomp|0 fnt\n|faint|p2b: Garchomp\n|move|p1b: Garchomp|Stomping Tantrum|p2a: Floette\n|-activate|p2a: Floette|move: Protect\n|\n|-weather|Sandstorm|[upkeep]\n|-damage|p1a: Floette|43/100|[from] Sandstorm\n|-damage|p2a: Floette|61/100|[from] Sandstorm\n|upkeep\n|\n|t:|1776178890\n|switch|p2b: Incineroar|Incineroar, L50, M|95/100\n|-ability|p2b: Incineroar|Intimidate|boost\n|-unboost|p1a: Floette|atk|1\n|-unboost|p1b: Garchomp|atk|1\n|turn|4\n|\n|t:|1776178906\n|move|p1a: Floette|Protect|p1a: Floette\n|-singleturn|p1a: Floette|Protect\n|move|p1b: Garchomp|Protect|p1b: Garchomp\n|-singleturn|p1b: Garchomp|Protect\n|move|p2b: Incineroar|Fake Out|p1b: Garchomp\n|-activate|p1b: Garchomp|move: Protect\n|move|p2a: Floette|Dazzling Gleam|p1a: Floette|[spread] \n|-activate|p1a: Floette|move: Protect\n|-activate|p1b: Garchomp|move: Protect\n|\n|-weather|Sandstorm|[upkeep]\n|-damage|p1a: Floette|37/100|[from] Sandstorm\n|-damage|p2a: Floette|55/100|[from] Sandstorm\n|-damage|p2b: Incineroar|89/100|[from] Sandstorm\n|upkeep\n|turn|5\n|\n|t:|1776178926\n|move|p1b: Garchomp|Stomping Tantrum|p2b: Incineroar\n|-supereffective|p2b: Incineroar|1\n|-damage|p2b: Incineroar|22/100\n|-enditem|p2b: Incineroar|Sitrus Berry|[eat]\n|-heal|p2b: Incineroar|47/100|[from] item: Sitrus Berry\n|move|p1a: Floette|Dazzling Gleam|p2b: Incineroar|[spread] p2a,p2b\n|-damage|p2a: Floette|17/100\n|-damage|p2b: Incineroar|8/100\n|move|p2a: Floette|Dazzling Gleam|p1b: Garchomp|[spread] p1a,p1b\n|-supereffective|p1b: Garchomp|1\n|-damage|p1a: Floette|0 fnt\n|-damage|p1b: Garchomp|0 fnt\n|faint|p1a: Floette\n|faint|p1b: Garchomp\n|move|p2b: Incineroar|Parting Shot|p1: Floette|[notarget]\n|-fail|p2b: Incineroar\n|\n|-weather|none\n|upkeep\n|\n|t:|1776178941\n|switch|p1b: Whimsicott|Whimsicott, L50, F, shiny|100/100\n|switch|p1a: Tyranitar|Tyranitar, L50, F|50/100\n|-weather|Sandstorm|[from] ability: Sand Stream|[of] p1a: Tyranitar\n|turn|6\n|\n|t:|1776178957\n|switch|p2b: Maushold|Maushold, L50|100/100\n|move|p2a: Floette|Protect|p2a: Floette\n|-singleturn|p2a: Floette|Protect\n|move|p1b: Whimsicott|Tailwind|p1b: Whimsicott\n|-sidestart|p1: Juya|move: Tailwind\n|move|p1a: Tyranitar|Rock Slide|p2b: Maushold|[spread] p2b\n|-activate|p2a: Floette|move: Protect\n|-damage|p2b: Maushold|67/100\n|\n|-weather|Sandstorm|[upkeep]\n|-damage|p1b: Whimsicott|95/100|[from] Sandstorm\n|-damage|p2b: Maushold|61/100|[from] Sandstorm\n|-damage|p2a: Floette|11/100|[from] Sandstorm\n|upkeep\n|turn|7\n|inactive|Juya has 30 seconds left.\n|inactive|Cazuelacnmayo has 30 seconds left.\n|\n|t:|1776178986\n|switch|p2a: Incineroar|Incineroar, L50, M|8/100\n|-ability|p2a: Incineroar|Intimidate|boost\n|-unboost|p1a: Tyranitar|atk|1\n|-unboost|p1b: Whimsicott|atk|1\n|move|p1b: Whimsicott|Moonblast|p2a: Incineroar\n|-damage|p2a: Incineroar|0 fnt\n|faint|p2a: Incineroar\n|move|p2b: Maushold|Super Fang|p1b: Whimsicott\n|-damage|p1b: Whimsicott|48/100\n|move|p1a: Tyranitar|Knock Off|p2b: Maushold\n|-damage|p2b: Maushold|20/100\n|-enditem|p2b: Maushold|Chople Berry|[from] move: Knock Off|[of] p1a: Tyranitar\n|\n|-weather|Sandstorm|[upkeep]\n|-damage|p1b: Whimsicott|42/100|[from] Sandstorm\n|-damage|p2b: Maushold|14/100|[from] Sandstorm\n|upkeep\n|\n|t:|1776179003\n|switch|p2a: Floette|Floette-Mega, L50, F|11/100\n|-ability|p2a: Floette|Fairy Aura\n|turn|8\n|inactive|Juya has 30 seconds left.\n|\n|t:|1776179034\n|move|p2b: Maushold|Follow Me|p2b: Maushold\n|-singleturn|p2b: Maushold|move: Follow Me\n|move|p1b: Whimsicott|Moonblast|p2b: Maushold\n|-damage|p2b: Maushold|0 fnt\n|faint|p2b: Maushold\n|move|p1a: Tyranitar|Knock Off|p2a: Floette\n|-resisted|p2a: Floette|1\n|-damage|p2a: Floette|0 fnt\n|faint|p2a: Floette\n|\n|win|Juya\n|raw|Juya's rating: 1170 &rarr; <strong>1198</strong><br />(+28 for winning)\n|raw|Cazuelacnmayo's rating: 1218 &rarr; <strong>1190</strong><br />(-28 for losing)\n",
  "uploadtime": 1776179044,
  "views": 15,
  "formatid": "gen9championsvgc2026regma",
  "rating": 1190,
  "private": 0,
  "password": null
}