{
  "id": "gen9championsvgc2026regma-2582907332",
  "format": "[Gen 9 Champions] VGC 2026 Reg M-A",
  "players": [
    "KogaAF1219",
    "Brichardi"
  ],
  "log": "|j|\u2606KogaAF1219\n|j|\u2606Brichardi\n|t:|1776123918\n|gametype|doubles\n|player|p1|KogaAF1219|koga|1224\n|player|p2|Brichardi|266|1244\n|gen|9\n|tier|[Gen 9 Champions] VGC 2026 Reg M-A\n|rated|\n|rule|Species Clause: Limit one of each Pok\u00e9mon\n|rule|Item Clause: Limit 1 of each item\n|clearpoke\n|poke|p1|Torkoal, L50, F|\n|poke|p1|Rotom-Fan, L50|\n|poke|p1|Excadrill, L50, F|\n|poke|p1|Venusaur, L50, F|\n|poke|p1|Dragapult, L50, M|\n|poke|p1|Incineroar, L50, F|\n|poke|p2|Hatterene, L50, F|\n|poke|p2|Arcanine, L50, F|\n|poke|p2|Venusaur, L50, F|\n|poke|p2|Blastoise, L50, F|\n|poke|p2|Dragapult, L50, M|\n|poke|p2|Sableye, L50, F|\n|teampreview|4\nKogaAF1219 has agreed to open team sheets.\n|inactive|Battle timer is ON: inactive players will automatically lose when time's up. (requested by KogaAF1219)\n|\n|t:|1776124002\n|teamsize|p1|4\n|teamsize|p2|4\n|start\n|switch|p1a: Rotom|Rotom-Fan, L50|100/100\n|switch|p1b: Excadrill|Excadrill, L50, F|100/100\n|switch|p2a: Sableye|Sableye, L50, F|100/100\n|switch|p2b: Arcanine|Arcanine, L50, F|100/100\n|-ability|p1b: Excadrill|Mold Breaker\n|-ability|p2b: Arcanine|Intimidate|boost\n|-unboost|p1a: Rotom|atk|1\n|-unboost|p1b: Excadrill|atk|1\n|turn|1\n|\n|t:|1776124022\n|move|p1b: Excadrill|Protect|p1b: Excadrill\n|-singleturn|p1b: Excadrill|Protect\n|move|p2a: Sableye|Reflect|p2a: Sableye\n|-sidestart|p2: Brichardi|Reflect\n|move|p1a: Rotom|Discharge|p2b: Arcanine|[spread] p2a,p2b\n|-activate|p1b: Excadrill|move: Protect\n|-damage|p2a: Sableye|70/100\n|-damage|p2b: Arcanine|72/100\n|-status|p2b: Arcanine|par\n|move|p2b: Arcanine|Heat Wave|p1b: Excadrill|[spread] p1a\n|-activate|p1b: Excadrill|move: Protect\n|-damage|p1a: Rotom|53/100\n|\n|upkeep\n|turn|2\n|\n|t:|1776124041\n|move|p2a: Sableye|Light Screen|p2a: Sableye\n|-sidestart|p2: Brichardi|move: Light Screen\n|move|p1a: Rotom|Discharge|p2b: Arcanine|[spread] p2a,p2b\n|-immune|p1b: Excadrill\n|-damage|p2a: Sableye|51/100\n|-damage|p2b: Arcanine|54/100 par\n|move|p1b: Excadrill|Earthquake|p2b: Arcanine|[spread] p2a,p2b\n|-immune|p1a: Rotom\n|-supereffective|p2b: Arcanine|1\n|-damage|p2a: Sableye|26/100\n|-damage|p2b: Arcanine|11/100 par\n|move|p2b: Arcanine|Heat Wave|p1a: Rotom|[spread] p1a,p1b\n|-supereffective|p1b: Excadrill|1\n|-damage|p1a: Rotom|11/100\n|-enditem|p1b: Excadrill|Focus Sash\n|-damage|p1b: Excadrill|1/100\n|\n|upkeep\n|turn|3\n|inactive|Brichardi has 30 seconds left.\n|inactive|Brichardi has 20 seconds left.\n|inactive|Brichardi has 15 seconds left.\n|inactive|Brichardi has 10 seconds left.\n|\n|t:|1776124089\n|move|p1a: Rotom|Discharge|p2a: Sableye|[spread] p2a,p2b\n|-immune|p1b: Excadrill\n|-damage|p2a: Sableye|8/100\n|-damage|p2b: Arcanine|0 fnt\n|faint|p2b: Arcanine\n|move|p1b: Excadrill|Earthquake|p2a: Sableye|[spread] p2a\n|-immune|p1a: Rotom\n|-damage|p2a: Sableye|0 fnt\n|faint|p2a: Sableye\n|\n|upkeep\n|\n|t:|1776124101\n|switch|p2b: Blastoise|Blastoise, L50, F|100/100\n|switch|p2a: Hatterene|Hatterene, L50, F|100/100\n|turn|4\n|\n|t:|1776124118\n|move|p2b: Blastoise|Protect|p2b: Blastoise\n|-singleturn|p2b: Blastoise|Protect\n|move|p1a: Rotom|Discharge|p2a: Hatterene|[spread] p2a\n|-activate|p2b: Blastoise|move: Protect\n|-immune|p1b: Excadrill\n|-damage|p2a: Hatterene|85/100\n|-status|p2a: Hatterene|par\n|move|p1b: Excadrill|Iron Head|p2a: Hatterene\n|-supereffective|p2a: Hatterene|1\n|-crit|p2a: Hatterene\n|-damage|p2a: Hatterene|0 fnt\n|faint|p2a: Hatterene\n|\n|upkeep\n|turn|5\n|-message|Brichardi forfeited.\n|\n|win|KogaAF1219\n|raw|KogaAF1219's rating: 1224 &rarr; <strong>1250</strong><br />(+26 for winning)\n|raw|Brichardi's rating: 1244 &rarr; <strong>1218</strong><br />(-26 for losing)\n|l|\u2606Brichardi\n|player|p2|\n",
  "uploadtime": 1776124136,
  "views": 32,
  "formatid": "gen9championsvgc2026regma",
  "rating": 1218,
  "private": 0,
  "password": null
}