{
  "id": "gen9championsvgc2026regma-2584121171",
  "format": "[Gen 9 Champions] VGC 2026 Reg M-A",
  "players": [
    "Corbinc",
    "menoinnnnnn"
  ],
  "log": "|j|\u2606Corbinc\n|j|\u2606menoinnnnnn\n|t:|1776227462\n|gametype|doubles\n|player|p1|Corbinc|ghetsis-gen5bw|1000\n|player|p2|menoinnnnnn|169|1000\n|gen|9\n|tier|[Gen 9 Champions] VGC 2026 Reg M-A\n|rated|\n|rule|Species Clause: Limit one of each Pok\u00e9mon\n|rule|Item Clause: Limit 1 of each item\n|clearpoke\n|poke|p1|Crabominable, L50, M|\n|poke|p1|Abomasnow, L50, M|\n|poke|p1|Sableye, L50, M|\n|poke|p1|Golurk, L50|\n|poke|p1|Farigiraf, L50, F|\n|poke|p1|Ninetales-Alola, L50, F|\n|poke|p2|Arcanine, L50, M|\n|poke|p2|Crabominable, L50, F|\n|poke|p2|Slowking, L50, F|\n|poke|p2|Tsareena, L50, F|\n|poke|p2|Hatterene, L50, F|\n|poke|p2|Camerupt, L50, M|\n|teampreview|4\n|\n|t:|1776227484\n|teamsize|p1|4\n|teamsize|p2|4\n|start\n|switch|p1a: Farigiraf|Farigiraf, L50, F|100/100\n|switch|p1b: Abomasnow|Abomasnow, L50, M|100/100\n|switch|p2a: Arcanine|Arcanine, L50, M|100/100\n|switch|p2b: Slowking|Slowking, L50, F|100/100\n|-weather|Snowscape|[from] ability: Snow Warning|[of] p1b: Abomasnow\n|-ability|p2a: Arcanine|Intimidate|boost\n|-unboost|p1a: Farigiraf|atk|1\n|-unboost|p1b: Abomasnow|atk|1\n|turn|1\n|\n|t:|1776227508\n|switch|p1a: Crabominable|Crabominable, L50, M|100/100\n|move|p1b: Abomasnow|Frost Breath|p1a: Crabominable\n|-resisted|p1a: Crabominable|1\n|-crit|p1a: Crabominable\n|-damage|p1a: Crabominable|89/100\n|-setboost|p1a: Crabominable|atk|6|[from] ability: Anger Point\n|move|p2a: Arcanine|Flare Blitz|p1b: Abomasnow\n|-supereffective|p1b: Abomasnow|2\n|-enditem|p1b: Abomasnow|Focus Sash\n|-damage|p1b: Abomasnow|1/100\n|-damage|p2a: Arcanine|67/100|[from] Recoil\n|move|p2b: Slowking|Psychic|p1b: Abomasnow\n|-damage|p1b: Abomasnow|0 fnt\n|faint|p1b: Abomasnow\n|\n|-weather|Snowscape|[upkeep]\n|upkeep\n|\n|t:|1776227537\n|switch|p1b: Farigiraf|Farigiraf, L50, F|100/100\n|turn|2\n|\n|t:|1776227563\n|switch|p2a: Crabominable|Crabominable, L50, F|100/100\n|detailschange|p1a: Crabominable|Crabominable-Mega, L50, M\n|-mega|p1a: Crabominable|Crabominable|Crabominite\n|move|p1a: Crabominable|Earthquake|p2b: Slowking|[spread] p1b,p2a,p2b\n|-crit|p1b: Farigiraf\n|-damage|p1b: Farigiraf|0 fnt\n|-damage|p2a: Crabominable|32/100\n|-damage|p2b: Slowking|1/100\n|faint|p1b: Farigiraf\n|move|p2b: Slowking|Psychic|p1a: Crabominable\n|-supereffective|p1a: Crabominable|1\n|-damage|p1a: Crabominable|44/100\n|\n|-weather|Snowscape|[upkeep]\n|upkeep\n|\n|t:|1776227574\n|switch|p1b: Sableye|Sableye, L50, M|100/100\n|turn|3\n|\n|t:|1776227612\n|move|p2a: Crabominable|Protect|p2a: Crabominable\n|-singleturn|p2a: Crabominable|Protect\n|move|p1b: Sableye|Shadow Sneak|p2b: Slowking\n|-supereffective|p2b: Slowking|1\n|-damage|p2b: Slowking|0 fnt\n|faint|p2b: Slowking\n|move|p1a: Crabominable|Drain Punch|p2a: Crabominable\n|-activate|p2a: Crabominable|move: Protect\n|\n|-weather|Snowscape|[upkeep]\n|upkeep\n|\n|t:|1776227626\n|switch|p2b: Arcanine|Arcanine, L50, M|67/100\n|-ability|p2b: Arcanine|Intimidate|boost\n|-unboost|p1a: Crabominable|atk|1\n|-unboost|p1b: Sableye|atk|1\n|turn|4\n|\n|t:|1776227662\n|detailschange|p2a: Crabominable|Crabominable-Mega, L50, F\n|-mega|p2a: Crabominable|Crabominable|Crabominite\n|move|p2b: Arcanine|Protect|p2b: Arcanine\n|-singleturn|p2b: Arcanine|Protect\n|move|p1b: Sableye|Shadow Sneak|p2b: Arcanine\n|-activate|p2b: Arcanine|move: Protect\n|move|p1a: Crabominable|Drain Punch|p2a: Crabominable\n|-supereffective|p2a: Crabominable|1\n|-crit|p2a: Crabominable\n|-damage|p2a: Crabominable|0 fnt\n|-heal|p1a: Crabominable|59/100|[from] drain|[of] p2a: Crabominable\n|faint|p2a: Crabominable\n|\n|-weather|Snowscape|[upkeep]\n|upkeep\n|\n|t:|1776227671\n|switch|p2a: Hatterene|Hatterene, L50, F|100/100\n|turn|5\n|\n|t:|1776227685\n|move|p2b: Arcanine|Extreme Speed|p1a: Crabominable\n|-crit|p1a: Crabominable\n|-damage|p1a: Crabominable|43/100\n|move|p1b: Sableye|Light Screen|p1b: Sableye\n|-sidestart|p1: Corbinc|move: Light Screen\n|move|p1a: Crabominable|Earthquake|p2b: Arcanine|[spread] p1b,p2a,p2b\n|-crit|p1b: Sableye\n|-supereffective|p2b: Arcanine|1\n|-damage|p1b: Sableye|0 fnt\n|-damage|p2a: Hatterene|8/100\n|-damage|p2b: Arcanine|0 fnt\n|faint|p1b: Sableye\n|faint|p2b: Arcanine\n|move|p2a: Hatterene|Dazzling Gleam|p1a: Crabominable\n|-supereffective|p1a: Crabominable|1\n|-damage|p1a: Crabominable|7/100\n|\n|-weather|none\n|upkeep\n|turn|6\n|\n|t:|1776227702\n|move|p2a: Hatterene|Protect|p2a: Hatterene\n|-singleturn|p2a: Hatterene|Protect\n|move|p1a: Crabominable|Earthquake|p2a: Hatterene\n|-activate|p2a: Hatterene|move: Protect\n|\n|upkeep\n|turn|7\n|\n|t:|1776227711\n|move|p2a: Hatterene|Protect||[still]\n|-fail|p2a: Hatterene\n|move|p1a: Crabominable|Earthquake|p2a: Hatterene\n|-damage|p2a: Hatterene|0 fnt\n|faint|p2a: Hatterene\n|\n|win|Corbinc\n|raw|Corbinc's rating: 1000 &rarr; <strong>1040</strong><br />(+40 for winning)\n|raw|menoinnnnnn's rating: 1000 &rarr; <strong>1000</strong><br />(+0 for losing)\n",
  "uploadtime": 1776227716,
  "views": 19,
  "formatid": "gen9championsvgc2026regma",
  "rating": 1000,
  "private": 0,
  "password": null
}