{
  "id": "gen9championsvgc2026regma-2581845932",
  "format": "[Gen 9 Champions] VGC 2026 Reg M-A",
  "players": [
    "Fhncghbddtyjnh",
    "JorginB3"
  ],
  "log": "|j|\u2606Fhncghbddtyjnh\n|j|\u2606JorginB3\n|t:|1776033215\n|gametype|doubles\n|player|p1|Fhncghbddtyjnh|265|1040\n|player|p2|JorginB3|depotagent|1062\n|gen|9\n|tier|[Gen 9 Champions] VGC 2026 Reg M-A\n|rated|\n|rule|Species Clause: Limit one of each Pok\u00e9mon\n|rule|Item Clause: Limit 1 of each item\n|clearpoke\n|poke|p1|Chandelure, L50, F|\n|poke|p1|Primarina, L50, F|\n|poke|p1|Farigiraf, L50, F|\n|poke|p1|Ninetales-Alola, L50, F|\n|poke|p1|Decidueye, L50, F|\n|poke|p1|Milotic, L50, M|\n|poke|p2|Pidgeot, L50, F|\n|poke|p2|Incineroar, L50, M|\n|poke|p2|Whimsicott, L50, F|\n|poke|p2|Rotom-Wash, L50|\n|poke|p2|Sneasler, L50, F|\n|poke|p2|Garchomp, L50, F|\n|teampreview|4\n|inactive|Battle timer is ON: inactive players will automatically lose when time's up. (requested by JorginB3)\n|inactive|Fhncghbddtyjnh has 60 seconds left.\n|\n|t:|1776033253\n|teamsize|p1|4\n|teamsize|p2|4\n|start\n|switch|p1a: Chandelure|Chandelure, L50, F|100/100\n|switch|p1b: Decidueye|Decidueye, L50, F|100/100\n|switch|p2a: Garchomp|Garchomp, L50, F|100/100\n|switch|p2b: Sneasler|Sneasler, L50, F|100/100\n|turn|1\n|inactive|JorginB3 has 30 seconds left.\n|inactive|JorginB3 has 20 seconds left.\n|\n|t:|1776033290\n|detailschange|p1a: Chandelure|Chandelure-Mega, L50, F\n|-mega|p1a: Chandelure|Chandelure|Chandelurite\n|move|p2a: Garchomp|Rock Slide|p1b: Decidueye|[spread] p1a,p1b\n|-supereffective|p1a: Chandelure|1\n|-damage|p1a: Chandelure|49/100\n|-damage|p1b: Decidueye|71/100\n|move|p2b: Sneasler|Dire Claw|p1b: Decidueye\n|-damage|p1b: Decidueye|2/100\n|move|p1a: Chandelure|Heat Wave|p2a: Garchomp|[spread] p2a,p2b\n|-resisted|p2a: Garchomp|1\n|-damage|p2a: Garchomp|77/100\n|-damage|p2b: Sneasler|38/100\n|move|p1b: Decidueye|Tailwind|p1b: Decidueye\n|-sidestart|p1: Fhncghbddtyjnh|move: Tailwind\n|\n|upkeep\n|turn|2\n|inactive|Fhncghbddtyjnh has 30 seconds left.\n|\n|t:|1776033317\n|move|p2b: Sneasler|Protect|p2b: Sneasler\n|-singleturn|p2b: Sneasler|Protect\n|move|p1a: Chandelure|Heat Wave|p2b: Sneasler|[spread] \n|-activate|p2b: Sneasler|move: Protect\n|-miss|p1a: Chandelure|p2a: Garchomp\n|move|p1b: Decidueye|Spirit Shackle|p2a: Garchomp\n|-damage|p2a: Garchomp|37/100\n|-activate|p2a: Garchomp|trapped\n|move|p2a: Garchomp|Rock Slide|p1b: Decidueye|[spread] p1a,p1b\n|-supereffective|p1a: Chandelure|1\n|-damage|p1a: Chandelure|0 fnt\n|-damage|p1b: Decidueye|0 fnt\n|faint|p1a: Chandelure\n|faint|p1b: Decidueye\n|\n|upkeep\n|\n|t:|1776033334\n|switch|p1a: Farigiraf|Farigiraf, L50, F|100/100\n|switch|p1b: Primarina|Primarina, L50, F|100/100\n|turn|3\n|\n|t:|1776033354\n|switch|p2a: Incineroar|Incineroar, L50, M|100/100\n|-ability|p2a: Incineroar|Intimidate|boost\n|-unboost|p1a: Farigiraf|atk|1\n|-unboost|p1b: Primarina|atk|1\n|switch|p2b: Pidgeot|Pidgeot, L50, F|100/100\n|move|p1a: Farigiraf|Helping Hand|p1b: Primarina\n|-singleturn|p1b: Primarina|Helping Hand|[of] p1a: Farigiraf\n|move|p1b: Primarina|Hyper Voice|p2a: Incineroar|[spread] p2a,p2b\n|-supereffective|p2a: Incineroar|1\n|-enditem|p2a: Incineroar|Passho Berry|[eat]\n|-enditem|p2a: Incineroar|Passho Berry|[weaken]\n|-damage|p2a: Incineroar|49/100\n|-damage|p2b: Pidgeot|20/100\n|\n|upkeep\n|turn|4\n|inactive|Fhncghbddtyjnh has 30 seconds left.\n|\n|t:|1776033379\n|detailschange|p2b: Pidgeot|Pidgeot-Mega, L50, F\n|-mega|p2b: Pidgeot|Pidgeot|Pidgeotite\n|move|p2b: Pidgeot|Protect|p2b: Pidgeot\n|-singleturn|p2b: Pidgeot|Protect\n|move|p1b: Primarina|Hyper Voice|p2b: Pidgeot|[spread] p2a\n|-activate|p2b: Pidgeot|move: Protect\n|-supereffective|p2a: Incineroar|1\n|-damage|p2a: Incineroar|0 fnt\n|faint|p2a: Incineroar\n|move|p1a: Farigiraf|Trick Room|p1a: Farigiraf\n|-fieldstart|move: Trick Room|[of] p1a: Farigiraf\n|\n|-sideend|p1: Fhncghbddtyjnh|move: Tailwind\n|upkeep\n|\n|t:|1776033392\n|switch|p2a: Sneasler|Sneasler, L50, F|38/100\n|turn|5\n|\n|t:|1776033399\n|move|p1a: Farigiraf|Helping Hand|p1b: Primarina\n|-singleturn|p1b: Primarina|Helping Hand|[of] p1a: Farigiraf\n|move|p2a: Sneasler|Fake Out||[still]\n|cant|p1a: Farigiraf|ability: Armor Tail|Fake Out|[of] p2a: Sneasler\n|move|p1b: Primarina|Hyper Voice|p2b: Pidgeot|[spread] p2a,p2b\n|-damage|p2a: Sneasler|0 fnt\n|-damage|p2b: Pidgeot|0 fnt\n|faint|p2a: Sneasler\n|faint|p2b: Pidgeot\n|\n|upkeep\n|\n|t:|1776033410\n|switch|p2b: Garchomp|Garchomp, L50, F|37/100\n|turn|6\n|\n|t:|1776033416\n|move|p1a: Farigiraf|Psychic|p2b: Garchomp\n|-damage|p2b: Garchomp|0 fnt\n|faint|p2b: Garchomp\n|\n|win|Fhncghbddtyjnh\n|raw|Fhncghbddtyjnh's rating: 1040 &rarr; <strong>1076</strong><br />(+36 for winning)\n|raw|JorginB3's rating: 1062 &rarr; <strong>1041</strong><br />(-21 for losing)\n",
  "uploadtime": 1776033422,
  "views": 10,
  "formatid": "gen9championsvgc2026regma",
  "rating": 1041,
  "private": 0,
  "password": null
}