{
  "id": "gen9championsvgc2026regma-2588841150",
  "format": "[Gen 9 Champions] VGC 2026 Reg M-A",
  "players": [
    "cumfymsm",
    "lechatou26"
  ],
  "log": "|j|\u2606cumfymsm\n|j|\u2606lechatou26\n|t:|1776677361\n|gametype|doubles\n|player|p1|cumfymsm|1|1218\n|player|p2|lechatou26|102|1120\n|gen|9\n|tier|[Gen 9 Champions] VGC 2026 Reg M-A\n|rated|\n|rule|Species Clause: Limit one of each Pok\u00e9mon\n|rule|Item Clause: Limit 1 of each item\n|clearpoke\n|poke|p1|Politoed, L50, F|\n|poke|p1|Basculegion, L50, M|\n|poke|p1|Espathra, L50, F|\n|poke|p1|Corviknight, L50, M|\n|poke|p1|Dragonite, L50, M|\n|poke|p1|Glimmora, L50, F|\n|poke|p2|Froslass, L50, F|\n|poke|p2|Floette-Eternal, L50, F|\n|poke|p2|Garchomp, L50, F|\n|poke|p2|Sneasler, L50, F|\n|poke|p2|Kingambit, L50, F|\n|poke|p2|Basculegion, L50, M|\n|teampreview|4\n|inactive|Battle timer is ON: inactive players will automatically lose when time's up. (requested by cumfymsm)\n|\n|t:|1776677421\n|teamsize|p1|4\n|teamsize|p2|4\n|start\n|switch|p1a: Espathra|Espathra, L50, F|100/100\n|switch|p1b: Basculegion|Basculegion, L50, M|100/100\n|switch|p2a: Froslass|Froslass, L50, F|100/100\n|switch|p2b: Sneasler|Sneasler, L50, F|100/100\n|turn|1\n|inactive|cumfymsm has 30 seconds left.\n|inactive|lechatou26 has 30 seconds left.\n|\n|t:|1776677454\n|switch|p2b: Kingambit|Kingambit, L50, F|100/100\n|detailschange|p2a: Froslass|Froslass-Mega, L50, F\n|-mega|p2a: Froslass|Froslass|Froslassite\n|-weather|Snowscape|[from] ability: Snow Warning|[of] p2a: Froslass\n|move|p1a: Espathra|Protect|p1a: Espathra\n|-singleturn|p1a: Espathra|Protect\n|move|p1b: Basculegion|Last Respects|p2a: Froslass\n|-supereffective|p2a: Froslass|1\n|-damage|p2a: Froslass|48/100\n|move|p2a: Froslass|Substitute|p2a: Froslass\n|-start|p2a: Froslass|Substitute\n|-damage|p2a: Froslass|23/100\n|\n|-weather|Snowscape|[upkeep]\n|-ability|p1a: Espathra|Speed Boost|boost\n|-boost|p1a: Espathra|spe|1\n|upkeep\n|turn|2\n|\n|t:|1776677476\n|move|p2a: Froslass|Protect|p2a: Froslass\n|-singleturn|p2a: Froslass|Protect\n|move|p1a: Espathra|Rain Dance|p1a: Espathra\n|-weather|RainDance\n|move|p1b: Basculegion|Last Respects|p2a: Froslass\n|-activate|p2a: Froslass|move: Protect\n|move|p2b: Kingambit|Kowtow Cleave|p1b: Basculegion\n|-supereffective|p1b: Basculegion|1\n|-damage|p1b: Basculegion|0 fnt\n|faint|p1b: Basculegion\n|\n|-weather|RainDance|[upkeep]\n|-ability|p1a: Espathra|Speed Boost|boost\n|-boost|p1a: Espathra|spe|1\n|upkeep\n|\n|t:|1776677487\n|switch|p1b: Glimmora|Glimmora, L50, F|100/100\n|turn|3\n|\n|t:|1776677508\n|detailschange|p1b: Glimmora|Glimmora-Mega, L50, F\n|-mega|p1b: Glimmora|Glimmora|Glimmoranite\n|move|p1b: Glimmora|Protect|p1b: Glimmora\n|-singleturn|p1b: Glimmora|Protect\n|move|p1a: Espathra|Lumina Crash|p2a: Froslass\n|-end|p2a: Froslass|Substitute\n|move|p2a: Froslass|Blizzard|p1a: Espathra|[spread] p1a\n|-activate|p1b: Glimmora|move: Protect\n|-damage|p1a: Espathra|39/100\n|move|p2b: Kingambit|Kowtow Cleave|p1a: Espathra\n|-supereffective|p1a: Espathra|1\n|-damage|p1a: Espathra|0 fnt\n|faint|p1a: Espathra\n|\n|-weather|RainDance|[upkeep]\n|upkeep\n|\n|t:|1776677519\n|switch|p1a: Politoed|Politoed, L50, F|100/100\n|turn|4\n|\n|t:|1776677532\n|switch|p2a: Sneasler|Sneasler, L50, F|100/100\n|move|p1b: Glimmora|Earth Power|p2b: Kingambit\n|-supereffective|p2b: Kingambit|1\n|-damage|p2b: Kingambit|27/100\n|move|p1a: Politoed|Weather Ball|p2b: Kingambit\n|-damage|p2b: Kingambit|0 fnt\n|faint|p2b: Kingambit\n|\n|-weather|RainDance|[upkeep]\n|upkeep\n|inactive|lechatou26 has 30 seconds left.\n|inactive|lechatou26 has 20 seconds left.\n|\n|t:|1776677568\n|switch|p2b: Garchomp|Garchomp, L50, F|100/100\n|turn|5\n|\n|t:|1776677572\n|move|p2a: Sneasler|Protect|p2a: Sneasler\n|-singleturn|p2a: Sneasler|Protect\n|move|p1b: Glimmora|Protect|p1b: Glimmora\n|-singleturn|p1b: Glimmora|Protect\n|move|p2b: Garchomp|Earthquake|p1b: Glimmora|[spread] p1a\n|-activate|p2a: Sneasler|move: Protect\n|-activate|p1b: Glimmora|move: Protect\n|-damage|p1a: Politoed|59/100\n|move|p1a: Politoed|Ice Beam|p2b: Garchomp\n|-supereffective|p2b: Garchomp|2\n|-damage|p2b: Garchomp|7/100\n|\n|-weather|RainDance|[upkeep]\n|upkeep\n|turn|6\n|inactive|cumfymsm has 30 seconds left.\n|\n|t:|1776677602\n|move|p2a: Sneasler|Dire Claw|p1a: Politoed\n|-damage|p1a: Politoed|10/100\n|-status|p1a: Politoed|slp\n|-enditem|p1a: Politoed|Sitrus Berry|[eat]\n|-heal|p1a: Politoed|35/100 slp|[from] item: Sitrus Berry\n|move|p1b: Glimmora|Power Gem|p2b: Garchomp\n|-resisted|p2b: Garchomp|1\n|-damage|p2b: Garchomp|0 fnt\n|faint|p2b: Garchomp\n|cant|p1a: Politoed|slp\n|\n|-weather|none\n|upkeep\n|c|\u2606cumfymsm|uh oh\n|\n|t:|1776677611\n|switch|p2b: Froslass|Froslass-Mega, L50, F|23/100\n|-weather|Snowscape|[from] ability: Snow Warning|[of] p2b: Froslass\n|turn|7\n|\n|t:|1776677634\n|move|p2a: Sneasler|Dire Claw|p1a: Politoed\n|-damage|p1a: Politoed|0 fnt\n|faint|p1a: Politoed\n|move|p2b: Froslass|Blizzard|p1b: Glimmora\n|-damage|p1b: Glimmora|29/100\n|move|p1b: Glimmora|Power Gem|p2b: Froslass\n|-supereffective|p2b: Froslass|1\n|-damage|p2b: Froslass|0 fnt\n|faint|p2b: Froslass\n|\n|-weather|Snowscape|[upkeep]\n|upkeep\n|turn|8\n|\n|t:|1776677649\n|move|p2a: Sneasler|Close Combat|p1b: Glimmora\n|-damage|p1b: Glimmora|0 fnt\n|-unboost|p2a: Sneasler|def|1\n|-unboost|p2a: Sneasler|spd|1\n|faint|p1b: Glimmora\n|\n|win|lechatou26\n|raw|cumfymsm's rating: 1218 &rarr; <strong>1186</strong><br />(-32 for losing)\n|raw|lechatou26's rating: 1120 &rarr; <strong>1152</strong><br />(+32 for winning)\n|l|\u2606cumfymsm\n|player|p1|\n",
  "uploadtime": 1776677667,
  "views": 8,
  "formatid": "gen9championsvgc2026regma",
  "rating": 1152,
  "private": 0,
  "password": null
}