{
  "id": "gen9championsvgc2026regma-2582407068",
  "format": "[Gen 9 Champions] VGC 2026 Reg M-A",
  "players": [
    "guga2",
    "Someoneofficial"
  ],
  "log": "|j|\u2606guga2\n|j|\u2606Someoneofficial\n|t:|1776089643\n|gametype|doubles\n|player|p1|guga2|marshal|1108\n|player|p2|Someoneofficial|scientist-gen4dp|1049\n|gen|9\n|tier|[Gen 9 Champions] VGC 2026 Reg M-A\n|rated|\n|rule|Species Clause: Limit one of each Pok\u00e9mon\n|rule|Item Clause: Limit 1 of each item\n|clearpoke\n|poke|p1|Tyranitar, L50, M|\n|poke|p1|Lycanroc, L50, F|\n|poke|p1|Gyarados, L50, M|\n|poke|p1|Talonflame, L50, F|\n|poke|p1|Sylveon, L50, F|\n|poke|p1|Garchomp, L50, M|\n|poke|p2|Floette-Eternal, L50, F|\n|poke|p2|Sinistcha, L50|\n|poke|p2|Incineroar, L50, M|\n|poke|p2|Rotom-Heat, L50|\n|poke|p2|Primarina, L50, F|\n|poke|p2|Aerodactyl, L50, F|\n|teampreview|4\n|\n|t:|1776089675\n|teamsize|p1|4\n|teamsize|p2|4\n|start\n|switch|p1a: Talonflame|Talonflame, L50, F|100/100\n|switch|p1b: Gyarados|Gyarados, L50, M|100/100\n|switch|p2a: Incineroar|Incineroar, L50, M|100/100\n|switch|p2b: Sinistcha|Sinistcha, L50|100/100\n|-ability|p1b: Gyarados|Intimidate|boost\n|-unboost|p2a: Incineroar|atk|1\n|-unboost|p2b: Sinistcha|atk|1\n|-ability|p2a: Incineroar|Intimidate|boost\n|-unboost|p1a: Talonflame|atk|1\n|-unboost|p1b: Gyarados|atk|1\n|turn|1\n|inactive|Battle timer is ON: inactive players will automatically lose when time's up. (requested by Someoneofficial)\n|\n|t:|1776089727\n|move|p2a: Incineroar|Fake Out|p1a: Talonflame\n|-damage|p1a: Talonflame|90/100\n|cant|p1a: Talonflame|flinch\n|move|p1b: Gyarados|Waterfall|p2a: Incineroar\n|-supereffective|p2a: Incineroar|1\n|-damage|p2a: Incineroar|61/100\n|move|p2b: Sinistcha|Trick Room|p2b: Sinistcha\n|-fieldstart|move: Trick Room|[of] p2b: Sinistcha\n|\n|-heal|p1a: Talonflame|96/100|[from] item: Leftovers\n|upkeep\n|turn|2\n|\n|t:|1776089745\n|switch|p1b: Tyranitar|Tyranitar, L50, M|100/100\n|-weather|Sandstorm|[from] ability: Sand Stream|[of] p1b: Tyranitar\n|move|p2a: Incineroar|Darkest Lariat|p1b: Tyranitar\n|-resisted|p1b: Tyranitar|1\n|-damage|p1b: Tyranitar|92/100\n|move|p2b: Sinistcha|Matcha Gotcha|p1a: Talonflame|[spread] p1a,p1b\n|-resisted|p1a: Talonflame|2\n|-supereffective|p1b: Tyranitar|1\n|-damage|p1a: Talonflame|87/100\n|-damage|p1b: Tyranitar|63/100\n|-status|p1b: Tyranitar|brn\n|move|p1a: Talonflame|Overheat|p2b: Sinistcha\n|-supereffective|p2b: Sinistcha|1\n|-damage|p2b: Sinistcha|0 fnt\n|-unboost|p1a: Talonflame|spa|2\n|faint|p2b: Sinistcha\n|\n|-weather|Sandstorm|[upkeep]\n|-damage|p2a: Incineroar|55/100|[from] Sandstorm\n|-damage|p1a: Talonflame|81/100|[from] Sandstorm\n|-heal|p1a: Talonflame|87/100|[from] item: Leftovers\n|-damage|p1b: Tyranitar|58/100 brn|[from] brn\n|upkeep\n|\n|t:|1776089749\n|switch|p2b: Floette|Floette-Eternal, L50, F|100/100\n|turn|3\n|\n|t:|1776089770\n|switch|p1a: Gyarados|Gyarados, L50, M|100/100\n|-ability|p1a: Gyarados|Intimidate|boost\n|-unboost|p2a: Incineroar|atk|1\n|-unboost|p2b: Floette|atk|1\n|detailschange|p1b: Tyranitar|Tyranitar-Mega, L50, M\n|-mega|p1b: Tyranitar|Tyranitar|Tyranitarite\n|detailschange|p2b: Floette|Floette-Mega, L50, F\n|-mega|p2b: Floette|Floette|Floettite\n|-ability|p2b: Floette|Fairy Aura\n|move|p2a: Incineroar|Darkest Lariat|p1a: Gyarados\n|-damage|p1a: Gyarados|83/100\n|move|p1b: Tyranitar|Rock Slide|p2a: Incineroar|[spread] p2a,p2b\n|-supereffective|p2a: Incineroar|1\n|-damage|p2a: Incineroar|28/100\n|-damage|p2b: Floette|81/100\n|-enditem|p2a: Incineroar|Sitrus Berry|[eat]\n|-heal|p2a: Incineroar|53/100|[from] item: Sitrus Berry\n|move|p2b: Floette|Dazzling Gleam|p1a: Gyarados|[spread] p1a,p1b\n|-supereffective|p1b: Tyranitar|1\n|-damage|p1a: Gyarados|32/100\n|-damage|p1b: Tyranitar|10/100 brn\n|-enditem|p1a: Gyarados|Sitrus Berry|[eat]\n|-heal|p1a: Gyarados|57/100|[from] item: Sitrus Berry\n|\n|-weather|Sandstorm|[upkeep]\n|-damage|p2a: Incineroar|47/100|[from] Sandstorm\n|-damage|p2b: Floette|75/100|[from] Sandstorm\n|-damage|p1a: Gyarados|50/100|[from] Sandstorm\n|-damage|p1b: Tyranitar|4/100 brn|[from] brn\n|upkeep\n|turn|4\n|\n|t:|1776089793\n|move|p2a: Incineroar|Darkest Lariat|p1a: Gyarados\n|-damage|p1a: Gyarados|32/100\n|move|p1b: Tyranitar|Rock Slide|p2b: Floette|[spread] p2a,p2b\n|-supereffective|p2a: Incineroar|1\n|-damage|p2a: Incineroar|20/100\n|-damage|p2b: Floette|55/100\n|move|p2b: Floette|Dazzling Gleam|p1a: Gyarados|[spread] p1a,p1b\n|-crit|p1a: Gyarados\n|-supereffective|p1b: Tyranitar|1\n|-damage|p1a: Gyarados|0 fnt\n|-damage|p1b: Tyranitar|0 fnt\n|faint|p1a: Gyarados\n|faint|p1b: Tyranitar\n|\n|-weather|Sandstorm|[upkeep]\n|-damage|p2a: Incineroar|14/100|[from] Sandstorm\n|-damage|p2b: Floette|49/100|[from] Sandstorm\n|upkeep\n|\n|t:|1776089814\n|switch|p1b: Lycanroc|Lycanroc, L50, F|100/100\n|switch|p1a: Talonflame|Talonflame, L50, F|87/100\n|turn|5\n|\n|t:|1776089820\n|move|p1a: Talonflame|Protect|p1a: Talonflame\n|-singleturn|p1a: Talonflame|Protect\n|move|p1b: Lycanroc|Protect|p1b: Lycanroc\n|-singleturn|p1b: Lycanroc|Protect\n|move|p2a: Incineroar|Darkest Lariat|p1b: Lycanroc\n|-activate|p1b: Lycanroc|move: Protect\n|move|p2b: Floette|Dazzling Gleam|p1a: Talonflame|[spread] \n|-activate|p1a: Talonflame|move: Protect\n|-activate|p1b: Lycanroc|move: Protect\n|\n|-weather|Sandstorm|[upkeep]\n|-damage|p2a: Incineroar|8/100|[from] Sandstorm\n|-damage|p2b: Floette|42/100|[from] Sandstorm\n|-damage|p1a: Talonflame|81/100|[from] Sandstorm\n|-heal|p1a: Talonflame|87/100|[from] item: Leftovers\n|-fieldend|move: Trick Room\n|upkeep\n|turn|6\n|\n|t:|1776089841\n|move|p2b: Floette|Protect|p2b: Floette\n|-singleturn|p2b: Floette|Protect\n|move|p1b: Lycanroc|Rock Slide|p2a: Incineroar|[spread] p2a\n|-activate|p2b: Floette|move: Protect\n|-supereffective|p2a: Incineroar|1\n|-damage|p2a: Incineroar|0 fnt\n|faint|p2a: Incineroar\n|move|p1a: Talonflame|Overheat|p2b: Floette\n|-activate|p2b: Floette|move: Protect\n|\n|-weather|none\n|-heal|p1a: Talonflame|93/100|[from] item: Leftovers\n|upkeep\n|\n|t:|1776089848\n|switch|p2a: Primarina|Primarina, L50, F|100/100\n|turn|7\n|\n|t:|1776089866\n|move|p1a: Talonflame|Overheat|p2b: Floette\n|-damage|p2b: Floette|14/100\n|-unboost|p1a: Talonflame|spa|2\n|move|p1b: Lycanroc|Rock Slide|p2b: Floette|[spread] p2a,p2b\n|-damage|p2a: Primarina|69/100\n|-damage|p2b: Floette|0 fnt\n|faint|p2b: Floette\n|cant|p2a: Primarina|flinch\n|\n|-heal|p1a: Talonflame|99/100|[from] item: Leftovers\n|upkeep\n|turn|8\n|\n|t:|1776089887\n|move|p1a: Talonflame|Overheat|p2a: Primarina\n|-resisted|p2a: Primarina|1\n|-crit|p2a: Primarina\n|-damage|p2a: Primarina|40/100\n|-unboost|p1a: Talonflame|spa|2\n|move|p1b: Lycanroc|Rock Slide|p2a: Primarina|[miss]\n|-miss|p1b: Lycanroc|p2a: Primarina\n|move|p2a: Primarina|Hyper Voice|p1a: Talonflame|[spread] p1a,p1b\n|-supereffective|p1a: Talonflame|1\n|-supereffective|p1b: Lycanroc|1\n|-damage|p1a: Talonflame|0 fnt\n|-enditem|p1b: Lycanroc|Focus Sash\n|-damage|p1b: Lycanroc|1/100\n|faint|p1a: Talonflame\n|\n|upkeep\n|turn|9\n|inactive|guga2 has 30 seconds left.\n|\n|t:|1776089913\n|move|p1b: Lycanroc|Rock Slide|p2a: Primarina\n|-damage|p2a: Primarina|0 fnt\n|faint|p2a: Primarina\n|\n|win|guga2\n|raw|guga2's rating: 1108 &rarr; <strong>1129</strong><br />(+21 for winning)\n|raw|Someoneofficial's rating: 1049 &rarr; <strong>1035</strong><br />(-14 for losing)\n|l|\u2606Someoneofficial\n|player|p2|\n",
  "uploadtime": 1776089924,
  "views": 10,
  "formatid": "gen9championsvgc2026regma",
  "rating": 1035,
  "private": 0,
  "password": null
}