{
  "id": "gen9championsvgc2026regma-2580650839",
  "format": "[Gen 9 Champions] VGC 2026 Reg M-A",
  "players": [
    "Mekadokato",
    "A5h3r"
  ],
  "log": "|j|\u2606Mekadokato\n|j|\u2606A5h3r\n|t:|1775921361\n|gametype|doubles\n|player|p1|Mekadokato|169|1093\n|player|p2|A5h3r|alder|1000\n|gen|9\n|tier|[Gen 9 Champions] VGC 2026 Reg M-A\n|rated|\n|rule|Species Clause: Limit one of each Pok\u00e9mon\n|rule|Item Clause: Limit 1 of each item\n|clearpoke\n|poke|p1|Floette-Eternal, L50, F|\n|poke|p1|Talonflame, L50, F|\n|poke|p1|Primarina, L50, M|\n|poke|p1|Maushold, L50|\n|poke|p1|Garchomp, L50, M|\n|poke|p1|Incineroar, L50, M|\n|poke|p2|Froslass, L50, F|\n|poke|p2|Sneasler, L50, F|\n|poke|p2|Rotom-Wash, L50|\n|poke|p2|Sinistcha-Masterpiece, L50|\n|poke|p2|Garchomp, L50, F|\n|poke|p2|Incineroar, L50, M|\n|teampreview|4\n|c|\u2606A5h3r|glhf\n|\n|t:|1775921422\n|teamsize|p1|4\n|teamsize|p2|4\n|start\n|switch|p1a: Incineroar|Incineroar, L50, M, shiny|100/100\n|switch|p1b: Talonflame|Talonflame, L50, F|100/100\n|switch|p2a: Rotom|Rotom-Wash, L50|100/100\n|switch|p2b: Incineroar|Incineroar, L50, M|100/100\n|-ability|p2b: Incineroar|Intimidate|boost\n|-unboost|p1a: Incineroar|atk|1\n|-unboost|p1b: Talonflame|atk|1\n|-ability|p1a: Incineroar|Intimidate|boost\n|-unboost|p2a: Rotom|atk|1\n|-unboost|p2b: Incineroar|atk|1\n|turn|1\n|\n|t:|1775921457\n|move|p1a: Incineroar|Fake Out|p2a: Rotom\n|-damage|p2a: Rotom|95/100\n|move|p2b: Incineroar|Fake Out|p1b: Talonflame\n|-damage|p1b: Talonflame|91/100\n|cant|p1b: Talonflame|flinch\n|cant|p2a: Rotom|flinch\n|\n|upkeep\n|turn|2\n|\n|t:|1775921480\n|switch|p1b: Floette|Floette-Eternal, L50, F, shiny|100/100\n|move|p2a: Rotom|Electroweb|p1b: Floette|[spread] p1a\n|-miss|p2a: Rotom|p1b: Floette\n|-damage|p1a: Incineroar|82/100\n|-unboost|p1a: Incineroar|spe|1\n|move|p2b: Incineroar|Parting Shot|p1a: Incineroar\n|-unboost|p1a: Incineroar|atk|1\n|-unboost|p1a: Incineroar|spa|1\n|\n|t:|1775921495\n|switch|p2b: Sneasler|Sneasler, L50, F|100/100|[from] Parting Shot\n|-ability|p2b: Sneasler|Pressure\n|move|p1a: Incineroar|Parting Shot|p2a: Rotom\n|-unboost|p2a: Rotom|atk|1\n|-unboost|p2a: Rotom|spa|1\n|\n|t:|1775921507\n|switch|p1a: Talonflame|Talonflame, L50, F|91/100|[from] Parting Shot\n|\n|upkeep\n|turn|3\n|\n|t:|1775921533\n|switch|p2b: Incineroar|Incineroar, L50, M|100/100\n|-ability|p2b: Incineroar|Intimidate|boost\n|-unboost|p1a: Talonflame|atk|1\n|-unboost|p1b: Floette|atk|1\n|detailschange|p1b: Floette|Floette-Mega, L50, F, shiny\n|-mega|p1b: Floette|Floette|Floettite\n|-ability|p1b: Floette|Fairy Aura\n|move|p1a: Talonflame|Protect|p1a: Talonflame\n|-singleturn|p1a: Talonflame|Protect\n|move|p1b: Floette|Protect|p1b: Floette\n|-singleturn|p1b: Floette|Protect\n|move|p2a: Rotom|Electroweb|p1a: Talonflame|[spread] \n|-activate|p1a: Talonflame|move: Protect\n|-activate|p1b: Floette|move: Protect\n|\n|upkeep\n|turn|4\n|\n|t:|1775921564\n|switch|p1a: Incineroar|Incineroar, L50, M, shiny|82/100\n|-ability|p1a: Incineroar|Intimidate|boost\n|-unboost|p2a: Rotom|atk|1\n|-unboost|p2b: Incineroar|atk|1\n|move|p2b: Incineroar|Fake Out|p1b: Floette\n|-damage|p1b: Floette|91/100\n|cant|p1b: Floette|flinch\n|move|p2a: Rotom|Electroweb|p1a: Incineroar|[spread] p1a,p1b\n|-damage|p1a: Incineroar|70/100\n|-damage|p1b: Floette|80/100\n|-unboost|p1a: Incineroar|spe|1\n|-unboost|p1b: Floette|spe|1\n|\n|upkeep\n|turn|5\n|inactive|Battle timer is ON: inactive players will automatically lose when time's up. (requested by Mekadokato)\n|\n|t:|1775921653\n|switch|p1a: Talonflame|Talonflame, L50, F|91/100\n|move|p1b: Floette|Dazzling Gleam|p2b: Incineroar|[spread] p2a,p2b\n|-damage|p2a: Rotom|49/100\n|-damage|p2b: Incineroar|62/100\n|move|p2a: Rotom|Hydro Pump|p1a: Talonflame|[miss]\n|-miss|p2a: Rotom|p1a: Talonflame\n|move|p2b: Incineroar|Parting Shot|p1b: Floette\n|-unboost|p1b: Floette|atk|1\n|-unboost|p1b: Floette|spa|1\n|inactive|A5h3r has 30 seconds left.\n|\n|t:|1775921680\n|switch|p2b: Froslass|Froslass, L50, F|100/100|[from] Parting Shot\n|\n|upkeep\n|turn|6\n|inactive|Mekadokato has 30 seconds left.\n|inactive|Mekadokato has 20 seconds left.\n|\n|t:|1775921717\n|switch|p1b: Maushold|Maushold, L50|100/100\n|detailschange|p2b: Froslass|Froslass-Mega, L50, F\n|-mega|p2b: Froslass|Froslass|Froslassite\n|-weather|Snowscape|[from] ability: Snow Warning|[of] p2b: Froslass\n|move|p1a: Talonflame|Tailwind|p1a: Talonflame\n|-sidestart|p1: Mekadokato|move: Tailwind\n|move|p2b: Froslass|Aurora Veil|p2b: Froslass\n|-sidestart|p2: A5h3r|move: Aurora Veil\n|move|p2a: Rotom|Volt Switch|p1a: Talonflame\n|-supereffective|p1a: Talonflame|1\n|-damage|p1a: Talonflame|43/100\n|\n|t:|1775921733\n|switch|p2a: Incineroar|Incineroar, L50, M|62/100|[from] Volt Switch\n|-ability|p2a: Incineroar|Intimidate|boost\n|-unboost|p1a: Talonflame|atk|1\n|-unboost|p1b: Maushold|atk|1\n|\n|-weather|Snowscape|[upkeep]\n|upkeep\n|turn|7\n|inactive|A5h3r has 30 seconds left.\n|inactive|Mekadokato has 30 seconds left.\n|inactive|A5h3r has 20 seconds left.\n|inactive|Mekadokato has 20 seconds left.\n|\n|t:|1775921774\n|switch|p1a: Incineroar|Incineroar, L50, M, shiny|70/100\n|-ability|p1a: Incineroar|Intimidate|boost\n|-unboost|p2a: Incineroar|atk|1\n|-unboost|p2b: Froslass|atk|1\n|switch|p1b: Floette|Floette-Mega, L50, F, shiny|80/100\n|-ability|p1b: Floette|Fairy Aura\n|move|p2a: Incineroar|Fake Out|p1b: Floette\n|-damage|p1b: Floette|71/100\n|move|p2b: Froslass|Blizzard|p1a: Incineroar|[spread] p1a,p1b\n|-resisted|p1a: Incineroar|1\n|-damage|p1a: Incineroar|50/100\n|-damage|p1b: Floette|34/100\n|-enditem|p1a: Incineroar|Sitrus Berry|[eat]\n|-heal|p1a: Incineroar|75/100|[from] item: Sitrus Berry\n|\n|-weather|Snowscape|[upkeep]\n|upkeep\n|turn|8\n|inactive|Mekadokato has 30 seconds left.\n|\n|t:|1775921807\n|move|p2b: Froslass|Protect|p2b: Froslass\n|-singleturn|p2b: Froslass|Protect\n|move|p1b: Floette|Dazzling Gleam|p2a: Incineroar|[spread] p2a\n|-activate|p2b: Froslass|move: Protect\n|-damage|p2a: Incineroar|39/100\n|-enditem|p2a: Incineroar|Sitrus Berry|[eat]\n|-heal|p2a: Incineroar|63/100|[from] item: Sitrus Berry\n|move|p1a: Incineroar|Flare Blitz|p2b: Froslass\n|-activate|p2b: Froslass|move: Protect\n|move|p2a: Incineroar|Parting Shot|p1b: Floette\n|-unboost|p1b: Floette|atk|1\n|-unboost|p1b: Floette|spa|1\n|\n|t:|1775921823\n|switch|p2a: Rotom|Rotom-Wash, L50|49/100|[from] Parting Shot\n|\n|-weather|Snowscape|[upkeep]\n|upkeep\n|turn|9\n|\n|t:|1775921846\n|switch|p1b: Maushold|Maushold, L50|100/100\n|move|p2b: Froslass|Blizzard|p1b: Maushold|[spread] p1a,p1b\n|-resisted|p1a: Incineroar|1\n|-damage|p1a: Incineroar|61/100\n|-damage|p1b: Maushold|40/100\n|move|p1a: Incineroar|Flare Blitz|p2b: Froslass\n|-supereffective|p2b: Froslass|1\n|-damage|p2b: Froslass|37/100\n|-status|p2b: Froslass|brn\n|-damage|p1a: Incineroar|45/100|[from] Recoil\n|move|p2a: Rotom|Hydro Pump|p1a: Incineroar|[miss]\n|-miss|p2a: Rotom|p1a: Incineroar\n|\n|-weather|Snowscape|[upkeep]\n|-damage|p2b: Froslass|31/100 brn|[from] brn\n|-sideend|p1: Mekadokato|move: Tailwind\n|upkeep\n|turn|10\n|inactive|Mekadokato has 30 seconds left.\n|inactive|A5h3r has 30 seconds left.\n|inactive|Mekadokato has 20 seconds left.\n|inactive|Mekadokato has 15 seconds left.\n|inactive|Mekadokato has 10 seconds left.\n|\n|t:|1775921893\n|switch|p1a: Talonflame|Talonflame, L50, F|43/100\n|move|p2b: Froslass|Protect|p2b: Froslass\n|-singleturn|p2b: Froslass|Protect\n|move|p1b: Maushold|Follow Me|p1b: Maushold\n|-singleturn|p1b: Maushold|move: Follow Me\n|move|p2a: Rotom|Volt Switch|p1b: Maushold\n|-damage|p1b: Maushold|0 fnt\n|faint|p1b: Maushold\n|\n|t:|1775921906\n|switch|p2a: Incineroar|Incineroar, L50, M|63/100|[from] Volt Switch\n|-ability|p2a: Incineroar|Intimidate|boost\n|-unboost|p1a: Talonflame|atk|1\n|\n|-weather|none\n|-damage|p2b: Froslass|26/100 brn|[from] brn\n|-sideend|p2: A5h3r|move: Aurora Veil\n|upkeep\n|\n|t:|1775921918\n|switch|p1b: Incineroar|Incineroar, L50, M, shiny|45/100\n|-ability|p1b: Incineroar|Intimidate|boost\n|-unboost|p2a: Incineroar|atk|1\n|-unboost|p2b: Froslass|atk|1\n|turn|11\n|\n|t:|1775921938\n|switch|p2b: Rotom|Rotom-Wash, L50|49/100\n|move|p1b: Incineroar|Fake Out|p2a: Incineroar\n|-damage|p2a: Incineroar|54/100\n|move|p1a: Talonflame|Tailwind|p1a: Talonflame\n|-sidestart|p1: Mekadokato|move: Tailwind\n|cant|p2a: Incineroar|flinch\n|\n|upkeep\n|turn|12\n|inactive|Mekadokato has 30 seconds left.\n|inactive|Mekadokato has 20 seconds left.\n|\n|t:|1775921973\n|move|p1a: Talonflame|Brave Bird|p2b: Rotom\n|-resisted|p2b: Rotom|1\n|-damage|p2b: Rotom|37/100\n|-damage|p1a: Talonflame|39/100|[from] Recoil\n|move|p1b: Incineroar|Parting Shot|p2b: Rotom\n|-unboost|p2b: Rotom|atk|1\n|-unboost|p2b: Rotom|spa|1\n|\n|t:|1775921981\n|switch|p1b: Floette|Floette-Mega, L50, F, shiny|34/100|[from] Parting Shot\n|-ability|p1b: Floette|Fairy Aura\n|move|p2b: Rotom|Electroweb|p1a: Talonflame|[spread] p1b\n|-miss|p2b: Rotom|p1a: Talonflame\n|-damage|p1b: Floette|24/100\n|-unboost|p1b: Floette|spe|1\n|move|p2a: Incineroar|Parting Shot|p1b: Floette\n|-unboost|p1b: Floette|atk|1\n|-unboost|p1b: Floette|spa|1\n|\n|t:|1775921997\n|switch|p2a: Froslass|Froslass-Mega, L50, F|26/100 brn|[from] Parting Shot\n|-weather|Snowscape|[from] ability: Snow Warning|[of] p2a: Froslass\n|\n|-weather|Snowscape|[upkeep]\n|-damage|p2a: Froslass|20/100 brn|[from] brn\n|upkeep\n|turn|13\n|inactive|A5h3r has 30 seconds left.\n|inactive|A5h3r has 20 seconds left.\n|\n|t:|1775922036\n|move|p1a: Talonflame|Protect|p1a: Talonflame\n|-singleturn|p1a: Talonflame|Protect\n|move|p2a: Froslass|Protect|p2a: Froslass\n|-singleturn|p2a: Froslass|Protect\n|move|p1b: Floette|Moonblast|p2b: Rotom\n|-damage|p2b: Rotom|0 fnt\n|faint|p2b: Rotom\n|\n|-weather|Snowscape|[upkeep]\n|-damage|p2a: Froslass|14/100 brn|[from] brn\n|upkeep\n|\n|t:|1775922045\n|switch|p2b: Sneasler|Sneasler, L50, F|100/100\n|-ability|p2b: Sneasler|Pressure\n|turn|14\n|\n|t:|1775922065\n|switch|p2b: Incineroar|Incineroar, L50, M|54/100\n|-ability|p2b: Incineroar|Intimidate|boost\n|-unboost|p1a: Talonflame|atk|1\n|-unboost|p1b: Floette|atk|1\n|move|p2a: Froslass|Protect||[still]\n|-fail|p2a: Froslass\n|move|p1a: Talonflame|Brave Bird|p2b: Incineroar\n|-damage|p2b: Incineroar|37/100\n|-damage|p1a: Talonflame|31/100|[from] Recoil\n|move|p1b: Floette|Moonblast|p2a: Froslass\n|-damage|p2a: Froslass|0 fnt\n|faint|p2a: Froslass\n|\n|-weather|Snowscape|[upkeep]\n|-sideend|p1: Mekadokato|move: Tailwind\n|upkeep\n|\n|t:|1775922076\n|switch|p2a: Sneasler|Sneasler, L50, F|100/100\n|-ability|p2a: Sneasler|Pressure\n|turn|15\n|\n|t:|1775922097\n|move|p1a: Talonflame|Protect|p1a: Talonflame\n|-singleturn|p1a: Talonflame|Protect\n|move|p1b: Floette|Protect|p1b: Floette\n|-singleturn|p1b: Floette|Protect\n|move|p2b: Incineroar|Fake Out|p1a: Talonflame\n|-activate|p1a: Talonflame|move: Protect\n|move|p2a: Sneasler|Dire Claw|p1b: Floette\n|-activate|p1b: Floette|move: Protect\n|\n|-weather|Snowscape|[upkeep]\n|upkeep\n|turn|16\n|\n|t:|1775922119\n|move|p1a: Talonflame|Tailwind|p1a: Talonflame\n|-sidestart|p1: Mekadokato|move: Tailwind\n|move|p1b: Floette|Moonblast|p2b: Incineroar\n|-damage|p2b: Incineroar|0 fnt\n|faint|p2b: Incineroar\n|move|p2a: Sneasler|Dire Claw|p1b: Floette\n|-supereffective|p1b: Floette|1\n|-damage|p1b: Floette|0 fnt\n|faint|p1b: Floette\n|\n|-weather|none\n|upkeep\n|\n|t:|1775922129\n|switch|p1b: Incineroar|Incineroar, L50, M, shiny|45/100\n|-ability|p1b: Incineroar|Intimidate|boost\n|-unboost|p2a: Sneasler|atk|1\n|-enditem|p2a: Sneasler|White Herb\n|-clearnegativeboost|p2a: Sneasler|[silent]\n|turn|17\n|c|\u2606A5h3r|ggwp\n|inactive|Mekadokato has 30 seconds left.\n|inactive|A5h3r has 30 seconds left.\n|inactive|Mekadokato has 20 seconds left.\n|inactive|A5h3r has 20 seconds left.\n|c|\u2606A5h3r|u win\n|inactive|A5h3r has 15 seconds left.\n|\n|t:|1775922173\n|move|p1a: Talonflame|Protect|p1a: Talonflame\n|-singleturn|p1a: Talonflame|Protect\n|move|p2a: Sneasler|Close Combat|p1b: Incineroar\n|-supereffective|p1b: Incineroar|1\n|-damage|p1b: Incineroar|0 fnt\n|-unboost|p2a: Sneasler|def|1\n|-unboost|p2a: Sneasler|spd|1\n|faint|p1b: Incineroar\n|\n|upkeep\n|turn|18\n|\n|t:|1775922191\n|move|p1a: Talonflame|Brave Bird|p2a: Sneasler\n|-supereffective|p2a: Sneasler|1\n|-damage|p2a: Sneasler|0 fnt\n|faint|p2a: Sneasler\n|-damage|p1a: Talonflame|0 fnt|[from] Recoil\n|faint|p1a: Talonflame\n|\n|win|Mekadokato\n|raw|Mekadokato's rating: 1093 &rarr; <strong>1112</strong><br />(+19 for winning)\n|raw|A5h3r's rating: 1000 &rarr; <strong>1000</strong><br />(+0 for losing)\n|c|\u2606Mekadokato|GG\n",
  "uploadtime": 1775922201,
  "views": 33,
  "formatid": "gen9championsvgc2026regma",
  "rating": 1000,
  "private": 0,
  "password": null
}