{
  "id": "gen9championsvgc2026regma-2584680053",
  "format": "[Gen 9 Champions] VGC 2026 Reg M-A",
  "players": [
    "nurgleselite",
    "MrCesar24"
  ],
  "log": "|j|\u2606nurgleselite\n|j|\u2606MrCesar24\n|t:|1776276350\n|gametype|doubles\n|player|p1|nurgleselite|265|1159\n|player|p2|MrCesar24|hilbert-wonderlauncher|1129\n|gen|9\n|tier|[Gen 9 Champions] VGC 2026 Reg M-A\n|rated|\n|rule|Species Clause: Limit one of each Pok\u00e9mon\n|rule|Item Clause: Limit 1 of each item\n|clearpoke\n|poke|p1|Skarmory, L50, F|\n|poke|p1|Talonflame, L50, M|\n|poke|p1|Passimian, L50, M|\n|poke|p1|Garchomp, L50, M|\n|poke|p1|Sinistcha-Masterpiece, L50|\n|poke|p1|Altaria, L50, M|\n|poke|p2|Pelipper, L50, M|\n|poke|p2|Archaludon, L50, F|\n|poke|p2|Incineroar, L50, F|\n|poke|p2|Basculegion, L50, M|\n|poke|p2|Sinistcha, L50|\n|poke|p2|Manectric, L50, M|\n|teampreview|4\n|inactive|Battle timer is ON: inactive players will automatically lose when time's up. (requested by nurgleselite)\n|inactive|MrCesar24 has 60 seconds left.\n|\n|t:|1776276402\n|teamsize|p1|4\n|teamsize|p2|4\n|start\n|switch|p1a: Skarmory|Skarmory, L50, F|100/100\n|switch|p1b: Passimian|Passimian, L50, M|100/100\n|switch|p2a: Incineroar|Incineroar, L50, F|100/100\n|switch|p2b: Pelipper|Pelipper, L50, M, shiny|100/100\n|-weather|RainDance|[from] ability: Drizzle|[of] p2b: Pelipper\n|-ability|p2a: Incineroar|Intimidate|boost\n|-unboost|p1a: Skarmory|atk|1\n|-unboost|p1b: Passimian|atk|1\n|-ability|p1b: Passimian|Defiant|boost\n|-boost|p1b: Passimian|atk|2\n|turn|1\n|inactive|nurgleselite has 30 seconds left.\n|inactive|MrCesar24 has 30 seconds left.\n|inactive|MrCesar24 has 20 seconds left.\n|\n|t:|1776276439\n|switch|p1a: Altaria|Altaria, L50, M|100/100\n|-ability|p1a: Altaria|Cloud Nine\n|move|p1b: Passimian|Protect|p1b: Passimian\n|-singleturn|p1b: Passimian|Protect\n|move|p2a: Incineroar|Fake Out|p1b: Passimian\n|-activate|p1b: Passimian|move: Protect\n|move|p2b: Pelipper|Tailwind|p2b: Pelipper\n|-sidestart|p2: MrCesar24|move: Tailwind\n|\n|-weather|RainDance|[upkeep]\n|upkeep\n|turn|2\n|\n|t:|1776276460\n|switch|p1b: Skarmory|Skarmory, L50, F|100/100\n|move|p2b: Pelipper|Hurricane|p1b: Skarmory|[miss]\n|-miss|p2b: Pelipper|p1b: Skarmory\n|move|p2a: Incineroar|Parting Shot|p1a: Altaria\n|-unboost|p1a: Altaria|atk|1\n|-unboost|p1a: Altaria|spa|1\n|\n|t:|1776276472\n|switch|p2a: Basculegion|Basculegion, L50, M|100/100|[from] Parting Shot\n|move|p1a: Altaria|Tailwind|p1a: Altaria\n|-sidestart|p1: nurgleselite|move: Tailwind\n|\n|-weather|RainDance|[upkeep]\n|upkeep\n|turn|3\n|\n|t:|1776276489\n|switch|p1a: Passimian|Passimian, L50, M|100/100\n|detailschange|p1b: Skarmory|Skarmory-Mega, L50, F\n|-mega|p1b: Skarmory|Skarmory|Skarmorite\n|move|p2b: Pelipper|Wide Guard|p2b: Pelipper\n|-singleturn|p2b: Pelipper|Wide Guard\n|move|p2a: Basculegion|Ice Fang|p1a: Passimian\n|-damage|p1a: Passimian|77/100\n|move|p1b: Skarmory|Brave Bird|p2a: Basculegion\n|-damage|p2a: Basculegion|0 fnt\n|faint|p2a: Basculegion\n|-damage|p1b: Skarmory|55/100|[from] Recoil\n|\n|-weather|RainDance|[upkeep]\n|upkeep\n|\n|t:|1776276507\n|switch|p2a: Archaludon|Archaludon, L50, F|100/100\n|turn|4\n|inactive|nurgleselite has 30 seconds left.\n|inactive|MrCesar24 has 30 seconds left.\n|inactive|nurgleselite has 20 seconds left.\n|\n|t:|1776276543\n|switch|p1a: Altaria|Altaria, L50, M|100/100\n|-ability|p1a: Altaria|Cloud Nine\n|switch|p2b: Incineroar|Incineroar, L50, F|100/100\n|-ability|p2b: Incineroar|Intimidate|boost\n|-unboost|p1a: Altaria|atk|1\n|-unboost|p1b: Skarmory|atk|1\n|move|p1b: Skarmory|Brave Bird|p2b: Incineroar\n|-damage|p2b: Incineroar|51/100\n|-damage|p1b: Skarmory|32/100|[from] Recoil\n|move|p2a: Archaludon|Draco Meteor|p1b: Skarmory\n|-resisted|p1b: Skarmory|1\n|-damage|p1b: Skarmory|0 fnt\n|-unboost|p2a: Archaludon|spa|2\n|faint|p1b: Skarmory\n|\n|-weather|RainDance|[upkeep]\n|-sideend|p2: MrCesar24|move: Tailwind\n|upkeep\n|inactive|nurgleselite has 30 seconds left.\n|inactive|nurgleselite has 20 seconds left.\n|inactive|nurgleselite has 15 seconds left.\n|inactive|nurgleselite has 10 seconds left.\n|inactive|nurgleselite has 5 seconds left.\n|\n|t:|1776276598\n|switch|p1b: Passimian|Passimian, L50, M|77/100\n|turn|5\n|\n|t:|1776276622\n|move|p2b: Incineroar|Fake Out|p1a: Altaria\n|-damage|p1a: Altaria|87/100\n|move|p1b: Passimian|Close Combat|p2a: Archaludon\n|-supereffective|p2a: Archaludon|1\n|-damage|p2a: Archaludon|10/100\n|-unboost|p1b: Passimian|def|1\n|-unboost|p1b: Passimian|spd|1\n|-ability|p2a: Archaludon|Stamina|boost\n|-boost|p2a: Archaludon|def|1\n|-enditem|p1b: Passimian|White Herb\n|-clearnegativeboost|p1b: Passimian|[silent]\n|cant|p1a: Altaria|flinch\n|move|p2a: Archaludon|Draco Meteor|p1a: Altaria\n|-supereffective|p1a: Altaria|1\n|-damage|p1a: Altaria|40/100\n|-unboost|p2a: Archaludon|spa|2\n|\n|-weather|none\n|-heal|p1a: Altaria|46/100|[from] item: Leftovers\n|-heal|p2a: Archaludon|16/100|[from] item: Leftovers\n|-sideend|p1: nurgleselite|move: Tailwind\n|upkeep\n|turn|6\n|inactive|nurgleselite has 30 seconds left.\n|inactive|MrCesar24 has 30 seconds left.\n|inactive|nurgleselite has 20 seconds left.\n|inactive|MrCesar24 has 20 seconds left.\n|inactive|MrCesar24 has 15 seconds left.\n|inactive|MrCesar24 has 10 seconds left.\n|\n|t:|1776276671\n|switch|p2a: Pelipper|Pelipper, L50, M, shiny|100/100\n|-weather|RainDance|[from] ability: Drizzle|[of] p2a: Pelipper\n|move|p1b: Passimian|Close Combat|p2b: Incineroar\n|-supereffective|p2b: Incineroar|1\n|-damage|p2b: Incineroar|0 fnt\n|-unboost|p1b: Passimian|def|1\n|-unboost|p1b: Passimian|spd|1\n|faint|p2b: Incineroar\n|move|p1a: Altaria|Dragon Pulse|p2a: Pelipper\n|-damage|p2a: Pelipper|59/100\n|\n|-weather|RainDance|[upkeep]\n|-heal|p1a: Altaria|52/100|[from] item: Leftovers\n|upkeep\n|\n|t:|1776276683\n|switch|p2b: Archaludon|Archaludon, L50, F|16/100\n|turn|7\n|\n|t:|1776276697\n|move|p1b: Passimian|Protect|p1b: Passimian\n|-singleturn|p1b: Passimian|Protect\n|move|p2a: Pelipper|Hurricane|p1b: Passimian\n|-activate|p1b: Passimian|move: Protect\n|move|p2b: Archaludon|Draco Meteor|p1a: Altaria\n|-supereffective|p1a: Altaria|1\n|-damage|p1a: Altaria|0 fnt\n|-unboost|p2b: Archaludon|spa|2\n|faint|p1a: Altaria\n|\n|-weather|RainDance|[upkeep]\n|-heal|p2b: Archaludon|22/100|[from] item: Leftovers\n|upkeep\n|inactive|nurgleselite has 30 seconds left.\n|\n|t:|1776276730\n|switch|p1a: Sinistcha|Sinistcha-Masterpiece, L50|100/100\n|-heal|p1b: Passimian|100/100|[from] ability: Hospitality|[of] p1a: Sinistcha\n|turn|8\n|\n|t:|1776276745\n|move|p1a: Sinistcha|Rage Powder|p1a: Sinistcha\n|-singleturn|p1a: Sinistcha|move: Rage Powder\n|move|p1b: Passimian|Knock Off|p2a: Pelipper\n|-damage|p2a: Pelipper|28/100\n|-enditem|p2a: Pelipper|Focus Sash|[from] move: Knock Off|[of] p1b: Passimian\n|move|p2a: Pelipper|Hurricane|p1a: Sinistcha\n|-supereffective|p1a: Sinistcha|1\n|-damage|p1a: Sinistcha|35/100\n|-start|p1a: Sinistcha|confusion\n|move|p2b: Archaludon|Electro Shot||[still]\n|-prepare|p2b: Archaludon|Electro Shot\n|-boost|p2b: Archaludon|spa|1\n|-anim|p2b: Archaludon|Electro Shot|p1a: Sinistcha\n|-resisted|p1a: Sinistcha|1\n|-damage|p1a: Sinistcha|21/100\n|\n|-weather|RainDance|[upkeep]\n|-heal|p2b: Archaludon|28/100|[from] item: Leftovers\n|upkeep\n|turn|9\n|c|\u2606MrCesar24|gg bro\n|inactive|nurgleselite has 30 seconds left.\n|inactive|nurgleselite has 20 seconds left.\n|inactive|nurgleselite has 15 seconds left.\n|inactive|nurgleselite has 10 seconds left.\n|inactive|nurgleselite has 5 seconds left.\n|\n|t:|1776276799\n|move|p2a: Pelipper|Wide Guard|p2a: Pelipper\n|-singleturn|p2a: Pelipper|Wide Guard\n|move|p1b: Passimian|Close Combat|p2a: Pelipper\n|-resisted|p2a: Pelipper|1\n|-damage|p2a: Pelipper|1/100\n|-unboost|p1b: Passimian|def|1\n|-unboost|p1b: Passimian|spd|1\n|move|p2b: Archaludon|Electro Shot||[still]\n|-prepare|p2b: Archaludon|Electro Shot\n|-boost|p2b: Archaludon|spa|1\n|-anim|p2b: Archaludon|Electro Shot|p1a: Sinistcha\n|-resisted|p1a: Sinistcha|1\n|-damage|p1a: Sinistcha|0 fnt\n|faint|p1a: Sinistcha\n|\n|-weather|RainDance|[upkeep]\n|-heal|p2b: Archaludon|34/100|[from] item: Leftovers\n|upkeep\n|turn|10\n|inactive|MrCesar24 has 30 seconds left.\n|\n|t:|1776276826\n|move|p1b: Passimian|Close Combat|p2b: Archaludon\n|-supereffective|p2b: Archaludon|1\n|-damage|p2b: Archaludon|0 fnt\n|-unboost|p1b: Passimian|def|1\n|-unboost|p1b: Passimian|spd|1\n|faint|p2b: Archaludon\n|move|p2a: Pelipper|Hurricane|p1b: Passimian\n|-supereffective|p1b: Passimian|1\n|-damage|p1b: Passimian|0 fnt\n|faint|p1b: Passimian\n|\n|win|MrCesar24\n|raw|nurgleselite's rating: 1159 &rarr; <strong>1132</strong><br />(-27 for losing)\n|raw|MrCesar24's rating: 1129 &rarr; <strong>1156</strong><br />(+27 for winning)\n|c|\u2606MrCesar24|omg\n",
  "uploadtime": 1776276840,
  "views": 17,
  "formatid": "gen9championsvgc2026regma",
  "rating": 1132,
  "private": 0,
  "password": null
}