{
  "id": "gen9championsvgc2026regma-2587852648",
  "format": "[Gen 9 Champions] VGC 2026 Reg M-A",
  "players": [
    "ScribbleScribble",
    "Metroshock"
  ],
  "log": "|j|\u2606ScribbleScribble\n|j|\u2606Metroshock\n|t:|1776570754\n|gametype|doubles\n|player|p1|ScribbleScribble|mina-lgpe|1557\n|player|p2|Metroshock|miku-fire|1471\n|gen|9\n|tier|[Gen 9 Champions] VGC 2026 Reg M-A\n|rated|\n|rule|Species Clause: Limit one of each Pok\u00e9mon\n|rule|Item Clause: Limit 1 of each item\n|clearpoke\n|poke|p1|Floette-Eternal, L50, F|\n|poke|p1|Sneasler, L50, F|\n|poke|p1|Aerodactyl, L50, M|\n|poke|p1|Kingambit, L50, M|\n|poke|p1|Basculegion, L50, M|\n|poke|p1|Farigiraf, L50, M|\n|poke|p2|Crabominable, L50, M|\n|poke|p2|Basculegion, L50, M|\n|poke|p2|Sinistcha, L50|\n|poke|p2|Archaludon, L50, F|\n|poke|p2|Pelipper, L50, M|\n|poke|p2|Incineroar, L50, F|\n|teampreview|4\n|inactive|Battle timer is ON: inactive players will automatically lose when time's up. (requested by Metroshock)\n|inactive|ScribbleScribble also wants the timer to be on.\n|inactive|Metroshock has 60 seconds left.\n|\n|t:|1776570791\n|teamsize|p1|4\n|teamsize|p2|4\n|start\n|switch|p1a: Aerodactyl|Aerodactyl, L50, M|100/100\n|switch|p1b: Sneasler|Sneasler, L50, F|100/100\n|switch|p2a: Basc in glory|Basculegion, L50, M|100/100\n|switch|p2b: BIG ROG|Crabominable, L50, M|100/100\n|-ability|p1a: Aerodactyl|Unnerve\n|turn|1\n|\n|t:|1776570801\n|detailschange|p2b: BIG ROG|Crabominable-Mega, L50, M\n|-mega|p2b: BIG ROG|Crabominable|Crabominite\n|move|p1b: Sneasler|Fake Out|p2b: BIG ROG\n|-damage|p2b: BIG ROG|90/100\n|move|p1a: Aerodactyl|Tailwind|p1a: Aerodactyl\n|-sidestart|p1: ScribbleScribble|move: Tailwind\n|move|p2a: Basc in glory|Wave Crash|p1b: Sneasler\n|-damage|p1b: Sneasler|0 fnt\n|faint|p1b: Sneasler\n|-damage|p2a: Basc in glory|74/100|[from] Recoil\n|cant|p2b: BIG ROG|flinch\n|\n|upkeep\n|inactive|ScribbleScribble has 30 seconds left.\n|inactive|ScribbleScribble has 20 seconds left.\n|inactive|ScribbleScribble has 15 seconds left.\n|inactive|ScribbleScribble has 10 seconds left.\n|inactive|ScribbleScribble has 5 seconds left.\n|\n|t:|1776570856\n|switch|p1b: Farigiraf|Farigiraf, L50, M|100/100\n|turn|2\n|\n|t:|1776570865\n|move|p1a: Aerodactyl|Rock Slide|p2b: BIG ROG|[spread] p2a\n|-miss|p1a: Aerodactyl|p2b: BIG ROG\n|-damage|p2a: Basc in glory|41/100\n|move|p2a: Basc in glory|Wave Crash|p1b: Farigiraf\n|-damage|p1b: Farigiraf|22/100\n|-enditem|p1b: Farigiraf|Sitrus Berry|[eat]\n|-heal|p1b: Farigiraf|47/100|[from] item: Sitrus Berry\n|-damage|p2a: Basc in glory|12/100|[from] Recoil\n|move|p1b: Farigiraf|Psyshock|p2b: BIG ROG\n|-supereffective|p2b: BIG ROG|1\n|-damage|p2b: BIG ROG|48/100\n|move|p2b: BIG ROG|Drain Punch|p1b: Farigiraf\n|-damage|p1b: Farigiraf|0 fnt\n|-heal|p2b: BIG ROG|73/100|[from] drain|[of] p1b: Farigiraf\n|faint|p1b: Farigiraf\n|\n|upkeep\n|\n|t:|1776570869\n|switch|p1b: Floette|Floette-Eternal, L50, F|100/100\n|turn|3\n|inactive|Metroshock has 30 seconds left.\n|\n|t:|1776570899\n|switch|p2a: Super Fly|Archaludon, L50, F|100/100\n|detailschange|p1b: Floette|Floette-Mega, L50, F\n|-mega|p1b: Floette|Floette|Floettite\n|-ability|p1b: Floette|Fairy Aura\n|move|p1a: Aerodactyl|Rock Slide|p2a: Super Fly|[spread] p2a,p2b\n|-resisted|p2a: Super Fly|1\n|-damage|p2a: Super Fly|91/100\n|-damage|p2b: BIG ROG|55/100\n|-ability|p2a: Super Fly|Stamina|boost\n|-boost|p2a: Super Fly|def|1\n|move|p1b: Floette|Moonblast|p2b: BIG ROG\n|-supereffective|p2b: BIG ROG|1\n|-damage|p2b: BIG ROG|0 fnt\n|faint|p2b: BIG ROG\n|\n|-heal|p2a: Super Fly|97/100|[from] item: Leftovers\n|upkeep\n|\n|t:|1776570912\n|switch|p2b: The fish eater|Pelipper, L50, M|100/100\n|-weather|RainDance|[from] ability: Drizzle|[of] p2b: The fish eater\n|turn|4\n|\n|t:|1776570929\n|move|p2b: The fish eater|Wide Guard|p2b: The fish eater\n|-singleturn|p2b: The fish eater|Wide Guard\n|move|p1a: Aerodactyl|Rock Slide|p2a: Super Fly|[spread] \n|-activate|p2a: Super Fly|move: Wide Guard\n|-activate|p2b: The fish eater|move: Wide Guard\n|move|p1b: Floette|Moonblast|p2a: Super Fly\n|-damage|p2a: Super Fly|25/100\n|-ability|p2a: Super Fly|Stamina|boost\n|-boost|p2a: Super Fly|def|1\n|move|p2a: Super Fly|Electro Shot||[still]\n|-prepare|p2a: Super Fly|Electro Shot\n|-boost|p2a: Super Fly|spa|1\n|-anim|p2a: Super Fly|Electro Shot|p1b: Floette\n|-damage|p1b: Floette|56/100\n|\n|-weather|RainDance|[upkeep]\n|-heal|p2a: Super Fly|32/100|[from] item: Leftovers\n|-sideend|p1: ScribbleScribble|move: Tailwind\n|upkeep\n|turn|5\n|\n|t:|1776570943\n|move|p2a: Super Fly|Protect|p2a: Super Fly\n|-singleturn|p2a: Super Fly|Protect\n|move|p1a: Aerodactyl|Rock Slide|p2b: The fish eater|[spread] p2b\n|-activate|p2a: Super Fly|move: Protect\n|-supereffective|p2b: The fish eater|1\n|-damage|p2b: The fish eater|38/100\n|move|p1b: Floette|Dazzling Gleam|p2a: Super Fly|[spread] p2b\n|-activate|p2a: Super Fly|move: Protect\n|-damage|p2b: The fish eater|0 fnt\n|faint|p2b: The fish eater\n|\n|-weather|RainDance|[upkeep]\n|-heal|p2a: Super Fly|38/100|[from] item: Leftovers\n|upkeep\n|\n|t:|1776570957\n|switch|p2b: Basc in glory|Basculegion, L50, M|12/100\n|turn|6\n|\n|t:|1776570969\n|move|p1b: Floette|Protect|p1b: Floette\n|-singleturn|p1b: Floette|Protect\n|move|p1a: Aerodactyl|Tailwind|p1a: Aerodactyl\n|-sidestart|p1: ScribbleScribble|move: Tailwind\n|move|p2b: Basc in glory|Wave Crash|p1b: Floette\n|-activate|p1b: Floette|move: Protect\n|move|p2a: Super Fly|Electro Shot||[still]\n|-prepare|p2a: Super Fly|Electro Shot\n|-boost|p2a: Super Fly|spa|1\n|-anim|p2a: Super Fly|Electro Shot|p1a: Aerodactyl\n|-supereffective|p1a: Aerodactyl|1\n|-crit|p1a: Aerodactyl\n|-enditem|p1a: Aerodactyl|Focus Sash\n|-damage|p1a: Aerodactyl|1/100\n|\n|-weather|RainDance|[upkeep]\n|-heal|p2a: Super Fly|44/100|[from] item: Leftovers\n|upkeep\n|turn|7\n|inactive|ScribbleScribble has 30 seconds left.\n|\n|t:|1776571002\n|move|p1a: Aerodactyl|Rock Slide|p2b: Basc in glory|[spread] p2a,p2b\n|-resisted|p2a: Super Fly|1\n|-damage|p2a: Super Fly|40/100\n|-damage|p2b: Basc in glory|0 fnt\n|-ability|p2a: Super Fly|Stamina|boost\n|-boost|p2a: Super Fly|def|1\n|faint|p2b: Basc in glory\n|move|p1b: Floette|Dazzling Gleam|p2a: Super Fly\n|-damage|p2a: Super Fly|0 fnt\n|faint|p2a: Super Fly\n|\n|win|ScribbleScribble\n|raw|ScribbleScribble's rating: 1541 &rarr; <strong>1557</strong><br />(+16 for winning)\n|raw|Metroshock's rating: 1471 &rarr; <strong>1455</strong><br />(-16 for losing)\n|l|\u2606Metroshock\n|player|p2|\n|j|\u2606Metroshock\n|player|p2|Metroshock|miku-fire|\n|l|\u2606Metroshock\n|player|p2|\n",
  "uploadtime": 1776571026,
  "views": 33,
  "formatid": "gen9championsvgc2026regma",
  "rating": 1455,
  "private": 0,
  "password": null
}