{
  "id": "gen9championsvgc2026regma-2585164605",
  "format": "[Gen 9 Champions] VGC 2026 Reg M-A",
  "players": [
    "rexoguns",
    "gekko kabu"
  ],
  "log": "|j|\u2606rexoguns\n|j|\u2606gekko kabu\n|t:|1776319813\n|gametype|doubles\n|player|p1|rexoguns|ingo|1436\n|player|p2|gekko kabu|bugcatcher-gen4dp|1420\n|gen|9\n|tier|[Gen 9 Champions] VGC 2026 Reg M-A\n|rated|\n|rule|Species Clause: Limit one of each Pok\u00e9mon\n|rule|Item Clause: Limit 1 of each item\n|clearpoke\n|poke|p1|Kingambit, L50, M|\n|poke|p1|Sneasler, L50, F|\n|poke|p1|Delphox, L50, F|\n|poke|p1|Basculegion, L50, M|\n|poke|p1|Clefable, L50, F|\n|poke|p1|Aerodactyl, L50, F|\n|poke|p2|Charizard, L50, M|\n|poke|p2|Incineroar, L50, M|\n|poke|p2|Whimsicott, L50, F|\n|poke|p2|Garchomp, L50, M|\n|poke|p2|Rotom-Wash, L50|\n|poke|p2|Sneasler, L50, F|\n|teampreview|4\n|inactive|Battle timer is ON: inactive players will automatically lose when time's up. (requested by rexoguns)\n|j| NoSidE417\n|inactive|rexoguns has 60 seconds left.\n|\n|t:|1776319859\n|teamsize|p1|4\n|teamsize|p2|4\n|start\n|switch|p1a: Natalia|Sneasler, L50, F|100/100\n|switch|p1b: Aerodactyl|Aerodactyl, L50, F|100/100\n|switch|p2a: Charizard|Charizard, L50, M, shiny|100/100\n|switch|p2b: Garchomp|Garchomp, L50, M, shiny|100/100\n|-ability|p1b: Aerodactyl|Unnerve\n|turn|1\n|\n|t:|1776319882\n|switch|p2a: Sneasler|Sneasler, L50, F|100/100\n|move|p1a: Natalia|Fake Out|p2b: Garchomp\n|-damage|p2b: Garchomp|86/100\n|-damage|p1a: Natalia|88/100|[from] ability: Rough Skin|[of] p2b: Garchomp\n|cant|p2b: Garchomp|flinch\n|move|p1b: Aerodactyl|Tailwind|p1b: Aerodactyl\n|-sidestart|p1: rexoguns|move: Tailwind\n|\n|upkeep\n|turn|2\n|\n|t:|1776319898\n|move|p1b: Aerodactyl|Protect|p1b: Aerodactyl\n|-singleturn|p1b: Aerodactyl|Protect\n|move|p1a: Natalia|Protect|p1a: Natalia\n|-singleturn|p1a: Natalia|Protect\n|move|p2a: Sneasler|Fake Out|p1b: Aerodactyl\n|-activate|p1b: Aerodactyl|move: Protect\n|move|p2b: Garchomp|Rock Slide|p1a: Natalia|[spread] \n|-activate|p1a: Natalia|move: Protect\n|-activate|p1b: Aerodactyl|move: Protect\n|\n|upkeep\n|turn|3\n|\n|t:|1776319912\n|move|p2a: Sneasler|Protect|p2a: Sneasler\n|-singleturn|p2a: Sneasler|Protect\n|move|p1b: Aerodactyl|Dual Wingbeat|p2a: Sneasler\n|-activate|p2a: Sneasler|move: Protect\n|move|p1a: Natalia|Close Combat|p2b: Garchomp\n|-damage|p2b: Garchomp|19/100\n|-unboost|p1a: Natalia|def|1\n|-unboost|p1a: Natalia|spd|1\n|-damage|p1a: Natalia|76/100|[from] ability: Rough Skin|[of] p2b: Garchomp\n|-enditem|p1a: Natalia|White Herb\n|-clearnegativeboost|p1a: Natalia|[silent]\n|move|p2b: Garchomp|Rock Slide|p1b: Aerodactyl|[spread] p1a,p1b\n|-resisted|p1a: Natalia|1\n|-supereffective|p1b: Aerodactyl|1\n|-damage|p1a: Natalia|59/100\n|-damage|p1b: Aerodactyl|37/100\n|\n|upkeep\n|turn|4\n|\n|t:|1776319932\n|switch|p2a: Rotom|Rotom-Wash, L50, shiny|100/100\n|move|p1a: Natalia|Close Combat|p2b: Garchomp\n|-damage|p2b: Garchomp|0 fnt\n|-unboost|p1a: Natalia|def|1\n|-unboost|p1a: Natalia|spd|1\n|-damage|p1a: Natalia|47/100|[from] ability: Rough Skin|[of] p2b: Garchomp\n|faint|p2b: Garchomp\n|move|p1b: Aerodactyl|Dual Wingbeat|p2a: Rotom\n|-resisted|p2a: Rotom|1\n|-damage|p2a: Rotom|92/100\n|-resisted|p2a: Rotom|1\n|-damage|p2a: Rotom|82/100\n|-hitcount|p2a: Rotom|2\n|\n|-heal|p2a: Rotom|88/100|[from] item: Leftovers\n|-sideend|p1: rexoguns|move: Tailwind\n|upkeep\n|\n|t:|1776319949\n|switch|p2b: Sneasler|Sneasler, L50, F|100/100\n|turn|5\n|\n|t:|1776319960\n|move|p1a: Natalia|Protect|p1a: Natalia\n|-singleturn|p1a: Natalia|Protect\n|move|p1b: Aerodactyl|Protect|p1b: Aerodactyl\n|-singleturn|p1b: Aerodactyl|Protect\n|move|p2b: Sneasler|Fake Out|p1a: Natalia\n|-activate|p1a: Natalia|move: Protect\n|move|p2a: Rotom|Volt Switch|p1b: Aerodactyl\n|-activate|p1b: Aerodactyl|move: Protect\n|\n|-heal|p2a: Rotom|93/100|[from] item: Leftovers\n|upkeep\n|turn|6\n|\n|t:|1776319977\n|move|p2b: Sneasler|Protect|p2b: Sneasler\n|-singleturn|p2b: Sneasler|Protect\n|move|p1a: Natalia|Gunk Shot|p2a: Rotom\n|-damage|p2a: Rotom|25/100\n|-status|p2a: Rotom|psn\n|move|p1b: Aerodactyl|Dual Wingbeat|p2b: Sneasler\n|-activate|p2b: Sneasler|move: Protect\n|move|p2a: Rotom|Volt Switch|p1b: Aerodactyl\n|-supereffective|p1b: Aerodactyl|1\n|-damage|p1b: Aerodactyl|0 fnt\n|faint|p1b: Aerodactyl\n|\n|t:|1776319990\n|switch|p2a: Charizard|Charizard, L50, M, shiny|100/100|[from] Volt Switch\n|\n|upkeep\n|\n|t:|1776319993\n|switch|p1b: Hanzo|Basculegion, L50, M|100/100\n|turn|7\n|\n|t:|1776320007\n|detailschange|p2a: Charizard|Charizard-Mega-Y, L50, M, shiny\n|-mega|p2a: Charizard|Charizard|Charizardite Y\n|-weather|SunnyDay|[from] ability: Drought|[of] p2a: Charizard\n|move|p1a: Natalia|Gunk Shot|p2a: Charizard\n|-damage|p2a: Charizard|34/100\n|-status|p2a: Charizard|psn\n|move|p1b: Hanzo|Wave Crash|p2b: Sneasler\n|-damage|p2b: Sneasler|37/100\n|-damage|p1b: Hanzo|84/100|[from] Recoil\n|move|p2b: Sneasler|Close Combat|p1a: Natalia\n|-resisted|p1a: Natalia|1\n|-damage|p1a: Natalia|0 fnt\n|-unboost|p2b: Sneasler|def|1\n|-unboost|p2b: Sneasler|spd|1\n|faint|p1a: Natalia\n|-enditem|p2b: Sneasler|White Herb\n|-clearnegativeboost|p2b: Sneasler|[silent]\n|move|p2a: Charizard|Solar Beam||[still]\n|-prepare|p2a: Charizard|Solar Beam\n|-anim|p2a: Charizard|Solar Beam|p1b: Hanzo\n|-supereffective|p1b: Hanzo|1\n|-damage|p1b: Hanzo|0 fnt\n|faint|p1b: Hanzo\n|\n|-weather|SunnyDay|[upkeep]\n|-damage|p2a: Charizard|22/100 psn|[from] psn\n|upkeep\n|-message|rexoguns forfeited.\n|\n|win|gekko kabu\n|raw|rexoguns's rating: 1436 &rarr; <strong>1415</strong><br />(-21 for losing)\n|raw|gekko kabu's rating: 1420 &rarr; <strong>1441</strong><br />(+21 for winning)\n|l|\u2606rexoguns\n|player|p1|\n",
  "uploadtime": 1776320034,
  "views": 52,
  "formatid": "gen9championsvgc2026regma",
  "rating": 1415,
  "private": 0,
  "password": null
}