{
  "id": "gen9championsvgc2026regma-2583510434",
  "format": "[Gen 9 Champions] VGC 2026 Reg M-A",
  "players": [
    "6767676ii",
    "Kipao"
  ],
  "log": "|j|\u26066767676ii\n|j|\u2606Kipao\n|t:|1776180217\n|gametype|doubles\n|player|p1|6767676ii|roxie|1051\n|player|p2|Kipao|li|1000\n|gen|9\n|tier|[Gen 9 Champions] VGC 2026 Reg M-A\n|rated|\n|rule|Species Clause: Limit one of each Pok\u00e9mon\n|rule|Item Clause: Limit 1 of each item\n|clearpoke\n|poke|p1|Froslass, L50, F|\n|poke|p1|Aerodactyl, L50, M|\n|poke|p1|Aegislash, L50, F|\n|poke|p1|Alcremie-Ruby-Swirl, L50, F|\n|poke|p1|Basculegion, L50, M|\n|poke|p1|Beartic, L50, F|\n|poke|p2|Meganium, L50, M|\n|poke|p2|Pelipper, L50, F|\n|poke|p2|Archaludon, L50, M|\n|poke|p2|Sneasler, L50, F|\n|poke|p2|Basculegion, L50, M|\n|poke|p2|Kingambit, L50, F|\n|teampreview|4\n|inactive|Battle timer is ON: inactive players will automatically lose when time's up. (requested by Kipao)\n|inactive|6767676ii also wants the timer to be on.\n|inactive|Kipao has 60 seconds left.\n|\n|t:|1776180272\n|teamsize|p1|4\n|teamsize|p2|4\n|start\n|switch|p1a: Froslass|Froslass, L50, F|100/100\n|switch|p1b: Alcremie|Alcremie-Ruby-Swirl, L50, F|100/100\n|switch|p2a: Kingambit|Kingambit, L50, F|100/100\n|switch|p2b: Basculegion|Basculegion, L50, M|100/100\n|turn|1\n|\n|t:|1776180288\n|move|p1a: Froslass|Protect|p1a: Froslass\n|-singleturn|p1a: Froslass|Protect\n|move|p2b: Basculegion|Flip Turn|p1a: Froslass\n|-activate|p1a: Froslass|move: Protect\n|move|p1b: Alcremie|Decorate|p1a: Froslass\n|-boost|p1a: Froslass|atk|2\n|-boost|p1a: Froslass|spa|2\n|move|p2a: Kingambit|Iron Head|p1b: Alcremie\n|-supereffective|p1b: Alcremie|1\n|-enditem|p1b: Alcremie|Babiri Berry|[eat]\n|-enditem|p1b: Alcremie|Babiri Berry|[weaken]\n|-damage|p1b: Alcremie|22/100\n|\n|upkeep\n|turn|2\n|\n|t:|1776180311\n|detailschange|p1a: Froslass|Froslass-Mega, L50, F\n|-mega|p1a: Froslass|Froslass|Froslassite\n|-weather|Snowscape|[from] ability: Snow Warning|[of] p1a: Froslass\n|move|p2a: Kingambit|Sucker Punch||[still]\n|-fail|p2a: Kingambit\n|move|p2b: Basculegion|Flip Turn|p1a: Froslass\n|-damage|p1a: Froslass|60/100\n|\n|t:|1776180319\n|switch|p2b: Pelipper|Pelipper, L50, F|100/100|[from] Flip Turn\n|-weather|RainDance|[from] ability: Drizzle|[of] p2b: Pelipper\n|move|p1a: Froslass|Aurora Veil||[still]\n|-fail|p1a: Froslass\n|move|p1b: Alcremie|Dazzling Gleam|p2b: Pelipper|[spread] p2a,p2b\n|-damage|p2a: Kingambit|78/100\n|-damage|p2b: Pelipper|65/100\n|\n|-weather|RainDance|[upkeep]\n|upkeep\n|turn|3\n|\n|t:|1776180337\n|switch|p1a: Aerodactyl|Aerodactyl, L50, M|100/100\n|-ability|p1a: Aerodactyl|Unnerve\n|move|p1b: Alcremie|Decorate|p1a: Aerodactyl\n|-boost|p1a: Aerodactyl|atk|2\n|-boost|p1a: Aerodactyl|spa|2\n|move|p2b: Pelipper|Tailwind|p2b: Pelipper\n|-sidestart|p2: Kipao|move: Tailwind\n|move|p2a: Kingambit|Iron Head|p1b: Alcremie\n|-supereffective|p1b: Alcremie|1\n|-damage|p1b: Alcremie|0 fnt\n|faint|p1b: Alcremie\n|\n|-weather|RainDance|[upkeep]\n|upkeep\n|\n|t:|1776180341\n|switch|p1b: Froslass|Froslass-Mega, L50, F|60/100\n|-weather|Snowscape|[from] ability: Snow Warning|[of] p1b: Froslass\n|turn|4\n|\n|t:|1776180363\n|switch|p2b: Archaludon|Archaludon, L50, M|100/100\n|move|p1b: Froslass|Protect|p1b: Froslass\n|-singleturn|p1b: Froslass|Protect\n|move|p2a: Kingambit|Protect|p2a: Kingambit\n|-singleturn|p2a: Kingambit|Protect\n|move|p1a: Aerodactyl|Tailwind|p1a: Aerodactyl\n|-sidestart|p1: 6767676ii|move: Tailwind\n|\n|-weather|Snowscape|[upkeep]\n|upkeep\n|turn|5\n|\n|t:|1776180380\n|switch|p2a: Pelipper|Pelipper, L50, F|65/100\n|-weather|RainDance|[from] ability: Drizzle|[of] p2a: Pelipper\n|move|p1a: Aerodactyl|Rock Slide|p2b: Archaludon|[spread] p2a,p2b\n|-supereffective|p2a: Pelipper|1\n|-resisted|p2b: Archaludon|1\n|-damage|p2a: Pelipper|0 fnt\n|-damage|p2b: Archaludon|80/100\n|-ability|p2b: Archaludon|Stamina|boost\n|-boost|p2b: Archaludon|def|1\n|faint|p2a: Pelipper\n|move|p1b: Froslass|Shadow Ball|p2b: Archaludon\n|-damage|p2b: Archaludon|24/100\n|-ability|p2b: Archaludon|Stamina|boost\n|-boost|p2b: Archaludon|def|1\n|move|p2b: Archaludon|Electro Shot||[still]\n|-prepare|p2b: Archaludon|Electro Shot\n|-boost|p2b: Archaludon|spa|1\n|-anim|p2b: Archaludon|Electro Shot|p1a: Aerodactyl\n|-supereffective|p1a: Aerodactyl|1\n|-enditem|p1a: Aerodactyl|Focus Sash\n|-damage|p1a: Aerodactyl|1/100\n|\n|-weather|RainDance|[upkeep]\n|-heal|p2b: Archaludon|30/100|[from] item: Leftovers\n|upkeep\n|inactive|Kipao has 30 seconds left.\n|\n|t:|1776180409\n|switch|p2a: Basculegion|Basculegion, L50, M|100/100\n|turn|6\n|\n|t:|1776180420\n|switch|p1b: Beartic|Beartic, L50, F|100/100\n|move|p2a: Basculegion|Aqua Jet|p1a: Aerodactyl\n|-supereffective|p1a: Aerodactyl|1\n|-damage|p1a: Aerodactyl|0 fnt\n|faint|p1a: Aerodactyl\n|move|p2b: Archaludon|Flash Cannon|p1b: Beartic\n|-supereffective|p1b: Beartic|1\n|-damage|p1b: Beartic|0 fnt\n|faint|p1b: Beartic\n|\n|-weather|RainDance|[upkeep]\n|-heal|p2b: Archaludon|36/100|[from] item: Leftovers\n|-sideend|p2: Kipao|move: Tailwind\n|upkeep\n|\n|t:|1776180423\n|switch|p1b: Froslass|Froslass-Mega, L50, F|60/100\n|-weather|Snowscape|[from] ability: Snow Warning|[of] p1b: Froslass\n|turn|7\n|\n|t:|1776180440\n|switch|p2a: Kingambit|Kingambit, L50, F|78/100\n|move|p2b: Archaludon|Protect|p2b: Archaludon\n|-singleturn|p2b: Archaludon|Protect\n|move|p1b: Froslass|Blizzard|p2a: Kingambit|[spread] p2a\n|-activate|p2b: Archaludon|move: Protect\n|-resisted|p2a: Kingambit|1\n|-damage|p2a: Kingambit|58/100\n|\n|-weather|Snowscape|[upkeep]\n|-heal|p2b: Archaludon|42/100|[from] item: Leftovers\n|-sideend|p1: 6767676ii|move: Tailwind\n|upkeep\n|turn|8\n|\n|t:|1776180456\n|move|p1b: Froslass|Aurora Veil|p1b: Froslass\n|-sidestart|p1: 6767676ii|move: Aurora Veil\n|move|p2b: Archaludon|Flash Cannon|p1b: Froslass\n|-supereffective|p1b: Froslass|1\n|-damage|p1b: Froslass|0 fnt\n|faint|p1b: Froslass\n|\n|win|Kipao\n|raw|6767676ii's rating: 1051 &rarr; <strong>1031</strong><br />(-20 for losing)\n|raw|Kipao's rating: 1000 &rarr; <strong>1046</strong><br />(+46 for winning)\n|l|\u26066767676ii\n|player|p1|\n",
  "uploadtime": 1776180464,
  "views": 30,
  "formatid": "gen9championsvgc2026regma",
  "rating": 1031,
  "private": 0,
  "password": null
}