{
  "id": "gen9championsvgc2026regma-2584702693",
  "format": "[Gen 9 Champions] VGC 2026 Reg M-A",
  "players": [
    "ShimakazeVGC",
    "Bicycle Bandy"
  ],
  "log": "|j|\u2606ShimakazeVGC\n|j|\u2606Bicycle Bandy\n|t:|1776277816\n|gametype|doubles\n|player|p1|ShimakazeVGC|265|1251\n|player|p2|Bicycle Bandy|101|1217\n|gen|9\n|tier|[Gen 9 Champions] VGC 2026 Reg M-A\n|rated|\n|rule|Species Clause: Limit one of each Pok\u00e9mon\n|rule|Item Clause: Limit 1 of each item\n|clearpoke\n|poke|p1|Charizard, L50, M|\n|poke|p1|Venusaur, L50, M|\n|poke|p1|Incineroar, L50, M|\n|poke|p1|Sneasler, L50, F|\n|poke|p1|Garchomp, L50, F|\n|poke|p1|Basculegion, L50, M|\n|poke|p2|Meganium, L50, F|\n|poke|p2|Milotic, L50, F|\n|poke|p2|Talonflame, L50, M|\n|poke|p2|Arcanine-Hisui, L50, M|\n|poke|p2|Tyranitar, L50, M|\n|poke|p2|Goodra-Hisui, L50, F|\n|teampreview|4\n|\n|t:|1776277840\n|teamsize|p1|4\n|teamsize|p2|4\n|start\n|switch|p1a: Sneasler|Sneasler, L50, F|100/100\n|switch|p1b: Basculegion|Basculegion, L50, M, shiny|100/100\n|switch|p2a: Milotic|Milotic, L50, F|100/100\n|switch|p2b: Talonflame|Talonflame, L50, M, shiny|100/100\n|turn|1\n|inactive|Battle timer is ON: inactive players will automatically lose when time's up. (requested by ShimakazeVGC)\n|inactive|Bicycle Bandy has 60 seconds left.\n|\n|t:|1776277883\n|move|p2b: Talonflame|Protect|p2b: Talonflame\n|-singleturn|p2b: Talonflame|Protect\n|move|p1a: Sneasler|Protect|p1a: Sneasler\n|-singleturn|p1a: Sneasler|Protect\n|move|p1b: Basculegion|Wave Crash|p2b: Talonflame\n|-activate|p2b: Talonflame|move: Protect\n|move|p2a: Milotic|Scald|p1b: Basculegion\n|-resisted|p1b: Basculegion|1\n|-damage|p1b: Basculegion|82/100\n|\n|upkeep\n|turn|2\n|inactive|Bicycle Bandy has 30 seconds left.\n|\n|t:|1776277917\n|switch|p1a: Garchomp|Garchomp, L50, F|100/100\n|move|p2b: Talonflame|Dual Wingbeat|p1a: Garchomp\n|-damage|p1a: Garchomp|84/100\n|-damage|p2b: Talonflame|88/100|[from] ability: Rough Skin|[of] p1a: Garchomp\n|-damage|p1a: Garchomp|66/100\n|-damage|p2b: Talonflame|75/100|[from] ability: Rough Skin|[of] p1a: Garchomp\n|-hitcount|p1a: Garchomp|2\n|move|p1b: Basculegion|Wave Crash|p2b: Talonflame\n|-supereffective|p2b: Talonflame|1\n|-damage|p2b: Talonflame|0 fnt\n|faint|p2b: Talonflame\n|-damage|p1b: Basculegion|62/100|[from] Recoil\n|move|p2a: Milotic|Icy Wind|p1a: Garchomp|[spread] p1a,p1b\n|-supereffective|p1a: Garchomp|2\n|-resisted|p1b: Basculegion|1\n|-damage|p1a: Garchomp|29/100\n|-damage|p1b: Basculegion|56/100\n|-unboost|p1a: Garchomp|spe|1\n|-unboost|p1b: Basculegion|spe|1\n|\n|upkeep\n|inactive|Bicycle Bandy has 30 seconds left.\n|inactive|Bicycle Bandy has 20 seconds left.\n|\n|t:|1776277957\n|switch|p2b: Arcanine|Arcanine-Hisui, L50, M|100/100\n|turn|3\n|\n|t:|1776277971\n|move|p2b: Arcanine|Protect|p2b: Arcanine\n|-singleturn|p2b: Arcanine|Protect\n|move|p1a: Garchomp|Protect|p1a: Garchomp\n|-singleturn|p1a: Garchomp|Protect\n|move|p1b: Basculegion|Wave Crash|p2b: Arcanine\n|-activate|p2b: Arcanine|move: Protect\n|move|p2a: Milotic|Icy Wind|p1b: Basculegion|[spread] p1b\n|-activate|p1a: Garchomp|move: Protect\n|-resisted|p1b: Basculegion|1\n|-damage|p1b: Basculegion|51/100\n|-unboost|p1b: Basculegion|spe|1\n|\n|upkeep\n|turn|4\n|inactive|Bicycle Bandy has 30 seconds left.\n|inactive|Bicycle Bandy has 20 seconds left.\n|inactive|Bicycle Bandy has 15 seconds left.\n|\n|t:|1776278012\n|switch|p1a: Sneasler|Sneasler, L50, F|100/100\n|move|p2b: Arcanine|Flare Blitz|p1a: Sneasler\n|-damage|p1a: Sneasler|0 fnt\n|faint|p1a: Sneasler\n|move|p2a: Milotic|Icy Wind|p1b: Basculegion\n|-resisted|p1b: Basculegion|1\n|-damage|p1b: Basculegion|44/100\n|-unboost|p1b: Basculegion|spe|1\n|move|p1b: Basculegion|Wave Crash|p2b: Arcanine\n|-supereffective|p2b: Arcanine|2\n|-enditem|p2b: Arcanine|Focus Sash\n|-damage|p2b: Arcanine|1/100\n|-damage|p1b: Basculegion|15/100|[from] Recoil\n|\n|upkeep\n|\n|t:|1776278029\n|switch|p1a: Garchomp|Garchomp, L50, F|29/100\n|turn|5\n|inactive|Bicycle Bandy has 30 seconds left.\n|\n|t:|1776278062\n|switch|p1b: Charizard|Charizard, L50, M, shiny|100/100\n|move|p1a: Garchomp|Protect|p1a: Garchomp\n|-singleturn|p1a: Garchomp|Protect\n|move|p2b: Arcanine|Protect|p2b: Arcanine\n|-singleturn|p2b: Arcanine|Protect\n|move|p2a: Milotic|Icy Wind|p1b: Charizard|[spread] p1b\n|-activate|p1a: Garchomp|move: Protect\n|-damage|p1b: Charizard|88/100\n|-unboost|p1b: Charizard|spe|1\n|\n|upkeep\n|turn|6\n|inactive|ShimakazeVGC has 30 seconds left.\n|inactive|Bicycle Bandy has 30 seconds left.\n|inactive|ShimakazeVGC has 20 seconds left.\n|\n|t:|1776278098\n|detailschange|p1b: Charizard|Charizard-Mega-Y, L50, M, shiny\n|-mega|p1b: Charizard|Charizard|Charizardite Y\n|-weather|SunnyDay|[from] ability: Drought|[of] p1b: Charizard\n|move|p2a: Milotic|Protect|p2a: Milotic\n|-singleturn|p2a: Milotic|Protect\n|move|p2b: Arcanine|Extreme Speed|p1a: Garchomp\n|-damage|p1a: Garchomp|4/100\n|-damage|p2b: Arcanine|0 fnt|[from] ability: Rough Skin|[of] p1a: Garchomp\n|faint|p2b: Arcanine\n|move|p1a: Garchomp|Earthquake|p2a: Milotic|[spread] \n|-activate|p2a: Milotic|move: Protect\n|-immune|p1b: Charizard\n|move|p1b: Charizard|Air Slash|p2a: Milotic\n|-activate|p2a: Milotic|move: Protect\n|\n|-weather|SunnyDay|[upkeep]\n|upkeep\n|\n|t:|1776278116\n|switch|p2b: Tyranitar|Tyranitar, L50, M|100/100\n|-weather|Sandstorm|[from] ability: Sand Stream|[of] p2b: Tyranitar\n|turn|7\n|\n|t:|1776278141\n|detailschange|p2b: Tyranitar|Tyranitar-Mega, L50, M\n|-mega|p2b: Tyranitar|Tyranitar|Tyranitarite\n|move|p1b: Charizard|Protect|p1b: Charizard\n|-singleturn|p1b: Charizard|Protect\n|move|p1a: Garchomp|Earthquake|p2b: Tyranitar|[spread] p2a,p2b\n|-activate|p1b: Charizard|move: Protect\n|-supereffective|p2b: Tyranitar|1\n|-damage|p2a: Milotic|62/100\n|-damage|p2b: Tyranitar|48/100\n|move|p2a: Milotic|Scald|p1b: Charizard\n|-activate|p1b: Charizard|move: Protect\n|move|p2b: Tyranitar|Rock Slide|p1a: Garchomp|[spread] p1a\n|-activate|p1b: Charizard|move: Protect\n|-resisted|p1a: Garchomp|1\n|-damage|p1a: Garchomp|0 fnt\n|faint|p1a: Garchomp\n|\n|-weather|Sandstorm|[upkeep]\n|-damage|p2a: Milotic|56/100|[from] Sandstorm\n|-damage|p1b: Charizard|82/100|[from] Sandstorm\n|upkeep\n|\n|t:|1776278162\n|switch|p1a: Basculegion|Basculegion, L50, M, shiny|15/100\n|turn|8\n|inactive|ShimakazeVGC has 30 seconds left.\n|inactive|Bicycle Bandy has 30 seconds left.\n|\n|t:|1776278198\n|move|p2b: Tyranitar|Protect|p2b: Tyranitar\n|-singleturn|p2b: Tyranitar|Protect\n|move|p1a: Basculegion|Last Respects|p2a: Milotic\n|-damage|p2a: Milotic|0 fnt\n|faint|p2a: Milotic\n|move|p1b: Charizard|Air Slash|p2b: Tyranitar\n|-activate|p2b: Tyranitar|move: Protect\n|\n|-weather|Sandstorm|[upkeep]\n|-damage|p1a: Basculegion|9/100|[from] Sandstorm\n|-damage|p1b: Charizard|77/100|[from] Sandstorm\n|upkeep\n|turn|9\n|\n|t:|1776278216\n|move|p1a: Basculegion|Last Respects|p2b: Tyranitar\n|-resisted|p2b: Tyranitar|1\n|-damage|p2b: Tyranitar|20/100\n|move|p2b: Tyranitar|Rock Slide|p1b: Charizard|[spread] p1a,p1b\n|-supereffective|p1b: Charizard|2\n|-damage|p1a: Basculegion|0 fnt\n|-damage|p1b: Charizard|0 fnt\n|faint|p1a: Basculegion\n|faint|p1b: Charizard\n|\n|win|Bicycle Bandy\n|raw|ShimakazeVGC's rating: 1251 &rarr; <strong>1224</strong><br />(-27 for losing)\n|raw|Bicycle Bandy's rating: 1217 &rarr; <strong>1244</strong><br />(+27 for winning)\n|c|\u2606Bicycle Bandy|gg\n",
  "uploadtime": 1776278238,
  "views": 21,
  "formatid": "gen9championsvgc2026regma",
  "rating": 1224,
  "private": 0,
  "password": null
}