{
  "id": "gen9championsvgc2026regma-2587883582",
  "format": "[Gen 9 Champions] VGC 2026 Reg M-A",
  "players": [
    "JasmineThia",
    "OgPhally"
  ],
  "log": "|j|\u2606JasmineThia\n|j|\u2606OgPhally\n|t:|1776574359\n|gametype|doubles\n|player|p1|JasmineThia|selene-masters2|1259\n|player|p2|OgPhally|102|1195\n|gen|9\n|tier|[Gen 9 Champions] VGC 2026 Reg M-A\n|rated|\n|rule|Species Clause: Limit one of each Pok\u00e9mon\n|rule|Item Clause: Limit 1 of each item\n|clearpoke\n|poke|p1|Kangaskhan, L50, F|\n|poke|p1|Primarina, L50, F, shiny|\n|poke|p1|Aegislash, L50, M, shiny|\n|poke|p1|Farigiraf, L50, F|\n|poke|p1|Volcarona, L50, F|\n|poke|p1|Ninetales-Alola, L50, M|\n|poke|p2|Incineroar, L50, M|\n|poke|p2|Farigiraf, L50, M|\n|poke|p2|Floette-Eternal, L50, F|\n|poke|p2|Garchomp, L50, F|\n|poke|p2|Venusaur, L50, M|\n|poke|p2|Torkoal, L50, F|\n|teampreview|4\n|inactive|Battle timer is ON: inactive players will automatically lose when time's up. (requested by JasmineThia)\n|\n|t:|1776574397\n|teamsize|p1|4\n|teamsize|p2|4\n|start\n|switch|p1a: Kangaskhan|Kangaskhan, L50, F|100/100\n|switch|p1b: Volcarona|Volcarona, L50, F|100/100\n|switch|p2a: Incineroar|Incineroar, L50, M|100/100\n|switch|p2b: Floette|Floette-Eternal, L50, F|100/100\n|-ability|p2a: Incineroar|Intimidate|boost\n|-fail|p1a: Kangaskhan|unboost|Attack|[from] ability: Scrappy|[of] p1a: Kangaskhan\n|-unboost|p1b: Volcarona|atk|1\n|turn|1\n|inactive|OgPhally has 30 seconds left.\n|\n|t:|1776574431\n|detailschange|p1a: Kangaskhan|Kangaskhan-Mega, L50, F\n|-mega|p1a: Kangaskhan|Kangaskhan|Kangaskhanite\n|detailschange|p2b: Floette|Floette-Mega, L50, F\n|-mega|p2b: Floette|Floette|Floettite\n|-ability|p2b: Floette|Fairy Aura\n|move|p1a: Kangaskhan|Fake Out|p2a: Incineroar\n|-damage|p2a: Incineroar|87/100\n|-damage|p2a: Incineroar|84/100\n|-hitcount|p2a: Incineroar|2\n|cant|p2a: Incineroar|flinch\n|move|p1b: Volcarona|Quiver Dance|p1b: Volcarona\n|-boost|p1b: Volcarona|spa|1\n|-boost|p1b: Volcarona|spd|1\n|-boost|p1b: Volcarona|spe|1\n|move|p2b: Floette|Calm Mind|p2b: Floette\n|-boost|p2b: Floette|spa|1\n|-boost|p2b: Floette|spd|1\n|\n|upkeep\n|turn|2\n|l|\u2606JasmineThia\n|inactive|JasmineThia disconnected and has a minute to reconnect!\n|player|p1|\n|j|\u2606JasmineThia\n|inactive|JasmineThia reconnected and has 45 seconds left.\n|player|p1|JasmineThia|selene-masters2|\n|inactive|JasmineThia has 30 seconds left.\n|inactive|OgPhally has 30 seconds left.\n|inactive|OgPhally has 20 seconds left.\n|inactive|OgPhally has 15 seconds left.\n|inactive|OgPhally has 10 seconds left.\n|\n|t:|1776574478\n|move|p1b: Volcarona|Quiver Dance|p1b: Volcarona\n|-boost|p1b: Volcarona|spa|1\n|-boost|p1b: Volcarona|spd|1\n|-boost|p1b: Volcarona|spe|1\n|move|p1a: Kangaskhan|Drain Punch|p2a: Incineroar\n|-supereffective|p2a: Incineroar|1\n|-damage|p2a: Incineroar|50/100\n|-enditem|p2a: Incineroar|Sitrus Berry|[eat]\n|-heal|p2a: Incineroar|74/100|[from] item: Sitrus Berry\n|-supereffective|p2a: Incineroar|1\n|-damage|p2a: Incineroar|66/100\n|-hitcount|p2a: Incineroar|2\n|move|p2b: Floette|Dazzling Gleam|p1b: Volcarona|[spread] p1a,p1b\n|-resisted|p1b: Volcarona|1\n|-damage|p1a: Kangaskhan|50/100\n|-damage|p1b: Volcarona|86/100\n|move|p2a: Incineroar|Throat Chop|p1b: Volcarona\n|-damage|p1b: Volcarona|54/100\n|-start|p1b: Volcarona|Throat Chop|[silent]\n|\n|upkeep\n|turn|3\n|inactive|OgPhally has 30 seconds left.\n|inactive|OgPhally has 20 seconds left.\n|inactive|OgPhally has 15 seconds left.\n|inactive|OgPhally has 10 seconds left.\n|\n|t:|1776574526\n|move|p2b: Floette|Protect|p2b: Floette\n|-singleturn|p2b: Floette|Protect\n|move|p1b: Volcarona|Heat Wave|p2a: Incineroar|[spread] p2a\n|-activate|p2b: Floette|move: Protect\n|-resisted|p2a: Incineroar|1\n|-damage|p2a: Incineroar|38/100\n|move|p1a: Kangaskhan|Double-Edge|p2b: Floette\n|-activate|p2b: Floette|move: Protect\n|move|p2a: Incineroar|Parting Shot|p1b: Volcarona\n|-unboost|p1b: Volcarona|atk|1\n|-unboost|p1b: Volcarona|spa|1\n|\n|t:|1776574539\n|switch|p2a: Garchomp|Garchomp, L50, F|100/100|[from] Parting Shot\n|\n|-end|p1b: Volcarona|Throat Chop|[silent]\n|upkeep\n|turn|4\n|\n|t:|1776574551\n|switch|p1a: Ninetales|Ninetales-Alola, L50, M|100/100\n|-weather|Snowscape|[from] ability: Snow Warning|[of] p1a: Ninetales\n|move|p1b: Volcarona|Protect|p1b: Volcarona\n|-singleturn|p1b: Volcarona|Protect\n|move|p2a: Garchomp|Rock Slide|p1b: Volcarona|[spread] p1a\n|-activate|p1b: Volcarona|move: Protect\n|-supereffective|p1a: Ninetales|1\n|-damage|p1a: Ninetales|61/100\n|move|p2b: Floette|Dazzling Gleam|p1b: Volcarona|[spread] p1a\n|-activate|p1b: Volcarona|move: Protect\n|-crit|p1a: Ninetales\n|-damage|p1a: Ninetales|0 fnt\n|faint|p1a: Ninetales\n|\n|-weather|Snowscape|[upkeep]\n|upkeep\n|\n|t:|1776574556\n|switch|p1a: Kangaskhan|Kangaskhan-Mega, L50, F|50/100\n|turn|5\n|\n|t:|1776574573\n|move|p1a: Kangaskhan|Fake Out|p2a: Garchomp\n|-damage|p2a: Garchomp|84/100\n|-damage|p1a: Kangaskhan|38/100|[from] ability: Rough Skin|[of] p2a: Garchomp\n|-damage|p2a: Garchomp|81/100\n|-damage|p1a: Kangaskhan|26/100|[from] ability: Rough Skin|[of] p2a: Garchomp\n|-hitcount|p2a: Garchomp|2\n|move|p1b: Volcarona|Quiver Dance|p1b: Volcarona\n|-boost|p1b: Volcarona|spa|1\n|-boost|p1b: Volcarona|spd|1\n|-boost|p1b: Volcarona|spe|1\n|cant|p2a: Garchomp|flinch\n|move|p2b: Floette|Dazzling Gleam|p1a: Kangaskhan|[spread] p1a,p1b\n|-resisted|p1b: Volcarona|1\n|-damage|p1a: Kangaskhan|0 fnt\n|-damage|p1b: Volcarona|43/100\n|faint|p1a: Kangaskhan\n|\n|-weather|Snowscape|[upkeep]\n|upkeep\n|\n|t:|1776574575\n|switch|p1a: Aegislash|Aegislash, L50, M, shiny|100/100\n|turn|6\n|inactive|OgPhally has 30 seconds left.\n|\n|t:|1776574609\n|switch|p2b: Torkoal|Torkoal, L50, F|100/100\n|-weather|SunnyDay|[from] ability: Drought|[of] p2b: Torkoal\n|move|p1b: Volcarona|Giga Drain|p2a: Garchomp\n|-damage|p2a: Garchomp|36/100\n|-heal|p1b: Volcarona|67/100|[from] drain|[of] p2a: Garchomp\n|move|p2a: Garchomp|Rock Slide|p1a: Aegislash|[spread] p1a,p1b\n|-resisted|p1a: Aegislash|1\n|-supereffective|p1b: Volcarona|2\n|-enditem|p1b: Volcarona|Charti Berry|[eat]\n|-enditem|p1b: Volcarona|Charti Berry|[weaken]\n|-damage|p1a: Aegislash|94/100\n|-damage|p1b: Volcarona|28/100\n|-formechange|p1a: Aegislash|Aegislash-Blade|\n|move|p1a: Aegislash|Flash Cannon|p2b: Torkoal\n|-resisted|p2b: Torkoal|1\n|-damage|p2b: Torkoal|73/100\n|\n|-weather|SunnyDay|[upkeep]\n|upkeep\n|turn|7\n|\n|t:|1776574630\n|move|p1b: Volcarona|Heat Wave|p2b: Torkoal|[spread] p2a,p2b\n|-resisted|p2a: Garchomp|1\n|-resisted|p2b: Torkoal|1\n|-damage|p2a: Garchomp|0 fnt\n|-damage|p2b: Torkoal|0 fnt\n|faint|p2a: Garchomp\n|faint|p2b: Torkoal\n|move|p1a: Aegislash|Shadow Ball|p2: Garchomp|[notarget]\n|-fail|p1a: Aegislash\n|\n|-weather|SunnyDay|[upkeep]\n|upkeep\n|\n|t:|1776574638\n|switch|p2a: Floette|Floette-Mega, L50, F|100/100\n|switch|p2b: Incineroar|Incineroar, L50, M|38/100\n|-ability|p2a: Floette|Fairy Aura\n|-ability|p2b: Incineroar|Intimidate|boost\n|-unboost|p1a: Aegislash|atk|1\n|-unboost|p1b: Volcarona|atk|1\n|turn|8\n|\n|t:|1776574660\n|move|p1b: Volcarona|Protect|p1b: Volcarona\n|-singleturn|p1b: Volcarona|Protect\n|-formechange|p1a: Aegislash|Aegislash|\n|move|p1a: Aegislash|King's Shield|p1a: Aegislash\n|-singleturn|p1a: Aegislash|Protect\n|move|p2a: Floette|Calm Mind|p2a: Floette\n|-boost|p2a: Floette|spa|1\n|-boost|p2a: Floette|spd|1\n|move|p2b: Incineroar|Throat Chop|p1a: Aegislash\n|-activate|p1a: Aegislash|move: Protect\n|-unboost|p2b: Incineroar|atk|1\n|\n|-weather|SunnyDay|[upkeep]\n|upkeep\n|turn|9\n|inactive|OgPhally has 30 seconds left.\n|\n|t:|1776574686\n|move|p1b: Volcarona|Heat Wave|p2a: Floette|[spread] p2a,p2b\n|-resisted|p2b: Incineroar|1\n|-damage|p2a: Floette|49/100\n|-damage|p2b: Incineroar|0 fnt\n|faint|p2b: Incineroar\n|move|p2a: Floette|Dazzling Gleam|p1a: Aegislash|[spread] p1a,p1b\n|-resisted|p1a: Aegislash|1\n|-resisted|p1b: Volcarona|1\n|-damage|p1a: Aegislash|68/100\n|-damage|p1b: Volcarona|16/100\n|-formechange|p1a: Aegislash|Aegislash-Blade|\n|move|p1a: Aegislash|Flash Cannon|p2a: Floette\n|-supereffective|p2a: Floette|1\n|-damage|p2a: Floette|8/100\n|\n|-weather|SunnyDay|[upkeep]\n|upkeep\n|turn|10\n|\n|t:|1776574710\n|move|p1a: Aegislash|Shadow Sneak|p2a: Floette\n|-damage|p2a: Floette|0 fnt\n|faint|p2a: Floette\n|\n|win|JasmineThia\n|raw|JasmineThia's rating: 1233 &rarr; <strong>1255</strong><br />(+22 for winning)\n|raw|OgPhally's rating: 1195 &rarr; <strong>1173</strong><br />(-22 for losing)\n",
  "uploadtime": 1776574716,
  "views": 14,
  "formatid": "gen9championsvgc2026regma",
  "rating": 1173,
  "private": 0,
  "password": null
}