{
  "id": "gen9championsvgc2026regma-2584583346",
  "format": "[Gen 9 Champions] VGC 2026 Reg M-A",
  "players": [
    "FizzKing",
    "KennarDH"
  ],
  "log": "|j|\u2606FizzKing\n|j|\u2606KennarDH\n|t:|1776270263\n|gametype|doubles\n|player|p1|FizzKing|265|1014\n|player|p2|KennarDH|rocketgruntf|1088\n|gen|9\n|tier|[Gen 9 Champions] VGC 2026 Reg M-A\n|rated|\n|rule|Species Clause: Limit one of each Pok\u00e9mon\n|rule|Item Clause: Limit 1 of each item\n|clearpoke\n|poke|p1|Maushold, L50|\n|poke|p1|Torkoal, L50, F|\n|poke|p1|Blastoise, L50, F|\n|poke|p1|Tinkaton, L50, F|\n|poke|p1|Pelipper, L50, M|\n|poke|p1|Farigiraf, L50, M|\n|poke|p2|Charizard, L50, M|\n|poke|p2|Milotic, L50, F|\n|poke|p2|Maushold-Four, L50|\n|poke|p2|Hawlucha, L50, M|\n|poke|p2|Vanilluxe, L50, F|\n|poke|p2|Hydrapple, L50, F|\n|teampreview|4\n|inactive|Battle timer is ON: inactive players will automatically lose when time's up. (requested by FizzKing)\n|\n|t:|1776270326\n|teamsize|p1|4\n|teamsize|p2|4\n|start\n|switch|p1a: Maushold|Maushold, L50|100/100\n|switch|p1b: Torkoal|Torkoal, L50, F|100/100\n|switch|p2a: Milotic|Milotic, L50, F|100/100\n|switch|p2b: Vanilluxe|Vanilluxe, L50, F|100/100\n|-weather|Snowscape|[from] ability: Snow Warning|[of] p2b: Vanilluxe\n|-weather|SunnyDay|[from] ability: Drought|[of] p1b: Torkoal\n|turn|1\n|inactive|FizzKing has 30 seconds left.\n|inactive|FizzKing has 20 seconds left.\n|\n|t:|1776270364\n|move|p2b: Vanilluxe|Blizzard|p1a: Maushold|[spread] p1a,p1b\n|-resisted|p1b: Torkoal|1\n|-damage|p1a: Maushold|60/100\n|-damage|p1b: Torkoal|87/100\n|move|p1a: Maushold|After You|p1b: Torkoal\n|-activate|p1b: Torkoal|move: After You\n|move|p1b: Torkoal|Solar Beam||[still]\n|-prepare|p1b: Torkoal|Solar Beam\n|-anim|p1b: Torkoal|Solar Beam|p2a: Milotic\n|-supereffective|p2a: Milotic|1\n|-damage|p2a: Milotic|47/100\n|move|p2a: Milotic|Icy Wind|p1b: Torkoal|[spread] p1a,p1b\n|-resisted|p1b: Torkoal|1\n|-damage|p1a: Maushold|44/100\n|-damage|p1b: Torkoal|82/100\n|-unboost|p1a: Maushold|spe|1\n|-unboost|p1b: Torkoal|spe|1\n|\n|-weather|SunnyDay|[upkeep]\n|-heal|p2a: Milotic|53/100|[from] item: Leftovers\n|upkeep\n|turn|2\n|inactive|FizzKing has 30 seconds left.\n|inactive|KennarDH has 30 seconds left.\n|\n|t:|1776270397\n|move|p2b: Vanilluxe|Blizzard|p1a: Maushold|[spread] p1a\n|-miss|p2b: Vanilluxe|p1b: Torkoal\n|-damage|p1a: Maushold|9/100\n|move|p1a: Maushold|After You|p1b: Torkoal\n|-activate|p1b: Torkoal|move: After You\n|move|p1b: Torkoal|Eruption|p2b: Vanilluxe|[spread] p2a,p2b\n|-resisted|p2a: Milotic|1\n|-supereffective|p2b: Vanilluxe|1\n|-damage|p2a: Milotic|29/100\n|-damage|p2b: Vanilluxe|0 fnt\n|faint|p2b: Vanilluxe\n|move|p2a: Milotic|Scald|p1b: Torkoal\n|-supereffective|p1b: Torkoal|1\n|-damage|p1b: Torkoal|52/100\n|\n|-weather|SunnyDay|[upkeep]\n|-heal|p2a: Milotic|35/100|[from] item: Leftovers\n|upkeep\n|\n|t:|1776270412\n|switch|p2b: Maushold|Maushold-Four, L50|100/100\n|turn|3\n|inactive|FizzKing has 30 seconds left.\n|inactive|FizzKing has 20 seconds left.\n|\n|t:|1776270451\n|move|p2a: Milotic|Protect|p2a: Milotic\n|-singleturn|p2a: Milotic|Protect\n|move|p1a: Maushold|Follow Me|p1a: Maushold\n|-singleturn|p1a: Maushold|move: Follow Me\n|move|p2b: Maushold|Crunch|p1a: Maushold\n|-crit|p1a: Maushold\n|-damage|p1a: Maushold|0 fnt\n|faint|p1a: Maushold\n|move|p1b: Torkoal|Weather Ball|p2a: Milotic\n|-activate|p2a: Milotic|move: Protect\n|\n|-weather|SunnyDay|[upkeep]\n|-heal|p2a: Milotic|41/100|[from] item: Leftovers\n|upkeep\n|\n|t:|1776270466\n|switch|p1a: Tinkaton|Tinkaton, L50, F|100/100\n|turn|4\n|inactive|FizzKing has 30 seconds left.\n|inactive|KennarDH has 30 seconds left.\n|inactive|FizzKing has 20 seconds left.\n|inactive|KennarDH has 20 seconds left.\n|\n|t:|1776270503\n|move|p2b: Maushold|Protect|p2b: Maushold\n|-singleturn|p2b: Maushold|Protect\n|move|p1a: Tinkaton|Fake Out|p2a: Milotic\n|-damage|p2a: Milotic|31/100\n|cant|p2a: Milotic|flinch\n|move|p1b: Torkoal|Weather Ball|p2b: Maushold\n|-activate|p2b: Maushold|move: Protect\n|\n|-weather|SunnyDay|[upkeep]\n|-heal|p2a: Milotic|37/100|[from] item: Leftovers\n|upkeep\n|turn|5\n|inactive|FizzKing has 30 seconds left.\n|\n|t:|1776270533\n|move|p2b: Maushold|Crunch|p1b: Torkoal\n|-damage|p1b: Torkoal|33/100\n|move|p1a: Tinkaton|Gigaton Hammer|p2b: Maushold\n|-damage|p2b: Maushold|8/100\n|move|p2a: Milotic|Scald|p1b: Torkoal\n|-supereffective|p1b: Torkoal|1\n|-damage|p1b: Torkoal|0 fnt\n|faint|p1b: Torkoal\n|\n|-weather|none\n|-heal|p2a: Milotic|43/100|[from] item: Leftovers\n|upkeep\n|\n|t:|1776270544\n|switch|p1b: Pelipper|Pelipper, L50, M|100/100\n|-weather|RainDance|[from] ability: Drizzle|[of] p1b: Pelipper\n|turn|6\n|inactive|FizzKing has 30 seconds left.\n|\n|t:|1776270579\n|switch|p2a: Hydrapple|Hydrapple, L50, F|100/100\n|-ability|p2a: Hydrapple|Supersweet Syrup\n|-unboost|p1a: Tinkaton|evasion|1\n|-unboost|p1b: Pelipper|evasion|1\n|-enditem|p1a: Tinkaton|White Herb\n|-clearnegativeboost|p1a: Tinkaton|[silent]\n|move|p2b: Maushold|Population Bomb|p1b: Pelipper\n|-damage|p1b: Pelipper|84/100\n|-damage|p1b: Pelipper|66/100\n|-damage|p1b: Pelipper|46/100\n|-damage|p1b: Pelipper|30/100\n|-damage|p1b: Pelipper|13/100\n|-damage|p1b: Pelipper|0 fnt\n|faint|p1b: Pelipper\n|-hitcount|p1: Pelipper|6\n|move|p1a: Tinkaton|Knock Off|p2a: Hydrapple\n|-damage|p2a: Hydrapple|84/100\n|-enditem|p2a: Hydrapple|Sitrus Berry|[from] move: Knock Off|[of] p1a: Tinkaton\n|\n|-weather|RainDance|[upkeep]\n|upkeep\n|turn|7\n|inactive|FizzKing has 30 seconds left.\n|inactive|KennarDH has 30 seconds left.\n|\n|t:|1776270613\n|switch|p2b: Milotic|Milotic, L50, F|43/100\n|move|p1a: Tinkaton|Play Rough|p2a: Hydrapple\n|-supereffective|p2a: Hydrapple|1\n|-damage|p2a: Hydrapple|30/100\n|move|p2a: Hydrapple|Pollen Puff|p2b: Milotic\n|-heal|p2b: Milotic|93/100\n|\n|-weather|RainDance|[upkeep]\n|-heal|p2b: Milotic|99/100|[from] item: Leftovers\n|upkeep\n|turn|8\n|inactive|FizzKing has 30 seconds left.\n|\n|t:|1776270643\n|move|p1a: Tinkaton|Play Rough|p2a: Hydrapple\n|-supereffective|p2a: Hydrapple|1\n|-damage|p2a: Hydrapple|0 fnt\n|faint|p2a: Hydrapple\n|move|p2b: Milotic|Scald|p1a: Tinkaton\n|-damage|p1a: Tinkaton|45/100\n|\n|-weather|RainDance|[upkeep]\n|-heal|p2b: Milotic|100/100|[from] item: Leftovers\n|upkeep\n|\n|t:|1776270651\n|switch|p2a: Maushold|Maushold-Four, L50|8/100\n|turn|9\n|\n|t:|1776270660\n|move|p2a: Maushold|Population Bomb|p1a: Tinkaton\n|-resisted|p1a: Tinkaton|1\n|-damage|p1a: Tinkaton|38/100\n|-resisted|p1a: Tinkaton|1\n|-damage|p1a: Tinkaton|31/100\n|-resisted|p1a: Tinkaton|1\n|-damage|p1a: Tinkaton|23/100\n|-resisted|p1a: Tinkaton|1\n|-damage|p1a: Tinkaton|17/100\n|-resisted|p1a: Tinkaton|1\n|-damage|p1a: Tinkaton|11/100\n|-hitcount|p1a: Tinkaton|5\n|-enditem|p2a: Maushold|Silk Scarf|[silent]|[from] ability: Pickpocket|[of] p2a: Maushold\n|-item|p1a: Tinkaton|Silk Scarf|[from] ability: Pickpocket|[of] p2a: Maushold\n|move|p1a: Tinkaton|Play Rough|p2b: Milotic|[miss]\n|-miss|p1a: Tinkaton|p2b: Milotic\n|move|p2b: Milotic|Scald|p1a: Tinkaton\n|-damage|p1a: Tinkaton|0 fnt\n|faint|p1a: Tinkaton\n|\n|win|KennarDH\n|raw|FizzKing's rating: 1014 &rarr; <strong>1004</strong><br />(-10 for losing)\n|raw|KennarDH's rating: 1088 &rarr; <strong>1109</strong><br />(+21 for winning)\n",
  "uploadtime": 1776270679,
  "views": 17,
  "formatid": "gen9championsvgc2026regma",
  "rating": 1004,
  "private": 0,
  "password": null
}