{
  "id": "gen9championsvgc2026regma-2584721810",
  "format": "[Gen 9 Champions] VGC 2026 Reg M-A",
  "players": [
    "isabellissima",
    "KlawfRangoon"
  ],
  "log": "|j|\u2606isabellissima\n|j|\u2606KlawfRangoon\n|t:|1776279052\n|gametype|doubles\n|player|p1|isabellissima|2|1115\n|player|p2|KlawfRangoon|169|1094\n|gen|9\n|tier|[Gen 9 Champions] VGC 2026 Reg M-A\n|rated|\n|rule|Species Clause: Limit one of each Pok\u00e9mon\n|rule|Item Clause: Limit 1 of each item\n|clearpoke\n|poke|p1|Incineroar, L50, M|\n|poke|p1|Gengar, L50, F|\n|poke|p1|Sneasler, L50, F|\n|poke|p1|Maushold-Four, L50|\n|poke|p1|Kommo-o, L50, M|\n|poke|p1|Politoed, L50, M|\n|poke|p2|Raichu, L50, F|\n|poke|p2|Pelipper, L50, M|\n|poke|p2|Blastoise, L50, F|\n|poke|p2|Dragapult, L50, M|\n|poke|p2|Talonflame, L50, M|\n|poke|p2|Kleavor, L50, M|\n|teampreview|4\n|inactive|Battle timer is ON: inactive players will automatically lose when time's up. (requested by isabellissima)\n|inactive|isabellissima has 60 seconds left.\nKlawfRangoon rejected open team sheets.\n|inactive|isabellissima has 30 seconds left.\n|\n|t:|1776279134\n|teamsize|p1|4\n|teamsize|p2|4\n|start\n|switch|p1a: Incineroar|Incineroar, L50, M, shiny|100/100\n|switch|p1b: Gengar|Gengar, L50, F, shiny|100/100\n|switch|p2a: Pelipper|Pelipper, L50, M|100/100\n|switch|p2b: Talonflame|Talonflame, L50, M|100/100\n|-weather|RainDance|[from] ability: Drizzle|[of] p2a: Pelipper\n|-ability|p1a: Incineroar|Intimidate|boost\n|-unboost|p2a: Pelipper|atk|1\n|-unboost|p2b: Talonflame|atk|1\n|turn|1\n|\n|t:|1776279155\n|detailschange|p1b: Gengar|Gengar-Mega, L50, F, shiny\n|-mega|p1b: Gengar|Gengar|Gengarite\n|move|p2b: Talonflame|Quick Guard|p2b: Talonflame\n|-singleturn|p2b: Talonflame|Quick Guard\n|move|p1a: Incineroar|Fake Out|p2b: Talonflame\n|-activate|p2b: Talonflame|move: Quick Guard\n|move|p1b: Gengar|Perish Song|p1b: Gengar\n|-start|p1a: Incineroar|perish3|[silent]\n|-start|p1b: Gengar|perish3|[silent]\n|-start|p2a: Pelipper|perish3|[silent]\n|-start|p2b: Talonflame|perish3|[silent]\n|-fieldactivate|move: Perish Song\n|move|p2a: Pelipper|Tailwind|p2a: Pelipper\n|-sidestart|p2: KlawfRangoon|move: Tailwind\n|\n|-weather|RainDance|[upkeep]\n|-start|p2b: Talonflame|perish3\n|-start|p2a: Pelipper|perish3\n|-start|p1b: Gengar|perish3\n|-start|p1a: Incineroar|perish3\n|upkeep\n|turn|2\n|\n|t:|1776279180\n|move|p1b: Gengar|Protect|p1b: Gengar\n|-singleturn|p1b: Gengar|Protect\n|move|p1a: Incineroar|Protect|p1a: Incineroar\n|-singleturn|p1a: Incineroar|Protect\n|move|p2b: Talonflame|Taunt|p1b: Gengar\n|-activate|p1b: Gengar|move: Protect\n|move|p2a: Pelipper|Weather Ball|p1a: Incineroar\n|-activate|p1a: Incineroar|move: Protect\n|\n|-weather|RainDance|[upkeep]\n|-start|p2b: Talonflame|perish2\n|-start|p2a: Pelipper|perish2\n|-start|p1b: Gengar|perish2\n|-start|p1a: Incineroar|perish2\n|upkeep\n|turn|3\n|\n|t:|1776279205\n|switch|p1b: Kommo-o|Kommo-o, L50, M, shiny|100/100\n|move|p2b: Talonflame|Dual Wingbeat|p1b: Kommo-o\n|-supereffective|p1b: Kommo-o|1\n|-damage|p1b: Kommo-o|81/100\n|-supereffective|p1b: Kommo-o|1\n|-damage|p1b: Kommo-o|64/100\n|-hitcount|p1b: Kommo-o|2\n|move|p2a: Pelipper|Weather Ball|p1a: Incineroar\n|-supereffective|p1a: Incineroar|1\n|-damage|p1a: Incineroar|11/100\n|-enditem|p1a: Incineroar|Sitrus Berry|[eat]\n|-heal|p1a: Incineroar|36/100|[from] item: Sitrus Berry\n|move|p1a: Incineroar|Parting Shot|p2a: Pelipper\n|-unboost|p2a: Pelipper|atk|1\n|-unboost|p2a: Pelipper|spa|1\n|\n|t:|1776279219\n|switch|p1a: Gengar|Gengar-Mega, L50, F, shiny|100/100|[from] Parting Shot\n|\n|-weather|RainDance|[upkeep]\n|-start|p2b: Talonflame|perish1\n|-start|p2a: Pelipper|perish1\n|upkeep\n|turn|4\n|\n|t:|1776279234\n|move|p1a: Gengar|Protect|p1a: Gengar\n|-singleturn|p1a: Gengar|Protect\n|move|p1b: Kommo-o|Protect|p1b: Kommo-o\n|-singleturn|p1b: Kommo-o|Protect\n|move|p2b: Talonflame|Dual Wingbeat|p1b: Kommo-o\n|-activate|p1b: Kommo-o|move: Protect\n|move|p2a: Pelipper|Hurricane|p1b: Kommo-o\n|-activate|p1b: Kommo-o|move: Protect\n|\n|-weather|RainDance|[upkeep]\n|-start|p2b: Talonflame|perish0\n|-start|p2a: Pelipper|perish0\n|-sideend|p2: KlawfRangoon|move: Tailwind\n|faint|p2b: Talonflame\n|faint|p2a: Pelipper\n|upkeep\n|\n|t:|1776279248\n|switch|p2b: Blastoise|Blastoise, L50, F|100/100\n|switch|p2a: Dragapult|Dragapult, L50, M|100/100\n|turn|5\n|inactive|isabellissima has 30 seconds left.\n|\n|t:|1776279280\n|detailschange|p2b: Blastoise|Blastoise-Mega, L50, F\n|-mega|p2b: Blastoise|Blastoise|Blastoisinite\n|move|p2a: Dragapult|Shadow Ball|p1a: Gengar\n|-supereffective|p1a: Gengar|1\n|-damage|p1a: Gengar|27/100\n|move|p1a: Gengar|Shadow Ball|p2a: Dragapult\n|-supereffective|p2a: Dragapult|1\n|-crit|p2a: Dragapult\n|-enditem|p2a: Dragapult|Focus Sash\n|-damage|p2a: Dragapult|1/100\n|move|p2b: Blastoise|Ice Beam|p1b: Kommo-o\n|-supereffective|p1b: Kommo-o|1\n|-damage|p1b: Kommo-o|0 fnt\n|faint|p1b: Kommo-o\n|\n|-weather|none\n|upkeep\n|\n|t:|1776279294\n|switch|p1b: Incineroar|Incineroar, L50, M, shiny|36/100\n|-ability|p1b: Incineroar|Intimidate|boost\n|-unboost|p2a: Dragapult|atk|1\n|-unboost|p2b: Blastoise|atk|1\n|turn|6\n|\n|t:|1776279309\n|move|p1b: Incineroar|Fake Out|p2b: Blastoise\n|-damage|p2b: Blastoise|89/100\n|move|p2a: Dragapult|Shadow Ball|p1a: Gengar\n|-supereffective|p1a: Gengar|1\n|-damage|p1a: Gengar|0 fnt\n|faint|p1a: Gengar\n|cant|p2b: Blastoise|flinch\n|\n|upkeep\n|\n|t:|1776279315\n|switch|p1a: Sneasler|Sneasler, L50, F|100/100\n|turn|7\n|\n|t:|1776279332\n|move|p1a: Sneasler|Fake Out|p2b: Blastoise\n|-damage|p2b: Blastoise|74/100\n|move|p2a: Dragapult|Draco Meteor|p1a: Sneasler\n|-damage|p1a: Sneasler|24/100\n|-unboost|p2a: Dragapult|spa|2\n|cant|p2b: Blastoise|flinch\n|move|p1b: Incineroar|Throat Chop|p2a: Dragapult\n|-supereffective|p2a: Dragapult|1\n|-damage|p2a: Dragapult|0 fnt\n|faint|p2a: Dragapult\n|\n|upkeep\n|turn|8\n|\n|t:|1776279349\n|move|p1a: Sneasler|Close Combat|p2b: Blastoise\n|-damage|p2b: Blastoise|6/100\n|-unboost|p1a: Sneasler|def|1\n|-unboost|p1a: Sneasler|spd|1\n|-enditem|p1a: Sneasler|White Herb\n|-clearnegativeboost|p1a: Sneasler|[silent]\n|move|p2b: Blastoise|Surf|p1a: Sneasler|[spread] p1a,p1b\n|-supereffective|p1b: Incineroar|1\n|-damage|p1a: Sneasler|0 fnt\n|-damage|p1b: Incineroar|0 fnt\n|faint|p1a: Sneasler\n|faint|p1b: Incineroar\n|\n|win|KlawfRangoon\n|raw|isabellissima's rating: 1115 &rarr; <strong>1088</strong><br />(-27 for losing)\n|raw|KlawfRangoon's rating: 1094 &rarr; <strong>1121</strong><br />(+27 for winning)\n",
  "uploadtime": 1776279357,
  "views": 44,
  "formatid": "gen9championsvgc2026regma",
  "rating": 1088,
  "private": 0,
  "password": null
}