{
  "id": "gen9championsvgc2026regma-2587617968",
  "format": "[Gen 9 Champions] VGC 2026 Reg M-A",
  "players": [
    "Croking",
    "sirae"
  ],
  "log": "|j|\u2606Croking\n|j|\u2606sirae\n|t:|1776547421\n|gametype|doubles\n|player|p1|Croking|1|1132\n|player|p2|sirae|caitlin|1154\n|gen|9\n|tier|[Gen 9 Champions] VGC 2026 Reg M-A\n|rated|\n|rule|Species Clause: Limit one of each Pok\u00e9mon\n|rule|Item Clause: Limit 1 of each item\n|clearpoke\n|poke|p1|Tyranitar, L50, F|\n|poke|p1|Meganium, L50, M|\n|poke|p1|Incineroar, L50, F|\n|poke|p1|Aerodactyl, L50, F|\n|poke|p1|Milotic, L50, M|\n|poke|p1|Aegislash, L50, F|\n|poke|p2|Feraligatr, L50, F|\n|poke|p2|Farigiraf, L50, F|\n|poke|p2|Aegislash, L50, F|\n|poke|p2|Incineroar, L50, F|\n|poke|p2|Toxicroak, L50, F|\n|poke|p2|Sylveon, L50, F|\n|teampreview|4\n|inactive|Battle timer is ON: inactive players will automatically lose when time's up. (requested by Croking)\n|inactive|sirae also wants the timer to be on.\n|inactive|sirae has 60 seconds left.\n|\n|t:|1776547461\n|teamsize|p1|4\n|teamsize|p2|4\n|start\n|switch|p1a: Aerodactyl|Aerodactyl, L50, F|100/100\n|switch|p1b: Aegislash|Aegislash, L50, F|100/100\n|switch|p2a: Toxicroak|Toxicroak, L50, F|100/100\n|switch|p2b: Aegislash|Aegislash, L50, F|100/100\n|-ability|p1a: Aerodactyl|Unnerve\n|turn|1\n|\n|t:|1776547484\n|move|p1a: Aerodactyl|Protect|p1a: Aerodactyl\n|-singleturn|p1a: Aerodactyl|Protect\n|move|p2a: Toxicroak|Fake Out|p1a: Aerodactyl\n|-activate|p1a: Aerodactyl|move: Protect\n|-formechange|p1b: Aegislash|Aegislash-Blade|\n|move|p1b: Aegislash|Poltergeist|p2b: Aegislash\n|-activate|p2b: Aegislash|move: Poltergeist|Spell Tag\n|-supereffective|p2b: Aegislash|1\n|-damage|p2b: Aegislash|13/100\n|-formechange|p2b: Aegislash|Aegislash-Blade|\n|move|p2b: Aegislash|Flash Cannon|p1a: Aerodactyl\n|-activate|p1a: Aerodactyl|move: Protect\n|\n|upkeep\n|turn|2\n|\n|t:|1776547502\n|-formechange|p2b: Aegislash|Aegislash|\n|move|p2b: Aegislash|King's Shield|p2b: Aegislash\n|-singleturn|p2b: Aegislash|Protect\n|move|p1a: Aerodactyl|Tailwind|p1a: Aerodactyl\n|-sidestart|p1: Croking|move: Tailwind\n|move|p1b: Aegislash|Poltergeist|p2b: Aegislash\n|-activate|p2b: Aegislash|move: Protect\n|move|p2a: Toxicroak|Super Fang|p1a: Aerodactyl\n|-damage|p1a: Aerodactyl|51/100\n|\n|upkeep\n|turn|3\n|\n|t:|1776547522\n|switch|p2b: Incineroar|Incineroar, L50, F|100/100\n|-ability|p2b: Incineroar|Intimidate|boost\n|-unboost|p1a: Aerodactyl|atk|1\n|-unboost|p1b: Aegislash|atk|1\n|move|p1a: Aerodactyl|Dual Wingbeat|p2a: Toxicroak\n|-supereffective|p2a: Toxicroak|1\n|-damage|p2a: Toxicroak|74/100\n|-supereffective|p2a: Toxicroak|1\n|-damage|p2a: Toxicroak|50/100\n|-hitcount|p2a: Toxicroak|2\n|move|p1b: Aegislash|Poltergeist|p2b: Incineroar\n|-activate|p2b: Incineroar|move: Poltergeist|Sitrus Berry\n|-resisted|p2b: Incineroar|1\n|-damage|p2b: Incineroar|80/100\n|move|p2a: Toxicroak|Coaching|p2b: Incineroar\n|-boost|p2b: Incineroar|atk|1\n|-boost|p2b: Incineroar|def|1\n|\n|upkeep\n|turn|4\n|inactive|Croking has 30 seconds left.\n|inactive|sirae has 30 seconds left.\n|\n|t:|1776547555\n|move|p1a: Aerodactyl|Protect|p1a: Aerodactyl\n|-singleturn|p1a: Aerodactyl|Protect\n|-formechange|p1b: Aegislash|Aegislash|\n|move|p1b: Aegislash|King's Shield|p1b: Aegislash\n|-singleturn|p1b: Aegislash|Protect\n|move|p2b: Incineroar|Fake Out|p1a: Aerodactyl\n|-activate|p1a: Aerodactyl|move: Protect\n|move|p2a: Toxicroak|Coaching|p2b: Incineroar\n|-boost|p2b: Incineroar|atk|1\n|-boost|p2b: Incineroar|def|1\n|\n|upkeep\n|turn|5\n|\n|t:|1776547565\n|move|p1a: Aerodactyl|Rock Slide|p2b: Incineroar|[spread] p2a,p2b\n|-resisted|p2a: Toxicroak|1\n|-supereffective|p2b: Incineroar|1\n|-damage|p2a: Toxicroak|41/100\n|-damage|p2b: Incineroar|63/100\n|-formechange|p1b: Aegislash|Aegislash-Blade|\n|move|p1b: Aegislash|Sacred Sword|p2b: Incineroar\n|-supereffective|p2b: Incineroar|1\n|-damage|p2b: Incineroar|25/100\n|cant|p2a: Toxicroak|flinch\n|move|p2b: Incineroar|Darkest Lariat|p1b: Aegislash\n|-supereffective|p1b: Aegislash|1\n|-damage|p1b: Aegislash|0 fnt\n|faint|p1b: Aegislash\n|\n|-sideend|p1: Croking|move: Tailwind\n|upkeep\n|\n|t:|1776547578\n|switch|p1b: Tyranitar|Tyranitar, L50, F|100/100\n|-weather|Sandstorm|[from] ability: Sand Stream|[of] p1b: Tyranitar\n|turn|6\n|\n|t:|1776547596\n|move|p2a: Toxicroak|Protect|p2a: Toxicroak\n|-singleturn|p2a: Toxicroak|Protect\n|move|p1a: Aerodactyl|Tailwind|p1a: Aerodactyl\n|-sidestart|p1: Croking|move: Tailwind\n|move|p1b: Tyranitar|Low Kick|p2b: Incineroar\n|-supereffective|p2b: Incineroar|1\n|-damage|p2b: Incineroar|0 fnt\n|faint|p2b: Incineroar\n|\n|-weather|Sandstorm|[upkeep]\n|-damage|p2a: Toxicroak|35/100|[from] Sandstorm\n|upkeep\n|\n|t:|1776547604\n|switch|p2b: Feraligatr|Feraligatr, L50, F|100/100\n|turn|7\n|\n|t:|1776547610\n|switch|p1b: Meganium|Meganium, L50, M|100/100\n|detailschange|p2b: Feraligatr|Feraligatr-Mega, L50, F\n|-mega|p2b: Feraligatr|Feraligatr|Feraligite\n|move|p2b: Feraligatr|Aqua Jet|p1a: Aerodactyl\n|-supereffective|p1a: Aerodactyl|1\n|-damage|p1a: Aerodactyl|0 fnt\n|faint|p1a: Aerodactyl\n|move|p2a: Toxicroak|Coaching|p2b: Feraligatr\n|-boost|p2b: Feraligatr|atk|1\n|-boost|p2b: Feraligatr|def|1\n|\n|-weather|Sandstorm|[upkeep]\n|-damage|p1b: Meganium|95/100|[from] Sandstorm\n|-damage|p2a: Toxicroak|30/100|[from] Sandstorm\n|-damage|p2b: Feraligatr|95/100|[from] Sandstorm\n|upkeep\n|\n|t:|1776547616\n|switch|p1a: Tyranitar|Tyranitar, L50, F|100/100\n|turn|8\n|l|\u2606sirae\n|inactive|sirae disconnected and has a minute to reconnect!\n|player|p2|\n|j|\u2606sirae\n|inactive|sirae reconnected and has 40 seconds left.\n|player|p2|sirae|caitlin|\n|inactive|sirae has 30 seconds left.\n|inactive|Croking has 30 seconds left.\n|\n|t:|1776547651\n|switch|p2a: Aegislash|Aegislash, L50, F|13/100\n|detailschange|p1b: Meganium|Meganium-Mega, L50, M\n|-mega|p1b: Meganium|Meganium|Meganiumite\n|move|p2b: Feraligatr|Protect|p2b: Feraligatr\n|-singleturn|p2b: Feraligatr|Protect\n|move|p1a: Tyranitar|Crunch|p2b: Feraligatr\n|-activate|p2b: Feraligatr|move: Protect\n|move|p1b: Meganium|Dazzling Gleam|p2b: Feraligatr|[spread] p2a\n|-activate|p2b: Feraligatr|move: Protect\n|-resisted|p2a: Aegislash|1\n|-damage|p2a: Aegislash|0 fnt\n|faint|p2a: Aegislash\n|\n|-weather|Sandstorm|[upkeep]\n|-damage|p1b: Meganium|89/100|[from] Sandstorm\n|-damage|p2b: Feraligatr|89/100|[from] Sandstorm\n|upkeep\n|\n|t:|1776547666\n|switch|p2a: Toxicroak|Toxicroak, L50, F|30/100\n|turn|9\n|\n|t:|1776547674\n|move|p1b: Meganium|Protect|p1b: Meganium\n|-singleturn|p1b: Meganium|Protect\n|move|p2a: Toxicroak|Fake Out|p1b: Meganium\n|-activate|p1b: Meganium|move: Protect\n|move|p1a: Tyranitar|Crunch|p2a: Toxicroak\n|-resisted|p2a: Toxicroak|1\n|-damage|p2a: Toxicroak|7/100\n|-unboost|p2a: Toxicroak|def|1\n|move|p2b: Feraligatr|Liquidation|p1a: Tyranitar\n|-supereffective|p1a: Tyranitar|1\n|-damage|p1a: Tyranitar|0 fnt\n|faint|p1a: Tyranitar\n|\n|-weather|Sandstorm|[upkeep]\n|-damage|p1b: Meganium|83/100|[from] Sandstorm\n|-damage|p2a: Toxicroak|2/100|[from] Sandstorm\n|-damage|p2b: Feraligatr|83/100|[from] Sandstorm\n|-sideend|p1: Croking|move: Tailwind\n|upkeep\n|turn|10\n|\n|t:|1776547697\n|move|p2b: Feraligatr|Protect|p2b: Feraligatr\n|-singleturn|p2b: Feraligatr|Protect\n|move|p2a: Toxicroak|Super Fang|p1b: Meganium\n|-damage|p1b: Meganium|42/100\n|move|p1b: Meganium|Dazzling Gleam|p2a: Toxicroak|[spread] p2a\n|-activate|p2b: Feraligatr|move: Protect\n|-damage|p2a: Toxicroak|0 fnt\n|faint|p2a: Toxicroak\n|\n|-weather|none\n|upkeep\n|turn|11\n|\n|t:|1776547713\n|move|p1b: Meganium|Dazzling Gleam|p2b: Feraligatr\n|-supereffective|p2b: Feraligatr|1\n|-damage|p2b: Feraligatr|6/100\n|move|p2b: Feraligatr|Liquidation|p1b: Meganium\n|-resisted|p1b: Meganium|1\n|-damage|p1b: Meganium|10/100\n|\n|upkeep\n|turn|12\n|\n|t:|1776547722\n|move|p2b: Feraligatr|Aqua Jet|p1b: Meganium\n|-resisted|p1b: Meganium|1\n|-damage|p1b: Meganium|0 fnt\n|faint|p1b: Meganium\n|\n|win|sirae\n|raw|Croking's rating: 1132 &rarr; <strong>1109</strong><br />(-23 for losing)\n|raw|sirae's rating: 1154 &rarr; <strong>1177</strong><br />(+23 for winning)\n|l|\u2606Croking\n|player|p1|\n",
  "uploadtime": 1776547728,
  "views": 18,
  "formatid": "gen9championsvgc2026regma",
  "rating": 1109,
  "private": 0,
  "password": null
}