{
  "id": "gen9championsvgc2026regma-2585648346",
  "format": "[Gen 9 Champions] VGC 2026 Reg M-A",
  "players": [
    "Oscarm92",
    "fariinha_"
  ],
  "log": "|j|\u2606Oscarm92\n|j|\u2606fariinha_\n|t:|1776361144\n|gametype|doubles\n|player|p1|Oscarm92|169|1190\n|player|p2|fariinha_|baker|1218\n|gen|9\n|tier|[Gen 9 Champions] VGC 2026 Reg M-A\n|rated|\n|rule|Species Clause: Limit one of each Pok\u00e9mon\n|rule|Item Clause: Limit 1 of each item\n|clearpoke\n|poke|p1|Dragapult, L50, M|\n|poke|p1|Charizard, L50, M|\n|poke|p1|Garchomp, L50, F|\n|poke|p1|Kingambit, L50, M|\n|poke|p1|Sneasler, L50, M|\n|poke|p1|Incineroar, L50, F|\n|poke|p2|Aggron, L50, F|\n|poke|p2|Incineroar, L50, F|\n|poke|p2|Pelipper, L50, F|\n|poke|p2|Sinistcha, L50|\n|poke|p2|Meganium, L50, F|\n|poke|p2|Aerodactyl, L50, M|\n|teampreview|4\n|\n|t:|1776361190\n|teamsize|p1|4\n|teamsize|p2|4\n|start\n|switch|p1a: Sneasler|Sneasler, L50, M|100/100\n|switch|p1b: Garchomp|Garchomp, L50, F, shiny|100/100\n|switch|p2a: Pelipper|Pelipper, L50, F|100/100\n|switch|p2b: Aggron|Aggron, L50, F|100/100\n|-weather|RainDance|[from] ability: Drizzle|[of] p2a: Pelipper\n|turn|1\n|\n|t:|1776361207\n|detailschange|p2b: Aggron|Aggron-Mega, L50, F\n|-mega|p2b: Aggron|Aggron|Aggronite\n|move|p1a: Sneasler|Fake Out|p2a: Pelipper\n|-damage|p2a: Pelipper|86/100\n|cant|p2a: Pelipper|flinch\n|move|p1b: Garchomp|Stone Edge|p2a: Pelipper\n|-supereffective|p2a: Pelipper|1\n|-damage|p2a: Pelipper|12/100\n|move|p2b: Aggron|Iron Defense|p2b: Aggron\n|-boost|p2b: Aggron|def|2\n|\n|-weather|RainDance|[upkeep]\n|-heal|p2a: Pelipper|18/100|[from] item: Leftovers\n|upkeep\n|turn|2\n|\n|t:|1776361243\n|switch|p1b: Charizard|Charizard, L50, M, shiny|100/100\n|switch|p2a: Incineroar|Incineroar, L50, F|100/100\n|-ability|p2a: Incineroar|Intimidate|boost\n|-unboost|p1a: Sneasler|atk|1\n|-unboost|p1b: Charizard|atk|1\n|move|p1a: Sneasler|Feint|p2a: Incineroar\n|-damage|p2a: Incineroar|94/100\n|move|p2b: Aggron|Iron Defense|p2b: Aggron\n|-boost|p2b: Aggron|def|2\n|\n|-weather|RainDance|[upkeep]\n|upkeep\n|turn|3\n|\n|t:|1776361284\n|detailschange|p1b: Charizard|Charizard-Mega-Y, L50, M, shiny\n|-mega|p1b: Charizard|Charizard|Charizardite Y\n|-weather|SunnyDay|[from] ability: Drought|[of] p1b: Charizard\n|move|p2a: Incineroar|Fake Out|p1b: Charizard\n|-damage|p1b: Charizard|85/100\n|move|p1a: Sneasler|Close Combat|p2b: Aggron\n|-supereffective|p2b: Aggron|1\n|-damage|p2b: Aggron|90/100\n|-unboost|p1a: Sneasler|def|1\n|-unboost|p1a: Sneasler|spd|1\n|cant|p1b: Charizard|flinch\n|move|p2b: Aggron|Body Press|p1a: Sneasler\n|-resisted|p1a: Sneasler|1\n|-enditem|p1a: Sneasler|Focus Sash\n|-damage|p1a: Sneasler|1/100\n|\n|-weather|SunnyDay|[upkeep]\n|upkeep\n|turn|4\n|\n|t:|1776361302\n|move|p2b: Aggron|Protect|p2b: Aggron\n|-singleturn|p2b: Aggron|Protect\n|move|p1a: Sneasler|Close Combat|p2a: Incineroar\n|-supereffective|p2a: Incineroar|1\n|-damage|p2a: Incineroar|10/100\n|-unboost|p1a: Sneasler|def|1\n|-unboost|p1a: Sneasler|spd|1\n|-enditem|p2a: Incineroar|Sitrus Berry|[eat]\n|-heal|p2a: Incineroar|35/100|[from] item: Sitrus Berry\n|move|p1b: Charizard|Overheat|p2b: Aggron\n|-activate|p2b: Aggron|move: Protect\n|move|p2a: Incineroar|Snarl|p1b: Charizard|[spread] p1a,p1b\n|-resisted|p1a: Sneasler|1\n|-damage|p1a: Sneasler|0 fnt\n|-damage|p1b: Charizard|74/100\n|-unboost|p1b: Charizard|spa|1\n|faint|p1a: Sneasler\n|\n|-weather|SunnyDay|[upkeep]\n|upkeep\n|\n|t:|1776361309\n|switch|p1a: Garchomp|Garchomp, L50, F, shiny|100/100\n|turn|5\n|\n|t:|1776361325\n|switch|p2a: Pelipper|Pelipper, L50, F|18/100\n|-weather|RainDance|[from] ability: Drizzle|[of] p2a: Pelipper\n|move|p1a: Garchomp|Brick Break|p2b: Aggron\n|-supereffective|p2b: Aggron|1\n|-damage|p2b: Aggron|82/100\n|move|p1b: Charizard|Heat Wave|p2a: Pelipper|[spread] p2a,p2b\n|-resisted|p2a: Pelipper|1\n|-supereffective|p2b: Aggron|1\n|-damage|p2a: Pelipper|9/100\n|-damage|p2b: Aggron|62/100\n|move|p2b: Aggron|Body Press|p1b: Charizard\n|-resisted|p1b: Charizard|1\n|-damage|p1b: Charizard|0 fnt\n|faint|p1b: Charizard\n|\n|-weather|RainDance|[upkeep]\n|-heal|p2a: Pelipper|15/100|[from] item: Leftovers\n|upkeep\n|\n|t:|1776361331\n|switch|p1b: Dragapult|Dragapult, L50, M, shiny|100/100\n|turn|6\n|\n|t:|1776361349\n|switch|p2a: Sinistcha|Sinistcha, L50|100/100\n|-heal|p2b: Aggron|87/100|[from] ability: Hospitality|[of] p2a: Sinistcha\n|move|p1a: Garchomp|Brick Break|p2b: Aggron\n|-supereffective|p2b: Aggron|1\n|-damage|p2b: Aggron|80/100\n|move|p1b: Dragapult|Thunder|p2a: Sinistcha\n|-resisted|p2a: Sinistcha|1\n|-damage|p2a: Sinistcha|85/100\n|move|p2b: Aggron|Body Press|p1a: Garchomp\n|-damage|p1a: Garchomp|0 fnt\n|-damage|p2b: Aggron|68/100|[from] ability: Rough Skin|[of] p1a: Garchomp\n|faint|p1a: Garchomp\n|\n|-weather|RainDance|[upkeep]\n|upkeep\n|turn|7\n|c|\u2606Oscarm92|priobo de mierd\n|\n|t:|1776361366\n|move|p1b: Dragapult|Shadow Ball|p2a: Sinistcha\n|-supereffective|p2a: Sinistcha|1\n|-damage|p2a: Sinistcha|16/100\n|move|p2a: Sinistcha|Life Dew|p2a: Sinistcha|[spread] p2a,p2b\n|-heal|p2a: Sinistcha|40/100\n|-heal|p2b: Aggron|93/100\n|move|p2b: Aggron|Iron Defense|p2b: Aggron\n|-boost|p2b: Aggron|def|2\n|\n|-weather|RainDance|[upkeep]\n|upkeep\n|turn|8\n|\n|t:|1776361376\n|switch|p2a: Incineroar|Incineroar, L50, F|35/100\n|-ability|p2a: Incineroar|Intimidate|boost\n|-fail|p1b: Dragapult|unboost|[from] ability: Clear Body|[of] p1b: Dragapult\n|move|p1b: Dragapult|Shadow Ball|p2a: Incineroar\n|-resisted|p2a: Incineroar|1\n|-damage|p2a: Incineroar|19/100\n|move|p2b: Aggron|Heavy Slam|p1b: Dragapult\n|-damage|p1b: Dragapult|13/100\n|\n|-weather|RainDance|[upkeep]\n|upkeep\n|turn|9\n|\n|t:|1776361389\n|move|p1b: Dragapult|Shadow Ball|p2a: Incineroar\n|-resisted|p2a: Incineroar|1\n|-damage|p2a: Incineroar|4/100\n|-unboost|p2a: Incineroar|spd|1\n|move|p2a: Incineroar|Snarl|p1b: Dragapult|[miss]\n|-miss|p2a: Incineroar|p1b: Dragapult\n|move|p2b: Aggron|Iron Defense|p2b: Aggron\n|-boost|p2b: Aggron|def|0\n|\n|-weather|none\n|upkeep\n|turn|10\n|c|\u2606fariinha_|priobo?\n|\n|t:|1776361410\n|move|p1b: Dragapult|Will-O-Wisp|p2b: Aggron\n|-status|p2b: Aggron|brn\n|move|p2a: Incineroar|Snarl|p1b: Dragapult\n|-supereffective|p1b: Dragapult|1\n|-damage|p1b: Dragapult|0 fnt\n|faint|p1b: Dragapult\n|\n|win|fariinha_\n|raw|Oscarm92's rating: 1190 &rarr; <strong>1167</strong><br />(-23 for losing)\n|raw|fariinha_'s rating: 1218 &rarr; <strong>1241</strong><br />(+23 for winning)\n|l|\u2606Oscarm92\n|player|p1|\n",
  "uploadtime": 1776361423,
  "views": 21,
  "formatid": "gen9championsvgc2026regma",
  "rating": 1167,
  "private": 0,
  "password": null
}