{
  "id": "gen9championsvgc2026regma-2584849201",
  "format": "[Gen 9 Champions] VGC 2026 Reg M-A",
  "players": [
    "ToTo rabach",
    "IcarusIsBestGirl"
  ],
  "log": "|j|\u2606ToTo rabach\n|j|\u2606IcarusIsBestGirl\n|t:|1776288462\n|gametype|doubles\n|player|p1|ToTo rabach|steven|1077\n|player|p2|IcarusIsBestGirl|yellow|1130\n|gen|9\n|tier|[Gen 9 Champions] VGC 2026 Reg M-A\n|rated|\n|rule|Species Clause: Limit one of each Pok\u00e9mon\n|rule|Item Clause: Limit 1 of each item\n|clearpoke\n|poke|p1|Blastoise, L50, M|\n|poke|p1|Sinistcha, L50|\n|poke|p1|Medicham, L50, M|\n|poke|p1|Corviknight, L50, F|\n|poke|p1|Gengar, L50, F|\n|poke|p1|Garchomp, L50, M|\n|poke|p2|Froslass, L50, F|\n|poke|p2|Kingambit, L50, M|\n|poke|p2|Clefable, L50, F|\n|poke|p2|Sneasler, L50, M|\n|poke|p2|Rotom-Wash, L50|\n|poke|p2|Garchomp, L50, M|\n|teampreview|4\n|inactive|Battle timer is ON: inactive players will automatically lose when time's up. (requested by IcarusIsBestGirl)\nIcarusIsBestGirl rejected open team sheets.\n|\n|t:|1776288490\n|teamsize|p1|4\n|teamsize|p2|4\n|start\n|switch|p1a: Blastoise|Blastoise, L50, M|100/100\n|switch|p1b: Sinistcha|Sinistcha, L50|100/100\n|switch|p2a: thing japan|Froslass, L50, F, shiny|100/100\n|switch|p2b: The Drink|Rotom-Wash, L50|100/100\n|turn|1\n|\n|t:|1776288507\n|detailschange|p2a: thing japan|Froslass-Mega, L50, F, shiny\n|-mega|p2a: thing japan|Froslass|Froslassite\n|-weather|Snowscape|[from] ability: Snow Warning|[of] p2a: thing japan\n|detailschange|p1a: Blastoise|Blastoise-Mega, L50, M\n|-mega|p1a: Blastoise|Blastoise|Blastoisinite\n|move|p2a: thing japan|Aurora Veil|p2a: thing japan\n|-sidestart|p2: IcarusIsBestGirl|move: Aurora Veil\n|move|p2b: The Drink|Thunderbolt|p1a: Blastoise\n|-supereffective|p1a: Blastoise|1\n|-crit|p1a: Blastoise\n|-damage|p1a: Blastoise|19/100\n|-status|p1a: Blastoise|par\n|cant|p1a: Blastoise|par\n|move|p1b: Sinistcha|Trick Room|p1b: Sinistcha\n|-fieldstart|move: Trick Room|[of] p1b: Sinistcha\n|\n|-weather|Snowscape|[upkeep]\n|upkeep\n|turn|2\n|\n|t:|1776288531\n|move|p1a: Blastoise|Dark Pulse|p2a: thing japan\n|-supereffective|p2a: thing japan|1\n|-damage|p2a: thing japan|48/100\n|move|p1b: Sinistcha|Matcha Gotcha|p2b: The Drink|[spread] p2a,p2b\n|-supereffective|p2b: The Drink|1\n|-damage|p2a: thing japan|32/100\n|-damage|p2b: The Drink|61/100\n|-status|p2b: The Drink|brn\n|move|p2b: The Drink|Thunderbolt|p1a: Blastoise\n|-supereffective|p1a: Blastoise|1\n|-damage|p1a: Blastoise|0 fnt\n|faint|p1a: Blastoise\n|move|p2a: thing japan|Blizzard|p1b: Sinistcha\n|-supereffective|p1b: Sinistcha|1\n|-damage|p1b: Sinistcha|0 fnt\n|faint|p1b: Sinistcha\n|\n|-weather|Snowscape|[upkeep]\n|-heal|p2b: The Drink|67/100 brn|[from] item: Leftovers\n|-damage|p2b: The Drink|61/100 brn|[from] brn\n|upkeep\n|\n|t:|1776288545\n|switch|p1b: Garchomp|Garchomp, L50, M|100/100\n|switch|p1a: Corviknight|Corviknight, L50, F|100/100\n|turn|3\n|inactive|ToTo rabach has 30 seconds left.\n|\n|t:|1776288578\n|move|p2a: thing japan|Protect|p2a: thing japan\n|-singleturn|p2a: thing japan|Protect\n|move|p1a: Corviknight|Bulk Up|p1a: Corviknight\n|-boost|p1a: Corviknight|atk|1\n|-boost|p1a: Corviknight|def|1\n|move|p2b: The Drink|Will-O-Wisp|p1b: Garchomp\n|-status|p1b: Garchomp|brn\n|move|p1b: Garchomp|Dragon Claw|p2a: thing japan\n|-activate|p2a: thing japan|move: Protect\n|\n|-weather|Snowscape|[upkeep]\n|-heal|p2b: The Drink|67/100 brn|[from] item: Leftovers\n|-damage|p2b: The Drink|61/100 brn|[from] brn\n|-damage|p1b: Garchomp|95/100 brn|[from] brn\n|upkeep\n|turn|4\n|\n|t:|1776288592\n|switch|p2a: Dark Blue Moon|Kingambit, L50, M, shiny|100/100\n|move|p1a: Corviknight|Brave Bird|p2a: Dark Blue Moon\n|-resisted|p2a: Dark Blue Moon|1\n|-damage|p2a: Dark Blue Moon|86/100\n|-damage|p1a: Corviknight|95/100|[from] Recoil\n|move|p2b: The Drink|Will-O-Wisp|p1a: Corviknight\n|-status|p1a: Corviknight|brn\n|move|p1b: Garchomp|Dragon Claw|p2b: The Drink\n|-damage|p2b: The Drink|46/100 brn\n|\n|-weather|Snowscape|[upkeep]\n|-heal|p2b: The Drink|52/100 brn|[from] item: Leftovers\n|-damage|p1a: Corviknight|89/100 brn|[from] brn\n|-damage|p2b: The Drink|46/100 brn|[from] brn\n|-damage|p1b: Garchomp|89/100 brn|[from] brn\n|upkeep\n|turn|5\n|-message|ToTo rabach forfeited.\n|\n|win|IcarusIsBestGirl\n|raw|ToTo rabach's rating: 1077 &rarr; <strong>1059</strong><br />(-18 for losing)\n|raw|IcarusIsBestGirl's rating: 1130 &rarr; <strong>1151</strong><br />(+21 for winning)\n|l|\u2606ToTo rabach\n|player|p1|\n",
  "uploadtime": 1776288614,
  "views": 19,
  "formatid": "gen9championsvgc2026regma",
  "rating": 1059,
  "private": 0,
  "password": null
}