{
  "id": "gen9championsvgc2026regma-2588222261",
  "format": "[Gen 9 Champions] VGC 2026 Reg M-A",
  "players": [
    "Tunderboltz",
    "bradipp"
  ],
  "log": "|j|\u2606Tunderboltz\n|j|\u2606bradipp\n|t:|1776615715\n|gametype|doubles\n|player|p1|Tunderboltz|drayton|1200\n|player|p2|bradipp|266|1293\n|gen|9\n|tier|[Gen 9 Champions] VGC 2026 Reg M-A\n|rated|\n|rule|Species Clause: Limit one of each Pok\u00e9mon\n|rule|Item Clause: Limit 1 of each item\n|clearpoke\n|poke|p1|Garchomp, L50, M|\n|poke|p1|Aegislash, L50, M, shiny|\n|poke|p1|Pelipper, L50, M|\n|poke|p1|Archaludon, L50, M|\n|poke|p1|Greninja, L50, F, shiny|\n|poke|p1|Lopunny, L50, F|\n|poke|p2|Torkoal, L50, F|\n|poke|p2|Venusaur, L50, F|\n|poke|p2|Crabominable, L50, M|\n|poke|p2|Rotom-Wash, L50|\n|poke|p2|Trevenant, L50, F|\n|poke|p2|Incineroar, L50, M|\n|teampreview|4\n|inactive|Battle timer is ON: inactive players will automatically lose when time's up. (requested by Tunderboltz)\n|\n|t:|1776615730\n|teamsize|p1|4\n|teamsize|p2|4\n|start\n|switch|p1a: Clover|Lopunny, L50, F|100/100\n|switch|p1b: Bellion|Archaludon, L50, M|100/100\n|switch|p2a: Rotom|Rotom-Wash, L50|100/100\n|switch|p2b: Trevenant|Trevenant, L50, F|100/100\n|turn|1\n|\n|t:|1776615753\n|detailschange|p1a: Clover|Lopunny-Mega, L50, F\n|-mega|p1a: Clover|Lopunny|Lopunnite\n|move|p2a: Rotom|Volt Switch|p1a: Clover\n|-damage|p1a: Clover|53/100\n|\n|t:|1776615761\n|switch|p2a: Torkoal|Torkoal, L50, F|100/100|[from] Volt Switch\n|-weather|SunnyDay|[from] ability: Drought|[of] p2a: Torkoal\n|move|p1a: Clover|Close Combat|p2b: Trevenant\n|-damage|p2b: Trevenant|32/100\n|-unboost|p1a: Clover|def|1\n|-unboost|p1a: Clover|spd|1\n|-enditem|p2b: Trevenant|Sitrus Berry|[eat]\n|-heal|p2b: Trevenant|57/100|[from] item: Sitrus Berry\n|move|p1b: Bellion|Draco Meteor|p2b: Trevenant\n|-damage|p2b: Trevenant|0 fnt\n|-unboost|p1b: Bellion|spa|2\n|faint|p2b: Trevenant\n|\n|-weather|SunnyDay|[upkeep]\n|upkeep\n|\n|t:|1776615776\n|switch|p2b: Rotom|Rotom-Wash, L50|100/100\n|turn|2\n|\n|t:|1776615794\n|switch|p1a: Dante|Aegislash, L50, M, shiny|100/100\n|move|p2b: Rotom|Trick|p1b: Bellion\n|-activate|p2b: Rotom|move: Trick|[of] p1b: Bellion\n|-item|p1b: Bellion|Choice Scarf|[from] move: Trick\n|-item|p2b: Rotom|Leftovers|[from] move: Trick\n|move|p1b: Bellion|Draco Meteor|p2a: Torkoal\n|-damage|p2a: Torkoal|59/100\n|-unboost|p1b: Bellion|spa|2\n|move|p2a: Torkoal|Weather Ball|p1a: Dante\n|-supereffective|p1a: Dante|1\n|-crit|p1a: Dante\n|-damage|p1a: Dante|0 fnt\n|faint|p1a: Dante\n|\n|-weather|SunnyDay|[upkeep]\n|upkeep\n|\n|t:|1776615802\n|switch|p1a: Clover|Lopunny-Mega, L50, F|53/100\n|turn|3\n|\n|t:|1776615813\n|switch|p1b: Percy|Pelipper, L50, M|100/100\n|-weather|RainDance|[from] ability: Drizzle|[of] p1b: Percy\n|move|p1a: Clover|U-turn|p2a: Torkoal\n|-resisted|p2a: Torkoal|1\n|-damage|p2a: Torkoal|50/100\n|\n|t:|1776615816\n|switch|p1a: Bellion|Archaludon, L50, M|100/100|[from] U-turn\n|move|p2b: Rotom|Thunderbolt|p1a: Bellion\n|-resisted|p1a: Bellion|1\n|-damage|p1a: Bellion|68/100\n|-ability|p1a: Bellion|Stamina|boost\n|-boost|p1a: Bellion|def|1\n|move|p2a: Torkoal|Weather Ball|p1a: Bellion\n|-resisted|p1a: Bellion|1\n|-damage|p1a: Bellion|37/100\n|-ability|p1a: Bellion|Stamina|boost\n|-boost|p1a: Bellion|def|1\n|\n|-weather|RainDance|[upkeep]\n|upkeep\n|turn|4\n|\n|t:|1776615841\n|switch|p1b: Clover|Lopunny-Mega, L50, F|53/100\n|move|p2a: Torkoal|Protect|p2a: Torkoal\n|-singleturn|p2a: Torkoal|Protect\n|move|p1a: Bellion|Electro Shot||[still]\n|-prepare|p1a: Bellion|Electro Shot\n|-boost|p1a: Bellion|spa|1\n|-anim|p1a: Bellion|Electro Shot|p2b: Rotom\n|-damage|p2b: Rotom|11/100\n|move|p2b: Rotom|Volt Switch|p1b: Clover\n|-damage|p1b: Clover|5/100\n|\n|t:|1776615853\n|switch|p2b: Crabominable|Crabominable, L50, M|100/100|[from] Volt Switch\n|\n|-weather|RainDance|[upkeep]\n|upkeep\n|turn|5\n|\n|t:|1776615863\n|move|p2b: Crabominable|Protect|p2b: Crabominable\n|-singleturn|p2b: Crabominable|Protect\n|move|p1b: Clover|Fake Out|p2b: Crabominable\n|-activate|p2b: Crabominable|move: Protect\n|move|p1a: Bellion|Electro Shot||[still]\n|-prepare|p1a: Bellion|Electro Shot\n|-boost|p1a: Bellion|spa|1\n|-anim|p1a: Bellion|Electro Shot|p2a: Torkoal\n|-damage|p2a: Torkoal|0 fnt\n|faint|p2a: Torkoal\n|\n|-weather|RainDance|[upkeep]\n|upkeep\n|\n|t:|1776615873\n|switch|p2a: Rotom|Rotom-Wash, L50|11/100\n|turn|6\n|\n|t:|1776615886\n|detailschange|p2b: Crabominable|Crabominable-Mega, L50, M\n|-mega|p2b: Crabominable|Crabominable|Crabominite\n|move|p1a: Bellion|Electro Shot||[still]\n|-prepare|p1a: Bellion|Electro Shot\n|-boost|p1a: Bellion|spa|1\n|-anim|p1a: Bellion|Electro Shot|p2a: Rotom\n|-damage|p2a: Rotom|0 fnt\n|faint|p2a: Rotom\n|move|p1b: Clover|Close Combat|p2b: Crabominable\n|-supereffective|p2b: Crabominable|1\n|-damage|p2b: Crabominable|11/100\n|-unboost|p1b: Clover|def|1\n|-unboost|p1b: Clover|spd|1\n|move|p2b: Crabominable|Drain Punch|p1a: Bellion\n|-supereffective|p1a: Bellion|1\n|-damage|p1a: Bellion|0 fnt\n|-heal|p2b: Crabominable|26/100|[from] drain|[of] p1a: Bellion\n|faint|p1a: Bellion\n|\n|-weather|RainDance|[upkeep]\n|upkeep\n|\n|t:|1776615888\n|switch|p1a: Percy|Pelipper, L50, M|100/100\n|turn|7\n|c|\u2606Tunderboltz|ggwp\n|\n|t:|1776615907\n|move|p1b: Clover|Close Combat|p2b: Crabominable\n|-supereffective|p2b: Crabominable|1\n|-damage|p2b: Crabominable|0 fnt\n|-unboost|p1b: Clover|def|1\n|-unboost|p1b: Clover|spd|1\n|faint|p2b: Crabominable\n|\n|win|Tunderboltz\n|raw|Tunderboltz's rating: 1200 &rarr; <strong>1232</strong><br />(+32 for winning)\n|raw|bradipp's rating: 1293 &rarr; <strong>1261</strong><br />(-32 for losing)\n",
  "uploadtime": 1776615910,
  "views": 10,
  "formatid": "gen9championsvgc2026regma",
  "rating": 1232,
  "private": 0,
  "password": null
}