{
  "id": "gen9championsvgc2026regma-2586042685",
  "format": "[Gen 9 Champions] VGC 2026 Reg M-A",
  "players": [
    "phantom911",
    "Swis_Chris"
  ],
  "log": "|j|\u2606phantom911\n|j|\u2606Swis_Chris\n|html|<table width=\"100%\"><tr><td align=\"left\">phantom911</td><td align=\"right\">Swis_Chris</tr><tr><td align=\"left\"><i class=\"fa fa-circle-o\"></i> <i class=\"fa fa-circle-o\"></i> </td><td align=\"right\"><i class=\"fa fa-circle-o\"></i> <i class=\"fa fa-circle-o\"></i> </tr></table>\n|uhtml|bestof|<h2><strong>Game 1</strong> of <a href=\"/game-bestof3-gen9championsvgc2026regma-2586042684\">a best-of-3</a></h2>\n|t:|1776393092\n|gametype|doubles\n|player|p1|phantom911|ghetsis-gen5bw|\n|player|p2|Swis_Chris|101|\n|gen|9\n|tier|[Gen 9 Champions] VGC 2026 Reg M-A\n|rated|Tournament battle\n|rule|Species Clause: Limit one of each Pok\u00e9mon\n|rule|Item Clause: Limit 1 of each item\n|raw|<div class=\"infobox\"><details class=\"readmore\" open><summary><strong>2 custom rules:</strong></summary> Force Open Team Sheets, Best of = 3</details></div>\n|clearpoke\n|poke|p1|Pelipper, L50, F|\n|poke|p1|Basculegion, L50, M|\n|poke|p1|Dragonite, L50, F|\n|poke|p1|Klefki, L50, M|\n|poke|p1|Raichu, L50, M|\n|poke|p1|Floette-Eternal, L50, F|\n|poke|p2|Chesnaught, L50, M|\n|poke|p2|Scizor, L50, M|\n|poke|p2|Talonflame, L50, M|\n|poke|p2|Aegislash, L50, M|\n|poke|p2|Basculegion, L50, M|\n|poke|p2|Sinistcha-Masterpiece, L50|\n|teampreview|4\n|showteam|p1|Pelipper||SitrusBerry|Drizzle|Hurricane,Protect,WeatherBall,WideGuard|||F|||50|]Basculegion||MysticWater|SwiftSwim|WaveCrash,Protect,FlipTurn,LastRespects|||M|||50|]Dragonite||Dragoninite|InnerFocus|Hurricane,IceBeam,DracoMeteor,Protect|||F|||50|]Klefki||Leftovers|Prankster|RainDance,ThunderWave,Protect,DazzlingGleam|||M|||50|]Raichu||FocusSash|LightningRod|Protect,Thunder,VoltSwitch,FakeOut|||M|||50|]Floette-Eternal||Floettite|FlowerVeil|Protect,CalmMind,Moonblast,DrainingKiss|||F|||50|\n|showteam|p2|Chesnaught||Chesnaughtite|Bulletproof|SpikyShield,BodyPress,Payback,IronDefense|||M|||50|]Scizor||MetalCoat|Technician|BulletPunch,KnockOff,SwordsDance,RainDance|||M|||50|]Talonflame||SharpBeak|GaleWings|BraveBird,UpperHand,Uturn,RainDance|||M|||50|]Aegislash||ColburBerry|StanceChange|KingsShield,ShadowBall,WideGuard,FlashCannon|||M|||50|]Basculegion||MysticWater|SwiftSwim|AquaJet,WaveCrash,LastRespects,Protect|||M|||50|]Sinistcha-Masterpiece||MentalHerb|Hospitality|RagePowder,TrickRoom,ShadowBall,Memento||||||50|\nphantom911 rejected open team sheets.\n|\n|t:|1776393145\n|teamsize|p1|4\n|teamsize|p2|4\n|start\n|switch|p1a: Klefki|Klefki, L50, M|100/100\n|switch|p1b: Raichu|Raichu, L50, M|100/100\n|switch|p2a: Talonflame|Talonflame, L50, M|100/100\n|switch|p2b: Basculegion|Basculegion, L50, M|100/100\n|turn|1\n|\n|t:|1776393171\n|move|p1a: Klefki|Rain Dance|p1a: Klefki\n|-weather|RainDance\n|move|p2b: Basculegion|Wave Crash|p1b: Raichu\n|-enditem|p1b: Raichu|Focus Sash\n|-damage|p1b: Raichu|1/100\n|-damage|p2b: Basculegion|73/100|[from] Recoil\n|move|p2a: Talonflame|Rain Dance||[still]\n|-fail|p2a: Talonflame\n|move|p1b: Raichu|Thunder|p2b: Basculegion\n|-supereffective|p2b: Basculegion|1\n|-damage|p2b: Basculegion|0 fnt\n|faint|p2b: Basculegion\n|\n|-weather|RainDance|[upkeep]\n|upkeep\n|\n|t:|1776393195\n|switch|p2b: Scizor|Scizor, L50, M|100/100\n|turn|2\n|\n|t:|1776393207\n|switch|p1b: Pelipper|Pelipper, L50, F|100/100\n|move|p2a: Talonflame|Brave Bird|p1b: Pelipper\n|-damage|p1b: Pelipper|60/100\n|-damage|p2a: Talonflame|86/100|[from] Recoil\n|move|p1a: Klefki|Thunder Wave|p2b: Scizor\n|-status|p2b: Scizor|par\n|move|p2b: Scizor|Swords Dance|p2b: Scizor\n|-boost|p2b: Scizor|atk|2\n|\n|-weather|RainDance|[upkeep]\n|upkeep\n|turn|3\n|\n|t:|1776393234\n|move|p1a: Klefki|Thunder Wave|p2a: Talonflame\n|-status|p2a: Talonflame|par\n|move|p2a: Talonflame|Brave Bird|p1b: Pelipper\n|-damage|p1b: Pelipper|19/100\n|-enditem|p1b: Pelipper|Sitrus Berry|[eat]\n|-heal|p1b: Pelipper|44/100|[from] item: Sitrus Berry\n|-damage|p2a: Talonflame|71/100 par|[from] Recoil\n|move|p1b: Pelipper|Hurricane|p2b: Scizor\n|-damage|p2b: Scizor|64/100 par\n|-start|p2b: Scizor|confusion\n|-activate|p2b: Scizor|confusion\n|move|p2b: Scizor|Knock Off|p1b: Pelipper\n|-damage|p1b: Pelipper|12/100\n|\n|-weather|RainDance|[upkeep]\n|upkeep\n|turn|4\n|\n|t:|1776393258\n|move|p2a: Talonflame|Brave Bird|p1b: Pelipper\n|-damage|p1b: Pelipper|0 fnt\n|faint|p1b: Pelipper\n|-damage|p2a: Talonflame|68/100 par|[from] Recoil\n|move|p1a: Klefki|Dazzling Gleam|p2b: Scizor|[spread] p2a,p2b\n|-resisted|p2a: Talonflame|1\n|-resisted|p2b: Scizor|1\n|-damage|p2a: Talonflame|53/100 par\n|-damage|p2b: Scizor|56/100 par\n|-activate|p2b: Scizor|confusion\n|move|p2b: Scizor|Knock Off|p1a: Klefki\n|-resisted|p1a: Klefki|1\n|-damage|p1a: Klefki|66/100\n|-enditem|p1a: Klefki|Leftovers|[from] move: Knock Off|[of] p2b: Scizor\n|\n|-weather|RainDance|[upkeep]\n|upkeep\n|\n|t:|1776393277\n|switch|p1b: Raichu|Raichu, L50, M|1/100\n|turn|5\n|\n|t:|1776393297\n|move|p1a: Klefki|Protect|p1a: Klefki\n|-singleturn|p1a: Klefki|Protect\n|move|p1b: Raichu|Fake Out|p2b: Scizor\n|-resisted|p2b: Scizor|1\n|-damage|p2b: Scizor|53/100 par\n|move|p2a: Talonflame|Upper Hand||[still]\n|-fail|p2a: Talonflame\n|cant|p2b: Scizor|flinch\n|\n|-weather|none\n|upkeep\n|turn|6\n|\n|t:|1776393321\n|move|p1a: Klefki|Rain Dance|p1a: Klefki\n|-weather|RainDance\n|-activate|p2b: Scizor|confusion\n|move|p2b: Scizor|Bullet Punch|p1b: Raichu\n|-resisted|p1b: Raichu|1\n|-damage|p1b: Raichu|0 fnt\n|faint|p1b: Raichu\n|move|p2a: Talonflame|U-turn|p1a: Klefki\n|-resisted|p1a: Klefki|2\n|-damage|p1a: Klefki|62/100\n|\n|t:|1776393327\n|switch|p2a: Chesnaught|Chesnaught, L50, M|100/100|[from] U-turn\n|\n|-weather|RainDance|[upkeep]\n|upkeep\n|\n|t:|1776393333\n|switch|p1b: Basculegion|Basculegion, L50, M|100/100\n|turn|7\n|\n|t:|1776393353\n|detailschange|p2a: Chesnaught|Chesnaught-Mega, L50, M\n|-mega|p2a: Chesnaught|Chesnaught|Chesnaughtite\n|move|p1b: Basculegion|Protect|p1b: Basculegion\n|-singleturn|p1b: Basculegion|Protect\n|-end|p2b: Scizor|confusion\n|move|p2b: Scizor|Bullet Punch|p1a: Klefki\n|-damage|p1a: Klefki|0 fnt\n|faint|p1a: Klefki\n|move|p2a: Chesnaught|Iron Defense|p2a: Chesnaught\n|-boost|p2a: Chesnaught|def|2\n|\n|-weather|RainDance|[upkeep]\n|upkeep\n|turn|8\n|-message|phantom911 forfeited.\n|\n|win|Swis_Chris\n|l|\u2606phantom911\n|player|p1|\n||phantom911 is ready for game 2.\n||Swis_Chris is ready for game 2.\n|uhtml|next|Next: <a href=\"/battle-gen9championsvgc2026regma-2586045755\"><strong>Game 2 of 3</strong></a>\n",
  "uploadtime": 1776393470,
  "views": 41,
  "formatid": "gen9championsvgc2026regma",
  "rating": null,
  "private": 0,
  "password": null
}