{
  "id": "gen9championsvgc2026regma-2586759507",
  "format": "[Gen 9 Champions] VGC 2026 Reg M-A",
  "players": [
    "Realphoenixking",
    "Barba18"
  ],
  "log": "|j|\u2606Realphoenixking\n|j|\u203dBarba18\n|t:|1776457686\n|gametype|doubles\n|player|p1|Realphoenixking|ghetsis-gen5bw|1286\n|player|p2|Barba18|266|1330\n|gen|9\n|tier|[Gen 9 Champions] VGC 2026 Reg M-A\n|rated|\n|rule|Species Clause: Limit one of each Pok\u00e9mon\n|rule|Item Clause: Limit 1 of each item\n|clearpoke\n|poke|p1|Drampa, L50, M|\n|poke|p1|Sneasler, L50, M|\n|poke|p1|Sinistcha, L50|\n|poke|p1|Kingambit, L50, F|\n|poke|p1|Maushold-Four, L50|\n|poke|p1|Floette-Eternal, L50, F|\n|poke|p2|Aegislash, L50, F|\n|poke|p2|Primarina, L50, F|\n|poke|p2|Tyranitar, L50, M|\n|poke|p2|Garchomp, L50, M|\n|poke|p2|Rotom-Heat, L50|\n|poke|p2|Gyarados, L50, F|\n|teampreview|4\n|inactive|Battle timer is ON: inactive players will automatically lose when time's up. (requested by Barba18)\n|l|\u2606Realphoenixking\n|inactive|Realphoenixking disconnected and has a minute to reconnect!\n|player|p1|\n|inactive|Realphoenixking has 30 seconds to reconnect!\n|j|\u2606Realphoenixking\n|inactive|Realphoenixking reconnected and has 30 seconds left.\n|player|p1|Realphoenixking|ghetsis-gen5bw|\n|inactive|Realphoenixking has 20 seconds left.\n|inactive|Realphoenixking has 15 seconds left.\n|\n|t:|1776457767\n|teamsize|p1|4\n|teamsize|p2|4\n|start\n|switch|p1a: Sinistcha|Sinistcha, L50|100/100\n|switch|p1b: Floette|Floette-Eternal, L50, F|100/100\n|switch|p2a: Tyranitar|Tyranitar, L50, M|100/100\n|switch|p2b: Garchomp|Garchomp, L50, M|100/100\n|-weather|Sandstorm|[from] ability: Sand Stream|[of] p2a: Tyranitar\n|turn|1\n|\n|t:|1776457791\n|switch|p2b: Aegislash|Aegislash, L50, F|100/100\n|detailschange|p1b: Floette|Floette-Mega, L50, F\n|-mega|p1b: Floette|Floette|Floettite\n|-ability|p1b: Floette|Fairy Aura\n|detailschange|p2a: Tyranitar|Tyranitar-Mega, L50, M\n|-mega|p2a: Tyranitar|Tyranitar|Tyranitarite\n|move|p1a: Sinistcha|Rage Powder|p1a: Sinistcha\n|-singleturn|p1a: Sinistcha|move: Rage Powder\n|move|p1b: Floette|Calm Mind|p1b: Floette\n|-boost|p1b: Floette|spa|1\n|-boost|p1b: Floette|spd|1\n|move|p2a: Tyranitar|Dragon Dance|p2a: Tyranitar\n|-boost|p2a: Tyranitar|atk|1\n|-boost|p2a: Tyranitar|spe|1\n|\n|-weather|Sandstorm|[upkeep]\n|-damage|p1b: Floette|95/100|[from] Sandstorm\n|-damage|p1a: Sinistcha|94/100|[from] Sandstorm\n|upkeep\n|turn|2\n|inactive|Barba18 has 30 seconds left.\n|\n|t:|1776457817\n|move|p1b: Floette|Protect|p1b: Floette\n|-singleturn|p1b: Floette|Protect\n|move|p2a: Tyranitar|Rock Slide|p1a: Sinistcha|[spread] p1a\n|-activate|p1b: Floette|move: Protect\n|-damage|p1a: Sinistcha|45/100\n|-enditem|p1a: Sinistcha|Sitrus Berry|[eat]\n|-heal|p1a: Sinistcha|70/100|[from] item: Sitrus Berry\n|move|p1a: Sinistcha|Matcha Gotcha|p2b: Aegislash|[spread] p2a,p2b\n|-supereffective|p2a: Tyranitar|1\n|-resisted|p2b: Aegislash|1\n|-damage|p2a: Tyranitar|74/100\n|-heal|p1a: Sinistcha|85/100|[from] drain|[of] p2a: Tyranitar\n|-damage|p2b: Aegislash|90/100\n|-heal|p1a: Sinistcha|90/100|[from] drain|[of] p2b: Aegislash\n|move|p2b: Aegislash|Swords Dance|p2b: Aegislash\n|-boost|p2b: Aegislash|atk|2\n|\n|-weather|Sandstorm|[upkeep]\n|-damage|p1b: Floette|89/100|[from] Sandstorm\n|-damage|p1a: Sinistcha|84/100|[from] Sandstorm\n|upkeep\n|turn|3\n|l|\u2606Realphoenixking\n|inactive|Realphoenixking disconnected and has a minute to reconnect!\n|player|p1|\n|j|\u2606Realphoenixking\n|inactive|Realphoenixking reconnected and has 45 seconds left.\n|player|p1|Realphoenixking|ghetsis-gen5bw|\n|inactive|Realphoenixking has 30 seconds left.\n|inactive|Barba18 has 30 seconds left.\n|\n|t:|1776457848\n|move|p2a: Tyranitar|Protect|p2a: Tyranitar\n|-singleturn|p2a: Tyranitar|Protect\n|move|p1b: Floette|Dazzling Gleam|p2a: Tyranitar|[spread] p2b\n|-activate|p2a: Tyranitar|move: Protect\n|-resisted|p2b: Aegislash|1\n|-damage|p2b: Aegislash|63/100\n|move|p1a: Sinistcha|Strength Sap|p2a: Tyranitar\n|-activate|p2a: Tyranitar|move: Protect\n|-formechange|p2b: Aegislash|Aegislash-Blade|\n|move|p2b: Aegislash|Iron Head|p1b: Floette\n|-supereffective|p1b: Floette|1\n|-damage|p1b: Floette|0 fnt\n|faint|p1b: Floette\n|\n|-weather|Sandstorm|[upkeep]\n|-damage|p1a: Sinistcha|77/100|[from] Sandstorm\n|upkeep\n|\n|t:|1776457864\n|switch|p1b: Drampa|Drampa, L50, M|100/100\n|-ability|p1b: Drampa|Cloud Nine\n|turn|4\n|\n|t:|1776457882\n|move|p2b: Aegislash|Shadow Sneak|p1a: Sinistcha\n|-supereffective|p1a: Sinistcha|1\n|-damage|p1a: Sinistcha|0 fnt\n|faint|p1a: Sinistcha\n|move|p2a: Tyranitar|Rock Slide|p1b: Drampa|[miss]\n|-miss|p2a: Tyranitar|p1b: Drampa\n|move|p1b: Drampa|Earth Power|p2a: Tyranitar\n|-supereffective|p2a: Tyranitar|1\n|-crit|p2a: Tyranitar\n|-damage|p2a: Tyranitar|0 fnt\n|faint|p2a: Tyranitar\n|\n|-weather|Sandstorm|[upkeep]\n|upkeep\n|\n|t:|1776457895\n|switch|p2a: Primarina|Primarina, L50, F|100/100\n|switch|p1a: Sneasler|Sneasler, L50, M|100/100\n|turn|5\n|\n|t:|1776457913\n|move|p1a: Sneasler|Fake Out|p2a: Primarina\n|-damage|p2a: Primarina|87/100\n|move|p2b: Aegislash|Shadow Sneak|p1a: Sneasler\n|-damage|p1a: Sneasler|11/100\n|cant|p2a: Primarina|flinch\n|move|p1b: Drampa|Earth Power|p2b: Aegislash\n|-supereffective|p2b: Aegislash|1\n|-damage|p2b: Aegislash|0 fnt\n|faint|p2b: Aegislash\n|\n|-weather|none\n|-heal|p2a: Primarina|93/100|[from] item: Leftovers\n|upkeep\n|\n|t:|1776457917\n|switch|p2b: Garchomp|Garchomp, L50, M|100/100\n|turn|6\n|inactive|Realphoenixking has 30 seconds left.\n|\n|t:|1776457949\n|move|p2a: Primarina|Protect|p2a: Primarina\n|-singleturn|p2a: Primarina|Protect\n|move|p1a: Sneasler|Dire Claw|p2a: Primarina\n|-activate|p2a: Primarina|move: Protect\n|move|p2b: Garchomp|Earthquake|p1a: Sneasler|[spread] p1a,p1b\n|-activate|p2a: Primarina|move: Protect\n|-supereffective|p1a: Sneasler|1\n|-damage|p1a: Sneasler|0 fnt\n|-damage|p1b: Drampa|62/100\n|faint|p1a: Sneasler\n|move|p1b: Drampa|Dragon Pulse|p2b: Garchomp\n|-supereffective|p2b: Garchomp|1\n|-damage|p2b: Garchomp|0 fnt\n|faint|p2b: Garchomp\n|\n|-heal|p2a: Primarina|99/100|[from] item: Leftovers\n|upkeep\n|turn|7\n|\n|t:|1776457967\n|move|p2a: Primarina|Moonblast|p1b: Drampa\n|-supereffective|p1b: Drampa|1\n|-damage|p1b: Drampa|0 fnt\n|faint|p1b: Drampa\n|\n|win|Barba18\n|raw|Realphoenixking's rating: 1286 &rarr; <strong>1264</strong><br />(-22 for losing)\n|raw|Barba18's rating: 1330 &rarr; <strong>1347</strong><br />(+17 for winning)\n|l|\u203dBarba18\n|player|p2|\n|l|\u2606Realphoenixking\n|player|p1|\n|j|\u2606Realphoenixking\n|player|p1|Realphoenixking|ghetsis-gen5bw|\n",
  "uploadtime": 1776457998,
  "views": 60,
  "formatid": "gen9championsvgc2026regma",
  "rating": 1264,
  "private": 0,
  "password": null
}