{
  "id": "gen9championsvgc2026regma-2581431922",
  "format": "[Gen 9 Champions] VGC 2026 Reg M-A",
  "players": [
    "Kaito66",
    "God_y_Fiki"
  ],
  "log": "|j|\u2606Kaito66\n|j|\u2606God_y_Fiki\n|t:|1775999791\n|gametype|doubles\n|player|p1|Kaito66|elesa|1125\n|player|p2|God_y_Fiki|hilbert|1063\n|gen|9\n|tier|[Gen 9 Champions] VGC 2026 Reg M-A\n|rated|\n|rule|Species Clause: Limit one of each Pok\u00e9mon\n|rule|Item Clause: Limit 1 of each item\n|clearpoke\n|poke|p1|Charizard, L50, F|\n|poke|p1|Venusaur, L50, F|\n|poke|p1|Garchomp, L50, M|\n|poke|p1|Rotom-Wash, L50|\n|poke|p1|Incineroar, L50, M|\n|poke|p1|Whimsicott, L50, M|\n|poke|p2|Archaludon, L50, M|\n|poke|p2|Dragonite, L50, F|\n|poke|p2|Sneasler, L50, F|\n|poke|p2|Basculegion, L50, M|\n|poke|p2|Sinistcha, L50|\n|poke|p2|Politoed, L50, F|\n|teampreview|4\n|inactive|Battle timer is ON: inactive players will automatically lose when time's up. (requested by Kaito66)\n|\n|t:|1775999821\n|teamsize|p1|4\n|teamsize|p2|4\n|start\n|switch|p1a: Charizard|Charizard, L50, F|100/100\n|switch|p1b: Venusaur|Venusaur, L50, F|100/100\n|switch|p2a: Politoed|Politoed, L50, F, shiny|100/100\n|switch|p2b: Sneasler|Sneasler, L50, F, shiny|100/100\n|-weather|RainDance|[from] ability: Drizzle|[of] p2a: Politoed\n|turn|1\n|inactive|Kaito66 has 30 seconds left.\n|inactive|God_y_Fiki has 30 seconds left.\n|inactive|Kaito66 has 20 seconds left.\n|inactive|God_y_Fiki has 20 seconds left.\n|inactive|God_y_Fiki has 15 seconds left.\n|\n|t:|1775999867\n|switch|p2a: Dragonite|Dragonite, L50, F, shiny|100/100\n|detailschange|p1a: Charizard|Charizard-Mega-Y, L50, F\n|-mega|p1a: Charizard|Charizard|Charizardite Y\n|-weather|SunnyDay|[from] ability: Drought|[of] p1a: Charizard\n|move|p1b: Venusaur|Leaf Storm|p2a: Dragonite\n|-resisted|p2a: Dragonite|2\n|-damage|p2a: Dragonite|92/100\n|-unboost|p1b: Venusaur|spa|2\n|move|p2b: Sneasler|Dire Claw|p1a: Charizard\n|-damage|p1a: Charizard|39/100\n|-status|p1a: Charizard|par\n|move|p1a: Charizard|Weather Ball|p2b: Sneasler\n|-enditem|p2b: Sneasler|Focus Sash\n|-damage|p2b: Sneasler|1/100\n|\n|-weather|SunnyDay|[upkeep]\n|upkeep\n|turn|2\n|inactive|God_y_Fiki has 30 seconds left.\n|inactive|Kaito66 has 30 seconds left.\n|\n|t:|1775999901\n|switch|p1b: Rotom|Rotom-Wash, L50|100/100\n|switch|p2b: Politoed|Politoed, L50, F, shiny|100/100\n|-weather|RainDance|[from] ability: Drizzle|[of] p2b: Politoed\n|detailschange|p2a: Dragonite|Dragonite-Mega, L50, F, shiny\n|-mega|p2a: Dragonite|Dragonite|Dragoninite\n|move|p2a: Dragonite|Tailwind|p2a: Dragonite\n|-sidestart|p2: God_y_Fiki|move: Tailwind\n|move|p1a: Charizard|Heat Wave|p2b: Politoed|[spread] p2a,p2b\n|-resisted|p2a: Dragonite|1\n|-resisted|p2b: Politoed|1\n|-damage|p2a: Dragonite|83/100\n|-damage|p2b: Politoed|93/100\n|\n|-weather|RainDance|[upkeep]\n|-heal|p2b: Politoed|99/100|[from] item: Leftovers\n|upkeep\n|turn|3\n|inactive|Kaito66 has 30 seconds left.\n|inactive|God_y_Fiki has 30 seconds left.\n|inactive|Kaito66 has 20 seconds left.\n|inactive|Kaito66 has 15 seconds left.\n|inactive|Kaito66 has 10 seconds left.\n|inactive|Kaito66 has 5 seconds left.\n|\n|t:|1775999951\n|move|p2b: Politoed|Protect|p2b: Politoed\n|-singleturn|p2b: Politoed|Protect\n|move|p1a: Charizard|Protect|p1a: Charizard\n|-singleturn|p1a: Charizard|Protect\n|move|p2a: Dragonite|Hurricane|p1a: Charizard\n|-activate|p1a: Charizard|move: Protect\n|move|p1b: Rotom|Thunderbolt|p2b: Politoed\n|-activate|p2b: Politoed|move: Protect\n|\n|-weather|RainDance|[upkeep]\n|-heal|p2b: Politoed|100/100|[from] item: Leftovers\n|upkeep\n|turn|4\n|inactive|Kaito66 has 30 seconds left.\n|\n|t:|1775999976\n|switch|p1a: Whimsicott|Whimsicott, L50, M|100/100\n|move|p2b: Politoed|Protect|p2b: Politoed\n|-singleturn|p2b: Politoed|Protect\n|move|p2a: Dragonite|Hurricane|p1a: Whimsicott\n|-supereffective|p1a: Whimsicott|1\n|-damage|p1a: Whimsicott|0 fnt\n|faint|p1a: Whimsicott\n|move|p1b: Rotom|Thunderbolt|p2a: Dragonite\n|-damage|p2a: Dragonite|49/100\n|-status|p2a: Dragonite|par\n|\n|-weather|RainDance|[upkeep]\n|upkeep\n|\n|t:|1775999992\n|switch|p1a: Venusaur|Venusaur, L50, F|100/100\n|turn|5\n|\n|t:|1776000012\n|switch|p2b: Archaludon|Archaludon, L50, M, shiny|100/100\n|move|p2a: Dragonite|Protect|p2a: Dragonite\n|-singleturn|p2a: Dragonite|Protect\n|move|p1a: Venusaur|Protect|p1a: Venusaur\n|-singleturn|p1a: Venusaur|Protect\n|move|p1b: Rotom|Thunderbolt|p2a: Dragonite\n|-activate|p2a: Dragonite|move: Protect\n|\n|-weather|RainDance|[upkeep]\n|-sideend|p2: God_y_Fiki|move: Tailwind\n|upkeep\n|turn|6\n|inactive|God_y_Fiki has 30 seconds left.\n|\n|t:|1776000041\n|move|p2b: Archaludon|Draco Meteor|p1b: Rotom\n|-damage|p1b: Rotom|25/100\n|-unboost|p2b: Archaludon|spa|2\n|move|p1a: Venusaur|Sleep Powder|p2b: Archaludon\n|-status|p2b: Archaludon|slp|[from] move: Sleep Powder\n|move|p1b: Rotom|Thunderbolt|p2a: Dragonite\n|-damage|p2a: Dragonite|13/100 par\n|move|p2a: Dragonite|Draco Meteor|p1b: Rotom|[miss]\n|-miss|p2a: Dragonite|p1b: Rotom\n|\n|-weather|none\n|-heal|p1b: Rotom|31/100|[from] item: Leftovers\n|upkeep\n|turn|7\n|inactive|Kaito66 has 30 seconds left.\n|inactive|God_y_Fiki has 30 seconds left.\n|inactive|God_y_Fiki has 20 seconds left.\n|inactive|God_y_Fiki has 15 seconds left.\n|inactive|God_y_Fiki has 10 seconds left.\n|inactive|God_y_Fiki has 5 seconds left.\n|\n|t:|1776000096\n|move|p1a: Venusaur|Protect|p1a: Venusaur\n|-singleturn|p1a: Venusaur|Protect\n|cant|p2b: Archaludon|slp\n|move|p1b: Rotom|Thunderbolt|p2a: Dragonite\n|-damage|p2a: Dragonite|0 fnt\n|faint|p2a: Dragonite\n|\n|-heal|p1b: Rotom|37/100|[from] item: Leftovers\n|upkeep\n|\n|t:|1776000108\n|switch|p2a: Politoed|Politoed, L50, F, shiny|100/100\n|-weather|RainDance|[from] ability: Drizzle|[of] p2a: Politoed\n|turn|8\n|\n|t:|1776000127\n|switch|p1b: Charizard|Charizard-Mega-Y, L50, F|39/100 par\n|-weather|SunnyDay|[from] ability: Drought|[of] p1b: Charizard\n|move|p2a: Politoed|Protect|p2a: Politoed\n|-singleturn|p2a: Politoed|Protect\n|move|p1a: Venusaur|Leaf Storm|p2a: Politoed\n|-activate|p2a: Politoed|move: Protect\n|cant|p2b: Archaludon|slp\n|\n|-weather|SunnyDay|[upkeep]\n|upkeep\n|turn|9\n|inactive|God_y_Fiki has 30 seconds left.\n|\n|t:|1776000160\n|switch|p2a: Sneasler|Sneasler, L50, F, shiny|1/100\n|move|p1a: Venusaur|Leaf Storm|p2a: Sneasler\n|-resisted|p2a: Sneasler|1\n|-damage|p2a: Sneasler|0 fnt\n|-unboost|p1a: Venusaur|spa|2\n|faint|p2a: Sneasler\n|-curestatus|p2b: Archaludon|slp|[msg]\n|move|p2b: Archaludon|Aura Sphere|p1b: Charizard\n|-resisted|p1b: Charizard|1\n|-damage|p1b: Charizard|32/100 par\n|move|p1b: Charizard|Weather Ball|p2b: Archaludon\n|-ability|p2b: Archaludon|Sturdy\n|-damage|p2b: Archaludon|1/100\n|\n|-weather|SunnyDay|[upkeep]\n|upkeep\n|\n|t:|1776000179\n|switch|p2a: Politoed|Politoed, L50, F, shiny|100/100\n|-weather|RainDance|[from] ability: Drizzle|[of] p2a: Politoed\n|turn|10\n|\n|t:|1776000199\n|move|p2b: Archaludon|Draco Meteor|p1a: Venusaur\n|-damage|p1a: Venusaur|64/100\n|-unboost|p2b: Archaludon|spa|2\n|move|p1a: Venusaur|Leaf Storm|p2a: Politoed\n|-supereffective|p2a: Politoed|1\n|-damage|p2a: Politoed|57/100\n|-unboost|p1a: Venusaur|spa|2\n|move|p2a: Politoed|Weather Ball|p1b: Charizard\n|-supereffective|p1b: Charizard|1\n|-damage|p1b: Charizard|0 fnt\n|faint|p1b: Charizard\n|\n|-weather|RainDance|[upkeep]\n|-heal|p2a: Politoed|63/100|[from] item: Leftovers\n|upkeep\n|\n|t:|1776000213\n|switch|p1b: Rotom|Rotom-Wash, L50|37/100\n|turn|11\n|\n|t:|1776000230\n|move|p2b: Archaludon|Electro Shot||[still]\n|-prepare|p2b: Archaludon|Electro Shot\n|-boost|p2b: Archaludon|spa|1\n|-anim|p2b: Archaludon|Electro Shot|p1b: Rotom\n|-damage|p1b: Rotom|19/100\n|move|p1a: Venusaur|Sleep Powder|p2a: Politoed|[miss]\n|-miss|p1a: Venusaur|p2a: Politoed\n|move|p1b: Rotom|Thunderbolt|p2b: Archaludon\n|-resisted|p2b: Archaludon|1\n|-damage|p2b: Archaludon|0 fnt\n|faint|p2b: Archaludon\n|move|p2a: Politoed|Weather Ball|p1b: Rotom\n|-resisted|p1b: Rotom|1\n|-damage|p1b: Rotom|0 fnt\n|faint|p1b: Rotom\n|\n|-weather|RainDance|[upkeep]\n|-heal|p2a: Politoed|69/100|[from] item: Leftovers\n|upkeep\n|turn|12\n|\n|t:|1776000247\n|move|p1a: Venusaur|Sleep Powder|p2a: Politoed\n|-status|p2a: Politoed|slp|[from] move: Sleep Powder\n|cant|p2a: Politoed|slp\n|\n|-weather|RainDance|[upkeep]\n|-heal|p2a: Politoed|75/100 slp|[from] item: Leftovers\n|upkeep\n|turn|13\n|\n|t:|1776000257\n|cant|p2a: Politoed|slp\n|move|p1a: Venusaur|Sludge Bomb|p2a: Politoed\n|-damage|p2a: Politoed|64/100 slp\n|\n|-weather|RainDance|[upkeep]\n|-heal|p2a: Politoed|70/100 slp|[from] item: Leftovers\n|upkeep\n|turn|14\n|\n|t:|1776000264\n|-curestatus|p2a: Politoed|slp|[msg]\n|move|p2a: Politoed|Protect|p2a: Politoed\n|-singleturn|p2a: Politoed|Protect\n|move|p1a: Venusaur|Sludge Bomb|p2a: Politoed\n|-activate|p2a: Politoed|move: Protect\n|\n|-weather|none\n|-heal|p2a: Politoed|76/100|[from] item: Leftovers\n|upkeep\n|turn|15\n|\n|t:|1776000277\n|move|p1a: Venusaur|Sludge Bomb|p2a: Politoed\n|-damage|p2a: Politoed|65/100\n|move|p2a: Politoed|Weather Ball|p1a: Venusaur\n|-damage|p1a: Venusaur|49/100\n|\n|-heal|p2a: Politoed|71/100|[from] item: Leftovers\n|upkeep\n|turn|16\n|\n|t:|1776000286\n|move|p1a: Venusaur|Sleep Powder|p2a: Politoed\n|-status|p2a: Politoed|slp|[from] move: Sleep Powder\n|cant|p2a: Politoed|slp\n|\n|-heal|p2a: Politoed|78/100 slp|[from] item: Leftovers\n|upkeep\n|turn|17\n|\n|t:|1776000293\n|move|p1a: Venusaur|Sludge Bomb|p2a: Politoed\n|-damage|p2a: Politoed|65/100 slp\n|cant|p2a: Politoed|slp\n|\n|-heal|p2a: Politoed|71/100 slp|[from] item: Leftovers\n|upkeep\n|turn|18\n|c|\u2606Kaito66|very exciting\n|\n|t:|1776000305\n|move|p1a: Venusaur|Sludge Bomb|p2a: Politoed\n|-damage|p2a: Politoed|61/100 slp\n|-curestatus|p2a: Politoed|slp|[msg]\n|move|p2a: Politoed|Weather Ball|p1a: Venusaur\n|-damage|p1a: Venusaur|35/100\n|\n|-heal|p2a: Politoed|67/100|[from] item: Leftovers\n|upkeep\n|turn|19\n|\n|t:|1776000322\n|move|p1a: Venusaur|Sleep Powder|p2a: Politoed\n|-status|p2a: Politoed|slp|[from] move: Sleep Powder\n|cant|p2a: Politoed|slp\n|\n|-heal|p2a: Politoed|73/100 slp|[from] item: Leftovers\n|upkeep\n|turn|20\n|\n|t:|1776000330\n|cant|p2a: Politoed|slp\n|move|p1a: Venusaur|Sludge Bomb|p2a: Politoed\n|-damage|p2a: Politoed|62/100 slp\n|\n|-heal|p2a: Politoed|68/100 slp|[from] item: Leftovers\n|upkeep\n|turn|21\n|\n|t:|1776000337\n|-curestatus|p2a: Politoed|slp|[msg]\n|move|p2a: Politoed|Helping Hand|p2: Archaludon|[notarget]\n|-fail|p2a: Politoed\n|move|p1a: Venusaur|Sludge Bomb|p2a: Politoed\n|-damage|p2a: Politoed|58/100\n|-status|p2a: Politoed|psn\n|\n|-heal|p2a: Politoed|64/100 psn|[from] item: Leftovers\n|-damage|p2a: Politoed|52/100 psn|[from] psn\n|upkeep\n|turn|22\n|-message|Kaito66 forfeited.\n|\n|win|God_y_Fiki\n|raw|Kaito66's rating: 1125 &rarr; <strong>1096</strong><br />(-29 for losing)\n|raw|God_y_Fiki's rating: 1063 &rarr; <strong>1099</strong><br />(+36 for winning)\n|l|\u2606Kaito66\n|player|p1|\n",
  "uploadtime": 1776000357,
  "views": 23,
  "formatid": "gen9championsvgc2026regma",
  "rating": 1096,
  "private": 0,
  "password": null
}