{
  "id": "gen9championsvgc2026regma-2585036689",
  "format": "[Gen 9 Champions] VGC 2026 Reg M-A",
  "players": [
    "Superpurp",
    "Jimbomanman"
  ],
  "log": "|j|\u2606Superpurp\n|j|\u2606Jimbomanman\n|t:|1776305513\n|gametype|doubles\n|player|p1|Superpurp|102|1007\n|player|p2|Jimbomanman|102|1000\n|gen|9\n|tier|[Gen 9 Champions] VGC 2026 Reg M-A\n|rated|\n|rule|Species Clause: Limit one of each Pok\u00e9mon\n|rule|Item Clause: Limit 1 of each item\n|clearpoke\n|poke|p1|Hawlucha, L50, M|\n|poke|p1|Glalie, L50, F|\n|poke|p1|Rhyperior, L50, M|\n|poke|p1|Whimsicott, L50, F|\n|poke|p1|Arcanine, L50, M|\n|poke|p1|Oranguru, L50, F|\n|poke|p2|Lucario, L50, M|\n|poke|p2|Arcanine, L50, M|\n|poke|p2|Primarina, L50, F|\n|poke|p2|Aerodactyl, L50, M|\n|poke|p2|Tsareena, L50, F|\n|poke|p2|Kingambit, L50, F|\n|teampreview|4\n|\n|t:|1776305583\n|teamsize|p1|4\n|teamsize|p2|4\n|start\n|switch|p1a: Hawlucha|Hawlucha, L50, M, shiny|100/100\n|switch|p1b: Rhyperior|Rhyperior, L50, M, shiny|100/100\n|switch|p2a: Arcanine|Arcanine, L50, M|100/100\n|switch|p2b: Aerodactyl|Aerodactyl, L50, M|100/100\n|-ability|p2b: Aerodactyl|Unnerve\n|-ability|p2a: Arcanine|Intimidate|boost\n|-unboost|p1a: Hawlucha|atk|1\n|-unboost|p1b: Rhyperior|atk|1\n|turn|1\n|\n|t:|1776305619\n|detailschange|p1a: Hawlucha|Hawlucha-Mega, L50, M, shiny\n|-mega|p1a: Hawlucha|Hawlucha|Hawluchanite\n|move|p2b: Aerodactyl|Rock Slide|p1b: Rhyperior|[spread] p1a,p1b\n|-resisted|p1b: Rhyperior|1\n|-damage|p1a: Hawlucha|68/100\n|-damage|p1b: Rhyperior|92/100\n|cant|p1a: Hawlucha|flinch\n|move|p2a: Arcanine|Will-O-Wisp|p1b: Rhyperior|[miss]\n|-miss|p2a: Arcanine|p1b: Rhyperior\n|cant|p1b: Rhyperior|flinch\n|\n|upkeep\n|turn|2\n|\n|t:|1776305653\n|move|p2b: Aerodactyl|Tailwind|p2b: Aerodactyl\n|-sidestart|p2: Jimbomanman|move: Tailwind\n|move|p2a: Arcanine|Temper Flare|p1a: Hawlucha\n|-damage|p1a: Hawlucha|3/100\n|move|p1a: Hawlucha|Entrainment|p1b: Rhyperior\n|-ability|p1b: Rhyperior|No Guard|Lightning Rod|[from] move: Entrainment|[of] p1a: Hawlucha\n|move|p1b: Rhyperior|Horn Drill|p2b: Aerodactyl\n|-enditem|p2b: Aerodactyl|Focus Sash\n|-damage|p2b: Aerodactyl|1/100\n|\n|upkeep\n|turn|3\n|\n|t:|1776305705\n|move|p2a: Arcanine|Extreme Speed|p1a: Hawlucha\n|-damage|p1a: Hawlucha|0 fnt\n|faint|p1a: Hawlucha\n|move|p2b: Aerodactyl|Rock Slide|p1b: Rhyperior\n|-resisted|p1b: Rhyperior|1\n|-damage|p1b: Rhyperior|81/100\n|cant|p1b: Rhyperior|flinch\n|\n|upkeep\n|\n|t:|1776305714\n|switch|p1a: Oranguru|Oranguru, L50, F, shiny|100/100\n|turn|4\n|\n|t:|1776305744\n|move|p1b: Rhyperior|Protect|p1b: Rhyperior\n|-singleturn|p1b: Rhyperior|Protect\n|move|p2b: Aerodactyl|Taunt|p1a: Oranguru\n|-start|p1a: Oranguru|move: Taunt\n|-enditem|p1a: Oranguru|Mental Herb\n|-end|p1a: Oranguru|move: Taunt\n|move|p2a: Arcanine|Will-O-Wisp|p1a: Oranguru\n|-status|p1a: Oranguru|brn\n|move|p1a: Oranguru|Trick Room|p1a: Oranguru\n|-fieldstart|move: Trick Room|[of] p1a: Oranguru\n|\n|-damage|p1a: Oranguru|94/100 brn|[from] brn\n|upkeep\n|turn|5\n|\n|t:|1776305792\n|move|p2a: Arcanine|Extreme Speed|p1b: Rhyperior\n|-resisted|p1b: Rhyperior|1\n|-damage|p1b: Rhyperior|75/100\n|move|p1b: Rhyperior|Horn Drill|p2b: Aerodactyl\n|-damage|p2b: Aerodactyl|0 fnt\n|faint|p2b: Aerodactyl\n|-ohko\n|move|p1a: Oranguru|Instruct|p1b: Rhyperior\n|-singleturn|p1b: Rhyperior|move: Instruct|[of] p1a: Oranguru\n|move|p1b: Rhyperior|Horn Drill|p2a: Arcanine\n|-damage|p2a: Arcanine|0 fnt\n|faint|p2a: Arcanine\n|-ohko\n|\n|-damage|p1a: Oranguru|88/100 brn|[from] brn\n|-sideend|p2: Jimbomanman|move: Tailwind\n|upkeep\n|\n|t:|1776305803\n|switch|p2a: Lucario|Lucario, L50, M|100/100\n|switch|p2b: Primarina|Primarina, L50, F|100/100\n|turn|6\n|\n|t:|1776305823\n|detailschange|p2a: Lucario|Lucario-Mega, L50, M\n|-mega|p2a: Lucario|Lucario|Lucarionite\n|move|p2a: Lucario|Bullet Punch|p1b: Rhyperior\n|-supereffective|p1b: Rhyperior|1\n|-damage|p1b: Rhyperior|37/100\n|move|p1b: Rhyperior|Horn Drill|p2b: Primarina\n|-damage|p2b: Primarina|0 fnt\n|faint|p2b: Primarina\n|-ohko\n|move|p1a: Oranguru|Instruct|p1b: Rhyperior\n|-singleturn|p1b: Rhyperior|move: Instruct|[of] p1a: Oranguru\n|move|p1b: Rhyperior|Horn Drill|p2a: Lucario\n|-damage|p2a: Lucario|0 fnt\n|faint|p2a: Lucario\n|-ohko\n|\n|win|Superpurp\n|raw|Superpurp's rating: 1007 &rarr; <strong>1045</strong><br />(+38 for winning)\n|raw|Jimbomanman's rating: 1000 &rarr; <strong>1000</strong><br />(+0 for losing)\n|l|\u2606Jimbomanman\n|player|p2|\n",
  "uploadtime": 1776305909,
  "views": 32,
  "formatid": "gen9championsvgc2026regma",
  "rating": 1000,
  "private": 0,
  "password": null
}