{
  "id": "gen9championsvgc2026regma-2584533260",
  "format": "[Gen 9 Champions] VGC 2026 Reg M-A",
  "players": [
    "Ramen Broth",
    "WaluigiVGC"
  ],
  "log": "|j|\u2606Ramen Broth\n|j|\u2606WaluigiVGC\n|t:|1776267078\n|gametype|doubles\n|player|p1|Ramen Broth|brycen|1272\n|player|p2|WaluigiVGC|101|1175\n|gen|9\n|tier|[Gen 9 Champions] VGC 2026 Reg M-A\n|rated|\n|rule|Species Clause: Limit one of each Pok\u00e9mon\n|rule|Item Clause: Limit 1 of each item\n|clearpoke\n|poke|p1|Basculegion, L50, M|\n|poke|p1|Aerodactyl, L50, M|\n|poke|p1|Incineroar, L50, F|\n|poke|p1|Meganium, L50, F|\n|poke|p1|Tyranitar, L50, F|\n|poke|p1|Kommo-o, L50, F|\n|poke|p2|Charizard, L50, M|\n|poke|p2|Whimsicott, L50, F|\n|poke|p2|Venusaur, L50, M|\n|poke|p2|Garchomp, L50, F|\n|poke|p2|Milotic, L50, F|\n|poke|p2|Sneasler, L50, F|\n|teampreview|4\n|inactive|Battle timer is ON: inactive players will automatically lose when time's up. (requested by Ramen Broth)\n|\n|t:|1776267100\n|teamsize|p1|4\n|teamsize|p2|4\n|start\n|switch|p1a: Aerodactyl|Aerodactyl, L50, M|100/100\n|switch|p1b: Basculegion|Basculegion, L50, M|100/100\n|switch|p2a: Alicia|Sneasler, L50, F|100/100\n|switch|p2b: Lan Fan|Garchomp, L50, F|100/100\n|-ability|p1a: Aerodactyl|Unnerve\n|turn|1\n|\n|t:|1776267118\n|move|p1a: Aerodactyl|Protect|p1a: Aerodactyl\n|-singleturn|p1a: Aerodactyl|Protect\n|move|p2a: Alicia|Fake Out|p1a: Aerodactyl\n|-activate|p1a: Aerodactyl|move: Protect\n|move|p2b: Lan Fan|Rock Slide|p1a: Aerodactyl|[spread] p1b\n|-activate|p1a: Aerodactyl|move: Protect\n|-damage|p1b: Basculegion|72/100\n|move|p1b: Basculegion|Wave Crash|p2a: Alicia\n|-damage|p2a: Alicia|0 fnt\n|faint|p2a: Alicia\n|-damage|p1b: Basculegion|45/100|[from] Recoil\n|\n|upkeep\n|\n|t:|1776267135\n|switch|p2a: Kiseki|Whimsicott, L50, F, shiny|100/100\n|turn|2\n|\n|t:|1776267147\n|switch|p1b: Incineroar|Incineroar, L50, F|100/100\n|-ability|p1b: Incineroar|Intimidate|boost\n|-unboost|p2a: Kiseki|atk|1\n|-unboost|p2b: Lan Fan|atk|1\n|move|p2a: Kiseki|Tailwind|p2a: Kiseki\n|-sidestart|p2: WaluigiVGC|move: Tailwind\n|move|p2b: Lan Fan|Rock Slide|p1b: Incineroar|[spread] p1a,p1b\n|-supereffective|p1a: Aerodactyl|1\n|-supereffective|p1b: Incineroar|1\n|-damage|p1a: Aerodactyl|56/100\n|-damage|p1b: Incineroar|72/100\n|cant|p1a: Aerodactyl|flinch\n|\n|upkeep\n|turn|3\n|inactive|WaluigiVGC has 30 seconds left.\n|\n|t:|1776267178\n|move|p1b: Incineroar|Fake Out|p2b: Lan Fan\n|-damage|p2b: Lan Fan|91/100\n|-damage|p1b: Incineroar|60/100|[from] ability: Rough Skin|[of] p2b: Lan Fan\n|cant|p2b: Lan Fan|flinch\n|move|p2a: Kiseki|Moonblast|p1b: Incineroar\n|-damage|p1b: Incineroar|34/100\n|move|p1a: Aerodactyl|Tailwind|p1a: Aerodactyl\n|-sidestart|p1: Ramen Broth|move: Tailwind\n|\n|upkeep\n|turn|4\n|\n|t:|1776267196\n|switch|p1b: Basculegion|Basculegion, L50, M|45/100\n|move|p2b: Lan Fan|Rock Slide|p1b: Basculegion|[spread] p1a,p1b\n|-supereffective|p1a: Aerodactyl|1\n|-damage|p1a: Aerodactyl|8/100\n|-damage|p1b: Basculegion|26/100\n|cant|p1a: Aerodactyl|flinch\n|move|p2a: Kiseki|Moonblast|p1a: Aerodactyl\n|-damage|p1a: Aerodactyl|0 fnt\n|faint|p1a: Aerodactyl\n|\n|upkeep\n|inactive|Ramen Broth has 30 seconds left.\n|inactive|Ramen Broth has 20 seconds left.\n|inactive|Ramen Broth has 15 seconds left.\n|inactive|Ramen Broth has 10 seconds left.\n|inactive|Ramen Broth has 5 seconds left.\n|\n|t:|1776267246\n|switch|p1a: Tyranitar|Tyranitar, L50, F|100/100\n|-weather|Sandstorm|[from] ability: Sand Stream|[of] p1a: Tyranitar\n|turn|5\n|\n|t:|1776267256\n|switch|p1b: Incineroar|Incineroar, L50, F|34/100\n|-ability|p1b: Incineroar|Intimidate|boost\n|-unboost|p2a: Kiseki|atk|1\n|-unboost|p2b: Lan Fan|atk|1\n|detailschange|p1a: Tyranitar|Tyranitar-Mega, L50, F\n|-mega|p1a: Tyranitar|Tyranitar|Tyranitarite\n|move|p2a: Kiseki|Protect|p2a: Kiseki\n|-singleturn|p2a: Kiseki|Protect\n|move|p2b: Lan Fan|Rock Slide|p1b: Incineroar|[spread] p1a,p1b\n|-supereffective|p1b: Incineroar|1\n|-damage|p1a: Tyranitar|94/100\n|-damage|p1b: Incineroar|13/100\n|move|p1a: Tyranitar|Knock Off|p2b: Lan Fan\n|-damage|p2b: Lan Fan|25/100\n|-damage|p1a: Tyranitar|81/100|[from] ability: Rough Skin|[of] p2b: Lan Fan\n|-enditem|p2b: Lan Fan|Choice Scarf|[from] move: Knock Off|[of] p1a: Tyranitar\n|\n|-weather|Sandstorm|[upkeep]\n|-damage|p2a: Kiseki|95/100|[from] Sandstorm\n|-damage|p1b: Incineroar|7/100|[from] Sandstorm\n|-sideend|p2: WaluigiVGC|move: Tailwind\n|upkeep\n|turn|6\n|inactive|WaluigiVGC has 30 seconds left.\n|inactive|WaluigiVGC has 20 seconds left.\n|inactive|WaluigiVGC has 15 seconds left.\n|\n|t:|1776267303\n|move|p1b: Incineroar|Fake Out|p2a: Kiseki\n|-damage|p2a: Kiseki|81/100\n|cant|p2a: Kiseki|flinch\n|move|p1a: Tyranitar|Rock Slide|p2b: Lan Fan|[spread] p2a\n|-miss|p1a: Tyranitar|p2b: Lan Fan\n|-damage|p2a: Kiseki|26/100\n|move|p2b: Lan Fan|Rock Slide|p1a: Tyranitar|[spread] p1a,p1b\n|-supereffective|p1b: Incineroar|1\n|-damage|p1a: Tyranitar|75/100\n|-damage|p1b: Incineroar|0 fnt\n|faint|p1b: Incineroar\n|\n|-weather|Sandstorm|[upkeep]\n|-damage|p2a: Kiseki|20/100|[from] Sandstorm\n|-sideend|p1: Ramen Broth|move: Tailwind\n|upkeep\n|\n|t:|1776267310\n|switch|p1b: Basculegion|Basculegion, L50, M|26/100\n|turn|7\n|\n|t:|1776267328\n|move|p1b: Basculegion|Aqua Jet|p2b: Lan Fan\n|-damage|p2b: Lan Fan|0 fnt\n|-damage|p1b: Basculegion|14/100|[from] ability: Rough Skin|[of] p2b: Lan Fan\n|faint|p2b: Lan Fan\n|move|p2a: Kiseki|Tailwind|p2a: Kiseki\n|-sidestart|p2: WaluigiVGC|move: Tailwind\n|move|p1a: Tyranitar|Rock Slide|p2a: Kiseki\n|-damage|p2a: Kiseki|0 fnt\n|faint|p2a: Kiseki\n|\n|-weather|Sandstorm|[upkeep]\n|-damage|p1b: Basculegion|8/100|[from] Sandstorm\n|upkeep\n|\n|t:|1776267343\n|switch|p2b: Tsuruno|Charizard, L50, M|100/100\n|turn|8\n|\n|t:|1776267354\n|detailschange|p2b: Tsuruno|Charizard-Mega-Y, L50, M\n|-mega|p2b: Tsuruno|Charizard|Charizardite Y\n|-weather|SunnyDay|[from] ability: Drought|[of] p2b: Tsuruno\n|move|p1a: Tyranitar|Protect|p1a: Tyranitar\n|-singleturn|p1a: Tyranitar|Protect\n|move|p1b: Basculegion|Aqua Jet|p2b: Tsuruno\n|-supereffective|p2b: Tsuruno|1\n|-crit|p2b: Tsuruno\n|-damage|p2b: Tsuruno|51/100\n|move|p2b: Tsuruno|Heat Wave|p1b: Basculegion|[spread] p1b\n|-activate|p1a: Tyranitar|move: Protect\n|-resisted|p1b: Basculegion|1\n|-damage|p1b: Basculegion|0 fnt\n|faint|p1b: Basculegion\n|\n|-weather|SunnyDay|[upkeep]\n|upkeep\n|turn|9\n|\n|t:|1776267371\n|move|p2b: Tsuruno|Solar Beam||[still]\n|-prepare|p2b: Tsuruno|Solar Beam\n|-anim|p2b: Tsuruno|Solar Beam|p1a: Tyranitar\n|-supereffective|p1a: Tyranitar|1\n|-damage|p1a: Tyranitar|7/100\n|move|p1a: Tyranitar|Rock Slide|p2b: Tsuruno\n|-supereffective|p2b: Tsuruno|2\n|-damage|p2b: Tsuruno|0 fnt\n|faint|p2b: Tsuruno\n|\n|win|Ramen Broth\n|raw|Ramen Broth's rating: 1272 &rarr; <strong>1290</strong><br />(+18 for winning)\n|raw|WaluigiVGC's rating: 1175 &rarr; <strong>1157</strong><br />(-18 for losing)\n|l|\u2606Ramen Broth\n|player|p1|\n",
  "uploadtime": 1776267382,
  "views": 23,
  "formatid": "gen9championsvgc2026regma",
  "rating": 1157,
  "private": 0,
  "password": null
}