{
  "id": "gen9championsvgc2026regma-2588912512",
  "format": "[Gen 9 Champions] VGC 2026 Reg M-A",
  "players": [
    "SRTW1thered",
    "ImIkki"
  ],
  "log": "|j|\u2606SRTW1thered\n|j|\u2606ImIkki\n|t:|1776685206\n|gametype|doubles\n|player|p1|SRTW1thered|unknown|1149\n|player|p2|ImIkki|miku-ghost|1133\n|gen|9\n|tier|[Gen 9 Champions] VGC 2026 Reg M-A\n|rated|\n|rule|Species Clause: Limit one of each Pok\u00e9mon\n|rule|Item Clause: Limit 1 of each item\n|clearpoke\n|poke|p1|Tyranitar, L50, M|\n|poke|p1|Garchomp, L50, F|\n|poke|p1|Excadrill, L50, F|\n|poke|p1|Arcanine-Hisui, L50, F|\n|poke|p1|Palafin, L50, M|\n|poke|p1|Klefki, L50, F|\n|poke|p2|Chandelure, L50, M, shiny|\n|poke|p2|Sneasler, L50, F|\n|poke|p2|Milotic, L50, F, shiny|\n|poke|p2|Excadrill, L50, M|\n|poke|p2|Whimsicott, L50, F|\n|poke|p2|Ninetales-Alola, L50, F|\n|teampreview|4\n|\n|t:|1776685229\n|teamsize|p1|4\n|teamsize|p2|4\n|start\n|switch|p1a: Tyranitar|Tyranitar, L50, M|100/100\n|switch|p1b: Garchomp|Garchomp, L50, F|100/100\n|switch|p2a: WaterSerperior|Milotic, L50, F, shiny|100/100\n|switch|p2b: Mogging|Sneasler, L50, F|100/100\n|-weather|Sandstorm|[from] ability: Sand Stream|[of] p1a: Tyranitar\n|turn|1\n|\n|t:|1776685261\n|detailschange|p1b: Garchomp|Garchomp-Mega, L50, F\n|-mega|p1b: Garchomp|Garchomp|Garchompite\n|move|p1a: Tyranitar|Protect|p1a: Tyranitar\n|-singleturn|p1a: Tyranitar|Protect\n|move|p2b: Mogging|Close Combat|p1a: Tyranitar\n|-activate|p1a: Tyranitar|move: Protect\n|move|p1b: Garchomp|Earthquake|p2b: Mogging|[spread] p2a,p2b\n|-activate|p1a: Tyranitar|move: Protect\n|-supereffective|p2b: Mogging|1\n|-damage|p2a: WaterSerperior|47/100\n|-damage|p2b: Mogging|0 fnt\n|faint|p2b: Mogging\n|move|p2a: WaterSerperior|Ice Beam|p1b: Garchomp\n|-supereffective|p1b: Garchomp|2\n|-damage|p1b: Garchomp|24/100\n|\n|-weather|Sandstorm|[upkeep]\n|-damage|p2a: WaterSerperior|41/100|[from] Sandstorm\n|-heal|p2a: WaterSerperior|47/100|[from] item: Leftovers\n|upkeep\n|\n|t:|1776685278\n|switch|p2b: Simon|Excadrill, L50, M|100/100\n|-ability|p2b: Simon|Mold Breaker\n|turn|2\n|\n|t:|1776685292\n|switch|p1a: Klefki|Klefki, L50, F|100/100\n|move|p1b: Garchomp|Protect|p1b: Garchomp\n|-singleturn|p1b: Garchomp|Protect\n|move|p2b: Simon|Drill Run|p1a: Klefki\n|-supereffective|p1a: Klefki|1\n|-crit|p1a: Klefki\n|-damage|p1a: Klefki|0 fnt\n|faint|p1a: Klefki\n|move|p2a: WaterSerperior|Ice Beam|p1b: Garchomp\n|-activate|p1b: Garchomp|move: Protect\n|\n|-weather|Sandstorm|[upkeep]\n|-damage|p2a: WaterSerperior|41/100|[from] Sandstorm\n|-heal|p2a: WaterSerperior|47/100|[from] item: Leftovers\n|upkeep\n|\n|t:|1776685300\n|switch|p1a: Excadrill|Excadrill, L50, F|100/100\n|turn|3\n|\n|t:|1776685314\n|switch|p2a: Furby|Whimsicott, L50, F|100/100\n|move|p1a: Excadrill|Earthquake|p2b: Simon|[spread] p1b,p2a,p2b\n|-resisted|p2a: Furby|1\n|-supereffective|p2b: Simon|1\n|-damage|p1b: Garchomp|0 fnt\n|-damage|p2a: Furby|71/100\n|-damage|p2b: Simon|0 fnt\n|faint|p1b: Garchomp\n|faint|p2b: Simon\n|\n|-weather|Sandstorm|[upkeep]\n|-damage|p2a: Furby|65/100|[from] Sandstorm\n|upkeep\n|\n|t:|1776685326\n|switch|p2b: WaterSerperior|Milotic, L50, F, shiny|47/100\n|switch|p1b: Tyranitar|Tyranitar, L50, M|100/100\n|turn|4\n|\n|t:|1776685341\n|move|p2a: Furby|Sunny Day|p2a: Furby\n|-weather|SunnyDay\n|move|p1a: Excadrill|Rock Slide|p2a: Furby|[spread] p2a,p2b\n|-damage|p2a: Furby|29/100\n|-damage|p2b: WaterSerperior|28/100\n|move|p2b: WaterSerperior|Scald|p1a: Excadrill\n|-supereffective|p1a: Excadrill|1\n|-damage|p1a: Excadrill|62/100\n|move|p1b: Tyranitar|Rock Slide|p2b: WaterSerperior|[spread] p2a,p2b\n|-damage|p2a: Furby|0 fnt\n|-damage|p2b: WaterSerperior|6/100\n|faint|p2a: Furby\n|\n|-weather|SunnyDay|[upkeep]\n|-heal|p2b: WaterSerperior|12/100|[from] item: Leftovers\n|upkeep\n|turn|5\n|\n|t:|1776685381\n|move|p1a: Excadrill|Iron Head|p2b: WaterSerperior\n|-resisted|p2b: WaterSerperior|1\n|-damage|p2b: WaterSerperior|0 fnt\n|faint|p2b: WaterSerperior\n|\n|win|SRTW1thered\n|raw|SRTW1thered's rating: 1149 &rarr; <strong>1173</strong><br />(+24 for winning)\n|raw|ImIkki's rating: 1133 &rarr; <strong>1109</strong><br />(-24 for losing)\n",
  "uploadtime": 1776685388,
  "views": 13,
  "formatid": "gen9championsvgc2026regma",
  "rating": 1109,
  "private": 0,
  "password": null
}