{
  "id": "gen9championsvgc2026regma-2582100056",
  "format": "[Gen 9 Champions] VGC 2026 Reg M-A",
  "players": [
    "BakedPotateo",
    "ye979166426"
  ],
  "log": "|j|\u2606BakedPotateo\n|j|\u203dye979166426\n|t:|1776057848\n|gametype|doubles\n|player|p1|BakedPotateo|2|1218\n|player|p2|ye979166426|265|1318\n|gen|9\n|tier|[Gen 9 Champions] VGC 2026 Reg M-A\n|rated|\n|rule|Species Clause: Limit one of each Pok\u00e9mon\n|rule|Item Clause: Limit 1 of each item\n|clearpoke\n|poke|p1|Delphox, L50, F|\n|poke|p1|Basculegion, L50, M|\n|poke|p1|Clefable, L50, F|\n|poke|p1|Kingambit, L50, M|\n|poke|p1|Dragonite, L50, M|\n|poke|p1|Sneasler, L50, F|\n|poke|p2|Excadrill, L50, F|\n|poke|p2|Tyranitar, L50, F|\n|poke|p2|Corviknight, L50, M|\n|poke|p2|Rotom-Wash, L50|\n|poke|p2|Primarina, L50, M|\n|poke|p2|Sneasler, L50, M|\n|teampreview|4\n|\n|t:|1776057899\n|teamsize|p1|4\n|teamsize|p2|4\n|start\n|switch|p1a: Basculegion|Basculegion, L50, M|100/100\n|switch|p1b: Sneasler|Sneasler, L50, F, shiny|100/100\n|switch|p2a: Corviknight|Corviknight, L50, M, shiny|100/100\n|switch|p2b: Sneasler|Sneasler, L50, M|100/100\n|turn|1\n|\n|t:|1776057922\n|move|p2b: Sneasler|Protect|p2b: Sneasler\n|-singleturn|p2b: Sneasler|Protect\n|move|p1b: Sneasler|Fake Out|p2a: Corviknight\n|-resisted|p2a: Corviknight|1\n|-damage|p2a: Corviknight|96/100\n|move|p1a: Basculegion|Flip Turn|p2b: Sneasler\n|-activate|p2b: Sneasler|move: Protect\n|cant|p2a: Corviknight|flinch\n|\n|-heal|p2a: Corviknight|100/100|[from] item: Leftovers\n|upkeep\n|turn|2\n|\n|t:|1776057949\n|move|p1a: Basculegion|Flip Turn|p2b: Sneasler\n|-damage|p2b: Sneasler|33/100\n|\n|t:|1776057956\n|switch|p1a: Dragonite|Dragonite, L50, M|100/100|[from] Flip Turn\n|move|p1b: Sneasler|Dire Claw|p2b: Sneasler\n|-resisted|p2b: Sneasler|1\n|-damage|p2b: Sneasler|0 fnt\n|faint|p2b: Sneasler\n|move|p2a: Corviknight|Brave Bird|p1b: Sneasler\n|-supereffective|p1b: Sneasler|1\n|-enditem|p1b: Sneasler|Focus Sash\n|-damage|p1b: Sneasler|1/100\n|-damage|p2a: Corviknight|76/100|[from] Recoil\n|\n|-heal|p2a: Corviknight|81/100|[from] item: Leftovers\n|upkeep\n|\n|t:|1776057969\n|switch|p2b: Tyranitar|Tyranitar, L50, F, shiny|100/100\n|-weather|Sandstorm|[from] ability: Sand Stream|[of] p2b: Tyranitar\n|turn|3\n|\n|t:|1776057988\n|switch|p1b: Basculegion|Basculegion, L50, M|100/100\n|move|p2b: Tyranitar|Protect|p2b: Tyranitar\n|-singleturn|p2b: Tyranitar|Protect\n|move|p1a: Dragonite|Scale Shot|p2b: Tyranitar\n|-activate|p2b: Tyranitar|move: Protect\n|move|p2a: Corviknight|Tailwind|p2a: Corviknight\n|-sidestart|p2: ye979166426|move: Tailwind\n|\n|-weather|Sandstorm|[upkeep]\n|-damage|p1b: Basculegion|94/100|[from] Sandstorm\n|-damage|p1a: Dragonite|94/100|[from] Sandstorm\n|-heal|p2a: Corviknight|87/100|[from] item: Leftovers\n|upkeep\n|turn|4\n|\n|t:|1776058033\n|detailschange|p2b: Tyranitar|Tyranitar-Mega, L50, F, shiny\n|-mega|p2b: Tyranitar|Tyranitar|Tyranitarite\n|move|p1b: Basculegion|Wave Crash|p2b: Tyranitar\n|-supereffective|p2b: Tyranitar|1\n|-damage|p2b: Tyranitar|0 fnt\n|faint|p2b: Tyranitar\n|-damage|p1b: Basculegion|60/100|[from] Recoil\n|move|p2a: Corviknight|Brave Bird|p1b: Basculegion\n|-damage|p1b: Basculegion|11/100\n|-damage|p2a: Corviknight|72/100|[from] Recoil\n|move|p1a: Dragonite|Scale Shot|p2a: Corviknight\n|-resisted|p2a: Corviknight|1\n|-damage|p2a: Corviknight|67/100\n|-resisted|p2a: Corviknight|1\n|-damage|p2a: Corviknight|63/100\n|-resisted|p2a: Corviknight|1\n|-damage|p2a: Corviknight|58/100\n|-resisted|p2a: Corviknight|1\n|-damage|p2a: Corviknight|53/100\n|-hitcount|p2a: Corviknight|4\n|-unboost|p1a: Dragonite|def|1\n|-boost|p1a: Dragonite|spe|1\n|\n|-weather|Sandstorm|[upkeep]\n|-damage|p1a: Dragonite|88/100|[from] Sandstorm\n|-damage|p1b: Basculegion|5/100|[from] Sandstorm\n|-heal|p2a: Corviknight|59/100|[from] item: Leftovers\n|upkeep\n|\n|t:|1776058045\n|switch|p2b: Excadrill|Excadrill, L50, F, shiny|100/100\n|turn|5\n|\n|t:|1776058070\n|switch|p1b: Clefable|Clefable, L50, F|100/100\n|move|p1a: Dragonite|Protect|p1a: Dragonite\n|-singleturn|p1a: Dragonite|Protect\n|move|p2b: Excadrill|Rock Slide|p1a: Dragonite|[spread] p1b\n|-activate|p1a: Dragonite|move: Protect\n|-damage|p1b: Clefable|83/100\n|move|p2a: Corviknight|Roost|p2a: Corviknight\n|-heal|p2a: Corviknight|100/100\n|-singleturn|p2a: Corviknight|move: Roost\n|\n|-weather|Sandstorm|[upkeep]\n|-damage|p1a: Dragonite|82/100|[from] Sandstorm\n|-damage|p1b: Clefable|77/100|[from] Sandstorm\n|upkeep\n|turn|6\n|\n|t:|1776058098\n|move|p1b: Clefable|Helping Hand|p1a: Dragonite\n|-singleturn|p1a: Dragonite|Helping Hand|[of] p1b: Clefable\n|move|p1a: Dragonite|Extreme Speed|p2b: Excadrill\n|-resisted|p2b: Excadrill|1\n|-damage|p2b: Excadrill|68/100\n|move|p2b: Excadrill|Rock Slide|p1a: Dragonite|[spread] p1a,p1b\n|-supereffective|p1a: Dragonite|1\n|-damage|p1a: Dragonite|15/100\n|-damage|p1b: Clefable|59/100\n|move|p2a: Corviknight|Brave Bird|p1b: Clefable\n|-damage|p1b: Clefable|32/100\n|-enditem|p1b: Clefable|Sitrus Berry|[eat]\n|-heal|p1b: Clefable|57/100|[from] item: Sitrus Berry\n|-damage|p2a: Corviknight|92/100|[from] Recoil\n|\n|-weather|Sandstorm|[upkeep]\n|-damage|p1a: Dragonite|9/100|[from] Sandstorm\n|-damage|p1b: Clefable|51/100|[from] Sandstorm\n|-heal|p2a: Corviknight|98/100|[from] item: Leftovers\n|-sideend|p2: ye979166426|move: Tailwind\n|upkeep\n|turn|7\n|\n|t:|1776058129\n|move|p1b: Clefable|Helping Hand|p1a: Dragonite\n|-singleturn|p1a: Dragonite|Helping Hand|[of] p1b: Clefable\n|move|p1a: Dragonite|Extreme Speed|p2b: Excadrill\n|-resisted|p2b: Excadrill|1\n|-damage|p2b: Excadrill|32/100\n|move|p2b: Excadrill|Swords Dance|p2b: Excadrill\n|-boost|p2b: Excadrill|atk|2\n|move|p2a: Corviknight|Tailwind|p2a: Corviknight\n|-sidestart|p2: ye979166426|move: Tailwind\n|\n|-weather|none\n|-heal|p2a: Corviknight|100/100|[from] item: Leftovers\n|upkeep\n|turn|8\n|\n|t:|1776058142\n|move|p1b: Clefable|Helping Hand|p1a: Dragonite\n|-singleturn|p1a: Dragonite|Helping Hand|[of] p1b: Clefable\n|move|p2b: Excadrill|Protect|p2b: Excadrill\n|-singleturn|p2b: Excadrill|Protect\n|move|p1a: Dragonite|Extreme Speed|p2b: Excadrill\n|-activate|p2b: Excadrill|move: Protect\n|move|p2a: Corviknight|Brave Bird|p1a: Dragonite\n|-damage|p1a: Dragonite|0 fnt\n|faint|p1a: Dragonite\n|-damage|p2a: Corviknight|98/100|[from] Recoil\n|\n|-heal|p2a: Corviknight|100/100|[from] item: Leftovers\n|upkeep\n|\n|t:|1776058151\n|switch|p1a: Sneasler|Sneasler, L50, F, shiny|1/100\n|turn|9\n|\n|t:|1776058164\n|move|p1a: Sneasler|Fake Out|p2b: Excadrill\n|-resisted|p2b: Excadrill|1\n|-damage|p2b: Excadrill|22/100\n|move|p1b: Clefable|Follow Me|p1b: Clefable\n|-singleturn|p1b: Clefable|move: Follow Me\n|cant|p2b: Excadrill|flinch\n|move|p2a: Corviknight|Brave Bird|p1b: Clefable\n|-damage|p1b: Clefable|21/100\n|-damage|p2a: Corviknight|91/100|[from] Recoil\n|\n|-heal|p2a: Corviknight|97/100|[from] item: Leftovers\n|upkeep\n|turn|10\n|\n|t:|1776058181\n|move|p1a: Sneasler|Protect|p1a: Sneasler\n|-singleturn|p1a: Sneasler|Protect\n|move|p1b: Clefable|Protect|p1b: Clefable\n|-singleturn|p1b: Clefable|Protect\n|move|p2b: Excadrill|Earthquake|p1a: Sneasler|[spread] \n|-activate|p1a: Sneasler|move: Protect\n|-activate|p1b: Clefable|move: Protect\n|-immune|p2a: Corviknight\n|move|p2a: Corviknight|Brave Bird|p1a: Sneasler\n|-activate|p1a: Sneasler|move: Protect\n|\n|-heal|p2a: Corviknight|100/100|[from] item: Leftovers\n|-sideend|p2: ye979166426|move: Tailwind\n|upkeep\n|turn|11\n|\n|t:|1776058200\n|move|p1b: Clefable|Helping Hand|p1a: Sneasler\n|-singleturn|p1a: Sneasler|Helping Hand|[of] p1b: Clefable\n|move|p2b: Excadrill|Protect|p2b: Excadrill\n|-singleturn|p2b: Excadrill|Protect\n|move|p1a: Sneasler|Close Combat|p2a: Corviknight\n|-damage|p2a: Corviknight|39/100\n|-unboost|p1a: Sneasler|def|1\n|-unboost|p1a: Sneasler|spd|1\n|move|p2a: Corviknight|Tailwind|p2a: Corviknight\n|-sidestart|p2: ye979166426|move: Tailwind\n|\n|-heal|p2a: Corviknight|45/100|[from] item: Leftovers\n|upkeep\n|turn|12\n|\n|t:|1776058235\n|move|p2b: Excadrill|Earthquake|p1b: Clefable|[spread] p1a,p1b\n|-immune|p2a: Corviknight\n|-supereffective|p1a: Sneasler|1\n|-damage|p1a: Sneasler|0 fnt\n|-damage|p1b: Clefable|0 fnt\n|faint|p1a: Sneasler\n|faint|p1b: Clefable\n|move|p2a: Corviknight|Roost|p2a: Corviknight\n|-heal|p2a: Corviknight|95/100\n|-singleturn|p2a: Corviknight|move: Roost\n|\n|-heal|p2a: Corviknight|100/100|[from] item: Leftovers\n|upkeep\n|\n|t:|1776058237\n|switch|p1b: Basculegion|Basculegion, L50, M|5/100\n|turn|13\n|\n|t:|1776058250\n|move|p1b: Basculegion|Aqua Jet|p2b: Excadrill\n|-supereffective|p2b: Excadrill|1\n|-damage|p2b: Excadrill|0 fnt\n|faint|p2b: Excadrill\n|move|p2a: Corviknight|Brave Bird|p1b: Basculegion\n|-damage|p1b: Basculegion|0 fnt\n|faint|p1b: Basculegion\n|-damage|p2a: Corviknight|99/100|[from] Recoil\n|\n|win|ye979166426\n|raw|BakedPotateo's rating: 1218 &rarr; <strong>1200</strong><br />(-18 for losing)\n|raw|ye979166426's rating: 1318 &rarr; <strong>1332</strong><br />(+14 for winning)\n|l|\u2606BakedPotateo\n|player|p1|\n",
  "uploadtime": 1776058261,
  "views": 16,
  "formatid": "gen9championsvgc2026regma",
  "rating": 1200,
  "private": 0,
  "password": null
}