{
  "id": "gen9championsvgc2026regma-2584838676",
  "format": "[Gen 9 Champions] VGC 2026 Reg M-A",
  "players": [
    "Charlie Chaplinski",
    "dieghetto"
  ],
  "log": "|j|\u203dCharlie Chaplinski\n|j|\u2606dieghetto\n|t:|1776287615\n|gametype|doubles\n|player|p1|Charlie Chaplinski|102|1085\n|player|p2|dieghetto|1|1144\n|gen|9\n|tier|[Gen 9 Champions] VGC 2026 Reg M-A\n|rated|\n|rule|Species Clause: Limit one of each Pok\u00e9mon\n|rule|Item Clause: Limit 1 of each item\n|clearpoke\n|poke|p1|Froslass, L50, F|\n|poke|p1|Mr. Rime, L50, F|\n|poke|p1|Hawlucha, L50, M|\n|poke|p1|Whimsicott, L50, M|\n|poke|p1|Incineroar, L50, M|\n|poke|p1|Sinistcha, L50|\n|poke|p2|Alakazam, L50, F|\n|poke|p2|Altaria, L50, F|\n|poke|p2|Kingambit, L50, F|\n|poke|p2|Primarina, L50, M|\n|poke|p2|Meowscarada, L50, M|\n|poke|p2|Rotom-Heat, L50|\n|teampreview|4\n|\n|t:|1776287655\n|teamsize|p1|4\n|teamsize|p2|4\n|start\n|switch|p1a: Hawlucha|Hawlucha, L50, M|100/100\n|switch|p1b: Mr. Rime|Mr. Rime, L50, F|100/100\n|switch|p2a: Alakazam|Alakazam, L50, F|100/100\n|switch|p2b: Meowscarada|Meowscarada, L50, M|100/100\n|turn|1\n|\n|t:|1776287686\n|detailschange|p1a: Hawlucha|Hawlucha-Mega, L50, M\n|-mega|p1a: Hawlucha|Hawlucha|Hawluchanite\n|detailschange|p2a: Alakazam|Alakazam-Mega, L50, F\n|-mega|p2a: Alakazam|Alakazam|Alakazite\n|-ability|p2a: Alakazam|No Guard|Trace|[from] ability: Trace|[of] p1a: Hawlucha\n|move|p1b: Mr. Rime|Fake Out|p2a: Alakazam\n|-damage|p2a: Alakazam|87/100\n|move|p2b: Meowscarada|U-turn|p1a: Hawlucha\n|-start|p2b: Meowscarada|typechange|Bug|[from] ability: Protean\n|-resisted|p1a: Hawlucha|2\n|-damage|p1a: Hawlucha|90/100\n|\n|t:|1776287699\n|switch|p2b: Rotom|Rotom-Heat, L50|100/100|[from] U-turn\n|cant|p2a: Alakazam|flinch\n|move|p1a: Hawlucha|Entrainment|p1b: Mr. Rime\n|-ability|p1b: Mr. Rime|No Guard|Ice Body|[from] move: Entrainment|[of] p1a: Hawlucha\n|\n|upkeep\n|turn|2\n|\n|t:|1776287727\n|switch|p1a: Whimsicott|Whimsicott, L50, M|100/100\n|move|p2a: Alakazam|Psychic|p1a: Whimsicott\n|-damage|p1a: Whimsicott|23/100\n|-unboost|p1a: Whimsicott|spd|1\n|move|p1b: Mr. Rime|Sheer Cold|p2b: Rotom\n|-damage|p2b: Rotom|0 fnt\n|faint|p2b: Rotom\n|-ohko\n|\n|upkeep\n|\n|t:|1776287739\n|switch|p2b: Kingambit|Kingambit, L50, F|100/100\n|turn|3\n|\n|t:|1776287750\n|move|p1a: Whimsicott|Tailwind|p1a: Whimsicott\n|-sidestart|p1: Charlie Chaplinski|move: Tailwind\n|move|p2b: Kingambit|Sucker Punch|p1b: Mr. Rime\n|-supereffective|p1b: Mr. Rime|1\n|-damage|p1b: Mr. Rime|0 fnt\n|faint|p1b: Mr. Rime\n|move|p2a: Alakazam|Psychic|p1a: Whimsicott\n|-damage|p1a: Whimsicott|0 fnt\n|faint|p1a: Whimsicott\n|\n|upkeep\n|c|\u2606dieghetto|JAJAJAAAJAJ\n|\n|t:|1776287760\n|switch|p1a: Hawlucha|Hawlucha-Mega, L50, M|90/100\n|switch|p1b: Incineroar|Incineroar, L50, M|100/100\n|-ability|p1b: Incineroar|Intimidate|boost\n|-unboost|p2a: Alakazam|atk|1\n|-unboost|p2b: Kingambit|atk|1\n|-ability|p2b: Kingambit|Defiant|boost\n|-boost|p2b: Kingambit|atk|2\n|turn|4\n|\n|t:|1776287773\n|switch|p2a: Meowscarada|Meowscarada, L50, M|100/100\n|move|p2b: Kingambit|Protect|p2b: Kingambit\n|-singleturn|p2b: Kingambit|Protect\n|move|p1a: Hawlucha|Flying Press|p2b: Kingambit\n|-activate|p2b: Kingambit|move: Protect\n|move|p1b: Incineroar|Throat Chop|p2a: Meowscarada\n|-resisted|p2a: Meowscarada|1\n|-damage|p2a: Meowscarada|73/100\n|-start|p2a: Meowscarada|Throat Chop|[silent]\n|\n|upkeep\n|turn|5\n|\n|t:|1776287800\n|move|p2b: Kingambit|Sucker Punch|p1b: Incineroar\n|-resisted|p1b: Incineroar|1\n|-damage|p1b: Incineroar|70/100\n|move|p1a: Hawlucha|Flying Press|p2a: Meowscarada\n|-supereffective|p2a: Meowscarada|2\n|-damage|p2a: Meowscarada|0 fnt\n|faint|p2a: Meowscarada\n|move|p1b: Incineroar|Flare Blitz|p2b: Kingambit\n|-supereffective|p2b: Kingambit|1\n|-damage|p2b: Kingambit|20/100\n|-damage|p1b: Incineroar|48/100|[from] Recoil\n|-enditem|p1b: Incineroar|Sitrus Berry|[eat]\n|-heal|p1b: Incineroar|72/100|[from] item: Sitrus Berry\n|\n|upkeep\n|\n|t:|1776287806\n|switch|p2a: Alakazam|Alakazam-Mega, L50, F|87/100\n|-ability|p2a: Alakazam|No Guard|Trace|[from] ability: Trace|[of] p1a: Hawlucha\n|turn|6\n|\n|t:|1776287833\n|move|p1a: Hawlucha|Flying Press|p2b: Kingambit\n|-supereffective|p2b: Kingambit|1\n|-damage|p2b: Kingambit|0 fnt\n|faint|p2b: Kingambit\n|move|p2a: Alakazam|Focus Blast|p1b: Incineroar\n|-supereffective|p1b: Incineroar|1\n|-damage|p1b: Incineroar|0 fnt\n|faint|p1b: Incineroar\n|\n|-sideend|p1: Charlie Chaplinski|move: Tailwind\n|upkeep\n|turn|7\n|\n|t:|1776287849\n|move|p2a: Alakazam|Psychic|p1a: Hawlucha\n|-supereffective|p1a: Hawlucha|1\n|-damage|p1a: Hawlucha|0 fnt\n|faint|p1a: Hawlucha\n|\n|win|dieghetto\n|raw|Charlie Chaplinski's rating: 1085 &rarr; <strong>1066</strong><br />(-19 for losing)\n|raw|dieghetto's rating: 1144 &rarr; <strong>1165</strong><br />(+21 for winning)\n|l|\u203dCharlie Chaplinski\n|player|p1|\n",
  "uploadtime": 1776287886,
  "views": 38,
  "formatid": "gen9championsvgc2026regma",
  "rating": 1066,
  "private": 0,
  "password": null
}