{
  "id": "gen9championsvgc2026regma-2580742902",
  "format": "[Gen 9 Champions] VGC 2026 Reg M-A",
  "players": [
    "Juicy Jessi",
    "Cowtow14"
  ],
  "log": "|j|\u2606Juicy Jessi\n|j|\u2606Cowtow14\n|t:|1775928821\n|gametype|doubles\n|player|p1|Juicy Jessi|265|1035\n|player|p2|Cowtow14|guzma|1098\n|gen|9\n|tier|[Gen 9 Champions] VGC 2026 Reg M-A\n|rated|\n|rule|Species Clause: Limit one of each Pok\u00e9mon\n|rule|Item Clause: Limit 1 of each item\n|clearpoke\n|poke|p1|Sneasler, L50, F|\n|poke|p1|Volcarona, L50, M|\n|poke|p1|Maushold, L50|\n|poke|p1|Noivern, L50, M|\n|poke|p1|Floette-Eternal, L50, F|\n|poke|p1|Kingambit, L50, M|\n|poke|p2|Sneasler, L50, F|\n|poke|p2|Incineroar, L50, M|\n|poke|p2|Kommo-o, L50, F|\n|poke|p2|Sinistcha, L50|\n|poke|p2|Whimsicott, L50, M|\n|poke|p2|Glimmora, L50, F|\n|teampreview|4\n|inactive|Battle timer is ON: inactive players will automatically lose when time's up. (requested by Juicy Jessi)\nJuicy Jessi has agreed to open team sheets.\n|inactive|Juicy Jessi has 60 seconds left.\n|\n|t:|1775928862\n|teamsize|p1|4\n|teamsize|p2|4\n|start\n|switch|p1a: Volcarona|Volcarona, L50, M|100/100\n|switch|p1b: Sneasler|Sneasler, L50, F|100/100\n|switch|p2a: Sneasler|Sneasler, L50, F|100/100\n|switch|p2b: Whimsicott|Whimsicott, L50, M|100/100\n|turn|1\n|\n|t:|1775928880\n|move|p1b: Sneasler|Fake Out|p2a: Sneasler\n|-damage|p2a: Sneasler|75/100\n|cant|p2a: Sneasler|flinch\n|move|p2b: Whimsicott|Tailwind|p2b: Whimsicott\n|-sidestart|p2: Cowtow14|move: Tailwind\n|move|p1a: Volcarona|Quiver Dance|p1a: Volcarona\n|-boost|p1a: Volcarona|spa|1\n|-boost|p1a: Volcarona|spd|1\n|-boost|p1a: Volcarona|spe|1\n|\n|upkeep\n|turn|2\n|\n|t:|1775928891\n|switch|p2a: Kommo-o|Kommo-o, L50, F|100/100\n|move|p1a: Volcarona|Protect|p1a: Volcarona\n|-singleturn|p1a: Volcarona|Protect\n|move|p2b: Whimsicott|Encore|p1a: Volcarona\n|-activate|p1a: Volcarona|move: Protect\n|move|p1b: Sneasler|Dire Claw|p2b: Whimsicott\n|-supereffective|p2b: Whimsicott|2\n|-enditem|p2b: Whimsicott|Focus Sash\n|-damage|p2b: Whimsicott|1/100\n|\n|upkeep\n|turn|3\n|\n|t:|1775928904\n|switch|p1a: Floette|Floette-Eternal, L50, F|100/100\n|move|p2b: Whimsicott|Encore||[still]\n|-fail|p2b: Whimsicott\n|move|p2a: Kommo-o|Clangorous Soul|p2a: Kommo-o\n|-boost|p2a: Kommo-o|atk|1\n|-boost|p2a: Kommo-o|def|1\n|-boost|p2a: Kommo-o|spa|1\n|-boost|p2a: Kommo-o|spd|1\n|-boost|p2a: Kommo-o|spe|1\n|-damage|p2a: Kommo-o|68/100\n|move|p1b: Sneasler|Dire Claw|p2a: Kommo-o\n|-damage|p2a: Kommo-o|42/100\n|-status|p2a: Kommo-o|par\n|\n|-heal|p2a: Kommo-o|48/100 par|[from] item: Leftovers\n|upkeep\n|turn|4\n|\n|t:|1775928927\n|switch|p1b: Volcarona|Volcarona, L50, M|100/100\n|detailschange|p1a: Floette|Floette-Mega, L50, F\n|-mega|p1a: Floette|Floette|Floettite\n|-ability|p1a: Floette|Fairy Aura\n|move|p2b: Whimsicott|Encore||[still]\n|-fail|p2b: Whimsicott\n|move|p2a: Kommo-o|Clanging Scales|p1b: Volcarona|[spread] p1b\n|-immune|p1a: Floette\n|-damage|p1b: Volcarona|51/100\n|-unboost|p2a: Kommo-o|def|1\n|move|p1a: Floette|Dazzling Gleam|p2a: Kommo-o|[spread] p2a,p2b\n|-supereffective|p2a: Kommo-o|2\n|-damage|p2a: Kommo-o|0 fnt\n|-damage|p2b: Whimsicott|0 fnt\n|faint|p2a: Kommo-o\n|faint|p2b: Whimsicott\n|\n|-sideend|p2: Cowtow14|move: Tailwind\n|upkeep\n|\n|t:|1775928931\n|switch|p2a: Glimmora|Glimmora, L50, F|100/100\n|switch|p2b: Sneasler|Sneasler, L50, F|75/100\n|turn|5\n|\n|t:|1775928953\n|detailschange|p2a: Glimmora|Glimmora-Mega, L50, F\n|-mega|p2a: Glimmora|Glimmora|Glimmoranite\n|move|p1b: Volcarona|Protect|p1b: Volcarona\n|-singleturn|p1b: Volcarona|Protect\n|move|p2b: Sneasler|Fake Out|p1a: Floette\n|-damage|p1a: Floette|81/100\n|cant|p1a: Floette|flinch\n|move|p2a: Glimmora|Power Gem|p1b: Volcarona\n|-activate|p1b: Volcarona|move: Protect\n|\n|upkeep\n|turn|6\n|\n|t:|1775928963\n|switch|p1b: Sneasler|Sneasler, L50, F|100/100\n|move|p1a: Floette|Dazzling Gleam|p2a: Glimmora|[spread] p2a,p2b\n|-resisted|p2a: Glimmora|1\n|-damage|p2a: Glimmora|75/100\n|-damage|p2b: Sneasler|18/100\n|move|p2a: Glimmora|Power Gem|p1b: Sneasler\n|-resisted|p1b: Sneasler|1\n|-damage|p1b: Sneasler|59/100\n|move|p2b: Sneasler|Dire Claw|p1a: Floette\n|-supereffective|p1a: Floette|1\n|-damage|p1a: Floette|0 fnt\n|faint|p1a: Floette\n|\n|upkeep\n|\n|t:|1775928975\n|switch|p1a: Maushold|Maushold, L50|100/100\n|turn|7\n|inactive|Cowtow14 has 30 seconds left.\n|\n|t:|1775929002\n|move|p1a: Maushold|Follow Me|p1a: Maushold\n|-singleturn|p1a: Maushold|move: Follow Me\n|move|p1b: Sneasler|Close Combat|p2a: Glimmora\n|-damage|p2a: Glimmora|9/100\n|-unboost|p1b: Sneasler|def|1\n|-unboost|p1b: Sneasler|spd|1\n|-enditem|p1b: Sneasler|White Herb\n|-clearnegativeboost|p1b: Sneasler|[silent]\n|move|p2a: Glimmora|Power Gem|p1a: Maushold\n|-damage|p1a: Maushold|9/100\n|move|p2b: Sneasler|Close Combat|p1a: Maushold\n|-supereffective|p1a: Maushold|1\n|-enditem|p1a: Maushold|Chople Berry|[eat]\n|-enditem|p1a: Maushold|Chople Berry|[weaken]\n|-damage|p1a: Maushold|0 fnt\n|-unboost|p2b: Sneasler|def|1\n|-unboost|p2b: Sneasler|spd|1\n|faint|p1a: Maushold\n|-enditem|p2b: Sneasler|White Herb\n|-clearnegativeboost|p2b: Sneasler|[silent]\n|\n|upkeep\n|\n|t:|1775929006\n|switch|p1a: Volcarona|Volcarona, L50, M|51/100\n|turn|8\n|\n|t:|1775929015\n|move|p2a: Glimmora|Spiky Shield|p2a: Glimmora\n|-singleturn|p2a: Glimmora|move: Protect\n|move|p1b: Sneasler|Close Combat|p2a: Glimmora\n|-activate|p2a: Glimmora|move: Protect\n|-damage|p1b: Sneasler|46/100|[from] Spiky Shield|[of] p2a: Glimmora\n|move|p2b: Sneasler|Rock Tomb|p1a: Volcarona\n|-supereffective|p1a: Volcarona|2\n|-damage|p1a: Volcarona|0 fnt\n|faint|p1a: Volcarona\n|\n|upkeep\n|turn|9\n|\n|t:|1775929033\n|move|p1b: Sneasler|Dire Claw|p2a: Glimmora\n|-resisted|p2a: Glimmora|2\n|-damage|p2a: Glimmora|0 fnt\n|faint|p2a: Glimmora\n|move|p2b: Sneasler|Close Combat|p1b: Sneasler\n|-resisted|p1b: Sneasler|1\n|-damage|p1b: Sneasler|0 fnt\n|-unboost|p2b: Sneasler|def|1\n|-unboost|p2b: Sneasler|spd|1\n|faint|p1b: Sneasler\n|\n|win|Cowtow14\n|raw|Juicy Jessi's rating: 1035 &rarr; <strong>1022</strong><br />(-13 for losing)\n|raw|Cowtow14's rating: 1098 &rarr; <strong>1119</strong><br />(+21 for winning)\n",
  "uploadtime": 1775929037,
  "views": 11,
  "formatid": "gen9championsvgc2026regma",
  "rating": 1022,
  "private": 0,
  "password": null
}