{
  "id": "gen9championsvgc2026regma-2587151003",
  "format": "[Gen 9 Champions] VGC 2026 Reg M-A",
  "players": [
    "david88888",
    "BlackWu"
  ],
  "log": "|j|\u2606david88888\n|j|\u2606BlackWu\n|t:|1776500895\n|gametype|doubles\n|player|p1|david88888|266|1214\n|player|p2|BlackWu|101|1234\n|gen|9\n|tier|[Gen 9 Champions] VGC 2026 Reg M-A\n|rated|\n|rule|Species Clause: Limit one of each Pok\u00e9mon\n|rule|Item Clause: Limit 1 of each item\n|clearpoke\n|poke|p1|Starmie, L50|\n|poke|p1|Aegislash, L50, M|\n|poke|p1|Sneasler, L50, M|\n|poke|p1|Pelipper, L50, M|\n|poke|p1|Archaludon, L50, F|\n|poke|p1|Maushold, L50|\n|poke|p2|Tyranitar, L50, F|\n|poke|p2|Sneasler, L50, M|\n|poke|p2|Gyarados, L50, M|\n|poke|p2|Goodra-Hisui, L50, M|\n|poke|p2|Sinistcha, L50|\n|poke|p2|Farigiraf, L50, M|\n|teampreview|4\n|inactive|Battle timer is ON: inactive players will automatically lose when time's up. (requested by david88888)\n|inactive|david88888 has 60 seconds left.\n|inactive|BlackWu has 60 seconds left.\n|\n|t:|1776500955\n|teamsize|p1|4\n|teamsize|p2|4\n|start\n|switch|p1a: Pelipper|Pelipper, L50, M|100/100\n|switch|p1b: Aegislash|Aegislash, L50, M|100/100\n|switch|p2a: Goodra|Goodra-Hisui, L50, M|100/100\n|switch|p2b: Farigiraf|Farigiraf, L50, M|100/100\n|-weather|RainDance|[from] ability: Drizzle|[of] p1a: Pelipper\n|turn|1\n|inactive|david88888 has 30 seconds left.\n|inactive|david88888 has 20 seconds left.\n|\n|t:|1776500990\n|switch|p2a: Tyranitar|Tyranitar, L50, F|100/100\n|-weather|Sandstorm|[from] ability: Sand Stream|[of] p2a: Tyranitar\n|move|p1a: Pelipper|Weather Ball|p2b: Farigiraf\n|-damage|p2b: Farigiraf|76/100\n|-formechange|p1b: Aegislash|Aegislash-Blade|\n|move|p1b: Aegislash|Sacred Sword|p2b: Farigiraf\n|-damage|p2b: Farigiraf|46/100\n|move|p2b: Farigiraf|Twin Beam|p1a: Pelipper\n|-damage|p1a: Pelipper|74/100\n|-damage|p1a: Pelipper|47/100\n|-hitcount|p1a: Pelipper|2\n|\n|-weather|Sandstorm|[upkeep]\n|-damage|p1a: Pelipper|41/100|[from] Sandstorm\n|-damage|p2b: Farigiraf|40/100|[from] Sandstorm\n|upkeep\n|turn|2\n|inactive|david88888 has 30 seconds left.\n|inactive|BlackWu has 30 seconds left.\n|\n|t:|1776501025\n|detailschange|p2a: Tyranitar|Tyranitar-Mega, L50, F\n|-mega|p2a: Tyranitar|Tyranitar|Tyranitarite\n|move|p1a: Pelipper|Protect|p1a: Pelipper\n|-singleturn|p1a: Pelipper|Protect\n|move|p2a: Tyranitar|Knock Off|p1b: Aegislash\n|-supereffective|p1b: Aegislash|1\n|-damage|p1b: Aegislash|0 fnt\n|-enditem|p1b: Aegislash|Kasib Berry|[from] move: Knock Off|[of] p2a: Tyranitar\n|faint|p1b: Aegislash\n|move|p2b: Farigiraf|Trick Room|p2b: Farigiraf\n|-fieldstart|move: Trick Room|[of] p2b: Farigiraf\n|\n|-weather|Sandstorm|[upkeep]\n|-damage|p2b: Farigiraf|34/100|[from] Sandstorm\n|-damage|p1a: Pelipper|36/100|[from] Sandstorm\n|upkeep\n|\n|t:|1776501035\n|switch|p1b: Archaludon|Archaludon, L50, F|100/100\n|turn|3\n|\n|t:|1776501053\n|switch|p2b: Goodra|Goodra-Hisui, L50, M|100/100\n|move|p1b: Archaludon|Flash Cannon|p2a: Tyranitar\n|-supereffective|p2a: Tyranitar|1\n|-damage|p2a: Tyranitar|60/100\n|move|p2a: Tyranitar|Knock Off|p1a: Pelipper\n|-damage|p1a: Pelipper|0 fnt\n|-enditem|p1a: Pelipper|Focus Sash|[from] move: Knock Off|[of] p2a: Tyranitar\n|faint|p1a: Pelipper\n|\n|-weather|Sandstorm|[upkeep]\n|upkeep\n|\n|t:|1776501058\n|switch|p1a: Starmie|Starmie, L50|100/100\n|turn|4\n|\n|t:|1776501079\n|detailschange|p1a: Starmie|Starmie-Mega, L50\n|-mega|p1a: Starmie|Starmie|Starminite\n|move|p2a: Tyranitar|Protect|p2a: Tyranitar\n|-singleturn|p2a: Tyranitar|Protect\n|move|p1a: Starmie|Protect|p1a: Starmie\n|-singleturn|p1a: Starmie|Protect\n|move|p2b: Goodra|Shelter|p2b: Goodra\n|-boost|p2b: Goodra|def|2\n|move|p1b: Archaludon|Flash Cannon|p2a: Tyranitar\n|-activate|p2a: Tyranitar|move: Protect\n|\n|-weather|Sandstorm|[upkeep]\n|-damage|p1a: Starmie|95/100|[from] Sandstorm\n|upkeep\n|turn|5\n|\n|t:|1776501094\n|switch|p2a: Sinistcha|Sinistcha, L50|100/100\n|move|p2b: Goodra|Shelter|p2b: Goodra\n|-boost|p2b: Goodra|def|2\n|move|p1b: Archaludon|Draco Meteor|p2b: Goodra\n|-damage|p2b: Goodra|58/100\n|-unboost|p1b: Archaludon|spa|2\n|move|p1a: Starmie|Liquidation|p2a: Sinistcha\n|-resisted|p2a: Sinistcha|1\n|-damage|p2a: Sinistcha|63/100\n|\n|-weather|none\n|-heal|p2b: Goodra|64/100|[from] item: Leftovers\n|upkeep\n|turn|6\n|\n|t:|1776501112\n|move|p1b: Archaludon|Protect|p1b: Archaludon\n|-singleturn|p1b: Archaludon|Protect\n|move|p1a: Starmie|Protect|p1a: Starmie\n|-singleturn|p1a: Starmie|Protect\n|move|p2b: Goodra|Body Press|p1b: Archaludon\n|-activate|p1b: Archaludon|move: Protect\n|move|p2a: Sinistcha|Life Dew|p2a: Sinistcha|[spread] p2a,p2b\n|-heal|p2a: Sinistcha|88/100\n|-heal|p2b: Goodra|89/100\n|\n|-heal|p2b: Goodra|95/100|[from] item: Leftovers\n|-fieldend|move: Trick Room\n|upkeep\n|turn|7\n|inactive|david88888 has 30 seconds left.\n|\n|t:|1776501139\n|move|p2a: Sinistcha|Protect|p2a: Sinistcha\n|-singleturn|p2a: Sinistcha|Protect\n|move|p1a: Starmie|Ice Spinner|p2a: Sinistcha\n|-activate|p2a: Sinistcha|move: Protect\n|move|p1b: Archaludon|Electro Shot||[still]\n|-prepare|p1b: Archaludon|Electro Shot\n|-boost|p1b: Archaludon|spa|1\n|move|p2b: Goodra|Body Press|p1b: Archaludon\n|-supereffective|p1b: Archaludon|1\n|-damage|p1b: Archaludon|0 fnt\n|faint|p1b: Archaludon\n|\n|-heal|p2b: Goodra|100/100|[from] item: Leftovers\n|upkeep\n|turn|8\n|-message|david88888 forfeited.\n|\n|win|BlackWu\n|raw|david88888's rating: 1214 &rarr; <strong>1190</strong><br />(-24 for losing)\n|raw|BlackWu's rating: 1234 &rarr; <strong>1258</strong><br />(+24 for winning)\n|l|\u2606david88888\n|player|p1|\n",
  "uploadtime": 1776501158,
  "views": 13,
  "formatid": "gen9championsvgc2026regma",
  "rating": 1190,
  "private": 0,
  "password": null
}