{
  "id": "gen9championsvgc2026regma-2585229949",
  "format": "[Gen 9 Champions] VGC 2026 Reg M-A",
  "players": [
    "korporatetrainer",
    "Mask4M"
  ],
  "log": "|j|\u2606korporatetrainer\n|j|\u2606Mask4M\n|t:|1776327662\n|gametype|doubles\n|player|p1|korporatetrainer|n|1133\n|player|p2|Mask4M|101|1163\n|gen|9\n|tier|[Gen 9 Champions] VGC 2026 Reg M-A\n|rated|\n|rule|Species Clause: Limit one of each Pok\u00e9mon\n|rule|Item Clause: Limit 1 of each item\n|clearpoke\n|poke|p1|Garchomp, L50, F|\n|poke|p1|Whimsicott, L50, F|\n|poke|p1|Lopunny, L50, F|\n|poke|p1|Basculegion, L50, M|\n|poke|p1|Floette-Eternal, L50, F|\n|poke|p1|Kingambit, L50, M|\n|poke|p2|Glimmora, L50, F|\n|poke|p2|Dragonite, L50, M|\n|poke|p2|Sneasler, L50, M|\n|poke|p2|Incineroar, L50, F|\n|poke|p2|Whimsicott, L50, F|\n|poke|p2|Rotom-Wash, L50|\n|teampreview|4\n|inactive|Battle timer is ON: inactive players will automatically lose when time's up. (requested by Mask4M)\n|inactive|Mask4M has 60 seconds left.\nkorporatetrainer rejected open team sheets.\n|inactive|Mask4M has 30 seconds left.\n|\n|t:|1776327723\n|teamsize|p1|4\n|teamsize|p2|4\n|start\n|switch|p1a: Lopunny|Lopunny, L50, F|100/100\n|switch|p1b: Kingambit|Kingambit, L50, M|100/100\n|switch|p2a: Whimsicott|Whimsicott, L50, F|100/100\n|switch|p2b: Dragonite|Dragonite, L50, M|100/100\n|turn|1\n|inactive|Mask4M has 30 seconds left.\n|\n|t:|1776327750\n|switch|p2b: Sneasler|Sneasler, L50, M|100/100\n|detailschange|p1a: Lopunny|Lopunny-Mega, L50, F\n|-mega|p1a: Lopunny|Lopunny|Lopunnite\n|move|p1a: Lopunny|Fake Out|p2a: Whimsicott\n|-crit|p2a: Whimsicott\n|-damage|p2a: Whimsicott|60/100\n|cant|p2a: Whimsicott|flinch\n|move|p1b: Kingambit|Iron Head|p2a: Whimsicott\n|-supereffective|p2a: Whimsicott|1\n|-damage|p2a: Whimsicott|0 fnt\n|faint|p2a: Whimsicott\n|\n|upkeep\n|\n|t:|1776327764\n|switch|p2a: Dragonite|Dragonite, L50, M|100/100\n|turn|2\n|inactive|Mask4M has 30 seconds left.\n|inactive|Mask4M has 20 seconds left.\n|inactive|Mask4M has 15 seconds left.\n|\n|t:|1776327807\n|switch|p1b: Whimsicott|Whimsicott, L50, F|100/100\n|move|p1a: Lopunny|Protect|p1a: Lopunny\n|-singleturn|p1a: Lopunny|Protect\n|move|p2b: Sneasler|Fake Out|p1b: Whimsicott\n|-damage|p1b: Whimsicott|87/100\n|move|p2a: Dragonite|Ice Spinner|p1a: Lopunny\n|-activate|p1a: Lopunny|move: Protect\n|\n|upkeep\n|turn|3\n|\n|t:|1776327831\n|move|p2a: Dragonite|Extreme Speed|p1b: Whimsicott\n|-damage|p1b: Whimsicott|60/100\n|move|p1b: Whimsicott|Encore|p2b: Sneasler\n|-start|p2b: Sneasler|Encore\n|move|p2b: Sneasler|Fake Out||[still]\n|-hint|Fake Out only works on your first turn out.\n|-fail|p2b: Sneasler\n|move|p1a: Lopunny|Triple Axel|p2a: Dragonite\n|-supereffective|p2a: Dragonite|2\n|-damage|p2a: Dragonite|70/100\n|-supereffective|p2a: Dragonite|2\n|-damage|p2a: Dragonite|18/100\n|-supereffective|p2a: Dragonite|2\n|-damage|p2a: Dragonite|0 fnt\n|faint|p2a: Dragonite\n|-hitcount|p2: Dragonite|3\n|\n|upkeep\n|\n|t:|1776327841\n|switch|p2a: Glimmora|Glimmora, L50, F|100/100\n|turn|4\n|\n|t:|1776327853\n|switch|p1a: Garchomp|Garchomp, L50, F|100/100\n|detailschange|p2a: Glimmora|Glimmora-Mega, L50, F\n|-mega|p2a: Glimmora|Glimmora|Glimmoranite\n|move|p1b: Whimsicott|Tailwind|p1b: Whimsicott\n|-sidestart|p1: korporatetrainer|move: Tailwind\n|-activate|p2b: Sneasler|move: Struggle\n|move|p2b: Sneasler|Struggle|p1b: Whimsicott\n|-damage|p1b: Whimsicott|44/100\n|-damage|p2b: Sneasler|75/100|[from] recoil\n|move|p2a: Glimmora|Earth Power|p2b: Sneasler\n|-supereffective|p2b: Sneasler|1\n|-damage|p2b: Sneasler|0 fnt\n|faint|p2b: Sneasler\n|\n|upkeep\n|turn|5\n|inactive|korporatetrainer has 30 seconds left.\n|\n|t:|1776327878\n|move|p1a: Garchomp|Stomping Tantrum|p2a: Glimmora\n|-supereffective|p2a: Glimmora|2\n|-damage|p2a: Glimmora|0 fnt\n|faint|p2a: Glimmora\n|\n|win|korporatetrainer\n|raw|korporatetrainer's rating: 1133 &rarr; <strong>1160</strong><br />(+27 for winning)\n|raw|Mask4M's rating: 1163 &rarr; <strong>1136</strong><br />(-27 for losing)\n|l|\u2606korporatetrainer\n|player|p1|\n",
  "uploadtime": 1776327927,
  "views": 26,
  "formatid": "gen9championsvgc2026regma",
  "rating": 1136,
  "private": 0,
  "password": null
}