{
  "id": "gen9championsvgc2026regma-2584961189",
  "format": "[Gen 9 Champions] VGC 2026 Reg M-A",
  "players": [
    "RangerWizard",
    "ioiimaspyioi"
  ],
  "log": "|j|\u2606RangerWizard\n|j|\u2606ioiimaspyioi\n|t:|1776298432\n|gametype|doubles\n|player|p1|RangerWizard|benga|1104\n|player|p2|ioiimaspyioi|morty|1192\n|gen|9\n|tier|[Gen 9 Champions] VGC 2026 Reg M-A\n|rated|\n|rule|Species Clause: Limit one of each Pok\u00e9mon\n|rule|Item Clause: Limit 1 of each item\n|clearpoke\n|poke|p1|Charizard, L50, M|\n|poke|p1|Farigiraf, L50, M|\n|poke|p1|Venusaur, L50, M|\n|poke|p1|Dragonite, L50, M|\n|poke|p1|Arcanine-Hisui, L50, F|\n|poke|p1|Sylveon, L50, M|\n|poke|p2|Froslass, L50, F|\n|poke|p2|Sneasler, L50, F|\n|poke|p2|Incineroar, L50, M|\n|poke|p2|Kingambit, L50, F|\n|poke|p2|Rotom-Frost, L50|\n|poke|p2|Aerodactyl, L50, F|\n|teampreview|4\n|\n|t:|1776298479\n|teamsize|p1|4\n|teamsize|p2|4\n|start\n|switch|p1a: Charizard|Charizard, L50, M|100/100\n|switch|p1b: Farigiraf|Farigiraf, L50, M|100/100\n|switch|p2a: Rotom|Rotom-Frost, L50|100/100\n|switch|p2b: Aerodactyl|Aerodactyl, L50, F|100/100\n|-ability|p2b: Aerodactyl|Unnerve\n|turn|1\n|\n|t:|1776298500\n|detailschange|p1a: Charizard|Charizard-Mega-Y, L50, M\n|-mega|p1a: Charizard|Charizard|Charizardite Y\n|-weather|SunnyDay|[from] ability: Drought|[of] p1a: Charizard\n|move|p1b: Farigiraf|Protect|p1b: Farigiraf\n|-singleturn|p1b: Farigiraf|Protect\n|move|p2a: Rotom|Thunderbolt|p1b: Farigiraf\n|-activate|p1b: Farigiraf|move: Protect\n|move|p2b: Aerodactyl|Rock Slide|p1a: Charizard|[spread] p1a\n|-activate|p1b: Farigiraf|move: Protect\n|-supereffective|p1a: Charizard|2\n|-damage|p1a: Charizard|0 fnt\n|faint|p1a: Charizard\n|\n|-weather|SunnyDay|[upkeep]\n|upkeep\n|\n|t:|1776298511\n|switch|p1a: Venusaur|Venusaur, L50, M|100/100\n|turn|2\n|\n|t:|1776298528\n|switch|p2a: Incineroar|Incineroar, L50, M|100/100\n|-ability|p2a: Incineroar|Intimidate|boost\n|-unboost|p1a: Venusaur|atk|1\n|-unboost|p1b: Farigiraf|atk|1\n|switch|p1b: Arcanine|Arcanine-Hisui, L50, F|100/100\n|-ability|p1b: Arcanine|Intimidate|boost\n|-unboost|p2a: Incineroar|atk|1\n|-unboost|p2b: Aerodactyl|atk|1\n|move|p1a: Venusaur|Light Screen|p1a: Venusaur\n|-sidestart|p1: RangerWizard|move: Light Screen\n|move|p2b: Aerodactyl|Tailwind|p2b: Aerodactyl\n|-sidestart|p2: ioiimaspyioi|move: Tailwind\n|\n|-weather|SunnyDay|[upkeep]\n|upkeep\n|turn|3\n|\n|t:|1776298546\n|move|p2a: Incineroar|Fake Out|p1b: Arcanine\n|-resisted|p1b: Arcanine|1\n|-damage|p1b: Arcanine|97/100\n|move|p2b: Aerodactyl|Dual Wingbeat|p1a: Venusaur\n|-supereffective|p1a: Venusaur|1\n|-damage|p1a: Venusaur|75/100\n|-supereffective|p1a: Venusaur|1\n|-damage|p1a: Venusaur|49/100\n|-hitcount|p1a: Venusaur|2\n|move|p1a: Venusaur|Giga Drain|p2b: Aerodactyl\n|-damage|p2b: Aerodactyl|65/100\n|-heal|p1a: Venusaur|64/100|[from] drain|[of] p2b: Aerodactyl\n|cant|p1b: Arcanine|flinch\n|\n|-weather|SunnyDay|[upkeep]\n|-heal|p1a: Venusaur|70/100|[from] item: Leftovers\n|upkeep\n|turn|4\n|\n|t:|1776298562\n|switch|p1a: Farigiraf|Farigiraf, L50, M|100/100\n|move|p2b: Aerodactyl|Dual Wingbeat|p1a: Farigiraf\n|-damage|p1a: Farigiraf|87/100\n|-damage|p1a: Farigiraf|75/100\n|-hitcount|p1a: Farigiraf|2\n|move|p1b: Arcanine|Rock Slide|p2a: Incineroar|[spread] p2a,p2b\n|-supereffective|p2a: Incineroar|1\n|-supereffective|p2b: Aerodactyl|1\n|-damage|p2a: Incineroar|46/100\n|-damage|p2b: Aerodactyl|0 fnt\n|-enditem|p2a: Incineroar|Sitrus Berry|[eat]\n|-heal|p2a: Incineroar|71/100|[from] item: Sitrus Berry\n|faint|p2b: Aerodactyl\n|cant|p2a: Incineroar|flinch\n|\n|-weather|SunnyDay|[upkeep]\n|upkeep\n|\n|t:|1776298578\n|switch|p2b: Froslass|Froslass, L50, F|100/100\n|turn|5\n|\n|t:|1776298588\n|detailschange|p2b: Froslass|Froslass-Mega, L50, F\n|-mega|p2b: Froslass|Froslass|Froslassite\n|-weather|Snowscape|[from] ability: Snow Warning|[of] p2b: Froslass\n|move|p2b: Froslass|Blizzard|p1a: Farigiraf|[spread] p1a,p1b\n|-resisted|p1b: Arcanine|1\n|-damage|p1a: Farigiraf|46/100\n|-damage|p1b: Arcanine|83/100\n|move|p1b: Arcanine|Rock Slide|p2a: Incineroar|[spread] p2a,p2b\n|-supereffective|p2a: Incineroar|1\n|-supereffective|p2b: Froslass|1\n|-damage|p2a: Incineroar|20/100\n|-damage|p2b: Froslass|47/100\n|move|p2a: Incineroar|Darkest Lariat|p1a: Farigiraf\n|-supereffective|p1a: Farigiraf|1\n|-damage|p1a: Farigiraf|0 fnt\n|faint|p1a: Farigiraf\n|\n|-weather|Snowscape|[upkeep]\n|-sideend|p2: ioiimaspyioi|move: Tailwind\n|upkeep\n|\n|t:|1776298600\n|switch|p1a: Venusaur|Venusaur, L50, M|70/100\n|turn|6\n|\n|t:|1776298610\n|switch|p2a: Rotom|Rotom-Frost, L50|100/100\n|move|p2b: Froslass|Protect|p2b: Froslass\n|-singleturn|p2b: Froslass|Protect\n|move|p1a: Venusaur|Protect|p1a: Venusaur\n|-singleturn|p1a: Venusaur|Protect\n|move|p1b: Arcanine|Rock Slide|p2a: Rotom|[spread] p2a\n|-activate|p2b: Froslass|move: Protect\n|-supereffective|p2a: Rotom|1\n|-damage|p2a: Rotom|44/100\n|\n|-weather|Snowscape|[upkeep]\n|-heal|p1a: Venusaur|76/100|[from] item: Leftovers\n|-sideend|p1: RangerWizard|move: Light Screen\n|upkeep\n|turn|7\n|\n|t:|1776298634\n|move|p2a: Rotom|Blizzard|p1b: Arcanine|[spread] p1a,p1b\n|-supereffective|p1a: Venusaur|1\n|-resisted|p1b: Arcanine|1\n|-damage|p1a: Venusaur|9/100\n|-damage|p1b: Arcanine|65/100\n|move|p2b: Froslass|Aurora Veil|p2b: Froslass\n|-sidestart|p2: ioiimaspyioi|move: Aurora Veil\n|move|p1b: Arcanine|Rock Slide|p2a: Rotom|[spread] p2a,p2b\n|-supereffective|p2a: Rotom|1\n|-supereffective|p2b: Froslass|1\n|-crit|p2b: Froslass\n|-damage|p2a: Rotom|9/100\n|-damage|p2b: Froslass|0 fnt\n|faint|p2b: Froslass\n|move|p1a: Venusaur|Light Screen|p1a: Venusaur\n|-sidestart|p1: RangerWizard|move: Light Screen\n|\n|-weather|Snowscape|[upkeep]\n|-heal|p1a: Venusaur|14/100|[from] item: Leftovers\n|upkeep\n|\n|t:|1776298643\n|switch|p2b: Incineroar|Incineroar, L50, M|20/100\n|-ability|p2b: Incineroar|Intimidate|boost\n|-unboost|p1a: Venusaur|atk|1\n|-unboost|p1b: Arcanine|atk|1\n|turn|8\n|\n|t:|1776298660\n|move|p2b: Incineroar|Fake Out|p1b: Arcanine\n|-resisted|p1b: Arcanine|1\n|-damage|p1b: Arcanine|60/100\n|move|p2a: Rotom|Blizzard|p1b: Arcanine|[spread] p1a,p1b\n|-supereffective|p1a: Venusaur|1\n|-resisted|p1b: Arcanine|1\n|-damage|p1a: Venusaur|0 fnt\n|-damage|p1b: Arcanine|48/100\n|faint|p1a: Venusaur\n|cant|p1b: Arcanine|flinch\n|\n|-weather|Snowscape|[upkeep]\n|upkeep\n|turn|9\n|\n|t:|1776298670\n|move|p2a: Rotom|Blizzard|p1b: Arcanine\n|-resisted|p1b: Arcanine|1\n|-damage|p1b: Arcanine|31/100\n|move|p1b: Arcanine|Rock Slide|p2a: Rotom|[spread] p2a\n|-miss|p1b: Arcanine|p2b: Incineroar\n|-supereffective|p2a: Rotom|1\n|-damage|p2a: Rotom|0 fnt\n|faint|p2a: Rotom\n|move|p2b: Incineroar|Darkest Lariat|p1b: Arcanine\n|-damage|p1b: Arcanine|0 fnt\n|faint|p1b: Arcanine\n|\n|win|ioiimaspyioi\n|raw|RangerWizard's rating: 1104 &rarr; <strong>1085</strong><br />(-19 for losing)\n|raw|ioiimaspyioi's rating: 1192 &rarr; <strong>1211</strong><br />(+19 for winning)\n|l|\u2606RangerWizard\n|player|p1|\n",
  "uploadtime": 1776298681,
  "views": 18,
  "formatid": "gen9championsvgc2026regma",
  "rating": 1085,
  "private": 0,
  "password": null
}