{
  "id": "gen9championsvgc2026regma-2584200976",
  "format": "[Gen 9 Champions] VGC 2026 Reg M-A",
  "players": [
    "WojtusG",
    "jainahilda"
  ],
  "log": "|j|\u2606WojtusG\n|j|\u2606jainahilda\n|t:|1776237502\n|gametype|doubles\n|player|p1|WojtusG|steven|1115\n|player|p2|jainahilda|hilda-wonderlauncher|1082\n|gen|9\n|tier|[Gen 9 Champions] VGC 2026 Reg M-A\n|rated|\n|rule|Species Clause: Limit one of each Pok\u00e9mon\n|rule|Item Clause: Limit 1 of each item\n|clearpoke\n|poke|p1|Zoroark-Hisui, L50, M|\n|poke|p1|Meganium, L50, M|\n|poke|p1|Pelipper, L50, M|\n|poke|p1|Archaludon, L50, F|\n|poke|p1|Sneasler, L50, F|\n|poke|p1|Incineroar, L50, M|\n|poke|p2|Sneasler, L50, M|\n|poke|p2|Froslass, L50, F|\n|poke|p2|Sylveon, L50, F|\n|poke|p2|Sinistcha-Masterpiece, L50|\n|poke|p2|Palafin, L50, F|\n|poke|p2|Incineroar, L50, F|\n|teampreview|4\nWojtusG rejected open team sheets.\n|inactive|Battle timer is ON: inactive players will automatically lose when time's up. (requested by WojtusG)\n|\n|t:|1776237566\n|teamsize|p1|4\n|teamsize|p2|4\n|start\n|switch|p1a: Archaludon|Archaludon, L50, F|100/100\n|switch|p1b: Pelipper|Pelipper, L50, M|100/100\n|switch|p2a: Naoya|Sneasler, L50, M|100/100\n|switch|p2b: Tengen|Froslass, L50, F|100/100\n|-weather|RainDance|[from] ability: Drizzle|[of] p1b: Pelipper\n|turn|1\n|\n|t:|1776237585\n|detailschange|p2b: Tengen|Froslass-Mega, L50, F\n|-mega|p2b: Tengen|Froslass|Froslassite\n|-weather|Snowscape|[from] ability: Snow Warning|[of] p2b: Tengen\n|move|p1a: Archaludon|Nasty Plot|p1a: Archaludon\n|-boost|p1a: Archaludon|spa|2\n|move|p2a: Naoya|Close Combat|p1a: Archaludon\n|-immune|p1a: Archaludon\n|move|p2b: Tengen|Aurora Veil|p2b: Tengen\n|-sidestart|p2: jainahilda|move: Aurora Veil\n|move|p1b: Pelipper|Tailwind|p1b: Pelipper\n|-sidestart|p1: WojtusG|move: Tailwind\n|\n|-weather|Snowscape|[upkeep]\n|upkeep\n|turn|2\n|\n|t:|1776237606\n|move|p1a: Archaludon|Bitter Malice|p2b: Tengen\n|-supereffective|p2b: Tengen|1\n|-damage|p2b: Tengen|3/100\n|-unboost|p2b: Tengen|atk|1\n|move|p2a: Naoya|Dire Claw|p1a: Archaludon\n|-resisted|p1a: Archaludon|1\n|-damage|p1a: Archaludon|55/100\n|-status|p1a: Archaludon|par\n|replace|p1a: Zoroark|Zoroark-Hisui, L50, M\n|-end|p1a: Zoroark|Illusion\n|move|p1b: Pelipper|Hydro Pump|p2a: Naoya\n|-damage|p2a: Naoya|59/100\n|move|p2b: Tengen|Shadow Ball|p1a: Zoroark\n|-immune|p1a: Zoroark\n|\n|-weather|Snowscape|[upkeep]\n|upkeep\n|turn|3\n|inactive|WojtusG has 30 seconds left.\n|inactive|jainahilda has 30 seconds left.\n|\n|t:|1776237633\n|move|p1a: Zoroark|Hyper Voice|p2b: Tengen|[spread] p2a\n|-immune|p2b: Tengen\n|-damage|p2a: Naoya|0 fnt\n|faint|p2a: Naoya\n|move|p1b: Pelipper|Hurricane|p2b: Tengen\n|-crit|p2b: Tengen\n|-damage|p2b: Tengen|0 fnt\n|faint|p2b: Tengen\n|\n|-weather|Snowscape|[upkeep]\n|upkeep\n|\n|t:|1776237643\n|switch|p2a: Mahito|Incineroar, L50, F|100/100\n|switch|p2b: Shoko|Sinistcha-Masterpiece, L50|100/100\n|-ability|p2a: Mahito|Intimidate|boost\n|-unboost|p1a: Zoroark|atk|1\n|-unboost|p1b: Pelipper|atk|1\n|turn|4\n|\n|t:|1776237655\n|cant|p1a: Zoroark|par\n|move|p1b: Pelipper|Hurricane|p2b: Shoko\n|-supereffective|p2b: Shoko|1\n|-damage|p2b: Shoko|44/100\n|-enditem|p2b: Shoko|Sitrus Berry|[eat]\n|-heal|p2b: Shoko|69/100|[from] item: Sitrus Berry\n|move|p2b: Shoko|Matcha Gotcha|p1b: Pelipper|[spread] p1a,p1b\n|-damage|p1a: Zoroark|7/100 par\n|-heal|p2b: Shoko|87/100|[from] drain|[of] p1a: Zoroark\n|-damage|p1b: Pelipper|65/100\n|-heal|p2b: Shoko|100/100|[from] drain|[of] p1b: Pelipper\n|move|p2a: Mahito|Throat Chop|p1a: Zoroark\n|-supereffective|p1a: Zoroark|1\n|-damage|p1a: Zoroark|0 fnt\n|faint|p1a: Zoroark\n|\n|-weather|Snowscape|[upkeep]\n|-sideend|p1: WojtusG|move: Tailwind\n|upkeep\n|\n|t:|1776237662\n|switch|p1a: Sneasler|Sneasler, L50, F|100/100\n|turn|5\n|\n|t:|1776237680\n|switch|p1b: Archaludon|Archaludon, L50, F|100/100\n|move|p1a: Sneasler|Close Combat|p2a: Mahito\n|-supereffective|p2a: Mahito|1\n|-damage|p2a: Mahito|27/100\n|-unboost|p1a: Sneasler|def|1\n|-unboost|p1a: Sneasler|spd|1\n|-enditem|p1a: Sneasler|White Herb\n|-clearnegativeboost|p1a: Sneasler|[silent]\n|move|p2b: Shoko|Life Dew||[still]|[spread] p2a,p2b\n|-heal|p2a: Mahito|52/100\n|-fail|p2b: Shoko|heal\n|move|p2a: Mahito|Flare Blitz|p1a: Sneasler\n|-damage|p1a: Sneasler|14/100\n|-damage|p2a: Mahito|30/100|[from] Recoil\n|\n|-weather|none\n|-sideend|p2: jainahilda|move: Aurora Veil\n|upkeep\n|turn|6\n|inactive|jainahilda has 30 seconds left.\n|\n|t:|1776237705\n|move|p2b: Shoko|Rage Powder|p2b: Shoko\n|-singleturn|p2b: Shoko|move: Rage Powder\n|move|p1a: Sneasler|Acrobatics|p2b: Shoko\n|-supereffective|p2b: Shoko|1\n|-damage|p2b: Shoko|28/100\n|move|p1b: Archaludon|Aura Sphere|p2b: Shoko\n|-immune|p2b: Shoko\n|move|p2a: Mahito|Flare Blitz|p1b: Archaludon\n|-damage|p1b: Archaludon|64/100\n|-ability|p1b: Archaludon|Stamina|boost\n|-boost|p1b: Archaludon|def|1\n|-damage|p2a: Mahito|20/100|[from] Recoil\n|\n|-heal|p1b: Archaludon|70/100|[from] item: Leftovers\n|upkeep\n|turn|7\n|-message|jainahilda forfeited.\n|\n|win|WojtusG\n|raw|WojtusG's rating: 1115 &rarr; <strong>1138</strong><br />(+23 for winning)\n|raw|jainahilda's rating: 1082 &rarr; <strong>1062</strong><br />(-20 for losing)\n|l|\u2606jainahilda\n|player|p2|\n",
  "uploadtime": 1776237751,
  "views": 22,
  "formatid": "gen9championsvgc2026regma",
  "rating": 1062,
  "private": 0,
  "password": null
}