{
  "id": "gen9championsvgc2026regma-2581434950",
  "format": "[Gen 9 Champions] VGC 2026 Reg M-A",
  "players": [
    "EleaRosea",
    "coglio6789"
  ],
  "log": "|j|\u2606EleaRosea\n|j|\u2606coglio6789\n|t:|1776000097\n|gametype|doubles\n|player|p1|EleaRosea|harmony|1142\n|player|p2|coglio6789|266|1139\n|gen|9\n|tier|[Gen 9 Champions] VGC 2026 Reg M-A\n|rated|\n|rule|Species Clause: Limit one of each Pok\u00e9mon\n|rule|Item Clause: Limit 1 of each item\n|clearpoke\n|poke|p1|Froslass, L50, F|\n|poke|p1|Garchomp, L50, F|\n|poke|p1|Glimmora, L50, M|\n|poke|p1|Incineroar, L50, F|\n|poke|p1|Sylveon, L50, M|\n|poke|p1|Archaludon, L50, M|\n|poke|p2|Palafin, L50, F|\n|poke|p2|Floette-Eternal, L50, F|\n|poke|p2|Sinistcha, L50|\n|poke|p2|Kingambit, L50, F|\n|poke|p2|Dragonite, L50, F|\n|poke|p2|Arcanine-Hisui, L50, M|\n|teampreview|4\n|inactive|Battle timer is ON: inactive players will automatically lose when time's up. (requested by EleaRosea)\n|inactive|EleaRosea has 60 seconds left.\n|inactive|coglio6789 has 60 seconds left.\n|inactive|coglio6789 has 30 seconds left.\n|\n|t:|1776000161\n|teamsize|p1|4\n|teamsize|p2|4\n|start\n|switch|p1a: Froslass|Froslass, L50, F|100/100\n|switch|p1b: Glimmora|Glimmora, L50, M|100/100\n|switch|p2a: Dragonite|Dragonite, L50, F|100/100\n|switch|p2b: Arcanine|Arcanine-Hisui, L50, M|100/100\n|-ability|p2b: Arcanine|Intimidate|boost\n|-unboost|p1a: Froslass|atk|1\n|-unboost|p1b: Glimmora|atk|1\n|turn|1\n|inactive|coglio6789 has 30 seconds left.\n|\n|t:|1776000189\n|switch|p2a: Kingambit|Kingambit, L50, F|100/100\n|detailschange|p1a: Froslass|Froslass-Mega, L50, F\n|-mega|p1a: Froslass|Froslass|Froslassite\n|-weather|Snowscape|[from] ability: Snow Warning|[of] p1a: Froslass\n|move|p1a: Froslass|Blizzard|p2a: Kingambit|[spread] p2a,p2b\n|-resisted|p2a: Kingambit|1\n|-resisted|p2b: Arcanine|1\n|-damage|p2a: Kingambit|77/100\n|-damage|p2b: Arcanine|73/100\n|move|p2b: Arcanine|Howl|p2b: Arcanine|[spread] p2a,p2b\n|-boost|p2a: Kingambit|atk|1\n|-boost|p2b: Arcanine|atk|1\n|move|p1b: Glimmora|Earth Power|p2b: Arcanine\n|-supereffective|p2b: Arcanine|2\n|-damage|p2b: Arcanine|0 fnt\n|faint|p2b: Arcanine\n|\n|-weather|Snowscape|[upkeep]\n|upkeep\n|c|\u2606EleaRosea|not the howl\n|c|\u2606coglio6789|why not?\n|inactive|coglio6789 has 30 seconds left.\n|inactive|coglio6789 has 20 seconds left.\n|c|\u2606coglio6789|your matchup is incredible here\n|inactive|coglio6789 has 15 seconds left.\n|inactive|coglio6789 has 10 seconds left.\n|inactive|coglio6789 has 5 seconds left.\n|\n|t:|1776000240\n|switch|p2b: Dragonite|Dragonite, L50, F|100/100\n|turn|2\n|c|\u2606EleaRosea|truth\n|inactive|coglio6789 has 30 seconds left.\n|\n|t:|1776000275\n|move|p2b: Dragonite|Protect|p2b: Dragonite\n|-singleturn|p2b: Dragonite|Protect\n|move|p2a: Kingambit|Sucker Punch|p1a: Froslass\n|-supereffective|p1a: Froslass|1\n|-damage|p1a: Froslass|0 fnt\n|faint|p1a: Froslass\n|move|p1b: Glimmora|Earth Power|p2a: Kingambit\n|-supereffective|p2a: Kingambit|1\n|-damage|p2a: Kingambit|10/100\n|\n|-weather|Snowscape|[upkeep]\n|upkeep\n|\n|t:|1776000281\n|switch|p1a: Sylveon|Sylveon, L50, M|100/100\n|turn|3\n|\n|t:|1776000296\n|move|p2a: Kingambit|Protect|p2a: Kingambit\n|-singleturn|p2a: Kingambit|Protect\n|move|p2b: Dragonite|Tailwind|p2b: Dragonite\n|-sidestart|p2: coglio6789|move: Tailwind\n|move|p1b: Glimmora|Power Gem|p2b: Dragonite\n|-supereffective|p2b: Dragonite|1\n|-damage|p2b: Dragonite|3/100\n|move|p1a: Sylveon|Hyper Voice|p2b: Dragonite|[spread] p2b\n|-activate|p2a: Kingambit|move: Protect\n|-supereffective|p2b: Dragonite|1\n|-damage|p2b: Dragonite|0 fnt\n|faint|p2b: Dragonite\n|\n|-weather|Snowscape|[upkeep]\n|upkeep\n|\n|t:|1776000306\n|switch|p2b: Floette|Floette-Eternal, L50, F|100/100\n|turn|4\n|\n|t:|1776000325\n|detailschange|p2b: Floette|Floette-Mega, L50, F\n|-mega|p2b: Floette|Floette|Floettite\n|-ability|p2b: Floette|Fairy Aura\n|move|p2b: Floette|Calm Mind|p2b: Floette\n|-boost|p2b: Floette|spa|1\n|-boost|p2b: Floette|spd|1\n|move|p2a: Kingambit|Iron Head|p1a: Sylveon\n|-supereffective|p1a: Sylveon|1\n|-damage|p1a: Sylveon|0 fnt\n|faint|p1a: Sylveon\n|move|p1b: Glimmora|Sludge Bomb|p2b: Floette\n|-supereffective|p2b: Floette|1\n|-damage|p2b: Floette|47/100\n|\n|-weather|Snowscape|[upkeep]\n|upkeep\n|\n|t:|1776000332\n|switch|p1a: Garchomp|Garchomp, L50, F|100/100\n|turn|5\n|\n|t:|1776000345\n|move|p2b: Floette|Moonblast|p1a: Garchomp\n|-supereffective|p1a: Garchomp|1\n|-damage|p1a: Garchomp|0 fnt\n|faint|p1a: Garchomp\n|move|p2a: Kingambit|Iron Head|p1b: Glimmora\n|-supereffective|p1b: Glimmora|1\n|-enditem|p1b: Glimmora|Focus Sash\n|-damage|p1b: Glimmora|1/100\n|-activate|p1b: Glimmora|ability: Toxic Debris\n|-sidestart|p2: coglio6789|move: Toxic Spikes\n|move|p1b: Glimmora|Sludge Bomb|p2b: Floette\n|-supereffective|p2b: Floette|1\n|-damage|p2b: Floette|0 fnt\n|faint|p2b: Floette\n|\n|-weather|none\n|upkeep\n|turn|6\n|\n|t:|1776000361\n|move|p1b: Glimmora|Protect|p1b: Glimmora\n|-singleturn|p1b: Glimmora|Protect\n|move|p2a: Kingambit|Kowtow Cleave|p1b: Glimmora\n|-activate|p1b: Glimmora|move: Protect\n|\n|-sideend|p2: coglio6789|move: Tailwind\n|upkeep\n|turn|7\n|c|\u2606coglio6789|uuu\n|c|\u2606coglio6789|i risked spiky\n|c|\u2606coglio6789|why dont you have spiky?\n|\n|t:|1776000381\n|move|p1b: Glimmora|Protect|p1b: Glimmora\n|-singleturn|p1b: Glimmora|Protect\n|move|p2a: Kingambit|Protect||[still]\n|-fail|p2a: Kingambit\n|\n|upkeep\n|turn|8\n|\n|t:|1776000388\n|move|p2a: Kingambit|Sucker Punch|p1b: Glimmora\n|-damage|p1b: Glimmora|0 fnt\n|-activate|p1b: Glimmora|ability: Toxic Debris\n|-sidestart|p2: coglio6789|move: Toxic Spikes\n|faint|p1b: Glimmora\n|\n|win|coglio6789\n|raw|EleaRosea's rating: 1142 &rarr; <strong>1117</strong><br />(-25 for losing)\n|raw|coglio6789's rating: 1139 &rarr; <strong>1164</strong><br />(+25 for winning)\n|l|\u2606EleaRosea\n|player|p1|\n",
  "uploadtime": 1776000395,
  "views": 17,
  "formatid": "gen9championsvgc2026regma",
  "rating": 1117,
  "private": 0,
  "password": null
}