{
  "id": "gen9championsvgc2026regma-2581918959",
  "format": "[Gen 9 Champions] VGC 2026 Reg M-A",
  "players": [
    "fayzginger",
    "injuryreserv3"
  ],
  "log": "|j|\u2606fayzginger\n|j|\u2606injuryreserv3\n|t:|1776039715\n|gametype|doubles\n|player|p1|fayzginger|az|1233\n|player|p2|injuryreserv3|sabrina|1300\n|gen|9\n|tier|[Gen 9 Champions] VGC 2026 Reg M-A\n|rated|\n|rule|Species Clause: Limit one of each Pok\u00e9mon\n|rule|Item Clause: Limit 1 of each item\n|clearpoke\n|poke|p1|Tyranitar, L50, F|\n|poke|p1|Excadrill, L50, F|\n|poke|p1|Whimsicott, L50, F|\n|poke|p1|Milotic, L50, F|\n|poke|p1|Incineroar, L50, M|\n|poke|p1|Glimmora, L50, M|\n|poke|p2|Sneasler, L50, F|\n|poke|p2|Basculegion, L50, M|\n|poke|p2|Charizard, L50, F|\n|poke|p2|Floette-Eternal, L50, F|\n|poke|p2|Incineroar, L50, M|\n|poke|p2|Venusaur, L50, F|\n|teampreview|4\n|\n|t:|1776039764\n|teamsize|p1|4\n|teamsize|p2|4\n|start\n|switch|p1a: Incineroar|Incineroar, L50, M, shiny|100/100\n|switch|p1b: Glimmora|Glimmora, L50, M, shiny|100/100\n|switch|p2a: Charizard|Charizard, L50, F|100/100\n|switch|p2b: Sneasler|Sneasler, L50, F|100/100\n|-ability|p1a: Incineroar|Intimidate|boost\n|-unboost|p2a: Charizard|atk|1\n|-unboost|p2b: Sneasler|atk|1\n|-enditem|p2b: Sneasler|White Herb\n|-clearnegativeboost|p2b: Sneasler|[silent]\n|turn|1\n|\n|t:|1776039791\n|move|p2a: Charizard|Protect|p2a: Charizard\n|-singleturn|p2a: Charizard|Protect\n|move|p2b: Sneasler|Close Combat|p1a: Incineroar\n|-supereffective|p1a: Incineroar|1\n|-damage|p1a: Incineroar|4/100\n|-unboost|p2b: Sneasler|def|1\n|-unboost|p2b: Sneasler|spd|1\n|move|p1b: Glimmora|Power Gem|p2a: Charizard\n|-activate|p2a: Charizard|move: Protect\n|move|p1a: Incineroar|Flare Blitz|p2b: Sneasler\n|-crit|p2b: Sneasler\n|-damage|p2b: Sneasler|0 fnt\n|faint|p2b: Sneasler\n|-damage|p1a: Incineroar|0 fnt|[from] Recoil\n|faint|p1a: Incineroar\n|\n|upkeep\n|\n|t:|1776039814\n|switch|p2b: Venusaur|Venusaur, L50, F|100/100\n|switch|p1a: Whimsicott|Whimsicott, L50, F, shiny|100/100\n|turn|2\n|\n|t:|1776039831\n|detailschange|p2a: Charizard|Charizard-Mega-Y, L50, F\n|-mega|p2a: Charizard|Charizard|Charizardite Y\n|-weather|SunnyDay|[from] ability: Drought|[of] p2a: Charizard\n|detailschange|p1b: Glimmora|Glimmora-Mega, L50, M, shiny\n|-mega|p1b: Glimmora|Glimmora|Glimmoranite\n|move|p1a: Whimsicott|Tailwind|p1a: Whimsicott\n|-sidestart|p1: fayzginger|move: Tailwind\n|move|p1b: Glimmora|Power Gem|p2a: Charizard\n|-supereffective|p2a: Charizard|2\n|-damage|p2a: Charizard|0 fnt\n|faint|p2a: Charizard\n|move|p2b: Venusaur|Sleep Powder|p1b: Glimmora\n|-status|p1b: Glimmora|slp|[from] move: Sleep Powder\n|\n|-weather|SunnyDay|[upkeep]\n|upkeep\n|\n|t:|1776039845\n|switch|p2a: Incineroar|Incineroar, L50, M|100/100\n|-ability|p2a: Incineroar|Intimidate|boost\n|-unboost|p1a: Whimsicott|atk|1\n|-unboost|p1b: Glimmora|atk|1\n|turn|3\n|\n|t:|1776039857\n|move|p1a: Whimsicott|Protect|p1a: Whimsicott\n|-singleturn|p1a: Whimsicott|Protect\n|move|p2a: Incineroar|Fake Out|p1a: Whimsicott\n|-activate|p1a: Whimsicott|move: Protect\n|cant|p1b: Glimmora|slp\n|move|p2b: Venusaur|Giga Drain|p1b: Glimmora\n|-crit|p1b: Glimmora\n|-damage|p1b: Glimmora|40/100 slp\n|\n|-weather|SunnyDay|[upkeep]\n|upkeep\n|turn|4\n|\n|t:|1776039878\n|cant|p1b: Glimmora|slp\n|move|p1a: Whimsicott|Moonblast|p2b: Venusaur\n|-resisted|p2b: Venusaur|1\n|-damage|p2b: Venusaur|87/100\n|move|p2b: Venusaur|Giga Drain|p1b: Glimmora\n|-damage|p1b: Glimmora|0 fnt\n|-heal|p2b: Venusaur|100/100|[from] drain|[of] p1b: Glimmora\n|faint|p1b: Glimmora\n|move|p2a: Incineroar|Flare Blitz|p1a: Whimsicott\n|-supereffective|p1a: Whimsicott|1\n|-enditem|p1a: Whimsicott|Occa Berry|[eat]\n|-enditem|p1a: Whimsicott|Occa Berry|[weaken]\n|-damage|p1a: Whimsicott|14/100\n|-damage|p2a: Incineroar|77/100|[from] Recoil\n|\n|-weather|SunnyDay|[upkeep]\n|-heal|p2a: Incineroar|83/100|[from] item: Leftovers\n|upkeep\n|\n|t:|1776039880\n|switch|p1b: Milotic|Milotic, L50, F, shiny|100/100\n|turn|5\n|\n|t:|1776039903\n|move|p1a: Whimsicott|Moonblast|p2a: Incineroar\n|-damage|p2a: Incineroar|60/100\n|move|p2b: Venusaur|Giga Drain|p1b: Milotic\n|-supereffective|p1b: Milotic|1\n|-damage|p1b: Milotic|46/100\n|move|p1b: Milotic|Icy Wind|p2b: Venusaur|[spread] p2a,p2b\n|-resisted|p2a: Incineroar|1\n|-supereffective|p2b: Venusaur|1\n|-damage|p2a: Incineroar|57/100\n|-damage|p2b: Venusaur|78/100\n|-unboost|p2a: Incineroar|spe|1\n|-unboost|p2b: Venusaur|spe|1\n|move|p2a: Incineroar|Flare Blitz|p1a: Whimsicott\n|-supereffective|p1a: Whimsicott|1\n|-damage|p1a: Whimsicott|0 fnt\n|faint|p1a: Whimsicott\n|-damage|p2a: Incineroar|53/100|[from] Recoil\n|\n|-weather|SunnyDay|[upkeep]\n|-heal|p1b: Milotic|52/100|[from] item: Leftovers\n|-heal|p2a: Incineroar|59/100|[from] item: Leftovers\n|-sideend|p1: fayzginger|move: Tailwind\n|upkeep\n|turn|6\n|\n|t:|1776039918\n|move|p1b: Milotic|Protect|p1b: Milotic\n|-singleturn|p1b: Milotic|Protect\n|move|p2b: Venusaur|Giga Drain|p1b: Milotic\n|-activate|p1b: Milotic|move: Protect\n|move|p2a: Incineroar|Flare Blitz|p1b: Milotic\n|-activate|p1b: Milotic|move: Protect\n|\n|-weather|none\n|-heal|p1b: Milotic|58/100|[from] item: Leftovers\n|-heal|p2a: Incineroar|65/100|[from] item: Leftovers\n|upkeep\n|turn|7\n|-message|fayzginger forfeited.\n|\n|win|injuryreserv3\n|raw|fayzginger's rating: 1233 &rarr; <strong>1213</strong><br />(-20 for losing)\n|raw|injuryreserv3's rating: 1300 &rarr; <strong>1320</strong><br />(+20 for winning)\n",
  "uploadtime": 1776039927,
  "views": 27,
  "formatid": "gen9championsvgc2026regma",
  "rating": 1213,
  "private": 0,
  "password": null
}