{
  "id": "gen9championsvgc2026regma-2586030126",
  "format": "[Gen 9 Champions] VGC 2026 Reg M-A",
  "players": [
    "disciple of blahaj",
    "Cabra Leso"
  ],
  "log": "|j|\u2606disciple of blahaj\n|j|\u2606Cabra Leso\n|t:|1776391875\n|gametype|doubles\n|player|p1|disciple of blahaj|jacinthe|1128\n|player|p2|Cabra Leso|elm|1113\n|gen|9\n|tier|[Gen 9 Champions] VGC 2026 Reg M-A\n|rated|\n|rule|Species Clause: Limit one of each Pok\u00e9mon\n|rule|Item Clause: Limit 1 of each item\n|clearpoke\n|poke|p1|Meganium, L50, F|\n|poke|p1|Pelipper, L50, M|\n|poke|p1|Archaludon, L50, M|\n|poke|p1|Sneasler, L50, F|\n|poke|p1|Basculegion, L50, M|\n|poke|p1|Garchomp, L50, M|\n|poke|p2|Heliolisk, L50, F|\n|poke|p2|Torkoal, L50, M|\n|poke|p2|Pikachu, L50, M|\n|poke|p2|Sinistcha, L50|\n|poke|p2|Victreebel, L50, M|\n|poke|p2|Excadrill, L50, F|\n|teampreview|4\n|inactive|Battle timer is ON: inactive players will automatically lose when time's up. (requested by disciple of blahaj)\n|inactive|disciple of blahaj has 60 seconds left.\n|\n|t:|1776391913\n|teamsize|p1|4\n|teamsize|p2|4\n|start\n|switch|p1a: Sneasler|Sneasler, L50, F, shiny|100/100\n|switch|p1b: Basculegion|Basculegion, L50, M|100/100\n|switch|p2a: Pikachu|Pikachu, L50, M|100/100\n|switch|p2b: Heliolisk|Heliolisk, L50, F|100/100\n|turn|1\n|\n|t:|1776391928\n|move|p1a: Sneasler|Fake Out|p2a: Pikachu\n|-damage|p2a: Pikachu|50/100\n|cant|p2a: Pikachu|flinch\n|move|p1b: Basculegion|Flip Turn|p2a: Pikachu\n|-crit|p2a: Pikachu\n|-damage|p2a: Pikachu|0 fnt\n|faint|p2a: Pikachu\n|\n|t:|1776391937\n|switch|p1b: Meganium|Meganium, L50, F, shiny|100/100|[from] Flip Turn\n|move|p2b: Heliolisk|Discharge|p1b: Meganium|[spread] p1a,p1b\n|-resisted|p1b: Meganium|1\n|-damage|p1a: Sneasler|54/100\n|-damage|p1b: Meganium|83/100\n|\n|upkeep\n|\n|t:|1776391950\n|switch|p2a: Victreebel|Victreebel, L50, M|100/100\n|turn|2\n|\n|t:|1776391975\n|switch|p2b: Torkoal|Torkoal, L50, M|100/100\n|-weather|SunnyDay|[from] ability: Drought|[of] p2b: Torkoal\n|detailschange|p1b: Meganium|Meganium-Mega, L50, F, shiny\n|-mega|p1b: Meganium|Meganium|Meganiumite\n|move|p1b: Meganium|Protect|p1b: Meganium\n|-singleturn|p1b: Meganium|Protect\n|move|p2a: Victreebel|Weather Ball|p1b: Meganium\n|-activate|p1b: Meganium|move: Protect\n|move|p1a: Sneasler|Dire Claw|p2a: Victreebel\n|-damage|p2a: Victreebel|39/100\n|\n|-weather|SunnyDay|[upkeep]\n|upkeep\n|turn|3\n|\n|t:|1776391996\n|switch|p1b: Basculegion|Basculegion, L50, M|100/100\n|detailschange|p2a: Victreebel|Victreebel-Mega, L50, M\n|-mega|p2a: Victreebel|Victreebel|Victreebelite\n|move|p2b: Torkoal|Protect|p2b: Torkoal\n|-singleturn|p2b: Torkoal|Protect\n|move|p1a: Sneasler|Rain Dance|p1a: Sneasler\n|-weather|RainDance\n|move|p2a: Victreebel|Synthesis|p2a: Victreebel\n|-heal|p2a: Victreebel|64/100\n|\n|-weather|RainDance|[upkeep]\n|upkeep\n|turn|4\n|\n|t:|1776392020\n|move|p1b: Basculegion|Flip Turn|p2a: Victreebel\n|-resisted|p2a: Victreebel|1\n|-damage|p2a: Victreebel|30/100\n|\n|t:|1776392024\n|switch|p1b: Meganium|Meganium-Mega, L50, F, shiny|83/100|[from] Flip Turn\n|move|p1a: Sneasler|Dire Claw|p2a: Victreebel\n|-damage|p2a: Victreebel|0 fnt\n|-damage|p1a: Sneasler|19/100|[from] ability: Innards Out|[of] p2a: Victreebel\n|faint|p2a: Victreebel\n|move|p2b: Torkoal|Heat Wave|p1b: Meganium|[spread] p1a,p1b\n|-supereffective|p1b: Meganium|1\n|-damage|p1a: Sneasler|0 fnt\n|-damage|p1b: Meganium|48/100\n|faint|p1a: Sneasler\n|\n|-weather|RainDance|[upkeep]\n|upkeep\n|\n|t:|1776392039\n|switch|p1a: Basculegion|Basculegion, L50, M|100/100\n|switch|p2a: Heliolisk|Heliolisk, L50, F|100/100\n|turn|5\n|\n|t:|1776392051\n|move|p1a: Basculegion|Wave Crash|p2b: Torkoal\n|-supereffective|p2b: Torkoal|1\n|-damage|p2b: Torkoal|0 fnt\n|faint|p2b: Torkoal\n|-damage|p1a: Basculegion|76/100|[from] Recoil\n|move|p2a: Heliolisk|Discharge|p1b: Meganium|[spread] p1a,p1b\n|-supereffective|p1a: Basculegion|1\n|-resisted|p1b: Meganium|1\n|-damage|p1a: Basculegion|3/100\n|-damage|p1b: Meganium|30/100\n|move|p1b: Meganium|Solar Beam||[still]\n|-prepare|p1b: Meganium|Solar Beam\n|-activate|p1b: Meganium|ability: Mega Sol\n|-anim|p1b: Meganium|Solar Beam|p2a: Heliolisk\n|-damage|p2a: Heliolisk|4/100\n|\n|-weather|RainDance|[upkeep]\n|upkeep\n|turn|6\n|\n|t:|1776392068\n|move|p2a: Heliolisk|Protect|p2a: Heliolisk\n|-singleturn|p2a: Heliolisk|Protect\n|move|p1a: Basculegion|Wave Crash|p2a: Heliolisk\n|-activate|p2a: Heliolisk|move: Protect\n|move|p1b: Meganium|Solar Beam||[still]\n|-prepare|p1b: Meganium|Solar Beam\n|-activate|p1b: Meganium|ability: Mega Sol\n|-anim|p1b: Meganium|Solar Beam|p2a: Heliolisk\n|-activate|p2a: Heliolisk|move: Protect\n|\n|-weather|RainDance|[upkeep]\n|upkeep\n|turn|7\n|\n|t:|1776392072\n|move|p1a: Basculegion|Wave Crash|p2a: Heliolisk\n|-damage|p2a: Heliolisk|0 fnt\n|faint|p2a: Heliolisk\n|-damage|p1a: Basculegion|2/100|[from] Recoil\n|\n|win|disciple of blahaj\n|raw|disciple of blahaj's rating: 1128 &rarr; <strong>1152</strong><br />(+24 for winning)\n|raw|Cabra Leso's rating: 1113 &rarr; <strong>1089</strong><br />(-24 for losing)\n|l|\u2606Cabra Leso\n|player|p2|\n",
  "uploadtime": 1776392078,
  "views": 18,
  "formatid": "gen9championsvgc2026regma",
  "rating": 1089,
  "private": 0,
  "password": null
}