{
  "id": "gen9championsvgc2026regma-2585334117",
  "format": "[Gen 9 Champions] VGC 2026 Reg M-A",
  "players": [
    "lacimamaaaaa",
    "TheWonderfulGirl"
  ],
  "log": "|j|\u2606lacimamaaaaa\n|j|\u2606TheWonderfulGirl\n|t:|1776338826\n|gametype|doubles\n|player|p1|lacimamaaaaa|101|1069\n|player|p2|TheWonderfulGirl|pokekid|1137\n|gen|9\n|tier|[Gen 9 Champions] VGC 2026 Reg M-A\n|rated|\n|rule|Species Clause: Limit one of each Pok\u00e9mon\n|rule|Item Clause: Limit 1 of each item\n|clearpoke\n|poke|p1|Volcarona, L50, F|\n|poke|p1|Incineroar, L50, M|\n|poke|p1|Sinistcha, L50|\n|poke|p1|Kingambit, L50, F|\n|poke|p1|Dragapult, L50, M|\n|poke|p1|Floette-Eternal, L50, F|\n|poke|p2|Froslass, L50, F|\n|poke|p2|Garchomp, L50, F|\n|poke|p2|Rotom-Frost, L50|\n|poke|p2|Empoleon, L50, M|\n|poke|p2|Incineroar, L50, M|\n|poke|p2|Kingambit, L50, F|\n|teampreview|4\n|inactive|Battle timer is ON: inactive players will automatically lose when time's up. (requested by TheWonderfulGirl)\n|\n|t:|1776338852\n|teamsize|p1|4\n|teamsize|p2|4\n|start\n|switch|p1a: Floette|Floette-Eternal, L50, F|100/100\n|switch|p1b: Sinistcha|Sinistcha, L50|100/100\n|switch|p2a: Froslass|Froslass, L50, F|100/100\n|switch|p2b: Rotom|Rotom-Frost, L50|100/100\n|turn|1\n|inactive|TheWonderfulGirl has 30 seconds left.\n|inactive|lacimamaaaaa has 30 seconds left.\n|inactive|TheWonderfulGirl has 20 seconds left.\n|\n|t:|1776338889\n|switch|p1b: Incineroar|Incineroar, L50, M|100/100\n|-ability|p1b: Incineroar|Intimidate|boost\n|-unboost|p2a: Froslass|atk|1\n|-unboost|p2b: Rotom|atk|1\n|detailschange|p2a: Froslass|Froslass-Mega, L50, F\n|-mega|p2a: Froslass|Froslass|Froslassite\n|-weather|Snowscape|[from] ability: Snow Warning|[of] p2a: Froslass\n|detailschange|p1a: Floette|Floette-Mega, L50, F\n|-mega|p1a: Floette|Floette|Floettite\n|-ability|p1a: Floette|Fairy Aura\n|move|p2b: Rotom|Volt Switch|p1b: Incineroar\n|-damage|p1b: Incineroar|74/100\n|\n|t:|1776338903\n|switch|p2b: Empoleon|Empoleon, L50, M|100/100|[from] Volt Switch\n|move|p2a: Froslass|Blizzard|p1a: Floette|[spread] p1a,p1b\n|-resisted|p1b: Incineroar|1\n|-damage|p1a: Floette|58/100\n|-damage|p1b: Incineroar|57/100\n|move|p1a: Floette|Calm Mind|p1a: Floette\n|-boost|p1a: Floette|spa|1\n|-boost|p1a: Floette|spd|1\n|\n|-weather|Snowscape|[upkeep]\n|upkeep\n|turn|2\n|inactive|lacimamaaaaa has 30 seconds left.\n|inactive|lacimamaaaaa has 20 seconds left.\n|\n|t:|1776338942\n|move|p2a: Froslass|Protect|p2a: Froslass\n|-singleturn|p2a: Froslass|Protect\n|move|p1a: Floette|Protect|p1a: Floette\n|-singleturn|p1a: Floette|Protect\n|move|p2b: Empoleon|Protect|p2b: Empoleon\n|-singleturn|p2b: Empoleon|Protect\n|move|p1b: Incineroar|Close Combat|p2b: Empoleon\n|-activate|p2b: Empoleon|move: Protect\n|\n|-weather|Snowscape|[upkeep]\n|upkeep\n|turn|3\n|\n|t:|1776338965\n|switch|p1a: Sinistcha|Sinistcha, L50|100/100\n|move|p2a: Froslass|Aurora Veil|p2a: Froslass\n|-sidestart|p2: TheWonderfulGirl|move: Aurora Veil\n|move|p1b: Incineroar|Close Combat|p2b: Empoleon\n|-supereffective|p2b: Empoleon|1\n|-damage|p2b: Empoleon|59/100\n|-unboost|p1b: Incineroar|def|1\n|-unboost|p1b: Incineroar|spd|1\n|move|p2b: Empoleon|Roar|p1a: Sinistcha\n|drag|p1a: Dragapult|Dragapult, L50, M|100/100\n|\n|-weather|Snowscape|[upkeep]\n|-heal|p2b: Empoleon|65/100|[from] item: Leftovers\n|upkeep\n|turn|4\n|inactive|lacimamaaaaa has 30 seconds left.\n|\n|t:|1776338992\n|switch|p1b: Sinistcha|Sinistcha, L50|100/100\n|move|p1a: Dragapult|Light Screen|p1a: Dragapult\n|-sidestart|p1: lacimamaaaaa|move: Light Screen\n|move|p2a: Froslass|Blizzard|p1a: Dragapult|[spread] p1a,p1b\n|-supereffective|p1a: Dragapult|1\n|-supereffective|p1b: Sinistcha|1\n|-damage|p1a: Dragapult|22/100\n|-damage|p1b: Sinistcha|33/100\n|move|p2b: Empoleon|Water Pulse|p1b: Sinistcha\n|-resisted|p1b: Sinistcha|1\n|-damage|p1b: Sinistcha|24/100\n|\n|-weather|Snowscape|[upkeep]\n|-heal|p2b: Empoleon|71/100|[from] item: Leftovers\n|upkeep\n|turn|5\n|\n|t:|1776339017\n|switch|p2b: Rotom|Rotom-Frost, L50|100/100\n|move|p2a: Froslass|Protect|p2a: Froslass\n|-singleturn|p2a: Froslass|Protect\n|move|p1a: Dragapult|Flamethrower|p2a: Froslass\n|-activate|p2a: Froslass|move: Protect\n|move|p1b: Sinistcha|Matcha Gotcha|p2a: Froslass|[spread] p2b\n|-activate|p2a: Froslass|move: Protect\n|-damage|p2b: Rotom|74/100\n|-heal|p1b: Sinistcha|33/100|[from] drain|[of] p2b: Rotom\n|\n|-weather|none\n|upkeep\n|turn|6\n|\n|t:|1776339040\n|switch|p2a: Empoleon|Empoleon, L50, M|71/100\n|switch|p1b: Incineroar|Incineroar, L50, M|57/100\n|-ability|p1b: Incineroar|Intimidate|boost\n|-unboost|p2a: Empoleon|atk|1\n|-ability|p2a: Empoleon|Competitive|boost\n|-boost|p2a: Empoleon|spa|2\n|-unboost|p2b: Rotom|atk|1\n|move|p2b: Rotom|Blizzard|p1a: Dragapult|[spread] p1a,p1b\n|-supereffective|p1a: Dragapult|1\n|-resisted|p1b: Incineroar|1\n|-damage|p1a: Dragapult|0 fnt\n|-damage|p1b: Incineroar|48/100\n|-enditem|p1b: Incineroar|Sitrus Berry|[eat]\n|-heal|p1b: Incineroar|72/100|[from] item: Sitrus Berry\n|faint|p1a: Dragapult\n|\n|-heal|p2a: Empoleon|76/100|[from] item: Leftovers\n|upkeep\n|\n|t:|1776339061\n|switch|p1a: Floette|Floette-Mega, L50, F|58/100\n|-ability|p1a: Floette|Fairy Aura\n|turn|7\n|\n|t:|1776339073\n|switch|p2b: Kingambit|Kingambit, L50, F|100/100\n|move|p2a: Empoleon|Protect|p2a: Empoleon\n|-singleturn|p2a: Empoleon|Protect\n|move|p1b: Incineroar|Fake Out|p2a: Empoleon\n|-activate|p2a: Empoleon|move: Protect\n|move|p1a: Floette|Dazzling Gleam|p2b: Kingambit|[spread] p2b\n|-activate|p2a: Empoleon|move: Protect\n|-damage|p2b: Kingambit|68/100\n|\n|-heal|p2a: Empoleon|82/100|[from] item: Leftovers\n|-sideend|p2: TheWonderfulGirl|move: Aurora Veil\n|upkeep\n|turn|8\n|\n|t:|1776339098\n|move|p1a: Floette|Moonblast|p2b: Kingambit\n|-damage|p2b: Kingambit|0 fnt\n|faint|p2b: Kingambit\n|move|p2a: Empoleon|Flash Cannon|p1a: Floette\n|-supereffective|p1a: Floette|1\n|-damage|p1a: Floette|0 fnt\n|faint|p1a: Floette\n|move|p1b: Incineroar|Close Combat|p2a: Empoleon\n|-supereffective|p2a: Empoleon|1\n|-damage|p2a: Empoleon|14/100\n|-unboost|p1b: Incineroar|def|1\n|-unboost|p1b: Incineroar|spd|1\n|\n|-heal|p2a: Empoleon|20/100|[from] item: Leftovers\n|-sideend|p1: lacimamaaaaa|move: Light Screen\n|upkeep\n|\n|t:|1776339114\n|switch|p1a: Sinistcha|Sinistcha, L50|33/100\n|switch|p2b: Rotom|Rotom-Frost, L50|74/100\n|turn|9\n|\n|t:|1776339126\n|move|p2b: Rotom|Blizzard|p1b: Incineroar|[spread] p1b\n|-miss|p2b: Rotom|p1a: Sinistcha\n|-resisted|p1b: Incineroar|1\n|-damage|p1b: Incineroar|50/100\n|move|p2a: Empoleon|Water Pulse|p1b: Incineroar\n|-supereffective|p1b: Incineroar|1\n|-damage|p1b: Incineroar|0 fnt\n|faint|p1b: Incineroar\n|move|p1a: Sinistcha|Matcha Gotcha|p2a: Empoleon|[spread] p2a,p2b\n|-damage|p2a: Empoleon|0 fnt\n|-heal|p1a: Sinistcha|44/100|[from] drain|[of] p2a: Empoleon\n|-damage|p2b: Rotom|33/100\n|-heal|p1a: Sinistcha|58/100|[from] drain|[of] p2b: Rotom\n|faint|p2a: Empoleon\n|\n|upkeep\n|\n|t:|1776339133\n|switch|p2a: Froslass|Froslass-Mega, L50, F|100/100\n|-weather|Snowscape|[from] ability: Snow Warning|[of] p2a: Froslass\n|turn|10\n|\n|t:|1776339145\n|move|p2b: Rotom|Blizzard|p1a: Sinistcha\n|-supereffective|p1a: Sinistcha|1\n|-damage|p1a: Sinistcha|0 fnt\n|faint|p1a: Sinistcha\n|\n|win|TheWonderfulGirl\n|raw|lacimamaaaaa's rating: 1069 &rarr; <strong>1053</strong><br />(-16 for losing)\n|raw|TheWonderfulGirl's rating: 1137 &rarr; <strong>1157</strong><br />(+20 for winning)\n|l|\u2606lacimamaaaaa\n|player|p1|\n",
  "uploadtime": 1776339151,
  "views": 21,
  "formatid": "gen9championsvgc2026regma",
  "rating": 1053,
  "private": 0,
  "password": null
}