{
  "id": "gen9championsvgc2026regma-2582911280",
  "format": "[Gen 9 Champions] VGC 2026 Reg M-A",
  "players": [
    "i_love_danny_green",
    "alvarriderr"
  ],
  "log": "|j|\u2606i_love_danny_green\n|j|\u2606alvarriderr\n|t:|1776124271\n|gametype|doubles\n|player|p1|i_love_danny_green|emmet|1098\n|player|p2|alvarriderr|hilbert-wonderlauncher|1032\n|gen|9\n|tier|[Gen 9 Champions] VGC 2026 Reg M-A\n|rated|\n|rule|Species Clause: Limit one of each Pok\u00e9mon\n|rule|Item Clause: Limit 1 of each item\n|clearpoke\n|poke|p1|Meganium, L50, F|\n|poke|p1|Basculegion, L50, M|\n|poke|p1|Kingambit, L50, F|\n|poke|p1|Garchomp, L50, F|\n|poke|p1|Incineroar, L50, M|\n|poke|p1|Sneasler, L50, M|\n|poke|p2|Hawlucha, L50, F|\n|poke|p2|Excadrill, L50, M|\n|poke|p2|Tyranitar, L50, F|\n|poke|p2|Sinistcha, L50|\n|poke|p2|Gyarados, L50, F|\n|poke|p2|Volcarona, L50, M|\n|teampreview|4\ni_love_danny_green has agreed to open team sheets.\n|\n|t:|1776124307\n|teamsize|p1|4\n|teamsize|p2|4\n|start\n|switch|p1a: Incineroar|Incineroar, L50, M|100/100\n|switch|p1b: Basculegion|Basculegion, L50, M|100/100\n|switch|p2a: Hawlucha|Hawlucha, L50, F|100/100\n|switch|p2b: Excadrill|Excadrill, L50, M|100/100\n|-ability|p1a: Incineroar|Intimidate|boost\n|-unboost|p2a: Hawlucha|atk|1\n|-unboost|p2b: Excadrill|atk|1\n|turn|1\n|\n|t:|1776124333\n|detailschange|p2a: Hawlucha|Hawlucha-Mega, L50, F\n|-mega|p2a: Hawlucha|Hawlucha|Hawluchanite\n|move|p2b: Excadrill|Protect|p2b: Excadrill\n|-singleturn|p2b: Excadrill|Protect\n|move|p2a: Hawlucha|Upper Hand|p1a: Incineroar\n|-supereffective|p1a: Incineroar|1\n|-damage|p1a: Incineroar|64/100\n|cant|p1a: Incineroar|flinch\n|move|p1b: Basculegion|Flip Turn|p2b: Excadrill\n|-activate|p2b: Excadrill|move: Protect\n|\n|upkeep\n|turn|2\n|c|\u2606i_love_danny_green|LMAOOOOOOOOOOOO\n|\n|t:|1776124351\n|move|p1b: Basculegion|Flip Turn|p2b: Excadrill\n|-supereffective|p2b: Excadrill|1\n|-enditem|p2b: Excadrill|Focus Sash\n|-damage|p2b: Excadrill|1/100\n|\n|t:|1776124356\n|switch|p1b: Sneasler|Sneasler, L50, M|100/100|[from] Flip Turn\n|move|p2a: Hawlucha|Entrainment|p2b: Excadrill\n|-ability|p2b: Excadrill|No Guard|Sand Rush|[from] move: Entrainment|[of] p2a: Hawlucha\n|move|p2b: Excadrill|Fissure|p1b: Sneasler\n|-damage|p1b: Sneasler|0 fnt\n|faint|p1b: Sneasler\n|-ohko\n|move|p1a: Incineroar|Flare Blitz|p2b: Excadrill\n|-supereffective|p2b: Excadrill|1\n|-damage|p2b: Excadrill|0 fnt\n|faint|p2b: Excadrill\n|-damage|p1a: Incineroar|63/100|[from] Recoil\n|\n|upkeep\n|\n|t:|1776124372\n|switch|p1b: Basculegion|Basculegion, L50, M|100/100\n|switch|p2b: Gyarados|Gyarados, L50, F|100/100\n|-ability|p2b: Gyarados|Intimidate|boost\n|-unboost|p1a: Incineroar|atk|1\n|-unboost|p1b: Basculegion|atk|1\n|turn|3\n|\n|t:|1776124398\n|move|p1b: Basculegion|Head Smash|p2b: Gyarados\n|-supereffective|p2b: Gyarados|1\n|-damage|p2b: Gyarados|21/100\n|-damage|p1b: Basculegion|66/100|[from] Recoil\n|move|p2a: Hawlucha|Rock Tomb|p1b: Basculegion\n|-damage|p1b: Basculegion|51/100\n|-unboost|p1b: Basculegion|spe|1\n|move|p2b: Gyarados|Dragon Dance|p2b: Gyarados\n|-boost|p2b: Gyarados|atk|1\n|-boost|p2b: Gyarados|spe|1\n|move|p1a: Incineroar|Parting Shot|p2b: Gyarados\n|-unboost|p2b: Gyarados|atk|1\n|-unboost|p2b: Gyarados|spa|1\n|\n|t:|1776124412\n|switch|p1a: Meganium|Meganium, L50, F|100/100|[from] Parting Shot\n|\n|-heal|p2b: Gyarados|27/100|[from] item: Leftovers\n|upkeep\n|turn|4\n|\n|t:|1776124469\n|switch|p1b: Incineroar|Incineroar, L50, M|63/100\n|-ability|p1b: Incineroar|Intimidate|boost\n|-unboost|p2a: Hawlucha|atk|1\n|-unboost|p2b: Gyarados|atk|1\n|detailschange|p1a: Meganium|Meganium-Mega, L50, F\n|-mega|p1a: Meganium|Meganium|Meganiumite\n|move|p2b: Gyarados|Stone Edge|p1b: Incineroar\n|-supereffective|p1b: Incineroar|1\n|-damage|p1b: Incineroar|17/100\n|-enditem|p1b: Incineroar|Sitrus Berry|[eat]\n|-heal|p1b: Incineroar|42/100|[from] item: Sitrus Berry\n|move|p2a: Hawlucha|Entrainment|p1a: Meganium\n|-ability|p1a: Meganium|No Guard|Mega Sol|[from] move: Entrainment|[of] p2a: Hawlucha\n|move|p1a: Meganium|Weather Ball|p2a: Hawlucha\n|-damage|p2a: Hawlucha|79/100\n|\n|-heal|p2b: Gyarados|33/100|[from] item: Leftovers\n|upkeep\n|turn|5\n|c|\u2606i_love_danny_green|dude thats fucking awesome\n|c|\u2606alvarriderr|thanks\n|\n|t:|1776124508\n|switch|p1a: Basculegion|Basculegion, L50, M|51/100\n|move|p1b: Incineroar|Fake Out|p2b: Gyarados\n|-damage|p2b: Gyarados|16/100\n|cant|p2b: Gyarados|flinch\n|move|p2a: Hawlucha|Flying Press|p1a: Basculegion\n|-immune|p1a: Basculegion\n|\n|-heal|p2b: Gyarados|22/100|[from] item: Leftovers\n|upkeep\n|turn|6\n|\n|t:|1776124546\n|switch|p2a: Volcarona|Volcarona, L50, M|100/100\n|move|p2b: Gyarados|Waterfall|p1b: Incineroar\n|-supereffective|p1b: Incineroar|1\n|-damage|p1b: Incineroar|0 fnt\n|faint|p1b: Incineroar\n|move|p1a: Basculegion|Wave Crash|p2a: Volcarona\n|-supereffective|p2a: Volcarona|1\n|-damage|p2a: Volcarona|0 fnt\n|faint|p2a: Volcarona\n|-damage|p1a: Basculegion|24/100|[from] Recoil\n|\n|-heal|p2b: Gyarados|27/100|[from] item: Leftovers\n|upkeep\n|\n|t:|1776124558\n|switch|p2a: Hawlucha|Hawlucha-Mega, L50, F|79/100\n|switch|p1b: Meganium|Meganium-Mega, L50, F|100/100\n|turn|7\n|\n|t:|1776124610\n|move|p1b: Meganium|Protect|p1b: Meganium\n|-singleturn|p1b: Meganium|Protect\n|move|p2b: Gyarados|Stone Edge|p1b: Meganium\n|-activate|p1b: Meganium|move: Protect\n|move|p1a: Basculegion|Wave Crash|p2a: Hawlucha\n|-damage|p2a: Hawlucha|0 fnt\n|faint|p2a: Hawlucha\n|-damage|p1a: Basculegion|0 fnt|[from] Recoil\n|faint|p1a: Basculegion\n|\n|-heal|p2b: Gyarados|33/100|[from] item: Leftovers\n|upkeep\n|turn|8\n|\n|t:|1776124633\n|move|p2b: Gyarados|Stone Edge|p1b: Meganium|[miss]\n|-miss|p2b: Gyarados|p1b: Meganium\n|move|p1b: Meganium|Solar Beam||[still]\n|-prepare|p1b: Meganium|Solar Beam\n|-activate|p1b: Meganium|ability: Mega Sol\n|-anim|p1b: Meganium|Solar Beam|p2b: Gyarados\n|-damage|p2b: Gyarados|0 fnt\n|faint|p2b: Gyarados\n|\n|win|i_love_danny_green\n|raw|i_love_danny_green's rating: 1098 &rarr; <strong>1119</strong><br />(+21 for winning)\n|raw|alvarriderr's rating: 1032 &rarr; <strong>1020</strong><br />(-12 for losing)\n|c|\u2606alvarriderr|gg\n|c|\u2606i_love_danny_green|gg\n|l|\u2606i_love_danny_green\n|player|p1|\n",
  "uploadtime": 1776124767,
  "views": 45,
  "formatid": "gen9championsvgc2026regma",
  "rating": 1020,
  "private": 0,
  "password": null
}