{
  "id": "gen9championsvgc2026regma-2587872455",
  "format": "[Gen 9 Champions] VGC 2026 Reg M-A",
  "players": [
    "zhz2021",
    "jaesun0810"
  ],
  "log": "|j|\u2606zhz2021\n|j|\u2606jaesun0810\n|t:|1776573026\n|gametype|doubles\n|player|p1|zhz2021|marley|1488\n|player|p2|jaesun0810|102|1579\n|gen|9\n|tier|[Gen 9 Champions] VGC 2026 Reg M-A\n|rated|\n|rule|Species Clause: Limit one of each Pok\u00e9mon\n|rule|Item Clause: Limit 1 of each item\n|clearpoke\n|poke|p1|Sableye, L50, M|\n|poke|p1|Archaludon, L50, M|\n|poke|p1|Scovillain, L50, M, shiny|\n|poke|p1|Basculegion-F, L50, F, shiny|\n|poke|p1|Pelipper, L50, M|\n|poke|p1|Mamoswine, L50, F|\n|poke|p2|Basculegion, L50, M|\n|poke|p2|Sableye, L50, M|\n|poke|p2|Archaludon, L50, F|\n|poke|p2|Meganium, L50, F|\n|poke|p2|Pelipper, L50, M|\n|poke|p2|Sneasler, L50, M|\n|teampreview|4\n|\n|t:|1776573063\n|teamsize|p1|4\n|teamsize|p2|4\n|start\n|switch|p1a: Scovillain|Scovillain, L50, M, shiny|100/100\n|switch|p1b: Pelipper|Pelipper, L50, M|100/100\n|switch|p2a: Pelipper|Pelipper, L50, M|100/100\n|switch|p2b: Archaludon|Archaludon, L50, F|100/100\n|-weather|RainDance|[from] ability: Drizzle|[of] p2a: Pelipper\n|turn|1\n|\n|t:|1776573079\n|detailschange|p1a: Scovillain|Scovillain-Mega, L50, M, shiny\n|-mega|p1a: Scovillain|Scovillain|Scovillainite\n|move|p2a: Pelipper|Hurricane|p1a: Scovillain\n|-supereffective|p1a: Scovillain|1\n|-damage|p1a: Scovillain|5/100\n|-status|p2a: Pelipper|brn|[from] ability: Spicy Spray|[of] p1a: Scovillain\n|move|p1b: Pelipper|Soak|p2b: Archaludon\n|-start|p2b: Archaludon|typechange|Water\n|move|p2b: Archaludon|Electro Shot||[still]\n|-prepare|p2b: Archaludon|Electro Shot\n|-boost|p2b: Archaludon|spa|1\n|-anim|p2b: Archaludon|Electro Shot|p1a: Scovillain\n|-resisted|p1a: Scovillain|1\n|-damage|p1a: Scovillain|0 fnt\n|-status|p2b: Archaludon|brn|[from] ability: Spicy Spray|[of] p1a: Scovillain\n|faint|p1a: Scovillain\n|\n|-weather|RainDance|[upkeep]\n|-damage|p2a: Pelipper|95/100 brn|[from] brn\n|-damage|p2b: Archaludon|94/100 brn|[from] brn\n|upkeep\n|\n|t:|1776573087\n|switch|p1a: Archaludon|Archaludon, L50, M|100/100\n|turn|2\n|\n|t:|1776573095\n|move|p2b: Archaludon|Protect|p2b: Archaludon\n|-singleturn|p2b: Archaludon|Protect\n|move|p2a: Pelipper|Tailwind|p2a: Pelipper\n|-sidestart|p2: jaesun0810|move: Tailwind\n|move|p1b: Pelipper|Tailwind|p1b: Pelipper\n|-sidestart|p1: zhz2021|move: Tailwind\n|move|p1a: Archaludon|Electro Shot||[still]\n|-prepare|p1a: Archaludon|Electro Shot\n|-boost|p1a: Archaludon|spa|1\n|-anim|p1a: Archaludon|Electro Shot|p2b: Archaludon\n|-activate|p2b: Archaludon|move: Protect\n|\n|-weather|RainDance|[upkeep]\n|-heal|p2b: Archaludon|100/100 brn|[from] item: Leftovers\n|-damage|p2a: Pelipper|89/100 brn|[from] brn\n|-damage|p2b: Archaludon|94/100 brn|[from] brn\n|upkeep\n|turn|3\n|\n|t:|1776573120\n|move|p2a: Pelipper|Weather Ball|p1b: Pelipper\n|-resisted|p1b: Pelipper|1\n|-damage|p1b: Pelipper|60/100\n|move|p1b: Pelipper|Hurricane|p2a: Pelipper\n|-damage|p2a: Pelipper|17/100 brn\n|-start|p2a: Pelipper|confusion\n|move|p1a: Archaludon|Electro Shot||[still]\n|-prepare|p1a: Archaludon|Electro Shot\n|-boost|p1a: Archaludon|spa|1\n|-anim|p1a: Archaludon|Electro Shot|p2b: Archaludon\n|-supereffective|p2b: Archaludon|1\n|-crit|p2b: Archaludon\n|-damage|p2b: Archaludon|0 fnt\n|faint|p2b: Archaludon\n|\n|-weather|RainDance|[upkeep]\n|-damage|p2a: Pelipper|11/100 brn|[from] brn\n|upkeep\n|\n|t:|1776573135\n|switch|p2b: Meganium|Meganium, L50, F|100/100\n|turn|4\n|\n|t:|1776573159\n|detailschange|p2b: Meganium|Meganium-Mega, L50, F\n|-mega|p2b: Meganium|Meganium|Meganiumite\n|-activate|p2a: Pelipper|confusion\n|move|p2a: Pelipper|Wide Guard|p2a: Pelipper\n|-singleturn|p2a: Pelipper|Wide Guard\n|move|p2b: Meganium|Dazzling Gleam|p1a: Archaludon|[spread] p1a,p1b\n|-damage|p1a: Archaludon|62/100\n|-damage|p1b: Pelipper|13/100\n|-ability|p1a: Archaludon|Stamina|boost\n|-boost|p1a: Archaludon|def|1\n|-enditem|p1b: Pelipper|Sitrus Berry|[eat]\n|-heal|p1b: Pelipper|37/100|[from] item: Sitrus Berry\n|move|p1b: Pelipper|Soak|p2b: Meganium\n|-start|p2b: Meganium|typechange|Water\n|move|p1a: Archaludon|Electro Shot||[still]\n|-prepare|p1a: Archaludon|Electro Shot\n|-boost|p1a: Archaludon|spa|1\n|-anim|p1a: Archaludon|Electro Shot|p2b: Meganium\n|-supereffective|p2b: Meganium|1\n|-damage|p2b: Meganium|0 fnt\n|faint|p2b: Meganium\n|\n|-weather|RainDance|[upkeep]\n|-heal|p1a: Archaludon|69/100|[from] item: Leftovers\n|-damage|p2a: Pelipper|5/100 brn|[from] brn\n|upkeep\n|\n|t:|1776573171\n|switch|p2b: Basculegion|Basculegion, L50, M|100/100\n|turn|5\n|\n|t:|1776573192\n|move|p1a: Archaludon|Protect|p1a: Archaludon\n|-singleturn|p1a: Archaludon|Protect\n|move|p2b: Basculegion|Last Respects|p1a: Archaludon\n|-activate|p1a: Archaludon|move: Protect\n|-end|p2a: Pelipper|confusion\n|move|p2a: Pelipper|Weather Ball|p1a: Archaludon\n|-activate|p1a: Archaludon|move: Protect\n|move|p1b: Pelipper|Hurricane|p2b: Basculegion\n|-damage|p2b: Basculegion|50/100\n|-start|p2b: Basculegion|confusion\n|\n|-weather|none\n|-heal|p1a: Archaludon|75/100|[from] item: Leftovers\n|-damage|p2a: Pelipper|0 fnt|[from] brn\n|faint|p2a: Pelipper\n|-sideend|p2: jaesun0810|move: Tailwind\n|-sideend|p1: zhz2021|move: Tailwind\n|upkeep\n|turn|6\n|-message|jaesun0810 forfeited.\n|\n|win|zhz2021\n|raw|zhz2021's rating: 1506 &rarr; <strong>1530</strong><br />(+24 for winning)\n|raw|jaesun0810's rating: 1579 &rarr; <strong>1555</strong><br />(-24 for losing)\n|l|\u2606jaesun0810\n|player|p2|\n|l|\u2606zhz2021\n|player|p1|\n",
  "uploadtime": 1776573218,
  "views": 19,
  "formatid": "gen9championsvgc2026regma",
  "rating": 1530,
  "private": 0,
  "password": null
}