{
  "id": "gen9championsvgc2026regma-2588591058",
  "format": "[Gen 9 Champions] VGC 2026 Reg M-A",
  "players": [
    "Loudflamingo",
    "anov"
  ],
  "log": "|j|\u2606Loudflamingo\n|j|\u2606anov\n|t:|1776648028\n|gametype|doubles\n|player|p1|Loudflamingo|101|1082\n|player|p2|anov|rosa|1106\n|gen|9\n|tier|[Gen 9 Champions] VGC 2026 Reg M-A\n|rated|\n|rule|Species Clause: Limit one of each Pok\u00e9mon\n|rule|Item Clause: Limit 1 of each item\n|clearpoke\n|poke|p1|Sableye, L50, M|\n|poke|p1|Espathra, L50, F|\n|poke|p1|Milotic, L50, F|\n|poke|p1|Garchomp, L50, F|\n|poke|p1|Maushold-Four, L50|\n|poke|p1|Gallade, L50, M|\n|poke|p2|Gengar, L50, M|\n|poke|p2|Politoed, L50, M|\n|poke|p2|Incineroar, L50, M|\n|poke|p2|Archaludon, L50, F|\n|poke|p2|Basculegion, L50, M|\n|poke|p2|Maushold, L50|\n|teampreview|4\n|inactive|Battle timer is ON: inactive players will automatically lose when time's up. (requested by anov)\n|\n|t:|1776648074\n|teamsize|p1|4\n|teamsize|p2|4\n|start\n|switch|p1a: Sableye|Sableye, L50, M|100/100\n|switch|p1b: Milotic|Milotic, L50, F|100/100\n|switch|p2a: Gengar|Gengar, L50, M|100/100\n|switch|p2b: Politoed|Politoed, L50, M|100/100\n|-weather|RainDance|[from] ability: Drizzle|[of] p2b: Politoed\n|turn|1\n|\n|t:|1776648091\n|detailschange|p2a: Gengar|Gengar-Mega, L50, M\n|-mega|p2a: Gengar|Gengar|Gengarite\n|move|p2a: Gengar|Protect|p2a: Gengar\n|-singleturn|p2a: Gengar|Protect\n|move|p1a: Sableye|Taunt|p2a: Gengar\n|-activate|p2a: Gengar|move: Protect\n|move|p1b: Milotic|Hypnosis|p2b: Politoed|[miss]\n|-miss|p1b: Milotic|p2b: Politoed\n|move|p2b: Politoed|Perish Song|p2b: Politoed\n|-start|p1a: Sableye|perish3|[silent]\n|-start|p1b: Milotic|perish3|[silent]\n|-start|p2a: Gengar|perish3|[silent]\n|-start|p2b: Politoed|perish3|[silent]\n|-fieldactivate|move: Perish Song\n|\n|-weather|RainDance|[upkeep]\n|-start|p2a: Gengar|perish3\n|-start|p1b: Milotic|perish3\n|-start|p2b: Politoed|perish3\n|-start|p1a: Sableye|perish3\n|upkeep\n|turn|2\n|\n|t:|1776648114\n|switch|p2b: Basculegion|Basculegion, L50, M|100/100\n|move|p2a: Gengar|Substitute|p2a: Gengar\n|-start|p2a: Gengar|Substitute\n|-damage|p2a: Gengar|76/100\n|move|p1b: Milotic|Hydro Pump|p2a: Gengar\n|-end|p2a: Gengar|Substitute\n|move|p1a: Sableye|Foul Play|p2a: Gengar\n|-supereffective|p2a: Gengar|1\n|-damage|p2a: Gengar|26/100\n|\n|-weather|RainDance|[upkeep]\n|-start|p2a: Gengar|perish2\n|-start|p1b: Milotic|perish2\n|-start|p1a: Sableye|perish2\n|upkeep\n|turn|3\n|inactive|anov has 30 seconds left.\n|inactive|Loudflamingo has 30 seconds left.\n|\n|t:|1776648146\n|switch|p2b: Maushold|Maushold, L50|100/100\n|move|p2a: Gengar|Protect|p2a: Gengar\n|-singleturn|p2a: Gengar|Protect\n|move|p1a: Sableye|Gravity|p1a: Sableye\n|-fieldstart|move: Gravity\n|move|p1b: Milotic|Hydro Pump|p2b: Maushold\n|-damage|p2b: Maushold|42/100\n|\n|-weather|RainDance|[upkeep]\n|-start|p2a: Gengar|perish1\n|-start|p1b: Milotic|perish1\n|-start|p1a: Sableye|perish1\n|upkeep\n|turn|4\n|inactive|anov has 30 seconds left.\n|inactive|Loudflamingo has 30 seconds left.\n|\n|t:|1776648178\n|switch|p2a: Politoed|Politoed, L50, M|100/100\n|move|p2b: Maushold|Encore|p1a: Sableye\n|-start|p1a: Sableye|Encore\n|move|p1a: Sableye|Gravity||[still]\n|-fail|p1a: Sableye\n|move|p1b: Milotic|Hydro Pump|p2b: Maushold\n|-damage|p2b: Maushold|0 fnt\n|faint|p2b: Maushold\n|\n|-weather|RainDance|[upkeep]\n|-start|p1b: Milotic|perish0\n|-start|p1a: Sableye|perish0\n|faint|p1b: Milotic\n|faint|p1a: Sableye\n|upkeep\n|\n|t:|1776648198\n|switch|p2b: Basculegion|Basculegion, L50, M|100/100\n|switch|p1b: Espathra|Espathra, L50, F|100/100\n|switch|p1a: Gallade|Gallade, L50, M|100/100\n|turn|5\n|\n|t:|1776648221\n|detailschange|p1a: Gallade|Gallade-Mega, L50, M\n|-mega|p1a: Gallade|Gallade|Galladite\n|move|p2b: Basculegion|Last Respects|p1b: Espathra\n|-supereffective|p1b: Espathra|1\n|-damage|p1b: Espathra|0 fnt\n|faint|p1b: Espathra\n|move|p1a: Gallade|Hypnosis|p2b: Basculegion\n|-status|p2b: Basculegion|slp|[from] move: Hypnosis\n|move|p2a: Politoed|Perish Song|p2a: Politoed\n|-start|p1a: Gallade|perish3|[silent]\n|-start|p2a: Politoed|perish3|[silent]\n|-start|p2b: Basculegion|perish3|[silent]\n|-fieldactivate|move: Perish Song\n|\n|-weather|none\n|-start|p2b: Basculegion|perish3\n|-start|p1a: Gallade|perish3\n|-start|p2a: Politoed|perish3\n|upkeep\n|turn|6\n|\n|t:|1776648239\n|move|p2a: Politoed|Protect|p2a: Politoed\n|-singleturn|p2a: Politoed|Protect\n|cant|p2b: Basculegion|slp\n|move|p1a: Gallade|Psycho Cut|p2a: Politoed\n|-activate|p2a: Politoed|move: Protect\n|\n|-start|p2b: Basculegion|perish2\n|-start|p1a: Gallade|perish2\n|-start|p2a: Politoed|perish2\n|upkeep\n|turn|7\n|l|\u2606Loudflamingo\n|inactive|Loudflamingo disconnected and has a minute to reconnect!\n|player|p1|\n|inactive|Loudflamingo has 30 seconds left.\n|inactive|Loudflamingo has 20 seconds left.\n|inactive|Loudflamingo has 15 seconds left.\n|inactive|Loudflamingo has 10 seconds left.\n|inactive|Loudflamingo has 5 seconds left.\n|-message|Loudflamingo lost due to inactivity.\n|\n|win|anov\n|raw|Loudflamingo's rating: 1082 &rarr; <strong>1061</strong><br />(-21 for losing)\n|raw|anov's rating: 1106 &rarr; <strong>1129</strong><br />(+23 for winning)\n",
  "uploadtime": 1776648302,
  "views": 11,
  "formatid": "gen9championsvgc2026regma",
  "rating": 1061,
  "private": 0,
  "password": null
}