{
  "id": "gen9championsvgc2026regma-2581053120",
  "format": "[Gen 9 Champions] VGC 2026 Reg M-A",
  "players": [
    "Kalidowo",
    "daviredsky"
  ],
  "log": "|j|\u2606Kalidowo\n|j|\u2606daviredsky\n|t:|1775955436\n|gametype|doubles\n|player|p1|Kalidowo|169|1040\n|player|p2|daviredsky|265|1108\n|gen|9\n|tier|[Gen 9 Champions] VGC 2026 Reg M-A\n|rated|\n|rule|Species Clause: Limit one of each Pok\u00e9mon\n|rule|Item Clause: Limit 1 of each item\n|clearpoke\n|poke|p1|Scovillain, L50, M|\n|poke|p1|Skarmory, L50, M|\n|poke|p1|Arcanine-Hisui, L50, F|\n|poke|p1|Floette-Eternal, L50, F|\n|poke|p1|Toxicroak, L50, M|\n|poke|p1|Rotom-Wash, L50|\n|poke|p2|Tyranitar, L50, F|\n|poke|p2|Excadrill, L50, M|\n|poke|p2|Corviknight, L50, F|\n|poke|p2|Sinistcha, L50|\n|poke|p2|Gengar, L50, M|\n|poke|p2|Talonflame, L50, M|\n|teampreview|4\nKalidowo rejected open team sheets.\n|\n|t:|1775955463\n|teamsize|p1|4\n|teamsize|p2|4\n|start\n|switch|p1a: Scovillain|Scovillain, L50, M|100/100\n|switch|p1b: Toxicroak|Toxicroak, L50, M|100/100\n|switch|p2a: Tyranitar|Tyranitar, L50, F|100/100\n|switch|p2b: Talonflame|Talonflame, L50, M|100/100\n|-weather|Sandstorm|[from] ability: Sand Stream|[of] p2a: Tyranitar\n|turn|1\n|\n|t:|1775955503\n|detailschange|p2a: Tyranitar|Tyranitar-Mega, L50, F\n|-mega|p2a: Tyranitar|Tyranitar|Tyranitarite\n|detailschange|p1a: Scovillain|Scovillain-Mega, L50, M\n|-mega|p1a: Scovillain|Scovillain|Scovillainite\n|move|p1b: Toxicroak|Fake Out|p2b: Talonflame\n|-damage|p2b: Talonflame|84/100\n|cant|p2b: Talonflame|flinch\n|move|p2a: Tyranitar|Dragon Dance|p2a: Tyranitar\n|-boost|p2a: Tyranitar|atk|1\n|-boost|p2a: Tyranitar|spe|1\n|move|p1a: Scovillain|Leech Seed|p2a: Tyranitar\n|-start|p2a: Tyranitar|move: Leech Seed\n|\n|-weather|Sandstorm|[upkeep]\n|-damage|p2b: Talonflame|79/100|[from] Sandstorm\n|-damage|p1b: Toxicroak|95/100|[from] Sandstorm\n|-damage|p1a: Scovillain|95/100|[from] Sandstorm\n|-damage|p2a: Tyranitar|88/100|[from] Leech Seed|[of] p1a: Scovillain\n|-heal|p1a: Scovillain|100/100|[silent]\n|upkeep\n|turn|2\n|\n|t:|1775955558\n|move|p1a: Scovillain|Protect|p1a: Scovillain\n|-singleturn|p1a: Scovillain|Protect\n|move|p2b: Talonflame|Tailwind|p2b: Talonflame\n|-sidestart|p2: daviredsky|move: Tailwind\n|move|p2a: Tyranitar|Ice Punch|p1a: Scovillain\n|-activate|p1a: Scovillain|move: Protect\n|move|p1b: Toxicroak|Knock Off|p2a: Tyranitar\n|-resisted|p2a: Tyranitar|1\n|-damage|p2a: Tyranitar|82/100\n|\n|-weather|Sandstorm|[upkeep]\n|-damage|p2b: Talonflame|73/100|[from] Sandstorm\n|-damage|p1b: Toxicroak|89/100|[from] Sandstorm\n|-damage|p1a: Scovillain|95/100|[from] Sandstorm\n|-damage|p2a: Tyranitar|69/100|[from] Leech Seed|[of] p1a: Scovillain\n|-heal|p1a: Scovillain|100/100|[silent]\n|upkeep\n|turn|3\n|l|\u2606Kalidowo\n|player|p1|\n|j|\u2606Kalidowo\n|player|p1|Kalidowo|169|\n|\n|t:|1775955604\n|move|p1a: Scovillain|Protect|p1a: Scovillain\n|-singleturn|p1a: Scovillain|Protect\n|move|p2b: Talonflame|Brave Bird|p1a: Scovillain\n|-activate|p1a: Scovillain|move: Protect\n|move|p2a: Tyranitar|Ice Punch|p1b: Toxicroak\n|-damage|p1b: Toxicroak|14/100\n|move|p1b: Toxicroak|Poison Jab|p2b: Talonflame\n|-damage|p2b: Talonflame|30/100\n|\n|-weather|Sandstorm|[upkeep]\n|-damage|p2b: Talonflame|24/100|[from] Sandstorm\n|-damage|p1b: Toxicroak|9/100|[from] Sandstorm\n|-damage|p1a: Scovillain|95/100|[from] Sandstorm\n|-damage|p2a: Tyranitar|57/100|[from] Leech Seed|[of] p1a: Scovillain\n|-heal|p1a: Scovillain|100/100|[silent]\n|upkeep\n|turn|4\n|\n|t:|1775955635\n|switch|p2b: Sinistcha|Sinistcha, L50|100/100\n|-heal|p2a: Tyranitar|82/100|[from] ability: Hospitality|[of] p2b: Sinistcha\n|switch|p1b: Rotom|Rotom-Wash, L50|100/100\n|move|p1a: Scovillain|Protect||[still]\n|-fail|p1a: Scovillain\n|move|p2a: Tyranitar|Ice Punch|p1b: Rotom\n|-resisted|p1b: Rotom|1\n|-damage|p1b: Rotom|71/100\n|\n|-weather|Sandstorm|[upkeep]\n|-damage|p2b: Sinistcha|94/100|[from] Sandstorm\n|-damage|p1b: Rotom|65/100|[from] Sandstorm\n|-damage|p1a: Scovillain|95/100|[from] Sandstorm\n|-heal|p2b: Sinistcha|100/100|[from] item: Leftovers\n|-damage|p2a: Tyranitar|69/100|[from] Leech Seed|[of] p1a: Scovillain\n|-heal|p1a: Scovillain|100/100|[silent]\n|upkeep\n|turn|5\n|\n|t:|1775955663\n|move|p2a: Tyranitar|Ice Punch|p1a: Scovillain\n|-damage|p1a: Scovillain|51/100\n|-status|p2a: Tyranitar|brn|[from] ability: Spicy Spray|[of] p1a: Scovillain\n|move|p2b: Sinistcha|Matcha Gotcha|p1a: Scovillain|[spread] p1a,p1b\n|-resisted|p1a: Scovillain|2\n|-supereffective|p1b: Rotom|1\n|-damage|p1a: Scovillain|44/100\n|-damage|p1b: Rotom|20/100\n|-status|p2b: Sinistcha|brn|[from] ability: Spicy Spray|[of] p1a: Scovillain\n|-enditem|p1b: Rotom|Sitrus Berry|[eat]\n|-heal|p1b: Rotom|44/100|[from] item: Sitrus Berry\n|move|p1b: Rotom|Hydro Pump|p2a: Tyranitar\n|-supereffective|p2a: Tyranitar|1\n|-damage|p2a: Tyranitar|15/100 brn\n|move|p1a: Scovillain|Flamethrower|p2b: Sinistcha\n|-supereffective|p2b: Sinistcha|1\n|-crit|p2b: Sinistcha\n|-damage|p2b: Sinistcha|0 fnt\n|faint|p2b: Sinistcha\n|\n|-weather|none\n|-damage|p2a: Tyranitar|3/100 brn|[from] Leech Seed|[of] p1a: Scovillain\n|-heal|p1a: Scovillain|57/100|[silent]\n|-damage|p2a: Tyranitar|0 fnt|[from] brn\n|faint|p2a: Tyranitar\n|-sideend|p2: daviredsky|move: Tailwind\n|upkeep\n|\n|t:|1775955678\n|switch|p2a: Excadrill|Excadrill, L50, M|100/100\n|switch|p2b: Talonflame|Talonflame, L50, M|24/100\n|turn|6\n|\n|t:|1775955694\n|move|p2b: Talonflame|Roost|p2b: Talonflame\n|-heal|p2b: Talonflame|75/100\n|-singleturn|p2b: Talonflame|move: Roost\n|move|p2a: Excadrill|Rock Slide|p1a: Scovillain|[spread] p1a,p1b\n|-supereffective|p1a: Scovillain|1\n|-damage|p1a: Scovillain|13/100\n|-damage|p1b: Rotom|18/100\n|-status|p2a: Excadrill|brn|[from] ability: Spicy Spray|[of] p1a: Scovillain\n|move|p1b: Rotom|Hydro Pump|p2a: Excadrill\n|-supereffective|p2a: Excadrill|1\n|-enditem|p2a: Excadrill|Focus Sash\n|-damage|p2a: Excadrill|1/100 brn\n|cant|p1a: Scovillain|flinch\n|\n|-damage|p2a: Excadrill|0 fnt|[from] brn\n|faint|p2a: Excadrill\n|upkeep\n|turn|7\n|\n|t:|1775955715\n|move|p1a: Scovillain|Rage Powder|p1a: Scovillain\n|-singleturn|p1a: Scovillain|move: Rage Powder\n|move|p2b: Talonflame|Brave Bird|p1a: Scovillain\n|-supereffective|p1a: Scovillain|1\n|-damage|p1a: Scovillain|0 fnt\n|-immune|p2b: Talonflame\n|faint|p1a: Scovillain\n|-damage|p2b: Talonflame|70/100|[from] Recoil\n|move|p1b: Rotom|Thunderbolt|p2b: Talonflame\n|-supereffective|p2b: Talonflame|1\n|-damage|p2b: Talonflame|0 fnt\n|faint|p2b: Talonflame\n|\n|win|Kalidowo\n|raw|Kalidowo's rating: 1040 &rarr; <strong>1081</strong><br />(+41 for winning)\n|raw|daviredsky's rating: 1108 &rarr; <strong>1078</strong><br />(-30 for losing)\n|l|\u2606daviredsky\n|player|p2|\n",
  "uploadtime": 1775955726,
  "views": 14,
  "formatid": "gen9championsvgc2026regma",
  "rating": 1078,
  "private": 0,
  "password": null
}