{
  "id": "gen9championsvgc2026regma-2589505734",
  "format": "[Gen 9 Champions] VGC 2026 Reg M-A",
  "players": [
    "Pizzahutjuniors",
    "exxtep"
  ],
  "log": "|j|\u2606Pizzahutjuniors\n|j|\u2606exxtep\n|t:|1776729108\n|gametype|doubles\n|player|p1|Pizzahutjuniors|1|1044\n|player|p2|exxtep|alder|1036\n|gen|9\n|tier|[Gen 9 Champions] VGC 2026 Reg M-A\n|rated|\n|rule|Species Clause: Limit one of each Pok\u00e9mon\n|rule|Item Clause: Limit 1 of each item\n|clearpoke\n|poke|p1|Basculegion, L50, M, shiny|\n|poke|p1|Garchomp, L50, M, shiny|\n|poke|p1|Maushold-Four, L50, shiny|\n|poke|p1|Gardevoir, L50, M, shiny|\n|poke|p1|Kingambit, L50, M, shiny|\n|poke|p1|Talonflame, L50, F, shiny|\n|poke|p2|Orthworm, L50, F|\n|poke|p2|Tyranitar, L50, M|\n|poke|p2|Excadrill, L50, F, shiny|\n|poke|p2|Corviknight, L50, F, shiny|\n|poke|p2|Arcanine-Hisui, L50, F|\n|poke|p2|Sinistcha, L50|\n|teampreview|4\n|inactive|Battle timer is ON: inactive players will automatically lose when time's up. (requested by Pizzahutjuniors)\n|\n|t:|1776729134\n|teamsize|p1|4\n|teamsize|p2|4\n|start\n|switch|p1a: Garchomp|Garchomp, L50, M, shiny|100/100\n|switch|p1b: Talonflame|Talonflame, L50, F, shiny|100/100\n|switch|p2a: Geofagio|Orthworm, L50, F|100/100\n|switch|p2b: Tyranitar|Tyranitar, L50, M|100/100\n|-weather|Sandstorm|[from] ability: Sand Stream|[of] p2b: Tyranitar\n|turn|1\n|inactive|exxtep has 30 seconds left.\n|inactive|exxtep has 20 seconds left.\n|inactive|exxtep has 15 seconds left.\n|\n|t:|1776729176\n|detailschange|p2b: Tyranitar|Tyranitar-Mega, L50, M\n|-mega|p2b: Tyranitar|Tyranitar|Tyranitarite\n|move|p2a: Geofagio|Helping Hand|p2b: Tyranitar\n|-singleturn|p2b: Tyranitar|Helping Hand|[of] p2a: Geofagio\n|move|p1b: Talonflame|Tailwind|p1b: Talonflame\n|-sidestart|p1: Pizzahutjuniors|move: Tailwind\n|move|p1a: Garchomp|Earthquake|p2a: Geofagio|[spread] p2b\n|-immune|p2a: Geofagio|[from] ability: Earth Eater\n|-immune|p1b: Talonflame\n|-supereffective|p2b: Tyranitar|1\n|-damage|p2b: Tyranitar|52/100\n|move|p2b: Tyranitar|Rock Slide|p1a: Garchomp|[spread] p1b\n|-miss|p2b: Tyranitar|p1a: Garchomp\n|-supereffective|p1b: Talonflame|2\n|-damage|p1b: Talonflame|0 fnt\n|faint|p1b: Talonflame\n|\n|-weather|Sandstorm|[upkeep]\n|upkeep\n|\n|t:|1776729192\n|switch|p1b: Gardevoir|Gardevoir, L50, M, shiny|100/100\n|-ability|p1b: Gardevoir|Sand Stream|Trace|[from] ability: Trace|[of] p2b: Tyranitar\n|turn|2\n|\n|t:|1776729207\n|detailschange|p1b: Gardevoir|Gardevoir-Mega, L50, M, shiny\n|-mega|p1b: Gardevoir|Gardevoir|Gardevoirite\n|move|p2b: Tyranitar|Protect|p2b: Tyranitar\n|-singleturn|p2b: Tyranitar|Protect\n|move|p1a: Garchomp|Dragon Claw|p2a: Geofagio\n|-resisted|p2a: Geofagio|1\n|-damage|p2a: Geofagio|86/100\n|move|p1b: Gardevoir|Hyper Voice|p2a: Geofagio|[spread] p2a\n|-activate|p2b: Tyranitar|move: Protect\n|-resisted|p2a: Geofagio|1\n|-damage|p2a: Geofagio|58/100\n|move|p2a: Geofagio|Shed Tail|p2a: Geofagio\n|-start|p2a: Geofagio|Substitute|[from] move: Shed Tail\n|-damage|p2a: Geofagio|8/100\n|\n|t:|1776729219\n|switch|p2a: Excadrill|Excadrill, L50, F, shiny|100/100|[from] Shed Tail\n|\n|-weather|Sandstorm|[upkeep]\n|-damage|p1b: Gardevoir|95/100|[from] Sandstorm\n|upkeep\n|turn|3\n|\n|t:|1776729237\n|switch|p2b: Geofagio|Orthworm, L50, F|8/100\n|move|p1b: Gardevoir|Protect|p1b: Gardevoir\n|-singleturn|p1b: Gardevoir|Protect\n|move|p1a: Garchomp|Earthquake|p2a: Excadrill|[spread] p2a\n|-activate|p1b: Gardevoir|move: Protect\n|-heal|p2b: Geofagio|33/100|[from] ability: Earth Eater|[of] p1a: Garchomp\n|-supereffective|p2a: Excadrill|1\n|-end|p2a: Excadrill|Substitute\n|move|p2a: Excadrill|Earthquake|p1a: Garchomp|[spread] p1a\n|-activate|p1b: Gardevoir|move: Protect\n|-heal|p2b: Geofagio|58/100|[from] ability: Earth Eater|[of] p2a: Excadrill\n|-damage|p1a: Garchomp|55/100\n|\n|-weather|Sandstorm|[upkeep]\n|-damage|p1b: Gardevoir|89/100|[from] Sandstorm\n|upkeep\n|turn|4\n|inactive|exxtep has 30 seconds left.\n|\n|t:|1776729267\n|move|p2a: Excadrill|Protect|p2a: Excadrill\n|-singleturn|p2a: Excadrill|Protect\n|move|p2b: Geofagio|Protect|p2b: Geofagio\n|-singleturn|p2b: Geofagio|Protect\n|move|p1a: Garchomp|Rock Slide|p2a: Excadrill|[spread] \n|-activate|p2a: Excadrill|move: Protect\n|-activate|p2b: Geofagio|move: Protect\n|move|p1b: Gardevoir|Hyper Voice|p2b: Geofagio|[spread] \n|-activate|p2a: Excadrill|move: Protect\n|-activate|p2b: Geofagio|move: Protect\n|\n|-weather|Sandstorm|[upkeep]\n|-damage|p1b: Gardevoir|83/100|[from] Sandstorm\n|-sideend|p1: Pizzahutjuniors|move: Tailwind\n|upkeep\n|turn|5\n|inactive|exxtep has 30 seconds left.\n|\n|t:|1776729296\n|switch|p1b: Basculegion|Basculegion, L50, M, shiny|100/100\n|move|p2a: Excadrill|Iron Head|p1b: Basculegion\n|-resisted|p1b: Basculegion|1\n|-damage|p1b: Basculegion|75/100\n|move|p1a: Garchomp|Dragon Claw|p2a: Excadrill\n|-resisted|p2a: Excadrill|1\n|-damage|p2a: Excadrill|69/100\n|move|p2b: Geofagio|Body Press|p1a: Garchomp\n|-damage|p1a: Garchomp|26/100\n|-damage|p2b: Geofagio|46/100|[from] ability: Rough Skin|[of] p1a: Garchomp\n|\n|-weather|none\n|upkeep\n|turn|6\n|inactive|Pizzahutjuniors has 30 seconds left.\n|inactive|exxtep has 30 seconds left.\n|inactive|Pizzahutjuniors has 20 seconds left.\n|inactive|Pizzahutjuniors has 15 seconds left.\n|\n|t:|1776729341\n|switch|p2b: Tyranitar|Tyranitar-Mega, L50, M|52/100\n|-weather|Sandstorm|[from] ability: Sand Stream|[of] p2b: Tyranitar\n|move|p2a: Excadrill|Protect|p2a: Excadrill\n|-singleturn|p2a: Excadrill|Protect\n|move|p1a: Garchomp|Rock Slide|p2a: Excadrill|[spread] p2b\n|-activate|p2a: Excadrill|move: Protect\n|-damage|p2b: Tyranitar|38/100\n|move|p1b: Basculegion|Wave Crash|p2a: Excadrill\n|-activate|p2a: Excadrill|move: Protect\n|\n|-weather|Sandstorm|[upkeep]\n|-damage|p1b: Basculegion|69/100|[from] Sandstorm\n|upkeep\n|turn|7\n|\n|t:|1776729365\n|switch|p2b: Geofagio|Orthworm, L50, F|46/100\n|move|p1b: Basculegion|Aqua Jet|p2a: Excadrill\n|-supereffective|p2a: Excadrill|1\n|-damage|p2a: Excadrill|0 fnt\n|faint|p2a: Excadrill\n|move|p1a: Garchomp|Rock Slide|p2b: Geofagio\n|-resisted|p2b: Geofagio|1\n|-damage|p2b: Geofagio|33/100\n|\n|-weather|Sandstorm|[upkeep]\n|-damage|p1b: Basculegion|62/100|[from] Sandstorm\n|upkeep\n|inactive|exxtep has 30 seconds left.\n|\n|t:|1776729392\n|switch|p2a: Corviknight|Corviknight, L50, F, shiny|100/100\n|turn|8\n|\n|t:|1776729411\n|move|p2b: Geofagio|Protect|p2b: Geofagio\n|-singleturn|p2b: Geofagio|Protect\n|move|p1a: Garchomp|Rock Slide|p2b: Geofagio|[spread] p2a\n|-activate|p2b: Geofagio|move: Protect\n|-damage|p2a: Corviknight|83/100\n|move|p1b: Basculegion|Last Respects|p2a: Corviknight\n|-damage|p2a: Corviknight|27/100\n|move|p2a: Corviknight|Tailwind|p2a: Corviknight\n|-sidestart|p2: exxtep|move: Tailwind\n|\n|-weather|Sandstorm|[upkeep]\n|-damage|p1b: Basculegion|56/100|[from] Sandstorm\n|-heal|p2a: Corviknight|33/100|[from] item: Leftovers\n|upkeep\n|turn|9\n|inactive|exxtep has 30 seconds left.\n|inactive|exxtep has 20 seconds left.\n|inactive|exxtep has 15 seconds left.\n|\n|t:|1776729455\n|move|p1a: Garchomp|Protect|p1a: Garchomp\n|-singleturn|p1a: Garchomp|Protect\n|move|p1b: Basculegion|Protect|p1b: Basculegion\n|-singleturn|p1b: Basculegion|Protect\n|move|p2a: Corviknight|Drill Peck|p1b: Basculegion\n|-activate|p1b: Basculegion|move: Protect\n|move|p2b: Geofagio|Body Press|p1a: Garchomp\n|-activate|p1a: Garchomp|move: Protect\n|\n|-weather|Sandstorm|[upkeep]\n|-damage|p1b: Basculegion|50/100|[from] Sandstorm\n|-heal|p2a: Corviknight|39/100|[from] item: Leftovers\n|upkeep\n|turn|10\n|\n|t:|1776729469\n|move|p2a: Corviknight|Protect|p2a: Corviknight\n|-singleturn|p2a: Corviknight|Protect\n|move|p1b: Basculegion|Aqua Jet|p2a: Corviknight\n|-activate|p2a: Corviknight|move: Protect\n|move|p2b: Geofagio|Body Press|p1a: Garchomp\n|-damage|p1a: Garchomp|0 fnt\n|-damage|p2b: Geofagio|21/100|[from] ability: Rough Skin|[of] p1a: Garchomp\n|faint|p1a: Garchomp\n|\n|-weather|none\n|-heal|p2a: Corviknight|45/100|[from] item: Leftovers\n|upkeep\n|\n|t:|1776729482\n|switch|p1a: Gardevoir|Gardevoir-Mega, L50, M, shiny|83/100\n|turn|11\n|inactive|exxtep has 30 seconds left.\n|inactive|exxtep has 20 seconds left.\n|inactive|exxtep has 15 seconds left.\n|inactive|exxtep has 10 seconds left.\n|\n|t:|1776729528\n|move|p2b: Geofagio|Helping Hand|p2a: Corviknight\n|-singleturn|p2a: Corviknight|Helping Hand|[of] p2b: Geofagio\n|move|p1a: Gardevoir|Protect|p1a: Gardevoir\n|-singleturn|p1a: Gardevoir|Protect\n|move|p1b: Basculegion|Protect|p1b: Basculegion\n|-singleturn|p1b: Basculegion|Protect\n|move|p2a: Corviknight|Drill Peck|p1a: Gardevoir\n|-activate|p1a: Gardevoir|move: Protect\n|\n|-heal|p2a: Corviknight|51/100|[from] item: Leftovers\n|-sideend|p2: exxtep|move: Tailwind\n|upkeep\n|turn|12\n|inactive|exxtep has 30 seconds left.\n|inactive|exxtep has 20 seconds left.\n|\n|t:|1776729564\n|move|p2b: Geofagio|Protect|p2b: Geofagio\n|-singleturn|p2b: Geofagio|Protect\n|move|p1a: Gardevoir|Hyper Voice|p2b: Geofagio|[spread] p2a\n|-activate|p2b: Geofagio|move: Protect\n|-resisted|p2a: Corviknight|1\n|-damage|p2a: Corviknight|27/100\n|move|p1b: Basculegion|Last Respects|p2a: Corviknight\n|-damage|p2a: Corviknight|0 fnt\n|faint|p2a: Corviknight\n|\n|upkeep\n|\n|t:|1776729574\n|switch|p2a: Tyranitar|Tyranitar-Mega, L50, M|38/100\n|-weather|Sandstorm|[from] ability: Sand Stream|[of] p2a: Tyranitar\n|turn|13\n|\n|t:|1776729598\n|move|p2b: Geofagio|Helping Hand|p2a: Tyranitar\n|-singleturn|p2a: Tyranitar|Helping Hand|[of] p2b: Geofagio\n|move|p1b: Basculegion|Aqua Jet|p2a: Tyranitar\n|-supereffective|p2a: Tyranitar|1\n|-damage|p2a: Tyranitar|0 fnt\n|faint|p2a: Tyranitar\n|move|p1a: Gardevoir|Hyper Voice|p2b: Geofagio\n|-resisted|p2b: Geofagio|1\n|-damage|p2b: Geofagio|0 fnt\n|faint|p2b: Geofagio\n|\n|win|Pizzahutjuniors\n|raw|Pizzahutjuniors's rating: 1044 &rarr; <strong>1077</strong><br />(+33 for winning)\n|raw|exxtep's rating: 1036 &rarr; <strong>1021</strong><br />(-15 for losing)\n|l|\u2606exxtep\n|player|p2|\n",
  "uploadtime": 1776729608,
  "views": 3,
  "formatid": "gen9championsvgc2026regma",
  "rating": 1021,
  "private": 0,
  "password": null
}