{
  "id": "gen9championsvgc2026regma-2585899505",
  "format": "[Gen 9 Champions] VGC 2026 Reg M-A",
  "players": [
    "Saymonster",
    "rokinmaster"
  ],
  "log": "|j|\u2606Saymonster\n|j|\u2606rokinmaster\n|t:|1776379638\n|gametype|doubles\n|player|p1|Saymonster|shadowtriad|1178\n|player|p2|rokinmaster|101|1224\n|gen|9\n|tier|[Gen 9 Champions] VGC 2026 Reg M-A\n|rated|\n|rule|Species Clause: Limit one of each Pok\u00e9mon\n|rule|Item Clause: Limit 1 of each item\n|clearpoke\n|poke|p1|Kommo-o, L50, M|\n|poke|p1|Garchomp, L50, M|\n|poke|p1|Talonflame, L50, M|\n|poke|p1|Gardevoir, L50, F|\n|poke|p1|Scizor, L50, M|\n|poke|p1|Sinistcha, L50|\n|poke|p2|Delphox, L50, F|\n|poke|p2|Basculegion, L50, M|\n|poke|p2|Clefable, L50, M|\n|poke|p2|Kingambit, L50, F|\n|poke|p2|Dragonite, L50, M|\n|poke|p2|Sneasler, L50, F|\n|teampreview|4\n|inactive|Battle timer is ON: inactive players will automatically lose when time's up. (requested by rokinmaster)\n|inactive|Saymonster has 60 seconds left.\n|\n|t:|1776379699\n|teamsize|p1|4\n|teamsize|p2|4\n|start\n|switch|p1a: Talonflame|Talonflame, L50, M|100/100\n|switch|p1b: Garchomp|Garchomp, L50, M|100/100\n|switch|p2a: Delphox|Delphox, L50, F|100/100\n|switch|p2b: Basculegion|Basculegion, L50, M|100/100\n|turn|1\n|\n|t:|1776379730\n|detailschange|p2a: Delphox|Delphox-Mega, L50, F\n|-mega|p2a: Delphox|Delphox|Delphoxite\n|move|p2a: Delphox|Protect|p2a: Delphox\n|-singleturn|p2a: Delphox|Protect\n|move|p1b: Garchomp|Protect|p1b: Garchomp\n|-singleturn|p1b: Garchomp|Protect\n|move|p1a: Talonflame|Tailwind|p1a: Talonflame\n|-sidestart|p1: Saymonster|move: Tailwind\n|move|p2b: Basculegion|Wave Crash|p1b: Garchomp\n|-activate|p1b: Garchomp|move: Protect\n|\n|upkeep\n|turn|2\n|inactive|Saymonster has 30 seconds left.\n|inactive|Saymonster has 20 seconds left.\n|inactive|Saymonster has 15 seconds left.\n|\n|t:|1776379772\n|switch|p2a: Clefable|Clefable, L50, M|100/100\n|move|p1a: Talonflame|Dual Wingbeat|p2a: Clefable\n|-damage|p2a: Clefable|90/100\n|-damage|p2a: Clefable|79/100\n|-hitcount|p2a: Clefable|2\n|move|p1b: Garchomp|Rock Slide|p2b: Basculegion|[spread] p2a,p2b\n|-damage|p2a: Clefable|65/100\n|-damage|p2b: Basculegion|76/100\n|cant|p2b: Basculegion|flinch\n|\n|upkeep\n|turn|3\n|inactive|Saymonster has 30 seconds left.\n|inactive|Saymonster has 20 seconds left.\n|inactive|Saymonster has 15 seconds left.\n|inactive|Saymonster has 10 seconds left.\n|inactive|Saymonster has 5 seconds left.\n|\n|t:|1776379825\n|switch|p1a: Gardevoir|Gardevoir, L50, F|100/100\n|-ability|p1a: Gardevoir|Adaptability|Trace|[from] ability: Trace|[of] p2b: Basculegion\n|move|p1b: Garchomp|Protect|p1b: Garchomp\n|-singleturn|p1b: Garchomp|Protect\n|move|p2b: Basculegion|Wave Crash|p1a: Gardevoir\n|-damage|p1a: Gardevoir|0 fnt\n|faint|p1a: Gardevoir\n|-damage|p2b: Basculegion|50/100|[from] Recoil\n|move|p2a: Clefable|Moonblast|p1b: Garchomp\n|-activate|p1b: Garchomp|move: Protect\n|\n|upkeep\n|\n|t:|1776379850\n|switch|p1a: Sinistcha|Sinistcha, L50|100/100\n|turn|4\n|\n|t:|1776379875\n|move|p2a: Clefable|Protect|p2a: Clefable\n|-singleturn|p2a: Clefable|Protect\n|move|p1a: Sinistcha|Rage Powder|p1a: Sinistcha\n|-singleturn|p1a: Sinistcha|move: Rage Powder\n|move|p1b: Garchomp|Rock Slide|p2b: Basculegion|[spread] p2b\n|-activate|p2a: Clefable|move: Protect\n|-damage|p2b: Basculegion|26/100\n|cant|p2b: Basculegion|flinch\n|\n|-sideend|p1: Saymonster|move: Tailwind\n|upkeep\n|turn|5\n|inactive|Saymonster has 30 seconds left.\n|\n|t:|1776379906\n|switch|p2b: Sneasler|Sneasler, L50, F|100/100\n|move|p1a: Sinistcha|Rage Powder|p1a: Sinistcha\n|-singleturn|p1a: Sinistcha|move: Rage Powder\n|move|p1b: Garchomp|Rock Slide|p2a: Clefable|[spread] p2a,p2b\n|-resisted|p2b: Sneasler|1\n|-damage|p2a: Clefable|49/100\n|-damage|p2b: Sneasler|83/100\n|-enditem|p2a: Clefable|Sitrus Berry|[eat]\n|-heal|p2a: Clefable|73/100|[from] item: Sitrus Berry\n|cant|p2a: Clefable|flinch\n|\n|upkeep\n|turn|6\n|inactive|Saymonster has 30 seconds left.\n|\n|t:|1776379937\n|move|p1b: Garchomp|Protect|p1b: Garchomp\n|-singleturn|p1b: Garchomp|Protect\n|move|p2b: Sneasler|Fake Out|p1b: Garchomp\n|-activate|p1b: Garchomp|move: Protect\n|move|p1a: Sinistcha|Strength Sap|p2b: Sneasler\n|-unboost|p2b: Sneasler|atk|1\n|move|p2a: Clefable|Moonblast|p1b: Garchomp\n|-activate|p1b: Garchomp|move: Protect\n|\n|upkeep\n|turn|7\n|\n|t:|1776379959\n|move|p1a: Sinistcha|Rage Powder|p1a: Sinistcha\n|-singleturn|p1a: Sinistcha|move: Rage Powder\n|move|p2b: Sneasler|Dire Claw|p1a: Sinistcha\n|-damage|p1a: Sinistcha|80/100\n|move|p1b: Garchomp|Rock Slide|p2b: Sneasler|[spread] p2a\n|-miss|p1b: Garchomp|p2b: Sneasler\n|-damage|p2a: Clefable|57/100\n|move|p2a: Clefable|Moonblast|p1a: Sinistcha\n|-damage|p1a: Sinistcha|45/100\n|-enditem|p1a: Sinistcha|Sitrus Berry|[eat]\n|-heal|p1a: Sinistcha|70/100|[from] item: Sitrus Berry\n|\n|upkeep\n|turn|8\n|inactive|rokinmaster has 30 seconds left.\n|\n|t:|1776379984\n|switch|p2b: Basculegion|Basculegion, L50, M|26/100\n|switch|p1b: Talonflame|Talonflame, L50, M|100/100\n|move|p1a: Sinistcha|Matcha Gotcha|p2a: Clefable|[spread] p2a,p2b\n|-supereffective|p2b: Basculegion|1\n|-damage|p2a: Clefable|35/100\n|-heal|p1a: Sinistcha|83/100|[from] drain|[of] p2a: Clefable\n|-damage|p2b: Basculegion|0 fnt\n|-heal|p1a: Sinistcha|97/100|[from] drain|[of] p2b: Basculegion\n|faint|p2b: Basculegion\n|move|p2a: Clefable|Moonblast|p1a: Sinistcha\n|-damage|p1a: Sinistcha|63/100\n|\n|upkeep\n|\n|t:|1776379991\n|switch|p2b: Delphox|Delphox-Mega, L50, F|100/100\n|turn|9\n|inactive|Saymonster has 30 seconds left.\n|inactive|Saymonster has 20 seconds left.\n|inactive|Saymonster has 15 seconds left.\n|inactive|Saymonster has 10 seconds left.\n|\n|t:|1776380041\n|move|p2a: Clefable|Follow Me|p2a: Clefable\n|-singleturn|p2a: Clefable|move: Follow Me\n|move|p1b: Talonflame|Tailwind|p1b: Talonflame\n|-sidestart|p1: Saymonster|move: Tailwind\n|move|p2b: Delphox|Heat Wave|p1a: Sinistcha|[spread] p1a,p1b\n|-supereffective|p1a: Sinistcha|1\n|-resisted|p1b: Talonflame|1\n|-damage|p1a: Sinistcha|0 fnt\n|-damage|p1b: Talonflame|72/100\n|faint|p1a: Sinistcha\n|\n|upkeep\n|\n|t:|1776380051\n|switch|p1a: Garchomp|Garchomp, L50, M|100/100\n|turn|10\n|\n|t:|1776380062\n|move|p2b: Delphox|Protect|p2b: Delphox\n|-singleturn|p2b: Delphox|Protect\n|move|p1b: Talonflame|Flare Blitz|p2a: Clefable\n|-damage|p2a: Clefable|2/100\n|-damage|p1b: Talonflame|59/100|[from] Recoil\n|move|p1a: Garchomp|Rock Slide|p2b: Delphox|[spread] p2a\n|-activate|p2b: Delphox|move: Protect\n|-damage|p2a: Clefable|0 fnt\n|faint|p2a: Clefable\n|\n|upkeep\n|\n|t:|1776380069\n|switch|p2a: Sneasler|Sneasler, L50, F|83/100\n|turn|11\n|\n|t:|1776380079\n|move|p1a: Garchomp|Protect|p1a: Garchomp\n|-singleturn|p1a: Garchomp|Protect\n|move|p2a: Sneasler|Fake Out|p1a: Garchomp\n|-activate|p1a: Garchomp|move: Protect\n|move|p1b: Talonflame|Dual Wingbeat|p2a: Sneasler\n|-supereffective|p2a: Sneasler|1\n|-damage|p2a: Sneasler|40/100\n|-supereffective|p2a: Sneasler|1\n|-damage|p2a: Sneasler|0 fnt\n|faint|p2a: Sneasler\n|-hitcount|p2: Sneasler|2\n|move|p2b: Delphox|Psychic|p1b: Talonflame\n|-damage|p1b: Talonflame|0 fnt\n|faint|p1b: Talonflame\n|\n|upkeep\n|turn|12\n|\n|t:|1776380097\n|move|p2b: Delphox|Protect|p2b: Delphox\n|-singleturn|p2b: Delphox|Protect\n|move|p1a: Garchomp|Rock Slide|p2b: Delphox\n|-activate|p2b: Delphox|move: Protect\n|\n|-sideend|p1: Saymonster|move: Tailwind\n|upkeep\n|turn|13\n|\n|t:|1776380108\n|move|p2b: Delphox|Psychic|p1a: Garchomp\n|-damage|p1a: Garchomp|44/100\n|move|p1a: Garchomp|Rock Slide|p2b: Delphox\n|-supereffective|p2b: Delphox|1\n|-crit|p2b: Delphox\n|-damage|p2b: Delphox|0 fnt\n|faint|p2b: Delphox\n|\n|win|Saymonster\n|raw|Saymonster's rating: 1178 &rarr; <strong>1206</strong><br />(+28 for winning)\n|raw|rokinmaster's rating: 1224 &rarr; <strong>1196</strong><br />(-28 for losing)\n|c|\u2606rokinmaster|bruh\n|c|\u2606rokinmaster|I lived lol\n|c|\u2606rokinmaster|ggs\n|c|\u2606Saymonster|Gg\n|c|\u2606Saymonster|It was a good match.\n|c|\u2606rokinmaster|eh\n|c|\u2606rokinmaster|I was struggling through 3 flinches\n|c|\u2606Saymonster|King' rock haha\n|c|\u2606Saymonster|nobody cares about that\n|l|\u2606rokinmaster\n|player|p2|\n",
  "uploadtime": 1776380245,
  "views": 40,
  "formatid": "gen9championsvgc2026regma",
  "rating": 1196,
  "private": 0,
  "password": null
}