{
  "id": "gen9championsvgc2026regma-2583865419",
  "format": "[Gen 9 Champions] VGC 2026 Reg M-A",
  "players": [
    "Marshadow1717",
    "AkumaTora85"
  ],
  "log": "|j|\u203dMarshadow1717\n|j|\u2606AkumaTora85\n|t:|1776203786\n|gametype|doubles\n|player|p1|Marshadow1717|170|1047\n|player|p2|AkumaTora85|skierf|1065\n|gen|9\n|tier|[Gen 9 Champions] VGC 2026 Reg M-A\n|rated|\n|rule|Species Clause: Limit one of each Pok\u00e9mon\n|rule|Item Clause: Limit 1 of each item\n|clearpoke\n|poke|p1|Sylveon, L50, F|\n|poke|p1|Aerodactyl, L50, M|\n|poke|p1|Sneasler, L50, F|\n|poke|p1|Basculegion, L50, M|\n|poke|p1|Charizard, L50, M|\n|poke|p1|Sinistcha, L50|\n|poke|p2|Hawlucha, L50, M|\n|poke|p2|Maushold-Four, L50|\n|poke|p2|Beartic, L50, M|\n|poke|p2|Oranguru, L50, M|\n|poke|p2|Slowking, L50, M|\n|poke|p2|Garganacl, L50, M|\n|teampreview|4\n|inactive|Battle timer is ON: inactive players will automatically lose when time's up. (requested by Marshadow1717)\n|\n|t:|1776203810\n|teamsize|p1|4\n|teamsize|p2|4\n|start\n|switch|p1a: Aerodactyl|Aerodactyl, L50, M|100/100\n|switch|p1b: Sylveon|Sylveon, L50, F, shiny|100/100\n|switch|p2a: Hawlucha|Hawlucha, L50, M, shiny|100/100\n|switch|p2b: Slowking|Slowking, L50, M, shiny|100/100\n|-ability|p1a: Aerodactyl|Unnerve\n|turn|1\n|\n|t:|1776203820\n|detailschange|p2a: Hawlucha|Hawlucha-Mega, L50, M, shiny\n|-mega|p2a: Hawlucha|Hawlucha|Hawluchanite\n|move|p1a: Aerodactyl|Tailwind|p1a: Aerodactyl\n|-sidestart|p1: Marshadow1717|move: Tailwind\n|move|p2a: Hawlucha|Entrainment|p2b: Slowking\n|-ability|p2b: Slowking|No Guard|Oblivious|[from] move: Entrainment|[of] p2a: Hawlucha\n|move|p1b: Sylveon|Hyper Beam|p2a: Hawlucha\n|-supereffective|p2a: Hawlucha|1\n|-damage|p2a: Hawlucha|0 fnt\n|-mustrecharge|p1b: Sylveon\n|faint|p2a: Hawlucha\n|move|p2b: Slowking|Trick Room|p2b: Slowking\n|-fieldstart|move: Trick Room|[of] p2b: Slowking\n|\n|upkeep\n|\n|t:|1776203833\n|switch|p2a: Beartic|Beartic, L50, M, shiny|100/100\n|turn|2\n|\n|t:|1776203846\n|move|p2b: Slowking|Skill Swap|p2a: Beartic\n|-activate|p2b: Slowking|Skill Swap|||[of] p2a: Beartic\n|move|p2a: Beartic|Sheer Cold|p1b: Sylveon\n|-damage|p1b: Sylveon|0 fnt\n|faint|p1b: Sylveon\n|-ohko\n|move|p1a: Aerodactyl|Rock Slide|p2b: Slowking|[spread] p2a,p2b\n|-supereffective|p2a: Beartic|1\n|-damage|p2a: Beartic|44/100\n|-damage|p2b: Slowking|76/100\n|\n|upkeep\n|\n|t:|1776203856\n|switch|p1b: Charizard|Charizard, L50, M, shiny|100/100\n|turn|3\n|\n|t:|1776203873\n|detailschange|p1b: Charizard|Charizard-Mega-X, L50, M, shiny\n|-mega|p1b: Charizard|Charizard|Charizardite X\n|-prepare|p2b: Slowking|Chilly Reception|[premajor]\n|move|p2b: Slowking|Chilly Reception|p2b: Slowking\n|-weather|Snowscape\n|\n|t:|1776203878\n|switch|p2b: Maushold|Maushold-Four, L50, shiny|100/100|[from] Chilly Reception\n|move|p2a: Beartic|Sheer Cold|p1b: Charizard\n|-damage|p1b: Charizard|0 fnt\n|faint|p1b: Charizard\n|-ohko\n|move|p1a: Aerodactyl|Rock Slide|p2a: Beartic|[spread] p2a,p2b\n|-supereffective|p2a: Beartic|1\n|-crit|p2b: Maushold\n|-damage|p2a: Beartic|8/100\n|-damage|p2b: Maushold|38/100\n|\n|-weather|Snowscape|[upkeep]\n|upkeep\n|\n|t:|1776203890\n|switch|p1b: Sneasler|Sneasler, L50, F|100/100\n|turn|4\n|\n|t:|1776203906\n|move|p2a: Beartic|Protect|p2a: Beartic\n|-singleturn|p2a: Beartic|Protect\n|move|p1b: Sneasler|Fake Out|p2a: Beartic\n|-activate|p2a: Beartic|move: Protect\n|move|p2b: Maushold|Encore|p1b: Sneasler\n|-start|p1b: Sneasler|Encore\n|move|p1a: Aerodactyl|Dual Wingbeat|p2b: Maushold\n|-damage|p2b: Maushold|11/100\n|-damage|p2b: Maushold|0 fnt\n|faint|p2b: Maushold\n|-hitcount|p2: Maushold|2\n|\n|-weather|Snowscape|[upkeep]\n|-sideend|p1: Marshadow1717|move: Tailwind\n|upkeep\n|\n|t:|1776203916\n|switch|p2b: Slowking|Slowking, L50, M, shiny|76/100\n|turn|5\n|\n|t:|1776203925\n|move|p2b: Slowking|Focus Blast|p1a: Aerodactyl\n|-damage|p1a: Aerodactyl|60/100\n|-unboost|p1a: Aerodactyl|spd|1\n|move|p2a: Beartic|Sheer Cold|p1b: Sneasler\n|-damage|p1b: Sneasler|0 fnt\n|faint|p1b: Sneasler\n|-ohko\n|move|p1a: Aerodactyl|Rock Slide|p2b: Slowking|[spread] p2a,p2b\n|-supereffective|p2a: Beartic|1\n|-damage|p2a: Beartic|0 fnt\n|-damage|p2b: Slowking|48/100\n|faint|p2a: Beartic\n|\n|-weather|Snowscape|[upkeep]\n|-fieldend|move: Trick Room\n|upkeep\n|turn|6\n|\n|t:|1776203943\n|move|p1a: Aerodactyl|Dual Wingbeat|p2b: Slowking|[miss]\n|-miss|p1a: Aerodactyl|p2b: Slowking\n|move|p2b: Slowking|Trick Room|p2b: Slowking\n|-fieldstart|move: Trick Room|[of] p2b: Slowking\n|\n|-weather|Snowscape|[upkeep]\n|upkeep\n|turn|7\n|\n|t:|1776203949\n|move|p2b: Slowking|Focus Blast|p1a: Aerodactyl|[miss]\n|-miss|p2b: Slowking|p1a: Aerodactyl\n|move|p1a: Aerodactyl|Dual Wingbeat|p2b: Slowking\n|-crit|p2b: Slowking\n|-damage|p2b: Slowking|19/100\n|-damage|p2b: Slowking|1/100\n|-hitcount|p2b: Slowking|2\n|\n|-weather|none\n|upkeep\n|turn|8\n|\n|t:|1776203961\n|move|p2b: Slowking|Focus Blast|p1a: Aerodactyl\n|-damage|p1a: Aerodactyl|0 fnt\n|-enditem|p2b: Slowking|Sitrus Berry|[eat]\n|-heal|p2b: Slowking|26/100|[from] item: Sitrus Berry\n|faint|p1a: Aerodactyl\n|\n|win|AkumaTora85\n|raw|Marshadow1717's rating: 1047 &rarr; <strong>1031</strong><br />(-16 for losing)\n|raw|AkumaTora85's rating: 1065 &rarr; <strong>1094</strong><br />(+29 for winning)\n|l|\u203dMarshadow1717\n|player|p1|\n",
  "uploadtime": 1776203983,
  "views": 32,
  "formatid": "gen9championsvgc2026regma",
  "rating": 1031,
  "private": 0,
  "password": null
}