{
  "id": "gen9championsvgc2026regma-2586741289",
  "format": "[Gen 9 Champions] VGC 2026 Reg M-A",
  "players": [
    "JoeCool12",
    "ElectroDrift111"
  ],
  "log": "|j|\u2606JoeCool12\n|j|\u2606ElectroDrift111\n|t:|1776456276\n|gametype|doubles\n|player|p1|JoeCool12|265|1508\n|player|p2|ElectroDrift111|roxie|1477\n|gen|9\n|tier|[Gen 9 Champions] VGC 2026 Reg M-A\n|rated|\n|rule|Species Clause: Limit one of each Pok\u00e9mon\n|rule|Item Clause: Limit 1 of each item\n|clearpoke\n|poke|p1|Charizard, L50, M|\n|poke|p1|Venusaur, L50, F|\n|poke|p1|Garchomp, L50, M|\n|poke|p1|Kingambit, L50, F|\n|poke|p1|Sneasler, L50, M|\n|poke|p1|Farigiraf, L50, F|\n|poke|p2|Delphox, L50, F|\n|poke|p2|Kingambit, L50, F|\n|poke|p2|Sneasler, L50, M|\n|poke|p2|Dragonite, L50, M|\n|poke|p2|Clefable, L50, F|\n|poke|p2|Basculegion, L50, M|\n|teampreview|4\n|inactive|Battle timer is ON: inactive players will automatically lose when time's up. (requested by JoeCool12)\n|inactive|ElectroDrift111 has 60 seconds left.\n|inactive|ElectroDrift111 has 30 seconds left.\n|\n|t:|1776456424\n|teamsize|p1|4\n|teamsize|p2|4\n|start\n|switch|p1a: Charizard|Charizard, L50, M|100/100\n|switch|p1b: Garchomp|Garchomp, L50, M|100/100\n|switch|p2a: Dragonite|Dragonite, L50, M|100/100\n|switch|p2b: Aaron's Legion|Basculegion, L50, M|100/100\n|turn|1\n|inactive|JoeCool12 has 30 seconds left.\n|inactive|JoeCool12 has 20 seconds left.\n|j| huhyuhyuhyuh\n|\n|t:|1776456462\n|switch|p1b: Kingambit|Kingambit, L50, F|100/100\n|detailschange|p1a: Charizard|Charizard-Mega-Y, L50, M\n|-mega|p1a: Charizard|Charizard|Charizardite Y\n|-weather|SunnyDay|[from] ability: Drought|[of] p1a: Charizard\n|move|p1a: Charizard|Protect|p1a: Charizard\n|-singleturn|p1a: Charizard|Protect\n|move|p2b: Aaron's Legion|Flip Turn|p1a: Charizard\n|-activate|p1a: Charizard|move: Protect\n|move|p2a: Dragonite|Scale Shot|p1b: Kingambit\n|-resisted|p1b: Kingambit|1\n|-damage|p1b: Kingambit|95/100\n|-resisted|p1b: Kingambit|1\n|-damage|p1b: Kingambit|89/100\n|-resisted|p1b: Kingambit|1\n|-damage|p1b: Kingambit|85/100\n|-hitcount|p1b: Kingambit|3\n|-unboost|p2a: Dragonite|def|1\n|-boost|p2a: Dragonite|spe|1\n|\n|-weather|SunnyDay|[upkeep]\n|upkeep\n|turn|2\n|inactive|JoeCool12 has 30 seconds left.\n|inactive|ElectroDrift111 has 30 seconds left.\n|inactive|JoeCool12 has 20 seconds left.\n|inactive|ElectroDrift111 has 20 seconds left.\n|inactive|ElectroDrift111 has 15 seconds left.\n|\n|t:|1776456504\n|switch|p2b: Clefable|Clefable, L50, F|100/100\n|move|p2a: Dragonite|Scale Shot|p1a: Charizard\n|-damage|p1a: Charizard|78/100\n|-damage|p1a: Charizard|56/100\n|-damage|p1a: Charizard|34/100\n|-damage|p1a: Charizard|12/100\n|-damage|p1a: Charizard|0 fnt\n|faint|p1a: Charizard\n|-hitcount|p1: Charizard|5\n|-unboost|p2a: Dragonite|def|1\n|-boost|p2a: Dragonite|spe|1\n|move|p1b: Kingambit|Kowtow Cleave|p2b: Clefable\n|-resisted|p2b: Clefable|1\n|-damage|p2b: Clefable|84/100\n|\n|-weather|SunnyDay|[upkeep]\n|upkeep\n|\n|t:|1776456510\n|switch|p1a: Sneasler|Sneasler, L50, M|100/100\n|-ability|p1a: Sneasler|Pressure\n|turn|3\n|inactive|ElectroDrift111 has 30 seconds left.\n|c|\u2606JoeCool12|GG lol\n|\n|t:|1776456543\n|move|p2a: Dragonite|Protect|p2a: Dragonite\n|-singleturn|p2a: Dragonite|Protect\n|move|p1a: Sneasler|Dire Claw|p2b: Clefable\n|-supereffective|p2b: Clefable|1\n|-damage|p2b: Clefable|13/100\n|-enditem|p2b: Clefable|Sitrus Berry|[eat]\n|-heal|p2b: Clefable|38/100|[from] item: Sitrus Berry\n|move|p2b: Clefable|Moonblast|p1b: Kingambit\n|-damage|p1b: Kingambit|50/100\n|-unboost|p1b: Kingambit|spa|1\n|-ability|p1b: Kingambit|Defiant|boost\n|-boost|p1b: Kingambit|atk|2\n|move|p1b: Kingambit|Kowtow Cleave|p2a: Dragonite\n|-activate|p2a: Dragonite|move: Protect\n|\n|-weather|SunnyDay|[upkeep]\n|upkeep\n|turn|4\n|inactive|JoeCool12 has 30 seconds left.\n|inactive|ElectroDrift111 has 30 seconds left.\n|\n|t:|1776456583\n|move|p1b: Kingambit|Protect|p1b: Kingambit\n|-singleturn|p1b: Kingambit|Protect\n|move|p2a: Dragonite|Haze|p2a: Dragonite\n|-clearallboost\n|move|p1a: Sneasler|Close Combat|p2a: Dragonite\n|-resisted|p2a: Dragonite|1\n|-damage|p2a: Dragonite|83/100\n|-unboost|p1a: Sneasler|def|1\n|-unboost|p1a: Sneasler|spd|1\n|-enditem|p1a: Sneasler|White Herb\n|-clearnegativeboost|p1a: Sneasler|[silent]\n|move|p2b: Clefable|Moonblast|p1a: Sneasler\n|-damage|p1a: Sneasler|55/100\n|\n|-weather|SunnyDay|[upkeep]\n|upkeep\n|turn|5\n|inactive|JoeCool12 has 30 seconds left.\n|inactive|ElectroDrift111 has 30 seconds left.\n|inactive|JoeCool12 has 20 seconds left.\n|\n|t:|1776456624\n|move|p2a: Dragonite|Extreme Speed|p1a: Sneasler\n|-damage|p1a: Sneasler|4/100\n|move|p1a: Sneasler|Dire Claw|p2b: Clefable\n|-supereffective|p2b: Clefable|1\n|-damage|p2b: Clefable|0 fnt\n|faint|p2b: Clefable\n|move|p1b: Kingambit|Kowtow Cleave|p2a: Dragonite\n|-damage|p2a: Dragonite|29/100\n|\n|-weather|none\n|upkeep\n|\n|t:|1776456635\n|switch|p2b: Foxpii's Blessing|Delphox, L50, F|100/100\n|turn|6\n|\n|t:|1776456656\n|detailschange|p2b: Foxpii's Blessing|Delphox-Mega, L50, F\n|-mega|p2b: Foxpii's Blessing|Delphox|Delphoxite\n|move|p1a: Sneasler|Protect|p1a: Sneasler\n|-singleturn|p1a: Sneasler|Protect\n|move|p2a: Dragonite|Extreme Speed|p1a: Sneasler\n|-activate|p1a: Sneasler|move: Protect\n|move|p1b: Kingambit|Sucker Punch||[still]\n|-fail|p1b: Kingambit\n|move|p2b: Foxpii's Blessing|Substitute|p2b: Foxpii's Blessing\n|-start|p2b: Foxpii's Blessing|Substitute\n|-damage|p2b: Foxpii's Blessing|76/100\n|\n|upkeep\n|turn|7\n|\n|t:|1776456676\n|move|p1b: Kingambit|Protect|p1b: Kingambit\n|-singleturn|p1b: Kingambit|Protect\n|move|p2a: Dragonite|Extreme Speed|p1a: Sneasler\n|-damage|p1a: Sneasler|0 fnt\n|faint|p1a: Sneasler\n|move|p2b: Foxpii's Blessing|Heat Wave|p1b: Kingambit\n|-activate|p1b: Kingambit|move: Protect\n|\n|upkeep\n|\n|t:|1776456682\n|switch|p1a: Garchomp|Garchomp, L50, M|100/100\n|turn|8\n|\n|t:|1776456702\n|move|p2a: Dragonite|Protect|p2a: Dragonite\n|-singleturn|p2a: Dragonite|Protect\n|move|p1b: Kingambit|Protect||[still]\n|-fail|p1b: Kingambit\n|move|p1a: Garchomp|Rock Slide|p2a: Dragonite|[spread] p2b\n|-activate|p2a: Dragonite|move: Protect\n|-supereffective|p2b: Foxpii's Blessing|1\n|-end|p2b: Foxpii's Blessing|Substitute\n|move|p2b: Foxpii's Blessing|Heat Wave|p1b: Kingambit|[spread] p1a,p1b\n|-resisted|p1a: Garchomp|1\n|-supereffective|p1b: Kingambit|1\n|-damage|p1a: Garchomp|75/100\n|-damage|p1b: Kingambit|0 fnt\n|faint|p1b: Kingambit\n|\n|upkeep\n|turn|9\n|\n|t:|1776456726\n|move|p2b: Foxpii's Blessing|Protect|p2b: Foxpii's Blessing\n|-singleturn|p2b: Foxpii's Blessing|Protect\n|move|p1a: Garchomp|Rock Slide|p2b: Foxpii's Blessing|[spread] p2a\n|-activate|p2b: Foxpii's Blessing|move: Protect\n|-supereffective|p2a: Dragonite|1\n|-damage|p2a: Dragonite|0 fnt\n|faint|p2a: Dragonite\n|\n|upkeep\n|\n|t:|1776456735\n|switch|p2a: Aaron's Legion|Basculegion, L50, M|100/100\n|turn|10\n|\n|t:|1776456744\n|move|p1a: Garchomp|Rock Slide|p2b: Foxpii's Blessing|[spread] p2a,p2b\n|-supereffective|p2b: Foxpii's Blessing|1\n|-damage|p2a: Aaron's Legion|73/100\n|-damage|p2b: Foxpii's Blessing|10/100\n|move|p2a: Aaron's Legion|Last Respects|p1a: Garchomp\n|-damage|p1a: Garchomp|0 fnt\n|faint|p1a: Garchomp\n|\n|win|ElectroDrift111\n|raw|JoeCool12's rating: 1508 &rarr; <strong>1486</strong><br />(-22 for losing)\n|raw|ElectroDrift111's rating: 1477 &rarr; <strong>1499</strong><br />(+22 for winning)\n|l|\u2606JoeCool12\n|player|p1|\n|l|\u2606ElectroDrift111\n|player|p2|\n|l| huhyuhyuhyuh\n|j|\u2606ElectroDrift111\n|player|p2|ElectroDrift111|roxie|\n",
  "uploadtime": 1776457088,
  "views": 63,
  "formatid": "gen9championsvgc2026regma",
  "rating": 1486,
  "private": 0,
  "password": null
}