{
  "id": "gen9championsvgc2026regma-2584933453",
  "format": "[Gen 9 Champions] VGC 2026 Reg M-A",
  "players": [
    "toxel357",
    "dkapflzksh"
  ],
  "log": "|j|\u2606toxel357\n|j|\u2606dkapflzksh\n|t:|1776295836\n|gametype|doubles\n|player|p1|toxel357|harlequin|1350\n|player|p2|dkapflzksh|scientist-gen4dp|1408\n|gen|9\n|tier|[Gen 9 Champions] VGC 2026 Reg M-A\n|rated|\n|rule|Species Clause: Limit one of each Pok\u00e9mon\n|rule|Item Clause: Limit 1 of each item\n|clearpoke\n|poke|p1|Starmie, L50|\n|poke|p1|Pelipper, L50, F|\n|poke|p1|Sneasler, L50, F|\n|poke|p1|Kingambit, L50, F|\n|poke|p1|Sinistcha-Masterpiece, L50|\n|poke|p1|Gengar, L50, M|\n|poke|p2|Pelipper, L50, F|\n|poke|p2|Basculegion, L50, M|\n|poke|p2|Dragonite, L50, F|\n|poke|p2|Archaludon, L50, F|\n|poke|p2|Incineroar, L50, M|\n|poke|p2|Floette-Eternal, L50, F|\n|teampreview|4\n|inactive|Battle timer is ON: inactive players will automatically lose when time's up. (requested by dkapflzksh)\n|inactive|toxel357 has 60 seconds left.\n|\n|t:|1776295922\n|teamsize|p1|4\n|teamsize|p2|4\n|start\n|switch|p1a: Sneasler|Sneasler, L50, F|100/100\n|switch|p1b: Gengar|Gengar, L50, M|100/100\n|switch|p2a: Pelipper|Pelipper, L50, F, shiny|100/100\n|switch|p2b: Basculegion|Basculegion, L50, M, shiny|100/100\n|-weather|RainDance|[from] ability: Drizzle|[of] p2a: Pelipper\n|turn|1\n|inactive|toxel357 has 30 seconds left.\n|\n|t:|1776295951\n|switch|p1a: Kingambit|Kingambit, L50, F|100/100\n|move|p1b: Gengar|Protect|p1b: Gengar\n|-singleturn|p1b: Gengar|Protect\n|move|p2b: Basculegion|Flip Turn|p1b: Gengar\n|-activate|p1b: Gengar|move: Protect\n|move|p2a: Pelipper|Hurricane|p1a: Kingambit\n|-resisted|p1a: Kingambit|1\n|-damage|p1a: Kingambit|77/100\n|\n|-weather|RainDance|[upkeep]\n|upkeep\n|turn|2\n|\n|t:|1776295975\n|switch|p2b: Archaludon|Archaludon, L50, F, shiny|100/100\n|move|p1a: Kingambit|Sucker Punch||[still]\n|-fail|p1a: Kingambit\n|move|p1b: Gengar|Thunderbolt|p2a: Pelipper\n|-supereffective|p2a: Pelipper|2\n|-enditem|p2a: Pelipper|Focus Sash\n|-damage|p2a: Pelipper|1/100\n|move|p2a: Pelipper|Tailwind|p2a: Pelipper\n|-sidestart|p2: dkapflzksh|move: Tailwind\n|\n|-weather|RainDance|[upkeep]\n|upkeep\n|turn|3\n|inactive|toxel357 has 30 seconds left.\n|inactive|toxel357 has 20 seconds left.\n|inactive|toxel357 has 15 seconds left.\n|\n|t:|1776296018\n|move|p1b: Gengar|Protect|p1b: Gengar\n|-singleturn|p1b: Gengar|Protect\n|move|p2a: Pelipper|Weather Ball|p1b: Gengar\n|-activate|p1b: Gengar|move: Protect\n|move|p2b: Archaludon|Electro Shot||[still]\n|-prepare|p2b: Archaludon|Electro Shot\n|-boost|p2b: Archaludon|spa|1\n|-anim|p2b: Archaludon|Electro Shot|p1b: Gengar\n|-activate|p1b: Gengar|move: Protect\n|move|p1a: Kingambit|Kowtow Cleave|p2a: Pelipper\n|-damage|p2a: Pelipper|0 fnt\n|faint|p2a: Pelipper\n|\n|-weather|RainDance|[upkeep]\n|upkeep\n|\n|t:|1776296023\n|switch|p2a: Dragonite|Dragonite, L50, F, shiny|100/100\n|turn|4\n|inactive|toxel357 has 30 seconds left.\n|inactive|toxel357 has 20 seconds left.\n|inactive|toxel357 has 15 seconds left.\n|inactive|toxel357 has 10 seconds left.\n|inactive|toxel357 has 5 seconds left.\n|\n|t:|1776296077\n|switch|p1a: Sneasler|Sneasler, L50, F|100/100\n|detailschange|p2a: Dragonite|Dragonite-Mega, L50, F, shiny\n|-mega|p2a: Dragonite|Dragonite|Dragoninite\n|move|p2a: Dragonite|Focus Blast|p1a: Sneasler\n|-resisted|p1a: Sneasler|1\n|-damage|p1a: Sneasler|70/100\n|move|p2b: Archaludon|Electro Shot||[still]\n|-prepare|p2b: Archaludon|Electro Shot\n|-boost|p2b: Archaludon|spa|1\n|-anim|p2b: Archaludon|Electro Shot|p1b: Gengar\n|-damage|p1b: Gengar|0 fnt\n|faint|p1b: Gengar\n|\n|-weather|RainDance|[upkeep]\n|upkeep\n|\n|t:|1776296095\n|switch|p1b: Starmie|Starmie, L50|100/100\n|turn|5\n|inactive|toxel357 has 30 seconds left.\n|inactive|toxel357 has 20 seconds left.\n|inactive|toxel357 has 15 seconds left.\n|inactive|toxel357 has 10 seconds left.\n|\n|t:|1776296144\n|switch|p1b: Kingambit|Kingambit, L50, F|77/100\n|move|p1a: Sneasler|Protect|p1a: Sneasler\n|-singleturn|p1a: Sneasler|Protect\n|move|p2a: Dragonite|Hurricane|p1a: Sneasler\n|-activate|p1a: Sneasler|move: Protect\n|move|p2b: Archaludon|Electro Shot||[still]\n|-prepare|p2b: Archaludon|Electro Shot\n|-boost|p2b: Archaludon|spa|1\n|-anim|p2b: Archaludon|Electro Shot|p1b: Kingambit\n|-damage|p1b: Kingambit|0 fnt\n|faint|p1b: Kingambit\n|\n|-weather|none\n|-sideend|p2: dkapflzksh|move: Tailwind\n|upkeep\n|\n|t:|1776296158\n|switch|p1b: Starmie|Starmie, L50|100/100\n|turn|6\n|inactive|dkapflzksh has 30 seconds left.\n|\n|t:|1776296189\n|detailschange|p1b: Starmie|Starmie-Mega, L50\n|-mega|p1b: Starmie|Starmie|Starminite\n|move|p1a: Sneasler|Close Combat|p2b: Archaludon\n|-supereffective|p2b: Archaludon|1\n|-damage|p2b: Archaludon|3/100\n|-unboost|p1a: Sneasler|def|1\n|-unboost|p1a: Sneasler|spd|1\n|-ability|p2b: Archaludon|Stamina|boost\n|-boost|p2b: Archaludon|def|1\n|-enditem|p1a: Sneasler|White Herb\n|-clearnegativeboost|p1a: Sneasler|[silent]\n|move|p1b: Starmie|Ice Spinner|p2a: Dragonite\n|-supereffective|p2a: Dragonite|2\n|-damage|p2a: Dragonite|18/100\n|move|p2a: Dragonite|Hurricane|p1a: Sneasler\n|-supereffective|p1a: Sneasler|1\n|-damage|p1a: Sneasler|0 fnt\n|faint|p1a: Sneasler\n|move|p2b: Archaludon|Dragon Pulse|p1b: Starmie\n|-damage|p1b: Starmie|0 fnt\n|faint|p1b: Starmie\n|\n|win|dkapflzksh\n|raw|toxel357's rating: 1350 &rarr; <strong>1333</strong><br />(-17 for losing)\n|raw|dkapflzksh's rating: 1408 &rarr; <strong>1425</strong><br />(+17 for winning)\n",
  "uploadtime": 1776296190,
  "views": 30,
  "formatid": "gen9championsvgc2026regma",
  "rating": 1333,
  "private": 0,
  "password": null
}