{
  "id": "gen9championsvgc2026regma-2586741590",
  "format": "[Gen 9 Champions] VGC 2026 Reg M-A",
  "players": [
    "PotbellyDemon",
    "Zekraidon"
  ],
  "log": "|j|\u2606PotbellyDemon\n|j|\u2606Zekraidon\n|t:|1776456300\n|gametype|doubles\n|player|p1|PotbellyDemon|1|1138\n|player|p2|Zekraidon|iris-gen5bw2|1205\n|gen|9\n|tier|[Gen 9 Champions] VGC 2026 Reg M-A\n|rated|\n|rule|Species Clause: Limit one of each Pok\u00e9mon\n|rule|Item Clause: Limit 1 of each item\n|clearpoke\n|poke|p1|Charizard, L50, M|\n|poke|p1|Sneasler, L50, F|\n|poke|p1|Ninetales-Alola, L50, F|\n|poke|p1|Basculegion, L50, M|\n|poke|p1|Sinistcha, L50|\n|poke|p1|Tinkaton, L50, F|\n|poke|p2|Meganium, L50, F|\n|poke|p2|Aerodactyl, L50, M|\n|poke|p2|Basculegion, L50, M|\n|poke|p2|Raichu, L50, F|\n|poke|p2|Glimmora, L50, F|\n|poke|p2|Aegislash, L50, M|\n|teampreview|4\n|inactive|Battle timer is ON: inactive players will automatically lose when time's up. (requested by Zekraidon)\n|inactive|Zekraidon has 60 seconds left.\n|\n|t:|1776456358\n|teamsize|p1|4\n|teamsize|p2|4\n|start\n|switch|p1a: Basculegion|Basculegion, L50, M|100/100\n|switch|p1b: Sneasler|Sneasler, L50, F|100/100\n|switch|p2a: Glimmora|Glimmora, L50, F|100/100\n|switch|p2b: Basculegion|Basculegion, L50, M|100/100\n|turn|1\n|\n|t:|1776456372\n|move|p2a: Glimmora|Spiky Shield|p2a: Glimmora\n|-singleturn|p2a: Glimmora|move: Protect\n|move|p1a: Basculegion|Flip Turn|p2a: Glimmora\n|-activate|p2a: Glimmora|move: Protect\n|-damage|p1a: Basculegion|88/100|[from] Spiky Shield|[of] p2a: Glimmora\n|move|p2b: Basculegion|Flip Turn|p1b: Sneasler\n|-damage|p1b: Sneasler|30/100\n|\n|t:|1776456381\n|switch|p2b: Aerodactyl|Aerodactyl, L50, M|100/100|[from] Flip Turn\n|-ability|p2b: Aerodactyl|Unnerve\n|move|p1b: Sneasler|Coaching|p1a: Basculegion\n|-boost|p1a: Basculegion|atk|1\n|-boost|p1a: Basculegion|def|1\n|\n|upkeep\n|turn|2\n|\n|t:|1776456405\n|switch|p2a: Meganium|Meganium, L50, F|100/100\n|move|p1a: Basculegion|Flip Turn|p2b: Aerodactyl\n|-supereffective|p2b: Aerodactyl|1\n|-enditem|p2b: Aerodactyl|Focus Sash\n|-damage|p2b: Aerodactyl|1/100\n|\n|t:|1776456411\n|switch|p1a: Charizard|Charizard, L50, M|100/100|[from] Flip Turn\n|move|p2b: Aerodactyl|Tailwind|p2b: Aerodactyl\n|-sidestart|p2: Zekraidon|move: Tailwind\n|move|p1b: Sneasler|Dire Claw|p2b: Aerodactyl\n|-resisted|p2b: Aerodactyl|1\n|-damage|p2b: Aerodactyl|0 fnt\n|faint|p2b: Aerodactyl\n|\n|upkeep\n|\n|t:|1776456420\n|switch|p2b: Glimmora|Glimmora, L50, F|100/100\n|turn|3\n|\n|t:|1776456430\n|detailschange|p2a: Meganium|Meganium-Mega, L50, F\n|-mega|p2a: Meganium|Meganium|Meganiumite\n|move|p1a: Charizard|Protect|p1a: Charizard\n|-singleturn|p1a: Charizard|Protect\n|move|p2b: Glimmora|Power Gem|p1a: Charizard\n|-activate|p1a: Charizard|move: Protect\n|move|p2a: Meganium|Dazzling Gleam|p1b: Sneasler|[spread] p1b\n|-activate|p1a: Charizard|move: Protect\n|-damage|p1b: Sneasler|0 fnt\n|faint|p1b: Sneasler\n|\n|upkeep\n|\n|t:|1776456439\n|switch|p1b: Sinistcha|Sinistcha, L50|100/100\n|turn|4\n|inactive|Zekraidon has 30 seconds left.\n|inactive|Zekraidon has 20 seconds left.\n|inactive|Zekraidon has 15 seconds left.\n|\n|t:|1776456482\n|switch|p2a: Basculegion|Basculegion, L50, M|100/100\n|detailschange|p1a: Charizard|Charizard-Mega-X, L50, M\n|-mega|p1a: Charizard|Charizard|Charizardite X\n|move|p1b: Sinistcha|Rage Powder|p1b: Sinistcha\n|-singleturn|p1b: Sinistcha|move: Rage Powder\n|move|p2b: Glimmora|Acid Spray|p1b: Sinistcha\n|-damage|p1b: Sinistcha|79/100\n|-unboost|p1b: Sinistcha|spd|2\n|move|p1a: Charizard|Flare Blitz|p2a: Basculegion\n|-resisted|p2a: Basculegion|1\n|-damage|p2a: Basculegion|47/100\n|-damage|p1a: Charizard|80/100|[from] Recoil\n|\n|upkeep\n|turn|5\n|inactive|Zekraidon has 30 seconds left.\n|\n|t:|1776456512\n|move|p1b: Sinistcha|Rage Powder|p1b: Sinistcha\n|-singleturn|p1b: Sinistcha|move: Rage Powder\n|move|p2a: Basculegion|Last Respects|p1b: Sinistcha\n|-supereffective|p1b: Sinistcha|1\n|-damage|p1b: Sinistcha|0 fnt\n|faint|p1b: Sinistcha\n|move|p2b: Glimmora|Sludge Bomb|p1a: Charizard\n|-damage|p1a: Charizard|18/100\n|-status|p1a: Charizard|psn\n|move|p1a: Charizard|Dragon Dance|p1a: Charizard\n|-boost|p1a: Charizard|atk|1\n|-boost|p1a: Charizard|spe|1\n|\n|-damage|p1a: Charizard|6/100 psn|[from] psn\n|-sideend|p2: Zekraidon|move: Tailwind\n|upkeep\n|\n|t:|1776456521\n|switch|p1b: Basculegion|Basculegion, L50, M|88/100\n|turn|6\n|\n|t:|1776456543\n|move|p2b: Glimmora|Spiky Shield|p2b: Glimmora\n|-singleturn|p2b: Glimmora|move: Protect\n|move|p1a: Charizard|Breaking Swipe|p2b: Glimmora|[spread] p2a\n|-activate|p2b: Glimmora|move: Protect\n|-damage|p1a: Charizard|0 fnt|[from] Spiky Shield|[of] p2b: Glimmora\n|-damage|p2a: Basculegion|0 fnt\n|faint|p1a: Charizard\n|faint|p2a: Basculegion\n|move|p1b: Basculegion|Last Respects|p2b: Glimmora\n|-activate|p2b: Glimmora|move: Protect\n|\n|upkeep\n|\n|t:|1776456555\n|switch|p2a: Meganium|Meganium-Mega, L50, F|100/100\n|turn|7\n|\n|t:|1776456567\n|move|p1b: Basculegion|Last Respects|p2b: Glimmora\n|-damage|p2b: Glimmora|0 fnt\n|-activate|p2b: Glimmora|ability: Toxic Debris\n|-sidestart|p1: PotbellyDemon|move: Toxic Spikes\n|faint|p2b: Glimmora\n|move|p2a: Meganium|Solar Beam||[still]\n|-prepare|p2a: Meganium|Solar Beam\n|-activate|p2a: Meganium|ability: Mega Sol\n|-anim|p2a: Meganium|Solar Beam|p1b: Basculegion\n|-supereffective|p1b: Basculegion|1\n|-damage|p1b: Basculegion|0 fnt\n|faint|p1b: Basculegion\n|\n|win|Zekraidon\n",
  "uploadtime": 1776456303,
  "views": 30,
  "formatid": "gen9championsvgc2026regma",
  "rating": null,
  "private": 0,
  "password": null
}