{
  "id": "gen9championsvgc2026regma-2582950986",
  "format": "[Gen 9 Champions] VGC 2026 Reg M-A",
  "players": [
    "UnloshTheWash",
    "shuangjiji"
  ],
  "log": "|j|\u203dUnloshTheWash\n|j|\u2606shuangjiji\n|t:|1776127812\n|gametype|doubles\n|player|p1|UnloshTheWash|red|1246\n|player|p2|shuangjiji|101|1254\n|gen|9\n|tier|[Gen 9 Champions] VGC 2026 Reg M-A\n|rated|\n|rule|Species Clause: Limit one of each Pok\u00e9mon\n|rule|Item Clause: Limit 1 of each item\n|clearpoke\n|poke|p1|Delphox, L50, M|\n|poke|p1|Mamoswine, L50, M|\n|poke|p1|Orthworm, L50, M|\n|poke|p1|Rotom-Wash, L50|\n|poke|p1|Maushold-Four, L50|\n|poke|p1|Sneasler, L50, F|\n|poke|p2|Gengar, L50, F|\n|poke|p2|Incineroar, L50, F|\n|poke|p2|Tyranitar, L50, M|\n|poke|p2|Sinistcha-Masterpiece, L50|\n|poke|p2|Kingambit, L50, F|\n|poke|p2|Kommo-o, L50, F|\n|teampreview|4\n|\n|t:|1776127840\n|teamsize|p1|4\n|teamsize|p2|4\n|start\n|switch|p1a: Maushold|Maushold-Four, L50|100/100\n|switch|p1b: Orthworm|Orthworm, L50, M|100/100\n|switch|p2a: Gengar|Gengar, L50, F|100/100\n|switch|p2b: Incineroar|Incineroar, L50, F|100/100\n|-ability|p2b: Incineroar|Intimidate|boost\n|-unboost|p1a: Maushold|atk|1\n|-unboost|p1b: Orthworm|atk|1\n|turn|1\n|\n|t:|1776127856\n|detailschange|p2a: Gengar|Gengar-Mega, L50, F\n|-mega|p2a: Gengar|Gengar|Gengarite\n|move|p2b: Incineroar|Protect|p2b: Incineroar\n|-singleturn|p2b: Incineroar|Protect\n|move|p2a: Gengar|Perish Song|p2a: Gengar\n|-start|p1a: Maushold|perish3|[silent]\n|-start|p1b: Orthworm|perish3|[silent]\n|-start|p2a: Gengar|perish3|[silent]\n|-start|p2b: Incineroar|perish3|[silent]\n|-fieldactivate|move: Perish Song\n|move|p1a: Maushold|Taunt|p2a: Gengar\n|-start|p2a: Gengar|move: Taunt\n|move|p1b: Orthworm|Shed Tail|p1b: Orthworm\n|-start|p1b: Orthworm|Substitute|[from] move: Shed Tail\n|-damage|p1b: Orthworm|50/100\n|-enditem|p1b: Orthworm|Sitrus Berry|[eat]\n|-heal|p1b: Orthworm|75/100|[from] item: Sitrus Berry\n|\n|t:|1776127874\n|switch|p1b: Delphox|Delphox, L50, M|100/100|[from] Shed Tail\n|\n|-start|p2a: Gengar|perish3\n|-start|p1a: Maushold|perish3\n|-start|p2b: Incineroar|perish3\n|upkeep\n|turn|2\n|\n|t:|1776127899\n|switch|p2a: Sinistcha|Sinistcha-Masterpiece, L50|100/100\n|detailschange|p1b: Delphox|Delphox-Mega, L50, M\n|-mega|p1b: Delphox|Delphox|Delphoxite\n|move|p1a: Maushold|Follow Me|p1a: Maushold\n|-singleturn|p1a: Maushold|move: Follow Me\n|move|p1b: Delphox|Psychic|p2a: Sinistcha\n|-damage|p2a: Sinistcha|56/100\n|move|p2b: Incineroar|Parting Shot|p1a: Maushold\n|-unboost|p1a: Maushold|atk|1\n|-unboost|p1a: Maushold|spa|1\n|\n|t:|1776127914\n|switch|p2b: Gengar|Gengar-Mega, L50, F|100/100|[from] Parting Shot\n|\n|-start|p1a: Maushold|perish2\n|upkeep\n|turn|3\n|\n|t:|1776127936\n|move|p2a: Sinistcha|Rage Powder|p2a: Sinistcha\n|-singleturn|p2a: Sinistcha|move: Rage Powder\n|move|p1b: Delphox|Heat Wave|p2a: Sinistcha|[spread] p2a,p2b\n|-supereffective|p2a: Sinistcha|1\n|-damage|p2a: Sinistcha|0 fnt\n|-damage|p2b: Gengar|55/100\n|faint|p2a: Sinistcha\n|move|p2b: Gengar|Perish Song|p2b: Gengar\n|-start|p1b: Delphox|perish3|[silent]\n|-start|p2b: Gengar|perish3|[silent]\n|-fieldactivate|move: Perish Song\n|move|p1a: Maushold|Taunt|p2b: Gengar\n|-start|p2b: Gengar|move: Taunt\n|\n|-start|p1b: Delphox|perish3\n|-start|p2b: Gengar|perish3\n|-start|p1a: Maushold|perish1\n|upkeep\n|\n|t:|1776127953\n|switch|p2a: Incineroar|Incineroar, L50, F|100/100\n|-ability|p2a: Incineroar|Intimidate|boost\n|-unboost|p1a: Maushold|atk|1\n|-immune|p1b: Delphox\n|turn|4\n|\n|t:|1776127988\n|switch|p2b: Kommo-o|Kommo-o, L50, F|100/100\n|move|p1b: Delphox|Heat Wave|p2a: Incineroar|[spread] p2a,p2b\n|-resisted|p2a: Incineroar|1\n|-resisted|p2b: Kommo-o|1\n|-damage|p2a: Incineroar|88/100\n|-damage|p2b: Kommo-o|78/100\n|-status|p2b: Kommo-o|brn\n|move|p1a: Maushold|Super Fang|p2a: Incineroar\n|-damage|p2a: Incineroar|44/100\n|move|p2a: Incineroar|Parting Shot|p1b: Delphox\n|-unboost|p1b: Delphox|atk|1\n|-unboost|p1b: Delphox|spa|1\n|\n|t:|1776128001\n|switch|p2a: Gengar|Gengar-Mega, L50, F|55/100|[from] Parting Shot\n|\n|-heal|p2b: Kommo-o|84/100 brn|[from] item: Leftovers\n|-damage|p2b: Kommo-o|78/100 brn|[from] brn\n|-start|p1b: Delphox|perish2\n|-start|p1a: Maushold|perish0\n|upkeep\n|faint|p1a: Maushold\n|\n|t:|1776128020\n|switch|p1a: Mamoswine|Mamoswine, L50, M|100/100\n|turn|5\n|\n|t:|1776128029\n|move|p2a: Gengar|Protect|p2a: Gengar\n|-singleturn|p2a: Gengar|Protect\n|move|p2b: Kommo-o|Protect|p2b: Kommo-o\n|-singleturn|p2b: Kommo-o|Protect\n|move|p1b: Delphox|Psychic|p2a: Gengar\n|-activate|p2a: Gengar|move: Protect\n|move|p1a: Mamoswine|Earthquake|p2a: Gengar|[spread] \n|-activate|p2a: Gengar|move: Protect\n|-activate|p2b: Kommo-o|move: Protect\n|-immune|p1b: Delphox|[from] ability: Levitate\n|\n|-heal|p2b: Kommo-o|84/100 brn|[from] item: Leftovers\n|-damage|p2b: Kommo-o|78/100 brn|[from] brn\n|-start|p1b: Delphox|perish1\n|upkeep\n|turn|6\n|\n|t:|1776128059\n|switch|p2a: Incineroar|Incineroar, L50, F|44/100\n|-ability|p2a: Incineroar|Intimidate|boost\n|-fail|p1a: Mamoswine|unboost|Attack|[from] ability: Oblivious|[of] p1a: Mamoswine\n|-immune|p1b: Delphox\n|move|p1b: Delphox|Psychic|p2b: Kommo-o\n|-supereffective|p2b: Kommo-o|1\n|-crit|p2b: Kommo-o\n|-damage|p2b: Kommo-o|0 fnt\n|faint|p2b: Kommo-o\n|move|p1a: Mamoswine|Earthquake|p2a: Incineroar|[spread] p2a\n|-immune|p1b: Delphox|[from] ability: Levitate\n|-supereffective|p2a: Incineroar|1\n|-enditem|p2a: Incineroar|Shuca Berry|[eat]\n|-enditem|p2a: Incineroar|Shuca Berry|[weaken]\n|-damage|p2a: Incineroar|8/100\n|\n|-start|p1b: Delphox|perish0\n|upkeep\n|faint|p1b: Delphox\n|\n|t:|1776128076\n|switch|p1b: Orthworm|Orthworm, L50, M|75/100\n|switch|p2b: Gengar|Gengar-Mega, L50, F|55/100\n|turn|7\n|\n|t:|1776128093\n|move|p2a: Incineroar|Fake Out|p1a: Mamoswine\n|-damage|p1a: Mamoswine|88/100\n|move|p2b: Gengar|Shadow Ball|p1b: Orthworm\n|-damage|p1b: Orthworm|24/100\n|cant|p1a: Mamoswine|flinch\n|move|p1b: Orthworm|Heavy Slam|p2b: Gengar\n|-damage|p2b: Gengar|15/100\n|\n|upkeep\n|turn|8\n|\n|t:|1776128120\n|move|p1a: Mamoswine|Ice Shard|p2b: Gengar\n|-damage|p2b: Gengar|0 fnt\n|faint|p2b: Gengar\n|move|p1b: Orthworm|Body Press|p2a: Incineroar\n|-supereffective|p2a: Incineroar|1\n|-damage|p2a: Incineroar|0 fnt\n|faint|p2a: Incineroar\n|\n|win|UnloshTheWash\n|raw|UnloshTheWash's rating: 1246 &rarr; <strong>1272</strong><br />(+26 for winning)\n|raw|shuangjiji's rating: 1254 &rarr; <strong>1228</strong><br />(-26 for losing)\n",
  "uploadtime": 1776128124,
  "views": 22,
  "formatid": "gen9championsvgc2026regma",
  "rating": 1228,
  "private": 0,
  "password": null
}