{
  "id": "gen9championsvgc2026regma-2586780156",
  "format": "[Gen 9 Champions] VGC 2026 Reg M-A",
  "players": [
    "Grimmteam7",
    "penledzuu"
  ],
  "log": "|j|\u2606Grimmteam7\n|j|\u2606penledzuu\n|t:|1776459313\n|gametype|doubles\n|player|p1|Grimmteam7|1|1120\n|player|p2|penledzuu|ninjaboy|1124\n|gen|9\n|tier|[Gen 9 Champions] VGC 2026 Reg M-A\n|rated|\n|rule|Species Clause: Limit one of each Pok\u00e9mon\n|rule|Item Clause: Limit 1 of each item\n|clearpoke\n|poke|p1|Whimsicott, L50, M|\n|poke|p1|Sneasler, L50, M|\n|poke|p1|Zoroark-Hisui, L50, M|\n|poke|p1|Charizard, L50, F|\n|poke|p1|Primarina, L50, F|\n|poke|p1|Kingambit, L50, F|\n|poke|p2|Gengar, L50, F|\n|poke|p2|Gardevoir, L50, F|\n|poke|p2|Arcanine-Hisui, L50, M|\n|poke|p2|Charizard, L50, M|\n|poke|p2|Machamp, L50, F|\n|poke|p2|Sneasler, L50, F|\n|teampreview|4\n|inactive|Battle timer is ON: inactive players will automatically lose when time's up. (requested by penledzuu)\n|\n|t:|1776459327\n|teamsize|p1|4\n|teamsize|p2|4\n|start\n|switch|p1a: Whimsicott|Whimsicott, L50, M|100/100\n|switch|p1b: Primarina|Primarina, L50, F|100/100\n|switch|p2a: Gengar|Gengar, L50, F, shiny|100/100\n|switch|p2b: Sneasler|Sneasler, L50, F|100/100\n|turn|1\n|\n|t:|1776459351\n|move|p2b: Sneasler|Fake Out|p1a: Whimsicott\n|-damage|p1a: Whimsicott|78/100\n|cant|p1a: Whimsicott|flinch\n|move|p1b: Primarina|Psychic|p2a: Gengar\n|-supereffective|p2a: Gengar|1\n|-enditem|p2a: Gengar|Focus Sash\n|-damage|p2a: Gengar|1/100\n|move|p2a: Gengar|Sludge Bomb|p1a: Whimsicott\n|-supereffective|p1a: Whimsicott|2\n|-damage|p1a: Whimsicott|0 fnt\n|faint|p1a: Whimsicott\n|\n|upkeep\n|\n|t:|1776459370\n|switch|p1a: Charizard|Charizard, L50, F|100/100\n|turn|2\n|\n|t:|1776459382\n|detailschange|p1a: Charizard|Charizard-Mega-Y, L50, F\n|-mega|p1a: Charizard|Charizard|Charizardite Y\n|-weather|SunnyDay|[from] ability: Drought|[of] p1a: Charizard\n|move|p1b: Primarina|Protect|p1b: Primarina\n|-singleturn|p1b: Primarina|Protect\n|move|p2b: Sneasler|Dire Claw|p1a: Charizard\n|-damage|p1a: Charizard|38/100\n|move|p2a: Gengar|Icy Wind|p1b: Primarina|[spread] p1a\n|-activate|p1b: Primarina|move: Protect\n|-damage|p1a: Charizard|21/100\n|-unboost|p1a: Charizard|spe|1\n|move|p1a: Charizard|Heat Wave|p2a: Gengar|[spread] p2a\n|-miss|p1a: Charizard|p2b: Sneasler\n|-damage|p2a: Gengar|0 fnt\n|faint|p2a: Gengar\n|\n|-weather|SunnyDay|[upkeep]\n|upkeep\n|\n|t:|1776459398\n|switch|p2a: Charizard|Charizard, L50, M, shiny|100/100\n|turn|3\n|inactive|penledzuu has 30 seconds left.\n|\n|t:|1776459426\n|switch|p1a: Primarina|Primarina, L50, F|100/100\n|detailschange|p2a: Charizard|Charizard-Mega-Y, L50, M, shiny\n|-mega|p2a: Charizard|Charizard|Charizardite Y\n|move|p1b: Primarina|Psychic|p2b: Sneasler\n|-supereffective|p2b: Sneasler|2\n|-damage|p2b: Sneasler|0 fnt\n|faint|p2b: Sneasler\n|move|p2a: Charizard|Flamethrower|p1b: Primarina|[miss]\n|-miss|p2a: Charizard|p1b: Primarina\n|\n|-weather|SunnyDay|[upkeep]\n|upkeep\n|\n|t:|1776459437\n|switch|p2b: Gardevoir|Gardevoir, L50, F|100/100\n|-ability|p2b: Gardevoir|Liquid Voice|Trace|[from] ability: Trace|[of] p1a: Primarina\n|turn|4\n|\n|t:|1776459460\n|move|p1b: Primarina|Shadow Ball|p2b: Gardevoir\n|-supereffective|p2b: Gardevoir|1\n|-damage|p2b: Gardevoir|4/100\n|-enditem|p2b: Gardevoir|Sitrus Berry|[eat]\n|-heal|p2b: Gardevoir|29/100|[from] item: Sitrus Berry\n|move|p2b: Gardevoir|Mystical Fire|p1a: Primarina\n|-resisted|p1a: Primarina|1\n|-crit|p1a: Primarina\n|-damage|p1a: Primarina|67/100\n|-unboost|p1a: Primarina|spa|1\n|move|p2a: Charizard|Heat Wave|p1a: Primarina|[spread] p1a,p1b\n|-resisted|p1a: Primarina|1\n|-crit|p1a: Primarina\n|-damage|p1a: Primarina|11/100\n|-damage|p1b: Primarina|0 fnt\n|replace|p1b: Zoroark|Zoroark-Hisui, L50, M\n|-end|p1b: Zoroark|Illusion\n|faint|p1b: Zoroark\n|move|p1a: Primarina|Hyper Voice|p2a: Charizard|[spread] p2a,p2b\n|-supereffective|p2a: Charizard|1\n|-damage|p2a: Charizard|78/100\n|-damage|p2b: Gardevoir|14/100\n|\n|-weather|SunnyDay|[upkeep]\n|-heal|p1a: Primarina|17/100|[from] item: Leftovers\n|upkeep\n|\n|t:|1776459479\n|switch|p1b: Charizard|Charizard-Mega-Y, L50, F|21/100\n|turn|5\n|\n|t:|1776459498\n|move|p1b: Charizard|Protect|p1b: Charizard\n|-singleturn|p1b: Charizard|Protect\n|move|p1a: Primarina|Aqua Jet|p2b: Gardevoir\n|-damage|p2b: Gardevoir|6/100\n|move|p2b: Gardevoir|Psychic|p1a: Primarina\n|-damage|p1a: Primarina|0 fnt\n|faint|p1a: Primarina\n|move|p2a: Charizard|Heat Wave|p1b: Charizard\n|-activate|p1b: Charizard|move: Protect\n|\n|-weather|SunnyDay|[upkeep]\n|upkeep\n|turn|6\n|\n|t:|1776459513\n|move|p1b: Charizard|Heat Wave|p2b: Gardevoir|[spread] p2a,p2b\n|-resisted|p2a: Charizard|1\n|-damage|p2a: Charizard|50/100\n|-damage|p2b: Gardevoir|0 fnt\n|faint|p2b: Gardevoir\n|move|p2a: Charizard|Flamethrower|p1b: Charizard\n|-resisted|p1b: Charizard|1\n|-damage|p1b: Charizard|0 fnt\n|faint|p1b: Charizard\n|\n|win|penledzuu\n|raw|Grimmteam7's rating: 1120 &rarr; <strong>1095</strong><br />(-25 for losing)\n|raw|penledzuu's rating: 1124 &rarr; <strong>1149</strong><br />(+25 for winning)\n",
  "uploadtime": 1776459520,
  "views": 27,
  "formatid": "gen9championsvgc2026regma",
  "rating": 1095,
  "private": 0,
  "password": null
}