{
  "id": "gen9championsvgc2026regma-2586526998",
  "format": "[Gen 9 Champions] VGC 2026 Reg M-A",
  "players": [
    "MaxwellhehexD",
    "iheartskadi"
  ],
  "log": "|j|\u2606MaxwellhehexD\n|j|\u2606iheartskadi\n|t:|1776440727\n|gametype|doubles\n|player|p1|MaxwellhehexD|gambler|1210\n|player|p2|iheartskadi|dawn-gen4pt|1188\n|gen|9\n|tier|[Gen 9 Champions] VGC 2026 Reg M-A\n|rated|\n|rule|Species Clause: Limit one of each Pok\u00e9mon\n|rule|Item Clause: Limit 1 of each item\n|clearpoke\n|poke|p1|Golurk, L50|\n|poke|p1|Farigiraf, L50, F|\n|poke|p1|Incineroar, L50, F|\n|poke|p1|Torkoal, L50, M|\n|poke|p1|Sneasler, L50, M|\n|poke|p1|Venusaur, L50, F|\n|poke|p2|Froslass, L50, F|\n|poke|p2|Kingambit, L50, M|\n|poke|p2|Garchomp, L50, M|\n|poke|p2|Sneasler, L50, F|\n|poke|p2|Incineroar, L50, F|\n|poke|p2|Primarina, L50, M|\n|teampreview|4\n|inactive|Battle timer is ON: inactive players will automatically lose when time's up. (requested by MaxwellhehexD)\n|inactive|iheartskadi has 60 seconds left.\n|\n|t:|1776440782\n|teamsize|p1|4\n|teamsize|p2|4\n|start\n|switch|p1a: Sneasler|Sneasler, L50, M|100/100\n|switch|p1b: Farigiraf|Farigiraf, L50, F|100/100\n|switch|p2a: Froslass|Froslass, L50, F|100/100\n|switch|p2b: Sneasler|Sneasler, L50, F|100/100\n|turn|1\n|inactive|MaxwellhehexD has 30 seconds left.\n|inactive|iheartskadi has 30 seconds left.\n|\n|t:|1776440817\n|switch|p2b: Garchomp|Garchomp, L50, M|100/100\n|detailschange|p2a: Froslass|Froslass-Mega, L50, F\n|-mega|p2a: Froslass|Froslass|Froslassite\n|-weather|Snowscape|[from] ability: Snow Warning|[of] p2a: Froslass\n|move|p2a: Froslass|Blizzard|p1b: Farigiraf|[spread] p1a,p1b\n|-damage|p1a: Sneasler|44/100\n|-damage|p1b: Farigiraf|59/100\n|move|p1a: Sneasler|Coaching|p1b: Farigiraf\n|-boost|p1b: Farigiraf|atk|1\n|-boost|p1b: Farigiraf|def|1\n|move|p1b: Farigiraf|Trick Room|p1b: Farigiraf\n|-fieldstart|move: Trick Room|[of] p1b: Farigiraf\n|\n|-weather|Snowscape|[upkeep]\n|upkeep\n|turn|2\n|inactive|MaxwellhehexD has 30 seconds left.\n|inactive|MaxwellhehexD has 20 seconds left.\n|\n|t:|1776440853\n|switch|p1a: Torkoal|Torkoal, L50, M|100/100\n|-weather|SunnyDay|[from] ability: Drought|[of] p1a: Torkoal\n|move|p1b: Farigiraf|Psychic|p2a: Froslass\n|-damage|p2a: Froslass|54/100\n|move|p2a: Froslass|Blizzard|p1a: Torkoal|[spread] p1a\n|-miss|p2a: Froslass|p1b: Farigiraf\n|-resisted|p1a: Torkoal|1\n|-damage|p1a: Torkoal|75/100\n|move|p2b: Garchomp|Rock Slide|p1a: Torkoal|[spread] p1a\n|-miss|p2b: Garchomp|p1b: Farigiraf\n|-supereffective|p1a: Torkoal|1\n|-damage|p1a: Torkoal|41/100\n|\n|-weather|SunnyDay|[upkeep]\n|upkeep\n|turn|3\n|\n|t:|1776440871\n|move|p1b: Farigiraf|Helping Hand|p1a: Torkoal\n|-singleturn|p1a: Torkoal|Helping Hand|[of] p1b: Farigiraf\n|move|p2a: Froslass|Protect|p2a: Froslass\n|-singleturn|p2a: Froslass|Protect\n|move|p1a: Torkoal|Heat Wave|p2b: Garchomp|[spread] p2b\n|-activate|p2a: Froslass|move: Protect\n|-resisted|p2b: Garchomp|1\n|-damage|p2b: Garchomp|54/100\n|move|p2b: Garchomp|Rock Slide|p1a: Torkoal|[spread] p1a,p1b\n|-supereffective|p1a: Torkoal|1\n|-damage|p1a: Torkoal|10/100\n|-damage|p1b: Farigiraf|48/100\n|-enditem|p1b: Farigiraf|Sitrus Berry|[eat]\n|-heal|p1b: Farigiraf|73/100|[from] item: Sitrus Berry\n|\n|-weather|SunnyDay|[upkeep]\n|upkeep\n|turn|4\n|\n|t:|1776440890\n|switch|p1b: Golurk|Golurk, L50|100/100\n|switch|p2a: Sneasler|Sneasler, L50, F|100/100\n|move|p1a: Torkoal|Heat Wave|p2b: Garchomp|[spread] p2a,p2b\n|-resisted|p2b: Garchomp|1\n|-damage|p2a: Sneasler|23/100\n|-damage|p2b: Garchomp|25/100\n|move|p2b: Garchomp|Rock Slide|p1b: Golurk|[spread] p1a,p1b\n|-supereffective|p1a: Torkoal|1\n|-resisted|p1b: Golurk|1\n|-damage|p1a: Torkoal|0 fnt\n|-damage|p1b: Golurk|91/100\n|faint|p1a: Torkoal\n|\n|-weather|SunnyDay|[upkeep]\n|upkeep\n|\n|t:|1776440903\n|switch|p1a: Farigiraf|Farigiraf, L50, F|73/100\n|turn|5\n|inactive|MaxwellhehexD has 30 seconds left.\n|\n|t:|1776440938\n|detailschange|p1b: Golurk|Golurk-Mega, L50\n|-mega|p1b: Golurk|Golurk|Golurkite\n|move|p2a: Sneasler|Protect|p2a: Sneasler\n|-singleturn|p2a: Sneasler|Protect\n|move|p1b: Golurk|Ice Punch|p2b: Garchomp\n|-supereffective|p2b: Garchomp|2\n|-damage|p2b: Garchomp|0 fnt\n|faint|p2b: Garchomp\n|move|p1a: Farigiraf|Psychic|p2a: Sneasler\n|-activate|p2a: Sneasler|move: Protect\n|\n|-weather|SunnyDay|[upkeep]\n|-fieldend|move: Trick Room\n|upkeep\n|inactive|iheartskadi has 30 seconds left.\n|\n|t:|1776440966\n|switch|p2b: Froslass|Froslass-Mega, L50, F|54/100\n|-weather|Snowscape|[from] ability: Snow Warning|[of] p2b: Froslass\n|turn|6\n|\n|t:|1776440979\n|move|p1b: Golurk|Protect|p1b: Golurk\n|-singleturn|p1b: Golurk|Protect\n|move|p2b: Froslass|Blizzard|p1a: Farigiraf|[spread] p1a\n|-activate|p1b: Golurk|move: Protect\n|-damage|p1a: Farigiraf|31/100\n|move|p2a: Sneasler|Dire Claw|p1a: Farigiraf\n|-damage|p1a: Farigiraf|0 fnt\n|faint|p1a: Farigiraf\n|\n|-weather|Snowscape|[upkeep]\n|upkeep\n|\n|t:|1776440999\n|switch|p1a: Sneasler|Sneasler, L50, M|44/100\n|turn|7\n|\n|t:|1776441017\n|move|p2a: Sneasler|Protect|p2a: Sneasler\n|-singleturn|p2a: Sneasler|Protect\n|move|p1a: Sneasler|Fake Out|p2a: Sneasler\n|-activate|p2a: Sneasler|move: Protect\n|move|p2b: Froslass|Blizzard|p1a: Sneasler|[spread] p1a,p1b\n|-supereffective|p1b: Golurk|1\n|-crit|p1b: Golurk\n|-damage|p1a: Sneasler|0 fnt\n|-damage|p1b: Golurk|0 fnt\n|faint|p1a: Sneasler\n|faint|p1b: Golurk\n|\n|win|iheartskadi\n|raw|MaxwellhehexD's rating: 1210 &rarr; <strong>1183</strong><br />(-27 for losing)\n|raw|iheartskadi's rating: 1188 &rarr; <strong>1215</strong><br />(+27 for winning)\n|l|\u2606MaxwellhehexD\n|player|p1|\n",
  "uploadtime": 1776441031,
  "views": 20,
  "formatid": "gen9championsvgc2026regma",
  "rating": 1183,
  "private": 0,
  "password": null
}