{
  "id": "gen9championsvgc2026regma-2588379277",
  "format": "[Gen 9 Champions] VGC 2026 Reg M-A",
  "players": [
    "shangenb",
    "Dmy99"
  ],
  "log": "|j|\u2606shangenb\n|j|\u2606Dmy99\n|t:|1776628601\n|gametype|doubles\n|player|p1|shangenb|102|1442\n|player|p2|Dmy99|101|1407\n|gen|9\n|tier|[Gen 9 Champions] VGC 2026 Reg M-A\n|rated|\n|rule|Species Clause: Limit one of each Pok\u00e9mon\n|rule|Item Clause: Limit 1 of each item\n|clearpoke\n|poke|p1|Floette-Eternal, L50, F|\n|poke|p1|Garchomp, L50, M|\n|poke|p1|Sneasler, L50, M|\n|poke|p1|Basculegion-F, L50, F|\n|poke|p1|Aerodactyl, L50, F|\n|poke|p1|Incineroar, L50, F|\n|poke|p2|Rotom-Wash, L50|\n|poke|p2|Garchomp, L50, M|\n|poke|p2|Floette-Eternal, L50, F|\n|poke|p2|Slowbro, L50, M|\n|poke|p2|Corviknight, L50, F|\n|poke|p2|Kangaskhan, L50, F|\n|teampreview|4\n|inactive|Battle timer is ON: inactive players will automatically lose when time's up. (requested by shangenb)\n|inactive|shangenb has 60 seconds left.\n|\n|t:|1776628642\n|teamsize|p1|4\n|teamsize|p2|4\n|start\n|switch|p1a: Sneasler|Sneasler, L50, M|100/100\n|switch|p1b: Basculegion|Basculegion-F, L50, F|100/100\n|switch|p2a: Corviknight|Corviknight, L50, F|100/100\n|switch|p2b: Kangaskhan|Kangaskhan, L50, F|100/100\n|turn|1\n|\n|t:|1776628656\n|move|p1a: Sneasler|Fake Out|p2b: Kangaskhan\n|-damage|p2b: Kangaskhan|88/100\n|cant|p2b: Kangaskhan|flinch\n|move|p1b: Basculegion|Muddy Water|p2b: Kangaskhan|[spread] p2a,p2b\n|-damage|p2a: Corviknight|66/100\n|-damage|p2b: Kangaskhan|47/100\n|-unboost|p2b: Kangaskhan|accuracy|1\n|move|p2a: Corviknight|Tailwind|p2a: Corviknight\n|-sidestart|p2: Dmy99|move: Tailwind\n|\n|-heal|p2a: Corviknight|72/100|[from] item: Leftovers\n|upkeep\n|turn|2\n|\n|t:|1776628672\n|switch|p1b: Incineroar|Incineroar, L50, F|100/100\n|-ability|p1b: Incineroar|Intimidate|boost\n|-ability|p2a: Corviknight|Mirror Armor\n|-unboost|p1b: Incineroar|atk|1\n|-fail|p2b: Kangaskhan|unboost|Attack|[from] ability: Scrappy|[of] p2b: Kangaskhan\n|move|p2b: Kangaskhan|Drain Punch|p1b: Incineroar|[miss]\n|-miss|p2b: Kangaskhan|p1b: Incineroar\n|move|p1a: Sneasler|Close Combat|p2b: Kangaskhan\n|-supereffective|p2b: Kangaskhan|1\n|-damage|p2b: Kangaskhan|0 fnt\n|-unboost|p1a: Sneasler|def|1\n|-unboost|p1a: Sneasler|spd|1\n|faint|p2b: Kangaskhan\n|-enditem|p1a: Sneasler|White Herb\n|-clearnegativeboost|p1a: Sneasler|[silent]\n|move|p2a: Corviknight|Brave Bird|p1a: Sneasler\n|-supereffective|p1a: Sneasler|1\n|-damage|p1a: Sneasler|0 fnt\n|faint|p1a: Sneasler\n|-damage|p2a: Corviknight|46/100|[from] Recoil\n|\n|-heal|p2a: Corviknight|52/100|[from] item: Leftovers\n|upkeep\n|inactive|shangenb has 30 seconds left.\n|\n|t:|1776628699\n|switch|p1a: Floette|Floette-Eternal, L50, F|100/100\n|switch|p2b: Floette|Floette-Eternal, L50, F|100/100\n|turn|3\n|\n|t:|1776628714\n|switch|p2a: Garchomp|Garchomp, L50, M|100/100\n|detailschange|p2b: Floette|Floette-Mega, L50, F\n|-mega|p2b: Floette|Floette|Floettite\n|-ability|p2b: Floette|Fairy Aura\n|detailschange|p1a: Floette|Floette-Mega, L50, F\n|-mega|p1a: Floette|Floette|Floettite\n|-ability|p1a: Floette|Fairy Aura\n|move|p1b: Incineroar|Fake Out|p2b: Floette\n|-damage|p2b: Floette|94/100\n|cant|p2b: Floette|flinch\n|move|p1a: Floette|Dazzling Gleam|p2b: Floette|[spread] p2a,p2b\n|-supereffective|p2a: Garchomp|1\n|-damage|p2a: Garchomp|14/100\n|-damage|p2b: Floette|56/100\n|\n|upkeep\n|turn|4\n|inactive|shangenb has 30 seconds left.\n|\n|t:|1776628740\n|move|p2b: Floette|Protect|p2b: Floette\n|-singleturn|p2b: Floette|Protect\n|move|p1a: Floette|Protect|p1a: Floette\n|-singleturn|p1a: Floette|Protect\n|move|p2a: Garchomp|Earthquake|p1b: Incineroar|[spread] p1b\n|-activate|p2b: Floette|move: Protect\n|-activate|p1a: Floette|move: Protect\n|-supereffective|p1b: Incineroar|1\n|-damage|p1b: Incineroar|20/100\n|-enditem|p1b: Incineroar|Sitrus Berry|[eat]\n|-heal|p1b: Incineroar|45/100|[from] item: Sitrus Berry\n|move|p1b: Incineroar|Parting Shot|p2a: Garchomp\n|-unboost|p2a: Garchomp|atk|1\n|-unboost|p2a: Garchomp|spa|1\n|\n|t:|1776628755\n|switch|p1b: Basculegion|Basculegion-F, L50, F|100/100|[from] Parting Shot\n|\n|-sideend|p2: Dmy99|move: Tailwind\n|upkeep\n|turn|5\n|\n|t:|1776628770\n|move|p2a: Garchomp|Protect|p2a: Garchomp\n|-singleturn|p2a: Garchomp|Protect\n|move|p1b: Basculegion|Shadow Ball|p2b: Floette\n|-damage|p2b: Floette|20/100\n|move|p1a: Floette|Dazzling Gleam|p2b: Floette|[spread] p2b\n|-activate|p2a: Garchomp|move: Protect\n|-damage|p2b: Floette|0 fnt\n|faint|p2b: Floette\n|\n|upkeep\n|\n|t:|1776628777\n|switch|p2b: Corviknight|Corviknight, L50, F|52/100\n|turn|6\n|\n|t:|1776628791\n|move|p2a: Garchomp|Protect||[still]\n|-fail|p2a: Garchomp\n|move|p1b: Basculegion|Shadow Ball|p2b: Corviknight\n|-damage|p2b: Corviknight|15/100\n|-ability|p2b: Corviknight|Mirror Armor\n|-unboost|p1b: Basculegion|spd|1\n|move|p1a: Floette|Dazzling Gleam|p2a: Garchomp|[spread] p2a,p2b\n|-supereffective|p2a: Garchomp|1\n|-resisted|p2b: Corviknight|1\n|-damage|p2a: Garchomp|0 fnt\n|-damage|p2b: Corviknight|0 fnt\n|faint|p2a: Garchomp\n|faint|p2b: Corviknight\n|\n|win|shangenb\n|raw|shangenb's rating: 1442 &rarr; <strong>1460</strong><br />(+18 for winning)\n|raw|Dmy99's rating: 1407 &rarr; <strong>1389</strong><br />(-18 for losing)\n|l|\u2606Dmy99\n|player|p2|\n",
  "uploadtime": 1776628805,
  "views": 12,
  "formatid": "gen9championsvgc2026regma",
  "rating": 1389,
  "private": 0,
  "password": null
}