{
  "id": "gen9championsvgc2026regma-2584583954",
  "format": "[Gen 9 Champions] VGC 2026 Reg M-A",
  "players": [
    "ultrarojo",
    "alegamer2004"
  ],
  "log": "|j|\u2606ultrarojo\n|j|\u2606alegamer2004\n|t:|1776270301\n|gametype|doubles\n|player|p1|ultrarojo|medium|1087\n|player|p2|alegamer2004|bugcatcher-gen4dp|1141\n|gen|9\n|tier|[Gen 9 Champions] VGC 2026 Reg M-A\n|rated|\n|rule|Species Clause: Limit one of each Pok\u00e9mon\n|rule|Item Clause: Limit 1 of each item\n|clearpoke\n|poke|p1|Drampa, L50, M|\n|poke|p1|Farigiraf, L50, M|\n|poke|p1|Sinistcha-Masterpiece, L50|\n|poke|p1|Torkoal, L50, M|\n|poke|p1|Incineroar, L50, F|\n|poke|p1|Aegislash, L50, M|\n|poke|p2|Passimian, L50, F|\n|poke|p2|Aerodactyl, L50, F|\n|poke|p2|Tyranitar, L50, F|\n|poke|p2|Excadrill, L50, M|\n|poke|p2|Rotom-Wash, L50|\n|poke|p2|Gengar, L50, F|\n|teampreview|4\n|\n|t:|1776270341\n|teamsize|p1|4\n|teamsize|p2|4\n|start\n|switch|p1a: Hannah|Farigiraf, L50, M|100/100\n|switch|p1b: Incineroar|Incineroar, L50, F|100/100\n|switch|p2a: Passimian|Passimian, L50, F|100/100\n|switch|p2b: Gengar|Gengar, L50, F|100/100\n|-ability|p1b: Incineroar|Intimidate|boost\n|-unboost|p2a: Passimian|atk|1\n|-ability|p2a: Passimian|Defiant|boost\n|-boost|p2a: Passimian|atk|2\n|-unboost|p2b: Gengar|atk|1\n|turn|1\n|\n|t:|1776270390\n|detailschange|p2b: Gengar|Gengar-Mega, L50, F\n|-mega|p2b: Gengar|Gengar|Gengarite\n|move|p1b: Incineroar|Fake Out|p2a: Passimian\n|-damage|p2a: Passimian|91/100\n|move|p2b: Gengar|Sludge Wave|p1a: Hannah|[spread] p2a,p1a,p1b\n|-crit|p1a: Hannah\n|-damage|p2a: Passimian|56/100\n|-damage|p1a: Hannah|36/100\n|-damage|p1b: Incineroar|66/100\n|cant|p2a: Passimian|flinch\n|move|p1a: Hannah|Trick Room|p1a: Hannah\n|-fieldstart|move: Trick Room|[of] p1a: Hannah\n|\n|upkeep\n|turn|2\n|\n|t:|1776270420\n|switch|p2a: Tyranitar|Tyranitar, L50, F|100/100\n|-weather|Sandstorm|[from] ability: Sand Stream|[of] p2a: Tyranitar\n|move|p2b: Gengar|Protect|p2b: Gengar\n|-singleturn|p2b: Gengar|Protect\n|move|p1b: Incineroar|Throat Chop|p2b: Gengar\n|-activate|p2b: Gengar|move: Protect\n|move|p1a: Hannah|Psychic|p2a: Tyranitar\n|-immune|p2a: Tyranitar\n|\n|-weather|Sandstorm|[upkeep]\n|-damage|p1b: Incineroar|60/100|[from] Sandstorm\n|-damage|p1a: Hannah|30/100|[from] Sandstorm\n|-damage|p2b: Gengar|95/100|[from] Sandstorm\n|upkeep\n|turn|3\n|\n|t:|1776270453\n|switch|p2b: Rotom|Rotom-Wash, L50|100/100\n|move|p1a: Hannah|Psychic|p2b: Rotom\n|-crit|p2b: Rotom\n|-damage|p2b: Rotom|49/100\n|move|p1b: Incineroar|Parting Shot|p2a: Tyranitar\n|-unboost|p2a: Tyranitar|atk|1\n|-unboost|p2a: Tyranitar|spa|1\n|\n|t:|1776270464\n|switch|p1b: Cuphead|Sinistcha-Masterpiece, L50|100/100|[from] Parting Shot\n|-heal|p1a: Hannah|54/100|[from] ability: Hospitality|[of] p1b: Cuphead\n|move|p2a: Tyranitar|Rock Slide|p1a: Hannah|[spread] p1a,p1b\n|-crit|p1b: Cuphead\n|-damage|p1a: Hannah|36/100\n|-damage|p1b: Cuphead|60/100\n|\n|-weather|Sandstorm|[upkeep]\n|-damage|p1a: Hannah|30/100|[from] Sandstorm\n|-damage|p1b: Cuphead|54/100|[from] Sandstorm\n|-damage|p2b: Rotom|43/100|[from] Sandstorm\n|-heal|p2b: Rotom|49/100|[from] item: Leftovers\n|upkeep\n|turn|4\n|\n|t:|1776270484\n|move|p1a: Hannah|Light Screen|p1a: Hannah\n|-sidestart|p1: ultrarojo|move: Light Screen\n|move|p1b: Cuphead|Matcha Gotcha|p2b: Rotom|[spread] p2a,p2b\n|-supereffective|p2a: Tyranitar|1\n|-supereffective|p2b: Rotom|1\n|-damage|p2a: Tyranitar|74/100\n|-heal|p1b: Cuphead|69/100|[from] drain|[of] p2a: Tyranitar\n|-damage|p2b: Rotom|0 fnt\n|-heal|p1b: Cuphead|90/100|[from] drain|[of] p2b: Rotom\n|faint|p2b: Rotom\n|move|p2a: Tyranitar|Knock Off|p1b: Cuphead\n|-supereffective|p1b: Cuphead|1\n|-damage|p1b: Cuphead|32/100\n|-enditem|p1b: Cuphead|Sitrus Berry|[from] move: Knock Off|[of] p2a: Tyranitar\n|\n|-weather|Sandstorm|[upkeep]\n|-damage|p1a: Hannah|23/100|[from] Sandstorm\n|-damage|p1b: Cuphead|26/100|[from] Sandstorm\n|upkeep\n|\n|t:|1776270504\n|switch|p2b: Gengar|Gengar-Mega, L50, F|95/100\n|turn|5\n|\n|t:|1776270518\n|switch|p1b: Incineroar|Incineroar, L50, F|60/100\n|-ability|p1b: Incineroar|Intimidate|boost\n|-unboost|p2a: Tyranitar|atk|1\n|-unboost|p2b: Gengar|atk|1\n|move|p1a: Hannah|Protect|p1a: Hannah\n|-singleturn|p1a: Hannah|Protect\n|move|p2b: Gengar|Protect|p2b: Gengar\n|-singleturn|p2b: Gengar|Protect\n|move|p2a: Tyranitar|Rock Slide|p1b: Incineroar|[spread] p1b\n|-activate|p1a: Hannah|move: Protect\n|-supereffective|p1b: Incineroar|1\n|-damage|p1b: Incineroar|29/100\n|\n|-weather|Sandstorm|[upkeep]\n|-damage|p1b: Incineroar|23/100|[from] Sandstorm\n|-damage|p1a: Hannah|17/100|[from] Sandstorm\n|-damage|p2b: Gengar|89/100|[from] Sandstorm\n|-fieldend|move: Trick Room\n|upkeep\n|turn|6\n|\n|t:|1776270553\n|move|p2a: Tyranitar|Protect|p2a: Tyranitar\n|-singleturn|p2a: Tyranitar|Protect\n|move|p1b: Incineroar|Fake Out|p2a: Tyranitar\n|-activate|p2a: Tyranitar|move: Protect\n|move|p2b: Gengar|Sludge Wave|p1a: Hannah|[spread] p1a,p1b\n|-activate|p2a: Tyranitar|move: Protect\n|-damage|p1a: Hannah|0 fnt\n|-damage|p1b: Incineroar|1/100\n|faint|p1a: Hannah\n|\n|-weather|none\n|upkeep\n|\n|t:|1776270568\n|switch|p1a: Raijin|Drampa, L50, M|100/100\n|-ability|p1a: Raijin|Cloud Nine\n|turn|7\n|\n|t:|1776270591\n|detailschange|p1a: Raijin|Drampa-Mega, L50, M\n|-mega|p1a: Raijin|Drampa|Drampanite\n|move|p2b: Gengar|Nasty Plot|p2b: Gengar\n|-boost|p2b: Gengar|spa|2\n|move|p2a: Tyranitar|Rock Slide|p1a: Raijin|[spread] p1a,p1b\n|-supereffective|p1b: Incineroar|1\n|-damage|p1a: Raijin|86/100\n|-damage|p1b: Incineroar|0 fnt\n|faint|p1b: Incineroar\n|cant|p1a: Raijin|flinch\n|\n|upkeep\n|\n|t:|1776270604\n|switch|p1b: Cuphead|Sinistcha-Masterpiece, L50|26/100\n|-heal|p1a: Raijin|100/100|[from] ability: Hospitality|[of] p1b: Cuphead\n|turn|8\n|\n|t:|1776270614\n|move|p2a: Tyranitar|Protect|p2a: Tyranitar\n|-singleturn|p2a: Tyranitar|Protect\n|move|p2b: Gengar|Sludge Wave|p1b: Cuphead|[spread] p1a,p1b\n|-activate|p2a: Tyranitar|move: Protect\n|-damage|p1a: Raijin|48/100\n|-damage|p1b: Cuphead|0 fnt\n|faint|p1b: Cuphead\n|-ability|p1a: Raijin|Berserk|boost\n|-boost|p1a: Raijin|spa|1\n|move|p1a: Raijin|Earth Power|p2b: Gengar\n|-supereffective|p2b: Gengar|1\n|-damage|p2b: Gengar|0 fnt\n|faint|p2b: Gengar\n|\n|-sideend|p1: ultrarojo|move: Light Screen\n|upkeep\n|\n|t:|1776270626\n|switch|p2b: Passimian|Passimian, L50, F|56/100\n|turn|9\n|\n|t:|1776270633\n|move|p2b: Passimian|Drain Punch|p1a: Raijin\n|-supereffective|p1a: Raijin|1\n|-damage|p1a: Raijin|2/100\n|-heal|p2b: Passimian|76/100|[from] drain|[of] p1a: Raijin\n|move|p2a: Tyranitar|Low Kick|p1a: Raijin\n|-supereffective|p1a: Raijin|1\n|-damage|p1a: Raijin|0 fnt\n|faint|p1a: Raijin\n|\n|win|alegamer2004\n|raw|ultrarojo's rating: 1087 &rarr; <strong>1068</strong><br />(-19 for losing)\n|raw|alegamer2004's rating: 1141 &rarr; <strong>1162</strong><br />(+21 for winning)\n|c|\u2606alegamer2004|gg\n",
  "uploadtime": 1776270648,
  "views": 20,
  "formatid": "gen9championsvgc2026regma",
  "rating": 1068,
  "private": 0,
  "password": null
}