{
  "id": "gen9championsvgc2026regma-2582913887",
  "format": "[Gen 9 Champions] VGC 2026 Reg M-A",
  "players": [
    "chagabungas",
    "ArthurGate"
  ],
  "log": "|j|\u2606chagabungas\n|j|\u203dArthurGate\n|t:|1776124504\n|gametype|doubles\n|player|p1|chagabungas|caitlin|1097\n|player|p2|ArthurGate|veteran|1085\n|gen|9\n|tier|[Gen 9 Champions] VGC 2026 Reg M-A\n|rated|\n|rule|Species Clause: Limit one of each Pok\u00e9mon\n|rule|Item Clause: Limit 1 of each item\n|clearpoke\n|poke|p1|Froslass, L50, F|\n|poke|p1|Primarina, L50, M|\n|poke|p1|Sneasler, L50, M|\n|poke|p1|Kingambit, L50, M|\n|poke|p1|Arcanine-Hisui, L50, M|\n|poke|p1|Pelipper, L50, M|\n|poke|p2|Kommo-o, L50, M|\n|poke|p2|Sinistcha-Masterpiece, L50|\n|poke|p2|Incineroar, L50, F|\n|poke|p2|Volcarona, L50, F|\n|poke|p2|Aegislash, L50, M|\n|poke|p2|Glimmora, L50, F|\n|teampreview|4\n|inactive|Battle timer is ON: inactive players will automatically lose when time's up. (requested by chagabungas)\n|\n|t:|1776124548\n|teamsize|p1|4\n|teamsize|p2|4\n|start\n|switch|p1a: Arcanine|Arcanine-Hisui, L50, M|100/100\n|switch|p1b: Froslass|Froslass, L50, F, shiny|100/100\n|switch|p2a: Incineroar|Incineroar, L50, F|100/100\n|switch|p2b: Glimmora|Glimmora, L50, F, shiny|100/100\n|-ability|p1a: Arcanine|Intimidate|boost\n|-unboost|p2a: Incineroar|atk|1\n|-unboost|p2b: Glimmora|atk|1\n|-ability|p2a: Incineroar|Intimidate|boost\n|-unboost|p1a: Arcanine|atk|1\n|-unboost|p1b: Froslass|atk|1\n|turn|1\n|\n|t:|1776124566\n|detailschange|p1b: Froslass|Froslass-Mega, L50, F, shiny\n|-mega|p1b: Froslass|Froslass|Froslassite\n|-weather|Snowscape|[from] ability: Snow Warning|[of] p1b: Froslass\n|detailschange|p2b: Glimmora|Glimmora-Mega, L50, F, shiny\n|-mega|p2b: Glimmora|Glimmora|Glimmoranite\n|move|p2b: Glimmora|Spiky Shield|p2b: Glimmora\n|-singleturn|p2b: Glimmora|move: Protect\n|move|p2a: Incineroar|Fake Out|p1a: Arcanine\n|-resisted|p1a: Arcanine|1\n|-damage|p1a: Arcanine|96/100\n|move|p1b: Froslass|Aurora Veil|p1b: Froslass\n|-sidestart|p1: chagabungas|move: Aurora Veil\n|cant|p1a: Arcanine|flinch\n|\n|-weather|Snowscape|[upkeep]\n|upkeep\n|turn|2\n|inactive|ArthurGate has 30 seconds left.\n|\n|t:|1776124594\n|move|p1b: Froslass|Blizzard|p2b: Glimmora|[spread] p2a,p2b\n|-resisted|p2a: Incineroar|1\n|-damage|p2a: Incineroar|78/100\n|-damage|p2b: Glimmora|50/100\n|move|p2b: Glimmora|Power Gem|p1b: Froslass\n|-supereffective|p1b: Froslass|1\n|-damage|p1b: Froslass|3/100\n|move|p1a: Arcanine|Rock Slide|p2b: Glimmora|[spread] p2b\n|-miss|p1a: Arcanine|p2a: Incineroar\n|-damage|p2b: Glimmora|33/100\n|move|p2a: Incineroar|Parting Shot|p1b: Froslass\n|-unboost|p1b: Froslass|atk|1\n|-unboost|p1b: Froslass|spa|1\n|\n|t:|1776124610\n|switch|p2a: Sinistcha|Sinistcha-Masterpiece, L50|100/100|[from] Parting Shot\n|-heal|p2b: Glimmora|58/100|[from] ability: Hospitality|[of] p2a: Sinistcha\n|\n|-weather|Snowscape|[upkeep]\n|upkeep\n|turn|3\n|\n|t:|1776124620\n|switch|p2a: Incineroar|Incineroar, L50, F|78/100\n|-ability|p2a: Incineroar|Intimidate|boost\n|-unboost|p1a: Arcanine|atk|1\n|-unboost|p1b: Froslass|atk|1\n|move|p2b: Glimmora|Spiky Shield|p2b: Glimmora\n|-singleturn|p2b: Glimmora|move: Protect\n|move|p1b: Froslass|Blizzard|p2a: Incineroar|[spread] p2a\n|-activate|p2b: Glimmora|move: Protect\n|-resisted|p2a: Incineroar|1\n|-damage|p2a: Incineroar|63/100\n|move|p1a: Arcanine|Flare Blitz|p2a: Incineroar\n|-resisted|p2a: Incineroar|1\n|-damage|p2a: Incineroar|51/100\n|-damage|p1a: Arcanine|91/100|[from] Recoil\n|\n|-weather|Snowscape|[upkeep]\n|upkeep\n|turn|4\n|inactive|ArthurGate has 30 seconds left.\n|inactive|ArthurGate has 20 seconds left.\n|inactive|ArthurGate has 15 seconds left.\n|\n|t:|1776124662\n|move|p2b: Glimmora|Spiky Shield||[still]\n|-fail|p2b: Glimmora\n|move|p1b: Froslass|Blizzard|p2b: Glimmora|[spread] p2a,p2b\n|-resisted|p2a: Incineroar|1\n|-damage|p2a: Incineroar|36/100\n|-damage|p2b: Glimmora|24/100\n|-enditem|p2a: Incineroar|Sitrus Berry|[eat]\n|-heal|p2a: Incineroar|61/100|[from] item: Sitrus Berry\n|move|p1a: Arcanine|Rock Slide|p2a: Incineroar|[spread] p2b\n|-miss|p1a: Arcanine|p2a: Incineroar\n|-damage|p2b: Glimmora|10/100\n|move|p2a: Incineroar|Darkest Lariat|p1b: Froslass\n|-supereffective|p1b: Froslass|1\n|-damage|p1b: Froslass|0 fnt\n|faint|p1b: Froslass\n|\n|-weather|Snowscape|[upkeep]\n|upkeep\n|\n|t:|1776124677\n|switch|p1b: Kingambit|Kingambit, L50, M|100/100\n|turn|5\n|\n|t:|1776124686\n|switch|p2a: Sinistcha|Sinistcha-Masterpiece, L50|100/100\n|-heal|p2b: Glimmora|35/100|[from] ability: Hospitality|[of] p2a: Sinistcha\n|move|p2b: Glimmora|Spiky Shield|p2b: Glimmora\n|-singleturn|p2b: Glimmora|move: Protect\n|move|p1b: Kingambit|Protect|p1b: Kingambit\n|-singleturn|p1b: Kingambit|Protect\n|move|p1a: Arcanine|Rock Slide|p2b: Glimmora|[spread] p2a\n|-activate|p2b: Glimmora|move: Protect\n|-damage|p2a: Sinistcha|91/100\n|\n|-weather|none\n|-heal|p2a: Sinistcha|97/100|[from] item: Leftovers\n|-sideend|p1: chagabungas|move: Aurora Veil\n|upkeep\n|turn|6\n|\n|t:|1776124705\n|move|p2a: Sinistcha|Rage Powder|p2a: Sinistcha\n|-singleturn|p2a: Sinistcha|move: Rage Powder\n|move|p2b: Glimmora|Power Gem|p1a: Arcanine\n|-supereffective|p1a: Arcanine|1\n|-damage|p1a: Arcanine|0 fnt\n|faint|p1a: Arcanine\n|move|p1b: Kingambit|Low Kick|p2a: Sinistcha\n|-immune|p2a: Sinistcha\n|\n|-heal|p2a: Sinistcha|100/100|[from] item: Leftovers\n|upkeep\n|\n|t:|1776124710\n|switch|p1a: Sneasler|Sneasler, L50, M|100/100\n|turn|7\n|\n|t:|1776124727\n|switch|p2b: Incineroar|Incineroar, L50, F|61/100\n|-ability|p2b: Incineroar|Intimidate|boost\n|-unboost|p1a: Sneasler|atk|1\n|-unboost|p1b: Kingambit|atk|1\n|-ability|p1b: Kingambit|Defiant|boost\n|-boost|p1b: Kingambit|atk|2\n|-enditem|p1a: Sneasler|White Herb\n|-clearnegativeboost|p1a: Sneasler|[silent]\n|move|p2a: Sinistcha|Rage Powder|p2a: Sinistcha\n|-singleturn|p2a: Sinistcha|move: Rage Powder\n|move|p1a: Sneasler|Dire Claw|p2a: Sinistcha\n|-damage|p2a: Sinistcha|60/100\n|-status|p2a: Sinistcha|psn|[from] ability: Poison Touch|[of] p1a: Sneasler\n|move|p1b: Kingambit|Low Kick|p2a: Sinistcha\n|-immune|p2a: Sinistcha\n|\n|-heal|p2a: Sinistcha|66/100 psn|[from] item: Leftovers\n|-damage|p2a: Sinistcha|54/100 psn|[from] psn\n|upkeep\n|turn|8\n|\n|t:|1776124744\n|move|p2b: Incineroar|Fake Out|p1a: Sneasler\n|-damage|p1a: Sneasler|79/100\n|cant|p1a: Sneasler|flinch\n|move|p2a: Sinistcha|Matcha Gotcha|p1b: Kingambit|[spread] p1a,p1b\n|-resisted|p1a: Sneasler|1\n|-resisted|p1b: Kingambit|1\n|-damage|p1a: Sneasler|60/100\n|-heal|p2a: Sinistcha|63/100 psn|[from] drain|[of] p1a: Sneasler\n|-damage|p1b: Kingambit|85/100\n|-heal|p2a: Sinistcha|72/100 psn|[from] drain|[of] p1b: Kingambit\n|move|p1b: Kingambit|Iron Head|p2b: Incineroar\n|-resisted|p2b: Incineroar|1\n|-damage|p2b: Incineroar|32/100\n|\n|-heal|p2a: Sinistcha|78/100 psn|[from] item: Leftovers\n|-damage|p2a: Sinistcha|66/100 psn|[from] psn\n|upkeep\n|turn|9\n|\n|t:|1776124766\n|move|p1b: Kingambit|Sucker Punch||[still]\n|-fail|p1b: Kingambit\n|move|p1a: Sneasler|Dire Claw|p2b: Incineroar\n|-damage|p2b: Incineroar|0 fnt\n|faint|p2b: Incineroar\n|move|p2a: Sinistcha|Life Dew|p2a: Sinistcha\n|-heal|p2a: Sinistcha|91/100 psn\n|\n|-heal|p2a: Sinistcha|97/100 psn|[from] item: Leftovers\n|-damage|p2a: Sinistcha|85/100 psn|[from] psn\n|upkeep\n|\n|t:|1776124774\n|switch|p2b: Kommo-o|Kommo-o, L50, M|100/100\n|turn|10\n|\n|t:|1776124784\n|move|p1a: Sneasler|Dire Claw|p2b: Kommo-o\n|-damage|p2b: Kommo-o|63/100\n|move|p2b: Kommo-o|Clangorous Soul|p2b: Kommo-o\n|-boost|p2b: Kommo-o|atk|1\n|-boost|p2b: Kommo-o|def|1\n|-boost|p2b: Kommo-o|spa|1\n|-boost|p2b: Kommo-o|spd|1\n|-boost|p2b: Kommo-o|spe|1\n|-damage|p2b: Kommo-o|30/100\n|move|p2a: Sinistcha|Life Dew|p2a: Sinistcha|[spread] p2a,p2b\n|-heal|p2a: Sinistcha|100/100 psn\n|-heal|p2b: Kommo-o|55/100\n|move|p1b: Kingambit|Iron Head|p2b: Kommo-o\n|-damage|p2b: Kommo-o|18/100\n|\n|-damage|p2a: Sinistcha|88/100 psn|[from] psn\n|upkeep\n|turn|11\n|\n|t:|1776124804\n|move|p1b: Kingambit|Protect|p1b: Kingambit\n|-singleturn|p1b: Kingambit|Protect\n|move|p2a: Sinistcha|Rage Powder|p2a: Sinistcha\n|-singleturn|p2a: Sinistcha|move: Rage Powder\n|move|p2b: Kommo-o|Drain Punch|p1b: Kingambit\n|-activate|p1b: Kingambit|move: Protect\n|move|p1a: Sneasler|Dire Claw|p2a: Sinistcha\n|-damage|p2a: Sinistcha|50/100 psn\n|\n|-heal|p2a: Sinistcha|56/100 psn|[from] item: Leftovers\n|-damage|p2a: Sinistcha|43/100 psn|[from] psn\n|upkeep\n|turn|12\n|\n|t:|1776124821\n|move|p2a: Sinistcha|Rage Powder|p2a: Sinistcha\n|-singleturn|p2a: Sinistcha|move: Rage Powder\n|move|p1b: Kingambit|Sucker Punch||[still]\n|-fail|p1b: Kingambit\n|move|p2b: Kommo-o|Drain Punch|p1b: Kingambit\n|-supereffective|p1b: Kingambit|2\n|-enditem|p1b: Kingambit|Chople Berry|[eat]\n|-enditem|p1b: Kingambit|Chople Berry|[weaken]\n|-damage|p1b: Kingambit|25/100\n|-heal|p2b: Kommo-o|53/100|[from] drain|[of] p1b: Kingambit\n|move|p1a: Sneasler|Dire Claw|p2a: Sinistcha\n|-damage|p2a: Sinistcha|8/100 psn\n|\n|-heal|p2a: Sinistcha|14/100 psn|[from] item: Leftovers\n|-damage|p2a: Sinistcha|2/100 psn|[from] psn\n|upkeep\n|turn|13\n|\n|t:|1776124842\n|move|p1b: Kingambit|Protect|p1b: Kingambit\n|-singleturn|p1b: Kingambit|Protect\n|move|p2b: Kommo-o|Drain Punch|p1b: Kingambit\n|-activate|p1b: Kingambit|move: Protect\n|move|p1a: Sneasler|Dire Claw|p2b: Kommo-o\n|-damage|p2b: Kommo-o|29/100\n|move|p2a: Sinistcha|Life Dew|p2a: Sinistcha|[spread] p2a,p2b\n|-heal|p2a: Sinistcha|27/100 psn\n|-heal|p2b: Kommo-o|54/100\n|\n|-heal|p2a: Sinistcha|33/100 psn|[from] item: Leftovers\n|-damage|p2a: Sinistcha|21/100 psn|[from] psn\n|upkeep\n|turn|14\n|\n|t:|1776124856\n|move|p1b: Kingambit|Protect||[still]\n|-fail|p1b: Kingambit\n|move|p2b: Kommo-o|Drain Punch|p1b: Kingambit\n|-supereffective|p1b: Kingambit|2\n|-damage|p1b: Kingambit|0 fnt\n|-heal|p2b: Kommo-o|69/100|[from] drain|[of] p1b: Kingambit\n|faint|p1b: Kingambit\n|move|p1a: Sneasler|Dire Claw|p2b: Kommo-o\n|-damage|p2b: Kommo-o|44/100\n|-status|p2b: Kommo-o|psn|[from] ability: Poison Touch|[of] p1a: Sneasler\n|move|p2a: Sinistcha|Life Dew|p2a: Sinistcha|[spread] p2a,p2b\n|-heal|p2a: Sinistcha|46/100 psn\n|-heal|p2b: Kommo-o|69/100 psn\n|\n|-heal|p2a: Sinistcha|52/100 psn|[from] item: Leftovers\n|-damage|p2b: Kommo-o|57/100 psn|[from] psn\n|-damage|p2a: Sinistcha|40/100 psn|[from] psn\n|upkeep\n|turn|15\n|\n|t:|1776124870\n|move|p2b: Kommo-o|Boomburst|p1a: Sneasler|[spread] p1a\n|-immune|p2a: Sinistcha\n|-damage|p1a: Sneasler|13/100\n|move|p1a: Sneasler|Dire Claw|p2a: Sinistcha\n|-damage|p2a: Sinistcha|0 fnt\n|faint|p2a: Sinistcha\n|\n|-damage|p2b: Kommo-o|45/100 psn|[from] psn\n|upkeep\n|\n|t:|1776124878\n|switch|p2a: Glimmora|Glimmora-Mega, L50, F, shiny|35/100\n|turn|16\n|\n|t:|1776124885\n|move|p2b: Kommo-o|Clanging Scales|p1a: Sneasler\n|-damage|p1a: Sneasler|0 fnt\n|faint|p1a: Sneasler\n|\n|win|ArthurGate\n|raw|chagabungas's rating: 1097 &rarr; <strong>1072</strong><br />(-25 for losing)\n|raw|ArthurGate's rating: 1085 &rarr; <strong>1113</strong><br />(+28 for winning)\n|l|\u2606chagabungas\n|player|p1|\n",
  "uploadtime": 1776124894,
  "views": 19,
  "formatid": "gen9championsvgc2026regma",
  "rating": 1072,
  "private": 0,
  "password": null
}