{
  "id": "gen9championsvgc2026regma-2587944341",
  "format": "[Gen 9 Champions] VGC 2026 Reg M-A",
  "players": [
    "aggsapphire",
    "khungcanh"
  ],
  "log": "|j|\u2606aggsapphire\n|j|\u2606khungcanh\n|t:|1776582708\n|gametype|doubles\n|player|p1|aggsapphire|265|1390\n|player|p2|khungcanh|serena-masters3|1314\n|gen|9\n|tier|[Gen 9 Champions] VGC 2026 Reg M-A\n|rated|\n|rule|Species Clause: Limit one of each Pok\u00e9mon\n|rule|Item Clause: Limit 1 of each item\n|clearpoke\n|poke|p1|Floette-Eternal, L50, F|\n|poke|p1|Corviknight, L50, F|\n|poke|p1|Sinistcha, L50|\n|poke|p1|Politoed, L50, F|\n|poke|p1|Tyranitar, L50, F|\n|poke|p1|Incineroar, L50, M|\n|poke|p2|Floette-Eternal, L50, F|\n|poke|p2|Garchomp, L50, M|\n|poke|p2|Kingambit, L50, M|\n|poke|p2|Basculegion, L50, M|\n|poke|p2|Sneasler, L50, F|\n|poke|p2|Froslass, L50, F|\n|teampreview|4\nkhungcanh has agreed to open team sheets.\n|inactive|Battle timer is ON: inactive players will automatically lose when time's up. (requested by khungcanh)\n|inactive|aggsapphire has 60 seconds left.\n|inactive|aggsapphire has 30 seconds left.\n|\n|t:|1776582793\n|teamsize|p1|4\n|teamsize|p2|4\n|start\n|switch|p1a: Incineroar|Incineroar, L50, M|100/100\n|switch|p1b: Corviknight|Corviknight, L50, F|100/100\n|switch|p2a: Sneasler|Sneasler, L50, F|100/100\n|switch|p2b: Floette|Floette-Eternal, L50, F|100/100\n|-ability|p1a: Incineroar|Intimidate|boost\n|-unboost|p2a: Sneasler|atk|1\n|-unboost|p2b: Floette|atk|1\n|turn|1\n|inactive|khungcanh has 30 seconds left.\n|inactive|khungcanh has 20 seconds left.\n|inactive|khungcanh has 15 seconds left.\n|\n|t:|1776582836\n|detailschange|p2b: Floette|Floette-Mega, L50, F\n|-mega|p2b: Floette|Floette|Floettite\n|-ability|p2b: Floette|Fairy Aura\n|move|p2b: Floette|Protect|p2b: Floette\n|-singleturn|p2b: Floette|Protect\n|move|p1a: Incineroar|Fake Out|p2b: Floette\n|-activate|p2b: Floette|move: Protect\n|move|p2a: Sneasler|Close Combat|p1a: Incineroar\n|-supereffective|p1a: Incineroar|1\n|-enditem|p1a: Incineroar|Chople Berry|[eat]\n|-enditem|p1a: Incineroar|Chople Berry|[weaken]\n|-damage|p1a: Incineroar|60/100\n|-unboost|p2a: Sneasler|def|1\n|-unboost|p2a: Sneasler|spd|1\n|-status|p1a: Incineroar|psn|[from] ability: Poison Touch|[of] p2a: Sneasler\n|move|p1b: Corviknight|Bulk Up|p1b: Corviknight\n|-boost|p1b: Corviknight|atk|1\n|-boost|p1b: Corviknight|def|1\n|\n|-damage|p1a: Incineroar|47/100 psn|[from] psn\n|upkeep\n|turn|2\n|\n|t:|1776582861\n|move|p1a: Incineroar|Protect|p1a: Incineroar\n|-singleturn|p1a: Incineroar|Protect\n|move|p2a: Sneasler|Close Combat|p1b: Corviknight\n|-damage|p1b: Corviknight|77/100\n|-unboost|p2a: Sneasler|def|1\n|-unboost|p2a: Sneasler|spd|1\n|move|p2b: Floette|Moonblast|p1a: Incineroar\n|-activate|p1a: Incineroar|move: Protect\n|move|p1b: Corviknight|Iron Head|p2b: Floette\n|-supereffective|p2b: Floette|1\n|-damage|p2b: Floette|0 fnt\n|faint|p2b: Floette\n|\n|-damage|p1a: Incineroar|35/100 psn|[from] psn\n|upkeep\n|\n|t:|1776582866\n|switch|p2b: Basculegion|Basculegion, L50, M|100/100\n|turn|3\n|\n|t:|1776582880\n|switch|p1a: Sinistcha|Sinistcha, L50|100/100\n|-heal|p1b: Corviknight|100/100|[from] ability: Hospitality|[of] p1a: Sinistcha\n|move|p2a: Sneasler|Close Combat|p1a: Sinistcha\n|-immune|p1a: Sinistcha\n|move|p2b: Basculegion|Last Respects|p1b: Corviknight\n|-damage|p1b: Corviknight|62/100\n|move|p1b: Corviknight|Bulk Up|p1b: Corviknight\n|-boost|p1b: Corviknight|atk|1\n|-boost|p1b: Corviknight|def|1\n|\n|upkeep\n|turn|4\n|\n|t:|1776582897\n|move|p2a: Sneasler|Dire Claw|p1a: Sinistcha\n|-damage|p1a: Sinistcha|74/100\n|move|p2b: Basculegion|Last Respects|p1a: Sinistcha\n|-supereffective|p1a: Sinistcha|1\n|-damage|p1a: Sinistcha|0 fnt\n|faint|p1a: Sinistcha\n|move|p1b: Corviknight|Bulk Up|p1b: Corviknight\n|-boost|p1b: Corviknight|atk|1\n|-boost|p1b: Corviknight|def|1\n|\n|upkeep\n|\n|t:|1776582907\n|switch|p1a: Incineroar|Incineroar, L50, M|35/100 psn\n|-ability|p1a: Incineroar|Intimidate|boost\n|-unboost|p2a: Sneasler|atk|1\n|-unboost|p2b: Basculegion|atk|1\n|turn|5\n|\n|t:|1776582920\n|switch|p2a: Garchomp|Garchomp, L50, M|100/100\n|move|p1a: Incineroar|Fake Out|p2a: Garchomp\n|-damage|p2a: Garchomp|91/100\n|-damage|p1a: Incineroar|22/100 psn|[from] ability: Rough Skin|[of] p2a: Garchomp\n|move|p2b: Basculegion|Wave Crash|p1a: Incineroar\n|-supereffective|p1a: Incineroar|1\n|-damage|p1a: Incineroar|0 fnt\n|faint|p1a: Incineroar\n|-damage|p2b: Basculegion|94/100|[from] Recoil\n|move|p1b: Corviknight|Bulk Up|p1b: Corviknight\n|-boost|p1b: Corviknight|atk|1\n|-boost|p1b: Corviknight|def|1\n|\n|upkeep\n|\n|t:|1776582926\n|switch|p1a: Floette|Floette-Eternal, L50, F|100/100\n|turn|6\n|\n|t:|1776582937\n|detailschange|p1a: Floette|Floette-Mega, L50, F\n|-mega|p1a: Floette|Floette|Floettite\n|-ability|p1a: Floette|Fairy Aura\n|move|p2a: Garchomp|Rock Slide|p1b: Corviknight|[spread] p1a,p1b\n|-damage|p1a: Floette|84/100\n|-damage|p1b: Corviknight|58/100\n|cant|p1a: Floette|flinch\n|move|p2b: Basculegion|Wave Crash|p1a: Floette\n|-damage|p1a: Floette|30/100\n|-damage|p2b: Basculegion|79/100|[from] Recoil\n|cant|p1b: Corviknight|flinch\n|\n|upkeep\n|turn|7\n|\n|t:|1776582953\n|move|p1a: Floette|Protect|p1a: Floette\n|-singleturn|p1a: Floette|Protect\n|move|p2b: Basculegion|Protect|p2b: Basculegion\n|-singleturn|p2b: Basculegion|Protect\n|move|p2a: Garchomp|Earthquake|p1b: Corviknight|[spread] \n|-activate|p2b: Basculegion|move: Protect\n|-activate|p1a: Floette|move: Protect\n|-immune|p1b: Corviknight\n|move|p1b: Corviknight|Bulk Up|p1b: Corviknight\n|-boost|p1b: Corviknight|atk|1\n|-boost|p1b: Corviknight|def|1\n|\n|upkeep\n|turn|8\n|\n|t:|1776582967\n|move|p2b: Basculegion|Aqua Jet|p1a: Floette\n|-damage|p1a: Floette|14/100\n|move|p2a: Garchomp|Rock Slide|p1b: Corviknight|[spread] p1a,p1b\n|-damage|p1a: Floette|0 fnt\n|-damage|p1b: Corviknight|54/100\n|faint|p1a: Floette\n|cant|p1b: Corviknight|flinch\n|\n|upkeep\n|turn|9\n|\n|t:|1776582978\n|switch|p2b: Sneasler|Sneasler, L50, F|100/100\n|move|p2a: Garchomp|Rock Slide|p1b: Corviknight\n|-damage|p1b: Corviknight|49/100\n|move|p1b: Corviknight|Roost|p1b: Corviknight\n|-heal|p1b: Corviknight|99/100\n|-singleturn|p1b: Corviknight|move: Roost\n|\n|upkeep\n|turn|10\n|\n|t:|1776582986\n|move|p2b: Sneasler|Fake Out|p1b: Corviknight\n|-resisted|p1b: Corviknight|1\n|-damage|p1b: Corviknight|97/100\n|move|p2a: Garchomp|Rock Slide|p1b: Corviknight|[miss]\n|-miss|p2a: Garchomp|p1b: Corviknight\n|cant|p1b: Corviknight|flinch\n|\n|upkeep\n|turn|11\n|\n|t:|1776582996\n|move|p2b: Sneasler|Close Combat|p1b: Corviknight\n|-damage|p1b: Corviknight|82/100\n|-unboost|p2b: Sneasler|def|1\n|-unboost|p2b: Sneasler|spd|1\n|move|p2a: Garchomp|Rock Slide|p1b: Corviknight\n|-damage|p1b: Corviknight|76/100\n|move|p1b: Corviknight|Bulk Up|p1b: Corviknight\n|-boost|p1b: Corviknight|atk|1\n|-boost|p1b: Corviknight|def|1\n|\n|upkeep\n|turn|12\n|\n|t:|1776583015\n|move|p2b: Sneasler|Close Combat|p1b: Corviknight\n|-damage|p1b: Corviknight|62/100\n|-unboost|p2b: Sneasler|def|1\n|-unboost|p2b: Sneasler|spd|1\n|-immune|p1b: Corviknight\n|move|p2a: Garchomp|Rock Slide|p1b: Corviknight\n|-damage|p1b: Corviknight|58/100\n|move|p1b: Corviknight|Body Press|p2a: Garchomp\n|-damage|p2a: Garchomp|20/100\n|-damage|p1b: Corviknight|46/100|[from] ability: Rough Skin|[of] p2a: Garchomp\n|\n|upkeep\n|turn|13\n|c|\u2606khungcanh|hoping for a crit\n|\n|t:|1776583026\n|move|p2b: Sneasler|Close Combat|p1b: Corviknight\n|-damage|p1b: Corviknight|34/100\n|-unboost|p2b: Sneasler|def|1\n|-unboost|p2b: Sneasler|spd|1\n|move|p2a: Garchomp|Rock Slide|p1b: Corviknight\n|-damage|p1b: Corviknight|29/100\n|move|p1b: Corviknight|Roost|p1b: Corviknight\n|-heal|p1b: Corviknight|79/100\n|-singleturn|p1b: Corviknight|move: Roost\n|\n|upkeep\n|turn|14\n|\n|t:|1776583044\n|move|p2b: Sneasler|Close Combat|p1b: Corviknight|[miss]\n|-miss|p2b: Sneasler|p1b: Corviknight\n|move|p2a: Garchomp|Rock Slide|p1b: Corviknight\n|-damage|p1b: Corviknight|74/100\n|cant|p1b: Corviknight|flinch\n|\n|upkeep\n|turn|15\n|\n|t:|1776583056\n|move|p2b: Sneasler|Close Combat|p1b: Corviknight\n|-damage|p1b: Corviknight|61/100\n|-unboost|p2b: Sneasler|def|1\n|-unboost|p2b: Sneasler|spd|1\n|-immune|p1b: Corviknight\n|move|p2a: Garchomp|Rock Slide|p1b: Corviknight\n|-damage|p1b: Corviknight|56/100\n|cant|p1b: Corviknight|flinch\n|\n|upkeep\n|turn|16\n|\n|t:|1776583069\n|switch|p2b: Basculegion|Basculegion, L50, M|79/100\n|move|p2a: Garchomp|Rock Slide|p1b: Corviknight|[miss]\n|-miss|p2a: Garchomp|p1b: Corviknight\n|move|p1b: Corviknight|Roost|p1b: Corviknight\n|-heal|p1b: Corviknight|100/100\n|-singleturn|p1b: Corviknight|move: Roost\n|\n|upkeep\n|turn|17\n|\n|t:|1776583083\n|switch|p2b: Sneasler|Sneasler, L50, F|100/100\n|move|p2a: Garchomp|Rock Slide|p1b: Corviknight\n|-damage|p1b: Corviknight|96/100\n|move|p1b: Corviknight|Iron Head|p2b: Sneasler\n|-enditem|p2b: Sneasler|Focus Sash\n|-damage|p2b: Sneasler|1/100\n|\n|upkeep\n|turn|18\n|\n|t:|1776583095\n|move|p2b: Sneasler|Fake Out|p1b: Corviknight\n|-resisted|p1b: Corviknight|1\n|-damage|p1b: Corviknight|94/100\n|move|p2a: Garchomp|Rock Slide|p1b: Corviknight\n|-damage|p1b: Corviknight|90/100\n|cant|p1b: Corviknight|flinch\n|\n|upkeep\n|turn|19\n|\n|t:|1776583113\n|move|p2b: Sneasler|Dire Claw|p1b: Corviknight\n|-immune|p1b: Corviknight\n|move|p2a: Garchomp|Dragon Claw|p1b: Corviknight|[miss]\n|-miss|p2a: Garchomp|p1b: Corviknight\n|move|p1b: Corviknight|Iron Head|p2a: Garchomp\n|-damage|p2a: Garchomp|0 fnt\n|-damage|p1b: Corviknight|78/100|[from] ability: Rough Skin|[of] p2a: Garchomp\n|faint|p2a: Garchomp\n|\n|upkeep\n|\n|t:|1776583119\n|switch|p2a: Basculegion|Basculegion, L50, M|79/100\n|turn|20\n|\n|t:|1776583126\n|move|p2b: Sneasler|Dire Claw|p1b: Corviknight\n|-immune|p1b: Corviknight\n|move|p2a: Basculegion|Last Respects|p1b: Corviknight\n|-damage|p1b: Corviknight|58/100\n|move|p1b: Corviknight|Iron Head|p2a: Basculegion\n|-resisted|p2a: Basculegion|1\n|-damage|p2a: Basculegion|23/100\n|-enditem|p2a: Basculegion|Sitrus Berry|[eat]\n|-heal|p2a: Basculegion|47/100|[from] item: Sitrus Berry\n|\n|upkeep\n|turn|21\n|\n|t:|1776583138\n|move|p2b: Sneasler|Dire Claw|p1b: Corviknight\n|-immune|p1b: Corviknight\n|move|p2a: Basculegion|Last Respects|p1b: Corviknight\n|-damage|p1b: Corviknight|40/100\n|move|p1b: Corviknight|Roost|p1b: Corviknight\n|-heal|p1b: Corviknight|90/100\n|-singleturn|p1b: Corviknight|move: Roost\n|\n|upkeep\n|turn|22\n|\n|t:|1776583148\n|move|p2b: Sneasler|Dire Claw|p1b: Corviknight\n|-immune|p1b: Corviknight\n|move|p2a: Basculegion|Last Respects|p1b: Corviknight|[miss]\n|-miss|p2a: Basculegion|p1b: Corviknight\n|move|p1b: Corviknight|Iron Head|p2a: Basculegion\n|-resisted|p2a: Basculegion|1\n|-damage|p2a: Basculegion|0 fnt\n|faint|p2a: Basculegion\n|\n|upkeep\n|turn|23\n|\n|t:|1776583157\n|move|p2b: Sneasler|Dire Claw|p1b: Corviknight\n|-immune|p1b: Corviknight\n|move|p1b: Corviknight|Iron Head|p2b: Sneasler\n|-damage|p2b: Sneasler|0 fnt\n|faint|p2b: Sneasler\n|\n|win|aggsapphire\n|raw|aggsapphire's rating: 1390 &rarr; <strong>1406</strong><br />(+16 for winning)\n|raw|khungcanh's rating: 1314 &rarr; <strong>1298</strong><br />(-16 for losing)\n|l|\u2606khungcanh\n|player|p2|\n",
  "uploadtime": 1776583166,
  "views": 19,
  "formatid": "gen9championsvgc2026regma",
  "rating": 1298,
  "private": 0,
  "password": null
}