{
  "id": "gen9championsvgc2026regma-2584414839",
  "format": "[Gen 9 Champions] VGC 2026 Reg M-A",
  "players": [
    "terratron",
    "micmol"
  ],
  "log": "|j|\u2606terratron\n|j|\u2606micmol\n|t:|1776259213\n|gametype|doubles\n|player|p1|terratron|bruno|1290\n|player|p2|micmol|102|1302\n|gen|9\n|tier|[Gen 9 Champions] VGC 2026 Reg M-A\n|rated|\n|rule|Species Clause: Limit one of each Pok\u00e9mon\n|rule|Item Clause: Limit 1 of each item\n|clearpoke\n|poke|p1|Gengar, L50, F|\n|poke|p1|Incineroar, L50, F|\n|poke|p1|Farigiraf, L50, F|\n|poke|p1|Corviknight, L50, F|\n|poke|p1|Tyranitar, L50, M|\n|poke|p1|Excadrill, L50, F|\n|poke|p2|Tyranitar, L50, F|\n|poke|p2|Gourgeist-*, L50, M|\n|poke|p2|Incineroar, L50, M|\n|poke|p2|Empoleon, L50, F|\n|poke|p2|Orthworm, L50, M|\n|poke|p2|Volcarona, L50, F|\n|teampreview|4\n|inactive|Battle timer is ON: inactive players will automatically lose when time's up. (requested by terratron)\n|inactive|micmol has 60 seconds left.\n|\n|t:|1776259251\n|teamsize|p1|4\n|teamsize|p2|4\n|start\n|switch|p1a: Gengar|Gengar, L50, F, shiny|100/100\n|switch|p1b: Incineroar|Incineroar, L50, F|100/100\n|switch|p2a: Tyranitar|Tyranitar, L50, F|100/100\n|switch|p2b: Gourgeist|Gourgeist-Super, L50, M|100/100\n|-weather|Sandstorm|[from] ability: Sand Stream|[of] p2a: Tyranitar\n|-ability|p1b: Incineroar|Intimidate|boost\n|-unboost|p2a: Tyranitar|atk|1\n|-unboost|p2b: Gourgeist|atk|1\n|turn|1\n|\n|t:|1776259270\n|switch|p2a: Orthworm|Orthworm, L50, M|100/100\n|move|p1b: Incineroar|Fake Out|p2a: Orthworm\n|-resisted|p2a: Orthworm|1\n|-damage|p2a: Orthworm|97/100\n|move|p1a: Gengar|Shadow Ball|p2b: Gourgeist\n|-supereffective|p2b: Gourgeist|1\n|-enditem|p2b: Gourgeist|Kasib Berry|[eat]\n|-enditem|p2b: Gourgeist|Kasib Berry|[weaken]\n|-damage|p2b: Gourgeist|63/100\n|-unboost|p2b: Gourgeist|spd|1\n|move|p2b: Gourgeist|Trick Room|p2b: Gourgeist\n|-fieldstart|move: Trick Room|[of] p2b: Gourgeist\n|\n|-weather|Sandstorm|[upkeep]\n|-damage|p2b: Gourgeist|57/100|[from] Sandstorm\n|-damage|p1b: Incineroar|95/100|[from] Sandstorm\n|-damage|p1a: Gengar|95/100|[from] Sandstorm\n|upkeep\n|turn|2\n|\n|t:|1776259292\n|switch|p2b: Empoleon|Empoleon, L50, F|100/100\n|move|p1b: Incineroar|Flare Blitz|p2b: Empoleon\n|-damage|p2b: Empoleon|58/100\n|-damage|p1b: Incineroar|81/100|[from] Recoil\n|move|p2a: Orthworm|Shed Tail|p2a: Orthworm\n|-start|p2a: Orthworm|Substitute|[from] move: Shed Tail\n|-damage|p2a: Orthworm|46/100\n|-enditem|p2a: Orthworm|Sitrus Berry|[eat]\n|-heal|p2a: Orthworm|71/100|[from] item: Sitrus Berry\n|\n|t:|1776259299\n|switch|p2a: Tyranitar|Tyranitar, L50, F|100/100|[from] Shed Tail\n|move|p1a: Gengar|Shadow Ball|p2a: Tyranitar\n|-resisted|p2a: Tyranitar|1\n|-activate|p2a: Tyranitar|move: Substitute|[damage]\n|\n|-weather|Sandstorm|[upkeep]\n|-damage|p1b: Incineroar|75/100|[from] Sandstorm\n|-damage|p1a: Gengar|89/100|[from] Sandstorm\n|upkeep\n|turn|3\n|\n|t:|1776259316\n|switch|p1a: Tyranitar|Tyranitar, L50, M|100/100\n|detailschange|p2a: Tyranitar|Tyranitar-Mega, L50, F\n|-mega|p2a: Tyranitar|Tyranitar|Tyranitarite\n|move|p1b: Incineroar|Flare Blitz|p2b: Empoleon\n|-damage|p2b: Empoleon|15/100\n|-damage|p1b: Incineroar|62/100|[from] Recoil\n|move|p2b: Empoleon|Hydro Pump|p1b: Incineroar\n|-supereffective|p1b: Incineroar|1\n|-damage|p1b: Incineroar|0 fnt\n|faint|p1b: Incineroar\n|move|p2a: Tyranitar|Knock Off|p1a: Tyranitar\n|-resisted|p1a: Tyranitar|1\n|-damage|p1a: Tyranitar|82/100\n|\n|-weather|Sandstorm|[upkeep]\n|upkeep\n|\n|t:|1776259321\n|switch|p1b: Excadrill|Excadrill, L50, F|100/100\n|turn|4\n|\n|t:|1776259343\n|move|p2b: Empoleon|Vacuum Wave|p1b: Excadrill\n|-supereffective|p1b: Excadrill|1\n|-damage|p1b: Excadrill|66/100\n|move|p1a: Tyranitar|Rock Slide|p2b: Empoleon|[spread] p2a,p2b\n|-end|p2a: Tyranitar|Substitute\n|-resisted|p2b: Empoleon|1\n|-crit|p2b: Empoleon\n|-damage|p2b: Empoleon|0 fnt\n|faint|p2b: Empoleon\n|move|p2a: Tyranitar|Knock Off|p1b: Excadrill\n|-damage|p1b: Excadrill|0 fnt\n|-enditem|p1b: Excadrill|Focus Sash|[from] move: Knock Off|[of] p2a: Tyranitar\n|faint|p1b: Excadrill\n|\n|-weather|Sandstorm|[upkeep]\n|upkeep\n|\n|t:|1776259355\n|switch|p2b: Orthworm|Orthworm, L50, M|71/100\n|switch|p1b: Gengar|Gengar, L50, F, shiny|89/100\n|turn|5\n|\n|t:|1776259368\n|detailschange|p1a: Tyranitar|Tyranitar-Mega, L50, M\n|-mega|p1a: Tyranitar|Tyranitar|Tyranitarite\n|move|p2b: Orthworm|Shed Tail|p2b: Orthworm\n|-start|p2b: Orthworm|Substitute|[from] move: Shed Tail\n|-damage|p2b: Orthworm|21/100\n|\n|t:|1776259371\n|switch|p2b: Gourgeist|Gourgeist-Super, L50, M|57/100|[from] Shed Tail\n|move|p1a: Tyranitar|High Horsepower|p2a: Tyranitar\n|-supereffective|p2a: Tyranitar|1\n|-damage|p2a: Tyranitar|43/100\n|move|p2a: Tyranitar|Knock Off|p1b: Gengar\n|-supereffective|p1b: Gengar|1\n|-damage|p1b: Gengar|0 fnt\n|-enditem|p1b: Gengar|Choice Scarf|[from] move: Knock Off|[of] p2a: Tyranitar\n|faint|p1b: Gengar\n|\n|-weather|none\n|-fieldend|move: Trick Room\n|upkeep\n|turn|6\n|\n|t:|1776259385\n|switch|p2a: Orthworm|Orthworm, L50, M|21/100\n|move|p1a: Tyranitar|High Horsepower|p2a: Orthworm\n|-heal|p2a: Orthworm|46/100|[from] ability: Earth Eater|[of] p1a: Tyranitar\n|move|p2b: Gourgeist|Will-O-Wisp|p1a: Tyranitar\n|-status|p1a: Tyranitar|brn\n|\n|-damage|p1a: Tyranitar|76/100 brn|[from] brn\n|upkeep\n|turn|7\n|\n|t:|1776259395\n|move|p1a: Tyranitar|Knock Off|p2b: Gourgeist\n|-supereffective|p2b: Gourgeist|1\n|-end|p2b: Gourgeist|Substitute\n|move|p2a: Orthworm|Body Press|p1a: Tyranitar\n|-supereffective|p1a: Tyranitar|2\n|-damage|p1a: Tyranitar|12/100 brn\n|move|p2b: Gourgeist|Seed Bomb|p1a: Tyranitar\n|-supereffective|p1a: Tyranitar|1\n|-damage|p1a: Tyranitar|0 fnt\n|faint|p1a: Tyranitar\n|\n|win|micmol\n|raw|terratron's rating: 1271 &rarr; <strong>1248</strong><br />(-23 for losing)\n|raw|micmol's rating: 1302 &rarr; <strong>1320</strong><br />(+18 for winning)\n",
  "uploadtime": 1776259398,
  "views": 47,
  "formatid": "gen9championsvgc2026regma",
  "rating": 1248,
  "private": 0,
  "password": null
}