{
  "id": "gen9championsvgc2026regma-2588154033",
  "format": "[Gen 9 Champions] VGC 2026 Reg M-A",
  "players": [
    "lczsbl",
    "Crispytoesss"
  ],
  "log": "|j|\u2606lczsbl\n|j|\u2606Crispytoesss\n|t:|1776609685\n|gametype|doubles\n|player|p1|lczsbl|roxanne|1427\n|player|p2|Crispytoesss|silver|1367\n|gen|9\n|tier|[Gen 9 Champions] VGC 2026 Reg M-A\n|rated|\n|rule|Species Clause: Limit one of each Pok\u00e9mon\n|rule|Item Clause: Limit 1 of each item\n|clearpoke\n|poke|p1|Golurk, L50|\n|poke|p1|Farigiraf, L50, M|\n|poke|p1|Incineroar, L50, F|\n|poke|p1|Torkoal, L50, F|\n|poke|p1|Sneasler, L50, F|\n|poke|p1|Venusaur, L50, M|\n|poke|p2|Pidgeot, L50, M, shiny|\n|poke|p2|Farigiraf, L50, M|\n|poke|p2|Incineroar, L50, M|\n|poke|p2|Basculegion, L50, M|\n|poke|p2|Dragapult, L50, M, shiny|\n|poke|p2|Sneasler, L50, M, shiny|\n|teampreview|4\n|j| randomcypriot55\n|l| randomcypriot55\n|inactive|Battle timer is ON: inactive players will automatically lose when time's up. (requested by Crispytoesss)\n|inactive|lczsbl has 60 seconds left.\n|\n|t:|1776609749\n|teamsize|p1|4\n|teamsize|p2|4\n|start\n|switch|p1a: Torkoal|Torkoal, L50, F|100/100\n|switch|p1b: Venusaur|Venusaur, L50, M|100/100\n|switch|p2a: Farigiraf|Farigiraf, L50, M|100/100\n|switch|p2b: piss jet|Dragapult, L50, M, shiny|100/100\n|-weather|SunnyDay|[from] ability: Drought|[of] p1a: Torkoal\n|turn|1\n|\n|t:|1776609774\n|move|p1a: Torkoal|Protect|p1a: Torkoal\n|-singleturn|p1a: Torkoal|Protect\n|move|p1b: Venusaur|Sleep Powder|p2a: Farigiraf|[miss]\n|-miss|p1b: Venusaur|p2a: Farigiraf\n|move|p2b: piss jet|Phantom Force||[still]\n|-prepare|p2b: piss jet|Phantom Force\n|move|p2a: Farigiraf|Twin Beam|p1b: Venusaur\n|-supereffective|p1b: Venusaur|1\n|-damage|p1b: Venusaur|62/100\n|-supereffective|p1b: Venusaur|1\n|-damage|p1b: Venusaur|20/100\n|-hitcount|p1b: Venusaur|2\n|\n|-weather|SunnyDay|[upkeep]\n|upkeep\n|turn|2\n|\n|t:|1776609788\n|switch|p1a: Farigiraf|Farigiraf, L50, M|100/100\n|move|p1b: Venusaur|Sleep Powder|p2a: Farigiraf|[miss]\n|-miss|p1b: Venusaur|p2a: Farigiraf\n|move|p2b: piss jet|Phantom Force|p1a: Farigiraf|[from] lockedmove\n|-immune|p1a: Farigiraf\n|move|p2a: Farigiraf|Twin Beam|p1b: Venusaur\n|-supereffective|p1b: Venusaur|1\n|-damage|p1b: Venusaur|0 fnt\n|faint|p1b: Venusaur\n|-hitcount|p1: Venusaur|1\n|\n|-weather|SunnyDay|[upkeep]\n|upkeep\n|\n|t:|1776609802\n|switch|p1b: Golurk|Golurk, L50|100/100\n|turn|3\n|\n|t:|1776609825\n|detailschange|p1b: Golurk|Golurk-Mega, L50\n|-mega|p1b: Golurk|Golurk|Golurkite\n|move|p2b: piss jet|Dragon Dance|p2b: piss jet\n|-boost|p2b: piss jet|atk|1\n|-boost|p2b: piss jet|spe|1\n|move|p1b: Golurk|Headlong Rush|p2a: Farigiraf\n|-damage|p2a: Farigiraf|42/100\n|-unboost|p1b: Golurk|def|1\n|-unboost|p1b: Golurk|spd|1\n|move|p1a: Farigiraf|Hyper Voice|p2a: Farigiraf|[spread] p2a\n|-immune|p2b: piss jet\n|-damage|p2a: Farigiraf|13/100\n|move|p2a: Farigiraf|Imprison|p2a: Farigiraf\n|-start|p2a: Farigiraf|move: Imprison\n|\n|-weather|SunnyDay|[upkeep]\n|upkeep\n|turn|4\n|inactive|lczsbl has 30 seconds left.\n|\n|t:|1776609852\n|move|p2b: piss jet|Phantom Force||[still]\n|-prepare|p2b: piss jet|Phantom Force\n|move|p1a: Farigiraf|Hyper Voice|p2a: Farigiraf|[spread] p2a\n|-miss|p1a: Farigiraf|p2b: piss jet\n|-crit|p2a: Farigiraf\n|-damage|p2a: Farigiraf|0 fnt\n|faint|p2a: Farigiraf\n|move|p1b: Golurk|Poltergeist|p2b: piss jet|[miss]\n|-miss|p1b: Golurk|p2b: piss jet\n|\n|-weather|SunnyDay|[upkeep]\n|upkeep\n|\n|t:|1776609875\n|switch|p2a: piss birb|Pidgeot, L50, M, shiny|100/100\n|turn|5\n|\n|t:|1776609882\n|switch|p1b: Torkoal|Torkoal, L50, F|100/100\n|detailschange|p2a: piss birb|Pidgeot-Mega, L50, M, shiny\n|-mega|p2a: piss birb|Pidgeot|Pidgeotite\n|move|p2b: piss jet|Phantom Force|p1b: Torkoal|[from] lockedmove\n|-damage|p1b: Torkoal|42/100\n|move|p2a: piss birb|Hurricane|p1a: Farigiraf\n|-damage|p1a: Farigiraf|49/100\n|-start|p1a: Farigiraf|confusion\n|-enditem|p1a: Farigiraf|Sitrus Berry|[eat]\n|-heal|p1a: Farigiraf|74/100|[from] item: Sitrus Berry\n|-activate|p1a: Farigiraf|confusion\n|move|p1a: Farigiraf|Trick Room|p1a: Farigiraf\n|-fieldstart|move: Trick Room|[of] p1a: Farigiraf\n|\n|-weather|none\n|upkeep\n|turn|6\n|inactive|lczsbl has 30 seconds left.\n|\n|t:|1776609907\n|move|p2a: piss birb|Protect|p2a: piss birb\n|-singleturn|p2a: piss birb|Protect\n|move|p1b: Torkoal|Heat Wave|p2a: piss birb|[spread] p2b\n|-activate|p2a: piss birb|move: Protect\n|-resisted|p2b: piss jet|1\n|-damage|p2b: piss jet|76/100\n|-activate|p1a: Farigiraf|confusion\n|move|p1a: Farigiraf|Psychic|p2a: piss birb\n|-activate|p2a: piss birb|move: Protect\n|move|p2b: piss jet|Dragon Darts|p1a: Farigiraf\n|-damage|p1a: Farigiraf|36/100\n|-anim|p2b: piss jet|Dragon Darts|p1b: Torkoal\n|-damage|p1b: Torkoal|2/100\n|\n|upkeep\n|turn|7\n|inactive|Crispytoesss has 30 seconds left.\n|\n|t:|1776609938\n|move|p1b: Torkoal|Heat Wave|p2b: piss jet|[spread] p2a,p2b\n|-resisted|p2b: piss jet|1\n|-damage|p2a: piss birb|50/100\n|-damage|p2b: piss jet|50/100\n|-activate|p1a: Farigiraf|confusion\n|-damage|p1a: Farigiraf|30/100|[from] confusion\n|move|p2a: piss birb|Heat Wave|p1a: Farigiraf|[spread] p1a,p1b\n|-resisted|p1b: Torkoal|1\n|-damage|p1a: Farigiraf|7/100\n|-damage|p1b: Torkoal|0 fnt\n|faint|p1b: Torkoal\n|move|p2b: piss jet|Dragon Darts|p1a: Farigiraf\n|-damage|p1a: Farigiraf|0 fnt\n|faint|p1a: Farigiraf\n|\n|upkeep\n|\n|t:|1776609947\n|switch|p1b: Golurk|Golurk-Mega, L50|100/100\n|turn|8\n|\n|t:|1776609967\n|move|p1b: Golurk|Poltergeist|p2b: piss jet\n|-activate|p2b: piss jet|move: Poltergeist|Dragon Fang\n|-supereffective|p2b: piss jet|1\n|-damage|p2b: piss jet|0 fnt\n|faint|p2b: piss jet\n|move|p2a: piss birb|Hurricane|p1b: Golurk\n|-damage|p1b: Golurk|44/100\n|\n|upkeep\n|\n|t:|1776609972\n|switch|p2b: Basculegion|Basculegion, L50, M|100/100\n|turn|9\n|\n|t:|1776609980\n|move|p2b: Basculegion|Aqua Jet|p1b: Golurk\n|-supereffective|p1b: Golurk|1\n|-damage|p1b: Golurk|0 fnt\n|faint|p1b: Golurk\n|\n|win|Crispytoesss\n|raw|lczsbl's rating: 1427 &rarr; <strong>1404</strong><br />(-23 for losing)\n|raw|Crispytoesss's rating: 1367 &rarr; <strong>1390</strong><br />(+23 for winning)\n",
  "uploadtime": 1776610023,
  "views": 11,
  "formatid": "gen9championsvgc2026regma",
  "rating": 1390,
  "private": 0,
  "password": null
}