{
  "id": "gen9championsvgc2026regma-2584139674",
  "format": "[Gen 9 Champions] VGC 2026 Reg M-A",
  "players": [
    "Sibanz",
    "holdingb"
  ],
  "log": "|j|\u2606Sibanz\n|j|\u2606holdingb\n|t:|1776229685\n|gametype|doubles\n|player|p1|Sibanz|janitor|\n|player|p2|holdingb|anabel-gen7|\n|gen|9\n|tier|[Gen 9 Champions] VGC 2026 Reg M-A\n|rated|Tournament battle\n|rule|Species Clause: Limit one of each Pok\u00e9mon\n|rule|Item Clause: Limit 1 of each item\n|raw|<div class=\"infobox\"><details class=\"readmore\" open><summary><strong>1 custom rule:</strong></summary> Force Open Team Sheets</details></div>\n|clearpoke\n|poke|p1|Meganium, L50, F|\n|poke|p1|Aerodactyl, L50, M|\n|poke|p1|Politoed, L50, F|\n|poke|p1|Tauros-Paldea-Aqua, L50, M|\n|poke|p1|Meowscarada, L50, M|\n|poke|p1|Aegislash, L50, M|\n|poke|p2|Gardevoir, L50, F|\n|poke|p2|Kangaskhan, L50, F|\n|poke|p2|Talonflame, L50, M|\n|poke|p2|Meowscarada, L50, M|\n|poke|p2|Rotom-Wash, L50|\n|poke|p2|Aegislash, L50, M|\n|teampreview|4\n|showteam|p1|Meganium||Meganiumite|Overgrow|WeatherBall,SolarBeam,DazzlingGleam,Protect|||F|||50|]Aerodactyl||FocusSash|Unnerve|RockSlide,DualWingbeat,Tailwind,Protect|||M|||50|]Politoed||Leftovers|Drizzle|WeatherBall,IcyWind,Encore,Protect|||F|||50|]Tauros-Paldea-Aqua||MysticWater|Intimidate|AquaJet,RagingBull,CloseCombat,Protect|||M|||50|]Meowscarada||ChoiceScarf|Protean|Uturn,FlowerTrick,TripleAxel,KnockOff|||M|||50|]Aegislash||SpellTag|StanceChange|KingsShield,IronHead,Poltergeist,ShadowSneak|||M|||50|\n|showteam|p2|Gardevoir||ChoiceScarf|Trace|Psyshock,Moonblast,IcyWind,Trick|||F|||50|]Kangaskhan||Kangaskhanite|Scrappy|FakeOut,DoubleEdge,DrainPunch,IcePunch|||F|||50|]Talonflame||SharpBeak|GaleWings|Tailwind,BraveBird,Feint,QuickGuard|||M|||50|]Meowscarada||FocusSash|Overgrow|FlowerTrick,KnockOff,SuckerPunch,Protect|||M|||50|]Rotom-Wash||SitrusBerry|Levitate|HydroPump,Thunderbolt,Protect,WillOWisp||||||50|]Aegislash||Leftovers|StanceChange|FlashCannon,ShadowBall,KingsShield,Substitute|||M|||50|\n|inactive|Battle timer is ON: inactive players will automatically lose when time's up. (requested by Sibanz)\n|inactive|holdingb also wants the timer to be on.\n|inactive|Sibanz has 60 seconds left.\n|inactive|holdingb has 60 seconds left.\n|\n|t:|1776229722\n|teamsize|p1|4\n|teamsize|p2|4\n|start\n|switch|p1a: Meganium|Meganium, L50, F|100/100\n|switch|p1b: Aerodactyl|Aerodactyl, L50, M|100/100\n|switch|p2a: Gardevoir|Gardevoir, L50, F|100/100\n|switch|p2b: Kangaskhan|Kangaskhan, L50, F|100/100\n|-ability|p1b: Aerodactyl|Unnerve\n|-ability|p2a: Gardevoir|Unnerve|Trace|[from] ability: Trace|[of] p1b: Aerodactyl\n|-ability|p2a: Gardevoir|Unnerve\n|turn|1\n|\n|t:|1776229741\n|switch|p1a: Aegislash|Aegislash, L50, M|100/100\n|detailschange|p2b: Kangaskhan|Kangaskhan-Mega, L50, F\n|-mega|p2b: Kangaskhan|Kangaskhan|Kangaskhanite\n|move|p1b: Aerodactyl|Protect|p1b: Aerodactyl\n|-singleturn|p1b: Aerodactyl|Protect\n|move|p2a: Gardevoir|Icy Wind|p1b: Aerodactyl|[spread] p1a\n|-activate|p1b: Aerodactyl|move: Protect\n|-resisted|p1a: Aegislash|1\n|-damage|p1a: Aegislash|95/100\n|-unboost|p1a: Aegislash|spe|1\n|move|p2b: Kangaskhan|Ice Punch|p1b: Aerodactyl\n|-activate|p1b: Aerodactyl|move: Protect\n|\n|upkeep\n|turn|2\n|inactive|Sibanz has 30 seconds left.\n|\n|t:|1776229772\n|move|p2a: Gardevoir|Icy Wind|p1a: Aegislash|[spread] p1a,p1b\n|-resisted|p1a: Aegislash|1\n|-supereffective|p1b: Aerodactyl|1\n|-damage|p1a: Aegislash|89/100\n|-damage|p1b: Aerodactyl|64/100\n|-unboost|p1a: Aegislash|spe|1\n|-unboost|p1b: Aerodactyl|spe|1\n|move|p2b: Kangaskhan|Double-Edge|p1b: Aerodactyl\n|-resisted|p1b: Aerodactyl|1\n|-damage|p1b: Aerodactyl|6/100\n|-resisted|p1b: Aerodactyl|1\n|-damage|p1b: Aerodactyl|0 fnt\n|faint|p1b: Aerodactyl\n|-hitcount|p1: Aerodactyl|2\n|-damage|p2b: Kangaskhan|82/100|[from] Recoil\n|-formechange|p1a: Aegislash|Aegislash-Blade|\n|move|p1a: Aegislash|Iron Head|p2a: Gardevoir\n|-supereffective|p2a: Gardevoir|1\n|-damage|p2a: Gardevoir|0 fnt\n|faint|p2a: Gardevoir\n|\n|upkeep\n|\n|t:|1776229789\n|switch|p1b: Meowscarada|Meowscarada, L50, M|100/100\n|switch|p2a: Aegislash|Aegislash, L50, M|100/100\n|turn|3\n|inactive|Sibanz has 30 seconds left.\n|inactive|holdingb has 30 seconds left.\n|\n|t:|1776229816\n|move|p2a: Aegislash|King's Shield|p2a: Aegislash\n|-singleturn|p2a: Aegislash|Protect\n|move|p1b: Meowscarada|Flower Trick|p2b: Kangaskhan\n|-start|p1b: Meowscarada|typechange|Grass|[from] ability: Protean\n|-crit|p2b: Kangaskhan\n|-damage|p2b: Kangaskhan|33/100\n|move|p2b: Kangaskhan|Ice Punch|p1b: Meowscarada\n|-supereffective|p1b: Meowscarada|1\n|-damage|p1b: Meowscarada|8/100\n|-status|p1b: Meowscarada|frz\n|-supereffective|p1b: Meowscarada|1\n|-crit|p1b: Meowscarada\n|-damage|p1b: Meowscarada|0 fnt\n|faint|p1b: Meowscarada\n|-hitcount|p1: Meowscarada|2\n|move|p1a: Aegislash|Iron Head|p2b: Kangaskhan\n|-damage|p2b: Kangaskhan|0 fnt\n|faint|p2b: Kangaskhan\n|\n|upkeep\n|\n|t:|1776229827\n|switch|p1b: Meganium|Meganium, L50, F|100/100\n|switch|p2b: Meowscarada|Meowscarada, L50, M|100/100\n|turn|4\n|inactive|Sibanz has 30 seconds left.\n|inactive|holdingb has 30 seconds left.\n|inactive|holdingb has 20 seconds left.\n|inactive|holdingb has 15 seconds left.\n|\n|t:|1776229867\n|detailschange|p1b: Meganium|Meganium-Mega, L50, F\n|-mega|p1b: Meganium|Meganium|Meganiumite\n|-formechange|p1a: Aegislash|Aegislash|\n|move|p1a: Aegislash|King's Shield|p1a: Aegislash\n|-singleturn|p1a: Aegislash|Protect\n|move|p2b: Meowscarada|Flower Trick|p1b: Meganium\n|-resisted|p1b: Meganium|1\n|-crit|p1b: Meganium\n|-damage|p1b: Meganium|79/100\n|move|p1b: Meganium|Weather Ball|p2a: Aegislash\n|-supereffective|p2a: Aegislash|1\n|-damage|p2a: Aegislash|7/100\n|-formechange|p2a: Aegislash|Aegislash-Blade|\n|move|p2a: Aegislash|Flash Cannon|p1b: Meganium\n|-supereffective|p1b: Meganium|1\n|-damage|p1b: Meganium|0 fnt\n|faint|p1b: Meganium\n|\n|-heal|p2a: Aegislash|13/100|[from] item: Leftovers\n|upkeep\n|turn|5\n|\n|t:|1776229885\n|move|p2b: Meowscarada|Protect|p2b: Meowscarada\n|-singleturn|p2b: Meowscarada|Protect\n|-formechange|p2a: Aegislash|Aegislash|\n|move|p2a: Aegislash|King's Shield|p2a: Aegislash\n|-singleturn|p2a: Aegislash|Protect\n|-formechange|p1a: Aegislash|Aegislash-Blade|\n|move|p1a: Aegislash|Iron Head|p2b: Meowscarada\n|-activate|p2b: Meowscarada|move: Protect\n|\n|-heal|p2a: Aegislash|19/100|[from] item: Leftovers\n|upkeep\n|turn|6\n|\n|t:|1776229895\n|move|p2b: Meowscarada|Sucker Punch|p1a: Aegislash\n|-supereffective|p1a: Aegislash|1\n|-damage|p1a: Aegislash|0 fnt\n|faint|p1a: Aegislash\n|\n|win|holdingb\n|n|\u2606Sibanz|sibanz\n|n|\u2606holdingb|holdingb\n|c|\u2606Sibanz|Gg\n|c|\u2606holdingb|gg\n|l|\u2606Sibanz\n|player|p1|\n",
  "uploadtime": 1776229901,
  "views": 16,
  "formatid": "gen9championsvgc2026regma",
  "rating": null,
  "private": 0,
  "password": null
}