{
  "id": "gen9championsvgc2026regma-2583157510",
  "format": "[Gen 9 Champions] VGC 2026 Reg M-A",
  "players": [
    "ToastyCheese789",
    "wah234"
  ],
  "log": "|j|\u2606ToastyCheese789\n|j|\u2606wah234\n|t:|1776149013\n|gametype|doubles\n|player|p1|ToastyCheese789|102|1100\n|player|p2|wah234|170|1111\n|gen|9\n|tier|[Gen 9 Champions] VGC 2026 Reg M-A\n|rated|\n|rule|Species Clause: Limit one of each Pok\u00e9mon\n|rule|Item Clause: Limit 1 of each item\n|clearpoke\n|poke|p1|Starmie, L50|\n|poke|p1|Tyranitar, L50, M|\n|poke|p1|Garchomp, L50, M|\n|poke|p1|Rotom-Heat, L50|\n|poke|p1|Whimsicott, L50, M|\n|poke|p1|Incineroar, L50, F|\n|poke|p2|Sinistcha, L50|\n|poke|p2|Incineroar, L50, M|\n|poke|p2|Meganium, L50, F|\n|poke|p2|Pelipper, L50, M|\n|poke|p2|Basculegion, L50, M|\n|poke|p2|Archaludon, L50, M|\n|teampreview|4\nToastyCheese789 rejected open team sheets.\n|\n|t:|1776149061\n|teamsize|p1|4\n|teamsize|p2|4\n|start\n|switch|p1a: Whimsicott|Whimsicott, L50, M, shiny|100/100\n|switch|p1b: Tyranitar|Tyranitar, L50, M, shiny|100/100\n|switch|p2a: Pelipper|Pelipper, L50, M|100/100\n|switch|p2b: Meganium|Meganium, L50, F|100/100\n|-weather|RainDance|[from] ability: Drizzle|[of] p2a: Pelipper\n|-weather|Sandstorm|[from] ability: Sand Stream|[of] p1b: Tyranitar\n|turn|1\n|inactive|Battle timer is ON: inactive players will automatically lose when time's up. (requested by wah234)\n|\n|t:|1776149076\n|switch|p2a: Incineroar|Incineroar, L50, M|100/100\n|-ability|p2a: Incineroar|Intimidate|boost\n|-unboost|p1a: Whimsicott|atk|1\n|-unboost|p1b: Tyranitar|atk|1\n|detailschange|p2b: Meganium|Meganium-Mega, L50, F\n|-mega|p2b: Meganium|Meganium|Meganiumite\n|move|p1a: Whimsicott|Tailwind|p1a: Whimsicott\n|-sidestart|p1: ToastyCheese789|move: Tailwind\n|move|p1b: Tyranitar|Rock Slide|p2b: Meganium|[spread] p2a,p2b\n|-supereffective|p2a: Incineroar|1\n|-damage|p2a: Incineroar|55/100\n|-damage|p2b: Meganium|80/100\n|cant|p2b: Meganium|flinch\n|\n|-weather|Sandstorm|[upkeep]\n|-damage|p1a: Whimsicott|95/100|[from] Sandstorm\n|-damage|p2b: Meganium|74/100|[from] Sandstorm\n|-damage|p2a: Incineroar|49/100|[from] Sandstorm\n|-enditem|p2a: Incineroar|Sitrus Berry|[eat]\n|-heal|p2a: Incineroar|73/100|[from] item: Sitrus Berry\n|upkeep\n|turn|2\n|\n|t:|1776149099\n|move|p2a: Incineroar|Fake Out|p1b: Tyranitar\n|-resisted|p1b: Tyranitar|1\n|-damage|p1b: Tyranitar|95/100\n|move|p1a: Whimsicott|Charm|p2a: Incineroar\n|-hint|Since gen 7, Dark is immune to Prankster moves.\n|-immune|p2a: Incineroar\n|cant|p1b: Tyranitar|flinch\n|move|p2b: Meganium|Dazzling Gleam|p1b: Tyranitar|[spread] p1a,p1b\n|-supereffective|p1b: Tyranitar|1\n|-damage|p1a: Whimsicott|42/100\n|-damage|p1b: Tyranitar|37/100\n|\n|-weather|Sandstorm|[upkeep]\n|-damage|p1a: Whimsicott|36/100|[from] Sandstorm\n|-damage|p2b: Meganium|68/100|[from] Sandstorm\n|-damage|p2a: Incineroar|67/100|[from] Sandstorm\n|upkeep\n|turn|3\n|\n|t:|1776149118\n|switch|p2a: Pelipper|Pelipper, L50, M|100/100\n|-weather|RainDance|[from] ability: Drizzle|[of] p2a: Pelipper\n|move|p1a: Whimsicott|Moonblast|p2b: Meganium\n|-damage|p2b: Meganium|45/100\n|move|p1b: Tyranitar|Rock Slide|p2b: Meganium|[spread] p2a,p2b\n|-supereffective|p2a: Pelipper|1\n|-damage|p2a: Pelipper|41/100\n|-damage|p2b: Meganium|26/100\n|cant|p2b: Meganium|flinch\n|\n|-weather|RainDance|[upkeep]\n|upkeep\n|turn|4\n|\n|t:|1776149137\n|move|p2a: Pelipper|Protect|p2a: Pelipper\n|-singleturn|p2a: Pelipper|Protect\n|move|p2b: Meganium|Protect|p2b: Meganium\n|-singleturn|p2b: Meganium|Protect\n|move|p1a: Whimsicott|Moonblast|p2b: Meganium\n|-activate|p2b: Meganium|move: Protect\n|move|p1b: Tyranitar|Rock Slide|p2a: Pelipper|[spread] \n|-activate|p2a: Pelipper|move: Protect\n|-activate|p2b: Meganium|move: Protect\n|\n|-weather|RainDance|[upkeep]\n|-sideend|p1: ToastyCheese789|move: Tailwind\n|upkeep\n|turn|5\n|\n|t:|1776149159\n|move|p1a: Whimsicott|Tailwind|p1a: Whimsicott\n|-sidestart|p1: ToastyCheese789|move: Tailwind\n|move|p1b: Tyranitar|Rock Slide|p2b: Meganium|[spread] \n|-miss|p1b: Tyranitar|p2a: Pelipper\n|-miss|p1b: Tyranitar|p2b: Meganium\n|move|p2a: Pelipper|Weather Ball|p1b: Tyranitar\n|-supereffective|p1b: Tyranitar|1\n|-damage|p1b: Tyranitar|0 fnt\n|faint|p1b: Tyranitar\n|move|p2b: Meganium|Dazzling Gleam|p1a: Whimsicott\n|-damage|p1a: Whimsicott|0 fnt\n|faint|p1a: Whimsicott\n|\n|-weather|RainDance|[upkeep]\n|upkeep\n|\n|t:|1776149175\n|switch|p1a: Garchomp|Garchomp, L50, M, shiny|100/100\n|switch|p1b: Starmie|Starmie, L50, shiny|100/100\n|turn|6\n|\n|t:|1776149189\n|detailschange|p1b: Starmie|Starmie-Mega, L50, shiny\n|-mega|p1b: Starmie|Starmie|Starminite\n|move|p2b: Meganium|Protect|p2b: Meganium\n|-singleturn|p2b: Meganium|Protect\n|move|p1b: Starmie|Psychic|p2a: Pelipper\n|-damage|p2a: Pelipper|0 fnt\n|faint|p2a: Pelipper\n|move|p1a: Garchomp|Iron Head|p2b: Meganium\n|-activate|p2b: Meganium|move: Protect\n|\n|-weather|RainDance|[upkeep]\n|upkeep\n|\n|t:|1776149203\n|switch|p2a: Incineroar|Incineroar, L50, M|67/100\n|-ability|p2a: Incineroar|Intimidate|boost\n|-unboost|p1a: Garchomp|atk|1\n|-unboost|p1b: Starmie|atk|1\n|-enditem|p1a: Garchomp|White Herb\n|-clearnegativeboost|p1a: Garchomp|[silent]\n|turn|7\n|inactive|ToastyCheese789 has 30 seconds left.\n|\n|t:|1776149233\n|move|p1a: Garchomp|Protect|p1a: Garchomp\n|-singleturn|p1a: Garchomp|Protect\n|move|p2a: Incineroar|Fake Out|p1a: Garchomp\n|-activate|p1a: Garchomp|move: Protect\n|move|p1b: Starmie|Light Screen|p1b: Starmie\n|-sidestart|p1: ToastyCheese789|move: Light Screen\n|move|p2b: Meganium|Dazzling Gleam|p1b: Starmie|[spread] p1b\n|-activate|p1a: Garchomp|move: Protect\n|-damage|p1b: Starmie|72/100\n|\n|-weather|none\n|upkeep\n|turn|8\n|\n|t:|1776149253\n|switch|p2b: Archaludon|Archaludon, L50, M|100/100\n|move|p1b: Starmie|Liquidation|p2a: Incineroar\n|-supereffective|p2a: Incineroar|1\n|-damage|p2a: Incineroar|0 fnt\n|faint|p2a: Incineroar\n|move|p1a: Garchomp|Iron Head|p2b: Archaludon\n|-resisted|p2b: Archaludon|1\n|-damage|p2b: Archaludon|90/100\n|-ability|p2b: Archaludon|Stamina|boost\n|-boost|p2b: Archaludon|def|1\n|\n|-heal|p2b: Archaludon|96/100|[from] item: Leftovers\n|-sideend|p1: ToastyCheese789|move: Tailwind\n|upkeep\n|\n|t:|1776149265\n|switch|p2a: Meganium|Meganium-Mega, L50, F|26/100\n|turn|9\n|\n|t:|1776149286\n|move|p1b: Starmie|Skill Swap|p2b: Archaludon\n|-activate|p1b: Starmie|Skill Swap|Stamina|Huge Power|[of] p2b: Archaludon\n|move|p1a: Garchomp|Iron Head|p2a: Meganium\n|-supereffective|p2a: Meganium|1\n|-damage|p2a: Meganium|0 fnt\n|faint|p2a: Meganium\n|move|p2b: Archaludon|Flash Cannon|p1a: Garchomp\n|-damage|p1a: Garchomp|76/100\n|\n|-heal|p2b: Archaludon|100/100|[from] item: Leftovers\n|upkeep\n|turn|10\n|inactive|wah234 has 30 seconds left.\n|\n|t:|1776149319\n|move|p1b: Starmie|Liquidation|p2b: Archaludon\n|-resisted|p2b: Archaludon|1\n|-damage|p2b: Archaludon|96/100\n|-unboost|p2b: Archaludon|def|1\n|move|p1a: Garchomp|Earthquake|p2b: Archaludon|[spread] p1b,p2b\n|-supereffective|p2b: Archaludon|1\n|-damage|p1b: Starmie|15/100\n|-damage|p2b: Archaludon|35/100\n|-ability|p1b: Starmie|Stamina|boost\n|-boost|p1b: Starmie|def|1\n|move|p2b: Archaludon|Electro Shot||[still]\n|-prepare|p2b: Archaludon|Electro Shot\n|-boost|p2b: Archaludon|spa|1\n|\n|-heal|p2b: Archaludon|40/100|[from] item: Leftovers\n|upkeep\n|turn|11\n|\n|t:|1776149335\n|move|p1b: Starmie|Psychic|p2b: Archaludon\n|-resisted|p2b: Archaludon|1\n|-damage|p2b: Archaludon|15/100\n|move|p1a: Garchomp|Earthquake|p2b: Archaludon|[spread] p1b,p2b\n|-supereffective|p2b: Archaludon|1\n|-damage|p1b: Starmie|0 fnt\n|-damage|p2b: Archaludon|0 fnt\n|faint|p1b: Starmie\n|faint|p2b: Archaludon\n|\n|win|ToastyCheese789\n|raw|ToastyCheese789's rating: 1100 &rarr; <strong>1126</strong><br />(+26 for winning)\n|raw|wah234's rating: 1111 &rarr; <strong>1085</strong><br />(-26 for losing)\n|l|\u2606wah234\n|player|p2|\n",
  "uploadtime": 1776149356,
  "views": 22,
  "formatid": "gen9championsvgc2026regma",
  "rating": 1085,
  "private": 0,
  "password": null
}