{
  "id": "gen9championsvgc2026regma-2585098356",
  "format": "[Gen 9 Champions] VGC 2026 Reg M-A",
  "players": [
    "Amukhan",
    "Zolti148"
  ],
  "log": "|j|\u2606Amukhan\n|j|\u2606Zolti148\n|t:|1776311570\n|gametype|doubles\n|player|p1|Amukhan|ingo|1100\n|player|p2|Zolti148|266|1150\n|gen|9\n|tier|[Gen 9 Champions] VGC 2026 Reg M-A\n|rated|\n|rule|Species Clause: Limit one of each Pok\u00e9mon\n|rule|Item Clause: Limit 1 of each item\n|clearpoke\n|poke|p1|Whimsicott, L50, M|\n|poke|p1|Tyranitar, L50, M|\n|poke|p1|Garchomp, L50, F|\n|poke|p1|Basculegion, L50, M|\n|poke|p1|Glimmora, L50, F|\n|poke|p1|Corviknight, L50, F|\n|poke|p2|Gardevoir, L50, M|\n|poke|p2|Empoleon, L50, M|\n|poke|p2|Incineroar, L50, F|\n|poke|p2|Farigiraf, L50, F|\n|poke|p2|Mamoswine, L50, F|\n|poke|p2|Kangaskhan, L50, F|\n|teampreview|4\n|inactive|Battle timer is ON: inactive players will automatically lose when time's up. (requested by Zolti148)\n|inactive|Amukhan has 60 seconds left.\n|inactive|Amukhan has 30 seconds left.\n|\n|t:|1776311639\n|teamsize|p1|4\n|teamsize|p2|4\n|start\n|switch|p1a: Garchomp|Garchomp, L50, F|100/100\n|switch|p1b: Corviknight|Corviknight, L50, F, shiny|100/100\n|switch|p2a: Farigiraf|Farigiraf, L50, F, shiny|100/100\n|switch|p2b: Gardevoir|Gardevoir, L50, M, shiny|100/100\n|-ability|p2b: Gardevoir|Sand Veil|Trace|[from] ability: Trace|[of] p1a: Garchomp\n|turn|1\n|inactive|Amukhan has 30 seconds left.\n|\n|t:|1776311665\n|detailschange|p2b: Gardevoir|Gardevoir-Mega, L50, M, shiny\n|-mega|p2b: Gardevoir|Gardevoir|Gardevoirite\n|move|p1a: Garchomp|Protect|p1a: Garchomp\n|-singleturn|p1a: Garchomp|Protect\n|move|p2b: Gardevoir|Hyper Voice|p1b: Corviknight|[spread] p1b\n|-activate|p1a: Garchomp|move: Protect\n|-resisted|p1b: Corviknight|1\n|-damage|p1b: Corviknight|80/100\n|move|p1b: Corviknight|Tailwind|p1b: Corviknight\n|-sidestart|p1: Amukhan|move: Tailwind\n|move|p2a: Farigiraf|Trick Room|p2a: Farigiraf\n|-fieldstart|move: Trick Room|[of] p2a: Farigiraf\n|\n|-heal|p1b: Corviknight|86/100|[from] item: Leftovers\n|upkeep\n|turn|2\n|inactive|Amukhan has 30 seconds left.\n|inactive|Amukhan has 20 seconds left.\n|\n|t:|1776311704\n|switch|p2a: Incineroar|Incineroar, L50, F|100/100\n|-ability|p2a: Incineroar|Intimidate|boost\n|-unboost|p1a: Garchomp|atk|1\n|-ability|p1b: Corviknight|Mirror Armor\n|-unboost|p2a: Incineroar|atk|1\n|detailschange|p1a: Garchomp|Garchomp-Mega, L50, F\n|-mega|p1a: Garchomp|Garchomp|Garchompite\n|move|p2b: Gardevoir|Hyper Voice|p1b: Corviknight|[spread] p1a,p1b\n|-supereffective|p1a: Garchomp|1\n|-resisted|p1b: Corviknight|1\n|-damage|p1a: Garchomp|0 fnt\n|-damage|p1b: Corviknight|63/100\n|faint|p1a: Garchomp\n|move|p1b: Corviknight|Iron Head|p2b: Gardevoir\n|-supereffective|p2b: Gardevoir|1\n|-damage|p2b: Gardevoir|26/100\n|\n|-heal|p1b: Corviknight|69/100|[from] item: Leftovers\n|upkeep\n|\n|t:|1776311726\n|switch|p1a: Tyranitar|Tyranitar, L50, M|100/100\n|-weather|Sandstorm|[from] ability: Sand Stream|[of] p1a: Tyranitar\n|turn|3\n|\n|t:|1776311739\n|switch|p2b: Empoleon|Empoleon, L50, M|100/100\n|move|p1a: Tyranitar|Protect|p1a: Tyranitar\n|-singleturn|p1a: Tyranitar|Protect\n|move|p2a: Incineroar|Close Combat|p1b: Corviknight\n|-damage|p1b: Corviknight|42/100\n|-unboost|p2a: Incineroar|def|1\n|-unboost|p2a: Incineroar|spd|1\n|move|p1b: Corviknight|Iron Head|p2b: Empoleon\n|-resisted|p2b: Empoleon|2\n|-damage|p2b: Empoleon|94/100\n|\n|-weather|Sandstorm|[upkeep]\n|-damage|p2a: Incineroar|95/100|[from] Sandstorm\n|-heal|p2b: Empoleon|100/100|[from] item: Leftovers\n|-heal|p1b: Corviknight|48/100|[from] item: Leftovers\n|upkeep\n|turn|4\n|inactive|Amukhan has 30 seconds left.\n|inactive|Zolti148 has 30 seconds left.\n|\n|t:|1776311772\n|switch|p1a: Basculegion|Basculegion, L50, M|100/100\n|move|p2a: Incineroar|Flare Blitz|p1b: Corviknight\n|-supereffective|p1b: Corviknight|1\n|-damage|p1b: Corviknight|0 fnt\n|faint|p1b: Corviknight\n|-damage|p2a: Incineroar|79/100|[from] Recoil\n|move|p2b: Empoleon|Flash Cannon|p1a: Basculegion\n|-resisted|p1a: Basculegion|1\n|-damage|p1a: Basculegion|83/100\n|\n|-weather|Sandstorm|[upkeep]\n|-damage|p2a: Incineroar|73/100|[from] Sandstorm\n|-damage|p1a: Basculegion|77/100|[from] Sandstorm\n|-sideend|p1: Amukhan|move: Tailwind\n|upkeep\n|\n|t:|1776311778\n|switch|p1b: Tyranitar|Tyranitar, L50, M|100/100\n|turn|5\n|inactive|Amukhan has 30 seconds left.\n|inactive|Amukhan has 20 seconds left.\n|\n|t:|1776311814\n|move|p2a: Incineroar|Close Combat|p1b: Tyranitar\n|-supereffective|p1b: Tyranitar|2\n|-enditem|p1b: Tyranitar|Chople Berry|[eat]\n|-enditem|p1b: Tyranitar|Chople Berry|[weaken]\n|-damage|p1b: Tyranitar|42/100\n|-unboost|p2a: Incineroar|def|1\n|-unboost|p2a: Incineroar|spd|1\n|move|p2b: Empoleon|Iron Defense|p2b: Empoleon\n|-boost|p2b: Empoleon|def|2\n|move|p1b: Tyranitar|Dragon Dance|p1b: Tyranitar\n|-boost|p1b: Tyranitar|atk|1\n|-boost|p1b: Tyranitar|spe|1\n|move|p1a: Basculegion|Last Respects|p2b: Empoleon\n|-damage|p2b: Empoleon|53/100\n|\n|-weather|Sandstorm|[upkeep]\n|-damage|p2a: Incineroar|67/100|[from] Sandstorm\n|-damage|p1a: Basculegion|71/100|[from] Sandstorm\n|-heal|p2b: Empoleon|60/100|[from] item: Leftovers\n|-fieldend|move: Trick Room\n|upkeep\n|turn|6\n|inactive|Zolti148 has 30 seconds left.\n|\n|t:|1776311846\n|move|p1a: Basculegion|Last Respects|p2b: Empoleon\n|-damage|p2b: Empoleon|14/100\n|move|p1b: Tyranitar|Rock Slide|p2b: Empoleon|[spread] p2a,p2b\n|-supereffective|p2a: Incineroar|1\n|-resisted|p2b: Empoleon|1\n|-damage|p2a: Incineroar|0 fnt\n|-damage|p2b: Empoleon|2/100\n|faint|p2a: Incineroar\n|move|p2b: Empoleon|Flash Cannon|p1a: Basculegion\n|-resisted|p1a: Basculegion|1\n|-damage|p1a: Basculegion|55/100\n|-unboost|p1a: Basculegion|spd|1\n|\n|-weather|Sandstorm|[upkeep]\n|-damage|p1a: Basculegion|49/100|[from] Sandstorm\n|-heal|p2b: Empoleon|9/100|[from] item: Leftovers\n|upkeep\n|\n|t:|1776311859\n|switch|p2a: Farigiraf|Farigiraf, L50, F, shiny|100/100\n|turn|7\n|\n|t:|1776311872\n|move|p1a: Basculegion|Last Respects|p2b: Empoleon\n|-damage|p2b: Empoleon|0 fnt\n|faint|p2b: Empoleon\n|move|p1b: Tyranitar|Knock Off|p2a: Farigiraf\n|-supereffective|p2a: Farigiraf|1\n|-damage|p2a: Farigiraf|0 fnt\n|-enditem|p2a: Farigiraf|Chople Berry|[from] move: Knock Off|[of] p1b: Tyranitar\n|faint|p2a: Farigiraf\n|\n|-weather|none\n|upkeep\n|\n|t:|1776311878\n|switch|p2b: Gardevoir|Gardevoir-Mega, L50, M, shiny|26/100\n|turn|8\n|\n|t:|1776311889\n|move|p1a: Basculegion|Last Respects|p2b: Gardevoir\n|-supereffective|p2b: Gardevoir|1\n|-damage|p2b: Gardevoir|0 fnt\n|faint|p2b: Gardevoir\n|\n|win|Amukhan\n|raw|Amukhan's rating: 1100 &rarr; <strong>1129</strong><br />(+29 for winning)\n|raw|Zolti148's rating: 1150 &rarr; <strong>1121</strong><br />(-29 for losing)\n|l|\u2606Zolti148\n|player|p2|\n|c|\u2606Amukhan|Gg\n",
  "uploadtime": 1776311899,
  "views": 19,
  "formatid": "gen9championsvgc2026regma",
  "rating": 1121,
  "private": 0,
  "password": null
}