{
  "id": "gen9championsvgc2026regma-2584003900",
  "format": "[Gen 9 Champions] VGC 2026 Reg M-A",
  "players": [
    "ikerlit",
    "mithology2467"
  ],
  "log": "|j|\u2606ikerlit\n|j|\u2606mithology2467\n|t:|1776215905\n|gametype|doubles\n|player|p1|ikerlit|nate|1063\n|player|p2|mithology2467|caitlin|1077\n|gen|9\n|tier|[Gen 9 Champions] VGC 2026 Reg M-A\n|rated|\n|rule|Species Clause: Limit one of each Pok\u00e9mon\n|rule|Item Clause: Limit 1 of each item\n|clearpoke\n|poke|p1|Aegislash, L50, M|\n|poke|p1|Chandelure, L50, F|\n|poke|p1|Garchomp, L50, M|\n|poke|p1|Greninja-*, L50, M|\n|poke|p1|Sneasler, L50, M|\n|poke|p1|Politoed, L50, F|\n|poke|p2|Drampa, L50, M|\n|poke|p2|Zoroark-Hisui, L50, F|\n|poke|p2|Heliolisk, L50, M|\n|poke|p2|Sylveon, L50, F|\n|poke|p2|Hydreigon, L50, F|\n|poke|p2|Noivern, L50, F|\n|teampreview|4\n|inactive|Battle timer is ON: inactive players will automatically lose when time's up. (requested by mithology2467)\n|\n|t:|1776215922\n|teamsize|p1|4\n|teamsize|p2|4\n|start\n|switch|p1a: Geininja|Greninja, L50, M|100/100\n|switch|p1b: Aegislash|Aegislash, L50, M|100/100\n|switch|p2a: Heliolisk|Heliolisk, L50, M|100/100\n|switch|p2b: Sylveon|Sylveon, L50, F|100/100\n|turn|1\n|inactive|ikerlit has 30 seconds left.\n|\n|t:|1776215955\n|detailschange|p1a: Geininja|Greninja-Mega, L50, M\n|-mega|p1a: Geininja|Greninja|Greninjite\n|move|p1a: Geininja|Protect|p1a: Geininja\n|-start|p1a: Geininja|typechange|Normal|[from] ability: Protean\n|-singleturn|p1a: Geininja|Protect\n|move|p2b: Sylveon|Protect|p2b: Sylveon\n|-singleturn|p2b: Sylveon|Protect\n|move|p2a: Heliolisk|Volt Switch|p1a: Geininja\n|-activate|p1a: Geininja|move: Protect\n|-formechange|p1b: Aegislash|Aegislash-Blade|\n|move|p1b: Aegislash|Flash Cannon|p2b: Sylveon\n|-activate|p2b: Sylveon|move: Protect\n|\n|upkeep\n|turn|2\n|inactive|ikerlit has 30 seconds left.\n|inactive|mithology2467 has 30 seconds left.\n|\n|t:|1776215989\n|move|p2a: Heliolisk|Volt Switch|p1b: Aegislash\n|-damage|p1b: Aegislash|18/100\n|\n|t:|1776215995\n|switch|p2a: Noivern|Noivern, L50, F|100/100|[from] Volt Switch\n|-item|p1a: Geininja|Greninjite|[from] ability: Frisk|[of] p2a: Noivern\n|-item|p1b: Aegislash|Leftovers|[from] ability: Frisk|[of] p2a: Noivern\n|move|p1a: Geininja|Night Slash|p2a: Noivern\n|-damage|p2a: Noivern|69/100\n|move|p1b: Aegislash|Flash Cannon|p2b: Sylveon\n|-supereffective|p2b: Sylveon|1\n|-damage|p2b: Sylveon|34/100\n|move|p2b: Sylveon|Mystical Fire|p1b: Aegislash\n|-supereffective|p1b: Aegislash|1\n|-damage|p1b: Aegislash|0 fnt\n|faint|p1b: Aegislash\n|\n|upkeep\n|\n|t:|1776216013\n|switch|p1b: Rock slide|Garchomp, L50, M, shiny|100/100\n|turn|3\n|\n|t:|1776216031\n|move|p1a: Geininja|Dark Pulse|p2a: Noivern\n|-damage|p2a: Noivern|36/100\n|move|p2a: Noivern|Round|p1a: Geininja\n|-damage|p1a: Geininja|76/100\n|move|p2b: Sylveon|Round|p1b: Rock slide|[from] move: Round\n|-supereffective|p1b: Rock slide|1\n|-damage|p1b: Rock slide|0 fnt\n|faint|p1b: Rock slide\n|\n|upkeep\n|\n|t:|1776216042\n|switch|p1b: Sneasler|Sneasler, L50, M|100/100\n|-ability|p1b: Sneasler|Pressure\n|turn|4\n|inactive|mithology2467 has 30 seconds left.\n|\n|t:|1776216077\n|move|p2b: Sylveon|Protect|p2b: Sylveon\n|-singleturn|p2b: Sylveon|Protect\n|move|p1b: Sneasler|Fake Out|p2b: Sylveon\n|-activate|p2b: Sylveon|move: Protect\n|move|p1a: Geininja|Dark Pulse|p2a: Noivern\n|-damage|p2a: Noivern|5/100\n|move|p2a: Noivern|Draco Meteor|p1a: Geininja\n|-damage|p1a: Geininja|0 fnt\n|-unboost|p2a: Noivern|spa|2\n|faint|p1a: Geininja\n|\n|upkeep\n|turn|5\n|\n|t:|1776216100\n|move|p2a: Noivern|Draco Meteor|p1b: Sneasler\n|-damage|p1b: Sneasler|63/100\n|-unboost|p2a: Noivern|spa|2\n|move|p1b: Sneasler|Dire Claw|p2b: Sylveon\n|-supereffective|p2b: Sylveon|1\n|-damage|p2b: Sylveon|0 fnt\n|faint|p2b: Sylveon\n|\n|upkeep\n|\n|t:|1776216110\n|switch|p2b: Drampa|Drampa, L50, M|100/100\n|turn|6\n|\n|t:|1776216116\n|detailschange|p2b: Drampa|Drampa-Mega, L50, M\n|-mega|p2b: Drampa|Drampa|Drampanite\n|move|p2a: Noivern|Round|p1b: Sneasler\n|-damage|p1b: Sneasler|55/100\n|move|p2b: Drampa|Round|p1b: Sneasler|[from] move: Round\n|-damage|p1b: Sneasler|0 fnt\n|faint|p1b: Sneasler\n|\n|win|mithology2467\n|raw|ikerlit's rating: 1063 &rarr; <strong>1044</strong><br />(-19 for losing)\n|raw|mithology2467's rating: 1077 &rarr; <strong>1104</strong><br />(+27 for winning)\n",
  "uploadtime": 1776216124,
  "views": 18,
  "formatid": "gen9championsvgc2026regma",
  "rating": 1044,
  "private": 0,
  "password": null
}