{
  "id": "gen9championsvgc2026regma-2588918304",
  "format": "[Gen 9 Champions] VGC 2026 Reg M-A",
  "players": [
    "literallyreuben",
    "arayalex"
  ],
  "log": "|j|\u2606literallyreuben\n|j|\u2606arayalex\n|t:|1776685772\n|gametype|doubles\n|player|p1|literallyreuben|tuber|1052\n|player|p2|arayalex|102|1011\n|gen|9\n|tier|[Gen 9 Champions] VGC 2026 Reg M-A\n|rated|\n|rule|Species Clause: Limit one of each Pok\u00e9mon\n|rule|Item Clause: Limit 1 of each item\n|clearpoke\n|poke|p1|Venusaur, L50, M, shiny|\n|poke|p1|Incineroar, L50, M, shiny|\n|poke|p1|Whimsicott, L50, M, shiny|\n|poke|p1|Aggron, L50, F, shiny|\n|poke|p1|Rotom-Wash, L50, shiny|\n|poke|p1|Azumarill, L50, F, shiny|\n|poke|p2|Arcanine, L50, F|\n|poke|p2|Venusaur, L50, F|\n|poke|p2|Rotom-Wash, L50|\n|poke|p2|Garchomp, L50, F|\n|poke|p2|Whimsicott, L50, F|\n|poke|p2|Sableye, L50, F|\n|teampreview|4\n|inactive|Battle timer is ON: inactive players will automatically lose when time's up. (requested by literallyreuben)\n|\n|t:|1776685800\n|teamsize|p1|4\n|teamsize|p2|4\n|start\n|switch|p1a: Incineroar|Incineroar, L50, M, shiny|100/100\n|switch|p1b: Whimsicott|Whimsicott, L50, M, shiny|100/100\n|switch|p2a: Rotom|Rotom-Wash, L50|100/100\n|switch|p2b: Venusaur|Venusaur, L50, F|100/100\n|-ability|p1a: Incineroar|Intimidate|boost\n|-unboost|p2a: Rotom|atk|1\n|-unboost|p2b: Venusaur|atk|1\n|turn|1\n|\n|t:|1776685822\n|switch|p2a: Arcanine|Arcanine, L50, F|100/100\n|-ability|p2a: Arcanine|Intimidate|boost\n|-unboost|p1a: Incineroar|atk|1\n|-unboost|p1b: Whimsicott|atk|1\n|detailschange|p2b: Venusaur|Venusaur-Mega, L50, F\n|-mega|p2b: Venusaur|Venusaur|Venusaurite\n|move|p2b: Venusaur|Protect|p2b: Venusaur\n|-singleturn|p2b: Venusaur|Protect\n|move|p1a: Incineroar|Fake Out|p2a: Arcanine\n|-damage|p2a: Arcanine|91/100\n|move|p1b: Whimsicott|Trick Room|p1b: Whimsicott\n|-fieldstart|move: Trick Room|[of] p1b: Whimsicott\n|\n|upkeep\n|turn|2\n|inactive|literallyreuben has 30 seconds left.\n|inactive|arayalex has 30 seconds left.\n|inactive|arayalex has 20 seconds left.\n|\n|t:|1776685857\n|switch|p1a: Azumarill|Azumarill, L50, F, shiny|100/100\n|move|p2b: Venusaur|Leech Seed|p1a: Azumarill\n|-start|p1a: Azumarill|move: Leech Seed\n|move|p2a: Arcanine|Snarl|p1a: Azumarill|[spread] p1a,p1b\n|-resisted|p1a: Azumarill|1\n|-resisted|p1b: Whimsicott|1\n|-damage|p1a: Azumarill|95/100\n|-damage|p1b: Whimsicott|94/100\n|-unboost|p1a: Azumarill|spa|1\n|-unboost|p1b: Whimsicott|spa|1\n|move|p1b: Whimsicott|Moonblast|p2a: Arcanine\n|-resisted|p2a: Arcanine|1\n|-damage|p2a: Arcanine|80/100\n|\n|-damage|p1a: Azumarill|83/100|[from] Leech Seed|[of] p2b: Venusaur\n|upkeep\n|turn|3\n|\n|t:|1776685881\n|move|p1a: Azumarill|Ice Spinner|p2b: Venusaur\n|-supereffective|p2b: Venusaur|1\n|-damage|p2b: Venusaur|76/100\n|move|p2b: Venusaur|Sludge Bomb|p1b: Whimsicott\n|-supereffective|p1b: Whimsicott|2\n|-damage|p1b: Whimsicott|0 fnt\n|faint|p1b: Whimsicott\n|move|p2a: Arcanine|Will-O-Wisp|p1a: Azumarill\n|-status|p1a: Azumarill|brn\n|\n|-damage|p1a: Azumarill|71/100 brn|[from] Leech Seed|[of] p2b: Venusaur\n|-heal|p2b: Venusaur|89/100|[silent]\n|-damage|p1a: Azumarill|65/100 brn|[from] brn\n|upkeep\n|\n|t:|1776685898\n|switch|p1b: Aggron|Aggron, L50, F, shiny|100/100\n|turn|4\n|\n|t:|1776685919\n|detailschange|p1b: Aggron|Aggron-Mega, L50, F, shiny\n|-mega|p1b: Aggron|Aggron|Aggronite\n|move|p1b: Aggron|Iron Defense|p1b: Aggron\n|-boost|p1b: Aggron|def|2\n|move|p1a: Azumarill|Liquidation|p2a: Arcanine\n|-supereffective|p2a: Arcanine|1\n|-damage|p2a: Arcanine|9/100\n|-unboost|p2a: Arcanine|def|1\n|-enditem|p2a: Arcanine|Sitrus Berry|[eat]\n|-heal|p2a: Arcanine|33/100|[from] item: Sitrus Berry\n|move|p2b: Venusaur|Leech Seed|p1b: Aggron|[miss]\n|-miss|p2b: Venusaur|p1b: Aggron\n|move|p2a: Arcanine|Will-O-Wisp|p1b: Aggron\n|-status|p1b: Aggron|brn\n|\n|-damage|p1a: Azumarill|53/100 brn|[from] Leech Seed|[of] p2b: Venusaur\n|-heal|p2b: Venusaur|100/100|[silent]\n|-damage|p1b: Aggron|94/100 brn|[from] brn\n|-damage|p1a: Azumarill|47/100 brn|[from] brn\n|upkeep\n|turn|5\n|inactive|literallyreuben has 30 seconds left.\n|inactive|arayalex has 30 seconds left.\n|\n|t:|1776685949\n|switch|p2a: Rotom|Rotom-Wash, L50|100/100\n|move|p1b: Aggron|Heavy Slam|p2b: Venusaur\n|-crit|p2b: Venusaur\n|-damage|p2b: Venusaur|84/100\n|move|p1a: Azumarill|Liquidation|p2a: Rotom\n|-resisted|p2a: Rotom|1\n|-damage|p2a: Rotom|79/100\n|move|p2b: Venusaur|Leech Seed|p1b: Aggron\n|-start|p1b: Aggron|move: Leech Seed\n|\n|-damage|p1a: Azumarill|35/100 brn|[from] Leech Seed|[of] p2b: Venusaur\n|-heal|p2b: Venusaur|98/100|[silent]\n|-damage|p1b: Aggron|82/100 brn|[from] Leech Seed|[of] p2b: Venusaur\n|-heal|p2b: Venusaur|100/100|[silent]\n|-damage|p1a: Azumarill|29/100 brn|[from] brn\n|-damage|p1b: Aggron|76/100 brn|[from] brn\n|-fieldend|move: Trick Room\n|upkeep\n|turn|6\n|inactive|literallyreuben has 30 seconds left.\n|inactive|arayalex has 30 seconds left.\n|inactive|arayalex has 20 seconds left.\n|\n|t:|1776685987\n|move|p2a: Rotom|Volt Switch|p1b: Aggron\n|-damage|p1b: Aggron|32/100 brn\n|\n|t:|1776685992\n|switch|p2a: Arcanine|Arcanine, L50, F|33/100|[from] Volt Switch\n|-ability|p2a: Arcanine|Intimidate|boost\n|-unboost|p1a: Azumarill|atk|1\n|-unboost|p1b: Aggron|atk|1\n|move|p2b: Venusaur|Giga Drain|p1b: Aggron\n|-resisted|p1b: Aggron|1\n|-damage|p1b: Aggron|10/100 brn\n|move|p1b: Aggron|Iron Defense|p1b: Aggron\n|-boost|p1b: Aggron|def|2\n|move|p1a: Azumarill|Rain Dance|p1a: Azumarill\n|-weather|RainDance\n|\n|-weather|RainDance|[upkeep]\n|-damage|p1a: Azumarill|17/100 brn|[from] Leech Seed|[of] p2b: Venusaur\n|-damage|p1b: Aggron|0 fnt|[from] Leech Seed|[of] p2b: Venusaur\n|faint|p1b: Aggron\n|-damage|p1a: Azumarill|12/100 brn|[from] brn\n|upkeep\n|-message|literallyreuben forfeited.\n|\n|win|arayalex\n|raw|literallyreuben's rating: 1052 &rarr; <strong>1032</strong><br />(-20 for losing)\n|raw|arayalex's rating: 1011 &rarr; <strong>1054</strong><br />(+43 for winning)\n|l|\u2606literallyreuben\n|player|p1|\n",
  "uploadtime": 1776686015,
  "views": 9,
  "formatid": "gen9championsvgc2026regma",
  "rating": 1032,
  "private": 0,
  "password": null
}