{
  "id": "gen9championsvgc2026regma-2583338558",
  "format": "[Gen 9 Champions] VGC 2026 Reg M-A",
  "players": [
    "ava04\u2661",
    "vywxiwjxjwk"
  ],
  "log": "|j|\u2606ava04\u2661\n|j|\u2606vywxiwjxjwk\n|t:|1776168237\n|gametype|doubles\n|player|p1|ava04\u2661|lady-gen4|1182\n|player|p2|vywxiwjxjwk|n|1109\n|gen|9\n|tier|[Gen 9 Champions] VGC 2026 Reg M-A\n|rated|\n|rule|Species Clause: Limit one of each Pok\u00e9mon\n|rule|Item Clause: Limit 1 of each item\n|clearpoke\n|poke|p1|Delphox, L50, F|\n|poke|p1|Basculegion, L50, M|\n|poke|p1|Clefable, L50, F|\n|poke|p1|Kingambit, L50, F|\n|poke|p1|Dragonite, L50, M|\n|poke|p1|Sneasler, L50, M|\n|poke|p2|Sneasler, L50, F|\n|poke|p2|Floette-Eternal, L50, F|\n|poke|p2|Sinistcha, L50|\n|poke|p2|Meowstic, L50, M|\n|poke|p2|Krookodile, L50, M|\n|poke|p2|Farigiraf, L50, F|\n|teampreview|4\n|inactive|Battle timer is ON: inactive players will automatically lose when time's up. (requested by vywxiwjxjwk)\n|\n|t:|1776168325\n|teamsize|p1|4\n|teamsize|p2|4\n|start\n|switch|p1a: Delphox|Delphox, L50, F|100/100\n|switch|p1b: Kingambit|Kingambit, L50, F|100/100\n|switch|p2a: Sneasler|Sneasler, L50, F|100/100\n|switch|p2b: Krookodile|Krookodile, L50, M|100/100\n|-ability|p2b: Krookodile|Intimidate|boost\n|-unboost|p1a: Delphox|atk|1\n|-unboost|p1b: Kingambit|atk|1\n|-ability|p1b: Kingambit|Defiant|boost\n|-boost|p1b: Kingambit|atk|2\n|turn|1\n|inactive|vywxiwjxjwk has 30 seconds left.\n|\n|t:|1776168353\n|move|p1a: Delphox|Protect|p1a: Delphox\n|-singleturn|p1a: Delphox|Protect\n|move|p1b: Kingambit|Protect|p1b: Kingambit\n|-singleturn|p1b: Kingambit|Protect\n|move|p2a: Sneasler|Fake Out|p1a: Delphox\n|-activate|p1a: Delphox|move: Protect\n|move|p2b: Krookodile|High Horsepower|p1b: Kingambit\n|-activate|p1b: Kingambit|move: Protect\n|\n|upkeep\n|turn|2\n|inactive|vywxiwjxjwk has 30 seconds left.\n|\n|t:|1776168381\n|switch|p2a: Meowstic|Meowstic, L50, M|100/100\n|detailschange|p1a: Delphox|Delphox-Mega, L50, F\n|-mega|p1a: Delphox|Delphox|Delphoxite\n|move|p1b: Kingambit|Sucker Punch||[still]\n|-fail|p1b: Kingambit\n|move|p2b: Krookodile|High Horsepower|p1b: Kingambit\n|-supereffective|p1b: Kingambit|1\n|-damage|p1b: Kingambit|31/100\n|move|p1a: Delphox|Psychic|p2a: Meowstic\n|-resisted|p2a: Meowstic|1\n|-damage|p2a: Meowstic|74/100\n|\n|upkeep\n|turn|3\n|\n|t:|1776168405\n|switch|p1a: Clefable|Clefable, L50, F|100/100\n|move|p2a: Meowstic|Fake Out|p1a: Clefable\n|-damage|p1a: Clefable|96/100\n|move|p2b: Krookodile|High Horsepower|p1b: Kingambit\n|-supereffective|p1b: Kingambit|1\n|-damage|p1b: Kingambit|0 fnt\n|faint|p1b: Kingambit\n|\n|upkeep\n|\n|t:|1776168411\n|switch|p1b: Sneasler|Sneasler, L50, M|100/100\n|turn|4\n|inactive|vywxiwjxjwk has 30 seconds left.\n|inactive|vywxiwjxjwk has 20 seconds left.\n|\n|t:|1776168446\n|move|p1a: Clefable|Follow Me|p1a: Clefable\n|-singleturn|p1a: Clefable|move: Follow Me\n|move|p2a: Meowstic|Reflect|p2a: Meowstic\n|-sidestart|p2: vywxiwjxjwk|Reflect\n|move|p2b: Krookodile|High Horsepower|p1a: Clefable\n|-damage|p1a: Clefable|60/100\n|move|p1b: Sneasler|Close Combat|p2b: Krookodile\n|-supereffective|p2b: Krookodile|1\n|-damage|p2b: Krookodile|4/100\n|-unboost|p1b: Sneasler|def|1\n|-unboost|p1b: Sneasler|spd|1\n|\n|upkeep\n|turn|5\n|inactive|vywxiwjxjwk has 30 seconds left.\n|\n|t:|1776168474\n|switch|p2b: Sneasler|Sneasler, L50, F|100/100\n|switch|p2a: Farigiraf|Farigiraf, L50, F|100/100\n|move|p1b: Sneasler|Protect|p1b: Sneasler\n|-singleturn|p1b: Sneasler|Protect\n|move|p1a: Clefable|Moonblast|p2b: Sneasler\n|-damage|p2b: Sneasler|55/100\n|\n|upkeep\n|turn|6\n|inactive|vywxiwjxjwk has 30 seconds left.\n|\n|t:|1776168508\n|move|p1a: Clefable|Protect|p1a: Clefable\n|-singleturn|p1a: Clefable|Protect\n|move|p2b: Sneasler|Fake Out|p1a: Clefable\n|-activate|p1a: Clefable|move: Protect\n|move|p1b: Sneasler|Dire Claw|p2b: Sneasler\n|-resisted|p2b: Sneasler|1\n|-damage|p2b: Sneasler|32/100\n|-status|p2b: Sneasler|par\n|move|p2a: Farigiraf|Psychic|p1b: Sneasler\n|-supereffective|p1b: Sneasler|2\n|-enditem|p1b: Sneasler|Focus Sash\n|-damage|p1b: Sneasler|1/100\n|\n|upkeep\n|turn|7\n|inactive|vywxiwjxjwk has 30 seconds left.\n|inactive|vywxiwjxjwk has 20 seconds left.\n|\n|t:|1776168543\n|move|p2a: Farigiraf|Ally Switch|p2a: Farigiraf\n|swap|p2a: Farigiraf|1|[from] move: Ally Switch\n|move|p1a: Clefable|Follow Me|p1a: Clefable\n|-singleturn|p1a: Clefable|move: Follow Me\n|move|p1b: Sneasler|Close Combat|p2b: Farigiraf\n|-damage|p2b: Farigiraf|64/100\n|-unboost|p1b: Sneasler|def|1\n|-unboost|p1b: Sneasler|spd|1\n|move|p2a: Sneasler|Dire Claw|p1a: Clefable\n|-supereffective|p1a: Clefable|1\n|-damage|p1a: Clefable|0 fnt\n|faint|p1a: Clefable\n|\n|upkeep\n|\n|t:|1776168556\n|switch|p1a: Delphox|Delphox-Mega, L50, F|100/100\n|turn|8\n|inactive|vywxiwjxjwk has 30 seconds left.\n|\n|t:|1776168582\n|move|p1b: Sneasler|Close Combat|p2b: Farigiraf\n|-damage|p2b: Farigiraf|27/100\n|-unboost|p1b: Sneasler|def|1\n|-unboost|p1b: Sneasler|spd|1\n|move|p1a: Delphox|Heat Wave|p2b: Farigiraf|[spread] p2a,p2b\n|-damage|p2a: Sneasler|0 fnt\n|-damage|p2b: Farigiraf|0 fnt\n|faint|p2a: Sneasler\n|faint|p2b: Farigiraf\n|\n|-sideend|p2: vywxiwjxjwk|Reflect\n|upkeep\n|\n|t:|1776168589\n|switch|p2a: Meowstic|Meowstic, L50, M|74/100\n|switch|p2b: Krookodile|Krookodile, L50, M|4/100\n|-ability|p2b: Krookodile|Intimidate|boost\n|-unboost|p1a: Delphox|atk|1\n|-unboost|p1b: Sneasler|atk|1\n|turn|9\n|\n|t:|1776168611\n|move|p2a: Meowstic|Fake Out|p1b: Sneasler\n|-crit|p1b: Sneasler\n|-damage|p1b: Sneasler|0 fnt\n|faint|p1b: Sneasler\n|move|p2b: Krookodile|Rock Slide|p1a: Delphox\n|-supereffective|p1a: Delphox|1\n|-damage|p1a: Delphox|30/100\n|move|p1a: Delphox|Heat Wave|p2b: Krookodile|[spread] p2a\n|-miss|p1a: Delphox|p2b: Krookodile\n|-damage|p2a: Meowstic|26/100\n|\n|upkeep\n|turn|10\n|c|\u2606vywxiwjxjwk|gg\n|\n|t:|1776168632\n|move|p2a: Meowstic|Thunder Wave|p1a: Delphox\n|-status|p1a: Delphox|par\n|move|p2b: Krookodile|Rock Slide|p1a: Delphox\n|-supereffective|p1a: Delphox|1\n|-damage|p1a: Delphox|0 fnt\n|faint|p1a: Delphox\n|\n|win|vywxiwjxjwk\n|raw|ava04\u2661's rating: 1182 &rarr; <strong>1152</strong><br />(-30 for losing)\n|raw|vywxiwjxjwk's rating: 1109 &rarr; <strong>1139</strong><br />(+30 for winning)\n",
  "uploadtime": 1776168634,
  "views": 16,
  "formatid": "gen9championsvgc2026regma",
  "rating": 1139,
  "private": 0,
  "password": null
}