{
  "id": "gen9championsvgc2026regma-2584676903",
  "format": "[Gen 9 Champions] VGC 2026 Reg M-A",
  "players": [
    "drake78976",
    "santiagjsmrmolpal"
  ],
  "log": "|j|\u2606drake78976\n|j|\u2606santiagjsmrmolpal\n|t:|1776276147\n|gametype|doubles\n|player|p1|drake78976|li|1135\n|player|p2|santiagjsmrmolpal|169|1045\n|gen|9\n|tier|[Gen 9 Champions] VGC 2026 Reg M-A\n|rated|\n|rule|Species Clause: Limit one of each Pok\u00e9mon\n|rule|Item Clause: Limit 1 of each item\n|clearpoke\n|poke|p1|Aggron, L50, F|\n|poke|p1|Primarina, L50, M|\n|poke|p1|Hydreigon, L50, F|\n|poke|p1|Sinistcha, L50|\n|poke|p1|Glimmora, L50, M|\n|poke|p1|Farigiraf, L50, F|\n|poke|p2|Dragonite, L50, M|\n|poke|p2|Pelipper, L50, M|\n|poke|p2|Primarina, L50, M|\n|poke|p2|Archaludon, L50, M|\n|poke|p2|Sneasler, L50, F|\n|poke|p2|Excadrill, L50, M|\n|teampreview|4\n|\n|t:|1776276179\n|teamsize|p1|4\n|teamsize|p2|4\n|start\n|switch|p1a: Hydreigon|Hydreigon, L50, F|100/100\n|switch|p1b: Farigiraf|Farigiraf, L50, F|100/100\n|switch|p2a: Pelipper|Pelipper, L50, M|100/100\n|switch|p2b: Primarina|Primarina, L50, M|100/100\n|-weather|RainDance|[from] ability: Drizzle|[of] p2a: Pelipper\n|turn|1\n|\n|t:|1776276211\n|switch|p1a: Primarina|Primarina, L50, M|100/100\n|move|p2a: Pelipper|Tailwind|p2a: Pelipper\n|-sidestart|p2: santiagjsmrmolpal|move: Tailwind\n|move|p2b: Primarina|Hyper Voice|p1a: Primarina|[spread] p1a,p1b\n|-resisted|p1a: Primarina|1\n|-damage|p1a: Primarina|76/100\n|-damage|p1b: Farigiraf|55/100\n|move|p1b: Farigiraf|Trick Room|p1b: Farigiraf\n|-fieldstart|move: Trick Room|[of] p1b: Farigiraf\n|\n|-weather|RainDance|[upkeep]\n|upkeep\n|turn|2\n|\n|t:|1776276237\n|switch|p2b: Archaludon|Archaludon, L50, M|100/100\n|move|p1a: Primarina|Hyper Voice|p2a: Pelipper|[spread] p2a,p2b\n|-resisted|p2a: Pelipper|1\n|-resisted|p2b: Archaludon|1\n|-damage|p2a: Pelipper|52/100\n|-damage|p2b: Archaludon|58/100\n|-ability|p2b: Archaludon|Stamina|boost\n|-boost|p2b: Archaludon|def|1\n|move|p1b: Farigiraf|Light Screen|p1b: Farigiraf\n|-sidestart|p1: drake78976|move: Light Screen\n|move|p2a: Pelipper|Hurricane|p1b: Farigiraf\n|-damage|p1b: Farigiraf|28/100\n|-enditem|p1b: Farigiraf|Sitrus Berry|[eat]\n|-heal|p1b: Farigiraf|52/100|[from] item: Sitrus Berry\n|\n|-weather|RainDance|[upkeep]\n|upkeep\n|turn|3\n|\n|t:|1776276267\n|move|p1b: Farigiraf|Psychic|p2a: Pelipper\n|-damage|p2a: Pelipper|0 fnt\n|faint|p2a: Pelipper\n|move|p1a: Primarina|Moonblast|p2b: Archaludon\n|-damage|p2b: Archaludon|0 fnt\n|faint|p2b: Archaludon\n|\n|-weather|RainDance|[upkeep]\n|upkeep\n|\n|t:|1776276276\n|switch|p2a: Primarina|Primarina, L50, M|100/100\n|switch|p2b: Excadrill|Excadrill, L50, M|100/100\n|-ability|p2b: Excadrill|Mold Breaker\n|turn|4\n|\n|t:|1776276289\n|move|p1b: Farigiraf|Helping Hand|p1a: Primarina\n|-singleturn|p1a: Primarina|Helping Hand|[of] p1b: Farigiraf\n|move|p1a: Primarina|Hyper Voice|p2a: Primarina|[spread] p2a,p2b\n|-resisted|p2a: Primarina|1\n|-supereffective|p2b: Excadrill|1\n|-damage|p2a: Primarina|57/100\n|-damage|p2b: Excadrill|0 fnt\n|faint|p2b: Excadrill\n|move|p2a: Primarina|Moonblast|p1b: Farigiraf\n|-damage|p1b: Farigiraf|28/100\n|\n|-weather|RainDance|[upkeep]\n|-heal|p2a: Primarina|63/100|[from] item: Leftovers\n|-sideend|p2: santiagjsmrmolpal|move: Tailwind\n|upkeep\n|turn|5\n|\n|t:|1776276310\n|move|p1b: Farigiraf|Psychic|p2a: Primarina\n|-damage|p2a: Primarina|34/100\n|move|p1a: Primarina|Moonblast|p2a: Primarina\n|-damage|p2a: Primarina|0 fnt\n|faint|p2a: Primarina\n|\n|win|drake78976\n|raw|drake78976's rating: 1135 &rarr; <strong>1154</strong><br />(+19 for winning)\n|raw|santiagjsmrmolpal's rating: 1045 &rarr; <strong>1032</strong><br />(-13 for losing)\n|l|\u2606santiagjsmrmolpal\n|player|p2|\n",
  "uploadtime": 1776276318,
  "views": 19,
  "formatid": "gen9championsvgc2026regma",
  "rating": 1032,
  "private": 0,
  "password": null
}