{
  "id": "gen9championsvgc2026regma-2584826707",
  "format": "[Gen 9 Champions] VGC 2026 Reg M-A",
  "players": [
    "jamedi",
    "SinnerG"
  ],
  "log": "|j|\u2606jamedi\n|j|\u2606SinnerG\n|t:|1776286644\n|gametype|doubles\n|player|p1|jamedi|2|1081\n|player|p2|SinnerG|gentleman-gen4|1139\n|gen|9\n|tier|[Gen 9 Champions] VGC 2026 Reg M-A\n|rated|\n|rule|Species Clause: Limit one of each Pok\u00e9mon\n|rule|Item Clause: Limit 1 of each item\n|clearpoke\n|poke|p1|Pelipper, L50, F|\n|poke|p1|Incineroar, L50, F|\n|poke|p1|Dragonite, L50, M|\n|poke|p1|Basculegion, L50, M|\n|poke|p1|Rotom-Wash, L50|\n|poke|p1|Palafin, L50, M|\n|poke|p2|Feraligatr, L50, M|\n|poke|p2|Pelipper, L50, M|\n|poke|p2|Archaludon, L50, F|\n|poke|p2|Maushold-Four, L50|\n|poke|p2|Basculegion, L50, M|\n|poke|p2|Altaria, L50, F|\n|teampreview|4\n|inactive|Battle timer is ON: inactive players will automatically lose when time's up. (requested by SinnerG)\n|inactive|jamedi also wants the timer to be on.\n|\n|t:|1776286667\n|teamsize|p1|4\n|teamsize|p2|4\n|start\n|switch|p1a: Pelipper|Pelipper, L50, F|100/100\n|switch|p1b: Rotom|Rotom-Wash, L50|100/100\n|switch|p2a: Chef|Feraligatr, L50, M|100/100\n|switch|p2b: Toilet|Pelipper, L50, M|100/100\n|-weather|RainDance|[from] ability: Drizzle|[of] p1a: Pelipper\n|turn|1\n|\n|t:|1776286686\n|detailschange|p2a: Chef|Feraligatr-Mega, L50, M\n|-mega|p2a: Chef|Feraligatr|Feraligite\n|move|p1b: Rotom|Thunder|p2b: Toilet\n|-supereffective|p2b: Toilet|2\n|-enditem|p2b: Toilet|Focus Sash\n|-damage|p2b: Toilet|1/100\n|move|p1a: Pelipper|Tailwind|p1a: Pelipper\n|-sidestart|p1: jamedi|move: Tailwind\n|move|p2b: Toilet|Tailwind|p2b: Toilet\n|-sidestart|p2: SinnerG|move: Tailwind\n|move|p2a: Chef|Dragon Dance|p2a: Chef\n|-boost|p2a: Chef|atk|1\n|-boost|p2a: Chef|spe|1\n|\n|-weather|RainDance|[upkeep]\n|upkeep\n|turn|2\n|\n|t:|1776286709\n|move|p2b: Toilet|Protect|p2b: Toilet\n|-singleturn|p2b: Toilet|Protect\n|move|p1a: Pelipper|Protect|p1a: Pelipper\n|-singleturn|p1a: Pelipper|Protect\n|move|p1b: Rotom|Volt Switch|p2a: Chef\n|-damage|p2a: Chef|69/100\n|\n|t:|1776286719\n|switch|p1b: Palafin|Palafin, L50, M|100/100|[from] Volt Switch\n|move|p2a: Chef|Double-Edge|p1b: Palafin\n|-damage|p1b: Palafin|0 fnt\n|faint|p1b: Palafin\n|-damage|p2a: Chef|39/100|[from] Recoil\n|\n|-weather|RainDance|[upkeep]\n|upkeep\n|\n|t:|1776286728\n|switch|p1b: Rotom|Rotom-Wash, L50|100/100\n|turn|3\n|\n|t:|1776286742\n|move|p1b: Rotom|Thunder|p2a: Chef\n|-damage|p2a: Chef|0 fnt\n|faint|p2a: Chef\n|move|p2b: Toilet|Hurricane|p1a: Pelipper\n|-damage|p1a: Pelipper|36/100\n|-enditem|p1a: Pelipper|Sitrus Berry|[eat]\n|-heal|p1a: Pelipper|60/100|[from] item: Sitrus Berry\n|move|p1a: Pelipper|Weather Ball|p2b: Toilet\n|-resisted|p2b: Toilet|1\n|-damage|p2b: Toilet|0 fnt\n|faint|p2b: Toilet\n|\n|-weather|RainDance|[upkeep]\n|upkeep\n|\n|t:|1776286755\n|switch|p2b: SousChef|Archaludon, L50, F|100/100\n|switch|p2a: Dish|Basculegion, L50, M|100/100\n|turn|4\n|\n|t:|1776286773\n|move|p1a: Pelipper|Protect|p1a: Pelipper\n|-singleturn|p1a: Pelipper|Protect\n|move|p2a: Dish|Last Respects|p1b: Rotom\n|-damage|p1b: Rotom|0 fnt\n|faint|p1b: Rotom\n|move|p2b: SousChef|Electro Shot||[still]\n|-prepare|p2b: SousChef|Electro Shot\n|-boost|p2b: SousChef|spa|1\n|-anim|p2b: SousChef|Electro Shot|p1a: Pelipper\n|-activate|p1a: Pelipper|move: Protect\n|\n|-weather|RainDance|[upkeep]\n|-sideend|p2: SinnerG|move: Tailwind\n|-sideend|p1: jamedi|move: Tailwind\n|upkeep\n|\n|t:|1776286785\n|switch|p1b: Dragonite|Dragonite, L50, M|100/100\n|turn|5\n|\n|t:|1776286797\n|detailschange|p1b: Dragonite|Dragonite-Mega, L50, M\n|-mega|p1b: Dragonite|Dragonite|Dragoninite\n|move|p2a: Dish|Last Respects|p1b: Dragonite\n|-damage|p1b: Dragonite|63/100\n|move|p2b: SousChef|Electro Shot||[still]\n|-prepare|p2b: SousChef|Electro Shot\n|-boost|p2b: SousChef|spa|1\n|-anim|p2b: SousChef|Electro Shot|p1a: Pelipper\n|-supereffective|p1a: Pelipper|2\n|-damage|p1a: Pelipper|0 fnt\n|faint|p1a: Pelipper\n|move|p1b: Dragonite|Draco Meteor|p2b: SousChef\n|-damage|p2b: SousChef|0 fnt\n|-unboost|p1b: Dragonite|spa|2\n|faint|p2b: SousChef\n|\n|-weather|none\n|upkeep\n|turn|6\n|\n|t:|1776286818\n|move|p1b: Dragonite|Protect|p1b: Dragonite\n|-singleturn|p1b: Dragonite|Protect\n|move|p2a: Dish|Last Respects|p1b: Dragonite\n|-activate|p1b: Dragonite|move: Protect\n|\n|upkeep\n|turn|7\n|\n|t:|1776286828\n|move|p1b: Dragonite|Hurricane|p2a: Dish\n|-damage|p2a: Dish|63/100\n|-start|p2a: Dish|confusion\n|-activate|p2a: Dish|confusion\n|move|p2a: Dish|Last Respects|p1b: Dragonite\n|-damage|p1b: Dragonite|0 fnt\n|faint|p1b: Dragonite\n|\n|win|SinnerG\n|raw|jamedi's rating: 1081 &rarr; <strong>1063</strong><br />(-18 for losing)\n|raw|SinnerG's rating: 1139 &rarr; <strong>1160</strong><br />(+21 for winning)\n|l|\u2606jamedi\n|player|p1|\n",
  "uploadtime": 1776286844,
  "views": 21,
  "formatid": "gen9championsvgc2026regma",
  "rating": 1063,
  "private": 0,
  "password": null
}