{
  "id": "gen9championsvgc2026regma-2581088234",
  "format": "[Gen 9 Champions] VGC 2026 Reg M-A",
  "players": [
    "freddyfef954260",
    "loklastaji"
  ],
  "log": "|j|\u2606freddyfef954260\n|j|\u2606loklastaji\n|t:|1775958715\n|gametype|doubles\n|player|p1|freddyfef954260|blue|1090\n|player|p2|loklastaji|101|1148\n|gen|9\n|tier|[Gen 9 Champions] VGC 2026 Reg M-A\n|rated|\n|rule|Species Clause: Limit one of each Pok\u00e9mon\n|rule|Item Clause: Limit 1 of each item\n|clearpoke\n|poke|p1|Incineroar, L50, M|\n|poke|p1|Corviknight, L50, F|\n|poke|p1|Rotom-Wash, L50|\n|poke|p1|Charizard, L50, F|\n|poke|p1|Venusaur, L50, M|\n|poke|p1|Garchomp, L50, F|\n|poke|p2|Samurott-Hisui, L50, M|\n|poke|p2|Mamoswine, L50, F|\n|poke|p2|Delphox, L50, F|\n|poke|p2|Clefable, L50, M|\n|poke|p2|Corviknight, L50, F|\n|poke|p2|Dragonite, L50, F|\n|teampreview|4\n|\n|t:|1775958754\n|teamsize|p1|4\n|teamsize|p2|4\n|start\n|switch|p1a: Incineroar|Incineroar, L50, M|100/100\n|switch|p1b: Garchomp|Garchomp, L50, F|100/100\n|switch|p2a: Clefable|Clefable, L50, M|100/100\n|switch|p2b: Mamoswine|Mamoswine, L50, F|100/100\n|-ability|p1a: Incineroar|Intimidate|boost\n|-unboost|p2a: Clefable|atk|1\n|-fail|p2b: Mamoswine|unboost|Attack|[from] ability: Oblivious|[of] p2b: Mamoswine\n|turn|1\n|\n|t:|1775958783\n|switch|p1b: Charizard|Charizard, L50, F|100/100\n|move|p1a: Incineroar|Fake Out|p2a: Clefable\n|-damage|p2a: Clefable|88/100\n|move|p2b: Mamoswine|Ice Shard|p1b: Charizard\n|-damage|p1b: Charizard|71/100\n|cant|p2a: Clefable|flinch\n|\n|upkeep\n|turn|2\n|\n|t:|1775958805\n|switch|p2b: Dragonite|Dragonite, L50, F|100/100\n|switch|p2a: Delphox|Delphox, L50, F|100/100\n|detailschange|p1b: Charizard|Charizard-Mega-Y, L50, F\n|-mega|p1b: Charizard|Charizard|Charizardite Y\n|-weather|SunnyDay|[from] ability: Drought|[of] p1b: Charizard\n|move|p1b: Charizard|Heat Wave|p2b: Dragonite|[spread] p2a\n|-miss|p1b: Charizard|p2b: Dragonite\n|-resisted|p2a: Delphox|1\n|-damage|p2a: Delphox|60/100\n|move|p1a: Incineroar|Parting Shot|p2b: Dragonite\n|-unboost|p2b: Dragonite|atk|1\n|-unboost|p2b: Dragonite|spa|1\n|\n|t:|1775958821\n|switch|p1a: Rotom|Rotom-Wash, L50|100/100|[from] Parting Shot\n|\n|-weather|SunnyDay|[upkeep]\n|upkeep\n|turn|3\n|\n|t:|1775958852\n|switch|p2b: Clefable|Clefable, L50, M|88/100\n|detailschange|p2a: Delphox|Delphox-Mega, L50, F\n|-mega|p2a: Delphox|Delphox|Delphoxite\n|move|p1b: Charizard|Protect|p1b: Charizard\n|-singleturn|p1b: Charizard|Protect\n|move|p2a: Delphox|Grass Knot|p1a: Rotom\n|-supereffective|p1a: Rotom|1\n|-damage|p1a: Rotom|84/100\n|move|p1a: Rotom|Will-O-Wisp|p2b: Clefable\n|-status|p2b: Clefable|brn\n|-enditem|p2b: Clefable|Lum Berry|[eat]\n|-curestatus|p2b: Clefable|brn|[msg]\n|\n|-weather|SunnyDay|[upkeep]\n|upkeep\n|turn|4\n|\n|t:|1775958887\n|switch|p1b: Incineroar|Incineroar, L50, M|100/100\n|-ability|p1b: Incineroar|Intimidate|boost\n|-unboost|p2a: Delphox|atk|1\n|-unboost|p2b: Clefable|atk|1\n|move|p2a: Delphox|Psychic|p1a: Rotom\n|-damage|p1a: Rotom|27/100\n|-enditem|p1a: Rotom|Sitrus Berry|[eat]\n|-heal|p1a: Rotom|52/100|[from] item: Sitrus Berry\n|move|p1a: Rotom|Volt Switch|p2a: Delphox\n|-damage|p2a: Delphox|32/100\n|\n|t:|1775958899\n|switch|p1a: Charizard|Charizard-Mega-Y, L50, F|71/100|[from] Volt Switch\n|move|p2b: Clefable|Moonblast|p1a: Charizard\n|-resisted|p1a: Charizard|1\n|-damage|p1a: Charizard|50/100\n|-unboost|p1a: Charizard|spa|1\n|\n|-weather|SunnyDay|[upkeep]\n|upkeep\n|turn|5\n|\n|t:|1775958925\n|move|p2a: Delphox|Protect|p2a: Delphox\n|-singleturn|p2a: Delphox|Protect\n|move|p1b: Incineroar|Fake Out|p2a: Delphox\n|-activate|p2a: Delphox|move: Protect\n|move|p1a: Charizard|Heat Wave|p2a: Delphox|[spread] p2b\n|-activate|p2a: Delphox|move: Protect\n|-damage|p2b: Clefable|29/100\n|move|p2b: Clefable|Moonblast|p1b: Incineroar\n|-damage|p1b: Incineroar|61/100\n|\n|-weather|SunnyDay|[upkeep]\n|upkeep\n|turn|6\n|\n|t:|1775958977\n|move|p1a: Charizard|Protect|p1a: Charizard\n|-singleturn|p1a: Charizard|Protect\n|move|p2a: Delphox|Psychic|p1a: Charizard\n|-activate|p1a: Charizard|move: Protect\n|move|p1b: Incineroar|Throat Chop|p2a: Delphox\n|-supereffective|p2a: Delphox|1\n|-damage|p2a: Delphox|0 fnt\n|faint|p2a: Delphox\n|move|p2b: Clefable|Moonblast|p1b: Incineroar\n|-damage|p1b: Incineroar|17/100\n|-unboost|p1b: Incineroar|spa|1\n|\n|-weather|none\n|upkeep\n|\n|t:|1775958992\n|switch|p2a: Mamoswine|Mamoswine, L50, F|100/100\n|turn|7\n|\n|t:|1775959004\n|switch|p1a: Rotom|Rotom-Wash, L50|52/100\n|switch|p2b: Dragonite|Dragonite, L50, F|100/100\n|move|p2a: Mamoswine|Rock Slide|p1b: Incineroar|[spread] p1a,p1b\n|-supereffective|p1b: Incineroar|1\n|-damage|p1a: Rotom|36/100\n|-damage|p1b: Incineroar|0 fnt\n|faint|p1b: Incineroar\n|\n|upkeep\n|\n|t:|1775959017\n|switch|p1b: Charizard|Charizard-Mega-Y, L50, F|50/100\n|-weather|SunnyDay|[from] ability: Drought|[of] p1b: Charizard\n|turn|8\n|\n|t:|1775959044\n|move|p2a: Mamoswine|Rock Slide|p1b: Charizard|[spread] p1a,p1b\n|-supereffective|p1b: Charizard|2\n|-damage|p1a: Rotom|18/100\n|-damage|p1b: Charizard|0 fnt\n|faint|p1b: Charizard\n|move|p2b: Dragonite|Thunderbolt|p1a: Rotom\n|-damage|p1a: Rotom|0 fnt\n|faint|p1a: Rotom\n|\n|-weather|SunnyDay|[upkeep]\n|upkeep\n|\n|t:|1775959056\n|switch|p1b: Garchomp|Garchomp, L50, F|100/100\n|turn|9\n|-message|freddyfef954260 forfeited.\n|\n|win|loklastaji\n|raw|freddyfef954260's rating: 1090 &rarr; <strong>1070</strong><br />(-20 for losing)\n|raw|loklastaji's rating: 1148 &rarr; <strong>1169</strong><br />(+21 for winning)\n",
  "uploadtime": 1775959070,
  "views": 12,
  "formatid": "gen9championsvgc2026regma",
  "rating": 1070,
  "private": 0,
  "password": null
}