{
  "id": "gen9championsvgc2026regma-2584875627",
  "format": "[Gen 9 Champions] VGC 2026 Reg M-A",
  "players": [
    "drackmast",
    "CrushforceX"
  ],
  "log": "|j|\u2606drackmast\n|j|\u2606CrushforceX\n|t:|1776290661\n|gametype|doubles\n|player|p1|drackmast|veteran|1093\n|player|p2|CrushforceX|psychic|1138\n|gen|9\n|tier|[Gen 9 Champions] VGC 2026 Reg M-A\n|rated|\n|rule|Species Clause: Limit one of each Pok\u00e9mon\n|rule|Item Clause: Limit 1 of each item\n|clearpoke\n|poke|p1|Pelipper, L50, M|\n|poke|p1|Incineroar, L50, F|\n|poke|p1|Archaludon, L50, F|\n|poke|p1|Sinistcha-Masterpiece, L50|\n|poke|p1|Kingambit, L50, M|\n|poke|p1|Milotic, L50, M|\n|poke|p2|Excadrill, L50, M|\n|poke|p2|Tyranitar, L50, M|\n|poke|p2|Sinistcha, L50|\n|poke|p2|Gyarados, L50, F|\n|poke|p2|Mamoswine, L50, F|\n|poke|p2|Torkoal, L50, F|\n|teampreview|4\n|inactive|Battle timer is ON: inactive players will automatically lose when time's up. (requested by CrushforceX)\n|inactive|drackmast also wants the timer to be on.\n|inactive|CrushforceX has 60 seconds left.\n|inactive|CrushforceX has 30 seconds left.\n|inactive|CrushforceX has 20 seconds left.\n|inactive|CrushforceX has 15 seconds left.\n|\n|t:|1776290740\n|teamsize|p1|4\n|teamsize|p2|4\n|start\n|switch|p1a: ALEXA|Milotic, L50, M, shiny|100/100\n|switch|p1b: Moustake|Kingambit, L50, M, shiny|100/100\n|switch|p2a: Mamoswine|Mamoswine, L50, F|100/100\n|switch|p2b: Sinistcha|Sinistcha, L50|100/100\n|turn|1\n|inactive|CrushforceX has 30 seconds left.\n|inactive|CrushforceX has 20 seconds left.\n|inactive|CrushforceX has 15 seconds left.\n|inactive|CrushforceX has 10 seconds left.\n|\n|t:|1776290786\n|move|p1b: Moustake|Protect|p1b: Moustake\n|-singleturn|p1b: Moustake|Protect\n|move|p2a: Mamoswine|Dig||[still]\n|-prepare|p2a: Mamoswine|Dig\n|move|p1a: ALEXA|Hypnosis|p2b: Sinistcha\n|-status|p2b: Sinistcha|slp|[from] move: Hypnosis\n|cant|p2b: Sinistcha|slp\n|\n|upkeep\n|turn|2\n|inactive|CrushforceX has 30 seconds left.\n|\n|t:|1776290814\n|switch|p1b: Don marisco|Pelipper, L50, M, shiny|100/100\n|-weather|RainDance|[from] ability: Drizzle|[of] p1b: Don marisco\n|move|p2a: Mamoswine|Dig|p1b: Don marisco|[from] lockedmove\n|-immune|p1b: Don marisco\n|move|p1a: ALEXA|Muddy Water|p2a: Mamoswine|[spread] p2a\n|-miss|p1a: ALEXA|p2b: Sinistcha\n|-supereffective|p2a: Mamoswine|1\n|-damage|p2a: Mamoswine|0 fnt\n|faint|p2a: Mamoswine\n|cant|p2b: Sinistcha|slp\n|\n|-weather|RainDance|[upkeep]\n|upkeep\n|\n|t:|1776290821\n|switch|p2a: Tyranitar|Tyranitar, L50, M|100/100\n|-weather|Sandstorm|[from] ability: Sand Stream|[of] p2a: Tyranitar\n|turn|3\n|inactive|CrushforceX has 30 seconds left.\n|inactive|CrushforceX has 20 seconds left.\n|\n|t:|1776290861\n|switch|p1b: El tikre|Incineroar, L50, F, shiny|100/100\n|-ability|p1b: El tikre|Intimidate|boost\n|-unboost|p2a: Tyranitar|atk|1\n|-unboost|p2b: Sinistcha|atk|1\n|move|p2a: Tyranitar|Protect|p2a: Tyranitar\n|-singleturn|p2a: Tyranitar|Protect\n|move|p1a: ALEXA|Ice Beam|p2b: Sinistcha\n|-supereffective|p2b: Sinistcha|1\n|-damage|p2b: Sinistcha|33/100 slp\n|-curestatus|p2b: Sinistcha|slp|[msg]\n|move|p2b: Sinistcha|Trick Room|p2b: Sinistcha\n|-fieldstart|move: Trick Room|[of] p2b: Sinistcha\n|\n|-weather|Sandstorm|[upkeep]\n|-damage|p1b: El tikre|95/100|[from] Sandstorm\n|-damage|p2b: Sinistcha|27/100|[from] Sandstorm\n|-damage|p1a: ALEXA|95/100|[from] Sandstorm\n|upkeep\n|turn|4\n|inactive|drackmast has 30 seconds left.\n|inactive|CrushforceX has 30 seconds left.\n|inactive|CrushforceX has 20 seconds left.\n|\n|t:|1776290897\n|detailschange|p2a: Tyranitar|Tyranitar-Mega, L50, M\n|-mega|p2a: Tyranitar|Tyranitar|Tyranitarite\n|move|p1b: El tikre|Fake Out|p2a: Tyranitar\n|-resisted|p2a: Tyranitar|1\n|-damage|p2a: Tyranitar|96/100\n|move|p2b: Sinistcha|Pain Split|p1a: ALEXA\n|-sethp|p1a: ALEXA|58/100|[from] move: Pain Split|[silent]\n|-sethp|p2b: Sinistcha|72/100|[from] move: Pain Split\n|cant|p2a: Tyranitar|flinch\n|move|p1a: ALEXA|Ice Beam|p2b: Sinistcha\n|-supereffective|p2b: Sinistcha|1\n|-damage|p2b: Sinistcha|11/100\n|\n|-weather|Sandstorm|[upkeep]\n|-damage|p1b: El tikre|89/100|[from] Sandstorm\n|-damage|p2b: Sinistcha|5/100|[from] Sandstorm\n|-damage|p1a: ALEXA|52/100|[from] Sandstorm\n|upkeep\n|turn|5\n|inactive|drackmast has 30 seconds left.\n|\n|t:|1776290924\n|move|p1b: El tikre|Flare Blitz|p2b: Sinistcha\n|-supereffective|p2b: Sinistcha|1\n|-damage|p2b: Sinistcha|0 fnt\n|faint|p2b: Sinistcha\n|-damage|p1b: El tikre|88/100|[from] Recoil\n|move|p2a: Tyranitar|Rock Slide|p1a: ALEXA|[spread] p1a,p1b\n|-supereffective|p1b: El tikre|1\n|-damage|p1a: ALEXA|23/100\n|-damage|p1b: El tikre|42/100\n|-enditem|p1b: El tikre|Sitrus Berry|[eat]\n|-heal|p1b: El tikre|67/100|[from] item: Sitrus Berry\n|cant|p1a: ALEXA|flinch\n|\n|-weather|Sandstorm|[upkeep]\n|-damage|p1b: El tikre|61/100|[from] Sandstorm\n|-damage|p1a: ALEXA|17/100|[from] Sandstorm\n|upkeep\n|\n|t:|1776290936\n|switch|p2b: Torkoal|Torkoal, L50, F|100/100\n|-weather|SunnyDay|[from] ability: Drought|[of] p2b: Torkoal\n|turn|6\n|\n|t:|1776290957\n|switch|p1b: Don marisco|Pelipper, L50, M, shiny|100/100\n|-weather|RainDance|[from] ability: Drizzle|[of] p1b: Don marisco\n|move|p2b: Torkoal|Earth Power|p1b: Don marisco\n|-immune|p1b: Don marisco\n|move|p2a: Tyranitar|Rock Slide|p1a: ALEXA|[spread] p1a,p1b\n|-supereffective|p1b: Don marisco|1\n|-damage|p1a: ALEXA|0 fnt\n|-damage|p1b: Don marisco|45/100\n|faint|p1a: ALEXA\n|\n|-weather|RainDance|[upkeep]\n|upkeep\n|\n|t:|1776290969\n|switch|p1a: Moustake|Kingambit, L50, M, shiny|100/100\n|turn|7\n|inactive|CrushforceX has 30 seconds left.\n|inactive|CrushforceX has 20 seconds left.\n|\n|t:|1776291005\n|move|p1a: Moustake|Protect|p1a: Moustake\n|-singleturn|p1a: Moustake|Protect\n|move|p2b: Torkoal|Earth Power|p1a: Moustake\n|-activate|p1a: Moustake|move: Protect\n|move|p2a: Tyranitar|Low Kick|p1a: Moustake\n|-activate|p1a: Moustake|move: Protect\n|move|p1b: Don marisco|Tailwind|p1b: Don marisco\n|-sidestart|p1: drackmast|move: Tailwind\n|\n|-weather|RainDance|[upkeep]\n|-fieldend|move: Trick Room\n|upkeep\n|turn|8\n|inactive|CrushforceX has 30 seconds left.\n|inactive|CrushforceX has 20 seconds left.\n|-activate|p2b: Torkoal|item: Quick Claw\n|\n|t:|1776291044\n|move|p2a: Tyranitar|Protect|p2a: Tyranitar\n|-singleturn|p2a: Tyranitar|Protect\n|move|p2b: Torkoal|Yawn|p1a: Moustake\n|-start|p1a: Moustake|move: Yawn|[of] p2b: Torkoal\n|move|p1b: Don marisco|Weather Ball|p2b: Torkoal\n|-supereffective|p2b: Torkoal|1\n|-damage|p2b: Torkoal|0 fnt\n|faint|p2b: Torkoal\n|move|p1a: Moustake|Low Kick|p2a: Tyranitar\n|-activate|p2a: Tyranitar|move: Protect\n|\n|-weather|RainDance|[upkeep]\n|upkeep\n|turn|9\n|\n|t:|1776291064\n|switch|p1a: El tikre|Incineroar, L50, F, shiny|61/100\n|-ability|p1a: El tikre|Intimidate|boost\n|-unboost|p2a: Tyranitar|atk|1\n|move|p1b: Don marisco|Weather Ball|p2a: Tyranitar\n|-supereffective|p2a: Tyranitar|1\n|-damage|p2a: Tyranitar|0 fnt\n|faint|p2a: Tyranitar\n|\n|win|drackmast\n|raw|drackmast's rating: 1093 &rarr; <strong>1122</strong><br />(+29 for winning)\n|raw|CrushforceX's rating: 1138 &rarr; <strong>1110</strong><br />(-28 for losing)\n|l|\u2606CrushforceX\n|player|p2|\n",
  "uploadtime": 1776292052,
  "views": 18,
  "formatid": "gen9championsvgc2026regma",
  "rating": 1110,
  "private": 0,
  "password": null
}