{
  "id": "gen9championsvgc2026regma-2580922571",
  "format": "[Gen 9 Champions] VGC 2026 Reg M-A",
  "players": [
    "hamcook",
    "6tennis"
  ],
  "log": "|j|\u2606hamcook\n|j|\u26066tennis\n|t:|1775943613\n|gametype|doubles\n|player|p1|hamcook|cynthia-gen4|1132\n|player|p2|6tennis|102|1061\n|gen|9\n|tier|[Gen 9 Champions] VGC 2026 Reg M-A\n|rated|\n|rule|Species Clause: Limit one of each Pok\u00e9mon\n|rule|Item Clause: Limit 1 of each item\n|clearpoke\n|poke|p1|Farigiraf, L50, M|\n|poke|p1|Sinistcha, L50|\n|poke|p1|Blastoise, L50, F|\n|poke|p1|Politoed, L50, M|\n|poke|p1|Torkoal, L50, M|\n|poke|p1|Kingambit, L50, M|\n|poke|p2|Scizor, L50, F|\n|poke|p2|Tyranitar, L50, M|\n|poke|p2|Sinistcha, L50|\n|poke|p2|Basculegion, L50, M|\n|poke|p2|Sneasler, L50, M|\n|poke|p2|Incineroar, L50, M|\n|teampreview|4\n|c|\u26066tennis|glhf!\n|inactive|Battle timer is ON: inactive players will automatically lose when time's up. (requested by hamcook)\n|\n|t:|1775943653\n|teamsize|p1|4\n|teamsize|p2|4\n|start\n|switch|p1a: Kingambit|Kingambit, L50, M|100/100\n|switch|p1b: Farigiraf|Farigiraf, L50, M|100/100\n|switch|p2a: Scizor|Scizor, L50, F|100/100\n|switch|p2b: Basculegion|Basculegion, L50, M|100/100\n|turn|1\n|inactive|6tennis has 30 seconds left.\n|\n|t:|1775943680\n|detailschange|p2a: Scizor|Scizor-Mega, L50, F\n|-mega|p2a: Scizor|Scizor|Scizorite\n|move|p2b: Basculegion|Flip Turn|p1a: Kingambit\n|-damage|p1a: Kingambit|72/100\n|\n|t:|1775943686\n|switch|p2b: Tyranitar|Tyranitar, L50, M|100/100|[from] Flip Turn\n|-weather|Sandstorm|[from] ability: Sand Stream|[of] p2b: Tyranitar\n|move|p2a: Scizor|Swords Dance|p2a: Scizor\n|-boost|p2a: Scizor|atk|2\n|move|p1a: Kingambit|Kowtow Cleave|p2b: Tyranitar\n|-resisted|p2b: Tyranitar|1\n|-damage|p2b: Tyranitar|78/100\n|move|p1b: Farigiraf|Trick Room|p1b: Farigiraf\n|-fieldstart|move: Trick Room|[of] p1b: Farigiraf\n|\n|-weather|Sandstorm|[upkeep]\n|-damage|p1b: Farigiraf|94/100|[from] Sandstorm\n|upkeep\n|turn|2\n|inactive|hamcook has 30 seconds left.\n|inactive|6tennis has 30 seconds left.\n|inactive|hamcook has 20 seconds left.\n|inactive|hamcook has 15 seconds left.\n|inactive|hamcook has 10 seconds left.\n|\n|t:|1775943735\n|move|p1b: Farigiraf|Protect|p1b: Farigiraf\n|-singleturn|p1b: Farigiraf|Protect\n|move|p2b: Tyranitar|Protect|p2b: Tyranitar\n|-singleturn|p2b: Tyranitar|Protect\n|move|p1a: Kingambit|Iron Head|p2b: Tyranitar\n|-activate|p2b: Tyranitar|move: Protect\n|move|p2a: Scizor|Bug Bite|p1b: Farigiraf\n|-activate|p1b: Farigiraf|move: Protect\n|\n|-weather|Sandstorm|[upkeep]\n|-damage|p1b: Farigiraf|88/100|[from] Sandstorm\n|upkeep\n|turn|3\n|inactive|6tennis has 30 seconds left.\n|\n|t:|1775943766\n|switch|p1b: Politoed|Politoed, L50, M|100/100\n|-weather|RainDance|[from] ability: Drizzle|[of] p1b: Politoed\n|move|p1a: Kingambit|Protect|p1a: Kingambit\n|-singleturn|p1a: Kingambit|Protect\n|move|p2b: Tyranitar|Low Kick|p1a: Kingambit\n|-activate|p1a: Kingambit|move: Protect\n|move|p2a: Scizor|Swords Dance|p2a: Scizor\n|-boost|p2a: Scizor|atk|2\n|\n|-weather|RainDance|[upkeep]\n|upkeep\n|turn|4\n|\n|t:|1775943789\n|switch|p2b: Basculegion|Basculegion, L50, M|100/100\n|move|p2a: Scizor|Protect|p2a: Scizor\n|-singleturn|p2a: Scizor|Protect\n|move|p1a: Kingambit|Sucker Punch||[still]\n|-fail|p1a: Kingambit\n|move|p1b: Politoed|Muddy Water|p2b: Basculegion|[spread] p2b\n|-activate|p2a: Scizor|move: Protect\n|-resisted|p2b: Basculegion|1\n|-damage|p2b: Basculegion|84/100\n|-unboost|p2b: Basculegion|accuracy|1\n|\n|-weather|RainDance|[upkeep]\n|upkeep\n|turn|5\n|inactive|6tennis has 30 seconds left.\n|inactive|6tennis has 20 seconds left.\n|\n|t:|1775943825\n|move|p1a: Kingambit|Kowtow Cleave|p2b: Basculegion\n|-supereffective|p2b: Basculegion|1\n|-damage|p2b: Basculegion|0 fnt\n|faint|p2b: Basculegion\n|move|p1b: Politoed|Perish Song|p1b: Politoed\n|-start|p1a: Kingambit|perish3|[silent]\n|-start|p1b: Politoed|perish3|[silent]\n|-start|p2a: Scizor|perish3|[silent]\n|-fieldactivate|move: Perish Song\n|move|p2a: Scizor|Bug Bite|p1b: Politoed\n|-damage|p1b: Politoed|0 fnt\n|faint|p1b: Politoed\n|\n|-weather|RainDance|[upkeep]\n|-start|p1a: Kingambit|perish3\n|-start|p2a: Scizor|perish3\n|-fieldend|move: Trick Room\n|upkeep\n|\n|t:|1775943841\n|switch|p2b: Tyranitar|Tyranitar, L50, M|78/100\n|switch|p1b: Blastoise|Blastoise, L50, F|100/100\n|-weather|Sandstorm|[from] ability: Sand Stream|[of] p2b: Tyranitar\n|turn|6\n|inactive|hamcook has 30 seconds left.\n|\n|t:|1775943874\n|switch|p1a: Farigiraf|Farigiraf, L50, M|88/100\n|detailschange|p1b: Blastoise|Blastoise-Mega, L50, F\n|-mega|p1b: Blastoise|Blastoise|Blastoisinite\n|move|p1b: Blastoise|Fake Out|p2a: Scizor\n|-resisted|p2a: Scizor|1\n|-damage|p2a: Scizor|97/100\n|cant|p2a: Scizor|flinch\n|move|p2b: Tyranitar|Low Kick|p1a: Farigiraf\n|-damage|p1a: Farigiraf|55/100\n|\n|-weather|Sandstorm|[upkeep]\n|-damage|p1b: Blastoise|95/100|[from] Sandstorm\n|-damage|p1a: Farigiraf|49/100|[from] Sandstorm\n|-enditem|p1a: Farigiraf|Sitrus Berry|[eat]\n|-heal|p1a: Farigiraf|74/100|[from] item: Sitrus Berry\n|-start|p2a: Scizor|perish2\n|upkeep\n|turn|7\n|inactive|hamcook has 30 seconds left.\n|inactive|6tennis has 30 seconds left.\n|inactive|6tennis has 20 seconds left.\n|\n|t:|1775943909\n|switch|p1b: Kingambit|Kingambit, L50, M|72/100\n|move|p2b: Tyranitar|Protect|p2b: Tyranitar\n|-singleturn|p2b: Tyranitar|Protect\n|move|p1a: Farigiraf|Protect|p1a: Farigiraf\n|-singleturn|p1a: Farigiraf|Protect\n|move|p2a: Scizor|Bug Bite|p1a: Farigiraf\n|-activate|p1a: Farigiraf|move: Protect\n|\n|-weather|Sandstorm|[upkeep]\n|-damage|p1a: Farigiraf|68/100|[from] Sandstorm\n|-start|p2a: Scizor|perish1\n|upkeep\n|turn|8\n|\n|t:|1775943929\n|move|p1a: Farigiraf|Protect|p1a: Farigiraf\n|-singleturn|p1a: Farigiraf|Protect\n|move|p1b: Kingambit|Protect|p1b: Kingambit\n|-singleturn|p1b: Kingambit|Protect\n|move|p2a: Scizor|Bug Bite|p1a: Farigiraf\n|-activate|p1a: Farigiraf|move: Protect\n|move|p2b: Tyranitar|Low Kick|p1b: Kingambit\n|-activate|p1b: Kingambit|move: Protect\n|\n|-weather|Sandstorm|[upkeep]\n|-damage|p1a: Farigiraf|62/100|[from] Sandstorm\n|-start|p2a: Scizor|perish0\n|faint|p2a: Scizor\n|upkeep\n|c|\u26066tennis|dude\n|\n|t:|1775943941\n|switch|p2a: Sinistcha|Sinistcha, L50|100/100\n|-heal|p2b: Tyranitar|100/100|[from] ability: Hospitality|[of] p2a: Sinistcha\n|turn|9\n|\n|t:|1775943962\n|move|p1b: Kingambit|Sucker Punch|p2a: Sinistcha\n|-supereffective|p2a: Sinistcha|1\n|-damage|p2a: Sinistcha|8/100\n|move|p2b: Tyranitar|Knock Off|p1a: Farigiraf\n|-supereffective|p1a: Farigiraf|1\n|-crit|p1a: Farigiraf\n|-damage|p1a: Farigiraf|0 fnt\n|faint|p1a: Farigiraf\n|move|p2a: Sinistcha|Matcha Gotcha|p1b: Kingambit\n|-resisted|p1b: Kingambit|1\n|-damage|p1b: Kingambit|54/100\n|-heal|p2a: Sinistcha|18/100|[from] drain|[of] p1b: Kingambit\n|\n|-weather|Sandstorm|[upkeep]\n|-damage|p2a: Sinistcha|12/100|[from] Sandstorm\n|-heal|p2a: Sinistcha|18/100|[from] item: Leftovers\n|upkeep\n|\n|t:|1775943976\n|switch|p1a: Blastoise|Blastoise-Mega, L50, F|95/100\n|turn|10\n|\n|t:|1775943986\n|move|p1a: Blastoise|Fake Out|p2b: Tyranitar\n|-resisted|p2b: Tyranitar|1\n|-damage|p2b: Tyranitar|97/100\n|move|p2a: Sinistcha|Rage Powder|p2a: Sinistcha\n|-singleturn|p2a: Sinistcha|move: Rage Powder\n|cant|p2b: Tyranitar|flinch\n|move|p1b: Kingambit|Kowtow Cleave|p2a: Sinistcha\n|-supereffective|p2a: Sinistcha|1\n|-damage|p2a: Sinistcha|0 fnt\n|faint|p2a: Sinistcha\n|\n|-weather|none\n|upkeep\n|turn|11\n|\n|t:|1775944001\n|move|p1a: Blastoise|Aura Sphere|p2b: Tyranitar\n|-supereffective|p2b: Tyranitar|2\n|-enditem|p2b: Tyranitar|Chople Berry|[eat]\n|-enditem|p2b: Tyranitar|Chople Berry|[weaken]\n|-damage|p2b: Tyranitar|11/100\n|move|p2b: Tyranitar|Low Kick|p1a: Blastoise\n|-damage|p1a: Blastoise|60/100\n|move|p1b: Kingambit|Iron Head|p2b: Tyranitar\n|-supereffective|p2b: Tyranitar|1\n|-damage|p2b: Tyranitar|0 fnt\n|faint|p2b: Tyranitar\n|\n|win|hamcook\n|raw|hamcook's rating: 1132 &rarr; <strong>1152</strong><br />(+20 for winning)\n|raw|6tennis's rating: 1061 &rarr; <strong>1046</strong><br />(-15 for losing)\n|l|\u26066tennis\n|player|p2|\n",
  "uploadtime": 1775944025,
  "views": 12,
  "formatid": "gen9championsvgc2026regma",
  "rating": 1046,
  "private": 0,
  "password": null
}