{
  "id": "gen9championsvgc2026regma-2587838584",
  "format": "[Gen 9 Champions] VGC 2026 Reg M-A",
  "players": [
    "anubisjr",
    "kaminasama777"
  ],
  "log": "|j|\u2606anubisjr\n|j|\u2606kaminasama777\n|t:|1776569240\n|gametype|doubles\n|player|p1|anubisjr|102|1368\n|player|p2|kaminasama777|102|1337\n|gen|9\n|tier|[Gen 9 Champions] VGC 2026 Reg M-A\n|rated|\n|rule|Species Clause: Limit one of each Pok\u00e9mon\n|rule|Item Clause: Limit 1 of each item\n|clearpoke\n|poke|p1|Lopunny, L50, M|\n|poke|p1|Floette-Eternal, L50, F|\n|poke|p1|Volcarona, L50, F|\n|poke|p1|Basculegion, L50, M|\n|poke|p1|Aegislash, L50, F|\n|poke|p1|Rotom-Wash, L50|\n|poke|p2|Primarina, L50, F|\n|poke|p2|Scovillain, L50, M|\n|poke|p2|Garchomp, L50, F|\n|poke|p2|Sinistcha, L50|\n|poke|p2|Aerodactyl, L50, F|\n|poke|p2|Sneasler, L50, F|\n|teampreview|4\n|\n|t:|1776569255\n|teamsize|p1|4\n|teamsize|p2|4\n|start\n|switch|p1a: Lopunny|Lopunny, L50, M|100/100\n|switch|p1b: Basculegion|Basculegion, L50, M|100/100\n|switch|p2a: Aerodactyl|Aerodactyl, L50, F|100/100\n|switch|p2b: Sneasler|Sneasler, L50, F|100/100\n|-ability|p2a: Aerodactyl|Unnerve\n|turn|1\n|inactive|Battle timer is ON: inactive players will automatically lose when time's up. (requested by kaminasama777)\n|\n|t:|1776569272\n|detailschange|p1a: Lopunny|Lopunny-Mega, L50, M\n|-mega|p1a: Lopunny|Lopunny|Lopunnite\n|move|p2a: Aerodactyl|Protect|p2a: Aerodactyl\n|-singleturn|p2a: Aerodactyl|Protect\n|move|p2b: Sneasler|Protect|p2b: Sneasler\n|-singleturn|p2b: Sneasler|Protect\n|move|p1a: Lopunny|Fake Out|p2b: Sneasler\n|-activate|p2b: Sneasler|move: Protect\n|move|p1b: Basculegion|Wave Crash|p2a: Aerodactyl\n|-activate|p2a: Aerodactyl|move: Protect\n|\n|upkeep\n|turn|2\n|inactive|anubisjr has 30 seconds left.\n|\n|t:|1776569301\n|move|p1a: Lopunny|Encore|p2a: Aerodactyl\n|-start|p2a: Aerodactyl|Encore\n|move|p2a: Aerodactyl|Protect||[still]\n|-fail|p2a: Aerodactyl\n|move|p2b: Sneasler|Close Combat|p1a: Lopunny\n|-supereffective|p1a: Lopunny|1\n|-damage|p1a: Lopunny|0 fnt\n|-unboost|p2b: Sneasler|def|1\n|-unboost|p2b: Sneasler|spd|1\n|faint|p1a: Lopunny\n|-enditem|p2b: Sneasler|White Herb\n|-clearnegativeboost|p2b: Sneasler|[silent]\n|move|p1b: Basculegion|Wave Crash|p2a: Aerodactyl\n|-supereffective|p2a: Aerodactyl|1\n|-enditem|p2a: Aerodactyl|Focus Sash\n|-damage|p2a: Aerodactyl|1/100\n|-damage|p1b: Basculegion|76/100|[from] Recoil\n|\n|upkeep\n|\n|t:|1776569305\n|switch|p1a: Aegislash|Aegislash, L50, F|100/100\n|turn|3\n|inactive|kaminasama777 has 30 seconds left.\n|\n|t:|1776569338\n|switch|p2b: Scovillain|Scovillain, L50, M|100/100\n|move|p2a: Aerodactyl|Protect|p2a: Aerodactyl\n|-singleturn|p2a: Aerodactyl|Protect\n|-formechange|p1a: Aegislash|Aegislash-Blade|\n|move|p1a: Aegislash|Poltergeist||[still]\n|-fail|p1a: Aegislash\n|move|p1b: Basculegion|Wave Crash|p2b: Scovillain\n|-damage|p2b: Scovillain|0 fnt\n|faint|p2b: Scovillain\n|-damage|p1b: Basculegion|48/100|[from] Recoil\n|\n|upkeep\n|\n|t:|1776569352\n|switch|p2b: Primarina|Primarina, L50, F|100/100\n|turn|4\n|\n|t:|1776569374\n|move|p2a: Aerodactyl|Protect||[still]\n|-fail|p2a: Aerodactyl\n|move|p1b: Basculegion|Last Respects|p2b: Primarina\n|-damage|p2b: Primarina|16/100\n|move|p1a: Aegislash|Poltergeist|p2b: Primarina\n|-activate|p2b: Primarina|move: Poltergeist|Leftovers\n|-crit|p2b: Primarina\n|-damage|p2b: Primarina|0 fnt\n|faint|p2b: Primarina\n|\n|-end|p2a: Aerodactyl|Encore\n|upkeep\n|\n|t:|1776569381\n|switch|p2b: Sneasler|Sneasler, L50, F|100/100\n|turn|5\n|\n|t:|1776569400\n|-formechange|p1a: Aegislash|Aegislash|\n|move|p1a: Aegislash|King's Shield|p1a: Aegislash\n|-singleturn|p1a: Aegislash|Protect\n|move|p1b: Basculegion|Aqua Jet|p2a: Aerodactyl\n|-supereffective|p2a: Aerodactyl|1\n|-damage|p2a: Aerodactyl|0 fnt\n|faint|p2a: Aerodactyl\n|move|p2b: Sneasler|Dire Claw|p1b: Basculegion\n|-resisted|p1b: Basculegion|1\n|-damage|p1b: Basculegion|24/100\n|-status|p1b: Basculegion|par\n|\n|upkeep\n|turn|6\n|-message|kaminasama777 forfeited.\n|\n|win|anubisjr\n|raw|anubisjr's rating: 1368 &rarr; <strong>1386</strong><br />(+18 for winning)\n|raw|kaminasama777's rating: 1337 &rarr; <strong>1319</strong><br />(-18 for losing)\n|l|\u2606kaminasama777\n|player|p2|\n",
  "uploadtime": 1776569508,
  "views": 14,
  "formatid": "gen9championsvgc2026regma",
  "rating": 1319,
  "private": 0,
  "password": null
}