{
  "id": "gen9championsvgc2026regma-2588713877",
  "format": "[Gen 9 Champions] VGC 2026 Reg M-A",
  "players": [
    "gooseyj",
    "miwtrk"
  ],
  "log": "|j|\u2606gooseyj\n|j|\u2606miwtrk\n|t:|1776660980\n|gametype|doubles\n|player|p1|gooseyj|iris-gen5bw2|1425\n|player|p2|miwtrk|winona|1418\n|gen|9\n|tier|[Gen 9 Champions] VGC 2026 Reg M-A\n|rated|\n|rule|Species Clause: Limit one of each Pok\u00e9mon\n|rule|Item Clause: Limit 1 of each item\n|clearpoke\n|poke|p1|Garchomp, L50, M|\n|poke|p1|Tyranitar, L50, M|\n|poke|p1|Milotic, L50, F|\n|poke|p1|Scovillain, L50, F|\n|poke|p1|Incineroar, L50, M|\n|poke|p1|Floette-Eternal, L50, F|\n|poke|p2|Scizor, L50, F|\n|poke|p2|Maushold-Four, L50|\n|poke|p2|Aerodactyl, L50, M|\n|poke|p2|Tauros-Paldea-Aqua, L50, M|\n|poke|p2|Armarouge, L50, M|\n|poke|p2|Dragapult, L50, M|\n|teampreview|4\n|inactive|Battle timer is ON: inactive players will automatically lose when time's up. (requested by gooseyj)\n|inactive|miwtrk has 60 seconds left.\n|\n|t:|1776661014\n|teamsize|p1|4\n|teamsize|p2|4\n|start\n|switch|p1a: Garchomp|Garchomp, L50, M|100/100\n|switch|p1b: Tyranitar|Tyranitar, L50, M|100/100\n|switch|p2a: Aerodactyl|Aerodactyl, L50, M|100/100\n|switch|p2b: Armarouge|Armarouge, L50, M|100/100\n|-ability|p2a: Aerodactyl|Unnerve\n|-weather|Sandstorm|[from] ability: Sand Stream|[of] p1b: Tyranitar\n|turn|1\n|\n|t:|1776661028\n|move|p2b: Armarouge|Protect|p2b: Armarouge\n|-singleturn|p2b: Armarouge|Protect\n|move|p2a: Aerodactyl|Tailwind|p2a: Aerodactyl\n|-sidestart|p2: miwtrk|move: Tailwind\n|move|p1b: Tyranitar|Rock Slide|p2a: Aerodactyl|[spread] p2a\n|-activate|p2b: Armarouge|move: Protect\n|-supereffective|p2a: Aerodactyl|1\n|-damage|p2a: Aerodactyl|1/100\n|move|p1a: Garchomp|Rock Slide|p2b: Armarouge|[spread] \n|-activate|p2b: Armarouge|move: Protect\n|-miss|p1a: Garchomp|p2a: Aerodactyl\n|\n|-weather|Sandstorm|[upkeep]\n|-damage|p2b: Armarouge|94/100|[from] Sandstorm\n|upkeep\n|turn|2\n|\n|t:|1776661051\n|move|p2a: Aerodactyl|Protect|p2a: Aerodactyl\n|-singleturn|p2a: Aerodactyl|Protect\n|move|p2b: Armarouge|Aura Sphere|p1b: Tyranitar\n|-supereffective|p1b: Tyranitar|2\n|-damage|p1b: Tyranitar|25/100\n|move|p1b: Tyranitar|Rock Slide|p2a: Aerodactyl|[spread] p2b\n|-activate|p2a: Aerodactyl|move: Protect\n|-supereffective|p2b: Armarouge|1\n|-damage|p2b: Armarouge|23/100\n|move|p1a: Garchomp|Rock Slide|p2b: Armarouge|[spread] p2b\n|-activate|p2a: Aerodactyl|move: Protect\n|-supereffective|p2b: Armarouge|1\n|-damage|p2b: Armarouge|0 fnt\n|faint|p2b: Armarouge\n|\n|-weather|Sandstorm|[upkeep]\n|upkeep\n|\n|t:|1776661062\n|switch|p2b: Scizor|Scizor, L50, F|100/100\n|turn|3\n|\n|t:|1776661067\n|switch|p2a: Tauros|Tauros-Paldea-Aqua, L50, M|100/100\n|-ability|p2a: Tauros|Intimidate|boost\n|-unboost|p1a: Garchomp|atk|1\n|-unboost|p1b: Tyranitar|atk|1\n|switch|p1b: Milotic|Milotic, L50, F|100/100\n|detailschange|p2b: Scizor|Scizor-Mega, L50, F\n|-mega|p2b: Scizor|Scizor|Scizorite\n|move|p2b: Scizor|Swords Dance|p2b: Scizor\n|-boost|p2b: Scizor|atk|2\n|move|p1a: Garchomp|Substitute|p1a: Garchomp\n|-start|p1a: Garchomp|Substitute\n|-damage|p1a: Garchomp|76/100\n|\n|-weather|Sandstorm|[upkeep]\n|-damage|p2a: Tauros|95/100|[from] Sandstorm\n|-damage|p1b: Milotic|95/100|[from] Sandstorm\n|-heal|p1b: Milotic|100/100|[from] item: Leftovers\n|upkeep\n|turn|4\n|inactive|gooseyj has 30 seconds left.\n|\n|t:|1776661099\n|move|p1a: Garchomp|Protect|p1a: Garchomp\n|-singleturn|p1a: Garchomp|Protect\n|move|p2a: Tauros|Close Combat|p1b: Milotic\n|-damage|p1b: Milotic|57/100\n|-unboost|p2a: Tauros|def|1\n|-unboost|p2a: Tauros|spd|1\n|-enditem|p2a: Tauros|White Herb\n|-clearnegativeboost|p2a: Tauros|[silent]\n|move|p2b: Scizor|Bug Bite|p1a: Garchomp\n|-activate|p1a: Garchomp|move: Protect\n|move|p1b: Milotic|Muddy Water|p2a: Tauros|[spread] p2a,p2b\n|-resisted|p2a: Tauros|1\n|-damage|p2a: Tauros|75/100\n|-damage|p2b: Scizor|75/100\n|-unboost|p2b: Scizor|accuracy|1\n|\n|-weather|Sandstorm|[upkeep]\n|-damage|p2a: Tauros|70/100|[from] Sandstorm\n|-damage|p1b: Milotic|51/100|[from] Sandstorm\n|-heal|p1b: Milotic|57/100|[from] item: Leftovers\n|-sideend|p2: miwtrk|move: Tailwind\n|upkeep\n|turn|5\n|inactive|gooseyj has 30 seconds left.\n|inactive|gooseyj has 20 seconds left.\n|\n|t:|1776661134\n|switch|p1b: Scovillain|Scovillain, L50, F|100/100\n|move|p2b: Scizor|Bullet Punch|p1b: Scovillain|[miss]\n|-miss|p2b: Scizor|p1b: Scovillain\n|move|p2a: Tauros|Close Combat|p1b: Scovillain\n|-damage|p1b: Scovillain|34/100\n|-unboost|p2a: Tauros|def|1\n|-unboost|p2a: Tauros|spd|1\n|move|p1a: Garchomp|Rock Slide|p2b: Scizor|[spread] p2a,p2b\n|-resisted|p2a: Tauros|1\n|-damage|p2a: Tauros|60/100\n|-damage|p2b: Scizor|67/100\n|\n|-weather|none\n|upkeep\n|turn|6\n|inactive|miwtrk has 30 seconds left.\n|\n|t:|1776661159\n|detailschange|p1b: Scovillain|Scovillain-Mega, L50, F\n|-mega|p1b: Scovillain|Scovillain|Scovillainite\n|move|p1b: Scovillain|Protect|p1b: Scovillain\n|-singleturn|p1b: Scovillain|Protect\n|move|p2a: Tauros|Wave Crash|p1b: Scovillain\n|-activate|p1b: Scovillain|move: Protect\n|move|p1a: Garchomp|Stomping Tantrum|p2a: Tauros\n|-crit|p2a: Tauros\n|-damage|p2a: Tauros|0 fnt\n|faint|p2a: Tauros\n|move|p2b: Scizor|Bug Bite|p1a: Garchomp\n|-end|p1a: Garchomp|Substitute\n|\n|upkeep\n|\n|t:|1776661164\n|switch|p2a: Aerodactyl|Aerodactyl, L50, M|1/100\n|-ability|p2a: Aerodactyl|Unnerve\n|turn|7\n|\n|t:|1776661182\n|switch|p1b: Milotic|Milotic, L50, F|57/100\n|move|p1a: Garchomp|Protect|p1a: Garchomp\n|-singleturn|p1a: Garchomp|Protect\n|move|p2a: Aerodactyl|Dual Wingbeat|p1b: Milotic\n|-crit|p1b: Milotic\n|-damage|p1b: Milotic|36/100\n|-damage|p1b: Milotic|22/100\n|-hitcount|p1b: Milotic|2\n|move|p2b: Scizor|Bug Bite|p1a: Garchomp\n|-activate|p1a: Garchomp|move: Protect\n|\n|-heal|p1b: Milotic|28/100|[from] item: Leftovers\n|upkeep\n|turn|8\n|\n|t:|1776661200\n|switch|p1b: Tyranitar|Tyranitar, L50, M|25/100\n|-weather|Sandstorm|[from] ability: Sand Stream|[of] p1b: Tyranitar\n|move|p2a: Aerodactyl|Dual Wingbeat|p1b: Tyranitar\n|-resisted|p1b: Tyranitar|1\n|-damage|p1b: Tyranitar|17/100\n|-resisted|p1b: Tyranitar|1\n|-damage|p1b: Tyranitar|9/100\n|-hitcount|p1b: Tyranitar|2\n|move|p1a: Garchomp|Rock Slide|p2a: Aerodactyl|[spread] p2a\n|-miss|p1a: Garchomp|p2b: Scizor\n|-supereffective|p2a: Aerodactyl|1\n|-damage|p2a: Aerodactyl|0 fnt\n|faint|p2a: Aerodactyl\n|move|p2b: Scizor|Bug Bite|p1a: Garchomp|[miss]\n|-miss|p2b: Scizor|p1a: Garchomp\n|\n|-weather|Sandstorm|[upkeep]\n|upkeep\n|turn|9\n|c|\u2606miwtrk|from no freaking way xdddd\n|-message|miwtrk forfeited.\n|\n|win|gooseyj\n|raw|gooseyj's rating: 1425 &rarr; <strong>1445</strong><br />(+20 for winning)\n|raw|miwtrk's rating: 1418 &rarr; <strong>1398</strong><br />(-20 for losing)\n|l|\u2606miwtrk\n|player|p2|\n",
  "uploadtime": 1776661220,
  "views": 5,
  "formatid": "gen9championsvgc2026regma",
  "rating": 1398,
  "private": 0,
  "password": null
}