{
  "id": "gen9championsvgc2026regma-2586784020",
  "format": "[Gen 9 Champions] VGC 2026 Reg M-A",
  "players": [
    "wackosacko",
    "Eesoch"
  ],
  "log": "|j|\u2606wackosacko\n|j|\u2606Eesoch\n|t:|1776459618\n|gametype|doubles\n|player|p1|wackosacko|266|1079\n|player|p2|Eesoch|101|1179\n|gen|9\n|tier|[Gen 9 Champions] VGC 2026 Reg M-A\n|rated|\n|rule|Species Clause: Limit one of each Pok\u00e9mon\n|rule|Item Clause: Limit 1 of each item\n|clearpoke\n|poke|p1|Banette, L50, M|\n|poke|p1|Excadrill, L50, M|\n|poke|p1|Steelix, L50, M|\n|poke|p1|Farigiraf, L50, M|\n|poke|p1|Tyranitar, L50, M|\n|poke|p1|Pelipper, L50, M|\n|poke|p2|Meganium, L50, M|\n|poke|p2|Aerodactyl, L50, F|\n|poke|p2|Typhlosion-Hisui, L50, F|\n|poke|p2|Froslass, L50, F|\n|poke|p2|Empoleon, L50, M|\n|poke|p2|Sneasler, L50, F|\n|teampreview|4\n|inactive|Battle timer is ON: inactive players will automatically lose when time's up. (requested by wackosacko)\n|inactive|wackosacko has 60 seconds left.\n|inactive|Eesoch has 60 seconds left.\n|\n|t:|1776459679\n|teamsize|p1|4\n|teamsize|p2|4\n|start\n|switch|p1a: Farigiraf|Farigiraf, L50, M|100/100\n|switch|p1b: Banette|Banette, L50, M|100/100\n|switch|p2a: Sneasler|Sneasler, L50, F, shiny|100/100\n|switch|p2b: Typhlosion|Typhlosion-Hisui, L50, F, shiny|100/100\n|turn|1\n|\n|t:|1776459701\n|detailschange|p1b: Banette|Banette-Mega, L50, M\n|-mega|p1b: Banette|Banette|Banettite\n|move|p1b: Banette|Sucker Punch|p2b: Typhlosion\n|-supereffective|p2b: Typhlosion|1\n|-damage|p2b: Typhlosion|16/100\n|move|p2b: Typhlosion|Shadow Ball|p1b: Banette\n|-supereffective|p1b: Banette|1\n|-damage|p1b: Banette|1/100\n|move|p2a: Sneasler|Dire Claw|p1a: Farigiraf\n|-damage|p1a: Farigiraf|62/100\n|-status|p1a: Farigiraf|psn\n|move|p1a: Farigiraf|Trick Room|p1a: Farigiraf\n|-fieldstart|move: Trick Room|[of] p1a: Farigiraf\n|\n|-damage|p1a: Farigiraf|49/100 psn|[from] psn\n|upkeep\n|-enditem|p1a: Farigiraf|Sitrus Berry|[eat]\n|-heal|p1a: Farigiraf|74/100 psn|[from] item: Sitrus Berry\n|turn|2\n|inactive|wackosacko has 30 seconds left.\n|inactive|Eesoch has 30 seconds left.\n|\n|t:|1776459732\n|switch|p1b: Steelix|Steelix, L50, M|100/100\n|switch|p2b: Aerodactyl|Aerodactyl, L50, F|100/100\n|move|p2a: Sneasler|Protect|p2a: Sneasler\n|-singleturn|p2a: Sneasler|Protect\n|move|p1a: Farigiraf|Psychic|p2a: Sneasler\n|-activate|p2a: Sneasler|move: Protect\n|\n|-damage|p1a: Farigiraf|62/100 psn|[from] psn\n|upkeep\n|turn|3\n|inactive|Eesoch has 30 seconds left.\n|\n|t:|1776459765\n|switch|p2a: Froslass|Froslass, L50, F, shiny|100/100\n|move|p1b: Steelix|Screech|p2b: Aerodactyl\n|-unboost|p2b: Aerodactyl|def|2\n|move|p1a: Farigiraf|Psychic|p2a: Froslass\n|-damage|p2a: Froslass|45/100\n|move|p2b: Aerodactyl|Rock Slide|p1a: Farigiraf|[spread] p1a,p1b\n|-resisted|p1b: Steelix|2\n|-damage|p1a: Farigiraf|42/100 psn\n|-damage|p1b: Steelix|98/100\n|\n|-damage|p1a: Farigiraf|30/100 psn|[from] psn\n|upkeep\n|turn|4\n|inactive|Eesoch has 30 seconds left.\n|\n|t:|1776459795\n|detailschange|p2a: Froslass|Froslass-Mega, L50, F, shiny\n|-mega|p2a: Froslass|Froslass|Froslassite\n|-weather|Snowscape|[from] ability: Snow Warning|[of] p2a: Froslass\n|move|p2a: Froslass|Protect|p2a: Froslass\n|-singleturn|p2a: Froslass|Protect\n|move|p2b: Aerodactyl|Protect|p2b: Aerodactyl\n|-singleturn|p2b: Aerodactyl|Protect\n|move|p1b: Steelix|Rock Slide|p2b: Aerodactyl|[spread] \n|-activate|p2a: Froslass|move: Protect\n|-activate|p2b: Aerodactyl|move: Protect\n|move|p1a: Farigiraf|Psychic|p2a: Froslass\n|-activate|p2a: Froslass|move: Protect\n|\n|-weather|Snowscape|[upkeep]\n|-damage|p1a: Farigiraf|17/100 psn|[from] psn\n|upkeep\n|turn|5\n|inactive|Eesoch has 30 seconds left.\n|inactive|Eesoch has 20 seconds left.\n|inactive|Eesoch has 15 seconds left.\n|\n|t:|1776459837\n|switch|p1a: Tyranitar|Tyranitar, L50, M|100/100\n|-weather|Sandstorm|[from] ability: Sand Stream|[of] p1a: Tyranitar\n|switch|p2a: Typhlosion|Typhlosion-Hisui, L50, F, shiny|16/100\n|move|p1b: Steelix|Rock Slide|p2a: Typhlosion|[spread] p2a,p2b\n|-supereffective|p2a: Typhlosion|1\n|-supereffective|p2b: Aerodactyl|1\n|-damage|p2a: Typhlosion|0 fnt\n|-damage|p2b: Aerodactyl|4/100\n|faint|p2a: Typhlosion\n|move|p2b: Aerodactyl|Dual Wingbeat|p1a: Tyranitar|[miss]\n|-miss|p2b: Aerodactyl|p1a: Tyranitar\n|\n|-weather|Sandstorm|[upkeep]\n|-fieldend|move: Trick Room\n|upkeep\n|\n|t:|1776459854\n|switch|p2a: Sneasler|Sneasler, L50, F, shiny|100/100\n|turn|6\n|\n|t:|1776459871\n|switch|p1a: Banette|Banette-Mega, L50, M|1/100\n|move|p2b: Aerodactyl|Rock Slide|p1a: Banette|[spread] p1b\n|-miss|p2b: Aerodactyl|p1a: Banette\n|-resisted|p1b: Steelix|2\n|-crit|p1b: Steelix\n|-damage|p1b: Steelix|93/100\n|move|p2a: Sneasler|Close Combat|p1b: Steelix\n|-supereffective|p1b: Steelix|1\n|-damage|p1b: Steelix|26/100\n|-unboost|p2a: Sneasler|def|1\n|-unboost|p2a: Sneasler|spd|1\n|-enditem|p2a: Sneasler|White Herb\n|-clearnegativeboost|p2a: Sneasler|[silent]\n|move|p1b: Steelix|Scary Face|p2a: Sneasler\n|-unboost|p2a: Sneasler|spe|2\n|\n|-weather|Sandstorm|[upkeep]\n|-damage|p2a: Sneasler|95/100|[from] Sandstorm\n|-damage|p1a: Banette|0 fnt|[from] Sandstorm\n|faint|p1a: Banette\n|upkeep\n|\n|t:|1776459894\n|switch|p1a: Farigiraf|Farigiraf, L50, M|17/100 psn\n|turn|7\n|\n|t:|1776459911\n|move|p2b: Aerodactyl|Dual Wingbeat|p1a: Farigiraf\n|-damage|p1a: Farigiraf|3/100 psn\n|-damage|p1a: Farigiraf|0 fnt\n|faint|p1a: Farigiraf\n|-hitcount|p1: Farigiraf|2\n|move|p2a: Sneasler|Close Combat|p1b: Steelix\n|-supereffective|p1b: Steelix|1\n|-damage|p1b: Steelix|0 fnt\n|-unboost|p2a: Sneasler|def|1\n|-unboost|p2a: Sneasler|spd|1\n|faint|p1b: Steelix\n|\n|-weather|Sandstorm|[upkeep]\n|-damage|p2a: Sneasler|89/100|[from] Sandstorm\n|upkeep\n|\n|t:|1776459923\n|switch|p1b: Tyranitar|Tyranitar, L50, M|100/100\n|turn|8\n|\n|t:|1776459929\n|move|p2b: Aerodactyl|Rock Slide|p1b: Tyranitar\n|-damage|p1b: Tyranitar|74/100\n|move|p2a: Sneasler|Close Combat|p1b: Tyranitar\n|-supereffective|p1b: Tyranitar|2\n|-enditem|p1b: Tyranitar|Chople Berry|[eat]\n|-enditem|p1b: Tyranitar|Chople Berry|[weaken]\n|-damage|p1b: Tyranitar|0 fnt\n|-unboost|p2a: Sneasler|def|1\n|-unboost|p2a: Sneasler|spd|1\n|faint|p1b: Tyranitar\n|\n|win|Eesoch\n|raw|wackosacko's rating: 1079 &rarr; <strong>1063</strong><br />(-16 for losing)\n|raw|Eesoch's rating: 1179 &rarr; <strong>1197</strong><br />(+18 for winning)\n|l|\u2606wackosacko\n|player|p1|\n",
  "uploadtime": 1776459938,
  "views": 25,
  "formatid": "gen9championsvgc2026regma",
  "rating": 1063,
  "private": 0,
  "password": null
}