{
  "id": "gen9championsvgc2026regma-2581905026",
  "format": "[Gen 9 Champions] VGC 2026 Reg M-A",
  "players": [
    "phan of phanpy",
    "I AM MEGALON"
  ],
  "log": "|j|\u2606phan of phanpy\n|j|\u2606I AM MEGALON\n|t:|1776038455\n|gametype|doubles\n|player|p1|phan of phanpy|pokemaniac|1084\n|player|p2|I AM MEGALON|crasherwake|1099\n|gen|9\n|tier|[Gen 9 Champions] VGC 2026 Reg M-A\n|rated|\n|rule|Species Clause: Limit one of each Pok\u00e9mon\n|rule|Item Clause: Limit 1 of each item\n|clearpoke\n|poke|p1|Gengar, L50, M|\n|poke|p1|Incineroar, L50, F|\n|poke|p1|Politoed, L50, M|\n|poke|p1|Sinistcha, L50|\n|poke|p1|Charizard, L50, M|\n|poke|p1|Sneasler, L50, M|\n|poke|p2|Slowking-Galar, L50, M|\n|poke|p2|Crabominable, L50, M|\n|poke|p2|Arcanine-Hisui, L50, F|\n|poke|p2|Kingambit, L50, F|\n|poke|p2|Sinistcha, L50|\n|poke|p2|Primarina, L50, F|\n|teampreview|4\n|inactive|Battle timer is ON: inactive players will automatically lose when time's up. (requested by I AM MEGALON)\n|\n|t:|1776038504\n|teamsize|p1|4\n|teamsize|p2|4\n|start\n|switch|p1a: Charizard|Charizard, L50, M|100/100\n|switch|p1b: Sneasler|Sneasler, L50, M|100/100\n|switch|p2a: Slowking|Slowking-Galar, L50, M|100/100\n|switch|p2b: Arcanine|Arcanine-Hisui, L50, F|100/100\n|-ability|p2b: Arcanine|Intimidate|boost\n|-unboost|p1a: Charizard|atk|1\n|-unboost|p1b: Sneasler|atk|1\n|turn|1\n|\n|t:|1776038523\n|detailschange|p1a: Charizard|Charizard-Mega-X, L50, M\n|-mega|p1a: Charizard|Charizard|Charizardite X\n|move|p1b: Sneasler|Fake Out|p2b: Arcanine\n|-resisted|p2b: Arcanine|1\n|-damage|p2b: Arcanine|94/100\n|move|p1a: Charizard|Dragon Dance|p1a: Charizard\n|-boost|p1a: Charizard|atk|1\n|-boost|p1a: Charizard|spe|1\n|cant|p2b: Arcanine|flinch\n|move|p2a: Slowking|Psychic|p1b: Sneasler\n|-supereffective|p1b: Sneasler|2\n|-enditem|p1b: Sneasler|Focus Sash\n|-damage|p1b: Sneasler|1/100\n|\n|upkeep\n|turn|2\n|inactive|phan of phanpy has 30 seconds left.\n|inactive|phan of phanpy has 20 seconds left.\n|inactive|phan of phanpy has 15 seconds left.\n|inactive|phan of phanpy has 10 seconds left.\n|\n|t:|1776038572\n|move|p1b: Sneasler|Protect|p1b: Sneasler\n|-singleturn|p1b: Sneasler|Protect\n|move|p1a: Charizard|Earthquake|p2b: Arcanine|[spread] p2a,p2b\n|-activate|p1b: Sneasler|move: Protect\n|-supereffective|p2a: Slowking|1\n|-supereffective|p2b: Arcanine|2\n|-damage|p2a: Slowking|54/100\n|-damage|p2b: Arcanine|0 fnt\n|faint|p2b: Arcanine\n|move|p2a: Slowking|Trick Room|p2a: Slowking\n|-fieldstart|move: Trick Room|[of] p2a: Slowking\n|\n|upkeep\n|\n|t:|1776038585\n|switch|p2b: Primarina|Primarina, L50, F|100/100\n|turn|3\n|inactive|phan of phanpy has 30 seconds left.\n|inactive|phan of phanpy has 20 seconds left.\n|inactive|phan of phanpy has 15 seconds left.\n|\n|t:|1776038627\n|move|p2a: Slowking|Psychic|p1a: Charizard\n|-damage|p1a: Charizard|53/100\n|move|p2b: Primarina|Hyper Voice|p1b: Sneasler|[spread] p1a,p1b\n|-damage|p1a: Charizard|2/100\n|-damage|p1b: Sneasler|0 fnt\n|faint|p1b: Sneasler\n|move|p1a: Charizard|Earthquake|p2b: Primarina|[spread] p2a,p2b\n|-supereffective|p2a: Slowking|1\n|-damage|p2a: Slowking|8/100\n|-damage|p2b: Primarina|71/100\n|\n|-heal|p2b: Primarina|77/100|[from] item: Leftovers\n|upkeep\n|\n|t:|1776038639\n|switch|p1b: Sinistcha|Sinistcha, L50|100/100\n|-heal|p1a: Charizard|27/100|[from] ability: Hospitality|[of] p1b: Sinistcha\n|turn|4\n|\n|t:|1776038657\n|move|p1a: Charizard|Protect|p1a: Charizard\n|-singleturn|p1a: Charizard|Protect\n|move|p2a: Slowking|Toxic|p1b: Sinistcha\n|-status|p1b: Sinistcha|tox\n|move|p2b: Primarina|Hyper Voice|p1a: Charizard|[spread] p1b\n|-activate|p1a: Charizard|move: Protect\n|-resisted|p1b: Sinistcha|1\n|-damage|p1b: Sinistcha|84/100 tox\n|move|p1b: Sinistcha|Trick Room|p1b: Sinistcha\n|-fieldend|move: Trick Room\n|\n|-heal|p2b: Primarina|83/100|[from] item: Leftovers\n|-damage|p1b: Sinistcha|77/100 tox|[from] psn\n|upkeep\n|turn|5\n|inactive|phan of phanpy has 30 seconds left.\n|inactive|I AM MEGALON has 30 seconds left.\n|\n|t:|1776038688\n|move|p1a: Charizard|Earthquake|p2a: Slowking|[spread] p1b,p2a,p2b\n|-resisted|p1b: Sinistcha|1\n|-supereffective|p2a: Slowking|1\n|-damage|p1b: Sinistcha|66/100 tox\n|-damage|p2a: Slowking|0 fnt\n|-damage|p2b: Primarina|53/100\n|faint|p2a: Slowking\n|move|p1b: Sinistcha|Matcha Gotcha|p2b: Primarina\n|-supereffective|p2b: Primarina|1\n|-damage|p2b: Primarina|0 fnt\n|-heal|p1b: Sinistcha|93/100 tox|[from] drain|[of] p2b: Primarina\n|faint|p2b: Primarina\n|\n|-damage|p1b: Sinistcha|81/100 tox|[from] psn\n|upkeep\n|\n|t:|1776038702\n|switch|p2a: Crabominable|Crabominable, L50, M|100/100\n|turn|6\n|\n|t:|1776038713\n|detailschange|p2a: Crabominable|Crabominable-Mega, L50, M\n|-mega|p2a: Crabominable|Crabominable|Crabominite\n|move|p1b: Sinistcha|Rage Powder|p1b: Sinistcha\n|-singleturn|p1b: Sinistcha|move: Rage Powder\n|move|p2a: Crabominable|Mach Punch|p1b: Sinistcha\n|-immune|p1b: Sinistcha\n|move|p1a: Charizard|Flare Blitz|p2a: Crabominable\n|-supereffective|p2a: Crabominable|1\n|-damage|p2a: Crabominable|0 fnt\n|faint|p2a: Crabominable\n|-damage|p1a: Charizard|0 fnt|[from] Recoil\n|faint|p1a: Charizard\n|\n|win|phan of phanpy\n|raw|phan of phanpy's rating: 1084 &rarr; <strong>1113</strong><br />(+29 for winning)\n|raw|I AM MEGALON's rating: 1099 &rarr; <strong>1073</strong><br />(-26 for losing)\n|l|\u2606I AM MEGALON\n|player|p2|\n|l|\u2606phan of phanpy\n|player|p1|\n|j|\u2606phan of phanpy\n|player|p1|phan of phanpy|pokemaniac|\n",
  "uploadtime": 1776039174,
  "views": 13,
  "formatid": "gen9championsvgc2026regma",
  "rating": 1073,
  "private": 0,
  "password": null
}