{
  "id": "gen9championsvgc2026regma-2585982913",
  "format": "[Gen 9 Champions] VGC 2026 Reg M-A",
  "players": [
    "FeyQueenZoom",
    "Gorimuu"
  ],
  "log": "|j|\u2606FeyQueenZoom\n|j|\u2606Gorimuu\n|t:|1776387401\n|gametype|doubles\n|player|p1|FeyQueenZoom|bellelba|1052\n|player|p2|Gorimuu|unknown|1071\n|gen|9\n|tier|[Gen 9 Champions] VGC 2026 Reg M-A\n|rated|\n|rule|Species Clause: Limit one of each Pok\u00e9mon\n|rule|Item Clause: Limit 1 of each item\n|clearpoke\n|poke|p1|Zoroark-Hisui, L50, F|\n|poke|p1|Lucario, L50, M|\n|poke|p1|Whimsicott, L50, M|\n|poke|p1|Dragapult, L50, F|\n|poke|p1|Incineroar, L50, F|\n|poke|p1|Corviknight, L50, F|\n|poke|p2|Floette-Eternal, L50, F|\n|poke|p2|Kingambit, L50, M|\n|poke|p2|Sneasler, L50, M|\n|poke|p2|Garchomp, L50, F|\n|poke|p2|Froslass, L50, F|\n|poke|p2|Basculegion, L50, M|\n|teampreview|4\n|\n|t:|1776387443\n|teamsize|p1|4\n|teamsize|p2|4\n|start\n|switch|p1a: Lucario|Lucario, L50, M|100/100\n|switch|p1b: Dragapult|Dragapult, L50, F|100/100\n|switch|p2a: Garchomp|Garchomp, L50, F|100/100\n|switch|p2b: Sneasler|Sneasler, L50, M|100/100\n|turn|1\n|\n|t:|1776387463\n|move|p2b: Sneasler|Fake Out|p1a: Lucario\n|-resisted|p1a: Lucario|1\n|-damage|p1a: Lucario|87/100\n|cant|p1a: Lucario|flinch\n|move|p1b: Dragapult|Icy Wind|p2a: Garchomp|[spread] p2a,p2b\n|-supereffective|p2a: Garchomp|2\n|-damage|p2a: Garchomp|45/100\n|-damage|p2b: Sneasler|81/100\n|-unboost|p2a: Garchomp|spe|1\n|-unboost|p2b: Sneasler|spe|1\n|move|p2a: Garchomp|Dragon Claw|p1b: Dragapult\n|-damage|p1b: Dragapult|23/100\n|replace|p1b: Zoroark|Zoroark-Hisui, L50, F\n|-end|p1b: Zoroark|Illusion\n|\n|upkeep\n|turn|2\n|\n|t:|1776387500\n|switch|p2a: Basculegion|Basculegion, L50, M|100/100\n|move|p1b: Zoroark|Bitter Malice|p2a: Basculegion\n|-supereffective|p2a: Basculegion|1\n|-damage|p2a: Basculegion|17/100\n|-unboost|p2a: Basculegion|atk|1\n|-enditem|p2a: Basculegion|Sitrus Berry|[eat]\n|-heal|p2a: Basculegion|41/100|[from] item: Sitrus Berry\n|move|p1a: Lucario|Meteor Mash|p2b: Sneasler\n|-damage|p2b: Sneasler|7/100\n|move|p2b: Sneasler|Close Combat|p1a: Lucario\n|-supereffective|p1a: Lucario|1\n|-damage|p1a: Lucario|0 fnt\n|-unboost|p2b: Sneasler|def|1\n|-unboost|p2b: Sneasler|spd|1\n|faint|p1a: Lucario\n|\n|upkeep\n|\n|t:|1776387522\n|switch|p1a: Dragapult|Dragapult, L50, F|100/100\n|turn|3\n|\n|t:|1776387536\n|move|p2a: Basculegion|Aqua Jet|p1b: Zoroark\n|-damage|p1b: Zoroark|0 fnt\n|faint|p1b: Zoroark\n|move|p1a: Dragapult|Shadow Ball|p2a: Basculegion\n|-supereffective|p2a: Basculegion|1\n|-damage|p2a: Basculegion|0 fnt\n|faint|p2a: Basculegion\n|move|p2b: Sneasler|Dire Claw|p1a: Dragapult\n|-resisted|p1a: Dragapult|1\n|-damage|p1a: Dragapult|68/100\n|-status|p1a: Dragapult|slp\n|\n|upkeep\n|\n|t:|1776387548\n|switch|p1b: Incineroar|Incineroar, L50, F|100/100\n|switch|p2a: Froslass|Froslass, L50, F|100/100\n|-ability|p1b: Incineroar|Intimidate|boost\n|-unboost|p2a: Froslass|atk|1\n|-unboost|p2b: Sneasler|atk|1\n|turn|4\n|\n|t:|1776387570\n|detailschange|p2a: Froslass|Froslass-Mega, L50, F\n|-mega|p2a: Froslass|Froslass|Froslassite\n|-weather|Snowscape|[from] ability: Snow Warning|[of] p2a: Froslass\n|move|p2a: Froslass|Protect|p2a: Froslass\n|-singleturn|p2a: Froslass|Protect\n|move|p1b: Incineroar|Fake Out|p2b: Sneasler\n|-damage|p2b: Sneasler|0 fnt\n|faint|p2b: Sneasler\n|cant|p1a: Dragapult|slp\n|\n|-weather|Snowscape|[upkeep]\n|upkeep\n|\n|t:|1776387579\n|switch|p2b: Garchomp|Garchomp, L50, F|45/100\n|turn|5\n|\n|t:|1776387592\n|-curestatus|p1a: Dragapult|slp|[msg]\n|move|p1a: Dragapult|Protect|p1a: Dragapult\n|-singleturn|p1a: Dragapult|Protect\n|move|p2a: Froslass|Substitute|p2a: Froslass\n|-start|p2a: Froslass|Substitute\n|-damage|p2a: Froslass|76/100\n|move|p2b: Garchomp|Earthquake|p1b: Incineroar|[spread] p2a,p1b\n|-activate|p1a: Dragapult|move: Protect\n|-crit|p2a: Froslass\n|-end|p2a: Froslass|Substitute\n|-supereffective|p1b: Incineroar|1\n|-damage|p1b: Incineroar|23/100\n|-enditem|p1b: Incineroar|Sitrus Berry|[eat]\n|-heal|p1b: Incineroar|48/100|[from] item: Sitrus Berry\n|move|p1b: Incineroar|Flare Blitz|p2a: Froslass\n|-supereffective|p2a: Froslass|1\n|-damage|p2a: Froslass|0 fnt\n|faint|p2a: Froslass\n|-damage|p1b: Incineroar|26/100|[from] Recoil\n|\n|-weather|Snowscape|[upkeep]\n|upkeep\n|turn|6\n|\n|t:|1776387617\n|move|p1a: Dragapult|Draco Meteor|p2b: Garchomp\n|-supereffective|p2b: Garchomp|1\n|-enditem|p2b: Garchomp|Haban Berry|[eat]\n|-enditem|p2b: Garchomp|Haban Berry|[weaken]\n|-damage|p2b: Garchomp|0 fnt\n|-unboost|p1a: Dragapult|spa|2\n|faint|p2b: Garchomp\n|\n|win|FeyQueenZoom\n|raw|FeyQueenZoom's rating: 1052 &rarr; <strong>1086</strong><br />(+34 for winning)\n|raw|Gorimuu's rating: 1071 &rarr; <strong>1049</strong><br />(-22 for losing)\n",
  "uploadtime": 1776387628,
  "views": 20,
  "formatid": "gen9championsvgc2026regma",
  "rating": 1049,
  "private": 0,
  "password": null
}