{
  "id": "gen9championsvgc2026regma-2583980866",
  "format": "[Gen 9 Champions] VGC 2026 Reg M-A",
  "players": [
    "PlazaRayquaza",
    "Northgdh"
  ],
  "log": "|j|\u2606PlazaRayquaza\n|j|\u2606Northgdh\n|t:|1776213851\n|gametype|doubles\n|player|p1|PlazaRayquaza|calem-masters|1384\n|player|p2|Northgdh|pokemonranger-gen4|1336\n|gen|9\n|tier|[Gen 9 Champions] VGC 2026 Reg M-A\n|rated|\n|rule|Species Clause: Limit one of each Pok\u00e9mon\n|rule|Item Clause: Limit 1 of each item\n|clearpoke\n|poke|p1|Delphox, L50, M|\n|poke|p1|Farigiraf, L50, F|\n|poke|p1|Arcanine-Hisui, L50, M|\n|poke|p1|Whimsicott, L50, F|\n|poke|p1|Mamoswine, L50, M|\n|poke|p1|Pangoro, L50, M|\n|poke|p2|Gengar, L50, F|\n|poke|p2|Vivillon-Polar, L50, M|\n|poke|p2|Incineroar, L50, F|\n|poke|p2|Basculegion, L50, M|\n|poke|p2|Kingambit, L50, M|\n|poke|p2|Politoed, L50, F|\n|teampreview|4\n|inactive|Battle timer is ON: inactive players will automatically lose when time's up. (requested by Northgdh)\n|inactive|Northgdh has 60 seconds left.\nPlazaRayquaza rejected open team sheets.\n|\n|t:|1776213911\n|teamsize|p1|4\n|teamsize|p2|4\n|start\n|switch|p1a: Po|Pangoro, L50, M, shiny|100/100\n|switch|p1b: GuardDog|Arcanine-Hisui, L50, M, shiny|100/100\n|switch|p2a: Squabblin|Gengar, L50, F, shiny|100/100\n|switch|p2b: BalancePatch|Kingambit, L50, M, shiny|100/100\n|-ability|p1b: GuardDog|Intimidate|boost\n|-unboost|p2a: Squabblin|atk|1\n|-unboost|p2b: BalancePatch|atk|1\n|-ability|p2b: BalancePatch|Defiant|boost\n|-boost|p2b: BalancePatch|atk|2\n|turn|1\n|\n|t:|1776213927\n|detailschange|p2a: Squabblin|Gengar-Mega, L50, F, shiny\n|-mega|p2a: Squabblin|Gengar|Gengarite\n|move|p2a: Squabblin|Protect|p2a: Squabblin\n|-singleturn|p2a: Squabblin|Protect\n|move|p2b: BalancePatch|Protect|p2b: BalancePatch\n|-singleturn|p2b: BalancePatch|Protect\n|move|p1b: GuardDog|Flare Blitz|p2b: BalancePatch\n|-activate|p2b: BalancePatch|move: Protect\n|move|p1a: Po|Knock Off|p2a: Squabblin\n|-activate|p2a: Squabblin|move: Protect\n|\n|upkeep\n|turn|2\n|\n|t:|1776213943\n|switch|p2b: CheeseLeague|Incineroar, L50, F, shiny|100/100\n|-ability|p2b: CheeseLeague|Intimidate|boost\n|-fail|p1a: Po|unboost|Attack|[from] ability: Scrappy|[of] p1a: Po\n|-unboost|p1b: GuardDog|atk|1\n|-enditem|p1b: GuardDog|White Herb\n|-clearnegativeboost|p1b: GuardDog|[silent]\n|move|p2a: Squabblin|Perish Song|p2a: Squabblin\n|-start|p1a: Po|perish3|[silent]\n|-start|p1b: GuardDog|perish3|[silent]\n|-start|p2a: Squabblin|perish3|[silent]\n|-start|p2b: CheeseLeague|perish3|[silent]\n|-fieldactivate|move: Perish Song\n|move|p1b: GuardDog|Flare Blitz|p2b: CheeseLeague\n|-resisted|p2b: CheeseLeague|1\n|-damage|p2b: CheeseLeague|80/100\n|-damage|p1b: GuardDog|92/100|[from] Recoil\n|move|p1a: Po|Knock Off|p2a: Squabblin\n|-supereffective|p2a: Squabblin|1\n|-damage|p2a: Squabblin|15/100\n|\n|-start|p2a: Squabblin|perish3\n|-start|p1b: GuardDog|perish3\n|-start|p1a: Po|perish3\n|-start|p2b: CheeseLeague|perish3\n|upkeep\n|turn|3\n|inactive|Northgdh has 30 seconds left.\n|\n|t:|1776213968\n|move|p2a: Squabblin|Protect|p2a: Squabblin\n|-singleturn|p2a: Squabblin|Protect\n|move|p2b: CheeseLeague|Fake Out|p1a: Po\n|-damage|p1a: Po|89/100\n|move|p1b: GuardDog|Rock Slide|p2a: Squabblin|[spread] p2b\n|-activate|p2a: Squabblin|move: Protect\n|-supereffective|p2b: CheeseLeague|1\n|-damage|p2b: CheeseLeague|41/100\n|-enditem|p2b: CheeseLeague|Sitrus Berry|[eat]\n|-heal|p2b: CheeseLeague|66/100|[from] item: Sitrus Berry\n|cant|p1a: Po|flinch\n|\n|-heal|p1a: Po|95/100|[from] item: Leftovers\n|-start|p2a: Squabblin|perish2\n|-start|p1b: GuardDog|perish2\n|-start|p1a: Po|perish2\n|-start|p2b: CheeseLeague|perish2\n|upkeep\n|turn|4\n|inactive|Northgdh has 30 seconds left.\n|\n|t:|1776213999\n|switch|p2b: Pegasus|Basculegion, L50, M|100/100\n|move|p2a: Squabblin|Sludge Bomb|p1b: GuardDog\n|-resisted|p1b: GuardDog|1\n|-damage|p1b: GuardDog|59/100\n|-status|p1b: GuardDog|psn\n|move|p1b: GuardDog|Flare Blitz|p2a: Squabblin\n|-crit|p2a: Squabblin\n|-damage|p2a: Squabblin|0 fnt\n|faint|p2a: Squabblin\n|-damage|p1b: GuardDog|54/100 psn|[from] Recoil\n|move|p1a: Po|Close Combat|p2b: Pegasus\n|-damage|p2b: Pegasus|18/100\n|-unboost|p1a: Po|def|1\n|-unboost|p1a: Po|spd|1\n|\n|-heal|p1a: Po|100/100|[from] item: Leftovers\n|-damage|p1b: GuardDog|42/100 psn|[from] psn\n|-start|p1b: GuardDog|perish1\n|-start|p1a: Po|perish1\n|upkeep\n|\n|t:|1776214005\n|switch|p2a: BalancePatch|Kingambit, L50, M, shiny|100/100\n|turn|5\n|\n|t:|1776214017\n|switch|p1a: FloofPoof|Whimsicott, L50, F, shiny|100/100\n|move|p2b: Pegasus|Flip Turn|p1b: GuardDog\n|-supereffective|p1b: GuardDog|2\n|-damage|p1b: GuardDog|0 fnt\n|faint|p1b: GuardDog\n|\n|t:|1776214022\n|switch|p2b: CheeseLeague|Incineroar, L50, F, shiny|66/100|[from] Flip Turn\n|-ability|p2b: CheeseLeague|Intimidate|boost\n|-unboost|p1a: FloofPoof|atk|1\n|move|p2a: BalancePatch|Swords Dance|p2a: BalancePatch\n|-boost|p2a: BalancePatch|atk|2\n|\n|upkeep\n|\n|t:|1776214027\n|switch|p1b: Po|Pangoro, L50, M, shiny|100/100\n|turn|6\n|\n|t:|1776214038\n|switch|p1a: Escalator|Farigiraf, L50, F, shiny|100/100\n|move|p2b: CheeseLeague|Fake Out||[still]\n|cant|p1a: Escalator|ability: Armor Tail|Fake Out|[of] p2b: CheeseLeague\n|move|p1b: Po|Close Combat|p2a: BalancePatch\n|-supereffective|p2a: BalancePatch|2\n|-damage|p2a: BalancePatch|0 fnt\n|-unboost|p1b: Po|def|1\n|-unboost|p1b: Po|spd|1\n|faint|p2a: BalancePatch\n|\n|upkeep\n|\n|t:|1776214046\n|switch|p2a: Pegasus|Basculegion, L50, M|18/100\n|turn|7\n|\n|t:|1776214052\n|switch|p1b: FloofPoof|Whimsicott, L50, F, shiny|100/100\n|move|p2a: Pegasus|Wave Crash|p1b: FloofPoof\n|-resisted|p1b: FloofPoof|1\n|-damage|p1b: FloofPoof|41/100\n|-damage|p2a: Pegasus|5/100|[from] Recoil\n|move|p2b: CheeseLeague|Throat Chop|p1a: Escalator\n|-supereffective|p1a: Escalator|1\n|-damage|p1a: Escalator|49/100\n|-start|p1a: Escalator|Throat Chop|[silent]\n|-enditem|p1a: Escalator|Sitrus Berry|[eat]\n|-heal|p1a: Escalator|74/100|[from] item: Sitrus Berry\n|cant|p1a: Escalator|move: Throat Chop\n|\n|upkeep\n|turn|8\n|\n|t:|1776214072\n|move|p1b: FloofPoof|Tailwind|p1b: FloofPoof\n|-sidestart|p1: PlazaRayquaza|move: Tailwind\n|move|p2a: Pegasus|Wave Crash|p1b: FloofPoof\n|-resisted|p1b: FloofPoof|1\n|-damage|p1b: FloofPoof|0 fnt\n|faint|p1b: FloofPoof\n|-damage|p2a: Pegasus|0 fnt|[from] Recoil\n|faint|p2a: Pegasus\n|move|p1a: Escalator|Imprison|p1a: Escalator\n|-start|p1a: Escalator|move: Imprison\n|move|p2b: CheeseLeague|Throat Chop|p1a: Escalator\n|-supereffective|p1a: Escalator|1\n|-damage|p1a: Escalator|17/100\n|\n|-end|p1a: Escalator|Throat Chop|[silent]\n|upkeep\n|\n|t:|1776214075\n|switch|p1b: Po|Pangoro, L50, M, shiny|100/100\n|turn|9\n|-message|Northgdh forfeited.\n|\n|win|PlazaRayquaza\n|raw|PlazaRayquaza's rating: 1384 &rarr; <strong>1401</strong><br />(+17 for winning)\n|raw|Northgdh's rating: 1336 &rarr; <strong>1319</strong><br />(-17 for losing)\n|l|\u2606Northgdh\n|player|p2|\n",
  "uploadtime": 1776214083,
  "views": 50,
  "formatid": "gen9championsvgc2026regma",
  "rating": 1319,
  "private": 0,
  "password": null
}