{
  "id": "gen9championsvgc2026regma-2584203119",
  "format": "[Gen 9 Champions] VGC 2026 Reg M-A",
  "players": [
    "colfox",
    "thedrq"
  ],
  "log": "|j|\u203dcolfox\n|j|\u2606thedrq\n|t:|1776237754\n|gametype|doubles\n|player|p1|colfox|2|1135\n|player|p2|thedrq|169|1157\n|gen|9\n|tier|[Gen 9 Champions] VGC 2026 Reg M-A\n|rated|\n|rule|Species Clause: Limit one of each Pok\u00e9mon\n|rule|Item Clause: Limit 1 of each item\n|clearpoke\n|poke|p1|Sylveon, L50, F|\n|poke|p1|Garchomp, L50, F|\n|poke|p1|Milotic, L50, M|\n|poke|p1|Ninetales, L50, M|\n|poke|p1|Raichu, L50, M|\n|poke|p1|Scizor, L50, F|\n|poke|p2|Delphox, L50, M|\n|poke|p2|Whimsicott, L50, F|\n|poke|p2|Sneasler, L50, F|\n|poke|p2|Farigiraf, L50, F|\n|poke|p2|Incineroar, L50, M|\n|poke|p2|Milotic, L50, F|\n|teampreview|4\n|\n|t:|1776237803\n|teamsize|p1|4\n|teamsize|p2|4\n|start\n|switch|p1a: Raichu|Raichu, L50, M|100/100\n|switch|p1b: Scizor|Scizor, L50, F|100/100\n|switch|p2a: Farigiraf|Farigiraf, L50, F|100/100\n|switch|p2b: Sneasler|Sneasler, L50, F|100/100\n|turn|1\n|\n|t:|1776237818\n|detailschange|p1b: Scizor|Scizor-Mega, L50, F\n|-mega|p1b: Scizor|Scizor|Scizorite\n|move|p1a: Raichu|Fake Out||[still]\n|cant|p2a: Farigiraf|ability: Armor Tail|Fake Out|[of] p1a: Raichu\n|move|p2b: Sneasler|Close Combat|p1b: Scizor\n|-damage|p1b: Scizor|51/100\n|-unboost|p2b: Sneasler|def|1\n|-unboost|p2b: Sneasler|spd|1\n|-enditem|p2b: Sneasler|White Herb\n|-clearnegativeboost|p2b: Sneasler|[silent]\n|move|p1b: Scizor|Bug Bite|p2a: Farigiraf\n|-supereffective|p2a: Farigiraf|1\n|-damage|p2a: Farigiraf|0 fnt\n|faint|p2a: Farigiraf\n|\n|upkeep\n|\n|t:|1776237831\n|switch|p2a: Delphox|Delphox, L50, M|100/100\n|turn|2\n|\n|t:|1776237840\n|detailschange|p2a: Delphox|Delphox-Mega, L50, M\n|-mega|p2a: Delphox|Delphox|Delphoxite\n|move|p1b: Scizor|Protect|p1b: Scizor\n|-singleturn|p1b: Scizor|Protect\n|move|p2b: Sneasler|Dire Claw|p1a: Raichu\n|-damage|p1a: Raichu|4/100\n|move|p2a: Delphox|Heat Wave|p1b: Scizor|[spread] p1a\n|-activate|p1b: Scizor|move: Protect\n|-damage|p1a: Raichu|0 fnt\n|faint|p1a: Raichu\n|\n|upkeep\n|\n|t:|1776237855\n|switch|p1a: Milotic|Milotic, L50, M|100/100\n|turn|3\n|\n|t:|1776237866\n|switch|p1b: Garchomp|Garchomp, L50, F|100/100\n|move|p2b: Sneasler|Close Combat|p1a: Milotic\n|-damage|p1a: Milotic|34/100\n|-unboost|p2b: Sneasler|def|1\n|-unboost|p2b: Sneasler|spd|1\n|move|p2a: Delphox|Mystical Fire|p1b: Garchomp\n|-resisted|p1b: Garchomp|1\n|-damage|p1b: Garchomp|77/100\n|-unboost|p1b: Garchomp|spa|1\n|move|p1a: Milotic|Icy Wind|p2b: Sneasler|[spread] p2a,p2b\n|-resisted|p2a: Delphox|1\n|-damage|p2a: Delphox|94/100\n|-damage|p2b: Sneasler|71/100\n|-unboost|p2a: Delphox|spe|1\n|-unboost|p2b: Sneasler|spe|1\n|\n|upkeep\n|turn|4\n|\n|t:|1776237891\n|switch|p2a: Milotic|Milotic, L50, F|100/100\n|move|p2b: Sneasler|Close Combat|p1a: Milotic\n|-damage|p1a: Milotic|0 fnt\n|-unboost|p2b: Sneasler|def|1\n|-unboost|p2b: Sneasler|spd|1\n|faint|p1a: Milotic\n|move|p1b: Garchomp|Rock Slide|p2a: Milotic|[spread] p2a,p2b\n|-resisted|p2b: Sneasler|1\n|-damage|p2a: Milotic|84/100\n|-damage|p2b: Sneasler|40/100\n|\n|upkeep\n|\n|t:|1776237904\n|switch|p1a: Scizor|Scizor-Mega, L50, F|51/100\n|turn|5\n|\n|t:|1776237925\n|move|p1a: Scizor|Protect|p1a: Scizor\n|-singleturn|p1a: Scizor|Protect\n|move|p2b: Sneasler|Close Combat|p1a: Scizor\n|-activate|p1a: Scizor|move: Protect\n|move|p1b: Garchomp|Dragon Claw|p2a: Milotic\n|-damage|p2a: Milotic|44/100\n|move|p2a: Milotic|Icy Wind|p1b: Garchomp|[spread] p1b\n|-activate|p1a: Scizor|move: Protect\n|-supereffective|p1b: Garchomp|2\n|-damage|p1b: Garchomp|12/100\n|-unboost|p1b: Garchomp|spe|1\n|\n|upkeep\n|turn|6\n|\n|t:|1776237959\n|move|p1a: Scizor|Bullet Punch|p2a: Milotic\n|-resisted|p2a: Milotic|1\n|-damage|p2a: Milotic|28/100\n|move|p2b: Sneasler|Close Combat|p1a: Scizor\n|-damage|p1a: Scizor|7/100\n|-unboost|p2b: Sneasler|def|1\n|-unboost|p2b: Sneasler|spd|1\n|move|p1b: Garchomp|Dragon Claw|p2a: Milotic\n|-damage|p2a: Milotic|0 fnt\n|faint|p2a: Milotic\n|\n|upkeep\n|\n|t:|1776237970\n|switch|p2a: Delphox|Delphox-Mega, L50, M|94/100\n|turn|7\n|\n|t:|1776237992\n|move|p1a: Scizor|Bullet Punch|p2b: Sneasler\n|-damage|p2b: Sneasler|0 fnt\n|faint|p2b: Sneasler\n|move|p2a: Delphox|Heat Wave|p1a: Scizor|[spread] p1a,p1b\n|-supereffective|p1a: Scizor|2\n|-resisted|p1b: Garchomp|1\n|-damage|p1a: Scizor|0 fnt\n|-damage|p1b: Garchomp|0 fnt\n|faint|p1a: Scizor\n|faint|p1b: Garchomp\n|\n|win|thedrq\n|raw|colfox's rating: 1135 &rarr; <strong>1112</strong><br />(-23 for losing)\n|raw|thedrq's rating: 1157 &rarr; <strong>1180</strong><br />(+23 for winning)\n",
  "uploadtime": 1776238004,
  "views": 38,
  "formatid": "gen9championsvgc2026regma",
  "rating": 1112,
  "private": 0,
  "password": null
}