{
  "id": "gen9championsvgc2026regma-2581685330",
  "format": "[Gen 9 Champions] VGC 2026 Reg M-A",
  "players": [
    "SpearOfGungnir",
    "pawjobpuppygirl"
  ],
  "log": "|j|\u2606SpearOfGungnir\n|j|\u2606pawjobpuppygirl\n|t:|1776020589\n|gametype|doubles\n|player|p1|SpearOfGungnir|1|1046\n|player|p2|pawjobpuppygirl|iris-gen5bw2|1000\n|gen|9\n|tier|[Gen 9 Champions] VGC 2026 Reg M-A\n|rated|\n|rule|Species Clause: Limit one of each Pok\u00e9mon\n|rule|Item Clause: Limit 1 of each item\n|clearpoke\n|poke|p1|Sylveon, L50, F|\n|poke|p1|Rotom-Wash, L50|\n|poke|p1|Incineroar, L50, F|\n|poke|p1|Farigiraf, L50, M|\n|poke|p1|Whimsicott, L50, M|\n|poke|p1|Garchomp, L50, M|\n|poke|p2|Whimsicott, L50, M|\n|poke|p2|Gengar, L50, M|\n|poke|p2|Typhlosion-Hisui, L50, F|\n|poke|p2|Farigiraf, L50, M|\n|poke|p2|Incineroar, L50, F|\n|poke|p2|Kommo-o, L50, F|\n|teampreview|4\n|\n|t:|1776020614\n|teamsize|p1|4\n|teamsize|p2|4\n|start\n|switch|p1a: Incineroar|Incineroar, L50, F|100/100\n|switch|p1b: Whimsicott|Whimsicott, L50, M|100/100\n|switch|p2a: The roaring cat|Incineroar, L50, F|100/100\n|switch|p2b: Joey|Whimsicott, L50, M|100/100\n|-ability|p1a: Incineroar|Intimidate|boost\n|-unboost|p2a: The roaring cat|atk|1\n|-unboost|p2b: Joey|atk|1\n|-ability|p2a: The roaring cat|Intimidate|boost\n|-unboost|p1a: Incineroar|atk|1\n|-unboost|p1b: Whimsicott|atk|1\n|turn|1\n|c|\u2606SpearOfGungnir|well this is awkward\n|c|\u2606pawjobpuppygirl|lol??\n|c|\u2606SpearOfGungnir|LMAOOO\n|c|\u2606pawjobpuppygirl|Free thinkers when whimsicott incineroar\n|\n|t:|1776020655\n|move|p1b: Whimsicott|Protect|p1b: Whimsicott\n|-singleturn|p1b: Whimsicott|Protect\n|move|p2a: The roaring cat|Fake Out|p1a: Incineroar\n|-damage|p1a: Incineroar|91/100\n|move|p2b: Joey|Tailwind|p2b: Joey\n|-sidestart|p2: pawjobpuppygirl|move: Tailwind\n|cant|p1a: Incineroar|flinch\n|\n|upkeep\n|turn|2\n|c|\u2606pawjobpuppygirl|I sure wonder what button im pressing\n|c|\u2606SpearOfGungnir|:)\n|\n|t:|1776020689\n|switch|p2b: Joey 2|Kommo-o, L50, F, shiny|100/100\n|move|p1b: Whimsicott|Tailwind|p1b: Whimsicott\n|-sidestart|p1: SpearOfGungnir|move: Tailwind\n|move|p1a: Incineroar|Parting Shot|p2a: The roaring cat\n|-unboost|p2a: The roaring cat|atk|1\n|-unboost|p2a: The roaring cat|spa|1\n|c|\u2606SpearOfGungnir|but what if I press it too.....................\n|\n|t:|1776020700\n|switch|p1a: Garchomp|Garchomp, L50, M|100/100|[from] Parting Shot\n|move|p2a: The roaring cat|Flare Blitz|p1b: Whimsicott\n|-supereffective|p1b: Whimsicott|1\n|-crit|p1b: Whimsicott\n|-enditem|p1b: Whimsicott|Focus Sash\n|-damage|p1b: Whimsicott|1/100\n|-damage|p2a: The roaring cat|78/100|[from] Recoil\n|\n|upkeep\n|turn|3\n|c|\u2606pawjobpuppygirl|How audacious\n|\n|t:|1776020727\n|detailschange|p1a: Garchomp|Garchomp-Mega, L50, M\n|-mega|p1a: Garchomp|Garchomp|Garchompite\n|move|p1b: Whimsicott|Protect|p1b: Whimsicott\n|-singleturn|p1b: Whimsicott|Protect\n|move|p1a: Garchomp|Earthquake|p2b: Joey 2|[spread] p2a,p2b\n|-activate|p1b: Whimsicott|move: Protect\n|-supereffective|p2a: The roaring cat|1\n|-enditem|p2a: The roaring cat|Shuca Berry|[eat]\n|-enditem|p2a: The roaring cat|Shuca Berry|[weaken]\n|-damage|p2a: The roaring cat|30/100\n|-damage|p2b: Joey 2|54/100\n|move|p2b: Joey 2|Rock Slide|p1b: Whimsicott|[spread] p1a\n|-activate|p1b: Whimsicott|move: Protect\n|-resisted|p1a: Garchomp|1\n|-crit|p1a: Garchomp\n|-damage|p1a: Garchomp|93/100\n|move|p2a: The roaring cat|Parting Shot|p1a: Garchomp\n|-unboost|p1a: Garchomp|atk|1\n|-unboost|p1a: Garchomp|spa|1\n|\n|t:|1776020748\n|switch|p2a: Gassy Gus|Gengar, L50, M|100/100|[from] Parting Shot\n|\n|-heal|p2b: Joey 2|60/100|[from] item: Leftovers\n|upkeep\n|turn|4\n|\n|t:|1776020779\n|move|p1b: Whimsicott|Moonblast|p2b: Joey 2\n|-supereffective|p2b: Joey 2|2\n|-damage|p2b: Joey 2|0 fnt\n|faint|p2b: Joey 2\n|move|p2a: Gassy Gus|Disable|p1a: Garchomp\n|-start|p1a: Garchomp|Disable|Earthquake\n|cant|p1a: Garchomp|Disable|Earthquake\n|\n|-sideend|p2: pawjobpuppygirl|move: Tailwind\n|upkeep\n|\n|t:|1776020787\n|switch|p2b: The roaring cat|Incineroar, L50, F|30/100\n|-ability|p2b: The roaring cat|Intimidate|boost\n|-unboost|p1a: Garchomp|atk|1\n|-unboost|p1b: Whimsicott|atk|1\n|turn|5\n|\n|t:|1776020807\n|switch|p1b: Rotom|Rotom-Wash, L50|100/100\n|move|p2b: The roaring cat|Fake Out|p1b: Rotom\n|-damage|p1b: Rotom|89/100\n|move|p1a: Garchomp|Iron Head|p2a: Gassy Gus\n|-damage|p2a: Gassy Gus|66/100\n|move|p2a: Gassy Gus|Shadow Ball|p1a: Garchomp\n|-damage|p1a: Garchomp|48/100\n|-unboost|p1a: Garchomp|spd|1\n|\n|-sideend|p1: SpearOfGungnir|move: Tailwind\n|upkeep\n|turn|6\n|c|\u2606pawjobpuppygirl|this might be dumb\n|c|\u2606pawjobpuppygirl|nvm it was\n|c|\u2606SpearOfGungnir|my poor garchomp stacking debuffs\n|c|\u2606pawjobpuppygirl|100 curses\n|\n|t:|1776020845\n|detailschange|p2a: Gassy Gus|Gengar-Mega, L50, M\n|-mega|p2a: Gassy Gus|Gengar|Gengarite\n|move|p2a: Gassy Gus|Shadow Ball|p1a: Garchomp\n|-crit|p1a: Garchomp\n|-damage|p1a: Garchomp|0 fnt\n|faint|p1a: Garchomp\n|move|p1b: Rotom|Thunderbolt|p2a: Gassy Gus\n|-damage|p2a: Gassy Gus|19/100\n|move|p2b: The roaring cat|Darkest Lariat|p1b: Rotom\n|-damage|p1b: Rotom|55/100\n|\n|upkeep\n|\n|t:|1776020855\n|switch|p1a: Incineroar|Incineroar, L50, F|91/100\n|-ability|p1a: Incineroar|Intimidate|boost\n|-unboost|p2a: Gassy Gus|atk|1\n|-unboost|p2b: The roaring cat|atk|1\n|turn|7\n|c|\u2606SpearOfGungnir|He Arrives\n|\n|t:|1776020871\n|move|p2a: Gassy Gus|Protect|p2a: Gassy Gus\n|-singleturn|p2a: Gassy Gus|Protect\n|move|p1b: Rotom|Protect|p1b: Rotom\n|-singleturn|p1b: Rotom|Protect\n|move|p1a: Incineroar|Fake Out|p2b: The roaring cat\n|-damage|p2b: The roaring cat|19/100\n|cant|p2b: The roaring cat|flinch\n|\n|upkeep\n|turn|8\n|c|\u2606pawjobpuppygirl|its so over\n|c|\u2606SpearOfGungnir|sobbing\n|\n|t:|1776020894\n|move|p2a: Gassy Gus|Sludge Bomb|p1b: Rotom\n|-damage|p1b: Rotom|0 fnt\n|faint|p1b: Rotom\n|move|p1a: Incineroar|Close Combat|p2b: The roaring cat\n|-supereffective|p2b: The roaring cat|1\n|-damage|p2b: The roaring cat|0 fnt\n|-unboost|p1a: Incineroar|def|1\n|-unboost|p1a: Incineroar|spd|1\n|faint|p2b: The roaring cat\n|\n|upkeep\n|\n|t:|1776020904\n|switch|p1b: Whimsicott|Whimsicott, L50, M|1/100\n|switch|p2b: Joey|Whimsicott, L50, M|100/100\n|turn|9\n|\n|t:|1776020930\n|move|p1b: Whimsicott|Protect|p1b: Whimsicott\n|-singleturn|p1b: Whimsicott|Protect\n|move|p2a: Gassy Gus|Protect|p2a: Gassy Gus\n|-singleturn|p2a: Gassy Gus|Protect\n|move|p2b: Joey|Moonblast|p1b: Whimsicott\n|-activate|p1b: Whimsicott|move: Protect\n|move|p1a: Incineroar|Flare Blitz|p2a: Gassy Gus\n|-activate|p2a: Gassy Gus|move: Protect\n|\n|upkeep\n|turn|10\n|c|\u2606pawjobpuppygirl|DANG IT\n|c|\u2606pawjobpuppygirl|This is winnable\n|\n|t:|1776020967\n|move|p1b: Whimsicott|Tailwind|p1b: Whimsicott\n|-sidestart|p1: SpearOfGungnir|move: Tailwind\n|move|p2b: Joey|Encore|p1b: Whimsicott\n|-start|p1b: Whimsicott|Encore\n|move|p2a: Gassy Gus|Sludge Bomb|p1a: Incineroar\n|-damage|p1a: Incineroar|37/100\n|move|p1a: Incineroar|Flare Blitz|p2a: Gassy Gus\n|-damage|p2a: Gassy Gus|0 fnt\n|faint|p2a: Gassy Gus\n|-damage|p1a: Incineroar|33/100|[from] Recoil\n|\n|upkeep\n|turn|11\n|\n|t:|1776020981\n|move|p1b: Whimsicott|Tailwind||[still]\n|-fail|p1b: Whimsicott\n|move|p2b: Joey|Moonblast|p1a: Incineroar\n|-damage|p1a: Incineroar|0 fnt\n|faint|p1a: Incineroar\n|\n|upkeep\n|turn|12\n|c|\u2606pawjobpuppygirl|WHIMSICOTT PLEASEE\n|c|\u2606pawjobpuppygirl|LIVE THIS\n|c|\u2606pawjobpuppygirl|YES\n|c|\u2606SpearOfGungnir|THERE IS NO WAY\n|c|\u2606SpearOfGungnir|THERE IS ACTUALLY NO WAY\n|c|\u2606pawjobpuppygirl|OUTSPED TAILWIND???\n|c|\u2606SpearOfGungnir|NO FUCKING WAY\n|\n|t:|1776021000\n|move|p1b: Whimsicott|Tailwind||[still]\n|-fail|p1b: Whimsicott\n|move|p2b: Joey|Moonblast|p1b: Whimsicott\n|-damage|p1b: Whimsicott|0 fnt\n|faint|p1b: Whimsicott\n|\n|win|pawjobpuppygirl\n|raw|SpearOfGungnir's rating: 1046 &rarr; <strong>1027</strong><br />(-19 for losing)\n|raw|pawjobpuppygirl's rating: 1000 &rarr; <strong>1045</strong><br />(+45 for winning)\n|c|\u2606pawjobpuppygirl|Gg\n|c|\u2606SpearOfGungnir|LMFAOOOOOOOOOOOO\n|c|\u2606SpearOfGungnir|GG\n|c|\u2606pawjobpuppygirl|that was fun\n",
  "uploadtime": 1776021018,
  "views": 39,
  "formatid": "gen9championsvgc2026regma",
  "rating": 1027,
  "private": 0,
  "password": null
}