{
  "id": "gen9championsvgc2026regma-2587631557",
  "format": "[Gen 9 Champions] VGC 2026 Reg M-A",
  "players": [
    "Jahan e",
    "EduardoBenioCiclo"
  ],
  "log": "|j|\u2606Jahan e\n|j|\u2606EduardoBenioCiclo\n|t:|1776548661\n|gametype|doubles\n|player|p1|Jahan e|265|1000\n|player|p2|EduardoBenioCiclo|n|1065\n|gen|9\n|tier|[Gen 9 Champions] VGC 2026 Reg M-A\n|rated|\n|rule|Species Clause: Limit one of each Pok\u00e9mon\n|rule|Item Clause: Limit 1 of each item\n|clearpoke\n|poke|p1|Charizard, L50, F, shiny|\n|poke|p1|Venusaur, L50, F|\n|poke|p1|Sneasler, L50, F|\n|poke|p1|Aerodactyl, L50, F|\n|poke|p1|Torkoal, L50, M|\n|poke|p1|Whimsicott, L50, F, shiny|\n|poke|p2|Aerodactyl, L50, M|\n|poke|p2|Garchomp, L50, F|\n|poke|p2|Kingambit, L50, M|\n|poke|p2|Sneasler, L50, F|\n|poke|p2|Floette-Eternal, L50, F|\n|poke|p2|Rotom-Wash, L50|\n|teampreview|4\n|\n|t:|1776548712\n|teamsize|p1|4\n|teamsize|p2|4\n|start\n|switch|p1a: Whimsicott|Whimsicott, L50, F, shiny|100/100\n|switch|p1b: Sneasler|Sneasler, L50, F|100/100\n|switch|p2a: Aerodactyl|Aerodactyl, L50, M|100/100\n|switch|p2b: Sneasler|Sneasler, L50, F|100/100\n|-ability|p2a: Aerodactyl|Unnerve\n|turn|1\n|\n|t:|1776548776\n|switch|p1b: Charizard|Charizard, L50, F, shiny|100/100\n|move|p1a: Whimsicott|Tailwind|p1a: Whimsicott\n|-sidestart|p1: Jahan e|move: Tailwind\n|move|p2a: Aerodactyl|Tailwind|p2a: Aerodactyl\n|-sidestart|p2: EduardoBenioCiclo|move: Tailwind\n|move|p2b: Sneasler|Dire Claw|p1a: Whimsicott\n|-supereffective|p1a: Whimsicott|2\n|-enditem|p1a: Whimsicott|Focus Sash\n|-damage|p1a: Whimsicott|1/100\n|-status|p1a: Whimsicott|slp\n|\n|upkeep\n|turn|2\n|\n|t:|1776548822\n|switch|p1b: Sneasler|Sneasler, L50, F|100/100\n|switch|p1a: Venusaur|Venusaur, L50, F|100/100\n|move|p2a: Aerodactyl|Rock Slide|p1a: Venusaur|[spread] p1a,p1b\n|-resisted|p1b: Sneasler|1\n|-damage|p1a: Venusaur|75/100\n|-damage|p1b: Sneasler|80/100\n|move|p2b: Sneasler|Dire Claw|p1b: Sneasler\n|-resisted|p1b: Sneasler|1\n|-damage|p1b: Sneasler|48/100\n|\n|upkeep\n|turn|3\n|\n|t:|1776548860\n|move|p2a: Aerodactyl|Protect|p2a: Aerodactyl\n|-singleturn|p2a: Aerodactyl|Protect\n|move|p2b: Sneasler|Protect|p2b: Sneasler\n|-singleturn|p2b: Sneasler|Protect\n|move|p1b: Sneasler|Fake Out|p2a: Aerodactyl\n|-activate|p2a: Aerodactyl|move: Protect\n|move|p1a: Venusaur|Sleep Powder|p2a: Aerodactyl\n|-activate|p2a: Aerodactyl|move: Protect\n|\n|upkeep\n|turn|4\n|\n|t:|1776548885\n|switch|p1b: Charizard|Charizard, L50, F, shiny|100/100\n|move|p2a: Aerodactyl|Rock Slide|p1a: Venusaur|[spread] p1a,p1b\n|-supereffective|p1b: Charizard|2\n|-damage|p1a: Venusaur|48/100\n|-damage|p1b: Charizard|0 fnt\n|faint|p1b: Charizard\n|move|p2b: Sneasler|Dire Claw|p1a: Venusaur\n|-damage|p1a: Venusaur|9/100\n|-status|p1a: Venusaur|par\n|move|p1a: Venusaur|Sleep Powder|p2a: Aerodactyl\n|-status|p2a: Aerodactyl|slp|[from] move: Sleep Powder\n|\n|-sideend|p1: Jahan e|move: Tailwind\n|-sideend|p2: EduardoBenioCiclo|move: Tailwind\n|upkeep\n|\n|t:|1776548904\n|switch|p1b: Sneasler|Sneasler, L50, F|48/100\n|turn|5\n|\n|t:|1776548919\n|move|p2b: Sneasler|Protect|p2b: Sneasler\n|-singleturn|p2b: Sneasler|Protect\n|cant|p2a: Aerodactyl|slp\n|move|p1b: Sneasler|Swords Dance|p1b: Sneasler\n|-boost|p1b: Sneasler|atk|2\n|move|p1a: Venusaur|Synthesis|p1a: Venusaur\n|-heal|p1a: Venusaur|58/100 par\n|\n|upkeep\n|turn|6\n|\n|t:|1776548951\n|switch|p2a: Rotom|Rotom-Wash, L50|100/100\n|move|p1a: Venusaur|Protect|p1a: Venusaur\n|-singleturn|p1a: Venusaur|Protect\n|move|p1b: Sneasler|Close Combat|p2b: Sneasler\n|-resisted|p2b: Sneasler|1\n|-damage|p2b: Sneasler|8/100\n|-unboost|p1b: Sneasler|def|1\n|-unboost|p1b: Sneasler|spd|1\n|-enditem|p1b: Sneasler|White Herb\n|-clearnegativeboost|p1b: Sneasler|[silent]\n|move|p2b: Sneasler|Dire Claw|p1a: Venusaur\n|-activate|p1a: Venusaur|move: Protect\n|\n|upkeep\n|turn|7\n|\n|t:|1776548989\n|switch|p1a: Whimsicott|Whimsicott, L50, F, shiny|1/100 slp\n|move|p1b: Sneasler|Close Combat|p2a: Rotom\n|-damage|p2a: Rotom|0 fnt\n|-unboost|p1b: Sneasler|def|1\n|-unboost|p1b: Sneasler|spd|1\n|faint|p2a: Rotom\n|move|p2b: Sneasler|Dire Claw|p1a: Whimsicott\n|-supereffective|p1a: Whimsicott|2\n|-damage|p1a: Whimsicott|0 fnt\n|faint|p1a: Whimsicott\n|\n|upkeep\n|\n|t:|1776549003\n|switch|p2a: Floette|Floette-Eternal, L50, F|100/100\n|switch|p1a: Venusaur|Venusaur, L50, F|58/100 par\n|turn|8\n|\n|t:|1776549036\n|detailschange|p2a: Floette|Floette-Mega, L50, F\n|-mega|p2a: Floette|Floette|Floettite\n|-ability|p2a: Floette|Fairy Aura\n|move|p1b: Sneasler|Dire Claw|p2a: Floette\n|-supereffective|p2a: Floette|1\n|-damage|p2a: Floette|0 fnt\n|faint|p2a: Floette\n|move|p2b: Sneasler|Close Combat|p1a: Venusaur\n|-resisted|p1a: Venusaur|1\n|-damage|p1a: Venusaur|26/100 par\n|-unboost|p2b: Sneasler|def|1\n|-unboost|p2b: Sneasler|spd|1\n|-enditem|p1a: Venusaur|Sitrus Berry|[eat]\n|-heal|p1a: Venusaur|50/100 par|[from] item: Sitrus Berry\n|-enditem|p2b: Sneasler|White Herb\n|-clearnegativeboost|p2b: Sneasler|[silent]\n|move|p1a: Venusaur|Solar Beam||[still]\n|-prepare|p1a: Venusaur|Solar Beam\n|\n|upkeep\n|\n|t:|1776549046\n|switch|p2a: Aerodactyl|Aerodactyl, L50, M|100/100 slp\n|-ability|p2a: Aerodactyl|Unnerve\n|turn|9\n|\n|t:|1776549069\n|move|p1b: Sneasler|Dire Claw|p2a: Aerodactyl\n|-resisted|p2a: Aerodactyl|1\n|-crit|p2a: Aerodactyl\n|-damage|p2a: Aerodactyl|4/100 slp\n|move|p2b: Sneasler|Close Combat|p1b: Sneasler\n|-resisted|p1b: Sneasler|1\n|-damage|p1b: Sneasler|0 fnt\n|-unboost|p2b: Sneasler|def|1\n|-unboost|p2b: Sneasler|spd|1\n|faint|p1b: Sneasler\n|-curestatus|p2a: Aerodactyl|slp|[msg]\n|move|p2a: Aerodactyl|Rock Slide|p1a: Venusaur|[miss]\n|-miss|p2a: Aerodactyl|p1a: Venusaur\n|move|p1a: Venusaur|Solar Beam|p2b: Sneasler|[from] lockedmove\n|-resisted|p2b: Sneasler|1\n|-damage|p2b: Sneasler|0 fnt\n|faint|p2b: Sneasler\n|\n|upkeep\n|turn|10\n|\n|t:|1776549102\n|move|p2a: Aerodactyl|Rock Slide|p1a: Venusaur\n|-damage|p1a: Venusaur|18/100 par\n|cant|p1a: Venusaur|flinch\n|\n|upkeep\n|turn|11\n|\n|t:|1776549111\n|move|p2a: Aerodactyl|Rock Slide|p1a: Venusaur\n|-damage|p1a: Venusaur|0 fnt\n|faint|p1a: Venusaur\n|\n|win|EduardoBenioCiclo\n|raw|Jahan e's rating: 1000 &rarr; <strong>1000</strong><br />(+0 for losing)\n|raw|EduardoBenioCiclo's rating: 1065 &rarr; <strong>1090</strong><br />(+25 for winning)\n|c|\u2606EduardoBenioCiclo|gg\n|c|\u2606EduardoBenioCiclo|wp\n",
  "uploadtime": 1776549119,
  "views": 13,
  "formatid": "gen9championsvgc2026regma",
  "rating": 1000,
  "private": 0,
  "password": null
}