{
  "id": "gen9championsvgc2026regma-2583479695",
  "format": "[Gen 9 Champions] VGC 2026 Reg M-A",
  "players": [
    "chimecholover96",
    "thejamo"
  ],
  "log": "|j|\u2606chimecholover96\n|j|\u2606thejamo\n|t:|1776178293\n|gametype|doubles\n|player|p1|chimecholover96|2|1139\n|player|p2|thejamo|170|1181\n|gen|9\n|tier|[Gen 9 Champions] VGC 2026 Reg M-A\n|rated|\n|rule|Species Clause: Limit one of each Pok\u00e9mon\n|rule|Item Clause: Limit 1 of each item\n|clearpoke\n|poke|p1|Chimecho, L50, M|\n|poke|p1|Incineroar, L50, F|\n|poke|p1|Archaludon, L50, M|\n|poke|p1|Basculegion, L50, M|\n|poke|p1|Politoed, L50, F|\n|poke|p1|Sinistcha, L50|\n|poke|p2|Starmie, L50|\n|poke|p2|Sneasler, L50, F|\n|poke|p2|Garchomp, L50, F|\n|poke|p2|Talonflame, L50, M|\n|poke|p2|Sinistcha, L50|\n|poke|p2|Typhlosion-Hisui, L50, M|\n|teampreview|4\n|inactive|Battle timer is ON: inactive players will automatically lose when time's up. (requested by thejamo)\nthejamo has agreed to open team sheets.\n|inactive|chimecholover96 has 60 seconds left.\n|inactive|thejamo has 60 seconds left.\n|\n|t:|1776178353\n|teamsize|p1|4\n|teamsize|p2|4\n|start\n|switch|p1a: Incineroar|Incineroar, L50, F|100/100\n|switch|p1b: Basculegion|Basculegion, L50, M|100/100\n|switch|p2a: Thjazi|Garchomp, L50, F, shiny|100/100\n|switch|p2b: Captain Falcon|Talonflame, L50, M, shiny|100/100\n|-ability|p1a: Incineroar|Intimidate|boost\n|-unboost|p2a: Thjazi|atk|1\n|-unboost|p2b: Captain Falcon|atk|1\n|turn|1\n|\n|t:|1776178376\n|move|p2b: Captain Falcon|Protect|p2b: Captain Falcon\n|-singleturn|p2b: Captain Falcon|Protect\n|move|p1a: Incineroar|Fake Out|p2b: Captain Falcon\n|-activate|p2b: Captain Falcon|move: Protect\n|move|p2a: Thjazi|Earthquake|p1b: Basculegion|[spread] p1a,p1b\n|-activate|p2b: Captain Falcon|move: Protect\n|-supereffective|p1a: Incineroar|1\n|-damage|p1a: Incineroar|55/100\n|-damage|p1b: Basculegion|68/100\n|move|p1b: Basculegion|Ice Fang|p2a: Thjazi\n|-supereffective|p2a: Thjazi|2\n|-damage|p2a: Thjazi|10/100\n|-damage|p1b: Basculegion|56/100|[from] ability: Rough Skin|[of] p2a: Thjazi\n|\n|upkeep\n|turn|2\n|\n|t:|1776178402\n|switch|p1b: Sinistcha|Sinistcha, L50|100/100\n|-heal|p1a: Incineroar|80/100|[from] ability: Hospitality|[of] p1b: Sinistcha\n|switch|p1a: Chimecho|Chimecho, L50, M|100/100\n|move|p2b: Captain Falcon|Brave Bird|p1a: Chimecho\n|-damage|p1a: Chimecho|55/100\n|-damage|p2b: Captain Falcon|83/100|[from] Recoil\n|move|p2a: Thjazi|Earthquake|p1a: Chimecho|[spread] p1b\n|-immune|p2b: Captain Falcon\n|-immune|p1a: Chimecho|[from] ability: Levitate\n|-resisted|p1b: Sinistcha|1\n|-damage|p1b: Sinistcha|90/100\n|\n|upkeep\n|turn|3\n|inactive|chimecholover96 has 30 seconds left.\n|\n|t:|1776178431\n|switch|p2a: Mr cupcake|Sinistcha, L50, shiny|100/100\n|-heal|p2b: Captain Falcon|100/100|[from] ability: Hospitality|[of] p2a: Mr cupcake\n|detailschange|p1a: Chimecho|Chimecho-Mega, L50, M\n|-mega|p1a: Chimecho|Chimecho|Chimechite\n|move|p2b: Captain Falcon|Protect|p2b: Captain Falcon\n|-singleturn|p2b: Captain Falcon|Protect\n|move|p1b: Sinistcha|Life Dew|p1b: Sinistcha|[spread] p1a,p1b\n|-heal|p1a: Chimecho|81/100\n|-heal|p1b: Sinistcha|100/100\n|move|p1a: Chimecho|Calm Mind|p1a: Chimecho\n|-boost|p1a: Chimecho|spa|1\n|-boost|p1a: Chimecho|spd|1\n|\n|upkeep\n|turn|4\n|inactive|chimecholover96 has 30 seconds left.\n|inactive|chimecholover96 has 20 seconds left.\n|\n|t:|1776178470\n|switch|p1b: Incineroar|Incineroar, L50, F|80/100\n|-ability|p1b: Incineroar|Intimidate|boost\n|-unboost|p2a: Mr cupcake|atk|1\n|-unboost|p2b: Captain Falcon|atk|1\n|move|p2a: Mr cupcake|Rage Powder|p2a: Mr cupcake\n|-singleturn|p2a: Mr cupcake|move: Rage Powder\n|move|p2b: Captain Falcon|Brave Bird|p1b: Incineroar\n|-damage|p1b: Incineroar|55/100\n|-damage|p2b: Captain Falcon|90/100|[from] Recoil\n|move|p1a: Chimecho|Substitute|p1a: Chimecho\n|-start|p1a: Chimecho|Substitute\n|-damage|p1a: Chimecho|56/100\n|\n|upkeep\n|turn|5\n|\n|t:|1776178495\n|switch|p2b: Thjazi|Garchomp, L50, F, shiny|10/100\n|move|p1b: Incineroar|Fake Out|p2b: Thjazi\n|-damage|p2b: Thjazi|0 fnt\n|-damage|p1b: Incineroar|43/100|[from] ability: Rough Skin|[of] p2b: Thjazi\n|-enditem|p1b: Incineroar|Sitrus Berry|[eat]\n|-heal|p1b: Incineroar|68/100|[from] item: Sitrus Berry\n|faint|p2b: Thjazi\n|move|p2a: Mr cupcake|Rage Powder|p2a: Mr cupcake\n|-singleturn|p2a: Mr cupcake|move: Rage Powder\n|move|p1a: Chimecho|Calm Mind|p1a: Chimecho\n|-boost|p1a: Chimecho|spa|1\n|-boost|p1a: Chimecho|spd|1\n|\n|upkeep\n|\n|t:|1776178508\n|switch|p2b: Alice|Starmie, L50, shiny|100/100\n|turn|6\n|\n|t:|1776178525\n|switch|p1b: Sinistcha|Sinistcha, L50|100/100\n|-heal|p1a: Chimecho|81/100|[from] ability: Hospitality|[of] p1b: Sinistcha\n|detailschange|p2b: Alice|Starmie-Mega, L50, shiny\n|-mega|p2b: Alice|Starmie|Starminite\n|move|p2a: Mr cupcake|Rage Powder|p2a: Mr cupcake\n|-singleturn|p2a: Mr cupcake|move: Rage Powder\n|move|p2b: Alice|Flip Turn|p1a: Chimecho\n|-end|p1a: Chimecho|Substitute\n|\n|t:|1776178534\n|switch|p2b: Captain Falcon|Talonflame, L50, M, shiny|90/100|[from] Flip Turn\n|move|p1a: Chimecho|Boomburst|p2b: Captain Falcon|[spread] p2b\n|-immune|p1b: Sinistcha\n|-immune|p2a: Mr cupcake\n|-damage|p2b: Captain Falcon|0 fnt\n|faint|p2b: Captain Falcon\n|\n|upkeep\n|\n|t:|1776178542\n|switch|p2b: Alice|Starmie-Mega, L50, shiny|100/100\n|turn|7\n|\n|t:|1776178567\n|move|p1b: Sinistcha|Rage Powder|p1b: Sinistcha\n|-singleturn|p1b: Sinistcha|move: Rage Powder\n|move|p2b: Alice|Liquidation|p1b: Sinistcha\n|-resisted|p1b: Sinistcha|1\n|-damage|p1b: Sinistcha|72/100\n|move|p2a: Mr cupcake|Matcha Gotcha|p1a: Chimecho|[spread] p1a\n|-miss|p2a: Mr cupcake|p1b: Sinistcha\n|-resisted|p1a: Chimecho|1\n|-damage|p1a: Chimecho|75/100\n|move|p1a: Chimecho|Boomburst|p2b: Alice|[spread] p2b\n|-immune|p1b: Sinistcha\n|-immune|p2a: Mr cupcake\n|-damage|p2b: Alice|5/100\n|\n|upkeep\n|turn|8\n|inactive|chimecholover96 has 30 seconds left.\n|\n|t:|1776178603\n|move|p1b: Sinistcha|Rage Powder|p1b: Sinistcha\n|-singleturn|p1b: Sinistcha|move: Rage Powder\n|move|p2b: Alice|Liquidation|p1b: Sinistcha\n|-resisted|p1b: Sinistcha|1\n|-damage|p1b: Sinistcha|45/100\n|move|p2a: Mr cupcake|Life Dew||[still]|[spread] p2a,p2b\n|-fail|p2a: Mr cupcake|heal\n|-heal|p2b: Alice|30/100\n|move|p1a: Chimecho|Boomburst|p2b: Alice|[spread] p2b\n|-immune|p1b: Sinistcha\n|-immune|p2a: Mr cupcake\n|-damage|p2b: Alice|0 fnt\n|faint|p2b: Alice\n|\n|upkeep\n|turn|9\n|-message|thejamo forfeited.\n|\n|win|chimecholover96\n|raw|chimecholover96's rating: 1139 &rarr; <strong>1167</strong><br />(+28 for winning)\n|raw|thejamo's rating: 1181 &rarr; <strong>1153</strong><br />(-28 for losing)\n|l|\u2606thejamo\n|player|p2|\n",
  "uploadtime": 1776178618,
  "views": 14,
  "formatid": "gen9championsvgc2026regma",
  "rating": 1153,
  "private": 0,
  "password": null
}