{
  "id": "gen9championsvgc2026regma-2582564358",
  "format": "[Gen 9 Champions] VGC 2026 Reg M-A",
  "players": [
    "ChocolateTequila",
    "Mandarino111"
  ],
  "log": "|j|\u2606ChocolateTequila\n|j|\u2606Mandarino111\n|t:|1776099656\n|gametype|doubles\n|player|p1|ChocolateTequila|nurse|1343\n|player|p2|Mandarino111|102|1347\n|gen|9\n|tier|[Gen 9 Champions] VGC 2026 Reg M-A\n|rated|\n|rule|Species Clause: Limit one of each Pok\u00e9mon\n|rule|Item Clause: Limit 1 of each item\n|clearpoke\n|poke|p1|Floette-Eternal, L50, F|\n|poke|p1|Aerodactyl, L50, F|\n|poke|p1|Garchomp, L50, M|\n|poke|p1|Rotom-Wash, L50|\n|poke|p1|Sneasler, L50, M|\n|poke|p1|Incineroar, L50, F|\n|poke|p2|Drampa, L50, M|\n|poke|p2|Kingambit, L50, F|\n|poke|p2|Slowbro, L50, F|\n|poke|p2|Conkeldurr, L50, F|\n|poke|p2|Spiritomb, L50, F|\n|poke|p2|Corviknight, L50, M|\n|teampreview|4\n|inactive|Battle timer is ON: inactive players will automatically lose when time's up. (requested by ChocolateTequila)\nMandarino111 rejected open team sheets.\n|j| CARtu348rjf90\n|\n|t:|1776099684\n|teamsize|p1|4\n|teamsize|p2|4\n|start\n|switch|p1a: Floette|Floette-Eternal, L50, F|100/100\n|switch|p1b: Rotom|Rotom-Wash, L50|100/100\n|switch|p2a: Kingambit|Kingambit, L50, F, shiny|100/100\n|switch|p2b: Corviknight|Corviknight, L50, M|100/100\n|turn|1\n|inactive|Mandarino111 has 30 seconds left.\n|\n|t:|1776099709\n|switch|p2b: Spiritomb|Spiritomb, L50, F, shiny|100/100\n|move|p1a: Floette|Protect|p1a: Floette\n|-singleturn|p1a: Floette|Protect\n|move|p1b: Rotom|Volt Switch|p2b: Spiritomb\n|-damage|p2b: Spiritomb|79/100\n|\n|t:|1776099716\n|switch|p1b: Sneasler|Sneasler, L50, M|100/100|[from] Volt Switch\n|move|p2a: Kingambit|Kowtow Cleave|p1b: Sneasler\n|-resisted|p1b: Sneasler|1\n|-damage|p1b: Sneasler|60/100\n|\n|upkeep\n|turn|2\n|\n|t:|1776099732\n|detailschange|p1a: Floette|Floette-Mega, L50, F\n|-mega|p1a: Floette|Floette|Floettite\n|-ability|p1a: Floette|Fairy Aura\n|move|p1b: Sneasler|Close Combat|p2a: Kingambit\n|-supereffective|p2a: Kingambit|2\n|-enditem|p2a: Kingambit|Focus Sash\n|-damage|p2a: Kingambit|1/100\n|-unboost|p1b: Sneasler|def|1\n|-unboost|p1b: Sneasler|spd|1\n|-enditem|p1b: Sneasler|White Herb\n|-clearnegativeboost|p1b: Sneasler|[silent]\n|move|p1a: Floette|Moonblast|p2b: Spiritomb\n|-supereffective|p2b: Spiritomb|1\n|-damage|p2b: Spiritomb|0 fnt\n|faint|p2b: Spiritomb\n|move|p2a: Kingambit|Iron Head|p1a: Floette\n|-supereffective|p1a: Floette|1\n|-damage|p1a: Floette|1/100\n|\n|upkeep\n|\n|t:|1776099740\n|switch|p2b: Conkeldurr|Conkeldurr, L50, F, shiny|100/100\n|turn|3\n|inactive|ChocolateTequila has 30 seconds left.\n|\n|t:|1776099768\n|switch|p2a: Corviknight|Corviknight, L50, M|100/100\n|move|p1a: Floette|Protect|p1a: Floette\n|-singleturn|p1a: Floette|Protect\n|move|p1b: Sneasler|Close Combat|p2b: Conkeldurr\n|-damage|p2b: Conkeldurr|39/100\n|-unboost|p1b: Sneasler|def|1\n|-unboost|p1b: Sneasler|spd|1\n|move|p2b: Conkeldurr|Drain Punch|p1a: Floette\n|-activate|p1a: Floette|move: Protect\n|\n|upkeep\n|turn|4\n|inactive|Mandarino111 has 30 seconds left.\n|\n|t:|1776099800\n|move|p2b: Conkeldurr|Protect|p2b: Conkeldurr\n|-singleturn|p2b: Conkeldurr|Protect\n|move|p1b: Sneasler|Close Combat|p2a: Corviknight\n|-damage|p2a: Corviknight|52/100\n|-unboost|p1b: Sneasler|def|1\n|-unboost|p1b: Sneasler|spd|1\n|move|p1a: Floette|Dazzling Gleam|p2b: Conkeldurr|[spread] p2a\n|-activate|p2b: Conkeldurr|move: Protect\n|-resisted|p2a: Corviknight|1\n|-damage|p2a: Corviknight|26/100\n|move|p2a: Corviknight|Iron Head|p1a: Floette\n|-supereffective|p1a: Floette|1\n|-damage|p1a: Floette|0 fnt\n|faint|p1a: Floette\n|\n|upkeep\n|\n|t:|1776099814\n|switch|p1a: Rotom|Rotom-Wash, L50|100/100\n|turn|5\n|\n|t:|1776099827\n|move|p2b: Conkeldurr|Protect||[still]\n|-fail|p2b: Conkeldurr\n|move|p1b: Sneasler|Close Combat|p2b: Conkeldurr\n|-damage|p2b: Conkeldurr|0 fnt\n|-unboost|p1b: Sneasler|def|1\n|-unboost|p1b: Sneasler|spd|1\n|faint|p2b: Conkeldurr\n|move|p1a: Rotom|Volt Switch|p2a: Corviknight\n|-supereffective|p2a: Corviknight|1\n|-damage|p2a: Corviknight|0 fnt\n|faint|p2a: Corviknight\n|-message|Mandarino111 forfeited.\n|\n|win|ChocolateTequila\n|raw|ChocolateTequila's rating: 1343 &rarr; <strong>1363</strong><br />(+20 for winning)\n|raw|Mandarino111's rating: 1347 &rarr; <strong>1327</strong><br />(-20 for losing)\n|l|\u2606Mandarino111\n|player|p2|\n",
  "uploadtime": 1776099847,
  "views": 35,
  "formatid": "gen9championsvgc2026regma",
  "rating": 1327,
  "private": 0,
  "password": null
}