{
  "id": "gen9championsvgc2026regma-2588317821",
  "format": "[Gen 9 Champions] VGC 2026 Reg M-A",
  "players": [
    "GordoFox",
    "acor1000"
  ],
  "log": "|j|\u2606GordoFox\n|j|\u2606acor1000\n|t:|1776623633\n|gametype|doubles\n|player|p1|GordoFox|blue|1083\n|player|p2|acor1000|lance|1123\n|gen|9\n|tier|[Gen 9 Champions] VGC 2026 Reg M-A\n|rated|\n|rule|Species Clause: Limit one of each Pok\u00e9mon\n|rule|Item Clause: Limit 1 of each item\n|clearpoke\n|poke|p1|Aggron, L50, F, shiny|\n|poke|p1|Sylveon, L50, M, shiny|\n|poke|p1|Incineroar, L50, F, shiny|\n|poke|p1|Garchomp, L50, M, shiny|\n|poke|p1|Talonflame, L50, F, shiny|\n|poke|p1|Lucario, L50, M, shiny|\n|poke|p2|Samurott-Hisui, L50, F|\n|poke|p2|Aegislash, L50, F|\n|poke|p2|Rotom-Heat, L50|\n|poke|p2|Whimsicott, L50, F|\n|poke|p2|Lopunny, L50, M|\n|poke|p2|Zoroark-Hisui, L50, F|\n|teampreview|4\n|\n|t:|1776623694\n|teamsize|p1|4\n|teamsize|p2|4\n|start\n|switch|p1a: Sylveon|Sylveon, L50, M, shiny|100/100\n|switch|p1b: Aggron|Aggron, L50, F, shiny|100/100\n|switch|p2a: Lopunny|Lopunny, L50, M|100/100\n|switch|p2b: Rotom|Rotom-Heat, L50|100/100\n|turn|1\n|\n|t:|1776623743\n|switch|p2a: Samurott|Samurott-Hisui, L50, F|100/100\n|detailschange|p1b: Aggron|Aggron-Mega, L50, F, shiny\n|-mega|p1b: Aggron|Aggron|Aggronite\n|move|p2b: Rotom|Overheat|p1b: Aggron\n|-supereffective|p1b: Aggron|1\n|-damage|p1b: Aggron|0 fnt\n|-unboost|p2b: Rotom|spa|2\n|faint|p1b: Aggron\n|move|p1a: Sylveon|Calm Mind|p1a: Sylveon\n|-boost|p1a: Sylveon|spa|1\n|-boost|p1a: Sylveon|spd|1\n|\n|upkeep\n|\n|t:|1776623755\n|switch|p1b: Lucario|Lucario, L50, M, shiny|100/100\n|turn|2\n|\n|t:|1776623780\n|switch|p1b: Garchomp|Garchomp, L50, M, shiny|100/100\n|move|p2b: Rotom|Overheat|p1b: Garchomp\n|-resisted|p1b: Garchomp|1\n|-damage|p1b: Garchomp|84/100\n|-unboost|p2b: Rotom|spa|2\n|move|p2a: Samurott|Icy Wind|p1b: Garchomp|[spread] p1a,p1b\n|-supereffective|p1b: Garchomp|2\n|-damage|p1a: Sylveon|92/100\n|-damage|p1b: Garchomp|27/100\n|-unboost|p1a: Sylveon|spe|1\n|-unboost|p1b: Garchomp|spe|1\n|move|p1a: Sylveon|Hyper Voice|p2b: Rotom|[spread] p2a,p2b\n|-resisted|p2b: Rotom|1\n|-enditem|p2a: Samurott|Focus Sash\n|-damage|p2a: Samurott|1/100\n|-damage|p2b: Rotom|54/100\n|replace|p2a: Zoroark|Zoroark-Hisui, L50, F\n|-end|p2a: Zoroark|Illusion\n|\n|upkeep\n|turn|3\n|\n|t:|1776623803\n|move|p1b: Garchomp|Protect|p1b: Garchomp\n|-singleturn|p1b: Garchomp|Protect\n|move|p2b: Rotom|Overheat|p1a: Sylveon\n|-damage|p1a: Sylveon|79/100\n|-unboost|p2b: Rotom|spa|2\n|move|p2a: Zoroark|Icy Wind|p1a: Sylveon|[spread] p1a\n|-activate|p1b: Garchomp|move: Protect\n|-damage|p1a: Sylveon|72/100\n|-unboost|p1a: Sylveon|spe|1\n|move|p1a: Sylveon|Hyper Voice|p2a: Zoroark|[spread] p2a,p2b\n|-resisted|p2b: Rotom|1\n|-damage|p2a: Zoroark|0 fnt\n|-damage|p2b: Rotom|5/100\n|faint|p2a: Zoroark\n|\n|upkeep\n|\n|t:|1776623823\n|switch|p2a: Samurott|Samurott-Hisui, L50, F|100/100\n|turn|4\n|\n|t:|1776623841\n|switch|p2b: Lopunny|Lopunny, L50, M|100/100\n|switch|p1b: Lucario|Lucario, L50, M, shiny|100/100\n|move|p2a: Samurott|Aqua Cutter|p1a: Sylveon\n|-damage|p1a: Sylveon|21/100\n|move|p1a: Sylveon|Hyper Voice|p2a: Samurott|[spread] p2a,p2b\n|-supereffective|p2a: Samurott|1\n|-damage|p2a: Samurott|0 fnt\n|-damage|p2b: Lopunny|0 fnt\n|faint|p2a: Samurott\n|faint|p2b: Lopunny\n|\n|upkeep\n|\n|t:|1776623852\n|switch|p2b: Rotom|Rotom-Heat, L50|5/100\n|turn|5\n|\n|t:|1776623860\n|move|p1b: Lucario|Bullet Punch|p2b: Rotom\n|-resisted|p2b: Rotom|2\n|-damage|p2b: Rotom|0 fnt\n|faint|p2b: Rotom\n|\n|win|GordoFox\n|raw|GordoFox's rating: 1083 &rarr; <strong>1114</strong><br />(+31 for winning)\n|raw|acor1000's rating: 1123 &rarr; <strong>1095</strong><br />(-28 for losing)\n|l|\u2606acor1000\n|player|p2|\n",
  "uploadtime": 1776623872,
  "views": 12,
  "formatid": "gen9championsvgc2026regma",
  "rating": 1095,
  "private": 0,
  "password": null
}