{
  "id": "gen9championsvgc2026regma-2583357750",
  "format": "[Gen 9 Champions] VGC 2026 Reg M-A",
  "players": [
    "medicalbonsai",
    "thecatsurf"
  ],
  "log": "|j|\u2606medicalbonsai\n|j|\u2606thecatsurf\n|t:|1776169850\n|gametype|doubles\n|player|p1|medicalbonsai|2|1222\n|player|p2|thecatsurf|bianca|1165\n|gen|9\n|tier|[Gen 9 Champions] VGC 2026 Reg M-A\n|rated|\n|rule|Species Clause: Limit one of each Pok\u00e9mon\n|rule|Item Clause: Limit 1 of each item\n|clearpoke\n|poke|p1|Medicham, L50, M|\n|poke|p1|Chimecho, L50, F|\n|poke|p1|Pelipper, L50, M|\n|poke|p1|Sinistcha, L50|\n|poke|p1|Blastoise, L50, M|\n|poke|p1|Krookodile, L50, M|\n|poke|p2|Tyranitar, L50, F|\n|poke|p2|Excadrill, L50, F|\n|poke|p2|Sneasler, L50, F|\n|poke|p2|Skeledirge, L50, F|\n|poke|p2|Rotom-Wash, L50|\n|poke|p2|Sinistcha, L50|\n|teampreview|4\n|inactive|Battle timer is ON: inactive players will automatically lose when time's up. (requested by medicalbonsai)\n|\n|t:|1776169873\n|teamsize|p1|4\n|teamsize|p2|4\n|start\n|switch|p1a: Chimecho|Chimecho, L50, F|100/100\n|switch|p1b: Medicham|Medicham, L50, M|100/100\n|switch|p2a: let me retire bro|Tyranitar, L50, F|100/100\n|switch|p2b: my sonic oc|Sneasler, L50, F|100/100\n|-weather|Sandstorm|[from] ability: Sand Stream|[of] p2a: let me retire bro\n|turn|1\n|inactive|medicalbonsai has 30 seconds left.\n|inactive|thecatsurf has 30 seconds left.\n|\n|t:|1776169901\n|detailschange|p1a: Chimecho|Chimecho-Mega, L50, F\n|-mega|p1a: Chimecho|Chimecho|Chimechite\n|move|p2b: my sonic oc|Fake Out|p1b: Medicham\n|-damage|p1b: Medicham|76/100\n|cant|p1b: Medicham|flinch\n|move|p1a: Chimecho|Calm Mind|p1a: Chimecho\n|-boost|p1a: Chimecho|spa|1\n|-boost|p1a: Chimecho|spd|1\n|move|p2a: let me retire bro|Knock Off|p1b: Medicham\n|-damage|p1b: Medicham|0 fnt\n|-enditem|p1b: Medicham|Focus Sash|[from] move: Knock Off|[of] p2a: let me retire bro\n|faint|p1b: Medicham\n|\n|-weather|Sandstorm|[upkeep]\n|-damage|p2b: my sonic oc|95/100|[from] Sandstorm\n|upkeep\n|\n|t:|1776169917\n|switch|p1b: Pelipper|Pelipper, L50, M|100/100\n|-weather|RainDance|[from] ability: Drizzle|[of] p1b: Pelipper\n|turn|2\n|\n|t:|1776169926\n|detailschange|p2a: let me retire bro|Tyranitar-Mega, L50, F\n|-mega|p2a: let me retire bro|Tyranitar|Tyranitarite\n|-weather|Sandstorm|[from] ability: Sand Stream|[of] p2a: let me retire bro\n|move|p2b: my sonic oc|U-turn|p1b: Pelipper\n|-resisted|p1b: Pelipper|1\n|-damage|p1b: Pelipper|88/100\n|\n|t:|1776169932\n|switch|p2b: green peen|Sinistcha, L50|100/100|[from] U-turn\n|move|p1b: Pelipper|Tailwind|p1b: Pelipper\n|-sidestart|p1: medicalbonsai|move: Tailwind\n|move|p1a: Chimecho|Flash Cannon|p2a: let me retire bro\n|-supereffective|p2a: let me retire bro|1\n|-damage|p2a: let me retire bro|28/100\n|move|p2a: let me retire bro|Rock Slide|p1a: Chimecho|[spread] p1a,p1b\n|-resisted|p1a: Chimecho|1\n|-supereffective|p1b: Pelipper|1\n|-damage|p1a: Chimecho|84/100\n|-damage|p1b: Pelipper|0 fnt\n|faint|p1b: Pelipper\n|\n|-weather|Sandstorm|[upkeep]\n|-damage|p2b: green peen|94/100|[from] Sandstorm\n|upkeep\n|\n|t:|1776169945\n|switch|p1b: Blastoise|Blastoise, L50, M|100/100\n|turn|3\n|\n|t:|1776169956\n|move|p2a: let me retire bro|Protect|p2a: let me retire bro\n|-singleturn|p2a: let me retire bro|Protect\n|move|p1b: Blastoise|Water Spout|p2a: let me retire bro|[spread] p2b\n|-activate|p2a: let me retire bro|move: Protect\n|-resisted|p2b: green peen|1\n|-damage|p2b: green peen|65/100\n|move|p1a: Chimecho|Psychic|p2b: green peen\n|-damage|p2b: green peen|0 fnt\n|faint|p2b: green peen\n|\n|-weather|Sandstorm|[upkeep]\n|-damage|p1b: Blastoise|95/100|[from] Sandstorm\n|upkeep\n|\n|t:|1776169966\n|switch|p2b: my sonic oc|Sneasler, L50, F|95/100\n|turn|4\n|\n|t:|1776169977\n|move|p2b: my sonic oc|Fake Out|p1b: Blastoise\n|-damage|p1b: Blastoise|78/100\n|cant|p1b: Blastoise|flinch\n|move|p1a: Chimecho|Psychic|p2a: let me retire bro\n|-immune|p2a: let me retire bro\n|move|p2a: let me retire bro|Knock Off|p1a: Chimecho\n|-supereffective|p1a: Chimecho|1\n|-damage|p1a: Chimecho|11/100\n|\n|-weather|Sandstorm|[upkeep]\n|-damage|p1b: Blastoise|72/100|[from] Sandstorm\n|-damage|p2b: my sonic oc|89/100|[from] Sandstorm\n|upkeep\n|turn|5\n|c|\u2606medicalbonsai|misclick\n|\n|t:|1776169994\n|move|p2a: let me retire bro|Protect|p2a: let me retire bro\n|-singleturn|p2a: let me retire bro|Protect\n|move|p1b: Blastoise|Water Spout|p2b: my sonic oc|[spread] p2b\n|-activate|p2a: let me retire bro|move: Protect\n|-damage|p2b: my sonic oc|42/100\n|move|p2b: my sonic oc|Close Combat|p1a: Chimecho\n|-damage|p1a: Chimecho|0 fnt\n|-unboost|p2b: my sonic oc|def|1\n|-unboost|p2b: my sonic oc|spd|1\n|faint|p1a: Chimecho\n|-enditem|p2b: my sonic oc|White Herb\n|-clearnegativeboost|p2b: my sonic oc|[silent]\n|\n|-weather|Sandstorm|[upkeep]\n|-damage|p1b: Blastoise|67/100|[from] Sandstorm\n|-damage|p2b: my sonic oc|36/100|[from] Sandstorm\n|-sideend|p1: medicalbonsai|move: Tailwind\n|upkeep\n|turn|6\n|-message|medicalbonsai forfeited.\n|\n|win|thecatsurf\n|raw|medicalbonsai's rating: 1222 &rarr; <strong>1193</strong><br />(-29 for losing)\n|raw|thecatsurf's rating: 1165 &rarr; <strong>1194</strong><br />(+29 for winning)\n|l|\u2606medicalbonsai\n|player|p1|\n",
  "uploadtime": 1776170058,
  "views": 14,
  "formatid": "gen9championsvgc2026regma",
  "rating": 1193,
  "private": 0,
  "password": null
}