{
  "id": "gen9championsvgc2026regma-2587840261",
  "format": "[Gen 9 Champions] VGC 2026 Reg M-A",
  "players": [
    "yfleshcatchy",
    "Spottedwoot"
  ],
  "log": "|j|\u203dyfleshcatchy\n|j|\u2606Spottedwoot\n|t:|1776569417\n|gametype|doubles\n|player|p1|yfleshcatchy|miku-flying|1398\n|player|p2|Spottedwoot|102|1496\n|gen|9\n|tier|[Gen 9 Champions] VGC 2026 Reg M-A\n|rated|\n|rule|Species Clause: Limit one of each Pok\u00e9mon\n|rule|Item Clause: Limit 1 of each item\n|clearpoke\n|poke|p1|Meganium, L50, F|\n|poke|p1|Garchomp, L50, F|\n|poke|p1|Rotom-Wash, L50|\n|poke|p1|Corviknight, L50, F|\n|poke|p1|Kingambit, L50, F|\n|poke|p1|Sneasler, L50, F|\n|poke|p2|Gengar, L50, M|\n|poke|p2|Rotom-Wash, L50|\n|poke|p2|Incineroar, L50, M|\n|poke|p2|Sinistcha, L50|\n|poke|p2|Garchomp, L50, F|\n|poke|p2|Kingambit, L50, M|\n|teampreview|4\n|j| JoseeFito\n|inactive|Battle timer is ON: inactive players will automatically lose when time's up. (requested by Spottedwoot)\n|inactive|yfleshcatchy has 60 seconds left.\n|\n|t:|1776569489\n|teamsize|p1|4\n|teamsize|p2|4\n|start\n|switch|p1a: Garchomp|Garchomp, L50, F|100/100\n|switch|p1b: Corviknight|Corviknight, L50, F|100/100\n|switch|p2a: Gengar|Gengar, L50, M|100/100\n|switch|p2b: Rotom|Rotom-Wash, L50|100/100\n|turn|1\n|\n|t:|1776569513\n|detailschange|p2a: Gengar|Gengar-Mega, L50, M\n|-mega|p2a: Gengar|Gengar|Gengarite\n|move|p2a: Gengar|Protect|p2a: Gengar\n|-singleturn|p2a: Gengar|Protect\n|move|p1a: Garchomp|Rock Slide|p2b: Rotom|[spread] p2b\n|-activate|p2a: Gengar|move: Protect\n|-damage|p2b: Rotom|79/100\n|move|p2b: Rotom|Will-O-Wisp|p1a: Garchomp\n|-status|p1a: Garchomp|brn\n|move|p1b: Corviknight|Tailwind|p1b: Corviknight\n|-sidestart|p1: yfleshcatchy|move: Tailwind\n|\n|-damage|p1a: Garchomp|94/100 brn|[from] brn\n|upkeep\n|turn|2\n|\n|t:|1776569535\n|switch|p2a: Kingambit|Kingambit, L50, M|100/100\n|move|p1a: Garchomp|Earthquake|p2a: Kingambit|[spread] p2a\n|-immune|p1b: Corviknight\n|-immune|p2b: Rotom|[from] ability: Levitate\n|-supereffective|p2a: Kingambit|1\n|-damage|p2a: Kingambit|72/100\n|move|p1b: Corviknight|Brave Bird|p2a: Kingambit\n|-resisted|p2a: Kingambit|1\n|-damage|p2a: Kingambit|53/100\n|-damage|p1b: Corviknight|94/100|[from] Recoil\n|move|p2b: Rotom|Volt Switch|p1b: Corviknight\n|-supereffective|p1b: Corviknight|1\n|-damage|p1b: Corviknight|38/100\n|-enditem|p1b: Corviknight|Sitrus Berry|[eat]\n|-heal|p1b: Corviknight|62/100|[from] item: Sitrus Berry\n|\n|t:|1776569546\n|switch|p2b: Garchomp|Garchomp, L50, F|100/100|[from] Volt Switch\n|\n|-damage|p1a: Garchomp|88/100 brn|[from] brn\n|upkeep\n|turn|3\n|\n|t:|1776569554\n|switch|p1b: Rotom|Rotom-Wash, L50|100/100\n|move|p1a: Garchomp|Earthquake|p2b: Garchomp|[spread] p2a,p2b\n|-immune|p1b: Rotom|[from] ability: Levitate\n|-supereffective|p2a: Kingambit|1\n|-damage|p2a: Kingambit|21/100\n|-damage|p2b: Garchomp|82/100\n|move|p2b: Garchomp|Dragon Claw|p1a: Garchomp\n|-supereffective|p1a: Garchomp|1\n|-damage|p1a: Garchomp|0 fnt\n|-damage|p2b: Garchomp|70/100|[from] ability: Rough Skin|[of] p1a: Garchomp\n|faint|p1a: Garchomp\n|move|p2a: Kingambit|Swords Dance|p2a: Kingambit\n|-boost|p2a: Kingambit|atk|2\n|\n|upkeep\n|\n|t:|1776569559\n|switch|p1a: Kingambit|Kingambit, L50, F|100/100\n|turn|4\n|\n|t:|1776569582\n|move|p1a: Kingambit|Protect|p1a: Kingambit\n|-singleturn|p1a: Kingambit|Protect\n|move|p2a: Kingambit|Protect|p2a: Kingambit\n|-singleturn|p2a: Kingambit|Protect\n|move|p1b: Rotom|Hydro Pump|p2b: Garchomp|[miss]\n|-miss|p1b: Rotom|p2b: Garchomp\n|move|p2b: Garchomp|Stomping Tantrum|p1a: Kingambit\n|-activate|p1a: Kingambit|move: Protect\n|\n|-sideend|p1: yfleshcatchy|move: Tailwind\n|upkeep\n|turn|5\n|\n|t:|1776569592\n|move|p1a: Kingambit|Sucker Punch|p2a: Kingambit\n|-resisted|p2a: Kingambit|1\n|-damage|p2a: Kingambit|5/100\n|move|p2a: Kingambit|Sucker Punch|p1b: Rotom\n|-damage|p1b: Rotom|0 fnt\n|faint|p1b: Rotom\n|move|p2b: Garchomp|Stomping Tantrum|p1a: Kingambit\n|-supereffective|p1a: Kingambit|1\n|-damage|p1a: Kingambit|15/100\n|\n|upkeep\n|\n|t:|1776569595\n|switch|p1b: Corviknight|Corviknight, L50, F|62/100\n|turn|6\n|-message|yfleshcatchy forfeited.\n|\n|win|Spottedwoot\n|raw|yfleshcatchy's rating: 1398 &rarr; <strong>1383</strong><br />(-15 for losing)\n|raw|Spottedwoot's rating: 1496 &rarr; <strong>1511</strong><br />(+15 for winning)\n|l|\u203dyfleshcatchy\n|player|p1|\n|l|\u2606Spottedwoot\n|player|p2|\n|l| JoseeFito\n",
  "uploadtime": 1776569633,
  "views": 14,
  "formatid": "gen9championsvgc2026regma",
  "rating": 1383,
  "private": 0,
  "password": null
}