{
  "id": "gen9championsvgc2026regma-2582049511",
  "format": "[Gen 9 Champions] VGC 2026 Reg M-A",
  "players": [
    "vinsmoke",
    "KangarooToodleloo"
  ],
  "log": "|j|\u2606vinsmoke\n|j|\u2606KangarooToodleloo\n|t:|1776051921\n|gametype|doubles\n|player|p1|vinsmoke|caitlin|1244\n|player|p2|KangarooToodleloo|blue-masters|1315\n|gen|9\n|tier|[Gen 9 Champions] VGC 2026 Reg M-A\n|rated|\n|rule|Species Clause: Limit one of each Pok\u00e9mon\n|rule|Item Clause: Limit 1 of each item\n|clearpoke\n|poke|p1|Charizard, L50, M|\n|poke|p1|Garchomp, L50, M|\n|poke|p1|Sneasler, L50, F|\n|poke|p1|Venusaur, L50, M|\n|poke|p1|Rotom-Wash, L50|\n|poke|p1|Incineroar, L50, M|\n|poke|p2|Gyarados, L50, F|\n|poke|p2|Incineroar, L50, M|\n|poke|p2|Gengar, L50, M|\n|poke|p2|Kommo-o, L50, M|\n|poke|p2|Sinistcha-Masterpiece, L50|\n|poke|p2|Kangaskhan, L50, F|\n|teampreview|4\n|\n|t:|1776051956\n|teamsize|p1|4\n|teamsize|p2|4\n|start\n|switch|p1a: Rotom|Rotom-Wash, L50|100/100\n|switch|p1b: Sneasler|Sneasler, L50, F|100/100\n|switch|p2a: Kommo-o|Kommo-o, L50, M|100/100\n|switch|p2b: Gyarados|Gyarados, L50, F|100/100\n|-ability|p2b: Gyarados|Intimidate|boost\n|-unboost|p1a: Rotom|atk|1\n|-unboost|p1b: Sneasler|atk|1\n|-enditem|p1b: Sneasler|White Herb\n|-clearnegativeboost|p1b: Sneasler|[silent]\n|turn|1\n|\n|t:|1776051969\n|switch|p2b: Incineroar|Incineroar, L50, M|100/100\n|-ability|p2b: Incineroar|Intimidate|boost\n|-unboost|p1a: Rotom|atk|1\n|-unboost|p1b: Sneasler|atk|1\n|move|p2a: Kommo-o|Protect|p2a: Kommo-o\n|-singleturn|p2a: Kommo-o|Protect\n|move|p1b: Sneasler|Fake Out|p2a: Kommo-o\n|-activate|p2a: Kommo-o|move: Protect\n|move|p1a: Rotom|Thunderbolt|p2b: Incineroar\n|-damage|p2b: Incineroar|75/100\n|\n|upkeep\n|turn|2\n|\n|t:|1776051981\n|move|p2b: Incineroar|Fake Out|p1b: Sneasler\n|-damage|p1b: Sneasler|76/100\n|cant|p1b: Sneasler|flinch\n|move|p2a: Kommo-o|Clangorous Soul|p2a: Kommo-o\n|-boost|p2a: Kommo-o|atk|1\n|-boost|p2a: Kommo-o|def|1\n|-boost|p2a: Kommo-o|spa|1\n|-boost|p2a: Kommo-o|spd|1\n|-boost|p2a: Kommo-o|spe|1\n|-damage|p2a: Kommo-o|68/100\n|move|p1a: Rotom|Hydro Pump|p2b: Incineroar|[miss]\n|-miss|p1a: Rotom|p2b: Incineroar\n|\n|upkeep\n|turn|3\n|\n|t:|1776052004\n|switch|p2b: Gyarados|Gyarados, L50, F|100/100\n|-ability|p2b: Gyarados|Intimidate|boost\n|-unboost|p1a: Rotom|atk|1\n|-unboost|p1b: Sneasler|atk|1\n|move|p2a: Kommo-o|Protect|p2a: Kommo-o\n|-singleturn|p2a: Kommo-o|Protect\n|move|p1b: Sneasler|Close Combat|p2a: Kommo-o\n|-activate|p2a: Kommo-o|move: Protect\n|move|p1a: Rotom|Thunderbolt|p2b: Gyarados\n|-supereffective|p2b: Gyarados|2\n|-damage|p2b: Gyarados|3/100\n|\n|upkeep\n|turn|4\n|\n|t:|1776052022\n|move|p2b: Gyarados|Helping Hand|p2a: Kommo-o\n|-singleturn|p2a: Kommo-o|Helping Hand|[of] p2b: Gyarados\n|move|p1b: Sneasler|Close Combat|p2a: Kommo-o\n|-damage|p2a: Kommo-o|49/100\n|-unboost|p1b: Sneasler|def|1\n|-unboost|p1b: Sneasler|spd|1\n|move|p2a: Kommo-o|Clanging Scales|p1a: Rotom|[spread] p1a,p1b\n|-damage|p1a: Rotom|6/100\n|-damage|p1b: Sneasler|0 fnt\n|faint|p1b: Sneasler\n|-unboost|p2a: Kommo-o|def|1\n|move|p1a: Rotom|Thunderbolt|p2b: Gyarados\n|-supereffective|p2b: Gyarados|2\n|-damage|p2b: Gyarados|0 fnt\n|faint|p2b: Gyarados\n|\n|-heal|p1a: Rotom|12/100|[from] item: Leftovers\n|upkeep\n|\n|t:|1776052035\n|switch|p1b: Venusaur|Venusaur, L50, M|100/100\n|switch|p2b: Incineroar|Incineroar, L50, M|75/100\n|-ability|p2b: Incineroar|Intimidate|boost\n|-unboost|p1a: Rotom|atk|1\n|-unboost|p1b: Venusaur|atk|1\n|turn|5\n|\n|t:|1776052047\n|switch|p2b: Kangaskhan|Kangaskhan, L50, F|100/100\n|move|p1b: Venusaur|Protect|p1b: Venusaur\n|-singleturn|p1b: Venusaur|Protect\n|move|p2a: Kommo-o|Clanging Scales|p1b: Venusaur|[spread] p1a\n|-activate|p1b: Venusaur|move: Protect\n|-damage|p1a: Rotom|0 fnt\n|faint|p1a: Rotom\n|-unboost|p2a: Kommo-o|def|1\n|\n|upkeep\n|\n|t:|1776052049\n|switch|p1a: Charizard|Charizard, L50, M|100/100\n|turn|6\n|\n|t:|1776052069\n|detailschange|p1a: Charizard|Charizard-Mega-Y, L50, M\n|-mega|p1a: Charizard|Charizard|Charizardite Y\n|-weather|SunnyDay|[from] ability: Drought|[of] p1a: Charizard\n|detailschange|p2b: Kangaskhan|Kangaskhan-Mega, L50, F\n|-mega|p2b: Kangaskhan|Kangaskhan|Kangaskhanite\n|move|p2b: Kangaskhan|Fake Out|p1b: Venusaur\n|-damage|p1b: Venusaur|70/100\n|-damage|p1b: Venusaur|64/100\n|-hitcount|p1b: Venusaur|2\n|cant|p1b: Venusaur|flinch\n|move|p2a: Kommo-o|Clanging Scales|p1b: Venusaur|[spread] p1a,p1b\n|-damage|p1a: Charizard|40/100\n|-damage|p1b: Venusaur|0 fnt\n|faint|p1b: Venusaur\n|-unboost|p2a: Kommo-o|def|1\n|move|p1a: Charizard|Heat Wave|p2a: Kommo-o|[spread] p2a,p2b\n|-resisted|p2a: Kommo-o|1\n|-damage|p2a: Kommo-o|25/100\n|-damage|p2b: Kangaskhan|49/100\n|\n|-weather|SunnyDay|[upkeep]\n|upkeep\n|turn|7\n|\n|t:|1776052078\n|move|p2b: Kangaskhan|Sucker Punch|p1a: Charizard\n|-damage|p1a: Charizard|4/100\n|-damage|p1a: Charizard|0 fnt\n|faint|p1a: Charizard\n|-hitcount|p1: Charizard|2\n|\n|win|KangarooToodleloo\n|raw|vinsmoke's rating: 1244 &rarr; <strong>1224</strong><br />(-20 for losing)\n|raw|KangarooToodleloo's rating: 1315 &rarr; <strong>1331</strong><br />(+16 for winning)\n|l|\u2606vinsmoke\n|player|p1|\n",
  "uploadtime": 1776052080,
  "views": 16,
  "formatid": "gen9championsvgc2026regma",
  "rating": 1224,
  "private": 0,
  "password": null
}