{
  "id": "gen9championsvgc2026regma-2585409453",
  "format": "[Gen 9 Champions] VGC 2026 Reg M-A",
  "players": [
    "HeyPog",
    "ADV169"
  ],
  "log": "|j|\u2606HeyPog\n|j|\u2606ADV169\n|t:|1776345249\n|gametype|doubles\n|player|p1|HeyPog|101|1147\n|player|p2|ADV169|cynthia-gen4|1098\n|gen|9\n|tier|[Gen 9 Champions] VGC 2026 Reg M-A\n|rated|\n|rule|Species Clause: Limit one of each Pok\u00e9mon\n|rule|Item Clause: Limit 1 of each item\n|clearpoke\n|poke|p1|Pelipper, L50, M|\n|poke|p1|Archaludon, L50, F|\n|poke|p1|Dragonite, L50, F|\n|poke|p1|Aerodactyl, L50, F|\n|poke|p1|Basculegion, L50, M|\n|poke|p1|Rotom-Heat, L50|\n|poke|p2|Gardevoir, L50, M|\n|poke|p2|Farigiraf, L50, F|\n|poke|p2|Incineroar, L50, M|\n|poke|p2|Meowscarada, L50, F|\n|poke|p2|Rotom-Wash, L50|\n|poke|p2|Archaludon, L50, F|\n|teampreview|4\n|inactive|Battle timer is ON: inactive players will automatically lose when time's up. (requested by HeyPog)\n|inactive|HeyPog has 60 seconds left.\n|inactive|ADV169 has 60 seconds left.\n|\n|t:|1776345286\n|teamsize|p1|4\n|teamsize|p2|4\n|start\n|switch|p1a: Pelipper|Pelipper, L50, M|100/100\n|switch|p1b: Archaludon|Archaludon, L50, F|100/100\n|switch|p2a: Current|Rotom-Wash, L50|100/100\n|switch|p2b: Catnabis|Meowscarada, L50, F, shiny|100/100\n|-weather|RainDance|[from] ability: Drizzle|[of] p1a: Pelipper\n|turn|1\n|\n|t:|1776345295\n|move|p2a: Current|Helping Hand|p2b: Catnabis\n|-singleturn|p2b: Catnabis|Helping Hand|[of] p2a: Current\n|move|p2b: Catnabis|Brick Break|p1b: Archaludon\n|-start|p2b: Catnabis|typechange|Fighting|[from] ability: Protean\n|-supereffective|p1b: Archaludon|1\n|-damage|p1b: Archaludon|12/100\n|-ability|p1b: Archaludon|Stamina|boost\n|-boost|p1b: Archaludon|def|1\n|move|p1b: Archaludon|Electro Shot||[still]\n|-prepare|p1b: Archaludon|Electro Shot\n|-boost|p1b: Archaludon|spa|1\n|-anim|p1b: Archaludon|Electro Shot|p2a: Current\n|-damage|p2a: Current|24/100\n|move|p1a: Pelipper|Icy Wind|p2b: Catnabis|[spread] p2a,p2b\n|-resisted|p2a: Current|1\n|-damage|p2a: Current|20/100\n|-damage|p2b: Catnabis|85/100\n|-unboost|p2a: Current|spe|1\n|-unboost|p2b: Catnabis|spe|1\n|\n|-weather|RainDance|[upkeep]\n|-heal|p1b: Archaludon|18/100|[from] item: Leftovers\n|upkeep\n|turn|2\n|inactive|HeyPog has 30 seconds left.\n|\n|t:|1776345325\n|move|p2b: Catnabis|Brick Break|p1b: Archaludon\n|-supereffective|p1b: Archaludon|1\n|-damage|p1b: Archaludon|0 fnt\n|faint|p1b: Archaludon\n|move|p1a: Pelipper|Hurricane|p2b: Catnabis\n|-supereffective|p2b: Catnabis|1\n|-damage|p2b: Catnabis|0 fnt\n|faint|p2b: Catnabis\n|move|p2a: Current|Hydro Pump|p1a: Pelipper\n|-resisted|p1a: Pelipper|1\n|-damage|p1a: Pelipper|60/100\n|\n|-weather|RainDance|[upkeep]\n|upkeep\n|\n|t:|1776345334\n|switch|p2b: Babylon|Archaludon, L50, F|100/100\n|switch|p1b: Rotom|Rotom-Heat, L50|100/100\n|turn|3\n|\n|t:|1776345351\n|move|p2a: Current|Helping Hand|p2b: Babylon\n|-singleturn|p2b: Babylon|Helping Hand|[of] p2a: Current\n|move|p1b: Rotom|Trick|p2b: Babylon\n|-activate|p1b: Rotom|move: Trick|[of] p2b: Babylon\n|-item|p2b: Babylon|Choice Scarf|[from] move: Trick\n|-item|p1b: Rotom|Leftovers|[from] move: Trick\n|move|p2b: Babylon|Electro Shot||[still]\n|-prepare|p2b: Babylon|Electro Shot\n|-boost|p2b: Babylon|spa|1\n|-anim|p2b: Babylon|Electro Shot|p1b: Rotom\n|-resisted|p1b: Rotom|1\n|-damage|p1b: Rotom|49/100\n|move|p1a: Pelipper|Icy Wind|p2b: Babylon|[spread] p2a,p2b\n|-resisted|p2a: Current|1\n|-damage|p2a: Current|15/100\n|-damage|p2b: Babylon|91/100\n|-unboost|p2a: Current|spe|1\n|-unboost|p2b: Babylon|spe|1\n|-ability|p2b: Babylon|Stamina|boost\n|-boost|p2b: Babylon|def|1\n|\n|-weather|RainDance|[upkeep]\n|-heal|p1b: Rotom|55/100|[from] item: Leftovers\n|upkeep\n|turn|4\n|inactive|HeyPog has 30 seconds left.\n|\n|t:|1776345379\n|move|p2a: Current|Helping Hand|p2b: Babylon\n|-singleturn|p2b: Babylon|Helping Hand|[of] p2a: Current\n|move|p1b: Rotom|Volt Switch|p2a: Current\n|-damage|p2a: Current|0 fnt\n|faint|p2a: Current\n|\n|t:|1776345386\n|switch|p1b: Dragonite|Dragonite, L50, F|100/100|[from] Volt Switch\n|move|p2b: Babylon|Electro Shot||[still]\n|-prepare|p2b: Babylon|Electro Shot\n|-boost|p2b: Babylon|spa|1\n|-anim|p2b: Babylon|Electro Shot|p1b: Dragonite\n|-damage|p1b: Dragonite|50/100\n|move|p1a: Pelipper|Icy Wind|p2b: Babylon\n|-damage|p2b: Babylon|80/100\n|-unboost|p2b: Babylon|spe|1\n|-ability|p2b: Babylon|Stamina|boost\n|-boost|p2b: Babylon|def|1\n|\n|-weather|RainDance|[upkeep]\n|upkeep\n|\n|t:|1776345395\n|switch|p2a: Monet\u2640\ufe0f|Gardevoir, L50, M|100/100\n|turn|5\n|inactive|HeyPog has 30 seconds left.\n|inactive|HeyPog has 20 seconds left.\n|inactive|HeyPog has 15 seconds left.\n|\n|t:|1776345437\n|detailschange|p2a: Monet\u2640\ufe0f|Gardevoir-Mega, L50, M\n|-mega|p2a: Monet\u2640\ufe0f|Gardevoir|Gardevoirite\n|detailschange|p1b: Dragonite|Dragonite-Mega, L50, F\n|-mega|p1b: Dragonite|Dragonite|Dragoninite\n|move|p2a: Monet\u2640\ufe0f|Hyper Voice|p1a: Pelipper|[spread] p1a,p1b\n|-crit|p1a: Pelipper\n|-supereffective|p1b: Dragonite|1\n|-damage|p1a: Pelipper|0 fnt\n|-damage|p1b: Dragonite|0 fnt\n|faint|p1a: Pelipper\n|faint|p1b: Dragonite\n|move|p2b: Babylon|Electro Shot||[still]\n|-prepare|p2b: Babylon|Electro Shot\n|-boost|p2b: Babylon|spa|1\n|-anim|p2b: Babylon|Electro Shot|p1: Pelipper|[notarget]\n|-fail|p2b: Babylon\n|\n|-weather|none\n|upkeep\n|\n|t:|1776345449\n|switch|p1a: Rotom|Rotom-Heat, L50|55/100\n|turn|6\n|\n|t:|1776345459\n|move|p2a: Monet\u2640\ufe0f|Hyper Voice|p1a: Rotom\n|-resisted|p1a: Rotom|1\n|-damage|p1a: Rotom|13/100\n|move|p1a: Rotom|Overheat|p2b: Babylon\n|-crit|p2b: Babylon\n|-damage|p2b: Babylon|5/100\n|-unboost|p1a: Rotom|spa|2\n|-ability|p2b: Babylon|Stamina|boost\n|-boost|p2b: Babylon|def|1\n|move|p2b: Babylon|Electro Shot||[still]\n|-prepare|p2b: Babylon|Electro Shot\n|-boost|p2b: Babylon|spa|1\n|\n|-heal|p1a: Rotom|19/100|[from] item: Leftovers\n|upkeep\n|turn|7\n|-message|HeyPog forfeited.\n|\n|win|ADV169\n|raw|HeyPog's rating: 1147 &rarr; <strong>1118</strong><br />(-29 for losing)\n|raw|ADV169's rating: 1098 &rarr; <strong>1127</strong><br />(+29 for winning)\n|l|\u2606HeyPog\n|player|p1|\n",
  "uploadtime": 1776345479,
  "views": 26,
  "formatid": "gen9championsvgc2026regma",
  "rating": 1118,
  "private": 0,
  "password": null
}