{
  "id": "gen9championsvgc2026regma-2583018497",
  "format": "[Gen 9 Champions] VGC 2026 Reg M-A",
  "players": [
    "Ginesect",
    "The4thOrphan"
  ],
  "log": "|j|\u2606Ginesect\n|j|\u2606The4thOrphan\n|t:|1776133807\n|gametype|doubles\n|player|p1|Ginesect|gambler|1088\n|player|p2|The4thOrphan|170|1049\n|gen|9\n|tier|[Gen 9 Champions] VGC 2026 Reg M-A\n|rated|\n|rule|Species Clause: Limit one of each Pok\u00e9mon\n|rule|Item Clause: Limit 1 of each item\n|clearpoke\n|poke|p1|Delphox, L50, F|\n|poke|p1|Sneasler, L50, F|\n|poke|p1|Basculegion, L50, M|\n|poke|p1|Garchomp, L50, M|\n|poke|p1|Kingambit, L50, M|\n|poke|p1|Whimsicott, L50, M|\n|poke|p2|Meganium, L50, M|\n|poke|p2|Talonflame, L50, M|\n|poke|p2|Aegislash, L50, F|\n|poke|p2|Slowking-Galar, L50, M|\n|poke|p2|Rotom-Frost, L50|\n|poke|p2|Milotic, L50, F|\n|teampreview|4\n|l|\u2606Ginesect\n|player|p1|\n|\n|t:|1776133854\n|teamsize|p1|4\n|teamsize|p2|4\n|start\n|switch|p1a: Sneasler|Sneasler, L50, F|100/100\n|switch|p1b: Basculegion|Basculegion, L50, M|100/100\n|switch|p2a: Talonflame|Talonflame, L50, M|100/100\n|switch|p2b: Slowking|Slowking-Galar, L50, M|100/100\n|turn|1\n|j|\u2606Ginesect\n|player|p1|Ginesect|gambler|\n|\n|t:|1776133891\n|move|p1a: Sneasler|Protect|p1a: Sneasler\n|-singleturn|p1a: Sneasler|Protect\n|move|p2a: Talonflame|Dual Wingbeat|p1a: Sneasler\n|-activate|p1a: Sneasler|move: Protect\n|move|p1b: Basculegion|Last Respects|p2b: Slowking\n|-supereffective|p2b: Slowking|1\n|-damage|p2b: Slowking|21/100\n|-enditem|p2b: Slowking|Sitrus Berry|[eat]\n|-heal|p2b: Slowking|46/100|[from] item: Sitrus Berry\n|move|p2b: Slowking|Psychic|p1a: Sneasler\n|-activate|p1a: Sneasler|move: Protect\n|\n|upkeep\n|turn|2\n|\n|t:|1776133953\n|switch|p2b: Milotic|Milotic, L50, F|100/100\n|move|p2a: Talonflame|Dual Wingbeat|p1a: Sneasler\n|-supereffective|p1a: Sneasler|1\n|-damage|p1a: Sneasler|39/100\n|-supereffective|p1a: Sneasler|1\n|-damage|p1a: Sneasler|0 fnt\n|faint|p1a: Sneasler\n|-hitcount|p1: Sneasler|2\n|move|p1b: Basculegion|Last Respects|p2b: Milotic\n|-damage|p2b: Milotic|44/100\n|\n|-heal|p2b: Milotic|49/100|[from] item: Leftovers\n|upkeep\n|\n|t:|1776133982\n|switch|p1a: Delphox|Delphox, L50, F|100/100\n|turn|3\n|\n|t:|1776134009\n|detailschange|p1a: Delphox|Delphox-Mega, L50, F\n|-mega|p1a: Delphox|Delphox|Delphoxite\n|move|p1a: Delphox|Protect|p1a: Delphox\n|-singleturn|p1a: Delphox|Protect\n|move|p2a: Talonflame|Tailwind|p2a: Talonflame\n|-sidestart|p2: The4thOrphan|move: Tailwind\n|move|p2b: Milotic|Scald|p1a: Delphox\n|-activate|p1a: Delphox|move: Protect\n|move|p1b: Basculegion|Last Respects|p2a: Talonflame\n|-damage|p2a: Talonflame|0 fnt\n|faint|p2a: Talonflame\n|\n|-heal|p2b: Milotic|55/100|[from] item: Leftovers\n|upkeep\n|\n|t:|1776134025\n|switch|p2a: Slowking|Slowking-Galar, L50, M|79/100\n|turn|4\n|\n|t:|1776134035\n|switch|p1a: Whimsicott|Whimsicott, L50, M|100/100\n|move|p2b: Milotic|Scald|p1a: Whimsicott\n|-resisted|p1a: Whimsicott|1\n|-damage|p1a: Whimsicott|84/100\n|-status|p1a: Whimsicott|brn\n|move|p1b: Basculegion|Last Respects|p2a: Slowking\n|-supereffective|p2a: Slowking|1\n|-damage|p2a: Slowking|0 fnt\n|faint|p2a: Slowking\n|\n|-heal|p2b: Milotic|61/100|[from] item: Leftovers\n|-damage|p1a: Whimsicott|77/100 brn|[from] brn\n|upkeep\n|\n|t:|1776134048\n|switch|p2a: Meganium|Meganium, L50, M|100/100\n|turn|5\n|\n|t:|1776134065\n|detailschange|p2a: Meganium|Meganium-Mega, L50, M\n|-mega|p2a: Meganium|Meganium|Meganiumite\n|move|p1a: Whimsicott|Tailwind|p1a: Whimsicott\n|-sidestart|p1: Ginesect|move: Tailwind\n|move|p1b: Basculegion|Last Respects|p2a: Meganium\n|-damage|p2a: Meganium|38/100\n|move|p2b: Milotic|Icy Wind|p1b: Basculegion|[spread] p1a,p1b\n|-supereffective|p1a: Whimsicott|1\n|-resisted|p1b: Basculegion|1\n|-damage|p1a: Whimsicott|54/100 brn\n|-damage|p1b: Basculegion|94/100\n|-unboost|p1a: Whimsicott|spe|1\n|-unboost|p1b: Basculegion|spe|1\n|move|p2a: Meganium|Solar Beam||[still]\n|-prepare|p2a: Meganium|Solar Beam\n|-activate|p2a: Meganium|ability: Mega Sol\n|-anim|p2a: Meganium|Solar Beam|p1b: Basculegion\n|-supereffective|p1b: Basculegion|1\n|-damage|p1b: Basculegion|0 fnt\n|faint|p1b: Basculegion\n|\n|-heal|p2b: Milotic|67/100|[from] item: Leftovers\n|-damage|p1a: Whimsicott|48/100 brn|[from] brn\n|upkeep\n|\n|t:|1776134075\n|switch|p1b: Delphox|Delphox-Mega, L50, F|100/100\n|turn|6\n|\n|t:|1776134113\n|move|p1b: Delphox|Heat Wave|p2b: Milotic|[spread] p2a,p2b\n|-supereffective|p2a: Meganium|1\n|-resisted|p2b: Milotic|1\n|-damage|p2a: Meganium|0 fnt\n|-damage|p2b: Milotic|50/100\n|faint|p2a: Meganium\n|move|p2b: Milotic|Scald|p1b: Delphox\n|-supereffective|p1b: Delphox|1\n|-damage|p1b: Delphox|39/100\n|move|p1a: Whimsicott|Moonblast|p2b: Milotic\n|-damage|p2b: Milotic|30/100\n|\n|-heal|p2b: Milotic|36/100|[from] item: Leftovers\n|-damage|p1a: Whimsicott|42/100 brn|[from] brn\n|-sideend|p2: The4thOrphan|move: Tailwind\n|upkeep\n|turn|7\n|\n|t:|1776134127\n|move|p1b: Delphox|Psychic|p2b: Milotic\n|-damage|p2b: Milotic|0 fnt\n|faint|p2b: Milotic\n|\n|win|Ginesect\n|raw|Ginesect's rating: 1088 &rarr; <strong>1112</strong><br />(+24 for winning)\n|raw|The4thOrphan's rating: 1049 &rarr; <strong>1034</strong><br />(-15 for losing)\n",
  "uploadtime": 1776134130,
  "views": 23,
  "formatid": "gen9championsvgc2026regma",
  "rating": 1034,
  "private": 0,
  "password": null
}