{
  "id": "gen9championsvgc2026regma-2584475431",
  "format": "[Gen 9 Champions] VGC 2026 Reg M-A",
  "players": [
    "crazedjuggernaut",
    "Cazorla786"
  ],
  "log": "|j|\u2606crazedjuggernaut\n|j|\u2606Cazorla786\n|t:|1776263357\n|gametype|doubles\n|player|p1|crazedjuggernaut|marshal|1184\n|player|p2|Cazorla786|101|1195\n|gen|9\n|tier|[Gen 9 Champions] VGC 2026 Reg M-A\n|rated|\n|rule|Species Clause: Limit one of each Pok\u00e9mon\n|rule|Item Clause: Limit 1 of each item\n|clearpoke\n|poke|p1|Froslass, L50, F|\n|poke|p1|Rotom-Frost, L50|\n|poke|p1|Garchomp, L50, M|\n|poke|p1|Kingambit, L50, M|\n|poke|p1|Aerodactyl, L50, F|\n|poke|p1|Incineroar, L50, F|\n|poke|p2|Incineroar, L50, M|\n|poke|p2|Kommo-o, L50, F|\n|poke|p2|Floette-Eternal, L50, F|\n|poke|p2|Rotom-Wash, L50|\n|poke|p2|Sneasler, L50, M|\n|poke|p2|Aegislash, L50, F|\n|teampreview|4\n|inactive|Battle timer is ON: inactive players will automatically lose when time's up. (requested by Cazorla786)\n|\n|t:|1776263403\n|teamsize|p1|4\n|teamsize|p2|4\n|start\n|switch|p1a: Froslass|Froslass, L50, F|100/100\n|switch|p1b: Rotom|Rotom-Frost, L50|100/100\n|switch|p2a: Sneasler|Sneasler, L50, M|100/100\n|switch|p2b: Rotom|Rotom-Wash, L50|100/100\n|turn|1\n|inactive|Cazorla786 has 30 seconds left.\n|\n|t:|1776263430\n|switch|p1b: Incineroar|Incineroar, L50, F|100/100\n|-ability|p1b: Incineroar|Intimidate|boost\n|-unboost|p2a: Sneasler|atk|1\n|-unboost|p2b: Rotom|atk|1\n|-enditem|p2a: Sneasler|White Herb\n|-clearnegativeboost|p2a: Sneasler|[silent]\n|detailschange|p1a: Froslass|Froslass-Mega, L50, F\n|-mega|p1a: Froslass|Froslass|Froslassite\n|-weather|Snowscape|[from] ability: Snow Warning|[of] p1a: Froslass\n|move|p2a: Sneasler|Close Combat|p1b: Incineroar\n|-supereffective|p1b: Incineroar|1\n|-damage|p1b: Incineroar|0 fnt\n|-unboost|p2a: Sneasler|def|1\n|-unboost|p2a: Sneasler|spd|1\n|faint|p1b: Incineroar\n|move|p2b: Rotom|Electroweb|p1a: Froslass\n|-damage|p1a: Froslass|67/100\n|-unboost|p1a: Froslass|spe|1\n|move|p1a: Froslass|Aurora Veil|p1a: Froslass\n|-sidestart|p1: crazedjuggernaut|move: Aurora Veil\n|\n|-weather|Snowscape|[upkeep]\n|upkeep\n|\n|t:|1776263440\n|switch|p1b: Rotom|Rotom-Frost, L50|100/100\n|turn|2\n|\n|t:|1776263453\n|move|p2a: Sneasler|Close Combat|p1b: Rotom\n|-supereffective|p1b: Rotom|1\n|-damage|p1b: Rotom|31/100\n|-unboost|p2a: Sneasler|def|1\n|-unboost|p2a: Sneasler|spd|1\n|move|p1b: Rotom|Blizzard|p2b: Rotom|[spread] p2a,p2b\n|-resisted|p2b: Rotom|1\n|-damage|p2a: Sneasler|0 fnt\n|-damage|p2b: Rotom|78/100\n|faint|p2a: Sneasler\n|move|p2b: Rotom|Electroweb|p1a: Froslass|[spread] p1a,p1b\n|-resisted|p1b: Rotom|1\n|-damage|p1a: Froslass|52/100\n|-damage|p1b: Rotom|22/100\n|-unboost|p1a: Froslass|spe|1\n|-unboost|p1b: Rotom|spe|1\n|move|p1a: Froslass|Blizzard|p2b: Rotom\n|-resisted|p2b: Rotom|1\n|-damage|p2b: Rotom|39/100\n|\n|-weather|Snowscape|[upkeep]\n|upkeep\n|\n|t:|1776263470\n|switch|p2a: Floette|Floette-Eternal, L50, F|100/100\n|turn|3\n|inactive|crazedjuggernaut has 30 seconds left.\n|\n|t:|1776263496\n|switch|p2b: Aegislash|Aegislash, L50, F|100/100\n|detailschange|p2a: Floette|Floette-Mega, L50, F\n|-mega|p2a: Floette|Floette|Floettite\n|-ability|p2a: Floette|Fairy Aura\n|move|p1b: Rotom|Blizzard|p2a: Floette|[spread] p2a,p2b\n|-resisted|p2b: Aegislash|1\n|-damage|p2a: Floette|72/100\n|-damage|p2b: Aegislash|86/100\n|move|p2a: Floette|Dazzling Gleam|p1b: Rotom|[spread] p1a,p1b\n|-damage|p1a: Froslass|17/100\n|-damage|p1b: Rotom|0 fnt\n|faint|p1b: Rotom\n|move|p1a: Froslass|Blizzard|p2b: Aegislash|[spread] p2a,p2b\n|-resisted|p2b: Aegislash|1\n|-damage|p2a: Floette|36/100\n|-damage|p2b: Aegislash|67/100\n|\n|-weather|Snowscape|[upkeep]\n|upkeep\n|\n|t:|1776263508\n|switch|p1b: Garchomp|Garchomp, L50, M|100/100\n|turn|4\n|\n|t:|1776263522\n|move|p2a: Floette|Protect|p2a: Floette\n|-singleturn|p2a: Floette|Protect\n|move|p1a: Froslass|Protect|p1a: Froslass\n|-singleturn|p1a: Froslass|Protect\n|move|p2b: Aegislash|King's Shield|p2b: Aegislash\n|-singleturn|p2b: Aegislash|Protect\n|move|p1b: Garchomp|Earthquake|p2b: Aegislash|[spread] \n|-activate|p1a: Froslass|move: Protect\n|-activate|p2a: Floette|move: Protect\n|-activate|p2b: Aegislash|move: Protect\n|\n|-weather|Snowscape|[upkeep]\n|upkeep\n|turn|5\n|\n|t:|1776263543\n|switch|p2a: Rotom|Rotom-Wash, L50|39/100\n|-formechange|p2b: Aegislash|Aegislash-Blade|\n|move|p2b: Aegislash|Shadow Sneak|p1a: Froslass\n|-supereffective|p1a: Froslass|1\n|-damage|p1a: Froslass|0 fnt\n|faint|p1a: Froslass\n|move|p1b: Garchomp|Earthquake|p2b: Aegislash|[spread] p2b\n|-immune|p2a: Rotom|[from] ability: Levitate\n|-supereffective|p2b: Aegislash|1\n|-damage|p2b: Aegislash|0 fnt\n|faint|p2b: Aegislash\n|\n|-weather|none\n|-sideend|p1: crazedjuggernaut|move: Aurora Veil\n|upkeep\n|\n|t:|1776263554\n|switch|p2b: Floette|Floette-Mega, L50, F|36/100\n|-ability|p2b: Floette|Fairy Aura\n|turn|6\n|inactive|Cazorla786 has 30 seconds left.\n|\n|t:|1776263580\n|move|p1b: Garchomp|Protect|p1b: Garchomp\n|-singleturn|p1b: Garchomp|Protect\n|move|p2a: Rotom|Hydro Pump|p1b: Garchomp\n|-activate|p1b: Garchomp|move: Protect\n|move|p2b: Floette|Moonblast|p1b: Garchomp\n|-activate|p1b: Garchomp|move: Protect\n|\n|upkeep\n|turn|7\n|\n|t:|1776263590\n|move|p2a: Rotom|Hydro Pump|p1b: Garchomp|[miss]\n|-miss|p2a: Rotom|p1b: Garchomp\n|move|p1b: Garchomp|Earthquake|p2b: Floette|[spread] p2b\n|-immune|p2a: Rotom|[from] ability: Levitate\n|-damage|p2b: Floette|0 fnt\n|faint|p2b: Floette\n|\n|upkeep\n|turn|8\n|\n|t:|1776263598\n|move|p2a: Rotom|Hydro Pump|p1b: Garchomp\n|-damage|p1b: Garchomp|46/100\n|move|p1b: Garchomp|Dragon Claw|p2a: Rotom\n|-damage|p2a: Rotom|0 fnt\n|faint|p2a: Rotom\n|\n|win|crazedjuggernaut\n|raw|crazedjuggernaut's rating: 1184 &rarr; <strong>1210</strong><br />(+26 for winning)\n|raw|Cazorla786's rating: 1195 &rarr; <strong>1169</strong><br />(-26 for losing)\n|l|\u2606Cazorla786\n|player|p2|\n",
  "uploadtime": 1776263875,
  "views": 20,
  "formatid": "gen9championsvgc2026regma",
  "rating": 1169,
  "private": 0,
  "password": null
}