{
  "id": "gen9championsvgc2026regma-2587028083",
  "format": "[Gen 9 Champions] VGC 2026 Reg M-A",
  "players": [
    "Gloryrush",
    "kuanyou"
  ],
  "log": "|j|\u2606Gloryrush\n|j|\u2606kuanyou\n|t:|1776482811\n|gametype|doubles\n|player|p1|Gloryrush|101|1339\n|player|p2|kuanyou|265|1450\n|gen|9\n|tier|[Gen 9 Champions] VGC 2026 Reg M-A\n|rated|\n|rule|Species Clause: Limit one of each Pok\u00e9mon\n|rule|Item Clause: Limit 1 of each item\n|clearpoke\n|poke|p1|Sneasler, L50, F|\n|poke|p1|Tyranitar, L50, M|\n|poke|p1|Milotic, L50, M|\n|poke|p1|Weavile, L50, M|\n|poke|p1|Manectric, L50, F|\n|poke|p1|Incineroar, L50, F|\n|poke|p2|Blastoise, L50, M|\n|poke|p2|Sneasler, L50, F|\n|poke|p2|Sylveon, L50, F|\n|poke|p2|Garchomp, L50, F|\n|poke|p2|Aerodactyl, L50, F|\n|poke|p2|Sinistcha, L50|\n|teampreview|4\n|\n|t:|1776482891\n|teamsize|p1|4\n|teamsize|p2|4\n|start\n|switch|p1a: Manectric|Manectric, L50, F|100/100\n|switch|p1b: Weavile|Weavile, L50, M|100/100\n|switch|p2a: Blastoise|Blastoise, L50, M|100/100\n|switch|p2b: Sneasler|Sneasler, L50, F|100/100\n|-ability|p1b: Weavile|Pressure\n|-ability|p2b: Sneasler|Pressure\n|turn|1\n|\n|t:|1776482927\n|detailschange|p2a: Blastoise|Blastoise-Mega, L50, M\n|-mega|p2a: Blastoise|Blastoise|Blastoisinite\n|move|p2a: Blastoise|Protect|p2a: Blastoise\n|-singleturn|p2a: Blastoise|Protect\n|move|p1b: Weavile|Fake Out|p2b: Sneasler\n|-damage|p2b: Sneasler|84/100\n|move|p1a: Manectric|Volt Switch|p2a: Blastoise\n|-activate|p2a: Blastoise|move: Protect\n|cant|p2b: Sneasler|flinch\n|\n|upkeep\n|turn|2\n|\n|t:|1776482951\n|switch|p1b: Milotic|Milotic, L50, M|100/100\n|switch|p2a: Sinistcha|Sinistcha, L50|100/100\n|-heal|p2b: Sneasler|100/100|[from] ability: Hospitality|[of] p2a: Sinistcha\n|detailschange|p1a: Manectric|Manectric-Mega, L50, F\n|-mega|p1a: Manectric|Manectric|Manectite\n|-ability|p1a: Manectric|Intimidate|boost\n|-unboost|p2a: Sinistcha|atk|1\n|-unboost|p2b: Sneasler|atk|1\n|-enditem|p2b: Sneasler|White Herb\n|-clearnegativeboost|p2b: Sneasler|[silent]\n|move|p1a: Manectric|Thunderbolt|p2a: Sinistcha\n|-resisted|p2a: Sinistcha|1\n|-damage|p2a: Sinistcha|80/100\n|move|p2b: Sneasler|Close Combat|p1b: Milotic\n|-damage|p1b: Milotic|51/100\n|-unboost|p2b: Sneasler|def|1\n|-unboost|p2b: Sneasler|spd|1\n|\n|-heal|p1b: Milotic|57/100|[from] item: Leftovers\n|upkeep\n|turn|3\n|\n|t:|1776482986\n|move|p2b: Sneasler|Protect|p2b: Sneasler\n|-singleturn|p2b: Sneasler|Protect\n|move|p1b: Milotic|Protect|p1b: Milotic\n|-singleturn|p1b: Milotic|Protect\n|move|p1a: Manectric|Volt Switch|p2b: Sneasler\n|-activate|p2b: Sneasler|move: Protect\n|move|p2a: Sinistcha|Matcha Gotcha|p1a: Manectric|[spread] p1a\n|-activate|p1b: Milotic|move: Protect\n|-damage|p1a: Manectric|66/100\n|-heal|p2a: Sinistcha|94/100|[from] drain|[of] p1a: Manectric\n|\n|-heal|p1b: Milotic|63/100|[from] item: Leftovers\n|upkeep\n|turn|4\n|\n|t:|1776483015\n|move|p1a: Manectric|Volt Switch|p2b: Sneasler\n|-damage|p2b: Sneasler|27/100\n|\n|t:|1776483025\n|switch|p1a: Sneasler|Sneasler, L50, F|100/100|[from] Volt Switch\n|move|p2b: Sneasler|Close Combat|p1a: Sneasler\n|-resisted|p1a: Sneasler|1\n|-damage|p1a: Sneasler|53/100\n|-unboost|p2b: Sneasler|def|1\n|-unboost|p2b: Sneasler|spd|1\n|move|p1b: Milotic|Ice Beam|p2b: Sneasler\n|-crit|p2b: Sneasler\n|-damage|p2b: Sneasler|0 fnt\n|faint|p2b: Sneasler\n|move|p2a: Sinistcha|Matcha Gotcha|p1a: Sneasler|[spread] p1a,p1b\n|-resisted|p1a: Sneasler|1\n|-supereffective|p1b: Milotic|1\n|-damage|p1a: Sneasler|36/100\n|-heal|p2a: Sinistcha|100/100|[from] drain|[of] p1a: Sneasler\n|-damage|p1b: Milotic|27/100\n|-status|p1b: Milotic|brn\n|\n|-heal|p1b: Milotic|33/100 brn|[from] item: Leftovers\n|-damage|p1b: Milotic|27/100 brn|[from] brn\n|upkeep\n|\n|t:|1776483052\n|switch|p2b: Blastoise|Blastoise-Mega, L50, M|100/100\n|turn|5\n|\n|t:|1776483069\n|switch|p1b: Weavile|Weavile, L50, M|100/100\n|-ability|p1b: Weavile|Pressure\n|move|p2b: Blastoise|Protect|p2b: Blastoise\n|-singleturn|p2b: Blastoise|Protect\n|move|p1a: Sneasler|Fake Out|p2b: Blastoise\n|-activate|p2b: Blastoise|move: Protect\n|move|p2a: Sinistcha|Matcha Gotcha|p1a: Sneasler|[spread] p1a,p1b\n|-resisted|p1a: Sneasler|1\n|-damage|p1a: Sneasler|20/100\n|-damage|p1b: Weavile|65/100\n|\n|upkeep\n|turn|6\n|\n|t:|1776483111\n|move|p1b: Weavile|Fake Out|p2b: Blastoise\n|-damage|p2b: Blastoise|89/100\n|move|p1a: Sneasler|U-turn|p2b: Blastoise\n|-damage|p2b: Blastoise|65/100\n|\n|t:|1776483116\n|switch|p1a: Manectric|Manectric-Mega, L50, F|66/100|[from] U-turn\n|-ability|p1a: Manectric|Intimidate|boost\n|-unboost|p2a: Sinistcha|atk|1\n|-unboost|p2b: Blastoise|atk|1\n|cant|p2b: Blastoise|flinch\n|move|p2a: Sinistcha|Matcha Gotcha|p1a: Manectric|[spread] p1a,p1b\n|-damage|p1a: Manectric|29/100\n|-damage|p1b: Weavile|28/100\n|\n|upkeep\n|turn|7\n|\n|t:|1776483170\n|move|p2b: Blastoise|Protect|p2b: Blastoise\n|-singleturn|p2b: Blastoise|Protect\n|move|p1a: Manectric|Overheat|p2a: Sinistcha\n|-supereffective|p2a: Sinistcha|1\n|-damage|p2a: Sinistcha|15/100\n|-unboost|p1a: Manectric|spa|2\n|-enditem|p2a: Sinistcha|Sitrus Berry|[eat]\n|-heal|p2a: Sinistcha|40/100|[from] item: Sitrus Berry\n|move|p1b: Weavile|Night Slash|p2b: Blastoise\n|-activate|p2b: Blastoise|move: Protect\n|move|p2a: Sinistcha|Matcha Gotcha|p1a: Manectric|[spread] p1a,p1b\n|-damage|p1a: Manectric|0 fnt\n|-heal|p2a: Sinistcha|52/100|[from] drain|[of] p1a: Manectric\n|-damage|p1b: Weavile|0 fnt\n|-heal|p2a: Sinistcha|63/100|[from] drain|[of] p1b: Weavile\n|faint|p1a: Manectric\n|faint|p1b: Weavile\n|\n|upkeep\n|\n|t:|1776483176\n|switch|p1a: Sneasler|Sneasler, L50, F|20/100\n|switch|p1b: Milotic|Milotic, L50, M|27/100 brn\n|turn|8\n|-message|Gloryrush forfeited.\n|\n|win|kuanyou\n|raw|Gloryrush's rating: 1339 &rarr; <strong>1325</strong><br />(-14 for losing)\n|raw|kuanyou's rating: 1450 &rarr; <strong>1464</strong><br />(+14 for winning)\n",
  "uploadtime": 1776483179,
  "views": 27,
  "formatid": "gen9championsvgc2026regma",
  "rating": 1325,
  "private": 0,
  "password": null
}