{
  "id": "gen9championsvgc2026regma-2585407714",
  "format": "[Gen 9 Champions] VGC 2026 Reg M-A",
  "players": [
    "Hedgehogwarrior",
    "jobberlobby"
  ],
  "log": "|j|\u2606Hedgehogwarrior\n|j|\u2606jobberlobby\n|t:|1776345116\n|gametype|doubles\n|player|p1|Hedgehogwarrior|266|1142\n|player|p2|jobberlobby|camper|1151\n|gen|9\n|tier|[Gen 9 Champions] VGC 2026 Reg M-A\n|rated|\n|rule|Species Clause: Limit one of each Pok\u00e9mon\n|rule|Item Clause: Limit 1 of each item\n|clearpoke\n|poke|p1|Crabominable, L50, F|\n|poke|p1|Slowking-Galar, L50, F|\n|poke|p1|Maushold, L50|\n|poke|p1|Farigiraf, L50, M|\n|poke|p1|Charizard, L50, M|\n|poke|p1|Venusaur, L50, F|\n|poke|p2|Tyranitar, L50, F|\n|poke|p2|Corviknight, L50, M|\n|poke|p2|Milotic, L50, M|\n|poke|p2|Sinistcha, L50|\n|poke|p2|Dragonite, L50, M|\n|poke|p2|Glimmora, L50, F|\n|teampreview|4\n|\n|t:|1776345153\n|teamsize|p1|4\n|teamsize|p2|4\n|start\n|switch|p1a: Charizard|Charizard, L50, M|100/100\n|switch|p1b: Venusaur|Venusaur, L50, F|100/100\n|switch|p2a: Sinistcha|Sinistcha, L50|100/100\n|switch|p2b: Milotic|Milotic, L50, M|100/100\n|turn|1\n|\n|t:|1776345174\n|switch|p2b: Glimmora|Glimmora, L50, F|100/100\n|detailschange|p1a: Charizard|Charizard-Mega-Y, L50, M\n|-mega|p1a: Charizard|Charizard|Charizardite Y\n|-weather|SunnyDay|[from] ability: Drought|[of] p1a: Charizard\n|move|p1a: Charizard|Protect|p1a: Charizard\n|-singleturn|p1a: Charizard|Protect\n|move|p1b: Venusaur|Leech Seed|p2b: Glimmora\n|-start|p2b: Glimmora|move: Leech Seed\n|move|p2a: Sinistcha|Trick Room|p2a: Sinistcha\n|-fieldstart|move: Trick Room|[of] p2a: Sinistcha\n|\n|-weather|SunnyDay|[upkeep]\n|-damage|p2b: Glimmora|88/100|[from] Leech Seed|[of] p1b: Venusaur\n|upkeep\n|turn|2\n|\n|t:|1776345198\n|switch|p2a: Tyranitar|Tyranitar, L50, F|100/100\n|-weather|Sandstorm|[from] ability: Sand Stream|[of] p2a: Tyranitar\n|switch|p1a: Slowking|Slowking-Galar, L50, F|100/100\n|move|p1b: Venusaur|Energy Ball|p2b: Glimmora\n|-damage|p2b: Glimmora|49/100\n|move|p2b: Glimmora|Power Gem|p1a: Slowking\n|-damage|p1a: Slowking|65/100\n|\n|-weather|Sandstorm|[upkeep]\n|-damage|p1a: Slowking|59/100|[from] Sandstorm\n|-damage|p1b: Venusaur|95/100|[from] Sandstorm\n|-heal|p1b: Venusaur|100/100|[from] item: Leftovers\n|-damage|p2b: Glimmora|36/100|[from] Leech Seed|[of] p1b: Venusaur\n|upkeep\n|turn|3\n|\n|t:|1776345217\n|switch|p2b: Sinistcha|Sinistcha, L50|100/100\n|move|p1b: Venusaur|Protect|p1b: Venusaur\n|-singleturn|p1b: Venusaur|Protect\n|move|p2a: Tyranitar|Knock Off|p1a: Slowking\n|-supereffective|p1a: Slowking|1\n|-enditem|p1a: Slowking|Colbur Berry|[eat]\n|-enditem|p1a: Slowking|Colbur Berry|[weaken]\n|-damage|p1a: Slowking|17/100\n|move|p1a: Slowking|Trick Room|p1a: Slowking\n|-fieldend|move: Trick Room\n|\n|-weather|Sandstorm|[upkeep]\n|-damage|p1b: Venusaur|95/100|[from] Sandstorm\n|-damage|p2b: Sinistcha|94/100|[from] Sandstorm\n|-damage|p1a: Slowking|11/100|[from] Sandstorm\n|-heal|p1b: Venusaur|100/100|[from] item: Leftovers\n|upkeep\n|turn|4\n|\n|t:|1776345238\n|switch|p1a: Charizard|Charizard-Mega-Y, L50, M|100/100\n|-weather|SunnyDay|[from] ability: Drought|[of] p1a: Charizard\n|move|p1b: Venusaur|Energy Ball|p2a: Tyranitar\n|-supereffective|p2a: Tyranitar|1\n|-damage|p2a: Tyranitar|16/100\n|move|p2a: Tyranitar|Rock Slide|p1b: Venusaur|[spread] p1a,p1b\n|-supereffective|p1a: Charizard|2\n|-damage|p1a: Charizard|0 fnt\n|-damage|p1b: Venusaur|70/100\n|faint|p1a: Charizard\n|move|p2b: Sinistcha|Trick Room|p2b: Sinistcha\n|-fieldstart|move: Trick Room|[of] p2b: Sinistcha\n|\n|-weather|SunnyDay|[upkeep]\n|-heal|p1b: Venusaur|76/100|[from] item: Leftovers\n|upkeep\n|\n|t:|1776345255\n|switch|p1a: Crabominable|Crabominable, L50, F|100/100\n|turn|5\n|\n|t:|1776345271\n|move|p1a: Crabominable|Protect|p1a: Crabominable\n|-singleturn|p1a: Crabominable|Protect\n|move|p2b: Sinistcha|Rage Powder|p2b: Sinistcha\n|-singleturn|p2b: Sinistcha|move: Rage Powder\n|move|p2a: Tyranitar|Low Kick|p1a: Crabominable\n|-activate|p1a: Crabominable|move: Protect\n|move|p1b: Venusaur|Energy Ball|p2a: Tyranitar\n|-supereffective|p2a: Tyranitar|1\n|-damage|p2a: Tyranitar|0 fnt\n|faint|p2a: Tyranitar\n|\n|-weather|SunnyDay|[upkeep]\n|-heal|p1b: Venusaur|82/100|[from] item: Leftovers\n|upkeep\n|\n|t:|1776345283\n|switch|p2a: Glimmora|Glimmora, L50, F|36/100\n|turn|6\n|\n|t:|1776345300\n|detailschange|p2a: Glimmora|Glimmora-Mega, L50, F\n|-mega|p2a: Glimmora|Glimmora|Glimmoranite\n|move|p2b: Sinistcha|Rage Powder|p2b: Sinistcha\n|-singleturn|p2b: Sinistcha|move: Rage Powder\n|move|p1a: Crabominable|Ice Hammer|p2b: Sinistcha\n|-supereffective|p2b: Sinistcha|1\n|-damage|p2b: Sinistcha|0 fnt\n|-unboost|p1a: Crabominable|spe|1\n|faint|p2b: Sinistcha\n|move|p2a: Glimmora|Sludge Bomb|p1b: Venusaur\n|-damage|p1b: Venusaur|18/100\n|move|p1b: Venusaur|Energy Ball|p2a: Glimmora\n|-damage|p2a: Glimmora|0 fnt\n|faint|p2a: Glimmora\n|\n|-weather|SunnyDay|[upkeep]\n|-heal|p1b: Venusaur|23/100|[from] item: Leftovers\n|upkeep\n|\n|t:|1776345314\n|switch|p2b: Milotic|Milotic, L50, M|100/100\n|turn|7\n|\n|t:|1776345325\n|move|p1a: Crabominable|Drain Punch|p2b: Milotic\n|-damage|p2b: Milotic|60/100\n|move|p2b: Milotic|Icy Wind|p1a: Crabominable|[spread] p1a,p1b\n|-resisted|p1a: Crabominable|1\n|-supereffective|p1b: Venusaur|1\n|-damage|p1a: Crabominable|95/100\n|-damage|p1b: Venusaur|6/100\n|-unboost|p1a: Crabominable|spe|1\n|-unboost|p1b: Venusaur|spe|1\n|move|p1b: Venusaur|Leech Seed|p2b: Milotic\n|-start|p2b: Milotic|move: Leech Seed\n|\n|-weather|SunnyDay|[upkeep]\n|-heal|p1b: Venusaur|12/100|[from] item: Leftovers\n|-damage|p2b: Milotic|47/100|[from] Leech Seed|[of] p1b: Venusaur\n|-heal|p1b: Venusaur|26/100|[silent]\n|upkeep\n|-enditem|p2b: Milotic|Sitrus Berry|[eat]\n|-heal|p2b: Milotic|72/100|[from] item: Sitrus Berry\n|turn|8\n|\n|t:|1776345343\n|move|p1b: Venusaur|Protect|p1b: Venusaur\n|-singleturn|p1b: Venusaur|Protect\n|move|p1a: Crabominable|Drain Punch|p2b: Milotic\n|-damage|p2b: Milotic|34/100\n|-heal|p1a: Crabominable|100/100|[from] drain|[of] p2b: Milotic\n|move|p2b: Milotic|Icy Wind|p1a: Crabominable|[spread] \n|-activate|p1b: Venusaur|move: Protect\n|-miss|p2b: Milotic|p1a: Crabominable\n|\n|-weather|none\n|-heal|p1b: Venusaur|32/100|[from] item: Leftovers\n|-damage|p2b: Milotic|22/100|[from] Leech Seed|[of] p1b: Venusaur\n|-heal|p1b: Venusaur|45/100|[silent]\n|-fieldend|move: Trick Room\n|upkeep\n|turn|9\n|\n|t:|1776345361\n|move|p1a: Crabominable|Mach Punch|p2b: Milotic\n|-damage|p2b: Milotic|0 fnt\n|faint|p2b: Milotic\n|\n|win|Hedgehogwarrior\n|raw|Hedgehogwarrior's rating: 1142 &rarr; <strong>1168</strong><br />(+26 for winning)\n|raw|jobberlobby's rating: 1151 &rarr; <strong>1125</strong><br />(-26 for losing)\n",
  "uploadtime": 1776345377,
  "views": 27,
  "formatid": "gen9championsvgc2026regma",
  "rating": 1125,
  "private": 0,
  "password": null
}