{
  "id": "gen9championsvgc2026regma-2581783677",
  "format": "[Gen 9 Champions] VGC 2026 Reg M-A",
  "players": [
    "Megagan29",
    "lfdgm"
  ],
  "log": "|j|\u2606Megagan29\n|j|\u2606lfdgm\n|t:|1776028097\n|gametype|doubles\n|player|p1|Megagan29|riley|1108\n|player|p2|lfdgm|skyla|1131\n|gen|9\n|tier|[Gen 9 Champions] VGC 2026 Reg M-A\n|rated|\n|rule|Species Clause: Limit one of each Pok\u00e9mon\n|rule|Item Clause: Limit 1 of each item\n|clearpoke\n|poke|p1|Whimsicott, L50, F|\n|poke|p1|Delphox, L50, F|\n|poke|p1|Garchomp, L50, F|\n|poke|p1|Gardevoir, L50, M|\n|poke|p1|Sneasler, L50, M|\n|poke|p1|Rotom-Mow, L50|\n|poke|p2|Drampa, L50, F|\n|poke|p2|Audino, L50, M|\n|poke|p2|Trevenant, L50, F|\n|poke|p2|Torkoal, L50, F|\n|poke|p2|Aegislash, L50, F|\n|poke|p2|Clefable, L50, F|\n|teampreview|4\n|inactive|Battle timer is ON: inactive players will automatically lose when time's up. (requested by Megagan29)\n|inactive|Megagan29 has 60 seconds left.\n|inactive|lfdgm has 60 seconds left.\n|\n|t:|1776028150\n|teamsize|p1|4\n|teamsize|p2|4\n|start\n|switch|p1a: Whimsicott|Whimsicott, L50, F|100/100\n|switch|p1b: Gardevoir|Gardevoir, L50, M|100/100\n|switch|p2a: Trevenant|Trevenant, L50, F|100/100\n|switch|p2b: Drampa|Drampa, L50, F|100/100\n|-ability|p2b: Drampa|Cloud Nine\n|turn|1\n|\n|t:|1776028164\n|switch|p2b: Aegislash|Aegislash, L50, F|100/100\n|move|p1a: Whimsicott|Fake Tears|p2a: Trevenant\n|-unboost|p2a: Trevenant|spd|2\n|move|p1b: Gardevoir|Moonblast|p2a: Trevenant\n|-damage|p2a: Trevenant|7/100\n|-enditem|p2a: Trevenant|Sitrus Berry|[eat]\n|-heal|p2a: Trevenant|32/100|[from] item: Sitrus Berry\n|move|p2a: Trevenant|Trick Room|p2a: Trevenant\n|-fieldstart|move: Trick Room|[of] p2a: Trevenant\n|\n|-item|p2a: Trevenant|Sitrus Berry|[from] ability: Harvest\n|upkeep\n|-enditem|p2a: Trevenant|Sitrus Berry|[eat]\n|-heal|p2a: Trevenant|57/100|[from] item: Sitrus Berry\n|turn|2\n|\n|t:|1776028184\n|switch|p1b: Garchomp|Garchomp, L50, F|100/100\n|move|p1a: Whimsicott|Encore|p2a: Trevenant\n|-start|p2a: Trevenant|Encore\n|-formechange|p2b: Aegislash|Aegislash-Blade|\n|move|p2b: Aegislash|Iron Head|p1a: Whimsicott\n|-supereffective|p1a: Whimsicott|1\n|-damage|p1a: Whimsicott|11/100\n|move|p2a: Trevenant|Trick Room|p2a: Trevenant\n|-fieldend|move: Trick Room\n|\n|-item|p2a: Trevenant|Sitrus Berry|[from] ability: Harvest\n|upkeep\n|turn|3\n|\n|t:|1776028203\n|switch|p2a: Audino|Audino, L50, M|100/100\n|-formechange|p2b: Aegislash|Aegislash|\n|move|p2b: Aegislash|King's Shield|p2b: Aegislash\n|-singleturn|p2b: Aegislash|Protect\n|move|p1a: Whimsicott|Tailwind|p1a: Whimsicott\n|-sidestart|p1: Megagan29|move: Tailwind\n|move|p1b: Garchomp|Poison Jab|p2a: Audino\n|-damage|p2a: Audino|78/100\n|\n|-heal|p2a: Audino|84/100|[from] item: Leftovers\n|upkeep\n|turn|4\n|\n|t:|1776028217\n|move|p1a: Whimsicott|Encore|p2b: Aegislash\n|-start|p2b: Aegislash|Encore\n|move|p2b: Aegislash|King's Shield||[still]\n|-fail|p2b: Aegislash\n|move|p1b: Garchomp|Earthquake|p2a: Audino|[spread] p1a,p2a,p2b\n|-resisted|p1a: Whimsicott|1\n|-supereffective|p2b: Aegislash|1\n|-damage|p1a: Whimsicott|0 fnt\n|-damage|p2a: Audino|55/100\n|-damage|p2b: Aegislash|35/100\n|faint|p1a: Whimsicott\n|move|p2a: Audino|Trick Room|p2a: Audino\n|-fieldstart|move: Trick Room|[of] p2a: Audino\n|\n|-heal|p2a: Audino|61/100|[from] item: Leftovers\n|upkeep\n|\n|t:|1776028226\n|switch|p1a: Delphox|Delphox, L50, F|100/100\n|turn|5\n|inactive|lfdgm has 30 seconds left.\n|\n|t:|1776028252\n|detailschange|p1a: Delphox|Delphox-Mega, L50, F\n|-mega|p1a: Delphox|Delphox|Delphoxite\n|move|p2b: Aegislash|King's Shield|p2b: Aegislash\n|-singleturn|p2b: Aegislash|Protect\n|move|p1a: Delphox|Protect|p1a: Delphox\n|-singleturn|p1a: Delphox|Protect\n|move|p2a: Audino|Wish|p2a: Audino\n|move|p1b: Garchomp|Earthquake|p2a: Audino|[spread] p2a\n|-activate|p1a: Delphox|move: Protect\n|-activate|p2b: Aegislash|move: Protect\n|-crit|p2a: Audino\n|-damage|p2a: Audino|13/100\n|\n|-heal|p2a: Audino|19/100|[from] item: Leftovers\n|upkeep\n|turn|6\n|inactive|lfdgm has 30 seconds left.\n|\n|t:|1776028279\n|switch|p2a: Drampa|Drampa, L50, F|100/100\n|-ability|p2a: Drampa|Cloud Nine\n|move|p2b: Aegislash|King's Shield||[still]\n|-fail|p2b: Aegislash\n|move|p1b: Garchomp|Earthquake|p2a: Drampa|[spread] p2a,p2b\n|-immune|p1a: Delphox|[from] ability: Levitate\n|-supereffective|p2b: Aegislash|1\n|-damage|p2a: Drampa|58/100\n|-damage|p2b: Aegislash|0 fnt\n|faint|p2b: Aegislash\n|move|p1a: Delphox|Nasty Plot|p1a: Delphox\n|-boost|p1a: Delphox|spa|2\n|\n|-heal|p2a: Drampa|100/100|[from] move: Wish|[wisher] Audino\n|-sideend|p1: Megagan29|move: Tailwind\n|upkeep\n|\n|t:|1776028292\n|switch|p2b: Trevenant|Trevenant, L50, F|57/100\n|turn|7\n|\n|t:|1776028303\n|detailschange|p2a: Drampa|Drampa-Mega, L50, F\n|-mega|p2a: Drampa|Drampa|Drampanite\n|move|p1a: Delphox|Protect|p1a: Delphox\n|-singleturn|p1a: Delphox|Protect\n|move|p2a: Drampa|Dragon Pulse|p1b: Garchomp\n|-supereffective|p1b: Garchomp|1\n|-damage|p1b: Garchomp|0 fnt\n|faint|p1b: Garchomp\n|move|p2b: Trevenant|Poltergeist|p1a: Delphox\n|-activate|p1a: Delphox|move: Protect\n|\n|upkeep\n|\n|t:|1776028308\n|switch|p1b: Gardevoir|Gardevoir, L50, M|100/100\n|turn|8\n|\n|t:|1776028331\n|move|p2a: Drampa|Hyper Voice|p1b: Gardevoir|[spread] p1a,p1b\n|-damage|p1a: Delphox|62/100\n|-damage|p1b: Gardevoir|56/100\n|move|p2b: Trevenant|Poltergeist|p1a: Delphox\n|-activate|p1a: Delphox|move: Poltergeist|Delphoxite\n|-supereffective|p1a: Delphox|1\n|-damage|p1a: Delphox|0 fnt\n|faint|p1a: Delphox\n|move|p1b: Gardevoir|Moonblast|p2a: Drampa\n|-supereffective|p2a: Drampa|1\n|-damage|p2a: Drampa|22/100\n|-ability|p2a: Drampa|Berserk|boost\n|-boost|p2a: Drampa|spa|1\n|\n|-fieldend|move: Trick Room\n|upkeep\n|turn|9\n|\n|t:|1776028355\n|switch|p2a: Audino|Audino, L50, M|52/100\n|move|p1b: Gardevoir|Moonblast|p2a: Audino\n|-damage|p2a: Audino|11/100\n|move|p2b: Trevenant|Trick Room|p2b: Trevenant\n|-fieldstart|move: Trick Room|[of] p2b: Trevenant\n|\n|-heal|p2a: Audino|17/100|[from] item: Leftovers\n|upkeep\n|turn|10\n|\n|t:|1776028366\n|move|p2a: Audino|Wish|p2a: Audino\n|move|p2b: Trevenant|Poltergeist|p1b: Gardevoir\n|-activate|p1b: Gardevoir|move: Poltergeist|Choice Scarf\n|-supereffective|p1b: Gardevoir|1\n|-damage|p1b: Gardevoir|0 fnt\n|faint|p1b: Gardevoir\n|\n|win|lfdgm\n|raw|Megagan29's rating: 1108 &rarr; <strong>1085</strong><br />(-23 for losing)\n|raw|lfdgm's rating: 1131 &rarr; <strong>1154</strong><br />(+23 for winning)\n|l|\u2606Megagan29\n|player|p1|\n",
  "uploadtime": 1776028373,
  "views": 14,
  "formatid": "gen9championsvgc2026regma",
  "rating": 1085,
  "private": 0,
  "password": null
}