{
  "id": "gen9championsvgc2026regma-2583794361",
  "format": "[Gen 9 Champions] VGC 2026 Reg M-A",
  "players": [
    "JustWukong",
    "Luminary of Ass"
  ],
  "log": "|j|\u2606JustWukong\n|j|\u2606Luminary of Ass\n|t:|1776198191\n|gametype|doubles\n|player|p1|JustWukong|elesa|1272\n|player|p2|Luminary of Ass|alder|1192\n|gen|9\n|tier|[Gen 9 Champions] VGC 2026 Reg M-A\n|rated|\n|rule|Species Clause: Limit one of each Pok\u00e9mon\n|rule|Item Clause: Limit 1 of each item\n|clearpoke\n|poke|p1|Farigiraf, L50, M|\n|poke|p1|Sneasler, L50, M|\n|poke|p1|Vanilluxe, L50, F|\n|poke|p1|Delphox, L50, F|\n|poke|p1|Garchomp, L50, F|\n|poke|p1|Primarina, L50, M|\n|poke|p2|Tyranitar, L50, M|\n|poke|p2|Excadrill, L50, F|\n|poke|p2|Farigiraf, L50, F|\n|poke|p2|Sinistcha, L50|\n|poke|p2|Primarina, L50, M|\n|poke|p2|Sneasler, L50, F|\n|teampreview|4\n|\n|t:|1776198249\n|teamsize|p1|4\n|teamsize|p2|4\n|start\n|switch|p1a: Farigiraf|Farigiraf, L50, M, shiny|100/100\n|switch|p1b: Sneasler|Sneasler, L50, M|100/100\n|switch|p2a: Farigiraf|Farigiraf, L50, F|100/100\n|switch|p2b: Tyranitar|Tyranitar, L50, M|100/100\n|-weather|Sandstorm|[from] ability: Sand Stream|[of] p2b: Tyranitar\n|turn|1\n|\n|t:|1776198300\n|move|p2b: Tyranitar|Protect|p2b: Tyranitar\n|-singleturn|p2b: Tyranitar|Protect\n|move|p1b: Sneasler|Close Combat|p2a: Farigiraf\n|-damage|p2a: Farigiraf|47/100\n|-unboost|p1b: Sneasler|def|1\n|-unboost|p1b: Sneasler|spd|1\n|-enditem|p1b: Sneasler|White Herb\n|-clearnegativeboost|p1b: Sneasler|[silent]\n|move|p1a: Farigiraf|Imprison|p1a: Farigiraf\n|-start|p1a: Farigiraf|move: Imprison\n|cant|p2a: Farigiraf|move: Imprison|Psychic\n|\n|-weather|Sandstorm|[upkeep]\n|-damage|p1b: Sneasler|95/100|[from] Sandstorm\n|-damage|p1a: Farigiraf|94/100|[from] Sandstorm\n|-damage|p2a: Farigiraf|41/100|[from] Sandstorm\n|upkeep\n|turn|2\n|\n|t:|1776198355\n|switch|p2b: Primarina|Primarina, L50, M|100/100\n|switch|p2a: Excadrill|Excadrill, L50, F|100/100\n|move|p1b: Sneasler|Rock Slide|p2b: Primarina|[spread] p2a,p2b\n|-resisted|p2a: Excadrill|2\n|-crit|p2a: Excadrill\n|-damage|p2a: Excadrill|88/100\n|-damage|p2b: Primarina|76/100\n|move|p1a: Farigiraf|Hyper Voice|p2b: Primarina|[spread] p2a,p2b\n|-resisted|p2a: Excadrill|1\n|-damage|p2a: Excadrill|68/100\n|-damage|p2b: Primarina|50/100\n|\n|-weather|Sandstorm|[upkeep]\n|-damage|p1b: Sneasler|89/100|[from] Sandstorm\n|-damage|p1a: Farigiraf|88/100|[from] Sandstorm\n|-damage|p2b: Primarina|44/100|[from] Sandstorm\n|-heal|p2b: Primarina|50/100|[from] item: Leftovers\n|upkeep\n|turn|3\n|\n|t:|1776198382\n|move|p1b: Sneasler|Close Combat|p2a: Excadrill\n|-supereffective|p2a: Excadrill|1\n|-crit|p2a: Excadrill\n|-damage|p2a: Excadrill|0 fnt\n|-unboost|p1b: Sneasler|def|1\n|-unboost|p1b: Sneasler|spd|1\n|faint|p2a: Excadrill\n|move|p1a: Farigiraf|Hyper Voice|p2b: Primarina\n|-damage|p2b: Primarina|18/100\n|move|p2b: Primarina|Moonblast|p1b: Sneasler\n|-damage|p1b: Sneasler|0 fnt\n|faint|p1b: Sneasler\n|\n|-weather|Sandstorm|[upkeep]\n|-damage|p1a: Farigiraf|82/100|[from] Sandstorm\n|-damage|p2b: Primarina|12/100|[from] Sandstorm\n|-heal|p2b: Primarina|18/100|[from] item: Leftovers\n|upkeep\n|\n|t:|1776198403\n|switch|p1b: Delphox|Delphox, L50, F, shiny|100/100\n|switch|p2a: Tyranitar|Tyranitar, L50, M|100/100\n|turn|4\n|\n|t:|1776198423\n|detailschange|p1b: Delphox|Delphox-Mega, L50, F, shiny\n|-mega|p1b: Delphox|Delphox|Delphoxite\n|detailschange|p2a: Tyranitar|Tyranitar-Mega, L50, M\n|-mega|p2a: Tyranitar|Tyranitar|Tyranitarite\n|move|p1b: Delphox|Protect|p1b: Delphox\n|-singleturn|p1b: Delphox|Protect\n|move|p2a: Tyranitar|Knock Off|p1b: Delphox\n|-activate|p1b: Delphox|move: Protect\n|move|p1a: Farigiraf|Hyper Voice|p2a: Tyranitar|[spread] p2a,p2b\n|-resisted|p2a: Tyranitar|1\n|-damage|p2a: Tyranitar|95/100\n|-damage|p2b: Primarina|0 fnt\n|faint|p2b: Primarina\n|\n|-weather|Sandstorm|[upkeep]\n|-damage|p1b: Delphox|95/100|[from] Sandstorm\n|-damage|p1a: Farigiraf|76/100|[from] Sandstorm\n|upkeep\n|\n|t:|1776198428\n|switch|p2b: Farigiraf|Farigiraf, L50, F|41/100\n|turn|5\n|\n|t:|1776198446\n|move|p2b: Farigiraf|Helping Hand|p2a: Tyranitar\n|-singleturn|p2a: Tyranitar|Helping Hand|[of] p2b: Farigiraf\n|move|p1b: Delphox|Dazzling Gleam|p2a: Tyranitar|[spread] p2a,p2b\n|-supereffective|p2a: Tyranitar|1\n|-damage|p2a: Tyranitar|75/100\n|-damage|p2b: Farigiraf|15/100\n|move|p2a: Tyranitar|Rock Slide|p1a: Farigiraf|[spread] p1a,p1b\n|-supereffective|p1b: Delphox|1\n|-damage|p1a: Farigiraf|33/100\n|-damage|p1b: Delphox|0 fnt\n|-enditem|p1a: Farigiraf|Sitrus Berry|[eat]\n|-heal|p1a: Farigiraf|58/100|[from] item: Sitrus Berry\n|faint|p1b: Delphox\n|cant|p1a: Farigiraf|flinch\n|\n|-weather|none\n|upkeep\n|\n|t:|1776198459\n|switch|p1b: Vanilluxe|Vanilluxe, L50, F|100/100\n|-weather|Snowscape|[from] ability: Snow Warning|[of] p1b: Vanilluxe\n|turn|6\n|\n|t:|1776198503\n|move|p2b: Farigiraf|Protect|p2b: Farigiraf\n|-singleturn|p2b: Farigiraf|Protect\n|move|p1b: Vanilluxe|Blizzard|p2a: Tyranitar|[spread] p2a\n|-activate|p2b: Farigiraf|move: Protect\n|-damage|p2a: Tyranitar|43/100\n|move|p2a: Tyranitar|Knock Off|p1a: Farigiraf\n|-supereffective|p1a: Farigiraf|1\n|-damage|p1a: Farigiraf|0 fnt\n|faint|p1a: Farigiraf\n|\n|-weather|Snowscape|[upkeep]\n|upkeep\n|turn|7\n|\n|t:|1776198516\n|move|p2b: Farigiraf|Helping Hand|p2a: Tyranitar\n|-singleturn|p2a: Tyranitar|Helping Hand|[of] p2b: Farigiraf\n|move|p1b: Vanilluxe|Blizzard|p2b: Farigiraf|[spread] p2a,p2b\n|-crit|p2b: Farigiraf\n|-damage|p2a: Tyranitar|13/100\n|-damage|p2b: Farigiraf|0 fnt\n|faint|p2b: Farigiraf\n|move|p2a: Tyranitar|Rock Slide|p1b: Vanilluxe\n|-supereffective|p1b: Vanilluxe|1\n|-damage|p1b: Vanilluxe|0 fnt\n|faint|p1b: Vanilluxe\n|\n|win|Luminary of Ass\n|raw|JustWukong's rating: 1272 &rarr; <strong>1241</strong><br />(-31 for losing)\n|raw|Luminary of Ass's rating: 1192 &rarr; <strong>1223</strong><br />(+31 for winning)\n",
  "uploadtime": 1776198531,
  "views": 24,
  "formatid": "gen9championsvgc2026regma",
  "rating": 1223,
  "private": 0,
  "password": null
}