{
  "id": "gen9championsvgc2026regma-2583915853",
  "format": "[Gen 9 Champions] VGC 2026 Reg M-A",
  "players": [
    "Irohvish",
    "Geargiano"
  ],
  "log": "|j|\u2606Irohvish\n|j|\u2606Geargiano\n|t:|1776207998\n|gametype|doubles\n|player|p1|Irohvish|crasherwake|1119\n|player|p2|Geargiano|2|1116\n|gen|9\n|tier|[Gen 9 Champions] VGC 2026 Reg M-A\n|rated|\n|rule|Species Clause: Limit one of each Pok\u00e9mon\n|rule|Item Clause: Limit 1 of each item\n|clearpoke\n|poke|p1|Pelipper, L50, F|\n|poke|p1|Meganium, L50, F|\n|poke|p1|Archaludon, L50, F|\n|poke|p1|Incineroar, L50, F|\n|poke|p1|Basculegion, L50, M|\n|poke|p1|Aerodactyl, L50, F|\n|poke|p2|Politoed, L50, M|\n|poke|p2|Meganium, L50, F|\n|poke|p2|Basculegion, L50, M|\n|poke|p2|Klefki, L50, F|\n|poke|p2|Archaludon, L50, M|\n|poke|p2|Toxicroak, L50, M|\n|teampreview|4\n|inactive|Battle timer is ON: inactive players will automatically lose when time's up. (requested by Irohvish)\n|inactive|Irohvish has 60 seconds left.\n|inactive|Geargiano has 60 seconds left.\n|\n|t:|1776208039\n|teamsize|p1|4\n|teamsize|p2|4\n|start\n|switch|p1a: Incineroar|Incineroar, L50, F|100/100\n|switch|p1b: Pelipper|Pelipper, L50, F|100/100\n|switch|p2a: Basculegion|Basculegion, L50, M|100/100\n|switch|p2b: Meganium|Meganium, L50, F|100/100\n|-weather|RainDance|[from] ability: Drizzle|[of] p1b: Pelipper\n|-ability|p1a: Incineroar|Intimidate|boost\n|-unboost|p2a: Basculegion|atk|1\n|-unboost|p2b: Meganium|atk|1\n|turn|1\n|\n|t:|1776208064\n|detailschange|p2b: Meganium|Meganium-Mega, L50, F\n|-mega|p2b: Meganium|Meganium|Meganiumite\n|move|p2a: Basculegion|Aqua Jet|p1a: Incineroar\n|-supereffective|p1a: Incineroar|1\n|-damage|p1a: Incineroar|59/100\n|move|p1b: Pelipper|Tailwind|p1b: Pelipper\n|-sidestart|p1: Irohvish|move: Tailwind\n|move|p1a: Incineroar|Darkest Lariat|p2a: Basculegion\n|-supereffective|p2a: Basculegion|1\n|-damage|p2a: Basculegion|2/100\n|move|p2b: Meganium|Solar Beam||[still]\n|-prepare|p2b: Meganium|Solar Beam\n|-activate|p2b: Meganium|ability: Mega Sol\n|-anim|p2b: Meganium|Solar Beam|p1b: Pelipper\n|-enditem|p1b: Pelipper|Focus Sash\n|-damage|p1b: Pelipper|1/100\n|\n|-weather|RainDance|[upkeep]\n|upkeep\n|turn|2\n|inactive|Geargiano has 30 seconds left.\n|\n|t:|1776208095\n|move|p2a: Basculegion|Flip Turn|p1b: Pelipper\n|-resisted|p1b: Pelipper|1\n|-damage|p1b: Pelipper|0 fnt\n|faint|p1b: Pelipper\n|\n|t:|1776208106\n|switch|p2a: Vapore0n|Politoed, L50, M|100/100|[from] Flip Turn\n|move|p1a: Incineroar|Darkest Lariat|p2a: Vapore0n\n|-damage|p2a: Vapore0n|45/100\n|move|p2b: Meganium|Weather Ball|p1a: Incineroar\n|-resisted|p1a: Incineroar|1\n|-damage|p1a: Incineroar|31/100\n|-enditem|p1a: Incineroar|Sitrus Berry|[eat]\n|-heal|p1a: Incineroar|55/100|[from] item: Sitrus Berry\n|\n|-weather|RainDance|[upkeep]\n|upkeep\n|\n|t:|1776208117\n|switch|p1b: Meganium|Meganium, L50, F|100/100\n|turn|3\n|\n|t:|1776208135\n|detailschange|p1b: Meganium|Meganium-Mega, L50, F\n|-mega|p1b: Meganium|Meganium|Meganiumite\n|move|p1b: Meganium|Weather Ball|p2b: Meganium\n|-supereffective|p2b: Meganium|1\n|-damage|p2b: Meganium|0 fnt\n|faint|p2b: Meganium\n|move|p1a: Incineroar|Darkest Lariat|p2a: Vapore0n\n|-damage|p2a: Vapore0n|0 fnt\n|faint|p2a: Vapore0n\n|\n|-weather|RainDance|[upkeep]\n|upkeep\n|\n|t:|1776208145\n|switch|p2a: Toxicroak|Toxicroak, L50, M|100/100\n|switch|p2b: Basculegion|Basculegion, L50, M|2/100\n|turn|4\n|\n|t:|1776208167\n|move|p2b: Basculegion|Aqua Jet|p1a: Incineroar\n|-supereffective|p1a: Incineroar|1\n|-damage|p1a: Incineroar|0 fnt\n|faint|p1a: Incineroar\n|move|p1b: Meganium|Dazzling Gleam|p2b: Basculegion|[spread] p2a,p2b\n|-damage|p2a: Toxicroak|42/100\n|-damage|p2b: Basculegion|0 fnt\n|faint|p2b: Basculegion\n|move|p2a: Toxicroak|Poison Jab|p1b: Meganium\n|-supereffective|p1b: Meganium|2\n|-damage|p1b: Meganium|0 fnt\n|faint|p1b: Meganium\n|\n|-weather|RainDance|[upkeep]\n|-heal|p2a: Toxicroak|54/100|[from] ability: Dry Skin\n|-sideend|p1: Irohvish|move: Tailwind\n|upkeep\n|\n|t:|1776208174\n|switch|p1b: Basculegion|Basculegion, L50, M|100/100\n|turn|5\n|\n|t:|1776208184\n|move|p2a: Toxicroak|Sucker Punch|p1b: Basculegion\n|-supereffective|p1b: Basculegion|1\n|-damage|p1b: Basculegion|47/100\n|move|p1b: Basculegion|Wave Crash|p2a: Toxicroak\n|-heal|p2a: Toxicroak|78/100|[from] ability: Dry Skin|[of] p1b: Basculegion\n|\n|-weather|none\n|upkeep\n|turn|6\n|\n|t:|1776208195\n|move|p2a: Toxicroak|Sucker Punch|p1b: Basculegion\n|-supereffective|p1b: Basculegion|1\n|-damage|p1b: Basculegion|0 fnt\n|faint|p1b: Basculegion\n|\n|win|Geargiano\n|raw|Irohvish's rating: 1119 &rarr; <strong>1094</strong><br />(-25 for losing)\n|raw|Geargiano's rating: 1116 &rarr; <strong>1141</strong><br />(+25 for winning)\n|l|\u2606Irohvish\n|player|p1|\n",
  "uploadtime": 1776208203,
  "views": 14,
  "formatid": "gen9championsvgc2026regma",
  "rating": 1094,
  "private": 0,
  "password": null
}