{
  "id": "gen9championsvgc2026regma-2586794761",
  "format": "[Gen 9 Champions] VGC 2026 Reg M-A",
  "players": [
    "skittycel",
    "Gritzz"
  ],
  "log": "|j|\u2606skittycel\n|j|\u2606Gritzz\n|t:|1776460475\n|gametype|doubles\n|player|p1|skittycel|#pmpliiidachsbuns|\n|player|p2|Gritzz|veteran|\n|gen|9\n|tier|[Gen 9 Champions] VGC 2026 Reg M-A\n|rated|Tournament battle\n|rule|Species Clause: Limit one of each Pok\u00e9mon\n|rule|Item Clause: Limit 1 of each item\n|raw|<div class=\"infobox\"><details class=\"readmore\" open><summary><strong>1 custom rule:</strong></summary> Force Open Team Sheets</details></div>\n|clearpoke\n|poke|p1|Dragonite, L50, M|\n|poke|p1|Gardevoir, L50, M|\n|poke|p1|Rotom-Wash, L50|\n|poke|p1|Maushold, L50|\n|poke|p1|Kingambit, L50, F|\n|poke|p1|Gengar, L50, M|\n|poke|p2|Incineroar, L50, F|\n|poke|p2|Crabominable, L50, F|\n|poke|p2|Farigiraf, L50, M|\n|poke|p2|Sinistcha, L50|\n|poke|p2|Torkoal, L50, M|\n|poke|p2|Empoleon, L50, F|\n|teampreview|4\n|showteam|p1|Dragonite||LumBerry|Multiscale|DragonClaw,FirePunch,Tailwind,Protect|||M|||50|]Gardevoir||Gardevoirite|Trace|HyperVoice,Psyshock,TrickRoom,Protect|||M|||50|]Rotom-Wash||SitrusBerry|Levitate|HydroPump,VoltSwitch,WillOWisp,Thunderbolt||||||50|]Maushold||FocusSash|FriendGuard|SuperFang,FollowMe,Protect,Feint||||||50|]Kingambit||BlackGlasses|Defiant|KowtowCleave,SuckerPunch,LowKick,Protect|||F|||50|]Gengar||Gengarite|CursedBody|ShadowBall,SludgeBomb,Psychic,Protect|||M|||50|\n|showteam|p2|Incineroar||SitrusBerry|Intimidate|FlareBlitz,Snarl,FakeOut,PartingShot|||F|||50|]Crabominable||Crabominite|HyperCutter|ThunderPunch,DrainPunch,IceHammer,Protect|||F|||50|]Farigiraf||MentalHerb|ArmorTail|Psychic,HyperVoice,HelpingHand,TrickRoom|||M|||50|]Sinistcha||OccaBerry|Hospitality|RagePowder,MatchaGotcha,LifeDew,TrickRoom||||||50|]Torkoal||Charcoal|Drought|Eruption,Protect,HeatWave,EarthPower|||M|||50|]Empoleon||Leftovers|Competitive|Protect,FlashCannon,Roar,HydroPump|||F|||50|\n|inactive|Battle timer is ON: inactive players will automatically lose when time's up. (requested by skittycel)\n|inactive|Gritzz also wants the timer to be on.\n|j| RomiiJ\n|inactive|skittycel has 60 seconds left.\n|inactive|Gritzz has 60 seconds left.\n|\n|t:|1776460520\n|teamsize|p1|4\n|teamsize|p2|4\n|start\n|switch|p1a: Gardevoir|Gardevoir, L50, M, shiny|100/100\n|switch|p1b: Kingambit|Kingambit, L50, F|100/100\n|switch|p2a: Sinistcha|Sinistcha, L50|100/100\n|switch|p2b: Crabominable|Crabominable, L50, F|100/100\n|-ability|p1a: Gardevoir|Hyper Cutter|Trace|[from] ability: Trace|[of] p2b: Crabominable\n|turn|1\n|inactive|Gritzz has 30 seconds left.\n|\n|t:|1776460562\n|detailschange|p1a: Gardevoir|Gardevoir-Mega, L50, M, shiny\n|-mega|p1a: Gardevoir|Gardevoir|Gardevoirite\n|detailschange|p2b: Crabominable|Crabominable-Mega, L50, F\n|-mega|p2b: Crabominable|Crabominable|Crabominite\n|move|p1a: Gardevoir|Hyper Voice|p2a: Sinistcha|[spread] p2a,p2b\n|-supereffective|p2b: Crabominable|1\n|-damage|p2a: Sinistcha|48/100\n|-damage|p2b: Crabominable|23/100\n|move|p1b: Kingambit|Kowtow Cleave|p2a: Sinistcha\n|-supereffective|p2a: Sinistcha|1\n|-damage|p2a: Sinistcha|0 fnt\n|faint|p2a: Sinistcha\n|move|p2b: Crabominable|Drain Punch|p1b: Kingambit\n|-supereffective|p1b: Kingambit|2\n|-damage|p1b: Kingambit|0 fnt\n|-heal|p2b: Crabominable|74/100|[from] drain|[of] p1b: Kingambit\n|faint|p1b: Kingambit\n|\n|upkeep\n|\n|t:|1776460572\n|switch|p1b: Maushold|Maushold, L50|100/100\n|switch|p2a: Farigiraf|Farigiraf, L50, M|100/100\n|turn|2\n|\n|t:|1776460582\n|move|p1b: Maushold|Super Fang|p2a: Farigiraf\n|-damage|p2a: Farigiraf|51/100\n|move|p1a: Gardevoir|Hyper Voice|p2a: Farigiraf|[spread] p2a,p2b\n|-supereffective|p2b: Crabominable|1\n|-damage|p2a: Farigiraf|14/100\n|-damage|p2b: Crabominable|0 fnt\n|faint|p2b: Crabominable\n|move|p2a: Farigiraf|Trick Room|p2a: Farigiraf\n|-fieldstart|move: Trick Room|[of] p2a: Farigiraf\n|\n|upkeep\n|\n|t:|1776460588\n|switch|p2b: Torkoal|Torkoal, L50, M|100/100\n|-weather|SunnyDay|[from] ability: Drought|[of] p2b: Torkoal\n|turn|3\n|\n|t:|1776460606\n|move|p2a: Farigiraf|Helping Hand|p2b: Torkoal\n|-singleturn|p2b: Torkoal|Helping Hand|[of] p2a: Farigiraf\n|move|p1b: Maushold|Protect|p1b: Maushold\n|-singleturn|p1b: Maushold|Protect\n|move|p2b: Torkoal|Eruption|p1a: Gardevoir|[spread] p1a\n|-activate|p1b: Maushold|move: Protect\n|-damage|p1a: Gardevoir|22/100\n|move|p1a: Gardevoir|Hyper Voice|p2a: Farigiraf|[spread] p2a,p2b\n|-resisted|p2b: Torkoal|1\n|-damage|p2a: Farigiraf|0 fnt\n|-damage|p2b: Torkoal|68/100\n|faint|p2a: Farigiraf\n|\n|-weather|SunnyDay|[upkeep]\n|upkeep\n|turn|4\n|\n|t:|1776460617\n|move|p2b: Torkoal|Eruption|p1a: Gardevoir|[spread] p1a,p1b\n|-damage|p1a: Gardevoir|0 fnt\n|-damage|p1b: Maushold|28/100\n|faint|p1a: Gardevoir\n|move|p1b: Maushold|Super Fang|p2b: Torkoal|[miss]\n|-miss|p1b: Maushold|p2b: Torkoal\n|\n|-weather|SunnyDay|[upkeep]\n|upkeep\n|\n|t:|1776460620\n|switch|p1a: Rotom|Rotom-Wash, L50|100/100\n|turn|5\n|\n|t:|1776460624\n|move|p1b: Maushold|Protect|p1b: Maushold\n|-singleturn|p1b: Maushold|Protect\n|move|p2b: Torkoal|Eruption|p1a: Rotom|[spread] p1a\n|-activate|p1b: Maushold|move: Protect\n|-resisted|p1a: Rotom|1\n|-crit|p1a: Rotom\n|-damage|p1a: Rotom|65/100\n|move|p1a: Rotom|Thunderbolt|p2b: Torkoal\n|-damage|p2b: Torkoal|19/100\n|\n|-weather|SunnyDay|[upkeep]\n|upkeep\n|turn|6\n|\n|t:|1776460632\n|move|p1b: Maushold|Feint|p2b: Torkoal\n|-damage|p2b: Torkoal|12/100\n|move|p2b: Torkoal|Heat Wave|p1b: Maushold|[spread] p1a,p1b\n|-resisted|p1a: Rotom|1\n|-damage|p1a: Rotom|46/100\n|-damage|p1b: Maushold|0 fnt\n|-enditem|p1a: Rotom|Sitrus Berry|[eat]\n|-heal|p1a: Rotom|71/100|[from] item: Sitrus Berry\n|faint|p1b: Maushold\n|move|p1a: Rotom|Thunderbolt|p2b: Torkoal\n|-damage|p2b: Torkoal|0 fnt\n|faint|p2b: Torkoal\n|\n|win|skittycel\n|n|\u2606skittycel|skittycel\n|n|\u2606Gritzz|gritzz\n|n| RomiiJ|romiij\n",
  "uploadtime": 1776460641,
  "views": 20,
  "formatid": "gen9championsvgc2026regma",
  "rating": null,
  "private": 0,
  "password": null
}