{
  "id": "gen9championsvgc2026regma-2586305268",
  "format": "[Gen 9 Champions] VGC 2026 Reg M-A",
  "players": [
    "crunchymonke",
    "Aiden4115"
  ],
  "log": "|j|\u2606crunchymonke\n|j|\u2606Aiden4115\n|t:|1776423425\n|gametype|doubles\n|player|p1|crunchymonke|swimmer-gen4|1023\n|player|p2|Aiden4115|265|1035\n|gen|9\n|tier|[Gen 9 Champions] VGC 2026 Reg M-A\n|rated|\n|rule|Species Clause: Limit one of each Pok\u00e9mon\n|rule|Item Clause: Limit 1 of each item\n|clearpoke\n|poke|p1|Charizard, L50, M|\n|poke|p1|Venusaur, L50, F|\n|poke|p1|Garchomp, L50, M|\n|poke|p1|Corviknight, L50, M|\n|poke|p1|Kingambit, L50, M|\n|poke|p1|Milotic, L50, F|\n|poke|p2|Diggersby, L50, M|\n|poke|p2|Gyarados, L50, M|\n|poke|p2|Sinistcha, L50|\n|poke|p2|Aggron, L50, F|\n|poke|p2|Talonflame, L50, F|\n|poke|p2|Rotom-Wash, L50|\n|teampreview|4\n|inactive|Battle timer is ON: inactive players will automatically lose when time's up. (requested by crunchymonke)\n|\n|t:|1776423463\n|teamsize|p1|4\n|teamsize|p2|4\n|start\n|switch|p1a: Charizard|Charizard, L50, M|100/100\n|switch|p1b: Corviknight|Corviknight, L50, M|100/100\n|switch|p2a: Diggersby|Diggersby, L50, M|100/100\n|switch|p2b: Talonflame|Talonflame, L50, F|100/100\n|turn|1\n|\n|t:|1776423484\n|detailschange|p1a: Charizard|Charizard-Mega-Y, L50, M\n|-mega|p1a: Charizard|Charizard|Charizardite Y\n|-weather|SunnyDay|[from] ability: Drought|[of] p1a: Charizard\n|move|p2b: Talonflame|Tailwind|p2b: Talonflame\n|-sidestart|p2: Aiden4115|move: Tailwind\n|move|p2a: Diggersby|Rock Slide|p1b: Corviknight|[spread] p1a\n|-miss|p2a: Diggersby|p1b: Corviknight\n|-supereffective|p1a: Charizard|2\n|-damage|p1a: Charizard|0 fnt\n|faint|p1a: Charizard\n|move|p1b: Corviknight|Bulk Up|p1b: Corviknight\n|-boost|p1b: Corviknight|atk|1\n|-boost|p1b: Corviknight|def|1\n|\n|-weather|SunnyDay|[upkeep]\n|upkeep\n|\n|t:|1776423501\n|switch|p1a: Venusaur|Venusaur, L50, F|100/100\n|turn|2\n|\n|t:|1776423509\n|move|p2b: Talonflame|Will-O-Wisp|p1b: Corviknight\n|-status|p1b: Corviknight|brn\n|move|p2a: Diggersby|Rock Slide|p1b: Corviknight|[spread] p1b\n|-miss|p2a: Diggersby|p1a: Venusaur\n|-damage|p1b: Corviknight|89/100 brn\n|move|p1a: Venusaur|Solar Beam||[still]\n|-prepare|p1a: Venusaur|Solar Beam\n|-anim|p1a: Venusaur|Solar Beam|p2a: Diggersby\n|-supereffective|p2a: Diggersby|1\n|-damage|p2a: Diggersby|0 fnt\n|faint|p2a: Diggersby\n|move|p1b: Corviknight|Brave Bird|p2b: Talonflame\n|-damage|p2b: Talonflame|57/100\n|-damage|p1b: Corviknight|76/100 brn|[from] Recoil\n|\n|-weather|SunnyDay|[upkeep]\n|-damage|p1b: Corviknight|70/100 brn|[from] brn\n|upkeep\n|\n|t:|1776423528\n|switch|p2a: Sinistcha|Sinistcha, L50|100/100\n|-heal|p2b: Talonflame|82/100|[from] ability: Hospitality|[of] p2a: Sinistcha\n|turn|3\n|inactive|Aiden4115 has 30 seconds left.\n|\n|t:|1776423557\n|move|p2b: Talonflame|Brave Bird|p1a: Venusaur\n|-supereffective|p1a: Venusaur|1\n|-damage|p1a: Venusaur|11/100\n|-damage|p2b: Talonflame|57/100|[from] Recoil\n|move|p1a: Venusaur|Weather Ball|p2a: Sinistcha\n|-supereffective|p2a: Sinistcha|1\n|-damage|p2a: Sinistcha|15/100\n|move|p2a: Sinistcha|Strength Sap|p1b: Corviknight\n|-ability|p1b: Corviknight|Mirror Armor\n|-unboost|p2a: Sinistcha|atk|1\n|-heal|p2a: Sinistcha|100/100\n|move|p1b: Corviknight|Bulk Up|p1b: Corviknight\n|-boost|p1b: Corviknight|atk|1\n|-boost|p1b: Corviknight|def|1\n|\n|-weather|SunnyDay|[upkeep]\n|-damage|p1b: Corviknight|64/100 brn|[from] brn\n|upkeep\n|turn|4\n|inactive|crunchymonke has 30 seconds left.\n|\n|t:|1776423586\n|move|p1a: Venusaur|Protect|p1a: Venusaur\n|-singleturn|p1a: Venusaur|Protect\n|move|p2b: Talonflame|Brave Bird|p1a: Venusaur\n|-activate|p1a: Venusaur|move: Protect\n|move|p2a: Sinistcha|Shadow Ball|p1b: Corviknight\n|-damage|p1b: Corviknight|34/100 brn\n|move|p1b: Corviknight|Brave Bird|p2a: Sinistcha\n|-supereffective|p2a: Sinistcha|1\n|-damage|p2a: Sinistcha|29/100\n|-damage|p1b: Corviknight|13/100 brn|[from] Recoil\n|\n|-weather|SunnyDay|[upkeep]\n|-damage|p1b: Corviknight|7/100 brn|[from] brn\n|-sideend|p2: Aiden4115|move: Tailwind\n|upkeep\n|turn|5\n|inactive|Aiden4115 has 30 seconds left.\n|inactive|Aiden4115 has 20 seconds left.\n|inactive|Aiden4115 has 15 seconds left.\n|inactive|Aiden4115 has 10 seconds left.\n|inactive|Aiden4115 has 5 seconds left.\n|\n|t:|1776423640\n|switch|p2a: Aggron|Aggron, L50, F|100/100\n|move|p1a: Venusaur|Weather Ball|p2a: Aggron\n|-damage|p2a: Aggron|33/100\n|move|p2b: Talonflame|Brave Bird|p1a: Venusaur\n|-supereffective|p1a: Venusaur|1\n|-damage|p1a: Venusaur|0 fnt\n|faint|p1a: Venusaur\n|-damage|p2b: Talonflame|53/100|[from] Recoil\n|move|p1b: Corviknight|Roost|p1b: Corviknight\n|-heal|p1b: Corviknight|58/100 brn\n|-singleturn|p1b: Corviknight|move: Roost\n|\n|-weather|none\n|-damage|p1b: Corviknight|52/100 brn|[from] brn\n|upkeep\n|\n|t:|1776423656\n|switch|p1a: Milotic|Milotic, L50, F|100/100\n|turn|6\n|\n|t:|1776423676\n|detailschange|p2a: Aggron|Aggron-Mega, L50, F\n|-mega|p2a: Aggron|Aggron|Aggronite\n|move|p2b: Talonflame|Tailwind|p2b: Talonflame\n|-sidestart|p2: Aiden4115|move: Tailwind\n|move|p2a: Aggron|Body Press|p1a: Milotic\n|-damage|p1a: Milotic|63/100\n|move|p1a: Milotic|Life Dew|p1a: Milotic|[spread] p1a,p1b\n|-heal|p1a: Milotic|88/100\n|-heal|p1b: Corviknight|77/100 brn\n|move|p1b: Corviknight|Brave Bird|p2b: Talonflame\n|-damage|p2b: Talonflame|0 fnt\n|faint|p2b: Talonflame\n|-damage|p1b: Corviknight|61/100 brn|[from] Recoil\n|\n|-heal|p1a: Milotic|94/100|[from] item: Leftovers\n|-damage|p1b: Corviknight|55/100 brn|[from] brn\n|upkeep\n|\n|t:|1776423695\n|switch|p2b: Sinistcha|Sinistcha, L50|29/100\n|-heal|p2a: Aggron|58/100|[from] ability: Hospitality|[of] p2b: Sinistcha\n|turn|7\n|\n|t:|1776423711\n|move|p2b: Sinistcha|Strength Sap|p1b: Corviknight\n|-ability|p1b: Corviknight|Mirror Armor\n|-unboost|p2b: Sinistcha|atk|1\n|-heal|p2b: Sinistcha|100/100\n|move|p2a: Aggron|Rock Slide|p1a: Milotic|[spread] p1a\n|-miss|p2a: Aggron|p1b: Corviknight\n|-damage|p1a: Milotic|82/100\n|move|p1a: Milotic|Scald|p2a: Aggron\n|-damage|p2a: Aggron|21/100\n|move|p1b: Corviknight|Brave Bird|p2b: Sinistcha\n|-supereffective|p2b: Sinistcha|1\n|-damage|p2b: Sinistcha|21/100\n|-damage|p1b: Corviknight|32/100 brn|[from] Recoil\n|\n|-heal|p1a: Milotic|88/100|[from] item: Leftovers\n|-damage|p1b: Corviknight|26/100 brn|[from] brn\n|upkeep\n|turn|8\n|inactive|Aiden4115 has 30 seconds left.\n|c|\u2606crunchymonke|gg\n|inactive|Aiden4115 has 20 seconds left.\n|\n|t:|1776423746\n|move|p2b: Sinistcha|Strength Sap|p1b: Corviknight\n|-ability|p1b: Corviknight|Mirror Armor\n|-unboost|p2b: Sinistcha|atk|1\n|-heal|p2b: Sinistcha|100/100\n|move|p2a: Aggron|Rock Slide|p1b: Corviknight|[spread] p1a,p1b\n|-damage|p1a: Milotic|75/100\n|-damage|p1b: Corviknight|20/100 brn\n|move|p1a: Milotic|Scald|p2a: Aggron\n|-damage|p2a: Aggron|0 fnt\n|faint|p2a: Aggron\n|move|p1b: Corviknight|Brave Bird|p2b: Sinistcha\n|-supereffective|p2b: Sinistcha|1\n|-damage|p2b: Sinistcha|25/100\n|-damage|p1b: Corviknight|0 fnt|[from] Recoil\n|faint|p1b: Corviknight\n|\n|-heal|p1a: Milotic|81/100|[from] item: Leftovers\n|upkeep\n|turn|9\n|\n|t:|1776423771\n|move|p2b: Sinistcha|Strength Sap|p1a: Milotic\n|-unboost|p1a: Milotic|atk|1\n|-heal|p2b: Sinistcha|65/100\n|move|p1a: Milotic|Icy Wind|p2b: Sinistcha\n|-supereffective|p2b: Sinistcha|1\n|-damage|p2b: Sinistcha|40/100\n|-unboost|p2b: Sinistcha|spe|1\n|\n|-heal|p1a: Milotic|87/100|[from] item: Leftovers\n|-sideend|p2: Aiden4115|move: Tailwind\n|upkeep\n|turn|10\n|\n|t:|1776423786\n|move|p1a: Milotic|Icy Wind|p2b: Sinistcha\n|-supereffective|p2b: Sinistcha|1\n|-damage|p2b: Sinistcha|13/100\n|-unboost|p2b: Sinistcha|spe|1\n|move|p2b: Sinistcha|Matcha Gotcha|p1a: Milotic\n|-supereffective|p1a: Milotic|1\n|-damage|p1a: Milotic|43/100\n|-heal|p2b: Sinistcha|39/100|[from] drain|[of] p1a: Milotic\n|-status|p1a: Milotic|brn\n|\n|-heal|p1a: Milotic|49/100 brn|[from] item: Leftovers\n|-damage|p1a: Milotic|43/100 brn|[from] brn\n|upkeep\n|turn|11\n|\n|t:|1776423807\n|move|p1a: Milotic|Scald|p2b: Sinistcha\n|-resisted|p2b: Sinistcha|1\n|-damage|p2b: Sinistcha|26/100\n|move|p2b: Sinistcha|Matcha Gotcha|p1a: Milotic\n|-supereffective|p1a: Milotic|1\n|-damage|p1a: Milotic|0 fnt\n|-heal|p2b: Sinistcha|50/100|[from] drain|[of] p1a: Milotic\n|faint|p1a: Milotic\n|\n|win|Aiden4115\n|raw|crunchymonke's rating: 1023 &rarr; <strong>1010</strong><br />(-13 for losing)\n|raw|Aiden4115's rating: 1035 &rarr; <strong>1069</strong><br />(+34 for winning)\n",
  "uploadtime": 1776423819,
  "views": 46,
  "formatid": "gen9championsvgc2026regma",
  "rating": 1010,
  "private": 0,
  "password": null
}