{
  "id": "gen9championsvgc2026regma-2588310265",
  "format": "[Gen 9 Champions] VGC 2026 Reg M-A",
  "players": [
    "Pokeman208115",
    "mfsalve"
  ],
  "log": "|j|\u2606Pokeman208115\n|j|\u2606mfsalve\n|t:|1776623013\n|gametype|doubles\n|player|p1|Pokeman208115|265|1091\n|player|p2|mfsalve|102|1113\n|gen|9\n|tier|[Gen 9 Champions] VGC 2026 Reg M-A\n|rated|\n|rule|Species Clause: Limit one of each Pok\u00e9mon\n|rule|Item Clause: Limit 1 of each item\n|clearpoke\n|poke|p1|Farigiraf, L50, M|\n|poke|p1|Incineroar, L50, M, shiny|\n|poke|p1|Golurk, L50, shiny|\n|poke|p1|Camerupt, L50, M, shiny|\n|poke|p1|Oranguru, L50, F|\n|poke|p1|Sinistcha-Masterpiece, L50|\n|poke|p2|Gengar, L50, M, shiny|\n|poke|p2|Politoed, L50, M|\n|poke|p2|Incineroar, L50, F|\n|poke|p2|Basculegion, L50, M|\n|poke|p2|Sneasler, L50, F|\n|poke|p2|Whimsicott, L50, M|\n|teampreview|4\n|\n|t:|1776623032\n|teamsize|p1|4\n|teamsize|p2|4\n|start\n|switch|p1a: Farigiraf|Farigiraf, L50, M|100/100\n|switch|p1b: Incineroar|Incineroar, L50, M, shiny|100/100\n|switch|p2a: Politoed|Politoed, L50, M|100/100\n|switch|p2b: Incineroar|Incineroar, L50, F|100/100\n|-weather|RainDance|[from] ability: Drizzle|[of] p2a: Politoed\n|-ability|p2b: Incineroar|Intimidate|boost\n|-unboost|p1a: Farigiraf|atk|1\n|-unboost|p1b: Incineroar|atk|1\n|-ability|p1b: Incineroar|Intimidate|boost\n|-unboost|p2a: Politoed|atk|1\n|-unboost|p2b: Incineroar|atk|1\n|turn|1\n|\n|t:|1776623049\n|move|p2a: Politoed|Protect|p2a: Politoed\n|-singleturn|p2a: Politoed|Protect\n|move|p1b: Incineroar|Fake Out|p2a: Politoed\n|-activate|p2a: Politoed|move: Protect\n|move|p2b: Incineroar|Throat Chop|p1a: Farigiraf\n|-supereffective|p1a: Farigiraf|1\n|-damage|p1a: Farigiraf|65/100\n|-start|p1a: Farigiraf|Throat Chop|[silent]\n|move|p1a: Farigiraf|Trick Room|p1a: Farigiraf\n|-fieldstart|move: Trick Room|[of] p1a: Farigiraf\n|\n|-weather|RainDance|[upkeep]\n|upkeep\n|turn|2\n|\n|t:|1776623072\n|move|p1b: Incineroar|Darkest Lariat|p2a: Politoed\n|-damage|p2a: Politoed|74/100\n|move|p1a: Farigiraf|Psyshock|p2a: Politoed\n|-damage|p2a: Politoed|48/100\n|move|p2b: Incineroar|Parting Shot|p1a: Farigiraf\n|-unboost|p1a: Farigiraf|atk|1\n|-unboost|p1a: Farigiraf|spa|1\n|\n|t:|1776623082\n|switch|p2b: are u locked?|Gengar, L50, M, shiny|100/100|[from] Parting Shot\n|move|p2a: Politoed|Perish Song|p2a: Politoed\n|-start|p1a: Farigiraf|perish3|[silent]\n|-start|p1b: Incineroar|perish3|[silent]\n|-start|p2a: Politoed|perish3|[silent]\n|-start|p2b: are u locked?|perish3|[silent]\n|-fieldactivate|move: Perish Song\n|\n|-weather|RainDance|[upkeep]\n|-heal|p2a: Politoed|54/100|[from] item: Leftovers\n|-end|p1a: Farigiraf|Throat Chop|[silent]\n|-start|p1a: Farigiraf|perish3\n|-start|p1b: Incineroar|perish3\n|-start|p2a: Politoed|perish3\n|-start|p2b: are u locked?|perish3\n|upkeep\n|turn|3\n|\n|t:|1776623118\n|switch|p1a: Golurk|Golurk, L50, shiny|100/100\n|switch|p1b: Sinistcha|Sinistcha-Masterpiece, L50|100/100\n|switch|p2a: Incineroar|Incineroar, L50, F|100/100\n|-ability|p2a: Incineroar|Intimidate|boost\n|-unboost|p1a: Golurk|atk|1\n|-unboost|p1b: Sinistcha|atk|1\n|move|p2b: are u locked?|Protect||[still]\n|-fail|p2b: are u locked?\n|\n|-weather|RainDance|[upkeep]\n|-start|p2b: are u locked?|perish2\n|upkeep\n|turn|4\n|\n|t:|1776623142\n|switch|p2b: Politoed|Politoed, L50, M|54/100\n|detailschange|p1a: Golurk|Golurk-Mega, L50, shiny\n|-mega|p1a: Golurk|Golurk|Golurkite\n|move|p1b: Sinistcha|Rage Powder|p1b: Sinistcha\n|-singleturn|p1b: Sinistcha|move: Rage Powder\n|move|p1a: Golurk|Headlong Rush|p2a: Incineroar\n|-supereffective|p2a: Incineroar|1\n|-damage|p2a: Incineroar|1/100\n|-unboost|p1a: Golurk|def|1\n|-unboost|p1a: Golurk|spd|1\n|-enditem|p2a: Incineroar|Sitrus Berry|[eat]\n|-heal|p2a: Incineroar|26/100|[from] item: Sitrus Berry\n|move|p2a: Incineroar|Throat Chop|p1b: Sinistcha\n|-supereffective|p1b: Sinistcha|1\n|-damage|p1b: Sinistcha|53/100\n|-start|p1b: Sinistcha|Throat Chop|[silent]\n|\n|-weather|RainDance|[upkeep]\n|-heal|p2b: Politoed|60/100|[from] item: Leftovers\n|upkeep\n|turn|5\n|\n|t:|1776623173\n|switch|p2a: Basculegion|Basculegion, L50, M|100/100\n|move|p1b: Sinistcha|Rage Powder|p1b: Sinistcha\n|-singleturn|p1b: Sinistcha|move: Rage Powder\n|move|p1a: Golurk|Headlong Rush|p2b: Politoed\n|-damage|p2b: Politoed|7/100\n|-unboost|p1a: Golurk|def|1\n|-unboost|p1a: Golurk|spd|1\n|move|p2b: Politoed|Weather Ball|p1b: Sinistcha\n|-resisted|p1b: Sinistcha|1\n|-damage|p1b: Sinistcha|28/100\n|-enditem|p1b: Sinistcha|Sitrus Berry|[eat]\n|-heal|p1b: Sinistcha|53/100|[from] item: Sitrus Berry\n|\n|-weather|none\n|-heal|p2b: Politoed|13/100|[from] item: Leftovers\n|-end|p1b: Sinistcha|Throat Chop|[silent]\n|-fieldend|move: Trick Room\n|upkeep\n|turn|6\n|\n|t:|1776623195\n|switch|p2b: Incineroar|Incineroar, L50, F|26/100\n|-ability|p2b: Incineroar|Intimidate|boost\n|-unboost|p1a: Golurk|atk|1\n|-unboost|p1b: Sinistcha|atk|1\n|move|p1a: Golurk|Protect|p1a: Golurk\n|-singleturn|p1a: Golurk|Protect\n|move|p2a: Basculegion|Last Respects|p1a: Golurk\n|-activate|p1a: Golurk|move: Protect\n|move|p1b: Sinistcha|Trick Room|p1b: Sinistcha\n|-fieldstart|move: Trick Room|[of] p1b: Sinistcha\n|\n|upkeep\n|turn|7\n|\n|t:|1776623215\n|switch|p2b: Politoed|Politoed, L50, M|13/100\n|-weather|RainDance|[from] ability: Drizzle|[of] p2b: Politoed\n|move|p1b: Sinistcha|Rage Powder|p1b: Sinistcha\n|-singleturn|p1b: Sinistcha|move: Rage Powder\n|move|p1a: Golurk|Poltergeist|p2a: Basculegion\n|-activate|p2a: Basculegion|move: Poltergeist|Mystic Water\n|-supereffective|p2a: Basculegion|1\n|-damage|p2a: Basculegion|6/100\n|move|p2a: Basculegion|Last Respects|p1b: Sinistcha\n|-supereffective|p1b: Sinistcha|1\n|-damage|p1b: Sinistcha|12/100\n|\n|-weather|RainDance|[upkeep]\n|-heal|p2b: Politoed|19/100|[from] item: Leftovers\n|upkeep\n|turn|8\n|\n|t:|1776623242\n|move|p2a: Basculegion|Aqua Jet|p1b: Sinistcha\n|-resisted|p1b: Sinistcha|1\n|-damage|p1b: Sinistcha|0 fnt\n|faint|p1b: Sinistcha\n|move|p1a: Golurk|Headlong Rush|p2b: Politoed\n|-damage|p2b: Politoed|0 fnt\n|-unboost|p1a: Golurk|def|1\n|-unboost|p1a: Golurk|spd|1\n|faint|p2b: Politoed\n|\n|-weather|RainDance|[upkeep]\n|upkeep\n|\n|t:|1776623253\n|switch|p1b: Farigiraf|Farigiraf, L50, M|65/100\n|switch|p2b: are u locked?|Gengar, L50, M, shiny|100/100\n|turn|9\n|\n|t:|1776623264\n|detailschange|p2b: are u locked?|Gengar-Mega, L50, M, shiny\n|-mega|p2b: are u locked?|Gengar|Gengarite\n|move|p2b: are u locked?|Protect|p2b: are u locked?\n|-singleturn|p2b: are u locked?|Protect\n|move|p1a: Golurk|Poltergeist|p2b: are u locked?\n|-activate|p2b: are u locked?|move: Protect\n|move|p1b: Farigiraf|Psyshock|p2a: Basculegion\n|-damage|p2a: Basculegion|0 fnt\n|faint|p2a: Basculegion\n|\n|-weather|RainDance|[upkeep]\n|upkeep\n|\n|t:|1776623275\n|switch|p2a: Incineroar|Incineroar, L50, F|26/100\n|-ability|p2a: Incineroar|Intimidate|boost\n|-unboost|p1a: Golurk|atk|1\n|-unboost|p1b: Farigiraf|atk|1\n|turn|10\n|\n|t:|1776623292\n|move|p2b: are u locked?|Protect||[still]\n|-fail|p2b: are u locked?\n|move|p1a: Golurk|Poltergeist|p2b: are u locked?|[miss]\n|-miss|p1a: Golurk|p2b: are u locked?\n|move|p1b: Farigiraf|Hyper Voice|p2a: Incineroar|[spread] p2a\n|-immune|p2b: are u locked?\n|-crit|p2a: Incineroar\n|-damage|p2a: Incineroar|0 fnt\n|faint|p2a: Incineroar\n|\n|-weather|RainDance|[upkeep]\n|-fieldend|move: Trick Room\n|upkeep\n|turn|11\n|\n|t:|1776623305\n|move|p1a: Golurk|Protect|p1a: Golurk\n|-singleturn|p1a: Golurk|Protect\n|move|p2b: are u locked?|Shadow Ball|p1a: Golurk\n|-activate|p1a: Golurk|move: Protect\n|move|p1b: Farigiraf|Trick Room|p1b: Farigiraf\n|-fieldstart|move: Trick Room|[of] p1b: Farigiraf\n|\n|-weather|none\n|upkeep\n|turn|12\n|\n|t:|1776623313\n|move|p1a: Golurk|Poltergeist|p2b: are u locked?\n|-activate|p2b: are u locked?|move: Poltergeist|Gengarite\n|-supereffective|p2b: are u locked?|1\n|-damage|p2b: are u locked?|21/100\n|move|p1b: Farigiraf|Psyshock|p2b: are u locked?\n|-supereffective|p2b: are u locked?|1\n|-damage|p2b: are u locked?|0 fnt\n|faint|p2b: are u locked?\n|\n|win|Pokeman208115\n|raw|Pokeman208115's rating: 1091 &rarr; <strong>1119</strong><br />(+28 for winning)\n|raw|mfsalve's rating: 1113 &rarr; <strong>1086</strong><br />(-27 for losing)\n|l|\u2606mfsalve\n|player|p2|\n",
  "uploadtime": 1776623325,
  "views": 17,
  "formatid": "gen9championsvgc2026regma",
  "rating": 1086,
  "private": 0,
  "password": null
}