{
  "id": "gen9championsvgc2026regma-2581999458",
  "format": "[Gen 9 Champions] VGC 2026 Reg M-A",
  "players": [
    "Sanjuroku",
    "Whositnow"
  ],
  "log": "|j|\u2606Sanjuroku\n|j|\u2606Whositnow\n|t:|1776047033\n|gametype|doubles\n|player|p1|Sanjuroku|ghetsis|1049\n|player|p2|Whositnow|n-masters2|1098\n|gen|9\n|tier|[Gen 9 Champions] VGC 2026 Reg M-A\n|rated|\n|rule|Species Clause: Limit one of each Pok\u00e9mon\n|rule|Item Clause: Limit 1 of each item\n|clearpoke\n|poke|p1|Pelipper, L50, M|\n|poke|p1|Archaludon, L50, M|\n|poke|p1|Dragonite, L50, M|\n|poke|p1|Sinistcha, L50|\n|poke|p1|Kingambit, L50, F|\n|poke|p1|Incineroar, L50, M|\n|poke|p2|Basculegion, L50, M|\n|poke|p2|Sneasler, L50, M|\n|poke|p2|Clefable, L50, M|\n|poke|p2|Delphox, L50, M|\n|poke|p2|Kingambit, L50, F|\n|poke|p2|Dragonite, L50, F|\n|teampreview|4\n|inactive|Battle timer is ON: inactive players will automatically lose when time's up. (requested by Sanjuroku)\n|inactive|Sanjuroku has 60 seconds left.\n|inactive|Whositnow has 60 seconds left.\n|\n|t:|1776047084\n|teamsize|p1|4\n|teamsize|p2|4\n|start\n|switch|p1a: Dragonite|Dragonite, L50, M|100/100\n|switch|p1b: Sinistcha|Sinistcha, L50|100/100\n|switch|p2a: Basculegion|Basculegion, L50, M|100/100\n|switch|p2b: Sneasler|Sneasler, L50, M|100/100\n|turn|1\n|\n|t:|1776047102\n|detailschange|p1a: Dragonite|Dragonite-Mega, L50, M\n|-mega|p1a: Dragonite|Dragonite|Dragoninite\n|move|p2b: Sneasler|Fake Out|p1a: Dragonite\n|-damage|p1a: Dragonite|95/100\n|move|p2a: Basculegion|Flip Turn|p1b: Sinistcha\n|-resisted|p1b: Sinistcha|1\n|-damage|p1b: Sinistcha|79/100\n|\n|t:|1776047110\n|switch|p2a: Kingambit|Kingambit, L50, F|100/100|[from] Flip Turn\n|cant|p1a: Dragonite|flinch\n|move|p1b: Sinistcha|Shadow Ball|p2a: Kingambit\n|-resisted|p2a: Kingambit|1\n|-damage|p2a: Kingambit|80/100\n|\n|-heal|p1b: Sinistcha|85/100|[from] item: Leftovers\n|upkeep\n|turn|2\n|\n|t:|1776047134\n|move|p2b: Sneasler|Dire Claw|p1a: Dragonite\n|-damage|p1a: Dragonite|55/100\n|-status|p1a: Dragonite|par\n|move|p1b: Sinistcha|Strength Sap|p2a: Kingambit\n|-unboost|p2a: Kingambit|atk|1\n|-ability|p2a: Kingambit|Defiant|boost\n|-boost|p2a: Kingambit|atk|2\n|-heal|p1b: Sinistcha|100/100\n|cant|p1a: Dragonite|par\n|move|p2a: Kingambit|Kowtow Cleave|p1b: Sinistcha\n|-supereffective|p1b: Sinistcha|1\n|-damage|p1b: Sinistcha|0 fnt\n|faint|p1b: Sinistcha\n|\n|upkeep\n|\n|t:|1776047150\n|switch|p1b: Pelipper|Pelipper, L50, M|100/100\n|-weather|RainDance|[from] ability: Drizzle|[of] p1b: Pelipper\n|turn|3\n|\n|t:|1776047158\n|move|p2a: Kingambit|Sucker Punch|p1a: Dragonite\n|-damage|p1a: Dragonite|0 fnt\n|faint|p1a: Dragonite\n|move|p2b: Sneasler|Dire Claw|p1b: Pelipper\n|-damage|p1b: Pelipper|45/100\n|-status|p1b: Pelipper|par\n|move|p1b: Pelipper|Tailwind|p1b: Pelipper\n|-sidestart|p1: Sanjuroku|move: Tailwind\n|\n|-weather|RainDance|[upkeep]\n|upkeep\n|\n|t:|1776047163\n|switch|p1a: Archaludon|Archaludon, L50, M|100/100\n|turn|4\n|\n|t:|1776047184\n|move|p1b: Pelipper|Protect|p1b: Pelipper\n|-singleturn|p1b: Pelipper|Protect\n|move|p1a: Archaludon|Electro Shot||[still]\n|-prepare|p1a: Archaludon|Electro Shot\n|-boost|p1a: Archaludon|spa|1\n|-anim|p1a: Archaludon|Electro Shot|p2a: Kingambit\n|-damage|p2a: Kingambit|13/100\n|move|p2b: Sneasler|Dire Claw|p1b: Pelipper\n|-activate|p1b: Pelipper|move: Protect\n|move|p2a: Kingambit|Swords Dance|p2a: Kingambit\n|-boost|p2a: Kingambit|atk|2\n|\n|-weather|RainDance|[upkeep]\n|upkeep\n|turn|5\n|\n|t:|1776047201\n|move|p1a: Archaludon|Protect|p1a: Archaludon\n|-singleturn|p1a: Archaludon|Protect\n|move|p2a: Kingambit|Sucker Punch||[still]\n|-fail|p2a: Kingambit\n|move|p2b: Sneasler|Dire Claw|p1b: Pelipper\n|-damage|p1b: Pelipper|0 fnt\n|faint|p1b: Pelipper\n|\n|-weather|RainDance|[upkeep]\n|upkeep\n|turn|6\n|\n|t:|1776047213\n|move|p2b: Sneasler|Protect|p2b: Sneasler\n|-singleturn|p2b: Sneasler|Protect\n|move|p2a: Kingambit|Protect|p2a: Kingambit\n|-singleturn|p2a: Kingambit|Protect\n|move|p1a: Archaludon|Electro Shot||[still]\n|-prepare|p1a: Archaludon|Electro Shot\n|-boost|p1a: Archaludon|spa|1\n|-anim|p1a: Archaludon|Electro Shot|p2a: Kingambit\n|-activate|p2a: Kingambit|move: Protect\n|\n|-weather|RainDance|[upkeep]\n|-sideend|p1: Sanjuroku|move: Tailwind\n|upkeep\n|turn|7\n|\n|t:|1776047219\n|move|p2a: Kingambit|Sucker Punch|p1a: Archaludon\n|-damage|p1a: Archaludon|12/100\n|-ability|p1a: Archaludon|Stamina|boost\n|-boost|p1a: Archaludon|def|1\n|move|p2b: Sneasler|Close Combat|p1a: Archaludon\n|-supereffective|p1a: Archaludon|1\n|-damage|p1a: Archaludon|0 fnt\n|-unboost|p2b: Sneasler|def|1\n|-unboost|p2b: Sneasler|spd|1\n|faint|p1a: Archaludon\n|\n|win|Whositnow\n|raw|Sanjuroku's rating: 1049 &rarr; <strong>1034</strong><br />(-15 for losing)\n|raw|Whositnow's rating: 1098 &rarr; <strong>1120</strong><br />(+22 for winning)\n",
  "uploadtime": 1776047226,
  "views": 25,
  "formatid": "gen9championsvgc2026regma",
  "rating": 1034,
  "private": 0,
  "password": null
}