{
  "id": "gen9championsvgc2026regma-2583069026",
  "format": "[Gen 9 Champions] VGC 2026 Reg M-A",
  "players": [
    "jingming",
    "Kitsune.Post"
  ],
  "log": "|j|\u2606jingming\n|j|\u2606Kitsune.Post\n|t:|1776138578\n|gametype|doubles\n|player|p1|jingming|nate|1130\n|player|p2|Kitsune.Post|medium|1078\n|gen|9\n|tier|[Gen 9 Champions] VGC 2026 Reg M-A\n|rated|\n|rule|Species Clause: Limit one of each Pok\u00e9mon\n|rule|Item Clause: Limit 1 of each item\n|clearpoke\n|poke|p1|Starmie, L50|\n|poke|p1|Mimikyu, L50, F|\n|poke|p1|Corviknight, L50, M|\n|poke|p1|Sneasler, L50, F|\n|poke|p1|Incineroar, L50, M|\n|poke|p1|Ninetales-Alola, L50, M|\n|poke|p2|Delphox, L50, M|\n|poke|p2|Garchomp, L50, M|\n|poke|p2|Maushold-Four, L50|\n|poke|p2|Kingambit, L50, M|\n|poke|p2|Greninja-*, L50, F|\n|poke|p2|Whimsicott, L50, F|\n|teampreview|4\n|inactive|Battle timer is ON: inactive players will automatically lose when time's up. (requested by jingming)\n|inactive|Kitsune.Post has 60 seconds left.\n|\n|t:|1776138619\n|teamsize|p1|4\n|teamsize|p2|4\n|start\n|switch|p1a: Incineroar|Incineroar, L50, M|100/100\n|switch|p1b: Starmie|Starmie, L50|100/100\n|switch|p2a: Whimsicott|Whimsicott, L50, F|100/100\n|switch|p2b: Kingambit|Kingambit, L50, M|100/100\n|-ability|p1a: Incineroar|Intimidate|boost\n|-unboost|p2a: Whimsicott|atk|1\n|-unboost|p2b: Kingambit|atk|1\n|-ability|p2b: Kingambit|Defiant|boost\n|-boost|p2b: Kingambit|atk|2\n|turn|1\n|\n|t:|1776138638\n|switch|p1b: Corviknight|Corviknight, L50, M|100/100\n|-ability|p1b: Corviknight|Pressure\n|move|p2a: Whimsicott|Sunny Day|p2a: Whimsicott\n|-weather|SunnyDay\n|move|p1a: Incineroar|Will-O-Wisp|p2b: Kingambit\n|-status|p2b: Kingambit|brn\n|move|p2b: Kingambit|Swords Dance|p2b: Kingambit\n|-boost|p2b: Kingambit|atk|2\n|\n|-weather|SunnyDay|[upkeep]\n|-damage|p2b: Kingambit|95/100 brn|[from] brn\n|upkeep\n|turn|2\n|inactive|Kitsune.Post has 30 seconds left.\n|inactiveoff|Battle timer is now OFF.\n|\n|t:|1776138679\n|move|p2a: Whimsicott|Tailwind|p2a: Whimsicott\n|-sidestart|p2: Kitsune.Post|move: Tailwind\n|move|p2b: Kingambit|Low Kick|p1a: Incineroar\n|-supereffective|p1a: Incineroar|1\n|-enditem|p1a: Incineroar|Chople Berry|[eat]\n|-enditem|p1a: Incineroar|Chople Berry|[weaken]\n|-damage|p1a: Incineroar|72/100\n|move|p1b: Corviknight|Body Press|p2b: Kingambit\n|-supereffective|p2b: Kingambit|2\n|-damage|p2b: Kingambit|37/100 brn\n|move|p1a: Incineroar|Parting Shot|p2a: Whimsicott\n|-unboost|p2a: Whimsicott|atk|1\n|-unboost|p2a: Whimsicott|spa|1\n|inactive|Battle timer is ON: inactive players will automatically lose when time's up. (requested by jingming)\n|\n|t:|1776138697\n|switch|p1a: Sneasler|Sneasler, L50, F|100/100|[from] Parting Shot\n|\n|-weather|SunnyDay|[upkeep]\n|-heal|p2b: Kingambit|43/100 brn|[from] item: Leftovers\n|-damage|p2b: Kingambit|37/100 brn|[from] brn\n|upkeep\n|turn|3\n|l|\u2606jingming\n|inactive|jingming disconnected and has a minute to reconnect!\n|player|p1|\n|inactive|jingming has 30 seconds left.\n|j|\u2606jingming\n|inactive|jingming reconnected and has 30 seconds left.\n|player|p1|jingming|nate|\n|inactive|jingming has 20 seconds left.\n|inactive|jingming has 15 seconds left.\n|\n|t:|1776138737\n|move|p2a: Whimsicott|Protect|p2a: Whimsicott\n|-singleturn|p2a: Whimsicott|Protect\n|move|p1a: Sneasler|Fake Out|p2b: Kingambit\n|-resisted|p2b: Kingambit|1\n|-damage|p2b: Kingambit|31/100 brn\n|cant|p2b: Kingambit|flinch\n|move|p1b: Corviknight|Body Press|p2b: Kingambit\n|-supereffective|p2b: Kingambit|2\n|-damage|p2b: Kingambit|0 fnt\n|faint|p2b: Kingambit\n|\n|-weather|SunnyDay|[upkeep]\n|upkeep\n|l|\u2606jingming\n|inactive|jingming disconnected and has a minute to reconnect!\n|player|p1|\n|\n|t:|1776138751\n|switch|p2b: Delphox|Delphox, L50, M|100/100\n|turn|4\n|j|\u2606jingming\n|inactive|jingming reconnected and has 45 seconds left.\n|player|p1|jingming|nate|\n|inactive|jingming has 30 seconds left.\n|\n|t:|1776138782\n|switch|p1a: Incineroar|Incineroar, L50, M|72/100\n|-ability|p1a: Incineroar|Intimidate|boost\n|-unboost|p2a: Whimsicott|atk|1\n|-unboost|p2b: Delphox|atk|1\n|detailschange|p2b: Delphox|Delphox-Mega, L50, M\n|-mega|p2b: Delphox|Delphox|Delphoxite\n|move|p2a: Whimsicott|Encore|p1a: Incineroar\n|-hint|Since gen 7, Dark is immune to Prankster moves.\n|-immune|p1a: Incineroar\n|move|p2b: Delphox|Heat Wave|p1b: Corviknight|[spread] p1b\n|-miss|p2b: Delphox|p1a: Incineroar\n|-supereffective|p1b: Corviknight|1\n|-damage|p1b: Corviknight|3/100\n|move|p1b: Corviknight|Body Press|p2b: Delphox\n|-resisted|p2b: Delphox|1\n|-damage|p2b: Delphox|85/100\n|\n|-weather|SunnyDay|[upkeep]\n|-heal|p1b: Corviknight|9/100|[from] item: Leftovers\n|upkeep\n|turn|5\n|\n|t:|1776138804\n|move|p2a: Whimsicott|Protect|p2a: Whimsicott\n|-singleturn|p2a: Whimsicott|Protect\n|move|p2b: Delphox|Protect|p2b: Delphox\n|-singleturn|p2b: Delphox|Protect\n|move|p1b: Corviknight|Roost|p1b: Corviknight\n|-heal|p1b: Corviknight|59/100\n|-singleturn|p1b: Corviknight|move: Roost\n|move|p1a: Incineroar|Darkest Lariat|p2b: Delphox\n|-activate|p2b: Delphox|move: Protect\n|\n|-weather|none\n|-heal|p1b: Corviknight|65/100|[from] item: Leftovers\n|-sideend|p2: Kitsune.Post|move: Tailwind\n|upkeep\n|turn|6\n|\n|t:|1776138825\n|switch|p2b: Garchomp|Garchomp, L50, M|100/100\n|move|p2a: Whimsicott|Tailwind|p2a: Whimsicott\n|-sidestart|p2: Kitsune.Post|move: Tailwind\n|move|p1b: Corviknight|Taunt|p2a: Whimsicott\n|-start|p2a: Whimsicott|move: Taunt\n|-enditem|p2a: Whimsicott|Mental Herb\n|-end|p2a: Whimsicott|move: Taunt\n|move|p1a: Incineroar|Darkest Lariat|p2b: Garchomp\n|-damage|p2b: Garchomp|66/100\n|-damage|p1a: Incineroar|60/100|[from] ability: Rough Skin|[of] p2b: Garchomp\n|\n|-heal|p1b: Corviknight|71/100|[from] item: Leftovers\n|upkeep\n|turn|7\n|\n|t:|1776138851\n|switch|p1a: Sneasler|Sneasler, L50, F|100/100\n|move|p2a: Whimsicott|Sunny Day|p2a: Whimsicott\n|-weather|SunnyDay\n|move|p2b: Garchomp|Rock Slide|p1b: Corviknight|[spread] p1a,p1b\n|-resisted|p1a: Sneasler|1\n|-damage|p1a: Sneasler|85/100\n|-damage|p1b: Corviknight|53/100\n|move|p1b: Corviknight|Roost|p1b: Corviknight\n|-heal|p1b: Corviknight|100/100\n|-singleturn|p1b: Corviknight|move: Roost\n|\n|-weather|SunnyDay|[upkeep]\n|upkeep\n|turn|8\n|\n|t:|1776138868\n|switch|p2b: Delphox|Delphox-Mega, L50, M|85/100\n|move|p1a: Sneasler|Fake Out|p2b: Delphox\n|-damage|p2b: Delphox|61/100\n|move|p2a: Whimsicott|Encore|p1b: Corviknight\n|-start|p1b: Corviknight|Encore\n|move|p1b: Corviknight|Roost||[still]\n|-fail|p1b: Corviknight|heal\n|\n|-weather|SunnyDay|[upkeep]\n|upkeep\n|turn|9\n|\n|t:|1776138884\n|switch|p2b: Garchomp|Garchomp, L50, M|66/100\n|switch|p1a: Incineroar|Incineroar, L50, M|60/100\n|-ability|p1a: Incineroar|Intimidate|boost\n|-unboost|p2a: Whimsicott|atk|1\n|-unboost|p2b: Garchomp|atk|1\n|switch|p1b: Starmie|Starmie, L50|100/100\n|move|p2a: Whimsicott|Encore|p1a: Incineroar\n|-hint|Since gen 7, Dark is immune to Prankster moves.\n|-immune|p1a: Incineroar\n|\n|-weather|SunnyDay|[upkeep]\n|-sideend|p2: Kitsune.Post|move: Tailwind\n|upkeep\n|turn|10\n|\n|t:|1776138906\n|detailschange|p1b: Starmie|Starmie-Mega, L50\n|-mega|p1b: Starmie|Starmie|Starminite\n|move|p1a: Incineroar|Fake Out|p2b: Garchomp\n|-damage|p2b: Garchomp|54/100\n|-damage|p1a: Incineroar|48/100|[from] ability: Rough Skin|[of] p2b: Garchomp\n|move|p2a: Whimsicott|Tailwind|p2a: Whimsicott\n|-sidestart|p2: Kitsune.Post|move: Tailwind\n|cant|p2b: Garchomp|flinch\n|move|p1b: Starmie|Minimize|p1b: Starmie\n|-boost|p1b: Starmie|evasion|2\n|\n|-weather|SunnyDay|[upkeep]\n|upkeep\n|turn|11\n|\n|t:|1776138923\n|switch|p1a: Corviknight|Corviknight, L50, M|100/100\n|-ability|p1a: Corviknight|Pressure\n|move|p1b: Starmie|Protect|p1b: Starmie\n|-singleturn|p1b: Starmie|Protect\n|move|p2a: Whimsicott|Encore|p1b: Starmie\n|-activate|p1b: Starmie|move: Protect\n|move|p2b: Garchomp|Shadow Claw|p1b: Starmie\n|-activate|p1b: Starmie|move: Protect\n|\n|-weather|none\n|upkeep\n|turn|12\n|\n|t:|1776138940\n|switch|p2b: Delphox|Delphox-Mega, L50, M|61/100\n|switch|p1b: Sneasler|Sneasler, L50, F|85/100\n|move|p2a: Whimsicott|Encore||[still]\n|-fail|p2a: Whimsicott\n|move|p1a: Corviknight|Body Press|p2b: Delphox\n|-resisted|p2b: Delphox|1\n|-damage|p2b: Delphox|45/100\n|\n|upkeep\n|turn|13\n|\n|t:|1776138960\n|move|p2a: Whimsicott|Protect|p2a: Whimsicott\n|-singleturn|p2a: Whimsicott|Protect\n|move|p2b: Delphox|Protect|p2b: Delphox\n|-singleturn|p2b: Delphox|Protect\n|move|p1b: Sneasler|Fake Out|p2b: Delphox\n|-activate|p2b: Delphox|move: Protect\n|move|p1a: Corviknight|Taunt|p2a: Whimsicott\n|-activate|p2a: Whimsicott|move: Protect\n|\n|-sideend|p2: Kitsune.Post|move: Tailwind\n|upkeep\n|turn|14\n|\n|t:|1776138975\n|switch|p1b: Incineroar|Incineroar, L50, M|48/100\n|-ability|p1b: Incineroar|Intimidate|boost\n|-unboost|p2a: Whimsicott|atk|1\n|-unboost|p2b: Delphox|atk|1\n|move|p2a: Whimsicott|Sunny Day|p2a: Whimsicott\n|-weather|SunnyDay\n|move|p2b: Delphox|Heat Wave|p1a: Corviknight|[spread] p1a,p1b\n|-supereffective|p1a: Corviknight|1\n|-resisted|p1b: Incineroar|1\n|-damage|p1a: Corviknight|10/100\n|-damage|p1b: Incineroar|18/100\n|move|p1a: Corviknight|Taunt|p2a: Whimsicott\n|-start|p2a: Whimsicott|move: Taunt\n|\n|-weather|SunnyDay|[upkeep]\n|-heal|p1a: Corviknight|16/100|[from] item: Leftovers\n|upkeep\n|turn|15\n|inactive|jingming has 30 seconds left.\n|\n|t:|1776139006\n|switch|p2a: Garchomp|Garchomp, L50, M|54/100\n|move|p2b: Delphox|Protect|p2b: Delphox\n|-singleturn|p2b: Delphox|Protect\n|move|p1b: Incineroar|Fake Out|p2b: Delphox\n|-activate|p2b: Delphox|move: Protect\n|move|p1a: Corviknight|Body Press|p2a: Garchomp\n|-damage|p2a: Garchomp|33/100\n|-damage|p1a: Corviknight|3/100|[from] ability: Rough Skin|[of] p2a: Garchomp\n|\n|-weather|SunnyDay|[upkeep]\n|-heal|p1a: Corviknight|9/100|[from] item: Leftovers\n|upkeep\n|turn|16\n|\n|t:|1776139022\n|move|p2a: Garchomp|Earthquake|p1b: Incineroar|[spread] p1b\n|-immune|p2b: Delphox|[from] ability: Levitate\n|-immune|p1a: Corviknight\n|-supereffective|p1b: Incineroar|1\n|-damage|p1b: Incineroar|0 fnt\n|faint|p1b: Incineroar\n|move|p2b: Delphox|Heat Wave|p1a: Corviknight\n|-supereffective|p1a: Corviknight|1\n|-damage|p1a: Corviknight|0 fnt\n|faint|p1a: Corviknight\n|\n|-weather|SunnyDay|[upkeep]\n|upkeep\n|\n|t:|1776139027\n|switch|p1a: Starmie|Starmie-Mega, L50|100/100\n|switch|p1b: Sneasler|Sneasler, L50, F|85/100\n|turn|17\n|\n|t:|1776139039\n|move|p2b: Delphox|Protect|p2b: Delphox\n|-singleturn|p2b: Delphox|Protect\n|move|p1b: Sneasler|Fake Out|p2a: Garchomp\n|-damage|p2a: Garchomp|18/100\n|-damage|p1b: Sneasler|73/100|[from] ability: Rough Skin|[of] p2a: Garchomp\n|cant|p2a: Garchomp|flinch\n|move|p1a: Starmie|Liquidation|p2b: Delphox\n|-activate|p2b: Delphox|move: Protect\n|\n|-weather|SunnyDay|[upkeep]\n|upkeep\n|turn|18\n|\n|t:|1776139057\n|move|p2a: Garchomp|Earthquake|p1a: Starmie|[spread] p1a,p1b\n|-immune|p2b: Delphox|[from] ability: Levitate\n|-supereffective|p1b: Sneasler|1\n|-damage|p1a: Starmie|49/100\n|-damage|p1b: Sneasler|0 fnt\n|faint|p1b: Sneasler\n|move|p2b: Delphox|Shadow Ball|p1a: Starmie\n|-supereffective|p1a: Starmie|1\n|-damage|p1a: Starmie|0 fnt\n|faint|p1a: Starmie\n|\n|win|Kitsune.Post\n|raw|jingming's rating: 1130 &rarr; <strong>1101</strong><br />(-29 for losing)\n|raw|Kitsune.Post's rating: 1078 &rarr; <strong>1111</strong><br />(+33 for winning)\n|c|\u2606Kitsune.Post|Gg\n|c|\u2606jingming|gg\n",
  "uploadtime": 1776139097,
  "views": 32,
  "formatid": "gen9championsvgc2026regma",
  "rating": 1101,
  "private": 0,
  "password": null
}