{
  "id": "gen9championsvgc2026regma-2583579572",
  "format": "[Gen 9 Champions] VGC 2026 Reg M-A",
  "players": [
    "Nexxus3000",
    "B0li The Glock"
  ],
  "log": "|j|\u2606Nexxus3000\n|j|\u2606B0li The Glock\n|t:|1776184528\n|gametype|doubles\n|player|p1|Nexxus3000|101|1095\n|player|p2|B0li The Glock|hoopster|1045\n|gen|9\n|tier|[Gen 9 Champions] VGC 2026 Reg M-A\n|rated|\n|rule|Species Clause: Limit one of each Pok\u00e9mon\n|rule|Item Clause: Limit 1 of each item\n|clearpoke\n|poke|p1|Altaria, L50, M|\n|poke|p1|Meowstic, L50, M|\n|poke|p1|Maushold-Four, L50|\n|poke|p1|Kingambit, L50, F|\n|poke|p1|Rotom-Wash, L50|\n|poke|p1|Alakazam, L50, F|\n|poke|p2|Arcanine, L50, M|\n|poke|p2|Venusaur, L50, M|\n|poke|p2|Rotom-Wash, L50|\n|poke|p2|Garchomp, L50, F|\n|poke|p2|Corviknight, L50, M|\n|poke|p2|Sneasler, L50, F|\n|teampreview|4\n|\n|t:|1776184543\n|teamsize|p1|4\n|teamsize|p2|4\n|start\n|switch|p1a: Meowstic|Meowstic, L50, M|100/100\n|switch|p1b: Alakazam|Alakazam, L50, F|100/100\n|switch|p2a: Longcat|Sneasler, L50, F|100/100\n|switch|p2b: Metatron|Corviknight, L50, M, shiny|100/100\n|turn|1\n|\n|t:|1776184554\n|move|p2a: Longcat|Fake Out|p1b: Alakazam\n|-damage|p1b: Alakazam|65/100\n|move|p1a: Meowstic|Fake Out|p2a: Longcat\n|-damage|p2a: Longcat|91/100\n|move|p1b: Alakazam|Expanding Force|p2a: Longcat\n|-supereffective|p2a: Longcat|2\n|-damage|p2a: Longcat|0 fnt\n|faint|p2a: Longcat\n|move|p2b: Metatron|Tailwind|p2b: Metatron\n|-sidestart|p2: B0li The Glock|move: Tailwind\n|\n|upkeep\n|\n|t:|1776184581\n|switch|p2a: Tony|Arcanine, L50, M|100/100\n|-ability|p2a: Tony|Intimidate|boost\n|-unboost|p1a: Meowstic|atk|1\n|-fail|p1b: Alakazam|unboost|Attack|[from] ability: Inner Focus|[of] p1b: Alakazam\n|turn|2\n|c|\u2606Nexxus3000|funne inner focus\n|c|\u2606B0li The Glock|ytess\n|c|\u2606B0li The Glock|that was smart\n|\n|t:|1776184596\n|switch|p1b: Rotom|Rotom-Wash, L50|100/100\n|move|p1a: Meowstic|Thunder Wave|p2a: Tony\n|-status|p2a: Tony|par\n|move|p2b: Metatron|Iron Head|p1a: Meowstic\n|-damage|p1a: Meowstic|73/100\n|move|p2a: Tony|Snarl|p1b: Rotom|[spread] p1a,p1b\n|-supereffective|p1a: Meowstic|1\n|-damage|p1a: Meowstic|55/100\n|-damage|p1b: Rotom|92/100\n|-unboost|p1a: Meowstic|spa|1\n|-unboost|p1b: Rotom|spa|1\n|\n|-heal|p1b: Rotom|97/100|[from] item: Leftovers\n|upkeep\n|turn|3\n|\n|t:|1776184630\n|move|p2a: Tony|Protect|p2a: Tony\n|-singleturn|p2a: Tony|Protect\n|move|p1a: Meowstic|Thunder Wave|p2b: Metatron\n|-status|p2b: Metatron|par\n|move|p1b: Rotom|Volt Switch|p2b: Metatron\n|-supereffective|p2b: Metatron|1\n|-damage|p2b: Metatron|73/100 par\n|\n|t:|1776184638\n|switch|p1b: Alakazam|Alakazam, L50, F|65/100|[from] Volt Switch\n|cant|p2b: Metatron|par\n|\n|-heal|p2b: Metatron|79/100 par|[from] item: Leftovers\n|upkeep\n|turn|4\n|\n|t:|1776184648\n|detailschange|p1b: Alakazam|Alakazam-Mega, L50, F\n|-mega|p1b: Alakazam|Alakazam|Alakazite\n|-ability|p1b: Alakazam|Intimidate|Trace|[from] ability: Trace|[of] p2a: Tony\n|-ability|p1b: Alakazam|Intimidate|boost\n|-unboost|p2a: Tony|atk|1\n|-ability|p2b: Metatron|Mirror Armor\n|-unboost|p1b: Alakazam|atk|1\n|move|p1a: Meowstic|Psychic Terrain|p1a: Meowstic\n|-fieldstart|move: Psychic Terrain\n|move|p1b: Alakazam|Expanding Force|p2a: Tony|[spread] p2a,p2b\n|-resisted|p2b: Metatron|1\n|-damage|p2a: Tony|22/100 par\n|-damage|p2b: Metatron|44/100 par\n|-enditem|p2a: Tony|Sitrus Berry|[eat]\n|-heal|p2a: Tony|47/100 par|[from] item: Sitrus Berry\n|cant|p2a: Tony|par\n|move|p2b: Metatron|Brave Bird|p1a: Meowstic\n|-damage|p1a: Meowstic|12/100\n|-damage|p2b: Metatron|31/100 par|[from] Recoil\n|\n|-heal|p2b: Metatron|37/100 par|[from] item: Leftovers\n|-sideend|p2: B0li The Glock|move: Tailwind\n|upkeep\n|turn|5\n|\n|t:|1776184664\n|move|p1a: Meowstic|Helping Hand|p1b: Alakazam\n|-singleturn|p1b: Alakazam|Helping Hand|[of] p1a: Meowstic\n|move|p2b: Metatron|Protect|p2b: Metatron\n|-singleturn|p2b: Metatron|Protect\n|move|p1b: Alakazam|Expanding Force|p2b: Metatron|[spread] p2a\n|-activate|p2b: Metatron|move: Protect\n|-damage|p2a: Tony|0 fnt\n|faint|p2a: Tony\n|\n|-heal|p2b: Metatron|43/100 par|[from] item: Leftovers\n|upkeep\n|\n|t:|1776184674\n|switch|p2a: Oberon|Venusaur, L50, M|100/100\n|turn|6\n|\n|t:|1776184683\n|detailschange|p2a: Oberon|Venusaur-Mega, L50, M\n|-mega|p2a: Oberon|Venusaur|Venusaurite\n|move|p1a: Meowstic|Helping Hand|p1b: Alakazam\n|-singleturn|p1b: Alakazam|Helping Hand|[of] p1a: Meowstic\n|move|p2a: Oberon|Protect|p2a: Oberon\n|-singleturn|p2a: Oberon|Protect\n|move|p1b: Alakazam|Expanding Force|p2b: Metatron|[spread] p2b\n|-activate|p2a: Oberon|move: Protect\n|-resisted|p2b: Metatron|1\n|-damage|p2b: Metatron|0 fnt\n|faint|p2b: Metatron\n|\n|upkeep\n|turn|7\n|c|\u2606Nexxus3000|gg\n|\n|t:|1776184703\n|move|p1a: Meowstic|Helping Hand|p1b: Alakazam\n|-singleturn|p1b: Alakazam|Helping Hand|[of] p1a: Meowstic\n|move|p1b: Alakazam|Expanding Force|p2a: Oberon\n|-supereffective|p2a: Oberon|1\n|-damage|p2a: Oberon|0 fnt\n|faint|p2a: Oberon\n|\n|win|Nexxus3000\n|raw|Nexxus3000's rating: 1095 &rarr; <strong>1117</strong><br />(+22 for winning)\n|raw|B0li The Glock's rating: 1045 &rarr; <strong>1031</strong><br />(-14 for losing)\n|c|\u2606B0li The Glock|gg\n|l|\u2606B0li The Glock\n|player|p2|\n",
  "uploadtime": 1776184719,
  "views": 16,
  "formatid": "gen9championsvgc2026regma",
  "rating": 1031,
  "private": 0,
  "password": null
}