{
  "id": "gen9championsvgc2026regma-2585982309",
  "format": "[Gen 9 Champions] VGC 2026 Reg M-A",
  "players": [
    "blazingaareen",
    "michaelgscott"
  ],
  "log": "|j|\u2606blazingaareen\n|j|\u2606michaelgscott\n|t:|1776387343\n|gametype|doubles\n|player|p1|blazingaareen|ethan|1137\n|player|p2|michaelgscott|veteran|1115\n|gen|9\n|tier|[Gen 9 Champions] VGC 2026 Reg M-A\n|rated|\n|rule|Species Clause: Limit one of each Pok\u00e9mon\n|rule|Item Clause: Limit 1 of each item\n|clearpoke\n|poke|p1|Orthworm, L50, M|\n|poke|p1|Basculegion, L50, M|\n|poke|p1|Incineroar, L50, M|\n|poke|p1|Rotom-Frost, L50|\n|poke|p1|Froslass, L50, F|\n|poke|p1|Garchomp, L50, F|\n|poke|p2|Dragapult, L50, M|\n|poke|p2|Basculegion, L50, M|\n|poke|p2|Kingambit, L50, F|\n|poke|p2|Froslass, L50, F|\n|poke|p2|Rotom-Frost, L50|\n|poke|p2|Beedrill, L50, M|\n|teampreview|4\n|\n|t:|1776387356\n|teamsize|p1|4\n|teamsize|p2|4\n|start\n|switch|p1a: Orthworm|Orthworm, L50, M|100/100\n|switch|p1b: Garchomp|Garchomp, L50, F|100/100\n|switch|p2a: Dragapult|Dragapult, L50, M|100/100\n|switch|p2b: Beedrill|Beedrill, L50, M|100/100\n|turn|1\n|\n|t:|1776387372\n|detailschange|p2b: Beedrill|Beedrill-Mega, L50, M\n|-mega|p2b: Beedrill|Beedrill|Beedrillite\n|move|p2b: Beedrill|U-turn|p1b: Garchomp\n|-damage|p1b: Garchomp|46/100\n|-damage|p2b: Beedrill|89/100|[from] ability: Rough Skin|[of] p1b: Garchomp\n|\n|t:|1776387378\n|switch|p2b: Basculegion|Basculegion, L50, M|100/100|[from] U-turn\n|move|p2a: Dragapult|Dragon Claw|p1b: Garchomp\n|-supereffective|p1b: Garchomp|1\n|-damage|p1b: Garchomp|0 fnt\n|-damage|p2a: Dragapult|88/100|[from] ability: Rough Skin|[of] p1b: Garchomp\n|faint|p1b: Garchomp\n|move|p1a: Orthworm|Shed Tail|p1a: Orthworm\n|-start|p1a: Orthworm|Substitute|[from] move: Shed Tail\n|-damage|p1a: Orthworm|50/100\n|-enditem|p1a: Orthworm|Sitrus Berry|[eat]\n|-heal|p1a: Orthworm|75/100|[from] item: Sitrus Berry\n|\n|t:|1776387386\n|switch|p1a: Froslass|Froslass, L50, F|100/100|[from] Shed Tail\n|\n|upkeep\n|\n|t:|1776387388\n|switch|p1b: Orthworm|Orthworm, L50, M|75/100\n|turn|2\n|\n|t:|1776387404\n|detailschange|p1a: Froslass|Froslass-Mega, L50, F\n|-mega|p1a: Froslass|Froslass|Froslassite\n|-weather|Snowscape|[from] ability: Snow Warning|[of] p1a: Froslass\n|move|p2a: Dragapult|Phantom Force||[still]\n|-prepare|p2a: Dragapult|Phantom Force\n|move|p1a: Froslass|Nasty Plot|p1a: Froslass\n|-boost|p1a: Froslass|spa|2\n|move|p2b: Basculegion|Phantom Force||[still]\n|-prepare|p2b: Basculegion|Phantom Force\n|move|p1b: Orthworm|Shed Tail|p1b: Orthworm\n|-start|p1b: Orthworm|Substitute|[from] move: Shed Tail\n|-damage|p1b: Orthworm|25/100\n|\n|t:|1776387416\n|switch|p1b: Basculegion|Basculegion, L50, M|100/100|[from] Shed Tail\n|\n|-weather|Snowscape|[upkeep]\n|upkeep\n|turn|3\n|\n|t:|1776387436\n|move|p1a: Froslass|Protect|p1a: Froslass\n|-singleturn|p1a: Froslass|Protect\n|move|p2a: Dragapult|Phantom Force|p1a: Froslass|[from] lockedmove\n|-activate|p1a: Froslass|move: Phantom Force|[broken]\n|-supereffective|p1a: Froslass|1\n|-end|p1a: Froslass|Substitute\n|move|p1b: Basculegion|Last Respects|p2a: Dragapult\n|-supereffective|p2a: Dragapult|1\n|-damage|p2a: Dragapult|0 fnt\n|faint|p2a: Dragapult\n|move|p2b: Basculegion|Phantom Force|p1a: Froslass|[from] lockedmove\n|-supereffective|p1a: Froslass|1\n|-damage|p1a: Froslass|0 fnt\n|faint|p1a: Froslass\n|\n|-weather|Snowscape|[upkeep]\n|upkeep\n|\n|t:|1776387454\n|switch|p2a: Beedrill|Beedrill-Mega, L50, M|89/100\n|switch|p1a: Orthworm|Orthworm, L50, M|25/100\n|turn|4\n|\n|t:|1776387471\n|move|p2b: Basculegion|Aqua Jet|p1a: Orthworm\n|-damage|p1a: Orthworm|6/100\n|move|p2a: Beedrill|U-turn|p1b: Basculegion\n|-resisted|p1b: Basculegion|1\n|-crit|p1b: Basculegion\n|-end|p1b: Basculegion|Substitute\n|\n|t:|1776387476\n|switch|p2a: Kingambit|Kingambit, L50, F|100/100|[from] U-turn\n|-activate|p2a: Kingambit|ability: Supreme Overlord\n|-start|p2a: Kingambit|fallen1|[silent]\n|move|p1b: Basculegion|Last Respects|p2b: Basculegion\n|-supereffective|p2b: Basculegion|1\n|-damage|p2b: Basculegion|0 fnt\n|faint|p2b: Basculegion\n|move|p1a: Orthworm|Heavy Slam|p2a: Kingambit\n|-resisted|p2a: Kingambit|1\n|-damage|p2a: Kingambit|94/100\n|\n|-weather|Snowscape|[upkeep]\n|upkeep\n|\n|t:|1776387486\n|switch|p2b: Beedrill|Beedrill-Mega, L50, M|89/100\n|turn|5\n|\n|t:|1776387500\n|move|p2a: Kingambit|Sucker Punch|p1b: Basculegion\n|-supereffective|p1b: Basculegion|1\n|-damage|p1b: Basculegion|0 fnt\n|faint|p1b: Basculegion\n|move|p2b: Beedrill|Lunge|p1a: Orthworm\n|-resisted|p1a: Orthworm|1\n|-damage|p1a: Orthworm|0 fnt\n|faint|p1a: Orthworm\n|\n|win|michaelgscott\n|raw|blazingaareen's rating: 1137 &rarr; <strong>1110</strong><br />(-27 for losing)\n|raw|michaelgscott's rating: 1115 &rarr; <strong>1142</strong><br />(+27 for winning)\n|l|\u2606blazingaareen\n|player|p1|\n",
  "uploadtime": 1776387507,
  "views": 47,
  "formatid": "gen9championsvgc2026regma",
  "rating": 1110,
  "private": 0,
  "password": null
}