{
  "id": "gen9championsvgc2026regma-2581009003",
  "format": "[Gen 9 Champions] VGC 2026 Reg M-A",
  "players": [
    "ferenainexi",
    "beric ailey"
  ],
  "log": "|j|\u2606ferenainexi\n|j|\u2606beric ailey\n|t:|1775951297\n|gametype|doubles\n|player|p1|ferenainexi|scientistf|1003\n|player|p2|beric ailey|steven|1095\n|gen|9\n|tier|[Gen 9 Champions] VGC 2026 Reg M-A\n|rated|\n|rule|Species Clause: Limit one of each Pok\u00e9mon\n|rule|Item Clause: Limit 1 of each item\n|clearpoke\n|poke|p1|Pinsir, L50, M|\n|poke|p1|Heracross, L50, F|\n|poke|p1|Vivillon, L50, M|\n|poke|p1|Orthworm, L50, F|\n|poke|p1|Kleavor, L50, F|\n|poke|p1|Clawitzer, L50, F|\n|poke|p2|Meganium, L50, F|\n|poke|p2|Archaludon, L50, M|\n|poke|p2|Basculegion, L50, M|\n|poke|p2|Maushold, L50|\n|poke|p2|Politoed, L50, M|\n|poke|p2|Talonflame, L50, M|\n|teampreview|4\n|inactive|Battle timer is ON: inactive players will automatically lose when time's up. (requested by beric ailey)\n|inactive|ferenainexi has 60 seconds left.\n|inactive|beric ailey has 60 seconds left.\n|inactive|beric ailey has 30 seconds left.\n|\n|t:|1775951367\n|teamsize|p1|4\n|teamsize|p2|4\n|start\n|switch|p1a: Kleavor|Kleavor, L50, F|100/100\n|switch|p1b: Sir Pin|Pinsir, L50, M|100/100\n|switch|p2a: Talonflame|Talonflame, L50, M|100/100\n|switch|p2b: Maushold|Maushold, L50|100/100\n|turn|1\n|inactive|beric ailey has 30 seconds left.\n|\n|t:|1775951395\n|move|p2a: Talonflame|Tailwind|p2a: Talonflame\n|-sidestart|p2: beric ailey|move: Tailwind\n|move|p2b: Maushold|Population Bomb|p1b: Sir Pin\n|-damage|p1b: Sir Pin|89/100\n|-damage|p1b: Sir Pin|77/100\n|-damage|p1b: Sir Pin|66/100\n|-damage|p1b: Sir Pin|56/100\n|-damage|p1b: Sir Pin|44/100\n|-enditem|p1b: Sir Pin|Sitrus Berry|[eat]\n|-heal|p1b: Sir Pin|69/100|[from] item: Sitrus Berry\n|-damage|p1b: Sir Pin|59/100\n|-damage|p1b: Sir Pin|49/100\n|-damage|p1b: Sir Pin|38/100\n|-hitcount|p1b: Sir Pin|8\n|move|p1b: Sir Pin|Rock Slide|p2b: Maushold|[spread] p2a,p2b\n|-supereffective|p2a: Talonflame|2\n|-crit|p2b: Maushold\n|-damage|p2a: Talonflame|6/100\n|-damage|p2b: Maushold|62/100\n|move|p1a: Kleavor|Stone Axe|p2a: Talonflame\n|-supereffective|p2a: Talonflame|2\n|-damage|p2a: Talonflame|0 fnt\n|-sidestart|p2: beric ailey|move: Stealth Rock\n|faint|p2a: Talonflame\n|\n|upkeep\n|inactive|beric ailey has 30 seconds left.\n|\n|t:|1775951420\n|switch|p2a: Politoed|Politoed, L50, M|100/100\n|-damage|p2a: Politoed|88/100|[from] Stealth Rock\n|-weather|RainDance|[from] ability: Drizzle|[of] p2a: Politoed\n|turn|2\n|inactive|beric ailey has 30 seconds left.\n|\n|t:|1775951448\n|move|p2b: Maushold|Population Bomb|p1b: Sir Pin|[miss]\n|-miss|p2b: Maushold|p1b: Sir Pin\n|move|p2a: Politoed|Weather Ball|p1a: Kleavor\n|-supereffective|p1a: Kleavor|1\n|-damage|p1a: Kleavor|0 fnt\n|faint|p1a: Kleavor\n|move|p1b: Sir Pin|Throat Chop|p2a: Politoed\n|-damage|p2a: Politoed|66/100\n|-start|p2a: Politoed|Throat Chop|[silent]\n|\n|-weather|RainDance|[upkeep]\n|upkeep\n|\n|t:|1775951459\n|switch|p1a: Heracross|Heracross, L50, F|100/100\n|turn|3\n|\n|t:|1775951472\n|move|p2b: Maushold|Population Bomb|p1a: Heracross|[miss]\n|-miss|p2b: Maushold|p1a: Heracross\n|move|p2a: Politoed|Weather Ball|p1b: Sir Pin\n|-damage|p1b: Sir Pin|0 fnt\n|faint|p1b: Sir Pin\n|move|p1a: Heracross|Close Combat|p2b: Maushold\n|-supereffective|p2b: Maushold|1\n|-damage|p2b: Maushold|0 fnt\n|-unboost|p1a: Heracross|def|1\n|-unboost|p1a: Heracross|spd|1\n|faint|p2b: Maushold\n|-ability|p1a: Heracross|Moxie|boost\n|-boost|p1a: Heracross|atk|1\n|\n|-weather|RainDance|[upkeep]\n|-end|p2a: Politoed|Throat Chop|[silent]\n|upkeep\n|\n|t:|1775951492\n|switch|p2b: Archaludon|Archaludon, L50, M|100/100\n|switch|p1b: Clawitzer|Clawitzer, L50, F|100/100\n|-damage|p2b: Archaludon|95/100|[from] Stealth Rock\n|turn|4\n|inactive|beric ailey has 30 seconds left.\n|\n|t:|1775951519\n|detailschange|p1a: Heracross|Heracross-Mega, L50, F\n|-mega|p1a: Heracross|Heracross|Heracronite\n|move|p2b: Archaludon|Electro Shot||[still]\n|-prepare|p2b: Archaludon|Electro Shot\n|-boost|p2b: Archaludon|spa|1\n|-anim|p2b: Archaludon|Electro Shot|p1a: Heracross\n|-damage|p1a: Heracross|0 fnt\n|faint|p1a: Heracross\n|move|p2a: Politoed|Icy Wind|p1b: Clawitzer\n|-resisted|p1b: Clawitzer|1\n|-damage|p1b: Clawitzer|94/100\n|-unboost|p1b: Clawitzer|spe|1\n|move|p1b: Clawitzer|Aura Sphere|p2b: Archaludon\n|-supereffective|p2b: Archaludon|1\n|-damage|p2b: Archaludon|0 fnt\n|faint|p2b: Archaludon\n|\n|-weather|RainDance|[upkeep]\n|-sideend|p2: beric ailey|move: Tailwind\n|upkeep\n|turn|5\n|\n|t:|1775951542\n|move|p2a: Politoed|Weather Ball|p1b: Clawitzer\n|-resisted|p1b: Clawitzer|1\n|-damage|p1b: Clawitzer|70/100\n|move|p1b: Clawitzer|Dark Pulse|p2a: Politoed\n|-damage|p2a: Politoed|32/100\n|-enditem|p2a: Politoed|Sitrus Berry|[eat]\n|-heal|p2a: Politoed|57/100|[from] item: Sitrus Berry\n|\n|-weather|RainDance|[upkeep]\n|upkeep\n|turn|6\n|-activate|p1b: Clawitzer|item: Quick Claw\n|\n|t:|1775951557\n|move|p1b: Clawitzer|Dark Pulse|p2a: Politoed\n|-damage|p2a: Politoed|21/100\n|move|p2a: Politoed|Weather Ball|p1b: Clawitzer\n|-resisted|p1b: Clawitzer|1\n|-damage|p1b: Clawitzer|46/100\n|\n|-weather|none\n|upkeep\n|turn|7\n|\n|t:|1775951571\n|move|p2a: Politoed|Weather Ball|p1b: Clawitzer\n|-damage|p1b: Clawitzer|35/100\n|move|p1b: Clawitzer|Dark Pulse|p2a: Politoed\n|-damage|p2a: Politoed|0 fnt\n|faint|p2a: Politoed\n|\n|win|ferenainexi\n|raw|ferenainexi's rating: 1003 &rarr; <strong>1053</strong><br />(+50 for winning)\n|raw|beric ailey's rating: 1095 &rarr; <strong>1064</strong><br />(-31 for losing)\n|c|\u2606beric ailey|gg\n|c|\u2606ferenainexi|gg\n",
  "uploadtime": 1775951581,
  "views": 15,
  "formatid": "gen9championsvgc2026regma",
  "rating": 1053,
  "private": 0,
  "password": null
}