{
  "id": "gen9championsvgc2026regma-2581672979",
  "format": "[Gen 9 Champions] VGC 2026 Reg M-A",
  "players": [
    "Torterra Extra",
    "Deeforsee1"
  ],
  "log": "|j|\u2606Torterra Extra\n|j|\u2606Deeforsee1\n|t:|1776019663\n|gametype|doubles\n|player|p1|Torterra Extra|firebreather-gen2|1060\n|player|p2|Deeforsee1|265|1051\n|gen|9\n|tier|[Gen 9 Champions] VGC 2026 Reg M-A\n|rated|\n|rule|Species Clause: Limit one of each Pok\u00e9mon\n|rule|Item Clause: Limit 1 of each item\n|clearpoke\n|poke|p1|Froslass, L50, F|\n|poke|p1|Mr. Rime, L50, M|\n|poke|p1|Ninetales-Alola, L50, F|\n|poke|p1|Greninja-*, L50, F|\n|poke|p1|Chandelure, L50, F|\n|poke|p1|Heliolisk, L50, M|\n|poke|p2|Orthworm, L50, M|\n|poke|p2|Garchomp, L50, M|\n|poke|p2|Froslass, L50, F|\n|poke|p2|Incineroar, L50, M|\n|poke|p2|Rotom-Frost, L50|\n|poke|p2|Basculegion, L50, M|\n|teampreview|4\n|inactive|Battle timer is ON: inactive players will automatically lose when time's up. (requested by Deeforsee1)\n|inactive|Torterra Extra also wants the timer to be on.\nTorterra Extra rejected open team sheets.\n|inactive|Deeforsee1 has 60 seconds left.\n|inactive|Deeforsee1 has 30 seconds left.\n|inactive|Deeforsee1 has 20 seconds left.\n|c|\u2606Torterra Extra|Ummm\n|inactive|Deeforsee1 has 15 seconds left.\n|c|\u2606Torterra Extra|You good?\n|inactive|Deeforsee1 has 10 seconds left.\n|\n|t:|1776019745\n|teamsize|p1|4\n|teamsize|p2|4\n|start\n|switch|p1a: Froslass|Froslass, L50, F|100/100\n|switch|p1b: This is Halloween|Chandelure, L50, F, shiny|100/100\n|switch|p2a: Orthworm|Orthworm, L50, M|100/100\n|switch|p2b: Incineroar|Incineroar, L50, M|100/100\n|-ability|p2b: Incineroar|Intimidate|boost\n|-unboost|p1a: Froslass|atk|1\n|-unboost|p1b: This is Halloween|atk|1\n|turn|1\n|inactive|Torterra Extra has 30 seconds left.\n|inactive|Deeforsee1 has 30 seconds left.\n|inactive|Deeforsee1 has 20 seconds left.\n|inactive|Deeforsee1 has 15 seconds left.\n|inactive|Deeforsee1 has 10 seconds left.\n|\n|t:|1776019793\n|detailschange|p1a: Froslass|Froslass-Mega, L50, F\n|-mega|p1a: Froslass|Froslass|Froslassite\n|-weather|Snowscape|[from] ability: Snow Warning|[of] p1a: Froslass\n|move|p1b: This is Halloween|Fire Blast|p2a: Orthworm\n|-supereffective|p2a: Orthworm|1\n|-damage|p2a: Orthworm|0 fnt\n|faint|p2a: Orthworm\n|move|p1a: Froslass|Aurora Veil|p1a: Froslass\n|-sidestart|p1: Torterra Extra|move: Aurora Veil\n|move|p2b: Incineroar|Darkest Lariat|p1b: This is Halloween\n|-supereffective|p1b: This is Halloween|1\n|-damage|p1b: This is Halloween|40/100\n|\n|-weather|Snowscape|[upkeep]\n|upkeep\n|inactive|Deeforsee1 has 30 seconds left.\n|\n|t:|1776019821\n|switch|p2a: Garchomp|Garchomp, L50, M|100/100\n|turn|2\n|inactive|Deeforsee1 has 30 seconds left.\n|\n|t:|1776019848\n|switch|p1b: Ninetales|Ninetales-Alola, L50, F|100/100\n|move|p1a: Froslass|Blizzard|p2a: Garchomp|[spread] p2a,p2b\n|-supereffective|p2a: Garchomp|2\n|-resisted|p2b: Incineroar|1\n|-enditem|p2a: Garchomp|Focus Sash\n|-damage|p2a: Garchomp|1/100\n|-damage|p2b: Incineroar|79/100\n|move|p2a: Garchomp|Dragon Claw|p1a: Froslass\n|-damage|p1a: Froslass|72/100\n|move|p2b: Incineroar|Darkest Lariat|p1a: Froslass\n|-supereffective|p1a: Froslass|1\n|-damage|p1a: Froslass|18/100\n|\n|-weather|Snowscape|[upkeep]\n|upkeep\n|turn|3\n|inactive|Torterra Extra has 30 seconds left.\n|inactive|Deeforsee1 has 30 seconds left.\n|inactive|Deeforsee1 has 20 seconds left.\n|\n|t:|1776019883\n|move|p2a: Garchomp|Protect|p2a: Garchomp\n|-singleturn|p2a: Garchomp|Protect\n|move|p1a: Froslass|Blizzard|p2b: Incineroar|[spread] p2b\n|-activate|p2a: Garchomp|move: Protect\n|-resisted|p2b: Incineroar|1\n|-damage|p2b: Incineroar|60/100\n|move|p1b: Ninetales|Blizzard|p2a: Garchomp|[spread] p2b\n|-activate|p2a: Garchomp|move: Protect\n|-resisted|p2b: Incineroar|1\n|-crit|p2b: Incineroar\n|-damage|p2b: Incineroar|41/100\n|move|p2b: Incineroar|Darkest Lariat|p1a: Froslass\n|-supereffective|p1a: Froslass|1\n|-damage|p1a: Froslass|0 fnt\n|faint|p1a: Froslass\n|\n|-weather|Snowscape|[upkeep]\n|upkeep\n|\n|t:|1776019899\n|switch|p1a: Greninja|Greninja, L50, F|100/100\n|turn|4\n|\n|t:|1776019914\n|move|p1a: Greninja|Water Shuriken|p2b: Incineroar\n|-start|p1a: Greninja|typechange|Water|[from] ability: Protean\n|-supereffective|p2b: Incineroar|1\n|-damage|p2b: Incineroar|28/100\n|-supereffective|p2b: Incineroar|1\n|-damage|p2b: Incineroar|16/100\n|-hitcount|p2b: Incineroar|2\n|move|p1b: Ninetales|Blizzard|p2b: Incineroar|[spread] p2a,p2b\n|-supereffective|p2a: Garchomp|2\n|-resisted|p2b: Incineroar|1\n|-damage|p2a: Garchomp|0 fnt\n|-damage|p2b: Incineroar|1/100\n|faint|p2a: Garchomp\n|cant|p2b: Incineroar|flinch\n|\n|-weather|Snowscape|[upkeep]\n|upkeep\n|inactive|Deeforsee1 has 30 seconds left.\n|inactive|Deeforsee1 has 20 seconds left.\n|\n|t:|1776019951\n|switch|p2a: Froslass|Froslass, L50, F|100/100\n|turn|5\n|c|\u2606Deeforsee1|kings rock is crazy bro\n|inactive|Deeforsee1 has 30 seconds left.\n|inactive|Deeforsee1 has 20 seconds left.\n|c|\u2606Torterra Extra|Lol\n|inactive|Deeforsee1 has 15 seconds left.\n|c|\u2606Torterra Extra|Ik\n|inactive|Deeforsee1 has 10 seconds left.\n|\n|t:|1776019996\n|detailschange|p2a: Froslass|Froslass-Mega, L50, F\n|-mega|p2a: Froslass|Froslass|Froslassite\n|move|p1a: Greninja|Hydro Pump|p2a: Froslass|[miss]\n|-miss|p1a: Greninja|p2a: Froslass\n|move|p2a: Froslass|Nasty Plot|p2a: Froslass\n|-boost|p2a: Froslass|spa|2\n|move|p1b: Ninetales|Blizzard|p2a: Froslass|[spread] p2a,p2b\n|-resisted|p2a: Froslass|1\n|-resisted|p2b: Incineroar|1\n|-damage|p2a: Froslass|81/100\n|-damage|p2b: Incineroar|0 fnt\n|faint|p2b: Incineroar\n|\n|-weather|none\n|-sideend|p1: Torterra Extra|move: Aurora Veil\n|upkeep\n|turn|6\n|c|\u2606Torterra Extra|I ran outta good items\n|\n|t:|1776020017\n|move|p1a: Greninja|Water Shuriken|p2a: Froslass\n|-crit|p2a: Froslass\n|-damage|p2a: Froslass|67/100\n|-damage|p2a: Froslass|58/100\n|-damage|p2a: Froslass|50/100\n|-hitcount|p2a: Froslass|3\n|move|p2a: Froslass|Blizzard|p1a: Greninja|[spread] \n|-miss|p2a: Froslass|p1a: Greninja\n|-miss|p2a: Froslass|p1b: Ninetales\n|move|p1b: Ninetales|Foul Play|p2a: Froslass\n|-supereffective|p2a: Froslass|1\n|-damage|p2a: Froslass|1/100\n|\n|upkeep\n|turn|7\n|c|\u2606Deeforsee1|damn\n|c|\u2606Torterra Extra|Double...\n|\n|t:|1776020038\n|move|p1a: Greninja|Water Shuriken|p2a: Froslass\n|-damage|p2a: Froslass|0 fnt\n|faint|p2a: Froslass\n|-hitcount|p2: Froslass|1\n|\n|win|Torterra Extra\n|raw|Torterra Extra's rating: 1060 &rarr; <strong>1090</strong><br />(+30 for winning)\n|raw|Deeforsee1's rating: 1051 &rarr; <strong>1034</strong><br />(-17 for losing)\n|l|\u2606Deeforsee1\n|player|p2|\n|c|\u2606Torterra Extra|Ggs\n",
  "uploadtime": 1776020048,
  "views": 18,
  "formatid": "gen9championsvgc2026regma",
  "rating": 1034,
  "private": 0,
  "password": null
}