{
  "id": "gen9championsvgc2026regma-2583165589",
  "format": "[Gen 9 Champions] VGC 2026 Reg M-A",
  "players": [
    "Swis_Chris",
    "Piedi mistici"
  ],
  "log": "|j|\u2606Swis_Chris\n|j|\u2606Piedi mistici\n|t:|1776149995\n|gametype|doubles\n|player|p1|Swis_Chris|hop-masters|1147\n|player|p2|Piedi mistici|beni-ninja|1135\n|gen|9\n|tier|[Gen 9 Champions] VGC 2026 Reg M-A\n|rated|\n|rule|Species Clause: Limit one of each Pok\u00e9mon\n|rule|Item Clause: Limit 1 of each item\n|clearpoke\n|poke|p1|Chesnaught, L50, M|\n|poke|p1|Basculegion, L50, M|\n|poke|p1|Aegislash, L50, M|\n|poke|p1|Rotom-Wash, L50|\n|poke|p1|Sinistcha-Masterpiece, L50|\n|poke|p1|Sableye, L50, M|\n|poke|p2|Gengar, L50, F|\n|poke|p2|Politoed, L50, M|\n|poke|p2|Basculegion, L50, M|\n|poke|p2|Incineroar, L50, M|\n|poke|p2|Sinistcha, L50|\n|poke|p2|Kangaskhan, L50, F|\n|teampreview|4\nSwis_Chris has agreed to open team sheets.\n|\n|t:|1776150047\n|teamsize|p1|4\n|teamsize|p2|4\n|start\n|switch|p1a: Chesnaught|Chesnaught, L50, M|100/100\n|switch|p1b: Sableye|Sableye, L50, M|100/100\n|switch|p2a: Gengar|Gengar, L50, F|100/100\n|switch|p2b: Incineroar|Incineroar, L50, M|100/100\n|-ability|p2b: Incineroar|Intimidate|boost\n|-unboost|p1a: Chesnaught|atk|1\n|-unboost|p1b: Sableye|atk|1\n|turn|1\n|\n|t:|1776150075\n|detailschange|p2a: Gengar|Gengar-Mega, L50, F\n|-mega|p2a: Gengar|Gengar|Gengarite\n|detailschange|p1a: Chesnaught|Chesnaught-Mega, L50, M\n|-mega|p1a: Chesnaught|Chesnaught|Chesnaughtite\n|move|p1b: Sableye|Fake Out|p2b: Incineroar\n|-damage|p2b: Incineroar|97/100\n|cant|p2b: Incineroar|flinch\n|move|p2a: Gengar|Shadow Ball|p1b: Sableye\n|-damage|p1b: Sableye|14/100\n|-unboost|p1b: Sableye|spd|1\n|move|p1a: Chesnaught|Iron Defense|p1a: Chesnaught\n|-boost|p1a: Chesnaught|def|2\n|\n|upkeep\n|turn|2\n|\n|t:|1776150110\n|switch|p2b: Sinistcha|Sinistcha, L50|100/100\n|move|p1b: Sableye|Rain Dance|p1b: Sableye\n|-weather|RainDance\n|move|p2a: Gengar|Shadow Ball|p1b: Sableye\n|-damage|p1b: Sableye|0 fnt\n|faint|p1b: Sableye\n|move|p1a: Chesnaught|Body Press|p2b: Sinistcha\n|-immune|p2b: Sinistcha\n|\n|-weather|RainDance|[upkeep]\n|upkeep\n|\n|t:|1776150123\n|switch|p1b: Sinistcha|Sinistcha-Masterpiece, L50|100/100\n|turn|3\n|\n|t:|1776150130\n|move|p2a: Gengar|Shadow Ball|p1b: Sinistcha\n|-supereffective|p1b: Sinistcha|1\n|-damage|p1b: Sinistcha|8/100\n|move|p1b: Sinistcha|Shadow Ball|p2b: Sinistcha\n|-supereffective|p2b: Sinistcha|1\n|-damage|p2b: Sinistcha|22/100\n|move|p2b: Sinistcha|Matcha Gotcha|p1a: Chesnaught|[spread] p1a,p1b\n|-resisted|p1a: Chesnaught|1\n|-resisted|p1b: Sinistcha|1\n|-damage|p1a: Chesnaught|87/100\n|-heal|p2b: Sinistcha|29/100|[from] drain|[of] p1a: Chesnaught\n|-damage|p1b: Sinistcha|0 fnt\n|-heal|p2b: Sinistcha|33/100|[from] drain|[of] p1b: Sinistcha\n|faint|p1b: Sinistcha\n|move|p1a: Chesnaught|Payback|p2a: Gengar\n|-supereffective|p2a: Gengar|1\n|-damage|p2a: Gengar|32/100\n|\n|-weather|RainDance|[upkeep]\n|upkeep\n|\n|t:|1776150171\n|switch|p1b: Basculegion|Basculegion, L50, M|100/100\n|turn|4\n|\n|t:|1776150187\n|switch|p2a: Incineroar|Incineroar, L50, M|97/100\n|-ability|p2a: Incineroar|Intimidate|boost\n|-unboost|p1a: Chesnaught|atk|1\n|-unboost|p1b: Basculegion|atk|1\n|move|p1b: Basculegion|Protect|p1b: Basculegion\n|-singleturn|p1b: Basculegion|Protect\n|move|p2b: Sinistcha|Matcha Gotcha|p1a: Chesnaught|[spread] p1a\n|-activate|p1b: Basculegion|move: Protect\n|-resisted|p1a: Chesnaught|1\n|-damage|p1a: Chesnaught|73/100\n|-heal|p2b: Sinistcha|41/100|[from] drain|[of] p1a: Chesnaught\n|move|p1a: Chesnaught|Payback|p2a: Incineroar\n|-resisted|p2a: Incineroar|1\n|-damage|p2a: Incineroar|93/100\n|\n|-weather|RainDance|[upkeep]\n|upkeep\n|turn|5\n|\n|t:|1776150222\n|switch|p2a: Basculegion|Basculegion, L50, M|100/100\n|move|p1b: Basculegion|Protect||[still]\n|-fail|p1b: Basculegion\n|move|p2b: Sinistcha|Matcha Gotcha|p1a: Chesnaught|[spread] p1a,p1b\n|-resisted|p1a: Chesnaught|1\n|-supereffective|p1b: Basculegion|1\n|-damage|p1a: Chesnaught|60/100\n|-heal|p2b: Sinistcha|48/100|[from] drain|[of] p1a: Chesnaught\n|-damage|p1b: Basculegion|8/100\n|-heal|p2b: Sinistcha|99/100|[from] drain|[of] p1b: Basculegion\n|move|p1a: Chesnaught|Body Press|p2a: Basculegion\n|-immune|p2a: Basculegion\n|\n|-weather|RainDance|[upkeep]\n|upkeep\n|turn|6\n|\n|t:|1776150248\n|move|p1b: Basculegion|Last Respects|p2b: Sinistcha\n|-supereffective|p2b: Sinistcha|1\n|-damage|p2b: Sinistcha|14/100\n|move|p2a: Basculegion|Flip Turn|p1a: Chesnaught\n|-resisted|p1a: Chesnaught|1\n|-damage|p1a: Chesnaught|51/100\n|\n|t:|1776150255\n|switch|p2a: Incineroar|Incineroar, L50, M|93/100|[from] Flip Turn\n|-ability|p2a: Incineroar|Intimidate|boost\n|-unboost|p1a: Chesnaught|atk|1\n|-unboost|p1b: Basculegion|atk|1\n|move|p2b: Sinistcha|Matcha Gotcha|p1b: Basculegion|[spread] p1a,p1b\n|-resisted|p1a: Chesnaught|1\n|-supereffective|p1b: Basculegion|1\n|-damage|p1a: Chesnaught|37/100\n|-heal|p2b: Sinistcha|22/100|[from] drain|[of] p1a: Chesnaught\n|-damage|p1b: Basculegion|0 fnt\n|-heal|p2b: Sinistcha|26/100|[from] drain|[of] p1b: Basculegion\n|faint|p1b: Basculegion\n|move|p1a: Chesnaught|Payback|p2a: Incineroar\n|-resisted|p2a: Incineroar|1\n|-damage|p2a: Incineroar|90/100\n|\n|-weather|none\n|upkeep\n|turn|7\n|\n|t:|1776150272\n|move|p2a: Incineroar|Fake Out|p1a: Chesnaught\n|-damage|p1a: Chesnaught|34/100\n|move|p2b: Sinistcha|Matcha Gotcha|p1a: Chesnaught\n|-resisted|p1a: Chesnaught|1\n|-crit|p1a: Chesnaught\n|-damage|p1a: Chesnaught|8/100\n|-heal|p2b: Sinistcha|41/100|[from] drain|[of] p1a: Chesnaught\n|cant|p1a: Chesnaught|flinch\n|\n|upkeep\n|turn|8\n|\n|t:|1776150285\n|move|p2a: Incineroar|Flare Blitz|p1a: Chesnaught\n|-supereffective|p1a: Chesnaught|1\n|-damage|p1a: Chesnaught|0 fnt\n|faint|p1a: Chesnaught\n|-damage|p2a: Incineroar|88/100|[from] Recoil\n|\n|win|Piedi mistici\n|raw|Swis_Chris's rating: 1147 &rarr; <strong>1121</strong><br />(-26 for losing)\n|raw|Piedi mistici's rating: 1135 &rarr; <strong>1161</strong><br />(+26 for winning)\n",
  "uploadtime": 1776150289,
  "views": 30,
  "formatid": "gen9championsvgc2026regma",
  "rating": 1121,
  "private": 0,
  "password": null
}