{
  "id": "gen9championsvgc2026regma-2580757545",
  "format": "[Gen 9 Champions] VGC 2026 Reg M-A",
  "players": [
    "exodragon13",
    "user638468287"
  ],
  "log": "|j|\u2606exodragon13\n|j|\u2606user638468287\n|t:|1775930029\n|gametype|doubles\n|player|p1|exodragon13|will|1000\n|player|p2|user638468287|169|1000\n|gen|9\n|tier|[Gen 9 Champions] VGC 2026 Reg M-A\n|rated|\n|rule|Species Clause: Limit one of each Pok\u00e9mon\n|rule|Item Clause: Limit 1 of each item\n|clearpoke\n|poke|p1|Froslass, L50, F|\n|poke|p1|Mamoswine, L50, F|\n|poke|p1|Infernape, L50, F|\n|poke|p1|Azumarill, L50, M|\n|poke|p1|Starmie, L50|\n|poke|p1|Meowscarada, L50, F|\n|poke|p2|Sinistcha-Masterpiece, L50|\n|poke|p2|Alcremie, L50, F|\n|poke|p2|Meganium, L50, F|\n|poke|p2|Excadrill, L50, M|\n|poke|p2|Tyranitar, L50, M|\n|poke|p2|Incineroar, L50, M|\n|teampreview|4\nexodragon13 rejected open team sheets.\n|inactive|Battle timer is ON: inactive players will automatically lose when time's up. (requested by exodragon13)\n|\n|t:|1775930106\n|teamsize|p1|4\n|teamsize|p2|4\n|start\n|switch|p1a: SplitTheIceApart|Mamoswine, L50, F|100/100\n|switch|p1b: PartyLikeIt2009|Infernape, L50, F|100/100\n|switch|p2a: The creepy guy|Excadrill, L50, M|100/100\n|switch|p2b: The furry guy|Incineroar, L50, M|100/100\n|-ability|p2b: The furry guy|Intimidate|boost\n|-unboost|p1a: SplitTheIceApart|atk|1\n|-unboost|p1b: PartyLikeIt2009|atk|1\n|turn|1\n|inactive|user638468287 has 30 seconds left.\n|\n|t:|1775930135\n|switch|p1b: BIG CHILL|Froslass, L50, F|100/100\n|detailschange|p2a: The creepy guy|Excadrill-Mega, L50, M\n|-mega|p2a: The creepy guy|Excadrill|Excadrite\n|move|p1a: SplitTheIceApart|Protect|p1a: SplitTheIceApart\n|-singleturn|p1a: SplitTheIceApart|Protect\n|move|p2b: The furry guy|Fake Out|p1a: SplitTheIceApart\n|-activate|p1a: SplitTheIceApart|move: Protect\n|move|p2a: The creepy guy|Rock Slide|p1b: BIG CHILL|[spread] p1b\n|-activate|p1a: SplitTheIceApart|move: Protect\n|-supereffective|p1b: BIG CHILL|1\n|-damage|p1b: BIG CHILL|23/100\n|\n|upkeep\n|turn|2\n|inactive|user638468287 has 30 seconds left.\n|\n|t:|1775930166\n|detailschange|p1b: BIG CHILL|Froslass-Mega, L50, F\n|-mega|p1b: BIG CHILL|Froslass|Froslassite\n|-weather|Snowscape|[from] ability: Snow Warning|[of] p1b: BIG CHILL\n|move|p2a: The creepy guy|Protect|p2a: The creepy guy\n|-singleturn|p2a: The creepy guy|Protect\n|move|p1b: BIG CHILL|Aurora Veil|p1b: BIG CHILL\n|-sidestart|p1: exodragon13|move: Aurora Veil\n|move|p1a: SplitTheIceApart|High Horsepower|p2a: The creepy guy\n|-activate|p2a: The creepy guy|move: Protect\n|move|p2b: The furry guy|Parting Shot|p1a: SplitTheIceApart\n|-unboost|p1a: SplitTheIceApart|atk|1\n|-unboost|p1a: SplitTheIceApart|spa|1\n|\n|t:|1775930176\n|switch|p2b: The angry guy|Tyranitar, L50, M|100/100|[from] Parting Shot\n|-weather|Sandstorm|[from] ability: Sand Stream|[of] p2b: The angry guy\n|\n|-weather|Sandstorm|[upkeep]\n|-damage|p1b: BIG CHILL|17/100|[from] Sandstorm\n|upkeep\n|turn|3\n|\n|t:|1775930199\n|switch|p1b: Asterisk|Starmie, L50|100/100\n|move|p2a: The creepy guy|Iron Head|p1a: SplitTheIceApart\n|-supereffective|p1a: SplitTheIceApart|1\n|-damage|p1a: SplitTheIceApart|29/100\n|move|p1a: SplitTheIceApart|High Horsepower|p2b: The angry guy\n|-supereffective|p2b: The angry guy|1\n|-damage|p2b: The angry guy|69/100\n|move|p2b: The angry guy|Breaking Swipe|p1b: Asterisk|[spread] p1a,p1b\n|-damage|p1a: SplitTheIceApart|19/100\n|-damage|p1b: Asterisk|86/100\n|-unboost|p1a: SplitTheIceApart|atk|1\n|-unboost|p1b: Asterisk|atk|1\n|\n|-weather|Sandstorm|[upkeep]\n|-damage|p1b: Asterisk|80/100|[from] Sandstorm\n|upkeep\n|turn|4\n|inactive|user638468287 has 30 seconds left.\n|\n|t:|1775930224\n|switch|p1a: PartyLikeIt2009|Infernape, L50, F|100/100\n|switch|p2b: The furry guy|Incineroar, L50, M|100/100\n|-ability|p2b: The furry guy|Intimidate|boost\n|-unboost|p1a: PartyLikeIt2009|atk|1\n|-unboost|p1b: Asterisk|atk|1\n|move|p1b: Asterisk|Flip Turn|p2a: The creepy guy\n|-supereffective|p2a: The creepy guy|1\n|-damage|p2a: The creepy guy|84/100\n|\n|t:|1775930232\n|switch|p1b: BIG CHILL|Froslass-Mega, L50, F|17/100|[from] Flip Turn\n|-weather|Snowscape|[from] ability: Snow Warning|[of] p1b: BIG CHILL\n|move|p2a: The creepy guy|Rock Slide|p1b: BIG CHILL|[spread] p1a,p1b\n|-supereffective|p1b: BIG CHILL|1\n|-damage|p1a: PartyLikeIt2009|75/100\n|-damage|p1b: BIG CHILL|0 fnt\n|faint|p1b: BIG CHILL\n|\n|-weather|Snowscape|[upkeep]\n|upkeep\n|\n|t:|1775930235\n|switch|p1b: SplitTheIceApart|Mamoswine, L50, F|19/100\n|turn|5\n|inactive|user638468287 has 30 seconds left.\n|inactive|user638468287 has 20 seconds left.\n|inactive|user638468287 has 15 seconds left.\n|inactive|user638468287 has 10 seconds left.\n|\n|t:|1775930285\n|move|p2a: The creepy guy|Protect|p2a: The creepy guy\n|-singleturn|p2a: The creepy guy|Protect\n|move|p1a: PartyLikeIt2009|Close Combat|p2b: The furry guy\n|-supereffective|p2b: The furry guy|1\n|-damage|p2b: The furry guy|20/100\n|-unboost|p1a: PartyLikeIt2009|def|1\n|-unboost|p1a: PartyLikeIt2009|spd|1\n|move|p1b: SplitTheIceApart|High Horsepower|p2a: The creepy guy\n|-activate|p2a: The creepy guy|move: Protect\n|move|p2b: The furry guy|Parting Shot|p1b: SplitTheIceApart\n|-unboost|p1b: SplitTheIceApart|atk|1\n|-unboost|p1b: SplitTheIceApart|spa|1\n|\n|t:|1775930294\n|switch|p2b: The angry guy|Tyranitar, L50, M|69/100|[from] Parting Shot\n|-weather|Sandstorm|[from] ability: Sand Stream|[of] p2b: The angry guy\n|\n|-weather|Sandstorm|[upkeep]\n|-damage|p1a: PartyLikeIt2009|69/100|[from] Sandstorm\n|upkeep\n|turn|6\n|inactive|user638468287 has 30 seconds left.\n|\n|t:|1775930329\n|switch|p1b: Asterisk|Starmie, L50|80/100\n|move|p1a: PartyLikeIt2009|Close Combat|p2b: The angry guy\n|-supereffective|p2b: The angry guy|2\n|-enditem|p2b: The angry guy|Chople Berry|[eat]\n|-enditem|p2b: The angry guy|Chople Berry|[weaken]\n|-damage|p2b: The angry guy|19/100\n|-unboost|p1a: PartyLikeIt2009|def|1\n|-unboost|p1a: PartyLikeIt2009|spd|1\n|move|p2a: The creepy guy|Rock Slide|p1a: PartyLikeIt2009|[spread] p1b\n|-miss|p2a: The creepy guy|p1a: PartyLikeIt2009\n|-damage|p1b: Asterisk|58/100\n|move|p2b: The angry guy|Breaking Swipe|p1a: PartyLikeIt2009|[spread] p1a,p1b\n|-damage|p1a: PartyLikeIt2009|38/100\n|-damage|p1b: Asterisk|44/100\n|-unboost|p1a: PartyLikeIt2009|atk|1\n|-unboost|p1b: Asterisk|atk|1\n|\n|-weather|Sandstorm|[upkeep]\n|-damage|p1a: PartyLikeIt2009|32/100|[from] Sandstorm\n|-damage|p1b: Asterisk|38/100|[from] Sandstorm\n|-sideend|p1: exodragon13|move: Aurora Veil\n|upkeep\n|turn|7\n|\n|t:|1775930348\n|switch|p2b: The furry guy|Incineroar, L50, M|20/100\n|-ability|p2b: The furry guy|Intimidate|boost\n|-unboost|p1a: PartyLikeIt2009|atk|1\n|-unboost|p1b: Asterisk|atk|1\n|move|p1a: PartyLikeIt2009|Close Combat|p2b: The furry guy\n|-supereffective|p2b: The furry guy|1\n|-damage|p2b: The furry guy|0 fnt\n|-unboost|p1a: PartyLikeIt2009|def|1\n|-unboost|p1a: PartyLikeIt2009|spd|1\n|faint|p2b: The furry guy\n|move|p1b: Asterisk|Flip Turn|p2a: The creepy guy\n|-supereffective|p2a: The creepy guy|1\n|-damage|p2a: The creepy guy|71/100\n|\n|t:|1775930353\n|switch|p1b: SplitTheIceApart|Mamoswine, L50, F|19/100|[from] Flip Turn\n|move|p2a: The creepy guy|Rock Slide|p1a: PartyLikeIt2009|[spread] p1a,p1b\n|-damage|p1a: PartyLikeIt2009|0 fnt\n|-damage|p1b: SplitTheIceApart|0 fnt\n|faint|p1a: PartyLikeIt2009\n|faint|p1b: SplitTheIceApart\n|\n|-weather|Sandstorm|[upkeep]\n|upkeep\n|-message|exodragon13 forfeited.\n|\n|win|user638468287\n|raw|exodragon13's rating: 1000 &rarr; <strong>1000</strong><br />(+0 for losing)\n|raw|user638468287's rating: 1000 &rarr; <strong>1040</strong><br />(+40 for winning)\n|l|\u2606exodragon13\n|player|p1|\n",
  "uploadtime": 1775930369,
  "views": 13,
  "formatid": "gen9championsvgc2026regma",
  "rating": 1000,
  "private": 0,
  "password": null
}