{
  "id": "gen9championsvgc2026regma-2586395096",
  "format": "[Gen 9 Champions] VGC 2026 Reg M-A",
  "players": [
    "bert55",
    "BroDontFuckWithMe"
  ],
  "log": "|j|\u2606bert55\n|j|\u2606BroDontFuckWithMe\n|t:|1776431579\n|gametype|doubles\n|player|p1|bert55|101|1320\n|player|p2|BroDontFuckWithMe|170|1317\n|gen|9\n|tier|[Gen 9 Champions] VGC 2026 Reg M-A\n|rated|\n|rule|Species Clause: Limit one of each Pok\u00e9mon\n|rule|Item Clause: Limit 1 of each item\n|clearpoke\n|poke|p1|Camerupt, L50, M|\n|poke|p1|Farigiraf, L50, F|\n|poke|p1|Mimikyu, L50, M|\n|poke|p1|Crabominable, L50, M|\n|poke|p1|Torkoal, L50, M|\n|poke|p1|Primarina, L50, M|\n|poke|p2|Starmie, L50|\n|poke|p2|Rotom-Heat, L50|\n|poke|p2|Excadrill, L50, M|\n|poke|p2|Sinistcha, L50|\n|poke|p2|Tyranitar, L50, F|\n|poke|p2|Gardevoir, L50, F|\n|teampreview|4\n|\n|t:|1776431597\n|teamsize|p1|4\n|teamsize|p2|4\n|start\n|switch|p1a: Farigiraf|Farigiraf, L50, F|100/100\n|switch|p1b: Primarina|Primarina, L50, M|100/100\n|switch|p2a: Starmie|Starmie, L50|100/100\n|switch|p2b: Gardevoir|Gardevoir, L50, F|100/100\n|turn|1\n|inactive|Battle timer is ON: inactive players will automatically lose when time's up. (requested by BroDontFuckWithMe)\n|\n|t:|1776431607\n|detailschange|p2a: Starmie|Starmie-Mega, L50\n|-mega|p2a: Starmie|Starmie|Starminite\n|move|p2b: Gardevoir|Dazzling Gleam|p1a: Farigiraf|[spread] p1a,p1b\n|-damage|p1a: Farigiraf|74/100\n|-damage|p1b: Primarina|76/100\n|move|p2a: Starmie|Liquidation|p1a: Farigiraf\n|-damage|p1a: Farigiraf|3/100\n|-enditem|p1a: Farigiraf|Sitrus Berry|[eat]\n|-heal|p1a: Farigiraf|27/100|[from] item: Sitrus Berry\n|move|p1b: Primarina|Energy Ball|p2a: Starmie\n|-supereffective|p2a: Starmie|1\n|-damage|p2a: Starmie|23/100\n|move|p1a: Farigiraf|Trick Room|p1a: Farigiraf\n|-fieldstart|move: Trick Room|[of] p1a: Farigiraf\n|\n|upkeep\n|turn|2\n|\n|t:|1776431620\n|move|p2a: Starmie|Protect|p2a: Starmie\n|-singleturn|p2a: Starmie|Protect\n|move|p1a: Farigiraf|Hyper Voice|p2b: Gardevoir|[spread] p2b\n|-activate|p2a: Starmie|move: Protect\n|-damage|p2b: Gardevoir|72/100\n|move|p1b: Primarina|Hyper Voice|p2a: Starmie|[spread] p2b\n|-activate|p2a: Starmie|move: Protect\n|-damage|p2b: Gardevoir|25/100\n|move|p2b: Gardevoir|Dazzling Gleam|p1b: Primarina|[spread] p1a,p1b\n|-damage|p1a: Farigiraf|0 fnt\n|-damage|p1b: Primarina|49/100\n|faint|p1a: Farigiraf\n|\n|upkeep\n|\n|t:|1776431627\n|switch|p1a: Crabominable|Crabominable, L50, M|100/100\n|turn|3\n|\n|t:|1776431636\n|switch|p2a: Sinistcha|Sinistcha, L50|100/100\n|-heal|p2b: Gardevoir|49/100|[from] ability: Hospitality|[of] p2a: Sinistcha\n|switch|p2b: Rotom|Rotom-Heat, L50|100/100\n|detailschange|p1a: Crabominable|Crabominable-Mega, L50, M\n|-mega|p1a: Crabominable|Crabominable|Crabominite\n|move|p1a: Crabominable|Knock Off|p2a: Sinistcha\n|-supereffective|p2a: Sinistcha|1\n|-damage|p2a: Sinistcha|29/100\n|-enditem|p2a: Sinistcha|Leftovers|[from] move: Knock Off|[of] p1a: Crabominable\n|move|p1b: Primarina|Hyper Voice|p2b: Rotom|[spread] p2a,p2b\n|-resisted|p2a: Sinistcha|1\n|-supereffective|p2b: Rotom|1\n|-damage|p2a: Sinistcha|7/100\n|-damage|p2b: Rotom|4/100\n|-enditem|p2b: Rotom|Sitrus Berry|[eat]\n|-heal|p2b: Rotom|29/100|[from] item: Sitrus Berry\n|\n|upkeep\n|turn|4\n|\n|t:|1776431655\n|move|p2b: Rotom|Protect|p2b: Rotom\n|-singleturn|p2b: Rotom|Protect\n|move|p1a: Crabominable|Knock Off|p2b: Rotom\n|-activate|p2b: Rotom|move: Protect\n|move|p1b: Primarina|Hyper Voice|p2b: Rotom|[spread] p2a\n|-activate|p2b: Rotom|move: Protect\n|-resisted|p2a: Sinistcha|1\n|-damage|p2a: Sinistcha|0 fnt\n|faint|p2a: Sinistcha\n|\n|upkeep\n|\n|t:|1776431658\n|switch|p2a: Starmie|Starmie-Mega, L50|23/100\n|turn|5\n|\n|t:|1776431667\n|switch|p1a: Mimikyu|Mimikyu, L50, M|100/100\n|move|p2b: Rotom|Protect||[still]\n|-fail|p2b: Rotom\n|move|p2a: Starmie|Protect|p2a: Starmie\n|-singleturn|p2a: Starmie|Protect\n|move|p1b: Primarina|Hyper Voice|p2a: Starmie|[spread] p2b\n|-activate|p2a: Starmie|move: Protect\n|-supereffective|p2b: Rotom|1\n|-damage|p2b: Rotom|0 fnt\n|faint|p2b: Rotom\n|\n|-fieldend|move: Trick Room\n|upkeep\n|\n|t:|1776431670\n|switch|p2b: Gardevoir|Gardevoir, L50, F|49/100\n|turn|6\n|\n|t:|1776431682\n|move|p1a: Mimikyu|Shadow Sneak|p2a: Starmie\n|-supereffective|p2a: Starmie|1\n|-damage|p2a: Starmie|0 fnt\n|faint|p2a: Starmie\n|move|p2b: Gardevoir|Dazzling Gleam|p1b: Primarina|[spread] p1a,p1b\n|-activate|p1a: Mimikyu|ability: Disguise\n|-damage|p1a: Mimikyu|100/100\n|-damage|p1b: Primarina|22/100\n|detailschange|p1a: Mimikyu|Mimikyu-Busted, L50, M\n|-damage|p1a: Mimikyu|88/100|[from] pokemon: Mimikyu-Busted\n|move|p1b: Primarina|Moonblast|p2b: Gardevoir\n|-damage|p2b: Gardevoir|0 fnt\n|faint|p2b: Gardevoir\n|\n|win|bert55\n|raw|bert55's rating: 1320 &rarr; <strong>1340</strong><br />(+20 for winning)\n|raw|BroDontFuckWithMe's rating: 1317 &rarr; <strong>1297</strong><br />(-20 for losing)\n",
  "uploadtime": 1776431682,
  "views": 41,
  "formatid": "gen9championsvgc2026regma",
  "rating": 1297,
  "private": 0,
  "password": null
}