{
  "id": "gen9championsvgc2026regma-2588251794",
  "format": "[Gen 9 Champions] VGC 2026 Reg M-A",
  "players": [
    "EduardoBenioCiclo",
    "ets123456"
  ],
  "log": "|j|\u2606EduardoBenioCiclo\n|j|\u2606ets123456\n|t:|1776618192\n|gametype|doubles\n|player|p1|EduardoBenioCiclo|n|1097\n|player|p2|ets123456|169|1086\n|gen|9\n|tier|[Gen 9 Champions] VGC 2026 Reg M-A\n|rated|\n|rule|Species Clause: Limit one of each Pok\u00e9mon\n|rule|Item Clause: Limit 1 of each item\n|clearpoke\n|poke|p1|Hawlucha, L50, M|\n|poke|p1|Excadrill, L50, M|\n|poke|p1|Corviknight, L50, F|\n|poke|p1|Incineroar, L50, F|\n|poke|p1|Rotom-Wash, L50|\n|poke|p1|Garchomp, L50, F|\n|poke|p2|Drampa, L50, M|\n|poke|p2|Aegislash, L50, M|\n|poke|p2|Sinistcha, L50|\n|poke|p2|Rotom-Wash, L50|\n|poke|p2|Floette-Eternal, L50, F|\n|poke|p2|Kangaskhan, L50, F|\n|teampreview|4\n|\n|t:|1776618225\n|teamsize|p1|4\n|teamsize|p2|4\n|start\n|switch|p1a: Corviknight|Corviknight, L50, F|100/100\n|switch|p1b: Hawlucha|Hawlucha, L50, M|100/100\n|switch|p2a: Kangaskhan|Kangaskhan, L50, F|100/100\n|switch|p2b: Rotom|Rotom-Wash, L50|100/100\n|turn|1\n|\n|t:|1776618249\n|move|p2a: Kangaskhan|Fake Out|p1b: Hawlucha\n|-damage|p1b: Hawlucha|77/100\n|cant|p1b: Hawlucha|flinch\n|move|p1a: Corviknight|Tailwind|p1a: Corviknight\n|-sidestart|p1: EduardoBenioCiclo|move: Tailwind\n|move|p2b: Rotom|Electroweb|p1b: Hawlucha|[spread] p1a,p1b\n|-supereffective|p1a: Corviknight|1\n|-supereffective|p1b: Hawlucha|1\n|-damage|p1a: Corviknight|68/100\n|-damage|p1b: Hawlucha|30/100\n|-ability|p1a: Corviknight|Mirror Armor\n|-unboost|p2b: Rotom|spe|1\n|-unboost|p1b: Hawlucha|spe|1\n|\n|-heal|p1a: Corviknight|74/100|[from] item: Leftovers\n|upkeep\n|turn|2\n|\n|t:|1776618262\n|move|p1b: Hawlucha|Protect|p1b: Hawlucha\n|-singleturn|p1b: Hawlucha|Protect\n|move|p2a: Kangaskhan|Protect|p2a: Kangaskhan\n|-singleturn|p2a: Kangaskhan|Protect\n|move|p1a: Corviknight|Body Press|p2a: Kangaskhan\n|-activate|p2a: Kangaskhan|move: Protect\n|move|p2b: Rotom|Electroweb|p1b: Hawlucha|[spread] p1a\n|-activate|p1b: Hawlucha|move: Protect\n|-supereffective|p1a: Corviknight|1\n|-damage|p1a: Corviknight|36/100\n|-ability|p1a: Corviknight|Mirror Armor\n|-unboost|p2b: Rotom|spe|1\n|\n|-heal|p1a: Corviknight|42/100|[from] item: Leftovers\n|upkeep\n|turn|3\n|\n|t:|1776618284\n|switch|p1b: Garchomp|Garchomp, L50, F|100/100\n|switch|p2a: Sinistcha|Sinistcha, L50|100/100\n|move|p1a: Corviknight|Body Press|p2a: Sinistcha\n|-immune|p2a: Sinistcha\n|move|p2b: Rotom|Electroweb|p1b: Garchomp|[spread] p1a\n|-immune|p1b: Garchomp\n|-supereffective|p1a: Corviknight|1\n|-damage|p1a: Corviknight|7/100\n|-ability|p1a: Corviknight|Mirror Armor\n|-unboost|p2b: Rotom|spe|1\n|\n|-heal|p1a: Corviknight|13/100|[from] item: Leftovers\n|upkeep\n|turn|4\n|\n|t:|1776618312\n|switch|p2b: Kangaskhan|Kangaskhan, L50, F|100/100\n|move|p1b: Garchomp|Rock Slide|p2b: Kangaskhan|[spread] p2a,p2b\n|-damage|p2a: Sinistcha|83/100\n|-damage|p2b: Kangaskhan|78/100\n|move|p1a: Corviknight|Brave Bird|p2a: Sinistcha\n|-supereffective|p2a: Sinistcha|1\n|-enditem|p2a: Sinistcha|Coba Berry|[eat]\n|-enditem|p2a: Sinistcha|Coba Berry|[weaken]\n|-damage|p2a: Sinistcha|54/100\n|-damage|p1a: Corviknight|3/100|[from] Recoil\n|cant|p2a: Sinistcha|flinch\n|\n|-heal|p1a: Corviknight|9/100|[from] item: Leftovers\n|-sideend|p1: EduardoBenioCiclo|move: Tailwind\n|upkeep\n|turn|5\n|\n|t:|1776618332\n|move|p1b: Garchomp|Protect|p1b: Garchomp\n|-singleturn|p1b: Garchomp|Protect\n|move|p2b: Kangaskhan|Fake Out|p1a: Corviknight\n|-resisted|p1a: Corviknight|1\n|-damage|p1a: Corviknight|2/100\n|cant|p1a: Corviknight|flinch\n|move|p2a: Sinistcha|Strength Sap|p1b: Garchomp\n|-activate|p1b: Garchomp|move: Protect\n|\n|-heal|p1a: Corviknight|8/100|[from] item: Leftovers\n|upkeep\n|turn|6\n|\n|t:|1776618354\n|move|p1b: Garchomp|Dragon Claw|p2a: Sinistcha\n|-damage|p2a: Sinistcha|17/100\n|move|p2b: Kangaskhan|Drain Punch|p1a: Corviknight\n|-damage|p1a: Corviknight|0 fnt\n|-heal|p2b: Kangaskhan|81/100|[from] drain|[of] p1a: Corviknight\n|faint|p1a: Corviknight\n|move|p2a: Sinistcha|Strength Sap|p1b: Garchomp\n|-unboost|p1b: Garchomp|atk|1\n|-heal|p2a: Sinistcha|100/100\n|\n|upkeep\n|\n|t:|1776618366\n|switch|p1a: Excadrill|Excadrill, L50, M|100/100\n|turn|7\n|\n|t:|1776618381\n|move|p1b: Garchomp|Rock Slide|p2b: Kangaskhan|[spread] p2a,p2b\n|-damage|p2a: Sinistcha|89/100\n|-damage|p2b: Kangaskhan|68/100\n|move|p1a: Excadrill|Rock Slide|p2a: Sinistcha|[spread] p2a,p2b\n|-damage|p2a: Sinistcha|70/100\n|-damage|p2b: Kangaskhan|45/100\n|-enditem|p2b: Kangaskhan|Sitrus Berry|[eat]\n|-heal|p2b: Kangaskhan|70/100|[from] item: Sitrus Berry\n|move|p2b: Kangaskhan|Drain Punch|p1a: Excadrill\n|-supereffective|p1a: Excadrill|1\n|-damage|p1a: Excadrill|39/100\n|-heal|p2b: Kangaskhan|98/100|[from] drain|[of] p1a: Excadrill\n|move|p2a: Sinistcha|Matcha Gotcha|p1b: Garchomp|[spread] p1a,p1b\n|-damage|p1a: Excadrill|3/100\n|-heal|p2a: Sinistcha|88/100|[from] drain|[of] p1a: Excadrill\n|-damage|p1b: Garchomp|72/100\n|-heal|p2a: Sinistcha|100/100|[from] drain|[of] p1b: Garchomp\n|\n|upkeep\n|turn|8\n|\n|t:|1776618406\n|move|p1b: Garchomp|Rock Slide|p2a: Sinistcha|[spread] p2a,p2b\n|-crit|p2b: Kangaskhan\n|-damage|p2a: Sinistcha|88/100\n|-damage|p2b: Kangaskhan|68/100\n|move|p1a: Excadrill|Rock Slide|p2b: Kangaskhan|[spread] p2a,p2b\n|-damage|p2a: Sinistcha|68/100\n|-damage|p2b: Kangaskhan|47/100\n|cant|p2b: Kangaskhan|flinch\n|move|p2a: Sinistcha|Matcha Gotcha|p1b: Garchomp|[spread] p1a,p1b\n|-damage|p1a: Excadrill|0 fnt\n|-heal|p2a: Sinistcha|70/100|[from] drain|[of] p1a: Excadrill\n|-damage|p1b: Garchomp|44/100\n|-heal|p2a: Sinistcha|84/100|[from] drain|[of] p1b: Garchomp\n|faint|p1a: Excadrill\n|\n|upkeep\n|\n|t:|1776618421\n|switch|p1a: Hawlucha|Hawlucha, L50, M|30/100\n|turn|9\n|\n|t:|1776618432\n|switch|p2b: Rotom|Rotom-Wash, L50|100/100\n|detailschange|p1a: Hawlucha|Hawlucha-Mega, L50, M\n|-mega|p1a: Hawlucha|Hawlucha|Hawluchanite\n|move|p2a: Sinistcha|Rage Powder|p2a: Sinistcha\n|-singleturn|p2a: Sinistcha|move: Rage Powder\n|move|p1a: Hawlucha|Close Combat|p2a: Sinistcha\n|-immune|p2a: Sinistcha\n|move|p1b: Garchomp|Rock Slide|p2a: Sinistcha|[spread] p2a,p2b\n|-damage|p2a: Sinistcha|71/100\n|-damage|p2b: Rotom|88/100\n|\n|-heal|p2b: Rotom|94/100|[from] item: Leftovers\n|upkeep\n|turn|10\n|\n|t:|1776618458\n|move|p1a: Hawlucha|Brave Bird|p2a: Sinistcha\n|-supereffective|p2a: Sinistcha|1\n|-damage|p2a: Sinistcha|0 fnt\n|faint|p2a: Sinistcha\n|-damage|p1a: Hawlucha|2/100|[from] Recoil\n|move|p1b: Garchomp|Rock Slide|p2b: Rotom\n|-damage|p2b: Rotom|78/100\n|cant|p2b: Rotom|flinch\n|\n|-heal|p2b: Rotom|83/100|[from] item: Leftovers\n|upkeep\n|\n|t:|1776618465\n|switch|p2a: Kangaskhan|Kangaskhan, L50, F|47/100\n|turn|11\n|\n|t:|1776618470\n|move|p1a: Hawlucha|Protect|p1a: Hawlucha\n|-singleturn|p1a: Hawlucha|Protect\n|move|p1b: Garchomp|Protect|p1b: Garchomp\n|-singleturn|p1b: Garchomp|Protect\n|move|p2a: Kangaskhan|Fake Out|p1a: Hawlucha\n|-activate|p1a: Hawlucha|move: Protect\n|move|p2b: Rotom|Hydro Pump|p1b: Garchomp\n|-activate|p1b: Garchomp|move: Protect\n|\n|-heal|p2b: Rotom|89/100|[from] item: Leftovers\n|upkeep\n|turn|12\n|\n|t:|1776618492\n|move|p2a: Kangaskhan|Protect|p2a: Kangaskhan\n|-singleturn|p2a: Kangaskhan|Protect\n|move|p1a: Hawlucha|Close Combat|p2a: Kangaskhan\n|-activate|p2a: Kangaskhan|move: Protect\n|move|p1b: Garchomp|Dragon Claw|p2b: Rotom\n|-damage|p2b: Rotom|58/100\n|move|p2b: Rotom|Thunderbolt|p1a: Hawlucha\n|-supereffective|p1a: Hawlucha|1\n|-damage|p1a: Hawlucha|0 fnt\n|faint|p1a: Hawlucha\n|\n|-heal|p2b: Rotom|64/100|[from] item: Leftovers\n|upkeep\n|turn|13\n|c|\u2606ets123456|toxic lol\n|c|\u2606EduardoBenioCiclo|lol\n|\n|t:|1776618509\n|move|p1b: Garchomp|Rock Slide|p2b: Rotom|[spread] p2a,p2b\n|-damage|p2a: Kangaskhan|34/100\n|-damage|p2b: Rotom|51/100\n|move|p2a: Kangaskhan|Drain Punch|p1b: Garchomp\n|-damage|p1b: Garchomp|21/100\n|-heal|p2a: Kangaskhan|45/100|[from] drain|[of] p1b: Garchomp\n|-damage|p2a: Kangaskhan|32/100|[from] ability: Rough Skin|[of] p1b: Garchomp\n|cant|p2b: Rotom|flinch\n|\n|-heal|p2b: Rotom|57/100|[from] item: Leftovers\n|upkeep\n|turn|14\n|c|\u2606EduardoBenioCiclo|sorry for rock slide\n|c|\u2606ets123456|double flinch is crazy work lmfao\n|c|\u2606EduardoBenioCiclo|yeah\n|\n|t:|1776618545\n|move|p1b: Garchomp|Rock Slide|p2b: Rotom|[spread] p2a\n|-miss|p1b: Garchomp|p2b: Rotom\n|-damage|p2a: Kangaskhan|18/100\n|move|p2a: Kangaskhan|Facade|p1b: Garchomp\n|-damage|p1b: Garchomp|0 fnt\n|-damage|p2a: Kangaskhan|5/100|[from] ability: Rough Skin|[of] p1b: Garchomp\n|faint|p1b: Garchomp\n|\n|win|ets123456\n|raw|EduardoBenioCiclo's rating: 1097 &rarr; <strong>1072</strong><br />(-25 for losing)\n|raw|ets123456's rating: 1086 &rarr; <strong>1114</strong><br />(+28 for winning)\n|c|\u2606EduardoBenioCiclo|gg wp\n|c|\u2606ets123456|g wp\n",
  "uploadtime": 1776618564,
  "views": 16,
  "formatid": "gen9championsvgc2026regma",
  "rating": 1072,
  "private": 0,
  "password": null
}