{
  "id": "gen9championsvgc2026regma-2587509922",
  "format": "[Gen 9 Champions] VGC 2026 Reg M-A",
  "players": [
    "ahmad1234",
    "Isidino"
  ],
  "log": "|j|\u2606ahmad1234\n|j|\u203dIsidino\n|t:|1776537936\n|gametype|doubles\n|player|p1|ahmad1234|volkner|1262\n|player|p2|Isidino|266|1218\n|gen|9\n|tier|[Gen 9 Champions] VGC 2026 Reg M-A\n|rated|\n|rule|Species Clause: Limit one of each Pok\u00e9mon\n|rule|Item Clause: Limit 1 of each item\n|clearpoke\n|poke|p1|Pelipper, L50, F|\n|poke|p1|Dragonite, L50, M, shiny|\n|poke|p1|Venusaur, L50, M|\n|poke|p1|Milotic, L50, M|\n|poke|p1|Talonflame, L50, M, shiny|\n|poke|p1|Sneasler, L50, F|\n|poke|p2|Pelipper, L50, F|\n|poke|p2|Basculegion-F, L50, F, shiny|\n|poke|p2|Starmie, L50, shiny|\n|poke|p2|Sneasler, L50, M|\n|poke|p2|Sableye, L50, M, shiny|\n|poke|p2|Scovillain, L50, F, shiny|\n|teampreview|4\n|inactive|Battle timer is ON: inactive players will automatically lose when time's up. (requested by Isidino)\n|c|\u2606ahmad1234|glhf\n|\n|t:|1776537961\n|teamsize|p1|4\n|teamsize|p2|4\n|start\n|switch|p1a: Talonflame|Talonflame, L50, M, shiny|100/100\n|switch|p1b: Venusaur|Venusaur, L50, M|100/100\n|switch|p2a: Pelipper|Pelipper, L50, F|100/100\n|switch|p2b: Basculegion|Basculegion-F, L50, F, shiny|100/100\n|-weather|RainDance|[from] ability: Drizzle|[of] p2a: Pelipper\n|turn|1\n|\n|t:|1776537976\n|detailschange|p1b: Venusaur|Venusaur-Mega, L50, M\n|-mega|p1b: Venusaur|Venusaur|Venusaurite\n|move|p2b: Basculegion|Protect|p2b: Basculegion\n|-singleturn|p2b: Basculegion|Protect\n|move|p1a: Talonflame|Tailwind|p1a: Talonflame\n|-sidestart|p1: ahmad1234|move: Tailwind\n|move|p1b: Venusaur|Energy Ball|p2b: Basculegion\n|-activate|p2b: Basculegion|move: Protect\n|move|p2a: Pelipper|Tailwind|p2a: Pelipper\n|-sidestart|p2: Isidino|move: Tailwind\n|\n|-weather|RainDance|[upkeep]\n|upkeep\n|turn|2\n|inactive|ahmad1234 has 30 seconds left.\n|\n|t:|1776538003\n|move|p2b: Basculegion|Icy Wind|p1a: Talonflame|[spread] p1a,p1b\n|-supereffective|p1b: Venusaur|1\n|-damage|p1a: Talonflame|82/100\n|-damage|p1b: Venusaur|90/100\n|-unboost|p1a: Talonflame|spe|1\n|-unboost|p1b: Venusaur|spe|1\n|move|p1a: Talonflame|Will-O-Wisp|p2b: Basculegion|[miss]\n|-miss|p1a: Talonflame|p2b: Basculegion\n|move|p2a: Pelipper|Hurricane|p1b: Venusaur\n|-supereffective|p1b: Venusaur|1\n|-damage|p1b: Venusaur|16/100\n|move|p1b: Venusaur|Energy Ball|p2b: Basculegion\n|-supereffective|p2b: Basculegion|1\n|-damage|p2b: Basculegion|0 fnt\n|faint|p2b: Basculegion\n|\n|-weather|RainDance|[upkeep]\n|upkeep\n|\n|t:|1776538018\n|switch|p2b: Starmie|Starmie, L50, shiny|100/100\n|turn|3\n|\n|t:|1776538028\n|detailschange|p2b: Starmie|Starmie-Mega, L50, shiny\n|-mega|p2b: Starmie|Starmie|Starminite\n|move|p2b: Starmie|Aqua Jet|p1a: Talonflame\n|-supereffective|p1a: Talonflame|1\n|-damage|p1a: Talonflame|0 fnt\n|faint|p1a: Talonflame\n|move|p2a: Pelipper|Hurricane|p1b: Venusaur\n|-supereffective|p1b: Venusaur|1\n|-damage|p1b: Venusaur|0 fnt\n|faint|p1b: Venusaur\n|\n|-weather|RainDance|[upkeep]\n|upkeep\n|\n|t:|1776538034\n|switch|p1a: Milotic|Milotic, L50, M|100/100\n|switch|p1b: Sneasler|Sneasler, L50, F|100/100\n|turn|4\n|\n|t:|1776538043\n|move|p1b: Sneasler|Fake Out|p2a: Pelipper\n|-damage|p2a: Pelipper|83/100\n|move|p2b: Starmie|Liquidation|p1b: Sneasler\n|-crit|p1b: Sneasler\n|-damage|p1b: Sneasler|0 fnt\n|faint|p1b: Sneasler\n|cant|p2a: Pelipper|flinch\n|move|p1a: Milotic|Icy Wind|p2a: Pelipper|[spread] p2a,p2b\n|-resisted|p2b: Starmie|1\n|-damage|p2a: Pelipper|61/100\n|-damage|p2b: Starmie|95/100\n|-unboost|p2a: Pelipper|spe|1\n|-unboost|p2b: Starmie|spe|1\n|\n|-weather|RainDance|[upkeep]\n|-sideend|p2: Isidino|move: Tailwind\n|-sideend|p1: ahmad1234|move: Tailwind\n|upkeep\n|turn|5\n|\n|t:|1776538049\n|move|p1a: Milotic|Icy Wind|p2b: Starmie|[spread] p2a,p2b\n|-resisted|p2b: Starmie|1\n|-damage|p2a: Pelipper|42/100\n|-damage|p2b: Starmie|89/100\n|-unboost|p2a: Pelipper|spe|1\n|-unboost|p2b: Starmie|spe|1\n|move|p2b: Starmie|Liquidation|p1a: Milotic\n|-resisted|p1a: Milotic|1\n|-damage|p1a: Milotic|46/100\n|move|p2a: Pelipper|Hurricane|p1a: Milotic\n|-damage|p1a: Milotic|11/100\n|\n|-weather|none\n|-heal|p1a: Milotic|17/100|[from] item: Leftovers\n|upkeep\n|turn|6\n|-message|ahmad1234 forfeited.\n|\n|win|Isidino\n|raw|ahmad1234's rating: 1262 &rarr; <strong>1234</strong><br />(-28 for losing)\n|raw|Isidino's rating: 1218 &rarr; <strong>1246</strong><br />(+28 for winning)\n|l|\u2606ahmad1234\n|player|p1|\n",
  "uploadtime": 1776538062,
  "views": 19,
  "formatid": "gen9championsvgc2026regma",
  "rating": 1234,
  "private": 0,
  "password": null
}