{
  "id": "gen9championsvgc2026regma-2588474156",
  "format": "[Gen 9 Champions] VGC 2026 Reg M-A",
  "players": [
    "Pokeventurer",
    "goobsheistmaster67"
  ],
  "log": "|j|\u2606Pokeventurer\n|j|\u2606goobsheistmaster67\n|t:|1776636736\n|gametype|doubles\n|player|p1|Pokeventurer|1|1507\n|player|p2|goobsheistmaster67|bugcatcher-gen4dp|1575\n|gen|9\n|tier|[Gen 9 Champions] VGC 2026 Reg M-A\n|rated|\n|rule|Species Clause: Limit one of each Pok\u00e9mon\n|rule|Item Clause: Limit 1 of each item\n|clearpoke\n|poke|p1|Talonflame, L50, M|\n|poke|p1|Kingambit, L50, F|\n|poke|p1|Garchomp, L50, M|\n|poke|p1|Basculegion, L50, M|\n|poke|p1|Floette-Eternal, L50, F|\n|poke|p1|Corviknight, L50, F|\n|poke|p2|Floette-Eternal, L50, F|\n|poke|p2|Delphox, L50, M|\n|poke|p2|Kingambit, L50, M|\n|poke|p2|Garchomp, L50, M|\n|poke|p2|Basculegion, L50, M|\n|poke|p2|Sinistcha, L50|\n|teampreview|4\n|inactive|Battle timer is ON: inactive players will automatically lose when time's up. (requested by Pokeventurer)\n|inactive|goobsheistmaster67 has 60 seconds left.\n|j| we love marioparty\n|\n|t:|1776636788\n|teamsize|p1|4\n|teamsize|p2|4\n|start\n|switch|p1a: Garchomp|Garchomp, L50, M|100/100\n|switch|p1b: Talonflame|Talonflame, L50, M|100/100\n|switch|p2a: Delphox|Delphox, L50, M|100/100\n|switch|p2b: Kingambit|Kingambit, L50, M|100/100\n|turn|1\n|j| discomi\n|inactive|goobsheistmaster67 has 30 seconds left.\n|j| pandascot\n|l| pandascot\n|inactive|goobsheistmaster67 has 20 seconds left.\n|\n|t:|1776636824\n|detailschange|p2a: Delphox|Delphox-Mega, L50, M\n|-mega|p2a: Delphox|Delphox|Delphoxite\n|move|p2b: Kingambit|Protect|p2b: Kingambit\n|-singleturn|p2b: Kingambit|Protect\n|move|p1b: Talonflame|Tailwind|p1b: Talonflame\n|-sidestart|p1: Pokeventurer|move: Tailwind\n|move|p1a: Garchomp|Earthquake|p2b: Kingambit|[spread] \n|-activate|p2b: Kingambit|move: Protect\n|-immune|p1b: Talonflame\n|-immune|p2a: Delphox|[from] ability: Levitate\n|move|p2a: Delphox|Psychic|p1b: Talonflame\n|-damage|p1b: Talonflame|20/100\n|\n|upkeep\n|turn|2\n|\n|t:|1776636844\n|move|p1b: Talonflame|Upper Hand|p2b: Kingambit\n|-supereffective|p2b: Kingambit|2\n|-enditem|p2b: Kingambit|Chople Berry|[eat]\n|-enditem|p2b: Kingambit|Chople Berry|[weaken]\n|-damage|p2b: Kingambit|75/100\n|cant|p2b: Kingambit|flinch\n|move|p1a: Garchomp|Earthquake|p2b: Kingambit|[spread] p2b\n|-immune|p1b: Talonflame\n|-immune|p2a: Delphox|[from] ability: Levitate\n|-supereffective|p2b: Kingambit|1\n|-damage|p2b: Kingambit|7/100\n|move|p2a: Delphox|Psychic|p1a: Garchomp\n|-damage|p1a: Garchomp|39/100\n|-unboost|p1a: Garchomp|spd|1\n|-enditem|p1a: Garchomp|White Herb\n|-clearnegativeboost|p1a: Garchomp|[silent]\n|\n|upkeep\n|turn|3\n|\n|t:|1776636857\n|move|p1b: Talonflame|Upper Hand|p2b: Kingambit\n|-supereffective|p2b: Kingambit|2\n|-damage|p2b: Kingambit|0 fnt\n|faint|p2b: Kingambit\n|move|p1a: Garchomp|Rock Slide|p2a: Delphox\n|-supereffective|p2a: Delphox|1\n|-damage|p2a: Delphox|17/100\n|cant|p2a: Delphox|flinch\n|\n|upkeep\n|\n|t:|1776636865\n|switch|p2b: Garchomp|Garchomp, L50, M|100/100\n|turn|4\n|\n|t:|1776636873\n|move|p2a: Delphox|Protect|p2a: Delphox\n|-singleturn|p2a: Delphox|Protect\n|move|p1b: Talonflame|Brave Bird|p2a: Delphox\n|-activate|p2a: Delphox|move: Protect\n|move|p1a: Garchomp|Dragon Claw|p2b: Garchomp\n|-supereffective|p2b: Garchomp|1\n|-damage|p2b: Garchomp|14/100\n|-damage|p1a: Garchomp|26/100|[from] ability: Rough Skin|[of] p2b: Garchomp\n|move|p2b: Garchomp|Rock Slide|p1a: Garchomp|[spread] p1a,p1b\n|-resisted|p1a: Garchomp|1\n|-supereffective|p1b: Talonflame|2\n|-damage|p1a: Garchomp|16/100\n|-damage|p1b: Talonflame|0 fnt\n|faint|p1b: Talonflame\n|\n|-sideend|p1: Pokeventurer|move: Tailwind\n|upkeep\n|\n|t:|1776636877\n|switch|p1b: Basculegion|Basculegion, L50, M|100/100\n|turn|5\n|\n|t:|1776636900\n|move|p1a: Garchomp|Protect|p1a: Garchomp\n|-singleturn|p1a: Garchomp|Protect\n|move|p1b: Basculegion|Flip Turn|p2b: Garchomp\n|-damage|p2b: Garchomp|0 fnt\n|-damage|p1b: Basculegion|88/100|[from] ability: Rough Skin|[of] p2b: Garchomp\n|faint|p2b: Garchomp\n|\n|t:|1776636907\n|switch|p1b: Kingambit|Kingambit, L50, F|100/100|[from] Flip Turn\n|move|p2a: Delphox|Psychic|p1a: Garchomp\n|-activate|p1a: Garchomp|move: Protect\n|\n|upkeep\n|-message|goobsheistmaster67 forfeited.\n|\n|win|Pokeventurer\n|raw|Pokeventurer's rating: 1507 &rarr; <strong>1531</strong><br />(+24 for winning)\n|raw|goobsheistmaster67's rating: 1575 &rarr; <strong>1551</strong><br />(-24 for losing)\n|l|\u2606goobsheistmaster67\n|player|p2|\n|l| we love marioparty\n",
  "uploadtime": 1776636919,
  "views": 15,
  "formatid": "gen9championsvgc2026regma",
  "rating": 1531,
  "private": 0,
  "password": null
}