{
  "id": "gen9championsvgc2026regma-2584030977",
  "format": "[Gen 9 Champions] VGC 2026 Reg M-A",
  "players": [
    "sebaas1g",
    "staejHTjhezn"
  ],
  "log": "|j|\u2606sebaas1g\n|j|\u2606staejHTjhezn\n|t:|1776218393\n|gametype|doubles\n|player|p1|sebaas1g|266|1079\n|player|p2|staejHTjhezn|gentleman-gen4|1000\n|gen|9\n|tier|[Gen 9 Champions] VGC 2026 Reg M-A\n|rated|\n|rule|Species Clause: Limit one of each Pok\u00e9mon\n|rule|Item Clause: Limit 1 of each item\n|clearpoke\n|poke|p1|Basculegion, L50, M|\n|poke|p1|Pelipper, L50, M|\n|poke|p1|Gallade, L50, M|\n|poke|p1|Incineroar, L50, M|\n|poke|p1|Sinistcha, L50|\n|poke|p1|Archaludon, L50, F|\n|poke|p2|Gengar, L50, F|\n|poke|p2|Lopunny, L50, M|\n|poke|p2|Whimsicott, L50, M|\n|poke|p2|Kingambit, L50, F|\n|poke|p2|Aerodactyl, L50, M|\n|poke|p2|Chandelure, L50, M|\n|teampreview|4\n|\n|t:|1776218415\n|teamsize|p1|4\n|teamsize|p2|4\n|start\n|switch|p1a: Pelipper|Pelipper, L50, M, shiny|100/100\n|switch|p1b: Incineroar|Incineroar, L50, M|100/100\n|switch|p2a: Lopunny|Lopunny, L50, M|100/100\n|switch|p2b: Aerodactyl|Aerodactyl, L50, M|100/100\n|-ability|p2b: Aerodactyl|Unnerve\n|-weather|RainDance|[from] ability: Drizzle|[of] p1a: Pelipper\n|-ability|p1b: Incineroar|Intimidate|boost\n|-unboost|p2a: Lopunny|atk|1\n|-unboost|p2b: Aerodactyl|atk|1\n|turn|1\n|\n|t:|1776218430\n|detailschange|p2a: Lopunny|Lopunny-Mega, L50, M\n|-mega|p2a: Lopunny|Lopunny|Lopunnite\n|move|p2a: Lopunny|Fake Out|p1a: Pelipper\n|-damage|p1a: Pelipper|80/100\n|move|p1b: Incineroar|Fake Out|p2b: Aerodactyl\n|-resisted|p2b: Aerodactyl|1\n|-damage|p2b: Aerodactyl|92/100\n|cant|p2b: Aerodactyl|flinch\n|cant|p1a: Pelipper|flinch\n|\n|-weather|RainDance|[upkeep]\n|upkeep\n|turn|2\n|\n|t:|1776218444\n|move|p2a: Lopunny|U-turn|p1b: Incineroar\n|-damage|p1b: Incineroar|86/100\n|\n|t:|1776218449\n|switch|p2a: Gengar|Gengar, L50, F|100/100|[from] U-turn\n|move|p2b: Aerodactyl|Tailwind|p2b: Aerodactyl\n|-sidestart|p2: staejHTjhezn|move: Tailwind\n|move|p1a: Pelipper|Tailwind|p1a: Pelipper\n|-sidestart|p1: sebaas1g|move: Tailwind\n|move|p1b: Incineroar|Parting Shot|p2a: Gengar\n|-unboost|p2a: Gengar|atk|1\n|-unboost|p2a: Gengar|spa|1\n|\n|t:|1776218458\n|switch|p1b: Basculegion|Basculegion, L50, M, shiny|100/100|[from] Parting Shot\n|\n|-weather|RainDance|[upkeep]\n|upkeep\n|turn|3\n|\n|t:|1776218471\n|move|p1b: Basculegion|Phantom Force||[still]\n|-prepare|p1b: Basculegion|Phantom Force\n|move|p2b: Aerodactyl|Rock Slide|p1a: Pelipper|[spread] p1a\n|-miss|p2b: Aerodactyl|p1b: Basculegion\n|-supereffective|p1a: Pelipper|1\n|-damage|p1a: Pelipper|25/100\n|move|p2a: Gengar|Shadow Ball|p1b: Basculegion|[miss]\n|-miss|p2a: Gengar|p1b: Basculegion\n|move|p1a: Pelipper|Weather Ball|p2b: Aerodactyl\n|-supereffective|p2b: Aerodactyl|1\n|-damage|p2b: Aerodactyl|0 fnt\n|faint|p2b: Aerodactyl\n|\n|-weather|RainDance|[upkeep]\n|upkeep\n|\n|t:|1776218484\n|switch|p2b: Chandelure|Chandelure, L50, M|100/100\n|turn|4\n|\n|t:|1776218500\n|move|p1b: Basculegion|Phantom Force|p2a: Gengar|[from] lockedmove\n|-supereffective|p2a: Gengar|1\n|-enditem|p2a: Gengar|Focus Sash\n|-damage|p2a: Gengar|1/100\n|-start|p1b: Basculegion|Disable|Phantom Force|[from] ability: Cursed Body|[of] p2a: Gengar\n|move|p2a: Gengar|Shadow Ball|p1a: Pelipper\n|-damage|p1a: Pelipper|0 fnt\n|faint|p1a: Pelipper\n|move|p2b: Chandelure|Shadow Ball|p1b: Basculegion\n|-supereffective|p1b: Basculegion|1\n|-damage|p1b: Basculegion|2/100\n|\n|-weather|RainDance|[upkeep]\n|upkeep\n|\n|t:|1776218513\n|switch|p1a: Incineroar|Incineroar, L50, M|86/100\n|-ability|p1a: Incineroar|Intimidate|boost\n|-unboost|p2a: Gengar|atk|1\n|-unboost|p2b: Chandelure|atk|1\n|turn|5\n|\n|t:|1776218536\n|switch|p2a: Lopunny|Lopunny-Mega, L50, M|100/100\n|move|p2b: Chandelure|Protect|p2b: Chandelure\n|-singleturn|p2b: Chandelure|Protect\n|move|p1b: Basculegion|Flip Turn|p2b: Chandelure\n|-activate|p2b: Chandelure|move: Protect\n|move|p1a: Incineroar|Darkest Lariat|p2b: Chandelure\n|-activate|p2b: Chandelure|move: Protect\n|\n|-weather|none\n|-sideend|p1: sebaas1g|move: Tailwind\n|-sideend|p2: staejHTjhezn|move: Tailwind\n|upkeep\n|turn|6\n|\n|t:|1776218556\n|move|p2a: Lopunny|Fake Out|p1b: Basculegion\n|-damage|p1b: Basculegion|0 fnt\n|faint|p1b: Basculegion\n|move|p2b: Chandelure|Substitute|p2b: Chandelure\n|-start|p2b: Chandelure|Substitute\n|-damage|p2b: Chandelure|75/100\n|move|p1a: Incineroar|Parting Shot|p2a: Lopunny\n|-unboost|p2a: Lopunny|atk|1\n|-unboost|p2a: Lopunny|spa|1\n|\n|t:|1776218564\n|switch|p1a: Gallade|Gallade, L50, M, shiny|100/100|[from] Parting Shot\n|\n|upkeep\n|\n|t:|1776218567\n|switch|p1b: Incineroar|Incineroar, L50, M|86/100\n|-ability|p1b: Incineroar|Intimidate|boost\n|-fail|p2a: Lopunny|unboost|Attack|[from] ability: Scrappy|[of] p2a: Lopunny\n|-immune|p2b: Chandelure\n|turn|7\n|\n|t:|1776218596\n|detailschange|p1a: Gallade|Gallade-Mega, L50, M, shiny\n|-mega|p1a: Gallade|Gallade|Galladite\n|move|p1a: Gallade|Protect|p1a: Gallade\n|-singleturn|p1a: Gallade|Protect\n|move|p2a: Lopunny|Close Combat|p1b: Incineroar\n|-supereffective|p1b: Incineroar|1\n|-damage|p1b: Incineroar|14/100\n|-unboost|p2a: Lopunny|def|1\n|-unboost|p2a: Lopunny|spd|1\n|-enditem|p1b: Incineroar|Sitrus Berry|[eat]\n|-heal|p1b: Incineroar|39/100|[from] item: Sitrus Berry\n|move|p2b: Chandelure|Shadow Ball|p1a: Gallade\n|-activate|p1a: Gallade|move: Protect\n|move|p1b: Incineroar|Darkest Lariat|p2b: Chandelure\n|-supereffective|p2b: Chandelure|1\n|-end|p2b: Chandelure|Substitute\n|\n|upkeep\n|turn|8\n|\n|t:|1776218617\n|move|p2b: Chandelure|Protect|p2b: Chandelure\n|-singleturn|p2b: Chandelure|Protect\n|move|p2a: Lopunny|Close Combat|p1b: Incineroar\n|-supereffective|p1b: Incineroar|1\n|-damage|p1b: Incineroar|0 fnt\n|-unboost|p2a: Lopunny|def|1\n|-unboost|p2a: Lopunny|spd|1\n|faint|p1b: Incineroar\n|move|p1a: Gallade|Zen Headbutt|p2a: Lopunny\n|-supereffective|p2a: Lopunny|1\n|-damage|p2a: Lopunny|0 fnt\n|faint|p2a: Lopunny\n|\n|upkeep\n|inactive|Battle timer is ON: inactive players will automatically lose when time's up. (requested by sebaas1g)\n|\n|t:|1776218622\n|switch|p2a: Gengar|Gengar, L50, F|1/100\n|turn|9\n|\n|t:|1776218640\n|move|p1a: Gallade|Zen Headbutt|p2b: Chandelure\n|-damage|p2b: Chandelure|6/100\n|move|p2a: Gengar|Destiny Bond|p2a: Gengar\n|-singlemove|p2a: Gengar|Destiny Bond\n|cant|p2b: Chandelure|flinch\n|\n|upkeep\n|turn|10\n|\n|t:|1776218652\n|move|p1a: Gallade|Protect|p1a: Gallade\n|-singleturn|p1a: Gallade|Protect\n|move|p2b: Chandelure|Protect|p2b: Chandelure\n|-singleturn|p2b: Chandelure|Protect\n|move|p2a: Gengar|Shadow Ball|p1a: Gallade\n|-activate|p1a: Gallade|move: Protect\n|\n|upkeep\n|turn|11\n|\n|t:|1776218666\n|move|p1a: Gallade|Zen Headbutt|p2b: Chandelure|[miss]\n|-miss|p1a: Gallade|p2b: Chandelure\n|move|p2a: Gengar|Shadow Ball|p1a: Gallade\n|-supereffective|p1a: Gallade|1\n|-damage|p1a: Gallade|8/100\n|move|p2b: Chandelure|Shadow Ball|p1a: Gallade\n|-supereffective|p1a: Gallade|1\n|-damage|p1a: Gallade|0 fnt\n|faint|p1a: Gallade\n|\n|win|staejHTjhezn\n|raw|sebaas1g's rating: 1079 &rarr; <strong>1052</strong><br />(-27 for losing)\n|raw|staejHTjhezn's rating: 1000 &rarr; <strong>1049</strong><br />(+49 for winning)\n",
  "uploadtime": 1776218684,
  "views": 17,
  "formatid": "gen9championsvgc2026regma",
  "rating": 1049,
  "private": 0,
  "password": null
}