{
  "id": "gen9championsvgc2026regma-2582534406",
  "format": "[Gen 9 Champions] VGC 2026 Reg M-A",
  "players": [
    "darkheart4010",
    "theilldigi"
  ],
  "log": "|j|\u2606darkheart4010\n|j|\u2606theilldigi\n|t:|1776097810\n|gametype|doubles\n|player|p1|darkheart4010|ingo|1053\n|player|p2|theilldigi|101|1058\n|gen|9\n|tier|[Gen 9 Champions] VGC 2026 Reg M-A\n|rated|\n|rule|Species Clause: Limit one of each Pok\u00e9mon\n|rule|Item Clause: Limit 1 of each item\n|clearpoke\n|poke|p1|Gengar, L50, M|\n|poke|p1|Kangaskhan, L50, F|\n|poke|p1|Meowscarada, L50, M|\n|poke|p1|Sandaconda, L50, M|\n|poke|p1|Whimsicott, L50, M|\n|poke|p1|Blastoise, L50, F|\n|poke|p2|Floette-Eternal, L50, F|\n|poke|p2|Aerodactyl, L50, M|\n|poke|p2|Incineroar, L50, M|\n|poke|p2|Garchomp, L50, M|\n|poke|p2|Charizard, L50, F|\n|poke|p2|Venusaur, L50, F|\n|teampreview|4\n|inactive|Battle timer is ON: inactive players will automatically lose when time's up. (requested by darkheart4010)\n|inactive|theilldigi has 60 seconds left.\n|\n|t:|1776097879\n|teamsize|p1|4\n|teamsize|p2|4\n|start\n|switch|p1a: Gengar|Gengar, L50, M|100/100\n|switch|p1b: Kangaskhan|Kangaskhan, L50, F|100/100\n|switch|p2a: Incineroar|Incineroar, L50, M|100/100\n|switch|p2b: Aerodactyl|Aerodactyl, L50, M|100/100\n|-ability|p2b: Aerodactyl|Unnerve\n|-ability|p2a: Incineroar|Intimidate|boost\n|-unboost|p1a: Gengar|atk|1\n|-fail|p1b: Kangaskhan|unboost|Attack|[from] ability: Scrappy|[of] p1b: Kangaskhan\n|turn|1\n|inactive|darkheart4010 has 30 seconds left.\n|\n|t:|1776097909\n|detailschange|p1a: Gengar|Gengar-Mega, L50, M\n|-mega|p1a: Gengar|Gengar|Gengarite\n|move|p2a: Incineroar|Fake Out|p1b: Kangaskhan\n|-damage|p1b: Kangaskhan|90/100\n|move|p2b: Aerodactyl|Tailwind|p2b: Aerodactyl\n|-sidestart|p2: theilldigi|move: Tailwind\n|move|p1a: Gengar|Perish Song|p1a: Gengar\n|-start|p1a: Gengar|perish3|[silent]\n|-start|p1b: Kangaskhan|perish3|[silent]\n|-start|p2a: Incineroar|perish3|[silent]\n|-start|p2b: Aerodactyl|perish3|[silent]\n|-fieldactivate|move: Perish Song\n|cant|p1b: Kangaskhan|flinch\n|\n|-start|p2b: Aerodactyl|perish3\n|-start|p2a: Incineroar|perish3\n|-start|p1b: Kangaskhan|perish3\n|-start|p1a: Gengar|perish3\n|upkeep\n|turn|2\n|inactive|darkheart4010 has 30 seconds left.\n|\n|t:|1776097936\n|switch|p1b: Meowscarada|Meowscarada, L50, M|100/100\n|move|p2b: Aerodactyl|Rock Slide|p1a: Gengar|[spread] p1a,p1b\n|-damage|p1a: Gengar|78/100\n|-damage|p1b: Meowscarada|58/100\n|move|p2a: Incineroar|Throat Chop|p1a: Gengar\n|-supereffective|p1a: Gengar|1\n|-crit|p1a: Gengar\n|-damage|p1a: Gengar|0 fnt\n|faint|p1a: Gengar\n|\n|-start|p2b: Aerodactyl|perish2\n|-start|p2a: Incineroar|perish2\n|upkeep\n|\n|t:|1776097942\n|switch|p1a: Sandaconda|Sandaconda, L50, M|100/100\n|turn|3\n|\n|t:|1776097966\n|switch|p2b: Charizard|Charizard, L50, F, shiny|100/100\n|move|p2a: Incineroar|Parting Shot|p1b: Meowscarada\n|-unboost|p1b: Meowscarada|atk|1\n|-unboost|p1b: Meowscarada|spa|1\n|\n|t:|1776097975\n|switch|p2a: Aerodactyl|Aerodactyl, L50, M|100/100|[from] Parting Shot\n|-ability|p2a: Aerodactyl|Unnerve\n|move|p1b: Meowscarada|Play Rough|p2b: Charizard\n|-start|p1b: Meowscarada|typechange|Fairy|[from] ability: Protean\n|-resisted|p2b: Charizard|1\n|-crit|p2b: Charizard\n|-damage|p2b: Charizard|61/100\n|move|p1a: Sandaconda|High Horsepower|p2a: Aerodactyl\n|-immune|p2a: Aerodactyl\n|\n|upkeep\n|turn|4\n|\n|t:|1776097993\n|move|p2a: Aerodactyl|Rock Slide|p1a: Sandaconda|[spread] p1a,p1b\n|-resisted|p1a: Sandaconda|1\n|-damage|p1a: Sandaconda|92/100\n|-damage|p1b: Meowscarada|14/100\n|-weather|Sandstorm|[from] ability: Sand Spit|[of] p1a: Sandaconda\n|move|p2b: Charizard|Heat Wave|p1a: Sandaconda|[spread] p1a,p1b\n|-damage|p1a: Sandaconda|51/100\n|-damage|p1b: Meowscarada|0 fnt\n|faint|p1b: Meowscarada\n|move|p1a: Sandaconda|Body Press|p2a: Aerodactyl\n|-damage|p2a: Aerodactyl|53/100\n|\n|-weather|Sandstorm|[upkeep]\n|-damage|p2b: Charizard|55/100|[from] Sandstorm\n|-heal|p1a: Sandaconda|57/100|[from] item: Leftovers\n|-sideend|p2: theilldigi|move: Tailwind\n|upkeep\n|\n|t:|1776097995\n|switch|p1b: Kangaskhan|Kangaskhan, L50, F|90/100\n|turn|5\n|\n|t:|1776098012\n|detailschange|p2b: Charizard|Charizard-Mega-Y, L50, F, shiny\n|-mega|p2b: Charizard|Charizard|Charizardite Y\n|-weather|SunnyDay|[from] ability: Drought|[of] p2b: Charizard\n|move|p2a: Aerodactyl|Tailwind|p2a: Aerodactyl\n|-sidestart|p2: theilldigi|move: Tailwind\n|move|p2b: Charizard|Weather Ball|p1a: Sandaconda\n|-damage|p1a: Sandaconda|0 fnt\n|-weather|Sandstorm|[from] ability: Sand Spit|[of] p1a: Sandaconda\n|faint|p1a: Sandaconda\n|move|p1b: Kangaskhan|Thunder Punch|p2b: Charizard\n|-supereffective|p2b: Charizard|1\n|-damage|p2b: Charizard|0 fnt\n|faint|p2b: Charizard\n|\n|-weather|Sandstorm|[upkeep]\n|-damage|p1b: Kangaskhan|83/100|[from] Sandstorm\n|upkeep\n|\n|t:|1776098021\n|switch|p2b: Incineroar|Incineroar, L50, M|100/100\n|-ability|p2b: Incineroar|Intimidate|boost\n|-fail|p1b: Kangaskhan|unboost|Attack|[from] ability: Scrappy|[of] p1b: Kangaskhan\n|turn|6\n|\n|t:|1776098030\n|move|p2b: Incineroar|Fake Out|p1b: Kangaskhan\n|-damage|p1b: Kangaskhan|73/100\n|move|p2a: Aerodactyl|Rock Slide|p1b: Kangaskhan\n|-damage|p1b: Kangaskhan|40/100\n|cant|p1b: Kangaskhan|flinch\n|\n|-weather|Sandstorm|[upkeep]\n|-damage|p2b: Incineroar|95/100|[from] Sandstorm\n|-damage|p1b: Kangaskhan|33/100|[from] Sandstorm\n|upkeep\n|turn|7\n|-message|darkheart4010 forfeited.\n|\n|win|theilldigi\n",
  "uploadtime": 1776097813,
  "views": 14,
  "formatid": "gen9championsvgc2026regma",
  "rating": null,
  "private": 0,
  "password": null
}