{
  "id": "gen9championsvgc2026regma-2584802168",
  "format": "[Gen 9 Champions] VGC 2026 Reg M-A",
  "players": [
    "LogOffBroseph",
    "sydden1"
  ],
  "log": "|j|\u2606LogOffBroseph\n|j|\u2606sydden1\n|t:|1776284731\n|gametype|doubles\n|player|p1|LogOffBroseph|102|1200\n|player|p2|sydden1|steven|1103\n|gen|9\n|tier|[Gen 9 Champions] VGC 2026 Reg M-A\n|rated|\n|rule|Species Clause: Limit one of each Pok\u00e9mon\n|rule|Item Clause: Limit 1 of each item\n|clearpoke\n|poke|p1|Glimmora, L50, M|\n|poke|p1|Talonflame, L50, F|\n|poke|p1|Archaludon, L50, F|\n|poke|p1|Sinistcha-Masterpiece, L50|\n|poke|p1|Gardevoir, L50, M|\n|poke|p1|Kommo-o, L50, M|\n|poke|p2|Floette-Eternal, L50, F|\n|poke|p2|Incineroar, L50, F|\n|poke|p2|Garchomp, L50, M|\n|poke|p2|Aerodactyl, L50, M|\n|poke|p2|Rotom-Wash, L50|\n|poke|p2|Sneasler, L50, M|\n|teampreview|4\n|\n|t:|1776284760\n|teamsize|p1|4\n|teamsize|p2|4\n|start\n|switch|p1a: Talonflame|Talonflame, L50, F|100/100\n|switch|p1b: Glimmora|Glimmora, L50, M|100/100\n|switch|p2a: Rotom|Rotom-Wash, L50|100/100\n|switch|p2b: Garchomp|Garchomp, L50, M|100/100\n|turn|1\n|inactive|Battle timer is ON: inactive players will automatically lose when time's up. (requested by LogOffBroseph)\n|\n|t:|1776284772\n|move|p1a: Talonflame|Protect|p1a: Talonflame\n|-singleturn|p1a: Talonflame|Protect\n|move|p1b: Glimmora|Spiky Shield|p1b: Glimmora\n|-singleturn|p1b: Glimmora|move: Protect\n|move|p2b: Garchomp|Earthquake|p1b: Glimmora|[spread] \n|-activate|p1a: Talonflame|move: Protect\n|-activate|p1b: Glimmora|move: Protect\n|-immune|p2a: Rotom|[from] ability: Levitate\n|move|p2a: Rotom|Thunderbolt|p1a: Talonflame\n|-activate|p1a: Talonflame|move: Protect\n|\n|upkeep\n|turn|2\n|inactive|LogOffBroseph has 30 seconds left.\n|\n|t:|1776284800\n|switch|p1b: Sinistcha|Sinistcha-Masterpiece, L50|100/100\n|move|p1a: Talonflame|Tailwind|p1a: Talonflame\n|-sidestart|p1: LogOffBroseph|move: Tailwind\n|move|p2b: Garchomp|Earthquake|p1b: Sinistcha|[spread] p1b\n|-immune|p2a: Rotom|[from] ability: Levitate\n|-immune|p1a: Talonflame\n|-resisted|p1b: Sinistcha|1\n|-crit|p1b: Sinistcha\n|-damage|p1b: Sinistcha|65/100\n|move|p2a: Rotom|Thunderbolt|p1a: Talonflame\n|-supereffective|p1a: Talonflame|1\n|-enditem|p1a: Talonflame|Focus Sash\n|-damage|p1a: Talonflame|1/100\n|-status|p1a: Talonflame|par\n|\n|upkeep\n|turn|3\n|inactive|sydden1 has 30 seconds left.\n|\n|t:|1776284834\n|move|p1b: Sinistcha|Calm Mind|p1b: Sinistcha\n|-boost|p1b: Sinistcha|spa|1\n|-boost|p1b: Sinistcha|spd|1\n|cant|p1a: Talonflame|par\n|move|p2b: Garchomp|Dragon Claw|p1b: Sinistcha\n|-crit|p1b: Sinistcha\n|-damage|p1b: Sinistcha|0 fnt\n|faint|p1b: Sinistcha\n|move|p2a: Rotom|Volt Switch|p1a: Talonflame\n|-supereffective|p1a: Talonflame|1\n|-damage|p1a: Talonflame|0 fnt\n|faint|p1a: Talonflame\n|\n|t:|1776284846\n|switch|p2a: Floette|Floette-Eternal, L50, F|100/100|[from] Volt Switch\n|\n|upkeep\n|c|\u2606LogOffBroseph|It\u2019s ok right? XD\n|\n|t:|1776284859\n|switch|p1a: Glimmora|Glimmora, L50, M|100/100\n|switch|p1b: Kommo-o|Kommo-o, L50, M|100/100\n|turn|4\n|\n|t:|1776284868\n|detailschange|p1a: Glimmora|Glimmora-Mega, L50, M\n|-mega|p1a: Glimmora|Glimmora|Glimmoranite\n|detailschange|p2a: Floette|Floette-Mega, L50, F\n|-mega|p2a: Floette|Floette|Floettite\n|-ability|p2a: Floette|Fairy Aura\n|move|p1a: Glimmora|Sludge Wave|p2a: Floette|[spread] p1b,p2a,p2b\n|-supereffective|p2a: Floette|1\n|-resisted|p2b: Garchomp|1\n|-damage|p1b: Kommo-o|44/100\n|-damage|p2a: Floette|0 fnt\n|-damage|p2b: Garchomp|66/100\n|-status|p2b: Garchomp|psn\n|-enditem|p1b: Kommo-o|Sitrus Berry|[eat]\n|-heal|p1b: Kommo-o|69/100|[from] item: Sitrus Berry\n|faint|p2a: Floette\n|move|p1b: Kommo-o|Aura Sphere|p2b: Garchomp\n|-damage|p2b: Garchomp|36/100 psn\n|move|p2b: Garchomp|Dragon Claw|p1b: Kommo-o\n|-supereffective|p1b: Kommo-o|1\n|-damage|p1b: Kommo-o|0 fnt\n|faint|p1b: Kommo-o\n|\n|-damage|p2b: Garchomp|23/100 psn|[from] psn\n|upkeep\n|\n|t:|1776284888\n|switch|p2a: Rotom|Rotom-Wash, L50|100/100\n|turn|5\n|\n|t:|1776284893\n|move|p1a: Glimmora|Sludge Wave|p2b: Garchomp|[spread] p2a,p2b\n|-resisted|p2b: Garchomp|1\n|-damage|p2a: Rotom|32/100\n|-damage|p2b: Garchomp|0 fnt\n|faint|p2b: Garchomp\n|move|p2a: Rotom|Hydro Pump|p1a: Glimmora|[miss]\n|-miss|p2a: Rotom|p1a: Glimmora\n|\n|-sideend|p1: LogOffBroseph|move: Tailwind\n|upkeep\n|\n|t:|1776284901\n|switch|p2b: Incineroar|Incineroar, L50, F|100/100\n|-ability|p2b: Incineroar|Intimidate|boost\n|-unboost|p1a: Glimmora|atk|1\n|turn|6\n|\n|t:|1776284907\n|move|p1a: Glimmora|Spiky Shield|p1a: Glimmora\n|-singleturn|p1a: Glimmora|move: Protect\n|move|p2b: Incineroar|Fake Out|p1a: Glimmora\n|-activate|p1a: Glimmora|move: Protect\n|-damage|p2b: Incineroar|88/100|[from] Spiky Shield|[of] p1a: Glimmora\n|move|p2a: Rotom|Hydro Pump|p1a: Glimmora\n|-activate|p1a: Glimmora|move: Protect\n|\n|upkeep\n|turn|7\n|\n|t:|1776284919\n|move|p2b: Incineroar|Helping Hand|p2a: Rotom\n|-singleturn|p2a: Rotom|Helping Hand|[of] p2b: Incineroar\n|move|p1a: Glimmora|Sludge Wave|p2b: Incineroar|[spread] p2a,p2b\n|-damage|p2a: Rotom|0 fnt\n|-damage|p2b: Incineroar|45/100\n|-enditem|p2b: Incineroar|Sitrus Berry|[eat]\n|-heal|p2b: Incineroar|69/100|[from] item: Sitrus Berry\n|faint|p2a: Rotom\n|\n|upkeep\n|turn|8\n|\n|t:|1776284929\n|move|p1a: Glimmora|Power Gem|p2b: Incineroar\n|-supereffective|p2b: Incineroar|1\n|-damage|p2b: Incineroar|0 fnt\n|faint|p2b: Incineroar\n|\n|win|LogOffBroseph\n|raw|LogOffBroseph's rating: 1200 &rarr; <strong>1218</strong><br />(+18 for winning)\n|raw|sydden1's rating: 1103 &rarr; <strong>1085</strong><br />(-18 for losing)\n|l|\u2606sydden1\n|player|p2|\n",
  "uploadtime": 1776284938,
  "views": 19,
  "formatid": "gen9championsvgc2026regma",
  "rating": 1085,
  "private": 0,
  "password": null
}