{
  "id": "gen9championsvgc2026regma-2581670376",
  "format": "[Gen 9 Champions] VGC 2026 Reg M-A",
  "players": [
    "Wearied",
    "yuxers"
  ],
  "log": "|j|\u2606Wearied\n|j|\u2606yuxers\n|t:|1776019463\n|gametype|doubles\n|player|p1|Wearied|169|\n|player|p2|yuxers|acetrainerf-gen4dp|\n|gen|9\n|tier|[Gen 9 Champions] VGC 2026 Reg M-A\n|rule|Species Clause: Limit one of each Pok\u00e9mon\n|rule|Item Clause: Limit 1 of each item\n|clearpoke\n|poke|p1|Crabominable, L50, F|\n|poke|p1|Ninetales-Alola, L50, M|\n|poke|p1|Weavile, L50, M|\n|poke|p1|Feraligatr, L50, M|\n|poke|p1|Pelipper, L50, M|\n|poke|p1|Primarina, L50, F|\n|poke|p2|Raichu, L50, M|\n|poke|p2|Whimsicott, L50, F|\n|poke|p2|Maushold-Four, L50|\n|poke|p2|Pelipper, L50, M|\n|poke|p2|Greninja-*, L50, F|\n|poke|p2|Palafin, L50, M|\n|teampreview|4\n|j| Ghastomight\n|\n|t:|1776019478\n|teamsize|p1|4\n|teamsize|p2|4\n|start\n|switch|p1a: Crabominable|Crabominable, L50, F|100/100\n|switch|p1b: Ninetales|Ninetales-Alola, L50, M|100/100\n|switch|p2a: Maushold|Maushold-Four, L50|100/100\n|switch|p2b: Whimsicott|Whimsicott, L50, F|100/100\n|-weather|Snowscape|[from] ability: Snow Warning|[of] p1b: Ninetales\n|turn|1\n|\n|t:|1776019546\n|switch|p2a: Raichu|Raichu, L50, M|100/100\n|detailschange|p1a: Crabominable|Crabominable-Mega, L50, F\n|-mega|p1a: Crabominable|Crabominable|Crabominite\n|move|p2b: Whimsicott|Tailwind|p2b: Whimsicott\n|-sidestart|p2: yuxers|move: Tailwind\n|move|p1a: Crabominable|Mach Punch|p2a: Raichu\n|-damage|p2a: Raichu|26/100\n|-status|p1a: Crabominable|par|[from] ability: Static|[of] p2a: Raichu\n|move|p1b: Ninetales|Aurora Veil|p1b: Ninetales\n|-sidestart|p1: Wearied|move: Aurora Veil\n|\n|-weather|Snowscape|[upkeep]\n|upkeep\n|turn|2\n|\n|t:|1776019572\n|cant|p1a: Crabominable|par\n|move|p2a: Raichu|Thunder|p1a: Crabominable\n|-damage|p1a: Crabominable|66/100 par\n|move|p2b: Whimsicott|Dazzling Gleam|p1a: Crabominable|[spread] p1a,p1b\n|-supereffective|p1a: Crabominable|1\n|-damage|p1a: Crabominable|38/100 par\n|-damage|p1b: Ninetales|82/100\n|move|p1b: Ninetales|Blizzard|p2b: Whimsicott|[spread] p2a,p2b\n|-supereffective|p2b: Whimsicott|1\n|-damage|p2a: Raichu|0 fnt\n|-damage|p2b: Whimsicott|0 fnt\n|faint|p2a: Raichu\n|faint|p2b: Whimsicott\n|\n|-weather|Snowscape|[upkeep]\n|upkeep\n|\n|t:|1776019585\n|switch|p2a: Maushold|Maushold-Four, L50|100/100\n|switch|p2b: Greninja|Greninja, L50, F|100/100\n|turn|3\n|\n|t:|1776019619\n|detailschange|p2b: Greninja|Greninja-Mega, L50, F\n|-mega|p2b: Greninja|Greninja|Greninjite\n|move|p2b: Greninja|Protect|p2b: Greninja\n|-start|p2b: Greninja|typechange|Normal|[from] ability: Protean\n|-singleturn|p2b: Greninja|Protect\n|move|p1a: Crabominable|Mach Punch|p2a: Maushold\n|-supereffective|p2a: Maushold|1\n|-damage|p2a: Maushold|0 fnt\n|faint|p2a: Maushold\n|move|p1b: Ninetales|Dazzling Gleam|p2b: Greninja\n|-activate|p2b: Greninja|move: Protect\n|\n|-weather|Snowscape|[upkeep]\n|upkeep\n|turn|4\n|\n|t:|1776019639\n|switch|p1b: Primarina|Primarina, L50, F|100/100\n|move|p1a: Crabominable|Protect|p1a: Crabominable\n|-singleturn|p1a: Crabominable|Protect\n|move|p2b: Greninja|Surf|p1b: Primarina|[spread] p1b\n|-activate|p1a: Crabominable|move: Protect\n|-resisted|p1b: Primarina|1\n|-damage|p1b: Primarina|92/100\n|\n|-weather|Snowscape|[upkeep]\n|-sideend|p2: yuxers|move: Tailwind\n|upkeep\n|turn|5\n|\n|t:|1776019652\n|switch|p1a: Weavile|Weavile, L50, M|100/100\n|-ability|p1a: Weavile|Pressure\n|move|p2b: Greninja|Surf|p1b: Primarina|[spread] p1a,p1b\n|-resisted|p1b: Primarina|1\n|-damage|p1a: Weavile|76/100\n|-damage|p1b: Primarina|84/100\n|move|p1b: Primarina|Perish Song|p1b: Primarina\n|-start|p1a: Weavile|perish3|[silent]\n|-start|p1b: Primarina|perish3|[silent]\n|-start|p2b: Greninja|perish3|[silent]\n|-fieldactivate|move: Perish Song\n|\n|-weather|none\n|-start|p2b: Greninja|perish3\n|-start|p1a: Weavile|perish3\n|-start|p1b: Primarina|perish3\n|-sideend|p1: Wearied|move: Aurora Veil\n|upkeep\n|turn|6\n|\n|t:|1776019674\n|move|p2b: Greninja|Protect|p2b: Greninja\n|-singleturn|p2b: Greninja|Protect\n|move|p1a: Weavile|Fake Out|p2b: Greninja\n|-activate|p2b: Greninja|move: Protect\n|move|p1b: Primarina|Encore|p2b: Greninja\n|-activate|p2b: Greninja|move: Protect\n|\n|-start|p2b: Greninja|perish2\n|-start|p1a: Weavile|perish2\n|-start|p1b: Primarina|perish2\n|upkeep\n|turn|7\n|\n|t:|1776019686\n|switch|p1a: Ninetales|Ninetales-Alola, L50, M|82/100\n|-weather|Snowscape|[from] ability: Snow Warning|[of] p1a: Ninetales\n|move|p2b: Greninja|Protect||[still]\n|-fail|p2b: Greninja\n|move|p1b: Primarina|Encore|p2b: Greninja\n|-start|p2b: Greninja|Encore\n|\n|-weather|Snowscape|[upkeep]\n|-start|p2b: Greninja|perish1\n|-start|p1b: Primarina|perish1\n|upkeep\n|turn|8\n|\n|t:|1776019701\n|switch|p1b: Weavile|Weavile, L50, M|76/100\n|-ability|p1b: Weavile|Pressure\n|move|p2b: Greninja|Protect|p2b: Greninja\n|-singleturn|p2b: Greninja|Protect\n|move|p1a: Ninetales|Aurora Veil|p1a: Ninetales\n|-sidestart|p1: Wearied|move: Aurora Veil\n|\n|-weather|Snowscape|[upkeep]\n|-start|p2b: Greninja|perish0\n|faint|p2b: Greninja\n|\n|win|Wearied\n|l| Ghastomight\n|l|\u2606yuxers\n|player|p2|\n",
  "uploadtime": 1776019749,
  "views": 19,
  "formatid": "gen9championsvgc2026regma",
  "rating": null,
  "private": 0,
  "password": null
}