{
  "id": "gen9championsvgc2026regma-2583425299",
  "format": "[Gen 9 Champions] VGC 2026 Reg M-A",
  "players": [
    "texiha",
    "Mask4M"
  ],
  "log": "|j|\u2606texiha\n|j|\u2606Mask4M\n|t:|1776174804\n|gametype|doubles\n|player|p1|texiha|266|1092\n|player|p2|Mask4M|101|1123\n|gen|9\n|tier|[Gen 9 Champions] VGC 2026 Reg M-A\n|rated|\n|rule|Species Clause: Limit one of each Pok\u00e9mon\n|rule|Item Clause: Limit 1 of each item\n|clearpoke\n|poke|p1|Talonflame, L50, F|\n|poke|p1|Politoed, L50, M|\n|poke|p1|Blastoise, L50, F|\n|poke|p1|Raichu, L50, F|\n|poke|p1|Sinistcha, L50|\n|poke|p1|Tinkaton, L50, F|\n|poke|p2|Glimmora, L50, M|\n|poke|p2|Meganium, L50, F|\n|poke|p2|Sneasler, L50, F|\n|poke|p2|Incineroar, L50, M|\n|poke|p2|Whimsicott, L50, F|\n|poke|p2|Gyarados, L50, F|\n|teampreview|4\n|inactive|Battle timer is ON: inactive players will automatically lose when time's up. (requested by Mask4M)\nMask4M has agreed to open team sheets.\n|inactive|Mask4M has 60 seconds left.\ntexiha rejected open team sheets.\n|c|\u2606texiha|usually do teamsheets but champions doesnt have it which is still weird to me\n|inactive|Mask4M has 30 seconds left.\n|\n|t:|1776174871\n|teamsize|p1|4\n|teamsize|p2|4\n|start\n|switch|p1a: Talonflame|Talonflame, L50, F|100/100\n|switch|p1b: Tinkaton|Tinkaton, L50, F|100/100\n|switch|p2a: Glimmora|Glimmora, L50, M|100/100\n|switch|p2b: Whimsicott|Whimsicott, L50, F|100/100\n|turn|1\n|\n|t:|1776174892\n|move|p1b: Tinkaton|Fake Out|p2b: Whimsicott\n|-damage|p2b: Whimsicott|89/100\n|move|p1a: Talonflame|Tailwind|p1a: Talonflame\n|-sidestart|p1: texiha|move: Tailwind\n|cant|p2b: Whimsicott|flinch\n|move|p2a: Glimmora|Power Gem|p1a: Talonflame\n|-supereffective|p1a: Talonflame|2\n|-enditem|p1a: Talonflame|Focus Sash\n|-damage|p1a: Talonflame|1/100\n|\n|upkeep\n|turn|2\n|inactive|Mask4M has 30 seconds left.\n|\n|t:|1776174925\n|move|p1a: Talonflame|Protect|p1a: Talonflame\n|-singleturn|p1a: Talonflame|Protect\n|move|p2b: Whimsicott|Encore|p1a: Talonflame\n|-activate|p1a: Talonflame|move: Protect\n|move|p1b: Tinkaton|Gigaton Hammer|p2b: Whimsicott\n|-supereffective|p2b: Whimsicott|1\n|-damage|p2b: Whimsicott|0 fnt\n|faint|p2b: Whimsicott\n|move|p2a: Glimmora|Earth Power|p1b: Tinkaton\n|-supereffective|p1b: Tinkaton|1\n|-damage|p1b: Tinkaton|39/100\n|-unboost|p1b: Tinkaton|spd|1\n|\n|-heal|p1b: Tinkaton|45/100|[from] item: Leftovers\n|upkeep\n|\n|t:|1776174939\n|switch|p2b: Gyarados|Gyarados, L50, F|100/100\n|-ability|p2b: Gyarados|Intimidate|boost\n|-unboost|p1a: Talonflame|atk|1\n|-fail|p1b: Tinkaton|unboost|Attack|[from] ability: Own Tempo|[of] p1b: Tinkaton\n|turn|3\n|inactive|Mask4M has 30 seconds left.\n|inactive|Mask4M has 20 seconds left.\n|inactive|Mask4M has 15 seconds left.\n|inactive|Mask4M has 10 seconds left.\n|\n|t:|1776174988\n|move|p2b: Gyarados|Helping Hand|p2a: Glimmora\n|-singleturn|p2a: Glimmora|Helping Hand|[of] p2b: Gyarados\n|move|p1b: Tinkaton|Protect|p1b: Tinkaton\n|-singleturn|p1b: Tinkaton|Protect\n|move|p1a: Talonflame|Brave Bird|p2b: Gyarados\n|-damage|p2b: Gyarados|67/100\n|-damage|p1a: Talonflame|0 fnt|[from] Recoil\n|faint|p1a: Talonflame\n|move|p2a: Glimmora|Sludge Bomb|p1b: Tinkaton\n|-activate|p1b: Tinkaton|move: Protect\n|\n|-heal|p1b: Tinkaton|51/100|[from] item: Leftovers\n|-heal|p2b: Gyarados|73/100|[from] item: Leftovers\n|upkeep\n|\n|t:|1776175002\n|switch|p1a: Blastoise|Blastoise, L50, F|100/100\n|turn|4\n|\n|t:|1776175015\n|detailschange|p1a: Blastoise|Blastoise-Mega, L50, F\n|-mega|p1a: Blastoise|Blastoise|Blastoisinite\n|move|p2a: Glimmora|Spiky Shield|p2a: Glimmora\n|-singleturn|p2a: Glimmora|move: Protect\n|move|p2b: Gyarados|Protect|p2b: Gyarados\n|-singleturn|p2b: Gyarados|Protect\n|move|p1b: Tinkaton|Gigaton Hammer|p2b: Gyarados\n|-activate|p2b: Gyarados|move: Protect\n|move|p1a: Blastoise|Water Spout|p2a: Glimmora|[spread] \n|-activate|p2a: Glimmora|move: Protect\n|-activate|p2b: Gyarados|move: Protect\n|\n|-heal|p1b: Tinkaton|57/100|[from] item: Leftovers\n|-heal|p2b: Gyarados|79/100|[from] item: Leftovers\n|-sideend|p1: texiha|move: Tailwind\n|upkeep\n|turn|5\n|inactive|Mask4M has 30 seconds left.\n|\n|t:|1776175043\n|move|p2a: Glimmora|Sludge Bomb|p1a: Blastoise\n|-damage|p1a: Blastoise|58/100\n|-status|p1a: Blastoise|psn\n|move|p1b: Tinkaton|Play Rough|p2b: Gyarados\n|-damage|p2b: Gyarados|45/100\n|-unboost|p2b: Gyarados|atk|1\n|move|p2b: Gyarados|Waterfall|p1b: Tinkaton\n|-damage|p1b: Tinkaton|31/100\n|move|p1a: Blastoise|Water Spout|p2a: Glimmora|[spread] p2a,p2b\n|-supereffective|p2a: Glimmora|1\n|-resisted|p2b: Gyarados|1\n|-damage|p2a: Glimmora|0 fnt\n|-damage|p2b: Gyarados|33/100\n|faint|p2a: Glimmora\n|\n|-heal|p1b: Tinkaton|38/100|[from] item: Leftovers\n|-heal|p2b: Gyarados|39/100|[from] item: Leftovers\n|-damage|p1a: Blastoise|46/100 psn|[from] psn\n|upkeep\n|\n|t:|1776175056\n|switch|p2a: Meganium|Meganium, L50, F|100/100\n|turn|6\n|inactive|texiha has 30 seconds left.\n|inactive|Mask4M has 30 seconds left.\n|inactive|Mask4M has 20 seconds left.\n|inactive|Mask4M has 15 seconds left.\n|inactive|Mask4M has 10 seconds left.\n|\n|t:|1776175102\n|detailschange|p2a: Meganium|Meganium-Mega, L50, F\n|-mega|p2a: Meganium|Meganium|Meganiumite\n|move|p1b: Tinkaton|Gigaton Hammer|p2a: Meganium\n|-supereffective|p2a: Meganium|1\n|-damage|p2a: Meganium|0 fnt\n|faint|p2a: Meganium\n|move|p2b: Gyarados|Waterfall|p1a: Blastoise\n|-resisted|p1a: Blastoise|1\n|-damage|p1a: Blastoise|36/100 psn\n|move|p1a: Blastoise|Dragon Pulse|p2b: Gyarados\n|-damage|p2b: Gyarados|5/100\n|\n|-heal|p1b: Tinkaton|44/100|[from] item: Leftovers\n|-heal|p2b: Gyarados|11/100|[from] item: Leftovers\n|-damage|p1a: Blastoise|24/100 psn|[from] psn\n|upkeep\n|turn|7\n|c|\u2606Mask4M|gg\n|-message|Mask4M forfeited.\n|\n|win|texiha\n|raw|texiha's rating: 1092 &rarr; <strong>1121</strong><br />(+29 for winning)\n|raw|Mask4M's rating: 1123 &rarr; <strong>1096</strong><br />(-27 for losing)\n",
  "uploadtime": 1776175119,
  "views": 15,
  "formatid": "gen9championsvgc2026regma",
  "rating": 1096,
  "private": 0,
  "password": null
}