{
  "id": "gen9championsvgc2026regma-2588901228",
  "format": "[Gen 9 Champions] VGC 2026 Reg M-A",
  "players": [
    "iccr",
    "miquellapolis"
  ],
  "log": "|j|\u2606iccr\n|j|\u2606miquellapolis\n|t:|1776684059\n|gametype|doubles\n|player|p1|iccr|265|1236\n|player|p2|miquellapolis|clair|1334\n|gen|9\n|tier|[Gen 9 Champions] VGC 2026 Reg M-A\n|rated|\n|rule|Species Clause: Limit one of each Pok\u00e9mon\n|rule|Item Clause: Limit 1 of each item\n|clearpoke\n|poke|p1|Sinistcha-Masterpiece, L50|\n|poke|p1|Oranguru, L50, F|\n|poke|p1|Torkoal, L50, M|\n|poke|p1|Crabominable, L50, M, shiny|\n|poke|p1|Drampa, L50, M|\n|poke|p1|Kingambit, L50, M, shiny|\n|poke|p2|Mudsdale, L50, M, shiny|\n|poke|p2|Gengar, L50, F|\n|poke|p2|Whimsicott, L50, M|\n|poke|p2|Rotom-Wash, L50|\n|poke|p2|Arcanine-Hisui, L50, F|\n|poke|p2|Kingambit, L50, F|\n|teampreview|4\n|inactive|Battle timer is ON: inactive players will automatically lose when time's up. (requested by miquellapolis)\n|\n|t:|1776684087\n|teamsize|p1|4\n|teamsize|p2|4\n|start\n|switch|p1a: Sinistcha|Sinistcha-Masterpiece, L50|100/100\n|switch|p1b: Oranguru|Oranguru, L50, F|100/100\n|switch|p2a: Gengar|Gengar, L50, F|100/100\n|switch|p2b: Mudsdale|Mudsdale, L50, M, shiny|100/100\n|turn|1\n|inactive|iccr has 30 seconds left.\n|\n|t:|1776684119\n|detailschange|p2a: Gengar|Gengar-Mega, L50, F\n|-mega|p2a: Gengar|Gengar|Gengarite\n|move|p1a: Sinistcha|Rage Powder|p1a: Sinistcha\n|-singleturn|p1a: Sinistcha|move: Rage Powder\n|move|p2a: Gengar|Shadow Ball|p1a: Sinistcha\n|-supereffective|p1a: Sinistcha|1\n|-enditem|p1a: Sinistcha|Focus Sash\n|-damage|p1a: Sinistcha|1/100\n|-unboost|p1a: Sinistcha|spd|1\n|move|p2b: Mudsdale|Roar|p1a: Sinistcha\n|drag|p1a: Crabominable|Crabominable, L50, M, shiny|100/100\n|move|p1b: Oranguru|Trick Room|p1b: Oranguru\n|-fieldstart|move: Trick Room|[of] p1b: Oranguru\n|\n|upkeep\n|turn|2\n|inactive|iccr has 30 seconds left.\n|inactive|miquellapolis has 30 seconds left.\n|\n|t:|1776684147\n|switch|p2b: Rotom|Rotom-Wash, L50|100/100\n|move|p2a: Gengar|Protect|p2a: Gengar\n|-singleturn|p2a: Gengar|Protect\n|move|p1a: Crabominable|Ice Punch|p2a: Gengar\n|-activate|p2a: Gengar|move: Protect\n|move|p1b: Oranguru|Instruct|p1a: Crabominable\n|-singleturn|p1a: Crabominable|move: Instruct|[of] p1b: Oranguru\n|move|p1a: Crabominable|Ice Punch|p2a: Gengar\n|-activate|p2a: Gengar|move: Protect\n|\n|upkeep\n|turn|3\n|\n|t:|1776684172\n|switch|p2a: Arcanine|Arcanine-Hisui, L50, F|100/100\n|-ability|p2a: Arcanine|Intimidate|boost\n|-fail|p1a: Crabominable|unboost|Attack|[from] ability: Hyper Cutter|[of] p1a: Crabominable\n|-fail|p1b: Oranguru|unboost|Attack|[from] ability: Inner Focus|[of] p1b: Oranguru\n|move|p1a: Crabominable|Ice Punch|p2a: Arcanine\n|-resisted|p2a: Arcanine|1\n|-damage|p2a: Arcanine|77/100\n|move|p1b: Oranguru|Instruct||[still]\n|-fail|p1b: Oranguru\n|move|p2b: Rotom|Volt Switch|p1a: Crabominable\n|-damage|p1a: Crabominable|69/100\n|\n|t:|1776684191\n|switch|p2b: Mudsdale|Mudsdale, L50, M, shiny|100/100|[from] Volt Switch\n|\n|upkeep\n|turn|4\n|\n|t:|1776684200\n|detailschange|p1a: Crabominable|Crabominable-Mega, L50, M, shiny\n|-mega|p1a: Crabominable|Crabominable|Crabominite\n|move|p1a: Crabominable|Drain Punch|p2a: Arcanine\n|-supereffective|p2a: Arcanine|1\n|-enditem|p2a: Arcanine|Chople Berry|[eat]\n|-enditem|p2a: Arcanine|Chople Berry|[weaken]\n|-damage|p2a: Arcanine|9/100\n|-heal|p1a: Crabominable|99/100|[from] drain|[of] p2a: Arcanine\n|move|p2b: Mudsdale|Heavy Slam|p1a: Crabominable\n|-supereffective|p1a: Crabominable|1\n|-damage|p1a: Crabominable|62/100\n|move|p1b: Oranguru|Instruct|p1a: Crabominable\n|-singleturn|p1a: Crabominable|move: Instruct|[of] p1b: Oranguru\n|move|p1a: Crabominable|Drain Punch|p2a: Arcanine\n|-supereffective|p2a: Arcanine|1\n|-damage|p2a: Arcanine|0 fnt\n|-heal|p1a: Crabominable|66/100|[from] drain|[of] p2a: Arcanine\n|faint|p2a: Arcanine\n|\n|upkeep\n|\n|t:|1776684215\n|switch|p2a: Gengar|Gengar-Mega, L50, F|100/100\n|turn|5\n|\n|t:|1776684227\n|move|p2a: Gengar|Protect|p2a: Gengar\n|-singleturn|p2a: Gengar|Protect\n|move|p1a: Crabominable|Drain Punch|p2b: Mudsdale\n|-damage|p2b: Mudsdale|50/100\n|-heal|p1a: Crabominable|92/100|[from] drain|[of] p2b: Mudsdale\n|-enditem|p2b: Mudsdale|Sitrus Berry|[eat]\n|-heal|p2b: Mudsdale|74/100|[from] item: Sitrus Berry\n|move|p2b: Mudsdale|High Horsepower|p1b: Oranguru\n|-damage|p1b: Oranguru|65/100\n|move|p1b: Oranguru|Instruct|p1a: Crabominable\n|-singleturn|p1a: Crabominable|move: Instruct|[of] p1b: Oranguru\n|move|p1a: Crabominable|Drain Punch|p2b: Mudsdale\n|-damage|p2b: Mudsdale|25/100\n|-heal|p1a: Crabominable|100/100|[from] drain|[of] p2b: Mudsdale\n|\n|-fieldend|move: Trick Room\n|upkeep\n|turn|6\n|\n|t:|1776684243\n|move|p2a: Gengar|Sludge Bomb|p1a: Crabominable\n|-damage|p1a: Crabominable|53/100\n|move|p1a: Crabominable|Ice Punch|p2a: Gengar\n|-damage|p2a: Gengar|17/100\n|move|p2b: Mudsdale|Roar|p1b: Oranguru\n|drag|p1b: Sinistcha|Sinistcha-Masterpiece, L50|1/100\n|-heal|p1a: Crabominable|78/100|[from] ability: Hospitality|[of] p1b: Sinistcha\n|\n|upkeep\n|turn|7\n|\n|t:|1776684261\n|move|p2a: Gengar|Shadow Ball|p1b: Sinistcha\n|-supereffective|p1b: Sinistcha|1\n|-damage|p1b: Sinistcha|0 fnt\n|faint|p1b: Sinistcha\n|move|p2b: Mudsdale|Heavy Slam|p1a: Crabominable\n|-supereffective|p1a: Crabominable|1\n|-damage|p1a: Crabominable|39/100\n|move|p1a: Crabominable|Ice Punch|p2a: Gengar\n|-damage|p2a: Gengar|0 fnt\n|faint|p2a: Gengar\n|\n|upkeep\n|\n|t:|1776684271\n|switch|p2a: Rotom|Rotom-Wash, L50|100/100\n|switch|p1b: Oranguru|Oranguru, L50, F|65/100\n|turn|8\n|\n|t:|1776684286\n|move|p1a: Crabominable|Protect|p1a: Crabominable\n|-singleturn|p1a: Crabominable|Protect\n|move|p2a: Rotom|Thunderbolt|p1b: Oranguru\n|-damage|p1b: Oranguru|29/100\n|move|p2b: Mudsdale|Heavy Slam|p1b: Oranguru\n|-damage|p1b: Oranguru|0 fnt\n|faint|p1b: Oranguru\n|\n|upkeep\n|\n|t:|1776684293\n|switch|p1b: Torkoal|Torkoal, L50, M|100/100\n|-weather|SunnyDay|[from] ability: Drought|[of] p1b: Torkoal\n|turn|9\n|\n|t:|1776684299\n|move|p1a: Crabominable|Mach Punch|p2b: Mudsdale\n|-damage|p2b: Mudsdale|0 fnt\n|faint|p2b: Mudsdale\n|move|p2a: Rotom|Thunderbolt|p1a: Crabominable\n|-damage|p1a: Crabominable|9/100\n|move|p1b: Torkoal|Weather Ball|p2a: Rotom\n|-resisted|p2a: Rotom|1\n|-damage|p2a: Rotom|50/100\n|\n|-weather|SunnyDay|[upkeep]\n|upkeep\n|turn|10\n|-message|miquellapolis forfeited.\n|\n|win|iccr\n|raw|iccr's rating: 1236 &rarr; <strong>1268</strong><br />(+32 for winning)\n|raw|miquellapolis's rating: 1334 &rarr; <strong>1309</strong><br />(-25 for losing)\n|l|\u2606miquellapolis\n|player|p2|\n",
  "uploadtime": 1776684308,
  "views": 15,
  "formatid": "gen9championsvgc2026regma",
  "rating": 1268,
  "private": 0,
  "password": null
}