{
  "id": "gen9championsvgc2026regma-2584782354",
  "format": "[Gen 9 Champions] VGC 2026 Reg M-A",
  "players": [
    "Azre64",
    "seth2004j"
  ],
  "log": "|j|\u2606Azre64\n|j|\u2606seth2004j\n|t:|1776283282\n|gametype|doubles\n|player|p1|Azre64|266|1040\n|player|p2|seth2004j|marshal|1089\n|gen|9\n|tier|[Gen 9 Champions] VGC 2026 Reg M-A\n|rated|\n|rule|Species Clause: Limit one of each Pok\u00e9mon\n|rule|Item Clause: Limit 1 of each item\n|clearpoke\n|poke|p1|Floette-Eternal, L50, F|\n|poke|p1|Espathra, L50, F|\n|poke|p1|Sinistcha, L50|\n|poke|p1|Incineroar, L50, F|\n|poke|p1|Sneasler, L50, M|\n|poke|p1|Venusaur, L50, F|\n|poke|p2|Hawlucha, L50, M|\n|poke|p2|Glimmora, L50, M|\n|poke|p2|Sinistcha-Masterpiece, L50|\n|poke|p2|Snorlax, L50, F|\n|poke|p2|Incineroar, L50, M|\n|poke|p2|Rotom-Wash, L50|\n|teampreview|4\n|inactive|Battle timer is ON: inactive players will automatically lose when time's up. (requested by seth2004j)\nseth2004j has agreed to open team sheets.\n|\n|t:|1776283310\n|teamsize|p1|4\n|teamsize|p2|4\n|start\n|switch|p1a: Espathra|Espathra, L50, F|100/100\n|switch|p1b: Incineroar|Incineroar, L50, F|100/100\n|switch|p2a: Hawlucha|Hawlucha, L50, M|100/100\n|switch|p2b: Snorlax|Snorlax, L50, F, shiny|100/100\n|-ability|p2a: Hawlucha|Mold Breaker\n|-ability|p1b: Incineroar|Intimidate|boost\n|-unboost|p2a: Hawlucha|atk|1\n|-unboost|p2b: Snorlax|atk|1\n|turn|1\n|\n|t:|1776283333\n|move|p2a: Hawlucha|Protect|p2a: Hawlucha\n|-singleturn|p2a: Hawlucha|Protect\n|move|p1a: Espathra|Protect|p1a: Espathra\n|-singleturn|p1a: Espathra|Protect\n|move|p2b: Snorlax|Protect|p2b: Snorlax\n|-singleturn|p2b: Snorlax|Protect\n|move|p1b: Incineroar|Fake Out|p2a: Hawlucha\n|-activate|p2a: Hawlucha|move: Protect\n|\n|-ability|p1a: Espathra|Speed Boost|boost\n|-boost|p1a: Espathra|spe|1\n|upkeep\n|turn|2\n|\n|t:|1776283355\n|switch|p2a: 1:10|Incineroar, L50, M|100/100\n|-ability|p2a: 1:10|Intimidate|boost\n|-unboost|p1a: Espathra|atk|1\n|-unboost|p1b: Incineroar|atk|1\n|move|p1a: Espathra|Lumina Crash|p2a: 1:10\n|-immune|p2a: 1:10\n|move|p1b: Incineroar|Parting Shot|p2b: Snorlax\n|-unboost|p2b: Snorlax|atk|1\n|-unboost|p2b: Snorlax|spa|1\n|\n|t:|1776283365\n|switch|p1b: Sinistcha|Sinistcha, L50, shiny|100/100|[from] Parting Shot\n|move|p2b: Snorlax|Fissure|p1a: Espathra\n|-enditem|p1a: Espathra|Focus Sash\n|-damage|p1a: Espathra|1/100\n|\n|-ability|p1a: Espathra|Speed Boost|boost\n|-boost|p1a: Espathra|spe|1\n|upkeep\n|turn|3\n|\n|t:|1776283384\n|move|p1a: Espathra|Protect|p1a: Espathra\n|-singleturn|p1a: Espathra|Protect\n|move|p1b: Sinistcha|Reflect|p1b: Sinistcha\n|-sidestart|p1: Azre64|Reflect\n|move|p2a: 1:10|Parting Shot|p1b: Sinistcha\n|-unboost|p1b: Sinistcha|atk|1\n|-unboost|p1b: Sinistcha|spa|1\n|\n|t:|1776283390\n|switch|p2a: Hawlucha|Hawlucha, L50, M|100/100|[from] Parting Shot\n|-ability|p2a: Hawlucha|Mold Breaker\n|move|p2b: Snorlax|Smack Down|p1a: Espathra\n|-activate|p1a: Espathra|move: Protect\n|\n|-ability|p1a: Espathra|Speed Boost|boost\n|-boost|p1a: Espathra|spe|1\n|upkeep\n|turn|4\n|\n|t:|1776283402\n|move|p2a: Hawlucha|Protect|p2a: Hawlucha\n|-singleturn|p2a: Hawlucha|Protect\n|move|p1b: Sinistcha|Rage Powder|p1b: Sinistcha\n|-singleturn|p1b: Sinistcha|move: Rage Powder\n|move|p1a: Espathra|Lumina Crash|p2a: Hawlucha\n|-activate|p2a: Hawlucha|move: Protect\n|move|p2b: Snorlax|Smack Down|p1b: Sinistcha\n|-damage|p1b: Sinistcha|97/100\n|\n|-heal|p1b: Sinistcha|100/100|[from] item: Leftovers\n|-ability|p1a: Espathra|Speed Boost|boost\n|-boost|p1a: Espathra|spe|1\n|upkeep\n|turn|5\n|\n|t:|1776283427\n|switch|p2a: 1:10|Incineroar, L50, M|100/100\n|-ability|p2a: 1:10|Intimidate|boost\n|-unboost|p1a: Espathra|atk|1\n|-unboost|p1b: Sinistcha|atk|1\n|move|p1b: Sinistcha|Rage Powder|p1b: Sinistcha\n|-singleturn|p1b: Sinistcha|move: Rage Powder\n|move|p1a: Espathra|Calm Mind|p1a: Espathra\n|-boost|p1a: Espathra|spa|1\n|-boost|p1a: Espathra|spd|1\n|move|p2b: Snorlax|Fissure|p1b: Sinistcha|[miss]\n|-miss|p2b: Snorlax|p1b: Sinistcha\n|\n|-ability|p1a: Espathra|Speed Boost|boost\n|-boost|p1a: Espathra|spe|1\n|upkeep\n|turn|6\n|\n|t:|1776283445\n|move|p1a: Espathra|Protect|p1a: Espathra\n|-singleturn|p1a: Espathra|Protect\n|move|p1b: Sinistcha|Matcha Gotcha|p2a: 1:10|[spread] p2b\n|-miss|p1b: Sinistcha|p2a: 1:10\n|-damage|p2b: Snorlax|91/100\n|move|p2a: 1:10|Darkest Lariat|p1b: Sinistcha\n|-supereffective|p1b: Sinistcha|1\n|-damage|p1b: Sinistcha|64/100\n|move|p2b: Snorlax|Smack Down|p1a: Espathra\n|-activate|p1a: Espathra|move: Protect\n|\n|-heal|p1b: Sinistcha|70/100|[from] item: Leftovers\n|-heal|p2b: Snorlax|97/100|[from] item: Leftovers\n|-ability|p1a: Espathra|Speed Boost|boost\n|-boost|p1a: Espathra|spe|1\n|upkeep\n|turn|7\n|\n|t:|1776283469\n|move|p1b: Sinistcha|Rage Powder|p1b: Sinistcha\n|-singleturn|p1b: Sinistcha|move: Rage Powder\n|move|p1a: Espathra|Baton Pass|p1a: Espathra\n|\n|t:|1776283477\n|switch|p1a: Floette|Floette-Eternal, L50, F|100/100|[from] Baton Pass\n|move|p2a: 1:10|Flare Blitz|p1b: Sinistcha\n|-supereffective|p1b: Sinistcha|1\n|-damage|p1b: Sinistcha|40/100\n|-damage|p2a: 1:10|92/100|[from] Recoil\n|move|p2b: Snorlax|Smack Down|p1b: Sinistcha\n|-damage|p1b: Sinistcha|36/100\n|\n|-heal|p1b: Sinistcha|43/100|[from] item: Leftovers\n|-heal|p2b: Snorlax|100/100|[from] item: Leftovers\n|-sideend|p1: Azre64|Reflect\n|upkeep\n|turn|8\n|\n|t:|1776283499\n|detailschange|p1a: Floette|Floette-Mega, L50, F\n|-mega|p1a: Floette|Floette|Floettite\n|-ability|p1a: Floette|Fairy Aura\n|move|p1b: Sinistcha|Rage Powder|p1b: Sinistcha\n|-singleturn|p1b: Sinistcha|move: Rage Powder\n|move|p1a: Floette|Dazzling Gleam|p2b: Snorlax|[spread] p2a,p2b\n|-crit|p2b: Snorlax\n|-damage|p2a: 1:10|36/100\n|-damage|p2b: Snorlax|35/100\n|move|p2a: 1:10|Parting Shot|p1b: Sinistcha\n|-unboost|p1b: Sinistcha|atk|1\n|-unboost|p1b: Sinistcha|spa|1\n|\n|t:|1776283510\n|switch|p2a: Rotom|Rotom-Wash, L50|100/100|[from] Parting Shot\n|move|p2b: Snorlax|Fissure|p1b: Sinistcha|[miss]\n|-miss|p2b: Snorlax|p1b: Sinistcha\n|\n|-heal|p1b: Sinistcha|49/100|[from] item: Leftovers\n|-heal|p2b: Snorlax|41/100|[from] item: Leftovers\n|upkeep\n|turn|9\n|inactive|seth2004j has 30 seconds left.\n|inactive|seth2004j has 20 seconds left.\n|\n|t:|1776283545\n|move|p1a: Floette|Dazzling Gleam|p2b: Snorlax|[spread] p2a,p2b\n|-damage|p2a: Rotom|4/100\n|-damage|p2b: Snorlax|0 fnt\n|faint|p2b: Snorlax\n|move|p2a: Rotom|Trick|p1b: Sinistcha\n|-activate|p2a: Rotom|move: Trick|[of] p1b: Sinistcha\n|-item|p1b: Sinistcha|Choice Scarf|[from] move: Trick\n|-item|p2a: Rotom|Leftovers|[from] move: Trick\n|move|p1b: Sinistcha|Matcha Gotcha|p2a: Rotom\n|-supereffective|p2a: Rotom|1\n|-damage|p2a: Rotom|0 fnt\n|-heal|p1b: Sinistcha|50/100|[from] drain|[of] p2a: Rotom\n|faint|p2a: Rotom\n|\n|upkeep\n|\n|t:|1776283554\n|switch|p2a: 1:10|Incineroar, L50, M|36/100\n|switch|p2b: Hawlucha|Hawlucha, L50, M|100/100\n|-ability|p2b: Hawlucha|Mold Breaker\n|-ability|p2a: 1:10|Intimidate|boost\n|-unboost|p1a: Floette|atk|1\n|-unboost|p1b: Sinistcha|atk|1\n|turn|10\n|\n|t:|1776283567\n|switch|p1b: Incineroar|Incineroar, L50, F|100/100\n|-ability|p1b: Incineroar|Intimidate|boost\n|-unboost|p2a: 1:10|atk|1\n|-unboost|p2b: Hawlucha|atk|1\n|detailschange|p2b: Hawlucha|Hawlucha-Mega, L50, M\n|-mega|p2b: Hawlucha|Hawlucha|Hawluchanite\n|move|p1a: Floette|Protect|p1a: Floette\n|-singleturn|p1a: Floette|Protect\n|move|p2a: 1:10|Fake Out|p1a: Floette\n|-activate|p1a: Floette|move: Protect\n|move|p2b: Hawlucha|Brave Bird|p1a: Floette\n|-activate|p1a: Floette|move: Protect\n|\n|upkeep\n|turn|11\n|\n|t:|1776283585\n|move|p2b: Hawlucha|Protect|p2b: Hawlucha\n|-singleturn|p2b: Hawlucha|Protect\n|move|p1a: Floette|Dazzling Gleam|p2a: 1:10|[spread] p2a\n|-activate|p2b: Hawlucha|move: Protect\n|-damage|p2a: 1:10|0 fnt\n|faint|p2a: 1:10\n|move|p1b: Incineroar|Darkest Lariat|p2b: Hawlucha\n|-activate|p2b: Hawlucha|move: Protect\n|\n|upkeep\n|turn|12\n|-message|seth2004j forfeited.\n|\n|win|Azre64\n|raw|Azre64's rating: 1040 &rarr; <strong>1079</strong><br />(+39 for winning)\n|raw|seth2004j's rating: 1089 &rarr; <strong>1062</strong><br />(-27 for losing)\n|l|\u2606seth2004j\n|player|p2|\n",
  "uploadtime": 1776283597,
  "views": 32,
  "formatid": "gen9championsvgc2026regma",
  "rating": 1062,
  "private": 0,
  "password": null
}