{
  "id": "gen9championsvgc2026regma-2581918627",
  "format": "[Gen 9 Champions] VGC 2026 Reg M-A",
  "players": [
    "chromate",
    "skymin<3"
  ],
  "log": "|j|\u2606chromate\n|j|\u2606skymin<3\n|html|<table width=\"100%\"><tr><td align=\"left\">chromate</td><td align=\"right\">skymin&lt;3</tr><tr><td align=\"left\"><i class=\"fa fa-circle-o\"></i> <i class=\"fa fa-circle-o\"></i> </td><td align=\"right\"><i class=\"fa fa-circle-o\"></i> <i class=\"fa fa-circle-o\"></i> </tr></table>\n|uhtml|bestof|<h2><strong>Game 1</strong> of <a href=\"/game-bestof3-gen9championsvgc2026regma-2581918626\">a best-of-3</a></h2>\n|t:|1776039686\n|gametype|doubles\n|player|p1|chromate|miku-ghost|\n|player|p2|skymin<3|#skymin3|\n|gen|9\n|tier|[Gen 9 Champions] VGC 2026 Reg M-A\n|rated|Tournament battle\n|rule|Species Clause: Limit one of each Pok\u00e9mon\n|rule|Item Clause: Limit 1 of each item\n|raw|<div class=\"infobox\"><details class=\"readmore\" open><summary><strong>2 custom rules:</strong></summary> Force Open Team Sheets, Best of = 3</details></div>\n|clearpoke\n|poke|p1|Charizard, L50, M|\n|poke|p1|Whimsicott, L50, F|\n|poke|p1|Garchomp, L50, M|\n|poke|p1|Sneasler, L50, F|\n|poke|p1|Maushold, L50|\n|poke|p1|Incineroar, L50, F|\n|poke|p2|Garchomp, L50, F|\n|poke|p2|Delphox, L50, F|\n|poke|p2|Rotom-Wash, L50|\n|poke|p2|Sneasler, L50, F|\n|poke|p2|Aerodactyl, L50, M|\n|poke|p2|Kingambit, L50, F|\n|teampreview|4\n|showteam|p1|Charizard||CharizarditeY|Blaze|HeatWave,SolarBeam,WeatherBall,Protect|||M|||50|]Whimsicott||FocusSash|Prankster|Moonblast,Tailwind,Encore,SunnyDay|||F|||50|]Garchomp||ChoiceScarf|RoughSkin|Earthquake,DragonClaw,RockSlide,StompingTantrum|||M|||50|]Sneasler||WhiteHerb|Unburden|GunkShot,CloseCombat,RockTomb,Protect|||F|||50|]Maushold||ChopleBerry|FriendGuard|SuperFang,FollowMe,HelpingHand,Protect||||||50|]Incineroar||SitrusBerry|Intimidate|FlareBlitz,ThroatChop,FakeOut,PartingShot|||F|||50|\n|showteam|p2|Garchomp||SoftSand|RoughSkin|Earthquake,DragonClaw,RockSlide,Protect|||F|||50|]Delphox||Delphoxite|Blaze|Encore,HeatWave,Psychic,Protect|||F|||50|]Rotom-Wash||ChoiceScarf|Levitate|HydroPump,Thunderbolt,WillOWisp,Electroweb||||||50|]Sneasler||WhiteHerb|Unburden|CloseCombat,DireClaw,FakeOut,Protect|||F|||50|]Aerodactyl||FocusSash|Unnerve|DualWingbeat,RockSlide,Tailwind,Protect|||M|||50|]Kingambit||BlackGlasses|Defiant|IronHead,Protect,SuckerPunch,KowtowCleave|||F|||50|\n|c|\u2606chromate|glhf\n|c|\u2606skymin<3|gunk shot \u270c\ufe0f\ud83d\ude2d\n|c|\u2606chromate|it\u2019s better ong\n|j| aurora ltd\n|c|\u2606skymin<3|yeah your right the animation is better \ud83d\ude0a\n|j| yungPBJglizzy\n|j| MaybeIllusion\n|\n|t:|1776039763\n|teamsize|p1|4\n|teamsize|p2|4\n|start\n|switch|p1a: Garchomp|Garchomp, L50, M|100/100\n|switch|p1b: Whimsicott|Whimsicott, L50, F|100/100\n|switch|p2a: Ruined Dragon|Aerodactyl, L50, M, shiny|100/100\n|switch|p2b: Consul D|Sneasler, L50, F, shiny|100/100\n|-ability|p2a: Ruined Dragon|Unnerve\n|turn|1\n|j| Rainpelt103\n|j| UnluckyVGC\n|l| UnluckyVGC\n|\n|t:|1776039851\n|move|p2b: Consul D|Fake Out|p1b: Whimsicott\n|-damage|p1b: Whimsicott|80/100\n|cant|p1b: Whimsicott|flinch\n|move|p1a: Garchomp|Rock Slide|p2b: Consul D|[spread] \n|-miss|p1a: Garchomp|p2a: Ruined Dragon\n|-miss|p1a: Garchomp|p2b: Consul D\n|move|p2a: Ruined Dragon|Dual Wingbeat|p1b: Whimsicott\n|-supereffective|p1b: Whimsicott|1\n|-damage|p1b: Whimsicott|38/100\n|-supereffective|p1b: Whimsicott|1\n|-damage|p1b: Whimsicott|0 fnt\n|faint|p1b: Whimsicott\n|-hitcount|p1: Whimsicott|2\n|\n|upkeep\n|c|\u2606skymin<3|thats a turn of all time..\n|\n|t:|1776039874\n|switch|p1b: Sneasler|Sneasler, L50, F|100/100\n|turn|2\n|c|\u2606chromate|dw I flinch these\n|\n|t:|1776039891\n|move|p2b: Consul D|Protect|p2b: Consul D\n|-singleturn|p2b: Consul D|Protect\n|move|p1a: Garchomp|Rock Slide|p2a: Ruined Dragon|[spread] p2a\n|-activate|p2b: Consul D|move: Protect\n|-supereffective|p2a: Ruined Dragon|1\n|-damage|p2a: Ruined Dragon|37/100\n|cant|p2a: Ruined Dragon|flinch\n|move|p1b: Sneasler|Close Combat|p2b: Consul D\n|-activate|p2b: Consul D|move: Protect\n|\n|upkeep\n|turn|3\n|j| snively3\n|c|\u2606skymin<3|u actually do lowk\n|\n|t:|1776039919\n|move|p2a: Ruined Dragon|Protect|p2a: Ruined Dragon\n|-singleturn|p2a: Ruined Dragon|Protect\n|move|p1a: Garchomp|Rock Slide|p2a: Ruined Dragon|[spread] p2b\n|-activate|p2a: Ruined Dragon|move: Protect\n|-resisted|p2b: Consul D|1\n|-damage|p2b: Consul D|81/100\n|move|p1b: Sneasler|Close Combat|p2b: Consul D\n|-resisted|p2b: Consul D|1\n|-damage|p2b: Consul D|22/100\n|-unboost|p1b: Sneasler|def|1\n|-unboost|p1b: Sneasler|spd|1\n|-enditem|p1b: Sneasler|White Herb\n|-clearnegativeboost|p1b: Sneasler|[silent]\n|move|p2b: Consul D|Close Combat|p1a: Garchomp\n|-damage|p1a: Garchomp|32/100\n|-unboost|p2b: Consul D|def|1\n|-unboost|p2b: Consul D|spd|1\n|-damage|p2b: Consul D|10/100|[from] ability: Rough Skin|[of] p1a: Garchomp\n|-enditem|p2b: Consul D|White Herb\n|-clearnegativeboost|p2b: Consul D|[silent]\n|\n|upkeep\n|turn|4\n|l| MaybeIllusion\n|\n|t:|1776039993\n|move|p2b: Consul D|Protect|p2b: Consul D\n|-singleturn|p2b: Consul D|Protect\n|move|p1b: Sneasler|Close Combat|p2b: Consul D\n|-activate|p2b: Consul D|move: Protect\n|move|p1a: Garchomp|Rock Slide|p2b: Consul D|[spread] p2a\n|-activate|p2b: Consul D|move: Protect\n|-supereffective|p2a: Ruined Dragon|1\n|-damage|p2a: Ruined Dragon|0 fnt\n|faint|p2a: Ruined Dragon\n|\n|upkeep\n|j| MaybeIllusion\n|j| SeulClef\n|\n|t:|1776040009\n|switch|p2a: Neon|Rotom-Wash, L50, shiny|100/100\n|turn|5\n|\n|t:|1776040057\n|move|p2b: Consul D|Protect||[still]\n|-fail|p2b: Consul D\n|move|p1b: Sneasler|Rock Tomb|p2b: Consul D\n|-resisted|p2b: Consul D|1\n|-damage|p2b: Consul D|0 fnt\n|faint|p2b: Consul D\n|move|p1a: Garchomp|Rock Slide|p2a: Neon\n|-damage|p2a: Neon|61/100\n|move|p2a: Neon|Hydro Pump|p1a: Garchomp|[miss]\n|-miss|p2a: Neon|p1a: Garchomp\n|\n|upkeep\n|\n|t:|1776040059\n|switch|p2b: Eclipsa|Delphox, L50, F, shiny|100/100\n|turn|6\n|\n|t:|1776040076\n|detailschange|p2b: Eclipsa|Delphox-Mega, L50, F, shiny\n|-mega|p2b: Eclipsa|Delphox|Delphoxite\n|move|p1b: Sneasler|Close Combat|p2a: Neon\n|-damage|p2a: Neon|0 fnt\n|-unboost|p1b: Sneasler|def|1\n|-unboost|p1b: Sneasler|spd|1\n|faint|p2a: Neon\n|move|p1a: Garchomp|Rock Slide|p2b: Eclipsa\n|-supereffective|p2b: Eclipsa|1\n|-damage|p2b: Eclipsa|15/100\n|move|p2b: Eclipsa|Psychic|p1b: Sneasler\n|-supereffective|p1b: Sneasler|2\n|-damage|p1b: Sneasler|0 fnt\n|faint|p1b: Sneasler\n|\n|upkeep\n|c|\u2606skymin<3|gg\n|\n|t:|1776040085\n|switch|p1b: Charizard|Charizard, L50, M|100/100\n|turn|7\n|j| blueberre\n|\n|t:|1776040092\n|detailschange|p1b: Charizard|Charizard-Mega-Y, L50, M\n|-mega|p1b: Charizard|Charizard|Charizardite Y\n|-weather|SunnyDay|[from] ability: Drought|[of] p1b: Charizard\n|move|p1a: Garchomp|Rock Slide|p2b: Eclipsa\n|-supereffective|p2b: Eclipsa|1\n|-damage|p2b: Eclipsa|0 fnt\n|faint|p2b: Eclipsa\n|\n|win|chromate\n||skymin<3 is ready for game 2.\n|c|\u2606chromate|gg\n||chromate is ready for game 2.\n|uhtml|next|Next: <a href=\"/battle-gen9championsvgc2026regma-2581923225\"><strong>Game 2 of 3</strong></a>\n|l| SeulClef\n|l| MaybeIllusion\n|l| Rainpelt103\n|l| snively3\n|j| pacdan111\n|l| yungPBJglizzy\n|l|\u2606skymin<3\n|player|p2|\n|l| pacdan111\n",
  "uploadtime": 1776040524,
  "views": 8,
  "formatid": "gen9championsvgc2026regma",
  "rating": null,
  "private": 0,
  "password": null
}