{
  "id": "gen9championsvgc2026regma-2581893089",
  "format": "[Gen 9 Champions] VGC 2026 Reg M-A",
  "players": [
    "feleiron",
    "vnunesp12"
  ],
  "log": "|j|\u2606feleiron\n|j|\u2606vnunesp12\n|t:|1776037376\n|gametype|doubles\n|player|p1|feleiron|1|1104\n|player|p2|vnunesp12|red|1095\n|gen|9\n|tier|[Gen 9 Champions] VGC 2026 Reg M-A\n|rated|\n|rule|Species Clause: Limit one of each Pok\u00e9mon\n|rule|Item Clause: Limit 1 of each item\n|clearpoke\n|poke|p1|Pelipper, L50, F|\n|poke|p1|Archaludon, L50, F|\n|poke|p1|Basculegion, L50, M|\n|poke|p1|Milotic, L50, M|\n|poke|p1|Palafin, L50, F|\n|poke|p1|Dragonite, L50, M|\n|poke|p2|Manectric, L50, M|\n|poke|p2|Pelipper, L50, F|\n|poke|p2|Sinistcha, L50|\n|poke|p2|Basculegion, L50, M|\n|poke|p2|Sneasler, L50, F|\n|poke|p2|Kingambit, L50, M|\n|teampreview|4\n|inactive|Battle timer is ON: inactive players will automatically lose when time's up. (requested by vnunesp12)\n|\n|t:|1776037404\n|teamsize|p1|4\n|teamsize|p2|4\n|start\n|switch|p1a: Dragonite|Dragonite, L50, M|100/100\n|switch|p1b: Pelipper|Pelipper, L50, F|100/100\n|switch|p2a: Luciano Juba|Manectric, L50, M|100/100\n|switch|p2b: Erick|Kingambit, L50, M|100/100\n|-weather|RainDance|[from] ability: Drizzle|[of] p1b: Pelipper\n|turn|1\n|inactive|vnunesp12 has 30 seconds left.\n|\n|t:|1776037432\n|detailschange|p2a: Luciano Juba|Manectric-Mega, L50, M\n|-mega|p2a: Luciano Juba|Manectric|Manectite\n|-ability|p2a: Luciano Juba|Intimidate|boost\n|-unboost|p1a: Dragonite|atk|1\n|-unboost|p1b: Pelipper|atk|1\n|detailschange|p1a: Dragonite|Dragonite-Mega, L50, M\n|-mega|p1a: Dragonite|Dragonite|Dragoninite\n|move|p2b: Erick|Protect|p2b: Erick\n|-singleturn|p2b: Erick|Protect\n|move|p2a: Luciano Juba|Volt Switch|p1a: Dragonite\n|-damage|p1a: Dragonite|86/100\n|\n|t:|1776037444\n|switch|p2a: Pulga|Sneasler, L50, F|100/100|[from] Volt Switch\n|move|p1a: Dragonite|Draco Meteor|p2a: Pulga\n|-damage|p2a: Pulga|19/100\n|-unboost|p1a: Dragonite|spa|2\n|move|p1b: Pelipper|Tailwind|p1b: Pelipper\n|-sidestart|p1: feleiron|move: Tailwind\n|\n|-weather|RainDance|[upkeep]\n|upkeep\n|turn|2\n|inactive|feleiron has 30 seconds left.\n|\n|t:|1776037474\n|switch|p2b: Luciano Juba|Manectric-Mega, L50, M|100/100\n|-ability|p2b: Luciano Juba|Intimidate|boost\n|-unboost|p1a: Dragonite|atk|1\n|-unboost|p1b: Pelipper|atk|1\n|move|p1b: Pelipper|Protect|p1b: Pelipper\n|-singleturn|p1b: Pelipper|Protect\n|move|p2a: Pulga|Fake Out|p1a: Dragonite\n|-damage|p1a: Dragonite|75/100\n|cant|p1a: Dragonite|flinch\n|\n|-weather|RainDance|[upkeep]\n|upkeep\n|turn|3\n|inactive|feleiron has 30 seconds left.\n|\n|t:|1776037502\n|switch|p1a: Archaludon|Archaludon, L50, F|100/100\n|move|p2b: Luciano Juba|Thunder|p1b: Pelipper\n|-supereffective|p1b: Pelipper|2\n|-enditem|p1b: Pelipper|Focus Sash\n|-damage|p1b: Pelipper|1/100\n|move|p2a: Pulga|Dire Claw|p1a: Archaludon\n|-immune|p1a: Archaludon\n|move|p1b: Pelipper|Hurricane|p2a: Pulga\n|-supereffective|p2a: Pulga|1\n|-damage|p2a: Pulga|0 fnt\n|faint|p2a: Pulga\n|\n|-weather|RainDance|[upkeep]\n|upkeep\n|\n|t:|1776037522\n|switch|p2a: Erick|Kingambit, L50, M|100/100\n|turn|4\n|\n|t:|1776037546\n|move|p1b: Pelipper|Protect|p1b: Pelipper\n|-singleturn|p1b: Pelipper|Protect\n|move|p2a: Erick|Protect|p2a: Erick\n|-singleturn|p2a: Erick|Protect\n|move|p1a: Archaludon|Electro Shot||[still]\n|-prepare|p1a: Archaludon|Electro Shot\n|-boost|p1a: Archaludon|spa|1\n|-anim|p1a: Archaludon|Electro Shot|p2a: Erick\n|-activate|p2a: Erick|move: Protect\n|move|p2b: Luciano Juba|Thunder|p1b: Pelipper\n|-activate|p1b: Pelipper|move: Protect\n|\n|-weather|RainDance|[upkeep]\n|-sideend|p1: feleiron|move: Tailwind\n|upkeep\n|turn|5\n|\n|t:|1776037570\n|move|p2a: Erick|Sucker Punch|p1a: Archaludon\n|-damage|p1a: Archaludon|71/100\n|-ability|p1a: Archaludon|Stamina|boost\n|-boost|p1a: Archaludon|def|1\n|move|p2b: Luciano Juba|Volt Switch|p1b: Pelipper\n|-supereffective|p1b: Pelipper|2\n|-damage|p1b: Pelipper|0 fnt\n|faint|p1b: Pelipper\n|\n|t:|1776037579\n|switch|p2b: \u00c9verton Ribeiro|Pelipper, L50, F|100/100|[from] Volt Switch\n|move|p1a: Archaludon|Electro Shot||[still]\n|-prepare|p1a: Archaludon|Electro Shot\n|-boost|p1a: Archaludon|spa|1\n|-anim|p1a: Archaludon|Electro Shot|p2a: Erick\n|-damage|p2a: Erick|20/100\n|\n|-weather|none\n|-heal|p1a: Archaludon|77/100|[from] item: Leftovers\n|upkeep\n|\n|t:|1776037590\n|switch|p1b: Dragonite|Dragonite-Mega, L50, M|75/100\n|turn|6\n|inactive|feleiron has 30 seconds left.\n|inactive|feleiron has 20 seconds left.\n|inactive|feleiron has 15 seconds left.\n|\n|t:|1776037633\n|switch|p2b: Luciano Juba|Manectric-Mega, L50, M|100/100\n|-ability|p2b: Luciano Juba|Intimidate|boost\n|-unboost|p1a: Archaludon|atk|1\n|-unboost|p1b: Dragonite|atk|1\n|move|p2a: Erick|Sucker Punch|p1b: Dragonite\n|-damage|p1b: Dragonite|34/100\n|move|p1b: Dragonite|Chilling Water|p2b: Luciano Juba\n|-damage|p2b: Luciano Juba|70/100\n|-unboost|p2b: Luciano Juba|atk|1\n|move|p1a: Archaludon|Electro Shot||[still]\n|-prepare|p1a: Archaludon|Electro Shot\n|-boost|p1a: Archaludon|spa|1\n|\n|-heal|p1a: Archaludon|83/100|[from] item: Leftovers\n|upkeep\n|turn|7\n|inactive|vnunesp12 has 30 seconds left.\n|\n|t:|1776037662\n|switch|p1b: Basculegion|Basculegion, L50, M|100/100\n|move|p2a: Erick|Sucker Punch|p1a: Archaludon\n|-damage|p1a: Archaludon|62/100\n|-ability|p1a: Archaludon|Stamina|boost\n|-boost|p1a: Archaludon|def|1\n|move|p2b: Luciano Juba|Volt Switch|p1b: Basculegion\n|-supereffective|p1b: Basculegion|1\n|-damage|p1b: Basculegion|18/100\n|\n|t:|1776037671\n|switch|p2b: \u00c9verton Ribeiro|Pelipper, L50, F|100/100|[from] Volt Switch\n|-weather|RainDance|[from] ability: Drizzle|[of] p2b: \u00c9verton Ribeiro\n|move|p1a: Archaludon|Electro Shot|p2a: Erick|[from] lockedmove\n|-damage|p2a: Erick|0 fnt\n|faint|p2a: Erick\n|\n|-weather|RainDance|[upkeep]\n|-heal|p1a: Archaludon|68/100|[from] item: Leftovers\n|upkeep\n|\n|t:|1776037683\n|switch|p2a: Luciano Juba|Manectric-Mega, L50, M|70/100\n|-ability|p2a: Luciano Juba|Intimidate|boost\n|-unboost|p1a: Archaludon|atk|1\n|-unboost|p1b: Basculegion|atk|1\n|turn|8\n|inactive|feleiron has 30 seconds left.\n|\n|t:|1776037709\n|move|p2b: \u00c9verton Ribeiro|Protect|p2b: \u00c9verton Ribeiro\n|-singleturn|p2b: \u00c9verton Ribeiro|Protect\n|move|p1b: Basculegion|Last Respects|p2a: Luciano Juba\n|-damage|p2a: Luciano Juba|20/100\n|move|p2a: Luciano Juba|Thunder|p1b: Basculegion\n|-supereffective|p1b: Basculegion|1\n|-damage|p1b: Basculegion|0 fnt\n|faint|p1b: Basculegion\n|move|p1a: Archaludon|Electro Shot||[still]\n|-prepare|p1a: Archaludon|Electro Shot\n|-boost|p1a: Archaludon|spa|1\n|-anim|p1a: Archaludon|Electro Shot|p2b: \u00c9verton Ribeiro\n|-activate|p2b: \u00c9verton Ribeiro|move: Protect\n|\n|-weather|RainDance|[upkeep]\n|-heal|p1a: Archaludon|74/100|[from] item: Leftovers\n|upkeep\n|\n|t:|1776037723\n|switch|p1b: Dragonite|Dragonite-Mega, L50, M|34/100\n|turn|9\n|\n|t:|1776037740\n|move|p2a: Luciano Juba|Thunder|p1b: Dragonite\n|-damage|p1b: Dragonite|0 fnt\n|faint|p1b: Dragonite\n|move|p2b: \u00c9verton Ribeiro|Hurricane|p1a: Archaludon\n|-resisted|p1a: Archaludon|1\n|-damage|p1a: Archaludon|54/100\n|-start|p1a: Archaludon|confusion\n|-ability|p1a: Archaludon|Stamina|boost\n|-boost|p1a: Archaludon|def|1\n|-activate|p1a: Archaludon|confusion\n|move|p1a: Archaludon|Electro Shot||[still]\n|-prepare|p1a: Archaludon|Electro Shot\n|-boost|p1a: Archaludon|spa|1\n|-anim|p1a: Archaludon|Electro Shot|p2b: \u00c9verton Ribeiro\n|-supereffective|p2b: \u00c9verton Ribeiro|2\n|-enditem|p2b: \u00c9verton Ribeiro|Focus Sash\n|-damage|p2b: \u00c9verton Ribeiro|1/100\n|\n|-weather|RainDance|[upkeep]\n|-heal|p1a: Archaludon|60/100|[from] item: Leftovers\n|upkeep\n|turn|10\n|inactive|vnunesp12 has 30 seconds left.\n|\n|t:|1776037768\n|move|p2a: Luciano Juba|Thunder|p1a: Archaludon\n|-resisted|p1a: Archaludon|1\n|-damage|p1a: Archaludon|20/100\n|-ability|p1a: Archaludon|Stamina|boost\n|-boost|p1a: Archaludon|def|1\n|move|p2b: \u00c9verton Ribeiro|Weather Ball|p1a: Archaludon\n|-resisted|p1a: Archaludon|1\n|-damage|p1a: Archaludon|0 fnt\n|faint|p1a: Archaludon\n|\n|win|vnunesp12\n|raw|feleiron's rating: 1104 &rarr; <strong>1078</strong><br />(-26 for losing)\n|raw|vnunesp12's rating: 1095 &rarr; <strong>1121</strong><br />(+26 for winning)\n",
  "uploadtime": 1776037780,
  "views": 11,
  "formatid": "gen9championsvgc2026regma",
  "rating": 1078,
  "private": 0,
  "password": null
}