{
  "id": "gen9championsvgc2026regma-2582704056",
  "format": "[Gen 9 Champions] VGC 2026 Reg M-A",
  "players": [
    "Macavitycode",
    "JediJoshNC"
  ],
  "log": "|j|\u2606Macavitycode\n|j|\u2606JediJoshNC\n|t:|1776108418\n|gametype|doubles\n|player|p1|Macavitycode|169|1133\n|player|p2|JediJoshNC|acetrainer-gen4dp|1030\n|gen|9\n|tier|[Gen 9 Champions] VGC 2026 Reg M-A\n|rated|\n|rule|Species Clause: Limit one of each Pok\u00e9mon\n|rule|Item Clause: Limit 1 of each item\n|clearpoke\n|poke|p1|Lopunny, L50, F|\n|poke|p1|Kommo-o, L50, F|\n|poke|p1|Whimsicott, L50, F|\n|poke|p1|Zoroark-Hisui, L50, M|\n|poke|p1|Sableye, L50, F|\n|poke|p1|Weavile, L50, M|\n|poke|p2|Serperior, L50, M|\n|poke|p2|Pelipper, L50, F|\n|poke|p2|Abomasnow, L50, F|\n|poke|p2|Blastoise, L50, M|\n|poke|p2|Gengar, L50, M|\n|poke|p2|Snorlax, L50, F|\n|teampreview|4\n|inactive|Battle timer is ON: inactive players will automatically lose when time's up. (requested by Macavitycode)\n|inactive|JediJoshNC has 60 seconds left.\n|\n|t:|1776108467\n|teamsize|p1|4\n|teamsize|p2|4\n|start\n|switch|p1a: Whimsicott|Whimsicott, L50, F|100/100\n|switch|p1b: Lopunny|Lopunny, L50, F, shiny|100/100\n|switch|p2a: Pelipper|Pelipper, L50, F|100/100\n|switch|p2b: Serperior|Serperior, L50, M|100/100\n|-weather|RainDance|[from] ability: Drizzle|[of] p2a: Pelipper\n|turn|1\n|\n|t:|1776108489\n|move|p1a: Whimsicott|Tailwind|p1a: Whimsicott\n|-sidestart|p1: Macavitycode|move: Tailwind\n|move|p1b: Lopunny|Hyper Beam|p2a: Pelipper\n|-damage|p2a: Pelipper|0 fnt\n|-mustrecharge|p1b: Lopunny\n|faint|p2a: Pelipper\n|move|p2b: Serperior|Leaf Storm|p1b: Lopunny\n|-damage|p1b: Lopunny|0 fnt\n|-boost|p2b: Serperior|spa|2\n|replace|p1b: Zoroark|Zoroark-Hisui, L50, M\n|-end|p1b: Zoroark|Illusion\n|faint|p1b: Zoroark\n|\n|-weather|RainDance|[upkeep]\n|upkeep\n|\n|t:|1776108507\n|switch|p1b: Sableye|Sableye, L50, F|100/100\n|switch|p2a: Abomasnow|Abomasnow, L50, F|100/100\n|-weather|Snowscape|[from] ability: Snow Warning|[of] p2a: Abomasnow\n|turn|2\n|\n|t:|1776108526\n|switch|p1a: Lopunny|Lopunny, L50, F, shiny|100/100\n|move|p1b: Sableye|Disable|p2b: Serperior\n|-start|p2b: Serperior|Disable|Leaf Storm\n|cant|p2b: Serperior|Disable|Leaf Storm\n|move|p2a: Abomasnow|Blizzard|p1a: Lopunny|[spread] p1a,p1b\n|-damage|p1a: Lopunny|60/100\n|-damage|p1b: Sableye|67/100\n|\n|-weather|Snowscape|[upkeep]\n|upkeep\n|turn|3\n|inactive|Macavitycode has 30 seconds left.\n|inactive|Macavitycode has 20 seconds left.\n|inactive|Macavitycode has 15 seconds left.\n|inactive|Macavitycode has 10 seconds left.\n|\n|t:|1776108575\n|switch|p2b: Snorlax|Snorlax, L50, F|100/100\n|detailschange|p1a: Lopunny|Lopunny-Mega, L50, F, shiny\n|-mega|p1a: Lopunny|Lopunny|Lopunnite\n|move|p1b: Sableye|Encore||[still]\n|-fail|p1b: Sableye\n|move|p1a: Lopunny|Close Combat|p2a: Abomasnow\n|-supereffective|p2a: Abomasnow|1\n|-crit|p2a: Abomasnow\n|-enditem|p2a: Abomasnow|Focus Sash\n|-damage|p2a: Abomasnow|1/100\n|-unboost|p1a: Lopunny|def|1\n|-unboost|p1a: Lopunny|spd|1\n|move|p2a: Abomasnow|Aurora Veil|p2a: Abomasnow\n|-sidestart|p2: JediJoshNC|move: Aurora Veil\n|\n|-weather|Snowscape|[upkeep]\n|upkeep\n|turn|4\n|inactive|Macavitycode has 30 seconds left.\n|inactive|JediJoshNC has 30 seconds left.\n|inactive|Macavitycode has 20 seconds left.\n|inactive|JediJoshNC has 20 seconds left.\n|inactive|Macavitycode has 15 seconds left.\n|\n|t:|1776108618\n|move|p1b: Sableye|Helping Hand|p1a: Lopunny\n|-singleturn|p1a: Lopunny|Helping Hand|[of] p1b: Sableye\n|move|p1a: Lopunny|Close Combat|p2b: Snorlax\n|-supereffective|p2b: Snorlax|1\n|-damage|p2b: Snorlax|17/100\n|-unboost|p1a: Lopunny|def|1\n|-unboost|p1a: Lopunny|spd|1\n|move|p2a: Abomasnow|Blizzard|p1b: Sableye|[spread] p1a,p1b\n|-damage|p1a: Lopunny|0 fnt\n|-damage|p1b: Sableye|37/100\n|-enditem|p1b: Sableye|Sitrus Berry|[eat]\n|-heal|p1b: Sableye|62/100|[from] item: Sitrus Berry\n|faint|p1a: Lopunny\n|move|p2b: Snorlax|Body Press|p1b: Sableye\n|-immune|p1b: Sableye\n|\n|-weather|Snowscape|[upkeep]\n|-heal|p2b: Snorlax|23/100|[from] item: Leftovers\n|-sideend|p1: Macavitycode|move: Tailwind\n|upkeep\n|\n|t:|1776108634\n|switch|p1a: Whimsicott|Whimsicott, L50, F|100/100\n|turn|5\n|\n|t:|1776108650\n|move|p1b: Sableye|Disable|p2b: Snorlax\n|-start|p2b: Snorlax|Disable|Body Press\n|move|p1a: Whimsicott|Moonblast|p2a: Abomasnow\n|-damage|p2a: Abomasnow|0 fnt\n|faint|p2a: Abomasnow\n|move|p2b: Snorlax|Heavy Slam|p1a: Whimsicott\n|-supereffective|p1a: Whimsicott|1\n|-damage|p1a: Whimsicott|16/100\n|\n|-weather|Snowscape|[upkeep]\n|-heal|p2b: Snorlax|29/100|[from] item: Leftovers\n|upkeep\n|\n|t:|1776108662\n|switch|p2a: Serperior|Serperior, L50, M|100/100\n|turn|6\n|inactive|Macavitycode has 30 seconds left.\n|inactive|Macavitycode has 20 seconds left.\n|inactive|Macavitycode has 15 seconds left.\n|inactive|Macavitycode has 10 seconds left.\n|\n|t:|1776108707\n|move|p1a: Whimsicott|Protect|p1a: Whimsicott\n|-singleturn|p1a: Whimsicott|Protect\n|move|p1b: Sableye|Encore|p2b: Snorlax\n|-start|p2b: Snorlax|Encore\n|move|p2a: Serperior|Leaf Storm|p1b: Sableye\n|-damage|p1b: Sableye|4/100\n|-boost|p2a: Serperior|spa|2\n|move|p2b: Snorlax|Heavy Slam|p1b: Sableye\n|-damage|p1b: Sableye|0 fnt\n|faint|p1b: Sableye\n|\n|-weather|none\n|-heal|p2b: Snorlax|35/100|[from] item: Leftovers\n|upkeep\n|turn|7\n|-message|Macavitycode forfeited.\n|\n|win|JediJoshNC\n|raw|Macavitycode's rating: 1133 &rarr; <strong>1101</strong><br />(-32 for losing)\n|raw|JediJoshNC's rating: 1030 &rarr; <strong>1076</strong><br />(+46 for winning)\n|l|\u2606Macavitycode\n|player|p1|\n|l|\u2606JediJoshNC\n|player|p2|\n|j|\u2606JediJoshNC\n|player|p2|JediJoshNC|acetrainer-gen4dp|\n",
  "uploadtime": 1776108909,
  "views": 14,
  "formatid": "gen9championsvgc2026regma",
  "rating": 1076,
  "private": 0,
  "password": null
}