{
  "id": "gen9championsvgc2026regma-2582235255",
  "format": "[Gen 9 Champions] VGC 2026 Reg M-A",
  "players": [
    "DavidTIS",
    "Koiman"
  ],
  "log": "|j|\u2606DavidTIS\n|j|\u2606Koiman\n|t:|1776074484\n|gametype|doubles\n|player|p1|DavidTIS|volkner|1104\n|player|p2|Koiman|102|1170\n|gen|9\n|tier|[Gen 9 Champions] VGC 2026 Reg M-A\n|rated|\n|rule|Species Clause: Limit one of each Pok\u00e9mon\n|rule|Item Clause: Limit 1 of each item\n|clearpoke\n|poke|p1|Mimikyu, L50, M|\n|poke|p1|Chimecho, L50, F|\n|poke|p1|Lucario, L50, F|\n|poke|p1|Drampa, L50, F|\n|poke|p1|Starmie, L50|\n|poke|p1|Trevenant, L50, M|\n|poke|p2|Medicham, L50, F|\n|poke|p2|Floette-Eternal, L50, F|\n|poke|p2|Farigiraf, L50, M|\n|poke|p2|Sneasler, L50, F|\n|poke|p2|Rotom-Wash, L50|\n|poke|p2|Ninetales-Alola, L50, F|\n|teampreview|4\n|inactive|Battle timer is ON: inactive players will automatically lose when time's up. (requested by DavidTIS)\n|inactive|DavidTIS has 60 seconds left.\n|inactive|Koiman has 60 seconds left.\n|\n|t:|1776074534\n|teamsize|p1|4\n|teamsize|p2|4\n|start\n|switch|p1a: Lucario|Lucario, L50, F|100/100\n|switch|p1b: Trevenant|Trevenant, L50, M|100/100\n|switch|p2a: Medicham|Medicham, L50, F|100/100\n|switch|p2b: Sneasler|Sneasler, L50, F|100/100\n|turn|1\n|inactive|Koiman has 30 seconds left.\n|\n|t:|1776074562\n|switch|p1a: Drampa|Drampa, L50, F|100/100\n|-ability|p1a: Drampa|Cloud Nine\n|detailschange|p2a: Medicham|Medicham-Mega, L50, F\n|-mega|p2a: Medicham|Medicham|Medichamite\n|move|p2b: Sneasler|Coaching|p2a: Medicham\n|-boost|p2a: Medicham|atk|1\n|-boost|p2a: Medicham|def|1\n|move|p2a: Medicham|Drain Punch|p1a: Drampa\n|-supereffective|p1a: Drampa|1\n|-damage|p1a: Drampa|0 fnt\n|faint|p1a: Drampa\n|move|p1b: Trevenant|Trick Room|p1b: Trevenant\n|-fieldstart|move: Trick Room|[of] p1b: Trevenant\n|\n|upkeep\n|\n|t:|1776074573\n|switch|p1a: Lucario|Lucario, L50, F|100/100\n|turn|2\n|\n|t:|1776074592\n|move|p1b: Trevenant|Shadow Claw|p2a: Medicham\n|-supereffective|p2a: Medicham|1\n|-damage|p2a: Medicham|23/100\n|move|p2a: Medicham|Drain Punch|p1a: Lucario\n|-supereffective|p1a: Lucario|1\n|-enditem|p1a: Lucario|Focus Sash\n|-damage|p1a: Lucario|1/100\n|-heal|p2a: Medicham|78/100|[from] drain|[of] p1a: Lucario\n|move|p1a: Lucario|Dragon Pulse|p2b: Sneasler\n|-damage|p2b: Sneasler|57/100\n|move|p2b: Sneasler|Coaching|p2a: Medicham\n|-boost|p2a: Medicham|atk|1\n|-boost|p2a: Medicham|def|1\n|\n|upkeep\n|turn|3\n|inactive|DavidTIS has 30 seconds left.\n|inactive|Koiman has 30 seconds left.\n|\n|t:|1776074627\n|switch|p2b: Ninetales|Ninetales-Alola, L50, F|100/100\n|-weather|Snowscape|[from] ability: Snow Warning|[of] p2b: Ninetales\n|move|p2a: Medicham|Protect|p2a: Medicham\n|-singleturn|p2a: Medicham|Protect\n|move|p1a: Lucario|Bullet Punch|p2a: Medicham\n|-activate|p2a: Medicham|move: Protect\n|move|p1b: Trevenant|Shadow Claw|p2a: Medicham\n|-activate|p2a: Medicham|move: Protect\n|\n|-weather|Snowscape|[upkeep]\n|upkeep\n|turn|4\n|\n|t:|1776074651\n|move|p2a: Medicham|Bullet Punch|p1a: Lucario\n|-resisted|p1a: Lucario|1\n|-damage|p1a: Lucario|0 fnt\n|faint|p1a: Lucario\n|move|p1b: Trevenant|Shadow Claw|p2a: Medicham\n|-supereffective|p2a: Medicham|1\n|-damage|p2a: Medicham|18/100\n|move|p2b: Ninetales|Blizzard|p1b: Trevenant\n|-supereffective|p1b: Trevenant|1\n|-damage|p1b: Trevenant|0 fnt\n|faint|p1b: Trevenant\n|\n|-weather|Snowscape|[upkeep]\n|upkeep\n|\n|t:|1776074666\n|switch|p1a: Starmie|Starmie, L50|100/100\n|turn|5\n|\n|t:|1776074684\n|detailschange|p1a: Starmie|Starmie-Mega, L50\n|-mega|p1a: Starmie|Starmie|Starminite\n|move|p2a: Medicham|Drain Punch|p1a: Starmie\n|-resisted|p1a: Starmie|1\n|-crit|p1a: Starmie\n|-damage|p1a: Starmie|0 fnt\n|-heal|p2a: Medicham|69/100|[from] drain|[of] p1a: Starmie\n|faint|p1a: Starmie\n|\n|win|Koiman\n|raw|DavidTIS's rating: 1104 &rarr; <strong>1084</strong><br />(-20 for losing)\n|raw|Koiman's rating: 1170 &rarr; <strong>1190</strong><br />(+20 for winning)\n",
  "uploadtime": 1776074691,
  "views": 28,
  "formatid": "gen9championsvgc2026regma",
  "rating": 1084,
  "private": 0,
  "password": null
}