{
  "id": "gen9championsvgc2026regma-2585003860",
  "format": "[Gen 9 Champions] VGC 2026 Reg M-A",
  "players": [
    "Phonx_Ghost",
    "kingofru99"
  ],
  "log": "|j|\u2606Phonx_Ghost\n|j|\u2606kingofru99\n|t:|1776302445\n|gametype|doubles\n|player|p1|Phonx_Ghost|will|1174\n|player|p2|kingofru99|2|1219\n|gen|9\n|tier|[Gen 9 Champions] VGC 2026 Reg M-A\n|rated|\n|rule|Species Clause: Limit one of each Pok\u00e9mon\n|rule|Item Clause: Limit 1 of each item\n|clearpoke\n|poke|p1|Golurk, L50|\n|poke|p1|Hatterene, L50, F|\n|poke|p1|Kingambit, L50, M|\n|poke|p1|Sneasler, L50, F|\n|poke|p1|Sinistcha-Masterpiece, L50|\n|poke|p1|Farigiraf, L50, M|\n|poke|p2|Farigiraf, L50, F|\n|poke|p2|Torkoal, L50, M|\n|poke|p2|Conkeldurr, L50, M|\n|poke|p2|Kingambit, L50, F|\n|poke|p2|Ampharos, L50, M|\n|poke|p2|Tyranitar, L50, F|\n|teampreview|4\nkingofru99 rejected open team sheets.\n|\n|t:|1776302503\n|teamsize|p1|4\n|teamsize|p2|4\n|start\n|switch|p1a: Reginaldo-Prime|Golurk, L50, shiny|100/100\n|switch|p1b: Girafe|Farigiraf, L50, M|100/100\n|switch|p2a: Farigiraf|Farigiraf, L50, F|100/100\n|switch|p2b: Torkoal|Torkoal, L50, M|100/100\n|-weather|SunnyDay|[from] ability: Drought|[of] p2b: Torkoal\n|turn|1\n|inactive|Battle timer is ON: inactive players will automatically lose when time's up. (requested by kingofru99)\n|\n|t:|1776302522\n|detailschange|p1a: Reginaldo-Prime|Golurk-Mega, L50, shiny\n|-mega|p1a: Reginaldo-Prime|Golurk|Golurkite\n|move|p1a: Reginaldo-Prime|Protect|p1a: Reginaldo-Prime\n|-singleturn|p1a: Reginaldo-Prime|Protect\n|move|p1b: Girafe|Psychic|p2b: Torkoal\n|-damage|p2b: Torkoal|44/100\n|move|p2a: Farigiraf|Psychic|p1a: Reginaldo-Prime\n|-activate|p1a: Reginaldo-Prime|move: Protect\n|move|p2b: Torkoal|Weather Ball|p1a: Reginaldo-Prime\n|-activate|p1a: Reginaldo-Prime|move: Protect\n|\n|-weather|SunnyDay|[upkeep]\n|upkeep\n|turn|2\n|\n|t:|1776302539\n|move|p2a: Farigiraf|Light Screen|p2a: Farigiraf\n|-sidestart|p2: kingofru99|move: Light Screen\n|move|p1a: Reginaldo-Prime|Earthquake|p2b: Torkoal|[spread] p1b,p2a,p2b\n|-supereffective|p2b: Torkoal|1\n|-damage|p1b: Girafe|55/100\n|-damage|p2a: Farigiraf|67/100\n|-damage|p2b: Torkoal|0 fnt\n|faint|p2b: Torkoal\n|move|p1b: Girafe|Trick Room|p1b: Girafe\n|-fieldstart|move: Trick Room|[of] p1b: Girafe\n|\n|-weather|SunnyDay|[upkeep]\n|upkeep\n|\n|t:|1776302553\n|switch|p2b: Conkeldurr|Conkeldurr, L50, M|100/100\n|turn|3\n|\n|t:|1776302577\n|move|p2b: Conkeldurr|Close Combat|p1b: Girafe\n|-damage|p1b: Girafe|0 fnt\n|-unboost|p2b: Conkeldurr|def|1\n|-unboost|p2b: Conkeldurr|spd|1\n|faint|p1b: Girafe\n|-enditem|p2b: Conkeldurr|White Herb\n|-clearnegativeboost|p2b: Conkeldurr|[silent]\n|move|p1a: Reginaldo-Prime|Stone Edge|p2a: Farigiraf\n|-damage|p2a: Farigiraf|37/100\n|move|p2a: Farigiraf|Psychic|p1a: Reginaldo-Prime\n|-damage|p1a: Reginaldo-Prime|74/100\n|\n|-weather|SunnyDay|[upkeep]\n|upkeep\n|\n|t:|1776302590\n|switch|p1b: Cotoco|Hatterene, L50, F|100/100\n|turn|4\n|inactive|kingofru99 has 30 seconds left.\n|\n|t:|1776302619\n|move|p1b: Cotoco|Dazzling Gleam|p2a: Farigiraf|[spread] p2a,p2b\n|-supereffective|p2b: Conkeldurr|1\n|-damage|p2a: Farigiraf|16/100\n|-damage|p2b: Conkeldurr|56/100\n|move|p2b: Conkeldurr|Thunder Punch|p1b: Cotoco\n|-damage|p1b: Cotoco|58/100\n|move|p1a: Reginaldo-Prime|Earthquake|p2a: Farigiraf|[spread] p1b,p2a,p2b\n|-damage|p1b: Cotoco|8/100\n|-damage|p2a: Farigiraf|0 fnt\n|-damage|p2b: Conkeldurr|11/100\n|faint|p2a: Farigiraf\n|\n|-weather|SunnyDay|[upkeep]\n|upkeep\n|\n|t:|1776302627\n|switch|p2a: Tyranitar|Tyranitar, L50, F|100/100\n|-weather|Sandstorm|[from] ability: Sand Stream|[of] p2a: Tyranitar\n|turn|5\n|\n|t:|1776302638\n|move|p2b: Conkeldurr|Protect|p2b: Conkeldurr\n|-singleturn|p2b: Conkeldurr|Protect\n|move|p1b: Cotoco|Dazzling Gleam|p2a: Tyranitar|[spread] p2a\n|-activate|p2b: Conkeldurr|move: Protect\n|-supereffective|p2a: Tyranitar|1\n|-damage|p2a: Tyranitar|74/100\n|move|p2a: Tyranitar|Knock Off|p1a: Reginaldo-Prime\n|-supereffective|p1a: Reginaldo-Prime|1\n|-damage|p1a: Reginaldo-Prime|11/100\n|move|p1a: Reginaldo-Prime|Drain Punch|p2a: Tyranitar\n|-supereffective|p2a: Tyranitar|2\n|-damage|p2a: Tyranitar|0 fnt\n|-heal|p1a: Reginaldo-Prime|51/100|[from] drain|[of] p2a: Tyranitar\n|faint|p2a: Tyranitar\n|\n|-weather|Sandstorm|[upkeep]\n|-damage|p1b: Cotoco|2/100|[from] Sandstorm\n|-damage|p2b: Conkeldurr|5/100|[from] Sandstorm\n|upkeep\n|turn|6\n|\n|t:|1776302662\n|move|p2b: Conkeldurr|Protect||[still]\n|-fail|p2b: Conkeldurr\n|move|p1b: Cotoco|Dazzling Gleam|p2b: Conkeldurr\n|-supereffective|p2b: Conkeldurr|1\n|-damage|p2b: Conkeldurr|0 fnt\n|faint|p2b: Conkeldurr\n|\n|win|Phonx_Ghost\n|raw|Phonx_Ghost's rating: 1174 &rarr; <strong>1202</strong><br />(+28 for winning)\n|raw|kingofru99's rating: 1219 &rarr; <strong>1191</strong><br />(-28 for losing)\n",
  "uploadtime": 1776302670,
  "views": 20,
  "formatid": "gen9championsvgc2026regma",
  "rating": 1191,
  "private": 0,
  "password": null
}