{
  "id": "gen9championsvgc2026regma-2582887241",
  "format": "[Gen 9 Champions] VGC 2026 Reg M-A",
  "players": [
    "PokegirlMaroon",
    "51_vm"
  ],
  "log": "|j|\u2606PokegirlMaroon\n|j|\u260651_vm\n|t:|1776122157\n|gametype|doubles\n|player|p1|PokegirlMaroon|psychicf-gen4|1060\n|player|p2|51_vm|unknown|1051\n|gen|9\n|tier|[Gen 9 Champions] VGC 2026 Reg M-A\n|rated|\n|rule|Species Clause: Limit one of each Pok\u00e9mon\n|rule|Item Clause: Limit 1 of each item\n|clearpoke\n|poke|p1|Hatterene, L50, F|\n|poke|p1|Ariados, L50, M|\n|poke|p1|Ampharos, L50, F|\n|poke|p1|Torkoal, L50, F|\n|poke|p1|Goodra-Hisui, L50, F|\n|poke|p1|Slowbro, L50, M|\n|poke|p2|Sneasler, L50, M|\n|poke|p2|Lucario, L50, F|\n|poke|p2|Milotic, L50, F|\n|poke|p2|Garchomp, L50, F|\n|poke|p2|Rotom-Wash, L50|\n|poke|p2|Meowstic, L50, M|\n|teampreview|4\n|\n|t:|1776122204\n|teamsize|p1|4\n|teamsize|p2|4\n|start\n|switch|p1a: Slowbro|Slowbro, L50, M|100/100\n|switch|p1b: Ariados|Ariados, L50, M, shiny|100/100\n|switch|p2a: Sneasler|Sneasler, L50, M, shiny|100/100\n|switch|p2b: Meowstic|Meowstic, L50, M, shiny|100/100\n|turn|1\n|\n|t:|1776122216\n|move|p2a: Sneasler|Fake Out|p1a: Slowbro\n|-damage|p1a: Slowbro|91/100\n|move|p1b: Ariados|First Impression|p2b: Meowstic\n|-supereffective|p2b: Meowstic|1\n|-damage|p2b: Meowstic|0 fnt\n|faint|p2b: Meowstic\n|cant|p1a: Slowbro|flinch\n|\n|upkeep\n|\n|t:|1776122229\n|switch|p2b: Garchomp|Garchomp, L50, F, shiny|100/100\n|turn|2\n|\n|t:|1776122239\n|move|p2a: Sneasler|Protect|p2a: Sneasler\n|-singleturn|p2a: Sneasler|Protect\n|move|p1b: Ariados|Rage Powder|p1b: Ariados\n|-singleturn|p1b: Ariados|move: Rage Powder\n|move|p2b: Garchomp|Earthquake|p1b: Ariados|[spread] p1a,p1b\n|-activate|p2a: Sneasler|move: Protect\n|-damage|p1a: Slowbro|58/100\n|-damage|p1b: Ariados|26/100\n|move|p1a: Slowbro|Trick Room|p1a: Slowbro\n|-fieldstart|move: Trick Room|[of] p1a: Slowbro\n|\n|upkeep\n|turn|3\n|\n|t:|1776122255\n|switch|p2a: Milotic|Milotic, L50, F, shiny|100/100\n|move|p2b: Garchomp|Protect|p2b: Garchomp\n|-singleturn|p2b: Garchomp|Protect\n|move|p1a: Slowbro|Scald|p2b: Garchomp\n|-activate|p2b: Garchomp|move: Protect\n|move|p1b: Ariados|Cross Poison|p2b: Garchomp\n|-activate|p2b: Garchomp|move: Protect\n|\n|upkeep\n|turn|4\n|\n|t:|1776122278\n|move|p1a: Slowbro|Helping Hand|p1b: Ariados\n|-singleturn|p1b: Ariados|Helping Hand|[of] p1a: Slowbro\n|move|p1b: Ariados|Cross Poison|p2a: Milotic\n|-crit|p2a: Milotic\n|-damage|p2a: Milotic|0 fnt\n|faint|p2a: Milotic\n|move|p2b: Garchomp|Earthquake|p1a: Slowbro|[spread] p1a,p1b\n|-damage|p1a: Slowbro|28/100\n|-damage|p1b: Ariados|0 fnt\n|faint|p1b: Ariados\n|\n|upkeep\n|\n|t:|1776122289\n|switch|p1b: Goodra|Goodra-Hisui, L50, F|100/100\n|switch|p2a: Sneasler|Sneasler, L50, M, shiny|100/100\n|turn|5\n|\n|t:|1776122303\n|move|p1b: Goodra|Protect|p1b: Goodra\n|-singleturn|p1b: Goodra|Protect\n|move|p2b: Garchomp|Protect|p2b: Garchomp\n|-singleturn|p2b: Garchomp|Protect\n|move|p2a: Sneasler|Fake Out|p1b: Goodra\n|-activate|p1b: Goodra|move: Protect\n|move|p1a: Slowbro|Scald|p2a: Sneasler\n|-damage|p2a: Sneasler|61/100\n|\n|upkeep\n|turn|6\n|\n|t:|1776122325\n|move|p2a: Sneasler|Protect|p2a: Sneasler\n|-singleturn|p2a: Sneasler|Protect\n|move|p1a: Slowbro|Psychic Noise|p2a: Sneasler\n|-activate|p2a: Sneasler|move: Protect\n|move|p1b: Goodra|Ice Beam|p2b: Garchomp\n|-supereffective|p2b: Garchomp|2\n|-damage|p2b: Garchomp|0 fnt\n|faint|p2b: Garchomp\n|\n|-fieldend|move: Trick Room\n|upkeep\n|turn|7\n|-message|51_vm forfeited.\n|\n|win|PokegirlMaroon\n|raw|PokegirlMaroon's rating: 1060 &rarr; <strong>1090</strong><br />(+30 for winning)\n|raw|51_vm's rating: 1051 &rarr; <strong>1034</strong><br />(-17 for losing)\n|l|\u260651_vm\n|player|p2|\n",
  "uploadtime": 1776122342,
  "views": 22,
  "formatid": "gen9championsvgc2026regma",
  "rating": 1034,
  "private": 0,
  "password": null
}