{
  "id": "gen9championsvgc2026regma-2587261550",
  "format": "[Gen 9 Champions] VGC 2026 Reg M-A",
  "players": [
    "chupes",
    "brojonski"
  ],
  "log": "|j|\u2606chupes\n|j|\u2606brojonski\n|t:|1776515722\n|gametype|doubles\n|player|p1|chupes|blaine|1276\n|player|p2|brojonski|brock|1336\n|gen|9\n|tier|[Gen 9 Champions] VGC 2026 Reg M-A\n|rated|\n|rule|Species Clause: Limit one of each Pok\u00e9mon\n|rule|Item Clause: Limit 1 of each item\n|clearpoke\n|poke|p1|Sharpedo, L50, M|\n|poke|p1|Tauros-Paldea-Blaze, L50, M|\n|poke|p1|Sinistcha, L50|\n|poke|p1|Tinkaton, L50, F|\n|poke|p1|Politoed, L50, M|\n|poke|p1|Aerodactyl, L50, F|\n|poke|p2|Crabominable, L50, F|\n|poke|p2|Zoroark-Hisui, L50, M|\n|poke|p2|Slowking, L50, F|\n|poke|p2|Incineroar, L50, F|\n|poke|p2|Tsareena, L50, F|\n|poke|p2|Glimmora, L50, F|\n|teampreview|4\n|inactive|Battle timer is ON: inactive players will automatically lose when time's up. (requested by brojonski)\n|inactive|brojonski has 60 seconds left.\n|inactive|brojonski has 30 seconds left.\n|inactive|brojonski has 20 seconds left.\n|\n|t:|1776515793\n|teamsize|p1|4\n|teamsize|p2|4\n|start\n|switch|p1a: Sharpedo|Sharpedo, L50, M|100/100\n|switch|p1b: Politoed|Politoed, L50, M|100/100\n|switch|p2a: Slowking|Slowking, L50, F|100/100\n|switch|p2b: Incineroar|Incineroar, L50, F|100/100\n|-weather|RainDance|[from] ability: Drizzle|[of] p1b: Politoed\n|-ability|p2b: Incineroar|Intimidate|boost\n|-unboost|p1a: Sharpedo|atk|1\n|-unboost|p1b: Politoed|atk|1\n|turn|1\n|\n|t:|1776515813\n|switch|p2b: Tsareena|Tsareena, L50, F|100/100\n|detailschange|p1a: Sharpedo|Sharpedo-Mega, L50, M\n|-mega|p1a: Sharpedo|Sharpedo|Sharpedonite\n|move|p1a: Sharpedo|Crunch|p2a: Slowking\n|-supereffective|p2a: Slowking|1\n|-enditem|p2a: Slowking|Colbur Berry|[eat]\n|-enditem|p2a: Slowking|Colbur Berry|[weaken]\n|-damage|p2a: Slowking|55/100\n|-unboost|p2a: Slowking|def|1\n|move|p1b: Politoed|Weather Ball|p2b: Tsareena\n|-resisted|p2b: Tsareena|1\n|-damage|p2b: Tsareena|64/100\n|move|p2a: Slowking|Trick Room|p2a: Slowking\n|-fieldstart|move: Trick Room|[of] p2a: Slowking\n|\n|-weather|RainDance|[upkeep]\n|upkeep\n|turn|2\n|inactive|brojonski has 30 seconds left.\n|\n|t:|1776515840\n|switch|p1b: Tinkaton|Tinkaton, L50, F|100/100\n|switch|p1a: Tauros|Tauros-Paldea-Blaze, L50, M|100/100\n|-ability|p1a: Tauros|Intimidate|boost\n|-unboost|p2a: Slowking|atk|1\n|-unboost|p2b: Tsareena|atk|1\n|-enditem|p2b: Tsareena|White Herb\n|-clearnegativeboost|p2b: Tsareena|[silent]\n|-prepare|p2a: Slowking|Chilly Reception|[premajor]\n|move|p2a: Slowking|Chilly Reception|p2a: Slowking\n|-weather|Snowscape\n|\n|t:|1776515854\n|switch|p2a: Crabominable|Crabominable, L50, F|100/100|[from] Chilly Reception\n|move|p2b: Tsareena|Trop Kick|p1b: Tinkaton\n|-resisted|p1b: Tinkaton|1\n|-damage|p1b: Tinkaton|77/100\n|-unboost|p1b: Tinkaton|atk|1\n|\n|-weather|Snowscape|[upkeep]\n|upkeep\n|turn|3\n|inactive|brojonski has 30 seconds left.\n|inactive|brojonski has 20 seconds left.\n|inactive|brojonski has 15 seconds left.\n|inactive|brojonski has 10 seconds left.\n|inactive|brojonski has 5 seconds left.\n|\n|t:|1776515907\n|switch|p2b: Slowking|Slowking, L50, F|89/100\n|detailschange|p2a: Crabominable|Crabominable-Mega, L50, F\n|-mega|p2a: Crabominable|Crabominable|Crabominite\n|move|p2a: Crabominable|Close Combat|p1b: Tinkaton\n|-damage|p1b: Tinkaton|0 fnt\n|-unboost|p2a: Crabominable|def|1\n|-unboost|p2a: Crabominable|spd|1\n|faint|p1b: Tinkaton\n|move|p1a: Tauros|Will-O-Wisp|p2a: Crabominable\n|-status|p2a: Crabominable|brn\n|\n|-weather|Snowscape|[upkeep]\n|-damage|p2a: Crabominable|95/100 brn|[from] brn\n|upkeep\n|\n|t:|1776515920\n|switch|p1b: Politoed|Politoed, L50, M|100/100\n|-weather|RainDance|[from] ability: Drizzle|[of] p1b: Politoed\n|turn|4\n|\n|t:|1776515940\n|move|p2a: Crabominable|Close Combat|p1b: Politoed\n|-damage|p1b: Politoed|57/100\n|-unboost|p2a: Crabominable|def|1\n|-unboost|p2a: Crabominable|spd|1\n|move|p2b: Slowking|Psychic Noise|p1a: Tauros\n|-supereffective|p1a: Tauros|1\n|-damage|p1a: Tauros|12/100\n|-start|p1a: Tauros|move: Heal Block\n|move|p1b: Politoed|Weather Ball|p2a: Crabominable\n|-damage|p2a: Crabominable|0 fnt\n|faint|p2a: Crabominable\n|move|p1a: Tauros|Close Combat|p2b: Slowking\n|-resisted|p2b: Slowking|1\n|-damage|p2b: Slowking|65/100\n|-unboost|p1a: Tauros|def|1\n|-unboost|p1a: Tauros|spd|1\n|\n|-weather|RainDance|[upkeep]\n|upkeep\n|\n|t:|1776515963\n|switch|p2a: Incineroar|Incineroar, L50, F|100/100\n|-ability|p2a: Incineroar|Intimidate|boost\n|-unboost|p1a: Tauros|atk|1\n|-unboost|p1b: Politoed|atk|1\n|turn|5\n|\n|t:|1776515974\n|move|p2b: Slowking|Scald|p1a: Tauros\n|-supereffective|p1a: Tauros|1\n|-damage|p1a: Tauros|0 fnt\n|faint|p1a: Tauros\n|move|p2a: Incineroar|Parting Shot|p1b: Politoed\n|-unboost|p1b: Politoed|atk|1\n|-unboost|p1b: Politoed|spa|1\n|\n|t:|1776515981\n|switch|p2a: Tsareena|Tsareena, L50, F|64/100|[from] Parting Shot\n|move|p1b: Politoed|Weather Ball|p2a: Tsareena\n|-resisted|p2a: Tsareena|1\n|-damage|p2a: Tsareena|38/100\n|\n|-weather|RainDance|[upkeep]\n|-fieldend|move: Trick Room\n|upkeep\n|\n|t:|1776515982\n|switch|p1a: Sharpedo|Sharpedo-Mega, L50, M|100/100\n|turn|6\n|\n|t:|1776516006\n|switch|p2a: Incineroar|Incineroar, L50, F|100/100\n|-ability|p2a: Incineroar|Intimidate|boost\n|-unboost|p1a: Sharpedo|atk|1\n|-unboost|p1b: Politoed|atk|1\n|move|p1a: Sharpedo|Crunch|p2a: Incineroar\n|-resisted|p2a: Incineroar|1\n|-crit|p2a: Incineroar\n|-damage|p2a: Incineroar|53/100\n|move|p1b: Politoed|Weather Ball|p2a: Incineroar\n|-supereffective|p2a: Incineroar|1\n|-damage|p2a: Incineroar|0 fnt\n|faint|p2a: Incineroar\n|move|p2b: Slowking|Trick Room|p2b: Slowking\n|-fieldstart|move: Trick Room|[of] p2b: Slowking\n|\n|-weather|RainDance|[upkeep]\n|upkeep\n|\n|t:|1776516018\n|switch|p2a: Tsareena|Tsareena, L50, F|38/100\n|turn|7\n|\n|t:|1776516030\n|move|p1a: Sharpedo|Protect|p1a: Sharpedo\n|-singleturn|p1a: Sharpedo|Protect\n|-prepare|p2b: Slowking|Chilly Reception|[premajor]\n|move|p2b: Slowking|Chilly Reception|p2b: Slowking\n|-weather|Snowscape\n|move|p1b: Politoed|Weather Ball|p2a: Tsareena\n|-supereffective|p2a: Tsareena|1\n|-damage|p2a: Tsareena|0 fnt\n|faint|p2a: Tsareena\n|\n|-weather|Snowscape|[upkeep]\n|upkeep\n|turn|8\n|-message|brojonski forfeited.\n|\n|win|chupes\n|raw|chupes's rating: 1276 &rarr; <strong>1305</strong><br />(+29 for winning)\n|raw|brojonski's rating: 1336 &rarr; <strong>1313</strong><br />(-23 for losing)\n",
  "uploadtime": 1776516040,
  "views": 31,
  "formatid": "gen9championsvgc2026regma",
  "rating": 1305,
  "private": 0,
  "password": null
}