{
  "id": "gen9championsvgc2026regma-2585843274",
  "format": "[Gen 9 Champions] VGC 2026 Reg M-A",
  "players": [
    "lSuis",
    "mrguy888"
  ],
  "log": "|j|\u2606lSuis\n|j|\u2606mrguy888\n|t:|1776374858\n|gametype|doubles\n|player|p1|lSuis|clerk|1178\n|player|p2|mrguy888|noland-gen3|1268\n|gen|9\n|tier|[Gen 9 Champions] VGC 2026 Reg M-A\n|rated|\n|rule|Species Clause: Limit one of each Pok\u00e9mon\n|rule|Item Clause: Limit 1 of each item\n|clearpoke\n|poke|p1|Froslass, L50, F|\n|poke|p1|Garchomp, L50, M|\n|poke|p1|Basculegion, L50, M|\n|poke|p1|Sneasler, L50, F|\n|poke|p1|Floette-Eternal, L50, F|\n|poke|p1|Kingambit, L50, M|\n|poke|p2|Floette-Eternal, L50, F|\n|poke|p2|Aerodactyl, L50, F|\n|poke|p2|Tauros-Paldea-Aqua, L50, M|\n|poke|p2|Kangaskhan, L50, F|\n|poke|p2|Rotom-Heat, L50|\n|poke|p2|Aegislash, L50, F|\n|teampreview|4\n|inactive|Battle timer is ON: inactive players will automatically lose when time's up. (requested by mrguy888)\n|inactive|lSuis has 60 seconds left.\n|inactive|mrguy888 has 60 seconds left.\n|\n|t:|1776374916\n|teamsize|p1|4\n|teamsize|p2|4\n|start\n|switch|p1a: Froslass|Froslass, L50, F, shiny|100/100\n|switch|p1b: Kingambit|Kingambit, L50, M, shiny|100/100\n|switch|p2a: Rotom|Rotom-Heat, L50|100/100\n|switch|p2b: Aegislash|Aegislash, L50, F|100/100\n|turn|1\n|inactive|lSuis has 30 seconds left.\n|\n|t:|1776374942\n|switch|p1a: Garchomp|Garchomp, L50, M, shiny|100/100\n|move|p1b: Kingambit|Sucker Punch|p2b: Aegislash\n|-supereffective|p2b: Aegislash|1\n|-damage|p2b: Aegislash|27/100\n|move|p2a: Rotom|Will-O-Wisp|p1b: Kingambit\n|-status|p1b: Kingambit|brn\n|-formechange|p2b: Aegislash|Aegislash-Blade|\n|move|p2b: Aegislash|Poltergeist|p1a: Garchomp\n|-activate|p1a: Garchomp|move: Poltergeist|Choice Scarf\n|-damage|p1a: Garchomp|19/100\n|\n|-damage|p1b: Kingambit|94/100 brn|[from] brn\n|upkeep\n|turn|2\n|inactive|mrguy888 has 30 seconds left.\n|inactive|mrguy888 has 20 seconds left.\n|\n|t:|1776374977\n|switch|p2a: Floette|Floette-Eternal, L50, F|100/100\n|move|p2b: Aegislash|Shadow Sneak|p1a: Garchomp\n|-damage|p1a: Garchomp|0 fnt\n|faint|p1a: Garchomp\n|move|p1b: Kingambit|Sucker Punch||[still]\n|-fail|p1b: Kingambit\n|\n|-damage|p1b: Kingambit|88/100 brn|[from] brn\n|upkeep\n|\n|t:|1776374989\n|switch|p1a: Basculegion|Basculegion, L50, M, shiny|100/100\n|turn|3\n|\n|t:|1776375009\n|detailschange|p2a: Floette|Floette-Mega, L50, F\n|-mega|p2a: Floette|Floette|Floettite\n|-ability|p2a: Floette|Fairy Aura\n|move|p1a: Basculegion|Protect|p1a: Basculegion\n|-singleturn|p1a: Basculegion|Protect\n|move|p2a: Floette|Protect|p2a: Floette\n|-singleturn|p2a: Floette|Protect\n|move|p2b: Aegislash|Shadow Sneak|p1a: Basculegion\n|-activate|p1a: Basculegion|move: Protect\n|move|p1b: Kingambit|Iron Head|p2a: Floette\n|-activate|p2a: Floette|move: Protect\n|\n|-damage|p1b: Kingambit|82/100 brn|[from] brn\n|upkeep\n|turn|4\n|inactive|lSuis has 30 seconds left.\n|\n|t:|1776375036\n|switch|p2a: Rotom|Rotom-Heat, L50|100/100\n|-formechange|p2b: Aegislash|Aegislash|\n|move|p2b: Aegislash|King's Shield|p2b: Aegislash\n|-singleturn|p2b: Aegislash|Protect\n|move|p1a: Basculegion|Last Respects|p2a: Rotom\n|-damage|p2a: Rotom|18/100\n|move|p1b: Kingambit|Iron Head|p2a: Rotom\n|-resisted|p2a: Rotom|2\n|-damage|p2a: Rotom|12/100\n|\n|-damage|p1b: Kingambit|76/100 brn|[from] brn\n|upkeep\n|turn|5\n|inactive|mrguy888 has 30 seconds left.\n|\n|t:|1776375064\n|move|p1a: Basculegion|Protect|p1a: Basculegion\n|-singleturn|p1a: Basculegion|Protect\n|-formechange|p2b: Aegislash|Aegislash-Blade|\n|move|p2b: Aegislash|Shadow Sneak|p1a: Basculegion\n|-activate|p1a: Basculegion|move: Protect\n|move|p1b: Kingambit|Sucker Punch|p2a: Rotom\n|-damage|p2a: Rotom|0 fnt\n|faint|p2a: Rotom\n|\n|-damage|p1b: Kingambit|69/100 brn|[from] brn\n|upkeep\n|\n|t:|1776375071\n|switch|p2a: Floette|Floette-Mega, L50, F|100/100\n|-ability|p2a: Floette|Fairy Aura\n|turn|6\n|\n|t:|1776375080\n|move|p2a: Floette|Protect|p2a: Floette\n|-singleturn|p2a: Floette|Protect\n|move|p2b: Aegislash|Shadow Sneak|p1a: Basculegion\n|-supereffective|p1a: Basculegion|1\n|-damage|p1a: Basculegion|32/100\n|-enditem|p1a: Basculegion|Sitrus Berry|[eat]\n|-heal|p1a: Basculegion|56/100|[from] item: Sitrus Berry\n|move|p1a: Basculegion|Last Respects|p2a: Floette\n|-activate|p2a: Floette|move: Protect\n|move|p1b: Kingambit|Iron Head|p2a: Floette\n|-activate|p2a: Floette|move: Protect\n|\n|-damage|p1b: Kingambit|63/100 brn|[from] brn\n|upkeep\n|turn|7\n|\n|t:|1776375101\n|move|p2b: Aegislash|Shadow Sneak|p1a: Basculegion\n|-supereffective|p1a: Basculegion|1\n|-crit|p1a: Basculegion\n|-damage|p1a: Basculegion|0 fnt\n|faint|p1a: Basculegion\n|move|p1b: Kingambit|Sucker Punch||[still]\n|-fail|p1b: Kingambit\n|move|p2a: Floette|Moonblast|p1b: Kingambit\n|-damage|p1b: Kingambit|0 fnt\n|faint|p1b: Kingambit\n|\n|upkeep\n|\n|t:|1776375108\n|switch|p1b: Froslass|Froslass, L50, F, shiny|100/100\n|turn|8\n|\n|t:|1776375118\n|detailschange|p1b: Froslass|Froslass-Mega, L50, F, shiny\n|-mega|p1b: Froslass|Froslass|Froslassite\n|-weather|Snowscape|[from] ability: Snow Warning|[of] p1b: Froslass\n|move|p2b: Aegislash|Shadow Sneak|p1b: Froslass\n|-supereffective|p1b: Froslass|1\n|-damage|p1b: Froslass|38/100\n|move|p1b: Froslass|Shadow Ball|p2b: Aegislash\n|-supereffective|p2b: Aegislash|1\n|-damage|p2b: Aegislash|0 fnt\n|faint|p2b: Aegislash\n|move|p2a: Floette|Moonblast|p1b: Froslass\n|-crit|p1b: Froslass\n|-damage|p1b: Froslass|0 fnt\n|faint|p1b: Froslass\n|\n|win|mrguy888\n|raw|lSuis's rating: 1178 &rarr; <strong>1159</strong><br />(-19 for losing)\n|raw|mrguy888's rating: 1268 &rarr; <strong>1287</strong><br />(+19 for winning)\n",
  "uploadtime": 1776375133,
  "views": 24,
  "formatid": "gen9championsvgc2026regma",
  "rating": 1159,
  "private": 0,
  "password": null
}