{
  "id": "gen9championsvgc2026regma-2580715406",
  "format": "[Gen 9 Champions] VGC 2026 Reg M-A",
  "players": [
    "atfalse",
    "Vouldoon"
  ],
  "log": "|j|\u2606atfalse\n|j|\u2606Vouldoon\n|t:|1775926594\n|gametype|doubles\n|player|p1|atfalse|shadowtriad|1279\n|player|p2|Vouldoon|battlegirl-gen4|1340\n|gen|9\n|tier|[Gen 9 Champions] VGC 2026 Reg M-A\n|rated|\n|rule|Species Clause: Limit one of each Pok\u00e9mon\n|rule|Item Clause: Limit 1 of each item\n|clearpoke\n|poke|p1|Maushold, L50|\n|poke|p1|Garchomp, L50, M|\n|poke|p1|Rotom-Wash, L50|\n|poke|p1|Floette-Eternal, L50, F|\n|poke|p1|Talonflame, L50, F|\n|poke|p1|Aegislash, L50, F|\n|poke|p2|Glimmora, L50, F|\n|poke|p2|Whimsicott, L50, F|\n|poke|p2|Incineroar, L50, F|\n|poke|p2|Dragonite, L50, M|\n|poke|p2|Basculegion, L50, M|\n|poke|p2|Gallade, L50, M|\n|teampreview|4\n|inactive|Battle timer is ON: inactive players will automatically lose when time's up. (requested by Vouldoon)\n|inactive|atfalse has 60 seconds left.\n|\n|t:|1775926678\n|teamsize|p1|4\n|teamsize|p2|4\n|start\n|switch|p1a: Floette|Floette-Eternal, L50, F|100/100\n|switch|p1b: Garchomp|Garchomp, L50, M|100/100\n|switch|p2a: Whimsicott|Whimsicott, L50, F|100/100\n|switch|p2b: Basculegion|Basculegion, L50, M|100/100\n|turn|1\n|\n|t:|1775926704\n|switch|p1a: Rotom|Rotom-Wash, L50|100/100\n|move|p2b: Basculegion|Wave Crash|p1a: Rotom\n|-resisted|p1a: Rotom|1\n|-damage|p1a: Rotom|61/100\n|-damage|p2b: Basculegion|90/100|[from] Recoil\n|move|p2a: Whimsicott|Moonblast|p1b: Garchomp\n|-supereffective|p1b: Garchomp|1\n|-damage|p1b: Garchomp|25/100\n|move|p1b: Garchomp|Earthquake|p2a: Whimsicott|[spread] p2a,p2b\n|-immune|p1a: Rotom|[from] ability: Levitate\n|-resisted|p2a: Whimsicott|1\n|-damage|p2a: Whimsicott|66/100\n|-damage|p2b: Basculegion|32/100\n|\n|upkeep\n|turn|2\n|\n|t:|1775926722\n|switch|p1b: Aegislash|Aegislash, L50, F|100/100\n|move|p2a: Whimsicott|Tailwind|p2a: Whimsicott\n|-sidestart|p2: Vouldoon|move: Tailwind\n|move|p2b: Basculegion|Wave Crash|p1b: Aegislash\n|-damage|p1b: Aegislash|44/100\n|-damage|p2b: Basculegion|17/100|[from] Recoil\n|move|p1a: Rotom|Volt Switch|p2b: Basculegion\n|-supereffective|p2b: Basculegion|1\n|-damage|p2b: Basculegion|0 fnt\n|faint|p2b: Basculegion\n|\n|t:|1775926739\n|switch|p1a: Garchomp|Garchomp, L50, M|25/100|[from] Volt Switch\n|\n|upkeep\n|\n|t:|1775926744\n|switch|p2b: Glimmora|Glimmora, L50, F|100/100\n|turn|3\n|\n|t:|1775926752\n|detailschange|p2b: Glimmora|Glimmora-Mega, L50, F\n|-mega|p2b: Glimmora|Glimmora|Glimmoranite\n|move|p1a: Garchomp|Protect|p1a: Garchomp\n|-singleturn|p1a: Garchomp|Protect\n|move|p2a: Whimsicott|Moonblast|p1a: Garchomp\n|-activate|p1a: Garchomp|move: Protect\n|move|p2b: Glimmora|Power Gem|p1b: Aegislash\n|-resisted|p1b: Aegislash|1\n|-damage|p1b: Aegislash|20/100\n|-formechange|p1b: Aegislash|Aegislash-Blade|\n|move|p1b: Aegislash|Iron Head|p2b: Glimmora\n|-supereffective|p2b: Glimmora|1\n|-damage|p2b: Glimmora|0 fnt\n|faint|p2b: Glimmora\n|\n|upkeep\n|\n|t:|1775926768\n|switch|p2b: Gallade|Gallade, L50, M|100/100\n|turn|4\n|\n|t:|1775926781\n|-formechange|p1b: Aegislash|Aegislash|\n|move|p1b: Aegislash|King's Shield|p1b: Aegislash\n|-singleturn|p1b: Aegislash|Protect\n|move|p2a: Whimsicott|Moonblast|p1a: Garchomp\n|-supereffective|p1a: Garchomp|1\n|-damage|p1a: Garchomp|0 fnt\n|faint|p1a: Garchomp\n|move|p2b: Gallade|Psycho Cut|p1b: Aegislash\n|-activate|p1b: Aegislash|move: Protect\n|\n|upkeep\n|\n|t:|1775926802\n|switch|p1a: Floette|Floette-Eternal, L50, F|100/100\n|turn|5\n|\n|t:|1775926814\n|detailschange|p1a: Floette|Floette-Mega, L50, F\n|-mega|p1a: Floette|Floette|Floettite\n|-ability|p1a: Floette|Fairy Aura\n|-formechange|p1b: Aegislash|Aegislash-Blade|\n|move|p1b: Aegislash|Shadow Sneak|p2b: Gallade\n|-supereffective|p2b: Gallade|1\n|-damage|p2b: Gallade|4/100\n|move|p2a: Whimsicott|Moonblast|p1a: Floette\n|-damage|p1a: Floette|67/100\n|move|p2b: Gallade|Psycho Cut|p1a: Floette\n|-damage|p1a: Floette|13/100\n|move|p1a: Floette|Dazzling Gleam|p2a: Whimsicott|[spread] p2a,p2b\n|-supereffective|p2b: Gallade|1\n|-damage|p2a: Whimsicott|0 fnt\n|-damage|p2b: Gallade|0 fnt\n|faint|p2a: Whimsicott\n|faint|p2b: Gallade\n|\n|win|atfalse\n|raw|atfalse's rating: 1279 &rarr; <strong>1308</strong><br />(+29 for winning)\n|raw|Vouldoon's rating: 1340 &rarr; <strong>1317</strong><br />(-23 for losing)\n|l|\u2606atfalse\n|player|p1|\n",
  "uploadtime": 1775926867,
  "views": 71,
  "formatid": "gen9championsvgc2026regma",
  "rating": 1308,
  "private": 0,
  "password": null
}