{
  "id": "gen9championsvgc2026regma-2582821979",
  "format": "[Gen 9 Champions] VGC 2026 Reg M-A",
  "players": [
    "hoomit",
    "RealJCubed"
  ],
  "log": "|j|\u2606hoomit\n|j|\u2606RealJCubed\n|t:|1776116722\n|gametype|doubles\n|player|p1|hoomit|170|1000\n|player|p2|RealJCubed|gentleman|1022\n|gen|9\n|tier|[Gen 9 Champions] VGC 2026 Reg M-A\n|rated|\n|rule|Species Clause: Limit one of each Pok\u00e9mon\n|rule|Item Clause: Limit 1 of each item\n|clearpoke\n|poke|p1|Volcarona, L50, F|\n|poke|p1|Quaquaval, L50, M|\n|poke|p1|Toxapex, L50, M|\n|poke|p1|Gengar, L50, M|\n|poke|p1|Tinkaton, L50, F|\n|poke|p1|Skarmory, L50, M|\n|poke|p2|Araquanid, L50, M|\n|poke|p2|Greninja-*, L50, F|\n|poke|p2|Pelipper, L50, M|\n|poke|p2|Sneasler, L50, F|\n|poke|p2|Klefki, L50, M|\n|poke|p2|Kleavor, L50, F|\n|teampreview|4\n|inactive|Battle timer is ON: inactive players will automatically lose when time's up. (requested by hoomit)\n|inactive|RealJCubed has 60 seconds left.\n|\n|t:|1776116776\n|teamsize|p1|4\n|teamsize|p2|4\n|start\n|switch|p1a: Toxapex|Toxapex, L50, M|100/100\n|switch|p1b: Gengar|Gengar, L50, M, shiny|100/100\n|switch|p2a: Araquanid|Araquanid, L50, M|100/100\n|switch|p2b: Greninja|Greninja, L50, F|100/100\n|turn|1\n|\n|t:|1776116793\n|detailschange|p2b: Greninja|Greninja-Mega, L50, F\n|-mega|p2b: Greninja|Greninja|Greninjite\n|detailschange|p1b: Gengar|Gengar-Mega, L50, M, shiny\n|-mega|p1b: Gengar|Gengar|Gengarite\n|move|p2b: Greninja|Hydro Pump|p1b: Gengar\n|-start|p2b: Greninja|typechange|Water|[from] ability: Protean\n|-damage|p1b: Gengar|39/100\n|move|p2a: Araquanid|Entrainment|p2b: Greninja\n|-ability|p2b: Greninja|Water Bubble|Protean|[from] move: Entrainment|[of] p2a: Araquanid\n|move|p1a: Toxapex|Toxic|p2b: Greninja\n|-status|p2b: Greninja|tox\n|move|p1b: Gengar|Trick Room|p1b: Gengar\n|-fieldstart|move: Trick Room|[of] p1b: Gengar\n|\n|-damage|p2b: Greninja|94/100 tox|[from] psn\n|upkeep\n|turn|2\n|\n|t:|1776116814\n|move|p2b: Greninja|Protect|p2b: Greninja\n|-singleturn|p2b: Greninja|Protect\n|move|p1a: Toxapex|Toxic|p2a: Araquanid\n|-status|p2a: Araquanid|tox\n|move|p2a: Araquanid|Liquidation|p1b: Gengar\n|-damage|p1b: Gengar|0 fnt\n|faint|p1b: Gengar\n|\n|-damage|p2a: Araquanid|95/100 tox|[from] psn\n|-damage|p2b: Greninja|82/100 tox|[from] psn\n|upkeep\n|\n|t:|1776116825\n|switch|p1b: Tinkaton|Tinkaton, L50, F|100/100\n|turn|3\n|\n|t:|1776116836\n|switch|p2b: Klefki|Klefki, L50, M|100/100\n|move|p1b: Tinkaton|Fake Out|p2a: Araquanid\n|-damage|p2a: Araquanid|83/100 tox\n|move|p1a: Toxapex|Infestation|p2b: Klefki\n|-resisted|p2b: Klefki|2\n|-damage|p2b: Klefki|99/100\n|-activate|p2b: Klefki|move: Infestation|[of] p1a: Toxapex\n|cant|p2a: Araquanid|flinch\n|\n|-heal|p2a: Araquanid|89/100 tox|[from] item: Leftovers\n|-damage|p2a: Araquanid|78/100 tox|[from] psn\n|-damage|p2b: Klefki|88/100|[from] move: Infestation|[partiallytrapped]\n|upkeep\n|turn|4\n|inactive|RealJCubed has 30 seconds left.\n|\n|t:|1776116863\n|move|p1a: Toxapex|Baneful Bunker|p1a: Toxapex\n|-singleturn|p1a: Toxapex|move: Protect\n|move|p2b: Klefki|Reflect|p2b: Klefki\n|-sidestart|p2: RealJCubed|Reflect\n|move|p2a: Araquanid|Liquidation|p1b: Tinkaton\n|-crit|p1b: Tinkaton\n|-damage|p1b: Tinkaton|29/100\n|-unboost|p1b: Tinkaton|def|1\n|-enditem|p2a: Araquanid|Leftovers|[silent]|[from] ability: Pickpocket|[of] p2a: Araquanid\n|-item|p1b: Tinkaton|Leftovers|[from] ability: Pickpocket|[of] p2a: Araquanid\n|move|p1b: Tinkaton|Swords Dance|p1b: Tinkaton\n|-boost|p1b: Tinkaton|atk|2\n|\n|-heal|p1b: Tinkaton|35/100|[from] item: Leftovers\n|-damage|p2a: Araquanid|60/100 tox|[from] psn\n|-damage|p2b: Klefki|75/100|[from] move: Infestation|[partiallytrapped]\n|upkeep\n|turn|5\n|\n|t:|1776116885\n|move|p2b: Klefki|Thunder Wave|p1a: Toxapex\n|-status|p1a: Toxapex|par\n|move|p1a: Toxapex|Infestation|p2a: Araquanid\n|-crit|p2a: Araquanid\n|-damage|p2a: Araquanid|57/100 tox\n|-activate|p2a: Araquanid|move: Infestation|[of] p1a: Toxapex\n|move|p2a: Araquanid|Liquidation|p1b: Tinkaton\n|-damage|p1b: Tinkaton|0 fnt\n|faint|p1b: Tinkaton\n|\n|-damage|p2a: Araquanid|34/100 tox|[from] psn\n|-damage|p2a: Araquanid|22/100 tox|[from] move: Infestation|[partiallytrapped]\n|-damage|p2b: Klefki|63/100|[from] move: Infestation|[partiallytrapped]\n|-fieldend|move: Trick Room\n|upkeep\n|\n|t:|1776116898\n|switch|p1b: Quaquaval|Quaquaval, L50, M|100/100\n|turn|6\n|\n|t:|1776116913\n|move|p1a: Toxapex|Baneful Bunker|p1a: Toxapex\n|-singleturn|p1a: Toxapex|move: Protect\n|move|p1b: Quaquaval|Aqua Step|p2b: Klefki\n|-damage|p2b: Klefki|36/100\n|-boost|p1b: Quaquaval|spe|1\n|move|p2b: Klefki|Dazzling Gleam|p1a: Toxapex|[spread] p1b\n|-activate|p1a: Toxapex|move: Protect\n|-supereffective|p1b: Quaquaval|1\n|-damage|p1b: Quaquaval|55/100\n|move|p2a: Araquanid|Lunge|p1b: Quaquaval\n|-resisted|p1b: Quaquaval|1\n|-damage|p1b: Quaquaval|40/100\n|-unboost|p1b: Quaquaval|atk|1\n|\n|-damage|p2a: Araquanid|0 fnt|[from] psn\n|faint|p2a: Araquanid\n|-damage|p2b: Klefki|24/100|[from] move: Infestation|[partiallytrapped]\n|upkeep\n|inactive|RealJCubed has 30 seconds left.\n|inactive|RealJCubed has 20 seconds left.\n|\n|t:|1776116949\n|switch|p2a: Pelipper|Pelipper, L50, M|100/100\n|-weather|RainDance|[from] ability: Drizzle|[of] p2a: Pelipper\n|turn|7\n|\n|t:|1776116962\n|move|p1b: Quaquaval|Aqua Step|p2b: Klefki\n|-damage|p2b: Klefki|0 fnt\n|-boost|p1b: Quaquaval|spe|1\n|faint|p2b: Klefki\n|-ability|p1b: Quaquaval|Moxie|boost\n|-boost|p1b: Quaquaval|atk|1\n|-heal|p1b: Quaquaval|43/100|[from] item: Shell Bell|[of] p2: Klefki\n|move|p2a: Pelipper|Hurricane|p1b: Quaquaval\n|-supereffective|p1b: Quaquaval|1\n|-damage|p1b: Quaquaval|0 fnt\n|faint|p1b: Quaquaval\n|move|p1a: Toxapex|Toxic|p2a: Pelipper\n|-status|p2a: Pelipper|tox\n|\n|-weather|RainDance|[upkeep]\n|-damage|p2a: Pelipper|95/100 tox|[from] psn\n|upkeep\n|\n|t:|1776116972\n|switch|p2b: Greninja|Greninja-Mega, L50, F|82/100 tox\n|turn|8\n|\n|t:|1776116982\n|move|p1a: Toxapex|Baneful Bunker|p1a: Toxapex\n|-singleturn|p1a: Toxapex|move: Protect\n|move|p2b: Greninja|Dark Pulse|p1a: Toxapex\n|-start|p2b: Greninja|typechange|Dark|[from] ability: Protean\n|-activate|p1a: Toxapex|move: Protect\n|move|p2a: Pelipper|Hurricane|p1a: Toxapex\n|-activate|p1a: Toxapex|move: Protect\n|\n|-weather|RainDance|[upkeep]\n|-damage|p2b: Greninja|76/100 tox|[from] psn\n|-damage|p2a: Pelipper|83/100 tox|[from] psn\n|-sideend|p2: RealJCubed|Reflect\n|upkeep\n|turn|9\n|\n|t:|1776116996\n|move|p2b: Greninja|Dark Pulse|p1a: Toxapex\n|-damage|p1a: Toxapex|67/100 par\n|move|p2a: Pelipper|Hurricane|p1a: Toxapex\n|-damage|p1a: Toxapex|38/100 par\n|move|p1a: Toxapex|Infestation|p2b: Greninja\n|-supereffective|p2b: Greninja|1\n|-crit|p2b: Greninja\n|-damage|p2b: Greninja|63/100 tox\n|-activate|p2b: Greninja|move: Infestation|[of] p1a: Toxapex\n|\n|-weather|RainDance|[upkeep]\n|-heal|p1a: Toxapex|44/100 par|[from] item: Leftovers\n|-damage|p2b: Greninja|51/100 tox|[from] psn\n|-damage|p2a: Pelipper|65/100 tox|[from] psn\n|-damage|p2b: Greninja|39/100 tox|[from] move: Infestation|[partiallytrapped]\n|upkeep\n|turn|10\n|\n|t:|1776117009\n|move|p1a: Toxapex|Baneful Bunker|p1a: Toxapex\n|-singleturn|p1a: Toxapex|move: Protect\n|move|p2b: Greninja|Dark Pulse|p1a: Toxapex\n|-activate|p1a: Toxapex|move: Protect\n|move|p2a: Pelipper|Hurricane|p1a: Toxapex\n|-activate|p1a: Toxapex|move: Protect\n|\n|-weather|RainDance|[upkeep]\n|-heal|p1a: Toxapex|49/100 par|[from] item: Leftovers\n|-damage|p2b: Greninja|21/100 tox|[from] psn\n|-damage|p2a: Pelipper|41/100 tox|[from] psn\n|-damage|p2b: Greninja|9/100 tox|[from] move: Infestation|[partiallytrapped]\n|upkeep\n|turn|11\n|\n|t:|1776117021\n|move|p1a: Toxapex|Baneful Bunker||[still]\n|-fail|p1a: Toxapex\n|move|p2b: Greninja|Dark Pulse|p1a: Toxapex\n|-damage|p1a: Toxapex|16/100 par\n|move|p2a: Pelipper|Hurricane|p1a: Toxapex\n|-crit|p1a: Toxapex\n|-damage|p1a: Toxapex|0 fnt\n|faint|p1a: Toxapex\n|\n|win|RealJCubed\n|raw|hoomit's rating: 1000 &rarr; <strong>1000</strong><br />(+0 for losing)\n|raw|RealJCubed's rating: 1022 &rarr; <strong>1056</strong><br />(+34 for winning)\n|l|\u2606hoomit\n|player|p1|\n",
  "uploadtime": 1776117097,
  "views": 21,
  "formatid": "gen9championsvgc2026regma",
  "rating": 1000,
  "private": 0,
  "password": null
}