{
  "id": "gen9championsvgc2026regma-2581945360",
  "format": "[Gen 9 Champions] VGC 2026 Reg M-A",
  "players": [
    "lufox2.0",
    "savemelivie"
  ],
  "log": "|j|\u2606lufox2.0\n|j|\u2606savemelivie\n|t:|1776042094\n|gametype|doubles\n|player|p1|lufox2.0|n|1114\n|player|p2|savemelivie|swimmerf-gen4|1074\n|gen|9\n|tier|[Gen 9 Champions] VGC 2026 Reg M-A\n|rated|\n|rule|Species Clause: Limit one of each Pok\u00e9mon\n|rule|Item Clause: Limit 1 of each item\n|clearpoke\n|poke|p1|Glimmora, L50, M|\n|poke|p1|Whimsicott, L50, F|\n|poke|p1|Incineroar, L50, M|\n|poke|p1|Tinkaton, L50, F|\n|poke|p1|Rotom-Wash, L50|\n|poke|p1|Krookodile, L50, F|\n|poke|p2|Skarmory, L50, F|\n|poke|p2|Kommo-o, L50, M|\n|poke|p2|Orthworm, L50, F|\n|poke|p2|Sinistcha, L50|\n|poke|p2|Meowscarada, L50, F|\n|poke|p2|Incineroar, L50, F|\n|teampreview|4\n|\n|t:|1776042127\n|teamsize|p1|4\n|teamsize|p2|4\n|start\n|switch|p1a: Glimmora|Glimmora, L50, M, shiny|100/100\n|switch|p1b: Whimsicott|Whimsicott, L50, F, shiny|100/100\n|switch|p2a: Skarmory|Skarmory, L50, F|100/100\n|switch|p2b: Orthworm|Orthworm, L50, F|100/100\n|turn|1\n|\n|t:|1776042167\n|switch|p1a: Rotom|Rotom-Wash, L50|100/100\n|detailschange|p2a: Skarmory|Skarmory-Mega, L50, F\n|-mega|p2a: Skarmory|Skarmory|Skarmorite\n|move|p1b: Whimsicott|Protect|p1b: Whimsicott\n|-singleturn|p1b: Whimsicott|Protect\n|move|p2a: Skarmory|Tailwind|p2a: Skarmory\n|-sidestart|p2: savemelivie|move: Tailwind\n|move|p2b: Orthworm|Shed Tail|p2b: Orthworm\n|-start|p2b: Orthworm|Substitute|[from] move: Shed Tail\n|-damage|p2b: Orthworm|50/100\n|-enditem|p2b: Orthworm|Sitrus Berry|[eat]\n|-heal|p2b: Orthworm|75/100|[from] item: Sitrus Berry\n|\n|t:|1776042181\n|switch|p2b: Kommo-o|Kommo-o, L50, M|100/100|[from] Shed Tail\n|\n|upkeep\n|turn|2\n|\n|t:|1776042195\n|move|p1b: Whimsicott|Tailwind|p1b: Whimsicott\n|-sidestart|p1: lufox2.0|move: Tailwind\n|move|p2a: Skarmory|Iron Head|p1b: Whimsicott\n|-supereffective|p1b: Whimsicott|1\n|-damage|p1b: Whimsicott|12/100\n|move|p2b: Kommo-o|Clangorous Soul|p2b: Kommo-o\n|-boost|p2b: Kommo-o|atk|1\n|-boost|p2b: Kommo-o|def|1\n|-boost|p2b: Kommo-o|spa|1\n|-boost|p2b: Kommo-o|spd|1\n|-boost|p2b: Kommo-o|spe|1\n|-damage|p2b: Kommo-o|68/100\n|move|p1a: Rotom|Electroweb|p2a: Skarmory|[spread] p2a,p2b\n|-resisted|p2b: Kommo-o|1\n|-activate|p2b: Kommo-o|move: Substitute|[damage]\n|-supereffective|p2a: Skarmory|1\n|-damage|p2a: Skarmory|53/100\n|-unboost|p2a: Skarmory|spe|1\n|\n|-heal|p2b: Kommo-o|74/100|[from] item: Leftovers\n|upkeep\n|turn|3\n|\n|t:|1776042242\n|move|p2b: Kommo-o|Clanging Scales|p1a: Rotom|[spread] p1a\n|-immune|p1b: Whimsicott\n|-damage|p1a: Rotom|32/100\n|-unboost|p2b: Kommo-o|def|1\n|move|p1b: Whimsicott|Moonblast|p2b: Kommo-o\n|-supereffective|p2b: Kommo-o|2\n|-end|p2b: Kommo-o|Substitute\n|move|p1a: Rotom|Electroweb|p2b: Kommo-o|[spread] p2a,p2b\n|-supereffective|p2a: Skarmory|1\n|-resisted|p2b: Kommo-o|1\n|-damage|p2a: Skarmory|10/100\n|-damage|p2b: Kommo-o|67/100\n|-unboost|p2a: Skarmory|spe|1\n|-unboost|p2b: Kommo-o|spe|1\n|move|p2a: Skarmory|Iron Head|p1b: Whimsicott\n|-supereffective|p1b: Whimsicott|1\n|-damage|p1b: Whimsicott|0 fnt\n|faint|p1b: Whimsicott\n|\n|-heal|p2b: Kommo-o|73/100|[from] item: Leftovers\n|upkeep\n|\n|t:|1776042266\n|switch|p1b: Glimmora|Glimmora, L50, M, shiny|100/100\n|turn|4\n|\n|t:|1776042296\n|detailschange|p1b: Glimmora|Glimmora-Mega, L50, M, shiny\n|-mega|p1b: Glimmora|Glimmora|Glimmoranite\n|move|p1b: Glimmora|Earth Power|p2b: Kommo-o\n|-damage|p2b: Kommo-o|48/100\n|move|p2b: Kommo-o|Clanging Scales|p1a: Rotom|[spread] p1a,p1b\n|-damage|p1a: Rotom|0 fnt\n|-damage|p1b: Glimmora|35/100\n|faint|p1a: Rotom\n|-unboost|p2b: Kommo-o|def|1\n|move|p2a: Skarmory|Iron Head|p1b: Glimmora\n|-supereffective|p1b: Glimmora|1\n|-damage|p1b: Glimmora|0 fnt\n|faint|p1b: Glimmora\n|\n|-heal|p2b: Kommo-o|54/100|[from] item: Leftovers\n|-sideend|p2: savemelivie|move: Tailwind\n|upkeep\n|\n|t:|1776042315\n|switch|p1a: Krookodile|Krookodile, L50, F|100/100\n|turn|5\n|\n|t:|1776042321\n|move|p1a: Krookodile|Outrage|p2b: Kommo-o\n|-supereffective|p2b: Kommo-o|1\n|-damage|p2b: Kommo-o|0 fnt\n|faint|p2b: Kommo-o\n|-ability|p1a: Krookodile|Moxie|boost\n|-boost|p1a: Krookodile|atk|1\n|move|p2a: Skarmory|Brave Bird|p1a: Krookodile\n|-damage|p1a: Krookodile|22/100\n|-damage|p2a: Skarmory|0 fnt|[from] Recoil\n|faint|p2a: Skarmory\n|\n|-sideend|p1: lufox2.0|move: Tailwind\n|upkeep\n|\n|t:|1776042335\n|switch|p2a: Meowscarada|Meowscarada, L50, F|100/100\n|switch|p2b: Orthworm|Orthworm, L50, F|75/100\n|turn|6\n|\n|t:|1776042346\n|move|p2a: Meowscarada|Flower Trick|p1a: Krookodile\n|-start|p2a: Meowscarada|typechange|Grass|[from] ability: Protean\n|-supereffective|p1a: Krookodile|1\n|-crit|p1a: Krookodile\n|-damage|p1a: Krookodile|0 fnt\n|faint|p1a: Krookodile\n|\n|win|savemelivie\n|raw|lufox2.0's rating: 1114 &rarr; <strong>1086</strong><br />(-28 for losing)\n|raw|savemelivie's rating: 1074 &rarr; <strong>1106</strong><br />(+32 for winning)\n|l|\u2606savemelivie\n|player|p2|\n",
  "uploadtime": 1776042379,
  "views": 10,
  "formatid": "gen9championsvgc2026regma",
  "rating": 1086,
  "private": 0,
  "password": null
}