{
  "id": "gen9championsvgc2026regma-2586936210",
  "format": "[Gen 9 Champions] VGC 2026 Reg M-A",
  "players": [
    "leonylium887887887",
    "senorpotatono"
  ],
  "log": "|j|\u2606leonylium887887887\n|j|\u2606senorpotatono\n|t:|1776473454\n|gametype|doubles\n|player|p1|leonylium887887887|170|1185\n|player|p2|senorpotatono|elesa|1147\n|gen|9\n|tier|[Gen 9 Champions] VGC 2026 Reg M-A\n|rated|\n|rule|Species Clause: Limit one of each Pok\u00e9mon\n|rule|Item Clause: Limit 1 of each item\n|clearpoke\n|poke|p1|Aromatisse, L50, M|\n|poke|p1|Oranguru, L50, F|\n|poke|p1|Decidueye-Hisui, L50, F|\n|poke|p1|Sharpedo, L50, M|\n|poke|p1|Chandelure, L50, F|\n|poke|p1|Vanilluxe, L50, F|\n|poke|p2|Incineroar, L50, M|\n|poke|p2|Scizor, L50, M|\n|poke|p2|Sinistcha, L50|\n|poke|p2|Pelipper, L50, M|\n|poke|p2|Basculegion, L50, M|\n|poke|p2|Scovillain, L50, M|\n|teampreview|4\n|inactive|Battle timer is ON: inactive players will automatically lose when time's up. (requested by senorpotatono)\n|\n|t:|1776473491\n|teamsize|p1|4\n|teamsize|p2|4\n|start\n|switch|p1a: Decidueye|Decidueye-Hisui, L50, F|100/100\n|switch|p1b: Chandelure|Chandelure, L50, F|100/100\n|switch|p2a: Scizor|Scizor, L50, M|100/100\n|switch|p2b: Incineroar|Incineroar, L50, M|100/100\n|-ability|p2b: Incineroar|Intimidate|boost\n|-fail|p1a: Decidueye|unboost|Attack|[from] ability: Scrappy|[of] p1a: Decidueye\n|-unboost|p1b: Chandelure|atk|1\n|turn|1\n|\n|t:|1776473504\n|detailschange|p1b: Chandelure|Chandelure-Mega, L50, F\n|-mega|p1b: Chandelure|Chandelure|Chandelurite\n|detailschange|p2a: Scizor|Scizor-Mega, L50, M\n|-mega|p2a: Scizor|Scizor|Scizorite\n|move|p2a: Scizor|Protect|p2a: Scizor\n|-singleturn|p2a: Scizor|Protect\n|move|p1a: Decidueye|Protect|p1a: Decidueye\n|-singleturn|p1a: Decidueye|Protect\n|move|p1b: Chandelure|Heat Wave|p2b: Incineroar|[spread] p2b\n|-activate|p2a: Scizor|move: Protect\n|-resisted|p2b: Incineroar|1\n|-damage|p2b: Incineroar|84/100\n|move|p2b: Incineroar|Darkest Lariat|p1b: Chandelure\n|-supereffective|p1b: Chandelure|1\n|-damage|p1b: Chandelure|9/100\n|\n|upkeep\n|turn|2\n|\n|t:|1776473523\n|switch|p1b: Aromatisse|Aromatisse, L50, M|100/100\n|move|p2a: Scizor|Bullet Punch|p1b: Aromatisse\n|-supereffective|p1b: Aromatisse|1\n|-damage|p1b: Aromatisse|12/100\n|move|p1a: Decidueye|Triple Arrows|p2b: Incineroar\n|-supereffective|p2b: Incineroar|1\n|-enditem|p2b: Incineroar|Chople Berry|[eat]\n|-enditem|p2b: Incineroar|Chople Berry|[weaken]\n|-damage|p2b: Incineroar|38/100\n|cant|p2b: Incineroar|flinch\n|\n|upkeep\n|turn|3\n|\n|t:|1776473538\n|switch|p2b: Pelipper|Pelipper, L50, M|100/100\n|-weather|RainDance|[from] ability: Drizzle|[of] p2b: Pelipper\n|move|p2a: Scizor|Bullet Punch|p1b: Aromatisse\n|-supereffective|p1b: Aromatisse|1\n|-crit|p1b: Aromatisse\n|-damage|p1b: Aromatisse|0 fnt\n|faint|p1b: Aromatisse\n|move|p1a: Decidueye|Triple Arrows|p2b: Pelipper\n|-resisted|p2b: Pelipper|1\n|-damage|p2b: Pelipper|80/100\n|-unboost|p2b: Pelipper|def|1\n|\n|-weather|RainDance|[upkeep]\n|upkeep\n|\n|t:|1776473543\n|switch|p1b: Vanilluxe|Vanilluxe, L50, F|100/100\n|-weather|Snowscape|[from] ability: Snow Warning|[of] p1b: Vanilluxe\n|turn|4\n|\n|t:|1776473558\n|move|p2b: Pelipper|Protect|p2b: Pelipper\n|-singleturn|p2b: Pelipper|Protect\n|move|p2a: Scizor|Bullet Punch|p1b: Vanilluxe\n|-supereffective|p1b: Vanilluxe|1\n|-damage|p1b: Vanilluxe|38/100\n|move|p1b: Vanilluxe|Aurora Veil|p1b: Vanilluxe\n|-sidestart|p1: leonylium887887887|move: Aurora Veil\n|move|p1a: Decidueye|Tailwind|p1a: Decidueye\n|-sidestart|p1: leonylium887887887|move: Tailwind\n|\n|-weather|Snowscape|[upkeep]\n|upkeep\n|turn|5\n|\n|t:|1776473578\n|switch|p2b: Basculegion|Basculegion, L50, M|100/100\n|move|p1b: Vanilluxe|Protect|p1b: Vanilluxe\n|-singleturn|p1b: Vanilluxe|Protect\n|move|p2a: Scizor|Bullet Punch|p1b: Vanilluxe\n|-activate|p1b: Vanilluxe|move: Protect\n|move|p1a: Decidueye|Triple Arrows|p2a: Scizor\n|-damage|p2a: Scizor|64/100\n|-unboost|p2a: Scizor|def|1\n|\n|-weather|Snowscape|[upkeep]\n|upkeep\n|turn|6\n|\n|t:|1776473601\n|switch|p1b: Chandelure|Chandelure-Mega, L50, F|9/100\n|move|p2a: Scizor|Protect|p2a: Scizor\n|-singleturn|p2a: Scizor|Protect\n|move|p1a: Decidueye|Triple Arrows|p2a: Scizor\n|-activate|p2a: Scizor|move: Protect\n|move|p2b: Basculegion|Psychic Fangs|p1a: Decidueye\n|-sideend|p1: leonylium887887887|move: Aurora Veil\n|-supereffective|p1a: Decidueye|1\n|-damage|p1a: Decidueye|20/100\n|\n|-weather|Snowscape|[upkeep]\n|upkeep\n|turn|7\n|\n|t:|1776473619\n|move|p2a: Scizor|Bullet Punch|p1b: Chandelure\n|-resisted|p1b: Chandelure|1\n|-damage|p1b: Chandelure|0 fnt\n|faint|p1b: Chandelure\n|move|p1a: Decidueye|Triple Arrows|p2a: Scizor\n|-crit|p2a: Scizor\n|-damage|p2a: Scizor|0 fnt\n|faint|p2a: Scizor\n|move|p2b: Basculegion|Psychic Fangs|p1a: Decidueye\n|-supereffective|p1a: Decidueye|1\n|-damage|p1a: Decidueye|0 fnt\n|faint|p1a: Decidueye\n|\n|-weather|Snowscape|[upkeep]\n|-sideend|p1: leonylium887887887|move: Tailwind\n|upkeep\n|\n|t:|1776473631\n|switch|p2a: Incineroar|Incineroar, L50, M|38/100\n|switch|p1a: Vanilluxe|Vanilluxe, L50, F|38/100\n|-ability|p2a: Incineroar|Intimidate|boost\n|-unboost|p1a: Vanilluxe|atk|1\n|turn|8\n|inactive|leonylium887887887 has 30 seconds left.\n|inactive|leonylium887887887 has 20 seconds left.\n|inactive|leonylium887887887 has 15 seconds left.\n|inactive|leonylium887887887 has 10 seconds left.\n|inactive|leonylium887887887 has 5 seconds left.\n|\n|t:|1776473686\n|move|p2b: Basculegion|Last Respects|p1a: Vanilluxe\n|-damage|p1a: Vanilluxe|0 fnt\n|faint|p1a: Vanilluxe\n|\n|win|senorpotatono\n|raw|leonylium887887887's rating: 1185 &rarr; <strong>1157</strong><br />(-28 for losing)\n|raw|senorpotatono's rating: 1147 &rarr; <strong>1175</strong><br />(+28 for winning)\n",
  "uploadtime": 1776473691,
  "views": 25,
  "formatid": "gen9championsvgc2026regma",
  "rating": 1157,
  "private": 0,
  "password": null
}