{
  "id": "gen9championsvgc2026regma-2582819378",
  "format": "[Gen 9 Champions] VGC 2026 Reg M-A",
  "players": [
    "Jcjenkins",
    "Therealmyan"
  ],
  "log": "|j|\u2606Jcjenkins\n|j|\u2606Therealmyan\n|t:|1776116517\n|gametype|doubles\n|player|p1|Jcjenkins|lance|1000\n|player|p2|Therealmyan|miku-grass|1040\n|gen|9\n|tier|[Gen 9 Champions] VGC 2026 Reg M-A\n|rated|\n|rule|Species Clause: Limit one of each Pok\u00e9mon\n|rule|Item Clause: Limit 1 of each item\n|clearpoke\n|poke|p1|Clefable, L50, M|\n|poke|p1|Charizard, L50, M|\n|poke|p1|Venusaur, L50, F|\n|poke|p1|Incineroar, L50, F|\n|poke|p1|Sinistcha, L50|\n|poke|p1|Garchomp, L50, F|\n|poke|p2|Pelipper, L50, F|\n|poke|p2|Basculegion, L50, M|\n|poke|p2|Sneasler, L50, F|\n|poke|p2|Incineroar, L50, M|\n|poke|p2|Meganium, L50, F|\n|poke|p2|Archaludon, L50, M|\n|teampreview|4\n|inactive|Battle timer is ON: inactive players will automatically lose when time's up. (requested by Jcjenkins)\nTherealmyan has agreed to open team sheets.\n|inactive|Therealmyan has 60 seconds left.\n|\n|t:|1776116585\n|teamsize|p1|4\n|teamsize|p2|4\n|start\n|switch|p1a: Charizard|Charizard, L50, M|100/100\n|switch|p1b: Clefable|Clefable, L50, M|100/100\n|switch|p2a: Pelipper|Pelipper, L50, F|100/100\n|switch|p2b: Sneasler|Sneasler, L50, F, shiny|100/100\n|-weather|RainDance|[from] ability: Drizzle|[of] p2a: Pelipper\n|turn|1\n|\n|t:|1776116600\n|switch|p2a: Archaludon|Archaludon, L50, M|100/100\n|move|p2b: Sneasler|Fake Out|p1a: Charizard\n|-crit|p1a: Charizard\n|-damage|p1a: Charizard|70/100\n|move|p1b: Clefable|Follow Me|p1b: Clefable\n|-singleturn|p1b: Clefable|move: Follow Me\n|cant|p1a: Charizard|flinch\n|\n|-weather|RainDance|[upkeep]\n|upkeep\n|turn|2\n|inactive|Therealmyan has 30 seconds left.\n|\n|t:|1776116631\n|move|p2a: Archaludon|Protect|p2a: Archaludon\n|-singleturn|p2a: Archaludon|Protect\n|move|p1b: Clefable|Follow Me|p1b: Clefable\n|-singleturn|p1b: Clefable|move: Follow Me\n|move|p2b: Sneasler|Dire Claw|p1b: Clefable\n|-supereffective|p1b: Clefable|1\n|-damage|p1b: Clefable|32/100\n|-status|p1b: Clefable|psn\n|move|p1a: Charizard|Swords Dance|p1a: Charizard\n|-boost|p1a: Charizard|atk|2\n|\n|-weather|RainDance|[upkeep]\n|-heal|p1b: Clefable|38/100 psn|[from] item: Leftovers\n|-damage|p1b: Clefable|26/100 psn|[from] psn\n|upkeep\n|turn|3\n|inactive|Therealmyan has 30 seconds left.\n|inactive|Therealmyan has 20 seconds left.\n|inactive|Therealmyan has 15 seconds left.\n|\n|t:|1776116672\n|detailschange|p1a: Charizard|Charizard-Mega-X, L50, M\n|-mega|p1a: Charizard|Charizard|Charizardite X\n|move|p2b: Sneasler|Protect|p2b: Sneasler\n|-singleturn|p2b: Sneasler|Protect\n|move|p1a: Charizard|Dragon Claw|p2a: Archaludon\n|-damage|p2a: Archaludon|12/100\n|-ability|p2a: Archaludon|Stamina|boost\n|-boost|p2a: Archaludon|def|1\n|move|p2a: Archaludon|Electro Shot||[still]\n|-prepare|p2a: Archaludon|Electro Shot\n|-boost|p2a: Archaludon|spa|1\n|-anim|p2a: Archaludon|Electro Shot|p1a: Charizard\n|-resisted|p1a: Charizard|1\n|-damage|p1a: Charizard|29/100\n|move|p1b: Clefable|Life Dew|p1b: Clefable|[spread] p1a,p1b\n|-heal|p1a: Charizard|54/100\n|-heal|p1b: Clefable|51/100 psn\n|\n|-weather|RainDance|[upkeep]\n|-heal|p1b: Clefable|57/100 psn|[from] item: Leftovers\n|-damage|p1b: Clefable|45/100 psn|[from] psn\n|upkeep\n|turn|4\n|inactive|Jcjenkins has 30 seconds left.\n|inactive|Therealmyan has 30 seconds left.\n|inactive|Jcjenkins has 20 seconds left.\n|inactive|Therealmyan has 20 seconds left.\n|\n|t:|1776116711\n|switch|p2b: Pelipper|Pelipper, L50, F|100/100\n|move|p1a: Charizard|Dragon Claw|p2a: Archaludon\n|-damage|p2a: Archaludon|0 fnt\n|faint|p2a: Archaludon\n|move|p1b: Clefable|Icy Wind|p2b: Pelipper|[miss]\n|-miss|p1b: Clefable|p2b: Pelipper\n|\n|-weather|RainDance|[upkeep]\n|-heal|p1b: Clefable|50/100 psn|[from] item: Leftovers\n|-damage|p1b: Clefable|38/100 psn|[from] psn\n|upkeep\n|\n|t:|1776116727\n|switch|p2a: Meganium|Meganium, L50, F|100/100\n|turn|5\n|\n|t:|1776116750\n|detailschange|p2a: Meganium|Meganium-Mega, L50, F\n|-mega|p2a: Meganium|Meganium|Meganiumite\n|move|p1b: Clefable|Follow Me|p1b: Clefable\n|-singleturn|p1b: Clefable|move: Follow Me\n|move|p1a: Charizard|Flare Blitz|p2a: Meganium\n|-supereffective|p2a: Meganium|1\n|-damage|p2a: Meganium|0 fnt\n|faint|p2a: Meganium\n|-damage|p1a: Charizard|20/100|[from] Recoil\n|move|p2b: Pelipper|Tailwind|p2b: Pelipper\n|-sidestart|p2: Therealmyan|move: Tailwind\n|\n|-weather|none\n|-heal|p1b: Clefable|44/100 psn|[from] item: Leftovers\n|-damage|p1b: Clefable|32/100 psn|[from] psn\n|upkeep\n|\n|t:|1776116764\n|switch|p2a: Sneasler|Sneasler, L50, F, shiny|100/100\n|turn|6\n|\n|t:|1776116776\n|move|p2a: Sneasler|Fake Out|p1a: Charizard\n|-damage|p1a: Charizard|4/100\n|move|p1b: Clefable|Follow Me|p1b: Clefable\n|-singleturn|p1b: Clefable|move: Follow Me\n|move|p2b: Pelipper|Hurricane|p1b: Clefable\n|-crit|p1b: Clefable\n|-damage|p1b: Clefable|0 fnt\n|faint|p1b: Clefable\n|cant|p1a: Charizard|flinch\n|\n|upkeep\n|\n|t:|1776116781\n|switch|p1b: Sinistcha|Sinistcha, L50|100/100\n|-heal|p1a: Charizard|29/100|[from] ability: Hospitality|[of] p1b: Sinistcha\n|turn|7\n|inactive|Jcjenkins has 30 seconds left.\n|inactive|Therealmyan has 30 seconds left.\n|inactive|Therealmyan has 20 seconds left.\n|\n|t:|1776116820\n|switch|p1a: Venusaur|Venusaur, L50, F|100/100\n|move|p2a: Sneasler|Dire Claw|p1a: Venusaur\n|-damage|p1a: Venusaur|54/100\n|-status|p1a: Venusaur|par\n|move|p2b: Pelipper|Hurricane|p1b: Sinistcha\n|-supereffective|p1b: Sinistcha|1\n|-damage|p1b: Sinistcha|0 fnt\n|faint|p1b: Sinistcha\n|\n|upkeep\n|\n|t:|1776116829\n|switch|p1b: Charizard|Charizard-Mega-X, L50, M|29/100\n|turn|8\n|\n|t:|1776116850\n|move|p2a: Sneasler|Protect|p2a: Sneasler\n|-singleturn|p2a: Sneasler|Protect\n|move|p2b: Pelipper|Protect|p2b: Pelipper\n|-singleturn|p2b: Pelipper|Protect\n|move|p1b: Charizard|Thunder Punch|p2b: Pelipper\n|-activate|p2b: Pelipper|move: Protect\n|move|p1a: Venusaur|Earth Power|p2a: Sneasler\n|-activate|p2a: Sneasler|move: Protect\n|\n|-sideend|p2: Therealmyan|move: Tailwind\n|upkeep\n|turn|9\n|inactive|Therealmyan has 30 seconds left.\n|inactive|Therealmyan has 20 seconds left.\n|\n|t:|1776116887\n|move|p2a: Sneasler|Close Combat|p1b: Charizard\n|-damage|p1b: Charizard|0 fnt\n|-unboost|p2a: Sneasler|def|1\n|-unboost|p2a: Sneasler|spd|1\n|faint|p1b: Charizard\n|-enditem|p2a: Sneasler|White Herb\n|-clearnegativeboost|p2a: Sneasler|[silent]\n|move|p2b: Pelipper|Hurricane|p1a: Venusaur\n|-supereffective|p1a: Venusaur|1\n|-damage|p1a: Venusaur|0 fnt\n|faint|p1a: Venusaur\n|\n|win|Therealmyan\n|raw|Jcjenkins's rating: 1000 &rarr; <strong>1000</strong><br />(+0 for losing)\n|raw|Therealmyan's rating: 1040 &rarr; <strong>1070</strong><br />(+30 for winning)\n|c|\u2606Therealmyan|gg\n",
  "uploadtime": 1776116897,
  "views": 15,
  "formatid": "gen9championsvgc2026regma",
  "rating": 1000,
  "private": 0,
  "password": null
}