{
  "id": "gen9championsvgc2026regma-2587374455",
  "format": "[Gen 9 Champions] VGC 2026 Reg M-A",
  "players": [
    "fimmm",
    "styluxphade"
  ],
  "log": "|j|\u2606fimmm\n|j|\u2606styluxphade\n|t:|1776526468\n|gametype|doubles\n|player|p1|fimmm|whitney|1028\n|player|p2|styluxphade|170|1120\n|gen|9\n|tier|[Gen 9 Champions] VGC 2026 Reg M-A\n|rated|\n|rule|Species Clause: Limit one of each Pok\u00e9mon\n|rule|Item Clause: Limit 1 of each item\n|clearpoke\n|poke|p1|Banette, L50, F|\n|poke|p1|Oranguru, L50, F|\n|poke|p1|Crabominable, L50, M|\n|poke|p1|Reuniclus, L50, F|\n|poke|p1|Aromatisse, L50, F|\n|poke|p1|Sinistcha, L50|\n|poke|p2|Garchomp, L50, M|\n|poke|p2|Talonflame, L50, M|\n|poke|p2|Milotic, L50, M|\n|poke|p2|Sinistcha, L50|\n|poke|p2|Sylveon, L50, M|\n|poke|p2|Lucario, L50, M, shiny|\n|teampreview|4\n|inactive|Battle timer is ON: inactive players will automatically lose when time's up. (requested by fimmm)\n|\n|t:|1776526491\n|teamsize|p1|4\n|teamsize|p2|4\n|start\n|switch|p1a: Banette|Banette, L50, F|100/100\n|switch|p1b: Oranguru|Oranguru, L50, F|100/100\n|switch|p2a: Garchomp|Garchomp, L50, M|100/100\n|switch|p2b: Milotic|Milotic, L50, M|100/100\n|-item|p2a: Garchomp|Yache Berry|[from] ability: Frisk|[of] p1a: Banette\n|-item|p2b: Milotic|Leftovers|[from] ability: Frisk|[of] p1a: Banette\n|turn|1\n|inactive|styluxphade has 30 seconds left.\n|\n|t:|1776526522\n|detailschange|p1a: Banette|Banette-Mega, L50, F\n|-mega|p1a: Banette|Banette|Banettite\n|move|p2b: Milotic|Protect|p2b: Milotic\n|-singleturn|p2b: Milotic|Protect\n|move|p1a: Banette|Skill Swap|p1b: Oranguru\n|-activate|p1a: Banette|Skill Swap|||[of] p1b: Oranguru\n|move|p1b: Oranguru|Psychic Terrain|p1b: Oranguru\n|-fieldstart|move: Psychic Terrain\n|move|p2a: Garchomp|Earthquake|p1a: Banette|[spread] p1a,p1b\n|-activate|p2b: Milotic|move: Protect\n|-damage|p1a: Banette|49/100\n|-damage|p1b: Oranguru|68/100\n|\n|upkeep\n|turn|2\n|inactive|styluxphade has 30 seconds left.\n|\n|t:|1776526550\n|move|p1b: Oranguru|Protect|p1b: Oranguru\n|-singleturn|p1b: Oranguru|Protect\n|move|p2a: Garchomp|Rock Slide|p1a: Banette|[spread] p1a\n|-activate|p1b: Oranguru|move: Protect\n|-damage|p1a: Banette|26/100\n|move|p2b: Milotic|Icy Wind|p1a: Banette|[spread] p1a\n|-activate|p1b: Oranguru|move: Protect\n|-damage|p1a: Banette|11/100\n|-unboost|p1a: Banette|spe|1\n|move|p1a: Banette|Gunk Shot|p2b: Milotic\n|-damage|p2b: Milotic|45/100\n|\n|-heal|p2b: Milotic|51/100|[from] item: Leftovers\n|upkeep\n|turn|3\n|\n|t:|1776526573\n|move|p1b: Oranguru|After You|p1a: Banette\n|-activate|p1a: Banette|move: After You\n|move|p1a: Banette|Phantom Force||[still]\n|-prepare|p1a: Banette|Phantom Force\n|move|p2a: Garchomp|Rock Slide|p1a: Banette|[spread] p1b\n|-miss|p2a: Garchomp|p1a: Banette\n|-damage|p1b: Oranguru|53/100\n|move|p2b: Milotic|Life Dew||[still]|[spread] p2a,p2b\n|-fail|p2a: Garchomp|heal\n|-heal|p2b: Milotic|76/100\n|\n|-heal|p2b: Milotic|82/100|[from] item: Leftovers\n|upkeep\n|turn|4\n|\n|t:|1776526594\n|move|p2a: Garchomp|Protect|p2a: Garchomp\n|-singleturn|p2a: Garchomp|Protect\n|move|p2b: Milotic|Protect|p2b: Milotic\n|-singleturn|p2b: Milotic|Protect\n|move|p1b: Oranguru|Expanding Force|p2a: Garchomp|[spread] \n|-activate|p2a: Garchomp|move: Protect\n|-activate|p2b: Milotic|move: Protect\n|move|p1a: Banette|Phantom Force|p2b: Milotic|[from] lockedmove\n|-activate|p2b: Milotic|move: Phantom Force|[broken]\n|-damage|p2b: Milotic|22/100\n|\n|-heal|p2b: Milotic|28/100|[from] item: Leftovers\n|upkeep\n|turn|5\n|\n|t:|1776526618\n|move|p1b: Oranguru|After You|p1a: Banette\n|-activate|p1a: Banette|move: After You\n|move|p1a: Banette|Gunk Shot|p2b: Milotic\n|-damage|p2b: Milotic|0 fnt\n|faint|p2b: Milotic\n|move|p2a: Garchomp|Rock Slide|p1b: Oranguru|[spread] p1a,p1b\n|-damage|p1a: Banette|0 fnt\n|-damage|p1b: Oranguru|37/100\n|faint|p1a: Banette\n|\n|-fieldend|move: Psychic Terrain\n|upkeep\n|\n|t:|1776526629\n|switch|p2b: Sylveon|Sylveon, L50, M|100/100\n|switch|p1a: Sinistcha|Sinistcha, L50|100/100\n|-heal|p1b: Oranguru|62/100|[from] ability: Hospitality|[of] p1a: Sinistcha\n|turn|6\n|\n|t:|1776526650\n|switch|p1a: Reuniclus|Reuniclus, L50, F|100/100\n|move|p1b: Oranguru|Psychic Terrain|p1b: Oranguru\n|-fieldstart|move: Psychic Terrain\n|move|p2a: Garchomp|Dragon Claw|p1b: Oranguru\n|-damage|p1b: Oranguru|31/100\n|move|p2b: Sylveon|Hyper Voice|p1a: Reuniclus|[spread] p1a,p1b\n|-damage|p1a: Reuniclus|55/100\n|-damage|p1b: Oranguru|0 fnt\n|faint|p1b: Oranguru\n|\n|upkeep\n|\n|t:|1776526660\n|switch|p1b: Sinistcha|Sinistcha, L50|100/100\n|-heal|p1a: Reuniclus|80/100|[from] ability: Hospitality|[of] p1b: Sinistcha\n|turn|7\n|\n|t:|1776526675\n|switch|p2a: Sinistcha|Sinistcha, L50|100/100\n|move|p2b: Sylveon|Mystical Fire|p1b: Sinistcha\n|-supereffective|p1b: Sinistcha|1\n|-damage|p1b: Sinistcha|47/100\n|-unboost|p1b: Sinistcha|spa|1\n|-enditem|p1b: Sinistcha|Sitrus Berry|[eat]\n|-heal|p1b: Sinistcha|71/100|[from] item: Sitrus Berry\n|move|p1a: Reuniclus|Expanding Force|p2b: Sylveon|[spread] p2a,p2b\n|-damage|p2a: Sinistcha|21/100\n|-damage|p2b: Sylveon|43/100\n|-enditem|p2a: Sinistcha|Sitrus Berry|[eat]\n|-heal|p2a: Sinistcha|45/100|[from] item: Sitrus Berry\n|move|p1b: Sinistcha|Trick Room|p1b: Sinistcha\n|-fieldstart|move: Trick Room|[of] p1b: Sinistcha\n|\n|upkeep\n|turn|8\n|\n|t:|1776526696\n|move|p1a: Reuniclus|Expanding Force|p2a: Sinistcha|[spread] p2a,p2b\n|-damage|p2a: Sinistcha|0 fnt\n|-damage|p2b: Sylveon|0 fnt\n|faint|p2a: Sinistcha\n|faint|p2b: Sylveon\n|move|p1b: Sinistcha|Matcha Gotcha|p2: Sinistcha|[notarget]\n|-fail|p1b: Sinistcha\n|\n|upkeep\n|\n|t:|1776526706\n|switch|p2b: Garchomp|Garchomp, L50, M|100/100\n|turn|9\n|\n|t:|1776526710\n|move|p1a: Reuniclus|Expanding Force|p2b: Garchomp\n|-crit|p2b: Garchomp\n|-damage|p2b: Garchomp|0 fnt\n|faint|p2b: Garchomp\n|\n|win|fimmm\n|raw|fimmm's rating: 1028 &rarr; <strong>1073</strong><br />(+45 for winning)\n|raw|styluxphade's rating: 1120 &rarr; <strong>1089</strong><br />(-31 for losing)\n|l|\u2606styluxphade\n|player|p2|\n",
  "uploadtime": 1776526739,
  "views": 25,
  "formatid": "gen9championsvgc2026regma",
  "rating": 1073,
  "private": 0,
  "password": null
}