{
  "id": "gen9championsvgc2026regma-2586402935",
  "format": "[Gen 9 Champions] VGC 2026 Reg M-A",
  "players": [
    "doomtheboomkin",
    "decdog53"
  ],
  "log": "|j|\u2606doomtheboomkin\n|j|\u2606decdog53\n|t:|1776432168\n|gametype|doubles\n|player|p1|doomtheboomkin|1|1164\n|player|p2|decdog53|102|1117\n|gen|9\n|tier|[Gen 9 Champions] VGC 2026 Reg M-A\n|rated|\n|rule|Species Clause: Limit one of each Pok\u00e9mon\n|rule|Item Clause: Limit 1 of each item\n|clearpoke\n|poke|p1|Froslass, L50, F|\n|poke|p1|Sneasler, L50, M|\n|poke|p1|Kingambit, L50, F|\n|poke|p1|Palafin, L50, M|\n|poke|p1|Arcanine-Hisui, L50, M|\n|poke|p1|Sinistcha, L50|\n|poke|p2|Aggron, L50, M|\n|poke|p2|Typhlosion-Hisui, L50, M|\n|poke|p2|Sinistcha-Masterpiece, L50|\n|poke|p2|Incineroar, L50, F|\n|poke|p2|Garchomp, L50, F|\n|poke|p2|Primarina, L50, M|\n|teampreview|4\n|inactive|Battle timer is ON: inactive players will automatically lose when time's up. (requested by doomtheboomkin)\n|inactive|doomtheboomkin has 60 seconds left.\n|inactive|decdog53 has 60 seconds left.\n|inactive|decdog53 has 30 seconds left.\n|inactive|decdog53 has 20 seconds left.\n|inactive|decdog53 has 15 seconds left.\n|inactive|decdog53 has 10 seconds left.\n|inactive|decdog53 has 5 seconds left.\n|\n|t:|1776432259\n|teamsize|p1|4\n|teamsize|p2|4\n|start\n|switch|p1a: Froslass|Froslass, L50, F|100/100\n|switch|p1b: Palafin|Palafin, L50, M|100/100\n|switch|p2a: Aggron|Aggron, L50, M, shiny|100/100\n|switch|p2b: Typhlosion|Typhlosion-Hisui, L50, M, shiny|100/100\n|turn|1\n|\n|t:|1776432284\n|detailschange|p1a: Froslass|Froslass-Mega, L50, F\n|-mega|p1a: Froslass|Froslass|Froslassite\n|-weather|Snowscape|[from] ability: Snow Warning|[of] p1a: Froslass\n|detailschange|p2a: Aggron|Aggron-Mega, L50, M, shiny\n|-mega|p2a: Aggron|Aggron|Aggronite\n|move|p1b: Palafin|Jet Punch|p2b: Typhlosion\n|-supereffective|p2b: Typhlosion|1\n|-damage|p2b: Typhlosion|19/100\n|move|p2b: Typhlosion|Shadow Ball|p1a: Froslass\n|-supereffective|p1a: Froslass|1\n|-damage|p1a: Froslass|10/100\n|move|p1a: Froslass|Shadow Ball|p2a: Aggron\n|-damage|p2a: Aggron|55/100\n|-unboost|p2a: Aggron|spd|1\n|move|p2a: Aggron|Iron Defense|p2a: Aggron\n|-boost|p2a: Aggron|def|2\n|\n|-weather|Snowscape|[upkeep]\n|upkeep\n|turn|2\n|\n|t:|1776432308\n|switch|p2b: Incineroar|Incineroar, L50, F, shiny|100/100\n|-ability|p2b: Incineroar|Intimidate|boost\n|-unboost|p1a: Froslass|atk|1\n|-unboost|p1b: Palafin|atk|1\n|move|p2a: Aggron|Protect|p2a: Aggron\n|-singleturn|p2a: Aggron|Protect\n|move|p1b: Palafin|Jet Punch|p2b: Incineroar\n|-supereffective|p2b: Incineroar|1\n|-damage|p2b: Incineroar|68/100\n|move|p1a: Froslass|Shadow Ball|p2a: Aggron\n|-activate|p2a: Aggron|move: Protect\n|\n|-weather|Snowscape|[upkeep]\n|upkeep\n|turn|3\n|\n|t:|1776432332\n|detailschange|p1b: Palafin|Palafin-Hero, L50, M\n|switch|p1b: Arcanine|Arcanine-Hisui, L50, M|100/100\n|-ability|p1b: Arcanine|Intimidate|boost\n|-unboost|p2a: Aggron|atk|1\n|-unboost|p2b: Incineroar|atk|1\n|-enditem|p2b: Incineroar|White Herb\n|-clearnegativeboost|p2b: Incineroar|[silent]\n|move|p1a: Froslass|Shadow Ball|p2a: Aggron\n|-damage|p2a: Aggron|0 fnt\n|faint|p2a: Aggron\n|move|p2b: Incineroar|Throat Chop|p1a: Froslass\n|-supereffective|p1a: Froslass|1\n|-damage|p1a: Froslass|0 fnt\n|faint|p1a: Froslass\n|\n|-weather|Snowscape|[upkeep]\n|upkeep\n|\n|t:|1776432349\n|switch|p1a: Palafin|Palafin-Hero, L50, M|100/100\n|switch|p2a: Sinistcha|Sinistcha-Masterpiece, L50, shiny|100/100\n|-activate|p1a: Palafin|ability: Zero to Hero\n|-heal|p2b: Incineroar|93/100|[from] ability: Hospitality|[of] p2a: Sinistcha\n|turn|4\n|\n|t:|1776432363\n|move|p1b: Arcanine|Rock Slide|p2a: Sinistcha|[spread] p2a,p2b\n|-crit|p2a: Sinistcha\n|-supereffective|p2b: Incineroar|1\n|-damage|p2a: Sinistcha|68/100\n|-damage|p2b: Incineroar|47/100\n|move|p1a: Palafin|Wave Crash|p2b: Incineroar\n|-supereffective|p2b: Incineroar|1\n|-damage|p2b: Incineroar|0 fnt\n|faint|p2b: Incineroar\n|-damage|p1a: Palafin|86/100|[from] Recoil\n|move|p2a: Sinistcha|Matcha Gotcha|p1a: Palafin|[spread] p1a,p1b\n|-supereffective|p1a: Palafin|1\n|-damage|p1a: Palafin|35/100\n|-heal|p2a: Sinistcha|98/100|[from] drain|[of] p1a: Palafin\n|-damage|p1b: Arcanine|71/100\n|-heal|p2a: Sinistcha|100/100|[from] drain|[of] p1b: Arcanine\n|\n|-weather|Snowscape|[upkeep]\n|upkeep\n|\n|t:|1776432379\n|switch|p2b: Typhlosion|Typhlosion-Hisui, L50, M, shiny|19/100\n|turn|5\n|\n|t:|1776432391\n|move|p1a: Palafin|Protect|p1a: Palafin\n|-singleturn|p1a: Palafin|Protect\n|move|p2a: Sinistcha|Rage Powder|p2a: Sinistcha\n|-singleturn|p2a: Sinistcha|move: Rage Powder\n|move|p2b: Typhlosion|Heat Wave|p1a: Palafin|[spread] p1b\n|-activate|p1a: Palafin|move: Protect\n|-resisted|p1b: Arcanine|2\n|-damage|p1b: Arcanine|55/100\n|move|p1b: Arcanine|Flare Blitz|p2a: Sinistcha\n|-supereffective|p2a: Sinistcha|1\n|-damage|p2a: Sinistcha|12/100\n|-enditem|p2a: Sinistcha|Sitrus Berry|[eat]\n|-heal|p2a: Sinistcha|36/100|[from] item: Sitrus Berry\n|-damage|p1b: Arcanine|24/100|[from] Recoil\n|\n|-weather|none\n|upkeep\n|turn|6\n|\n|t:|1776432415\n|switch|p1a: Sneasler|Sneasler, L50, M|100/100\n|move|p2a: Sinistcha|Rage Powder|p2a: Sinistcha\n|-singleturn|p2a: Sinistcha|move: Rage Powder\n|move|p2b: Typhlosion|Heat Wave|p1b: Arcanine|[spread] p1a,p1b\n|-resisted|p1b: Arcanine|2\n|-damage|p1a: Sneasler|27/100\n|-damage|p1b: Arcanine|9/100\n|move|p1b: Arcanine|Flare Blitz|p2a: Sinistcha\n|-supereffective|p2a: Sinistcha|1\n|-damage|p2a: Sinistcha|0 fnt\n|faint|p2a: Sinistcha\n|-damage|p1b: Arcanine|0 fnt|[from] Recoil\n|faint|p1b: Arcanine\n|\n|upkeep\n|\n|t:|1776432426\n|switch|p1b: Palafin|Palafin-Hero, L50, M|35/100\n|turn|7\n|\n|t:|1776432431\n|move|p1b: Palafin|Jet Punch|p2b: Typhlosion\n|-supereffective|p2b: Typhlosion|1\n|-crit|p2b: Typhlosion\n|-damage|p2b: Typhlosion|0 fnt\n|faint|p2b: Typhlosion\n|\n|win|doomtheboomkin\n|raw|doomtheboomkin's rating: 1164 &rarr; <strong>1186</strong><br />(+22 for winning)\n|raw|decdog53's rating: 1117 &rarr; <strong>1095</strong><br />(-22 for losing)\n|l|\u2606decdog53\n|player|p2|\n",
  "uploadtime": 1776432443,
  "views": 24,
  "formatid": "gen9championsvgc2026regma",
  "rating": 1095,
  "private": 0,
  "password": null
}