{
  "id": "gen9championsvgc2026regma-2580906123",
  "format": "[Gen 9 Champions] VGC 2026 Reg M-A",
  "players": [
    "kak4p0",
    "thecamback"
  ],
  "log": "|j|\u2606kak4p0\n|j|\u2606thecamback\n|t:|1775942213\n|gametype|doubles\n|player|p1|kak4p0|harlequin|1022\n|player|p2|thecamback|marshal|1049\n|gen|9\n|tier|[Gen 9 Champions] VGC 2026 Reg M-A\n|rated|\n|rule|Species Clause: Limit one of each Pok\u00e9mon\n|rule|Item Clause: Limit 1 of each item\n|clearpoke\n|poke|p1|Meganium, L50, F|\n|poke|p1|Politoed, L50, M|\n|poke|p1|Toxicroak, L50, F|\n|poke|p1|Bellibolt, L50, M|\n|poke|p1|Vivillon-Garden, L50, M|\n|poke|p1|Dragapult, L50, M|\n|poke|p2|Goodra-Hisui, L50, F|\n|poke|p2|Mudsdale, L50, M|\n|poke|p2|Whimsicott, L50, F|\n|poke|p2|Torkoal, L50, F|\n|poke|p2|Rotom-Wash, L50|\n|poke|p2|Delphox, L50, F|\n|teampreview|4\n|inactive|Battle timer is ON: inactive players will automatically lose when time's up. (requested by kak4p0)\nkak4p0 rejected open team sheets.\n|inactive|thecamback has 60 seconds left.\n|inactive|thecamback has 30 seconds left.\n|\n|t:|1775942286\n|teamsize|p1|4\n|teamsize|p2|4\n|start\n|switch|p1a: Vivillon|Vivillon-Garden, L50, M|100/100\n|switch|p1b: Toxicroak|Toxicroak, L50, F|100/100\n|switch|p2a: Rotom|Rotom-Wash, L50|100/100\n|switch|p2b: Goodra|Goodra-Hisui, L50, F|100/100\n|turn|1\n|inactive|thecamback has 30 seconds left.\n|inactive|thecamback has 20 seconds left.\n|inactive|thecamback has 15 seconds left.\n|inactive|thecamback has 10 seconds left.\n|\n|t:|1775942335\n|move|p1b: Toxicroak|Fake Out|p2a: Rotom\n|-damage|p2a: Rotom|88/100\n|move|p1a: Vivillon|Tailwind|p1a: Vivillon\n|-sidestart|p1: kak4p0|move: Tailwind\n|cant|p2a: Rotom|flinch\n|move|p2b: Goodra|Knock Off|p1a: Vivillon\n|-damage|p1a: Vivillon|54/100\n|-enditem|p1a: Vivillon|Mental Herb|[from] move: Knock Off|[of] p2b: Goodra\n|\n|upkeep\n|turn|2\n|inactive|kak4p0 has 30 seconds left.\n|inactive|thecamback has 30 seconds left.\n|-activate|p1b: Toxicroak|item: Quick Claw\n|\n|t:|1775942368\n|move|p1b: Toxicroak|Close Combat|p2b: Goodra\n|-supereffective|p2b: Goodra|1\n|-damage|p2b: Goodra|5/100\n|-unboost|p1b: Toxicroak|def|1\n|-unboost|p1b: Toxicroak|spd|1\n|move|p1a: Vivillon|Safeguard|p1a: Vivillon\n|-sidestart|p1: kak4p0|Safeguard\n|move|p2a: Rotom|Thunderbolt|p1b: Toxicroak\n|-damage|p1b: Toxicroak|21/100\n|move|p2b: Goodra|Outrage|p1a: Vivillon\n|-damage|p1a: Vivillon|0 fnt\n|faint|p1a: Vivillon\n|\n|upkeep\n|\n|t:|1775942384\n|switch|p1a: Meganium|Meganium, L50, F|100/100\n|turn|3\n|\n|t:|1775942400\n|detailschange|p1a: Meganium|Meganium-Mega, L50, F\n|-mega|p1a: Meganium|Meganium|Meganiumite\n|move|p1b: Toxicroak|Rock Slide|p2b: Goodra|[spread] p2a,p2b\n|-resisted|p2b: Goodra|1\n|-damage|p2a: Rotom|71/100\n|-damage|p2b: Goodra|0 fnt\n|faint|p2b: Goodra\n|move|p1a: Meganium|Dazzling Gleam|p2a: Rotom\n|-damage|p2a: Rotom|23/100\n|cant|p2a: Rotom|flinch\n|\n|upkeep\n|\n|t:|1775942422\n|switch|p2b: Whimsicott|Whimsicott, L50, F|100/100\n|turn|4\n|\n|t:|1775942432\n|move|p2b: Whimsicott|Tailwind|p2b: Whimsicott\n|-sidestart|p2: thecamback|move: Tailwind\n|move|p1b: Toxicroak|Gunk Shot|p2b: Whimsicott|[miss]\n|-miss|p1b: Toxicroak|p2b: Whimsicott\n|move|p1a: Meganium|Dazzling Gleam|p2b: Whimsicott|[spread] p2a,p2b\n|-damage|p2a: Rotom|0 fnt\n|-damage|p2b: Whimsicott|50/100\n|faint|p2a: Rotom\n|\n|-sideend|p1: kak4p0|move: Tailwind\n|upkeep\n|\n|t:|1775942440\n|switch|p2a: Delphox|Delphox, L50, F|100/100\n|turn|5\n|\n|t:|1775942454\n|switch|p1b: Politoed|Politoed, L50, M|100/100\n|-weather|RainDance|[from] ability: Drizzle|[of] p1b: Politoed\n|detailschange|p2a: Delphox|Delphox-Mega, L50, F\n|-mega|p2a: Delphox|Delphox|Delphoxite\n|move|p1a: Meganium|Protect|p1a: Meganium\n|-singleturn|p1a: Meganium|Protect\n|move|p2a: Delphox|Heat Wave|p1a: Meganium|[spread] p1b\n|-activate|p1a: Meganium|move: Protect\n|-resisted|p1b: Politoed|1\n|-damage|p1b: Politoed|94/100\n|move|p2b: Whimsicott|Endeavor|p1a: Meganium\n|-activate|p1a: Meganium|move: Protect\n|\n|-weather|RainDance|[upkeep]\n|-heal|p1b: Politoed|100/100|[from] item: Leftovers\n|upkeep\n|turn|6\n|\n|t:|1775942479\n|move|p2a: Delphox|Psychic|p1b: Politoed\n|-damage|p1b: Politoed|62/100\n|move|p2b: Whimsicott|Giga Drain|p1b: Politoed\n|-supereffective|p1b: Politoed|1\n|-damage|p1b: Politoed|31/100\n|-heal|p2b: Whimsicott|69/100|[from] drain|[of] p1b: Politoed\n|move|p1a: Meganium|Weather Ball|p2b: Whimsicott\n|-supereffective|p2b: Whimsicott|1\n|-damage|p2b: Whimsicott|0 fnt\n|faint|p2b: Whimsicott\n|move|p1b: Politoed|Hydro Pump|p2a: Delphox\n|-supereffective|p2a: Delphox|1\n|-damage|p2a: Delphox|0 fnt\n|faint|p2a: Delphox\n|\n|win|kak4p0\n|raw|kak4p0's rating: 1022 &rarr; <strong>1062</strong><br />(+40 for winning)\n|raw|thecamback's rating: 1049 &rarr; <strong>1030</strong><br />(-19 for losing)\n|l|\u2606thecamback\n|player|p2|\n",
  "uploadtime": 1775942515,
  "views": 12,
  "formatid": "gen9championsvgc2026regma",
  "rating": 1030,
  "private": 0,
  "password": null
}