{
  "id": "gen9championsvgc2026regma-2581059459",
  "format": "[Gen 9 Champions] VGC 2026 Reg M-A",
  "players": [
    "mmesmerizer",
    "VGC Lys w<"
  ],
  "log": "|j|\u2606mmesmerizer\n|j|\u2606VGC Lys w<\n|t:|1775956024\n|gametype|doubles\n|player|p1|mmesmerizer|n|1101\n|player|p2|VGC Lys w<|miku-fairy|1068\n|gen|9\n|tier|[Gen 9 Champions] VGC 2026 Reg M-A\n|rated|\n|rule|Species Clause: Limit one of each Pok\u00e9mon\n|rule|Item Clause: Limit 1 of each item\n|clearpoke\n|poke|p1|Victreebel, L50, M|\n|poke|p1|Incineroar, L50, M|\n|poke|p1|Milotic, L50, M|\n|poke|p1|Aerodactyl, L50, F|\n|poke|p1|Sneasler, L50, F|\n|poke|p1|Farigiraf, L50, F|\n|poke|p2|Garchomp, L50, F|\n|poke|p2|Toucannon, L50, F|\n|poke|p2|Arcanine-Hisui, L50, F|\n|poke|p2|Noivern, L50, F|\n|poke|p2|Blastoise, L50, M|\n|poke|p2|Whimsicott, L50, F|\n|teampreview|4\n|inactive|Battle timer is ON: inactive players will automatically lose when time's up. (requested by VGC Lys w<)\n|inactive|mmesmerizer also wants the timer to be on.\nmmesmerizer has agreed to open team sheets.\n|inactive|mmesmerizer has 60 seconds left.\n|inactive|VGC Lys w< has 60 seconds left.\n|\n|t:|1775956062\n|teamsize|p1|4\n|teamsize|p2|4\n|start\n|switch|p1a: Aerodactyl|Aerodactyl, L50, F|100/100\n|switch|p1b: Sneasler|Sneasler, L50, F, shiny|100/100\n|switch|p2a: Blastoise|Blastoise, L50, M|100/100\n|switch|p2b: Whimsicott|Whimsicott, L50, F|100/100\n|-ability|p1a: Aerodactyl|Unnerve\n|turn|1\n|\n|t:|1775956072\n|move|p2a: Blastoise|Protect|p2a: Blastoise\n|-singleturn|p2a: Blastoise|Protect\n|move|p1b: Sneasler|Fake Out|p2b: Whimsicott\n|-damage|p2b: Whimsicott|82/100\n|cant|p2b: Whimsicott|flinch\n|move|p1a: Aerodactyl|Taunt|p2b: Whimsicott\n|-start|p2b: Whimsicott|move: Taunt\n|-enditem|p2b: Whimsicott|Mental Herb\n|-end|p2b: Whimsicott|move: Taunt\n|\n|upkeep\n|turn|2\n|\n|t:|1775956090\n|detailschange|p2a: Blastoise|Blastoise-Mega, L50, M\n|-mega|p2a: Blastoise|Blastoise|Blastoisinite\n|move|p2b: Whimsicott|Tailwind|p2b: Whimsicott\n|-sidestart|p2: VGC Lys w<|move: Tailwind\n|move|p2a: Blastoise|Water Spout|p1a: Aerodactyl|[spread] p1a,p1b\n|-supereffective|p1a: Aerodactyl|1\n|-enditem|p1a: Aerodactyl|Focus Sash\n|-damage|p1a: Aerodactyl|1/100\n|-damage|p1b: Sneasler|20/100\n|move|p1a: Aerodactyl|Tailwind|p1a: Aerodactyl\n|-sidestart|p1: mmesmerizer|move: Tailwind\n|move|p1b: Sneasler|Close Combat|p2a: Blastoise\n|-damage|p2a: Blastoise|33/100\n|-unboost|p1b: Sneasler|def|1\n|-unboost|p1b: Sneasler|spd|1\n|-enditem|p1b: Sneasler|White Herb\n|-clearnegativeboost|p1b: Sneasler|[silent]\n|\n|upkeep\n|turn|3\n|\n|t:|1775956107\n|move|p2a: Blastoise|Protect|p2a: Blastoise\n|-singleturn|p2a: Blastoise|Protect\n|move|p2b: Whimsicott|Encore|p1b: Sneasler\n|-start|p1b: Sneasler|Encore\n|move|p1b: Sneasler|Close Combat|p2a: Blastoise\n|-activate|p2a: Blastoise|move: Protect\n|move|p1a: Aerodactyl|Rock Slide|p2a: Blastoise|[spread] p2b\n|-activate|p2a: Blastoise|move: Protect\n|-damage|p2b: Whimsicott|51/100\n|\n|upkeep\n|turn|4\n|\n|t:|1775956122\n|switch|p2a: Garchomp|Garchomp, L50, F|100/100\n|move|p1b: Sneasler|Close Combat|p2a: Garchomp\n|-damage|p2a: Garchomp|26/100\n|-unboost|p1b: Sneasler|def|1\n|-unboost|p1b: Sneasler|spd|1\n|-damage|p1b: Sneasler|8/100|[from] ability: Rough Skin|[of] p2a: Garchomp\n|move|p1a: Aerodactyl|Rock Slide|p2b: Whimsicott|[spread] p2a,p2b\n|-resisted|p2a: Garchomp|1\n|-damage|p2a: Garchomp|15/100\n|-damage|p2b: Whimsicott|22/100\n|move|p2b: Whimsicott|Moonblast|p1a: Aerodactyl\n|-damage|p1a: Aerodactyl|0 fnt\n|faint|p1a: Aerodactyl\n|\n|upkeep\n|\n|t:|1775956129\n|switch|p1a: Milotic|Milotic, L50, M, shiny|100/100\n|turn|5\n|\n|t:|1775956142\n|move|p2b: Whimsicott|Helping Hand|p2a: Garchomp\n|-singleturn|p2a: Garchomp|Helping Hand|[of] p2b: Whimsicott\n|move|p1b: Sneasler|Close Combat|p2b: Whimsicott\n|-resisted|p2b: Whimsicott|1\n|-damage|p2b: Whimsicott|0 fnt\n|-unboost|p1b: Sneasler|def|1\n|-unboost|p1b: Sneasler|spd|1\n|faint|p2b: Whimsicott\n|move|p2a: Garchomp|Bulldoze|p1a: Milotic|[spread] p1a,p1b\n|-supereffective|p1b: Sneasler|1\n|-damage|p1a: Milotic|63/100\n|-damage|p1b: Sneasler|0 fnt\n|-unboost|p1a: Milotic|spe|1\n|-ability|p1a: Milotic|Competitive|boost\n|-boost|p1a: Milotic|spa|2\n|faint|p1b: Sneasler\n|move|p1a: Milotic|Icy Wind|p2a: Garchomp\n|-supereffective|p2a: Garchomp|2\n|-damage|p2a: Garchomp|0 fnt\n|faint|p2a: Garchomp\n|\n|-heal|p1a: Milotic|69/100|[from] item: Leftovers\n|-sideend|p1: mmesmerizer|move: Tailwind\n|-sideend|p2: VGC Lys w<|move: Tailwind\n|upkeep\n|\n|t:|1775956156\n|switch|p2b: Toucannon|Toucannon, L50, F|100/100\n|switch|p1b: i dnt feel so good|Victreebel, L50, M, shiny|100/100\n|switch|p2a: Blastoise|Blastoise-Mega, L50, M|33/100\n|turn|6\n|inactive|VGC Lys w< has 30 seconds left.\n|\n|t:|1775956184\n|detailschange|p1b: i dnt feel so good|Victreebel-Mega, L50, M, shiny\n|-mega|p1b: i dnt feel so good|Victreebel|Victreebelite\n|move|p1b: i dnt feel so good|Protect|p1b: i dnt feel so good\n|-singleturn|p1b: i dnt feel so good|Protect\n|move|p2a: Blastoise|Aura Sphere|p1a: Milotic\n|-damage|p1a: Milotic|36/100\n|move|p2b: Toucannon|Gunk Shot|p1a: Milotic\n|-crit|p1a: Milotic\n|-damage|p1a: Milotic|0 fnt\n|faint|p1a: Milotic\n|\n|upkeep\n|turn|7\n|\n|t:|1775956197\n|-singleturn|p2b: Toucannon|move: Beak Blast\n|move|p2a: Blastoise|Ice Beam|p1b: i dnt feel so good\n|-supereffective|p1b: i dnt feel so good|1\n|-damage|p1b: i dnt feel so good|35/100\n|move|p1b: i dnt feel so good|Energy Ball|p2a: Blastoise\n|-supereffective|p2a: Blastoise|1\n|-damage|p2a: Blastoise|0 fnt\n|faint|p2a: Blastoise\n|move|p2b: Toucannon|Beak Blast|p1b: i dnt feel so good\n|-supereffective|p1b: i dnt feel so good|1\n|-damage|p1b: i dnt feel so good|0 fnt\n|-damage|p2b: Toucannon|59/100|[from] ability: Innards Out|[of] p1b: i dnt feel so good\n|faint|p1b: i dnt feel so good\n|\n|win|VGC Lys w<\n|raw|mmesmerizer's rating: 1101 &rarr; <strong>1074</strong><br />(-27 for losing)\n|raw|VGC Lys w&lt;'s rating: 1068 &rarr; <strong>1101</strong><br />(+33 for winning)\n|l|\u2606mmesmerizer\n|player|p1|\n",
  "uploadtime": 1775956213,
  "views": 11,
  "formatid": "gen9championsvgc2026regma",
  "rating": 1074,
  "private": 0,
  "password": null
}