{
  "id": "gen9championsvgc2026regma-2583222609",
  "format": "[Gen 9 Champions] VGC 2026 Reg M-A",
  "players": [
    "alexanime28",
    "shin-tv07"
  ],
  "log": "|j|\u2606alexanime28\n|j|\u2606shin-tv07\n|t:|1776156478\n|gametype|doubles\n|player|p1|alexanime28|lucas|1000\n|player|p2|shin-tv07|twins-gen4dp|1083\n|gen|9\n|tier|[Gen 9 Champions] VGC 2026 Reg M-A\n|rated|\n|rule|Species Clause: Limit one of each Pok\u00e9mon\n|rule|Item Clause: Limit 1 of each item\n|clearpoke\n|poke|p1|Incineroar, L50, F|\n|poke|p1|Sneasler, L50, F|\n|poke|p1|Kingambit, L50, M|\n|poke|p1|Talonflame, L50, F|\n|poke|p1|Rotom-Wash, L50|\n|poke|p1|Dragonite, L50, M|\n|poke|p2|Tauros-Paldea-Aqua, L50, M|\n|poke|p2|Froslass, L50, F|\n|poke|p2|Whimsicott, L50, M|\n|poke|p2|Incineroar, L50, M|\n|poke|p2|Palafin, L50, M|\n|poke|p2|Floette-Eternal, L50, F|\n|teampreview|4\n|inactive|Battle timer is ON: inactive players will automatically lose when time's up. (requested by alexanime28)\n|inactive|alexanime28 has 60 seconds left.\nshin-tv07 rejected open team sheets.\n|\n|t:|1776156516\n|teamsize|p1|4\n|teamsize|p2|4\n|start\n|switch|p1a: Talonflame|Talonflame, L50, F|100/100\n|switch|p1b: Sneasler|Sneasler, L50, F|100/100\n|switch|p2a: Tauros|Tauros-Paldea-Aqua, L50, M|100/100\n|switch|p2b: Froslass|Froslass, L50, F|100/100\n|turn|1\n|inactive|alexanime28 has 30 seconds left.\n|inactive|alexanime28 has 20 seconds left.\n|\n|t:|1776156552\n|switch|p1b: Incineroar|Incineroar, L50, F|100/100\n|-ability|p1b: Incineroar|Intimidate|boost\n|-unboost|p2a: Tauros|atk|1\n|-unboost|p2b: Froslass|atk|1\n|move|p1a: Talonflame|Protect|p1a: Talonflame\n|-singleturn|p1a: Talonflame|Protect\n|move|p2b: Froslass|Frost Breath|p2a: Tauros\n|-resisted|p2a: Tauros|1\n|-crit|p2a: Tauros\n|-damage|p2a: Tauros|86/100\n|-setboost|p2a: Tauros|atk|6|[from] ability: Anger Point\n|move|p2a: Tauros|Rock Slide|p1b: Incineroar|[spread] p1b\n|-activate|p1a: Talonflame|move: Protect\n|-supereffective|p1b: Incineroar|1\n|-damage|p1b: Incineroar|0 fnt\n|faint|p1b: Incineroar\n|\n|upkeep\n|\n|t:|1776156569\n|switch|p1b: Sneasler|Sneasler, L50, F|100/100\n|turn|2\n|\n|t:|1776156583\n|detailschange|p2b: Froslass|Froslass-Mega, L50, F\n|-mega|p2b: Froslass|Froslass|Froslassite\n|-weather|Snowscape|[from] ability: Snow Warning|[of] p2b: Froslass\n|move|p2a: Tauros|Protect|p2a: Tauros\n|-singleturn|p2a: Tauros|Protect\n|move|p1a: Talonflame|Dual Wingbeat|p2a: Tauros\n|-activate|p2a: Tauros|move: Protect\n|move|p1b: Sneasler|Dire Claw|p2a: Tauros\n|-activate|p2a: Tauros|move: Protect\n|move|p2b: Froslass|Blizzard|p1b: Sneasler|[spread] p1a,p1b\n|-damage|p1a: Talonflame|42/100\n|-damage|p1b: Sneasler|52/100\n|\n|-weather|Snowscape|[upkeep]\n|upkeep\n|turn|3\n|\n|t:|1776156604\n|move|p2a: Tauros|Aqua Jet|p1a: Talonflame\n|-supereffective|p1a: Talonflame|1\n|-damage|p1a: Talonflame|0 fnt\n|faint|p1a: Talonflame\n|move|p1b: Sneasler|Acrobatics|p2a: Tauros\n|-supereffective|p2a: Tauros|1\n|-damage|p2a: Tauros|38/100\n|-enditem|p2a: Tauros|Sitrus Berry|[eat]\n|-heal|p2a: Tauros|63/100|[from] item: Sitrus Berry\n|move|p2b: Froslass|Shadow Ball|p1b: Sneasler\n|-damage|p1b: Sneasler|1/100\n|\n|-weather|Snowscape|[upkeep]\n|upkeep\n|\n|t:|1776156609\n|switch|p1a: Kingambit|Kingambit, L50, M|100/100\n|turn|4\n|\n|t:|1776156620\n|move|p2a: Tauros|Protect|p2a: Tauros\n|-singleturn|p2a: Tauros|Protect\n|move|p2b: Froslass|Blizzard|p1b: Sneasler|[spread] p1a,p1b\n|-resisted|p1a: Kingambit|1\n|-damage|p1a: Kingambit|82/100\n|-damage|p1b: Sneasler|0 fnt\n|faint|p1b: Sneasler\n|move|p1a: Kingambit|Kowtow Cleave|p2b: Froslass\n|-supereffective|p2b: Froslass|1\n|-damage|p2b: Froslass|0 fnt\n|faint|p2b: Froslass\n|\n|-weather|Snowscape|[upkeep]\n|upkeep\n|\n|t:|1776156629\n|switch|p2b: Palafin|Palafin, L50, M|100/100\n|turn|5\n|c|\u2606shin-tv07|gg\n|\n|t:|1776156640\n|move|p2b: Palafin|Flip Turn|p1a: Kingambit\n|-damage|p1a: Kingambit|64/100\n|\n|t:|1776156643\n|detailschange|p2b: Palafin|Palafin-Hero, L50, M\n|switch|p2b: Whimsicott|Whimsicott, L50, M|100/100|[from] Flip Turn\n|move|p2a: Tauros|Close Combat|p1a: Kingambit\n|-supereffective|p1a: Kingambit|2\n|-damage|p1a: Kingambit|0 fnt\n|-unboost|p2a: Tauros|def|1\n|-unboost|p2a: Tauros|spd|1\n|faint|p1a: Kingambit\n|\n|win|shin-tv07\n|raw|alexanime28's rating: 1000 &rarr; <strong>1000</strong><br />(+0 for losing)\n|raw|shin-tv07's rating: 1083 &rarr; <strong>1104</strong><br />(+21 for winning)\n",
  "uploadtime": 1776156647,
  "views": 17,
  "formatid": "gen9championsvgc2026regma",
  "rating": 1000,
  "private": 0,
  "password": null
}