{
  "id": "gen9championsvgc2026regma-2580433274",
  "format": "[Gen 9 Champions] VGC 2026 Reg M-A",
  "players": [
    "groudon215",
    "ItsZuno"
  ],
  "log": "|j|\u2606groudon215\n|j|\u2606ItsZuno\n|t:|1775895819\n|gametype|doubles\n|player|p1|groudon215|steven|1000\n|player|p2|ItsZuno|blue|1043\n|gen|9\n|tier|[Gen 9 Champions] VGC 2026 Reg M-A\n|rated|\n|rule|Species Clause: Limit one of each Pok\u00e9mon\n|rule|Item Clause: Limit 1 of each item\n|clearpoke\n|poke|p1|Beedrill, L50, M|\n|poke|p1|Pelipper, L50, F|\n|poke|p1|Araquanid, L50, F|\n|poke|p1|Meganium, L50, M|\n|poke|p1|Sneasler, L50, M|\n|poke|p1|Garchomp, L50, F|\n|poke|p2|Lucario, L50, M|\n|poke|p2|Pelipper, L50, M|\n|poke|p2|Maushold-Four, L50|\n|poke|p2|Rotom-Wash, L50|\n|poke|p2|Raichu, L50, M|\n|poke|p2|Sneasler, L50, F|\n|teampreview|4\n|inactive|Battle timer is ON: inactive players will automatically lose when time's up. (requested by groudon215)\n|\n|t:|1775895857\n|teamsize|p1|4\n|teamsize|p2|4\n|start\n|switch|p1a: Sneasler|Sneasler, L50, M|100/100\n|switch|p1b: Meganium|Meganium, L50, M|100/100\n|switch|p2a: Lucario|Lucario, L50, M|100/100\n|switch|p2b: Raichu|Raichu, L50, M|100/100\n|turn|1\n|inactive|groudon215 has 30 seconds left.\n|inactive|ItsZuno has 30 seconds left.\n|inactive|ItsZuno has 20 seconds left.\n|inactive|ItsZuno has 15 seconds left.\n|inactive|ItsZuno has 10 seconds left.\n|\n|t:|1775895903\n|move|p2a: Lucario|Protect|p2a: Lucario\n|-singleturn|p2a: Lucario|Protect\n|move|p2b: Raichu|Fake Out|p1a: Sneasler\n|-damage|p1a: Sneasler|87/100\n|cant|p1a: Sneasler|flinch\n|move|p1b: Meganium|Dazzling Gleam|p2a: Lucario|[spread] p2b\n|-activate|p2a: Lucario|move: Protect\n|-damage|p2b: Raichu|83/100\n|\n|upkeep\n|turn|2\n|\n|t:|1775895921\n|switch|p2a: Sneasler|Sneasler, L50, F|100/100\n|move|p1a: Sneasler|Close Combat|p2a: Sneasler\n|-resisted|p2a: Sneasler|1\n|-damage|p2a: Sneasler|51/100\n|-unboost|p1a: Sneasler|def|1\n|-unboost|p1a: Sneasler|spd|1\n|move|p2b: Raichu|Nuzzle|p1a: Sneasler\n|-damage|p1a: Sneasler|71/100\n|-status|p1a: Sneasler|par\n|move|p1b: Meganium|Dazzling Gleam|p2b: Raichu|[spread] p2a,p2b\n|-damage|p2a: Sneasler|33/100\n|-damage|p2b: Raichu|65/100\n|\n|upkeep\n|turn|3\n|inactive|groudon215 has 30 seconds left.\n|\n|t:|1775895946\n|move|p2a: Sneasler|U-turn|p1b: Meganium\n|-supereffective|p1b: Meganium|1\n|-crit|p1b: Meganium\n|-damage|p1b: Meganium|42/100\n|-status|p1b: Meganium|psn|[from] ability: Poison Touch|[of] p2a: Sneasler\n|\n|t:|1775895951\n|switch|p2a: Pelipper|Pelipper, L50, M|100/100|[from] U-turn\n|-weather|RainDance|[from] ability: Drizzle|[of] p2a: Pelipper\n|move|p2b: Raichu|Volt Switch|p1a: Sneasler\n|-damage|p1a: Sneasler|15/100 par\n|\n|t:|1775895966\n|switch|p2b: Sneasler|Sneasler, L50, F|33/100|[from] Volt Switch\n|move|p1b: Meganium|Dazzling Gleam|p2b: Sneasler|[spread] p2a,p2b\n|-damage|p2a: Pelipper|81/100\n|-damage|p2b: Sneasler|14/100\n|move|p1a: Sneasler|Dire Claw|p2b: Sneasler\n|-resisted|p2b: Sneasler|1\n|-damage|p2b: Sneasler|0 fnt\n|faint|p2b: Sneasler\n|\n|-weather|RainDance|[upkeep]\n|-damage|p1b: Meganium|29/100 psn|[from] psn\n|upkeep\n|\n|t:|1775895978\n|switch|p2b: Lucario|Lucario, L50, M|100/100\n|turn|4\n|\n|t:|1775895994\n|detailschange|p2b: Lucario|Lucario-Mega, L50, M\n|-mega|p2b: Lucario|Lucario|Lucarionite\n|detailschange|p1b: Meganium|Meganium-Mega, L50, M\n|-mega|p1b: Meganium|Meganium|Meganiumite\n|move|p2b: Lucario|Bullet Punch|p1a: Sneasler\n|-damage|p1a: Sneasler|0 fnt\n|faint|p1a: Sneasler\n|move|p2a: Pelipper|Tailwind|p2a: Pelipper\n|-sidestart|p2: ItsZuno|move: Tailwind\n|move|p1b: Meganium|Synthesis|p1b: Meganium\n|-heal|p1b: Meganium|96/100 psn\n|\n|-weather|RainDance|[upkeep]\n|-damage|p1b: Meganium|84/100 psn|[from] psn\n|upkeep\n|\n|t:|1775896013\n|switch|p1a: Garchomp|Garchomp, L50, F|100/100\n|turn|5\n|\n|t:|1775896022\n|move|p2b: Lucario|Ice Punch|p1a: Garchomp\n|-supereffective|p1a: Garchomp|2\n|-damage|p1a: Garchomp|0 fnt\n|-damage|p2b: Lucario|88/100|[from] ability: Rough Skin|[of] p1a: Garchomp\n|faint|p1a: Garchomp\n|move|p2a: Pelipper|Hurricane|p1b: Meganium\n|-supereffective|p1b: Meganium|1\n|-damage|p1b: Meganium|19/100 psn\n|-start|p1b: Meganium|confusion\n|-activate|p1b: Meganium|confusion\n|move|p1b: Meganium|Solar Beam||[still]\n|-prepare|p1b: Meganium|Solar Beam\n|-activate|p1b: Meganium|ability: Mega Sol\n|-anim|p1b: Meganium|Solar Beam|p2a: Pelipper\n|-crit|p2a: Pelipper\n|-damage|p2a: Pelipper|0 fnt\n|faint|p2a: Pelipper\n|\n|-weather|RainDance|[upkeep]\n|-damage|p1b: Meganium|6/100 psn|[from] psn\n|upkeep\n|\n|t:|1775896040\n|switch|p1a: Beedrill|Beedrill, L50, M|100/100\n|switch|p2a: Raichu|Raichu, L50, M|65/100\n|turn|6\n|\n|t:|1775896050\n|move|p2b: Lucario|Protect|p2b: Lucario\n|-singleturn|p2b: Lucario|Protect\n|move|p2a: Raichu|Thunderbolt|p1a: Beedrill\n|-damage|p1a: Beedrill|48/100\n|move|p1a: Beedrill|Poison Jab|p2a: Raichu\n|-damage|p2a: Raichu|11/100\n|-end|p1b: Meganium|confusion\n|move|p1b: Meganium|Synthesis|p1b: Meganium\n|-heal|p1b: Meganium|73/100 psn\n|\n|-weather|RainDance|[upkeep]\n|-damage|p1b: Meganium|61/100 psn|[from] psn\n|upkeep\n|turn|7\n|\n|t:|1775896074\n|move|p2b: Lucario|Bullet Punch|p1b: Meganium\n|-supereffective|p1b: Meganium|1\n|-damage|p1b: Meganium|20/100 psn\n|move|p2a: Raichu|Thunderbolt|p1a: Beedrill\n|-damage|p1a: Beedrill|0 fnt\n|faint|p1a: Beedrill\n|move|p1b: Meganium|Dazzling Gleam|p2b: Lucario|[spread] p2a,p2b\n|-damage|p2a: Raichu|0 fnt\n|-damage|p2b: Lucario|39/100\n|faint|p2a: Raichu\n|\n|-weather|none\n|-damage|p1b: Meganium|8/100 psn|[from] psn\n|-sideend|p2: ItsZuno|move: Tailwind\n|upkeep\n|turn|8\n|\n|t:|1775896086\n|move|p2b: Lucario|Bullet Punch|p1b: Meganium\n|-supereffective|p1b: Meganium|1\n|-damage|p1b: Meganium|0 fnt\n|faint|p1b: Meganium\n|\n|win|ItsZuno\n|raw|groudon215's rating: 1000 &rarr; <strong>1000</strong><br />(+0 for losing)\n|raw|ItsZuno's rating: 1043 &rarr; <strong>1072</strong><br />(+29 for winning)\n|l|\u2606groudon215\n|player|p1|\n",
  "uploadtime": 1775896092,
  "views": 16,
  "formatid": "gen9championsvgc2026regma",
  "rating": 1000,
  "private": 0,
  "password": null
}