{
  "id": "gen9championsvgc2026regma-2582351060",
  "format": "[Gen 9 Champions] VGC 2026 Reg M-A",
  "players": [
    "hamagniv",
    "23456789XB"
  ],
  "log": "|j|\u2606hamagniv\n|j|\u260623456789XB\n|t:|1776085614\n|gametype|doubles\n|player|p1|hamagniv|2|1069\n|player|p2|23456789XB|cynthia|1122\n|gen|9\n|tier|[Gen 9 Champions] VGC 2026 Reg M-A\n|rated|\n|rule|Species Clause: Limit one of each Pok\u00e9mon\n|rule|Item Clause: Limit 1 of each item\n|clearpoke\n|poke|p1|Excadrill, L50, F|\n|poke|p1|Rotom-Wash, L50|\n|poke|p1|Tyranitar, L50, M|\n|poke|p1|Arcanine-Hisui, L50, M|\n|poke|p1|Whimsicott, L50, M|\n|poke|p1|Farigiraf, L50, F|\n|poke|p2|Gardevoir, L50, F|\n|poke|p2|Farigiraf, L50, F|\n|poke|p2|Sinistcha, L50|\n|poke|p2|Incineroar, L50, M|\n|poke|p2|Basculegion, L50, M|\n|teampreview|4\n|inactive|Battle timer is ON: inactive players will automatically lose when time's up. (requested by 23456789XB)\n|\n|t:|1776085636\n|teamsize|p1|4\n|teamsize|p2|4\n|start\n|switch|p1a: Rotom|Rotom-Wash, L50|100/100\n|switch|p1b: Whimsicott|Whimsicott, L50, M|100/100\n|switch|p2a: Basculegion|Basculegion, L50, M|100/100\n|switch|p2b: Wolfe bot|Incineroar, L50, M|100/100\n|-ability|p2b: Wolfe bot|Intimidate|boost\n|-unboost|p1a: Rotom|atk|1\n|-unboost|p1b: Whimsicott|atk|1\n|turn|1\n|\n|t:|1776085656\n|switch|p1b: Farigiraf|Farigiraf, L50, F|100/100\n|move|p2b: Wolfe bot|Fake Out||[still]\n|cant|p1b: Farigiraf|ability: Armor Tail|Fake Out|[of] p2b: Wolfe bot\n|move|p2a: Basculegion|Wave Crash|p1b: Farigiraf\n|-damage|p1b: Farigiraf|25/100\n|-damage|p2a: Basculegion|71/100|[from] Recoil\n|move|p1a: Rotom|Hydro Pump|p2b: Wolfe bot\n|-supereffective|p2b: Wolfe bot|1\n|-damage|p2b: Wolfe bot|19/100\n|-enditem|p2b: Wolfe bot|Sitrus Berry|[eat]\n|-heal|p2b: Wolfe bot|44/100|[from] item: Sitrus Berry\n|\n|-heal|p1b: Farigiraf|31/100|[from] item: Leftovers\n|upkeep\n|turn|2\n|\n|t:|1776085669\n|switch|p1b: Excadrill|Excadrill, L50, F|100/100\n|switch|p2b: Health pack|Sinistcha, L50|100/100\n|-heal|p2a: Basculegion|96/100|[from] ability: Hospitality|[of] p2b: Health pack\n|move|p2a: Basculegion|Wave Crash|p1b: Excadrill\n|-supereffective|p1b: Excadrill|1\n|-damage|p1b: Excadrill|0 fnt\n|faint|p1b: Excadrill\n|-damage|p2a: Basculegion|65/100|[from] Recoil\n|move|p1a: Rotom|Discharge|p2b: Health pack|[spread] p2a,p2b\n|-supereffective|p2a: Basculegion|1\n|-resisted|p2b: Health pack|1\n|-damage|p2a: Basculegion|0 fnt\n|-damage|p2b: Health pack|86/100\n|faint|p2a: Basculegion\n|\n|upkeep\n|\n|t:|1776085680\n|switch|p1b: Whimsicott|Whimsicott, L50, M|100/100\n|switch|p2a: Gardevoir|Gardevoir, L50, F|100/100\n|-ability|p2a: Gardevoir|Prankster|Trace|[from] ability: Trace|[of] p1b: Whimsicott\n|turn|3\n|\n|t:|1776085696\n|detailschange|p2a: Gardevoir|Gardevoir-Mega, L50, F\n|-mega|p2a: Gardevoir|Gardevoir|Gardevoirite\n|move|p1b: Whimsicott|Tailwind|p1b: Whimsicott\n|-sidestart|p1: hamagniv|move: Tailwind\n|move|p1a: Rotom|Dark Pulse|p2b: Health pack\n|-supereffective|p2b: Health pack|1\n|-damage|p2b: Health pack|34/100\n|move|p2b: Health pack|Matcha Gotcha|p1a: Rotom|[spread] p1a,p1b\n|-supereffective|p1a: Rotom|1\n|-resisted|p1b: Whimsicott|1\n|-damage|p1a: Rotom|40/100\n|-heal|p2b: Health pack|57/100|[from] drain|[of] p1a: Rotom\n|-damage|p1b: Whimsicott|80/100\n|-heal|p2b: Health pack|65/100|[from] drain|[of] p1b: Whimsicott\n|move|p2a: Gardevoir|Trick Room|p2a: Gardevoir\n|-fieldstart|move: Trick Room|[of] p2a: Gardevoir\n|\n|upkeep\n|turn|4\n|inactive|hamagniv has 30 seconds left.\n|inactive|hamagniv has 20 seconds left.\n|\n|t:|1776085734\n|move|p1b: Whimsicott|Taunt|p2a: Gardevoir\n|-start|p2a: Gardevoir|move: Taunt\n|move|p2b: Health pack|Matcha Gotcha|p1b: Whimsicott|[spread] p1a,p1b\n|-supereffective|p1a: Rotom|1\n|-resisted|p1b: Whimsicott|1\n|-damage|p1a: Rotom|0 fnt\n|-heal|p2b: Health pack|79/100|[from] drain|[of] p1a: Rotom\n|-damage|p1b: Whimsicott|62/100\n|-heal|p2b: Health pack|86/100|[from] drain|[of] p1b: Whimsicott\n|faint|p1a: Rotom\n|move|p2a: Gardevoir|Hyper Voice|p1b: Whimsicott\n|-damage|p1b: Whimsicott|0 fnt\n|faint|p1b: Whimsicott\n|\n|upkeep\n|\n|t:|1776085737\n|switch|p1b: Farigiraf|Farigiraf, L50, F|31/100\n|turn|5\n|-message|hamagniv forfeited.\n|\n|win|23456789XB\n|raw|hamagniv's rating: 1069 &rarr; <strong>1052</strong><br />(-17 for losing)\n|raw|23456789XB's rating: 1122 &rarr; <strong>1143</strong><br />(+21 for winning)\n|l|\u2606hamagniv\n|player|p1|\n",
  "uploadtime": 1776085753,
  "views": 10,
  "formatid": "gen9championsvgc2026regma",
  "rating": 1052,
  "private": 0,
  "password": null
}