{
  "id": "gen9championsvgc2026regma-2583882509",
  "format": "[Gen 9 Champions] VGC 2026 Reg M-A",
  "players": [
    "retrojp",
    "Krupp99"
  ],
  "log": "|j|\u2606retrojp\n|j|\u2606Krupp99\n|t:|1776205178\n|gametype|doubles\n|player|p1|retrojp|101|1124\n|player|p2|Krupp99|roark|1173\n|gen|9\n|tier|[Gen 9 Champions] VGC 2026 Reg M-A\n|rated|\n|rule|Species Clause: Limit one of each Pok\u00e9mon\n|rule|Item Clause: Limit 1 of each item\n|clearpoke\n|poke|p1|Aggron, L50, M|\n|poke|p1|Aerodactyl, L50, M|\n|poke|p1|Hydreigon, L50, M|\n|poke|p1|Tyranitar, L50, M|\n|poke|p1|Sneasler, L50, F|\n|poke|p1|Sinistcha, L50|\n|poke|p2|Delphox, L50, F|\n|poke|p2|Garchomp, L50, F|\n|poke|p2|Sneasler, L50, M|\n|poke|p2|Tauros-Paldea-Aqua, L50, M|\n|poke|p2|Tsareena, L50, F|\n|poke|p2|Dragonite, L50, F|\n|teampreview|4\n|inactive|Battle timer is ON: inactive players will automatically lose when time's up. (requested by Krupp99)\n|\n|t:|1776205203\n|teamsize|p1|4\n|teamsize|p2|4\n|start\n|switch|p1a: Tyranitar|Tyranitar, L50, M|100/100\n|switch|p1b: Sneasler|Sneasler, L50, F|100/100\n|switch|p2a: Tauros|Tauros-Paldea-Aqua, L50, M|100/100\n|switch|p2b: Tsareena|Tsareena, L50, F|100/100\n|-ability|p1b: Sneasler|Pressure\n|-ability|p2a: Tauros|Intimidate|boost\n|-unboost|p1a: Tyranitar|atk|1\n|-unboost|p1b: Sneasler|atk|1\n|-weather|Sandstorm|[from] ability: Sand Stream|[of] p1a: Tyranitar\n|turn|1\n|\n|t:|1776205222\n|move|p1a: Tyranitar|Protect|p1a: Tyranitar\n|-singleturn|p1a: Tyranitar|Protect\n|move|p2b: Tsareena|Zen Headbutt|p1b: Sneasler\n|-supereffective|p1b: Sneasler|2\n|-damage|p1b: Sneasler|0 fnt\n|faint|p1b: Sneasler\n|move|p2a: Tauros|Close Combat|p1a: Tyranitar\n|-activate|p1a: Tyranitar|move: Protect\n|\n|-weather|Sandstorm|[upkeep]\n|-damage|p2b: Tsareena|94/100|[from] Sandstorm\n|-damage|p2a: Tauros|95/100|[from] Sandstorm\n|upkeep\n|\n|t:|1776205236\n|switch|p1b: Sinistcha|Sinistcha, L50|100/100\n|turn|2\n|\n|t:|1776205251\n|move|p1b: Sinistcha|Rage Powder|p1b: Sinistcha\n|-singleturn|p1b: Sinistcha|move: Rage Powder\n|move|p2b: Tsareena|Zen Headbutt|p1b: Sinistcha\n|-damage|p1b: Sinistcha|82/100\n|move|p2a: Tauros|Close Combat|p1b: Sinistcha\n|-immune|p1b: Sinistcha\n|move|p1a: Tyranitar|Ice Punch|p2b: Tsareena\n|-supereffective|p2b: Tsareena|1\n|-damage|p2b: Tsareena|47/100\n|\n|-weather|Sandstorm|[upkeep]\n|-damage|p2b: Tsareena|41/100|[from] Sandstorm\n|-damage|p2a: Tauros|89/100|[from] Sandstorm\n|-damage|p1b: Sinistcha|75/100|[from] Sandstorm\n|upkeep\n|turn|3\n|\n|t:|1776205270\n|switch|p2b: Sneasler|Sneasler, L50, M|100/100\n|move|p1b: Sinistcha|Rage Powder|p1b: Sinistcha\n|-singleturn|p1b: Sinistcha|move: Rage Powder\n|move|p2a: Tauros|Raging Bull|p1b: Sinistcha\n|-resisted|p1b: Sinistcha|1\n|-damage|p1b: Sinistcha|58/100\n|move|p1a: Tyranitar|Ice Punch|p2b: Sneasler\n|-damage|p2b: Sneasler|65/100\n|\n|-weather|Sandstorm|[upkeep]\n|-damage|p2b: Sneasler|60/100|[from] Sandstorm\n|-damage|p2a: Tauros|83/100|[from] Sandstorm\n|-damage|p1b: Sinistcha|52/100|[from] Sandstorm\n|upkeep\n|turn|4\n|\n|t:|1776205289\n|move|p1a: Tyranitar|Protect|p1a: Tyranitar\n|-singleturn|p1a: Tyranitar|Protect\n|move|p2b: Sneasler|Dire Claw|p1b: Sinistcha\n|-damage|p1b: Sinistcha|22/100\n|-status|p1b: Sinistcha|par\n|move|p2a: Tauros|Raging Bull|p1a: Tyranitar\n|-activate|p1a: Tyranitar|move: Protect\n|move|p1b: Sinistcha|Matcha Gotcha|p2a: Tauros|[spread] p2a,p2b\n|-supereffective|p2a: Tauros|1\n|-resisted|p2b: Sneasler|1\n|-damage|p2a: Tauros|2/100\n|-heal|p1b: Sinistcha|56/100 par|[from] drain|[of] p2a: Tauros\n|-damage|p2b: Sneasler|43/100\n|-heal|p1b: Sinistcha|64/100 par|[from] drain|[of] p2b: Sneasler\n|-status|p2a: Tauros|brn\n|\n|-weather|Sandstorm|[upkeep]\n|-damage|p2b: Sneasler|37/100|[from] Sandstorm\n|-damage|p2a: Tauros|0 fnt|[from] Sandstorm\n|-damage|p1b: Sinistcha|58/100 par|[from] Sandstorm\n|faint|p2a: Tauros\n|upkeep\n|\n|t:|1776205297\n|switch|p2a: Tsareena|Tsareena, L50, F|41/100\n|turn|5\n|\n|t:|1776205321\n|move|p1b: Sinistcha|Rage Powder|p1b: Sinistcha\n|-singleturn|p1b: Sinistcha|move: Rage Powder\n|move|p2a: Tsareena|Triple Axel|p1b: Sinistcha\n|-supereffective|p1b: Sinistcha|1\n|-damage|p1b: Sinistcha|47/100 par\n|-supereffective|p1b: Sinistcha|1\n|-damage|p1b: Sinistcha|27/100 par\n|-supereffective|p1b: Sinistcha|1\n|-damage|p1b: Sinistcha|0 fnt\n|faint|p1b: Sinistcha\n|-hitcount|p1: Sinistcha|3\n|move|p2b: Sneasler|Dire Claw|p1a: Tyranitar\n|-resisted|p1a: Tyranitar|1\n|-damage|p1a: Tyranitar|83/100\n|move|p1a: Tyranitar|Ice Punch|p2a: Tsareena\n|-supereffective|p2a: Tsareena|1\n|-damage|p2a: Tsareena|0 fnt\n|faint|p2a: Tsareena\n|\n|-weather|none\n|upkeep\n|\n|t:|1776205340\n|switch|p2a: Delphox|Delphox, L50, F|100/100\n|switch|p1b: Aggron|Aggron, L50, M|100/100\n|turn|6\n|\n|t:|1776205357\n|detailschange|p2a: Delphox|Delphox-Mega, L50, F\n|-mega|p2a: Delphox|Delphox|Delphoxite\n|detailschange|p1b: Aggron|Aggron-Mega, L50, M\n|-mega|p1b: Aggron|Aggron|Aggronite\n|move|p2a: Delphox|Heat Wave|p1a: Tyranitar|[spread] p1a,p1b\n|-resisted|p1a: Tyranitar|1\n|-supereffective|p1b: Aggron|1\n|-damage|p1a: Tyranitar|64/100\n|-damage|p1b: Aggron|42/100\n|move|p2b: Sneasler|Close Combat|p1a: Tyranitar\n|-supereffective|p1a: Tyranitar|2\n|-damage|p1a: Tyranitar|0 fnt\n|-unboost|p2b: Sneasler|def|1\n|-unboost|p2b: Sneasler|spd|1\n|faint|p1a: Tyranitar\n|move|p1b: Aggron|Body Press|p2a: Delphox\n|-resisted|p2a: Delphox|1\n|-damage|p2a: Delphox|67/100\n|\n|upkeep\n|turn|7\n|c|\u2606retrojp|G\n|c|\u2606retrojp|Gg\n|inactive|retrojp has 30 seconds left.\n|-message|retrojp forfeited.\n|\n|win|Krupp99\n|raw|retrojp's rating: 1124 &rarr; <strong>1103</strong><br />(-21 for losing)\n|raw|Krupp99's rating: 1173 &rarr; <strong>1194</strong><br />(+21 for winning)\n",
  "uploadtime": 1776205385,
  "views": 19,
  "formatid": "gen9championsvgc2026regma",
  "rating": 1103,
  "private": 0,
  "password": null
}