{
  "id": "gen9championsvgc2026regma-2581039746",
  "format": "[Gen 9 Champions] VGC 2026 Reg M-A",
  "players": [
    "plsbringregi",
    "theeseff"
  ],
  "log": "|j|\u2606plsbringregi\n|j|\u2606theeseff\n|t:|1775954196\n|gametype|doubles\n|player|p1|plsbringregi|102|1161\n|player|p2|theeseff|pokemonbreeder|1095\n|gen|9\n|tier|[Gen 9 Champions] VGC 2026 Reg M-A\n|rated|\n|rule|Species Clause: Limit one of each Pok\u00e9mon\n|rule|Item Clause: Limit 1 of each item\n|clearpoke\n|poke|p1|Golurk, L50|\n|poke|p1|Sneasler, L50, M|\n|poke|p1|Incineroar, L50, F|\n|poke|p1|Aggron, L50, M|\n|poke|p1|Clefable, L50, M|\n|poke|p1|Oranguru, L50, F|\n|poke|p2|Pelipper, L50, M|\n|poke|p2|Archaludon, L50, F|\n|poke|p2|Meganium, L50, F|\n|poke|p2|Basculegion, L50, M|\n|poke|p2|Sinistcha, L50|\n|poke|p2|Incineroar, L50, M|\n|teampreview|4\n|\n|t:|1775954278\n|teamsize|p1|4\n|teamsize|p2|4\n|start\n|switch|p1a: Oranguru|Oranguru, L50, F|100/100\n|switch|p1b: Sneasler|Sneasler, L50, M|100/100\n|switch|p2a: Pelipper|Pelipper, L50, M|100/100\n|switch|p2b: Basculegion|Basculegion, L50, M|100/100\n|-weather|RainDance|[from] ability: Drizzle|[of] p2a: Pelipper\n|turn|1\n|\n|t:|1775954298\n|switch|p1b: Northside Cait|Incineroar, L50, F|100/100\n|-ability|p1b: Northside Cait|Intimidate|boost\n|-unboost|p2a: Pelipper|atk|1\n|-unboost|p2b: Basculegion|atk|1\n|move|p1a: Oranguru|Protect|p1a: Oranguru\n|-singleturn|p1a: Oranguru|Protect\n|move|p2b: Basculegion|Aqua Jet|p1b: Northside Cait\n|-supereffective|p1b: Northside Cait|1\n|-damage|p1b: Northside Cait|35/100\n|move|p2a: Pelipper|Tailwind|p2a: Pelipper\n|-sidestart|p2: theeseff|move: Tailwind\n|\n|-weather|RainDance|[upkeep]\n|upkeep\n|turn|2\n|\n|t:|1775954314\n|move|p1b: Northside Cait|Fake Out|p2a: Pelipper\n|-damage|p2a: Pelipper|87/100\n|move|p2b: Basculegion|Aqua Jet|p1b: Northside Cait\n|-supereffective|p1b: Northside Cait|1\n|-damage|p1b: Northside Cait|0 fnt\n|faint|p1b: Northside Cait\n|cant|p2a: Pelipper|flinch\n|move|p1a: Oranguru|Trick Room|p1a: Oranguru\n|-fieldstart|move: Trick Room|[of] p1a: Oranguru\n|\n|-weather|RainDance|[upkeep]\n|upkeep\n|\n|t:|1775954321\n|switch|p1b: Golurk|Golurk, L50|100/100\n|turn|3\n|\n|t:|1775954334\n|switch|p2b: Meganium|Meganium, L50, F|100/100\n|detailschange|p1b: Golurk|Golurk-Mega, L50\n|-mega|p1b: Golurk|Golurk|Golurkite\n|move|p1b: Golurk|Poltergeist|p2a: Pelipper\n|-activate|p2a: Pelipper|move: Poltergeist|Focus Sash\n|-damage|p2a: Pelipper|0 fnt\n|faint|p2a: Pelipper\n|move|p1a: Oranguru|Instruct|p1b: Golurk\n|-singleturn|p1b: Golurk|move: Instruct|[of] p1a: Oranguru\n|move|p1b: Golurk|Poltergeist|p2b: Meganium\n|-activate|p2b: Meganium|move: Poltergeist|Meganiumite\n|-crit|p2b: Meganium\n|-damage|p2b: Meganium|0 fnt\n|faint|p2b: Meganium\n|\n|-weather|RainDance|[upkeep]\n|upkeep\n|\n|t:|1775954347\n|switch|p2a: Basculegion|Basculegion, L50, M|100/100\n|switch|p2b: Archaludon|Archaludon, L50, F|100/100\n|turn|4\n|\n|t:|1775954374\n|move|p1b: Golurk|Poltergeist|p2a: Basculegion\n|-activate|p2a: Basculegion|move: Poltergeist|Mystic Water\n|-supereffective|p2a: Basculegion|1\n|-damage|p2a: Basculegion|0 fnt\n|faint|p2a: Basculegion\n|move|p1a: Oranguru|Instruct|p1b: Golurk\n|-singleturn|p1b: Golurk|move: Instruct|[of] p1a: Oranguru\n|move|p1b: Golurk|Poltergeist|p2b: Archaludon\n|-activate|p2b: Archaludon|move: Poltergeist|Choice Scarf\n|-damage|p2b: Archaludon|39/100\n|-ability|p2b: Archaludon|Stamina|boost\n|-boost|p2b: Archaludon|def|1\n|move|p2b: Archaludon|Aura Sphere|p1a: Oranguru\n|-damage|p1a: Oranguru|78/100\n|\n|-weather|RainDance|[upkeep]\n|-sideend|p2: theeseff|move: Tailwind\n|upkeep\n|turn|5\n|c|\u2606theeseff|gg\n|-message|theeseff forfeited.\n|\n|win|plsbringregi\n|raw|plsbringregi's rating: 1161 &rarr; <strong>1181</strong><br />(+20 for winning)\n|raw|theeseff's rating: 1095 &rarr; <strong>1075</strong><br />(-20 for losing)\n|l|\u2606theeseff\n|player|p2|\n",
  "uploadtime": 1775954393,
  "views": 43,
  "formatid": "gen9championsvgc2026regma",
  "rating": 1075,
  "private": 0,
  "password": null
}