{
  "id": "gen9championsvgc2026regma-2585578356",
  "format": "[Gen 9 Champions] VGC 2026 Reg M-A",
  "players": [
    "ppyyy",
    "grime wizard"
  ],
  "log": "|j|\u2606ppyyy\n|j|\u2606grime wizard\n|html|<table width=\"100%\"><tr><td align=\"left\">ppyyy</td><td align=\"right\">grime wizard</tr><tr><td align=\"left\"><i class=\"fa fa-circle-o\"></i> <i class=\"fa fa-circle-o\"></i> </td><td align=\"right\"><i class=\"fa fa-circle-o\"></i> <i class=\"fa fa-circle-o\"></i> </tr></table>\n|uhtml|bestof|<h2><strong>Game 1</strong> of <a href=\"/game-bestof3-gen9championsvgc2026regma-2585578355\">a best-of-3</a></h2>\n|t:|1776356704\n|gametype|doubles\n|player|p1|ppyyy|elesa-gen5bw2|\n|player|p2|grime wizard|265|\n|gen|9\n|tier|[Gen 9 Champions] VGC 2026 Reg M-A\n|rated|Tournament battle\n|rule|Species Clause: Limit one of each Pok\u00e9mon\n|rule|Item Clause: Limit 1 of each item\n|raw|<div class=\"infobox\"><details class=\"readmore\" open><summary><strong>2 custom rules:</strong></summary> Force Open Team Sheets, Best of = 3</details></div>\n|clearpoke\n|poke|p1|Sylveon, L50, F|\n|poke|p1|Farigiraf, L50, M|\n|poke|p1|Basculegion, L50, M|\n|poke|p1|Sneasler, L50, F|\n|poke|p1|Kangaskhan, L50, F|\n|poke|p1|Kingambit, L50, M|\n|poke|p2|Aegislash, L50, F|\n|poke|p2|Floette-Eternal, L50, F|\n|poke|p2|Sneasler, L50, F|\n|poke|p2|Hydreigon, L50, M|\n|poke|p2|Kleavor, L50, M|\n|poke|p2|Farigiraf, L50, F|\n|teampreview|4\n|showteam|p1|Sylveon||FairyFeather|Pixilate|HyperVoice,Moonblast,MysticalFire,Detect|||F|||50|]Farigiraf||SitrusBerry|ArmorTail|Psychic,HyperVoice,HelpingHand,TrickRoom|||M|||50|]Basculegion||ChoiceScarf|Adaptability|WaveCrash,LastRespects,Liquidation,FlipTurn|||M|||50|]Sneasler||WhiteHerb|Unburden|CloseCombat,DireClaw,Coaching,Protect|||F|||50|]Kangaskhan||Kangaskhanite|Scrappy|FakeOut,DrainPunch,DoubleEdge,SuckerPunch|||F|||50|]Kingambit||ChopleBerry|Defiant|KowtowCleave,SuckerPunch,LowKick,IronHead|||M|||50|\n|showteam|p2|Aegislash||SpellTag|StanceChange|ShadowSneak,IronHead,Poltergeist,KingsShield|||F|||50|]Floette-Eternal||Floettite|FlowerVeil|DazzlingGleam,Moonblast,Substitute,Protect|||F|||50|]Sneasler||FocusSash|Unburden|FakeOut,CloseCombat,DireClaw,Protect|||F|||50|]Hydreigon||ChopleBerry|Levitate|DracoMeteor,EarthPower,Snarl,Protect|||M|||50|]Kleavor||ChoiceScarf|Sharpness|StoneAxe,XScissor,CloseCombat,NightSlash|||M|||50|]Farigiraf||TwistedSpoon|ArmorTail|TwinBeam,HyperVoice,TrickRoom,Protect|||F|||50|\n|\n|t:|1776356753\n|teamsize|p1|4\n|teamsize|p2|4\n|start\n|switch|p1a: Kangaskhan|Kangaskhan, L50, F|100/100\n|switch|p1b: Farigiraf|Farigiraf, L50, M|100/100\n|switch|p2a: Sneasler|Sneasler, L50, F|100/100\n|switch|p2b: Kleavor|Kleavor, L50, M|100/100\n|turn|1\n|\n|t:|1776356775\n|detailschange|p1a: Kangaskhan|Kangaskhan-Mega, L50, F\n|-mega|p1a: Kangaskhan|Kangaskhan|Kangaskhanite\n|move|p1a: Kangaskhan|Fake Out|p2b: Kleavor\n|-resisted|p2b: Kleavor|1\n|-damage|p2b: Kleavor|86/100\n|-resisted|p2b: Kleavor|1\n|-damage|p2b: Kleavor|83/100\n|-hitcount|p2b: Kleavor|2\n|cant|p2b: Kleavor|flinch\n|move|p2a: Sneasler|Close Combat|p1a: Kangaskhan\n|-supereffective|p1a: Kangaskhan|1\n|-damage|p1a: Kangaskhan|0 fnt\n|-unboost|p2a: Sneasler|def|1\n|-unboost|p2a: Sneasler|spd|1\n|faint|p1a: Kangaskhan\n|move|p1b: Farigiraf|Trick Room|p1b: Farigiraf\n|-fieldstart|move: Trick Room|[of] p1b: Farigiraf\n|\n|upkeep\n|\n|t:|1776356782\n|switch|p1a: Sylveon|Sylveon, L50, F|100/100\n|turn|2\n|\n|t:|1776356813\n|switch|p1b: Kingambit|Kingambit, L50, M|100/100\n|move|p2a: Sneasler|Protect|p2a: Sneasler\n|-singleturn|p2a: Sneasler|Protect\n|move|p1a: Sylveon|Hyper Voice|p2a: Sneasler|[spread] p2b\n|-activate|p2a: Sneasler|move: Protect\n|-damage|p2b: Kleavor|7/100\n|move|p2b: Kleavor|X-Scissor|p1b: Kingambit\n|-damage|p1b: Kingambit|52/100\n|\n|upkeep\n|turn|3\n|j| do something babe\n|j| notjihan\n|\n|t:|1776356837\n|switch|p2a: Hydreigon|Hydreigon, L50, M|100/100\n|move|p1b: Kingambit|Kowtow Cleave|p2a: Hydreigon\n|-resisted|p2a: Hydreigon|1\n|-damage|p2a: Hydreigon|78/100\n|move|p1a: Sylveon|Hyper Voice|p2a: Hydreigon|[spread] p2a,p2b\n|-supereffective|p2a: Hydreigon|2\n|-damage|p2a: Hydreigon|0 fnt\n|-damage|p2b: Kleavor|0 fnt\n|faint|p2a: Hydreigon\n|faint|p2b: Kleavor\n|\n|upkeep\n|\n|t:|1776356839\n|switch|p2a: Floette|Floette-Eternal, L50, F|100/100\n|switch|p2b: Sneasler|Sneasler, L50, F|100/100\n|turn|4\n|\n|t:|1776356865\n|detailschange|p2a: Floette|Floette-Mega, L50, F\n|-mega|p2a: Floette|Floette|Floettite\n|-ability|p2a: Floette|Fairy Aura\n|move|p2b: Sneasler|Fake Out|p1b: Kingambit\n|-resisted|p1b: Kingambit|1\n|-damage|p1b: Kingambit|45/100\n|cant|p1b: Kingambit|flinch\n|move|p1a: Sylveon|Hyper Voice|p2b: Sneasler|[spread] p2a,p2b\n|-damage|p2a: Floette|50/100\n|-damage|p2b: Sneasler|16/100\n|move|p2a: Floette|Dazzling Gleam|p1a: Sylveon|[spread] p1a,p1b\n|-damage|p1a: Sylveon|66/100\n|-damage|p1b: Kingambit|1/100\n|\n|upkeep\n|turn|5\n|\n|t:|1776356883\n|switch|p1a: Farigiraf|Farigiraf, L50, M|100/100\n|move|p2a: Floette|Protect|p2a: Floette\n|-singleturn|p2a: Floette|Protect\n|move|p2b: Sneasler|Protect|p2b: Sneasler\n|-singleturn|p2b: Sneasler|Protect\n|move|p1b: Kingambit|Iron Head|p2b: Sneasler\n|-activate|p2b: Sneasler|move: Protect\n|\n|-fieldend|move: Trick Room\n|upkeep\n|turn|6\n|\n|t:|1776356896\n|move|p1b: Kingambit|Sucker Punch|p2b: Sneasler\n|-resisted|p2b: Sneasler|1\n|-damage|p2b: Sneasler|0 fnt\n|faint|p2b: Sneasler\n|move|p2a: Floette|Dazzling Gleam|p1b: Kingambit|[spread] p1a,p1b\n|-damage|p1a: Farigiraf|59/100\n|-damage|p1b: Kingambit|0 fnt\n|faint|p1b: Kingambit\n|move|p1a: Farigiraf|Trick Room|p1a: Farigiraf\n|-fieldstart|move: Trick Room|[of] p1a: Farigiraf\n|\n|upkeep\n|\n|t:|1776356899\n|switch|p1b: Sylveon|Sylveon, L50, F|66/100\n|turn|7\n|-message|grime wizard forfeited.\n|\n|win|ppyyy\n",
  "uploadtime": 1776356902,
  "views": 16,
  "formatid": "gen9championsvgc2026regma",
  "rating": null,
  "private": 0,
  "password": null
}