{
  "id": "gen9championsvgc2026regma-2584549349",
  "format": "[Gen 9 Champions] VGC 2026 Reg M-A",
  "players": [
    "Gaygoblin",
    "Lucsaj"
  ],
  "log": "|j|\u2606Gaygoblin\n|j|\u2606Lucsaj\n|t:|1776268091\n|gametype|doubles\n|player|p1|Gaygoblin|1|1206\n|player|p2|Lucsaj|ghetsis|1115\n|gen|9\n|tier|[Gen 9 Champions] VGC 2026 Reg M-A\n|rated|\n|rule|Species Clause: Limit one of each Pok\u00e9mon\n|rule|Item Clause: Limit 1 of each item\n|clearpoke\n|poke|p1|Gengar, L50, F|\n|poke|p1|Kommo-o, L50, M|\n|poke|p1|Ninetales-Alola, L50, F|\n|poke|p1|Basculegion, L50, M|\n|poke|p1|Incineroar, L50, M|\n|poke|p1|Sinistcha, L50|\n|poke|p2|Dragonite, L50, M|\n|poke|p2|Pelipper, L50, M|\n|poke|p2|Archaludon, L50, M|\n|poke|p2|Basculegion, L50, M|\n|poke|p2|Sneasler, L50, M|\n|poke|p2|Tauros-Paldea-Aqua, L50, M|\n|teampreview|4\n|inactive|Battle timer is ON: inactive players will automatically lose when time's up. (requested by Lucsaj)\n|inactive|Gaygoblin has 60 seconds left.\n|\n|t:|1776268143\n|teamsize|p1|4\n|teamsize|p2|4\n|start\n|switch|p1a: Gengar|Gengar, L50, F|100/100\n|switch|p1b: Basculegion|Basculegion, L50, M|100/100\n|switch|p2a: Sneasler|Sneasler, L50, M|100/100\n|switch|p2b: Archaludon|Archaludon, L50, M|100/100\n|turn|1\n|inactive|Gaygoblin has 30 seconds left.\n|inactive|Lucsaj has 30 seconds left.\n|inactive|Lucsaj has 20 seconds left.\n|inactive|Lucsaj has 15 seconds left.\n|inactive|Lucsaj has 10 seconds left.\n|inactive|Lucsaj has 5 seconds left.\n|\n|t:|1776268199\n|detailschange|p1a: Gengar|Gengar-Mega, L50, F\n|-mega|p1a: Gengar|Gengar|Gengarite\n|move|p2a: Sneasler|Upper Hand||[still]\n|-fail|p2a: Sneasler\n|move|p1b: Basculegion|Flip Turn|p2a: Sneasler\n|-damage|p2a: Sneasler|54/100\n|\n|t:|1776268217\n|switch|p1b: Kommo-o|Kommo-o, L50, M|100/100|[from] Flip Turn\n|move|p1a: Gengar|Shadow Ball|p2b: Archaludon\n|-damage|p2b: Archaludon|48/100\n|-unboost|p2b: Archaludon|spd|1\n|move|p2b: Archaludon|Electro Shot||[still]\n|-prepare|p2b: Archaludon|Electro Shot\n|-boost|p2b: Archaludon|spa|1\n|\n|-heal|p2b: Archaludon|54/100|[from] item: Leftovers\n|upkeep\n|turn|2\n|\n|t:|1776268230\n|move|p1a: Gengar|Shadow Ball|p2a: Sneasler\n|-damage|p2a: Sneasler|0 fnt\n|faint|p2a: Sneasler\n|move|p1b: Kommo-o|Aura Sphere|p2b: Archaludon\n|-supereffective|p2b: Archaludon|1\n|-damage|p2b: Archaludon|0 fnt\n|faint|p2b: Archaludon\n|\n|upkeep\n|\n|t:|1776268233\n|switch|p2a: Pelipper|Pelipper, L50, M|100/100\n|switch|p2b: Dragonite|Dragonite, L50, M, shiny|100/100\n|-weather|RainDance|[from] ability: Drizzle|[of] p2a: Pelipper\n|turn|3\n|\n|t:|1776268258\n|detailschange|p2b: Dragonite|Dragonite-Mega, L50, M, shiny\n|-mega|p2b: Dragonite|Dragonite|Dragoninite\n|move|p1b: Kommo-o|Protect|p1b: Kommo-o\n|-singleturn|p1b: Kommo-o|Protect\n|move|p1a: Gengar|Perish Song|p1a: Gengar\n|-start|p1a: Gengar|perish3|[silent]\n|-immune|p1b: Kommo-o|[from] ability: Soundproof\n|-start|p2a: Pelipper|perish3|[silent]\n|-start|p2b: Dragonite|perish3|[silent]\n|-fieldactivate|move: Perish Song\n|move|p2b: Dragonite|Dragon Pulse|p1b: Kommo-o\n|-activate|p1b: Kommo-o|move: Protect\n|move|p2a: Pelipper|Tailwind|p2a: Pelipper\n|-sidestart|p2: Lucsaj|move: Tailwind\n|\n|-weather|RainDance|[upkeep]\n|-start|p2b: Dragonite|perish3\n|-start|p1a: Gengar|perish3\n|-start|p2a: Pelipper|perish3\n|upkeep\n|turn|4\n|inactive|Gaygoblin has 30 seconds left.\n|\n|t:|1776268287\n|switch|p1b: Ninetales|Ninetales-Alola, L50, F|100/100\n|-weather|Snowscape|[from] ability: Snow Warning|[of] p1b: Ninetales\n|move|p1a: Gengar|Protect|p1a: Gengar\n|-singleturn|p1a: Gengar|Protect\n|move|p2b: Dragonite|Dragon Pulse|p1b: Ninetales\n|-immune|p1b: Ninetales\n|move|p2a: Pelipper|Weather Ball|p1a: Gengar\n|-activate|p1a: Gengar|move: Protect\n|\n|-weather|Snowscape|[upkeep]\n|-start|p2b: Dragonite|perish2\n|-start|p1a: Gengar|perish2\n|-start|p2a: Pelipper|perish2\n|upkeep\n|turn|5\n|-message|Lucsaj forfeited.\n|\n|win|Gaygoblin\n|raw|Gaygoblin's rating: 1206 &rarr; <strong>1225</strong><br />(+19 for winning)\n|raw|Lucsaj's rating: 1115 &rarr; <strong>1096</strong><br />(-19 for losing)\n|l|\u2606Lucsaj\n|player|p2|\n",
  "uploadtime": 1776268304,
  "views": 37,
  "formatid": "gen9championsvgc2026regma",
  "rating": 1096,
  "private": 0,
  "password": null
}