{
  "id": "gen9championsvgc2026regma-2584657296",
  "format": "[Gen 9 Champions] VGC 2026 Reg M-A",
  "players": [
    "Manthis",
    "etrdyfyiu"
  ],
  "log": "|j|\u2606Manthis\n|j|\u2606etrdyfyiu\n|t:|1776274894\n|gametype|doubles\n|player|p1|Manthis|2|1199\n|player|p2|etrdyfyiu|266|1195\n|gen|9\n|tier|[Gen 9 Champions] VGC 2026 Reg M-A\n|rated|\n|rule|Species Clause: Limit one of each Pok\u00e9mon\n|rule|Item Clause: Limit 1 of each item\n|clearpoke\n|poke|p1|Gengar, L50, F|\n|poke|p1|Sableye, L50, M|\n|poke|p1|Lucario, L50, F|\n|poke|p1|Kingambit, L50, M|\n|poke|p1|Aerodactyl, L50, F|\n|poke|p1|Garchomp, L50, F|\n|poke|p2|Palafin, L50, F|\n|poke|p2|Arcanine, L50, F|\n|poke|p2|Scizor, L50, M|\n|poke|p2|Tyranitar, L50, M|\n|poke|p2|Sneasler, L50, M|\n|poke|p2|Sinistcha, L50|\n|teampreview|4\n|\n|t:|1776274932\n|teamsize|p1|4\n|teamsize|p2|4\n|start\n|switch|p1a: Kingambit|Kingambit, L50, M|100/100\n|switch|p1b: Garchomp|Garchomp, L50, F|100/100\n|switch|p2a: Tyranitar|Tyranitar, L50, M, shiny|100/100\n|switch|p2b: Sneasler|Sneasler, L50, M, shiny|100/100\n|-weather|Sandstorm|[from] ability: Sand Stream|[of] p2a: Tyranitar\n|turn|1\n|\n|t:|1776274947\n|detailschange|p2a: Tyranitar|Tyranitar-Mega, L50, M, shiny\n|-mega|p2a: Tyranitar|Tyranitar|Tyranitarite\n|move|p1a: Kingambit|Protect|p1a: Kingambit\n|-singleturn|p1a: Kingambit|Protect\n|move|p2b: Sneasler|Fake Out|p1b: Garchomp\n|-damage|p1b: Garchomp|87/100\n|-damage|p2b: Sneasler|88/100|[from] ability: Rough Skin|[of] p1b: Garchomp\n|cant|p1b: Garchomp|flinch\n|move|p2a: Tyranitar|Low Kick|p1a: Kingambit\n|-activate|p1a: Kingambit|move: Protect\n|\n|-weather|Sandstorm|[upkeep]\n|-damage|p2b: Sneasler|83/100|[from] Sandstorm\n|upkeep\n|turn|2\n|j| thebeast4895\n|c| thebeast4895|do you understand it better?\n|c|\u2606etrdyfyiu|yeah its feeling more natural to play\n|\n|t:|1776274978\n|switch|p2a: Sinistcha|Sinistcha, L50|100/100\n|-heal|p2b: Sneasler|100/100|[from] ability: Hospitality|[of] p2a: Sinistcha\n|switch|p1a: Sableye|Sableye, L50, M|100/100\n|move|p1b: Garchomp|Earthquake|p2a: Sinistcha|[spread] p1a,p2a,p2b\n|-resisted|p2a: Sinistcha|1\n|-supereffective|p2b: Sneasler|1\n|-damage|p1a: Sableye|41/100\n|-damage|p2a: Sinistcha|82/100\n|-damage|p2b: Sneasler|0 fnt\n|faint|p2b: Sneasler\n|\n|-weather|Sandstorm|[upkeep]\n|-damage|p2a: Sinistcha|76/100|[from] Sandstorm\n|-damage|p1a: Sableye|36/100|[from] Sandstorm\n|upkeep\n|c|\u2606etrdyfyiu|ignore that\n|c| thebeast4895|see palafin would be good here\n|c|\u2606etrdyfyiu|yeah in hindsight\n|c| thebeast4895|its useful just\n|c| thebeast4895|need to know when to use it\n|\n|t:|1776275018\n|switch|p2b: Tyranitar|Tyranitar-Mega, L50, M, shiny|100/100\n|turn|3\n|c| thebeast4895|cuz once in here form jet punch will smack that gengar sableye, and aro\n|c| thebeast4895|and could even take out king\n|c|\u2606etrdyfyiu|probably doesnt help its 3:43 am\n|c|\u2606etrdyfyiu|true\n|c| thebeast4895|and threaten garchomp\n|c| thebeast4895|honestly palafin would do some work on his team its just it would kill his whole team\n|\n|t:|1776275068\n|switch|p1b: Lucario|Lucario, L50, F|100/100\n|move|p1a: Sableye|Fake Out|p2b: Tyranitar\n|-resisted|p2b: Tyranitar|1\n|-damage|p2b: Tyranitar|98/100\n|cant|p2b: Tyranitar|flinch\n|move|p2a: Sinistcha|Matcha Gotcha|p1a: Sableye|[spread] p1a,p1b\n|-resisted|p1b: Lucario|1\n|-damage|p1a: Sableye|5/100\n|-heal|p2a: Sinistcha|89/100|[from] drain|[of] p1a: Sableye\n|-damage|p1b: Lucario|79/100\n|-heal|p2a: Sinistcha|98/100|[from] drain|[of] p1b: Lucario\n|-status|p1b: Lucario|brn\n|\n|-weather|Sandstorm|[upkeep]\n|-damage|p2a: Sinistcha|92/100|[from] Sandstorm\n|-damage|p1a: Sableye|0 fnt|[from] Sandstorm\n|faint|p1a: Sableye\n|-damage|p1b: Lucario|73/100 brn|[from] brn\n|upkeep\n|c|\u2606etrdyfyiu|mhm\n|\n|t:|1776275094\n|switch|p1a: Kingambit|Kingambit, L50, M|100/100\n|turn|4\n|j| ringerrings\n|c|\u2606etrdyfyiu|i think im relatively safe anyways\n|c| ringerrings|yall are garbage\n|c|\u2606etrdyfyiu|aight?\n|\n|t:|1776275124\n|detailschange|p1b: Lucario|Lucario-Mega, L50, F\n|-mega|p1b: Lucario|Lucario|Lucarionite\n|move|p2a: Sinistcha|Rage Powder|p2a: Sinistcha\n|-singleturn|p2a: Sinistcha|move: Rage Powder\n|move|p1b: Lucario|Flash Cannon|p2a: Sinistcha\n|-damage|p2a: Sinistcha|29/100\n|-enditem|p2a: Sinistcha|Sitrus Berry|[eat]\n|-heal|p2a: Sinistcha|54/100|[from] item: Sitrus Berry\n|move|p2b: Tyranitar|Low Kick|p1b: Lucario\n|-supereffective|p1b: Lucario|1\n|-damage|p1b: Lucario|0 fnt\n|faint|p1b: Lucario\n|move|p1a: Kingambit|Assurance|p2a: Sinistcha\n|-supereffective|p2a: Sinistcha|1\n|-damage|p2a: Sinistcha|0 fnt\n|faint|p2a: Sinistcha\n|\n|-weather|Sandstorm|[upkeep]\n|upkeep\n|c|\u2606Manthis|we hate ringer rings\n|c|\u2606etrdyfyiu|yeah flip that guy\n|\n|t:|1776275139\n|switch|p1b: Garchomp|Garchomp, L50, F|87/100\n|switch|p2a: Arcanine|Arcanine, L50, F, shiny|100/100\n|-ability|p2a: Arcanine|Intimidate|boost\n|-unboost|p1a: Kingambit|atk|1\n|-ability|p1a: Kingambit|Defiant|boost\n|-boost|p1a: Kingambit|atk|2\n|-unboost|p1b: Garchomp|atk|1\n|turn|5\n|c|\u2606etrdyfyiu|all my homies hate ringerrings\n|\n|t:|1776275159\n|move|p1a: Kingambit|Protect|p1a: Kingambit\n|-singleturn|p1a: Kingambit|Protect\n|move|p1b: Garchomp|Earthquake|p2b: Tyranitar|[spread] p2a,p2b\n|-activate|p1a: Kingambit|move: Protect\n|-supereffective|p2a: Arcanine|1\n|-supereffective|p2b: Tyranitar|1\n|-damage|p2a: Arcanine|37/100\n|-damage|p2b: Tyranitar|59/100\n|move|p2a: Arcanine|Will-O-Wisp|p1b: Garchomp\n|-status|p1b: Garchomp|brn\n|move|p2b: Tyranitar|Low Kick|p1a: Kingambit\n|-activate|p1a: Kingambit|move: Protect\n|\n|-weather|none\n|-damage|p1b: Garchomp|81/100 brn|[from] brn\n|upkeep\n|turn|6\n|c| ringerrings|hes complaining in a call about you bruning him\n|c|\u2606Manthis|idk how this ends but i didnt even get to click the move i wanted to most\n|c|\u2606etrdyfyiu|hehehehaw\n|\n|t:|1776275192\n|move|p2a: Arcanine|Protect|p2a: Arcanine\n|-singleturn|p2a: Arcanine|Protect\n|move|p2b: Tyranitar|Protect|p2b: Tyranitar\n|-singleturn|p2b: Tyranitar|Protect\n|move|p1b: Garchomp|Earthquake|p2b: Tyranitar|[spread] p1a\n|-activate|p2a: Arcanine|move: Protect\n|-activate|p2b: Tyranitar|move: Protect\n|-supereffective|p1a: Kingambit|1\n|-damage|p1a: Kingambit|79/100\n|move|p1a: Kingambit|Iron Head|p2b: Tyranitar\n|-activate|p2b: Tyranitar|move: Protect\n|\n|-damage|p1b: Garchomp|75/100 brn|[from] brn\n|upkeep\n|turn|7\n|\n|t:|1776275221\n|move|p1a: Kingambit|Sucker Punch|p2b: Tyranitar\n|-resisted|p2b: Tyranitar|1\n|-damage|p2b: Tyranitar|40/100\n|move|p1b: Garchomp|Earthquake|p2a: Arcanine|[spread] p1a,p2a,p2b\n|-supereffective|p1a: Kingambit|1\n|-supereffective|p2a: Arcanine|1\n|-supereffective|p2b: Tyranitar|1\n|-damage|p1a: Kingambit|60/100\n|-damage|p2a: Arcanine|8/100\n|-damage|p2b: Tyranitar|21/100\n|move|p2a: Arcanine|Flare Blitz|p1a: Kingambit\n|-supereffective|p1a: Kingambit|1\n|-damage|p1a: Kingambit|0 fnt\n|faint|p1a: Kingambit\n|-damage|p2a: Arcanine|0 fnt|[from] Recoil\n|faint|p2a: Arcanine\n|move|p2b: Tyranitar|Low Kick|p1b: Garchomp\n|-damage|p1b: Garchomp|38/100 brn\n|-damage|p2b: Tyranitar|9/100|[from] ability: Rough Skin|[of] p1b: Garchomp\n|\n|-damage|p1b: Garchomp|32/100 brn|[from] brn\n|upkeep\n|turn|8\n|c| thebeast4895|honestly you probably won manthis\n|c|\u2606Manthis|doubt\n|c|\u2606etrdyfyiu|high-key yeah\n|c|\u2606Manthis|oh nvm\n|c| thebeast4895|yeah\n|c|\u2606etrdyfyiu|gchomp is annoying\n|c| thebeast4895|its a hard counter into that team tbh\n|\n|t:|1776275254\n|move|p2b: Tyranitar|Protect|p2b: Tyranitar\n|-singleturn|p2b: Tyranitar|Protect\n|move|p1b: Garchomp|Earthquake|p2b: Tyranitar\n|-activate|p2b: Tyranitar|move: Protect\n|\n|-damage|p1b: Garchomp|27/100 brn|[from] brn\n|upkeep\n|turn|9\n|c|\u2606Manthis|i didnt even get to do what i actually wanted to do cuz u killed my sableye\n|c|\u2606etrdyfyiu|disable encore?\n|\n|t:|1776275269\n|move|p1b: Garchomp|Earthquake|p2b: Tyranitar\n|-supereffective|p2b: Tyranitar|1\n|-damage|p2b: Tyranitar|0 fnt\n|faint|p2b: Tyranitar\n|\n|win|Manthis\n|raw|Manthis's rating: 1199 &rarr; <strong>1224</strong><br />(+25 for winning)\n|raw|etrdyfyiu's rating: 1195 &rarr; <strong>1170</strong><br />(-25 for losing)\n|c|\u2606Manthis|nah gravity\n|c| thebeast4895|for?\n|c|\u2606etrdyfyiu|ooo spicy\n|c|\u2606Manthis|gg tho\n|c|\u2606etrdyfyiu|gg\n|l|\u2606Manthis\n|player|p1|\n|c| ringerrings|garbo\n|l| ringerrings\n|c|\u2606etrdyfyiu|ahuh\n|l|\u2606etrdyfyiu\n|player|p2|\n|l| thebeast4895\n|j|\u2606etrdyfyiu\n|player|p2|etrdyfyiu|266|\n",
  "uploadtime": 1776275320,
  "views": 18,
  "formatid": "gen9championsvgc2026regma",
  "rating": 1170,
  "private": 0,
  "password": null
}