{
  "id": "gen9championsvgc2026regma-2588584936",
  "format": "[Gen 9 Champions] VGC 2026 Reg M-A",
  "players": [
    "the same as here",
    "Wanted_101"
  ],
  "log": "|j|\u2606the same as here\n|j|\u2606Wanted_101\n|t:|1776647427\n|gametype|doubles\n|player|p1|the same as here|janitor|1207\n|player|p2|Wanted_101|102|1171\n|gen|9\n|tier|[Gen 9 Champions] VGC 2026 Reg M-A\n|rated|\n|rule|Species Clause: Limit one of each Pok\u00e9mon\n|rule|Item Clause: Limit 1 of each item\n|clearpoke\n|poke|p1|Floette-Eternal, L50, F|\n|poke|p1|Sinistcha, L50|\n|poke|p1|Incineroar, L50, M|\n|poke|p1|Gyarados, L50, F|\n|poke|p1|Garchomp, L50, M|\n|poke|p1|Glimmora, L50, M|\n|poke|p2|Aggron, L50, F|\n|poke|p2|Sneasler, L50, F|\n|poke|p2|Sinistcha, L50|\n|poke|p2|Sableye, L50, F|\n|poke|p2|Garchomp, L50, M|\n|poke|p2|Primarina, L50, F|\n|teampreview|4\n|\n|t:|1776647466\n|teamsize|p1|4\n|teamsize|p2|4\n|start\n|switch|p1a: Problems|Sinistcha, L50|100/100\n|switch|p1b: The difference|Incineroar, L50, M|100/100\n|switch|p2a: Sneasler|Sneasler, L50, F|100/100\n|switch|p2b: Sableye|Sableye, L50, F|100/100\n|-ability|p2a: Sneasler|Pressure\n|-ability|p1b: The difference|Intimidate|boost\n|-unboost|p2a: Sneasler|atk|1\n|-unboost|p2b: Sableye|atk|1\n|-enditem|p2a: Sneasler|White Herb\n|-clearnegativeboost|p2a: Sneasler|[silent]\n|turn|1\n|\n|t:|1776647490\n|switch|p1b: Ye old Gyara|Gyarados, L50, F|100/100\n|-ability|p1b: Ye old Gyara|Intimidate|boost\n|-unboost|p2a: Sneasler|atk|1\n|-unboost|p2b: Sableye|atk|1\n|move|p2a: Sneasler|Fake Out|p1b: Ye old Gyara\n|-damage|p1b: Ye old Gyara|91/100\n|move|p2b: Sableye|Taunt|p1a: Problems\n|-start|p1a: Problems|move: Taunt\n|cant|p1a: Problems|move: Taunt|Stun Spore\n|\n|-heal|p1b: Ye old Gyara|97/100|[from] item: Leftovers\n|upkeep\n|turn|2\n|\n|t:|1776647518\n|switch|p2b: Aggron|Aggron, L50, F|100/100\n|move|p2a: Sneasler|Protect|p2a: Sneasler\n|-singleturn|p2a: Sneasler|Protect\n|move|p1b: Ye old Gyara|Waterfall|p2a: Sneasler\n|-activate|p2a: Sneasler|move: Protect\n|move|p1a: Problems|Matcha Gotcha|p2b: Aggron|[spread] p2b\n|-activate|p2a: Sneasler|move: Protect\n|-damage|p2b: Aggron|75/100\n|\n|-heal|p1b: Ye old Gyara|100/100|[from] item: Leftovers\n|upkeep\n|turn|3\n|\n|t:|1776647537\n|switch|p2a: Sinistcha|Sinistcha, L50|100/100\n|-heal|p2b: Aggron|99/100|[from] ability: Hospitality|[of] p2a: Sinistcha\n|switch|p1a: The difference|Incineroar, L50, M|100/100\n|-ability|p1a: The difference|Intimidate|boost\n|-unboost|p2a: Sinistcha|atk|1\n|-unboost|p2b: Aggron|atk|1\n|detailschange|p2b: Aggron|Aggron-Mega, L50, F\n|-mega|p2b: Aggron|Aggron|Aggronite\n|move|p1b: Ye old Gyara|Thunder Wave|p2a: Sinistcha\n|-status|p2a: Sinistcha|par\n|move|p2b: Aggron|Iron Defense|p2b: Aggron\n|-boost|p2b: Aggron|def|2\n|\n|upkeep\n|turn|4\n|\n|t:|1776647560\n|move|p1a: The difference|Fake Out|p2b: Aggron\n|-resisted|p2b: Aggron|1\n|-damage|p2b: Aggron|98/100\n|move|p1b: Ye old Gyara|Taunt|p2a: Sinistcha\n|-start|p2a: Sinistcha|move: Taunt\n|cant|p2b: Aggron|flinch\n|cant|p2a: Sinistcha|move: Taunt|Trick Room\n|\n|upkeep\n|turn|5\n|\n|t:|1776647582\n|switch|p2a: Sableye|Sableye, L50, F|100/100\n|move|p1b: Ye old Gyara|Taunt|p2b: Aggron\n|-start|p2b: Aggron|move: Taunt\n|move|p1a: The difference|Parting Shot|p2b: Aggron\n|-unboost|p2b: Aggron|atk|1\n|-unboost|p2b: Aggron|spa|1\n|\n|t:|1776647587\n|switch|p1a: Problems|Sinistcha, L50|100/100|[from] Parting Shot\n|move|p2b: Aggron|Body Press|p1a: Problems\n|-immune|p1a: Problems\n|\n|upkeep\n|turn|6\n|\n|t:|1776647604\n|move|p2a: Sableye|Light Screen|p2a: Sableye\n|-sidestart|p2: Wanted_101|move: Light Screen\n|move|p1b: Ye old Gyara|Thunder Wave|p2b: Aggron\n|-status|p2b: Aggron|par\n|move|p1a: Problems|Hex|p2b: Aggron\n|-damage|p2b: Aggron|68/100 par\n|move|p2b: Aggron|Heavy Slam|p1a: Problems\n|-damage|p1a: Problems|75/100\n|\n|upkeep\n|turn|7\n|\n|t:|1776647630\n|switch|p2a: Sinistcha|Sinistcha, L50|100/100 par\n|-heal|p2b: Aggron|93/100 par|[from] ability: Hospitality|[of] p2a: Sinistcha\n|move|p1b: Ye old Gyara|Taunt|p2a: Sinistcha\n|-start|p2a: Sinistcha|move: Taunt\n|move|p1a: Problems|Hex|p2b: Aggron\n|-damage|p2b: Aggron|64/100 par\n|move|p2b: Aggron|Body Press|p1b: Ye old Gyara\n|-resisted|p1b: Ye old Gyara|1\n|-damage|p1b: Ye old Gyara|58/100\n|\n|-heal|p1b: Ye old Gyara|64/100|[from] item: Leftovers\n|-end|p2b: Aggron|move: Taunt\n|upkeep\n|turn|8\n|\n|t:|1776647665\n|move|p2b: Aggron|Protect|p2b: Aggron\n|-singleturn|p2b: Aggron|Protect\n|move|p1b: Ye old Gyara|Waterfall|p2b: Aggron\n|-activate|p2b: Aggron|move: Protect\n|move|p1a: Problems|Hex|p2b: Aggron\n|-activate|p2b: Aggron|move: Protect\n|move|p2a: Sinistcha|Matcha Gotcha|p1a: Problems|[spread] p1a,p1b\n|-resisted|p1a: Problems|1\n|-damage|p1a: Problems|65/100\n|-damage|p1b: Ye old Gyara|48/100\n|\n|-heal|p1b: Ye old Gyara|53/100|[from] item: Leftovers\n|upkeep\n|turn|9\n|\n|t:|1776647707\n|switch|p2a: Sneasler|Sneasler, L50, F|100/100\n|-ability|p2a: Sneasler|Pressure\n|switch|p2b: Sableye|Sableye, L50, F|100/100\n|move|p1b: Ye old Gyara|Waterfall|p2b: Sableye\n|-damage|p2b: Sableye|62/100\n|move|p1a: Problems|Hex|p2b: Sableye\n|-damage|p2b: Sableye|40/100\n|-enditem|p2b: Sableye|Sitrus Berry|[eat]\n|-heal|p2b: Sableye|65/100|[from] item: Sitrus Berry\n|\n|-heal|p1b: Ye old Gyara|59/100|[from] item: Leftovers\n|upkeep\n|turn|10\n|\n|t:|1776647728\n|switch|p1a: The difference|Incineroar, L50, M|100/100\n|-ability|p1a: The difference|Intimidate|boost\n|-unboost|p2a: Sneasler|atk|1\n|-unboost|p2b: Sableye|atk|1\n|move|p2a: Sneasler|Fake Out|p1b: Ye old Gyara\n|-damage|p1b: Ye old Gyara|49/100\n|move|p2b: Sableye|Reflect|p2b: Sableye\n|-sidestart|p2: Wanted_101|Reflect\n|cant|p1b: Ye old Gyara|flinch\n|\n|-heal|p1b: Ye old Gyara|54/100|[from] item: Leftovers\n|-sideend|p2: Wanted_101|move: Light Screen\n|upkeep\n|turn|11\n|\n|t:|1776647753\n|move|p2a: Sneasler|Protect|p2a: Sneasler\n|-singleturn|p2a: Sneasler|Protect\n|move|p2b: Sableye|Light Screen|p2b: Sableye\n|-sidestart|p2: Wanted_101|move: Light Screen\n|move|p1b: Ye old Gyara|Thunder Wave|p2a: Sneasler\n|-activate|p2a: Sneasler|move: Protect\n|move|p1a: The difference|Parting Shot|p2a: Sneasler\n|-activate|p2a: Sneasler|move: Protect\n|\n|-heal|p1b: Ye old Gyara|60/100|[from] item: Leftovers\n|upkeep\n|turn|12\n|\n|t:|1776647770\n|switch|p2b: Aggron|Aggron-Mega, L50, F|64/100 par\n|move|p2a: Sneasler|Close Combat|p1a: The difference\n|-supereffective|p1a: The difference|1\n|-damage|p1a: The difference|35/100\n|-unboost|p2a: Sneasler|def|1\n|-unboost|p2a: Sneasler|spd|1\n|move|p1b: Ye old Gyara|Waterfall|p2b: Aggron\n|-damage|p2b: Aggron|52/100 par\n|move|p1a: The difference|Parting Shot|p2a: Sneasler\n|-unboost|p2a: Sneasler|atk|1\n|-unboost|p2a: Sneasler|spa|1\n|\n|t:|1776647782\n|switch|p1a: Problems|Sinistcha, L50|65/100|[from] Parting Shot\n|\n|-heal|p1b: Ye old Gyara|66/100|[from] item: Leftovers\n|upkeep\n|turn|13\n|\n|t:|1776647802\n|switch|p2a: Sinistcha|Sinistcha, L50|100/100 par\n|-heal|p2b: Aggron|77/100 par|[from] ability: Hospitality|[of] p2a: Sinistcha\n|move|p1b: Ye old Gyara|Taunt|p2b: Aggron\n|-start|p2b: Aggron|move: Taunt\n|move|p1a: Problems|Hex|p2a: Sinistcha\n|-supereffective|p2a: Sinistcha|1\n|-damage|p2a: Sinistcha|35/100 par\n|move|p2b: Aggron|Heavy Slam|p1a: Problems\n|-damage|p1a: Problems|9/100\n|-enditem|p1a: Problems|Sitrus Berry|[eat]\n|-heal|p1a: Problems|34/100|[from] item: Sitrus Berry\n|\n|-heal|p1b: Ye old Gyara|72/100|[from] item: Leftovers\n|-heal|p2a: Sinistcha|41/100 par|[from] item: Leftovers\n|upkeep\n|turn|14\n|\n|t:|1776647841\n|switch|p2a: Sableye|Sableye, L50, F|65/100\n|move|p1b: Ye old Gyara|Waterfall|p2b: Aggron\n|-damage|p2b: Aggron|66/100 par\n|move|p1a: Problems|Hex|p2b: Aggron\n|-damage|p2b: Aggron|38/100 par\n|cant|p2b: Aggron|flinch\n|\n|-heal|p1b: Ye old Gyara|78/100|[from] item: Leftovers\n|-sideend|p2: Wanted_101|Reflect\n|upkeep\n|turn|15\n|\n|t:|1776647859\n|move|p2a: Sableye|Reflect|p2a: Sableye\n|-sidestart|p2: Wanted_101|Reflect\n|move|p1b: Ye old Gyara|Waterfall|p2b: Aggron\n|-damage|p2b: Aggron|28/100 par\n|move|p1a: Problems|Hex|p2b: Aggron\n|-damage|p2b: Aggron|0 fnt\n|faint|p2b: Aggron\n|\n|-heal|p1b: Ye old Gyara|84/100|[from] item: Leftovers\n|-sideend|p2: Wanted_101|move: Light Screen\n|upkeep\n|\n|t:|1776647869\n|switch|p2b: Sinistcha|Sinistcha, L50|41/100 par\n|-heal|p2a: Sableye|90/100|[from] ability: Hospitality|[of] p2b: Sinistcha\n|turn|16\n|\n|t:|1776647881\n|switch|p2b: Sneasler|Sneasler, L50, F|100/100\n|-ability|p2b: Sneasler|Pressure\n|move|p2a: Sableye|Taunt|p1b: Ye old Gyara\n|-start|p1b: Ye old Gyara|move: Taunt\n|cant|p1b: Ye old Gyara|move: Taunt|Taunt\n|move|p1a: Problems|Hex|p2b: Sneasler\n|-damage|p2b: Sneasler|62/100\n|\n|-heal|p1b: Ye old Gyara|90/100|[from] item: Leftovers\n|upkeep\n|turn|17\n|\n|t:|1776647899\n|switch|p1a: The difference|Incineroar, L50, M|35/100\n|-ability|p1a: The difference|Intimidate|boost\n|-unboost|p2a: Sableye|atk|1\n|-unboost|p2b: Sneasler|atk|1\n|switch|p2a: Sinistcha|Sinistcha, L50|41/100 par\n|-heal|p2b: Sneasler|87/100|[from] ability: Hospitality|[of] p2a: Sinistcha\n|move|p2b: Sneasler|Fake Out|p1b: Ye old Gyara\n|-damage|p1b: Ye old Gyara|80/100\n|cant|p1b: Ye old Gyara|flinch\n|\n|-heal|p1b: Ye old Gyara|86/100|[from] item: Leftovers\n|-heal|p2a: Sinistcha|47/100 par|[from] item: Leftovers\n|upkeep\n|turn|18\n|\n|t:|1776647922\n|move|p2b: Sneasler|Protect|p2b: Sneasler\n|-singleturn|p2b: Sneasler|Protect\n|move|p1a: The difference|Fake Out|p2b: Sneasler\n|-activate|p2b: Sneasler|move: Protect\n|move|p1b: Ye old Gyara|Waterfall|p2b: Sneasler\n|-activate|p2b: Sneasler|move: Protect\n|move|p2a: Sinistcha|Life Dew|p2a: Sinistcha|[spread] p2a,p2b\n|-heal|p2a: Sinistcha|72/100 par\n|-heal|p2b: Sneasler|100/100\n|\n|-heal|p1b: Ye old Gyara|92/100|[from] item: Leftovers\n|-heal|p2a: Sinistcha|79/100 par|[from] item: Leftovers\n|-end|p1b: Ye old Gyara|move: Taunt\n|upkeep\n|turn|19\n|\n|t:|1776647941\n|switch|p2a: Sableye|Sableye, L50, F|90/100\n|move|p2b: Sneasler|Close Combat|p1a: The difference\n|-supereffective|p1a: The difference|1\n|-damage|p1a: The difference|0 fnt\n|-unboost|p2b: Sneasler|def|1\n|-unboost|p2b: Sneasler|spd|1\n|faint|p1a: The difference\n|move|p1b: Ye old Gyara|Thunder Wave|p2b: Sneasler\n|-status|p2b: Sneasler|par\n|\n|-heal|p1b: Ye old Gyara|98/100|[from] item: Leftovers\n|-sideend|p2: Wanted_101|Reflect\n|upkeep\n|\n|t:|1776647951\n|switch|p1a: Mini Flutter Mane|Floette-Eternal, L50, F|100/100\n|turn|20\n|\n|t:|1776647964\n|switch|p2b: Sinistcha|Sinistcha, L50|79/100 par\n|-heal|p2a: Sableye|100/100|[from] ability: Hospitality|[of] p2b: Sinistcha\n|detailschange|p1a: Mini Flutter Mane|Floette-Mega, L50, F\n|-mega|p1a: Mini Flutter Mane|Floette|Floettite\n|-ability|p1a: Mini Flutter Mane|Fairy Aura\n|move|p2a: Sableye|Taunt|p1a: Mini Flutter Mane\n|-start|p1a: Mini Flutter Mane|move: Taunt\n|move|p1a: Mini Flutter Mane|Dazzling Gleam|p2b: Sinistcha|[spread] p2a,p2b\n|-supereffective|p2a: Sableye|1\n|-damage|p2a: Sableye|0 fnt\n|-damage|p2b: Sinistcha|33/100 par\n|faint|p2a: Sableye\n|move|p1b: Ye old Gyara|Waterfall|p2b: Sinistcha\n|-resisted|p2b: Sinistcha|1\n|-damage|p2b: Sinistcha|18/100 par\n|\n|-heal|p1b: Ye old Gyara|100/100|[from] item: Leftovers\n|-heal|p2b: Sinistcha|25/100 par|[from] item: Leftovers\n|upkeep\n|\n|t:|1776647980\n|switch|p2a: Sneasler|Sneasler, L50, F|100/100 par\n|-ability|p2a: Sneasler|Pressure\n|turn|21\n|\n|t:|1776648018\n|move|p2b: Sinistcha|Rage Powder|p2b: Sinistcha\n|-singleturn|p2b: Sinistcha|move: Rage Powder\n|move|p1a: Mini Flutter Mane|Dazzling Gleam|p2a: Sneasler|[spread] p2a,p2b\n|-damage|p2a: Sneasler|34/100 par\n|-damage|p2b: Sinistcha|0 fnt\n|faint|p2b: Sinistcha\n|move|p1b: Ye old Gyara|Waterfall|p2a: Sneasler\n|-damage|p2a: Sneasler|0 fnt\n|faint|p2a: Sneasler\n|\n|win|the same as here\n|raw|the same as here's rating: 1207 &rarr; <strong>1229</strong><br />(+22 for winning)\n|raw|Wanted_101's rating: 1171 &rarr; <strong>1149</strong><br />(-22 for losing)\n",
  "uploadtime": 1776648025,
  "views": 12,
  "formatid": "gen9championsvgc2026regma",
  "rating": 1149,
  "private": 0,
  "password": null
}