{
  "id": "gen9championsvgc2026regma-2587104468",
  "format": "[Gen 9 Champions] VGC 2026 Reg M-A",
  "players": [
    "Kfsshjk",
    "Zediante_"
  ],
  "log": "|j|\u2606Kfsshjk\n|j|\u2606Zediante_\n|t:|1776493982\n|gametype|doubles\n|player|p1|Kfsshjk|1|1000\n|player|p2|Zediante_|swimmer-gen4|1000\n|gen|9\n|tier|[Gen 9 Champions] VGC 2026 Reg M-A\n|rated|\n|rule|Species Clause: Limit one of each Pok\u00e9mon\n|rule|Item Clause: Limit 1 of each item\n|clearpoke\n|poke|p1|Starmie, L50|\n|poke|p1|Drampa, L50, F|\n|poke|p1|Rhyperior, L50, M|\n|poke|p1|Sneasler, L50, M|\n|poke|p1|Maushold-Four, L50|\n|poke|p1|Hatterene, L50, F|\n|poke|p2|Aggron, L50, F|\n|poke|p2|Sinistcha-Masterpiece, L50|\n|poke|p2|Tyranitar, L50, M|\n|poke|p2|Incineroar, L50, M|\n|poke|p2|Milotic, L50, F|\n|poke|p2|Pelipper, L50, M|\n|teampreview|4\n|\n|t:|1776494018\n|teamsize|p1|4\n|teamsize|p2|4\n|start\n|switch|p1a: Starmie|Starmie, L50|100/100\n|switch|p1b: Rhyperior|Rhyperior, L50, M|100/100\n|switch|p2a: Sinistcha|Sinistcha-Masterpiece, L50|100/100\n|switch|p2b: Tyranitar|Tyranitar, L50, M|100/100\n|-weather|Sandstorm|[from] ability: Sand Stream|[of] p2b: Tyranitar\n|turn|1\n|inactive|Battle timer is ON: inactive players will automatically lose when time's up. (requested by Kfsshjk)\n|\n|t:|1776494047\n|detailschange|p1a: Starmie|Starmie-Mega, L50\n|-mega|p1a: Starmie|Starmie|Starminite\n|move|p1a: Starmie|Skill Swap|p1b: Rhyperior\n|-activate|p1a: Starmie|Skill Swap|||[of] p1b: Rhyperior\n|move|p2b: Tyranitar|Knock Off|p1a: Starmie\n|-supereffective|p1a: Starmie|1\n|-damage|p1a: Starmie|51/100\n|move|p1b: Rhyperior|High Horsepower|p2b: Tyranitar\n|-supereffective|p2b: Tyranitar|1\n|-damage|p2b: Tyranitar|0 fnt\n|faint|p2b: Tyranitar\n|move|p2a: Sinistcha|Trick Room|p2a: Sinistcha\n|-fieldstart|move: Trick Room|[of] p2a: Sinistcha\n|\n|-weather|Sandstorm|[upkeep]\n|-damage|p2a: Sinistcha|94/100|[from] Sandstorm\n|-damage|p1a: Starmie|45/100|[from] Sandstorm\n|upkeep\n|\n|t:|1776494061\n|switch|p2b: Aggron|Aggron, L50, F|100/100\n|turn|2\n|inactive|Kfsshjk has 30 seconds left.\n|inactive|Kfsshjk has 20 seconds left.\n|\n|t:|1776494097\n|switch|p2a: Incineroar|Incineroar, L50, M|100/100\n|switch|p1a: Sneasler|Sneasler, L50, M|100/100\n|detailschange|p2b: Aggron|Aggron-Mega, L50, F\n|-mega|p2b: Aggron|Aggron|Aggronite\n|move|p1b: Rhyperior|Protect|p1b: Rhyperior\n|-singleturn|p1b: Rhyperior|Protect\n|move|p2b: Aggron|Iron Defense|p2b: Aggron\n|-boost|p2b: Aggron|def|2\n|\n|-weather|Sandstorm|[upkeep]\n|-damage|p2a: Incineroar|95/100|[from] Sandstorm\n|-damage|p1a: Sneasler|95/100|[from] Sandstorm\n|upkeep\n|turn|3\n|\n|t:|1776494121\n|move|p2b: Aggron|Protect|p2b: Aggron\n|-singleturn|p2b: Aggron|Protect\n|move|p1a: Sneasler|Fake Out|p2b: Aggron\n|-activate|p2b: Aggron|move: Protect\n|move|p1b: Rhyperior|Earthquake|p2a: Incineroar|[spread] p1a,p2a\n|-activate|p2b: Aggron|move: Protect\n|-supereffective|p1a: Sneasler|1\n|-supereffective|p2a: Incineroar|1\n|-damage|p1a: Sneasler|0 fnt\n|-damage|p2a: Incineroar|0 fnt\n|faint|p1a: Sneasler\n|faint|p2a: Incineroar\n|\n|-weather|Sandstorm|[upkeep]\n|upkeep\n|inactive|Kfsshjk has 30 seconds left.\n|inactive|Kfsshjk has 20 seconds left.\n|inactive|Kfsshjk has 15 seconds left.\n|\n|t:|1776494165\n|switch|p2a: Sinistcha|Sinistcha-Masterpiece, L50|94/100\n|switch|p1a: Maushold|Maushold-Four, L50|100/100\n|turn|4\n|\n|t:|1776494181\n|move|p1a: Maushold|Follow Me|p1a: Maushold\n|-singleturn|p1a: Maushold|move: Follow Me\n|move|p1b: Rhyperior|Rock Slide|p2b: Aggron|[spread] p2a,p2b\n|-resisted|p2b: Aggron|1\n|-damage|p2a: Sinistcha|28/100\n|-damage|p2b: Aggron|94/100\n|cant|p2b: Aggron|flinch\n|cant|p2a: Sinistcha|flinch\n|\n|-weather|Sandstorm|[upkeep]\n|-damage|p2a: Sinistcha|22/100|[from] Sandstorm\n|-damage|p1a: Maushold|95/100|[from] Sandstorm\n|upkeep\n|turn|5\n|inactive|Kfsshjk has 30 seconds left.\n|\n|t:|1776494208\n|move|p1b: Rhyperior|High Horsepower|p2b: Aggron\n|-supereffective|p2b: Aggron|1\n|-damage|p2b: Aggron|59/100\n|move|p2b: Aggron|Body Press|p1a: Maushold\n|-supereffective|p1a: Maushold|1\n|-damage|p1a: Maushold|0 fnt\n|faint|p1a: Maushold\n|move|p2a: Sinistcha|Matcha Gotcha|p1b: Rhyperior\n|-supereffective|p1b: Rhyperior|2\n|-damage|p1b: Rhyperior|0 fnt\n|-heal|p2a: Sinistcha|84/100|[from] drain|[of] p1b: Rhyperior\n|faint|p1b: Rhyperior\n|\n|-weather|none\n|-fieldend|move: Trick Room\n|upkeep\n|\n|t:|1776494221\n|switch|p1a: Starmie|Starmie-Mega, L50|45/100\n|turn|6\n|\n|t:|1776494231\n|move|p1a: Starmie|Zen Headbutt|p2a: Sinistcha\n|-damage|p2a: Sinistcha|18/100\n|move|p2a: Sinistcha|Stun Spore|p1a: Starmie\n|-status|p1a: Starmie|par\n|move|p2b: Aggron|Body Press|p1a: Starmie\n|-resisted|p1a: Starmie|1\n|-damage|p1a: Starmie|0 fnt\n|faint|p1a: Starmie\n|\n|win|Zediante_\n|raw|Kfsshjk's rating: 1000 &rarr; <strong>1000</strong><br />(+0 for losing)\n|raw|Zediante_'s rating: 1000 &rarr; <strong>1040</strong><br />(+40 for winning)\n|l|\u2606Kfsshjk\n|player|p1|\n",
  "uploadtime": 1776494255,
  "views": 37,
  "formatid": "gen9championsvgc2026regma",
  "rating": 1000,
  "private": 0,
  "password": null
}