{
  "id": "gen9championsvgc2026regma-2586672736",
  "format": "[Gen 9 Champions] VGC 2026 Reg M-A",
  "players": [
    "Mence",
    "LancelotFaberge"
  ],
  "log": "|j|\u2606Mence\n|j|\u2606LancelotFaberge\n|t:|1776450980\n|gametype|doubles\n|player|p1|Mence|169|\n|player|p2|LancelotFaberge|101|\n|gen|9\n|tier|[Gen 9 Champions] VGC 2026 Reg M-A\n|rule|Species Clause: Limit one of each Pok\u00e9mon\n|rule|Item Clause: Limit 1 of each item\n|clearpoke\n|poke|p1|Hawlucha, L50, F|\n|poke|p1|Zoroark-Hisui, L50, M|\n|poke|p1|Excadrill, L50, F|\n|poke|p1|Tyranitar, L50, M|\n|poke|p1|Garchomp, L50, M|\n|poke|p1|Primarina, L50, M|\n|poke|p2|Garchomp, L50, M|\n|poke|p2|Sneasler, L50, M|\n|poke|p2|Gengar, L50, M|\n|poke|p2|Kingambit, L50, M|\n|poke|p2|Basculegion, L50, M|\n|poke|p2|Froslass, L50, F|\n|teampreview|4\n|\n|t:|1776451049\n|teamsize|p1|4\n|teamsize|p2|4\n|start\n|switch|p1a: Hawlucha|Hawlucha, L50, F|100/100\n|switch|p1b: Excadrill|Excadrill, L50, F|100/100\n|switch|p2a: Gengar|Gengar, L50, M|100/100\n|switch|p2b: Basculegion|Basculegion, L50, M|100/100\n|turn|1\n|\n|t:|1776451127\n|detailschange|p1a: Hawlucha|Hawlucha-Mega, L50, F\n|-mega|p1a: Hawlucha|Hawlucha|Hawluchanite\n|detailschange|p2a: Gengar|Gengar-Mega, L50, M\n|-mega|p2a: Gengar|Gengar|Gengarite\n|move|p2a: Gengar|Protect|p2a: Gengar\n|-singleturn|p2a: Gengar|Protect\n|move|p1a: Hawlucha|Entrainment|p1b: Excadrill\n|-ability|p1b: Excadrill|No Guard|Sand Rush|[from] move: Entrainment|[of] p1a: Hawlucha\n|move|p1b: Excadrill|Earthquake|p2a: Gengar|[spread] p2b\n|-activate|p2a: Gengar|move: Protect\n|-immune|p1a: Hawlucha\n|-damage|p2b: Basculegion|45/100\n|move|p2b: Basculegion|Wave Crash|p1b: Excadrill\n|-supereffective|p1b: Excadrill|1\n|-enditem|p1b: Excadrill|Focus Sash\n|-damage|p1b: Excadrill|1/100\n|-damage|p2b: Basculegion|14/100|[from] Recoil\n|\n|upkeep\n|turn|2\n|\n|t:|1776451192\n|move|p1b: Excadrill|Protect|p1b: Excadrill\n|-singleturn|p1b: Excadrill|Protect\n|move|p2b: Basculegion|Aqua Jet|p1b: Excadrill\n|-activate|p1b: Excadrill|move: Protect\n|move|p2a: Gengar|Shadow Ball|p1a: Hawlucha\n|-damage|p1a: Hawlucha|45/100\n|move|p1a: Hawlucha|Brave Bird|p2a: Gengar\n|-damage|p2a: Gengar|10/100\n|-damage|p1a: Hawlucha|15/100|[from] Recoil\n|\n|upkeep\n|turn|3\n|inactive|Battle timer is ON: inactive players will automatically lose when time's up. (requested by LancelotFaberge)\n|\n|t:|1776451279\n|move|p2a: Gengar|Protect|p2a: Gengar\n|-singleturn|p2a: Gengar|Protect\n|move|p2b: Basculegion|Aqua Jet|p1b: Excadrill\n|-supereffective|p1b: Excadrill|1\n|-damage|p1b: Excadrill|0 fnt\n|faint|p1b: Excadrill\n|move|p1a: Hawlucha|Brave Bird|p2a: Gengar\n|-activate|p2a: Gengar|move: Protect\n|\n|upkeep\n|l|\u2606LancelotFaberge\n|inactive|LancelotFaberge disconnected and has 300 seconds to reconnect!\n|player|p2|\n|inactive|Mence has 30 seconds left.\n|l|\u2606Mence\n|inactive|Mence disconnected and has 300 seconds to reconnect!\n|player|p1|\n|inactive|Mence has 270 seconds to reconnect!\n|inactive|Mence has 240 seconds to reconnect!\n|inactive|Mence has 210 seconds to reconnect!\n|inactive|Mence has 180 seconds to reconnect!\n|inactive|Mence has 150 seconds to reconnect!\n|inactive|Mence has 120 seconds to reconnect!\n|inactive|Mence has 90 seconds to reconnect!\n|j|\u2606LancelotFaberge\n|inactive|LancelotFaberge reconnected.\n|player|p2|LancelotFaberge|101|\n|inactive|Mence has 60 seconds to reconnect!\n|inactiveoff|Battle timer is now OFF.\n|j|\u2606Mence\n|player|p1|Mence|169|\n|\n|t:|1776451652\n|switch|p1b: Garchomp|Garchomp, L50, M|100/100\n|turn|4\n|\n|t:|1776451673\n|move|p1a: Hawlucha|Protect|p1a: Hawlucha\n|-singleturn|p1a: Hawlucha|Protect\n|move|p2a: Gengar|Shadow Ball|p1b: Garchomp\n|-damage|p1b: Garchomp|46/100\n|move|p1b: Garchomp|Earthquake|p2b: Basculegion|[spread] p2a,p2b\n|-activate|p1a: Hawlucha|move: Protect\n|-supereffective|p2a: Gengar|1\n|-damage|p2a: Gengar|0 fnt\n|-damage|p2b: Basculegion|0 fnt\n|faint|p2a: Gengar\n|faint|p2b: Basculegion\n|\n|upkeep\n|\n|t:|1776451688\n|switch|p2a: Kingambit|Kingambit, L50, M|100/100\n|switch|p2b: Sneasler|Sneasler, L50, M|100/100\n|turn|5\n|\n|t:|1776451739\n|move|p1b: Garchomp|Protect|p1b: Garchomp\n|-singleturn|p1b: Garchomp|Protect\n|move|p2b: Sneasler|Fake Out|p1a: Hawlucha\n|-damage|p1a: Hawlucha|0 fnt\n|faint|p1a: Hawlucha\n|move|p2a: Kingambit|Low Kick|p1b: Garchomp\n|-activate|p1b: Garchomp|move: Protect\n|\n|upkeep\n|\n|t:|1776451746\n|switch|p1a: Tyranitar|Tyranitar, L50, M|100/100\n|-weather|Sandstorm|[from] ability: Sand Stream|[of] p1a: Tyranitar\n|turn|6\n|\n|t:|1776451762\n|move|p2b: Sneasler|Close Combat|p1b: Garchomp|[miss]\n|-miss|p2b: Sneasler|p1b: Garchomp\n|move|p1b: Garchomp|Stomping Tantrum|p2a: Kingambit\n|-supereffective|p2a: Kingambit|1\n|-damage|p2a: Kingambit|47/100\n|move|p1a: Tyranitar|Low Kick|p2a: Kingambit\n|-supereffective|p2a: Kingambit|2\n|-enditem|p2a: Kingambit|Chople Berry|[eat]\n|-enditem|p2a: Kingambit|Chople Berry|[weaken]\n|-damage|p2a: Kingambit|0 fnt\n|faint|p2a: Kingambit\n|\n|-weather|Sandstorm|[upkeep]\n|-damage|p2b: Sneasler|95/100|[from] Sandstorm\n|upkeep\n|turn|7\n|\n|t:|1776451876\n|move|p2b: Sneasler|Close Combat|p1a: Tyranitar\n|-supereffective|p1a: Tyranitar|2\n|-damage|p1a: Tyranitar|0 fnt\n|-unboost|p2b: Sneasler|def|1\n|-unboost|p2b: Sneasler|spd|1\n|faint|p1a: Tyranitar\n|move|p1b: Garchomp|Stomping Tantrum|p2b: Sneasler\n|-supereffective|p2b: Sneasler|1\n|-damage|p2b: Sneasler|0 fnt\n|faint|p2b: Sneasler\n|\n|win|Mence\n",
  "uploadtime": 1776451886,
  "views": 23,
  "formatid": "gen9championsvgc2026regma",
  "rating": null,
  "private": 0,
  "password": null
}