{
  "id": "gen9championsvgc2026regma-2581317470",
  "format": "[Gen 9 Champions] VGC 2026 Reg M-A",
  "players": [
    "dasabe\u76d6\u6b27\u5361\u4fa0",
    "silvermagicianvgc"
  ],
  "log": "|j|\u2606dasabe\u76d6\u6b27\u5361\u4fa0\n|j|\u2606silvermagicianvgc\n|t:|1775985811\n|gametype|doubles\n|player|p1|dasabe\u76d6\u6b27\u5361\u4fa0|may-masters4|1326\n|player|p2|silvermagicianvgc|silver|1331\n|gen|9\n|tier|[Gen 9 Champions] VGC 2026 Reg M-A\n|rated|\n|rule|Species Clause: Limit one of each Pok\u00e9mon\n|rule|Item Clause: Limit 1 of each item\n|clearpoke\n|poke|p1|Gengar, L50, M|\n|poke|p1|Incineroar, L50, M|\n|poke|p1|Whimsicott, L50, F|\n|poke|p1|Garchomp, L50, F|\n|poke|p1|Sneasler, L50, F|\n|poke|p1|Primarina, L50, F|\n|poke|p2|Floette-Eternal, L50, F|\n|poke|p2|Garchomp, L50, F|\n|poke|p2|Aerodactyl, L50, M|\n|poke|p2|Incineroar, L50, M|\n|poke|p2|Milotic, L50, F|\n|poke|p2|Sinistcha, L50|\n|teampreview|4\n|j| wuminshi\n|j| HappyLiga\n|j| gE1xjZRtuhW2DdT0AK\n|\n|t:|1775985845\n|teamsize|p1|4\n|teamsize|p2|4\n|start\n|switch|p1a: \u58ec\u517d|Primarina, L50, F, shiny|100/100\n|switch|p1b: \u629b\u5f00\u864e\u54e5\u54ee\u7a74|Incineroar, L50, M, shiny|100/100\n|switch|p2a: Garchomp|Garchomp, L50, F|100/100\n|switch|p2b: Milotic|Milotic, L50, F, shiny|100/100\n|-ability|p1b: \u629b\u5f00\u864e\u54e5\u54ee\u7a74|Intimidate|boost\n|-unboost|p2a: Garchomp|atk|1\n|-unboost|p2b: Milotic|atk|1\n|-ability|p2b: Milotic|Competitive|boost\n|-boost|p2b: Milotic|spa|2\n|turn|1\n|\n|t:|1775985868\n|switch|p2a: Incineroar|Incineroar, L50, M|100/100\n|-ability|p2a: Incineroar|Intimidate|boost\n|-unboost|p1a: \u58ec\u517d|atk|1\n|-unboost|p1b: \u629b\u5f00\u864e\u54e5\u54ee\u7a74|atk|1\n|move|p1b: \u629b\u5f00\u864e\u54e5\u54ee\u7a74|Fake Out|p2b: Milotic\n|-damage|p2b: Milotic|93/100\n|cant|p2b: Milotic|flinch\n|move|p1a: \u58ec\u517d|Moonblast|p2a: Incineroar\n|-damage|p2a: Incineroar|56/100\n|\n|-heal|p2b: Milotic|99/100|[from] item: Leftovers\n|upkeep\n|turn|2\n|l| HappyLiga\n|\n|t:|1775985885\n|move|p1a: \u58ec\u517d|Protect|p1a: \u58ec\u517d\n|-singleturn|p1a: \u58ec\u517d|Protect\n|move|p2a: Incineroar|Fake Out|p1a: \u58ec\u517d\n|-activate|p1a: \u58ec\u517d|move: Protect\n|move|p2b: Milotic|Scald|p1b: \u629b\u5f00\u864e\u54e5\u54ee\u7a74\n|-supereffective|p1b: \u629b\u5f00\u864e\u54e5\u54ee\u7a74|1\n|-damage|p1b: \u629b\u5f00\u864e\u54e5\u54ee\u7a74|0 fnt\n|faint|p1b: \u629b\u5f00\u864e\u54e5\u54ee\u7a74\n|\n|-heal|p2b: Milotic|100/100|[from] item: Leftovers\n|upkeep\n|\n|t:|1775985894\n|switch|p1b: \u62c9\u6016\u6016|Sneasler, L50, F, shiny|100/100\n|turn|3\n|j| Karaflas\n|j| blackred123\n|\n|t:|1775985920\n|move|p2b: Milotic|Protect|p2b: Milotic\n|-singleturn|p2b: Milotic|Protect\n|move|p1b: \u62c9\u6016\u6016|Fake Out|p2b: Milotic\n|-activate|p2b: Milotic|move: Protect\n|move|p2a: Incineroar|Throat Chop|p1a: \u58ec\u517d\n|-resisted|p1a: \u58ec\u517d|1\n|-damage|p1a: \u58ec\u517d|82/100\n|-start|p1a: \u58ec\u517d|Throat Chop|[silent]\n|cant|p1a: \u58ec\u517d|move: Throat Chop\n|\n|-heal|p1a: \u58ec\u517d|88/100|[from] item: Leftovers\n|upkeep\n|turn|4\n|j| Crvstal_K!tty\n|\n|t:|1775985949\n|move|p1b: \u62c9\u6016\u6016|Dire Claw|p2b: Milotic\n|-damage|p2b: Milotic|58/100\n|-status|p2b: Milotic|par\n|move|p2a: Incineroar|Parting Shot|p1a: \u58ec\u517d\n|-unboost|p1a: \u58ec\u517d|atk|1\n|-unboost|p1a: \u58ec\u517d|spa|1\n|\n|t:|1775985956\n|switch|p2a: Sinistcha|Sinistcha, L50|100/100|[from] Parting Shot\n|-heal|p2b: Milotic|83/100 par|[from] ability: Hospitality|[of] p2a: Sinistcha\n|move|p1a: \u58ec\u517d|Moonblast|p2b: Milotic\n|-damage|p2b: Milotic|59/100 par\n|move|p2b: Milotic|Scald|p1b: \u62c9\u6016\u6016\n|-damage|p1b: \u62c9\u6016\u6016|6/100\n|\n|-heal|p1a: \u58ec\u517d|94/100|[from] item: Leftovers\n|-heal|p2b: Milotic|65/100 par|[from] item: Leftovers\n|-end|p1a: \u58ec\u517d|Throat Chop|[silent]\n|upkeep\n|turn|5\n|\n|t:|1775985971\n|move|p1b: \u62c9\u6016\u6016|Dire Claw|p2a: Sinistcha\n|-damage|p2a: Sinistcha|62/100\n|move|p2a: Sinistcha|Matcha Gotcha|p1a: \u58ec\u517d|[spread] p1a,p1b\n|-supereffective|p1a: \u58ec\u517d|1\n|-resisted|p1b: \u62c9\u6016\u6016|1\n|-damage|p1a: \u58ec\u517d|50/100\n|-heal|p2a: Sinistcha|84/100|[from] drain|[of] p1a: \u58ec\u517d\n|-damage|p1b: \u62c9\u6016\u6016|0 fnt\n|-heal|p2a: Sinistcha|86/100|[from] drain|[of] p1b: \u62c9\u6016\u6016\n|-status|p1a: \u58ec\u517d|brn\n|faint|p1b: \u62c9\u6016\u6016\n|move|p1a: \u58ec\u517d|Moonblast|p2a: Sinistcha\n|-damage|p2a: Sinistcha|52/100\n|-unboost|p2a: Sinistcha|spa|1\n|move|p2b: Milotic|Icy Wind|p1a: \u58ec\u517d\n|-resisted|p1a: \u58ec\u517d|1\n|-damage|p1a: \u58ec\u517d|36/100 brn\n|-unboost|p1a: \u58ec\u517d|spe|1\n|\n|-heal|p1a: \u58ec\u517d|42/100 brn|[from] item: Leftovers\n|-heal|p2b: Milotic|71/100 par|[from] item: Leftovers\n|-damage|p1a: \u58ec\u517d|36/100 brn|[from] brn\n|upkeep\n|-message|dasabe\u76d6\u6b27\u5361\u4fa0 forfeited.\n|\n|win|silvermagicianvgc\n|raw|dasabe\u76d6\u6b27\u5361\u4fa0's rating: 1326 &rarr; <strong>1306</strong><br />(-20 for losing)\n|raw|silvermagicianvgc's rating: 1331 &rarr; <strong>1351</strong><br />(+20 for winning)\n|l|\u2606dasabe\u76d6\u6b27\u5361\u4fa0\n|player|p1|\n|l| wuminshi\n",
  "uploadtime": 1775985988,
  "views": 59,
  "formatid": "gen9championsvgc2026regma",
  "rating": 1306,
  "private": 0,
  "password": null
}