{
  "id": "gen9championsvgc2026regma-2585394195",
  "format": "[Gen 9 Champions] VGC 2026 Reg M-A",
  "players": [
    "Dabura Karaba",
    "campeondelfitness"
  ],
  "log": "|j|\u2606Dabura Karaba\n|j|\u2606campeondelfitness\n|t:|1776344047\n|gametype|doubles\n|player|p1|Dabura Karaba|bruno|1082\n|player|p2|campeondelfitness|swimmer|1109\n|gen|9\n|tier|[Gen 9 Champions] VGC 2026 Reg M-A\n|rated|\n|rule|Species Clause: Limit one of each Pok\u00e9mon\n|rule|Item Clause: Limit 1 of each item\n|clearpoke\n|poke|p1|Talonflame, L50, M|\n|poke|p1|Lucario, L50, M|\n|poke|p1|Araquanid, L50, M|\n|poke|p1|Tsareena, L50, F|\n|poke|p1|Krookodile, L50, M|\n|poke|p1|Beedrill, L50, M|\n|poke|p2|Tyranitar, L50, F|\n|poke|p2|Garchomp, L50, M|\n|poke|p2|Heliolisk, L50, F|\n|poke|p2|Rotom-Heat, L50|\n|poke|p2|Orthworm, L50, F|\n|poke|p2|Aerodactyl, L50, F|\n|teampreview|4\n|inactive|Battle timer is ON: inactive players will automatically lose when time's up. (requested by campeondelfitness)\n|inactive|Dabura Karaba also wants the timer to be on.\n|inactive|Dabura Karaba has 60 seconds left.\n|\n|t:|1776344080\n|teamsize|p1|4\n|teamsize|p2|4\n|start\n|switch|p1a: Beedrill|Beedrill, L50, M|100/100\n|switch|p1b: Talonflame|Talonflame, L50, M|100/100\n|switch|p2a: Rotom|Rotom-Heat, L50|100/100\n|switch|p2b: Aerodactyl|Aerodactyl, L50, F|100/100\n|-ability|p2b: Aerodactyl|Unnerve\n|turn|1\n|inactive|Dabura Karaba has 30 seconds left.\n|inactive|campeondelfitness has 30 seconds left.\n|\n|t:|1776344107\n|detailschange|p1a: Beedrill|Beedrill-Mega, L50, M\n|-mega|p1a: Beedrill|Beedrill|Beedrillite\n|move|p1b: Talonflame|Tailwind|p1b: Talonflame\n|-sidestart|p1: Dabura Karaba|move: Tailwind\n|move|p1a: Beedrill|U-turn|p2b: Aerodactyl\n|-resisted|p2b: Aerodactyl|1\n|-damage|p2b: Aerodactyl|55/100\n|\n|t:|1776344112\n|switch|p1a: Krookodile|Krookodile, L50, M|100/100|[from] U-turn\n|-ability|p1a: Krookodile|Intimidate|boost\n|-unboost|p2a: Rotom|atk|1\n|-unboost|p2b: Aerodactyl|atk|1\n|move|p2b: Aerodactyl|Tailwind|p2b: Aerodactyl\n|-sidestart|p2: campeondelfitness|move: Tailwind\n|move|p2a: Rotom|Volt Switch|p1a: Krookodile\n|-immune|p1a: Krookodile\n|\n|upkeep\n|turn|2\n|\n|t:|1776344130\n|move|p1b: Talonflame|Protect|p1b: Talonflame\n|-singleturn|p1b: Talonflame|Protect\n|move|p2b: Aerodactyl|Rock Slide|p1b: Talonflame|[spread] p1a\n|-activate|p1b: Talonflame|move: Protect\n|-resisted|p1a: Krookodile|1\n|-damage|p1a: Krookodile|89/100\n|move|p1a: Krookodile|Knock Off|p2b: Aerodactyl\n|-crit|p2b: Aerodactyl\n|-damage|p2b: Aerodactyl|0 fnt\n|-enditem|p2b: Aerodactyl|Sharp Beak|[from] move: Knock Off|[of] p1a: Krookodile\n|faint|p2b: Aerodactyl\n|move|p2a: Rotom|Volt Switch|p1b: Talonflame\n|-activate|p1b: Talonflame|move: Protect\n|\n|upkeep\n|\n|t:|1776344153\n|switch|p2b: Garchomp|Garchomp, L50, M|100/100\n|turn|3\n|\n|t:|1776344174\n|detailschange|p2b: Garchomp|Garchomp-Mega, L50, M\n|-mega|p2b: Garchomp|Garchomp|Garchompite\n|move|p1b: Talonflame|Brave Bird|p2a: Rotom\n|-resisted|p2a: Rotom|1\n|-damage|p2a: Rotom|74/100\n|-damage|p1b: Talonflame|91/100|[from] Recoil\n|move|p2b: Garchomp|Earthquake|p1b: Talonflame|[spread] p1a\n|-immune|p2a: Rotom|[from] ability: Levitate\n|-immune|p1b: Talonflame\n|-damage|p1a: Krookodile|31/100\n|move|p1a: Krookodile|Knock Off|p2b: Garchomp\n|-damage|p2b: Garchomp|71/100\n|move|p2a: Rotom|Will-O-Wisp|p1a: Krookodile\n|-status|p1a: Krookodile|brn\n|\n|-damage|p1a: Krookodile|25/100 brn|[from] brn\n|upkeep\n|turn|4\n|inactive|Dabura Karaba has 30 seconds left.\n|inactive|campeondelfitness has 30 seconds left.\n|inactive|Dabura Karaba has 20 seconds left.\n|inactive|Dabura Karaba has 15 seconds left.\n|inactive|Dabura Karaba has 10 seconds left.\n|\n|t:|1776344222\n|switch|p1a: Lucario|Lucario, L50, M|100/100\n|move|p1b: Talonflame|Brave Bird|p2b: Garchomp\n|-damage|p2b: Garchomp|29/100\n|-damage|p1b: Talonflame|75/100|[from] Recoil\n|move|p2b: Garchomp|Dragon Claw|p1b: Talonflame\n|-damage|p1b: Talonflame|0 fnt\n|faint|p1b: Talonflame\n|move|p2a: Rotom|Volt Switch|p1a: Lucario\n|-damage|p1a: Lucario|60/100\n|\n|t:|1776344236\n|switch|p2a: Tyranitar|Tyranitar, L50, F|100/100|[from] Volt Switch\n|-weather|Sandstorm|[from] ability: Sand Stream|[of] p2a: Tyranitar\n|\n|-weather|Sandstorm|[upkeep]\n|-sideend|p1: Dabura Karaba|move: Tailwind\n|-sideend|p2: campeondelfitness|move: Tailwind\n|upkeep\n|\n|t:|1776344245\n|switch|p1b: Krookodile|Krookodile, L50, M|25/100 brn\n|-ability|p1b: Krookodile|Intimidate|boost\n|-unboost|p2a: Tyranitar|atk|1\n|-unboost|p2b: Garchomp|atk|1\n|turn|5\n|inactive|Dabura Karaba has 30 seconds left.\n|inactive|campeondelfitness has 30 seconds left.\n|\n|t:|1776344271\n|switch|p2a: Rotom|Rotom-Heat, L50|74/100\n|move|p1a: Lucario|Detect|p1a: Lucario\n|-singleturn|p1a: Lucario|Protect\n|move|p1b: Krookodile|High Horsepower|p2a: Rotom\n|-immune|p2a: Rotom|[from] ability: Levitate\n|move|p2b: Garchomp|Earthquake|p1b: Krookodile|[spread] p1b\n|-activate|p1a: Lucario|move: Protect\n|-immune|p2a: Rotom|[from] ability: Levitate\n|-damage|p1b: Krookodile|0 fnt\n|faint|p1b: Krookodile\n|\n|-weather|Sandstorm|[upkeep]\n|-damage|p2a: Rotom|68/100|[from] Sandstorm\n|upkeep\n|\n|t:|1776344279\n|switch|p1b: Beedrill|Beedrill-Mega, L50, M|100/100\n|turn|6\n|\n|t:|1776344302\n|switch|p2b: Tyranitar|Tyranitar, L50, F|100/100\n|move|p1b: Beedrill|Fell Stinger|p2b: Tyranitar\n|-supereffective|p2b: Tyranitar|1\n|-damage|p2b: Tyranitar|44/100\n|move|p1a: Lucario|Aura Sphere|p2a: Rotom\n|-damage|p2a: Rotom|16/100\n|move|p2a: Rotom|Overheat|p1b: Beedrill\n|-supereffective|p1b: Beedrill|1\n|-damage|p1b: Beedrill|0 fnt\n|-unboost|p2a: Rotom|spa|2\n|faint|p1b: Beedrill\n|\n|-weather|Sandstorm|[upkeep]\n|-damage|p2a: Rotom|11/100|[from] Sandstorm\n|upkeep\n|turn|7\n|inactive|campeondelfitness has 30 seconds left.\n|\n|t:|1776344334\n|move|p1a: Lucario|Aura Sphere|p2a: Rotom\n|-damage|p2a: Rotom|0 fnt\n|faint|p2a: Rotom\n|move|p2b: Tyranitar|Icy Wind|p1a: Lucario\n|-resisted|p1a: Lucario|1\n|-damage|p1a: Lucario|50/100\n|-unboost|p1a: Lucario|spe|1\n|\n|-weather|Sandstorm|[upkeep]\n|upkeep\n|\n|t:|1776344343\n|switch|p2a: Garchomp|Garchomp-Mega, L50, M|29/100\n|turn|8\n|\n|t:|1776344349\n|move|p2a: Garchomp|Earthquake|p1a: Lucario|[spread] p2b,p1a\n|-supereffective|p2b: Tyranitar|1\n|-supereffective|p1a: Lucario|1\n|-damage|p2b: Tyranitar|0 fnt\n|-damage|p1a: Lucario|0 fnt\n|faint|p2b: Tyranitar\n|faint|p1a: Lucario\n|\n|win|campeondelfitness\n|raw|Dabura Karaba's rating: 1082 &rarr; <strong>1061</strong><br />(-21 for losing)\n|raw|campeondelfitness's rating: 1109 &rarr; <strong>1132</strong><br />(+23 for winning)\n",
  "uploadtime": 1776344355,
  "views": 44,
  "formatid": "gen9championsvgc2026regma",
  "rating": 1061,
  "private": 0,
  "password": null
}