{
  "id": "gen9championsvgc2026regma-2583585294",
  "format": "[Gen 9 Champions] VGC 2026 Reg M-A",
  "players": [
    "De'Low0\u00b0",
    "VGCLeak"
  ],
  "log": "|j|\u2606De'Low0\u00b0\n|j|\u2606VGCLeak\n|t:|1776184880\n|gametype|doubles\n|player|p1|De'Low0\u00b0|n|1000\n|player|p2|VGCLeak|1|1026\n|gen|9\n|tier|[Gen 9 Champions] VGC 2026 Reg M-A\n|rated|\n|rule|Species Clause: Limit one of each Pok\u00e9mon\n|rule|Item Clause: Limit 1 of each item\n|clearpoke\n|poke|p1|Sinistcha, L50|\n|poke|p1|Drampa, L50, F|\n|poke|p1|Alakazam, L50, F|\n|poke|p1|Talonflame, L50, F|\n|poke|p1|Pelipper, L50, M|\n|poke|p1|Krookodile, L50, M|\n|poke|p2|Incineroar, L50, M|\n|poke|p2|Sneasler, L50, F|\n|poke|p2|Kommo-o, L50, M|\n|poke|p2|Basculegion, L50, M|\n|poke|p2|Ninetales-Alola, L50, F|\n|poke|p2|Scizor, L50, M|\n|teampreview|4\nVGCLeak rejected open team sheets.\n|\n|t:|1776184936\n|teamsize|p1|4\n|teamsize|p2|4\n|start\n|switch|p1a: Alakazam|Alakazam, L50, F, shiny|100/100\n|switch|p1b: Pelipper|Pelipper, L50, M, shiny|100/100\n|switch|p2a: Basculegion|Basculegion, L50, M, shiny|100/100\n|switch|p2b: Kommo-o|Kommo-o, L50, M, shiny|100/100\n|-weather|RainDance|[from] ability: Drizzle|[of] p1b: Pelipper\n|turn|1\n|inactive|Battle timer is ON: inactive players will automatically lose when time's up. (requested by VGCLeak)\n|inactive|De'Low0\u00b0 has 60 seconds left.\n|\n|t:|1776184976\n|move|p2a: Basculegion|Flip Turn|p1a: Alakazam\n|-damage|p1a: Alakazam|0 fnt\n|faint|p1a: Alakazam\n|\n|t:|1776184981\n|switch|p2a: Ninetales|Ninetales-Alola, L50, F, shiny|100/100|[from] Flip Turn\n|-weather|Snowscape|[from] ability: Snow Warning|[of] p2a: Ninetales\n|move|p1b: Pelipper|U-turn|p2b: Kommo-o\n|-resisted|p2b: Kommo-o|1\n|-damage|p2b: Kommo-o|96/100\n|\n|t:|1776184998\n|switch|p1b: Drampa|Drampa, L50, F, shiny|100/100|[from] U-turn\n|move|p2b: Kommo-o|Clangorous Soul|p2b: Kommo-o\n|-boost|p2b: Kommo-o|atk|1\n|-boost|p2b: Kommo-o|def|1\n|-boost|p2b: Kommo-o|spa|1\n|-boost|p2b: Kommo-o|spd|1\n|-boost|p2b: Kommo-o|spe|1\n|-damage|p2b: Kommo-o|63/100\n|\n|-weather|Snowscape|[upkeep]\n|-heal|p2b: Kommo-o|69/100|[from] item: Leftovers\n|upkeep\n|\n|t:|1776185014\n|switch|p1a: Pelipper|Pelipper, L50, M, shiny|100/100\n|-weather|RainDance|[from] ability: Drizzle|[of] p1a: Pelipper\n|turn|2\n|\n|t:|1776185037\n|switch|p2a: Basculegion|Basculegion, L50, M, shiny|100/100\n|switch|p1b: Sinistcha|Sinistcha, L50|100/100\n|move|p2b: Kommo-o|Clanging Scales|p1b: Sinistcha|[spread] p1a,p1b\n|-damage|p1a: Pelipper|31/100\n|-damage|p1b: Sinistcha|54/100\n|-unboost|p2b: Kommo-o|def|1\n|move|p1a: Pelipper|Icy Wind|p2b: Kommo-o|[spread] p2a,p2b\n|-resisted|p2a: Basculegion|1\n|-supereffective|p2b: Kommo-o|1\n|-damage|p2a: Basculegion|94/100\n|-damage|p2b: Kommo-o|53/100\n|-unboost|p2a: Basculegion|spe|1\n|-unboost|p2b: Kommo-o|spe|1\n|\n|-weather|RainDance|[upkeep]\n|-heal|p2b: Kommo-o|60/100|[from] item: Leftovers\n|-heal|p1b: Sinistcha|61/100|[from] item: Leftovers\n|upkeep\n|turn|3\n|inactive|De'Low0\u00b0 has 30 seconds left.\n|\n|t:|1776185067\n|move|p2a: Basculegion|Last Respects|p1b: Sinistcha\n|-supereffective|p1b: Sinistcha|1\n|-damage|p1b: Sinistcha|2/100\n|move|p1a: Pelipper|Icy Wind|p2b: Kommo-o|[spread] p2a,p2b\n|-resisted|p2a: Basculegion|1\n|-supereffective|p2b: Kommo-o|1\n|-damage|p2a: Basculegion|87/100\n|-damage|p2b: Kommo-o|43/100\n|-unboost|p2a: Basculegion|spe|1\n|-unboost|p2b: Kommo-o|spe|1\n|move|p2b: Kommo-o|Clanging Scales|p1a: Pelipper|[spread] p1a,p1b\n|-damage|p1a: Pelipper|0 fnt\n|-damage|p1b: Sinistcha|0 fnt\n|faint|p1a: Pelipper\n|faint|p1b: Sinistcha\n|-unboost|p2b: Kommo-o|def|1\n|\n|-weather|RainDance|[upkeep]\n|-heal|p2b: Kommo-o|50/100|[from] item: Leftovers\n|upkeep\n|\n|t:|1776185087\n|switch|p1b: Drampa|Drampa, L50, F, shiny|100/100\n|turn|4\n|c|\u2606VGCLeak|ggs\n|\n|t:|1776185098\n|switch|p2a: Ninetales|Ninetales-Alola, L50, F, shiny|100/100\n|-weather|Snowscape|[from] ability: Snow Warning|[of] p2a: Ninetales\n|move|p2b: Kommo-o|Clanging Scales|p1b: Drampa\n|-supereffective|p1b: Drampa|1\n|-enditem|p1b: Drampa|Focus Sash\n|-damage|p1b: Drampa|1/100\n|-ability|p1b: Drampa|Berserk|boost\n|-boost|p1b: Drampa|spa|1\n|-unboost|p2b: Kommo-o|def|1\n|move|p1b: Drampa|Draco Meteor|p2a: Ninetales\n|-immune|p2a: Ninetales\n|\n|-weather|Snowscape|[upkeep]\n|-heal|p2b: Kommo-o|56/100|[from] item: Leftovers\n|upkeep\n|turn|5\n|c|\u2606VGCLeak|yikes\n|\n|t:|1776185121\n|move|p2b: Kommo-o|Protect|p2b: Kommo-o\n|-singleturn|p2b: Kommo-o|Protect\n|move|p2a: Ninetales|Blizzard|p1b: Drampa\n|-supereffective|p1b: Drampa|1\n|-damage|p1b: Drampa|0 fnt\n|faint|p1b: Drampa\n|\n|win|VGCLeak\n|raw|De&apos;Low0\u00b0's rating: 1000 &rarr; <strong>1000</strong><br />(+0 for losing)\n|raw|VGCLeak's rating: 1026 &rarr; <strong>1059</strong><br />(+33 for winning)\n",
  "uploadtime": 1776185129,
  "views": 18,
  "formatid": "gen9championsvgc2026regma",
  "rating": 1000,
  "private": 0,
  "password": null
}