{
  "id": "gen9championsvgc2026regma-2586275455",
  "format": "[Gen 9 Champions] VGC 2026 Reg M-A",
  "players": [
    "tung0616",
    "Novemver"
  ],
  "log": "|j|\u2606tung0616\n|j|\u2606Novemver\n|t:|1776420223\n|gametype|doubles\n|player|p1|tung0616|265|1169\n|player|p2|Novemver|rainbowrocketgruntf|1228\n|gen|9\n|tier|[Gen 9 Champions] VGC 2026 Reg M-A\n|rated|\n|rule|Species Clause: Limit one of each Pok\u00e9mon\n|rule|Item Clause: Limit 1 of each item\n|clearpoke\n|poke|p1|Meganium, L50, F|\n|poke|p1|Incineroar, L50, M|\n|poke|p1|Pelipper, L50, M|\n|poke|p1|Garchomp, L50, M|\n|poke|p1|Basculegion, L50, M|\n|poke|p1|Archaludon, L50, M|\n|poke|p2|Froslass, L50, F|\n|poke|p2|Rotom-Frost, L50|\n|poke|p2|Garchomp, L50, M|\n|poke|p2|Incineroar, L50, M|\n|poke|p2|Empoleon, L50, F|\n|poke|p2|Kingambit, L50, M|\n|teampreview|4\n|\n|t:|1776420281\n|teamsize|p1|4\n|teamsize|p2|4\n|start\n|switch|p1a: \u82b1\u8449\u8482|Meganium, L50, F, shiny|100/100\n|switch|p1b: \u84cb\u6b50\u5361|Pelipper, L50, M, shiny|100/100\n|switch|p2a: Rotom|Rotom-Frost, L50|100/100\n|switch|p2b: Garchomp|Garchomp, L50, M|100/100\n|-weather|RainDance|[from] ability: Drizzle|[of] p1b: \u84cb\u6b50\u5361\n|turn|1\n|\n|t:|1776420325\n|detailschange|p1a: \u82b1\u8449\u8482|Meganium-Mega, L50, F, shiny\n|-mega|p1a: \u82b1\u8449\u8482|Meganium|Meganiumite\n|move|p2a: Rotom|Blizzard|p1b: \u84cb\u6b50\u5361|[spread] p1a,p1b\n|-supereffective|p1a: \u82b1\u8449\u8482|1\n|-damage|p1a: \u82b1\u8449\u8482|33/100\n|-damage|p1b: \u84cb\u6b50\u5361|39/100\n|move|p2b: Garchomp|Rock Slide|p1b: \u84cb\u6b50\u5361|[spread] p1a,p1b\n|-supereffective|p1b: \u84cb\u6b50\u5361|1\n|-damage|p1a: \u82b1\u8449\u8482|16/100\n|-damage|p1b: \u84cb\u6b50\u5361|0 fnt\n|faint|p1b: \u84cb\u6b50\u5361\n|move|p1a: \u82b1\u8449\u8482|Dazzling Gleam|p2b: Garchomp|[spread] p2a,p2b\n|-supereffective|p2b: Garchomp|1\n|-damage|p2a: Rotom|57/100\n|-damage|p2b: Garchomp|29/100\n|\n|-weather|RainDance|[upkeep]\n|upkeep\n|\n|t:|1776420339\n|switch|p1b: \u65b0\u8449\u8c93|Incineroar, L50, M, shiny|100/100\n|-ability|p1b: \u65b0\u8449\u8c93|Intimidate|boost\n|-unboost|p2a: Rotom|atk|1\n|-unboost|p2b: Garchomp|atk|1\n|-enditem|p2b: Garchomp|White Herb\n|-clearnegativeboost|p2b: Garchomp|[silent]\n|turn|2\n|\n|t:|1776420382\n|move|p1a: \u82b1\u8449\u8482|Protect|p1a: \u82b1\u8449\u8482\n|-singleturn|p1a: \u82b1\u8449\u8482|Protect\n|move|p2a: Rotom|Blizzard|p1b: \u65b0\u8449\u8c93|[spread] p1b\n|-activate|p1a: \u82b1\u8449\u8482|move: Protect\n|-resisted|p1b: \u65b0\u8449\u8c93|1\n|-damage|p1b: \u65b0\u8449\u8c93|86/100\n|move|p2b: Garchomp|Rock Slide|p1a: \u82b1\u8449\u8482|[spread] p1b\n|-activate|p1a: \u82b1\u8449\u8482|move: Protect\n|-supereffective|p1b: \u65b0\u8449\u8c93|1\n|-damage|p1b: \u65b0\u8449\u8c93|54/100\n|move|p1b: \u65b0\u8449\u8c93|Flare Blitz|p2a: Rotom\n|-supereffective|p2a: Rotom|1\n|-damage|p2a: Rotom|0 fnt\n|faint|p2a: Rotom\n|-damage|p1b: \u65b0\u8449\u8c93|42/100|[from] Recoil\n|-enditem|p1b: \u65b0\u8449\u8c93|Sitrus Berry|[eat]\n|-heal|p1b: \u65b0\u8449\u8c93|67/100|[from] item: Sitrus Berry\n|\n|-weather|RainDance|[upkeep]\n|upkeep\n|\n|t:|1776420395\n|switch|p2a: Incineroar|Incineroar, L50, M|100/100\n|-ability|p2a: Incineroar|Intimidate|boost\n|-unboost|p1a: \u82b1\u8449\u8482|atk|1\n|-unboost|p1b: \u65b0\u8449\u8c93|atk|1\n|turn|3\n|\n|t:|1776420415\n|switch|p1a: \u9583\u96fb\u9ce5|Archaludon, L50, M, shiny|100/100\n|move|p2a: Incineroar|Fake Out|p1a: \u9583\u96fb\u9ce5\n|-resisted|p1a: \u9583\u96fb\u9ce5|1\n|-damage|p1a: \u9583\u96fb\u9ce5|95/100\n|-ability|p1a: \u9583\u96fb\u9ce5|Stamina|boost\n|-boost|p1a: \u9583\u96fb\u9ce5|def|1\n|move|p2b: Garchomp|Rock Slide|p1a: \u9583\u96fb\u9ce5|[spread] p1a,p1b\n|-resisted|p1a: \u9583\u96fb\u9ce5|1\n|-supereffective|p1b: \u65b0\u8449\u8c93|1\n|-damage|p1a: \u9583\u96fb\u9ce5|90/100\n|-damage|p1b: \u65b0\u8449\u8c93|32/100\n|-ability|p1a: \u9583\u96fb\u9ce5|Stamina|boost\n|-boost|p1a: \u9583\u96fb\u9ce5|def|1\n|move|p1b: \u65b0\u8449\u8c93|Parting Shot|p2b: Garchomp\n|-unboost|p2b: Garchomp|atk|1\n|-unboost|p2b: Garchomp|spa|1\n|\n|t:|1776420430\n|switch|p1b: \u82b1\u8449\u8482|Meganium-Mega, L50, F, shiny|16/100|[from] Parting Shot\n|\n|-weather|RainDance|[upkeep]\n|-heal|p1a: \u9583\u96fb\u9ce5|96/100|[from] item: Leftovers\n|upkeep\n|turn|4\n|\n|t:|1776420447\n|move|p1b: \u82b1\u8449\u8482|Protect|p1b: \u82b1\u8449\u8482\n|-singleturn|p1b: \u82b1\u8449\u8482|Protect\n|move|p2b: Garchomp|Earthquake|p1b: \u82b1\u8449\u8482|[spread] p2a,p1a\n|-activate|p1b: \u82b1\u8449\u8482|move: Protect\n|-supereffective|p2a: Incineroar|1\n|-supereffective|p1a: \u9583\u96fb\u9ce5|1\n|-damage|p2a: Incineroar|55/100\n|-damage|p1a: \u9583\u96fb\u9ce5|74/100\n|-ability|p1a: \u9583\u96fb\u9ce5|Stamina|boost\n|-boost|p1a: \u9583\u96fb\u9ce5|def|1\n|move|p1a: \u9583\u96fb\u9ce5|Electro Shot||[still]\n|-prepare|p1a: \u9583\u96fb\u9ce5|Electro Shot\n|-boost|p1a: \u9583\u96fb\u9ce5|spa|1\n|-anim|p1a: \u9583\u96fb\u9ce5|Electro Shot|p2a: Incineroar\n|-damage|p2a: Incineroar|0 fnt\n|faint|p2a: Incineroar\n|\n|-weather|RainDance|[upkeep]\n|-heal|p1a: \u9583\u96fb\u9ce5|80/100|[from] item: Leftovers\n|upkeep\n|\n|t:|1776420461\n|switch|p2a: Froslass|Froslass, L50, F|100/100\n|turn|5\n|\n|t:|1776420478\n|detailschange|p2a: Froslass|Froslass-Mega, L50, F\n|-mega|p2a: Froslass|Froslass|Froslassite\n|-weather|Snowscape|[from] ability: Snow Warning|[of] p2a: Froslass\n|move|p2b: Garchomp|Protect|p2b: Garchomp\n|-singleturn|p2b: Garchomp|Protect\n|move|p2a: Froslass|Blizzard|p1b: \u82b1\u8449\u8482|[spread] p1a,p1b\n|-supereffective|p1b: \u82b1\u8449\u8482|1\n|-damage|p1a: \u9583\u96fb\u9ce5|15/100\n|-damage|p1b: \u82b1\u8449\u8482|0 fnt\n|-ability|p1a: \u9583\u96fb\u9ce5|Stamina|boost\n|-boost|p1a: \u9583\u96fb\u9ce5|def|1\n|faint|p1b: \u82b1\u8449\u8482\n|move|p1a: \u9583\u96fb\u9ce5|Electro Shot||[still]\n|-prepare|p1a: \u9583\u96fb\u9ce5|Electro Shot\n|-boost|p1a: \u9583\u96fb\u9ce5|spa|1\n|\n|-weather|Snowscape|[upkeep]\n|-heal|p1a: \u9583\u96fb\u9ce5|21/100|[from] item: Leftovers\n|upkeep\n|\n|t:|1776420483\n|switch|p1b: \u65b0\u8449\u8c93|Incineroar, L50, M, shiny|32/100\n|-ability|p1b: \u65b0\u8449\u8c93|Intimidate|boost\n|-unboost|p2a: Froslass|atk|1\n|-unboost|p2b: Garchomp|atk|1\n|turn|6\n|\n|t:|1776420502\n|move|p1b: \u65b0\u8449\u8c93|Fake Out|p2b: Garchomp\n|-damage|p2b: Garchomp|17/100\n|-damage|p1b: \u65b0\u8449\u8c93|20/100|[from] ability: Rough Skin|[of] p2b: Garchomp\n|move|p2a: Froslass|Blizzard|p1b: \u65b0\u8449\u8c93|[spread] p1a,p1b\n|-resisted|p1b: \u65b0\u8449\u8c93|1\n|-crit|p1b: \u65b0\u8449\u8c93\n|-damage|p1a: \u9583\u96fb\u9ce5|0 fnt\n|-damage|p1b: \u65b0\u8449\u8c93|0 fnt\n|faint|p1a: \u9583\u96fb\u9ce5\n|faint|p1b: \u65b0\u8449\u8c93\n|\n|win|Novemver\n|raw|tung0616's rating: 1169 &rarr; <strong>1148</strong><br />(-21 for losing)\n|raw|Novemver's rating: 1228 &rarr; <strong>1249</strong><br />(+21 for winning)\n|c|\u2606Novemver|gg nice nicknames\n|l|\u2606tung0616\n|player|p1|\n",
  "uploadtime": 1776420516,
  "views": 25,
  "formatid": "gen9championsvgc2026regma",
  "rating": 1148,
  "private": 0,
  "password": null
}