{
  "id": "gen9championsvgc2026regma-2587743849",
  "format": "[Gen 9 Champions] VGC 2026 Reg M-A",
  "players": [
    "PYS_Max2",
    "KDB007"
  ],
  "log": "|j|\u2606PYS_Max2\n|j|\u2606KDB007\n|t:|1776559595\n|gametype|doubles\n|player|p1|PYS_Max2|clay|1449\n|player|p2|KDB007|266|1540\n|gen|9\n|tier|[Gen 9 Champions] VGC 2026 Reg M-A\n|rated|\n|rule|Species Clause: Limit one of each Pok\u00e9mon\n|rule|Item Clause: Limit 1 of each item\n|clearpoke\n|poke|p1|Tyranitar, L50, M|\n|poke|p1|Excadrill, L50, F|\n|poke|p1|Delphox, L50, M|\n|poke|p1|Floette-Eternal, L50, F|\n|poke|p1|Gyarados, L50, F|\n|poke|p1|Sneasler, L50, M|\n|poke|p2|Delphox, L50, M|\n|poke|p2|Basculegion, L50, M|\n|poke|p2|Maushold-Four, L50|\n|poke|p2|Garchomp, L50, M|\n|poke|p2|Kingambit, L50, M|\n|poke|p2|Floette-Eternal, L50, F|\n|teampreview|4\n|\n|t:|1776559642\n|teamsize|p1|4\n|teamsize|p2|4\n|start\n|switch|p1a: Excadrill|Excadrill, L50, F|100/100\n|switch|p1b: Gyarados|Gyarados, L50, F|100/100\n|switch|p2a: Maushold|Maushold-Four, L50|100/100\n|switch|p2b: Floette|Floette-Eternal, L50, F|100/100\n|-ability|p1b: Gyarados|Intimidate|boost\n|-unboost|p2a: Maushold|atk|1\n|-unboost|p2b: Floette|atk|1\n|turn|1\n|\n|t:|1776559668\n|move|p2b: Floette|Protect|p2b: Floette\n|-singleturn|p2b: Floette|Protect\n|move|p2a: Maushold|Super Fang|p1a: Excadrill|[miss]\n|-miss|p2a: Maushold|p1a: Excadrill\n|move|p1a: Excadrill|Earthquake|p2a: Maushold|[spread] p2a\n|-activate|p2b: Floette|move: Protect\n|-immune|p1b: Gyarados\n|-damage|p2a: Maushold|47/100\n|move|p1b: Gyarados|Taunt|p2a: Maushold\n|-start|p2a: Maushold|move: Taunt\n|\n|upkeep\n|turn|2\n|\n|t:|1776559684\n|switch|p1b: Tyranitar|Tyranitar, L50, M|100/100\n|-weather|Sandstorm|[from] ability: Sand Stream|[of] p1b: Tyranitar\n|detailschange|p2b: Floette|Floette-Mega, L50, F\n|-mega|p2b: Floette|Floette|Floettite\n|-ability|p2b: Floette|Fairy Aura\n|move|p1a: Excadrill|Iron Head|p2b: Floette\n|-supereffective|p2b: Floette|1\n|-damage|p2b: Floette|19/100\n|move|p2a: Maushold|Super Fang|p1a: Excadrill\n|-damage|p1a: Excadrill|51/100\n|move|p2b: Floette|Calm Mind|p2b: Floette\n|-boost|p2b: Floette|spa|1\n|-boost|p2b: Floette|spd|1\n|\n|-weather|Sandstorm|[upkeep]\n|-damage|p2a: Maushold|41/100|[from] Sandstorm\n|-damage|p2b: Floette|13/100|[from] Sandstorm\n|upkeep\n|turn|3\n|\n|t:|1776559701\n|switch|p1b: Gyarados|Gyarados, L50, F|100/100\n|-ability|p1b: Gyarados|Intimidate|boost\n|-unboost|p2a: Maushold|atk|1\n|-unboost|p2b: Floette|atk|1\n|switch|p2a: Basculegion|Basculegion, L50, M|100/100\n|move|p2b: Floette|Protect|p2b: Floette\n|-singleturn|p2b: Floette|Protect\n|move|p1a: Excadrill|Earthquake|p2a: Basculegion|[spread] p2a\n|-activate|p2b: Floette|move: Protect\n|-immune|p1b: Gyarados\n|-damage|p2a: Basculegion|46/100\n|\n|-weather|Sandstorm|[upkeep]\n|-damage|p2b: Floette|7/100|[from] Sandstorm\n|-damage|p2a: Basculegion|40/100|[from] Sandstorm\n|-damage|p1b: Gyarados|95/100|[from] Sandstorm\n|-heal|p1b: Gyarados|100/100|[from] item: Leftovers\n|upkeep\n|turn|4\n|\n|t:|1776559747\n|move|p1b: Gyarados|Protect|p1b: Gyarados\n|-singleturn|p1b: Gyarados|Protect\n|move|p2a: Basculegion|Aqua Jet|p1a: Excadrill\n|-supereffective|p1a: Excadrill|1\n|-damage|p1a: Excadrill|0 fnt\n|faint|p1a: Excadrill\n|move|p2b: Floette|Moonblast|p1b: Gyarados\n|-activate|p1b: Gyarados|move: Protect\n|\n|-weather|Sandstorm|[upkeep]\n|-damage|p2b: Floette|2/100|[from] Sandstorm\n|-damage|p2a: Basculegion|34/100|[from] Sandstorm\n|-damage|p1b: Gyarados|95/100|[from] Sandstorm\n|-heal|p1b: Gyarados|100/100|[from] item: Leftovers\n|upkeep\n|\n|t:|1776559758\n|switch|p1a: Delphox|Delphox, L50, M|100/100\n|turn|5\n|\n|t:|1776559766\n|detailschange|p1a: Delphox|Delphox-Mega, L50, M\n|-mega|p1a: Delphox|Delphox|Delphoxite\n|move|p2a: Basculegion|Aqua Jet|p1a: Delphox\n|-supereffective|p1a: Delphox|1\n|-damage|p1a: Delphox|8/100\n|move|p1a: Delphox|Heat Wave|p2a: Basculegion|[spread] p2a,p2b\n|-resisted|p2a: Basculegion|1\n|-damage|p2a: Basculegion|7/100\n|-damage|p2b: Floette|0 fnt\n|faint|p2b: Floette\n|move|p1b: Gyarados|Waterfall|p2a: Basculegion\n|-resisted|p2a: Basculegion|1\n|-damage|p2a: Basculegion|0 fnt\n|faint|p2a: Basculegion\n|\n|-weather|Sandstorm|[upkeep]\n|-damage|p1a: Delphox|2/100|[from] Sandstorm\n|-damage|p1b: Gyarados|95/100|[from] Sandstorm\n|-heal|p1b: Gyarados|100/100|[from] item: Leftovers\n|upkeep\n|\n|t:|1776559774\n|switch|p2b: Maushold|Maushold-Four, L50|41/100\n|switch|p2a: Kingambit|Kingambit, L50, M|100/100\n|turn|6\n|\n|t:|1776559785\n|switch|p1a: Tyranitar|Tyranitar, L50, M|100/100\n|move|p2b: Maushold|Feint|p1a: Tyranitar\n|-resisted|p1a: Tyranitar|1\n|-damage|p1a: Tyranitar|97/100\n|move|p1b: Gyarados|Waterfall|p2b: Maushold\n|-damage|p2b: Maushold|0 fnt\n|faint|p2b: Maushold\n|move|p2a: Kingambit|Kowtow Cleave|p1b: Gyarados\n|-damage|p1b: Gyarados|53/100\n|\n|-weather|none\n|-heal|p1b: Gyarados|59/100|[from] item: Leftovers\n|upkeep\n|turn|7\n|\n|t:|1776559816\n|move|p1a: Tyranitar|Knock Off|p2a: Kingambit\n|-resisted|p2a: Kingambit|1\n|-crit|p2a: Kingambit\n|-damage|p2a: Kingambit|74/100\n|-enditem|p2a: Kingambit|Black Glasses|[from] move: Knock Off|[of] p1a: Tyranitar\n|move|p1b: Gyarados|Waterfall|p2a: Kingambit\n|-damage|p2a: Kingambit|50/100\n|move|p2a: Kingambit|Iron Head|p1a: Tyranitar\n|-supereffective|p1a: Tyranitar|1\n|-damage|p1a: Tyranitar|10/100\n|\n|-heal|p1b: Gyarados|65/100|[from] item: Leftovers\n|upkeep\n|turn|8\n|\n|t:|1776559839\n|move|p2a: Kingambit|Sucker Punch|p1a: Tyranitar\n|-resisted|p1a: Tyranitar|1\n|-damage|p1a: Tyranitar|0 fnt\n|faint|p1a: Tyranitar\n|move|p1b: Gyarados|Taunt|p2a: Kingambit\n|-start|p2a: Kingambit|move: Taunt\n|\n|-heal|p1b: Gyarados|71/100|[from] item: Leftovers\n|upkeep\n|\n|t:|1776559845\n|switch|p1a: Delphox|Delphox-Mega, L50, M|2/100\n|turn|9\n|\n|t:|1776559851\n|move|p1a: Delphox|Will-O-Wisp|p2a: Kingambit\n|-status|p2a: Kingambit|brn\n|move|p1b: Gyarados|Waterfall|p2a: Kingambit\n|-damage|p2a: Kingambit|24/100 brn\n|cant|p2a: Kingambit|flinch\n|\n|-heal|p1b: Gyarados|77/100|[from] item: Leftovers\n|-damage|p2a: Kingambit|18/100 brn|[from] brn\n|upkeep\n|turn|10\n|-message|KDB007 forfeited.\n|\n|win|PYS_Max2\n|raw|PYS_Max2's rating: 1449 &rarr; <strong>1474</strong><br />(+25 for winning)\n|raw|KDB007's rating: 1540 &rarr; <strong>1515</strong><br />(-25 for losing)\n|l|\u2606KDB007\n|player|p2|\n|l|\u2606PYS_Max2\n|player|p1|\n",
  "uploadtime": 1776559899,
  "views": 20,
  "formatid": "gen9championsvgc2026regma",
  "rating": 1474,
  "private": 0,
  "password": null
}