{
  "id": "gen9championsvgc2026regma-2586569401",
  "format": "[Gen 9 Champions] VGC 2026 Reg M-A",
  "players": [
    "Vende Crocs",
    "capacete5"
  ],
  "log": "|j|\u2606Vende Crocs\n|j|\u2606capacete5\n|t:|1776443685\n|gametype|doubles\n|player|p1|Vende Crocs|101|\n|player|p2|capacete5|byron|\n|gen|9\n|tier|[Gen 9 Champions] VGC 2026 Reg M-A\n|rule|Species Clause: Limit one of each Pok\u00e9mon\n|rule|Item Clause: Limit 1 of each item\n|clearpoke\n|poke|p1|Pelipper, L50, M|\n|poke|p1|Gallade, L50, M|\n|poke|p1|Gengar, L50, M|\n|poke|p1|Incineroar, L50, M|\n|poke|p1|Archaludon, L50, M|\n|poke|p1|Sylveon, L50, F|\n|poke|p2|Charizard, L50, M|\n|poke|p2|Venusaur, L50, F|\n|poke|p2|Garchomp, L50, F|\n|poke|p2|Rotom-Wash, L50|\n|poke|p2|Sneasler, L50, F|\n|poke|p2|Incineroar, L50, F|\n|teampreview|4\n|inactive|Battle timer is ON: inactive players will automatically lose when time's up. (requested by capacete5)\n|inactive|capacete5 has 60 seconds left.\n|inactive|capacete5 has 30 seconds left.\ncapacete5 has agreed to open team sheets.\n|inactive|capacete5 has 20 seconds left.\nVende Crocs has agreed to open team sheets.\n|showteam|p1|Pelipper||FocusSash|Drizzle|WideGuard,Tailwind,WeatherBall,Hurricane|||M|||50|]Gallade||Galladite|Sharpness|PsychoCut,SacredSword,Protect,LeafBlade|||M|||50|]Gengar||Gengarite|CursedBody|ShadowBall,Protect,IcyWind,SludgeBomb|||M|||50|]Incineroar||Charcoal|Intimidate|FakeOut,PartingShot,FlareBlitz,ThroatChop|||M|||50|]Archaludon||Leftovers|Stamina|ElectroShot,BodySlam,FlashCannon,DragonPulse|||M|||50|]Sylveon||SitrusBerry|Pixilate|HyperVoice,Protect,MysticalFire,HelpingHand|||F|||50|\n|showteam|p2|Charizard||CharizarditeY|SolarPower|HeatWave,SolarBeam,WeatherBall,Protect|||M|||50|]Venusaur||FocusSash|Chlorophyll|LeafStorm,SludgeBomb,SleepPowder,Protect|||F|||50|]Garchomp||ChoiceScarf|RoughSkin|Earthquake,Bulldoze,DragonClaw,RockSlide|||F|||50|]Rotom-Wash||Leftovers|Levitate|WillOWisp,Thunderbolt,HydroPump,Protect||||||50|]Sneasler||WhiteHerb|Unburden|FakeOut,CloseCombat,RockTomb,DireClaw|||F|||50|]Incineroar||SitrusBerry|Intimidate|FakeOut,FlareBlitz,PartingShot,DarkestLariat|||F|||50|\n|inactive|capacete5 has 15 seconds left.\n|inactive|capacete5 has 10 seconds left.\n|\n|t:|1776443793\n|teamsize|p1|4\n|teamsize|p2|4\n|start\n|switch|p1a: Gallade|Gallade, L50, M|100/100\n|switch|p1b: Sylveon|Sylveon, L50, F|100/100\n|switch|p2a: Charizard|Charizard, L50, M|100/100\n|switch|p2b: Garchomp|Garchomp, L50, F|100/100\n|turn|1\n|inactive|Vende Crocs has 30 seconds left.\n|inactive|capacete5 has 30 seconds left.\n|inactive|Vende Crocs has 20 seconds left.\n|inactive|capacete5 has 20 seconds left.\n|inactive|Vende Crocs has 15 seconds left.\n|inactive|capacete5 has 15 seconds left.\n|inactive|Vende Crocs has 10 seconds left.\n|\n|t:|1776443859\n|switch|p1a: Pelipper|Pelipper, L50, M|100/100\n|-weather|RainDance|[from] ability: Drizzle|[of] p1a: Pelipper\n|detailschange|p2a: Charizard|Charizard-Mega-Y, L50, M\n|-mega|p2a: Charizard|Charizard|Charizardite Y\n|-weather|SunnyDay|[from] ability: Drought|[of] p2a: Charizard\n|move|p2b: Garchomp|Earthquake|p1b: Sylveon|[spread] p1b\n|-immune|p2a: Charizard\n|-immune|p1a: Pelipper\n|-damage|p1b: Sylveon|47/100\n|-enditem|p1b: Sylveon|Sitrus Berry|[eat]\n|-heal|p1b: Sylveon|72/100|[from] item: Sitrus Berry\n|move|p2a: Charizard|Heat Wave|p1b: Sylveon|[spread] p1a,p1b\n|-resisted|p1a: Pelipper|1\n|-damage|p1a: Pelipper|46/100\n|-damage|p1b: Sylveon|30/100\n|move|p1b: Sylveon|Hyper Voice|p2b: Garchomp|[spread] p2a,p2b\n|-resisted|p2a: Charizard|1\n|-supereffective|p2b: Garchomp|1\n|-damage|p2a: Charizard|80/100\n|-damage|p2b: Garchomp|15/100\n|\n|-weather|SunnyDay|[upkeep]\n|upkeep\n|turn|2\n|inactive|Vende Crocs has 30 seconds left.\n|inactive|capacete5 has 30 seconds left.\n|inactive|Vende Crocs has 20 seconds left.\n|inactive|capacete5 has 20 seconds left.\n|inactive|Vende Crocs has 15 seconds left.\n|inactive|capacete5 has 15 seconds left.\n|\n|t:|1776443906\n|switch|p2b: Rotom|Rotom-Wash, L50|100/100\n|switch|p1a: Incineroar|Incineroar, L50, M, shiny|100/100\n|-ability|p1a: Incineroar|Intimidate|boost\n|-unboost|p2a: Charizard|atk|1\n|-unboost|p2b: Rotom|atk|1\n|move|p1b: Sylveon|Protect|p1b: Sylveon\n|-singleturn|p1b: Sylveon|Protect\n|move|p2a: Charizard|Heat Wave|p1b: Sylveon|[spread] p1a\n|-activate|p1b: Sylveon|move: Protect\n|-resisted|p1a: Incineroar|1\n|-damage|p1a: Incineroar|68/100\n|\n|-weather|SunnyDay|[upkeep]\n|upkeep\n|turn|3\n|inactive|capacete5 has 30 seconds left.\n|inactive|capacete5 has 20 seconds left.\n|\n|t:|1776443948\n|move|p2a: Charizard|Protect|p2a: Charizard\n|-singleturn|p2a: Charizard|Protect\n|move|p1a: Incineroar|Fake Out|p2a: Charizard\n|-activate|p2a: Charizard|move: Protect\n|move|p2b: Rotom|Hydro Pump|p1a: Incineroar\n|-supereffective|p1a: Incineroar|1\n|-damage|p1a: Incineroar|32/100\n|move|p1b: Sylveon|Hyper Voice|p2a: Charizard|[spread] p2b\n|-activate|p2a: Charizard|move: Protect\n|-damage|p2b: Rotom|58/100\n|\n|-weather|SunnyDay|[upkeep]\n|-heal|p2b: Rotom|64/100|[from] item: Leftovers\n|upkeep\n|turn|4\n|inactive|capacete5 has 30 seconds left.\n|\n|t:|1776443975\n|switch|p1a: Pelipper|Pelipper, L50, M|46/100\n|-weather|RainDance|[from] ability: Drizzle|[of] p1a: Pelipper\n|move|p1b: Sylveon|Protect|p1b: Sylveon\n|-singleturn|p1b: Sylveon|Protect\n|move|p2a: Charizard|Heat Wave|p1a: Pelipper|[spread] p1a\n|-activate|p1b: Sylveon|move: Protect\n|-resisted|p1a: Pelipper|1\n|-damage|p1a: Pelipper|27/100\n|move|p2b: Rotom|Hydro Pump|p1a: Pelipper|[miss]\n|-miss|p2b: Rotom|p1a: Pelipper\n|\n|-weather|RainDance|[upkeep]\n|-heal|p2b: Rotom|70/100|[from] item: Leftovers\n|upkeep\n|turn|5\n|\n|t:|1776443995\n|switch|p2a: Garchomp|Garchomp, L50, F|15/100\n|move|p2b: Rotom|Thunderbolt|p1a: Pelipper\n|-supereffective|p1a: Pelipper|2\n|-damage|p1a: Pelipper|0 fnt\n|faint|p1a: Pelipper\n|move|p1b: Sylveon|Hyper Voice|p2a: Garchomp|[spread] p2a,p2b\n|-supereffective|p2a: Garchomp|1\n|-damage|p2a: Garchomp|0 fnt\n|-damage|p2b: Rotom|34/100\n|faint|p2a: Garchomp\n|\n|-weather|RainDance|[upkeep]\n|-heal|p2b: Rotom|39/100|[from] item: Leftovers\n|upkeep\n|\n|t:|1776444014\n|switch|p2a: Sneasler|Sneasler, L50, F|100/100\n|switch|p1a: Gallade|Gallade, L50, M|100/100\n|turn|6\n|\n|t:|1776444030\n|detailschange|p1a: Gallade|Gallade-Mega, L50, M\n|-mega|p1a: Gallade|Gallade|Galladite\n|move|p1b: Sylveon|Protect|p1b: Sylveon\n|-singleturn|p1b: Sylveon|Protect\n|move|p2a: Sneasler|Fake Out|p1a: Gallade\n|-damage|p1a: Gallade|84/100\n|move|p1a: Gallade|Leaf Blade|p2b: Rotom\n|-supereffective|p2b: Rotom|1\n|-damage|p2b: Rotom|0 fnt\n|faint|p2b: Rotom\n|\n|-weather|RainDance|[upkeep]\n|upkeep\n|\n|t:|1776444050\n|switch|p2b: Charizard|Charizard-Mega-Y, L50, M|80/100\n|-weather|SunnyDay|[from] ability: Drought|[of] p2b: Charizard\n|turn|7\n|\n|t:|1776444070\n|switch|p1b: Incineroar|Incineroar, L50, M, shiny|32/100\n|-ability|p1b: Incineroar|Intimidate|boost\n|-unboost|p2a: Sneasler|atk|1\n|-unboost|p2b: Charizard|atk|1\n|-enditem|p2a: Sneasler|White Herb\n|-clearnegativeboost|p2a: Sneasler|[silent]\n|move|p2a: Sneasler|Dire Claw|p1a: Gallade\n|-damage|p1a: Gallade|33/100\n|move|p2b: Charizard|Heat Wave|p1a: Gallade|[spread] p1a,p1b\n|-resisted|p1b: Incineroar|1\n|-damage|p1a: Gallade|0 fnt\n|-damage|p1b: Incineroar|0 fnt\n|faint|p1a: Gallade\n|faint|p1b: Incineroar\n|\n|-weather|SunnyDay|[upkeep]\n|upkeep\n|\n|t:|1776444083\n|switch|p1a: Sylveon|Sylveon, L50, F|30/100\n|turn|8\n|\n|t:|1776444087\n|move|p2a: Sneasler|Dire Claw|p1a: Sylveon\n|-supereffective|p1a: Sylveon|1\n|-damage|p1a: Sylveon|0 fnt\n|faint|p1a: Sylveon\n|\n|win|capacete5\n",
  "uploadtime": 1776444088,
  "views": 20,
  "formatid": "gen9championsvgc2026regma",
  "rating": null,
  "private": 0,
  "password": null
}