{
  "id": "gen9championsvgc2026regma-2581005858",
  "format": "[Gen 9 Champions] VGC 2026 Reg M-A",
  "players": [
    "aloevm",
    "CowboyMini"
  ],
  "log": "|j|\u2606aloevm\n|j|\u2606CowboyMini\n|html|<table width=\"100%\"><tr><td align=\"left\">aloevm</td><td align=\"right\">CowboyMini</tr><tr><td align=\"left\"><i class=\"fa fa-circle-o\"></i> <i class=\"fa fa-circle-o\"></i> </td><td align=\"right\"><i class=\"fa fa-circle-o\"></i> <i class=\"fa fa-circle-o\"></i> </tr></table>\n|uhtml|bestof|<h2><strong>Game 1</strong> of <a href=\"/game-bestof3-gen9championsvgc2026regma-2581005857\">a best-of-3</a></h2>\n|t:|1775951013\n|gametype|doubles\n|player|p1|aloevm|101|\n|player|p2|CowboyMini|idol|\n|gen|9\n|tier|[Gen 9 Champions] VGC 2026 Reg M-A\n|rule|Species Clause: Limit one of each Pok\u00e9mon\n|rule|Item Clause: Limit 1 of each item\n|raw|<div class=\"infobox\"><details class=\"readmore\" open><summary><strong>1 custom rule:</strong></summary> Best of = 3</details></div>\n|clearpoke\n|poke|p1|Incineroar, L50, F|\n|poke|p1|Gengar, L50, M|\n|poke|p1|Sinistcha, L50|\n|poke|p1|Kingambit, L50, F|\n|poke|p1|Tyranitar, L50, M|\n|poke|p1|Kommo-o, L50, M|\n|poke|p2|Kangaskhan, L50, F|\n|poke|p2|Sinistcha, L50|\n|poke|p2|Garchomp, L50, F|\n|poke|p2|Rotom-Wash, L50|\n|poke|p2|Lucario, L50, M|\n|poke|p2|Incineroar, L50, M|\n|teampreview|4\n|\n|t:|1775951044\n|teamsize|p1|4\n|teamsize|p2|4\n|start\n|switch|p1a: Gengar|Gengar, L50, M|100/100\n|switch|p1b: Incineroar|Incineroar, L50, F|100/100\n|switch|p2a: Big Chomp|Garchomp, L50, F|100/100\n|switch|p2b: Rotom-EVIL|Rotom-Wash, L50, shiny|100/100\n|-ability|p1b: Incineroar|Intimidate|boost\n|-unboost|p2a: Big Chomp|atk|1\n|-unboost|p2b: Rotom-EVIL|atk|1\n|-enditem|p2a: Big Chomp|White Herb\n|-clearnegativeboost|p2a: Big Chomp|[silent]\n|turn|1\n|\n|t:|1775951062\n|detailschange|p1a: Gengar|Gengar-Mega, L50, M\n|-mega|p1a: Gengar|Gengar|Gengarite\n|move|p1b: Incineroar|Fake Out|p2a: Big Chomp\n|-damage|p2a: Big Chomp|89/100\n|-damage|p1b: Incineroar|88/100|[from] ability: Rough Skin|[of] p2a: Big Chomp\n|move|p2b: Rotom-EVIL|Trick||[still]\n|-fail|p2b: Rotom-EVIL\n|move|p1a: Gengar|Perish Song|p1a: Gengar\n|-start|p1a: Gengar|perish3|[silent]\n|-start|p1b: Incineroar|perish3|[silent]\n|-start|p2a: Big Chomp|perish3|[silent]\n|-start|p2b: Rotom-EVIL|perish3|[silent]\n|-fieldactivate|move: Perish Song\n|cant|p2a: Big Chomp|flinch\n|\n|-start|p2b: Rotom-EVIL|perish3\n|-start|p1a: Gengar|perish3\n|-start|p2a: Big Chomp|perish3\n|-start|p1b: Incineroar|perish3\n|upkeep\n|turn|2\n|c|\u2606aloevm|did you trick gengar or incin? i'm curious\n|\n|t:|1775951093\n|move|p1a: Gengar|Protect|p1a: Gengar\n|-singleturn|p1a: Gengar|Protect\n|move|p1b: Incineroar|Protect|p1b: Incineroar\n|-singleturn|p1b: Incineroar|Protect\n|move|p2b: Rotom-EVIL|Trick|p1b: Incineroar\n|-activate|p1b: Incineroar|move: Protect\n|move|p2a: Big Chomp|Earthquake|p1a: Gengar|[spread] \n|-activate|p1a: Gengar|move: Protect\n|-activate|p1b: Incineroar|move: Protect\n|-immune|p2b: Rotom-EVIL|[from] ability: Levitate\n|\n|-start|p2b: Rotom-EVIL|perish2\n|-start|p1a: Gengar|perish2\n|-start|p2a: Big Chomp|perish2\n|-start|p1b: Incineroar|perish2\n|upkeep\n|turn|3\n|c|\u2606CowboyMini|gengar\n|c|\u2606CowboyMini|i totally forgot LOL\n|\n|t:|1775951119\n|switch|p1a: Sinistcha|Sinistcha, L50|100/100\n|-heal|p1b: Incineroar|100/100|[from] ability: Hospitality|[of] p1a: Sinistcha\n|move|p2b: Rotom-EVIL|Trick|p1b: Incineroar\n|-activate|p2b: Rotom-EVIL|move: Trick|[of] p1b: Incineroar\n|-item|p1b: Incineroar|Choice Scarf|[from] move: Trick\n|-item|p2b: Rotom-EVIL|Shuca Berry|[from] move: Trick\n|move|p2a: Big Chomp|Rock Slide|p1a: Sinistcha|[spread] p1a,p1b\n|-supereffective|p1b: Incineroar|1\n|-damage|p1a: Sinistcha|81/100\n|-damage|p1b: Incineroar|63/100\n|move|p1b: Incineroar|Parting Shot|p2b: Rotom-EVIL\n|-unboost|p2b: Rotom-EVIL|atk|1\n|-unboost|p2b: Rotom-EVIL|spa|1\n|\n|t:|1775951133\n|switch|p1b: Gengar|Gengar-Mega, L50, M|100/100|[from] Parting Shot\n|\n|-start|p2a: Big Chomp|perish1\n|-start|p2b: Rotom-EVIL|perish1\n|upkeep\n|turn|4\n|\n|t:|1775951145\n|move|p1b: Gengar|Protect|p1b: Gengar\n|-singleturn|p1b: Gengar|Protect\n|move|p1a: Sinistcha|Protect|p1a: Sinistcha\n|-singleturn|p1a: Sinistcha|Protect\n|move|p2a: Big Chomp|Earthquake|p1a: Sinistcha|[spread] \n|-activate|p1a: Sinistcha|move: Protect\n|-activate|p1b: Gengar|move: Protect\n|-immune|p2b: Rotom-EVIL|[from] ability: Levitate\n|move|p2b: Rotom-EVIL|Volt Switch|p1b: Gengar\n|-activate|p1b: Gengar|move: Protect\n|\n|-start|p2a: Big Chomp|perish0\n|-start|p2b: Rotom-EVIL|perish0\n|faint|p2a: Big Chomp\n|faint|p2b: Rotom-EVIL\n|upkeep\n|\n|t:|1775951160\n|switch|p2a: Innovation!!|Incineroar, L50, M|100/100\n|switch|p2b: Evil Matcha|Sinistcha, L50|100/100\n|-ability|p2a: Innovation!!|Intimidate|boost\n|-unboost|p1a: Sinistcha|atk|1\n|-unboost|p1b: Gengar|atk|1\n|turn|5\n|c|\u2606aloevm|no worries. i didn't know if i could be tricked because i was would've been locked into fake out\n|\n|t:|1775951184\n|move|p1a: Sinistcha|Rage Powder|p1a: Sinistcha\n|-singleturn|p1a: Sinistcha|move: Rage Powder\n|move|p1b: Gengar|Perish Song|p1b: Gengar\n|-start|p1a: Sinistcha|perish3|[silent]\n|-start|p1b: Gengar|perish3|[silent]\n|-start|p2a: Innovation!!|perish3|[silent]\n|-start|p2b: Evil Matcha|perish3|[silent]\n|-fieldactivate|move: Perish Song\n|move|p2a: Innovation!!|Flare Blitz|p1a: Sinistcha\n|-supereffective|p1a: Sinistcha|1\n|-damage|p1a: Sinistcha|0 fnt\n|faint|p1a: Sinistcha\n|-damage|p2a: Innovation!!|77/100|[from] Recoil\n|move|p2b: Evil Matcha|Matcha Gotcha|p1b: Gengar\n|-resisted|p1b: Gengar|1\n|-damage|p1b: Gengar|84/100\n|\n|-start|p1b: Gengar|perish3\n|-start|p2a: Innovation!!|perish3\n|-start|p2b: Evil Matcha|perish3\n|upkeep\n|\n|t:|1775951202\n|switch|p1a: Incineroar|Incineroar, L50, F|63/100\n|-ability|p1a: Incineroar|Intimidate|boost\n|-unboost|p2a: Innovation!!|atk|1\n|-unboost|p2b: Evil Matcha|atk|1\n|turn|6\n|c|\u2606CowboyMini|you wouldn't ahve been locked into fake out\n|c|\u2606CowboyMini|you would be able to tstill choose a move after\n|c|\u2606aloevm|oh that's right\n|\n|t:|1775951228\n|move|p1a: Incineroar|Fake Out|p2a: Innovation!!\n|-damage|p2a: Innovation!!|66/100\n|move|p1b: Gengar|Substitute|p1b: Gengar\n|-start|p1b: Gengar|Substitute\n|-damage|p1b: Gengar|60/100\n|cant|p2a: Innovation!!|flinch\n|move|p2b: Evil Matcha|Matcha Gotcha|p1b: Gengar|[spread] p1a,p1b\n|-resisted|p1b: Gengar|1\n|-activate|p1b: Gengar|move: Substitute|[damage]\n|-resisted|p1a: Incineroar|1\n|-damage|p1a: Incineroar|54/100\n|\n|-start|p1b: Gengar|perish2\n|-start|p2a: Innovation!!|perish2\n|-start|p2b: Evil Matcha|perish2\n|upkeep\n|turn|7\n|\n|t:|1775951245\n|switch|p1a: Tyranitar|Tyranitar, L50, M|100/100\n|-weather|Sandstorm|[from] ability: Sand Stream|[of] p1a: Tyranitar\n|move|p1b: Gengar|Shadow Ball|p2b: Evil Matcha\n|-supereffective|p2b: Evil Matcha|1\n|-damage|p2b: Evil Matcha|13/100\n|move|p2a: Innovation!!|Flare Blitz|p1b: Gengar\n|-end|p1b: Gengar|Substitute\n|-damage|p2a: Innovation!!|63/100|[from] Recoil|[of] p1b: Gengar\n|move|p2b: Evil Matcha|Matcha Gotcha|p1a: Tyranitar|[spread] p1a,p1b\n|-supereffective|p1a: Tyranitar|1\n|-resisted|p1b: Gengar|1\n|-damage|p1a: Tyranitar|65/100\n|-heal|p2b: Evil Matcha|30/100|[from] drain|[of] p1a: Tyranitar\n|-damage|p1b: Gengar|46/100\n|-heal|p2b: Evil Matcha|37/100|[from] drain|[of] p1b: Gengar\n|\n|-weather|Sandstorm|[upkeep]\n|-damage|p1b: Gengar|40/100|[from] Sandstorm\n|-damage|p2a: Innovation!!|57/100|[from] Sandstorm\n|-damage|p2b: Evil Matcha|31/100|[from] Sandstorm\n|-heal|p2b: Evil Matcha|37/100|[from] item: Leftovers\n|-start|p1b: Gengar|perish1\n|-start|p2a: Innovation!!|perish1\n|-start|p2b: Evil Matcha|perish1\n|upkeep\n|turn|8\n|c|\u2606CowboyMini|I would ff\n|c|\u2606CowboyMini|but take ur perish trap win\n|c|\u2606CowboyMini|it's awesome\n|\n|t:|1775951272\n|move|p1b: Gengar|Shadow Ball|p2b: Evil Matcha\n|-supereffective|p2b: Evil Matcha|1\n|-damage|p2b: Evil Matcha|0 fnt\n|faint|p2b: Evil Matcha\n|move|p1a: Tyranitar|Rock Slide|p2a: Innovation!!\n|-supereffective|p2a: Innovation!!|1\n|-damage|p2a: Innovation!!|0 fnt\n|faint|p2a: Innovation!!\n|\n|win|aloevm\n||CowboyMini is ready for game 2.\n|c|\u2606aloevm|thank you lol\n||aloevm is ready for game 2.\n|uhtml|next|Next: <a href=\"/battle-gen9championsvgc2026regma-2581008782\"><strong>Game 2 of 3</strong></a>\n",
  "uploadtime": 1775951586,
  "views": 13,
  "formatid": "gen9championsvgc2026regma",
  "rating": null,
  "private": 0,
  "password": null
}