{
  "id": "gen9championsvgc2026regma-2584090968",
  "format": "[Gen 9 Champions] VGC 2026 Reg M-A",
  "players": [
    "thejabbar",
    "Andiom123"
  ],
  "log": "|j|\u2606thejabbar\n|j|\u2606Andiom123\n|t:|1776224162\n|gametype|doubles\n|player|p1|thejabbar|169|1039\n|player|p2|Andiom123|169|1000\n|gen|9\n|tier|[Gen 9 Champions] VGC 2026 Reg M-A\n|rated|\n|rule|Species Clause: Limit one of each Pok\u00e9mon\n|rule|Item Clause: Limit 1 of each item\n|clearpoke\n|poke|p1|Drampa, L50, M|\n|poke|p1|Sinistcha, L50|\n|poke|p1|Klefki, L50, M|\n|poke|p1|Golurk, L50|\n|poke|p1|Runerigus, L50, F|\n|poke|p1|Kingambit, L50, F|\n|poke|p2|Charizard, L50, M|\n|poke|p2|Typhlosion-Hisui, L50, M|\n|poke|p2|Venusaur, L50, F|\n|poke|p2|Aerodactyl, L50, M|\n|poke|p2|Sneasler, L50, M|\n|poke|p2|Garchomp, L50, M|\n|teampreview|4\n|inactive|Battle timer is ON: inactive players will automatically lose when time's up. (requested by thejabbar)\n|inactive|Andiom123 has 60 seconds left.\n|inactive|Andiom123 has 30 seconds left.\n|\n|t:|1776224228\n|teamsize|p1|4\n|teamsize|p2|4\n|start\n|switch|p1a: Golurk|Golurk, L50|100/100\n|switch|p1b: Klefki|Klefki, L50, M|100/100\n|switch|p2a: Charizard|Charizard, L50, M|100/100\n|switch|p2b: Sneasler|Sneasler, L50, M|100/100\n|turn|1\n|inactive|thejabbar has 30 seconds left.\n|inactive|Andiom123 has 30 seconds left.\n|inactive|Andiom123 has 20 seconds left.\n|inactive|Andiom123 has 15 seconds left.\n|inactive|Andiom123 has 10 seconds left.\n|inactive|Andiom123 has 5 seconds left.\n|\n|t:|1776224278\n|detailschange|p2a: Charizard|Charizard-Mega-Y, L50, M\n|-mega|p2a: Charizard|Charizard|Charizardite Y\n|-weather|SunnyDay|[from] ability: Drought|[of] p2a: Charizard\n|detailschange|p1a: Golurk|Golurk-Mega, L50\n|-mega|p1a: Golurk|Golurk|Golurkite\n|move|p2b: Sneasler|Fake Out|p1b: Klefki\n|-resisted|p1b: Klefki|1\n|-damage|p1b: Klefki|91/100\n|move|p2a: Charizard|Heat Wave|p1a: Golurk|[spread] p1a,p1b\n|-supereffective|p1b: Klefki|1\n|-damage|p1a: Golurk|42/100\n|-damage|p1b: Klefki|0 fnt\n|-status|p1a: Golurk|brn\n|faint|p1b: Klefki\n|move|p1a: Golurk|Poltergeist|p2a: Charizard\n|-activate|p2a: Charizard|move: Poltergeist|Charizardite Y\n|-crit|p2a: Charizard\n|-damage|p2a: Charizard|38/100\n|\n|-weather|SunnyDay|[upkeep]\n|-damage|p1a: Golurk|36/100 brn|[from] brn\n|upkeep\n|\n|t:|1776224297\n|switch|p1b: Kingambit|Kingambit, L50, F|100/100\n|-activate|p1b: Kingambit|ability: Supreme Overlord\n|-start|p1b: Kingambit|fallen1|[silent]\n|turn|2\n|inactive|Andiom123 has 30 seconds left.\n|inactive|Andiom123 has 20 seconds left.\n|inactive|Andiom123 has 15 seconds left.\n|inactive|Andiom123 has 10 seconds left.\n|\n|t:|1776224345\n|switch|p1a: Runerigus|Runerigus, L50, F|100/100\n|move|p2a: Charizard|Protect|p2a: Charizard\n|-singleturn|p2a: Charizard|Protect\n|move|p1b: Kingambit|Sucker Punch||[still]\n|-fail|p1b: Kingambit\n|move|p2b: Sneasler|Close Combat|p1b: Kingambit\n|-supereffective|p1b: Kingambit|2\n|-enditem|p1b: Kingambit|Chople Berry|[eat]\n|-enditem|p1b: Kingambit|Chople Berry|[weaken]\n|-damage|p1b: Kingambit|1/100\n|-unboost|p2b: Sneasler|def|1\n|-unboost|p2b: Sneasler|spd|1\n|-enditem|p2b: Sneasler|White Herb\n|-clearnegativeboost|p2b: Sneasler|[silent]\n|\n|-weather|SunnyDay|[upkeep]\n|upkeep\n|turn|3\n|inactive|thejabbar has 30 seconds left.\n|inactive|Andiom123 has 30 seconds left.\n|inactive|Andiom123 has 20 seconds left.\n|-activate|p1a: Runerigus|item: Quick Claw\n|\n|t:|1776224383\n|-end|p1b: Kingambit|fallen1|[silent]\n|switch|p1b: Golurk|Golurk-Mega, L50|36/100 brn\n|move|p1a: Runerigus|Zen Headbutt|p2b: Sneasler|[miss]\n|-miss|p1a: Runerigus|p2b: Sneasler\n|move|p2b: Sneasler|Close Combat|p1b: Golurk\n|-immune|p1b: Golurk\n|move|p2a: Charizard|Heat Wave|p1a: Runerigus|[spread] p1a,p1b\n|-damage|p1a: Runerigus|35/100\n|-damage|p1b: Golurk|0 fnt\n|faint|p1b: Golurk\n|\n|-weather|SunnyDay|[upkeep]\n|upkeep\n|\n|t:|1776224399\n|switch|p1b: Kingambit|Kingambit, L50, F|1/100\n|-activate|p1b: Kingambit|ability: Supreme Overlord\n|-start|p1b: Kingambit|fallen2|[silent]\n|turn|4\n|inactive|Andiom123 has 30 seconds left.\n|\n|t:|1776224425\n|move|p1b: Kingambit|Sucker Punch|p2a: Charizard\n|-damage|p2a: Charizard|0 fnt\n|faint|p2a: Charizard\n|move|p2b: Sneasler|Close Combat|p1b: Kingambit\n|-supereffective|p1b: Kingambit|2\n|-damage|p1b: Kingambit|0 fnt\n|-unboost|p2b: Sneasler|def|1\n|-unboost|p2b: Sneasler|spd|1\n|faint|p1b: Kingambit\n|-end|p1b: Kingambit|fallen2|[silent]\n|move|p1a: Runerigus|Zen Headbutt|p2b: Sneasler\n|-supereffective|p2b: Sneasler|2\n|-crit|p2b: Sneasler\n|-damage|p2b: Sneasler|0 fnt\n|faint|p2b: Sneasler\n|\n|-weather|SunnyDay|[upkeep]\n|upkeep\n|\n|t:|1776224439\n|switch|p2b: Garchomp|Garchomp, L50, M|100/100\n|switch|p2a: Typhlosion|Typhlosion-Hisui, L50, M|100/100\n|-item|p1a: Runerigus|Quick Claw|[from] ability: Frisk|[of] p2a: Typhlosion\n|turn|5\n|\n|t:|1776224452\n|move|p2a: Typhlosion|Eruption|p1a: Runerigus\n|-damage|p1a: Runerigus|0 fnt\n|faint|p1a: Runerigus\n|\n|win|Andiom123\n|raw|thejabbar's rating: 1039 &rarr; <strong>1021</strong><br />(-18 for losing)\n|raw|Andiom123's rating: 1000 &rarr; <strong>1044</strong><br />(+44 for winning)\n|l|\u2606thejabbar\n|player|p1|\n",
  "uploadtime": 1776224461,
  "views": 17,
  "formatid": "gen9championsvgc2026regma",
  "rating": 1021,
  "private": 0,
  "password": null
}