{
  "id": "gen9championsvgc2026regma-2588876357",
  "format": "[Gen 9 Champions] VGC 2026 Reg M-A",
  "players": [
    "Ziik",
    "minhsuperfat"
  ],
  "log": "|j|\u2606Ziik\n|j|\u2606minhsuperfat\n|t:|1776681381\n|gametype|doubles\n|player|p1|Ziik|266|1140\n|player|p2|minhsuperfat|169|1069\n|gen|9\n|tier|[Gen 9 Champions] VGC 2026 Reg M-A\n|rated|\n|rule|Species Clause: Limit one of each Pok\u00e9mon\n|rule|Item Clause: Limit 1 of each item\n|clearpoke\n|poke|p1|Sinistcha, L50|\n|poke|p1|Rotom-Wash, L50|\n|poke|p1|Zoroark-Hisui, L50, M|\n|poke|p1|Incineroar, L50, F|\n|poke|p1|Farigiraf, L50, F|\n|poke|p1|Froslass, L50, F|\n|poke|p2|Garchomp, L50, M, shiny|\n|poke|p2|Sneasler, L50, M, shiny|\n|poke|p2|Gardevoir, L50, F, shiny|\n|poke|p2|Talonflame, L50, M, shiny|\n|poke|p2|Aegislash, L50, M, shiny|\n|poke|p2|Snorlax, L50, M, shiny|\n|teampreview|4\n|inactive|Battle timer is ON: inactive players will automatically lose when time's up. (requested by minhsuperfat)\n|\n|t:|1776681434\n|teamsize|p1|4\n|teamsize|p2|4\n|start\n|switch|p1a: Sinistcha|Sinistcha, L50|100/100\n|switch|p1b: Froslass|Froslass, L50, F|100/100\n|switch|p2a: Sneasler|Sneasler, L50, M, shiny|100/100\n|switch|p2b: Aegislash|Aegislash, L50, M, shiny|100/100\n|turn|1\n|inactive|minhsuperfat has 30 seconds left.\n|inactive|minhsuperfat has 20 seconds left.\n|\n|t:|1776681472\n|switch|p2a: Snorlax|Snorlax, L50, M, shiny|100/100\n|switch|p1b: Incineroar|Incineroar, L50, F|100/100\n|-ability|p1b: Incineroar|Intimidate|boost\n|-unboost|p2a: Snorlax|atk|1\n|-unboost|p2b: Aegislash|atk|1\n|move|p1a: Sinistcha|Will-O-Wisp|p2b: Aegislash\n|-status|p2b: Aegislash|brn\n|-formechange|p2b: Aegislash|Aegislash-Blade|\n|move|p2b: Aegislash|Shadow Ball|p1b: Incineroar\n|-resisted|p1b: Incineroar|1\n|-damage|p1b: Incineroar|78/100\n|\n|-damage|p2b: Aegislash|95/100 brn|[from] brn\n|upkeep\n|turn|2\n|inactive|minhsuperfat has 30 seconds left.\n|inactive|Ziik has 30 seconds left.\n|inactive|minhsuperfat has 20 seconds left.\n|\n|t:|1776681509\n|move|p1a: Sinistcha|Will-O-Wisp|p2a: Snorlax\n|-status|p2a: Snorlax|brn\n|move|p2b: Aegislash|Shadow Ball|p1a: Sinistcha\n|-immune|p1a: Sinistcha\n|move|p1b: Incineroar|Parting Shot|p2b: Aegislash\n|-unboost|p2b: Aegislash|atk|1\n|-unboost|p2b: Aegislash|spa|1\n|\n|t:|1776681519\n|switch|p1b: Froslass|Froslass, L50, F|100/100|[from] Parting Shot\n|move|p2a: Snorlax|Yawn|p1b: Froslass\n|-start|p1b: Froslass|move: Yawn|[of] p2a: Snorlax\n|\n|-heal|p2b: Aegislash|100/100 brn|[from] item: Leftovers\n|-damage|p2b: Aegislash|95/100 brn|[from] brn\n|-damage|p2a: Snorlax|95/100 brn|[from] brn\n|upkeep\n|turn|3\n|\n|t:|1776681533\n|switch|p1b: Incineroar|Incineroar, L50, F|78/100\n|-ability|p1b: Incineroar|Intimidate|boost\n|-unboost|p2a: Snorlax|atk|1\n|-unboost|p2b: Aegislash|atk|1\n|move|p1a: Sinistcha|Hyper Voice|p2b: Aegislash|[spread] p2a\n|-immune|p2b: Aegislash\n|-damage|p2a: Snorlax|76/100 brn\n|move|p2b: Aegislash|Shadow Ball|p1b: Incineroar\n|-resisted|p1b: Incineroar|1\n|-damage|p1b: Incineroar|64/100\n|move|p2a: Snorlax|Yawn|p1b: Incineroar\n|-start|p1b: Incineroar|move: Yawn|[of] p2a: Snorlax\n|\n|-heal|p2b: Aegislash|100/100 brn|[from] item: Leftovers\n|-damage|p2b: Aegislash|95/100 brn|[from] brn\n|-damage|p2a: Snorlax|70/100 brn|[from] brn\n|upkeep\n|turn|4\n|inactive|minhsuperfat has 30 seconds left.\n|\n|t:|1776681559\n|switch|p2b: Gardevoir|Gardevoir, L50, F, shiny|100/100\n|move|p1a: Sinistcha|Hyper Voice|p2b: Gardevoir|[spread] p2a,p2b\n|-damage|p2a: Snorlax|52/100 brn\n|-damage|p2b: Gardevoir|65/100\n|move|p1b: Incineroar|Parting Shot|p2b: Gardevoir\n|-unboost|p2b: Gardevoir|atk|1\n|-unboost|p2b: Gardevoir|spa|1\n|\n|t:|1776681567\n|switch|p1b: Froslass|Froslass, L50, F|100/100|[from] Parting Shot\n|move|p2a: Snorlax|Rest|p2a: Snorlax\n|-status|p2a: Snorlax|slp|[from] move: Rest\n|-heal|p2a: Snorlax|100/100 slp|[silent]\n|\n|upkeep\n|turn|5\n|inactive|minhsuperfat has 30 seconds left.\n|\n|t:|1776681592\n|detailschange|p1b: Froslass|Froslass-Mega, L50, F\n|-mega|p1b: Froslass|Froslass|Froslassite\n|-weather|Snowscape|[from] ability: Snow Warning|[of] p1b: Froslass\n|detailschange|p2b: Gardevoir|Gardevoir-Mega, L50, F, shiny\n|-mega|p2b: Gardevoir|Gardevoir|Gardevoirite\n|move|p2b: Gardevoir|Protect|p2b: Gardevoir\n|-singleturn|p2b: Gardevoir|Protect\n|move|p1a: Sinistcha|Hyper Voice|p2a: Snorlax|[spread] p2a\n|-activate|p2b: Gardevoir|move: Protect\n|-damage|p2a: Snorlax|81/100 slp\n|move|p1b: Froslass|Blizzard|p2b: Gardevoir|[spread] p2a\n|-activate|p2b: Gardevoir|move: Protect\n|-damage|p2a: Snorlax|69/100 slp\n|cant|p2a: Snorlax|slp\n|\n|-weather|Snowscape|[upkeep]\n|upkeep\n|turn|6\n|inactive|minhsuperfat has 30 seconds left.\n|\n|t:|1776681626\n|switch|p2a: Aegislash|Aegislash, L50, M, shiny|95/100 brn\n|move|p1a: Sinistcha|Hyper Voice|p2a: Aegislash|[spread] p2b\n|-immune|p2a: Aegislash\n|-damage|p2b: Gardevoir|39/100\n|move|p1b: Froslass|Blizzard|p2a: Aegislash|[spread] p2a,p2b\n|-resisted|p2a: Aegislash|1\n|-damage|p2a: Aegislash|72/100 brn\n|-damage|p2b: Gardevoir|0 fnt\n|faint|p2b: Gardevoir\n|\n|-weather|Snowscape|[upkeep]\n|-heal|p2a: Aegislash|78/100 brn|[from] item: Leftovers\n|-damage|p2a: Aegislash|72/100 brn|[from] brn\n|upkeep\n|\n|t:|1776681642\n|switch|p2b: Sneasler|Sneasler, L50, M, shiny|100/100\n|turn|7\n|\n|t:|1776681655\n|move|p2b: Sneasler|Coaching|p2a: Aegislash\n|-boost|p2a: Aegislash|atk|1\n|-boost|p2a: Aegislash|def|1\n|move|p1a: Sinistcha|Will-O-Wisp|p2b: Sneasler\n|-status|p2b: Sneasler|brn\n|move|p1b: Froslass|Aurora Veil|p1b: Froslass\n|-sidestart|p1: Ziik|move: Aurora Veil\n|-formechange|p2a: Aegislash|Aegislash-Blade|\n|move|p2a: Aegislash|Flash Cannon|p1b: Froslass\n|-supereffective|p1b: Froslass|1\n|-damage|p1b: Froslass|30/100\n|\n|-weather|Snowscape|[upkeep]\n|-heal|p2a: Aegislash|78/100 brn|[from] item: Leftovers\n|-damage|p2b: Sneasler|95/100 brn|[from] brn\n|-damage|p2a: Aegislash|72/100 brn|[from] brn\n|upkeep\n|turn|8\n|\n|t:|1776681675\n|switch|p1b: Incineroar|Incineroar, L50, F|64/100\n|-ability|p1b: Incineroar|Intimidate|boost\n|-unboost|p2a: Aegislash|atk|1\n|-unboost|p2b: Sneasler|atk|1\n|-enditem|p2b: Sneasler|White Herb\n|-clearnegativeboost|p2b: Sneasler|[silent]\n|-formechange|p2a: Aegislash|Aegislash|\n|move|p2a: Aegislash|King's Shield|p2a: Aegislash\n|-singleturn|p2a: Aegislash|Protect\n|move|p2b: Sneasler|Coaching|p2a: Aegislash\n|-boost|p2a: Aegislash|atk|1\n|-boost|p2a: Aegislash|def|1\n|move|p1a: Sinistcha|Hyper Voice|p2b: Sneasler|[spread] p2b\n|-activate|p2a: Aegislash|move: Protect\n|-damage|p2b: Sneasler|44/100 brn\n|\n|-weather|Snowscape|[upkeep]\n|-heal|p2a: Aegislash|78/100 brn|[from] item: Leftovers\n|-damage|p2b: Sneasler|39/100 brn|[from] brn\n|-damage|p2a: Aegislash|72/100 brn|[from] brn\n|upkeep\n|turn|9\n|inactive|minhsuperfat has 30 seconds left.\n|\n|t:|1776681705\n|move|p2b: Sneasler|Close Combat|p1b: Incineroar\n|-supereffective|p1b: Incineroar|1\n|-damage|p1b: Incineroar|33/100\n|-unboost|p2b: Sneasler|def|1\n|-unboost|p2b: Sneasler|spd|1\n|-enditem|p1b: Incineroar|Sitrus Berry|[eat]\n|-heal|p1b: Incineroar|58/100|[from] item: Sitrus Berry\n|move|p1a: Sinistcha|Hyper Voice|p2a: Aegislash|[spread] p2b\n|-immune|p2a: Aegislash\n|-damage|p2b: Sneasler|0 fnt\n|faint|p2b: Sneasler\n|-formechange|p2a: Aegislash|Aegislash-Blade|\n|move|p2a: Aegislash|Shadow Ball|p1b: Incineroar\n|-resisted|p1b: Incineroar|1\n|-damage|p1b: Incineroar|43/100\n|move|p1b: Incineroar|Flare Blitz|p2a: Aegislash\n|-supereffective|p2a: Aegislash|1\n|-damage|p2a: Aegislash|0 fnt\n|faint|p2a: Aegislash\n|-damage|p1b: Incineroar|27/100|[from] Recoil\n|\n|-weather|none\n|upkeep\n|-message|minhsuperfat forfeited.\n|\n|win|Ziik\n|raw|Ziik's rating: 1140 &rarr; <strong>1160</strong><br />(+20 for winning)\n|raw|minhsuperfat's rating: 1069 &rarr; <strong>1053</strong><br />(-16 for losing)\n|l|\u2606minhsuperfat\n|player|p2|\n",
  "uploadtime": 1776681731,
  "views": 19,
  "formatid": "gen9championsvgc2026regma",
  "rating": 1053,
  "private": 0,
  "password": null
}