{
  "id": "gen9championsvgc2026regma-2585639416",
  "format": "[Gen 9 Champions] VGC 2026 Reg M-A",
  "players": [
    "divra7",
    "yamzinyobooty"
  ],
  "log": "|j|\u2606divra7\n|j|\u2606yamzinyobooty\n|html|<table width=\"100%\"><tr><td align=\"left\">divra7</td><td align=\"right\">yamzinyobooty</tr><tr><td align=\"left\"><i class=\"fa fa-circle\"></i> <i class=\"fa fa-circle-o\"></i> </td><td align=\"right\"><i class=\"fa fa-circle-o\"></i> <i class=\"fa fa-circle-o\"></i> </tr></table>\n|uhtml|bestof|<h2><strong>Game 2</strong> of <a href=\"/game-bestof3-gen9championsvgc2026regma-2585634780\">a best-of-3</a></h2>\n|t:|1776360576\n|gametype|doubles\n|player|p1|divra7|ballguy|\n|player|p2|yamzinyobooty|266|\n|gen|9\n|tier|[Gen 9 Champions] VGC 2026 Reg M-A\n|rated|Tournament battle\n|rule|Species Clause: Limit one of each Pok\u00e9mon\n|rule|Item Clause: Limit 1 of each item\n|raw|<div class=\"infobox\"><details class=\"readmore\" open><summary><strong>2 custom rules:</strong></summary> Force Open Team Sheets, Best of = 3</details></div>\n|clearpoke\n|poke|p1|Charizard, L50, F|\n|poke|p1|Venusaur, L50, F|\n|poke|p1|Garchomp, L50, F|\n|poke|p1|Sneasler, L50, M|\n|poke|p1|Aegislash, L50, M|\n|poke|p1|Kingambit, L50, F|\n|poke|p2|Charizard, L50, F|\n|poke|p2|Venusaur, L50, F|\n|poke|p2|Garchomp, L50, F|\n|poke|p2|Incineroar, L50, M|\n|poke|p2|Gardevoir, L50, M|\n|poke|p2|Milotic, L50, F|\n|teampreview|4\n|showteam|p1|Charizard||CharizarditeY|Blaze|HeatWave,WeatherBall,Overheat,Protect|||F|||50|]Venusaur||FocusSash|Chlorophyll|EnergyBall,SleepPowder,SludgeBomb,Protect|||F|||50|]Garchomp||HabanBerry|RoughSkin|DragonClaw,RockSlide,Bulldoze,Protect|||F|||50|]Sneasler||WhiteHerb|Unburden|DireClaw,CloseCombat,Feint,FakeOut|||M|||50|]Aegislash||SpellTag|StanceChange|Poltergeist,ShadowSneak,WideGuard,KingsShield|||M|||50|]Kingambit||ChopleBerry|Defiant|KowtowCleave,SuckerPunch,IronHead,Protect|||F|||50|\n|showteam|p2|Charizard||CharizarditeY|SolarPower|HeatWave,WeatherBall,SolarBeam,Protect|||F|||50|]Venusaur||FocusSash|Chlorophyll|EnergyBall,SludgeBomb,SleepPowder,Protect|||F|||50|]Garchomp||YacheBerry|RoughSkin|DragonClaw,Earthquake,RockSlide,Protect|||F|||50|]Incineroar||SitrusBerry|Intimidate|FlareBlitz,ThroatChop,HelpingHand,FakeOut|||M|||50|]Gardevoir||ChoiceScarf|Telepathy|Moonblast,DazzlingGleam,Psychic,IcyWind|||M|||50|]Milotic||Leftovers|Competitive|Scald,IceBeam,LifeDew,Protect|||F|||50|\n|inactive|Battle timer is ON: inactive players will automatically lose when time's up. (requested by divra7)\n|\n|t:|1776360600\n|teamsize|p1|4\n|teamsize|p2|4\n|start\n|switch|p1a: Garchomp|Garchomp, L50, F|100/100\n|switch|p1b: Sneasler|Sneasler, L50, M, shiny|100/100\n|switch|p2a: Gardevoir|Gardevoir, L50, M|100/100\n|switch|p2b: Milotic|Milotic, L50, F|100/100\n|turn|1\n|inactive|divra7 has 30 seconds left.\n|\n|t:|1776360627\n|switch|p2a: Garchomp|Garchomp, L50, F|100/100\n|move|p1b: Sneasler|Fake Out|p2a: Garchomp\n|-damage|p2a: Garchomp|85/100\n|-damage|p1b: Sneasler|88/100|[from] ability: Rough Skin|[of] p2a: Garchomp\n|move|p1a: Garchomp|Rock Slide|p2a: Garchomp|[spread] p2a,p2b\n|-resisted|p2a: Garchomp|1\n|-damage|p2a: Garchomp|74/100\n|-damage|p2b: Milotic|87/100\n|cant|p2b: Milotic|flinch\n|\n|-heal|p2b: Milotic|93/100|[from] item: Leftovers\n|upkeep\n|turn|2\n|c|\u2606divra7|im lucky today sorry\n|c|\u2606yamzinyobooty|yuhhh i was gonna say\n|\n|t:|1776360650\n|move|p2a: Garchomp|Protect|p2a: Garchomp\n|-singleturn|p2a: Garchomp|Protect\n|move|p1b: Sneasler|Feint|p2a: Garchomp\n|-activate|p2a: Garchomp|move: Feint\n|-damage|p2a: Garchomp|64/100\n|move|p1a: Garchomp|Dragon Claw|p2a: Garchomp\n|-supereffective|p2a: Garchomp|1\n|-damage|p2a: Garchomp|0 fnt\n|-damage|p1a: Garchomp|88/100|[from] ability: Rough Skin|[of] p2a: Garchomp\n|faint|p2a: Garchomp\n|move|p2b: Milotic|Ice Beam|p1a: Garchomp\n|-supereffective|p1a: Garchomp|2\n|-damage|p1a: Garchomp|9/100\n|\n|-heal|p2b: Milotic|99/100|[from] item: Leftovers\n|upkeep\n|c|\u2606yamzinyobooty|mb if im takin time at work\n|\n|t:|1776360663\n|switch|p2a: Gardevoir|Gardevoir, L50, M|100/100\n|turn|3\n|c|\u2606divra7|are u at work or wdym\n|\n|t:|1776360684\n|move|p2a: Gardevoir|Psychic|p1b: Sneasler\n|-supereffective|p1b: Sneasler|2\n|-damage|p1b: Sneasler|0 fnt\n|faint|p1b: Sneasler\n|move|p1a: Garchomp|Rock Slide|p2a: Gardevoir|[spread] p2a,p2b\n|-damage|p2a: Gardevoir|66/100\n|-damage|p2b: Milotic|86/100\n|move|p2b: Milotic|Ice Beam|p1a: Garchomp\n|-supereffective|p1a: Garchomp|2\n|-damage|p1a: Garchomp|0 fnt\n|faint|p1a: Garchomp\n|\n|-heal|p2b: Milotic|92/100|[from] item: Leftovers\n|upkeep\n|c|\u2606yamzinyobooty|yhhh im workin rn\n|c|\u2606divra7|oh lol\n|\n|t:|1776360698\n|switch|p1b: Aegislash|Aegislash, L50, M|100/100\n|switch|p1a: Charizard|Charizard, L50, F|100/100\n|turn|4\n|c|\u2606yamzinyobooty|jus playin on thrside for lols\n|\n|t:|1776360720\n|detailschange|p1a: Charizard|Charizard-Mega-Y, L50, F\n|-mega|p1a: Charizard|Charizard|Charizardite Y\n|-weather|SunnyDay|[from] ability: Drought|[of] p1a: Charizard\n|move|p1a: Charizard|Protect|p1a: Charizard\n|-singleturn|p1a: Charizard|Protect\n|-formechange|p1b: Aegislash|Aegislash-Blade|\n|move|p1b: Aegislash|Shadow Sneak|p2a: Gardevoir\n|-supereffective|p2a: Gardevoir|1\n|-damage|p2a: Gardevoir|0 fnt\n|faint|p2a: Gardevoir\n|move|p2b: Milotic|Scald|p1b: Aegislash\n|-damage|p1b: Aegislash|79/100\n|\n|-weather|SunnyDay|[upkeep]\n|-heal|p2b: Milotic|98/100|[from] item: Leftovers\n|upkeep\n|c|\u2606divra7|i get it\n|\n|t:|1776360729\n|switch|p2a: Venusaur|Venusaur, L50, F|100/100\n|turn|5\n|\n|t:|1776360751\n|move|p2a: Venusaur|Sleep Powder|p1a: Charizard\n|-status|p1a: Charizard|slp|[from] move: Sleep Powder\n|cant|p1a: Charizard|slp\n|move|p2b: Milotic|Scald|p1b: Aegislash\n|-damage|p1b: Aegislash|55/100\n|-status|p1b: Aegislash|brn\n|move|p1b: Aegislash|Poltergeist|p2b: Milotic\n|-activate|p2b: Milotic|move: Poltergeist|Leftovers\n|-damage|p2b: Milotic|75/100\n|\n|-weather|SunnyDay|[upkeep]\n|-heal|p2b: Milotic|81/100|[from] item: Leftovers\n|-damage|p1b: Aegislash|49/100 brn|[from] brn\n|upkeep\n|turn|6\n|inactive|divra7 has 30 seconds left.\n|inactive|yamzinyobooty has 30 seconds left.\n|\n|t:|1776360783\n|move|p2a: Venusaur|Sludge Bomb|p1a: Charizard\n|-damage|p1a: Charizard|61/100 slp\n|cant|p1a: Charizard|slp\n|move|p2b: Milotic|Scald|p1a: Charizard\n|-supereffective|p1a: Charizard|1\n|-damage|p1a: Charizard|33/100 slp\n|move|p1b: Aegislash|Poltergeist|p2b: Milotic\n|-activate|p2b: Milotic|move: Poltergeist|Leftovers\n|-damage|p2b: Milotic|55/100\n|\n|-weather|SunnyDay|[upkeep]\n|-heal|p2b: Milotic|61/100|[from] item: Leftovers\n|-damage|p1b: Aegislash|43/100 brn|[from] brn\n|upkeep\n|turn|7\n|inactive|divra7 has 30 seconds left.\n|inactive|divra7 has 20 seconds left.\n|\n|t:|1776360822\n|-curestatus|p1a: Charizard|slp|[msg]\n|move|p1a: Charizard|Protect|p1a: Charizard\n|-singleturn|p1a: Charizard|Protect\n|move|p2a: Venusaur|Sludge Bomb|p1a: Charizard\n|-activate|p1a: Charizard|move: Protect\n|move|p2b: Milotic|Scald|p1a: Charizard\n|-activate|p1a: Charizard|move: Protect\n|move|p1b: Aegislash|Poltergeist|p2a: Venusaur\n|-activate|p2a: Venusaur|move: Poltergeist|Focus Sash\n|-damage|p2a: Venusaur|55/100\n|\n|-weather|SunnyDay|[upkeep]\n|-heal|p2b: Milotic|67/100|[from] item: Leftovers\n|-damage|p1b: Aegislash|37/100 brn|[from] brn\n|upkeep\n|turn|8\n|inactive|divra7 has 30 seconds left.\n|\n|t:|1776360852\n|move|p1a: Charizard|Protect||[still]\n|-fail|p1a: Charizard\n|-formechange|p1b: Aegislash|Aegislash|\n|move|p1b: Aegislash|King's Shield|p1b: Aegislash\n|-singleturn|p1b: Aegislash|Protect\n|move|p2a: Venusaur|Sleep Powder|p1a: Charizard\n|-status|p1a: Charizard|slp|[from] move: Sleep Powder\n|move|p2b: Milotic|Life Dew|p2b: Milotic|[spread] p2a,p2b\n|-heal|p2a: Venusaur|80/100\n|-heal|p2b: Milotic|93/100\n|\n|-weather|none\n|-heal|p2b: Milotic|99/100|[from] item: Leftovers\n|-damage|p1b: Aegislash|31/100 brn|[from] brn\n|upkeep\n|turn|9\n|inactive|yamzinyobooty has 30 seconds left.\n|\n|t:|1776360881\n|cant|p1a: Charizard|slp\n|move|p2a: Venusaur|Energy Ball|p1b: Aegislash\n|-resisted|p1b: Aegislash|1\n|-damage|p1b: Aegislash|15/100 brn\n|move|p2b: Milotic|Scald|p1a: Charizard\n|-supereffective|p1a: Charizard|1\n|-crit|p1a: Charizard\n|-damage|p1a: Charizard|0 fnt\n|faint|p1a: Charizard\n|-formechange|p1b: Aegislash|Aegislash-Blade|\n|move|p1b: Aegislash|Poltergeist|p2a: Venusaur\n|-activate|p2a: Venusaur|move: Poltergeist|Focus Sash\n|-damage|p2a: Venusaur|38/100\n|\n|-heal|p2b: Milotic|100/100|[from] item: Leftovers\n|-damage|p1b: Aegislash|9/100 brn|[from] brn\n|upkeep\n|turn|10\n|c|\u2606yamzinyobooty|ggs\n|c|\u2606divra7|ggs game 3\n|inactive|divra7 has 30 seconds left.\n|\n|t:|1776360907\n|move|p1b: Aegislash|Shadow Sneak|p2a: Venusaur\n|-damage|p2a: Venusaur|21/100\n|move|p2a: Venusaur|Energy Ball|p1b: Aegislash\n|-resisted|p1b: Aegislash|1\n|-damage|p1b: Aegislash|0 fnt\n|faint|p1b: Aegislash\n|\n|win|yamzinyobooty\n",
  "uploadtime": 1776360907,
  "views": 16,
  "formatid": "gen9championsvgc2026regma",
  "rating": null,
  "private": 0,
  "password": null
}