{
  "id": "gen9championsvgc2026regma-2580397814",
  "format": "[Gen 9 Champions] VGC 2026 Reg M-A",
  "players": [
    "NDariusA",
    "eggtophat_real"
  ],
  "log": "|j|\u2606NDariusA\n|j|\u2606eggtophat_real\n|t:|1775890431\n|gametype|doubles\n|player|p1|NDariusA|265|1043\n|player|p2|eggtophat_real|miku-ghost|1130\n|gen|9\n|tier|[Gen 9 Champions] VGC 2026 Reg M-A\n|rated|\n|rule|Species Clause: Limit one of each Pok\u00e9mon\n|rule|Item Clause: Limit 1 of each item\n|clearpoke\n|poke|p1|Aerodactyl, L50, M|\n|poke|p1|Incineroar, L50, M|\n|poke|p1|Meganium, L50, M|\n|poke|p1|Milotic, L50, F|\n|poke|p1|Sneasler, L50, M|\n|poke|p1|Maushold, L50|\n|poke|p2|Floette-Eternal, L50, F|\n|poke|p2|Gardevoir, L50, F|\n|poke|p2|Whimsicott, L50, F|\n|poke|p2|Sneasler, L50, F|\n|poke|p2|Arcanine-Hisui, L50, F|\n|poke|p2|Sinistcha-Masterpiece, L50|\n|teampreview|4\n|inactive|Battle timer is ON: inactive players will automatically lose when time's up. (requested by eggtophat_real)\n|inactive|NDariusA has 60 seconds left.\n|inactive|eggtophat_real has 60 seconds left.\n|\n|t:|1775890483\n|teamsize|p1|4\n|teamsize|p2|4\n|start\n|switch|p1a: Sneasler|Sneasler, L50, M|100/100\n|switch|p1b: Maushold|Maushold, L50|100/100\n|switch|p2a: Sneasler|Sneasler, L50, F, shiny|100/100\n|switch|p2b: Floette|Floette-Eternal, L50, F|100/100\n|turn|1\n|inactive|NDariusA has 30 seconds left.\n|\n|t:|1775890511\n|detailschange|p2b: Floette|Floette-Mega, L50, F\n|-mega|p2b: Floette|Floette|Floettite\n|-ability|p2b: Floette|Fairy Aura\n|move|p2a: Sneasler|Fake Out|p1a: Sneasler\n|-damage|p1a: Sneasler|75/100\n|cant|p1a: Sneasler|flinch\n|move|p1b: Maushold|Population Bomb|p2b: Floette\n|-damage|p2b: Floette|88/100\n|-damage|p2b: Floette|76/100\n|-damage|p2b: Floette|64/100\n|-crit|p2b: Floette\n|-damage|p2b: Floette|46/100\n|-damage|p2b: Floette|34/100\n|-hitcount|p2b: Floette|5\n|move|p2b: Floette|Calm Mind|p2b: Floette\n|-boost|p2b: Floette|spa|1\n|-boost|p2b: Floette|spd|1\n|\n|upkeep\n|turn|2\n|inactive|NDariusA has 30 seconds left.\n|\n|t:|1775890541\n|move|p2b: Floette|Protect|p2b: Floette\n|-singleturn|p2b: Floette|Protect\n|move|p2a: Sneasler|Close Combat|p1b: Maushold\n|-supereffective|p1b: Maushold|1\n|-damage|p1b: Maushold|0 fnt\n|-unboost|p2a: Sneasler|def|1\n|-unboost|p2a: Sneasler|spd|1\n|faint|p1b: Maushold\n|-enditem|p2a: Sneasler|White Herb\n|-clearnegativeboost|p2a: Sneasler|[silent]\n|move|p1a: Sneasler|Dire Claw|p2b: Floette\n|-activate|p2b: Floette|move: Protect\n|\n|upkeep\n|\n|t:|1775890549\n|switch|p1b: Aerodactyl|Aerodactyl, L50, M|100/100\n|-ability|p1b: Aerodactyl|Unnerve\n|turn|3\n|\n|t:|1775890569\n|detailschange|p1b: Aerodactyl|Aerodactyl-Mega, L50, M\n|-mega|p1b: Aerodactyl|Aerodactyl|Aerodactylite\n|move|p2b: Floette|Protect||[still]\n|-fail|p2b: Floette\n|move|p2a: Sneasler|Close Combat|p1b: Aerodactyl\n|-damage|p1b: Aerodactyl|23/100\n|-unboost|p2a: Sneasler|def|1\n|-unboost|p2a: Sneasler|spd|1\n|move|p1b: Aerodactyl|Iron Head|p2b: Floette\n|-supereffective|p2b: Floette|1\n|-damage|p2b: Floette|0 fnt\n|faint|p2b: Floette\n|move|p1a: Sneasler|Coaching|p1b: Aerodactyl\n|-boost|p1b: Aerodactyl|atk|1\n|-boost|p1b: Aerodactyl|def|1\n|\n|upkeep\n|\n|t:|1775890580\n|switch|p2b: Whimsicott|Whimsicott, L50, F, shiny|100/100\n|turn|4\n|\n|t:|1775890598\n|move|p1b: Aerodactyl|Protect|p1b: Aerodactyl\n|-singleturn|p1b: Aerodactyl|Protect\n|move|p2b: Whimsicott|Encore|p1a: Sneasler\n|-start|p1a: Sneasler|Encore\n|-enditem|p1a: Sneasler|Mental Herb\n|-end|p1a: Sneasler|Encore\n|move|p2a: Sneasler|Close Combat|p1b: Aerodactyl\n|-activate|p1b: Aerodactyl|move: Protect\n|move|p1a: Sneasler|Coaching|p1b: Aerodactyl\n|-boost|p1b: Aerodactyl|atk|1\n|-boost|p1b: Aerodactyl|def|1\n|\n|upkeep\n|turn|5\n|inactive|NDariusA has 30 seconds left.\n|inactive|NDariusA has 20 seconds left.\n|inactive|NDariusA has 15 seconds left.\n|\n|t:|1775890640\n|move|p2b: Whimsicott|Encore|p1a: Sneasler\n|-start|p1a: Sneasler|Encore\n|move|p2a: Sneasler|Close Combat|p1b: Aerodactyl\n|-damage|p1b: Aerodactyl|0 fnt\n|-unboost|p2a: Sneasler|def|1\n|-unboost|p2a: Sneasler|spd|1\n|faint|p1b: Aerodactyl\n|move|p1a: Sneasler|Coaching|p1: Aerodactyl|[notarget]\n|-fail|p1a: Sneasler\n|\n|upkeep\n|\n|t:|1775890646\n|switch|p1b: Milotic|Milotic, L50, F|100/100\n|turn|6\n|\n|t:|1775890667\n|move|p2b: Whimsicott|Light Screen|p2b: Whimsicott\n|-sidestart|p2: eggtophat_real|move: Light Screen\n|move|p2a: Sneasler|Close Combat|p1b: Milotic\n|-damage|p1b: Milotic|51/100\n|-unboost|p2a: Sneasler|def|1\n|-unboost|p2a: Sneasler|spd|1\n|move|p1a: Sneasler|Coaching|p1b: Milotic\n|-boost|p1b: Milotic|atk|1\n|-boost|p1b: Milotic|def|1\n|move|p1b: Milotic|Icy Wind|p2b: Whimsicott|[spread] p2a,p2b\n|-crit|p2a: Sneasler\n|-supereffective|p2b: Whimsicott|1\n|-damage|p2a: Sneasler|54/100\n|-damage|p2b: Whimsicott|78/100\n|-unboost|p2a: Sneasler|spe|1\n|-unboost|p2b: Whimsicott|spe|1\n|\n|-heal|p1b: Milotic|57/100|[from] item: Leftovers\n|upkeep\n|turn|7\n|\n|t:|1775890684\n|move|p2b: Whimsicott|Tailwind|p2b: Whimsicott\n|-sidestart|p2: eggtophat_real|move: Tailwind\n|move|p2a: Sneasler|Close Combat|p1b: Milotic\n|-damage|p1b: Milotic|22/100\n|-unboost|p2a: Sneasler|def|1\n|-unboost|p2a: Sneasler|spd|1\n|move|p1a: Sneasler|Coaching|p1b: Milotic\n|-boost|p1b: Milotic|atk|1\n|-boost|p1b: Milotic|def|1\n|move|p1b: Milotic|Icy Wind|p2b: Whimsicott|[spread] p2a,p2b\n|-supereffective|p2b: Whimsicott|1\n|-damage|p2a: Sneasler|28/100\n|-damage|p2b: Whimsicott|55/100\n|-unboost|p2a: Sneasler|spe|1\n|-unboost|p2b: Whimsicott|spe|1\n|\n|-heal|p1b: Milotic|28/100|[from] item: Leftovers\n|-end|p1a: Sneasler|Encore\n|upkeep\n|turn|8\n|\n|t:|1775890699\n|move|p2b: Whimsicott|Encore|p1a: Sneasler\n|-start|p1a: Sneasler|Encore\n|move|p2a: Sneasler|Close Combat|p1b: Milotic\n|-damage|p1b: Milotic|4/100\n|-unboost|p2a: Sneasler|def|1\n|-unboost|p2a: Sneasler|spd|1\n|move|p1a: Sneasler|Coaching|p1b: Milotic\n|-boost|p1b: Milotic|atk|1\n|-boost|p1b: Milotic|def|1\n|move|p1b: Milotic|Life Dew|p1b: Milotic|[spread] p1a,p1b\n|-heal|p1a: Sneasler|100/100\n|-heal|p1b: Milotic|29/100\n|\n|-heal|p1b: Milotic|35/100|[from] item: Leftovers\n|upkeep\n|turn|9\n|\n|t:|1775890719\n|move|p1b: Milotic|Protect|p1b: Milotic\n|-singleturn|p1b: Milotic|Protect\n|move|p2a: Sneasler|Close Combat|p1b: Milotic\n|-activate|p1b: Milotic|move: Protect\n|move|p1a: Sneasler|Coaching|p1b: Milotic\n|-boost|p1b: Milotic|atk|1\n|-boost|p1b: Milotic|def|1\n|move|p2b: Whimsicott|Moonblast|p1b: Milotic\n|-activate|p1b: Milotic|move: Protect\n|\n|-heal|p1b: Milotic|41/100|[from] item: Leftovers\n|upkeep\n|turn|10\n|\n|t:|1775890732\n|move|p2b: Whimsicott|Encore|p1b: Milotic\n|-start|p1b: Milotic|Encore\n|move|p1b: Milotic|Protect|p1b: Milotic\n|-singleturn|p1b: Milotic|Protect\n|move|p2a: Sneasler|Dire Claw|p1b: Milotic\n|-activate|p1b: Milotic|move: Protect\n|move|p1a: Sneasler|Coaching|p1b: Milotic\n|-boost|p1b: Milotic|atk|1\n|-boost|p1b: Milotic|def|1\n|\n|-heal|p1b: Milotic|47/100|[from] item: Leftovers\n|-end|p1a: Sneasler|Encore\n|-sideend|p2: eggtophat_real|move: Light Screen\n|-sideend|p2: eggtophat_real|move: Tailwind\n|upkeep\n|turn|11\n|\n|t:|1775890752\n|move|p1b: Milotic|Protect|p1b: Milotic\n|-singleturn|p1b: Milotic|Protect\n|move|p2b: Whimsicott|Encore|p1a: Sneasler\n|-start|p1a: Sneasler|Encore\n|move|p1a: Sneasler|Coaching|p1b: Milotic\n|-boost|p1b: Milotic|atk|1\n|-boost|p1b: Milotic|def|1\n|move|p2a: Sneasler|Dire Claw|p1b: Milotic\n|-activate|p1b: Milotic|move: Protect\n|\n|-heal|p1b: Milotic|53/100|[from] item: Leftovers\n|upkeep\n|turn|12\n|\n|t:|1775890762\n|switch|p2a: Sinistcha|Sinistcha-Masterpiece, L50|100/100\n|-heal|p2b: Whimsicott|80/100|[from] ability: Hospitality|[of] p2a: Sinistcha\n|move|p1b: Milotic|Protect||[still]\n|-fail|p1b: Milotic\n|move|p1a: Sneasler|Coaching|p1b: Milotic\n|-boost|p1b: Milotic|atk|0\n|-boost|p1b: Milotic|def|0\n|move|p2b: Whimsicott|Moonblast|p1a: Sneasler\n|-damage|p1a: Sneasler|53/100\n|\n|-heal|p1b: Milotic|59/100|[from] item: Leftovers\n|-end|p1b: Milotic|Encore\n|upkeep\n|turn|13\n|\n|t:|1775890777\n|move|p2b: Whimsicott|Encore|p1b: Milotic\n|-start|p1b: Milotic|Encore\n|move|p1b: Milotic|Protect|p1b: Milotic\n|-singleturn|p1b: Milotic|Protect\n|move|p1a: Sneasler|Coaching|p1b: Milotic\n|-boost|p1b: Milotic|atk|0\n|-boost|p1b: Milotic|def|0\n|move|p2a: Sinistcha|Matcha Gotcha|p1a: Sneasler|[spread] p1a\n|-activate|p1b: Milotic|move: Protect\n|-resisted|p1a: Sneasler|1\n|-damage|p1a: Sneasler|37/100\n|\n|-heal|p1b: Milotic|65/100|[from] item: Leftovers\n|-end|p1a: Sneasler|Encore\n|upkeep\n|turn|14\n|\n|t:|1775890789\n|move|p1b: Milotic|Protect||[still]\n|-fail|p1b: Milotic\n|move|p2b: Whimsicott|Encore|p1a: Sneasler\n|-start|p1a: Sneasler|Encore\n|move|p1a: Sneasler|Coaching|p1b: Milotic\n|-boost|p1b: Milotic|atk|0\n|-boost|p1b: Milotic|def|0\n|move|p2a: Sinistcha|Matcha Gotcha|p1b: Milotic|[spread] p1a,p1b\n|-resisted|p1a: Sneasler|1\n|-supereffective|p1b: Milotic|1\n|-damage|p1a: Sneasler|19/100\n|-damage|p1b: Milotic|29/100\n|\n|-heal|p1b: Milotic|35/100|[from] item: Leftovers\n|-end|p1a: Sneasler|Encore\n|upkeep\n|turn|15\n|\n|t:|1775890799\n|move|p1b: Milotic|Protect|p1b: Milotic\n|-singleturn|p1b: Milotic|Protect\n|move|p1a: Sneasler|Dire Claw|p2b: Whimsicott\n|-supereffective|p2b: Whimsicott|2\n|-damage|p2b: Whimsicott|0 fnt\n|faint|p2b: Whimsicott\n|move|p2a: Sinistcha|Matcha Gotcha|p1a: Sneasler|[spread] p1a\n|-activate|p1b: Milotic|move: Protect\n|-resisted|p1a: Sneasler|1\n|-damage|p1a: Sneasler|2/100\n|\n|-heal|p1b: Milotic|41/100|[from] item: Leftovers\n|-end|p1b: Milotic|Encore\n|upkeep\n|\n|t:|1775890802\n|switch|p2b: Sneasler|Sneasler, L50, F, shiny|28/100\n|turn|16\n|\n|t:|1775890819\n|move|p2b: Sneasler|Fake Out|p1b: Milotic\n|-damage|p1b: Milotic|38/100\n|move|p1a: Sneasler|Dire Claw|p2a: Sinistcha\n|-damage|p2a: Sinistcha|70/100\n|-status|p2a: Sinistcha|psn\n|cant|p1b: Milotic|flinch\n|move|p2a: Sinistcha|Matcha Gotcha|p1a: Sneasler|[spread] p1a,p1b\n|-resisted|p1a: Sneasler|1\n|-supereffective|p1b: Milotic|1\n|-crit|p1b: Milotic\n|-damage|p1a: Sneasler|0 fnt\n|-heal|p2a: Sinistcha|71/100 psn|[from] drain|[of] p1a: Sneasler\n|-damage|p1b: Milotic|0 fnt\n|-heal|p2a: Sinistcha|93/100 psn|[from] drain|[of] p1b: Milotic\n|faint|p1a: Sneasler\n|faint|p1b: Milotic\n|\n|win|eggtophat_real\n|raw|NDariusA's rating: 1043 &rarr; <strong>1031</strong><br />(-12 for losing)\n|raw|eggtophat_real's rating: 1130 &rarr; <strong>1149</strong><br />(+19 for winning)\n|l|\u2606NDariusA\n|player|p1|\n",
  "uploadtime": 1775890841,
  "views": 19,
  "formatid": "gen9championsvgc2026regma",
  "rating": 1031,
  "private": 0,
  "password": null
}