{
  "id": "gen9championsvgc2026regma-2587691126",
  "format": "[Gen 9 Champions] VGC 2026 Reg M-A",
  "players": [
    "CinnamonClub",
    "jusstaguy"
  ],
  "log": "|j|\u2606CinnamonClub\n|j|\u2606jusstaguy\n|t:|1776554330\n|gametype|doubles\n|player|p1|CinnamonClub|101|1053\n|player|p2|jusstaguy|alder|1031\n|gen|9\n|tier|[Gen 9 Champions] VGC 2026 Reg M-A\n|rated|\n|rule|Species Clause: Limit one of each Pok\u00e9mon\n|rule|Item Clause: Limit 1 of each item\n|clearpoke\n|poke|p1|Talonflame, L50, F|\n|poke|p1|Kingambit, L50, F|\n|poke|p1|Gardevoir, L50, M|\n|poke|p1|Basculegion, L50, M|\n|poke|p1|Sneasler, L50, M|\n|poke|p1|Ninetales-Alola, L50, F|\n|poke|p2|Dragapult, L50, F|\n|poke|p2|Ninetales, L50, F|\n|poke|p2|Hydreigon, L50, F|\n|poke|p2|Milotic, L50, F|\n|poke|p2|Lopunny, L50, F|\n|poke|p2|Mamoswine, L50, M|\n|teampreview|4\njusstaguy rejected open team sheets.\n|\n|t:|1776554395\n|teamsize|p1|4\n|teamsize|p2|4\n|start\n|switch|p1a: Talonflame|Talonflame, L50, F|100/100\n|switch|p1b: Sneasler|Sneasler, L50, M|100/100\n|switch|p2a: Starscream|Dragapult, L50, F|100/100\n|switch|p2b: The Wyrm|Hydreigon, L50, F|100/100\n|turn|1\n|j| Urbannachos\n|\n|t:|1776554418\n|move|p1a: Talonflame|Tailwind|p1a: Talonflame\n|-sidestart|p1: CinnamonClub|move: Tailwind\n|move|p1b: Sneasler|Close Combat|p2b: The Wyrm\n|-supereffective|p2b: The Wyrm|1\n|-damage|p2b: The Wyrm|0 fnt\n|-unboost|p1b: Sneasler|def|1\n|-unboost|p1b: Sneasler|spd|1\n|faint|p2b: The Wyrm\n|-enditem|p1b: Sneasler|White Herb\n|-clearnegativeboost|p1b: Sneasler|[silent]\n|move|p2a: Starscream|Dragon Cheer|p2: The Wyrm|[notarget]\n|-fail|p2a: Starscream\n|\n|upkeep\n|\n|t:|1776554426\n|switch|p2b: Glacier Spice|Mamoswine, L50, M|100/100\n|turn|2\n|\n|t:|1776554449\n|move|p2b: Glacier Spice|Protect|p2b: Glacier Spice\n|-singleturn|p2b: Glacier Spice|Protect\n|move|p1b: Sneasler|Close Combat|p2b: Glacier Spice\n|-activate|p2b: Glacier Spice|move: Protect\n|move|p1a: Talonflame|Taunt|p2a: Starscream\n|-start|p2a: Starscream|move: Taunt\n|move|p2a: Starscream|Dragon Darts|p1a: Talonflame\n|-crit|p1a: Talonflame\n|-damage|p1a: Talonflame|52/100\n|-anim|p2a: Starscream|Dragon Darts|p1b: Sneasler\n|-damage|p1b: Sneasler|64/100\n|\n|upkeep\n|turn|3\n|\n|t:|1776554480\n|move|p1b: Sneasler|Dire Claw|p2a: Starscream\n|-resisted|p2a: Starscream|1\n|-damage|p2a: Starscream|76/100\n|move|p1a: Talonflame|Flare Blitz|p2b: Glacier Spice\n|-supereffective|p2b: Glacier Spice|1\n|-damage|p2b: Glacier Spice|52/100\n|-damage|p1a: Talonflame|33/100|[from] Recoil\n|move|p2a: Starscream|Phantom Force||[still]\n|-prepare|p2a: Starscream|Phantom Force\n|move|p2b: Glacier Spice|Rock Slide|p1b: Sneasler|[spread] p1a,p1b\n|-supereffective|p1a: Talonflame|2\n|-enditem|p1a: Talonflame|Charti Berry|[eat]\n|-enditem|p1a: Talonflame|Charti Berry|[weaken]\n|-resisted|p1b: Sneasler|1\n|-damage|p1a: Talonflame|0 fnt\n|-damage|p1b: Sneasler|46/100\n|faint|p1a: Talonflame\n|\n|upkeep\n|\n|t:|1776554512\n|switch|p1a: Gardevoir|Gardevoir, L50, M|100/100\n|turn|4\n|inactive|Battle timer is ON: inactive players will automatically lose when time's up. (requested by CinnamonClub)\n|\n|t:|1776554596\n|switch|p1a: Ninetales|Ninetales-Alola, L50, F|100/100\n|-weather|Snowscape|[from] ability: Snow Warning|[of] p1a: Ninetales\n|move|p1b: Sneasler|Close Combat|p2b: Glacier Spice\n|-supereffective|p2b: Glacier Spice|1\n|-damage|p2b: Glacier Spice|0 fnt\n|-unboost|p1b: Sneasler|def|1\n|-unboost|p1b: Sneasler|spd|1\n|faint|p2b: Glacier Spice\n|move|p2a: Starscream|Phantom Force|p1b: Sneasler|[from] lockedmove\n|-damage|p1b: Sneasler|0 fnt\n|faint|p1b: Sneasler\n|\n|-weather|Snowscape|[upkeep]\n|-end|p2a: Starscream|move: Taunt\n|-sideend|p1: CinnamonClub|move: Tailwind\n|upkeep\n|c|\u2606CinnamonClub|Oh hello urban nachos\n|\n|t:|1776554614\n|switch|p1b: Gardevoir|Gardevoir, L50, M|100/100\n|switch|p2b: Datebayo|Ninetales, L50, F|100/100\n|-weather|SunnyDay|[from] ability: Drought|[of] p2b: Datebayo\n|turn|5\n|c| Urbannachos|Hello bro\n|c|\u2606jusstaguy|Yes hello urban nachos\n|c| Urbannachos|Don\u2019t mind me\n|inactive|CinnamonClub has 30 seconds left.\n|inactive|jusstaguy has 30 seconds left.\n|inactive|CinnamonClub has 20 seconds left.\n|inactive|CinnamonClub has 15 seconds left.\n|inactive|CinnamonClub has 10 seconds left.\n|c|\u2606jusstaguy|I f\u2019d up my dragon cheer strat\n|inactive|CinnamonClub has 5 seconds left.\n|c| Urbannachos|I saw that\n|\n|t:|1776554669\n|detailschange|p1b: Gardevoir|Gardevoir-Mega, L50, M\n|-mega|p1b: Gardevoir|Gardevoir|Gardevoirite\n|move|p1b: Gardevoir|Protect|p1b: Gardevoir\n|-singleturn|p1b: Gardevoir|Protect\n|move|p2a: Starscream|Phantom Force||[still]\n|-prepare|p2a: Starscream|Phantom Force\n|move|p1a: Ninetales|Moonblast|p2a: Starscream|[miss]\n|-miss|p1a: Ninetales|p2a: Starscream\n|move|p2b: Datebayo|Heat Wave|p1a: Ninetales|[spread] p1a\n|-activate|p1b: Gardevoir|move: Protect\n|-supereffective|p1a: Ninetales|1\n|-enditem|p1a: Ninetales|Focus Sash\n|-damage|p1a: Ninetales|1/100\n|\n|-weather|SunnyDay|[upkeep]\n|upkeep\n|turn|6\n|inactive|CinnamonClub has 30 seconds left.\n|inactive|jusstaguy has 30 seconds left.\n|\n|t:|1776554699\n|move|p2a: Starscream|Phantom Force|p1b: Gardevoir|[from] lockedmove\n|-supereffective|p1b: Gardevoir|1\n|-damage|p1b: Gardevoir|0 fnt\n|faint|p1b: Gardevoir\n|move|p1a: Ninetales|Blizzard|p2a: Starscream|[spread] \n|-miss|p1a: Ninetales|p2a: Starscream\n|-miss|p1a: Ninetales|p2b: Datebayo\n|move|p2b: Datebayo|Heat Wave|p1a: Ninetales\n|-supereffective|p1a: Ninetales|1\n|-damage|p1a: Ninetales|0 fnt\n|faint|p1a: Ninetales\n|\n|win|jusstaguy\n|raw|CinnamonClub's rating: 1053 &rarr; <strong>1034</strong><br />(-19 for losing)\n|raw|jusstaguy's rating: 1031 &rarr; <strong>1069</strong><br />(+38 for winning)\n|c|\u2606CinnamonClub|Rip\n|c|\u2606jusstaguy|Gg\n|c|\u2606CinnamonClub|Ggs\n|l| Urbannachos\n|c|\u2606CinnamonClub|What was i doing\n|l|\u2606CinnamonClub\n|player|p1|\n|c|\u2606jusstaguy|Idk what people usually run on pult but all I had was darts and phantom force\n",
  "uploadtime": 1776554758,
  "views": 19,
  "formatid": "gen9championsvgc2026regma",
  "rating": 1034,
  "private": 0,
  "password": null
}