{
  "id": "gen9championsvgc2026regma-2584877728",
  "format": "[Gen 9 Champions] VGC 2026 Reg M-A",
  "players": [
    "alexanderplatz.mp3",
    "benjiapollo"
  ],
  "log": "|j|\u2606alexanderplatz.mp3\n|j|\u2606benjiapollo\n|t:|1776290841\n|gametype|doubles\n|player|p1|alexanderplatz.mp3|morty|1166\n|player|p2|benjiapollo|giovanni|1255\n|gen|9\n|tier|[Gen 9 Champions] VGC 2026 Reg M-A\n|rated|\n|rule|Species Clause: Limit one of each Pok\u00e9mon\n|rule|Item Clause: Limit 1 of each item\n|clearpoke\n|poke|p1|Starmie, L50|\n|poke|p1|Tyranitar, L50, F|\n|poke|p1|Garchomp, L50, F|\n|poke|p1|Aerodactyl, L50, M|\n|poke|p1|Rotom-Heat, L50|\n|poke|p1|Aegislash, L50, F|\n|poke|p2|Basculegion, L50, M|\n|poke|p2|Charizard, L50, M|\n|poke|p2|Kingambit, L50, F|\n|poke|p2|Sneasler, L50, F|\n|poke|p2|Venusaur, L50, M|\n|poke|p2|Talonflame, L50, M|\n|teampreview|4\n|inactive|Battle timer is ON: inactive players will automatically lose when time's up. (requested by alexanderplatz.mp3)\n|inactive|alexanderplatz.mp3 has 60 seconds left.\n|\n|t:|1776290883\n|teamsize|p1|4\n|teamsize|p2|4\n|start\n|switch|p1a: Nimue|Aegislash, L50, F, shiny|100/100\n|switch|p1b: Bones|Aerodactyl, L50, M|100/100\n|switch|p2a: Talonflame|Talonflame, L50, M|100/100\n|switch|p2b: Charizard|Charizard, L50, M|100/100\n|-ability|p1b: Bones|Unnerve\n|turn|1\n|inactive|alexanderplatz.mp3 has 30 seconds left.\n|\n|t:|1776290912\n|detailschange|p2b: Charizard|Charizard-Mega-X, L50, M\n|-mega|p2b: Charizard|Charizard|Charizardite X\n|move|p1a: Nimue|King's Shield|p1a: Nimue\n|-singleturn|p1a: Nimue|Protect\n|move|p2a: Talonflame|Tailwind|p2a: Talonflame\n|-sidestart|p2: benjiapollo|move: Tailwind\n|move|p2b: Charizard|Thunder Punch|p1b: Bones\n|-supereffective|p1b: Bones|1\n|-enditem|p1b: Bones|Focus Sash\n|-damage|p1b: Bones|1/100\n|move|p1b: Bones|Rock Slide|p2b: Charizard|[spread] p2a,p2b\n|-supereffective|p2a: Talonflame|2\n|-supereffective|p2b: Charizard|1\n|-enditem|p2a: Talonflame|Focus Sash\n|-damage|p2a: Talonflame|1/100\n|-damage|p2b: Charizard|46/100\n|\n|upkeep\n|turn|2\n|inactive|benjiapollo has 30 seconds left.\n|\n|t:|1776290939\n|move|p1a: Nimue|Wide Guard|p1a: Nimue\n|-singleturn|p1a: Nimue|Wide Guard\n|move|p2a: Talonflame|Brave Bird|p1b: Bones\n|-resisted|p1b: Bones|1\n|-damage|p1b: Bones|0 fnt\n|faint|p1b: Bones\n|-damage|p2a: Talonflame|0 fnt|[from] Recoil\n|faint|p2a: Talonflame\n|move|p2b: Charizard|Flare Blitz|p1a: Nimue\n|-supereffective|p1a: Nimue|1\n|-damage|p1a: Nimue|0 fnt\n|faint|p1a: Nimue\n|-damage|p2b: Charizard|16/100|[from] Recoil\n|\n|upkeep\n|\n|t:|1776290959\n|switch|p1b: AEG|Rotom-Heat, L50|100/100\n|switch|p2a: Kingambit|Kingambit, L50, F|100/100\n|switch|p1a: Sarah|Tyranitar, L50, F|100/100\n|-weather|Sandstorm|[from] ability: Sand Stream|[of] p1a: Sarah\n|turn|3\n|inactive|alexanderplatz.mp3 has 30 seconds left.\n|\n|t:|1776290987\n|move|p2b: Charizard|Protect|p2b: Charizard\n|-singleturn|p2b: Charizard|Protect\n|move|p1a: Sarah|Rock Slide|p2a: Kingambit|[spread] p2a\n|-activate|p2b: Charizard|move: Protect\n|-resisted|p2a: Kingambit|1\n|-damage|p2a: Kingambit|90/100\n|move|p2a: Kingambit|Iron Head|p1a: Sarah\n|-supereffective|p1a: Sarah|1\n|-damage|p1a: Sarah|16/100\n|move|p1b: AEG|Overheat|p2a: Kingambit\n|-supereffective|p2a: Kingambit|1\n|-damage|p2a: Kingambit|0 fnt\n|-unboost|p1b: AEG|spa|2\n|faint|p2a: Kingambit\n|\n|-weather|Sandstorm|[upkeep]\n|-damage|p2b: Charizard|10/100|[from] Sandstorm\n|-damage|p1b: AEG|95/100|[from] Sandstorm\n|upkeep\n|\n|t:|1776291003\n|switch|p2a: Basculegion|Basculegion, L50, M|100/100\n|turn|4\n|\n|t:|1776291019\n|move|p1b: AEG|Protect|p1b: AEG\n|-singleturn|p1b: AEG|Protect\n|move|p2a: Basculegion|Wave Crash|p1b: AEG\n|-activate|p1b: AEG|move: Protect\n|move|p2b: Charizard|Dragon Claw|p1a: Sarah\n|-damage|p1a: Sarah|0 fnt\n|faint|p1a: Sarah\n|\n|-weather|Sandstorm|[upkeep]\n|-damage|p2a: Basculegion|94/100|[from] Sandstorm\n|-damage|p2b: Charizard|4/100|[from] Sandstorm\n|-damage|p1b: AEG|89/100|[from] Sandstorm\n|-sideend|p2: benjiapollo|move: Tailwind\n|upkeep\n|turn|5\n|\n|t:|1776291035\n|move|p2a: Basculegion|Wave Crash|p1b: AEG\n|-supereffective|p1b: AEG|1\n|-damage|p1b: AEG|0 fnt\n|faint|p1b: AEG\n|-damage|p2a: Basculegion|75/100|[from] Recoil\n|\n|win|benjiapollo\n|raw|alexanderplatz.mp3's rating: 1166 &rarr; <strong>1147</strong><br />(-19 for losing)\n|raw|benjiapollo's rating: 1255 &rarr; <strong>1274</strong><br />(+19 for winning)\n",
  "uploadtime": 1776291044,
  "views": 32,
  "formatid": "gen9championsvgc2026regma",
  "rating": 1147,
  "private": 0,
  "password": null
}