{
  "id": "gen9championsvgc2026regma-2584031964",
  "format": "[Gen 9 Champions] VGC 2026 Reg M-A",
  "players": [
    "Nachofrize",
    "nicopoto"
  ],
  "log": "|j|\u2606Nachofrize\n|j|\u2606nicopoto\n|t:|1776218486\n|gametype|doubles\n|player|p1|Nachofrize|cynthia|1139\n|player|p2|nicopoto|ingo|1055\n|gen|9\n|tier|[Gen 9 Champions] VGC 2026 Reg M-A\n|rated|\n|rule|Species Clause: Limit one of each Pok\u00e9mon\n|rule|Item Clause: Limit 1 of each item\n|clearpoke\n|poke|p1|Sableye, L50, M|\n|poke|p1|Aggron, L50, M|\n|poke|p1|Toxapex, L50, M|\n|poke|p1|Clefable, L50, M|\n|poke|p1|Conkeldurr, L50, M|\n|poke|p1|Rotom-Mow, L50|\n|poke|p2|Farigiraf, L50, M|\n|poke|p2|Beedrill, L50, M|\n|poke|p2|Kingambit, L50, M|\n|poke|p2|Sableye, L50, M|\n|poke|p2|Sneasler, L50, F|\n|poke|p2|Chandelure, L50, M|\n|teampreview|4\n|inactive|Battle timer is ON: inactive players will automatically lose when time's up. (requested by nicopoto)\n|inactive|Nachofrize has 60 seconds left.\n|\n|t:|1776218530\n|teamsize|p1|4\n|teamsize|p2|4\n|start\n|switch|p1a: Toxapex|Toxapex, L50, M|100/100\n|switch|p1b: Sableye|Sableye, L50, M|100/100\n|switch|p2a: Farigiraf|Farigiraf, L50, M|100/100\n|switch|p2b: Chandelure|Chandelure, L50, M|100/100\n|turn|1\n|\n|t:|1776218552\n|switch|p2b: Kingambit|Kingambit, L50, M|100/100\n|move|p1b: Sableye|Light Screen|p1b: Sableye\n|-sidestart|p1: Nachofrize|move: Light Screen\n|move|p2a: Farigiraf|Future Sight|p1a: Toxapex\n|-start|p2a: Farigiraf|move: Future Sight\n|move|p1a: Toxapex|Toxic|p2b: Kingambit\n|-immune|p2b: Kingambit\n|\n|upkeep\n|turn|2\n|\n|t:|1776218572\n|switch|p2a: Beedrill|Beedrill, L50, M|100/100\n|move|p2b: Kingambit|Swords Dance|p2b: Kingambit\n|-boost|p2b: Kingambit|atk|2\n|move|p1b: Sableye|Foul Play|p2a: Beedrill\n|-damage|p2a: Beedrill|0 fnt\n|faint|p2a: Beedrill\n|move|p1a: Toxapex|Toxic|p2b: Kingambit\n|-immune|p2b: Kingambit\n|\n|upkeep\n|\n|t:|1776218585\n|switch|p2a: Farigiraf|Farigiraf, L50, M|100/100\n|turn|3\n|\n|t:|1776218599\n|move|p2a: Farigiraf|Helping Hand|p2b: Kingambit\n|-singleturn|p2b: Kingambit|Helping Hand|[of] p2a: Farigiraf\n|move|p2b: Kingambit|Kowtow Cleave|p1b: Sableye\n|-enditem|p1b: Sableye|Focus Sash\n|-damage|p1b: Sableye|1/100\n|move|p1b: Sableye|Foul Play|p2a: Farigiraf\n|-supereffective|p2a: Farigiraf|1\n|-damage|p2a: Farigiraf|53/100\n|move|p1a: Toxapex|Toxic|p2a: Farigiraf\n|-status|p2a: Farigiraf|tox\n|\n|-end|p1a: Toxapex|move: Future Sight\n|-supereffective|p1a: Toxapex|1\n|-damage|p1a: Toxapex|62/100\n|-heal|p2a: Farigiraf|59/100 tox|[from] item: Leftovers\n|-heal|p1a: Toxapex|67/100|[from] item: Leftovers\n|-damage|p2a: Farigiraf|53/100 tox|[from] psn\n|upkeep\n|turn|4\n|inactive|Nachofrize has 30 seconds left.\n|inactive|Nachofrize has 20 seconds left.\n|\n|t:|1776218634\n|move|p1b: Sableye|Quash||[still]\n|cant|p2a: Farigiraf|ability: Armor Tail|Quash|[of] p1b: Sableye\n|move|p2b: Kingambit|Swords Dance|p2b: Kingambit\n|-boost|p2b: Kingambit|atk|2\n|move|p2a: Farigiraf|Dazzling Gleam|p1a: Toxapex|[spread] p1a,p1b\n|-resisted|p1a: Toxapex|1\n|-supereffective|p1b: Sableye|1\n|-damage|p1a: Toxapex|64/100\n|-damage|p1b: Sableye|0 fnt\n|faint|p1b: Sableye\n|move|p1a: Toxapex|Liquidation|p2a: Farigiraf\n|-damage|p2a: Farigiraf|35/100 tox\n|\n|-heal|p2a: Farigiraf|41/100 tox|[from] item: Leftovers\n|-heal|p1a: Toxapex|70/100|[from] item: Leftovers\n|-damage|p2a: Farigiraf|29/100 tox|[from] psn\n|upkeep\n|\n|t:|1776218648\n|switch|p1b: Aggron|Aggron, L50, M, shiny|100/100\n|turn|5\n|\n|t:|1776218670\n|detailschange|p1b: Aggron|Aggron-Mega, L50, M, shiny\n|-mega|p1b: Aggron|Aggron|Aggronite\n|move|p2a: Farigiraf|Helping Hand|p2b: Kingambit\n|-singleturn|p2b: Kingambit|Helping Hand|[of] p2a: Farigiraf\n|move|p2b: Kingambit|Kowtow Cleave|p1a: Toxapex\n|-damage|p1a: Toxapex|0 fnt\n|faint|p1a: Toxapex\n|move|p1b: Aggron|Body Press|p2b: Kingambit\n|-supereffective|p2b: Kingambit|2\n|-enditem|p2b: Kingambit|Focus Sash\n|-damage|p2b: Kingambit|1/100\n|\n|-heal|p2a: Farigiraf|35/100 tox|[from] item: Leftovers\n|-damage|p2a: Farigiraf|16/100 tox|[from] psn\n|-sideend|p1: Nachofrize|move: Light Screen\n|upkeep\n|\n|t:|1776218681\n|switch|p1a: Clefable|Clefable, L50, M|100/100\n|turn|6\n|\n|t:|1776218693\n|move|p1a: Clefable|Protect|p1a: Clefable\n|-singleturn|p1a: Clefable|Protect\n|move|p2a: Farigiraf|Dazzling Gleam|p1b: Aggron|[spread] p1b\n|-activate|p1a: Clefable|move: Protect\n|-resisted|p1b: Aggron|1\n|-damage|p1b: Aggron|94/100\n|move|p2b: Kingambit|Kowtow Cleave|p1a: Clefable\n|-activate|p1a: Clefable|move: Protect\n|move|p1b: Aggron|Heavy Slam|p2b: Kingambit\n|-resisted|p2b: Kingambit|1\n|-damage|p2b: Kingambit|0 fnt\n|faint|p2b: Kingambit\n|\n|-heal|p2a: Farigiraf|23/100 tox|[from] item: Leftovers\n|-damage|p2a: Farigiraf|0 fnt|[from] psn\n|faint|p2a: Farigiraf\n|upkeep\n|\n|t:|1776218710\n|switch|p2a: Chandelure|Chandelure, L50, M|100/100\n|turn|7\n|\n|t:|1776218731\n|move|p2a: Chandelure|Flamethrower|p1b: Aggron\n|-supereffective|p1b: Aggron|1\n|-damage|p1b: Aggron|30/100\n|move|p1a: Clefable|Moonblast|p2a: Chandelure\n|-resisted|p2a: Chandelure|1\n|-damage|p2a: Chandelure|78/100\n|move|p1b: Aggron|Heavy Slam|p2a: Chandelure\n|-resisted|p2a: Chandelure|1\n|-damage|p2a: Chandelure|34/100\n|\n|upkeep\n|turn|8\n|\n|t:|1776218742\n|move|p1a: Clefable|Follow Me|p1a: Clefable\n|-singleturn|p1a: Clefable|move: Follow Me\n|move|p2a: Chandelure|Flamethrower|p1a: Clefable\n|-damage|p1a: Clefable|54/100\n|move|p1b: Aggron|Heavy Slam|p2a: Chandelure\n|-resisted|p2a: Chandelure|1\n|-crit|p2a: Chandelure\n|-damage|p2a: Chandelure|0 fnt\n|faint|p2a: Chandelure\n|\n|win|Nachofrize\n|raw|Nachofrize's rating: 1139 &rarr; <strong>1158</strong><br />(+19 for winning)\n|raw|nicopoto's rating: 1055 &rarr; <strong>1041</strong><br />(-14 for losing)\n|l|\u2606nicopoto\n|player|p2|\n",
  "uploadtime": 1776218767,
  "views": 15,
  "formatid": "gen9championsvgc2026regma",
  "rating": 1041,
  "private": 0,
  "password": null
}