{
  "id": "gen9championsvgc2026regma-2580693968",
  "format": "[Gen 9 Champions] VGC 2026 Reg M-A",
  "players": [
    "TheAbry",
    "Estuche"
  ],
  "log": "|j|\u2606TheAbry\n|j|\u2606Estuche\n|t:|1775924840\n|gametype|doubles\n|player|p1|TheAbry|169|1040\n|player|p2|Estuche|170|1067\n|gen|9\n|tier|[Gen 9 Champions] VGC 2026 Reg M-A\n|rated|\n|rule|Species Clause: Limit one of each Pok\u00e9mon\n|rule|Item Clause: Limit 1 of each item\n|clearpoke\n|poke|p1|Aerodactyl, L50, M|\n|poke|p1|Incineroar, L50, M|\n|poke|p1|Floette-Eternal, L50, F|\n|poke|p1|Basculegion, L50, M|\n|poke|p1|Garchomp, L50, M|\n|poke|p1|Sneasler, L50, M|\n|poke|p2|Snorlax, L50, M|\n|poke|p2|Sableye, L50, M|\n|poke|p2|Sinistcha, L50|\n|poke|p2|Incineroar, L50, F|\n|poke|p2|Sneasler, L50, F|\n|poke|p2|Audino, L50, F|\n|teampreview|4\nTheAbry has agreed to open team sheets.\nEstuche rejected open team sheets.\n|\n|t:|1775924928\n|teamsize|p1|4\n|teamsize|p2|4\n|start\n|switch|p1a: Aerodactyl|Aerodactyl, L50, M|100/100\n|switch|p1b: Floette|Floette-Eternal, L50, F|100/100\n|switch|p2a: Incineroar|Incineroar, L50, F|100/100\n|switch|p2b: Audino|Audino, L50, F|100/100\n|-ability|p1a: Aerodactyl|Unnerve\n|-ability|p2a: Incineroar|Intimidate|boost\n|-unboost|p1a: Aerodactyl|atk|1\n|-unboost|p1b: Floette|atk|1\n|turn|1\n|\n|t:|1775924958\n|detailschange|p1b: Floette|Floette-Mega, L50, F\n|-mega|p1b: Floette|Floette|Floettite\n|-ability|p1b: Floette|Fairy Aura\n|move|p1a: Aerodactyl|Protect|p1a: Aerodactyl\n|-singleturn|p1a: Aerodactyl|Protect\n|move|p2a: Incineroar|Fake Out|p1a: Aerodactyl\n|-activate|p1a: Aerodactyl|move: Protect\n|move|p1b: Floette|Moonblast|p2a: Incineroar\n|-damage|p2a: Incineroar|28/100\n|move|p2b: Audino|Trick Room|p2b: Audino\n|-fieldstart|move: Trick Room|[of] p2b: Audino\n|\n|upkeep\n|turn|2\n|\n|t:|1775924986\n|move|p1b: Floette|Protect|p1b: Floette\n|-singleturn|p1b: Floette|Protect\n|move|p2b: Audino|Reflect|p2b: Audino\n|-sidestart|p2: Estuche|Reflect\n|move|p2a: Incineroar|Flare Blitz|p1b: Floette\n|-activate|p1b: Floette|move: Protect\n|move|p1a: Aerodactyl|Rock Slide|p2a: Incineroar|[spread] p2b\n|-miss|p1a: Aerodactyl|p2a: Incineroar\n|-damage|p2b: Audino|91/100\n|\n|upkeep\n|turn|3\n|\n|t:|1775925035\n|switch|p1b: Basculegion|Basculegion, L50, M|100/100\n|move|p1a: Aerodactyl|Protect|p1a: Aerodactyl\n|-singleturn|p1a: Aerodactyl|Protect\n|move|p2b: Audino|Heal Pulse|p2a: Incineroar\n|-heal|p2a: Incineroar|78/100\n|move|p2a: Incineroar|Flare Blitz|p1b: Basculegion\n|-resisted|p1b: Basculegion|1\n|-damage|p1b: Basculegion|62/100\n|-damage|p2a: Incineroar|65/100|[from] Recoil\n|\n|upkeep\n|turn|4\n|\n|t:|1775925052\n|switch|p1b: Floette|Floette-Mega, L50, F|100/100\n|-ability|p1b: Floette|Fairy Aura\n|move|p2b: Audino|Heal Pulse|p2a: Incineroar\n|-heal|p2a: Incineroar|100/100\n|move|p2a: Incineroar|Darkest Lariat|p1b: Floette\n|-resisted|p1b: Floette|1\n|-damage|p1b: Floette|69/100\n|move|p1a: Aerodactyl|Rock Slide|p2b: Audino|[spread] p2b\n|-miss|p1a: Aerodactyl|p2a: Incineroar\n|-damage|p2b: Audino|83/100\n|\n|upkeep\n|turn|5\n|\n|t:|1775925070\n|move|p1b: Floette|Protect|p1b: Floette\n|-singleturn|p1b: Floette|Protect\n|move|p2b: Audino|Dazzling Gleam|p1b: Floette|[spread] p1a\n|-activate|p1b: Floette|move: Protect\n|-damage|p1a: Aerodactyl|80/100\n|move|p2a: Incineroar|Flare Blitz|p1b: Floette\n|-activate|p1b: Floette|move: Protect\n|move|p1a: Aerodactyl|Tailwind|p1a: Aerodactyl\n|-sidestart|p1: TheAbry|move: Tailwind\n|\n|-fieldend|move: Trick Room\n|upkeep\n|turn|6\n|\n|t:|1775925105\n|move|p1a: Aerodactyl|Rock Slide|p2b: Audino|[spread] p2b\n|-miss|p1a: Aerodactyl|p2a: Incineroar\n|-damage|p2b: Audino|74/100\n|move|p1b: Floette|Light of Ruin|p2a: Incineroar\n|-damage|p2a: Incineroar|0 fnt\n|faint|p2a: Incineroar\n|-damage|p1b: Floette|2/100|[from] Recoil\n|cant|p2b: Audino|flinch\n|\n|-sideend|p2: Estuche|Reflect\n|upkeep\n|\n|t:|1775925119\n|switch|p2a: Snorlax|Snorlax, L50, M|100/100\n|turn|7\n|c|\u2606TheAbry|bright powder incin??\n|c|\u2606Estuche|Nope, just bad rng\n|\n|t:|1775925145\n|move|p2a: Snorlax|Protect|p2a: Snorlax\n|-singleturn|p2a: Snorlax|Protect\n|move|p1a: Aerodactyl|Dual Wingbeat|p2b: Audino\n|-damage|p2b: Audino|64/100\n|-damage|p2b: Audino|55/100\n|-hitcount|p2b: Audino|2\n|move|p1b: Floette|Moonblast|p2b: Audino\n|-damage|p2b: Audino|0 fnt\n|faint|p2b: Audino\n|\n|upkeep\n|c|\u2606TheAbry|real\n|\n|t:|1775925154\n|switch|p2b: Sneasler|Sneasler, L50, F|100/100\n|turn|8\n|\n|t:|1775925167\n|move|p1a: Aerodactyl|Protect|p1a: Aerodactyl\n|-singleturn|p1a: Aerodactyl|Protect\n|move|p1b: Floette|Protect|p1b: Floette\n|-singleturn|p1b: Floette|Protect\n|move|p2b: Sneasler|Dire Claw|p1b: Floette\n|-activate|p1b: Floette|move: Protect\n|move|p2a: Snorlax|Curse|p2a: Snorlax\n|-unboost|p2a: Snorlax|spe|1\n|-boost|p2a: Snorlax|atk|1\n|-boost|p2a: Snorlax|def|1\n|\n|-sideend|p1: TheAbry|move: Tailwind\n|upkeep\n|turn|9\n|\n|t:|1775925190\n|move|p1a: Aerodactyl|Tailwind|p1a: Aerodactyl\n|-sidestart|p1: TheAbry|move: Tailwind\n|move|p1b: Floette|Moonblast|p2a: Snorlax\n|-damage|p2a: Snorlax|59/100\n|move|p2b: Sneasler|Dire Claw|p1a: Aerodactyl\n|-resisted|p1a: Aerodactyl|1\n|-damage|p1a: Aerodactyl|48/100\n|move|p2a: Snorlax|Crunch|p1b: Floette\n|-resisted|p1b: Floette|1\n|-damage|p1b: Floette|0 fnt\n|faint|p1b: Floette\n|\n|-heal|p2a: Snorlax|65/100|[from] item: Leftovers\n|upkeep\n|\n|t:|1775925199\n|switch|p1b: Sneasler|Sneasler, L50, M|100/100\n|turn|10\n|\n|t:|1775925219\n|move|p2a: Snorlax|Protect|p2a: Snorlax\n|-singleturn|p2a: Snorlax|Protect\n|move|p1a: Aerodactyl|Dual Wingbeat|p2b: Sneasler\n|-supereffective|p2b: Sneasler|1\n|-damage|p2b: Sneasler|62/100\n|-supereffective|p2b: Sneasler|1\n|-damage|p2b: Sneasler|19/100\n|-hitcount|p2b: Sneasler|2\n|move|p1b: Sneasler|Close Combat|p2a: Snorlax\n|-activate|p2a: Snorlax|move: Protect\n|move|p2b: Sneasler|Dire Claw|p1b: Sneasler\n|-resisted|p1b: Sneasler|1\n|-crit|p1b: Sneasler\n|-damage|p1b: Sneasler|50/100\n|\n|-heal|p2a: Snorlax|71/100|[from] item: Leftovers\n|upkeep\n|turn|11\n|\n|t:|1775925237\n|move|p1a: Aerodactyl|Dual Wingbeat|p2b: Sneasler\n|-supereffective|p2b: Sneasler|1\n|-damage|p2b: Sneasler|0 fnt\n|faint|p2b: Sneasler\n|-hitcount|p2: Sneasler|1\n|move|p1b: Sneasler|Close Combat|p2a: Snorlax\n|-supereffective|p2a: Snorlax|1\n|-crit|p2a: Snorlax\n|-damage|p2a: Snorlax|0 fnt\n|-unboost|p1b: Sneasler|def|1\n|-unboost|p1b: Sneasler|spd|1\n|faint|p2a: Snorlax\n|\n|win|TheAbry\n|raw|TheAbry's rating: 1040 &rarr; <strong>1077</strong><br />(+37 for winning)\n|raw|Estuche's rating: 1067 &rarr; <strong>1045</strong><br />(-22 for losing)\n|l|\u2606Estuche\n|player|p2|\n",
  "uploadtime": 1775925800,
  "views": 10,
  "formatid": "gen9championsvgc2026regma",
  "rating": 1045,
  "private": 0,
  "password": null
}