{
  "id": "gen9championsvgc2026regma-2581323615",
  "format": "[Gen 9 Champions] VGC 2026 Reg M-A",
  "players": [
    "moriganpipe",
    "mrgreen123654"
  ],
  "log": "|j|\u2606moriganpipe\n|j|\u2606mrgreen123654\n|t:|1775986656\n|gametype|doubles\n|player|p1|moriganpipe|1|1360\n|player|p2|mrgreen123654|scientist-gen4dp|1318\n|gen|9\n|tier|[Gen 9 Champions] VGC 2026 Reg M-A\n|rated|\n|rule|Species Clause: Limit one of each Pok\u00e9mon\n|rule|Item Clause: Limit 1 of each item\n|clearpoke\n|poke|p1|Tyranitar, L50, M|\n|poke|p1|Excadrill, L50, M|\n|poke|p1|Incineroar, L50, M|\n|poke|p1|Sinistcha, L50|\n|poke|p1|Corviknight, L50, M|\n|poke|p1|Rotom-Wash, L50|\n|poke|p2|Froslass, L50, F|\n|poke|p2|Beartic, L50, M|\n|poke|p2|Goodra-Hisui, L50, F|\n|poke|p2|Incineroar, L50, M|\n|poke|p2|Whimsicott, L50, M|\n|poke|p2|Sinistcha, L50|\n|teampreview|4\n|c|\u2606moriganpipe|Cool team\n|c|\u2606moriganpipe|Glhf\n|j| whitetimeshadow\n|inactive|Battle timer is ON: inactive players will automatically lose when time's up. (requested by mrgreen123654)\n|j| gE1xjZRtuhW2DdT0AK\n|l| whitetimeshadow\n|\n|t:|1775986720\n|teamsize|p1|4\n|teamsize|p2|4\n|start\n|switch|p1a: Tyranitar|Tyranitar, L50, M|100/100\n|switch|p1b: Incineroar|Incineroar, L50, M|100/100\n|switch|p2a: Froslass|Froslass, L50, F|100/100\n|switch|p2b: Whimsicott|Whimsicott, L50, M|100/100\n|-weather|Sandstorm|[from] ability: Sand Stream|[of] p1a: Tyranitar\n|-ability|p1b: Incineroar|Intimidate|boost\n|-unboost|p2a: Froslass|atk|1\n|-unboost|p2b: Whimsicott|atk|1\n|turn|1\n|\n|t:|1775986740\n|switch|p2b: Goodra|Goodra-Hisui, L50, F|100/100\n|move|p2a: Froslass|Protect|p2a: Froslass\n|-singleturn|p2a: Froslass|Protect\n|move|p1a: Tyranitar|Protect|p1a: Tyranitar\n|-singleturn|p1a: Tyranitar|Protect\n|move|p1b: Incineroar|Flare Blitz|p2b: Goodra\n|-damage|p2b: Goodra|58/100\n|-damage|p1b: Incineroar|90/100|[from] Recoil\n|\n|-weather|Sandstorm|[upkeep]\n|-damage|p2a: Froslass|94/100|[from] Sandstorm\n|-damage|p1b: Incineroar|84/100|[from] Sandstorm\n|-heal|p2b: Goodra|64/100|[from] item: Leftovers\n|upkeep\n|turn|2\n|\n|t:|1775986756\n|switch|p2a: Whimsicott|Whimsicott, L50, M|100/100\n|detailschange|p1a: Tyranitar|Tyranitar-Mega, L50, M\n|-mega|p1a: Tyranitar|Tyranitar|Tyranitarite\n|move|p1a: Tyranitar|Rock Slide|p2b: Goodra|[spread] p2a,p2b\n|-resisted|p2b: Goodra|1\n|-damage|p2a: Whimsicott|58/100\n|-damage|p2b: Goodra|48/100\n|move|p1b: Incineroar|Will-O-Wisp|p2b: Goodra\n|-status|p2b: Goodra|brn\n|move|p2b: Goodra|Shelter|p2b: Goodra\n|-boost|p2b: Goodra|def|2\n|\n|-weather|Sandstorm|[upkeep]\n|-damage|p2a: Whimsicott|52/100|[from] Sandstorm\n|-damage|p1b: Incineroar|78/100|[from] Sandstorm\n|-heal|p2b: Goodra|54/100 brn|[from] item: Leftovers\n|-damage|p2b: Goodra|48/100 brn|[from] brn\n|upkeep\n|turn|3\n|\n|t:|1775986779\n|move|p2a: Whimsicott|Tailwind|p2a: Whimsicott\n|-sidestart|p2: mrgreen123654|move: Tailwind\n|move|p2b: Goodra|Body Press|p1a: Tyranitar\n|-supereffective|p1a: Tyranitar|2\n|-damage|p1a: Tyranitar|45/100\n|move|p1a: Tyranitar|Low Kick|p2b: Goodra\n|-supereffective|p2b: Goodra|1\n|-damage|p2b: Goodra|8/100 brn\n|move|p1b: Incineroar|Flare Blitz|p2a: Whimsicott\n|-supereffective|p2a: Whimsicott|1\n|-damage|p2a: Whimsicott|0 fnt\n|faint|p2a: Whimsicott\n|-damage|p1b: Incineroar|66/100|[from] Recoil\n|\n|-weather|Sandstorm|[upkeep]\n|-damage|p1b: Incineroar|60/100|[from] Sandstorm\n|-heal|p2b: Goodra|13/100 brn|[from] item: Leftovers\n|-damage|p2b: Goodra|8/100 brn|[from] brn\n|upkeep\n|\n|t:|1775986789\n|switch|p2a: Froslass|Froslass, L50, F|94/100\n|turn|4\n|\n|t:|1775986802\n|switch|p1a: Corviknight|Corviknight, L50, M|100/100\n|detailschange|p2a: Froslass|Froslass-Mega, L50, F\n|-mega|p2a: Froslass|Froslass|Froslassite\n|-weather|Snowscape|[from] ability: Snow Warning|[of] p2a: Froslass\n|move|p2a: Froslass|Aurora Veil|p2a: Froslass\n|-sidestart|p2: mrgreen123654|move: Aurora Veil\n|move|p2b: Goodra|Body Press|p1b: Incineroar\n|-supereffective|p1b: Incineroar|1\n|-damage|p1b: Incineroar|30/100\n|-enditem|p1b: Incineroar|Sitrus Berry|[eat]\n|-heal|p1b: Incineroar|54/100|[from] item: Sitrus Berry\n|move|p1b: Incineroar|Parting Shot|p2a: Froslass\n|-unboost|p2a: Froslass|atk|1\n|-unboost|p2a: Froslass|spa|1\n|\n|t:|1775986817\n|switch|p1b: Tyranitar|Tyranitar-Mega, L50, M|45/100|[from] Parting Shot\n|-weather|Sandstorm|[from] ability: Sand Stream|[of] p1b: Tyranitar\n|\n|-weather|Sandstorm|[upkeep]\n|-damage|p2a: Froslass|88/100|[from] Sandstorm\n|-heal|p2b: Goodra|13/100 brn|[from] item: Leftovers\n|-damage|p2b: Goodra|8/100 brn|[from] brn\n|upkeep\n|turn|5\n|inactive|moriganpipe has 30 seconds left.\n|\n|t:|1775986848\n|switch|p2a: Beartic|Beartic, L50, M|100/100\n|switch|p1b: Incineroar|Incineroar, L50, M|54/100\n|-ability|p1b: Incineroar|Intimidate|boost\n|-unboost|p2a: Beartic|atk|1\n|-unboost|p2b: Goodra|atk|1\n|move|p2b: Goodra|Body Press|p1b: Incineroar\n|-supereffective|p1b: Incineroar|1\n|-damage|p1b: Incineroar|25/100\n|move|p1a: Corviknight|Bulk Up|p1a: Corviknight\n|-boost|p1a: Corviknight|atk|1\n|-boost|p1a: Corviknight|def|1\n|\n|-weather|Sandstorm|[upkeep]\n|-damage|p2a: Beartic|95/100|[from] Sandstorm\n|-damage|p1b: Incineroar|19/100|[from] Sandstorm\n|-heal|p2b: Goodra|13/100 brn|[from] item: Leftovers\n|-damage|p2b: Goodra|8/100 brn|[from] brn\n|upkeep\n|turn|6\n|inactive|mrgreen123654 has 30 seconds left.\n|\n|t:|1775986874\n|switch|p2a: Froslass|Froslass-Mega, L50, F|88/100\n|-weather|Snowscape|[from] ability: Snow Warning|[of] p2a: Froslass\n|move|p1b: Incineroar|Fake Out|p2b: Goodra\n|-resisted|p2b: Goodra|1\n|-damage|p2b: Goodra|6/100 brn\n|cant|p2b: Goodra|flinch\n|move|p1a: Corviknight|Iron Head|p2a: Froslass\n|-supereffective|p2a: Froslass|1\n|-damage|p2a: Froslass|33/100\n|\n|-weather|Snowscape|[upkeep]\n|-heal|p2b: Goodra|11/100 brn|[from] item: Leftovers\n|-damage|p2b: Goodra|6/100 brn|[from] brn\n|-sideend|p2: mrgreen123654|move: Tailwind\n|upkeep\n|turn|7\n|inactive|moriganpipe has 30 seconds left.\n|\n|t:|1775986907\n|switch|p1b: Tyranitar|Tyranitar-Mega, L50, M|45/100\n|-weather|Sandstorm|[from] ability: Sand Stream|[of] p1b: Tyranitar\n|move|p2a: Froslass|Blizzard|p1b: Tyranitar|[spread] p1a\n|-miss|p2a: Froslass|p1b: Tyranitar\n|-damage|p1a: Corviknight|71/100\n|move|p1a: Corviknight|Brave Bird|p2b: Goodra\n|-resisted|p2b: Goodra|1\n|-damage|p2b: Goodra|0 fnt\n|faint|p2b: Goodra\n|-damage|p1a: Corviknight|70/100|[from] Recoil\n|\n|-weather|Sandstorm|[upkeep]\n|-damage|p2a: Froslass|27/100|[from] Sandstorm\n|-heal|p1a: Corviknight|76/100|[from] item: Leftovers\n|upkeep\n|\n|t:|1775986923\n|switch|p2b: Beartic|Beartic, L50, M|95/100\n|turn|8\n|\n|t:|1775986940\n|switch|p1b: Incineroar|Incineroar, L50, M|19/100\n|-ability|p1b: Incineroar|Intimidate|boost\n|-unboost|p2a: Froslass|atk|1\n|-unboost|p2b: Beartic|atk|1\n|move|p2a: Froslass|Blizzard|p1a: Corviknight|[spread] p1a\n|-miss|p2a: Froslass|p1b: Incineroar\n|-damage|p1a: Corviknight|45/100\n|move|p2b: Beartic|Close Combat|p1b: Incineroar\n|-supereffective|p1b: Incineroar|1\n|-damage|p1b: Incineroar|0 fnt\n|-unboost|p2b: Beartic|def|1\n|-unboost|p2b: Beartic|spd|1\n|faint|p1b: Incineroar\n|move|p1a: Corviknight|Iron Head|p2a: Froslass\n|-supereffective|p2a: Froslass|1\n|-damage|p2a: Froslass|0 fnt\n|faint|p2a: Froslass\n|\n|-weather|Sandstorm|[upkeep]\n|-damage|p2b: Beartic|89/100|[from] Sandstorm\n|-heal|p1a: Corviknight|51/100|[from] item: Leftovers\n|-sideend|p2: mrgreen123654|move: Aurora Veil\n|upkeep\n|\n|t:|1775986951\n|switch|p1b: Excadrill|Excadrill, L50, M|100/100\n|turn|9\n|\n|t:|1775986958\n|move|p1b: Excadrill|Iron Head|p2b: Beartic\n|-supereffective|p2b: Beartic|1\n|-damage|p2b: Beartic|0 fnt\n|faint|p2b: Beartic\n|\n|win|moriganpipe\n|raw|moriganpipe's rating: 1360 &rarr; <strong>1378</strong><br />(+18 for winning)\n|raw|mrgreen123654's rating: 1318 &rarr; <strong>1300</strong><br />(-18 for losing)\n|l|\u2606moriganpipe\n|player|p1|\n|l|\u2606mrgreen123654\n|player|p2|\n",
  "uploadtime": 1775987002,
  "views": 23,
  "formatid": "gen9championsvgc2026regma",
  "rating": 1300,
  "private": 0,
  "password": null
}