{
  "id": "gen9championsvgc2026regma-2585996821",
  "format": "[Gen 9 Champions] VGC 2026 Reg M-A",
  "players": [
    "miraieee",
    "AidzPlayz"
  ],
  "log": "|j|\u2606miraieee\n|j|\u2606AidzPlayz\n|t:|1776388707\n|gametype|doubles\n|player|p1|miraieee|zinnia|1218\n|player|p2|AidzPlayz|ghetsis-gen5bw|1233\n|gen|9\n|tier|[Gen 9 Champions] VGC 2026 Reg M-A\n|rated|\n|rule|Species Clause: Limit one of each Pok\u00e9mon\n|rule|Item Clause: Limit 1 of each item\n|clearpoke\n|poke|p1|Aerodactyl, L50, F|\n|poke|p1|Glimmora, L50, F|\n|poke|p1|Scizor, L50, F|\n|poke|p1|Tsareena, L50, F|\n|poke|p1|Basculegion, L50, M|\n|poke|p1|Maushold, L50|\n|poke|p2|Aerodactyl, L50, F|\n|poke|p2|Incineroar, L50, M|\n|poke|p2|Floette-Eternal, L50, F|\n|poke|p2|Basculegion, L50, M|\n|poke|p2|Garchomp, L50, M|\n|poke|p2|Sneasler, L50, M|\n|teampreview|4\n|inactive|Battle timer is ON: inactive players will automatically lose when time's up. (requested by AidzPlayz)\n|\n|t:|1776388750\n|teamsize|p1|4\n|teamsize|p2|4\n|start\n|switch|p1a: Aerodactyl|Aerodactyl, L50, F|100/100\n|switch|p1b: Tsareena|Tsareena, L50, F|100/100\n|switch|p2a: Aerodactyl|Aerodactyl, L50, F|100/100\n|switch|p2b: Garchomp|Garchomp, L50, M|100/100\n|-ability|p1a: Aerodactyl|Unnerve\n|-ability|p2a: Aerodactyl|Unnerve\n|turn|1\n|inactive|miraieee has 30 seconds left.\n|inactive|AidzPlayz has 30 seconds left.\n|\n|t:|1776388782\n|move|p2b: Garchomp|Protect|p2b: Garchomp\n|-singleturn|p2b: Garchomp|Protect\n|move|p1a: Aerodactyl|Tailwind|p1a: Aerodactyl\n|-sidestart|p1: miraieee|move: Tailwind\n|move|p1b: Tsareena|Power Whip|p2b: Garchomp\n|-activate|p2b: Garchomp|move: Protect\n|move|p2a: Aerodactyl|Dual Wingbeat|p1b: Tsareena\n|-supereffective|p1b: Tsareena|1\n|-damage|p1b: Tsareena|56/100\n|-supereffective|p1b: Tsareena|1\n|-damage|p1b: Tsareena|16/100\n|-hitcount|p1b: Tsareena|2\n|\n|upkeep\n|turn|2\n|\n|t:|1776388805\n|switch|p2b: Sneasler|Sneasler, L50, M|100/100\n|move|p1a: Aerodactyl|Rock Slide|p2b: Sneasler|[spread] p2a,p2b\n|-supereffective|p2a: Aerodactyl|1\n|-resisted|p2b: Sneasler|1\n|-damage|p2a: Aerodactyl|23/100\n|-damage|p2b: Sneasler|80/100\n|move|p1b: Tsareena|U-turn|p2b: Sneasler\n|-resisted|p2b: Sneasler|2\n|-damage|p2b: Sneasler|70/100\n|\n|t:|1776388819\n|switch|p1b: Glimmora|Glimmora, L50, F|100/100|[from] U-turn\n|cant|p2a: Aerodactyl|flinch\n|\n|upkeep\n|turn|3\n|inactive|miraieee has 30 seconds left.\n|inactive|AidzPlayz has 30 seconds left.\n|\n|t:|1776388848\n|detailschange|p1b: Glimmora|Glimmora-Mega, L50, F\n|-mega|p1b: Glimmora|Glimmora|Glimmoranite\n|move|p2a: Aerodactyl|Protect|p2a: Aerodactyl\n|-singleturn|p2a: Aerodactyl|Protect\n|move|p2b: Sneasler|Protect|p2b: Sneasler\n|-singleturn|p2b: Sneasler|Protect\n|move|p1a: Aerodactyl|Dual Wingbeat|p2b: Sneasler\n|-activate|p2b: Sneasler|move: Protect\n|move|p1b: Glimmora|Earth Power|p2b: Sneasler\n|-activate|p2b: Sneasler|move: Protect\n|\n|upkeep\n|turn|4\n|\n|t:|1776388867\n|switch|p2b: Garchomp|Garchomp, L50, M|100/100\n|move|p1a: Aerodactyl|Rock Slide|p2b: Garchomp|[spread] p2b\n|-miss|p1a: Aerodactyl|p2a: Aerodactyl\n|-resisted|p2b: Garchomp|1\n|-damage|p2b: Garchomp|87/100\n|move|p1b: Glimmora|Earth Power|p2b: Garchomp\n|-damage|p2b: Garchomp|45/100\n|move|p2a: Aerodactyl|Tailwind|p2a: Aerodactyl\n|-sidestart|p2: AidzPlayz|move: Tailwind\n|\n|-sideend|p1: miraieee|move: Tailwind\n|upkeep\n|turn|5\n|inactive|miraieee has 30 seconds left.\n|\n|t:|1776388893\n|move|p1a: Aerodactyl|Protect|p1a: Aerodactyl\n|-singleturn|p1a: Aerodactyl|Protect\n|move|p2a: Aerodactyl|Rock Slide|p1b: Glimmora|[spread] p1b\n|-activate|p1a: Aerodactyl|move: Protect\n|-damage|p1b: Glimmora|76/100\n|move|p2b: Garchomp|Earthquake|p1a: Aerodactyl|[spread] p1b\n|-activate|p1a: Aerodactyl|move: Protect\n|-immune|p2a: Aerodactyl\n|-supereffective|p1b: Glimmora|2\n|-damage|p1b: Glimmora|0 fnt\n|faint|p1b: Glimmora\n|\n|upkeep\n|\n|t:|1776388905\n|switch|p1b: Scizor|Scizor, L50, F|100/100\n|turn|6\n|\n|t:|1776388915\n|move|p1b: Scizor|Bullet Punch|p2a: Aerodactyl\n|-supereffective|p2a: Aerodactyl|1\n|-crit|p2a: Aerodactyl\n|-damage|p2a: Aerodactyl|0 fnt\n|faint|p2a: Aerodactyl\n|move|p2b: Garchomp|Earthquake|p1a: Aerodactyl|[spread] p1b\n|-immune|p1a: Aerodactyl\n|-damage|p1b: Scizor|56/100\n|move|p1a: Aerodactyl|Tailwind|p1a: Aerodactyl\n|-sidestart|p1: miraieee|move: Tailwind\n|\n|upkeep\n|\n|t:|1776388926\n|switch|p2a: Sneasler|Sneasler, L50, M|70/100\n|turn|7\n|\n|t:|1776388944\n|move|p1a: Aerodactyl|Protect|p1a: Aerodactyl\n|-singleturn|p1a: Aerodactyl|Protect\n|move|p2a: Sneasler|Protect|p2a: Sneasler\n|-singleturn|p2a: Sneasler|Protect\n|move|p1b: Scizor|Protect|p1b: Scizor\n|-singleturn|p1b: Scizor|Protect\n|move|p2b: Garchomp|Rock Slide|p1a: Aerodactyl|[spread] \n|-activate|p1a: Aerodactyl|move: Protect\n|-activate|p1b: Scizor|move: Protect\n|\n|-sideend|p2: AidzPlayz|move: Tailwind\n|upkeep\n|turn|8\n|\n|t:|1776388968\n|move|p2a: Sneasler|Protect|p2a: Sneasler\n|-singleturn|p2a: Sneasler|Protect\n|move|p1a: Aerodactyl|Dual Wingbeat|p2a: Sneasler\n|-activate|p2a: Sneasler|move: Protect\n|move|p1b: Scizor|Swords Dance|p1b: Scizor\n|-boost|p1b: Scizor|atk|2\n|move|p2b: Garchomp|Rock Slide|p1b: Scizor|[spread] p1b\n|-miss|p2b: Garchomp|p1a: Aerodactyl\n|-damage|p1b: Scizor|36/100\n|\n|upkeep\n|turn|9\n|inactive|miraieee has 30 seconds left.\n|\n|t:|1776389002\n|switch|p2a: Floette|Floette-Eternal, L50, F|100/100\n|move|p1a: Aerodactyl|Dual Wingbeat|p2a: Floette\n|-damage|p2a: Floette|70/100\n|-damage|p2a: Floette|40/100\n|-hitcount|p2a: Floette|2\n|move|p1b: Scizor|Bug Bite|p2b: Garchomp\n|-damage|p2b: Garchomp|0 fnt\n|-enditem|p2b: Garchomp|Haban Berry|[from] stealeat|[move] Bug Bite|[of] p1b: Scizor\n|-damage|p1b: Scizor|24/100|[from] ability: Rough Skin|[of] p2b: Garchomp\n|faint|p2b: Garchomp\n|\n|-sideend|p1: miraieee|move: Tailwind\n|upkeep\n|\n|t:|1776389014\n|switch|p2b: Sneasler|Sneasler, L50, M|70/100\n|turn|10\n|\n|t:|1776389033\n|detailschange|p2a: Floette|Floette-Mega, L50, F\n|-mega|p2a: Floette|Floette|Floettite\n|-ability|p2a: Floette|Fairy Aura\n|move|p2a: Floette|Protect|p2a: Floette\n|-singleturn|p2a: Floette|Protect\n|move|p1b: Scizor|Protect|p1b: Scizor\n|-singleturn|p1b: Scizor|Protect\n|move|p1a: Aerodactyl|Dual Wingbeat|p2b: Sneasler|[miss]\n|-miss|p1a: Aerodactyl|p2b: Sneasler\n|move|p2b: Sneasler|Close Combat|p1b: Scizor\n|-activate|p1b: Scizor|move: Protect\n|\n|upkeep\n|turn|11\n|\n|t:|1776389050\n|move|p1b: Scizor|Bullet Punch|p2a: Floette\n|-supereffective|p2a: Floette|1\n|-damage|p2a: Floette|0 fnt\n|faint|p2a: Floette\n|move|p1a: Aerodactyl|Dual Wingbeat|p2b: Sneasler\n|-supereffective|p2b: Sneasler|1\n|-damage|p2b: Sneasler|7/100\n|-supereffective|p2b: Sneasler|1\n|-crit|p2b: Sneasler\n|-damage|p2b: Sneasler|0 fnt\n|faint|p2b: Sneasler\n|-hitcount|p2: Sneasler|2\n|\n|win|miraieee\n|raw|miraieee's rating: 1218 &rarr; <strong>1244</strong><br />(+26 for winning)\n|raw|AidzPlayz's rating: 1233 &rarr; <strong>1207</strong><br />(-26 for losing)\n",
  "uploadtime": 1776389051,
  "views": 20,
  "formatid": "gen9championsvgc2026regma",
  "rating": 1207,
  "private": 0,
  "password": null
}