{
  "id": "gen9championsvgc2026regma-2584165082",
  "format": "[Gen 9 Champions] VGC 2026 Reg M-A",
  "players": [
    "NoplayerCh",
    "ironman3168"
  ],
  "log": "|j|\u2606NoplayerCh\n|j|\u2606ironman3168\n|t:|1776233048\n|gametype|doubles\n|player|p1|NoplayerCh|cynthia-gen4|1142\n|player|p2|ironman3168|ash|1096\n|gen|9\n|tier|[Gen 9 Champions] VGC 2026 Reg M-A\n|rated|\n|rule|Species Clause: Limit one of each Pok\u00e9mon\n|rule|Item Clause: Limit 1 of each item\n|clearpoke\n|poke|p1|Floette-Eternal, L50, F|\n|poke|p1|Incineroar, L50, F|\n|poke|p1|Sinistcha, L50|\n|poke|p1|Garchomp, L50, F|\n|poke|p1|Talonflame, L50, F|\n|poke|p1|Basculegion-F, L50, F|\n|poke|p2|Charizard, L50, M|\n|poke|p2|Venusaur, L50, M|\n|poke|p2|Milotic, L50, M|\n|poke|p2|Archaludon, L50, F|\n|poke|p2|Whimsicott, L50, F|\n|poke|p2|Sneasler, L50, F|\n|teampreview|4\n|\n|t:|1776233071\n|teamsize|p1|4\n|teamsize|p2|4\n|start\n|switch|p1a: Talonflame|Talonflame, L50, F|100/100\n|switch|p1b: Garchomp|Garchomp, L50, F|100/100\n|switch|p2a: Milotic|Milotic, L50, M|100/100\n|switch|p2b: Charizard|Charizard, L50, M, shiny|100/100\n|turn|1\n|\n|t:|1776233092\n|switch|p2b: Archaludon|Archaludon, L50, F|100/100\n|move|p1a: Talonflame|Tailwind|p1a: Talonflame\n|-sidestart|p1: NoplayerCh|move: Tailwind\n|move|p1b: Garchomp|Stone Edge|p2b: Archaludon|[miss]\n|-miss|p1b: Garchomp|p2b: Archaludon\n|move|p2a: Milotic|Icy Wind|p1b: Garchomp|[spread] p1a,p1b\n|-supereffective|p1b: Garchomp|2\n|-damage|p1a: Talonflame|85/100\n|-damage|p1b: Garchomp|60/100\n|-unboost|p1a: Talonflame|spe|1\n|-unboost|p1b: Garchomp|spe|1\n|\n|upkeep\n|turn|2\n|\n|t:|1776233121\n|move|p1a: Talonflame|Protect|p1a: Talonflame\n|-singleturn|p1a: Talonflame|Protect\n|move|p2b: Archaludon|Thunderbolt|p1a: Talonflame\n|-activate|p1a: Talonflame|move: Protect\n|move|p1b: Garchomp|Earthquake|p2b: Archaludon|[spread] p2a,p2b\n|-activate|p1a: Talonflame|move: Protect\n|-supereffective|p2b: Archaludon|1\n|-crit|p2b: Archaludon\n|-damage|p2a: Milotic|57/100\n|-damage|p2b: Archaludon|0 fnt\n|faint|p2b: Archaludon\n|move|p2a: Milotic|Icy Wind|p1b: Garchomp|[spread] p1b\n|-activate|p1a: Talonflame|move: Protect\n|-supereffective|p1b: Garchomp|2\n|-damage|p1b: Garchomp|21/100\n|-unboost|p1b: Garchomp|spe|1\n|\n|-heal|p2a: Milotic|63/100|[from] item: Leftovers\n|upkeep\n|\n|t:|1776233130\n|switch|p2b: Charizard|Charizard, L50, M, shiny|100/100\n|turn|3\n|\n|t:|1776233143\n|move|p1b: Garchomp|Protect|p1b: Garchomp\n|-singleturn|p1b: Garchomp|Protect\n|move|p2b: Charizard|Protect|p2b: Charizard\n|-singleturn|p2b: Charizard|Protect\n|move|p1a: Talonflame|Dual Wingbeat|p2b: Charizard\n|-activate|p2b: Charizard|move: Protect\n|move|p2a: Milotic|Icy Wind|p1a: Talonflame|[spread] p1a\n|-activate|p1b: Garchomp|move: Protect\n|-damage|p1a: Talonflame|70/100\n|-unboost|p1a: Talonflame|spe|1\n|\n|-heal|p2a: Milotic|69/100|[from] item: Leftovers\n|upkeep\n|turn|4\n|\n|t:|1776233167\n|move|p1a: Talonflame|Protect|p1a: Talonflame\n|-singleturn|p1a: Talonflame|Protect\n|move|p1b: Garchomp|Dragon Claw|p2b: Charizard\n|-damage|p2b: Charizard|42/100\n|move|p2b: Charizard|Dragon Dance|p2b: Charizard\n|-boost|p2b: Charizard|atk|1\n|-boost|p2b: Charizard|spe|1\n|move|p2a: Milotic|Icy Wind|p1b: Garchomp|[spread] p1b\n|-activate|p1a: Talonflame|move: Protect\n|-supereffective|p1b: Garchomp|2\n|-damage|p1b: Garchomp|0 fnt\n|faint|p1b: Garchomp\n|\n|-heal|p2a: Milotic|75/100|[from] item: Leftovers\n|-sideend|p1: NoplayerCh|move: Tailwind\n|upkeep\n|\n|t:|1776233178\n|switch|p1b: Basculegion|Basculegion-F, L50, F|100/100\n|turn|5\n|\n|t:|1776233190\n|detailschange|p2b: Charizard|Charizard-Mega-X, L50, M, shiny\n|-mega|p2b: Charizard|Charizard|Charizardite X\n|move|p1b: Basculegion|Muddy Water|p2b: Charizard|[spread] p2a,p2b\n|-resisted|p2a: Milotic|1\n|-damage|p2a: Milotic|65/100\n|-damage|p2b: Charizard|2/100\n|move|p2b: Charizard|Dragon Claw|p1b: Basculegion\n|-damage|p1b: Basculegion|8/100\n|move|p2a: Milotic|Life Dew|p2a: Milotic|[spread] p2a,p2b\n|-heal|p2a: Milotic|90/100\n|-heal|p2b: Charizard|27/100\n|move|p1a: Talonflame|Tailwind|p1a: Talonflame\n|-sidestart|p1: NoplayerCh|move: Tailwind\n|\n|-heal|p2a: Milotic|96/100|[from] item: Leftovers\n|upkeep\n|turn|6\n|\n|t:|1776233208\n|move|p2b: Charizard|Protect|p2b: Charizard\n|-singleturn|p2b: Charizard|Protect\n|move|p1b: Basculegion|Muddy Water|p2a: Milotic|[spread] p2a\n|-activate|p2b: Charizard|move: Protect\n|-resisted|p2a: Milotic|1\n|-damage|p2a: Milotic|85/100\n|-unboost|p2a: Milotic|accuracy|1\n|-ability|p2a: Milotic|Competitive|boost\n|-boost|p2a: Milotic|spa|2\n|move|p1a: Talonflame|Dual Wingbeat|p2a: Milotic\n|-damage|p2a: Milotic|65/100\n|-crit|p2a: Milotic\n|-damage|p2a: Milotic|33/100\n|-hitcount|p2a: Milotic|2\n|move|p2a: Milotic|Life Dew|p2a: Milotic|[spread] p2a,p2b\n|-heal|p2a: Milotic|58/100\n|-heal|p2b: Charizard|52/100\n|\n|-heal|p2a: Milotic|64/100|[from] item: Leftovers\n|upkeep\n|turn|7\n|\n|t:|1776233234\n|move|p1b: Basculegion|Muddy Water|p2a: Milotic|[spread] p2a,p2b\n|-resisted|p2a: Milotic|1\n|-damage|p2a: Milotic|51/100\n|-damage|p2b: Charizard|9/100\n|move|p2b: Charizard|Dragon Claw|p1b: Basculegion\n|-damage|p1b: Basculegion|0 fnt\n|faint|p1b: Basculegion\n|move|p1a: Talonflame|Dual Wingbeat|p2a: Milotic\n|-damage|p2a: Milotic|30/100\n|-damage|p2a: Milotic|9/100\n|-hitcount|p2a: Milotic|2\n|move|p2a: Milotic|Icy Wind|p1a: Talonflame\n|-damage|p1a: Talonflame|27/100\n|-unboost|p1a: Talonflame|spe|1\n|\n|-heal|p2a: Milotic|15/100|[from] item: Leftovers\n|upkeep\n|\n|t:|1776233240\n|switch|p1b: Floette|Floette-Eternal, L50, F|100/100\n|turn|8\n|inactive|Battle timer is ON: inactive players will automatically lose when time's up. (requested by ironman3168)\n|\n|t:|1776233257\n|detailschange|p1b: Floette|Floette-Mega, L50, F\n|-mega|p1b: Floette|Floette|Floettite\n|-ability|p1b: Floette|Fairy Aura\n|move|p2b: Charizard|Protect|p2b: Charizard\n|-singleturn|p2b: Charizard|Protect\n|move|p1a: Talonflame|Protect|p1a: Talonflame\n|-singleturn|p1a: Talonflame|Protect\n|move|p2a: Milotic|Protect|p2a: Milotic\n|-singleturn|p2a: Milotic|Protect\n|move|p1b: Floette|Dazzling Gleam|p2a: Milotic|[spread] \n|-activate|p2a: Milotic|move: Protect\n|-activate|p2b: Charizard|move: Protect\n|\n|-heal|p2a: Milotic|21/100|[from] item: Leftovers\n|-sideend|p1: NoplayerCh|move: Tailwind\n|upkeep\n|turn|9\n|inactive|ironman3168 has 30 seconds left.\n|\n|t:|1776233285\n|move|p1b: Floette|Protect|p1b: Floette\n|-singleturn|p1b: Floette|Protect\n|move|p2b: Charizard|Flare Blitz|p1b: Floette\n|-activate|p1b: Floette|move: Protect\n|move|p2a: Milotic|Scald|p1a: Talonflame\n|-supereffective|p1a: Talonflame|1\n|-crit|p1a: Talonflame\n|-damage|p1a: Talonflame|0 fnt\n|faint|p1a: Talonflame\n|\n|-heal|p2a: Milotic|27/100|[from] item: Leftovers\n|upkeep\n|turn|10\n|\n|t:|1776233295\n|move|p2b: Charizard|Flare Blitz|p1b: Floette\n|-damage|p1b: Floette|0 fnt\n|faint|p1b: Floette\n|-damage|p2b: Charizard|0 fnt|[from] Recoil\n|faint|p2b: Charizard\n|\n|win|ironman3168\n|raw|NoplayerCh's rating: 1142 &rarr; <strong>1114</strong><br />(-28 for losing)\n|raw|ironman3168's rating: 1096 &rarr; <strong>1125</strong><br />(+29 for winning)\n|l|\u2606NoplayerCh\n|player|p1|\n",
  "uploadtime": 1776233304,
  "views": 17,
  "formatid": "gen9championsvgc2026regma",
  "rating": 1114,
  "private": 0,
  "password": null
}