{
  "id": "gen9championsvgc2026regma-2581631808",
  "format": "[Gen 9 Champions] VGC 2026 Reg M-A",
  "players": [
    "Rockletz",
    "SimMikaze"
  ],
  "log": "|j|\u2606Rockletz\n|j|\u2606SimMikaze\n|t:|1776016573\n|gametype|doubles\n|player|p1|Rockletz|2|1158\n|player|p2|SimMikaze|miku-ghost|1102\n|gen|9\n|tier|[Gen 9 Champions] VGC 2026 Reg M-A\n|rated|\n|rule|Species Clause: Limit one of each Pok\u00e9mon\n|rule|Item Clause: Limit 1 of each item\n|clearpoke\n|poke|p1|Gengar, L50, M|\n|poke|p1|Incineroar, L50, F|\n|poke|p1|Archaludon, L50, M|\n|poke|p1|Pelipper, L50, F|\n|poke|p1|Sinistcha, L50|\n|poke|p1|Basculegion, L50, M|\n|poke|p2|Hawlucha, L50, M|\n|poke|p2|Snorlax, L50, M|\n|poke|p2|Excadrill, L50, M|\n|poke|p2|Tyranitar, L50, M|\n|poke|p2|Whimsicott, L50, M|\n|poke|p2|Basculegion, L50, M|\n|teampreview|4\n|\n|t:|1776016628\n|teamsize|p1|4\n|teamsize|p2|4\n|start\n|switch|p1a: Gengar|Gengar, L50, M, shiny|100/100\n|switch|p1b: Incineroar|Incineroar, L50, F|100/100\n|switch|p2a: Hawlucha|Hawlucha, L50, M|100/100\n|switch|p2b: Excadrill|Excadrill, L50, M|100/100\n|-ability|p1b: Incineroar|Intimidate|boost\n|-unboost|p2a: Hawlucha|atk|1\n|-unboost|p2b: Excadrill|atk|1\n|turn|1\n|\n|t:|1776016665\n|switch|p1b: Sinistcha|Sinistcha, L50|100/100\n|detailschange|p1a: Gengar|Gengar-Mega, L50, M, shiny\n|-mega|p1a: Gengar|Gengar|Gengarite\n|move|p1a: Gengar|Protect|p1a: Gengar\n|-singleturn|p1a: Gengar|Protect\n|move|p2a: Hawlucha|Protect|p2a: Hawlucha\n|-singleturn|p2a: Hawlucha|Protect\n|move|p2b: Excadrill|Protect||[still]\n|-fail|p2b: Excadrill\n|\n|upkeep\n|turn|2\n|\n|t:|1776016712\n|switch|p1b: Incineroar|Incineroar, L50, F|100/100\n|-ability|p1b: Incineroar|Intimidate|boost\n|-unboost|p2a: Hawlucha|atk|1\n|-unboost|p2b: Excadrill|atk|1\n|detailschange|p2a: Hawlucha|Hawlucha-Mega, L50, M\n|-mega|p2a: Hawlucha|Hawlucha|Hawluchanite\n|move|p1a: Gengar|Perish Song|p1a: Gengar\n|-start|p1a: Gengar|perish3|[silent]\n|-start|p1b: Incineroar|perish3|[silent]\n|-start|p2a: Hawlucha|perish3|[silent]\n|-start|p2b: Excadrill|perish3|[silent]\n|-fieldactivate|move: Perish Song\n|move|p2a: Hawlucha|Dual Wingbeat|p1b: Incineroar\n|-damage|p1b: Incineroar|92/100\n|-damage|p1b: Incineroar|83/100\n|-hitcount|p1b: Incineroar|2\n|move|p2b: Excadrill|Rock Slide|p1a: Gengar|[spread] p1a,p1b\n|-supereffective|p1b: Incineroar|1\n|-damage|p1a: Gengar|89/100\n|-damage|p1b: Incineroar|67/100\n|\n|-start|p1a: Gengar|perish3\n|-start|p2a: Hawlucha|perish3\n|-start|p2b: Excadrill|perish3\n|-start|p1b: Incineroar|perish3\n|upkeep\n|turn|3\n|\n|t:|1776016743\n|move|p1b: Incineroar|Fake Out|p2b: Excadrill\n|-resisted|p2b: Excadrill|1\n|-damage|p2b: Excadrill|95/100\n|move|p1a: Gengar|Sludge Bomb|p2a: Hawlucha\n|-damage|p2a: Hawlucha|52/100\n|-status|p2a: Hawlucha|psn\n|move|p2a: Hawlucha|Entrainment|p2b: Excadrill\n|-ability|p2b: Excadrill|No Guard|Sand Rush|[from] move: Entrainment|[of] p2a: Hawlucha\n|cant|p2b: Excadrill|flinch\n|\n|-damage|p2a: Hawlucha|40/100 psn|[from] psn\n|-start|p1a: Gengar|perish2\n|-start|p2a: Hawlucha|perish2\n|-start|p2b: Excadrill|perish2\n|-start|p1b: Incineroar|perish2\n|upkeep\n|turn|4\n|\n|t:|1776016774\n|move|p1a: Gengar|Protect|p1a: Gengar\n|-singleturn|p1a: Gengar|Protect\n|move|p1b: Incineroar|Protect|p1b: Incineroar\n|-singleturn|p1b: Incineroar|Protect\n|move|p2a: Hawlucha|High Jump Kick|p1b: Incineroar\n|-activate|p1b: Incineroar|move: Protect\n|-damage|p2a: Hawlucha|0 fnt|[from] highjumpkick\n|faint|p2a: Hawlucha\n|move|p2b: Excadrill|Fissure|p1b: Incineroar\n|-activate|p1b: Incineroar|move: Protect\n|\n|-start|p1a: Gengar|perish1\n|-start|p2b: Excadrill|perish1\n|-start|p1b: Incineroar|perish1\n|upkeep\n|\n|t:|1776016787\n|switch|p2a: Tyranitar|Tyranitar, L50, M|100/100\n|-weather|Sandstorm|[from] ability: Sand Stream|[of] p2a: Tyranitar\n|turn|5\n|\n|t:|1776016811\n|switch|p1a: Archaludon|Archaludon, L50, M|100/100\n|switch|p1b: Sinistcha|Sinistcha, L50|100/100\n|move|p2b: Excadrill|Fissure|p1a: Archaludon\n|-damage|p1a: Archaludon|0 fnt\n|faint|p1a: Archaludon\n|-ohko\n|move|p2a: Tyranitar|Rock Slide|p1b: Sinistcha\n|-damage|p1b: Sinistcha|63/100\n|\n|-weather|Sandstorm|[upkeep]\n|-damage|p1b: Sinistcha|57/100|[from] Sandstorm\n|-start|p2b: Excadrill|perish0\n|upkeep\n|faint|p2b: Excadrill\n|\n|t:|1776016830\n|switch|p2b: Whimsicott|Whimsicott, L50, M|100/100\n|switch|p1a: Gengar|Gengar-Mega, L50, M, shiny|89/100\n|turn|6\n|\n|t:|1776016848\n|move|p1b: Sinistcha|Rage Powder|p1b: Sinistcha\n|-singleturn|p1b: Sinistcha|move: Rage Powder\n|move|p2b: Whimsicott|Tailwind|p2b: Whimsicott\n|-sidestart|p2: SimMikaze|move: Tailwind\n|move|p2a: Tyranitar|Knock Off|p1b: Sinistcha\n|-supereffective|p1b: Sinistcha|1\n|-damage|p1b: Sinistcha|0 fnt\n|-enditem|p1b: Sinistcha|Sitrus Berry|[from] move: Knock Off|[of] p2a: Tyranitar\n|faint|p1b: Sinistcha\n|move|p1a: Gengar|Perish Song|p1a: Gengar\n|-start|p1a: Gengar|perish3|[silent]\n|-start|p2a: Tyranitar|perish3|[silent]\n|-start|p2b: Whimsicott|perish3|[silent]\n|-fieldactivate|move: Perish Song\n|\n|-weather|Sandstorm|[upkeep]\n|-damage|p2b: Whimsicott|95/100|[from] Sandstorm\n|-damage|p1a: Gengar|83/100|[from] Sandstorm\n|-start|p2b: Whimsicott|perish3\n|-start|p2a: Tyranitar|perish3\n|-start|p1a: Gengar|perish3\n|upkeep\n|\n|t:|1776016859\n|switch|p1b: Incineroar|Incineroar, L50, F|67/100\n|-ability|p1b: Incineroar|Intimidate|boost\n|-unboost|p2a: Tyranitar|atk|1\n|-unboost|p2b: Whimsicott|atk|1\n|turn|7\n|\n|t:|1776016873\n|move|p1b: Incineroar|Fake Out|p2a: Tyranitar\n|-resisted|p2a: Tyranitar|1\n|-damage|p2a: Tyranitar|95/100\n|move|p2b: Whimsicott|Moonblast|p1b: Incineroar\n|-damage|p1b: Incineroar|42/100\n|cant|p2a: Tyranitar|flinch\n|move|p1a: Gengar|Sludge Bomb|p2b: Whimsicott\n|-supereffective|p2b: Whimsicott|2\n|-damage|p2b: Whimsicott|0 fnt\n|faint|p2b: Whimsicott\n|\n|-weather|Sandstorm|[upkeep]\n|-damage|p1a: Gengar|77/100|[from] Sandstorm\n|-damage|p1b: Incineroar|36/100|[from] Sandstorm\n|-start|p2a: Tyranitar|perish2\n|-start|p1a: Gengar|perish2\n|upkeep\n|turn|8\n|inactive|Battle timer is ON: inactive players will automatically lose when time's up. (requested by SimMikaze)\n|\n|t:|1776016921\n|move|p1a: Gengar|Protect|p1a: Gengar\n|-singleturn|p1a: Gengar|Protect\n|move|p1b: Incineroar|Protect|p1b: Incineroar\n|-singleturn|p1b: Incineroar|Protect\n|move|p2a: Tyranitar|Earthquake|p1a: Gengar|[spread] \n|-activate|p1a: Gengar|move: Protect\n|-activate|p1b: Incineroar|move: Protect\n|\n|-weather|Sandstorm|[upkeep]\n|-damage|p1a: Gengar|71/100|[from] Sandstorm\n|-damage|p1b: Incineroar|30/100|[from] Sandstorm\n|-start|p2a: Tyranitar|perish1\n|-start|p1a: Gengar|perish1\n|upkeep\n|turn|9\n|\n|t:|1776016939\n|move|p1a: Gengar|Protect|p1a: Gengar\n|-singleturn|p1a: Gengar|Protect\n|move|p1b: Incineroar|Protect|p1b: Incineroar\n|-singleturn|p1b: Incineroar|Protect\n|move|p2a: Tyranitar|Earthquake|p1b: Incineroar|[spread] \n|-activate|p1a: Gengar|move: Protect\n|-activate|p1b: Incineroar|move: Protect\n|\n|-weather|none\n|-start|p2a: Tyranitar|perish0\n|-start|p1a: Gengar|perish0\n|-sideend|p2: SimMikaze|move: Tailwind\n|faint|p2a: Tyranitar\n|faint|p1a: Gengar\n|\n|win|Rockletz\n|raw|Rockletz's rating: 1158 &rarr; <strong>1179</strong><br />(+21 for winning)\n|raw|SimMikaze's rating: 1102 &rarr; <strong>1081</strong><br />(-21 for losing)\n|c|\u2606SimMikaze|Bruh\n|c|\u2606SimMikaze|Like double protect\n|c|\u2606SimMikaze|Really?\n",
  "uploadtime": 1776016965,
  "views": 19,
  "formatid": "gen9championsvgc2026regma",
  "rating": 1081,
  "private": 0,
  "password": null
}