{
  "id": "gen9championsvgc2026regma-2588179911",
  "format": "[Gen 9 Champions] VGC 2026 Reg M-A",
  "players": [
    "rhed-404",
    "Yung Trav"
  ],
  "log": "|j|\u2606rhed-404\n|j|\u2606Yung Trav\n|t:|1776612001\n|gametype|doubles\n|player|p1|rhed-404|flannery|1281\n|player|p2|Yung Trav|1|1378\n|gen|9\n|tier|[Gen 9 Champions] VGC 2026 Reg M-A\n|rated|\n|rule|Species Clause: Limit one of each Pok\u00e9mon\n|rule|Item Clause: Limit 1 of each item\n|clearpoke\n|poke|p1|Charizard, L50, M, shiny|\n|poke|p1|Aerodactyl, L50, M|\n|poke|p1|Garchomp, L50, F|\n|poke|p1|Sneasler, L50, F|\n|poke|p1|Zoroark-Hisui, L50, M|\n|poke|p1|Kingambit, L50, M|\n|poke|p2|Blastoise, L50, M, shiny|\n|poke|p2|Garchomp, L50, M, shiny|\n|poke|p2|Farigiraf, L50, F, shiny|\n|poke|p2|Aerodactyl, L50, M, shiny|\n|poke|p2|Torkoal, L50, M, shiny|\n|poke|p2|Meowscarada, L50, F|\n|teampreview|4\n|inactive|Battle timer is ON: inactive players will automatically lose when time's up. (requested by Yung Trav)\n|inactive|rhed-404 also wants the timer to be on.\nrhed-404 rejected open team sheets.\n|inactive|rhed-404 has 60 seconds left.\n|inactive|Yung Trav has 60 seconds left.\n|\n|t:|1776612043\n|teamsize|p1|4\n|teamsize|p2|4\n|start\n|switch|p1a: Sneasler|Sneasler, L50, F|100/100\n|switch|p1b: Kingambit|Kingambit, L50, M|100/100\n|switch|p2a: Farigiraf|Farigiraf, L50, F, shiny|100/100\n|switch|p2b: Blastoise|Blastoise, L50, M, shiny|100/100\n|turn|1\n|inactive|Yung Trav has 30 seconds left.\n|inactive|rhed-404 has 30 seconds left.\n|\n|t:|1776612077\n|detailschange|p2b: Blastoise|Blastoise-Mega, L50, M, shiny\n|-mega|p2b: Blastoise|Blastoise|Blastoisinite\n|move|p2b: Blastoise|Fake Out|p1b: Kingambit\n|-resisted|p1b: Kingambit|1\n|-damage|p1b: Kingambit|97/100\n|move|p1a: Sneasler|Close Combat|p2b: Blastoise\n|-damage|p2b: Blastoise|42/100\n|-unboost|p1a: Sneasler|def|1\n|-unboost|p1a: Sneasler|spd|1\n|-enditem|p1a: Sneasler|White Herb\n|-clearnegativeboost|p1a: Sneasler|[silent]\n|cant|p1b: Kingambit|flinch\n|move|p2a: Farigiraf|Trick Room|p2a: Farigiraf\n|-fieldstart|move: Trick Room|[of] p2a: Farigiraf\n|\n|upkeep\n|turn|2\n|inactive|rhed-404 has 30 seconds left.\n|inactive|rhed-404 has 20 seconds left.\n|\n|t:|1776612115\n|switch|p2a: Torkoal|Torkoal, L50, M, shiny|100/100\n|-weather|SunnyDay|[from] ability: Drought|[of] p2a: Torkoal\n|move|p1b: Kingambit|Sucker Punch|p2b: Blastoise\n|-damage|p2b: Blastoise|0 fnt\n|faint|p2b: Blastoise\n|move|p1a: Sneasler|Close Combat|p2a: Torkoal\n|-damage|p2a: Torkoal|46/100\n|-unboost|p1a: Sneasler|def|1\n|-unboost|p1a: Sneasler|spd|1\n|\n|-weather|SunnyDay|[upkeep]\n|upkeep\n|\n|t:|1776612129\n|switch|p2b: Farigiraf|Farigiraf, L50, F, shiny|100/100\n|turn|3\n|inactive|rhed-404 has 30 seconds left.\n|c|\u2606Yung Trav|u used sucker w giraf on the field?\n|\n|t:|1776612162\n|move|p2b: Farigiraf|Helping Hand|p2a: Torkoal\n|-singleturn|p2a: Torkoal|Helping Hand|[of] p2b: Farigiraf\n|move|p1b: Kingambit|Protect|p1b: Kingambit\n|-singleturn|p1b: Kingambit|Protect\n|move|p2a: Torkoal|Heat Wave|p1b: Kingambit|[spread] p1a\n|-activate|p1b: Kingambit|move: Protect\n|-damage|p1a: Sneasler|0 fnt\n|faint|p1a: Sneasler\n|\n|-weather|SunnyDay|[upkeep]\n|upkeep\n|\n|t:|1776612179\n|switch|p1a: Garchomp|Garchomp, L50, F|100/100\n|turn|4\n|\n|t:|1776612205\n|move|p2b: Farigiraf|Helping Hand|p2a: Torkoal\n|-singleturn|p2a: Torkoal|Helping Hand|[of] p2b: Farigiraf\n|move|p2a: Torkoal|Heat Wave|p1b: Kingambit|[spread] p1a\n|-miss|p2a: Torkoal|p1b: Kingambit\n|-resisted|p1a: Garchomp|1\n|-damage|p1a: Garchomp|57/100\n|-status|p1a: Garchomp|brn\n|move|p1b: Kingambit|Kowtow Cleave|p2b: Farigiraf\n|-supereffective|p2b: Farigiraf|1\n|-damage|p2b: Farigiraf|0 fnt\n|faint|p2b: Farigiraf\n|move|p1a: Garchomp|Earthquake|p2a: Torkoal|[spread] p1b,p2a\n|-supereffective|p1b: Kingambit|1\n|-supereffective|p2a: Torkoal|1\n|-damage|p1b: Kingambit|71/100\n|-damage|p2a: Torkoal|17/100\n|\n|-weather|SunnyDay|[upkeep]\n|-damage|p1a: Garchomp|51/100 brn|[from] brn\n|upkeep\n|\n|t:|1776612223\n|switch|p2b: Aerodactyl|Aerodactyl, L50, M, shiny|100/100\n|-ability|p2b: Aerodactyl|Unnerve\n|turn|5\n|\n|t:|1776612244\n|move|p2b: Aerodactyl|Protect|p2b: Aerodactyl\n|-singleturn|p2b: Aerodactyl|Protect\n|move|p1b: Kingambit|Sucker Punch|p2a: Torkoal\n|-damage|p2a: Torkoal|0 fnt\n|faint|p2a: Torkoal\n|move|p1a: Garchomp|Dragon Claw|p2b: Aerodactyl\n|-activate|p2b: Aerodactyl|move: Protect\n|\n|-weather|SunnyDay|[upkeep]\n|-damage|p1a: Garchomp|45/100 brn|[from] brn\n|-fieldend|move: Trick Room\n|upkeep\n|turn|6\n|\n|t:|1776612258\n|move|p2b: Aerodactyl|Rock Slide|p1a: Garchomp|[spread] p1a,p1b\n|-resisted|p1a: Garchomp|1\n|-resisted|p1b: Kingambit|1\n|-damage|p1a: Garchomp|31/100 brn\n|-damage|p1b: Kingambit|61/100\n|move|p1a: Garchomp|Dragon Claw|p2b: Aerodactyl\n|-crit|p2b: Aerodactyl\n|-damage|p2b: Aerodactyl|35/100\n|move|p1b: Kingambit|Swords Dance|p1b: Kingambit\n|-boost|p1b: Kingambit|atk|2\n|\n|-weather|none\n|-damage|p1a: Garchomp|25/100 brn|[from] brn\n|upkeep\n|turn|7\n|-message|Yung Trav forfeited.\n|\n|win|rhed-404\n|raw|rhed-404's rating: 1281 &rarr; <strong>1313</strong><br />(+32 for winning)\n|raw|Yung Trav's rating: 1378 &rarr; <strong>1353</strong><br />(-25 for losing)\n|l|\u2606Yung Trav\n|player|p2|\n",
  "uploadtime": 1776612351,
  "views": 11,
  "formatid": "gen9championsvgc2026regma",
  "rating": 1313,
  "private": 0,
  "password": null
}