{
  "id": "gen9championsvgc2026regma-2585620310",
  "format": "[Gen 9 Champions] VGC 2026 Reg M-A",
  "players": [
    "DatSamDoe",
    "eloc"
  ],
  "log": "|j|\u2606DatSamDoe\n|j|\u2606eloc\n|t:|1776359359\n|gametype|doubles\n|player|p1|DatSamDoe|101|1069\n|player|p2|eloc|crasherwake|1147\n|gen|9\n|tier|[Gen 9 Champions] VGC 2026 Reg M-A\n|rated|\n|rule|Species Clause: Limit one of each Pok\u00e9mon\n|rule|Item Clause: Limit 1 of each item\n|clearpoke\n|poke|p1|Froslass, L50, F|\n|poke|p1|Orthworm, L50, F|\n|poke|p1|Basculegion, L50, M|\n|poke|p1|Garchomp, L50, F|\n|poke|p1|Rotom-Frost, L50|\n|poke|p1|Incineroar, L50, M|\n|poke|p2|Mamoswine, L50, M|\n|poke|p2|Froslass, L50, F|\n|poke|p2|Primarina, L50, F|\n|poke|p2|Rotom-Wash, L50|\n|poke|p2|Whimsicott, L50, M|\n|poke|p2|Orthworm, L50, F|\n|teampreview|4\n|inactive|Battle timer is ON: inactive players will automatically lose when time's up. (requested by eloc)\n|c|\u2606eloc|Hey that team looks familiar\n|c|\u2606eloc|Lol\n|inactive|DatSamDoe has 60 seconds left.\n|inactive|eloc has 60 seconds left.\n|\n|t:|1776359412\n|teamsize|p1|4\n|teamsize|p2|4\n|start\n|switch|p1a: Orthworm|Orthworm, L50, F, shiny|100/100\n|switch|p1b: Incineroar|Incineroar, L50, M, shiny|100/100\n|switch|p2a: Orthworm|Orthworm, L50, F|100/100\n|switch|p2b: Rotom|Rotom-Wash, L50|100/100\n|-ability|p1b: Incineroar|Intimidate|boost\n|-unboost|p2a: Orthworm|atk|1\n|-unboost|p2b: Rotom|atk|1\n|turn|1\n|\n|t:|1776359434\n|move|p1b: Incineroar|Fake Out|p2b: Rotom\n|-damage|p2b: Rotom|84/100\n|cant|p2b: Rotom|flinch\n|move|p2a: Orthworm|Body Press|p1b: Incineroar\n|-supereffective|p1b: Incineroar|1\n|-damage|p1b: Incineroar|41/100\n|move|p1a: Orthworm|Iron Defense|p1a: Orthworm\n|-boost|p1a: Orthworm|def|2\n|\n|upkeep\n|turn|2\n|\n|t:|1776359455\n|switch|p1b: Rotom|Rotom-Frost, L50|100/100\n|move|p2a: Orthworm|Protect|p2a: Orthworm\n|-singleturn|p2a: Orthworm|Protect\n|move|p2b: Rotom|Hydro Pump|p1a: Orthworm|[miss]\n|-miss|p2b: Rotom|p1a: Orthworm\n|move|p1a: Orthworm|Body Press|p2a: Orthworm\n|-activate|p2a: Orthworm|move: Protect\n|\n|upkeep\n|turn|3\n|inactive|DatSamDoe has 30 seconds left.\n|inactive|DatSamDoe has 20 seconds left.\n|\n|t:|1776359496\n|switch|p2a: Froslass|Froslass, L50, F|100/100\n|move|p2b: Rotom|Hydro Pump|p1a: Orthworm\n|-damage|p1a: Orthworm|38/100\n|-enditem|p1a: Orthworm|Sitrus Berry|[eat]\n|-heal|p1a: Orthworm|63/100|[from] item: Sitrus Berry\n|move|p1b: Rotom|Thunderbolt|p2b: Rotom\n|-damage|p2b: Rotom|48/100\n|-enditem|p2b: Rotom|Sitrus Berry|[eat]\n|-heal|p2b: Rotom|72/100|[from] item: Sitrus Berry\n|move|p1a: Orthworm|Body Press|p2a: Froslass\n|-immune|p2a: Froslass\n|\n|upkeep\n|turn|4\n|\n|t:|1776359520\n|switch|p2a: Orthworm|Orthworm, L50, F|100/100\n|move|p2b: Rotom|Hydro Pump|p1a: Orthworm\n|-damage|p1a: Orthworm|0 fnt\n|faint|p1a: Orthworm\n|move|p1b: Rotom|Thunderbolt|p2b: Rotom\n|-damage|p2b: Rotom|34/100\n|\n|upkeep\n|\n|t:|1776359529\n|switch|p1a: Froslass|Froslass, L50, F|100/100\n|turn|5\n|\n|t:|1776359539\n|detailschange|p1a: Froslass|Froslass-Mega, L50, F\n|-mega|p1a: Froslass|Froslass|Froslassite\n|-weather|Snowscape|[from] ability: Snow Warning|[of] p1a: Froslass\n|move|p2b: Rotom|Helping Hand|p2a: Orthworm\n|-singleturn|p2a: Orthworm|Helping Hand|[of] p2b: Rotom\n|move|p1b: Rotom|Protect|p1b: Rotom\n|-singleturn|p1b: Rotom|Protect\n|move|p1a: Froslass|Blizzard|p2b: Rotom|[spread] p2a,p2b\n|-resisted|p2a: Orthworm|1\n|-resisted|p2b: Rotom|1\n|-damage|p2a: Orthworm|62/100\n|-damage|p2b: Rotom|13/100\n|move|p2a: Orthworm|Heavy Slam|p1a: Froslass\n|-supereffective|p1a: Froslass|1\n|-damage|p1a: Froslass|0 fnt\n|faint|p1a: Froslass\n|\n|-weather|Snowscape|[upkeep]\n|-heal|p2a: Orthworm|68/100|[from] item: Leftovers\n|upkeep\n|-message|DatSamDoe forfeited.\n|\n|win|eloc\n|raw|DatSamDoe's rating: 1069 &rarr; <strong>1053</strong><br />(-16 for losing)\n|raw|eloc's rating: 1147 &rarr; <strong>1166</strong><br />(+19 for winning)\n|l|\u2606DatSamDoe\n|player|p1|\n|c|\u2606eloc|Gg\n",
  "uploadtime": 1776359564,
  "views": 19,
  "formatid": "gen9championsvgc2026regma",
  "rating": 1053,
  "private": 0,
  "password": null
}