{
  "id": "gen9championsvgc2026regma-2581852511",
  "format": "[Gen 9 Champions] VGC 2026 Reg M-A",
  "players": [
    "N Jordan",
    "CBKreme"
  ],
  "log": "|j|\u2606N Jordan\n|j|\u2606CBKreme\n|t:|1776033775\n|gametype|doubles\n|player|p1|N Jordan|n|1124\n|player|p2|CBKreme|interviewers|1024\n|gen|9\n|tier|[Gen 9 Champions] VGC 2026 Reg M-A\n|rated|\n|rule|Species Clause: Limit one of each Pok\u00e9mon\n|rule|Item Clause: Limit 1 of each item\n|clearpoke\n|poke|p1|Incineroar, L50, M|\n|poke|p1|Charizard, L50, M|\n|poke|p1|Venusaur, L50, M|\n|poke|p1|Garchomp, L50, M|\n|poke|p1|Orthworm, L50, F|\n|poke|p1|Basculegion, L50, M|\n|poke|p2|Gardevoir, L50, F|\n|poke|p2|Ninetales-Alola, L50, F|\n|poke|p2|Froslass, L50, F|\n|poke|p2|Hatterene, L50, F|\n|poke|p2|Flapple, L50, F|\n|poke|p2|Gyarados, L50, M|\n|teampreview|4\n|inactive|Battle timer is ON: inactive players will automatically lose when time's up. (requested by CBKreme)\n|inactive|N Jordan has 60 seconds left.\n|inactive|N Jordan has 30 seconds left.\n|inactive|N Jordan has 20 seconds left.\n|\n|t:|1776033846\n|teamsize|p1|4\n|teamsize|p2|4\n|start\n|switch|p1a: Orthworm|Orthworm, L50, F|100/100\n|switch|p1b: Basculegion|Basculegion, L50, M|100/100\n|switch|p2a: Gyarados|Gyarados, L50, M, shiny|100/100\n|switch|p2b: Hatterene|Hatterene, L50, F|100/100\n|-ability|p2a: Gyarados|Intimidate|boost\n|-unboost|p1a: Orthworm|atk|1\n|-unboost|p1b: Basculegion|atk|1\n|turn|1\n|inactive|CBKreme has 30 seconds left.\n|inactive|CBKreme has 20 seconds left.\n|inactive|CBKreme has 15 seconds left.\n|inactive|CBKreme has 10 seconds left.\n|inactive|CBKreme has 5 seconds left.\n|\n|t:|1776033901\n|move|p1b: Basculegion|Flip Turn|p2b: Hatterene|[miss]\n|-miss|p1b: Basculegion|p2b: Hatterene\n|move|p2a: Gyarados|Waterfall|p1b: Basculegion\n|-resisted|p1b: Basculegion|1\n|-damage|p1b: Basculegion|77/100\n|move|p1a: Orthworm|Shed Tail|p1a: Orthworm\n|-start|p1a: Orthworm|Substitute|[from] move: Shed Tail\n|-damage|p1a: Orthworm|50/100\n|\n|t:|1776033918\n|switch|p1a: Venusaur|Venusaur, L50, M|100/100|[from] Shed Tail\n|move|p2b: Hatterene|Mystical Fire|p1a: Venusaur\n|-supereffective|p1a: Venusaur|1\n|-end|p1a: Venusaur|Substitute\n|\n|upkeep\n|turn|2\n|\n|t:|1776033942\n|move|p1b: Basculegion|Flip Turn|p2b: Hatterene\n|-damage|p2b: Hatterene|80/100\n|\n|t:|1776033945\n|switch|p1b: Orthworm|Orthworm, L50, F|50/100|[from] Flip Turn\n|move|p1a: Venusaur|Sludge Wave|p2a: Gyarados|[spread] p2a,p2b\n|-immune|p1b: Orthworm\n|-supereffective|p2b: Hatterene|1\n|-damage|p2a: Gyarados|73/100\n|-damage|p2b: Hatterene|10/100\n|move|p2a: Gyarados|Roar|p1a: Venusaur\n|drag|p1a: Basculegion|Basculegion, L50, M|77/100\n|move|p2b: Hatterene|Trick Room|p2b: Hatterene\n|-fieldstart|move: Trick Room|[of] p2b: Hatterene\n|\n|upkeep\n|turn|3\n|inactive|CBKreme has 30 seconds left.\n|\n|t:|1776033977\n|switch|p2a: Flapple|Flapple, L50, F, shiny|100/100\n|move|p1a: Basculegion|Aqua Jet|p2b: Hatterene\n|-damage|p2b: Hatterene|0 fnt\n|faint|p2b: Hatterene\n|move|p1b: Orthworm|Iron Defense|p1b: Orthworm\n|-boost|p1b: Orthworm|def|2\n|\n|upkeep\n|\n|t:|1776033990\n|switch|p2b: Gyarados|Gyarados, L50, M, shiny|73/100\n|-ability|p2b: Gyarados|Intimidate|boost\n|-unboost|p1a: Basculegion|atk|1\n|-unboost|p1b: Orthworm|atk|1\n|turn|4\n|\n|t:|1776033999\n|switch|p1a: Venusaur|Venusaur, L50, M|100/100\n|move|p2a: Flapple|Grav Apple|p1a: Venusaur\n|-resisted|p1a: Venusaur|2\n|-damage|p1a: Venusaur|78/100\n|-unboost|p1a: Venusaur|def|1\n|move|p1b: Orthworm|Rest|p1b: Orthworm\n|-status|p1b: Orthworm|slp|[from] move: Rest\n|-enditem|p1b: Orthworm|Lum Berry|[eat]\n|-curestatus|p1b: Orthworm|slp|[msg]\n|-heal|p1b: Orthworm|100/100|[silent]\n|move|p2b: Gyarados|Waterfall|p1b: Orthworm\n|-damage|p1b: Orthworm|88/100\n|\n|upkeep\n|turn|5\n|\n|t:|1776034021\n|move|p2a: Flapple|Acrobatics|p1a: Venusaur\n|-supereffective|p1a: Venusaur|1\n|-damage|p1a: Venusaur|0 fnt\n|faint|p1a: Venusaur\n|move|p1b: Orthworm|Body Press|p2a: Flapple\n|-damage|p2a: Flapple|27/100\n|-enditem|p2a: Flapple|Sitrus Berry|[eat]\n|-heal|p2a: Flapple|52/100|[from] item: Sitrus Berry\n|move|p2b: Gyarados|Roar|p1b: Orthworm\n|drag|p1b: Basculegion|Basculegion, L50, M|77/100\n|\n|upkeep\n|\n|t:|1776034032\n|switch|p1a: Orthworm|Orthworm, L50, F|88/100\n|turn|6\n|\n|t:|1776034049\n|switch|p1b: Charizard|Charizard, L50, M|100/100\n|move|p2a: Flapple|Dragon Rush|p1b: Charizard\n|-damage|p1b: Charizard|16/100\n|move|p1a: Orthworm|Body Press|p2a: Flapple\n|-damage|p2a: Flapple|18/100\n|move|p2b: Gyarados|Thunder Wave|p1a: Orthworm\n|-status|p1a: Orthworm|par\n|\n|-fieldend|move: Trick Room\n|upkeep\n|turn|7\n|\n|t:|1776034072\n|detailschange|p1b: Charizard|Charizard-Mega-Y, L50, M\n|-mega|p1b: Charizard|Charizard|Charizardite Y\n|-weather|SunnyDay|[from] ability: Drought|[of] p1b: Charizard\n|move|p2a: Flapple|Protect|p2a: Flapple\n|-singleturn|p2a: Flapple|Protect\n|move|p2b: Gyarados|Waterfall|p1b: Charizard\n|-supereffective|p1b: Charizard|1\n|-damage|p1b: Charizard|0 fnt\n|faint|p1b: Charizard\n|move|p1a: Orthworm|Iron Defense|p1a: Orthworm\n|-boost|p1a: Orthworm|def|2\n|\n|-weather|SunnyDay|[upkeep]\n|upkeep\n|\n|t:|1776034080\n|switch|p1b: Basculegion|Basculegion, L50, M|77/100\n|turn|8\n|\n|t:|1776034095\n|move|p1b: Basculegion|Last Respects|p2a: Flapple\n|-damage|p2a: Flapple|0 fnt\n|faint|p2a: Flapple\n|move|p2b: Gyarados|Thunder Wave|p1b: Basculegion\n|-status|p1b: Basculegion|par\n|move|p1a: Orthworm|Iron Defense|p1a: Orthworm\n|-boost|p1a: Orthworm|def|2\n|\n|-weather|SunnyDay|[upkeep]\n|upkeep\n|\n|t:|1776034098\n|switch|p2a: Froslass|Froslass, L50, F, shiny|100/100\n|turn|9\n|inactive|CBKreme has 30 seconds left.\n|\n|t:|1776034125\n|detailschange|p2a: Froslass|Froslass-Mega, L50, F, shiny\n|-mega|p2a: Froslass|Froslass|Froslassite\n|-weather|Snowscape|[from] ability: Snow Warning|[of] p2a: Froslass\n|move|p2b: Gyarados|Taunt|p1a: Orthworm\n|-start|p1a: Orthworm|move: Taunt\n|move|p2a: Froslass|Shadow Ball|p1b: Basculegion\n|-supereffective|p1b: Basculegion|1\n|-damage|p1b: Basculegion|0 fnt\n|faint|p1b: Basculegion\n|move|p1a: Orthworm|Body Press|p2b: Gyarados\n|-resisted|p2b: Gyarados|1\n|-damage|p2b: Gyarados|33/100\n|\n|-weather|Snowscape|[upkeep]\n|upkeep\n|turn|10\n|-message|N Jordan forfeited.\n|\n|win|CBKreme\n|raw|N Jordan's rating: 1124 &rarr; <strong>1092</strong><br />(-32 for losing)\n|raw|CBKreme's rating: 1024 &rarr; <strong>1071</strong><br />(+47 for winning)\n|l|\u2606N Jordan\n|player|p1|\n",
  "uploadtime": 1776034143,
  "views": 11,
  "formatid": "gen9championsvgc2026regma",
  "rating": 1071,
  "private": 0,
  "password": null
}