{
  "id": "gen9championsvgc2026regma-2588066134",
  "format": "[Gen 9 Champions] VGC 2026 Reg M-A",
  "players": [
    "FernandaXP",
    "lolnezan78"
  ],
  "log": "|j|\u2606FernandaXP\n|j|\u2606lolnezan78\n|t:|1776600215\n|gametype|doubles\n|player|p1|FernandaXP|boarder|1417\n|player|p2|lolnezan78|brycen|1359\n|gen|9\n|tier|[Gen 9 Champions] VGC 2026 Reg M-A\n|rated|\n|rule|Species Clause: Limit one of each Pok\u00e9mon\n|rule|Item Clause: Limit 1 of each item\n|clearpoke\n|poke|p1|Froslass, L50, F|\n|poke|p1|Orthworm, L50, F|\n|poke|p1|Garchomp, L50, F|\n|poke|p1|Basculegion, L50, M|\n|poke|p1|Incineroar, L50, M|\n|poke|p1|Rotom-Frost, L50|\n|poke|p2|Gallade, L50, M|\n|poke|p2|Kingambit, L50, F|\n|poke|p2|Aegislash, L50, F|\n|poke|p2|Aerodactyl, L50, F|\n|poke|p2|Arcanine, L50, F|\n|poke|p2|Venusaur, L50, F|\n|teampreview|4\n|inactive|Battle timer is ON: inactive players will automatically lose when time's up. (requested by FernandaXP)\n|\n|t:|1776600270\n|teamsize|p1|4\n|teamsize|p2|4\n|start\n|switch|p1a: Orthworm|Orthworm, L50, F|100/100\n|switch|p1b: Garchomp|Garchomp, L50, F|100/100\n|switch|p2a: Kingambit|Kingambit, L50, F|100/100\n|switch|p2b: Gallade|Gallade, L50, M|100/100\n|turn|1\n|\n|t:|1776600289\n|move|p2a: Kingambit|Sucker Punch|p1b: Garchomp\n|-damage|p1b: Garchomp|53/100\n|-damage|p2a: Kingambit|88/100|[from] ability: Rough Skin|[of] p1b: Garchomp\n|move|p2b: Gallade|Sacred Sword|p1b: Garchomp\n|-damage|p1b: Garchomp|0 fnt\n|-damage|p2b: Gallade|88/100|[from] ability: Rough Skin|[of] p1b: Garchomp\n|faint|p1b: Garchomp\n|move|p1a: Orthworm|Iron Defense|p1a: Orthworm\n|-boost|p1a: Orthworm|def|2\n|\n|upkeep\n|\n|t:|1776600307\n|switch|p1b: Froslass|Froslass, L50, F|100/100\n|turn|2\n|\n|t:|1776600323\n|move|p1b: Froslass|Protect|p1b: Froslass\n|-singleturn|p1b: Froslass|Protect\n|move|p2b: Gallade|Sacred Sword|p1a: Orthworm\n|-supereffective|p1a: Orthworm|1\n|-damage|p1a: Orthworm|11/100\n|-enditem|p1a: Orthworm|Sitrus Berry|[eat]\n|-heal|p1a: Orthworm|35/100|[from] item: Sitrus Berry\n|move|p2a: Kingambit|Kowtow Cleave|p1b: Froslass\n|-activate|p1b: Froslass|move: Protect\n|move|p1a: Orthworm|Body Press|p2a: Kingambit\n|-supereffective|p2a: Kingambit|2\n|-damage|p2a: Kingambit|0 fnt\n|faint|p2a: Kingambit\n|\n|upkeep\n|\n|t:|1776600337\n|switch|p2a: Arcanine|Arcanine, L50, F|100/100\n|-ability|p2a: Arcanine|Intimidate|boost\n|-unboost|p1a: Orthworm|atk|1\n|-unboost|p1b: Froslass|atk|1\n|turn|3\n|\n|t:|1776600354\n|detailschange|p1b: Froslass|Froslass-Mega, L50, F\n|-mega|p1b: Froslass|Froslass|Froslassite\n|-weather|Snowscape|[from] ability: Snow Warning|[of] p1b: Froslass\n|move|p2b: Gallade|Sacred Sword|p1a: Orthworm\n|-supereffective|p1a: Orthworm|1\n|-damage|p1a: Orthworm|0 fnt\n|faint|p1a: Orthworm\n|move|p1b: Froslass|Shadow Ball|p2b: Gallade\n|-supereffective|p2b: Gallade|1\n|-damage|p2b: Gallade|0 fnt\n|faint|p2b: Gallade\n|move|p2a: Arcanine|Snarl|p1b: Froslass\n|-supereffective|p1b: Froslass|1\n|-damage|p1b: Froslass|70/100\n|-unboost|p1b: Froslass|spa|1\n|\n|-weather|Snowscape|[upkeep]\n|upkeep\n|\n|t:|1776600370\n|switch|p2b: Venusaur|Venusaur, L50, F|100/100\n|switch|p1a: Rotom|Rotom-Frost, L50|100/100\n|turn|4\n|\n|t:|1776600378\n|detailschange|p2b: Venusaur|Venusaur-Mega, L50, F\n|-mega|p2b: Venusaur|Venusaur|Venusaurite\n|move|p1a: Rotom|Helping Hand|p1b: Froslass\n|-singleturn|p1b: Froslass|Helping Hand|[of] p1a: Rotom\n|move|p2b: Venusaur|Protect|p2b: Venusaur\n|-singleturn|p2b: Venusaur|Protect\n|move|p1b: Froslass|Shadow Ball|p2a: Arcanine\n|-damage|p2a: Arcanine|48/100\n|-enditem|p2a: Arcanine|Sitrus Berry|[eat]\n|-heal|p2a: Arcanine|73/100|[from] item: Sitrus Berry\n|move|p2a: Arcanine|Snarl|p1a: Rotom|[spread] p1a,p1b\n|-supereffective|p1b: Froslass|1\n|-damage|p1a: Rotom|92/100\n|-damage|p1b: Froslass|48/100\n|-unboost|p1a: Rotom|spa|1\n|-unboost|p1b: Froslass|spa|1\n|\n|-weather|Snowscape|[upkeep]\n|upkeep\n|turn|5\n|inactive|FernandaXP has 30 seconds left.\n|\n|t:|1776600404\n|move|p1b: Froslass|Protect|p1b: Froslass\n|-singleturn|p1b: Froslass|Protect\n|move|p2a: Arcanine|Snarl|p1a: Rotom|[spread] p1a\n|-activate|p1b: Froslass|move: Protect\n|-damage|p1a: Rotom|83/100\n|-unboost|p1a: Rotom|spa|1\n|move|p1a: Rotom|Thunderbolt|p2a: Arcanine\n|-damage|p2a: Arcanine|49/100\n|move|p2b: Venusaur|Giga Drain|p1a: Rotom\n|-damage|p1a: Rotom|49/100\n|\n|-weather|Snowscape|[upkeep]\n|upkeep\n|turn|6\n|\n|t:|1776600422\n|move|p1b: Froslass|Blizzard|p2b: Venusaur|[spread] p2a,p2b\n|-resisted|p2a: Arcanine|1\n|-supereffective|p2b: Venusaur|1\n|-damage|p2a: Arcanine|36/100\n|-damage|p2b: Venusaur|81/100\n|move|p2a: Arcanine|Snarl|p1b: Froslass|[spread] p1a,p1b\n|-supereffective|p1b: Froslass|1\n|-damage|p1a: Rotom|40/100\n|-damage|p1b: Froslass|27/100\n|-unboost|p1a: Rotom|spa|1\n|-unboost|p1b: Froslass|spa|1\n|move|p1a: Rotom|Blizzard|p2b: Venusaur|[spread] p2a,p2b\n|-resisted|p2a: Arcanine|1\n|-supereffective|p2b: Venusaur|1\n|-damage|p2a: Arcanine|25/100\n|-damage|p2b: Venusaur|65/100\n|move|p2b: Venusaur|Giga Drain|p1b: Froslass\n|-damage|p1b: Froslass|0 fnt\n|-heal|p2b: Venusaur|76/100|[from] drain|[of] p1b: Froslass\n|faint|p1b: Froslass\n|\n|-weather|Snowscape|[upkeep]\n|upkeep\n|turn|7\n|\n|t:|1776600441\n|move|p2a: Arcanine|Flare Blitz|p1a: Rotom\n|-supereffective|p1a: Rotom|1\n|-damage|p1a: Rotom|0 fnt\n|faint|p1a: Rotom\n|-damage|p2a: Arcanine|17/100|[from] Recoil\n|\n|win|lolnezan78\n|raw|FernandaXP's rating: 1417 &rarr; <strong>1394</strong><br />(-23 for losing)\n|raw|lolnezan78's rating: 1359 &rarr; <strong>1382</strong><br />(+23 for winning)\n",
  "uploadtime": 1776600448,
  "views": 27,
  "formatid": "gen9championsvgc2026regma",
  "rating": 1382,
  "private": 0,
  "password": null
}