{
  "id": "gen9championsvgc2026regma-2588963253",
  "format": "[Gen 9 Champions] VGC 2026 Reg M-A",
  "players": [
    "Saudasawdust",
    "spacecowboyp"
  ],
  "log": "|j|\u2606Saudasawdust\n|j|\u2606spacecowboyp\n|html|<table width=\"100%\"><tr><td align=\"left\">Saudasawdust</td><td align=\"right\">spacecowboyp</tr><tr><td align=\"left\"><i class=\"fa fa-circle-o\"></i> <i class=\"fa fa-circle-o\"></i> </td><td align=\"right\"><i class=\"fa fa-circle-o\"></i> <i class=\"fa fa-circle\"></i> </tr></table>\n|uhtml|bestof|<h2><strong>Game 2</strong> of <a href=\"/game-bestof3-gen9championsvgc2026regma-2588960477\">a best-of-3</a></h2>\n|t:|1776689899\n|gametype|doubles\n|player|p1|Saudasawdust|steven|\n|player|p2|spacecowboyp|cyclist-gen4|\n|gen|9\n|tier|[Gen 9 Champions] VGC 2026 Reg M-A\n|rated|Tournament battle\n|rule|Species Clause: Limit one of each Pok\u00e9mon\n|rule|Item Clause: Limit 1 of each item\n|raw|<div class=\"infobox\"><details class=\"readmore\" open><summary><strong>2 custom rules:</strong></summary> Force Open Team Sheets, Best of = 3</details></div>\n|clearpoke\n|poke|p1|Floette-Eternal, L50, F|\n|poke|p1|Sinistcha, L50|\n|poke|p1|Sableye, L50, F|\n|poke|p1|Incineroar, L50, F|\n|poke|p1|Excadrill, L50, F|\n|poke|p1|Tyranitar, L50, F|\n|poke|p2|Aggron, L50, M|\n|poke|p2|Pelipper, L50, M|\n|poke|p2|Basculegion, L50, M|\n|poke|p2|Dragonite, L50, F|\n|poke|p2|Sinistcha, L50|\n|poke|p2|Incineroar, L50, F|\n|teampreview|4\n|showteam|p1|Floette-Eternal||Floettite|FlowerVeil|Moonblast,DazzlingGleam,CalmMind,Protect|||F|||50|]Sinistcha||Leftovers|Hospitality|LifeDew,MatchaGotcha,RagePowder,Protect||||||50|]Sableye||RoseliBerry|Prankster|Reflect,LightScreen,FoulPlay,Encore|||F|||50|]Incineroar||SitrusBerry|Intimidate|FlareBlitz,WillOWisp,PartingShot,FakeOut|||F|||50|]Excadrill||WhiteHerb|SandRush|Earthquake,HighHorsepower,IronHead,Protect|||F|||50|]Tyranitar||Tyranitarite|SandStream|RockSlide,Crunch,LowKick,Protect|||F|||50|\n|showteam|p2|Aggron||Aggronite|Sturdy|BodyPress,IronDefense,HeavySlam,Protect|||M|||50|]Pelipper||FocusSash|Drizzle|Hurricane,WeatherBall,HelpingHand,Protect|||M|||50|]Basculegion||ChoiceScarf|Adaptability|Liquidation,LastRespects,AquaJet,IceFang|||M|||50|]Dragonite||Dragoninite|InnerFocus|Hurricane,Protect,IceBeam,Tailwind|||F|||50|]Sinistcha||ColburBerry|Hospitality|RagePowder,MatchaGotcha,TrickRoom,LifeDew||||||50|]Incineroar||SitrusBerry|Intimidate|WillOWisp,Taunt,FakeOut,DarkestLariat|||F|||50|\n|\n|t:|1776689906\n|teamsize|p1|4\n|teamsize|p2|4\n|start\n|switch|p1a: Floette|Floette-Eternal, L50, F|100/100\n|switch|p1b: Sableye|Sableye, L50, F|100/100\n|switch|p2a: Aggron|Aggron, L50, M|100/100\n|switch|p2b: Incineroar|Incineroar, L50, F|100/100\n|-ability|p2b: Incineroar|Intimidate|boost\n|-unboost|p1a: Floette|atk|1\n|-unboost|p1b: Sableye|atk|1\n|turn|1\n|c|\u2606spacecowboyp|GL\n|\n|t:|1776689922\n|detailschange|p1a: Floette|Floette-Mega, L50, F\n|-mega|p1a: Floette|Floette|Floettite\n|-ability|p1a: Floette|Fairy Aura\n|detailschange|p2a: Aggron|Aggron-Mega, L50, M\n|-mega|p2a: Aggron|Aggron|Aggronite\n|move|p2b: Incineroar|Fake Out|p1a: Floette\n|-damage|p1a: Floette|92/100\n|move|p1b: Sableye|Reflect|p1b: Sableye\n|-sidestart|p1: Saudasawdust|Reflect\n|cant|p1a: Floette|flinch\n|move|p2a: Aggron|Iron Defense|p2a: Aggron\n|-boost|p2a: Aggron|def|2\n|\n|upkeep\n|turn|2\n|c|\u2606Saudasawdust|Glhf\n|\n|t:|1776689948\n|move|p2a: Aggron|Protect|p2a: Aggron\n|-singleturn|p2a: Aggron|Protect\n|move|p1b: Sableye|Encore|p2a: Aggron\n|-activate|p2a: Aggron|move: Protect\n|move|p1a: Floette|Calm Mind|p1a: Floette\n|-boost|p1a: Floette|spa|1\n|-boost|p1a: Floette|spd|1\n|move|p2b: Incineroar|Taunt|p1b: Sableye\n|-start|p1b: Sableye|move: Taunt\n|\n|upkeep\n|turn|3\n|\n|t:|1776689976\n|switch|p1b: Sinistcha|Sinistcha, L50|100/100\n|-heal|p1a: Floette|100/100|[from] ability: Hospitality|[of] p1b: Sinistcha\n|move|p1a: Floette|Dazzling Gleam|p2a: Aggron|[spread] p2a,p2b\n|-resisted|p2a: Aggron|1\n|-damage|p2a: Aggron|72/100\n|-damage|p2b: Incineroar|51/100\n|move|p2b: Incineroar|Darkest Lariat|p1b: Sinistcha\n|-supereffective|p1b: Sinistcha|1\n|-damage|p1b: Sinistcha|59/100\n|move|p2a: Aggron|Heavy Slam|p1a: Floette\n|-supereffective|p1a: Floette|1\n|-damage|p1a: Floette|60/100\n|\n|-heal|p1b: Sinistcha|66/100|[from] item: Leftovers\n|upkeep\n|turn|4\n|\n|t:|1776689995\n|move|p1a: Floette|Moonblast|p2a: Aggron\n|-resisted|p2a: Aggron|1\n|-damage|p2a: Aggron|31/100\n|move|p1b: Sinistcha|Matcha Gotcha|p2b: Incineroar|[spread] p2b\n|-miss|p1b: Sinistcha|p2a: Aggron\n|-resisted|p2b: Incineroar|1\n|-damage|p2b: Incineroar|42/100\n|-heal|p1b: Sinistcha|71/100|[from] drain|[of] p2b: Incineroar\n|-enditem|p2b: Incineroar|Sitrus Berry|[eat]\n|-heal|p2b: Incineroar|67/100|[from] item: Sitrus Berry\n|move|p2b: Incineroar|Darkest Lariat|p1b: Sinistcha\n|-supereffective|p1b: Sinistcha|1\n|-damage|p1b: Sinistcha|34/100\n|move|p2a: Aggron|Heavy Slam|p1a: Floette\n|-supereffective|p1a: Floette|1\n|-damage|p1a: Floette|13/100\n|\n|-heal|p1b: Sinistcha|40/100|[from] item: Leftovers\n|upkeep\n|turn|5\n|\n|t:|1776690023\n|switch|p2b: Sinistcha|Sinistcha, L50|100/100\n|-heal|p2a: Aggron|56/100|[from] ability: Hospitality|[of] p2b: Sinistcha\n|move|p1b: Sinistcha|Rage Powder|p1b: Sinistcha\n|-singleturn|p1b: Sinistcha|move: Rage Powder\n|move|p1a: Floette|Moonblast|p2a: Aggron\n|-resisted|p2a: Aggron|1\n|-damage|p2a: Aggron|12/100\n|move|p2a: Aggron|Heavy Slam|p1b: Sinistcha\n|-damage|p1b: Sinistcha|8/100\n|\n|-heal|p1b: Sinistcha|14/100|[from] item: Leftovers\n|-sideend|p1: Saudasawdust|Reflect\n|upkeep\n|turn|6\n|\n|t:|1776690045\n|switch|p1b: Incineroar|Incineroar, L50, F|100/100\n|-ability|p1b: Incineroar|Intimidate|boost\n|-unboost|p2a: Aggron|atk|1\n|-unboost|p2b: Sinistcha|atk|1\n|move|p2a: Aggron|Protect|p2a: Aggron\n|-singleturn|p2a: Aggron|Protect\n|move|p1a: Floette|Dazzling Gleam|p2a: Aggron|[spread] p2b\n|-activate|p2a: Aggron|move: Protect\n|-damage|p2b: Sinistcha|28/100\n|move|p2b: Sinistcha|Trick Room|p2b: Sinistcha\n|-fieldstart|move: Trick Room|[of] p2b: Sinistcha\n|\n|upkeep\n|turn|7\n|\n|t:|1776690072\n|move|p1a: Floette|Protect|p1a: Floette\n|-singleturn|p1a: Floette|Protect\n|move|p1b: Incineroar|Fake Out|p2a: Aggron\n|-resisted|p2a: Aggron|1\n|-damage|p2a: Aggron|11/100\n|cant|p2a: Aggron|flinch\n|move|p2b: Sinistcha|Life Dew|p2b: Sinistcha|[spread] p2a,p2b\n|-heal|p2a: Aggron|36/100\n|-heal|p2b: Sinistcha|53/100\n|\n|upkeep\n|turn|8\n|c|\u2606spacecowboyp|Fake Out protect\n|\n|t:|1776690091\n|switch|p1b: Sinistcha|Sinistcha, L50|14/100\n|-heal|p1a: Floette|38/100|[from] ability: Hospitality|[of] p1b: Sinistcha\n|switch|p1a: Sableye|Sableye, L50, F|100/100\n|move|p2a: Aggron|Protect|p2a: Aggron\n|-singleturn|p2a: Aggron|Protect\n|move|p2b: Sinistcha|Life Dew|p2b: Sinistcha|[spread] p2a,p2b\n|-heal|p2a: Aggron|61/100\n|-heal|p2b: Sinistcha|79/100\n|\n|-heal|p1b: Sinistcha|20/100|[from] item: Leftovers\n|upkeep\n|turn|9\n|c|\u2606spacecowboyp|Classic play\n|c|\u2606Saudasawdust|Thank you\n|\n|t:|1776690121\n|move|p1b: Sinistcha|Protect|p1b: Sinistcha\n|-singleturn|p1b: Sinistcha|Protect\n|move|p1a: Sableye|Encore|p2a: Aggron\n|-start|p2a: Aggron|Encore\n|move|p2a: Aggron|Protect||[still]\n|-fail|p2a: Aggron\n|move|p2b: Sinistcha|Matcha Gotcha|p1a: Sableye|[spread] p1a\n|-activate|p1b: Sinistcha|move: Protect\n|-damage|p1a: Sableye|75/100\n|-heal|p2b: Sinistcha|90/100|[from] drain|[of] p1a: Sableye\n|-status|p1a: Sableye|brn\n|\n|-heal|p1b: Sinistcha|26/100|[from] item: Leftovers\n|-damage|p1a: Sableye|69/100 brn|[from] brn\n|upkeep\n|turn|10\n|c|\u2606spacecowboyp|I see you're a man of culture\n|inactive|Battle timer is ON: inactive players will automatically lose when time's up. (requested by spacecowboyp)\n|\n|t:|1776690174\n|switch|p1b: Incineroar|Incineroar, L50, F|100/100\n|-ability|p1b: Incineroar|Intimidate|boost\n|-unboost|p2a: Aggron|atk|1\n|-unboost|p2b: Sinistcha|atk|1\n|move|p2a: Aggron|Protect|p2a: Aggron\n|-singleturn|p2a: Aggron|Protect\n|move|p1a: Sableye|Reflect|p1a: Sableye\n|-sidestart|p1: Saudasawdust|Reflect\n|move|p2b: Sinistcha|Matcha Gotcha|p1b: Incineroar|[spread] p1a,p1b\n|-resisted|p1b: Incineroar|1\n|-damage|p1a: Sableye|44/100 brn\n|-heal|p2b: Sinistcha|100/100|[from] drain|[of] p1a: Sableye\n|-damage|p1b: Incineroar|90/100\n|\n|-damage|p1a: Sableye|38/100 brn|[from] brn\n|-fieldend|move: Trick Room\n|upkeep\n|turn|11\n|\n|t:|1776690196\n|switch|p1b: Sinistcha|Sinistcha, L50|26/100\n|-heal|p1a: Sableye|63/100 brn|[from] ability: Hospitality|[of] p1b: Sinistcha\n|switch|p1a: Floette|Floette-Mega, L50, F|38/100\n|-ability|p1a: Floette|Fairy Aura\n|switch|p2a: Incineroar|Incineroar, L50, F|67/100\n|-ability|p2a: Incineroar|Intimidate|boost\n|-unboost|p1a: Floette|atk|1\n|-unboost|p1b: Sinistcha|atk|1\n|move|p2b: Sinistcha|Matcha Gotcha|p1b: Sinistcha|[spread] p1a,p1b\n|-resisted|p1b: Sinistcha|1\n|-damage|p1a: Floette|20/100\n|-damage|p1b: Sinistcha|15/100\n|\n|-heal|p1b: Sinistcha|21/100|[from] item: Leftovers\n|upkeep\n|turn|12\n|\n|t:|1776690217\n|switch|p2b: Aggron|Aggron-Mega, L50, M|61/100\n|move|p1a: Floette|Protect|p1a: Floette\n|-singleturn|p1a: Floette|Protect\n|move|p2a: Incineroar|Fake Out|p1a: Floette\n|-activate|p1a: Floette|move: Protect\n|move|p1b: Sinistcha|Life Dew|p1b: Sinistcha|[spread] p1a,p1b\n|-heal|p1a: Floette|45/100\n|-heal|p1b: Sinistcha|47/100\n|\n|-heal|p1b: Sinistcha|53/100|[from] item: Leftovers\n|upkeep\n|turn|13\n|inactive|Saudasawdust has 30 seconds left.\n|\n|t:|1776690248\n|move|p1b: Sinistcha|Rage Powder|p1b: Sinistcha\n|-singleturn|p1b: Sinistcha|move: Rage Powder\n|move|p1a: Floette|Moonblast|p2b: Aggron\n|-resisted|p2b: Aggron|1\n|-damage|p2b: Aggron|32/100\n|move|p2a: Incineroar|Taunt|p1b: Sinistcha\n|-start|p1b: Sinistcha|move: Taunt\n|move|p2b: Aggron|Heavy Slam|p1b: Sinistcha\n|-damage|p1b: Sinistcha|19/100\n|\n|-heal|p1b: Sinistcha|25/100|[from] item: Leftovers\n|upkeep\n|turn|14\n|\n|t:|1776690263\n|switch|p2a: Sinistcha|Sinistcha, L50|100/100\n|-heal|p2b: Aggron|57/100|[from] ability: Hospitality|[of] p2a: Sinistcha\n|move|p1a: Floette|Moonblast|p2b: Aggron\n|-resisted|p2b: Aggron|1\n|-damage|p2b: Aggron|28/100\n|-unboost|p2b: Aggron|spa|1\n|move|p1b: Sinistcha|Matcha Gotcha|p2b: Aggron|[spread] p2a,p2b\n|-resisted|p2a: Sinistcha|1\n|-resisted|p2b: Aggron|1\n|-crit|p2b: Aggron\n|-damage|p2a: Sinistcha|88/100\n|-heal|p1b: Sinistcha|31/100|[from] drain|[of] p2a: Sinistcha\n|-damage|p2b: Aggron|14/100\n|-heal|p1b: Sinistcha|39/100|[from] drain|[of] p2b: Aggron\n|-status|p2a: Sinistcha|brn\n|-status|p2b: Aggron|brn\n|move|p2b: Aggron|Heavy Slam|p1a: Floette\n|-supereffective|p1a: Floette|1\n|-damage|p1a: Floette|23/100\n|\n|-heal|p1b: Sinistcha|45/100|[from] item: Leftovers\n|-damage|p2a: Sinistcha|82/100 brn|[from] brn\n|-damage|p2b: Aggron|8/100 brn|[from] brn\n|-sideend|p1: Saudasawdust|Reflect\n|upkeep\n|turn|15\n|inactive|spacecowboyp has 30 seconds left.\n|\n|t:|1776690290\n|move|p1a: Floette|Dazzling Gleam|p2a: Sinistcha|[spread] p2a,p2b\n|-resisted|p2b: Aggron|1\n|-damage|p2a: Sinistcha|35/100 brn\n|-damage|p2b: Aggron|0 fnt\n|faint|p2b: Aggron\n|move|p1b: Sinistcha|Matcha Gotcha|p2a: Sinistcha\n|-resisted|p2a: Sinistcha|1\n|-damage|p2a: Sinistcha|20/100 brn\n|-heal|p1b: Sinistcha|53/100|[from] drain|[of] p2a: Sinistcha\n|move|p2a: Sinistcha|Matcha Gotcha|p1b: Sinistcha|[spread] p1a,p1b\n|-resisted|p1b: Sinistcha|1\n|-damage|p1a: Floette|6/100\n|-heal|p2a: Sinistcha|28/100 brn|[from] drain|[of] p1a: Floette\n|-damage|p1b: Sinistcha|42/100\n|-heal|p2a: Sinistcha|34/100 brn|[from] drain|[of] p1b: Sinistcha\n|\n|-heal|p1b: Sinistcha|48/100|[from] item: Leftovers\n|-damage|p2a: Sinistcha|27/100 brn|[from] brn\n|upkeep\n|\n|t:|1776690295\n|switch|p2b: Pelipper|Pelipper, L50, M|100/100\n|-weather|RainDance|[from] ability: Drizzle|[of] p2b: Pelipper\n|turn|16\n|\n|t:|1776690319\n|switch|p1b: Sableye|Sableye, L50, F|63/100 brn\n|move|p1a: Floette|Protect|p1a: Floette\n|-singleturn|p1a: Floette|Protect\n|move|p2b: Pelipper|Hurricane|p1b: Sableye\n|-damage|p1b: Sableye|6/100 brn\n|move|p2a: Sinistcha|Matcha Gotcha|p1a: Floette|[spread] p1b\n|-activate|p1a: Floette|move: Protect\n|-damage|p1b: Sableye|0 fnt\n|-heal|p2a: Sinistcha|30/100 brn|[from] drain|[of] p1b: Sableye\n|faint|p1b: Sableye\n|\n|-weather|RainDance|[upkeep]\n|-damage|p2a: Sinistcha|24/100 brn|[from] brn\n|upkeep\n|\n|t:|1776690333\n|switch|p1b: Sinistcha|Sinistcha, L50|48/100\n|-heal|p1a: Floette|31/100|[from] ability: Hospitality|[of] p1b: Sinistcha\n|turn|17\n|\n|t:|1776690341\n|move|p1a: Floette|Moonblast|p2b: Pelipper\n|-enditem|p2b: Pelipper|Focus Sash\n|-damage|p2b: Pelipper|1/100\n|move|p2b: Pelipper|Hurricane|p1a: Floette\n|-damage|p1a: Floette|0 fnt\n|faint|p1a: Floette\n|move|p1b: Sinistcha|Life Dew|p1b: Sinistcha\n|-heal|p1b: Sinistcha|73/100\n|move|p2a: Sinistcha|Matcha Gotcha|p1b: Sinistcha|[miss]\n|-miss|p2a: Sinistcha|p1b: Sinistcha\n|\n|-weather|RainDance|[upkeep]\n|-heal|p1b: Sinistcha|79/100|[from] item: Leftovers\n|-damage|p2a: Sinistcha|17/100 brn|[from] brn\n|upkeep\n|\n|t:|1776690357\n|switch|p1a: Incineroar|Incineroar, L50, F|90/100\n|-ability|p1a: Incineroar|Intimidate|boost\n|-unboost|p2a: Sinistcha|atk|1\n|-unboost|p2b: Pelipper|atk|1\n|turn|18\n|\n|t:|1776690366\n|switch|p2a: Incineroar|Incineroar, L50, F|67/100\n|-ability|p2a: Incineroar|Intimidate|boost\n|-unboost|p1a: Incineroar|atk|1\n|-unboost|p1b: Sinistcha|atk|1\n|move|p2b: Pelipper|Protect|p2b: Pelipper\n|-singleturn|p2b: Pelipper|Protect\n|move|p1a: Incineroar|Fake Out|p2b: Pelipper\n|-activate|p2b: Pelipper|move: Protect\n|move|p1b: Sinistcha|Matcha Gotcha|p2a: Incineroar|[spread] p2a\n|-activate|p2b: Pelipper|move: Protect\n|-resisted|p2a: Incineroar|1\n|-damage|p2a: Incineroar|58/100\n|-heal|p1b: Sinistcha|84/100|[from] drain|[of] p2a: Incineroar\n|\n|-weather|RainDance|[upkeep]\n|-heal|p1b: Sinistcha|90/100|[from] item: Leftovers\n|upkeep\n|turn|19\n|inactive|Saudasawdust has 30 seconds left.\n|\n|t:|1776690392\n|move|p1b: Sinistcha|Protect|p1b: Sinistcha\n|-singleturn|p1b: Sinistcha|Protect\n|move|p2a: Incineroar|Fake Out|p1a: Incineroar\n|-damage|p1a: Incineroar|82/100\n|move|p2b: Pelipper|Weather Ball|p1a: Incineroar\n|-supereffective|p1a: Incineroar|1\n|-damage|p1a: Incineroar|0 fnt\n|faint|p1a: Incineroar\n|\n|-weather|RainDance|[upkeep]\n|-heal|p1b: Sinistcha|97/100|[from] item: Leftovers\n|upkeep\n|turn|20\n|\n|t:|1776690405\n|move|p2b: Pelipper|Hurricane|p1b: Sinistcha\n|-supereffective|p1b: Sinistcha|1\n|-damage|p1b: Sinistcha|0 fnt\n|faint|p1b: Sinistcha\n|\n|win|spacecowboyp\n|c|\u2606spacecowboyp|Ggwp\n|c|\u2606Saudasawdust|Gg\n|l|\u2606spacecowboyp\n|player|p2|\n|c|\u2606Saudasawdust|any. Tips\n",
  "uploadtime": 1776690420,
  "views": 1,
  "formatid": "gen9championsvgc2026regma",
  "rating": null,
  "private": 0,
  "password": null
}