{
  "id": "gen9championsvgc2026regma-2584019815",
  "format": "[Gen 9 Champions] VGC 2026 Reg M-A",
  "players": [
    "sgminer",
    "savemelivie"
  ],
  "log": "|j|\u2606sgminer\n|j|\u2606savemelivie\n|t:|1776217369\n|gametype|doubles\n|player|p1|sgminer|101|1014\n|player|p2|savemelivie|swimmerf-gen4|1108\n|gen|9\n|tier|[Gen 9 Champions] VGC 2026 Reg M-A\n|rated|\n|rule|Species Clause: Limit one of each Pok\u00e9mon\n|rule|Item Clause: Limit 1 of each item\n|clearpoke\n|poke|p1|Gyarados, L50, F|\n|poke|p1|Oranguru, L50, M|\n|poke|p1|Garchomp, L50, F|\n|poke|p1|Pelipper, L50, F|\n|poke|p1|Sneasler, L50, F|\n|poke|p1|Orthworm, L50, F|\n|poke|p2|Froslass, L50, F|\n|poke|p2|Glaceon, L50, F|\n|poke|p2|Incineroar, L50, F|\n|poke|p2|Primarina, L50, F|\n|poke|p2|Whimsicott, L50, M|\n|poke|p2|Ninetales-Alola, L50, M|\n|teampreview|4\nsgminer rejected open team sheets.\n|inactive|Battle timer is ON: inactive players will automatically lose when time's up. (requested by sgminer)\n|inactive|savemelivie has 60 seconds left.\n|\n|t:|1776217429\n|teamsize|p1|4\n|teamsize|p2|4\n|start\n|switch|p1a: Sneasler|Sneasler, L50, F|100/100\n|switch|p1b: Pelipper|Pelipper, L50, F|100/100\n|switch|p2a: Froslass|Froslass, L50, F|100/100\n|switch|p2b: Whimsicott|Whimsicott, L50, M|100/100\n|-weather|RainDance|[from] ability: Drizzle|[of] p1b: Pelipper\n|turn|1\n|inactive|sgminer has 30 seconds left.\n|inactive|savemelivie has 30 seconds left.\n|\n|t:|1776217463\n|detailschange|p2a: Froslass|Froslass-Mega, L50, F\n|-mega|p2a: Froslass|Froslass|Froslassite\n|-weather|Snowscape|[from] ability: Snow Warning|[of] p2a: Froslass\n|move|p1a: Sneasler|Fake Out|p2b: Whimsicott\n|-damage|p2b: Whimsicott|87/100\n|-status|p2b: Whimsicott|psn|[from] ability: Poison Touch|[of] p1a: Sneasler\n|cant|p2b: Whimsicott|flinch\n|move|p2a: Froslass|Aurora Veil|p2a: Froslass\n|-sidestart|p2: savemelivie|move: Aurora Veil\n|move|p1b: Pelipper|Tailwind|p1b: Pelipper\n|-sidestart|p1: sgminer|move: Tailwind\n|\n|-weather|Snowscape|[upkeep]\n|-damage|p2b: Whimsicott|75/100 psn|[from] psn\n|upkeep\n|turn|2\n|inactive|sgminer has 30 seconds left.\n|\n|t:|1776217489\n|move|p1a: Sneasler|Upper Hand||[still]\n|-fail|p1a: Sneasler\n|move|p1b: Pelipper|Wide Guard|p1b: Pelipper\n|-singleturn|p1b: Pelipper|Wide Guard\n|move|p2b: Whimsicott|Tailwind|p2b: Whimsicott\n|-sidestart|p2: savemelivie|move: Tailwind\n|move|p2a: Froslass|Blizzard|p1b: Pelipper|[spread] \n|-activate|p1a: Sneasler|move: Wide Guard\n|-activate|p1b: Pelipper|move: Wide Guard\n|\n|-weather|Snowscape|[upkeep]\n|-damage|p2b: Whimsicott|63/100 psn|[from] psn\n|upkeep\n|turn|3\n|\n|t:|1776217511\n|move|p1b: Pelipper|Wide Guard|p1b: Pelipper\n|-singleturn|p1b: Pelipper|Wide Guard\n|move|p2b: Whimsicott|Encore|p1b: Pelipper\n|-start|p1b: Pelipper|Encore\n|move|p1a: Sneasler|Dire Claw|p2b: Whimsicott\n|-supereffective|p2b: Whimsicott|2\n|-damage|p2b: Whimsicott|0 fnt\n|faint|p2b: Whimsicott\n|move|p2a: Froslass|Shadow Ball|p1a: Sneasler\n|-damage|p1a: Sneasler|41/100\n|-unboost|p1a: Sneasler|spd|1\n|\n|-weather|Snowscape|[upkeep]\n|upkeep\n|\n|t:|1776217529\n|switch|p2b: Glaceon|Glaceon, L50, F|100/100\n|turn|4\n|\n|t:|1776217550\n|move|p1b: Pelipper|Wide Guard|p1b: Pelipper\n|-singleturn|p1b: Pelipper|Wide Guard\n|move|p2a: Froslass|Shadow Ball|p1a: Sneasler\n|-damage|p1a: Sneasler|0 fnt\n|faint|p1a: Sneasler\n|move|p2b: Glaceon|Calm Mind|p2b: Glaceon\n|-boost|p2b: Glaceon|spa|1\n|-boost|p2b: Glaceon|spd|1\n|\n|-weather|Snowscape|[upkeep]\n|-sideend|p1: sgminer|move: Tailwind\n|upkeep\n|\n|t:|1776217560\n|switch|p1a: Gyarados|Gyarados, L50, F|100/100\n|-ability|p1a: Gyarados|Intimidate|boost\n|-unboost|p2a: Froslass|atk|1\n|-unboost|p2b: Glaceon|atk|1\n|turn|5\n|\n|t:|1776217580\n|switch|p1b: Oranguru|Oranguru, L50, M|100/100\n|detailschange|p1a: Gyarados|Gyarados-Mega, L50, F\n|-mega|p1a: Gyarados|Gyarados|Gyaradosite\n|-ability|p1a: Gyarados|Mold Breaker\n|move|p2a: Froslass|Will-O-Wisp|p1a: Gyarados\n|-status|p1a: Gyarados|brn\n|move|p2b: Glaceon|Calm Mind|p2b: Glaceon\n|-boost|p2b: Glaceon|spa|1\n|-boost|p2b: Glaceon|spd|1\n|move|p1a: Gyarados|Crunch|p2a: Froslass\n|-supereffective|p2a: Froslass|1\n|-damage|p2a: Froslass|59/100\n|\n|-weather|none\n|-damage|p1a: Gyarados|95/100 brn|[from] brn\n|-sideend|p2: savemelivie|move: Tailwind\n|-sideend|p2: savemelivie|move: Aurora Veil\n|upkeep\n|turn|6\n|\n|t:|1776217603\n|switch|p2a: Primarina|Primarina, L50, F|100/100\n|move|p1a: Gyarados|Earthquake|p2a: Primarina|[spread] p1b,p2a,p2b\n|-crit|p1b: Oranguru\n|-damage|p1b: Oranguru|73/100\n|-damage|p2a: Primarina|79/100\n|-damage|p2b: Glaceon|85/100\n|move|p2b: Glaceon|Freeze-Dry|p1a: Gyarados\n|-supereffective|p1a: Gyarados|1\n|-damage|p1a: Gyarados|0 fnt\n|faint|p1a: Gyarados\n|move|p1b: Oranguru|Instruct|p1: Gyarados|[notarget]\n|-fail|p1b: Oranguru\n|\n|-heal|p2a: Primarina|85/100|[from] item: Leftovers\n|upkeep\n|\n|t:|1776217611\n|switch|p1a: Pelipper|Pelipper, L50, F|100/100\n|-weather|RainDance|[from] ability: Drizzle|[of] p1a: Pelipper\n|turn|7\n|\n|t:|1776217634\n|move|p1a: Pelipper|Hurricane|p2a: Primarina\n|-damage|p2a: Primarina|32/100\n|-start|p2a: Primarina|confusion\n|move|p2b: Glaceon|Freeze-Dry|p1a: Pelipper\n|-supereffective|p1a: Pelipper|2\n|-damage|p1a: Pelipper|0 fnt\n|faint|p1a: Pelipper\n|-activate|p2a: Primarina|confusion\n|move|p2a: Primarina|Hyper Voice|p1b: Oranguru\n|-damage|p1b: Oranguru|25/100\n|move|p1b: Oranguru|Trick Room|p1b: Oranguru\n|-fieldstart|move: Trick Room|[of] p1b: Oranguru\n|\n|-weather|RainDance|[upkeep]\n|-heal|p2a: Primarina|38/100|[from] item: Leftovers\n|upkeep\n|turn|8\n|-message|sgminer forfeited.\n|\n|win|savemelivie\n|raw|sgminer's rating: 1014 &rarr; <strong>1005</strong><br />(-9 for losing)\n|raw|savemelivie's rating: 1108 &rarr; <strong>1126</strong><br />(+18 for winning)\n|l|\u2606sgminer\n|player|p1|\n",
  "uploadtime": 1776217651,
  "views": 26,
  "formatid": "gen9championsvgc2026regma",
  "rating": 1005,
  "private": 0,
  "password": null
}