{
  "id": "gen9championsvgc2026regma-2584933367",
  "format": "[Gen 9 Champions] VGC 2026 Reg M-A",
  "players": [
    "sudthemudbud",
    "PixilmonRED"
  ],
  "log": "|j|\u2606sudthemudbud\n|j|\u2606PixilmonRED\n|t:|1776295829\n|gametype|doubles\n|player|p1|sudthemudbud|winona|1126\n|player|p2|PixilmonRED|2|1188\n|gen|9\n|tier|[Gen 9 Champions] VGC 2026 Reg M-A\n|rated|\n|rule|Species Clause: Limit one of each Pok\u00e9mon\n|rule|Item Clause: Limit 1 of each item\n|clearpoke\n|poke|p1|Glimmora, L50, F|\n|poke|p1|Tyranitar, L50, M|\n|poke|p1|Skarmory, L50, F|\n|poke|p1|Rotom-Wash, L50|\n|poke|p1|Incineroar, L50, M|\n|poke|p1|Garchomp, L50, M|\n|poke|p2|Tyranitar, L50, F|\n|poke|p2|Garchomp, L50, M|\n|poke|p2|Runerigus, L50, F|\n|poke|p2|Goodra-Hisui, L50, M|\n|poke|p2|Excadrill, L50, F|\n|poke|p2|Farigiraf, L50, M|\n|teampreview|4\n|inactive|Battle timer is ON: inactive players will automatically lose when time's up. (requested by PixilmonRED)\n|\n|t:|1776295868\n|teamsize|p1|4\n|teamsize|p2|4\n|start\n|switch|p1a: Skarmory|Skarmory, L50, F|100/100\n|switch|p1b: Rotom|Rotom-Wash, L50|100/100\n|switch|p2a: Runerigus|Runerigus, L50, F|100/100\n|switch|p2b: Tyranitar|Tyranitar, L50, F, shiny|100/100\n|-weather|Sandstorm|[from] ability: Sand Stream|[of] p2b: Tyranitar\n|turn|1\n|inactive|sudthemudbud has 30 seconds left.\n|inactive|PixilmonRED has 30 seconds left.\n|inactive|sudthemudbud has 20 seconds left.\n|\n|t:|1776295906\n|detailschange|p1a: Skarmory|Skarmory-Mega, L50, F\n|-mega|p1a: Skarmory|Skarmory|Skarmorite\n|move|p2b: Tyranitar|Protect|p2b: Tyranitar\n|-singleturn|p2b: Tyranitar|Protect\n|move|p1b: Rotom|Shadow Ball|p2a: Runerigus\n|-supereffective|p2a: Runerigus|1\n|-damage|p2a: Runerigus|48/100\n|-unboost|p2a: Runerigus|spd|1\n|move|p1a: Skarmory|Iron Head|p2a: Runerigus\n|-damage|p2a: Runerigus|18/100\n|-activate|p1a: Skarmory|Skill Swap|Wandering Spirit|Stalwart|[of] p2a: Runerigus\n|cant|p2a: Runerigus|flinch\n|\n|-weather|Sandstorm|[upkeep]\n|-damage|p1b: Rotom|95/100|[from] Sandstorm\n|upkeep\n|turn|2\n|c|\u2606PixilmonRED|Brovoski\n|inactive|sudthemudbud has 30 seconds left.\n|inactive|PixilmonRED has 30 seconds left.\n|\n|t:|1776295938\n|switch|p2a: Goodra|Goodra-Hisui, L50, M|100/100\n|detailschange|p2b: Tyranitar|Tyranitar-Mega, L50, F, shiny\n|-mega|p2b: Tyranitar|Tyranitar|Tyranitarite\n|move|p1b: Rotom|Shadow Ball|p2a: Goodra\n|-damage|p2a: Goodra|83/100\n|move|p1a: Skarmory|Tailwind|p1a: Skarmory\n|-sidestart|p1: sudthemudbud|move: Tailwind\n|move|p2b: Tyranitar|Rock Slide|p1a: Skarmory|[spread] p1a,p1b\n|-damage|p1a: Skarmory|55/100\n|-damage|p1b: Rotom|47/100\n|\n|-weather|Sandstorm|[upkeep]\n|-damage|p1b: Rotom|41/100|[from] Sandstorm\n|-heal|p2a: Goodra|88/100|[from] item: Leftovers\n|upkeep\n|turn|3\n|inactive|sudthemudbud has 30 seconds left.\n|\n|t:|1776295966\n|switch|p1b: Incineroar|Incineroar, L50, M|100/100\n|-ability|p1b: Incineroar|Intimidate|boost\n|-unboost|p2a: Goodra|atk|1\n|-unboost|p2b: Tyranitar|atk|1\n|move|p1a: Skarmory|Iron Head|p2b: Tyranitar\n|-supereffective|p2b: Tyranitar|1\n|-damage|p2b: Tyranitar|39/100\n|cant|p2b: Tyranitar|flinch\n|move|p2a: Goodra|Shelter|p2a: Goodra\n|-boost|p2a: Goodra|def|2\n|\n|-weather|Sandstorm|[upkeep]\n|-damage|p1b: Incineroar|95/100|[from] Sandstorm\n|-heal|p2a: Goodra|94/100|[from] item: Leftovers\n|upkeep\n|turn|4\n|inactive|sudthemudbud has 30 seconds left.\n|inactive|sudthemudbud has 20 seconds left.\n|inactive|sudthemudbud has 15 seconds left.\n|\n|t:|1776296007\n|move|p2b: Tyranitar|Protect|p2b: Tyranitar\n|-singleturn|p2b: Tyranitar|Protect\n|move|p1a: Skarmory|Iron Head|p2b: Tyranitar\n|-activate|p2b: Tyranitar|move: Protect\n|move|p1b: Incineroar|Darkest Lariat|p2a: Goodra\n|-damage|p2a: Goodra|64/100\n|move|p2a: Goodra|Weather Ball|p1a: Skarmory\n|-crit|p1a: Skarmory\n|-damage|p1a: Skarmory|0 fnt\n|faint|p1a: Skarmory\n|\n|-weather|Sandstorm|[upkeep]\n|-damage|p1b: Incineroar|89/100|[from] Sandstorm\n|-heal|p2a: Goodra|69/100|[from] item: Leftovers\n|upkeep\n|\n|t:|1776296029\n|switch|p1a: Rotom|Rotom-Wash, L50|41/100\n|turn|5\n|inactive|sudthemudbud has 30 seconds left.\n|\n|t:|1776296061\n|move|p1a: Rotom|Hydro Pump|p2b: Tyranitar|[miss]\n|-miss|p1a: Rotom|p2b: Tyranitar\n|move|p1b: Incineroar|Parting Shot|p2a: Goodra\n|-unboost|p2a: Goodra|atk|1\n|-unboost|p2a: Goodra|spa|1\n|\n|t:|1776296067\n|switch|p1b: Garchomp|Garchomp, L50, M|100/100|[from] Parting Shot\n|move|p2b: Tyranitar|Rock Slide|p1a: Rotom|[spread] p1a,p1b\n|-resisted|p1b: Garchomp|1\n|-damage|p1a: Rotom|8/100\n|-damage|p1b: Garchomp|86/100\n|move|p2a: Goodra|Weather Ball|p1b: Garchomp\n|-resisted|p1b: Garchomp|1\n|-damage|p1b: Garchomp|74/100\n|\n|-weather|none\n|-heal|p2a: Goodra|75/100|[from] item: Leftovers\n|-sideend|p1: sudthemudbud|move: Tailwind\n|upkeep\n|turn|6\n|\n|t:|1776296089\n|move|p2b: Tyranitar|Protect|p2b: Tyranitar\n|-singleturn|p2b: Tyranitar|Protect\n|move|p1a: Rotom|Hydro Pump|p2a: Goodra\n|-resisted|p2a: Goodra|1\n|-damage|p2a: Goodra|55/100\n|move|p1b: Garchomp|Earthquake|p2b: Tyranitar|[spread] p2a\n|-activate|p2b: Tyranitar|move: Protect\n|-immune|p1a: Rotom|[from] ability: Levitate\n|-supereffective|p2a: Goodra|1\n|-damage|p2a: Goodra|20/100\n|move|p2a: Goodra|Draco Meteor|p1b: Garchomp|[miss]\n|-miss|p2a: Goodra|p1b: Garchomp\n|\n|-heal|p2a: Goodra|25/100|[from] item: Leftovers\n|upkeep\n|turn|7\n|c|\u2606PixilmonRED|Fucking shit g\n|inactive|PixilmonRED has 30 seconds left.\n|\n|t:|1776296115\n|move|p1a: Rotom|Hydro Pump|p2b: Tyranitar\n|-supereffective|p2b: Tyranitar|1\n|-damage|p2b: Tyranitar|0 fnt\n|faint|p2b: Tyranitar\n|move|p1b: Garchomp|Earthquake|p2a: Goodra|[spread] p2a\n|-immune|p1a: Rotom|[from] ability: Levitate\n|-supereffective|p2a: Goodra|1\n|-damage|p2a: Goodra|0 fnt\n|faint|p2a: Goodra\n|\n|upkeep\n|c|\u2606PixilmonRED|Gg I guess\n|-message|PixilmonRED forfeited.\n|\n|win|sudthemudbud\n",
  "uploadtime": 1776296109,
  "views": 18,
  "formatid": "gen9championsvgc2026regma",
  "rating": null,
  "private": 0,
  "password": null
}