{
  "id": "gen9championsvgc2026regma-2586043669",
  "format": "[Gen 9 Champions] VGC 2026 Reg M-A",
  "players": [
    "jshqydhdm",
    "Lax Machine"
  ],
  "log": "|j|\u2606jshqydhdm\n|j|\u2606Lax Machine\n|t:|1776393188\n|gametype|doubles\n|player|p1|jshqydhdm|265|1559\n|player|p2|Lax Machine|102|1553\n|gen|9\n|tier|[Gen 9 Champions] VGC 2026 Reg M-A\n|rated|\n|rule|Species Clause: Limit one of each Pok\u00e9mon\n|rule|Item Clause: Limit 1 of each item\n|clearpoke\n|poke|p1|Scovillain, L50, F|\n|poke|p1|Tyranitar, L50, F|\n|poke|p1|Corviknight, L50, M|\n|poke|p1|Kommo-o, L50, F|\n|poke|p1|Farigiraf, L50, M|\n|poke|p1|Basculegion, L50, M|\n|poke|p2|Dragapult, L50, F|\n|poke|p2|Sneasler, L50, F|\n|poke|p2|Incineroar, L50, M|\n|poke|p2|Scovillain, L50, M|\n|poke|p2|Maushold, L50|\n|poke|p2|Espathra, L50, F|\n|teampreview|4\n|inactive|Battle timer is ON: inactive players will automatically lose when time's up. (requested by Lax Machine)\n|\n|t:|1776393220\n|teamsize|p1|4\n|teamsize|p2|4\n|start\n|switch|p1a: Scovillain|Scovillain, L50, F|100/100\n|switch|p1b: Farigiraf|Farigiraf, L50, M|100/100\n|switch|p2a: Espathra|Espathra, L50, F|100/100\n|switch|p2b: Scovillain|Scovillain, L50, M|100/100\n|turn|1\n|\n|t:|1776393234\n|detailschange|p1a: Scovillain|Scovillain-Mega, L50, F\n|-mega|p1a: Scovillain|Scovillain|Scovillainite\n|move|p2a: Espathra|Calm Mind|p2a: Espathra\n|-boost|p2a: Espathra|spa|1\n|-boost|p2a: Espathra|spd|1\n|move|p1a: Scovillain|Leech Seed|p2a: Espathra\n|-start|p2a: Espathra|move: Leech Seed\n|move|p2b: Scovillain|Leech Seed|p1b: Farigiraf\n|-start|p1b: Farigiraf|move: Leech Seed\n|move|p1b: Farigiraf|Trick Room|p1b: Farigiraf\n|-fieldstart|move: Trick Room|[of] p1b: Farigiraf\n|\n|-damage|p1b: Farigiraf|88/100|[from] Leech Seed|[of] p2b: Scovillain\n|-damage|p2a: Espathra|88/100|[from] Leech Seed|[of] p1a: Scovillain\n|-ability|p2b: Scovillain|Moody|boost\n|-boost|p2b: Scovillain|spa|2\n|-unboost|p2b: Scovillain|atk|1\n|-ability|p2a: Espathra|Speed Boost|boost\n|-boost|p2a: Espathra|spe|1\n|upkeep\n|turn|2\n|\n|t:|1776393256\n|switch|p1b: Tyranitar|Tyranitar, L50, F|100/100\n|-weather|Sandstorm|[from] ability: Sand Stream|[of] p1b: Tyranitar\n|move|p2b: Scovillain|Leech Seed|p1b: Tyranitar\n|-start|p1b: Tyranitar|move: Leech Seed\n|move|p1a: Scovillain|Flamethrower|p2a: Espathra\n|-damage|p2a: Espathra|52/100\n|move|p2a: Espathra|Calm Mind|p2a: Espathra\n|-boost|p2a: Espathra|spa|1\n|-boost|p2a: Espathra|spd|1\n|\n|-weather|Sandstorm|[upkeep]\n|-damage|p2b: Scovillain|95/100|[from] Sandstorm\n|-damage|p1a: Scovillain|95/100|[from] Sandstorm\n|-damage|p2a: Espathra|47/100|[from] Sandstorm\n|-heal|p2a: Espathra|52/100|[from] item: Leftovers\n|-damage|p1b: Tyranitar|88/100|[from] Leech Seed|[of] p2b: Scovillain\n|-heal|p2b: Scovillain|100/100|[silent]\n|-damage|p2a: Espathra|40/100|[from] Leech Seed|[of] p1a: Scovillain\n|-heal|p1a: Scovillain|100/100|[silent]\n|-ability|p2b: Scovillain|Moody|boost\n|-boost|p2b: Scovillain|spe|2\n|-unboost|p2b: Scovillain|spa|1\n|-ability|p2a: Espathra|Speed Boost|boost\n|-boost|p2a: Espathra|spe|1\n|upkeep\n|turn|3\n|j| Hangin Out\n|inactive|jshqydhdm has 30 seconds left.\n|\n|t:|1776393288\n|switch|p2a: Maushold|Maushold, L50|100/100\n|move|p2b: Scovillain|Protect|p2b: Scovillain\n|-singleturn|p2b: Scovillain|Protect\n|move|p1b: Tyranitar|Rock Slide|p2a: Maushold|[spread] p2a\n|-activate|p2b: Scovillain|move: Protect\n|-damage|p2a: Maushold|67/100\n|move|p1a: Scovillain|Flamethrower|p2b: Scovillain\n|-activate|p2b: Scovillain|move: Protect\n|\n|-weather|Sandstorm|[upkeep]\n|-damage|p1a: Scovillain|95/100|[from] Sandstorm\n|-damage|p2a: Maushold|61/100|[from] Sandstorm\n|-damage|p2b: Scovillain|95/100|[from] Sandstorm\n|-damage|p1b: Tyranitar|76/100|[from] Leech Seed|[of] p2b: Scovillain\n|-heal|p2b: Scovillain|100/100|[silent]\n|-ability|p2b: Scovillain|Moody|boost\n|-boost|p2b: Scovillain|spd|2\n|-unboost|p2b: Scovillain|def|1\n|upkeep\n|turn|4\n|inactive|Lax Machine has 30 seconds left.\n|inactive|Lax Machine has 20 seconds left.\n|inactive|Lax Machine has 15 seconds left.\n|inactive|Lax Machine has 10 seconds left.\n|inactive|Lax Machine has 5 seconds left.\n|\n|t:|1776393340\n|detailschange|p2b: Scovillain|Scovillain-Mega, L50, M\n|-mega|p2b: Scovillain|Scovillain|Scovillainite\n|move|p1b: Tyranitar|Rock Slide|p2b: Scovillain|[spread] p2a,p2b\n|-supereffective|p2b: Scovillain|1\n|-damage|p2a: Maushold|32/100\n|-damage|p2b: Scovillain|34/100\n|-status|p1b: Tyranitar|brn|[from] ability: Spicy Spray|[of] p2b: Scovillain\n|-enditem|p2a: Maushold|Sitrus Berry|[eat]\n|-heal|p2a: Maushold|57/100|[from] item: Sitrus Berry\n|move|p1a: Scovillain|Flamethrower|p2b: Scovillain\n|-damage|p2b: Scovillain|18/100\n|-immune|p1a: Scovillain\n|move|p2a: Maushold|Super Fang|p1a: Scovillain\n|-damage|p1a: Scovillain|48/100\n|-status|p2a: Maushold|brn|[from] ability: Spicy Spray|[of] p1a: Scovillain\n|cant|p2b: Scovillain|flinch\n|\n|-weather|Sandstorm|[upkeep]\n|-damage|p1a: Scovillain|42/100|[from] Sandstorm\n|-damage|p2a: Maushold|51/100 brn|[from] Sandstorm\n|-damage|p2b: Scovillain|12/100|[from] Sandstorm\n|-damage|p1b: Tyranitar|64/100 brn|[from] Leech Seed|[of] p2b: Scovillain\n|-heal|p2b: Scovillain|27/100|[silent]\n|-damage|p1b: Tyranitar|58/100 brn|[from] brn\n|-damage|p2a: Maushold|45/100 brn|[from] brn\n|upkeep\n|turn|5\n|\n|t:|1776393362\n|switch|p1b: Farigiraf|Farigiraf, L50, M|88/100\n|switch|p2b: Espathra|Espathra, L50, F|40/100\n|move|p2a: Maushold|Protect|p2a: Maushold\n|-singleturn|p2a: Maushold|Protect\n|move|p1a: Scovillain|Leech Seed|p2a: Maushold\n|-activate|p2a: Maushold|move: Protect\n|\n|-weather|Sandstorm|[upkeep]\n|-damage|p1b: Farigiraf|83/100|[from] Sandstorm\n|-damage|p1a: Scovillain|36/100|[from] Sandstorm\n|-damage|p2a: Maushold|39/100 brn|[from] Sandstorm\n|-damage|p2b: Espathra|34/100|[from] Sandstorm\n|-heal|p2b: Espathra|40/100|[from] item: Leftovers\n|-damage|p2a: Maushold|33/100 brn|[from] brn\n|-fieldend|move: Trick Room\n|upkeep\n|turn|6\n|\n|t:|1776393384\n|move|p1a: Scovillain|Protect|p1a: Scovillain\n|-singleturn|p1a: Scovillain|Protect\n|move|p2a: Maushold|Follow Me|p2a: Maushold\n|-singleturn|p2a: Maushold|move: Follow Me\n|move|p2b: Espathra|Calm Mind|p2b: Espathra\n|-boost|p2b: Espathra|spa|1\n|-boost|p2b: Espathra|spd|1\n|move|p1b: Farigiraf|Trick Room|p1b: Farigiraf\n|-fieldstart|move: Trick Room|[of] p1b: Farigiraf\n|\n|-weather|none\n|-heal|p2b: Espathra|46/100|[from] item: Leftovers\n|-damage|p2a: Maushold|27/100 brn|[from] brn\n|-ability|p2b: Espathra|Speed Boost|boost\n|-boost|p2b: Espathra|spe|1\n|upkeep\n|turn|7\n|\n|t:|1776393405\n|switch|p2a: Scovillain|Scovillain-Mega, L50, M|27/100\n|move|p2b: Espathra|Protect|p2b: Espathra\n|-singleturn|p2b: Espathra|Protect\n|move|p1b: Farigiraf|Twin Beam|p2a: Scovillain\n|-damage|p2a: Scovillain|9/100\n|-status|p1b: Farigiraf|brn|[from] ability: Spicy Spray|[of] p2a: Scovillain\n|-damage|p2a: Scovillain|0 fnt\n|faint|p2a: Scovillain\n|-hitcount|p2: Scovillain|2\n|move|p1a: Scovillain|Leech Seed|p2b: Espathra\n|-activate|p2b: Espathra|move: Protect\n|\n|-heal|p2b: Espathra|52/100|[from] item: Leftovers\n|-damage|p1b: Farigiraf|77/100 brn|[from] brn\n|-ability|p2b: Espathra|Speed Boost|boost\n|-boost|p2b: Espathra|spe|1\n|upkeep\n|\n|t:|1776393418\n|switch|p2a: Maushold|Maushold, L50|27/100 brn\n|turn|8\n|\n|t:|1776393424\n|move|p2a: Maushold|Protect|p2a: Maushold\n|-singleturn|p2a: Maushold|Protect\n|move|p1b: Farigiraf|Twin Beam|p2a: Maushold\n|-activate|p2a: Maushold|move: Protect\n|move|p1a: Scovillain|Leech Seed|p2b: Espathra\n|-start|p2b: Espathra|move: Leech Seed\n|move|p2b: Espathra|Calm Mind|p2b: Espathra\n|-boost|p2b: Espathra|spa|1\n|-boost|p2b: Espathra|spd|1\n|\n|-heal|p2b: Espathra|58/100|[from] item: Leftovers\n|-damage|p2b: Espathra|46/100|[from] Leech Seed|[of] p1a: Scovillain\n|-heal|p1a: Scovillain|51/100|[silent]\n|-damage|p1b: Farigiraf|71/100 brn|[from] brn\n|-damage|p2a: Maushold|20/100 brn|[from] brn\n|-ability|p2b: Espathra|Speed Boost|boost\n|-boost|p2b: Espathra|spe|1\n|upkeep\n|turn|9\n|\n|t:|1776393447\n|move|p2a: Maushold|Follow Me|p2a: Maushold\n|-singleturn|p2a: Maushold|move: Follow Me\n|move|p1b: Farigiraf|Twin Beam|p2a: Maushold\n|-damage|p2a: Maushold|5/100 brn\n|-damage|p2a: Maushold|0 fnt\n|faint|p2a: Maushold\n|-hitcount|p2: Maushold|2\n|move|p1a: Scovillain|Flamethrower|p2b: Espathra\n|-damage|p2b: Espathra|20/100\n|move|p2b: Espathra|Stored Power|p1a: Scovillain\n|-damage|p1a: Scovillain|0 fnt\n|-status|p2b: Espathra|brn|[from] ability: Spicy Spray|[of] p1a: Scovillain\n|faint|p1a: Scovillain\n|\n|-heal|p2b: Espathra|26/100 brn|[from] item: Leftovers\n|-damage|p1b: Farigiraf|65/100 brn|[from] brn\n|-damage|p2b: Espathra|20/100 brn|[from] brn\n|-ability|p2b: Espathra|Speed Boost|boost\n|-boost|p2b: Espathra|spe|1\n|upkeep\n|\n|t:|1776393461\n|switch|p1a: Tyranitar|Tyranitar, L50, F|58/100 brn\n|switch|p2a: Sneasler|Sneasler, L50, F|100/100\n|-weather|Sandstorm|[from] ability: Sand Stream|[of] p1a: Tyranitar\n|turn|10\n|\n|t:|1776393473\n|move|p2a: Sneasler|Protect|p2a: Sneasler\n|-singleturn|p2a: Sneasler|Protect\n|move|p2b: Espathra|Protect|p2b: Espathra\n|-singleturn|p2b: Espathra|Protect\n|move|p1b: Farigiraf|Twin Beam|p2a: Sneasler\n|-activate|p2a: Sneasler|move: Protect\n|move|p1a: Tyranitar|Knock Off|p2b: Espathra\n|-activate|p2b: Espathra|move: Protect\n|\n|-weather|Sandstorm|[upkeep]\n|-damage|p1b: Farigiraf|59/100 brn|[from] Sandstorm\n|-damage|p2a: Sneasler|95/100|[from] Sandstorm\n|-damage|p2b: Espathra|14/100 brn|[from] Sandstorm\n|-heal|p2b: Espathra|20/100 brn|[from] item: Leftovers\n|-damage|p2b: Espathra|8/100 brn|[from] Leech Seed|[of] p1a: Tyranitar\n|-heal|p1a: Tyranitar|71/100 brn|[silent]\n|-damage|p1b: Farigiraf|53/100 brn|[from] brn\n|-damage|p1a: Tyranitar|65/100 brn|[from] brn\n|-damage|p2b: Espathra|2/100 brn|[from] brn\n|-fieldend|move: Trick Room\n|-ability|p2b: Espathra|Speed Boost|boost\n|-boost|p2b: Espathra|spe|1\n|upkeep\n|turn|11\n|\n|t:|1776393490\n|move|p1a: Tyranitar|Protect|p1a: Tyranitar\n|-singleturn|p1a: Tyranitar|Protect\n|move|p2b: Espathra|Stored Power|p1a: Tyranitar\n|-activate|p1a: Tyranitar|move: Protect\n|move|p2a: Sneasler|Close Combat|p1b: Farigiraf\n|-damage|p1b: Farigiraf|1/100 brn\n|-unboost|p2a: Sneasler|def|1\n|-unboost|p2a: Sneasler|spd|1\n|-enditem|p1b: Farigiraf|Sitrus Berry|[eat]\n|-heal|p1b: Farigiraf|26/100 brn|[from] item: Sitrus Berry\n|-enditem|p2a: Sneasler|White Herb\n|-clearnegativeboost|p2a: Sneasler|[silent]\n|move|p1b: Farigiraf|Twin Beam|p2a: Sneasler\n|-supereffective|p2a: Sneasler|2\n|-damage|p2a: Sneasler|17/100\n|-supereffective|p2a: Sneasler|2\n|-damage|p2a: Sneasler|0 fnt\n|faint|p2a: Sneasler\n|-hitcount|p2: Sneasler|2\n|\n|-weather|Sandstorm|[upkeep]\n|-damage|p2b: Espathra|0 fnt|[from] Sandstorm\n|-damage|p1b: Farigiraf|20/100 brn|[from] Sandstorm\n|faint|p2b: Espathra\n|\n|win|jshqydhdm\n|raw|jshqydhdm's rating: 1559 &rarr; <strong>1579</strong><br />(+20 for winning)\n|raw|Lax Machine's rating: 1553 &rarr; <strong>1533</strong><br />(-20 for losing)\n|l|\u2606Lax Machine\n|player|p2|\n|l|\u2606jshqydhdm\n|player|p1|\n",
  "uploadtime": 1776393506,
  "views": 68,
  "formatid": "gen9championsvgc2026regma",
  "rating": 1533,
  "private": 0,
  "password": null
}