{
  "id": "gen9championsvgc2026regma-2581502439",
  "format": "[Gen 9 Champions] VGC 2026 Reg M-A",
  "players": [
    "suibiandajiba",
    "la javineta"
  ],
  "log": "|j|\u2606suibiandajiba\n|j|\u2606la javineta\n|t:|1776006302\n|gametype|doubles\n|player|p1|suibiandajiba|lady-gen4|1322\n|player|p2|la javineta|265|1378\n|gen|9\n|tier|[Gen 9 Champions] VGC 2026 Reg M-A\n|rated|\n|rule|Species Clause: Limit one of each Pok\u00e9mon\n|rule|Item Clause: Limit 1 of each item\n|clearpoke\n|poke|p1|Gardevoir, L50, F|\n|poke|p1|Incineroar, L50, F|\n|poke|p1|Rotom-Wash, L50|\n|poke|p1|Garchomp, L50, M|\n|poke|p1|Corviknight, L50, M|\n|poke|p1|Sinistcha, L50|\n|poke|p2|Heliolisk, L50, F|\n|poke|p2|Excadrill, L50, M|\n|poke|p2|Tyranitar, L50, F|\n|poke|p2|Aerodactyl, L50, F|\n|poke|p2|Milotic, L50, M|\n|poke|p2|Incineroar, L50, M|\n|teampreview|4\n|\n|t:|1776006336\n|teamsize|p1|4\n|teamsize|p2|4\n|start\n|switch|p1a: Forever Queen|Gardevoir, L50, F, shiny|100/100\n|switch|p1b: Rotom|Rotom-Wash, L50|100/100\n|switch|p2a: Milotic|Milotic, L50, M|100/100\n|switch|p2b: Incineroar|Incineroar, L50, M|100/100\n|-ability|p1a: Forever Queen|Intimidate|Trace|[from] ability: Trace|[of] p2b: Incineroar\n|-ability|p1a: Forever Queen|Intimidate|boost\n|-unboost|p2a: Milotic|atk|1\n|-ability|p2a: Milotic|Competitive|boost\n|-boost|p2a: Milotic|spa|2\n|-unboost|p2b: Incineroar|atk|1\n|-ability|p2b: Incineroar|Intimidate|boost\n|-unboost|p1a: Forever Queen|atk|1\n|-unboost|p1b: Rotom|atk|1\n|turn|1\n|j| Junglebolt\n|l| Junglebolt\n|\n|t:|1776006357\n|detailschange|p1a: Forever Queen|Gardevoir-Mega, L50, F, shiny\n|-mega|p1a: Forever Queen|Gardevoir|Gardevoirite\n|move|p1a: Forever Queen|Protect|p1a: Forever Queen\n|-singleturn|p1a: Forever Queen|Protect\n|move|p2b: Incineroar|Fake Out|p1b: Rotom\n|-damage|p1b: Rotom|93/100\n|cant|p1b: Rotom|flinch\n|move|p2a: Milotic|Coil|p2a: Milotic\n|-boost|p2a: Milotic|atk|1\n|-boost|p2a: Milotic|def|1\n|-boost|p2a: Milotic|accuracy|1\n|\n|upkeep\n|turn|2\n|inactive|Battle timer is ON: inactive players will automatically lose when time's up. (requested by suibiandajiba)\n|\n|t:|1776006372\n|move|p2a: Milotic|Protect|p2a: Milotic\n|-singleturn|p2a: Milotic|Protect\n|move|p1b: Rotom|Trick|p2a: Milotic\n|-activate|p2a: Milotic|move: Protect\n|move|p1a: Forever Queen|Calm Mind|p1a: Forever Queen\n|-boost|p1a: Forever Queen|spa|1\n|-boost|p1a: Forever Queen|spd|1\n|move|p2b: Incineroar|Parting Shot|p1b: Rotom\n|-unboost|p1b: Rotom|atk|1\n|-unboost|p1b: Rotom|spa|1\n|\n|t:|1776006387\n|switch|p2b: Tyranitar|Tyranitar, L50, F|100/100|[from] Parting Shot\n|-weather|Sandstorm|[from] ability: Sand Stream|[of] p2b: Tyranitar\n|\n|-weather|Sandstorm|[upkeep]\n|-damage|p1b: Rotom|87/100|[from] Sandstorm\n|-damage|p1a: Forever Queen|95/100|[from] Sandstorm\n|-damage|p2a: Milotic|94/100|[from] Sandstorm\n|-heal|p2a: Milotic|100/100|[from] item: Leftovers\n|upkeep\n|turn|3\n|\n|t:|1776006394\n|switch|p1b: Sinistcha|Sinistcha, L50|100/100\n|-heal|p1a: Forever Queen|100/100|[from] ability: Hospitality|[of] p1b: Sinistcha\n|move|p1a: Forever Queen|Protect|p1a: Forever Queen\n|-singleturn|p1a: Forever Queen|Protect\n|move|p2a: Milotic|Scald|p1a: Forever Queen\n|-activate|p1a: Forever Queen|move: Protect\n|move|p2b: Tyranitar|Assurance|p1a: Forever Queen\n|-activate|p1a: Forever Queen|move: Protect\n|\n|-weather|Sandstorm|[upkeep]\n|-damage|p1a: Forever Queen|95/100|[from] Sandstorm\n|-damage|p2a: Milotic|94/100|[from] Sandstorm\n|-damage|p1b: Sinistcha|94/100|[from] Sandstorm\n|-heal|p2a: Milotic|100/100|[from] item: Leftovers\n|upkeep\n|turn|4\n|\n|t:|1776006406\n|move|p2b: Tyranitar|Protect|p2b: Tyranitar\n|-singleturn|p2b: Tyranitar|Protect\n|move|p1b: Sinistcha|Rage Powder|p1b: Sinistcha\n|-singleturn|p1b: Sinistcha|move: Rage Powder\n|move|p1a: Forever Queen|Hyper Voice|p2a: Milotic|[spread] p2a\n|-activate|p2b: Tyranitar|move: Protect\n|-damage|p2a: Milotic|57/100\n|move|p2a: Milotic|Hypnosis|p1b: Sinistcha\n|-status|p1b: Sinistcha|slp|[from] move: Hypnosis\n|\n|-weather|Sandstorm|[upkeep]\n|-damage|p1a: Forever Queen|89/100|[from] Sandstorm\n|-damage|p2a: Milotic|50/100|[from] Sandstorm\n|-damage|p1b: Sinistcha|88/100 slp|[from] Sandstorm\n|-heal|p2a: Milotic|57/100|[from] item: Leftovers\n|upkeep\n|turn|5\n|\n|t:|1776006428\n|move|p1a: Forever Queen|Hyper Voice|p2b: Tyranitar|[spread] p2a,p2b\n|-supereffective|p2b: Tyranitar|1\n|-damage|p2a: Milotic|13/100\n|-damage|p2b: Tyranitar|14/100\n|move|p2a: Milotic|Scald|p1b: Sinistcha\n|-resisted|p1b: Sinistcha|1\n|-damage|p1b: Sinistcha|49/100 slp\n|-enditem|p1b: Sinistcha|Sitrus Berry|[eat]\n|-heal|p1b: Sinistcha|74/100 slp|[from] item: Sitrus Berry\n|move|p2b: Tyranitar|Assurance|p1b: Sinistcha\n|-supereffective|p1b: Sinistcha|1\n|-damage|p1b: Sinistcha|0 fnt\n|faint|p1b: Sinistcha\n|\n|-weather|Sandstorm|[upkeep]\n|-damage|p1a: Forever Queen|83/100|[from] Sandstorm\n|-damage|p2a: Milotic|7/100|[from] Sandstorm\n|-heal|p2a: Milotic|13/100|[from] item: Leftovers\n|upkeep\n|\n|t:|1776006441\n|switch|p1b: Corviknight|Corviknight, L50, M|100/100\n|turn|6\n|\n|t:|1776006447\n|switch|p2b: Incineroar|Incineroar, L50, M|100/100\n|-ability|p2b: Incineroar|Intimidate|boost\n|-unboost|p1a: Forever Queen|atk|1\n|-ability|p1b: Corviknight|Mirror Armor\n|-unboost|p2b: Incineroar|atk|1\n|move|p2a: Milotic|Protect|p2a: Milotic\n|-singleturn|p2a: Milotic|Protect\n|move|p1a: Forever Queen|Hyper Voice|p2b: Incineroar|[spread] p2b\n|-activate|p2a: Milotic|move: Protect\n|-damage|p2b: Incineroar|17/100\n|-enditem|p2b: Incineroar|Sitrus Berry|[eat]\n|-heal|p2b: Incineroar|42/100|[from] item: Sitrus Berry\n|move|p1b: Corviknight|Bulk Up|p1b: Corviknight\n|-boost|p1b: Corviknight|atk|1\n|-boost|p1b: Corviknight|def|1\n|\n|-weather|none\n|-heal|p2a: Milotic|19/100|[from] item: Leftovers\n|upkeep\n|turn|7\n|j| Junglebolt\n|l| Junglebolt\n|\n|t:|1776006466\n|move|p2b: Incineroar|Fake Out|p1a: Forever Queen\n|-damage|p1a: Forever Queen|74/100\n|cant|p1a: Forever Queen|flinch\n|move|p2a: Milotic|Hypnosis|p1b: Corviknight\n|-status|p1b: Corviknight|slp|[from] move: Hypnosis\n|cant|p1b: Corviknight|slp\n|\n|-heal|p2a: Milotic|25/100|[from] item: Leftovers\n|upkeep\n|turn|8\n|j| Blueaquajet3\n|\n|t:|1776006475\n|move|p2a: Milotic|Protect|p2a: Milotic\n|-singleturn|p2a: Milotic|Protect\n|move|p1a: Forever Queen|Hyper Voice|p2a: Milotic|[spread] p2b\n|-activate|p2a: Milotic|move: Protect\n|-damage|p2b: Incineroar|0 fnt\n|faint|p2b: Incineroar\n|cant|p1b: Corviknight|slp\n|\n|-heal|p2a: Milotic|32/100|[from] item: Leftovers\n|upkeep\n|\n|t:|1776006481\n|switch|p2b: Aerodactyl|Aerodactyl, L50, F|100/100\n|-ability|p2b: Aerodactyl|Unnerve\n|turn|9\n|\n|t:|1776006495\n|detailschange|p2b: Aerodactyl|Aerodactyl-Mega, L50, F\n|-mega|p2b: Aerodactyl|Aerodactyl|Aerodactylite\n|move|p2b: Aerodactyl|Tailwind|p2b: Aerodactyl\n|-sidestart|p2: la javineta|move: Tailwind\n|move|p2a: Milotic|Hypnosis|p1a: Forever Queen\n|-status|p1a: Forever Queen|slp|[from] move: Hypnosis\n|cant|p1a: Forever Queen|slp\n|-curestatus|p1b: Corviknight|slp|[msg]\n|move|p1b: Corviknight|Brave Bird|p2a: Milotic\n|-damage|p2a: Milotic|0 fnt\n|faint|p2a: Milotic\n|-damage|p1b: Corviknight|91/100|[from] Recoil\n|\n|-heal|p1b: Corviknight|97/100|[from] item: Leftovers\n|upkeep\n|\n|t:|1776006505\n|switch|p2a: Tyranitar|Tyranitar, L50, F|14/100\n|-weather|Sandstorm|[from] ability: Sand Stream|[of] p2a: Tyranitar\n|turn|10\n|\n|t:|1776006515\n|move|p2b: Aerodactyl|Rock Slide|p1b: Corviknight|[spread] p1a\n|-miss|p2b: Aerodactyl|p1b: Corviknight\n|-damage|p1a: Forever Queen|34/100 slp\n|move|p2a: Tyranitar|Rock Slide|p1b: Corviknight|[spread] p1a,p1b\n|-damage|p1a: Forever Queen|0 fnt\n|-damage|p1b: Corviknight|80/100\n|faint|p1a: Forever Queen\n|move|p1b: Corviknight|Body Press|p2a: Tyranitar\n|-supereffective|p2a: Tyranitar|2\n|-enditem|p2a: Tyranitar|Chople Berry|[eat]\n|-enditem|p2a: Tyranitar|Chople Berry|[weaken]\n|-damage|p2a: Tyranitar|0 fnt\n|faint|p2a: Tyranitar\n|\n|-weather|Sandstorm|[upkeep]\n|-heal|p1b: Corviknight|86/100|[from] item: Leftovers\n|upkeep\n|\n|t:|1776006525\n|switch|p1a: Rotom|Rotom-Wash, L50|87/100\n|turn|11\n|\n|t:|1776006534\n|move|p2b: Aerodactyl|Rock Slide|p1b: Corviknight|[spread] p1a\n|-miss|p2b: Aerodactyl|p1b: Corviknight\n|-damage|p1a: Rotom|55/100\n|move|p1a: Rotom|Volt Switch|p2b: Aerodactyl\n|-supereffective|p2b: Aerodactyl|1\n|-damage|p2b: Aerodactyl|64/100\n|move|p1b: Corviknight|Bulk Up|p1b: Corviknight\n|-boost|p1b: Corviknight|atk|1\n|-boost|p1b: Corviknight|def|1\n|\n|-weather|Sandstorm|[upkeep]\n|-damage|p1a: Rotom|49/100|[from] Sandstorm\n|-heal|p1b: Corviknight|92/100|[from] item: Leftovers\n|upkeep\n|turn|12\n|\n|t:|1776006545\n|move|p2b: Aerodactyl|Rock Slide|p1b: Corviknight|[spread] p1a,p1b\n|-damage|p1a: Rotom|16/100\n|-damage|p1b: Corviknight|79/100\n|cant|p1a: Rotom|flinch\n|cant|p1b: Corviknight|flinch\n|\n|-weather|Sandstorm|[upkeep]\n|-damage|p1a: Rotom|11/100|[from] Sandstorm\n|-heal|p1b: Corviknight|85/100|[from] item: Leftovers\n|-sideend|p2: la javineta|move: Tailwind\n|upkeep\n|turn|13\n|\n|t:|1776006555\n|move|p1a: Rotom|Volt Switch|p2b: Aerodactyl\n|-supereffective|p2b: Aerodactyl|1\n|-damage|p2b: Aerodactyl|22/100\n|move|p2b: Aerodactyl|Rock Slide|p1a: Rotom|[spread] p1a,p1b\n|-damage|p1a: Rotom|0 fnt\n|-damage|p1b: Corviknight|72/100\n|faint|p1a: Rotom\n|move|p1b: Corviknight|Bulk Up|p1b: Corviknight\n|-boost|p1b: Corviknight|atk|1\n|-boost|p1b: Corviknight|def|1\n|\n|-weather|Sandstorm|[upkeep]\n|-heal|p1b: Corviknight|78/100|[from] item: Leftovers\n|upkeep\n|turn|14\n|\n|t:|1776006562\n|move|p2b: Aerodactyl|Rock Slide|p1b: Corviknight\n|-damage|p1b: Corviknight|64/100\n|move|p1b: Corviknight|Bulk Up|p1b: Corviknight\n|-boost|p1b: Corviknight|atk|1\n|-boost|p1b: Corviknight|def|1\n|\n|-weather|none\n|-heal|p1b: Corviknight|70/100|[from] item: Leftovers\n|upkeep\n|turn|15\n|n|!la javineta|lajavineta\n|\n|t:|1776006579\n|move|p2b: Aerodactyl|Rock Slide|p1b: Corviknight\n|-damage|p1b: Corviknight|59/100\n|move|p1b: Corviknight|Roost|p1b: Corviknight\n|-heal|p1b: Corviknight|100/100\n|-singleturn|p1b: Corviknight|move: Roost\n|\n|upkeep\n|turn|16\n|\n|t:|1776006591\n|move|p2b: Aerodactyl|Rock Slide|p1b: Corviknight\n|-damage|p1b: Corviknight|89/100\n|move|p1b: Corviknight|Bulk Up|p1b: Corviknight\n|-boost|p1b: Corviknight|atk|1\n|-boost|p1b: Corviknight|def|1\n|\n|-heal|p1b: Corviknight|95/100|[from] item: Leftovers\n|upkeep\n|turn|17\n|\n|t:|1776006595\n|move|p2b: Aerodactyl|Tailwind|p2b: Aerodactyl\n|-sidestart|p2: la javineta|move: Tailwind\n|move|p1b: Corviknight|Bulk Up|p1b: Corviknight\n|-boost|p1b: Corviknight|atk|1\n|-boost|p1b: Corviknight|def|1\n|\n|-heal|p1b: Corviknight|100/100|[from] item: Leftovers\n|upkeep\n|turn|18\n|\n|t:|1776006599\n|move|p2b: Aerodactyl|Rock Slide|p1b: Corviknight\n|-damage|p1b: Corviknight|91/100\n|move|p1b: Corviknight|Body Press|p2b: Aerodactyl\n|-damage|p2b: Aerodactyl|0 fnt\n|faint|p2b: Aerodactyl\n|\n|win|suibiandajiba\n",
  "uploadtime": 1776006574,
  "views": 15,
  "formatid": "gen9championsvgc2026regma",
  "rating": null,
  "private": 0,
  "password": null
}