{
  "id": "gen9championsvgc2026regma-2583013672",
  "format": "[Gen 9 Champions] VGC 2026 Reg M-A",
  "players": [
    "Novicebest",
    "UnloshTheWash"
  ],
  "log": "|j|\u2606Novicebest\n|j|\u203dUnloshTheWash\n|t:|1776133367\n|gametype|doubles\n|player|p1|Novicebest|dawn|1306\n|player|p2|UnloshTheWash|red|1393\n|gen|9\n|tier|[Gen 9 Champions] VGC 2026 Reg M-A\n|rated|\n|rule|Species Clause: Limit one of each Pok\u00e9mon\n|rule|Item Clause: Limit 1 of each item\n|clearpoke\n|poke|p1|Kingambit, L50, F|\n|poke|p1|Gengar, L50, F|\n|poke|p1|Kommo-o, L50, M|\n|poke|p1|Politoed, L50, F|\n|poke|p1|Incineroar, L50, M|\n|poke|p1|Basculegion, L50, M|\n|poke|p2|Delphox, L50, F|\n|poke|p2|Mamoswine, L50, F|\n|poke|p2|Orthworm, L50, M|\n|poke|p2|Rotom-Wash, L50|\n|poke|p2|Maushold-Four, L50|\n|poke|p2|Sneasler, L50, F|\n|teampreview|4\n|inactive|Battle timer is ON: inactive players will automatically lose when time's up. (requested by Novicebest)\n|\n|t:|1776133399\n|teamsize|p1|4\n|teamsize|p2|4\n|start\n|switch|p1a: Incineroar|Incineroar, L50, M|100/100\n|switch|p1b: Gengar|Gengar, L50, F|100/100\n|switch|p2a: Orthworm|Orthworm, L50, M|100/100\n|switch|p2b: Mamoswine|Mamoswine, L50, F|100/100\n|-ability|p1a: Incineroar|Intimidate|boost\n|-unboost|p2a: Orthworm|atk|1\n|-fail|p2b: Mamoswine|unboost|Attack|[from] ability: Oblivious|[of] p2b: Mamoswine\n|turn|1\n|inactive|Novicebest has 30 seconds left.\n|l|\u203dUnloshTheWash\n|inactive|UnloshTheWash disconnected and has a minute to reconnect!\n|player|p2|\n|\n|t:|1776133426\n|detailschange|p1b: Gengar|Gengar-Mega, L50, F\n|-mega|p1b: Gengar|Gengar|Gengarite\n|move|p1b: Gengar|Protect|p1b: Gengar\n|-singleturn|p1b: Gengar|Protect\n|move|p2b: Mamoswine|Earthquake|p1a: Incineroar|[spread] p1a\n|-activate|p1b: Gengar|move: Protect\n|-immune|p2a: Orthworm|[from] ability: Earth Eater\n|-supereffective|p1a: Incineroar|1\n|-damage|p1a: Incineroar|40/100\n|-enditem|p1a: Incineroar|Sitrus Berry|[eat]\n|-heal|p1a: Incineroar|65/100|[from] item: Sitrus Berry\n|move|p1a: Incineroar|Parting Shot|p2b: Mamoswine\n|-unboost|p2b: Mamoswine|atk|1\n|-unboost|p2b: Mamoswine|spa|1\n|j|\u203dUnloshTheWash\n|inactive|UnloshTheWash reconnected.\n|player|p2|UnloshTheWash|red|\n|n|\u203dUnloshTheWash|unloshthewash\n|\n|t:|1776133443\n|switch|p1a: Basculegion|Basculegion, L50, M|100/100|[from] Parting Shot\n|move|p2a: Orthworm|Shed Tail|p2a: Orthworm\n|-start|p2a: Orthworm|Substitute|[from] move: Shed Tail\n|-damage|p2a: Orthworm|50/100\n|-enditem|p2a: Orthworm|Sitrus Berry|[eat]\n|-heal|p2a: Orthworm|75/100|[from] item: Sitrus Berry\n|\n|t:|1776133446\n|switch|p2a: Delphox|Delphox, L50, F|100/100|[from] Shed Tail\n|\n|upkeep\n|turn|2\n|\n|t:|1776133462\n|switch|p1b: Politoed|Politoed, L50, F|100/100\n|-weather|RainDance|[from] ability: Drizzle|[of] p1b: Politoed\n|detailschange|p2a: Delphox|Delphox-Mega, L50, F\n|-mega|p2a: Delphox|Delphox|Delphoxite\n|move|p1a: Basculegion|Wave Crash|p2b: Mamoswine\n|-supereffective|p2b: Mamoswine|1\n|-enditem|p2b: Mamoswine|Focus Sash\n|-damage|p2b: Mamoswine|1/100\n|-damage|p1a: Basculegion|70/100|[from] Recoil\n|move|p2a: Delphox|Psychic|p1a: Basculegion\n|-damage|p1a: Basculegion|15/100\n|move|p2b: Mamoswine|Earthquake|p1a: Basculegion|[spread] p1a,p1b\n|-immune|p2a: Delphox|[from] ability: Levitate\n|-damage|p1a: Basculegion|0 fnt\n|-damage|p1b: Politoed|73/100\n|faint|p1a: Basculegion\n|\n|-weather|RainDance|[upkeep]\n|-heal|p1b: Politoed|79/100|[from] item: Leftovers\n|upkeep\n|\n|t:|1776133472\n|switch|p1a: Incineroar|Incineroar, L50, M|65/100\n|-ability|p1a: Incineroar|Intimidate|boost\n|-immune|p2a: Delphox\n|-fail|p2b: Mamoswine|unboost|Attack|[from] ability: Oblivious|[of] p2b: Mamoswine\n|turn|3\n|\n|t:|1776133480\n|move|p2a: Delphox|Protect|p2a: Delphox\n|-singleturn|p2a: Delphox|Protect\n|move|p2b: Mamoswine|Protect|p2b: Mamoswine\n|-singleturn|p2b: Mamoswine|Protect\n|move|p1a: Incineroar|Fake Out|p2b: Mamoswine\n|-activate|p2b: Mamoswine|move: Protect\n|move|p1b: Politoed|Weather Ball|p2a: Delphox\n|-activate|p2a: Delphox|move: Protect\n|\n|-weather|RainDance|[upkeep]\n|-heal|p1b: Politoed|85/100|[from] item: Leftovers\n|upkeep\n|turn|4\n|\n|t:|1776133490\n|move|p1a: Incineroar|Protect|p1a: Incineroar\n|-singleturn|p1a: Incineroar|Protect\n|move|p2a: Delphox|Psychic|p1b: Politoed\n|-damage|p1b: Politoed|51/100\n|move|p2b: Mamoswine|Earthquake|p1b: Politoed|[spread] p1b\n|-activate|p1a: Incineroar|move: Protect\n|-immune|p2a: Delphox|[from] ability: Levitate\n|-damage|p1b: Politoed|23/100\n|move|p1b: Politoed|Weather Ball|p2b: Mamoswine\n|-supereffective|p2b: Mamoswine|1\n|-damage|p2b: Mamoswine|0 fnt\n|faint|p2b: Mamoswine\n|\n|-weather|RainDance|[upkeep]\n|-heal|p1b: Politoed|29/100|[from] item: Leftovers\n|upkeep\n|\n|t:|1776133497\n|switch|p2b: Maushold|Maushold-Four, L50|100/100\n|turn|5\n|\n|t:|1776133517\n|move|p2a: Delphox|Psychic|p1b: Politoed\n|-damage|p1b: Politoed|0 fnt\n|faint|p1b: Politoed\n|move|p2b: Maushold|Taunt|p1a: Incineroar\n|-start|p1a: Incineroar|move: Taunt\n|cant|p1a: Incineroar|move: Taunt|Parting Shot\n|\n|-weather|RainDance|[upkeep]\n|upkeep\n|-message|Novicebest forfeited.\n|\n|win|UnloshTheWash\n|raw|Novicebest's rating: 1306 &rarr; <strong>1291</strong><br />(-15 for losing)\n|raw|UnloshTheWash's rating: 1393 &rarr; <strong>1408</strong><br />(+15 for winning)\n|l|\u2606Novicebest\n|player|p1|\n",
  "uploadtime": 1776133544,
  "views": 24,
  "formatid": "gen9championsvgc2026regma",
  "rating": 1291,
  "private": 0,
  "password": null
}