{
  "id": "gen9championsvgc2026regma-2587407038",
  "format": "[Gen 9 Champions] VGC 2026 Reg M-A",
  "players": [
    "Where Is My Router",
    "sends its regards"
  ],
  "log": "|j|\u2606Where Is My Router\n|j|\u2606sends its regards\n|t:|1776529234\n|gametype|doubles\n|player|p1|Where Is My Router|giovanni|1129\n|player|p2|sends its regards|unknown|1155\n|gen|9\n|tier|[Gen 9 Champions] VGC 2026 Reg M-A\n|rated|\n|rule|Species Clause: Limit one of each Pok\u00e9mon\n|rule|Item Clause: Limit 1 of each item\n|clearpoke\n|poke|p1|Golurk, L50|\n|poke|p1|Mimikyu, L50, F|\n|poke|p1|Basculegion, L50, M|\n|poke|p1|Spiritomb, L50, F|\n|poke|p1|Sinistcha-Masterpiece, L50|\n|poke|p1|Zoroark-Hisui, L50, M|\n|poke|p2|Skarmory, L50, M|\n|poke|p2|Sneasler, L50, M|\n|poke|p2|Garchomp, L50, F|\n|poke|p2|Incineroar, L50, F|\n|poke|p2|Sinistcha, L50|\n|poke|p2|Milotic, L50, M|\n|teampreview|4\n|inactive|Battle timer is ON: inactive players will automatically lose when time's up. (requested by Where Is My Router)\n|inactive|sends its regards has 60 seconds left.\n|inactive|sends its regards has 30 seconds left.\n|\n|t:|1776529304\n|teamsize|p1|4\n|teamsize|p2|4\n|start\n|switch|p1a: Atlas|Golurk, L50|100/100\n|switch|p1b: Brewdew|Sinistcha-Masterpiece, L50|100/100\n|switch|p2a: Incineroar|Incineroar, L50, F|100/100\n|switch|p2b: Milotic|Milotic, L50, M|100/100\n|-ability|p2a: Incineroar|Intimidate|boost\n|-unboost|p1a: Atlas|atk|1\n|-unboost|p1b: Brewdew|atk|1\n|turn|1\n|\n|t:|1776529327\n|move|p1a: Atlas|Focus Blast|p2a: Incineroar|[miss]\n|-miss|p1a: Atlas|p2a: Incineroar\n|move|p2b: Milotic|Coil|p2b: Milotic\n|-boost|p2b: Milotic|atk|1\n|-boost|p2b: Milotic|def|1\n|-boost|p2b: Milotic|accuracy|1\n|move|p2a: Incineroar|Throat Chop|p1b: Brewdew\n|-supereffective|p1b: Brewdew|1\n|-damage|p1b: Brewdew|42/100\n|-start|p1b: Brewdew|Throat Chop|[silent]\n|move|p1b: Brewdew|Matcha Gotcha|p2a: Incineroar|[spread] p2a,p2b\n|-resisted|p2a: Incineroar|1\n|-supereffective|p2b: Milotic|1\n|-damage|p2a: Incineroar|88/100\n|-heal|p1b: Brewdew|49/100|[from] drain|[of] p2a: Incineroar\n|-damage|p2b: Milotic|67/100\n|-heal|p1b: Brewdew|68/100|[from] drain|[of] p2b: Milotic\n|-heal|p1b: Brewdew|75/100|[from] item: Shell Bell|[of] p2b: Milotic\n|\n|-heal|p2b: Milotic|73/100|[from] item: Leftovers\n|upkeep\n|turn|2\n|inactive|Where Is My Router has 30 seconds left.\n|inactive|sends its regards has 30 seconds left.\n|inactive|sends its regards has 20 seconds left.\n|inactive|sends its regards has 15 seconds left.\n|\n|t:|1776529368\n|move|p1a: Atlas|Hyper Voice|p2b: Milotic|[spread] p2a,p2b\n|-crit|p2b: Milotic\n|-damage|p2a: Incineroar|59/100\n|-damage|p2b: Milotic|41/100\n|move|p2b: Milotic|Coil|p2b: Milotic\n|-boost|p2b: Milotic|atk|1\n|-boost|p2b: Milotic|def|1\n|-boost|p2b: Milotic|accuracy|1\n|move|p2a: Incineroar|Throat Chop|p1a: Atlas\n|-supereffective|p1a: Atlas|1\n|-enditem|p1a: Atlas|Focus Sash\n|-damage|p1a: Atlas|1/100\n|-start|p1a: Atlas|Throat Chop|[silent]\n|replace|p1a: Jasper|Zoroark-Hisui, L50, M\n|-end|p1a: Jasper|Illusion\n|move|p1b: Brewdew|Matcha Gotcha|p2b: Milotic|[spread] p2b\n|-miss|p1b: Brewdew|p2a: Incineroar\n|-supereffective|p2b: Milotic|1\n|-damage|p2b: Milotic|2/100\n|-heal|p1b: Brewdew|97/100|[from] drain|[of] p2b: Milotic\n|-heal|p1b: Brewdew|100/100|[from] item: Shell Bell|[of] p2b: Milotic\n|\n|-heal|p2b: Milotic|8/100|[from] item: Leftovers\n|-end|p1b: Brewdew|Throat Chop|[silent]\n|upkeep\n|turn|3\n|inactive|Where Is My Router has 30 seconds left.\n|inactive|sends its regards has 30 seconds left.\n|\n|t:|1776529400\n|move|p1a: Jasper|Focus Blast|p2a: Incineroar\n|-supereffective|p2a: Incineroar|1\n|-enditem|p2a: Incineroar|Chople Berry|[eat]\n|-enditem|p2a: Incineroar|Chople Berry|[weaken]\n|-damage|p2a: Incineroar|25/100\n|move|p2b: Milotic|Recover|p2b: Milotic\n|-heal|p2b: Milotic|58/100\n|move|p2a: Incineroar|Throat Chop|p1a: Jasper\n|-supereffective|p1a: Jasper|1\n|-crit|p1a: Jasper\n|-damage|p1a: Jasper|0 fnt\n|faint|p1a: Jasper\n|move|p1b: Brewdew|Trick Room|p1b: Brewdew\n|-fieldstart|move: Trick Room|[of] p1b: Brewdew\n|\n|-heal|p2b: Milotic|64/100|[from] item: Leftovers\n|upkeep\n|\n|t:|1776529415\n|switch|p1a: Atlas|Golurk, L50|100/100\n|turn|4\n|inactive|sends its regards has 30 seconds left.\n|inactive|sends its regards has 20 seconds left.\n|\n|t:|1776529454\n|switch|p2a: Skarmory|Skarmory, L50, M|100/100\n|detailschange|p1a: Atlas|Golurk-Mega, L50\n|-mega|p1a: Atlas|Golurk|Golurkite\n|move|p1a: Atlas|Headlong Rush|p2a: Skarmory\n|-immune|p2a: Skarmory\n|move|p1b: Brewdew|Matcha Gotcha|p2a: Skarmory|[spread] p2a,p2b\n|-resisted|p2a: Skarmory|2\n|-supereffective|p2b: Milotic|1\n|-damage|p2a: Skarmory|88/100\n|-damage|p2b: Milotic|28/100\n|move|p2b: Milotic|Hypnosis|p1a: Atlas\n|-status|p1a: Atlas|slp|[from] move: Hypnosis\n|\n|-heal|p2b: Milotic|34/100|[from] item: Leftovers\n|upkeep\n|turn|5\n|inactive|Where Is My Router has 30 seconds left.\n|\n|t:|1776529481\n|detailschange|p2a: Skarmory|Skarmory-Mega, L50, M\n|-mega|p2a: Skarmory|Skarmory|Skarmorite\n|cant|p1a: Atlas|slp\n|move|p1b: Brewdew|Matcha Gotcha|p2b: Milotic|[spread] p2a,p2b\n|-resisted|p2a: Skarmory|2\n|-supereffective|p2b: Milotic|1\n|-damage|p2a: Skarmory|79/100\n|-damage|p2b: Milotic|0 fnt\n|faint|p2b: Milotic\n|move|p2a: Skarmory|Brave Bird|p1b: Brewdew\n|-supereffective|p1b: Brewdew|1\n|-damage|p1b: Brewdew|0 fnt\n|faint|p1b: Brewdew\n|-damage|p2a: Skarmory|37/100|[from] Recoil\n|\n|upkeep\n|\n|t:|1776529496\n|switch|p1b: Karonte|Basculegion, L50, M|100/100\n|switch|p2b: Incineroar|Incineroar, L50, F|25/100\n|-ability|p2b: Incineroar|Intimidate|boost\n|-unboost|p1a: Atlas|atk|1\n|-unboost|p1b: Karonte|atk|1\n|turn|6\n|inactive|sends its regards has 30 seconds left.\n|-activate|p1b: Karonte|item: Quick Claw\n|\n|t:|1776529526\n|move|p1b: Karonte|Last Respects|p2a: Skarmory\n|-damage|p2a: Skarmory|0 fnt\n|faint|p2a: Skarmory\n|-curestatus|p1a: Atlas|slp|[msg]\n|move|p1a: Atlas|Headlong Rush|p2b: Incineroar\n|-supereffective|p2b: Incineroar|1\n|-damage|p2b: Incineroar|0 fnt\n|-unboost|p1a: Atlas|def|1\n|-unboost|p1a: Atlas|spd|1\n|faint|p2b: Incineroar\n|\n|upkeep\n|\n|t:|1776529537\n|switch|p2b: Garchomp|Garchomp, L50, F|100/100\n|turn|7\n|\n|t:|1776529547\n|move|p2b: Garchomp|Protect|p2b: Garchomp\n|-singleturn|p2b: Garchomp|Protect\n|move|p1a: Atlas|Ice Punch|p2b: Garchomp\n|-supereffective|p2b: Garchomp|2\n|-ability|p1a: Atlas|Unseen Fist\n|-zbroken|p2b: Garchomp\n|-damage|p2b: Garchomp|79/100\n|-damage|p1a: Atlas|88/100|[from] ability: Rough Skin|[of] p2b: Garchomp\n|move|p1b: Karonte|Last Respects|p2b: Garchomp\n|-activate|p2b: Garchomp|move: Protect\n|\n|-fieldend|move: Trick Room\n|upkeep\n|turn|8\n|-activate|p1b: Karonte|item: Quick Claw\n|\n|t:|1776529565\n|move|p1b: Karonte|Last Respects|p2b: Garchomp\n|-damage|p2b: Garchomp|8/100\n|move|p2b: Garchomp|Earthquake|p1b: Karonte|[spread] p1a,p1b\n|-damage|p1a: Atlas|40/100\n|-damage|p1b: Karonte|58/100\n|move|p1a: Atlas|Ice Punch|p2b: Garchomp\n|-supereffective|p2b: Garchomp|2\n|-damage|p2b: Garchomp|0 fnt\n|-damage|p1a: Atlas|27/100|[from] ability: Rough Skin|[of] p2b: Garchomp\n|faint|p2b: Garchomp\n|\n|win|Where Is My Router\n|raw|Where Is My Router's rating: 1129 &rarr; <strong>1156</strong><br />(+27 for winning)\n|raw|sends its regards's rating: 1155 &rarr; <strong>1128</strong><br />(-27 for losing)\n|c|\u2606Where Is My Router|Gg\n|l|\u2606sends its regards\n|player|p2|\n",
  "uploadtime": 1776529572,
  "views": 26,
  "formatid": "gen9championsvgc2026regma",
  "rating": 1128,
  "private": 0,
  "password": null
}