{
  "id": "gen9championsvgc2026regma-2583933340",
  "format": "[Gen 9 Champions] VGC 2026 Reg M-A",
  "players": [
    "MrDinosaur128",
    "XxStpYTxX"
  ],
  "log": "|j|\u2606MrDinosaur128\n|j|\u2606XxStpYTxX\n|t:|1776209547\n|gametype|doubles\n|player|p1|MrDinosaur128|pokemaniac|1065\n|player|p2|XxStpYTxX|169|1111\n|gen|9\n|tier|[Gen 9 Champions] VGC 2026 Reg M-A\n|rated|\n|rule|Species Clause: Limit one of each Pok\u00e9mon\n|rule|Item Clause: Limit 1 of each item\n|clearpoke\n|poke|p1|Charizard, L50, F|\n|poke|p1|Garchomp, L50, F|\n|poke|p1|Rotom-Wash, L50|\n|poke|p1|Incineroar, L50, F|\n|poke|p1|Venusaur, L50, M|\n|poke|p1|Klefki, L50, M|\n|poke|p2|Meganium, L50, F|\n|poke|p2|Archaludon, L50, M|\n|poke|p2|Aerodactyl, L50, M|\n|poke|p2|Typhlosion-Hisui, L50, F|\n|poke|p2|Tauros-Paldea-Aqua, L50, M|\n|poke|p2|Kangaskhan, L50, F|\n|teampreview|4\n|inactive|Battle timer is ON: inactive players will automatically lose when time's up. (requested by MrDinosaur128)\n|inactive|MrDinosaur128 has 60 seconds left.\n|inactive|XxStpYTxX has 60 seconds left.\nMrDinosaur128 rejected open team sheets.\n|\n|t:|1776209602\n|teamsize|p1|4\n|teamsize|p2|4\n|start\n|switch|p1a: Charizard|Charizard, L50, F|100/100\n|switch|p1b: Venusaur|Venusaur, L50, M|100/100\n|switch|p2a: Byrd V2|Aerodactyl, L50, M, shiny|100/100\n|switch|p2b: Sua|Typhlosion-Hisui, L50, F|100/100\n|-ability|p2a: Byrd V2|Unnerve\n|-item|p1a: Charizard|Charizardite Y|[from] ability: Frisk|[of] p2b: Sua\n|-item|p1b: Venusaur|Focus Sash|[from] ability: Frisk|[of] p2b: Sua\n|turn|1\n|inactive|MrDinosaur128 has 30 seconds left.\n|inactive|XxStpYTxX has 30 seconds left.\n|inactive|MrDinosaur128 has 20 seconds left.\n|inactive|MrDinosaur128 has 15 seconds left.\n|inactive|MrDinosaur128 has 10 seconds left.\n|inactive|MrDinosaur128 has 5 seconds left.\n|\n|t:|1776209652\n|switch|p1b: Incineroar|Incineroar, L50, F|100/100\n|-ability|p1b: Incineroar|Intimidate|boost\n|-unboost|p2a: Byrd V2|atk|1\n|-unboost|p2b: Sua|atk|1\n|detailschange|p1a: Charizard|Charizard-Mega-Y, L50, F\n|-mega|p1a: Charizard|Charizard|Charizardite Y\n|-weather|SunnyDay|[from] ability: Drought|[of] p1a: Charizard\n|move|p1a: Charizard|Protect|p1a: Charizard\n|-singleturn|p1a: Charizard|Protect\n|move|p2a: Byrd V2|Rock Slide|p1b: Incineroar|[spread] p1b\n|-activate|p1a: Charizard|move: Protect\n|-supereffective|p1b: Incineroar|1\n|-damage|p1b: Incineroar|64/100\n|move|p2b: Sua|Eruption|p1b: Incineroar|[spread] p1b\n|-activate|p1a: Charizard|move: Protect\n|-resisted|p1b: Incineroar|1\n|-damage|p1b: Incineroar|27/100\n|\n|-weather|SunnyDay|[upkeep]\n|upkeep\n|turn|2\n|inactive|MrDinosaur128 has 30 seconds left.\n|inactive|XxStpYTxX has 30 seconds left.\n|inactive|MrDinosaur128 has 20 seconds left.\n|inactive|XxStpYTxX has 20 seconds left.\n|inactive|MrDinosaur128 has 15 seconds left.\n|inactive|XxStpYTxX has 15 seconds left.\n|inactive|MrDinosaur128 has 10 seconds left.\n|inactive|XxStpYTxX has 10 seconds left.\n|inactive|MrDinosaur128 has 5 seconds left.\n|\n|t:|1776209707\n|move|p2a: Byrd V2|Protect|p2a: Byrd V2\n|-singleturn|p2a: Byrd V2|Protect\n|move|p2b: Sua|Eruption|p1b: Incineroar|[spread] p1a,p1b\n|-resisted|p1a: Charizard|1\n|-resisted|p1b: Incineroar|1\n|-damage|p1a: Charizard|53/100\n|-damage|p1b: Incineroar|0 fnt\n|faint|p1b: Incineroar\n|move|p1a: Charizard|Heat Wave|p2b: Sua|[spread] p2b\n|-activate|p2a: Byrd V2|move: Protect\n|-resisted|p2b: Sua|1\n|-damage|p2b: Sua|62/100\n|\n|-weather|SunnyDay|[upkeep]\n|upkeep\n|\n|t:|1776209712\n|switch|p1b: Venusaur|Venusaur, L50, M|100/100\n|turn|3\n|\n|t:|1776209729\n|move|p1b: Venusaur|Sleep Powder|p2a: Byrd V2\n|-status|p2a: Byrd V2|slp|[from] move: Sleep Powder\n|cant|p2a: Byrd V2|slp\n|move|p2b: Sua|Eruption|p1b: Venusaur|[spread] p1a,p1b\n|-resisted|p1a: Charizard|1\n|-supereffective|p1b: Venusaur|1\n|-damage|p1a: Charizard|24/100\n|-enditem|p1b: Venusaur|Focus Sash\n|-damage|p1b: Venusaur|1/100\n|move|p1a: Charizard|Heat Wave|p2b: Sua|[spread] p2a,p2b\n|-resisted|p2a: Byrd V2|1\n|-resisted|p2b: Sua|1\n|-damage|p2a: Byrd V2|52/100 slp\n|-damage|p2b: Sua|25/100\n|\n|-weather|SunnyDay|[upkeep]\n|upkeep\n|turn|4\n|\n|t:|1776209750\n|move|p1b: Venusaur|Solar Beam||[still]\n|-prepare|p1b: Venusaur|Solar Beam\n|-anim|p1b: Venusaur|Solar Beam|p2a: Byrd V2\n|-damage|p2a: Byrd V2|0 fnt\n|faint|p2a: Byrd V2\n|move|p2b: Sua|Eruption|p1b: Venusaur|[spread] p1a,p1b\n|-resisted|p1a: Charizard|1\n|-supereffective|p1b: Venusaur|1\n|-damage|p1a: Charizard|13/100\n|-damage|p1b: Venusaur|0 fnt\n|faint|p1b: Venusaur\n|move|p1a: Charizard|Air Slash|p2b: Sua|[miss]\n|-miss|p1a: Charizard|p2b: Sua\n|\n|-weather|SunnyDay|[upkeep]\n|upkeep\n|\n|t:|1776209769\n|switch|p2a: Dad|Tauros-Paldea-Aqua, L50, M, shiny|100/100\n|switch|p1b: Klefki|Klefki, L50, M|100/100\n|-ability|p2a: Dad|Intimidate|boost\n|-unboost|p1a: Charizard|atk|1\n|-unboost|p1b: Klefki|atk|1\n|turn|5\n|inactive|MrDinosaur128 has 30 seconds left.\n|inactive|XxStpYTxX has 30 seconds left.\n|inactive|MrDinosaur128 has 20 seconds left.\n|-message|MrDinosaur128 forfeited.\n|\n|win|XxStpYTxX\n|raw|MrDinosaur128's rating: 1065 &rarr; <strong>1048</strong><br />(-17 for losing)\n|raw|XxStpYTxX's rating: 1111 &rarr; <strong>1133</strong><br />(+22 for winning)\n|l|\u2606MrDinosaur128\n|player|p1|\n",
  "uploadtime": 1776209810,
  "views": 15,
  "formatid": "gen9championsvgc2026regma",
  "rating": 1048,
  "private": 0,
  "password": null
}