{
  "id": "gen9championsvgc2026regma-2587559023",
  "format": "[Gen 9 Champions] VGC 2026 Reg M-A",
  "players": [
    "Johten",
    "pingu79abc"
  ],
  "log": "|j|\u2606Johten\n|j|\u2606pingu79abc\n|t:|1776542218\n|gametype|doubles\n|player|p1|Johten|veteran|1143\n|player|p2|pingu79abc|hiker-gen4|1073\n|gen|9\n|tier|[Gen 9 Champions] VGC 2026 Reg M-A\n|rated|\n|rule|Species Clause: Limit one of each Pok\u00e9mon\n|rule|Item Clause: Limit 1 of each item\n|clearpoke\n|poke|p1|Aggron, L50, F|\n|poke|p1|Farigiraf, L50, F|\n|poke|p1|Gallade, L50, M|\n|poke|p1|Luxray, L50, M|\n|poke|p1|Aerodactyl, L50, F|\n|poke|p1|Milotic, L50, M|\n|poke|p2|Salazzle, L50, F|\n|poke|p2|Empoleon, L50, M|\n|poke|p2|Pelipper, L50, M|\n|poke|p2|Sinistcha, L50|\n|poke|p2|Dragapult, L50, M|\n|poke|p2|Floette-Eternal, L50, F|\n|teampreview|4\n|inactive|Battle timer is ON: inactive players will automatically lose when time's up. (requested by pingu79abc)\n|inactive|Johten also wants the timer to be on.\n|inactive|Johten has 60 seconds left.\n|\n|t:|1776542250\n|teamsize|p1|4\n|teamsize|p2|4\n|start\n|switch|p1a: Aerodactyl|Aerodactyl, L50, F|100/100\n|switch|p1b: Farigiraf|Farigiraf, L50, F|100/100\n|switch|p2a: Empoleon|Empoleon, L50, M|100/100\n|switch|p2b: Salazzle|Salazzle, L50, F|100/100\n|-ability|p1a: Aerodactyl|Unnerve\n|turn|1\n|\n|t:|1776542274\n|move|p1a: Aerodactyl|Tailwind|p1a: Aerodactyl\n|-sidestart|p1: Johten|move: Tailwind\n|move|p2b: Salazzle|Sludge Wave|p1b: Farigiraf|[spread] p1a,p1b\n|-immune|p2a: Empoleon\n|-resisted|p1a: Aerodactyl|1\n|-damage|p1a: Aerodactyl|75/100\n|-damage|p1b: Farigiraf|69/100\n|move|p1b: Farigiraf|Twin Beam|p2b: Salazzle\n|-supereffective|p2b: Salazzle|1\n|-damage|p2b: Salazzle|33/100\n|-supereffective|p2b: Salazzle|1\n|-damage|p2b: Salazzle|0 fnt\n|faint|p2b: Salazzle\n|-hitcount|p2: Salazzle|2\n|move|p2a: Empoleon|Whirlpool|p1a: Aerodactyl\n|-supereffective|p1a: Aerodactyl|1\n|-damage|p1a: Aerodactyl|33/100\n|-activate|p1a: Aerodactyl|move: Whirlpool|[of] p2a: Empoleon\n|\n|-damage|p1a: Aerodactyl|21/100|[from] move: Whirlpool|[partiallytrapped]\n|upkeep\n|\n|t:|1776542295\n|switch|p2b: Sinistcha|Sinistcha, L50|100/100\n|turn|2\n|\n|t:|1776542315\n|move|p1a: Aerodactyl|Rock Slide|p2a: Empoleon|[spread] p2a,p2b\n|-resisted|p2a: Empoleon|1\n|-damage|p2a: Empoleon|91/100\n|-damage|p2b: Sinistcha|84/100\n|move|p1b: Farigiraf|Thunder Wave|p2b: Sinistcha\n|-status|p2b: Sinistcha|par\n|move|p2a: Empoleon|Whirlpool|p1b: Farigiraf\n|-crit|p1b: Farigiraf\n|-damage|p1b: Farigiraf|50/100\n|-activate|p1b: Farigiraf|move: Whirlpool|[of] p2a: Empoleon\n|move|p2b: Sinistcha|Matcha Gotcha|p1a: Aerodactyl|[spread] p1a,p1b\n|-damage|p1a: Aerodactyl|0 fnt\n|-heal|p2b: Sinistcha|93/100 par|[from] drain|[of] p1a: Aerodactyl\n|-damage|p1b: Farigiraf|28/100\n|-heal|p2b: Sinistcha|100/100 par|[from] drain|[of] p1b: Farigiraf\n|faint|p1a: Aerodactyl\n|\n|-damage|p1b: Farigiraf|16/100|[from] move: Whirlpool|[partiallytrapped]\n|upkeep\n|\n|t:|1776542333\n|switch|p1a: Luxray|Luxray, L50, M|100/100\n|-ability|p1a: Luxray|Intimidate|boost\n|-unboost|p2a: Empoleon|atk|1\n|-ability|p2a: Empoleon|Competitive|boost\n|-boost|p2a: Empoleon|spa|2\n|-unboost|p2b: Sinistcha|atk|1\n|turn|3\n|\n|t:|1776542351\n|move|p2b: Sinistcha|Rage Powder|p2b: Sinistcha\n|-singleturn|p2b: Sinistcha|move: Rage Powder\n|move|p1a: Luxray|Volt Switch|p2b: Sinistcha\n|-resisted|p2b: Sinistcha|1\n|-damage|p2b: Sinistcha|86/100 par\n|\n|t:|1776542355\n|switch|p1a: Gallade|Gallade, L50, M|100/100|[from] Volt Switch\n|move|p1b: Farigiraf|Beat Up|p2b: Sinistcha\n|-supereffective|p2b: Sinistcha|1\n|-damage|p2b: Sinistcha|81/100 par\n|-supereffective|p2b: Sinistcha|1\n|-damage|p2b: Sinistcha|76/100 par\n|-supereffective|p2b: Sinistcha|1\n|-damage|p2b: Sinistcha|71/100 par\n|-hitcount|p2b: Sinistcha|3\n|move|p2a: Empoleon|Whirlpool|p1a: Gallade\n|-damage|p1a: Gallade|76/100\n|-activate|p1a: Gallade|move: Whirlpool|[of] p2a: Empoleon\n|\n|-heal|p2b: Sinistcha|77/100 par|[from] item: Leftovers\n|-damage|p1a: Gallade|64/100|[from] move: Whirlpool|[partiallytrapped]\n|-damage|p1b: Farigiraf|3/100|[from] move: Whirlpool|[partiallytrapped]\n|upkeep\n|turn|4\n|\n|t:|1776542379\n|move|p2a: Empoleon|Protect|p2a: Empoleon\n|-singleturn|p2a: Empoleon|Protect\n|move|p1a: Gallade|Ice Punch|p2b: Sinistcha\n|-supereffective|p2b: Sinistcha|1\n|-damage|p2b: Sinistcha|45/100 par\n|move|p1b: Farigiraf|Beat Up|p1a: Gallade\n|-damage|p1a: Gallade|59/100\n|-ability|p1a: Gallade|Justified|boost\n|-boost|p1a: Gallade|atk|1\n|-damage|p1a: Gallade|54/100\n|-ability|p1a: Gallade|Justified|boost\n|-boost|p1a: Gallade|atk|1\n|-damage|p1a: Gallade|49/100\n|-ability|p1a: Gallade|Justified|boost\n|-boost|p1a: Gallade|atk|1\n|-hitcount|p1a: Gallade|3\n|move|p2b: Sinistcha|Matcha Gotcha|p1b: Farigiraf|[spread] p1a\n|-miss|p2b: Sinistcha|p1b: Farigiraf\n|-damage|p1a: Gallade|27/100\n|-heal|p2b: Sinistcha|56/100 par|[from] drain|[of] p1a: Gallade\n|\n|-heal|p2b: Sinistcha|62/100 par|[from] item: Leftovers\n|-damage|p1a: Gallade|14/100|[from] move: Whirlpool|[partiallytrapped]\n|-damage|p1b: Farigiraf|0 fnt|[from] move: Whirlpool|[partiallytrapped]\n|faint|p1b: Farigiraf\n|-sideend|p1: Johten|move: Tailwind\n|upkeep\n|inactive|Johten has 30 seconds left.\n|\n|t:|1776542414\n|switch|p1b: Luxray|Luxray, L50, M|100/100\n|-ability|p1b: Luxray|Intimidate|boost\n|-unboost|p2a: Empoleon|atk|1\n|-ability|p2a: Empoleon|Competitive|boost\n|-boost|p2a: Empoleon|spa|2\n|-unboost|p2b: Sinistcha|atk|1\n|turn|5\n|\n|t:|1776542432\n|detailschange|p1a: Gallade|Gallade-Mega, L50, M\n|-mega|p1a: Gallade|Gallade|Galladite\n|move|p2b: Sinistcha|Rage Powder|p2b: Sinistcha\n|-singleturn|p2b: Sinistcha|move: Rage Powder\n|move|p1a: Gallade|Ice Punch|p2b: Sinistcha\n|-supereffective|p2b: Sinistcha|1\n|-damage|p2b: Sinistcha|0 fnt\n|faint|p2b: Sinistcha\n|move|p1b: Luxray|Superpower|p2a: Empoleon|[miss]\n|-miss|p1b: Luxray|p2a: Empoleon\n|move|p2a: Empoleon|Whirlpool|p1b: Luxray\n|-damage|p1b: Luxray|62/100\n|-activate|p1b: Luxray|move: Whirlpool|[of] p2a: Empoleon\n|\n|-damage|p1a: Gallade|2/100|[from] move: Whirlpool|[partiallytrapped]\n|-damage|p1b: Luxray|50/100|[from] move: Whirlpool|[partiallytrapped]\n|upkeep\n|\n|t:|1776542448\n|switch|p2b: Floette|Floette-Eternal, L50, F|100/100\n|turn|6\n|\n|t:|1776542459\n|detailschange|p2b: Floette|Floette-Mega, L50, F\n|-mega|p2b: Floette|Floette|Floettite\n|-ability|p2b: Floette|Fairy Aura\n|move|p2a: Empoleon|Protect|p2a: Empoleon\n|-singleturn|p2a: Empoleon|Protect\n|move|p1a: Gallade|Psycho Cut|p2b: Floette\n|-damage|p2b: Floette|1/100\n|move|p2b: Floette|Moonblast|p1b: Luxray\n|-damage|p1b: Luxray|0 fnt\n|faint|p1b: Luxray\n|\n|-damage|p1a: Gallade|0 fnt|[from] move: Whirlpool|[partiallytrapped]\n|faint|p1a: Gallade\n|\n|win|pingu79abc\n|raw|Johten's rating: 1143 &rarr; <strong>1113</strong><br />(-30 for losing)\n|raw|pingu79abc's rating: 1073 &rarr; <strong>1108</strong><br />(+35 for winning)\n",
  "uploadtime": 1776542473,
  "views": 22,
  "formatid": "gen9championsvgc2026regma",
  "rating": 1108,
  "private": 0,
  "password": null
}