{
  "id": "gen9championsvgc2026regma-2586605696",
  "format": "[Gen 9 Champions] VGC 2026 Reg M-A",
  "players": [
    "Thatboydin",
    "Xivysito"
  ],
  "log": "|j|\u2606Thatboydin\n|j|\u2606Xivysito\n|t:|1776446298\n|gametype|doubles\n|player|p1|Thatboydin|aromalady|1052\n|player|p2|Xivysito|170|1108\n|gen|9\n|tier|[Gen 9 Champions] VGC 2026 Reg M-A\n|rated|\n|rule|Species Clause: Limit one of each Pok\u00e9mon\n|rule|Item Clause: Limit 1 of each item\n|clearpoke\n|poke|p1|Archaludon, L50, F|\n|poke|p1|Zoroark-Hisui, L50, M|\n|poke|p1|Crabominable, L50, F|\n|poke|p1|Farigiraf, L50, F|\n|poke|p1|Scovillain, L50, M|\n|poke|p1|Incineroar, L50, M|\n|poke|p2|Meowscarada, L50, F|\n|poke|p2|Clefable, L50, F|\n|poke|p2|Rotom-Wash, L50|\n|poke|p2|Glimmora, L50, M|\n|poke|p2|Talonflame, L50, F|\n|poke|p2|Aegislash, L50, M|\n|teampreview|4\n|\n|t:|1776446364\n|teamsize|p1|4\n|teamsize|p2|4\n|start\n|switch|p1a: AMC Theaters|Archaludon, L50, F|100/100\n|switch|p1b: Eugene Krabs|Crabominable, L50, F, shiny|100/100\n|switch|p2a: Meowscarada|Meowscarada, L50, F, shiny|100/100\n|switch|p2b: Glimmora|Glimmora, L50, M, shiny|100/100\n|turn|1\n|\n|t:|1776446418\n|switch|p2a: Aegislash|Aegislash, L50, M|100/100\n|detailschange|p2b: Glimmora|Glimmora-Mega, L50, M, shiny\n|-mega|p2b: Glimmora|Glimmora|Glimmoranite\n|move|p1a: AMC Theaters|Protect|p1a: AMC Theaters\n|-singleturn|p1a: AMC Theaters|Protect\n|move|p1b: Eugene Krabs|Psychic|p2b: Glimmora\n|-supereffective|p2b: Glimmora|1\n|-damage|p2b: Glimmora|33/100\n|-unboost|p2b: Glimmora|spd|1\n|move|p2b: Glimmora|Earth Power|p1a: AMC Theaters\n|-activate|p1a: AMC Theaters|move: Protect\n|\n|upkeep\n|turn|2\n|\n|t:|1776446444\n|switch|p1a: HIMcineroar|Incineroar, L50, M|100/100\n|-ability|p1a: HIMcineroar|Intimidate|boost\n|-unboost|p2a: Aegislash|atk|1\n|-unboost|p2b: Glimmora|atk|1\n|move|p2b: Glimmora|Spiky Shield|p2b: Glimmora\n|-singleturn|p2b: Glimmora|move: Protect\n|move|p1b: Eugene Krabs|Psychic|p2b: Glimmora\n|-activate|p2b: Glimmora|move: Protect\n|-formechange|p2a: Aegislash|Aegislash-Blade|\n|move|p2a: Aegislash|Sacred Sword|p1b: Eugene Krabs\n|-immune|p1b: Eugene Krabs\n|\n|upkeep\n|turn|3\n|\n|t:|1776446468\n|switch|p2b: Meowscarada|Meowscarada, L50, F, shiny|100/100\n|move|p1b: Eugene Krabs|Psychic|p2b: Meowscarada\n|-immune|p2b: Meowscarada\n|move|p2a: Aegislash|Shadow Claw|p1b: Eugene Krabs\n|-immune|p1b: Eugene Krabs\n|move|p1a: HIMcineroar|Throat Chop|p2a: Aegislash\n|-supereffective|p2a: Aegislash|1\n|-damage|p2a: Aegislash|0 fnt\n|faint|p2a: Aegislash\n|\n|upkeep\n|\n|t:|1776446482\n|switch|p2a: Rotom|Rotom-Wash, L50, shiny|100/100\n|turn|4\n|\n|t:|1776446514\n|switch|p1b: AMC Theaters|Archaludon, L50, F|100/100\n|move|p2b: Meowscarada|Knock Off|p1b: AMC Theaters\n|-start|p2b: Meowscarada|typechange|Dark|[from] ability: Protean\n|-damage|p1b: AMC Theaters|70/100\n|-ability|p1b: AMC Theaters|Stamina|boost\n|-boost|p1b: AMC Theaters|def|1\n|-enditem|p1b: AMC Theaters|Leftovers|[from] move: Knock Off|[of] p2b: Meowscarada\n|move|p2a: Rotom|Hydro Pump|p1a: HIMcineroar|[miss]\n|-miss|p2a: Rotom|p1a: HIMcineroar\n|move|p1a: HIMcineroar|Parting Shot|p2b: Meowscarada\n|-unboost|p2b: Meowscarada|atk|1\n|-unboost|p2b: Meowscarada|spa|1\n|\n|t:|1776446530\n|switch|p1a: Eugene Krabs|Crabominable, L50, F, shiny|100/100|[from] Parting Shot\n|\n|upkeep\n|turn|5\n|\n|t:|1776446548\n|move|p2b: Meowscarada|Knock Off|p1a: Eugene Krabs\n|-supereffective|p1a: Eugene Krabs|1\n|-damage|p1a: Eugene Krabs|13/100\n|replace|p1a: Zydrunas|Zoroark-Hisui, L50, M, shiny\n|-end|p1a: Zydrunas|Illusion\n|-enditem|p1a: Zydrunas|Choice Scarf|[from] move: Knock Off|[of] p2b: Meowscarada\n|move|p1a: Zydrunas|Hyper Voice|p2b: Meowscarada|[spread] p2a,p2b\n|-crit|p2a: Rotom\n|-damage|p2a: Rotom|37/100\n|-damage|p2b: Meowscarada|51/100\n|move|p2a: Rotom|Hydro Pump|p1a: Zydrunas\n|-damage|p1a: Zydrunas|0 fnt\n|faint|p1a: Zydrunas\n|move|p1b: AMC Theaters|Flash Cannon|p2b: Meowscarada\n|-damage|p2b: Meowscarada|0 fnt\n|faint|p2b: Meowscarada\n|\n|upkeep\n|\n|t:|1776446566\n|switch|p2b: Glimmora|Glimmora-Mega, L50, M, shiny|33/100\n|switch|p1a: HIMcineroar|Incineroar, L50, M|100/100\n|-ability|p1a: HIMcineroar|Intimidate|boost\n|-unboost|p2a: Rotom|atk|1\n|-unboost|p2b: Glimmora|atk|1\n|turn|6\n|\n|t:|1776446575\n|move|p2b: Glimmora|Spiky Shield|p2b: Glimmora\n|-singleturn|p2b: Glimmora|move: Protect\n|move|p1a: HIMcineroar|Fake Out|p2a: Rotom\n|-damage|p2a: Rotom|21/100\n|cant|p2a: Rotom|flinch\n|move|p1b: AMC Theaters|Flash Cannon|p2b: Glimmora\n|-activate|p2b: Glimmora|move: Protect\n|\n|upkeep\n|turn|7\n|\n|t:|1776446603\n|move|p1a: HIMcineroar|Fake Out||[still]\n|-hint|Fake Out only works on your first turn out.\n|-fail|p1a: HIMcineroar\n|move|p2b: Glimmora|Earth Power|p1b: AMC Theaters\n|-supereffective|p1b: AMC Theaters|1\n|-damage|p1b: AMC Theaters|0 fnt\n|faint|p1b: AMC Theaters\n|move|p2a: Rotom|Hydro Pump|p1a: HIMcineroar|[miss]\n|-miss|p2a: Rotom|p1a: HIMcineroar\n|\n|upkeep\n|\n|t:|1776446610\n|switch|p1b: Eugene Krabs|Crabominable, L50, F, shiny|100/100\n|turn|8\n|\n|t:|1776446635\n|detailschange|p1b: Eugene Krabs|Crabominable-Mega, L50, F, shiny\n|-mega|p1b: Eugene Krabs|Crabominable|Crabominite\n|move|p1b: Eugene Krabs|Mach Punch|p2a: Rotom\n|-damage|p2a: Rotom|0 fnt\n|faint|p2a: Rotom\n|move|p2b: Glimmora|Dazzling Gleam|p1a: HIMcineroar|[spread] p1a,p1b\n|-supereffective|p1b: Eugene Krabs|1\n|-damage|p1a: HIMcineroar|81/100\n|-damage|p1b: Eugene Krabs|58/100\n|move|p1a: HIMcineroar|Throat Chop|p2b: Glimmora\n|-damage|p2b: Glimmora|0 fnt\n|faint|p2b: Glimmora\n|\n|win|Thatboydin\n|raw|Thatboydin's rating: 1052 &rarr; <strong>1089</strong><br />(+37 for winning)\n|raw|Xivysito's rating: 1108 &rarr; <strong>1079</strong><br />(-29 for losing)\n",
  "uploadtime": 1776446649,
  "views": 18,
  "formatid": "gen9championsvgc2026regma",
  "rating": 1079,
  "private": 0,
  "password": null
}