{
  "id": "gen9championsvgc2026regma-2587081356",
  "format": "[Gen 9 Champions] VGC 2026 Reg M-A",
  "players": [
    "Enekos",
    "Dasux07"
  ],
  "log": "|j|\u2606Enekos\n|j|\u2606Dasux07\n|t:|1776490807\n|gametype|doubles\n|player|p1|Enekos|steven|1094\n|player|p2|Dasux07|1|1064\n|gen|9\n|tier|[Gen 9 Champions] VGC 2026 Reg M-A\n|rated|\n|rule|Species Clause: Limit one of each Pok\u00e9mon\n|rule|Item Clause: Limit 1 of each item\n|clearpoke\n|poke|p1|Gengar, L50, F, shiny|\n|poke|p1|Politoed, L50, F|\n|poke|p1|Aerodactyl, L50, M|\n|poke|p1|Incineroar, L50, M|\n|poke|p1|Sneasler, L50, M|\n|poke|p1|Garchomp, L50, M|\n|poke|p2|Pelipper, L50, M|\n|poke|p2|Basculegion, L50, M|\n|poke|p2|Dragonite, L50, M|\n|poke|p2|Excadrill, L50, M|\n|poke|p2|Archaludon, L50, M|\n|poke|p2|Whimsicott, L50, M|\n|teampreview|4\n|\n|t:|1776490871\n|teamsize|p1|4\n|teamsize|p2|4\n|start\n|switch|p1a: Gengar|Gengar, L50, F, shiny|100/100\n|switch|p1b: Sapo pepe|Politoed, L50, F|100/100\n|switch|p2a: Pelipper|Pelipper, L50, M|100/100\n|switch|p2b: Basculegion|Basculegion, L50, M|100/100\n|-weather|RainDance|[from] ability: Drizzle|[of] p1b: Sapo pepe\n|turn|1\n|\n|t:|1776490908\n|detailschange|p1a: Gengar|Gengar-Mega, L50, F, shiny\n|-mega|p1a: Gengar|Gengar|Gengarite\n|move|p1a: Gengar|Protect|p1a: Gengar\n|-singleturn|p1a: Gengar|Protect\n|move|p2b: Basculegion|Wave Crash|p1a: Gengar\n|-activate|p1a: Gengar|move: Protect\n|move|p1b: Sapo pepe|Perish Song|p1b: Sapo pepe\n|-start|p1a: Gengar|perish3|[silent]\n|-start|p1b: Sapo pepe|perish3|[silent]\n|-start|p2a: Pelipper|perish3|[silent]\n|-start|p2b: Basculegion|perish3|[silent]\n|-fieldactivate|move: Perish Song\n|move|p2a: Pelipper|Tailwind|p2a: Pelipper\n|-sidestart|p2: Dasux07|move: Tailwind\n|\n|-weather|RainDance|[upkeep]\n|-start|p2b: Basculegion|perish3\n|-start|p1a: Gengar|perish3\n|-start|p2a: Pelipper|perish3\n|-start|p1b: Sapo pepe|perish3\n|upkeep\n|turn|2\n|inactive|Battle timer is ON: inactive players will automatically lose when time's up. (requested by Dasux07)\n|inactive|Enekos has 60 seconds left.\n|\n|t:|1776491033\n|switch|p1a: Garchadomp|Garchomp, L50, M|100/100\n|move|p2b: Basculegion|Wave Crash|p1a: Garchadomp\n|-damage|p1a: Garchadomp|0 fnt\n|-damage|p2b: Basculegion|88/100|[from] ability: Rough Skin|[of] p1a: Garchadomp\n|faint|p1a: Garchadomp\n|-damage|p2b: Basculegion|57/100|[from] Recoil\n|move|p2a: Pelipper|Hurricane|p1b: Sapo pepe\n|-damage|p1b: Sapo pepe|67/100\n|move|p1b: Sapo pepe|Weather Ball|p2a: Pelipper\n|-resisted|p2a: Pelipper|1\n|-damage|p2a: Pelipper|59/100\n|\n|-weather|RainDance|[upkeep]\n|-heal|p2a: Pelipper|65/100|[from] item: Leftovers\n|-heal|p1b: Sapo pepe|73/100|[from] item: Leftovers\n|-start|p2b: Basculegion|perish2\n|-start|p2a: Pelipper|perish2\n|-start|p1b: Sapo pepe|perish2\n|upkeep\n|\n|t:|1776491056\n|switch|p1a: Gengar|Gengar-Mega, L50, F, shiny|100/100\n|turn|3\n|inactive|Dasux07 has 30 seconds left.\n|\n|t:|1776491087\n|move|p1a: Gengar|Protect|p1a: Gengar\n|-singleturn|p1a: Gengar|Protect\n|move|p2a: Pelipper|Protect|p2a: Pelipper\n|-singleturn|p2a: Pelipper|Protect\n|move|p1b: Sapo pepe|Protect|p1b: Sapo pepe\n|-singleturn|p1b: Sapo pepe|Protect\n|move|p2b: Basculegion|Wave Crash|p1a: Gengar\n|-activate|p1a: Gengar|move: Protect\n|\n|-weather|RainDance|[upkeep]\n|-heal|p2a: Pelipper|71/100|[from] item: Leftovers\n|-heal|p1b: Sapo pepe|79/100|[from] item: Leftovers\n|-start|p2b: Basculegion|perish1\n|-start|p2a: Pelipper|perish1\n|-start|p1b: Sapo pepe|perish1\n|upkeep\n|turn|4\n|inactive|Enekos has 30 seconds left.\n|inactive|Enekos has 20 seconds left.\n|inactive|Enekos has 15 seconds left.\n|inactive|Enekos has 10 seconds left.\n|\n|t:|1776491136\n|move|p2b: Basculegion|Wave Crash|p1a: Gengar\n|-damage|p1a: Gengar|0 fnt\n|faint|p1a: Gengar\n|-damage|p2b: Basculegion|35/100|[from] Recoil\n|move|p2a: Pelipper|Hurricane|p1b: Sapo pepe\n|-damage|p1b: Sapo pepe|47/100\n|-start|p1b: Sapo pepe|confusion\n|-activate|p1b: Sapo pepe|confusion\n|move|p1b: Sapo pepe|Weather Ball|p2a: Pelipper\n|-resisted|p2a: Pelipper|1\n|-damage|p2a: Pelipper|24/100\n|\n|-weather|RainDance|[upkeep]\n|-heal|p2a: Pelipper|30/100|[from] item: Leftovers\n|-heal|p1b: Sapo pepe|53/100|[from] item: Leftovers\n|-start|p2b: Basculegion|perish0\n|-start|p2a: Pelipper|perish0\n|-start|p1b: Sapo pepe|perish0\n|-sideend|p2: Dasux07|move: Tailwind\n|upkeep\n|faint|p2b: Basculegion\n|faint|p2a: Pelipper\n|faint|p1b: Sapo pepe\n|inactive|Enekos has 30 seconds left.\n|inactive|Enekos has 20 seconds left.\n|\n|t:|1776491174\n|switch|p2b: Excadrill|Excadrill, L50, M|100/100\n|switch|p1b: Chillbroh|Sneasler, L50, M|100/100\n|switch|p2a: Archaludon|Archaludon, L50, M|100/100\n|-ability|p2b: Excadrill|Mold Breaker\n|turn|5\n|\n|t:|1776491188\n|detailschange|p2b: Excadrill|Excadrill-Mega, L50, M\n|-mega|p2b: Excadrill|Excadrill|Excadrite\n|move|p2a: Archaludon|Protect|p2a: Archaludon\n|-singleturn|p2a: Archaludon|Protect\n|move|p1b: Chillbroh|Close Combat|p2a: Archaludon\n|-activate|p2a: Archaludon|move: Protect\n|move|p2b: Excadrill|Earthquake|p1b: Chillbroh|[spread] p1b\n|-activate|p2a: Archaludon|move: Protect\n|-supereffective|p1b: Chillbroh|1\n|-damage|p1b: Chillbroh|0 fnt\n|faint|p1b: Chillbroh\n|\n|win|Dasux07\n|raw|Enekos's rating: 1094 &rarr; <strong>1068</strong><br />(-26 for losing)\n|raw|Dasux07's rating: 1064 &rarr; <strong>1097</strong><br />(+33 for winning)\n|l|\u2606Dasux07\n|player|p2|\n",
  "uploadtime": 1776491201,
  "views": 13,
  "formatid": "gen9championsvgc2026regma",
  "rating": 1068,
  "private": 0,
  "password": null
}