{
  "id": "gen9championsvgc2026regma-2585640758",
  "format": "[Gen 9 Champions] VGC 2026 Reg M-A",
  "players": [
    "DadoPiplup",
    "oroonsayshi"
  ],
  "log": "|j|\u2606DadoPiplup\n|j|\u2606oroonsayshi\n|t:|1776360660\n|gametype|doubles\n|player|p1|DadoPiplup|2|1085\n|player|p2|oroonsayshi|elesa|1000\n|gen|9\n|tier|[Gen 9 Champions] VGC 2026 Reg M-A\n|rated|\n|rule|Species Clause: Limit one of each Pok\u00e9mon\n|rule|Item Clause: Limit 1 of each item\n|clearpoke\n|poke|p1|Golurk, L50|\n|poke|p1|Farigiraf, L50, M|\n|poke|p1|Incineroar, L50, F|\n|poke|p1|Blastoise, L50, M|\n|poke|p1|Sneasler, L50, M|\n|poke|p1|Rotom-Mow, L50|\n|poke|p2|Incineroar, L50, F|\n|poke|p2|Gengar, L50, M|\n|poke|p2|Sableye, L50, F|\n|poke|p2|Arcanine-Hisui, L50, M|\n|poke|p2|Bellibolt, L50, M|\n|poke|p2|Sinistcha, L50|\n|teampreview|4\n|inactive|Battle timer is ON: inactive players will automatically lose when time's up. (requested by oroonsayshi)\n|\n|t:|1776360693\n|teamsize|p1|4\n|teamsize|p2|4\n|start\n|switch|p1a: Blastoise|Blastoise, L50, M|100/100\n|switch|p1b: Incineroar|Incineroar, L50, F|100/100\n|switch|p2a: Gengar|Gengar, L50, M|100/100\n|switch|p2b: Bellibolt|Bellibolt, L50, M|100/100\n|-ability|p1b: Incineroar|Intimidate|boost\n|-unboost|p2a: Gengar|atk|1\n|-unboost|p2b: Bellibolt|atk|1\n|turn|1\n|inactive|oroonsayshi has 30 seconds left.\n|inactive|oroonsayshi has 20 seconds left.\n|inactive|oroonsayshi has 15 seconds left.\n|\n|t:|1776360734\n|detailschange|p2a: Gengar|Gengar-Mega, L50, M\n|-mega|p2a: Gengar|Gengar|Gengarite\n|move|p1b: Incineroar|Fake Out|p2b: Bellibolt\n|-damage|p2b: Bellibolt|91/100\n|-start|p2b: Bellibolt|Charge|Fake Out|[from] ability: Electromorphosis\n|move|p2a: Gengar|Shadow Ball|p1a: Blastoise\n|-damage|p1a: Blastoise|49/100\n|move|p1a: Blastoise|Shell Smash|p1a: Blastoise\n|-unboost|p1a: Blastoise|def|1\n|-unboost|p1a: Blastoise|spd|1\n|-boost|p1a: Blastoise|atk|2\n|-boost|p1a: Blastoise|spa|2\n|-boost|p1a: Blastoise|spe|2\n|cant|p2b: Bellibolt|flinch\n|-end|p2b: Bellibolt|Charge|[silent]\n|\n|upkeep\n|turn|2\n|inactive|DadoPiplup has 30 seconds left.\n|\n|t:|1776360759\n|detailschange|p1a: Blastoise|Blastoise-Mega, L50, M\n|-mega|p1a: Blastoise|Blastoise|Blastoisinite\n|move|p2a: Gengar|Protect|p2a: Gengar\n|-singleturn|p2a: Gengar|Protect\n|move|p1a: Blastoise|Water Spout|p2a: Gengar|[spread] p2b\n|-activate|p2a: Gengar|move: Protect\n|-damage|p2b: Bellibolt|30/100\n|-start|p2b: Bellibolt|Charge|Water Spout|[from] ability: Electromorphosis\n|move|p1b: Incineroar|Parting Shot|p2a: Gengar\n|-activate|p2a: Gengar|move: Protect\n|move|p2b: Bellibolt|Parabolic Charge|p1b: Incineroar|[spread] p1a,p1b\n|-activate|p2a: Gengar|move: Protect\n|-supereffective|p1a: Blastoise|1\n|-damage|p1a: Blastoise|0 fnt\n|-heal|p2b: Bellibolt|47/100|[from] drain|[of] p1a: Blastoise\n|-damage|p1b: Incineroar|70/100\n|-heal|p2b: Bellibolt|62/100|[from] drain|[of] p1b: Incineroar\n|faint|p1a: Blastoise\n|-end|p2b: Bellibolt|Charge|[silent]\n|\n|upkeep\n|\n|t:|1776360782\n|switch|p1a: Golurk|Golurk, L50|100/100\n|turn|3\n|\n|t:|1776360797\n|switch|p2a: Sinistcha|Sinistcha, L50|100/100\n|-heal|p2b: Bellibolt|87/100|[from] ability: Hospitality|[of] p2a: Sinistcha\n|move|p1a: Golurk|Protect|p1a: Golurk\n|-singleturn|p1a: Golurk|Protect\n|move|p1b: Incineroar|Parting Shot|p2a: Sinistcha\n|-unboost|p2a: Sinistcha|atk|1\n|-unboost|p2a: Sinistcha|spa|1\n|\n|t:|1776360808\n|switch|p1b: Farigiraf|Farigiraf, L50, M|100/100|[from] Parting Shot\n|move|p2b: Bellibolt|Volt Switch|p1b: Farigiraf\n|-damage|p1b: Farigiraf|71/100\n|\n|t:|1776360817\n|switch|p2b: Incineroar|Incineroar, L50, F|100/100|[from] Volt Switch\n|-ability|p2b: Incineroar|Intimidate|boost\n|-unboost|p1a: Golurk|atk|1\n|-unboost|p1b: Farigiraf|atk|1\n|\n|upkeep\n|turn|4\n|\n|t:|1776360826\n|switch|p1b: Incineroar|Incineroar, L50, F|70/100\n|-ability|p1b: Incineroar|Intimidate|boost\n|-unboost|p2a: Sinistcha|atk|1\n|-unboost|p2b: Incineroar|atk|1\n|move|p2b: Incineroar|Throat Chop|p1b: Incineroar\n|-resisted|p1b: Incineroar|1\n|-damage|p1b: Incineroar|57/100\n|-start|p1b: Incineroar|Throat Chop|[silent]\n|move|p2a: Sinistcha|Matcha Gotcha|p1a: Golurk|[spread] p1a,p1b\n|-supereffective|p1a: Golurk|1\n|-resisted|p1b: Incineroar|1\n|-damage|p1a: Golurk|42/100\n|-damage|p1b: Incineroar|49/100\n|-enditem|p1b: Incineroar|Sitrus Berry|[eat]\n|-heal|p1b: Incineroar|73/100|[from] item: Sitrus Berry\n|move|p1a: Golurk|Close Combat|p2b: Incineroar\n|-supereffective|p2b: Incineroar|1\n|-damage|p2b: Incineroar|40/100\n|-unboost|p1a: Golurk|def|1\n|-unboost|p1a: Golurk|spd|1\n|\n|upkeep\n|turn|5\n|-message|DadoPiplup forfeited.\n|\n|win|oroonsayshi\n|raw|DadoPiplup's rating: 1085 &rarr; <strong>1057</strong><br />(-28 for losing)\n|raw|oroonsayshi's rating: 1000 &rarr; <strong>1050</strong><br />(+50 for winning)\n|l|\u2606DadoPiplup\n|player|p1|\n",
  "uploadtime": 1776360850,
  "views": 18,
  "formatid": "gen9championsvgc2026regma",
  "rating": 1050,
  "private": 0,
  "password": null
}