{
  "id": "gen9championsvgc2026regma-2585176330",
  "format": "[Gen 9 Champions] VGC 2026 Reg M-A",
  "players": [
    "WojtusG",
    "ferguspokemoner12"
  ],
  "log": "|j|\u2606WojtusG\n|j|\u2606ferguspokemoner12\n|t:|1776321291\n|gametype|doubles\n|player|p1|WojtusG|steven|1058\n|player|p2|ferguspokemoner12|169|1028\n|gen|9\n|tier|[Gen 9 Champions] VGC 2026 Reg M-A\n|rated|\n|rule|Species Clause: Limit one of each Pok\u00e9mon\n|rule|Item Clause: Limit 1 of each item\n|clearpoke\n|poke|p1|Zoroark-Hisui, L50, F|\n|poke|p1|Meganium, L50, M|\n|poke|p1|Pelipper, L50, M|\n|poke|p1|Archaludon, L50, M|\n|poke|p1|Sneasler, L50, F|\n|poke|p1|Incineroar, L50, F|\n|poke|p2|Incineroar, L50, M|\n|poke|p2|Torkoal, L50, F|\n|poke|p2|Basculegion, L50, M|\n|poke|p2|Farigiraf, L50, F|\n|poke|p2|Crabominable, L50, M|\n|poke|p2|Ninetales-Alola, L50, F|\n|teampreview|4\n|\n|t:|1776321339\n|teamsize|p1|4\n|teamsize|p2|4\n|start\n|switch|p1a: 1000-THR|Archaludon, L50, M|100/100\n|switch|p1b: Rain set mon|Pelipper, L50, M|100/100\n|switch|p2a: Farigiraf|Farigiraf, L50, F|100/100\n|switch|p2b: Torkoal|Torkoal, L50, F|100/100\n|-weather|RainDance|[from] ability: Drizzle|[of] p1b: Rain set mon\n|-weather|SunnyDay|[from] ability: Drought|[of] p2b: Torkoal\n|turn|1\n|\n|t:|1776321361\n|switch|p1b: Sneasler|Sneasler, L50, F|100/100\n|move|p1a: 1000-THR|Protect|p1a: 1000-THR\n|-singleturn|p1a: 1000-THR|Protect\n|move|p2b: Torkoal|Protect|p2b: Torkoal\n|-singleturn|p2b: Torkoal|Protect\n|move|p2a: Farigiraf|Trick Room|p2a: Farigiraf\n|-fieldstart|move: Trick Room|[of] p2a: Farigiraf\n|\n|-weather|SunnyDay|[upkeep]\n|upkeep\n|turn|2\n|\n|t:|1776321385\n|switch|p1a: Rain set mon|Pelipper, L50, M|100/100\n|-weather|RainDance|[from] ability: Drizzle|[of] p1a: Rain set mon\n|move|p2b: Torkoal|Eruption|p1a: Rain set mon|[spread] p1a,p1b\n|-resisted|p1a: Rain set mon|1\n|-damage|p1a: Rain set mon|79/100\n|-damage|p1b: Sneasler|64/100\n|move|p2a: Farigiraf|Psychic|p1b: Sneasler\n|-supereffective|p1b: Sneasler|2\n|-damage|p1b: Sneasler|0 fnt\n|faint|p1b: Sneasler\n|\n|-weather|RainDance|[upkeep]\n|upkeep\n|\n|t:|1776321390\n|switch|p1b: 1000-THR|Archaludon, L50, M|100/100\n|turn|3\n|\n|t:|1776321413\n|switch|p2b: Incineroar|Incineroar, L50, M|100/100\n|-ability|p2b: Incineroar|Intimidate|boost\n|-unboost|p1a: Rain set mon|atk|1\n|-unboost|p1b: 1000-THR|atk|1\n|switch|p2a: Crabominable|Crabominable, L50, M|100/100\n|move|p1a: Rain set mon|Hydro Pump|p2b: Incineroar\n|-supereffective|p2b: Incineroar|1\n|-damage|p2b: Incineroar|2/100\n|move|p1b: 1000-THR|Nasty Plot|p1b: 1000-THR\n|-boost|p1b: 1000-THR|spa|2\n|\n|-weather|RainDance|[upkeep]\n|upkeep\n|turn|4\n|\n|t:|1776321442\n|detailschange|p2a: Crabominable|Crabominable-Mega, L50, M\n|-mega|p2a: Crabominable|Crabominable|Crabominite\n|move|p2b: Incineroar|Fake Out|p1a: Rain set mon\n|-damage|p1a: Rain set mon|68/100\n|move|p2a: Crabominable|Drain Punch|p1b: 1000-THR\n|-immune|p1b: 1000-THR\n|cant|p1a: Rain set mon|flinch\n|move|p1b: 1000-THR|Hyper Voice|p2b: Incineroar|[spread] p2a,p2b\n|-damage|p2a: Crabominable|32/100\n|-damage|p2b: Incineroar|0 fnt\n|faint|p2b: Incineroar\n|\n|-weather|RainDance|[upkeep]\n|upkeep\n|\n|t:|1776321474\n|switch|p2b: Torkoal|Torkoal, L50, F|100/100\n|-weather|SunnyDay|[from] ability: Drought|[of] p2b: Torkoal\n|turn|5\n|\n|t:|1776321499\n|move|p1a: Rain set mon|Protect|p1a: Rain set mon\n|-singleturn|p1a: Rain set mon|Protect\n|move|p1b: 1000-THR|Protect|p1b: 1000-THR\n|-singleturn|p1b: 1000-THR|Protect\n|move|p2b: Torkoal|Eruption|p1a: Rain set mon|[spread] \n|-activate|p1a: Rain set mon|move: Protect\n|-activate|p1b: 1000-THR|move: Protect\n|move|p2a: Crabominable|Ice Hammer|p1b: 1000-THR\n|-activate|p1b: 1000-THR|move: Protect\n|\n|-weather|SunnyDay|[upkeep]\n|-fieldend|move: Trick Room\n|upkeep\n|turn|6\n|\n|t:|1776321516\n|move|p2a: Crabominable|Protect|p2a: Crabominable\n|-singleturn|p2a: Crabominable|Protect\n|move|p1b: 1000-THR|Hyper Voice|p2b: Torkoal|[spread] p2b\n|-activate|p2a: Crabominable|move: Protect\n|-damage|p2b: Torkoal|0 fnt\n|faint|p2b: Torkoal\n|move|p1a: Rain set mon|Hydro Pump|p2a: Crabominable\n|-activate|p2a: Crabominable|move: Protect\n|\n|-weather|SunnyDay|[upkeep]\n|upkeep\n|\n|t:|1776321522\n|switch|p2b: Farigiraf|Farigiraf, L50, F|100/100\n|turn|7\n|\n|t:|1776321535\n|move|p1b: 1000-THR|Hyper Voice|p2a: Crabominable|[spread] p2a,p2b\n|-damage|p2a: Crabominable|0 fnt\n|-damage|p2b: Farigiraf|23/100\n|-enditem|p2b: Farigiraf|Sitrus Berry|[eat]\n|-heal|p2b: Farigiraf|48/100|[from] item: Sitrus Berry\n|faint|p2a: Crabominable\n|move|p1a: Rain set mon|Hydro Pump|p2b: Farigiraf|[miss]\n|-miss|p1a: Rain set mon|p2b: Farigiraf\n|move|p2b: Farigiraf|Trick Room|p2b: Farigiraf\n|-fieldstart|move: Trick Room|[of] p2b: Farigiraf\n|\n|-weather|SunnyDay|[upkeep]\n|upkeep\n|turn|8\n|\n|t:|1776321548\n|switch|p1a: 1000-THR|Archaludon, L50, M|100/100\n|move|p2b: Farigiraf|Psychic|p1b: 1000-THR\n|-damage|p1b: 1000-THR|36/100\n|replace|p1b: Hi!|Zoroark-Hisui, L50, F\n|-end|p1b: Hi!|Illusion\n|move|p1b: Hi!|Hyper Voice|p2b: Farigiraf\n|-damage|p2b: Farigiraf|0 fnt\n|faint|p2b: Farigiraf\n|\n|win|WojtusG\n|raw|WojtusG's rating: 1058 &rarr; <strong>1087</strong><br />(+29 for winning)\n|raw|ferguspokemoner12's rating: 1028 &rarr; <strong>1015</strong><br />(-13 for losing)\n|l|\u2606ferguspokemoner12\n|player|p2|\n",
  "uploadtime": 1776321560,
  "views": 19,
  "formatid": "gen9championsvgc2026regma",
  "rating": 1015,
  "private": 0,
  "password": null
}