{
  "id": "gen9championsvgc2026regma-2583808924",
  "format": "[Gen 9 Champions] VGC 2026 Reg M-A",
  "players": [
    "jojojoestar7",
    "salema09"
  ],
  "log": "|j|\u2606jojojoestar7\n|j|\u2606salema09\n|t:|1776199257\n|gametype|doubles\n|player|p1|jojojoestar7|101|1000\n|player|p2|salema09|acetrainerf|1076\n|gen|9\n|tier|[Gen 9 Champions] VGC 2026 Reg M-A\n|rated|\n|rule|Species Clause: Limit one of each Pok\u00e9mon\n|rule|Item Clause: Limit 1 of each item\n|clearpoke\n|poke|p1|Chesnaught, L50, M|\n|poke|p1|Sneasler, L50, F|\n|poke|p1|Sinistcha-Masterpiece, L50|\n|poke|p1|Aegislash, L50, M|\n|poke|p1|Pelipper, L50, M|\n|poke|p1|Archaludon, L50, M|\n|poke|p2|Delphox, L50, F|\n|poke|p2|Aegislash, L50, M|\n|poke|p2|Garchomp, L50, M|\n|poke|p2|Aerodactyl, L50, F|\n|poke|p2|Kingambit, L50, M|\n|poke|p2|Sneasler, L50, M|\n|teampreview|4\nsalema09 rejected open team sheets.\n|inactive|Battle timer is ON: inactive players will automatically lose when time's up. (requested by salema09)\n|\n|t:|1776199396\n|teamsize|p1|4\n|teamsize|p2|4\n|start\n|switch|p1a: Archaludon|Archaludon, L50, M|100/100\n|switch|p1b: Pelipper|Pelipper, L50, M|100/100\n|switch|p2a: Kingambit|Kingambit, L50, M|100/100\n|switch|p2b: Sneasler|Sneasler, L50, M|100/100\n|-weather|RainDance|[from] ability: Drizzle|[of] p1b: Pelipper\n|turn|1\n|inactive|jojojoestar7 has 30 seconds left.\n|inactive|salema09 has 30 seconds left.\n|inactive|jojojoestar7 has 20 seconds left.\n|inactive|salema09 has 20 seconds left.\n|inactive|jojojoestar7 has 15 seconds left.\n|\n|t:|1776199449\n|switch|p1b: Chesnaught|Chesnaught, L50, M|100/100\n|move|p2b: Sneasler|Close Combat|p1a: Archaludon\n|-supereffective|p1a: Archaludon|1\n|-damage|p1a: Archaludon|2/100\n|-unboost|p2b: Sneasler|def|1\n|-unboost|p2b: Sneasler|spd|1\n|-ability|p1a: Archaludon|Stamina|boost\n|-boost|p1a: Archaludon|def|1\n|-enditem|p2b: Sneasler|White Herb\n|-clearnegativeboost|p2b: Sneasler|[silent]\n|move|p1a: Archaludon|Focus Energy|p1a: Archaludon\n|-start|p1a: Archaludon|move: Focus Energy\n|move|p2a: Kingambit|Low Kick|p1a: Archaludon\n|-supereffective|p1a: Archaludon|1\n|-damage|p1a: Archaludon|0 fnt\n|faint|p1a: Archaludon\n|\n|-weather|RainDance|[upkeep]\n|upkeep\n|\n|t:|1776199466\n|switch|p1a: Sinistcha|Sinistcha-Masterpiece, L50|100/100\n|turn|2\n|\n|t:|1776199478\n|detailschange|p1b: Chesnaught|Chesnaught-Mega, L50, M\n|-mega|p1b: Chesnaught|Chesnaught|Chesnaughtite\n|move|p1a: Sinistcha|Rage Powder|p1a: Sinistcha\n|-singleturn|p1a: Sinistcha|move: Rage Powder\n|move|p2a: Kingambit|Sucker Punch||[still]\n|-fail|p2a: Kingambit\n|move|p2b: Sneasler|Dire Claw|p1a: Sinistcha\n|-damage|p1a: Sinistcha|62/100\n|move|p1b: Chesnaught|Bulk Up|p1b: Chesnaught\n|-boost|p1b: Chesnaught|atk|1\n|-boost|p1b: Chesnaught|def|1\n|\n|-weather|RainDance|[upkeep]\n|upkeep\n|turn|3\n|inactive|jojojoestar7 has 30 seconds left.\n|\n|t:|1776199510\n|move|p2a: Kingambit|Protect|p2a: Kingambit\n|-singleturn|p2a: Kingambit|Protect\n|move|p2b: Sneasler|Dire Claw|p1a: Sinistcha\n|-damage|p1a: Sinistcha|25/100\n|-enditem|p1a: Sinistcha|Sitrus Berry|[eat]\n|-heal|p1a: Sinistcha|49/100|[from] item: Sitrus Berry\n|move|p1b: Chesnaught|Bulk Up|p1b: Chesnaught\n|-boost|p1b: Chesnaught|atk|1\n|-boost|p1b: Chesnaught|def|1\n|move|p1a: Sinistcha|Trick Room|p1a: Sinistcha\n|-fieldstart|move: Trick Room|[of] p1a: Sinistcha\n|\n|-weather|RainDance|[upkeep]\n|upkeep\n|turn|4\n|inactive|salema09 has 30 seconds left.\n|\n|t:|1776199540\n|move|p2a: Kingambit|Sucker Punch||[still]\n|-fail|p2a: Kingambit\n|move|p1b: Chesnaught|Body Press|p2a: Kingambit\n|-supereffective|p2a: Kingambit|2\n|-enditem|p2a: Kingambit|Chople Berry|[eat]\n|-enditem|p2a: Kingambit|Chople Berry|[weaken]\n|-damage|p2a: Kingambit|0 fnt\n|faint|p2a: Kingambit\n|move|p1a: Sinistcha|Life Dew||[still]|[spread] p1a,p1b\n|-heal|p1a: Sinistcha|75/100\n|-fail|p1b: Chesnaught|heal\n|move|p2b: Sneasler|Dire Claw|p1b: Chesnaught\n|-supereffective|p1b: Chesnaught|1\n|-damage|p1b: Chesnaught|75/100\n|\n|-weather|RainDance|[upkeep]\n|upkeep\n|inactive|salema09 has 30 seconds left.\n|\n|t:|1776199566\n|switch|p2a: Garchomp|Garchomp, L50, M|100/100\n|turn|5\n|\n|t:|1776199589\n|move|p1b: Chesnaught|Bulk Up|p1b: Chesnaught\n|-boost|p1b: Chesnaught|atk|1\n|-boost|p1b: Chesnaught|def|1\n|move|p1a: Sinistcha|Life Dew|p1a: Sinistcha|[spread] p1a,p1b\n|-heal|p1a: Sinistcha|99/100\n|-heal|p1b: Chesnaught|99/100\n|move|p2a: Garchomp|Rock Slide|p1b: Chesnaught|[spread] p1b\n|-miss|p2a: Garchomp|p1a: Sinistcha\n|-resisted|p1b: Chesnaught|1\n|-damage|p1b: Chesnaught|98/100\n|move|p2b: Sneasler|Dire Claw|p1b: Chesnaught\n|-supereffective|p1b: Chesnaught|1\n|-damage|p1b: Chesnaught|78/100\n|-status|p1b: Chesnaught|psn\n|\n|-weather|none\n|-damage|p1b: Chesnaught|66/100 psn|[from] psn\n|upkeep\n|turn|6\n|inactive|jojojoestar7 has 30 seconds left.\n|inactive|salema09 has 30 seconds left.\n|inactive|jojojoestar7 has 20 seconds left.\n|inactive|salema09 has 20 seconds left.\n|inactive|jojojoestar7 has 15 seconds left.\n|inactive|salema09 has 15 seconds left.\n|inactive|salema09 has 10 seconds left.\n|\n|t:|1776199642\n|move|p2a: Garchomp|Protect|p2a: Garchomp\n|-singleturn|p2a: Garchomp|Protect\n|move|p2b: Sneasler|Protect|p2b: Sneasler\n|-singleturn|p2b: Sneasler|Protect\n|move|p1b: Chesnaught|Drain Punch|p2a: Garchomp\n|-activate|p2a: Garchomp|move: Protect\n|move|p1a: Sinistcha|Life Dew|p1a: Sinistcha|[spread] p1a,p1b\n|-heal|p1a: Sinistcha|100/100\n|-heal|p1b: Chesnaught|91/100 psn\n|\n|-damage|p1b: Chesnaught|79/100 psn|[from] psn\n|upkeep\n|turn|7\n|\n|t:|1776199660\n|switch|p2b: Delphox|Delphox, L50, F|100/100\n|move|p1b: Chesnaught|Drain Punch|p2b: Delphox\n|-resisted|p2b: Delphox|1\n|-damage|p2b: Delphox|42/100\n|-heal|p1b: Chesnaught|100/100 psn|[from] drain|[of] p2b: Delphox\n|move|p1a: Sinistcha|Life Dew||[still]|[still]|[spread] \n|-fail|p1a: Sinistcha|heal\n|-fail|p1b: Chesnaught|heal\n|move|p2a: Garchomp|Dragon Claw|p1b: Chesnaught\n|-damage|p1b: Chesnaught|92/100 psn\n|\n|-damage|p1b: Chesnaught|80/100 psn|[from] psn\n|-fieldend|move: Trick Room\n|upkeep\n|turn|8\n|inactive|jojojoestar7 has 30 seconds left.\n|inactive|salema09 has 30 seconds left.\n|\n|t:|1776199692\n|switch|p1a: Pelipper|Pelipper, L50, M|100/100\n|-weather|RainDance|[from] ability: Drizzle|[of] p1a: Pelipper\n|detailschange|p2b: Delphox|Delphox-Mega, L50, F\n|-mega|p2b: Delphox|Delphox|Delphoxite\n|move|p1b: Chesnaught|Spiky Shield|p1b: Chesnaught\n|-singleturn|p1b: Chesnaught|move: Protect\n|move|p2b: Delphox|Heat Wave|p1b: Chesnaught|[spread] p1a\n|-activate|p1b: Chesnaught|move: Protect\n|-resisted|p1a: Pelipper|1\n|-damage|p1a: Pelipper|86/100\n|move|p2a: Garchomp|Dragon Claw|p1b: Chesnaught\n|-activate|p1b: Chesnaught|move: Protect\n|-damage|p2a: Garchomp|88/100|[from] Spiky Shield|[of] p1b: Chesnaught\n|\n|-weather|RainDance|[upkeep]\n|-damage|p1b: Chesnaught|68/100 psn|[from] psn\n|upkeep\n|turn|9\n|\n|t:|1776199715\n|move|p2b: Delphox|Psyshock|p1b: Chesnaught\n|-supereffective|p1b: Chesnaught|1\n|-damage|p1b: Chesnaught|48/100 psn\n|move|p2a: Garchomp|Rock Slide|p1a: Pelipper|[spread] p1a,p1b\n|-supereffective|p1a: Pelipper|1\n|-resisted|p1b: Chesnaught|1\n|-crit|p1b: Chesnaught\n|-damage|p1a: Pelipper|55/100\n|-damage|p1b: Chesnaught|40/100 psn\n|move|p1a: Pelipper|Weather Ball|p2b: Delphox\n|-supereffective|p2b: Delphox|1\n|-damage|p2b: Delphox|0 fnt\n|faint|p2b: Delphox\n|cant|p1b: Chesnaught|flinch\n|\n|-weather|RainDance|[upkeep]\n|-damage|p1b: Chesnaught|28/100 psn|[from] psn\n|upkeep\n|\n|t:|1776199729\n|switch|p2b: Sneasler|Sneasler, L50, M|100/100\n|turn|10\n|\n|t:|1776199737\n|switch|p1a: Sinistcha|Sinistcha-Masterpiece, L50|100/100\n|-heal|p1b: Chesnaught|52/100 psn|[from] ability: Hospitality|[of] p1a: Sinistcha\n|move|p1b: Chesnaught|Spiky Shield|p1b: Chesnaught\n|-singleturn|p1b: Chesnaught|move: Protect\n|move|p2b: Sneasler|Rock Tomb|p1a: Sinistcha\n|-damage|p1a: Sinistcha|79/100\n|-unboost|p1a: Sinistcha|spe|1\n|move|p2a: Garchomp|Rock Slide|p1b: Chesnaught|[spread] p1a\n|-activate|p1b: Chesnaught|move: Protect\n|-damage|p1a: Sinistcha|63/100\n|\n|-weather|RainDance|[upkeep]\n|-damage|p1b: Chesnaught|40/100 psn|[from] psn\n|upkeep\n|turn|11\n|\n|t:|1776199760\n|move|p2b: Sneasler|Dire Claw|p1a: Sinistcha\n|-damage|p1a: Sinistcha|26/100\n|-status|p1a: Sinistcha|psn\n|move|p2a: Garchomp|Rock Slide|p1b: Chesnaught|[spread] p1a,p1b\n|-resisted|p1b: Chesnaught|1\n|-damage|p1a: Sinistcha|9/100 psn\n|-damage|p1b: Chesnaught|38/100 psn\n|move|p1b: Chesnaught|Drain Punch|p2a: Garchomp\n|-damage|p2a: Garchomp|10/100\n|-heal|p1b: Chesnaught|81/100 psn|[from] drain|[of] p2a: Garchomp\n|-damage|p1b: Chesnaught|69/100 psn|[from] ability: Rough Skin|[of] p2a: Garchomp\n|-enditem|p2a: Garchomp|Sitrus Berry|[eat]\n|-heal|p2a: Garchomp|35/100|[from] item: Sitrus Berry\n|cant|p1a: Sinistcha|flinch\n|\n|-weather|RainDance|[upkeep]\n|-damage|p1b: Chesnaught|56/100 psn|[from] psn\n|-damage|p1a: Sinistcha|0 fnt|[from] psn\n|faint|p1a: Sinistcha\n|upkeep\n|\n|t:|1776199776\n|switch|p1a: Pelipper|Pelipper, L50, M|55/100\n|turn|12\n|inactive|jojojoestar7 has 30 seconds left.\n|\n|t:|1776199805\n|move|p2a: Garchomp|Protect|p2a: Garchomp\n|-singleturn|p2a: Garchomp|Protect\n|move|p2b: Sneasler|Dire Claw|p1a: Pelipper\n|-damage|p1a: Pelipper|18/100\n|move|p1a: Pelipper|Hurricane|p2b: Sneasler\n|-supereffective|p2b: Sneasler|1\n|-damage|p2b: Sneasler|0 fnt\n|faint|p2b: Sneasler\n|move|p1b: Chesnaught|Drain Punch|p2a: Garchomp\n|-activate|p2a: Garchomp|move: Protect\n|\n|-weather|none\n|-damage|p1b: Chesnaught|44/100 psn|[from] psn\n|upkeep\n|turn|13\n|\n|t:|1776199822\n|move|p2a: Garchomp|Rock Slide|p1a: Pelipper|[spread] \n|-miss|p2a: Garchomp|p1a: Pelipper\n|-miss|p2a: Garchomp|p1b: Chesnaught\n|move|p1a: Pelipper|Hurricane|p2a: Garchomp|[miss]\n|-miss|p1a: Pelipper|p2a: Garchomp\n|move|p1b: Chesnaught|Drain Punch|p2a: Garchomp\n|-damage|p2a: Garchomp|0 fnt\n|-heal|p1b: Chesnaught|63/100 psn|[from] drain|[of] p2a: Garchomp\n|-damage|p1b: Chesnaught|51/100 psn|[from] ability: Rough Skin|[of] p2a: Garchomp\n|faint|p2a: Garchomp\n|\n|win|jojojoestar7\n|raw|jojojoestar7's rating: 1000 &rarr; <strong>1049</strong><br />(+49 for winning)\n|raw|salema09's rating: 1076 &rarr; <strong>1050</strong><br />(-26 for losing)\n|l|\u2606salema09\n|player|p2|\n",
  "uploadtime": 1776199843,
  "views": 33,
  "formatid": "gen9championsvgc2026regma",
  "rating": 1049,
  "private": 0,
  "password": null
}