{
  "id": "gen9championsvgc2026regma-2584668433",
  "format": "[Gen 9 Champions] VGC 2026 Reg M-A",
  "players": [
    "KarmicPines2002",
    "Nokotes"
  ],
  "log": "|j|\u2606KarmicPines2002\n|j|\u2606Nokotes\n|t:|1776275601\n|gametype|doubles\n|player|p1|KarmicPines2002|2|1220\n|player|p2|Nokotes|wallace|1225\n|gen|9\n|tier|[Gen 9 Champions] VGC 2026 Reg M-A\n|rated|\n|rule|Species Clause: Limit one of each Pok\u00e9mon\n|rule|Item Clause: Limit 1 of each item\n|clearpoke\n|poke|p1|Pelipper, L50, M|\n|poke|p1|Basculegion, L50, M|\n|poke|p1|Incineroar, L50, F|\n|poke|p1|Meganium, L50, M|\n|poke|p1|Scizor, L50, M|\n|poke|p1|Garchomp, L50, F|\n|poke|p2|Floette-Eternal, L50, F|\n|poke|p2|Talonflame, L50, F|\n|poke|p2|Maushold-Four, L50|\n|poke|p2|Garchomp, L50, F|\n|poke|p2|Rotom-Wash, L50|\n|poke|p2|Aegislash, L50, F|\n|teampreview|4\n|inactive|Battle timer is ON: inactive players will automatically lose when time's up. (requested by Nokotes)\n|inactive|KarmicPines2002 has 60 seconds left.\n|\n|t:|1776275656\n|teamsize|p1|4\n|teamsize|p2|4\n|start\n|switch|p1a: Incineroar|Incineroar, L50, F|100/100\n|switch|p1b: Meganium|Meganium, L50, M|100/100\n|switch|p2a: Floette|Floette-Eternal, L50, F|100/100\n|switch|p2b: Maushold|Maushold-Four, L50|100/100\n|-ability|p1a: Incineroar|Intimidate|boost\n|-unboost|p2a: Floette|atk|1\n|-unboost|p2b: Maushold|atk|1\n|turn|1\n|inactive|KarmicPines2002 has 30 seconds left.\n|inactive|KarmicPines2002 has 20 seconds left.\n|inactive|KarmicPines2002 has 15 seconds left.\n|inactive|KarmicPines2002 has 10 seconds left.\n|\n|t:|1776275702\n|switch|p1b: Scizor|Scizor, L50, M|100/100\n|move|p2a: Floette|Protect|p2a: Floette\n|-singleturn|p2a: Floette|Protect\n|move|p2b: Maushold|Super Fang|p1b: Scizor\n|-damage|p1b: Scizor|51/100\n|move|p1a: Incineroar|Taunt|p2b: Maushold\n|-start|p2b: Maushold|move: Taunt\n|\n|upkeep\n|turn|2\n|\n|t:|1776275719\n|switch|p2a: Garchomp|Garchomp, L50, F|100/100\n|move|p1b: Scizor|Bullet Punch|p2a: Garchomp\n|-damage|p2a: Garchomp|75/100\n|-damage|p1b: Scizor|39/100|[from] ability: Rough Skin|[of] p2a: Garchomp\n|move|p2b: Maushold|Super Fang|p1a: Incineroar|[miss]\n|-miss|p2b: Maushold|p1a: Incineroar\n|move|p1a: Incineroar|Parting Shot|p2a: Garchomp\n|-unboost|p2a: Garchomp|atk|1\n|-unboost|p2a: Garchomp|spa|1\n|\n|t:|1776275738\n|switch|p1a: Pelipper|Pelipper, L50, M|100/100|[from] Parting Shot\n|-weather|RainDance|[from] ability: Drizzle|[of] p1a: Pelipper\n|\n|-weather|RainDance|[upkeep]\n|upkeep\n|turn|3\n|\n|t:|1776275748\n|switch|p1b: Meganium|Meganium, L50, M|100/100\n|move|p1a: Pelipper|Wide Guard|p1a: Pelipper\n|-singleturn|p1a: Pelipper|Wide Guard\n|move|p2b: Maushold|Super Fang|p1a: Pelipper\n|-damage|p1a: Pelipper|51/100\n|move|p2a: Garchomp|Rock Slide|p1a: Pelipper|[spread] \n|-activate|p1a: Pelipper|move: Wide Guard\n|-activate|p1b: Meganium|move: Wide Guard\n|\n|-weather|RainDance|[upkeep]\n|upkeep\n|turn|4\n|inactive|KarmicPines2002 has 30 seconds left.\n|\n|t:|1776275774\n|switch|p2a: Rotom|Rotom-Wash, L50|100/100\n|move|p2b: Maushold|Super Fang|p1b: Meganium|[miss]\n|-miss|p2b: Maushold|p1b: Meganium\n|move|p1a: Pelipper|Weather Ball|p2a: Rotom\n|-resisted|p2a: Rotom|1\n|-crit|p2a: Rotom\n|-damage|p2a: Rotom|60/100\n|move|p1b: Meganium|Weather Ball|p2a: Rotom\n|-resisted|p2a: Rotom|1\n|-damage|p2a: Rotom|43/100\n|-enditem|p2a: Rotom|Sitrus Berry|[eat]\n|-heal|p2a: Rotom|67/100|[from] item: Sitrus Berry\n|\n|-weather|RainDance|[upkeep]\n|-end|p2b: Maushold|move: Taunt\n|upkeep\n|turn|5\n|\n|t:|1776275795\n|move|p1b: Meganium|Protect|p1b: Meganium\n|-singleturn|p1b: Meganium|Protect\n|move|p2b: Maushold|Follow Me|p2b: Maushold\n|-singleturn|p2b: Maushold|move: Follow Me\n|move|p1a: Pelipper|Tailwind|p1a: Pelipper\n|-sidestart|p1: KarmicPines2002|move: Tailwind\n|move|p2a: Rotom|Thunderbolt|p1a: Pelipper\n|-supereffective|p1a: Pelipper|2\n|-damage|p1a: Pelipper|0 fnt\n|faint|p1a: Pelipper\n|\n|-weather|RainDance|[upkeep]\n|upkeep\n|\n|t:|1776275808\n|switch|p1a: Incineroar|Incineroar, L50, F|100/100\n|-ability|p1a: Incineroar|Intimidate|boost\n|-unboost|p2a: Rotom|atk|1\n|-unboost|p2b: Maushold|atk|1\n|turn|6\n|\n|t:|1776275822\n|detailschange|p1b: Meganium|Meganium-Mega, L50, M\n|-mega|p1b: Meganium|Meganium|Meganiumite\n|move|p1a: Incineroar|Fake Out|p2b: Maushold\n|-damage|p2b: Maushold|87/100\n|cant|p2b: Maushold|flinch\n|move|p1b: Meganium|Solar Beam||[still]\n|-prepare|p1b: Meganium|Solar Beam\n|-activate|p1b: Meganium|ability: Mega Sol\n|-anim|p1b: Meganium|Solar Beam|p2a: Rotom\n|-supereffective|p2a: Rotom|1\n|-damage|p2a: Rotom|0 fnt\n|faint|p2a: Rotom\n|\n|-weather|none\n|upkeep\n|\n|t:|1776275831\n|switch|p2a: Floette|Floette-Eternal, L50, F|100/100\n|turn|7\n|\n|t:|1776275846\n|detailschange|p2a: Floette|Floette-Mega, L50, F\n|-mega|p2a: Floette|Floette|Floettite\n|-ability|p2a: Floette|Fairy Aura\n|move|p1b: Meganium|Protect|p1b: Meganium\n|-singleturn|p1b: Meganium|Protect\n|move|p2b: Maushold|Follow Me|p2b: Maushold\n|-singleturn|p2b: Maushold|move: Follow Me\n|move|p1a: Incineroar|Taunt|p2b: Maushold\n|-start|p2b: Maushold|move: Taunt\n|move|p2a: Floette|Calm Mind|p2a: Floette\n|-boost|p2a: Floette|spa|1\n|-boost|p2a: Floette|spd|1\n|\n|upkeep\n|turn|8\n|\n|t:|1776275868\n|move|p2a: Floette|Protect|p2a: Floette\n|-singleturn|p2a: Floette|Protect\n|move|p1b: Meganium|Solar Beam||[still]\n|-prepare|p1b: Meganium|Solar Beam\n|-activate|p1b: Meganium|ability: Mega Sol\n|-anim|p1b: Meganium|Solar Beam|p2b: Maushold\n|-damage|p2b: Maushold|2/100\n|move|p2b: Maushold|Super Fang|p1b: Meganium\n|-damage|p1b: Meganium|51/100\n|move|p1a: Incineroar|Parting Shot|p2a: Floette\n|-activate|p2a: Floette|move: Protect\n|\n|-sideend|p1: KarmicPines2002|move: Tailwind\n|upkeep\n|turn|9\n|\n|t:|1776275892\n|move|p1b: Meganium|Protect|p1b: Meganium\n|-singleturn|p1b: Meganium|Protect\n|move|p2b: Maushold|Super Fang|p1a: Incineroar\n|-damage|p1a: Incineroar|50/100\n|-enditem|p1a: Incineroar|Sitrus Berry|[eat]\n|-heal|p1a: Incineroar|75/100|[from] item: Sitrus Berry\n|move|p2a: Floette|Moonblast|p1a: Incineroar\n|-damage|p1a: Incineroar|0 fnt\n|faint|p1a: Incineroar\n|\n|upkeep\n|\n|t:|1776275903\n|switch|p1a: Scizor|Scizor, L50, M|39/100\n|turn|10\n|\n|t:|1776275920\n|move|p1a: Scizor|Bullet Punch|p2a: Floette\n|-supereffective|p2a: Floette|1\n|-damage|p2a: Floette|36/100\n|move|p2b: Maushold|Super Fang|p1a: Scizor\n|-damage|p1a: Scizor|20/100\n|move|p2a: Floette|Moonblast|p1b: Meganium\n|-damage|p1b: Meganium|0 fnt\n|faint|p1b: Meganium\n|\n|-end|p2b: Maushold|move: Taunt\n|upkeep\n|turn|11\n|\n|t:|1776275938\n|move|p2b: Maushold|Follow Me|p2b: Maushold\n|-singleturn|p2b: Maushold|move: Follow Me\n|move|p1a: Scizor|Bullet Punch|p2b: Maushold\n|-damage|p2b: Maushold|0 fnt\n|faint|p2b: Maushold\n|move|p2a: Floette|Moonblast|p1a: Scizor\n|-resisted|p1a: Scizor|1\n|-damage|p1a: Scizor|0 fnt\n|faint|p1a: Scizor\n|\n|win|Nokotes\n|raw|KarmicPines2002's rating: 1220 &rarr; <strong>1195</strong><br />(-25 for losing)\n|raw|Nokotes's rating: 1225 &rarr; <strong>1250</strong><br />(+25 for winning)\n|l|\u2606Nokotes\n|player|p2|\n",
  "uploadtime": 1776275956,
  "views": 16,
  "formatid": "gen9championsvgc2026regma",
  "rating": 1195,
  "private": 0,
  "password": null
}