{
  "id": "gen9championsvgc2026regma-2580772331",
  "format": "[Gen 9 Champions] VGC 2026 Reg M-A",
  "players": [
    "Greningram",
    "Kazuma27"
  ],
  "log": "|j|\u2606Greningram\n|j|\u2606Kazuma27\n|t:|1775931240\n|gametype|doubles\n|player|p1|Greningram|lance|\n|player|p2|Kazuma27|hilbert|\n|gen|9\n|tier|[Gen 9 Champions] VGC 2026 Reg M-A\n|rule|Species Clause: Limit one of each Pok\u00e9mon\n|rule|Item Clause: Limit 1 of each item\n|clearpoke\n|poke|p1|Meganium, L50, M|\n|poke|p1|Meowstic, L50, M|\n|poke|p1|Basculegion-F, L50, F|\n|poke|p1|Pelipper, L50, M|\n|poke|p1|Archaludon, L50, M|\n|poke|p1|Maushold-Four, L50|\n|poke|p2|Incineroar, L50, M|\n|poke|p2|Maushold, L50|\n|poke|p2|Arcanine-Hisui, L50, M|\n|poke|p2|Charizard, L50, F|\n|poke|p2|Victreebel, L50, M|\n|poke|p2|Tinkaton, L50, F|\n|teampreview|4\n|j| kiritokf13\n|\n|t:|1775931287\n|teamsize|p1|4\n|teamsize|p2|4\n|start\n|switch|p1a: Maushold|Maushold-Four, L50|100/100\n|switch|p1b: Archaludon|Archaludon, L50, M|100/100\n|switch|p2a: Charizard|Charizard, L50, F, shiny|100/100\n|switch|p2b: Victreebel|Victreebel, L50, M, shiny|100/100\n|turn|1\n|\n|t:|1775931351\n|detailschange|p2a: Charizard|Charizard-Mega-Y, L50, F, shiny\n|-mega|p2a: Charizard|Charizard|Charizardite Y\n|-weather|SunnyDay|[from] ability: Drought|[of] p2a: Charizard\n|move|p2b: Victreebel|Solar Beam||[still]\n|-prepare|p2b: Victreebel|Solar Beam\n|-anim|p2b: Victreebel|Solar Beam|p1a: Maushold\n|-crit|p1a: Maushold\n|-damage|p1a: Maushold|0 fnt\n|faint|p1a: Maushold\n|move|p2a: Charizard|Heat Wave|p1b: Archaludon\n|-damage|p1b: Archaludon|18/100\n|-ability|p1b: Archaludon|Stamina|boost\n|-boost|p1b: Archaludon|def|1\n|move|p1b: Archaludon|Snarl|p2a: Charizard|[spread] p2a,p2b\n|-damage|p2a: Charizard|88/100\n|-damage|p2b: Victreebel|82/100\n|-unboost|p2a: Charizard|spa|1\n|-unboost|p2b: Victreebel|spa|1\n|\n|-weather|SunnyDay|[upkeep]\n|upkeep\n|\n|t:|1775931371\n|switch|p1a: Pelipper|Pelipper, L50, M, shiny|100/100\n|-weather|RainDance|[from] ability: Drizzle|[of] p1a: Pelipper\n|turn|2\n|\n|t:|1775931403\n|switch|p2a: Incineroar|Incineroar, L50, M, shiny|100/100\n|-ability|p2a: Incineroar|Intimidate|boost\n|-unboost|p1a: Pelipper|atk|1\n|-unboost|p1b: Archaludon|atk|1\n|-enditem|p1b: Archaludon|White Herb\n|-clearnegativeboost|p1b: Archaludon|[silent]\n|move|p1a: Pelipper|U-turn|p2b: Victreebel\n|-damage|p2b: Victreebel|74/100\n|\n|t:|1775931411\n|switch|p1a: Basculegion|Basculegion-F, L50, F|100/100|[from] U-turn\n|move|p1b: Archaludon|Electro Shot||[still]\n|-prepare|p1b: Archaludon|Electro Shot\n|-boost|p1b: Archaludon|spa|1\n|-anim|p1b: Archaludon|Electro Shot|p2a: Incineroar\n|-damage|p2a: Incineroar|36/100\n|move|p2b: Victreebel|Strength Sap|p1a: Basculegion\n|-unboost|p1a: Basculegion|atk|1\n|-heal|p2b: Victreebel|100/100\n|\n|-weather|RainDance|[upkeep]\n|upkeep\n|turn|3\n|\n|t:|1775931441\n|move|p1a: Basculegion|Surf|p2b: Victreebel|[spread] p1b,p2a,p2b\n|-resisted|p1b: Archaludon|1\n|-supereffective|p2a: Incineroar|1\n|-resisted|p2b: Victreebel|1\n|-damage|p1b: Archaludon|0 fnt\n|-damage|p2a: Incineroar|0 fnt\n|-damage|p2b: Victreebel|74/100\n|faint|p1b: Archaludon\n|faint|p2a: Incineroar\n|move|p2b: Victreebel|Sunny Day|p2b: Victreebel\n|-weather|SunnyDay\n|\n|-weather|SunnyDay|[upkeep]\n|upkeep\n|\n|t:|1775931450\n|switch|p1b: Pelipper|Pelipper, L50, M, shiny|100/100\n|switch|p2a: Maushold|Maushold, L50|100/100\n|-weather|RainDance|[from] ability: Drizzle|[of] p1b: Pelipper\n|turn|4\n|\n|t:|1775931493\n|move|p1a: Basculegion|Ice Beam|p2b: Victreebel\n|-supereffective|p2b: Victreebel|1\n|-damage|p2b: Victreebel|8/100\n|move|p2a: Maushold|Bullet Seed|p1a: Basculegion\n|-supereffective|p1a: Basculegion|1\n|-damage|p1a: Basculegion|83/100\n|-supereffective|p1a: Basculegion|1\n|-damage|p1a: Basculegion|64/100\n|-supereffective|p1a: Basculegion|1\n|-damage|p1a: Basculegion|44/100\n|-hitcount|p1a: Basculegion|3\n|move|p1b: Pelipper|Tailwind|p1b: Pelipper\n|-sidestart|p1: Greningram|move: Tailwind\n|move|p2b: Victreebel|Sludge Wave|p1b: Pelipper|[spread] p2a,p1a,p1b\n|-resisted|p1a: Basculegion|1\n|-damage|p2a: Maushold|75/100\n|-damage|p1a: Basculegion|33/100\n|-damage|p1b: Pelipper|60/100\n|\n|-weather|RainDance|[upkeep]\n|-heal|p1a: Basculegion|39/100|[from] item: Leftovers\n|upkeep\n|turn|5\n|\n|t:|1775931517\n|move|p1a: Basculegion|Icy Wind|p2a: Maushold|[spread] p2a,p2b\n|-supereffective|p2b: Victreebel|1\n|-damage|p2a: Maushold|60/100\n|-damage|p2b: Victreebel|0 fnt\n|-unboost|p2a: Maushold|spe|1\n|faint|p2b: Victreebel\n|move|p1b: Pelipper|Weather Ball|p2a: Maushold\n|-damage|p2a: Maushold|0 fnt\n|faint|p2a: Maushold\n|\n|-weather|RainDance|[upkeep]\n|-heal|p1a: Basculegion|45/100|[from] item: Leftovers\n|upkeep\n|\n|t:|1775931553\n|switch|p2a: Charizard|Charizard-Mega-Y, L50, F, shiny|88/100\n|-weather|SunnyDay|[from] ability: Drought|[of] p2a: Charizard\n|turn|6\n|\n|t:|1775931582\n|move|p1b: Pelipper|Weather Ball|p2a: Charizard\n|-resisted|p2a: Charizard|1\n|-damage|p2a: Charizard|68/100\n|move|p1a: Basculegion|Surf|p2a: Charizard|[spread] p1b,p2a\n|-resisted|p1b: Pelipper|1\n|-supereffective|p2a: Charizard|1\n|-damage|p1b: Pelipper|46/100\n|-damage|p2a: Charizard|41/100\n|move|p2a: Charizard|Solar Beam||[still]\n|-prepare|p2a: Charizard|Solar Beam\n|-anim|p2a: Charizard|Solar Beam|p1a: Basculegion\n|-supereffective|p1a: Basculegion|1\n|-damage|p1a: Basculegion|0 fnt\n|faint|p1a: Basculegion\n|\n|-weather|SunnyDay|[upkeep]\n|upkeep\n|turn|7\n|\n|t:|1775931596\n|move|p1b: Pelipper|Hurricane|p2a: Charizard\n|-damage|p2a: Charizard|0 fnt\n|faint|p2a: Charizard\n|\n|win|Greningram\n",
  "uploadtime": 1775931604,
  "views": 12,
  "formatid": "gen9championsvgc2026regma",
  "rating": null,
  "private": 0,
  "password": null
}