{
  "id": "gen9championsvgc2026regma-2588050816",
  "format": "[Gen 9 Champions] VGC 2026 Reg M-A",
  "players": [
    "abednoob1",
    "OpenTeamPlz"
  ],
  "log": "|j|\u2606abednoob1\n|j|\u2606OpenTeamPlz\n|t:|1776598215\n|gametype|doubles\n|player|p1|abednoob1|102|1275\n|player|p2|OpenTeamPlz|170|1176\n|gen|9\n|tier|[Gen 9 Champions] VGC 2026 Reg M-A\n|rated|\n|rule|Species Clause: Limit one of each Pok\u00e9mon\n|rule|Item Clause: Limit 1 of each item\n|clearpoke\n|poke|p1|Heliolisk, L50, F, shiny|\n|poke|p1|Golurk, L50, shiny|\n|poke|p1|Incineroar, L50, M, shiny|\n|poke|p1|Decidueye-Hisui, L50, M|\n|poke|p1|Maushold, L50|\n|poke|p1|Gallade, L50, M|\n|poke|p2|Maushold-Four, L50|\n|poke|p2|Gengar, L50, M|\n|poke|p2|Politoed, L50, F|\n|poke|p2|Basculegion, L50, M|\n|poke|p2|Aggron, L50, M|\n|poke|p2|Incineroar, L50, M|\n|teampreview|4\n|inactive|Battle timer is ON: inactive players will automatically lose when time's up. (requested by OpenTeamPlz)\nabednoob1 rejected open team sheets.\n|inactive|abednoob1 has 60 seconds left.\n|\n|t:|1776598262\n|teamsize|p1|4\n|teamsize|p2|4\n|start\n|switch|p1a: Heliolisk|Heliolisk, L50, F, shiny|100/100\n|switch|p1b: Golurk|Golurk, L50, shiny|100/100\n|switch|p2a: King's Rock|Maushold-Four, L50|100/100\n|switch|p2b: Aggronite|Aggron, L50, M|100/100\n|turn|1\n|\n|t:|1776598274\n|detailschange|p1b: Golurk|Golurk-Mega, L50, shiny\n|-mega|p1b: Golurk|Golurk|Golurkite\n|move|p2a: King's Rock|Protect|p2a: King's Rock\n|-singleturn|p2a: King's Rock|Protect\n|move|p2b: Aggronite|Protect|p2b: Aggronite\n|-singleturn|p2b: Aggronite|Protect\n|move|p1a: Heliolisk|Electroweb|p2b: Aggronite|[spread] \n|-activate|p2a: King's Rock|move: Protect\n|-activate|p2b: Aggronite|move: Protect\n|move|p1b: Golurk|Headlong Rush|p2b: Aggronite\n|-supereffective|p2b: Aggronite|2\n|-ability|p1b: Golurk|Unseen Fist\n|-zbroken|p2b: Aggronite\n|-damage|p2b: Aggronite|64/100\n|-unboost|p1b: Golurk|def|1\n|-unboost|p1b: Golurk|spd|1\n|\n|upkeep\n|turn|2\n|\n|t:|1776598285\n|detailschange|p2b: Aggronite|Aggron-Mega, L50, M\n|-mega|p2b: Aggronite|Aggron|Aggronite\n|move|p2a: King's Rock|Follow Me|p2a: King's Rock\n|-singleturn|p2a: King's Rock|move: Follow Me\n|move|p1a: Heliolisk|Electroweb|p2b: Aggronite|[spread] p2a,p2b\n|-damage|p2a: King's Rock|77/100\n|-damage|p2b: Aggronite|52/100\n|-unboost|p2a: King's Rock|spe|1\n|-unboost|p2b: Aggronite|spe|1\n|move|p1b: Golurk|Headlong Rush|p2a: King's Rock\n|-damage|p2a: King's Rock|0 fnt\n|-unboost|p1b: Golurk|def|1\n|-unboost|p1b: Golurk|spd|1\n|faint|p2a: King's Rock\n|move|p2b: Aggronite|Iron Defense|p2b: Aggronite\n|-boost|p2b: Aggronite|def|2\n|\n|upkeep\n|\n|t:|1776598291\n|switch|p2a: Bright Powder|Politoed, L50, F|100/100\n|-weather|RainDance|[from] ability: Drizzle|[of] p2a: Bright Powder\n|turn|3\n|\n|t:|1776598303\n|move|p1a: Heliolisk|Ally Switch|p1a: Heliolisk\n|swap|p1a: Heliolisk|1|[from] move: Ally Switch\n|move|p1a: Golurk|Headlong Rush|p2b: Aggronite\n|-supereffective|p2b: Aggronite|1\n|-damage|p2b: Aggronite|21/100\n|-unboost|p1a: Golurk|def|1\n|-unboost|p1a: Golurk|spd|1\n|move|p2a: Bright Powder|Muddy Water|p1b: Heliolisk|[spread] p1a\n|-immune|p1b: Heliolisk|[from] ability: Dry Skin\n|-supereffective|p1a: Golurk|1\n|-damage|p1a: Golurk|0 fnt\n|faint|p1a: Golurk\n|move|p2b: Aggronite|Heavy Slam|p1b: Heliolisk\n|-resisted|p1b: Heliolisk|1\n|-damage|p1b: Heliolisk|41/100\n|\n|-weather|RainDance|[upkeep]\n|-heal|p1b: Heliolisk|53/100|[from] ability: Dry Skin\n|upkeep\n|\n|t:|1776598318\n|switch|p1a: Gallade|Gallade, L50, M|100/100\n|turn|4\n|c|\u2606OpenTeamPlz|misclick\n|\n|t:|1776598331\n|move|p1b: Heliolisk|Electroweb|p2b: Aggronite|[spread] p2a,p2b\n|-supereffective|p2a: Bright Powder|1\n|-damage|p2a: Bright Powder|70/100\n|-damage|p2b: Aggronite|6/100\n|-unboost|p2a: Bright Powder|spe|1\n|-unboost|p2b: Aggronite|spe|1\n|move|p1a: Gallade|Sacred Sword|p2b: Aggronite\n|-supereffective|p2b: Aggronite|1\n|-damage|p2b: Aggronite|0 fnt\n|faint|p2b: Aggronite\n|move|p2a: Bright Powder|Muddy Water|p1b: Heliolisk|[spread] p1a\n|-heal|p1b: Heliolisk|78/100|[from] ability: Dry Skin|[of] p2a: Bright Powder\n|-damage|p1a: Gallade|71/100\n|\n|-weather|RainDance|[upkeep]\n|-heal|p1b: Heliolisk|90/100|[from] ability: Dry Skin\n|upkeep\n|\n|t:|1776598338\n|switch|p2b: Sitrus Berry|Basculegion, L50, M|100/100\n|turn|5\n|\n|t:|1776598358\n|move|p2a: Bright Powder|Protect|p2a: Bright Powder\n|-singleturn|p2a: Bright Powder|Protect\n|move|p1b: Heliolisk|Ally Switch|p1b: Heliolisk\n|swap|p1b: Heliolisk|0|[from] move: Ally Switch\n|move|p2b: Sitrus Berry|Last Respects|p1b: Gallade\n|-supereffective|p1b: Gallade|1\n|-damage|p1b: Gallade|0 fnt\n|faint|p1b: Gallade\n|\n|-weather|RainDance|[upkeep]\n|-heal|p1a: Heliolisk|100/100|[from] ability: Dry Skin\n|upkeep\n|\n|t:|1776598366\n|switch|p1b: Maushold|Maushold, L50|100/100\n|turn|6\n|\n|t:|1776598373\n|move|p1b: Maushold|Follow Me|p1b: Maushold\n|-singleturn|p1b: Maushold|move: Follow Me\n|move|p2b: Sitrus Berry|Liquidation|p1b: Maushold\n|-crit|p1b: Maushold\n|-damage|p1b: Maushold|0 fnt\n|faint|p1b: Maushold\n|move|p1a: Heliolisk|Electroweb|p2b: Sitrus Berry|[spread] p2a,p2b\n|-supereffective|p2a: Bright Powder|1\n|-supereffective|p2b: Sitrus Berry|1\n|-damage|p2a: Bright Powder|39/100\n|-damage|p2b: Sitrus Berry|60/100\n|-unboost|p2a: Bright Powder|spe|1\n|-unboost|p2b: Sitrus Berry|spe|1\n|move|p2a: Bright Powder|Perish Song|p2a: Bright Powder\n|-start|p1a: Heliolisk|perish3|[silent]\n|-start|p2a: Bright Powder|perish3|[silent]\n|-start|p2b: Sitrus Berry|perish3|[silent]\n|-fieldactivate|move: Perish Song\n|\n|-weather|RainDance|[upkeep]\n|-start|p1a: Heliolisk|perish3\n|-start|p2b: Sitrus Berry|perish3\n|-start|p2a: Bright Powder|perish3\n|upkeep\n|turn|7\n|\n|t:|1776598387\n|move|p2b: Sitrus Berry|Protect|p2b: Sitrus Berry\n|-singleturn|p2b: Sitrus Berry|Protect\n|move|p2a: Bright Powder|Protect|p2a: Bright Powder\n|-singleturn|p2a: Bright Powder|Protect\n|move|p1a: Heliolisk|Electroweb|p2a: Bright Powder|[spread] \n|-activate|p2a: Bright Powder|move: Protect\n|-activate|p2b: Sitrus Berry|move: Protect\n|\n|-weather|none\n|-start|p1a: Heliolisk|perish2\n|-start|p2b: Sitrus Berry|perish2\n|-start|p2a: Bright Powder|perish2\n|upkeep\n|turn|8\n|\n|t:|1776598396\n|move|p2a: Bright Powder|Helping Hand|p2b: Sitrus Berry\n|-singleturn|p2b: Sitrus Berry|Helping Hand|[of] p2a: Bright Powder\n|move|p1a: Heliolisk|Electroweb|p2b: Sitrus Berry|[spread] p2b\n|-miss|p1a: Heliolisk|p2a: Bright Powder\n|-supereffective|p2b: Sitrus Berry|1\n|-damage|p2b: Sitrus Berry|21/100\n|-unboost|p2b: Sitrus Berry|spe|1\n|-enditem|p2b: Sitrus Berry|Sitrus Berry|[eat]\n|-heal|p2b: Sitrus Berry|46/100|[from] item: Sitrus Berry\n|move|p2b: Sitrus Berry|Last Respects|p1a: Heliolisk\n|-immune|p1a: Heliolisk\n|\n|-start|p1a: Heliolisk|perish1\n|-start|p2b: Sitrus Berry|perish1\n|-start|p2a: Bright Powder|perish1\n|upkeep\n|turn|9\n|\n|t:|1776598405\n|move|p2b: Sitrus Berry|Protect|p2b: Sitrus Berry\n|-singleturn|p2b: Sitrus Berry|Protect\n|move|p2a: Bright Powder|Protect|p2a: Bright Powder\n|-singleturn|p2a: Bright Powder|Protect\n|move|p1a: Heliolisk|Electroweb|p2a: Bright Powder|[spread] \n|-activate|p2a: Bright Powder|move: Protect\n|-activate|p2b: Sitrus Berry|move: Protect\n|\n|-start|p1a: Heliolisk|perish0\n|-start|p2b: Sitrus Berry|perish0\n|-start|p2a: Bright Powder|perish0\n|faint|p1a: Heliolisk\n|faint|p2b: Sitrus Berry\n|faint|p2a: Bright Powder\n|\n|win|OpenTeamPlz\n|raw|abednoob1's rating: 1275 &rarr; <strong>1243</strong><br />(-32 for losing)\n|raw|OpenTeamPlz's rating: 1176 &rarr; <strong>1208</strong><br />(+32 for winning)\n|l|\u2606abednoob1\n|player|p1|\n",
  "uploadtime": 1776598410,
  "views": 11,
  "formatid": "gen9championsvgc2026regma",
  "rating": 1208,
  "private": 0,
  "password": null
}