{
  "id": "gen9championsvgc2026regma-2588786833",
  "format": "[Gen 9 Champions] VGC 2026 Reg M-A",
  "players": [
    "pinstress",
    "lillebmand"
  ],
  "log": "|j|\u2606pinstress\n|j|\u2606lillebmand\n|t:|1776670705\n|gametype|doubles\n|player|p1|pinstress|psychicf-gen4|1203\n|player|p2|lillebmand|burglar|1113\n|gen|9\n|tier|[Gen 9 Champions] VGC 2026 Reg M-A\n|rated|\n|rule|Species Clause: Limit one of each Pok\u00e9mon\n|rule|Item Clause: Limit 1 of each item\n|clearpoke\n|poke|p1|Floette-Eternal, L50, F|\n|poke|p1|Incineroar, L50, F|\n|poke|p1|Sinistcha-Masterpiece, L50|\n|poke|p1|Sneasler, L50, M|\n|poke|p1|Kingambit, L50, M|\n|poke|p1|Aerodactyl, L50, M|\n|poke|p2|Chandelure, L50, F|\n|poke|p2|Drampa, L50, F|\n|poke|p2|Crabominable, L50, F|\n|poke|p2|Farigiraf, L50, F|\n|poke|p2|Scizor, L50, M|\n|poke|p2|Incineroar, L50, F|\n|teampreview|4\n|j| Oathkewpwr\n|\n|t:|1776670742\n|teamsize|p1|4\n|teamsize|p2|4\n|start\n|switch|p1a: Aerodactyl|Aerodactyl, L50, M|100/100\n|switch|p1b: Incineroar|Incineroar, L50, F|100/100\n|switch|p2a: Incineroar|Incineroar, L50, F|100/100\n|switch|p2b: Crabominable|Crabominable, L50, F|100/100\n|-ability|p1a: Aerodactyl|Unnerve\n|-ability|p2a: Incineroar|Intimidate|boost\n|-unboost|p1a: Aerodactyl|atk|1\n|-unboost|p1b: Incineroar|atk|1\n|-ability|p1b: Incineroar|Intimidate|boost\n|-unboost|p2a: Incineroar|atk|1\n|-fail|p2b: Crabominable|unboost|Attack|[from] ability: Hyper Cutter|[of] p2b: Crabominable\n|turn|1\n|\n|t:|1776670772\n|move|p1a: Aerodactyl|Protect|p1a: Aerodactyl\n|-singleturn|p1a: Aerodactyl|Protect\n|move|p2b: Crabominable|Protect|p2b: Crabominable\n|-singleturn|p2b: Crabominable|Protect\n|move|p2a: Incineroar|Fake Out|p1a: Aerodactyl\n|-activate|p1a: Aerodactyl|move: Protect\n|move|p1b: Incineroar|Parting Shot|p2a: Incineroar\n|-unboost|p2a: Incineroar|atk|1\n|-unboost|p2a: Incineroar|spa|1\n|\n|t:|1776670787\n|switch|p1b: Kingambit|Kingambit, L50, M|100/100|[from] Parting Shot\n|\n|upkeep\n|turn|2\n|\n|t:|1776670803\n|switch|p2a: Farigiraf|Farigiraf, L50, F|100/100\n|detailschange|p2b: Crabominable|Crabominable-Mega, L50, F\n|-mega|p2b: Crabominable|Crabominable|Crabominite\n|move|p1a: Aerodactyl|Dual Wingbeat|p2b: Crabominable\n|-supereffective|p2b: Crabominable|1\n|-crit|p2b: Crabominable\n|-damage|p2b: Crabominable|62/100\n|-supereffective|p2b: Crabominable|1\n|-damage|p2b: Crabominable|45/100\n|-hitcount|p2b: Crabominable|2\n|move|p1b: Kingambit|Iron Head|p2b: Crabominable\n|-supereffective|p2b: Crabominable|1\n|-damage|p2b: Crabominable|0 fnt\n|faint|p2b: Crabominable\n|\n|upkeep\n|\n|t:|1776670817\n|switch|p2b: Scizor|Scizor, L50, M|100/100\n|turn|3\n|\n|t:|1776670829\n|move|p2b: Scizor|Bullet Punch|p1a: Aerodactyl\n|-supereffective|p1a: Aerodactyl|1\n|-enditem|p1a: Aerodactyl|Focus Sash\n|-damage|p1a: Aerodactyl|1/100\n|move|p1a: Aerodactyl|Rock Slide|p2a: Farigiraf|[spread] p2a,p2b\n|-damage|p2a: Farigiraf|85/100\n|-damage|p2b: Scizor|85/100\n|move|p1b: Kingambit|Kowtow Cleave|p2a: Farigiraf\n|-supereffective|p2a: Farigiraf|1\n|-damage|p2a: Farigiraf|0 fnt\n|faint|p2a: Farigiraf\n|\n|upkeep\n|\n|t:|1776670841\n|switch|p2a: Incineroar|Incineroar, L50, F|100/100\n|-ability|p2a: Incineroar|Intimidate|boost\n|-unboost|p1a: Aerodactyl|atk|1\n|-unboost|p1b: Kingambit|atk|1\n|-ability|p1b: Kingambit|Defiant|boost\n|-boost|p1b: Kingambit|atk|2\n|turn|4\n|\n|t:|1776670849\n|move|p1a: Aerodactyl|Protect|p1a: Aerodactyl\n|-singleturn|p1a: Aerodactyl|Protect\n|move|p1b: Kingambit|Protect|p1b: Kingambit\n|-singleturn|p1b: Kingambit|Protect\n|move|p2a: Incineroar|Fake Out|p1b: Kingambit\n|-activate|p1b: Kingambit|move: Protect\n|move|p2b: Scizor|Bullet Punch|p1a: Aerodactyl\n|-activate|p1a: Aerodactyl|move: Protect\n|\n|upkeep\n|turn|5\n|\n|t:|1776670868\n|switch|p1a: Incineroar|Incineroar, L50, F|100/100\n|-ability|p1a: Incineroar|Intimidate|boost\n|-unboost|p2a: Incineroar|atk|1\n|-unboost|p2b: Scizor|atk|1\n|move|p2b: Scizor|Bullet Punch|p1a: Incineroar\n|-resisted|p1a: Incineroar|1\n|-damage|p1a: Incineroar|90/100\n|move|p1b: Kingambit|Kowtow Cleave|p2b: Scizor\n|-damage|p2b: Scizor|0 fnt\n|faint|p2b: Scizor\n|move|p2a: Incineroar|Flare Blitz|p1b: Kingambit\n|-supereffective|p1b: Kingambit|1\n|-damage|p1b: Kingambit|46/100\n|-damage|p2a: Incineroar|84/100|[from] Recoil\n|\n|upkeep\n|turn|6\n|-message|lillebmand forfeited.\n|\n|win|pinstress\n|raw|pinstress's rating: 1203 &rarr; <strong>1222</strong><br />(+19 for winning)\n|raw|lillebmand's rating: 1113 &rarr; <strong>1094</strong><br />(-19 for losing)\n|l|\u2606lillebmand\n|player|p2|\n",
  "uploadtime": 1776670890,
  "views": 10,
  "formatid": "gen9championsvgc2026regma",
  "rating": 1094,
  "private": 0,
  "password": null
}