{
  "id": "gen9championsvgc2026regma-2585015729",
  "format": "[Gen 9 Champions] VGC 2026 Reg M-A",
  "players": [
    "Tempest Flute",
    "series team"
  ],
  "log": "|j|\u2606Tempest Flute\n|j|\u2606series team\n|t:|1776303563\n|gametype|doubles\n|player|p1|Tempest Flute|youngster-gen1rb|1415\n|player|p2|series team|266|1526\n|gen|9\n|tier|[Gen 9 Champions] VGC 2026 Reg M-A\n|rated|\n|rule|Species Clause: Limit one of each Pok\u00e9mon\n|rule|Item Clause: Limit 1 of each item\n|clearpoke\n|poke|p1|Corviknight, L50, F|\n|poke|p1|Tyranitar, L50, M|\n|poke|p1|Garchomp, L50, M|\n|poke|p1|Sinistcha, L50|\n|poke|p1|Basculegion, L50, M|\n|poke|p1|Glimmora, L50, F|\n|poke|p2|Clefable, L50, F|\n|poke|p2|Garchomp, L50, F|\n|poke|p2|Incineroar, L50, M|\n|poke|p2|Rotom-Wash, L50|\n|poke|p2|Basculegion-F, L50, F|\n|poke|p2|Ninetales-Alola, L50, F|\n|teampreview|4\n|inactive|Battle timer is ON: inactive players will automatically lose when time's up. (requested by Tempest Flute)\n|j| couscouspoisson\n|inactive|Tempest Flute has 60 seconds left.\n|j| r4gn4r96\n|\n|t:|1776303607\n|teamsize|p1|4\n|teamsize|p2|4\n|start\n|switch|p1a: Corviknight|Corviknight, L50, F|100/100\n|switch|p1b: Glimmora|Glimmora, L50, F|100/100\n|switch|p2a: Garchomp|Garchomp, L50, F|100/100\n|switch|p2b: Rotom|Rotom-Wash, L50|100/100\n|turn|1\n|\n|t:|1776303619\n|switch|p1b: Basculegion|Basculegion, L50, M|100/100\n|move|p2a: Garchomp|Swords Dance|p2a: Garchomp\n|-boost|p2a: Garchomp|atk|2\n|move|p2b: Rotom|Nasty Plot|p2b: Rotom\n|-boost|p2b: Rotom|spa|2\n|move|p1a: Corviknight|Tailwind|p1a: Corviknight\n|-sidestart|p1: Tempest Flute|move: Tailwind\n|\n|upkeep\n|turn|2\n|\n|t:|1776303641\n|move|p1b: Basculegion|Flip Turn|p2a: Garchomp\n|-damage|p2a: Garchomp|62/100\n|-damage|p1b: Basculegion|88/100|[from] ability: Rough Skin|[of] p2a: Garchomp\n|\n|t:|1776303646\n|switch|p1b: Sinistcha|Sinistcha, L50|100/100|[from] Flip Turn\n|move|p1a: Corviknight|Brave Bird|p2a: Garchomp\n|-damage|p2a: Garchomp|17/100\n|-damage|p1a: Corviknight|88/100|[from] ability: Rough Skin|[of] p2a: Garchomp\n|-damage|p1a: Corviknight|74/100|[from] Recoil\n|move|p2a: Garchomp|Earthquake|p1b: Sinistcha|[spread] p1b\n|-immune|p2b: Rotom|[from] ability: Levitate\n|-immune|p1a: Corviknight\n|-resisted|p1b: Sinistcha|1\n|-damage|p1b: Sinistcha|68/100\n|move|p2b: Rotom|Thunderbolt|p1b: Sinistcha\n|-resisted|p1b: Sinistcha|1\n|-damage|p1b: Sinistcha|23/100\n|-enditem|p1b: Sinistcha|Sitrus Berry|[eat]\n|-heal|p1b: Sinistcha|48/100|[from] item: Sitrus Berry\n|\n|-heal|p1a: Corviknight|80/100|[from] item: Leftovers\n|upkeep\n|turn|3\n|inactive|series team has 30 seconds left.\n|\n|t:|1776303672\n|move|p2a: Garchomp|Protect|p2a: Garchomp\n|-singleturn|p2a: Garchomp|Protect\n|move|p1a: Corviknight|Body Press|p2b: Rotom\n|-damage|p2b: Rotom|78/100\n|move|p1b: Sinistcha|Matcha Gotcha|p2a: Garchomp|[spread] p2b\n|-activate|p2a: Garchomp|move: Protect\n|-supereffective|p2b: Rotom|1\n|-damage|p2b: Rotom|25/100\n|-heal|p1b: Sinistcha|72/100|[from] drain|[of] p2b: Rotom\n|-enditem|p2b: Rotom|Sitrus Berry|[eat]\n|-heal|p2b: Rotom|50/100|[from] item: Sitrus Berry\n|move|p2b: Rotom|Hydro Pump|p1b: Sinistcha\n|-resisted|p1b: Sinistcha|1\n|-damage|p1b: Sinistcha|13/100\n|\n|-heal|p1a: Corviknight|86/100|[from] item: Leftovers\n|upkeep\n|turn|4\n|j| Leleholic\n|inactive|Tempest Flute has 30 seconds left.\n|inactive|Tempest Flute has 20 seconds left.\n|inactive|Tempest Flute has 15 seconds left.\n|inactive|Tempest Flute has 10 seconds left.\n|inactive|Tempest Flute has 5 seconds left.\n|\n|t:|1776303726\n|move|p2b: Rotom|Protect|p2b: Rotom\n|-singleturn|p2b: Rotom|Protect\n|move|p1a: Corviknight|Brave Bird|p2a: Garchomp\n|-damage|p2a: Garchomp|0 fnt\n|-damage|p1a: Corviknight|74/100|[from] ability: Rough Skin|[of] p2a: Garchomp\n|faint|p2a: Garchomp\n|-damage|p1a: Corviknight|69/100|[from] Recoil\n|move|p1b: Sinistcha|Matcha Gotcha|p2b: Rotom\n|-activate|p2b: Rotom|move: Protect\n|\n|-heal|p1a: Corviknight|75/100|[from] item: Leftovers\n|-sideend|p1: Tempest Flute|move: Tailwind\n|upkeep\n|\n|t:|1776303733\n|switch|p2a: Clefable|Clefable, L50, F|100/100\n|turn|5\n|inactive|series team has 30 seconds left.\n|\n|t:|1776303761\n|detailschange|p2a: Clefable|Clefable-Mega, L50, F\n|-mega|p2a: Clefable|Clefable|Clefablite\n|move|p1b: Sinistcha|Rage Powder|p1b: Sinistcha\n|-singleturn|p1b: Sinistcha|move: Rage Powder\n|move|p2b: Rotom|Thunderbolt|p1b: Sinistcha\n|-resisted|p1b: Sinistcha|1\n|-damage|p1b: Sinistcha|0 fnt\n|faint|p1b: Sinistcha\n|move|p1a: Corviknight|Tailwind|p1a: Corviknight\n|-sidestart|p1: Tempest Flute|move: Tailwind\n|move|p2a: Clefable|Encore|p1a: Corviknight\n|-start|p1a: Corviknight|Encore\n|\n|-heal|p1a: Corviknight|81/100|[from] item: Leftovers\n|upkeep\n|\n|t:|1776303772\n|switch|p1b: Glimmora|Glimmora, L50, F|100/100\n|turn|6\n|\n|t:|1776303780\n|detailschange|p1b: Glimmora|Glimmora-Mega, L50, F\n|-mega|p1b: Glimmora|Glimmora|Glimmoranite\n|move|p2a: Clefable|Follow Me|p2a: Clefable\n|-singleturn|p2a: Clefable|move: Follow Me\n|move|p1b: Glimmora|Sludge Wave|p2b: Rotom|[spread] p2a,p2b\n|-immune|p1a: Corviknight\n|-supereffective|p2a: Clefable|1\n|-damage|p2a: Clefable|13/100\n|-damage|p2b: Rotom|0 fnt\n|faint|p2b: Rotom\n|move|p1a: Corviknight|Tailwind||[still]\n|-fail|p1a: Corviknight\n|\n|-heal|p1a: Corviknight|87/100|[from] item: Leftovers\n|upkeep\n|-message|series team forfeited.\n|\n|win|Tempest Flute\n|raw|Tempest Flute's rating: 1415 &rarr; <strong>1441</strong><br />(+26 for winning)\n|raw|series team's rating: 1526 &rarr; <strong>1500</strong><br />(-26 for losing)\n|l|\u2606series team\n|player|p2|\n|c|\u2606Tempest Flute|lol\n",
  "uploadtime": 1776303794,
  "views": 38,
  "formatid": "gen9championsvgc2026regma",
  "rating": 1441,
  "private": 0,
  "password": null
}