{
  "id": "gen9championsvgc2026regma-2582622716",
  "format": "[Gen 9 Champions] VGC 2026 Reg M-A",
  "players": [
    "kantinevgc",
    "zankuo"
  ],
  "log": "|j|\u2606kantinevgc\n|j|\u2606zankuo\n|t:|1776103244\n|gametype|doubles\n|player|p1|kantinevgc|roughneck-gen4|1030\n|player|p2|zankuo|cynthia|1050\n|gen|9\n|tier|[Gen 9 Champions] VGC 2026 Reg M-A\n|rated|\n|rule|Species Clause: Limit one of each Pok\u00e9mon\n|rule|Item Clause: Limit 1 of each item\n|clearpoke\n|poke|p1|Chesnaught, L50, F|\n|poke|p1|Slowking-Galar, L50, F|\n|poke|p1|Incineroar, L50, F|\n|poke|p1|Ninetales-Alola, L50, F|\n|poke|p1|Kleavor, L50, F|\n|poke|p1|Aegislash, L50, F|\n|poke|p2|Gengar, L50, M|\n|poke|p2|Incineroar, L50, F|\n|poke|p2|Excadrill, L50, F|\n|poke|p2|Tyranitar, L50, M|\n|poke|p2|Whimsicott, L50, M|\n|poke|p2|Rotom-Wash, L50|\n|teampreview|4\n|\n|t:|1776103285\n|teamsize|p1|4\n|teamsize|p2|4\n|start\n|switch|p1a: Chesnaught|Chesnaught, L50, F|100/100\n|switch|p1b: Kleavor|Kleavor, L50, F|100/100\n|switch|p2a: Incineroar|Incineroar, L50, F|100/100\n|switch|p2b: Gengar|Gengar, L50, M|100/100\n|-ability|p2a: Incineroar|Intimidate|boost\n|-unboost|p1a: Chesnaught|atk|1\n|-unboost|p1b: Kleavor|atk|1\n|turn|1\n|l|\u2606kantinevgc\n|player|p1|\n|\n|t:|1776103325\n|detailschange|p2b: Gengar|Gengar-Mega, L50, M\n|-mega|p2b: Gengar|Gengar|Gengarite\n|detailschange|p1a: Chesnaught|Chesnaught-Mega, L50, F\n|-mega|p1a: Chesnaught|Chesnaught|Chesnaughtite\n|move|p1b: Kleavor|Night Slash|p2b: Gengar\n|-supereffective|p2b: Gengar|1\n|-damage|p2b: Gengar|16/100\n|move|p2b: Gengar|Shadow Ball|p1b: Kleavor\n|-damage|p1b: Kleavor|21/100\n|move|p2a: Incineroar|Flare Blitz|p1a: Chesnaught\n|-supereffective|p1a: Chesnaught|1\n|-damage|p1a: Chesnaught|54/100\n|-damage|p2a: Incineroar|86/100|[from] Recoil\n|move|p1a: Chesnaught|Body Press|p2a: Incineroar\n|-supereffective|p2a: Incineroar|1\n|-damage|p2a: Incineroar|0 fnt\n|faint|p2a: Incineroar\n|\n|upkeep\n|j|\u2606kantinevgc\n|player|p1|kantinevgc|roughneck-gen4|\n|l|\u2606kantinevgc\n|player|p1|\n|\n|t:|1776103348\n|switch|p2a: Excadrill|Excadrill, L50, F|100/100\n|turn|2\n|j|\u2606kantinevgc\n|player|p1|kantinevgc|roughneck-gen4|\n|l|\u2606kantinevgc\n|player|p1|\n|j|\u2606kantinevgc\n|player|p1|kantinevgc|roughneck-gen4|\n|\n|t:|1776103367\n|move|p1b: Kleavor|Night Slash|p2b: Gengar\n|-supereffective|p2b: Gengar|1\n|-damage|p2b: Gengar|0 fnt\n|faint|p2b: Gengar\n|move|p2a: Excadrill|Swords Dance|p2a: Excadrill\n|-boost|p2a: Excadrill|atk|2\n|move|p1a: Chesnaught|Body Press|p2a: Excadrill\n|-supereffective|p2a: Excadrill|1\n|-enditem|p2a: Excadrill|Chople Berry|[eat]\n|-enditem|p2a: Excadrill|Chople Berry|[weaken]\n|-damage|p2a: Excadrill|29/100\n|\n|upkeep\n|\n|t:|1776103377\n|switch|p2b: Tyranitar|Tyranitar, L50, M|100/100\n|-weather|Sandstorm|[from] ability: Sand Stream|[of] p2b: Tyranitar\n|turn|3\n|\n|t:|1776103413\n|move|p2b: Tyranitar|Protect|p2b: Tyranitar\n|-singleturn|p2b: Tyranitar|Protect\n|move|p1a: Chesnaught|Spiky Shield|p1a: Chesnaught\n|-singleturn|p1a: Chesnaught|move: Protect\n|move|p2a: Excadrill|Earthquake|p1b: Kleavor|[spread] p1b\n|-activate|p2b: Tyranitar|move: Protect\n|-activate|p1a: Chesnaught|move: Protect\n|-damage|p1b: Kleavor|0 fnt\n|faint|p1b: Kleavor\n|\n|-weather|Sandstorm|[upkeep]\n|-damage|p1a: Chesnaught|48/100|[from] Sandstorm\n|upkeep\n|\n|t:|1776103422\n|switch|p1b: Aegislash|Aegislash, L50, F|100/100\n|turn|4\n|\n|t:|1776103445\n|switch|p1a: Slowking|Slowking-Galar, L50, F|100/100\n|move|p2a: Excadrill|Earthquake|p1a: Slowking|[spread] p2b,p1a,p1b\n|-supereffective|p2b: Tyranitar|1\n|-supereffective|p1a: Slowking|1\n|-supereffective|p1b: Aegislash|1\n|-damage|p2b: Tyranitar|0 fnt\n|-damage|p1a: Slowking|0 fnt\n|-damage|p1b: Aegislash|0 fnt\n|faint|p2b: Tyranitar\n|faint|p1a: Slowking\n|faint|p1b: Aegislash\n|\n|-weather|Sandstorm|[upkeep]\n|upkeep\n|\n|t:|1776103452\n|switch|p1b: Chesnaught|Chesnaught-Mega, L50, F|48/100\n|turn|5\n|\n|t:|1776103458\n|move|p2a: Excadrill|Iron Head|p1b: Chesnaught\n|-damage|p1b: Chesnaught|8/100\n|move|p1b: Chesnaught|Body Press|p2a: Excadrill\n|-supereffective|p2a: Excadrill|1\n|-damage|p2a: Excadrill|0 fnt\n|faint|p2a: Excadrill\n|\n|win|kantinevgc\n|raw|kantinevgc's rating: 1030 &rarr; <strong>1068</strong><br />(+38 for winning)\n|raw|zankuo's rating: 1050 &rarr; <strong>1031</strong><br />(-19 for losing)\n",
  "uploadtime": 1776103463,
  "views": 13,
  "formatid": "gen9championsvgc2026regma",
  "rating": 1031,
  "private": 0,
  "password": null
}