{
  "id": "gen9championsvgc2026regma-2585569669",
  "format": "[Gen 9 Champions] VGC 2026 Reg M-A",
  "players": [
    "theunknownbsyt",
    "notcheetofingers"
  ],
  "log": "|j|\u2606theunknownbsyt\n|j|\u2606notcheetofingers\n|t:|1776356155\n|gametype|doubles\n|player|p1|theunknownbsyt|170|1189\n|player|p2|notcheetofingers|pokemaniac|1230\n|gen|9\n|tier|[Gen 9 Champions] VGC 2026 Reg M-A\n|rated|\n|rule|Species Clause: Limit one of each Pok\u00e9mon\n|rule|Item Clause: Limit 1 of each item\n|clearpoke\n|poke|p1|Gengar, L50, F|\n|poke|p1|Incineroar, L50, F|\n|poke|p1|Sinistcha, L50|\n|poke|p1|Kingambit, L50, M|\n|poke|p1|Tyranitar, L50, M|\n|poke|p1|Kommo-o, L50, F|\n|poke|p2|Aggron, L50, F|\n|poke|p2|Sinistcha, L50|\n|poke|p2|Tyranitar, L50, M|\n|poke|p2|Gyarados, L50, M|\n|poke|p2|Garchomp, L50, F|\n|poke|p2|Sylveon, L50, M|\n|teampreview|4\n|inactive|Battle timer is ON: inactive players will automatically lose when time's up. (requested by theunknownbsyt)\nnotcheetofingers has agreed to open team sheets.\n|inactive|theunknownbsyt has 60 seconds left.\n|\n|t:|1776356190\n|teamsize|p1|4\n|teamsize|p2|4\n|start\n|switch|p1a: Incineroar|Incineroar, L50, F|100/100\n|switch|p1b: Kommo-o|Kommo-o, L50, F, shiny|100/100\n|switch|p2a: Aggron|Aggron, L50, F|100/100\n|switch|p2b: Tyranitar|Tyranitar, L50, M|100/100\n|-weather|Sandstorm|[from] ability: Sand Stream|[of] p2b: Tyranitar\n|-ability|p1a: Incineroar|Intimidate|boost\n|-unboost|p2a: Aggron|atk|1\n|-unboost|p2b: Tyranitar|atk|1\n|turn|1\n|inactive|notcheetofingers has 30 seconds left.\n|\n|t:|1776356218\n|move|p2b: Tyranitar|Protect|p2b: Tyranitar\n|-singleturn|p2b: Tyranitar|Protect\n|move|p2a: Aggron|Protect|p2a: Aggron\n|-singleturn|p2a: Aggron|Protect\n|move|p1a: Incineroar|Fake Out|p2a: Aggron\n|-activate|p2a: Aggron|move: Protect\n|move|p1b: Kommo-o|Clangorous Soul|p1b: Kommo-o\n|-boost|p1b: Kommo-o|atk|1\n|-boost|p1b: Kommo-o|def|1\n|-boost|p1b: Kommo-o|spa|1\n|-boost|p1b: Kommo-o|spd|1\n|-boost|p1b: Kommo-o|spe|1\n|-damage|p1b: Kommo-o|68/100\n|\n|-weather|Sandstorm|[upkeep]\n|-damage|p1b: Kommo-o|62/100|[from] Sandstorm\n|-damage|p1a: Incineroar|95/100|[from] Sandstorm\n|-heal|p1b: Kommo-o|68/100|[from] item: Leftovers\n|upkeep\n|turn|2\n|inactive|theunknownbsyt has 30 seconds left.\n|inactive|notcheetofingers has 30 seconds left.\n|\n|t:|1776356247\n|switch|p2b: Sinistcha|Sinistcha, L50|100/100\n|switch|p2a: Sylveon|Sylveon, L50, M|100/100\n|move|p1b: Kommo-o|Clanging Scales|p2a: Sylveon|[spread] p2b\n|-immune|p2a: Sylveon\n|-damage|p2b: Sinistcha|41/100\n|-enditem|p2b: Sinistcha|Sitrus Berry|[eat]\n|-heal|p2b: Sinistcha|66/100|[from] item: Sitrus Berry\n|-unboost|p1b: Kommo-o|def|1\n|move|p1a: Incineroar|Parting Shot|p2a: Sylveon\n|-unboost|p2a: Sylveon|atk|1\n|-unboost|p2a: Sylveon|spa|1\n|\n|t:|1776356256\n|switch|p1a: Gengar|Gengar, L50, F|100/100|[from] Parting Shot\n|\n|-weather|Sandstorm|[upkeep]\n|-damage|p1b: Kommo-o|62/100|[from] Sandstorm\n|-damage|p1a: Gengar|95/100|[from] Sandstorm\n|-damage|p2b: Sinistcha|60/100|[from] Sandstorm\n|-damage|p2a: Sylveon|94/100|[from] Sandstorm\n|-heal|p1b: Kommo-o|68/100|[from] item: Leftovers\n|-heal|p2a: Sylveon|100/100|[from] item: Leftovers\n|upkeep\n|turn|3\n|inactive|notcheetofingers has 30 seconds left.\n|inactive|notcheetofingers has 20 seconds left.\n|inactive|notcheetofingers has 15 seconds left.\n|\n|t:|1776356297\n|switch|p2b: Tyranitar|Tyranitar, L50, M|100/100\n|detailschange|p1a: Gengar|Gengar-Mega, L50, F\n|-mega|p1a: Gengar|Gengar|Gengarite\n|move|p1b: Kommo-o|Protect|p1b: Kommo-o\n|-singleturn|p1b: Kommo-o|Protect\n|move|p2a: Sylveon|Detect|p2a: Sylveon\n|-singleturn|p2a: Sylveon|Protect\n|move|p1a: Gengar|Sludge Wave|p2b: Tyranitar|[spread] p2b\n|-activate|p1b: Kommo-o|move: Protect\n|-activate|p2a: Sylveon|move: Protect\n|-resisted|p2b: Tyranitar|1\n|-damage|p2b: Tyranitar|91/100\n|\n|-weather|Sandstorm|[upkeep]\n|-damage|p1b: Kommo-o|62/100|[from] Sandstorm\n|-damage|p1a: Gengar|89/100|[from] Sandstorm\n|-damage|p2a: Sylveon|94/100|[from] Sandstorm\n|-heal|p1b: Kommo-o|68/100|[from] item: Leftovers\n|-heal|p2a: Sylveon|100/100|[from] item: Leftovers\n|upkeep\n|turn|4\n|inactive|theunknownbsyt has 30 seconds left.\n|inactive|notcheetofingers has 30 seconds left.\n|inactive|notcheetofingers has 20 seconds left.\n|inactive|notcheetofingers has 15 seconds left.\n|inactive|notcheetofingers has 10 seconds left.\n|\n|t:|1776356344\n|move|p2b: Tyranitar|Protect|p2b: Tyranitar\n|-singleturn|p2b: Tyranitar|Protect\n|move|p1b: Kommo-o|Aura Sphere|p2b: Tyranitar\n|-activate|p2b: Tyranitar|move: Protect\n|move|p1a: Gengar|Substitute|p1a: Gengar\n|-start|p1a: Gengar|Substitute\n|-damage|p1a: Gengar|64/100\n|move|p2a: Sylveon|Hyper Voice|p1a: Gengar|[spread] p1a\n|-immune|p1b: Kommo-o|[from] ability: Soundproof\n|-resisted|p1a: Gengar|1\n|-damage|p1a: Gengar|51/100\n|\n|-weather|Sandstorm|[upkeep]\n|-damage|p1b: Kommo-o|62/100|[from] Sandstorm\n|-damage|p1a: Gengar|45/100|[from] Sandstorm\n|-damage|p2a: Sylveon|94/100|[from] Sandstorm\n|-heal|p1b: Kommo-o|68/100|[from] item: Leftovers\n|-heal|p2a: Sylveon|100/100|[from] item: Leftovers\n|upkeep\n|turn|5\n|inactive|notcheetofingers has 30 seconds left.\n|inactive|notcheetofingers has 20 seconds left.\n|inactive|notcheetofingers has 15 seconds left.\n|inactive|notcheetofingers has 10 seconds left.\n|\n|t:|1776356393\n|move|p2b: Tyranitar|Protect||[still]\n|-fail|p2b: Tyranitar\n|move|p1b: Kommo-o|Aura Sphere|p2b: Tyranitar\n|-supereffective|p2b: Tyranitar|2\n|-enditem|p2b: Tyranitar|Chople Berry|[eat]\n|-enditem|p2b: Tyranitar|Chople Berry|[weaken]\n|-damage|p2b: Tyranitar|30/100\n|move|p1a: Gengar|Sludge Wave|p2b: Tyranitar|[spread] p1b,p2a,p2b\n|-supereffective|p2a: Sylveon|1\n|-resisted|p2b: Tyranitar|1\n|-damage|p1b: Kommo-o|39/100\n|-damage|p2a: Sylveon|48/100\n|-damage|p2b: Tyranitar|19/100\n|-status|p1b: Kommo-o|psn\n|-status|p2b: Tyranitar|psn\n|move|p2a: Sylveon|Yawn||[still]\n|-fail|p2a: Sylveon\n|\n|-weather|none\n|-heal|p1b: Kommo-o|44/100 psn|[from] item: Leftovers\n|-heal|p2a: Sylveon|55/100|[from] item: Leftovers\n|-damage|p1b: Kommo-o|32/100 psn|[from] psn\n|-damage|p2b: Tyranitar|7/100 psn|[from] psn\n|upkeep\n|turn|6\n|inactive|theunknownbsyt has 30 seconds left.\n|inactive|notcheetofingers has 30 seconds left.\n|inactive|theunknownbsyt has 20 seconds left.\n|inactive|theunknownbsyt has 15 seconds left.\n|\n|t:|1776356443\n|move|p1b: Kommo-o|Aura Sphere|p2a: Sylveon\n|-resisted|p2a: Sylveon|1\n|-damage|p2a: Sylveon|35/100\n|move|p1a: Gengar|Sludge Wave|p2b: Tyranitar|[spread] p1b,p2a,p2b\n|-supereffective|p2a: Sylveon|1\n|-resisted|p2b: Tyranitar|1\n|-damage|p1b: Kommo-o|5/100 psn\n|-damage|p2a: Sylveon|0 fnt\n|-damage|p2b: Tyranitar|0 fnt\n|faint|p2a: Sylveon\n|faint|p2b: Tyranitar\n|\n|-heal|p1b: Kommo-o|11/100 psn|[from] item: Leftovers\n|-damage|p1b: Kommo-o|0 fnt|[from] psn\n|faint|p1b: Kommo-o\n|upkeep\n|\n|t:|1776356455\n|switch|p1b: Incineroar|Incineroar, L50, F|95/100\n|switch|p2b: Aggron|Aggron, L50, F|100/100\n|switch|p2a: Sinistcha|Sinistcha, L50|60/100\n|-ability|p1b: Incineroar|Intimidate|boost\n|-unboost|p2a: Sinistcha|atk|1\n|-unboost|p2b: Aggron|atk|1\n|turn|7\n|inactive|notcheetofingers has 30 seconds left.\n|\n|t:|1776356485\n|detailschange|p2b: Aggron|Aggron-Mega, L50, F\n|-mega|p2b: Aggron|Aggron|Aggronite\n|move|p1b: Incineroar|Fake Out|p2b: Aggron\n|-resisted|p2b: Aggron|1\n|-damage|p2b: Aggron|98/100\n|move|p1a: Gengar|Perish Song|p1a: Gengar\n|-start|p1a: Gengar|perish3|[silent]\n|-start|p1b: Incineroar|perish3|[silent]\n|-start|p2a: Sinistcha|perish3|[silent]\n|-start|p2b: Aggron|perish3|[silent]\n|-fieldactivate|move: Perish Song\n|cant|p2b: Aggron|flinch\n|move|p2a: Sinistcha|Trick Room|p2a: Sinistcha\n|-fieldstart|move: Trick Room|[of] p2a: Sinistcha\n|\n|-start|p2b: Aggron|perish3\n|-start|p1b: Incineroar|perish3\n|-start|p2a: Sinistcha|perish3\n|-start|p1a: Gengar|perish3\n|upkeep\n|turn|8\n|\n|t:|1776356506\n|move|p1b: Incineroar|Protect|p1b: Incineroar\n|-singleturn|p1b: Incineroar|Protect\n|move|p1a: Gengar|Protect|p1a: Gengar\n|-singleturn|p1a: Gengar|Protect\n|move|p2b: Aggron|Body Press|p1b: Incineroar\n|-activate|p1b: Incineroar|move: Protect\n|move|p2a: Sinistcha|Matcha Gotcha|p1a: Gengar|[spread] \n|-activate|p1a: Gengar|move: Protect\n|-activate|p1b: Incineroar|move: Protect\n|\n|-start|p2b: Aggron|perish2\n|-start|p1b: Incineroar|perish2\n|-start|p2a: Sinistcha|perish2\n|-start|p1a: Gengar|perish2\n|upkeep\n|turn|9\n|inactive|theunknownbsyt has 30 seconds left.\n|inactive|theunknownbsyt has 20 seconds left.\n|inactive|theunknownbsyt has 15 seconds left.\n|\n|t:|1776356549\n|switch|p1b: Tyranitar|Tyranitar, L50, M|100/100\n|-weather|Sandstorm|[from] ability: Sand Stream|[of] p1b: Tyranitar\n|move|p2b: Aggron|Body Press|p1b: Tyranitar\n|-supereffective|p1b: Tyranitar|2\n|-damage|p1b: Tyranitar|0 fnt\n|faint|p1b: Tyranitar\n|move|p2a: Sinistcha|Matcha Gotcha|p1a: Gengar\n|-resisted|p1a: Gengar|1\n|-activate|p1a: Gengar|move: Substitute|[damage]\n|-heal|p2a: Sinistcha|69/100|[from] drain|[of] p1a: Gengar\n|move|p1a: Gengar|Sludge Wave|p2b: Aggron|[spread] p2a\n|-immune|p2b: Aggron\n|-damage|p2a: Sinistcha|32/100\n|\n|-weather|Sandstorm|[upkeep]\n|-damage|p2a: Sinistcha|25/100|[from] Sandstorm\n|-damage|p1a: Gengar|39/100|[from] Sandstorm\n|-start|p2b: Aggron|perish1\n|-start|p2a: Sinistcha|perish1\n|-start|p1a: Gengar|perish1\n|upkeep\n|\n|t:|1776356552\n|switch|p1b: Incineroar|Incineroar, L50, F|95/100\n|-ability|p1b: Incineroar|Intimidate|boost\n|-unboost|p2a: Sinistcha|atk|1\n|-unboost|p2b: Aggron|atk|1\n|turn|10\n|inactive|notcheetofingers has 30 seconds left.\n|\n|t:|1776356582\n|move|p2b: Aggron|Protect|p2b: Aggron\n|-singleturn|p2b: Aggron|Protect\n|move|p1b: Incineroar|Protect|p1b: Incineroar\n|-singleturn|p1b: Incineroar|Protect\n|move|p1a: Gengar|Protect|p1a: Gengar\n|-singleturn|p1a: Gengar|Protect\n|move|p2a: Sinistcha|Life Dew|p2a: Sinistcha|[spread] p2a,p2b\n|-heal|p2a: Sinistcha|50/100\n|-heal|p2b: Aggron|100/100\n|\n|-weather|Sandstorm|[upkeep]\n|-damage|p1b: Incineroar|89/100|[from] Sandstorm\n|-damage|p2a: Sinistcha|44/100|[from] Sandstorm\n|-damage|p1a: Gengar|33/100|[from] Sandstorm\n|-start|p2b: Aggron|perish0\n|-start|p2a: Sinistcha|perish0\n|-start|p1a: Gengar|perish0\n|faint|p2b: Aggron\n|faint|p2a: Sinistcha\n|faint|p1a: Gengar\n|\n|win|theunknownbsyt\n|raw|theunknownbsyt's rating: 1189 &rarr; <strong>1217</strong><br />(+28 for winning)\n|raw|notcheetofingers's rating: 1230 &rarr; <strong>1202</strong><br />(-28 for losing)\n|l|\u2606theunknownbsyt\n|player|p1|\n",
  "uploadtime": 1776356809,
  "views": 32,
  "formatid": "gen9championsvgc2026regma",
  "rating": 1202,
  "private": 0,
  "password": null
}