{
  "id": "gen9championsvgc2026regma-2581491983",
  "format": "[Gen 9 Champions] VGC 2026 Reg M-A",
  "players": [
    "SimMikaze",
    "lucas4w"
  ],
  "log": "|j|\u2606SimMikaze\n|j|\u2606lucas4w\n|t:|1776005422\n|gametype|doubles\n|player|p1|SimMikaze|miku-ghost|1045\n|player|p2|lucas4w|265|1077\n|gen|9\n|tier|[Gen 9 Champions] VGC 2026 Reg M-A\n|rated|\n|rule|Species Clause: Limit one of each Pok\u00e9mon\n|rule|Item Clause: Limit 1 of each item\n|clearpoke\n|poke|p1|Delphox, L50, F|\n|poke|p1|Garchomp, L50, F|\n|poke|p1|Orthworm, L50, M|\n|poke|p1|Sneasler, L50, F|\n|poke|p1|Whimsicott, L50, M|\n|poke|p1|Basculegion, L50, M|\n|poke|p2|Garchomp, L50, M|\n|poke|p2|Rotom-Wash, L50|\n|poke|p2|Incineroar, L50, M|\n|poke|p2|Glimmora, L50, F|\n|poke|p2|Aerodactyl, L50, M|\n|poke|p2|Dragapult, L50, F|\n|teampreview|4\n|inactive|Battle timer is ON: inactive players will automatically lose when time's up. (requested by SimMikaze)\n|\n|t:|1776005480\n|teamsize|p1|4\n|teamsize|p2|4\n|start\n|switch|p1a: Orthworm|Orthworm, L50, M|100/100\n|switch|p1b: Sneasler|Sneasler, L50, F|100/100\n|switch|p2a: Incineroar|Incineroar, L50, M|100/100\n|switch|p2b: Aerodactyl|Aerodactyl, L50, M|100/100\n|-ability|p2a: Incineroar|Intimidate|boost\n|-unboost|p1a: Orthworm|atk|1\n|-unboost|p1b: Sneasler|atk|1\n|-enditem|p1b: Sneasler|White Herb\n|-clearnegativeboost|p1b: Sneasler|[silent]\n|turn|1\n|inactive|lucas4w has 30 seconds left.\n|inactive|lucas4w has 20 seconds left.\n|inactive|lucas4w has 15 seconds left.\n|c|\u2606SimMikaze|Hey\n|inactive|lucas4w has 10 seconds left.\n|\n|t:|1776005526\n|move|p1b: Sneasler|Fake Out|p2a: Incineroar\n|-damage|p2a: Incineroar|88/100\n|move|p2b: Aerodactyl|Dual Wingbeat|p1b: Sneasler\n|-supereffective|p1b: Sneasler|1\n|-damage|p1b: Sneasler|51/100\n|-supereffective|p1b: Sneasler|1\n|-damage|p1b: Sneasler|0 fnt\n|faint|p1b: Sneasler\n|-hitcount|p1: Sneasler|2\n|cant|p2a: Incineroar|flinch\n|move|p1a: Orthworm|Shed Tail|p1a: Orthworm\n|-start|p1a: Orthworm|Substitute|[from] move: Shed Tail\n|-damage|p1a: Orthworm|50/100\n|-enditem|p1a: Orthworm|Sitrus Berry|[eat]\n|-heal|p1a: Orthworm|75/100|[from] item: Sitrus Berry\n|\n|t:|1776005539\n|switch|p1a: Delphox|Delphox, L50, F|100/100|[from] Shed Tail\n|\n|upkeep\n|\n|t:|1776005562\n|switch|p1b: Orthworm|Orthworm, L50, M|75/100\n|turn|2\n|inactive|lucas4w has 30 seconds left.\n|\n|t:|1776005593\n|detailschange|p1a: Delphox|Delphox-Mega, L50, F\n|-mega|p1a: Delphox|Delphox|Delphoxite\n|move|p1a: Delphox|Nasty Plot|p1a: Delphox\n|-boost|p1a: Delphox|spa|2\n|move|p2b: Aerodactyl|Sandstorm|p2b: Aerodactyl\n|-weather|Sandstorm\n|move|p2a: Incineroar|Flare Blitz|p1b: Orthworm\n|-supereffective|p1b: Orthworm|1\n|-damage|p1b: Orthworm|23/100\n|-damage|p2a: Incineroar|73/100|[from] Recoil\n|move|p1b: Orthworm|Iron Defense|p1b: Orthworm\n|-boost|p1b: Orthworm|def|2\n|\n|-weather|Sandstorm|[upkeep]\n|-damage|p1a: Delphox|94/100|[from] Sandstorm\n|-damage|p2a: Incineroar|67/100|[from] Sandstorm\n|upkeep\n|turn|3\n|\n|t:|1776005612\n|move|p1a: Delphox|Heat Wave|p2b: Aerodactyl|[spread] p2a,p2b\n|-resisted|p2a: Incineroar|1\n|-resisted|p2b: Aerodactyl|1\n|-damage|p2a: Incineroar|34/100\n|-damage|p2b: Aerodactyl|70/100\n|move|p2b: Aerodactyl|Rock Slide|p1a: Delphox|[spread] p1a,p1b\n|-supereffective|p1a: Delphox|1\n|-end|p1a: Delphox|Substitute\n|-resisted|p1b: Orthworm|1\n|-damage|p1b: Orthworm|21/100\n|move|p2a: Incineroar|Parting Shot|p1a: Delphox\n|-unboost|p1a: Delphox|atk|1\n|-unboost|p1a: Delphox|spa|1\n|\n|t:|1776005627\n|switch|p2a: Glimmora|Glimmora, L50, F|100/100|[from] Parting Shot\n|cant|p1b: Orthworm|flinch\n|\n|-weather|Sandstorm|[upkeep]\n|-damage|p1a: Delphox|88/100|[from] Sandstorm\n|upkeep\n|turn|4\n|c|\u2606SimMikaze|Noo\n|inactive|SimMikaze has 30 seconds left.\n|inactive|lucas4w has 30 seconds left.\n|inactive|SimMikaze has 20 seconds left.\n|inactive|SimMikaze has 15 seconds left.\n|\n|t:|1776005672\n|detailschange|p2a: Glimmora|Glimmora-Mega, L50, F\n|-mega|p2a: Glimmora|Glimmora|Glimmoranite\n|move|p1a: Delphox|Psyshock|p2b: Aerodactyl\n|-damage|p2b: Aerodactyl|0 fnt\n|faint|p2b: Aerodactyl\n|move|p2a: Glimmora|Power Gem|p1a: Delphox\n|-supereffective|p1a: Delphox|1\n|-damage|p1a: Delphox|0 fnt\n|faint|p1a: Delphox\n|move|p1b: Orthworm|Body Press|p2a: Glimmora\n|-damage|p2a: Glimmora|27/100\n|\n|-weather|Sandstorm|[upkeep]\n|upkeep\n|\n|t:|1776005686\n|switch|p1a: Basculegion|Basculegion, L50, M|100/100\n|switch|p2b: Dragapult|Dragapult, L50, F|100/100\n|turn|5\n|\n|t:|1776005696\n|move|p2a: Glimmora|Spiky Shield|p2a: Glimmora\n|-singleturn|p2a: Glimmora|move: Protect\n|move|p2b: Dragapult|Sucker Punch|p1a: Basculegion\n|-supereffective|p1a: Basculegion|1\n|-damage|p1a: Basculegion|42/100\n|move|p1a: Basculegion|Last Respects|p2b: Dragapult\n|-supereffective|p2b: Dragapult|1\n|-damage|p2b: Dragapult|0 fnt\n|faint|p2b: Dragapult\n|move|p1b: Orthworm|Body Press|p2a: Glimmora\n|-activate|p2a: Glimmora|move: Protect\n|-damage|p1b: Orthworm|8/100|[from] Spiky Shield|[of] p2a: Glimmora\n|\n|-weather|Sandstorm|[upkeep]\n|-damage|p1a: Basculegion|36/100|[from] Sandstorm\n|upkeep\n|\n|t:|1776005705\n|switch|p2b: Incineroar|Incineroar, L50, M|34/100\n|-ability|p2b: Incineroar|Intimidate|boost\n|-unboost|p1a: Basculegion|atk|1\n|-unboost|p1b: Orthworm|atk|1\n|turn|6\n|inactive|lucas4w has 30 seconds left.\n|\n|t:|1776005735\n|move|p2a: Glimmora|Spiky Shield|p2a: Glimmora\n|-singleturn|p2a: Glimmora|move: Protect\n|move|p1a: Basculegion|Last Respects|p2a: Glimmora\n|-activate|p2a: Glimmora|move: Protect\n|move|p2b: Incineroar|Darkest Lariat|p1a: Basculegion\n|-supereffective|p1a: Basculegion|1\n|-damage|p1a: Basculegion|0 fnt\n|faint|p1a: Basculegion\n|move|p1b: Orthworm|Body Press|p2b: Incineroar\n|-supereffective|p2b: Incineroar|1\n|-damage|p2b: Incineroar|0 fnt\n|faint|p2b: Incineroar\n|\n|-weather|none\n|upkeep\n|turn|7\n|c|\u2606SimMikaze|Ok, 2 in 3, I won, but the 1 in 3 happens\n|inactive|SimMikaze has 30 seconds left.\n|\n|t:|1776005762\n|move|p2a: Glimmora|Power Gem|p1b: Orthworm\n|-resisted|p1b: Orthworm|1\n|-damage|p1b: Orthworm|0 fnt\n|faint|p1b: Orthworm\n|\n|win|lucas4w\n|raw|SimMikaze's rating: 1045 &rarr; <strong>1030</strong><br />(-15 for losing)\n|raw|lucas4w's rating: 1077 &rarr; <strong>1103</strong><br />(+26 for winning)\n",
  "uploadtime": 1776005764,
  "views": 14,
  "formatid": "gen9championsvgc2026regma",
  "rating": 1030,
  "private": 0,
  "password": null
}