{
  "id": "gen9championsvgc2026regma-2587621910",
  "format": "[Gen 9 Champions] VGC 2026 Reg M-A",
  "players": [
    "Noobilio",
    "Tapuleletiamo"
  ],
  "log": "|j|\u2606Noobilio\n|j|\u2606Tapuleletiamo\n|t:|1776547773\n|gametype|doubles\n|player|p1|Noobilio|nurse|1341\n|player|p2|Tapuleletiamo|101|1424\n|gen|9\n|tier|[Gen 9 Champions] VGC 2026 Reg M-A\n|rated|\n|rule|Species Clause: Limit one of each Pok\u00e9mon\n|rule|Item Clause: Limit 1 of each item\n|clearpoke\n|poke|p1|Froslass, L50, F|\n|poke|p1|Palafin, L50, F|\n|poke|p1|Kingambit, L50, F|\n|poke|p1|Arcanine-Hisui, L50, F|\n|poke|p1|Sinistcha, L50|\n|poke|p1|Sneasler, L50, F|\n|poke|p2|Sableye, L50, F|\n|poke|p2|Dragonite, L50, M|\n|poke|p2|Sneasler, L50, F|\n|poke|p2|Zoroark-Hisui, L50, F|\n|poke|p2|Arcanine-Hisui, L50, M|\n|poke|p2|Primarina, L50, M|\n|teampreview|4\n|j| EsqciMinhaSenha2\n|inactive|Battle timer is ON: inactive players will automatically lose when time's up. (requested by Tapuleletiamo)\n|\n|t:|1776547826\n|teamsize|p1|4\n|teamsize|p2|4\n|start\n|switch|p1a: Kingambit|Kingambit, L50, F|100/100\n|switch|p1b: Froslass|Froslass, L50, F|100/100\n|switch|p2a: Sableye|Sableye, L50, F|100/100\n|switch|p2b: Dragonite|Dragonite, L50, M|100/100\n|turn|1\n|\n|t:|1776547844\n|detailschange|p1b: Froslass|Froslass-Mega, L50, F\n|-mega|p1b: Froslass|Froslass|Froslassite\n|-weather|Snowscape|[from] ability: Snow Warning|[of] p1b: Froslass\n|detailschange|p2b: Dragonite|Dragonite-Mega, L50, M\n|-mega|p2b: Dragonite|Dragonite|Dragoninite\n|move|p2a: Sableye|Fake Out|p1a: Kingambit\n|-resisted|p1a: Kingambit|1\n|-crit|p1a: Kingambit\n|-damage|p1a: Kingambit|97/100\n|move|p1b: Froslass|Blizzard|p2b: Dragonite|[spread] p2a,p2b\n|-supereffective|p2b: Dragonite|2\n|-damage|p2a: Sableye|56/100\n|-damage|p2b: Dragonite|28/100\n|move|p2b: Dragonite|Tailwind|p2b: Dragonite\n|-sidestart|p2: Tapuleletiamo|move: Tailwind\n|cant|p1a: Kingambit|flinch\n|\n|-weather|Snowscape|[upkeep]\n|upkeep\n|turn|2\n|\n|t:|1776547864\n|move|p2a: Sableye|Gravity|p2a: Sableye\n|-fieldstart|move: Gravity\n|move|p1a: Kingambit|Sucker Punch|p2b: Dragonite\n|-damage|p2b: Dragonite|0 fnt\n|faint|p2b: Dragonite\n|move|p1b: Froslass|Blizzard|p2a: Sableye\n|-damage|p2a: Sableye|0 fnt\n|faint|p2a: Sableye\n|\n|-weather|Snowscape|[upkeep]\n|upkeep\n|\n|t:|1776547868\n|switch|p2b: Sneasler|Sneasler, L50, F|100/100\n|switch|p2a: Arcanine|Arcanine-Hisui, L50, M|100/100\n|turn|3\n|inactive|Noobilio has 30 seconds left.\n|inactive|Noobilio has 20 seconds left.\n|\n|t:|1776547905\n|switch|p1b: Sneasler|Sneasler, L50, F|100/100\n|move|p1a: Kingambit|Protect|p1a: Kingambit\n|-singleturn|p1a: Kingambit|Protect\n|move|p2a: Arcanine|Head Smash|p1b: Sneasler\n|-resisted|p1b: Sneasler|1\n|-damage|p1b: Sneasler|36/100\n|move|p2b: Sneasler|Close Combat|p1a: Kingambit\n|-activate|p1a: Kingambit|move: Protect\n|\n|-weather|Snowscape|[upkeep]\n|upkeep\n|turn|4\n|\n|t:|1776547918\n|move|p1b: Sneasler|Fake Out|p2b: Sneasler\n|-damage|p2b: Sneasler|73/100\n|move|p2a: Arcanine|Head Smash|p1b: Sneasler\n|-resisted|p1b: Sneasler|1\n|-damage|p1b: Sneasler|0 fnt\n|faint|p1b: Sneasler\n|cant|p2b: Sneasler|flinch\n|move|p1a: Kingambit|Swords Dance|p1a: Kingambit\n|-boost|p1a: Kingambit|atk|2\n|\n|-weather|Snowscape|[upkeep]\n|-sideend|p2: Tapuleletiamo|move: Tailwind\n|upkeep\n|\n|t:|1776547940\n|switch|p1b: Froslass|Froslass-Mega, L50, F|100/100\n|turn|5\n|\n|t:|1776547960\n|move|p1a: Kingambit|Sucker Punch|p2a: Arcanine\n|-damage|p2a: Arcanine|0 fnt\n|faint|p2a: Arcanine\n|move|p1b: Froslass|Blizzard|p2b: Sneasler\n|-damage|p2b: Sneasler|0 fnt\n|faint|p2b: Sneasler\n|\n|win|Noobilio\n|raw|Noobilio's rating: 1341 &rarr; <strong>1366</strong><br />(+25 for winning)\n|raw|Tapuleletiamo's rating: 1424 &rarr; <strong>1399</strong><br />(-25 for losing)\n",
  "uploadtime": 1776547964,
  "views": 23,
  "formatid": "gen9championsvgc2026regma",
  "rating": 1366,
  "private": 0,
  "password": null
}