{
  "id": "gen9championsvgc2026regma-2587497060",
  "format": "[Gen 9 Champions] VGC 2026 Reg M-A",
  "players": [
    "Large Bowl of Soup",
    "LOLWhale"
  ],
  "log": "|j|\u2606Large Bowl of Soup\n|j|\u2606LOLWhale\n|t:|1776536811\n|gametype|doubles\n|player|p1|Large Bowl of Soup|veteranf|1152\n|player|p2|LOLWhale|170|1220\n|gen|9\n|tier|[Gen 9 Champions] VGC 2026 Reg M-A\n|rated|\n|rule|Species Clause: Limit one of each Pok\u00e9mon\n|rule|Item Clause: Limit 1 of each item\n|clearpoke\n|poke|p1|Gengar, L50, M|\n|poke|p1|Raichu, L50, M|\n|poke|p1|Palafin, L50, F|\n|poke|p1|Whimsicott, L50, F|\n|poke|p1|Politoed, L50, F|\n|poke|p1|Kommo-o, L50, F|\n|poke|p2|Aggron, L50, M|\n|poke|p2|Sinistcha-Masterpiece, L50|\n|poke|p2|Incineroar, L50, F|\n|poke|p2|Dragonite, L50, F|\n|poke|p2|Mimikyu, L50, F|\n|poke|p2|Meowscarada, L50, M|\n|teampreview|4\n|\n|t:|1776536855\n|teamsize|p1|4\n|teamsize|p2|4\n|start\n|switch|p1a: Whimsicott|Whimsicott, L50, F|100/100\n|switch|p1b: Gengar|Gengar, L50, M|100/100\n|switch|p2a: Dragonite|Dragonite, L50, F|100/100\n|switch|p2b: Mimikyu|Mimikyu, L50, F|100/100\n|turn|1\n|\n|t:|1776536871\n|detailschange|p1b: Gengar|Gengar-Mega, L50, M\n|-mega|p1b: Gengar|Gengar|Gengarite\n|move|p1b: Gengar|Protect|p1b: Gengar\n|-singleturn|p1b: Gengar|Protect\n|move|p2a: Dragonite|Draco Meteor|p1b: Gengar\n|-activate|p1b: Gengar|move: Protect\n|move|p1a: Whimsicott|Moonblast|p2b: Mimikyu\n|-activate|p2b: Mimikyu|ability: Disguise\n|-damage|p2b: Mimikyu|100/100\n|detailschange|p2b: Mimikyu|Mimikyu-Busted, L50, F\n|-damage|p2b: Mimikyu|88/100|[from] pokemon: Mimikyu-Busted\n|move|p2b: Mimikyu|Trick Room|p2b: Mimikyu\n|-fieldstart|move: Trick Room|[of] p2b: Mimikyu\n|\n|upkeep\n|turn|2\n|\n|t:|1776536889\n|move|p1a: Whimsicott|Encore|p2b: Mimikyu\n|-start|p2b: Mimikyu|Encore\n|-enditem|p2b: Mimikyu|Mental Herb\n|-end|p2b: Mimikyu|Encore\n|move|p2b: Mimikyu|Will-O-Wisp|p1a: Whimsicott\n|-status|p1a: Whimsicott|brn\n|move|p1b: Gengar|Disable|p2a: Dragonite\n|-start|p2a: Dragonite|Disable|Draco Meteor\n|cant|p2a: Dragonite|Disable|Draco Meteor\n|\n|-damage|p1a: Whimsicott|95/100 brn|[from] brn\n|upkeep\n|turn|3\n|\n|t:|1776536910\n|move|p1b: Gengar|Protect|p1b: Gengar\n|-singleturn|p1b: Gengar|Protect\n|move|p1a: Whimsicott|Encore|p2a: Dragonite\n|-start|p2a: Dragonite|Encore\n|move|p2b: Mimikyu|Will-O-Wisp|p1b: Gengar\n|-activate|p1b: Gengar|move: Protect\n|cant|p2a: Dragonite|Disable|Draco Meteor\n|\n|-damage|p1a: Whimsicott|89/100 brn|[from] brn\n|upkeep\n|turn|4\n|\n|t:|1776536923\n|switch|p2b: Incineroar|Incineroar, L50, F|100/100\n|-ability|p2b: Incineroar|Intimidate|boost\n|-unboost|p1a: Whimsicott|atk|1\n|-unboost|p1b: Gengar|atk|1\n|move|p1a: Whimsicott|Encore|p2b: Incineroar\n|-hint|Since gen 7, Dark is immune to Prankster moves.\n|-immune|p2b: Incineroar\n|move|p1b: Gengar|Disable||[still]\n|-fail|p1b: Gengar\n|-activate|p2a: Dragonite|move: Struggle\n|move|p2a: Dragonite|Struggle|p1b: Gengar\n|-damage|p1b: Gengar|83/100\n|-damage|p2a: Dragonite|75/100|[from] recoil\n|\n|-damage|p1a: Whimsicott|83/100 brn|[from] brn\n|upkeep\n|turn|5\n|\n|t:|1776536938\n|switch|p1a: Kommo-o|Kommo-o, L50, F|100/100\n|switch|p1b: Politoed|Politoed, L50, F|100/100\n|-weather|RainDance|[from] ability: Drizzle|[of] p1b: Politoed\n|move|p2b: Incineroar|Flare Blitz|p1a: Kommo-o\n|-resisted|p1a: Kommo-o|1\n|-damage|p1a: Kommo-o|92/100\n|-damage|p2b: Incineroar|98/100|[from] Recoil\n|-activate|p2a: Dragonite|move: Struggle\n|move|p2a: Dragonite|Struggle|p1b: Politoed\n|-damage|p1b: Politoed|88/100\n|-damage|p2a: Dragonite|50/100|[from] recoil\n|\n|-weather|RainDance|[upkeep]\n|-heal|p2b: Incineroar|100/100|[from] item: Leftovers\n|-heal|p1a: Kommo-o|98/100|[from] item: Leftovers\n|-end|p2a: Dragonite|Encore\n|-end|p2a: Dragonite|Disable\n|-fieldend|move: Trick Room\n|upkeep\n|turn|6\n|\n|t:|1776536954\n|switch|p1a: Whimsicott|Whimsicott, L50, F|83/100 brn\n|switch|p2b: Mimikyu|Mimikyu-Busted, L50, F|88/100\n|move|p2a: Dragonite|Draco Meteor|p1a: Whimsicott\n|-immune|p1a: Whimsicott\n|move|p1b: Politoed|Encore||[still]\n|-fail|p1b: Politoed\n|\n|-weather|RainDance|[upkeep]\n|-damage|p1a: Whimsicott|77/100 brn|[from] brn\n|upkeep\n|turn|7\n|\n|t:|1776536971\n|switch|p2a: Incineroar|Incineroar, L50, F|100/100\n|-ability|p2a: Incineroar|Intimidate|boost\n|-unboost|p1a: Whimsicott|atk|1\n|-unboost|p1b: Politoed|atk|1\n|move|p1a: Whimsicott|Moonblast|p2a: Incineroar\n|-damage|p2a: Incineroar|80/100\n|move|p2b: Mimikyu|Play Rough|p1a: Whimsicott\n|-damage|p1a: Whimsicott|37/100 brn\n|-unboost|p1a: Whimsicott|atk|1\n|move|p1b: Politoed|Muddy Water|p2b: Mimikyu|[spread] p2a\n|-miss|p1b: Politoed|p2b: Mimikyu\n|-supereffective|p2a: Incineroar|1\n|-damage|p2a: Incineroar|29/100\n|-unboost|p2a: Incineroar|accuracy|1\n|\n|-weather|RainDance|[upkeep]\n|-heal|p2a: Incineroar|35/100|[from] item: Leftovers\n|-damage|p1a: Whimsicott|31/100 brn|[from] brn\n|upkeep\n|turn|8\n|\n|t:|1776537003\n|move|p2a: Incineroar|Fake Out|p1b: Politoed\n|-damage|p1b: Politoed|78/100\n|move|p1a: Whimsicott|Encore|p2b: Mimikyu\n|-start|p2b: Mimikyu|Encore\n|move|p2b: Mimikyu|Play Rough|p1a: Whimsicott\n|-damage|p1a: Whimsicott|0 fnt\n|faint|p1a: Whimsicott\n|cant|p1b: Politoed|flinch\n|\n|-weather|RainDance|[upkeep]\n|-heal|p2a: Incineroar|41/100|[from] item: Leftovers\n|upkeep\n|\n|t:|1776537006\n|switch|p1a: Gengar|Gengar-Mega, L50, M|83/100\n|turn|9\n|\n|t:|1776537021\n|switch|p2b: Dragonite|Dragonite, L50, F|50/100\n|move|p1a: Gengar|Protect|p1a: Gengar\n|-singleturn|p1a: Gengar|Protect\n|move|p1b: Politoed|Muddy Water|p2b: Dragonite|[spread] p2a,p2b\n|-supereffective|p2a: Incineroar|1\n|-resisted|p2b: Dragonite|1\n|-damage|p2a: Incineroar|0 fnt\n|-damage|p2b: Dragonite|34/100\n|faint|p2a: Incineroar\n|\n|-weather|none\n|upkeep\n|\n|t:|1776537028\n|switch|p2a: Meowscarada|Meowscarada, L50, M|100/100\n|turn|10\n|\n|t:|1776537042\n|switch|p1b: Kommo-o|Kommo-o, L50, F|98/100\n|move|p2b: Dragonite|Hurricane|p1b: Kommo-o\n|-supereffective|p1b: Kommo-o|1\n|-damage|p1b: Kommo-o|27/100\n|move|p1a: Gengar|Shadow Ball|p2b: Dragonite\n|-damage|p2b: Dragonite|0 fnt\n|faint|p2b: Dragonite\n|move|p2a: Meowscarada|Knock Off|p1a: Gengar\n|-start|p2a: Meowscarada|typechange|Dark|[from] ability: Protean\n|-supereffective|p1a: Gengar|1\n|-damage|p1a: Gengar|6/100\n|\n|-heal|p1b: Kommo-o|33/100|[from] item: Leftovers\n|upkeep\n|\n|t:|1776537054\n|switch|p2b: Mimikyu|Mimikyu-Busted, L50, F|88/100\n|turn|11\n|\n|t:|1776537069\n|move|p2a: Meowscarada|Protect|p2a: Meowscarada\n|-singleturn|p2a: Meowscarada|Protect\n|move|p1a: Gengar|Shadow Ball|p2b: Mimikyu\n|-supereffective|p2b: Mimikyu|1\n|-damage|p2b: Mimikyu|9/100\n|-unboost|p2b: Mimikyu|spd|1\n|move|p2b: Mimikyu|Play Rough|p1b: Kommo-o\n|-supereffective|p1b: Kommo-o|2\n|-damage|p1b: Kommo-o|0 fnt\n|faint|p1b: Kommo-o\n|\n|upkeep\n|\n|t:|1776537072\n|switch|p1b: Politoed|Politoed, L50, F|78/100\n|-weather|RainDance|[from] ability: Drizzle|[of] p1b: Politoed\n|turn|12\n|\n|t:|1776537088\n|move|p2b: Mimikyu|Protect|p2b: Mimikyu\n|-singleturn|p2b: Mimikyu|Protect\n|move|p1a: Gengar|Disable|p2a: Meowscarada\n|-start|p2a: Meowscarada|Disable|Protect\n|move|p2a: Meowscarada|Flower Trick|p1b: Politoed\n|-supereffective|p1b: Politoed|1\n|-crit|p1b: Politoed\n|-damage|p1b: Politoed|17/100\n|-enditem|p1b: Politoed|Sitrus Berry|[eat]\n|-heal|p1b: Politoed|42/100|[from] item: Sitrus Berry\n|move|p1b: Politoed|Muddy Water|p2b: Mimikyu|[spread] p2a\n|-activate|p2b: Mimikyu|move: Protect\n|-damage|p2a: Meowscarada|50/100\n|\n|-weather|RainDance|[upkeep]\n|upkeep\n|turn|13\n|\n|t:|1776537131\n|move|p1b: Politoed|Protect|p1b: Politoed\n|-singleturn|p1b: Politoed|Protect\n|move|p2a: Meowscarada|Sucker Punch||[still]\n|-fail|p2a: Meowscarada\n|move|p1a: Gengar|Shadow Ball|p2b: Mimikyu\n|-supereffective|p2b: Mimikyu|1\n|-damage|p2b: Mimikyu|0 fnt\n|faint|p2b: Mimikyu\n|\n|-weather|RainDance|[upkeep]\n|upkeep\n|turn|14\n|\n|t:|1776537155\n|move|p1a: Gengar|Shadow Ball|p2a: Meowscarada\n|-resisted|p2a: Meowscarada|1\n|-damage|p2a: Meowscarada|14/100\n|move|p2a: Meowscarada|Flower Trick|p1b: Politoed\n|-supereffective|p1b: Politoed|1\n|-crit|p1b: Politoed\n|-damage|p1b: Politoed|0 fnt\n|faint|p1b: Politoed\n|\n|-weather|RainDance|[upkeep]\n|upkeep\n|turn|15\n|\n|t:|1776537187\n|move|p1a: Gengar|Protect|p1a: Gengar\n|-singleturn|p1a: Gengar|Protect\n|move|p2a: Meowscarada|Sucker Punch||[still]\n|-fail|p2a: Meowscarada\n|\n|-weather|RainDance|[upkeep]\n|-end|p2a: Meowscarada|Disable\n|upkeep\n|turn|16\n|\n|t:|1776537194\n|move|p2a: Meowscarada|Protect|p2a: Meowscarada\n|-singleturn|p2a: Meowscarada|Protect\n|move|p1a: Gengar|Disable|p2a: Meowscarada\n|-activate|p2a: Meowscarada|move: Protect\n|\n|-weather|none\n|upkeep\n|turn|17\n|\n|t:|1776537208\n|move|p1a: Gengar|Protect|p1a: Gengar\n|-singleturn|p1a: Gengar|Protect\n|move|p2a: Meowscarada|Knock Off|p1a: Gengar\n|-activate|p1a: Gengar|move: Protect\n|\n|upkeep\n|turn|18\n|\n|t:|1776537239\n|move|p1a: Gengar|Protect||[still]\n|-fail|p1a: Gengar\n|move|p2a: Meowscarada|Protect||[still]\n|-fail|p2a: Meowscarada\n|\n|upkeep\n|turn|19\n|\n|t:|1776537259\n|move|p2a: Meowscarada|Sucker Punch||[still]\n|-fail|p2a: Meowscarada\n|move|p1a: Gengar|Disable|p2a: Meowscarada\n|-start|p2a: Meowscarada|Disable|Sucker Punch\n|\n|upkeep\n|turn|20\n|c|\u2606Large Bowl of Soup|Holy mind games\n|c|\u2606LOLWhale|haha wp\n|\n|t:|1776537277\n|move|p2a: Meowscarada|Protect|p2a: Meowscarada\n|-singleturn|p2a: Meowscarada|Protect\n|move|p1a: Gengar|Disable|p2a: Meowscarada\n|-activate|p2a: Meowscarada|move: Protect\n|\n|upkeep\n|turn|21\n|\n|t:|1776537286\n|move|p1a: Gengar|Shadow Ball|p2a: Meowscarada\n|-resisted|p2a: Meowscarada|1\n|-damage|p2a: Meowscarada|0 fnt\n|faint|p2a: Meowscarada\n|\n|win|Large Bowl of Soup\n|raw|Large Bowl of Soup's rating: 1152 &rarr; <strong>1182</strong><br />(+30 for winning)\n|raw|LOLWhale's rating: 1220 &rarr; <strong>1190</strong><br />(-30 for losing)\n|c|\u2606Large Bowl of Soup|GG\n|c|\u2606LOLWhale|hahaha\n|c|\u2606LOLWhale|great game\n|c|\u2606LOLWhale|good fun\n|c|\u2606Large Bowl of Soup|Edge of my seat\n|c|\u2606Large Bowl of Soup|That one was fun\n|c|\u2606Large Bowl of Soup|Didn't even bring aggro\n|c|\u2606Large Bowl of Soup|Aggro\n|c|\u2606Large Bowl of Soup|Made me a little sad I love that guy\n",
  "uploadtime": 1776537335,
  "views": 28,
  "formatid": "gen9championsvgc2026regma",
  "rating": 1182,
  "private": 0,
  "password": null
}