{
  "id": "gen9championsvgc2026regma-2584967979",
  "format": "[Gen 9 Champions] VGC 2026 Reg M-A",
  "players": [
    "jadebattles",
    "Moomoowhispdaboss"
  ],
  "log": "|j|\u2606jadebattles\n|j|\u2606Moomoowhispdaboss\n|t:|1776299069\n|gametype|doubles\n|player|p1|jadebattles|1|1062\n|player|p2|Moomoowhispdaboss|rosa|1047\n|gen|9\n|tier|[Gen 9 Champions] VGC 2026 Reg M-A\n|rated|\n|rule|Species Clause: Limit one of each Pok\u00e9mon\n|rule|Item Clause: Limit 1 of each item\n|clearpoke\n|poke|p1|Excadrill, L50, F|\n|poke|p1|Whimsicott, L50, F|\n|poke|p1|Tyranitar, L50, M|\n|poke|p1|Aegislash, L50, F|\n|poke|p1|Meganium, L50, M|\n|poke|p1|Raichu, L50, M|\n|poke|p2|Alakazam, L50, M|\n|poke|p2|Slowbro, L50, M|\n|poke|p2|Sinistcha-Masterpiece, L50|\n|poke|p2|Incineroar, L50, M|\n|poke|p2|Beedrill, L50, M|\n|poke|p2|Whimsicott, L50, F|\n|teampreview|4\nMoomoowhispdaboss rejected open team sheets.\n|inactive|Battle timer is ON: inactive players will automatically lose when time's up. (requested by Moomoowhispdaboss)\n|inactiveoff|Battle timer is now OFF.\n|\n|t:|1776299128\n|teamsize|p1|4\n|teamsize|p2|4\n|start\n|switch|p1a: Meganium|Meganium, L50, M|100/100\n|switch|p1b: Whimsicott|Whimsicott, L50, F|100/100\n|switch|p2a: Alakazam|Alakazam, L50, M|100/100\n|switch|p2b: Slowbro|Slowbro, L50, M|100/100\n|turn|1\n|\n|t:|1776299190\n|detailschange|p1a: Meganium|Meganium-Mega, L50, M\n|-mega|p1a: Meganium|Meganium|Meganiumite\n|detailschange|p2b: Slowbro|Slowbro-Mega, L50, M\n|-mega|p2b: Slowbro|Slowbro|Slowbronite\n|move|p1a: Meganium|Protect|p1a: Meganium\n|-singleturn|p1a: Meganium|Protect\n|move|p1b: Whimsicott|Tailwind|p1b: Whimsicott\n|-sidestart|p1: jadebattles|move: Tailwind\n|move|p2a: Alakazam|Light Screen|p2a: Alakazam\n|-sidestart|p2: Moomoowhispdaboss|move: Light Screen\n|move|p2b: Slowbro|Slack Off||[still]\n|-fail|p2b: Slowbro|heal\n|\n|upkeep\n|turn|2\n|\n|t:|1776299238\n|switch|p1a: Aegislash|Aegislash, L50, F|100/100\n|switch|p2b: Incineroar|Incineroar, L50, M|100/100\n|-ability|p2b: Incineroar|Intimidate|boost\n|-unboost|p1a: Aegislash|atk|1\n|-unboost|p1b: Whimsicott|atk|1\n|move|p1b: Whimsicott|Taunt|p2b: Incineroar\n|-hint|Since gen 7, Dark is immune to Prankster moves.\n|-immune|p2b: Incineroar\n|move|p2a: Alakazam|Psychic|p1a: Aegislash\n|-resisted|p1a: Aegislash|1\n|-damage|p1a: Aegislash|84/100\n|-unboost|p1a: Aegislash|spd|1\n|\n|upkeep\n|turn|3\n|\n|t:|1776299272\n|switch|p2a: Beedrill|Beedrill, L50, M|100/100\n|move|p1b: Whimsicott|Protect|p1b: Whimsicott\n|-singleturn|p1b: Whimsicott|Protect\n|-formechange|p1a: Aegislash|Aegislash-Blade|\n|move|p1a: Aegislash|Sacred Sword|p2b: Incineroar\n|-supereffective|p2b: Incineroar|1\n|-damage|p2b: Incineroar|58/100\n|move|p2b: Incineroar|Will-O-Wisp|p1a: Aegislash\n|-status|p1a: Aegislash|brn\n|\n|-heal|p2b: Incineroar|64/100|[from] item: Leftovers\n|-damage|p1a: Aegislash|78/100 brn|[from] brn\n|upkeep\n|turn|4\n|\n|t:|1776299316\n|-formechange|p1a: Aegislash|Aegislash|\n|move|p1a: Aegislash|King's Shield|p1a: Aegislash\n|-singleturn|p1a: Aegislash|Protect\n|move|p1b: Whimsicott|Energy Ball|p2a: Beedrill\n|-resisted|p2a: Beedrill|2\n|-damage|p2a: Beedrill|90/100\n|move|p2a: Beedrill|Cross Poison|p1b: Whimsicott\n|-supereffective|p1b: Whimsicott|2\n|-damage|p1b: Whimsicott|0 fnt\n|faint|p1b: Whimsicott\n|move|p2b: Incineroar|Darkest Lariat|p1a: Aegislash\n|-activate|p1a: Aegislash|move: Protect\n|-unboost|p2b: Incineroar|atk|1\n|\n|-heal|p2b: Incineroar|70/100|[from] item: Leftovers\n|-damage|p1a: Aegislash|72/100 brn|[from] brn\n|-sideend|p1: jadebattles|move: Tailwind\n|upkeep\n|\n|t:|1776299336\n|switch|p1b: Meganium|Meganium-Mega, L50, M|100/100\n|turn|5\n|\n|t:|1776299361\n|move|p2a: Beedrill|Cross Poison|p1b: Meganium\n|-supereffective|p1b: Meganium|2\n|-damage|p1b: Meganium|4/100\n|move|p1b: Meganium|Earth Power|p2b: Incineroar\n|-supereffective|p2b: Incineroar|1\n|-damage|p2b: Incineroar|32/100\n|move|p2b: Incineroar|Darkest Lariat|p1a: Aegislash\n|-supereffective|p1a: Aegislash|1\n|-damage|p1a: Aegislash|33/100 brn\n|-formechange|p1a: Aegislash|Aegislash-Blade|\n|move|p1a: Aegislash|Psycho Cut|p2a: Beedrill\n|-supereffective|p2a: Beedrill|1\n|-damage|p2a: Beedrill|45/100\n|\n|-heal|p2b: Incineroar|38/100|[from] item: Leftovers\n|-damage|p1a: Aegislash|27/100 brn|[from] brn\n|-sideend|p2: Moomoowhispdaboss|move: Light Screen\n|upkeep\n|turn|6\n|\n|t:|1776299396\n|move|p1b: Meganium|Protect|p1b: Meganium\n|-singleturn|p1b: Meganium|Protect\n|move|p1a: Aegislash|Shadow Sneak|p2a: Beedrill\n|-damage|p2a: Beedrill|23/100\n|move|p2a: Beedrill|Cross Poison|p1b: Meganium\n|-activate|p1b: Meganium|move: Protect\n|move|p2b: Incineroar|Darkest Lariat|p1a: Aegislash\n|-supereffective|p1a: Aegislash|1\n|-damage|p1a: Aegislash|0 fnt\n|faint|p1a: Aegislash\n|\n|-heal|p2b: Incineroar|44/100|[from] item: Leftovers\n|upkeep\n|\n|t:|1776299410\n|switch|p1a: Raichu|Raichu, L50, M|100/100\n|turn|7\n|\n|t:|1776299446\n|move|p1a: Raichu|Thunder|p2a: Beedrill\n|-damage|p2a: Beedrill|0 fnt\n|faint|p2a: Beedrill\n|move|p1b: Meganium|Earth Power|p2b: Incineroar\n|-supereffective|p2b: Incineroar|1\n|-damage|p2b: Incineroar|0 fnt\n|faint|p2b: Incineroar\n|\n|upkeep\n|\n|t:|1776299454\n|switch|p2a: Alakazam|Alakazam, L50, M|100/100\n|switch|p2b: Slowbro|Slowbro-Mega, L50, M|100/100\n|turn|8\n|\n|t:|1776299475\n|move|p1b: Meganium|Protect|p1b: Meganium\n|-singleturn|p1b: Meganium|Protect\n|move|p2a: Alakazam|Psychic|p1b: Meganium\n|-activate|p1b: Meganium|move: Protect\n|move|p1a: Raichu|Nuzzle|p2a: Alakazam\n|-damage|p2a: Alakazam|86/100\n|-status|p2a: Alakazam|par\n|move|p2b: Slowbro|Body Press|p1a: Raichu\n|-enditem|p1a: Raichu|Focus Sash\n|-damage|p1a: Raichu|1/100\n|\n|upkeep\n|turn|9\n|\n|t:|1776299527\n|move|p1a: Raichu|Thunder|p2a: Alakazam\n|-damage|p2a: Alakazam|38/100 par\n|move|p1b: Meganium|Solar Beam||[still]\n|-prepare|p1b: Meganium|Solar Beam\n|-activate|p1b: Meganium|ability: Mega Sol\n|-anim|p1b: Meganium|Solar Beam|p2b: Slowbro\n|-supereffective|p2b: Slowbro|1\n|-damage|p2b: Slowbro|0 fnt\n|faint|p2b: Slowbro\n|move|p2a: Alakazam|Speed Swap|p2: Slowbro|[notarget]\n|-fail|p2a: Alakazam\n|\n|upkeep\n|turn|10\n|\n|t:|1776299548\n|move|p1a: Raichu|Thunder|p2a: Alakazam\n|-damage|p2a: Alakazam|0 fnt\n|faint|p2a: Alakazam\n|\n|win|jadebattles\n|raw|jadebattles's rating: 1062 &rarr; <strong>1091</strong><br />(+29 for winning)\n|raw|Moomoowhispdaboss's rating: 1047 &rarr; <strong>1031</strong><br />(-16 for losing)\n",
  "uploadtime": 1776299557,
  "views": 22,
  "formatid": "gen9championsvgc2026regma",
  "rating": 1031,
  "private": 0,
  "password": null
}