{
  "id": "gen9championsvgc2026regma-2582887134",
  "format": "[Gen 9 Champions] VGC 2026 Reg M-A",
  "players": [
    "Waillordbest",
    "L_Yami_H"
  ],
  "log": "|j|\u2606Waillordbest\n|j|\u2606L_Yami_H\n|t:|1776122149\n|gametype|doubles\n|player|p1|Waillordbest|caitlin|1077\n|player|p2|L_Yami_H|ghetsis|1164\n|gen|9\n|tier|[Gen 9 Champions] VGC 2026 Reg M-A\n|rated|\n|rule|Species Clause: Limit one of each Pok\u00e9mon\n|rule|Item Clause: Limit 1 of each item\n|clearpoke\n|poke|p1|Froslass, L50, F|\n|poke|p1|Whimsicott, L50, M|\n|poke|p1|Kingambit, L50, F|\n|poke|p1|Arcanine-Hisui, L50, F|\n|poke|p1|Milotic, L50, F|\n|poke|p1|Sneasler, L50, M|\n|poke|p2|Sableye, L50, M|\n|poke|p2|Victreebel, L50, F|\n|poke|p2|Araquanid, L50, F|\n|poke|p2|Wyrdeer, L50, M|\n|poke|p2|Torkoal, L50, M|\n|poke|p2|Kingambit, L50, M|\n|teampreview|4\n|inactive|Battle timer is ON: inactive players will automatically lose when time's up. (requested by L_Yami_H)\n|\n|t:|1776122195\n|teamsize|p1|4\n|teamsize|p2|4\n|start\n|switch|p1a: Sneasler|Sneasler, L50, M|100/100\n|switch|p1b: Froslass|Froslass, L50, F|100/100\n|switch|p2a: Stoick|Wyrdeer, L50, M|100/100\n|switch|p2b: Checkers|Kingambit, L50, M, shiny|100/100\n|-ability|p2a: Stoick|Intimidate|boost\n|-unboost|p1a: Sneasler|atk|1\n|-unboost|p1b: Froslass|atk|1\n|turn|1\n|inactive|Waillordbest has 30 seconds left.\n|\n|t:|1776122221\n|switch|p1b: Whimsicott|Whimsicott, L50, M|100/100\n|move|p2b: Checkers|Protect|p2b: Checkers\n|-singleturn|p2b: Checkers|Protect\n|move|p1a: Sneasler|Close Combat|p2b: Checkers\n|-activate|p2b: Checkers|move: Protect\n|move|p2a: Stoick|Trick Room|p2a: Stoick\n|-fieldstart|move: Trick Room|[of] p2a: Stoick\n|\n|upkeep\n|turn|2\n|\n|t:|1776122242\n|switch|p2a: Baret|Victreebel, L50, F, shiny|100/100\n|switch|p2b: Krakatoa|Torkoal, L50, M|100/100\n|-weather|SunnyDay|[from] ability: Drought|[of] p2b: Krakatoa\n|move|p1b: Whimsicott|Encore||[still]\n|-fail|p1b: Whimsicott\n|move|p1a: Sneasler|Close Combat|p2b: Krakatoa\n|-damage|p2b: Krakatoa|64/100\n|-unboost|p1a: Sneasler|def|1\n|-unboost|p1a: Sneasler|spd|1\n|\n|-weather|SunnyDay|[upkeep]\n|upkeep\n|turn|3\n|\n|t:|1776122266\n|switch|p1b: Arcanine|Arcanine-Hisui, L50, F|100/100\n|-ability|p1b: Arcanine|Intimidate|boost\n|-unboost|p2a: Baret|atk|1\n|-unboost|p2b: Krakatoa|atk|1\n|detailschange|p2a: Baret|Victreebel-Mega, L50, F, shiny\n|-mega|p2a: Baret|Victreebel|Victreebelite\n|move|p2b: Krakatoa|Eruption|p1a: Sneasler|[spread] p1a,p1b\n|-resisted|p1b: Arcanine|2\n|-damage|p1a: Sneasler|1/100\n|-damage|p1b: Arcanine|87/100\n|move|p2a: Baret|Sludge Bomb|p1a: Sneasler\n|-resisted|p1a: Sneasler|1\n|-damage|p1a: Sneasler|0 fnt\n|faint|p1a: Sneasler\n|\n|-weather|SunnyDay|[upkeep]\n|upkeep\n|\n|t:|1776122281\n|switch|p1a: Froslass|Froslass, L50, F|100/100\n|turn|4\n|\n|t:|1776122301\n|detailschange|p1a: Froslass|Froslass-Mega, L50, F\n|-mega|p1a: Froslass|Froslass|Froslassite\n|-weather|Snowscape|[from] ability: Snow Warning|[of] p1a: Froslass\n|move|p1a: Froslass|Protect|p1a: Froslass\n|-singleturn|p1a: Froslass|Protect\n|move|p2b: Krakatoa|Earth Power|p1b: Arcanine\n|-supereffective|p1b: Arcanine|2\n|-enditem|p1b: Arcanine|Shuca Berry|[eat]\n|-enditem|p1b: Arcanine|Shuca Berry|[weaken]\n|-damage|p1b: Arcanine|36/100\n|move|p1b: Arcanine|Rock Slide|p2b: Krakatoa|[spread] p2a,p2b\n|-supereffective|p2b: Krakatoa|1\n|-damage|p2a: Baret|69/100\n|-damage|p2b: Krakatoa|12/100\n|cant|p2a: Baret|flinch\n|\n|-weather|Snowscape|[upkeep]\n|upkeep\n|turn|5\n|inactive|Waillordbest has 30 seconds left.\n|\n|t:|1776122327\n|move|p1b: Arcanine|Protect|p1b: Arcanine\n|-singleturn|p1b: Arcanine|Protect\n|move|p2b: Krakatoa|Flamethrower|p1a: Froslass\n|-supereffective|p1a: Froslass|1\n|-damage|p1a: Froslass|0 fnt\n|faint|p1a: Froslass\n|move|p2a: Baret|Sludge Bomb|p1b: Arcanine\n|-activate|p1b: Arcanine|move: Protect\n|\n|-weather|Snowscape|[upkeep]\n|-fieldend|move: Trick Room\n|upkeep\n|-message|Waillordbest forfeited.\n|\n|win|L_Yami_H\n|raw|Waillordbest's rating: 1077 &rarr; <strong>1061</strong><br />(-16 for losing)\n|raw|L_Yami_H's rating: 1164 &rarr; <strong>1183</strong><br />(+19 for winning)\n|l|\u2606Waillordbest\n|player|p1|\n",
  "uploadtime": 1776122343,
  "views": 10,
  "formatid": "gen9championsvgc2026regma",
  "rating": 1061,
  "private": 0,
  "password": null
}