{
  "id": "gen9championsvgc2026regma-2582619517",
  "format": "[Gen 9 Champions] VGC 2026 Reg M-A",
  "players": [
    "roval2",
    "Arcato"
  ],
  "log": "|j|\u2606roval2\n|j|\u2606Arcato\n|t:|1776103048\n|gametype|doubles\n|player|p1|roval2|hiker-gen4|1090\n|player|p2|Arcato|101|1133\n|gen|9\n|tier|[Gen 9 Champions] VGC 2026 Reg M-A\n|rated|\n|rule|Species Clause: Limit one of each Pok\u00e9mon\n|rule|Item Clause: Limit 1 of each item\n|clearpoke\n|poke|p1|Sinistcha, L50|\n|poke|p1|Glimmora, L50, F|\n|poke|p1|Starmie, L50|\n|poke|p1|Whimsicott, L50, M|\n|poke|p1|Incineroar, L50, F|\n|poke|p1|Politoed, L50, M|\n|poke|p2|Kleavor, L50, M|\n|poke|p2|Sneasler, L50, M|\n|poke|p2|Tyranitar, L50, F|\n|poke|p2|Sinistcha, L50|\n|poke|p2|Talonflame, L50, F|\n|poke|p2|Rotom-Wash, L50|\n|teampreview|4\n|c|\u2606Arcato|GLHF\n|\n|t:|1776103108\n|teamsize|p1|4\n|teamsize|p2|4\n|start\n|switch|p1a: Starmie|Starmie, L50|100/100\n|switch|p1b: Incineroar|Incineroar, L50, F|100/100\n|switch|p2a: Kleavor|Kleavor, L50, M|100/100\n|switch|p2b: Sneasler|Sneasler, L50, M|100/100\n|-ability|p1b: Incineroar|Intimidate|boost\n|-unboost|p2a: Kleavor|atk|1\n|-unboost|p2b: Sneasler|atk|1\n|-enditem|p2b: Sneasler|White Herb\n|-clearnegativeboost|p2b: Sneasler|[silent]\n|turn|1\n|inactive|Battle timer is ON: inactive players will automatically lose when time's up. (requested by roval2)\n|\n|t:|1776103129\n|move|p1a: Starmie|Protect|p1a: Starmie\n|-singleturn|p1a: Starmie|Protect\n|move|p2b: Sneasler|Fake Out|p1b: Incineroar\n|-damage|p1b: Incineroar|84/100\n|cant|p1b: Incineroar|flinch\n|move|p2a: Kleavor|X-Scissor|p1a: Starmie\n|-activate|p1a: Starmie|move: Protect\n|\n|upkeep\n|turn|2\n|inactive|Arcato has 30 seconds left.\n|inactive|roval2 has 30 seconds left.\n|\n|t:|1776103165\n|detailschange|p1a: Starmie|Starmie-Mega, L50\n|-mega|p1a: Starmie|Starmie|Starminite\n|move|p2b: Sneasler|Dire Claw|p1b: Incineroar\n|-damage|p1b: Incineroar|39/100\n|-enditem|p1b: Incineroar|Sitrus Berry|[eat]\n|-heal|p1b: Incineroar|63/100|[from] item: Sitrus Berry\n|move|p2a: Kleavor|X-Scissor|p1a: Starmie\n|-supereffective|p1a: Starmie|1\n|-damage|p1a: Starmie|0 fnt\n|faint|p1a: Starmie\n|move|p1b: Incineroar|Parting Shot|p2b: Sneasler\n|-unboost|p2b: Sneasler|atk|1\n|-unboost|p2b: Sneasler|spa|1\n|\n|t:|1776103185\n|switch|p1b: Whimsicott|Whimsicott, L50, M|100/100|[from] Parting Shot\n|\n|upkeep\n|c|\u2606roval2|Scard?\n|\n|t:|1776103198\n|switch|p1a: Incineroar|Incineroar, L50, F|63/100\n|-ability|p1a: Incineroar|Intimidate|boost\n|-unboost|p2a: Kleavor|atk|1\n|-unboost|p2b: Sneasler|atk|1\n|turn|3\n|\n|t:|1776103223\n|switch|p2a: Tyranitar|Tyranitar, L50, F|100/100\n|-weather|Sandstorm|[from] ability: Sand Stream|[of] p2a: Tyranitar\n|move|p2b: Sneasler|Protect|p2b: Sneasler\n|-singleturn|p2b: Sneasler|Protect\n|move|p1a: Incineroar|Fake Out|p2b: Sneasler\n|-activate|p2b: Sneasler|move: Protect\n|move|p1b: Whimsicott|Tailwind|p1b: Whimsicott\n|-sidestart|p1: roval2|move: Tailwind\n|\n|-weather|Sandstorm|[upkeep]\n|-damage|p2b: Sneasler|95/100|[from] Sandstorm\n|-damage|p1b: Whimsicott|94/100|[from] Sandstorm\n|-damage|p1a: Incineroar|58/100|[from] Sandstorm\n|upkeep\n|turn|4\n|inactive|Arcato has 30 seconds left.\n|\n|t:|1776103248\n|switch|p2b: Kleavor|Kleavor, L50, M|100/100\n|detailschange|p2a: Tyranitar|Tyranitar-Mega, L50, F\n|-mega|p2a: Tyranitar|Tyranitar|Tyranitarite\n|move|p1b: Whimsicott|Encore||[still]\n|-fail|p1b: Whimsicott\n|move|p1a: Incineroar|Parting Shot|p2a: Tyranitar\n|-unboost|p2a: Tyranitar|atk|1\n|-unboost|p2a: Tyranitar|spa|1\n|\n|t:|1776103257\n|switch|p1a: Politoed|Politoed, L50, M|100/100|[from] Parting Shot\n|-weather|RainDance|[from] ability: Drizzle|[of] p1a: Politoed\n|move|p2a: Tyranitar|Dragon Dance|p2a: Tyranitar\n|-boost|p2a: Tyranitar|atk|1\n|-boost|p2a: Tyranitar|spe|1\n|\n|-weather|RainDance|[upkeep]\n|upkeep\n|turn|5\n|inactive|Arcato has 30 seconds left.\n|inactive|Arcato has 20 seconds left.\n|\n|t:|1776103296\n|switch|p1b: Incineroar|Incineroar, L50, F|58/100\n|-ability|p1b: Incineroar|Intimidate|boost\n|-unboost|p2a: Tyranitar|atk|1\n|-unboost|p2b: Kleavor|atk|1\n|switch|p2b: Sneasler|Sneasler, L50, M|95/100\n|move|p2a: Tyranitar|Protect|p2a: Tyranitar\n|-singleturn|p2a: Tyranitar|Protect\n|move|p1a: Politoed|Weather Ball|p2a: Tyranitar\n|-activate|p2a: Tyranitar|move: Protect\n|\n|-weather|RainDance|[upkeep]\n|upkeep\n|turn|6\n|\n|t:|1776103319\n|switch|p2a: Kleavor|Kleavor, L50, M|100/100\n|move|p1b: Incineroar|Fake Out|p2b: Sneasler\n|-damage|p2b: Sneasler|74/100\n|cant|p2b: Sneasler|flinch\n|move|p1a: Politoed|Weather Ball|p2a: Kleavor\n|-supereffective|p2a: Kleavor|1\n|-damage|p2a: Kleavor|0 fnt\n|faint|p2a: Kleavor\n|\n|-weather|RainDance|[upkeep]\n|-sideend|p1: roval2|move: Tailwind\n|upkeep\n|\n|t:|1776103326\n|switch|p2a: Tyranitar|Tyranitar-Mega, L50, F|100/100\n|-weather|Sandstorm|[from] ability: Sand Stream|[of] p2a: Tyranitar\n|turn|7\n|\n|t:|1776103351\n|switch|p1b: Whimsicott|Whimsicott, L50, M|94/100\n|move|p1a: Politoed|Protect|p1a: Politoed\n|-singleturn|p1a: Politoed|Protect\n|move|p2b: Sneasler|Dire Claw|p1a: Politoed\n|-activate|p1a: Politoed|move: Protect\n|move|p2a: Tyranitar|Dragon Dance|p2a: Tyranitar\n|-boost|p2a: Tyranitar|atk|1\n|-boost|p2a: Tyranitar|spe|1\n|\n|-weather|Sandstorm|[upkeep]\n|-damage|p2b: Sneasler|69/100|[from] Sandstorm\n|-damage|p1b: Whimsicott|88/100|[from] Sandstorm\n|-damage|p1a: Politoed|94/100|[from] Sandstorm\n|-heal|p1a: Politoed|100/100|[from] item: Leftovers\n|upkeep\n|turn|8\n|\n|t:|1776103378\n|switch|p1a: Incineroar|Incineroar, L50, F|58/100\n|-ability|p1a: Incineroar|Intimidate|boost\n|-unboost|p2a: Tyranitar|atk|1\n|-unboost|p2b: Sneasler|atk|1\n|move|p2a: Tyranitar|Protect|p2a: Tyranitar\n|-singleturn|p2a: Tyranitar|Protect\n|move|p1b: Whimsicott|Tailwind|p1b: Whimsicott\n|-sidestart|p1: roval2|move: Tailwind\n|move|p2b: Sneasler|Dire Claw|p1b: Whimsicott\n|-supereffective|p1b: Whimsicott|2\n|-damage|p1b: Whimsicott|0 fnt\n|faint|p1b: Whimsicott\n|\n|-weather|Sandstorm|[upkeep]\n|-damage|p1a: Incineroar|52/100|[from] Sandstorm\n|-damage|p2b: Sneasler|63/100|[from] Sandstorm\n|upkeep\n|\n|t:|1776103395\n|switch|p1b: Politoed|Politoed, L50, M|100/100\n|-weather|RainDance|[from] ability: Drizzle|[of] p1b: Politoed\n|turn|9\n|\n|t:|1776103413\n|switch|p2a: Talonflame|Talonflame, L50, F|100/100\n|move|p2b: Sneasler|Protect|p2b: Sneasler\n|-singleturn|p2b: Sneasler|Protect\n|move|p1a: Incineroar|Fake Out|p2b: Sneasler\n|-activate|p2b: Sneasler|move: Protect\n|move|p1b: Politoed|Weather Ball|p2a: Talonflame\n|-supereffective|p2a: Talonflame|1\n|-enditem|p2a: Talonflame|Focus Sash\n|-damage|p2a: Talonflame|1/100\n|\n|-weather|RainDance|[upkeep]\n|upkeep\n|turn|10\n|inactive|Arcato has 30 seconds left.\n|\n|t:|1776103444\n|switch|p2a: Tyranitar|Tyranitar-Mega, L50, F|100/100\n|-weather|Sandstorm|[from] ability: Sand Stream|[of] p2a: Tyranitar\n|move|p1b: Politoed|Icy Wind|p2a: Tyranitar|[spread] p2a,p2b\n|-damage|p2a: Tyranitar|94/100\n|-damage|p2b: Sneasler|50/100\n|-unboost|p2a: Tyranitar|spe|1\n|-unboost|p2b: Sneasler|spe|1\n|move|p1a: Incineroar|Flare Blitz|p2b: Sneasler\n|-damage|p2b: Sneasler|0 fnt\n|faint|p2b: Sneasler\n|-damage|p1a: Incineroar|39/100|[from] Recoil\n|\n|-weather|Sandstorm|[upkeep]\n|-damage|p1b: Politoed|94/100|[from] Sandstorm\n|-damage|p1a: Incineroar|33/100|[from] Sandstorm\n|-heal|p1b: Politoed|100/100|[from] item: Leftovers\n|upkeep\n|\n|t:|1776103453\n|switch|p2b: Talonflame|Talonflame, L50, F|1/100\n|turn|11\n|inactive|roval2 has 30 seconds left.\n|inactive|roval2 has 20 seconds left.\n|\n|t:|1776103493\n|move|p1b: Politoed|Weather Ball|p2a: Tyranitar\n|-damage|p2a: Tyranitar|81/100\n|move|p1a: Incineroar|Flare Blitz|p2a: Tyranitar\n|-resisted|p2a: Tyranitar|1\n|-damage|p2a: Tyranitar|59/100\n|-damage|p1a: Incineroar|26/100|[from] Recoil\n|move|p2b: Talonflame|Brave Bird|p1b: Politoed\n|-damage|p1b: Politoed|53/100\n|-damage|p2b: Talonflame|0 fnt|[from] Recoil\n|faint|p2b: Talonflame\n|move|p2a: Tyranitar|Rock Slide|p1b: Politoed|[spread] p1a,p1b\n|-supereffective|p1a: Incineroar|1\n|-damage|p1a: Incineroar|0 fnt\n|-damage|p1b: Politoed|14/100\n|faint|p1a: Incineroar\n|\n|-weather|Sandstorm|[upkeep]\n|-damage|p1b: Politoed|8/100|[from] Sandstorm\n|-heal|p1b: Politoed|14/100|[from] item: Leftovers\n|-sideend|p1: roval2|move: Tailwind\n|upkeep\n|turn|12\n|c|\u2606Arcato|Gg\n|inactive|roval2 has 30 seconds left.\n|\n|t:|1776103520\n|move|p1b: Politoed|Ice Beam|p2a: Tyranitar\n|-damage|p2a: Tyranitar|45/100\n|move|p2a: Tyranitar|Lash Out|p1b: Politoed\n|-crit|p1b: Politoed\n|-damage|p1b: Politoed|0 fnt\n|faint|p1b: Politoed\n|\n|win|Arcato\n|raw|roval2's rating: 1090 &rarr; <strong>1069</strong><br />(-21 for losing)\n|raw|Arcato's rating: 1133 &rarr; <strong>1155</strong><br />(+22 for winning)\n",
  "uploadtime": 1776103528,
  "views": 13,
  "formatid": "gen9championsvgc2026regma",
  "rating": 1069,
  "private": 0,
  "password": null
}