{
  "id": "gen9championsvgc2026regma-2584063401",
  "format": "[Gen 9 Champions] VGC 2026 Reg M-A",
  "players": [
    "DriftmanREALVEVO",
    "HuyElkira"
  ],
  "log": "|j|\u2606DriftmanREALVEVO\n|j|\u2606HuyElkira\n|t:|1776221457\n|gametype|doubles\n|player|p1|DriftmanREALVEVO|rood|1000\n|player|p2|HuyElkira|169|1072\n|gen|9\n|tier|[Gen 9 Champions] VGC 2026 Reg M-A\n|rated|\n|rule|Species Clause: Limit one of each Pok\u00e9mon\n|rule|Item Clause: Limit 1 of each item\n|clearpoke\n|poke|p1|Kingambit, L50, M|\n|poke|p1|Salazzle, L50, F|\n|poke|p1|Kleavor, L50, F|\n|poke|p1|Slowking-Galar, L50, F|\n|poke|p1|Starmie, L50|\n|poke|p1|Drampa, L50, M|\n|poke|p2|Floette-Eternal, L50, F|\n|poke|p2|Sinistcha, L50|\n|poke|p2|Basculegion, L50, M|\n|poke|p2|Talonflame, L50, F|\n|poke|p2|Garchomp, L50, M|\n|poke|p2|Rotom-Wash, L50|\n|teampreview|4\nHuyElkira has agreed to open team sheets.\n|\n|t:|1776221509\n|teamsize|p1|4\n|teamsize|p2|4\n|start\n|switch|p1a: Kleavor|Kleavor, L50, F, shiny|100/100\n|switch|p1b: Salazzle|Salazzle, L50, F, shiny|100/100\n|switch|p2a: Burning D1ck|Talonflame, L50, F|100/100\n|switch|p2b: Nuclear Weapons|Floette-Eternal, L50, F|100/100\n|turn|1\n|\n|t:|1776221526\n|detailschange|p2b: Nuclear Weapons|Floette-Mega, L50, F\n|-mega|p2b: Nuclear Weapons|Floette|Floettite\n|-ability|p2b: Nuclear Weapons|Fairy Aura\n|move|p1b: Salazzle|Fake Out|p2b: Nuclear Weapons\n|-damage|p2b: Nuclear Weapons|92/100\n|move|p2a: Burning D1ck|Tailwind|p2a: Burning D1ck\n|-sidestart|p2: HuyElkira|move: Tailwind\n|cant|p2b: Nuclear Weapons|flinch\n|move|p1a: Kleavor|Stone Axe|p2a: Burning D1ck|[miss]\n|-miss|p1a: Kleavor|p2a: Burning D1ck\n|\n|upkeep\n|turn|2\n|\n|t:|1776221547\n|move|p2a: Burning D1ck|Brave Bird|p1b: Salazzle\n|-enditem|p1b: Salazzle|Focus Sash\n|-damage|p1b: Salazzle|1/100\n|-damage|p2a: Burning D1ck|70/100|[from] Recoil\n|move|p2b: Nuclear Weapons|Calm Mind|p2b: Nuclear Weapons\n|-boost|p2b: Nuclear Weapons|spa|1\n|-boost|p2b: Nuclear Weapons|spd|1\n|move|p1a: Kleavor|Stone Axe|p2a: Burning D1ck\n|-supereffective|p2a: Burning D1ck|2\n|-damage|p2a: Burning D1ck|0 fnt\n|-sidestart|p2: HuyElkira|move: Stealth Rock\n|faint|p2a: Burning D1ck\n|move|p1b: Salazzle|Sludge Bomb|p2b: Nuclear Weapons\n|-supereffective|p2b: Nuclear Weapons|1\n|-damage|p2b: Nuclear Weapons|39/100\n|\n|upkeep\n|\n|t:|1776221567\n|switch|p2a: Yus Think ab it|Rotom-Wash, L50|100/100\n|-damage|p2a: Yus Think ab it|88/100|[from] Stealth Rock\n|turn|3\n|\n|t:|1776221577\n|move|p1b: Salazzle|Protect|p1b: Salazzle\n|-singleturn|p1b: Salazzle|Protect\n|move|p2b: Nuclear Weapons|Dazzling Gleam|p1a: Kleavor|[spread] p1a\n|-activate|p1b: Salazzle|move: Protect\n|-damage|p1a: Kleavor|0 fnt\n|faint|p1a: Kleavor\n|move|p2a: Yus Think ab it|Will-O-Wisp|p1b: Salazzle\n|-activate|p1b: Salazzle|move: Protect\n|\n|-heal|p2a: Yus Think ab it|94/100|[from] item: Leftovers\n|upkeep\n|\n|t:|1776221591\n|switch|p1a: Kingambit|Kingambit, L50, M, shiny|100/100\n|turn|4\n|\n|t:|1776221604\n|move|p2b: Nuclear Weapons|Light of Ruin|p1a: Kingambit\n|-damage|p1a: Kingambit|0 fnt\n|faint|p1a: Kingambit\n|-damage|p2b: Nuclear Weapons|0 fnt|[from] Recoil\n|faint|p2b: Nuclear Weapons\n|move|p2a: Yus Think ab it|Electroweb|p1b: Salazzle\n|-damage|p1b: Salazzle|0 fnt\n|faint|p1b: Salazzle\n|\n|-heal|p2a: Yus Think ab it|99/100|[from] item: Leftovers\n|-sideend|p2: HuyElkira|move: Tailwind\n|upkeep\n|\n|t:|1776221622\n|switch|p2b: Your mom|Garchomp, L50, M|100/100\n|switch|p1a: Starmie|Starmie, L50, shiny|100/100\n|-damage|p2b: Your mom|95/100|[from] Stealth Rock\n|turn|5\n|\n|t:|1776221636\n|detailschange|p1a: Starmie|Starmie-Mega, L50, shiny\n|-mega|p1a: Starmie|Starmie|Starminite\n|move|p1a: Starmie|Ice Spinner|p2b: Your mom\n|-supereffective|p2b: Your mom|2\n|-damage|p2b: Your mom|0 fnt\n|-damage|p1a: Starmie|89/100|[from] ability: Rough Skin|[of] p2b: Your mom\n|faint|p2b: Your mom\n|move|p2a: Yus Think ab it|Eerie Impulse|p1a: Starmie\n|-unboost|p1a: Starmie|spa|2\n|\n|-heal|p2a: Yus Think ab it|100/100|[from] item: Leftovers\n|upkeep\n|turn|6\n|\n|t:|1776221649\n|move|p1a: Starmie|Psycho Cut|p2a: Yus Think ab it\n|-damage|p2a: Yus Think ab it|29/100\n|move|p2a: Yus Think ab it|Volt Switch|p1a: Starmie\n|-supereffective|p1a: Starmie|1\n|-damage|p1a: Starmie|26/100\n|\n|-heal|p2a: Yus Think ab it|35/100|[from] item: Leftovers\n|upkeep\n|turn|7\n|\n|t:|1776221658\n|move|p1a: Starmie|Psycho Cut|p2a: Yus Think ab it\n|-damage|p2a: Yus Think ab it|0 fnt\n|faint|p2a: Yus Think ab it\n|\n|win|DriftmanREALVEVO\n|raw|DriftmanREALVEVO's rating: 1000 &rarr; <strong>1048</strong><br />(+48 for winning)\n|raw|HuyElkira's rating: 1072 &rarr; <strong>1047</strong><br />(-25 for losing)\n",
  "uploadtime": 1776221668,
  "views": 17,
  "formatid": "gen9championsvgc2026regma",
  "rating": 1047,
  "private": 0,
  "password": null
}