{
  "id": "gen9championsvgc2026regma-2585363424",
  "format": "[Gen 9 Champions] VGC 2026 Reg M-A",
  "players": [
    "dr.pq",
    "Thiagovik"
  ],
  "log": "|j|\u2606dr.pq\n|j|\u2606Thiagovik\n|t:|1776341502\n|gametype|doubles\n|player|p1|dr.pq|emmet|1028\n|player|p2|Thiagovik|blackbelt-gen4|1000\n|gen|9\n|tier|[Gen 9 Champions] VGC 2026 Reg M-A\n|rated|\n|rule|Species Clause: Limit one of each Pok\u00e9mon\n|rule|Item Clause: Limit 1 of each item\n|clearpoke\n|poke|p1|Charizard, L50, M|\n|poke|p1|Meganium, L50, F|\n|poke|p1|Whimsicott, L50, F|\n|poke|p1|Garchomp, L50, M|\n|poke|p1|Sneasler, L50, M|\n|poke|p1|Typhlosion-Hisui, L50, F|\n|poke|p2|Incineroar, L50, F|\n|poke|p2|Kingambit, L50, M|\n|poke|p2|Milotic, L50, M|\n|poke|p2|Aerodactyl, L50, M|\n|poke|p2|Sneasler, L50, F|\n|poke|p2|Sinistcha, L50|\n|teampreview|4\n|inactive|Battle timer is ON: inactive players will automatically lose when time's up. (requested by dr.pq)\n|\n|t:|1776341528\n|teamsize|p1|4\n|teamsize|p2|4\n|start\n|switch|p1a: Drake|Charizard, L50, M, shiny|100/100\n|switch|p1b: Minimum !|Typhlosion-Hisui, L50, F|100/100\n|switch|p2a: Venenosa eee|Sneasler, L50, F|100/100\n|switch|p2b: Gambit|Kingambit, L50, M|100/100\n|-item|p2a: Venenosa eee|Focus Sash|[from] ability: Frisk|[of] p1b: Minimum !\n|-item|p2b: Gambit|Black Glasses|[from] ability: Frisk|[of] p1b: Minimum !\n|turn|1\n|inactiveoff|Battle timer is now OFF.\n|\n|t:|1776341564\n|detailschange|p1a: Drake|Charizard-Mega-Y, L50, M, shiny\n|-mega|p1a: Drake|Charizard|Charizardite Y\n|-weather|SunnyDay|[from] ability: Drought|[of] p1a: Drake\n|move|p2a: Venenosa eee|Fake Out|p1a: Drake\n|-damage|p1a: Drake|82/100\n|move|p2b: Gambit|Sucker Punch|p1b: Minimum !\n|-supereffective|p1b: Minimum !|1\n|-damage|p1b: Minimum !|0 fnt\n|faint|p1b: Minimum !\n|cant|p1a: Drake|flinch\n|\n|-weather|SunnyDay|[upkeep]\n|upkeep\n|c|\u2606dr.pq|noooooooooooooooooo\n|\n|t:|1776341583\n|switch|p1b: Inoxtag|Sneasler, L50, M, shiny|100/100\n|turn|2\n|\n|t:|1776341604\n|move|p2b: Gambit|Protect|p2b: Gambit\n|-singleturn|p2b: Gambit|Protect\n|move|p2a: Venenosa eee|Dire Claw|p1a: Drake\n|-damage|p1a: Drake|24/100\n|move|p1b: Inoxtag|Close Combat|p2b: Gambit\n|-activate|p2b: Gambit|move: Protect\n|move|p1a: Drake|Heat Wave|p2a: Venenosa eee|[spread] p2a\n|-activate|p2b: Gambit|move: Protect\n|-damage|p2a: Venenosa eee|15/100\n|\n|-weather|SunnyDay|[upkeep]\n|upkeep\n|turn|3\n|c|\u2606dr.pq|do you know Inoxtag ?\n|\n|t:|1776341636\n|switch|p2b: Ariel|Milotic, L50, M|100/100\n|move|p1a: Drake|Protect|p1a: Drake\n|-singleturn|p1a: Drake|Protect\n|move|p2a: Venenosa eee|Dire Claw|p1a: Drake\n|-activate|p1a: Drake|move: Protect\n|move|p1b: Inoxtag|Close Combat|p2b: Ariel\n|-damage|p2b: Ariel|46/100\n|-unboost|p1b: Inoxtag|def|1\n|-unboost|p1b: Inoxtag|spd|1\n|\n|-weather|SunnyDay|[upkeep]\n|-heal|p2b: Ariel|51/100|[from] item: Leftovers\n|upkeep\n|turn|4\n|\n|t:|1776341673\n|move|p2b: Ariel|Protect|p2b: Ariel\n|-singleturn|p2b: Ariel|Protect\n|move|p2a: Venenosa eee|Dire Claw|p1a: Drake\n|-damage|p1a: Drake|0 fnt\n|faint|p1a: Drake\n|move|p1b: Inoxtag|Dire Claw|p2a: Venenosa eee\n|-resisted|p2a: Venenosa eee|1\n|-damage|p2a: Venenosa eee|0 fnt\n|faint|p2a: Venenosa eee\n|\n|-weather|SunnyDay|[upkeep]\n|-heal|p2b: Ariel|57/100|[from] item: Leftovers\n|upkeep\n|\n|t:|1776341690\n|switch|p2a: Aerolito|Aerodactyl, L50, M|100/100\n|switch|p1a: Atchoum|Whimsicott, L50, F, shiny|100/100\n|-ability|p2a: Aerolito|Unnerve\n|turn|5\n|c|\u2606dr.pq|gg mdr\n|\n|t:|1776341725\n|detailschange|p2a: Aerolito|Aerodactyl-Mega, L50, M\n|-mega|p2a: Aerolito|Aerodactyl|Aerodactylite\n|move|p2a: Aerolito|Dual Wingbeat|p1b: Inoxtag\n|-supereffective|p1b: Inoxtag|1\n|-damage|p1b: Inoxtag|0 fnt\n|faint|p1b: Inoxtag\n|-hitcount|p1: Inoxtag|1\n|move|p1a: Atchoum|Moonblast|p2a: Aerolito\n|-damage|p2a: Aerolito|60/100\n|move|p2b: Ariel|Icy Wind|p1a: Atchoum\n|-supereffective|p1a: Atchoum|1\n|-damage|p1a: Atchoum|60/100\n|-unboost|p1a: Atchoum|spe|1\n|\n|-weather|none\n|-heal|p1a: Atchoum|65/100|[from] item: Leftovers\n|-heal|p2b: Ariel|63/100|[from] item: Leftovers\n|upkeep\n|turn|6\n|\n|t:|1776341749\n|move|p1a: Atchoum|Protect|p1a: Atchoum\n|-singleturn|p1a: Atchoum|Protect\n|move|p2a: Aerolito|Dual Wingbeat|p1a: Atchoum\n|-activate|p1a: Atchoum|move: Protect\n|move|p2b: Ariel|Recover|p2b: Ariel\n|-heal|p2b: Ariel|100/100\n|\n|-heal|p1a: Atchoum|71/100|[from] item: Leftovers\n|upkeep\n|turn|7\n|inactive|Battle timer is ON: inactive players will automatically lose when time's up. (requested by dr.pq)\n|\n|t:|1776341762\n|move|p1a: Atchoum|Protect|p1a: Atchoum\n|-singleturn|p1a: Atchoum|Protect\n|move|p2a: Aerolito|Dual Wingbeat|p1a: Atchoum\n|-activate|p1a: Atchoum|move: Protect\n|move|p2b: Ariel|Icy Wind|p1a: Atchoum\n|-activate|p1a: Atchoum|move: Protect\n|\n|-heal|p1a: Atchoum|77/100|[from] item: Leftovers\n|upkeep\n|turn|8\n|c|\u2606dr.pq|JaaJ\n|\n|t:|1776341775\n|move|p1a: Atchoum|Protect|p1a: Atchoum\n|-singleturn|p1a: Atchoum|Protect\n|move|p2a: Aerolito|Dual Wingbeat|p1a: Atchoum\n|-activate|p1a: Atchoum|move: Protect\n|move|p2b: Ariel|Icy Wind|p1a: Atchoum\n|-activate|p1a: Atchoum|move: Protect\n|\n|-heal|p1a: Atchoum|83/100|[from] item: Leftovers\n|upkeep\n|turn|9\n|c|\u2606dr.pq|mdrrr\n|\n|t:|1776341800\n|move|p1a: Atchoum|Protect||[still]\n|-fail|p1a: Atchoum\n|move|p2a: Aerolito|Dual Wingbeat|p1a: Atchoum\n|-supereffective|p1a: Atchoum|1\n|-damage|p1a: Atchoum|0 fnt\n|faint|p1a: Atchoum\n|-hitcount|p1: Atchoum|1\n|\n|win|Thiagovik\n|raw|dr.pq's rating: 1028 &rarr; <strong>1013</strong><br />(-15 for losing)\n|raw|Thiagovik's rating: 1000 &rarr; <strong>1043</strong><br />(+43 for winning)\n|l|\u2606dr.pq\n|player|p1|\n",
  "uploadtime": 1776341809,
  "views": 26,
  "formatid": "gen9championsvgc2026regma",
  "rating": 1013,
  "private": 0,
  "password": null
}