{
  "id": "gen9championsvgc2026regma-2580859874",
  "format": "[Gen 9 Champions] VGC 2026 Reg M-A",
  "players": [
    "Woobiusart",
    "jljlkk"
  ],
  "log": "|j|\u2606Woobiusart\n|j|\u2606jljlkk\n|t:|1775938398\n|gametype|doubles\n|player|p1|Woobiusart|roxie|1000\n|player|p2|jljlkk|iris-gen5bw2|1059\n|gen|9\n|tier|[Gen 9 Champions] VGC 2026 Reg M-A\n|rated|\n|rule|Species Clause: Limit one of each Pok\u00e9mon\n|rule|Item Clause: Limit 1 of each item\n|clearpoke\n|poke|p1|Rotom-Wash, L50|\n|poke|p1|Chandelure, L50, F|\n|poke|p1|Sylveon, L50, F|\n|poke|p1|Garchomp, L50, F|\n|poke|p1|Glimmora, L50, F|\n|poke|p1|Beedrill, L50, F|\n|poke|p2|Gengar, L50, M|\n|poke|p2|Incineroar, L50, F|\n|poke|p2|Sneasler, L50, M|\n|poke|p2|Whimsicott, L50, F|\n|poke|p2|Politoed, L50, F|\n|teampreview|4\n|\n|t:|1775938415\n|teamsize|p1|4\n|teamsize|p2|4\n|start\n|switch|p1a: Rotom|Rotom-Wash, L50|100/100\n|switch|p1b: Glimmora|Glimmora, L50, F|100/100\n|switch|p2a: Gengar|Gengar, L50, M|100/100\n|switch|p2b: Whimsicott|Whimsicott, L50, F|100/100\n|turn|1\n|\n|t:|1775938434\n|detailschange|p2a: Gengar|Gengar-Mega, L50, M\n|-mega|p2a: Gengar|Gengar|Gengarite\n|move|p2b: Whimsicott|Protect|p2b: Whimsicott\n|-singleturn|p2b: Whimsicott|Protect\n|move|p2a: Gengar|Protect|p2a: Gengar\n|-singleturn|p2a: Gengar|Protect\n|move|p1a: Rotom|Electroweb|p2a: Gengar|[spread] \n|-activate|p2a: Gengar|move: Protect\n|-activate|p2b: Whimsicott|move: Protect\n|move|p1b: Glimmora|Stealth Rock|p2b: Whimsicott\n|-sidestart|p2: jljlkk|move: Stealth Rock\n|\n|upkeep\n|turn|2\n|\n|t:|1775938464\n|move|p1a: Rotom|Protect|p1a: Rotom\n|-singleturn|p1a: Rotom|Protect\n|move|p1b: Glimmora|Protect|p1b: Glimmora\n|-singleturn|p1b: Glimmora|Protect\n|move|p2b: Whimsicott|Tailwind|p2b: Whimsicott\n|-sidestart|p2: jljlkk|move: Tailwind\n|move|p2a: Gengar|Perish Song|p2a: Gengar\n|-start|p1a: Rotom|perish3|[silent]\n|-start|p1b: Glimmora|perish3|[silent]\n|-start|p2a: Gengar|perish3|[silent]\n|-start|p2b: Whimsicott|perish3|[silent]\n|-fieldactivate|move: Perish Song\n|\n|-start|p2a: Gengar|perish3\n|-start|p2b: Whimsicott|perish3\n|-start|p1a: Rotom|perish3\n|-start|p1b: Glimmora|perish3\n|upkeep\n|turn|3\n|\n|t:|1775938480\n|move|p2b: Whimsicott|Protect|p2b: Whimsicott\n|-singleturn|p2b: Whimsicott|Protect\n|move|p2a: Gengar|Protect|p2a: Gengar\n|-singleturn|p2a: Gengar|Protect\n|move|p1a: Rotom|Electroweb|p2b: Whimsicott|[spread] \n|-activate|p2a: Gengar|move: Protect\n|-activate|p2b: Whimsicott|move: Protect\n|move|p1b: Glimmora|Spikes|p2a: Gengar\n|-sidestart|p2: jljlkk|Spikes\n|\n|-start|p2a: Gengar|perish2\n|-start|p2b: Whimsicott|perish2\n|-start|p1a: Rotom|perish2\n|-start|p1b: Glimmora|perish2\n|upkeep\n|turn|4\n|\n|t:|1775938525\n|move|p1a: Rotom|Protect|p1a: Rotom\n|-singleturn|p1a: Rotom|Protect\n|move|p1b: Glimmora|Protect|p1b: Glimmora\n|-singleturn|p1b: Glimmora|Protect\n|move|p2b: Whimsicott|Encore|p1b: Glimmora\n|-activate|p1b: Glimmora|move: Protect\n|move|p2a: Gengar|Shadow Ball|p1a: Rotom\n|-activate|p1a: Rotom|move: Protect\n|\n|-start|p2a: Gengar|perish1\n|-start|p2b: Whimsicott|perish1\n|-start|p1a: Rotom|perish1\n|-start|p1b: Glimmora|perish1\n|upkeep\n|turn|5\n|\n|t:|1775938564\n|switch|p2a: Politoed|Politoed, L50, F|100/100\n|-damage|p2a: Politoed|89/100|[from] Stealth Rock\n|-damage|p2a: Politoed|77/100|[from] Spikes\n|-weather|RainDance|[from] ability: Drizzle|[of] p2a: Politoed\n|switch|p2b: Incineroar|Incineroar, L50, F|100/100\n|-damage|p2b: Incineroar|76/100|[from] Stealth Rock\n|-damage|p2b: Incineroar|63/100|[from] Spikes\n|-ability|p2b: Incineroar|Intimidate|boost\n|-unboost|p1a: Rotom|atk|1\n|-unboost|p1b: Glimmora|atk|1\n|move|p1a: Rotom|Volt Switch|p2a: Politoed\n|-supereffective|p2a: Politoed|1\n|-damage|p2a: Politoed|23/100\n|\n|t:|1775938579\n|switch|p1a: Garchomp|Garchomp, L50, F|100/100|[from] Volt Switch\n|move|p1b: Glimmora|Sludge Bomb|p2b: Incineroar\n|-damage|p2b: Incineroar|20/100\n|-enditem|p2b: Incineroar|Sitrus Berry|[eat]\n|-heal|p2b: Incineroar|45/100|[from] item: Sitrus Berry\n|\n|-weather|RainDance|[upkeep]\n|-start|p1b: Glimmora|perish0\n|-sideend|p2: jljlkk|move: Tailwind\n|upkeep\n|faint|p1b: Glimmora\n|\n|t:|1775938589\n|switch|p1b: Rotom|Rotom-Wash, L50|100/100\n|turn|6\n|\n|t:|1775938607\n|move|p2b: Incineroar|Fake Out|p1a: Garchomp\n|-damage|p1a: Garchomp|90/100\n|-damage|p2b: Incineroar|33/100|[from] ability: Rough Skin|[of] p1a: Garchomp\n|cant|p1a: Garchomp|flinch\n|move|p1b: Rotom|Electroweb|p2b: Incineroar|[spread] p2a,p2b\n|-supereffective|p2a: Politoed|1\n|-damage|p2a: Politoed|0 fnt\n|-damage|p2b: Incineroar|22/100\n|-unboost|p2b: Incineroar|spe|1\n|faint|p2a: Politoed\n|\n|-weather|RainDance|[upkeep]\n|upkeep\n|\n|t:|1775938619\n|switch|p2a: Whimsicott|Whimsicott, L50, F|100/100\n|-damage|p2a: Whimsicott|88/100|[from] Stealth Rock\n|-damage|p2a: Whimsicott|76/100|[from] Spikes\n|turn|7\n|-activate|p1a: Garchomp|item: Quick Claw\n|\n|t:|1775938629\n|move|p2a: Whimsicott|Tailwind|p2a: Whimsicott\n|-sidestart|p2: jljlkk|move: Tailwind\n|move|p1a: Garchomp|Swords Dance|p1a: Garchomp\n|-boost|p1a: Garchomp|atk|2\n|move|p1b: Rotom|Electroweb|p2b: Incineroar|[spread] p2a,p2b\n|-resisted|p2a: Whimsicott|1\n|-damage|p2a: Whimsicott|65/100\n|-damage|p2b: Incineroar|11/100\n|-unboost|p2a: Whimsicott|spe|1\n|-unboost|p2b: Incineroar|spe|1\n|move|p2b: Incineroar|Parting Shot|p1a: Garchomp\n|-unboost|p1a: Garchomp|atk|1\n|-unboost|p1a: Garchomp|spa|1\n|\n|t:|1775938641\n|switch|p2b: Gengar|Gengar-Mega, L50, M|100/100|[from] Parting Shot\n|-damage|p2b: Gengar|88/100|[from] Stealth Rock\n|-damage|p2b: Gengar|76/100|[from] Spikes\n|\n|-weather|RainDance|[upkeep]\n|upkeep\n|turn|8\n|\n|t:|1775938656\n|move|p2b: Gengar|Shadow Ball|p1a: Garchomp\n|-damage|p1a: Garchomp|36/100\n|move|p2a: Whimsicott|Moonblast|p1a: Garchomp\n|-supereffective|p1a: Garchomp|1\n|-damage|p1a: Garchomp|0 fnt\n|faint|p1a: Garchomp\n|move|p1b: Rotom|Electroweb|p2a: Whimsicott|[spread] p2a,p2b\n|-resisted|p2a: Whimsicott|1\n|-damage|p2a: Whimsicott|52/100\n|-damage|p2b: Gengar|55/100\n|-unboost|p2a: Whimsicott|spe|1\n|-unboost|p2b: Gengar|spe|1\n|\n|-weather|RainDance|[upkeep]\n|upkeep\n|\n|t:|1775938667\n|switch|p1a: Beedrill|Beedrill, L50, F|100/100\n|turn|9\n|\n|t:|1775938681\n|detailschange|p1a: Beedrill|Beedrill-Mega, L50, F\n|-mega|p1a: Beedrill|Beedrill|Beedrillite\n|move|p2b: Gengar|Shadow Ball|p1a: Beedrill\n|-damage|p1a: Beedrill|24/100\n|move|p1a: Beedrill|Drill Run|p2b: Gengar\n|-supereffective|p2b: Gengar|1\n|-crit|p2b: Gengar\n|-damage|p2b: Gengar|0 fnt\n|faint|p2b: Gengar\n|move|p1b: Rotom|Electroweb|p2a: Whimsicott\n|-resisted|p2a: Whimsicott|1\n|-damage|p2a: Whimsicott|36/100\n|-unboost|p2a: Whimsicott|spe|1\n|move|p2a: Whimsicott|Moonblast|p1a: Beedrill\n|-resisted|p1a: Beedrill|1\n|-damage|p1a: Beedrill|0 fnt\n|faint|p1a: Beedrill\n|\n|-weather|none\n|upkeep\n|\n|t:|1775938695\n|switch|p2b: Incineroar|Incineroar, L50, F|11/100\n|-damage|p2b: Incineroar|0 fnt|[from] Stealth Rock\n|faint|p2b: Incineroar\n|turn|10\n|-message|jljlkk forfeited.\n|\n|win|Woobiusart\n|raw|Woobiusart's rating: 1000 &rarr; <strong>1047</strong><br />(+47 for winning)\n|raw|jljlkk's rating: 1059 &rarr; <strong>1037</strong><br />(-22 for losing)\n|l|\u2606jljlkk\n|player|p2|\n",
  "uploadtime": 1775938833,
  "views": 16,
  "formatid": "gen9championsvgc2026regma",
  "rating": 1037,
  "private": 0,
  "password": null
}