{
  "id": "gen9championsvgc2026regma-2583585368",
  "format": "[Gen 9 Champions] VGC 2026 Reg M-A",
  "players": [
    "TreyBayBay",
    "CaptainSmokah"
  ],
  "log": "|j|\u2606TreyBayBay\n|j|\u2606CaptainSmokah\n|t:|1776184884\n|gametype|doubles\n|player|p1|TreyBayBay|ninjaboy|1375\n|player|p2|CaptainSmokah|palmer|1293\n|gen|9\n|tier|[Gen 9 Champions] VGC 2026 Reg M-A\n|rated|\n|rule|Species Clause: Limit one of each Pok\u00e9mon\n|rule|Item Clause: Limit 1 of each item\n|clearpoke\n|poke|p1|Sinistcha, L50|\n|poke|p1|Aggron, L50, F|\n|poke|p1|Politoed, L50, M|\n|poke|p1|Kleavor, L50, M|\n|poke|p1|Farigiraf, L50, M|\n|poke|p1|Maushold, L50|\n|poke|p2|Kangaskhan, L50, F|\n|poke|p2|Sneasler, L50, M|\n|poke|p2|Aerodactyl, L50, M|\n|poke|p2|Umbreon, L50, F|\n|poke|p2|Dragonite, L50, M|\n|poke|p2|Sinistcha, L50|\n|teampreview|4\n|inactive|Battle timer is ON: inactive players will automatically lose when time's up. (requested by CaptainSmokah)\n|\n|t:|1776184914\n|teamsize|p1|4\n|teamsize|p2|4\n|start\n|switch|p1a: Aggron|Aggron, L50, F, shiny|100/100\n|switch|p1b: Kleavor|Kleavor, L50, M, shiny|100/100\n|switch|p2a: Kangaskhan|Kangaskhan, L50, F|100/100\n|switch|p2b: Sneasler|Sneasler, L50, M|100/100\n|turn|1\n|inactive|CaptainSmokah has 30 seconds left.\n|inactive|CaptainSmokah has 20 seconds left.\n|\n|t:|1776184951\n|switch|p1a: Farigiraf|Farigiraf, L50, M, shiny|100/100\n|detailschange|p2a: Kangaskhan|Kangaskhan-Mega, L50, F\n|-mega|p2a: Kangaskhan|Kangaskhan|Kangaskhanite\n|move|p1b: Kleavor|Stone Axe|p2b: Sneasler\n|-resisted|p2b: Sneasler|1\n|-damage|p2b: Sneasler|57/100\n|-sidestart|p2: CaptainSmokah|move: Stealth Rock\n|move|p2b: Sneasler|Coaching|p2a: Kangaskhan\n|-boost|p2a: Kangaskhan|atk|1\n|-boost|p2a: Kangaskhan|def|1\n|move|p2a: Kangaskhan|Low Kick|p1a: Farigiraf\n|-damage|p1a: Farigiraf|49/100\n|-damage|p1a: Farigiraf|38/100\n|-hitcount|p1a: Farigiraf|2\n|\n|upkeep\n|turn|2\n|\n|t:|1776184972\n|move|p1b: Kleavor|Stone Axe|p2a: Kangaskhan|[miss]\n|-miss|p1b: Kleavor|p2a: Kangaskhan\n|move|p2b: Sneasler|Close Combat|p1b: Kleavor\n|-damage|p1b: Kleavor|24/100\n|-unboost|p2b: Sneasler|def|1\n|-unboost|p2b: Sneasler|spd|1\n|-enditem|p2b: Sneasler|White Herb\n|-clearnegativeboost|p2b: Sneasler|[silent]\n|move|p2a: Kangaskhan|Double-Edge|p1a: Farigiraf\n|-damage|p1a: Farigiraf|0 fnt\n|faint|p1a: Farigiraf\n|-hitcount|p1: Farigiraf|1\n|-damage|p2a: Kangaskhan|87/100|[from] Recoil\n|\n|upkeep\n|\n|t:|1776184988\n|switch|p1a: Sinistcha|Sinistcha, L50|100/100\n|-heal|p1b: Kleavor|49/100|[from] ability: Hospitality|[of] p1a: Sinistcha\n|turn|3\n|\n|t:|1776184998\n|move|p2b: Sneasler|Dire Claw|p1a: Sinistcha\n|-damage|p1a: Sinistcha|73/100\n|-status|p1a: Sinistcha|par\n|move|p1b: Kleavor|Stone Axe|p2a: Kangaskhan\n|-damage|p2a: Kangaskhan|60/100\n|move|p2a: Kangaskhan|Double-Edge|p1b: Kleavor\n|-resisted|p1b: Kleavor|1\n|-damage|p1b: Kleavor|0 fnt\n|faint|p1b: Kleavor\n|-hitcount|p1: Kleavor|1\n|-damage|p2a: Kangaskhan|50/100|[from] Recoil\n|move|p1a: Sinistcha|Trick Room|p1a: Sinistcha\n|-fieldstart|move: Trick Room|[of] p1a: Sinistcha\n|\n|upkeep\n|\n|t:|1776185011\n|switch|p1b: Aggron|Aggron, L50, F, shiny|100/100\n|turn|4\n|\n|t:|1776185033\n|switch|p2b: Sinistcha|Sinistcha, L50|100/100\n|-damage|p2b: Sinistcha|88/100|[from] Stealth Rock\n|-heal|p2a: Kangaskhan|75/100|[from] ability: Hospitality|[of] p2b: Sinistcha\n|detailschange|p1b: Aggron|Aggron-Mega, L50, F, shiny\n|-mega|p1b: Aggron|Aggron|Aggronite\n|move|p1a: Sinistcha|Rage Powder|p1a: Sinistcha\n|-singleturn|p1a: Sinistcha|move: Rage Powder\n|move|p1b: Aggron|Iron Defense|p1b: Aggron\n|-boost|p1b: Aggron|def|2\n|move|p2a: Kangaskhan|Low Kick|p1a: Sinistcha\n|-immune|p1a: Sinistcha\n|\n|upkeep\n|turn|5\n|inactive|TreyBayBay has 30 seconds left.\n|\n|t:|1776185061\n|move|p2a: Kangaskhan|Sucker Punch||[still]\n|-fail|p2a: Kangaskhan\n|move|p1a: Sinistcha|Matcha Gotcha|p2a: Kangaskhan|[spread] p2a,p2b\n|-resisted|p2b: Sinistcha|1\n|-damage|p2a: Kangaskhan|54/100\n|-heal|p1a: Sinistcha|85/100 par|[from] drain|[of] p2a: Kangaskhan\n|-damage|p2b: Sinistcha|75/100\n|-heal|p1a: Sinistcha|92/100 par|[from] drain|[of] p2b: Sinistcha\n|-status|p2a: Kangaskhan|brn\n|move|p1b: Aggron|Iron Defense|p1b: Aggron\n|-boost|p1b: Aggron|def|2\n|move|p2b: Sinistcha|Matcha Gotcha|p1a: Sinistcha|[spread] p1a,p1b\n|-resisted|p1a: Sinistcha|1\n|-resisted|p1b: Aggron|1\n|-damage|p1a: Sinistcha|77/100 par\n|-heal|p2b: Sinistcha|83/100|[from] drain|[of] p1a: Sinistcha\n|-damage|p1b: Aggron|90/100\n|-heal|p2b: Sinistcha|89/100|[from] drain|[of] p1b: Aggron\n|\n|-damage|p2a: Kangaskhan|48/100 brn|[from] brn\n|upkeep\n|turn|6\n|inactive|TreyBayBay has 30 seconds left.\n|\n|t:|1776185086\n|move|p1a: Sinistcha|Rage Powder|p1a: Sinistcha\n|-singleturn|p1a: Sinistcha|move: Rage Powder\n|move|p2a: Kangaskhan|Sucker Punch||[still]\n|-fail|p2a: Kangaskhan\n|move|p1b: Aggron|Heavy Slam|p2b: Sinistcha\n|-damage|p2b: Sinistcha|41/100\n|-enditem|p2b: Sinistcha|Sitrus Berry|[eat]\n|-heal|p2b: Sinistcha|65/100|[from] item: Sitrus Berry\n|move|p2b: Sinistcha|Matcha Gotcha|p1a: Sinistcha|[spread] p1a,p1b\n|-resisted|p1a: Sinistcha|1\n|-resisted|p1b: Aggron|1\n|-damage|p1a: Sinistcha|62/100 par\n|-heal|p2b: Sinistcha|73/100|[from] drain|[of] p1a: Sinistcha\n|-damage|p1b: Aggron|80/100\n|-heal|p2b: Sinistcha|78/100|[from] drain|[of] p1b: Aggron\n|-status|p1b: Aggron|brn\n|\n|-damage|p1b: Aggron|74/100 brn|[from] brn\n|-damage|p2a: Kangaskhan|42/100 brn|[from] brn\n|upkeep\n|turn|7\n|\n|t:|1776185107\n|move|p1a: Sinistcha|Life Dew|p1a: Sinistcha|[spread] p1a,p1b\n|-heal|p1a: Sinistcha|88/100 par\n|-heal|p1b: Aggron|99/100 brn\n|move|p1b: Aggron|Heavy Slam|p2b: Sinistcha\n|-damage|p2b: Sinistcha|54/100\n|move|p2b: Sinistcha|Life Dew|p2b: Sinistcha|[spread] p2a,p2b\n|-heal|p2a: Kangaskhan|67/100 brn\n|-heal|p2b: Sinistcha|78/100\n|move|p2a: Kangaskhan|Low Kick|p1b: Aggron\n|-supereffective|p1b: Aggron|1\n|-damage|p1b: Aggron|93/100 brn\n|-supereffective|p1b: Aggron|1\n|-damage|p1b: Aggron|91/100 brn\n|-hitcount|p1b: Aggron|2\n|\n|-damage|p1b: Aggron|85/100 brn|[from] brn\n|-damage|p2a: Kangaskhan|61/100 brn|[from] brn\n|-fieldend|move: Trick Room\n|upkeep\n|turn|8\n|\n|t:|1776185124\n|move|p2a: Kangaskhan|Low Kick|p1b: Aggron\n|-supereffective|p1b: Aggron|1\n|-damage|p1b: Aggron|78/100 brn\n|-supereffective|p1b: Aggron|1\n|-damage|p1b: Aggron|77/100 brn\n|-hitcount|p1b: Aggron|2\n|move|p2b: Sinistcha|Strength Sap|p1b: Aggron\n|-unboost|p1b: Aggron|atk|1\n|-heal|p2b: Sinistcha|100/100\n|move|p1b: Aggron|Body Press|p2a: Kangaskhan\n|-supereffective|p2a: Kangaskhan|1\n|-damage|p2a: Kangaskhan|10/100 brn\n|move|p1a: Sinistcha|Trick Room|p1a: Sinistcha\n|-fieldstart|move: Trick Room|[of] p1a: Sinistcha\n|\n|-damage|p1b: Aggron|71/100 brn|[from] brn\n|-damage|p2a: Kangaskhan|4/100 brn|[from] brn\n|upkeep\n|turn|9\n|\n|t:|1776185144\n|move|p1a: Sinistcha|Life Dew|p1a: Sinistcha|[spread] p1a,p1b\n|-heal|p1a: Sinistcha|100/100 par\n|-heal|p1b: Aggron|96/100 brn\n|move|p1b: Aggron|Heavy Slam|p2b: Sinistcha\n|-damage|p2b: Sinistcha|86/100\n|move|p2b: Sinistcha|Life Dew|p2b: Sinistcha|[spread] p2a,p2b\n|-heal|p2a: Kangaskhan|29/100 brn\n|-heal|p2b: Sinistcha|100/100\n|move|p2a: Kangaskhan|Low Kick|p1b: Aggron\n|-supereffective|p1b: Aggron|1\n|-damage|p1b: Aggron|89/100 brn\n|-supereffective|p1b: Aggron|1\n|-damage|p1b: Aggron|88/100 brn\n|-hitcount|p1b: Aggron|2\n|\n|-damage|p1b: Aggron|82/100 brn|[from] brn\n|-damage|p2a: Kangaskhan|23/100 brn|[from] brn\n|upkeep\n|turn|10\n|\n|t:|1776185161\n|move|p1a: Sinistcha|Life Dew||[still]|[spread] p1a,p1b\n|-fail|p1a: Sinistcha|heal\n|-heal|p1b: Aggron|100/100 brn\n|move|p1b: Aggron|Iron Defense|p1b: Aggron\n|-boost|p1b: Aggron|def|2\n|move|p2b: Sinistcha|Life Dew||[still]|[spread] p2a,p2b\n|-heal|p2a: Kangaskhan|48/100 brn\n|-fail|p2b: Sinistcha|heal\n|move|p2a: Kangaskhan|Low Kick|p1b: Aggron\n|-supereffective|p1b: Aggron|1\n|-damage|p1b: Aggron|95/100 brn\n|-supereffective|p1b: Aggron|1\n|-damage|p1b: Aggron|95/100 brn\n|-hitcount|p1b: Aggron|2\n|\n|-damage|p1b: Aggron|89/100 brn|[from] brn\n|-damage|p2a: Kangaskhan|42/100 brn|[from] brn\n|upkeep\n|turn|11\n|\n|t:|1776185184\n|move|p2b: Sinistcha|Rage Powder|p2b: Sinistcha\n|-singleturn|p2b: Sinistcha|move: Rage Powder\n|move|p1a: Sinistcha|Matcha Gotcha|p2b: Sinistcha|[spread] p2a,p2b\n|-resisted|p2b: Sinistcha|1\n|-damage|p2a: Kangaskhan|23/100 brn\n|-damage|p2b: Sinistcha|88/100\n|move|p1b: Aggron|Body Press|p2b: Sinistcha\n|-immune|p2b: Sinistcha\n|move|p2a: Kangaskhan|Low Kick|p1b: Aggron\n|-supereffective|p1b: Aggron|1\n|-damage|p1b: Aggron|83/100 brn\n|-supereffective|p1b: Aggron|1\n|-damage|p1b: Aggron|82/100 brn\n|-hitcount|p1b: Aggron|2\n|\n|-damage|p1b: Aggron|76/100 brn|[from] brn\n|-damage|p2a: Kangaskhan|17/100 brn|[from] brn\n|upkeep\n|turn|12\n|\n|t:|1776185201\n|move|p1a: Sinistcha|Life Dew||[still]|[spread] p1a,p1b\n|-fail|p1a: Sinistcha|heal\n|-heal|p1b: Aggron|100/100 brn\n|move|p1b: Aggron|Heavy Slam|p2b: Sinistcha\n|-damage|p2b: Sinistcha|73/100\n|move|p2b: Sinistcha|Life Dew|p2b: Sinistcha|[spread] p2a,p2b\n|-heal|p2a: Kangaskhan|42/100 brn\n|-heal|p2b: Sinistcha|98/100\n|move|p2a: Kangaskhan|Low Kick|p1b: Aggron\n|-supereffective|p1b: Aggron|1\n|-damage|p1b: Aggron|95/100 brn\n|-supereffective|p1b: Aggron|1\n|-damage|p1b: Aggron|94/100 brn\n|-hitcount|p1b: Aggron|2\n|\n|-damage|p1b: Aggron|88/100 brn|[from] brn\n|-damage|p2a: Kangaskhan|35/100 brn|[from] brn\n|-fieldend|move: Trick Room\n|upkeep\n|turn|13\n|\n|t:|1776185225\n|move|p2a: Kangaskhan|Low Kick|p1b: Aggron\n|-supereffective|p1b: Aggron|1\n|-damage|p1b: Aggron|82/100 brn\n|-supereffective|p1b: Aggron|1\n|-damage|p1b: Aggron|82/100 brn\n|-hitcount|p1b: Aggron|2\n|move|p2b: Sinistcha|Life Dew|p2b: Sinistcha|[spread] p2a,p2b\n|-heal|p2a: Kangaskhan|60/100 brn\n|-heal|p2b: Sinistcha|100/100\n|move|p1b: Aggron|Body Press|p2a: Kangaskhan\n|-supereffective|p2a: Kangaskhan|1\n|-damage|p2a: Kangaskhan|0 fnt\n|faint|p2a: Kangaskhan\n|move|p1a: Sinistcha|Trick Room|p1a: Sinistcha\n|-fieldstart|move: Trick Room|[of] p1a: Sinistcha\n|\n|-damage|p1b: Aggron|76/100 brn|[from] brn\n|upkeep\n|\n|t:|1776185233\n|switch|p2a: Umbreon|Umbreon, L50, F|100/100\n|-damage|p2a: Umbreon|88/100|[from] Stealth Rock\n|turn|14\n|\n|t:|1776185246\n|move|p2b: Sinistcha|Rage Powder|p2b: Sinistcha\n|-singleturn|p2b: Sinistcha|move: Rage Powder\n|cant|p1a: Sinistcha|par\n|move|p1b: Aggron|Body Press|p2b: Sinistcha\n|-immune|p2b: Sinistcha\n|move|p2a: Umbreon|Snarl|p1a: Sinistcha|[spread] p1a,p1b\n|-supereffective|p1a: Sinistcha|1\n|-damage|p1a: Sinistcha|79/100 par\n|-damage|p1b: Aggron|67/100 brn\n|-unboost|p1a: Sinistcha|spa|1\n|-unboost|p1b: Aggron|spa|1\n|\n|-heal|p2a: Umbreon|94/100|[from] item: Leftovers\n|-damage|p1b: Aggron|61/100 brn|[from] brn\n|upkeep\n|turn|15\n|\n|t:|1776185260\n|move|p2b: Sinistcha|Rage Powder|p2b: Sinistcha\n|-singleturn|p2b: Sinistcha|move: Rage Powder\n|move|p1a: Sinistcha|Life Dew|p1a: Sinistcha|[spread] p1a,p1b\n|-heal|p1a: Sinistcha|100/100 par\n|-heal|p1b: Aggron|86/100 brn\n|move|p1b: Aggron|Heavy Slam|p2b: Sinistcha\n|-damage|p2b: Sinistcha|86/100\n|move|p2a: Umbreon|Snarl|p1b: Aggron|[spread] p1a,p1b\n|-supereffective|p1a: Sinistcha|1\n|-damage|p1a: Sinistcha|79/100 par\n|-damage|p1b: Aggron|78/100 brn\n|-unboost|p1a: Sinistcha|spa|1\n|-unboost|p1b: Aggron|spa|1\n|\n|-heal|p2a: Umbreon|99/100|[from] item: Leftovers\n|-damage|p1b: Aggron|72/100 brn|[from] brn\n|upkeep\n|turn|16\n|\n|t:|1776185279\n|move|p2b: Sinistcha|Rage Powder|p2b: Sinistcha\n|-singleturn|p2b: Sinistcha|move: Rage Powder\n|move|p1a: Sinistcha|Matcha Gotcha|p2b: Sinistcha|[spread] p2a,p2b\n|-resisted|p2b: Sinistcha|1\n|-damage|p2a: Umbreon|94/100\n|-heal|p1a: Sinistcha|83/100 par|[from] drain|[of] p2a: Umbreon\n|-damage|p2b: Sinistcha|80/100\n|-heal|p1a: Sinistcha|86/100 par|[from] drain|[of] p2b: Sinistcha\n|-status|p2b: Sinistcha|brn\n|move|p1b: Aggron|Body Press|p2b: Sinistcha\n|-immune|p2b: Sinistcha\n|move|p2a: Umbreon|Snarl|p1b: Aggron|[spread] p1a,p1b\n|-supereffective|p1a: Sinistcha|1\n|-damage|p1a: Sinistcha|65/100 par\n|-damage|p1b: Aggron|64/100 brn\n|-unboost|p1a: Sinistcha|spa|1\n|-unboost|p1b: Aggron|spa|1\n|\n|-heal|p2a: Umbreon|99/100|[from] item: Leftovers\n|-damage|p1b: Aggron|58/100 brn|[from] brn\n|-damage|p2b: Sinistcha|74/100 brn|[from] brn\n|upkeep\n|turn|17\n|\n|t:|1776185296\n|move|p2b: Sinistcha|Rage Powder|p2b: Sinistcha\n|-singleturn|p2b: Sinistcha|move: Rage Powder\n|move|p1a: Sinistcha|Life Dew|p1a: Sinistcha|[spread] p1a,p1b\n|-heal|p1a: Sinistcha|90/100 par\n|-heal|p1b: Aggron|82/100 brn\n|move|p1b: Aggron|Heavy Slam|p2b: Sinistcha\n|-damage|p2b: Sinistcha|60/100 brn\n|move|p2a: Umbreon|Snarl|p1a: Sinistcha|[spread] p1a\n|-miss|p2a: Umbreon|p1b: Aggron\n|-supereffective|p1a: Sinistcha|1\n|-damage|p1a: Sinistcha|66/100 par\n|-unboost|p1a: Sinistcha|spa|1\n|\n|-heal|p2a: Umbreon|100/100|[from] item: Leftovers\n|-damage|p1b: Aggron|76/100 brn|[from] brn\n|-damage|p2b: Sinistcha|54/100 brn|[from] brn\n|-fieldend|move: Trick Room\n|upkeep\n|turn|18\n|\n|t:|1776185317\n|switch|p2a: Sneasler|Sneasler, L50, M|57/100\n|-damage|p2a: Sneasler|51/100|[from] Stealth Rock\n|move|p2b: Sinistcha|Life Dew|p2b: Sinistcha|[spread] p2a,p2b\n|-heal|p2a: Sneasler|76/100\n|-heal|p2b: Sinistcha|79/100 brn\n|move|p1b: Aggron|Body Press|p2a: Sneasler\n|-resisted|p2a: Sneasler|1\n|-damage|p2a: Sneasler|16/100\n|move|p1a: Sinistcha|Trick Room|p1a: Sinistcha\n|-fieldstart|move: Trick Room|[of] p1a: Sinistcha\n|\n|-damage|p1b: Aggron|70/100 brn|[from] brn\n|-damage|p2b: Sinistcha|73/100 brn|[from] brn\n|upkeep\n|turn|19\n|\n|t:|1776185331\n|move|p2b: Sinistcha|Rage Powder|p2b: Sinistcha\n|-singleturn|p2b: Sinistcha|move: Rage Powder\n|cant|p1a: Sinistcha|par\n|move|p1b: Aggron|Heavy Slam|p2b: Sinistcha\n|-damage|p2b: Sinistcha|59/100 brn\n|move|p2a: Sneasler|Close Combat|p1b: Aggron\n|-supereffective|p1b: Aggron|1\n|-damage|p1b: Aggron|58/100 brn\n|-unboost|p2a: Sneasler|def|1\n|-unboost|p2a: Sneasler|spd|1\n|\n|-damage|p1b: Aggron|51/100 brn|[from] brn\n|-damage|p2b: Sinistcha|53/100 brn|[from] brn\n|upkeep\n|turn|20\n|\n|t:|1776185352\n|move|p1a: Sinistcha|Life Dew|p1a: Sinistcha|[spread] p1a,p1b\n|-heal|p1a: Sinistcha|92/100 par\n|-heal|p1b: Aggron|76/100 brn\n|move|p1b: Aggron|Heavy Slam|p2a: Sneasler\n|-damage|p2a: Sneasler|0 fnt\n|faint|p2a: Sneasler\n|move|p2b: Sinistcha|Life Dew|p2b: Sinistcha\n|-heal|p2b: Sinistcha|78/100 brn\n|\n|-damage|p1b: Aggron|70/100 brn|[from] brn\n|-damage|p2b: Sinistcha|72/100 brn|[from] brn\n|upkeep\n|\n|t:|1776185365\n|switch|p2a: Umbreon|Umbreon, L50, F|100/100\n|-damage|p2a: Umbreon|88/100|[from] Stealth Rock\n|turn|21\n|\n|t:|1776185372\n|move|p2b: Sinistcha|Rage Powder|p2b: Sinistcha\n|-singleturn|p2b: Sinistcha|move: Rage Powder\n|move|p1a: Sinistcha|Matcha Gotcha|p2a: Umbreon|[spread] p2a,p2b\n|-resisted|p2b: Sinistcha|1\n|-damage|p2a: Umbreon|84/100\n|-heal|p1a: Sinistcha|94/100 par|[from] drain|[of] p2a: Umbreon\n|-damage|p2b: Sinistcha|68/100 brn\n|-heal|p1a: Sinistcha|96/100 par|[from] drain|[of] p2b: Sinistcha\n|move|p1b: Aggron|Heavy Slam|p2b: Sinistcha\n|-damage|p2b: Sinistcha|52/100 brn\n|move|p2a: Umbreon|Snarl|p1b: Aggron|[spread] p1a\n|-miss|p2a: Umbreon|p1b: Aggron\n|-supereffective|p1a: Sinistcha|1\n|-damage|p1a: Sinistcha|75/100 par\n|-unboost|p1a: Sinistcha|spa|1\n|\n|-heal|p2a: Umbreon|90/100|[from] item: Leftovers\n|-damage|p1b: Aggron|64/100 brn|[from] brn\n|-damage|p2b: Sinistcha|46/100 brn|[from] brn\n|upkeep\n|turn|22\n|\n|t:|1776185393\n|move|p1a: Sinistcha|Life Dew|p1a: Sinistcha|[spread] p1a,p1b\n|-heal|p1a: Sinistcha|99/100 par\n|-heal|p1b: Aggron|89/100 brn\n|move|p1b: Aggron|Body Press|p2a: Umbreon\n|-supereffective|p2a: Umbreon|1\n|-damage|p2a: Umbreon|0 fnt\n|faint|p2a: Umbreon\n|move|p2b: Sinistcha|Life Dew|p2b: Sinistcha\n|-heal|p2b: Sinistcha|71/100 brn\n|\n|-damage|p1b: Aggron|82/100 brn|[from] brn\n|-damage|p2b: Sinistcha|64/100 brn|[from] brn\n|-fieldend|move: Trick Room\n|upkeep\n|turn|23\n|\n|t:|1776185412\n|move|p2b: Sinistcha|Strength Sap|p1b: Aggron\n|-unboost|p1b: Aggron|atk|1\n|-heal|p2b: Sinistcha|100/100 brn\n|move|p1b: Aggron|Heavy Slam|p2b: Sinistcha\n|-damage|p2b: Sinistcha|89/100 brn\n|move|p1a: Sinistcha|Matcha Gotcha|p2b: Sinistcha\n|-resisted|p2b: Sinistcha|1\n|-damage|p2b: Sinistcha|84/100 brn\n|-heal|p1a: Sinistcha|100/100 par|[from] drain|[of] p2b: Sinistcha\n|\n|-damage|p2b: Sinistcha|77/100 brn|[from] brn\n|-damage|p1b: Aggron|76/100 brn|[from] brn\n|upkeep\n|turn|24\n|\n|t:|1776185428\n|move|p2b: Sinistcha|Matcha Gotcha|p1b: Aggron|[spread] p1b\n|-miss|p2b: Sinistcha|p1a: Sinistcha\n|-resisted|p1b: Aggron|1\n|-damage|p1b: Aggron|67/100 brn\n|-heal|p2b: Sinistcha|82/100 brn|[from] drain|[of] p1b: Aggron\n|move|p1b: Aggron|Heavy Slam|p2b: Sinistcha\n|-damage|p2b: Sinistcha|71/100 brn\n|move|p1a: Sinistcha|Matcha Gotcha|p2b: Sinistcha\n|-resisted|p2b: Sinistcha|1\n|-damage|p2b: Sinistcha|66/100 brn\n|\n|-damage|p2b: Sinistcha|60/100 brn|[from] brn\n|-damage|p1b: Aggron|60/100 brn|[from] brn\n|upkeep\n|turn|25\n|\n|t:|1776185443\n|move|p1b: Aggron|Protect|p1b: Aggron\n|-singleturn|p1b: Aggron|Protect\n|move|p2b: Sinistcha|Matcha Gotcha|p1b: Aggron|[spread] p1a\n|-activate|p1b: Aggron|move: Protect\n|-resisted|p1a: Sinistcha|1\n|-damage|p1a: Sinistcha|87/100 par\n|-heal|p2b: Sinistcha|67/100 brn|[from] drain|[of] p1a: Sinistcha\n|move|p1a: Sinistcha|Life Dew|p1a: Sinistcha|[spread] p1a,p1b\n|-heal|p1a: Sinistcha|100/100 par\n|-heal|p1b: Aggron|85/100 brn\n|\n|-damage|p2b: Sinistcha|60/100 brn|[from] brn\n|-damage|p1b: Aggron|79/100 brn|[from] brn\n|upkeep\n|turn|26\n|\n|t:|1776185460\n|move|p2b: Sinistcha|Strength Sap|p1b: Aggron\n|-unboost|p1b: Aggron|atk|1\n|-heal|p2b: Sinistcha|100/100 brn\n|move|p1b: Aggron|Heavy Slam|p2b: Sinistcha\n|-damage|p2b: Sinistcha|92/100 brn\n|move|p1a: Sinistcha|Matcha Gotcha|p2b: Sinistcha\n|-resisted|p2b: Sinistcha|1\n|-damage|p2b: Sinistcha|87/100 brn\n|\n|-damage|p2b: Sinistcha|81/100 brn|[from] brn\n|-damage|p1b: Aggron|73/100 brn|[from] brn\n|upkeep\n|turn|27\n|inactive|TreyBayBay has 30 seconds left.\n|\n|t:|1776185476\n|move|p2b: Sinistcha|Matcha Gotcha|p1a: Sinistcha|[spread] p1a,p1b\n|-resisted|p1a: Sinistcha|1\n|-resisted|p1b: Aggron|1\n|-damage|p1a: Sinistcha|86/100 par\n|-heal|p2b: Sinistcha|88/100 brn|[from] drain|[of] p1a: Sinistcha\n|-damage|p1b: Aggron|63/100 brn\n|-heal|p2b: Sinistcha|93/100 brn|[from] drain|[of] p1b: Aggron\n|move|p1b: Aggron|Body Press|p2b: Sinistcha\n|-immune|p2b: Sinistcha\n|move|p1a: Sinistcha|Matcha Gotcha|p2b: Sinistcha\n|-resisted|p2b: Sinistcha|1\n|-damage|p2b: Sinistcha|89/100 brn\n|-heal|p1a: Sinistcha|89/100 par|[from] drain|[of] p2b: Sinistcha\n|\n|-damage|p2b: Sinistcha|82/100 brn|[from] brn\n|-damage|p1b: Aggron|57/100 brn|[from] brn\n|upkeep\n|turn|28\n|inactive|TreyBayBay has 25 seconds left this turn.\n|inactive|TreyBayBay has 20 seconds left.\n|inactive|TreyBayBay has 15 seconds left.\n|\n|t:|1776185491\n|move|p1b: Aggron|Protect|p1b: Aggron\n|-singleturn|p1b: Aggron|Protect\n|move|p2b: Sinistcha|Matcha Gotcha|p1b: Aggron|[spread] p1a\n|-activate|p1b: Aggron|move: Protect\n|-resisted|p1a: Sinistcha|1\n|-damage|p1a: Sinistcha|73/100 par\n|-heal|p2b: Sinistcha|90/100 brn|[from] drain|[of] p1a: Sinistcha\n|move|p1a: Sinistcha|Life Dew|p1a: Sinistcha|[spread] p1a,p1b\n|-heal|p1a: Sinistcha|98/100 par\n|-heal|p1b: Aggron|82/100 brn\n|\n|-damage|p2b: Sinistcha|84/100 brn|[from] brn\n|-damage|p1b: Aggron|76/100 brn|[from] brn\n|upkeep\n|turn|29\n|inactive|TreyBayBay has 15 seconds left this turn.\n|inactive|TreyBayBay has 10 seconds left.\n|\n|t:|1776185500\n|move|p2b: Sinistcha|Life Dew|p2b: Sinistcha\n|-heal|p2b: Sinistcha|100/100 brn\n|move|p1b: Aggron|Body Press|p2b: Sinistcha\n|-immune|p2b: Sinistcha\n|move|p1a: Sinistcha|Life Dew|p1a: Sinistcha|[spread] p1a,p1b\n|-heal|p1a: Sinistcha|100/100 par\n|-heal|p1b: Aggron|100/100 brn\n|\n|-damage|p2b: Sinistcha|94/100 brn|[from] brn\n|-damage|p1b: Aggron|94/100 brn|[from] brn\n|upkeep\n|turn|30\n|inactive|TreyBayBay has 10 seconds left this turn.\n|inactive|TreyBayBay has 5 seconds left.\n|\n|t:|1776185524\n|move|p2b: Sinistcha|Rage Powder|p2b: Sinistcha\n|-singleturn|p2b: Sinistcha|move: Rage Powder\n|move|p1b: Aggron|Iron Defense|p1b: Aggron\n|-boost|p1b: Aggron|def|0\n|move|p1a: Sinistcha|Matcha Gotcha|p2b: Sinistcha\n|-resisted|p2b: Sinistcha|1\n|-damage|p2b: Sinistcha|89/100 brn\n|\n|-damage|p2b: Sinistcha|83/100 brn|[from] brn\n|-damage|p1b: Aggron|88/100 brn|[from] brn\n|upkeep\n|turn|31\n|inactive|TreyBayBay has 5 seconds left this turn.\n|\n|t:|1776185531\n|move|p2b: Sinistcha|Rage Powder|p2b: Sinistcha\n|-singleturn|p2b: Sinistcha|move: Rage Powder\n|move|p1b: Aggron|Body Press|p2b: Sinistcha\n|-immune|p2b: Sinistcha\n|move|p1a: Sinistcha|Life Dew||[still]|[spread] p1a,p1b\n|-fail|p1a: Sinistcha|heal\n|-heal|p1b: Aggron|100/100 brn\n|\n|-damage|p2b: Sinistcha|77/100 brn|[from] brn\n|-damage|p1b: Aggron|94/100 brn|[from] brn\n|upkeep\n|turn|32\n|inactive|TreyBayBay has 5 seconds left this turn.\n|-message|TreyBayBay lost due to inactivity.\n|\n|win|CaptainSmokah\n|raw|TreyBayBay's rating: 1375 &rarr; <strong>1350</strong><br />(-25 for losing)\n|raw|CaptainSmokah's rating: 1293 &rarr; <strong>1324</strong><br />(+31 for winning)\n|c|\u2606TreyBayBay|bs\n|c|\u2606CaptainSmokah|lol gh\n|c|\u2606CaptainSmokah|gg\n|c|\u2606TreyBayBay|ggs\n",
  "uploadtime": 1776185555,
  "views": 45,
  "formatid": "gen9championsvgc2026regma",
  "rating": 1324,
  "private": 0,
  "password": null
}