{
  "id": "gen9championsvgc2026regma-2584547196",
  "format": "[Gen 9 Champions] VGC 2026 Reg M-A",
  "players": [
    "crckersmcker",
    "Thiagovik"
  ],
  "log": "|j|\u2606crckersmcker\n|j|\u2606Thiagovik\n|t:|1776267954\n|gametype|doubles\n|player|p1|crckersmcker|102|1011\n|player|p2|Thiagovik|blackbelt-gen4|1024\n|gen|9\n|tier|[Gen 9 Champions] VGC 2026 Reg M-A\n|rated|\n|rule|Species Clause: Limit one of each Pok\u00e9mon\n|rule|Item Clause: Limit 1 of each item\n|clearpoke\n|poke|p1|Farigiraf, L50, M|\n|poke|p1|Kangaskhan, L50, F|\n|poke|p1|Whimsicott, L50, F|\n|poke|p1|Clefable, L50, F|\n|poke|p1|Aegislash, L50, M|\n|poke|p1|Talonflame, L50, F|\n|poke|p2|Machamp, L50, F|\n|poke|p2|Mr. Rime, L50, M|\n|poke|p2|Froslass, L50, F|\n|poke|p2|Rotom-Frost, L50|\n|poke|p2|Whimsicott, L50, M|\n|poke|p2|Maushold, L50|\n|teampreview|4\n|inactive|Battle timer is ON: inactive players will automatically lose when time's up. (requested by Thiagovik)\n|\n|t:|1776267978\n|teamsize|p1|4\n|teamsize|p2|4\n|start\n|switch|p1a: Whimsicott|Whimsicott, L50, F|100/100\n|switch|p1b: Kangaskhan|Kangaskhan, L50, F|100/100\n|switch|p2a: Mr. Rime|Mr. Rime, L50, M|100/100\n|switch|p2b: Machamp|Machamp, L50, F, shiny|100/100\n|turn|1\n|inactive|Thiagovik has 30 seconds left.\n|inactive|crckersmcker has 30 seconds left.\n|\n|t:|1776268008\n|move|p1a: Whimsicott|Tailwind|p1a: Whimsicott\n|-sidestart|p1: crckersmcker|move: Tailwind\n|move|p1b: Kangaskhan|Drain Punch|p2a: Mr. Rime\n|-damage|p2a: Mr. Rime|71/100\n|move|p2a: Mr. Rime|Skill Swap|p2b: Machamp\n|-activate|p2a: Mr. Rime|Skill Swap|||[of] p2b: Machamp\n|move|p2b: Machamp|Ice Punch|p1a: Whimsicott\n|-supereffective|p1a: Whimsicott|1\n|-damage|p1a: Whimsicott|7/100\n|\n|upkeep\n|turn|2\n|inactive|crckersmcker has 30 seconds left.\n|inactive|crckersmcker has 20 seconds left.\n|inactive|crckersmcker has 15 seconds left.\n|inactive|crckersmcker has 10 seconds left.\n|\n|t:|1776268054\n|move|p2b: Machamp|Bullet Punch|p1a: Whimsicott\n|-supereffective|p1a: Whimsicott|1\n|-crit|p1a: Whimsicott\n|-damage|p1a: Whimsicott|0 fnt\n|faint|p1a: Whimsicott\n|move|p1b: Kangaskhan|Drain Punch|p2a: Mr. Rime\n|-damage|p2a: Mr. Rime|44/100\n|move|p2a: Mr. Rime|Sheer Cold|p1b: Kangaskhan\n|-damage|p1b: Kangaskhan|0 fnt\n|faint|p1b: Kangaskhan\n|-ohko\n|\n|upkeep\n|\n|t:|1776268064\n|switch|p1a: Aegislash|Aegislash, L50, M|100/100\n|switch|p1b: Talonflame|Talonflame, L50, F|100/100\n|turn|3\n|inactive|Thiagovik has 30 seconds left.\n|\n|t:|1776268092\n|switch|p2b: Maushold|Maushold, L50|100/100\n|move|p1b: Talonflame|Hurricane|p2b: Maushold\n|-damage|p2b: Maushold|49/100\n|-start|p2b: Maushold|confusion\n|-formechange|p1a: Aegislash|Aegislash-Blade|\n|move|p1a: Aegislash|Shadow Claw|p2a: Mr. Rime\n|-supereffective|p2a: Mr. Rime|1\n|-damage|p2a: Mr. Rime|0 fnt\n|faint|p2a: Mr. Rime\n|\n|-heal|p2b: Maushold|55/100|[from] item: Leftovers\n|upkeep\n|\n|t:|1776268109\n|switch|p2a: Whimsicott|Whimsicott, L50, M|100/100\n|turn|4\n|\n|t:|1776268118\n|-formechange|p1a: Aegislash|Aegislash|\n|move|p1a: Aegislash|King's Shield|p1a: Aegislash\n|-singleturn|p1a: Aegislash|Protect\n|move|p2a: Whimsicott|Encore|p1a: Aegislash\n|-start|p1a: Aegislash|Encore\n|move|p1b: Talonflame|Heat Wave|p2a: Whimsicott|[spread] p2a\n|-miss|p1b: Talonflame|p2b: Maushold\n|-supereffective|p2a: Whimsicott|1\n|-damage|p2a: Whimsicott|38/100\n|-activate|p2b: Maushold|confusion\n|-damage|p2b: Maushold|45/100|[from] confusion\n|\n|-heal|p2b: Maushold|51/100|[from] item: Leftovers\n|-sideend|p1: crckersmcker|move: Tailwind\n|upkeep\n|turn|5\n|-activate|p1a: Aegislash|item: Quick Claw\n|\n|t:|1776268143\n|move|p1a: Aegislash|King's Shield||[still]\n|-fail|p1a: Aegislash\n|move|p2a: Whimsicott|Light Screen|p2a: Whimsicott\n|-sidestart|p2: Thiagovik|move: Light Screen\n|move|p1b: Talonflame|Heat Wave|p2b: Maushold|[spread] p2a\n|-miss|p1b: Talonflame|p2b: Maushold\n|-supereffective|p2a: Whimsicott|1\n|-damage|p2a: Whimsicott|1/100\n|-activate|p2b: Maushold|confusion\n|move|p2b: Maushold|Population Bomb|p1b: Talonflame\n|-damage|p1b: Talonflame|93/100\n|-damage|p1b: Talonflame|85/100\n|-damage|p1b: Talonflame|76/100\n|-damage|p1b: Talonflame|67/100\n|-damage|p1b: Talonflame|58/100\n|-hitcount|p1b: Talonflame|5\n|\n|-heal|p2b: Maushold|57/100|[from] item: Leftovers\n|upkeep\n|turn|6\n|inactive|Thiagovik has 30 seconds left.\n|\n|t:|1776268175\n|move|p1a: Aegislash|King's Shield|p1a: Aegislash\n|-singleturn|p1a: Aegislash|Protect\n|move|p2a: Whimsicott|Tailwind|p2a: Whimsicott\n|-sidestart|p2: Thiagovik|move: Tailwind\n|-activate|p2b: Maushold|confusion\n|move|p2b: Maushold|Population Bomb|p1b: Talonflame\n|-crit|p1b: Talonflame\n|-damage|p1b: Talonflame|44/100\n|-damage|p1b: Talonflame|37/100\n|-damage|p1b: Talonflame|28/100\n|-hitcount|p1b: Talonflame|3\n|move|p1b: Talonflame|Heat Wave|p2b: Maushold|[spread] p2a,p2b\n|-supereffective|p2a: Whimsicott|1\n|-damage|p2a: Whimsicott|0 fnt\n|-damage|p2b: Maushold|30/100\n|faint|p2a: Whimsicott\n|\n|-heal|p2b: Maushold|36/100|[from] item: Leftovers\n|upkeep\n|\n|t:|1776268193\n|switch|p2a: Machamp|Machamp, L50, F, shiny|100/100\n|turn|7\n|-activate|p1a: Aegislash|item: Quick Claw\n|\n|t:|1776268216\n|move|p1a: Aegislash|King's Shield||[still]\n|-fail|p1a: Aegislash\n|-activate|p2b: Maushold|confusion\n|move|p2b: Maushold|Follow Me|p2b: Maushold\n|-singleturn|p2b: Maushold|move: Follow Me\n|move|p1b: Talonflame|Hurricane|p2b: Maushold\n|-damage|p2b: Maushold|3/100\n|move|p2a: Machamp|Rock Blast|p1b: Talonflame\n|-supereffective|p1b: Talonflame|2\n|-damage|p1b: Talonflame|0 fnt\n|faint|p1b: Talonflame\n|-hitcount|p1: Talonflame|1\n|\n|-heal|p2b: Maushold|9/100|[from] item: Leftovers\n|-end|p1a: Aegislash|Encore\n|upkeep\n|turn|8\n|inactive|Thiagovik has 30 seconds left.\n|\n|t:|1776268249\n|-end|p2b: Maushold|confusion\n|move|p2b: Maushold|Helping Hand|p2a: Machamp\n|-singleturn|p2a: Machamp|Helping Hand|[of] p2b: Maushold\n|move|p1a: Aegislash|King's Shield|p1a: Aegislash\n|-singleturn|p1a: Aegislash|Protect\n|move|p2a: Machamp|Rock Blast|p1a: Aegislash\n|-activate|p1a: Aegislash|move: Protect\n|\n|-heal|p2b: Maushold|15/100|[from] item: Leftovers\n|upkeep\n|turn|9\n|\n|t:|1776268269\n|move|p2b: Maushold|Helping Hand|p2a: Machamp\n|-singleturn|p2a: Machamp|Helping Hand|[of] p2b: Maushold\n|move|p2a: Machamp|Rock Blast|p1a: Aegislash\n|-resisted|p1a: Aegislash|1\n|-damage|p1a: Aegislash|95/100\n|-resisted|p1a: Aegislash|1\n|-damage|p1a: Aegislash|90/100\n|-resisted|p1a: Aegislash|1\n|-damage|p1a: Aegislash|86/100\n|-resisted|p1a: Aegislash|1\n|-damage|p1a: Aegislash|80/100\n|-hitcount|p1a: Aegislash|4\n|-formechange|p1a: Aegislash|Aegislash-Blade|\n|move|p1a: Aegislash|Shadow Claw|p2a: Machamp\n|-damage|p2a: Machamp|70/100\n|\n|-heal|p2b: Maushold|21/100|[from] item: Leftovers\n|-sideend|p2: Thiagovik|move: Light Screen\n|-sideend|p2: Thiagovik|move: Tailwind\n|upkeep\n|turn|10\n|\n|t:|1776268293\n|move|p2b: Maushold|Follow Me|p2b: Maushold\n|-singleturn|p2b: Maushold|move: Follow Me\n|move|p2a: Machamp|Ice Punch|p1a: Aegislash\n|-resisted|p1a: Aegislash|1\n|-damage|p1a: Aegislash|56/100\n|move|p1a: Aegislash|Shadow Claw|p2b: Maushold\n|-immune|p2b: Maushold\n|\n|-heal|p2b: Maushold|28/100|[from] item: Leftovers\n|upkeep\n|turn|11\n|\n|t:|1776268310\n|move|p2b: Maushold|Follow Me|p2b: Maushold\n|-singleturn|p2b: Maushold|move: Follow Me\n|move|p2a: Machamp|Rock Blast|p1a: Aegislash\n|-resisted|p1a: Aegislash|1\n|-damage|p1a: Aegislash|48/100\n|-resisted|p1a: Aegislash|1\n|-damage|p1a: Aegislash|41/100\n|-resisted|p1a: Aegislash|1\n|-damage|p1a: Aegislash|33/100\n|-resisted|p1a: Aegislash|1\n|-damage|p1a: Aegislash|26/100\n|-resisted|p1a: Aegislash|1\n|-damage|p1a: Aegislash|19/100\n|-hitcount|p1a: Aegislash|5\n|move|p1a: Aegislash|Shadow Claw|p2b: Maushold\n|-immune|p2b: Maushold\n|\n|-heal|p2b: Maushold|34/100|[from] item: Leftovers\n|upkeep\n|turn|12\n|-message|crckersmcker forfeited.\n|\n|win|Thiagovik\n|raw|crckersmcker's rating: 1011 &rarr; <strong>1000</strong><br />(-11 for losing)\n|raw|Thiagovik's rating: 1024 &rarr; <strong>1059</strong><br />(+35 for winning)\n|l|\u2606crckersmcker\n|player|p1|\n",
  "uploadtime": 1776268330,
  "views": 23,
  "formatid": "gen9championsvgc2026regma",
  "rating": 1000,
  "private": 0,
  "password": null
}