{
  "id": "gen9championsvgc2026regma-2588272959",
  "format": "[Gen 9 Champions] VGC 2026 Reg M-A",
  "players": [
    "parsleyVGC",
    "MaitreCongo"
  ],
  "log": "|j|\u2606parsleyVGC\n|j|\u2606MaitreCongo\n|t:|1776619966\n|gametype|doubles\n|player|p1|parsleyVGC|169|1152\n|player|p2|MaitreCongo|hoopster|1129\n|gen|9\n|tier|[Gen 9 Champions] VGC 2026 Reg M-A\n|rated|\n|rule|Species Clause: Limit one of each Pok\u00e9mon\n|rule|Item Clause: Limit 1 of each item\n|clearpoke\n|poke|p1|Slowbro, L50, F, shiny|\n|poke|p1|Meowstic, L50, M, shiny|\n|poke|p1|Rotom-Wash, L50, shiny|\n|poke|p1|Kingambit, L50, M, shiny|\n|poke|p1|Incineroar, L50, M, shiny|\n|poke|p1|Golurk, L50, shiny|\n|poke|p2|Archaludon, L50, M|\n|poke|p2|Dragonite, L50, M, shiny|\n|poke|p2|Incineroar, L50, M|\n|poke|p2|Pelipper, L50, M|\n|poke|p2|Sinistcha, L50|\n|poke|p2|Excadrill, L50, F|\n|teampreview|4\n|inactive|Battle timer is ON: inactive players will automatically lose when time's up. (requested by parsleyVGC)\n|\n|t:|1776620010\n|teamsize|p1|4\n|teamsize|p2|4\n|start\n|switch|p1a: Rotom|Rotom-Wash, L50, shiny|100/100\n|switch|p1b: Meowstic|Meowstic, L50, M, shiny|100/100\n|switch|p2a: Vadrouilleur|Incineroar, L50, M|100/100\n|switch|p2b: Martin Libertin|Dragonite, L50, M, shiny|100/100\n|-ability|p2a: Vadrouilleur|Intimidate|boost\n|-unboost|p1a: Rotom|atk|1\n|-unboost|p1b: Meowstic|atk|1\n|turn|1\n|\n|t:|1776620029\n|detailschange|p2b: Martin Libertin|Dragonite-Mega, L50, M, shiny\n|-mega|p2b: Martin Libertin|Dragonite|Dragoninite\n|move|p2a: Vadrouilleur|Fake Out|p1b: Meowstic\n|-damage|p1b: Meowstic|89/100\n|move|p2b: Martin Libertin|Tailwind|p2b: Martin Libertin\n|-sidestart|p2: MaitreCongo|move: Tailwind\n|move|p1a: Rotom|Hydro Pump|p2a: Vadrouilleur\n|-supereffective|p2a: Vadrouilleur|1\n|-damage|p2a: Vadrouilleur|8/100\n|cant|p1b: Meowstic|flinch\n|\n|upkeep\n|turn|2\n|inactive|MaitreCongo has 30 seconds left.\n|\n|t:|1776620057\n|move|p2b: Martin Libertin|Protect|p2b: Martin Libertin\n|-singleturn|p2b: Martin Libertin|Protect\n|move|p1b: Meowstic|Psychic Terrain|p1b: Meowstic\n|-fieldstart|move: Psychic Terrain\n|move|p2a: Vadrouilleur|Parting Shot|p1a: Rotom\n|-unboost|p1a: Rotom|atk|1\n|-unboost|p1a: Rotom|spa|1\n|\n|t:|1776620068\n|switch|p2a: Philibert|Pelipper, L50, M|100/100|[from] Parting Shot\n|-weather|RainDance|[from] ability: Drizzle|[of] p2a: Philibert\n|move|p1a: Rotom|Volt Switch|p2a: Philibert\n|-supereffective|p2a: Philibert|2\n|-enditem|p2a: Philibert|Focus Sash\n|-damage|p2a: Philibert|1/100\n|\n|t:|1776620076\n|switch|p1a: Kingambit|Kingambit, L50, M, shiny|100/100|[from] Volt Switch\n|\n|-weather|RainDance|[upkeep]\n|upkeep\n|turn|3\n|\n|t:|1776620089\n|switch|p2a: Jane Juliet|Archaludon, L50, M|100/100\n|move|p2b: Martin Libertin|Hurricane|p1b: Meowstic\n|-damage|p1b: Meowstic|9/100\n|move|p1b: Meowstic|Expanding Force|p2b: Martin Libertin|[spread] p2a,p2b\n|-resisted|p2a: Jane Juliet|1\n|-damage|p2a: Jane Juliet|73/100\n|-damage|p2b: Martin Libertin|82/100\n|-ability|p2a: Jane Juliet|Stamina|boost\n|-boost|p2a: Jane Juliet|def|1\n|move|p1a: Kingambit|Kowtow Cleave|p2b: Martin Libertin\n|-damage|p2b: Martin Libertin|35/100\n|\n|-weather|RainDance|[upkeep]\n|-heal|p2a: Jane Juliet|79/100|[from] item: Leftovers\n|upkeep\n|turn|4\n|inactive|MaitreCongo has 30 seconds left.\n|inactive|MaitreCongo has 20 seconds left.\n|inactive|MaitreCongo has 15 seconds left.\n|inactive|MaitreCongo has 10 seconds left.\n|inactive|MaitreCongo has 5 seconds left.\n|\n|t:|1776620139\n|switch|p2b: Vadrouilleur|Incineroar, L50, M|8/100\n|-ability|p2b: Vadrouilleur|Intimidate|boost\n|-unboost|p1a: Kingambit|atk|1\n|-ability|p1a: Kingambit|Defiant|boost\n|-boost|p1a: Kingambit|atk|2\n|-unboost|p1b: Meowstic|atk|1\n|move|p2a: Jane Juliet|Aura Sphere|p1a: Kingambit\n|-supereffective|p1a: Kingambit|2\n|-enditem|p1a: Kingambit|Chople Berry|[eat]\n|-enditem|p1a: Kingambit|Chople Berry|[weaken]\n|-damage|p1a: Kingambit|50/100\n|move|p1a: Kingambit|Brick Break|p2a: Jane Juliet\n|-supereffective|p2a: Jane Juliet|1\n|-damage|p2a: Jane Juliet|38/100\n|-ability|p2a: Jane Juliet|Stamina|boost\n|-boost|p2a: Jane Juliet|def|1\n|move|p1b: Meowstic|Trick Room|p1b: Meowstic\n|-fieldstart|move: Trick Room|[of] p1b: Meowstic\n|\n|-weather|RainDance|[upkeep]\n|-heal|p2a: Jane Juliet|44/100|[from] item: Leftovers\n|-sideend|p2: MaitreCongo|move: Tailwind\n|upkeep\n|turn|5\n|inactive|MaitreCongo has 30 seconds left.\n|inactive|MaitreCongo has 20 seconds left.\n|\n|t:|1776620178\n|move|p2b: Vadrouilleur|Fake Out|p1b: Meowstic\n|-activate|p1b: Meowstic|move: Psychic Terrain\n|move|p1a: Kingambit|Brick Break|p2b: Vadrouilleur\n|-supereffective|p2b: Vadrouilleur|1\n|-damage|p2b: Vadrouilleur|0 fnt\n|faint|p2b: Vadrouilleur\n|move|p2a: Jane Juliet|Aura Sphere|p1a: Kingambit\n|-supereffective|p1a: Kingambit|2\n|-damage|p1a: Kingambit|0 fnt\n|faint|p1a: Kingambit\n|move|p1b: Meowstic|Dark Pulse|p2a: Jane Juliet\n|-damage|p2a: Jane Juliet|19/100\n|-ability|p2a: Jane Juliet|Stamina|boost\n|-boost|p2a: Jane Juliet|def|1\n|\n|-weather|RainDance|[upkeep]\n|-heal|p2a: Jane Juliet|25/100|[from] item: Leftovers\n|upkeep\n|\n|t:|1776620196\n|switch|p1a: Slowbro|Slowbro, L50, F, shiny|100/100\n|switch|p2b: Martin Libertin|Dragonite-Mega, L50, M, shiny|35/100\n|turn|6\n|\n|t:|1776620209\n|detailschange|p1a: Slowbro|Slowbro-Mega, L50, F, shiny\n|-mega|p1a: Slowbro|Slowbro|Slowbronite\n|move|p2b: Martin Libertin|Protect|p2b: Martin Libertin\n|-singleturn|p2b: Martin Libertin|Protect\n|move|p1a: Slowbro|Expanding Force|p2b: Martin Libertin|[spread] p2a\n|-activate|p2b: Martin Libertin|move: Protect\n|-resisted|p2a: Jane Juliet|1\n|-damage|p2a: Jane Juliet|0 fnt\n|faint|p2a: Jane Juliet\n|move|p1b: Meowstic|Dark Pulse|p2b: Martin Libertin\n|-activate|p2b: Martin Libertin|move: Protect\n|\n|-weather|none\n|-fieldend|move: Psychic Terrain\n|upkeep\n|\n|t:|1776620223\n|switch|p2a: Philibert|Pelipper, L50, M|1/100\n|-weather|RainDance|[from] ability: Drizzle|[of] p2a: Philibert\n|turn|7\n|\n|t:|1776620239\n|move|p2a: Philibert|Wide Guard|p2a: Philibert\n|-singleturn|p2a: Philibert|Wide Guard\n|move|p1a: Slowbro|Expanding Force|p2b: Martin Libertin\n|-damage|p2b: Martin Libertin|0 fnt\n|faint|p2b: Martin Libertin\n|move|p1b: Meowstic|Expanding Force|p2a: Philibert\n|-damage|p2a: Philibert|0 fnt\n|faint|p2a: Philibert\n|\n|win|parsleyVGC\n|raw|parsleyVGC's rating: 1152 &rarr; <strong>1175</strong><br />(+23 for winning)\n|raw|MaitreCongo's rating: 1129 &rarr; <strong>1106</strong><br />(-23 for losing)\n|l|\u2606MaitreCongo\n|player|p2|\n|c|\u2606parsleyVGC|wait what\n",
  "uploadtime": 1776620262,
  "views": 10,
  "formatid": "gen9championsvgc2026regma",
  "rating": 1106,
  "private": 0,
  "password": null
}