{
  "id": "gen9championsvgc2026regma-2583942214",
  "format": "[Gen 9 Champions] VGC 2026 Reg M-A",
  "players": [
    "Yenkfoggin",
    "chichinitz"
  ],
  "log": "|j|\u2606Yenkfoggin\n|j|\u2606chichinitz\n|t:|1776210334\n|gametype|doubles\n|player|p1|Yenkfoggin|102|\n|player|p2|chichinitz|psychic-gen4|\n|gen|9\n|tier|[Gen 9 Champions] VGC 2026 Reg M-A\n|rule|Species Clause: Limit one of each Pok\u00e9mon\n|rule|Item Clause: Limit 1 of each item\n|clearpoke\n|poke|p1|Starmie, L50|\n|poke|p1|Tyranitar, L50, M|\n|poke|p1|Garchomp, L50, M|\n|poke|p1|Aerodactyl, L50, F|\n|poke|p1|Rotom-Heat, L50|\n|poke|p1|Aegislash, L50, M|\n|poke|p2|Meganium, L50, F|\n|poke|p2|Pelipper, L50, M|\n|poke|p2|Basculegion, L50, M|\n|poke|p2|Archaludon, L50, F|\n|poke|p2|Aerodactyl, L50, M|\n|poke|p2|Kangaskhan, L50, F|\n|teampreview|4\n|\n|t:|1776210360\n|teamsize|p1|4\n|teamsize|p2|4\n|start\n|switch|p1a: ARFOLD|Rotom-Heat, L50|100/100\n|switch|p1b: Jurassic World|Aerodactyl, L50, F|100/100\n|switch|p2a: Aerodactyl|Aerodactyl, L50, M|100/100\n|switch|p2b: Kangaskhan|Kangaskhan, L50, F|100/100\n|-ability|p1b: Jurassic World|Unnerve\n|-ability|p2a: Aerodactyl|Unnerve\n|turn|1\n|\n|t:|1776210374\n|detailschange|p2b: Kangaskhan|Kangaskhan-Mega, L50, F\n|-mega|p2b: Kangaskhan|Kangaskhan|Kangaskhanite\n|move|p2b: Kangaskhan|Fake Out|p1b: Jurassic World\n|-resisted|p1b: Jurassic World|1\n|-damage|p1b: Jurassic World|85/100\n|-resisted|p1b: Jurassic World|1\n|-damage|p1b: Jurassic World|82/100\n|-hitcount|p1b: Jurassic World|2\n|cant|p1b: Jurassic World|flinch\n|move|p2a: Aerodactyl|Tailwind|p2a: Aerodactyl\n|-sidestart|p2: chichinitz|move: Tailwind\n|move|p1a: ARFOLD|Thunderbolt|p2a: Aerodactyl\n|-supereffective|p2a: Aerodactyl|1\n|-damage|p2a: Aerodactyl|9/100\n|\n|upkeep\n|turn|2\n|\n|t:|1776210418\n|move|p1a: ARFOLD|Protect|p1a: ARFOLD\n|-singleturn|p1a: ARFOLD|Protect\n|move|p2a: Aerodactyl|Rock Slide|p1a: ARFOLD|[spread] \n|-activate|p1a: ARFOLD|move: Protect\n|-miss|p2a: Aerodactyl|p1b: Jurassic World\n|move|p2b: Kangaskhan|Double-Edge|p1a: ARFOLD\n|-activate|p1a: ARFOLD|move: Protect\n|move|p1b: Jurassic World|Tailwind|p1b: Jurassic World\n|-sidestart|p1: Yenkfoggin|move: Tailwind\n|\n|upkeep\n|turn|3\n|\n|t:|1776210482\n|switch|p1b: King Kong|Tyranitar, L50, M|100/100\n|-weather|Sandstorm|[from] ability: Sand Stream|[of] p1b: King Kong\n|move|p2a: Aerodactyl|Rock Slide|p1a: ARFOLD|[spread] p1a,p1b\n|-supereffective|p1a: ARFOLD|1\n|-damage|p1a: ARFOLD|33/100\n|-damage|p1b: King Kong|75/100\n|move|p2b: Kangaskhan|Double-Edge|p1a: ARFOLD\n|-damage|p1a: ARFOLD|0 fnt\n|faint|p1a: ARFOLD\n|-hitcount|p1: ARFOLD|1\n|-damage|p2b: Kangaskhan|92/100|[from] Recoil\n|\n|-weather|Sandstorm|[upkeep]\n|-damage|p2b: Kangaskhan|86/100|[from] Sandstorm\n|upkeep\n|\n|t:|1776210500\n|switch|p1a: Jarma|Starmie, L50|100/100\n|turn|4\n|\n|t:|1776210524\n|switch|p2a: Pelipper|Pelipper, L50, M|100/100\n|-weather|RainDance|[from] ability: Drizzle|[of] p2a: Pelipper\n|detailschange|p1a: Jarma|Starmie-Mega, L50\n|-mega|p1a: Jarma|Starmie|Starminite\n|move|p1a: Jarma|Skill Swap|p1b: King Kong\n|-activate|p1a: Jarma|Skill Swap|||[of] p1b: King Kong\n|-weather|Sandstorm|[from] ability: Sand Stream|[of] p1a: Jarma\n|move|p1b: King Kong|Superpower|p2b: Kangaskhan\n|-supereffective|p2b: Kangaskhan|1\n|-crit|p2b: Kangaskhan\n|-damage|p2b: Kangaskhan|0 fnt\n|-unboost|p1b: King Kong|atk|1\n|-unboost|p1b: King Kong|def|1\n|faint|p2b: Kangaskhan\n|\n|-weather|Sandstorm|[upkeep]\n|-damage|p1a: Jarma|95/100|[from] Sandstorm\n|-damage|p2a: Pelipper|95/100|[from] Sandstorm\n|-sideend|p2: chichinitz|move: Tailwind\n|upkeep\n|\n|t:|1776210548\n|switch|p2b: Basculegion|Basculegion, L50, M|100/100\n|turn|5\n|\n|t:|1776210578\n|switch|p1b: Jurassic World|Aerodactyl, L50, F|82/100\n|-ability|p1b: Jurassic World|Unnerve\n|switch|p2a: Aerodactyl|Aerodactyl, L50, M|9/100\n|-ability|p2a: Aerodactyl|Unnerve\n|move|p1a: Jarma|Protect|p1a: Jarma\n|-singleturn|p1a: Jarma|Protect\n|move|p2b: Basculegion|Flip Turn|p1b: Jurassic World\n|-supereffective|p1b: Jurassic World|1\n|-damage|p1b: Jurassic World|0 fnt\n|faint|p1b: Jurassic World\n|\n|t:|1776210592\n|switch|p2b: Pelipper|Pelipper, L50, M|95/100|[from] Flip Turn\n|-weather|RainDance|[from] ability: Drizzle|[of] p2b: Pelipper\n|\n|-weather|RainDance|[upkeep]\n|-sideend|p1: Yenkfoggin|move: Tailwind\n|upkeep\n|\n|t:|1776210597\n|switch|p1b: King Kong|Tyranitar, L50, M|75/100\n|-weather|Sandstorm|[from] ability: Sand Stream|[of] p1b: King Kong\n|turn|6\n|\n|t:|1776210623\n|switch|p2b: Basculegion|Basculegion, L50, M|100/100\n|move|p2a: Aerodactyl|Tailwind|p2a: Aerodactyl\n|-sidestart|p2: chichinitz|move: Tailwind\n|move|p1a: Jarma|Zen Headbutt|p2b: Basculegion\n|-damage|p2b: Basculegion|56/100\n|move|p1b: King Kong|Rock Slide|p2b: Basculegion|[spread] p2a,p2b\n|-supereffective|p2a: Aerodactyl|1\n|-damage|p2a: Aerodactyl|0 fnt\n|-damage|p2b: Basculegion|18/100\n|faint|p2a: Aerodactyl\n|\n|-weather|Sandstorm|[upkeep]\n|-damage|p2b: Basculegion|12/100|[from] Sandstorm\n|-damage|p1a: Jarma|89/100|[from] Sandstorm\n|upkeep\n|\n|t:|1776210635\n|switch|p2a: Pelipper|Pelipper, L50, M|95/100\n|-weather|RainDance|[from] ability: Drizzle|[of] p2a: Pelipper\n|turn|7\n|\n|t:|1776210663\n|move|p1a: Jarma|Protect|p1a: Jarma\n|-singleturn|p1a: Jarma|Protect\n|move|p2b: Basculegion|Wave Crash|p1b: King Kong\n|-supereffective|p1b: King Kong|1\n|-damage|p1b: King Kong|0 fnt\n|faint|p1b: King Kong\n|-damage|p2b: Basculegion|0 fnt|[from] Recoil\n|faint|p2b: Basculegion\n|move|p2a: Pelipper|Hurricane|p1a: Jarma\n|-activate|p1a: Jarma|move: Protect\n|\n|-weather|RainDance|[upkeep]\n|upkeep\n|turn|8\n|\n|t:|1776210681\n|move|p2a: Pelipper|Hurricane|p1a: Jarma\n|-damage|p1a: Jarma|21/100\n|move|p1a: Jarma|Zen Headbutt|p2a: Pelipper\n|-damage|p2a: Pelipper|57/100\n|\n|-weather|RainDance|[upkeep]\n|upkeep\n|turn|9\n|\n|t:|1776210691\n|move|p2a: Pelipper|Hurricane|p1a: Jarma\n|-damage|p1a: Jarma|0 fnt\n|faint|p1a: Jarma\n|\n|win|chichinitz\n|l|\u2606Yenkfoggin\n|player|p1|\n",
  "uploadtime": 1776210796,
  "views": 21,
  "formatid": "gen9championsvgc2026regma",
  "rating": null,
  "private": 0,
  "password": null
}