{
  "id": "gen9championsvgc2026regma-2586620904",
  "format": "[Gen 9 Champions] VGC 2026 Reg M-A",
  "players": [
    "LancelotFaberge",
    "Mence"
  ],
  "log": "|j|\u2606LancelotFaberge\n|j|\u2606Mence\n|t:|1776447424\n|gametype|doubles\n|player|p1|LancelotFaberge|101|\n|player|p2|Mence|169|\n|gen|9\n|tier|[Gen 9 Champions] VGC 2026 Reg M-A\n|rule|Species Clause: Limit one of each Pok\u00e9mon\n|rule|Item Clause: Limit 1 of each item\n|clearpoke\n|poke|p1|Tyranitar, L50, M|\n|poke|p1|Sneasler, L50, F|\n|poke|p1|Gyarados, L50, F|\n|poke|p1|Garchomp, L50, F|\n|poke|p1|Maushold-Four, L50|\n|poke|p1|Rotom-Heat, L50|\n|poke|p2|Mimikyu, L50, F|\n|poke|p2|Hydreigon, L50, F|\n|poke|p2|Glimmora, L50, F|\n|poke|p2|Conkeldurr, L50, M|\n|poke|p2|Gyarados, L50, F|\n|poke|p2|Incineroar, L50, M|\n|teampreview|4\n|\n|t:|1776447472\n|teamsize|p1|4\n|teamsize|p2|4\n|start\n|switch|p1a: Tyranitar|Tyranitar, L50, M|100/100\n|switch|p1b: Sneasler|Sneasler, L50, F|100/100\n|switch|p2a: Mimikyu|Mimikyu, L50, F|100/100\n|switch|p2b: Glimmora|Glimmora, L50, F|100/100\n|-weather|Sandstorm|[from] ability: Sand Stream|[of] p1a: Tyranitar\n|turn|1\n|\n|t:|1776447548\n|move|p2b: Glimmora|Spiky Shield|p2b: Glimmora\n|-singleturn|p2b: Glimmora|move: Protect\n|move|p1b: Sneasler|Dire Claw|p2a: Mimikyu\n|-activate|p2a: Mimikyu|ability: Disguise\n|-damage|p2a: Mimikyu|100/100\n|detailschange|p2a: Mimikyu|Mimikyu-Busted, L50, F\n|-damage|p2a: Mimikyu|88/100|[from] pokemon: Mimikyu-Busted\n|move|p1a: Tyranitar|Knock Off|p2a: Mimikyu\n|-damage|p2a: Mimikyu|18/100\n|-enditem|p2a: Mimikyu|Mental Herb|[from] move: Knock Off|[of] p1a: Tyranitar\n|move|p2a: Mimikyu|Trick Room|p2a: Mimikyu\n|-fieldstart|move: Trick Room|[of] p2a: Mimikyu\n|\n|-weather|Sandstorm|[upkeep]\n|-damage|p2a: Mimikyu|12/100|[from] Sandstorm\n|-damage|p1b: Sneasler|95/100|[from] Sandstorm\n|upkeep\n|turn|2\n|\n|t:|1776447591\n|switch|p1b: Gyarados|Gyarados, L50, F|100/100\n|-ability|p1b: Gyarados|Intimidate|boost\n|-unboost|p2a: Mimikyu|atk|1\n|-unboost|p2b: Glimmora|atk|1\n|move|p2a: Mimikyu|Play Rough|p1a: Tyranitar\n|-supereffective|p1a: Tyranitar|1\n|-damage|p1a: Tyranitar|51/100\n|-unboost|p1a: Tyranitar|atk|1\n|move|p1a: Tyranitar|Earthquake|p2a: Mimikyu|[spread] p2a,p2b\n|-immune|p1b: Gyarados\n|-supereffective|p2b: Glimmora|2\n|-damage|p2a: Mimikyu|0 fnt\n|-damage|p2b: Glimmora|20/100\n|-activate|p2b: Glimmora|ability: Toxic Debris\n|-sidestart|p1: LancelotFaberge|move: Toxic Spikes\n|faint|p2a: Mimikyu\n|move|p2b: Glimmora|Earth Power|p1a: Tyranitar\n|-supereffective|p1a: Tyranitar|1\n|-damage|p1a: Tyranitar|10/100\n|\n|-weather|Sandstorm|[upkeep]\n|-damage|p1b: Gyarados|94/100|[from] Sandstorm\n|upkeep\n|\n|t:|1776447631\n|switch|p2a: Conkeldurr|Conkeldurr, L50, M|100/100\n|turn|3\n|\n|t:|1776447690\n|detailschange|p2b: Glimmora|Glimmora-Mega, L50, F\n|-mega|p2b: Glimmora|Glimmora|Glimmoranite\n|move|p2b: Glimmora|Spiky Shield|p2b: Glimmora\n|-singleturn|p2b: Glimmora|move: Protect\n|move|p2a: Conkeldurr|Mach Punch|p1a: Tyranitar\n|-supereffective|p1a: Tyranitar|2\n|-damage|p1a: Tyranitar|0 fnt\n|faint|p1a: Tyranitar\n|move|p1b: Gyarados|Waterfall|p2b: Glimmora\n|-activate|p2b: Glimmora|move: Protect\n|-damage|p1b: Gyarados|82/100|[from] Spiky Shield|[of] p2b: Glimmora\n|\n|-weather|Sandstorm|[upkeep]\n|-damage|p2a: Conkeldurr|94/100|[from] Sandstorm\n|-damage|p1b: Gyarados|76/100|[from] Sandstorm\n|upkeep\n|\n|t:|1776447710\n|switch|p1a: Sneasler|Sneasler, L50, F|95/100\n|-sideend|p1: LancelotFaberge|move: Toxic Spikes|[of] p1a: Sneasler\n|turn|4\n|\n|t:|1776447744\n|move|p1a: Sneasler|Fake Out|p2a: Conkeldurr\n|-damage|p2a: Conkeldurr|82/100\n|cant|p2a: Conkeldurr|flinch\n|move|p1b: Gyarados|Waterfall|p2b: Glimmora\n|-supereffective|p2b: Glimmora|1\n|-damage|p2b: Glimmora|0 fnt\n|faint|p2b: Glimmora\n|\n|-weather|Sandstorm|[upkeep]\n|-damage|p2a: Conkeldurr|76/100|[from] Sandstorm\n|-damage|p1b: Gyarados|70/100|[from] Sandstorm\n|-damage|p1a: Sneasler|89/100|[from] Sandstorm\n|upkeep\n|\n|t:|1776447754\n|switch|p2b: Gyarados|Gyarados, L50, F|100/100\n|-ability|p2b: Gyarados|Intimidate|boost\n|-unboost|p1a: Sneasler|atk|1\n|-unboost|p1b: Gyarados|atk|1\n|-enditem|p1a: Sneasler|White Herb\n|-clearnegativeboost|p1a: Sneasler|[silent]\n|turn|5\n|\n|t:|1776447797\n|move|p2a: Conkeldurr|Ice Punch|p1b: Gyarados\n|-damage|p1b: Gyarados|27/100\n|move|p2b: Gyarados|Icy Wind|p1b: Gyarados|[spread] p1a,p1b\n|-damage|p1a: Sneasler|81/100\n|-damage|p1b: Gyarados|22/100\n|-unboost|p1a: Sneasler|spe|1\n|-unboost|p1b: Gyarados|spe|1\n|move|p1b: Gyarados|Crunch|p2b: Gyarados\n|-damage|p2b: Gyarados|86/100\n|move|p1a: Sneasler|Dire Claw|p2a: Conkeldurr\n|-crit|p2a: Conkeldurr\n|-damage|p2a: Conkeldurr|18/100\n|\n|-weather|none\n|-fieldend|move: Trick Room\n|upkeep\n|turn|6\n|\n|t:|1776447879\n|move|p2a: Conkeldurr|Protect|p2a: Conkeldurr\n|-singleturn|p2a: Conkeldurr|Protect\n|move|p1a: Sneasler|Dire Claw|p2b: Gyarados\n|-damage|p2b: Gyarados|50/100\n|-enditem|p2b: Gyarados|Sitrus Berry|[eat]\n|-heal|p2b: Gyarados|75/100|[from] item: Sitrus Berry\n|move|p2b: Gyarados|Thunder Wave|p1b: Gyarados\n|-status|p1b: Gyarados|par\n|move|p1b: Gyarados|Waterfall|p2a: Conkeldurr\n|-activate|p2a: Conkeldurr|move: Protect\n|\n|upkeep\n|turn|7\n|\n|t:|1776447916\n|move|p1b: Gyarados|Protect|p1b: Gyarados\n|-singleturn|p1b: Gyarados|Protect\n|move|p1a: Sneasler|Dire Claw|p2a: Conkeldurr\n|-damage|p2a: Conkeldurr|0 fnt\n|faint|p2a: Conkeldurr\n|move|p2b: Gyarados|Waterfall|p1a: Sneasler\n|-damage|p1a: Sneasler|24/100\n|\n|upkeep\n|turn|8\n|\n|t:|1776447941\n|move|p1a: Sneasler|Protect|p1a: Sneasler\n|-singleturn|p1a: Sneasler|Protect\n|move|p2b: Gyarados|Waterfall|p1a: Sneasler\n|-activate|p1a: Sneasler|move: Protect\n|move|p1b: Gyarados|Crunch|p2b: Gyarados\n|-damage|p2b: Gyarados|58/100\n|\n|upkeep\n|turn|9\n|\n|t:|1776447963\n|move|p1a: Sneasler|Dire Claw|p2b: Gyarados\n|-damage|p2b: Gyarados|19/100\n|move|p2b: Gyarados|Waterfall|p1a: Sneasler\n|-damage|p1a: Sneasler|0 fnt\n|faint|p1a: Sneasler\n|move|p1b: Gyarados|Crunch|p2b: Gyarados\n|-damage|p2b: Gyarados|3/100\n|-unboost|p2b: Gyarados|def|1\n|\n|upkeep\n|\n|t:|1776447972\n|switch|p1a: Garchomp|Garchomp, L50, F|100/100\n|turn|10\n|\n|t:|1776447983\n|move|p1a: Garchomp|Dragon Claw|p2b: Gyarados\n|-damage|p2b: Gyarados|0 fnt\n|faint|p2b: Gyarados\n|\n|win|LancelotFaberge\n",
  "uploadtime": 1776447988,
  "views": 25,
  "formatid": "gen9championsvgc2026regma",
  "rating": null,
  "private": 0,
  "password": null
}