{
  "id": "gen9championsvgc2026regma-2583293447",
  "format": "[Gen 9 Champions] VGC 2026 Reg M-A",
  "players": [
    "imfinking",
    "nandomo"
  ],
  "log": "|j|\u2606imfinking\n|j|\u2606nandomo\n|t:|1776163989\n|gametype|doubles\n|player|p1|imfinking|sada|1224\n|player|p2|nandomo|101|1223\n|gen|9\n|tier|[Gen 9 Champions] VGC 2026 Reg M-A\n|rated|\n|rule|Species Clause: Limit one of each Pok\u00e9mon\n|rule|Item Clause: Limit 1 of each item\n|clearpoke\n|poke|p1|Venusaur, L50, M|\n|poke|p1|Farigiraf, L50, F|\n|poke|p1|Golurk, L50|\n|poke|p1|Charizard, L50, F|\n|poke|p1|Torkoal, L50, F|\n|poke|p1|Incineroar, L50, F|\n|poke|p2|Gengar, L50, F|\n|poke|p2|Incineroar, L50, F|\n|poke|p2|Kommo-o, L50, M|\n|poke|p2|Sinistcha, L50|\n|poke|p2|Pelipper, L50, F|\n|poke|p2|Basculegion, L50, M|\n|teampreview|4\n|\n|t:|1776164007\n|teamsize|p1|4\n|teamsize|p2|4\n|start\n|switch|p1a: he stole my drinky|Farigiraf, L50, F|100/100\n|switch|p1b: PING AS|Incineroar, L50, F|100/100\n|switch|p2a: Gengar|Gengar, L50, F|100/100\n|switch|p2b: Kommo-o|Kommo-o, L50, M|100/100\n|-ability|p1b: PING AS|Intimidate|boost\n|-unboost|p2a: Gengar|atk|1\n|-unboost|p2b: Kommo-o|atk|1\n|turn|1\n|\n|t:|1776164038\n|switch|p2b: Incineroar|Incineroar, L50, F|100/100\n|-ability|p2b: Incineroar|Intimidate|boost\n|-unboost|p1a: he stole my drinky|atk|1\n|-unboost|p1b: PING AS|atk|1\n|detailschange|p2a: Gengar|Gengar-Mega, L50, F\n|-mega|p2a: Gengar|Gengar|Gengarite\n|move|p2a: Gengar|Sludge Bomb|p1a: he stole my drinky\n|-damage|p1a: he stole my drinky|53/100\n|move|p1b: PING AS|Parting Shot|p1a: he stole my drinky\n|-unboost|p1a: he stole my drinky|atk|1\n|-unboost|p1a: he stole my drinky|spa|1\n|\n|t:|1776164049\n|switch|p1b: you must die|Golurk, L50|100/100|[from] Parting Shot\n|move|p1a: he stole my drinky|Trick Room|p1a: he stole my drinky\n|-fieldstart|move: Trick Room|[of] p1a: he stole my drinky\n|\n|-heal|p1a: he stole my drinky|59/100|[from] item: Leftovers\n|upkeep\n|turn|2\n|\n|t:|1776164067\n|detailschange|p1b: you must die|Golurk-Mega, L50\n|-mega|p1b: you must die|Golurk|Golurkite\n|move|p2a: Gengar|Protect|p2a: Gengar\n|-singleturn|p2a: Gengar|Protect\n|move|p1a: he stole my drinky|Ally Switch|p1a: he stole my drinky\n|swap|p1a: he stole my drinky|1|[from] move: Ally Switch\n|move|p1a: you must die|Headlong Rush|p2a: Gengar\n|-supereffective|p2a: Gengar|1\n|-ability|p1a: you must die|Unseen Fist\n|-zbroken|p2a: Gengar\n|-damage|p2a: Gengar|50/100\n|-unboost|p1a: you must die|def|1\n|-unboost|p1a: you must die|spd|1\n|move|p2b: Incineroar|Parting Shot|p1b: he stole my drinky\n|-unboost|p1b: he stole my drinky|atk|1\n|-unboost|p1b: he stole my drinky|spa|1\n|\n|t:|1776164083\n|switch|p2b: Kommo-o|Kommo-o, L50, M|100/100|[from] Parting Shot\n|\n|-heal|p1b: he stole my drinky|65/100|[from] item: Leftovers\n|upkeep\n|turn|3\n|\n|t:|1776164095\n|switch|p2a: Incineroar|Incineroar, L50, F|100/100\n|-ability|p2a: Incineroar|Intimidate|boost\n|-unboost|p1a: you must die|atk|1\n|-unboost|p1b: he stole my drinky|atk|1\n|move|p1a: you must die|Headlong Rush|p2a: Incineroar\n|-supereffective|p2a: Incineroar|1\n|-crit|p2a: Incineroar\n|-damage|p2a: Incineroar|0 fnt\n|-unboost|p1a: you must die|def|1\n|-unboost|p1a: you must die|spd|1\n|faint|p2a: Incineroar\n|move|p1b: he stole my drinky|Psychic Fangs|p2b: Kommo-o\n|-supereffective|p2b: Kommo-o|1\n|-damage|p2b: Kommo-o|84/100\n|move|p2b: Kommo-o|Clangorous Soul|p2b: Kommo-o\n|-boost|p2b: Kommo-o|atk|1\n|-boost|p2b: Kommo-o|def|1\n|-boost|p2b: Kommo-o|spa|1\n|-boost|p2b: Kommo-o|spd|1\n|-boost|p2b: Kommo-o|spe|1\n|-damage|p2b: Kommo-o|52/100\n|\n|-heal|p1b: he stole my drinky|71/100|[from] item: Leftovers\n|-heal|p2b: Kommo-o|58/100|[from] item: Leftovers\n|upkeep\n|\n|t:|1776164119\n|switch|p2a: Gengar|Gengar-Mega, L50, F|50/100\n|turn|4\n|\n|t:|1776164129\n|move|p1b: he stole my drinky|Ally Switch|p1b: he stole my drinky\n|swap|p1b: he stole my drinky|0|[from] move: Ally Switch\n|move|p1b: you must die|Headlong Rush|p2a: Gengar\n|-supereffective|p2a: Gengar|1\n|-damage|p2a: Gengar|0 fnt\n|-unboost|p1b: you must die|def|1\n|-unboost|p1b: you must die|spd|1\n|faint|p2a: Gengar\n|move|p2b: Kommo-o|Clanging Scales|p1b: you must die|[spread] p1a,p1b\n|-crit|p1b: you must die\n|-damage|p1a: he stole my drinky|33/100\n|-damage|p1b: you must die|0 fnt\n|faint|p1b: you must die\n|-unboost|p2b: Kommo-o|def|1\n|\n|-heal|p1a: he stole my drinky|39/100|[from] item: Leftovers\n|-heal|p2b: Kommo-o|64/100|[from] item: Leftovers\n|upkeep\n|\n|t:|1776164145\n|switch|p1b: PING AS|Incineroar, L50, F|100/100\n|switch|p2a: Pelipper|Pelipper, L50, F|100/100\n|-ability|p1b: PING AS|Intimidate|boost\n|-unboost|p2a: Pelipper|atk|1\n|-unboost|p2b: Kommo-o|atk|1\n|-weather|RainDance|[from] ability: Drizzle|[of] p2a: Pelipper\n|turn|5\n|\n|t:|1776164164\n|switch|p1a: or is it the bagel|Torkoal, L50, F|100/100\n|-weather|SunnyDay|[from] ability: Drought|[of] p1a: or is it the bagel\n|move|p1b: PING AS|Parting Shot|p2b: Kommo-o\n|-immune|p2b: Kommo-o|[from] ability: Soundproof\n|move|p2a: Pelipper|Weather Ball|p1b: PING AS\n|-resisted|p1b: PING AS|1\n|-damage|p1b: PING AS|83/100\n|move|p2b: Kommo-o|Clanging Scales|p1a: or is it the bagel|[spread] p1a,p1b\n|-damage|p1a: or is it the bagel|26/100\n|-damage|p1b: PING AS|42/100\n|-enditem|p1b: PING AS|Sitrus Berry|[eat]\n|-heal|p1b: PING AS|67/100|[from] item: Sitrus Berry\n|-unboost|p2b: Kommo-o|def|1\n|\n|-weather|SunnyDay|[upkeep]\n|-heal|p2b: Kommo-o|70/100|[from] item: Leftovers\n|-fieldend|move: Trick Room\n|upkeep\n|turn|6\n|\n|t:|1776164189\n|switch|p1a: he stole my drinky|Farigiraf, L50, F|39/100\n|move|p2b: Kommo-o|Clanging Scales|p1a: he stole my drinky|[spread] p1a,p1b\n|-damage|p1a: he stole my drinky|0 fnt\n|-damage|p1b: PING AS|24/100\n|faint|p1a: he stole my drinky\n|-unboost|p2b: Kommo-o|def|1\n|move|p2a: Pelipper|Tailwind|p2a: Pelipper\n|-sidestart|p2: nandomo|move: Tailwind\n|move|p1b: PING AS|Flare Blitz|p2b: Kommo-o\n|-resisted|p2b: Kommo-o|1\n|-damage|p2b: Kommo-o|0 fnt\n|faint|p2b: Kommo-o\n|-damage|p1b: PING AS|5/100|[from] Recoil\n|\n|-weather|SunnyDay|[upkeep]\n|upkeep\n|\n|t:|1776164202\n|switch|p1a: or is it the bagel|Torkoal, L50, F|26/100\n|turn|7\n|\n|t:|1776164209\n|move|p2a: Pelipper|Weather Ball|p1b: PING AS\n|-resisted|p1b: PING AS|1\n|-damage|p1b: PING AS|0 fnt\n|faint|p1b: PING AS\n|move|p1a: or is it the bagel|Overheat|p2a: Pelipper|[miss]\n|-miss|p1a: or is it the bagel|p2a: Pelipper\n|\n|-weather|SunnyDay|[upkeep]\n|upkeep\n|turn|8\n|\n|t:|1776164215\n|move|p2a: Pelipper|Weather Ball|p1a: or is it the bagel\n|-resisted|p1a: or is it the bagel|1\n|-damage|p1a: or is it the bagel|0 fnt\n|faint|p1a: or is it the bagel\n|\n|win|nandomo\n|raw|imfinking's rating: 1224 &rarr; <strong>1199</strong><br />(-25 for losing)\n|raw|nandomo's rating: 1223 &rarr; <strong>1248</strong><br />(+25 for winning)\n|c|\u2606imfinking|Gg\n|l|\u2606nandomo\n|player|p2|\n",
  "uploadtime": 1776164224,
  "views": 32,
  "formatid": "gen9championsvgc2026regma",
  "rating": 1199,
  "private": 0,
  "password": null
}