{
  "id": "gen9championsvgc2026regma-2581300833",
  "format": "[Gen 9 Champions] VGC 2026 Reg M-A",
  "players": [
    "Lynnnnnnnnn",
    "Chronostorm21"
  ],
  "log": "|j|\u2606Lynnnnnnnnn\n|j|\u2606Chronostorm21\n|t:|1775983504\n|gametype|doubles\n|player|p1|Lynnnnnnnnn|266|1080\n|player|p2|Chronostorm21|170|1127\n|gen|9\n|tier|[Gen 9 Champions] VGC 2026 Reg M-A\n|rated|\n|rule|Species Clause: Limit one of each Pok\u00e9mon\n|rule|Item Clause: Limit 1 of each item\n|clearpoke\n|poke|p1|Gengar, L50, M|\n|poke|p1|Politoed, L50, M|\n|poke|p1|Incineroar, L50, M|\n|poke|p1|Sinistcha-Masterpiece, L50|\n|poke|p1|Sableye, L50, M|\n|poke|p1|Rotom-Wash, L50|\n|poke|p2|Dragonite, L50, M|\n|poke|p2|Politoed, L50, M|\n|poke|p2|Archaludon, L50, F|\n|poke|p2|Kingambit, L50, M|\n|poke|p2|Basculegion, L50, M|\n|poke|p2|Farigiraf, L50, F|\n|teampreview|4\n|inactive|Battle timer is ON: inactive players will automatically lose when time's up. (requested by Lynnnnnnnnn)\n|inactive|Chronostorm21 has 60 seconds left.\n|inactive|Chronostorm21 has 30 seconds left.\n|inactive|Chronostorm21 has 20 seconds left.\n|inactive|Chronostorm21 has 15 seconds left.\n|\n|t:|1775983580\n|teamsize|p1|4\n|teamsize|p2|4\n|start\n|switch|p1a: Gengar|Gengar, L50, M, shiny|100/100\n|switch|p1b: Rotom|Rotom-Wash, L50|100/100\n|switch|p2a: Politoed|Politoed, L50, M|100/100\n|switch|p2b: Archaludon|Archaludon, L50, F|100/100\n|-weather|RainDance|[from] ability: Drizzle|[of] p2a: Politoed\n|turn|1\n|inactive|Lynnnnnnnnn has 30 seconds left.\n|inactive|Lynnnnnnnnn has 20 seconds left.\n|inactive|Lynnnnnnnnn has 15 seconds left.\n|\n|t:|1775983621\n|detailschange|p1a: Gengar|Gengar-Mega, L50, M, shiny\n|-mega|p1a: Gengar|Gengar|Gengarite\n|move|p2b: Archaludon|Protect|p2b: Archaludon\n|-singleturn|p2b: Archaludon|Protect\n|move|p1a: Gengar|Shadow Ball|p2b: Archaludon\n|-activate|p2b: Archaludon|move: Protect\n|move|p1b: Rotom|Volt Switch|p2a: Politoed\n|-supereffective|p2a: Politoed|1\n|-damage|p2a: Politoed|69/100\n|\n|t:|1775983632\n|switch|p1b: Sableye|Sableye, L50, M|100/100|[from] Volt Switch\n|move|p2a: Politoed|Icy Wind|p1b: Sableye|[spread] p1a\n|-miss|p2a: Politoed|p1b: Sableye\n|-damage|p1a: Gengar|90/100\n|-unboost|p1a: Gengar|spe|1\n|\n|-weather|RainDance|[upkeep]\n|-heal|p2a: Politoed|75/100|[from] item: Leftovers\n|upkeep\n|turn|2\n|\n|t:|1775983648\n|move|p2a: Politoed|Helping Hand|p2b: Archaludon\n|-singleturn|p2b: Archaludon|Helping Hand|[of] p2a: Politoed\n|move|p1b: Sableye|Encore|p2b: Archaludon\n|-start|p2b: Archaludon|Encore\n|move|p2b: Archaludon|Protect|p2b: Archaludon\n|-singleturn|p2b: Archaludon|Protect\n|move|p1a: Gengar|Perish Song|p1a: Gengar\n|-start|p1a: Gengar|perish3|[silent]\n|-start|p1b: Sableye|perish3|[silent]\n|-start|p2a: Politoed|perish3|[silent]\n|-start|p2b: Archaludon|perish3|[silent]\n|-fieldactivate|move: Perish Song\n|\n|-weather|RainDance|[upkeep]\n|-heal|p2a: Politoed|81/100|[from] item: Leftovers\n|-start|p1a: Gengar|perish3\n|-start|p2b: Archaludon|perish3\n|-start|p2a: Politoed|perish3\n|-start|p1b: Sableye|perish3\n|upkeep\n|turn|3\n|\n|t:|1775983667\n|move|p2b: Archaludon|Protect||[still]\n|-fail|p2b: Archaludon\n|move|p1b: Sableye|Encore|p2a: Politoed\n|-start|p2a: Politoed|Encore\n|move|p2a: Politoed|Helping Hand||[still]\n|-fail|p2a: Politoed\n|move|p1a: Gengar|Substitute|p1a: Gengar\n|-start|p1a: Gengar|Substitute\n|-damage|p1a: Gengar|65/100\n|\n|-weather|RainDance|[upkeep]\n|-heal|p2a: Politoed|87/100|[from] item: Leftovers\n|-start|p1a: Gengar|perish2\n|-start|p2b: Archaludon|perish2\n|-start|p2a: Politoed|perish2\n|-start|p1b: Sableye|perish2\n|upkeep\n|turn|4\n|inactive|Lynnnnnnnnn has 30 seconds left.\n|\n|t:|1775983694\n|switch|p1b: Incineroar|Incineroar, L50, M|100/100\n|-ability|p1b: Incineroar|Intimidate|boost\n|-unboost|p2a: Politoed|atk|1\n|-unboost|p2b: Archaludon|atk|1\n|move|p2a: Politoed|Helping Hand|p2b: Archaludon\n|-singleturn|p2b: Archaludon|Helping Hand|[of] p2a: Politoed\n|move|p2b: Archaludon|Protect|p2b: Archaludon\n|-singleturn|p2b: Archaludon|Protect\n|move|p1a: Gengar|Substitute|p1a: Gengar\n|-fail|p1a: Gengar|move: Substitute\n|\n|-weather|RainDance|[upkeep]\n|-heal|p2a: Politoed|93/100|[from] item: Leftovers\n|-end|p2b: Archaludon|Encore\n|-start|p1a: Gengar|perish1\n|-start|p2b: Archaludon|perish1\n|-start|p2a: Politoed|perish1\n|upkeep\n|turn|5\n|c|\u2606Chronostorm21|You are a demon\n|inactive|Lynnnnnnnnn has 30 seconds left.\n|inactive|Chronostorm21 has 30 seconds left.\n|inactive|Chronostorm21 has 20 seconds left.\n|\n|t:|1775983730\n|switch|p1a: Rotom|Rotom-Wash, L50|100/100\n|move|p2a: Politoed|Helping Hand|p2b: Archaludon\n|-singleturn|p2b: Archaludon|Helping Hand|[of] p2a: Politoed\n|move|p1b: Incineroar|Fake Out|p2b: Archaludon\n|-resisted|p2b: Archaludon|1\n|-damage|p2b: Archaludon|97/100\n|-ability|p2b: Archaludon|Stamina|boost\n|-boost|p2b: Archaludon|def|1\n|cant|p2b: Archaludon|flinch\n|\n|-weather|none\n|-heal|p2a: Politoed|99/100|[from] item: Leftovers\n|-end|p2a: Politoed|Encore\n|-start|p2b: Archaludon|perish0\n|-start|p2a: Politoed|perish0\n|upkeep\n|faint|p2b: Archaludon\n|faint|p2a: Politoed\n|\n|t:|1775983739\n|switch|p2b: Basculegion|Basculegion, L50, M|100/100\n|switch|p2a: Dragonite|Dragonite, L50, M, shiny|100/100\n|turn|6\n|inactive|Chronostorm21 has 30 seconds left.\n|\n|t:|1775983772\n|detailschange|p2a: Dragonite|Dragonite-Mega, L50, M, shiny\n|-mega|p2a: Dragonite|Dragonite|Dragoninite\n|move|p1b: Incineroar|Protect|p1b: Incineroar\n|-singleturn|p1b: Incineroar|Protect\n|move|p2a: Dragonite|Draco Meteor|p1a: Rotom\n|-damage|p1a: Rotom|43/100\n|-unboost|p2a: Dragonite|spa|2\n|move|p2b: Basculegion|Wave Crash|p1b: Incineroar\n|-activate|p1b: Incineroar|move: Protect\n|move|p1a: Rotom|Will-O-Wisp|p2b: Basculegion\n|-status|p2b: Basculegion|brn\n|\n|-heal|p1a: Rotom|49/100|[from] item: Leftovers\n|-damage|p2b: Basculegion|94/100 brn|[from] brn\n|upkeep\n|turn|7\n|inactive|Chronostorm21 has 30 seconds left.\n|\n|t:|1775983798\n|move|p2a: Dragonite|Draco Meteor|p1a: Rotom\n|-damage|p1a: Rotom|20/100\n|-unboost|p2a: Dragonite|spa|2\n|move|p2b: Basculegion|Wave Crash|p1b: Incineroar\n|-supereffective|p1b: Incineroar|1\n|-crit|p1b: Incineroar\n|-damage|p1b: Incineroar|10/100\n|-damage|p2b: Basculegion|66/100 brn|[from] Recoil\n|move|p1a: Rotom|Volt Switch|p2a: Dragonite\n|-damage|p2a: Dragonite|91/100\n|\n|t:|1775983809\n|switch|p1a: Gengar|Gengar-Mega, L50, M, shiny|65/100|[from] Volt Switch\n|move|p1b: Incineroar|Parting Shot|p2b: Basculegion\n|-unboost|p2b: Basculegion|atk|1\n|-unboost|p2b: Basculegion|spa|1\n|\n|t:|1775983815\n|switch|p1b: Rotom|Rotom-Wash, L50|20/100|[from] Parting Shot\n|\n|-heal|p1b: Rotom|25/100|[from] item: Leftovers\n|-damage|p2b: Basculegion|59/100 brn|[from] brn\n|upkeep\n|turn|8\n|\n|t:|1775983823\n|switch|p1b: Incineroar|Incineroar, L50, M|10/100\n|-ability|p1b: Incineroar|Intimidate|boost\n|-unboost|p2a: Dragonite|atk|1\n|-unboost|p2b: Basculegion|atk|1\n|move|p1a: Gengar|Perish Song|p1a: Gengar\n|-start|p1a: Gengar|perish3|[silent]\n|-start|p1b: Incineroar|perish3|[silent]\n|-start|p2a: Dragonite|perish3|[silent]\n|-start|p2b: Basculegion|perish3|[silent]\n|-fieldactivate|move: Perish Song\n|move|p2a: Dragonite|Draco Meteor|p1b: Incineroar\n|-damage|p1b: Incineroar|0 fnt\n|-unboost|p2a: Dragonite|spa|2\n|faint|p1b: Incineroar\n|move|p2b: Basculegion|Last Respects|p1a: Gengar\n|-supereffective|p1a: Gengar|1\n|-damage|p1a: Gengar|19/100\n|\n|-damage|p2b: Basculegion|53/100 brn|[from] brn\n|-start|p1a: Gengar|perish3\n|-start|p2a: Dragonite|perish3\n|-start|p2b: Basculegion|perish3\n|upkeep\n|\n|t:|1775983845\n|switch|p1b: Rotom|Rotom-Wash, L50|25/100\n|turn|9\n|\n|t:|1775983860\n|move|p1a: Gengar|Protect|p1a: Gengar\n|-singleturn|p1a: Gengar|Protect\n|move|p1b: Rotom|Protect|p1b: Rotom\n|-singleturn|p1b: Rotom|Protect\n|move|p2a: Dragonite|Draco Meteor|p1b: Rotom\n|-activate|p1b: Rotom|move: Protect\n|move|p2b: Basculegion|Last Respects|p1a: Gengar\n|-activate|p1a: Gengar|move: Protect\n|\n|-heal|p1b: Rotom|31/100|[from] item: Leftovers\n|-damage|p2b: Basculegion|47/100 brn|[from] brn\n|-start|p1a: Gengar|perish2\n|-start|p2a: Dragonite|perish2\n|-start|p2b: Basculegion|perish2\n|upkeep\n|turn|10\n|\n|t:|1775983883\n|move|p1a: Gengar|Shadow Ball|p2b: Basculegion\n|-supereffective|p2b: Basculegion|1\n|-damage|p2b: Basculegion|0 fnt\n|faint|p2b: Basculegion\n|move|p2a: Dragonite|Draco Meteor|p1b: Rotom\n|-damage|p1b: Rotom|17/100\n|move|p1b: Rotom|Will-O-Wisp|p2a: Dragonite\n|-status|p2a: Dragonite|brn\n|\n|-heal|p1b: Rotom|23/100|[from] item: Leftovers\n|-damage|p2a: Dragonite|85/100 brn|[from] brn\n|-start|p1a: Gengar|perish1\n|-start|p2a: Dragonite|perish1\n|upkeep\n|turn|11\n|-message|Chronostorm21 forfeited.\n|\n|win|Lynnnnnnnnn\n|raw|Lynnnnnnnnn's rating: 1080 &rarr; <strong>1112</strong><br />(+32 for winning)\n|raw|Chronostorm21's rating: 1127 &rarr; <strong>1099</strong><br />(-28 for losing)\n|l|\u2606Chronostorm21\n|player|p2|\n",
  "uploadtime": 1775984007,
  "views": 18,
  "formatid": "gen9championsvgc2026regma",
  "rating": 1099,
  "private": 0,
  "password": null
}