{
  "id": "gen9championsvgc2026regma-2584633370",
  "format": "[Gen 9 Champions] VGC 2026 Reg M-A",
  "players": [
    "hvaloy",
    "Dbzone9001"
  ],
  "log": "|j|\u2606hvaloy\n|j|\u2606Dbzone9001\n|t:|1776273407\n|gametype|doubles\n|player|p1|hvaloy|rocketgrunt|1289\n|player|p2|Dbzone9001|1|1359\n|gen|9\n|tier|[Gen 9 Champions] VGC 2026 Reg M-A\n|rated|\n|rule|Species Clause: Limit one of each Pok\u00e9mon\n|rule|Item Clause: Limit 1 of each item\n|clearpoke\n|poke|p1|Dragonite, L50, F|\n|poke|p1|Pelipper, L50, M|\n|poke|p1|Sinistcha, L50|\n|poke|p1|Archaludon, L50, F|\n|poke|p1|Basculegion, L50, M|\n|poke|p1|Sneasler, L50, M|\n|poke|p2|Sneasler, L50, F|\n|poke|p2|Corviknight, L50, F|\n|poke|p2|Kangaskhan, L50, F|\n|poke|p2|Pelipper, L50, M|\n|poke|p2|Mimikyu, L50, M|\n|poke|p2|Garchomp, L50, F|\n|teampreview|4\n|inactive|Battle timer is ON: inactive players will automatically lose when time's up. (requested by hvaloy)\n|\n|t:|1776273440\n|teamsize|p1|4\n|teamsize|p2|4\n|start\n|switch|p1a: Pelipper|Pelipper, L50, M|100/100\n|switch|p1b: Dragonite|Dragonite, L50, F|100/100\n|switch|p2a: Kangaskhan|Kangaskhan, L50, F|100/100\n|switch|p2b: Corviknight|Corviknight, L50, F|100/100\n|-weather|RainDance|[from] ability: Drizzle|[of] p1a: Pelipper\n|turn|1\n|\n|t:|1776273457\n|detailschange|p1b: Dragonite|Dragonite-Mega, L50, F\n|-mega|p1b: Dragonite|Dragonite|Dragoninite\n|move|p1b: Dragonite|Protect|p1b: Dragonite\n|-singleturn|p1b: Dragonite|Protect\n|move|p2a: Kangaskhan|Fake Out|p1a: Pelipper\n|-damage|p1a: Pelipper|79/100\n|cant|p1a: Pelipper|flinch\n|move|p2b: Corviknight|Bulk Up|p2b: Corviknight\n|-boost|p2b: Corviknight|atk|1\n|-boost|p2b: Corviknight|def|1\n|\n|-weather|RainDance|[upkeep]\n|upkeep\n|turn|2\n|\n|t:|1776273475\n|detailschange|p2a: Kangaskhan|Kangaskhan-Mega, L50, F\n|-mega|p2a: Kangaskhan|Kangaskhan|Kangaskhanite\n|move|p1b: Dragonite|Tailwind|p1b: Dragonite\n|-sidestart|p1: hvaloy|move: Tailwind\n|move|p1a: Pelipper|Weather Ball|p2b: Corviknight\n|-damage|p2b: Corviknight|35/100\n|move|p2a: Kangaskhan|Double-Edge|p1a: Pelipper\n|-damage|p1a: Pelipper|0 fnt\n|faint|p1a: Pelipper\n|-hitcount|p1: Pelipper|1\n|-damage|p2a: Kangaskhan|83/100|[from] Recoil\n|move|p2b: Corviknight|Iron Head|p1b: Dragonite\n|-damage|p1b: Dragonite|79/100\n|\n|-weather|RainDance|[upkeep]\n|-heal|p2b: Corviknight|40/100|[from] item: Leftovers\n|upkeep\n|\n|t:|1776273494\n|switch|p1a: Sinistcha|Sinistcha, L50|100/100\n|-heal|p1b: Dragonite|100/100|[from] ability: Hospitality|[of] p1a: Sinistcha\n|turn|3\n|\n|t:|1776273511\n|move|p1b: Dragonite|Hurricane|p2a: Kangaskhan\n|-damage|p2a: Kangaskhan|27/100\n|move|p1a: Sinistcha|Matcha Gotcha|p2b: Corviknight|[spread] p2a,p2b\n|-resisted|p2b: Corviknight|2\n|-damage|p2a: Kangaskhan|6/100\n|-damage|p2b: Corviknight|35/100\n|move|p2a: Kangaskhan|Double-Edge|p1b: Dragonite\n|-damage|p1b: Dragonite|69/100\n|-damage|p1b: Dragonite|53/100\n|-hitcount|p1b: Dragonite|2\n|-damage|p2a: Kangaskhan|0 fnt|[from] Recoil\n|faint|p2a: Kangaskhan\n|move|p2b: Corviknight|Roost|p2b: Corviknight\n|-heal|p2b: Corviknight|85/100\n|-singleturn|p2b: Corviknight|move: Roost\n|\n|-weather|RainDance|[upkeep]\n|-heal|p2b: Corviknight|91/100|[from] item: Leftovers\n|upkeep\n|\n|t:|1776273532\n|switch|p2a: Sneasler|Sneasler, L50, F|100/100\n|turn|4\n|\n|t:|1776273542\n|switch|p1a: Basculegion|Basculegion, L50, M|100/100\n|move|p1b: Dragonite|Protect|p1b: Dragonite\n|-singleturn|p1b: Dragonite|Protect\n|move|p2a: Sneasler|Fake Out|p1b: Dragonite\n|-activate|p1b: Dragonite|move: Protect\n|move|p2b: Corviknight|Brave Bird|p1a: Basculegion\n|-damage|p1a: Basculegion|12/100\n|-damage|p2b: Corviknight|62/100|[from] Recoil\n|\n|-weather|RainDance|[upkeep]\n|-heal|p2b: Corviknight|68/100|[from] item: Leftovers\n|upkeep\n|turn|5\n|\n|t:|1776273563\n|switch|p2a: Garchomp|Garchomp, L50, F|100/100\n|move|p1a: Basculegion|Wave Crash|p2b: Corviknight\n|-crit|p2b: Corviknight\n|-damage|p2b: Corviknight|0 fnt\n|faint|p2b: Corviknight\n|-damage|p1a: Basculegion|0 fnt|[from] Recoil\n|faint|p1a: Basculegion\n|move|p1b: Dragonite|Hurricane|p2a: Garchomp\n|-damage|p2a: Garchomp|29/100\n|-start|p2a: Garchomp|confusion\n|\n|-weather|none\n|-sideend|p1: hvaloy|move: Tailwind\n|upkeep\n|\n|t:|1776273579\n|switch|p1a: Sinistcha|Sinistcha, L50|100/100\n|switch|p2b: Sneasler|Sneasler, L50, F|100/100\n|-heal|p1b: Dragonite|78/100|[from] ability: Hospitality|[of] p1a: Sinistcha\n|turn|6\n|\n|t:|1776273592\n|move|p1a: Sinistcha|Rage Powder|p1a: Sinistcha\n|-singleturn|p1a: Sinistcha|move: Rage Powder\n|-activate|p2a: Garchomp|confusion\n|-damage|p2a: Garchomp|13/100|[from] confusion\n|move|p2b: Sneasler|Dire Claw|p1a: Sinistcha\n|-damage|p1a: Sinistcha|70/100\n|-status|p1a: Sinistcha|par\n|move|p1b: Dragonite|Dragon Pulse|p2a: Garchomp\n|-supereffective|p2a: Garchomp|1\n|-damage|p2a: Garchomp|0 fnt\n|faint|p2a: Garchomp\n|\n|upkeep\n|turn|7\n|\n|t:|1776273611\n|move|p1b: Dragonite|Protect|p1b: Dragonite\n|-singleturn|p1b: Dragonite|Protect\n|move|p2b: Sneasler|Dire Claw|p1b: Dragonite\n|-activate|p1b: Dragonite|move: Protect\n|move|p1a: Sinistcha|Strength Sap|p2b: Sneasler\n|-unboost|p2b: Sneasler|atk|1\n|-heal|p1a: Sinistcha|100/100 par\n|-enditem|p2b: Sneasler|White Herb\n|-clearnegativeboost|p2b: Sneasler|[silent]\n|\n|upkeep\n|turn|8\n|-message|Dbzone9001 forfeited.\n|\n|win|hvaloy\n|raw|hvaloy's rating: 1289 &rarr; <strong>1319</strong><br />(+30 for winning)\n|raw|Dbzone9001's rating: 1359 &rarr; <strong>1335</strong><br />(-24 for losing)\n",
  "uploadtime": 1776273635,
  "views": 59,
  "formatid": "gen9championsvgc2026regma",
  "rating": 1319,
  "private": 0,
  "password": null
}