{
  "id": "gen9championsvgc2026regma-2580527411",
  "format": "[Gen 9 Champions] VGC 2026 Reg M-A",
  "players": [
    "24darklight24",
    "amiiboguy3"
  ],
  "log": "|j|\u260624darklight24\n|j|\u2606amiiboguy3\n|t:|1775909028\n|gametype|doubles\n|player|p1|24darklight24|102|1061\n|player|p2|amiiboguy3|harlequin|1069\n|gen|9\n|tier|[Gen 9 Champions] VGC 2026 Reg M-A\n|rated|\n|rule|Species Clause: Limit one of each Pok\u00e9mon\n|rule|Item Clause: Limit 1 of each item\n|clearpoke\n|poke|p1|Sinistcha-Masterpiece, L50|\n|poke|p1|Arcanine-Hisui, L50, F|\n|poke|p1|Whimsicott, L50, F|\n|poke|p1|Basculegion, L50, M|\n|poke|p1|Dragonite, L50, M|\n|poke|p1|Sneasler, L50, F|\n|poke|p2|Venusaur, L50, M|\n|poke|p2|Charizard, L50, M|\n|poke|p2|Incineroar, L50, M|\n|poke|p2|Sinistcha, L50|\n|poke|p2|Torkoal, L50, F|\n|poke|p2|Bastiodon, L50, F|\n|teampreview|4\n|inactive|Battle timer is ON: inactive players will automatically lose when time's up. (requested by 24darklight24)\n|\n|t:|1775909068\n|teamsize|p1|4\n|teamsize|p2|4\n|start\n|switch|p1a: Basculegion|Basculegion, L50, M|100/100\n|switch|p1b: Dragonite|Dragonite, L50, M|100/100\n|switch|p2a: Incineroar|Incineroar, L50, M|100/100\n|switch|p2b: Sinistcha|Sinistcha, L50|100/100\n|-ability|p2a: Incineroar|Intimidate|boost\n|-unboost|p1a: Basculegion|atk|1\n|-fail|p1b: Dragonite|unboost|Attack|[from] ability: Inner Focus|[of] p1b: Dragonite\n|turn|1\n|\n|t:|1775909083\n|move|p1a: Basculegion|Flip Turn|p2a: Incineroar\n|-supereffective|p2a: Incineroar|1\n|-damage|p2a: Incineroar|55/100\n|\n|t:|1775909088\n|switch|p1a: Arcanine|Arcanine-Hisui, L50, F|100/100|[from] Flip Turn\n|-ability|p1a: Arcanine|Intimidate|boost\n|-unboost|p2a: Incineroar|atk|1\n|-unboost|p2b: Sinistcha|atk|1\n|move|p1b: Dragonite|Tailwind|p1b: Dragonite\n|-sidestart|p1: 24darklight24|move: Tailwind\n|move|p2a: Incineroar|Swords Dance|p2a: Incineroar\n|-boost|p2a: Incineroar|atk|2\n|move|p2b: Sinistcha|Trick Room|p2b: Sinistcha\n|-fieldstart|move: Trick Room|[of] p2b: Sinistcha\n|\n|upkeep\n|turn|2\n|inactive|amiiboguy3 has 30 seconds left.\n|\n|t:|1775909115\n|detailschange|p1b: Dragonite|Dragonite-Mega, L50, M\n|-mega|p1b: Dragonite|Dragonite|Dragoninite\n|move|p2b: Sinistcha|Rage Powder|p2b: Sinistcha\n|-singleturn|p2b: Sinistcha|move: Rage Powder\n|move|p2a: Incineroar|Close Combat|p1a: Arcanine\n|-supereffective|p1a: Arcanine|1\n|-damage|p1a: Arcanine|0 fnt\n|-unboost|p2a: Incineroar|def|1\n|-unboost|p2a: Incineroar|spd|1\n|faint|p1a: Arcanine\n|move|p1b: Dragonite|Air Cutter|p2b: Sinistcha|[spread] p2a,p2b\n|-supereffective|p2b: Sinistcha|1\n|-damage|p2a: Incineroar|15/100\n|-damage|p2b: Sinistcha|60/100\n|-enditem|p2a: Incineroar|Sitrus Berry|[eat]\n|-heal|p2a: Incineroar|40/100|[from] item: Sitrus Berry\n|\n|upkeep\n|\n|t:|1775909131\n|switch|p1a: Basculegion|Basculegion, L50, M|100/100\n|turn|3\n|\n|t:|1775909145\n|switch|p2a: Torkoal|Torkoal, L50, F|100/100\n|-weather|SunnyDay|[from] ability: Drought|[of] p2a: Torkoal\n|move|p2b: Sinistcha|Matcha Gotcha|p1a: Basculegion|[spread] p1a,p1b\n|-supereffective|p1a: Basculegion|1\n|-resisted|p1b: Dragonite|2\n|-damage|p1a: Basculegion|47/100\n|-heal|p2b: Sinistcha|89/100|[from] drain|[of] p1a: Basculegion\n|-damage|p1b: Dragonite|98/100\n|-heal|p2b: Sinistcha|90/100|[from] drain|[of] p1b: Dragonite\n|-status|p1a: Basculegion|brn\n|-status|p1b: Dragonite|brn\n|move|p1b: Dragonite|Air Cutter|p2a: Torkoal|[spread] p2a,p2b\n|-supereffective|p2b: Sinistcha|1\n|-damage|p2a: Torkoal|68/100\n|-damage|p2b: Sinistcha|47/100\n|move|p1a: Basculegion|Flip Turn|p2a: Torkoal\n|-supereffective|p2a: Torkoal|1\n|-damage|p2a: Torkoal|54/100\n|\n|t:|1775909165\n|switch|p1a: Sneasler|Sneasler, L50, F|100/100|[from] Flip Turn\n|\n|-weather|SunnyDay|[upkeep]\n|-damage|p1b: Dragonite|92/100 brn|[from] brn\n|upkeep\n|turn|4\n|\n|t:|1775909183\n|move|p1a: Sneasler|Fake Out|p2a: Torkoal\n|-damage|p2a: Torkoal|45/100\n|cant|p2a: Torkoal|flinch\n|move|p2b: Sinistcha|Scald|p1a: Sneasler\n|-damage|p1a: Sneasler|86/100\n|move|p1b: Dragonite|Air Cutter|p2a: Torkoal|[spread] p2a,p2b\n|-supereffective|p2b: Sinistcha|1\n|-damage|p2a: Torkoal|7/100\n|-damage|p2b: Sinistcha|8/100\n|\n|-weather|SunnyDay|[upkeep]\n|-damage|p1b: Dragonite|86/100 brn|[from] brn\n|-sideend|p1: 24darklight24|move: Tailwind\n|upkeep\n|turn|5\n|\n|t:|1775909207\n|switch|p1a: Basculegion|Basculegion, L50, M|47/100 brn\n|move|p2a: Torkoal|Yawn||[still]\n|-fail|p2a: Torkoal\n|move|p2b: Sinistcha|Scald|p1a: Basculegion\n|-resisted|p1a: Basculegion|1\n|-damage|p1a: Basculegion|41/100 brn\n|move|p1b: Dragonite|Air Cutter|p2a: Torkoal|[spread] p2a,p2b\n|-crit|p2a: Torkoal\n|-supereffective|p2b: Sinistcha|1\n|-damage|p2a: Torkoal|0 fnt\n|-damage|p2b: Sinistcha|0 fnt\n|faint|p2a: Torkoal\n|faint|p2b: Sinistcha\n|\n|-weather|SunnyDay|[upkeep]\n|-damage|p1b: Dragonite|80/100 brn|[from] brn\n|-damage|p1a: Basculegion|35/100 brn|[from] brn\n|-fieldend|move: Trick Room\n|upkeep\n|\n|t:|1775909219\n|switch|p2b: Incineroar|Incineroar, L50, M|40/100\n|switch|p2a: Venusaur|Venusaur, L50, M|100/100\n|-ability|p2b: Incineroar|Intimidate|boost\n|-unboost|p1a: Basculegion|atk|1\n|-unboost|p1b: Dragonite|atk|1\n|turn|6\n|\n|t:|1775909242\n|move|p2b: Incineroar|Fake Out|p1b: Dragonite\n|-crit|p1b: Dragonite\n|-damage|p1b: Dragonite|60/100 brn\n|move|p2a: Venusaur|Solar Beam||[still]\n|-prepare|p2a: Venusaur|Solar Beam\n|-anim|p2a: Venusaur|Solar Beam|p1a: Basculegion\n|-supereffective|p1a: Basculegion|1\n|-damage|p1a: Basculegion|0 fnt\n|faint|p1a: Basculegion\n|cant|p1b: Dragonite|flinch\n|\n|-weather|SunnyDay|[upkeep]\n|-damage|p1b: Dragonite|54/100 brn|[from] brn\n|upkeep\n|\n|t:|1775909255\n|switch|p1a: Sneasler|Sneasler, L50, F|86/100\n|turn|7\n|\n|t:|1775909270\n|move|p1a: Sneasler|Fake Out|p2a: Venusaur\n|-damage|p2a: Venusaur|81/100\n|cant|p2a: Venusaur|flinch\n|move|p1b: Dragonite|Air Cutter|p2b: Incineroar|[spread] p2a\n|-miss|p1b: Dragonite|p2b: Incineroar\n|-supereffective|p2a: Venusaur|1\n|-damage|p2a: Venusaur|19/100\n|move|p2b: Incineroar|Flare Blitz|p1a: Sneasler\n|-damage|p1a: Sneasler|0 fnt\n|faint|p1a: Sneasler\n|-damage|p2b: Incineroar|18/100|[from] Recoil\n|\n|-weather|none\n|-damage|p1b: Dragonite|48/100 brn|[from] brn\n|upkeep\n|turn|8\n|\n|t:|1775909294\n|move|p2a: Venusaur|Protect|p2a: Venusaur\n|-singleturn|p2a: Venusaur|Protect\n|move|p1b: Dragonite|Air Cutter|p2a: Venusaur|[spread] p2b\n|-activate|p2a: Venusaur|move: Protect\n|-damage|p2b: Incineroar|0 fnt\n|faint|p2b: Incineroar\n|\n|-damage|p1b: Dragonite|42/100 brn|[from] brn\n|upkeep\n|turn|9\n|\n|t:|1775909307\n|move|p1b: Dragonite|Air Cutter|p2a: Venusaur\n|-supereffective|p2a: Venusaur|1\n|-damage|p2a: Venusaur|0 fnt\n|faint|p2a: Venusaur\n|\n|win|24darklight24\n|raw|24darklight24's rating: 1061 &rarr; <strong>1093</strong><br />(+32 for winning)\n|raw|amiiboguy3's rating: 1069 &rarr; <strong>1048</strong><br />(-21 for losing)\n|l|\u2606amiiboguy3\n|player|p2|\n",
  "uploadtime": 1775909330,
  "views": 14,
  "formatid": "gen9championsvgc2026regma",
  "rating": 1048,
  "private": 0,
  "password": null
}