{
  "id": "gen9championsvgc2026regma-2580863821",
  "format": "[Gen 9 Champions] VGC 2026 Reg M-A",
  "players": [
    "thatonecanto",
    "maxirp_64"
  ],
  "log": "|j|\u2606thatonecanto\n|j|\u2606maxirp_64\n|t:|1775938727\n|gametype|doubles\n|player|p1|thatonecanto|hugh|1125\n|player|p2|maxirp_64|hilbert|1133\n|gen|9\n|tier|[Gen 9 Champions] VGC 2026 Reg M-A\n|rated|\n|rule|Species Clause: Limit one of each Pok\u00e9mon\n|rule|Item Clause: Limit 1 of each item\n|clearpoke\n|poke|p1|Crabominable, L50, F|\n|poke|p1|Kingambit, L50, F|\n|poke|p1|Torkoal, L50, F|\n|poke|p1|Hatterene, L50, F|\n|poke|p1|Farigiraf, L50, F|\n|poke|p1|Sableye, L50, F|\n|poke|p2|Floette-Eternal, L50, F|\n|poke|p2|Garchomp, L50, F|\n|poke|p2|Maushold-Four, L50|\n|poke|p2|Sneasler, L50, F|\n|poke|p2|Talonflame, L50, M|\n|poke|p2|Milotic, L50, F|\n|teampreview|4\n|inactive|Battle timer is ON: inactive players will automatically lose when time's up. (requested by maxirp_64)\n|\n|t:|1775938770\n|teamsize|p1|4\n|teamsize|p2|4\n|start\n|switch|p1a: Hatterene|Hatterene, L50, F|100/100\n|switch|p1b: Kingambit|Kingambit, L50, F|100/100\n|switch|p2a: Floette|Floette-Eternal, L50, F|100/100\n|switch|p2b: Garchomp|Garchomp, L50, F|100/100\n|turn|1\n|\n|t:|1775938790\n|detailschange|p2a: Floette|Floette-Mega, L50, F\n|-mega|p2a: Floette|Floette|Floettite\n|-ability|p2a: Floette|Fairy Aura\n|move|p2a: Floette|Dazzling Gleam|p1a: Hatterene|[spread] p1a,p1b\n|-damage|p1a: Hatterene|49/100\n|-damage|p1b: Kingambit|55/100\n|move|p2b: Garchomp|Earthquake|p1b: Kingambit|[spread] p2a,p1a,p1b\n|-supereffective|p1b: Kingambit|1\n|-damage|p2a: Floette|48/100\n|-damage|p1a: Hatterene|9/100\n|-damage|p1b: Kingambit|0 fnt\n|faint|p1b: Kingambit\n|move|p1a: Hatterene|Trick Room|p1a: Hatterene\n|-fieldstart|move: Trick Room|[of] p1a: Hatterene\n|\n|upkeep\n|\n|t:|1775938808\n|switch|p1b: Crabominable|Crabominable, L50, F|100/100\n|turn|2\n|\n|t:|1775938822\n|detailschange|p1b: Crabominable|Crabominable-Mega, L50, F\n|-mega|p1b: Crabominable|Crabominable|Crabominite\n|move|p2a: Floette|Protect|p2a: Floette\n|-singleturn|p2a: Floette|Protect\n|move|p1a: Hatterene|Dazzling Gleam|p2a: Floette|[spread] p2b\n|-activate|p2a: Floette|move: Protect\n|-supereffective|p2b: Garchomp|1\n|-damage|p2b: Garchomp|0 fnt\n|faint|p2b: Garchomp\n|move|p1b: Crabominable|Ice Punch|p2a: Floette\n|-activate|p2a: Floette|move: Protect\n|\n|upkeep\n|\n|t:|1775938833\n|switch|p2b: Maushold|Maushold-Four, L50|100/100\n|turn|3\n|\n|t:|1775938843\n|move|p2b: Maushold|Follow Me|p2b: Maushold\n|-singleturn|p2b: Maushold|move: Follow Me\n|move|p1a: Hatterene|Dazzling Gleam|p2a: Floette|[spread] p2a,p2b\n|-damage|p2a: Floette|10/100\n|-damage|p2b: Maushold|26/100\n|move|p1b: Crabominable|Drain Punch|p2b: Maushold\n|-supereffective|p2b: Maushold|1\n|-damage|p2b: Maushold|0 fnt\n|faint|p2b: Maushold\n|move|p2a: Floette|Dazzling Gleam|p1a: Hatterene|[spread] p1a,p1b\n|-supereffective|p1b: Crabominable|1\n|-damage|p1a: Hatterene|0 fnt\n|-damage|p1b: Crabominable|26/100\n|faint|p1a: Hatterene\n|\n|upkeep\n|\n|t:|1775938855\n|switch|p1a: Farigiraf|Farigiraf, L50, F|100/100\n|switch|p2b: Milotic|Milotic, L50, F|100/100\n|turn|4\n|\n|t:|1775938875\n|move|p2a: Floette|Protect|p2a: Floette\n|-singleturn|p2a: Floette|Protect\n|move|p1b: Crabominable|Drain Punch|p2b: Milotic\n|-damage|p2b: Milotic|51/100\n|-heal|p1b: Crabominable|50/100|[from] drain|[of] p2b: Milotic\n|move|p1a: Farigiraf|Psychic|p2a: Floette\n|-activate|p2a: Floette|move: Protect\n|move|p2b: Milotic|Muddy Water|p1b: Crabominable|[spread] p1a,p1b\n|-damage|p1a: Farigiraf|77/100\n|-damage|p1b: Crabominable|28/100\n|-unboost|p1b: Crabominable|accuracy|1\n|\n|-heal|p2b: Milotic|57/100|[from] item: Leftovers\n|upkeep\n|turn|5\n|\n|t:|1775938894\n|move|p2b: Milotic|Protect|p2b: Milotic\n|-singleturn|p2b: Milotic|Protect\n|move|p2a: Floette|Protect|p2a: Floette\n|-singleturn|p2a: Floette|Protect\n|move|p1b: Crabominable|Drain Punch|p2b: Milotic\n|-activate|p2b: Milotic|move: Protect\n|move|p1a: Farigiraf|Psychic|p2a: Floette\n|-activate|p2a: Floette|move: Protect\n|\n|-heal|p2b: Milotic|63/100|[from] item: Leftovers\n|-fieldend|move: Trick Room\n|upkeep\n|turn|6\n|\n|t:|1775938908\n|move|p1b: Crabominable|Protect|p1b: Crabominable\n|-singleturn|p1b: Crabominable|Protect\n|move|p2a: Floette|Dazzling Gleam|p1b: Crabominable|[spread] p1a\n|-activate|p1b: Crabominable|move: Protect\n|-damage|p1a: Farigiraf|31/100\n|move|p2b: Milotic|Muddy Water|p1b: Crabominable|[spread] \n|-activate|p1b: Crabominable|move: Protect\n|-miss|p2b: Milotic|p1a: Farigiraf\n|move|p1a: Farigiraf|Psychic|p2a: Floette\n|-damage|p2a: Floette|0 fnt\n|faint|p2a: Floette\n|\n|-heal|p2b: Milotic|69/100|[from] item: Leftovers\n|upkeep\n|turn|7\n|\n|t:|1775938929\n|move|p1a: Farigiraf|Helping Hand|p1b: Crabominable\n|-singleturn|p1b: Crabominable|Helping Hand|[of] p1a: Farigiraf\n|move|p2b: Milotic|Muddy Water|p1a: Farigiraf|[spread] p1a,p1b\n|-damage|p1a: Farigiraf|6/100\n|-damage|p1b: Crabominable|6/100\n|-unboost|p1a: Farigiraf|accuracy|1\n|move|p1b: Crabominable|Drain Punch|p2b: Milotic\n|-damage|p2b: Milotic|0 fnt\n|-heal|p1b: Crabominable|40/100|[from] drain|[of] p2b: Milotic\n|faint|p2b: Milotic\n|\n|win|thatonecanto\n|raw|thatonecanto's rating: 1125 &rarr; <strong>1151</strong><br />(+26 for winning)\n|raw|maxirp_64's rating: 1133 &rarr; <strong>1107</strong><br />(-26 for losing)\n|l|\u2606maxirp_64\n|player|p2|\n|j|\u2606maxirp_64\n|player|p2|maxirp_64|hilbert|\n|l|\u2606maxirp_64\n|player|p2|\n",
  "uploadtime": 1775938951,
  "views": 21,
  "formatid": "gen9championsvgc2026regma",
  "rating": 1107,
  "private": 0,
  "password": null
}