{
  "id": "gen9championsvgc2026regma-2586802508",
  "format": "[Gen 9 Champions] VGC 2026 Reg M-A",
  "players": [
    "goofypsyduck",
    "NathanaelW19"
  ],
  "log": "|j|\u2606goofypsyduck\n|j|\u2606NathanaelW19\n|t:|1776461110\n|gametype|doubles\n|player|p1|goofypsyduck|cynthia-gen4|1047\n|player|p2|NathanaelW19|dragontamer|1096\n|gen|9\n|tier|[Gen 9 Champions] VGC 2026 Reg M-A\n|rated|\n|rule|Species Clause: Limit one of each Pok\u00e9mon\n|rule|Item Clause: Limit 1 of each item\n|clearpoke\n|poke|p1|Crabominable, L50, M|\n|poke|p1|Camerupt, L50, M|\n|poke|p1|Snorlax, L50, M|\n|poke|p1|Sinistcha-Masterpiece, L50|\n|poke|p1|Slowking, L50, F|\n|poke|p1|Aegislash, L50, M|\n|poke|p2|Medicham, L50, F|\n|poke|p2|Banette, L50, M|\n|poke|p2|Ninetales-Alola, L50, M|\n|poke|p2|Arcanine-Hisui, L50, F|\n|poke|p2|Rotom-Frost, L50|\n|poke|p2|Kommo-o, L50, M|\n|teampreview|4\n|inactive|Battle timer is ON: inactive players will automatically lose when time's up. (requested by NathanaelW19)\n|\n|t:|1776461134\n|teamsize|p1|4\n|teamsize|p2|4\n|start\n|switch|p1a: Snorlax|Snorlax, L50, M, shiny|100/100\n|switch|p1b: Slowking|Slowking, L50, F|100/100\n|switch|p2a: Medicham|Medicham, L50, F, shiny|100/100\n|switch|p2b: Banette|Banette, L50, M, shiny|100/100\n|-item|p1a: Snorlax|Sitrus Berry|[from] ability: Frisk|[of] p2b: Banette\n|-item|p1b: Slowking|Mental Herb|[from] ability: Frisk|[of] p2b: Banette\n|turn|1\n|\n|t:|1776461144\n|detailschange|p2b: Banette|Banette-Mega, L50, M, shiny\n|-mega|p2b: Banette|Banette|Banettite\n|move|p2a: Medicham|Fake Out|p1b: Slowking\n|-damage|p1b: Slowking|84/100\n|move|p2b: Banette|Skill Swap|p2a: Medicham\n|-activate|p2b: Banette|Skill Swap|||[of] p2a: Medicham\n|move|p1a: Snorlax|Curse|p1a: Snorlax\n|-unboost|p1a: Snorlax|spe|1\n|-boost|p1a: Snorlax|atk|1\n|-boost|p1a: Snorlax|def|1\n|cant|p1b: Slowking|flinch\n|\n|upkeep\n|turn|2\n|\n|t:|1776461166\n|move|p2a: Medicham|Coaching|p2b: Banette\n|-boost|p2b: Banette|atk|1\n|-boost|p2b: Banette|def|1\n|move|p2b: Banette|Knock Off|p1b: Slowking\n|-supereffective|p1b: Slowking|1\n|-damage|p1b: Slowking|0 fnt\n|-enditem|p1b: Slowking|Mental Herb|[from] move: Knock Off|[of] p2b: Banette\n|faint|p1b: Slowking\n|move|p1a: Snorlax|Curse|p1a: Snorlax\n|-unboost|p1a: Snorlax|spe|1\n|-boost|p1a: Snorlax|atk|1\n|-boost|p1a: Snorlax|def|1\n|\n|upkeep\n|\n|t:|1776461174\n|switch|p1b: Camerupt|Camerupt, L50, M, shiny|100/100\n|turn|3\n|\n|t:|1776461186\n|move|p2a: Medicham|Coaching|p2b: Banette\n|-boost|p2b: Banette|atk|1\n|-boost|p2b: Banette|def|1\n|move|p2b: Banette|Shadow Sneak|p1b: Camerupt\n|-damage|p1b: Camerupt|0 fnt\n|faint|p1b: Camerupt\n|move|p1a: Snorlax|Body Slam|p2a: Medicham\n|-enditem|p2a: Medicham|Focus Sash\n|-damage|p2a: Medicham|1/100\n|\n|upkeep\n|\n|t:|1776461193\n|switch|p1b: Sinistcha|Sinistcha-Masterpiece, L50|100/100\n|turn|4\n|\n|t:|1776461201\n|switch|p2a: Arcanine|Arcanine-Hisui, L50, F|100/100\n|-ability|p2a: Arcanine|Intimidate|boost\n|-unboost|p1a: Snorlax|atk|1\n|-unboost|p1b: Sinistcha|atk|1\n|move|p1b: Sinistcha|Rage Powder|p1b: Sinistcha\n|-singleturn|p1b: Sinistcha|move: Rage Powder\n|move|p2b: Banette|Shadow Sneak|p1b: Sinistcha\n|-supereffective|p1b: Sinistcha|1\n|-damage|p1b: Sinistcha|0 fnt\n|faint|p1b: Sinistcha\n|move|p1a: Snorlax|Gunk Shot|p2b: Banette\n|-resisted|p2b: Banette|1\n|-damage|p2b: Banette|82/100\n|\n|upkeep\n|turn|5\n|-message|goofypsyduck forfeited.\n|\n|win|NathanaelW19\n|raw|goofypsyduck's rating: 1047 &rarr; <strong>1032</strong><br />(-15 for losing)\n|raw|NathanaelW19's rating: 1096 &rarr; <strong>1118</strong><br />(+22 for winning)\n|l|\u2606goofypsyduck\n|player|p1|\n",
  "uploadtime": 1776461219,
  "views": 19,
  "formatid": "gen9championsvgc2026regma",
  "rating": 1032,
  "private": 0,
  "password": null
}