{
  "id": "gen9championsvgc2026regma-2588622345",
  "format": "[Gen 9 Champions] VGC 2026 Reg M-A",
  "players": [
    "ripbarbabranca",
    "Tabula Rasa (TB)"
  ],
  "log": "|j|\u2606ripbarbabranca\n|j|\u2606Tabula Rasa (TB)\n|t:|1776651027\n|gametype|doubles\n|player|p1|ripbarbabranca|red|1029\n|player|p2|Tabula Rasa (TB)|zinzolin|1102\n|gen|9\n|tier|[Gen 9 Champions] VGC 2026 Reg M-A\n|rated|\n|rule|Species Clause: Limit one of each Pok\u00e9mon\n|rule|Item Clause: Limit 1 of each item\n|clearpoke\n|poke|p1|Incineroar, L50, M, shiny|\n|poke|p1|Floette-Eternal, L50, F, shiny|\n|poke|p1|Sinistcha-Masterpiece, L50|\n|poke|p1|Tyranitar, L50, M|\n|poke|p1|Garchomp, L50, M|\n|poke|p1|Corviknight, L50, M|\n|poke|p2|Sableye, L50, M, shiny|\n|poke|p2|Sinistcha-Masterpiece, L50, shiny|\n|poke|p2|Orthworm, L50, M, shiny|\n|poke|p2|Incineroar, L50, M, shiny|\n|poke|p2|Kommo-o, L50, M, shiny|\n|poke|p2|Gengar, L50, M, shiny|\n|teampreview|4\n|inactive|Battle timer is ON: inactive players will automatically lose when time's up. (requested by Tabula Rasa (TB))\n|inactive|ripbarbabranca has 60 seconds left.\n|inactive|Tabula Rasa (TB) has 60 seconds left.\n|\n|t:|1776651059\n|teamsize|p1|4\n|teamsize|p2|4\n|start\n|switch|p1a: Incineroar|Incineroar, L50, M, shiny|100/100\n|switch|p1b: Floette|Floette-Eternal, L50, F, shiny|100/100\n|switch|p2a: Wifi|Orthworm, L50, M, shiny|100/100\n|switch|p2b: Jewl|Sableye, L50, M, shiny|100/100\n|-ability|p1a: Incineroar|Intimidate|boost\n|-unboost|p2a: Wifi|atk|1\n|-unboost|p2b: Jewl|atk|1\n|turn|1\n|\n|t:|1776651081\n|move|p2b: Jewl|Protect|p2b: Jewl\n|-singleturn|p2b: Jewl|Protect\n|move|p1b: Floette|Protect|p1b: Floette\n|-singleturn|p1b: Floette|Protect\n|move|p1a: Incineroar|Fake Out|p2a: Wifi\n|-resisted|p2a: Wifi|1\n|-damage|p2a: Wifi|97/100\n|cant|p2a: Wifi|flinch\n|\n|upkeep\n|turn|2\n|\n|t:|1776651104\n|switch|p1b: Garchomp|Garchomp, L50, M|100/100\n|move|p2b: Jewl|Encore||[still]\n|-fail|p2b: Jewl\n|move|p2a: Wifi|Body Press|p1a: Incineroar\n|-supereffective|p1a: Incineroar|1\n|-damage|p1a: Incineroar|41/100\n|move|p1a: Incineroar|Darkest Lariat|p2b: Jewl\n|-damage|p2b: Jewl|66/100\n|\n|upkeep\n|turn|3\n|\n|t:|1776651128\n|move|p2b: Jewl|Protect|p2b: Jewl\n|-singleturn|p2b: Jewl|Protect\n|move|p1b: Garchomp|Rock Slide|p2b: Jewl|[spread] p2a\n|-activate|p2b: Jewl|move: Protect\n|-resisted|p2a: Wifi|1\n|-damage|p2a: Wifi|92/100\n|move|p2a: Wifi|Body Press|p1a: Incineroar\n|-supereffective|p1a: Incineroar|1\n|-damage|p1a: Incineroar|0 fnt\n|faint|p1a: Incineroar\n|\n|upkeep\n|\n|t:|1776651135\n|switch|p1a: Sinistcha|Sinistcha-Masterpiece, L50|100/100\n|turn|4\n|\n|t:|1776651154\n|move|p2b: Jewl|Disable|p1b: Garchomp\n|-start|p1b: Garchomp|Disable|Rock Slide\n|move|p1b: Garchomp|Dragon Claw|p2b: Jewl\n|-damage|p2b: Jewl|22/100\n|move|p1a: Sinistcha|Calm Mind|p1a: Sinistcha\n|-boost|p1a: Sinistcha|spa|1\n|-boost|p1a: Sinistcha|spd|1\n|move|p2a: Wifi|Heavy Slam|p1a: Sinistcha\n|-damage|p1a: Sinistcha|79/100\n|\n|upkeep\n|turn|5\n|inactive|Tabula Rasa (TB) has 30 seconds left.\n|inactive|Tabula Rasa (TB) has 20 seconds left.\n|\n|t:|1776651194\n|move|p2b: Jewl|Encore|p1a: Sinistcha\n|-start|p1a: Sinistcha|Encore\n|move|p1b: Garchomp|Dragon Claw|p2b: Jewl\n|-damage|p2b: Jewl|0 fnt\n|faint|p2b: Jewl\n|move|p1a: Sinistcha|Calm Mind|p1a: Sinistcha\n|-boost|p1a: Sinistcha|spa|1\n|-boost|p1a: Sinistcha|spd|1\n|move|p2a: Wifi|Shed Tail|p2a: Wifi\n|-start|p2a: Wifi|Substitute|[from] move: Shed Tail\n|-damage|p2a: Wifi|42/100\n|-enditem|p2a: Wifi|Sitrus Berry|[eat]\n|-heal|p2a: Wifi|67/100|[from] item: Sitrus Berry\n|\n|t:|1776651209\n|switch|p2a: Fright Night|Gengar, L50, M, shiny|100/100|[from] Shed Tail\n|\n|upkeep\n|\n|t:|1776651223\n|switch|p2b: Jumanji|Sinistcha-Masterpiece, L50, shiny|100/100\n|turn|6\n|\n|t:|1776651233\n|detailschange|p2a: Fright Night|Gengar-Mega, L50, M, shiny\n|-mega|p2a: Fright Night|Gengar|Gengarite\n|move|p2a: Fright Night|Perish Song|p2a: Fright Night\n|-start|p1a: Sinistcha|perish3|[silent]\n|-start|p1b: Garchomp|perish3|[silent]\n|-start|p2a: Fright Night|perish3|[silent]\n|-start|p2b: Jumanji|perish3|[silent]\n|-fieldactivate|move: Perish Song\n|move|p1b: Garchomp|Dragon Claw|p2a: Fright Night\n|-end|p2a: Fright Night|Substitute\n|move|p1a: Sinistcha|Calm Mind|p1a: Sinistcha\n|-boost|p1a: Sinistcha|spa|1\n|-boost|p1a: Sinistcha|spd|1\n|move|p2b: Jumanji|Matcha Gotcha|p1b: Garchomp|[spread] p1a\n|-miss|p2b: Jumanji|p1b: Garchomp\n|-resisted|p1a: Sinistcha|1\n|-damage|p1a: Sinistcha|74/100\n|\n|-start|p2a: Fright Night|perish3\n|-start|p1b: Garchomp|perish3\n|-start|p1a: Sinistcha|perish3\n|-start|p2b: Jumanji|perish3\n|upkeep\n|turn|7\n|inactive|Tabula Rasa (TB) has 30 seconds left.\n|\n|t:|1776651260\n|move|p2a: Fright Night|Protect|p2a: Fright Night\n|-singleturn|p2a: Fright Night|Protect\n|move|p1b: Garchomp|Dragon Claw|p2a: Fright Night\n|-activate|p2a: Fright Night|move: Protect\n|move|p1a: Sinistcha|Calm Mind|p1a: Sinistcha\n|-boost|p1a: Sinistcha|spa|1\n|-boost|p1a: Sinistcha|spd|1\n|move|p2b: Jumanji|Matcha Gotcha|p1b: Garchomp|[spread] p1a,p1b\n|-resisted|p1a: Sinistcha|1\n|-damage|p1a: Sinistcha|70/100\n|-damage|p1b: Garchomp|66/100\n|-status|p1a: Sinistcha|brn\n|-status|p1b: Garchomp|brn\n|\n|-damage|p1b: Garchomp|60/100 brn|[from] brn\n|-damage|p1a: Sinistcha|63/100 brn|[from] brn\n|-end|p1a: Sinistcha|Encore\n|-end|p1b: Garchomp|Disable\n|-start|p2a: Fright Night|perish2\n|-start|p1b: Garchomp|perish2\n|-start|p1a: Sinistcha|perish2\n|-start|p2b: Jumanji|perish2\n|upkeep\n|turn|8\n|inactive|Tabula Rasa (TB) has 30 seconds left.\n|inactive|Tabula Rasa (TB) has 20 seconds left.\n|inactive|Tabula Rasa (TB) has 15 seconds left.\n|\n|t:|1776651300\n|switch|p2b: Wifi|Orthworm, L50, M, shiny|67/100\n|move|p2a: Fright Night|Substitute|p2a: Fright Night\n|-start|p2a: Fright Night|Substitute\n|-damage|p2a: Fright Night|76/100\n|move|p1b: Garchomp|Rock Slide|p2a: Fright Night|[spread] p2a\n|-miss|p1b: Garchomp|p2b: Wifi\n|-activate|p2a: Fright Night|move: Substitute|[damage]\n|move|p1a: Sinistcha|Shadow Ball|p2a: Fright Night\n|-supereffective|p2a: Fright Night|1\n|-end|p2a: Fright Night|Substitute\n|\n|-damage|p1b: Garchomp|54/100 brn|[from] brn\n|-damage|p1a: Sinistcha|57/100 brn|[from] brn\n|-start|p2a: Fright Night|perish1\n|-start|p1b: Garchomp|perish1\n|-start|p1a: Sinistcha|perish1\n|upkeep\n|turn|9\n|\n|t:|1776651323\n|switch|p2a: Jumanji|Sinistcha-Masterpiece, L50, shiny|100/100\n|-heal|p2b: Wifi|91/100|[from] ability: Hospitality|[of] p2a: Jumanji\n|move|p2b: Wifi|Protect|p2b: Wifi\n|-singleturn|p2b: Wifi|Protect\n|move|p1b: Garchomp|Dragon Claw|p2a: Jumanji\n|-damage|p2a: Jumanji|80/100\n|move|p1a: Sinistcha|Shadow Ball|p2a: Jumanji\n|-supereffective|p2a: Jumanji|1\n|-damage|p2a: Jumanji|0 fnt\n|faint|p2a: Jumanji\n|\n|-damage|p1b: Garchomp|48/100 brn|[from] brn\n|-damage|p1a: Sinistcha|51/100 brn|[from] brn\n|-start|p1b: Garchomp|perish0\n|-start|p1a: Sinistcha|perish0\n|faint|p1b: Garchomp\n|faint|p1a: Sinistcha\n|upkeep\n|\n|t:|1776651341\n|switch|p1b: Floette|Floette-Eternal, L50, F, shiny|100/100\n|switch|p2a: Fright Night|Gengar-Mega, L50, M, shiny|76/100\n|turn|10\n|\n|t:|1776651350\n|detailschange|p1b: Floette|Floette-Mega, L50, F, shiny\n|-mega|p1b: Floette|Floette|Floettite\n|-ability|p1b: Floette|Fairy Aura\n|move|p2a: Fright Night|Protect|p2a: Fright Night\n|-singleturn|p2a: Fright Night|Protect\n|move|p1b: Floette|Light of Ruin|p2a: Fright Night\n|-activate|p2a: Fright Night|move: Protect\n|move|p2b: Wifi|Heavy Slam|p1b: Floette\n|-supereffective|p1b: Floette|1\n|-damage|p1b: Floette|37/100\n|\n|upkeep\n|turn|11\n|\n|t:|1776651367\n|move|p2a: Fright Night|Substitute|p2a: Fright Night\n|-start|p2a: Fright Night|Substitute\n|-damage|p2a: Fright Night|51/100\n|move|p1b: Floette|Light of Ruin|p2a: Fright Night\n|-resisted|p2a: Fright Night|1\n|-end|p2a: Fright Night|Substitute\n|-damage|p1b: Floette|23/100|[from] Recoil|[of] p2a: Fright Night\n|move|p2b: Wifi|Heavy Slam|p1b: Floette\n|-supereffective|p1b: Floette|1\n|-damage|p1b: Floette|0 fnt\n|faint|p1b: Floette\n|\n|win|Tabula Rasa (TB)\n|raw|ripbarbabranca's rating: 1029 &rarr; <strong>1018</strong><br />(-11 for losing)\n|raw|Tabula Rasa (TB)'s rating: 1102 &rarr; <strong>1122</strong><br />(+20 for winning)\n|l|\u2606ripbarbabranca\n|player|p1|\n",
  "uploadtime": 1776651387,
  "views": 15,
  "formatid": "gen9championsvgc2026regma",
  "rating": 1018,
  "private": 0,
  "password": null
}