{
  "id": "gen9championsvgc2026regma-2584259478",
  "format": "[Gen 9 Champions] VGC 2026 Reg M-A",
  "players": [
    "psych1corpsych0tic",
    "Terypagos"
  ],
  "log": "|j|\u2606psych1corpsych0tic\n|j|\u2606Terypagos\n|t:|1776244268\n|gametype|doubles\n|player|p1|psych1corpsych0tic|169|1378\n|player|p2|Terypagos|turo-ai|1328\n|gen|9\n|tier|[Gen 9 Champions] VGC 2026 Reg M-A\n|rated|\n|rule|Species Clause: Limit one of each Pok\u00e9mon\n|rule|Item Clause: Limit 1 of each item\n|clearpoke\n|poke|p1|Crabominable, L50, M|\n|poke|p1|Basculegion, L50, M|\n|poke|p1|Farigiraf, L50, F|\n|poke|p1|Sinistcha, L50|\n|poke|p1|Pelipper, L50, M|\n|poke|p1|Archaludon, L50, F|\n|poke|p2|Floette-Eternal, L50, F|\n|poke|p2|Aerodactyl, L50, F|\n|poke|p2|Garchomp, L50, M|\n|poke|p2|Incineroar, L50, M|\n|poke|p2|Basculegion, L50, M|\n|poke|p2|Sneasler, L50, M|\n|teampreview|4\n|inactive|Battle timer is ON: inactive players will automatically lose when time's up. (requested by psych1corpsych0tic)\n|inactive|Terypagos has 60 seconds left.\n|\n|t:|1776244326\n|teamsize|p1|4\n|teamsize|p2|4\n|start\n|switch|p1a: Farigiraf|Farigiraf, L50, F|100/100\n|switch|p1b: Basculegion|Basculegion, L50, M|100/100\n|switch|p2a: Floette|Floette-Eternal, L50, F|100/100\n|switch|p2b: Incineroar|Incineroar, L50, M|100/100\n|-ability|p2b: Incineroar|Intimidate|boost\n|-unboost|p1a: Farigiraf|atk|1\n|-unboost|p1b: Basculegion|atk|1\n|turn|1\n|inactive|psych1corpsych0tic has 30 seconds left.\n|inactive|psych1corpsych0tic has 20 seconds left.\n|inactive|psych1corpsych0tic has 15 seconds left.\n|inactive|psych1corpsych0tic has 10 seconds left.\n|\n|t:|1776244373\n|switch|p2a: Basculegion|Basculegion, L50, M, shiny|100/100\n|move|p1b: Basculegion|Flip Turn|p2b: Incineroar\n|-supereffective|p2b: Incineroar|1\n|-damage|p2b: Incineroar|62/100\n|\n|t:|1776244379\n|switch|p1b: Archaludon|Archaludon, L50, F|100/100|[from] Flip Turn\n|move|p2b: Incineroar|Taunt|p1a: Farigiraf\n|-start|p1a: Farigiraf|move: Taunt\n|cant|p1a: Farigiraf|move: Taunt|Trick Room\n|\n|upkeep\n|turn|2\n|inactive|psych1corpsych0tic has 30 seconds left.\n|inactive|psych1corpsych0tic has 20 seconds left.\n|\n|t:|1776244418\n|switch|p1a: Basculegion|Basculegion, L50, M|100/100\n|move|p2a: Basculegion|Flip Turn|p1a: Basculegion\n|-resisted|p1a: Basculegion|1\n|-damage|p1a: Basculegion|78/100\n|\n|t:|1776244424\n|switch|p2a: Aerodactyl|Aerodactyl, L50, F|100/100|[from] Flip Turn\n|-ability|p2a: Aerodactyl|Unnerve\n|move|p1b: Archaludon|Draco Meteor|p2b: Incineroar\n|-damage|p2b: Incineroar|20/100\n|-unboost|p1b: Archaludon|spa|2\n|-enditem|p2b: Incineroar|Sitrus Berry|[eat]\n|-heal|p2b: Incineroar|45/100|[from] item: Sitrus Berry\n|move|p2b: Incineroar|Parting Shot|p1b: Archaludon\n|-unboost|p1b: Archaludon|atk|1\n|-unboost|p1b: Archaludon|spa|1\n|\n|t:|1776244438\n|switch|p2b: Basculegion|Basculegion, L50, M, shiny|100/100|[from] Parting Shot\n|\n|upkeep\n|turn|3\n|inactive|psych1corpsych0tic has 30 seconds left.\n|inactive|psych1corpsych0tic has 20 seconds left.\n|inactive|psych1corpsych0tic has 15 seconds left.\n|inactive|psych1corpsych0tic has 10 seconds left.\n|\n|t:|1776244483\n|move|p1a: Basculegion|Protect|p1a: Basculegion\n|-singleturn|p1a: Basculegion|Protect\n|move|p2b: Basculegion|Flip Turn|p1a: Basculegion\n|-activate|p1a: Basculegion|move: Protect\n|move|p2a: Aerodactyl|Tailwind|p2a: Aerodactyl\n|-sidestart|p2: Terypagos|move: Tailwind\n|move|p1b: Archaludon|Flash Cannon|p2a: Aerodactyl\n|-supereffective|p2a: Aerodactyl|1\n|-damage|p2a: Aerodactyl|65/100\n|\n|upkeep\n|turn|4\n|j| benniovyalt\n|inactive|psych1corpsych0tic has 30 seconds left.\n|\n|t:|1776244516\n|move|p2b: Basculegion|Flip Turn|p1a: Basculegion\n|-resisted|p1a: Basculegion|1\n|-damage|p1a: Basculegion|57/100\n|\n|t:|1776244520\n|switch|p2b: Floette|Floette-Eternal, L50, F|100/100|[from] Flip Turn\n|move|p2a: Aerodactyl|Dual Wingbeat|p1a: Basculegion\n|-damage|p1a: Basculegion|37/100\n|-damage|p1a: Basculegion|16/100\n|-hitcount|p1a: Basculegion|2\n|move|p1b: Archaludon|Electro Shot||[still]\n|-prepare|p1b: Archaludon|Electro Shot\n|-boost|p1b: Archaludon|spa|1\n|move|p1a: Basculegion|Flip Turn|p2a: Aerodactyl\n|-supereffective|p2a: Aerodactyl|1\n|-damage|p2a: Aerodactyl|0 fnt\n|faint|p2a: Aerodactyl\n|\n|t:|1776244539\n|switch|p1a: Pelipper|Pelipper, L50, M|100/100|[from] Flip Turn\n|-weather|RainDance|[from] ability: Drizzle|[of] p1a: Pelipper\n|\n|-weather|RainDance|[upkeep]\n|upkeep\n|\n|t:|1776244542\n|switch|p2a: Incineroar|Incineroar, L50, M|45/100\n|-ability|p2a: Incineroar|Intimidate|boost\n|-unboost|p1a: Pelipper|atk|1\n|-unboost|p1b: Archaludon|atk|1\n|turn|5\n|l| benniovyalt\n|\n|t:|1776244562\n|detailschange|p2b: Floette|Floette-Mega, L50, F\n|-mega|p2b: Floette|Floette|Floettite\n|-ability|p2b: Floette|Fairy Aura\n|move|p2a: Incineroar|Fake Out|p1a: Pelipper\n|-damage|p1a: Pelipper|87/100\n|move|p2b: Floette|Moonblast|p1b: Archaludon\n|-damage|p1b: Archaludon|27/100\n|-ability|p1b: Archaludon|Stamina|boost\n|-boost|p1b: Archaludon|def|1\n|cant|p1a: Pelipper|flinch\n|move|p1b: Archaludon|Electro Shot|p2a: Incineroar|[from] lockedmove\n|-damage|p2a: Incineroar|30/100\n|\n|-weather|RainDance|[upkeep]\n|-heal|p1b: Archaludon|33/100|[from] item: Leftovers\n|upkeep\n|turn|6\n|j| benniovyalt\n|inactive|psych1corpsych0tic has 30 seconds left.\n|\n|t:|1776244592\n|move|p2b: Floette|Dazzling Gleam|p1b: Archaludon|[spread] p1a,p1b\n|-damage|p1a: Pelipper|4/100\n|-damage|p1b: Archaludon|0 fnt\n|faint|p1b: Archaludon\n|move|p2a: Incineroar|Parting Shot|p1a: Pelipper\n|-unboost|p1a: Pelipper|atk|1\n|-unboost|p1a: Pelipper|spa|1\n|inactive|Terypagos has 30 seconds left.\n|inactive|Terypagos has 20 seconds left.\n|inactive|Terypagos has 15 seconds left.\n|\n|t:|1776244636\n|switch|p2a: Basculegion|Basculegion, L50, M, shiny|100/100|[from] Parting Shot\n|move|p1a: Pelipper|Tailwind|p1a: Pelipper\n|-sidestart|p1: psych1corpsych0tic|move: Tailwind\n|\n|-weather|RainDance|[upkeep]\n|-sideend|p2: Terypagos|move: Tailwind\n|upkeep\n|\n|t:|1776244645\n|switch|p1b: Basculegion|Basculegion, L50, M|16/100\n|turn|7\n|\n|t:|1776244653\n|move|p1b: Basculegion|Protect|p1b: Basculegion\n|-singleturn|p1b: Basculegion|Protect\n|move|p1a: Pelipper|Hurricane|p2a: Basculegion\n|-damage|p2a: Basculegion|60/100\n|move|p2a: Basculegion|Last Respects|p1b: Basculegion\n|-activate|p1b: Basculegion|move: Protect\n|move|p2b: Floette|Dazzling Gleam|p1a: Pelipper|[spread] p1a\n|-activate|p1b: Basculegion|move: Protect\n|-crit|p1a: Pelipper\n|-damage|p1a: Pelipper|0 fnt\n|faint|p1a: Pelipper\n|\n|-weather|RainDance|[upkeep]\n|upkeep\n|\n|t:|1776244660\n|switch|p1a: Farigiraf|Farigiraf, L50, F|100/100\n|turn|8\n|inactive|psych1corpsych0tic has 30 seconds left.\n|\n|t:|1776244690\n|switch|p2b: Incineroar|Incineroar, L50, M|30/100\n|-ability|p2b: Incineroar|Intimidate|boost\n|-unboost|p1a: Farigiraf|atk|1\n|-unboost|p1b: Basculegion|atk|1\n|move|p1b: Basculegion|Last Respects|p2a: Basculegion\n|-supereffective|p2a: Basculegion|1\n|-damage|p2a: Basculegion|0 fnt\n|faint|p2a: Basculegion\n|move|p1a: Farigiraf|Psychic|p2b: Incineroar\n|-immune|p2b: Incineroar\n|\n|-weather|none\n|upkeep\n|\n|t:|1776244697\n|switch|p2a: Floette|Floette-Mega, L50, F|100/100\n|-ability|p2a: Floette|Fairy Aura\n|turn|9\n|\n|t:|1776244708\n|move|p1b: Basculegion|Protect|p1b: Basculegion\n|-singleturn|p1b: Basculegion|Protect\n|move|p2a: Floette|Dazzling Gleam|p1b: Basculegion|[spread] p1a\n|-activate|p1b: Basculegion|move: Protect\n|-damage|p1a: Farigiraf|50/100\n|-enditem|p1a: Farigiraf|Sitrus Berry|[eat]\n|-heal|p1a: Farigiraf|75/100|[from] item: Sitrus Berry\n|move|p2b: Incineroar|Flare Blitz|p1b: Basculegion\n|-activate|p1b: Basculegion|move: Protect\n|move|p1a: Farigiraf|Trick Room|p1a: Farigiraf\n|-fieldstart|move: Trick Room|[of] p1a: Farigiraf\n|\n|-sideend|p1: psych1corpsych0tic|move: Tailwind\n|upkeep\n|turn|10\n|\n|t:|1776244732\n|move|p2a: Floette|Protect|p2a: Floette\n|-singleturn|p2a: Floette|Protect\n|move|p1a: Farigiraf|Hyper Voice|p2b: Incineroar|[spread] p2b\n|-activate|p2a: Floette|move: Protect\n|-damage|p2b: Incineroar|8/100\n|move|p2b: Incineroar|Flare Blitz|p1b: Basculegion\n|-resisted|p1b: Basculegion|1\n|-damage|p1b: Basculegion|0 fnt\n|faint|p1b: Basculegion\n|-damage|p2b: Incineroar|2/100|[from] Recoil\n|\n|upkeep\n|turn|11\n|inactive|Terypagos has 30 seconds left.\n|\n|t:|1776244759\n|move|p2b: Incineroar|Flare Blitz|p1a: Farigiraf\n|-crit|p1a: Farigiraf\n|-damage|p1a: Farigiraf|16/100\n|-damage|p2b: Incineroar|0 fnt|[from] Recoil\n|faint|p2b: Incineroar\n|move|p1a: Farigiraf|Hyper Voice|p2a: Floette\n|-damage|p2a: Floette|74/100\n|move|p2a: Floette|Light of Ruin|p1a: Farigiraf\n|-damage|p1a: Farigiraf|0 fnt\n|faint|p1a: Farigiraf\n|-damage|p2a: Floette|62/100|[from] Recoil\n|\n|win|Terypagos\n|raw|psych1corpsych0tic's rating: 1378 &rarr; <strong>1355</strong><br />(-23 for losing)\n|raw|Terypagos's rating: 1328 &rarr; <strong>1351</strong><br />(+23 for winning)\n|l|\u2606psych1corpsych0tic\n|player|p1|\n",
  "uploadtime": 1776244776,
  "views": 49,
  "formatid": "gen9championsvgc2026regma",
  "rating": 1351,
  "private": 0,
  "password": null
}