{
  "id": "gen9championsvgc2026regma-2581378992",
  "format": "[Gen 9 Champions] VGC 2026 Reg M-A",
  "players": [
    "calacadura",
    "104holder"
  ],
  "log": "|j|\u2606calacadura\n|j|\u203d104holder\n|t:|1775993917\n|gametype|doubles\n|player|p1|calacadura|169|1049\n|player|p2|104holder|1|1076\n|gen|9\n|tier|[Gen 9 Champions] VGC 2026 Reg M-A\n|rated|\n|rule|Species Clause: Limit one of each Pok\u00e9mon\n|rule|Item Clause: Limit 1 of each item\n|clearpoke\n|poke|p1|Sneasler, L50, F|\n|poke|p1|Farigiraf, L50, M|\n|poke|p1|Basculegion, L50, M|\n|poke|p1|Dragonite, L50, M|\n|poke|p1|Sinistcha, L50|\n|poke|p1|Incineroar, L50, M|\n|poke|p2|Aggron, L50, M|\n|poke|p2|Incineroar, L50, M|\n|poke|p2|Farigiraf, L50, M|\n|poke|p2|Tyranitar, L50, F|\n|poke|p2|Rotom-Wash, L50|\n|poke|p2|Sneasler, L50, M|\n|teampreview|4\n|\n|t:|1775993987\n|teamsize|p1|4\n|teamsize|p2|4\n|start\n|switch|p1a: Kitten|Incineroar, L50, M, shiny|100/100\n|switch|p1b: Basculegion|Basculegion, L50, M|100/100\n|switch|p2a: Rotom|Rotom-Wash, L50, shiny|100/100\n|switch|p2b: Farigiraf|Farigiraf, L50, M|100/100\n|-ability|p1a: Kitten|Intimidate|boost\n|-unboost|p2a: Rotom|atk|1\n|-unboost|p2b: Farigiraf|atk|1\n|turn|1\n|\n|t:|1775994004\n|switch|p1b: Farigiraf|Farigiraf, L50, M|100/100\n|move|p2a: Rotom|Volt Switch|p1b: Farigiraf\n|-damage|p1b: Farigiraf|77/100\n|\n|t:|1775994011\n|switch|p2a: Incineroar|Incineroar, L50, M|100/100|[from] Volt Switch\n|-ability|p2a: Incineroar|Intimidate|boost\n|-unboost|p1a: Kitten|atk|1\n|-unboost|p1b: Farigiraf|atk|1\n|move|p1a: Kitten|Parting Shot|p2b: Farigiraf\n|-unboost|p2b: Farigiraf|atk|1\n|-unboost|p2b: Farigiraf|spa|1\n|\n|t:|1775994022\n|switch|p1a: Tiny|Sinistcha, L50, shiny|100/100|[from] Parting Shot\n|-heal|p1b: Farigiraf|100/100|[from] ability: Hospitality|[of] p1a: Tiny\n|move|p2b: Farigiraf|Trick Room|p2b: Farigiraf\n|-fieldstart|move: Trick Room|[of] p2b: Farigiraf\n|\n|upkeep\n|turn|2\n|\n|t:|1775994060\n|switch|p1a: Kitten|Incineroar, L50, M, shiny|100/100\n|-ability|p1a: Kitten|Intimidate|boost\n|-unboost|p2a: Incineroar|atk|1\n|-unboost|p2b: Farigiraf|atk|1\n|move|p1b: Farigiraf|Protect|p1b: Farigiraf\n|-singleturn|p1b: Farigiraf|Protect\n|move|p2b: Farigiraf|Psychic|p1a: Kitten\n|-immune|p1a: Kitten\n|move|p2a: Incineroar|Darkest Lariat|p1a: Kitten\n|-resisted|p1a: Kitten|1\n|-damage|p1a: Kitten|92/100\n|\n|upkeep\n|turn|3\n|\n|t:|1775994100\n|switch|p2b: Aggron|Aggron, L50, M|100/100\n|move|p1b: Farigiraf|Grass Knot|p2b: Aggron\n|-damage|p2b: Aggron|68/100\n|move|p1a: Kitten|Parting Shot|p2a: Incineroar\n|-unboost|p2a: Incineroar|atk|1\n|-unboost|p2a: Incineroar|spa|1\n|\n|t:|1775994108\n|switch|p1a: Tiny|Sinistcha, L50, shiny|100/100|[from] Parting Shot\n|move|p2a: Incineroar|Parting Shot|p1a: Tiny\n|-unboost|p1a: Tiny|atk|1\n|-unboost|p1a: Tiny|spa|1\n|\n|t:|1775994113\n|switch|p2a: Farigiraf|Farigiraf, L50, M|100/100|[from] Parting Shot\n|\n|upkeep\n|turn|4\n|inactive|Battle timer is ON: inactive players will automatically lose when time's up. (requested by calacadura)\n|\n|t:|1775994164\n|detailschange|p2b: Aggron|Aggron-Mega, L50, M\n|-mega|p2b: Aggron|Aggron|Aggronite\n|move|p1b: Farigiraf|Protect|p1b: Farigiraf\n|-singleturn|p1b: Farigiraf|Protect\n|move|p2b: Aggron|Heavy Slam|p1a: Tiny\n|-damage|p1a: Tiny|53/100\n|move|p2a: Farigiraf|Psychic|p1a: Tiny\n|-damage|p1a: Tiny|16/100\n|-unboost|p1a: Tiny|spd|1\n|move|p1a: Tiny|Calm Mind|p1a: Tiny\n|-boost|p1a: Tiny|spa|1\n|-boost|p1a: Tiny|spd|1\n|\n|upkeep\n|turn|5\n|inactive|104holder has 30 seconds left.\n|inactive|104holder has 20 seconds left.\n|\n|t:|1775994201\n|switch|p2a: Rotom|Rotom-Wash, L50, shiny|100/100\n|move|p1b: Farigiraf|Ally Switch|p1b: Farigiraf\n|swap|p1b: Farigiraf|0|[from] move: Ally Switch\n|move|p2b: Aggron|Body Press|p1b: Tiny\n|-immune|p1b: Tiny\n|move|p1b: Tiny|Strength Sap|p2b: Aggron\n|-unboost|p2b: Aggron|atk|1\n|-heal|p1b: Tiny|100/100\n|\n|-fieldend|move: Trick Room\n|upkeep\n|turn|6\n|inactive|104holder has 30 seconds left.\n|\n|t:|1775994232\n|switch|p2b: Incineroar|Incineroar, L50, M|100/100\n|-ability|p2b: Incineroar|Intimidate|boost\n|-unboost|p1a: Farigiraf|atk|1\n|-unboost|p1b: Tiny|atk|1\n|move|p1a: Farigiraf|Protect|p1a: Farigiraf\n|-singleturn|p1a: Farigiraf|Protect\n|move|p2a: Rotom|Volt Switch|p1b: Tiny\n|-resisted|p1b: Tiny|1\n|-damage|p1b: Tiny|82/100\n|\n|t:|1775994240\n|switch|p2a: Farigiraf|Farigiraf, L50, M|100/100|[from] Volt Switch\n|move|p1b: Tiny|Calm Mind|p1b: Tiny\n|-boost|p1b: Tiny|spa|1\n|-boost|p1b: Tiny|spd|1\n|\n|upkeep\n|turn|7\n|\n|t:|1775994255\n|switch|p1a: Kitten|Incineroar, L50, M, shiny|92/100\n|-ability|p1a: Kitten|Intimidate|boost\n|-unboost|p2a: Farigiraf|atk|1\n|-unboost|p2b: Incineroar|atk|1\n|move|p2b: Incineroar|Darkest Lariat|p1b: Tiny\n|-supereffective|p1b: Tiny|1\n|-damage|p1b: Tiny|48/100\n|move|p1b: Tiny|Strength Sap|p2b: Incineroar\n|-unboost|p2b: Incineroar|atk|1\n|-heal|p1b: Tiny|99/100\n|move|p2a: Farigiraf|Trick Room|p2a: Farigiraf\n|-fieldstart|move: Trick Room|[of] p2a: Farigiraf\n|\n|upkeep\n|turn|8\n|inactive|calacadura has 30 seconds left.\n|inactive|calacadura has 20 seconds left.\n|\n|t:|1775994291\n|move|p1a: Kitten|Parting Shot|p2a: Farigiraf\n|-unboost|p2a: Farigiraf|atk|1\n|-unboost|p2a: Farigiraf|spa|1\n|\n|t:|1775994293\n|switch|p1a: Farigiraf|Farigiraf, L50, M|100/100|[from] Parting Shot\n|move|p1b: Tiny|Calm Mind|p1b: Tiny\n|-boost|p1b: Tiny|spa|1\n|-boost|p1b: Tiny|spd|1\n|move|p2b: Incineroar|Parting Shot|p1b: Tiny\n|-unboost|p1b: Tiny|atk|1\n|-unboost|p1b: Tiny|spa|1\n|\n|t:|1775994304\n|switch|p2b: Aggron|Aggron-Mega, L50, M|68/100|[from] Parting Shot\n|move|p2a: Farigiraf|Roar|p1b: Tiny\n|drag|p1b: Basculegion|Basculegion, L50, M|100/100\n|\n|upkeep\n|turn|9\n|inactive|104holder has 30 seconds left.\n|\n|t:|1775994338\n|switch|p1b: Kitten|Incineroar, L50, M, shiny|92/100\n|-ability|p1b: Kitten|Intimidate|boost\n|-unboost|p2a: Farigiraf|atk|1\n|-unboost|p2b: Aggron|atk|1\n|move|p2b: Aggron|Body Press|p1a: Farigiraf\n|-damage|p1a: Farigiraf|60/100\n|move|p2a: Farigiraf|Psychic|p1b: Kitten\n|-immune|p1b: Kitten\n|move|p1a: Farigiraf|Trick Room|p1a: Farigiraf\n|-fieldend|move: Trick Room\n|\n|upkeep\n|turn|10\n|\n|t:|1775994356\n|switch|p2a: Incineroar|Incineroar, L50, M|100/100\n|-ability|p2a: Incineroar|Intimidate|boost\n|-unboost|p1a: Farigiraf|atk|1\n|-unboost|p1b: Kitten|atk|1\n|switch|p1a: Tiny|Sinistcha, L50, shiny|99/100\n|-heal|p1b: Kitten|100/100|[from] ability: Hospitality|[of] p1a: Tiny\n|move|p2b: Aggron|Protect|p2b: Aggron\n|-singleturn|p2b: Aggron|Protect\n|move|p1b: Kitten|Will-O-Wisp|p2b: Aggron\n|-activate|p2b: Aggron|move: Protect\n|\n|upkeep\n|turn|11\n|inactive|calacadura has 30 seconds left.\n|\n|t:|1775994384\n|switch|p2b: Farigiraf|Farigiraf, L50, M|100/100\n|move|p2a: Incineroar|Flare Blitz|p1a: Tiny\n|-supereffective|p1a: Tiny|1\n|-damage|p1a: Tiny|24/100\n|-damage|p2a: Incineroar|78/100|[from] Recoil\n|move|p1a: Tiny|Strength Sap|p2a: Incineroar\n|-unboost|p2a: Incineroar|atk|1\n|-heal|p1a: Tiny|99/100\n|move|p1b: Kitten|Will-O-Wisp|p2b: Farigiraf|[miss]\n|-miss|p1b: Kitten|p2b: Farigiraf\n|\n|upkeep\n|turn|12\n|-message|104holder forfeited.\n|\n|win|calacadura\n|raw|calacadura's rating: 1049 &rarr; <strong>1084</strong><br />(+35 for winning)\n|raw|104holder's rating: 1076 &rarr; <strong>1053</strong><br />(-23 for losing)\n|l|\u203d104holder\n|player|p2|\n",
  "uploadtime": 1775994398,
  "views": 17,
  "formatid": "gen9championsvgc2026regma",
  "rating": 1053,
  "private": 0,
  "password": null
}