{
  "id": "gen9championsvgc2026regma-2585966203",
  "format": "[Gen 9 Champions] VGC 2026 Reg M-A",
  "players": [
    "boysenorange",
    "Dom73"
  ],
  "log": "|j|\u2606boysenorange\n|j|\u2606Dom73\n|t:|1776385837\n|gametype|doubles\n|player|p1|boysenorange|turo|1373\n|player|p2|Dom73|102|1351\n|gen|9\n|tier|[Gen 9 Champions] VGC 2026 Reg M-A\n|rated|\n|rule|Species Clause: Limit one of each Pok\u00e9mon\n|rule|Item Clause: Limit 1 of each item\n|clearpoke\n|poke|p1|Farigiraf, L50, F|\n|poke|p1|Gardevoir, L50, F|\n|poke|p1|Kangaskhan, L50, F|\n|poke|p1|Camerupt, L50, M|\n|poke|p1|Conkeldurr, L50, M|\n|poke|p1|Tinkaton, L50, F|\n|poke|p2|Aggron, L50, F|\n|poke|p2|Politoed, L50, M|\n|poke|p2|Sinistcha, L50|\n|poke|p2|Basculegion, L50, M|\n|poke|p2|Incineroar, L50, F|\n|poke|p2|Dragonite, L50, F|\n|teampreview|4\n|inactive|Battle timer is ON: inactive players will automatically lose when time's up. (requested by boysenorange)\n|\n|t:|1776385906\n|teamsize|p1|4\n|teamsize|p2|4\n|start\n|switch|p1a: Farigiraf|Farigiraf, L50, F|100/100\n|switch|p1b: Kangaskhan|Kangaskhan, L50, F|100/100\n|switch|p2a: Aggron|Aggron, L50, F|100/100\n|switch|p2b: Incineroar|Incineroar, L50, F|100/100\n|-ability|p2b: Incineroar|Intimidate|boost\n|-unboost|p1a: Farigiraf|atk|1\n|-fail|p1b: Kangaskhan|unboost|Attack|[from] ability: Scrappy|[of] p1b: Kangaskhan\n|turn|1\n|inactive|Dom73 has 30 seconds left.\n|inactive|Dom73 has 20 seconds left.\n|\n|t:|1776385944\n|detailschange|p2a: Aggron|Aggron-Mega, L50, F\n|-mega|p2a: Aggron|Aggron|Aggronite\n|move|p1b: Kangaskhan|Fake Out|p2a: Aggron\n|-resisted|p2a: Aggron|1\n|-crit|p2a: Aggron\n|-damage|p2a: Aggron|91/100\n|move|p2b: Incineroar|Throat Chop|p1a: Farigiraf\n|-supereffective|p1a: Farigiraf|1\n|-damage|p1a: Farigiraf|44/100\n|-start|p1a: Farigiraf|Throat Chop|[silent]\n|cant|p2a: Aggron|flinch\n|move|p1a: Farigiraf|Trick Room|p1a: Farigiraf\n|-fieldstart|move: Trick Room|[of] p1a: Farigiraf\n|\n|upkeep\n|turn|2\n|inactive|Dom73 has 30 seconds left.\n|\n|t:|1776385974\n|move|p2a: Aggron|Iron Defense|p2a: Aggron\n|-boost|p2a: Aggron|def|2\n|move|p1a: Farigiraf|Psychic|p2a: Aggron\n|-resisted|p2a: Aggron|1\n|-damage|p2a: Aggron|73/100\n|move|p2b: Incineroar|Snarl|p1b: Kangaskhan|[spread] p1b\n|-miss|p2b: Incineroar|p1a: Farigiraf\n|-damage|p1b: Kangaskhan|89/100\n|-unboost|p1b: Kangaskhan|spa|1\n|move|p1b: Kangaskhan|Last Resort|p2b: Incineroar\n|-damage|p2b: Incineroar|32/100\n|-enditem|p2b: Incineroar|Sitrus Berry|[eat]\n|-heal|p2b: Incineroar|57/100|[from] item: Sitrus Berry\n|\n|-end|p1a: Farigiraf|Throat Chop|[silent]\n|upkeep\n|turn|3\n|inactive|boysenorange has 30 seconds left.\n|inactive|Dom73 has 30 seconds left.\n|\n|t:|1776386008\n|move|p2a: Aggron|Iron Defense|p2a: Aggron\n|-boost|p2a: Aggron|def|2\n|move|p1a: Farigiraf|Hyper Voice|p2b: Incineroar|[spread] p2a,p2b\n|-resisted|p2a: Aggron|1\n|-damage|p2a: Aggron|62/100\n|-damage|p2b: Incineroar|36/100\n|move|p2b: Incineroar|Snarl|p1b: Kangaskhan|[spread] p1a,p1b\n|-supereffective|p1a: Farigiraf|1\n|-damage|p1a: Farigiraf|27/100\n|-damage|p1b: Kangaskhan|78/100\n|-unboost|p1a: Farigiraf|spa|1\n|-unboost|p1b: Kangaskhan|spa|1\n|move|p1b: Kangaskhan|Last Resort|p2b: Incineroar\n|-damage|p2b: Incineroar|0 fnt\n|faint|p2b: Incineroar\n|\n|upkeep\n|\n|t:|1776386024\n|switch|p2b: Sinistcha|Sinistcha, L50|100/100\n|-heal|p2a: Aggron|87/100|[from] ability: Hospitality|[of] p2b: Sinistcha\n|turn|4\n|\n|t:|1776386039\n|switch|p1b: Camerupt|Camerupt, L50, M|100/100\n|move|p1a: Farigiraf|Protect|p1a: Farigiraf\n|-singleturn|p1a: Farigiraf|Protect\n|move|p2a: Aggron|Body Press|p1b: Camerupt\n|-damage|p1b: Camerupt|0 fnt\n|faint|p1b: Camerupt\n|move|p2b: Sinistcha|Matcha Gotcha|p1a: Farigiraf\n|-activate|p1a: Farigiraf|move: Protect\n|\n|upkeep\n|\n|t:|1776386053\n|switch|p1b: Gardevoir|Gardevoir, L50, F|100/100\n|turn|5\n|\n|t:|1776386068\n|detailschange|p1b: Gardevoir|Gardevoir-Mega, L50, F\n|-mega|p1b: Gardevoir|Gardevoir|Gardevoirite\n|move|p2a: Aggron|Heavy Slam|p1b: Gardevoir\n|-supereffective|p1b: Gardevoir|1\n|-damage|p1b: Gardevoir|0 fnt\n|faint|p1b: Gardevoir\n|move|p1a: Farigiraf|Psychic|p2a: Aggron\n|-resisted|p2a: Aggron|1\n|-damage|p2a: Aggron|75/100\n|move|p2b: Sinistcha|Matcha Gotcha|p1a: Farigiraf\n|-damage|p1a: Farigiraf|1/100\n|-status|p1a: Farigiraf|brn\n|\n|-damage|p1a: Farigiraf|0 fnt|[from] brn\n|faint|p1a: Farigiraf\n|-fieldend|move: Trick Room\n|upkeep\n|-message|boysenorange forfeited.\n|\n|win|Dom73\n|raw|boysenorange's rating: 1373 &rarr; <strong>1352</strong><br />(-21 for losing)\n|raw|Dom73's rating: 1351 &rarr; <strong>1372</strong><br />(+21 for winning)\n",
  "uploadtime": 1776386077,
  "views": 30,
  "formatid": "gen9championsvgc2026regma",
  "rating": 1352,
  "private": 0,
  "password": null
}