{
  "id": "gen9championsvgc2026regma-2581215491",
  "format": "[Gen 9 Champions] VGC 2026 Reg M-A",
  "players": [
    "lolgz",
    "I\u2764\ufe0f\u5a1c\u7984Forever"
  ],
  "log": "|j|\u2606lolgz\n|j|\u2606I\u2764\ufe0f\u5a1c\u7984Forever\n|t:|1775971806\n|gametype|doubles\n|player|p1|lolgz|170|\n|player|p2|I\u2764\ufe0f\u5a1c\u7984Forever|youngcouple-gen4dp|\n|gen|9\n|tier|[Gen 9 Champions] VGC 2026 Reg M-A\n|rated|Tournament battle\n|rule|Species Clause: Limit one of each Pok\u00e9mon\n|rule|Item Clause: Limit 1 of each item\n|clearpoke\n|poke|p1|Charizard, L50, F|\n|poke|p1|Whimsicott, L50, F|\n|poke|p1|Milotic, L50, M|\n|poke|p1|Sneasler, L50, F|\n|poke|p1|Floette-Eternal, L50, F|\n|poke|p1|Garchomp, L50, M|\n|poke|p2|Tyranitar, L50, M|\n|poke|p2|Milotic, L50, M|\n|poke|p2|Sylveon, L50, M|\n|poke|p2|Zoroark-Hisui, L50, F|\n|poke|p2|Excadrill, L50, M|\n|poke|p2|Wyrdeer, L50, F|\n|teampreview|4\n|\n|t:|1775971820\n|teamsize|p1|4\n|teamsize|p2|4\n|start\n|switch|p1a: Whimsicott|Whimsicott, L50, F|100/100\n|switch|p1b: Sneasler|Sneasler, L50, F|100/100\n|switch|p2a: Milotic|Milotic, L50, M|100/100\n|switch|p2b: Sylveon|Sylveon, L50, M|100/100\n|turn|1\n|j| Ice124567890\n|\n|t:|1775971851\n|move|p1a: Whimsicott|Tailwind|p1a: Whimsicott\n|-sidestart|p1: lolgz|move: Tailwind\n|move|p1b: Sneasler|Dire Claw|p2b: Sylveon\n|-supereffective|p2b: Sylveon|1\n|-damage|p2b: Sylveon|0 fnt\n|faint|p2b: Sylveon\n|move|p2a: Milotic|Substitute|p2a: Milotic\n|-start|p2a: Milotic|Substitute\n|-damage|p2a: Milotic|76/100\n|\n|-heal|p2a: Milotic|82/100|[from] item: Leftovers\n|upkeep\n|\n|t:|1775971864\n|switch|p2b: Excadrill|Excadrill, L50, M|100/100\n|turn|2\n|\n|t:|1775971872\n|move|p1a: Whimsicott|Moonblast|p2b: Excadrill\n|-resisted|p2b: Excadrill|1\n|-damage|p2b: Excadrill|77/100\n|move|p1b: Sneasler|Close Combat|p2b: Excadrill\n|-supereffective|p2b: Excadrill|1\n|-damage|p2b: Excadrill|0 fnt\n|-unboost|p1b: Sneasler|def|1\n|-unboost|p1b: Sneasler|spd|1\n|faint|p2b: Excadrill\n|-enditem|p1b: Sneasler|White Herb\n|-clearnegativeboost|p1b: Sneasler|[silent]\n|move|p2a: Milotic|Scald|p1b: Sneasler\n|-damage|p1b: Sneasler|57/100\n|-status|p1b: Sneasler|brn\n|\n|-heal|p2a: Milotic|88/100|[from] item: Leftovers\n|-damage|p1b: Sneasler|51/100 brn|[from] brn\n|upkeep\n|\n|t:|1775971888\n|switch|p2b: Tyranitar|Tyranitar, L50, M|100/100\n|-weather|Sandstorm|[from] ability: Sand Stream|[of] p2b: Tyranitar\n|turn|3\n|\n|t:|1775971897\n|move|p2b: Tyranitar|Protect|p2b: Tyranitar\n|-singleturn|p2b: Tyranitar|Protect\n|move|p1b: Sneasler|Close Combat|p2b: Tyranitar\n|-activate|p2b: Tyranitar|move: Protect\n|move|p1a: Whimsicott|Moonblast|p2b: Tyranitar\n|-activate|p2b: Tyranitar|move: Protect\n|move|p2a: Milotic|Ice Beam|p1a: Whimsicott\n|-supereffective|p1a: Whimsicott|1\n|-damage|p1a: Whimsicott|32/100\n|\n|-weather|Sandstorm|[upkeep]\n|-damage|p1b: Sneasler|45/100 brn|[from] Sandstorm\n|-damage|p1a: Whimsicott|26/100|[from] Sandstorm\n|-damage|p2a: Milotic|82/100|[from] Sandstorm\n|-heal|p2a: Milotic|88/100|[from] item: Leftovers\n|-damage|p1b: Sneasler|39/100 brn|[from] brn\n|upkeep\n|turn|4\n|\n|t:|1775971914\n|detailschange|p2b: Tyranitar|Tyranitar-Mega, L50, M\n|-mega|p2b: Tyranitar|Tyranitar|Tyranitarite\n|move|p1b: Sneasler|Close Combat|p2b: Tyranitar\n|-supereffective|p2b: Tyranitar|2\n|-damage|p2b: Tyranitar|16/100\n|-unboost|p1b: Sneasler|def|1\n|-unboost|p1b: Sneasler|spd|1\n|move|p1a: Whimsicott|Moonblast|p2a: Milotic\n|-end|p2a: Milotic|Substitute\n|move|p2a: Milotic|Scald|p1b: Sneasler\n|-damage|p1b: Sneasler|0 fnt\n|faint|p1b: Sneasler\n|move|p2b: Tyranitar|Rock Slide|p1a: Whimsicott\n|-damage|p1a: Whimsicott|0 fnt\n|faint|p1a: Whimsicott\n|\n|-weather|Sandstorm|[upkeep]\n|-damage|p2a: Milotic|82/100|[from] Sandstorm\n|-heal|p2a: Milotic|88/100|[from] item: Leftovers\n|-sideend|p1: lolgz|move: Tailwind\n|upkeep\n|\n|t:|1775971919\n|switch|p1a: Milotic|Milotic, L50, M|100/100\n|switch|p1b: Garchomp|Garchomp, L50, M|100/100\n|turn|5\n|\n|t:|1775971935\n|move|p1b: Garchomp|Protect|p1b: Garchomp\n|-singleturn|p1b: Garchomp|Protect\n|move|p2b: Tyranitar|Protect|p2b: Tyranitar\n|-singleturn|p2b: Tyranitar|Protect\n|move|p1a: Milotic|Scald|p2b: Tyranitar\n|-activate|p2b: Tyranitar|move: Protect\n|move|p2a: Milotic|Ice Beam|p1b: Garchomp\n|-activate|p1b: Garchomp|move: Protect\n|\n|-weather|Sandstorm|[upkeep]\n|-damage|p1a: Milotic|95/100|[from] Sandstorm\n|-damage|p2a: Milotic|82/100|[from] Sandstorm\n|-heal|p2a: Milotic|88/100|[from] item: Leftovers\n|upkeep\n|turn|6\n|\n|t:|1775971946\n|move|p2b: Tyranitar|Protect||[still]\n|-fail|p2b: Tyranitar\n|move|p1a: Milotic|Scald|p2b: Tyranitar\n|-supereffective|p2b: Tyranitar|1\n|-damage|p2b: Tyranitar|0 fnt\n|faint|p2b: Tyranitar\n|move|p1b: Garchomp|Dragon Claw|p2a: Milotic\n|-damage|p2a: Milotic|52/100\n|move|p2a: Milotic|Ice Beam|p1b: Garchomp\n|-supereffective|p1b: Garchomp|2\n|-damage|p1b: Garchomp|0 fnt\n|faint|p1b: Garchomp\n|\n|-weather|Sandstorm|[upkeep]\n|-damage|p1a: Milotic|89/100|[from] Sandstorm\n|-damage|p2a: Milotic|46/100|[from] Sandstorm\n|-heal|p2a: Milotic|52/100|[from] item: Leftovers\n|upkeep\n|turn|7\n|\n|t:|1775971962\n|move|p2a: Milotic|Protect|p2a: Milotic\n|-singleturn|p2a: Milotic|Protect\n|move|p1a: Milotic|Scald|p2a: Milotic\n|-activate|p2a: Milotic|move: Protect\n|\n|-weather|none\n|-heal|p2a: Milotic|58/100|[from] item: Leftovers\n|upkeep\n|turn|8\n|\n|t:|1775971967\n|move|p1a: Milotic|Scald|p2a: Milotic\n|-resisted|p2a: Milotic|1\n|-damage|p2a: Milotic|46/100\n|-status|p2a: Milotic|brn\n|move|p2a: Milotic|Substitute|p2a: Milotic\n|-start|p2a: Milotic|Substitute\n|-damage|p2a: Milotic|21/100 brn\n|\n|-heal|p2a: Milotic|27/100 brn|[from] item: Leftovers\n|-damage|p2a: Milotic|21/100 brn|[from] brn\n|upkeep\n|turn|9\n|\n|t:|1775971971\n|move|p2a: Milotic|Protect|p2a: Milotic\n|-singleturn|p2a: Milotic|Protect\n|move|p1a: Milotic|Scald|p2a: Milotic\n|-activate|p2a: Milotic|move: Protect\n|\n|-heal|p2a: Milotic|27/100 brn|[from] item: Leftovers\n|-damage|p2a: Milotic|21/100 brn|[from] brn\n|upkeep\n|turn|10\n|\n|t:|1775971973\n|move|p1a: Milotic|Scald|p2a: Milotic\n|-resisted|p2a: Milotic|1\n|-activate|p2a: Milotic|move: Substitute|[damage]\n|move|p2a: Milotic|Scald|p1a: Milotic\n|-resisted|p1a: Milotic|1\n|-damage|p1a: Milotic|76/100\n|\n|-heal|p2a: Milotic|27/100 brn|[from] item: Leftovers\n|-damage|p2a: Milotic|21/100 brn|[from] brn\n|upkeep\n|turn|11\n|\n|t:|1775971978\n|move|p1a: Milotic|Scald|p2a: Milotic\n|-resisted|p2a: Milotic|1\n|-activate|p2a: Milotic|move: Substitute|[damage]\n|move|p2a: Milotic|Scald|p1a: Milotic\n|-resisted|p1a: Milotic|1\n|-damage|p1a: Milotic|62/100\n|\n|-heal|p2a: Milotic|27/100 brn|[from] item: Leftovers\n|-damage|p2a: Milotic|21/100 brn|[from] brn\n|upkeep\n|turn|12\n|\n|t:|1775971983\n|move|p1a: Milotic|Scald|p2a: Milotic\n|-resisted|p2a: Milotic|1\n|-end|p2a: Milotic|Substitute\n|move|p2a: Milotic|Scald|p1a: Milotic\n|-resisted|p1a: Milotic|1\n|-damage|p1a: Milotic|50/100\n|\n|-heal|p2a: Milotic|27/100 brn|[from] item: Leftovers\n|-damage|p2a: Milotic|21/100 brn|[from] brn\n|upkeep\n|turn|13\n|\n|t:|1775971991\n|move|p2a: Milotic|Protect|p2a: Milotic\n|-singleturn|p2a: Milotic|Protect\n|move|p1a: Milotic|Scald|p2a: Milotic\n|-activate|p2a: Milotic|move: Protect\n|\n|-heal|p2a: Milotic|27/100 brn|[from] item: Leftovers\n|-damage|p2a: Milotic|21/100 brn|[from] brn\n|upkeep\n|turn|14\n|\n|t:|1775971994\n|move|p1a: Milotic|Scald|p2a: Milotic\n|-resisted|p2a: Milotic|1\n|-damage|p2a: Milotic|9/100 brn\n|move|p2a: Milotic|Scald|p1a: Milotic\n|-resisted|p1a: Milotic|1\n|-damage|p1a: Milotic|37/100\n|\n|-heal|p2a: Milotic|15/100 brn|[from] item: Leftovers\n|-damage|p2a: Milotic|9/100 brn|[from] brn\n|upkeep\n|turn|15\n|\n|t:|1775972005\n|move|p1a: Milotic|Scald|p2a: Milotic\n|-resisted|p2a: Milotic|1\n|-damage|p2a: Milotic|0 fnt\n|faint|p2a: Milotic\n|\n|win|lolgz\n|n|\u2606lolgz|lolgz\n|n|\u2606I\u2764\ufe0f\u5a1c\u7984Forever|iforever\n|n| Ice124567890|ice124567890\n",
  "uploadtime": 1775972005,
  "views": 12,
  "formatid": "gen9championsvgc2026regma",
  "rating": null,
  "private": 0,
  "password": null
}