{
  "id": "gen9championsvgc2026regma-2588307176",
  "format": "[Gen 9 Champions] VGC 2026 Reg M-A",
  "players": [
    "Kyommunism",
    "kingnoid"
  ],
  "log": "|j|\u2606Kyommunism\n|j|\u2606kingnoid\n|t:|1776622764\n|gametype|doubles\n|player|p1|Kyommunism|iris-gen5bw2|1086\n|player|p2|kingnoid|2|1116\n|gen|9\n|tier|[Gen 9 Champions] VGC 2026 Reg M-A\n|rated|\n|rule|Species Clause: Limit one of each Pok\u00e9mon\n|rule|Item Clause: Limit 1 of each item\n|clearpoke\n|poke|p1|Scovillain, L50, M, shiny|\n|poke|p1|Meganium, L50, F, shiny|\n|poke|p1|Primarina, L50, F|\n|poke|p1|Bellibolt, L50, M, shiny|\n|poke|p1|Sneasler, L50, M|\n|poke|p1|Sinistcha-Masterpiece, L50, shiny|\n|poke|p2|Tyranitar, L50, F|\n|poke|p2|Excadrill, L50, M|\n|poke|p2|Primarina, L50, M|\n|poke|p2|Corviknight, L50, M|\n|poke|p2|Sinistcha, L50|\n|poke|p2|Incineroar, L50, M|\n|teampreview|4\n|inactive|Battle timer is ON: inactive players will automatically lose when time's up. (requested by Kyommunism)\n|inactive|kingnoid has 60 seconds left.\n|\n|t:|1776622801\n|teamsize|p1|4\n|teamsize|p2|4\n|start\n|switch|p1a: Scovillain|Scovillain, L50, M, shiny|100/100\n|switch|p1b: Sneasler|Sneasler, L50, M|100/100\n|switch|p2a: Corviknight|Corviknight, L50, M|100/100\n|switch|p2b: Incineroar|Incineroar, L50, M|100/100\n|-ability|p2b: Incineroar|Intimidate|boost\n|-unboost|p1a: Scovillain|atk|1\n|-unboost|p1b: Sneasler|atk|1\n|turn|1\n|\n|t:|1776622820\n|move|p1b: Sneasler|Fake Out|p2a: Corviknight\n|-resisted|p2a: Corviknight|1\n|-damage|p2a: Corviknight|97/100\n|move|p2b: Incineroar|Fake Out|p1a: Scovillain\n|-damage|p1a: Scovillain|83/100\n|cant|p1a: Scovillain|flinch\n|cant|p2a: Corviknight|flinch\n|\n|-heal|p2a: Corviknight|100/100|[from] item: Leftovers\n|-ability|p1a: Scovillain|Moody|boost\n|-boost|p1a: Scovillain|spd|2\n|-unboost|p1a: Scovillain|atk|1\n|upkeep\n|turn|2\n|\n|t:|1776622843\n|detailschange|p1a: Scovillain|Scovillain-Mega, L50, M, shiny\n|-mega|p1a: Scovillain|Scovillain|Scovillainite\n|move|p1b: Sneasler|Coaching|p1a: Scovillain\n|-boost|p1a: Scovillain|atk|1\n|-boost|p1a: Scovillain|def|1\n|move|p2b: Incineroar|Parting Shot|p1a: Scovillain\n|-unboost|p1a: Scovillain|atk|1\n|-unboost|p1a: Scovillain|spa|1\n|\n|t:|1776622857\n|switch|p2b: Tyranitar|Tyranitar, L50, F|100/100|[from] Parting Shot\n|-weather|Sandstorm|[from] ability: Sand Stream|[of] p2b: Tyranitar\n|move|p1a: Scovillain|Leech Seed|p2a: Corviknight\n|-start|p2a: Corviknight|move: Leech Seed\n|move|p2a: Corviknight|Tailwind|p2a: Corviknight\n|-sidestart|p2: kingnoid|move: Tailwind\n|\n|-weather|Sandstorm|[upkeep]\n|-damage|p1b: Sneasler|95/100|[from] Sandstorm\n|-damage|p1a: Scovillain|77/100|[from] Sandstorm\n|-damage|p2a: Corviknight|88/100|[from] Leech Seed|[of] p1a: Scovillain\n|-heal|p1a: Scovillain|92/100|[silent]\n|upkeep\n|turn|3\n|\n|t:|1776622875\n|detailschange|p2b: Tyranitar|Tyranitar-Mega, L50, F\n|-mega|p2b: Tyranitar|Tyranitar|Tyranitarite\n|move|p1a: Scovillain|Protect|p1a: Scovillain\n|-singleturn|p1a: Scovillain|Protect\n|move|p2b: Tyranitar|Rock Slide|p1a: Scovillain|[spread] p1b\n|-activate|p1a: Scovillain|move: Protect\n|-resisted|p1b: Sneasler|1\n|-damage|p1b: Sneasler|62/100\n|cant|p1b: Sneasler|flinch\n|move|p2a: Corviknight|Bulk Up|p2a: Corviknight\n|-boost|p2a: Corviknight|atk|1\n|-boost|p2a: Corviknight|def|1\n|\n|-weather|Sandstorm|[upkeep]\n|-damage|p1b: Sneasler|56/100|[from] Sandstorm\n|-damage|p1a: Scovillain|86/100|[from] Sandstorm\n|-heal|p2a: Corviknight|94/100|[from] item: Leftovers\n|-damage|p2a: Corviknight|82/100|[from] Leech Seed|[of] p1a: Scovillain\n|-heal|p1a: Scovillain|100/100|[silent]\n|upkeep\n|turn|4\n|inactive|kingnoid has 30 seconds left.\n|\n|t:|1776622904\n|move|p2b: Tyranitar|Crunch|p1a: Scovillain\n|-damage|p1a: Scovillain|66/100\n|-status|p2b: Tyranitar|brn|[from] ability: Spicy Spray|[of] p1a: Scovillain\n|move|p1b: Sneasler|Coaching|p1a: Scovillain\n|-boost|p1a: Scovillain|atk|1\n|-boost|p1a: Scovillain|def|1\n|move|p2a: Corviknight|Brave Bird|p1b: Sneasler\n|-supereffective|p1b: Sneasler|1\n|-damage|p1b: Sneasler|0 fnt\n|faint|p1b: Sneasler\n|-damage|p2a: Corviknight|68/100|[from] Recoil\n|move|p1a: Scovillain|Leech Seed|p2b: Tyranitar|[miss]\n|-miss|p1a: Scovillain|p2b: Tyranitar\n|\n|-weather|Sandstorm|[upkeep]\n|-damage|p1a: Scovillain|60/100|[from] Sandstorm\n|-heal|p2a: Corviknight|74/100|[from] item: Leftovers\n|-damage|p2a: Corviknight|61/100|[from] Leech Seed|[of] p1a: Scovillain\n|-heal|p1a: Scovillain|74/100|[silent]\n|-damage|p2b: Tyranitar|94/100 brn|[from] brn\n|upkeep\n|\n|t:|1776622918\n|switch|p1b: Primarina|Primarina, L50, F|100/100\n|turn|5\n|\n|t:|1776622933\n|switch|p2b: Incineroar|Incineroar, L50, M|100/100\n|-ability|p2b: Incineroar|Intimidate|boost\n|-unboost|p1a: Scovillain|atk|1\n|-unboost|p1b: Primarina|atk|1\n|move|p2a: Corviknight|Brave Bird|p1a: Scovillain\n|-supereffective|p1a: Scovillain|1\n|-damage|p1a: Scovillain|15/100\n|-status|p2a: Corviknight|brn|[from] ability: Spicy Spray|[of] p1a: Scovillain\n|-damage|p2a: Corviknight|45/100 brn|[from] Recoil\n|move|p1a: Scovillain|Leech Seed|p2b: Incineroar\n|-start|p2b: Incineroar|move: Leech Seed\n|move|p1b: Primarina|Calm Mind|p1b: Primarina\n|-boost|p1b: Primarina|spa|1\n|-boost|p1b: Primarina|spd|1\n|\n|-weather|Sandstorm|[upkeep]\n|-damage|p2b: Incineroar|95/100|[from] Sandstorm\n|-damage|p1a: Scovillain|9/100|[from] Sandstorm\n|-damage|p1b: Primarina|95/100|[from] Sandstorm\n|-heal|p2a: Corviknight|51/100 brn|[from] item: Leftovers\n|-heal|p1b: Primarina|100/100|[from] item: Leftovers\n|-damage|p2b: Incineroar|82/100|[from] Leech Seed|[of] p1a: Scovillain\n|-heal|p1a: Scovillain|21/100|[silent]\n|-damage|p2a: Corviknight|39/100 brn|[from] Leech Seed|[of] p1a: Scovillain\n|-heal|p1a: Scovillain|36/100|[silent]\n|-damage|p2a: Corviknight|33/100 brn|[from] brn\n|-sideend|p2: kingnoid|move: Tailwind\n|upkeep\n|turn|6\n|inactive|kingnoid has 30 seconds left.\n|\n|t:|1776622963\n|move|p1a: Scovillain|Protect|p1a: Scovillain\n|-singleturn|p1a: Scovillain|Protect\n|move|p2b: Incineroar|Fake Out|p1b: Primarina\n|-damage|p1b: Primarina|84/100\n|move|p2a: Corviknight|Roost|p2a: Corviknight\n|-heal|p2a: Corviknight|83/100 brn\n|-singleturn|p2a: Corviknight|move: Roost\n|cant|p1b: Primarina|flinch\n|\n|-weather|none\n|-heal|p2a: Corviknight|89/100 brn|[from] item: Leftovers\n|-heal|p1b: Primarina|90/100|[from] item: Leftovers\n|-damage|p2b: Incineroar|70/100|[from] Leech Seed|[of] p1a: Scovillain\n|-heal|p1a: Scovillain|48/100|[silent]\n|-damage|p2a: Corviknight|77/100 brn|[from] Leech Seed|[of] p1a: Scovillain\n|-heal|p1a: Scovillain|63/100|[silent]\n|-damage|p2a: Corviknight|71/100 brn|[from] brn\n|upkeep\n|turn|7\n|\n|t:|1776622986\n|move|p2b: Incineroar|Darkest Lariat|p1b: Primarina\n|-resisted|p1b: Primarina|1\n|-damage|p1b: Primarina|66/100\n|move|p1a: Scovillain|Leech Seed||[still]\n|-fail|p1a: Scovillain\n|move|p2a: Corviknight|Brave Bird|p1a: Scovillain\n|-supereffective|p1a: Scovillain|1\n|-damage|p1a: Scovillain|33/100\n|-damage|p2a: Corviknight|62/100 brn|[from] Recoil\n|move|p1b: Primarina|Calm Mind|p1b: Primarina\n|-boost|p1b: Primarina|spa|1\n|-boost|p1b: Primarina|spd|1\n|\n|-heal|p2a: Corviknight|68/100 brn|[from] item: Leftovers\n|-heal|p1b: Primarina|72/100|[from] item: Leftovers\n|-damage|p2b: Incineroar|58/100|[from] Leech Seed|[of] p1a: Scovillain\n|-heal|p1a: Scovillain|45/100|[silent]\n|-damage|p2a: Corviknight|56/100 brn|[from] Leech Seed|[of] p1a: Scovillain\n|-heal|p1a: Scovillain|60/100|[silent]\n|-damage|p2a: Corviknight|50/100 brn|[from] brn\n|upkeep\n|turn|8\n|inactive|kingnoid has 30 seconds left.\n|\n|t:|1776623011\n|move|p1a: Scovillain|Protect|p1a: Scovillain\n|-singleturn|p1a: Scovillain|Protect\n|move|p2b: Incineroar|Parting Shot|p1b: Primarina\n|-unboost|p1b: Primarina|atk|1\n|-unboost|p1b: Primarina|spa|1\n|\n|t:|1776623018\n|switch|p2b: Sinistcha|Sinistcha, L50|100/100|[from] Parting Shot\n|-heal|p2a: Corviknight|75/100 brn|[from] ability: Hospitality|[of] p2b: Sinistcha\n|move|p2a: Corviknight|Tailwind|p2a: Corviknight\n|-sidestart|p2: kingnoid|move: Tailwind\n|move|p1b: Primarina|Calm Mind|p1b: Primarina\n|-boost|p1b: Primarina|spa|1\n|-boost|p1b: Primarina|spd|1\n|\n|-heal|p2a: Corviknight|81/100 brn|[from] item: Leftovers\n|-heal|p1b: Primarina|78/100|[from] item: Leftovers\n|-damage|p2a: Corviknight|69/100 brn|[from] Leech Seed|[of] p1a: Scovillain\n|-heal|p1a: Scovillain|74/100|[silent]\n|-damage|p2a: Corviknight|63/100 brn|[from] brn\n|upkeep\n|turn|9\n|\n|t:|1776623039\n|move|p2b: Sinistcha|Matcha Gotcha|p1a: Scovillain|[spread] p1a,p1b\n|-resisted|p1a: Scovillain|2\n|-supereffective|p1b: Primarina|1\n|-damage|p1a: Scovillain|71/100\n|-damage|p1b: Primarina|61/100\n|-status|p2b: Sinistcha|brn|[from] ability: Spicy Spray|[of] p1a: Scovillain\n|move|p2a: Corviknight|Bulk Up|p2a: Corviknight\n|-boost|p2a: Corviknight|atk|1\n|-boost|p2a: Corviknight|def|1\n|move|p1a: Scovillain|Flamethrower|p2b: Sinistcha\n|-supereffective|p2b: Sinistcha|1\n|-damage|p2b: Sinistcha|43/100 brn\n|move|p1b: Primarina|Hyper Voice|p2b: Sinistcha|[spread] p2a,p2b\n|-resisted|p2b: Sinistcha|1\n|-damage|p2a: Corviknight|0 fnt\n|-damage|p2b: Sinistcha|6/100 brn\n|faint|p2a: Corviknight\n|\n|-heal|p1b: Primarina|67/100|[from] item: Leftovers\n|-damage|p2b: Sinistcha|0 fnt|[from] brn\n|faint|p2b: Sinistcha\n|upkeep\n|\n|t:|1776623061\n|switch|p2b: Incineroar|Incineroar, L50, M|58/100\n|switch|p2a: Tyranitar|Tyranitar-Mega, L50, F|94/100 brn\n|-weather|Sandstorm|[from] ability: Sand Stream|[of] p2a: Tyranitar\n|-ability|p2b: Incineroar|Intimidate|boost\n|-unboost|p1a: Scovillain|atk|1\n|-unboost|p1b: Primarina|atk|1\n|turn|10\n|\n|t:|1776623074\n|move|p1a: Scovillain|Protect|p1a: Scovillain\n|-singleturn|p1a: Scovillain|Protect\n|move|p1b: Primarina|Protect|p1b: Primarina\n|-singleturn|p1b: Primarina|Protect\n|move|p2b: Incineroar|Fake Out|p1b: Primarina\n|-activate|p1b: Primarina|move: Protect\n|move|p2a: Tyranitar|Rock Slide|p1b: Primarina|[spread] \n|-activate|p1a: Scovillain|move: Protect\n|-activate|p1b: Primarina|move: Protect\n|\n|-weather|Sandstorm|[upkeep]\n|-damage|p2b: Incineroar|52/100|[from] Sandstorm\n|-damage|p1a: Scovillain|66/100|[from] Sandstorm\n|-damage|p1b: Primarina|61/100|[from] Sandstorm\n|-heal|p1b: Primarina|67/100|[from] item: Leftovers\n|-damage|p2a: Tyranitar|88/100 brn|[from] brn\n|upkeep\n|turn|11\n|\n|t:|1776623096\n|move|p2a: Tyranitar|Rock Slide|p1a: Scovillain|[spread] p1a,p1b\n|-supereffective|p1a: Scovillain|1\n|-damage|p1a: Scovillain|46/100\n|-damage|p1b: Primarina|48/100\n|move|p2b: Incineroar|Flare Blitz|p1a: Scovillain\n|-damage|p1a: Scovillain|14/100\n|-immune|p2b: Incineroar\n|-damage|p2b: Incineroar|42/100|[from] Recoil\n|-enditem|p2b: Incineroar|Sitrus Berry|[eat]\n|-heal|p2b: Incineroar|67/100|[from] item: Sitrus Berry\n|move|p1a: Scovillain|Leech Seed|p2a: Tyranitar\n|-start|p2a: Tyranitar|move: Leech Seed\n|move|p1b: Primarina|Hyper Voice|p2b: Incineroar|[spread] p2a,p2b\n|-supereffective|p2a: Tyranitar|1\n|-supereffective|p2b: Incineroar|1\n|-damage|p2a: Tyranitar|6/100 brn\n|-damage|p2b: Incineroar|0 fnt\n|faint|p2b: Incineroar\n|\n|-weather|Sandstorm|[upkeep]\n|-damage|p1a: Scovillain|8/100|[from] Sandstorm\n|-damage|p1b: Primarina|42/100|[from] Sandstorm\n|-heal|p1b: Primarina|48/100|[from] item: Leftovers\n|-damage|p2a: Tyranitar|0 fnt|[from] Leech Seed|[of] p1a: Scovillain\n|-heal|p1a: Scovillain|13/100|[silent]\n|faint|p2a: Tyranitar\n|\n|win|Kyommunism\n|raw|Kyommunism's rating: 1086 &rarr; <strong>1115</strong><br />(+29 for winning)\n|raw|kingnoid's rating: 1116 &rarr; <strong>1089</strong><br />(-27 for losing)\n|l|\u2606kingnoid\n|player|p2|\n",
  "uploadtime": 1776623114,
  "views": 14,
  "formatid": "gen9championsvgc2026regma",
  "rating": 1089,
  "private": 0,
  "password": null
}