{
  "id": "gen9championsvgc2026regma-2582835946",
  "format": "[Gen 9 Champions] VGC 2026 Reg M-A",
  "players": [
    "yaroko",
    "sumguyatwork"
  ],
  "log": "|j|\u2606yaroko\n|j|\u203dsumguyatwork\n|t:|1776117829\n|gametype|doubles\n|player|p1|yaroko|pokemonbreeder-gen4|1100\n|player|p2|sumguyatwork|265|1056\n|gen|9\n|tier|[Gen 9 Champions] VGC 2026 Reg M-A\n|rated|\n|rule|Species Clause: Limit one of each Pok\u00e9mon\n|rule|Item Clause: Limit 1 of each item\n|clearpoke\n|poke|p1|Gardevoir, L50, F|\n|poke|p1|Greninja-*, L50, M|\n|poke|p1|Incineroar, L50, F|\n|poke|p1|Pelipper, L50, F|\n|poke|p1|Clefable, L50, M|\n|poke|p1|Rotom-Heat, L50|\n|poke|p2|Basculegion, L50, M|\n|poke|p2|Pelipper, L50, F|\n|poke|p2|Archaludon, L50, F|\n|poke|p2|Meganium, L50, M|\n|poke|p2|Raichu, L50, M|\n|poke|p2|Dragonite, L50, F|\n|teampreview|4\n|inactive|Battle timer is ON: inactive players will automatically lose when time's up. (requested by yaroko)\n|\n|t:|1776117873\n|teamsize|p1|4\n|teamsize|p2|4\n|start\n|switch|p1a: Rotom|Rotom-Heat, L50|100/100\n|switch|p1b: Incineroar|Incineroar, L50, F|100/100\n|switch|p2a: Pelipper|Pelipper, L50, F|100/100\n|switch|p2b: Basculegion|Basculegion, L50, M|100/100\n|-weather|RainDance|[from] ability: Drizzle|[of] p2a: Pelipper\n|-ability|p1b: Incineroar|Intimidate|boost\n|-unboost|p2a: Pelipper|atk|1\n|-unboost|p2b: Basculegion|atk|1\n|turn|1\n|inactive|yaroko has 30 seconds left.\n|\n|t:|1776117900\n|switch|p2a: Raichu|Raichu, L50, M|100/100\n|move|p2b: Basculegion|Flip Turn|p1b: Incineroar\n|-supereffective|p1b: Incineroar|1\n|-damage|p1b: Incineroar|17/100\n|\n|t:|1776117906\n|switch|p2b: Dragonite|Dragonite, L50, F|100/100|[from] Flip Turn\n|move|p1a: Rotom|Thunder|p2a: Raichu\n|-activate|p2a: Raichu|ability: Lightning Rod\n|-ability|p2a: Raichu|Lightning Rod|boost\n|-boost|p2a: Raichu|spa|1\n|move|p1b: Incineroar|Parting Shot|p2b: Dragonite\n|-unboost|p2b: Dragonite|atk|1\n|-unboost|p2b: Dragonite|spa|1\n|\n|t:|1776117923\n|switch|p1b: Gardevoir|Gardevoir, L50, F|100/100|[from] Parting Shot\n|\n|-weather|RainDance|[upkeep]\n|upkeep\n|turn|2\n|\n|t:|1776117938\n|switch|p1a: Incineroar|Incineroar, L50, F|17/100\n|-ability|p1a: Incineroar|Intimidate|boost\n|-unboost|p2a: Raichu|atk|1\n|-unboost|p2b: Dragonite|atk|1\n|detailschange|p2b: Dragonite|Dragonite-Mega, L50, F\n|-mega|p2b: Dragonite|Dragonite|Dragoninite\n|detailschange|p1b: Gardevoir|Gardevoir-Mega, L50, F\n|-mega|p1b: Gardevoir|Gardevoir|Gardevoirite\n|move|p2a: Raichu|Fake Out|p1b: Gardevoir\n|-damage|p1b: Gardevoir|94/100\n|move|p2b: Dragonite|Hurricane|p1b: Gardevoir\n|-damage|p1b: Gardevoir|56/100\n|-start|p1b: Gardevoir|confusion\n|cant|p1b: Gardevoir|flinch\n|\n|-weather|RainDance|[upkeep]\n|upkeep\n|turn|3\n|\n|t:|1776117961\n|move|p2b: Dragonite|Protect|p2b: Dragonite\n|-singleturn|p2b: Dragonite|Protect\n|move|p1a: Incineroar|Fake Out|p2a: Raichu\n|-damage|p2a: Raichu|72/100\n|cant|p2a: Raichu|flinch\n|-activate|p1b: Gardevoir|confusion\n|-damage|p1b: Gardevoir|45/100|[from] confusion\n|\n|-weather|RainDance|[upkeep]\n|upkeep\n|turn|4\n|inactive|sumguyatwork has 30 seconds left.\n|\n|t:|1776117988\n|move|p2a: Raichu|Electroweb|p1a: Incineroar|[spread] p1a,p1b\n|-damage|p1a: Incineroar|0 fnt\n|-damage|p1b: Gardevoir|20/100\n|-unboost|p1b: Gardevoir|spe|1\n|faint|p1a: Incineroar\n|move|p2b: Dragonite|Hurricane|p1b: Gardevoir\n|-damage|p1b: Gardevoir|0 fnt\n|faint|p1b: Gardevoir\n|\n|-weather|RainDance|[upkeep]\n|upkeep\n|\n|t:|1776118000\n|switch|p1a: Rotom|Rotom-Heat, L50|100/100\n|switch|p1b: Clefable|Clefable, L50, M|100/100\n|turn|5\n|\n|t:|1776118019\n|switch|p2a: Basculegion|Basculegion, L50, M|100/100\n|move|p2b: Dragonite|Protect|p2b: Dragonite\n|-singleturn|p2b: Dragonite|Protect\n|move|p1a: Rotom|Shadow Ball|p2a: Basculegion\n|-supereffective|p2a: Basculegion|1\n|-damage|p2a: Basculegion|46/100\n|move|p1b: Clefable|Dazzling Gleam|p2b: Dragonite|[spread] p2a\n|-activate|p2b: Dragonite|move: Protect\n|-damage|p2a: Basculegion|24/100\n|\n|-weather|none\n|upkeep\n|turn|6\n|\n|t:|1776118040\n|switch|p2b: Pelipper|Pelipper, L50, F|100/100\n|-weather|RainDance|[from] ability: Drizzle|[of] p2b: Pelipper\n|move|p2a: Basculegion|Wave Crash|p1a: Rotom\n|-supereffective|p1a: Rotom|1\n|-enditem|p1a: Rotom|Focus Sash\n|-damage|p1a: Rotom|1/100\n|-damage|p2a: Basculegion|4/100|[from] Recoil\n|move|p1a: Rotom|Shadow Ball|p2a: Basculegion\n|-supereffective|p2a: Basculegion|1\n|-damage|p2a: Basculegion|0 fnt\n|faint|p2a: Basculegion\n|move|p1b: Clefable|Dazzling Gleam|p2b: Pelipper\n|-damage|p2b: Pelipper|52/100\n|\n|-weather|RainDance|[upkeep]\n|upkeep\n|\n|t:|1776118056\n|switch|p2a: Dragonite|Dragonite-Mega, L50, F|100/100\n|turn|7\n|inactive|sumguyatwork has 30 seconds left.\n|\n|t:|1776118087\n|switch|p2a: Raichu|Raichu, L50, M|72/100\n|move|p1a: Rotom|Thunder|p2a: Raichu\n|-activate|p2a: Raichu|ability: Lightning Rod\n|-ability|p2a: Raichu|Lightning Rod|boost\n|-boost|p2a: Raichu|spa|1\n|move|p2b: Pelipper|Weather Ball|p1a: Rotom\n|-supereffective|p1a: Rotom|1\n|-damage|p1a: Rotom|0 fnt\n|faint|p1a: Rotom\n|move|p1b: Clefable|Dazzling Gleam|p2a: Raichu|[spread] p2a,p2b\n|-damage|p2a: Raichu|44/100\n|-damage|p2b: Pelipper|16/100\n|\n|-weather|RainDance|[upkeep]\n|upkeep\n|turn|8\n|\n|t:|1776118108\n|move|p2a: Raichu|Thunder|p1b: Clefable\n|-damage|p1b: Clefable|34/100\n|-enditem|p1b: Clefable|Sitrus Berry|[eat]\n|-heal|p1b: Clefable|59/100|[from] item: Sitrus Berry\n|move|p2b: Pelipper|Hurricane|p1b: Clefable\n|-damage|p1b: Clefable|15/100\n|move|p1b: Clefable|Dazzling Gleam|p2b: Pelipper|[spread] p2a,p2b\n|-damage|p2a: Raichu|15/100\n|-damage|p2b: Pelipper|0 fnt\n|faint|p2b: Pelipper\n|\n|-weather|RainDance|[upkeep]\n|upkeep\n|\n|t:|1776118119\n|switch|p2b: Dragonite|Dragonite-Mega, L50, F|100/100\n|turn|9\n|\n|t:|1776118126\n|move|p2a: Raichu|Thunder|p1b: Clefable\n|-damage|p1b: Clefable|0 fnt\n|faint|p1b: Clefable\n|\n|win|sumguyatwork\n|raw|yaroko's rating: 1100 &rarr; <strong>1072</strong><br />(-28 for losing)\n|raw|sumguyatwork's rating: 1056 &rarr; <strong>1092</strong><br />(+36 for winning)\n",
  "uploadtime": 1776118132,
  "views": 30,
  "formatid": "gen9championsvgc2026regma",
  "rating": 1072,
  "private": 0,
  "password": null
}