{
  "id": "gen9championsvgc2026regma-2581271584",
  "format": "[Gen 9 Champions] VGC 2026 Reg M-A",
  "players": [
    "radoovak",
    "sjysjy"
  ],
  "log": "|j|\u2606radoovak\n|j|\u2606sjysjy\n|t:|1775979377\n|gametype|doubles\n|player|p1|radoovak|steven|1294\n|player|p2|sjysjy|265|1399\n|gen|9\n|tier|[Gen 9 Champions] VGC 2026 Reg M-A\n|rated|\n|rule|Species Clause: Limit one of each Pok\u00e9mon\n|rule|Item Clause: Limit 1 of each item\n|clearpoke\n|poke|p1|Gengar, L50, M|\n|poke|p1|Sneasler, L50, F|\n|poke|p1|Incineroar, L50, F|\n|poke|p1|Whimsicott, L50, F|\n|poke|p1|Hydreigon, L50, M|\n|poke|p1|Palafin, L50, F|\n|poke|p2|Gengar, L50, F|\n|poke|p2|Garchomp, L50, M|\n|poke|p2|Whimsicott, L50, M|\n|poke|p2|Typhlosion-Hisui, L50, M|\n|poke|p2|Kingambit, L50, M|\n|poke|p2|Rotom-Wash, L50|\n|teampreview|4\n|inactive|Battle timer is ON: inactive players will automatically lose when time's up. (requested by radoovak)\n|inactive|radoovak has 60 seconds left.\n|\n|t:|1775979422\n|teamsize|p1|4\n|teamsize|p2|4\n|start\n|switch|p1a: Hydreigon|Hydreigon, L50, M|100/100\n|switch|p1b: Sneasler|Sneasler, L50, F|100/100\n|switch|p2a: Kingambit|Kingambit, L50, M|100/100\n|switch|p2b: Rotom|Rotom-Wash, L50|100/100\n|turn|1\n|inactive|sjysjy has 30 seconds left.\n|inactive|sjysjy has 20 seconds left.\n|inactive|sjysjy has 15 seconds left.\n|\n|t:|1775979466\n|switch|p2b: Gengar|Gengar, L50, F|100/100\n|move|p1b: Sneasler|Fake Out|p2b: Gengar\n|-immune|p2b: Gengar\n|move|p1a: Hydreigon|Dark Pulse|p2b: Gengar\n|-supereffective|p2b: Gengar|1\n|-damage|p2b: Gengar|0 fnt\n|-start|p1a: Hydreigon|Disable|Dark Pulse|[from] ability: Cursed Body|[of] p2b: Gengar\n|faint|p2b: Gengar\n|move|p2a: Kingambit|Low Kick|p1a: Hydreigon\n|-supereffective|p1a: Hydreigon|1\n|-damage|p1a: Hydreigon|18/100\n|\n|upkeep\n|\n|t:|1775979478\n|switch|p2b: Garchomp|Garchomp, L50, M|100/100\n|turn|2\n|j| gE1xjZRtuhW2DdT0AK\n|\n|t:|1775979495\n|switch|p1a: Whimsicott|Whimsicott, L50, F|100/100\n|move|p1b: Sneasler|Protect|p1b: Sneasler\n|-singleturn|p1b: Sneasler|Protect\n|move|p2a: Kingambit|Protect|p2a: Kingambit\n|-singleturn|p2a: Kingambit|Protect\n|move|p2b: Garchomp|Dragon Claw|p1a: Whimsicott\n|-immune|p1a: Whimsicott\n|\n|upkeep\n|turn|3\n|\n|t:|1775979518\n|switch|p2a: Rotom|Rotom-Wash, L50|100/100\n|move|p1a: Whimsicott|Encore|p2b: Garchomp\n|-start|p2b: Garchomp|Encore\n|move|p1b: Sneasler|Close Combat|p2a: Rotom\n|-damage|p2a: Rotom|34/100\n|-unboost|p1b: Sneasler|def|1\n|-unboost|p1b: Sneasler|spd|1\n|-enditem|p2a: Rotom|Sitrus Berry|[eat]\n|-heal|p2a: Rotom|59/100|[from] item: Sitrus Berry\n|-enditem|p1b: Sneasler|White Herb\n|-clearnegativeboost|p1b: Sneasler|[silent]\n|move|p2b: Garchomp|Dragon Claw|p1a: Whimsicott\n|-immune|p1a: Whimsicott\n|\n|upkeep\n|turn|4\n|\n|t:|1775979540\n|switch|p1b: Incineroar|Incineroar, L50, F|100/100\n|-ability|p1b: Incineroar|Intimidate|boost\n|-unboost|p2a: Rotom|atk|1\n|-unboost|p2b: Garchomp|atk|1\n|switch|p2b: Kingambit|Kingambit, L50, M|100/100\n|move|p1a: Whimsicott|Moonblast|p2b: Kingambit\n|-damage|p2b: Kingambit|74/100\n|move|p2a: Rotom|Will-O-Wisp|p1b: Incineroar\n|-immune|p1b: Incineroar\n|\n|upkeep\n|turn|5\n|inactive|radoovak has 30 seconds left.\n|\n|t:|1775979575\n|switch|p2a: Garchomp|Garchomp, L50, M|100/100\n|move|p1a: Whimsicott|Encore||[still]\n|-fail|p1a: Whimsicott\n|move|p1b: Incineroar|Flare Blitz|p2b: Kingambit\n|-supereffective|p2b: Kingambit|1\n|-damage|p2b: Kingambit|0 fnt\n|faint|p2b: Kingambit\n|-damage|p1b: Incineroar|76/100|[from] Recoil\n|\n|upkeep\n|\n|t:|1775979581\n|switch|p2b: Rotom|Rotom-Wash, L50|59/100\n|turn|6\n|\n|t:|1775979593\n|move|p1a: Whimsicott|Tailwind|p1a: Whimsicott\n|-sidestart|p1: radoovak|move: Tailwind\n|move|p1b: Incineroar|Darkest Lariat|p2b: Rotom\n|-damage|p2b: Rotom|18/100\n|move|p2a: Garchomp|Earthquake|p1b: Incineroar|[spread] p1a,p1b\n|-immune|p2b: Rotom|[from] ability: Levitate\n|-resisted|p1a: Whimsicott|1\n|-supereffective|p1b: Incineroar|1\n|-damage|p1a: Whimsicott|77/100\n|-damage|p1b: Incineroar|3/100\n|-enditem|p1b: Incineroar|Sitrus Berry|[eat]\n|-heal|p1b: Incineroar|28/100|[from] item: Sitrus Berry\n|move|p2b: Rotom|Hydro Pump|p1a: Whimsicott\n|-resisted|p1a: Whimsicott|1\n|-damage|p1a: Whimsicott|50/100\n|\n|upkeep\n|turn|7\n|-message|sjysjy forfeited.\n|\n|win|radoovak\n|raw|radoovak's rating: 1294 &rarr; <strong>1326</strong><br />(+32 for winning)\n|raw|sjysjy's rating: 1399 &rarr; <strong>1373</strong><br />(-26 for losing)\n|l|\u2606sjysjy\n|player|p2|\n",
  "uploadtime": 1775979616,
  "views": 35,
  "formatid": "gen9championsvgc2026regma",
  "rating": 1326,
  "private": 0,
  "password": null
}