{
  "id": "gen9championsvgc2026regma-2582249849",
  "format": "[Gen 9 Champions] VGC 2026 Reg M-A",
  "players": [
    "rulochupo",
    "JustJakeyVGC"
  ],
  "log": "|j|\u2606rulochupo\n|j|\u2606JustJakeyVGC\n|t:|1776076083\n|gametype|doubles\n|player|p1|rulochupo|265|1220\n|player|p2|JustJakeyVGC|102|1176\n|gen|9\n|tier|[Gen 9 Champions] VGC 2026 Reg M-A\n|rated|\n|rule|Species Clause: Limit one of each Pok\u00e9mon\n|rule|Item Clause: Limit 1 of each item\n|clearpoke\n|poke|p1|Charizard, L50, F|\n|poke|p1|Sneasler, L50, M|\n|poke|p1|Basculegion, L50, M|\n|poke|p1|Whimsicott, L50, F|\n|poke|p1|Garchomp, L50, F|\n|poke|p1|Incineroar, L50, F|\n|poke|p2|Whimsicott, L50, M|\n|poke|p2|Gengar, L50, F|\n|poke|p2|Incineroar, L50, F|\n|poke|p2|Basculegion, L50, M|\n|poke|p2|Sneasler, L50, F|\n|poke|p2|Farigiraf, L50, M|\n|teampreview|4\nrulochupo rejected open team sheets.\n|inactive|Battle timer is ON: inactive players will automatically lose when time's up. (requested by rulochupo)\n|inactive|rulochupo has 60 seconds left.\n|\n|t:|1776076126\n|teamsize|p1|4\n|teamsize|p2|4\n|start\n|switch|p1a: Sneasler|Sneasler, L50, M|100/100\n|switch|p1b: Whimsicott|Whimsicott, L50, F|100/100\n|switch|p2a: Gengar|Gengar, L50, F|100/100\n|switch|p2b: Incineroar|Incineroar, L50, F|100/100\n|-ability|p1a: Sneasler|Pressure\n|-ability|p2b: Incineroar|Intimidate|boost\n|-unboost|p1a: Sneasler|atk|1\n|-unboost|p1b: Whimsicott|atk|1\n|turn|1\n|\n|t:|1776076139\n|detailschange|p2a: Gengar|Gengar-Mega, L50, F\n|-mega|p2a: Gengar|Gengar|Gengarite\n|move|p1a: Sneasler|Fake Out|p2b: Incineroar\n|-damage|p2b: Incineroar|92/100\n|cant|p2b: Incineroar|flinch\n|move|p1b: Whimsicott|Tailwind|p1b: Whimsicott\n|-sidestart|p1: rulochupo|move: Tailwind\n|move|p2a: Gengar|Perish Song|p2a: Gengar\n|-start|p1a: Sneasler|perish3|[silent]\n|-start|p1b: Whimsicott|perish3|[silent]\n|-start|p2a: Gengar|perish3|[silent]\n|-start|p2b: Incineroar|perish3|[silent]\n|-fieldactivate|move: Perish Song\n|\n|-start|p1a: Sneasler|perish3\n|-start|p1b: Whimsicott|perish3\n|-start|p2a: Gengar|perish3\n|-start|p2b: Incineroar|perish3\n|upkeep\n|turn|2\n|\n|t:|1776076159\n|move|p2b: Incineroar|Protect|p2b: Incineroar\n|-singleturn|p2b: Incineroar|Protect\n|move|p1b: Whimsicott|Encore|p2a: Gengar\n|-start|p2a: Gengar|Encore\n|move|p1a: Sneasler|Close Combat|p2b: Incineroar\n|-activate|p2b: Incineroar|move: Protect\n|move|p2a: Gengar|Perish Song||[still]\n|-fail|p2a: Gengar\n|\n|-start|p1a: Sneasler|perish2\n|-start|p1b: Whimsicott|perish2\n|-start|p2a: Gengar|perish2\n|-start|p2b: Incineroar|perish2\n|upkeep\n|turn|3\n|\n|t:|1776076178\n|switch|p2a: Whimsicott|Whimsicott, L50, M|100/100\n|move|p1a: Sneasler|Close Combat|p2b: Incineroar\n|-supereffective|p2b: Incineroar|1\n|-damage|p2b: Incineroar|26/100\n|-unboost|p1a: Sneasler|def|1\n|-unboost|p1a: Sneasler|spd|1\n|-enditem|p2b: Incineroar|Sitrus Berry|[eat]\n|-heal|p2b: Incineroar|51/100|[from] item: Sitrus Berry\n|move|p1b: Whimsicott|Moonblast|p2b: Incineroar\n|-damage|p2b: Incineroar|29/100\n|move|p2b: Incineroar|Parting Shot|p1a: Sneasler\n|-unboost|p1a: Sneasler|atk|1\n|-unboost|p1a: Sneasler|spa|1\n|\n|t:|1776076197\n|switch|p2b: Gengar|Gengar-Mega, L50, F|100/100|[from] Parting Shot\n|\n|-start|p1a: Sneasler|perish1\n|-start|p1b: Whimsicott|perish1\n|upkeep\n|turn|4\n|\n|t:|1776076211\n|move|p2a: Whimsicott|Protect|p2a: Whimsicott\n|-singleturn|p2a: Whimsicott|Protect\n|move|p2b: Gengar|Protect|p2b: Gengar\n|-singleturn|p2b: Gengar|Protect\n|move|p1a: Sneasler|Dire Claw|p2a: Whimsicott\n|-activate|p2a: Whimsicott|move: Protect\n|move|p1b: Whimsicott|Moonblast|p2a: Whimsicott\n|-activate|p2a: Whimsicott|move: Protect\n|\n|-start|p1a: Sneasler|perish0\n|-start|p1b: Whimsicott|perish0\n|-sideend|p1: rulochupo|move: Tailwind\n|faint|p1a: Sneasler\n|faint|p1b: Whimsicott\n|upkeep\n|\n|t:|1776076213\n|switch|p1a: Incineroar|Incineroar, L50, F|100/100\n|switch|p1b: Charizard|Charizard, L50, F|100/100\n|-ability|p1a: Incineroar|Intimidate|boost\n|-unboost|p2a: Whimsicott|atk|1\n|-unboost|p2b: Gengar|atk|1\n|turn|5\n|inactive|JustJakeyVGC has 30 seconds left.\n|inactive|JustJakeyVGC has 20 seconds left.\n|\n|t:|1776076250\n|switch|p2b: Incineroar|Incineroar, L50, F|29/100\n|-ability|p2b: Incineroar|Intimidate|boost\n|-unboost|p1a: Incineroar|atk|1\n|-unboost|p1b: Charizard|atk|1\n|switch|p2a: Basculegion|Basculegion, L50, M|100/100\n|detailschange|p1b: Charizard|Charizard-Mega-Y, L50, F\n|-mega|p1b: Charizard|Charizard|Charizardite Y\n|-weather|SunnyDay|[from] ability: Drought|[of] p1b: Charizard\n|move|p1b: Charizard|Heat Wave|p2a: Basculegion|[spread] p2a,p2b\n|-resisted|p2a: Basculegion|1\n|-resisted|p2b: Incineroar|1\n|-damage|p2a: Basculegion|62/100\n|-damage|p2b: Incineroar|5/100\n|move|p1a: Incineroar|Throat Chop|p2b: Incineroar\n|-resisted|p2b: Incineroar|1\n|-damage|p2b: Incineroar|0 fnt\n|faint|p2b: Incineroar\n|\n|-weather|SunnyDay|[upkeep]\n|upkeep\n|inactive|JustJakeyVGC has 30 seconds left.\n|inactive|JustJakeyVGC has 20 seconds left.\n|inactive|JustJakeyVGC has 15 seconds left.\n|inactive|JustJakeyVGC has 10 seconds left.\n|inactive|JustJakeyVGC has 5 seconds left.\n|\n|t:|1776076306\n|switch|p2b: Whimsicott|Whimsicott, L50, M|100/100\n|turn|6\n|\n|t:|1776076320\n|move|p2b: Whimsicott|Protect|p2b: Whimsicott\n|-singleturn|p2b: Whimsicott|Protect\n|move|p2a: Basculegion|Wave Crash|p1b: Charizard\n|-supereffective|p1b: Charizard|1\n|-damage|p1b: Charizard|0 fnt\n|faint|p1b: Charizard\n|-damage|p2a: Basculegion|37/100|[from] Recoil\n|move|p1a: Incineroar|Throat Chop|p2a: Basculegion\n|-supereffective|p2a: Basculegion|1\n|-damage|p2a: Basculegion|0 fnt\n|faint|p2a: Basculegion\n|\n|-weather|SunnyDay|[upkeep]\n|upkeep\n|-message|rulochupo forfeited.\n|\n|win|JustJakeyVGC\n|raw|rulochupo's rating: 1220 &rarr; <strong>1192</strong><br />(-28 for losing)\n|raw|JustJakeyVGC's rating: 1176 &rarr; <strong>1204</strong><br />(+28 for winning)\n|l|\u2606rulochupo\n|player|p1|\n",
  "uploadtime": 1776076348,
  "views": 17,
  "formatid": "gen9championsvgc2026regma",
  "rating": 1192,
  "private": 0,
  "password": null
}