{
  "id": "gen9championsvgc2026regma-2582564582",
  "format": "[Gen 9 Champions] VGC 2026 Reg M-A",
  "players": [
    "ruirivers",
    "ohaimiles"
  ],
  "log": "|j|\u2606ruirivers\n|j|\u2606ohaimiles\n|t:|1776099670\n|gametype|doubles\n|player|p1|ruirivers|shadowtriad|1253\n|player|p2|ohaimiles|266|1209\n|gen|9\n|tier|[Gen 9 Champions] VGC 2026 Reg M-A\n|rated|\n|rule|Species Clause: Limit one of each Pok\u00e9mon\n|rule|Item Clause: Limit 1 of each item\n|clearpoke\n|poke|p1|Samurott-Hisui, L50, M|\n|poke|p1|Arcanine-Hisui, L50, M|\n|poke|p1|Chesnaught, L50, M|\n|poke|p1|Noivern, L50, F|\n|poke|p1|Raichu, L50, M|\n|poke|p1|Zoroark-Hisui, L50, M|\n|poke|p2|Froslass, L50, F|\n|poke|p2|Maushold-Four, L50|\n|poke|p2|Rotom-Frost, L50|\n|poke|p2|Garchomp, L50, M|\n|poke|p2|Incineroar, L50, M|\n|poke|p2|Empoleon, L50, M|\n|teampreview|4\nohaimiles has agreed to open team sheets.\nruirivers rejected open team sheets.\n|inactive|Battle timer is ON: inactive players will automatically lose when time's up. (requested by ruirivers)\n|\n|t:|1776099764\n|teamsize|p1|4\n|teamsize|p2|4\n|start\n|switch|p1a: Chesnaught|Chesnaught, L50, M|100/100\n|switch|p1b: Samurott|Samurott-Hisui, L50, M|100/100\n|switch|p2a: Empoleon|Empoleon, L50, M|100/100\n|switch|p2b: Froslass|Froslass, L50, F|100/100\n|turn|1\n|inactive|ruirivers has 30 seconds left.\n|inactive|ohaimiles has 30 seconds left.\n|\n|t:|1776099792\n|switch|p2a: Rotom|Rotom-Frost, L50|100/100\n|detailschange|p1a: Chesnaught|Chesnaught-Mega, L50, M\n|-mega|p1a: Chesnaught|Chesnaught|Chesnaughtite\n|move|p2b: Froslass|Protect|p2b: Froslass\n|-singleturn|p2b: Froslass|Protect\n|move|p1b: Samurott|Detect|p1b: Samurott\n|-singleturn|p1b: Samurott|Protect\n|move|p1a: Chesnaught|Spiky Shield||[still]\n|-fail|p1a: Chesnaught\n|\n|upkeep\n|turn|2\n|\n|t:|1776099811\n|detailschange|p2b: Froslass|Froslass-Mega, L50, F\n|-mega|p2b: Froslass|Froslass|Froslassite\n|-weather|Snowscape|[from] ability: Snow Warning|[of] p2b: Froslass\n|move|p1a: Chesnaught|Wide Guard|p1a: Chesnaught\n|-singleturn|p1a: Chesnaught|Wide Guard\n|move|p2a: Rotom|Volt Switch|p1b: Samurott\n|-supereffective|p1b: Samurott|1\n|-damage|p1b: Samurott|18/100\n|\n|t:|1776099820\n|switch|p2a: Garchomp|Garchomp, L50, M|100/100|[from] Volt Switch\n|move|p2b: Froslass|Blizzard|p1a: Chesnaught|[spread] \n|-activate|p1a: Chesnaught|move: Wide Guard\n|-activate|p1b: Samurott|move: Wide Guard\n|move|p1b: Samurott|Night Slash|p2b: Froslass\n|-supereffective|p2b: Froslass|1\n|-crit|p2b: Froslass\n|-damage|p2b: Froslass|0 fnt\n|faint|p2b: Froslass\n|\n|-weather|Snowscape|[upkeep]\n|upkeep\n|\n|t:|1776099826\n|switch|p2b: Rotom|Rotom-Frost, L50|100/100\n|turn|3\n|\n|t:|1776099838\n|move|p1b: Samurott|Sucker Punch|p2a: Garchomp\n|-crit|p2a: Garchomp\n|-damage|p2a: Garchomp|45/100\n|move|p2b: Rotom|Volt Switch|p1b: Samurott\n|-supereffective|p1b: Samurott|1\n|-damage|p1b: Samurott|0 fnt\n|faint|p1b: Samurott\n|\n|t:|1776099843\n|switch|p2b: Empoleon|Empoleon, L50, M|100/100|[from] Volt Switch\n|move|p2a: Garchomp|Dragon Claw|p1a: Chesnaught\n|-damage|p1a: Chesnaught|78/100\n|move|p1a: Chesnaught|Body Press|p2b: Empoleon\n|-supereffective|p2b: Empoleon|1\n|-damage|p2b: Empoleon|0 fnt\n|faint|p2b: Empoleon\n|\n|-weather|Snowscape|[upkeep]\n|upkeep\n|\n|t:|1776099854\n|switch|p1b: Raichu|Raichu, L50, M|100/100\n|switch|p2b: Rotom|Rotom-Frost, L50|100/100\n|turn|4\n|\n|t:|1776099860\n|move|p1b: Raichu|Fake Out|p2b: Rotom\n|-damage|p2b: Rotom|93/100\n|cant|p2b: Rotom|flinch\n|move|p2a: Garchomp|Earthquake|p1a: Chesnaught|[spread] p1a,p1b\n|-immune|p2b: Rotom|[from] ability: Levitate\n|-resisted|p1a: Chesnaught|1\n|-supereffective|p1b: Raichu|1\n|-damage|p1a: Chesnaught|69/100\n|-enditem|p1b: Raichu|Focus Sash\n|-damage|p1b: Raichu|1/100\n|move|p1a: Chesnaught|Body Press|p2a: Garchomp\n|-damage|p2a: Garchomp|0 fnt\n|faint|p2a: Garchomp\n|\n|-weather|Snowscape|[upkeep]\n|upkeep\n|turn|5\n|\n|t:|1776099875\n|move|p1a: Chesnaught|Wide Guard|p1a: Chesnaught\n|-singleturn|p1a: Chesnaught|Wide Guard\n|move|p2b: Rotom|Blizzard|p1a: Chesnaught|[spread] \n|-activate|p1a: Chesnaught|move: Wide Guard\n|-activate|p1b: Raichu|move: Wide Guard\n|move|p1b: Raichu|Thunderbolt|p2b: Rotom\n|-resisted|p2b: Rotom|1\n|-damage|p2b: Rotom|68/100\n|\n|-weather|Snowscape|[upkeep]\n|upkeep\n|turn|6\n|\n|t:|1776099886\n|move|p1a: Chesnaught|Wide Guard|p1a: Chesnaught\n|-singleturn|p1a: Chesnaught|Wide Guard\n|move|p2b: Rotom|Blizzard|p1a: Chesnaught|[spread] \n|-activate|p1a: Chesnaught|move: Wide Guard\n|-activate|p1b: Raichu|move: Wide Guard\n|move|p1b: Raichu|Thunderbolt|p2b: Rotom\n|-resisted|p2b: Rotom|1\n|-damage|p2b: Rotom|45/100\n|\n|-weather|none\n|upkeep\n|turn|7\n|\n|t:|1776099891\n|move|p1a: Chesnaught|Wide Guard|p1a: Chesnaught\n|-singleturn|p1a: Chesnaught|Wide Guard\n|move|p2b: Rotom|Blizzard|p1a: Chesnaught|[spread] \n|-activate|p1a: Chesnaught|move: Wide Guard\n|-activate|p1b: Raichu|move: Wide Guard\n|move|p1b: Raichu|Thunderbolt|p2b: Rotom\n|-resisted|p2b: Rotom|1\n|-damage|p2b: Rotom|20/100\n|\n|upkeep\n|turn|8\n|-message|ohaimiles forfeited.\n|\n|win|ruirivers\n|raw|ruirivers's rating: 1253 &rarr; <strong>1275</strong><br />(+22 for winning)\n|raw|ohaimiles's rating: 1209 &rarr; <strong>1187</strong><br />(-22 for losing)\n",
  "uploadtime": 1776099895,
  "views": 13,
  "formatid": "gen9championsvgc2026regma",
  "rating": 1187,
  "private": 0,
  "password": null
}