{
  "id": "gen9championsvgc2026regma-2581285278",
  "format": "[Gen 9 Champions] VGC 2026 Reg M-A",
  "players": [
    "JadenJubel",
    "hsnoob"
  ],
  "log": "|j|\u2606JadenJubel\n|j|\u2606hsnoob\n|t:|1775981339\n|gametype|doubles\n|player|p1|JadenJubel|emmet|1080\n|player|p2|hsnoob|unknown|1077\n|gen|9\n|tier|[Gen 9 Champions] VGC 2026 Reg M-A\n|rated|\n|rule|Species Clause: Limit one of each Pok\u00e9mon\n|rule|Item Clause: Limit 1 of each item\n|clearpoke\n|poke|p1|Tyranitar, L50, M|\n|poke|p1|Garchomp, L50, M|\n|poke|p1|Armarouge, L50, F|\n|poke|p1|Sinistcha, L50|\n|poke|p1|Rotom-Wash, L50|\n|poke|p1|Incineroar, L50, M|\n|poke|p2|Tyranitar, L50, F|\n|poke|p2|Garchomp, L50, M|\n|poke|p2|Meowstic, L50, M|\n|poke|p2|Gardevoir, L50, F|\n|poke|p2|Torkoal, L50, F|\n|poke|p2|Ceruledge, L50, M|\n|teampreview|4\n|inactive|Battle timer is ON: inactive players will automatically lose when time's up. (requested by hsnoob)\n|\n|t:|1775981366\n|teamsize|p1|4\n|teamsize|p2|4\n|start\n|switch|p1a: Tyranitar|Tyranitar, L50, M|100/100\n|switch|p1b: Garchomp|Garchomp, L50, M|100/100\n|switch|p2a: Meowstic|Meowstic, L50, M|100/100\n|switch|p2b: Garchomp|Garchomp, L50, M|100/100\n|-weather|Sandstorm|[from] ability: Sand Stream|[of] p1a: Tyranitar\n|turn|1\n|inactive|hsnoob has 30 seconds left.\n|\n|t:|1775981391\n|switch|p1a: Rotom|Rotom-Wash, L50|100/100\n|move|p2a: Meowstic|Fake Out|p1b: Garchomp\n|-damage|p1b: Garchomp|96/100\n|move|p2b: Garchomp|Stealth Rock|p1a: Rotom\n|-sidestart|p1: JadenJubel|move: Stealth Rock\n|cant|p1b: Garchomp|flinch\n|\n|-weather|Sandstorm|[upkeep]\n|-damage|p2a: Meowstic|94/100|[from] Sandstorm\n|-damage|p1a: Rotom|95/100|[from] Sandstorm\n|-heal|p1a: Rotom|100/100|[from] item: Leftovers\n|upkeep\n|turn|2\n|\n|t:|1775981411\n|move|p2b: Garchomp|Protect|p2b: Garchomp\n|-singleturn|p2b: Garchomp|Protect\n|move|p2a: Meowstic|Reflect|p2a: Meowstic\n|-sidestart|p2: hsnoob|Reflect\n|move|p1b: Garchomp|Earthquake|p2a: Meowstic|[spread] p2a\n|-activate|p2b: Garchomp|move: Protect\n|-immune|p1a: Rotom|[from] ability: Levitate\n|-damage|p2a: Meowstic|65/100\n|move|p1a: Rotom|Hydro Pump|p2b: Garchomp\n|-activate|p2b: Garchomp|move: Protect\n|\n|-weather|Sandstorm|[upkeep]\n|-damage|p2a: Meowstic|59/100|[from] Sandstorm\n|-damage|p1a: Rotom|95/100|[from] Sandstorm\n|-heal|p1a: Rotom|100/100|[from] item: Leftovers\n|upkeep\n|turn|3\n|\n|t:|1775981434\n|move|p2a: Meowstic|Light Screen|p2a: Meowstic\n|-sidestart|p2: hsnoob|move: Light Screen\n|move|p2b: Garchomp|Dragon Claw|p1b: Garchomp|[miss]\n|-miss|p2b: Garchomp|p1b: Garchomp\n|move|p1b: Garchomp|Earthquake|p2a: Meowstic|[spread] p2a,p2b\n|-immune|p1a: Rotom|[from] ability: Levitate\n|-damage|p2a: Meowstic|25/100\n|-damage|p2b: Garchomp|73/100\n|move|p1a: Rotom|Hydro Pump|p2b: Garchomp\n|-damage|p2b: Garchomp|32/100\n|\n|-weather|Sandstorm|[upkeep]\n|-damage|p2a: Meowstic|19/100|[from] Sandstorm\n|-damage|p1a: Rotom|95/100|[from] Sandstorm\n|-heal|p1a: Rotom|100/100|[from] item: Leftovers\n|upkeep\n|turn|4\n|inactive|JadenJubel has 30 seconds left.\n|\n|t:|1775981463\n|switch|p2a: Torkoal|Torkoal, L50, F|100/100\n|-weather|SunnyDay|[from] ability: Drought|[of] p2a: Torkoal\n|move|p2b: Garchomp|Dragon Claw|p1b: Garchomp\n|-supereffective|p1b: Garchomp|1\n|-damage|p1b: Garchomp|7/100\n|move|p1b: Garchomp|Earthquake|p2a: Torkoal|[spread] p2a,p2b\n|-immune|p1a: Rotom|[from] ability: Levitate\n|-supereffective|p2a: Torkoal|1\n|-damage|p2a: Torkoal|53/100\n|-damage|p2b: Garchomp|4/100\n|move|p1a: Rotom|Hydro Pump|p2b: Garchomp|[miss]\n|-miss|p1a: Rotom|p2b: Garchomp\n|\n|-weather|SunnyDay|[upkeep]\n|upkeep\n|turn|5\n|inactive|JadenJubel has 30 seconds left.\n|inactive|hsnoob has 30 seconds left.\n|\n|t:|1775981491\n|switch|p1b: Sinistcha|Sinistcha, L50, shiny|100/100\n|-damage|p1b: Sinistcha|88/100|[from] Stealth Rock\n|move|p2b: Garchomp|Protect|p2b: Garchomp\n|-singleturn|p2b: Garchomp|Protect\n|move|p1a: Rotom|Protect|p1a: Rotom\n|-singleturn|p1a: Rotom|Protect\n|move|p2a: Torkoal|Lava Plume|p1b: Sinistcha|[spread] p1b\n|-activate|p2b: Garchomp|move: Protect\n|-activate|p1a: Rotom|move: Protect\n|-supereffective|p1b: Sinistcha|1\n|-crit|p1b: Sinistcha\n|-damage|p1b: Sinistcha|0 fnt\n|faint|p1b: Sinistcha\n|\n|-weather|SunnyDay|[upkeep]\n|upkeep\n|\n|t:|1775981506\n|switch|p1b: Tyranitar|Tyranitar, L50, M|100/100\n|-damage|p1b: Tyranitar|88/100|[from] Stealth Rock\n|-weather|Sandstorm|[from] ability: Sand Stream|[of] p1b: Tyranitar\n|turn|6\n|\n|t:|1775981529\n|switch|p2b: Ceruledge|Ceruledge, L50, M, shiny|100/100\n|move|p1a: Rotom|Hydro Pump|p2a: Torkoal\n|-supereffective|p2a: Torkoal|1\n|-damage|p2a: Torkoal|0 fnt\n|faint|p2a: Torkoal\n|move|p1b: Tyranitar|Low Kick|p2b: Ceruledge\n|-immune|p2b: Ceruledge\n|\n|-weather|Sandstorm|[upkeep]\n|-damage|p2b: Ceruledge|95/100|[from] Sandstorm\n|-damage|p1a: Rotom|95/100|[from] Sandstorm\n|-heal|p1a: Rotom|100/100|[from] item: Leftovers\n|-sideend|p2: hsnoob|Reflect\n|upkeep\n|\n|t:|1775981547\n|switch|p2a: Meowstic|Meowstic, L50, M|19/100\n|turn|7\n|\n|t:|1775981566\n|detailschange|p1b: Tyranitar|Tyranitar-Mega, L50, M\n|-mega|p1b: Tyranitar|Tyranitar|Tyranitarite\n|move|p2a: Meowstic|Reflect|p2a: Meowstic\n|-sidestart|p2: hsnoob|Reflect\n|move|p2b: Ceruledge|Close Combat|p1b: Tyranitar\n|-supereffective|p1b: Tyranitar|2\n|-crit|p1b: Tyranitar\n|-damage|p1b: Tyranitar|0 fnt\n|-unboost|p2b: Ceruledge|def|1\n|-unboost|p2b: Ceruledge|spd|1\n|faint|p1b: Tyranitar\n|move|p1a: Rotom|Hydro Pump|p2b: Ceruledge|[miss]\n|-miss|p1a: Rotom|p2b: Ceruledge\n|\n|-weather|Sandstorm|[upkeep]\n|-damage|p2a: Meowstic|13/100|[from] Sandstorm\n|-damage|p2b: Ceruledge|89/100|[from] Sandstorm\n|-damage|p1a: Rotom|95/100|[from] Sandstorm\n|-heal|p1a: Rotom|100/100|[from] item: Leftovers\n|-sideend|p2: hsnoob|move: Light Screen\n|upkeep\n|\n|t:|1775981581\n|switch|p1b: Garchomp|Garchomp, L50, M|7/100\n|-damage|p1b: Garchomp|1/100|[from] Stealth Rock\n|turn|8\n|\n|t:|1775981590\n|move|p1b: Garchomp|Protect|p1b: Garchomp\n|-singleturn|p1b: Garchomp|Protect\n|move|p2a: Meowstic|Light Screen|p2a: Meowstic\n|-sidestart|p2: hsnoob|move: Light Screen\n|move|p2b: Ceruledge|Shadow Sneak|p1b: Garchomp\n|-activate|p1b: Garchomp|move: Protect\n|move|p1a: Rotom|Hydro Pump|p2b: Ceruledge\n|-supereffective|p2b: Ceruledge|1\n|-damage|p2b: Ceruledge|0 fnt\n|faint|p2b: Ceruledge\n|\n|-weather|Sandstorm|[upkeep]\n|-damage|p2a: Meowstic|7/100|[from] Sandstorm\n|-damage|p1a: Rotom|95/100|[from] Sandstorm\n|-heal|p1a: Rotom|100/100|[from] item: Leftovers\n|upkeep\n|\n|t:|1775981597\n|switch|p2b: Garchomp|Garchomp, L50, M|4/100\n|turn|9\n|\n|t:|1775981618\n|move|p1b: Garchomp|Protect||[still]\n|-fail|p1b: Garchomp\n|move|p2a: Meowstic|Reflect||[still]\n|-fail|p2a: Meowstic\n|move|p2b: Garchomp|Dragon Claw|p1a: Rotom\n|-damage|p1a: Rotom|48/100\n|move|p1a: Rotom|Hydro Pump|p2b: Garchomp|[miss]\n|-miss|p1a: Rotom|p2b: Garchomp\n|\n|-weather|Sandstorm|[upkeep]\n|-damage|p2a: Meowstic|0 fnt|[from] Sandstorm\n|-damage|p1a: Rotom|42/100|[from] Sandstorm\n|faint|p2a: Meowstic\n|-heal|p1a: Rotom|48/100|[from] item: Leftovers\n|upkeep\n|turn|10\n|inactive|hsnoob has 30 seconds left.\n|\n|t:|1775981646\n|move|p1a: Rotom|Protect|p1a: Rotom\n|-singleturn|p1a: Rotom|Protect\n|move|p2b: Garchomp|Dragon Claw|p1a: Rotom\n|-activate|p1a: Rotom|move: Protect\n|move|p1b: Garchomp|Earthquake|p2b: Garchomp|[spread] p2b\n|-activate|p1a: Rotom|move: Protect\n|-damage|p2b: Garchomp|0 fnt\n|faint|p2b: Garchomp\n|\n|win|JadenJubel\n|raw|JadenJubel's rating: 1080 &rarr; <strong>1108</strong><br />(+28 for winning)\n|raw|hsnoob's rating: 1077 &rarr; <strong>1056</strong><br />(-21 for losing)\n|l|\u2606hsnoob\n|player|p2|\n",
  "uploadtime": 1775981663,
  "views": 15,
  "formatid": "gen9championsvgc2026regma",
  "rating": 1056,
  "private": 0,
  "password": null
}