{
  "id": "gen9championsvgc2026regma-2582366609",
  "format": "[Gen 9 Champions] VGC 2026 Reg M-A",
  "players": [
    "srotolo",
    "cap_sadic"
  ],
  "log": "|j|\u2606srotolo\n|j|\u203dcap_sadic\n|t:|1776086794\n|gametype|doubles\n|player|p1|srotolo|hiker-gen4|1189\n|player|p2|cap_sadic|101|1100\n|gen|9\n|tier|[Gen 9 Champions] VGC 2026 Reg M-A\n|rated|\n|rule|Species Clause: Limit one of each Pok\u00e9mon\n|rule|Item Clause: Limit 1 of each item\n|clearpoke\n|poke|p1|Lopunny, L50, F|\n|poke|p1|Basculegion, L50, M|\n|poke|p1|Pelipper, L50, M|\n|poke|p1|Archaludon, L50, F|\n|poke|p1|Sinistcha, L50|\n|poke|p1|Incineroar, L50, M|\n|poke|p2|Blastoise, L50, F|\n|poke|p2|Aerodactyl, L50, F|\n|poke|p2|Talonflame, L50, M|\n|poke|p2|Basculegion, L50, M|\n|poke|p2|Archaludon, L50, M|\n|poke|p2|Sneasler, L50, M|\n|teampreview|4\n|\n|t:|1776086842\n|teamsize|p1|4\n|teamsize|p2|4\n|start\n|switch|p1a: Lopunny|Lopunny, L50, F|100/100\n|switch|p1b: Basculegion|Basculegion, L50, M|100/100\n|switch|p2a: Talonflame|Talonflame, L50, M|100/100\n|switch|p2b: Archaludon|Archaludon, L50, M|100/100\n|turn|1\n|\n|t:|1776086859\n|detailschange|p1a: Lopunny|Lopunny-Mega, L50, F\n|-mega|p1a: Lopunny|Lopunny|Lopunnite\n|move|p2a: Talonflame|Protect|p2a: Talonflame\n|-singleturn|p2a: Talonflame|Protect\n|move|p2b: Archaludon|Protect|p2b: Archaludon\n|-singleturn|p2b: Archaludon|Protect\n|move|p1a: Lopunny|Fake Out|p2a: Talonflame\n|-activate|p2a: Talonflame|move: Protect\n|move|p1b: Basculegion|Aqua Jet|p2a: Talonflame\n|-activate|p2a: Talonflame|move: Protect\n|\n|upkeep\n|turn|2\n|\n|t:|1776086881\n|move|p2a: Talonflame|Tailwind|p2a: Talonflame\n|-sidestart|p2: cap_sadic|move: Tailwind\n|move|p2b: Archaludon|Draco Meteor|p1a: Lopunny|[miss]\n|-miss|p2b: Archaludon|p1a: Lopunny\n|move|p1a: Lopunny|Rain Dance|p1a: Lopunny\n|-weather|RainDance\n|move|p1b: Basculegion|Wave Crash|p2a: Talonflame\n|-supereffective|p2a: Talonflame|1\n|-enditem|p2a: Talonflame|Focus Sash\n|-damage|p2a: Talonflame|1/100\n|-damage|p1b: Basculegion|70/100|[from] Recoil\n|\n|-weather|RainDance|[upkeep]\n|upkeep\n|turn|3\n|\n|t:|1776086904\n|move|p1b: Basculegion|Aqua Jet|p2a: Talonflame\n|-supereffective|p2a: Talonflame|1\n|-damage|p2a: Talonflame|0 fnt\n|faint|p2a: Talonflame\n|move|p2b: Archaludon|Electro Shot||[still]\n|-prepare|p2b: Archaludon|Electro Shot\n|-boost|p2b: Archaludon|spa|1\n|-anim|p2b: Archaludon|Electro Shot|p1b: Basculegion\n|-supereffective|p1b: Basculegion|1\n|-damage|p1b: Basculegion|0 fnt\n|faint|p1b: Basculegion\n|move|p1a: Lopunny|Close Combat|p2b: Archaludon\n|-supereffective|p2b: Archaludon|1\n|-ability|p2b: Archaludon|Sturdy\n|-damage|p2b: Archaludon|1/100\n|-unboost|p1a: Lopunny|def|1\n|-unboost|p1a: Lopunny|spd|1\n|\n|-weather|RainDance|[upkeep]\n|-heal|p2b: Archaludon|7/100|[from] item: Leftovers\n|upkeep\n|\n|t:|1776086919\n|switch|p2a: Blastoise|Blastoise, L50, F|100/100\n|switch|p1b: Archaludon|Archaludon, L50, F|100/100\n|turn|4\n|\n|t:|1776086933\n|detailschange|p2a: Blastoise|Blastoise-Mega, L50, F\n|-mega|p2a: Blastoise|Blastoise|Blastoisinite\n|move|p1a: Lopunny|Protect|p1a: Lopunny\n|-singleturn|p1a: Lopunny|Protect\n|move|p1b: Archaludon|Protect|p1b: Archaludon\n|-singleturn|p1b: Archaludon|Protect\n|move|p2b: Archaludon|Draco Meteor|p1b: Archaludon\n|-activate|p1b: Archaludon|move: Protect\n|move|p2a: Blastoise|Water Spout|p1b: Archaludon|[spread] \n|-activate|p1a: Lopunny|move: Protect\n|-activate|p1b: Archaludon|move: Protect\n|\n|-weather|RainDance|[upkeep]\n|-heal|p2b: Archaludon|13/100|[from] item: Leftovers\n|upkeep\n|turn|5\n|\n|t:|1776086951\n|move|p2b: Archaludon|Draco Meteor|p1b: Archaludon|[miss]\n|-miss|p2b: Archaludon|p1b: Archaludon\n|move|p1a: Lopunny|Close Combat|p2a: Blastoise\n|-damage|p2a: Blastoise|44/100\n|-unboost|p1a: Lopunny|def|1\n|-unboost|p1a: Lopunny|spd|1\n|move|p2a: Blastoise|Water Spout|p1b: Archaludon|[spread] p1a,p1b\n|-resisted|p1b: Archaludon|1\n|-damage|p1a: Lopunny|0 fnt\n|-damage|p1b: Archaludon|68/100\n|faint|p1a: Lopunny\n|move|p1b: Archaludon|Electro Shot||[still]\n|-prepare|p1b: Archaludon|Electro Shot\n|-boost|p1b: Archaludon|spa|1\n|-anim|p1b: Archaludon|Electro Shot|p2a: Blastoise\n|-supereffective|p2a: Blastoise|1\n|-damage|p2a: Blastoise|0 fnt\n|faint|p2a: Blastoise\n|\n|-weather|RainDance|[upkeep]\n|-heal|p2b: Archaludon|19/100|[from] item: Leftovers\n|-sideend|p2: cap_sadic|move: Tailwind\n|upkeep\n|\n|t:|1776086961\n|switch|p1a: Sinistcha|Sinistcha, L50|100/100\n|switch|p2a: Basculegion|Basculegion, L50, M|100/100\n|-heal|p1b: Archaludon|92/100|[from] ability: Hospitality|[of] p1a: Sinistcha\n|turn|6\n|\n|t:|1776086970\n|move|p1a: Sinistcha|Rage Powder|p1a: Sinistcha\n|-singleturn|p1a: Sinistcha|move: Rage Powder\n|move|p2a: Basculegion|Last Respects|p1a: Sinistcha\n|-supereffective|p1a: Sinistcha|1\n|-damage|p1a: Sinistcha|0 fnt\n|faint|p1a: Sinistcha\n|move|p2b: Archaludon|Draco Meteor|p1b: Archaludon|[miss]\n|-miss|p2b: Archaludon|p1b: Archaludon\n|move|p1b: Archaludon|Electro Shot||[still]\n|-prepare|p1b: Archaludon|Electro Shot\n|-boost|p1b: Archaludon|spa|1\n|-anim|p1b: Archaludon|Electro Shot|p2a: Basculegion\n|-supereffective|p2a: Basculegion|1\n|-damage|p2a: Basculegion|0 fnt\n|faint|p2a: Basculegion\n|\n|-weather|none\n|-heal|p2b: Archaludon|25/100|[from] item: Leftovers\n|upkeep\n|turn|7\n|\n|t:|1776086981\n|move|p2b: Archaludon|Draco Meteor|p1b: Archaludon\n|-damage|p1b: Archaludon|0 fnt\n|-unboost|p2b: Archaludon|spa|2\n|faint|p1b: Archaludon\n|\n|win|cap_sadic\n|raw|srotolo's rating: 1189 &rarr; <strong>1158</strong><br />(-31 for losing)\n|raw|cap_sadic's rating: 1100 &rarr; <strong>1131</strong><br />(+31 for winning)\n|l|\u2606srotolo\n|player|p1|\n",
  "uploadtime": 1776086996,
  "views": 12,
  "formatid": "gen9championsvgc2026regma",
  "rating": 1131,
  "private": 0,
  "password": null
}