{
  "id": "gen9championsvgc2026regma-2583039543",
  "format": "[Gen 9 Champions] VGC 2026 Reg M-A",
  "players": [
    "KogaAF1219",
    "Volk0Nara"
  ],
  "log": "|j|\u2606KogaAF1219\n|j|\u2606Volk0Nara\n|t:|1776135727\n|gametype|doubles\n|player|p1|KogaAF1219|koga|1215\n|player|p2|Volk0Nara|nate|1181\n|gen|9\n|tier|[Gen 9 Champions] VGC 2026 Reg M-A\n|rated|\n|rule|Species Clause: Limit one of each Pok\u00e9mon\n|rule|Item Clause: Limit 1 of each item\n|clearpoke\n|poke|p1|Torkoal, L50, M|\n|poke|p1|Venusaur, L50, M|\n|poke|p1|Incineroar, L50, F|\n|poke|p1|Farigiraf, L50, F|\n|poke|p1|Rotom-Fan, L50|\n|poke|p1|Excadrill, L50, F|\n|poke|p2|Pelipper, L50, F|\n|poke|p2|Archaludon, L50, F|\n|poke|p2|Palafin, L50, M|\n|poke|p2|Sneasler, L50, F|\n|poke|p2|Dragonite, L50, M|\n|poke|p2|Sinistcha, L50|\n|teampreview|4\n|\n|t:|1776135753\n|teamsize|p1|4\n|teamsize|p2|4\n|start\n|switch|p1a: Venusaur|Venusaur, L50, M|100/100\n|switch|p1b: Rotom|Rotom-Fan, L50|100/100\n|switch|p2a: Palafin|Palafin, L50, M|100/100\n|switch|p2b: Archaludon|Archaludon, L50, F|100/100\n|turn|1\n|inactive|Battle timer is ON: inactive players will automatically lose when time's up. (requested by Volk0Nara)\n|\n|t:|1776135769\n|move|p2a: Palafin|Flip Turn|p1b: Rotom\n|-damage|p1b: Rotom|79/100\n|\n|t:|1776135773\n|detailschange|p2a: Palafin|Palafin-Hero, L50, M\n|switch|p2a: Pelipper|Pelipper, L50, F|100/100|[from] Flip Turn\n|-weather|RainDance|[from] ability: Drizzle|[of] p2a: Pelipper\n|move|p1b: Rotom|Volt Switch|p2a: Pelipper\n|-supereffective|p2a: Pelipper|2\n|-enditem|p2a: Pelipper|Focus Sash\n|-damage|p2a: Pelipper|1/100\n|\n|t:|1776135788\n|switch|p1b: Torkoal|Torkoal, L50, M|100/100|[from] Volt Switch\n|-weather|SunnyDay|[from] ability: Drought|[of] p1b: Torkoal\n|move|p1a: Venusaur|Sleep Powder|p2b: Archaludon\n|-status|p2b: Archaludon|slp|[from] move: Sleep Powder\n|cant|p2b: Archaludon|slp\n|\n|-weather|SunnyDay|[upkeep]\n|upkeep\n|turn|2\n|\n|t:|1776135804\n|switch|p2a: Palafin|Palafin-Hero, L50, M|100/100\n|-activate|p2a: Palafin|ability: Zero to Hero\n|move|p1a: Venusaur|Giga Drain|p2a: Palafin\n|-supereffective|p2a: Palafin|1\n|-damage|p2a: Palafin|26/100\n|cant|p2b: Archaludon|slp\n|move|p1b: Torkoal|Eruption|p2a: Palafin|[spread] p2a,p2b\n|-resisted|p2a: Palafin|1\n|-damage|p2a: Palafin|0 fnt\n|-damage|p2b: Archaludon|25/100 slp\n|-ability|p2b: Archaludon|Stamina|boost\n|-boost|p2b: Archaludon|def|1\n|faint|p2a: Palafin\n|\n|-weather|SunnyDay|[upkeep]\n|-heal|p2b: Archaludon|31/100 slp|[from] item: Leftovers\n|upkeep\n|\n|t:|1776135815\n|switch|p2a: Pelipper|Pelipper, L50, F|1/100\n|-weather|RainDance|[from] ability: Drizzle|[of] p2a: Pelipper\n|turn|3\n|\n|t:|1776135822\n|switch|p1b: Farigiraf|Farigiraf, L50, F|100/100\n|move|p1a: Venusaur|Protect|p1a: Venusaur\n|-singleturn|p1a: Venusaur|Protect\n|move|p2a: Pelipper|Hurricane|p1a: Venusaur\n|-activate|p1a: Venusaur|move: Protect\n|-curestatus|p2b: Archaludon|slp|[msg]\n|move|p2b: Archaludon|Electro Shot||[still]\n|-prepare|p2b: Archaludon|Electro Shot\n|-boost|p2b: Archaludon|spa|1\n|-anim|p2b: Archaludon|Electro Shot|p1b: Farigiraf\n|-damage|p1b: Farigiraf|49/100\n|\n|-weather|RainDance|[upkeep]\n|-heal|p2b: Archaludon|38/100|[from] item: Leftovers\n|upkeep\n|turn|4\n|inactive|Volk0Nara has 30 seconds left.\n|\n|t:|1776135851\n|move|p1a: Venusaur|Sleep Powder|p2b: Archaludon\n|-status|p2b: Archaludon|slp|[from] move: Sleep Powder\n|move|p2a: Pelipper|Tailwind|p2a: Pelipper\n|-sidestart|p2: Volk0Nara|move: Tailwind\n|cant|p2b: Archaludon|slp\n|move|p1b: Farigiraf|Hyper Voice|p2b: Archaludon|[spread] p2a,p2b\n|-resisted|p2b: Archaludon|1\n|-damage|p2a: Pelipper|0 fnt\n|-damage|p2b: Archaludon|25/100 slp\n|-ability|p2b: Archaludon|Stamina|boost\n|-boost|p2b: Archaludon|def|1\n|faint|p2a: Pelipper\n|\n|-weather|RainDance|[upkeep]\n|-heal|p2b: Archaludon|31/100 slp|[from] item: Leftovers\n|upkeep\n|\n|t:|1776135859\n|switch|p2a: Sneasler|Sneasler, L50, F|100/100\n|turn|5\n|\n|t:|1776135869\n|move|p2a: Sneasler|Protect|p2a: Sneasler\n|-singleturn|p2a: Sneasler|Protect\n|cant|p2b: Archaludon|slp\n|move|p1a: Venusaur|Sludge Bomb|p2a: Sneasler\n|-activate|p2a: Sneasler|move: Protect\n|move|p1b: Farigiraf|Trick Room|p1b: Farigiraf\n|-fieldstart|move: Trick Room|[of] p1b: Farigiraf\n|\n|-weather|RainDance|[upkeep]\n|-heal|p2b: Archaludon|38/100 slp|[from] item: Leftovers\n|upkeep\n|turn|6\n|\n|t:|1776135879\n|move|p2a: Sneasler|Protect||[still]\n|-fail|p2a: Sneasler\n|move|p1b: Farigiraf|Hyper Voice|p2a: Sneasler|[spread] p2a,p2b\n|-resisted|p2b: Archaludon|1\n|-damage|p2a: Sneasler|71/100\n|-damage|p2b: Archaludon|25/100 slp\n|-ability|p2b: Archaludon|Stamina|boost\n|-boost|p2b: Archaludon|def|1\n|move|p1a: Venusaur|Giga Drain|p2a: Sneasler\n|-resisted|p2a: Sneasler|1\n|-damage|p2a: Sneasler|49/100\n|-curestatus|p2b: Archaludon|slp|[msg]\n|move|p2b: Archaludon|Flash Cannon|p1b: Farigiraf\n|-damage|p1b: Farigiraf|0 fnt\n|faint|p1b: Farigiraf\n|\n|-weather|RainDance|[upkeep]\n|-heal|p2b: Archaludon|31/100|[from] item: Leftovers\n|upkeep\n|\n|t:|1776135884\n|switch|p1b: Torkoal|Torkoal, L50, M|100/100\n|-weather|SunnyDay|[from] ability: Drought|[of] p1b: Torkoal\n|turn|7\n|\n|t:|1776135901\n|detailschange|p1a: Venusaur|Venusaur-Mega, L50, M\n|-mega|p1a: Venusaur|Venusaur|Venusaurite\n|move|p2a: Sneasler|Protect|p2a: Sneasler\n|-singleturn|p2a: Sneasler|Protect\n|move|p1b: Torkoal|Eruption|p2a: Sneasler|[spread] p2b\n|-activate|p2a: Sneasler|move: Protect\n|-damage|p2b: Archaludon|0 fnt\n|faint|p2b: Archaludon\n|move|p1a: Venusaur|Sleep Powder|p2a: Sneasler\n|-activate|p2a: Sneasler|move: Protect\n|\n|-weather|SunnyDay|[upkeep]\n|-sideend|p2: Volk0Nara|move: Tailwind\n|upkeep\n|turn|8\n|-message|Volk0Nara forfeited.\n|\n|win|KogaAF1219\n|raw|KogaAF1219's rating: 1215 &rarr; <strong>1238</strong><br />(+23 for winning)\n|raw|Volk0Nara's rating: 1181 &rarr; <strong>1158</strong><br />(-23 for losing)\n|l|\u2606Volk0Nara\n|player|p2|\n|l|\u2606KogaAF1219\n|player|p1|\n|j|\u2606KogaAF1219\n|player|p1|KogaAF1219|koga|\n",
  "uploadtime": 1776135924,
  "views": 29,
  "formatid": "gen9championsvgc2026regma",
  "rating": 1158,
  "private": 0,
  "password": null
}