{
  "id": "gen9championsvgc2026regma-2580709612",
  "format": "[Gen 9 Champions] VGC 2026 Reg M-A",
  "players": [
    "JustDevi",
    "vgcsworstplayer"
  ],
  "log": "|j|\u2606JustDevi\n|j|\u2606vgcsworstplayer\n|t:|1775926122\n|gametype|doubles\n|player|p1|JustDevi|2|1000\n|player|p2|vgcsworstplayer|winona|1050\n|gen|9\n|tier|[Gen 9 Champions] VGC 2026 Reg M-A\n|rated|\n|rule|Species Clause: Limit one of each Pok\u00e9mon\n|rule|Item Clause: Limit 1 of each item\n|clearpoke\n|poke|p1|Archaludon, L50, M|\n|poke|p1|Sinistcha, L50|\n|poke|p1|Chesnaught, L50, M|\n|poke|p1|Basculegion, L50, M|\n|poke|p1|Pelipper, L50, M|\n|poke|p1|Heliolisk, L50, M|\n|poke|p2|Delphox, L50, M|\n|poke|p2|Sneasler, L50, M|\n|poke|p2|Clefable, L50, F|\n|poke|p2|Arcanine-Hisui, L50, F|\n|poke|p2|Dragonite, L50, F|\n|poke|p2|Araquanid, L50, M|\n|teampreview|4\n|inactive|Battle timer is ON: inactive players will automatically lose when time's up. (requested by vgcsworstplayer)\n|inactive|JustDevi has 60 seconds left.\n|inactive|vgcsworstplayer has 60 seconds left.\n|\n|t:|1775926170\n|teamsize|p1|4\n|teamsize|p2|4\n|start\n|switch|p1a: Basculegion|Basculegion, L50, M|100/100\n|switch|p1b: Chesnaught|Chesnaught, L50, M|100/100\n|switch|p2a: Dragonite|Dragonite, L50, F, shiny|100/100\n|switch|p2b: Arcanine|Arcanine-Hisui, L50, F, shiny|100/100\n|-ability|p2b: Arcanine|Intimidate|boost\n|-unboost|p1a: Basculegion|atk|1\n|-unboost|p1b: Chesnaught|atk|1\n|turn|1\n|\n|t:|1775926189\n|switch|p2b: Clefable|Clefable, L50, F|100/100\n|detailschange|p2a: Dragonite|Dragonite-Mega, L50, F, shiny\n|-mega|p2a: Dragonite|Dragonite|Dragoninite\n|detailschange|p1b: Chesnaught|Chesnaught-Mega, L50, M\n|-mega|p1b: Chesnaught|Chesnaught|Chesnaughtite\n|move|p1b: Chesnaught|Spiky Shield|p1b: Chesnaught\n|-singleturn|p1b: Chesnaught|move: Protect\n|move|p1a: Basculegion|Flip Turn|p2b: Clefable\n|-damage|p2b: Clefable|59/100\n|\n|t:|1775926202\n|switch|p1a: Sinistcha|Sinistcha, L50, shiny|100/100|[from] Flip Turn\n|move|p2a: Dragonite|Tailwind|p2a: Dragonite\n|-sidestart|p2: vgcsworstplayer|move: Tailwind\n|\n|upkeep\n|turn|2\n|\n|t:|1775926221\n|move|p2b: Clefable|Follow Me|p2b: Clefable\n|-singleturn|p2b: Clefable|move: Follow Me\n|move|p1a: Sinistcha|Rage Powder|p1a: Sinistcha\n|-singleturn|p1a: Sinistcha|move: Rage Powder\n|move|p2a: Dragonite|Hurricane|p1a: Sinistcha\n|-supereffective|p1a: Sinistcha|1\n|-damage|p1a: Sinistcha|0 fnt\n|faint|p1a: Sinistcha\n|move|p1b: Chesnaught|Leech Seed|p2b: Clefable\n|-start|p2b: Clefable|move: Leech Seed\n|\n|-damage|p2b: Clefable|47/100|[from] Leech Seed|[of] p1b: Chesnaught\n|upkeep\n|-enditem|p2b: Clefable|Sitrus Berry|[eat]\n|-heal|p2b: Clefable|71/100|[from] item: Sitrus Berry\n|\n|t:|1775926234\n|switch|p1a: Pelipper|Pelipper, L50, M|100/100\n|-weather|RainDance|[from] ability: Drizzle|[of] p1a: Pelipper\n|turn|3\n|\n|t:|1775926248\n|switch|p2b: Araquanid|Araquanid, L50, M, shiny|100/100\n|move|p2a: Dragonite|Thunder|p1a: Pelipper\n|-supereffective|p1a: Pelipper|2\n|-enditem|p1a: Pelipper|Focus Sash\n|-damage|p1a: Pelipper|1/100\n|move|p1a: Pelipper|Tailwind|p1a: Pelipper\n|-sidestart|p1: JustDevi|move: Tailwind\n|move|p1b: Chesnaught|Leech Seed|p2a: Dragonite\n|-start|p2a: Dragonite|move: Leech Seed\n|\n|-weather|RainDance|[upkeep]\n|-damage|p2a: Dragonite|88/100|[from] Leech Seed|[of] p1b: Chesnaught\n|upkeep\n|turn|4\n|inactive|vgcsworstplayer has 30 seconds left.\n|\n|t:|1775926280\n|switch|p2a: Arcanine|Arcanine-Hisui, L50, F, shiny|100/100\n|-ability|p2a: Arcanine|Intimidate|boost\n|-unboost|p1a: Pelipper|atk|1\n|-unboost|p1b: Chesnaught|atk|1\n|move|p1a: Pelipper|Hurricane|p2b: Araquanid\n|-supereffective|p2b: Araquanid|1\n|-damage|p2b: Araquanid|25/100\n|move|p1b: Chesnaught|Body Press|p2a: Arcanine\n|-supereffective|p2a: Arcanine|1\n|-damage|p2a: Arcanine|0 fnt\n|faint|p2a: Arcanine\n|move|p2b: Araquanid|Leech Life|p1b: Chesnaught\n|-damage|p1b: Chesnaught|83/100\n|-heal|p2b: Araquanid|35/100|[from] drain|[of] p1b: Chesnaught\n|\n|-weather|RainDance|[upkeep]\n|-heal|p2b: Araquanid|40/100|[from] item: Leftovers\n|-sideend|p2: vgcsworstplayer|move: Tailwind\n|upkeep\n|\n|t:|1775926291\n|switch|p2a: Clefable|Clefable, L50, F|71/100\n|turn|5\n|\n|t:|1775926305\n|move|p2a: Clefable|Follow Me|p2a: Clefable\n|-singleturn|p2a: Clefable|move: Follow Me\n|move|p1a: Pelipper|Hurricane|p2a: Clefable\n|-damage|p2a: Clefable|34/100\n|move|p1b: Chesnaught|Leech Seed|p2a: Clefable\n|-start|p2a: Clefable|move: Leech Seed\n|move|p2b: Araquanid|Leech Life|p1a: Pelipper\n|-resisted|p1a: Pelipper|1\n|-damage|p1a: Pelipper|0 fnt\n|-heal|p2b: Araquanid|41/100|[from] drain|[of] p1a: Pelipper\n|faint|p1a: Pelipper\n|\n|-weather|RainDance|[upkeep]\n|-heal|p2b: Araquanid|47/100|[from] item: Leftovers\n|-damage|p2a: Clefable|21/100|[from] Leech Seed|[of] p1b: Chesnaught\n|-heal|p1b: Chesnaught|96/100|[silent]\n|upkeep\n|\n|t:|1775926319\n|switch|p1a: Basculegion|Basculegion, L50, M|100/100\n|turn|6\n|\n|t:|1775926329\n|move|p2a: Clefable|Follow Me|p2a: Clefable\n|-singleturn|p2a: Clefable|move: Follow Me\n|move|p1a: Basculegion|Last Respects|p2a: Clefable\n|-damage|p2a: Clefable|0 fnt\n|faint|p2a: Clefable\n|move|p1b: Chesnaught|Body Press|p2b: Araquanid\n|-resisted|p2b: Araquanid|1\n|-damage|p2b: Araquanid|20/100\n|move|p2b: Araquanid|Leech Life|p1b: Chesnaught\n|-damage|p1b: Chesnaught|80/100\n|-heal|p2b: Araquanid|29/100|[from] drain|[of] p1b: Chesnaught\n|\n|-weather|RainDance|[upkeep]\n|-heal|p2b: Araquanid|35/100|[from] item: Leftovers\n|-sideend|p1: JustDevi|move: Tailwind\n|upkeep\n|\n|t:|1775926336\n|switch|p2a: Dragonite|Dragonite-Mega, L50, F, shiny|88/100\n|turn|7\n|\n|t:|1775926350\n|move|p1a: Basculegion|Last Respects|p2a: Dragonite\n|-damage|p2a: Dragonite|0 fnt\n|faint|p2a: Dragonite\n|move|p1b: Chesnaught|Leech Seed|p2b: Araquanid\n|-start|p2b: Araquanid|move: Leech Seed\n|move|p2b: Araquanid|Liquidation|p1a: Basculegion\n|-resisted|p1a: Basculegion|1\n|-damage|p1a: Basculegion|41/100\n|\n|-weather|none\n|-heal|p2b: Araquanid|40/100|[from] item: Leftovers\n|-damage|p2b: Araquanid|28/100|[from] Leech Seed|[of] p1b: Chesnaught\n|-heal|p1b: Chesnaught|91/100|[silent]\n|upkeep\n|turn|8\n|-message|vgcsworstplayer forfeited.\n|\n|win|JustDevi\n|raw|JustDevi's rating: 1000 &rarr; <strong>1046</strong><br />(+46 for winning)\n|raw|vgcsworstplayer's rating: 1050 &rarr; <strong>1030</strong><br />(-20 for losing)\n|l|\u2606vgcsworstplayer\n|player|p2|\n",
  "uploadtime": 1775926363,
  "views": 21,
  "formatid": "gen9championsvgc2026regma",
  "rating": 1030,
  "private": 0,
  "password": null
}