{
  "id": "gen9championsvgc2026regma-2581938381",
  "format": "[Gen 9 Champions] VGC 2026 Reg M-A",
  "players": [
    "viatable",
    "pikipek dab"
  ],
  "log": "|j|\u2606viatable\n|j|\u2606pikipek dab\n|t:|1776041470\n|gametype|doubles\n|player|p1|viatable|266|\n|player|p2|pikipek dab|1|\n|gen|9\n|tier|[Gen 9 Champions] VGC 2026 Reg M-A\n|rated|Tournament battle\n|rule|Species Clause: Limit one of each Pok\u00e9mon\n|rule|Item Clause: Limit 1 of each item\n|clearpoke\n|poke|p1|Ninetales-Alola, L50, M|\n|poke|p1|Delphox, L50, F|\n|poke|p1|Conkeldurr, L50, M|\n|poke|p1|Samurott-Hisui, L50, M|\n|poke|p1|Farigiraf, L50, F|\n|poke|p1|Meganium, L50, F|\n|poke|p2|Gardevoir, L50, F|\n|poke|p2|Corviknight, L50, M|\n|poke|p2|Rotom-Wash, L50|\n|poke|p2|Incineroar, L50, M|\n|poke|p2|Garchomp, L50, M|\n|poke|p2|Sinistcha, L50|\n|teampreview|4\n|inactive|Battle timer is ON: inactive players will automatically lose when time's up. (requested by viatable)\n|inactive|viatable has 60 seconds left.\n|c|\u2606pikipek dab|glhf!\n|c|\u2606viatable|glhf!\n|inactive|viatable has 30 seconds left.\n|inactive|viatable has 20 seconds left.\n|\n|t:|1776041551\n|teamsize|p1|4\n|teamsize|p2|4\n|start\n|switch|p1a: Farigiraf|Farigiraf, L50, F|100/100\n|switch|p1b: Ninetales|Ninetales-Alola, L50, M|100/100\n|switch|p2a: Corviknight|Corviknight, L50, M|100/100\n|switch|p2b: Incineroar|Incineroar, L50, M, shiny|100/100\n|-weather|Snowscape|[from] ability: Snow Warning|[of] p1b: Ninetales\n|-ability|p2b: Incineroar|Intimidate|boost\n|-unboost|p1a: Farigiraf|atk|1\n|-unboost|p1b: Ninetales|atk|1\n|turn|1\n|inactive|pikipek dab has 30 seconds left.\n|inactive|pikipek dab has 20 seconds left.\n|\n|t:|1776041590\n|move|p1b: Ninetales|Aurora Veil|p1b: Ninetales\n|-sidestart|p1: viatable|move: Aurora Veil\n|move|p2a: Corviknight|Iron Head|p1b: Ninetales\n|-supereffective|p1b: Ninetales|2\n|-damage|p1b: Ninetales|50/100\n|-enditem|p1b: Ninetales|Sitrus Berry|[eat]\n|-heal|p1b: Ninetales|75/100|[from] item: Sitrus Berry\n|move|p2b: Incineroar|Darkest Lariat|p1b: Ninetales\n|-resisted|p1b: Ninetales|1\n|-damage|p1b: Ninetales|66/100\n|move|p1a: Farigiraf|Psychic|p2a: Corviknight\n|-resisted|p2a: Corviknight|1\n|-crit|p2a: Corviknight\n|-damage|p2a: Corviknight|78/100\n|-ability|p2a: Corviknight|Mirror Armor\n|-unboost|p1a: Farigiraf|spd|1\n|\n|-weather|Snowscape|[upkeep]\n|upkeep\n|turn|2\n|\n|t:|1776041612\n|switch|p1a: Samurott|Samurott-Hisui, L50, M|100/100\n|move|p1b: Ninetales|Blizzard|p2b: Incineroar|[spread] p2a,p2b\n|-resisted|p2b: Incineroar|1\n|-damage|p2a: Corviknight|54/100\n|-damage|p2b: Incineroar|88/100\n|-status|p2a: Corviknight|frz\n|cant|p2a: Corviknight|frz\n|move|p2b: Incineroar|Parting Shot|p1b: Ninetales\n|-unboost|p1b: Ninetales|atk|1\n|-unboost|p1b: Ninetales|spa|1\n|\n|t:|1776041621\n|switch|p2b: Gardevoir|Gardevoir, L50, F, shiny|100/100|[from] Parting Shot\n|-ability|p2b: Gardevoir|Sharpness|Trace|[from] ability: Trace|[of] p1a: Samurott\n|\n|-weather|Snowscape|[upkeep]\n|upkeep\n|turn|3\n|\n|t:|1776041633\n|switch|p2a: Incineroar|Incineroar, L50, M, shiny|88/100\n|-ability|p2a: Incineroar|Intimidate|boost\n|-unboost|p1a: Samurott|atk|1\n|-unboost|p1b: Ninetales|atk|1\n|move|p1b: Ninetales|Helping Hand|p1a: Samurott\n|-singleturn|p1a: Samurott|Helping Hand|[of] p1b: Ninetales\n|move|p2b: Gardevoir|Protect|p2b: Gardevoir\n|-singleturn|p2b: Gardevoir|Protect\n|move|p1a: Samurott|Aqua Cutter|p2b: Gardevoir\n|-activate|p2b: Gardevoir|move: Protect\n|\n|-weather|Snowscape|[upkeep]\n|upkeep\n|turn|4\n|\n|t:|1776041650\n|detailschange|p2b: Gardevoir|Gardevoir-Mega, L50, F, shiny\n|-mega|p2b: Gardevoir|Gardevoir|Gardevoirite\n|move|p1b: Ninetales|Helping Hand|p1a: Samurott\n|-singleturn|p1a: Samurott|Helping Hand|[of] p1b: Ninetales\n|move|p1a: Samurott|Aqua Cutter|p2b: Gardevoir\n|-damage|p2b: Gardevoir|47/100\n|move|p2b: Gardevoir|Hyper Voice|p1a: Samurott|[spread] p1a,p1b\n|-supereffective|p1a: Samurott|1\n|-damage|p1a: Samurott|17/100\n|-damage|p1b: Ninetales|39/100\n|move|p2a: Incineroar|Parting Shot|p1a: Samurott\n|-unboost|p1a: Samurott|atk|1\n|-unboost|p1a: Samurott|spa|1\n|\n|t:|1776041661\n|switch|p2a: Corviknight|Corviknight, L50, M|54/100 frz|[from] Parting Shot\n|\n|-weather|Snowscape|[upkeep]\n|upkeep\n|turn|5\n|\n|t:|1776041688\n|switch|p2a: Incineroar|Incineroar, L50, M, shiny|88/100\n|-ability|p2a: Incineroar|Intimidate|boost\n|-unboost|p1a: Samurott|atk|1\n|-unboost|p1b: Ninetales|atk|1\n|move|p2b: Gardevoir|Protect|p2b: Gardevoir\n|-singleturn|p2b: Gardevoir|Protect\n|move|p1b: Ninetales|Blizzard|p2a: Incineroar|[spread] p2a\n|-activate|p2b: Gardevoir|move: Protect\n|-resisted|p2a: Incineroar|1\n|-damage|p2a: Incineroar|81/100\n|move|p1a: Samurott|Aqua Cutter|p2b: Gardevoir\n|-activate|p2b: Gardevoir|move: Protect\n|\n|-weather|none\n|-sideend|p1: viatable|move: Aurora Veil\n|upkeep\n|turn|6\n|inactive|viatable has 30 seconds left.\n|\n|t:|1776041721\n|switch|p1a: Farigiraf|Farigiraf, L50, F|100/100\n|move|p1b: Ninetales|Protect|p1b: Ninetales\n|-singleturn|p1b: Ninetales|Protect\n|move|p2a: Incineroar|Fake Out||[still]\n|cant|p1a: Farigiraf|ability: Armor Tail|Fake Out|[of] p2a: Incineroar\n|move|p2b: Gardevoir|Hyper Voice|p1a: Farigiraf|[spread] p1a\n|-activate|p1b: Ninetales|move: Protect\n|-damage|p1a: Farigiraf|59/100\n|\n|-heal|p1a: Farigiraf|65/100|[from] item: Leftovers\n|upkeep\n|turn|7\n|\n|t:|1776041743\n|switch|p1b: Meganium|Meganium, L50, F|100/100\n|move|p2b: Gardevoir|Hyper Voice|p1b: Meganium|[spread] p1a,p1b\n|-crit|p1b: Meganium\n|-damage|p1a: Farigiraf|24/100\n|-damage|p1b: Meganium|42/100\n|move|p2a: Incineroar|Darkest Lariat|p1a: Farigiraf\n|-supereffective|p1a: Farigiraf|1\n|-damage|p1a: Farigiraf|0 fnt\n|faint|p1a: Farigiraf\n|\n|upkeep\n|\n|t:|1776041753\n|switch|p1a: Ninetales|Ninetales-Alola, L50, M|39/100\n|-weather|Snowscape|[from] ability: Snow Warning|[of] p1a: Ninetales\n|turn|8\n|\n|t:|1776041773\n|detailschange|p1b: Meganium|Meganium-Mega, L50, F\n|-mega|p1b: Meganium|Meganium|Meganiumite\n|move|p2b: Gardevoir|Protect|p2b: Gardevoir\n|-singleturn|p2b: Gardevoir|Protect\n|move|p1a: Ninetales|Aurora Veil|p1a: Ninetales\n|-sidestart|p1: viatable|move: Aurora Veil\n|move|p1b: Meganium|Solar Beam||[still]\n|-prepare|p1b: Meganium|Solar Beam\n|-activate|p1b: Meganium|ability: Mega Sol\n|-anim|p1b: Meganium|Solar Beam|p2b: Gardevoir\n|-activate|p2b: Gardevoir|move: Protect\n|move|p2a: Incineroar|Flare Blitz|p1a: Ninetales\n|-supereffective|p1a: Ninetales|1\n|-damage|p1a: Ninetales|0 fnt\n|faint|p1a: Ninetales\n|-damage|p2a: Incineroar|69/100|[from] Recoil\n|\n|-weather|Snowscape|[upkeep]\n|upkeep\n|\n|t:|1776041779\n|switch|p1a: Samurott|Samurott-Hisui, L50, M|17/100\n|turn|9\n|\n|t:|1776041791\n|switch|p2b: Corviknight|Corviknight, L50, M|54/100 frz\n|move|p1a: Samurott|Aqua Cutter|p2a: Incineroar\n|-supereffective|p2a: Incineroar|1\n|-enditem|p2a: Incineroar|Passho Berry|[eat]\n|-enditem|p2a: Incineroar|Passho Berry|[weaken]\n|-damage|p2a: Incineroar|30/100\n|move|p1b: Meganium|Solar Beam||[still]\n|-prepare|p1b: Meganium|Solar Beam\n|-activate|p1b: Meganium|ability: Mega Sol\n|-anim|p1b: Meganium|Solar Beam|p2b: Corviknight\n|-resisted|p2b: Corviknight|2\n|-crit|p2b: Corviknight\n|-damage|p2b: Corviknight|34/100 frz\n|move|p2a: Incineroar|Parting Shot|p1b: Meganium\n|-unboost|p1b: Meganium|atk|1\n|-unboost|p1b: Meganium|spa|1\n|\n|t:|1776041807\n|switch|p2a: Garchomp|Garchomp, L50, M|100/100|[from] Parting Shot\n|\n|-weather|Snowscape|[upkeep]\n|upkeep\n|turn|10\n|inactive|viatable has 30 seconds left.\n|j| aurora ltd\n|\n|t:|1776041840\n|move|p2a: Garchomp|Earthquake|p1b: Meganium|[spread] p1a,p1b\n|-immune|p2b: Corviknight\n|-resisted|p1b: Meganium|1\n|-damage|p1a: Samurott|0 fnt\n|-damage|p1b: Meganium|33/100\n|faint|p1a: Samurott\n|move|p1b: Meganium|Solar Beam||[still]\n|-prepare|p1b: Meganium|Solar Beam\n|-activate|p1b: Meganium|ability: Mega Sol\n|-anim|p1b: Meganium|Solar Beam|p2a: Garchomp\n|-damage|p2a: Garchomp|53/100\n|-curestatus|p2b: Corviknight|frz|[msg]\n|move|p2b: Corviknight|Roost|p2b: Corviknight\n|-heal|p2b: Corviknight|84/100\n|-singleturn|p2b: Corviknight|move: Roost\n|\n|-weather|Snowscape|[upkeep]\n|upkeep\n|turn|11\n|\n|t:|1776041855\n|move|p2a: Garchomp|Earthquake|p1b: Meganium|[spread] p1b\n|-immune|p2b: Corviknight\n|-resisted|p1b: Meganium|1\n|-damage|p1b: Meganium|23/100\n|move|p1b: Meganium|Solar Beam||[still]\n|-prepare|p1b: Meganium|Solar Beam\n|-activate|p1b: Meganium|ability: Mega Sol\n|-anim|p1b: Meganium|Solar Beam|p2a: Garchomp\n|-crit|p2a: Garchomp\n|-damage|p2a: Garchomp|0 fnt\n|faint|p2a: Garchomp\n|move|p2b: Corviknight|Brave Bird|p1b: Meganium\n|-supereffective|p1b: Meganium|1\n|-crit|p1b: Meganium\n|-damage|p1b: Meganium|0 fnt\n|faint|p1b: Meganium\n|-damage|p2b: Corviknight|77/100|[from] Recoil\n|\n|win|pikipek dab\n|n|\u2606viatable|viatable\n|n|\u2606pikipek dab|pikipekdab\n|n| aurora ltd|auroraltd\n|l|\u2606viatable\n|player|p1|\n|c|\u2606pikipek dab|gg!\n|l|\u2606pikipek dab\n|player|p2|\n",
  "uploadtime": 1776042330,
  "views": 9,
  "formatid": "gen9championsvgc2026regma",
  "rating": null,
  "private": 0,
  "password": null
}