{
  "id": "gen9championsvgc2026regma-2584645019",
  "format": "[Gen 9 Champions] VGC 2026 Reg M-A",
  "players": [
    "FurretTheBoi",
    "Ant413onio"
  ],
  "log": "|j|\u2606FurretTheBoi\n|j|\u2606Ant413onio\n|t:|1776274136\n|gametype|doubles\n|player|p1|FurretTheBoi|miku-psychic|1132\n|player|p2|Ant413onio|170|1202\n|gen|9\n|tier|[Gen 9 Champions] VGC 2026 Reg M-A\n|rated|\n|rule|Species Clause: Limit one of each Pok\u00e9mon\n|rule|Item Clause: Limit 1 of each item\n|clearpoke\n|poke|p1|Tauros-Paldea-Aqua, L50, M|\n|poke|p1|Slowbro-Galar, L50, F|\n|poke|p1|Whimsicott, L50, M|\n|poke|p1|Maushold-Four, L50|\n|poke|p1|Froslass, L50, F|\n|poke|p1|Basculegion, L50, M|\n|poke|p2|Kingambit, L50, F|\n|poke|p2|Dragonite, L50, F|\n|poke|p2|Sneasler, L50, M|\n|poke|p2|Venusaur, L50, M|\n|poke|p2|Incineroar, L50, F|\n|poke|p2|Basculegion, L50, M|\n|teampreview|4\n|inactive|Battle timer is ON: inactive players will automatically lose when time's up. (requested by FurretTheBoi)\n|inactive|Ant413onio has 60 seconds left.\n|\n|t:|1776274176\n|teamsize|p1|4\n|teamsize|p2|4\n|start\n|switch|p1a: Froslass|Froslass, L50, F|100/100\n|switch|p1b: Basculegion|Basculegion, L50, M|100/100\n|switch|p2a: Venusaur|Venusaur, L50, M|100/100\n|switch|p2b: Incineroar|Incineroar, L50, F|100/100\n|-ability|p2b: Incineroar|Intimidate|boost\n|-unboost|p1a: Froslass|atk|1\n|-unboost|p1b: Basculegion|atk|1\n|turn|1\n|inactive|FurretTheBoi has 30 seconds left.\n|inactive|Ant413onio has 30 seconds left.\n|\n|t:|1776274204\n|detailschange|p1a: Froslass|Froslass-Mega, L50, F\n|-mega|p1a: Froslass|Froslass|Froslassite\n|-weather|Snowscape|[from] ability: Snow Warning|[of] p1a: Froslass\n|move|p1a: Froslass|Aurora Veil|p1a: Froslass\n|-sidestart|p1: FurretTheBoi|move: Aurora Veil\n|move|p1b: Basculegion|Flip Turn|p2b: Incineroar\n|-supereffective|p2b: Incineroar|1\n|-damage|p2b: Incineroar|59/100\n|\n|t:|1776274214\n|switch|p1b: Tauros|Tauros-Paldea-Aqua, L50, M|100/100|[from] Flip Turn\n|move|p2a: Venusaur|Sludge Bomb|p1b: Tauros\n|-damage|p1b: Tauros|74/100\n|move|p2b: Incineroar|Flare Blitz|p1a: Froslass\n|-supereffective|p1a: Froslass|1\n|-damage|p1a: Froslass|39/100\n|-damage|p2b: Incineroar|43/100|[from] Recoil\n|\n|-weather|Snowscape|[upkeep]\n|upkeep\n|turn|2\n|inactive|Ant413onio has 30 seconds left.\n|\n|t:|1776274248\n|switch|p2b: Sneasler|Sneasler, L50, M|100/100\n|detailschange|p2a: Venusaur|Venusaur-Mega, L50, M\n|-mega|p2a: Venusaur|Venusaur|Venusaurite\n|move|p1b: Tauros|Raging Bull|p2b: Sneasler\n|-damage|p2b: Sneasler|40/100\n|move|p1a: Froslass|Blizzard|p2b: Sneasler|[spread] p2a,p2b\n|-supereffective|p2a: Venusaur|1\n|-damage|p2a: Venusaur|66/100\n|-damage|p2b: Sneasler|0 fnt\n|faint|p2b: Sneasler\n|move|p2a: Venusaur|Sludge Bomb|p1a: Froslass\n|-resisted|p1a: Froslass|1\n|-damage|p1a: Froslass|26/100\n|\n|-weather|Snowscape|[upkeep]\n|upkeep\n|\n|t:|1776274270\n|switch|p2b: Incineroar|Incineroar, L50, F|43/100\n|-ability|p2b: Incineroar|Intimidate|boost\n|-unboost|p1a: Froslass|atk|1\n|-unboost|p1b: Tauros|atk|1\n|turn|3\n|\n|t:|1776274287\n|move|p2b: Incineroar|Fake Out|p1b: Tauros\n|-damage|p1b: Tauros|65/100\n|cant|p1b: Tauros|flinch\n|move|p1a: Froslass|Frost Breath|p1b: Tauros\n|-resisted|p1b: Tauros|1\n|-crit|p1b: Tauros\n|-damage|p1b: Tauros|34/100\n|-setboost|p1b: Tauros|atk|6|[from] ability: Anger Point\n|-enditem|p1b: Tauros|Sitrus Berry|[eat]\n|-heal|p1b: Tauros|59/100|[from] item: Sitrus Berry\n|move|p2a: Venusaur|Sludge Bomb|p1a: Froslass\n|-resisted|p1a: Froslass|1\n|-damage|p1a: Froslass|11/100\n|-status|p1a: Froslass|psn\n|\n|-weather|Snowscape|[upkeep]\n|-damage|p1a: Froslass|0 fnt|[from] psn\n|faint|p1a: Froslass\n|upkeep\n|\n|t:|1776274302\n|switch|p1a: Whimsicott|Whimsicott, L50, M|100/100\n|turn|4\n|inactive|Ant413onio has 30 seconds left.\n|inactive|Ant413onio has 20 seconds left.\n|\n|t:|1776274341\n|move|p1a: Whimsicott|Tailwind|p1a: Whimsicott\n|-sidestart|p1: FurretTheBoi|move: Tailwind\n|move|p1b: Tauros|Raging Bull|p2b: Incineroar\n|-supereffective|p2b: Incineroar|1\n|-damage|p2b: Incineroar|0 fnt\n|faint|p2b: Incineroar\n|move|p2a: Venusaur|Sludge Bomb|p1b: Tauros\n|-damage|p1b: Tauros|29/100\n|-status|p1b: Tauros|psn\n|\n|-weather|Snowscape|[upkeep]\n|-damage|p1b: Tauros|17/100 psn|[from] psn\n|upkeep\n|\n|t:|1776274351\n|switch|p2b: Kingambit|Kingambit, L50, F|100/100\n|turn|5\n|\n|t:|1776274375\n|move|p2a: Venusaur|Protect|p2a: Venusaur\n|-singleturn|p2a: Venusaur|Protect\n|move|p2b: Kingambit|Protect|p2b: Kingambit\n|-singleturn|p2b: Kingambit|Protect\n|move|p1b: Tauros|Rock Slide|p2b: Kingambit|[spread] \n|-activate|p2a: Venusaur|move: Protect\n|-activate|p2b: Kingambit|move: Protect\n|move|p1a: Whimsicott|Moonblast|p2b: Kingambit\n|-activate|p2b: Kingambit|move: Protect\n|\n|-weather|none\n|-damage|p1b: Tauros|4/100 psn|[from] psn\n|-sideend|p1: FurretTheBoi|move: Aurora Veil\n|upkeep\n|turn|6\n|inactive|FurretTheBoi has 30 seconds left.\n|\n|t:|1776274401\n|move|p1a: Whimsicott|Encore|p2a: Venusaur\n|-start|p2a: Venusaur|Encore\n|move|p2a: Venusaur|Protect|p2a: Venusaur\n|-singleturn|p2a: Venusaur|Protect\n|move|p2b: Kingambit|Sucker Punch|p1b: Tauros\n|-resisted|p1b: Tauros|1\n|-damage|p1b: Tauros|0 fnt\n|faint|p1b: Tauros\n|\n|upkeep\n|\n|t:|1776274411\n|switch|p1b: Basculegion|Basculegion, L50, M|100/100\n|turn|7\n|\n|t:|1776274425\n|move|p2a: Venusaur|Protect||[still]\n|-fail|p2a: Venusaur\n|move|p1a: Whimsicott|Encore|p2b: Kingambit\n|-hint|Since gen 7, Dark is immune to Prankster moves.\n|-immune|p2b: Kingambit\n|move|p2b: Kingambit|Sucker Punch|p1b: Basculegion\n|-supereffective|p1b: Basculegion|1\n|-damage|p1b: Basculegion|4/100\n|move|p1b: Basculegion|Last Respects|p2a: Venusaur\n|-damage|p2a: Venusaur|0 fnt\n|faint|p2a: Venusaur\n|\n|-sideend|p1: FurretTheBoi|move: Tailwind\n|upkeep\n|turn|8\n|inactive|FurretTheBoi has 30 seconds left.\n|\n|t:|1776274456\n|move|p1a: Whimsicott|Tailwind|p1a: Whimsicott\n|-sidestart|p1: FurretTheBoi|move: Tailwind\n|move|p2b: Kingambit|Sucker Punch|p1b: Basculegion\n|-supereffective|p1b: Basculegion|1\n|-damage|p1b: Basculegion|0 fnt\n|faint|p1b: Basculegion\n|\n|upkeep\n|turn|9\n|\n|t:|1776274475\n|move|p1a: Whimsicott|Moonblast|p2b: Kingambit\n|-damage|p2b: Kingambit|66/100\n|move|p2b: Kingambit|Swords Dance|p2b: Kingambit\n|-boost|p2b: Kingambit|atk|2\n|\n|upkeep\n|turn|10\n|\n|t:|1776274485\n|move|p1a: Whimsicott|Moonblast|p2b: Kingambit\n|-damage|p2b: Kingambit|31/100\n|move|p2b: Kingambit|Kowtow Cleave|p1a: Whimsicott\n|-resisted|p1a: Whimsicott|1\n|-damage|p1a: Whimsicott|49/100\n|\n|upkeep\n|turn|11\n|\n|t:|1776274500\n|move|p2b: Kingambit|Protect|p2b: Kingambit\n|-singleturn|p2b: Kingambit|Protect\n|move|p1a: Whimsicott|Moonblast|p2b: Kingambit\n|-activate|p2b: Kingambit|move: Protect\n|\n|-sideend|p1: FurretTheBoi|move: Tailwind\n|upkeep\n|turn|12\n|\n|t:|1776274506\n|move|p2b: Kingambit|Sucker Punch|p1a: Whimsicott\n|-resisted|p1a: Whimsicott|1\n|-damage|p1a: Whimsicott|5/100\n|move|p1a: Whimsicott|Moonblast|p2b: Kingambit\n|-damage|p2b: Kingambit|0 fnt\n|faint|p2b: Kingambit\n|\n|win|FurretTheBoi\n|raw|FurretTheBoi's rating: 1132 &rarr; <strong>1162</strong><br />(+30 for winning)\n|raw|Ant413onio's rating: 1202 &rarr; <strong>1172</strong><br />(-30 for losing)\n",
  "uploadtime": 1776274510,
  "views": 24,
  "formatid": "gen9championsvgc2026regma",
  "rating": 1162,
  "private": 0,
  "password": null
}