{
  "id": "gen9championsvgc2026regma-2582126941",
  "format": "[Gen 9 Champions] VGC 2026 Reg M-A",
  "players": [
    "Niko highway",
    "pr.iyanshu768500"
  ],
  "log": "|j|\u2606Niko highway\n|j|\u2606pr.iyanshu768500\n|t:|1776061431\n|gametype|doubles\n|player|p1|Niko highway|266|1381\n|player|p2|pr.iyanshu768500|steven|1327\n|gen|9\n|tier|[Gen 9 Champions] VGC 2026 Reg M-A\n|rated|\n|rule|Species Clause: Limit one of each Pok\u00e9mon\n|rule|Item Clause: Limit 1 of each item\n|clearpoke\n|poke|p1|Incineroar, L50, F|\n|poke|p1|Conkeldurr, L50, F|\n|poke|p1|Sinistcha, L50|\n|poke|p1|Cofagrigus, L50, F|\n|poke|p1|Drampa, L50, F|\n|poke|p1|Aggron, L50, F|\n|poke|p2|Charizard, L50, M|\n|poke|p2|Sneasler, L50, F|\n|poke|p2|Garchomp, L50, M|\n|poke|p2|Whimsicott, L50, F|\n|poke|p2|Incineroar, L50, F|\n|poke|p2|Milotic, L50, M|\n|teampreview|4\n|inactive|Battle timer is ON: inactive players will automatically lose when time's up. (requested by pr.iyanshu768500)\n|\n|t:|1776061454\n|teamsize|p1|4\n|teamsize|p2|4\n|start\n|switch|p1a: Conkeldurr|Conkeldurr, L50, F|100/100\n|switch|p1b: Cofagrigus|Cofagrigus, L50, F|100/100\n|switch|p2a: Sneasler|Sneasler, L50, F|100/100\n|switch|p2b: Charizard|Charizard, L50, M|100/100\n|turn|1\n|inactive|Niko highway has 30 seconds left.\n|\n|t:|1776061484\n|detailschange|p2b: Charizard|Charizard-Mega-Y, L50, M\n|-mega|p2b: Charizard|Charizard|Charizardite Y\n|-weather|SunnyDay|[from] ability: Drought|[of] p2b: Charizard\n|move|p1a: Conkeldurr|Wide Guard|p1a: Conkeldurr\n|-singleturn|p1a: Conkeldurr|Wide Guard\n|move|p2a: Sneasler|Throat Chop|p1b: Cofagrigus\n|-supereffective|p1b: Cofagrigus|1\n|-damage|p1b: Cofagrigus|63/100\n|-start|p1b: Cofagrigus|Throat Chop|[silent]\n|-activate|p1b: Cofagrigus|ability: Mummy|p2a: Sneasler|[ability] Unburden\n|move|p2b: Charizard|Heat Wave|p1a: Conkeldurr|[spread] \n|-activate|p1a: Conkeldurr|move: Wide Guard\n|-activate|p1b: Cofagrigus|move: Wide Guard\n|move|p1b: Cofagrigus|Trick Room|p1b: Cofagrigus\n|-fieldstart|move: Trick Room|[of] p1b: Cofagrigus\n|\n|-weather|SunnyDay|[upkeep]\n|-heal|p1b: Cofagrigus|69/100|[from] item: Leftovers\n|upkeep\n|turn|2\n|inactive|pr.iyanshu768500 has 30 seconds left.\n|\n|t:|1776061511\n|switch|p1a: Drampa|Drampa, L50, F|100/100\n|-ability|p1a: Drampa|Cloud Nine\n|switch|p2a: Incineroar|Incineroar, L50, F|100/100\n|-ability|p2a: Incineroar|Intimidate|boost\n|-unboost|p1a: Drampa|atk|1\n|-unboost|p1b: Cofagrigus|atk|1\n|move|p1b: Cofagrigus|Will-O-Wisp|p2a: Incineroar\n|-immune|p2a: Incineroar\n|move|p2b: Charizard|Weather Ball|p1a: Drampa\n|-damage|p1a: Drampa|79/100\n|\n|-weather|SunnyDay|[upkeep]\n|-heal|p1b: Cofagrigus|75/100|[from] item: Leftovers\n|-end|p1b: Cofagrigus|Throat Chop|[silent]\n|upkeep\n|turn|3\n|inactive|pr.iyanshu768500 has 30 seconds left.\n|\n|t:|1776061540\n|switch|p2b: Garchomp|Garchomp, L50, M|100/100\n|move|p1a: Drampa|Protect|p1a: Drampa\n|-singleturn|p1a: Drampa|Protect\n|move|p1b: Cofagrigus|Body Press|p2a: Incineroar\n|-supereffective|p2a: Incineroar|1\n|-damage|p2a: Incineroar|48/100\n|-enditem|p2a: Incineroar|Sitrus Berry|[eat]\n|-heal|p2a: Incineroar|73/100|[from] item: Sitrus Berry\n|move|p2a: Incineroar|Darkest Lariat|p1b: Cofagrigus\n|-supereffective|p1b: Cofagrigus|1\n|-damage|p1b: Cofagrigus|18/100\n|-activate|p1b: Cofagrigus|ability: Mummy|p2a: Incineroar|[ability] Intimidate\n|\n|-weather|SunnyDay|[upkeep]\n|-heal|p1b: Cofagrigus|24/100|[from] item: Leftovers\n|upkeep\n|turn|4\n|inactive|Niko highway has 30 seconds left.\n|inactive|pr.iyanshu768500 has 30 seconds left.\n|\n|t:|1776061573\n|move|p2b: Garchomp|Protect|p2b: Garchomp\n|-singleturn|p2b: Garchomp|Protect\n|move|p1b: Cofagrigus|Will-O-Wisp|p2b: Garchomp\n|-activate|p2b: Garchomp|move: Protect\n|move|p1a: Drampa|Dragon Pulse|p2a: Incineroar\n|-damage|p2a: Incineroar|31/100\n|move|p2a: Incineroar|Parting Shot|p1a: Drampa\n|-unboost|p1a: Drampa|atk|1\n|-unboost|p1a: Drampa|spa|1\n|\n|t:|1776061588\n|switch|p2a: Charizard|Charizard-Mega-Y, L50, M|100/100|[from] Parting Shot\n|\n|-weather|SunnyDay|[upkeep]\n|-heal|p1b: Cofagrigus|30/100|[from] item: Leftovers\n|upkeep\n|turn|5\n|\n|t:|1776061597\n|switch|p2b: Incineroar|Incineroar, L50, F|31/100\n|-ability|p2b: Incineroar|Intimidate|boost\n|-unboost|p1a: Drampa|atk|1\n|-unboost|p1b: Cofagrigus|atk|1\n|move|p1b: Cofagrigus|Will-O-Wisp|p2b: Incineroar\n|-immune|p2b: Incineroar\n|move|p1a: Drampa|Hyper Voice|p2a: Charizard|[spread] p2a,p2b\n|-damage|p2a: Charizard|74/100\n|-damage|p2b: Incineroar|10/100\n|move|p2a: Charizard|Heat Wave|p1b: Cofagrigus|[spread] p1a,p1b\n|-resisted|p1a: Drampa|1\n|-damage|p1a: Drampa|55/100\n|-damage|p1b: Cofagrigus|0 fnt\n|faint|p1b: Cofagrigus\n|\n|-weather|none\n|-fieldend|move: Trick Room\n|upkeep\n|\n|t:|1776061611\n|switch|p1b: Conkeldurr|Conkeldurr, L50, F|100/100\n|turn|6\n|\n|t:|1776061625\n|switch|p2a: Garchomp|Garchomp, L50, M|100/100\n|switch|p1a: Sinistcha|Sinistcha, L50|100/100\n|move|p2b: Incineroar|Fake Out|p1b: Conkeldurr\n|-damage|p1b: Conkeldurr|90/100\n|cant|p1b: Conkeldurr|flinch\n|\n|upkeep\n|turn|7\n|inactive|pr.iyanshu768500 has 30 seconds left.\n|\n|t:|1776061651\n|move|p1b: Conkeldurr|Mach Punch|p2b: Incineroar\n|-supereffective|p2b: Incineroar|1\n|-crit|p2b: Incineroar\n|-damage|p2b: Incineroar|0 fnt\n|faint|p2b: Incineroar\n|move|p2a: Garchomp|Dragon Claw|p1b: Conkeldurr\n|-damage|p1b: Conkeldurr|53/100\n|move|p1a: Sinistcha|Trick Room|p1a: Sinistcha\n|-fieldstart|move: Trick Room|[of] p1a: Sinistcha\n|\n|upkeep\n|\n|t:|1776061665\n|switch|p2b: Charizard|Charizard-Mega-Y, L50, M|74/100\n|-weather|SunnyDay|[from] ability: Drought|[of] p2b: Charizard\n|turn|8\n|\n|t:|1776061676\n|move|p2b: Charizard|Protect|p2b: Charizard\n|-singleturn|p2b: Charizard|Protect\n|move|p1b: Conkeldurr|Drain Punch|p2b: Charizard\n|-activate|p2b: Charizard|move: Protect\n|move|p1a: Sinistcha|Shadow Ball|p2b: Charizard\n|-activate|p2b: Charizard|move: Protect\n|move|p2a: Garchomp|Earthquake|p1a: Sinistcha|[spread] p1a,p1b\n|-activate|p2b: Charizard|move: Protect\n|-resisted|p1a: Sinistcha|1\n|-damage|p1a: Sinistcha|77/100\n|-damage|p1b: Conkeldurr|14/100\n|\n|-weather|SunnyDay|[upkeep]\n|upkeep\n|turn|9\n|\n|t:|1776061690\n|move|p2a: Garchomp|Protect|p2a: Garchomp\n|-singleturn|p2a: Garchomp|Protect\n|move|p1b: Conkeldurr|Drain Punch|p2a: Garchomp\n|-activate|p2a: Garchomp|move: Protect\n|move|p1a: Sinistcha|Matcha Gotcha|p2a: Garchomp|[spread] p2b\n|-activate|p2a: Garchomp|move: Protect\n|-resisted|p2b: Charizard|2\n|-damage|p2b: Charizard|66/100\n|-heal|p1a: Sinistcha|81/100|[from] drain|[of] p2b: Charizard\n|move|p2b: Charizard|Heat Wave|p1b: Conkeldurr|[spread] p1a,p1b\n|-supereffective|p1a: Sinistcha|1\n|-damage|p1a: Sinistcha|0 fnt\n|-damage|p1b: Conkeldurr|0 fnt\n|faint|p1a: Sinistcha\n|faint|p1b: Conkeldurr\n|\n|-weather|SunnyDay|[upkeep]\n|upkeep\n|\n|t:|1776061693\n|switch|p1b: Drampa|Drampa, L50, F|55/100\n|-ability|p1b: Drampa|Cloud Nine\n|turn|10\n|\n|t:|1776061713\n|switch|p2a: Sneasler|Sneasler, L50, F|100/100\n|move|p2b: Charizard|Protect|p2b: Charizard\n|-singleturn|p2b: Charizard|Protect\n|move|p1b: Drampa|Dragon Pulse|p2a: Sneasler\n|-damage|p2a: Sneasler|36/100\n|\n|-weather|SunnyDay|[upkeep]\n|upkeep\n|turn|11\n|\n|t:|1776061728\n|switch|p2b: Garchomp|Garchomp, L50, M|100/100\n|move|p1b: Drampa|Protect|p1b: Drampa\n|-singleturn|p1b: Drampa|Protect\n|move|p2a: Sneasler|Fake Out|p1b: Drampa\n|-activate|p1b: Drampa|move: Protect\n|\n|-weather|SunnyDay|[upkeep]\n|-fieldend|move: Trick Room\n|upkeep\n|turn|12\n|\n|t:|1776061737\n|move|p2a: Sneasler|Close Combat|p1b: Drampa\n|-supereffective|p1b: Drampa|1\n|-enditem|p1b: Drampa|Chople Berry|[eat]\n|-enditem|p1b: Drampa|Chople Berry|[weaken]\n|-damage|p1b: Drampa|0 fnt\n|-unboost|p2a: Sneasler|def|1\n|-unboost|p2a: Sneasler|spd|1\n|faint|p1b: Drampa\n|\n|win|pr.iyanshu768500\n|raw|Niko highway's rating: 1381 &rarr; <strong>1358</strong><br />(-23 for losing)\n|raw|pr.iyanshu768500's rating: 1327 &rarr; <strong>1350</strong><br />(+23 for winning)\n|c|\u2606pr.iyanshu768500|gg\n|c|\u2606Niko highway|gg\n|l|\u2606pr.iyanshu768500\n|player|p2|\n",
  "uploadtime": 1776061778,
  "views": 76,
  "formatid": "gen9championsvgc2026regma",
  "rating": 1350,
  "private": 0,
  "password": null
}