{
  "id": "gen9championsvgc2026regma-2581927655",
  "format": "[Gen 9 Champions] VGC 2026 Reg M-A",
  "players": [
    "dreadedbolt",
    "injuryreserv3"
  ],
  "log": "|j|\u2606dreadedbolt\n|j|\u2606injuryreserv3\n|t:|1776040503\n|gametype|doubles\n|player|p1|dreadedbolt|2|1169\n|player|p2|injuryreserv3|sabrina|1269\n|gen|9\n|tier|[Gen 9 Champions] VGC 2026 Reg M-A\n|rated|\n|rule|Species Clause: Limit one of each Pok\u00e9mon\n|rule|Item Clause: Limit 1 of each item\n|clearpoke\n|poke|p1|Gengar, L50, M|\n|poke|p1|Archaludon, L50, M|\n|poke|p1|Politoed, L50, M|\n|poke|p1|Basculegion, L50, M|\n|poke|p1|Incineroar, L50, M|\n|poke|p1|Maushold-Four, L50|\n|poke|p2|Sneasler, L50, M|\n|poke|p2|Basculegion, L50, M|\n|poke|p2|Charizard, L50, F|\n|poke|p2|Floette-Eternal, L50, F|\n|poke|p2|Incineroar, L50, M|\n|poke|p2|Venusaur, L50, M|\n|teampreview|4\n|\n|t:|1776040536\n|teamsize|p1|4\n|teamsize|p2|4\n|start\n|switch|p1a: Gengar|Gengar, L50, M|100/100\n|switch|p1b: Archaludon|Archaludon, L50, M|100/100\n|switch|p2a: Charizard|Charizard, L50, F|100/100\n|switch|p2b: Incineroar|Incineroar, L50, M|100/100\n|-ability|p2b: Incineroar|Intimidate|boost\n|-unboost|p1a: Gengar|atk|1\n|-unboost|p1b: Archaludon|atk|1\n|turn|1\n|inactive|Battle timer is ON: inactive players will automatically lose when time's up. (requested by injuryreserv3)\n|\n|t:|1776040572\n|detailschange|p1a: Gengar|Gengar-Mega, L50, M\n|-mega|p1a: Gengar|Gengar|Gengarite\n|detailschange|p2a: Charizard|Charizard-Mega-Y, L50, F\n|-mega|p2a: Charizard|Charizard|Charizardite Y\n|-weather|SunnyDay|[from] ability: Drought|[of] p2a: Charizard\n|move|p1a: Gengar|Protect|p1a: Gengar\n|-singleturn|p1a: Gengar|Protect\n|move|p1b: Archaludon|Protect|p1b: Archaludon\n|-singleturn|p1b: Archaludon|Protect\n|move|p2b: Incineroar|Fake Out|p1b: Archaludon\n|-activate|p1b: Archaludon|move: Protect\n|move|p2a: Charizard|Scorching Sands|p1b: Archaludon\n|-activate|p1b: Archaludon|move: Protect\n|\n|-weather|SunnyDay|[upkeep]\n|upkeep\n|turn|2\n|\n|t:|1776040591\n|switch|p1b: Politoed|Politoed, L50, M|100/100\n|-weather|RainDance|[from] ability: Drizzle|[of] p1b: Politoed\n|move|p2a: Charizard|Protect|p2a: Charizard\n|-singleturn|p2a: Charizard|Protect\n|move|p1a: Gengar|Shadow Ball|p2a: Charizard\n|-activate|p2a: Charizard|move: Protect\n|move|p2b: Incineroar|Flare Blitz|p1b: Politoed\n|-resisted|p1b: Politoed|1\n|-damage|p1b: Politoed|88/100\n|-damage|p2b: Incineroar|97/100|[from] Recoil\n|\n|-weather|RainDance|[upkeep]\n|-heal|p2b: Incineroar|100/100|[from] item: Leftovers\n|upkeep\n|turn|3\n|\n|t:|1776040611\n|move|p1a: Gengar|Sludge Bomb|p2a: Charizard\n|-damage|p2a: Charizard|38/100\n|-status|p2a: Charizard|psn\n|move|p2a: Charizard|Scorching Sands|p1a: Gengar\n|-supereffective|p1a: Gengar|1\n|-damage|p1a: Gengar|29/100\n|move|p1b: Politoed|Weather Ball|p2a: Charizard\n|-supereffective|p2a: Charizard|1\n|-damage|p2a: Charizard|0 fnt\n|faint|p2a: Charizard\n|move|p2b: Incineroar|Parting Shot|p1b: Politoed\n|-unboost|p1b: Politoed|atk|1\n|-unboost|p1b: Politoed|spa|1\n|\n|t:|1776040634\n|switch|p2b: Sneasler|Sneasler, L50, M|100/100|[from] Parting Shot\n|\n|-weather|RainDance|[upkeep]\n|upkeep\n|\n|t:|1776040640\n|switch|p2a: Incineroar|Incineroar, L50, M|100/100\n|-ability|p2a: Incineroar|Intimidate|boost\n|-unboost|p1a: Gengar|atk|1\n|-unboost|p1b: Politoed|atk|1\n|turn|4\n|\n|t:|1776040656\n|move|p1a: Gengar|Protect|p1a: Gengar\n|-singleturn|p1a: Gengar|Protect\n|move|p2b: Sneasler|Close Combat|p1b: Politoed\n|-damage|p1b: Politoed|9/100\n|-unboost|p2b: Sneasler|def|1\n|-unboost|p2b: Sneasler|spd|1\n|-enditem|p1b: Politoed|Sitrus Berry|[eat]\n|-heal|p1b: Politoed|34/100|[from] item: Sitrus Berry\n|-enditem|p2b: Sneasler|White Herb\n|-clearnegativeboost|p2b: Sneasler|[silent]\n|move|p1b: Politoed|Earth Power|p2b: Sneasler\n|-supereffective|p2b: Sneasler|1\n|-damage|p2b: Sneasler|66/100\n|move|p2a: Incineroar|Flare Blitz|p1a: Gengar\n|-activate|p1a: Gengar|move: Protect\n|\n|-weather|RainDance|[upkeep]\n|upkeep\n|turn|5\n|inactive|injuryreserv3 has 30 seconds left.\n|inactive|injuryreserv3 has 20 seconds left.\n|inactive|injuryreserv3 has 15 seconds left.\n|inactive|injuryreserv3 has 10 seconds left.\n|inactive|injuryreserv3 has 5 seconds left.\n|\n|t:|1776040711\n|move|p2b: Sneasler|Dire Claw|p1a: Gengar\n|-resisted|p1a: Gengar|2\n|-damage|p1a: Gengar|12/100\n|move|p1a: Gengar|Shadow Ball|p2b: Sneasler\n|-damage|p2b: Sneasler|0 fnt\n|faint|p2b: Sneasler\n|move|p1b: Politoed|Weather Ball|p2a: Incineroar\n|-supereffective|p2a: Incineroar|1\n|-damage|p2a: Incineroar|47/100\n|move|p2a: Incineroar|Parting Shot|p1b: Politoed\n|-unboost|p1b: Politoed|atk|1\n|-unboost|p1b: Politoed|spa|1\n|\n|t:|1776040723\n|switch|p2a: Basculegion|Basculegion, L50, M|100/100|[from] Parting Shot\n|\n|-weather|RainDance|[upkeep]\n|upkeep\n|\n|t:|1776040725\n|switch|p2b: Incineroar|Incineroar, L50, M|47/100\n|-ability|p2b: Incineroar|Intimidate|boost\n|-unboost|p1a: Gengar|atk|1\n|-unboost|p1b: Politoed|atk|1\n|turn|6\n|\n|t:|1776040752\n|move|p1a: Gengar|Protect|p1a: Gengar\n|-singleturn|p1a: Gengar|Protect\n|move|p1b: Politoed|Protect|p1b: Politoed\n|-singleturn|p1b: Politoed|Protect\n|move|p2a: Basculegion|Last Respects|p1b: Politoed\n|-activate|p1b: Politoed|move: Protect\n|move|p2b: Incineroar|Flare Blitz|p1a: Gengar\n|-activate|p1a: Gengar|move: Protect\n|\n|-weather|none\n|-heal|p2b: Incineroar|53/100|[from] item: Leftovers\n|upkeep\n|turn|7\n|\n|t:|1776040768\n|move|p1a: Gengar|Shadow Ball|p2a: Basculegion\n|-supereffective|p2a: Basculegion|1\n|-damage|p2a: Basculegion|0 fnt\n|faint|p2a: Basculegion\n|move|p1b: Politoed|Earth Power|p2b: Incineroar\n|-supereffective|p2b: Incineroar|1\n|-damage|p2b: Incineroar|39/100\n|move|p2b: Incineroar|Flare Blitz|p1b: Politoed\n|-resisted|p1b: Politoed|1\n|-damage|p1b: Politoed|10/100\n|-status|p1b: Politoed|brn\n|-damage|p2b: Incineroar|31/100|[from] Recoil\n|\n|-heal|p2b: Incineroar|37/100|[from] item: Leftovers\n|-damage|p1b: Politoed|4/100 brn|[from] brn\n|upkeep\n|turn|8\n|\n|t:|1776040787\n|move|p2b: Incineroar|Protect|p2b: Incineroar\n|-singleturn|p2b: Incineroar|Protect\n|move|p1a: Gengar|Sludge Bomb|p2b: Incineroar\n|-activate|p2b: Incineroar|move: Protect\n|move|p1b: Politoed|Earth Power|p2b: Incineroar\n|-activate|p2b: Incineroar|move: Protect\n|\n|-heal|p2b: Incineroar|43/100|[from] item: Leftovers\n|-damage|p1b: Politoed|0 fnt|[from] brn\n|faint|p1b: Politoed\n|upkeep\n|\n|t:|1776040800\n|switch|p1b: Basculegion|Basculegion, L50, M|100/100\n|turn|9\n|\n|t:|1776040807\n|move|p1a: Gengar|Sludge Bomb|p2b: Incineroar\n|-damage|p2b: Incineroar|0 fnt\n|faint|p2b: Incineroar\n|\n|win|dreadedbolt\n|raw|dreadedbolt's rating: 1169 &rarr; <strong>1201</strong><br />(+32 for winning)\n|raw|injuryreserv3's rating: 1269 &rarr; <strong>1237</strong><br />(-32 for losing)\n",
  "uploadtime": 1776040811,
  "views": 19,
  "formatid": "gen9championsvgc2026regma",
  "rating": 1201,
  "private": 0,
  "password": null
}