{
  "id": "gen9championsvgc2026regma-2585125972",
  "format": "[Gen 9 Champions] VGC 2026 Reg M-A",
  "players": [
    "tommerwooper",
    "twoc"
  ],
  "log": "|j|\u2606tommerwooper\n|j|\u2606twoc\n|t:|1776314825\n|gametype|doubles\n|player|p1|tommerwooper|pokemonbreederf-gen4|1141\n|player|p2|twoc|shauntal|1106\n|gen|9\n|tier|[Gen 9 Champions] VGC 2026 Reg M-A\n|rated|\n|rule|Species Clause: Limit one of each Pok\u00e9mon\n|rule|Item Clause: Limit 1 of each item\n|clearpoke\n|poke|p1|Starmie, L50|\n|poke|p1|Pelipper, L50, M|\n|poke|p1|Raichu, L50, M|\n|poke|p1|Talonflame, L50, F|\n|poke|p1|Sneasler, L50, F|\n|poke|p1|Meowscarada, L50, F|\n|poke|p2|Gyarados, L50, F|\n|poke|p2|Dragonite, L50, F|\n|poke|p2|Gardevoir, L50, F|\n|poke|p2|Rotom-Mow, L50|\n|poke|p2|Emboar, L50, F|\n|poke|p2|Aegislash, L50, F|\n|teampreview|4\n|\n|t:|1776314872\n|teamsize|p1|4\n|teamsize|p2|4\n|start\n|switch|p1a: Sneasler|Sneasler, L50, F|100/100\n|switch|p1b: Pelipper|Pelipper, L50, M|100/100\n|switch|p2a: Gyarados|Gyarados, L50, F|100/100\n|switch|p2b: Rotom|Rotom-Mow, L50|100/100\n|-ability|p2a: Gyarados|Intimidate|boost\n|-unboost|p1a: Sneasler|atk|1\n|-unboost|p1b: Pelipper|atk|1\n|-weather|RainDance|[from] ability: Drizzle|[of] p1b: Pelipper\n|-enditem|p1a: Sneasler|White Herb\n|-clearnegativeboost|p1a: Sneasler|[silent]\n|turn|1\n|\n|t:|1776314898\n|switch|p1b: Meowscarada|Meowscarada, L50, F|100/100\n|move|p2a: Gyarados|Protect|p2a: Gyarados\n|-singleturn|p2a: Gyarados|Protect\n|move|p2b: Rotom|Protect|p2b: Rotom\n|-singleturn|p2b: Rotom|Protect\n|move|p1a: Sneasler|Dire Claw|p2b: Rotom\n|-activate|p2b: Rotom|move: Protect\n|\n|-weather|RainDance|[upkeep]\n|upkeep\n|turn|2\n|\n|t:|1776314927\n|switch|p2b: Aegislash|Aegislash, L50, F|100/100\n|move|p1a: Sneasler|Dire Claw|p2b: Aegislash\n|-immune|p2b: Aegislash\n|move|p1b: Meowscarada|Flower Trick|p2a: Gyarados\n|-start|p1b: Meowscarada|typechange|Grass|[from] ability: Protean\n|-crit|p2a: Gyarados\n|-damage|p2a: Gyarados|37/100\n|move|p2a: Gyarados|Waterfall|p1a: Sneasler\n|-damage|p1a: Sneasler|0 fnt\n|faint|p1a: Sneasler\n|\n|-weather|RainDance|[upkeep]\n|upkeep\n|\n|t:|1776314942\n|switch|p1a: Starmie|Starmie, L50|100/100\n|turn|3\n|\n|t:|1776314959\n|detailschange|p1a: Starmie|Starmie-Mega, L50\n|-mega|p1a: Starmie|Starmie|Starminite\n|move|p2a: Gyarados|Protect|p2a: Gyarados\n|-singleturn|p2a: Gyarados|Protect\n|move|p1b: Meowscarada|Flower Trick|p2a: Gyarados\n|-activate|p2a: Gyarados|move: Protect\n|move|p1a: Starmie|Liquidation|p2b: Aegislash\n|-damage|p2b: Aegislash|12/100\n|-formechange|p2b: Aegislash|Aegislash-Blade|\n|move|p2b: Aegislash|Shadow Ball|p1a: Starmie\n|-supereffective|p1a: Starmie|1\n|-damage|p1a: Starmie|11/100\n|\n|-weather|RainDance|[upkeep]\n|-heal|p2b: Aegislash|18/100|[from] item: Leftovers\n|upkeep\n|turn|4\n|\n|t:|1776314983\n|switch|p2a: Rotom|Rotom-Mow, L50|100/100\n|-formechange|p2b: Aegislash|Aegislash|\n|move|p2b: Aegislash|King's Shield|p2b: Aegislash\n|-singleturn|p2b: Aegislash|Protect\n|move|p1b: Meowscarada|Flower Trick|p2b: Aegislash\n|-activate|p2b: Aegislash|move: Protect\n|move|p1a: Starmie|Ice Spinner|p2a: Rotom\n|-supereffective|p2a: Rotom|1\n|-damage|p2a: Rotom|0 fnt\n|faint|p2a: Rotom\n|\n|-weather|RainDance|[upkeep]\n|-heal|p2b: Aegislash|24/100|[from] item: Leftovers\n|upkeep\n|\n|t:|1776314999\n|switch|p2a: Emboar|Emboar, L50, F|100/100\n|turn|5\n|\n|t:|1776315011\n|move|p2a: Emboar|Protect|p2a: Emboar\n|-singleturn|p2a: Emboar|Protect\n|move|p1b: Meowscarada|Flower Trick|p2b: Aegislash\n|-resisted|p2b: Aegislash|1\n|-crit|p2b: Aegislash\n|-damage|p2b: Aegislash|4/100\n|move|p1a: Starmie|Liquidation|p2a: Emboar\n|-activate|p2a: Emboar|move: Protect\n|-formechange|p2b: Aegislash|Aegislash-Blade|\n|move|p2b: Aegislash|Shadow Ball|p1a: Starmie\n|-supereffective|p1a: Starmie|1\n|-damage|p1a: Starmie|0 fnt\n|faint|p1a: Starmie\n|\n|-weather|none\n|-heal|p2b: Aegislash|10/100|[from] item: Leftovers\n|upkeep\n|\n|t:|1776315019\n|switch|p1a: Pelipper|Pelipper, L50, M|100/100\n|-weather|RainDance|[from] ability: Drizzle|[of] p1a: Pelipper\n|turn|6\n|c|\u2606twoc|fuck man eihter that ice spinner was a goated call or just fuckign dumb luck\n|-message|twoc forfeited.\n|\n|win|tommerwooper\n",
  "uploadtime": 1776315046,
  "views": 18,
  "formatid": "gen9championsvgc2026regma",
  "rating": null,
  "private": 0,
  "password": null
}