{
  "id": "gen9championsvgc2026regma-2583445864",
  "format": "[Gen 9 Champions] VGC 2026 Reg M-A",
  "players": [
    "RampardosingRoids",
    "Niko highway"
  ],
  "log": "|j|\u2606RampardosingRoids\n|j|\u2606Niko highway\n|t:|1776176157\n|gametype|doubles\n|player|p1|RampardosingRoids|169|1415\n|player|p2|Niko highway|169|1531\n|gen|9\n|tier|[Gen 9 Champions] VGC 2026 Reg M-A\n|rated|\n|rule|Species Clause: Limit one of each Pok\u00e9mon\n|rule|Item Clause: Limit 1 of each item\n|clearpoke\n|poke|p1|Floette-Eternal, L50, F|\n|poke|p1|Talonflame, L50, M|\n|poke|p1|Garchomp, L50, M|\n|poke|p1|Typhlosion-Hisui, L50, M|\n|poke|p1|Torkoal, L50, F|\n|poke|p1|Oranguru, L50, M|\n|poke|p2|Incineroar, L50, F|\n|poke|p2|Conkeldurr, L50, F|\n|poke|p2|Sinistcha, L50|\n|poke|p2|Cofagrigus, L50, F|\n|poke|p2|Drampa, L50, F|\n|poke|p2|Aegislash, L50, M|\n|teampreview|4\n|\n|t:|1776176191\n|teamsize|p1|4\n|teamsize|p2|4\n|start\n|switch|p1a: Typhlosion|Typhlosion-Hisui, L50, M|100/100\n|switch|p1b: Oranguru|Oranguru, L50, M|100/100\n|switch|p2a: Incineroar|Incineroar, L50, F|100/100\n|switch|p2b: Cofagrigus|Cofagrigus, L50, F|100/100\n|-ability|p2a: Incineroar|Intimidate|boost\n|-unboost|p1a: Typhlosion|atk|1\n|-fail|p1b: Oranguru|unboost|Attack|[from] ability: Inner Focus|[of] p1b: Oranguru\n|turn|1\n|inactive|Battle timer is ON: inactive players will automatically lose when time's up. (requested by Niko highway)\n|j| silkracing\n|\n|t:|1776176214\n|move|p1a: Typhlosion|Shadow Ball|p2b: Cofagrigus\n|-supereffective|p2b: Cofagrigus|1\n|-damage|p2b: Cofagrigus|10/100\n|move|p1b: Oranguru|Instruct|p1a: Typhlosion\n|-singleturn|p1a: Typhlosion|move: Instruct|[of] p1b: Oranguru\n|move|p1a: Typhlosion|Shadow Ball|p2b: Cofagrigus\n|-supereffective|p2b: Cofagrigus|1\n|-damage|p2b: Cofagrigus|0 fnt\n|faint|p2b: Cofagrigus\n|move|p2a: Incineroar|Throat Chop|p1a: Typhlosion\n|-supereffective|p1a: Typhlosion|1\n|-enditem|p1a: Typhlosion|Focus Sash\n|-damage|p1a: Typhlosion|1/100\n|-start|p1a: Typhlosion|Throat Chop|[silent]\n|\n|upkeep\n|\n|t:|1776176223\n|switch|p2b: Aegislash|Aegislash, L50, M|100/100\n|turn|2\n|inactive|RampardosingRoids has 30 seconds left.\n|l| silkracing\n|inactive|RampardosingRoids has 20 seconds left.\n|inactive|RampardosingRoids has 15 seconds left.\n|inactive|RampardosingRoids has 10 seconds left.\n|inactive|RampardosingRoids has 5 seconds left.\n|\n|t:|1776176274\n|-formechange|p2b: Aegislash|Aegislash-Blade|\n|move|p2b: Aegislash|Shadow Sneak|p1a: Typhlosion\n|-supereffective|p1a: Typhlosion|1\n|-damage|p1a: Typhlosion|0 fnt\n|faint|p1a: Typhlosion\n|move|p2a: Incineroar|Throat Chop|p1b: Oranguru\n|-supereffective|p1b: Oranguru|1\n|-damage|p1b: Oranguru|33/100\n|-start|p1b: Oranguru|Throat Chop|[silent]\n|move|p1b: Oranguru|Instruct|p1: Typhlosion|[notarget]\n|-fail|p1b: Oranguru\n|\n|upkeep\n|\n|t:|1776176279\n|switch|p1a: Garchomp|Garchomp, L50, M|100/100\n|turn|3\n|\n|t:|1776176291\n|switch|p2a: Conkeldurr|Conkeldurr, L50, F|100/100\n|-formechange|p2b: Aegislash|Aegislash|\n|move|p2b: Aegislash|King's Shield|p2b: Aegislash\n|-singleturn|p2b: Aegislash|Protect\n|move|p1b: Oranguru|Protect|p1b: Oranguru\n|-singleturn|p1b: Oranguru|Protect\n|move|p1a: Garchomp|Stomping Tantrum|p2a: Conkeldurr\n|-damage|p2a: Conkeldurr|58/100\n|\n|-end|p1b: Oranguru|Throat Chop|[silent]\n|upkeep\n|turn|4\n|\n|t:|1776176314\n|move|p2a: Conkeldurr|Mach Punch|p1b: Oranguru\n|-damage|p1b: Oranguru|6/100\n|move|p1a: Garchomp|Stomping Tantrum|p2b: Aegislash\n|-supereffective|p2b: Aegislash|1\n|-damage|p2b: Aegislash|13/100\n|-formechange|p2b: Aegislash|Aegislash-Blade|\n|move|p2b: Aegislash|Poltergeist|p1a: Garchomp\n|-activate|p1a: Garchomp|move: Poltergeist|Soft Sand\n|-damage|p1a: Garchomp|35/100\n|move|p1b: Oranguru|Psychic|p2a: Conkeldurr\n|-supereffective|p2a: Conkeldurr|1\n|-damage|p2a: Conkeldurr|0 fnt\n|faint|p2a: Conkeldurr\n|\n|upkeep\n|\n|t:|1776176326\n|switch|p2a: Incineroar|Incineroar, L50, F|100/100\n|-ability|p2a: Incineroar|Intimidate|boost\n|-unboost|p1a: Garchomp|atk|1\n|-fail|p1b: Oranguru|unboost|Attack|[from] ability: Inner Focus|[of] p1b: Oranguru\n|turn|5\n|j| Junglebolt\n|l| Junglebolt\n|\n|t:|1776176341\n|move|p1a: Garchomp|Protect|p1a: Garchomp\n|-singleturn|p1a: Garchomp|Protect\n|-formechange|p2b: Aegislash|Aegislash|\n|move|p2b: Aegislash|King's Shield|p2b: Aegislash\n|-singleturn|p2b: Aegislash|Protect\n|move|p1b: Oranguru|Psychic|p2b: Aegislash\n|-activate|p2b: Aegislash|move: Protect\n|move|p2a: Incineroar|Throat Chop|p1a: Garchomp\n|-activate|p1a: Garchomp|move: Protect\n|\n|upkeep\n|turn|6\n|j| quocdep\n|inactive|Niko highway has 30 seconds left.\n|inactive|Niko highway has 20 seconds left.\n|\n|t:|1776176378\n|-formechange|p2b: Aegislash|Aegislash-Blade|\n|move|p2b: Aegislash|Shadow Sneak|p1a: Garchomp\n|-crit|p1a: Garchomp\n|-damage|p1a: Garchomp|0 fnt\n|-damage|p2b: Aegislash|1/100|[from] ability: Rough Skin|[of] p1a: Garchomp\n|faint|p1a: Garchomp\n|move|p1b: Oranguru|Psychic|p2b: Aegislash\n|-resisted|p2b: Aegislash|1\n|-damage|p2b: Aegislash|0 fnt\n|faint|p2b: Aegislash\n|move|p2a: Incineroar|Throat Chop|p1b: Oranguru\n|-supereffective|p1b: Oranguru|1\n|-damage|p1b: Oranguru|0 fnt\n|faint|p1b: Oranguru\n|\n|upkeep\n|\n|t:|1776176400\n|switch|p1b: Floette|Floette-Eternal, L50, F|100/100\n|turn|7\n|c|\u2606Niko highway|I guess you win\n|c|\u2606RampardosingRoids|wym guess\n|c|\u2606Niko highway|I can't OHKO it\n|inactive|Niko highway has 30 seconds left.\n|\n|t:|1776176427\n|detailschange|p1b: Floette|Floette-Mega, L50, F\n|-mega|p1b: Floette|Floette|Floettite\n|-ability|p1b: Floette|Fairy Aura\n|move|p1b: Floette|Moonblast|p2a: Incineroar\n|-damage|p2a: Incineroar|29/100\n|-enditem|p2a: Incineroar|Sitrus Berry|[eat]\n|-heal|p2a: Incineroar|53/100|[from] item: Sitrus Berry\n|move|p2a: Incineroar|Flare Blitz|p1b: Floette\n|-damage|p1b: Floette|25/100\n|-damage|p2a: Incineroar|35/100|[from] Recoil\n|\n|upkeep\n|turn|8\n|c|\u2606Niko highway|gg\n|c|\u2606RampardosingRoids|yeah that's my plan\n|c|\u2606Niko highway|you played well\n|\n|t:|1776176446\n|move|p1b: Floette|Moonblast|p2a: Incineroar\n|-damage|p2a: Incineroar|0 fnt\n|faint|p2a: Incineroar\n|\n|win|RampardosingRoids\n|raw|RampardosingRoids's rating: 1415 &rarr; <strong>1441</strong><br />(+26 for winning)\n|raw|Niko highway's rating: 1531 &rarr; <strong>1505</strong><br />(-26 for losing)\n|c|\u2606RampardosingRoids|cheers\n|c|\u2606RampardosingRoids|gg\n",
  "uploadtime": 1776176452,
  "views": 64,
  "formatid": "gen9championsvgc2026regma",
  "rating": 1441,
  "private": 0,
  "password": null
}