{
  "id": "gen9championsvgc2026regma-2588677209",
  "format": "[Gen 9 Champions] VGC 2026 Reg M-A",
  "players": [
    "Illuminessenc",
    "TheVGChef"
  ],
  "log": "|j|\u2606Illuminessenc\n|j|\u2606TheVGChef\n|t:|1776656665\n|gametype|doubles\n|player|p1|Illuminessenc|palmer|1550\n|player|p2|TheVGChef|265|1538\n|gen|9\n|tier|[Gen 9 Champions] VGC 2026 Reg M-A\n|rated|\n|rule|Species Clause: Limit one of each Pok\u00e9mon\n|rule|Item Clause: Limit 1 of each item\n|clearpoke\n|poke|p1|Basculegion, L50, M|\n|poke|p1|Charizard, L50, F|\n|poke|p1|Floette-Eternal, L50, F|\n|poke|p1|Garchomp, L50, M|\n|poke|p1|Kingambit, L50, F|\n|poke|p1|Sinistcha, L50|\n|poke|p2|Venusaur, L50, M|\n|poke|p2|Pelipper, L50, M|\n|poke|p2|Archaludon, L50, F|\n|poke|p2|Basculegion, L50, M|\n|poke|p2|Incineroar, L50, F|\n|poke|p2|Zoroark-Hisui, L50, M|\n|teampreview|4\n|\n|t:|1776656747\n|teamsize|p1|4\n|teamsize|p2|4\n|start\n|switch|p1a: Kingambit|Kingambit, L50, F|100/100\n|switch|p1b: Floette|Floette-Eternal, L50, F|100/100\n|switch|p2a: Venusaur|Venusaur, L50, M|100/100\n|switch|p2b: Basculegion|Basculegion, L50, M|100/100\n|turn|1\n|inactive|Battle timer is ON: inactive players will automatically lose when time's up. (requested by Illuminessenc)\n|\n|t:|1776656789\n|detailschange|p1b: Floette|Floette-Mega, L50, F\n|-mega|p1b: Floette|Floette|Floettite\n|-ability|p1b: Floette|Fairy Aura\n|detailschange|p2a: Venusaur|Venusaur-Mega, L50, M\n|-mega|p2a: Venusaur|Venusaur|Venusaurite\n|move|p1b: Floette|Protect|p1b: Floette\n|-singleturn|p1b: Floette|Protect\n|move|p2b: Basculegion|Flip Turn|p1a: Kingambit\n|-damage|p1a: Kingambit|72/100\n|\n|t:|1776656797\n|switch|p2b: Pelipper|Pelipper, L50, M|100/100|[from] Flip Turn\n|-weather|RainDance|[from] ability: Drizzle|[of] p2b: Pelipper\n|move|p2a: Venusaur|Sludge Bomb|p1b: Floette\n|-activate|p1b: Floette|move: Protect\n|move|p1a: Kingambit|Kowtow Cleave|p2a: Venusaur\n|-damage|p2a: Venusaur|64/100\n|\n|-weather|RainDance|[upkeep]\n|upkeep\n|turn|2\n|inactive|Illuminessenc has 30 seconds left.\n|\n|t:|1776656829\n|move|p2a: Venusaur|Protect|p2a: Venusaur\n|-singleturn|p2a: Venusaur|Protect\n|move|p1b: Floette|Moonblast|p2b: Pelipper\n|-crit|p2b: Pelipper\n|-enditem|p2b: Pelipper|Focus Sash\n|-damage|p2b: Pelipper|1/100\n|move|p2b: Pelipper|Weather Ball|p1a: Kingambit\n|-damage|p1a: Kingambit|1/100\n|move|p1a: Kingambit|Kowtow Cleave|p2b: Pelipper\n|-damage|p2b: Pelipper|0 fnt\n|faint|p2b: Pelipper\n|\n|-weather|RainDance|[upkeep]\n|upkeep\n|\n|t:|1776656840\n|switch|p2b: Basculegion|Basculegion, L50, M|100/100\n|turn|3\n|inactive|Illuminessenc has 30 seconds left.\n|\n|t:|1776656869\n|move|p1b: Floette|Protect|p1b: Floette\n|-singleturn|p1b: Floette|Protect\n|move|p2b: Basculegion|Aqua Jet|p1a: Kingambit\n|-crit|p1a: Kingambit\n|-damage|p1a: Kingambit|0 fnt\n|faint|p1a: Kingambit\n|move|p2a: Venusaur|Sludge Bomb|p1b: Floette\n|-activate|p1b: Floette|move: Protect\n|\n|-weather|RainDance|[upkeep]\n|upkeep\n|inactive|Illuminessenc has 30 seconds left.\n|inactive|Illuminessenc has 20 seconds left.\n|\n|t:|1776656905\n|switch|p1a: Basculegion|Basculegion, L50, M|100/100\n|turn|4\n|\n|t:|1776656919\n|move|p2b: Basculegion|Aqua Jet|p1b: Floette\n|-damage|p1b: Floette|53/100\n|move|p1b: Floette|Light of Ruin|p2b: Basculegion\n|-damage|p2b: Basculegion|0 fnt\n|faint|p2b: Basculegion\n|-damage|p1b: Floette|0 fnt|[from] Recoil\n|faint|p1b: Floette\n|move|p1a: Basculegion|Last Respects|p2a: Venusaur\n|-damage|p2a: Venusaur|0 fnt\n|faint|p2a: Venusaur\n|\n|-weather|RainDance|[upkeep]\n|upkeep\n|\n|t:|1776656935\n|switch|p1b: Sinistcha|Sinistcha, L50|100/100\n|switch|p2b: Incineroar|Incineroar, L50, F|100/100\n|-ability|p2b: Incineroar|Intimidate|boost\n|-unboost|p1a: Basculegion|atk|1\n|-unboost|p1b: Sinistcha|atk|1\n|turn|5\n|\n|t:|1776656960\n|move|p1b: Sinistcha|Rage Powder|p1b: Sinistcha\n|-singleturn|p1b: Sinistcha|move: Rage Powder\n|move|p1a: Basculegion|Wave Crash|p2b: Incineroar\n|-supereffective|p2b: Incineroar|1\n|-damage|p2b: Incineroar|0 fnt\n|faint|p2b: Incineroar\n|-damage|p1a: Basculegion|69/100|[from] Recoil\n|\n|win|Illuminessenc\n|raw|Illuminessenc's rating: 1550 &rarr; <strong>1569</strong><br />(+19 for winning)\n|raw|TheVGChef's rating: 1538 &rarr; <strong>1519</strong><br />(-19 for losing)\n|l|\u2606Illuminessenc\n|player|p1|\n|c|\u2606TheVGChef|spell tag?\n|l|\u2606TheVGChef\n|player|p2|\n",
  "uploadtime": 1776657139,
  "views": 7,
  "formatid": "gen9championsvgc2026regma",
  "rating": 1519,
  "private": 0,
  "password": null
}