{
  "id": "gen9championsvgc2026regma-2580761184",
  "format": "[Gen 9 Champions] VGC 2026 Reg M-A",
  "players": [
    "howdy12345",
    "salt_water123"
  ],
  "log": "|j|\u2606howdy12345\n|j|\u2606salt_water123\n|t:|1775930331\n|gametype|doubles\n|player|p1|howdy12345|blackbelt|\n|player|p2|salt_water123|harmony|\n|gen|9\n|tier|[Gen 9 Champions] VGC 2026 Reg M-A\n|rated|Tournament battle\n|rule|Species Clause: Limit one of each Pok\u00e9mon\n|rule|Item Clause: Limit 1 of each item\n|clearpoke\n|poke|p1|Excadrill, L50, F|\n|poke|p1|Sinistcha, L50|\n|poke|p1|Tyranitar, L50, M|\n|poke|p1|Rotom-Heat, L50|\n|poke|p1|Araquanid, L50, M|\n|poke|p1|Sylveon, L50, M|\n|poke|p2|Milotic, L50, F|\n|poke|p2|Chandelure, L50, F|\n|poke|p2|Sneasler, L50, F|\n|poke|p2|Talonflame, L50, M|\n|teampreview|4\n|inactive|Battle timer is ON: inactive players will automatically lose when time's up. (requested by salt_water123)\n|j| typhoeusvgc\n|j| theoduron\n|j| knoxxzeta\n|j| clodsire92744\n|c|\u2606howdy12345|Yo you got here with only 4 Pokemon?\n|j| puritypoke\n|c|\u2606salt_water123|yeah\n|c|\u2606howdy12345|That's pretty cool\n|c|\u2606salt_water123|milo carried\n|c|\u2606salt_water123|glhf\n|c| clodsire92744|damn\n|c|\u2606howdy12345|glhf\n|c|\u2606howdy12345|I'm excited\n|inactive|howdy12345 has 60 seconds left.\n|inactive|salt_water123 has 60 seconds left.\n|j| WonJaeLeeBaby\nhowdy12345 has agreed to open team sheets.\n|c| clodsire92744|sand vs milotic and friends\nsalt_water123 rejected open team sheets.\n|j| ffttossenz\n|c|\u2606howdy12345|meh, CTS is fun here\n|j| jeffthemalmar\n|inactive|howdy12345 has 30 seconds left.\n|c|\u2606salt_water123|deniiiiiied\n|inactive|howdy12345 has 20 seconds left.\n|inactive|howdy12345 has 15 seconds left.\n|j| lSuis\n|\n|t:|1775930411\n|teamsize|p1|4\n|teamsize|p2|4\n|start\n|switch|p1a: Tyranitar|Tyranitar, L50, M|100/100\n|switch|p1b: Excadrill|Excadrill, L50, F|100/100\n|switch|p2a: Sneasler|Sneasler, L50, F|100/100\n|switch|p2b: Milotic|Milotic, L50, F|100/100\n|-weather|Sandstorm|[from] ability: Sand Stream|[of] p1a: Tyranitar\n|turn|1\n|j| Raynobi\n|\n|t:|1775930431\n|switch|p1a: Sinistcha|Sinistcha, L50|100/100\n|move|p1b: Excadrill|Protect|p1b: Excadrill\n|-singleturn|p1b: Excadrill|Protect\n|move|p2a: Sneasler|Fake Out|p1b: Excadrill\n|-activate|p1b: Excadrill|move: Protect\n|move|p2b: Milotic|Coil|p2b: Milotic\n|-boost|p2b: Milotic|atk|1\n|-boost|p2b: Milotic|def|1\n|-boost|p2b: Milotic|accuracy|1\n|\n|-weather|Sandstorm|[upkeep]\n|-damage|p2a: Sneasler|95/100|[from] Sandstorm\n|-damage|p2b: Milotic|95/100|[from] Sandstorm\n|-damage|p1a: Sinistcha|94/100|[from] Sandstorm\n|-heal|p2b: Milotic|100/100|[from] item: Leftovers\n|-heal|p1a: Sinistcha|100/100|[from] item: Leftovers\n|upkeep\n|turn|2\n|\n|t:|1775930441\n|move|p2a: Sneasler|Protect|p2a: Sneasler\n|-singleturn|p2a: Sneasler|Protect\n|move|p1b: Excadrill|Earthquake|p2b: Milotic|[spread] p1a,p2b\n|-activate|p2a: Sneasler|move: Protect\n|-resisted|p1a: Sinistcha|1\n|-damage|p1a: Sinistcha|82/100\n|-damage|p2b: Milotic|72/100\n|move|p2b: Milotic|Coil|p2b: Milotic\n|-boost|p2b: Milotic|atk|1\n|-boost|p2b: Milotic|def|1\n|-boost|p2b: Milotic|accuracy|1\n|move|p1a: Sinistcha|Matcha Gotcha|p2b: Milotic|[spread] \n|-activate|p2a: Sneasler|move: Protect\n|-miss|p1a: Sinistcha|p2b: Milotic\n|\n|-weather|Sandstorm|[upkeep]\n|-damage|p2a: Sneasler|89/100|[from] Sandstorm\n|-damage|p2b: Milotic|66/100|[from] Sandstorm\n|-damage|p1a: Sinistcha|76/100|[from] Sandstorm\n|-heal|p2b: Milotic|72/100|[from] item: Leftovers\n|-heal|p1a: Sinistcha|82/100|[from] item: Leftovers\n|upkeep\n|turn|3\n|\n|t:|1775930448\n|switch|p2a: Talonflame|Talonflame, L50, M|100/100\n|move|p1b: Excadrill|Earthquake|p2b: Milotic|[spread] p1a,p2b\n|-immune|p2a: Talonflame\n|-resisted|p1a: Sinistcha|1\n|-damage|p1a: Sinistcha|65/100\n|-damage|p2b: Milotic|51/100\n|move|p2b: Milotic|Hypnosis|p1a: Sinistcha\n|-status|p1a: Sinistcha|slp|[from] move: Hypnosis\n|cant|p1a: Sinistcha|slp\n|\n|-weather|Sandstorm|[upkeep]\n|-damage|p2a: Talonflame|95/100|[from] Sandstorm\n|-damage|p2b: Milotic|45/100|[from] Sandstorm\n|-damage|p1a: Sinistcha|58/100 slp|[from] Sandstorm\n|-heal|p2b: Milotic|51/100|[from] item: Leftovers\n|-heal|p1a: Sinistcha|65/100 slp|[from] item: Leftovers\n|upkeep\n|turn|4\n|l| ffttossenz\n|j| 471 Scyther\n|\n|t:|1775930473\n|switch|p1a: Tyranitar|Tyranitar, L50, M|100/100\n|move|p1b: Excadrill|Protect|p1b: Excadrill\n|-singleturn|p1b: Excadrill|Protect\n|move|p2a: Talonflame|Acrobatics|p1a: Tyranitar\n|-resisted|p1a: Tyranitar|1\n|-damage|p1a: Tyranitar|86/100\n|move|p2b: Milotic|Recover|p2b: Milotic\n|-heal|p2b: Milotic|100/100\n|\n|-weather|Sandstorm|[upkeep]\n|-damage|p2a: Talonflame|89/100|[from] Sandstorm\n|-damage|p2b: Milotic|95/100|[from] Sandstorm\n|-heal|p2b: Milotic|100/100|[from] item: Leftovers\n|upkeep\n|turn|5\n|\n|t:|1775930491\n|switch|p1b: Sinistcha|Sinistcha, L50|65/100 slp\n|-heal|p1a: Tyranitar|100/100|[from] ability: Hospitality|[of] p1b: Sinistcha\n|move|p2a: Talonflame|Protect|p2a: Talonflame\n|-singleturn|p2a: Talonflame|Protect\n|move|p2b: Milotic|Muddy Water|p1b: Sinistcha|[spread] p1a,p1b\n|-supereffective|p1a: Tyranitar|1\n|-resisted|p1b: Sinistcha|1\n|-damage|p1a: Tyranitar|74/100\n|-damage|p1b: Sinistcha|54/100 slp\n|move|p1a: Tyranitar|Rock Slide|p2b: Milotic|[spread] p2b\n|-activate|p2a: Talonflame|move: Protect\n|-damage|p2b: Milotic|85/100\n|\n|-weather|none\n|-heal|p2b: Milotic|91/100|[from] item: Leftovers\n|-heal|p1b: Sinistcha|60/100 slp|[from] item: Leftovers\n|upkeep\n|turn|6\n|c|\u2606howdy12345|Clever\n|c|\u2606howdy12345|Coil milotic with competitive\n|inactive|howdy12345 has 30 seconds left.\n|c|\u2606salt_water123|I mean it\u2019s a standard coil set\n|c|\u2606salt_water123|just very effective\n|inactive|howdy12345 has 20 seconds left.\n|inactive|howdy12345 has 15 seconds left.\n|\n|t:|1775930532\n|detailschange|p1a: Tyranitar|Tyranitar-Mega, L50, M\n|-mega|p1a: Tyranitar|Tyranitar|Tyranitarite\n|-weather|Sandstorm|[from] ability: Sand Stream|[of] p1a: Tyranitar\n|move|p2a: Talonflame|Acrobatics|p1b: Sinistcha\n|-supereffective|p1b: Sinistcha|1\n|-damage|p1b: Sinistcha|0 fnt\n|faint|p1b: Sinistcha\n|move|p2b: Milotic|Hypnosis|p1a: Tyranitar\n|-status|p1a: Tyranitar|slp|[from] move: Hypnosis\n|cant|p1a: Tyranitar|slp\n|\n|-weather|Sandstorm|[upkeep]\n|-damage|p2a: Talonflame|83/100|[from] Sandstorm\n|-damage|p2b: Milotic|85/100|[from] Sandstorm\n|-heal|p2b: Milotic|91/100|[from] item: Leftovers\n|upkeep\n|j| ido1234567890\n|\n|t:|1775930544\n|switch|p1b: Rotom|Rotom-Heat, L50|100/100\n|turn|7\n|\n|t:|1775930558\n|move|p1b: Rotom|Volt Switch|p2b: Milotic\n|-supereffective|p2b: Milotic|1\n|-damage|p2b: Milotic|55/100\n|\n|t:|1775930561\n|switch|p1b: Excadrill|Excadrill, L50, F|100/100|[from] Volt Switch\n|move|p2a: Talonflame|Tailwind|p2a: Talonflame\n|-sidestart|p2: salt_water123|move: Tailwind\n|move|p2b: Milotic|Hypnosis|p1b: Excadrill\n|-status|p1b: Excadrill|slp|[from] move: Hypnosis\n|-curestatus|p1a: Tyranitar|slp|[msg]\n|move|p1a: Tyranitar|Rock Slide|p2b: Milotic|[spread] p2a,p2b\n|-supereffective|p2a: Talonflame|2\n|-damage|p2a: Talonflame|0 fnt\n|-damage|p2b: Milotic|39/100\n|faint|p2a: Talonflame\n|\n|-weather|Sandstorm|[upkeep]\n|-damage|p2b: Milotic|33/100|[from] Sandstorm\n|-heal|p2b: Milotic|39/100|[from] item: Leftovers\n|upkeep\n|\n|t:|1775930564\n|switch|p2a: Sneasler|Sneasler, L50, F|89/100\n|turn|8\n|j| LamestAmos\n|\n|t:|1775930582\n|cant|p1b: Excadrill|slp\n|move|p1a: Tyranitar|Protect|p1a: Tyranitar\n|-singleturn|p1a: Tyranitar|Protect\n|move|p2a: Sneasler|Close Combat|p1a: Tyranitar\n|-activate|p1a: Tyranitar|move: Protect\n|move|p2b: Milotic|Recover|p2b: Milotic\n|-heal|p2b: Milotic|89/100\n|\n|-weather|Sandstorm|[upkeep]\n|-damage|p2a: Sneasler|83/100|[from] Sandstorm\n|-damage|p2b: Milotic|83/100|[from] Sandstorm\n|-heal|p2b: Milotic|89/100|[from] item: Leftovers\n|upkeep\n|turn|9\n|j| Loppi Loppi\n|\n|t:|1775930605\n|switch|p1a: Rotom|Rotom-Heat, L50|100/100\n|move|p2a: Sneasler|Close Combat|p1b: Excadrill\n|-supereffective|p1b: Excadrill|1\n|-enditem|p1b: Excadrill|Focus Sash\n|-damage|p1b: Excadrill|1/100 slp\n|-unboost|p2a: Sneasler|def|1\n|-unboost|p2a: Sneasler|spd|1\n|-enditem|p2a: Sneasler|White Herb\n|-clearnegativeboost|p2a: Sneasler|[silent]\n|cant|p1b: Excadrill|slp\n|move|p2b: Milotic|Muddy Water|p1b: Excadrill|[spread] p1a,p1b\n|-supereffective|p1a: Rotom|1\n|-supereffective|p1b: Excadrill|1\n|-damage|p1a: Rotom|39/100\n|-damage|p1b: Excadrill|0 fnt\n|faint|p1b: Excadrill\n|\n|-weather|Sandstorm|[upkeep]\n|-damage|p2a: Sneasler|78/100|[from] Sandstorm\n|-damage|p1a: Rotom|34/100|[from] Sandstorm\n|-damage|p2b: Milotic|83/100|[from] Sandstorm\n|-heal|p2b: Milotic|89/100|[from] item: Leftovers\n|upkeep\n|l| LamestAmos\n|\n|t:|1775930619\n|switch|p1b: Tyranitar|Tyranitar-Mega, L50, M|74/100\n|turn|10\n|j| A Regu1ar Guy\n|c|\u2606howdy12345|Darn\n|c|\u2606howdy12345|I didn't see tailwind go up\n|c|\u2606salt_water123|Milo farming\n|l| A Regu1ar Guy\n|c|\u2606salt_water123|gg I think\n|\n|t:|1775930644\n|move|p1b: Tyranitar|Protect|p1b: Tyranitar\n|-singleturn|p1b: Tyranitar|Protect\n|move|p2a: Sneasler|Close Combat|p1a: Rotom\n|-damage|p1a: Rotom|0 fnt\n|-unboost|p2a: Sneasler|def|1\n|-unboost|p2a: Sneasler|spd|1\n|faint|p1a: Rotom\n|move|p2b: Milotic|Muddy Water|p1b: Tyranitar\n|-activate|p1b: Tyranitar|move: Protect\n|\n|-weather|none\n|-heal|p2b: Milotic|95/100|[from] item: Leftovers\n|-sideend|p2: salt_water123|move: Tailwind\n|upkeep\n|turn|11\n|\n|t:|1775930649\n|move|p2a: Sneasler|Close Combat|p1b: Tyranitar\n|-supereffective|p1b: Tyranitar|2\n|-damage|p1b: Tyranitar|0 fnt\n|-unboost|p2a: Sneasler|def|1\n|-unboost|p2a: Sneasler|spd|1\n|faint|p1b: Tyranitar\n|\n|win|salt_water123\n|n|\u2606howdy12345|howdy12345\n|n|\u2606salt_water123|saltwater123\n|n| typhoeusvgc|typhoeusvgc\n|n| theoduron|theoduron\n|n| knoxxzeta|knoxxzeta\n|n| clodsire92744|clodsire92744\n|n| puritypoke|puritypoke\n|n| WonJaeLeeBaby|wonjaeleebaby\n|n| jeffthemalmar|jeffthemalmar\n|n| lSuis|lsuis\n|n| Raynobi|raynobi\n|n| 471 Scyther|471scyther\n|n| ido1234567890|ido1234567890\n|n| Loppi Loppi|loppiloppi\n",
  "uploadtime": 1775930649,
  "views": 14,
  "formatid": "gen9championsvgc2026regma",
  "rating": null,
  "private": 0,
  "password": null
}