{
  "id": "gen9championsvgc2026regma-2582166442",
  "format": "[Gen 9 Champions] VGC 2026 Reg M-A",
  "players": [
    "clammer9",
    "shanniktheworst"
  ],
  "log": "|j|\u2606clammer9\n|j|\u2606shanniktheworst\n|t:|1776066460\n|gametype|doubles\n|player|p1|clammer9|101|1000\n|player|p2|shanniktheworst|giovanni|1056\n|gen|9\n|tier|[Gen 9 Champions] VGC 2026 Reg M-A\n|rated|\n|rule|Species Clause: Limit one of each Pok\u00e9mon\n|rule|Item Clause: Limit 1 of each item\n|clearpoke\n|poke|p1|Lucario, L50, M|\n|poke|p1|Incineroar, L50, F|\n|poke|p1|Dragapult, L50, F|\n|poke|p1|Goodra, L50, F|\n|poke|p1|Araquanid, L50, M|\n|poke|p1|Medicham, L50, F|\n|poke|p2|Charizard, L50, M|\n|poke|p2|Venusaur, L50, F|\n|poke|p2|Farigiraf, L50, M|\n|poke|p2|Torkoal, L50, M|\n|poke|p2|Empoleon, L50, F|\n|poke|p2|Whimsicott, L50, M|\n|teampreview|4\n|inactive|Battle timer is ON: inactive players will automatically lose when time's up. (requested by shanniktheworst)\n|inactive|clammer9 has 60 seconds left.\n|\n|t:|1776066499\n|teamsize|p1|4\n|teamsize|p2|4\n|start\n|switch|p1a: Incineroar|Incineroar, L50, F|100/100\n|switch|p1b: Lucario|Lucario, L50, M|100/100\n|switch|p2a: Torkoal|Torkoal, L50, M|100/100\n|switch|p2b: Farigiraf|Farigiraf, L50, M|100/100\n|-ability|p1a: Incineroar|Intimidate|boost\n|-unboost|p2a: Torkoal|atk|1\n|-unboost|p2b: Farigiraf|atk|1\n|-weather|SunnyDay|[from] ability: Drought|[of] p2a: Torkoal\n|turn|1\n|inactive|clammer9 has 30 seconds left.\n|\n|t:|1776066525\n|switch|p1b: Goodra|Goodra, L50, F|100/100\n|move|p2a: Torkoal|Protect|p2a: Torkoal\n|-singleturn|p2a: Torkoal|Protect\n|move|p1a: Incineroar|Flare Blitz|p2b: Farigiraf\n|-damage|p2b: Farigiraf|17/100\n|-damage|p1a: Incineroar|66/100|[from] Recoil\n|move|p2b: Farigiraf|Trick Room|p2b: Farigiraf\n|-fieldstart|move: Trick Room|[of] p2b: Farigiraf\n|\n|-weather|SunnyDay|[upkeep]\n|upkeep\n|turn|2\n|inactive|clammer9 has 30 seconds left.\n|\n|t:|1776066556\n|switch|p1b: Araquanid|Araquanid, L50, M|100/100\n|move|p2b: Farigiraf|Helping Hand|p2a: Torkoal\n|-singleturn|p2a: Torkoal|Helping Hand|[of] p2b: Farigiraf\n|move|p2a: Torkoal|Eruption|p1a: Incineroar|[spread] p1a,p1b\n|-resisted|p1a: Incineroar|1\n|-damage|p1a: Incineroar|15/100\n|-damage|p1b: Araquanid|50/100\n|-enditem|p1a: Incineroar|Sitrus Berry|[eat]\n|-heal|p1a: Incineroar|40/100|[from] item: Sitrus Berry\n|move|p1a: Incineroar|Parting Shot|p2a: Torkoal\n|-unboost|p2a: Torkoal|atk|1\n|-unboost|p2a: Torkoal|spa|1\n|\n|t:|1776066576\n|switch|p1a: Goodra|Goodra, L50, F|100/100|[from] Parting Shot\n|\n|-weather|SunnyDay|[upkeep]\n|upkeep\n|turn|3\n|\n|t:|1776066593\n|move|p2b: Farigiraf|Helping Hand|p2a: Torkoal\n|-singleturn|p2a: Torkoal|Helping Hand|[of] p2b: Farigiraf\n|move|p1b: Araquanid|Wide Guard|p1b: Araquanid\n|-singleturn|p1b: Araquanid|Wide Guard\n|move|p2a: Torkoal|Eruption|p1b: Araquanid|[spread] \n|-activate|p1a: Goodra|move: Wide Guard\n|-activate|p1b: Araquanid|move: Wide Guard\n|move|p1a: Goodra|Flamethrower|p2b: Farigiraf\n|-damage|p2b: Farigiraf|0 fnt\n|faint|p2b: Farigiraf\n|\n|-weather|SunnyDay|[upkeep]\n|upkeep\n|\n|t:|1776066603\n|switch|p2b: Charizard|Charizard, L50, M|100/100\n|turn|4\n|inactive|shanniktheworst has 30 seconds left.\n|\n|t:|1776066637\n|detailschange|p2b: Charizard|Charizard-Mega-Y, L50, M\n|-mega|p2b: Charizard|Charizard|Charizardite Y\n|move|p2a: Torkoal|Helping Hand|p2b: Charizard\n|-singleturn|p2b: Charizard|Helping Hand|[of] p2a: Torkoal\n|move|p1b: Araquanid|Liquidation|p2a: Torkoal\n|-supereffective|p2a: Torkoal|1\n|-damage|p2a: Torkoal|53/100\n|move|p1a: Goodra|Acid Spray|p2b: Charizard\n|-damage|p2b: Charizard|88/100\n|-unboost|p2b: Charizard|spd|2\n|move|p2b: Charizard|Air Slash|p1b: Araquanid\n|-supereffective|p1b: Araquanid|1\n|-damage|p1b: Araquanid|0 fnt\n|faint|p1b: Araquanid\n|\n|-weather|SunnyDay|[upkeep]\n|upkeep\n|\n|t:|1776066653\n|switch|p1b: Incineroar|Incineroar, L50, F|40/100\n|-ability|p1b: Incineroar|Intimidate|boost\n|-unboost|p2a: Torkoal|atk|1\n|-unboost|p2b: Charizard|atk|1\n|turn|5\n|\n|t:|1776066669\n|switch|p2b: Venusaur|Venusaur, L50, F|100/100\n|move|p2a: Torkoal|Protect|p2a: Torkoal\n|-singleturn|p2a: Torkoal|Protect\n|move|p1b: Incineroar|Flare Blitz|p2b: Venusaur\n|-supereffective|p2b: Venusaur|1\n|-damage|p2b: Venusaur|0 fnt\n|faint|p2b: Venusaur\n|-damage|p1b: Incineroar|12/100|[from] Recoil\n|move|p1a: Goodra|Flamethrower|p2a: Torkoal\n|-activate|p2a: Torkoal|move: Protect\n|\n|-weather|none\n|-fieldend|move: Trick Room\n|upkeep\n|\n|t:|1776066679\n|switch|p2b: Charizard|Charizard-Mega-Y, L50, M|88/100\n|-weather|SunnyDay|[from] ability: Drought|[of] p2b: Charizard\n|turn|6\n|\n|t:|1776066697\n|move|p2a: Torkoal|Helping Hand|p2b: Charizard\n|-singleturn|p2b: Charizard|Helping Hand|[of] p2a: Torkoal\n|move|p2b: Charizard|Heat Wave|p1b: Incineroar|[spread] p1a,p1b\n|-resisted|p1a: Goodra|1\n|-resisted|p1b: Incineroar|1\n|-damage|p1a: Goodra|77/100\n|-damage|p1b: Incineroar|0 fnt\n|faint|p1b: Incineroar\n|move|p1a: Goodra|Acid Spray|p2b: Charizard\n|-damage|p2b: Charizard|75/100\n|-unboost|p2b: Charizard|spd|2\n|\n|-weather|SunnyDay|[upkeep]\n|upkeep\n|\n|t:|1776066703\n|switch|p1b: Lucario|Lucario, L50, M|100/100\n|turn|7\n|inactive|clammer9 has 30 seconds left.\n|inactive|clammer9 has 20 seconds left.\n|\n|t:|1776066739\n|move|p2b: Charizard|Protect|p2b: Charizard\n|-singleturn|p2b: Charizard|Protect\n|move|p1b: Lucario|Detect|p1b: Lucario\n|-singleturn|p1b: Lucario|Protect\n|move|p1a: Goodra|Acid Spray|p2b: Charizard\n|-activate|p2b: Charizard|move: Protect\n|move|p2a: Torkoal|Earth Power|p1b: Lucario\n|-activate|p1b: Lucario|move: Protect\n|\n|-weather|SunnyDay|[upkeep]\n|upkeep\n|turn|8\n|inactive|clammer9 has 30 seconds left.\n|\n|t:|1776066766\n|detailschange|p1b: Lucario|Lucario-Mega, L50, M\n|-mega|p1b: Lucario|Lucario|Lucarionite\n|move|p1b: Lucario|Aura Sphere|p2b: Charizard\n|-resisted|p2b: Charizard|1\n|-damage|p2b: Charizard|18/100\n|move|p2b: Charizard|Heat Wave|p1b: Lucario|[spread] p1a,p1b\n|-resisted|p1a: Goodra|1\n|-supereffective|p1b: Lucario|1\n|-damage|p1a: Goodra|59/100\n|-damage|p1b: Lucario|0 fnt\n|faint|p1b: Lucario\n|move|p1a: Goodra|Flamethrower|p2b: Charizard\n|-resisted|p2b: Charizard|1\n|-damage|p2b: Charizard|0 fnt\n|faint|p2b: Charizard\n|move|p2a: Torkoal|Earth Power|p1a: Goodra\n|-damage|p1a: Goodra|50/100\n|\n|-weather|SunnyDay|[upkeep]\n|upkeep\n|turn|9\n|\n|t:|1776066784\n|move|p1a: Goodra|Acid Spray|p2a: Torkoal\n|-damage|p2a: Torkoal|38/100\n|-unboost|p2a: Torkoal|spd|2\n|move|p2a: Torkoal|Earth Power|p1a: Goodra\n|-damage|p1a: Goodra|41/100\n|\n|-weather|SunnyDay|[upkeep]\n|upkeep\n|turn|10\n|\n|t:|1776066795\n|move|p2a: Torkoal|Protect|p2a: Torkoal\n|-singleturn|p2a: Torkoal|Protect\n|move|p1a: Goodra|Acid Spray|p2a: Torkoal\n|-activate|p2a: Torkoal|move: Protect\n|\n|-weather|none\n|upkeep\n|turn|11\n|\n|t:|1776066804\n|move|p1a: Goodra|Acid Spray|p2a: Torkoal\n|-damage|p2a: Torkoal|9/100\n|-unboost|p2a: Torkoal|spd|2\n|move|p2a: Torkoal|Earth Power|p1a: Goodra\n|-damage|p1a: Goodra|31/100\n|\n|upkeep\n|turn|12\n|-message|shanniktheworst forfeited.\n|\n|win|clammer9\n|raw|clammer9's rating: 1000 &rarr; <strong>1046</strong><br />(+46 for winning)\n|raw|shanniktheworst's rating: 1056 &rarr; <strong>1035</strong><br />(-21 for losing)\n|l|\u2606shanniktheworst\n|player|p2|\n|c|\u2606clammer9|gg\n",
  "uploadtime": 1776066817,
  "views": 14,
  "formatid": "gen9championsvgc2026regma",
  "rating": 1035,
  "private": 0,
  "password": null
}