{
  "id": "gen9championsvgc2026regma-2584716550",
  "format": "[Gen 9 Champions] VGC 2026 Reg M-A",
  "players": [
    "Sparkbladexd",
    "Murphy's kitchen"
  ],
  "log": "|j|\u2606Sparkbladexd\n|j|\u2606Murphy's kitchen\n|t:|1776278714\n|gametype|doubles\n|player|p1|Sparkbladexd|265|1376\n|player|p2|Murphy's kitchen|102|1568\n|gen|9\n|tier|[Gen 9 Champions] VGC 2026 Reg M-A\n|rated|\n|rule|Species Clause: Limit one of each Pok\u00e9mon\n|rule|Item Clause: Limit 1 of each item\n|clearpoke\n|poke|p1|Froslass, L50, F|\n|poke|p1|Whimsicott, L50, F|\n|poke|p1|Arcanine-Hisui, L50, M|\n|poke|p1|Kingambit, L50, F|\n|poke|p1|Sneasler, L50, M|\n|poke|p1|Rotom-Wash, L50|\n|poke|p2|Basculegion, L50, M|\n|poke|p2|Aerodactyl, L50, M|\n|poke|p2|Kommo-o, L50, F|\n|poke|p2|Scovillain, L50, F|\n|poke|p2|Scizor, L50, F|\n|poke|p2|Sneasler, L50, F|\n|teampreview|4\n|inactive|Battle timer is ON: inactive players will automatically lose when time's up. (requested by Sparkbladexd)\n|\n|t:|1776278764\n|teamsize|p1|4\n|teamsize|p2|4\n|start\n|switch|p1a: Arcanine|Arcanine-Hisui, L50, M|100/100\n|switch|p1b: Sneasler|Sneasler, L50, M|100/100\n|switch|p2a: Aerodactyl|Aerodactyl, L50, M|100/100\n|switch|p2b: Sneasler|Sneasler, L50, F|100/100\n|-ability|p2a: Aerodactyl|Unnerve\n|-ability|p1a: Arcanine|Intimidate|boost\n|-unboost|p2a: Aerodactyl|atk|1\n|-unboost|p2b: Sneasler|atk|1\n|-enditem|p2b: Sneasler|White Herb\n|-clearnegativeboost|p2b: Sneasler|[silent]\n|turn|1\n|inactive|Murphy's kitchen has 30 seconds left.\n|inactive|Sparkbladexd has 30 seconds left.\n|\n|t:|1776278795\n|move|p2b: Sneasler|Fake Out|p1a: Arcanine\n|-resisted|p1a: Arcanine|1\n|-damage|p1a: Arcanine|92/100\n|move|p1b: Sneasler|Fake Out|p2b: Sneasler\n|-damage|p2b: Sneasler|76/100\n|cant|p1a: Arcanine|flinch\n|move|p2a: Aerodactyl|Dual Wingbeat|p1b: Sneasler\n|-supereffective|p1b: Sneasler|1\n|-damage|p1b: Sneasler|58/100\n|-supereffective|p1b: Sneasler|1\n|-damage|p1b: Sneasler|15/100\n|-hitcount|p1b: Sneasler|2\n|\n|upkeep\n|turn|2\n|inactive|Sparkbladexd has 30 seconds left.\n|\n|t:|1776278822\n|move|p1a: Arcanine|Extreme Speed|p2b: Sneasler\n|-damage|p2b: Sneasler|36/100\n|move|p2b: Sneasler|Close Combat|p1a: Arcanine\n|-supereffective|p1a: Arcanine|1\n|-damage|p1a: Arcanine|0 fnt\n|-unboost|p2b: Sneasler|def|1\n|-unboost|p2b: Sneasler|spd|1\n|faint|p1a: Arcanine\n|move|p2a: Aerodactyl|Rock Slide|p1b: Sneasler\n|-resisted|p1b: Sneasler|1\n|-damage|p1b: Sneasler|0 fnt\n|faint|p1b: Sneasler\n|\n|upkeep\n|\n|t:|1776278828\n|switch|p1b: Froslass|Froslass, L50, F, shiny|100/100\n|switch|p1a: Whimsicott|Whimsicott, L50, F, shiny|100/100\n|turn|3\n|inactive|Sparkbladexd has 30 seconds left.\n|\n|t:|1776278854\n|detailschange|p1b: Froslass|Froslass-Mega, L50, F, shiny\n|-mega|p1b: Froslass|Froslass|Froslassite\n|-weather|Snowscape|[from] ability: Snow Warning|[of] p1b: Froslass\n|move|p1a: Whimsicott|Tailwind|p1a: Whimsicott\n|-sidestart|p1: Sparkbladexd|move: Tailwind\n|move|p1b: Froslass|Blizzard|p2b: Sneasler|[spread] p2a,p2b\n|-supereffective|p2a: Aerodactyl|1\n|-crit|p2b: Sneasler\n|-enditem|p2a: Aerodactyl|Focus Sash\n|-damage|p2a: Aerodactyl|1/100\n|-damage|p2b: Sneasler|0 fnt\n|-status|p2a: Aerodactyl|frz\n|faint|p2b: Sneasler\n|cant|p2a: Aerodactyl|frz\n|\n|-weather|Snowscape|[upkeep]\n|upkeep\n|\n|t:|1776278870\n|switch|p2b: Scizor|Scizor, L50, F|100/100\n|turn|4\n|\n|t:|1776278891\n|move|p2b: Scizor|Bullet Punch|p1b: Froslass\n|-supereffective|p1b: Froslass|1\n|-damage|p1b: Froslass|11/100\n|move|p1b: Froslass|Shadow Ball|p2b: Scizor\n|-damage|p2b: Scizor|50/100\n|move|p1a: Whimsicott|Moonblast|p2b: Scizor\n|-resisted|p2b: Scizor|1\n|-damage|p2b: Scizor|28/100\n|cant|p2a: Aerodactyl|frz\n|\n|-weather|Snowscape|[upkeep]\n|upkeep\n|turn|5\n|inactive|Sparkbladexd has 30 seconds left.\n|\n|t:|1776278920\n|move|p2b: Scizor|Bullet Punch|p1b: Froslass\n|-supereffective|p1b: Froslass|1\n|-damage|p1b: Froslass|0 fnt\n|faint|p1b: Froslass\n|move|p1a: Whimsicott|Moonblast|p2a: Aerodactyl\n|-damage|p2a: Aerodactyl|0 fnt\n|faint|p2a: Aerodactyl\n|\n|-weather|Snowscape|[upkeep]\n|upkeep\n|-message|Sparkbladexd forfeited.\n|\n|win|Murphy's kitchen\n|raw|Sparkbladexd's rating: 1376 &rarr; <strong>1366</strong><br />(-10 for losing)\n|raw|Murphy&apos;s kitchen's rating: 1568 &rarr; <strong>1578</strong><br />(+10 for winning)\n|l|\u2606Sparkbladexd\n|player|p1|\n",
  "uploadtime": 1776278934,
  "views": 59,
  "formatid": "gen9championsvgc2026regma",
  "rating": 1366,
  "private": 0,
  "password": null
}