{
  "id": "gen9championsvgc2026regma-2583689754",
  "format": "[Gen 9 Champions] VGC 2026 Reg M-A",
  "players": [
    "Gnam219416",
    "Senurah"
  ],
  "log": "|j|\u2606Gnam219416\n|j|\u2606Senurah\n|t:|1776191214\n|gametype|doubles\n|player|p1|Gnam219416|102|1094\n|player|p2|Senurah|red-masters|1075\n|gen|9\n|tier|[Gen 9 Champions] VGC 2026 Reg M-A\n|rated|\n|rule|Species Clause: Limit one of each Pok\u00e9mon\n|rule|Item Clause: Limit 1 of each item\n|clearpoke\n|poke|p1|Garchomp, L50, F|\n|poke|p1|Rotom-Wash, L50|\n|poke|p1|Gardevoir, L50, F|\n|poke|p1|Dragonite, L50, F|\n|poke|p1|Archaludon, L50, F|\n|poke|p1|Pelipper, L50, F|\n|poke|p2|Charizard, L50, M|\n|poke|p2|Venusaur, L50, M|\n|poke|p2|Blastoise, L50, M|\n|poke|p2|Pikachu, L50, M|\n|poke|p2|Espeon, L50, F|\n|poke|p2|Snorlax, L50, M|\n|teampreview|4\n|inactive|Battle timer is ON: inactive players will automatically lose when time's up. (requested by Gnam219416)\nGnam219416 has agreed to open team sheets.\n|\n|t:|1776191241\n|teamsize|p1|4\n|teamsize|p2|4\n|start\n|switch|p1a: Pelipper|Pelipper, L50, F|100/100\n|switch|p1b: Gardevoir|Gardevoir, L50, F|100/100\n|switch|p2a: Blastoise|Blastoise, L50, M|100/100\n|switch|p2b: Charizard|Charizard, L50, M|100/100\n|-weather|RainDance|[from] ability: Drizzle|[of] p1a: Pelipper\n|turn|1\n|\n|t:|1776191266\n|detailschange|p2b: Charizard|Charizard-Mega-Y, L50, M\n|-mega|p2b: Charizard|Charizard|Charizardite Y\n|-weather|SunnyDay|[from] ability: Drought|[of] p2b: Charizard\n|detailschange|p1b: Gardevoir|Gardevoir-Mega, L50, F\n|-mega|p1b: Gardevoir|Gardevoir|Gardevoirite\n|move|p1a: Pelipper|Wide Guard|p1a: Pelipper\n|-singleturn|p1a: Pelipper|Wide Guard\n|move|p2a: Blastoise|Fake Out|p1b: Gardevoir\n|-damage|p1b: Gardevoir|92/100\n|move|p2b: Charizard|Heat Wave|p1a: Pelipper|[spread] \n|-activate|p1a: Pelipper|move: Wide Guard\n|-activate|p1b: Gardevoir|move: Wide Guard\n|cant|p1b: Gardevoir|flinch\n|\n|-weather|SunnyDay|[upkeep]\n|upkeep\n|turn|2\n|inactive|Senurah has 30 seconds left.\n|\n|t:|1776191293\n|move|p1a: Pelipper|Wide Guard|p1a: Pelipper\n|-singleturn|p1a: Pelipper|Wide Guard\n|move|p2b: Charizard|Blast Burn|p1b: Gardevoir\n|-damage|p1b: Gardevoir|0 fnt\n|-mustrecharge|p2b: Charizard\n|faint|p1b: Gardevoir\n|move|p2a: Blastoise|Life Dew||[still]|[still]|[spread] \n|-fail|p2a: Blastoise|heal\n|-fail|p2b: Charizard|heal\n|\n|-weather|SunnyDay|[upkeep]\n|upkeep\n|\n|t:|1776191309\n|switch|p1b: Rotom|Rotom-Wash, L50|100/100\n|turn|3\n|\n|t:|1776191317\n|switch|p1a: Archaludon|Archaludon, L50, F|100/100\n|cant|p2b: Charizard|recharge\n|move|p1b: Rotom|Hydro Pump|p2b: Charizard\n|-supereffective|p2b: Charizard|1\n|-damage|p2b: Charizard|48/100\n|move|p2a: Blastoise|Icy Wind|p1a: Archaludon|[spread] p1a,p1b\n|-resisted|p1b: Rotom|1\n|-damage|p1a: Archaludon|92/100\n|-damage|p1b: Rotom|96/100\n|-unboost|p1a: Archaludon|spe|1\n|-unboost|p1b: Rotom|spe|1\n|-ability|p1a: Archaludon|Stamina|boost\n|-boost|p1a: Archaludon|def|1\n|\n|-weather|SunnyDay|[upkeep]\n|-heal|p1b: Rotom|100/100|[from] item: Leftovers\n|upkeep\n|turn|4\n|inactive|Gnam219416 has 30 seconds left.\n|inactive|Senurah has 30 seconds left.\n|\n|t:|1776191357\n|switch|p2b: Venusaur|Venusaur, L50, M|100/100\n|move|p2a: Blastoise|Life Dew||[still]|[still]|[spread] \n|-fail|p2a: Blastoise|heal\n|-fail|p2b: Venusaur|heal\n|move|p1b: Rotom|Thunderbolt|p2b: Venusaur\n|-resisted|p2b: Venusaur|1\n|-damage|p2b: Venusaur|78/100\n|move|p1a: Archaludon|Electro Shot||[still]\n|-prepare|p1a: Archaludon|Electro Shot\n|-boost|p1a: Archaludon|spa|1\n|\n|-weather|SunnyDay|[upkeep]\n|upkeep\n|turn|5\n|inactive|Gnam219416 has 30 seconds left.\n|\n|t:|1776191388\n|move|p2a: Blastoise|Helping Hand|p2b: Venusaur\n|-singleturn|p2b: Venusaur|Helping Hand|[of] p2a: Blastoise\n|move|p2b: Venusaur|Energy Ball|p1b: Rotom\n|-supereffective|p1b: Rotom|1\n|-damage|p1b: Rotom|0 fnt\n|faint|p1b: Rotom\n|move|p1a: Archaludon|Electro Shot|p2a: Blastoise|[from] lockedmove\n|-supereffective|p2a: Blastoise|1\n|-damage|p2a: Blastoise|18/100\n|-heal|p1a: Archaludon|100/100|[from] item: Shell Bell|[of] p2a: Blastoise\n|\n|-weather|none\n|-heal|p2a: Blastoise|24/100|[from] item: Leftovers\n|upkeep\n|\n|t:|1776191399\n|switch|p1b: Pelipper|Pelipper, L50, F|100/100\n|-weather|RainDance|[from] ability: Drizzle|[of] p1b: Pelipper\n|turn|6\n|\n|t:|1776191414\n|switch|p2b: Pikachu|Pikachu, L50, M|100/100\n|move|p1b: Pelipper|Tailwind|p1b: Pelipper\n|-sidestart|p1: Gnam219416|move: Tailwind\n|move|p1a: Archaludon|Electro Shot||[still]\n|-prepare|p1a: Archaludon|Electro Shot\n|-boost|p1a: Archaludon|spa|1\n|-anim|p1a: Archaludon|Electro Shot|p2b: Pikachu\n|-ability|p2b: Pikachu|Lightning Rod|boost\n|-boost|p2b: Pikachu|spa|1\n|move|p2a: Blastoise|Life Dew||[still]|[spread] p2a,p2b\n|-heal|p2a: Blastoise|49/100\n|-fail|p2b: Pikachu|heal\n|\n|-weather|RainDance|[upkeep]\n|-heal|p2a: Blastoise|55/100|[from] ability: Rain Dish\n|-heal|p2a: Blastoise|61/100|[from] item: Leftovers\n|upkeep\n|turn|7\n|-message|Gnam219416 forfeited.\n|\n|win|Senurah\n|raw|Gnam219416's rating: 1094 &rarr; <strong>1069</strong><br />(-25 for losing)\n|raw|Senurah's rating: 1075 &rarr; <strong>1105</strong><br />(+30 for winning)\n|l|\u2606Gnam219416\n|player|p1|\n",
  "uploadtime": 1776191434,
  "views": 25,
  "formatid": "gen9championsvgc2026regma",
  "rating": 1069,
  "private": 0,
  "password": null
}