{
  "id": "gen9championsvgc2026regma-2583464718",
  "format": "[Gen 9 Champions] VGC 2026 Reg M-A",
  "players": [
    "mangosalmonpoke",
    "Martonn56"
  ],
  "log": "|j|\u2606mangosalmonpoke\n|j|\u2606Martonn56\n|t:|1776177362\n|gametype|doubles\n|player|p1|mangosalmonpoke|265|1071\n|player|p2|Martonn56|flannery|1000\n|gen|9\n|tier|[Gen 9 Champions] VGC 2026 Reg M-A\n|rated|\n|rule|Species Clause: Limit one of each Pok\u00e9mon\n|rule|Item Clause: Limit 1 of each item\n|clearpoke\n|poke|p1|Meganium, L50, M|\n|poke|p1|Pelipper, L50, F|\n|poke|p1|Basculegion, L50, M|\n|poke|p1|Archaludon, L50, F|\n|poke|p1|Sneasler, L50, F|\n|poke|p1|Garchomp, L50, M|\n|poke|p2|Kingambit, L50, M|\n|poke|p2|Incineroar, L50, F|\n|poke|p2|Milotic, L50, F|\n|poke|p2|Delphox, L50, F|\n|poke|p2|Meowstic, L50, M|\n|poke|p2|Sneasler, L50, F|\n|teampreview|4\n|inactive|Battle timer is ON: inactive players will automatically lose when time's up. (requested by mangosalmonpoke)\n|inactive|mangosalmonpoke has 60 seconds left.\n|inactive|mangosalmonpoke has 30 seconds left.\n|\n|t:|1776177442\n|teamsize|p1|4\n|teamsize|p2|4\n|start\n|switch|p1a: Sneasler|Sneasler, L50, F|100/100\n|switch|p1b: Basculegion|Basculegion, L50, M|100/100\n|switch|p2a: Sneasler|Sneasler, L50, F|100/100\n|switch|p2b: Meowstic|Meowstic, L50, M|100/100\n|turn|1\n|inactive|mangosalmonpoke has 30 seconds left.\n|inactive|mangosalmonpoke has 20 seconds left.\n|\n|t:|1776177480\n|move|p2a: Sneasler|Fake Out|p1a: Sneasler\n|-damage|p1a: Sneasler|77/100\n|cant|p1a: Sneasler|flinch\n|move|p1b: Basculegion|Flip Turn|p2a: Sneasler\n|-damage|p2a: Sneasler|31/100\n|\n|t:|1776177496\n|switch|p1b: Garchomp|Garchomp, L50, M|100/100|[from] Flip Turn\n|move|p2b: Meowstic|Thunderbolt|p1b: Garchomp\n|-immune|p1b: Garchomp\n|\n|upkeep\n|turn|2\n|\n|t:|1776177516\n|switch|p2b: Milotic|Milotic, L50, F|100/100\n|move|p1a: Sneasler|Protect|p1a: Sneasler\n|-singleturn|p1a: Sneasler|Protect\n|move|p2a: Sneasler|U-turn|p1a: Sneasler\n|-activate|p1a: Sneasler|move: Protect\n|move|p1b: Garchomp|Earthquake|p2b: Milotic|[spread] p2a,p2b\n|-activate|p1a: Sneasler|move: Protect\n|-supereffective|p2a: Sneasler|1\n|-damage|p2a: Sneasler|0 fnt\n|-damage|p2b: Milotic|46/100\n|faint|p2a: Sneasler\n|\n|-heal|p2b: Milotic|52/100|[from] item: Leftovers\n|upkeep\n|\n|t:|1776177528\n|switch|p2a: Delphox|Delphox, L50, F, shiny|100/100\n|turn|3\n|\n|t:|1776177542\n|switch|p1a: Meganium|Meganium, L50, M|100/100\n|detailschange|p2a: Delphox|Delphox-Mega, L50, F, shiny\n|-mega|p2a: Delphox|Delphox|Delphoxite\n|move|p2a: Delphox|Expanding Force|p1a: Meganium\n|-damage|p1a: Meganium|57/100\n|move|p1b: Garchomp|Stomping Tantrum|p2a: Delphox\n|-immune|p2a: Delphox|[from] ability: Levitate\n|move|p2b: Milotic|Icy Wind|p1b: Garchomp|[spread] p1a,p1b\n|-supereffective|p1a: Meganium|1\n|-supereffective|p1b: Garchomp|2\n|-damage|p1a: Meganium|36/100\n|-damage|p1b: Garchomp|55/100\n|-unboost|p1a: Meganium|spe|1\n|-unboost|p1b: Garchomp|spe|1\n|\n|-heal|p2b: Milotic|58/100|[from] item: Leftovers\n|upkeep\n|turn|4\n|inactive|mangosalmonpoke has 30 seconds left.\n|inactive|mangosalmonpoke has 20 seconds left.\n|inactive|mangosalmonpoke has 15 seconds left.\n|\n|t:|1776177584\n|switch|p1a: Basculegion|Basculegion, L50, M|100/100\n|move|p1b: Garchomp|Protect|p1b: Garchomp\n|-singleturn|p1b: Garchomp|Protect\n|move|p2a: Delphox|Heat Wave|p1b: Garchomp|[spread] p1a\n|-activate|p1b: Garchomp|move: Protect\n|-resisted|p1a: Basculegion|1\n|-damage|p1a: Basculegion|77/100\n|move|p2b: Milotic|Alluring Voice|p1b: Garchomp\n|-activate|p1b: Garchomp|move: Protect\n|\n|-heal|p2b: Milotic|64/100|[from] item: Leftovers\n|upkeep\n|turn|5\n|\n|t:|1776177605\n|switch|p1b: Meganium|Meganium, L50, M|36/100\n|move|p2a: Delphox|Protect|p2a: Delphox\n|-singleturn|p2a: Delphox|Protect\n|move|p1a: Basculegion|Wave Crash|p2a: Delphox\n|-activate|p2a: Delphox|move: Protect\n|move|p2b: Milotic|Icy Wind|p1b: Meganium|[spread] p1a,p1b\n|-resisted|p1a: Basculegion|1\n|-supereffective|p1b: Meganium|1\n|-damage|p1a: Basculegion|71/100\n|-damage|p1b: Meganium|13/100\n|-unboost|p1a: Basculegion|spe|1\n|-unboost|p1b: Meganium|spe|1\n|\n|-heal|p2b: Milotic|71/100|[from] item: Leftovers\n|upkeep\n|turn|6\n|\n|t:|1776177627\n|move|p1b: Meganium|Protect|p1b: Meganium\n|-singleturn|p1b: Meganium|Protect\n|move|p2a: Delphox|Dazzling Gleam|p1b: Meganium|[spread] p1a\n|-activate|p1b: Meganium|move: Protect\n|-damage|p1a: Basculegion|42/100\n|move|p1a: Basculegion|Wave Crash|p2a: Delphox\n|-supereffective|p2a: Delphox|1\n|-damage|p2a: Delphox|0 fnt\n|faint|p2a: Delphox\n|-damage|p1a: Basculegion|16/100|[from] Recoil\n|move|p2b: Milotic|Alluring Voice|p1a: Basculegion\n|-crit|p1a: Basculegion\n|-damage|p1a: Basculegion|0 fnt\n|faint|p1a: Basculegion\n|\n|-heal|p2b: Milotic|77/100|[from] item: Leftovers\n|upkeep\n|\n|t:|1776177643\n|switch|p2a: Meowstic|Meowstic, L50, M|100/100\n|switch|p1a: Sneasler|Sneasler, L50, F|77/100\n|turn|7\n|\n|t:|1776177652\n|detailschange|p1b: Meganium|Meganium-Mega, L50, M\n|-mega|p1b: Meganium|Meganium|Meganiumite\n|move|p1a: Sneasler|Fake Out|p2b: Milotic\n|-damage|p2b: Milotic|60/100\n|move|p2a: Meowstic|Thunderbolt|p1a: Sneasler\n|-damage|p1a: Sneasler|45/100\n|cant|p2b: Milotic|flinch\n|move|p1b: Meganium|Solar Beam||[still]\n|-prepare|p1b: Meganium|Solar Beam\n|-activate|p1b: Meganium|ability: Mega Sol\n|-anim|p1b: Meganium|Solar Beam|p2b: Milotic\n|-supereffective|p2b: Milotic|1\n|-damage|p2b: Milotic|0 fnt\n|faint|p2b: Milotic\n|\n|upkeep\n|turn|8\n|inactive|mangosalmonpoke has 30 seconds left.\n|\n|t:|1776177681\n|move|p1a: Sneasler|Dire Claw|p2a: Meowstic\n|-damage|p2a: Meowstic|33/100\n|move|p2a: Meowstic|Thunderbolt|p1a: Sneasler\n|-damage|p1a: Sneasler|15/100\n|move|p1b: Meganium|Solar Beam||[still]\n|-prepare|p1b: Meganium|Solar Beam\n|-activate|p1b: Meganium|ability: Mega Sol\n|-anim|p1b: Meganium|Solar Beam|p2a: Meowstic\n|-damage|p2a: Meowstic|0 fnt\n|faint|p2a: Meowstic\n|\n|win|mangosalmonpoke\n|raw|mangosalmonpoke's rating: 1071 &rarr; <strong>1094</strong><br />(+23 for winning)\n|raw|Martonn56's rating: 1000 &rarr; <strong>1000</strong><br />(+0 for losing)\n|l|\u2606Martonn56\n|player|p2|\n",
  "uploadtime": 1776177991,
  "views": 19,
  "formatid": "gen9championsvgc2026regma",
  "rating": 1000,
  "private": 0,
  "password": null
}