{
  "id": "gen9championsvgc2026regma-2585675840",
  "format": "[Gen 9 Champions] VGC 2026 Reg M-A",
  "players": [
    "PolitoedReal",
    "Anditto612"
  ],
  "log": "|j|\u2606PolitoedReal\n|j|\u2606Anditto612\n|t:|1776362915\n|gametype|doubles\n|player|p1|PolitoedReal|265|1239\n|player|p2|Anditto612|266|1168\n|gen|9\n|tier|[Gen 9 Champions] VGC 2026 Reg M-A\n|rated|\n|rule|Species Clause: Limit one of each Pok\u00e9mon\n|rule|Item Clause: Limit 1 of each item\n|clearpoke\n|poke|p1|Pelipper, L50, M|\n|poke|p1|Archaludon, L50, F|\n|poke|p1|Dragonite, L50, F|\n|poke|p1|Basculegion, L50, M|\n|poke|p1|Incineroar, L50, F|\n|poke|p1|Sneasler, L50, M|\n|poke|p2|Typhlosion-Hisui, L50, M|\n|poke|p2|Whimsicott, L50, F|\n|poke|p2|Garchomp, L50, M|\n|poke|p2|Farigiraf, L50, M|\n|poke|p2|Primarina, L50, F|\n|poke|p2|Tauros-Paldea-Aqua, L50, M|\n|teampreview|4\n|inactive|Battle timer is ON: inactive players will automatically lose when time's up. (requested by PolitoedReal)\n|inactive|Anditto612 has 60 seconds left.\n|\n|t:|1776362951\n|teamsize|p1|4\n|teamsize|p2|4\n|start\n|switch|p1a: Incineroar|Incineroar, L50, F|100/100\n|switch|p1b: Sneasler|Sneasler, L50, M|100/100\n|switch|p2a: Garchomp|Garchomp, L50, M|100/100\n|switch|p2b: Whimsicott|Whimsicott, L50, F|100/100\n|-ability|p1a: Incineroar|Intimidate|boost\n|-unboost|p2a: Garchomp|atk|1\n|-unboost|p2b: Whimsicott|atk|1\n|turn|1\n|inactive|Anditto612 has 30 seconds left.\n|\n|t:|1776362984\n|move|p1b: Sneasler|Fake Out|p2a: Garchomp\n|-damage|p2a: Garchomp|85/100\n|move|p2b: Whimsicott|Tailwind|p2b: Whimsicott\n|-sidestart|p2: Anditto612|move: Tailwind\n|cant|p2a: Garchomp|flinch\n|move|p1a: Incineroar|Flare Blitz|p2b: Whimsicott\n|-supereffective|p2b: Whimsicott|1\n|-enditem|p2b: Whimsicott|Focus Sash\n|-damage|p2b: Whimsicott|1/100\n|-damage|p1a: Incineroar|78/100|[from] Recoil\n|\n|upkeep\n|turn|2\n|inactive|Anditto612 has 30 seconds left.\n|inactive|Anditto612 has 20 seconds left.\n|\n|t:|1776363024\n|switch|p1b: Pelipper|Pelipper, L50, M|100/100\n|-weather|RainDance|[from] ability: Drizzle|[of] p1b: Pelipper\n|move|p2b: Whimsicott|Encore||[still]\n|-fail|p2b: Whimsicott\n|move|p2a: Garchomp|Earthquake|p1a: Incineroar|[spread] p2b,p1a\n|-immune|p1b: Pelipper\n|-resisted|p2b: Whimsicott|1\n|-supereffective|p1a: Incineroar|1\n|-damage|p2b: Whimsicott|0 fnt\n|-damage|p1a: Incineroar|34/100\n|faint|p2b: Whimsicott\n|move|p1a: Incineroar|Flare Blitz|p2a: Garchomp\n|-resisted|p2a: Garchomp|1\n|-damage|p2a: Garchomp|73/100\n|-status|p2a: Garchomp|brn\n|-damage|p1a: Incineroar|30/100|[from] Recoil\n|\n|-weather|RainDance|[upkeep]\n|-damage|p2a: Garchomp|67/100 brn|[from] brn\n|upkeep\n|inactive|Anditto612 has 30 seconds left.\n|\n|t:|1776363065\n|switch|p2b: Primarina|Primarina, L50, F|100/100\n|turn|3\n|inactive|PolitoedReal has 30 seconds left.\n|\n|t:|1776363094\n|move|p2a: Garchomp|Rock Slide|p1a: Incineroar|[spread] p1b\n|-miss|p2a: Garchomp|p1a: Incineroar\n|-supereffective|p1b: Pelipper|1\n|-damage|p1b: Pelipper|86/100\n|move|p2b: Primarina|Hyper Voice|p1a: Incineroar|[spread] p1a,p1b\n|-supereffective|p1a: Incineroar|1\n|-resisted|p1b: Pelipper|1\n|-damage|p1a: Incineroar|0 fnt\n|-damage|p1b: Pelipper|42/100\n|faint|p1a: Incineroar\n|move|p1b: Pelipper|Tailwind|p1b: Pelipper\n|-sidestart|p1: PolitoedReal|move: Tailwind\n|\n|-weather|RainDance|[upkeep]\n|-damage|p2a: Garchomp|61/100 brn|[from] brn\n|upkeep\n|inactive|PolitoedReal has 30 seconds left.\n|inactive|PolitoedReal has 20 seconds left.\n|\n|t:|1776363132\n|switch|p1a: Sneasler|Sneasler, L50, M|100/100\n|turn|4\n|\n|t:|1776363141\n|switch|p2a: Farigiraf|Farigiraf, L50, M|100/100\n|move|p1a: Sneasler|Fake Out||[still]\n|cant|p2a: Farigiraf|ability: Armor Tail|Fake Out|[of] p1a: Sneasler\n|move|p1b: Pelipper|Weather Ball|p2a: Farigiraf\n|-damage|p2a: Farigiraf|42/100\n|-enditem|p2a: Farigiraf|Sitrus Berry|[eat]\n|-heal|p2a: Farigiraf|67/100|[from] item: Sitrus Berry\n|move|p2b: Primarina|Hyper Voice|p1b: Pelipper|[spread] p1a,p1b\n|-resisted|p1b: Pelipper|1\n|-damage|p1a: Sneasler|22/100\n|-damage|p1b: Pelipper|0 fnt\n|faint|p1b: Pelipper\n|\n|-weather|RainDance|[upkeep]\n|-sideend|p2: Anditto612|move: Tailwind\n|upkeep\n|\n|t:|1776363151\n|switch|p1b: Dragonite|Dragonite, L50, F, shiny|100/100\n|turn|5\n|\n|t:|1776363166\n|detailschange|p1b: Dragonite|Dragonite-Mega, L50, F, shiny\n|-mega|p1b: Dragonite|Dragonite|Dragoninite\n|move|p2a: Farigiraf|Protect|p2a: Farigiraf\n|-singleturn|p2a: Farigiraf|Protect\n|move|p1a: Sneasler|Close Combat|p2a: Farigiraf\n|-activate|p2a: Farigiraf|move: Protect\n|move|p1b: Dragonite|Thunder|p2b: Primarina\n|-supereffective|p2b: Primarina|1\n|-damage|p2b: Primarina|30/100\n|move|p2b: Primarina|Moonblast|p1b: Dragonite\n|-supereffective|p1b: Dragonite|1\n|-damage|p1b: Dragonite|52/100\n|\n|-weather|RainDance|[upkeep]\n|-heal|p2b: Primarina|36/100|[from] item: Leftovers\n|upkeep\n|turn|6\n|\n|t:|1776363187\n|switch|p2b: Garchomp|Garchomp, L50, M|61/100 brn\n|move|p1a: Sneasler|Close Combat|p2a: Farigiraf\n|-damage|p2a: Farigiraf|21/100\n|-unboost|p1a: Sneasler|def|1\n|-unboost|p1a: Sneasler|spd|1\n|-enditem|p1a: Sneasler|White Herb\n|-clearnegativeboost|p1a: Sneasler|[silent]\n|move|p1b: Dragonite|Thunder|p2b: Garchomp\n|-immune|p2b: Garchomp\n|move|p2a: Farigiraf|Trick Room|p2a: Farigiraf\n|-fieldstart|move: Trick Room|[of] p2a: Farigiraf\n|\n|-weather|none\n|-damage|p2b: Garchomp|55/100 brn|[from] brn\n|-sideend|p1: PolitoedReal|move: Tailwind\n|upkeep\n|turn|7\n|\n|t:|1776363202\n|move|p2a: Farigiraf|Psychic Noise|p1a: Sneasler\n|-supereffective|p1a: Sneasler|2\n|-crit|p1a: Sneasler\n|-damage|p1a: Sneasler|0 fnt\n|faint|p1a: Sneasler\n|move|p1b: Dragonite|Ice Beam|p2b: Garchomp\n|-supereffective|p2b: Garchomp|2\n|-damage|p2b: Garchomp|0 fnt\n|faint|p2b: Garchomp\n|\n|upkeep\n|\n|t:|1776363210\n|switch|p2b: Primarina|Primarina, L50, F|36/100\n|turn|8\n|\n|t:|1776363215\n|move|p2b: Primarina|Moonblast|p1b: Dragonite\n|-supereffective|p1b: Dragonite|1\n|-damage|p1b: Dragonite|0 fnt\n|faint|p1b: Dragonite\n|\n|win|Anditto612\n|raw|PolitoedReal's rating: 1239 &rarr; <strong>1209</strong><br />(-30 for losing)\n|raw|Anditto612's rating: 1168 &rarr; <strong>1198</strong><br />(+30 for winning)\n|l|\u2606PolitoedReal\n|player|p1|\n",
  "uploadtime": 1776363222,
  "views": 23,
  "formatid": "gen9championsvgc2026regma",
  "rating": 1198,
  "private": 0,
  "password": null
}