{
  "id": "gen9championsvgc2026regma-2586967507",
  "format": "[Gen 9 Champions] VGC 2026 Reg M-A",
  "players": [
    "affan423",
    "alkdfe"
  ],
  "log": "|j|\u2606affan423\n|j|\u2606alkdfe\n|t:|1776476553\n|gametype|doubles\n|player|p1|affan423|bugcatcher-gen4dp|1172\n|player|p2|alkdfe|101|1134\n|gen|9\n|tier|[Gen 9 Champions] VGC 2026 Reg M-A\n|rated|\n|rule|Species Clause: Limit one of each Pok\u00e9mon\n|rule|Item Clause: Limit 1 of each item\n|clearpoke\n|poke|p1|Floette-Eternal, L50, F|\n|poke|p1|Milotic, L50, F|\n|poke|p1|Tyranitar, L50, M|\n|poke|p1|Sableye, L50, M|\n|poke|p1|Excadrill, L50, F|\n|poke|p1|Incineroar, L50, F|\n|poke|p2|Floette-Eternal, L50, F|\n|poke|p2|Garchomp, L50, M|\n|poke|p2|Sinistcha, L50|\n|poke|p2|Talonflame, L50, F|\n|poke|p2|Kingambit, L50, F|\n|poke|p2|Delphox, L50, F|\n|teampreview|4\n|inactive|Battle timer is ON: inactive players will automatically lose when time's up. (requested by alkdfe)\n|\n|t:|1776476600\n|teamsize|p1|4\n|teamsize|p2|4\n|start\n|switch|p1a: Tyranitar|Tyranitar, L50, M|100/100\n|switch|p1b: Excadrill|Excadrill, L50, F|100/100\n|switch|p2a: Talonflame|Talonflame, L50, F|100/100\n|switch|p2b: Garchomp|Garchomp, L50, M|100/100\n|-weather|Sandstorm|[from] ability: Sand Stream|[of] p1a: Tyranitar\n|turn|1\n|inactive|affan423 has 30 seconds left.\n|\n|t:|1776476627\n|switch|p1a: Sableye|Sableye, L50, M|100/100\n|move|p2a: Talonflame|Tailwind|p2a: Talonflame\n|-sidestart|p2: alkdfe|move: Tailwind\n|move|p2b: Garchomp|Earthquake|p1a: Sableye|[spread] p1a,p1b\n|-immune|p2a: Talonflame\n|-supereffective|p1b: Excadrill|1\n|-damage|p1a: Sableye|56/100\n|-damage|p1b: Excadrill|0 fnt\n|faint|p1b: Excadrill\n|\n|-weather|Sandstorm|[upkeep]\n|-damage|p2a: Talonflame|95/100|[from] Sandstorm\n|-damage|p1a: Sableye|50/100|[from] Sandstorm\n|upkeep\n|\n|t:|1776476641\n|switch|p1b: Milotic|Milotic, L50, F|100/100\n|turn|2\n|\n|t:|1776476649\n|move|p2b: Garchomp|Protect|p2b: Garchomp\n|-singleturn|p2b: Garchomp|Protect\n|move|p1a: Sableye|Encore|p2a: Talonflame\n|-start|p2a: Talonflame|Encore\n|move|p2a: Talonflame|Tailwind||[still]\n|-fail|p2a: Talonflame\n|move|p1b: Milotic|Scald|p2b: Garchomp\n|-activate|p2b: Garchomp|move: Protect\n|\n|-weather|Sandstorm|[upkeep]\n|-damage|p2a: Talonflame|89/100|[from] Sandstorm\n|-damage|p1b: Milotic|95/100|[from] Sandstorm\n|-damage|p1a: Sableye|44/100|[from] Sandstorm\n|-heal|p1b: Milotic|100/100|[from] item: Leftovers\n|upkeep\n|turn|3\n|inactive|alkdfe has 30 seconds left.\n|inactive|alkdfe has 20 seconds left.\n|\n|t:|1776476686\n|switch|p2a: Floette|Floette-Eternal, L50, F|100/100\n|switch|p2b: Kingambit|Kingambit, L50, F|100/100\n|move|p1a: Sableye|Encore|p2b: Kingambit\n|-hint|Since gen 7, Dark is immune to Prankster moves.\n|-immune|p2b: Kingambit\n|move|p1b: Milotic|Icy Wind|p2a: Floette|[spread] p2a,p2b\n|-resisted|p2b: Kingambit|1\n|-damage|p2a: Floette|90/100\n|-damage|p2b: Kingambit|95/100\n|-unboost|p2a: Floette|spe|1\n|-unboost|p2b: Kingambit|spe|1\n|-ability|p2b: Kingambit|Defiant|boost\n|-boost|p2b: Kingambit|atk|2\n|\n|-weather|Sandstorm|[upkeep]\n|-damage|p2a: Floette|84/100|[from] Sandstorm\n|-damage|p1b: Milotic|95/100|[from] Sandstorm\n|-damage|p1a: Sableye|39/100|[from] Sandstorm\n|-heal|p1b: Milotic|100/100|[from] item: Leftovers\n|upkeep\n|turn|4\n|inactive|alkdfe has 30 seconds left.\n|inactive|affan423 has 30 seconds left.\n|l|\u2606alkdfe\n|inactive|alkdfe disconnected and has a minute to reconnect!\n|player|p2|\n|\n|t:|1776476719\n|detailschange|p2a: Floette|Floette-Mega, L50, F\n|-mega|p2a: Floette|Floette|Floettite\n|-ability|p2a: Floette|Fairy Aura\n|move|p1a: Sableye|Encore||[still]\n|-fail|p1a: Sableye\n|move|p2a: Floette|Dazzling Gleam|p1b: Milotic|[spread] p1a,p1b\n|-supereffective|p1a: Sableye|1\n|-damage|p1a: Sableye|0 fnt\n|-damage|p1b: Milotic|64/100\n|faint|p1a: Sableye\n|move|p2b: Kingambit|Kowtow Cleave|p1b: Milotic\n|-damage|p1b: Milotic|0 fnt\n|faint|p1b: Milotic\n|\n|-weather|Sandstorm|[upkeep]\n|-damage|p2a: Floette|78/100|[from] Sandstorm\n|-sideend|p2: alkdfe|move: Tailwind\n|upkeep\n|j|\u2606alkdfe\n|inactive|alkdfe reconnected.\n|player|p2|alkdfe|101|\n|\n|t:|1776476730\n|switch|p1b: Tyranitar|Tyranitar, L50, M|100/100\n|turn|5\n|\n|t:|1776476741\n|detailschange|p1b: Tyranitar|Tyranitar-Mega, L50, M\n|-mega|p1b: Tyranitar|Tyranitar|Tyranitarite\n|move|p1b: Tyranitar|Rock Slide|p2b: Kingambit|[spread] p2a,p2b\n|-resisted|p2b: Kingambit|1\n|-crit|p2b: Kingambit\n|-damage|p2a: Floette|43/100\n|-damage|p2b: Kingambit|77/100\n|move|p2a: Floette|Light of Ruin|p1b: Tyranitar\n|-supereffective|p1b: Tyranitar|1\n|-damage|p1b: Tyranitar|0 fnt\n|faint|p1b: Tyranitar\n|-damage|p2a: Floette|0 fnt|[from] Recoil\n|faint|p2a: Floette\n|\n|win|alkdfe\n|raw|affan423's rating: 1172 &rarr; <strong>1144</strong><br />(-28 for losing)\n|raw|alkdfe's rating: 1134 &rarr; <strong>1162</strong><br />(+28 for winning)\n|l|\u2606affan423\n|player|p1|\n",
  "uploadtime": 1776476795,
  "views": 33,
  "formatid": "gen9championsvgc2026regma",
  "rating": 1144,
  "private": 0,
  "password": null
}