{
  "id": "gen9championsvgc2026regma-2588098400",
  "format": "[Gen 9 Champions] VGC 2026 Reg M-A",
  "players": [
    "Jhinsoul",
    "Boneyard00"
  ],
  "log": "|j|\u2606Jhinsoul\n|j|\u2606Boneyard00\n|t:|1776604066\n|gametype|doubles\n|player|p1|Jhinsoul|wallace|1078\n|player|p2|Boneyard00|acetrainer-gen4dp|1003\n|gen|9\n|tier|[Gen 9 Champions] VGC 2026 Reg M-A\n|rated|\n|rule|Species Clause: Limit one of each Pok\u00e9mon\n|rule|Item Clause: Limit 1 of each item\n|clearpoke\n|poke|p1|Gengar, L50, M, shiny|\n|poke|p1|Maushold, L50, shiny|\n|poke|p1|Incineroar, L50, M, shiny|\n|poke|p1|Arcanine, L50, M, shiny|\n|poke|p1|Azumarill, L50, F, shiny|\n|poke|p1|Mamoswine, L50, M, shiny|\n|poke|p2|Abomasnow, L50, M|\n|poke|p2|Avalugg, L50, M|\n|poke|p2|Talonflame, L50, F|\n|poke|p2|Basculegion, L50, M|\n|poke|p2|Vanilluxe, L50, M|\n|poke|p2|Alcremie-Salted-Cream, L50, F|\n|teampreview|4\n|inactive|Battle timer is ON: inactive players will automatically lose when time's up. (requested by Jhinsoul)\n|\n|t:|1776604081\n|teamsize|p1|4\n|teamsize|p2|4\n|start\n|switch|p1a: Arcanine|Arcanine, L50, M, shiny|100/100\n|switch|p1b: Maushold|Maushold, L50, shiny|100/100\n|switch|p2a: Northwoods|Abomasnow, L50, M|100/100\n|switch|p2b: Caribbean|Talonflame, L50, F|100/100\n|-weather|Snowscape|[from] ability: Snow Warning|[of] p2a: Northwoods\n|turn|1\n|\n|t:|1776604097\n|move|p2a: Northwoods|Protect|p2a: Northwoods\n|-singleturn|p2a: Northwoods|Protect\n|move|p2b: Caribbean|Tailwind|p2b: Caribbean\n|-sidestart|p2: Boneyard00|move: Tailwind\n|move|p1b: Maushold|Beat Up|p1a: Arcanine\n|-damage|p1a: Arcanine|98/100\n|-ability|p1a: Arcanine|Justified|boost\n|-boost|p1a: Arcanine|atk|1\n|-damage|p1a: Arcanine|96/100\n|-ability|p1a: Arcanine|Justified|boost\n|-boost|p1a: Arcanine|atk|1\n|-damage|p1a: Arcanine|94/100\n|-ability|p1a: Arcanine|Justified|boost\n|-boost|p1a: Arcanine|atk|1\n|-damage|p1a: Arcanine|92/100\n|-ability|p1a: Arcanine|Justified|boost\n|-boost|p1a: Arcanine|atk|1\n|-hitcount|p1a: Arcanine|4\n|move|p1a: Arcanine|Temper Flare|p2a: Northwoods\n|-activate|p2a: Northwoods|move: Protect\n|\n|-weather|Snowscape|[upkeep]\n|upkeep\n|turn|2\n|inactive|Boneyard00 has 30 seconds left.\n|\n|t:|1776604122\n|detailschange|p2a: Northwoods|Abomasnow-Mega, L50, M\n|-mega|p2a: Northwoods|Abomasnow|Abomasite\n|move|p2b: Caribbean|Upper Hand|p1a: Arcanine\n|-damage|p1a: Arcanine|80/100\n|move|p1b: Maushold|Follow Me|p1b: Maushold\n|-singleturn|p1b: Maushold|move: Follow Me\n|cant|p1a: Arcanine|flinch\n|move|p2a: Northwoods|Aurora Veil|p2a: Northwoods\n|-sidestart|p2: Boneyard00|move: Aurora Veil\n|\n|-weather|Snowscape|[upkeep]\n|upkeep\n|turn|3\n|\n|t:|1776604136\n|switch|p2a: Cream Puff|Alcremie-Salted-Cream, L50, F|100/100\n|move|p2b: Caribbean|Brave Bird|p1a: Arcanine\n|-damage|p1a: Arcanine|50/100\n|-enditem|p1a: Arcanine|Sitrus Berry|[eat]\n|-heal|p1a: Arcanine|74/100|[from] item: Sitrus Berry\n|-damage|p2b: Caribbean|91/100|[from] Recoil\n|move|p1b: Maushold|Encore|p2a: Cream Puff\n|-block|p2a: Cream Puff|ability: Aroma Veil|[of] p2a: Cream Puff\n|move|p1a: Arcanine|Temper Flare|p2a: Cream Puff\n|-crit|p2a: Cream Puff\n|-damage|p2a: Cream Puff|0 fnt\n|faint|p2a: Cream Puff\n|\n|-weather|Snowscape|[upkeep]\n|upkeep\n|\n|t:|1776604142\n|switch|p2a: Culvers|Vanilluxe, L50, M|100/100\n|turn|4\n|\n|t:|1776604157\n|move|p2b: Caribbean|Upper Hand||[still]\n|-fail|p2b: Caribbean\n|move|p2a: Culvers|Blizzard|p1b: Maushold|[spread] p1a,p1b\n|-resisted|p1a: Arcanine|1\n|-damage|p1a: Arcanine|55/100\n|-damage|p1b: Maushold|46/100\n|move|p1b: Maushold|Encore|p2b: Caribbean\n|-start|p2b: Caribbean|Encore\n|move|p1a: Arcanine|Temper Flare|p2a: Culvers\n|-supereffective|p2a: Culvers|1\n|-enditem|p2a: Culvers|Focus Sash\n|-damage|p2a: Culvers|1/100\n|-ability|p2a: Culvers|Weak Armor|boost\n|-unboost|p2a: Culvers|def|1\n|-boost|p2a: Culvers|spe|2\n|\n|-weather|Snowscape|[upkeep]\n|-sideend|p2: Boneyard00|move: Tailwind\n|upkeep\n|turn|5\n|\n|t:|1776604174\n|move|p2a: Culvers|Protect|p2a: Culvers\n|-singleturn|p2a: Culvers|Protect\n|move|p2b: Caribbean|Upper Hand||[still]\n|-fail|p2b: Caribbean\n|move|p1b: Maushold|Follow Me|p1b: Maushold\n|-singleturn|p1b: Maushold|move: Follow Me\n|move|p1a: Arcanine|Temper Flare|p2a: Culvers\n|-activate|p2a: Culvers|move: Protect\n|\n|-weather|none\n|upkeep\n|turn|6\n|\n|t:|1776604195\n|switch|p2b: Northwoods|Abomasnow-Mega, L50, M|100/100\n|-weather|Snowscape|[from] ability: Snow Warning|[of] p2b: Northwoods\n|move|p1b: Maushold|Follow Me|p1b: Maushold\n|-singleturn|p1b: Maushold|move: Follow Me\n|move|p2a: Culvers|Blizzard|p1a: Arcanine|[spread] p1a,p1b\n|-resisted|p1a: Arcanine|1\n|-damage|p1a: Arcanine|36/100\n|-damage|p1b: Maushold|0 fnt\n|faint|p1b: Maushold\n|move|p1a: Arcanine|Psychic Fangs|p2b: Northwoods\n|-sideend|p2: Boneyard00|move: Aurora Veil\n|-damage|p2b: Northwoods|57/100\n|\n|-weather|Snowscape|[upkeep]\n|upkeep\n|\n|t:|1776604209\n|switch|p1b: Gengar|Gengar, L50, M, shiny|100/100\n|turn|7\n|\n|t:|1776604219\n|detailschange|p1b: Gengar|Gengar-Mega, L50, M, shiny\n|-mega|p1b: Gengar|Gengar|Gengarite\n|move|p2b: Northwoods|Ice Shard|p1a: Arcanine\n|-resisted|p1a: Arcanine|1\n|-damage|p1a: Arcanine|25/100\n|move|p2a: Culvers|Blizzard|p1a: Arcanine|[spread] p1a,p1b\n|-resisted|p1a: Arcanine|1\n|-damage|p1a: Arcanine|0 fnt\n|-damage|p1b: Gengar|46/100\n|faint|p1a: Arcanine\n|move|p1b: Gengar|Perish Song|p1b: Gengar\n|-start|p1b: Gengar|perish3|[silent]\n|-start|p2a: Culvers|perish3|[silent]\n|-start|p2b: Northwoods|perish3|[silent]\n|-fieldactivate|move: Perish Song\n|\n|-weather|Snowscape|[upkeep]\n|-start|p2a: Culvers|perish3\n|-start|p1b: Gengar|perish3\n|-start|p2b: Northwoods|perish3\n|upkeep\n|\n|t:|1776604232\n|switch|p1a: Incineroar|Incineroar, L50, M, shiny|100/100\n|-ability|p1a: Incineroar|Intimidate|boost\n|-unboost|p2a: Culvers|atk|1\n|-unboost|p2b: Northwoods|atk|1\n|turn|8\n|\n|t:|1776604243\n|move|p2a: Culvers|Protect|p2a: Culvers\n|-singleturn|p2a: Culvers|Protect\n|move|p2b: Northwoods|Protect|p2b: Northwoods\n|-singleturn|p2b: Northwoods|Protect\n|move|p1a: Incineroar|Fake Out|p2a: Culvers\n|-activate|p2a: Culvers|move: Protect\n|move|p1b: Gengar|Shadow Ball|p2b: Northwoods\n|-activate|p2b: Northwoods|move: Protect\n|\n|-weather|Snowscape|[upkeep]\n|-start|p2a: Culvers|perish2\n|-start|p1b: Gengar|perish2\n|-start|p2b: Northwoods|perish2\n|upkeep\n|turn|9\n|\n|t:|1776604268\n|move|p2b: Northwoods|Ice Shard|p1b: Gengar\n|-crit|p1b: Gengar\n|-damage|p1b: Gengar|1/100\n|move|p2a: Culvers|Blizzard|p1b: Gengar|[spread] p1a,p1b\n|-resisted|p1a: Incineroar|1\n|-damage|p1a: Incineroar|81/100\n|-damage|p1b: Gengar|0 fnt\n|faint|p1b: Gengar\n|move|p1a: Incineroar|Flare Blitz|p2a: Culvers\n|-supereffective|p2a: Culvers|1\n|-damage|p2a: Culvers|0 fnt\n|faint|p2a: Culvers\n|-damage|p1a: Incineroar|81/100|[from] Recoil\n|\n|-weather|Snowscape|[upkeep]\n|-start|p2b: Northwoods|perish1\n|upkeep\n|\n|t:|1776604273\n|switch|p2a: Caribbean|Talonflame, L50, F|91/100\n|turn|10\n|\n|t:|1776604278\n|move|p2a: Caribbean|Brave Bird|p1a: Incineroar\n|-damage|p1a: Incineroar|51/100\n|-damage|p2a: Caribbean|82/100|[from] Recoil\n|move|p1a: Incineroar|Darkest Lariat|p2a: Caribbean\n|-damage|p2a: Caribbean|39/100\n|move|p2b: Northwoods|Wood Hammer|p1a: Incineroar\n|-resisted|p1a: Incineroar|1\n|-damage|p1a: Incineroar|36/100\n|-damage|p2b: Northwoods|53/100|[from] Recoil\n|\n|-weather|none\n|-start|p2b: Northwoods|perish0\n|upkeep\n|faint|p2b: Northwoods\n|turn|11\n|\n|t:|1776604290\n|move|p2a: Caribbean|Brave Bird|p2: Northwoods|[notarget]\n|-fail|p2a: Caribbean\n|move|p1a: Incineroar|Darkest Lariat|p2a: Caribbean\n|-damage|p2a: Caribbean|0 fnt\n|faint|p2a: Caribbean\n|\n|win|Jhinsoul\n|raw|Jhinsoul's rating: 1078 &rarr; <strong>1100</strong><br />(+22 for winning)\n|raw|Boneyard00's rating: 1003 &rarr; <strong>1000</strong><br />(-3 for losing)\n|c|\u2606Jhinsoul|how did brave bird fail\n|c|\u2606Boneyard00|That's what i want to know\n|c|\u2606Jhinsoul|bug?\n|c|\u2606Boneyard00|The fuck\n|c|\u2606Boneyard00|Maybe\n|c|\u2606Boneyard00|Dont think it mattered\n|c|\u2606Boneyard00|But still wtf\n|l|\u2606Boneyard00\n|player|p2|\n",
  "uploadtime": 1776604328,
  "views": 9,
  "formatid": "gen9championsvgc2026regma",
  "rating": 1000,
  "private": 0,
  "password": null
}