{
  "id": "gen9championsvgc2026regma-2580369332",
  "format": "[Gen 9 Champions] VGC 2026 Reg M-A",
  "players": [
    "TrashNewPlayer567",
    "albertolnm"
  ],
  "log": "|j|\u2606TrashNewPlayer567\n|j|\u2606albertolnm\n|t:|1775886358\n|gametype|doubles\n|player|p1|TrashNewPlayer567|265|1000\n|player|p2|albertolnm|wattson|1075\n|gen|9\n|tier|[Gen 9 Champions] VGC 2026 Reg M-A\n|rated|\n|rule|Species Clause: Limit one of each Pok\u00e9mon\n|rule|Item Clause: Limit 1 of each item\n|clearpoke\n|poke|p1|Froslass, L50, F|\n|poke|p1|Whimsicott, L50, F|\n|poke|p1|Sneasler, L50, M|\n|poke|p1|Garchomp, L50, M|\n|poke|p1|Incineroar, L50, F|\n|poke|p1|Rotom-Frost, L50|\n|poke|p2|Starmie, L50|\n|poke|p2|Kingambit, L50, F|\n|poke|p2|Incineroar, L50, M|\n|poke|p2|Sylveon, L50, M|\n|poke|p2|Sneasler, L50, F|\n|poke|p2|Sinistcha, L50|\n|teampreview|4\n|\n|t:|1775886390\n|teamsize|p1|4\n|teamsize|p2|4\n|start\n|switch|p1a: Garchomp|Garchomp, L50, M|100/100\n|switch|p1b: Whimsicott|Whimsicott, L50, F|100/100\n|switch|p2a: Incineroar|Incineroar, L50, M|100/100\n|switch|p2b: Kingambit|Kingambit, L50, F|100/100\n|-ability|p2a: Incineroar|Intimidate|boost\n|-unboost|p1a: Garchomp|atk|1\n|-unboost|p1b: Whimsicott|atk|1\n|turn|1\n|inactive|Battle timer is ON: inactive players will automatically lose when time's up. (requested by albertolnm)\n|\n|t:|1775886417\n|switch|p1a: Froslass|Froslass, L50, F|100/100\n|move|p2a: Incineroar|Fake Out|p1a: Froslass\n|-immune|p1a: Froslass\n|move|p1b: Whimsicott|Tailwind|p1b: Whimsicott\n|-sidestart|p1: TrashNewPlayer567|move: Tailwind\n|move|p2b: Kingambit|Kowtow Cleave|p1b: Whimsicott\n|-resisted|p1b: Whimsicott|1\n|-damage|p1b: Whimsicott|72/100\n|\n|upkeep\n|turn|2\n|inactive|TrashNewPlayer567 has 30 seconds left.\n|\n|t:|1775886449\n|switch|p1b: Sneasler|Sneasler, L50, M|100/100\n|move|p1a: Froslass|Protect|p1a: Froslass\n|-singleturn|p1a: Froslass|Protect\n|move|p2a: Incineroar|Flare Blitz|p1b: Sneasler\n|-enditem|p1b: Sneasler|Focus Sash\n|-damage|p1b: Sneasler|1/100\n|-damage|p2a: Incineroar|75/100|[from] Recoil\n|move|p2b: Kingambit|Kowtow Cleave|p1a: Froslass\n|-activate|p1a: Froslass|move: Protect\n|\n|upkeep\n|turn|3\n|inactive|TrashNewPlayer567 has 30 seconds left.\n|\n|t:|1775886477\n|switch|p1a: Garchomp|Garchomp, L50, M|100/100\n|move|p2b: Kingambit|Sucker Punch|p1b: Sneasler\n|-resisted|p1b: Sneasler|1\n|-damage|p1b: Sneasler|0 fnt\n|faint|p1b: Sneasler\n|move|p2a: Incineroar|Flare Blitz|p1a: Garchomp\n|-resisted|p1a: Garchomp|1\n|-damage|p1a: Garchomp|72/100\n|-damage|p2a: Incineroar|63/100|[from] ability: Rough Skin|[of] p1a: Garchomp\n|-damage|p2a: Incineroar|54/100|[from] Recoil\n|\n|upkeep\n|\n|t:|1775886491\n|switch|p1b: Whimsicott|Whimsicott, L50, F|72/100\n|turn|4\n|\n|t:|1775886514\n|move|p2b: Kingambit|Protect|p2b: Kingambit\n|-singleturn|p2b: Kingambit|Protect\n|move|p1b: Whimsicott|Tailwind||[still]\n|-fail|p1b: Whimsicott\n|move|p1a: Garchomp|Earthquake|p2b: Kingambit|[spread] p1b,p2a\n|-activate|p2b: Kingambit|move: Protect\n|-resisted|p1b: Whimsicott|1\n|-supereffective|p2a: Incineroar|1\n|-damage|p1b: Whimsicott|48/100\n|-damage|p2a: Incineroar|0 fnt\n|-enditem|p1b: Whimsicott|Sitrus Berry|[eat]\n|-heal|p1b: Whimsicott|73/100|[from] item: Sitrus Berry\n|faint|p2a: Incineroar\n|-heal|p1a: Garchomp|82/100|[from] item: Shell Bell|[of] p2b: Kingambit\n|\n|-sideend|p1: TrashNewPlayer567|move: Tailwind\n|upkeep\n|c|\u2606TrashNewPlayer567|Dang i thought i could reset it\n|\n|t:|1775886529\n|switch|p2a: Starmie|Starmie, L50|100/100\n|turn|5\n|\n|t:|1775886543\n|detailschange|p2a: Starmie|Starmie-Mega, L50\n|-mega|p2a: Starmie|Starmie|Starminite\n|move|p1b: Whimsicott|Tailwind|p1b: Whimsicott\n|-sidestart|p1: TrashNewPlayer567|move: Tailwind\n|move|p2b: Kingambit|Sucker Punch|p1a: Garchomp\n|-damage|p1a: Garchomp|39/100\n|-damage|p2b: Kingambit|88/100|[from] ability: Rough Skin|[of] p1a: Garchomp\n|move|p1a: Garchomp|Earthquake|p2a: Starmie|[spread] p1b,p2a,p2b\n|-resisted|p1b: Whimsicott|1\n|-supereffective|p2b: Kingambit|1\n|-damage|p1b: Whimsicott|51/100\n|-damage|p2a: Starmie|52/100\n|-damage|p2b: Kingambit|31/100\n|-heal|p1a: Garchomp|53/100|[from] item: Shell Bell|[of] p2b: Kingambit\n|move|p2a: Starmie|Liquidation|p1a: Garchomp\n|-damage|p1a: Garchomp|0 fnt\n|-damage|p2a: Starmie|39/100|[from] ability: Rough Skin|[of] p1a: Garchomp\n|faint|p1a: Garchomp\n|\n|upkeep\n|\n|t:|1775886559\n|switch|p1a: Froslass|Froslass, L50, F|100/100\n|turn|6\n|inactive|albertolnm has 30 seconds left.\n|inactive|albertolnm has 20 seconds left.\n|\n|t:|1775886595\n|switch|p2a: Sylveon|Sylveon, L50, M|100/100\n|detailschange|p1a: Froslass|Froslass-Mega, L50, F\n|-mega|p1a: Froslass|Froslass|Froslassite\n|-weather|Snowscape|[from] ability: Snow Warning|[of] p1a: Froslass\n|move|p2b: Kingambit|Sucker Punch||[still]\n|-fail|p2b: Kingambit\n|move|p1a: Froslass|Nasty Plot|p1a: Froslass\n|-boost|p1a: Froslass|spa|2\n|move|p1b: Whimsicott|Moonblast|p2b: Kingambit\n|-damage|p2b: Kingambit|3/100\n|\n|-weather|Snowscape|[upkeep]\n|upkeep\n|turn|7\n|\n|t:|1775886618\n|move|p1a: Froslass|Protect|p1a: Froslass\n|-singleturn|p1a: Froslass|Protect\n|move|p2a: Sylveon|Detect|p2a: Sylveon\n|-singleturn|p2a: Sylveon|Protect\n|move|p2b: Kingambit|Protect|p2b: Kingambit\n|-singleturn|p2b: Kingambit|Protect\n|move|p1b: Whimsicott|Moonblast|p2b: Kingambit\n|-activate|p2b: Kingambit|move: Protect\n|\n|-weather|Snowscape|[upkeep]\n|upkeep\n|turn|8\n|\n|t:|1775886636\n|switch|p2b: Starmie|Starmie-Mega, L50|39/100\n|move|p1a: Froslass|Nasty Plot|p1a: Froslass\n|-boost|p1a: Froslass|spa|2\n|move|p1b: Whimsicott|Moonblast|p2b: Starmie\n|-damage|p2b: Starmie|4/100\n|move|p2a: Sylveon|Hyper Voice|p1a: Froslass|[spread] p1a,p1b\n|-damage|p1a: Froslass|51/100\n|-damage|p1b: Whimsicott|5/100\n|\n|-weather|Snowscape|[upkeep]\n|-sideend|p1: TrashNewPlayer567|move: Tailwind\n|upkeep\n|turn|9\n|inactive|albertolnm has 30 seconds left.\n|inactive|albertolnm has 20 seconds left.\n|\n|t:|1775886675\n|move|p2b: Starmie|Protect|p2b: Starmie\n|-singleturn|p2b: Starmie|Protect\n|move|p1b: Whimsicott|Tailwind|p1b: Whimsicott\n|-sidestart|p1: TrashNewPlayer567|move: Tailwind\n|move|p1a: Froslass|Blizzard|p2a: Sylveon|[spread] p2a\n|-activate|p2b: Starmie|move: Protect\n|-damage|p2a: Sylveon|6/100\n|-status|p2a: Sylveon|frz\n|cant|p2a: Sylveon|frz\n|\n|-weather|Snowscape|[upkeep]\n|upkeep\n|turn|10\n|c|\u2606albertolnm|no\n|c|\u2606albertolnm|no fucking way\n|inactive|albertolnm has 30 seconds left.\n|\n|t:|1775886704\n|move|p1a: Froslass|Blizzard|p2b: Starmie|[spread] p2a,p2b\n|-resisted|p2b: Starmie|1\n|-damage|p2a: Sylveon|0 fnt\n|-damage|p2b: Starmie|0 fnt\n|faint|p2a: Sylveon\n|faint|p2b: Starmie\n|move|p1b: Whimsicott|Moonblast|p2: Sylveon|[notarget]\n|-fail|p1b: Whimsicott\n|\n|-weather|none\n|upkeep\n|\n|t:|1775886708\n|switch|p2b: Kingambit|Kingambit, L50, F|3/100\n|turn|11\n|\n|t:|1775886720\n|move|p2b: Kingambit|Sucker Punch|p1b: Whimsicott\n|-resisted|p1b: Whimsicott|1\n|-damage|p1b: Whimsicott|0 fnt\n|faint|p1b: Whimsicott\n|move|p1a: Froslass|Blizzard|p2b: Kingambit\n|-resisted|p2b: Kingambit|1\n|-damage|p2b: Kingambit|0 fnt\n|faint|p2b: Kingambit\n|\n|win|TrashNewPlayer567\n|raw|TrashNewPlayer567's rating: 1000 &rarr; <strong>1049</strong><br />(+49 for winning)\n|raw|albertolnm's rating: 1075 &rarr; <strong>1049</strong><br />(-26 for losing)\n|l|\u2606TrashNewPlayer567\n|player|p1|\n",
  "uploadtime": 1775886736,
  "views": 35,
  "formatid": "gen9championsvgc2026regma",
  "rating": 1049,
  "private": 0,
  "password": null
}