{
  "id": "gen9championsvgc2026regma-2587709492",
  "format": "[Gen 9 Champions] VGC 2026 Reg M-A",
  "players": [
    "Jeshy420",
    "Djinnkiwi"
  ],
  "log": "|j|\u2606Jeshy420\n|j|\u2606Djinnkiwi\n|t:|1776556137\n|gametype|doubles\n|player|p1|Jeshy420|gambler|1173\n|player|p2|Djinnkiwi|shadowtriad|1103\n|gen|9\n|tier|[Gen 9 Champions] VGC 2026 Reg M-A\n|rated|\n|rule|Species Clause: Limit one of each Pok\u00e9mon\n|rule|Item Clause: Limit 1 of each item\n|clearpoke\n|poke|p1|Glaceon, L50, F|\n|poke|p1|Jolteon, L50, M|\n|poke|p1|Politoed, L50, M|\n|poke|p1|Charizard, L50, M|\n|poke|p1|Tyranitar, L50, M|\n|poke|p1|Ninetales-Alola, L50, F|\n|poke|p2|Dragonite, L50, F|\n|poke|p2|Pelipper, L50, F|\n|poke|p2|Liepard, L50, F|\n|poke|p2|Basculegion, L50, M|\n|poke|p2|Archaludon, L50, F|\n|poke|p2|Orthworm, L50, F|\n|teampreview|4\n|inactive|Battle timer is ON: inactive players will automatically lose when time's up. (requested by Jeshy420)\n|inactive|Jeshy420 has 60 seconds left.\n|\n|t:|1776556181\n|teamsize|p1|4\n|teamsize|p2|4\n|start\n|switch|p1a: Aang|Jolteon, L50, M|100/100\n|switch|p1b: Khione|Ninetales-Alola, L50, F|100/100\n|switch|p2a: Orthworm|Orthworm, L50, F|100/100\n|switch|p2b: Archaludon|Archaludon, L50, F|100/100\n|-weather|Snowscape|[from] ability: Snow Warning|[of] p1b: Khione\n|turn|1\n|inactive|Jeshy420 has 30 seconds left.\n|\n|t:|1776556209\n|move|p2a: Orthworm|Helping Hand|p2b: Archaludon\n|-singleturn|p2b: Archaludon|Helping Hand|[of] p2a: Orthworm\n|move|p1a: Aang|Weather Ball|p2b: Archaludon\n|-damage|p2b: Archaludon|60/100\n|move|p1b: Khione|Aurora Veil|p1b: Khione\n|-sidestart|p1: Jeshy420|move: Aurora Veil\n|move|p2b: Archaludon|Flash Cannon|p1b: Khione\n|-supereffective|p1b: Khione|2\n|-damage|p1b: Khione|0 fnt\n|faint|p1b: Khione\n|\n|-weather|Snowscape|[upkeep]\n|upkeep\n|\n|t:|1776556220\n|switch|p1b: Korra|Glaceon, L50, F|100/100\n|turn|2\n|\n|t:|1776556229\n|move|p2b: Archaludon|Protect|p2b: Archaludon\n|-singleturn|p2b: Archaludon|Protect\n|move|p1a: Aang|Weather Ball|p2b: Archaludon\n|-activate|p2b: Archaludon|move: Protect\n|move|p1b: Korra|Blizzard|p2a: Orthworm|[spread] p2a\n|-activate|p2b: Archaludon|move: Protect\n|-resisted|p2a: Orthworm|1\n|-damage|p2a: Orthworm|71/100\n|move|p2a: Orthworm|Shed Tail|p2a: Orthworm\n|-start|p2a: Orthworm|Substitute|[from] move: Shed Tail\n|-damage|p2a: Orthworm|21/100\n|-enditem|p2a: Orthworm|Sitrus Berry|[eat]\n|-heal|p2a: Orthworm|46/100|[from] item: Sitrus Berry\n|\n|t:|1776556241\n|switch|p2a: Pelipper|Pelipper, L50, F|100/100|[from] Shed Tail\n|-weather|RainDance|[from] ability: Drizzle|[of] p2a: Pelipper\n|\n|-weather|RainDance|[upkeep]\n|upkeep\n|turn|3\n|\n|t:|1776556255\n|switch|p1b: Tohil|Charizard, L50, M|100/100\n|move|p1a: Aang|Volt Switch|p2a: Pelipper\n|-supereffective|p2a: Pelipper|2\n|-end|p2a: Pelipper|Substitute\n|\n|t:|1776556261\n|switch|p1a: Korra|Glaceon, L50, F|100/100|[from] Volt Switch\n|move|p2b: Archaludon|Electro Shot||[still]\n|-prepare|p2b: Archaludon|Electro Shot\n|-boost|p2b: Archaludon|spa|1\n|-anim|p2b: Archaludon|Electro Shot|p1b: Tohil\n|-supereffective|p1b: Tohil|1\n|-damage|p1b: Tohil|0 fnt\n|faint|p1b: Tohil\n|move|p2a: Pelipper|Tailwind|p2a: Pelipper\n|-sidestart|p2: Djinnkiwi|move: Tailwind\n|\n|-weather|RainDance|[upkeep]\n|upkeep\n|\n|t:|1776556271\n|switch|p1b: Aang|Jolteon, L50, M|100/100\n|turn|4\n|\n|t:|1776556287\n|move|p2a: Pelipper|Protect|p2a: Pelipper\n|-singleturn|p2a: Pelipper|Protect\n|move|p2b: Archaludon|Flash Cannon|p1a: Korra\n|-supereffective|p1a: Korra|1\n|-damage|p1a: Korra|0 fnt\n|faint|p1a: Korra\n|move|p1b: Aang|Thunder|p2a: Pelipper\n|-activate|p2a: Pelipper|move: Protect\n|\n|-weather|RainDance|[upkeep]\n|upkeep\n|turn|5\n|\n|t:|1776556300\n|move|p2b: Archaludon|Dragon Pulse|p1b: Aang\n|-damage|p1b: Aang|40/100\n|move|p2a: Pelipper|Weather Ball|p1b: Aang\n|-damage|p1b: Aang|0 fnt\n|faint|p1b: Aang\n|\n|win|Djinnkiwi\n|raw|Jeshy420's rating: 1173 &rarr; <strong>1143</strong><br />(-30 for losing)\n|raw|Djinnkiwi's rating: 1103 &rarr; <strong>1133</strong><br />(+30 for winning)\n|l|\u2606Jeshy420\n|player|p1|\n|c|\u2606Djinnkiwi|hh\n|c|\u2606Djinnkiwi|gg\n",
  "uploadtime": 1776556309,
  "views": 37,
  "formatid": "gen9championsvgc2026regma",
  "rating": 1133,
  "private": 0,
  "password": null
}