{
  "id": "gen9championsvgc2026regma-2580761071",
  "format": "[Gen 9 Champions] VGC 2026 Reg M-A",
  "players": [
    "bunearyboicherry",
    "Tyratruns"
  ],
  "log": "|j|\u2606bunearyboicherry\n|j|\u2606Tyratruns\n|t:|1775930322\n|gametype|doubles\n|player|p1|bunearyboicherry|preschoolerf-gen6|1175\n|player|p2|Tyratruns|169|1093\n|gen|9\n|tier|[Gen 9 Champions] VGC 2026 Reg M-A\n|rated|\n|rule|Species Clause: Limit one of each Pok\u00e9mon\n|rule|Item Clause: Limit 1 of each item\n|clearpoke\n|poke|p1|Crabominable, L50, M|\n|poke|p1|Farigiraf, L50, F|\n|poke|p1|Drampa, L50, F|\n|poke|p1|Typhlosion-Hisui, L50, F|\n|poke|p1|Primarina, L50, F|\n|poke|p1|Slowbro-Galar, L50, M|\n|poke|p2|Tyranitar, L50, F|\n|poke|p2|Aegislash, L50, F|\n|poke|p2|Garchomp, L50, F|\n|poke|p2|Excadrill, L50, F|\n|poke|p2|Arcanine-Hisui, L50, M|\n|poke|p2|Whimsicott, L50, F|\n|teampreview|4\n|inactive|Battle timer is ON: inactive players will automatically lose when time's up. (requested by bunearyboicherry)\n|c|\u2606bunearyboicherry|GLHF\n|inactive|Tyratruns has 60 seconds left.\n|\n|t:|1775930397\n|teamsize|p1|4\n|teamsize|p2|4\n|start\n|switch|p1a: Primarina|Primarina, L50, F, shiny|100/100\n|switch|p1b: Farigiraf|Farigiraf, L50, F, shiny|100/100\n|switch|p2a: Whimsicott|Whimsicott, L50, F|100/100\n|switch|p2b: Aegislash|Aegislash, L50, F|100/100\n|turn|1\n|inactive|bunearyboicherry has 30 seconds left.\n|inactive|Tyratruns has 30 seconds left.\n|j| ffttossenz\n|\n|t:|1775930427\n|move|p2a: Whimsicott|Moonblast|p1b: Farigiraf\n|-damage|p1b: Farigiraf|75/100\n|-formechange|p2b: Aegislash|Aegislash-Blade|\n|move|p2b: Aegislash|Iron Head|p1a: Primarina\n|-damage|p1a: Primarina|36/100\n|cant|p1a: Primarina|flinch\n|move|p1b: Farigiraf|Trick Room|p1b: Farigiraf\n|-fieldstart|move: Trick Room|[of] p1b: Farigiraf\n|\n|-heal|p1a: Primarina|42/100|[from] item: Leftovers\n|upkeep\n|turn|2\n|inactive|Tyratruns has 30 seconds left.\n|\n|t:|1775930453\n|switch|p2a: PeKratos|Tyranitar, L50, F, shiny|100/100\n|-weather|Sandstorm|[from] ability: Sand Stream|[of] p2a: PeKratos\n|-formechange|p2b: Aegislash|Aegislash|\n|move|p2b: Aegislash|King's Shield|p2b: Aegislash\n|-singleturn|p2b: Aegislash|Protect\n|move|p1a: Primarina|Hyper Voice|p2b: Aegislash|[spread] p2a\n|-activate|p2b: Aegislash|move: Protect\n|-supereffective|p2a: PeKratos|1\n|-damage|p2a: PeKratos|59/100\n|move|p1b: Farigiraf|Shadow Ball|p2b: Aegislash\n|-activate|p2b: Aegislash|move: Protect\n|\n|-weather|Sandstorm|[upkeep]\n|-damage|p1b: Farigiraf|69/100|[from] Sandstorm\n|-damage|p1a: Primarina|36/100|[from] Sandstorm\n|-heal|p1a: Primarina|42/100|[from] item: Leftovers\n|upkeep\n|turn|3\n|l| ffttossenz\n|\n|t:|1775930473\n|switch|p1b: Crabominable|Crabominable, L50, M, shiny|100/100\n|move|p1a: Primarina|Moonblast|p2a: PeKratos\n|-supereffective|p2a: PeKratos|1\n|-crit|p2a: PeKratos\n|-damage|p2a: PeKratos|0 fnt\n|faint|p2a: PeKratos\n|-formechange|p2b: Aegislash|Aegislash-Blade|\n|move|p2b: Aegislash|Iron Head|p1a: Primarina\n|-damage|p1a: Primarina|0 fnt\n|faint|p1a: Primarina\n|\n|-weather|Sandstorm|[upkeep]\n|-damage|p1b: Crabominable|95/100|[from] Sandstorm\n|upkeep\n|\n|t:|1775930488\n|switch|p1a: Drampa|Drampa, L50, F, shiny|100/100\n|switch|p2a: Garchomp|Garchomp, L50, F|100/100\n|-ability|p1a: Drampa|Cloud Nine\n|turn|4\n|\n|t:|1775930508\n|detailschange|p1a: Drampa|Drampa-Mega, L50, F, shiny\n|-mega|p1a: Drampa|Drampa|Drampanite\n|-formechange|p2b: Aegislash|Aegislash|\n|move|p2b: Aegislash|King's Shield|p2b: Aegislash\n|-singleturn|p2b: Aegislash|Protect\n|move|p2a: Garchomp|Protect|p2a: Garchomp\n|-singleturn|p2a: Garchomp|Protect\n|move|p1a: Drampa|Earth Power|p2b: Aegislash\n|-activate|p2b: Aegislash|move: Protect\n|move|p1b: Crabominable|Ice Hammer|p2a: Garchomp\n|-activate|p2a: Garchomp|move: Protect\n|\n|-weather|Sandstorm|[upkeep]\n|-damage|p1a: Drampa|95/100|[from] Sandstorm\n|-damage|p1b: Crabominable|89/100|[from] Sandstorm\n|upkeep\n|turn|5\n|\n|t:|1775930528\n|switch|p2a: Whimsicott|Whimsicott, L50, F|100/100\n|move|p1a: Drampa|Flamethrower|p2b: Aegislash\n|-supereffective|p2b: Aegislash|1\n|-damage|p2b: Aegislash|39/100\n|move|p1b: Crabominable|Ice Hammer|p2a: Whimsicott\n|-supereffective|p2a: Whimsicott|1\n|-damage|p2a: Whimsicott|0 fnt\n|-unboost|p1b: Crabominable|spe|1\n|faint|p2a: Whimsicott\n|-formechange|p2b: Aegislash|Aegislash-Blade|\n|move|p2b: Aegislash|Iron Head|p1b: Crabominable\n|-supereffective|p1b: Crabominable|1\n|-damage|p1b: Crabominable|0 fnt\n|faint|p1b: Crabominable\n|\n|-weather|Sandstorm|[upkeep]\n|-damage|p1a: Drampa|89/100|[from] Sandstorm\n|-heal|p2b: Aegislash|45/100|[from] item: Leftovers\n|-fieldend|move: Trick Room\n|upkeep\n|\n|t:|1775930545\n|switch|p2a: Garchomp|Garchomp, L50, F|100/100\n|switch|p1b: Farigiraf|Farigiraf, L50, F, shiny|69/100\n|turn|6\n|\n|t:|1775930565\n|move|p1b: Farigiraf|Ally Switch|p1b: Farigiraf\n|swap|p1b: Farigiraf|0|[from] move: Ally Switch\n|move|p2a: Garchomp|Dragon Claw|p1a: Farigiraf\n|-damage|p1a: Farigiraf|27/100\n|move|p2b: Aegislash|Iron Head|p1b: Drampa\n|-damage|p1b: Drampa|46/100\n|-ability|p1b: Drampa|Berserk|boost\n|-boost|p1b: Drampa|spa|1\n|move|p1b: Drampa|Dragon Pulse|p2a: Garchomp\n|-supereffective|p2a: Garchomp|1\n|-damage|p2a: Garchomp|0 fnt\n|faint|p2a: Garchomp\n|\n|-weather|none\n|-heal|p2b: Aegislash|51/100|[from] item: Leftovers\n|upkeep\n|turn|7\n|c|\u2606bunearyboicherry|Well then\n|inactive|Tyratruns has 30 seconds left.\n|\n|t:|1775930595\n|move|p2b: Aegislash|Sacred Sword|p1b: Drampa\n|-supereffective|p1b: Drampa|1\n|-damage|p1b: Drampa|0 fnt\n|faint|p1b: Drampa\n|move|p1a: Farigiraf|Shadow Ball|p2b: Aegislash\n|-supereffective|p2b: Aegislash|1\n|-damage|p2b: Aegislash|0 fnt\n|faint|p2b: Aegislash\n|\n|win|bunearyboicherry\n|raw|bunearyboicherry's rating: 1175 &rarr; <strong>1194</strong><br />(+19 for winning)\n|raw|Tyratruns's rating: 1093 &rarr; <strong>1075</strong><br />(-18 for losing)\n|c|\u2606bunearyboicherry|GG\n|c|\u2606Tyratruns|ggs\n",
  "uploadtime": 1775930604,
  "views": 12,
  "formatid": "gen9championsvgc2026regma",
  "rating": 1075,
  "private": 0,
  "password": null
}