{
  "id": "gen9championsvgc2026regma-2580593918",
  "format": "[Gen 9 Champions] VGC 2026 Reg M-A",
  "players": [
    "makoyouidiot",
    "Crabzilla724"
  ],
  "log": "|j|\u2606makoyouidiot\n|j|\u2606Crabzilla724\n|t:|1775916309\n|gametype|doubles\n|player|p1|makoyouidiot|acetrainersnow|1024\n|player|p2|Crabzilla724|n|1014\n|gen|9\n|tier|[Gen 9 Champions] VGC 2026 Reg M-A\n|rated|\n|rule|Species Clause: Limit one of each Pok\u00e9mon\n|rule|Item Clause: Limit 1 of each item\n|clearpoke\n|poke|p1|Charizard, L50, F|\n|poke|p1|Aerodactyl, L50, M|\n|poke|p1|Serperior, L50, M|\n|poke|p1|Tyrantrum, L50, F|\n|poke|p1|Oranguru, L50, F|\n|poke|p1|Torkoal, L50, M|\n|poke|p2|Meganium, L50, M|\n|poke|p2|Pelipper, L50, M|\n|poke|p2|Basculegion, L50, M|\n|poke|p2|Incineroar, L50, F|\n|teampreview|4\n|\n|t:|1775916323\n|teamsize|p1|4\n|teamsize|p2|4\n|start\n|switch|p1a: Aerodactyl|Aerodactyl, L50, M|100/100\n|switch|p1b: Serperior|Serperior, L50, M|100/100\n|switch|p2a: Meganium|Meganium, L50, M|100/100\n|switch|p2b: Incineroar|Incineroar, L50, F|100/100\n|-ability|p1a: Aerodactyl|Unnerve\n|-ability|p2b: Incineroar|Intimidate|boost\n|-unboost|p1a: Aerodactyl|atk|1\n|-boost|p1b: Serperior|atk|1\n|turn|1\n|\n|t:|1775916339\n|detailschange|p2a: Meganium|Meganium-Mega, L50, M\n|-mega|p2a: Meganium|Meganium|Meganiumite\n|move|p2b: Incineroar|Fake Out|p1a: Aerodactyl\n|-resisted|p1a: Aerodactyl|1\n|-damage|p1a: Aerodactyl|93/100\n|cant|p1a: Aerodactyl|flinch\n|move|p1b: Serperior|Leaf Storm|p2b: Incineroar\n|-resisted|p2b: Incineroar|1\n|-damage|p2b: Incineroar|77/100\n|-boost|p1b: Serperior|spa|2\n|move|p2a: Meganium|Grassy Terrain|p2a: Meganium\n|-fieldstart|move: Grassy Terrain\n|\n|-heal|p2b: Incineroar|83/100|[from] Grassy Terrain\n|upkeep\n|turn|2\n|\n|t:|1775916365\n|switch|p2b: Pelipper|Pelipper, L50, M|100/100\n|-weather|RainDance|[from] ability: Drizzle|[of] p2b: Pelipper\n|move|p1a: Aerodactyl|Dual Wingbeat|p2a: Meganium\n|-supereffective|p2a: Meganium|1\n|-damage|p2a: Meganium|76/100\n|-supereffective|p2a: Meganium|1\n|-damage|p2a: Meganium|53/100\n|-hitcount|p2a: Meganium|2\n|move|p1b: Serperior|Dragon Pulse|p2a: Meganium\n|-immune|p2a: Meganium\n|move|p2a: Meganium|Solar Beam||[still]\n|-prepare|p2a: Meganium|Solar Beam\n|-activate|p2a: Meganium|ability: Mega Sol\n|-anim|p2a: Meganium|Solar Beam|p1a: Aerodactyl\n|-damage|p1a: Aerodactyl|0 fnt\n|faint|p1a: Aerodactyl\n|\n|-weather|RainDance|[upkeep]\n|-heal|p2a: Meganium|59/100|[from] Grassy Terrain\n|upkeep\n|\n|t:|1775916388\n|switch|p1a: Charizard|Charizard, L50, F|100/100\n|turn|3\n|\n|t:|1775916413\n|switch|p2b: Incineroar|Incineroar, L50, F|83/100\n|-ability|p2b: Incineroar|Intimidate|boost\n|-unboost|p1a: Charizard|atk|1\n|-boost|p1b: Serperior|atk|1\n|detailschange|p1a: Charizard|Charizard-Mega-Y, L50, F\n|-mega|p1a: Charizard|Charizard|Charizardite Y\n|-weather|SunnyDay|[from] ability: Drought|[of] p1a: Charizard\n|move|p1b: Serperior|Leaf Storm|p2b: Incineroar\n|-resisted|p2b: Incineroar|1\n|-damage|p2b: Incineroar|21/100\n|-boost|p1b: Serperior|spa|2\n|-enditem|p2b: Incineroar|Sitrus Berry|[eat]\n|-heal|p2b: Incineroar|46/100|[from] item: Sitrus Berry\n|move|p1a: Charizard|Heat Wave|p2a: Meganium|[spread] p2a,p2b\n|-supereffective|p2a: Meganium|1\n|-resisted|p2b: Incineroar|1\n|-damage|p2a: Meganium|0 fnt\n|-damage|p2b: Incineroar|17/100\n|faint|p2a: Meganium\n|\n|-weather|SunnyDay|[upkeep]\n|-heal|p2b: Incineroar|23/100|[from] Grassy Terrain\n|upkeep\n|\n|t:|1775916431\n|switch|p2a: Pelipper|Pelipper, L50, M|100/100\n|-weather|RainDance|[from] ability: Drizzle|[of] p2a: Pelipper\n|turn|4\n|\n|t:|1775916446\n|move|p2b: Incineroar|Fake Out|p1b: Serperior\n|-damage|p1b: Serperior|86/100\n|cant|p1b: Serperior|flinch\n|move|p1a: Charizard|Hurricane|p2b: Incineroar\n|-damage|p2b: Incineroar|0 fnt\n|faint|p2b: Incineroar\n|move|p2a: Pelipper|Hurricane|p1b: Serperior\n|-supereffective|p1b: Serperior|1\n|-damage|p1b: Serperior|0 fnt\n|faint|p1b: Serperior\n|\n|-weather|RainDance|[upkeep]\n|upkeep\n|\n|t:|1775916461\n|switch|p1b: Tyrantrum|Tyrantrum, L50, F|100/100\n|switch|p2b: Basculegion|Basculegion, L50, M|100/100\n|turn|5\n|\n|t:|1775916506\n|move|p2b: Basculegion|Last Respects|p1b: Tyrantrum\n|-damage|p1b: Tyrantrum|30/100\n|move|p1a: Charizard|Hurricane|p2b: Basculegion\n|-damage|p2b: Basculegion|28/100\n|-start|p2b: Basculegion|confusion\n|move|p1b: Tyrantrum|Head Smash|p2b: Basculegion\n|-damage|p2b: Basculegion|0 fnt\n|faint|p2b: Basculegion\n|move|p2a: Pelipper|Substitute|p2a: Pelipper\n|-start|p2a: Pelipper|Substitute\n|-damage|p2a: Pelipper|76/100\n|\n|-weather|RainDance|[upkeep]\n|-heal|p1b: Tyrantrum|36/100|[from] Grassy Terrain\n|-fieldend|move: Grassy Terrain\n|upkeep\n|turn|6\n|\n|t:|1775916529\n|move|p1a: Charizard|Hurricane|p2a: Pelipper\n|-end|p2a: Pelipper|Substitute\n|move|p1b: Tyrantrum|Head Smash|p2a: Pelipper\n|-supereffective|p2a: Pelipper|1\n|-damage|p2a: Pelipper|0 fnt\n|faint|p2a: Pelipper\n|\n|win|makoyouidiot\n|raw|makoyouidiot's rating: 1024 &rarr; <strong>1059</strong><br />(+35 for winning)\n|raw|Crabzilla724's rating: 1014 &rarr; <strong>1002</strong><br />(-12 for losing)\n|l|\u2606Crabzilla724\n|player|p2|\n",
  "uploadtime": 1775916550,
  "views": 20,
  "formatid": "gen9championsvgc2026regma",
  "rating": 1002,
  "private": 0,
  "password": null
}