{
  "id": "gen9championsvgc2026regma-2587613314",
  "format": "[Gen 9 Champions] VGC 2026 Reg M-A",
  "players": [
    "nemesisakaciccio",
    "YaBabe"
  ],
  "log": "|j|\u2606nemesisakaciccio\n|j|\u2606YaBabe\n|t:|1776547009\n|gametype|doubles\n|player|p1|nemesisakaciccio|iris-gen5bw2|1154\n|player|p2|YaBabe|roughneck-gen4|1062\n|gen|9\n|tier|[Gen 9 Champions] VGC 2026 Reg M-A\n|rated|\n|rule|Species Clause: Limit one of each Pok\u00e9mon\n|rule|Item Clause: Limit 1 of each item\n|clearpoke\n|poke|p1|Ampharos, L50, M|\n|poke|p1|Sylveon, L50, M|\n|poke|p1|Farigiraf, L50, F|\n|poke|p1|Incineroar, L50, M|\n|poke|p1|Sinistcha, L50|\n|poke|p1|Basculegion, L50, M|\n|poke|p2|Scovillain, L50, F, shiny|\n|poke|p2|Froslass, L50, F|\n|poke|p2|Meganium, L50, F|\n|poke|p2|Aerodactyl, L50, F|\n|poke|p2|Incineroar, L50, F|\n|poke|p2|Palafin, L50, F, shiny|\n|teampreview|4\n|inactive|Battle timer is ON: inactive players will automatically lose when time's up. (requested by YaBabe)\n|\n|t:|1776547031\n|teamsize|p1|4\n|teamsize|p2|4\n|start\n|switch|p1a: Farigiraf|Farigiraf, L50, F|100/100\n|switch|p1b: Ampharos|Ampharos, L50, M|100/100\n|switch|p2a: Scovillain|Scovillain, L50, F, shiny|100/100\n|switch|p2b: Palafin|Palafin, L50, F, shiny|100/100\n|turn|1\n|\n|t:|1776547046\n|detailschange|p1b: Ampharos|Ampharos-Mega, L50, M\n|-mega|p1b: Ampharos|Ampharos|Ampharosite\n|-ability|p1b: Ampharos|Mold Breaker\n|move|p2b: Palafin|Protect|p2b: Palafin\n|-singleturn|p2b: Palafin|Protect\n|move|p2a: Scovillain|Protect|p2a: Scovillain\n|-singleturn|p2a: Scovillain|Protect\n|move|p1b: Ampharos|Volt Switch|p2b: Palafin\n|-activate|p2b: Palafin|move: Protect\n|move|p1a: Farigiraf|Trick Room|p1a: Farigiraf\n|-fieldstart|move: Trick Room|[of] p1a: Farigiraf\n|\n|-ability|p2a: Scovillain|Moody|boost\n|-boost|p2a: Scovillain|spa|2\n|-unboost|p2a: Scovillain|def|1\n|upkeep\n|turn|2\n|inactive|nemesisakaciccio has 30 seconds left.\n|inactive|nemesisakaciccio has 20 seconds left.\n|\n|t:|1776547081\n|move|p2a: Scovillain|Rage Powder|p2a: Scovillain\n|-singleturn|p2a: Scovillain|move: Rage Powder\n|move|p1b: Ampharos|Dragon Pulse|p2a: Scovillain\n|-damage|p2a: Scovillain|48/100\n|move|p1a: Farigiraf|Twin Beam|p2a: Scovillain\n|-damage|p2a: Scovillain|33/100\n|-damage|p2a: Scovillain|19/100\n|-hitcount|p2a: Scovillain|2\n|move|p2b: Palafin|Flip Turn|p1a: Farigiraf\n|-damage|p1a: Farigiraf|78/100\n|\n|t:|1776547099\n|detailschange|p2b: Palafin|Palafin-Hero, L50, F, shiny\n|switch|p2b: Froslass|Froslass, L50, F|100/100|[from] Flip Turn\n|\n|-heal|p2a: Scovillain|25/100|[from] item: Leftovers\n|-ability|p2a: Scovillain|Moody|boost\n|-boost|p2a: Scovillain|spd|2\n|-unboost|p2a: Scovillain|spe|1\n|upkeep\n|turn|3\n|\n|t:|1776547116\n|detailschange|p2b: Froslass|Froslass-Mega, L50, F\n|-mega|p2b: Froslass|Froslass|Froslassite\n|-weather|Snowscape|[from] ability: Snow Warning|[of] p2b: Froslass\n|move|p2a: Scovillain|Rage Powder|p2a: Scovillain\n|-singleturn|p2a: Scovillain|move: Rage Powder\n|move|p1b: Ampharos|Volt Switch|p2a: Scovillain\n|-resisted|p2a: Scovillain|1\n|-damage|p2a: Scovillain|13/100\n|\n|t:|1776547124\n|switch|p1b: Sylveon|Sylveon, L50, M|100/100|[from] Volt Switch\n|move|p1a: Farigiraf|Twin Beam|p2a: Scovillain\n|-crit|p2a: Scovillain\n|-damage|p2a: Scovillain|0 fnt\n|faint|p2a: Scovillain\n|-hitcount|p2: Scovillain|1\n|move|p2b: Froslass|Aurora Veil|p2b: Froslass\n|-sidestart|p2: YaBabe|move: Aurora Veil\n|\n|-weather|Snowscape|[upkeep]\n|upkeep\n|\n|t:|1776547134\n|switch|p2a: Aerodactyl|Aerodactyl, L50, F|100/100\n|-ability|p2a: Aerodactyl|Unnerve\n|turn|4\n|\n|t:|1776547150\n|move|p1a: Farigiraf|Helping Hand|p1b: Sylveon\n|-singleturn|p1b: Sylveon|Helping Hand|[of] p1a: Farigiraf\n|move|p2b: Froslass|Protect|p2b: Froslass\n|-singleturn|p2b: Froslass|Protect\n|move|p2a: Aerodactyl|Protect|p2a: Aerodactyl\n|-singleturn|p2a: Aerodactyl|Protect\n|move|p1b: Sylveon|Hyper Voice|p2b: Froslass|[spread] \n|-activate|p2a: Aerodactyl|move: Protect\n|-activate|p2b: Froslass|move: Protect\n|\n|-weather|Snowscape|[upkeep]\n|upkeep\n|turn|5\n|\n|t:|1776547171\n|move|p1a: Farigiraf|Helping Hand|p1b: Sylveon\n|-singleturn|p1b: Sylveon|Helping Hand|[of] p1a: Farigiraf\n|move|p1b: Sylveon|Hyper Voice|p2a: Aerodactyl|[spread] p2a,p2b\n|-damage|p2a: Aerodactyl|45/100\n|-damage|p2b: Froslass|53/100\n|move|p2b: Froslass|Blizzard|p1b: Sylveon|[spread] p1a,p1b\n|-damage|p1a: Farigiraf|46/100\n|-damage|p1b: Sylveon|67/100\n|-status|p1a: Farigiraf|frz\n|move|p2a: Aerodactyl|Tailwind|p2a: Aerodactyl\n|-sidestart|p2: YaBabe|move: Tailwind\n|\n|-weather|Snowscape|[upkeep]\n|-heal|p1b: Sylveon|73/100|[from] item: Leftovers\n|-fieldend|move: Trick Room\n|upkeep\n|turn|6\n|inactive|nemesisakaciccio has 30 seconds left.\n|\n|t:|1776547203\n|-curestatus|p1a: Farigiraf|frz|[msg]\n|move|p1a: Farigiraf|Protect|p1a: Farigiraf\n|-singleturn|p1a: Farigiraf|Protect\n|move|p2a: Aerodactyl|Dual Wingbeat|p1b: Sylveon\n|-damage|p1b: Sylveon|50/100\n|-damage|p1b: Sylveon|26/100\n|-hitcount|p1b: Sylveon|2\n|move|p2b: Froslass|Blizzard|p1b: Sylveon|[spread] p1b\n|-activate|p1a: Farigiraf|move: Protect\n|-damage|p1b: Sylveon|0 fnt\n|faint|p1b: Sylveon\n|\n|-weather|Snowscape|[upkeep]\n|upkeep\n|\n|t:|1776547215\n|switch|p1b: Sinistcha|Sinistcha, L50|100/100\n|-heal|p1a: Farigiraf|71/100|[from] ability: Hospitality|[of] p1b: Sinistcha\n|turn|7\n|\n|t:|1776547225\n|move|p1b: Sinistcha|Rage Powder|p1b: Sinistcha\n|-singleturn|p1b: Sinistcha|move: Rage Powder\n|move|p2a: Aerodactyl|Dual Wingbeat|p1b: Sinistcha\n|-supereffective|p1b: Sinistcha|1\n|-damage|p1b: Sinistcha|67/100\n|-supereffective|p1b: Sinistcha|1\n|-damage|p1b: Sinistcha|33/100\n|-hitcount|p1b: Sinistcha|2\n|move|p2b: Froslass|Blizzard|p1a: Farigiraf|[spread] p1a,p1b\n|-supereffective|p1b: Sinistcha|1\n|-damage|p1a: Farigiraf|40/100\n|-damage|p1b: Sinistcha|0 fnt\n|faint|p1b: Sinistcha\n|move|p1a: Farigiraf|Trick Room|p1a: Farigiraf\n|-fieldstart|move: Trick Room|[of] p1a: Farigiraf\n|\n|-weather|none\n|-sideend|p2: YaBabe|move: Aurora Veil\n|upkeep\n|\n|t:|1776547240\n|switch|p1b: Ampharos|Ampharos-Mega, L50, M|100/100\n|-ability|p1b: Ampharos|Mold Breaker\n|turn|8\n|\n|t:|1776547262\n|move|p2b: Froslass|Protect|p2b: Froslass\n|-singleturn|p2b: Froslass|Protect\n|move|p2a: Aerodactyl|Protect|p2a: Aerodactyl\n|-singleturn|p2a: Aerodactyl|Protect\n|move|p1b: Ampharos|Thunderbolt|p2b: Froslass\n|-activate|p2b: Froslass|move: Protect\n|move|p1a: Farigiraf|Twin Beam|p2a: Aerodactyl\n|-activate|p2a: Aerodactyl|move: Protect\n|\n|-sideend|p2: YaBabe|move: Tailwind\n|upkeep\n|turn|9\n|\n|t:|1776547279\n|switch|p2b: Palafin|Palafin-Hero, L50, F, shiny|100/100\n|-activate|p2b: Palafin|ability: Zero to Hero\n|move|p1b: Ampharos|Thunderbolt|p2b: Palafin\n|-supereffective|p2b: Palafin|1\n|-damage|p2b: Palafin|0 fnt\n|faint|p2b: Palafin\n|move|p1a: Farigiraf|Twin Beam|p2a: Aerodactyl\n|-damage|p2a: Aerodactyl|24/100\n|-damage|p2a: Aerodactyl|1/100\n|-hitcount|p2a: Aerodactyl|2\n|move|p2a: Aerodactyl|Rock Slide|p1a: Farigiraf|[spread] p1a,p1b\n|-damage|p1a: Farigiraf|13/100\n|-damage|p1b: Ampharos|78/100\n|\n|upkeep\n|\n|t:|1776547293\n|switch|p2b: Froslass|Froslass-Mega, L50, F|53/100\n|-weather|Snowscape|[from] ability: Snow Warning|[of] p2b: Froslass\n|turn|10\n|\n|t:|1776547304\n|move|p2b: Froslass|Protect|p2b: Froslass\n|-singleturn|p2b: Froslass|Protect\n|move|p2a: Aerodactyl|Protect|p2a: Aerodactyl\n|-singleturn|p2a: Aerodactyl|Protect\n|move|p1b: Ampharos|Thunderbolt|p2b: Froslass\n|-activate|p2b: Froslass|move: Protect\n|move|p1a: Farigiraf|Twin Beam|p2a: Aerodactyl\n|-activate|p2a: Aerodactyl|move: Protect\n|\n|-weather|Snowscape|[upkeep]\n|upkeep\n|turn|11\n|\n|t:|1776547320\n|move|p1a: Farigiraf|Helping Hand|p1b: Ampharos\n|-singleturn|p1b: Ampharos|Helping Hand|[of] p1a: Farigiraf\n|move|p2b: Froslass|Protect||[still]\n|-fail|p2b: Froslass\n|move|p2a: Aerodactyl|Protect||[still]\n|-fail|p2a: Aerodactyl\n|move|p1b: Ampharos|Thunderbolt|p2b: Froslass\n|-damage|p2b: Froslass|0 fnt\n|faint|p2b: Froslass\n|\n|-weather|Snowscape|[upkeep]\n|-fieldend|move: Trick Room\n|upkeep\n|turn|12\n|\n|t:|1776547335\n|move|p2a: Aerodactyl|Rock Slide|p1b: Ampharos|[spread] p1a,p1b\n|-damage|p1a: Farigiraf|0 fnt\n|-damage|p1b: Ampharos|55/100\n|faint|p1a: Farigiraf\n|cant|p1b: Ampharos|flinch\n|\n|-weather|Snowscape|[upkeep]\n|upkeep\n|turn|13\n|\n|t:|1776547345\n|move|p2a: Aerodactyl|Rock Slide|p1b: Ampharos\n|-damage|p1b: Ampharos|23/100\n|move|p1b: Ampharos|Thunderbolt|p2a: Aerodactyl\n|-supereffective|p2a: Aerodactyl|1\n|-damage|p2a: Aerodactyl|0 fnt\n|faint|p2a: Aerodactyl\n|\n|win|nemesisakaciccio\n|raw|nemesisakaciccio's rating: 1154 &rarr; <strong>1173</strong><br />(+19 for winning)\n|raw|YaBabe's rating: 1062 &rarr; <strong>1048</strong><br />(-14 for losing)\n|l|\u2606YaBabe\n|player|p2|\n",
  "uploadtime": 1776547350,
  "views": 13,
  "formatid": "gen9championsvgc2026regma",
  "rating": 1048,
  "private": 0,
  "password": null
}