{
  "id": "gen9championsvgc2026regma-2588694931",
  "format": "[Gen 9 Champions] VGC 2026 Reg M-A",
  "players": [
    "j21osh",
    "AiMeat"
  ],
  "log": "|j|\u2606j21osh\n|j|\u2606AiMeat\n|t:|1776658672\n|gametype|doubles\n|player|p1|j21osh|blue|1129\n|player|p2|AiMeat|170|1097\n|gen|9\n|tier|[Gen 9 Champions] VGC 2026 Reg M-A\n|rated|\n|rule|Species Clause: Limit one of each Pok\u00e9mon\n|rule|Item Clause: Limit 1 of each item\n|clearpoke\n|poke|p1|Espathra, L50, F, shiny|\n|poke|p1|Venusaur, L50, F, shiny|\n|poke|p1|Blastoise, L50, F|\n|poke|p1|Sneasler, L50, M|\n|poke|p1|Aerodactyl, L50, M|\n|poke|p1|Rotom-Heat, L50|\n|poke|p2|Incineroar, L50, M|\n|poke|p2|Hatterene, L50, F, shiny|\n|poke|p2|Farigiraf, L50, M|\n|poke|p2|Torkoal, L50, F, shiny|\n|poke|p2|Kingambit, L50, M|\n|poke|p2|Charizard, L50, M|\n|teampreview|4\n|inactive|Battle timer is ON: inactive players will automatically lose when time's up. (requested by AiMeat)\n|inactive|j21osh has 60 seconds left.\n|\n|t:|1776658734\n|teamsize|p1|4\n|teamsize|p2|4\n|start\n|switch|p1a: Rotom|Rotom-Heat, L50|100/100\n|switch|p1b: Sneasler|Sneasler, L50, M|100/100\n|switch|p2a: Incineroar|Incineroar, L50, M|100/100\n|switch|p2b: Farigiraf|Farigiraf, L50, M|100/100\n|-ability|p2a: Incineroar|Intimidate|boost\n|-unboost|p1a: Rotom|atk|1\n|-unboost|p1b: Sneasler|atk|1\n|-enditem|p1b: Sneasler|White Herb\n|-clearnegativeboost|p1b: Sneasler|[silent]\n|turn|1\n|inactive|j21osh has 30 seconds left.\n|\n|t:|1776658765\n|move|p2a: Incineroar|Fake Out|p1b: Sneasler\n|-damage|p1b: Sneasler|78/100\n|cant|p1b: Sneasler|flinch\n|move|p1a: Rotom|Discharge|p2b: Farigiraf|[spread] p1b,p2a,p2b\n|-damage|p1b: Sneasler|36/100\n|-damage|p2a: Incineroar|69/100\n|-damage|p2b: Farigiraf|74/100\n|-status|p2b: Farigiraf|par\n|move|p2b: Farigiraf|Trick Room|p2b: Farigiraf\n|-fieldstart|move: Trick Room|[of] p2b: Farigiraf\n|\n|upkeep\n|turn|2\n|\n|t:|1776658785\n|switch|p2a: Hatterene|Hatterene, L50, F, shiny|100/100\n|move|p1b: Sneasler|Protect|p1b: Sneasler\n|-singleturn|p1b: Sneasler|Protect\n|move|p2b: Farigiraf|Hyper Voice|p1a: Rotom|[spread] p1a\n|-activate|p1b: Sneasler|move: Protect\n|-damage|p1a: Rotom|60/100\n|move|p1a: Rotom|Overheat|p2b: Farigiraf\n|-damage|p2b: Farigiraf|20/100 par\n|-unboost|p1a: Rotom|spa|2\n|-enditem|p2b: Farigiraf|Sitrus Berry|[eat]\n|-heal|p2b: Farigiraf|45/100 par|[from] item: Sitrus Berry\n|\n|upkeep\n|turn|3\n|\n|t:|1776658808\n|switch|p1b: Blastoise|Blastoise, L50, F|100/100\n|move|p1a: Rotom|Protect|p1a: Rotom\n|-singleturn|p1a: Rotom|Protect\n|move|p2b: Farigiraf|Hyper Voice|p1a: Rotom|[spread] p1b\n|-activate|p1a: Rotom|move: Protect\n|-damage|p1b: Blastoise|73/100\n|move|p2a: Hatterene|Dazzling Gleam|p1b: Blastoise|[spread] p1b\n|-activate|p1a: Rotom|move: Protect\n|-damage|p1b: Blastoise|34/100\n|\n|upkeep\n|turn|4\n|\n|t:|1776658825\n|switch|p1a: Sneasler|Sneasler, L50, M|36/100\n|move|p1b: Blastoise|Protect|p1b: Blastoise\n|-singleturn|p1b: Blastoise|Protect\n|move|p2b: Farigiraf|Hyper Voice|p1b: Blastoise|[spread] p1a\n|-activate|p1b: Blastoise|move: Protect\n|-damage|p1a: Sneasler|0 fnt\n|faint|p1a: Sneasler\n|move|p2a: Hatterene|Dazzling Gleam|p1b: Blastoise\n|-activate|p1b: Blastoise|move: Protect\n|\n|upkeep\n|\n|t:|1776658841\n|switch|p1a: Aerodactyl|Aerodactyl, L50, M|100/100\n|-ability|p1a: Aerodactyl|Unnerve\n|turn|5\n|inactive|AiMeat has 30 seconds left.\n|\n|t:|1776658868\n|switch|p1b: Rotom|Rotom-Heat, L50|60/100\n|move|p2b: Farigiraf|Hyper Voice|p1b: Rotom|[spread] p1a,p1b\n|-resisted|p1a: Aerodactyl|1\n|-damage|p1a: Aerodactyl|80/100\n|-damage|p1b: Rotom|21/100\n|move|p2a: Hatterene|Dazzling Gleam|p1b: Rotom|[spread] p1a,p1b\n|-resisted|p1b: Rotom|1\n|-damage|p1a: Aerodactyl|17/100\n|-damage|p1b: Rotom|0 fnt\n|faint|p1b: Rotom\n|move|p1a: Aerodactyl|Rock Slide|p2a: Hatterene|[spread] p2a,p2b\n|-damage|p2a: Hatterene|72/100\n|-damage|p2b: Farigiraf|22/100 par\n|\n|-fieldend|move: Trick Room\n|upkeep\n|\n|t:|1776658882\n|switch|p1b: Blastoise|Blastoise, L50, F|34/100\n|turn|6\n|\n|t:|1776658896\n|switch|p2a: Incineroar|Incineroar, L50, M|69/100\n|-ability|p2a: Incineroar|Intimidate|boost\n|-unboost|p1a: Aerodactyl|atk|1\n|-unboost|p1b: Blastoise|atk|1\n|detailschange|p1b: Blastoise|Blastoise-Mega, L50, F\n|-mega|p1b: Blastoise|Blastoise|Blastoisinite\n|move|p1a: Aerodactyl|Dual Wingbeat|p2b: Farigiraf\n|-damage|p2b: Farigiraf|11/100 par\n|-damage|p2b: Farigiraf|0 fnt\n|faint|p2b: Farigiraf\n|-hitcount|p2: Farigiraf|2\n|move|p1b: Blastoise|Dark Pulse|p2a: Incineroar\n|-resisted|p2a: Incineroar|1\n|-damage|p2a: Incineroar|49/100\n|\n|upkeep\n|\n|t:|1776658910\n|switch|p2b: Kingambit|Kingambit, L50, M|100/100\n|turn|7\n|-message|j21osh forfeited.\n|\n|win|AiMeat\n|raw|j21osh's rating: 1129 &rarr; <strong>1102</strong><br />(-27 for losing)\n|raw|AiMeat's rating: 1097 &rarr; <strong>1125</strong><br />(+28 for winning)\n|l|\u2606j21osh\n|player|p1|\n",
  "uploadtime": 1776659972,
  "views": 7,
  "formatid": "gen9championsvgc2026regma",
  "rating": 1102,
  "private": 0,
  "password": null
}