{
  "id": "gen9championsvgc2026regma-2583988263",
  "format": "[Gen 9 Champions] VGC 2026 Reg M-A",
  "players": [
    "Autin Mago",
    "kurama512"
  ],
  "log": "|j|\u2606Autin Mago\n|j|\u2606kurama512\n|t:|1776214506\n|gametype|doubles\n|player|p1|Autin Mago|flannery|1282\n|player|p2|kurama512|101|1285\n|gen|9\n|tier|[Gen 9 Champions] VGC 2026 Reg M-A\n|rated|\n|rule|Species Clause: Limit one of each Pok\u00e9mon\n|rule|Item Clause: Limit 1 of each item\n|clearpoke\n|poke|p1|Delphox, L50, F|\n|poke|p1|Whimsicott, L50, F|\n|poke|p1|Sneasler, L50, F|\n|poke|p1|Garchomp, L50, M|\n|poke|p1|Kingambit, L50, F|\n|poke|p1|Gyarados, L50, F|\n|poke|p2|Froslass, L50, F|\n|poke|p2|Palafin, L50, M|\n|poke|p2|Kingambit, L50, F|\n|poke|p2|Arcanine-Hisui, L50, F|\n|poke|p2|Sinistcha, L50|\n|poke|p2|Sneasler, L50, F|\n|teampreview|4\n|c|\u2606Autin Mago|Glhf!\nAutin Mago has agreed to open team sheets.\n|\n|t:|1776214569\n|teamsize|p1|4\n|teamsize|p2|4\n|start\n|switch|p1a: Delphox|Delphox, L50, F|100/100\n|switch|p1b: Garchomp|Garchomp, L50, M|100/100\n|switch|p2a: Palafin|Palafin, L50, M|100/100\n|switch|p2b: Froslass|Froslass, L50, F|100/100\n|turn|1\n|\n|t:|1776214605\n|detailschange|p2a: Palafin|Palafin-Hero, L50, M\n|switch|p2a: Arcanine|Arcanine-Hisui, L50, F|100/100\n|-ability|p2a: Arcanine|Intimidate|boost\n|-unboost|p1a: Delphox|atk|1\n|-unboost|p1b: Garchomp|atk|1\n|detailschange|p2b: Froslass|Froslass-Mega, L50, F\n|-mega|p2b: Froslass|Froslass|Froslassite\n|-weather|Snowscape|[from] ability: Snow Warning|[of] p2b: Froslass\n|move|p1a: Delphox|Protect|p1a: Delphox\n|-singleturn|p1a: Delphox|Protect\n|move|p1b: Garchomp|Earthquake|p2a: Arcanine|[spread] p2a,p2b\n|-activate|p1a: Delphox|move: Protect\n|-supereffective|p2a: Arcanine|2\n|-enditem|p2a: Arcanine|Focus Sash\n|-damage|p2a: Arcanine|1/100\n|-damage|p2b: Froslass|70/100\n|move|p2b: Froslass|Shadow Ball|p1a: Delphox\n|-activate|p1a: Delphox|move: Protect\n|\n|-weather|Snowscape|[upkeep]\n|upkeep\n|turn|2\n|\n|t:|1776214646\n|switch|p2a: Palafin|Palafin-Hero, L50, M|100/100\n|-activate|p2a: Palafin|ability: Zero to Hero\n|detailschange|p1a: Delphox|Delphox-Mega, L50, F\n|-mega|p1a: Delphox|Delphox|Delphoxite\n|move|p1b: Garchomp|Earthquake|p2b: Froslass|[spread] p2a,p2b\n|-immune|p1a: Delphox|[from] ability: Levitate\n|-damage|p2a: Palafin|76/100\n|-damage|p2b: Froslass|41/100\n|move|p1a: Delphox|Heat Wave|p2b: Froslass|[spread] p2a,p2b\n|-resisted|p2a: Palafin|1\n|-supereffective|p2b: Froslass|1\n|-damage|p2a: Palafin|54/100\n|-damage|p2b: Froslass|0 fnt\n|faint|p2b: Froslass\n|\n|-weather|Snowscape|[upkeep]\n|upkeep\n|\n|t:|1776214669\n|switch|p2b: Kingambit|Kingambit, L50, F|100/100\n|turn|3\n|\n|t:|1776214685\n|move|p1a: Delphox|Protect|p1a: Delphox\n|-singleturn|p1a: Delphox|Protect\n|move|p1b: Garchomp|Earthquake|p2a: Palafin|[spread] p2a,p2b\n|-activate|p1a: Delphox|move: Protect\n|-crit|p2a: Palafin\n|-supereffective|p2b: Kingambit|1\n|-damage|p2a: Palafin|0 fnt\n|-damage|p2b: Kingambit|59/100\n|faint|p2a: Palafin\n|move|p2b: Kingambit|Swords Dance|p2b: Kingambit\n|-boost|p2b: Kingambit|atk|2\n|\n|-weather|Snowscape|[upkeep]\n|upkeep\n|\n|t:|1776214698\n|switch|p2a: Arcanine|Arcanine-Hisui, L50, F|1/100\n|-ability|p2a: Arcanine|Intimidate|boost\n|-unboost|p1a: Delphox|atk|1\n|-unboost|p1b: Garchomp|atk|1\n|turn|4\n|\n|t:|1776214709\n|move|p2a: Arcanine|Extreme Speed|p1a: Delphox\n|-damage|p1a: Delphox|62/100\n|move|p2b: Kingambit|Sucker Punch||[still]\n|-fail|p2b: Kingambit\n|move|p1b: Garchomp|Earthquake|p2b: Kingambit|[spread] p2a,p2b\n|-immune|p1a: Delphox|[from] ability: Levitate\n|-supereffective|p2a: Arcanine|2\n|-supereffective|p2b: Kingambit|1\n|-damage|p2a: Arcanine|0 fnt\n|-damage|p2b: Kingambit|24/100\n|faint|p2a: Arcanine\n|move|p1a: Delphox|Substitute|p1a: Delphox\n|-start|p1a: Delphox|Substitute\n|-damage|p1a: Delphox|37/100\n|\n|-weather|Snowscape|[upkeep]\n|upkeep\n|turn|5\n|c|\u2606Autin Mago|Gg wp\n|-message|kurama512 forfeited.\n|\n|win|Autin Mago\n|raw|Autin Mago's rating: 1282 &rarr; <strong>1307</strong><br />(+25 for winning)\n|raw|kurama512's rating: 1285 &rarr; <strong>1260</strong><br />(-25 for losing)\n|l|\u2606kurama512\n|player|p2|\n",
  "uploadtime": 1776214728,
  "views": 46,
  "formatid": "gen9championsvgc2026regma",
  "rating": 1260,
  "private": 0,
  "password": null
}