{
  "id": "gen9championsvgc2026regma-2587927307",
  "format": "[Gen 9 Champions] VGC 2026 Reg M-A",
  "players": [
    "krittapas",
    "shangenb"
  ],
  "log": "|j|\u2606krittapas\n|j|\u2606shangenb\n|t:|1776580203\n|gametype|doubles\n|player|p1|krittapas|steven|1314\n|player|p2|shangenb|169|1331\n|gen|9\n|tier|[Gen 9 Champions] VGC 2026 Reg M-A\n|rated|\n|rule|Species Clause: Limit one of each Pok\u00e9mon\n|rule|Item Clause: Limit 1 of each item\n|clearpoke\n|poke|p1|Camerupt, L50, F, shiny|\n|poke|p1|Farigiraf, L50, F, shiny|\n|poke|p1|Torkoal, L50, M, shiny|\n|poke|p1|Conkeldurr, L50, M|\n|poke|p1|Sinistcha, L50|\n|poke|p1|Kingambit, L50, F|\n|poke|p2|Floette-Eternal, L50, F|\n|poke|p2|Garchomp, L50, M|\n|poke|p2|Sneasler, L50, M|\n|poke|p2|Basculegion-F, L50, F|\n|poke|p2|Aerodactyl, L50, M|\n|poke|p2|Incineroar, L50, M|\n|teampreview|4\n|inactive|Battle timer is ON: inactive players will automatically lose when time's up. (requested by shangenb)\n|inactive|shangenb has 60 seconds left.\n|\n|t:|1776580263\n|teamsize|p1|4\n|teamsize|p2|4\n|start\n|switch|p1a: Farigiraf|Farigiraf, L50, F, shiny|100/100\n|switch|p1b: Kingambit|Kingambit, L50, F|100/100\n|switch|p2a: Floette|Floette-Eternal, L50, F|100/100\n|switch|p2b: Basculegion|Basculegion-F, L50, F|100/100\n|turn|1\n|\n|t:|1776580276\n|detailschange|p2a: Floette|Floette-Mega, L50, F\n|-mega|p2a: Floette|Floette|Floettite\n|-ability|p2a: Floette|Fairy Aura\n|move|p2b: Basculegion|Muddy Water|p1a: Farigiraf|[spread] p1a,p1b\n|-damage|p1a: Farigiraf|59/100\n|-damage|p1b: Kingambit|66/100\n|-unboost|p1a: Farigiraf|accuracy|1\n|move|p2a: Floette|Light of Ruin|p1a: Farigiraf\n|-damage|p1a: Farigiraf|0 fnt\n|faint|p1a: Farigiraf\n|-damage|p2a: Floette|62/100|[from] Recoil\n|move|p1b: Kingambit|Iron Head|p2a: Floette\n|-supereffective|p2a: Floette|1\n|-damage|p2a: Floette|0 fnt\n|faint|p2a: Floette\n|\n|upkeep\n|\n|t:|1776580294\n|switch|p2a: Garchomp|Garchomp, L50, M|100/100\n|switch|p1a: Torkoal|Torkoal, L50, M, shiny|100/100\n|-weather|SunnyDay|[from] ability: Drought|[of] p1a: Torkoal\n|turn|2\n|\n|t:|1776580306\n|switch|p2b: Incineroar|Incineroar, L50, M|100/100\n|-ability|p2b: Incineroar|Intimidate|boost\n|-unboost|p1a: Torkoal|atk|1\n|-unboost|p1b: Kingambit|atk|1\n|-ability|p1b: Kingambit|Defiant|boost\n|-boost|p1b: Kingambit|atk|2\n|move|p1b: Kingambit|Sucker Punch|p2a: Garchomp\n|-damage|p2a: Garchomp|26/100\n|-damage|p1b: Kingambit|54/100|[from] ability: Rough Skin|[of] p2a: Garchomp\n|move|p2a: Garchomp|Earthquake|p1b: Kingambit|[spread] p2b,p1a,p1b\n|-supereffective|p2b: Incineroar|1\n|-supereffective|p1a: Torkoal|1\n|-supereffective|p1b: Kingambit|1\n|-damage|p2b: Incineroar|34/100\n|-damage|p1a: Torkoal|35/100\n|-damage|p1b: Kingambit|0 fnt\n|-enditem|p2b: Incineroar|Sitrus Berry|[eat]\n|-heal|p2b: Incineroar|59/100|[from] item: Sitrus Berry\n|faint|p1b: Kingambit\n|move|p1a: Torkoal|Heat Wave|p2a: Garchomp|[spread] p2a,p2b\n|-resisted|p2a: Garchomp|1\n|-resisted|p2b: Incineroar|1\n|-damage|p2a: Garchomp|0 fnt\n|-damage|p2b: Incineroar|35/100\n|faint|p2a: Garchomp\n|\n|-weather|SunnyDay|[upkeep]\n|upkeep\n|\n|t:|1776580328\n|switch|p2a: Basculegion|Basculegion-F, L50, F|100/100\n|switch|p1b: Camerupt|Camerupt, L50, F, shiny|100/100\n|turn|3\n|\n|t:|1776580349\n|detailschange|p1b: Camerupt|Camerupt-Mega, L50, F, shiny\n|-mega|p1b: Camerupt|Camerupt|Cameruptite\n|move|p2b: Incineroar|Fake Out|p1b: Camerupt\n|-damage|p1b: Camerupt|90/100\n|move|p2a: Basculegion|Shadow Ball|p1a: Torkoal\n|-damage|p1a: Torkoal|0 fnt\n|faint|p1a: Torkoal\n|cant|p1b: Camerupt|flinch\n|\n|-weather|SunnyDay|[upkeep]\n|upkeep\n|turn|4\n|inactive|shangenb has 30 seconds left.\n|\n|t:|1776580378\n|move|p2a: Basculegion|Shadow Ball|p1b: Camerupt\n|-damage|p1b: Camerupt|41/100\n|move|p2b: Incineroar|Parting Shot|p1b: Camerupt\n|-unboost|p1b: Camerupt|atk|1\n|-unboost|p1b: Camerupt|spa|1\n|move|p1b: Camerupt|Earth Power|p2a: Basculegion\n|-damage|p2a: Basculegion|40/100\n|\n|-weather|SunnyDay|[upkeep]\n|upkeep\n|turn|5\n|\n|t:|1776580392\n|move|p2a: Basculegion|Shadow Ball|p1b: Camerupt\n|-damage|p1b: Camerupt|0 fnt\n|faint|p1b: Camerupt\n|\n|win|shangenb\n|raw|krittapas's rating: 1314 &rarr; <strong>1295</strong><br />(-19 for losing)\n|raw|shangenb's rating: 1331 &rarr; <strong>1350</strong><br />(+19 for winning)\n|l|\u2606krittapas\n|player|p1|\n",
  "uploadtime": 1776580398,
  "views": 16,
  "formatid": "gen9championsvgc2026regma",
  "rating": 1295,
  "private": 0,
  "password": null
}