{
  "id": "gen9championsvgc2026regma-2585542494",
  "format": "[Gen 9 Champions] VGC 2026 Reg M-A",
  "players": [
    "Dlinkoto",
    "Mistertiny123"
  ],
  "log": "|j|\u2606Dlinkoto\n|j|\u2606Mistertiny123\n|t:|1776354426\n|gametype|doubles\n|player|p1|Dlinkoto|170|1010\n|player|p2|Mistertiny123|2|1059\n|gen|9\n|tier|[Gen 9 Champions] VGC 2026 Reg M-A\n|rated|\n|rule|Species Clause: Limit one of each Pok\u00e9mon\n|rule|Item Clause: Limit 1 of each item\n|clearpoke\n|poke|p1|Aerodactyl, L50, F|\n|poke|p1|Sneasler, L50, F|\n|poke|p1|Incineroar, L50, M|\n|poke|p1|Golurk, L50|\n|poke|p1|Whimsicott, L50, M|\n|poke|p1|Aegislash, L50, M|\n|poke|p2|Pelipper, L50, M|\n|poke|p2|Meganium, L50, F|\n|poke|p2|Sneasler, L50, F|\n|poke|p2|Aerodactyl, L50, F|\n|poke|p2|Maushold-Four, L50|\n|poke|p2|Sinistcha, L50|\n|teampreview|4\n|\n|t:|1776354452\n|teamsize|p1|4\n|teamsize|p2|4\n|start\n|switch|p1a: Aerodactyl|Aerodactyl, L50, F|100/100\n|switch|p1b: Golurk|Golurk, L50|100/100\n|switch|p2a: Aerodactyl|Aerodactyl, L50, F|100/100\n|switch|p2b: Sneasler|Sneasler, L50, F|100/100\n|-ability|p1a: Aerodactyl|Unnerve\n|-ability|p2b: Sneasler|Pressure\n|turn|1\n|\n|t:|1776354488\n|detailschange|p1b: Golurk|Golurk-Mega, L50\n|-mega|p1b: Golurk|Golurk|Golurkite\n|move|p2a: Aerodactyl|Tailwind|p2a: Aerodactyl\n|-sidestart|p2: Mistertiny123|move: Tailwind\n|move|p2b: Sneasler|Night Slash|p1b: Golurk\n|-supereffective|p1b: Golurk|1\n|-damage|p1b: Golurk|54/100\n|move|p1a: Aerodactyl|Tailwind|p1a: Aerodactyl\n|-sidestart|p1: Dlinkoto|move: Tailwind\n|move|p1b: Golurk|Poltergeist|p2a: Aerodactyl\n|-activate|p2a: Aerodactyl|move: Poltergeist|Focus Sash\n|-crit|p2a: Aerodactyl\n|-enditem|p2a: Aerodactyl|Focus Sash\n|-damage|p2a: Aerodactyl|1/100\n|\n|upkeep\n|turn|2\n|\n|t:|1776354510\n|move|p1b: Golurk|Protect|p1b: Golurk\n|-singleturn|p1b: Golurk|Protect\n|move|p2a: Aerodactyl|Rock Slide|p1b: Golurk|[spread] p1a\n|-activate|p1b: Golurk|move: Protect\n|-supereffective|p1a: Aerodactyl|1\n|-damage|p1a: Aerodactyl|15/100\n|cant|p1a: Aerodactyl|flinch\n|move|p2b: Sneasler|Night Slash|p1b: Golurk\n|-activate|p1b: Golurk|move: Protect\n|\n|upkeep\n|turn|3\n|\n|t:|1776354531\n|move|p1a: Aerodactyl|Rock Slide|p2b: Sneasler|[spread] p2a,p2b\n|-supereffective|p2a: Aerodactyl|1\n|-resisted|p2b: Sneasler|1\n|-damage|p2a: Aerodactyl|0 fnt\n|-damage|p2b: Sneasler|79/100\n|faint|p2a: Aerodactyl\n|cant|p2b: Sneasler|flinch\n|move|p1b: Golurk|High Horsepower|p2b: Sneasler\n|-supereffective|p2b: Sneasler|1\n|-damage|p2b: Sneasler|0 fnt\n|faint|p2b: Sneasler\n|\n|upkeep\n|\n|t:|1776354540\n|switch|p2a: Meganium|Meganium, L50, F|100/100\n|switch|p2b: Maushold|Maushold-Four, L50|100/100\n|turn|4\n|\n|t:|1776354565\n|detailschange|p2a: Meganium|Meganium-Mega, L50, F\n|-mega|p2a: Meganium|Meganium|Meganiumite\n|move|p1a: Aerodactyl|Wide Guard|p1a: Aerodactyl\n|-singleturn|p1a: Aerodactyl|Wide Guard\n|move|p2b: Maushold|Follow Me|p2b: Maushold\n|-singleturn|p2b: Maushold|move: Follow Me\n|move|p2a: Meganium|Dazzling Gleam|p1a: Aerodactyl|[spread] \n|-activate|p1a: Aerodactyl|move: Wide Guard\n|-activate|p1b: Golurk|move: Wide Guard\n|move|p1b: Golurk|High Horsepower|p2b: Maushold\n|-damage|p2b: Maushold|10/100\n|\n|-heal|p2b: Maushold|17/100|[from] item: Leftovers\n|-sideend|p1: Dlinkoto|move: Tailwind\n|-sideend|p2: Mistertiny123|move: Tailwind\n|upkeep\n|turn|5\n|\n|t:|1776354590\n|switch|p1b: Aegislash|Aegislash, L50, M|100/100\n|move|p1a: Aerodactyl|Rock Slide|p2b: Maushold|[spread] p2a,p2b\n|-damage|p2a: Meganium|84/100\n|-damage|p2b: Maushold|0 fnt\n|faint|p2b: Maushold\n|move|p2a: Meganium|Solar Beam||[still]\n|-prepare|p2a: Meganium|Solar Beam\n|-activate|p2a: Meganium|ability: Mega Sol\n|-anim|p2a: Meganium|Solar Beam|p1b: Aegislash\n|-resisted|p1b: Aegislash|1\n|-damage|p1b: Aegislash|68/100\n|\n|upkeep\n|turn|6\n|-message|Mistertiny123 forfeited.\n|\n|win|Dlinkoto\n|raw|Dlinkoto's rating: 1010 &rarr; <strong>1054</strong><br />(+44 for winning)\n|raw|Mistertiny123's rating: 1059 &rarr; <strong>1038</strong><br />(-21 for losing)\n|l|\u2606Mistertiny123\n|player|p2|\n",
  "uploadtime": 1776354636,
  "views": 28,
  "formatid": "gen9championsvgc2026regma",
  "rating": 1038,
  "private": 0,
  "password": null
}