{
  "id": "gen9championsvgc2026regma-2587289614",
  "format": "[Gen 9 Champions] VGC 2026 Reg M-A",
  "players": [
    "radioiamp3",
    "hide on whimscott"
  ],
  "log": "|j|\u2606radioiamp3\n|j|\u2606hide on whimscott\n|t:|1776518742\n|gametype|doubles\n|player|p1|radioiamp3|169|1281\n|player|p2|hide on whimscott|artist-gen4|1333\n|gen|9\n|tier|[Gen 9 Champions] VGC 2026 Reg M-A\n|rated|\n|rule|Species Clause: Limit one of each Pok\u00e9mon\n|rule|Item Clause: Limit 1 of each item\n|clearpoke\n|poke|p1|Golurk, L50|\n|poke|p1|Sneasler, L50, F|\n|poke|p1|Venusaur, L50, F|\n|poke|p1|Torkoal, L50, F|\n|poke|p1|Farigiraf, L50, M|\n|poke|p1|Kleavor, L50, F|\n|poke|p2|Venusaur, L50, F|\n|poke|p2|Sneasler, L50, F|\n|poke|p2|Kingambit, L50, F|\n|poke|p2|Incineroar, L50, M|\n|poke|p2|Basculegion, L50, M|\n|poke|p2|Dragonite, L50, F|\n|teampreview|4\n|\n|t:|1776518778\n|teamsize|p1|4\n|teamsize|p2|4\n|start\n|switch|p1a: Kleavor|Kleavor, L50, F|100/100\n|switch|p1b: Farigiraf|Farigiraf, L50, M|100/100\n|switch|p2a: Venusaur|Venusaur, L50, F|100/100\n|switch|p2b: Kingambit|Kingambit, L50, F|100/100\n|turn|1\n|\n|t:|1776518794\n|detailschange|p2a: Venusaur|Venusaur-Mega, L50, F\n|-mega|p2a: Venusaur|Venusaur|Venusaurite\n|move|p2b: Kingambit|Protect|p2b: Kingambit\n|-singleturn|p2b: Kingambit|Protect\n|move|p1a: Kleavor|Close Combat|p2b: Kingambit\n|-activate|p2b: Kingambit|move: Protect\n|move|p2a: Venusaur|Leech Seed|p1b: Farigiraf\n|-start|p1b: Farigiraf|move: Leech Seed\n|move|p1b: Farigiraf|Hyper Voice|p2b: Kingambit|[spread] p2a\n|-activate|p2b: Kingambit|move: Protect\n|-damage|p2a: Venusaur|76/100\n|\n|-damage|p1b: Farigiraf|88/100|[from] Leech Seed|[of] p2a: Venusaur\n|-heal|p2a: Venusaur|91/100|[silent]\n|upkeep\n|turn|2\n|\n|t:|1776518821\n|switch|p1a: Torkoal|Torkoal, L50, F|100/100\n|-weather|SunnyDay|[from] ability: Drought|[of] p1a: Torkoal\n|switch|p2b: Basculegion|Basculegion, L50, M|100/100\n|move|p2a: Venusaur|Leech Seed|p1a: Torkoal|[miss]\n|-miss|p2a: Venusaur|p1a: Torkoal\n|move|p1b: Farigiraf|Trick Room|p1b: Farigiraf\n|-fieldstart|move: Trick Room|[of] p1b: Farigiraf\n|\n|-weather|SunnyDay|[upkeep]\n|-damage|p1b: Farigiraf|76/100|[from] Leech Seed|[of] p2a: Venusaur\n|-heal|p2a: Venusaur|100/100|[silent]\n|upkeep\n|turn|3\n|\n|t:|1776518837\n|switch|p2b: Incineroar|Incineroar, L50, M|100/100\n|-ability|p2b: Incineroar|Intimidate|boost\n|-unboost|p1a: Torkoal|atk|1\n|-unboost|p1b: Farigiraf|atk|1\n|move|p1a: Torkoal|Eruption|p2b: Incineroar|[spread] p2a,p2b\n|-supereffective|p2a: Venusaur|1\n|-resisted|p2b: Incineroar|1\n|-damage|p2a: Venusaur|29/100\n|-damage|p2b: Incineroar|70/100\n|move|p1b: Farigiraf|Psychic|p2b: Incineroar\n|-immune|p2b: Incineroar\n|move|p2a: Venusaur|Earth Power|p1a: Torkoal\n|-supereffective|p1a: Torkoal|1\n|-damage|p1a: Torkoal|39/100\n|\n|-weather|SunnyDay|[upkeep]\n|-damage|p1b: Farigiraf|63/100|[from] Leech Seed|[of] p2a: Venusaur\n|-heal|p2a: Venusaur|44/100|[silent]\n|upkeep\n|turn|4\n|\n|t:|1776518861\n|switch|p1b: Golurk|Golurk, L50|100/100\n|move|p2a: Venusaur|Protect|p2a: Venusaur\n|-singleturn|p2a: Venusaur|Protect\n|move|p1a: Torkoal|Heat Wave|p2b: Incineroar|[spread] \n|-activate|p2a: Venusaur|move: Protect\n|-miss|p1a: Torkoal|p2b: Incineroar\n|move|p2b: Incineroar|Parting Shot|p1a: Torkoal\n|-unboost|p1a: Torkoal|atk|1\n|-unboost|p1a: Torkoal|spa|1\n|\n|t:|1776518877\n|switch|p2b: Kingambit|Kingambit, L50, F|100/100|[from] Parting Shot\n|\n|-weather|SunnyDay|[upkeep]\n|upkeep\n|turn|5\n|\n|t:|1776518897\n|switch|p2a: Incineroar|Incineroar, L50, M|70/100\n|-ability|p2a: Incineroar|Intimidate|boost\n|-unboost|p1a: Torkoal|atk|1\n|-unboost|p1b: Golurk|atk|1\n|detailschange|p1b: Golurk|Golurk-Mega, L50\n|-mega|p1b: Golurk|Golurk|Golurkite\n|move|p2b: Kingambit|Protect|p2b: Kingambit\n|-singleturn|p2b: Kingambit|Protect\n|move|p1a: Torkoal|Weather Ball|p2a: Incineroar\n|-resisted|p2a: Incineroar|1\n|-damage|p2a: Incineroar|50/100\n|-enditem|p2a: Incineroar|Sitrus Berry|[eat]\n|-heal|p2a: Incineroar|75/100|[from] item: Sitrus Berry\n|move|p1b: Golurk|Headlong Rush|p2b: Kingambit\n|-supereffective|p2b: Kingambit|1\n|-ability|p1b: Golurk|Unseen Fist\n|-zbroken|p2b: Kingambit\n|-damage|p2b: Kingambit|80/100\n|-unboost|p1b: Golurk|def|1\n|-unboost|p1b: Golurk|spd|1\n|\n|-weather|SunnyDay|[upkeep]\n|upkeep\n|turn|6\n|\n|t:|1776518934\n|switch|p1a: Farigiraf|Farigiraf, L50, M|63/100\n|switch|p2b: Venusaur|Venusaur-Mega, L50, F|44/100\n|move|p1b: Golurk|Headlong Rush|p2a: Incineroar\n|-supereffective|p2a: Incineroar|1\n|-damage|p2a: Incineroar|0 fnt\n|-unboost|p1b: Golurk|def|1\n|-unboost|p1b: Golurk|spd|1\n|faint|p2a: Incineroar\n|\n|-weather|none\n|-fieldend|move: Trick Room\n|upkeep\n|\n|t:|1776518960\n|switch|p2a: Basculegion|Basculegion, L50, M|100/100\n|turn|7\n|\n|t:|1776518968\n|switch|p1b: Torkoal|Torkoal, L50, F|39/100\n|-weather|SunnyDay|[from] ability: Drought|[of] p1b: Torkoal\n|move|p2a: Basculegion|Wave Crash|p1a: Farigiraf\n|-damage|p1a: Farigiraf|29/100\n|-enditem|p1a: Farigiraf|Sitrus Berry|[eat]\n|-heal|p1a: Farigiraf|54/100|[from] item: Sitrus Berry\n|-damage|p2a: Basculegion|87/100|[from] Recoil\n|move|p2b: Venusaur|Earth Power|p1b: Torkoal\n|-supereffective|p1b: Torkoal|1\n|-damage|p1b: Torkoal|0 fnt\n|faint|p1b: Torkoal\n|move|p1a: Farigiraf|Psychic|p2b: Venusaur\n|-supereffective|p2b: Venusaur|1\n|-damage|p2b: Venusaur|0 fnt\n|faint|p2b: Venusaur\n|\n|-weather|SunnyDay|[upkeep]\n|upkeep\n|\n|t:|1776518988\n|switch|p2b: Kingambit|Kingambit, L50, F|80/100\n|switch|p1b: Kleavor|Kleavor, L50, F|100/100\n|turn|8\n|\n|t:|1776519004\n|move|p1b: Kleavor|Close Combat|p2b: Kingambit\n|-supereffective|p2b: Kingambit|2\n|-enditem|p2b: Kingambit|Chople Berry|[eat]\n|-enditem|p2b: Kingambit|Chople Berry|[weaken]\n|-damage|p2b: Kingambit|21/100\n|-unboost|p1b: Kleavor|def|1\n|-unboost|p1b: Kleavor|spd|1\n|move|p2a: Basculegion|Wave Crash|p1b: Kleavor\n|-supereffective|p1b: Kleavor|1\n|-damage|p1b: Kleavor|0 fnt\n|faint|p1b: Kleavor\n|-damage|p2a: Basculegion|62/100|[from] Recoil\n|move|p1a: Farigiraf|Psychic|p2a: Basculegion\n|-damage|p2a: Basculegion|17/100\n|move|p2b: Kingambit|Kowtow Cleave|p1a: Farigiraf\n|-supereffective|p1a: Farigiraf|1\n|-damage|p1a: Farigiraf|0 fnt\n|faint|p1a: Farigiraf\n|\n|-weather|SunnyDay|[upkeep]\n|upkeep\n|\n|t:|1776519022\n|switch|p1b: Golurk|Golurk-Mega, L50|100/100\n|turn|9\n|\n|t:|1776519033\n|move|p2b: Kingambit|Sucker Punch|p1b: Golurk\n|-supereffective|p1b: Golurk|1\n|-damage|p1b: Golurk|30/100\n|move|p2a: Basculegion|Wave Crash|p1b: Golurk\n|-supereffective|p1b: Golurk|1\n|-damage|p1b: Golurk|0 fnt\n|faint|p1b: Golurk\n|-damage|p2a: Basculegion|8/100|[from] Recoil\n|\n|win|hide on whimscott\n|raw|radioiamp3's rating: 1281 &rarr; <strong>1260</strong><br />(-21 for losing)\n|raw|hide on whimscott's rating: 1333 &rarr; <strong>1350</strong><br />(+17 for winning)\n",
  "uploadtime": 1776519033,
  "views": 25,
  "formatid": "gen9championsvgc2026regma",
  "rating": 1260,
  "private": 0,
  "password": null
}