{
  "id": "gen9championsvgc2026regma-2585109737",
  "format": "[Gen 9 Champions] VGC 2026 Reg M-A",
  "players": [
    "Prtbl_Trash",
    "GATS2529"
  ],
  "log": "|j|\u2606Prtbl_Trash\n|j|\u2606GATS2529\n|t:|1776312850\n|gametype|doubles\n|player|p1|Prtbl_Trash|266|1146\n|player|p2|GATS2529|nate|1198\n|gen|9\n|tier|[Gen 9 Champions] VGC 2026 Reg M-A\n|rated|\n|rule|Species Clause: Limit one of each Pok\u00e9mon\n|rule|Item Clause: Limit 1 of each item\n|clearpoke\n|poke|p1|Chimecho, L50, M|\n|poke|p1|Sinistcha, L50|\n|poke|p1|Sneasler, L50, M|\n|poke|p1|Liepard, L50, F|\n|poke|p1|Pelipper, L50, M|\n|poke|p1|Arcanine, L50, F|\n|poke|p2|Dragonite, L50, F|\n|poke|p2|Incineroar, L50, M|\n|poke|p2|Sneasler, L50, M|\n|poke|p2|Espathra, L50, M|\n|poke|p2|Venusaur, L50, M|\n|poke|p2|Milotic, L50, M|\n|teampreview|4\n|inactive|Battle timer is ON: inactive players will automatically lose when time's up. (requested by GATS2529)\n|\n|t:|1776312878\n|teamsize|p1|4\n|teamsize|p2|4\n|start\n|switch|p1a: Chimecho|Chimecho, L50, M|100/100\n|switch|p1b: Sneasler|Sneasler, L50, M|100/100\n|switch|p2a: Espathra|Espathra, L50, M|100/100\n|switch|p2b: Incineroar|Incineroar, L50, M|100/100\n|-ability|p2b: Incineroar|Intimidate|boost\n|-unboost|p1a: Chimecho|atk|1\n|-unboost|p1b: Sneasler|atk|1\n|-enditem|p1b: Sneasler|White Herb\n|-clearnegativeboost|p1b: Sneasler|[silent]\n|turn|1\n|\n|t:|1776312899\n|detailschange|p1a: Chimecho|Chimecho-Mega, L50, M\n|-mega|p1a: Chimecho|Chimecho|Chimechite\n|move|p2a: Espathra|Protect|p2a: Espathra\n|-singleturn|p2a: Espathra|Protect\n|move|p1b: Sneasler|Fake Out|p2b: Incineroar\n|-damage|p2b: Incineroar|86/100\n|move|p1a: Chimecho|Cosmic Power|p1a: Chimecho\n|-boost|p1a: Chimecho|def|1\n|-boost|p1a: Chimecho|spd|1\n|cant|p2b: Incineroar|flinch\n|\n|-ability|p2a: Espathra|Speed Boost|boost\n|-boost|p2a: Espathra|spe|1\n|upkeep\n|turn|2\n|\n|t:|1776312916\n|move|p1b: Sneasler|U-turn|p2a: Espathra\n|-supereffective|p2a: Espathra|1\n|-damage|p2a: Espathra|12/100\n|\n|t:|1776312919\n|switch|p1b: Arcanine|Arcanine, L50, F|100/100|[from] U-turn\n|-ability|p1b: Arcanine|Intimidate|boost\n|-unboost|p2a: Espathra|atk|1\n|-unboost|p2b: Incineroar|atk|1\n|move|p2a: Espathra|Lumina Crash|p1b: Arcanine\n|-damage|p1b: Arcanine|60/100\n|-unboost|p1b: Arcanine|spd|2\n|move|p1a: Chimecho|Cosmic Power|p1a: Chimecho\n|-boost|p1a: Chimecho|def|1\n|-boost|p1a: Chimecho|spd|1\n|move|p2b: Incineroar|Darkest Lariat|p1a: Chimecho\n|-supereffective|p1a: Chimecho|1\n|-damage|p1a: Chimecho|60/100\n|\n|-ability|p2a: Espathra|Speed Boost|boost\n|-boost|p2a: Espathra|spe|1\n|upkeep\n|turn|3\n|\n|t:|1776312943\n|move|p2a: Espathra|Protect|p2a: Espathra\n|-singleturn|p2a: Espathra|Protect\n|move|p1b: Arcanine|Extreme Speed|p2a: Espathra\n|-activate|p2a: Espathra|move: Protect\n|move|p1a: Chimecho|Charge Beam|p2b: Incineroar\n|-damage|p2b: Incineroar|71/100\n|move|p2b: Incineroar|Darkest Lariat|p1a: Chimecho\n|-supereffective|p1a: Chimecho|1\n|-damage|p1a: Chimecho|17/100\n|\n|-ability|p2a: Espathra|Speed Boost|boost\n|-boost|p2a: Espathra|spe|1\n|upkeep\n|turn|4\n|\n|t:|1776312967\n|switch|p2a: Milotic|Milotic, L50, M|100/100\n|move|p1b: Arcanine|Extreme Speed|p2a: Milotic\n|-damage|p2a: Milotic|80/100\n|move|p1a: Chimecho|Recover|p1a: Chimecho\n|-heal|p1a: Chimecho|67/100\n|move|p2b: Incineroar|Darkest Lariat|p1a: Chimecho\n|-supereffective|p1a: Chimecho|1\n|-damage|p1a: Chimecho|20/100\n|\n|-heal|p2a: Milotic|86/100|[from] item: Leftovers\n|upkeep\n|turn|5\n|\n|t:|1776312982\n|switch|p1b: Sinistcha|Sinistcha, L50|100/100\n|-heal|p1a: Chimecho|45/100|[from] ability: Hospitality|[of] p1b: Sinistcha\n|move|p2a: Milotic|Icy Wind|p1a: Chimecho|[spread] p1a,p1b\n|-resisted|p1a: Chimecho|1\n|-supereffective|p1b: Sinistcha|1\n|-damage|p1a: Chimecho|44/100\n|-damage|p1b: Sinistcha|78/100\n|-unboost|p1a: Chimecho|spe|1\n|-unboost|p1b: Sinistcha|spe|1\n|move|p2b: Incineroar|Darkest Lariat|p1b: Sinistcha\n|-supereffective|p1b: Sinistcha|1\n|-damage|p1b: Sinistcha|43/100\n|move|p1a: Chimecho|Recover|p1a: Chimecho\n|-heal|p1a: Chimecho|94/100\n|\n|-heal|p2a: Milotic|92/100|[from] item: Leftovers\n|-heal|p1b: Sinistcha|49/100|[from] item: Leftovers\n|upkeep\n|turn|6\n|inactive|Prtbl_Trash has 30 seconds left.\n|\n|t:|1776313008\n|move|p1b: Sinistcha|Rage Powder|p1b: Sinistcha\n|-singleturn|p1b: Sinistcha|move: Rage Powder\n|move|p2a: Milotic|Scald|p1b: Sinistcha\n|-resisted|p1b: Sinistcha|1\n|-damage|p1b: Sinistcha|30/100\n|-status|p1b: Sinistcha|brn\n|move|p2b: Incineroar|Flare Blitz|p1b: Sinistcha\n|-supereffective|p1b: Sinistcha|1\n|-damage|p1b: Sinistcha|0 fnt\n|faint|p1b: Sinistcha\n|-damage|p2b: Incineroar|63/100|[from] Recoil\n|move|p1a: Chimecho|Charge Beam|p2a: Milotic\n|-supereffective|p2a: Milotic|1\n|-damage|p2a: Milotic|74/100\n|-boost|p1a: Chimecho|spa|1\n|\n|-heal|p2a: Milotic|80/100|[from] item: Leftovers\n|upkeep\n|\n|t:|1776313026\n|switch|p1b: Sneasler|Sneasler, L50, M|100/100\n|turn|7\n|\n|t:|1776313039\n|move|p1b: Sneasler|Close Combat|p2b: Incineroar\n|-supereffective|p2b: Incineroar|1\n|-damage|p2b: Incineroar|0 fnt\n|-unboost|p1b: Sneasler|def|1\n|-unboost|p1b: Sneasler|spd|1\n|faint|p2b: Incineroar\n|move|p2a: Milotic|Scald|p1b: Sneasler\n|-damage|p1b: Sneasler|41/100\n|move|p1a: Chimecho|Charge Beam|p2a: Milotic\n|-supereffective|p2a: Milotic|1\n|-damage|p2a: Milotic|53/100\n|-boost|p1a: Chimecho|spa|1\n|\n|-heal|p2a: Milotic|59/100|[from] item: Leftovers\n|upkeep\n|\n|t:|1776313050\n|switch|p2b: Espathra|Espathra, L50, M|12/100\n|turn|8\n|\n|t:|1776313065\n|move|p2b: Espathra|Protect|p2b: Espathra\n|-singleturn|p2b: Espathra|Protect\n|move|p1b: Sneasler|U-turn|p2a: Milotic\n|-damage|p2a: Milotic|31/100\n|\n|t:|1776313071\n|switch|p1b: Arcanine|Arcanine, L50, F|60/100|[from] U-turn\n|-ability|p1b: Arcanine|Intimidate|boost\n|-unboost|p2a: Milotic|atk|1\n|-ability|p2a: Milotic|Competitive|boost\n|-boost|p2a: Milotic|spa|2\n|-unboost|p2b: Espathra|atk|1\n|move|p2a: Milotic|Scald|p1b: Arcanine\n|-supereffective|p1b: Arcanine|1\n|-damage|p1b: Arcanine|0 fnt\n|faint|p1b: Arcanine\n|move|p1a: Chimecho|Stored Power|p2a: Milotic\n|-damage|p2a: Milotic|0 fnt\n|faint|p2a: Milotic\n|\n|-ability|p2b: Espathra|Speed Boost|boost\n|-boost|p2b: Espathra|spe|1\n|upkeep\n|\n|t:|1776313082\n|switch|p1b: Sneasler|Sneasler, L50, M|41/100\n|switch|p2a: Venusaur|Venusaur, L50, M|100/100\n|turn|9\n|\n|t:|1776313104\n|detailschange|p2a: Venusaur|Venusaur-Mega, L50, M\n|-mega|p2a: Venusaur|Venusaur|Venusaurite\n|move|p2a: Venusaur|Protect|p2a: Venusaur\n|-singleturn|p2a: Venusaur|Protect\n|move|p1b: Sneasler|Fake Out|p2b: Espathra\n|-damage|p2b: Espathra|0 fnt\n|faint|p2b: Espathra\n|move|p1a: Chimecho|Stored Power|p2a: Venusaur\n|-activate|p2a: Venusaur|move: Protect\n|\n|upkeep\n|turn|10\n|\n|t:|1776313115\n|move|p1b: Sneasler|Dire Claw|p2a: Venusaur\n|-damage|p2a: Venusaur|65/100\n|move|p2a: Venusaur|Giga Drain|p2: Espathra|[notarget]\n|-fail|p2a: Venusaur\n|move|p1a: Chimecho|Stored Power|p2a: Venusaur\n|-supereffective|p2a: Venusaur|1\n|-damage|p2a: Venusaur|0 fnt\n|faint|p2a: Venusaur\n|\n|win|Prtbl_Trash\n|raw|Prtbl_Trash's rating: 1146 &rarr; <strong>1175</strong><br />(+29 for winning)\n|raw|GATS2529's rating: 1198 &rarr; <strong>1169</strong><br />(-29 for losing)\n|l|\u2606GATS2529\n|player|p2|\n",
  "uploadtime": 1776313131,
  "views": 32,
  "formatid": "gen9championsvgc2026regma",
  "rating": 1169,
  "private": 0,
  "password": null
}