{
  "id": "gen9championsvgc2026regma-2585854312",
  "format": "[Gen 9 Champions] VGC 2026 Reg M-A",
  "players": [
    "SzlRavioli",
    "Escobarco"
  ],
  "log": "|j|\u2606SzlRavioli\n|j|\u2606Escobarco\n|t:|1776375739\n|gametype|doubles\n|player|p1|SzlRavioli|102|1099\n|player|p2|Escobarco|ingo|1010\n|gen|9\n|tier|[Gen 9 Champions] VGC 2026 Reg M-A\n|rated|\n|rule|Species Clause: Limit one of each Pok\u00e9mon\n|rule|Item Clause: Limit 1 of each item\n|clearpoke\n|poke|p1|Blastoise, L50, M|\n|poke|p1|Sinistcha-Masterpiece, L50|\n|poke|p1|Incineroar, L50, M|\n|poke|p1|Aerodactyl, L50, M|\n|poke|p1|Farigiraf, L50, F|\n|poke|p1|Gengar, L50, F|\n|poke|p2|Hawlucha, L50, F|\n|poke|p2|Excadrill, L50, F|\n|poke|p2|Tyranitar, L50, F|\n|poke|p2|Ceruledge, L50, M|\n|poke|p2|Froslass, L50, F|\n|poke|p2|Abomasnow, L50, M|\n|teampreview|4\n|inactive|Battle timer is ON: inactive players will automatically lose when time's up. (requested by Escobarco)\n|\n|t:|1776375751\n|teamsize|p1|4\n|teamsize|p2|4\n|start\n|switch|p1a: Incineroar|Incineroar, L50, M|100/100\n|switch|p1b: Aerodactyl|Aerodactyl, L50, M, shiny|100/100\n|switch|p2a: Hawlucha|Hawlucha, L50, F|100/100\n|switch|p2b: Excadrill|Excadrill, L50, F|100/100\n|-ability|p1b: Aerodactyl|Unnerve\n|-ability|p2a: Hawlucha|Mold Breaker\n|-ability|p2b: Excadrill|Mold Breaker\n|-ability|p1a: Incineroar|Intimidate|boost\n|-unboost|p2a: Hawlucha|atk|1\n|-unboost|p2b: Excadrill|atk|1\n|turn|1\n|inactive|Escobarco has 30 seconds left.\n|\n|t:|1776375782\n|detailschange|p2a: Hawlucha|Hawlucha-Mega, L50, F\n|-mega|p2a: Hawlucha|Hawlucha|Hawluchanite\n|move|p1a: Incineroar|Fake Out|p2b: Excadrill\n|-resisted|p2b: Excadrill|1\n|-damage|p2b: Excadrill|93/100\n|move|p1b: Aerodactyl|Tailwind|p1b: Aerodactyl\n|-sidestart|p1: SzlRavioli|move: Tailwind\n|move|p2a: Hawlucha|Entrainment|p2b: Excadrill\n|-ability|p2b: Excadrill|No Guard|Mold Breaker|[from] move: Entrainment|[of] p2a: Hawlucha\n|cant|p2b: Excadrill|flinch\n|\n|upkeep\n|turn|2\n|\n|t:|1776375803\n|move|p1b: Aerodactyl|Rock Slide|p2b: Excadrill|[spread] p2a,p2b\n|-resisted|p2b: Excadrill|2\n|-damage|p2a: Hawlucha|68/100\n|-damage|p2b: Excadrill|84/100\n|cant|p2a: Hawlucha|flinch\n|move|p1a: Incineroar|Parting Shot|p2a: Hawlucha\n|-unboost|p2a: Hawlucha|atk|1\n|-unboost|p2a: Hawlucha|spa|1\n|\n|t:|1776375812\n|switch|p1a: Farigiraf|Farigiraf, L50, F, shiny|100/100|[from] Parting Shot\n|move|p2b: Excadrill|Horn Drill|p1b: Aerodactyl\n|-enditem|p1b: Aerodactyl|Focus Sash\n|-damage|p1b: Aerodactyl|1/100\n|\n|upkeep\n|turn|3\n|\n|t:|1776375831\n|switch|p2a: Ceruledge|Ceruledge, L50, M|100/100\n|move|p1b: Aerodactyl|Rock Slide|p2a: Ceruledge|[spread] p2a,p2b\n|-supereffective|p2a: Ceruledge|1\n|-resisted|p2b: Excadrill|2\n|-damage|p2a: Ceruledge|16/100\n|-damage|p2b: Excadrill|76/100\n|move|p1a: Farigiraf|Calm Mind|p1a: Farigiraf\n|-boost|p1a: Farigiraf|spa|1\n|-boost|p1a: Farigiraf|spd|1\n|cant|p2b: Excadrill|flinch\n|\n|upkeep\n|turn|4\n|\n|t:|1776375849\n|move|p2a: Ceruledge|Shadow Sneak||[still]\n|cant|p1a: Farigiraf|ability: Armor Tail|Shadow Sneak|[of] p2a: Ceruledge\n|move|p1b: Aerodactyl|Rock Slide|p2a: Ceruledge|[spread] p2a,p2b\n|-supereffective|p2a: Ceruledge|1\n|-resisted|p2b: Excadrill|2\n|-damage|p2a: Ceruledge|0 fnt\n|-damage|p2b: Excadrill|68/100\n|faint|p2a: Ceruledge\n|move|p1a: Farigiraf|Baton Pass|p1a: Farigiraf\n|\n|t:|1776375857\n|switch|p1a: Blastoise|Blastoise, L50, M, shiny|100/100|[from] Baton Pass\n|move|p2b: Excadrill|Horn Drill|p1a: Blastoise\n|-damage|p1a: Blastoise|0 fnt\n|faint|p1a: Blastoise\n|-ohko\n|\n|-sideend|p1: SzlRavioli|move: Tailwind\n|upkeep\n|\n|t:|1776375868\n|switch|p2a: Hawlucha|Hawlucha-Mega, L50, F|68/100\n|switch|p1a: Incineroar|Incineroar, L50, M|100/100\n|-ability|p1a: Incineroar|Intimidate|boost\n|-unboost|p2a: Hawlucha|atk|1\n|-unboost|p2b: Excadrill|atk|1\n|turn|5\n|\n|t:|1776375892\n|move|p1a: Incineroar|Fake Out|p2b: Excadrill\n|-resisted|p2b: Excadrill|1\n|-damage|p2b: Excadrill|61/100\n|move|p1b: Aerodactyl|Dual Wingbeat|p2a: Hawlucha\n|-supereffective|p2a: Hawlucha|1\n|-damage|p2a: Hawlucha|25/100\n|-supereffective|p2a: Hawlucha|1\n|-damage|p2a: Hawlucha|0 fnt\n|faint|p2a: Hawlucha\n|-hitcount|p2: Hawlucha|2\n|cant|p2b: Excadrill|flinch\n|\n|upkeep\n|\n|t:|1776375903\n|switch|p2a: Tyranitar|Tyranitar, L50, F|100/100\n|-weather|Sandstorm|[from] ability: Sand Stream|[of] p2a: Tyranitar\n|turn|6\n|\n|t:|1776375917\n|move|p1b: Aerodactyl|Rock Slide|p2b: Excadrill|[spread] p2a,p2b\n|-resisted|p2b: Excadrill|2\n|-damage|p2a: Tyranitar|78/100\n|-damage|p2b: Excadrill|53/100\n|move|p2b: Excadrill|Horn Drill|p1a: Incineroar\n|-damage|p1a: Incineroar|0 fnt\n|faint|p1a: Incineroar\n|-ohko\n|move|p2a: Tyranitar|Ice Punch|p1b: Aerodactyl\n|-supereffective|p1b: Aerodactyl|1\n|-damage|p1b: Aerodactyl|0 fnt\n|faint|p1b: Aerodactyl\n|\n|-weather|Sandstorm|[upkeep]\n|-heal|p2a: Tyranitar|84/100|[from] item: Leftovers\n|upkeep\n|\n|t:|1776375924\n|switch|p1b: Farigiraf|Farigiraf, L50, F, shiny|100/100\n|turn|7\n|-message|SzlRavioli forfeited.\n|\n|win|Escobarco\n|raw|SzlRavioli's rating: 1099 &rarr; <strong>1067</strong><br />(-32 for losing)\n|raw|Escobarco's rating: 1000 &rarr; <strong>1051</strong><br />(+51 for winning)\n|l|\u2606SzlRavioli\n|player|p1|\n",
  "uploadtime": 1776375935,
  "views": 20,
  "formatid": "gen9championsvgc2026regma",
  "rating": 1051,
  "private": 0,
  "password": null
}