{
  "id": "gen9championsvgc2026regma-2584950726",
  "format": "[Gen 9 Champions] VGC 2026 Reg M-A",
  "players": [
    "artturzini",
    "Erks96"
  ],
  "log": "|j|\u2606artturzini\n|j|\u2606Erks96\n|t:|1776297442\n|gametype|doubles\n|player|p1|artturzini|n|1078\n|player|p2|Erks96|silver|1152\n|gen|9\n|tier|[Gen 9 Champions] VGC 2026 Reg M-A\n|rated|\n|rule|Species Clause: Limit one of each Pok\u00e9mon\n|rule|Item Clause: Limit 1 of each item\n|clearpoke\n|poke|p1|Froslass, L50, F|\n|poke|p1|Glaceon, L50, F|\n|poke|p1|Rotom-Frost, L50|\n|poke|p1|Aerodactyl, L50, M|\n|poke|p1|Milotic, L50, F|\n|poke|p1|Garchomp, L50, M|\n|poke|p2|Gyarados, L50, F|\n|poke|p2|Empoleon, L50, M|\n|poke|p2|Garchomp, L50, F|\n|poke|p2|Sneasler, L50, F|\n|poke|p2|Noivern, L50, F|\n|poke|p2|Clefable, L50, F|\n|teampreview|4\n|\n|t:|1776297470\n|teamsize|p1|4\n|teamsize|p2|4\n|start\n|switch|p1a: Aerodactyl|Aerodactyl, L50, M|100/100\n|switch|p1b: Rotom|Rotom-Frost, L50|100/100\n|switch|p2a: Empoleon|Empoleon, L50, M|100/100\n|switch|p2b: Gyarados|Gyarados, L50, F|100/100\n|-ability|p2b: Gyarados|Intimidate|boost\n|-unboost|p1a: Aerodactyl|atk|1\n|-unboost|p1b: Rotom|atk|1\n|turn|1\n|\n|t:|1776297489\n|move|p2b: Gyarados|Protect|p2b: Gyarados\n|-singleturn|p2b: Gyarados|Protect\n|move|p1b: Rotom|Volt Switch|p2b: Gyarados\n|-activate|p2b: Gyarados|move: Protect\n|move|p1a: Aerodactyl|Tailwind|p1a: Aerodactyl\n|-sidestart|p1: artturzini|move: Tailwind\n|move|p2a: Empoleon|Icy Wind|p1a: Aerodactyl|[spread] p1a,p1b\n|-supereffective|p1a: Aerodactyl|1\n|-resisted|p1b: Rotom|1\n|-damage|p1a: Aerodactyl|72/100\n|-damage|p1b: Rotom|93/100\n|-unboost|p1a: Aerodactyl|spe|1\n|-unboost|p1b: Rotom|spe|1\n|\n|upkeep\n|turn|2\n|\n|t:|1776297514\n|move|p1a: Aerodactyl|Wide Guard|p1a: Aerodactyl\n|-singleturn|p1a: Aerodactyl|Wide Guard\n|move|p1b: Rotom|Volt Switch|p2b: Gyarados\n|-supereffective|p2b: Gyarados|2\n|-damage|p2b: Gyarados|0 fnt\n|faint|p2b: Gyarados\n|\n|t:|1776297530\n|switch|p1b: Froslass|Froslass, L50, F|100/100|[from] Volt Switch\n|move|p2a: Empoleon|Yawn|p1b: Froslass\n|-start|p1b: Froslass|move: Yawn|[of] p2a: Empoleon\n|\n|upkeep\n|inactive|Battle timer is ON: inactive players will automatically lose when time's up. (requested by artturzini)\n|\n|t:|1776297545\n|switch|p2b: Sneasler|Sneasler, L50, F|100/100\n|turn|3\n|\n|t:|1776297563\n|switch|p1b: Milotic|Milotic, L50, F|100/100\n|switch|p1a: Rotom|Rotom-Frost, L50|93/100\n|move|p2b: Sneasler|Close Combat|p1a: Rotom\n|-supereffective|p1a: Rotom|1\n|-damage|p1a: Rotom|0 fnt\n|-unboost|p2b: Sneasler|def|1\n|-unboost|p2b: Sneasler|spd|1\n|faint|p1a: Rotom\n|move|p2a: Empoleon|Icy Wind|p1b: Milotic\n|-resisted|p1b: Milotic|1\n|-damage|p1b: Milotic|96/100\n|-unboost|p1b: Milotic|spe|1\n|-ability|p1b: Milotic|Competitive|boost\n|-boost|p1b: Milotic|spa|2\n|\n|upkeep\n|inactive|artturzini has 30 seconds left.\n|\n|t:|1776297591\n|switch|p1a: Aerodactyl|Aerodactyl, L50, M|72/100\n|turn|4\n|\n|t:|1776297612\n|move|p2b: Sneasler|Protect|p2b: Sneasler\n|-singleturn|p2b: Sneasler|Protect\n|move|p1a: Aerodactyl|Dual Wingbeat|p2b: Sneasler\n|-activate|p2b: Sneasler|move: Protect\n|move|p1b: Milotic|Draining Kiss|p2b: Sneasler\n|-activate|p2b: Sneasler|move: Protect\n|move|p2a: Empoleon|Yawn|p1b: Milotic\n|-start|p1b: Milotic|move: Yawn|[of] p2a: Empoleon\n|\n|-sideend|p1: artturzini|move: Tailwind\n|upkeep\n|turn|5\n|inactive|Erks96 has 30 seconds left.\n|inactive|Erks96 has 20 seconds left.\n|\n|t:|1776297647\n|switch|p1b: Froslass|Froslass, L50, F|100/100\n|move|p1a: Aerodactyl|Dual Wingbeat|p2b: Sneasler\n|-supereffective|p2b: Sneasler|1\n|-damage|p2b: Sneasler|0 fnt\n|faint|p2b: Sneasler\n|-hitcount|p2: Sneasler|1\n|move|p2a: Empoleon|Yawn|p1b: Froslass\n|-start|p1b: Froslass|move: Yawn|[of] p2a: Empoleon\n|\n|upkeep\n|\n|t:|1776297654\n|switch|p2b: Clefable|Clefable, L50, F|100/100\n|turn|6\n|\n|t:|1776297677\n|detailschange|p1b: Froslass|Froslass-Mega, L50, F\n|-mega|p1b: Froslass|Froslass|Froslassite\n|-weather|Snowscape|[from] ability: Snow Warning|[of] p1b: Froslass\n|move|p1a: Aerodactyl|Tailwind|p1a: Aerodactyl\n|-sidestart|p1: artturzini|move: Tailwind\n|move|p1b: Froslass|Blizzard|p2a: Empoleon|[spread] p2a,p2b\n|-resisted|p2a: Empoleon|2\n|-damage|p2a: Empoleon|92/100\n|-damage|p2b: Clefable|66/100\n|move|p2b: Clefable|Moonblast|p1b: Froslass\n|-damage|p1b: Froslass|63/100\n|move|p2a: Empoleon|Surf|p1a: Aerodactyl|[spread] p2b,p1a,p1b\n|-supereffective|p1a: Aerodactyl|1\n|-damage|p2b: Clefable|48/100\n|-damage|p1a: Aerodactyl|11/100\n|-damage|p1b: Froslass|36/100\n|-enditem|p2b: Clefable|Sitrus Berry|[eat]\n|-heal|p2b: Clefable|73/100|[from] item: Sitrus Berry\n|\n|-weather|Snowscape|[upkeep]\n|-heal|p2a: Empoleon|98/100|[from] item: Leftovers\n|-end|p1b: Froslass|move: Yawn|[silent]\n|-status|p1b: Froslass|slp\n|upkeep\n|turn|7\n|inactive|Erks96 has 30 seconds left.\n|\n|t:|1776297711\n|cant|p1b: Froslass|slp\n|move|p1a: Aerodactyl|Dual Wingbeat|p2b: Clefable\n|-damage|p2b: Clefable|52/100\n|-damage|p2b: Clefable|30/100\n|-hitcount|p2b: Clefable|2\n|move|p2a: Empoleon|Flip Turn|p1a: Aerodactyl\n|-supereffective|p1a: Aerodactyl|1\n|-damage|p1a: Aerodactyl|0 fnt\n|faint|p1a: Aerodactyl\n|move|p2b: Clefable|Moonblast|p1b: Froslass\n|-damage|p1b: Froslass|0 fnt\n|faint|p1b: Froslass\n|\n|-weather|Snowscape|[upkeep]\n|-heal|p2a: Empoleon|100/100|[from] item: Leftovers\n|upkeep\n|\n|t:|1776297728\n|switch|p1b: Milotic|Milotic, L50, F|96/100\n|turn|8\n|\n|t:|1776297743\n|move|p1b: Milotic|Surf|p2b: Clefable|[spread] p2a,p2b\n|-resisted|p2a: Empoleon|1\n|-damage|p2a: Empoleon|90/100\n|-damage|p2b: Clefable|5/100\n|move|p2b: Clefable|Moonblast|p1b: Milotic\n|-damage|p1b: Milotic|77/100\n|move|p2a: Empoleon|Yawn|p1b: Milotic\n|-start|p1b: Milotic|move: Yawn|[of] p2a: Empoleon\n|\n|-weather|Snowscape|[upkeep]\n|-heal|p2a: Empoleon|96/100|[from] item: Leftovers\n|upkeep\n|turn|9\n|inactive|Erks96 has 30 seconds left.\n|\n|t:|1776297769\n|move|p2b: Clefable|Helping Hand|p2a: Empoleon\n|-singleturn|p2a: Empoleon|Helping Hand|[of] p2b: Clefable\n|move|p1b: Milotic|Surf|p2a: Empoleon|[spread] p2a,p2b\n|-resisted|p2a: Empoleon|1\n|-damage|p2a: Empoleon|84/100\n|-damage|p2b: Clefable|0 fnt\n|faint|p2b: Clefable\n|move|p2a: Empoleon|Surf|p1b: Milotic\n|-resisted|p1b: Milotic|1\n|-damage|p1b: Milotic|63/100\n|\n|-weather|Snowscape|[upkeep]\n|-heal|p2a: Empoleon|91/100|[from] item: Leftovers\n|-end|p1b: Milotic|move: Yawn|[silent]\n|-status|p1b: Milotic|slp\n|-sideend|p1: artturzini|move: Tailwind\n|upkeep\n|turn|10\n|\n|t:|1776297790\n|cant|p1b: Milotic|slp\n|move|p2a: Empoleon|Surf|p1b: Milotic\n|-resisted|p1b: Milotic|1\n|-damage|p1b: Milotic|55/100 slp\n|\n|-weather|none\n|-heal|p2a: Empoleon|97/100|[from] item: Leftovers\n|upkeep\n|turn|11\n|\n|t:|1776297793\n|cant|p1b: Milotic|slp\n|move|p2a: Empoleon|Surf|p1b: Milotic\n|-resisted|p1b: Milotic|1\n|-damage|p1b: Milotic|45/100 slp\n|-enditem|p1b: Milotic|Sitrus Berry|[eat]\n|-heal|p1b: Milotic|70/100 slp|[from] item: Sitrus Berry\n|\n|-heal|p2a: Empoleon|100/100|[from] item: Leftovers\n|upkeep\n|turn|12\n|\n|t:|1776297803\n|-curestatus|p1b: Milotic|slp|[msg]\n|move|p1b: Milotic|Draining Kiss|p2a: Empoleon\n|-resisted|p2a: Empoleon|1\n|-damage|p2a: Empoleon|95/100\n|-heal|p1b: Milotic|74/100|[from] drain|[of] p2a: Empoleon\n|move|p2a: Empoleon|Yawn|p1b: Milotic\n|-start|p1b: Milotic|move: Yawn|[of] p2a: Empoleon\n|\n|-heal|p2a: Empoleon|100/100|[from] item: Leftovers\n|upkeep\n|turn|13\n|\n|t:|1776297807\n|move|p1b: Milotic|Draining Kiss|p2a: Empoleon\n|-resisted|p2a: Empoleon|1\n|-damage|p2a: Empoleon|95/100\n|-heal|p1b: Milotic|78/100|[from] drain|[of] p2a: Empoleon\n|move|p2a: Empoleon|Surf|p1b: Milotic\n|-resisted|p1b: Milotic|1\n|-damage|p1b: Milotic|68/100\n|\n|-heal|p2a: Empoleon|100/100|[from] item: Leftovers\n|-end|p1b: Milotic|move: Yawn|[silent]\n|-status|p1b: Milotic|slp\n|upkeep\n|turn|14\n|\n|t:|1776297814\n|cant|p1b: Milotic|slp\n|move|p2a: Empoleon|Surf|p1b: Milotic\n|-resisted|p1b: Milotic|1\n|-damage|p1b: Milotic|57/100 slp\n|\n|upkeep\n|turn|15\n|\n|t:|1776297819\n|cant|p1b: Milotic|slp\n|move|p2a: Empoleon|Surf|p1b: Milotic\n|-resisted|p1b: Milotic|1\n|-damage|p1b: Milotic|47/100 slp\n|\n|upkeep\n|turn|16\n|\n|t:|1776297822\n|-curestatus|p1b: Milotic|slp|[msg]\n|move|p1b: Milotic|Surf|p2a: Empoleon\n|-resisted|p2a: Empoleon|1\n|-damage|p2a: Empoleon|85/100\n|move|p2a: Empoleon|Yawn|p1b: Milotic\n|-start|p1b: Milotic|move: Yawn|[of] p2a: Empoleon\n|\n|-heal|p2a: Empoleon|91/100|[from] item: Leftovers\n|upkeep\n|turn|17\n|\n|t:|1776297826\n|move|p1b: Milotic|Surf|p2a: Empoleon\n|-resisted|p2a: Empoleon|1\n|-damage|p2a: Empoleon|74/100\n|move|p2a: Empoleon|Surf|p1b: Milotic\n|-resisted|p1b: Milotic|1\n|-damage|p1b: Milotic|37/100\n|\n|-heal|p2a: Empoleon|81/100|[from] item: Leftovers\n|-end|p1b: Milotic|move: Yawn|[silent]\n|-status|p1b: Milotic|slp\n|upkeep\n|turn|18\n|\n|t:|1776297833\n|cant|p1b: Milotic|slp\n|move|p2a: Empoleon|Surf|p1b: Milotic\n|-resisted|p1b: Milotic|1\n|-damage|p1b: Milotic|26/100 slp\n|\n|-heal|p2a: Empoleon|87/100|[from] item: Leftovers\n|upkeep\n|turn|19\n|\n|t:|1776297842\n|cant|p1b: Milotic|slp\n|move|p2a: Empoleon|Yawn||[still]\n|-fail|p2a: Empoleon\n|\n|-heal|p2a: Empoleon|93/100|[from] item: Leftovers\n|upkeep\n|turn|20\n|\n|t:|1776297845\n|-curestatus|p1b: Milotic|slp|[msg]\n|move|p1b: Milotic|Recover|p1b: Milotic\n|-heal|p1b: Milotic|76/100\n|move|p2a: Empoleon|Yawn|p1b: Milotic\n|-start|p1b: Milotic|move: Yawn|[of] p2a: Empoleon\n|\n|-heal|p2a: Empoleon|99/100|[from] item: Leftovers\n|upkeep\n|turn|21\n|-message|Erks96 forfeited.\n|\n|win|artturzini\n|raw|artturzini's rating: 1078 &rarr; <strong>1112</strong><br />(+34 for winning)\n|raw|Erks96's rating: 1152 &rarr; <strong>1122</strong><br />(-30 for losing)\n|l|\u2606Erks96\n|player|p2|\n",
  "uploadtime": 1776297864,
  "views": 18,
  "formatid": "gen9championsvgc2026regma",
  "rating": 1112,
  "private": 0,
  "password": null
}