{
  "id": "gen9championsvgc2026regma-2583088096",
  "format": "[Gen 9 Champions] VGC 2026 Reg M-A",
  "players": [
    "Engal06",
    "SUpERPogChamp111"
  ],
  "log": "|j|\u2606Engal06\n|j|\u2606SUpERPogChamp111\n|t:|1776140603\n|gametype|doubles\n|player|p1|Engal06|1|1050\n|player|p2|SUpERPogChamp111|170|1048\n|gen|9\n|tier|[Gen 9 Champions] VGC 2026 Reg M-A\n|rated|\n|rule|Species Clause: Limit one of each Pok\u00e9mon\n|rule|Item Clause: Limit 1 of each item\n|clearpoke\n|poke|p1|Charizard, L50, M|\n|poke|p1|Rotom-Wash, L50|\n|poke|p1|Incineroar, L50, M|\n|poke|p1|Garchomp, L50, F|\n|poke|p1|Venusaur, L50, M|\n|poke|p1|Whimsicott, L50, M|\n|poke|p2|Chandelure, L50, F|\n|poke|p2|Pelipper, L50, F|\n|poke|p2|Glimmora, L50, M|\n|poke|p2|Floette-Eternal, L50, F|\n|poke|p2|Sinistcha, L50|\n|poke|p2|Ditto, L50|\n|teampreview|4\n|inactive|Battle timer is ON: inactive players will automatically lose when time's up. (requested by SUpERPogChamp111)\n|\n|t:|1776140628\n|teamsize|p1|4\n|teamsize|p2|4\n|start\n|switch|p1a: Rotom|Rotom-Wash, L50|100/100\n|switch|p1b: Garchomp|Garchomp, L50, F|100/100\n|switch|p2a: Pelipper|Pelipper, L50, F|100/100\n|switch|p2b: Chandelure|Chandelure, L50, F|100/100\n|turn|1\n|\n|t:|1776140650\n|move|p2a: Pelipper|Protect|p2a: Pelipper\n|-singleturn|p2a: Pelipper|Protect\n|move|p1b: Garchomp|Rock Slide|p2b: Chandelure|[spread] p2b\n|-activate|p2a: Pelipper|move: Protect\n|-supereffective|p2b: Chandelure|1\n|-damage|p2b: Chandelure|56/100\n|move|p1a: Rotom|Thunderbolt|p2a: Pelipper\n|-activate|p2a: Pelipper|move: Protect\n|move|p2b: Chandelure|Trick Room|p2b: Chandelure\n|-fieldstart|move: Trick Room|[of] p2b: Chandelure\n|\n|upkeep\n|turn|2\n|inactive|SUpERPogChamp111 has 30 seconds left.\n|\n|t:|1776140685\n|switch|p2a: Sinistcha|Sinistcha, L50|100/100\n|-heal|p2b: Chandelure|81/100|[from] ability: Hospitality|[of] p2a: Sinistcha\n|move|p1b: Garchomp|Protect|p1b: Garchomp\n|-singleturn|p1b: Garchomp|Protect\n|move|p2b: Chandelure|Energy Ball|p1a: Rotom\n|-supereffective|p1a: Rotom|1\n|-damage|p1a: Rotom|25/100\n|move|p1a: Rotom|Hydro Pump|p2b: Chandelure|[miss]\n|-miss|p1a: Rotom|p2b: Chandelure\n|\n|upkeep\n|turn|3\n|inactive|Engal06 has 30 seconds left.\n|\n|t:|1776140718\n|move|p1a: Rotom|Protect|p1a: Rotom\n|-singleturn|p1a: Rotom|Protect\n|move|p2a: Sinistcha|Rage Powder|p2a: Sinistcha\n|-singleturn|p2a: Sinistcha|move: Rage Powder\n|move|p2b: Chandelure|Energy Ball|p1a: Rotom\n|-activate|p1a: Rotom|move: Protect\n|move|p1b: Garchomp|Earthquake|p2b: Chandelure|[spread] p2a,p2b\n|-activate|p1a: Rotom|move: Protect\n|-resisted|p2a: Sinistcha|1\n|-supereffective|p2b: Chandelure|1\n|-damage|p2a: Sinistcha|85/100\n|-damage|p2b: Chandelure|0 fnt\n|faint|p2b: Chandelure\n|\n|upkeep\n|\n|t:|1776140729\n|switch|p2b: Floette|Floette-Eternal, L50, F|100/100\n|turn|4\n|\n|t:|1776140752\n|move|p2b: Floette|Protect|p2b: Floette\n|-singleturn|p2b: Floette|Protect\n|move|p2a: Sinistcha|Reflect|p2a: Sinistcha\n|-sidestart|p2: SUpERPogChamp111|Reflect\n|move|p1a: Rotom|Thunderbolt|p2b: Floette\n|-activate|p2b: Floette|move: Protect\n|move|p1b: Garchomp|Dragon Claw|p2a: Sinistcha\n|-damage|p2a: Sinistcha|62/100\n|\n|upkeep\n|turn|5\n|\n|t:|1776140770\n|detailschange|p2b: Floette|Floette-Mega, L50, F\n|-mega|p2b: Floette|Floette|Floettite\n|-ability|p2b: Floette|Fairy Aura\n|move|p2a: Sinistcha|Matcha Gotcha|p1b: Garchomp|[spread] p1b\n|-miss|p2a: Sinistcha|p1a: Rotom\n|-damage|p1b: Garchomp|75/100\n|-heal|p2a: Sinistcha|75/100|[from] drain|[of] p1b: Garchomp\n|-status|p1b: Garchomp|brn\n|move|p1a: Rotom|Thunderbolt|p2b: Floette\n|-damage|p2b: Floette|74/100\n|-heal|p1a: Rotom|28/100|[from] item: Shell Bell|[of] p2b: Floette\n|move|p2b: Floette|Calm Mind|p2b: Floette\n|-boost|p2b: Floette|spa|1\n|-boost|p2b: Floette|spd|1\n|move|p1b: Garchomp|Earthquake|p2b: Floette|[spread] p2a,p2b\n|-immune|p1a: Rotom|[from] ability: Levitate\n|-resisted|p2a: Sinistcha|1\n|-damage|p2a: Sinistcha|70/100\n|-damage|p2b: Floette|62/100\n|\n|-damage|p1b: Garchomp|69/100 brn|[from] brn\n|-fieldend|move: Trick Room\n|upkeep\n|turn|6\n|inactive|Engal06 has 30 seconds left.\n|inactive|SUpERPogChamp111 has 30 seconds left.\n|\n|t:|1776140799\n|move|p1b: Garchomp|Rock Slide|p2a: Sinistcha|[spread] p2a,p2b\n|-damage|p2a: Sinistcha|65/100\n|-damage|p2b: Floette|56/100\n|move|p2b: Floette|Psychic|p1b: Garchomp\n|-damage|p1b: Garchomp|3/100 brn\n|move|p1a: Rotom|Hydro Pump|p2b: Floette\n|-damage|p2b: Floette|35/100\n|-heal|p1a: Rotom|30/100|[from] item: Shell Bell|[of] p2b: Floette\n|move|p2a: Sinistcha|Matcha Gotcha|p1a: Rotom|[spread] p1a\n|-miss|p2a: Sinistcha|p1b: Garchomp\n|-supereffective|p1a: Rotom|1\n|-damage|p1a: Rotom|0 fnt\n|-heal|p2a: Sinistcha|77/100|[from] drain|[of] p1a: Rotom\n|faint|p1a: Rotom\n|\n|-damage|p1b: Garchomp|0 fnt|[from] brn\n|faint|p1b: Garchomp\n|upkeep\n|\n|t:|1776140814\n|switch|p1b: Venusaur|Venusaur, L50, M|100/100\n|switch|p1a: Charizard|Charizard, L50, M|100/100\n|turn|7\n|\n|t:|1776140826\n|detailschange|p1a: Charizard|Charizard-Mega-Y, L50, M\n|-mega|p1a: Charizard|Charizard|Charizardite Y\n|-weather|SunnyDay|[from] ability: Drought|[of] p1a: Charizard\n|move|p2a: Sinistcha|Rage Powder|p2a: Sinistcha\n|-singleturn|p2a: Sinistcha|move: Rage Powder\n|move|p1b: Venusaur|Sludge Bomb|p2b: Floette\n|-supereffective|p2b: Floette|1\n|-damage|p2b: Floette|0 fnt\n|faint|p2b: Floette\n|move|p1a: Charizard|Heat Wave|p2a: Sinistcha\n|-supereffective|p2a: Sinistcha|1\n|-damage|p2a: Sinistcha|0 fnt\n|faint|p2a: Sinistcha\n|\n|-weather|SunnyDay|[upkeep]\n|upkeep\n|-message|SUpERPogChamp111 forfeited.\n|\n|win|Engal06\n|raw|Engal06's rating: 1050 &rarr; <strong>1082</strong><br />(+32 for winning)\n|raw|SUpERPogChamp111's rating: 1048 &rarr; <strong>1031</strong><br />(-17 for losing)\n|l|\u2606SUpERPogChamp111\n|player|p2|\n",
  "uploadtime": 1776140844,
  "views": 11,
  "formatid": "gen9championsvgc2026regma",
  "rating": 1031,
  "private": 0,
  "password": null
}