{
  "id": "gen9championsvgc2026regma-2588679634",
  "format": "[Gen 9 Champions] VGC 2026 Reg M-A",
  "players": [
    "isn't cook right",
    "Azuremoon7"
  ],
  "log": "|j|\u2606isn't cook right\n|j|\u2606Azuremoon7\n|t:|1776656935\n|gametype|doubles\n|player|p1|isn't cook right|102|1000\n|player|p2|Azuremoon7|blue|1090\n|gen|9\n|tier|[Gen 9 Champions] VGC 2026 Reg M-A\n|rated|\n|rule|Species Clause: Limit one of each Pok\u00e9mon\n|rule|Item Clause: Limit 1 of each item\n|clearpoke\n|poke|p1|Garchomp, L50, M|\n|poke|p1|Aerodactyl, L50, F|\n|poke|p1|Primarina, L50, F|\n|poke|p1|Beedrill, L50, M|\n|poke|p1|Farigiraf, L50, F|\n|poke|p1|Incineroar, L50, F|\n|poke|p2|Crabominable, L50, M, shiny|\n|poke|p2|Aerodactyl, L50, M, shiny|\n|poke|p2|Sinistcha-Masterpiece, L50, shiny|\n|poke|p2|Incineroar, L50, M, shiny|\n|poke|p2|Slowking-Galar, L50, M, shiny|\n|poke|p2|Armarouge, L50, M, shiny|\n|teampreview|4\n|inactive|Battle timer is ON: inactive players will automatically lose when time's up. (requested by isn't cook right)\n|inactive|isn't cook right has 60 seconds left.\n|\n|t:|1776656980\n|teamsize|p1|4\n|teamsize|p2|4\n|start\n|switch|p1a: Beedrill|Beedrill, L50, M|100/100\n|switch|p1b: Farigiraf|Farigiraf, L50, F|100/100\n|switch|p2a: Mr. Fist|Crabominable, L50, M, shiny|100/100\n|switch|p2b: Brian|Slowking-Galar, L50, M, shiny|100/100\n|turn|1\n|inactive|Azuremoon7 has 30 seconds left.\n|inactive|Azuremoon7 has 20 seconds left.\n|inactive|Azuremoon7 has 15 seconds left.\n|inactive|Azuremoon7 has 10 seconds left.\n|inactive|Azuremoon7 has 5 seconds left.\n|\n|t:|1776657031\n|switch|p1b: Incineroar|Incineroar, L50, F|100/100\n|-ability|p1b: Incineroar|Intimidate|boost\n|-fail|p2a: Mr. Fist|unboost|Attack|[from] ability: Hyper Cutter|[of] p2a: Mr. Fist\n|-unboost|p2b: Brian|atk|1\n|detailschange|p1a: Beedrill|Beedrill-Mega, L50, M\n|-mega|p1a: Beedrill|Beedrill|Beedrillite\n|detailschange|p2a: Mr. Fist|Crabominable-Mega, L50, M, shiny\n|-mega|p2a: Mr. Fist|Crabominable|Crabominite\n|move|p1a: Beedrill|U-turn|p2b: Brian\n|-damage|p2b: Brian|58/100\n|\n|t:|1776657043\n|switch|p1a: Farigiraf|Farigiraf, L50, F|100/100|[from] U-turn\n|move|p2a: Mr. Fist|Ice Hammer|p1b: Incineroar\n|-resisted|p1b: Incineroar|1\n|-damage|p1b: Incineroar|69/100\n|-unboost|p2a: Mr. Fist|spe|1\n|move|p2b: Brian|Trick Room|p2b: Brian\n|-fieldstart|move: Trick Room|[of] p2b: Brian\n|\n|-heal|p2b: Brian|64/100|[from] item: Leftovers\n|upkeep\n|turn|2\n|\n|t:|1776657066\n|move|p2a: Mr. Fist|Protect|p2a: Mr. Fist\n|-singleturn|p2a: Mr. Fist|Protect\n|move|p1b: Incineroar|Fake Out|p2a: Mr. Fist\n|-activate|p2a: Mr. Fist|move: Protect\n|move|p2b: Brian|Trick Room|p2b: Brian\n|-fieldend|move: Trick Room\n|move|p1a: Farigiraf|Trick Room|p1a: Farigiraf\n|-fieldstart|move: Trick Room|[of] p1a: Farigiraf\n|\n|-heal|p2b: Brian|70/100|[from] item: Leftovers\n|upkeep\n|turn|3\n|inactive|Azuremoon7 has 30 seconds left.\n|\n|t:|1776657093\n|switch|p1b: Primarina|Primarina, L50, F|100/100\n|move|p2a: Mr. Fist|Drain Punch|p1b: Primarina\n|-resisted|p1b: Primarina|1\n|-damage|p1b: Primarina|67/100\n|-prepare|p2b: Brian|Chilly Reception|[premajor]\n|move|p2b: Brian|Chilly Reception|p2b: Brian\n|-weather|Snowscape\n|\n|t:|1776657103\n|switch|p2b: Matchapop|Sinistcha-Masterpiece, L50, shiny|100/100|[from] Chilly Reception\n|move|p1a: Farigiraf|Psychic|p2a: Mr. Fist\n|-supereffective|p2a: Mr. Fist|1\n|-damage|p2a: Mr. Fist|43/100\n|\n|-weather|Snowscape|[upkeep]\n|-heal|p1b: Primarina|73/100|[from] item: Leftovers\n|upkeep\n|turn|4\n|\n|t:|1776657115\n|move|p2b: Matchapop|Rage Powder|p2b: Matchapop\n|-singleturn|p2b: Matchapop|move: Rage Powder\n|move|p2a: Mr. Fist|Thunder Punch|p1b: Primarina\n|-supereffective|p1b: Primarina|1\n|-damage|p1b: Primarina|0 fnt\n|faint|p1b: Primarina\n|move|p1a: Farigiraf|Trick Room|p1a: Farigiraf\n|-fieldend|move: Trick Room\n|\n|-weather|Snowscape|[upkeep]\n|upkeep\n|\n|t:|1776657121\n|switch|p1b: Incineroar|Incineroar, L50, F|69/100\n|-ability|p1b: Incineroar|Intimidate|boost\n|-unboost|p2a: Mr. Fist|atk|1\n|-unboost|p2b: Matchapop|atk|1\n|turn|5\n|\n|t:|1776657128\n|move|p2a: Mr. Fist|Protect|p2a: Mr. Fist\n|-singleturn|p2a: Mr. Fist|Protect\n|move|p1a: Farigiraf|Psychic|p2a: Mr. Fist\n|-activate|p2a: Mr. Fist|move: Protect\n|move|p1b: Incineroar|Flare Blitz|p2a: Mr. Fist\n|-activate|p2a: Mr. Fist|move: Protect\n|move|p2b: Matchapop|Trick Room|p2b: Matchapop\n|-fieldstart|move: Trick Room|[of] p2b: Matchapop\n|\n|-weather|Snowscape|[upkeep]\n|upkeep\n|turn|6\n|\n|t:|1776657140\n|move|p2b: Matchapop|Rage Powder|p2b: Matchapop\n|-singleturn|p2b: Matchapop|move: Rage Powder\n|move|p2a: Mr. Fist|Drain Punch|p1b: Incineroar\n|-supereffective|p1b: Incineroar|1\n|-damage|p1b: Incineroar|3/100\n|-heal|p2a: Mr. Fist|78/100|[from] drain|[of] p1b: Incineroar\n|move|p1b: Incineroar|Flare Blitz|p2b: Matchapop\n|-supereffective|p2b: Matchapop|1\n|-damage|p2b: Matchapop|53/100\n|-damage|p1b: Incineroar|0 fnt|[from] Recoil\n|faint|p1b: Incineroar\n|move|p1a: Farigiraf|Psychic|p2b: Matchapop\n|-damage|p2b: Matchapop|16/100\n|\n|-weather|Snowscape|[upkeep]\n|upkeep\n|\n|t:|1776657145\n|switch|p1b: Beedrill|Beedrill-Mega, L50, M|100/100\n|turn|7\n|\n|t:|1776657159\n|move|p1b: Beedrill|Protect|p1b: Beedrill\n|-singleturn|p1b: Beedrill|Protect\n|move|p2b: Matchapop|Rage Powder|p2b: Matchapop\n|-singleturn|p2b: Matchapop|move: Rage Powder\n|move|p2a: Mr. Fist|Ice Hammer|p1b: Beedrill\n|-activate|p1b: Beedrill|move: Protect\n|move|p1a: Farigiraf|Psychic|p2b: Matchapop\n|-damage|p2b: Matchapop|0 fnt\n|faint|p2b: Matchapop\n|\n|-weather|none\n|upkeep\n|\n|t:|1776657165\n|switch|p2b: Brian|Slowking-Galar, L50, M, shiny|100/100\n|turn|8\n|\n|t:|1776657173\n|move|p2a: Mr. Fist|Ice Hammer|p1b: Beedrill\n|-damage|p1b: Beedrill|0 fnt\n|-unboost|p2a: Mr. Fist|spe|1\n|faint|p1b: Beedrill\n|move|p2b: Brian|Sludge Bomb|p1a: Farigiraf\n|-damage|p1a: Farigiraf|68/100\n|move|p1a: Farigiraf|Hyper Voice|p2a: Mr. Fist|[spread] p2a,p2b\n|-damage|p2a: Mr. Fist|56/100\n|-damage|p2b: Brian|82/100\n|\n|-heal|p2b: Brian|88/100|[from] item: Leftovers\n|upkeep\n|turn|9\n|-message|isn't cook right forfeited.\n|\n|win|Azuremoon7\n|raw|isn&apos;t cook right's rating: 1000 &rarr; <strong>1000</strong><br />(+0 for losing)\n|raw|Azuremoon7's rating: 1090 &rarr; <strong>1110</strong><br />(+20 for winning)\n|l|\u2606isn't cook right\n|player|p1|\n",
  "uploadtime": 1776657179,
  "views": 14,
  "formatid": "gen9championsvgc2026regma",
  "rating": 1000,
  "private": 0,
  "password": null
}