{
  "id": "gen9championsvgc2026regma-2585571542",
  "format": "[Gen 9 Champions] VGC 2026 Reg M-A",
  "players": [
    "SourJupiter",
    "chinoo2910"
  ],
  "log": "|j|\u2606SourJupiter\n|j|\u2606chinoo2910\n|t:|1776356273\n|gametype|doubles\n|player|p1|SourJupiter|miku-ground|1055\n|player|p2|chinoo2910|silver|1070\n|gen|9\n|tier|[Gen 9 Champions] VGC 2026 Reg M-A\n|rated|\n|rule|Species Clause: Limit one of each Pok\u00e9mon\n|rule|Item Clause: Limit 1 of each item\n|clearpoke\n|poke|p1|Froslass, L50, F|\n|poke|p1|Sneasler, L50, F|\n|poke|p1|Kingambit, L50, M|\n|poke|p1|Incineroar, L50, M|\n|poke|p1|Orthworm, L50, M|\n|poke|p1|Garchomp, L50, F|\n|poke|p2|Venusaur, L50, M|\n|poke|p2|Rotom-Heat, L50|\n|poke|p2|Tauros-Paldea-Aqua, L50, M|\n|poke|p2|Dragonite, L50, F|\n|poke|p2|Pinsir, L50, F|\n|poke|p2|Sylveon, L50, M|\n|teampreview|4\nSourJupiter has agreed to open team sheets.\n|\n|t:|1776356310\n|teamsize|p1|4\n|teamsize|p2|4\n|start\n|switch|p1a: EEETAH|Orthworm, L50, M, shiny|100/100\n|switch|p1b: MUVAH|Incineroar, L50, M|100/100\n|switch|p2a: Rotom|Rotom-Heat, L50|100/100\n|switch|p2b: Venusaur|Venusaur, L50, M|100/100\n|-ability|p1b: MUVAH|Intimidate|boost\n|-unboost|p2a: Rotom|atk|1\n|-unboost|p2b: Venusaur|atk|1\n|turn|1\n|\n|t:|1776356334\n|move|p2a: Rotom|Protect|p2a: Rotom\n|-singleturn|p2a: Rotom|Protect\n|move|p2b: Venusaur|Protect|p2b: Venusaur\n|-singleturn|p2b: Venusaur|Protect\n|move|p1b: MUVAH|Fake Out|p2a: Rotom\n|-activate|p2a: Rotom|move: Protect\n|move|p1a: EEETAH|Shed Tail|p1a: EEETAH\n|-start|p1a: EEETAH|Substitute|[from] move: Shed Tail\n|-damage|p1a: EEETAH|50/100\n|\n|t:|1776356344\n|switch|p1a: Lady\ud83d\ude0a\ud83d\udc95|Froslass, L50, F, shiny|100/100|[from] Shed Tail\n|\n|upkeep\n|turn|2\n|\n|t:|1776356364\n|detailschange|p1a: Lady\ud83d\ude0a\ud83d\udc95|Froslass-Mega, L50, F, shiny\n|-mega|p1a: Lady\ud83d\ude0a\ud83d\udc95|Froslass|Froslassite\n|-weather|Snowscape|[from] ability: Snow Warning|[of] p1a: Lady\ud83d\ude0a\ud83d\udc95\n|detailschange|p2b: Venusaur|Venusaur-Mega, L50, M\n|-mega|p2b: Venusaur|Venusaur|Venusaurite\n|move|p2a: Rotom|Helping Hand|p2b: Venusaur\n|-singleturn|p2b: Venusaur|Helping Hand|[of] p2a: Rotom\n|move|p1a: Lady\ud83d\ude0a\ud83d\udc95|Nasty Plot|p1a: Lady\ud83d\ude0a\ud83d\udc95\n|-boost|p1a: Lady\ud83d\ude0a\ud83d\udc95|spa|2\n|move|p2b: Venusaur|Sludge Wave|p1a: Lady\ud83d\ude0a\ud83d\udc95|[spread] p2a,p1a,p1b\n|-resisted|p1a: Lady\ud83d\ude0a\ud83d\udc95|1\n|-end|p1a: Lady\ud83d\ude0a\ud83d\udc95|Substitute\n|-damage|p2a: Rotom|36/100\n|-damage|p1b: MUVAH|54/100\n|move|p1b: MUVAH|Parting Shot|p2a: Rotom\n|-unboost|p2a: Rotom|atk|1\n|-unboost|p2a: Rotom|spa|1\n|\n|t:|1776356385\n|switch|p1b: EEEEEEEEVILLLLL|Sneasler, L50, F|100/100|[from] Parting Shot\n|\n|-weather|Snowscape|[upkeep]\n|-heal|p2a: Rotom|41/100|[from] item: Leftovers\n|upkeep\n|turn|3\n|\n|t:|1776356407\n|move|p1b: EEEEEEEEVILLLLL|Fake Out|p2b: Venusaur\n|-damage|p2b: Venusaur|87/100\n|-immune|p2b: Venusaur\n|move|p1a: Lady\ud83d\ude0a\ud83d\udc95|Blizzard|p2a: Rotom|[spread] p2a,p2b\n|-resisted|p2a: Rotom|1\n|-supereffective|p2b: Venusaur|1\n|-damage|p2a: Rotom|0 fnt\n|-damage|p2b: Venusaur|12/100\n|faint|p2a: Rotom\n|cant|p2b: Venusaur|flinch\n|\n|-weather|Snowscape|[upkeep]\n|upkeep\n|\n|t:|1776356427\n|switch|p2a: Tauros|Tauros-Paldea-Aqua, L50, M|100/100\n|-ability|p2a: Tauros|Intimidate|boost\n|-unboost|p1a: Lady\ud83d\ude0a\ud83d\udc95|atk|1\n|-unboost|p1b: EEEEEEEEVILLLLL|atk|1\n|turn|4\n|\n|t:|1776356439\n|move|p2b: Venusaur|Protect|p2b: Venusaur\n|-singleturn|p2b: Venusaur|Protect\n|move|p1a: Lady\ud83d\ude0a\ud83d\udc95|Aurora Veil|p1a: Lady\ud83d\ude0a\ud83d\udc95\n|-sidestart|p1: SourJupiter|move: Aurora Veil\n|move|p1b: EEEEEEEEVILLLLL|U-turn|p2b: Venusaur\n|-activate|p2b: Venusaur|move: Protect\n|move|p2a: Tauros|Raging Bull|p1a: Lady\ud83d\ude0a\ud83d\udc95\n|-sideend|p1: SourJupiter|move: Aurora Veil\n|-crit|p1a: Lady\ud83d\ude0a\ud83d\udc95\n|-damage|p1a: Lady\ud83d\ude0a\ud83d\udc95|25/100\n|\n|-weather|Snowscape|[upkeep]\n|upkeep\n|turn|5\n|\n|t:|1776356458\n|move|p2b: Venusaur|Protect||[still]\n|-fail|p2b: Venusaur\n|move|p2a: Tauros|Aqua Jet|p1a: Lady\ud83d\ude0a\ud83d\udc95\n|-damage|p1a: Lady\ud83d\ude0a\ud83d\udc95|2/100\n|move|p1a: Lady\ud83d\ude0a\ud83d\udc95|Blizzard|p2a: Tauros|[spread] p2a,p2b\n|-resisted|p2a: Tauros|1\n|-supereffective|p2b: Venusaur|1\n|-damage|p2a: Tauros|26/100\n|-damage|p2b: Venusaur|0 fnt\n|-status|p2a: Tauros|frz\n|faint|p2b: Venusaur\n|move|p1b: EEEEEEEEVILLLLL|Dire Claw|p2a: Tauros\n|-damage|p2a: Tauros|0 fnt\n|faint|p2a: Tauros\n|\n|-weather|Snowscape|[upkeep]\n|upkeep\n|-message|chinoo2910 forfeited.\n|\n|win|SourJupiter\n|raw|SourJupiter's rating: 1055 &rarr; <strong>1088</strong><br />(+33 for winning)\n|raw|chinoo2910's rating: 1070 &rarr; <strong>1049</strong><br />(-21 for losing)\n|l|\u2606chinoo2910\n|player|p2|\n",
  "uploadtime": 1776356478,
  "views": 21,
  "formatid": "gen9championsvgc2026regma",
  "rating": 1049,
  "private": 0,
  "password": null
}