{
  "id": "gen9championsvgc2026regma-2587734639",
  "format": "[Gen 9 Champions] VGC 2026 Reg M-A",
  "players": [
    "guillehue",
    "Snarkyshane"
  ],
  "log": "|j|\u2606guillehue\n|j|\u2606Snarkyshane\n|t:|1776558660\n|gametype|doubles\n|player|p1|guillehue|n|1435\n|player|p2|Snarkyshane|gambler|1437\n|gen|9\n|tier|[Gen 9 Champions] VGC 2026 Reg M-A\n|rated|\n|rule|Species Clause: Limit one of each Pok\u00e9mon\n|rule|Item Clause: Limit 1 of each item\n|clearpoke\n|poke|p1|Meganium, L50, F|\n|poke|p1|Dragonite, L50, M, shiny|\n|poke|p1|Basculegion, L50, M|\n|poke|p1|Sneasler, L50, F|\n|poke|p1|Kingambit, L50, F|\n|poke|p1|Politoed, L50, F|\n|poke|p2|Kommo-o, L50, F|\n|poke|p2|Incineroar, L50, M|\n|poke|p2|Rotom-Wash, L50|\n|poke|p2|Talonflame, L50, F|\n|poke|p2|Scizor, L50, F|\n|poke|p2|Maushold-Four, L50|\n|teampreview|4\n|inactive|Battle timer is ON: inactive players will automatically lose when time's up. (requested by Snarkyshane)\n|inactive|guillehue has 60 seconds left.\n|inactive|Snarkyshane has 60 seconds left.\n|\n|t:|1776558708\n|teamsize|p1|4\n|teamsize|p2|4\n|start\n|switch|p1a: Kingambit|Kingambit, L50, F|100/100\n|switch|p1b: Basculegion|Basculegion, L50, M|100/100\n|switch|p2a: B-52|Talonflame, L50, F|100/100\n|switch|p2b: The Gong|Kommo-o, L50, F|100/100\n|turn|1\n|\n|t:|1776558722\n|switch|p2a: Maus of Pain|Maushold-Four, L50|100/100\n|move|p1b: Basculegion|Flip Turn|p2a: Maus of Pain\n|-damage|p2a: Maus of Pain|46/100\n|\n|t:|1776558728\n|switch|p1b: Sneasler|Sneasler, L50, F|100/100|[from] Flip Turn\n|move|p2b: The Gong|Clangorous Soul|p2b: The Gong\n|-boost|p2b: The Gong|atk|1\n|-boost|p2b: The Gong|def|1\n|-boost|p2b: The Gong|spa|1\n|-boost|p2b: The Gong|spd|1\n|-boost|p2b: The Gong|spe|1\n|-damage|p2b: The Gong|68/100\n|move|p1a: Kingambit|Swords Dance|p1a: Kingambit\n|-boost|p1a: Kingambit|atk|2\n|\n|upkeep\n|turn|2\n|inactive|Snarkyshane has 30 seconds left.\n|inactive|Snarkyshane has 20 seconds left.\n|inactive|guillehue has 30 seconds left.\n|\n|t:|1776558769\n|move|p2b: The Gong|Protect|p2b: The Gong\n|-singleturn|p2b: The Gong|Protect\n|move|p2a: Maus of Pain|Protect|p2a: Maus of Pain\n|-singleturn|p2a: Maus of Pain|Protect\n|move|p1b: Sneasler|Fake Out|p2b: The Gong\n|-activate|p2b: The Gong|move: Protect\n|move|p1a: Kingambit|Iron Head|p2a: Maus of Pain\n|-activate|p2a: Maus of Pain|move: Protect\n|\n|upkeep\n|turn|3\n|\n|t:|1776558788\n|move|p1a: Kingambit|Protect|p1a: Kingambit\n|-singleturn|p1a: Kingambit|Protect\n|move|p2a: Maus of Pain|Follow Me|p2a: Maus of Pain\n|-singleturn|p2a: Maus of Pain|move: Follow Me\n|move|p2b: The Gong|Clanging Scales|p1a: Kingambit|[spread] p1b\n|-activate|p1a: Kingambit|move: Protect\n|-damage|p1b: Sneasler|2/100\n|-unboost|p2b: The Gong|def|1\n|move|p1b: Sneasler|Close Combat|p2a: Maus of Pain\n|-supereffective|p2a: Maus of Pain|1\n|-damage|p2a: Maus of Pain|0 fnt\n|-unboost|p1b: Sneasler|def|1\n|-unboost|p1b: Sneasler|spd|1\n|faint|p2a: Maus of Pain\n|\n|upkeep\n|\n|t:|1776558798\n|switch|p2a: B-52|Talonflame, L50, F|100/100\n|turn|4\n|\n|t:|1776558811\n|move|p2a: B-52|Dual Wingbeat|p1b: Sneasler\n|-supereffective|p1b: Sneasler|1\n|-damage|p1b: Sneasler|0 fnt\n|faint|p1b: Sneasler\n|-hitcount|p1: Sneasler|1\n|move|p1a: Kingambit|Sucker Punch||[still]\n|-fail|p1a: Kingambit\n|move|p2b: The Gong|Aura Sphere|p1a: Kingambit\n|-supereffective|p1a: Kingambit|2\n|-enditem|p1a: Kingambit|Chople Berry|[eat]\n|-enditem|p1a: Kingambit|Chople Berry|[weaken]\n|-damage|p1a: Kingambit|0 fnt\n|faint|p1a: Kingambit\n|\n|upkeep\n|\n|t:|1776558819\n|switch|p1b: Meganium|Meganium, L50, F|100/100\n|switch|p1a: Basculegion|Basculegion, L50, M|100/100\n|turn|5\n|inactive|Snarkyshane has 30 seconds left.\n|\n|t:|1776558845\n|detailschange|p1b: Meganium|Meganium-Mega, L50, F\n|-mega|p1b: Meganium|Meganium|Meganiumite\n|move|p2a: B-52|Protect|p2a: B-52\n|-singleturn|p2a: B-52|Protect\n|move|p1a: Basculegion|Flip Turn|p2a: B-52\n|-activate|p2a: B-52|move: Protect\n|move|p2b: The Gong|Clanging Scales|p1a: Basculegion|[spread] p1a\n|-immune|p1b: Meganium\n|-damage|p1a: Basculegion|17/100\n|-unboost|p2b: The Gong|def|1\n|move|p1b: Meganium|Dazzling Gleam|p2a: B-52|[spread] p2b\n|-activate|p2a: B-52|move: Protect\n|-supereffective|p2b: The Gong|2\n|-damage|p2b: The Gong|0 fnt\n|faint|p2b: The Gong\n|\n|upkeep\n|\n|t:|1776558858\n|switch|p2b: Danny Rand|Scizor, L50, F|100/100\n|turn|6\n|\n|t:|1776558865\n|detailschange|p2b: Danny Rand|Scizor-Mega, L50, F\n|-mega|p2b: Danny Rand|Scizor|Scizorite\n|move|p2a: B-52|Dual Wingbeat|p1a: Basculegion\n|-damage|p1a: Basculegion|0 fnt\n|faint|p1a: Basculegion\n|-hitcount|p1: Basculegion|1\n|move|p2b: Danny Rand|Bullet Punch|p1b: Meganium\n|-supereffective|p1b: Meganium|1\n|-damage|p1b: Meganium|40/100\n|move|p1b: Meganium|Weather Ball|p2b: Danny Rand\n|-supereffective|p2b: Danny Rand|2\n|-damage|p2b: Danny Rand|0 fnt\n|faint|p2b: Danny Rand\n|\n|upkeep\n|turn|7\n|-message|guillehue forfeited.\n|\n|win|Snarkyshane\n|raw|guillehue's rating: 1435 &rarr; <strong>1415</strong><br />(-20 for losing)\n|raw|Snarkyshane's rating: 1437 &rarr; <strong>1457</strong><br />(+20 for winning)\n|l|\u2606guillehue\n|player|p1|\n|l|\u2606Snarkyshane\n|player|p2|\n",
  "uploadtime": 1776558884,
  "views": 17,
  "formatid": "gen9championsvgc2026regma",
  "rating": 1415,
  "private": 0,
  "password": null
}