{
  "id": "gen9championsvgc2026regma-2581087213",
  "format": "[Gen 9 Champions] VGC 2026 Reg M-A",
  "players": [
    "Marcio Lira",
    "MersusNoctus"
  ],
  "log": "|j|\u2606Marcio Lira\n|j|\u2606MersusNoctus\n|t:|1775958618\n|gametype|doubles\n|player|p1|Marcio Lira|bugcatcher-gen4dp|1042\n|player|p2|MersusNoctus|silver|1070\n|gen|9\n|tier|[Gen 9 Champions] VGC 2026 Reg M-A\n|rated|\n|rule|Species Clause: Limit one of each Pok\u00e9mon\n|rule|Item Clause: Limit 1 of each item\n|clearpoke\n|poke|p1|Pelipper, L50, F|\n|poke|p1|Archaludon, L50, M|\n|poke|p1|Klefki, L50, M|\n|poke|p1|Golurk, L50|\n|poke|p1|Rotom-Wash, L50|\n|poke|p1|Hatterene, L50, F|\n|poke|p2|Gyarados, L50, F|\n|poke|p2|Scovillain, L50, M|\n|poke|p2|Primarina, L50, M|\n|poke|p2|Kommo-o, L50, M|\n|poke|p2|Talonflame, L50, M|\n|poke|p2|Heliolisk, L50, F|\n|teampreview|4\nMersusNoctus rejected open team sheets.\n|inactive|Battle timer is ON: inactive players will automatically lose when time's up. (requested by MersusNoctus)\n|inactive|Marcio Lira has 60 seconds left.\n|inactive|Marcio Lira has 30 seconds left.\n|\n|t:|1775958704\n|teamsize|p1|4\n|teamsize|p2|4\n|start\n|switch|p1a: Klefki|Klefki, L50, M|100/100\n|switch|p1b: Pelipper|Pelipper, L50, F|100/100\n|switch|p2a: Primarina|Primarina, L50, M|100/100\n|switch|p2b: Heliolisk|Heliolisk, L50, F|100/100\n|-weather|RainDance|[from] ability: Drizzle|[of] p1b: Pelipper\n|turn|1\n|\n|t:|1775958726\n|move|p1b: Pelipper|Protect|p1b: Pelipper\n|-singleturn|p1b: Pelipper|Protect\n|move|p2b: Heliolisk|Shed Tail|p2b: Heliolisk\n|-start|p2b: Heliolisk|Substitute|[from] move: Shed Tail\n|-damage|p2b: Heliolisk|50/100\n|-enditem|p2b: Heliolisk|Sitrus Berry|[eat]\n|-heal|p2b: Heliolisk|75/100|[from] item: Sitrus Berry\n|inactive|MersusNoctus has 30 seconds left.\n|\n|t:|1775958755\n|switch|p2b: Scovillain|Scovillain, L50, M|100/100|[from] Shed Tail\n|move|p2a: Primarina|Light Screen|p2a: Primarina\n|-sidestart|p2: MersusNoctus|move: Light Screen\n|move|p1a: Klefki|Trick Room|p1a: Klefki\n|-fieldstart|move: Trick Room|[of] p1a: Klefki\n|\n|-weather|RainDance|[upkeep]\n|-ability|p2b: Scovillain|Moody|boost\n|-boost|p2b: Scovillain|spe|2\n|-unboost|p2b: Scovillain|spa|1\n|upkeep\n|turn|2\n|\n|t:|1775958781\n|move|p1a: Klefki|Light Screen|p1a: Klefki\n|-sidestart|p1: Marcio Lira|move: Light Screen\n|move|p1b: Pelipper|Hurricane|p2b: Scovillain\n|-supereffective|p2b: Scovillain|1\n|-end|p2b: Scovillain|Substitute\n|move|p2a: Primarina|Moonblast|p1b: Pelipper\n|-damage|p1b: Pelipper|53/100\n|move|p2b: Scovillain|Leech Seed|p1a: Klefki\n|-start|p1a: Klefki|move: Leech Seed\n|\n|-weather|RainDance|[upkeep]\n|-damage|p1a: Klefki|88/100|[from] Leech Seed|[of] p2b: Scovillain\n|-ability|p2b: Scovillain|Moody|boost\n|-boost|p2b: Scovillain|spd|2\n|-unboost|p2b: Scovillain|def|1\n|upkeep\n|turn|3\n|\n|t:|1775958802\n|switch|p1a: Archaludon|Archaludon, L50, M, shiny|100/100\n|move|p2b: Scovillain|Protect|p2b: Scovillain\n|-singleturn|p2b: Scovillain|Protect\n|move|p1b: Pelipper|Hurricane|p2b: Scovillain\n|-activate|p2b: Scovillain|move: Protect\n|move|p2a: Primarina|Moonblast|p1b: Pelipper\n|-damage|p1b: Pelipper|2/100\n|-enditem|p1b: Pelipper|Sitrus Berry|[eat]\n|-heal|p1b: Pelipper|26/100|[from] item: Sitrus Berry\n|\n|-weather|RainDance|[upkeep]\n|-ability|p2b: Scovillain|Moody|boost\n|-boost|p2b: Scovillain|def|2\n|-unboost|p2b: Scovillain|spe|1\n|upkeep\n|turn|4\n|inactive|MersusNoctus has 30 seconds left.\n|\n|t:|1775958828\n|move|p1b: Pelipper|Hurricane|p2b: Scovillain\n|-supereffective|p2b: Scovillain|1\n|-damage|p2b: Scovillain|51/100\n|move|p2a: Primarina|Hyper Voice|p1b: Pelipper|[spread] p1a,p1b\n|-resisted|p1a: Archaludon|1\n|-resisted|p1b: Pelipper|1\n|-damage|p1a: Archaludon|76/100\n|-damage|p1b: Pelipper|0 fnt\n|-ability|p1a: Archaludon|Stamina|boost\n|-boost|p1a: Archaludon|def|1\n|faint|p1b: Pelipper\n|move|p1a: Archaludon|Electro Shot||[still]\n|-prepare|p1a: Archaludon|Electro Shot\n|-boost|p1a: Archaludon|spa|1\n|-anim|p1a: Archaludon|Electro Shot|p2a: Primarina\n|-supereffective|p2a: Primarina|1\n|-damage|p2a: Primarina|27/100\n|move|p2b: Scovillain|Leech Seed|p1a: Archaludon\n|-start|p1a: Archaludon|move: Leech Seed\n|\n|-weather|RainDance|[upkeep]\n|-damage|p1a: Archaludon|63/100|[from] Leech Seed|[of] p2b: Scovillain\n|-heal|p2b: Scovillain|65/100|[silent]\n|-ability|p2b: Scovillain|Moody|boost\n|-boost|p2b: Scovillain|spa|2\n|-unboost|p2b: Scovillain|spe|1\n|upkeep\n|\n|t:|1775958840\n|switch|p1b: Klefki|Klefki, L50, M|88/100\n|turn|5\n|inactive|Marcio Lira has 30 seconds left.\n|inactive|Marcio Lira has 20 seconds left.\n|inactive|Marcio Lira has 15 seconds left.\n|inactive|Marcio Lira has 10 seconds left.\n|inactive|Marcio Lira has 5 seconds left.\n|\n|t:|1775958891\n|move|p2b: Scovillain|Protect|p2b: Scovillain\n|-singleturn|p2b: Scovillain|Protect\n|move|p2a: Primarina|Moonblast|p1a: Archaludon\n|-damage|p1a: Archaludon|21/100\n|-ability|p1a: Archaludon|Stamina|boost\n|-boost|p1a: Archaludon|def|1\n|move|p1b: Klefki|Foul Play|p2b: Scovillain\n|-activate|p2b: Scovillain|move: Protect\n|move|p1a: Archaludon|Electro Shot||[still]\n|-prepare|p1a: Archaludon|Electro Shot\n|-boost|p1a: Archaludon|spa|1\n|-anim|p1a: Archaludon|Electro Shot|p2b: Scovillain\n|-activate|p2b: Scovillain|move: Protect\n|\n|-weather|none\n|-damage|p1a: Archaludon|9/100|[from] Leech Seed|[of] p2b: Scovillain\n|-heal|p2b: Scovillain|79/100|[silent]\n|-sideend|p2: MersusNoctus|move: Light Screen\n|-fieldend|move: Trick Room\n|-ability|p2b: Scovillain|Moody|boost\n|-boost|p2b: Scovillain|spa|2\n|-unboost|p2b: Scovillain|spd|1\n|upkeep\n|turn|6\n|inactive|MersusNoctus has 30 seconds left.\n|\n|t:|1775958922\n|switch|p1a: Rotom|Rotom-Wash, L50, shiny|100/100\n|detailschange|p2b: Scovillain|Scovillain-Mega, L50, M\n|-mega|p2b: Scovillain|Scovillain|Scovillainite\n|move|p2b: Scovillain|Fire Blast|p1b: Klefki\n|-supereffective|p1b: Klefki|1\n|-damage|p1b: Klefki|0 fnt\n|faint|p1b: Klefki\n|move|p2a: Primarina|Hyper Voice|p1a: Rotom\n|-resisted|p1a: Rotom|1\n|-crit|p1a: Rotom\n|-damage|p1a: Rotom|62/100\n|\n|-sideend|p1: Marcio Lira|move: Light Screen\n|upkeep\n|\n|t:|1775958929\n|switch|p1b: Archaludon|Archaludon, L50, M, shiny|9/100\n|turn|7\n|\n|t:|1775958940\n|move|p1b: Archaludon|Protect|p1b: Archaludon\n|-singleturn|p1b: Archaludon|Protect\n|move|p2b: Scovillain|Giga Drain|p1a: Rotom\n|-supereffective|p1a: Rotom|1\n|-damage|p1a: Rotom|0 fnt\n|-heal|p2b: Scovillain|100/100|[from] drain|[of] p1a: Rotom\n|faint|p1a: Rotom\n|move|p2a: Primarina|Hyper Voice|p1b: Archaludon\n|-activate|p1b: Archaludon|move: Protect\n|\n|upkeep\n|turn|8\n|-message|Marcio Lira forfeited.\n|\n|win|MersusNoctus\n|raw|Marcio Lira's rating: 1042 &rarr; <strong>1027</strong><br />(-15 for losing)\n|raw|MersusNoctus's rating: 1070 &rarr; <strong>1097</strong><br />(+27 for winning)\n|l|\u2606Marcio Lira\n|player|p1|\n",
  "uploadtime": 1775958955,
  "views": 15,
  "formatid": "gen9championsvgc2026regma",
  "rating": 1027,
  "private": 0,
  "password": null
}