{
  "id": "gen9championsvgc2026regma-2582132761",
  "format": "[Gen 9 Champions] VGC 2026 Reg M-A",
  "players": [
    "Novicebest",
    "Zeroarck76"
  ],
  "log": "|j|\u2606Novicebest\n|j|\u2606Zeroarck76\n|t:|1776062201\n|gametype|doubles\n|player|p1|Novicebest|dawn|1295\n|player|p2|Zeroarck76|petrel|1270\n|gen|9\n|tier|[Gen 9 Champions] VGC 2026 Reg M-A\n|rated|\n|rule|Species Clause: Limit one of each Pok\u00e9mon\n|rule|Item Clause: Limit 1 of each item\n|clearpoke\n|poke|p1|Charizard, L50, F|\n|poke|p1|Whimsicott, L50, M|\n|poke|p1|Farigiraf, L50, M|\n|poke|p1|Sneasler, L50, F|\n|poke|p1|Rotom-Wash, L50|\n|poke|p1|Incineroar, L50, M|\n|poke|p2|Golurk, L50|\n|poke|p2|Hatterene, L50, F|\n|poke|p2|Torkoal, L50, M|\n|poke|p2|Gallade, L50, M|\n|poke|p2|Sinistcha, L50|\n|poke|p2|Incineroar, L50, F|\n|teampreview|4\n|\n|t:|1776062237\n|teamsize|p1|4\n|teamsize|p2|4\n|start\n|switch|p1a: Rotom|Rotom-Wash, L50|100/100\n|switch|p1b: Farigiraf|Farigiraf, L50, M|100/100\n|switch|p2a: Gallade|Gallade, L50, M|100/100\n|switch|p2b: Sinistcha|Sinistcha, L50|100/100\n|turn|1\n|\n|t:|1776062265\n|switch|p1a: Incineroar|Incineroar, L50, M|100/100\n|-ability|p1a: Incineroar|Intimidate|boost\n|-unboost|p2a: Gallade|atk|1\n|-unboost|p2b: Sinistcha|atk|1\n|switch|p2a: Torkoal|Torkoal, L50, M|100/100\n|-weather|SunnyDay|[from] ability: Drought|[of] p2a: Torkoal\n|move|p1b: Farigiraf|Imprison|p1b: Farigiraf\n|-start|p1b: Farigiraf|move: Imprison\n|cant|p2b: Sinistcha|move: Imprison|Trick Room\n|\n|-weather|SunnyDay|[upkeep]\n|upkeep\n|turn|2\n|\n|t:|1776062313\n|move|p2a: Torkoal|Protect|p2a: Torkoal\n|-singleturn|p2a: Torkoal|Protect\n|move|p1a: Incineroar|Fake Out|p2a: Torkoal\n|-activate|p2a: Torkoal|move: Protect\n|move|p2b: Sinistcha|Rage Powder|p2b: Sinistcha\n|-singleturn|p2b: Sinistcha|move: Rage Powder\n|move|p1b: Farigiraf|Hyper Voice|p2a: Torkoal|[spread] \n|-activate|p2a: Torkoal|move: Protect\n|-immune|p2b: Sinistcha\n|\n|-weather|SunnyDay|[upkeep]\n|upkeep\n|turn|3\n|\n|t:|1776062334\n|move|p2b: Sinistcha|Rage Powder|p2b: Sinistcha\n|-singleturn|p2b: Sinistcha|move: Rage Powder\n|move|p1a: Incineroar|Throat Chop|p2b: Sinistcha\n|-supereffective|p2b: Sinistcha|1\n|-damage|p2b: Sinistcha|43/100\n|-start|p2b: Sinistcha|Throat Chop|[silent]\n|move|p1b: Farigiraf|Hyper Voice|p2a: Torkoal|[spread] p2a\n|-immune|p2b: Sinistcha\n|-damage|p2a: Torkoal|58/100\n|move|p2a: Torkoal|Eruption|p1a: Incineroar|[spread] p1a,p1b\n|-resisted|p1a: Incineroar|1\n|-damage|p1a: Incineroar|78/100\n|-damage|p1b: Farigiraf|51/100\n|\n|-weather|SunnyDay|[upkeep]\n|-heal|p2b: Sinistcha|49/100|[from] item: Leftovers\n|upkeep\n|turn|4\n|inactive|Battle timer is ON: inactive players will automatically lose when time's up. (requested by Novicebest)\n|\n|t:|1776062356\n|move|p1a: Incineroar|Helping Hand|p1b: Farigiraf\n|-singleturn|p1b: Farigiraf|Helping Hand|[of] p1a: Incineroar\n|move|p2b: Sinistcha|Rage Powder|p2b: Sinistcha\n|-singleturn|p2b: Sinistcha|move: Rage Powder\n|move|p1b: Farigiraf|Hyper Voice|p2b: Sinistcha|[spread] p2a\n|-immune|p2b: Sinistcha\n|-damage|p2a: Torkoal|0 fnt\n|faint|p2a: Torkoal\n|\n|-weather|SunnyDay|[upkeep]\n|-heal|p2b: Sinistcha|55/100|[from] item: Leftovers\n|-end|p2b: Sinistcha|Throat Chop|[silent]\n|upkeep\n|\n|t:|1776062369\n|switch|p2a: Golurk|Golurk, L50|100/100\n|turn|5\n|\n|t:|1776062382\n|detailschange|p2a: Golurk|Golurk-Mega, L50\n|-mega|p2a: Golurk|Golurk|Golurkite\n|move|p2b: Sinistcha|Rage Powder|p2b: Sinistcha\n|-singleturn|p2b: Sinistcha|move: Rage Powder\n|move|p1a: Incineroar|Throat Chop|p2b: Sinistcha\n|-supereffective|p2b: Sinistcha|1\n|-crit|p2b: Sinistcha\n|-damage|p2b: Sinistcha|0 fnt\n|faint|p2b: Sinistcha\n|move|p1b: Farigiraf|Psychic|p2a: Golurk\n|-damage|p2a: Golurk|62/100\n|move|p2a: Golurk|Thunder Punch|p1b: Farigiraf\n|-damage|p1b: Farigiraf|15/100\n|\n|-weather|none\n|upkeep\n|\n|t:|1776062397\n|switch|p2b: Gallade|Gallade, L50, M|100/100\n|turn|6\n|\n|t:|1776062414\n|move|p2a: Golurk|Protect|p2a: Golurk\n|-singleturn|p2a: Golurk|Protect\n|move|p1a: Incineroar|Parting Shot|p2b: Gallade\n|-unboost|p2b: Gallade|atk|1\n|-unboost|p2b: Gallade|spa|1\n|\n|t:|1776062422\n|switch|p1a: Rotom|Rotom-Wash, L50|100/100|[from] Parting Shot\n|move|p2b: Gallade|Sacred Sword|p1a: Rotom\n|-damage|p1a: Rotom|48/100\n|move|p1b: Farigiraf|Psychic|p2b: Gallade\n|-damage|p2b: Gallade|59/100\n|\n|-heal|p1a: Rotom|54/100|[from] item: Leftovers\n|upkeep\n|turn|7\n|inactive|Zeroarck76 has 30 seconds left.\n|inactive|Zeroarck76 has 20 seconds left.\n|\n|t:|1776062461\n|move|p1a: Rotom|Thunderbolt|p2b: Gallade\n|-damage|p2b: Gallade|26/100\n|move|p2b: Gallade|Sacred Sword|p1a: Rotom\n|-damage|p1a: Rotom|0 fnt\n|faint|p1a: Rotom\n|move|p1b: Farigiraf|Psychic|p2a: Golurk\n|-damage|p2a: Golurk|24/100\n|move|p2a: Golurk|Poltergeist|p1b: Farigiraf\n|-immune|p1b: Farigiraf\n|\n|upkeep\n|\n|t:|1776062477\n|switch|p1a: Charizard|Charizard, L50, F|100/100\n|turn|8\n|\n|t:|1776062486\n|detailschange|p1a: Charizard|Charizard-Mega-Y, L50, F\n|-mega|p1a: Charizard|Charizard|Charizardite Y\n|-weather|SunnyDay|[from] ability: Drought|[of] p1a: Charizard\n|move|p2a: Golurk|Protect|p2a: Golurk\n|-singleturn|p2a: Golurk|Protect\n|move|p2b: Gallade|Wide Guard|p2b: Gallade\n|-singleturn|p2b: Gallade|Wide Guard\n|move|p1a: Charizard|Weather Ball|p2b: Gallade\n|-damage|p2b: Gallade|0 fnt\n|faint|p2b: Gallade\n|move|p1b: Farigiraf|Psychic|p2a: Golurk\n|-activate|p2a: Golurk|move: Protect\n|\n|-weather|SunnyDay|[upkeep]\n|upkeep\n|turn|9\n|\n|t:|1776062504\n|move|p2a: Golurk|Protect||[still]\n|-fail|p2a: Golurk\n|move|p1a: Charizard|Weather Ball|p2a: Golurk\n|-damage|p2a: Golurk|0 fnt\n|faint|p2a: Golurk\n|\n|win|Novicebest\n|raw|Novicebest's rating: 1295 &rarr; <strong>1318</strong><br />(+23 for winning)\n|raw|Zeroarck76's rating: 1270 &rarr; <strong>1247</strong><br />(-23 for losing)\n|l|\u2606Zeroarck76\n|player|p2|\n",
  "uploadtime": 1776062512,
  "views": 20,
  "formatid": "gen9championsvgc2026regma",
  "rating": 1247,
  "private": 0,
  "password": null
}