{
  "id": "gen9championsvgc2026regma-2585454356",
  "format": "[Gen 9 Champions] VGC 2026 Reg M-A",
  "players": [
    "CARLESOC14504",
    "Jeremykhoo"
  ],
  "log": "|j|\u2606CARLESOC14504\n|j|\u2606Jeremykhoo\n|t:|1776348387\n|gametype|doubles\n|player|p1|CARLESOC14504|hugh|1156\n|player|p2|Jeremykhoo|266|1169\n|gen|9\n|tier|[Gen 9 Champions] VGC 2026 Reg M-A\n|rated|\n|rule|Species Clause: Limit one of each Pok\u00e9mon\n|rule|Item Clause: Limit 1 of each item\n|clearpoke\n|poke|p1|Delphox, L50, F|\n|poke|p1|Garchomp, L50, M|\n|poke|p1|Sableye, L50, M|\n|poke|p1|Sneasler, L50, M|\n|poke|p1|Froslass, L50, F|\n|poke|p1|Incineroar, L50, F|\n|poke|p2|Tyranitar, L50, M|\n|poke|p2|Whimsicott, L50, M|\n|poke|p2|Aggron, L50, M|\n|poke|p2|Drampa, L50, M|\n|poke|p2|Sylveon, L50, F|\n|poke|p2|Arcanine, L50, M|\n|teampreview|4\n|\n|t:|1776348428\n|teamsize|p1|4\n|teamsize|p2|4\n|start\n|switch|p1a: Delphox|Delphox, L50, F|100/100\n|switch|p1b: Garchomp|Garchomp, L50, M, shiny|100/100\n|switch|p2a: Whimsicott|Whimsicott, L50, M|100/100\n|switch|p2b: Aggron|Aggron, L50, M|100/100\n|turn|1\n|\n|t:|1776348488\n|detailschange|p1a: Delphox|Delphox-Mega, L50, F\n|-mega|p1a: Delphox|Delphox|Delphoxite\n|detailschange|p2b: Aggron|Aggron-Mega, L50, M\n|-mega|p2b: Aggron|Aggron|Aggronite\n|move|p2b: Aggron|Protect|p2b: Aggron\n|-singleturn|p2b: Aggron|Protect\n|move|p2a: Whimsicott|Tailwind|p2a: Whimsicott\n|-sidestart|p2: Jeremykhoo|move: Tailwind\n|move|p1a: Delphox|Heat Wave|p2a: Whimsicott|[spread] p2a\n|-activate|p2b: Aggron|move: Protect\n|-supereffective|p2a: Whimsicott|1\n|-damage|p2a: Whimsicott|2/100\n|move|p1b: Garchomp|Earthquake|p2b: Aggron|[spread] p2a\n|-activate|p2b: Aggron|move: Protect\n|-immune|p1a: Delphox|[from] ability: Levitate\n|-resisted|p2a: Whimsicott|1\n|-damage|p2a: Whimsicott|0 fnt\n|faint|p2a: Whimsicott\n|\n|upkeep\n|\n|t:|1776348509\n|switch|p2a: Sylveon|Sylveon, L50, F|100/100\n|turn|2\n|\n|t:|1776348526\n|switch|p1b: Incineroar|Incineroar, L50, F, shiny|100/100\n|-ability|p1b: Incineroar|Intimidate|boost\n|-unboost|p2a: Sylveon|atk|1\n|-unboost|p2b: Aggron|atk|1\n|switch|p2b: Tyranitar|Tyranitar, L50, M|100/100\n|-weather|Sandstorm|[from] ability: Sand Stream|[of] p2b: Tyranitar\n|move|p2a: Sylveon|Hyper Voice|p1a: Delphox|[spread] p1a,p1b\n|-resisted|p1a: Delphox|1\n|-damage|p1a: Delphox|77/100\n|-damage|p1b: Incineroar|63/100\n|move|p1a: Delphox|Heat Wave|p2b: Tyranitar|[spread] p2a\n|-miss|p1a: Delphox|p2b: Tyranitar\n|-damage|p2a: Sylveon|69/100\n|\n|-weather|Sandstorm|[upkeep]\n|-damage|p2a: Sylveon|63/100|[from] Sandstorm\n|-damage|p1a: Delphox|72/100|[from] Sandstorm\n|-damage|p1b: Incineroar|57/100|[from] Sandstorm\n|upkeep\n|turn|3\n|\n|t:|1776348555\n|switch|p2b: Aggron|Aggron-Mega, L50, M|100/100\n|move|p2a: Sylveon|Protect|p2a: Sylveon\n|-singleturn|p2a: Sylveon|Protect\n|move|p1b: Incineroar|Fake Out|p2b: Aggron\n|-resisted|p2b: Aggron|1\n|-damage|p2b: Aggron|98/100\n|move|p1a: Delphox|Grass Knot|p2b: Aggron\n|-resisted|p2b: Aggron|1\n|-damage|p2b: Aggron|78/100\n|\n|-weather|Sandstorm|[upkeep]\n|-damage|p2a: Sylveon|57/100|[from] Sandstorm\n|-damage|p1a: Delphox|66/100|[from] Sandstorm\n|-damage|p1b: Incineroar|51/100|[from] Sandstorm\n|upkeep\n|turn|4\n|\n|t:|1776348576\n|move|p2a: Sylveon|Hyper Voice|p1b: Incineroar|[spread] p1a,p1b\n|-resisted|p1a: Delphox|1\n|-damage|p1a: Delphox|43/100\n|-damage|p1b: Incineroar|9/100\n|-enditem|p1b: Incineroar|Sitrus Berry|[eat]\n|-heal|p1b: Incineroar|34/100|[from] item: Sitrus Berry\n|move|p1a: Delphox|Heat Wave|p2b: Aggron|[spread] p2a,p2b\n|-supereffective|p2b: Aggron|1\n|-damage|p2a: Sylveon|29/100\n|-damage|p2b: Aggron|28/100\n|-status|p2a: Sylveon|brn\n|move|p2b: Aggron|Body Press|p1b: Incineroar\n|-supereffective|p1b: Incineroar|1\n|-damage|p1b: Incineroar|0 fnt\n|faint|p1b: Incineroar\n|\n|-weather|Sandstorm|[upkeep]\n|-damage|p2a: Sylveon|23/100 brn|[from] Sandstorm\n|-damage|p1a: Delphox|37/100|[from] Sandstorm\n|-damage|p2a: Sylveon|16/100 brn|[from] brn\n|-sideend|p2: Jeremykhoo|move: Tailwind\n|upkeep\n|\n|t:|1776348595\n|switch|p1b: Garchomp|Garchomp, L50, M, shiny|100/100\n|turn|5\n|\n|t:|1776348619\n|switch|p2a: Tyranitar|Tyranitar, L50, M|100/100\n|move|p1a: Delphox|Heat Wave|p2b: Aggron|[spread] p2a,p2b\n|-resisted|p2a: Tyranitar|1\n|-supereffective|p2b: Aggron|1\n|-damage|p2a: Tyranitar|86/100\n|-damage|p2b: Aggron|0 fnt\n|faint|p2b: Aggron\n|move|p1b: Garchomp|Earthquake|p2a: Tyranitar|[spread] p2a\n|-immune|p1a: Delphox|[from] ability: Levitate\n|-supereffective|p2a: Tyranitar|1\n|-damage|p2a: Tyranitar|11/100\n|\n|-weather|Sandstorm|[upkeep]\n|-damage|p1a: Delphox|31/100|[from] Sandstorm\n|upkeep\n|\n|t:|1776348631\n|switch|p2b: Sylveon|Sylveon, L50, F|16/100 brn\n|turn|6\n|\n|t:|1776348638\n|move|p2b: Sylveon|Quick Attack|p1a: Delphox\n|-resisted|p1a: Delphox|1\n|-damage|p1a: Delphox|27/100\n|move|p1a: Delphox|Dazzling Gleam|p2b: Sylveon|[spread] p2a,p2b\n|-supereffective|p2a: Tyranitar|1\n|-damage|p2a: Tyranitar|0 fnt\n|-damage|p2b: Sylveon|0 fnt\n|faint|p2a: Tyranitar\n|faint|p2b: Sylveon\n|\n|win|CARLESOC14504\n|raw|CARLESOC14504's rating: 1156 &rarr; <strong>1182</strong><br />(+26 for winning)\n|raw|Jeremykhoo's rating: 1169 &rarr; <strong>1143</strong><br />(-26 for losing)\n",
  "uploadtime": 1776348647,
  "views": 27,
  "formatid": "gen9championsvgc2026regma",
  "rating": 1143,
  "private": 0,
  "password": null
}