{
  "id": "gen9championsvgc2026regma-2586882757",
  "format": "[Gen 9 Champions] VGC 2026 Reg M-A",
  "players": [
    "TrainerDylan24",
    "solamentepaco"
  ],
  "log": "|j|\u2606TrainerDylan24\n|j|\u2606solamentepaco\n|t:|1776468236\n|gametype|doubles\n|player|p1|TrainerDylan24|grimsley|1025\n|player|p2|solamentepaco|170|1083\n|gen|9\n|tier|[Gen 9 Champions] VGC 2026 Reg M-A\n|rated|\n|rule|Species Clause: Limit one of each Pok\u00e9mon\n|rule|Item Clause: Limit 1 of each item\n|clearpoke\n|poke|p1|Emboar, L50, F|\n|poke|p1|Oranguru, L50, M|\n|poke|p1|Milotic, L50, F|\n|poke|p1|Kingambit, L50, M|\n|poke|p1|Sinistcha, L50|\n|poke|p1|Crabominable, L50, M|\n|poke|p2|Glalie, L50, M|\n|poke|p2|Incineroar, L50, F|\n|poke|p2|Whimsicott, L50, M|\n|poke|p2|Basculegion, L50, M|\n|poke|p2|Sinistcha-Masterpiece, L50|\n|poke|p2|Pelipper, L50, M|\n|teampreview|4\n|\n|t:|1776468269\n|teamsize|p1|4\n|teamsize|p2|4\n|start\n|switch|p1a: Oranguru|Oranguru, L50, M|100/100\n|switch|p1b: Milotic|Milotic, L50, F|100/100\n|switch|p2a: Whimsicott|Whimsicott, L50, M|100/100\n|switch|p2b: Glalie|Glalie, L50, M|100/100\n|turn|1\n|\n|t:|1776468305\n|detailschange|p2b: Glalie|Glalie-Mega, L50, M\n|-mega|p2b: Glalie|Glalie|Glalitite\n|move|p2a: Whimsicott|Tailwind|p2a: Whimsicott\n|-sidestart|p2: solamentepaco|move: Tailwind\n|move|p2b: Glalie|Substitute|p2b: Glalie\n|-start|p2b: Glalie|Substitute\n|-damage|p2b: Glalie|76/100\n|move|p1b: Milotic|Scald|p2b: Glalie\n|-end|p2b: Glalie|Substitute\n|move|p1a: Oranguru|Instruct|p1b: Milotic\n|-singleturn|p1b: Milotic|move: Instruct|[of] p1a: Oranguru\n|move|p1b: Milotic|Scald|p2b: Glalie\n|-damage|p2b: Glalie|16/100\n|-status|p2b: Glalie|brn\n|\n|-damage|p2b: Glalie|11/100 brn|[from] brn\n|upkeep\n|turn|2\n|\n|t:|1776468330\n|move|p2b: Glalie|Protect|p2b: Glalie\n|-singleturn|p2b: Glalie|Protect\n|move|p1a: Oranguru|Protect|p1a: Oranguru\n|-singleturn|p1a: Oranguru|Protect\n|move|p2a: Whimsicott|Encore|p1a: Oranguru\n|-activate|p1a: Oranguru|move: Protect\n|move|p1b: Milotic|Icy Wind|p2a: Whimsicott|[spread] p2a\n|-activate|p2b: Glalie|move: Protect\n|-supereffective|p2a: Whimsicott|1\n|-damage|p2a: Whimsicott|61/100\n|-unboost|p2a: Whimsicott|spe|1\n|\n|-damage|p2b: Glalie|5/100 brn|[from] brn\n|upkeep\n|turn|3\n|\n|t:|1776468350\n|switch|p1a: Kingambit|Kingambit, L50, M|100/100\n|move|p2a: Whimsicott|Protect|p2a: Whimsicott\n|-singleturn|p2a: Whimsicott|Protect\n|move|p2b: Glalie|Explosion|p1b: Milotic|[spread] p1a,p1b\n|-activate|p2a: Whimsicott|move: Protect\n|-resisted|p1a: Kingambit|1\n|-resisted|p1b: Milotic|1\n|-damage|p1a: Kingambit|77/100\n|-damage|p1b: Milotic|78/100\n|faint|p2b: Glalie\n|move|p1b: Milotic|Muddy Water|p2a: Whimsicott\n|-activate|p2a: Whimsicott|move: Protect\n|\n|upkeep\n|\n|t:|1776468359\n|switch|p2b: Incineroar|Incineroar, L50, F|100/100\n|-ability|p2b: Incineroar|Intimidate|boost\n|-unboost|p1a: Kingambit|atk|1\n|-ability|p1a: Kingambit|Defiant|boost\n|-boost|p1a: Kingambit|atk|2\n|-unboost|p1b: Milotic|atk|1\n|-ability|p1b: Milotic|Competitive|boost\n|-boost|p1b: Milotic|spa|2\n|turn|4\n|\n|t:|1776468372\n|move|p1a: Kingambit|Protect|p1a: Kingambit\n|-singleturn|p1a: Kingambit|Protect\n|move|p2b: Incineroar|Fake Out|p1a: Kingambit\n|-activate|p1a: Kingambit|move: Protect\n|move|p2a: Whimsicott|Moonblast|p1a: Kingambit\n|-activate|p1a: Kingambit|move: Protect\n|move|p1b: Milotic|Muddy Water|p2a: Whimsicott|[spread] p2b\n|-miss|p1b: Milotic|p2a: Whimsicott\n|-supereffective|p2b: Incineroar|1\n|-damage|p2b: Incineroar|0 fnt\n|faint|p2b: Incineroar\n|\n|-sideend|p2: solamentepaco|move: Tailwind\n|upkeep\n|\n|t:|1776468378\n|switch|p2b: Basculegion|Basculegion, L50, M|100/100\n|turn|5\n|-message|solamentepaco forfeited.\n|\n|win|TrainerDylan24\n|raw|TrainerDylan24's rating: 1025 &rarr; <strong>1067</strong><br />(+42 for winning)\n|raw|solamentepaco's rating: 1083 &rarr; <strong>1057</strong><br />(-26 for losing)\n|l|\u2606solamentepaco\n|player|p2|\n",
  "uploadtime": 1776468388,
  "views": 20,
  "formatid": "gen9championsvgc2026regma",
  "rating": 1057,
  "private": 0,
  "password": null
}