{
  "id": "gen9championsvgc2026regma-2582870570",
  "format": "[Gen 9 Champions] VGC 2026 Reg M-A",
  "players": [
    "dracoamin",
    "Snowball_seer"
  ],
  "log": "|j|\u2606dracoamin\n|j|\u2606Snowball_seer\n|t:|1776120720\n|gametype|doubles\n|player|p1|dracoamin|gentleman-gen4|1103\n|player|p2|Snowball_seer|allister-masters|1127\n|gen|9\n|tier|[Gen 9 Champions] VGC 2026 Reg M-A\n|rated|\n|rule|Species Clause: Limit one of each Pok\u00e9mon\n|rule|Item Clause: Limit 1 of each item\n|clearpoke\n|poke|p1|Sylveon, L50, F|\n|poke|p1|Serperior, L50, M|\n|poke|p1|Talonflame, L50, F|\n|poke|p1|Rotom-Wash, L50|\n|poke|p1|Tyranitar, L50, M|\n|poke|p1|Excadrill, L50, M|\n|poke|p2|Delphox, L50, M|\n|poke|p2|Garchomp, L50, M|\n|poke|p2|Gyarados, L50, F|\n|poke|p2|Rotom-Wash, L50|\n|poke|p2|Whimsicott, L50, F|\n|poke|p2|Clefable, L50, M|\n|teampreview|4\n|inactive|Battle timer is ON: inactive players will automatically lose when time's up. (requested by Snowball_seer)\n|inactive|Snowball_seer has 60 seconds left.\n|\n|t:|1776120775\n|teamsize|p1|4\n|teamsize|p2|4\n|start\n|switch|p1a: Rotom|Rotom-Wash, L50|100/100\n|switch|p1b: Excadrill|Excadrill, L50, M|100/100\n|switch|p2a: Rotom|Rotom-Wash, L50|100/100\n|switch|p2b: Delphox|Delphox, L50, M, shiny|100/100\n|turn|1\n|\n|t:|1776120791\n|switch|p2b: Gyarados|Gyarados, L50, F, shiny|100/100\n|-ability|p2b: Gyarados|Intimidate|boost\n|-unboost|p1a: Rotom|atk|1\n|-unboost|p1b: Excadrill|atk|1\n|move|p1b: Excadrill|Protect|p1b: Excadrill\n|-singleturn|p1b: Excadrill|Protect\n|move|p1a: Rotom|Volt Switch|p2a: Rotom\n|-damage|p2a: Rotom|65/100\n|\n|t:|1776120800\n|switch|p1a: Tyranitar|Tyranitar, L50, M|100/100|[from] Volt Switch\n|-weather|Sandstorm|[from] ability: Sand Stream|[of] p1a: Tyranitar\n|move|p2a: Rotom|Hydro Pump|p1b: Excadrill\n|-activate|p1b: Excadrill|move: Protect\n|\n|-weather|Sandstorm|[upkeep]\n|-damage|p2a: Rotom|60/100|[from] Sandstorm\n|-damage|p2b: Gyarados|95/100|[from] Sandstorm\n|upkeep\n|turn|2\n|\n|t:|1776120811\n|switch|p1b: Rotom|Rotom-Wash, L50|100/100\n|switch|p2b: Clefable|Clefable, L50, M|100/100\n|move|p1a: Tyranitar|Protect|p1a: Tyranitar\n|-singleturn|p1a: Tyranitar|Protect\n|move|p2a: Rotom|Hydro Pump|p1a: Tyranitar\n|-activate|p1a: Tyranitar|move: Protect\n|\n|-weather|Sandstorm|[upkeep]\n|-damage|p1b: Rotom|95/100|[from] Sandstorm\n|-damage|p2a: Rotom|54/100|[from] Sandstorm\n|-damage|p2b: Clefable|95/100|[from] Sandstorm\n|upkeep\n|turn|3\n|\n|t:|1776120833\n|switch|p1a: Sylveon|Sylveon, L50, F|100/100\n|move|p1b: Rotom|Trick|p2b: Clefable\n|-activate|p1b: Rotom|move: Trick|[of] p2b: Clefable\n|-item|p2b: Clefable|Choice Scarf|[from] move: Trick\n|-item|p1b: Rotom|Sitrus Berry|[from] move: Trick\n|move|p2a: Rotom|Hydro Pump|p1a: Sylveon\n|-damage|p1a: Sylveon|75/100\n|move|p2b: Clefable|Life Dew|p2b: Clefable|[spread] p2a,p2b\n|-heal|p2a: Rotom|79/100\n|-heal|p2b: Clefable|100/100\n|\n|-weather|Sandstorm|[upkeep]\n|-damage|p2a: Rotom|73/100|[from] Sandstorm\n|-damage|p1b: Rotom|89/100|[from] Sandstorm\n|-damage|p2b: Clefable|95/100|[from] Sandstorm\n|-damage|p1a: Sylveon|69/100|[from] Sandstorm\n|-heal|p1a: Sylveon|75/100|[from] item: Leftovers\n|upkeep\n|turn|4\n|\n|t:|1776120857\n|move|p2a: Rotom|Hydro Pump|p1b: Rotom|[miss]\n|-miss|p2a: Rotom|p1b: Rotom\n|move|p1b: Rotom|Volt Switch|p2b: Clefable\n|-damage|p2b: Clefable|63/100\n|\n|t:|1776120863\n|switch|p1b: Excadrill|Excadrill, L50, M|100/100|[from] Volt Switch\n|move|p2b: Clefable|Life Dew|p2b: Clefable|[spread] p2a,p2b\n|-heal|p2a: Rotom|98/100\n|-heal|p2b: Clefable|89/100\n|move|p1a: Sylveon|Mystical Fire|p2b: Clefable\n|-damage|p2b: Clefable|69/100\n|-unboost|p2b: Clefable|spa|1\n|\n|-weather|Sandstorm|[upkeep]\n|-damage|p2a: Rotom|92/100|[from] Sandstorm\n|-damage|p2b: Clefable|63/100|[from] Sandstorm\n|-damage|p1a: Sylveon|69/100|[from] Sandstorm\n|-heal|p1a: Sylveon|75/100|[from] item: Leftovers\n|upkeep\n|turn|5\n|\n|t:|1776120882\n|switch|p2b: Gyarados|Gyarados, L50, F, shiny|95/100\n|-ability|p2b: Gyarados|Intimidate|boost\n|-unboost|p1a: Sylveon|atk|1\n|-unboost|p1b: Excadrill|atk|1\n|move|p1b: Excadrill|Rock Slide|p2a: Rotom|[spread] p2a,p2b\n|-supereffective|p2b: Gyarados|1\n|-damage|p2a: Rotom|76/100\n|-damage|p2b: Gyarados|62/100\n|cant|p2a: Rotom|flinch\n|move|p1a: Sylveon|Hyper Voice|p2a: Rotom|[spread] p2a,p2b\n|-damage|p2a: Rotom|40/100\n|-damage|p2b: Gyarados|30/100\n|\n|-weather|none\n|-heal|p1a: Sylveon|80/100|[from] item: Leftovers\n|upkeep\n|turn|6\n|\n|t:|1776120902\n|switch|p2b: Clefable|Clefable, L50, M|63/100\n|switch|p1a: Rotom|Rotom-Wash, L50|89/100\n|move|p1b: Excadrill|Protect|p1b: Excadrill\n|-singleturn|p1b: Excadrill|Protect\n|move|p2a: Rotom|Hydro Pump|p1a: Rotom\n|-resisted|p1a: Rotom|1\n|-damage|p1a: Rotom|59/100\n|\n|upkeep\n|turn|7\n|\n|t:|1776120920\n|switch|p1b: Sylveon|Sylveon, L50, F|80/100\n|move|p2a: Rotom|Hydro Pump|p1b: Sylveon\n|-damage|p1b: Sylveon|56/100\n|move|p1a: Rotom|Volt Switch|p2b: Clefable\n|-damage|p2b: Clefable|35/100\n|\n|t:|1776120929\n|switch|p1a: Tyranitar|Tyranitar, L50, M|100/100|[from] Volt Switch\n|-weather|Sandstorm|[from] ability: Sand Stream|[of] p1a: Tyranitar\n|move|p2b: Clefable|Life Dew|p2b: Clefable|[spread] p2a,p2b\n|-heal|p2a: Rotom|65/100\n|-heal|p2b: Clefable|60/100\n|\n|-weather|Sandstorm|[upkeep]\n|-damage|p2a: Rotom|59/100|[from] Sandstorm\n|-damage|p2b: Clefable|54/100|[from] Sandstorm\n|-damage|p1b: Sylveon|50/100|[from] Sandstorm\n|-heal|p1b: Sylveon|56/100|[from] item: Leftovers\n|upkeep\n|turn|8\n|\n|t:|1776120941\n|move|p1a: Tyranitar|Protect|p1a: Tyranitar\n|-singleturn|p1a: Tyranitar|Protect\n|move|p2a: Rotom|Hydro Pump|p1a: Tyranitar\n|-activate|p1a: Tyranitar|move: Protect\n|move|p2b: Clefable|Life Dew|p2b: Clefable|[spread] p2a,p2b\n|-heal|p2a: Rotom|84/100\n|-heal|p2b: Clefable|79/100\n|move|p1b: Sylveon|Wish|p1b: Sylveon\n|\n|-weather|Sandstorm|[upkeep]\n|-damage|p2a: Rotom|78/100|[from] Sandstorm\n|-damage|p2b: Clefable|73/100|[from] Sandstorm\n|-damage|p1b: Sylveon|50/100|[from] Sandstorm\n|-heal|p1b: Sylveon|56/100|[from] item: Leftovers\n|upkeep\n|turn|9\n|\n|t:|1776120958\n|detailschange|p1a: Tyranitar|Tyranitar-Mega, L50, M\n|-mega|p1a: Tyranitar|Tyranitar|Tyranitarite\n|move|p2a: Rotom|Hydro Pump|p1b: Sylveon|[miss]\n|-miss|p2a: Rotom|p1b: Sylveon\n|move|p2b: Clefable|Life Dew|p2b: Clefable|[spread] p2a,p2b\n|-heal|p2a: Rotom|100/100\n|-heal|p2b: Clefable|99/100\n|move|p1a: Tyranitar|Dark Pulse|p2a: Rotom\n|-damage|p2a: Rotom|58/100\n|move|p1b: Sylveon|Hyper Voice|p2a: Rotom|[spread] p2a,p2b\n|-damage|p2a: Rotom|22/100\n|-damage|p2b: Clefable|70/100\n|\n|-weather|Sandstorm|[upkeep]\n|-damage|p2a: Rotom|16/100|[from] Sandstorm\n|-damage|p2b: Clefable|64/100|[from] Sandstorm\n|-damage|p1b: Sylveon|50/100|[from] Sandstorm\n|-heal|p1b: Sylveon|99/100|[from] move: Wish|[wisher] Sylveon\n|-heal|p1b: Sylveon|100/100|[from] item: Leftovers\n|upkeep\n|turn|10\n|-message|Snowball_seer forfeited.\n|\n|win|dracoamin\n|raw|dracoamin's rating: 1103 &rarr; <strong>1130</strong><br />(+27 for winning)\n|raw|Snowball_seer's rating: 1127 &rarr; <strong>1100</strong><br />(-27 for losing)\n",
  "uploadtime": 1776120963,
  "views": 13,
  "formatid": "gen9championsvgc2026regma",
  "rating": 1100,
  "private": 0,
  "password": null
}