{
  "id": "gen9championsvgc2026regma-2585441564",
  "format": "[Gen 9 Champions] VGC 2026 Reg M-A",
  "players": [
    "alvesteban",
    "melon storme"
  ],
  "log": "|j|\u2606alvesteban\n|j|\u2606melon storme\n|t:|1776347530\n|gametype|doubles\n|player|p1|alvesteban|265|1128\n|player|p2|melon storme|kieran-festival|1149\n|gen|9\n|tier|[Gen 9 Champions] VGC 2026 Reg M-A\n|rated|\n|rule|Species Clause: Limit one of each Pok\u00e9mon\n|rule|Item Clause: Limit 1 of each item\n|clearpoke\n|poke|p1|Sneasler, L50, M|\n|poke|p1|Corviknight, L50, M|\n|poke|p1|Incineroar, L50, M|\n|poke|p1|Rotom-Wash, L50|\n|poke|p1|Excadrill, L50, F|\n|poke|p1|Tyranitar, L50, M|\n|poke|p2|Kingambit, L50, M|\n|poke|p2|Zoroark-Hisui, L50, M|\n|poke|p2|Froslass, L50, F|\n|poke|p2|Beartic, L50, F|\n|poke|p2|Primarina, L50, M|\n|poke|p2|Sneasler, L50, F|\n|teampreview|4\nmelon storme has agreed to open team sheets.\n|\n|t:|1776347581\n|teamsize|p1|4\n|teamsize|p2|4\n|start\n|switch|p1a: Tyranitar|Tyranitar, L50, M, shiny|100/100\n|switch|p1b: Excadrill|Excadrill, L50, F|100/100\n|switch|p2a: Sneasler|Sneasler, L50, F|100/100\n|switch|p2b: Primarina|Primarina, L50, M|100/100\n|-weather|Sandstorm|[from] ability: Sand Stream|[of] p1a: Tyranitar\n|turn|1\n|\n|t:|1776347605\n|detailschange|p1a: Tyranitar|Tyranitar-Mega, L50, M, shiny\n|-mega|p1a: Tyranitar|Tyranitar|Tyranitarite\n|move|p1b: Excadrill|Protect|p1b: Excadrill\n|-singleturn|p1b: Excadrill|Protect\n|move|p2a: Sneasler|Fake Out|p1b: Excadrill\n|-activate|p1b: Excadrill|move: Protect\n|move|p2b: Primarina|Hyper Voice|p1a: Tyranitar|[spread] p1a\n|-activate|p1b: Excadrill|move: Protect\n|-supereffective|p1a: Tyranitar|1\n|-damage|p1a: Tyranitar|74/100\n|move|p1a: Tyranitar|Dragon Dance|p1a: Tyranitar\n|-boost|p1a: Tyranitar|atk|1\n|-boost|p1a: Tyranitar|spe|1\n|\n|-weather|Sandstorm|[upkeep]\n|-damage|p2b: Primarina|95/100|[from] Sandstorm\n|-damage|p2a: Sneasler|95/100|[from] Sandstorm\n|upkeep\n|turn|2\n|\n|t:|1776347627\n|switch|p2b: Kingambit|Kingambit, L50, M|100/100\n|move|p1a: Tyranitar|Protect|p1a: Tyranitar\n|-singleturn|p1a: Tyranitar|Protect\n|move|p1b: Excadrill|Iron Head|p2b: Kingambit\n|-resisted|p2b: Kingambit|1\n|-damage|p2b: Kingambit|83/100\n|move|p2a: Sneasler|Close Combat|p1a: Tyranitar\n|-activate|p1a: Tyranitar|move: Protect\n|\n|-weather|Sandstorm|[upkeep]\n|-damage|p2a: Sneasler|89/100|[from] Sandstorm\n|upkeep\n|turn|3\n|\n|t:|1776347643\n|move|p2a: Sneasler|Protect|p2a: Sneasler\n|-singleturn|p2a: Sneasler|Protect\n|move|p2b: Kingambit|Sucker Punch|p1b: Excadrill\n|-damage|p1b: Excadrill|43/100\n|move|p1b: Excadrill|Earthquake|p2b: Kingambit|[spread] p1a,p2b\n|-activate|p2a: Sneasler|move: Protect\n|-supereffective|p1a: Tyranitar|1\n|-supereffective|p2b: Kingambit|1\n|-damage|p1a: Tyranitar|21/100\n|-damage|p2b: Kingambit|22/100\n|move|p1a: Tyranitar|Knock Off|p2a: Sneasler\n|-activate|p2a: Sneasler|move: Protect\n|\n|-weather|Sandstorm|[upkeep]\n|-damage|p2a: Sneasler|83/100|[from] Sandstorm\n|upkeep\n|turn|4\n|\n|t:|1776347665\n|switch|p2a: Primarina|Primarina, L50, M|95/100\n|move|p1a: Tyranitar|Protect|p1a: Tyranitar\n|-singleturn|p1a: Tyranitar|Protect\n|move|p2b: Kingambit|Sucker Punch||[still]\n|-fail|p2b: Kingambit\n|move|p1b: Excadrill|Earthquake|p2b: Kingambit|[spread] p2a,p2b\n|-activate|p1a: Tyranitar|move: Protect\n|-supereffective|p2b: Kingambit|1\n|-damage|p2a: Primarina|37/100\n|-damage|p2b: Kingambit|0 fnt\n|faint|p2b: Kingambit\n|\n|-weather|Sandstorm|[upkeep]\n|-damage|p2a: Primarina|31/100|[from] Sandstorm\n|upkeep\n|\n|t:|1776347671\n|switch|p2b: Froslass|Froslass, L50, F|100/100\n|turn|5\n|\n|t:|1776347685\n|detailschange|p2b: Froslass|Froslass-Mega, L50, F\n|-mega|p2b: Froslass|Froslass|Froslassite\n|-weather|Snowscape|[from] ability: Snow Warning|[of] p2b: Froslass\n|move|p2b: Froslass|Aurora Veil|p2b: Froslass\n|-sidestart|p2: melon storme|move: Aurora Veil\n|move|p2a: Primarina|Hyper Voice|p1b: Excadrill|[spread] p1a,p1b\n|-supereffective|p1a: Tyranitar|1\n|-supereffective|p1b: Excadrill|1\n|-damage|p1a: Tyranitar|0 fnt\n|-damage|p1b: Excadrill|0 fnt\n|faint|p1a: Tyranitar\n|faint|p1b: Excadrill\n|\n|-weather|Snowscape|[upkeep]\n|upkeep\n|\n|t:|1776347695\n|switch|p1b: Corviknight|Corviknight, L50, M, shiny|100/100\n|switch|p1a: Sneasler|Sneasler, L50, M|100/100\n|turn|6\n|\n|t:|1776347711\n|move|p1a: Sneasler|Fake Out|p2a: Primarina\n|-damage|p2a: Primarina|18/100\n|move|p2b: Froslass|Blizzard|p1a: Sneasler|[spread] p1a,p1b\n|-damage|p1a: Sneasler|44/100\n|-damage|p1b: Corviknight|58/100\n|cant|p2a: Primarina|flinch\n|move|p1b: Corviknight|Iron Defense|p1b: Corviknight\n|-boost|p1b: Corviknight|def|2\n|\n|-weather|Snowscape|[upkeep]\n|-heal|p1b: Corviknight|63/100|[from] item: Leftovers\n|upkeep\n|turn|7\n|\n|t:|1776347725\n|move|p1b: Corviknight|Protect|p1b: Corviknight\n|-singleturn|p1b: Corviknight|Protect\n|move|p2b: Froslass|Blizzard|p1b: Corviknight|[spread] p1a\n|-activate|p1b: Corviknight|move: Protect\n|-damage|p1a: Sneasler|0 fnt\n|faint|p1a: Sneasler\n|move|p2a: Primarina|Hyper Voice|p1b: Corviknight\n|-activate|p1b: Corviknight|move: Protect\n|\n|-weather|Snowscape|[upkeep]\n|-heal|p1b: Corviknight|69/100|[from] item: Leftovers\n|upkeep\n|turn|8\n|\n|t:|1776347733\n|move|p2b: Froslass|Blizzard|p1b: Corviknight\n|-damage|p1b: Corviknight|15/100\n|move|p2a: Primarina|Hyper Voice|p1b: Corviknight\n|-damage|p1b: Corviknight|0 fnt\n|faint|p1b: Corviknight\n|\n|win|melon storme\n|raw|alvesteban's rating: 1128 &rarr; <strong>1105</strong><br />(-23 for losing)\n|raw|melon storme's rating: 1149 &rarr; <strong>1172</strong><br />(+23 for winning)\n|c|\u2606melon storme|ggs\n",
  "uploadtime": 1776347742,
  "views": 28,
  "formatid": "gen9championsvgc2026regma",
  "rating": 1105,
  "private": 0,
  "password": null
}