{
  "id": "gen9championsvgc2026regma-2587800902",
  "format": "[Gen 9 Champions] VGC 2026 Reg M-A",
  "players": [
    "jasonrfry",
    "TheEeveeAnimations"
  ],
  "log": "|j|\u2606jasonrfry\n|j|\u2606TheEeveeAnimations\n|t:|1776565345\n|gametype|doubles\n|player|p1|jasonrfry|101|1369\n|player|p2|TheEeveeAnimations|102|1319\n|gen|9\n|tier|[Gen 9 Champions] VGC 2026 Reg M-A\n|rated|\n|rule|Species Clause: Limit one of each Pok\u00e9mon\n|rule|Item Clause: Limit 1 of each item\n|clearpoke\n|poke|p1|Mimikyu, L50, F, shiny|\n|poke|p1|Meganium, L50, F|\n|poke|p1|Primarina, L50, M, shiny|\n|poke|p1|Sneasler, L50, F, shiny|\n|poke|p1|Torkoal, L50, F, shiny|\n|poke|p1|Kingambit, L50, M, shiny|\n|poke|p2|Basculegion, L50, M|\n|poke|p2|Farigiraf, L50, M|\n|poke|p2|Kangaskhan, L50, F|\n|poke|p2|Sneasler, L50, F|\n|poke|p2|Aegislash, L50, F|\n|poke|p2|Talonflame, L50, F|\n|teampreview|4\n|\n|t:|1776565379\n|teamsize|p1|4\n|teamsize|p2|4\n|start\n|switch|p1a: Mimikyu|Mimikyu, L50, F, shiny|100/100\n|switch|p1b: Sneasler|Sneasler, L50, F, shiny|100/100\n|switch|p2a: Kangaskhan|Kangaskhan, L50, F|100/100\n|switch|p2b: Farigiraf|Farigiraf, L50, M|100/100\n|turn|1\n|inactive|Battle timer is ON: inactive players will automatically lose when time's up. (requested by jasonrfry)\n|\n|t:|1776565396\n|detailschange|p2a: Kangaskhan|Kangaskhan-Mega, L50, F\n|-mega|p2a: Kangaskhan|Kangaskhan|Kangaskhanite\n|move|p2a: Kangaskhan|Fake Out|p1b: Sneasler\n|-damage|p1b: Sneasler|63/100\n|-damage|p1b: Sneasler|53/100\n|-hitcount|p1b: Sneasler|2\n|cant|p1b: Sneasler|flinch\n|move|p1a: Mimikyu|Taunt|p2b: Farigiraf\n|-start|p2b: Farigiraf|move: Taunt\n|move|p2b: Farigiraf|Foul Play|p1a: Mimikyu\n|-activate|p1a: Mimikyu|ability: Disguise\n|-damage|p1a: Mimikyu|100/100\n|detailschange|p1a: Mimikyu|Mimikyu-Busted, L50, F, shiny\n|-damage|p1a: Mimikyu|88/100|[from] pokemon: Mimikyu-Busted\n|\n|upkeep\n|turn|2\n|inactive|jasonrfry has 30 seconds left.\n|inactive|TheEeveeAnimations has 30 seconds left.\n|\n|t:|1776565432\n|switch|p2a: Basculegion|Basculegion, L50, M|100/100\n|move|p1b: Sneasler|Close Combat|p2a: Basculegion\n|-immune|p2a: Basculegion\n|move|p2b: Farigiraf|Twin Beam|p1b: Sneasler\n|-supereffective|p1b: Sneasler|2\n|-damage|p1b: Sneasler|0 fnt\n|faint|p1b: Sneasler\n|-hitcount|p1: Sneasler|1\n|move|p1a: Mimikyu|Trick Room|p1a: Mimikyu\n|-fieldstart|move: Trick Room|[of] p1a: Mimikyu\n|\n|upkeep\n|\n|t:|1776565436\n|switch|p1b: Meganium|Meganium, L50, F|100/100\n|turn|3\n|inactive|TheEeveeAnimations has 30 seconds left.\n|inactive|TheEeveeAnimations has 20 seconds left.\n|inactive|TheEeveeAnimations has 15 seconds left.\n|inactive|TheEeveeAnimations has 10 seconds left.\n|\n|t:|1776565482\n|detailschange|p1b: Meganium|Meganium-Mega, L50, F\n|-mega|p1b: Meganium|Meganium|Meganiumite\n|move|p2b: Farigiraf|Twin Beam|p1b: Meganium\n|-damage|p1b: Meganium|89/100\n|-damage|p1b: Meganium|75/100\n|-hitcount|p1b: Meganium|2\n|move|p1b: Meganium|Solar Beam||[still]\n|-prepare|p1b: Meganium|Solar Beam\n|-activate|p1b: Meganium|ability: Mega Sol\n|-anim|p1b: Meganium|Solar Beam|p2a: Basculegion\n|-supereffective|p2a: Basculegion|1\n|-damage|p2a: Basculegion|0 fnt\n|faint|p2a: Basculegion\n|move|p1a: Mimikyu|Will-O-Wisp|p2b: Farigiraf\n|-status|p2b: Farigiraf|brn\n|\n|-damage|p2b: Farigiraf|94/100 brn|[from] brn\n|-end|p2b: Farigiraf|move: Taunt\n|upkeep\n|\n|t:|1776565501\n|switch|p2a: Sneasler|Sneasler, L50, F|100/100\n|turn|4\n|inactive|TheEeveeAnimations has 30 seconds left.\n|\n|t:|1776565527\n|move|p1b: Meganium|Protect|p1b: Meganium\n|-singleturn|p1b: Meganium|Protect\n|move|p2b: Farigiraf|Twin Beam|p1a: Mimikyu\n|-damage|p1a: Mimikyu|76/100\n|-damage|p1a: Mimikyu|63/100\n|-hitcount|p1a: Mimikyu|2\n|move|p1a: Mimikyu|Curse|p2a: Sneasler\n|-start|p2a: Sneasler|Curse|[of] p1a: Mimikyu\n|-damage|p1a: Mimikyu|13/100\n|move|p2a: Sneasler|Dire Claw|p1b: Meganium\n|-activate|p1b: Meganium|move: Protect\n|\n|-damage|p2b: Farigiraf|88/100 brn|[from] brn\n|-damage|p2a: Sneasler|75/100|[from] Curse\n|upkeep\n|turn|5\n|\n|t:|1776565551\n|move|p2b: Farigiraf|Twin Beam|p1a: Mimikyu\n|-damage|p1a: Mimikyu|1/100\n|-damage|p1a: Mimikyu|0 fnt\n|faint|p1a: Mimikyu\n|-hitcount|p1: Mimikyu|2\n|move|p1b: Meganium|Weather Ball|p2a: Sneasler\n|-damage|p2a: Sneasler|0 fnt\n|faint|p2a: Sneasler\n|\n|-damage|p2b: Farigiraf|82/100 brn|[from] brn\n|upkeep\n|\n|t:|1776565560\n|switch|p1a: Torkoal|Torkoal, L50, F, shiny|100/100\n|switch|p2a: Kangaskhan|Kangaskhan-Mega, L50, F|100/100\n|-weather|SunnyDay|[from] ability: Drought|[of] p1a: Torkoal\n|turn|6\n|\n|t:|1776565583\n|move|p1a: Torkoal|Protect|p1a: Torkoal\n|-singleturn|p1a: Torkoal|Protect\n|move|p2a: Kangaskhan|Fake Out|p1a: Torkoal\n|-activate|p1a: Torkoal|move: Protect\n|move|p2b: Farigiraf|Twin Beam|p1a: Torkoal\n|-activate|p1a: Torkoal|move: Protect\n|move|p1b: Meganium|Solar Beam||[still]\n|-prepare|p1b: Meganium|Solar Beam\n|-anim|p1b: Meganium|Solar Beam|p2b: Farigiraf\n|-damage|p2b: Farigiraf|21/100 brn\n|\n|-weather|SunnyDay|[upkeep]\n|-damage|p2b: Farigiraf|15/100 brn|[from] brn\n|-fieldend|move: Trick Room\n|upkeep\n|turn|7\n|\n|t:|1776565599\n|move|p2a: Kangaskhan|Double-Edge|p1b: Meganium\n|-damage|p1b: Meganium|24/100\n|-damage|p1b: Meganium|11/100\n|-hitcount|p1b: Meganium|2\n|-damage|p2a: Kangaskhan|80/100|[from] Recoil\n|move|p1b: Meganium|Solar Beam||[still]\n|-prepare|p1b: Meganium|Solar Beam\n|-anim|p1b: Meganium|Solar Beam|p2a: Kangaskhan\n|-damage|p2a: Kangaskhan|19/100\n|move|p2b: Farigiraf|Twin Beam|p1a: Torkoal\n|-damage|p1a: Torkoal|81/100\n|-damage|p1a: Torkoal|59/100\n|-hitcount|p1a: Torkoal|2\n|move|p1a: Torkoal|Eruption|p2a: Kangaskhan|[spread] p2a,p2b\n|-damage|p2a: Kangaskhan|0 fnt\n|-damage|p2b: Farigiraf|0 fnt\n|faint|p2a: Kangaskhan\n|faint|p2b: Farigiraf\n|\n|win|jasonrfry\n|raw|jasonrfry's rating: 1369 &rarr; <strong>1386</strong><br />(+17 for winning)\n|raw|TheEeveeAnimations's rating: 1319 &rarr; <strong>1302</strong><br />(-17 for losing)\n|c|\u2606TheEeveeAnimations|Gg\n|c|\u2606TheEeveeAnimations|wp\n",
  "uploadtime": 1776565624,
  "views": 14,
  "formatid": "gen9championsvgc2026regma",
  "rating": 1302,
  "private": 0,
  "password": null
}