{
  "id": "gen9championsvgc2026regma-2589527037",
  "format": "[Gen 9 Champions] VGC 2026 Reg M-A",
  "players": [
    "ShoukoKun",
    "ArticRecon12"
  ],
  "log": "|j|\u2606ShoukoKun\n|j|\u2606ArticRecon12\n|html|<table width=\"100%\"><tr><td align=\"left\">ShoukoKun</td><td align=\"right\">ArticRecon12</tr><tr><td align=\"left\"><i class=\"fa fa-circle-o\"></i> <i class=\"fa fa-circle-o\"></i> </td><td align=\"right\"><i class=\"fa fa-circle-o\"></i> <i class=\"fa fa-circle-o\"></i> </tr></table>\n|uhtml|bestof|<h2><strong>Game 1</strong> of <a href=\"/game-bestof3-gen9championsvgc2026regma-2589527036\">a best-of-3</a></h2>\n|t:|1776731081\n|gametype|doubles\n|player|p1|ShoukoKun|veteranf|\n|player|p2|ArticRecon12|266|\n|gen|9\n|tier|[Gen 9 Champions] VGC 2026 Reg M-A\n|rule|Species Clause: Limit one of each Pok\u00e9mon\n|rule|Item Clause: Limit 1 of each item\n|raw|<div class=\"infobox\"><details class=\"readmore\" open><summary><strong>1 custom rule:</strong></summary> Best of = 3</details></div>\n|clearpoke\n|poke|p1|Gallade, L50, M, shiny|\n|poke|p1|Mamoswine, L50, F|\n|poke|p1|Samurott-Hisui, L50, M|\n|poke|p1|Corviknight, L50, F|\n|poke|p1|Flapple, L50, M|\n|poke|p1|Goodra-Hisui, L50, M|\n|poke|p2|Meowscarada, L50, F|\n|poke|p2|Clefable, L50, F|\n|poke|p2|Arcanine-Hisui, L50, F|\n|poke|p2|Blastoise, L50, M|\n|poke|p2|Froslass, L50, F|\n|poke|p2|Scizor, L50, F|\n|teampreview|4\nArticRecon12 rejected open team sheets.\n|\n|t:|1776731163\n|teamsize|p1|4\n|teamsize|p2|4\n|start\n|switch|p1a: Gallade|Gallade, L50, M, shiny|100/100\n|switch|p1b: Corviknight|Corviknight, L50, F|100/100\n|switch|p2a: Blastoise|Blastoise, L50, M|100/100\n|switch|p2b: Scizor|Scizor, L50, F|100/100\n|turn|1\n|\n|t:|1776731195\n|detailschange|p1a: Gallade|Gallade-Mega, L50, M, shiny\n|-mega|p1a: Gallade|Gallade|Galladite\n|move|p2a: Blastoise|Fake Out|p1b: Corviknight\n|-resisted|p1b: Corviknight|1\n|-damage|p1b: Corviknight|98/100\n|move|p1a: Gallade|Fire Punch|p2b: Scizor\n|-supereffective|p2b: Scizor|2\n|-enditem|p2b: Scizor|Occa Berry|[eat]\n|-enditem|p2b: Scizor|Occa Berry|[weaken]\n|-damage|p2b: Scizor|33/100\n|cant|p1b: Corviknight|flinch\n|move|p2b: Scizor|Tailwind|p2b: Scizor\n|-sidestart|p2: ArticRecon12|move: Tailwind\n|\n|-heal|p1b: Corviknight|100/100|[from] item: Leftovers\n|upkeep\n|turn|2\n|\n|t:|1776731221\n|move|p2a: Blastoise|Hydro Pump|p1a: Gallade\n|-damage|p1a: Gallade|65/100\n|move|p1a: Gallade|Sacred Sword|p2b: Scizor\n|-damage|p2b: Scizor|0 fnt\n|faint|p2b: Scizor\n|move|p1b: Corviknight|Tailwind|p1b: Corviknight\n|-sidestart|p1: ShoukoKun|move: Tailwind\n|\n|upkeep\n|\n|t:|1776731235\n|switch|p2b: Clefable|Clefable, L50, F|100/100\n|turn|3\n|\n|t:|1776731247\n|move|p1a: Gallade|Protect|p1a: Gallade\n|-singleturn|p1a: Gallade|Protect\n|move|p2a: Blastoise|Hydro Pump|p1a: Gallade\n|-activate|p1a: Gallade|move: Protect\n|move|p1b: Corviknight|Bulk Up|p1b: Corviknight\n|-boost|p1b: Corviknight|atk|1\n|-boost|p1b: Corviknight|def|1\n|move|p2b: Clefable|Moonblast|p1a: Gallade\n|-activate|p1a: Gallade|move: Protect\n|\n|upkeep\n|turn|4\n|\n|t:|1776731268\n|switch|p1a: Flapple|Flapple, L50, M|100/100\n|move|p2a: Blastoise|Hydro Pump|p1a: Flapple\n|-resisted|p1a: Flapple|2\n|-damage|p1a: Flapple|88/100\n|move|p1b: Corviknight|Bulk Up|p1b: Corviknight\n|-boost|p1b: Corviknight|atk|1\n|-boost|p1b: Corviknight|def|1\n|move|p2b: Clefable|Moonblast|p1a: Flapple\n|-supereffective|p1a: Flapple|1\n|-damage|p1a: Flapple|0 fnt\n|faint|p1a: Flapple\n|\n|-sideend|p2: ArticRecon12|move: Tailwind\n|upkeep\n|j| Realphoenixking\n|\n|t:|1776731280\n|switch|p1a: Mamoswine|Mamoswine, L50, F|100/100\n|turn|5\n|\n|t:|1776731294\n|move|p1a: Mamoswine|High Horsepower|p2a: Blastoise\n|-damage|p2a: Blastoise|73/100\n|move|p1b: Corviknight|Brave Bird|p2a: Blastoise\n|-damage|p2a: Blastoise|25/100\n|-damage|p1b: Corviknight|86/100|[from] Recoil\n|move|p2a: Blastoise|Hydro Pump|p1a: Mamoswine\n|-supereffective|p1a: Mamoswine|1\n|-damage|p1a: Mamoswine|8/100\n|-enditem|p1a: Mamoswine|Sitrus Berry|[eat]\n|-heal|p1a: Mamoswine|33/100|[from] item: Sitrus Berry\n|move|p2b: Clefable|Moonblast|p1a: Mamoswine\n|-damage|p1a: Mamoswine|6/100\n|\n|-heal|p1b: Corviknight|92/100|[from] item: Leftovers\n|-heal|p2a: Blastoise|31/100|[from] item: Leftovers\n|-sideend|p1: ShoukoKun|move: Tailwind\n|upkeep\n|turn|6\n|\n|t:|1776731321\n|move|p1a: Mamoswine|High Horsepower|p2b: Clefable\n|-damage|p2b: Clefable|67/100\n|move|p2a: Blastoise|Hydro Pump|p1b: Corviknight\n|-damage|p1b: Corviknight|45/100\n|move|p1b: Corviknight|Brave Bird|p2a: Blastoise\n|-crit|p2a: Blastoise\n|-damage|p2a: Blastoise|0 fnt\n|faint|p2a: Blastoise\n|-damage|p1b: Corviknight|36/100|[from] Recoil\n|move|p2b: Clefable|Moonblast|p1a: Mamoswine\n|-damage|p1a: Mamoswine|0 fnt\n|faint|p1a: Mamoswine\n|\n|-heal|p1b: Corviknight|42/100|[from] item: Leftovers\n|upkeep\n|l| Realphoenixking\n|\n|t:|1776731335\n|switch|p1a: Gallade|Gallade-Mega, L50, M, shiny|65/100\n|switch|p2a: Arcanine|Arcanine-Hisui, L50, F|100/100\n|turn|7\n|\n|t:|1776731348\n|move|p2b: Clefable|Follow Me|p2b: Clefable\n|-singleturn|p2b: Clefable|move: Follow Me\n|move|p1a: Gallade|Sacred Sword|p2b: Clefable\n|-resisted|p2b: Clefable|1\n|-crit|p2b: Clefable\n|-damage|p2b: Clefable|38/100\n|-enditem|p2b: Clefable|Sitrus Berry|[eat]\n|-heal|p2b: Clefable|62/100|[from] item: Sitrus Berry\n|move|p2a: Arcanine|Flare Blitz|p1a: Gallade\n|-damage|p1a: Gallade|0 fnt\n|faint|p1a: Gallade\n|move|p1b: Corviknight|Roost|p1b: Corviknight\n|-heal|p1b: Corviknight|92/100\n|-singleturn|p1b: Corviknight|move: Roost\n|\n|-heal|p1b: Corviknight|98/100|[from] item: Leftovers\n|upkeep\n|turn|8\n|\n|t:|1776731372\n|move|p2b: Clefable|Follow Me|p2b: Clefable\n|-singleturn|p2b: Clefable|move: Follow Me\n|move|p2a: Arcanine|Flare Blitz|p1b: Corviknight\n|-supereffective|p1b: Corviknight|1\n|-damage|p1b: Corviknight|56/100\n|move|p1b: Corviknight|Brave Bird|p2b: Clefable\n|-damage|p2b: Clefable|32/100\n|-damage|p1b: Corviknight|46/100|[from] Recoil\n|\n|-heal|p1b: Corviknight|52/100|[from] item: Leftovers\n|upkeep\n|turn|9\n|\n|t:|1776731391\n|move|p2a: Arcanine|Flare Blitz|p1b: Corviknight\n|-supereffective|p1b: Corviknight|1\n|-damage|p1b: Corviknight|10/100\n|move|p1b: Corviknight|Roost|p1b: Corviknight\n|-heal|p1b: Corviknight|60/100\n|-singleturn|p1b: Corviknight|move: Roost\n|move|p2b: Clefable|Moonlight|p2b: Clefable\n|-heal|p2b: Clefable|82/100\n|\n|-heal|p1b: Corviknight|66/100|[from] item: Leftovers\n|upkeep\n|turn|10\n|\n|t:|1776731402\n|move|p2a: Arcanine|Protect|p2a: Arcanine\n|-singleturn|p2a: Arcanine|Protect\n|move|p1b: Corviknight|Bulk Up|p1b: Corviknight\n|-boost|p1b: Corviknight|atk|1\n|-boost|p1b: Corviknight|def|1\n|move|p2b: Clefable|Thunder Wave|p1b: Corviknight|[miss]\n|-miss|p2b: Clefable|p1b: Corviknight\n|\n|-heal|p1b: Corviknight|72/100|[from] item: Leftovers\n|upkeep\n|turn|11\n|j| Realphoenixking\n|\n|t:|1776731423\n|move|p2b: Clefable|Follow Me|p2b: Clefable\n|-singleturn|p2b: Clefable|move: Follow Me\n|move|p2a: Arcanine|Flare Blitz|p1b: Corviknight\n|-supereffective|p1b: Corviknight|1\n|-damage|p1b: Corviknight|37/100\n|move|p1b: Corviknight|Bulk Up|p1b: Corviknight\n|-boost|p1b: Corviknight|atk|1\n|-boost|p1b: Corviknight|def|1\n|\n|-heal|p1b: Corviknight|43/100|[from] item: Leftovers\n|upkeep\n|turn|12\n|\n|t:|1776731441\n|move|p2b: Clefable|Follow Me|p2b: Clefable\n|-singleturn|p2b: Clefable|move: Follow Me\n|move|p2a: Arcanine|Flare Blitz|p1b: Corviknight\n|-supereffective|p1b: Corviknight|1\n|-damage|p1b: Corviknight|14/100\n|move|p1b: Corviknight|Roost|p1b: Corviknight\n|-heal|p1b: Corviknight|64/100\n|-singleturn|p1b: Corviknight|move: Roost\n|\n|-heal|p1b: Corviknight|70/100|[from] item: Leftovers\n|upkeep\n|turn|13\n|\n|t:|1776731454\n|move|p2b: Clefable|Follow Me|p2b: Clefable\n|-singleturn|p2b: Clefable|move: Follow Me\n|move|p2a: Arcanine|Flare Blitz|p1b: Corviknight\n|-supereffective|p1b: Corviknight|1\n|-damage|p1b: Corviknight|40/100\n|move|p1b: Corviknight|Bulk Up|p1b: Corviknight\n|-boost|p1b: Corviknight|atk|1\n|-boost|p1b: Corviknight|def|1\n|\n|-heal|p1b: Corviknight|46/100|[from] item: Leftovers\n|upkeep\n|turn|14\n|\n|t:|1776731467\n|move|p2b: Clefable|Follow Me|p2b: Clefable\n|-singleturn|p2b: Clefable|move: Follow Me\n|move|p2a: Arcanine|Flare Blitz|p1b: Corviknight\n|-supereffective|p1b: Corviknight|1\n|-damage|p1b: Corviknight|20/100\n|move|p1b: Corviknight|Roost|p1b: Corviknight\n|-heal|p1b: Corviknight|70/100\n|-singleturn|p1b: Corviknight|move: Roost\n|\n|-heal|p1b: Corviknight|76/100|[from] item: Leftovers\n|upkeep\n|turn|15\n|\n|t:|1776731480\n|move|p2a: Arcanine|Protect|p2a: Arcanine\n|-singleturn|p2a: Arcanine|Protect\n|move|p1b: Corviknight|Brave Bird|p2b: Clefable\n|-damage|p2b: Clefable|52/100\n|-damage|p1b: Corviknight|66/100|[from] Recoil\n|move|p2b: Clefable|Thunder Wave|p1b: Corviknight\n|-status|p1b: Corviknight|par\n|\n|-heal|p1b: Corviknight|72/100 par|[from] item: Leftovers\n|upkeep\n|turn|16\n|\n|t:|1776731506\n|move|p2a: Arcanine|Head Smash|p1b: Corviknight\n|-damage|p1b: Corviknight|53/100 par\n|move|p2b: Clefable|Moonlight|p2b: Clefable\n|-heal|p2b: Clefable|100/100\n|cant|p1b: Corviknight|par\n|\n|-heal|p1b: Corviknight|59/100 par|[from] item: Leftovers\n|upkeep\n|turn|17\n|\n|t:|1776731522\n|move|p2b: Clefable|Follow Me|p2b: Clefable\n|-singleturn|p2b: Clefable|move: Follow Me\n|move|p2a: Arcanine|Flare Blitz|p1b: Corviknight\n|-supereffective|p1b: Corviknight|1\n|-damage|p1b: Corviknight|31/100 par\n|move|p1b: Corviknight|Brave Bird|p2b: Clefable\n|-damage|p2b: Clefable|73/100\n|-damage|p1b: Corviknight|22/100 par|[from] Recoil\n|\n|-heal|p1b: Corviknight|28/100 par|[from] item: Leftovers\n|upkeep\n|turn|18\n|\n|t:|1776731533\n|move|p2b: Clefable|Follow Me|p2b: Clefable\n|-singleturn|p2b: Clefable|move: Follow Me\n|move|p2a: Arcanine|Flare Blitz|p1b: Corviknight\n|-supereffective|p1b: Corviknight|1\n|-damage|p1b: Corviknight|4/100 par\n|move|p1b: Corviknight|Roost|p1b: Corviknight\n|-heal|p1b: Corviknight|54/100 par\n|-singleturn|p1b: Corviknight|move: Roost\n|\n|-heal|p1b: Corviknight|60/100 par|[from] item: Leftovers\n|upkeep\n|turn|19\n|\n|t:|1776731556\n|move|p2b: Clefable|Follow Me|p2b: Clefable\n|-singleturn|p2b: Clefable|move: Follow Me\n|move|p2a: Arcanine|Head Smash|p1b: Corviknight\n|-damage|p1b: Corviknight|41/100 par\n|cant|p1b: Corviknight|par\n|\n|-heal|p1b: Corviknight|47/100 par|[from] item: Leftovers\n|upkeep\n|turn|20\n|\n|t:|1776731589\n|move|p2b: Clefable|Follow Me|p2b: Clefable\n|-singleturn|p2b: Clefable|move: Follow Me\n|move|p2a: Arcanine|Head Smash|p1b: Corviknight\n|-damage|p1b: Corviknight|26/100 par\n|move|p1b: Corviknight|Brave Bird|p2b: Clefable\n|-damage|p2b: Clefable|46/100\n|-damage|p1b: Corviknight|18/100 par|[from] Recoil\n|\n|-heal|p1b: Corviknight|23/100 par|[from] item: Leftovers\n|upkeep\n|turn|21\n|\n|t:|1776731603\n|move|p2a: Arcanine|Flare Blitz|p1b: Corviknight\n|-supereffective|p1b: Corviknight|1\n|-damage|p1b: Corviknight|0 fnt\n|faint|p1b: Corviknight\n|\n|win|ArticRecon12\n||ArticRecon12 is ready for game 2.\n||ShoukoKun is ready for game 2.\n|uhtml|next|Next: <a href=\"/battle-gen9championsvgc2026regma-2589532694\"><strong>Game 2 of 3</strong></a>\n|j| Bbob415\n|l| Realphoenixking\n|l| Bbob415\n",
  "uploadtime": 1776732492,
  "views": 6,
  "formatid": "gen9championsvgc2026regma",
  "rating": null,
  "private": 0,
  "password": null
}