{
  "id": "gen9championsvgc2026regma-2585677851",
  "format": "[Gen 9 Champions] VGC 2026 Reg M-A",
  "players": [
    "Poke Unc",
    "Pegassin"
  ],
  "log": "|j|\u2606Poke Unc\n|j|\u203dPegassin\n|t:|1776363101\n|gametype|doubles\n|player|p1|Poke Unc|palmer|1150\n|player|p2|Pegassin|169|1173\n|gen|9\n|tier|[Gen 9 Champions] VGC 2026 Reg M-A\n|rated|\n|rule|Species Clause: Limit one of each Pok\u00e9mon\n|rule|Item Clause: Limit 1 of each item\n|clearpoke\n|poke|p1|Meowstic, L50, M|\n|poke|p1|Farigiraf, L50, F|\n|poke|p1|Sneasler, L50, F|\n|poke|p1|Tyranitar, L50, M|\n|poke|p1|Excadrill, L50, M|\n|poke|p1|Corviknight, L50, F|\n|poke|p2|Delphox, L50, M|\n|poke|p2|Tyranitar, L50, F|\n|poke|p2|Garchomp, L50, F|\n|poke|p2|Aegislash, L50, F|\n|poke|p2|Meowscarada, L50, F|\n|poke|p2|Rotom-Wash, L50|\n|teampreview|4\nPegassin rejected open team sheets.\n|inactive|Battle timer is ON: inactive players will automatically lose when time's up. (requested by Pegassin)\n|inactive|Poke Unc has 60 seconds left.\n|\n|t:|1776363202\n|teamsize|p1|4\n|teamsize|p2|4\n|start\n|switch|p1a: Sneasler|Sneasler, L50, F|100/100\n|switch|p1b: Tyranitar|Tyranitar, L50, M|100/100\n|switch|p2a: Delphox|Delphox, L50, M|100/100\n|switch|p2b: Garchomp|Garchomp, L50, F|100/100\n|-weather|Sandstorm|[from] ability: Sand Stream|[of] p1b: Tyranitar\n|turn|1\n|inactive|Pegassin has 30 seconds left.\n|\n|t:|1776363230\n|detailschange|p2a: Delphox|Delphox-Mega, L50, M\n|-mega|p2a: Delphox|Delphox|Delphoxite\n|move|p1a: Sneasler|Fake Out|p2b: Garchomp\n|-damage|p2b: Garchomp|85/100\n|move|p2a: Delphox|Psychic|p1a: Sneasler\n|-supereffective|p1a: Sneasler|2\n|-enditem|p1a: Sneasler|Focus Sash\n|-damage|p1a: Sneasler|1/100\n|cant|p2b: Garchomp|flinch\n|move|p1b: Tyranitar|Ice Punch|p2b: Garchomp\n|-supereffective|p2b: Garchomp|2\n|-damage|p2b: Garchomp|0 fnt\n|faint|p2b: Garchomp\n|\n|-weather|Sandstorm|[upkeep]\n|-damage|p1a: Sneasler|0 fnt|[from] Sandstorm\n|-damage|p2a: Delphox|95/100|[from] Sandstorm\n|faint|p1a: Sneasler\n|upkeep\n|\n|t:|1776363250\n|switch|p1a: Excadrill|Excadrill, L50, M|100/100\n|switch|p2b: Rotom|Rotom-Wash, L50|100/100\n|turn|2\n|-activate|p2b: Rotom|item: Quick Claw\n|\n|t:|1776363271\n|switch|p2a: Tyranitar|Tyranitar, L50, F|100/100\n|detailschange|p1b: Tyranitar|Tyranitar-Mega, L50, M\n|-mega|p1b: Tyranitar|Tyranitar|Tyranitarite\n|move|p2b: Rotom|Will-O-Wisp|p1a: Excadrill\n|-status|p1a: Excadrill|brn\n|move|p1a: Excadrill|Rock Slide|p2a: Tyranitar|[spread] p2a,p2b\n|-damage|p2a: Tyranitar|90/100\n|-damage|p2b: Rotom|88/100\n|move|p1b: Tyranitar|Rock Slide|p2b: Rotom|[spread] p2a,p2b\n|-damage|p2a: Tyranitar|64/100\n|-damage|p2b: Rotom|63/100\n|\n|-weather|Sandstorm|[upkeep]\n|-damage|p2b: Rotom|57/100|[from] Sandstorm\n|-damage|p1a: Excadrill|95/100 brn|[from] brn\n|upkeep\n|turn|3\n|inactive|Pegassin has 30 seconds left.\n|inactive|Pegassin has 20 seconds left.\n|\n|t:|1776363308\n|switch|p1a: Corviknight|Corviknight, L50, F|100/100\n|move|p1b: Tyranitar|Protect|p1b: Tyranitar\n|-singleturn|p1b: Tyranitar|Protect\n|move|p2a: Tyranitar|Protect|p2a: Tyranitar\n|-singleturn|p2a: Tyranitar|Protect\n|move|p2b: Rotom|Will-O-Wisp|p1b: Tyranitar\n|-activate|p1b: Tyranitar|move: Protect\n|\n|-weather|Sandstorm|[upkeep]\n|-damage|p2b: Rotom|51/100|[from] Sandstorm\n|upkeep\n|turn|4\n|\n|t:|1776363325\n|switch|p1b: Excadrill|Excadrill, L50, M|95/100 brn\n|move|p2b: Rotom|Volt Switch|p1a: Corviknight\n|-supereffective|p1a: Corviknight|1\n|-damage|p1a: Corviknight|53/100\n|\n|t:|1776363330\n|switch|p2b: Delphox|Delphox-Mega, L50, M|95/100|[from] Volt Switch\n|move|p1a: Corviknight|Tailwind|p1a: Corviknight\n|-sidestart|p1: Poke Unc|move: Tailwind\n|move|p2a: Tyranitar|Knock Off|p1a: Corviknight\n|-crit|p1a: Corviknight\n|-damage|p1a: Corviknight|7/100\n|-enditem|p1a: Corviknight|Leftovers|[from] move: Knock Off|[of] p2a: Tyranitar\n|\n|-weather|Sandstorm|[upkeep]\n|-damage|p2b: Delphox|89/100|[from] Sandstorm\n|-damage|p1b: Excadrill|89/100 brn|[from] brn\n|upkeep\n|turn|5\n|\n|t:|1776363351\n|move|p1b: Excadrill|Rock Slide|p2b: Delphox|[spread] \n|-miss|p1b: Excadrill|p2a: Tyranitar\n|-miss|p1b: Excadrill|p2b: Delphox\n|move|p2b: Delphox|Flamethrower|p1b: Excadrill\n|-supereffective|p1b: Excadrill|1\n|-damage|p1b: Excadrill|0 fnt\n|faint|p1b: Excadrill\n|move|p1a: Corviknight|Body Press|p2a: Tyranitar\n|-supereffective|p2a: Tyranitar|2\n|-enditem|p2a: Tyranitar|Chople Berry|[eat]\n|-enditem|p2a: Tyranitar|Chople Berry|[weaken]\n|-damage|p2a: Tyranitar|25/100\n|move|p2a: Tyranitar|Rock Slide|p1a: Corviknight\n|-damage|p1a: Corviknight|0 fnt\n|faint|p1a: Corviknight\n|\n|-weather|none\n|upkeep\n|\n|t:|1776363364\n|switch|p1b: Tyranitar|Tyranitar-Mega, L50, M|100/100\n|-weather|Sandstorm|[from] ability: Sand Stream|[of] p1b: Tyranitar\n|turn|6\n|\n|t:|1776363389\n|switch|p2b: Rotom|Rotom-Wash, L50|51/100\n|move|p1b: Tyranitar|Rock Slide|p2a: Tyranitar|[spread] p2b\n|-miss|p1b: Tyranitar|p2a: Tyranitar\n|-damage|p2b: Rotom|23/100\n|move|p2a: Tyranitar|Rock Slide|p1b: Tyranitar\n|-damage|p1b: Tyranitar|78/100\n|\n|-weather|Sandstorm|[upkeep]\n|-damage|p2b: Rotom|17/100|[from] Sandstorm\n|upkeep\n|turn|7\n|inactive|Pegassin has 30 seconds left.\n|inactive|Pegassin has 20 seconds left.\n|inactive|Pegassin has 15 seconds left.\n|-activate|p2b: Rotom|item: Quick Claw\n|\n|t:|1776363429\n|move|p2b: Rotom|Hydro Pump|p1b: Tyranitar\n|-supereffective|p1b: Tyranitar|1\n|-damage|p1b: Tyranitar|34/100\n|move|p1b: Tyranitar|Rock Slide|p2a: Tyranitar|[spread] p2a,p2b\n|-damage|p2a: Tyranitar|1/100\n|-damage|p2b: Rotom|0 fnt\n|faint|p2b: Rotom\n|move|p2a: Tyranitar|Rock Slide|p1b: Tyranitar\n|-damage|p1b: Tyranitar|11/100\n|\n|-weather|Sandstorm|[upkeep]\n|-sideend|p1: Poke Unc|move: Tailwind\n|upkeep\n|\n|t:|1776363438\n|switch|p2b: Delphox|Delphox-Mega, L50, M|89/100\n|turn|8\n|c|\u2606Poke Unc|bruh\n|\n|t:|1776363457\n|move|p2b: Delphox|Dazzling Gleam|p1b: Tyranitar\n|-supereffective|p1b: Tyranitar|1\n|-damage|p1b: Tyranitar|0 fnt\n|faint|p1b: Tyranitar\n|\n|win|Pegassin\n|raw|Poke Unc's rating: 1126 &rarr; <strong>1104</strong><br />(-22 for losing)\n|raw|Pegassin's rating: 1173 &rarr; <strong>1195</strong><br />(+22 for winning)\n",
  "uploadtime": 1776363458,
  "views": 19,
  "formatid": "gen9championsvgc2026regma",
  "rating": 1104,
  "private": 0,
  "password": null
}