{
  "id": "gen9championsvgc2026regma-2588157117",
  "format": "[Gen 9 Champions] VGC 2026 Reg M-A",
  "players": [
    "squig chungus",
    "bernard31/reis"
  ],
  "log": "|j|\u2606squig chungus\n|j|\u2606bernard31/reis\n|t:|1776609965\n|gametype|doubles\n|player|p1|squig chungus|bugcatcher-gen4dp|1000\n|player|p2|bernard31/reis|1|1070\n|gen|9\n|tier|[Gen 9 Champions] VGC 2026 Reg M-A\n|rated|\n|rule|Species Clause: Limit one of each Pok\u00e9mon\n|rule|Item Clause: Limit 1 of each item\n|clearpoke\n|poke|p1|Beedrill, L50, M, shiny|\n|poke|p1|Incineroar, L50, F|\n|poke|p1|Bellibolt, L50, M|\n|poke|p1|Aerodactyl, L50, M|\n|poke|p1|Empoleon, L50, F|\n|poke|p1|Mimikyu, L50, F|\n|poke|p2|Floette-Eternal, L50, F|\n|poke|p2|Aerodactyl, L50, F|\n|poke|p2|Incineroar, L50, F|\n|poke|p2|Kingambit, L50, M|\n|poke|p2|Sneasler, L50, F|\n|poke|p2|Sinistcha, L50|\n|teampreview|4\n|inactive|Battle timer is ON: inactive players will automatically lose when time's up. (requested by bernard31/reis)\n|\n|t:|1776609978\n|teamsize|p1|4\n|teamsize|p2|4\n|start\n|switch|p1a: Beedrill|Beedrill, L50, M, shiny|100/100\n|switch|p1b: Aerodactyl|Aerodactyl, L50, M|100/100\n|switch|p2a: Floette|Floette-Eternal, L50, F|100/100\n|switch|p2b: Sneasler|Sneasler, L50, F|100/100\n|-ability|p1b: Aerodactyl|Unnerve\n|turn|1\n|inactive|bernard31/reis has 30 seconds left.\n|\n|t:|1776610004\n|switch|p1b: Incineroar|Incineroar, L50, F|100/100\n|-ability|p1b: Incineroar|Intimidate|boost\n|-unboost|p2a: Floette|atk|1\n|-unboost|p2b: Sneasler|atk|1\n|-enditem|p2b: Sneasler|White Herb\n|-clearnegativeboost|p2b: Sneasler|[silent]\n|switch|p2b: Sinistcha|Sinistcha, L50|100/100\n|detailschange|p2a: Floette|Floette-Mega, L50, F\n|-mega|p2a: Floette|Floette|Floettite\n|-ability|p2a: Floette|Fairy Aura\n|move|p1a: Beedrill|Protect|p1a: Beedrill\n|-singleturn|p1a: Beedrill|Protect\n|move|p2a: Floette|Calm Mind|p2a: Floette\n|-boost|p2a: Floette|spa|1\n|-boost|p2a: Floette|spd|1\n|\n|upkeep\n|turn|2\n|inactive|squig chungus has 30 seconds left.\n|\n|t:|1776610034\n|switch|p2b: Sneasler|Sneasler, L50, F|100/100\n|detailschange|p1a: Beedrill|Beedrill-Mega, L50, M, shiny\n|-mega|p1a: Beedrill|Beedrill|Beedrillite\n|move|p2a: Floette|Protect|p2a: Floette\n|-singleturn|p2a: Floette|Protect\n|move|p1a: Beedrill|Swords Dance|p1a: Beedrill\n|-boost|p1a: Beedrill|atk|2\n|move|p1b: Incineroar|Parting Shot|p2a: Floette\n|-activate|p2a: Floette|move: Protect\n|\n|upkeep\n|turn|3\n|inactive|bernard31/reis has 30 seconds left.\n|\n|t:|1776610062\n|move|p1a: Beedrill|Protect|p1a: Beedrill\n|-singleturn|p1a: Beedrill|Protect\n|move|p2b: Sneasler|Fake Out|p1a: Beedrill\n|-activate|p1a: Beedrill|move: Protect\n|move|p2a: Floette|Moonblast|p1b: Incineroar\n|-damage|p1b: Incineroar|0 fnt\n|faint|p1b: Incineroar\n|\n|upkeep\n|\n|t:|1776610073\n|switch|p1b: Aerodactyl|Aerodactyl, L50, M|100/100\n|-ability|p1b: Aerodactyl|Unnerve\n|turn|4\n|\n|t:|1776610082\n|switch|p2a: Aerodactyl|Aerodactyl, L50, F|100/100\n|-ability|p2a: Aerodactyl|Pressure\n|move|p1a: Beedrill|Poison Jab|p2a: Aerodactyl\n|-resisted|p2a: Aerodactyl|1\n|-damage|p2a: Aerodactyl|7/100\n|move|p1b: Aerodactyl|Tailwind|p1b: Aerodactyl\n|-sidestart|p1: squig chungus|move: Tailwind\n|move|p2b: Sneasler|Dire Claw|p1a: Beedrill\n|-resisted|p1a: Beedrill|1\n|-damage|p1a: Beedrill|47/100\n|-status|p1a: Beedrill|slp\n|\n|upkeep\n|turn|5\n|inactive|squig chungus has 30 seconds left.\n|\n|t:|1776610108\n|switch|p2b: Sinistcha|Sinistcha, L50|100/100\n|-heal|p2a: Aerodactyl|32/100|[from] ability: Hospitality|[of] p2b: Sinistcha\n|cant|p1a: Beedrill|slp\n|move|p1b: Aerodactyl|Rock Slide|p2a: Aerodactyl|[spread] p2a,p2b\n|-supereffective|p2a: Aerodactyl|1\n|-damage|p2a: Aerodactyl|0 fnt\n|-damage|p2b: Sinistcha|82/100\n|faint|p2a: Aerodactyl\n|\n|upkeep\n|\n|t:|1776610113\n|switch|p2a: Sneasler|Sneasler, L50, F|100/100\n|turn|6\n|\n|t:|1776610130\n|cant|p1a: Beedrill|slp\n|move|p1b: Aerodactyl|Rock Slide|p2b: Sinistcha|[spread] p2a,p2b\n|-resisted|p2a: Sneasler|1\n|-damage|p2a: Sneasler|80/100\n|-damage|p2b: Sinistcha|63/100\n|cant|p2a: Sneasler|flinch\n|cant|p2b: Sinistcha|flinch\n|\n|upkeep\n|turn|7\n|\n|t:|1776610147\n|move|p2b: Sinistcha|Rage Powder|p2b: Sinistcha\n|-singleturn|p2b: Sinistcha|move: Rage Powder\n|-curestatus|p1a: Beedrill|slp|[msg]\n|move|p1a: Beedrill|Poison Jab|p2b: Sinistcha\n|-damage|p2b: Sinistcha|0 fnt\n|faint|p2b: Sinistcha\n|move|p1b: Aerodactyl|Dragon Claw|p2a: Sneasler\n|-damage|p2a: Sneasler|37/100\n|move|p2a: Sneasler|Close Combat|p1a: Beedrill\n|-resisted|p1a: Beedrill|2\n|-damage|p1a: Beedrill|3/100\n|-unboost|p2a: Sneasler|def|1\n|-unboost|p2a: Sneasler|spd|1\n|\n|-sideend|p1: squig chungus|move: Tailwind\n|upkeep\n|\n|t:|1776610149\n|switch|p2b: Floette|Floette-Mega, L50, F|100/100\n|-ability|p2b: Floette|Fairy Aura\n|turn|8\n|\n|t:|1776610173\n|move|p1a: Beedrill|Poison Jab|p2b: Floette\n|-supereffective|p2b: Floette|1\n|-damage|p2b: Floette|0 fnt\n|faint|p2b: Floette\n|move|p1b: Aerodactyl|Rock Slide|p2a: Sneasler\n|-resisted|p2a: Sneasler|1\n|-damage|p2a: Sneasler|0 fnt\n|faint|p2a: Sneasler\n|\n|win|squig chungus\n|raw|squig chungus's rating: 1000 &rarr; <strong>1048</strong><br />(+48 for winning)\n|raw|bernard31&#x2f;reis's rating: 1070 &rarr; <strong>1045</strong><br />(-25 for losing)\n|l|\u2606bernard31/reis\n|player|p2|\n",
  "uploadtime": 1776610185,
  "views": 16,
  "formatid": "gen9championsvgc2026regma",
  "rating": 1045,
  "private": 0,
  "password": null
}