{
  "id": "gen9championsvgc2026regma-2582590523",
  "format": "[Gen 9 Champions] VGC 2026 Reg M-A",
  "players": [
    "fffdss",
    "CementTheBlock"
  ],
  "log": "|j|\u2606fffdss\n|j|\u2606CementTheBlock\n|t:|1776101270\n|gametype|doubles\n|player|p1|fffdss|1|1158\n|player|p2|CementTheBlock|101|1095\n|gen|9\n|tier|[Gen 9 Champions] VGC 2026 Reg M-A\n|rated|\n|rule|Species Clause: Limit one of each Pok\u00e9mon\n|rule|Item Clause: Limit 1 of each item\n|clearpoke\n|poke|p1|Slowbro, L50, F|\n|poke|p1|Raichu, L50, F|\n|poke|p1|Sinistcha, L50|\n|poke|p1|Heracross, L50, M|\n|poke|p1|Scizor, L50, F|\n|poke|p1|Arcanine-Hisui, L50, M|\n|poke|p2|Gardevoir, L50, F|\n|poke|p2|Palafin, L50, F|\n|poke|p2|Farigiraf, L50, F|\n|poke|p2|Talonflame, L50, M|\n|poke|p2|Hydreigon, L50, M|\n|poke|p2|Scizor, L50, M|\n|teampreview|4\n|\n|t:|1776101297\n|teamsize|p1|4\n|teamsize|p2|4\n|start\n|switch|p1a: Scizor|Scizor, L50, F|100/100\n|switch|p1b: Raichu|Raichu, L50, F|100/100\n|switch|p2a: Farigiraf|Farigiraf, L50, F|100/100\n|switch|p2b: Palafin|Palafin, L50, F|100/100\n|turn|1\n|\n|t:|1776101328\n|detailschange|p2b: Palafin|Palafin-Hero, L50, F\n|switch|p2b: Hydreigon|Hydreigon, L50, M|100/100\n|move|p1b: Raichu|Volt Switch|p2b: Hydreigon\n|-resisted|p2b: Hydreigon|1\n|-damage|p2b: Hydreigon|86/100\n|\n|t:|1776101336\n|switch|p1b: Slowbro|Slowbro, L50, F|100/100|[from] Volt Switch\n|move|p1a: Scizor|Swords Dance|p1a: Scizor\n|-boost|p1a: Scizor|atk|2\n|move|p2a: Farigiraf|Psychic Terrain|p2a: Farigiraf\n|-fieldstart|move: Psychic Terrain\n|\n|upkeep\n|turn|2\n|\n|t:|1776101367\n|detailschange|p1b: Slowbro|Slowbro-Mega, L50, F\n|-mega|p1b: Slowbro|Slowbro|Slowbronite\n|move|p2b: Hydreigon|Flamethrower|p1a: Scizor\n|-supereffective|p1a: Scizor|2\n|-damage|p1a: Scizor|0 fnt\n|faint|p1a: Scizor\n|move|p2a: Farigiraf|Expanding Force|p1b: Slowbro\n|-resisted|p1b: Slowbro|1\n|-damage|p1b: Slowbro|57/100\n|move|p1b: Slowbro|Calm Mind|p1b: Slowbro\n|-boost|p1b: Slowbro|spa|1\n|-boost|p1b: Slowbro|spd|1\n|\n|upkeep\n|\n|t:|1776101379\n|switch|p1a: Sinistcha|Sinistcha, L50|100/100\n|-heal|p1b: Slowbro|82/100|[from] ability: Hospitality|[of] p1a: Sinistcha\n|turn|3\n|\n|t:|1776101402\n|move|p1a: Sinistcha|Rage Powder|p1a: Sinistcha\n|-singleturn|p1a: Sinistcha|move: Rage Powder\n|move|p2b: Hydreigon|Flamethrower|p1a: Sinistcha\n|-supereffective|p1a: Sinistcha|1\n|-damage|p1a: Sinistcha|45/100\n|-enditem|p1a: Sinistcha|Sitrus Berry|[eat]\n|-heal|p1a: Sinistcha|70/100|[from] item: Sitrus Berry\n|move|p2a: Farigiraf|Foul Play|p1a: Sinistcha\n|-supereffective|p1a: Sinistcha|1\n|-crit|p1a: Sinistcha\n|-damage|p1a: Sinistcha|35/100\n|move|p1b: Slowbro|Calm Mind|p1b: Slowbro\n|-boost|p1b: Slowbro|spa|1\n|-boost|p1b: Slowbro|spd|1\n|\n|upkeep\n|turn|4\n|\n|t:|1776101420\n|switch|p1a: Raichu|Raichu, L50, F|100/100\n|move|p2b: Hydreigon|Flamethrower|p1a: Raichu\n|-damage|p1a: Raichu|63/100\n|move|p2a: Farigiraf|Foul Play|p1b: Slowbro\n|-supereffective|p1b: Slowbro|1\n|-damage|p1b: Slowbro|67/100\n|move|p1b: Slowbro|Calm Mind|p1b: Slowbro\n|-boost|p1b: Slowbro|spa|1\n|-boost|p1b: Slowbro|spd|1\n|\n|upkeep\n|turn|5\n|\n|t:|1776101442\n|move|p2b: Hydreigon|Flamethrower|p1a: Raichu\n|-damage|p1a: Raichu|25/100\n|move|p1a: Raichu|Light Screen|p1a: Raichu\n|-sidestart|p1: fffdss|move: Light Screen\n|move|p2a: Farigiraf|Expanding Force|p1b: Slowbro|[spread] p1a,p1b\n|-resisted|p1b: Slowbro|1\n|-damage|p1a: Raichu|0 fnt\n|-damage|p1b: Slowbro|60/100\n|faint|p1a: Raichu\n|move|p1b: Slowbro|Calm Mind|p1b: Slowbro\n|-boost|p1b: Slowbro|spa|1\n|-boost|p1b: Slowbro|spd|1\n|\n|-fieldend|move: Psychic Terrain\n|upkeep\n|\n|t:|1776101456\n|switch|p1a: Sinistcha|Sinistcha, L50|35/100\n|-heal|p1b: Slowbro|85/100|[from] ability: Hospitality|[of] p1a: Sinistcha\n|turn|6\n|\n|t:|1776101469\n|move|p2b: Hydreigon|Flamethrower|p1a: Sinistcha\n|-supereffective|p1a: Sinistcha|1\n|-damage|p1a: Sinistcha|2/100\n|move|p2a: Farigiraf|Foul Play|p1a: Sinistcha\n|-supereffective|p1a: Sinistcha|1\n|-damage|p1a: Sinistcha|0 fnt\n|faint|p1a: Sinistcha\n|move|p1b: Slowbro|Scald|p2a: Farigiraf\n|-damage|p2a: Farigiraf|0 fnt\n|faint|p2a: Farigiraf\n|\n|upkeep\n|\n|t:|1776101484\n|switch|p2a: Palafin|Palafin-Hero, L50, F|100/100\n|-activate|p2a: Palafin|ability: Zero to Hero\n|turn|7\n|\n|t:|1776101495\n|switch|p2b: Gardevoir|Gardevoir, L50, F|100/100\n|move|p2a: Palafin|Haze|p2a: Palafin\n|-clearallboost\n|move|p1b: Slowbro|Scald|p2b: Gardevoir\n|-damage|p2b: Gardevoir|71/100\n|\n|upkeep\n|turn|8\n|\n|t:|1776101516\n|switch|p2b: Hydreigon|Hydreigon, L50, M|86/100\n|move|p2a: Palafin|Wave Crash|p1b: Slowbro\n|-resisted|p1b: Slowbro|1\n|-damage|p1b: Slowbro|64/100\n|-damage|p2a: Palafin|94/100|[from] Recoil\n|move|p1b: Slowbro|Scald|p2b: Hydreigon\n|-resisted|p2b: Hydreigon|1\n|-damage|p2b: Hydreigon|66/100\n|\n|upkeep\n|turn|9\n|\n|t:|1776101530\n|move|p2b: Hydreigon|Snarl|p1b: Slowbro\n|-supereffective|p1b: Slowbro|1\n|-damage|p1b: Slowbro|30/100\n|-unboost|p1b: Slowbro|spa|1\n|move|p2a: Palafin|Wave Crash|p1b: Slowbro\n|-resisted|p1b: Slowbro|1\n|-damage|p1b: Slowbro|9/100\n|-damage|p2a: Palafin|87/100|[from] Recoil\n|move|p1b: Slowbro|Scald|p2b: Hydreigon\n|-resisted|p2b: Hydreigon|1\n|-damage|p2b: Hydreigon|52/100\n|\n|-sideend|p1: fffdss|move: Light Screen\n|upkeep\n|turn|10\n|-message|fffdss forfeited.\n|\n|win|CementTheBlock\n|raw|fffdss's rating: 1158 &rarr; <strong>1129</strong><br />(-29 for losing)\n|raw|CementTheBlock's rating: 1095 &rarr; <strong>1125</strong><br />(+30 for winning)\n|l|\u2606fffdss\n|player|p1|\n",
  "uploadtime": 1776101580,
  "views": 16,
  "formatid": "gen9championsvgc2026regma",
  "rating": 1125,
  "private": 0,
  "password": null
}