{
  "id": "gen9championsvgc2026regma-2589534394",
  "format": "[Gen 9 Champions] VGC 2026 Reg M-A",
  "players": [
    "telegraphgo",
    "Krisuerte"
  ],
  "log": "|j|\u2606telegraphgo\n|j|\u2606Krisuerte\n|t:|1776731768\n|gametype|doubles\n|player|p1|telegraphgo|1|1478\n|player|p2|Krisuerte|266|1562\n|gen|9\n|tier|[Gen 9 Champions] VGC 2026 Reg M-A\n|rated|\n|rule|Species Clause: Limit one of each Pok\u00e9mon\n|rule|Item Clause: Limit 1 of each item\n|clearpoke\n|poke|p1|Gengar, L50, M|\n|poke|p1|Whimsicott, L50, F|\n|poke|p1|Basculegion, L50, M|\n|poke|p1|Hawlucha, L50, M|\n|poke|p1|Archaludon, L50, M|\n|poke|p1|Politoed, L50, F|\n|poke|p2|Tyranitar, L50, M|\n|poke|p2|Garchomp, L50, F|\n|poke|p2|Excadrill, L50, F|\n|poke|p2|Incineroar, L50, M|\n|poke|p2|Rotom-Wash, L50|\n|poke|p2|Corviknight, L50, F|\n|teampreview|4\n|inactive|Battle timer is ON: inactive players will automatically lose when time's up. (requested by telegraphgo)\n|inactive|telegraphgo has 60 seconds left.\n|inactive|Krisuerte has 60 seconds left.\n|j| greenwoodgatrs\n|inactive|telegraphgo has 30 seconds left.\n|l| greenwoodgatrs\n|inactive|telegraphgo has 20 seconds left.\n|\n|t:|1776731841\n|teamsize|p1|4\n|teamsize|p2|4\n|start\n|switch|p1a: Whimsicott|Whimsicott, L50, F|100/100\n|switch|p1b: Basculegion|Basculegion, L50, M|100/100\n|switch|p2a: Rotom|Rotom-Wash, L50|100/100\n|switch|p2b: Garchomp|Garchomp, L50, F|100/100\n|turn|1\n|inactive|telegraphgo has 30 seconds left.\n|inactive|Krisuerte has 30 seconds left.\n|inactive|telegraphgo has 20 seconds left.\n|inactive|Krisuerte has 20 seconds left.\n|inactive|telegraphgo has 15 seconds left.\n|inactive|telegraphgo has 10 seconds left.\n|inactive|telegraphgo has 5 seconds left.\n|\n|t:|1776731894\n|switch|p1a: Politoed|Politoed, L50, F|100/100\n|-weather|RainDance|[from] ability: Drizzle|[of] p1a: Politoed\n|move|p1b: Basculegion|Wave Crash|p2b: Garchomp\n|-damage|p2b: Garchomp|11/100\n|-damage|p1b: Basculegion|74/100|[from] Recoil\n|move|p2a: Rotom|Discharge|p1b: Basculegion|[spread] p1a,p1b\n|-immune|p2b: Garchomp\n|-supereffective|p1a: Politoed|1\n|-supereffective|p1b: Basculegion|1\n|-damage|p1a: Politoed|57/100\n|-damage|p1b: Basculegion|16/100\n|-status|p1b: Basculegion|par\n|-enditem|p1b: Basculegion|Sitrus Berry|[eat]\n|-heal|p1b: Basculegion|41/100 par|[from] item: Sitrus Berry\n|move|p2b: Garchomp|Earthquake|p1b: Basculegion|[spread] p1a,p1b\n|-immune|p2a: Rotom|[from] ability: Levitate\n|-damage|p1a: Politoed|2/100\n|-damage|p1b: Basculegion|0 fnt\n|faint|p1b: Basculegion\n|\n|-weather|RainDance|[upkeep]\n|-heal|p1a: Politoed|8/100|[from] item: Leftovers\n|upkeep\n|\n|t:|1776731911\n|switch|p1b: Whimsicott|Whimsicott, L50, F|100/100\n|turn|2\n|\n|t:|1776731929\n|move|p1b: Whimsicott|Tailwind|p1b: Whimsicott\n|-sidestart|p1: telegraphgo|move: Tailwind\n|move|p2a: Rotom|Discharge|p1b: Whimsicott|[spread] p1a,p1b\n|-immune|p2b: Garchomp\n|-supereffective|p1a: Politoed|1\n|-resisted|p1b: Whimsicott|1\n|-damage|p1a: Politoed|0 fnt\n|-damage|p1b: Whimsicott|81/100\n|faint|p1a: Politoed\n|move|p2b: Garchomp|Earthquake|p1b: Whimsicott|[spread] p1b\n|-immune|p2a: Rotom|[from] ability: Levitate\n|-resisted|p1b: Whimsicott|1\n|-damage|p1b: Whimsicott|51/100\n|\n|-weather|RainDance|[upkeep]\n|upkeep\n|\n|t:|1776731932\n|switch|p1a: Hawlucha|Hawlucha, L50, M|100/100\n|turn|3\n|inactive|Krisuerte has 30 seconds left.\n|\n|t:|1776731962\n|move|p2b: Garchomp|Protect|p2b: Garchomp\n|-singleturn|p2b: Garchomp|Protect\n|move|p1a: Hawlucha|Close Combat|p2a: Rotom\n|-damage|p2a: Rotom|32/100\n|-unboost|p1a: Hawlucha|def|1\n|-unboost|p1a: Hawlucha|spd|1\n|-enditem|p1a: Hawlucha|White Herb\n|-clearnegativeboost|p1a: Hawlucha|[silent]\n|move|p1b: Whimsicott|Moonblast|p2a: Rotom\n|-damage|p2a: Rotom|0 fnt\n|faint|p2a: Rotom\n|\n|-weather|RainDance|[upkeep]\n|upkeep\n|\n|t:|1776731982\n|switch|p2a: Excadrill|Excadrill, L50, F|100/100\n|turn|4\n|\n|t:|1776731991\n|move|p2a: Excadrill|Protect|p2a: Excadrill\n|-singleturn|p2a: Excadrill|Protect\n|move|p1a: Hawlucha|Close Combat|p2a: Excadrill\n|-activate|p2a: Excadrill|move: Protect\n|move|p1b: Whimsicott|Moonblast|p2b: Garchomp\n|-supereffective|p2b: Garchomp|1\n|-damage|p2b: Garchomp|0 fnt\n|faint|p2b: Garchomp\n|\n|-weather|RainDance|[upkeep]\n|upkeep\n|\n|t:|1776732005\n|switch|p2b: Tyranitar|Tyranitar, L50, M|100/100\n|-weather|Sandstorm|[from] ability: Sand Stream|[of] p2b: Tyranitar\n|turn|5\n|inactive|Krisuerte has 30 seconds left.\n|\n|t:|1776732031\n|detailschange|p2b: Tyranitar|Tyranitar-Mega, L50, M\n|-mega|p2b: Tyranitar|Tyranitar|Tyranitarite\n|move|p1b: Whimsicott|Encore|p2a: Excadrill\n|-start|p2a: Excadrill|Encore\n|move|p2a: Excadrill|Protect||[still]\n|-fail|p2a: Excadrill\n|move|p1a: Hawlucha|Close Combat|p2b: Tyranitar\n|-supereffective|p2b: Tyranitar|2\n|-damage|p2b: Tyranitar|0 fnt\n|-unboost|p1a: Hawlucha|def|1\n|-unboost|p1a: Hawlucha|spd|1\n|faint|p2b: Tyranitar\n|\n|-weather|Sandstorm|[upkeep]\n|-damage|p1a: Hawlucha|95/100|[from] Sandstorm\n|-damage|p1b: Whimsicott|45/100|[from] Sandstorm\n|-sideend|p1: telegraphgo|move: Tailwind\n|upkeep\n|turn|6\n|c|\u2606telegraphgo|gg\n|\n|t:|1776732049\n|move|p2a: Excadrill|Protect|p2a: Excadrill\n|-singleturn|p2a: Excadrill|Protect\n|move|p1a: Hawlucha|Close Combat|p2a: Excadrill\n|-activate|p2a: Excadrill|move: Protect\n|move|p1b: Whimsicott|Moonblast|p2a: Excadrill\n|-activate|p2a: Excadrill|move: Protect\n|\n|-weather|Sandstorm|[upkeep]\n|-damage|p1a: Hawlucha|89/100|[from] Sandstorm\n|-damage|p1b: Whimsicott|39/100|[from] Sandstorm\n|upkeep\n|turn|7\n|\n|t:|1776732062\n|move|p2a: Excadrill|Protect|p2a: Excadrill\n|-singleturn|p2a: Excadrill|Protect\n|move|p1a: Hawlucha|Close Combat|p2a: Excadrill\n|-activate|p2a: Excadrill|move: Protect\n|move|p1b: Whimsicott|Moonblast|p2a: Excadrill\n|-activate|p2a: Excadrill|move: Protect\n|\n|-weather|Sandstorm|[upkeep]\n|-damage|p1a: Hawlucha|83/100|[from] Sandstorm\n|-damage|p1b: Whimsicott|33/100|[from] Sandstorm\n|-end|p2a: Excadrill|Encore\n|upkeep\n|turn|8\n|\n|t:|1776732077\n|move|p1b: Whimsicott|Encore|p2a: Excadrill\n|-start|p2a: Excadrill|Encore\n|move|p2a: Excadrill|Protect||[still]\n|-fail|p2a: Excadrill\n|move|p1a: Hawlucha|Close Combat|p2a: Excadrill\n|-supereffective|p2a: Excadrill|1\n|-enditem|p2a: Excadrill|Focus Sash\n|-damage|p2a: Excadrill|1/100\n|-unboost|p1a: Hawlucha|def|1\n|-unboost|p1a: Hawlucha|spd|1\n|\n|-weather|Sandstorm|[upkeep]\n|-damage|p1a: Hawlucha|77/100|[from] Sandstorm\n|-damage|p1b: Whimsicott|27/100|[from] Sandstorm\n|upkeep\n|turn|9\n|j| greenwoodgatrs\n|l| greenwoodgatrs\n|\n|t:|1776732092\n|move|p2a: Excadrill|Protect|p2a: Excadrill\n|-singleturn|p2a: Excadrill|Protect\n|move|p1b: Whimsicott|Tailwind|p1b: Whimsicott\n|-sidestart|p1: telegraphgo|move: Tailwind\n|move|p1a: Hawlucha|Close Combat|p2a: Excadrill\n|-activate|p2a: Excadrill|move: Protect\n|\n|-weather|none\n|upkeep\n|turn|10\n|\n|t:|1776732103\n|move|p2a: Excadrill|Protect|p2a: Excadrill\n|-singleturn|p2a: Excadrill|Protect\n|move|p1a: Hawlucha|Close Combat|p2a: Excadrill\n|-activate|p2a: Excadrill|move: Protect\n|move|p1b: Whimsicott|Moonblast|p2a: Excadrill\n|-activate|p2a: Excadrill|move: Protect\n|\n|-end|p2a: Excadrill|Encore\n|upkeep\n|turn|11\n|\n|t:|1776732119\n|move|p1a: Hawlucha|Brave Bird|p2a: Excadrill\n|-resisted|p2a: Excadrill|1\n|-crit|p2a: Excadrill\n|-damage|p2a: Excadrill|0 fnt\n|faint|p2a: Excadrill\n|-damage|p1a: Hawlucha|77/100|[from] Recoil\n|\n|win|telegraphgo\n|raw|telegraphgo's rating: 1478 &rarr; <strong>1503</strong><br />(+25 for winning)\n|raw|Krisuerte's rating: 1562 &rarr; <strong>1537</strong><br />(-25 for losing)\n|l|\u2606Krisuerte\n|player|p2|\n|l|\u2606telegraphgo\n|player|p1|\n|j|\u2606telegraphgo\n|player|p1|telegraphgo|1|\n",
  "uploadtime": 1776732237,
  "views": 13,
  "formatid": "gen9championsvgc2026regma",
  "rating": 1503,
  "private": 0,
  "password": null
}