{
  "id": "gen9championsvgc2026regma-2585158188",
  "format": "[Gen 9 Champions] VGC 2026 Reg M-A",
  "players": [
    "Nemporor",
    "Phillip Blevin"
  ],
  "log": "|j|\u2606Nemporor\n|j|\u2606Phillip Blevin\n|t:|1776318987\n|gametype|doubles\n|player|p1|Nemporor|2|1059\n|player|p2|Phillip Blevin|cynthia-masters4|1141\n|gen|9\n|tier|[Gen 9 Champions] VGC 2026 Reg M-A\n|rated|\n|rule|Species Clause: Limit one of each Pok\u00e9mon\n|rule|Item Clause: Limit 1 of each item\n|clearpoke\n|poke|p1|Charizard, L50, F|\n|poke|p1|Sinistcha, L50|\n|poke|p1|Incineroar, L50, F|\n|poke|p1|Victreebel, L50, M|\n|poke|p1|Kingambit, L50, F|\n|poke|p1|Torkoal, L50, M|\n|poke|p2|Ceruledge, L50, F|\n|poke|p2|Corviknight, L50, M|\n|poke|p2|Garchomp, L50, M|\n|poke|p2|Arcanine-Hisui, L50, F|\n|poke|p2|Froslass, L50, F|\n|poke|p2|Rotom-Wash, L50|\n|teampreview|4\n|inactive|Battle timer is ON: inactive players will automatically lose when time's up. (requested by Phillip Blevin)\nPhillip Blevin has agreed to open team sheets.\n|\n|t:|1776319006\n|teamsize|p1|4\n|teamsize|p2|4\n|start\n|switch|p1a: Victreebel|Victreebel, L50, M|100/100\n|switch|p1b: Torkoal|Torkoal, L50, M|100/100\n|switch|p2a: Arcanine|Arcanine-Hisui, L50, F|100/100\n|switch|p2b: Ceruledge|Ceruledge, L50, F|100/100\n|-ability|p2a: Arcanine|Intimidate|boost\n|-unboost|p1a: Victreebel|atk|1\n|-unboost|p1b: Torkoal|atk|1\n|-weather|SunnyDay|[from] ability: Drought|[of] p1b: Torkoal\n|turn|1\n|inactive|Nemporor has 30 seconds left.\n|\n|t:|1776319032\n|detailschange|p1a: Victreebel|Victreebel-Mega, L50, M\n|-mega|p1a: Victreebel|Victreebel|Victreebelite\n|move|p2a: Arcanine|Rock Slide|p1a: Victreebel|[spread] p1a,p1b\n|-supereffective|p1b: Torkoal|1\n|-damage|p1a: Victreebel|68/100\n|-damage|p1b: Torkoal|59/100\n|move|p2b: Ceruledge|Bitter Blade|p1a: Victreebel\n|-supereffective|p1a: Victreebel|1\n|-damage|p1a: Victreebel|0 fnt\n|-damage|p2b: Ceruledge|18/100|[from] ability: Innards Out|[of] p1a: Victreebel\n|faint|p1a: Victreebel\n|cant|p1b: Torkoal|flinch\n|\n|-weather|SunnyDay|[upkeep]\n|-heal|p1b: Torkoal|65/100|[from] item: Leftovers\n|upkeep\n|\n|t:|1776319047\n|switch|p1a: Incineroar|Incineroar, L50, F|100/100\n|-ability|p1a: Incineroar|Intimidate|boost\n|-unboost|p2a: Arcanine|atk|1\n|-unboost|p2b: Ceruledge|atk|1\n|-enditem|p2a: Arcanine|White Herb\n|-clearnegativeboost|p2a: Arcanine|[silent]\n|turn|2\n|\n|t:|1776319059\n|switch|p2a: Garchomp|Garchomp, L50, M|100/100\n|move|p1b: Torkoal|Protect|p1b: Torkoal\n|-singleturn|p1b: Torkoal|Protect\n|move|p1a: Incineroar|Fake Out|p2a: Garchomp\n|-damage|p2a: Garchomp|87/100\n|-damage|p1a: Incineroar|88/100|[from] ability: Rough Skin|[of] p2a: Garchomp\n|move|p2b: Ceruledge|Poltergeist|p1b: Torkoal\n|-activate|p1b: Torkoal|move: Protect\n|\n|-weather|SunnyDay|[upkeep]\n|-heal|p1b: Torkoal|71/100|[from] item: Leftovers\n|upkeep\n|turn|3\n|\n|t:|1776319076\n|switch|p1b: Charizard|Charizard, L50, F|100/100\n|move|p2b: Ceruledge|Protect|p2b: Ceruledge\n|-singleturn|p2b: Ceruledge|Protect\n|move|p2a: Garchomp|Earthquake|p1b: Charizard|[spread] p1a\n|-activate|p2b: Ceruledge|move: Protect\n|-immune|p1b: Charizard\n|-supereffective|p1a: Incineroar|1\n|-damage|p1a: Incineroar|0 fnt\n|faint|p1a: Incineroar\n|\n|-weather|SunnyDay|[upkeep]\n|-damage|p1b: Charizard|88/100|[from] ability: Solar Power|[of] p1b: Charizard\n|upkeep\n|\n|t:|1776319088\n|switch|p1a: Torkoal|Torkoal, L50, M|71/100\n|turn|4\n|\n|t:|1776319096\n|move|p2b: Ceruledge|Shadow Sneak|p1b: Charizard\n|-damage|p1b: Charizard|67/100\n|move|p2a: Garchomp|Rock Slide|p1b: Charizard|[spread] p1a,p1b\n|-supereffective|p1a: Torkoal|1\n|-supereffective|p1b: Charizard|2\n|-damage|p1a: Torkoal|39/100\n|-damage|p1b: Charizard|0 fnt\n|faint|p1b: Charizard\n|move|p1a: Torkoal|Eruption|p2a: Garchomp|[spread] p2a\n|-start|p2b: Ceruledge|ability: Flash Fire\n|-resisted|p2a: Garchomp|1\n|-damage|p2a: Garchomp|72/100\n|\n|-weather|SunnyDay|[upkeep]\n|-heal|p1a: Torkoal|46/100|[from] item: Leftovers\n|upkeep\n|turn|5\n|c|\u2606Phillip Blevin|gg\n|c|\u2606Nemporor|gg\n|inactive|Nemporor has 30 seconds left.\n|\n|t:|1776319125\n|move|p2a: Garchomp|Protect|p2a: Garchomp\n|-singleturn|p2a: Garchomp|Protect\n|move|p2b: Ceruledge|Poltergeist|p1a: Torkoal\n|-activate|p1a: Torkoal|move: Poltergeist|Leftovers\n|-damage|p1a: Torkoal|17/100\n|move|p1a: Torkoal|Overheat|p2b: Ceruledge\n|-immune|p2b: Ceruledge|[from] ability: Flash Fire\n|\n|-weather|none\n|-heal|p1a: Torkoal|23/100|[from] item: Leftovers\n|upkeep\n|turn|6\n|\n|t:|1776319137\n|move|p1a: Torkoal|Protect|p1a: Torkoal\n|-singleturn|p1a: Torkoal|Protect\n|move|p2b: Ceruledge|Shadow Sneak|p1a: Torkoal\n|-activate|p1a: Torkoal|move: Protect\n|move|p2a: Garchomp|Earthquake|p1a: Torkoal|[spread] p2b\n|-activate|p1a: Torkoal|move: Protect\n|-supereffective|p2b: Ceruledge|1\n|-damage|p2b: Ceruledge|0 fnt\n|faint|p2b: Ceruledge\n|\n|-heal|p1a: Torkoal|29/100|[from] item: Leftovers\n|upkeep\n|\n|t:|1776319140\n|switch|p2b: Froslass|Froslass, L50, F|100/100\n|turn|7\n|\n|t:|1776319163\n|detailschange|p2b: Froslass|Froslass-Mega, L50, F\n|-mega|p2b: Froslass|Froslass|Froslassite\n|-weather|Snowscape|[from] ability: Snow Warning|[of] p2b: Froslass\n|move|p2b: Froslass|Blizzard|p1a: Torkoal\n|-resisted|p1a: Torkoal|1\n|-damage|p1a: Torkoal|0 fnt\n|faint|p1a: Torkoal\n|\n|win|Phillip Blevin\n|raw|Nemporor's rating: 1059 &rarr; <strong>1045</strong><br />(-14 for losing)\n|raw|Phillip Blevin's rating: 1141 &rarr; <strong>1160</strong><br />(+19 for winning)\n",
  "uploadtime": 1776319163,
  "views": 18,
  "formatid": "gen9championsvgc2026regma",
  "rating": 1045,
  "private": 0,
  "password": null
}