{
  "id": "gen9championsvgc2026regma-2588583726",
  "format": "[Gen 9 Champions] VGC 2026 Reg M-A",
  "players": [
    "adalove",
    "ricky2148"
  ],
  "log": "|j|\u2606adalove\n|j|\u2606ricky2148\n|t:|1776647311\n|gametype|doubles\n|player|p1|adalove|dragontamer|1104\n|player|p2|ricky2148|101|1010\n|gen|9\n|tier|[Gen 9 Champions] VGC 2026 Reg M-A\n|rated|\n|rule|Species Clause: Limit one of each Pok\u00e9mon\n|rule|Item Clause: Limit 1 of each item\n|clearpoke\n|poke|p1|Tyranitar, L50, M|\n|poke|p1|Excadrill, L50, M|\n|poke|p1|Corviknight, L50, F|\n|poke|p1|Milotic, L50, M|\n|poke|p1|Farigiraf, L50, F|\n|poke|p1|Floette-Eternal, L50, F|\n|poke|p2|Gengar, L50, F|\n|poke|p2|Incineroar, L50, F|\n|poke|p2|Sinistcha-Masterpiece, L50|\n|poke|p2|Sableye, L50, F|\n|poke|p2|Sneasler, L50, M|\n|poke|p2|Rotom-Wash, L50|\n|teampreview|4\n|inactive|Battle timer is ON: inactive players will automatically lose when time's up. (requested by adalove)\nadalove rejected open team sheets.\n|\n|t:|1776647332\n|teamsize|p1|4\n|teamsize|p2|4\n|start\n|switch|p1a: Corviknight|Corviknight, L50, F|100/100\n|switch|p1b: Milotic|Milotic, L50, M|100/100\n|switch|p2a: Gengar|Gengar, L50, F|100/100\n|switch|p2b: Sableye|Sableye, L50, F|100/100\n|turn|1\n|\n|t:|1776647352\n|detailschange|p2a: Gengar|Gengar-Mega, L50, F\n|-mega|p2a: Gengar|Gengar|Gengarite\n|move|p2b: Sableye|Taunt|p1a: Corviknight\n|-start|p1a: Corviknight|move: Taunt\n|move|p2a: Gengar|Perish Song|p2a: Gengar\n|-start|p1a: Corviknight|perish3|[silent]\n|-start|p1b: Milotic|perish3|[silent]\n|-start|p2a: Gengar|perish3|[silent]\n|-start|p2b: Sableye|perish3|[silent]\n|-fieldactivate|move: Perish Song\n|move|p1b: Milotic|Scald|p2a: Gengar\n|-crit|p2a: Gengar\n|-damage|p2a: Gengar|38/100\n|cant|p1a: Corviknight|move: Taunt|Bulk Up\n|\n|-start|p2a: Gengar|perish3\n|-start|p1b: Milotic|perish3\n|-start|p1a: Corviknight|perish3\n|-start|p2b: Sableye|perish3\n|upkeep\n|turn|2\n|\n|t:|1776647374\n|move|p2b: Sableye|Encore||[still]\n|-fail|p2b: Sableye\n|move|p2a: Gengar|Disable|p1b: Milotic\n|-start|p1b: Milotic|Disable|Scald\n|cant|p1b: Milotic|Disable|Scald\n|move|p1a: Corviknight|Brave Bird|p2b: Sableye\n|-damage|p2b: Sableye|45/100\n|-damage|p1a: Corviknight|86/100|[from] Recoil\n|\n|-start|p2a: Gengar|perish2\n|-start|p1b: Milotic|perish2\n|-start|p1a: Corviknight|perish2\n|-start|p2b: Sableye|perish2\n|upkeep\n|turn|3\n|inactive|ricky2148 has 30 seconds left.\n|\n|t:|1776647402\n|move|p2a: Gengar|Protect|p2a: Gengar\n|-singleturn|p2a: Gengar|Protect\n|move|p2b: Sableye|Encore|p1b: Milotic\n|-start|p1b: Milotic|Encore\n|cant|p1b: Milotic|Disable|Scald\n|move|p1a: Corviknight|Brave Bird|p2a: Gengar\n|-activate|p2a: Gengar|move: Protect\n|\n|-end|p1a: Corviknight|move: Taunt\n|-start|p2a: Gengar|perish1\n|-start|p1b: Milotic|perish1\n|-start|p1a: Corviknight|perish1\n|-start|p2b: Sableye|perish1\n|upkeep\n|turn|4\n|inactive|ricky2148 has 30 seconds left.\n|\n|t:|1776647433\n|switch|p2b: Sinistcha|Sinistcha-Masterpiece, L50|100/100\n|-heal|p2a: Gengar|63/100|[from] ability: Hospitality|[of] p2b: Sinistcha\n|move|p2a: Gengar|Disable|p1a: Corviknight\n|-start|p1a: Corviknight|Disable|Brave Bird\n|-activate|p1b: Milotic|move: Struggle\n|move|p1b: Milotic|Struggle|p2a: Gengar\n|-damage|p2a: Gengar|51/100\n|-damage|p1b: Milotic|76/100|[from] recoil\n|cant|p1a: Corviknight|Disable|Brave Bird\n|\n|-heal|p1b: Milotic|82/100|[from] item: Leftovers\n|-start|p2a: Gengar|perish0\n|-start|p1b: Milotic|perish0\n|-start|p1a: Corviknight|perish0\n|upkeep\n|faint|p2a: Gengar\n|faint|p1b: Milotic\n|faint|p1a: Corviknight\n|\n|t:|1776647451\n|switch|p2a: Sableye|Sableye, L50, F|45/100\n|switch|p1b: Excadrill|Excadrill, L50, M|100/100\n|switch|p1a: Tyranitar|Tyranitar, L50, M|100/100\n|-weather|Sandstorm|[from] ability: Sand Stream|[of] p1a: Tyranitar\n|turn|5\n|\n|t:|1776647469\n|detailschange|p1a: Tyranitar|Tyranitar-Mega, L50, M\n|-mega|p1a: Tyranitar|Tyranitar|Tyranitarite\n|move|p2a: Sableye|Protect|p2a: Sableye\n|-singleturn|p2a: Sableye|Protect\n|move|p1b: Excadrill|Rock Slide|p2a: Sableye|[spread] p2b\n|-activate|p2a: Sableye|move: Protect\n|-damage|p2b: Sinistcha|83/100\n|move|p1a: Tyranitar|Rock Slide|p2a: Sableye|[spread] p2b\n|-activate|p2a: Sableye|move: Protect\n|-damage|p2b: Sinistcha|56/100\n|move|p2b: Sinistcha|Matcha Gotcha|p1b: Excadrill|[spread] p1a,p1b\n|-supereffective|p1a: Tyranitar|1\n|-damage|p1a: Tyranitar|77/100\n|-heal|p2b: Sinistcha|70/100|[from] drain|[of] p1a: Tyranitar\n|-damage|p1b: Excadrill|68/100\n|-heal|p2b: Sinistcha|87/100|[from] drain|[of] p1b: Excadrill\n|\n|-weather|Sandstorm|[upkeep]\n|-damage|p2b: Sinistcha|81/100|[from] Sandstorm\n|-damage|p2a: Sableye|39/100|[from] Sandstorm\n|-heal|p2b: Sinistcha|87/100|[from] item: Leftovers\n|upkeep\n|turn|6\n|inactive|ricky2148 has 30 seconds left.\n|\n|t:|1776647500\n|move|p2a: Sableye|Disable|p1b: Excadrill\n|-start|p1b: Excadrill|Disable|Rock Slide\n|cant|p1b: Excadrill|Disable|Rock Slide\n|move|p1a: Tyranitar|Rock Slide|p2a: Sableye|[spread] p2a,p2b\n|-crit|p2a: Sableye\n|-damage|p2a: Sableye|0 fnt\n|-damage|p2b: Sinistcha|59/100\n|faint|p2a: Sableye\n|move|p2b: Sinistcha|Matcha Gotcha|p1b: Excadrill|[spread] p1a,p1b\n|-supereffective|p1a: Tyranitar|1\n|-damage|p1a: Tyranitar|53/100\n|-heal|p2b: Sinistcha|73/100|[from] drain|[of] p1a: Tyranitar\n|-damage|p1b: Excadrill|33/100\n|-heal|p2b: Sinistcha|91/100|[from] drain|[of] p1b: Excadrill\n|\n|-weather|Sandstorm|[upkeep]\n|-damage|p2b: Sinistcha|85/100|[from] Sandstorm\n|-heal|p2b: Sinistcha|91/100|[from] item: Leftovers\n|upkeep\n|\n|t:|1776647515\n|switch|p2a: Sneasler|Sneasler, L50, M|100/100\n|turn|7\n|\n|t:|1776647539\n|move|p2a: Sneasler|Protect|p2a: Sneasler\n|-singleturn|p2a: Sneasler|Protect\n|move|p2b: Sinistcha|Protect|p2b: Sinistcha\n|-singleturn|p2b: Sinistcha|Protect\n|move|p1b: Excadrill|High Horsepower|p2a: Sneasler\n|-activate|p2a: Sneasler|move: Protect\n|move|p1a: Tyranitar|Dragon Dance|p1a: Tyranitar\n|-boost|p1a: Tyranitar|atk|1\n|-boost|p1a: Tyranitar|spe|1\n|\n|-weather|Sandstorm|[upkeep]\n|-damage|p2a: Sneasler|95/100|[from] Sandstorm\n|-damage|p2b: Sinistcha|85/100|[from] Sandstorm\n|-heal|p2b: Sinistcha|91/100|[from] item: Leftovers\n|upkeep\n|turn|8\n|\n|t:|1776647555\n|move|p2b: Sinistcha|Rage Powder|p2b: Sinistcha\n|-singleturn|p2b: Sinistcha|move: Rage Powder\n|move|p1b: Excadrill|High Horsepower|p2b: Sinistcha\n|-resisted|p2b: Sinistcha|1\n|-damage|p2b: Sinistcha|72/100\n|move|p2a: Sneasler|Close Combat|p1a: Tyranitar\n|-supereffective|p1a: Tyranitar|2\n|-damage|p1a: Tyranitar|0 fnt\n|-unboost|p2a: Sneasler|def|1\n|-unboost|p2a: Sneasler|spd|1\n|faint|p1a: Tyranitar\n|-enditem|p2a: Sneasler|White Herb\n|-clearnegativeboost|p2a: Sneasler|[silent]\n|\n|-weather|Sandstorm|[upkeep]\n|-damage|p2a: Sneasler|89/100|[from] Sandstorm\n|-damage|p2b: Sinistcha|66/100|[from] Sandstorm\n|-heal|p2b: Sinistcha|72/100|[from] item: Leftovers\n|upkeep\n|turn|9\n|inactive|ricky2148 has 30 seconds left.\n|\n|t:|1776647581\n|move|p2b: Sinistcha|Rage Powder|p2b: Sinistcha\n|-singleturn|p2b: Sinistcha|move: Rage Powder\n|move|p2a: Sneasler|Close Combat|p1b: Excadrill\n|-supereffective|p1b: Excadrill|1\n|-damage|p1b: Excadrill|0 fnt\n|-unboost|p2a: Sneasler|def|1\n|-unboost|p2a: Sneasler|spd|1\n|faint|p1b: Excadrill\n|\n|win|ricky2148\n|raw|adalove's rating: 1104 &rarr; <strong>1072</strong><br />(-32 for losing)\n|raw|ricky2148's rating: 1010 &rarr; <strong>1059</strong><br />(+49 for winning)\n",
  "uploadtime": 1776647582,
  "views": 6,
  "formatid": "gen9championsvgc2026regma",
  "rating": 1059,
  "private": 0,
  "password": null
}