{
  "id": "gen9championsvgc2026regma-2581158849",
  "format": "[Gen 9 Champions] VGC 2026 Reg M-A",
  "players": [
    "ewreete",
    "ViskuHere"
  ],
  "log": "|j|\u2606ewreete\n|j|\u2606ViskuHere\n|t:|1775965579\n|gametype|doubles\n|player|p1|ewreete|101|1104\n|player|p2|ViskuHere|n|1160\n|gen|9\n|tier|[Gen 9 Champions] VGC 2026 Reg M-A\n|rated|\n|rule|Species Clause: Limit one of each Pok\u00e9mon\n|rule|Item Clause: Limit 1 of each item\n|clearpoke\n|poke|p1|Floette-Eternal, L50, F|\n|poke|p1|Aerodactyl, L50, F|\n|poke|p1|Incineroar, L50, F|\n|poke|p1|Garchomp, L50, F|\n|poke|p1|Charizard, L50, F|\n|poke|p1|Venusaur, L50, F|\n|poke|p2|Drampa, L50, M|\n|poke|p2|Hatterene, L50, F|\n|poke|p2|Golurk, L50|\n|poke|p2|Farigiraf, L50, F|\n|poke|p2|Incineroar, L50, M|\n|poke|p2|Crabominable, L50, F|\n|teampreview|4\n|inactive|Battle timer is ON: inactive players will automatically lose when time's up. (requested by ewreete)\n|inactive|ViskuHere has 60 seconds left.\n|\n|t:|1775965625\n|teamsize|p1|4\n|teamsize|p2|4\n|start\n|switch|p1a: Aerodactyl|Aerodactyl, L50, F|100/100\n|switch|p1b: Incineroar|Incineroar, L50, F|100/100\n|switch|p2a: Incineroar|Incineroar, L50, M, shiny|100/100\n|switch|p2b: Hatterene|Hatterene, L50, F, shiny|100/100\n|-ability|p1a: Aerodactyl|Unnerve\n|-ability|p1b: Incineroar|Intimidate|boost\n|-unboost|p2a: Incineroar|atk|1\n|-unboost|p2b: Hatterene|atk|1\n|-ability|p2a: Incineroar|Intimidate|boost\n|-unboost|p1a: Aerodactyl|atk|1\n|-unboost|p1b: Incineroar|atk|1\n|turn|1\n|inactive|ewreete has 30 seconds left.\n|\n|t:|1775965654\n|move|p1b: Incineroar|Fake Out|p2a: Incineroar\n|-damage|p2a: Incineroar|93/100\n|cant|p2a: Incineroar|flinch\n|move|p1a: Aerodactyl|Tailwind|p1a: Aerodactyl\n|-sidestart|p1: ewreete|move: Tailwind\n|move|p2b: Hatterene|Trick Room|p2b: Hatterene\n|-fieldstart|move: Trick Room|[of] p2b: Hatterene\n|\n|upkeep\n|turn|2\n|\n|t:|1775965675\n|switch|p2b: Golurk|Golurk, L50, shiny|100/100\n|move|p2a: Incineroar|Parting Shot|p1a: Aerodactyl\n|-unboost|p1a: Aerodactyl|atk|1\n|-unboost|p1a: Aerodactyl|spa|1\n|\n|t:|1775965686\n|switch|p2a: Hatterene|Hatterene, L50, F, shiny|100/100|[from] Parting Shot\n|move|p1b: Incineroar|Flare Blitz|p2b: Golurk\n|-damage|p2b: Golurk|59/100\n|-damage|p1b: Incineroar|89/100|[from] Recoil\n|move|p1a: Aerodactyl|Rock Slide|p2b: Golurk|[spread] p2a,p2b\n|-resisted|p2b: Golurk|1\n|-damage|p2a: Hatterene|86/100\n|-damage|p2b: Golurk|50/100\n|\n|-heal|p2a: Hatterene|92/100|[from] item: Leftovers\n|upkeep\n|turn|3\n|inactive|ewreete has 30 seconds left.\n|\n|t:|1775965716\n|detailschange|p2b: Golurk|Golurk-Mega, L50, shiny\n|-mega|p2b: Golurk|Golurk|Golurkite\n|move|p1a: Aerodactyl|Protect|p1a: Aerodactyl\n|-singleturn|p1a: Aerodactyl|Protect\n|move|p2a: Hatterene|Dazzling Gleam|p1b: Incineroar|[spread] p1b\n|-activate|p1a: Aerodactyl|move: Protect\n|-damage|p1b: Incineroar|57/100\n|move|p2b: Golurk|Rock Slide|p1b: Incineroar|[spread] \n|-activate|p1a: Aerodactyl|move: Protect\n|-miss|p2b: Golurk|p1b: Incineroar\n|move|p1b: Incineroar|Throat Chop|p2b: Golurk\n|-supereffective|p2b: Golurk|1\n|-damage|p2b: Golurk|4/100\n|-start|p2b: Golurk|Throat Chop|[silent]\n|\n|-heal|p2a: Hatterene|98/100|[from] item: Leftovers\n|upkeep\n|turn|4\n|inactive|ViskuHere has 30 seconds left.\n|inactive|ViskuHere has 20 seconds left.\n|\n|t:|1775965754\n|move|p2b: Golurk|Protect|p2b: Golurk\n|-singleturn|p2b: Golurk|Protect\n|move|p2a: Hatterene|Dazzling Gleam|p1b: Incineroar|[spread] p1a,p1b\n|-damage|p1a: Aerodactyl|52/100\n|-damage|p1b: Incineroar|25/100\n|-enditem|p1b: Incineroar|Sitrus Berry|[eat]\n|-heal|p1b: Incineroar|50/100|[from] item: Sitrus Berry\n|move|p1b: Incineroar|Parting Shot|p2a: Hatterene\n|move|p2a: Hatterene|Parting Shot|p1b: Incineroar|[from] ability: Magic Bounce\n|-unboost|p1b: Incineroar|atk|1\n|-unboost|p1b: Incineroar|spa|1\n|\n|t:|1775965775\n|switch|p2a: Incineroar|Incineroar, L50, M, shiny|93/100|[from] Parting Shot\n|-ability|p2a: Incineroar|Intimidate|boost\n|-unboost|p1a: Aerodactyl|atk|1\n|-unboost|p1b: Incineroar|atk|1\n|move|p1a: Aerodactyl|Rock Slide|p2b: Golurk|[spread] p2a\n|-activate|p2b: Golurk|move: Protect\n|-supereffective|p2a: Incineroar|1\n|-damage|p2a: Incineroar|76/100\n|\n|-end|p2b: Golurk|Throat Chop|[silent]\n|-sideend|p1: ewreete|move: Tailwind\n|upkeep\n|turn|5\n|inactive|ewreete has 30 seconds left.\n|\n|t:|1775965804\n|switch|p1b: Venusaur|Venusaur, L50, F|100/100\n|move|p2a: Incineroar|Fake Out|p1a: Aerodactyl\n|-resisted|p1a: Aerodactyl|1\n|-damage|p1a: Aerodactyl|44/100\n|move|p2b: Golurk|Rock Slide|p1a: Aerodactyl|[spread] p1a,p1b\n|-supereffective|p1a: Aerodactyl|1\n|-damage|p1a: Aerodactyl|0 fnt\n|-damage|p1b: Venusaur|65/100\n|faint|p1a: Aerodactyl\n|\n|-fieldend|move: Trick Room\n|upkeep\n|\n|t:|1775965814\n|switch|p1a: Incineroar|Incineroar, L50, F|50/100\n|-ability|p1a: Incineroar|Intimidate|boost\n|-unboost|p2a: Incineroar|atk|1\n|-unboost|p2b: Golurk|atk|1\n|turn|6\n|\n|t:|1775965837\n|move|p2b: Golurk|Protect|p2b: Golurk\n|-singleturn|p2b: Golurk|Protect\n|move|p1a: Incineroar|Fake Out|p2a: Incineroar\n|-damage|p2a: Incineroar|66/100\n|move|p1b: Venusaur|Leaf Storm|p2b: Golurk\n|-activate|p2b: Golurk|move: Protect\n|cant|p2a: Incineroar|flinch\n|\n|upkeep\n|turn|7\n|\n|t:|1775965853\n|switch|p1b: Charizard|Charizard, L50, F|100/100\n|move|p1a: Incineroar|Throat Chop|p2b: Golurk\n|-supereffective|p2b: Golurk|1\n|-damage|p2b: Golurk|0 fnt\n|faint|p2b: Golurk\n|move|p2a: Incineroar|Flare Blitz|p1b: Charizard\n|-resisted|p1b: Charizard|1\n|-damage|p1b: Charizard|82/100\n|-damage|p2a: Incineroar|60/100|[from] Recoil\n|\n|upkeep\n|\n|t:|1775965869\n|switch|p2b: Drampa|Drampa, L50, M, shiny|100/100\n|-ability|p2b: Drampa|Cloud Nine\n|turn|8\n|\n|t:|1775965893\n|detailschange|p1b: Charizard|Charizard-Mega-Y, L50, F\n|-mega|p1b: Charizard|Charizard|Charizardite Y\n|-weather|SunnyDay|[from] ability: Drought|[of] p1b: Charizard\n|move|p1b: Charizard|Heat Wave|p2b: Drampa|[spread] p2a,p2b\n|-resisted|p2a: Incineroar|1\n|-resisted|p2b: Drampa|1\n|-damage|p2a: Incineroar|39/100\n|-damage|p2b: Drampa|76/100\n|-enditem|p2a: Incineroar|Sitrus Berry|[eat]\n|-heal|p2a: Incineroar|64/100|[from] item: Sitrus Berry\n|move|p1a: Incineroar|Parting Shot|p2b: Drampa\n|-unboost|p2b: Drampa|atk|1\n|-unboost|p2b: Drampa|spa|1\n|\n|t:|1775965903\n|switch|p1a: Venusaur|Venusaur, L50, F|65/100|[from] Parting Shot\n|move|p2a: Incineroar|Parting Shot|p1b: Charizard\n|-unboost|p1b: Charizard|atk|1\n|-unboost|p1b: Charizard|spa|1\n|\n|t:|1775965916\n|switch|p2a: Hatterene|Hatterene, L50, F, shiny|98/100|[from] Parting Shot\n|move|p2b: Drampa|Rock Slide|p1a: Venusaur|[spread] p1a,p1b\n|-supereffective|p1b: Charizard|2\n|-damage|p1a: Venusaur|58/100\n|-damage|p1b: Charizard|50/100\n|\n|-weather|SunnyDay|[upkeep]\n|-heal|p2a: Hatterene|100/100|[from] item: Leftovers\n|upkeep\n|turn|9\n|inactive|ewreete has 30 seconds left.\n|\n|t:|1775965949\n|move|p2b: Drampa|Protect|p2b: Drampa\n|-singleturn|p2b: Drampa|Protect\n|move|p1b: Charizard|Heat Wave|p2b: Drampa|[spread] p2a\n|-activate|p2b: Drampa|move: Protect\n|-damage|p2a: Hatterene|68/100\n|move|p1a: Venusaur|Sludge Bomb|p2a: Hatterene\n|-supereffective|p2a: Hatterene|1\n|-damage|p2a: Hatterene|0 fnt\n|faint|p2a: Hatterene\n|\n|-weather|SunnyDay|[upkeep]\n|upkeep\n|j| pasaelsol\n|\n|t:|1775965964\n|switch|p2a: Incineroar|Incineroar, L50, M, shiny|64/100\n|-ability|p2a: Incineroar|Intimidate|boost\n|-unboost|p1a: Venusaur|atk|1\n|-unboost|p1b: Charizard|atk|1\n|turn|10\n|\n|t:|1775965980\n|move|p2a: Incineroar|Fake Out|p1a: Venusaur\n|-damage|p1a: Venusaur|43/100\n|move|p1b: Charizard|Heat Wave|p2b: Drampa|[spread] p2a,p2b\n|-resisted|p2a: Incineroar|1\n|-resisted|p2b: Drampa|1\n|-damage|p2a: Incineroar|50/100\n|-damage|p2b: Drampa|60/100\n|cant|p1a: Venusaur|flinch\n|move|p2b: Drampa|Hyper Voice|p1b: Charizard|[spread] p1a,p1b\n|-damage|p1a: Venusaur|12/100\n|-damage|p1b: Charizard|23/100\n|\n|-weather|SunnyDay|[upkeep]\n|upkeep\n|turn|11\n|inactive|ViskuHere has 30 seconds left.\n|inactive|ViskuHere has 20 seconds left.\n|\n|t:|1775966016\n|switch|p1a: Incineroar|Incineroar, L50, F|50/100\n|-ability|p1a: Incineroar|Intimidate|boost\n|-unboost|p2a: Incineroar|atk|1\n|-unboost|p2b: Drampa|atk|1\n|move|p1b: Charizard|Heat Wave|p2b: Drampa|[spread] p2a,p2b\n|-resisted|p2a: Incineroar|1\n|-resisted|p2b: Drampa|1\n|-crit|p2b: Drampa\n|-damage|p2a: Incineroar|36/100\n|-damage|p2b: Drampa|27/100\n|move|p2a: Incineroar|Parting Shot|p1a: Incineroar\n|-unboost|p1a: Incineroar|atk|1\n|-unboost|p1a: Incineroar|spa|1\n|move|p2b: Drampa|Hyper Voice|p1b: Charizard|[spread] p1a,p1b\n|-damage|p1a: Incineroar|24/100\n|-damage|p1b: Charizard|0 fnt\n|faint|p1b: Charizard\n|\n|-weather|SunnyDay|[upkeep]\n|upkeep\n|\n|t:|1775966031\n|switch|p1b: Venusaur|Venusaur, L50, F|12/100\n|turn|12\n|\n|t:|1775966053\n|move|p1a: Incineroar|Fake Out|p2b: Drampa\n|-damage|p2b: Drampa|18/100\n|move|p1b: Venusaur|Earth Power|p2a: Incineroar\n|-supereffective|p2a: Incineroar|1\n|-damage|p2a: Incineroar|0 fnt\n|faint|p2a: Incineroar\n|cant|p2b: Drampa|flinch\n|\n|-weather|none\n|upkeep\n|turn|13\n|\n|t:|1775966075\n|move|p1b: Venusaur|Sludge Bomb|p2b: Drampa\n|-damage|p2b: Drampa|0 fnt\n|faint|p2b: Drampa\n|\n|win|ewreete\n|raw|ewreete's rating: 1104 &rarr; <strong>1133</strong><br />(+29 for winning)\n|raw|ViskuHere's rating: 1160 &rarr; <strong>1131</strong><br />(-29 for losing)\n",
  "uploadtime": 1775966081,
  "views": 22,
  "formatid": "gen9championsvgc2026regma",
  "rating": 1131,
  "private": 0,
  "password": null
}