{
  "id": "gen9championsvgc2026regma-2588604639",
  "format": "[Gen 9 Champions] VGC 2026 Reg M-A",
  "players": [
    "iro_asenai",
    "disciple of blahaj"
  ],
  "log": "|j|\u2606iro_asenai\n|j|\u2606disciple of blahaj\n|t:|1776649326\n|gametype|doubles\n|player|p1|iro_asenai|lady-gen4|1340\n|player|p2|disciple of blahaj|jacinthe|1338\n|gen|9\n|tier|[Gen 9 Champions] VGC 2026 Reg M-A\n|rated|\n|rule|Species Clause: Limit one of each Pok\u00e9mon\n|rule|Item Clause: Limit 1 of each item\n|clearpoke\n|poke|p1|Sneasler, L50, F|\n|poke|p1|Skarmory, L50, F|\n|poke|p1|Garchomp, L50, F|\n|poke|p1|Primarina, L50, M|\n|poke|p1|Talonflame, L50, M|\n|poke|p1|Sinistcha, L50|\n|poke|p2|Floette-Eternal, L50, F|\n|poke|p2|Aegislash, L50, F|\n|poke|p2|Mimikyu, L50, F|\n|poke|p2|Incineroar, L50, F|\n|poke|p2|Aerodactyl, L50, F|\n|poke|p2|Rotom-Wash, L50|\n|teampreview|4\n|inactive|Battle timer is ON: inactive players will automatically lose when time's up. (requested by iro_asenai)\n|inactive|iro_asenai has 60 seconds left.\n|inactive|disciple of blahaj has 60 seconds left.\n|\n|t:|1776649383\n|teamsize|p1|4\n|teamsize|p2|4\n|start\n|switch|p1a: Skarmory|Skarmory, L50, F|100/100\n|switch|p1b: Talonflame|Talonflame, L50, M|100/100\n|switch|p2a: Aerodactyl|Aerodactyl, L50, F|100/100\n|switch|p2b: Rotom|Rotom-Wash, L50|100/100\n|-ability|p2a: Aerodactyl|Unnerve\n|turn|1\n|\n|t:|1776649397\n|detailschange|p1a: Skarmory|Skarmory-Mega, L50, F\n|-mega|p1a: Skarmory|Skarmory|Skarmorite\n|move|p1b: Talonflame|Tailwind|p1b: Talonflame\n|-sidestart|p1: iro_asenai|move: Tailwind\n|move|p1a: Skarmory|Rock Slide|p2b: Rotom|[spread] p2b\n|-miss|p1a: Skarmory|p2a: Aerodactyl\n|-damage|p2b: Rotom|71/100\n|move|p2b: Rotom|Electroweb|p1a: Skarmory|[spread] p1a,p1b\n|-supereffective|p1a: Skarmory|1\n|-supereffective|p1b: Talonflame|1\n|-damage|p1a: Skarmory|53/100\n|-damage|p1b: Talonflame|40/100\n|-unboost|p1a: Skarmory|spe|1\n|-unboost|p1b: Talonflame|spe|1\n|move|p2a: Aerodactyl|Rock Slide|p1b: Talonflame|[spread] p1a,p1b\n|-supereffective|p1b: Talonflame|2\n|-damage|p1a: Skarmory|19/100\n|-damage|p1b: Talonflame|0 fnt\n|faint|p1b: Talonflame\n|\n|upkeep\n|\n|t:|1776649414\n|switch|p1b: Garchomp|Garchomp, L50, F|100/100\n|turn|2\n|\n|t:|1776649420\n|move|p2a: Aerodactyl|Protect|p2a: Aerodactyl\n|-singleturn|p2a: Aerodactyl|Protect\n|move|p1b: Garchomp|Rock Slide|p2b: Rotom|[spread] p2b\n|-activate|p2a: Aerodactyl|move: Protect\n|-damage|p2b: Rotom|44/100\n|move|p1a: Skarmory|Rock Slide|p2a: Aerodactyl|[spread] p2b\n|-activate|p2a: Aerodactyl|move: Protect\n|-damage|p2b: Rotom|14/100\n|move|p2b: Rotom|Electroweb|p1b: Garchomp|[spread] p1a\n|-immune|p1b: Garchomp\n|-supereffective|p1a: Skarmory|1\n|-damage|p1a: Skarmory|0 fnt\n|faint|p1a: Skarmory\n|\n|upkeep\n|\n|t:|1776649432\n|switch|p1a: Sneasler|Sneasler, L50, F|100/100\n|turn|3\n|\n|t:|1776649443\n|switch|p2b: Floette|Floette-Eternal, L50, F|100/100\n|switch|p2a: Aegislash|Aegislash, L50, F|100/100\n|move|p1a: Sneasler|Close Combat|p2b: Floette\n|-resisted|p2b: Floette|1\n|-damage|p2b: Floette|66/100\n|-unboost|p1a: Sneasler|def|1\n|-unboost|p1a: Sneasler|spd|1\n|-enditem|p1a: Sneasler|White Herb\n|-clearnegativeboost|p1a: Sneasler|[silent]\n|move|p1b: Garchomp|Rock Slide|p2b: Floette|[spread] p2a,p2b\n|-resisted|p2a: Aegislash|1\n|-damage|p2a: Aegislash|93/100\n|-damage|p2b: Floette|46/100\n|\n|-heal|p2a: Aegislash|99/100|[from] item: Leftovers\n|upkeep\n|turn|4\n|inactive|iro_asenai has 30 seconds left.\n|inactive|disciple of blahaj has 30 seconds left.\n|\n|t:|1776649475\n|detailschange|p2b: Floette|Floette-Mega, L50, F\n|-mega|p2b: Floette|Floette|Floettite\n|-ability|p2b: Floette|Fairy Aura\n|move|p1a: Sneasler|Protect|p1a: Sneasler\n|-singleturn|p1a: Sneasler|Protect\n|move|p1b: Garchomp|Earthquake|p2a: Aegislash|[spread] p2a,p2b\n|-activate|p1a: Sneasler|move: Protect\n|-supereffective|p2a: Aegislash|1\n|-crit|p2b: Floette\n|-damage|p2a: Aegislash|38/100\n|-damage|p2b: Floette|0 fnt\n|faint|p2b: Floette\n|-formechange|p2a: Aegislash|Aegislash-Blade|\n|move|p2a: Aegislash|Iron Head|p1a: Sneasler\n|-activate|p1a: Sneasler|move: Protect\n|\n|-heal|p2a: Aegislash|44/100|[from] item: Leftovers\n|-sideend|p1: iro_asenai|move: Tailwind\n|upkeep\n|\n|t:|1776649484\n|switch|p2b: Aerodactyl|Aerodactyl, L50, F|100/100\n|-ability|p2b: Aerodactyl|Unnerve\n|turn|5\n|\n|t:|1776649505\n|move|p1a: Sneasler|Dire Claw|p2b: Aerodactyl\n|-resisted|p2b: Aerodactyl|1\n|-damage|p2b: Aerodactyl|66/100\n|move|p2b: Aerodactyl|Dual Wingbeat|p1a: Sneasler\n|-supereffective|p1a: Sneasler|1\n|-damage|p1a: Sneasler|27/100\n|-supereffective|p1a: Sneasler|1\n|-damage|p1a: Sneasler|0 fnt\n|faint|p1a: Sneasler\n|-hitcount|p1: Sneasler|2\n|move|p1b: Garchomp|Rock Slide|p2a: Aegislash|[spread] p2a\n|-miss|p1b: Garchomp|p2b: Aerodactyl\n|-resisted|p2a: Aegislash|1\n|-damage|p2a: Aegislash|29/100\n|move|p2a: Aegislash|Poltergeist|p1b: Garchomp\n|-activate|p1b: Garchomp|move: Poltergeist|Lum Berry\n|-damage|p1b: Garchomp|32/100\n|\n|-heal|p2a: Aegislash|35/100|[from] item: Leftovers\n|upkeep\n|turn|6\n|-message|iro_asenai forfeited.\n|\n|win|disciple of blahaj\n|raw|iro_asenai's rating: 1340 &rarr; <strong>1320</strong><br />(-20 for losing)\n|raw|disciple of blahaj's rating: 1338 &rarr; <strong>1358</strong><br />(+20 for winning)\n|l|\u2606iro_asenai\n|player|p1|\n",
  "uploadtime": 1776649532,
  "views": 8,
  "formatid": "gen9championsvgc2026regma",
  "rating": 1320,
  "private": 0,
  "password": null
}