{
  "id": "gen9championsvgc2026regma-2583960675",
  "format": "[Gen 9 Champions] VGC 2026 Reg M-A",
  "players": [
    "sprushy",
    "bbsangaru"
  ],
  "log": "|j|\u2606sprushy\n|j|\u2606bbsangaru\n|t:|1776212018\n|gametype|doubles\n|player|p1|sprushy|102|1005\n|player|p2|bbsangaru|265|1013\n|gen|9\n|tier|[Gen 9 Champions] VGC 2026 Reg M-A\n|rated|\n|rule|Species Clause: Limit one of each Pok\u00e9mon\n|rule|Item Clause: Limit 1 of each item\n|clearpoke\n|poke|p1|Dragapult, L50, M|\n|poke|p1|Toxapex, L50, M|\n|poke|p1|Tyranitar, L50, M|\n|poke|p1|Incineroar, L50, M|\n|poke|p1|Sinistcha, L50|\n|poke|p1|Aggron, L50, M|\n|poke|p2|Armarouge, L50, M|\n|poke|p2|Whimsicott, L50, M|\n|poke|p2|Lycanroc-Dusk, L50, M|\n|poke|p2|Meowstic, L50, M|\n|poke|p2|Milotic, L50, F|\n|poke|p2|Aegislash, L50, M|\n|teampreview|4\n|\n|t:|1776212050\n|teamsize|p1|4\n|teamsize|p2|4\n|start\n|switch|p1a: Toxapex|Toxapex, L50, M|100/100\n|switch|p1b: Aggron|Aggron, L50, M|100/100\n|switch|p2a: Meowstic|Meowstic, L50, M|100/100\n|switch|p2b: Armarouge|Armarouge, L50, M, shiny|100/100\n|turn|1\n|\n|t:|1776212110\n|switch|p1b: Incineroar|Incineroar, L50, M|100/100\n|-ability|p1b: Incineroar|Intimidate|boost\n|-unboost|p2a: Meowstic|atk|1\n|-unboost|p2b: Armarouge|atk|1\n|detailschange|p2a: Meowstic|Meowstic-M-Mega, L50, M\n|-mega|p2a: Meowstic|Meowstic|Meowsticite\n|-ability|p2a: Meowstic|Intimidate|Trace|[from] ability: Trace|[of] p1b: Incineroar\n|-ability|p2a: Meowstic|Intimidate|boost\n|-unboost|p1a: Toxapex|atk|1\n|-unboost|p1b: Incineroar|atk|1\n|move|p2a: Meowstic|Psychic Terrain|p2a: Meowstic\n|-fieldstart|move: Psychic Terrain\n|move|p2b: Armarouge|Armor Cannon|p1b: Incineroar\n|-resisted|p1b: Incineroar|1\n|-damage|p1b: Incineroar|64/100\n|-unboost|p2b: Armarouge|def|1\n|-unboost|p2b: Armarouge|spd|1\n|move|p1a: Toxapex|Infestation|p2b: Armarouge\n|-damage|p2b: Armarouge|96/100\n|-activate|p2b: Armarouge|move: Infestation|[of] p1a: Toxapex\n|\n|-damage|p2b: Armarouge|83/100|[from] move: Infestation|[partiallytrapped]\n|upkeep\n|turn|2\n|\n|t:|1776212157\n|switch|p2a: Milotic|Milotic, L50, F, shiny|100/100\n|move|p1b: Incineroar|Fake Out|p2a: Milotic\n|-activate|p2a: Milotic|move: Psychic Terrain\n|move|p2b: Armarouge|Expanding Force|p1a: Toxapex|[spread] p1a\n|-immune|p1b: Incineroar\n|-supereffective|p1a: Toxapex|1\n|-damage|p1a: Toxapex|23/100\n|move|p1a: Toxapex|Toxic|p2a: Milotic\n|-status|p2a: Milotic|tox\n|\n|-damage|p2a: Milotic|95/100 tox|[from] psn\n|-damage|p2b: Armarouge|71/100|[from] move: Infestation|[partiallytrapped]\n|upkeep\n|turn|3\n|\n|t:|1776212185\n|switch|p1b: Sinistcha|Sinistcha, L50|100/100\n|-heal|p1a: Toxapex|48/100|[from] ability: Hospitality|[of] p1b: Sinistcha\n|move|p1a: Toxapex|Wide Guard|p1a: Toxapex\n|-singleturn|p1a: Toxapex|Wide Guard\n|move|p2a: Milotic|Scald|p1b: Sinistcha\n|-resisted|p1b: Sinistcha|1\n|-damage|p1b: Sinistcha|79/100\n|move|p2b: Armarouge|Expanding Force|p1a: Toxapex|[spread] \n|-activate|p1a: Toxapex|move: Wide Guard\n|-activate|p1b: Sinistcha|move: Wide Guard\n|\n|-heal|p2a: Milotic|100/100 tox|[from] item: Leftovers\n|-damage|p2a: Milotic|89/100 tox|[from] psn\n|-damage|p2b: Armarouge|58/100|[from] move: Infestation|[partiallytrapped]\n|upkeep\n|turn|4\n|\n|t:|1776212210\n|move|p1a: Toxapex|Wide Guard|p1a: Toxapex\n|-singleturn|p1a: Toxapex|Wide Guard\n|move|p2a: Milotic|Scald|p1b: Sinistcha\n|-resisted|p1b: Sinistcha|1\n|-damage|p1b: Sinistcha|61/100\n|move|p2b: Armarouge|Armor Cannon|p1b: Sinistcha\n|-supereffective|p1b: Sinistcha|1\n|-damage|p1b: Sinistcha|0 fnt\n|-unboost|p2b: Armarouge|def|1\n|-unboost|p2b: Armarouge|spd|1\n|faint|p1b: Sinistcha\n|\n|-heal|p2a: Milotic|95/100 tox|[from] item: Leftovers\n|-damage|p2a: Milotic|77/100 tox|[from] psn\n|-damage|p2b: Armarouge|46/100|[from] move: Infestation|[partiallytrapped]\n|upkeep\n|-enditem|p2b: Armarouge|Sitrus Berry|[eat]\n|-heal|p2b: Armarouge|71/100|[from] item: Sitrus Berry\n|\n|t:|1776212228\n|switch|p1b: Aggron|Aggron, L50, M|100/100\n|turn|5\n|\n|t:|1776212271\n|move|p1b: Aggron|Protect|p1b: Aggron\n|-singleturn|p1b: Aggron|Protect\n|move|p2a: Milotic|Scald|p1b: Aggron\n|-activate|p1b: Aggron|move: Protect\n|move|p2b: Armarouge|Armor Cannon|p1b: Aggron\n|-activate|p1b: Aggron|move: Protect\n|move|p1a: Toxapex|Infestation|p2a: Milotic\n|-damage|p2a: Milotic|74/100 tox\n|-activate|p2a: Milotic|move: Infestation|[of] p1a: Toxapex\n|\n|-heal|p2a: Milotic|80/100 tox|[from] item: Leftovers\n|-damage|p2a: Milotic|56/100 tox|[from] psn\n|-damage|p2a: Milotic|44/100 tox|[from] move: Infestation|[partiallytrapped]\n|-damage|p2b: Armarouge|58/100|[from] move: Infestation|[partiallytrapped]\n|-fieldend|move: Psychic Terrain\n|upkeep\n|turn|6\n|\n|t:|1776212320\n|switch|p1b: Incineroar|Incineroar, L50, M|64/100\n|-ability|p1b: Incineroar|Intimidate|boost\n|-unboost|p2a: Milotic|atk|1\n|-ability|p2a: Milotic|Competitive|boost\n|-boost|p2a: Milotic|spa|2\n|-unboost|p2b: Armarouge|atk|1\n|move|p2a: Milotic|Scald|p1b: Incineroar\n|-supereffective|p1b: Incineroar|1\n|-enditem|p1b: Incineroar|Passho Berry|[eat]\n|-enditem|p1b: Incineroar|Passho Berry|[weaken]\n|-damage|p1b: Incineroar|0 fnt\n|faint|p1b: Incineroar\n|move|p2b: Armarouge|Armor Cannon|p1a: Toxapex\n|-resisted|p1a: Toxapex|1\n|-damage|p1a: Toxapex|27/100\n|-unboost|p2b: Armarouge|def|1\n|-unboost|p2b: Armarouge|spd|1\n|move|p1a: Toxapex|Toxic|p2b: Armarouge\n|-status|p2b: Armarouge|tox\n|\n|-heal|p2a: Milotic|50/100 tox|[from] item: Leftovers\n|-damage|p2a: Milotic|20/100 tox|[from] psn\n|-damage|p2b: Armarouge|52/100 tox|[from] psn\n|-damage|p2a: Milotic|7/100 tox|[from] move: Infestation|[partiallytrapped]\n|-end|p2b: Armarouge|Infestation|[partiallytrapped]\n|upkeep\n|\n|t:|1776212341\n|switch|p1b: Aggron|Aggron, L50, M|100/100\n|turn|7\n|\n|t:|1776212356\n|detailschange|p1b: Aggron|Aggron-Mega, L50, M\n|-mega|p1b: Aggron|Aggron|Aggronite\n|move|p2a: Milotic|Protect|p2a: Milotic\n|-singleturn|p2a: Milotic|Protect\n|move|p1b: Aggron|Protect|p1b: Aggron\n|-singleturn|p1b: Aggron|Protect\n|move|p1a: Toxapex|Wide Guard|p1a: Toxapex\n|-singleturn|p1a: Toxapex|Wide Guard\n|move|p2b: Armarouge|Expanding Force|p1a: Toxapex\n|-supereffective|p1a: Toxapex|1\n|-damage|p1a: Toxapex|0 fnt\n|faint|p1a: Toxapex\n|\n|-heal|p2a: Milotic|13/100 tox|[from] item: Leftovers\n|-damage|p2a: Milotic|0 fnt|[from] psn\n|faint|p2a: Milotic\n|-damage|p2b: Armarouge|40/100 tox|[from] psn\n|upkeep\n|\n|t:|1776212377\n|switch|p2a: Meowstic|Meowstic-M-Mega, L50, M|100/100\n|-ability|p2a: Meowstic|Filter|Trace|[from] ability: Trace|[of] p1b: Aggron\n|turn|8\n|\n|t:|1776212394\n|move|p2a: Meowstic|Fake Out|p1b: Aggron\n|-resisted|p1b: Aggron|1\n|-damage|p1b: Aggron|99/100\n|move|p2b: Armarouge|Armor Cannon|p1b: Aggron\n|-supereffective|p1b: Aggron|1\n|-damage|p1b: Aggron|0 fnt\n|-unboost|p2b: Armarouge|def|1\n|-unboost|p2b: Armarouge|spd|1\n|faint|p1b: Aggron\n|\n|win|bbsangaru\n|raw|sprushy's rating: 1005 &rarr; <strong>1000</strong><br />(-5 for losing)\n|raw|bbsangaru's rating: 1013 &rarr; <strong>1050</strong><br />(+37 for winning)\n|l|\u2606sprushy\n|player|p1|\n",
  "uploadtime": 1776212406,
  "views": 22,
  "formatid": "gen9championsvgc2026regma",
  "rating": 1000,
  "private": 0,
  "password": null
}