{
  "id": "gen9championsvgc2026regma-2589531731",
  "format": "[Gen 9 Champions] VGC 2026 Reg M-A",
  "players": [
    "ChickenZX",
    "giganotyrannus"
  ],
  "log": "|j|\u2606ChickenZX\n|j|\u2606giganotyrannus\n|t:|1776731516\n|gametype|doubles\n|player|p1|ChickenZX|169|1314\n|player|p2|giganotyrannus|hiker-gen4|1301\n|gen|9\n|tier|[Gen 9 Champions] VGC 2026 Reg M-A\n|rated|\n|rule|Species Clause: Limit one of each Pok\u00e9mon\n|rule|Item Clause: Limit 1 of each item\n|clearpoke\n|poke|p1|Lopunny, L50, F, shiny|\n|poke|p1|Farigiraf, L50, M, shiny|\n|poke|p1|Torkoal, L50, M|\n|poke|p1|Kingambit, L50, M|\n|poke|p1|Kommo-o, L50, F|\n|poke|p1|Delphox, L50, F|\n|poke|p2|Tyranitar, L50, F, shiny|\n|poke|p2|Excadrill, L50, M, shiny|\n|poke|p2|Primarina, L50, M, shiny|\n|poke|p2|Rotom-Heat, L50|\n|poke|p2|Corviknight, L50, F|\n|poke|p2|Sinistcha, L50|\n|teampreview|4\n|c|\u2606giganotyrannus|gl hf\n|\n|t:|1776731548\n|teamsize|p1|4\n|teamsize|p2|4\n|start\n|switch|p1a: Lopunny|Lopunny, L50, F, shiny|100/100\n|switch|p1b: Kommo-o|Kommo-o, L50, F|100/100\n|switch|p2a: Rotom|Rotom-Heat, L50|100/100\n|switch|p2b: Corviknight|Corviknight, L50, F|100/100\n|turn|1\n|\n|t:|1776731597\n|switch|p2a: Tyranitar|Tyranitar, L50, F, shiny|100/100\n|-weather|Sandstorm|[from] ability: Sand Stream|[of] p2a: Tyranitar\n|detailschange|p1a: Lopunny|Lopunny-Mega, L50, F, shiny\n|-mega|p1a: Lopunny|Lopunny|Lopunnite\n|move|p1a: Lopunny|Fake Out|p2b: Corviknight\n|-resisted|p2b: Corviknight|1\n|-damage|p2b: Corviknight|91/100\n|move|p1b: Kommo-o|Clangorous Soul|p1b: Kommo-o\n|-boost|p1b: Kommo-o|atk|1\n|-boost|p1b: Kommo-o|def|1\n|-boost|p1b: Kommo-o|spa|1\n|-boost|p1b: Kommo-o|spd|1\n|-boost|p1b: Kommo-o|spe|1\n|-damage|p1b: Kommo-o|68/100\n|cant|p2b: Corviknight|flinch\n|\n|-weather|Sandstorm|[upkeep]\n|-damage|p1a: Lopunny|95/100|[from] Sandstorm\n|-damage|p1b: Kommo-o|61/100|[from] Sandstorm\n|-heal|p1b: Kommo-o|68/100|[from] item: Leftovers\n|upkeep\n|turn|2\n|\n|t:|1776731619\n|detailschange|p2a: Tyranitar|Tyranitar-Mega, L50, F, shiny\n|-mega|p2a: Tyranitar|Tyranitar|Tyranitarite\n|move|p1b: Kommo-o|Protect|p1b: Kommo-o\n|-singleturn|p1b: Kommo-o|Protect\n|move|p2a: Tyranitar|Protect|p2a: Tyranitar\n|-singleturn|p2a: Tyranitar|Protect\n|move|p1a: Lopunny|Close Combat|p2b: Corviknight\n|-damage|p2b: Corviknight|36/100\n|-unboost|p1a: Lopunny|def|1\n|-unboost|p1a: Lopunny|spd|1\n|move|p2b: Corviknight|Brave Bird|p1b: Kommo-o\n|-activate|p1b: Kommo-o|move: Protect\n|\n|-weather|Sandstorm|[upkeep]\n|-damage|p1a: Lopunny|89/100|[from] Sandstorm\n|-damage|p1b: Kommo-o|61/100|[from] Sandstorm\n|-heal|p1b: Kommo-o|68/100|[from] item: Leftovers\n|upkeep\n|turn|3\n|\n|t:|1776731646\n|move|p1a: Lopunny|Close Combat|p2b: Corviknight\n|-damage|p2b: Corviknight|0 fnt\n|-unboost|p1a: Lopunny|def|1\n|-unboost|p1a: Lopunny|spd|1\n|faint|p2b: Corviknight\n|move|p1b: Kommo-o|Body Press|p2a: Tyranitar\n|-supereffective|p2a: Tyranitar|2\n|-damage|p2a: Tyranitar|0 fnt\n|faint|p2a: Tyranitar\n|\n|-weather|Sandstorm|[upkeep]\n|-damage|p1a: Lopunny|84/100|[from] Sandstorm\n|-damage|p1b: Kommo-o|61/100|[from] Sandstorm\n|-heal|p1b: Kommo-o|68/100|[from] item: Leftovers\n|upkeep\n|\n|t:|1776731658\n|switch|p2a: Rotom|Rotom-Heat, L50|100/100\n|switch|p2b: Excadrill|Excadrill, L50, M, shiny|100/100\n|turn|4\n|\n|t:|1776731689\n|switch|p1a: Torkoal|Torkoal, L50, M|100/100\n|-weather|SunnyDay|[from] ability: Drought|[of] p1a: Torkoal\n|move|p2a: Rotom|Thunderbolt|p1a: Torkoal\n|-damage|p1a: Torkoal|46/100\n|-status|p1a: Torkoal|par\n|move|p1b: Kommo-o|Clanging Scales|p2a: Rotom|[spread] p2a,p2b\n|-resisted|p2b: Excadrill|1\n|-damage|p2a: Rotom|34/100\n|-damage|p2b: Excadrill|57/100\n|-unboost|p1b: Kommo-o|def|1\n|move|p2b: Excadrill|High Horsepower|p1b: Kommo-o\n|-damage|p1b: Kommo-o|21/100\n|\n|-weather|SunnyDay|[upkeep]\n|-heal|p1b: Kommo-o|27/100|[from] item: Leftovers\n|upkeep\n|turn|5\n|\n|t:|1776731709\n|move|p2a: Rotom|Thunderbolt|p1a: Torkoal\n|-damage|p1a: Torkoal|0 fnt\n|faint|p1a: Torkoal\n|move|p1b: Kommo-o|Clanging Scales|p2a: Rotom|[spread] p2a,p2b\n|-resisted|p2b: Excadrill|1\n|-damage|p2a: Rotom|0 fnt\n|-damage|p2b: Excadrill|19/100\n|faint|p2a: Rotom\n|-unboost|p1b: Kommo-o|def|1\n|move|p2b: Excadrill|High Horsepower|p1b: Kommo-o\n|-damage|p1b: Kommo-o|0 fnt\n|faint|p1b: Kommo-o\n|\n|-weather|SunnyDay|[upkeep]\n|upkeep\n|\n|t:|1776731717\n|switch|p1b: Kingambit|Kingambit, L50, M|100/100\n|switch|p1a: Lopunny|Lopunny-Mega, L50, F, shiny|84/100\n|turn|6\n|c|\u2606giganotyrannus|gg\n|\n|t:|1776731729\n|move|p2b: Excadrill|Protect|p2b: Excadrill\n|-singleturn|p2b: Excadrill|Protect\n|move|p1a: Lopunny|Close Combat|p2b: Excadrill\n|-activate|p2b: Excadrill|move: Protect\n|move|p1b: Kingambit|Kowtow Cleave|p2b: Excadrill\n|-activate|p2b: Excadrill|move: Protect\n|\n|-weather|SunnyDay|[upkeep]\n|upkeep\n|turn|7\n|c|\u2606ChickenZX|Gg\n|inactive|Battle timer is ON: inactive players will automatically lose when time's up. (requested by ChickenZX)\n|\n|t:|1776731755\n|move|p1a: Lopunny|Close Combat|p2b: Excadrill\n|-supereffective|p2b: Excadrill|1\n|-damage|p2b: Excadrill|0 fnt\n|-unboost|p1a: Lopunny|def|1\n|-unboost|p1a: Lopunny|spd|1\n|faint|p2b: Excadrill\n|\n|win|ChickenZX\n|raw|ChickenZX's rating: 1314 &rarr; <strong>1333</strong><br />(+19 for winning)\n|raw|giganotyrannus's rating: 1301 &rarr; <strong>1282</strong><br />(-19 for losing)\n|l|\u2606giganotyrannus\n|player|p2|\n",
  "uploadtime": 1776731762,
  "views": 3,
  "formatid": "gen9championsvgc2026regma",
  "rating": 1282,
  "private": 0,
  "password": null
}