{
  "id": "gen9championsvgc2026regma-2587916369",
  "format": "[Gen 9 Champions] VGC 2026 Reg M-A",
  "players": [
    "anubisjr",
    "strami"
  ],
  "log": "|j|\u2606anubisjr\n|j|\u2606strami\n|t:|1776578648\n|gametype|doubles\n|player|p1|anubisjr|102|1356\n|player|p2|strami|hoopster|1407\n|gen|9\n|tier|[Gen 9 Champions] VGC 2026 Reg M-A\n|rated|\n|rule|Species Clause: Limit one of each Pok\u00e9mon\n|rule|Item Clause: Limit 1 of each item\n|clearpoke\n|poke|p1|Lopunny, L50, M|\n|poke|p1|Floette-Eternal, L50, F|\n|poke|p1|Volcarona, L50, F|\n|poke|p1|Basculegion, L50, M|\n|poke|p1|Aegislash, L50, F|\n|poke|p1|Rotom-Wash, L50|\n|poke|p2|Crabominable, L50, M|\n|poke|p2|Incineroar, L50, M|\n|poke|p2|Sneasler, L50, M|\n|poke|p2|Farigiraf, L50, F, shiny|\n|poke|p2|Venusaur, L50, M, shiny|\n|poke|p2|Torkoal, L50, M|\n|teampreview|4\n|inactive|Battle timer is ON: inactive players will automatically lose when time's up. (requested by strami)\n|inactive|strami has 60 seconds left.\n|\n|t:|1776578687\n|teamsize|p1|4\n|teamsize|p2|4\n|start\n|switch|p1a: Basculegion|Basculegion, L50, M|100/100\n|switch|p1b: Aegislash|Aegislash, L50, F|100/100\n|switch|p2a: Farigiraf|Farigiraf, L50, F, shiny|100/100\n|switch|p2b: Incineroar|Incineroar, L50, M|100/100\n|-ability|p2b: Incineroar|Intimidate|boost\n|-unboost|p1a: Basculegion|atk|1\n|-unboost|p1b: Aegislash|atk|1\n|turn|1\n|inactive|anubisjr has 30 seconds left.\n|\n|t:|1776578717\n|switch|p2b: Torkoal|Torkoal, L50, M|100/100\n|-weather|SunnyDay|[from] ability: Drought|[of] p2b: Torkoal\n|-formechange|p1b: Aegislash|Aegislash-Blade|\n|move|p1b: Aegislash|Iron Head|p2a: Farigiraf\n|-damage|p2a: Farigiraf|70/100\n|move|p1a: Basculegion|Wave Crash|p2a: Farigiraf\n|-damage|p2a: Farigiraf|42/100\n|-damage|p1a: Basculegion|90/100|[from] Recoil\n|move|p2a: Farigiraf|Trick Room|p2a: Farigiraf\n|-fieldstart|move: Trick Room|[of] p2a: Farigiraf\n|\n|-weather|SunnyDay|[upkeep]\n|upkeep\n|turn|2\n|\n|t:|1776578737\n|move|p2a: Farigiraf|Helping Hand|p2b: Torkoal\n|-singleturn|p2b: Torkoal|Helping Hand|[of] p2a: Farigiraf\n|-formechange|p1b: Aegislash|Aegislash|\n|move|p1b: Aegislash|King's Shield|p1b: Aegislash\n|-singleturn|p1b: Aegislash|Protect\n|move|p2b: Torkoal|Heat Wave|p1a: Basculegion|[spread] p1a\n|-activate|p1b: Aegislash|move: Protect\n|-resisted|p1a: Basculegion|1\n|-damage|p1a: Basculegion|49/100\n|move|p1a: Basculegion|Wave Crash|p2b: Torkoal\n|-supereffective|p2b: Torkoal|1\n|-damage|p2b: Torkoal|49/100\n|-damage|p1a: Basculegion|34/100|[from] Recoil\n|\n|-weather|SunnyDay|[upkeep]\n|upkeep\n|turn|3\n|\n|t:|1776578753\n|move|p2a: Farigiraf|Helping Hand|p2b: Torkoal\n|-singleturn|p2b: Torkoal|Helping Hand|[of] p2a: Farigiraf\n|move|p1a: Basculegion|Protect|p1a: Basculegion\n|-singleturn|p1a: Basculegion|Protect\n|move|p2b: Torkoal|Heat Wave|p1b: Aegislash|[spread] p1b\n|-activate|p1a: Basculegion|move: Protect\n|-supereffective|p1b: Aegislash|1\n|-damage|p1b: Aegislash|0 fnt\n|faint|p1b: Aegislash\n|\n|-weather|SunnyDay|[upkeep]\n|upkeep\n|\n|t:|1776578765\n|switch|p1b: Volcarona|Volcarona, L50, F|100/100\n|turn|4\n|\n|t:|1776578778\n|switch|p2a: Incineroar|Incineroar, L50, M|100/100\n|-ability|p2a: Incineroar|Intimidate|boost\n|-unboost|p1a: Basculegion|atk|1\n|-unboost|p1b: Volcarona|atk|1\n|move|p1a: Basculegion|Protect|p1a: Basculegion\n|-singleturn|p1a: Basculegion|Protect\n|move|p2b: Torkoal|Heat Wave|p1b: Volcarona|[spread] p1b\n|-activate|p1a: Basculegion|move: Protect\n|-damage|p1b: Volcarona|50/100\n|-enditem|p1b: Volcarona|Sitrus Berry|[eat]\n|-heal|p1b: Volcarona|75/100|[from] item: Sitrus Berry\n|move|p1b: Volcarona|Heat Wave|p2a: Incineroar|[spread] p2a,p2b\n|-resisted|p2a: Incineroar|1\n|-resisted|p2b: Torkoal|1\n|-damage|p2a: Incineroar|81/100\n|-damage|p2b: Torkoal|20/100\n|\n|-weather|SunnyDay|[upkeep]\n|upkeep\n|turn|5\n|\n|t:|1776578793\n|switch|p1a: Lopunny|Lopunny, L50, M|100/100\n|move|p2b: Torkoal|Heat Wave|p1a: Lopunny|[spread] p1a,p1b\n|-damage|p1a: Lopunny|31/100\n|-damage|p1b: Volcarona|25/100\n|move|p2a: Incineroar|Flare Blitz|p1b: Volcarona\n|-damage|p1b: Volcarona|0 fnt\n|-immune|p2a: Incineroar\n|faint|p1b: Volcarona\n|-damage|p2a: Incineroar|73/100|[from] Recoil\n|\n|-weather|none\n|-fieldend|move: Trick Room\n|upkeep\n|\n|t:|1776578795\n|switch|p1b: Basculegion|Basculegion, L50, M|34/100\n|turn|6\n|\n|t:|1776578807\n|switch|p2a: Farigiraf|Farigiraf, L50, F, shiny|42/100\n|detailschange|p1a: Lopunny|Lopunny-Mega, L50, M\n|-mega|p1a: Lopunny|Lopunny|Lopunnite\n|move|p1a: Lopunny|Close Combat|p2a: Farigiraf\n|-damage|p2a: Farigiraf|0 fnt\n|-unboost|p1a: Lopunny|def|1\n|-unboost|p1a: Lopunny|spd|1\n|faint|p2a: Farigiraf\n|move|p1b: Basculegion|Wave Crash|p2b: Torkoal\n|-supereffective|p2b: Torkoal|1\n|-damage|p2b: Torkoal|0 fnt\n|faint|p2b: Torkoal\n|-damage|p1b: Basculegion|29/100|[from] Recoil\n|\n|upkeep\n|\n|t:|1776578818\n|switch|p2a: Incineroar|Incineroar, L50, M|73/100\n|switch|p2b: Crabominable|Crabominable, L50, M|100/100\n|-ability|p2a: Incineroar|Intimidate|boost\n|-fail|p1a: Lopunny|unboost|Attack|[from] ability: Scrappy|[of] p1a: Lopunny\n|-unboost|p1b: Basculegion|atk|1\n|turn|7\n|\n|t:|1776578836\n|detailschange|p2b: Crabominable|Crabominable-Mega, L50, M\n|-mega|p2b: Crabominable|Crabominable|Crabominite\n|move|p2b: Crabominable|Mach Punch|p1a: Lopunny\n|-supereffective|p1a: Lopunny|1\n|-damage|p1a: Lopunny|0 fnt\n|faint|p1a: Lopunny\n|move|p1b: Basculegion|Last Respects|p2b: Crabominable\n|-damage|p2b: Crabominable|34/100\n|move|p2a: Incineroar|Darkest Lariat|p1b: Basculegion\n|-supereffective|p1b: Basculegion|1\n|-damage|p1b: Basculegion|0 fnt\n|faint|p1b: Basculegion\n|\n|win|strami\n|raw|anubisjr's rating: 1356 &rarr; <strong>1339</strong><br />(-17 for losing)\n|raw|strami's rating: 1407 &rarr; <strong>1424</strong><br />(+17 for winning)\n|l|\u2606anubisjr\n|player|p1|\n",
  "uploadtime": 1776578947,
  "views": 22,
  "formatid": "gen9championsvgc2026regma",
  "rating": 1339,
  "private": 0,
  "password": null
}