{
  "id": "gen9championsvgc2026regma-2587129190",
  "format": "[Gen 9 Champions] VGC 2026 Reg M-A",
  "players": [
    "OJ32",
    "justjt"
  ],
  "log": "|j|\u2606OJ32\n|j|\u2606justjt\n|t:|1776497591\n|gametype|doubles\n|player|p1|OJ32|170|1168\n|player|p2|justjt|pokefan-gen4|1087\n|gen|9\n|tier|[Gen 9 Champions] VGC 2026 Reg M-A\n|rated|\n|rule|Species Clause: Limit one of each Pok\u00e9mon\n|rule|Item Clause: Limit 1 of each item\n|clearpoke\n|poke|p1|Talonflame, L50, M|\n|poke|p1|Sneasler, L50, F|\n|poke|p1|Garchomp, L50, M|\n|poke|p1|Sinistcha, L50|\n|poke|p1|Froslass, L50, F|\n|poke|p1|Gardevoir, L50, M|\n|poke|p2|Feraligatr, L50, M, shiny|\n|poke|p2|Clefable, L50, F|\n|poke|p2|Volcarona, L50, F, shiny|\n|poke|p2|Aerodactyl, L50, M|\n|poke|p2|Froslass, L50, F, shiny|\n|poke|p2|Meowscarada, L50, F, shiny|\n|teampreview|4\n|inactive|Battle timer is ON: inactive players will automatically lose when time's up. (requested by OJ32)\n|\n|t:|1776497615\n|teamsize|p1|4\n|teamsize|p2|4\n|start\n|switch|p1a: Garchomp|Garchomp, L50, M|100/100\n|switch|p1b: Sinistcha|Sinistcha, L50|100/100\n|switch|p2a: Feraligatr|Feraligatr, L50, M, shiny|100/100\n|switch|p2b: Aerodactyl|Aerodactyl, L50, M|100/100\n|-ability|p2b: Aerodactyl|Unnerve\n|turn|1\n|\n|t:|1776497631\n|detailschange|p2a: Feraligatr|Feraligatr-Mega, L50, M, shiny\n|-mega|p2a: Feraligatr|Feraligatr|Feraligite\n|move|p1a: Garchomp|Dragon Claw|p2a: Feraligatr\n|-supereffective|p2a: Feraligatr|1\n|-damage|p2a: Feraligatr|21/100\n|move|p2b: Aerodactyl|Tailwind|p2b: Aerodactyl\n|-sidestart|p2: justjt|move: Tailwind\n|move|p2a: Feraligatr|Swords Dance|p2a: Feraligatr\n|-boost|p2a: Feraligatr|atk|2\n|move|p1b: Sinistcha|Matcha Gotcha|p2b: Aerodactyl|[spread] p2a,p2b\n|-crit|p2a: Feraligatr\n|-damage|p2a: Feraligatr|0 fnt\n|-damage|p2b: Aerodactyl|58/100\n|faint|p2a: Feraligatr\n|\n|upkeep\n|\n|t:|1776497637\n|switch|p2a: Volcarona|Volcarona, L50, F, shiny|100/100\n|turn|2\n|\n|t:|1776497645\n|move|p2b: Aerodactyl|Dual Wingbeat|p1b: Sinistcha\n|-supereffective|p1b: Sinistcha|1\n|-damage|p1b: Sinistcha|72/100\n|-supereffective|p1b: Sinistcha|1\n|-damage|p1b: Sinistcha|42/100\n|-hitcount|p1b: Sinistcha|2\n|move|p2a: Volcarona|Quiver Dance|p2a: Volcarona\n|-boost|p2a: Volcarona|spa|1\n|-boost|p2a: Volcarona|spd|1\n|-boost|p2a: Volcarona|spe|1\n|move|p1a: Garchomp|Dragon Claw|p2b: Aerodactyl\n|-damage|p2b: Aerodactyl|0 fnt\n|-enditem|p1b: Sinistcha|Sitrus Berry|[eat]\n|-heal|p1b: Sinistcha|67/100|[from] item: Sitrus Berry\n|faint|p2b: Aerodactyl\n|move|p1b: Sinistcha|Shadow Ball|p2a: Volcarona\n|-damage|p2a: Volcarona|72/100\n|\n|upkeep\n|\n|t:|1776497648\n|switch|p2b: Clefable|Clefable, L50, F|100/100\n|turn|3\n|\n|t:|1776497662\n|move|p1b: Sinistcha|Rage Powder|p1b: Sinistcha\n|-singleturn|p1b: Sinistcha|move: Rage Powder\n|move|p2a: Volcarona|Fiery Dance|p1b: Sinistcha\n|-supereffective|p1b: Sinistcha|1\n|-damage|p1b: Sinistcha|0 fnt\n|faint|p1b: Sinistcha\n|move|p1a: Garchomp|Dragon Claw|p2a: Volcarona\n|-damage|p2a: Volcarona|29/100\n|-status|p1a: Garchomp|brn|[from] ability: Flame Body|[of] p2a: Volcarona\n|move|p2b: Clefable|Moonblast|p1a: Garchomp\n|-supereffective|p1a: Garchomp|1\n|-damage|p1a: Garchomp|31/100 brn\n|\n|-damage|p1a: Garchomp|25/100 brn|[from] brn\n|upkeep\n|\n|t:|1776497665\n|switch|p1b: Talonflame|Talonflame, L50, M|100/100\n|turn|4\n|\n|t:|1776497678\n|move|p2b: Clefable|Follow Me|p2b: Clefable\n|-singleturn|p2b: Clefable|move: Follow Me\n|move|p1b: Talonflame|Tailwind|p1b: Talonflame\n|-sidestart|p1: OJ32|move: Tailwind\n|move|p1a: Garchomp|Dragon Claw|p2b: Clefable\n|-immune|p2b: Clefable\n|move|p2a: Volcarona|Fiery Dance|p1a: Garchomp\n|-resisted|p1a: Garchomp|1\n|-damage|p1a: Garchomp|0 fnt\n|faint|p1a: Garchomp\n|\n|-sideend|p2: justjt|move: Tailwind\n|upkeep\n|\n|t:|1776497681\n|switch|p1a: Gardevoir|Gardevoir, L50, M|100/100\n|turn|5\n|\n|t:|1776497690\n|detailschange|p1a: Gardevoir|Gardevoir-Mega, L50, M\n|-mega|p1a: Gardevoir|Gardevoir|Gardevoirite\n|move|p2b: Clefable|Follow Me|p2b: Clefable\n|-singleturn|p2b: Clefable|move: Follow Me\n|move|p1b: Talonflame|Dual Wingbeat|p2b: Clefable\n|-damage|p2b: Clefable|84/100\n|-damage|p2b: Clefable|68/100\n|-hitcount|p2b: Clefable|2\n|move|p1a: Gardevoir|Hyper Voice|p2b: Clefable|[spread] p2a,p2b\n|-resisted|p2a: Volcarona|1\n|-damage|p2a: Volcarona|10/100\n|-damage|p2b: Clefable|22/100\n|move|p2a: Volcarona|Fiery Dance|p1a: Gardevoir\n|-damage|p1a: Gardevoir|28/100\n|-boost|p2a: Volcarona|spa|1\n|\n|-heal|p2b: Clefable|28/100|[from] item: Leftovers\n|upkeep\n|turn|6\n|\n|t:|1776497697\n|move|p2b: Clefable|Follow Me|p2b: Clefable\n|-singleturn|p2b: Clefable|move: Follow Me\n|move|p1b: Talonflame|Dual Wingbeat|p2b: Clefable\n|-damage|p2b: Clefable|11/100\n|-damage|p2b: Clefable|0 fnt\n|faint|p2b: Clefable\n|-hitcount|p2: Clefable|2\n|move|p1a: Gardevoir|Hyper Voice|p2a: Volcarona\n|-resisted|p2a: Volcarona|1\n|-damage|p2a: Volcarona|0 fnt\n|faint|p2a: Volcarona\n|\n|win|OJ32\n|raw|OJ32's rating: 1168 &rarr; <strong>1187</strong><br />(+19 for winning)\n|raw|justjt's rating: 1087 &rarr; <strong>1069</strong><br />(-18 for losing)\n",
  "uploadtime": 1776497698,
  "views": 14,
  "formatid": "gen9championsvgc2026regma",
  "rating": 1069,
  "private": 0,
  "password": null
}