{
  "id": "gen9championsvgc2026regma-2587775623",
  "format": "[Gen 9 Champions] VGC 2026 Reg M-A",
  "players": [
    "orionsayshi",
    "kizasoza"
  ],
  "log": "|j|\u2606orionsayshi\n|j|\u2606kizasoza\n|t:|1776562789\n|gametype|doubles\n|player|p1|orionsayshi|elesa|1038\n|player|p2|kizasoza|chuck|1064\n|gen|9\n|tier|[Gen 9 Champions] VGC 2026 Reg M-A\n|rated|\n|rule|Species Clause: Limit one of each Pok\u00e9mon\n|rule|Item Clause: Limit 1 of each item\n|clearpoke\n|poke|p1|Scovillain, L50, F|\n|poke|p1|Bellibolt, L50, F|\n|poke|p1|Gourgeist-Large, L50, M|\n|poke|p1|Abomasnow, L50, M|\n|poke|p1|Alakazam, L50, F|\n|poke|p1|Ampharos, L50, F|\n|poke|p2|Heracross, L50, F, shiny|\n|poke|p2|Farigiraf, L50, M|\n|poke|p2|Kommo-o, L50, M|\n|poke|p2|Sinistcha, L50, shiny|\n|poke|p2|Tinkaton, L50, F|\n|poke|p2|Goodra-Hisui, L50, F|\n|teampreview|4\n|inactive|Battle timer is ON: inactive players will automatically lose when time's up. (requested by kizasoza)\n|inactive|kizasoza has 60 seconds left.\n|\n|t:|1776562820\n|teamsize|p1|4\n|teamsize|p2|4\n|start\n|switch|p1a: Scovillain|Scovillain, L50, F|100/100\n|switch|p1b: Bellibolt|Bellibolt, L50, F|100/100\n|switch|p2a: Sinistcha|Sinistcha, L50, shiny|100/100\n|switch|p2b: Goodra|Goodra-Hisui, L50, F|100/100\n|turn|1\n|\n|t:|1776562842\n|detailschange|p1a: Scovillain|Scovillain-Mega, L50, F\n|-mega|p1a: Scovillain|Scovillain|Scovillainite\n|move|p1a: Scovillain|Protect|p1a: Scovillain\n|-singleturn|p1a: Scovillain|Protect\n|move|p2b: Goodra|Sludge Bomb|p1a: Scovillain\n|-activate|p1a: Scovillain|move: Protect\n|move|p1b: Bellibolt|Acid Spray|p2b: Goodra\n|-immune|p2b: Goodra\n|move|p2a: Sinistcha|Trick Room|p2a: Sinistcha\n|-fieldstart|move: Trick Room|[of] p2a: Sinistcha\n|\n|upkeep\n|turn|2\n|\n|t:|1776562864\n|switch|p2a: Heracross|Heracross, L50, F, shiny|100/100\n|move|p1b: Bellibolt|Soak|p2b: Goodra\n|-start|p2b: Goodra|typechange|Water\n|move|p2b: Goodra|Sludge Bomb|p1a: Scovillain\n|-supereffective|p1a: Scovillain|1\n|-damage|p1a: Scovillain|45/100\n|-status|p1a: Scovillain|psn\n|-status|p2b: Goodra|brn|[from] ability: Spicy Spray|[of] p1a: Scovillain\n|move|p1a: Scovillain|Flamethrower|p2a: Heracross\n|-supereffective|p2a: Heracross|1\n|-damage|p2a: Heracross|19/100\n|\n|-damage|p1a: Scovillain|32/100 psn|[from] psn\n|-damage|p2b: Goodra|95/100 brn|[from] brn\n|upkeep\n|turn|3\n|\n|t:|1776562882\n|detailschange|p2a: Heracross|Heracross-Mega, L50, F, shiny\n|-mega|p2a: Heracross|Heracross|Heracronite\n|move|p2a: Heracross|Protect|p2a: Heracross\n|-singleturn|p2a: Heracross|Protect\n|move|p1a: Scovillain|Protect|p1a: Scovillain\n|-singleturn|p1a: Scovillain|Protect\n|move|p1b: Bellibolt|Parabolic Charge|p2b: Goodra|[spread] p2b\n|-activate|p1a: Scovillain|move: Protect\n|-activate|p2a: Heracross|move: Protect\n|-supereffective|p2b: Goodra|1\n|-damage|p2b: Goodra|66/100 brn\n|move|p2b: Goodra|Sludge Bomb|p1a: Scovillain\n|-activate|p1a: Scovillain|move: Protect\n|\n|-damage|p1a: Scovillain|20/100 psn|[from] psn\n|-damage|p2b: Goodra|60/100 brn|[from] brn\n|upkeep\n|turn|4\n|\n|t:|1776562898\n|switch|p2a: Farigiraf|Farigiraf, L50, M|100/100\n|move|p1b: Bellibolt|Parabolic Charge|p2b: Goodra|[spread] p1a,p2a,p2b\n|-resisted|p1a: Scovillain|1\n|-supereffective|p2b: Goodra|1\n|-damage|p1a: Scovillain|10/100 psn\n|-damage|p2a: Farigiraf|79/100\n|-damage|p2b: Goodra|30/100 brn\n|-status|p1b: Bellibolt|brn|[from] ability: Spicy Spray|[of] p1a: Scovillain\n|-enditem|p1b: Bellibolt|Lum Berry|[eat]\n|-curestatus|p1b: Bellibolt|brn|[msg]\n|move|p2b: Goodra|Sludge Bomb|p1a: Scovillain\n|-supereffective|p1a: Scovillain|1\n|-damage|p1a: Scovillain|0 fnt\n|faint|p1a: Scovillain\n|\n|-damage|p2b: Goodra|24/100 brn|[from] brn\n|upkeep\n|\n|t:|1776562907\n|switch|p1a: Ampharos|Ampharos, L50, F|100/100\n|turn|5\n|\n|t:|1776562915\n|switch|p1a: Alakazam|Alakazam, L50, F|100/100\n|move|p1b: Bellibolt|Soak|p2a: Farigiraf\n|-start|p2a: Farigiraf|typechange|Water\n|move|p2a: Farigiraf|Light Screen|p2a: Farigiraf\n|-sidestart|p2: kizasoza|move: Light Screen\n|move|p2b: Goodra|Tearful Look|p1a: Alakazam\n|-unboost|p1a: Alakazam|atk|1\n|-unboost|p1a: Alakazam|spa|1\n|\n|-damage|p2b: Goodra|18/100 brn|[from] brn\n|-fieldend|move: Trick Room\n|upkeep\n|turn|6\n|\n|t:|1776562926\n|move|p1a: Alakazam|Body Slam|p2a: Farigiraf\n|-damage|p2a: Farigiraf|71/100\n|-status|p2a: Farigiraf|par\n|move|p2b: Goodra|Tearful Look|p1b: Bellibolt\n|-unboost|p1b: Bellibolt|atk|1\n|-unboost|p1b: Bellibolt|spa|1\n|move|p1b: Bellibolt|Parabolic Charge|p2a: Farigiraf|[spread] p1a,p2a,p2b\n|-supereffective|p2a: Farigiraf|1\n|-supereffective|p2b: Goodra|1\n|-damage|p1a: Alakazam|77/100\n|-damage|p2a: Farigiraf|53/100 par\n|-damage|p2b: Goodra|5/100 brn\n|move|p2a: Farigiraf|Trick Room|p2a: Farigiraf\n|-fieldstart|move: Trick Room|[of] p2a: Farigiraf\n|\n|-damage|p2b: Goodra|0 fnt|[from] brn\n|faint|p2b: Goodra\n|upkeep\n|\n|t:|1776562935\n|switch|p2b: Heracross|Heracross-Mega, L50, F, shiny|19/100\n|turn|7\n|\n|t:|1776562947\n|switch|p2a: Sinistcha|Sinistcha, L50, shiny|100/100\n|-heal|p2b: Heracross|44/100|[from] ability: Hospitality|[of] p2a: Sinistcha\n|move|p2b: Heracross|Protect|p2b: Heracross\n|-singleturn|p2b: Heracross|Protect\n|move|p1b: Bellibolt|Parabolic Charge|p2a: Sinistcha|[spread] p1a,p2a\n|-activate|p2b: Heracross|move: Protect\n|-resisted|p2a: Sinistcha|1\n|-damage|p1a: Alakazam|54/100\n|-damage|p2a: Sinistcha|96/100\n|move|p1a: Alakazam|Body Slam|p2b: Heracross\n|-activate|p2b: Heracross|move: Protect\n|\n|upkeep\n|turn|8\n|\n|t:|1776562969\n|switch|p1b: Ampharos|Ampharos, L50, F|100/100\n|move|p2b: Heracross|Pin Missile|p1a: Alakazam\n|-supereffective|p1a: Alakazam|1\n|-damage|p1a: Alakazam|0 fnt\n|faint|p1a: Alakazam\n|-hitcount|p1: Alakazam|1\n|move|p2a: Sinistcha|Matcha Gotcha|p1b: Ampharos\n|-damage|p1b: Ampharos|65/100\n|-heal|p2a: Sinistcha|100/100|[from] drain|[of] p1b: Ampharos\n|-status|p1b: Ampharos|brn\n|\n|-damage|p1b: Ampharos|59/100 brn|[from] brn\n|upkeep\n|\n|t:|1776562974\n|switch|p1a: Bellibolt|Bellibolt, L50, F|100/100\n|turn|9\n|\n|t:|1776562982\n|move|p1a: Bellibolt|Parabolic Charge|p2b: Heracross|[spread] p1b,p2a,p2b\n|-resisted|p1b: Ampharos|1\n|-resisted|p2a: Sinistcha|1\n|-damage|p1b: Ampharos|47/100 brn\n|-damage|p2a: Sinistcha|94/100\n|-damage|p2b: Heracross|28/100\n|move|p1b: Ampharos|Agility|p1b: Ampharos\n|-boost|p1b: Ampharos|spe|2\n|move|p2b: Heracross|Pin Missile|p1b: Ampharos\n|-damage|p1b: Ampharos|23/100 brn\n|-damage|p1b: Ampharos|0 fnt\n|faint|p1b: Ampharos\n|-hitcount|p1: Ampharos|2\n|move|p2a: Sinistcha|Matcha Gotcha|p1a: Bellibolt\n|-damage|p1a: Bellibolt|67/100\n|-heal|p2a: Sinistcha|100/100|[from] drain|[of] p1a: Bellibolt\n|-start|p1a: Bellibolt|Charge|Matcha Gotcha|[from] ability: Electromorphosis\n|\n|-sideend|p2: kizasoza|move: Light Screen\n|upkeep\n|turn|10\n|\n|t:|1776562989\n|move|p1a: Bellibolt|Parabolic Charge|p2a: Sinistcha|[spread] p2a,p2b\n|-resisted|p2a: Sinistcha|1\n|-damage|p2a: Sinistcha|77/100\n|-heal|p1a: Bellibolt|77/100|[from] drain|[of] p2a: Sinistcha\n|-damage|p2b: Heracross|0 fnt\n|-heal|p1a: Bellibolt|88/100|[from] drain|[of] p2b: Heracross\n|faint|p2b: Heracross\n|-end|p1a: Bellibolt|Charge|[silent]\n|move|p2a: Sinistcha|Life Dew|p2a: Sinistcha\n|-heal|p2a: Sinistcha|100/100\n|\n|-fieldend|move: Trick Room\n|upkeep\n|\n|t:|1776562992\n|switch|p2b: Farigiraf|Farigiraf, L50, M|53/100 par\n|turn|11\n|\n|t:|1776562999\n|move|p2a: Sinistcha|Life Dew||[still]|[spread] p2a,p2b\n|-fail|p2a: Sinistcha|heal\n|-heal|p2b: Farigiraf|78/100 par\n|move|p1a: Bellibolt|Parabolic Charge|p2b: Farigiraf|[spread] p2a,p2b\n|-resisted|p2a: Sinistcha|1\n|-damage|p2a: Sinistcha|90/100\n|-heal|p1a: Bellibolt|93/100|[from] drain|[of] p2a: Sinistcha\n|-damage|p2b: Farigiraf|54/100 par\n|-heal|p1a: Bellibolt|100/100|[from] drain|[of] p2b: Farigiraf\n|move|p2b: Farigiraf|Light Screen|p2b: Farigiraf\n|-sidestart|p2: kizasoza|move: Light Screen\n|\n|upkeep\n|turn|12\n|\n|t:|1776563014\n|move|p2a: Sinistcha|Life Dew|p2a: Sinistcha|[spread] p2a,p2b\n|-heal|p2a: Sinistcha|100/100\n|-heal|p2b: Farigiraf|79/100 par\n|move|p1a: Bellibolt|Soak|p2a: Sinistcha\n|-start|p2a: Sinistcha|typechange|Water\n|move|p2b: Farigiraf|Dazzling Gleam|p1a: Bellibolt\n|-damage|p1a: Bellibolt|76/100\n|-start|p1a: Bellibolt|Charge|Dazzling Gleam|[from] ability: Electromorphosis\n|\n|upkeep\n|turn|13\n|\n|t:|1776563026\n|move|p2a: Sinistcha|Life Dew||[still]|[spread] p2a,p2b\n|-fail|p2a: Sinistcha|heal\n|-heal|p2b: Farigiraf|100/100 par\n|move|p1a: Bellibolt|Parabolic Charge|p2a: Sinistcha|[spread] p2a,p2b\n|-supereffective|p2a: Sinistcha|1\n|-damage|p2a: Sinistcha|40/100\n|-heal|p1a: Bellibolt|100/100|[from] drain|[of] p2a: Sinistcha\n|-damage|p2b: Farigiraf|72/100 par\n|-enditem|p2a: Sinistcha|Sitrus Berry|[eat]\n|-heal|p2a: Sinistcha|65/100|[from] item: Sitrus Berry\n|-end|p1a: Bellibolt|Charge|[silent]\n|move|p2b: Farigiraf|Dazzling Gleam|p1a: Bellibolt\n|-damage|p1a: Bellibolt|75/100\n|-start|p1a: Bellibolt|Charge|Dazzling Gleam|[from] ability: Electromorphosis\n|\n|upkeep\n|turn|14\n|\n|t:|1776563035\n|move|p2a: Sinistcha|Life Dew|p2a: Sinistcha|[spread] p2a,p2b\n|-heal|p2a: Sinistcha|90/100\n|-heal|p2b: Farigiraf|97/100 par\n|move|p1a: Bellibolt|Parabolic Charge|p2a: Sinistcha|[spread] p2a,p2b\n|-supereffective|p2a: Sinistcha|1\n|-damage|p2a: Sinistcha|35/100\n|-heal|p1a: Bellibolt|98/100|[from] drain|[of] p2a: Sinistcha\n|-damage|p2b: Farigiraf|64/100 par\n|-heal|p1a: Bellibolt|100/100|[from] drain|[of] p2b: Farigiraf\n|-end|p1a: Bellibolt|Charge|[silent]\n|move|p2b: Farigiraf|Dazzling Gleam|p1a: Bellibolt\n|-damage|p1a: Bellibolt|77/100\n|-start|p1a: Bellibolt|Charge|Dazzling Gleam|[from] ability: Electromorphosis\n|\n|upkeep\n|turn|15\n|\n|t:|1776563057\n|move|p2a: Sinistcha|Life Dew|p2a: Sinistcha|[spread] p2a,p2b\n|-heal|p2a: Sinistcha|61/100\n|-heal|p2b: Farigiraf|89/100 par\n|move|p1a: Bellibolt|Parabolic Charge|p2a: Sinistcha|[spread] p2a,p2b\n|-supereffective|p2a: Sinistcha|1\n|-damage|p2a: Sinistcha|8/100\n|-heal|p1a: Bellibolt|99/100|[from] drain|[of] p2a: Sinistcha\n|-damage|p2b: Farigiraf|57/100 par\n|-heal|p1a: Bellibolt|100/100|[from] drain|[of] p2b: Farigiraf\n|-end|p1a: Bellibolt|Charge|[silent]\n|cant|p2b: Farigiraf|par\n|\n|-sideend|p2: kizasoza|move: Light Screen\n|upkeep\n|turn|16\n|\n|t:|1776563068\n|move|p2a: Sinistcha|Life Dew|p2a: Sinistcha|[spread] p2a,p2b\n|-heal|p2a: Sinistcha|34/100\n|-heal|p2b: Farigiraf|82/100 par\n|move|p1a: Bellibolt|Thunderbolt|p2a: Sinistcha\n|-supereffective|p2a: Sinistcha|1\n|-damage|p2a: Sinistcha|0 fnt\n|faint|p2a: Sinistcha\n|move|p2b: Farigiraf|Dazzling Gleam|p1a: Bellibolt\n|-damage|p1a: Bellibolt|74/100\n|-start|p1a: Bellibolt|Charge|Dazzling Gleam|[from] ability: Electromorphosis\n|\n|upkeep\n|turn|17\n|inactive|kizasoza has 30 seconds left.\n|c|\u2606orionsayshi|mess with the belli u get the bolt\n|inactive|kizasoza has 20 seconds left.\n|inactive|kizasoza has 15 seconds left.\n|\n|t:|1776563111\n|move|p1a: Bellibolt|Soak|p2b: Farigiraf\n|-start|p2b: Farigiraf|typechange|Water\n|move|p2b: Farigiraf|Dazzling Gleam|p1a: Bellibolt\n|-damage|p1a: Bellibolt|49/100\n|-start|p1a: Bellibolt|Charge|Dazzling Gleam|[from] ability: Electromorphosis\n|\n|upkeep\n|turn|18\n|\n|t:|1776563115\n|move|p1a: Bellibolt|Parabolic Charge|p2b: Farigiraf\n|-supereffective|p2b: Farigiraf|1\n|-damage|p2b: Farigiraf|0 fnt\n|-heal|p1a: Bellibolt|92/100|[from] drain|[of] p2b: Farigiraf\n|faint|p2b: Farigiraf\n|-end|p1a: Bellibolt|Charge|[silent]\n|\n|win|orionsayshi\n|raw|orionsayshi's rating: 1038 &rarr; <strong>1075</strong><br />(+37 for winning)\n|raw|kizasoza's rating: 1064 &rarr; <strong>1043</strong><br />(-21 for losing)\n|l|\u2606kizasoza\n|player|p2|\n",
  "uploadtime": 1776563126,
  "views": 30,
  "formatid": "gen9championsvgc2026regma",
  "rating": 1043,
  "private": 0,
  "password": null
}