{
  "id": "gen9championsvgc2026regma-2583129610",
  "format": "[Gen 9 Champions] VGC 2026 Reg M-A",
  "players": [
    "ShashKetchum",
    "w4toto"
  ],
  "log": "|j|\u2606ShashKetchum\n|j|\u2606w4toto\n|t:|1776145565\n|gametype|doubles\n|player|p1|ShashKetchum|rocketgrunt|1235\n|player|p2|w4toto|volkner|1226\n|gen|9\n|tier|[Gen 9 Champions] VGC 2026 Reg M-A\n|rated|\n|rule|Species Clause: Limit one of each Pok\u00e9mon\n|rule|Item Clause: Limit 1 of each item\n|clearpoke\n|poke|p1|Beedrill, L50, M|\n|poke|p1|Whimsicott, L50, F|\n|poke|p1|Sneasler, L50, F|\n|poke|p1|Hydreigon, L50, F|\n|poke|p1|Incineroar, L50, M|\n|poke|p1|Basculegion, L50, M|\n|poke|p2|Delphox, L50, M|\n|poke|p2|Meowscarada, L50, F|\n|poke|p2|Garchomp, L50, F|\n|poke|p2|Kingambit, L50, F|\n|poke|p2|Sneasler, L50, F|\n|poke|p2|Incineroar, L50, F|\n|teampreview|4\n|inactive|Battle timer is ON: inactive players will automatically lose when time's up. (requested by w4toto)\n|inactive|ShashKetchum has 60 seconds left.\n|inactive|w4toto has 60 seconds left.\n|\n|t:|1776145604\n|teamsize|p1|4\n|teamsize|p2|4\n|start\n|switch|p1a: Sneasler|Sneasler, L50, F|100/100\n|switch|p1b: Beedrill|Beedrill, L50, M|100/100\n|switch|p2a: Harry Potter|Delphox, L50, M|100/100\n|switch|p2b: Lana the Nail Tech|Sneasler, L50, F|100/100\n|turn|1\n|\n|t:|1776145628\n|detailschange|p2a: Harry Potter|Delphox-Mega, L50, M\n|-mega|p2a: Harry Potter|Delphox|Delphoxite\n|detailschange|p1b: Beedrill|Beedrill-Mega, L50, M\n|-mega|p1b: Beedrill|Beedrill|Beedrillite\n|move|p1a: Sneasler|Fake Out|p2b: Lana the Nail Tech\n|-damage|p2b: Lana the Nail Tech|74/100\n|cant|p2b: Lana the Nail Tech|flinch\n|move|p1b: Beedrill|U-turn|p2a: Harry Potter\n|-damage|p2a: Harry Potter|39/100\n|\n|t:|1776145644\n|switch|p1b: Hydreigon|Hydreigon, L50, F|100/100|[from] U-turn\n|move|p2a: Harry Potter|Heat Wave|p1b: Hydreigon|[spread] p1a,p1b\n|-resisted|p1b: Hydreigon|1\n|-damage|p1a: Sneasler|49/100\n|-damage|p1b: Hydreigon|79/100\n|-status|p1b: Hydreigon|brn\n|\n|-damage|p1b: Hydreigon|73/100 brn|[from] brn\n|upkeep\n|turn|2\n|inactive|ShashKetchum has 30 seconds left.\n|\n|t:|1776145672\n|switch|p1a: Incineroar|Incineroar, L50, M|100/100\n|-ability|p1a: Incineroar|Intimidate|boost\n|-unboost|p2a: Harry Potter|atk|1\n|-unboost|p2b: Lana the Nail Tech|atk|1\n|-enditem|p2b: Lana the Nail Tech|White Herb\n|-clearnegativeboost|p2b: Lana the Nail Tech|[silent]\n|move|p1b: Hydreigon|Protect|p1b: Hydreigon\n|-singleturn|p1b: Hydreigon|Protect\n|move|p2b: Lana the Nail Tech|Close Combat|p1b: Hydreigon\n|-activate|p1b: Hydreigon|move: Protect\n|move|p2a: Harry Potter|Psychic|p1a: Incineroar\n|-immune|p1a: Incineroar\n|\n|-damage|p1b: Hydreigon|67/100 brn|[from] brn\n|upkeep\n|turn|3\n|inactive|w4toto has 30 seconds left.\n|\n|t:|1776145699\n|switch|p2a: Rocky Helmet|Garchomp, L50, F|100/100\n|move|p2b: Lana the Nail Tech|Protect|p2b: Lana the Nail Tech\n|-singleturn|p2b: Lana the Nail Tech|Protect\n|move|p1a: Incineroar|Fake Out|p2b: Lana the Nail Tech\n|-activate|p2b: Lana the Nail Tech|move: Protect\n|move|p1b: Hydreigon|Dark Pulse|p2a: Rocky Helmet\n|-damage|p2a: Rocky Helmet|55/100\n|\n|-damage|p1b: Hydreigon|61/100 brn|[from] brn\n|upkeep\n|turn|4\n|inactive|ShashKetchum has 30 seconds left.\n|\n|t:|1776145729\n|switch|p1a: Sneasler|Sneasler, L50, F|49/100\n|move|p1b: Hydreigon|Protect|p1b: Hydreigon\n|-singleturn|p1b: Hydreigon|Protect\n|move|p2b: Lana the Nail Tech|Close Combat|p1a: Sneasler\n|-resisted|p1a: Sneasler|1\n|-damage|p1a: Sneasler|0 fnt\n|-unboost|p2b: Lana the Nail Tech|def|1\n|-unboost|p2b: Lana the Nail Tech|spd|1\n|faint|p1a: Sneasler\n|move|p2a: Rocky Helmet|Dragon Claw|p1b: Hydreigon\n|-activate|p1b: Hydreigon|move: Protect\n|\n|-damage|p1b: Hydreigon|55/100 brn|[from] brn\n|upkeep\n|\n|t:|1776145744\n|switch|p1a: Incineroar|Incineroar, L50, M|100/100\n|-ability|p1a: Incineroar|Intimidate|boost\n|-unboost|p2a: Rocky Helmet|atk|1\n|-unboost|p2b: Lana the Nail Tech|atk|1\n|turn|5\n|\n|t:|1776145755\n|move|p1a: Incineroar|Fake Out|p2a: Rocky Helmet\n|-damage|p2a: Rocky Helmet|41/100\n|-damage|p1a: Incineroar|88/100|[from] ability: Rough Skin|[of] p2a: Rocky Helmet\n|move|p2b: Lana the Nail Tech|Close Combat|p1b: Hydreigon\n|-supereffective|p1b: Hydreigon|1\n|-enditem|p1b: Hydreigon|Chople Berry|[eat]\n|-enditem|p1b: Hydreigon|Chople Berry|[weaken]\n|-damage|p1b: Hydreigon|4/100 brn\n|-unboost|p2b: Lana the Nail Tech|def|1\n|-unboost|p2b: Lana the Nail Tech|spd|1\n|cant|p2a: Rocky Helmet|flinch\n|move|p1b: Hydreigon|Dragon Pulse|p2a: Rocky Helmet\n|-supereffective|p2a: Rocky Helmet|1\n|-damage|p2a: Rocky Helmet|0 fnt\n|faint|p2a: Rocky Helmet\n|\n|-damage|p1b: Hydreigon|0 fnt|[from] brn\n|faint|p1b: Hydreigon\n|upkeep\n|\n|t:|1776145772\n|switch|p1b: Beedrill|Beedrill-Mega, L50, M|100/100\n|switch|p2a: Harry Potter|Delphox-Mega, L50, M|39/100\n|turn|6\n|\n|t:|1776145796\n|move|p2b: Lana the Nail Tech|Close Combat|p1a: Incineroar\n|-supereffective|p1a: Incineroar|1\n|-damage|p1a: Incineroar|4/100\n|-unboost|p2b: Lana the Nail Tech|def|1\n|-unboost|p2b: Lana the Nail Tech|spd|1\n|-enditem|p1a: Incineroar|Sitrus Berry|[eat]\n|-heal|p1a: Incineroar|29/100|[from] item: Sitrus Berry\n|move|p1b: Beedrill|U-turn|p2a: Harry Potter\n|-damage|p2a: Harry Potter|0 fnt\n|faint|p2a: Harry Potter\n|move|p1a: Incineroar|Flare Blitz|p2b: Lana the Nail Tech\n|-damage|p2b: Lana the Nail Tech|0 fnt\n|faint|p2b: Lana the Nail Tech\n|-damage|p1a: Incineroar|10/100|[from] Recoil\n|\n|upkeep\n|\n|t:|1776145808\n|switch|p2b: Meowscarada|Meowscarada, L50, F|100/100\n|turn|7\n|\n|t:|1776145835\n|move|p1b: Beedrill|U-turn|p2b: Meowscarada\n|-supereffective|p2b: Meowscarada|2\n|-enditem|p2b: Meowscarada|Focus Sash\n|-damage|p2b: Meowscarada|1/100\n|move|p2b: Meowscarada|Throat Chop|p1b: Beedrill\n|-start|p2b: Meowscarada|typechange|Dark|[from] ability: Protean\n|-damage|p1b: Beedrill|0 fnt\n|faint|p1b: Beedrill\n|move|p1a: Incineroar|Flare Blitz|p2b: Meowscarada\n|-damage|p2b: Meowscarada|0 fnt\n|faint|p2b: Meowscarada\n|-damage|p1a: Incineroar|9/100|[from] Recoil\n|\n|win|ShashKetchum\n|raw|ShashKetchum's rating: 1235 &rarr; <strong>1259</strong><br />(+24 for winning)\n|raw|w4toto's rating: 1226 &rarr; <strong>1202</strong><br />(-24 for losing)\n|l|\u2606w4toto\n|player|p2|\n",
  "uploadtime": 1776145947,
  "views": 32,
  "formatid": "gen9championsvgc2026regma",
  "rating": 1202,
  "private": 0,
  "password": null
}