{
  "id": "gen9championsvgc2026regma-2584732336",
  "format": "[Gen 9 Champions] VGC 2026 Reg M-A",
  "players": [
    "JustJakeyVGC",
    "DracovishGlazer"
  ],
  "log": "|j|\u2606JustJakeyVGC\n|j|\u2606DracovishGlazer\n|t:|1776279761\n|gametype|doubles\n|player|p1|JustJakeyVGC|101|1465\n|player|p2|DracovishGlazer|skier|1462\n|gen|9\n|tier|[Gen 9 Champions] VGC 2026 Reg M-A\n|rated|\n|rule|Species Clause: Limit one of each Pok\u00e9mon\n|rule|Item Clause: Limit 1 of each item\n|clearpoke\n|poke|p1|Whimsicott, L50, F|\n|poke|p1|Gengar, L50, M|\n|poke|p1|Incineroar, L50, M|\n|poke|p1|Basculegion, L50, M|\n|poke|p1|Sneasler, L50, M|\n|poke|p1|Farigiraf, L50, F|\n|poke|p2|Archaludon, L50, M|\n|poke|p2|Pelipper, L50, M|\n|poke|p2|Basculegion, L50, M|\n|poke|p2|Floette-Eternal, L50, F|\n|poke|p2|Kingambit, L50, F|\n|poke|p2|Dragonite, L50, F|\n|teampreview|4\n|inactive|Battle timer is ON: inactive players will automatically lose when time's up. (requested by DracovishGlazer)\n|\n|t:|1776279784\n|teamsize|p1|4\n|teamsize|p2|4\n|start\n|switch|p1a: Gengar|Gengar, L50, M|100/100\n|switch|p1b: Whimsicott|Whimsicott, L50, F|100/100\n|switch|p2a: Archaludon|Archaludon, L50, M|100/100\n|switch|p2b: Basculegion|Basculegion, L50, M|100/100\n|turn|1\n|inactive|DracovishGlazer has 30 seconds left.\n|\n|t:|1776279812\n|detailschange|p1a: Gengar|Gengar-Mega, L50, M\n|-mega|p1a: Gengar|Gengar|Gengarite\n|move|p1b: Whimsicott|Tailwind|p1b: Whimsicott\n|-sidestart|p1: JustJakeyVGC|move: Tailwind\n|move|p1a: Gengar|Shadow Ball|p2b: Basculegion\n|-supereffective|p2b: Basculegion|1\n|-damage|p2b: Basculegion|0 fnt\n|faint|p2b: Basculegion\n|move|p2a: Archaludon|Flash Cannon|p1b: Whimsicott\n|-supereffective|p1b: Whimsicott|1\n|-damage|p1b: Whimsicott|9/100\n|\n|upkeep\n|\n|t:|1776279821\n|switch|p2b: Pelipper|Pelipper, L50, M|100/100\n|-weather|RainDance|[from] ability: Drizzle|[of] p2b: Pelipper\n|turn|2\n|\n|t:|1776279832\n|move|p1b: Whimsicott|Encore|p2a: Archaludon\n|-start|p2a: Archaludon|Encore\n|move|p1a: Gengar|Disable|p2a: Archaludon\n|-start|p2a: Archaludon|Disable|Flash Cannon\n|cant|p2a: Archaludon|Disable|Flash Cannon\n|move|p2b: Pelipper|U-turn|p1a: Gengar\n|-resisted|p1a: Gengar|2\n|-damage|p1a: Gengar|98/100\n|\n|t:|1776279841\n|switch|p2b: Dragonite|Dragonite, L50, F|100/100|[from] U-turn\n|\n|-weather|RainDance|[upkeep]\n|upkeep\n|turn|3\n|inactive|JustJakeyVGC has 30 seconds left.\n|\n|t:|1776279872\n|detailschange|p2b: Dragonite|Dragonite-Mega, L50, F\n|-mega|p2b: Dragonite|Dragonite|Dragoninite\n|move|p1b: Whimsicott|Protect|p1b: Whimsicott\n|-singleturn|p1b: Whimsicott|Protect\n|move|p1a: Gengar|Protect|p1a: Gengar\n|-singleturn|p1a: Gengar|Protect\n|-activate|p2a: Archaludon|move: Struggle\n|move|p2a: Archaludon|Struggle|p1b: Whimsicott\n|-activate|p1b: Whimsicott|move: Protect\n|move|p2b: Dragonite|Hurricane|p1a: Gengar\n|-activate|p1a: Gengar|move: Protect\n|\n|-weather|RainDance|[upkeep]\n|upkeep\n|turn|4\n|\n|t:|1776279884\n|move|p1b: Whimsicott|Encore|p2b: Dragonite\n|-start|p2b: Dragonite|Encore\n|move|p1a: Gengar|Disable|p2b: Dragonite\n|-start|p2b: Dragonite|Disable|Hurricane\n|-activate|p2a: Archaludon|move: Struggle\n|move|p2a: Archaludon|Struggle|p1a: Gengar\n|-crit|p1a: Gengar\n|-damage|p1a: Gengar|79/100\n|-damage|p2a: Archaludon|76/100|[from] recoil\n|cant|p2b: Dragonite|Disable|Hurricane\n|\n|-weather|RainDance|[upkeep]\n|-end|p2a: Archaludon|Encore\n|-sideend|p1: JustJakeyVGC|move: Tailwind\n|upkeep\n|turn|5\n|-message|DracovishGlazer forfeited.\n|\n|win|JustJakeyVGC\n|raw|JustJakeyVGC's rating: 1465 &rarr; <strong>1485</strong><br />(+20 for winning)\n|raw|DracovishGlazer's rating: 1462 &rarr; <strong>1442</strong><br />(-20 for losing)\n|l|\u2606DracovishGlazer\n|player|p2|\n",
  "uploadtime": 1776279910,
  "views": 48,
  "formatid": "gen9championsvgc2026regma",
  "rating": 1442,
  "private": 0,
  "password": null
}