{
  "id": "gen9championsvgc2026regma-2585707527",
  "format": "[Gen 9 Champions] VGC 2026 Reg M-A",
  "players": [
    "ToxicMilkCookie78",
    "fumbari 24"
  ],
  "log": "|j|\u2606ToxicMilkCookie78\n|j|\u2606fumbari 24\n|t:|1776365093\n|gametype|doubles\n|player|p1|ToxicMilkCookie78|cynthia|1010\n|player|p2|fumbari 24|ghetsis|1110\n|gen|9\n|tier|[Gen 9 Champions] VGC 2026 Reg M-A\n|rated|\n|rule|Species Clause: Limit one of each Pok\u00e9mon\n|rule|Item Clause: Limit 1 of each item\n|clearpoke\n|poke|p1|Victreebel, L50, F|\n|poke|p1|Charizard, L50, M|\n|poke|p1|Garchomp, L50, M|\n|poke|p1|Basculegion, L50, M|\n|poke|p1|Sneasler, L50, M|\n|poke|p1|Incineroar, L50, M|\n|poke|p2|Blastoise, L50, M|\n|poke|p2|Raichu, L50, M|\n|poke|p2|Pelipper, L50, M|\n|poke|p2|Sinistcha, L50|\n|poke|p2|Archaludon, L50, M|\n|poke|p2|Lycanroc-Dusk, L50, M|\n|teampreview|4\n|inactive|Battle timer is ON: inactive players will automatically lose when time's up. (requested by fumbari 24)\n|\n|t:|1776365130\n|teamsize|p1|4\n|teamsize|p2|4\n|start\n|switch|p1a: Joker|Charizard, L50, M, shiny|100/100\n|switch|p1b: Oracle|Victreebel, L50, F|100/100\n|switch|p2a: Tremor|Lycanroc-Dusk, L50, M|100/100\n|switch|p2b: Pippins|Raichu, L50, M|100/100\n|turn|1\n|inactive|ToxicMilkCookie78 has 30 seconds left.\n|inactive|ToxicMilkCookie78 has 20 seconds left.\n|inactive|ToxicMilkCookie78 has 15 seconds left.\n|inactive|ToxicMilkCookie78 has 10 seconds left.\n|\n|t:|1776365179\n|detailschange|p1a: Joker|Charizard-Mega-Y, L50, M, shiny\n|-mega|p1a: Joker|Charizard|Charizardite Y\n|-weather|SunnyDay|[from] ability: Drought|[of] p1a: Joker\n|move|p2b: Pippins|Fake Out|p1b: Oracle\n|-damage|p1b: Oracle|86/100\n|move|p2a: Tremor|Accelerock|p1a: Joker\n|-supereffective|p1a: Joker|2\n|-damage|p1a: Joker|0 fnt\n|faint|p1a: Joker\n|cant|p1b: Oracle|flinch\n|\n|-weather|SunnyDay|[upkeep]\n|upkeep\n|\n|t:|1776365195\n|switch|p1a: Noir|Basculegion, L50, M|100/100\n|turn|2\n|\n|t:|1776365211\n|move|p2a: Tremor|Protect|p2a: Tremor\n|-singleturn|p2a: Tremor|Protect\n|move|p1a: Noir|Aqua Jet|p2a: Tremor\n|-activate|p2a: Tremor|move: Protect\n|move|p1b: Oracle|Power Whip|p2a: Tremor\n|-activate|p2a: Tremor|move: Protect\n|move|p2b: Pippins|Electroweb|p1b: Oracle|[spread] p1a,p1b\n|-supereffective|p1a: Noir|1\n|-resisted|p1b: Oracle|1\n|-damage|p1a: Noir|73/100\n|-damage|p1b: Oracle|75/100\n|-unboost|p1a: Noir|spe|1\n|-unboost|p1b: Oracle|spe|1\n|\n|-weather|SunnyDay|[upkeep]\n|upkeep\n|turn|3\n|inactive|ToxicMilkCookie78 has 30 seconds left.\n|\n|t:|1776365242\n|move|p2a: Tremor|Accelerock|p1a: Noir\n|-damage|p1a: Noir|39/100\n|move|p1a: Noir|Aqua Jet|p2a: Tremor\n|-supereffective|p2a: Tremor|1\n|-damage|p2a: Tremor|61/100\n|move|p1b: Oracle|Poison Jab|p2b: Pippins\n|-damage|p2b: Pippins|54/100\n|-status|p2b: Pippins|psn\n|move|p2b: Pippins|Electroweb|p1b: Oracle|[spread] p1a,p1b\n|-supereffective|p1a: Noir|1\n|-resisted|p1b: Oracle|1\n|-damage|p1a: Noir|7/100\n|-damage|p1b: Oracle|65/100\n|-unboost|p1a: Noir|spe|1\n|-unboost|p1b: Oracle|spe|1\n|\n|-weather|SunnyDay|[upkeep]\n|-damage|p2b: Pippins|42/100 psn|[from] psn\n|upkeep\n|turn|4\n|inactive|ToxicMilkCookie78 has 30 seconds left.\n|inactive|fumbari 24 has 30 seconds left.\n|\n|t:|1776365275\n|move|p1a: Noir|Aqua Jet|p2a: Tremor\n|-supereffective|p2a: Tremor|1\n|-damage|p2a: Tremor|25/100\n|move|p2b: Pippins|Electroweb|p1a: Noir|[spread] p1a\n|-miss|p2b: Pippins|p1b: Oracle\n|-supereffective|p1a: Noir|1\n|-damage|p1a: Noir|0 fnt\n|faint|p1a: Noir\n|move|p2a: Tremor|Rock Slide|p1b: Oracle|[miss]\n|-miss|p2a: Tremor|p1b: Oracle\n|move|p1b: Oracle|Power Whip|p2a: Tremor\n|-supereffective|p2a: Tremor|1\n|-damage|p2a: Tremor|0 fnt\n|faint|p2a: Tremor\n|\n|-weather|SunnyDay|[upkeep]\n|-damage|p2b: Pippins|29/100 psn|[from] psn\n|upkeep\n|\n|t:|1776365294\n|switch|p2a: MineMine|Pelipper, L50, M|100/100\n|switch|p1a: Mona|Sneasler, L50, M|100/100\n|-weather|RainDance|[from] ability: Drizzle|[of] p2a: MineMine\n|turn|5\n|inactive|ToxicMilkCookie78 has 30 seconds left.\n|inactive|ToxicMilkCookie78 has 20 seconds left.\n|inactive|ToxicMilkCookie78 has 15 seconds left.\n|inactive|ToxicMilkCookie78 has 10 seconds left.\n|\n|t:|1776365343\n|move|p2a: MineMine|Protect|p2a: MineMine\n|-singleturn|p2a: MineMine|Protect\n|move|p1a: Mona|Fake Out|p2b: Pippins\n|-damage|p2b: Pippins|9/100 psn\n|cant|p2b: Pippins|flinch\n|move|p1b: Oracle|Power Whip|p2a: MineMine\n|-activate|p2a: MineMine|move: Protect\n|\n|-weather|RainDance|[upkeep]\n|-damage|p2b: Pippins|0 fnt|[from] psn\n|faint|p2b: Pippins\n|upkeep\n|\n|t:|1776365348\n|switch|p2b: Harbor|Blastoise, L50, M|100/100\n|turn|6\n|inactive|ToxicMilkCookie78 has 30 seconds left.\n|\n|t:|1776365377\n|move|p2b: Harbor|Protect|p2b: Harbor\n|-singleturn|p2b: Harbor|Protect\n|move|p1a: Mona|Dire Claw|p2b: Harbor\n|-activate|p2b: Harbor|move: Protect\n|move|p2a: MineMine|Tailwind|p2a: MineMine\n|-sidestart|p2: fumbari 24|move: Tailwind\n|move|p1b: Oracle|Power Whip|p2a: MineMine\n|-damage|p2a: MineMine|43/100\n|\n|-weather|RainDance|[upkeep]\n|upkeep\n|turn|7\n|\n|t:|1776365400\n|detailschange|p2b: Harbor|Blastoise-Mega, L50, M\n|-mega|p2b: Harbor|Blastoise|Blastoisinite\n|move|p2b: Harbor|Water Spout|p1b: Oracle|[spread] p1a,p1b\n|-resisted|p1b: Oracle|1\n|-damage|p1a: Mona|0 fnt\n|-damage|p1b: Oracle|0 fnt\n|faint|p1a: Mona\n|faint|p1b: Oracle\n|\n|win|fumbari 24\n|raw|ToxicMilkCookie78's rating: 1010 &rarr; <strong>1002</strong><br />(-8 for losing)\n|raw|fumbari 24's rating: 1110 &rarr; <strong>1128</strong><br />(+18 for winning)\n|c|\u2606ToxicMilkCookie78|Ggs\n|l|\u2606ToxicMilkCookie78\n|player|p1|\n",
  "uploadtime": 1776365430,
  "views": 22,
  "formatid": "gen9championsvgc2026regma",
  "rating": 1002,
  "private": 0,
  "password": null
}