{
  "id": "gen9championsvgc2026regma-2581453020",
  "format": "[Gen 9 Champions] VGC 2026 Reg M-A",
  "players": [
    "destructionleon",
    "Jeremykhoo"
  ],
  "log": "|j|\u2606destructionleon\n|j|\u2606Jeremykhoo\n|t:|1776001880\n|gametype|doubles\n|player|p1|destructionleon|alder|1058\n|player|p2|Jeremykhoo|266|1029\n|gen|9\n|tier|[Gen 9 Champions] VGC 2026 Reg M-A\n|rated|\n|rule|Species Clause: Limit one of each Pok\u00e9mon\n|rule|Item Clause: Limit 1 of each item\n|clearpoke\n|poke|p1|Sharpedo, L50, M|\n|poke|p1|Maushold, L50|\n|poke|p1|Sneasler, L50, F|\n|poke|p1|Hatterene, L50, F|\n|poke|p1|Lopunny, L50, F|\n|poke|p1|Whimsicott, L50, F|\n|poke|p2|Tyranitar, L50, F|\n|poke|p2|Whimsicott, L50, F|\n|poke|p2|Aggron, L50, F|\n|poke|p2|Drampa, L50, M|\n|poke|p2|Sylveon, L50, M|\n|poke|p2|Arcanine, L50, M|\n|teampreview|4\n|inactive|Battle timer is ON: inactive players will automatically lose when time's up. (requested by destructionleon)\n|inactive|Jeremykhoo has 60 seconds left.\n|\n|t:|1776001918\n|teamsize|p1|4\n|teamsize|p2|4\n|start\n|switch|p1a: Sharpedo|Sharpedo, L50, M|100/100\n|switch|p1b: Whimsicott|Whimsicott, L50, F|100/100\n|switch|p2a: Whimsicott|Whimsicott, L50, F|100/100\n|switch|p2b: Aggron|Aggron, L50, F|100/100\n|turn|1\n|\n|t:|1776001942\n|move|p1a: Sharpedo|Protect|p1a: Sharpedo\n|-singleturn|p1a: Sharpedo|Protect\n|move|p2a: Whimsicott|Tailwind|p2a: Whimsicott\n|-sidestart|p2: Jeremykhoo|move: Tailwind\n|move|p1b: Whimsicott|Tailwind|p1b: Whimsicott\n|-sidestart|p1: destructionleon|move: Tailwind\n|move|p2b: Aggron|Iron Defense|p2b: Aggron\n|-boost|p2b: Aggron|def|2\n|\n|-ability|p1a: Sharpedo|Speed Boost|boost\n|-boost|p1a: Sharpedo|spe|1\n|upkeep\n|turn|2\n|\n|t:|1776001966\n|detailschange|p1a: Sharpedo|Sharpedo-Mega, L50, M\n|-mega|p1a: Sharpedo|Sharpedo|Sharpedonite\n|move|p1b: Whimsicott|Encore|p2b: Aggron\n|-start|p2b: Aggron|Encore\n|move|p1a: Sharpedo|Ice Fang|p2a: Whimsicott\n|-supereffective|p2a: Whimsicott|1\n|-damage|p2a: Whimsicott|1/100\n|cant|p2a: Whimsicott|flinch\n|move|p2b: Aggron|Iron Defense|p2b: Aggron\n|-boost|p2b: Aggron|def|2\n|\n|upkeep\n|turn|3\n|\n|t:|1776001990\n|switch|p2a: Arcanine|Arcanine, L50, M|100/100\n|-ability|p2a: Arcanine|Intimidate|boost\n|-unboost|p1a: Sharpedo|atk|1\n|-unboost|p1b: Whimsicott|atk|1\n|switch|p1b: Hatterene|Hatterene, L50, F|100/100\n|move|p1a: Sharpedo|Ice Fang|p2a: Arcanine\n|-resisted|p2a: Arcanine|1\n|-damage|p2a: Arcanine|87/100\n|-status|p2a: Arcanine|frz\n|move|p2b: Aggron|Iron Defense|p2b: Aggron\n|-boost|p2b: Aggron|def|2\n|\n|upkeep\n|turn|4\n|\n|t:|1776002014\n|switch|p1a: Sneasler|Sneasler, L50, F|100/100\n|-curestatus|p2a: Arcanine|frz|[from] move: Flare Blitz\n|move|p2a: Arcanine|Flare Blitz|p1b: Hatterene\n|-damage|p1b: Hatterene|43/100\n|-damage|p2a: Arcanine|71/100|[from] Recoil\n|move|p2b: Aggron|Iron Defense|p2b: Aggron\n|-boost|p2b: Aggron|def|0\n|move|p1b: Hatterene|Psychic|p2b: Aggron\n|-resisted|p2b: Aggron|1\n|-damage|p2b: Aggron|72/100\n|\n|-end|p2b: Aggron|Encore\n|-sideend|p1: destructionleon|move: Tailwind\n|-sideend|p2: Jeremykhoo|move: Tailwind\n|upkeep\n|turn|5\n|inactive|Jeremykhoo has 30 seconds left.\n|inactive|Jeremykhoo has 20 seconds left.\n|inactive|Jeremykhoo has 15 seconds left.\n|inactive|Jeremykhoo has 10 seconds left.\n|\n|t:|1776002060\n|move|p1a: Sneasler|Fake Out|p2b: Aggron\n|-resisted|p2b: Aggron|2\n|-damage|p2b: Aggron|71/100\n|move|p2a: Arcanine|Flare Blitz|p1a: Sneasler\n|-damage|p1a: Sneasler|25/100\n|-status|p1a: Sneasler|brn\n|-damage|p2a: Arcanine|51/100|[from] Recoil\n|cant|p2b: Aggron|flinch\n|move|p1b: Hatterene|Psychic|p2b: Aggron\n|-resisted|p2b: Aggron|1\n|-damage|p2b: Aggron|44/100\n|\n|-damage|p1a: Sneasler|20/100 brn|[from] brn\n|upkeep\n|turn|6\n|\n|t:|1776002084\n|move|p1a: Sneasler|Dire Claw|p2a: Arcanine\n|-damage|p2a: Arcanine|28/100\n|move|p2a: Arcanine|Flare Blitz|p1b: Hatterene\n|-damage|p1b: Hatterene|0 fnt\n|faint|p1b: Hatterene\n|-damage|p2a: Arcanine|16/100|[from] Recoil\n|move|p2b: Aggron|Heavy Slam|p1a: Sneasler\n|-crit|p1a: Sneasler\n|-damage|p1a: Sneasler|0 fnt\n|faint|p1a: Sneasler\n|\n|upkeep\n|\n|t:|1776002093\n|switch|p1a: Sharpedo|Sharpedo-Mega, L50, M|100/100\n|switch|p1b: Whimsicott|Whimsicott, L50, F|100/100\n|turn|7\n|\n|t:|1776002113\n|move|p1b: Whimsicott|Encore|p2b: Aggron\n|-start|p2b: Aggron|Encore\n|move|p1a: Sharpedo|Liquidation|p2a: Arcanine\n|-supereffective|p2a: Arcanine|1\n|-damage|p2a: Arcanine|0 fnt\n|faint|p2a: Arcanine\n|move|p2b: Aggron|Heavy Slam|p1a: Sharpedo\n|-resisted|p1a: Sharpedo|1\n|-damage|p1a: Sharpedo|83/100\n|\n|upkeep\n|\n|t:|1776002124\n|switch|p2a: Whimsicott|Whimsicott, L50, F|1/100\n|turn|8\n|\n|t:|1776002132\n|move|p2a: Whimsicott|Tailwind|p2a: Whimsicott\n|-sidestart|p2: Jeremykhoo|move: Tailwind\n|move|p1a: Sharpedo|Ice Fang|p2a: Whimsicott\n|-supereffective|p2a: Whimsicott|1\n|-crit|p2a: Whimsicott\n|-damage|p2a: Whimsicott|0 fnt\n|faint|p2a: Whimsicott\n|move|p2b: Aggron|Heavy Slam|p1b: Whimsicott\n|-supereffective|p1b: Whimsicott|1\n|-damage|p1b: Whimsicott|21/100\n|move|p1b: Whimsicott|Moonblast|p2b: Aggron\n|-resisted|p2b: Aggron|1\n|-damage|p2b: Aggron|30/100\n|\n|upkeep\n|\n|t:|1776002144\n|switch|p2a: Sylveon|Sylveon, L50, M|100/100\n|turn|9\n|\n|t:|1776002160\n|move|p1b: Whimsicott|Tailwind|p1b: Whimsicott\n|-sidestart|p1: destructionleon|move: Tailwind\n|move|p1a: Sharpedo|Crunch|p2b: Aggron\n|-damage|p2b: Aggron|20/100\n|move|p2a: Sylveon|Hyper Voice|p1b: Whimsicott|[spread] p1a,p1b\n|-supereffective|p1a: Sharpedo|1\n|-damage|p1a: Sharpedo|0 fnt\n|-damage|p1b: Whimsicott|0 fnt\n|faint|p1a: Sharpedo\n|faint|p1b: Whimsicott\n|\n|win|Jeremykhoo\n|raw|destructionleon's rating: 1058 &rarr; <strong>1038</strong><br />(-20 for losing)\n|raw|Jeremykhoo's rating: 1029 &rarr; <strong>1068</strong><br />(+39 for winning)\n|l|\u2606destructionleon\n|player|p1|\n",
  "uploadtime": 1776002171,
  "views": 19,
  "formatid": "gen9championsvgc2026regma",
  "rating": 1038,
  "private": 0,
  "password": null
}