{
  "id": "gen9championsvgc2026regma-2581662337",
  "format": "[Gen 9 Champions] VGC 2026 Reg M-A",
  "players": [
    "actuary97",
    "dhormigo"
  ],
  "log": "|j|\u2606actuary97\n|j|\u2606dhormigo\n|t:|1776018865\n|gametype|doubles\n|player|p1|actuary97|sabrina-frlg|1267\n|player|p2|dhormigo|red|1226\n|gen|9\n|tier|[Gen 9 Champions] VGC 2026 Reg M-A\n|rated|\n|rule|Species Clause: Limit one of each Pok\u00e9mon\n|rule|Item Clause: Limit 1 of each item\n|clearpoke\n|poke|p1|Tyranitar, L50, M|\n|poke|p1|Gallade, L50, M|\n|poke|p1|Sinistcha, L50|\n|poke|p1|Corviknight, L50, M|\n|poke|p1|Incineroar, L50, F|\n|poke|p1|Alakazam, L50, F|\n|poke|p2|Sableye, L50, M|\n|poke|p2|Venusaur, L50, M|\n|poke|p2|Charizard, L50, M|\n|poke|p2|Corviknight, L50, F|\n|poke|p2|Rotom-Wash, L50|\n|poke|p2|Garchomp, L50, F|\n|teampreview|4\n|\n|t:|1776018903\n|teamsize|p1|4\n|teamsize|p2|4\n|start\n|switch|p1a: Corviknight|Corviknight, L50, M|100/100\n|switch|p1b: Incineroar|Incineroar, L50, F|100/100\n|switch|p2a: Sableye|Sableye, L50, M, shiny|100/100\n|switch|p2b: Rotom|Rotom-Wash, L50|100/100\n|-ability|p1b: Incineroar|Intimidate|boost\n|-unboost|p2a: Sableye|atk|1\n|-unboost|p2b: Rotom|atk|1\n|turn|1\n|inactive|Battle timer is ON: inactive players will automatically lose when time's up. (requested by dhormigo)\n|inactive|dhormigo has 60 seconds left.\n|\n|t:|1776018947\n|switch|p2b: Corviknight|Corviknight, L50, F|100/100\n|switch|p1a: Tyranitar|Tyranitar, L50, M, shiny|100/100\n|-weather|Sandstorm|[from] ability: Sand Stream|[of] p1a: Tyranitar\n|move|p1b: Incineroar|Fake Out|p2b: Corviknight\n|-resisted|p2b: Corviknight|1\n|-damage|p2b: Corviknight|96/100\n|move|p2a: Sableye|Will-O-Wisp|p1a: Tyranitar\n|-hint|Since gen 7, Dark is immune to Prankster moves.\n|-immune|p1a: Tyranitar\n|\n|-weather|Sandstorm|[upkeep]\n|-damage|p1b: Incineroar|95/100|[from] Sandstorm\n|-damage|p2a: Sableye|94/100|[from] Sandstorm\n|-heal|p2b: Corviknight|100/100|[from] item: Leftovers\n|upkeep\n|turn|2\n|inactive|actuary97 has 30 seconds left.\n|\n|t:|1776018976\n|switch|p2a: Garchomp|Garchomp, L50, F|100/100\n|move|p1a: Tyranitar|Dragon Dance|p1a: Tyranitar\n|-boost|p1a: Tyranitar|atk|1\n|-boost|p1a: Tyranitar|spe|1\n|move|p2b: Corviknight|Tailwind|p2b: Corviknight\n|-sidestart|p2: dhormigo|move: Tailwind\n|move|p1b: Incineroar|Will-O-Wisp|p2b: Corviknight\n|-status|p2b: Corviknight|brn\n|\n|-weather|Sandstorm|[upkeep]\n|-damage|p1b: Incineroar|89/100|[from] Sandstorm\n|-damage|p2b: Corviknight|95/100 brn|[from] brn\n|upkeep\n|turn|3\n|\n|t:|1776019000\n|move|p2a: Garchomp|Protect|p2a: Garchomp\n|-singleturn|p2a: Garchomp|Protect\n|move|p1a: Tyranitar|Protect|p1a: Tyranitar\n|-singleturn|p1a: Tyranitar|Protect\n|move|p2b: Corviknight|Iron Head|p1a: Tyranitar\n|-activate|p1a: Tyranitar|move: Protect\n|move|p1b: Incineroar|Will-O-Wisp|p2a: Garchomp\n|-activate|p2a: Garchomp|move: Protect\n|\n|-weather|Sandstorm|[upkeep]\n|-damage|p1b: Incineroar|83/100|[from] Sandstorm\n|-heal|p2b: Corviknight|100/100 brn|[from] item: Leftovers\n|-damage|p2b: Corviknight|95/100 brn|[from] brn\n|upkeep\n|turn|4\n|\n|t:|1776019017\n|switch|p2a: Rotom|Rotom-Wash, L50|100/100\n|detailschange|p1a: Tyranitar|Tyranitar-Mega, L50, M, shiny\n|-mega|p1a: Tyranitar|Tyranitar|Tyranitarite\n|move|p2b: Corviknight|Iron Head|p1a: Tyranitar\n|-supereffective|p1a: Tyranitar|1\n|-damage|p1a: Tyranitar|84/100\n|cant|p1a: Tyranitar|flinch\n|move|p1b: Incineroar|Will-O-Wisp|p2a: Rotom\n|-status|p2a: Rotom|brn\n|\n|-weather|Sandstorm|[upkeep]\n|-damage|p2a: Rotom|94/100 brn|[from] Sandstorm\n|-damage|p1b: Incineroar|77/100|[from] Sandstorm\n|-heal|p2b: Corviknight|100/100 brn|[from] item: Leftovers\n|-damage|p2a: Rotom|88/100 brn|[from] brn\n|-damage|p2b: Corviknight|95/100 brn|[from] brn\n|upkeep\n|turn|5\n|\n|t:|1776019040\n|move|p2a: Rotom|Hydro Pump|p1b: Incineroar\n|-supereffective|p1b: Incineroar|1\n|-damage|p1b: Incineroar|0 fnt\n|faint|p1b: Incineroar\n|move|p2b: Corviknight|Brave Bird|p1a: Tyranitar\n|-resisted|p1a: Tyranitar|1\n|-damage|p1a: Tyranitar|78/100\n|-damage|p2b: Corviknight|93/100 brn|[from] Recoil\n|move|p1a: Tyranitar|Rock Slide|p2b: Corviknight|[spread] p2a,p2b\n|-damage|p2a: Rotom|23/100 brn\n|-damage|p2b: Corviknight|55/100 brn\n|\n|-weather|none\n|-heal|p2b: Corviknight|60/100 brn|[from] item: Leftovers\n|-damage|p2a: Rotom|17/100 brn|[from] brn\n|-damage|p2b: Corviknight|55/100 brn|[from] brn\n|-sideend|p2: dhormigo|move: Tailwind\n|upkeep\n|\n|t:|1776019053\n|switch|p1b: Gallade|Gallade, L50, M, shiny|100/100\n|turn|6\n|\n|t:|1776019064\n|switch|p2a: Garchomp|Garchomp, L50, F|100/100\n|switch|p2b: Sableye|Sableye, L50, M, shiny|94/100\n|move|p1a: Tyranitar|Rock Slide|p2a: Garchomp|[spread] p2a\n|-miss|p1a: Tyranitar|p2b: Sableye\n|-resisted|p2a: Garchomp|1\n|-damage|p2a: Garchomp|76/100\n|move|p1b: Gallade|Sacred Sword|p2b: Sableye\n|-immune|p2b: Sableye\n|\n|upkeep\n|turn|7\n|\n|t:|1776019087\n|move|p2a: Garchomp|Protect|p2a: Garchomp\n|-singleturn|p2a: Garchomp|Protect\n|move|p1b: Gallade|Protect|p1b: Gallade\n|-singleturn|p1b: Gallade|Protect\n|move|p2b: Sableye|Will-O-Wisp|p1b: Gallade\n|-activate|p1b: Gallade|move: Protect\n|move|p1a: Tyranitar|Knock Off|p2b: Sableye\n|-damage|p2b: Sableye|3/100\n|-enditem|p2b: Sableye|Focus Sash|[from] move: Knock Off|[of] p1a: Tyranitar\n|\n|upkeep\n|turn|8\n|\n|t:|1776019103\n|switch|p2a: Corviknight|Corviknight, L50, F|55/100 brn\n|switch|p1b: Corviknight|Corviknight, L50, M|100/100\n|move|p2b: Sableye|Will-O-Wisp|p1b: Corviknight|[miss]\n|-miss|p2b: Sableye|p1b: Corviknight\n|move|p1a: Tyranitar|Rock Slide|p2a: Corviknight|[spread] p2b\n|-miss|p1a: Tyranitar|p2a: Corviknight\n|-damage|p2b: Sableye|0 fnt\n|faint|p2b: Sableye\n|\n|-heal|p2a: Corviknight|60/100 brn|[from] item: Leftovers\n|-damage|p2a: Corviknight|55/100 brn|[from] brn\n|upkeep\n|\n|t:|1776019120\n|switch|p2b: Garchomp|Garchomp, L50, F|76/100\n|turn|9\n|\n|t:|1776019130\n|move|p1a: Tyranitar|Protect|p1a: Tyranitar\n|-singleturn|p1a: Tyranitar|Protect\n|move|p2b: Garchomp|Protect|p2b: Garchomp\n|-singleturn|p2b: Garchomp|Protect\n|move|p2a: Corviknight|Roost|p2a: Corviknight\n|-heal|p2a: Corviknight|100/100 brn\n|-singleturn|p2a: Corviknight|move: Roost\n|move|p1b: Corviknight|Bulk Up|p1b: Corviknight\n|-boost|p1b: Corviknight|atk|1\n|-boost|p1b: Corviknight|def|1\n|\n|-damage|p2a: Corviknight|95/100 brn|[from] brn\n|upkeep\n|turn|10\n|\n|t:|1776019146\n|move|p1a: Tyranitar|Knock Off|p2b: Garchomp\n|-damage|p2b: Garchomp|0 fnt\n|-damage|p1a: Tyranitar|66/100|[from] ability: Rough Skin|[of] p2b: Garchomp\n|-enditem|p2b: Garchomp|Soft Sand|[from] move: Knock Off|[of] p1a: Tyranitar\n|faint|p2b: Garchomp\n|move|p2a: Corviknight|Tailwind|p2a: Corviknight\n|-sidestart|p2: dhormigo|move: Tailwind\n|move|p1b: Corviknight|Tailwind|p1b: Corviknight\n|-sidestart|p1: actuary97|move: Tailwind\n|\n|-heal|p2a: Corviknight|100/100 brn|[from] item: Leftovers\n|-damage|p2a: Corviknight|95/100 brn|[from] brn\n|upkeep\n|-message|dhormigo forfeited.\n|\n|win|actuary97\n|raw|actuary97's rating: 1267 &rarr; <strong>1289</strong><br />(+22 for winning)\n|raw|dhormigo's rating: 1226 &rarr; <strong>1204</strong><br />(-22 for losing)\n|l|\u2606dhormigo\n|player|p2|\n",
  "uploadtime": 1776019165,
  "views": 41,
  "formatid": "gen9championsvgc2026regma",
  "rating": 1204,
  "private": 0,
  "password": null
}